|j|☆sbhaga34
|j|☆ButterisBetter
|html|sbhaga34ButterisBetter    
|uhtml|bestof|Game 2 of a best-of-3
|t:|1784604326
|gametype|doubles
|player|p1|sbhaga34|hugh|1393
|player|p2|ButterisBetter|ethan|1231
|gen|9
|tier|[Gen 9 Champions] VGC 2026 Reg M-B (Bo3)
|rated|
|rule|Species Clause: Limit one of each Pokémon
|rule|Item Clause: Limit 1 of each item
|clearpoke
|poke|p1|Excadrill, L50, F|
|poke|p1|Tyranitar, L50, M|
|poke|p1|Corviknight, L50, M|
|poke|p1|Rotom-Wash, L50|
|poke|p1|Chandelure, L50, F|
|poke|p1|Scovillain, L50, F|
|poke|p2|Charizard, L50, F|
|poke|p2|Whimsicott, L50, M|
|poke|p2|Sneasler, L50, F|
|poke|p2|Venusaur, L50, M|
|poke|p2|Dragonite, L50, M|
|poke|p2|Blastoise, L50, M|
|teampreview|4
|showteam|p1|Excadrill||FocusSash|SandRush|Earthquake,IronHead,SwordsDance,Protect|Adamant||F|||50|]Tyranitar||Tyranitarite|SandStream|RockSlide,KnockOff,LowKick,Protect|Adamant||M|||50|]Corviknight||SharpBeak|MirrorArmor|BraveBird,Tailwind,BulkUp,Roost|Careful||M|||50|]Rotom-Wash||ChoiceScarf|Levitate|VoltSwitch,Thunderbolt,Electroweb,HydroPump|Timid|||||50|]Chandelure||ShucaBerry|FlashFire|HeatWave,ShadowBall,TrickRoom,Protect|Modest||F|||50|]Scovillain||Scovillainite|Chlorophyll|RagePowder,Overheat,GigaDrain,Protect|Calm||F|||50|
|showteam|p2|Charizard||CharizarditeY|SolarPower|HeatWave,SolarBeam,FocusBlast,Protect|Timid||F|||50|]Whimsicott||FocusSash|Prankster|Moonblast,Tailwind,Encore,FakeTears|Bold||M|||50|]Sneasler||WhiteHerb|Unburden|DireClaw,CloseCombat,ThroatChop,FakeOut|Adamant||F|||50|]Venusaur||WideLens|Chlorophyll|GigaDrain,EarthPower,SleepPowder,Protect|Modest||M|||50|]Dragonite||Dragoninite|Multiscale|DragonPulse,Thunderbolt,Flamethrower,Tailwind|Modest||M|||50|]Blastoise||Blastoisinite|Torrent|WaterSpout,AuraSphere,ShellSmash,Protect|Modest||M|||50|
|inactive|Battle timer is ON: inactive players will automatically lose when time's up. (requested by sbhaga34)
|inactive|sbhaga34 has 60 seconds left.
|
|t:|1784604393
|teamsize|p1|4
|teamsize|p2|4
|start
|switch|p1a: Rotom|Rotom-Wash, L50|100/100
|switch|p1b: Chandelure|Chandelure, L50, F|100/100
|switch|p2a: Charizard|Charizard, L50, F|100/100
|switch|p2b: Sneasler|Sneasler, L50, F|100/100
|turn|1
|inactive|sbhaga34 has 30 seconds left.
|inactive|sbhaga34 has 20 seconds left.
|
|t:|1784604432
|switch|p1a: Excadrill|Excadrill, L50, F|100/100
|switch|p2a: Whimsicott|Whimsicott, L50, M|100/100
|move|p2b: Sneasler|Throat Chop|p1b: Chandelure
|-supereffective|p1b: Chandelure|1
|-damage|p1b: Chandelure|23/100
|-start|p1b: Chandelure|Throat Chop|[silent]
|move|p1b: Chandelure|Trick Room|p1b: Chandelure
|-fieldstart|move: Trick Room|[of] p1b: Chandelure
|
|upkeep
|turn|2
|
|t:|1784604447
|switch|p2b: Charizard|Charizard, L50, F|100/100
|move|p1b: Chandelure|Protect|p1b: Chandelure
|-singleturn|p1b: Chandelure|Protect
|move|p2a: Whimsicott|Encore|p1b: Chandelure
|-activate|p1b: Chandelure|move: Protect
|move|p1a: Excadrill|Iron Head|p2a: Whimsicott
|-supereffective|p2a: Whimsicott|1
|-damage|p2a: Whimsicott|17/100
|
|-end|p1b: Chandelure|Throat Chop|[silent]
|upkeep
|turn|3
|inactive|sbhaga34 has 30 seconds left.
|
|t:|1784604477
|switch|p1b: Tyranitar|Tyranitar, L50, M|100/100
|-weather|Sandstorm|[from] ability: Sand Stream|[of] p1b: Tyranitar
|detailschange|p2b: Charizard|Charizard-Mega-Y, L50, F
|-mega|p2b: Charizard|Charizard|Charizardite Y
|-weather|SunnyDay|[from] ability: Drought|[of] p2b: Charizard
|move|p1a: Excadrill|Protect|p1a: Excadrill
|-singleturn|p1a: Excadrill|Protect
|move|p2a: Whimsicott|Encore|p1b: Tyranitar
|-hint|Since gen 7, Dark is immune to Prankster moves.
|-immune|p1b: Tyranitar
|move|p2b: Charizard|Heat Wave|p1b: Tyranitar|[spread] p1b
|-activate|p1a: Excadrill|move: Protect
|-resisted|p1b: Tyranitar|1
|-damage|p1b: Tyranitar|71/100
|
|-weather|SunnyDay|[upkeep]
|upkeep
|turn|4
|inactive|ButterisBetter has 30 seconds left.
|inactive|ButterisBetter has 20 seconds left.
|
|t:|1784604512
|switch|p1a: Chandelure|Chandelure, L50, F|23/100
|move|p2b: Charizard|Protect|p2b: Charizard
|-singleturn|p2b: Charizard|Protect
|move|p1b: Tyranitar|Rock Slide|p2b: Charizard|[spread] p2a
|-activate|p2b: Charizard|move: Protect
|-damage|p2a: Whimsicott|0 fnt
|faint|p2a: Whimsicott
|
|-weather|SunnyDay|[upkeep]
|upkeep
|
|t:|1784604518
|switch|p2a: Sneasler|Sneasler, L50, F|100/100
|turn|5
|inactive|sbhaga34 has 30 seconds left.
|
|t:|1784604547
|move|p1b: Tyranitar|Protect|p1b: Tyranitar
|-singleturn|p1b: Tyranitar|Protect
|move|p2a: Sneasler|Fake Out|p1b: Tyranitar
|-activate|p1b: Tyranitar|move: Protect
|move|p1a: Chandelure|Heat Wave|p2b: Charizard|[spread] p2a
|-miss|p1a: Chandelure|p2b: Charizard
|-damage|p2a: Sneasler|15/100
|move|p2b: Charizard|Focus Blast|p1b: Tyranitar
|-activate|p1b: Tyranitar|move: Protect
|
|-weather|SunnyDay|[upkeep]
|-fieldend|move: Trick Room
|upkeep
|turn|6
|
|t:|1784604569
|switch|p1b: Rotom|Rotom-Wash, L50|100/100
|move|p2a: Sneasler|Throat Chop|p1a: Chandelure
|-supereffective|p1a: Chandelure|1
|-damage|p1a: Chandelure|0 fnt
|faint|p1a: Chandelure
|move|p2b: Charizard|Focus Blast|p1b: Rotom
|-damage|p1b: Rotom|47/100
|
|-weather|SunnyDay|[upkeep]
|upkeep
|
|t:|1784604579
|switch|p1a: Tyranitar|Tyranitar, L50, M|71/100
|-weather|Sandstorm|[from] ability: Sand Stream|[of] p1a: Tyranitar
|turn|7
|
|t:|1784604595
|switch|p2a: Venusaur|Venusaur, L50, M|100/100
|move|p2b: Charizard|Protect|p2b: Charizard
|-singleturn|p2b: Charizard|Protect
|move|p1a: Tyranitar|Protect|p1a: Tyranitar
|-singleturn|p1a: Tyranitar|Protect
|move|p1b: Rotom|Electroweb|p2a: Venusaur|[spread] p2a
|-activate|p2b: Charizard|move: Protect
|-resisted|p2a: Venusaur|1
|-damage|p2a: Venusaur|91/100
|-unboost|p2a: Venusaur|spe|1
|
|-weather|Sandstorm|[upkeep]
|-damage|p1b: Rotom|41/100|[from] Sandstorm
|-damage|p2b: Charizard|94/100|[from] Sandstorm
|-damage|p2a: Venusaur|85/100|[from] Sandstorm
|upkeep
|turn|8
|
|t:|1784604611
|detailschange|p1a: Tyranitar|Tyranitar-Mega, L50, M
|-mega|p1a: Tyranitar|Tyranitar|Tyranitarite
|move|p1b: Rotom|Electroweb|p2b: Charizard|[spread] p2a,p2b
|-resisted|p2a: Venusaur|1
|-supereffective|p2b: Charizard|1
|-damage|p2a: Venusaur|75/100
|-damage|p2b: Charizard|61/100
|-unboost|p2a: Venusaur|spe|1
|-unboost|p2b: Charizard|spe|1
|move|p1a: Tyranitar|Rock Slide|p2a: Venusaur|[spread] p2b
|-miss|p1a: Tyranitar|p2a: Venusaur
|-supereffective|p2b: Charizard|2
|-damage|p2b: Charizard|0 fnt
|faint|p2b: Charizard
|move|p2a: Venusaur|Giga Drain|p1b: Rotom
|-supereffective|p1b: Rotom|1
|-damage|p1b: Rotom|0 fnt
|-heal|p2a: Venusaur|96/100|[from] drain|[of] p1b: Rotom
|faint|p1b: Rotom
|
|-weather|Sandstorm|[upkeep]
|-damage|p2a: Venusaur|91/100|[from] Sandstorm
|upkeep
|
|t:|1784604622
|switch|p2b: Sneasler|Sneasler, L50, F|15/100
|switch|p1b: Excadrill|Excadrill, L50, F|100/100
|turn|9
|
|t:|1784604643
|move|p1b: Excadrill|Protect|p1b: Excadrill
|-singleturn|p1b: Excadrill|Protect
|move|p1a: Tyranitar|Protect|p1a: Tyranitar
|-singleturn|p1a: Tyranitar|Protect
|move|p2b: Sneasler|Fake Out|p1b: Excadrill
|-activate|p1b: Excadrill|move: Protect
|move|p2a: Venusaur|Sleep Powder|p1b: Excadrill
|-activate|p1b: Excadrill|move: Protect
|
|-weather|Sandstorm|[upkeep]
|-damage|p2b: Sneasler|10/100|[from] Sandstorm
|-damage|p2a: Venusaur|85/100|[from] Sandstorm
|upkeep
|turn|10
|
|t:|1784604650
|move|p1b: Excadrill|Iron Head|p2b: Sneasler
|-damage|p2b: Sneasler|0 fnt
|faint|p2b: Sneasler
|move|p1a: Tyranitar|Rock Slide|p2a: Venusaur|[miss]
|-miss|p1a: Tyranitar|p2a: Venusaur
|move|p2a: Venusaur|Sleep Powder|p1b: Excadrill
|-status|p1b: Excadrill|slp|[from] move: Sleep Powder
|
|-weather|Sandstorm|[upkeep]
|-damage|p2a: Venusaur|79/100|[from] Sandstorm
|upkeep
|turn|11
|
|t:|1784604656
|cant|p1b: Excadrill|slp
|move|p1a: Tyranitar|Rock Slide|p2a: Venusaur
|-damage|p2a: Venusaur|15/100
|move|p2a: Venusaur|Giga Drain|p1a: Tyranitar
|-supereffective|p1a: Tyranitar|1
|-damage|p1a: Tyranitar|35/100
|-heal|p2a: Venusaur|39/100|[from] drain|[of] p1a: Tyranitar
|
|-weather|none
|upkeep
|turn|12
|
|t:|1784604665
|-curestatus|p1b: Excadrill|slp|[msg]
|move|p1b: Excadrill|Iron Head|p2a: Venusaur
|-damage|p2a: Venusaur|0 fnt
|faint|p2a: Venusaur
|
|win|sbhaga34
|raw|sbhaga34's rating: 1393 → 1404(+11 for winning)
|raw|ButterisBetter's rating: 1231 → 1217(-14 for losing)
