|j|☆MegaHappyDragonite
|j|☆Mashuno
|html|MegaHappyDragoniteMashuno    
|uhtml|bestof|Game 2 of a best-of-3
|t:|1785494007
|gametype|doubles
|player|p1|MegaHappyDragonite|corbeau|1160
|player|p2|Mashuno|harlequin|1256
|gen|9
|tier|[Gen 9 Champions] VGC 2026 Reg M-B (Bo3)
|rated|
|rule|Species Clause: Limit one of each Pokémon
|rule|Item Clause: Limit 1 of each item
|clearpoke
|poke|p1|Kommo-o, L50, M|
|poke|p1|Incineroar, L50, F|
|poke|p1|Venusaur, L50, F|
|poke|p1|Ninetales-Alola, L50, M|
|poke|p1|Rotom-Wash, L50|
|poke|p1|Kingambit, L50, F|
|poke|p2|Aerodactyl, L50, F|
|poke|p2|Gardevoir, L50, F|
|poke|p2|Incineroar, L50, M|
|poke|p2|Hydreigon, L50, F|
|poke|p2|Gholdengo, L50|
|poke|p2|Rotom-Wash, L50|
|teampreview|4
|showteam|p1|Kommo-o||SitrusBerry|Soundproof|ClangingScales,AuraSphere,Protect,ClangorousSoul|Modest||M|||50|]Incineroar||PasshoBerry|Intimidate|FlareBlitz,DarkestLariat,FakeOut,PartingShot|Impish||F|||50|]Venusaur||Venusaurite|Overgrow|SludgeBomb,GigaDrain,Toxic,Protect|Modest||F|||50|]Ninetales-Alola||FocusSash|SnowWarning|Blizzard,FreezeDry,Protect,AuroraVeil|Timid||M|||50|]Rotom-Wash||ChoiceScarf|Levitate|HydroPump,Thunderbolt,WillOWisp,VoltSwitch|Timid|||||50|]Kingambit||ChopleBerry|Defiant|KowtowCleave,IronHead,SuckerPunch,Protect|Adamant||F|||50|
|showteam|p2|Aerodactyl||FocusSash|Unnerve|Protect,Tailwind,DualWingbeat,RockSlide|Jolly||F|||50|]Gardevoir||Gardevoirite|Synchronize|Protect,Psychic,HyperVoice,AuraSphere|Timid||F|||50|]Incineroar||PasshoBerry|Intimidate|FakeOut,FlareBlitz,ThroatChop,PartingShot|Impish||M|||50|]Hydreigon||ChoiceScarf|Levitate|DracoMeteor,DarkPulse,EarthPower,Uturn|Modest||F|||50|]Gholdengo||LifeOrb|GoodasGold|Protect,MakeItRain,ShadowBall,NastyPlot|Timid|||||50|]Rotom-Wash||SitrusBerry|Levitate|Protect,HydroPump,VoltSwitch,WillOWisp|Bold|||||50|
|inactive|Battle timer is ON: inactive players will automatically lose when time's up. (requested by MegaHappyDragonite)
|inactive|Mashuno has 60 seconds left.
|
|t:|1785494080
|teamsize|p1|4
|teamsize|p2|4
|start
|switch|p1a: Rotom|Rotom-Wash, L50|100/100
|switch|p1b: Kingambit|Kingambit, L50, F|100/100
|switch|p2a: Gardevoir|Gardevoir, L50, F|100/100
|switch|p2b: Aerodactyl|Aerodactyl, L50, F|100/100
|-ability|p2b: Aerodactyl|Unnerve
|turn|1
|inactive|MegaHappyDragonite has 30 seconds left.
|inactive|Mashuno has 30 seconds left.
|
|t:|1785494112
|detailschange|p2a: Gardevoir|Gardevoir-Mega, L50, F
|-mega|p2a: Gardevoir|Gardevoir|Gardevoirite
|move|p1b: Kingambit|Protect|p1b: Kingambit
|-singleturn|p1b: Kingambit|Protect
|move|p1a: Rotom|Thunderbolt|p2b: Aerodactyl
|-supereffective|p2b: Aerodactyl|1
|-enditem|p2b: Aerodactyl|Focus Sash
|-damage|p2b: Aerodactyl|1/100
|move|p2b: Aerodactyl|Tailwind|p2b: Aerodactyl
|-sidestart|p2: Mashuno|move: Tailwind
|move|p2a: Gardevoir|Hyper Voice|p1a: Rotom|[spread] p1a
|-activate|p1b: Kingambit|move: Protect
|-damage|p1a: Rotom|37/100
|
|upkeep
|turn|2
|inactive|MegaHappyDragonite has 30 seconds left.
|inactive|Mashuno has 30 seconds left.
|inactive|MegaHappyDragonite has 20 seconds left.
|inactive|Mashuno has 20 seconds left.
|inactive|Mashuno has 15 seconds left.
|inactive|Mashuno has 10 seconds left.
|
|t:|1785494159
|switch|p2b: Gholdengo|Gholdengo, L50|100/100
|switch|p1b: Venusaur|Venusaur, L50, F|100/100
|move|p2a: Gardevoir|Hyper Voice|p1a: Rotom|[spread] p1a,p1b
|-resisted|p1b: Venusaur|1
|-damage|p1a: Rotom|0 fnt
|-damage|p1b: Venusaur|75/100
|faint|p1a: Rotom
|
|upkeep
|inactive|MegaHappyDragonite has 30 seconds left.
|
|t:|1785494185
|switch|p1a: Kingambit|Kingambit, L50, F|100/100
|turn|3
|
|t:|1785494198
|detailschange|p1b: Venusaur|Venusaur-Mega, L50, F
|-mega|p1b: Venusaur|Venusaur|Venusaurite
|move|p2b: Gholdengo|Protect|p2b: Gholdengo
|-singleturn|p2b: Gholdengo|Protect
|move|p2a: Gardevoir|Psychic|p1b: Venusaur
|-supereffective|p1b: Venusaur|1
|-damage|p1b: Venusaur|0 fnt
|faint|p1b: Venusaur
|move|p1a: Kingambit|Iron Head|p2a: Gardevoir
|-supereffective|p2a: Gardevoir|1
|-damage|p2a: Gardevoir|0 fnt
|faint|p2a: Gardevoir
|
|upkeep
|c|☆Mashuno|uh oh
|inactive|Mashuno has 30 seconds left.
|inactive|Mashuno has 20 seconds left.
|
|t:|1785494238
|switch|p2a: Incineroar|Incineroar, L50, M|100/100
|switch|p1b: Ninetales|Ninetales-Alola, L50, M|100/100
|-weather|Snowscape|[from] ability: Snow Warning|[of] p1b: Ninetales
|-ability|p2a: Incineroar|Intimidate|boost
|-unboost|p1a: Kingambit|atk|1
|-ability|p1a: Kingambit|Defiant|boost
|-boost|p1a: Kingambit|atk|2
|-unboost|p1b: Ninetales|atk|1
|turn|4
|inactive|Mashuno has 30 seconds left.
|inactive|Mashuno has 20 seconds left.
|inactive|Mashuno has 15 seconds left.
|
|t:|1785494281
|move|p1b: Ninetales|Protect|p1b: Ninetales
|-singleturn|p1b: Ninetales|Protect
|move|p1a: Kingambit|Protect|p1a: Kingambit
|-singleturn|p1a: Kingambit|Protect
|move|p2b: Gholdengo|Make It Rain|p1b: Ninetales|[spread] 
|-activate|p1a: Kingambit|move: Protect
|-activate|p1b: Ninetales|move: Protect
|move|p2a: Incineroar|Flare Blitz|p1a: Kingambit
|-activate|p1a: Kingambit|move: Protect
|
|-weather|Snowscape|[upkeep]
|-sideend|p2: Mashuno|move: Tailwind
|upkeep
|turn|5
|inactive|Mashuno has 30 seconds left.
|
|t:|1785494312
|move|p2b: Gholdengo|Protect|p2b: Gholdengo
|-singleturn|p2b: Gholdengo|Protect
|move|p1b: Ninetales|Aurora Veil|p1b: Ninetales
|-sidestart|p1: MegaHappyDragonite|move: Aurora Veil
|move|p2a: Incineroar|Flare Blitz|p1a: Kingambit
|-supereffective|p1a: Kingambit|1
|-damage|p1a: Kingambit|49/100
|-damage|p2a: Incineroar|83/100|[from] Recoil
|move|p1a: Kingambit|Kowtow Cleave|p2b: Gholdengo
|-activate|p2b: Gholdengo|move: Protect
|
|-weather|Snowscape|[upkeep]
|upkeep
|turn|6
|inactive|MegaHappyDragonite has 30 seconds left.
|
|t:|1785494340
|switch|p2b: Aerodactyl|Aerodactyl, L50, F|1/100
|-ability|p2b: Aerodactyl|Unnerve
|move|p1b: Ninetales|Freeze-Dry|p2a: Incineroar
|-resisted|p2a: Incineroar|1
|-damage|p2a: Incineroar|70/100
|move|p2a: Incineroar|Flare Blitz|p1a: Kingambit
|-supereffective|p1a: Kingambit|1
|-damage|p1a: Kingambit|5/100
|-damage|p2a: Incineroar|55/100|[from] Recoil
|move|p1a: Kingambit|Kowtow Cleave|p2a: Incineroar
|-resisted|p2a: Incineroar|1
|-damage|p2a: Incineroar|30/100
|
|-weather|Snowscape|[upkeep]
|upkeep
|turn|7
|inactive|Mashuno has 30 seconds left.
|inactive|Mashuno has 20 seconds left.
|inactive|Mashuno has 15 seconds left.
|
|t:|1785494381
|move|p1a: Kingambit|Sucker Punch|p2a: Incineroar
|-resisted|p2a: Incineroar|1
|-damage|p2a: Incineroar|6/100
|move|p2b: Aerodactyl|Rock Slide|p1b: Ninetales|[spread] p1a,p1b
|-resisted|p1a: Kingambit|1
|-supereffective|p1b: Ninetales|1
|-damage|p1a: Kingambit|0 fnt
|-damage|p1b: Ninetales|65/100
|faint|p1a: Kingambit
|cant|p1b: Ninetales|flinch
|move|p2a: Incineroar|Flare Blitz|p1b: Ninetales
|-supereffective|p1b: Ninetales|1
|-damage|p1b: Ninetales|8/100
|-damage|p2a: Incineroar|0 fnt|[from] Recoil
|faint|p2a: Incineroar
|
|-weather|Snowscape|[upkeep]
|upkeep
|c|☆MegaHappyDragonite|gg
|c|☆Mashuno|ggs
|-message|MegaHappyDragonite forfeited.
|
|win|Mashuno
|raw|MegaHappyDragonite's rating: 1160 → 1142(-18 for losing)
|raw|Mashuno's rating: 1256 → 1274(+18 for winning)
|l|☆MegaHappyDragonite
|player|p1|
