|j|☆Erick Shai v
|j|☆Jiaco5
|html|Erick Shai vJiaco5    
|uhtml|bestof|Game 1 of a best-of-3
|t:|1784230755
|gametype|doubles
|player|p1|Erick Shai v|pokemaniac|1286
|player|p2|Jiaco5|1|1330
|gen|9
|tier|[Gen 9 Champions] VGC 2026 Reg M-B (Bo3)
|rated|
|rule|Species Clause: Limit one of each Pokémon
|rule|Item Clause: Limit 1 of each item
|clearpoke
|poke|p1|Milotic, L50, M|
|poke|p1|Incineroar, L50, F|
|poke|p1|Garchomp, L50, F|
|poke|p1|Venusaur, L50, M|
|poke|p1|Aerodactyl, L50, M|
|poke|p1|Gardevoir, L50, F, shiny|
|poke|p2|Blastoise, L50, M|
|poke|p2|Sinistcha, L50|
|poke|p2|Delphox, L50, F|
|poke|p2|Sneasler, L50, M|
|poke|p2|Incineroar, L50, F|
|poke|p2|Kingambit, L50, F|
|teampreview|4
|showteam|p1|Milotic||Leftovers|Competitive|Coil,MuddyWater,Hypnosis,Protect|Calm||M|||50|]Incineroar||ChopleBerry|Intimidate|FakeOut,FlareBlitz,ThroatChop,PartingShot|Careful||F|||50|]Garchomp||LifeOrb|RoughSkin|SwordsDance,Earthquake,ScaleShot,Protect|Jolly||F|||50|]Venusaur||Venusaurite|Chlorophyll|GigaDrain,SludgeBomb,EarthPower,Protect|Modest||M|||50|]Aerodactyl||FocusSash|Unnerve|Tailwind,RockSlide,DualWingbeat,Protect|Jolly||M|||50|]Gardevoir||Gardevoirite|Telepathy|HyperVoice,AuraSphere,Thunderbolt,Protect|Modest||F|||50|
|showteam|p2|Blastoise||Blastoisinite|RainDish|WaterSpout,DarkPulse,ShellSmash,Protect|Modest||M|||50|]Sinistcha||OccaBerry|Hospitality|MatchaGotcha,TrickRoom,RagePowder,Protect|Relaxed|||||50|]Delphox||Delphoxite|Blaze|HeatWave,Psychic,NastyPlot,Protect|Timid||F|||50|]Sneasler||FocusSash|PoisonTouch|CloseCombat,PoisonJab,FakeOut,QuickGuard|Jolly||M|||50|]Incineroar||SitrusBerry|Intimidate|FlareBlitz,FakeOut,ThroatChop,PartingShot|Impish||F|||50|]Kingambit||BlackGlasses|Defiant|KowtowCleave,SuckerPunch,SwordsDance,Protect|Adamant||F|||50|
|inactive|Battle timer is ON: inactive players will automatically lose when time's up. (requested by Erick Shai v)
|inactive|Jiaco5 has 60 seconds left.
|
|t:|1784230805
|teamsize|p1|4
|teamsize|p2|4
|start
|switch|p1a: CANELA|Milotic, L50, M|100/100
|switch|p1b: CHEPAS|Venusaur, L50, M|100/100
|switch|p2a: Delphox|Delphox, L50, F|100/100
|switch|p2b: Sneasler|Sneasler, L50, M|100/100
|turn|1
|
|t:|1784230818
|detailschange|p2a: Delphox|Delphox-Mega, L50, F
|-mega|p2a: Delphox|Delphox|Delphoxite
|detailschange|p1b: CHEPAS|Venusaur-Mega, L50, M
|-mega|p1b: CHEPAS|Venusaur|Venusaurite
|move|p2b: Sneasler|Fake Out|p1a: CANELA
|-damage|p1a: CANELA|83/100
|move|p2a: Delphox|Nasty Plot|p2a: Delphox
|-boost|p2a: Delphox|spa|2
|move|p1b: CHEPAS|Sludge Bomb|p2a: Delphox
|-damage|p2a: Delphox|61/100
|cant|p1a: CANELA|flinch
|
|-heal|p1a: CANELA|89/100|[from] item: Leftovers
|upkeep
|turn|2
|
|t:|1784230839
|switch|p1b: CHOCOLATE|Incineroar, L50, F|100/100
|-ability|p1b: CHOCOLATE|Intimidate|boost
|-unboost|p2a: Delphox|atk|1
|-unboost|p2b: Sneasler|atk|1
|move|p2a: Delphox|Protect|p2a: Delphox
|-singleturn|p2a: Delphox|Protect
|move|p1a: CANELA|Protect|p1a: CANELA
|-singleturn|p1a: CANELA|Protect
|move|p2b: Sneasler|Poison Jab|p1a: CANELA
|-activate|p1a: CANELA|move: Protect
|
|-heal|p1a: CANELA|95/100|[from] item: Leftovers
|upkeep
|turn|3
|inactive|Jiaco5 has 30 seconds left.
|
|t:|1784230872
|move|p2b: Sneasler|Quick Guard|p2b: Sneasler
|-singleturn|p2b: Sneasler|Quick Guard
|move|p1b: CHOCOLATE|Fake Out|p2b: Sneasler
|-activate|p2b: Sneasler|move: Quick Guard
|move|p2a: Delphox|Psychic|p1a: CANELA
|-crit|p1a: CANELA
|-damage|p1a: CANELA|10/100
|move|p1a: CANELA|Coil|p1a: CANELA
|-boost|p1a: CANELA|atk|1
|-boost|p1a: CANELA|def|1
|-boost|p1a: CANELA|accuracy|1
|
|-heal|p1a: CANELA|16/100|[from] item: Leftovers
|upkeep
|turn|4
|
|t:|1784230887
|move|p1a: CANELA|Protect|p1a: CANELA
|-singleturn|p1a: CANELA|Protect
|move|p2a: Delphox|Heat Wave|p1a: CANELA|[spread] p1b
|-activate|p1a: CANELA|move: Protect
|-resisted|p1b: CHOCOLATE|1
|-damage|p1b: CHOCOLATE|71/100
|move|p2b: Sneasler|Close Combat|p1b: CHOCOLATE
|-supereffective|p1b: CHOCOLATE|1
|-enditem|p1b: CHOCOLATE|Chople Berry|[eat]
|-enditem|p1b: CHOCOLATE|Chople Berry|[weaken]
|-damage|p1b: CHOCOLATE|37/100
|-unboost|p2b: Sneasler|def|1
|-unboost|p2b: Sneasler|spd|1
|move|p1b: CHOCOLATE|Parting Shot|p2a: Delphox
|-unboost|p2a: Delphox|atk|1
|-unboost|p2a: Delphox|spa|1
|
|t:|1784230902
|switch|p1b: CHOCHODRILO|Aerodactyl, L50, M|100/100|[from] Parting Shot
|-ability|p1b: CHOCHODRILO|Unnerve
|
|-heal|p1a: CANELA|22/100|[from] item: Leftovers
|upkeep
|turn|5
|
|t:|1784230921
|move|p2a: Delphox|Psychic|p1b: CHOCHODRILO
|-enditem|p1b: CHOCHODRILO|Focus Sash
|-damage|p1b: CHOCHODRILO|1/100
|move|p1b: CHOCHODRILO|Tailwind|p1b: CHOCHODRILO
|-sidestart|p1: Erick Shai v|move: Tailwind
|move|p1a: CANELA|Muddy Water|p2a: Delphox|[spread] p2a,p2b
|-supereffective|p2a: Delphox|1
|-damage|p2a: Delphox|22/100
|-damage|p2b: Sneasler|54/100
|move|p2b: Sneasler|Close Combat|p1a: CANELA
|-damage|p1a: CANELA|0 fnt
|-unboost|p2b: Sneasler|def|1
|-unboost|p2b: Sneasler|spd|1
|faint|p1a: CANELA
|
|upkeep
|
|t:|1784230935
|switch|p1a: CHEPAS|Venusaur-Mega, L50, M|100/100
|turn|6
|
|t:|1784230947
|switch|p2b: Sinistcha|Sinistcha, L50|100/100
|-heal|p2a: Delphox|47/100|[from] ability: Hospitality|[of] p2b: Sinistcha
|move|p2a: Delphox|Protect|p2a: Delphox
|-singleturn|p2a: Delphox|Protect
|move|p1b: CHOCHODRILO|Rock Slide|p2b: Sinistcha|[spread] p2b
|-activate|p2a: Delphox|move: Protect
|-damage|p2b: Sinistcha|77/100
|move|p1a: CHEPAS|Earth Power|p2b: Sinistcha
|-resisted|p2b: Sinistcha|1
|-damage|p2b: Sinistcha|63/100
|
|upkeep
|turn|7
|
|t:|1784230967
|switch|p2a: Kingambit|Kingambit, L50, F|100/100
|move|p2b: Sinistcha|Protect|p2b: Sinistcha
|-singleturn|p2b: Sinistcha|Protect
|move|p1b: CHOCHODRILO|Rock Slide|p2a: Kingambit|[spread] 
|-activate|p2b: Sinistcha|move: Protect
|-miss|p1b: CHOCHODRILO|p2a: Kingambit
|move|p1a: CHEPAS|Sludge Bomb|p2a: Kingambit
|-immune|p2a: Kingambit
|
|upkeep
|turn|8
|
|t:|1784230983
|move|p2a: Kingambit|Sucker Punch|p1a: CHEPAS
|-damage|p1a: CHEPAS|59/100
|move|p1b: CHOCHODRILO|Dual Wingbeat|p2b: Sinistcha
|-supereffective|p2b: Sinistcha|1
|-damage|p2b: Sinistcha|32/100
|-supereffective|p2b: Sinistcha|1
|-damage|p2b: Sinistcha|1/100
|-hitcount|p2b: Sinistcha|2
|move|p1a: CHEPAS|Earth Power|p2a: Kingambit
|-supereffective|p2a: Kingambit|1
|-damage|p2a: Kingambit|37/100
|move|p2b: Sinistcha|Matcha Gotcha|p1a: CHEPAS|[spread] p1a,p1b
|-resisted|p1a: CHEPAS|2
|-damage|p1a: CHEPAS|54/100
|-heal|p2b: Sinistcha|4/100|[from] drain|[of] p1a: CHEPAS
|-damage|p1b: CHOCHODRILO|0 fnt
|-heal|p2b: Sinistcha|5/100|[from] drain|[of] p1b: CHOCHODRILO
|faint|p1b: CHOCHODRILO
|
|-sideend|p1: Erick Shai v|move: Tailwind
|upkeep
|
|t:|1784230998
|switch|p1b: CHOCOLATE|Incineroar, L50, F|37/100
|-ability|p1b: CHOCOLATE|Intimidate|boost
|-unboost|p2a: Kingambit|atk|1
|-ability|p2a: Kingambit|Defiant|boost
|-boost|p2a: Kingambit|atk|2
|-unboost|p2b: Sinistcha|atk|1
|turn|9
|
|t:|1784231017
|switch|p2b: Sneasler|Sneasler, L50, M|54/100
|move|p1a: CHEPAS|Protect|p1a: CHEPAS
|-singleturn|p1a: CHEPAS|Protect
|move|p2a: Kingambit|Protect|p2a: Kingambit
|-singleturn|p2a: Kingambit|Protect
|move|p1b: CHOCOLATE|Flare Blitz|p2a: Kingambit
|-activate|p2a: Kingambit|move: Protect
|
|upkeep
|turn|10
|
|t:|1784231029
|move|p2b: Sneasler|Fake Out|p1b: CHOCOLATE
|-damage|p1b: CHOCOLATE|24/100
|move|p2a: Kingambit|Sucker Punch|p1a: CHEPAS
|-damage|p1a: CHEPAS|1/100
|move|p1a: CHEPAS|Earth Power|p2b: Sneasler
|-supereffective|p2b: Sneasler|1
|-damage|p2b: Sneasler|0 fnt
|faint|p2b: Sneasler
|cant|p1b: CHOCOLATE|flinch
|
|upkeep
|
|t:|1784231040
|switch|p2b: Delphox|Delphox-Mega, L50, F|47/100
|turn|11
|
|t:|1784231047
|move|p2a: Kingambit|Sucker Punch|p1b: CHOCOLATE
|-resisted|p1b: CHOCOLATE|1
|-damage|p1b: CHOCOLATE|0 fnt
|faint|p1b: CHOCOLATE
|move|p2b: Delphox|Psychic|p1a: CHEPAS
|-supereffective|p1a: CHEPAS|1
|-damage|p1a: CHEPAS|0 fnt
|faint|p1a: CHEPAS
|
|win|Jiaco5
|l|☆Jiaco5
|player|p2|
||Erick Shai v is ready for game 2.
|inactive|Jiaco5 has 30 seconds to confirm battle start!
|inactive|Jiaco5 has 20 seconds to confirm battle start!
||Jiaco5 is ready for game 2.
|uhtml|next|Next: Game 2 of 3
|j|☆Jiaco5
|player|p2|Jiaco5|1|
