|j|☆raksbach
|j|☆gniqknaime
|html|raksbachgniqknaime    
|uhtml|bestof|Game 1 of a best-of-3
|t:|1783519624
|gametype|doubles
|player|p1|raksbach|266|1137
|player|p2|gniqknaime|silver|1054
|gen|9
|tier|[Gen 9 Champions] VGC 2026 Reg M-B (Bo3)
|rated|
|rule|Species Clause: Limit one of each Pokémon
|rule|Item Clause: Limit 1 of each item
|clearpoke
|poke|p1|Incineroar, L50, M|
|poke|p1|Maushold, L50|
|poke|p1|Sinistcha, L50|
|poke|p1|Sneasler, L50, F|
|poke|p1|Blastoise, L50, F|
|poke|p1|Delphox, L50, M|
|poke|p2|Zoroark-Hisui, L50, M|
|poke|p2|Politoed, L50, M|
|poke|p2|Mudsdale, L50, M|
|poke|p2|Sceptile, L50, F|
|poke|p2|Volcarona, L50, M|
|poke|p2|Manectric, L50, F|
|teampreview|4
|showteam|p1|Incineroar||SitrusBerry|Intimidate|FakeOut,FlareBlitz,DarkestLariat,PartingShot|Impish||M|||50|]Maushold||ChopleBerry|FriendGuard|SuperFang,FollowMe,Protect,Feint|Impish|||||50|]Sinistcha||OccaBerry|Hospitality|MatchaGotcha,LifeDew,RagePowder,Protect|Bold|||||50|]Sneasler||FocusSash|PoisonTouch|FakeOut,CloseCombat,DireClaw,QuickGuard|Jolly||F|||50|]Blastoise||Blastoisinite|Torrent|WaterSpout,DarkPulse,ShellSmash,Protect|Modest||F|||50|]Delphox||Delphoxite|Blaze|HeatWave,Psychic,NastyPlot,Protect|Timid||M|||50|
|showteam|p2|Zoroark-Hisui||ChoiceScarf|Illusion|Trick,HyperVoice,ShadowBall,Flamethrower|Modest||M|||50|]Politoed||SitrusBerry|Drizzle|PerishSong,Encore,HydroPump,Protect|Calm||M|||50|]Mudsdale||Leftovers|Stamina|HighHorsepower,BodyPress,Protect,HeavySlam|Impish||M|||50|]Sceptile||Sceptilite|Unburden|ShedTail,LeafStorm,DragonPulse,LeechSeed|Modest||F|||50|]Volcarona||WideLens|FlameBody|StruggleBug,HeatWave,RagePowder,GigaDrain|Modest||M|||50|]Manectric||Manectite|LightningRod|VoltSwitch,Snarl,Thunderbolt,Overheat|Timid||F|||50|
|inactive|Battle timer is ON: inactive players will automatically lose when time's up. (requested by raksbach)
|inactive|raksbach has 60 seconds left.
|inactive|gniqknaime has 60 seconds left.
|
|t:|1783519670
|teamsize|p1|4
|teamsize|p2|4
|start
|switch|p1a: Delphox|Delphox, L50, M|100/100
|switch|p1b: Maushold|Maushold, L50|100/100
|switch|p2a: Manectric|Manectric, L50, F|100/100
|switch|p2b: Politoed|Politoed, L50, M|100/100
|-weather|RainDance|[from] ability: Drizzle|[of] p2b: Politoed
|turn|1
|
|t:|1783519690
|detailschange|p2a: Manectric|Manectric-Mega, L50, F
|-mega|p2a: Manectric|Manectric|Manectite
|-ability|p2a: Manectric|Intimidate|boost
|-unboost|p1a: Delphox|atk|1
|-unboost|p1b: Maushold|atk|1
|detailschange|p1a: Delphox|Delphox-Mega, L50, M
|-mega|p1a: Delphox|Delphox|Delphoxite
|move|p1b: Maushold|Follow Me|p1b: Maushold
|-singleturn|p1b: Maushold|move: Follow Me
|move|p2a: Manectric|Snarl|p1a: Delphox|[spread] p1a,p1b
|-supereffective|p1a: Delphox|1
|-damage|p1a: Delphox|79/100
|-damage|p1b: Maushold|84/100
|-unboost|p1a: Delphox|spa|1
|-unboost|p1b: Maushold|spa|1
|move|p1a: Delphox|Nasty Plot|p1a: Delphox
|-boost|p1a: Delphox|spa|2
|move|p2b: Politoed|Hydro Pump|p1b: Maushold
|-damage|p1b: Maushold|21/100
|
|-weather|RainDance|[upkeep]
|upkeep
|turn|2
|inactive|gniqknaime has 30 seconds left.
|
|t:|1783519721
|move|p1b: Maushold|Follow Me|p1b: Maushold
|-singleturn|p1b: Maushold|move: Follow Me
|move|p2a: Manectric|Snarl|p1a: Delphox|[spread] p1a
|-miss|p2a: Manectric|p1b: Maushold
|-supereffective|p1a: Delphox|1
|-damage|p1a: Delphox|58/100
|-unboost|p1a: Delphox|spa|1
|move|p1a: Delphox|Psychic|p2a: Manectric
|-damage|p2a: Manectric|23/100
|move|p2b: Politoed|Hydro Pump|p1b: Maushold
|-damage|p1b: Maushold|0 fnt
|faint|p1b: Maushold
|
|-weather|RainDance|[upkeep]
|upkeep
|
|t:|1783519734
|switch|p1b: Sinistcha|Sinistcha, L50|100/100
|-heal|p1a: Delphox|83/100|[from] ability: Hospitality|[of] p1b: Sinistcha
|turn|3
|
|t:|1783519750
|move|p1a: Delphox|Protect|p1a: Delphox
|-singleturn|p1a: Delphox|Protect
|move|p2a: Manectric|Snarl|p1a: Delphox|[spread] p1b
|-activate|p1a: Delphox|move: Protect
|-supereffective|p1b: Sinistcha|1
|-damage|p1b: Sinistcha|73/100
|-unboost|p1b: Sinistcha|spa|1
|move|p2b: Politoed|Hydro Pump|p1a: Delphox
|-activate|p1a: Delphox|move: Protect
|move|p1b: Sinistcha|Matcha Gotcha|p2b: Politoed|[spread] p2a,p2b
|-supereffective|p2b: Politoed|1
|-damage|p2a: Manectric|1/100
|-heal|p1b: Sinistcha|82/100|[from] drain|[of] p2a: Manectric
|-damage|p2b: Politoed|77/100
|-heal|p1b: Sinistcha|94/100|[from] drain|[of] p2b: Politoed
|
|-weather|RainDance|[upkeep]
|upkeep
|turn|4
|
|t:|1783519775
|switch|p1a: Sneasler|Sneasler, L50, F|100/100
|move|p2a: Manectric|Snarl|p1a: Sneasler|[spread] p1a,p1b
|-resisted|p1a: Sneasler|1
|-supereffective|p1b: Sinistcha|1
|-damage|p1a: Sneasler|90/100
|-damage|p1b: Sinistcha|70/100
|-unboost|p1a: Sneasler|spa|1
|-unboost|p1b: Sinistcha|spa|1
|move|p1b: Sinistcha|Matcha Gotcha|p2b: Politoed|[spread] p2a,p2b
|-supereffective|p2b: Politoed|1
|-damage|p2a: Manectric|0 fnt
|-heal|p1b: Sinistcha|70/100|[from] drain|[of] p2a: Manectric
|-damage|p2b: Politoed|61/100
|-heal|p1b: Sinistcha|79/100|[from] drain|[of] p2b: Politoed
|faint|p2a: Manectric
|move|p2b: Politoed|Encore||[still]
|-fail|p2b: Politoed
|
|-weather|RainDance|[upkeep]
|upkeep
|
|t:|1783519795
|switch|p2a: Mudsdale|Mudsdale, L50, M|100/100
|turn|5
|
|t:|1783519805
|switch|p1b: Delphox|Delphox-Mega, L50, M|83/100
|move|p2b: Politoed|Protect|p2b: Politoed
|-singleturn|p2b: Politoed|Protect
|move|p1a: Sneasler|Fake Out|p2b: Politoed
|-activate|p2b: Politoed|move: Protect
|move|p2a: Mudsdale|Shadow Ball|p1b: Delphox
|-supereffective|p1b: Delphox|1
|-damage|p1b: Delphox|13/100
|-unboost|p1b: Delphox|spd|1
|
|-weather|none
|upkeep
|turn|6
|inactive|gniqknaime has 30 seconds left.
|
|t:|1783519837
|switch|p1a: Sinistcha|Sinistcha, L50|79/100
|-heal|p1b: Delphox|38/100|[from] ability: Hospitality|[of] p1a: Sinistcha
|move|p1b: Delphox|Protect|p1b: Delphox
|-singleturn|p1b: Delphox|Protect
|move|p2a: Mudsdale|Shadow Ball|p1b: Delphox
|-activate|p1b: Delphox|move: Protect
|move|p2b: Politoed|Perish Song|p2b: Politoed
|-start|p1a: Sinistcha|perish3|[silent]
|-start|p1b: Delphox|perish3|[silent]
|-start|p2a: Mudsdale|perish3|[silent]
|-start|p2b: Politoed|perish3|[silent]
|-fieldactivate|move: Perish Song
|
|-start|p2a: Mudsdale|perish3
|-start|p1b: Delphox|perish3
|-start|p2b: Politoed|perish3
|-start|p1a: Sinistcha|perish3
|upkeep
|turn|7
|
|t:|1783519858
|switch|p1b: Sneasler|Sneasler, L50, F|90/100
|move|p2b: Politoed|Protect|p2b: Politoed
|-singleturn|p2b: Politoed|Protect
|move|p2a: Mudsdale|Shadow Ball|p1b: Sneasler
|-damage|p1b: Sneasler|36/100
|-unboost|p1b: Sneasler|spd|1
|move|p1a: Sinistcha|Matcha Gotcha|p2b: Politoed|[spread] p2a
|-activate|p2b: Politoed|move: Protect
|-damage|p2a: Mudsdale|52/100
|-heal|p1a: Sinistcha|100/100|[from] drain|[of] p2a: Mudsdale
|-status|p2a: Mudsdale|brn
|replace|p2a: Zoroark|Zoroark-Hisui, L50, M
|-end|p2a: Zoroark|Illusion
|
|-damage|p2a: Zoroark|46/100 brn|[from] brn
|-start|p2a: Zoroark|perish2
|-start|p1a: Sinistcha|perish2
|-start|p2b: Politoed|perish2
|upkeep
|turn|8
|inactive|gniqknaime has 30 seconds left.
|inactive|gniqknaime has 20 seconds left.
|inactive|gniqknaime has 15 seconds left.
|inactive|gniqknaime has 10 seconds left.
|inactive|gniqknaime has 5 seconds left.
|
|t:|1783519909
|move|p1b: Sneasler|Fake Out|p2b: Politoed
|-damage|p2b: Politoed|43/100
|-status|p2b: Politoed|psn|[from] ability: Poison Touch|[of] p1b: Sneasler
|-enditem|p2b: Politoed|Sitrus Berry|[eat]
|-heal|p2b: Politoed|68/100 psn|[from] item: Sitrus Berry
|move|p2a: Zoroark|Shadow Ball|p1b: Sneasler
|-damage|p1b: Sneasler|0 fnt
|faint|p1b: Sneasler
|move|p1a: Sinistcha|Matcha Gotcha|p2b: Politoed|[spread] p2a,p2b
|-crit|p2a: Zoroark
|-supereffective|p2b: Politoed|1
|-damage|p2a: Zoroark|0 fnt
|-damage|p2b: Politoed|38/100 psn
|faint|p2a: Zoroark
|cant|p2b: Politoed|flinch
|
|-damage|p2b: Politoed|25/100 psn|[from] psn
|-start|p2b: Politoed|perish1
|-start|p1a: Sinistcha|perish1
|upkeep
|
|t:|1783519931
|switch|p1b: Delphox|Delphox-Mega, L50, M|38/100
|switch|p2a: Mudsdale|Mudsdale, L50, M|100/100
|turn|9
|
|t:|1783519940
|move|p2b: Politoed|Protect|p2b: Politoed
|-singleturn|p2b: Politoed|Protect
|move|p2a: Mudsdale|Protect|p2a: Mudsdale
|-singleturn|p2a: Mudsdale|Protect
|move|p1b: Delphox|Nasty Plot|p1b: Delphox
|-boost|p1b: Delphox|spa|2
|move|p1a: Sinistcha|Matcha Gotcha|p2a: Mudsdale|[spread] 
|-activate|p2a: Mudsdale|move: Protect
|-activate|p2b: Politoed|move: Protect
|
|-damage|p2b: Politoed|13/100 psn|[from] psn
|-start|p2b: Politoed|perish0
|-start|p1a: Sinistcha|perish0
|faint|p2b: Politoed
|faint|p1a: Sinistcha
|upkeep
|turn|10
|inactive|raksbach has 30 seconds left.
|
|t:|1783519969
|move|p1b: Delphox|Psychic|p2a: Mudsdale
|-damage|p2a: Mudsdale|13/100
|-ability|p2a: Mudsdale|Stamina|boost
|-boost|p2a: Mudsdale|def|1
|move|p2a: Mudsdale|High Horsepower|p1b: Delphox
|-immune|p1b: Delphox|[from] ability: Levitate
|
|-heal|p2a: Mudsdale|18/100|[from] item: Leftovers
|upkeep
|turn|11
|
|t:|1783519985
|move|p1b: Delphox|Psychic|p2a: Mudsdale
|-damage|p2a: Mudsdale|0 fnt
|faint|p2a: Mudsdale
|
|win|raksbach
