|j|☆DanielSantosgg
|j|☆MrPhoenixGC
|html|DanielSantosggMrPhoenixGC    
|uhtml|bestof|Game 2 of a best-of-3
|t:|1783205632
|gametype|doubles
|player|p1|DanielSantosgg|skier|1068
|player|p2|MrPhoenixGC|steven|1140
|gen|9
|tier|[Gen 9 Champions] VGC 2026 Reg M-B (Bo3)
|rated|
|rule|Species Clause: Limit one of each Pokémon
|rule|Item Clause: Limit 1 of each item
|clearpoke
|poke|p1|Sylveon, L50, F, shiny|
|poke|p1|Incineroar, L50, M, shiny|
|poke|p1|Aerodactyl, L50, F|
|poke|p1|Charizard, L50, F, shiny|
|poke|p1|Metagross, L50, shiny|
|poke|p1|Garchomp, L50, M|
|poke|p2|Aerodactyl, L50, F|
|poke|p2|Garchomp, L50, M|
|poke|p2|Kingambit, L50, F|
|poke|p2|Charizard, L50, F|
|poke|p2|Sylveon, L50, F|
|poke|p2|Farigiraf, L50, F|
|teampreview|4
|showteam|p1|Sylveon||FairyFeather|Pixilate|HyperBeam,Detect,HyperVoice,QuickAttack|Modest||F|||50|]Incineroar||SitrusBerry|Intimidate|FlareBlitz,DarkestLariat,FakeOut,PartingShot|Careful||M|||50|]Aerodactyl||FocusSash|Unnerve|Protect,Tailwind,RockSlide,DualWingbeat|Jolly||F|||50|]Charizard||CharizarditeY|Blaze|SolarBeam,HeatWave,Protect,WeatherBall|Modest||F|||50|]Metagross||Metagrossite|ClearBody|BulletPunch,BodyPress,PsychicFangs,Protect|Adamant|||||50|]Garchomp||LifeOrb|RoughSkin|DragonClaw,Earthquake,Protect,RockSlide|Jolly||M|||50|
|showteam|p2|Aerodactyl||Aerodactylite|Unnerve|IceFang,RockSlide,Tailwind,DualWingbeat|Jolly||F|||50|]Garchomp||LifeOrb|RoughSkin|DragonClaw,StompingTantrum,Earthquake,Protect|Jolly||M|||50|]Kingambit||FocusSash|Defiant|SuckerPunch,KowtowCleave,IronHead,LowKick|Adamant||F|||50|]Charizard||CharizarditeY|SolarPower|Protect,WeatherBall,HeatWave,SolarBeam|Modest||F|||50|]Sylveon||FairyFeather|Pixilate|Protect,HyperVoice,HyperBeam,QuickAttack|Modest||F|||50|]Farigiraf||SitrusBerry|ArmorTail|TrickRoom,Thunderbolt,Roar,TwinBeam|Bold||F|||50|
|
|t:|1783205655
|teamsize|p1|4
|teamsize|p2|4
|start
|switch|p1a: Aerodactyl|Aerodactyl, L50, F|100/100
|switch|p1b: Incineroar|Incineroar, L50, M, shiny|100/100
|switch|p2a: Aerodactyl|Aerodactyl, L50, F|100/100
|switch|p2b: Kingambit|Kingambit, L50, F|100/100
|-ability|p2a: Aerodactyl|Unnerve
|-ability|p1a: Aerodactyl|Unnerve
|-ability|p1b: Incineroar|Intimidate|boost
|-unboost|p2a: Aerodactyl|atk|1
|-unboost|p2b: Kingambit|atk|1
|-ability|p2b: Kingambit|Defiant|boost
|-boost|p2b: Kingambit|atk|2
|turn|1
|inactive|Battle timer is ON: inactive players will automatically lose when time's up. (requested by DanielSantosgg)
|inactive|MrPhoenixGC has 60 seconds left.
|
|t:|1783205698
|switch|p2a: Farigiraf|Farigiraf, L50, F|100/100
|move|p1b: Incineroar|Fake Out||[still]
|cant|p2a: Farigiraf|ability: Armor Tail|Fake Out|[of] p1b: Incineroar
|move|p1a: Aerodactyl|Tailwind|p1a: Aerodactyl
|-sidestart|p1: DanielSantosgg|move: Tailwind
|move|p2b: Kingambit|Low Kick|p1b: Incineroar
|-supereffective|p1b: Incineroar|1
|-damage|p1b: Incineroar|11/100
|-enditem|p1b: Incineroar|Sitrus Berry|[eat]
|-heal|p1b: Incineroar|36/100|[from] item: Sitrus Berry
|
|upkeep
|turn|2
|inactive|MrPhoenixGC has 30 seconds left.
|
|t:|1783205728
|move|p1a: Aerodactyl|Rock Slide|p2a: Farigiraf|[spread] p2a,p2b
|-resisted|p2b: Kingambit|1
|-damage|p2a: Farigiraf|79/100
|-damage|p2b: Kingambit|88/100
|move|p1b: Incineroar|Darkest Lariat|p2a: Farigiraf
|-supereffective|p2a: Farigiraf|1
|-damage|p2a: Farigiraf|33/100
|move|p2b: Kingambit|Low Kick|p1b: Incineroar
|-supereffective|p1b: Incineroar|1
|-damage|p1b: Incineroar|0 fnt
|faint|p1b: Incineroar
|cant|p2a: Farigiraf|flinch
|
|upkeep
|
|t:|1783205744
|switch|p1b: ?|Sylveon, L50, F, shiny|100/100
|turn|3
|
|t:|1783205751
|move|p1a: Aerodactyl|Rock Slide|p2b: Kingambit|[spread] p2a,p2b
|-resisted|p2b: Kingambit|1
|-damage|p2a: Farigiraf|12/100
|-damage|p2b: Kingambit|77/100
|move|p1b: ?|Hyper Beam|p2b: Kingambit
|-damage|p2b: Kingambit|0 fnt
|-mustrecharge|p1b: ?
|faint|p2b: Kingambit
|move|p2a: Farigiraf|Trick Room|p2a: Farigiraf
|-fieldstart|move: Trick Room|[of] p2a: Farigiraf
|
|upkeep
|
|t:|1783205769
|switch|p2b: Sylveon|Sylveon, L50, F|100/100
|turn|4
|
|t:|1783205795
|move|p1a: Aerodactyl|Protect|p1a: Aerodactyl
|-singleturn|p1a: Aerodactyl|Protect
|move|p2a: Farigiraf|Thunderbolt|p1a: Aerodactyl
|-activate|p1a: Aerodactyl|move: Protect
|move|p2b: Sylveon|Hyper Voice|p1b: ?|[spread] p1b
|-activate|p1a: Aerodactyl|move: Protect
|-damage|p1b: ?|64/100
|cant|p1b: ?|recharge
|
|-sideend|p1: DanielSantosgg|move: Tailwind
|upkeep
|turn|5
|inactive|DanielSantosgg has 30 seconds left.
|inactive|MrPhoenixGC has 30 seconds left.
|
|t:|1783205826
|switch|p1a: Metagross|Metagross, L50, shiny|100/100
|-enditem|p2a: Farigiraf|Sitrus Berry|[eat]
|-heal|p2a: Farigiraf|37/100|[from] item: Sitrus Berry
|move|p2a: Farigiraf|Thunderbolt|p1b: ?
|-damage|p1b: ?|45/100
|move|p1b: ?|Hyper Voice|p2a: Farigiraf|[spread] p2a,p2b
|-damage|p2a: Farigiraf|0 fnt
|-damage|p2b: Sylveon|58/100
|faint|p2a: Farigiraf
|move|p2b: Sylveon|Hyper Voice|p1a: Metagross|[spread] p1a,p1b
|-resisted|p1a: Metagross|1
|-damage|p1a: Metagross|75/100
|-damage|p1b: ?|9/100
|
|upkeep
|
|t:|1783205839
|switch|p2a: Aerodactyl|Aerodactyl, L50, F|100/100
|-ability|p2a: Aerodactyl|Unnerve
|turn|6
|inactive|DanielSantosgg has 30 seconds left.
|
|t:|1783205868
|detailschange|p1a: Metagross|Metagross-Mega, L50, shiny
|-mega|p1a: Metagross|Metagross|Metagrossite
|detailschange|p2a: Aerodactyl|Aerodactyl-Mega, L50, F
|-mega|p2a: Aerodactyl|Aerodactyl|Aerodactylite
|move|p1b: ?|Detect|p1b: ?
|-singleturn|p1b: ?|Protect
|move|p1a: Metagross|Protect|p1a: Metagross
|-singleturn|p1a: Metagross|Protect
|move|p2b: Sylveon|Quick Attack|p1b: ?
|-activate|p1b: ?|move: Protect
|move|p2a: Aerodactyl|Tailwind|p2a: Aerodactyl
|-sidestart|p2: MrPhoenixGC|move: Tailwind
|
|upkeep
|turn|7
|inactive|DanielSantosgg has 30 seconds left.
|inactive|MrPhoenixGC has 30 seconds left.
|inactive|MrPhoenixGC has 20 seconds left.
|inactive|MrPhoenixGC has 15 seconds left.
|inactive|MrPhoenixGC has 10 seconds left.
|
|t:|1783205913
|move|p1a: Metagross|Bullet Punch|p2b: Sylveon
|-supereffective|p2b: Sylveon|1
|-damage|p2b: Sylveon|0 fnt
|faint|p2b: Sylveon
|move|p1b: ?|Hyper Beam|p2a: Aerodactyl
|-damage|p2a: Aerodactyl|0 fnt
|-mustrecharge|p1b: ?
|faint|p2a: Aerodactyl
|
|win|DanielSantosgg
||MrPhoenixGC is ready for game 3.
|inactive|DanielSantosgg has 30 seconds to confirm battle start!
||DanielSantosgg is ready for game 3.
|uhtml|next|Next: Game 3 of 3
