|j|☆Pumpkinman
|j|☆mesochob0
|html|Pumpkinmanmesochob0    
|uhtml|bestof|Game 2 of a best-of-3
|t:|1756584985
|gametype|doubles
|player|p1|Pumpkinman|cyclist-gen4|1057
|player|p2|mesochob0|265|1150
|gen|9
|tier|[Gen 9] VGC 2025 Reg H (Bo3)
|rated|
|rule|Species Clause: Limit one of each Pokémon
|rule|Item Clause: Limit 1 of each item
|clearpoke
|poke|p1|Charizard, L50, F|
|poke|p1|Torkoal, L50, F|
|poke|p1|Porygon2, L50|
|poke|p1|Incineroar, L50, F|
|poke|p1|Jumpluff, L50, M|
|poke|p1|Ursaluna, L50, M|
|poke|p2|Blastoise, L50, F|
|poke|p2|Incineroar, L50, F|
|poke|p2|Pelipper, L50, M|
|poke|p2|Indeedee-F, L50, F|
|poke|p2|Sneasler, L50, F|
|poke|p2|Archaludon, L50, M|
|teampreview|4
|showteam|p1|Charizard||ChoiceSpecs|SolarPower|HeatWave,Overheat,WeatherBall,AirSlash|||F|||50|,,,,,Ghost]Torkoal||EjectPack|Drought|Eruption,Overheat,HelpingHand,Protect|||F|||50|,,,,,Fire]Porygon2||Eviolite|Download|TeraBlast,IceBeam,Recover,TrickRoom||||||50|,,,,,Fighting]Incineroar||SitrusBerry|Intimidate|FlareBlitz,KnockOff,FakeOut,PartingShot|||F|||50|,,,,,Ghost]Jumpluff||CovertCloak|Chlorophyll|SleepPowder,SunnyDay,RagePowder,Tailwind|||M|||50|,,,,,Water]Ursaluna||FlameOrb|Guts|HeadlongRush,Facade,Earthquake,Protect|||M|||50|,,,,,Ghost
|showteam|p2|Blastoise||WhiteHerb|RainDish|Protect,WaterSpout,ShellSmash,WeatherBall|||F|||50|,,,,,Water]Incineroar||SafetyGoggles|Intimidate|FakeOut,KnockOff,PartingShot,Taunt|||F|||50|,,,,,Bug]Pelipper||FocusSash|Drizzle|Hurricane,Protect,Tailwind,WideGuard|||M|||50|,,,,,Ground]Indeedee-F||SitrusBerry|PsychicSurge|FollowMe,TrickRoom,Imprison,Psychic|||F|||50|,,,,,Dark]Sneasler||PsychicSeed|Unburden|CloseCombat,DireClaw,Protect,ThroatChop|||F|||50|,,,,,Dark]Archaludon||AssaultVest|Stamina|BodyPress,DragonPulse,ElectroShot,FlashCannon|||M|||50|,,,,,Flying
|inactive|Battle timer is ON: inactive players will automatically lose when time's up. (requested by Pumpkinman)
|
|t:|1756585011
|teamsize|p1|4
|teamsize|p2|4
|start
|switch|p1a: Jumpluff|Jumpluff, L50, M|100/100
|switch|p1b: Incineroar|Incineroar, L50, F|100/100
|switch|p2a: Indeedee|Indeedee-F, L50, F|100/100
|switch|p2b: Sneasler|Sneasler, L50, F|100/100
|-ability|p1b: Incineroar|Intimidate|boost
|-unboost|p2a: Indeedee|atk|1
|-unboost|p2b: Sneasler|atk|1
|-fieldstart|move: Psychic Terrain|[from] ability: Psychic Surge|[of] p2a: Indeedee
|-enditem|p2b: Sneasler|Psychic Seed
|-boost|p2b: Sneasler|spd|1|[from] item: Psychic Seed
|turn|1
|inactive|Pumpkinman has 30 seconds left.
|inactive|mesochob0 has 30 seconds left.
|inactive|Pumpkinman has 20 seconds left.
|
|t:|1756585048
|move|p2b: Sneasler|Dire Claw|p1a: Jumpluff
|-supereffective|p1a: Jumpluff
|-damage|p1a: Jumpluff|26/100
|move|p1a: Jumpluff|Sleep Powder|p2b: Sneasler
|-status|p2b: Sneasler|slp|[from] move: Sleep Powder
|move|p1b: Incineroar|Knock Off|p2a: Indeedee
|-supereffective|p2a: Indeedee
|-damage|p2a: Indeedee|22/100
|-enditem|p2a: Indeedee|Sitrus Berry|[from] move: Knock Off|[of] p1b: Incineroar
|move|p2a: Indeedee|Psychic|p1a: Jumpluff
|-damage|p1a: Jumpluff|0 fnt
|faint|p1a: Jumpluff
|
|upkeep
|
|t:|1756585067
|switch|p1a: Torkoal|Torkoal, L50, F|100/100
|-weather|SunnyDay|[from] ability: Drought|[of] p1a: Torkoal
|turn|2
|inactive|Pumpkinman has 30 seconds left.
|
|t:|1756585099
|switch|p2a: Pelipper|Pelipper, L50, M|100/100
|-weather|RainDance|[from] ability: Drizzle|[of] p2a: Pelipper
|cant|p2b: Sneasler|slp
|move|p1b: Incineroar|Parting Shot|p2b: Sneasler
|-unboost|p2b: Sneasler|atk|1
|-unboost|p2b: Sneasler|spa|1
|
|t:|1756585107
|switch|p1b: Charizard|Charizard, L50, F|100/100|[from] Parting Shot
|move|p1a: Torkoal|Overheat|p2a: Pelipper
|-resisted|p2a: Pelipper
|-damage|p2a: Pelipper|76/100
|-unboost|p1a: Torkoal|spa|2
|-enditem|p1a: Torkoal|Eject Pack
|
|t:|1756585111
|switch|p1a: Incineroar|Incineroar, L50, F|100/100
|-ability|p1a: Incineroar|Intimidate|boost
|-unboost|p2a: Pelipper|atk|1
|-unboost|p2b: Sneasler|atk|1
|
|-weather|RainDance|[upkeep]
|upkeep
|turn|3
|inactive|Pumpkinman has 30 seconds left.
|inactive|Pumpkinman has 20 seconds left.
|inactive|Pumpkinman has 15 seconds left.
|inactive|Pumpkinman has 10 seconds left.
|inactive|Pumpkinman has 5 seconds left.
|
|t:|1756585163
|switch|p2a: Indeedee|Indeedee-F, L50, F|22/100
|-terastallize|p1b: Charizard|Ghost
|cant|p2b: Sneasler|slp
|move|p1b: Charizard|Air Slash|p2b: Sneasler
|-supereffective|p2b: Sneasler
|-damage|p2b: Sneasler|10/100 slp
|move|p1a: Incineroar|Knock Off|p2a: Indeedee
|-supereffective|p2a: Indeedee
|-damage|p2a: Indeedee|0 fnt
|faint|p2a: Indeedee
|
|-weather|RainDance|[upkeep]
|upkeep
|
|t:|1756585180
|switch|p2a: Blastoise|Blastoise, L50, F|100/100
|turn|4
|inactive|Pumpkinman has 30 seconds left.
|inactive|mesochob0 has 30 seconds left.
|inactive|Pumpkinman has 20 seconds left.
|inactive|mesochob0 has 20 seconds left.
|
|t:|1756585217
|switch|p1b: Torkoal|Torkoal, L50, F|100/100
|-weather|SunnyDay|[from] ability: Drought|[of] p1b: Torkoal
|-curestatus|p2b: Sneasler|slp|[msg]
|move|p2b: Sneasler|Protect|p2b: Sneasler
|-singleturn|p2b: Sneasler|Protect
|move|p2a: Blastoise|Protect|p2a: Blastoise
|-singleturn|p2a: Blastoise|Protect
|move|p1a: Incineroar|Parting Shot|p2a: Blastoise
|-activate|p2a: Blastoise|move: Protect
|
|-weather|SunnyDay|[upkeep]
|upkeep
|turn|5
|inactive|Pumpkinman has 30 seconds left.
|inactive|Pumpkinman has 20 seconds left.
|inactive|Pumpkinman has 15 seconds left.
|inactive|Pumpkinman has 10 seconds left.
|inactive|Pumpkinman has 5 seconds left.
|
|t:|1756585268
|switch|p2b: Pelipper|Pelipper, L50, M|76/100
|-weather|RainDance|[from] ability: Drizzle|[of] p2b: Pelipper
|switch|p1b: Charizard|Charizard, L50, F, tera:Ghost|100/100
|-terastallize|p2a: Blastoise|Water
|move|p2a: Blastoise|Water Spout|p1b: Charizard|[spread] p1a,p1b
|-supereffective|p1a: Incineroar
|-crit|p1b: Charizard
|-damage|p1a: Incineroar|0 fnt
|-damage|p1b: Charizard|0 fnt
|faint|p1a: Incineroar
|faint|p1b: Charizard
|
|-weather|RainDance|[upkeep]
|-fieldend|move: Psychic Terrain
|upkeep
|-message|Pumpkinman forfeited.
|
|win|mesochob0
|raw|Pumpkinman's rating: 1057 → 1043(-14 for losing)
|raw|mesochob0's rating: 1150 → 1168(+18 for winning)
