|j|☆Los Ramirez
|j|☆gianlucone
|html|Los Ramirezgianlucone    
|uhtml|bestof|Game 3 of a best-of-3
|t:|1783012411
|gametype|doubles
|player|p1|Los Ramirez|will|1278
|player|p2|gianlucone|170|1197
|gen|9
|tier|[Gen 9 Champions] VGC 2026 Reg M-B (Bo3)
|rated|
|rule|Species Clause: Limit one of each Pokémon
|rule|Item Clause: Limit 1 of each item
|clearpoke
|poke|p1|Floette-Eternal, L50, F|
|poke|p1|Incineroar, L50, F|
|poke|p1|Sinistcha, L50|
|poke|p1|Ditto, L50|
|poke|p1|Blaziken, L50, M|
|poke|p1|Sneasler, L50, M|
|poke|p2|Staraptor, L50, M|
|poke|p2|Grimmsnarl, L50, M|
|poke|p2|Incineroar, L50, F|
|poke|p2|Sinistcha, L50|
|poke|p2|Excadrill, L50, F|
|poke|p2|Primarina, L50, F|
|teampreview|4
|showteam|p1|Floette-Eternal||Floettite|FlowerVeil|Protect,DazzlingGleam,CalmMind,DrainingKiss|Modest||F|||50|]Incineroar||PasshoBerry|Intimidate|FakeOut,FlareBlitz,PartingShot,ThroatChop|Impish||F|||50|]Sinistcha||KasibBerry|Hospitality|LifeDew,MatchaGotcha,RagePowder,TrickRoom|Calm|||||50|]Ditto||FocusSash|Imposter|Transform|Timid|||||50|]Blaziken||Blazikenite|SpeedBoost|Protect,FlareBlitz,CloseCombat,SwordsDance|Adamant||M|||50|]Sneasler||WhiteHerb|Unburden|Protect,CloseCombat,DireClaw,FakeOut|Jolly||M|||50|
|showteam|p2|Staraptor||Staraptite|Intimidate|CloseCombat,BraveBird,Roost,Protect|Jolly||M|||50|]Grimmsnarl||LightClay|Prankster|Reflect,LightScreen,PartingShot,SpiritBreak|Impish||M|||50|]Incineroar||SitrusBerry|Intimidate|FakeOut,PartingShot,DarkestLariat,FlareBlitz|Impish||F|||50|]Sinistcha||ColburBerry|Hospitality|MatchaGotcha,RagePowder,TrickRoom,ShadowBall|Calm|||||50|]Excadrill||Excadrite|SandRush|HighHorsepower,IronHead,RockSlide,Protect|Adamant||F|||50|]Primarina||LifeOrb|LiquidVoice|HyperVoice,Moonblast,IceBeam,Protect|Modest||F|||50|
|inactive|Battle timer is ON: inactive players will automatically lose when time's up. (requested by gianlucone)
|inactive|Los Ramirez also wants the timer to be on.
|
|t:|1783012432
|teamsize|p1|4
|teamsize|p2|4
|start
|switch|p1a: Sneasler|Sneasler, L50, M|100/100
|switch|p1b: Floette|Floette-Eternal, L50, F|100/100
|switch|p2a: Incineroar|Incineroar, L50, F|100/100
|switch|p2b: Grimmsnarl|Grimmsnarl, L50, M|100/100
|-ability|p2a: Incineroar|Intimidate|boost
|-unboost|p1a: Sneasler|atk|1
|-unboost|p1b: Floette|atk|1
|-enditem|p1a: Sneasler|White Herb
|-clearnegativeboost|p1a: Sneasler|[silent]
|turn|1
|
|t:|1783012447
|move|p2a: Incineroar|Fake Out|p1b: Floette
|-damage|p1b: Floette|88/100
|move|p2b: Grimmsnarl|Reflect|p2b: Grimmsnarl
|-sidestart|p2: gianlucone|Reflect
|move|p1a: Sneasler|Close Combat|p2a: Incineroar
|-supereffective|p2a: Incineroar|1
|-damage|p2a: Incineroar|34/100
|-unboost|p1a: Sneasler|def|1
|-unboost|p1a: Sneasler|spd|1
|-enditem|p2a: Incineroar|Sitrus Berry|[eat]
|-heal|p2a: Incineroar|59/100|[from] item: Sitrus Berry
|cant|p1b: Floette|flinch
|
|upkeep
|turn|2
|
|t:|1783012475
|switch|p2a: Primarina|Primarina, L50, F|100/100
|detailschange|p1b: Floette|Floette-Mega, L50, F
|-mega|p1b: Floette|Floette|Floettite
|-ability|p1b: Floette|Fairy Aura
|move|p2b: Grimmsnarl|Parting Shot|p1b: Floette
|-unboost|p1b: Floette|atk|1
|-unboost|p1b: Floette|spa|1
|
|t:|1783012484
|switch|p2b: Incineroar|Incineroar, L50, F|59/100|[from] Parting Shot
|-ability|p2b: Incineroar|Intimidate|boost
|-unboost|p1a: Sneasler|atk|1
|-unboost|p1b: Floette|atk|1
|move|p1a: Sneasler|Close Combat|p2a: Primarina
|-resisted|p2a: Primarina|1
|-damage|p2a: Primarina|86/100
|-unboost|p1a: Sneasler|def|1
|-unboost|p1a: Sneasler|spd|1
|move|p1b: Floette|Dazzling Gleam|p2a: Primarina|[spread] p2a,p2b
|-damage|p2a: Primarina|59/100
|-damage|p2b: Incineroar|33/100
|
|upkeep
|turn|3
|j| Woops I Choked
|
|t:|1783012499
|move|p1a: Sneasler|Protect|p1a: Sneasler
|-singleturn|p1a: Sneasler|Protect
|move|p1b: Floette|Protect|p1b: Floette
|-singleturn|p1b: Floette|Protect
|move|p2b: Incineroar|Fake Out|p1a: Sneasler
|-activate|p1a: Sneasler|move: Protect
|move|p2a: Primarina|Moonblast|p1a: Sneasler
|-activate|p1a: Sneasler|move: Protect
|
|upkeep
|turn|4
|
|t:|1783012511
|switch|p1a: Incineroar|Incineroar, L50, F|100/100
|-ability|p1a: Incineroar|Intimidate|boost
|-unboost|p2a: Primarina|atk|1
|-unboost|p2b: Incineroar|atk|1
|switch|p2b: Grimmsnarl|Grimmsnarl, L50, M|100/100
|move|p1b: Floette|Dazzling Gleam|p2b: Grimmsnarl|[spread] p2a,p2b
|-supereffective|p2b: Grimmsnarl|1
|-damage|p2a: Primarina|34/100
|-damage|p2b: Grimmsnarl|46/100
|move|p2a: Primarina|Moonblast|p1b: Floette
|-damage|p1b: Floette|27/100
|-damage|p2a: Primarina|24/100|[from] item: Life Orb
|
|upkeep
|turn|5
|
|t:|1783012527
|switch|p2b: Excadrill|Excadrill, L50, F|100/100
|move|p2a: Primarina|Protect|p2a: Primarina
|-singleturn|p2a: Primarina|Protect
|move|p1a: Incineroar|Fake Out|p2b: Excadrill
|-resisted|p2b: Excadrill|1
|-damage|p2b: Excadrill|95/100
|move|p1b: Floette|Dazzling Gleam|p2b: Excadrill|[spread] p2b
|-activate|p2a: Primarina|move: Protect
|-resisted|p2b: Excadrill|1
|-damage|p2b: Excadrill|82/100
|
|upkeep
|turn|6
|
|t:|1783012547
|switch|p2a: Incineroar|Incineroar, L50, F|33/100
|-ability|p2a: Incineroar|Intimidate|boost
|-unboost|p1a: Incineroar|atk|1
|-unboost|p1b: Floette|atk|1
|detailschange|p2b: Excadrill|Excadrill-Mega, L50, F
|-mega|p2b: Excadrill|Excadrill|Excadrite
|move|p1b: Floette|Dazzling Gleam|p2a: Incineroar|[spread] p2a,p2b
|-resisted|p2b: Excadrill|1
|-damage|p2a: Incineroar|9/100
|-damage|p2b: Excadrill|66/100
|move|p2b: Excadrill|Iron Head|p1b: Floette
|-supereffective|p1b: Floette|1
|-damage|p1b: Floette|0 fnt
|faint|p1b: Floette
|move|p1a: Incineroar|Flare Blitz|p2b: Excadrill
|-supereffective|p2b: Excadrill|1
|-damage|p2b: Excadrill|31/100
|-damage|p1a: Incineroar|88/100|[from] Recoil
|
|upkeep
|
|t:|1783012564
|switch|p1b: Ditto|Ditto, L50|100/100
|-transform|p1b: Ditto|p2a: Incineroar|[from] ability: Imposter
|-ability|p1b: Ditto|Intimidate|boost
|-unboost|p2a: Incineroar|atk|1
|-unboost|p2b: Excadrill|atk|1
|turn|7
|
|t:|1783012584
|switch|p2a: Grimmsnarl|Grimmsnarl, L50, M|46/100
|move|p2b: Excadrill|Protect|p2b: Excadrill
|-singleturn|p2b: Excadrill|Protect
|move|p1a: Incineroar|Parting Shot|p2a: Grimmsnarl
|-unboost|p2a: Grimmsnarl|atk|1
|-unboost|p2a: Grimmsnarl|spa|1
|
|t:|1783012591
|switch|p1a: Sneasler|Sneasler, L50, M|100/100|[from] Parting Shot
|move|p1b: Ditto|Flare Blitz|p2b: Excadrill
|-activate|p2b: Excadrill|move: Protect
|
|upkeep
|turn|8
|
|t:|1783012601
|switch|p2b: Incineroar|Incineroar, L50, F|9/100
|-ability|p2b: Incineroar|Intimidate|boost
|-unboost|p1a: Sneasler|atk|1
|-unboost|p1b: Ditto|atk|1
|move|p2a: Grimmsnarl|Parting Shot|p1a: Sneasler
|-unboost|p1a: Sneasler|atk|1
|-unboost|p1a: Sneasler|spa|1
|
|t:|1783012609
|switch|p2a: Primarina|Primarina, L50, F|24/100|[from] Parting Shot
|move|p1a: Sneasler|Close Combat|p2b: Incineroar
|-supereffective|p2b: Incineroar|1
|-damage|p2b: Incineroar|0 fnt
|-unboost|p1a: Sneasler|def|1
|-unboost|p1a: Sneasler|spd|1
|faint|p2b: Incineroar
|move|p1b: Ditto|Parting Shot|p2a: Primarina
|-unboost|p2a: Primarina|atk|1
|-unboost|p2a: Primarina|spa|1
|
|t:|1783012619
|switch|p1b: Incineroar|Incineroar, L50, F|88/100|[from] Parting Shot
|-ability|p1b: Incineroar|Intimidate|boost
|-unboost|p2a: Primarina|atk|1
|
|-sideend|p2: gianlucone|Reflect
|upkeep
|
|t:|1783012625
|switch|p2b: Grimmsnarl|Grimmsnarl, L50, M|46/100
|turn|9
|
|t:|1783012630
|switch|p1a: Ditto|Ditto, L50|100/100
|-transform|p1a: Ditto|p2b: Grimmsnarl|[from] ability: Imposter
|move|p1b: Incineroar|Fake Out|p2a: Primarina
|-damage|p2a: Primarina|13/100
|move|p2b: Grimmsnarl|Reflect|p2b: Grimmsnarl
|-sidestart|p2: gianlucone|Reflect
|cant|p2a: Primarina|flinch
|
|upkeep
|turn|10
|
|t:|1783012644
|move|p1b: Incineroar|Parting Shot|p2b: Grimmsnarl
|-unboost|p2b: Grimmsnarl|atk|1
|-unboost|p2b: Grimmsnarl|spa|1
|
|t:|1783012647
|switch|p1b: Sneasler|Sneasler, L50, M|100/100|[from] Parting Shot
|move|p1a: Ditto|Spirit Break|p2a: Primarina
|-damage|p2a: Primarina|0 fnt
|faint|p2a: Primarina
|move|p2b: Grimmsnarl|Spirit Break|p1a: Ditto
|-supereffective|p1a: Ditto|1
|-damage|p1a: Ditto|49/100
|-unboost|p1a: Ditto|spa|1
|
|upkeep
|-message|gianlucone forfeited.
|raw|Los Ramirez's rating: 1278 → 1297(+19 for winning)
|raw|gianlucone's rating: 1197 → 1178(-19 for losing)
|
|win|Los Ramirez
