|j|☆oscraft89
|j|☆tha kid quaz
|html|oscraft89tha kid quaz    
|uhtml|bestof|Game 3 of a best-of-3
|t:|1757166401
|gametype|doubles
|player|p1|oscraft89|1|1375
|player|p2|tha kid quaz|wattson|1463
|gen|9
|tier|[Gen 9] VGC 2025 Reg H (Bo3)
|rated|
|rule|Species Clause: Limit one of each Pokémon
|rule|Item Clause: Limit 1 of each item
|clearpoke
|poke|p1|Porygon2, L50|
|poke|p1|Incineroar, L50, F|
|poke|p1|Jumpluff, L50, F|
|poke|p1|Charizard, L50, F|
|poke|p1|Ursaluna, L50, M|
|poke|p1|Torkoal, L50, F|
|poke|p2|Gholdengo, L50|
|poke|p2|Amoonguss, L50, F|
|poke|p2|Basculegion, L50, M|
|poke|p2|Pelipper, L50, M|
|poke|p2|Incineroar, L50, M|
|poke|p2|Archaludon, L50, M|
|teampreview|4
|showteam|p1|Porygon2||Eviolite|Download|TeraBlast,IceBeam,Recover,TrickRoom||||||50|,,,,,Fighting]Incineroar||SitrusBerry|Intimidate|FakeOut,FlareBlitz,KnockOff,PartingShot|||F|||50|,,,,,Ghost]Jumpluff||CovertCloak|Chlorophyll|SleepPowder,Tailwind,SunnyDay,RagePowder|||F|||50|,,,,,Water]Charizard||ChoiceSpecs|SolarPower|HeatWave,WeatherBall,DragonPulse,Overheat|||F|||50|,,,,,Ghost]Ursaluna||FlameOrb|Guts|Protect,Earthquake,HeadlongRush,Facade|||M|||50|,,,,,Ghost]Torkoal||EjectPack|Drought|Eruption,Overheat,HelpingHand,Protect|||F|||50|,,,,,Fire
|showteam|p2|Gholdengo||LifeOrb|GoodasGold|MakeItRain,ShadowBall,NastyPlot,Protect||||||50|,,,,,Water]Amoonguss||SitrusBerry|Regenerator|Spore,RagePowder,PollenPuff,Protect|||F|||50|,,,,,Psychic]Basculegion||ChoiceBand|SwiftSwim|WaveCrash,FlipTurn,LastRespects,AquaJet|||M|||50|,,,,,Water]Pelipper||FocusSash|Drizzle|WeatherBall,Hurricane,Tailwind,Protect|||M|||50|,,,,,Ground]Incineroar||SafetyGoggles|Intimidate|FlareBlitz,KnockOff,PartingShot,FakeOut|||M|||50|,,,,,Ghost]Archaludon||AssaultVest|Stamina|ElectroShot,FlashCannon,DracoMeteor,BodyPress|||M|||50|,,,,,Bug
|inactive|Battle timer is ON: inactive players will automatically lose when time's up. (requested by tha kid quaz)
|
|t:|1757166421
|teamsize|p1|4
|teamsize|p2|4
|start
|switch|p1a: Incineroar|Incineroar, L50, F|100/100
|switch|p1b: Charizard|Charizard, L50, F|100/100
|switch|p2a: Basculegion|Basculegion, L50, M|100/100
|switch|p2b: Amoonguss|Amoonguss, L50, F|100/100
|-ability|p1a: Incineroar|Intimidate|boost
|-unboost|p2a: Basculegion|atk|1
|-unboost|p2b: Amoonguss|atk|1
|turn|1
|inactive|oscraft89 has 30 seconds left.
|inactive|oscraft89 has 20 seconds left.
|
|t:|1757166457
|switch|p1a: Torkoal|Torkoal, L50, F|100/100
|-weather|SunnyDay|[from] ability: Drought|[of] p1a: Torkoal
|switch|p2b: Pelipper|Pelipper, L50, M|100/100
|-weather|RainDance|[from] ability: Drizzle|[of] p2b: Pelipper
|-terastallize|p2a: Basculegion|Water
|move|p2a: Basculegion|Flip Turn|p1b: Charizard
|-supereffective|p1b: Charizard
|-damage|p1b: Charizard|0 fnt
|faint|p1b: Charizard
|
|t:|1757166466
|switch|p2a: Amoonguss|Amoonguss, L50, F|100/100|[from] Flip Turn
|
|-weather|RainDance|[upkeep]
|upkeep
|
|t:|1757166471
|switch|p1b: Incineroar|Incineroar, L50, F|100/100
|-ability|p1b: Incineroar|Intimidate|boost
|-unboost|p2a: Amoonguss|atk|1
|-unboost|p2b: Pelipper|atk|1
|turn|2
|
|t:|1757166484
|move|p1b: Incineroar|Fake Out|p2b: Pelipper
|-damage|p2b: Pelipper|84/100
|cant|p2b: Pelipper|flinch
|move|p2a: Amoonguss|Spore|p1b: Incineroar
|-status|p1b: Incineroar|slp|[from] move: Spore
|move|p1a: Torkoal|Overheat|p2a: Amoonguss
|-supereffective|p2a: Amoonguss
|-damage|p2a: Amoonguss|56/100
|-unboost|p1a: Torkoal|spa|2
|-enditem|p1a: Torkoal|Eject Pack
|
|t:|1757166493
|switch|p1a: Ursaluna|Ursaluna, L50, M|100/100
|
|-weather|RainDance|[upkeep]
|-status|p1a: Ursaluna|brn|[from] item: Flame Orb
|upkeep
|turn|3
|
|t:|1757166497
|switch|p1b: Torkoal|Torkoal, L50, F|100/100
|-weather|SunnyDay|[from] ability: Drought|[of] p1b: Torkoal
|move|p2a: Amoonguss|Rage Powder|p2a: Amoonguss
|-singleturn|p2a: Amoonguss|move: Rage Powder
|move|p2b: Pelipper|Weather Ball|p1a: Ursaluna
|-damage|p1a: Ursaluna|58/100 brn
|move|p1a: Ursaluna|Facade|p2a: Amoonguss
|-damage|p2a: Amoonguss|0 fnt
|faint|p2a: Amoonguss
|
|-weather|SunnyDay|[upkeep]
|-damage|p1a: Ursaluna|52/100 brn|[from] brn
|upkeep
|
|t:|1757166502
|switch|p2a: Basculegion|Basculegion, L50, M, tera:Water|100/100
|turn|4
|
|t:|1757166508
|switch|p2a: Incineroar|Incineroar, L50, M|100/100
|-ability|p2a: Incineroar|Intimidate|boost
|-unboost|p1a: Ursaluna|atk|1
|-unboost|p1b: Torkoal|atk|1
|move|p1a: Ursaluna|Protect|p1a: Ursaluna
|-singleturn|p1a: Ursaluna|Protect
|move|p2b: Pelipper|Weather Ball|p1a: Ursaluna
|-activate|p1a: Ursaluna|move: Protect
|move|p1b: Torkoal|Overheat|p2b: Pelipper
|-resisted|p2b: Pelipper
|-damage|p2b: Pelipper|14/100
|-unboost|p1b: Torkoal|spa|2
|
|-weather|SunnyDay|[upkeep]
|-damage|p1a: Ursaluna|46/100 brn|[from] brn
|upkeep
|turn|5
|
|t:|1757166524
|switch|p1a: Incineroar|Incineroar, L50, F|100/100 slp
|-ability|p1a: Incineroar|Intimidate|boost
|-unboost|p2a: Incineroar|atk|1
|-unboost|p2b: Pelipper|atk|1
|move|p2a: Incineroar|Fake Out|p1b: Torkoal
|-damage|p1b: Torkoal|94/100
|move|p2b: Pelipper|Weather Ball|p1a: Incineroar
|-resisted|p1a: Incineroar
|-damage|p1a: Incineroar|77/100 slp
|cant|p1b: Torkoal|flinch
|
|-weather|SunnyDay|[upkeep]
|upkeep
|turn|6
|
|t:|1757166534
|switch|p2b: Basculegion|Basculegion, L50, M, tera:Water|100/100
|switch|p1b: Ursaluna|Ursaluna, L50, M|46/100 brn
|move|p2a: Incineroar|Parting Shot|p1a: Incineroar
|-unboost|p1a: Incineroar|atk|1
|-unboost|p1a: Incineroar|spa|1
|
|t:|1757166541
|switch|p2a: Pelipper|Pelipper, L50, M|14/100|[from] Parting Shot
|-weather|RainDance|[from] ability: Drizzle|[of] p2a: Pelipper
|cant|p1a: Incineroar|slp
|
|-weather|RainDance|[upkeep]
|-damage|p1b: Ursaluna|40/100 brn|[from] brn
|upkeep
|turn|7
|
|t:|1757166548
|switch|p2a: Incineroar|Incineroar, L50, M|100/100
|-ability|p2a: Incineroar|Intimidate|boost
|-unboost|p1a: Incineroar|atk|1
|-unboost|p1b: Ursaluna|atk|1
|switch|p1b: Torkoal|Torkoal, L50, F|94/100
|-weather|SunnyDay|[from] ability: Drought|[of] p1b: Torkoal
|-terastallize|p1a: Incineroar|Ghost
|move|p2b: Basculegion|Wave Crash|p1b: Torkoal
|-supereffective|p1b: Torkoal
|-damage|p1b: Torkoal|0 fnt
|faint|p1b: Torkoal
|-damage|p2b: Basculegion|72/100|[from] Recoil
|-curestatus|p1a: Incineroar|slp|[msg]
|move|p1a: Incineroar|Knock Off|p2a: Incineroar
|-resisted|p2a: Incineroar
|-crit|p2a: Incineroar
|-damage|p2a: Incineroar|69/100
|-enditem|p2a: Incineroar|Safety Goggles|[from] move: Knock Off|[of] p1a: Incineroar
|
|-weather|SunnyDay|[upkeep]
|upkeep
|
|t:|1757166555
|switch|p1b: Ursaluna|Ursaluna, L50, M|40/100 brn
|turn|8
|
|t:|1757166563
|switch|p2a: Pelipper|Pelipper, L50, M|14/100
|-weather|RainDance|[from] ability: Drizzle|[of] p2a: Pelipper
|move|p2b: Basculegion|Wave Crash|p1a: Incineroar
|-damage|p1a: Incineroar|0 fnt
|faint|p1a: Incineroar
|-damage|p2b: Basculegion|46/100|[from] Recoil
|move|p1b: Ursaluna|Facade|p2b: Basculegion
|-damage|p2b: Basculegion|0 fnt
|faint|p2b: Basculegion
|
|-weather|RainDance|[upkeep]
|-damage|p1b: Ursaluna|35/100 brn|[from] brn
|upkeep
|
|t:|1757166565
|switch|p2b: Incineroar|Incineroar, L50, M|69/100
|-ability|p2b: Incineroar|Intimidate|boost
|-unboost|p1b: Ursaluna|atk|1
|turn|9
|
|t:|1757166570
|move|p1b: Ursaluna|Protect|p1b: Ursaluna
|-singleturn|p1b: Ursaluna|Protect
|move|p2a: Pelipper|Weather Ball|p1b: Ursaluna
|-activate|p1b: Ursaluna|move: Protect
|move|p2b: Incineroar|Knock Off|p1b: Ursaluna
|-activate|p1b: Ursaluna|move: Protect
|
|-weather|RainDance|[upkeep]
|-damage|p1b: Ursaluna|29/100 brn|[from] brn
|upkeep
|turn|10
|
|t:|1757166574
|move|p2a: Pelipper|Weather Ball|p1b: Ursaluna
|-supereffective|p1b: Ursaluna
|-damage|p1b: Ursaluna|0 fnt
|faint|p1b: Ursaluna
|
|win|tha kid quaz
|raw|oscraft89's rating: 1375 → 1360(-15 for losing)
|raw|tha kid quaz's rating: 1463 → 1478(+15 for winning)
