|j|☆Notaplaceofhonor
|j|☆bleldigs
|html|Notaplaceofhonorbleldigs    
|uhtml|bestof|Game 3 of a best-of-3
|t:|1757003260
|gametype|doubles
|player|p1|Notaplaceofhonor|juan-gen3|1177
|player|p2|bleldigs|265|1040
|gen|9
|tier|[Gen 9] VGC 2025 Reg H (Bo3)
|rated|
|rule|Species Clause: Limit one of each Pokémon
|rule|Item Clause: Limit 1 of each item
|clearpoke
|poke|p1|Ursaluna, L50, M|
|poke|p1|Incineroar, L50, F|
|poke|p1|Archaludon, L50, F|
|poke|p1|Pelipper, L50, F|
|poke|p1|Basculegion, L50, M|
|poke|p1|Sinistcha, L50|
|poke|p2|Dragonite, L50, M|
|poke|p2|Cyclizar, L50, M|
|poke|p2|Incineroar, L50, M|
|poke|p2|Ninetales-Alola, L50, F|
|poke|p2|Porygon2, L50|
|poke|p2|Ursaluna-Bloodmoon, L50, M|
|teampreview|4
|showteam|p1|Ursaluna||FlameOrb|Guts|Protect,Facade,Earthquake,HeadlongRush|||M|||50|,,,,,Ghost]Incineroar||SafetyGoggles|Intimidate|Taunt,FakeOut,KnockOff,PartingShot|||F|||50|,,,,,Ghost]Archaludon||AssaultVest|Stamina|ElectroShot,Snarl,DracoMeteor,BodyPress|||F|||50|,,,,,Grass]Pelipper||FocusSash|Drizzle|Hurricane,WeatherBall,Tailwind,Protect|||F|||50|,,,,,Ghost]Basculegion||ChoiceScarf|Adaptability|WaveCrash,LastRespects,FlipTurn,IcyWind|||M|||50|,,,,,Water]Sinistcha||SitrusBerry|Hospitality|MatchaGotcha,LifeDew,RagePowder,TrickRoom||||||50|,,,,,Water
|showteam|p2|Dragonite||LoadedDice|Multiscale|ScaleShot,ExtremeSpeed,Haze,Protect|||M|||50|,,,,,Fairy]Cyclizar||CovertCloak|Regenerator|DracoMeteor,KnockOff,ShedTail,Protect|||M|||50|,,,,,Ghost]Incineroar||SitrusBerry|Intimidate|FakeOut,PartingShot,KnockOff,FlareBlitz|||M|||50|,,,,,Grass]Ninetales-Alola||FocusSash|SnowWarning|Blizzard,AuroraVeil,Encore,Protect|||F|||50|,,,,,Ghost]Porygon2||Eviolite|Trace|TeraBlast,ShadowBall,Recover,TrickRoom||||||50|,,,,,Stellar]Ursaluna-Bloodmoon||LifeOrb|MindsEye|BloodMoon,EarthPower,HyperVoice,Protect|||M|||50|,,,,,Normal
|
|t:|1757003319
|teamsize|p1|4
|teamsize|p2|4
|start
|switch|p1a: Archaludon|Archaludon, L50, F|100/100
|switch|p1b: Ursaluna|Ursaluna, L50, M|100/100
|switch|p2a: Cyclizar|Cyclizar, L50, M|100/100
|switch|p2b: Incineroar|Incineroar, L50, M|100/100
|-ability|p2b: Incineroar|Intimidate|boost
|-unboost|p1a: Archaludon|atk|1
|-unboost|p1b: Ursaluna|atk|1
|turn|1
|
|t:|1757003372
|move|p1b: Ursaluna|Protect|p1b: Ursaluna
|-singleturn|p1b: Ursaluna|Protect
|move|p2a: Cyclizar|Knock Off|p1b: Ursaluna
|-activate|p1b: Ursaluna|move: Protect
|move|p1a: Archaludon|Snarl|p2b: Incineroar|[spread] p2a,p2b
|-resisted|p2b: Incineroar
|-damage|p2a: Cyclizar|77/100
|-damage|p2b: Incineroar|94/100
|-unboost|p2b: Incineroar|spa|1
|move|p2b: Incineroar|Parting Shot|p1a: Archaludon
|-unboost|p1a: Archaludon|atk|1
|-unboost|p1a: Archaludon|spa|1
|
|t:|1757003389
|switch|p2b: Ninetales|Ninetales-Alola, L50, F|100/100|[from] Parting Shot
|-weather|Snowscape|[from] ability: Snow Warning|[of] p2b: Ninetales
|
|-weather|Snowscape|[upkeep]
|-status|p1b: Ursaluna|brn|[from] item: Flame Orb
|upkeep
|turn|2
|
|t:|1757003415
|switch|p1b: Pelipper|Pelipper, L50, F|100/100
|-weather|RainDance|[from] ability: Drizzle|[of] p1b: Pelipper
|move|p2a: Cyclizar|Knock Off|p1a: Archaludon
|-damage|p1a: Archaludon|85/100
|-ability|p1a: Archaludon|Stamina|boost
|-boost|p1a: Archaludon|def|1
|-enditem|p1a: Archaludon|Assault Vest|[from] move: Knock Off|[of] p2a: Cyclizar
|move|p2b: Ninetales|Blizzard|p1a: Archaludon|[spread] p1a,p1b
|-damage|p1a: Archaludon|52/100
|-damage|p1b: Pelipper|42/100
|-ability|p1a: Archaludon|Stamina|boost
|-boost|p1a: Archaludon|def|1
|move|p1a: Archaludon|Electro Shot||[still]
|-prepare|p1a: Archaludon|Electro Shot
|-boost|p1a: Archaludon|spa|1
|-anim|p1a: Archaludon|Electro Shot|p2b: Ninetales
|-damage|p2b: Ninetales|55/100
|
|-weather|RainDance|[upkeep]
|upkeep
|turn|3
|
|t:|1757003456
|switch|p2b: Dragonite|Dragonite, L50, M, shiny|100/100
|move|p2a: Cyclizar|Shed Tail|p2a: Cyclizar
|-start|p2a: Cyclizar|Substitute|[from] move: Shed Tail
|-damage|p2a: Cyclizar|27/100
|
|t:|1757003460
|switch|p2a: Ninetales|Ninetales-Alola, L50, F|55/100|[from] Shed Tail
|-weather|Snowscape|[from] ability: Snow Warning|[of] p2a: Ninetales
|move|p1b: Pelipper|Weather Ball|p2b: Dragonite
|-supereffective|p2b: Dragonite
|-damage|p2b: Dragonite|41/100
|move|p1a: Archaludon|Body Press|p2b: Dragonite
|-resisted|p2b: Dragonite
|-damage|p2b: Dragonite|12/100
|
|-weather|Snowscape|[upkeep]
|upkeep
|turn|4
|
|t:|1757003508
|switch|p1b: Basculegion|Basculegion, L50, M|100/100
|move|p2a: Ninetales|Blizzard|p1b: Basculegion|[spread] p1a,p1b
|-resisted|p1b: Basculegion
|-damage|p1a: Archaludon|19/100
|-damage|p1b: Basculegion|82/100
|-status|p1b: Basculegion|frz
|-ability|p1a: Archaludon|Stamina|boost
|-boost|p1a: Archaludon|def|1
|move|p2b: Dragonite|Scale Shot|p1b: Basculegion
|-damage|p1b: Basculegion|65/100 frz
|-damage|p1b: Basculegion|46/100 frz
|-damage|p1b: Basculegion|26/100 frz
|-damage|p1b: Basculegion|6/100 frz
|-damage|p1b: Basculegion|0 fnt
|faint|p1b: Basculegion
|-hitcount|p1: Basculegion|5
|-unboost|p2b: Dragonite|def|1
|-boost|p2b: Dragonite|spe|1
|move|p1a: Archaludon|Snarl|p2b: Dragonite|[spread] p2a,p2b
|-resisted|p2a: Ninetales
|-damage|p2a: Ninetales|46/100
|-damage|p2b: Dragonite|0 fnt
|-unboost|p2a: Ninetales|spa|1
|faint|p2b: Dragonite
|
|-weather|Snowscape|[upkeep]
|upkeep
|
|t:|1757003540
|switch|p1b: Pelipper|Pelipper, L50, F|42/100
|switch|p2b: Cyclizar|Cyclizar, L50, M|59/100
|-weather|RainDance|[from] ability: Drizzle|[of] p1b: Pelipper
|turn|5
|
|t:|1757003568
|move|p2b: Cyclizar|Draco Meteor|p1b: Pelipper
|-damage|p1b: Pelipper|0 fnt
|-unboost|p2b: Cyclizar|spa|2
|faint|p1b: Pelipper
|move|p2a: Ninetales|Encore|p1a: Archaludon
|-start|p1a: Archaludon|Encore
|move|p1a: Archaludon|Snarl|p2a: Ninetales|[spread] p2a,p2b
|-resisted|p2a: Ninetales
|-damage|p2a: Ninetales|38/100
|-damage|p2b: Cyclizar|35/100
|-unboost|p2a: Ninetales|spa|1
|
|-weather|RainDance|[upkeep]
|upkeep
|
|t:|1757003581
|switch|p1b: Ursaluna|Ursaluna, L50, M|100/100 brn
|turn|6
|
|t:|1757003601
|switch|p2b: Incineroar|Incineroar, L50, M|94/100
|-ability|p2b: Incineroar|Intimidate|boost
|-unboost|p1a: Archaludon|atk|1
|-unboost|p1b: Ursaluna|atk|1
|-terastallize|p1b: Ursaluna|Ghost
|move|p2a: Ninetales|Blizzard|p1a: Archaludon|[spread] p1b
|-miss|p2a: Ninetales|p1a: Archaludon
|-damage|p1b: Ursaluna|85/100 brn
|move|p1a: Archaludon|Snarl|p2b: Incineroar|[spread] p2a,p2b
|-resisted|p2a: Ninetales
|-resisted|p2b: Incineroar
|-damage|p2a: Ninetales|30/100
|-damage|p2b: Incineroar|88/100
|-unboost|p2a: Ninetales|spa|1
|-unboost|p2b: Incineroar|spa|1
|move|p1b: Ursaluna|Facade|p2b: Incineroar
|-damage|p2b: Incineroar|4/100
|-enditem|p2b: Incineroar|Sitrus Berry|[eat]
|-heal|p2b: Incineroar|29/100|[from] item: Sitrus Berry
|
|-weather|RainDance|[upkeep]
|-damage|p1b: Ursaluna|79/100 brn|[from] brn
|upkeep
|turn|7
|
|t:|1757003643
|move|p2b: Incineroar|Fake Out|p1a: Archaludon
|-resisted|p1a: Archaludon
|-damage|p1a: Archaludon|17/100
|-ability|p1a: Archaludon|Stamina|boost
|-boost|p1a: Archaludon|def|1
|move|p2a: Ninetales|Blizzard|p1a: Archaludon|[spread] p1a,p1b
|-damage|p1a: Archaludon|3/100
|-damage|p1b: Ursaluna|66/100 brn
|-ability|p1a: Archaludon|Stamina|boost
|-boost|p1a: Archaludon|def|1
|cant|p1a: Archaludon|flinch
|move|p1b: Ursaluna|Facade|p2b: Incineroar
|-damage|p2b: Incineroar|0 fnt
|faint|p2b: Incineroar
|
|-weather|RainDance|[upkeep]
|-damage|p1b: Ursaluna|60/100 brn|[from] brn
|-end|p1a: Archaludon|Encore
|upkeep
|
|t:|1757003659
|switch|p2b: Cyclizar|Cyclizar, L50, M|68/100
|turn|8
|
|t:|1757003688
|-terastallize|p2b: Cyclizar|Ghost
|move|p2b: Cyclizar|Knock Off|p1a: Archaludon
|-damage|p1a: Archaludon|0 fnt
|faint|p1a: Archaludon
|move|p2a: Ninetales|Encore|p1b: Ursaluna
|-start|p1b: Ursaluna|Encore
|move|p1b: Ursaluna|Facade|p2b: Cyclizar
|-immune|p2b: Cyclizar
|
|-weather|RainDance|[upkeep]
|-damage|p1b: Ursaluna|54/100 brn|[from] brn
|upkeep
|turn|9
|
|t:|1757003702
|move|p2b: Cyclizar|Knock Off|p1b: Ursaluna
|-supereffective|p1b: Ursaluna
|-damage|p1b: Ursaluna|20/100 brn
|-enditem|p1b: Ursaluna|Flame Orb|[from] move: Knock Off|[of] p2b: Cyclizar
|move|p2a: Ninetales|Blizzard|p1b: Ursaluna
|-damage|p1b: Ursaluna|4/100 brn
|move|p1b: Ursaluna|Facade|p2a: Ninetales
|-end|p2a: Ninetales|Substitute
|
|-weather|none
|-damage|p1b: Ursaluna|0 fnt|[from] brn
|faint|p1b: Ursaluna
|
|win|bleldigs
|raw|Notaplaceofhonor's rating: 1177 → 1143(-34 for losing)
|raw|bleldigs's rating: 1040 → 1087(+47 for winning)
