|j|☆Yunobo7
|j|☆bcoffey1010
|html|Yunobo7bcoffey1010    
|uhtml|bestof|Game 3 of a best-of-3
|t:|1755718858
|gametype|doubles
|player|p1|Yunobo7|170|1220
|player|p2|bcoffey1010|2|1204
|gen|9
|tier|[Gen 9] VGC 2025 Reg H (Bo3)
|rated|
|rule|Species Clause: Limit one of each Pokémon
|rule|Item Clause: Limit 1 of each item
|clearpoke
|poke|p1|Typhlosion-Hisui, L50, M|
|poke|p1|Torkoal, L50, F|
|poke|p1|Ursaluna, L50, M|
|poke|p1|Porygon2, L50|
|poke|p1|Maushold-Four, L50|
|poke|p1|Archaludon, L50, M|
|poke|p2|Ursaluna, L50, M|
|poke|p2|Jumpluff, L50, M|
|poke|p2|Charizard, L50, M|
|poke|p2|Torkoal, L50, F|
|poke|p2|Incineroar, L50, F|
|poke|p2|Porygon2, L50|
|teampreview|4
|showteam|p1|Typhlosion-Hisui||ChoiceScarf|Blaze|Eruption,ShadowBall,HeatWave,SleepTalk|||M|||50|,,,,,Fire]Torkoal||Charcoal|Drought|Eruption,HelpingHand,HeatWave,Protect|||F|||50|,,,,,Fire]Ursaluna||FlameOrb|Guts|Facade,Earthquake,HeadlongRush,Protect|||M|||50|,,,,,Ghost]Porygon2||Eviolite|Download|TeraBlast,Recover,TrickRoom,Protect||||||50|,,,,,Fighting]Maushold-Four||WideLens|Technician|PopulationBomb,FollowMe,Taunt,Protect||||||50|,,,,,Ghost]Archaludon||AssaultVest|Stamina|DragonPulse,ElectroShot,FlashCannon,BodyPress|||M|||50|,,,,,Dragon
|showteam|p2|Ursaluna||FlameOrb|Guts|HeadlongRush,Facade,Earthquake,Protect|||M|||50|,,,,,Ghost]Jumpluff||CovertCloak|Chlorophyll|SleepPowder,SunnyDay,Tailwind,RagePowder|||M|||50|,,,,,Fire]Charizard||ChoiceSpecs|SolarPower|DragonPulse,HeatWave,Overheat,WeatherBall|||M|||50|,,,,,Ghost]Torkoal||EjectPack|Drought|ClearSmog,Eruption,Overheat,Protect|||F|||50|,,,,,Fire]Incineroar||SitrusBerry|Intimidate|FakeOut,FlareBlitz,KnockOff,PartingShot|||F|||50|,,,,,Ghost]Porygon2||Eviolite|Download|TeraBlast,IceBeam,Recover,TrickRoom||||||50|,,,,,Fighting
|inactive|Battle timer is ON: inactive players will automatically lose when time's up. (requested by Yunobo7)
|inactive|bcoffey1010 has 60 seconds left.
|
|t:|1755718889
|teamsize|p1|4
|teamsize|p2|4
|start
|switch|p1a: Ursaluna|Ursaluna, L50, M|100/100
|switch|p1b: Porygon2|Porygon2, L50|100/100
|switch|p2a: Jumpluff|Jumpluff, L50, M|100/100
|switch|p2b: Torkoal|Torkoal, L50, F|100/100
|-ability|p1b: Porygon2|Download|boost
|-boost|p1b: Porygon2|spa|1
|-weather|SunnyDay|[from] ability: Drought|[of] p2b: Torkoal
|turn|1
|
|t:|1755718909
|-terastallize|p2b: Torkoal|Fire
|move|p2a: Jumpluff|Sleep Powder|p1a: Ursaluna
|-status|p1a: Ursaluna|slp|[from] move: Sleep Powder
|cant|p1a: Ursaluna|slp
|move|p2b: Torkoal|Overheat|p1b: Porygon2
|-damage|p1b: Porygon2|31/100
|-unboost|p2b: Torkoal|spa|2
|-enditem|p2b: Torkoal|Eject Pack
|
|t:|1755718922
|switch|p2b: Porygon2|Porygon2, L50|100/100
|-ability|p2b: Porygon2|Download|boost
|-boost|p2b: Porygon2|spa|1
|move|p1b: Porygon2|Trick Room|p1b: Porygon2
|-fieldstart|move: Trick Room|[of] p1b: Porygon2
|
|-weather|SunnyDay|[upkeep]
|upkeep
|turn|2
|inactive|bcoffey1010 has 30 seconds left.
|
|t:|1755718948
|cant|p1a: Ursaluna|slp
|move|p1b: Porygon2|Recover|p1b: Porygon2
|-heal|p1b: Porygon2|81/100
|move|p2a: Jumpluff|Sleep Powder|p1b: Porygon2
|-status|p1b: Porygon2|slp|[from] move: Sleep Powder
|move|p2b: Porygon2|Trick Room|p2b: Porygon2
|-fieldend|move: Trick Room
|
|-weather|SunnyDay|[upkeep]
|upkeep
|turn|3
|j| teamthief420
|
|t:|1755718965
|move|p2a: Jumpluff|Rage Powder|p2a: Jumpluff
|-singleturn|p2a: Jumpluff|move: Rage Powder
|move|p2b: Porygon2|Ice Beam|p1a: Ursaluna
|-supereffective|p1a: Ursaluna
|-damage|p1a: Ursaluna|23/100 slp
|-curestatus|p1a: Ursaluna|slp|[msg]
|move|p1a: Ursaluna|Facade|p2a: Jumpluff
|-damage|p2a: Jumpluff|49/100
|cant|p1b: Porygon2|slp
|
|-weather|SunnyDay|[upkeep]
|-status|p1a: Ursaluna|brn|[from] item: Flame Orb
|upkeep
|turn|4
|inactive|bcoffey1010 has 30 seconds left.
|inactive|bcoffey1010 has 20 seconds left.
|inactive|bcoffey1010 has 15 seconds left.
|
|t:|1755719005
|switch|p1a: Typhlosion|Typhlosion-Hisui, L50, M|100/100
|move|p2a: Jumpluff|Rage Powder|p2a: Jumpluff
|-singleturn|p2a: Jumpluff|move: Rage Powder
|move|p2b: Porygon2|Ice Beam|p1a: Typhlosion
|-resisted|p1a: Typhlosion
|-damage|p1a: Typhlosion|75/100
|-curestatus|p1b: Porygon2|slp|[msg]
|move|p1b: Porygon2|Tera Blast|p2a: Jumpluff
|-damage|p2a: Jumpluff|0 fnt
|faint|p2a: Jumpluff
|
|-weather|SunnyDay|[upkeep]
|upkeep
|
|t:|1755719011
|switch|p2a: Charizard|Charizard, L50, M|100/100
|turn|5
|inactive|Yunobo7 has 30 seconds left.
|inactive|bcoffey1010 has 30 seconds left.
|inactive|bcoffey1010 has 20 seconds left.
|
|t:|1755719048
|move|p1a: Typhlosion|Eruption|p2b: Porygon2|[spread] p2a,p2b
|-resisted|p2a: Charizard
|-damage|p2a: Charizard|57/100
|-damage|p2b: Porygon2|61/100
|move|p2a: Charizard|Weather Ball|p1b: Porygon2
|-damage|p1b: Porygon2|0 fnt
|faint|p1b: Porygon2
|move|p2b: Porygon2|Trick Room|p2b: Porygon2
|-fieldstart|move: Trick Room|[of] p2b: Porygon2
|
|-weather|none
|upkeep
|
|t:|1755719052
|switch|p1b: Ursaluna|Ursaluna, L50, M|23/100 brn
|turn|6
|
|t:|1755719064
|move|p1b: Ursaluna|Facade|p2a: Charizard
|-damage|p2a: Charizard|0 fnt
|faint|p2a: Charizard
|move|p2b: Porygon2|Ice Beam|p1b: Ursaluna
|-supereffective|p1b: Ursaluna
|-damage|p1b: Ursaluna|0 fnt
|faint|p1b: Ursaluna
|move|p1a: Typhlosion|Eruption|p2b: Porygon2
|-damage|p2b: Porygon2|24/100
|
|upkeep
|
|t:|1755719066
|switch|p1b: Archaludon|Archaludon, L50, M|100/100
|switch|p2a: Torkoal|Torkoal, L50, F, tera:Fire|100/100
|-weather|SunnyDay|[from] ability: Drought|[of] p2a: Torkoal
|turn|7
|
|t:|1755719075
|-terastallize|p1b: Archaludon|Dragon
|move|p2a: Torkoal|Eruption|p1b: Archaludon|[spread] p1a,p1b
|-resisted|p1a: Typhlosion
|-resisted|p1b: Archaludon
|-damage|p1a: Typhlosion|7/100
|-damage|p1b: Archaludon|60/100
|-ability|p1b: Archaludon|Stamina|boost
|-boost|p1b: Archaludon|def|1
|move|p2b: Porygon2|Recover|p2b: Porygon2
|-heal|p2b: Porygon2|74/100
|move|p1b: Archaludon|Dragon Pulse|p2a: Torkoal
|-damage|p2a: Torkoal|27/100
|move|p1a: Typhlosion|Eruption|p2a: Torkoal|[spread] p2a,p2b
|-resisted|p2a: Torkoal
|-damage|p2a: Torkoal|21/100
|-damage|p2b: Porygon2|68/100
|
|-weather|SunnyDay|[upkeep]
|upkeep
|turn|8
|
|t:|1755719091
|move|p2a: Torkoal|Clear Smog|p1b: Archaludon
|-damage|p1b: Archaludon|47/100
|-clearboost|p1b: Archaludon
|-ability|p1b: Archaludon|Stamina|boost
|-boost|p1b: Archaludon|def|1
|move|p2b: Porygon2|Ice Beam|p1b: Archaludon
|-supereffective|p1b: Archaludon
|-damage|p1b: Archaludon|0 fnt
|faint|p1b: Archaludon
|move|p1a: Typhlosion|Eruption|p2b: Porygon2|[spread] p2a,p2b
|-resisted|p2a: Torkoal
|-damage|p2a: Torkoal|15/100
|-damage|p2b: Porygon2|61/100
|
|-weather|SunnyDay|[upkeep]
|upkeep
|turn|9
|
|t:|1755719099
|move|p2a: Torkoal|Clear Smog|p1a: Typhlosion
|-resisted|p1a: Typhlosion
|-damage|p1a: Typhlosion|0 fnt
|-clearboost|p1a: Typhlosion
|faint|p1a: Typhlosion
|
|win|bcoffey1010
|raw|Yunobo7's rating: 1220 → 1194(-26 for losing)
|raw|bcoffey1010's rating: 1204 → 1230(+26 for winning)
|l| teamthief420
|l|☆bcoffey1010
|player|p2|
|l|☆Yunobo7
|player|p1|
|j|☆Yunobo7
|player|p1|Yunobo7|170|
