|j|☆asmrticuno
|j|☆J4MBLERVGC
|html|asmrticunoJ4MBLERVGC    
|uhtml|bestof|Game 3 of a best-of-3
|t:|1783449410
|gametype|doubles
|player|p1|asmrticuno|roughneck-gen4|
|player|p2|J4MBLERVGC|brycenman|
|gen|9
|tier|[Gen 9 Champions] VGC 2026 Reg M-B (Bo3)
|rule|Species Clause: Limit one of each Pokémon
|rule|Item Clause: Limit 1 of each item
|clearpoke
|poke|p1|Pyroar, L50, M|
|poke|p1|Sylveon, L50, F, shiny|
|poke|p1|Manectric, L50, M|
|poke|p1|Gyarados, L50, M, shiny|
|poke|p1|Zoroark-Hisui, L50, F, shiny|
|poke|p1|Whimsicott, L50, F|
|poke|p2|Grimmsnarl, L50, M|
|poke|p2|Pelipper, L50, F|
|poke|p2|Sinistcha, L50|
|poke|p2|Swampert, L50, M|
|poke|p2|Archaludon, L50, F|
|poke|p2|Metagross, L50|
|teampreview|4
|showteam|p1|Pyroar||Pyroarite|Unnerve|HeatWave,Round,WillOWisp,Protect|Timid||M|||50|]Sylveon||FairyFeather|Pixilate|HyperVoice,Round,WeatherBall,Detect|Modest||F|||50|]Manectric||Manectite|LightningRod|VoltSwitch,Snarl,Round,Protect|Timid||M|||50|]Gyarados||Leftovers|Intimidate|Waterfall,PowerWhip,DragonDance,Protect|Adamant||M|||50|]Zoroark-Hisui||ChoiceScarf|Illusion|HyperVoice,Round,BitterMalice,Flamethrower|Modest||F|||50|]Whimsicott||FocusSash|Prankster|Moonblast,Tailwind,SunnyDay,Protect|Timid||F|||50|
|showteam|p2|Grimmsnarl||LightClay|Prankster|FoulPlay,PartingShot,Reflect,LightScreen|Calm||M|||50|]Pelipper||SitrusBerry|Drizzle|Hurricane,WeatherBall,Tailwind,WideGuard|Timid||F|||50|]Sinistcha||CobaBerry|Hospitality|MatchaGotcha,RagePowder,LifeDew,Protect|Bold|||||50|]Swampert||Swampertite|Torrent|WaveCrash,Earthquake,IcePunch,Protect|Adamant||M|||50|]Archaludon||Leftovers|Stamina|ElectroShot,DragonPulse,FlashCannon,Protect|Modest||F|||50|]Metagross||Metagrossite|ClearBody|IronHead,PsychicFangs,BodyPress,Protect|Jolly|||||50|
|j| Squirly
|j| Supermoon Jamie
|
|t:|1783449463
|teamsize|p1|4
|teamsize|p2|4
|start
|switch|p1a: Whimsicott|Whimsicott, L50, F|100/100
|switch|p1b: Pyroar|Pyroar, L50, M|100/100
|switch|p2a: Pelipper|Pelipper, L50, F|100/100
|switch|p2b: Metagross|Metagross, L50|100/100
|-ability|p1b: Pyroar|Unnerve
|-weather|RainDance|[from] ability: Drizzle|[of] p2a: Pelipper
|turn|1
|
|t:|1783449495
|detailschange|p1b: Pyroar|Pyroar-Mega, L50, M
|-mega|p1b: Pyroar|Pyroar|Pyroarite
|detailschange|p2b: Metagross|Metagross-Mega, L50
|-mega|p2b: Metagross|Metagross|Metagrossite
|move|p2a: Pelipper|Wide Guard|p2a: Pelipper
|-singleturn|p2a: Pelipper|Wide Guard
|move|p1a: Whimsicott|Sunny Day|p1a: Whimsicott
|-weather|SunnyDay
|move|p1b: Pyroar|Will-O-Wisp|p2b: Metagross
|-status|p2b: Metagross|brn
|move|p2b: Metagross|Iron Head|p1a: Whimsicott
|-supereffective|p1a: Whimsicott|1
|-damage|p1a: Whimsicott|5/100
|
|-weather|SunnyDay|[upkeep]
|-damage|p2b: Metagross|93/100 brn|[from] brn
|upkeep
|turn|2
|
|t:|1783449521
|move|p2b: Metagross|Protect|p2b: Metagross
|-singleturn|p2b: Metagross|Protect
|move|p1b: Pyroar|Round|p2a: Pelipper
|-damage|p2a: Pelipper|45/100
|-enditem|p2a: Pelipper|Sitrus Berry|[eat]
|-heal|p2a: Pelipper|70/100|[from] item: Sitrus Berry
|move|p1a: Whimsicott|Moonblast|p2a: Pelipper
|-damage|p2a: Pelipper|10/100
|-unboost|p2a: Pelipper|spa|1
|move|p2a: Pelipper|Weather Ball|p1a: Whimsicott
|-supereffective|p1a: Whimsicott|1
|-damage|p1a: Whimsicott|0 fnt
|faint|p1a: Whimsicott
|
|-weather|SunnyDay|[upkeep]
|-damage|p2b: Metagross|87/100 brn|[from] brn
|upkeep
|
|t:|1783449541
|switch|p1a: Gyarados|Gyarados, L50, M, shiny|100/100
|turn|3
|
|t:|1783449587
|switch|p2b: Sinistcha|Sinistcha, L50|100/100
|-heal|p2a: Pelipper|35/100|[from] ability: Hospitality|[of] p2b: Sinistcha
|move|p2a: Pelipper|Wide Guard|p2a: Pelipper
|-singleturn|p2a: Pelipper|Wide Guard
|move|p1a: Gyarados|Flamethrower|p2b: Sinistcha
|-supereffective|p2b: Sinistcha|1
|-damage|p2b: Sinistcha|0 fnt
|faint|p2b: Sinistcha
|move|p1b: Pyroar|Round|p2a: Pelipper
|-damage|p2a: Pelipper|0 fnt
|faint|p2a: Pelipper
|
|-weather|SunnyDay|[upkeep]
|upkeep
|
|t:|1783449601
|switch|p2a: Metagross|Metagross-Mega, L50|87/100 brn
|switch|p2b: Archaludon|Archaludon, L50, F|100/100
|turn|4
|
|t:|1783449620
|move|p1a: Gyarados|Flamethrower|p2b: Archaludon
|-damage|p2b: Archaludon|53/100
|-ability|p2b: Archaludon|Stamina|boost
|-boost|p2b: Archaludon|def|1
|move|p1b: Pyroar|Heat Wave|p2b: Archaludon|[spread] 
|-miss|p1b: Pyroar|p2a: Metagross
|-miss|p1b: Pyroar|p2b: Archaludon
|move|p2a: Metagross|Psychic Fangs|p1a: Gyarados
|-damage|p1a: Gyarados|44/100
|replace|p1a: Zoroark|Zoroark-Hisui, L50, F, shiny
|-end|p1a: Zoroark|Illusion
|move|p2b: Archaludon|Dragon Pulse|p1b: Pyroar
|-damage|p1b: Pyroar|53/100
|
|-weather|SunnyDay|[upkeep]
|-heal|p2b: Archaludon|59/100|[from] item: Leftovers
|-damage|p2a: Metagross|81/100 brn|[from] brn
|upkeep
|turn|5
|
|t:|1783449638
|move|p2a: Metagross|Protect|p2a: Metagross
|-singleturn|p2a: Metagross|Protect
|move|p1a: Zoroark|Flamethrower|p2a: Metagross
|-activate|p2a: Metagross|move: Protect
|move|p1b: Pyroar|Heat Wave|p2b: Archaludon|[spread] p2b
|-activate|p2a: Metagross|move: Protect
|-damage|p2b: Archaludon|0 fnt
|faint|p2b: Archaludon
|
|-weather|none
|-damage|p2a: Metagross|75/100 brn|[from] brn
|upkeep
|turn|6
|
|t:|1783449654
|move|p1a: Zoroark|Flamethrower|p2a: Metagross
|-supereffective|p2a: Metagross|1
|-damage|p2a: Metagross|7/100 brn
|move|p1b: Pyroar|Heat Wave|p2a: Metagross|[miss]
|-miss|p1b: Pyroar|p2a: Metagross
|move|p2a: Metagross|Psychic Fangs|p1a: Zoroark
|-damage|p1a: Zoroark|0 fnt
|faint|p1a: Zoroark
|
|-damage|p2a: Metagross|1/100 brn|[from] brn
|upkeep
|
|t:|1783449659
|switch|p1a: Gyarados|Gyarados, L50, M, shiny|100/100
|-ability|p1a: Gyarados|Intimidate|boost
|-unboost|p2a: Metagross|atk|1
|turn|7
|
|t:|1783449666
|move|p1b: Pyroar|Round|p2a: Metagross
|-resisted|p2a: Metagross|1
|-damage|p2a: Metagross|0 fnt
|faint|p2a: Metagross
|
|win|asmrticuno
|c|☆J4MBLERVGC|gg
|c|☆asmrticuno|gg
|l| Supermoon Jamie
|l| Squirly
