|j|☆lololegacy
|j|☆GS Barnabe
|html|lololegacyGS Barnabe    
|uhtml|bestof|Game 1 of a best-of-3
|t:|1785939605
|gametype|doubles
|player|p1|lololegacy|cynthia|1108
|player|p2|GS Barnabe|1|1102
|gen|9
|tier|[Gen 9 Champions] VGC 2026 Reg M-B (Bo3)
|rated|
|rule|Species Clause: Limit one of each Pokémon
|rule|Item Clause: Limit 1 of each item
|clearpoke
|poke|p1|Basculegion, L50, M, shiny|
|poke|p1|Toxapex, L50, F|
|poke|p1|Maushold, L50|
|poke|p1|Talonflame, L50, M|
|poke|p1|Venusaur, L50, M|
|poke|p1|Blastoise, L50, M|
|poke|p2|Clefable, L50, M|
|poke|p2|Tyranitar, L50, F|
|poke|p2|Garchomp, L50, M|
|poke|p2|Gholdengo, L50|
|poke|p2|Rotom-Wash, L50|
|poke|p2|Aerodactyl, L50, F|
|teampreview|4
|showteam|p1|Basculegion||ChoiceScarf|Adaptability|LastRespects,FlipTurn,WaveCrash,AquaJet|Jolly||M|||50|]Toxapex||Leftovers|Regenerator|BanefulBunker,ToxicSpikes,Recover,WideGuard|Relaxed||F|||50|]Maushold||WideLens|Technician|PopulationBomb,Taunt,Protect,FollowMe|Adamant|||||50|]Talonflame||FocusSash|GaleWings|Protect,BraveBird,Tailwind,Whirlwind|Adamant||M|||50|]Venusaur||Venusaurite|Chlorophyll|EarthPower,GigaDrain,Protect,SleepPowder|Calm||M|||50|]Blastoise||Blastoisinite|Torrent|AuraSphere,IceBeam,Protect,DarkPulse|Timid||M|||50|
|showteam|p2|Clefable||SitrusBerry|Unaware|Moonblast,FollowMe,HealPulse,Protect|Bold||M|||50|]Tyranitar||ChoiceScarf|SandStream|RockSlide,KnockOff,IcePunch,Superpower|Jolly||F|||50|]Garchomp||Garchompite|SandVeil|DracoMeteor,EarthPower,PowerGem,Protect|Modest||M|||50|]Gholdengo||LifeOrb|GoodasGold|MakeItRain,ShadowBall,NastyPlot,Protect|Modest|||||50|]Rotom-Wash||Leftovers|Levitate|HydroPump,VoltSwitch,WillOWisp,Protect|Calm|||||50|]Aerodactyl||Aerodactylite|RockHead|RockSlide,DualWingbeat,Tailwind,Protect|Jolly||F|||50|
|
|t:|1785939647
|teamsize|p1|4
|teamsize|p2|4
|start
|switch|p1a: Loner|Toxapex, L50, F|100/100
|switch|p1b: Big Man|Blastoise, L50, M|100/100
|switch|p2a: Aerodactyl|Aerodactyl, L50, F|100/100
|switch|p2b: Tyranitar|Tyranitar, L50, F|100/100
|-weather|Sandstorm|[from] ability: Sand Stream|[of] p2b: Tyranitar
|turn|1
|
|t:|1785939666
|detailschange|p2a: Aerodactyl|Aerodactyl-Mega, L50, F
|-mega|p2a: Aerodactyl|Aerodactyl|Aerodactylite
|detailschange|p1b: Big Man|Blastoise-Mega, L50, M
|-mega|p1b: Big Man|Blastoise|Blastoisinite
|move|p2a: Aerodactyl|Tailwind|p2a: Aerodactyl
|-sidestart|p2: GS Barnabe|move: Tailwind
|move|p2b: Tyranitar|Rock Slide|p1b: Big Man|[spread] p1a,p1b
|-damage|p1a: Loner|80/100
|-damage|p1b: Big Man|74/100
|move|p1b: Big Man|Aura Sphere|p2b: Tyranitar
|-supereffective|p2b: Tyranitar|2
|-damage|p2b: Tyranitar|0 fnt
|faint|p2b: Tyranitar
|move|p1a: Loner|Toxic Spikes|p2a: Aerodactyl
|-sidestart|p2: GS Barnabe|move: Toxic Spikes
|
|-weather|Sandstorm|[upkeep]
|-damage|p1b: Big Man|68/100|[from] Sandstorm
|-damage|p1a: Loner|75/100|[from] Sandstorm
|-heal|p1a: Loner|80/100|[from] item: Leftovers
|upkeep
|
|t:|1785939681
|switch|p2b: Gholdengo|Gholdengo, L50|100/100
|turn|2
|
|t:|1785939691
|move|p1a: Loner|Wide Guard|p1a: Loner
|-singleturn|p1a: Loner|Wide Guard
|move|p2a: Aerodactyl|Dual Wingbeat|p1b: Big Man|[miss]
|-miss|p2a: Aerodactyl|p1b: Big Man
|move|p2b: Gholdengo|Nasty Plot|p2b: Gholdengo
|-boost|p2b: Gholdengo|spa|2
|move|p1b: Big Man|Dark Pulse|p2b: Gholdengo
|-supereffective|p2b: Gholdengo|1
|-damage|p2b: Gholdengo|34/100
|
|-weather|Sandstorm|[upkeep]
|-damage|p1b: Big Man|62/100|[from] Sandstorm
|-damage|p1a: Loner|75/100|[from] Sandstorm
|-heal|p1a: Loner|80/100|[from] item: Leftovers
|upkeep
|turn|3
|
|t:|1785939712
|move|p1b: Big Man|Protect|p1b: Big Man
|-singleturn|p1b: Big Man|Protect
|move|p1a: Loner|Baneful Bunker||[still]
|-fail|p1a: Loner
|move|p2a: Aerodactyl|Dual Wingbeat|p1b: Big Man
|-activate|p1b: Big Man|move: Protect
|move|p2b: Gholdengo|Shadow Ball|p1a: Loner
|-damage|p1a: Loner|0 fnt
|faint|p1a: Loner
|-damage|p2b: Gholdengo|24/100|[from] item: Life Orb
|
|-weather|Sandstorm|[upkeep]
|-damage|p1b: Big Man|56/100|[from] Sandstorm
|upkeep
|
|t:|1785939728
|switch|p1a: Phish|Basculegion, L50, M, shiny|100/100
|turn|4
|
|t:|1785939737
|move|p2a: Aerodactyl|Rock Slide|p1a: Phish|[spread] p1a,p1b
|-damage|p1a: Phish|62/100
|-damage|p1b: Big Man|34/100
|move|p2b: Gholdengo|Shadow Ball|p1a: Phish
|-supereffective|p1a: Phish|1
|-damage|p1a: Phish|0 fnt
|faint|p1a: Phish
|-damage|p2b: Gholdengo|15/100|[from] item: Life Orb
|move|p1b: Big Man|Ice Beam|p2a: Aerodactyl
|-supereffective|p2a: Aerodactyl|1
|-damage|p2a: Aerodactyl|61/100
|
|-weather|Sandstorm|[upkeep]
|-damage|p1b: Big Man|28/100|[from] Sandstorm
|-sideend|p2: GS Barnabe|move: Tailwind
|upkeep
|
|t:|1785939753
|switch|p1a: The Olivers|Maushold, L50|100/100
|turn|5
|
|t:|1785939767
|move|p1a: The Olivers|Follow Me|p1a: The Olivers
|-singleturn|p1a: The Olivers|move: Follow Me
|move|p2a: Aerodactyl|Rock Slide|p1a: The Olivers|[spread] p1a,p1b
|-damage|p1a: The Olivers|49/100
|-damage|p1b: Big Man|5/100
|move|p1b: Big Man|Dark Pulse|p2b: Gholdengo
|-supereffective|p2b: Gholdengo|1
|-damage|p2b: Gholdengo|0 fnt
|faint|p2b: Gholdengo
|
|-weather|none
|upkeep
|
|t:|1785939779
|switch|p2b: Rotom|Rotom-Wash, L50|100/100
|turn|6
|
|t:|1785939787
|move|p1b: Big Man|Protect|p1b: Big Man
|-singleturn|p1b: Big Man|Protect
|move|p2a: Aerodactyl|Rock Slide|p1a: The Olivers|[spread] p1a
|-activate|p1b: Big Man|move: Protect
|-damage|p1a: The Olivers|0 fnt
|faint|p1a: The Olivers
|move|p2b: Rotom|Hydro Pump|p1b: Big Man
|-activate|p1b: Big Man|move: Protect
|
|upkeep
|turn|7
|
|t:|1785939799
|move|p2a: Aerodactyl|Rock Slide|p1b: Big Man
|-damage|p1b: Big Man|0 fnt
|faint|p1b: Big Man
|
|win|GS Barnabe
||lololegacy is ready for game 2.
