|j|☆I am the Sweeper
|j|☆Pukeej
|html|I am the SweeperPukeej    
|uhtml|bestof|Game 3 of a best-of-3
|t:|1756373662
|gametype|doubles
|player|p1|I am the Sweeper|janitor|1129
|player|p2|Pukeej|wattson|1188
|gen|9
|tier|[Gen 9] VGC 2025 Reg H (Bo3)
|rated|
|rule|Species Clause: Limit one of each Pokémon
|rule|Item Clause: Limit 1 of each item
|clearpoke
|poke|p1|Garganacl, L50, M|
|poke|p1|Dondozo, L50, M|
|poke|p1|Sneasler, L50, M|
|poke|p1|Gholdengo, L50|
|poke|p1|Ninetales-Alola, L50, M|
|poke|p1|Incineroar, L50, F|
|poke|p2|Garchomp, L50, F|
|poke|p2|Hydreigon, L50, F|
|poke|p2|Gholdengo, L50|
|poke|p2|Electabuzz, L50, M|
|poke|p2|Incineroar, L50, F|
|poke|p2|Sneasler, L50, F|
|teampreview|4
|showteam|p1|Garganacl||MarangaBerry|PurifyingSalt|SaltCure,StealthRock,Protect,Recover|||M|||50|,,,,,Flying]Dondozo||Leftovers|Unaware|Liquidation,Yawn,Curse,Protect|||M|||50|,,,,,Poison]Sneasler||FocusSash|PoisonTouch|DireClaw,CloseCombat,Coaching,Protect|||M|||50|,,,,,Ghost]Gholdengo||ChoiceScarf|GoodasGold|MakeItRain,ShadowBall,Trick,PowerGem||||||50|,,,,,Steel]Ninetales-Alola||NeverMeltIce|SnowWarning|Blizzard,FreezeDry,Protect,AuroraVeil|||M|||50|,,,,,Ice]Incineroar||AssaultVest|Intimidate|FlareBlitz,KnockOff,FakeOut,DrainPunch|||F|||50|,,,,,Grass
|showteam|p2|Garchomp||LifeOrb|RoughSkin|Earthquake,StompingTantrum,DragonClaw,Protect|||F|||50|,,,,,Ground]Hydreigon||CovertCloak|Levitate|DracoMeteor,Snarl,Tailwind,Protect|||F|||50|,,,,,Fire]Gholdengo||Leftovers|GoodasGold|MakeItRain,ShadowBall,NastyPlot,Protect||||||50|,,,,,Flying]Electabuzz||Eviolite|VitalSpirit|Electroweb,FollowMe,Taunt,Protect|||M|||50|,,,,,Ghost]Incineroar||SafetyGoggles|Intimidate|FakeOut,KnockOff,FlareBlitz,PartingShot|||F|||50|,,,,,Ghost]Sneasler||ClearAmulet|PoisonTouch|CloseCombat,DireClaw,Coaching,Protect|||F|||50|,,,,,Stellar
|inactive|Battle timer is ON: inactive players will automatically lose when time's up. (requested by Pukeej)
|
|t:|1756373681
|teamsize|p1|4
|teamsize|p2|4
|start
|switch|p1a: Garganacl|Garganacl, L50, M|100/100
|switch|p1b: Incineroar|Incineroar, L50, F|100/100
|switch|p2a: Hydreigon|Hydreigon, L50, F|100/100
|switch|p2b: Electabuzz|Electabuzz, L50, M|100/100
|-ability|p1b: Incineroar|Intimidate|boost
|-unboost|p2a: Hydreigon|atk|1
|-unboost|p2b: Electabuzz|atk|1
|turn|1
|inactive|I am the Sweeper has 30 seconds left.
|inactive|I am the Sweeper has 20 seconds left.
|inactive|I am the Sweeper has 15 seconds left.
|inactive|I am the Sweeper has 10 seconds left.
|
|t:|1756373728
|-terastallize|p2b: Electabuzz|Ghost
|-terastallize|p1a: Garganacl|Flying
|move|p2a: Hydreigon|Draco Meteor|p1a: Garganacl
|-damage|p1a: Garganacl|57/100
|-unboost|p2a: Hydreigon|spa|2
|-enditem|p1a: Garganacl|Maranga Berry|[eat]
|-boost|p1a: Garganacl|spd|1|[from] item: Maranga Berry
|move|p2b: Electabuzz|Electroweb|p1a: Garganacl|[spread] p1a,p1b
|-supereffective|p1a: Garganacl
|-damage|p1a: Garganacl|45/100
|-damage|p1b: Incineroar|92/100
|-unboost|p1a: Garganacl|spe|1
|-unboost|p1b: Incineroar|spe|1
|move|p1b: Incineroar|Knock Off|p2b: Electabuzz
|-supereffective|p2b: Electabuzz
|-damage|p2b: Electabuzz|25/100
|-enditem|p2b: Electabuzz|Eviolite|[from] move: Knock Off|[of] p1b: Incineroar
|move|p1a: Garganacl|Stealth Rock|p2b: Electabuzz
|-sidestart|p2: Pukeej|move: Stealth Rock
|
|upkeep
|turn|2
|inactive|I am the Sweeper has 30 seconds left.
|inactive|Pukeej has 30 seconds left.
|inactive|Pukeej has 20 seconds left.
|
|t:|1756373766
|switch|p2a: Gholdengo|Gholdengo, L50|100/100
|-damage|p2a: Gholdengo|94/100|[from] Stealth Rock
|move|p2b: Electabuzz|Protect|p2b: Electabuzz
|-singleturn|p2b: Electabuzz|Protect
|move|p1b: Incineroar|Knock Off|p2a: Gholdengo
|-supereffective|p2a: Gholdengo
|-damage|p2a: Gholdengo|3/100
|-enditem|p2a: Gholdengo|Leftovers|[from] move: Knock Off|[of] p1b: Incineroar
|move|p1a: Garganacl|Recover|p1a: Garganacl
|-heal|p1a: Garganacl|95/100
|
|upkeep
|turn|3
|inactive|Pukeej has 30 seconds left.
|
|t:|1756373793
|move|p2a: Gholdengo|Protect|p2a: Gholdengo
|-singleturn|p2a: Gholdengo|Protect
|move|p2b: Electabuzz|Taunt|p1a: Garganacl
|-start|p1a: Garganacl|move: Taunt
|move|p1b: Incineroar|Knock Off|p2b: Electabuzz
|-supereffective|p2b: Electabuzz
|-damage|p2b: Electabuzz|0 fnt
|faint|p2b: Electabuzz
|move|p1a: Garganacl|Salt Cure|p2a: Gholdengo
|-activate|p2a: Gholdengo|move: Protect
|
|upkeep
|
|t:|1756373802
|switch|p2b: Hydreigon|Hydreigon, L50, F|100/100
|-damage|p2b: Hydreigon|88/100|[from] Stealth Rock
|turn|4
|
|t:|1756373822
|move|p2b: Hydreigon|Draco Meteor|p1a: Garganacl
|-damage|p1a: Garganacl|64/100
|-unboost|p2b: Hydreigon|spa|2
|move|p2a: Gholdengo|Make It Rain|p1a: Garganacl|[spread] p1a,p1b
|-resisted|p1b: Incineroar
|-damage|p1a: Garganacl|43/100
|-damage|p1b: Incineroar|76/100
|-unboost|p2a: Gholdengo|spa|1
|move|p1b: Incineroar|Drain Punch|p2b: Hydreigon
|-supereffective|p2b: Hydreigon
|-damage|p2b: Hydreigon|34/100
|-heal|p1b: Incineroar|99/100|[from] drain|[of] p2b: Hydreigon
|move|p1a: Garganacl|Salt Cure|p2a: Gholdengo
|-resisted|p2a: Gholdengo
|-damage|p2a: Gholdengo|0 fnt
|faint|p2a: Gholdengo
|
|upkeep
|
|t:|1756373829
|switch|p2a: Garchomp|Garchomp, L50, F|100/100
|-damage|p2a: Garchomp|95/100|[from] Stealth Rock
|turn|5
|inactive|I am the Sweeper has 30 seconds left.
|inactive|I am the Sweeper has 20 seconds left.
|inactive|I am the Sweeper has 15 seconds left.
|inactive|I am the Sweeper has 10 seconds left.
|inactive|I am the Sweeper has 5 seconds left.
|
|t:|1756373884
|move|p2b: Hydreigon|Snarl|p1b: Incineroar|[spread] p1a,p1b
|-resisted|p1b: Incineroar
|-damage|p1a: Garganacl|38/100
|-damage|p1b: Incineroar|97/100
|-unboost|p1a: Garganacl|spa|1
|-unboost|p1b: Incineroar|spa|1
|move|p2a: Garchomp|Dragon Claw|p1a: Garganacl
|-damage|p1a: Garganacl|0 fnt
|faint|p1a: Garganacl
|-damage|p2a: Garchomp|85/100|[from] item: Life Orb
|move|p1b: Incineroar|Flare Blitz|p2a: Garchomp
|-resisted|p2a: Garchomp
|-damage|p2a: Garchomp|58/100
|-damage|p1b: Incineroar|84/100|[from] ability: Rough Skin|[of] p2a: Garchomp
|-damage|p1b: Incineroar|76/100|[from] Recoil
|
|upkeep
|inactive|I am the Sweeper has 30 seconds left.
|inactive|I am the Sweeper has 20 seconds left.
|
|t:|1756373921
|switch|p1a: Gholdengo|Gholdengo, L50|100/100
|turn|6
|
|t:|1756373937
|switch|p1b: Sneasler|Sneasler, L50, M|100/100
|move|p2a: Garchomp|Protect|p2a: Garchomp
|-singleturn|p2a: Garchomp|Protect
|move|p1a: Gholdengo|Make It Rain|p2a: Garchomp|[spread] p2b
|-activate|p2a: Garchomp|move: Protect
|-damage|p2b: Hydreigon|0 fnt
|-unboost|p1a: Gholdengo|spa|1
|faint|p2b: Hydreigon
|
|upkeep
|turn|7
|inactive|I am the Sweeper has 30 seconds left.
|
|t:|1756373966
|move|p1a: Gholdengo|Make It Rain|p2a: Garchomp
|-damage|p2a: Garchomp|14/100
|-unboost|p1a: Gholdengo|spa|1
|move|p1b: Sneasler|Close Combat|p2a: Garchomp
|-damage|p2a: Garchomp|0 fnt
|-unboost|p1b: Sneasler|def|1
|-unboost|p1b: Sneasler|spd|1
|-damage|p1b: Sneasler|88/100|[from] ability: Rough Skin|[of] p2a: Garchomp
|faint|p2a: Garchomp
|
|win|I am the Sweeper
|raw|I am the Sweeper's rating: 1129 → 1158(+29 for winning)
|raw|Pukeej's rating: 1188 → 1159(-29 for losing)
|l|☆Pukeej
|player|p2|
