|j|☆forretress234
|j|☆TPShame
|html|forretress234TPShame    
|uhtml|bestof|Game 1 of a best-of-3
|t:|1785598998
|gametype|doubles
|player|p1|forretress234|1|1019
|player|p2|TPShame|169|1098
|gen|9
|tier|[Gen 9 Champions] VGC 2026 Reg M-B (Bo3)
|rated|
|rule|Species Clause: Limit one of each Pokémon
|rule|Item Clause: Limit 1 of each item
|clearpoke
|poke|p1|Meowstic, L50, M|
|poke|p1|Pidgeot, L50, F|
|poke|p1|Lycanroc, L50, M|
|poke|p1|Araquanid, L50, F|
|poke|p1|Aggron, L50, M|
|poke|p1|Rotom, L50|
|poke|p2|Staraptor, L50, M|
|poke|p2|Milotic, L50, F|
|poke|p2|Tyranitar, L50, M|
|poke|p2|Gholdengo, L50|
|poke|p2|Excadrill, L50, M|
|poke|p2|Sinistcha, L50|
|teampreview|4
|showteam|p1|Meowstic||LightClay|Prankster|LightScreen,Reflect,TrickRoom,FakeOut|Jolly||M|||50|]Pidgeot||Pidgeotite|BigPecks|Hurricane,HeatWave,Protect,QuickAttack|Modest||F|||50|]Lycanroc||FocusSash|Steadfast|Accelerock,CloseCombat,RockSlide,Endeavor|Jolly||M|||50|]Araquanid||SitrusBerry|WaterBubble|Liquidation,LeechLife,WideGuard,StickyWeb|Adamant||F|||50|]Aggron||Aggronite|HeavyMetal|BodyPress,HeavySlam,Protect,IronDefense|Adamant||M|||50|]Rotom||ChoiceScarf|Levitate|Electroweb,Thunderbolt,ShadowBall,VoltSwitch|Timid|||||50|
|showteam|p2|Staraptor||Staraptite|Intimidate|BraveBird,CloseCombat,Tailwind,Protect|Jolly||M|||50|]Milotic||SitrusBerry|Competitive|Scald,IceBeam,IcyWind,Recover|Modest||F|||50|]Tyranitar||Tyranitarite|SandStream|RockSlide,KnockOff,LowKick,Protect|Adamant||M|||50|]Gholdengo||LifeOrb|GoodasGold|ShadowBall,MakeItRain,NastyPlot,Protect|Modest|||||50|]Excadrill||FocusSash|SandRush|HighHorsepower,IronHead,RockSlide,Protect|Adamant||M|||50|]Sinistcha||ColburBerry|Hospitality|MatchaGotcha,RagePowder,TrickRoom,Protect|Bold|||||50|
|inactive|Battle timer is ON: inactive players will automatically lose when time's up. (requested by forretress234)
|inactive|TPShame has 60 seconds left.
|inactive|TPShame has 30 seconds left.
|inactive|TPShame has 20 seconds left.
|inactive|TPShame has 15 seconds left.
|
|t:|1785599079
|teamsize|p1|4
|teamsize|p2|4
|start
|switch|p1a: Meowstic|Meowstic, L50, M|100/100
|switch|p1b: Rotom|Rotom, L50|100/100
|switch|p2a: Tyranitar|Tyranitar, L50, M|100/100
|switch|p2b: Excadrill|Excadrill, L50, M|100/100
|-weather|Sandstorm|[from] ability: Sand Stream|[of] p2a: Tyranitar
|turn|1
|inactive|forretress234 has 30 seconds left.
|inactive|TPShame has 30 seconds left.
|inactive|TPShame has 20 seconds left.
|inactive|TPShame has 15 seconds left.
|
|t:|1785599120
|move|p1a: Meowstic|Fake Out|p2b: Excadrill
|-resisted|p2b: Excadrill|1
|-damage|p2b: Excadrill|96/100
|cant|p2b: Excadrill|flinch
|move|p1b: Rotom|Volt Switch|p2a: Tyranitar
|-damage|p2a: Tyranitar|79/100
|
|t:|1785599134
|switch|p1b: Araquanid|Araquanid, L50, F|100/100|[from] Volt Switch
|move|p2a: Tyranitar|Knock Off|p1a: Meowstic
|-supereffective|p1a: Meowstic|1
|-damage|p1a: Meowstic|0 fnt
|-enditem|p1a: Meowstic|Light Clay|[from] move: Knock Off|[of] p2a: Tyranitar
|faint|p1a: Meowstic
|
|-weather|Sandstorm|[upkeep]
|-damage|p1b: Araquanid|94/100|[from] Sandstorm
|upkeep
|
|t:|1785599140
|switch|p1a: Aggron|Aggron, L50, M|100/100
|turn|2
|inactive|TPShame has 30 seconds left.
|
|t:|1785599168
|detailschange|p1a: Aggron|Aggron-Mega, L50, M
|-mega|p1a: Aggron|Aggron|Aggronite
|move|p1b: Araquanid|Wide Guard|p1b: Araquanid
|-singleturn|p1b: Araquanid|Wide Guard
|move|p2b: Excadrill|High Horsepower|p1a: Aggron
|-supereffective|p1a: Aggron|1
|-damage|p1a: Aggron|57/100
|move|p2a: Tyranitar|Low Kick|p1a: Aggron
|-supereffective|p1a: Aggron|1
|-damage|p1a: Aggron|26/100
|move|p1a: Aggron|Body Press|p2b: Excadrill
|-supereffective|p2b: Excadrill|1
|-damage|p2b: Excadrill|0 fnt
|faint|p2b: Excadrill
|
|-weather|Sandstorm|[upkeep]
|-damage|p1b: Araquanid|88/100|[from] Sandstorm
|upkeep
|
|t:|1785599179
|switch|p2b: Staraptor|Staraptor, L50, M|100/100
|-ability|p2b: Staraptor|Intimidate|boost
|-unboost|p1a: Aggron|atk|1
|-unboost|p1b: Araquanid|atk|1
|turn|3
|
|t:|1785599197
|detailschange|p2b: Staraptor|Staraptor-Mega, L50, M
|-mega|p2b: Staraptor|Staraptor|Staraptite
|move|p1a: Aggron|Protect|p1a: Aggron
|-singleturn|p1a: Aggron|Protect
|move|p2b: Staraptor|Close Combat|p1a: Aggron
|-activate|p1a: Aggron|move: Protect
|move|p2a: Tyranitar|Rock Slide|p1b: Araquanid|[spread] p1b
|-activate|p1a: Aggron|move: Protect
|-supereffective|p1b: Araquanid|1
|-damage|p1b: Araquanid|25/100
|-enditem|p1b: Araquanid|Sitrus Berry|[eat]
|-heal|p1b: Araquanid|50/100g|[from] item: Sitrus Berry
|move|p1b: Araquanid|Liquidation|p2a: Tyranitar
|-supereffective|p2a: Tyranitar|1
|-damage|p2a: Tyranitar|16/100
|
|-weather|Sandstorm|[upkeep]
|-damage|p2b: Staraptor|93/100|[from] Sandstorm
|-damage|p1b: Araquanid|44/100|[from] Sandstorm
|upkeep
|turn|4
|
|t:|1785599222
|switch|p1a: Rotom|Rotom, L50|100/100
|move|p2b: Staraptor|Close Combat|p1a: Rotom
|-immune|p1a: Rotom
|move|p2a: Tyranitar|Rock Slide|p1a: Rotom|[spread] p1a,p1b
|-supereffective|p1b: Araquanid|1
|-damage|p1a: Rotom|49/100
|-damage|p1b: Araquanid|0 fnt
|faint|p1b: Araquanid
|
|-weather|Sandstorm|[upkeep]
|-damage|p1a: Rotom|44/100|[from] Sandstorm
|-damage|p2b: Staraptor|87/100|[from] Sandstorm
|upkeep
|
|t:|1785599230
|switch|p1b: Aggron|Aggron-Mega, L50, M|26/100
|turn|5
|
|t:|1785599241
|move|p2b: Staraptor|Protect|p2b: Staraptor
|-singleturn|p2b: Staraptor|Protect
|move|p1b: Aggron|Protect|p1b: Aggron
|-singleturn|p1b: Aggron|Protect
|move|p1a: Rotom|Thunderbolt|p2b: Staraptor
|-activate|p2b: Staraptor|move: Protect
|move|p2a: Tyranitar|Knock Off|p1a: Rotom
|-supereffective|p1a: Rotom|1
|-damage|p1a: Rotom|0 fnt
|-enditem|p1a: Rotom|Choice Scarf|[from] move: Knock Off|[of] p2a: Tyranitar
|faint|p1a: Rotom
|
|-weather|none
|upkeep
|turn|6
|
|t:|1785599252
|switch|p2a: Sinistcha|Sinistcha, L50|100/100
|-heal|p2b: Staraptor|100/100|[from] ability: Hospitality|[of] p2a: Sinistcha
|move|p2b: Staraptor|Close Combat|p1b: Aggron
|-supereffective|p1b: Aggron|1
|-damage|p1b: Aggron|0 fnt
|-boost|p2b: Staraptor|def|1
|-boost|p2b: Staraptor|spd|1
|faint|p1b: Aggron
|
|win|TPShame
