|j|☆dogwitdaglasses
|j|☆spearow's nest
|html|dogwitdaglassesspearow's nest    
|uhtml|bestof|Game 3 of a best-of-3
|t:|1756671125
|gametype|doubles
|player|p1|dogwitdaglasses|guzma|
|player|p2|spearow's nest|lance|
|gen|9
|tier|[Gen 9] VGC 2025 Reg H (Bo3)
|rule|Species Clause: Limit one of each Pokémon
|rule|Item Clause: Limit 1 of each item
|clearpoke
|poke|p1|Rillaboom, L50, F|
|poke|p1|Dragonite, L50, F|
|poke|p1|Sneasler, L50, M|
|poke|p1|Ninetales-Alola, L50, M|
|poke|p1|Kingambit, L50, M|
|poke|p1|Magmar, L50, M|
|poke|p2|Dragonite, L50, M|
|poke|p2|Gholdengo, L50|
|poke|p2|Rillaboom, L50, M|
|poke|p2|Ursaluna-Bloodmoon, L50, M|
|poke|p2|Maushold-Four, L50|
|poke|p2|Annihilape, L50, M|
|teampreview|4
|showteam|p1|Rillaboom||AssaultVest|GrassySurge|WoodHammer,GrassyGlide,HighHorsepower,FakeOut|||F|||50|,,,,,Fire]Dragonite||LoadedDice|Multiscale|Protect,ScaleShot,LowKick,Haze|||F|||50|,,,,,Fairy]Sneasler||WhiteHerb|Unburden|Protect,DireClaw,CloseCombat,Coaching|||M|||50|,,,,,Ghost]Ninetales-Alola||ChoiceSpecs|SnowWarning|Blizzard,IcyWind,Moonblast,FreezeDry|||M|||50|,,,,,Ghost]Kingambit||SafetyGoggles|Defiant|Protect,KowtowCleave,SuckerPunch,SwordsDance|||M|||50|,,,,,Dark]Magmar||Eviolite|VitalSpirit|Protect,FollowMe,Overheat,WillOWisp|||M|||50|,,,,,Ghost
|showteam|p2|Dragonite||LoadedDice|Multiscale|Tailwind,Haze,Protect,ScaleShot|||M|||50|,,,,,Fairy]Gholdengo||LifeOrb|GoodasGold|MakeItRain,ShadowBall,NastyPlot,Protect||||||50|,,,,,Water]Rillaboom||MiracleSeed|GrassySurge|WoodHammer,GrassyGlide,FakeOut,HighHorsepower|||M|||50|,,,,,Fire]Ursaluna-Bloodmoon||AssaultVest|MindsEye|BloodMoon,HyperVoice,EarthPower,VacuumWave|||M|||50|,,,,,Water]Maushold-Four||FocusSash|FriendGuard|SuperFang,FollowMe,BeatUp,Protect||||||50|,,,,,Ghost]Annihilape||SitrusBerry|Defiant|RageFist,DrainPunch,BulkUp,Protect|||M|||50|,,,,,Fire
|
|t:|1756671150
|teamsize|p1|4
|teamsize|p2|4
|start
|switch|p1a: Mogmar|Magmar, L50, M, shiny|100/100
|switch|p1b: Kingambling|Kingambit, L50, M, shiny|100/100
|switch|p2a: Maushold|Maushold-Four, L50|100/100
|switch|p2b: Annihilape|Annihilape, L50, M|100/100
|turn|1
|
|t:|1756671210
|-terastallize|p1a: Mogmar|Ghost
|move|p1a: Mogmar|Follow Me|p1a: Mogmar
|-singleturn|p1a: Mogmar|move: Follow Me
|move|p2a: Maushold|Beat Up|p1a: Mogmar
|-supereffective|p1a: Mogmar
|-damage|p1a: Mogmar|97/100
|-supereffective|p1a: Mogmar
|-damage|p1a: Mogmar|92/100
|-supereffective|p1a: Mogmar
|-damage|p1a: Mogmar|89/100
|-supereffective|p1a: Mogmar
|-damage|p1a: Mogmar|85/100
|-hitcount|p1a: Mogmar|4
|move|p2b: Annihilape|Bulk Up|p2b: Annihilape
|-boost|p2b: Annihilape|atk|1
|-boost|p2b: Annihilape|def|1
|move|p1b: Kingambling|Swords Dance|p1b: Kingambling
|-boost|p1b: Kingambling|atk|2
|
|upkeep
|turn|2
|
|t:|1756671234
|move|p2a: Maushold|Follow Me|p2a: Maushold
|-singleturn|p2a: Maushold|move: Follow Me
|move|p1a: Mogmar|Follow Me|p1a: Mogmar
|-singleturn|p1a: Mogmar|move: Follow Me
|move|p2b: Annihilape|Rage Fist|p1a: Mogmar
|-supereffective|p1a: Mogmar
|-damage|p1a: Mogmar|23/100
|move|p1b: Kingambling|Kowtow Cleave|p2a: Maushold
|-crit|p2a: Maushold
|-enditem|p2a: Maushold|Focus Sash
|-damage|p2a: Maushold|1/100
|
|upkeep
|turn|3
|
|t:|1756671282
|-terastallize|p2b: Annihilape|Fire
|move|p1b: Kingambling|Sucker Punch|p2a: Maushold
|-damage|p2a: Maushold|0 fnt
|faint|p2a: Maushold
|move|p2b: Annihilape|Bulk Up|p2b: Annihilape
|-boost|p2b: Annihilape|atk|1
|-boost|p2b: Annihilape|def|1
|move|p1a: Mogmar|Will-O-Wisp|p2b: Annihilape
|-immune|p2b: Annihilape
|
|upkeep
|
|t:|1756671303
|switch|p2a: Gholdengo|Gholdengo, L50|100/100
|turn|4
|
|t:|1756671329
|move|p1a: Mogmar|Follow Me|p1a: Mogmar
|-singleturn|p1a: Mogmar|move: Follow Me
|move|p2b: Annihilape|Rage Fist|p1a: Mogmar
|-supereffective|p1a: Mogmar
|-damage|p1a: Mogmar|0 fnt
|faint|p1a: Mogmar
|move|p2a: Gholdengo|Make It Rain|p1b: Kingambling
|-resisted|p1b: Kingambling
|-damage|p1b: Kingambling|67/100
|-unboost|p2a: Gholdengo|spa|1
|-damage|p2a: Gholdengo|91/100|[from] item: Life Orb
|move|p1b: Kingambling|Swords Dance|p1b: Kingambling
|-boost|p1b: Kingambling|atk|2
|
|upkeep
|
|t:|1756671339
|switch|p1a: Noah's BFF|Sneasler, L50, M, shiny|100/100
|turn|5
|
|t:|1756671358
|switch|p2a: Ursaluna|Ursaluna-Bloodmoon, L50, M|100/100
|move|p1b: Kingambling|Sucker Punch||[still]
|-fail|p1b: Kingambling
|move|p1a: Noah's BFF|Dire Claw|p2b: Annihilape
|-damage|p2b: Annihilape|77/100
|move|p2b: Annihilape|Bulk Up|p2b: Annihilape
|-boost|p2b: Annihilape|atk|1
|-boost|p2b: Annihilape|def|1
|
|upkeep
|turn|6
|
|t:|1756671372
|move|p1b: Kingambling|Sucker Punch|p2b: Annihilape
|-damage|p2b: Annihilape|31/100
|-enditem|p2b: Annihilape|Sitrus Berry|[eat]
|-heal|p2b: Annihilape|56/100|[from] item: Sitrus Berry
|move|p1a: Noah's BFF|Close Combat|p2a: Ursaluna
|-supereffective|p2a: Ursaluna
|-damage|p2a: Ursaluna|8/100
|-unboost|p1a: Noah's BFF|def|1
|-unboost|p1a: Noah's BFF|spd|1
|-enditem|p1a: Noah's BFF|White Herb
|-clearnegativeboost|p1a: Noah's BFF|[silent]
|move|p2b: Annihilape|Drain Punch|p1b: Kingambling
|-supereffective|p1b: Kingambling
|-damage|p1b: Kingambling|0 fnt
|-heal|p2b: Annihilape|90/100|[from] drain|[of] p1b: Kingambling
|faint|p1b: Kingambling
|move|p2a: Ursaluna|Blood Moon|p1a: Noah's BFF
|-damage|p1a: Noah's BFF|2/100
|
|upkeep
|
|t:|1756671383
|switch|p1b: Hi peli|Ninetales-Alola, L50, M, shiny|100/100
|-weather|Snowscape|[from] ability: Snow Warning|[of] p1b: Hi peli
|turn|7
|
|t:|1756671398
|move|p1a: Noah's BFF|Protect|p1a: Noah's BFF
|-singleturn|p1a: Noah's BFF|Protect
|move|p2a: Ursaluna|Vacuum Wave|p1a: Noah's BFF
|-activate|p1a: Noah's BFF|move: Protect
|move|p1b: Hi peli|Blizzard|p2b: Annihilape|[spread] p2a,p2b
|-supereffective|p2a: Ursaluna
|-resisted|p2b: Annihilape
|-damage|p2a: Ursaluna|0 fnt
|-damage|p2b: Annihilape|67/100
|-status|p2b: Annihilape|frz
|faint|p2a: Ursaluna
|cant|p2b: Annihilape|frz
|
|-weather|Snowscape|[upkeep]
|upkeep
|
|t:|1756671409
|switch|p2a: Gholdengo|Gholdengo, L50|91/100
|turn|8
|
|t:|1756671416
|move|p1a: Noah's BFF|Close Combat|p2b: Annihilape
|-damage|p2b: Annihilape|42/100 frz
|-unboost|p1a: Noah's BFF|def|1
|-unboost|p1a: Noah's BFF|spd|1
|move|p1b: Hi peli|Blizzard|p2b: Annihilape|[spread] p2a,p2b
|-resisted|p2a: Gholdengo
|-resisted|p2b: Annihilape
|-damage|p2a: Gholdengo|63/100
|-damage|p2b: Annihilape|21/100 frz
|cant|p2b: Annihilape|frz
|move|p2a: Gholdengo|Make It Rain|p1b: Hi peli|[spread] p1a,p1b
|-supereffective|p1b: Hi peli
|-damage|p1a: Noah's BFF|0 fnt
|-damage|p1b: Hi peli|0 fnt
|-unboost|p2a: Gholdengo|spa|1
|faint|p1a: Noah's BFF
|faint|p1b: Hi peli
|-damage|p2a: Gholdengo|54/100|[from] item: Life Orb
|
|win|spearow's nest
