|j|☆Crying Flurmels
|j|☆Scheeo
|html|Crying FlurmelsScheeo    
|uhtml|bestof|Game 1 of a best-of-3
|t:|1756590815
|gametype|doubles
|player|p1|Crying Flurmels|102|
|player|p2|Scheeo|scientist-gen4dp|
|gen|9
|tier|[Gen 9] VGC 2025 Reg H (Bo3)
|rule|Species Clause: Limit one of each Pokémon
|rule|Item Clause: Limit 1 of each item
|clearpoke
|poke|p1|Murkrow, L50, F|
|poke|p1|Volcarona, L50, F|
|poke|p1|Sneasler, L50, M|
|poke|p1|Kingambit, L50, M|
|poke|p1|Dragonite, L50, F|
|poke|p1|Rillaboom, L50, F|
|poke|p2|Ursaluna-Bloodmoon, L50, M|
|poke|p2|Rillaboom, L50, M|
|poke|p2|Volcarona, L50, F|
|poke|p2|Dragonite, L50, M|
|poke|p2|Sneasler, L50, M|
|poke|p2|Kingdra, L50, F|
|teampreview|4
|showteam|p1|Murkrow||Eviolite|Prankster|FoulPlay,Tailwind,Haze,SunnyDay|||F|||50|,,,,,Ghost]Volcarona||CovertCloak|FlameBody|HeatWave,TeraBlast,QuiverDance,Protect|||F|||50|,,,,,Water]Sneasler||GrassySeed|Unburden|DireClaw,CloseCombat,Protect,Coaching|||M|||50|,,,,,Stellar]Kingambit||BlackGlasses|Defiant|KowtowCleave,SuckerPunch,SwordsDance,Protect|||M|||50|,,,,,Dark]Dragonite||ChoiceBand|InnerFocus|Outrage,StompingTantrum,LowKick,ExtremeSpeed|||F|||50|,,,,,Normal]Rillaboom||MiracleSeed|GrassySurge|WoodHammer,GrassyGlide,Uturn,FakeOut|||F|||50|,,,,,Fire
|showteam|p2|Ursaluna-Bloodmoon||Leftovers|MindsEye|HyperVoice,EarthPower,CalmMind,Protect|||M|||50|,,,,,Normal]Rillaboom||AssaultVest|GrassySurge|WoodHammer,GrassyGlide,Uturn,FakeOut|||M|||50|,,,,,Water]Volcarona||GrassySeed|FlameBody|RagePowder,BugBuzz,WillOWisp,Tailwind|||F|||50|,,,,,Water]Dragonite||LoadedDice|Multiscale|ScaleShot,ThunderPunch,Haze,Protect|||M|||50|,,,,,Fairy]Sneasler||FocusSash|Unburden|CloseCombat,DireClaw,ThroatChop,Taunt|||M|||50|,,,,,Dark]Kingdra||LifeOrb|SwiftSwim|DracoMeteor,WeatherBall,RainDance,Protect|||F|||50|,,,,,Stellar
|c|☆Crying Flurmels|glhf
|c|☆Scheeo|gl
|
|t:|1756590867
|teamsize|p1|4
|teamsize|p2|4
|start
|switch|p1a: Sneasler|Sneasler, L50, M|100/100
|switch|p1b: Volcarona|Volcarona, L50, F|100/100
|switch|p2a: Ursaluna|Ursaluna-Bloodmoon, L50, M|100/100
|switch|p2b: Rillaboom|Rillaboom, L50, M|100/100
|-fieldstart|move: Grassy Terrain|[from] ability: Grassy Surge|[of] p2b: Rillaboom
|-enditem|p1a: Sneasler|Grassy Seed
|-boost|p1a: Sneasler|def|1|[from] item: Grassy Seed
|turn|1
|
|t:|1756590889
|move|p1a: Sneasler|Protect|p1a: Sneasler
|-singleturn|p1a: Sneasler|Protect
|move|p2b: Rillaboom|Fake Out|p1a: Sneasler
|-activate|p1a: Sneasler|move: Protect
|move|p1b: Volcarona|Quiver Dance|p1b: Volcarona
|-boost|p1b: Volcarona|spa|1
|-boost|p1b: Volcarona|spd|1
|-boost|p1b: Volcarona|spe|1
|move|p2a: Ursaluna|Calm Mind|p2a: Ursaluna
|-boost|p2a: Ursaluna|spa|1
|-boost|p2a: Ursaluna|spd|1
|
|upkeep
|turn|2
|
|t:|1756590910
|-terastallize|p1a: Sneasler|Stellar
|move|p2a: Ursaluna|Protect|p2a: Ursaluna
|-singleturn|p2a: Ursaluna|Protect
|move|p1a: Sneasler|Close Combat|p2a: Ursaluna
|-activate|p2a: Ursaluna|move: Protect
|move|p1b: Volcarona|Heat Wave|p2b: Rillaboom|[spread] 
|-activate|p2a: Ursaluna|move: Protect
|-miss|p1b: Volcarona|p2b: Rillaboom
|move|p2b: Rillaboom|U-turn|p1b: Volcarona
|-resisted|p1b: Volcarona
|-damage|p1b: Volcarona|86/100
|
|t:|1756590929
|switch|p2b: Volcarona|Volcarona, L50, F|100/100|[from] U-turn
|-enditem|p2b: Volcarona|Grassy Seed
|-boost|p2b: Volcarona|def|1|[from] item: Grassy Seed
|
|-heal|p1b: Volcarona|93/100|[from] Grassy Terrain
|upkeep
|turn|3
|
|t:|1756590952
|move|p2b: Volcarona|Rage Powder|p2b: Volcarona
|-singleturn|p2b: Volcarona|move: Rage Powder
|move|p1a: Sneasler|Dire Claw|p2b: Volcarona
|-damage|p2b: Volcarona|59/100
|-status|p2b: Volcarona|slp
|move|p1b: Volcarona|Heat Wave|p2a: Ursaluna|[spread] p2a,p2b
|-damage|p2a: Ursaluna|55/100
|-damage|p2b: Volcarona|18/100 slp
|move|p2a: Ursaluna|Earth Power|p1a: Sneasler
|-supereffective|p1a: Sneasler
|-damage|p1a: Sneasler|0 fnt
|faint|p1a: Sneasler
|
|-heal|p1b: Volcarona|99/100|[from] Grassy Terrain
|-heal|p2b: Volcarona|24/100 slp|[from] Grassy Terrain
|-heal|p2a: Ursaluna|61/100|[from] Grassy Terrain
|-heal|p2a: Ursaluna|67/100|[from] item: Leftovers
|upkeep
|
|t:|1756590967
|switch|p1a: Kingambit|Kingambit, L50, M|100/100
|turn|4
|
|t:|1756590982
|move|p2a: Ursaluna|Protect|p2a: Ursaluna
|-singleturn|p2a: Ursaluna|Protect
|move|p1a: Kingambit|Sucker Punch||[still]
|-fail|p1a: Kingambit
|move|p1b: Volcarona|Heat Wave|p2a: Ursaluna|[spread] p2b
|-activate|p2a: Ursaluna|move: Protect
|-damage|p2b: Volcarona|0 fnt
|faint|p2b: Volcarona
|
|-heal|p1b: Volcarona|100/100|[from] Grassy Terrain
|-heal|p2a: Ursaluna|74/100|[from] Grassy Terrain
|-heal|p2a: Ursaluna|80/100|[from] item: Leftovers
|upkeep
|
|t:|1756591008
|switch|p2b: Rillaboom|Rillaboom, L50, M|100/100
|turn|5
|inactive|Battle timer is ON: inactive players will automatically lose when time's up. (requested by Crying Flurmels)
|
|t:|1756591036
|switch|p1a: Murkrow|Murkrow, L50, F|100/100
|-terastallize|p2b: Rillaboom|Water
|move|p2b: Rillaboom|Fake Out|p1a: Murkrow
|-damage|p1a: Murkrow|87/100
|move|p1b: Volcarona|Heat Wave|p2a: Ursaluna|[spread] p2a,p2b
|-resisted|p2b: Rillaboom
|-damage|p2a: Ursaluna|38/100
|-damage|p2b: Rillaboom|79/100
|move|p2a: Ursaluna|Earth Power|p1b: Volcarona
|-damage|p1b: Volcarona|51/100
|
|-heal|p1b: Volcarona|57/100|[from] Grassy Terrain
|-heal|p2b: Rillaboom|85/100|[from] Grassy Terrain
|-heal|p2a: Ursaluna|44/100|[from] Grassy Terrain
|-heal|p2a: Ursaluna|50/100|[from] item: Leftovers
|-fieldend|move: Grassy Terrain
|upkeep
|turn|6
|inactive|Scheeo has 30 seconds left.
|
|t:|1756591064
|move|p2a: Ursaluna|Protect|p2a: Ursaluna
|-singleturn|p2a: Ursaluna|Protect
|move|p1a: Murkrow|Sunny Day|p1a: Murkrow
|-weather|SunnyDay
|move|p1b: Volcarona|Heat Wave|p2b: Rillaboom|[spread] p2b
|-activate|p2a: Ursaluna|move: Protect
|-resisted|p2b: Rillaboom
|-damage|p2b: Rillaboom|52/100
|move|p2b: Rillaboom|Wood Hammer|p1b: Volcarona
|-resisted|p1b: Volcarona
|-crit|p1b: Volcarona
|-damage|p1b: Volcarona|32/100
|-damage|p2b: Rillaboom|45/100|[from] Recoil
|
|-weather|SunnyDay|[upkeep]
|-heal|p2a: Ursaluna|56/100|[from] item: Leftovers
|upkeep
|turn|7
|inactive|Scheeo has 30 seconds left.
|inactive|Scheeo has 20 seconds left.
|inactive|Scheeo has 15 seconds left.
|inactive|Scheeo has 10 seconds left.
|
|t:|1756591113
|switch|p2b: Dragonite|Dragonite, L50, M|100/100
|move|p1b: Volcarona|Heat Wave|p2a: Ursaluna|[spread] p2a,p2b
|-resisted|p2b: Dragonite
|-damage|p2a: Ursaluna|0 fnt
|-damage|p2b: Dragonite|77/100
|faint|p2a: Ursaluna
|move|p1a: Murkrow|Foul Play|p2b: Dragonite
|-damage|p2b: Dragonite|10/100
|
|-weather|SunnyDay|[upkeep]
|upkeep
|
|t:|1756591121
|switch|p2a: Rillaboom|Rillaboom, L50, M, tera:Water|45/100
|-fieldstart|move: Grassy Terrain|[from] ability: Grassy Surge|[of] p2a: Rillaboom
|turn|8
|-message|Scheeo forfeited.
|
|win|Crying Flurmels
|l|☆Scheeo
|player|p2|
||Scheeo is ready for game 2.
||Crying Flurmels is ready for game 2.
|uhtml|next|Next: Game 2 of 3
