|j|☆bellytelevision
|j|☆coutsAF
|html|bellytelevisioncoutsAF    
|uhtml|bestof|Game 2 of a best-of-3
|t:|1784835097
|gametype|doubles
|player|p1|bellytelevision|dawn|1142
|player|p2|coutsAF|swimmer|1022
|gen|9
|tier|[Gen 9 Champions] VGC 2026 Reg M-B (Bo3)
|rated|
|rule|Species Clause: Limit one of each Pokémon
|rule|Item Clause: Limit 1 of each item
|clearpoke
|poke|p1|Venusaur, L50, M, shiny|
|poke|p1|Metagross, L50|
|poke|p1|Sinistcha, L50|
|poke|p1|Pelipper, L50, F|
|poke|p1|Archaludon, L50, M, shiny|
|poke|p1|Sableye, L50, M, shiny|
|poke|p2|Farigiraf, L50, F|
|poke|p2|Primarina, L50, M|
|poke|p2|Sneasler, L50, M|
|poke|p2|Camerupt, L50, F|
|poke|p2|Garchomp, L50, M|
|poke|p2|Froslass, L50, F|
|teampreview|4
|showteam|p1|Venusaur||Venusaurite|Chlorophyll|GigaDrain,SludgeBomb,Protect,EarthPower|Modest||M|||50|]Metagross||Metagrossite|ClearBody|IronHead,PsychicFangs,IcePunch,Protect|Jolly|||||50|]Sinistcha||ColburBerry|Hospitality|RagePowder,MatchaGotcha,LifeDew,TrickRoom|Sassy|||||50|]Pelipper||SitrusBerry|Drizzle|Tailwind,Hurricane,WeatherBall,WideGuard|Bold||F|||50|]Archaludon||Leftovers|Stamina|ElectroShot,FlashCannon,DragonPulse,Protect|Modest||M|||50|]Sableye||LightClay|Prankster|RainDance,Reflect,LightScreen,WillOWisp|Sassy||M|||50|
|showteam|p2|Farigiraf||SitrusBerry|ArmorTail|TrickRoom,Psychic,EnergyBall,Protect|Serious||F|||50|]Primarina||MysticWater|LiquidVoice|HyperVoice,Protect,DrainingKiss,LifeDew|Quiet||M|||50|]Sneasler||FocusSash|PoisonTouch|FakeOut,QuickGuard,CloseCombat,DireClaw|Jolly||M|||50|]Camerupt||Cameruptite|MagmaArmor|Eruption,EarthPower,HeatWave,Protect|Quiet||F|||50|]Garchomp||LifeOrb|RoughSkin|Earthquake,RockSlide,DragonClaw,Protect|Jolly||M|||50|]Froslass||Froslassite|SnowCloak|Blizzard,AuroraVeil,ShadowBall,Protect|Timid||F|||50|
|
|t:|1784835142
|teamsize|p1|4
|teamsize|p2|4
|start
|switch|p1a: Metagross|Metagross, L50|100/100
|switch|p1b: Sableye|Sableye, L50, M, shiny|100/100
|switch|p2a: Froslass|Froslass, L50, F|100/100
|switch|p2b: GTS|Sneasler, L50, M|100/100
|turn|1
|
|t:|1784835165
|detailschange|p2a: Froslass|Froslass-Mega, L50, F
|-mega|p2a: Froslass|Froslass|Froslassite
|-weather|Snowscape|[from] ability: Snow Warning|[of] p2a: Froslass
|detailschange|p1a: Metagross|Metagross-Mega, L50
|-mega|p1a: Metagross|Metagross|Metagrossite
|move|p1a: Metagross|Protect|p1a: Metagross
|-singleturn|p1a: Metagross|Protect
|move|p1b: Sableye|Light Screen|p1b: Sableye
|-sidestart|p1: bellytelevision|move: Light Screen
|move|p2b: GTS|Close Combat|p1a: Metagross
|-activate|p1a: Metagross|move: Protect
|move|p2a: Froslass|Aurora Veil|p2a: Froslass
|-sidestart|p2: coutsAF|move: Aurora Veil
|
|-weather|Snowscape|[upkeep]
|upkeep
|turn|2
|
|t:|1784835192
|move|p1b: Sableye|Reflect|p1b: Sableye
|-sidestart|p1: bellytelevision|Reflect
|move|p2a: Froslass|Shadow Ball|p1a: Metagross
|-supereffective|p1a: Metagross|1
|-damage|p1a: Metagross|41/100
|move|p2b: GTS|Close Combat|p1a: Metagross
|-damage|p1a: Metagross|8/100
|-unboost|p2b: GTS|def|1
|-unboost|p2b: GTS|spd|1
|move|p1a: Metagross|Iron Head|p2a: Froslass
|-supereffective|p2a: Froslass|1
|-damage|p2a: Froslass|18/100
|
|-weather|Snowscape|[upkeep]
|upkeep
|turn|3
|
|t:|1784835217
|switch|p1a: Pelipper|Pelipper, L50, F|100/100
|-weather|RainDance|[from] ability: Drizzle|[of] p1a: Pelipper
|move|p1b: Sableye|Will-O-Wisp|p2a: Froslass
|-status|p2a: Froslass|brn
|move|p2b: GTS|Close Combat|p1a: Pelipper
|-resisted|p1a: Pelipper|1
|-damage|p1a: Pelipper|78/100
|-unboost|p2b: GTS|def|1
|-unboost|p2b: GTS|spd|1
|move|p2a: Froslass|Blizzard|p1b: Sableye|[spread] p1a
|-miss|p2a: Froslass|p1b: Sableye
|-damage|p1a: Pelipper|44/100
|-enditem|p1a: Pelipper|Sitrus Berry|[eat]
|-heal|p1a: Pelipper|69/100|[from] item: Sitrus Berry
|
|-weather|RainDance|[upkeep]
|-damage|p2a: Froslass|12/100 brn|[from] brn
|upkeep
|turn|4
|
|t:|1784835241
|switch|p2a: Primarina|Primarina, L50, M|100/100
|move|p1b: Sableye|Will-O-Wisp|p2b: GTS
|-status|p2b: GTS|brn
|move|p2b: GTS|Dire Claw|p1a: Pelipper
|-damage|p1a: Pelipper|55/100
|move|p1a: Pelipper|Tailwind|p1a: Pelipper
|-sidestart|p1: bellytelevision|move: Tailwind
|
|-weather|RainDance|[upkeep]
|-damage|p2b: GTS|94/100 brn|[from] brn
|upkeep
|turn|5
|
|t:|1784835289
|move|p1b: Sableye|Will-O-Wisp|p2a: Primarina|[miss]
|-miss|p1b: Sableye|p2a: Primarina
|move|p2b: GTS|Dire Claw|p1a: Pelipper
|-damage|p1a: Pelipper|42/100
|-status|p1a: Pelipper|psn|[from] ability: Poison Touch|[of] p2b: GTS
|move|p1a: Pelipper|Hurricane|p2a: Primarina
|-damage|p2a: Primarina|79/100
|move|p2a: Primarina|Draining Kiss|p1b: Sableye
|-supereffective|p1b: Sableye|1
|-damage|p1b: Sableye|63/100
|-heal|p2a: Primarina|100/100|[from] drain|[of] p1b: Sableye
|
|-weather|RainDance|[upkeep]
|-damage|p1a: Pelipper|30/100 psn|[from] psn
|-damage|p2b: GTS|88/100 brn|[from] brn
|-sideend|p2: coutsAF|move: Aurora Veil
|upkeep
|turn|6
|
|t:|1784835316
|move|p1b: Sableye|Will-O-Wisp|p2a: Primarina
|-status|p2a: Primarina|brn
|move|p2b: GTS|Dire Claw|p1b: Sableye
|-resisted|p1b: Sableye|1
|-damage|p1b: Sableye|55/100
|move|p1a: Pelipper|Weather Ball|p2b: GTS
|-damage|p2b: GTS|0 fnt
|faint|p2b: GTS
|move|p2a: Primarina|Draining Kiss|p1b: Sableye
|-supereffective|p1b: Sableye|1
|-damage|p1b: Sableye|11/100
|
|-weather|RainDance|[upkeep]
|-damage|p1a: Pelipper|18/100 psn|[from] psn
|-damage|p2a: Primarina|94/100 brn|[from] brn
|upkeep
|
|t:|1784835333
|switch|p2b: Garchomp|Garchomp, L50, M|100/100
|turn|7
|
|t:|1784835351
|move|p2b: Garchomp|Protect|p2b: Garchomp
|-singleturn|p2b: Garchomp|Protect
|move|p1b: Sableye|Will-O-Wisp|p2b: Garchomp
|-activate|p2b: Garchomp|move: Protect
|move|p1a: Pelipper|Weather Ball|p2b: Garchomp
|-activate|p2b: Garchomp|move: Protect
|move|p2a: Primarina|Hyper Voice|p1b: Sableye|[spread] p1a,p1b
|-resisted|p1a: Pelipper|1
|-damage|p1a: Pelipper|0 fnt
|-damage|p1b: Sableye|0 fnt
|faint|p1a: Pelipper
|faint|p1b: Sableye
|
|-weather|none
|-damage|p2a: Primarina|88/100 brn|[from] brn
|-sideend|p1: bellytelevision|move: Tailwind
|upkeep
|
|t:|1784835366
|switch|p1a: Metagross|Metagross-Mega, L50|8/100
|switch|p1b: Archaludon|Archaludon, L50, M, shiny|100/100
|turn|8
|
|t:|1784835398
|switch|p2b: Froslass|Froslass-Mega, L50, F|12/100 brn
|-weather|Snowscape|[from] ability: Snow Warning|[of] p2b: Froslass
|move|p1a: Metagross|Ice Punch|p2b: Froslass
|-resisted|p2b: Froslass|1
|-damage|p2b: Froslass|0 fnt
|faint|p2b: Froslass
|move|p1b: Archaludon|Electro Shot||[still]
|-prepare|p1b: Archaludon|Electro Shot
|-boost|p1b: Archaludon|spa|1
|move|p2a: Primarina|Hyper Voice|p1b: Archaludon|[spread] p1a,p1b
|-resisted|p1b: Archaludon|1
|-damage|p1a: Metagross|0 fnt
|-damage|p1b: Archaludon|85/100
|-ability|p1b: Archaludon|Stamina|boost
|-boost|p1b: Archaludon|def|1
|faint|p1a: Metagross
|
|-weather|Snowscape|[upkeep]
|-heal|p1b: Archaludon|91/100|[from] item: Leftovers
|-damage|p2a: Primarina|82/100 brn|[from] brn
|-sideend|p1: bellytelevision|move: Light Screen
|upkeep
|
|t:|1784835416
|switch|p2b: Garchomp|Garchomp, L50, M|100/100
|turn|9
|
|t:|1784835422
|move|p2a: Primarina|Protect|p2a: Primarina
|-singleturn|p2a: Primarina|Protect
|move|p2b: Garchomp|Earthquake|p1b: Archaludon|[spread] p1b
|-activate|p2a: Primarina|move: Protect
|-supereffective|p1b: Archaludon|1
|-damage|p1b: Archaludon|56/100
|-ability|p1b: Archaludon|Stamina|boost
|-boost|p1b: Archaludon|def|1
|-damage|p2b: Garchomp|90/100|[from] item: Life Orb
|move|p1b: Archaludon|Electro Shot|p2a: Primarina|[from] lockedmove
|-activate|p2a: Primarina|move: Protect
|
|-weather|Snowscape|[upkeep]
|-heal|p1b: Archaludon|62/100|[from] item: Leftovers
|-damage|p2a: Primarina|76/100 brn|[from] brn
|-sideend|p1: bellytelevision|Reflect
|upkeep
|turn|10
|
|t:|1784835461
|move|p2b: Garchomp|Dragon Claw|p1b: Archaludon
|-damage|p1b: Archaludon|40/100
|-ability|p1b: Archaludon|Stamina|boost
|-boost|p1b: Archaludon|def|1
|-damage|p2b: Garchomp|80/100|[from] item: Life Orb
|move|p1b: Archaludon|Flash Cannon|p2a: Primarina
|-damage|p2a: Primarina|33/100 brn
|move|p2a: Primarina|Draining Kiss|p1b: Archaludon
|-damage|p1b: Archaludon|13/100
|-heal|p2a: Primarina|54/100 brn|[from] drain|[of] p1b: Archaludon
|-ability|p1b: Archaludon|Stamina|boost
|-boost|p1b: Archaludon|def|1
|
|-weather|Snowscape|[upkeep]
|-heal|p1b: Archaludon|19/100|[from] item: Leftovers
|-damage|p2a: Primarina|48/100 brn|[from] brn
|upkeep
|turn|11
|-message|bellytelevision forfeited.
|
|win|coutsAF
|l|☆bellytelevision
|player|p1|
||bellytelevision is ready for game 3.
|inactive|coutsAF has 30 seconds to confirm battle start!
|j|☆bellytelevision
|player|p1|bellytelevision|dawn|
|inactive|coutsAF has 20 seconds to confirm battle start!
||coutsAF is ready for game 3.
|uhtml|next|Next: Game 3 of 3
