|j|☆playrornds
|j|‽JvmRdDCmp
|html|playrorndsJvmRdDCmp    
|uhtml|bestof|Game 2 of a best-of-3
|t:|1757197772
|gametype|doubles
|player|p1|playrornds|giovanni-gen1rb|1106
|player|p2|JvmRdDCmp|2|1091
|gen|9
|tier|[Gen 9] VGC 2025 Reg H (Bo3)
|rated|
|rule|Species Clause: Limit one of each Pokémon
|rule|Item Clause: Limit 1 of each item
|clearpoke
|poke|p1|Ursaluna, L50, F|
|poke|p1|Porygon2, L50|
|poke|p1|Gholdengo, L50|
|poke|p1|Kilowattrel, L50, M|
|poke|p1|Amoonguss, L50, F|
|poke|p1|Incineroar, L50, M|
|poke|p2|Slaking, L50, M|
|poke|p2|Kilowattrel, L50, M|
|poke|p2|Volcarona, L50, F|
|poke|p2|Wyrdeer, L50, F|
|poke|p2|Weezing, L50, M|
|poke|p2|Palafin, L50, M|
|teampreview|4
|showteam|p1|Ursaluna||FlameOrb|Guts|Facade,HeadlongRush,Earthquake,Protect|||F|||50|,,,,,Ghost]Porygon2||Eviolite|Download|TeraBlast,IceBeam,Recover,TrickRoom||||||50|,,,,,Fighting]Gholdengo||MetalCoat|GoodasGold|MakeItRain,ShadowBall,NastyPlot,Protect||||||50|,,,,,Flying]Kilowattrel||FocusSash|Competitive|Thunderbolt,AirSlash,Tailwind,Protect|||M|||50|,,,,,Ghost]Amoonguss||SitrusBerry|Regenerator|PollenPuff,Spore,RagePowder,Protect|||F|||50|,,,,,Water]Incineroar||SafetyGoggles|Intimidate|FakeOut,FlareBlitz,KnockOff,PartingShot|||M|||50|,,,,,Ghost
|showteam|p2|Slaking||SafetyGoggles|Truant|Protect,DoubleEdge,SuckerPunch,SlackOff|||M|||50|,,,,,Normal]Kilowattrel||ChoiceScarf|Competitive|Electroweb,Thunderbolt,VoltSwitch,Hurricane|||M|||50|,,,,,Ghost]Volcarona||SitrusBerry|FlameBody|Protect,FieryDance,BugBuzz,QuiverDance|||F|||50|,,,,,Poison]Wyrdeer||MentalHerb|Intimidate|SkillSwap,ExpandingForce,Protect,TeraBlast|||F|||50|,,,,,Fairy]Weezing||Leftovers|NeutralizingGas|Protect,Taunt,WillOWisp,SludgeBomb|||M|||50|,,,,,Dark]Palafin||EjectPack|ZerotoHero|JetPunch,WaveCrash,CloseCombat,Haze|||M|||50|,,,,,Water
|inactive|Battle timer is ON: inactive players will automatically lose when time's up. (requested by playrornds)
|inactive|playrornds has 60 seconds left.
|
|t:|1757197816
|teamsize|p1|4
|teamsize|p2|4
|start
|switch|p1a: Kilowattrel|Kilowattrel, L50, M|100/100
|switch|p1b: Incineroar|Incineroar, L50, M|100/100
|switch|p2a: Kilowattrel|Kilowattrel, L50, M|100/100
|switch|p2b: Palafin|Palafin, L50, M|100/100
|-ability|p1b: Incineroar|Intimidate|boost
|-unboost|p2a: Kilowattrel|atk|1
|-ability|p2a: Kilowattrel|Competitive|boost
|-boost|p2a: Kilowattrel|spa|2
|-unboost|p2b: Palafin|atk|1
|-enditem|p2b: Palafin|Eject Pack
|
|t:|1757197834
|detailschange|p2b: Palafin|Palafin-Hero, L50, M
|switch|p2b: Volcarona|Volcarona, L50, F|100/100
|turn|1
|
|t:|1757197851
|-terastallize|p2a: Kilowattrel|Ghost
|move|p2a: Kilowattrel|Thunderbolt|p1b: Incineroar
|-damage|p1b: Incineroar|24/100
|move|p1a: Kilowattrel|Tailwind|p1a: Kilowattrel
|-sidestart|p1: playrornds|move: Tailwind
|move|p1b: Incineroar|Parting Shot|p2b: Volcarona
|-unboost|p2b: Volcarona|atk|1
|-unboost|p2b: Volcarona|spa|1
|
|t:|1757197866
|switch|p1b: Ursaluna|Ursaluna, L50, F, shiny|100/100|[from] Parting Shot
|move|p2b: Volcarona|Quiver Dance|p2b: Volcarona
|-boost|p2b: Volcarona|spa|1
|-boost|p2b: Volcarona|spd|1
|-boost|p2b: Volcarona|spe|1
|
|-status|p1b: Ursaluna|brn|[from] item: Flame Orb
|upkeep
|turn|2
|inactive|playrornds has 30 seconds left.
|inactive|JvmRdDCmp has 30 seconds left.
|inactive|playrornds has 20 seconds left.
|inactive|JvmRdDCmp has 20 seconds left.
|inactive|playrornds has 15 seconds left.
|inactive|playrornds has 10 seconds left.
|inactive|playrornds has 5 seconds left.
|
|t:|1757197920
|move|p1a: Kilowattrel|Thunderbolt|p2a: Kilowattrel
|-damage|p2a: Kilowattrel|23/100
|move|p2a: Kilowattrel|Thunderbolt|p1a: Kilowattrel
|-enditem|p1a: Kilowattrel|Focus Sash
|-damage|p1a: Kilowattrel|1/100
|move|p1b: Ursaluna|Headlong Rush|p2b: Volcarona
|-damage|p2b: Volcarona|9/100
|-unboost|p1b: Ursaluna|def|1
|-unboost|p1b: Ursaluna|spd|1
|-enditem|p2b: Volcarona|Sitrus Berry|[eat]
|-heal|p2b: Volcarona|34/100|[from] item: Sitrus Berry
|move|p2b: Volcarona|Quiver Dance|p2b: Volcarona
|-boost|p2b: Volcarona|spa|1
|-boost|p2b: Volcarona|spd|1
|-boost|p2b: Volcarona|spe|1
|
|-damage|p1b: Ursaluna|94/100 brn|[from] brn
|upkeep
|turn|3
|inactive|playrornds has 30 seconds left.
|inactive|JvmRdDCmp has 30 seconds left.
|inactive|playrornds has 20 seconds left.
|inactive|JvmRdDCmp has 20 seconds left.
|inactive|playrornds has 15 seconds left.
|inactive|JvmRdDCmp has 15 seconds left.
|inactive|JvmRdDCmp has 10 seconds left.
|inactive|JvmRdDCmp has 5 seconds left.
|
|t:|1757197971
|move|p1a: Kilowattrel|Protect|p1a: Kilowattrel
|-singleturn|p1a: Kilowattrel|Protect
|move|p2a: Kilowattrel|Thunderbolt|p1a: Kilowattrel
|-activate|p1a: Kilowattrel|move: Protect
|move|p2b: Volcarona|Fiery Dance|p1b: Ursaluna
|-damage|p1b: Ursaluna|8/100 brn
|-boost|p2b: Volcarona|spa|1
|move|p1b: Ursaluna|Earthquake|p2a: Kilowattrel|[spread] p2a,p2b
|-activate|p1a: Kilowattrel|move: Protect
|-damage|p2a: Kilowattrel|0 fnt
|-damage|p2b: Volcarona|0 fnt
|faint|p2a: Kilowattrel
|faint|p2b: Volcarona
|
|-damage|p1b: Ursaluna|2/100 brn|[from] brn
|upkeep
|
|t:|1757197986
|switch|p2a: Palafin|Palafin-Hero, L50, M|100/100
|switch|p2b: Wyrdeer|Wyrdeer, L50, F|100/100
|-activate|p2a: Palafin|ability: Zero to Hero
|-ability|p2b: Wyrdeer|Intimidate|boost
|-unboost|p1a: Kilowattrel|atk|1
|-ability|p1a: Kilowattrel|Competitive|boost
|-boost|p1a: Kilowattrel|spa|2
|-unboost|p1b: Ursaluna|atk|1
|turn|4
|inactive|playrornds has 30 seconds left.
|inactive|playrornds has 20 seconds left.
|inactive|playrornds has 15 seconds left.
|
|t:|1757198028
|move|p2b: Wyrdeer|Protect|p2b: Wyrdeer
|-singleturn|p2b: Wyrdeer|Protect
|move|p2a: Palafin|Jet Punch|p1a: Kilowattrel
|-damage|p1a: Kilowattrel|0 fnt
|faint|p1a: Kilowattrel
|move|p1b: Ursaluna|Facade|p2b: Wyrdeer
|-activate|p2b: Wyrdeer|move: Protect
|
|-damage|p1b: Ursaluna|0 fnt|[from] brn
|faint|p1b: Ursaluna
|-sideend|p1: playrornds|move: Tailwind
|upkeep
|
|t:|1757198031
|switch|p1a: Gholdengo|Gholdengo, L50|100/100
|switch|p1b: Incineroar|Incineroar, L50, M|24/100
|-ability|p1b: Incineroar|Intimidate|boost
|-unboost|p2a: Palafin|atk|1
|-unboost|p2b: Wyrdeer|atk|1
|turn|5
|inactive|playrornds has 30 seconds left.
|
|t:|1757198064
|move|p1b: Incineroar|Fake Out|p2a: Palafin
|-damage|p2a: Palafin|89/100
|move|p1a: Gholdengo|Make It Rain|p2a: Palafin|[spread] p2a,p2b
|-resisted|p2a: Palafin
|-damage|p2a: Palafin|59/100
|-damage|p2b: Wyrdeer|50/100
|-unboost|p1a: Gholdengo|spa|1
|cant|p2a: Palafin|flinch
|move|p2b: Wyrdeer|Expanding Force|p1a: Gholdengo
|-resisted|p1a: Gholdengo
|-damage|p1a: Gholdengo|85/100
|
|upkeep
|turn|6
|inactive|playrornds has 30 seconds left.
|inactive|JvmRdDCmp has 30 seconds left.
|inactive|JvmRdDCmp has 20 seconds left.
|
|t:|1757198104
|move|p2a: Palafin|Jet Punch|p1b: Incineroar
|-supereffective|p1b: Incineroar
|-damage|p1b: Incineroar|0 fnt
|faint|p1b: Incineroar
|move|p1a: Gholdengo|Nasty Plot|p1a: Gholdengo
|-boost|p1a: Gholdengo|spa|2
|move|p2b: Wyrdeer|Expanding Force|p1a: Gholdengo
|-resisted|p1a: Gholdengo
|-damage|p1a: Gholdengo|69/100
|
|upkeep
|turn|7
|
|t:|1757198128
|move|p1a: Gholdengo|Make It Rain|p2b: Wyrdeer|[spread] p2a,p2b
|-resisted|p2a: Palafin
|-damage|p2a: Palafin|20/100
|-damage|p2b: Wyrdeer|0 fnt
|-unboost|p1a: Gholdengo|spa|1
|faint|p2b: Wyrdeer
|move|p2a: Palafin|Wave Crash|p1a: Gholdengo
|-damage|p1a: Gholdengo|10/100
|-damage|p2a: Palafin|3/100|[from] Recoil
|
|upkeep
|turn|8
|
|t:|1757198152
|move|p2a: Palafin|Jet Punch|p1a: Gholdengo
|-damage|p1a: Gholdengo|0 fnt
|faint|p1a: Gholdengo
|
|win|JvmRdDCmp
