|j|☆Dawsonschris
|j|☆WinterLily413
|html|DawsonschrisWinterLily413    
|uhtml|bestof|Game 2 of a best-of-3
|t:|1756955063
|gametype|doubles
|player|p1|Dawsonschris|artist-gen4|1077
|player|p2|WinterLily413|2|1051
|gen|9
|tier|[Gen 9] VGC 2025 Reg H (Bo3)
|rated|
|rule|Species Clause: Limit one of each Pokémon
|rule|Item Clause: Limit 1 of each item
|clearpoke
|poke|p1|Ursaluna-Bloodmoon, L50, M|
|poke|p1|Electabuzz, L50, M|
|poke|p1|Sneasler, L50, F|
|poke|p1|Indeedee, L50, M|
|poke|p1|Whimsicott, L50, M|
|poke|p1|Typhlosion-Hisui, L50, M|
|poke|p2|Torkoal, L50, M|
|poke|p2|Comfey, L50, F|
|poke|p2|Rillaboom, L50, F|
|poke|p2|Electabuzz, L50, F|
|poke|p2|Kingambit, L50, F|
|poke|p2|Archaludon, L50, M|
|teampreview|4
|showteam|p1|Ursaluna-Bloodmoon||LifeOrb|MindsEye|Protect,BloodMoon,EarthPower,HyperVoice|||M|||50|,,,,,Normal]Electabuzz||Eviolite|VitalSpirit|FollowMe,Taunt,Electroweb,Protect|||M|||50|,,,,,Dragon]Sneasler||PsychicSeed|Unburden|ThroatChop,DireClaw,CloseCombat,Protect|||F|||50|,,,,,Dark]Indeedee||FocusSash|PsychicSurge|ExpandingForce,TrickRoom,HelpingHand,Protect|||M|||50|,,,,,Psychic]Whimsicott||CovertCloak|Prankster|Tailwind,Moonblast,Encore,SunnyDay|||M|||50|,,,,,Ghost]Typhlosion-Hisui||ChoiceSpecs|Blaze|Eruption,HeatWave,ShadowBall,Flamethrower|||M|||50|,,,,,Fire
|showteam|p2|Torkoal||ChoiceSpecs|Drought|Eruption,WeatherBall,HeatWave,EarthPower|||M|||50|,,,,,Fire]Comfey||Leftovers|Triage|FloralHealing,TrickRoom,DrainingKiss,Protect|||F|||50|,,,,,Steel]Rillaboom||AssaultVest|GrassySurge|WoodHammer,GrassyGlide,FakeOut,Uturn|||F|||50|,,,,,Fire]Electabuzz||Eviolite|VitalSpirit|FollowMe,Taunt,VoltSwitch,Protect|||F|||50|,,,,,Ghost]Kingambit||BlackGlasses|Defiant|KowtowCleave,SuckerPunch,Protect,IronHead|||F|||50|,,,,,Dark]Archaludon||PowerHerb|Sturdy|AuraSphere,ElectroShot,FlashCannon,Protect|||M|||50|,,,,,Fairy
|inactive|Battle timer is ON: inactive players will automatically lose when time's up. (requested by Dawsonschris)
|inactive|WinterLily413 has 60 seconds left.
|inactive|WinterLily413 has 30 seconds left.
|inactive|WinterLily413 has 20 seconds left.
|
|t:|1756955138
|teamsize|p1|4
|teamsize|p2|4
|start
|switch|p1a: Typhlosion|Typhlosion-Hisui, L50, M|100/100
|switch|p1b: Whimsicott|Whimsicott, L50, M|100/100
|switch|p2a: Archaludon|Archaludon, L50, M|100/100
|switch|p2b: Kingambit|Kingambit, L50, F|100/100
|turn|1
|inactive|Dawsonschris has 30 seconds left.
|
|t:|1756955166
|switch|p1b: Indeedee|Indeedee, L50, M|100/100
|-fieldstart|move: Psychic Terrain|[from] ability: Psychic Surge|[of] p1b: Indeedee
|-terastallize|p1a: Typhlosion|Fire
|move|p2b: Kingambit|Sucker Punch|p1a: Typhlosion
|-activate|p1a: Typhlosion|move: Psychic Terrain
|move|p1a: Typhlosion|Eruption|p2a: Archaludon|[spread] p2a,p2b
|-supereffective|p2b: Kingambit
|-ability|p2a: Archaludon|Sturdy
|-damage|p2a: Archaludon|1/100
|-damage|p2b: Kingambit|0 fnt
|faint|p2b: Kingambit
|move|p2a: Archaludon|Flash Cannon|p1b: Indeedee
|-damage|p1b: Indeedee|36/100
|
|upkeep
|
|t:|1756955182
|switch|p2b: Rillaboom|Rillaboom, L50, F|100/100
|-fieldstart|move: Grassy Terrain|[from] ability: Grassy Surge|[of] p2b: Rillaboom
|turn|2
|
|t:|1756955200
|switch|p1a: Whimsicott|Whimsicott, L50, M|100/100
|move|p1b: Indeedee|Protect|p1b: Indeedee
|-singleturn|p1b: Indeedee|Protect
|move|p2b: Rillaboom|Fake Out|p1a: Whimsicott
|-damage|p1a: Whimsicott|83/100
|move|p2a: Archaludon|Electro Shot||[still]
|-prepare|p2a: Archaludon|Electro Shot
|-boost|p2a: Archaludon|spa|1
|-enditem|p2a: Archaludon|Power Herb
|-anim|p2a: Archaludon|Electro Shot|p1a: Whimsicott
|-resisted|p1a: Whimsicott
|-damage|p1a: Whimsicott|35/100
|
|-heal|p1a: Whimsicott|41/100|[from] Grassy Terrain
|-heal|p1b: Indeedee|42/100|[from] Grassy Terrain
|-heal|p2a: Archaludon|7/100|[from] Grassy Terrain
|upkeep
|turn|3
|inactive|WinterLily413 has 30 seconds left.
|
|t:|1756955230
|move|p1a: Whimsicott|Encore|p2b: Rillaboom
|-start|p2b: Rillaboom|Encore
|move|p1b: Indeedee|Expanding Force|p2a: Archaludon
|-resisted|p2a: Archaludon
|-damage|p2a: Archaludon|0 fnt
|faint|p2a: Archaludon
|move|p2b: Rillaboom|Fake Out||[still]
|-hint|Fake Out only works on your first turn out.
|-fail|p2b: Rillaboom
|
|-heal|p1a: Whimsicott|47/100|[from] Grassy Terrain
|-heal|p1b: Indeedee|48/100|[from] Grassy Terrain
|upkeep
|
|t:|1756955240
|switch|p2a: Electabuzz|Electabuzz, L50, F|100/100
|turn|4
|
|t:|1756955264
|switch|p1b: Sneasler|Sneasler, L50, F|100/100
|move|p2b: Rillaboom|Fake Out||[still]
|-hint|Fake Out only works on your first turn out.
|-fail|p2b: Rillaboom
|move|p1a: Whimsicott|Moonblast|p2a: Electabuzz
|-damage|p2a: Electabuzz|78/100
|move|p2a: Electabuzz|Taunt|p1a: Whimsicott
|-start|p1a: Whimsicott|move: Taunt
|
|-heal|p1a: Whimsicott|53/100|[from] Grassy Terrain
|-heal|p2a: Electabuzz|84/100|[from] Grassy Terrain
|upkeep
|turn|5
|
|t:|1756955285
|switch|p1a: Indeedee|Indeedee, L50, M|48/100
|-fieldstart|move: Psychic Terrain|[from] ability: Psychic Surge|[of] p1a: Indeedee
|-enditem|p1b: Sneasler|Psychic Seed
|-boost|p1b: Sneasler|spd|1|[from] item: Psychic Seed
|move|p2b: Rillaboom|Fake Out||[still]
|-hint|Fake Out only works on your first turn out.
|-fail|p2b: Rillaboom
|move|p2a: Electabuzz|Follow Me|p2a: Electabuzz
|-singleturn|p2a: Electabuzz|move: Follow Me
|move|p1b: Sneasler|Dire Claw|p2a: Electabuzz
|-damage|p2a: Electabuzz|49/100
|
|-end|p2b: Rillaboom|Encore
|upkeep
|turn|6
|inactive|WinterLily413 has 30 seconds left.
|inactive|WinterLily413 has 20 seconds left.
|
|t:|1756955321
|move|p1b: Sneasler|Dire Claw|p2b: Rillaboom
|-supereffective|p2b: Rillaboom
|-damage|p2b: Rillaboom|7/100
|move|p1a: Indeedee|Expanding Force|p2b: Rillaboom|[spread] p2a,p2b
|-damage|p2a: Electabuzz|13/100
|-damage|p2b: Rillaboom|0 fnt
|faint|p2b: Rillaboom
|move|p2a: Electabuzz|Volt Switch|p1a: Indeedee
|-damage|p1a: Indeedee|14/100
|
|upkeep
|turn|7
|-message|WinterLily413 forfeited.
|
|win|Dawsonschris
|raw|Dawsonschris's rating: 1077 → 1103(+26 for winning)
|raw|WinterLily413's rating: 1051 → 1035(-16 for losing)
|l|☆WinterLily413
|player|p2|
