|j|☆BambooCyclone
|j|☆PuffTheCutie
|html|BambooCyclonePuffTheCutie    
|uhtml|bestof|Game 1 of a best-of-3
|t:|1786158481
|gametype|doubles
|player|p1|BambooCyclone|170|
|player|p2|PuffTheCutie|roxie|
|gen|9
|tier|[Gen 9 Champions] VGC 2026 Reg M-B (Bo3)
|rule|Species Clause: Limit one of each Pokémon
|rule|Item Clause: Limit 1 of each item
|clearpoke
|poke|p1|Scrafty, L50, M|
|poke|p1|Emolga, L50, M|
|poke|p1|Swampert, L50, F|
|poke|p1|Metagross, L50|
|poke|p1|Rotom-Heat, L50|
|poke|p1|Appletun, L50, M|
|poke|p2|Tyranitar, L50, M|
|poke|p2|Excadrill, L50, F|
|poke|p2|Gholdengo, L50|
|poke|p2|Staraptor, L50, F|
|poke|p2|Milotic, L50, M|
|poke|p2|Chandelure, L50, F|
|teampreview|4
|showteam|p1|Scrafty||Scraftinite|Intimidate|FakeOut,BrickBreak,KnockOff,Protect|Adamant||M|||50|]Emolga||FocusSash|Static|Nuzzle,Taunt,Encore,Protect|Jolly||M|||50|]Swampert||Leftovers|Damp|Yawn,SandTomb,WideGuard,Protect|Careful||F|||50|]Metagross||LifeOrb|ClearBody|PsychicFangs,Earthquake,BulletPunch,Protect|Adamant|||||50|]Rotom-Heat||BrightPowder|Levitate|Discharge,Overheat,Protect,Thunderbolt|Timid|||||50|]Appletun||SitrusBerry|Gluttony|AppleAcid,DracoMeteor,GigaDrain,Protect|Modest||M|||50|
|showteam|p2|Tyranitar||Tyranitarite|SandStream|RockSlide,KnockOff,LowKick,Protect|Jolly||M|||50|]Excadrill||FocusSash|SandRush|IronHead,HighHorsepower,RockSlide,Protect|Adamant||F|||50|]Gholdengo||LifeOrb|GoodasGold|MakeItRain,ShadowBall,NastyPlot,Protect|Modest|||||50|]Staraptor||SharpBeak|Intimidate|CloseCombat,BraveBird,Tailwind,Protect|Jolly||F|||50|]Milotic||SitrusBerry|Competitive|Scald,IceBeam,Hypnosis,Protect|Modest||M|||50|]Chandelure||ColburBerry|FlashFire|HeatWave,ShadowBall,Taunt,Protect|Mild||F|||50|
|inactive|Battle timer is ON: inactive players will automatically lose when time's up. (requested by PuffTheCutie)
|j| Peppersalt1
|j| tobyga
|j| falba
|inactive|PuffTheCutie has 60 seconds left.
|j| tempestuwumeow
|inactive|PuffTheCutie has 30 seconds left.
|
|t:|1786158548
|teamsize|p1|4
|teamsize|p2|4
|start
|switch|p1a: Scrafty|Scrafty, L50, M|100/100
|switch|p1b: Emolga|Emolga, L50, M|100/100
|switch|p2a: Tyranitar|Tyranitar, L50, M|100/100
|switch|p2b: Excadrill|Excadrill, L50, F|100/100
|-weather|Sandstorm|[from] ability: Sand Stream|[of] p2a: Tyranitar
|-ability|p1a: Scrafty|Intimidate|boost
|-unboost|p2a: Tyranitar|atk|1
|-unboost|p2b: Excadrill|atk|1
|turn|1
|inactive|PuffTheCutie has 30 seconds left.
|inactive|PuffTheCutie has 20 seconds left.
|j| Potatomonstr
|inactive|PuffTheCutie has 15 seconds left.
|inactive|PuffTheCutie has 10 seconds left.
|inactive|PuffTheCutie has 5 seconds left.
|j| andorite2
|
|t:|1786158600
|switch|p2a: Chandelure|Chandelure, L50, F|100/100
|detailschange|p1a: Scrafty|Scrafty-Mega, L50, M
|-mega|p1a: Scrafty|Scrafty|Scraftinite
|-ability|p1a: Scrafty|Intimidate|boost
|-unboost|p2a: Chandelure|atk|1
|-unboost|p2b: Excadrill|atk|1
|move|p1a: Scrafty|Fake Out|p2b: Excadrill
|-resisted|p2b: Excadrill|1
|-damage|p2b: Excadrill|88/100
|cant|p2b: Excadrill|flinch
|move|p1b: Emolga|Nuzzle|p2a: Chandelure
|-damage|p2a: Chandelure|90/100
|-status|p2a: Chandelure|par
|
|-weather|Sandstorm|[upkeep]
|-damage|p1b: Emolga|93/100|[from] Sandstorm
|-damage|p1a: Scrafty|94/100|[from] Sandstorm
|-damage|p2a: Chandelure|84/100 par|[from] Sandstorm
|upkeep
|turn|2
|l| Peppersalt1
|j| Peppersalt1
|inactive|BambooCyclone has 30 seconds left.
|inactive|PuffTheCutie has 30 seconds left.
|
|t:|1786158634
|move|p2b: Excadrill|Protect|p2b: Excadrill
|-singleturn|p2b: Excadrill|Protect
|move|p1b: Emolga|Protect|p1b: Emolga
|-singleturn|p1b: Emolga|Protect
|move|p1a: Scrafty|Brick Break|p2b: Excadrill
|-activate|p2b: Excadrill|move: Protect
|move|p2a: Chandelure|Shadow Ball|p1b: Emolga
|-activate|p1b: Emolga|move: Protect
|
|-weather|Sandstorm|[upkeep]
|-damage|p1b: Emolga|87/100|[from] Sandstorm
|-damage|p1a: Scrafty|88/100|[from] Sandstorm
|-damage|p2a: Chandelure|78/100 par|[from] Sandstorm
|upkeep
|turn|3
|inactive|BambooCyclone has 30 seconds left.
|inactive|PuffTheCutie has 30 seconds left.
|inactive|PuffTheCutie has 20 seconds left.
|inactive|PuffTheCutie has 15 seconds left.
|inactive|PuffTheCutie has 10 seconds left.
|
|t:|1786158681
|switch|p2b: Milotic|Milotic, L50, M|100/100
|move|p1b: Emolga|Nuzzle|p2b: Milotic
|-supereffective|p2b: Milotic|1
|-damage|p2b: Milotic|90/100
|-status|p2b: Milotic|par
|move|p1a: Scrafty|Brick Break|p2b: Milotic
|-damage|p2b: Milotic|49/100 par
|-enditem|p2b: Milotic|Sitrus Berry|[eat]
|-heal|p2b: Milotic|74/100 par|[from] item: Sitrus Berry
|cant|p2a: Chandelure|par
|
|-weather|Sandstorm|[upkeep]
|-damage|p1b: Emolga|81/100|[from] Sandstorm
|-damage|p1a: Scrafty|82/100|[from] Sandstorm
|-damage|p2a: Chandelure|72/100 par|[from] Sandstorm
|-damage|p2b: Milotic|68/100 par|[from] Sandstorm
|upkeep
|turn|4
|inactive|PuffTheCutie has 30 seconds left.
|
|t:|1786158711
|move|p1b: Emolga|Taunt|p2b: Milotic
|-start|p2b: Milotic|move: Taunt
|move|p1a: Scrafty|Knock Off|p2a: Chandelure
|-supereffective|p2a: Chandelure|1
|-enditem|p2a: Chandelure|Colbur Berry|[eat]
|-enditem|p2a: Chandelure|Colbur Berry|[weaken]
|-damage|p2a: Chandelure|0 fnt
|faint|p2a: Chandelure
|cant|p2b: Milotic|move: Taunt|Hypnosis
|
|-weather|Sandstorm|[upkeep]
|-damage|p1b: Emolga|75/100|[from] Sandstorm
|-damage|p1a: Scrafty|76/100|[from] Sandstorm
|-damage|p2b: Milotic|62/100 par|[from] Sandstorm
|upkeep
|
|t:|1786158722
|switch|p2a: Tyranitar|Tyranitar, L50, M|100/100
|turn|5
|inactive|PuffTheCutie has 30 seconds left.
|inactive|PuffTheCutie has 20 seconds left.
|
|t:|1786158761
|detailschange|p2a: Tyranitar|Tyranitar-Mega, L50, M
|-mega|p2a: Tyranitar|Tyranitar|Tyranitarite
|move|p2a: Tyranitar|Protect|p2a: Tyranitar
|-singleturn|p2a: Tyranitar|Protect
|move|p1b: Emolga|Nuzzle|p2a: Tyranitar
|-activate|p2a: Tyranitar|move: Protect
|move|p1a: Scrafty|Brick Break|p2a: Tyranitar
|-activate|p2a: Tyranitar|move: Protect
|move|p2b: Milotic|Scald|p1a: Scrafty
|-damage|p1a: Scrafty|50/100g
|
|-weather|none
|upkeep
|turn|6
|inactive|BambooCyclone has 30 seconds left.
|
|t:|1786158792
|switch|p2a: Excadrill|Excadrill, L50, F|88/100
|move|p1b: Emolga|Nuzzle|p2a: Excadrill
|-immune|p2a: Excadrill
|move|p1a: Scrafty|Brick Break|p2a: Excadrill
|-supereffective|p2a: Excadrill|1
|-damage|p2a: Excadrill|0 fnt
|faint|p2a: Excadrill
|move|p2b: Milotic|Scald|p1a: Scrafty
|-damage|p1a: Scrafty|22/100
|-status|p1a: Scrafty|brn
|
|-damage|p1a: Scrafty|16/100 brn|[from] brn
|-end|p2b: Milotic|move: Taunt
|upkeep
|
|t:|1786158806
|switch|p2a: Tyranitar|Tyranitar-Mega, L50, M|100/100
|-weather|Sandstorm|[from] ability: Sand Stream|[of] p2a: Tyranitar
|turn|7
|inactive|PuffTheCutie has 30 seconds left.
|inactive|PuffTheCutie has 20 seconds left.
|
|t:|1786158842
|move|p1a: Scrafty|Protect|p1a: Scrafty
|-singleturn|p1a: Scrafty|Protect
|move|p1b: Emolga|Nuzzle|p2a: Tyranitar
|-damage|p2a: Tyranitar|95/100
|-status|p2a: Tyranitar|par
|move|p2a: Tyranitar|Rock Slide|p1b: Emolga|[spread] p1b
|-activate|p1a: Scrafty|move: Protect
|-supereffective|p1b: Emolga|1
|-damage|p1b: Emolga|0 fnt
|faint|p1b: Emolga
|move|p2b: Milotic|Ice Beam|p1a: Scrafty
|-activate|p1a: Scrafty|move: Protect
|
|-weather|Sandstorm|[upkeep]
|-damage|p1a: Scrafty|10/100 brn|[from] Sandstorm
|-damage|p2b: Milotic|56/100 par|[from] Sandstorm
|-damage|p1a: Scrafty|4/100 brn|[from] brn
|upkeep
|
|t:|1786158857
|switch|p1b: Appletun|Appletun, L50, M|100/100
|turn|8
|
|t:|1786158870
|move|p2a: Tyranitar|Protect|p2a: Tyranitar
|-singleturn|p2a: Tyranitar|Protect
|move|p1a: Scrafty|Brick Break|p2a: Tyranitar
|-activate|p2a: Tyranitar|move: Protect
|move|p2b: Milotic|Hypnosis|p1b: Appletun
|-status|p1b: Appletun|slp|[from] move: Hypnosis
|cant|p1b: Appletun|slp
|
|-weather|Sandstorm|[upkeep]
|-damage|p1a: Scrafty|0 fnt|[from] Sandstorm
|-damage|p2b: Milotic|50/100g par|[from] Sandstorm
|-damage|p1b: Appletun|94/100 slp|[from] Sandstorm
|faint|p1a: Scrafty
|upkeep
|
|t:|1786158875
|switch|p1a: Metagross|Metagross, L50|100/100
|turn|9
|inactive|PuffTheCutie has 30 seconds left.
|inactive|BambooCyclone has 30 seconds left.
|
|t:|1786158905
|move|p2b: Milotic|Protect|p2b: Milotic
|-singleturn|p2b: Milotic|Protect
|move|p1a: Metagross|Psychic Fangs|p2b: Milotic
|-activate|p2b: Milotic|move: Protect
|move|p2a: Tyranitar|Knock Off|p1a: Metagross
|-supereffective|p1a: Metagross|1
|-damage|p1a: Metagross|15/100
|-enditem|p1a: Metagross|Life Orb|[from] move: Knock Off|[of] p2a: Tyranitar
|cant|p1b: Appletun|slp
|
|-weather|Sandstorm|[upkeep]
|-damage|p2b: Milotic|44/100 par|[from] Sandstorm
|-damage|p1b: Appletun|88/100 slp|[from] Sandstorm
|upkeep
|turn|10
|inactive|PuffTheCutie has 30 seconds left.
|
|t:|1786158936
|move|p1a: Metagross|Bullet Punch|p2a: Tyranitar
|-supereffective|p2a: Tyranitar|1
|-damage|p2a: Tyranitar|61/100 par
|move|p2a: Tyranitar|Rock Slide|p1a: Metagross|[spread] p1a
|-miss|p2a: Tyranitar|p1b: Appletun
|-resisted|p1a: Metagross|1
|-damage|p1a: Metagross|4/100
|move|p2b: Milotic|Ice Beam|p1a: Metagross
|-resisted|p1a: Metagross|1
|-damage|p1a: Metagross|0 fnt
|faint|p1a: Metagross
|-curestatus|p1b: Appletun|slp|[msg]
|move|p1b: Appletun|Apple Acid|p2b: Milotic
|-supereffective|p2b: Milotic|1
|-damage|p2b: Milotic|0 fnt
|faint|p2b: Milotic
|
|-weather|Sandstorm|[upkeep]
|-damage|p1b: Appletun|82/100|[from] Sandstorm
|upkeep
|turn|11
|inactive|PuffTheCutie has 30 seconds left.
|
|t:|1786158964
|move|p2a: Tyranitar|Knock Off|p1b: Appletun
|-damage|p1b: Appletun|29/100
|-enditem|p1b: Appletun|Sitrus Berry|[from] move: Knock Off|[of] p2a: Tyranitar
|move|p1b: Appletun|Apple Acid|p2a: Tyranitar
|-supereffective|p2a: Tyranitar|1
|-damage|p2a: Tyranitar|13/100 par
|-unboost|p2a: Tyranitar|spd|1
|
|-weather|none
|upkeep
|turn|12
|
|t:|1786158979
|move|p2a: Tyranitar|Knock Off|p1b: Appletun
|-damage|p1b: Appletun|0 fnt
|faint|p1b: Appletun
|
|win|PuffTheCutie
||BambooCyclone is ready for game 2.
||PuffTheCutie is ready for game 2.
|uhtml|next|Next: Game 2 of 3
