|j|☆hallowbastion
|j|☆sn0rlaxking
|html|hallowbastionsn0rlaxking    
|uhtml|bestof|Game 1 of a best-of-3
|t:|1757768354
|gametype|doubles
|player|p1|hallowbastion|169|1078
|player|p2|sn0rlaxking|palmer|1046
|gen|9
|tier|[Gen 9] VGC 2025 Reg H (Bo3)
|rated|
|rule|Species Clause: Limit one of each Pokémon
|rule|Item Clause: Limit 1 of each item
|clearpoke
|poke|p1|Sneasler, L50, M|
|poke|p1|Indeedee, L50, M|
|poke|p1|Volcarona, L50, F|
|poke|p1|Ursaluna-Bloodmoon, L50, M|
|poke|p1|Annihilape, L50, M|
|poke|p1|Tyranitar, L50, M|
|poke|p2|Toxicroak, L50, M|
|poke|p2|Goodra, L50, M|
|poke|p2|Tyranitar, L50, F|
|poke|p2|Porygon2, L50|
|poke|p2|Indeedee, L50, M|
|poke|p2|Amoonguss, L50, F|
|teampreview|4
|showteam|p1|Sneasler||PsychicSeed|Unburden|CloseCombat,DireClaw,ThroatChop,Protect|||M|||50|,,,,,Dark]Indeedee||ChoiceScarf|PsychicSurge|ExpandingForce,TeraBlast,Trick,Protect|||M|||50|,,,,,Psychic]Volcarona||SitrusBerry|FlameBody|Overheat,StruggleBug,RagePowder,Tailwind|||F|||50|,,,,,Grass]Ursaluna-Bloodmoon||LifeOrb|MindsEye|BloodMoon,HyperVoice,EarthPower,Protect|||M|||50|,,,,,Normal]Annihilape||SafetyGoggles|Defiant|CloseCombat,RageFist,Taunt,FinalGambit|||M|||50|,,,,,Fairy]Tyranitar||AssaultVest|SandStream|RockSlide,KnockOff,TeraBlast,LowKick|||M|||50|,,,,,Flying
|showteam|p2|Toxicroak||Leftovers|DrySkin|FakeOut,LowKick,Encore,ThroatChop|||M|||50|,,,,,Dark]Goodra||EjectPack|SapSipper|DracoMeteor,SludgeBomb,Thunderbolt,Protect|||M|||50|,,,,,Poison]Tyranitar||AssaultVest|SandStream|KnockOff,StompingTantrum,LowKick,TeraBlast|||F|||50|,,,,,Grass]Porygon2||Eviolite|Trace|Recover,IceBeam,TeraBlast,TrickRoom||||||50|,,,,,Ground]Indeedee||FocusSash|PsychicSurge|ExpandingForce,Protect,HelpingHand,TrickRoom|||M|||50|,,,,,Psychic]Amoonguss||SitrusBerry|Regenerator|ClearSmog,Spore,GigaDrain,RagePowder|||F|||50|,,,,,Water
|inactive|Battle timer is ON: inactive players will automatically lose when time's up. (requested by hallowbastion)
|inactive|hallowbastion has 60 seconds left.
|inactive|sn0rlaxking has 60 seconds left.
|
|t:|1757768408
|teamsize|p1|4
|teamsize|p2|4
|start
|switch|p1a: Annihilape|Annihilape, L50, M|100/100
|switch|p1b: Volcarona|Volcarona, L50, F|100/100
|switch|p2a: Porygon2|Porygon2, L50|100/100
|switch|p2b: Amoonguss|Amoonguss, L50, F|100/100
|-ability|p2a: Porygon2|Defiant|Trace|[from] ability: Trace|[of] p1a: Annihilape
|turn|1
|inactive|hallowbastion has 30 seconds left.
|inactive|hallowbastion has 20 seconds left.
|inactive|hallowbastion has 15 seconds left.
|
|t:|1757768451
|move|p2b: Amoonguss|Rage Powder|p2b: Amoonguss
|-singleturn|p2b: Amoonguss|move: Rage Powder
|move|p1b: Volcarona|Struggle Bug|p2a: Porygon2|[spread] p2a,p2b
|-damage|p2a: Porygon2|90/100
|-damage|p2b: Amoonguss|86/100
|-unboost|p2a: Porygon2|spa|1
|-ability|p2a: Porygon2|Defiant|boost
|-boost|p2a: Porygon2|atk|2
|-unboost|p2b: Amoonguss|spa|1
|move|p1a: Annihilape|Final Gambit|p2b: Amoonguss
|-damage|p2b: Amoonguss|0 fnt
|faint|p1a: Annihilape
|faint|p2b: Amoonguss
|move|p2a: Porygon2|Trick Room|p2a: Porygon2
|-fieldstart|move: Trick Room|[of] p2a: Porygon2
|
|upkeep
|inactive|hallowbastion has 30 seconds left.
|
|t:|1757768476
|switch|p2b: Indeedee|Indeedee, L50, M|100/100
|switch|p1a: Ursaluna|Ursaluna-Bloodmoon, L50, M|100/100
|-fieldstart|move: Psychic Terrain|[from] ability: Psychic Surge|[of] p2b: Indeedee
|turn|2
|
|t:|1757768498
|switch|p2a: Goodra|Goodra, L50, M|100/100
|move|p2b: Indeedee|Expanding Force|p1a: Ursaluna|[spread] p1a,p1b
|-damage|p1a: Ursaluna|21/100
|-damage|p1b: Volcarona|45/100
|-enditem|p1b: Volcarona|Sitrus Berry|[eat]
|-heal|p1b: Volcarona|70/100|[from] item: Sitrus Berry
|move|p1a: Ursaluna|Blood Moon|p2a: Goodra
|-damage|p2a: Goodra|28/100
|-damage|p1a: Ursaluna|11/100|[from] item: Life Orb
|move|p1b: Volcarona|Struggle Bug|p2a: Goodra|[spread] p2a,p2b
|-supereffective|p2b: Indeedee
|-damage|p2a: Goodra|17/100
|-damage|p2b: Indeedee|61/100
|-unboost|p2a: Goodra|spa|1
|-unboost|p2b: Indeedee|spa|1
|-enditem|p2a: Goodra|Eject Pack
|
|t:|1757768517
|switch|p2a: Porygon2|Porygon2, L50|90/100
|-ability|p2a: Porygon2|Flame Body|Trace|[from] ability: Trace|[of] p1b: Volcarona
|
|upkeep
|turn|3
|inactive|sn0rlaxking has 30 seconds left.
|
|t:|1757768545
|-terastallize|p2a: Porygon2|Ground
|move|p1a: Ursaluna|Protect|p1a: Ursaluna
|-singleturn|p1a: Ursaluna|Protect
|move|p2a: Porygon2|Tera Blast|p1b: Volcarona|[anim] Tera Blast Ground
|-damage|p1b: Volcarona|38/100
|move|p2b: Indeedee|Expanding Force|p1a: Ursaluna|[spread] p1b
|-activate|p1a: Ursaluna|move: Protect
|-damage|p1b: Volcarona|3/100
|move|p1b: Volcarona|Struggle Bug|p2b: Indeedee|[spread] p2a,p2b
|-supereffective|p2b: Indeedee
|-damage|p2a: Porygon2|80/100
|-damage|p2b: Indeedee|21/100
|-unboost|p2a: Porygon2|spa|1
|-unboost|p2b: Indeedee|spa|1
|
|upkeep
|turn|4
|inactive|hallowbastion has 30 seconds left.
|inactive|sn0rlaxking has 30 seconds left.
|
|t:|1757768577
|move|p1a: Ursaluna|Protect|p1a: Ursaluna
|-singleturn|p1a: Ursaluna|Protect
|move|p2a: Porygon2|Tera Blast|p1b: Volcarona|[anim] Tera Blast Ground
|-damage|p1b: Volcarona|0 fnt
|faint|p1b: Volcarona
|move|p2b: Indeedee|Expanding Force|p1a: Ursaluna
|-activate|p1a: Ursaluna|move: Protect
|
|upkeep
|
|t:|1757768586
|switch|p1b: Tyranitar|Tyranitar, L50, M|100/100
|-weather|Sandstorm|[from] ability: Sand Stream|[of] p1b: Tyranitar
|turn|5
|
|t:|1757768601
|-terastallize|p1b: Tyranitar|Flying
|move|p2a: Porygon2|Tera Blast|p1b: Tyranitar|[anim] Tera Blast Ground
|-immune|p1b: Tyranitar
|move|p2b: Indeedee|Expanding Force|p1a: Ursaluna|[spread] p1a,p1b
|-damage|p1a: Ursaluna|0 fnt
|-damage|p1b: Tyranitar|82/100
|faint|p1a: Ursaluna
|move|p1b: Tyranitar|Rock Slide|p2b: Indeedee|[spread] p2b
|-miss|p1b: Tyranitar|p2a: Porygon2
|-damage|p2b: Indeedee|0 fnt
|faint|p2b: Indeedee
|
|-weather|Sandstorm|[upkeep]
|-damage|p1b: Tyranitar|76/100|[from] Sandstorm
|-fieldend|move: Trick Room
|upkeep
|
|t:|1757768618
|switch|p2b: Goodra|Goodra, L50, M|17/100
|turn|6
|
|t:|1757768626
|move|p1b: Tyranitar|Rock Slide|p2a: Porygon2|[spread] p2a,p2b
|-resisted|p2a: Porygon2
|-damage|p2a: Porygon2|70/100
|-damage|p2b: Goodra|0 fnt
|faint|p2b: Goodra
|cant|p2a: Porygon2|flinch
|
|-weather|Sandstorm|[upkeep]
|-damage|p1b: Tyranitar|70/100|[from] Sandstorm
|-fieldend|move: Psychic Terrain
|upkeep
|turn|7
|inactive|hallowbastion has 30 seconds left.
|
|t:|1757768651
|move|p1b: Tyranitar|Rock Slide|p2a: Porygon2|[miss]
|-miss|p1b: Tyranitar|p2a: Porygon2
|move|p2a: Porygon2|Ice Beam|p1b: Tyranitar
|-supereffective|p1b: Tyranitar
|-damage|p1b: Tyranitar|49/100
|
|-weather|Sandstorm|[upkeep]
|-damage|p1b: Tyranitar|43/100|[from] Sandstorm
|upkeep
|turn|8
|
|t:|1757768663
|move|p1b: Tyranitar|Tera Blast|p2a: Porygon2|[anim] Tera Blast Flying
|-damage|p2a: Porygon2|42/100
|move|p2a: Porygon2|Recover|p2a: Porygon2
|-heal|p2a: Porygon2|92/100
|
|-weather|Sandstorm|[upkeep]
|-damage|p1b: Tyranitar|37/100|[from] Sandstorm
|upkeep
|turn|9
|
|t:|1757768672
|move|p1b: Tyranitar|Knock Off|p2a: Porygon2
|-damage|p2a: Porygon2|60/100
|-status|p1b: Tyranitar|brn|[from] ability: Flame Body|[of] p2a: Porygon2
|-enditem|p2a: Porygon2|Eviolite|[from] move: Knock Off|[of] p1b: Tyranitar
|move|p2a: Porygon2|Ice Beam|p1b: Tyranitar
|-supereffective|p1b: Tyranitar
|-damage|p1b: Tyranitar|15/100 brn
|
|-weather|none
|-damage|p1b: Tyranitar|9/100 brn|[from] brn
|upkeep
|turn|10
|
|t:|1757768685
|move|p1b: Tyranitar|Rock Slide|p2a: Porygon2|[miss]
|-miss|p1b: Tyranitar|p2a: Porygon2
|move|p2a: Porygon2|Ice Beam|p1b: Tyranitar
|-supereffective|p1b: Tyranitar
|-damage|p1b: Tyranitar|0 fnt
|faint|p1b: Tyranitar
|
|win|sn0rlaxking
||hallowbastion is ready for game 2.
|l|☆sn0rlaxking
|player|p2|
|inactive|sn0rlaxking has 30 seconds to confirm battle start!
|inactive|sn0rlaxking has 20 seconds to confirm battle start!
|inactive|sn0rlaxking has 10 seconds to confirm battle start!
|uhtml|next|Next: Game 2 of 3
|l|☆hallowbastion
|player|p1|
