|j|☆ladderal
|j|☆marcoslegui
|html|ladderalmarcoslegui    
|uhtml|bestof|Game 1 of a best-of-3
|t:|1756382704
|gametype|doubles
|player|p1|ladderal|170|1171
|player|p2|marcoslegui|pokekid|1063
|gen|9
|tier|[Gen 9] VGC 2025 Reg H (Bo3)
|rated|
|rule|Species Clause: Limit one of each Pokémon
|rule|Item Clause: Limit 1 of each item
|clearpoke
|poke|p1|Kingambit, L50, M|
|poke|p1|Primarina, L50, M|
|poke|p1|Sneasler, L50, M|
|poke|p1|Magmar, L50, F|
|poke|p1|Rillaboom, L50, M|
|poke|p1|Dragapult, L50, F|
|poke|p2|Sneasler, L50, F|
|poke|p2|Volcarona, L50, M|
|poke|p2|Kingambit, L50, M|
|poke|p2|Baxcalibur, L50, F|
|poke|p2|Basculegion, L50, M|
|poke|p2|Rillaboom, L50, F|
|teampreview|4
|showteam|p1|Kingambit||BlackGlasses|Defiant|KowtowCleave,SuckerPunch,SwordsDance,Protect|||M|||50|,,,,,Dark]Primarina||SitrusBerry|LiquidVoice|HyperVoice,Moonblast,Haze,Protect|||M|||50|,,,,,Poison]Sneasler||FocusSash|PoisonTouch|CloseCombat,DireClaw,FakeOut,Protect|||M|||50|,,,,,Ghost]Magmar||Eviolite|VitalSpirit|Overheat,WillOWisp,FollowMe,Protect|||F|||50|,,,,,Ghost]Rillaboom||AssaultVest|GrassySurge|WoodHammer,GrassyGlide,HighHorsepower,FakeOut|||M|||50|,,,,,Fire]Dragapult||ChoiceBand|ClearBody|DragonDarts,PhantomForce,Outrage,Uturn|||F|||50|,,,,,Dragon
|showteam|p2|Sneasler||FocusSash|Unburden|DireClaw,CloseCombat,Protect,Coaching|||F|||50|,,,,,Stellar]Volcarona||CovertCloak|FlameBody|HeatWave,TeraBlast,QuiverDance,Protect|||M|||50|,,,,,Fairy]Kingambit||AssaultVest|Defiant|KowtowCleave,SuckerPunch,IronHead,LowKick|||M|||50|,,,,,Ghost]Baxcalibur||LoadedDice|ThermalExchange|IcicleSpear,ScaleShot,IceShard,Protect|||F|||50|,,,,,Ghost]Basculegion||ChoiceScarf|Adaptability|WaveCrash,FlipTurn,LastRespects,TeraBlast|||M|||50|,,,,,Fairy]Rillaboom||MiracleSeed|GrassySurge|WoodHammer,GrassyGlide,HighHorsepower,FakeOut|||F|||50|,,,,,Fire
|
|t:|1756382758
|teamsize|p1|4
|teamsize|p2|4
|start
|switch|p1a: Sneasler|Sneasler, L50, M|100/100
|switch|p1b: Dragapult|Dragapult, L50, F|100/100
|switch|p2a: Sneasler|Sneasler, L50, F|100/100
|switch|p2b: Volcarona|Volcarona, L50, M|100/100
|turn|1
|
|t:|1756382783
|move|p2a: Sneasler|Protect|p2a: Sneasler
|-singleturn|p2a: Sneasler|Protect
|move|p2b: Volcarona|Protect|p2b: Volcarona
|-singleturn|p2b: Volcarona|Protect
|move|p1a: Sneasler|Fake Out|p2a: Sneasler
|-activate|p2a: Sneasler|move: Protect
|move|p1b: Dragapult|Dragon Darts|p2a: Sneasler
|-activate|p2b: Volcarona|move: Protect
|
|upkeep
|turn|2
|
|t:|1756382796
|move|p1b: Dragapult|Dragon Darts|p2a: Sneasler
|-damage|p2a: Sneasler|28/100
|-anim|p1b: Dragapult|Dragon Darts|p2b: Volcarona
|-damage|p2b: Volcarona|57/100
|move|p2a: Sneasler|Coaching|p2b: Volcarona
|-boost|p2b: Volcarona|atk|1
|-boost|p2b: Volcarona|def|1
|move|p1a: Sneasler|Dire Claw|p2b: Volcarona
|-damage|p2b: Volcarona|22/100
|-status|p1a: Sneasler|brn|[from] ability: Flame Body|[of] p2b: Volcarona
|move|p2b: Volcarona|Quiver Dance|p2b: Volcarona
|-boost|p2b: Volcarona|spa|1
|-boost|p2b: Volcarona|spd|1
|-boost|p2b: Volcarona|spe|1
|
|-damage|p1a: Sneasler|95/100 brn|[from] brn
|upkeep
|turn|3
|
|t:|1756382821
|switch|p2a: Rillaboom|Rillaboom, L50, F|100/100
|-fieldstart|move: Grassy Terrain|[from] ability: Grassy Surge|[of] p2a: Rillaboom
|-terastallize|p2b: Volcarona|Fairy
|move|p2b: Volcarona|Tera Blast|p1b: Dragapult|[anim] Tera Blast Fairy
|-supereffective|p1b: Dragapult
|-damage|p1b: Dragapult|0 fnt
|faint|p1b: Dragapult
|move|p1a: Sneasler|Dire Claw|p2b: Volcarona
|-supereffective|p2b: Volcarona
|-damage|p2b: Volcarona|0 fnt
|faint|p2b: Volcarona
|
|-heal|p1a: Sneasler|100/100 brn|[from] Grassy Terrain
|-damage|p1a: Sneasler|95/100 brn|[from] brn
|upkeep
|
|t:|1756382836
|switch|p1b: Magmar|Magmar, L50, F|100/100
|switch|p2b: Sneasler|Sneasler, L50, F|28/100
|turn|4
|
|t:|1756382843
|move|p1a: Sneasler|Protect|p1a: Sneasler
|-singleturn|p1a: Sneasler|Protect
|move|p1b: Magmar|Protect|p1b: Magmar
|-singleturn|p1b: Magmar|Protect
|move|p2b: Sneasler|Dire Claw|p1b: Magmar
|-activate|p1b: Magmar|move: Protect
|move|p2a: Rillaboom|High Horsepower|p1b: Magmar
|-activate|p1b: Magmar|move: Protect
|
|-heal|p2b: Sneasler|34/100|[from] Grassy Terrain
|-heal|p1a: Sneasler|100/100 brn|[from] Grassy Terrain
|-damage|p1a: Sneasler|95/100 brn|[from] brn
|upkeep
|turn|5
|
|t:|1756382869
|-terastallize|p1b: Magmar|Ghost
|move|p1a: Sneasler|Dire Claw|p2a: Rillaboom
|-supereffective|p2a: Rillaboom
|-crit|p2a: Rillaboom
|-damage|p2a: Rillaboom|45/100
|move|p2b: Sneasler|Close Combat|p1b: Magmar
|-immune|p1b: Magmar
|move|p2a: Rillaboom|High Horsepower|p1b: Magmar
|-damage|p1b: Magmar|74/100
|move|p1b: Magmar|Overheat|p2b: Sneasler
|-damage|p2b: Sneasler|0 fnt
|-unboost|p1b: Magmar|spa|2
|faint|p2b: Sneasler
|
|-heal|p1a: Sneasler|100/100 brn|[from] Grassy Terrain
|-heal|p2a: Rillaboom|51/100|[from] Grassy Terrain
|-heal|p1b: Magmar|80/100|[from] Grassy Terrain
|-damage|p1a: Sneasler|95/100 brn|[from] brn
|upkeep
|
|t:|1756382889
|switch|p2b: Kingambit|Kingambit, L50, M|100/100
|turn|6
|
|t:|1756382898
|move|p1a: Sneasler|Close Combat|p2b: Kingambit
|-supereffective|p2b: Kingambit
|-damage|p2b: Kingambit|6/100
|-unboost|p1a: Sneasler|def|1
|-unboost|p1a: Sneasler|spd|1
|move|p1b: Magmar|Will-O-Wisp|p2a: Rillaboom
|-status|p2a: Rillaboom|brn
|move|p2a: Rillaboom|High Horsepower|p1a: Sneasler
|-supereffective|p1a: Sneasler
|-damage|p1a: Sneasler|10/100 brn
|move|p2b: Kingambit|Kowtow Cleave|p1b: Magmar
|-supereffective|p1b: Magmar
|-damage|p1b: Magmar|0 fnt
|faint|p1b: Magmar
|
|-heal|p1a: Sneasler|16/100 brn|[from] Grassy Terrain
|-heal|p2a: Rillaboom|57/100 brn|[from] Grassy Terrain
|-heal|p2b: Kingambit|12/100|[from] Grassy Terrain
|-damage|p1a: Sneasler|10/100 brn|[from] brn
|-damage|p2a: Rillaboom|51/100 brn|[from] brn
|upkeep
|
|t:|1756382911
|switch|p1b: Primarina|Primarina, L50, M|100/100
|turn|7
|
|t:|1756382926
|move|p1a: Sneasler|Protect|p1a: Sneasler
|-singleturn|p1a: Sneasler|Protect
|move|p1b: Primarina|Protect|p1b: Primarina
|-singleturn|p1b: Primarina|Protect
|move|p2b: Kingambit|Sucker Punch||[still]
|-fail|p2b: Kingambit
|move|p2a: Rillaboom|Wood Hammer|p1b: Primarina
|-activate|p1b: Primarina|move: Protect
|
|-heal|p1a: Sneasler|16/100 brn|[from] Grassy Terrain
|-heal|p2a: Rillaboom|57/100 brn|[from] Grassy Terrain
|-heal|p2b: Kingambit|18/100|[from] Grassy Terrain
|-damage|p1a: Sneasler|10/100 brn|[from] brn
|-damage|p2a: Rillaboom|51/100 brn|[from] brn
|-fieldend|move: Grassy Terrain
|upkeep
|turn|8
|
|t:|1756382953
|move|p2b: Kingambit|Sucker Punch|p1a: Sneasler
|-resisted|p1a: Sneasler
|-crit|p1a: Sneasler
|-damage|p1a: Sneasler|0 fnt
|faint|p1a: Sneasler
|move|p2a: Rillaboom|Wood Hammer|p1b: Primarina
|-supereffective|p1b: Primarina
|-damage|p1b: Primarina|27/100
|-enditem|p1b: Primarina|Sitrus Berry|[eat]
|-heal|p1b: Primarina|52/100|[from] item: Sitrus Berry
|-damage|p2a: Rillaboom|28/100 brn|[from] Recoil
|move|p1b: Primarina|Hyper Voice|p2b: Kingambit|[spread] p2a,p2b
|-resisted|p2a: Rillaboom
|-damage|p2a: Rillaboom|11/100 brn
|-damage|p2b: Kingambit|0 fnt
|faint|p2b: Kingambit
|
|-damage|p2a: Rillaboom|5/100 brn|[from] brn
|upkeep
|turn|9
|
|t:|1756382965
|move|p1b: Primarina|Protect|p1b: Primarina
|-singleturn|p1b: Primarina|Protect
|move|p2a: Rillaboom|Wood Hammer|p1b: Primarina
|-activate|p1b: Primarina|move: Protect
|
|-damage|p2a: Rillaboom|0 fnt|[from] brn
|faint|p2a: Rillaboom
|
|win|ladderal
||marcoslegui is ready for game 2.
||ladderal is ready for game 2.
|uhtml|next|Next: Game 2 of 3
|l|☆marcoslegui
|player|p2|
|j|☆marcoslegui
|player|p2|marcoslegui|pokekid|
