|j|☆fabiobl7
|j|☆idkvgc21
|html|fabiobl7idkvgc21    
|uhtml|bestof|Game 2 of a best-of-3
|t:|1756410258
|gametype|doubles
|player|p1|fabiobl7|2|1212
|player|p2|idkvgc21|ethan|1221
|gen|9
|tier|[Gen 9] VGC 2025 Reg H (Bo3)
|rated|
|rule|Species Clause: Limit one of each Pokémon
|rule|Item Clause: Limit 1 of each item
|clearpoke
|poke|p1|Kingambit, L50, M|
|poke|p1|Ursaluna, L50, F|
|poke|p1|Sneasler, L50, M|
|poke|p1|Indeedee, L50, M|
|poke|p1|Talonflame, L50, F|
|poke|p1|Volcarona, L50, M|
|poke|p2|Indeedee, L50, M|
|poke|p2|Ursaluna-Bloodmoon, L50, M|
|poke|p2|Sneasler, L50, F|
|poke|p2|Electabuzz, L50, M|
|poke|p2|Arcanine-Hisui, L50, F|
|poke|p2|Samurott-Hisui, L50, M|
|teampreview|4
|showteam|p1|Kingambit||AssaultVest|Defiant|IronHead,SuckerPunch,KowtowCleave,TeraBlast|||M|||50|,,,,,Flying]Ursaluna||FlameOrb|Guts|Facade,HeadlongRush,Earthquake,Protect|||F|||50|,,,,,Ghost]Sneasler||PsychicSeed|Unburden|DireClaw,CloseCombat,ThroatChop,Protect|||M|||50|,,,,,Stellar]Indeedee||FocusSash|PsychicSurge|ExpandingForce,TrickRoom,Imprison,Protect|||M|||50|,,,,,Psychic]Talonflame||CovertCloak|GaleWings|DualWingbeat,Tailwind,Taunt,WillOWisp|||F|||50|,,,,,Flying]Volcarona||Leftovers|FlameBody|FieryDance,BugBuzz,QuiverDance,Protect|||M|||50|,,,,,Fairy
|showteam|p2|Indeedee||FocusSash|PsychicSurge|ExpandingForce,Protect,HelpingHand,TrickRoom|||M|||50|,,,,,Psychic]Ursaluna-Bloodmoon||LifeOrb|MindsEye|BloodMoon,HyperVoice,EarthPower,Protect|||M|||50|,,,,,Normal]Sneasler||PsychicSeed|Unburden|DireClaw,CloseCombat,ThroatChop,Protect|||F|||50|,,,,,Dark]Electabuzz||Eviolite|VitalSpirit|Electroweb,Taunt,FollowMe,Protect|||M|||50|,,,,,Dragon]Arcanine-Hisui||ChoiceBand|Intimidate|RockSlide,HeadSmash,FlareBlitz,ExtremeSpeed|||F|||50|,,,,,Normal]Samurott-Hisui||AssaultVest|Torrent|SacredSword,AquaCutter,CeaselessEdge,TeraBlast|||M|||50|,,,,,Bug
|
|t:|1756410320
|teamsize|p1|4
|teamsize|p2|4
|start
|switch|p1a: Talonflame|Talonflame, L50, F|100/100
|switch|p1b: Ursaluna|Ursaluna, L50, F|100/100
|switch|p2a: Sneasler|Sneasler, L50, F, shiny|100/100
|switch|p2b: Electabuzz|Electabuzz, L50, M, shiny|100/100
|turn|1
|
|t:|1756410383
|-terastallize|p2a: Sneasler|Dark
|-terastallize|p1b: Ursaluna|Ghost
|move|p1a: Talonflame|Tailwind|p1a: Talonflame
|-sidestart|p1: fabiobl7|move: Tailwind
|move|p1b: Ursaluna|Earthquake|p2a: Sneasler|[spread] p2a,p2b
|-immune|p1a: Talonflame
|-supereffective|p2b: Electabuzz
|-damage|p2a: Sneasler|30/100
|-damage|p2b: Electabuzz|0 fnt
|faint|p2b: Electabuzz
|move|p2a: Sneasler|Throat Chop|p1b: Ursaluna
|-supereffective|p1b: Ursaluna
|-damage|p1b: Ursaluna|34/100
|-start|p1b: Ursaluna|Throat Chop|[silent]
|
|-status|p1b: Ursaluna|brn|[from] item: Flame Orb
|upkeep
|
|t:|1756410400
|switch|p2b: Indeedee|Indeedee, L50, M, shiny|100/100
|-fieldstart|move: Psychic Terrain|[from] ability: Psychic Surge|[of] p2b: Indeedee
|-enditem|p2a: Sneasler|Psychic Seed
|-boost|p2a: Sneasler|spd|1|[from] item: Psychic Seed
|turn|2
|
|t:|1756410426
|switch|p1b: Sneasler|Sneasler, L50, M|100/100
|-enditem|p1b: Sneasler|Psychic Seed
|-boost|p1b: Sneasler|spd|1|[from] item: Psychic Seed
|move|p2a: Sneasler|Protect|p2a: Sneasler
|-singleturn|p2a: Sneasler|Protect
|move|p1a: Talonflame|Will-O-Wisp|p2a: Sneasler
|-activate|p2a: Sneasler|move: Protect
|move|p2b: Indeedee|Expanding Force|p1a: Talonflame|[spread] p1a,p1b
|-supereffective|p1b: Sneasler
|-damage|p1a: Talonflame|13/100
|-damage|p1b: Sneasler|0 fnt
|faint|p1b: Sneasler
|
|upkeep
|
|t:|1756410463
|switch|p1b: Indeedee|Indeedee, L50, M|100/100
|turn|3
|
|t:|1756410505
|move|p1a: Talonflame|Dual Wingbeat|p2a: Sneasler
|-damage|p2a: Sneasler|1/100
|-damage|p2a: Sneasler|0 fnt
|faint|p2a: Sneasler
|-hitcount|p2: Sneasler|2
|move|p1b: Indeedee|Expanding Force|p2b: Indeedee
|-resisted|p2b: Indeedee
|-damage|p2b: Indeedee|43/100
|move|p2b: Indeedee|Expanding Force|p1a: Talonflame|[spread] p1a,p1b
|-crit|p1a: Talonflame
|-resisted|p1b: Indeedee
|-damage|p1a: Talonflame|0 fnt
|-damage|p1b: Indeedee|63/100
|faint|p1a: Talonflame
|
|upkeep
|
|t:|1756410534
|switch|p1a: Ursaluna|Ursaluna, L50, F, tera:Ghost|34/100 brn
|switch|p2a: Ursaluna|Ursaluna-Bloodmoon, L50, M|100/100
|turn|4
|
|t:|1756410542
|move|p2b: Indeedee|Protect|p2b: Indeedee
|-singleturn|p2b: Indeedee|Protect
|move|p2a: Ursaluna|Protect|p2a: Ursaluna
|-singleturn|p2a: Ursaluna|Protect
|move|p1a: Ursaluna|Facade|p2a: Ursaluna
|-activate|p2a: Ursaluna|move: Protect
|move|p1b: Indeedee|Trick Room|p1b: Indeedee
|-fieldstart|move: Trick Room|[of] p1b: Indeedee
|
|-damage|p1a: Ursaluna|27/100 brn|[from] brn
|-sideend|p1: fabiobl7|move: Tailwind
|upkeep
|turn|5
|
|t:|1756410565
|move|p1a: Ursaluna|Facade|p2a: Ursaluna
|-damage|p2a: Ursaluna|11/100
|move|p2a: Ursaluna|Hyper Voice|p1a: Ursaluna|[spread] p1a,p1b
|-damage|p1a: Ursaluna|0 fnt
|-damage|p1b: Indeedee|0 fnt
|faint|p1a: Ursaluna
|faint|p1b: Indeedee
|-damage|p2a: Ursaluna|2/100|[from] item: Life Orb
|
|win|idkvgc21
|raw|fabiobl7's rating: 1212 → 1188(-24 for losing)
|raw|idkvgc21's rating: 1221 → 1245(+24 for winning)
|c|☆idkvgc21|gg
|l|☆fabiobl7
|player|p1|
