|j|☆shakyturtle
|j|☆gingyvgc3
|html|shakyturtlegingyvgc3    
|uhtml|bestof|Game 1 of a best-of-3
|t:|1756760591
|gametype|doubles
|player|p1|shakyturtle|blaine|1000
|player|p2|gingyvgc3|hilbert-wonderlauncher|1092
|gen|9
|tier|[Gen 9] VGC 2025 Reg H (Bo3)
|rated|
|rule|Species Clause: Limit one of each Pokémon
|rule|Item Clause: Limit 1 of each item
|clearpoke
|poke|p1|Zoroark-Hisui, L50, M|
|poke|p1|Whimsicott, L50, M|
|poke|p1|Tyranitar, L50, M|
|poke|p1|Excadrill, L50, M|
|poke|p1|Appletun, L50, M|
|poke|p1|Barraskewda, L50, F|
|poke|p2|Archaludon, L50, M|
|poke|p2|Pelipper, L50, F|
|poke|p2|Sinistcha, L50|
|poke|p2|Ursaluna-Bloodmoon, L50, M|
|poke|p2|Rillaboom, L50, M|
|poke|p2|Basculegion, L50, M|
|teampreview|4
|showteam|p1|Zoroark-Hisui||ChoiceSpecs|Illusion|BitterMalice,HyperVoice,DarkPulse,IcyWind|||M|||50|,,,,,Normal]Whimsicott||CovertCloak|Prankster|Moonblast,Tailwind,Encore,HelpingHand|||M|||50|,,,,,Ghost]Tyranitar||AssaultVest|SandStream|KnockOff,RockSlide,HeavySlam,Facade|||M|||50|,,,,,Rock]Excadrill||FocusSash|SandRush|Protect,RockSlide,HighHorsepower,IronHead|||M|||50|,,,,,Ground]Appletun||Eviolite|ThickFat|Protect,TeraBlast,AppleAcid,DragonPulse|||M|||50|,,,,,Grass]Barraskewda||ChoiceBand|PropellerTail|AquaJet,FlipTurn,ThroatChop,CloseCombat|||F|||50|,,,,,Water
|showteam|p2|Archaludon||AssaultVest|Stamina|ElectroShot,BodyPress,FlashCannon,DragonPulse|||M|||50|,,,,,Bug]Pelipper||FocusSash|Drizzle|Hurricane,WeatherBall,WideGuard,Protect|||F|||50|,,,,,Stellar]Sinistcha||SitrusBerry|Hospitality|MatchaGotcha,ShadowBall,RagePowder,TrickRoom||||||50|,,,,,Water]Ursaluna-Bloodmoon||LifeOrb|MindsEye|BloodMoon,EarthPower,VacuumWave,Protect|||M|||50|,,,,,Fighting]Rillaboom||LoadedDice|GrassySurge|FakeOut,GrassyGlide,BulletSeed,HighHorsepower|||M|||50|,,,,,Fire]Basculegion||ChoiceBand|SwiftSwim|WaveCrash,LastRespects,AquaJet,FlipTurn|||M|||50|,,,,,Grass
|inactive|Battle timer is ON: inactive players will automatically lose when time's up. (requested by shakyturtle)
|
|t:|1756760620
|teamsize|p1|4
|teamsize|p2|4
|start
|switch|p1a: Tyranitar|Tyranitar, L50, M|100/100
|switch|p1b: Whimsicott|Whimsicott, L50, M|100/100
|switch|p2a: Archaludon|Archaludon, L50, M|100/100
|switch|p2b: Rillaboom|Rillaboom, L50, M|100/100
|-fieldstart|move: Grassy Terrain|[from] ability: Grassy Surge|[of] p2b: Rillaboom
|turn|1
|inactive|shakyturtle has 30 seconds left.
|
|t:|1756760654
|move|p1b: Whimsicott|Tailwind|p1b: Whimsicott
|-sidestart|p1: shakyturtle|move: Tailwind
|move|p1a: Tyranitar|Bitter Malice|p2b: Rillaboom
|-damage|p2b: Rillaboom|8/100
|-unboost|p2b: Rillaboom|atk|1
|move|p2b: Rillaboom|Bullet Seed|p1a: Tyranitar
|-damage|p1a: Tyranitar|75/100
|replace|p1a: Zoroark|Zoroark-Hisui, L50, M
|-end|p1a: Zoroark|Illusion
|-damage|p1a: Zoroark|48/100
|-damage|p1a: Zoroark|20/100
|-damage|p1a: Zoroark|0 fnt
|faint|p1a: Zoroark
|-hitcount|p1: Zoroark|4
|move|p2a: Archaludon|Flash Cannon|p1b: Whimsicott
|-supereffective|p1b: Whimsicott
|-damage|p1b: Whimsicott|0 fnt
|faint|p1b: Whimsicott
|
|-heal|p2b: Rillaboom|15/100|[from] Grassy Terrain
|upkeep
|
|t:|1756760667
|switch|p1b: Tyranitar|Tyranitar, L50, M|100/100
|switch|p1a: Excadrill|Excadrill, L50, M|100/100
|-weather|Sandstorm|[from] ability: Sand Stream|[of] p1b: Tyranitar
|turn|2
|inactive|shakyturtle has 30 seconds left.
|inactive|gingyvgc3 has 30 seconds left.
|inactive|gingyvgc3 has 20 seconds left.
|inactive|gingyvgc3 has 15 seconds left.
|
|t:|1756760710
|-terastallize|p2a: Archaludon|Bug
|move|p2b: Rillaboom|Grassy Glide|p1a: Excadrill
|-damage|p1a: Excadrill|63/100
|move|p1a: Excadrill|High Horsepower|p2a: Archaludon
|-resisted|p2a: Archaludon
|-damage|p2a: Archaludon|85/100
|-ability|p2a: Archaludon|Stamina|boost
|-boost|p2a: Archaludon|def|1
|move|p1b: Tyranitar|Rock Slide|p2b: Rillaboom|[spread] p2a,p2b
|-supereffective|p2a: Archaludon
|-damage|p2a: Archaludon|54/100
|-damage|p2b: Rillaboom|0 fnt
|-ability|p2a: Archaludon|Stamina|boost
|-boost|p2a: Archaludon|def|1
|faint|p2b: Rillaboom
|move|p2a: Archaludon|Flash Cannon|p1b: Tyranitar
|-supereffective|p1b: Tyranitar
|-damage|p1b: Tyranitar|64/100
|
|-weather|Sandstorm|[upkeep]
|-damage|p2a: Archaludon|47/100|[from] Sandstorm
|-heal|p1a: Excadrill|69/100|[from] Grassy Terrain
|-heal|p1b: Tyranitar|70/100|[from] Grassy Terrain
|-heal|p2a: Archaludon|54/100|[from] Grassy Terrain
|upkeep
|
|t:|1756760731
|switch|p2b: Pelipper|Pelipper, L50, F|100/100
|-weather|RainDance|[from] ability: Drizzle|[of] p2b: Pelipper
|turn|3
|
|t:|1756760749
|move|p1a: Excadrill|Iron Head|p2a: Archaludon
|-crit|p2a: Archaludon
|-damage|p2a: Archaludon|14/100
|-ability|p2a: Archaludon|Stamina|boost
|-boost|p2a: Archaludon|def|1
|move|p1b: Tyranitar|Knock Off|p2a: Archaludon
|-damage|p2a: Archaludon|0 fnt
|-enditem|p2a: Archaludon|Assault Vest|[from] move: Knock Off|[of] p1b: Tyranitar
|faint|p2a: Archaludon
|move|p2b: Pelipper|Weather Ball|p1a: Excadrill
|-supereffective|p1a: Excadrill
|-damage|p1a: Excadrill|0 fnt
|faint|p1a: Excadrill
|
|-weather|RainDance|[upkeep]
|-heal|p1b: Tyranitar|76/100|[from] Grassy Terrain
|upkeep
|
|t:|1756760763
|switch|p2a: Ursaluna|Ursaluna-Bloodmoon, L50, M|100/100
|turn|4
|
|t:|1756760780
|-terastallize|p1b: Tyranitar|Rock
|move|p2b: Pelipper|Protect|p2b: Pelipper
|-singleturn|p2b: Pelipper|Protect
|move|p2a: Ursaluna|Protect|p2a: Ursaluna
|-singleturn|p2a: Ursaluna|Protect
|move|p1b: Tyranitar|Rock Slide|p2a: Ursaluna|[spread] 
|-activate|p2a: Ursaluna|move: Protect
|-activate|p2b: Pelipper|move: Protect
|
|-weather|RainDance|[upkeep]
|-heal|p1b: Tyranitar|82/100|[from] Grassy Terrain
|-sideend|p1: shakyturtle|move: Tailwind
|upkeep
|turn|5
|
|t:|1756760795
|move|p2b: Pelipper|Wide Guard|p2b: Pelipper
|-singleturn|p2b: Pelipper|Wide Guard
|move|p2a: Ursaluna|Earth Power|p1b: Tyranitar
|-supereffective|p1b: Tyranitar
|-damage|p1b: Tyranitar|1/100
|-damage|p2a: Ursaluna|91/100|[from] item: Life Orb
|move|p1b: Tyranitar|Knock Off|p2a: Ursaluna
|-damage|p2a: Ursaluna|46/100
|-enditem|p2a: Ursaluna|Life Orb|[from] move: Knock Off|[of] p1b: Tyranitar
|
|-weather|RainDance|[upkeep]
|-heal|p2a: Ursaluna|53/100|[from] Grassy Terrain
|-heal|p1b: Tyranitar|7/100|[from] Grassy Terrain
|-fieldend|move: Grassy Terrain
|upkeep
|turn|6
|-message|shakyturtle forfeited.
|
|win|gingyvgc3
|l|☆shakyturtle
|player|p1|
||shakyturtle is ready for game 2.
||gingyvgc3 is ready for game 2.
|uhtml|next|Next: Game 2 of 3
