|j|☆FosaNando
|j|☆PokeLucho
|html|FosaNandoPokeLucho    
|uhtml|bestof|Game 3 of a best-of-3
|t:|1756700834
|gametype|doubles
|player|p1|FosaNando|pokefan|
|player|p2|PokeLucho|170|
|gen|9
|tier|[Gen 9] VGC 2025 Reg H (Bo3)
|rule|Species Clause: Limit one of each Pokémon
|rule|Item Clause: Limit 1 of each item
|clearpoke
|poke|p1|Hatterene, L50, F|
|poke|p1|Torkoal, L50, M|
|poke|p1|Armarouge, L50, M|
|poke|p1|Gallade, L50, M|
|poke|p1|Indeedee-F, L50, F|
|poke|p1|Ursaluna, L50, M|
|poke|p2|Electabuzz, L50, M|
|poke|p2|Kingambit, L50, F|
|poke|p2|Rillaboom, L50, M|
|poke|p2|Sneasler, L50, F|
|poke|p2|Volcarona, L50, F|
|poke|p2|Dragonite, L50, F|
|teampreview|4
|showteam|p1|Hatterene||LifeOrb|MagicBounce|ExpandingForce,DazzlingGleam,TrickRoom,Psychic|||F|||50|,,,,,Psychic]Torkoal||Charcoal|Drought|Eruption,WeatherBall,Protect,Yawn|||M|||50|,,,,,Fire]Armarouge||PowerHerb|FlashFire|MeteorBeam,TrickRoom,ExpandingForce,ArmorCannon|||M|||50|,,,,,Grass]Gallade||ClearAmulet|Sharpness|SacredSword,PsychoCut,WideGuard,TrickRoom|||M|||50|,,,,,Fire]Indeedee-F||SafetyGoggles|PsychicSurge|FollowMe,HelpingHand,TrickRoom,AlluringVoice|||F|||50|,,,,,Steel]Ursaluna||FlameOrb|Guts|Facade,HeadlongRush,Roar,Protect|||M|||50|,,,,,Fairy
|showteam|p2|Electabuzz||Eviolite|VitalSpirit|Thunderbolt,Taunt,FollowMe,Protect|||M|||50|,,,,,Ghost]Kingambit||BlackGlasses|Defiant|KowtowCleave,SuckerPunch,SwordsDance,Protect|||F|||50|,,,,,Dark]Rillaboom||AssaultVest|GrassySurge|FakeOut,HighHorsepower,WoodHammer,GrassyGlide|||M|||50|,,,,,Fire]Sneasler||FocusSash|PoisonTouch|DireClaw,CloseCombat,FakeOut,Coaching|||F|||50|,,,,,Stellar]Volcarona||Leftovers|FlameBody|HeatWave,TeraBlast,QuiverDance,Protect|||F|||50|,,,,,Fairy]Dragonite||LoadedDice|Multiscale|ExtremeSpeed,ScaleShot,Protect,Haze|||F|||50|,,,,,Steel
|inactive|Battle timer is ON: inactive players will automatically lose when time's up. (requested by FosaNando)
|
|t:|1756700897
|teamsize|p1|4
|teamsize|p2|4
|start
|switch|p1a: Indeedee|Indeedee-F, L50, F|100/100
|switch|p1b: Gallade|Gallade, L50, M|100/100
|switch|p2a: Volcarona|Volcarona, L50, F|100/100
|switch|p2b: Dragonite|Dragonite, L50, F|100/100
|-fieldstart|move: Psychic Terrain|[from] ability: Psychic Surge|[of] p1a: Indeedee
|turn|1
|inactive|PokeLucho has 30 seconds left.
|
|t:|1756700923
|move|p1a: Indeedee|Follow Me|p1a: Indeedee
|-singleturn|p1a: Indeedee|move: Follow Me
|move|p2a: Volcarona|Quiver Dance|p2a: Volcarona
|-boost|p2a: Volcarona|spa|1
|-boost|p2a: Volcarona|spd|1
|-boost|p2a: Volcarona|spe|1
|move|p2b: Dragonite|Scale Shot|p1a: Indeedee
|-damage|p1a: Indeedee|86/100
|-damage|p1a: Indeedee|72/100
|-damage|p1a: Indeedee|58/100
|-damage|p1a: Indeedee|43/100
|-damage|p1a: Indeedee|28/100
|-hitcount|p1a: Indeedee|5
|-unboost|p2b: Dragonite|def|1
|-boost|p2b: Dragonite|spe|1
|move|p1b: Gallade|Trick Room|p1b: Gallade
|-fieldstart|move: Trick Room|[of] p1b: Gallade
|
|upkeep
|turn|2
|inactive|FosaNando has 30 seconds left.
|inactive|PokeLucho has 30 seconds left.
|inactive|PokeLucho has 20 seconds left.
|inactive|PokeLucho has 15 seconds left.
|inactive|PokeLucho has 10 seconds left.
|inactive|PokeLucho has 5 seconds left.
|
|t:|1756700974
|switch|p1a: Armarouge|Armarouge, L50, M|100/100
|-terastallize|p1b: Gallade|Fire
|move|p1b: Gallade|Psycho Cut|p2a: Volcarona
|-damage|p2a: Volcarona|16/100
|move|p2b: Dragonite|Scale Shot|p1b: Gallade
|-damage|p1b: Gallade|79/100
|-damage|p1b: Gallade|59/100
|-damage|p1b: Gallade|38/100
|-damage|p1b: Gallade|18/100
|-damage|p1b: Gallade|0 fnt
|faint|p1b: Gallade
|-hitcount|p1: Gallade|5
|-unboost|p2b: Dragonite|def|1
|-boost|p2b: Dragonite|spe|1
|move|p2a: Volcarona|Heat Wave|p1a: Armarouge
|-start|p1a: Armarouge|ability: Flash Fire
|
|-heal|p2a: Volcarona|22/100|[from] item: Leftovers
|upkeep
|
|t:|1756700994
|switch|p1b: Hatterene|Hatterene, L50, F|100/100
|turn|3
|
|t:|1756701016
|move|p2a: Volcarona|Protect|p2a: Volcarona
|-singleturn|p2a: Volcarona|Protect
|move|p2b: Dragonite|Protect|p2b: Dragonite
|-singleturn|p2b: Dragonite|Protect
|move|p1b: Hatterene|Dazzling Gleam|p2b: Dragonite|[spread] 
|-activate|p2a: Volcarona|move: Protect
|-activate|p2b: Dragonite|move: Protect
|move|p1a: Armarouge|Meteor Beam||[still]
|-prepare|p1a: Armarouge|Meteor Beam
|-boost|p1a: Armarouge|spa|1
|-enditem|p1a: Armarouge|Power Herb
|-anim|p1a: Armarouge|Meteor Beam|p2b: Dragonite
|-activate|p2b: Dragonite|move: Protect
|
|-heal|p2a: Volcarona|28/100|[from] item: Leftovers
|upkeep
|turn|4
|inactive|PokeLucho has 30 seconds left.
|inactive|FosaNando has 30 seconds left.
|inactive|PokeLucho has 20 seconds left.
|inactive|PokeLucho has 15 seconds left.
|inactive|PokeLucho has 10 seconds left.
|
|t:|1756701063
|switch|p2b: Rillaboom|Rillaboom, L50, M|100/100
|-fieldstart|move: Grassy Terrain|[from] ability: Grassy Surge|[of] p2b: Rillaboom
|-terastallize|p2a: Volcarona|Fairy
|move|p1b: Hatterene|Dazzling Gleam|p2a: Volcarona|[spread] p2a,p2b
|-damage|p2a: Volcarona|0 fnt
|-damage|p2b: Rillaboom|67/100
|faint|p2a: Volcarona
|-damage|p1b: Hatterene|91/100|[from] item: Life Orb
|move|p1a: Armarouge|Expanding Force|p2b: Rillaboom
|-damage|p2b: Rillaboom|14/100
|
|-heal|p1b: Hatterene|97/100|[from] Grassy Terrain
|-heal|p2b: Rillaboom|20/100|[from] Grassy Terrain
|upkeep
|
|t:|1756701084
|switch|p2a: Kingambit|Kingambit, L50, F|100/100
|turn|5
|
|t:|1756701096
|switch|p1b: Indeedee|Indeedee-F, L50, F|28/100
|-fieldstart|move: Psychic Terrain|[from] ability: Psychic Surge|[of] p1b: Indeedee
|switch|p2b: Dragonite|Dragonite, L50, F|100/100
|move|p2a: Kingambit|Protect|p2a: Kingambit
|-singleturn|p2a: Kingambit|Protect
|move|p1a: Armarouge|Armor Cannon|p2a: Kingambit
|-activate|p2a: Kingambit|move: Protect
|
|-fieldend|move: Trick Room
|upkeep
|turn|6
|inactive|FosaNando has 30 seconds left.
|inactive|PokeLucho has 30 seconds left.
|inactive|FosaNando has 20 seconds left.
|inactive|PokeLucho has 20 seconds left.
|inactive|FosaNando has 15 seconds left.
|inactive|PokeLucho has 15 seconds left.
|inactive|PokeLucho has 10 seconds left.
|
|t:|1756701141
|switch|p1b: Hatterene|Hatterene, L50, F|97/100
|move|p2b: Dragonite|Scale Shot|p1b: Hatterene
|-immune|p1b: Hatterene
|move|p1a: Armarouge|Armor Cannon|p2a: Kingambit
|-supereffective|p2a: Kingambit
|-damage|p2a: Kingambit|0 fnt
|-unboost|p1a: Armarouge|def|1
|-unboost|p1a: Armarouge|spd|1
|faint|p2a: Kingambit
|
|upkeep
|
|t:|1756701149
|switch|p2a: Rillaboom|Rillaboom, L50, M|20/100
|-fieldstart|move: Grassy Terrain|[from] ability: Grassy Surge|[of] p2a: Rillaboom
|turn|7
|
|t:|1756701159
|switch|p1b: Indeedee|Indeedee-F, L50, F|28/100
|-fieldstart|move: Psychic Terrain|[from] ability: Psychic Surge|[of] p1b: Indeedee
|move|p2b: Dragonite|Scale Shot|p1a: Armarouge
|-damage|p1a: Armarouge|78/100
|-damage|p1a: Armarouge|56/100
|-damage|p1a: Armarouge|33/100
|-crit|p1a: Armarouge
|-damage|p1a: Armarouge|3/100
|-damage|p1a: Armarouge|0 fnt
|faint|p1a: Armarouge
|-hitcount|p1: Armarouge|5
|-unboost|p2b: Dragonite|def|1
|-boost|p2b: Dragonite|spe|1
|move|p2a: Rillaboom|Wood Hammer|p1b: Indeedee
|-damage|p1b: Indeedee|0 fnt
|faint|p1b: Indeedee
|-damage|p2a: Rillaboom|12/100|[from] Recoil
|
|upkeep
|
|t:|1756701179
|switch|p1a: Hatterene|Hatterene, L50, F|97/100
|turn|8
|inactive|PokeLucho has 30 seconds left.
|inactive|PokeLucho has 20 seconds left.
|
|t:|1756701216
|move|p2b: Dragonite|Protect|p2b: Dragonite
|-singleturn|p2b: Dragonite|Protect
|move|p2a: Rillaboom|Wood Hammer|p1a: Hatterene
|-damage|p1a: Hatterene|26/100
|-damage|p2a: Rillaboom|0 fnt|[from] Recoil
|faint|p2a: Rillaboom
|move|p1a: Hatterene|Dazzling Gleam|p2b: Dragonite
|-activate|p2b: Dragonite|move: Protect
|
|upkeep
|turn|9
|c|☆FosaNando|gg
|inactive|PokeLucho has 30 seconds left.
|inactive|PokeLucho has 20 seconds left.
|inactive|PokeLucho has 15 seconds left.
|
|t:|1756701257
|move|p2b: Dragonite|Protect|p2b: Dragonite
|-singleturn|p2b: Dragonite|Protect
|move|p1a: Hatterene|Dazzling Gleam|p2b: Dragonite
|-activate|p2b: Dragonite|move: Protect
|
|upkeep
|turn|10
|inactive|PokeLucho has 30 seconds left.
|inactive|PokeLucho has 20 seconds left.
|
|t:|1756701296
|move|p2b: Dragonite|Protect||[still]
|-fail|p2b: Dragonite
|move|p1a: Hatterene|Trick Room|p1a: Hatterene
|-fieldstart|move: Trick Room|[of] p1a: Hatterene
|
|upkeep
|turn|11
|
|t:|1756701307
|move|p2b: Dragonite|Protect|p2b: Dragonite
|-singleturn|p2b: Dragonite|Protect
|move|p1a: Hatterene|Dazzling Gleam|p2b: Dragonite
|-activate|p2b: Dragonite|move: Protect
|
|-fieldend|move: Psychic Terrain
|upkeep
|turn|12
|
|t:|1756701316
|move|p2b: Dragonite|Extreme Speed|p1a: Hatterene
|-damage|p1a: Hatterene|0 fnt
|faint|p1a: Hatterene
|
|win|PokeLucho
|l|☆FosaNando
|player|p1|
