|j|☆MrPhoenixGC
|j|☆laufey#1fan
|html|MrPhoenixGClaufey#1fan    
|uhtml|bestof|Game 1 of a best-of-3
|t:|1757134117
|gametype|doubles
|player|p1|MrPhoenixGC|1|1166
|player|p2|laufey#1fan|lady|1319
|gen|9
|tier|[Gen 9] VGC 2025 Reg H (Bo3)
|rated|
|rule|Species Clause: Limit one of each Pokémon
|rule|Item Clause: Limit 1 of each item
|clearpoke
|poke|p1|Gholdengo, L50|
|poke|p1|Pelipper, L50, M|
|poke|p1|Archaludon, L50, F|
|poke|p1|Ursaluna, L50, F|
|poke|p1|Dragonite, L50, F|
|poke|p1|Sinistcha, L50|
|poke|p2|Kingambit, L50, M|
|poke|p2|Ursaluna-Bloodmoon, L50, M|
|poke|p2|Sinistcha, L50|
|poke|p2|Ninetales-Alola, L50, F|
|poke|p2|Sneasler, L50, M|
|poke|p2|Dragonite, L50, M|
|teampreview|4
|showteam|p1|Gholdengo||ChoiceScarf|GoodasGold|MakeItRain,ShadowBall,Trick,Protect||||||50|,,,,,Water]Pelipper||FocusSash|Drizzle|Protect,MuddyWater,Hurricane,WideGuard|||M|||50|,,,,,Ghost]Archaludon||AssaultVest|Stamina|BodyPress,Snarl,ElectroShot,FlashCannon|||F|||50|,,,,,Bug]Ursaluna||FlameOrb|Guts|Protect,Facade,Earthquake,HeadlongRush|||F|||50|,,,,,Ghost]Dragonite||LoadedDice|Multiscale|ScaleShot,Haze,Tailwind,Protect|||F|||50|,,,,,Fairy]Sinistcha||SitrusBerry|Hospitality|TrickRoom,MatchaGotcha,LifeDew,RagePowder||||||50|,,,,,Dark
|showteam|p2|Kingambit||BlackGlasses|Defiant|KowtowCleave,SwordsDance,SuckerPunch,Protect|||M|||50|,,,,,Fire]Ursaluna-Bloodmoon||AssaultVest|MindsEye|BloodMoon,EarthPower,HyperVoice,VacuumWave|||M|||50|,,,,,Water]Sinistcha||SitrusBerry|Hospitality|Protect,MatchaGotcha,TrickRoom,RagePowder||||||50|,,,,,Water]Ninetales-Alola||ChoiceSpecs|SnowWarning|Blizzard,Moonblast,FreezeDry,DazzlingGleam|||F|||50|,,,,,Ghost]Sneasler||FocusSash|Unburden|CloseCombat,DireClaw,Coaching,FakeOut|||M|||50|,,,,,Ghost]Dragonite||LoadedDice|Multiscale|Protect,ScaleShot,StompingTantrum,Haze|||M|||50|,,,,,Steel
|inactive|Battle timer is ON: inactive players will automatically lose when time's up. (requested by laufey#1fan)
|j| teamthief420
|l| teamthief420
|inactive|MrPhoenixGC has 60 seconds left.
|inactive|laufey#1fan has 30 seconds left.
|inactive|laufey#1fan has 20 seconds left.
|
|t:|1757134237
|teamsize|p1|4
|teamsize|p2|4
|start
|switch|p1a: Pelipper|Pelipper, L50, M|100/100
|switch|p1b: Dragonite|Dragonite, L50, F|100/100
|switch|p2a: JOYBOY|Dragonite, L50, M|100/100
|switch|p2b: Ursaluna|Ursaluna-Bloodmoon, L50, M|100/100
|-weather|RainDance|[from] ability: Drizzle|[of] p1a: Pelipper
|turn|1
|inactive|MrPhoenixGC has 30 seconds left.
|inactive|MrPhoenixGC has 20 seconds left.
|inactive|MrPhoenixGC has 15 seconds left.
|
|t:|1757134278
|switch|p2b: Laufey|Ninetales-Alola, L50, F, shiny|100/100
|-weather|Snowscape|[from] ability: Snow Warning|[of] p2b: Laufey
|-terastallize|p2a: JOYBOY|Steel
|move|p1a: Pelipper|Protect|p1a: Pelipper
|-singleturn|p1a: Pelipper|Protect
|move|p2a: JOYBOY|Scale Shot|p1a: Pelipper
|-activate|p1a: Pelipper|move: Protect
|move|p1b: Dragonite|Tailwind|p1b: Dragonite
|-sidestart|p1: MrPhoenixGC|move: Tailwind
|
|-weather|Snowscape|[upkeep]
|upkeep
|turn|2
|inactive|MrPhoenixGC has 30 seconds left.
|inactive|laufey#1fan has 30 seconds left.
|inactive|MrPhoenixGC has 20 seconds left.
|inactive|MrPhoenixGC has 15 seconds left.
|inactive|MrPhoenixGC has 10 seconds left.
|inactive|laufey#1fan has 20 seconds left.
|inactive|MrPhoenixGC has 5 seconds left.
|
|t:|1757134332
|move|p1a: Pelipper|Wide Guard|p1a: Pelipper
|-singleturn|p1a: Pelipper|Wide Guard
|move|p1b: Dragonite|Scale Shot|p2a: JOYBOY
|-resisted|p2a: JOYBOY
|-damage|p2a: JOYBOY|97/100
|-resisted|p2a: JOYBOY
|-damage|p2a: JOYBOY|90/100
|-resisted|p2a: JOYBOY
|-damage|p2a: JOYBOY|81/100
|-resisted|p2a: JOYBOY
|-damage|p2a: JOYBOY|74/100
|-hitcount|p2a: JOYBOY|4
|-unboost|p1b: Dragonite|def|1
|-boost|p1b: Dragonite|spe|1
|move|p2b: Laufey|Moonblast|p1a: Pelipper
|-damage|p1a: Pelipper|6/100
|-unboost|p1a: Pelipper|spa|1
|move|p2a: JOYBOY|Scale Shot|p1a: Pelipper
|-damage|p1a: Pelipper|0 fnt
|faint|p1a: Pelipper
|-hitcount|p1: Pelipper|1
|-unboost|p2a: JOYBOY|def|1
|-boost|p2a: JOYBOY|spe|1
|
|-weather|Snowscape|[upkeep]
|upkeep
|inactive|MrPhoenixGC has 30 seconds left.
|
|t:|1757134360
|switch|p1a: Archaludon|Archaludon, L50, F|100/100
|turn|3
|inactive|MrPhoenixGC has 30 seconds left.
|inactive|MrPhoenixGC has 20 seconds left.
|inactive|MrPhoenixGC has 15 seconds left.
|
|t:|1757134401
|switch|p2b: Mr.Eclectic|Sinistcha, L50, shiny|100/100
|-heal|p2a: JOYBOY|99/100|[from] ability: Hospitality|[of] p2b: Mr.Eclectic
|move|p1b: Dragonite|Protect|p1b: Dragonite
|-singleturn|p1b: Dragonite|Protect
|move|p2a: JOYBOY|Protect|p2a: JOYBOY
|-singleturn|p2a: JOYBOY|Protect
|move|p1a: Archaludon|Body Press|p2b: Mr.Eclectic
|-immune|p2b: Mr.Eclectic
|
|-weather|Snowscape|[upkeep]
|upkeep
|turn|4
|inactive|MrPhoenixGC has 30 seconds left.
|inactive|laufey#1fan has 30 seconds left.
|inactive|MrPhoenixGC has 20 seconds left.
|inactive|MrPhoenixGC has 15 seconds left.
|inactive|MrPhoenixGC has 10 seconds left.
|
|t:|1757134450
|-terastallize|p1b: Dragonite|Fairy
|move|p2b: Mr.Eclectic|Rage Powder|p2b: Mr.Eclectic
|-singleturn|p2b: Mr.Eclectic|move: Rage Powder
|move|p1b: Dragonite|Scale Shot|p2b: Mr.Eclectic
|-crit|p2b: Mr.Eclectic
|-damage|p2b: Mr.Eclectic|82/100
|-damage|p2b: Mr.Eclectic|68/100
|-damage|p2b: Mr.Eclectic|56/100
|-damage|p2b: Mr.Eclectic|44/100
|-enditem|p2b: Mr.Eclectic|Sitrus Berry|[eat]
|-heal|p2b: Mr.Eclectic|68/100|[from] item: Sitrus Berry
|-damage|p2b: Mr.Eclectic|53/100
|-hitcount|p2b: Mr.Eclectic|5
|-unboost|p1b: Dragonite|def|1
|-boost|p1b: Dragonite|spe|1
|move|p1a: Archaludon|Flash Cannon|p2b: Mr.Eclectic
|-crit|p2b: Mr.Eclectic
|-damage|p2b: Mr.Eclectic|11/100
|move|p2a: JOYBOY|Stomping Tantrum|p1a: Archaludon
|-supereffective|p1a: Archaludon
|-damage|p1a: Archaludon|61/100
|-ability|p1a: Archaludon|Stamina|boost
|-boost|p1a: Archaludon|def|1
|
|-weather|Snowscape|[upkeep]
|-sideend|p1: MrPhoenixGC|move: Tailwind
|upkeep
|turn|5
|inactive|MrPhoenixGC has 30 seconds left.
|inactive|laufey#1fan has 30 seconds left.
|inactive|MrPhoenixGC has 20 seconds left.
|inactive|laufey#1fan has 20 seconds left.
|inactive|MrPhoenixGC has 15 seconds left.
|inactive|MrPhoenixGC has 10 seconds left.
|inactive|MrPhoenixGC has 5 seconds left.
|
|t:|1757134500
|move|p1b: Dragonite|Tailwind|p1b: Dragonite
|-sidestart|p1: MrPhoenixGC|move: Tailwind
|move|p1a: Archaludon|Flash Cannon|p2b: Mr.Eclectic
|-damage|p2b: Mr.Eclectic|0 fnt
|faint|p2b: Mr.Eclectic
|move|p2a: JOYBOY|Haze|p2a: JOYBOY
|-clearallboost
|
|-weather|none
|upkeep
|
|t:|1757134506
|switch|p2b: Ursaluna|Ursaluna-Bloodmoon, L50, M|100/100
|turn|6
|inactive|MrPhoenixGC has 30 seconds left.
|inactive|MrPhoenixGC has 20 seconds left.
|
|t:|1757134544
|switch|p2a: Laufey|Ninetales-Alola, L50, F, shiny|100/100
|-weather|Snowscape|[from] ability: Snow Warning|[of] p2a: Laufey
|move|p1b: Dragonite|Scale Shot|p2b: Ursaluna
|-damage|p2b: Ursaluna|90/100
|-damage|p2b: Ursaluna|79/100
|-damage|p2b: Ursaluna|68/100
|-damage|p2b: Ursaluna|56/100
|-damage|p2b: Ursaluna|45/100
|-hitcount|p2b: Ursaluna|5
|-unboost|p1b: Dragonite|def|1
|-boost|p1b: Dragonite|spe|1
|move|p1a: Archaludon|Body Press|p2b: Ursaluna
|-supereffective|p2b: Ursaluna
|-damage|p2b: Ursaluna|9/100
|move|p2b: Ursaluna|Earth Power|p1a: Archaludon
|-supereffective|p1a: Archaludon
|-damage|p1a: Archaludon|0 fnt
|faint|p1a: Archaludon
|
|-weather|Snowscape|[upkeep]
|upkeep
|
|t:|1757134567
|switch|p1a: Sinistcha|Sinistcha, L50|100/100
|turn|7
|inactive|MrPhoenixGC has 30 seconds left.
|
|t:|1757134593
|move|p2b: Ursaluna|Vacuum Wave|p1b: Dragonite
|-resisted|p1b: Dragonite
|-damage|p1b: Dragonite|96/100
|move|p1b: Dragonite|Scale Shot|p2b: Ursaluna
|-damage|p2b: Ursaluna|0 fnt
|faint|p2b: Ursaluna
|-hitcount|p2: Ursaluna|1
|-unboost|p1b: Dragonite|def|1
|-boost|p1b: Dragonite|spe|1
|move|p1a: Sinistcha|Matcha Gotcha|p2a: Laufey|[miss]
|-miss|p1a: Sinistcha|p2a: Laufey
|move|p2a: Laufey|Blizzard|p1b: Dragonite|[spread] p1a,p1b
|-supereffective|p1a: Sinistcha
|-damage|p1a: Sinistcha|13/100
|-damage|p1b: Dragonite|47/100
|-enditem|p1a: Sinistcha|Sitrus Berry|[eat]
|-heal|p1a: Sinistcha|38/100|[from] item: Sitrus Berry
|
|-weather|Snowscape|[upkeep]
|upkeep
|
|t:|1757134608
|switch|p2b: JOYBOY|Dragonite, L50, M, tera:Steel|99/100
|turn|8
|
|t:|1757134628
|move|p1b: Dragonite|Protect|p1b: Dragonite
|-singleturn|p1b: Dragonite|Protect
|move|p1a: Sinistcha|Matcha Gotcha|p2b: JOYBOY|[spread] p2a,p2b
|-resisted|p2b: JOYBOY
|-damage|p2a: Laufey|70/100
|-heal|p1a: Sinistcha|50/100|[from] drain|[of] p2a: Laufey
|-damage|p2b: JOYBOY|87/100
|-heal|p1a: Sinistcha|57/100|[from] drain|[of] p2b: JOYBOY
|-status|p2a: Laufey|brn
|move|p2a: Laufey|Blizzard|p1a: Sinistcha|[spread] p1a
|-activate|p1b: Dragonite|move: Protect
|-supereffective|p1a: Sinistcha
|-damage|p1a: Sinistcha|0 fnt
|faint|p1a: Sinistcha
|move|p2b: JOYBOY|Stomping Tantrum|p1b: Dragonite
|-activate|p1b: Dragonite|move: Protect
|
|-weather|Snowscape|[upkeep]
|-damage|p2a: Laufey|64/100 brn|[from] brn
|-sideend|p1: MrPhoenixGC|move: Tailwind
|upkeep
|turn|9
|
|t:|1757134652
|move|p1b: Dragonite|Protect|p1b: Dragonite
|-singleturn|p1b: Dragonite|Protect
|move|p2b: JOYBOY|Protect|p2b: JOYBOY
|-singleturn|p2b: JOYBOY|Protect
|move|p2a: Laufey|Blizzard|p1b: Dragonite
|-activate|p1b: Dragonite|move: Protect
|
|-weather|Snowscape|[upkeep]
|-damage|p2a: Laufey|58/100 brn|[from] brn
|upkeep
|turn|10
|
|t:|1757134667
|move|p1b: Dragonite|Scale Shot|p2b: JOYBOY
|-resisted|p2b: JOYBOY
|-damage|p2b: JOYBOY|80/100
|-resisted|p2b: JOYBOY
|-damage|p2b: JOYBOY|72/100
|-resisted|p2b: JOYBOY
|-damage|p2b: JOYBOY|65/100
|-resisted|p2b: JOYBOY
|-damage|p2b: JOYBOY|57/100
|-resisted|p2b: JOYBOY
|-damage|p2b: JOYBOY|50/100
|-hitcount|p2b: JOYBOY|5
|-unboost|p1b: Dragonite|def|1
|-boost|p1b: Dragonite|spe|1
|move|p2a: Laufey|Blizzard|p1b: Dragonite
|-damage|p1b: Dragonite|0 fnt
|faint|p1b: Dragonite
|
|win|laufey#1fan
|inactive|MrPhoenixGC has 30 seconds to confirm battle start!
|inactive|laufey#1fan has 30 seconds to confirm battle start!
||laufey#1fan is ready for game 2.
|inactive|MrPhoenixGC has 20 seconds to confirm battle start!
|l|☆MrPhoenixGC
|player|p1|
|inactive|MrPhoenixGC has 10 seconds to confirm battle start!
||MrPhoenixGC is ready for game 2.
|uhtml|next|Next: Game 2 of 3
