|j|☆NemoAK
|j|☆LostInCalabria
|html|NemoAKLostInCalabria    
|uhtml|bestof|Game 2 of a best-of-3
|t:|1786160055
|gametype|doubles
|player|p1|NemoAK|266|1181
|player|p2|LostInCalabria|shadowtriad|1100
|gen|9
|tier|[Gen 9 Champions] VGC 2026 Reg M-B (Bo3)
|rated|
|rule|Species Clause: Limit one of each Pokémon
|rule|Item Clause: Limit 1 of each item
|clearpoke
|poke|p1|Staraptor, L50, M|
|poke|p1|Sylveon, L50, F|
|poke|p1|Basculegion, L50, M|
|poke|p1|Farigiraf, L50, M|
|poke|p1|Garchomp, L50, M|
|poke|p1|Camerupt, L50, M|
|poke|p2|Delphox, L50, F|
|poke|p2|Clefable, L50, F|
|poke|p2|Meowscarada, L50, M|
|poke|p2|Staraptor, L50, M|
|poke|p2|Araquanid, L50, F|
|poke|p2|Luxray, L50, M|
|teampreview|4
|showteam|p1|Staraptor||Staraptite|Intimidate|CloseCombat,BraveBird,Tailwind,Protect|Jolly||M|||50|]Sylveon||FairyFeather|Pixilate|HyperVoice,QuickAttack,Yawn,Protect|Modest||F|||50|]Basculegion||ChoiceScarf|Adaptability|LastRespects,WaveCrash,AquaJet,FlipTurn|Adamant||M|||50|]Farigiraf||SitrusBerry|ArmorTail|Psychic,HyperVoice,TrickRoom,HelpingHand|Quiet||M|||50|]Garchomp||LifeOrb|RoughSkin|Earthquake,RockSlide,ScaleShot,Protect|Jolly||M|||50|]Camerupt||Cameruptite|MagmaArmor|HeatWave,EarthPower,AncientPower,Protect|Quiet||M|||50|
|showteam|p2|Delphox||Delphoxite|Blaze|Psyshock,HeatWave,CalmMind,Protect|Timid||F|||50|]Clefable||SitrusBerry|Unaware|AlluringVoice,FollowMe,LifeDew,Protect|Bold||F|||50|]Meowscarada||ChoiceScarf|Protean|Uturn,FlowerTrick,LowKick,TripleAxel|Jolly||M|||50|]Staraptor||Staraptite|Intimidate|CloseCombat,BraveBird,Tailwind,Protect|Jolly||M|||50|]Araquanid||Leftovers|WaterBubble|Liquidation,Protect,IcyWind,WideGuard|Sassy||F|||50|]Luxray||ShucaBerry|Intimidate|WildCharge,HelpingHand,BabyDollEyes,Protect|Adamant||M|||50|
|inactive|Battle timer is ON: inactive players will automatically lose when time's up. (requested by NemoAK)
|
|t:|1786160091
|teamsize|p1|4
|teamsize|p2|4
|start
|switch|p1a: Princess|Sylveon, L50, F|100/100
|switch|p1b: 6”3|Farigiraf, L50, M|100/100
|switch|p2a: Delphox|Delphox, L50, F|100/100
|switch|p2b: Luxray|Luxray, L50, M|100/100
|-ability|p2b: Luxray|Intimidate|boost
|-unboost|p1a: Princess|atk|1
|-unboost|p1b: 6”3|atk|1
|turn|1
|inactive|LostInCalabria has 30 seconds left.
|inactive|LostInCalabria has 20 seconds left.
|
|t:|1786160127
|detailschange|p2a: Delphox|Delphox-Mega, L50, F
|-mega|p2a: Delphox|Delphox|Delphoxite
|move|p2a: Delphox|Protect|p2a: Delphox
|-singleturn|p2a: Delphox|Protect
|move|p2b: Luxray|Wild Charge|p1a: Princess
|-damage|p1a: Princess|55/100
|-damage|p2b: Luxray|88/100|[from] Recoil
|move|p1a: Princess|Yawn|p2a: Delphox
|-activate|p2a: Delphox|move: Protect
|move|p1b: 6”3|Trick Room|p1b: 6”3
|-fieldstart|move: Trick Room|[of] p1b: 6”3
|
|upkeep
|turn|2
|inactive|LostInCalabria has 30 seconds left.
|inactive|LostInCalabria has 20 seconds left.
|
|t:|1786160163
|switch|p2b: Araquanid|Araquanid, L50, F|100/100
|move|p1b: 6”3|Hyper Voice|p2b: Araquanid|[spread] p2a,p2b
|-crit|p2a: Delphox
|-damage|p2a: Delphox|62/100
|-damage|p2b: Araquanid|81/100
|move|p1a: Princess|Hyper Voice|p2a: Delphox|[spread] p2a,p2b
|-resisted|p2a: Delphox|1
|-damage|p2a: Delphox|41/100
|-damage|p2b: Araquanid|50/100g
|move|p2a: Delphox|Calm Mind|p2a: Delphox
|-boost|p2a: Delphox|spa|1
|-boost|p2a: Delphox|spd|1
|
|-heal|p2b: Araquanid|56/100|[from] item: Leftovers
|upkeep
|turn|3
|
|t:|1786160183
|move|p2b: Araquanid|Wide Guard|p2b: Araquanid
|-singleturn|p2b: Araquanid|Wide Guard
|move|p1b: 6”3|Psychic|p2b: Araquanid
|-damage|p2b: Araquanid|28/100
|move|p1a: Princess|Yawn|p2a: Delphox
|-start|p2a: Delphox|move: Yawn|[of] p1a: Princess
|move|p2a: Delphox|Heat Wave|p1a: Princess|[spread] p1a,p1b
|-damage|p1a: Princess|10/100
|-damage|p1b: 6”3|44/100
|-enditem|p1b: 6”3|Sitrus Berry|[eat]
|-heal|p1b: 6”3|69/100|[from] item: Sitrus Berry
|
|-heal|p2b: Araquanid|34/100|[from] item: Leftovers
|upkeep
|turn|4
|
|t:|1786160207
|move|p2b: Araquanid|Liquidation|p1b: 6”3
|-damage|p1b: 6”3|32/100
|move|p1b: 6”3|Hyper Voice|p2a: Delphox|[spread] p2a,p2b
|-damage|p2a: Delphox|23/100
|-damage|p2b: Araquanid|15/100
|move|p1a: Princess|Hyper Voice|p2b: Araquanid|[spread] p2a,p2b
|-resisted|p2a: Delphox|1
|-damage|p2a: Delphox|7/100
|-damage|p2b: Araquanid|0 fnt
|faint|p2b: Araquanid
|move|p2a: Delphox|Heat Wave|p1a: Princess|[spread] p1b
|-miss|p2a: Delphox|p1a: Princess
|-damage|p1b: 6”3|0 fnt
|faint|p1b: 6”3
|
|-end|p2a: Delphox|move: Yawn|[silent]
|-status|p2a: Delphox|slp
|upkeep
|inactive|LostInCalabria has 30 seconds left.
|
|t:|1786160233
|switch|p2b: Luxray|Luxray, L50, M|88/100
|switch|p1b: Pompei|Camerupt, L50, M|100/100
|-ability|p2b: Luxray|Intimidate|boost
|-unboost|p1a: Princess|atk|1
|-unboost|p1b: Pompei|atk|1
|turn|5
|inactive|LostInCalabria has 30 seconds left.
|
|t:|1786160267
|detailschange|p1b: Pompei|Camerupt-Mega, L50, M
|-mega|p1b: Pompei|Camerupt|Cameruptite
|move|p2b: Luxray|Protect|p2b: Luxray
|-singleturn|p2b: Luxray|Protect
|cant|p2a: Delphox|slp
|move|p1b: Pompei|Heat Wave|p2a: Delphox|[spread] p2a
|-activate|p2b: Luxray|move: Protect
|-resisted|p2a: Delphox|1
|-damage|p2a: Delphox|0 fnt
|faint|p2a: Delphox
|move|p1a: Princess|Hyper Voice|p2b: Luxray
|-activate|p2b: Luxray|move: Protect
|
|-fieldend|move: Trick Room
|upkeep
|
|t:|1786160280
|switch|p2a: Meowscarada|Meowscarada, L50, M|100/100
|turn|6
|inactive|LostInCalabria has 30 seconds left.
|inactive|LostInCalabria has 20 seconds left.
|
|t:|1786160317
|move|p2a: Meowscarada|Flower Trick|p1b: Pompei
|-start|p2a: Meowscarada|typechange|Grass|[from] ability: Protean
|-crit|p1b: Pompei
|-damage|p1b: Pompei|60/100
|move|p2b: Luxray|Wild Charge|p1a: Princess
|-damage|p1a: Princess|0 fnt
|faint|p1a: Princess
|-damage|p2b: Luxray|86/100|[from] Recoil
|move|p1b: Pompei|Heat Wave|p2a: Meowscarada|[spread] p2a,p2b
|-supereffective|p2a: Meowscarada|1
|-damage|p2a: Meowscarada|0 fnt
|-damage|p2b: Luxray|23/100
|faint|p2a: Meowscarada
|
|upkeep
|
|t:|1786160325
|switch|p1a: Toothless|Garchomp, L50, M|100/100
|turn|7
|-message|LostInCalabria forfeited.
|
|win|NemoAK
|raw|NemoAK's rating: 1181 → 1200(+19 for winning)
|raw|LostInCalabria's rating: 1100 → 1081(-19 for losing)
