|j|☆Artere Happy
|j|☆nupe_123
|html|Artere Happynupe_123    
|uhtml|bestof|Game 3 of a best-of-3
|t:|1785161065
|gametype|doubles
|player|p1|Artere Happy|medium|1079
|player|p2|nupe_123|169|1112
|gen|9
|tier|[Gen 9 Champions] VGC 2026 Reg M-B (Bo3)
|rated|
|rule|Species Clause: Limit one of each Pokémon
|rule|Item Clause: Limit 1 of each item
|clearpoke
|poke|p1|Venusaur, L50, F|
|poke|p1|Mamoswine, L50, F|
|poke|p1|Charizard, L50, F|
|poke|p1|Garchomp, L50, F|
|poke|p1|Sylveon, L50, F|
|poke|p1|Incineroar, L50, F|
|poke|p2|Froslass, L50, F|
|poke|p2|Garchomp, L50, F, shiny|
|poke|p2|Incineroar, L50, M, shiny|
|poke|p2|Kingambit, L50, M, shiny|
|poke|p2|Glimmora, L50, F|
|poke|p2|Farigiraf, L50, M, shiny|
|teampreview|4
|showteam|p1|Venusaur||LifeOrb|Chlorophyll|SolarBeam,SludgeBomb,EarthPower,Protect|Modest||F|||50|]Mamoswine||FocusSash|Oblivious|HighHorsepower,RockTomb,IceShard,Protect|Jolly||F|||50|]Charizard||CharizarditeY|Blaze|HeatWave,WeatherBall,HelpingHand,Protect|Modest||F|||50|]Garchomp||ChoiceScarf|RoughSkin|Earthquake,DragonClaw,RockSlide,StompingTantrum|Adamant||F|||50|]Sylveon||FairyFeather|Pixilate|Detect,HyperVoice,Moonblast,Yawn|Modest||F|||50|]Incineroar||SitrusBerry|Intimidate|FakeOut,PartingShot,FlareBlitz,DarkestLariat|Careful||F|||50|
|showteam|p2|Froslass||Froslassite|CursedBody|Blizzard,ShadowBall,AuroraVeil,Protect|Timid||F|||50|]Garchomp||LifeOrb|RoughSkin|RockSlide,DragonClaw,StompingTantrum,Protect|Jolly||F|||50|]Incineroar||SitrusBerry|Intimidate|FlareBlitz,ThroatChop,FakeOut,PartingShot|Impish||M|||50|]Kingambit||BlackGlasses|Defiant|KowtowCleave,SuckerPunch,LowKick,Protect|Brave||M|||50|]Glimmora||FocusSash|ToxicDebris|PowerGem,SludgeBomb,EarthPower,SpikyShield|Modest||F|||50|]Farigiraf||ColburBerry|ArmorTail|Psychic,Thunderbolt,TrickRoom,HelpingHand|Relaxed||M|||50|
|inactive|Battle timer is ON: inactive players will automatically lose when time's up. (requested by Artere Happy)
|
|t:|1785161089
|teamsize|p1|4
|teamsize|p2|4
|start
|switch|p1a: Mamoswine|Mamoswine, L50, F|100/100
|switch|p1b: Charizard|Charizard, L50, F|100/100
|switch|p2a: Glimmora|Glimmora, L50, F|100/100
|switch|p2b: Incineroar|Incineroar, L50, M, shiny|100/100
|-ability|p2b: Incineroar|Intimidate|boost
|-fail|p1a: Mamoswine|unboost|Attack|[from] ability: Oblivious|[of] p1a: Mamoswine
|-unboost|p1b: Charizard|atk|1
|turn|1
|
|t:|1785161107
|detailschange|p1b: Charizard|Charizard-Mega-Y, L50, F
|-mega|p1b: Charizard|Charizard|Charizardite Y
|-weather|SunnyDay|[from] ability: Drought|[of] p1b: Charizard
|move|p1a: Mamoswine|Protect|p1a: Mamoswine
|-singleturn|p1a: Mamoswine|Protect
|move|p1b: Charizard|Protect|p1b: Charizard
|-singleturn|p1b: Charizard|Protect
|move|p2b: Incineroar|Fake Out|p1a: Mamoswine
|-activate|p1a: Mamoswine|move: Protect
|move|p2a: Glimmora|Power Gem|p1b: Charizard
|-activate|p1b: Charizard|move: Protect
|
|-weather|SunnyDay|[upkeep]
|upkeep
|turn|2
|inactive|nupe_123 has 30 seconds left.
|
|t:|1785161134
|switch|p1b: Garchomp|Garchomp, L50, F|100/100
|move|p1a: Mamoswine|High Horsepower|p2b: Incineroar
|-supereffective|p2b: Incineroar|1
|-damage|p2b: Incineroar|28/100
|-enditem|p2b: Incineroar|Sitrus Berry|[eat]
|-heal|p2b: Incineroar|53/100|[from] item: Sitrus Berry
|move|p2a: Glimmora|Power Gem|p1b: Garchomp
|-resisted|p1b: Garchomp|1
|-damage|p1b: Garchomp|75/100
|move|p2b: Incineroar|Flare Blitz|p1a: Mamoswine
|-supereffective|p1a: Mamoswine|1
|-enditem|p1a: Mamoswine|Focus Sash
|-damage|p1a: Mamoswine|1/100
|-damage|p2b: Incineroar|22/100|[from] Recoil
|
|-weather|SunnyDay|[upkeep]
|upkeep
|turn|3
|
|t:|1785161156
|switch|p2b: Garchomp|Garchomp, L50, F, shiny|100/100
|move|p1a: Mamoswine|Protect|p1a: Mamoswine
|-singleturn|p1a: Mamoswine|Protect
|move|p2a: Glimmora|Spiky Shield|p2a: Glimmora
|-singleturn|p2a: Glimmora|move: Protect
|move|p1b: Garchomp|Earthquake|p2a: Glimmora|[spread] p2b
|-activate|p1a: Mamoswine|move: Protect
|-activate|p2a: Glimmora|move: Protect
|-damage|p2b: Garchomp|57/100
|
|-weather|SunnyDay|[upkeep]
|upkeep
|turn|4
|inactive|nupe_123 has 30 seconds left.
|inactive|nupe_123 has 20 seconds left.
|inactive|nupe_123 has 15 seconds left.
|
|t:|1785161196
|switch|p2a: Incineroar|Incineroar, L50, M, shiny|22/100
|-ability|p2a: Incineroar|Intimidate|boost
|-fail|p1a: Mamoswine|unboost|Attack|[from] ability: Oblivious|[of] p1a: Mamoswine
|-unboost|p1b: Garchomp|atk|1
|move|p1a: Mamoswine|Ice Shard|p2a: Incineroar
|-resisted|p2a: Incineroar|1
|-damage|p2a: Incineroar|15/100
|move|p1b: Garchomp|Earthquake|p2a: Incineroar|[spread] p1a,p2a,p2b
|-supereffective|p2a: Incineroar|1
|-damage|p1a: Mamoswine|0 fnt
|-damage|p2a: Incineroar|0 fnt
|-damage|p2b: Garchomp|28/100
|faint|p1a: Mamoswine
|faint|p2a: Incineroar
|move|p2b: Garchomp|Rock Slide|p1b: Garchomp
|-resisted|p1b: Garchomp|1
|-damage|p1b: Garchomp|58/100
|-damage|p2b: Garchomp|19/100|[from] item: Life Orb
|
|-weather|SunnyDay|[upkeep]
|upkeep
|
|t:|1785161209
|switch|p1a: Incineroar|Incineroar, L50, F|100/100
|switch|p2a: Froslass|Froslass, L50, F|100/100
|-ability|p1a: Incineroar|Intimidate|boost
|-unboost|p2a: Froslass|atk|1
|-unboost|p2b: Garchomp|atk|1
|turn|5
|inactive|nupe_123 has 30 seconds left.
|
|t:|1785161242
|detailschange|p2a: Froslass|Froslass-Mega, L50, F
|-mega|p2a: Froslass|Froslass|Froslassite
|-weather|Snowscape|[from] ability: Snow Warning|[of] p2a: Froslass
|move|p2b: Garchomp|Protect|p2b: Garchomp
|-singleturn|p2b: Garchomp|Protect
|move|p1a: Incineroar|Fake Out|p2b: Garchomp
|-activate|p2b: Garchomp|move: Protect
|move|p1b: Garchomp|Earthquake|p2a: Froslass|[spread] p1a,p2a
|-activate|p2b: Garchomp|move: Protect
|-supereffective|p1a: Incineroar|1
|-crit|p2a: Froslass
|-damage|p1a: Incineroar|49/100
|-damage|p2a: Froslass|27/100
|-enditem|p1a: Incineroar|Sitrus Berry|[eat]
|-heal|p1a: Incineroar|74/100|[from] item: Sitrus Berry
|move|p2a: Froslass|Blizzard|p1a: Incineroar|[spread] p1a,p1b
|-resisted|p1a: Incineroar|1
|-supereffective|p1b: Garchomp|2
|-damage|p1a: Incineroar|58/100
|-damage|p1b: Garchomp|0 fnt
|-status|p1a: Incineroar|frz
|faint|p1b: Garchomp
|
|-weather|Snowscape|[upkeep]
|upkeep
|
|t:|1785161248
|switch|p1b: Charizard|Charizard-Mega-Y, L50, F|100/100
|-weather|SunnyDay|[from] ability: Drought|[of] p1b: Charizard
|turn|6
|inactive|nupe_123 has 30 seconds left.
|
|t:|1785161278
|switch|p2a: Glimmora|Glimmora, L50, F|100/100
|move|p2b: Garchomp|Rock Slide|p1b: Charizard|[spread] p1a,p1b
|-supereffective|p1a: Incineroar|1
|-supereffective|p1b: Charizard|2
|-damage|p1a: Incineroar|30/100 frz
|-damage|p1b: Charizard|37/100
|-damage|p2b: Garchomp|9/100|[from] item: Life Orb
|move|p1b: Charizard|Heat Wave|p2a: Glimmora|[spread] p2a
|-miss|p1b: Charizard|p2b: Garchomp
|-resisted|p2a: Glimmora|1
|-damage|p2a: Glimmora|62/100
|-curestatus|p1a: Incineroar|frz|[from] move: Flare Blitz
|move|p1a: Incineroar|Flare Blitz|p2a: Glimmora
|-resisted|p2a: Glimmora|1
|-damage|p2a: Glimmora|25/100
|-activate|p2a: Glimmora|ability: Toxic Debris
|-sidestart|p1: Artere Happy|move: Toxic Spikes
|-damage|p1a: Incineroar|20/100y|[from] Recoil
|
|-weather|SunnyDay|[upkeep]
|upkeep
|turn|7
|inactive|Artere Happy has 30 seconds left.
|-message|Artere Happy forfeited.
|
|win|nupe_123
|raw|Artere Happy's rating: 1079 → 1059(-20 for losing)
|raw|nupe_123's rating: 1112 → 1135(+23 for winning)
|l|☆Artere Happy
|player|p1|
