|j|‽bobsparents
|j|☆himhimhimhim15
|html|bobsparentshimhimhimhim15    
|uhtml|bestof|Game 2 of a best-of-3
|t:|1784395413
|gametype|doubles
|player|p1|bobsparents|cynthia|1227
|player|p2|himhimhimhim15|265|1091
|gen|9
|tier|[Gen 9 Champions] VGC 2026 Reg M-B (Bo3)
|rated|
|rule|Species Clause: Limit one of each Pokémon
|rule|Item Clause: Limit 1 of each item
|clearpoke
|poke|p1|Kangaskhan, L50, F|
|poke|p1|Farigiraf, L50, M|
|poke|p1|Chandelure, L50, F|
|poke|p1|Avalugg-Hisui, L50, M|
|poke|p1|Decidueye-Hisui, L50, F|
|poke|p1|Kingambit, L50, F|
|poke|p2|Malamar, L50, M|
|poke|p2|Maushold-Four, L50|
|poke|p2|Meowscarada, L50, F|
|poke|p2|Staraptor, L50, M|
|poke|p2|Mawile, L50, M|
|poke|p2|Basculegion, L50, M|
|teampreview|4
|showteam|p1|Kangaskhan||Kangaskhanite|Scrappy|DoubleEdge,HammerArm,IcePunch,FakeOut|Brave||F|||50|]Farigiraf||SitrusBerry|ArmorTail|PsychicNoise,Thunderbolt,TrickRoom,Protect|Quiet||M|||50|]Chandelure||FocusSash|FlashFire|HeatWave,ShadowBall,TrickRoom,Protect|Quiet||F|||50|]Avalugg-Hisui||WideLens|Sturdy|RockSlide,MountainGale,BodyPress,WideGuard|Brave||M|||50|]Decidueye-Hisui||LifeOrb|Scrappy|CloseCombat,LeafBlade,BraveBird,Protect|Brave||F|||50|]Kingambit||BlackGlasses|Defiant|KowtowCleave,IronHead,SuckerPunch,SwordsDance|Brave||F|||50|
|showteam|p2|Malamar||RoseliBerry|Contrary|Superpower,KnockOff,Protect,TrickRoom|Brave||M|||50|]Maushold-Four||WideLens|Technician|PopulationBomb,FollowMe,Protect,Feint|Jolly|||||50|]Meowscarada||LifeOrb|Overgrow|FlowerTrick,KnockOff,HelpingHand,LowKick|Jolly||F|||50|]Staraptor||Staraptite|Intimidate|CloseCombat,BraveBird,Facade,Protect|Adamant||M|||50|]Mawile||Mawilite|HyperCutter|PlayRough,KnockOff,RockSlide,SuckerPunch|Brave||M|||50|]Basculegion||FocusSash|Adaptability|WaveCrash,LastRespects,AquaJet,Protect|Adamant||M|||50|
|
|t:|1784395454
|teamsize|p1|4
|teamsize|p2|4
|start
|switch|p1a: Chandelure|Chandelure, L50, F|100/100
|switch|p1b: Kangaskhan|Kangaskhan, L50, F|100/100
|switch|p2a: Maushold|Maushold-Four, L50|100/100
|switch|p2b: Meowscarada|Meowscarada, L50, F|100/100
|turn|1
|
|t:|1784395475
|detailschange|p1b: Kangaskhan|Kangaskhan-Mega, L50, F
|-mega|p1b: Kangaskhan|Kangaskhan|Kangaskhanite
|move|p2a: Maushold|Protect|p2a: Maushold
|-singleturn|p2a: Maushold|Protect
|move|p1b: Kangaskhan|Fake Out|p2b: Meowscarada
|-damage|p2b: Meowscarada|64/100
|-damage|p2b: Meowscarada|55/100
|-hitcount|p2b: Meowscarada|2
|cant|p2b: Meowscarada|flinch
|move|p1a: Chandelure|Trick Room|p1a: Chandelure
|-fieldstart|move: Trick Room|[of] p1a: Chandelure
|
|upkeep
|turn|2
|
|t:|1784395495
|move|p2b: Meowscarada|Helping Hand|p2a: Maushold
|-singleturn|p2a: Maushold|Helping Hand|[of] p2b: Meowscarada
|move|p1a: Chandelure|Heat Wave|p2a: Maushold|[spread] p2a,p2b
|-supereffective|p2b: Meowscarada|1
|-damage|p2a: Maushold|30/100
|-damage|p2b: Meowscarada|0 fnt
|faint|p2b: Meowscarada
|move|p1b: Kangaskhan|Hammer Arm|p2a: Maushold|[miss]
|-miss|p1b: Kangaskhan|p2a: Maushold
|move|p2a: Maushold|Population Bomb|p1b: Kangaskhan
|-damage|p1b: Kangaskhan|85/100
|-damage|p1b: Kangaskhan|71/100
|-damage|p1b: Kangaskhan|57/100
|-damage|p1b: Kangaskhan|43/100
|-damage|p1b: Kangaskhan|30/100
|-damage|p1b: Kangaskhan|16/100
|-damage|p1b: Kangaskhan|3/100
|-damage|p1b: Kangaskhan|0 fnt
|faint|p1b: Kangaskhan
|-hitcount|p1: Kangaskhan|8
|
|upkeep
|
|t:|1784395517
|switch|p1b: Avalugg|Avalugg-Hisui, L50, M|100/100
|switch|p2b: Staraptor|Staraptor, L50, M|100/100
|-ability|p2b: Staraptor|Intimidate|boost
|-unboost|p1a: Chandelure|atk|1
|-unboost|p1b: Avalugg|atk|1
|turn|3
|
|t:|1784395529
|move|p2b: Staraptor|Protect|p2b: Staraptor
|-singleturn|p2b: Staraptor|Protect
|move|p2a: Maushold|Protect|p2a: Maushold
|-singleturn|p2a: Maushold|Protect
|move|p1b: Avalugg|Rock Slide|p2b: Staraptor|[spread] 
|-activate|p2a: Maushold|move: Protect
|-activate|p2b: Staraptor|move: Protect
|move|p1a: Chandelure|Heat Wave|p2a: Maushold|[spread] 
|-activate|p2a: Maushold|move: Protect
|-activate|p2b: Staraptor|move: Protect
|
|upkeep
|turn|4
|
|t:|1784395550
|detailschange|p2b: Staraptor|Staraptor-Mega, L50, M
|-mega|p2b: Staraptor|Staraptor|Staraptite
|move|p2a: Maushold|Follow Me|p2a: Maushold
|-singleturn|p2a: Maushold|move: Follow Me
|move|p1b: Avalugg|Rock Slide|p2a: Maushold|[spread] p2a,p2b
|-damage|p2a: Maushold|0 fnt
|-damage|p2b: Staraptor|82/100
|faint|p2a: Maushold
|move|p1a: Chandelure|Heat Wave|p2b: Staraptor
|-damage|p2b: Staraptor|25/100
|move|p2b: Staraptor|Close Combat|p1b: Avalugg
|-supereffective|p1b: Avalugg|2
|-ability|p1b: Avalugg|Sturdy
|-damage|p1b: Avalugg|1/100
|-boost|p2b: Staraptor|def|1
|-boost|p2b: Staraptor|spd|1
|
|upkeep
|
|t:|1784395565
|switch|p2a: Basculegion|Basculegion, L50, M|100/100
|turn|5
|
|t:|1784395627
|move|p2a: Basculegion|Protect|p2a: Basculegion
|-singleturn|p2a: Basculegion|Protect
|move|p2b: Staraptor|Protect|p2b: Staraptor
|-singleturn|p2b: Staraptor|Protect
|move|p1b: Avalugg|Mountain Gale|p2b: Staraptor
|-activate|p2b: Staraptor|move: Protect
|move|p1a: Chandelure|Shadow Ball|p2a: Basculegion
|-activate|p2a: Basculegion|move: Protect
|
|-fieldend|move: Trick Room
|upkeep
|turn|6
|inactive|Battle timer is ON: inactive players will automatically lose when time's up. (requested by himhimhimhim15)
|
|t:|1784395722
|move|p2b: Staraptor|Close Combat|p1b: Avalugg
|-supereffective|p1b: Avalugg|2
|-damage|p1b: Avalugg|0 fnt
|-boost|p2b: Staraptor|def|1
|-boost|p2b: Staraptor|spd|1
|faint|p1b: Avalugg
|move|p2a: Basculegion|Wave Crash|p1a: Chandelure
|-supereffective|p1a: Chandelure|1
|-enditem|p1a: Chandelure|Focus Sash
|-damage|p1a: Chandelure|1/100
|-damage|p2a: Basculegion|72/100|[from] Recoil
|move|p1a: Chandelure|Trick Room|p1a: Chandelure
|-fieldstart|move: Trick Room|[of] p1a: Chandelure
|
|upkeep
|
|t:|1784395727
|switch|p1b: Decidueye|Decidueye-Hisui, L50, F|100/100
|turn|7
|inactive|himhimhimhim15 has 30 seconds left.
|inactive|bobsparents has 30 seconds left.
|inactive|bobsparents has 20 seconds left.
|
|t:|1784395773
|move|p2a: Basculegion|Aqua Jet|p1a: Chandelure
|-supereffective|p1a: Chandelure|1
|-damage|p1a: Chandelure|0 fnt
|faint|p1a: Chandelure
|move|p1b: Decidueye|Brave Bird|p2b: Staraptor
|-supereffective|p2b: Staraptor|1
|-damage|p2b: Staraptor|0 fnt
|faint|p2b: Staraptor
|-damage|p1b: Decidueye|91/100|[from] Recoil
|-damage|p1b: Decidueye|82/100|[from] item: Life Orb
|
|upkeep
|turn|8
|
|t:|1784395784
|move|p1b: Decidueye|Leaf Blade|p2a: Basculegion
|-supereffective|p2a: Basculegion|1
|-damage|p2a: Basculegion|0 fnt
|faint|p2a: Basculegion
|-damage|p1b: Decidueye|72/100|[from] item: Life Orb
|
|win|bobsparents
