|j|☆realslim19
|j|☆dracojackson
|html|realslim19dracojackson    
|uhtml|bestof|Game 2 of a best-of-3
|t:|1754244376
|gametype|doubles
|player|p1|realslim19|265|1253
|player|p2|dracojackson|veteranf|1242
|gen|9
|tier|[Gen 9] VGC 2025 Reg H (Bo3)
|rated|
|rule|Species Clause: Limit one of each Pokémon
|rule|Item Clause: Limit 1 of each item
|clearpoke
|poke|p1|Typhlosion-Hisui, L50, M|
|poke|p1|Torkoal, L50, F|
|poke|p1|Jumpluff, L50, M|
|poke|p1|Kingambit, L50, F|
|poke|p1|Garchomp, L50, F|
|poke|p1|Dragonite, L50, M|
|poke|p2|Kommo-o, L50, M|
|poke|p2|Rillaboom, L50, M|
|poke|p2|Clefairy, L50, M|
|poke|p2|Ninetales-Alola, L50, F|
|poke|p2|Kingambit, L50, M|
|poke|p2|Sneasler, L50, F|
|teampreview|4
|showteam|p1|Typhlosion-Hisui||ChoiceSpecs|Blaze|Eruption,HeatWave,Overheat,ShadowBall|||M|||50|,,,,,Fire]Torkoal||EjectPack|Drought|Overheat,HelpingHand,Protect,BurningJealousy|||F|||50|,,,,,Flying]Jumpluff||CovertCloak|Chlorophyll|SleepPowder,Tailwind,Encore,SunnyDay|||M|||50|,,,,,Dark]Kingambit||AssaultVest|Defiant|SuckerPunch,IronHead,Assurance,LowKick|||F|||50|,,,,,Flying]Garchomp||LifeOrb|RoughSkin|Earthquake,DragonClaw,SwordsDance,Protect|||F|||50|,,,,,Steel]Dragonite||ChoiceBand|InnerFocus|ExtremeSpeed,FirePunch,IceSpinner,Outrage|||M|||50|,,,,,Normal
|showteam|p2|Kommo-o||ThroatSpray|Overcoat|ClangorousSoul,ClangingScales,Flamethrower,Protect|||M|||50|,,,,,Fire]Rillaboom||AssaultVest|GrassySurge|FakeOut,WoodHammer,GrassyGlide,Uturn|||M|||50|,,,,,Fire]Clefairy||Eviolite|FriendGuard|FollowMe,HelpingHand,Protect,LifeDew|||M|||50|,,,,,Grass]Ninetales-Alola||FocusSash|SnowWarning|Blizzard,IcyWind,Moonblast,AuroraVeil|||F|||50|,,,,,Ghost]Kingambit||BlackGlasses|Defiant|KowtowCleave,SuckerPunch,IronHead,Protect|||M|||50|,,,,,Ghost]Sneasler||GrassySeed|Unburden|FakeOut,CloseCombat,DireClaw,Coaching|||F|||50|,,,,,Stellar
|inactive|Battle timer is ON: inactive players will automatically lose when time's up. (requested by realslim19)
|
|t:|1754244406
|teamsize|p1|4
|teamsize|p2|4
|start
|switch|p1a: Torkoal|Torkoal, L50, F|100/100
|switch|p1b: Jumpluff|Jumpluff, L50, M|100/100
|switch|p2a: Seam|Clefairy, L50, M, shiny|100/100
|switch|p2b: Blake|Kommo-o, L50, M, shiny|100/100
|-weather|SunnyDay|[from] ability: Drought|[of] p1a: Torkoal
|turn|1
|inactive|realslim19 has 30 seconds left.
|
|t:|1754244434
|move|p2a: Seam|Protect|p2a: Seam
|-singleturn|p2a: Seam|Protect
|move|p1b: Jumpluff|Sleep Powder|p2a: Seam
|-activate|p2a: Seam|move: Protect
|move|p2b: Blake|Clangorous Soul|p2b: Blake
|-boost|p2b: Blake|atk|1
|-boost|p2b: Blake|def|1
|-boost|p2b: Blake|spa|1
|-boost|p2b: Blake|spd|1
|-boost|p2b: Blake|spe|1
|-damage|p2b: Blake|68/100
|-enditem|p2b: Blake|Throat Spray
|-boost|p2b: Blake|spa|1|[from] item: Throat Spray
|move|p1a: Torkoal|Burning Jealousy|p2b: Blake|[spread] p2b
|-activate|p2a: Seam|move: Protect
|-resisted|p2b: Blake
|-damage|p2b: Blake|58/100
|-status|p2b: Blake|brn
|
|-weather|SunnyDay|[upkeep]
|-damage|p2b: Blake|52/100 brn|[from] brn
|upkeep
|turn|2
|inactive|realslim19 has 30 seconds left.
|inactive|realslim19 has 20 seconds left.
|inactive|realslim19 has 15 seconds left.
|
|t:|1754244476
|move|p1a: Torkoal|Protect|p1a: Torkoal
|-singleturn|p1a: Torkoal|Protect
|move|p2a: Seam|Follow Me|p2a: Seam
|-singleturn|p2a: Seam|move: Follow Me
|move|p1b: Jumpluff|Sleep Powder|p2a: Seam|[miss]
|-miss|p1b: Jumpluff|p2a: Seam
|move|p2b: Blake|Clanging Scales|p1a: Torkoal|[spread] p1b
|-activate|p1a: Torkoal|move: Protect
|-damage|p1b: Jumpluff|31/100
|-unboost|p2b: Blake|def|1
|
|-weather|SunnyDay|[upkeep]
|-damage|p2b: Blake|46/100 brn|[from] brn
|upkeep
|turn|3
|
|t:|1754244498
|move|p2a: Seam|Helping Hand|p2b: Blake
|-singleturn|p2b: Blake|Helping Hand|[of] p2a: Seam
|move|p1b: Jumpluff|Tailwind|p1b: Jumpluff
|-sidestart|p1: realslim19|move: Tailwind
|move|p2b: Blake|Clanging Scales|p1a: Torkoal|[spread] p1a,p1b
|-damage|p1a: Torkoal|0 fnt
|-damage|p1b: Jumpluff|0 fnt
|faint|p1a: Torkoal
|faint|p1b: Jumpluff
|-unboost|p2b: Blake|def|1
|
|-weather|SunnyDay|[upkeep]
|-damage|p2b: Blake|40/100 brn|[from] brn
|upkeep
|
|t:|1754244505
|switch|p1b: Dragonite|Dragonite, L50, M|100/100
|switch|p1a: Typhlosion|Typhlosion-Hisui, L50, M|100/100
|turn|4
|inactive|realslim19 has 30 seconds left.
|
|t:|1754244531
|-terastallize|p1a: Typhlosion|Fire
|move|p2b: Blake|Protect|p2b: Blake
|-singleturn|p2b: Blake|Protect
|move|p1a: Typhlosion|Eruption|p2b: Blake|[spread] p2a
|-activate|p2b: Blake|move: Protect
|-damage|p2a: Seam|0 fnt
|faint|p2a: Seam
|move|p1b: Dragonite|Fire Punch|p2b: Blake
|-activate|p2b: Blake|move: Protect
|
|-weather|SunnyDay|[upkeep]
|-damage|p2b: Blake|34/100 brn|[from] brn
|upkeep
|
|t:|1754244542
|switch|p2a: AJ|Rillaboom, L50, M, shiny|100/100
|-fieldstart|move: Grassy Terrain|[from] ability: Grassy Surge|[of] p2a: AJ
|turn|5
|
|t:|1754244557
|switch|p2b: Ninetales|Ninetales-Alola, L50, F, shiny|100/100
|-weather|Snowscape|[from] ability: Snow Warning|[of] p2b: Ninetales
|-terastallize|p2a: AJ|Fire
|move|p2a: AJ|Fake Out|p1a: Typhlosion
|-crit|p1a: Typhlosion
|-damage|p1a: Typhlosion|70/100
|cant|p1a: Typhlosion|flinch
|move|p1b: Dragonite|Fire Punch|p2b: Ninetales
|-supereffective|p2b: Ninetales
|-damage|p2b: Ninetales|12/100
|
|-weather|Snowscape|[upkeep]
|-heal|p1a: Typhlosion|76/100|[from] Grassy Terrain
|-heal|p2b: Ninetales|18/100|[from] Grassy Terrain
|upkeep
|turn|6
|
|t:|1754244573
|move|p1a: Typhlosion|Eruption|p2a: AJ|[spread] p2a,p2b
|-resisted|p2a: AJ
|-supereffective|p2b: Ninetales
|-damage|p2a: AJ|68/100
|-damage|p2b: Ninetales|0 fnt
|faint|p2b: Ninetales
|move|p1b: Dragonite|Fire Punch|p2a: AJ
|-resisted|p2a: AJ
|-damage|p2a: AJ|47/100
|move|p2a: AJ|Wood Hammer|p1a: Typhlosion
|-resisted|p1a: Typhlosion
|-damage|p1a: Typhlosion|19/100
|-damage|p2a: AJ|34/100|[from] Recoil
|
|-weather|Snowscape|[upkeep]
|-heal|p1a: Typhlosion|25/100|[from] Grassy Terrain
|-heal|p2a: AJ|40/100|[from] Grassy Terrain
|-sideend|p1: realslim19|move: Tailwind
|upkeep
|
|t:|1754244577
|switch|p2b: Blake|Kommo-o, L50, M, shiny|34/100 brn
|turn|7
|
|t:|1754244586
|move|p2a: AJ|Grassy Glide|p1a: Typhlosion
|-resisted|p1a: Typhlosion
|-damage|p1a: Typhlosion|0 fnt
|faint|p1a: Typhlosion
|move|p2b: Blake|Clanging Scales|p1b: Dragonite
|-supereffective|p1b: Dragonite
|-damage|p1b: Dragonite|13/100
|-unboost|p2b: Blake|def|1
|move|p1b: Dragonite|Fire Punch|p2b: Blake
|-resisted|p2b: Blake
|-damage|p2b: Blake|0 fnt
|faint|p2b: Blake
|
|-weather|Snowscape|[upkeep]
|-heal|p2a: AJ|45/100|[from] Grassy Terrain
|upkeep
|turn|8
|
|t:|1754244596
|move|p2a: AJ|Wood Hammer|p1b: Dragonite
|-resisted|p1b: Dragonite
|-damage|p1b: Dragonite|0 fnt
|faint|p1b: Dragonite
|-damage|p2a: AJ|42/100|[from] Recoil
|
|win|dracojackson
|raw|realslim19's rating: 1253 → 1227(-26 for losing)
|raw|dracojackson's rating: 1242 → 1268(+26 for winning)
|l|☆realslim19
|player|p1|
