|j|☆Iceman5687
|j|☆kigokigo
|html|Iceman5687kigokigo    
|uhtml|bestof|Game 1 of a best-of-3
|t:|1782646956
|gametype|doubles
|player|p1|Iceman5687|169|1170
|player|p2|kigokigo|2|1068
|gen|9
|tier|[Gen 9 Champions] VGC 2026 Reg M-B (Bo3)
|rated|
|rule|Species Clause: Limit one of each Pokémon
|rule|Item Clause: Limit 1 of each item
|clearpoke
|poke|p1|Floette-Eternal, L50, F|
|poke|p1|Charizard, L50, F|
|poke|p1|Kingambit, L50, M|
|poke|p1|Whimsicott, L50, F|
|poke|p1|Basculegion, L50, M|
|poke|p1|Garchomp, L50, F|
|poke|p2|Raichu, L50, F|
|poke|p2|Gholdengo, L50|
|poke|p2|Grimmsnarl, L50, M|
|poke|p2|Incineroar, L50, F|
|poke|p2|Serperior, L50, M|
|poke|p2|Staraptor, L50, F|
|teampreview|4
|showteam|p1|Floette-Eternal||Floettite|FlowerVeil|LightofRuin,Moonblast,DazzlingGleam,Protect|Modest||F|||50|]Charizard||CharizarditeY|Blaze|SolarBeam,HeatWave,WeatherBall,Protect|Modest||F|||50|]Kingambit||ChopleBerry|Defiant|IronHead,LowKick,KowtowCleave,SuckerPunch|Adamant||M|||50|]Whimsicott||FocusSash|Prankster|Moonblast,Tailwind,Encore,Protect|Timid||F|||50|]Basculegion||LifeOrb|Adaptability|WaveCrash,Protect,LastRespects,AquaJet|Adamant||M|||50|]Garchomp||RoseliBerry|RoughSkin|Earthquake,RockSlide,PoisonJab,DragonClaw|Adamant||F|||50|
|showteam|p2|Raichu||RaichuniteY|Static|ZapCannon,FocusBlast,Protect,FakeOut|Hasty||F|||50|]Gholdengo||LifeOrb|GoodasGold|NastyPlot,MakeItRain,ShadowBall,Protect|Timid|||||50|]Grimmsnarl||LightClay|Prankster|LightScreen,Reflect,PartingShot,FakeOut|Calm||M|||50|]Incineroar||ChopleBerry|Intimidate|FakeOut,PartingShot,FlareBlitz,DarkestLariat|Adamant||F|||50|]Serperior||SitrusBerry|Contrary|LeafStorm,Protect,DragonPulse,Synthesis|Timid||M|||50|]Staraptor||Staraptite|Intimidate|CloseCombat,BraveBird,Roost,Protect|Adamant||F|||50|
|inactive|Battle timer is ON: inactive players will automatically lose when time's up. (requested by kigokigo)
|inactive|Iceman5687 has 60 seconds left.
|
|t:|1782647021
|teamsize|p1|4
|teamsize|p2|4
|start
|switch|p1a: Whimsicott|Whimsicott, L50, F|100/100
|switch|p1b: Charizard|Charizard, L50, F|100/100
|switch|p2a: Grimmsnarl|Grimmsnarl, L50, M|100/100
|switch|p2b: Serperior|Serperior, L50, M|100/100
|turn|1
|inactive|kigokigo has 30 seconds left.
|
|t:|1782647049
|move|p1b: Charizard|Protect|p1b: Charizard
|-singleturn|p1b: Charizard|Protect
|move|p2a: Grimmsnarl|Fake Out|p1b: Charizard
|-activate|p1b: Charizard|move: Protect
|move|p1a: Whimsicott|Moonblast|p2a: Grimmsnarl
|-supereffective|p2a: Grimmsnarl|1
|-damage|p2a: Grimmsnarl|54/100
|move|p2b: Serperior|Leaf Storm|p1a: Whimsicott
|-resisted|p1a: Whimsicott|1
|-damage|p1a: Whimsicott|63/100
|-boost|p2b: Serperior|spa|2
|
|upkeep
|turn|2
|inactive|Iceman5687 has 30 seconds left.
|
|t:|1782647074
|detailschange|p1b: Charizard|Charizard-Mega-Y, L50, F
|-mega|p1b: Charizard|Charizard|Charizardite Y
|-weather|SunnyDay|[from] ability: Drought|[of] p1b: Charizard
|move|p2b: Serperior|Protect|p2b: Serperior
|-singleturn|p2b: Serperior|Protect
|move|p1a: Whimsicott|Tailwind|p1a: Whimsicott
|-sidestart|p1: Iceman5687|move: Tailwind
|move|p2a: Grimmsnarl|Parting Shot|p1b: Charizard
|-unboost|p1b: Charizard|atk|1
|-unboost|p1b: Charizard|spa|1
|
|t:|1782647083
|switch|p2a: Incineroar|Incineroar, L50, F|100/100|[from] Parting Shot
|-ability|p2a: Incineroar|Intimidate|boost
|-unboost|p1a: Whimsicott|atk|1
|-unboost|p1b: Charizard|atk|1
|move|p1b: Charizard|Weather Ball|p2b: Serperior
|-activate|p2b: Serperior|move: Protect
|
|-weather|SunnyDay|[upkeep]
|upkeep
|turn|3
|inactive|kigokigo has 30 seconds left.
|inactive|kigokigo has 20 seconds left.
|inactive|kigokigo has 15 seconds left.
|
|t:|1782647127
|move|p2b: Serperior|Protect||[still]
|-fail|p2b: Serperior
|move|p1a: Whimsicott|Encore|p2b: Serperior
|-start|p2b: Serperior|Encore
|move|p1b: Charizard|Weather Ball|p2b: Serperior
|-supereffective|p2b: Serperior|1
|-damage|p2b: Serperior|0 fnt
|faint|p2b: Serperior
|move|p2a: Incineroar|Flare Blitz|p1a: Whimsicott
|-supereffective|p1a: Whimsicott|1
|-damage|p1a: Whimsicott|0 fnt
|faint|p1a: Whimsicott
|-damage|p2a: Incineroar|85/100|[from] Recoil
|
|-weather|SunnyDay|[upkeep]
|upkeep
|
|t:|1782647140
|switch|p1a: Garchomp|Garchomp, L50, F|100/100
|switch|p2b: Staraptor|Staraptor, L50, F|100/100
|-ability|p2b: Staraptor|Intimidate|boost
|-unboost|p1a: Garchomp|atk|1
|-unboost|p1b: Charizard|atk|1
|turn|4
|
|t:|1782647159
|move|p2b: Staraptor|Protect|p2b: Staraptor
|-singleturn|p2b: Staraptor|Protect
|move|p1a: Garchomp|Rock Slide|p2a: Incineroar|[spread] p2a
|-activate|p2b: Staraptor|move: Protect
|-supereffective|p2a: Incineroar|1
|-damage|p2a: Incineroar|61/100
|move|p1b: Charizard|Weather Ball|p2b: Staraptor
|-activate|p2b: Staraptor|move: Protect
|move|p2a: Incineroar|Parting Shot|p1b: Charizard
|-unboost|p1b: Charizard|atk|1
|-unboost|p1b: Charizard|spa|1
|
|t:|1782647172
|switch|p2a: Grimmsnarl|Grimmsnarl, L50, M|54/100|[from] Parting Shot
|
|-weather|SunnyDay|[upkeep]
|upkeep
|turn|5
|
|t:|1782647184
|detailschange|p2b: Staraptor|Staraptor-Mega, L50, F
|-mega|p2b: Staraptor|Staraptor|Staraptite
|move|p2a: Grimmsnarl|Fake Out|p1b: Charizard
|-damage|p1b: Charizard|88/100
|move|p1a: Garchomp|Rock Slide|p2b: Staraptor|[spread] p2a,p2b
|-damage|p2a: Grimmsnarl|39/100
|-damage|p2b: Staraptor|87/100
|cant|p1b: Charizard|flinch
|cant|p2b: Staraptor|flinch
|
|-weather|SunnyDay|[upkeep]
|-sideend|p1: Iceman5687|move: Tailwind
|upkeep
|turn|6
|
|t:|1782647206
|switch|p1b: Kingambit|Kingambit, L50, M|100/100
|move|p2a: Grimmsnarl|Parting Shot|p1b: Kingambit
|-hint|Since gen 7, Dark is immune to Prankster moves.
|-immune|p1b: Kingambit
|move|p1a: Garchomp|Rock Slide|p2b: Staraptor|[spread] p2a,p2b
|-damage|p2a: Grimmsnarl|24/100
|-damage|p2b: Staraptor|74/100
|move|p2b: Staraptor|Close Combat|p1a: Garchomp
|-damage|p1a: Garchomp|38/100
|-boost|p2b: Staraptor|def|1
|-boost|p2b: Staraptor|spd|1
|-damage|p2b: Staraptor|62/100|[from] ability: Rough Skin|[of] p1a: Garchomp
|
|-weather|none
|upkeep
|turn|7
|inactive|Iceman5687 has 30 seconds left.
|inactive|kigokigo has 30 seconds left.
|
|t:|1782647236
|move|p2a: Grimmsnarl|Reflect|p2a: Grimmsnarl
|-sidestart|p2: kigokigo|Reflect
|move|p1b: Kingambit|Sucker Punch|p2b: Staraptor
|-resisted|p2b: Staraptor|1
|-damage|p2b: Staraptor|55/100
|move|p1a: Garchomp|Rock Slide|p2b: Staraptor|[spread] p2a
|-miss|p1a: Garchomp|p2b: Staraptor
|-damage|p2a: Grimmsnarl|14/100
|move|p2b: Staraptor|Close Combat|p1b: Kingambit
|-supereffective|p1b: Kingambit|2
|-enditem|p1b: Kingambit|Chople Berry|[eat]
|-enditem|p1b: Kingambit|Chople Berry|[weaken]
|-damage|p1b: Kingambit|0 fnt
|-boost|p2b: Staraptor|def|1
|-boost|p2b: Staraptor|spd|1
|faint|p1b: Kingambit
|
|upkeep
|
|t:|1782647241
|switch|p1b: Charizard|Charizard-Mega-Y, L50, F|88/100
|-weather|SunnyDay|[from] ability: Drought|[of] p1b: Charizard
|turn|8
|
|t:|1782647256
|move|p2b: Staraptor|Protect|p2b: Staraptor
|-singleturn|p2b: Staraptor|Protect
|move|p2a: Grimmsnarl|Parting Shot|p1b: Charizard
|-unboost|p1b: Charizard|atk|1
|-unboost|p1b: Charizard|spa|1
|
|t:|1782647262
|switch|p2a: Incineroar|Incineroar, L50, F|61/100|[from] Parting Shot
|-ability|p2a: Incineroar|Intimidate|boost
|-unboost|p1a: Garchomp|atk|1
|-unboost|p1b: Charizard|atk|1
|move|p1a: Garchomp|Rock Slide|p2a: Incineroar|[spread] p2a
|-activate|p2b: Staraptor|move: Protect
|-supereffective|p2a: Incineroar|1
|-damage|p2a: Incineroar|48/100
|move|p1b: Charizard|Heat Wave|p2a: Incineroar|[spread] 
|-activate|p2b: Staraptor|move: Protect
|-miss|p1b: Charizard|p2a: Incineroar
|
|-weather|SunnyDay|[upkeep]
|upkeep
|turn|9
|-message|Iceman5687 forfeited.
|raw|Iceman5687's rating: 1170 → 1138(-32 for losing)
|raw|kigokigo's rating: 1068 → 1106(+38 for winning)
|
|win|kigokigo
