|j|☆sweetlysunny
|j|☆andrewcips
|html|sweetlysunnyandrewcips    
|uhtml|bestof|Game 2 of a best-of-3
|t:|1783878495
|gametype|doubles
|player|p1|sweetlysunny|serena|1199
|player|p2|andrewcips|alder|1221
|gen|9
|tier|[Gen 9 Champions] VGC 2026 Reg M-B (Bo3)
|rated|
|rule|Species Clause: Limit one of each Pokémon
|rule|Item Clause: Limit 1 of each item
|clearpoke
|poke|p1|Torkoal, L50, M|
|poke|p1|Pyroar, L50, F|
|poke|p1|Vileplume, L50, F|
|poke|p1|Scrafty, L50, F|
|poke|p1|Farigiraf, L50, M|
|poke|p1|Sylveon, L50, M|
|poke|p2|Charizard, L50, M|
|poke|p2|Whimsicott, L50, F|
|poke|p2|Basculegion, L50, M|
|poke|p2|Kingambit, L50, F|
|poke|p2|Garchomp, L50, M|
|poke|p2|Sneasler, L50, M|
|teampreview|4
|showteam|p1|Torkoal||Charcoal|Drought|HeatWave,Eruption,HelpingHand,Protect|Quiet||M|||50|]Pyroar||Pyroarite|Unnerve|HeatWave,Overheat,ScorchingSands,Protect|Timid||F|||50|]Vileplume||FocusSash|Chlorophyll|EnergyBall,SludgeBomb,SleepPowder,AfterYou|Timid||F|||50|]Scrafty||Scraftinite|Intimidate|FakeOut,CloseCombat,PoisonJab,KnockOff|Brave||F|||50|]Farigiraf||SitrusBerry|ArmorTail|HyperVoice,Psychic,HelpingHand,TrickRoom|Bold||M|||50|]Sylveon||FairyFeather|Pixilate|HyperVoice,HyperBeam,QuickAttack,Protect|Quiet||M|||50|
|showteam|p2|Charizard||CharizarditeY|Blaze|HeatWave,WeatherBall,SolarBeam,Protect|Modest||M|||50|]Whimsicott||FocusSash|Prankster|Moonblast,Tailwind,Encore,Protect|Timid||F|||50|]Basculegion||MysticWater|Adaptability|WaveCrash,AquaJet,LastRespects,Protect|Adamant||M|||50|]Kingambit||OccaBerry|Defiant|IronHead,LowKick,KowtowCleave,SuckerPunch|Adamant||F|||50|]Garchomp||LifeOrb|RoughSkin|StompingTantrum,RockSlide,DragonClaw,Protect|Jolly||M|||50|]Sneasler||WhiteHerb|Unburden|FakeOut,CloseCombat,DireClaw,Protect|Adamant||M|||50|
|inactive|Battle timer is ON: inactive players will automatically lose when time's up. (requested by sweetlysunny)
|inactive|andrewcips has 60 seconds left.
|inactive|andrewcips has 30 seconds left.
|inactive|andrewcips has 20 seconds left.
|inactive|andrewcips has 15 seconds left.
|
|t:|1783878576
|teamsize|p1|4
|teamsize|p2|4
|start
|switch|p1a: Farigiraf|Farigiraf, L50, M|100/100
|switch|p1b: Scrafty|Scrafty, L50, F|100/100
|switch|p2a: Basculegion|Basculegion, L50, M|100/100
|switch|p2b: Charizard|Charizard, L50, M|100/100
|-ability|p1b: Scrafty|Intimidate|boost
|-unboost|p2a: Basculegion|atk|1
|-unboost|p2b: Charizard|atk|1
|turn|1
|
|t:|1783878590
|detailschange|p2b: Charizard|Charizard-Mega-Y, L50, M
|-mega|p2b: Charizard|Charizard|Charizardite Y
|-weather|SunnyDay|[from] ability: Drought|[of] p2b: Charizard
|detailschange|p1b: Scrafty|Scrafty-Mega, L50, F
|-mega|p1b: Scrafty|Scrafty|Scraftinite
|-ability|p1b: Scrafty|Intimidate|boost
|-unboost|p2a: Basculegion|atk|1
|-unboost|p2b: Charizard|atk|1
|move|p1b: Scrafty|Fake Out|p2b: Charizard
|-damage|p2b: Charizard|84/100
|cant|p2b: Charizard|flinch
|move|p2a: Basculegion|Wave Crash|p1b: Scrafty
|-damage|p1b: Scrafty|81/100
|-damage|p2a: Basculegion|94/100|[from] Recoil
|move|p1a: Farigiraf|Trick Room|p1a: Farigiraf
|-fieldstart|move: Trick Room|[of] p1a: Farigiraf
|
|-weather|SunnyDay|[upkeep]
|upkeep
|turn|2
|
|t:|1783878616
|switch|p2a: Kingambit|Kingambit, L50, F|100/100
|move|p1b: Scrafty|Knock Off|p2b: Charizard
|-damage|p2b: Charizard|49/100
|move|p1a: Farigiraf|Psychic|p2b: Charizard
|-damage|p2b: Charizard|18/100
|move|p2b: Charizard|Weather Ball|p1a: Farigiraf
|-damage|p1a: Farigiraf|9/100
|-enditem|p1a: Farigiraf|Sitrus Berry|[eat]
|-heal|p1a: Farigiraf|34/100|[from] item: Sitrus Berry
|
|-weather|SunnyDay|[upkeep]
|upkeep
|turn|3
|inactive|andrewcips has 30 seconds left.
|
|t:|1783878643
|move|p2a: Kingambit|Kowtow Cleave|p1a: Farigiraf
|-supereffective|p1a: Farigiraf|1
|-damage|p1a: Farigiraf|0 fnt
|faint|p1a: Farigiraf
|move|p1b: Scrafty|Close Combat|p2a: Kingambit
|-supereffective|p2a: Kingambit|2
|-damage|p2a: Kingambit|0 fnt
|-unboost|p1b: Scrafty|def|1
|-unboost|p1b: Scrafty|spd|1
|faint|p2a: Kingambit
|move|p2b: Charizard|Weather Ball|p1b: Scrafty
|-damage|p1b: Scrafty|0 fnt
|faint|p1b: Scrafty
|
|-weather|SunnyDay|[upkeep]
|upkeep
|
|t:|1783878658
|switch|p2a: Basculegion|Basculegion, L50, M|94/100
|switch|p1b: Sylveon|Sylveon, L50, M|100/100
|switch|p1a: Torkoal|Torkoal, L50, M|100/100
|turn|4
|
|t:|1783878668
|move|p2a: Basculegion|Protect|p2a: Basculegion
|-singleturn|p2a: Basculegion|Protect
|move|p2b: Charizard|Protect|p2b: Charizard
|-singleturn|p2b: Charizard|Protect
|move|p1a: Torkoal|Eruption|p2a: Basculegion|[spread] 
|-activate|p2a: Basculegion|move: Protect
|-activate|p2b: Charizard|move: Protect
|move|p1b: Sylveon|Hyper Voice|p2b: Charizard|[spread] 
|-activate|p2a: Basculegion|move: Protect
|-activate|p2b: Charizard|move: Protect
|
|-weather|SunnyDay|[upkeep]
|upkeep
|turn|5
|
|t:|1783878692
|move|p2b: Charizard|Protect|p2b: Charizard
|-singleturn|p2b: Charizard|Protect
|move|p1a: Torkoal|Eruption|p2b: Charizard|[spread] p2a
|-activate|p2b: Charizard|move: Protect
|-resisted|p2a: Basculegion|1
|-damage|p2a: Basculegion|52/100
|move|p1b: Sylveon|Hyper Voice|p2a: Basculegion|[spread] p2a
|-activate|p2b: Charizard|move: Protect
|-damage|p2a: Basculegion|3/100
|move|p2a: Basculegion|Last Respects|p1b: Sylveon
|-damage|p1b: Sylveon|20/100y
|
|-weather|none
|-fieldend|move: Trick Room
|upkeep
|turn|6
|
|t:|1783878714
|switch|p2a: Garchomp|Garchomp, L50, M|100/100
|move|p1b: Sylveon|Quick Attack|p2a: Garchomp
|-supereffective|p2a: Garchomp|1
|-damage|p2a: Garchomp|69/100
|-damage|p1b: Sylveon|8/100|[from] ability: Rough Skin|[of] p2a: Garchomp
|move|p2b: Charizard|Weather Ball|p1b: Sylveon
|-damage|p1b: Sylveon|0 fnt
|faint|p1b: Sylveon
|move|p1a: Torkoal|Heat Wave|p2b: Charizard|[spread] p2a
|-miss|p1a: Torkoal|p2b: Charizard
|-resisted|p2a: Garchomp|1
|-damage|p2a: Garchomp|48/100
|
|upkeep
|turn|7
|
|t:|1783878728
|move|p2a: Garchomp|Stomping Tantrum|p1a: Torkoal
|-supereffective|p1a: Torkoal|1
|-damage|p1a: Torkoal|16/100
|-damage|p2a: Garchomp|38/100|[from] item: Life Orb
|move|p2b: Charizard|Weather Ball|p1a: Torkoal
|-damage|p1a: Torkoal|0 fnt
|faint|p1a: Torkoal
|
|win|andrewcips
||andrewcips is ready for game 3.
||sweetlysunny is ready for game 3.
|uhtml|next|Next: Game 3 of 3
