|j|☆BOOMBOOMiO2
|j|☆Fuin
|html|BOOMBOOMiO2Fuin    
|uhtml|bestof|Game 1 of a best-of-3
|t:|1757919371
|gametype|doubles
|player|p1|BOOMBOOMiO2|265|1146
|player|p2|Fuin|101|1040
|gen|9
|tier|[Gen 9] VGC 2025 Reg H (Bo3)
|rated|
|rule|Species Clause: Limit one of each Pokémon
|rule|Item Clause: Limit 1 of each item
|clearpoke
|poke|p1|Archaludon, L50, F|
|poke|p1|Dragonite, L50, M|
|poke|p1|Pelipper, L50, M|
|poke|p1|Ursaluna, L50, M|
|poke|p1|Sinistcha, L50|
|poke|p1|Gholdengo, L50|
|poke|p2|Grafaiai, L50, F|
|poke|p2|Mudsdale, L50, F|
|poke|p2|Incineroar, L50, M|
|poke|p2|Gholdengo, L50|
|poke|p2|Avalugg, L50, M|
|poke|p2|Ursaluna-Bloodmoon, L50, M|
|teampreview|4
|showteam|p1|Archaludon||AssaultVest|Stamina|FlashCannon,BodyPress,ElectroShot,Snarl|||F|||50|,,,,,Fighting]Dragonite||LoadedDice|Multiscale|Protect,Tailwind,Haze,ScaleShot|||M|||50|,,,,,Fairy]Pelipper||FocusSash|Drizzle|Protect,Hurricane,MuddyWater,WideGuard|||M|||50|,,,,,Ghost]Ursaluna||FlameOrb|Guts|Protect,HeadlongRush,Earthquake,Facade|||M|||50|,,,,,Ghost]Sinistcha||SitrusBerry|Hospitality|MatchaGotcha,LifeDew,RagePowder,TrickRoom||||||50|,,,,,Dark]Gholdengo||ChoiceScarf|GoodasGold|MakeItRain,ShadowBall,Trick,Protect||||||50|,,,,,Flying
|showteam|p2|Grafaiai||FocusSash|Prankster|FoulPlay,PartingShot,HelpingHand,Swagger|||F|||50|,,,,,Dark]Mudsdale||ChoiceBand|OwnTempo|StompingTantrum,LashOut,IronHead,RockSlide|||F|||50|,,,,,Ground]Incineroar||SafetyGoggles|Intimidate|PartingShot,FakeOut,TemperFlare,KnockOff|||M|||50|,,,,,Fire]Gholdengo||AssaultVest|GoodasGold|MakeItRain,ShadowBall,Thunderbolt,Psyshock||||||50|,,,,,Steel]Avalugg||LifeOrb|OwnTempo|IcicleCrash,BodyPress,HighHorsepower,GyroBall|||M|||50|,,,,,Fighting]Ursaluna-Bloodmoon||ChoiceSpecs|MindsEye|BloodMoon,HyperVoice,Snarl,Moonblast|||M|||50|,,,,,Normal
|inactive|Battle timer is ON: inactive players will automatically lose when time's up. (requested by BOOMBOOMiO2)
|inactive|BOOMBOOMiO2 has 60 seconds left.
|
|t:|1757919428
|teamsize|p1|4
|teamsize|p2|4
|start
|switch|p1a: Dragonite|Dragonite, L50, M|100/100
|switch|p1b: Pelipper|Pelipper, L50, M|100/100
|switch|p2a: Grafaiai|Grafaiai, L50, F|100/100
|switch|p2b: Mudsdale|Mudsdale, L50, F|100/100
|-weather|RainDance|[from] ability: Drizzle|[of] p1b: Pelipper
|turn|1
|
|t:|1757919449
|move|p1a: Dragonite|Protect|p1a: Dragonite
|-singleturn|p1a: Dragonite|Protect
|move|p2a: Grafaiai|Swagger|p2b: Mudsdale
|-boost|p2b: Mudsdale|atk|2
|-immune|p2b: Mudsdale|confusion|[from] ability: Own Tempo
|move|p1b: Pelipper|Muddy Water|p2a: Grafaiai|[spread] p2a,p2b
|-supereffective|p2b: Mudsdale
|-damage|p2a: Grafaiai|59/100
|-damage|p2b: Mudsdale|15/100
|move|p2b: Mudsdale|Rock Slide|p1a: Dragonite|[spread] p1b
|-activate|p1a: Dragonite|move: Protect
|-supereffective|p1b: Pelipper
|-enditem|p1b: Pelipper|Focus Sash
|-damage|p1b: Pelipper|1/100
|
|-weather|RainDance|[upkeep]
|upkeep
|turn|2
|inactive|Fuin has 30 seconds left.
|
|t:|1757919476
|move|p2a: Grafaiai|Parting Shot|p1a: Dragonite
|-unboost|p1a: Dragonite|atk|1
|-unboost|p1a: Dragonite|spa|1
|
|t:|1757919480
|switch|p2a: Gholdengo|Gholdengo, L50|100/100|[from] Parting Shot
|move|p1a: Dragonite|Scale Shot|p2b: Mudsdale
|-damage|p2b: Mudsdale|7/100
|-damage|p2b: Mudsdale|0 fnt
|faint|p2b: Mudsdale
|-hitcount|p2: Mudsdale|2
|-unboost|p1a: Dragonite|def|1
|-boost|p1a: Dragonite|spe|1
|move|p1b: Pelipper|Muddy Water|p2a: Gholdengo|[miss]
|-miss|p1b: Pelipper|p2a: Gholdengo
|
|-weather|RainDance|[upkeep]
|upkeep
|
|t:|1757919499
|switch|p2b: Grafaiai|Grafaiai, L50, F|59/100
|turn|3
|
|t:|1757919516
|move|p1a: Dragonite|Tailwind|p1a: Dragonite
|-sidestart|p1: BOOMBOOMiO2|move: Tailwind
|move|p1b: Pelipper|Muddy Water|p2b: Grafaiai|[spread] p2a,p2b
|-damage|p2a: Gholdengo|68/100
|-damage|p2b: Grafaiai|20/100
|-unboost|p2b: Grafaiai|accuracy|1
|move|p2a: Gholdengo|Make It Rain|p1a: Dragonite|[spread] p1a,p1b
|-resisted|p1b: Pelipper
|-damage|p1a: Dragonite|77/100
|-damage|p1b: Pelipper|0 fnt
|-unboost|p2a: Gholdengo|spa|1
|faint|p1b: Pelipper
|move|p2b: Grafaiai|Foul Play|p1a: Dragonite
|-damage|p1a: Dragonite|36/100
|
|-weather|RainDance|[upkeep]
|upkeep
|
|t:|1757919527
|switch|p1b: Archaludon|Archaludon, L50, F|100/100
|turn|4
|inactive|Fuin has 30 seconds left.
|
|t:|1757919553
|switch|p1a: Ursaluna|Ursaluna, L50, M|100/100
|move|p2b: Grafaiai|Parting Shot|p1b: Archaludon
|-unboost|p1b: Archaludon|atk|1
|-unboost|p1b: Archaludon|spa|1
|
|t:|1757919558
|switch|p2b: Incineroar|Incineroar, L50, M|100/100|[from] Parting Shot
|-ability|p2b: Incineroar|Intimidate|boost
|-unboost|p1a: Ursaluna|atk|1
|-unboost|p1b: Archaludon|atk|1
|move|p1b: Archaludon|Snarl|p2a: Gholdengo|[spread] p2a,p2b
|-supereffective|p2a: Gholdengo
|-resisted|p2b: Incineroar
|-damage|p2a: Gholdengo|54/100
|-damage|p2b: Incineroar|95/100
|-unboost|p2a: Gholdengo|spa|1
|-unboost|p2b: Incineroar|spa|1
|move|p2a: Gholdengo|Make It Rain|p1b: Archaludon|[spread] p1a,p1b
|-resisted|p1b: Archaludon
|-damage|p1a: Ursaluna|79/100
|-damage|p1b: Archaludon|92/100
|-unboost|p2a: Gholdengo|spa|1
|-ability|p1b: Archaludon|Stamina|boost
|-boost|p1b: Archaludon|def|1
|
|-weather|RainDance|[upkeep]
|-status|p1a: Ursaluna|brn|[from] item: Flame Orb
|upkeep
|turn|5
|inactive|Fuin has 30 seconds left.
|
|t:|1757919587
|switch|p1b: Dragonite|Dragonite, L50, M|36/100
|switch|p2a: Grafaiai|Grafaiai, L50, F|20/100
|-terastallize|p1a: Ursaluna|Ghost
|move|p2b: Incineroar|Fake Out|p1a: Ursaluna
|-immune|p1a: Ursaluna
|move|p1a: Ursaluna|Earthquake|p2a: Grafaiai|[spread] p2a,p2b
|-immune|p1b: Dragonite
|-supereffective|p2a: Grafaiai
|-supereffective|p2b: Incineroar
|-damage|p2a: Grafaiai|0 fnt
|-damage|p2b: Incineroar|0 fnt
|faint|p2a: Grafaiai
|faint|p2b: Incineroar
|
|-weather|none
|-damage|p1a: Ursaluna|73/100 brn|[from] brn
|upkeep
|
|t:|1757919609
|switch|p2b: Gholdengo|Gholdengo, L50|54/100
|turn|6
|
|t:|1757919616
|switch|p1b: Archaludon|Archaludon, L50, F|92/100
|move|p1a: Ursaluna|Headlong Rush|p2b: Gholdengo
|-supereffective|p2b: Gholdengo
|-damage|p2b: Gholdengo|0 fnt
|-unboost|p1a: Ursaluna|def|1
|-unboost|p1a: Ursaluna|spd|1
|faint|p2b: Gholdengo
|
|win|BOOMBOOMiO2
||BOOMBOOMiO2 is ready for game 2.
||Fuin is ready for game 2.
|uhtml|next|Next: Game 2 of 3
|l|☆BOOMBOOMiO2
|player|p1|
|l|☆Fuin
|player|p2|
