|j|☆DamEdge
|j|☆Cunning63
|html|DamEdgeCunning63    
|uhtml|bestof|Game 1 of a best-of-3
|t:|1757808502
|gametype|doubles
|player|p1|DamEdge|teamrocket|1063
|player|p2|Cunning63|palmer|1058
|gen|9
|tier|[Gen 9] VGC 2025 Reg H (Bo3)
|rated|
|rule|Species Clause: Limit one of each Pokémon
|rule|Item Clause: Limit 1 of each item
|clearpoke
|poke|p1|Cloyster, L50, F|
|poke|p1|Tyranitar, L50, F|
|poke|p1|Electabuzz, L50, F|
|poke|p1|Whimsicott, L50, M|
|poke|p1|Annihilape, L50, F|
|poke|p1|Porygon-Z, L50|
|poke|p2|Archaludon, L50, M|
|poke|p2|Basculegion, L50, M|
|poke|p2|Politoed, L50, M|
|poke|p2|Maushold-Four, L50|
|poke|p2|Ursaluna, L50, M|
|poke|p2|Incineroar, L50, F|
|teampreview|4
|showteam|p1|Cloyster||FocusSash|SkillLink|IcicleSpear,RockBlast,ShellSmash,Protect|||F|||50|,,,,,Ghost]Tyranitar||AssaultVest|SandStream|RockSlide,KnockOff,LowKick,TeraBlast|||F|||50|,,,,,Flying]Electabuzz||Eviolite|VitalSpirit|Electroweb,FollowMe,Taunt,Protect|||F|||50|,,,,,Ghost]Whimsicott||CovertCloak|Prankster|Moonblast,BeatUp,Tailwind,Encore|||M|||50|,,,,,Dark]Annihilape||SafetyGoggles|Defiant|DrainPunch,RageFist,BulkUp,Protect|||F|||50|,,,,,Fire]Porygon-Z||LifeOrb|Adaptability|TeraBlast,DarkPulse,Thunderbolt,Protect||||||50|,,,,,Ground
|showteam|p2|Archaludon||AssaultVest|Stamina|ElectroShot,BodyPress,DarkPulse,FlashCannon|||M|||50|,,,,,Ghost]Basculegion||ChoiceBand|SwiftSwim|AquaJet,WaveCrash,LastRespects,FlipTurn|||M|||50|,,,,,Grass]Politoed||Leftovers|Drizzle|Protect,Haze,MuddyWater,IceBeam|||M|||50|,,,,,Grass]Maushold-Four||FocusSash|FriendGuard|PopulationBomb,Protect,Taunt,FollowMe||||||50|,,,,,Ghost]Ursaluna||FlameOrb|Guts|Protect,Facade,HeadlongRush,Earthquake|||M|||50|,,,,,Ghost]Incineroar||SafetyGoggles|Intimidate|FakeOut,FlareBlitz,PartingShot,KnockOff|||F|||50|,,,,,Ghost
|inactive|Battle timer is ON: inactive players will automatically lose when time's up. (requested by DamEdge)
|
|t:|1757808542
|teamsize|p1|4
|teamsize|p2|4
|start
|switch|p1a: Whimsicott|Whimsicott, L50, M|100/100
|switch|p1b: Annihilape|Annihilape, L50, F|100/100
|switch|p2a: Archaludon|Archaludon, L50, M|100/100
|switch|p2b: Incineroar|Incineroar, L50, F|100/100
|-ability|p2b: Incineroar|Intimidate|boost
|-unboost|p1a: Whimsicott|atk|1
|-unboost|p1b: Annihilape|atk|1
|-ability|p1b: Annihilape|Defiant|boost
|-boost|p1b: Annihilape|atk|2
|turn|1
|
|t:|1757808567
|move|p1a: Whimsicott|Beat Up|p1b: Annihilape
|-damage|p1b: Annihilape|99/100
|-damage|p1b: Annihilape|97/100
|-damage|p1b: Annihilape|96/100
|-damage|p1b: Annihilape|93/100
|-hitcount|p1b: Annihilape|4
|move|p1b: Annihilape|Rage Fist|p2a: Archaludon
|-damage|p2a: Archaludon|0 fnt
|faint|p2a: Archaludon
|move|p2b: Incineroar|Flare Blitz|p1b: Annihilape
|-damage|p1b: Annihilape|29/100
|-damage|p2b: Incineroar|77/100|[from] Recoil
|
|upkeep
|
|t:|1757808585
|switch|p2a: Politoed|Politoed, L50, M|100/100
|-weather|RainDance|[from] ability: Drizzle|[of] p2a: Politoed
|turn|2
|
|t:|1757808598
|switch|p1a: Tyranitar|Tyranitar, L50, F|100/100
|-weather|Sandstorm|[from] ability: Sand Stream|[of] p1a: Tyranitar
|move|p1b: Annihilape|Rage Fist|p2a: Politoed
|-damage|p2a: Politoed|0 fnt
|faint|p2a: Politoed
|move|p2b: Incineroar|Parting Shot|p1a: Tyranitar
|-unboost|p1a: Tyranitar|atk|1
|-unboost|p1a: Tyranitar|spa|1
|
|t:|1757808609
|switch|p2b: Basculegion|Basculegion, L50, M|100/100|[from] Parting Shot
|
|-weather|Sandstorm|[upkeep]
|-damage|p2b: Basculegion|95/100|[from] Sandstorm
|upkeep
|
|t:|1757808615
|switch|p2a: Incineroar|Incineroar, L50, F|77/100
|-ability|p2a: Incineroar|Intimidate|boost
|-unboost|p1a: Tyranitar|atk|1
|-unboost|p1b: Annihilape|atk|1
|-ability|p1b: Annihilape|Defiant|boost
|-boost|p1b: Annihilape|atk|2
|turn|3
|
|t:|1757808630
|move|p2a: Incineroar|Fake Out|p1a: Tyranitar
|-resisted|p1a: Tyranitar
|-damage|p1a: Tyranitar|94/100
|move|p2b: Basculegion|Aqua Jet|p1b: Annihilape
|-damage|p1b: Annihilape|0 fnt
|faint|p1b: Annihilape
|cant|p1a: Tyranitar|flinch
|
|-weather|Sandstorm|[upkeep]
|-damage|p2b: Basculegion|89/100|[from] Sandstorm
|upkeep
|
|t:|1757808637
|switch|p1b: Porygon-Z|Porygon-Z, L50|100/100
|turn|4
|
|t:|1757808648
|-terastallize|p2a: Incineroar|Ghost
|move|p2b: Basculegion|Aqua Jet|p1a: Tyranitar
|-supereffective|p1a: Tyranitar
|-damage|p1a: Tyranitar|44/100
|move|p1b: Porygon-Z|Dark Pulse|p2b: Basculegion
|-supereffective|p2b: Basculegion
|-damage|p2b: Basculegion|7/100
|-damage|p1b: Porygon-Z|91/100|[from] item: Life Orb
|move|p1a: Tyranitar|Rock Slide|p2a: Incineroar|[spread] p2b
|-miss|p1a: Tyranitar|p2a: Incineroar
|-damage|p2b: Basculegion|0 fnt
|faint|p2b: Basculegion
|move|p2a: Incineroar|Knock Off|p1b: Porygon-Z
|-damage|p1b: Porygon-Z|16/100
|-enditem|p1b: Porygon-Z|Life Orb|[from] move: Knock Off|[of] p2a: Incineroar
|
|-weather|Sandstorm|[upkeep]
|-damage|p1b: Porygon-Z|10/100|[from] Sandstorm
|upkeep
|turn|5
|
|t:|1757808670
|move|p1b: Porygon-Z|Dark Pulse|p2a: Incineroar
|-supereffective|p2a: Incineroar
|-damage|p2a: Incineroar|25/100
|move|p1a: Tyranitar|Knock Off|p2a: Incineroar
|-supereffective|p2a: Incineroar
|-damage|p2a: Incineroar|0 fnt
|-enditem|p2a: Incineroar|Safety Goggles|[from] move: Knock Off|[of] p1a: Tyranitar
|faint|p2a: Incineroar
|
|win|DamEdge
||Cunning63 is ready for game 2.
||DamEdge is ready for game 2.
|uhtml|next|Next: Game 2 of 3
