|j|☆Aotius
|j|☆gaming from toilet
|html|Aotiusgaming from toilet    
|uhtml|bestof|Game 3 of a best-of-3
|t:|1757725470
|gametype|doubles
|player|p1|Aotius|170|1113
|player|p2|gaming from toilet|102|1280
|gen|9
|tier|[Gen 9] VGC 2025 Reg H (Bo3)
|rated|
|rule|Species Clause: Limit one of each Pokémon
|rule|Item Clause: Limit 1 of each item
|clearpoke
|poke|p1|Gholdengo, L50|
|poke|p1|Sneasler, L50, M|
|poke|p1|Rillaboom, L50, M|
|poke|p1|Dragonite, L50, M|
|poke|p1|Ninetales-Alola, L50, M|
|poke|p1|Arcanine-Hisui, L50, F|
|poke|p2|Dragonite, L50, F|
|poke|p2|Ursaluna-Bloodmoon, L50, M|
|poke|p2|Gholdengo, L50|
|poke|p2|Maushold-Four, L50|
|poke|p2|Annihilape, L50, M|
|poke|p2|Rillaboom, L50, F|
|teampreview|4
|showteam|p1|Gholdengo||GrassySeed|GoodasGold|NastyPlot,MakeItRain,ShadowBall,Protect||||||50|,,,,,Water]Sneasler||WhiteHerb|Unburden|CloseCombat,DireClaw,Coaching,Protect|||M|||50|,,,,,Ghost]Rillaboom||AssaultVest|GrassySurge|FakeOut,GrassyGlide,DrumBeating,HighHorsepower|||M|||50|,,,,,Fire]Dragonite||LoadedDice|Multiscale|ScaleShot,StompingTantrum,Tailwind,Protect|||M|||50|,,,,,Ground]Ninetales-Alola||FocusSash|SnowWarning|Blizzard,IcyWind,Encore,AuroraVeil|||M|||50|,,,,,Ghost]Arcanine-Hisui||ClearAmulet|Intimidate|RockSlide,FlareBlitz,ExtremeSpeed,Protect|||F|||50|,,,,,Water
|showteam|p2|Dragonite||LoadedDice|Multiscale|ScaleShot,Tailwind,Haze,Protect|||F|||50|,,,,,Fairy]Ursaluna-Bloodmoon||AssaultVest|MindsEye|BloodMoon,EarthPower,HyperVoice,VacuumWave|||M|||50|,,,,,Water]Gholdengo||LifeOrb|GoodasGold|MakeItRain,ShadowBall,NastyPlot,Protect||||||50|,,,,,Dragon]Maushold-Four||FocusSash|FriendGuard|Taunt,FollowMe,BeatUp,Protect||||||50|,,,,,Ghost]Annihilape||SitrusBerry|Defiant|RageFist,DrainPunch,BulkUp,Protect|||M|||50|,,,,,Fire]Rillaboom||MiracleSeed|GrassySurge|WoodHammer,GrassyGlide,HighHorsepower,FakeOut|||F|||50|,,,,,Fire
|inactive|Battle timer is ON: inactive players will automatically lose when time's up. (requested by gaming from toilet)
|inactive|gaming from toilet has 60 seconds left.
|
|t:|1757725518
|teamsize|p1|4
|teamsize|p2|4
|start
|switch|p1a: Sneasler|Sneasler, L50, M|100/100
|switch|p1b: Dragonite|Dragonite, L50, M|100/100
|switch|p2a: Dragonite|Dragonite, L50, F|100/100
|switch|p2b: Ursaluna|Ursaluna-Bloodmoon, L50, M|100/100
|turn|1
|inactive|Aotius has 30 seconds left.
|
|t:|1757725549
|-terastallize|p2a: Dragonite|Fairy
|move|p1a: Sneasler|Close Combat|p2b: Ursaluna
|-supereffective|p2b: Ursaluna
|-damage|p2b: Ursaluna|17/100
|-unboost|p1a: Sneasler|def|1
|-unboost|p1a: Sneasler|spd|1
|-enditem|p1a: Sneasler|White Herb
|-clearnegativeboost|p1a: Sneasler|[silent]
|move|p1b: Dragonite|Tailwind|p1b: Dragonite
|-sidestart|p1: Aotius|move: Tailwind
|move|p2a: Dragonite|Tailwind|p2a: Dragonite
|-sidestart|p2: gaming from toilet|move: Tailwind
|move|p2b: Ursaluna|Hyper Voice|p1a: Sneasler|[spread] p1a,p1b
|-damage|p1a: Sneasler|56/100
|-damage|p1b: Dragonite|81/100
|
|upkeep
|turn|2
|inactive|gaming from toilet has 30 seconds left.
|inactive|Aotius has 30 seconds left.
|
|t:|1757725586
|switch|p2b: Annihilape|Annihilape, L50, M|100/100
|move|p1a: Sneasler|Dire Claw|p2a: Dragonite
|-supereffective|p2a: Dragonite
|-damage|p2a: Dragonite|56/100
|-status|p2a: Dragonite|par
|move|p1b: Dragonite|Stomping Tantrum|p2b: Annihilape
|-damage|p2b: Annihilape|68/100
|move|p2a: Dragonite|Scale Shot|p1a: Sneasler
|-damage|p1a: Sneasler|36/100
|-damage|p1a: Sneasler|16/100
|-damage|p1a: Sneasler|0 fnt
|faint|p1a: Sneasler
|-hitcount|p1: Sneasler|3
|-unboost|p2a: Dragonite|def|1
|-boost|p2a: Dragonite|spe|1
|
|upkeep
|
|t:|1757725605
|switch|p1a: Rillaboom|Rillaboom, L50, M|100/100
|-fieldstart|move: Grassy Terrain|[from] ability: Grassy Surge|[of] p1a: Rillaboom
|turn|3
|
|t:|1757725625
|move|p2a: Dragonite|Protect|p2a: Dragonite
|-singleturn|p2a: Dragonite|Protect
|move|p2b: Annihilape|Rage Fist|p1b: Dragonite
|-damage|p1b: Dragonite|34/100
|move|p1a: Rillaboom|Drum Beating|p2a: Dragonite
|-activate|p2a: Dragonite|move: Protect
|move|p1b: Dragonite|Scale Shot|p2b: Annihilape
|-damage|p2b: Annihilape|52/100
|-damage|p2b: Annihilape|36/100
|-enditem|p2b: Annihilape|Sitrus Berry|[eat]
|-heal|p2b: Annihilape|61/100|[from] item: Sitrus Berry
|-damage|p2b: Annihilape|46/100
|-damage|p2b: Annihilape|32/100
|-damage|p2b: Annihilape|17/100
|-hitcount|p2b: Annihilape|5
|-unboost|p1b: Dragonite|def|1
|-boost|p1b: Dragonite|spe|1
|
|-heal|p2b: Annihilape|24/100|[from] Grassy Terrain
|-heal|p2a: Dragonite|62/100 par|[from] Grassy Terrain
|upkeep
|turn|4
|inactive|gaming from toilet has 30 seconds left.
|inactive|gaming from toilet has 20 seconds left.
|inactive|gaming from toilet has 15 seconds left.
|
|t:|1757725670
|move|p1b: Dragonite|Stomping Tantrum|p2b: Annihilape
|-damage|p2b: Annihilape|0 fnt
|faint|p2b: Annihilape
|move|p1a: Rillaboom|Drum Beating|p2a: Dragonite
|-crit|p2a: Dragonite
|-damage|p2a: Dragonite|0 fnt
|faint|p2a: Dragonite
|
|-sideend|p2: gaming from toilet|move: Tailwind
|-sideend|p1: Aotius|move: Tailwind
|upkeep
|
|t:|1757725682
|switch|p2b: Ursaluna|Ursaluna-Bloodmoon, L50, M|17/100
|switch|p2a: Gholdengo|Gholdengo, L50|100/100
|turn|5
|inactive|gaming from toilet has 30 seconds left.
|
|t:|1757725708
|move|p1b: Dragonite|Protect|p1b: Dragonite
|-singleturn|p1b: Dragonite|Protect
|move|p1a: Rillaboom|Grassy Glide|p2b: Ursaluna
|-supereffective|p2b: Ursaluna
|-damage|p2b: Ursaluna|0 fnt
|faint|p2b: Ursaluna
|move|p2a: Gholdengo|Make It Rain|p1a: Rillaboom|[spread] p1a
|-activate|p1b: Dragonite|move: Protect
|-damage|p1a: Rillaboom|50/100
|-unboost|p2a: Gholdengo|spa|1
|-damage|p2a: Gholdengo|91/100|[from] item: Life Orb
|
|-heal|p1a: Rillaboom|56/100|[from] Grassy Terrain
|-heal|p2a: Gholdengo|97/100|[from] Grassy Terrain
|upkeep
|turn|6
|-message|gaming from toilet forfeited.
|
|win|Aotius
|raw|Aotius's rating: 1113 → 1149(+36 for winning)
|raw|gaming from toilet's rating: 1280 → 1244(-36 for losing)
|l|☆gaming from toilet
|player|p2|
