|j|☆Monterreytest
|j|☆Alecat
|html|MonterreytestAlecat    
|uhtml|bestof|Game 2 of a best-of-3
|t:|1757693934
|gametype|doubles
|player|p1|Monterreytest|102|1000
|player|p2|Alecat|scientistf|1048
|gen|9
|tier|[Gen 9] VGC 2025 Reg H (Bo3)
|rated|
|rule|Species Clause: Limit one of each Pokémon
|rule|Item Clause: Limit 1 of each item
|clearpoke
|poke|p1|Incineroar, L50, F|
|poke|p1|Ninetales-Alola, L50, F|
|poke|p1|Rillaboom, L50, M|
|poke|p1|Dragonite, L50, F|
|poke|p1|Frosmoth, L50, F|
|poke|p1|Ursaluna, L50, M|
|poke|p2|Sneasler, L50, F|
|poke|p2|Magmar, L50, F|
|poke|p2|Rillaboom, L50, M|
|poke|p2|Espathra, L50, M|
|poke|p2|Kingambit, L50, M|
|poke|p2|Arcanine-Hisui, L50, M|
|teampreview|4
|showteam|p1|Incineroar||SafetyGoggles|Intimidate|FakeOut,KnockOff,FlareBlitz,PartingShot|||F|||50|,,,,,Water]Ninetales-Alola||LightClay|SnowWarning|AuroraVeil,Blizzard,Encore,Disable|||F|||50|,,,,,Ghost]Rillaboom||AssaultVest|GrassySurge|FakeOut,WoodHammer,GrassyGlide,HighHorsepower|||M|||50|,,,,,Water]Dragonite||LoadedDice|Multiscale|Haze,ScaleShot,Tailwind,Protect|||F|||50|,,,,,Steel]Frosmoth||Leftovers|IceScales|Blizzard,TeraBlast,QuiverDance,Protect|||F|||50|,,,,,Water]Ursaluna||FlameOrb|Guts|Facade,HeadlongRush,Earthquake,Protect|||M|||50|,,,,,Poison
|showteam|p2|Sneasler||FocusSash|Unburden|FakeOut,CloseCombat,DireClaw,Coaching|||F|||50|,,,,,Ghost]Magmar||Eviolite|VitalSpirit|FollowMe,HeatWave,Taunt,Protect|||F|||50|,,,,,Dragon]Rillaboom||AssaultVest|GrassySurge|FakeOut,WoodHammer,GrassyGlide,HighHorsepower|||M|||50|,,,,,Fire]Espathra||GrassySeed|SpeedBoost|StoredPower,TeraBlast,CalmMind,Protect|||M|||50|,,,,,Fighting]Kingambit||SafetyGoggles|Defiant|KowtowCleave,SuckerPunch,SwordsDance,Protect|||M|||50|,,,,,Dark]Arcanine-Hisui||LoadedDice|Intimidate|FlareBlitz,RockBlast,ExtremeSpeed,Protect|||M|||50|,,,,,Ghost
|inactive|Battle timer is ON: inactive players will automatically lose when time's up. (requested by Alecat)
|
|t:|1757693963
|teamsize|p1|4
|teamsize|p2|4
|start
|switch|p1a: Incineroar|Incineroar, L50, F|100/100
|switch|p1b: Dragonite|Dragonite, L50, F|100/100
|switch|p2a: Arcanine|Arcanine-Hisui, L50, M, shiny|100/100
|switch|p2b: Kingambit|Kingambit, L50, M|100/100
|-ability|p2a: Arcanine|Intimidate|boost
|-unboost|p1a: Incineroar|atk|1
|-unboost|p1b: Dragonite|atk|1
|-ability|p1a: Incineroar|Intimidate|boost
|-unboost|p2a: Arcanine|atk|1
|-unboost|p2b: Kingambit|atk|1
|-ability|p2b: Kingambit|Defiant|boost
|-boost|p2b: Kingambit|atk|2
|turn|1
|inactive|Alecat has 30 seconds left.
|
|t:|1757693990
|-terastallize|p2a: Arcanine|Ghost
|move|p1b: Dragonite|Protect|p1b: Dragonite
|-singleturn|p1b: Dragonite|Protect
|move|p2a: Arcanine|Rock Blast|p1b: Dragonite
|-activate|p1b: Dragonite|move: Protect
|move|p1a: Incineroar|Knock Off|p2a: Arcanine
|-supereffective|p2a: Arcanine
|-damage|p2a: Arcanine|30/100
|-enditem|p2a: Arcanine|Loaded Dice|[from] move: Knock Off|[of] p1a: Incineroar
|move|p2b: Kingambit|Swords Dance|p2b: Kingambit
|-boost|p2b: Kingambit|atk|2
|
|upkeep
|turn|2
|
|t:|1757694014
|move|p2a: Arcanine|Rock Blast|p1b: Dragonite
|-supereffective|p1b: Dragonite
|-damage|p1b: Dragonite|90/100
|-supereffective|p1b: Dragonite
|-crit|p1b: Dragonite
|-damage|p1b: Dragonite|45/100
|-supereffective|p1b: Dragonite
|-damage|p1b: Dragonite|26/100
|-supereffective|p1b: Dragonite
|-damage|p1b: Dragonite|5/100
|-supereffective|p1b: Dragonite
|-damage|p1b: Dragonite|0 fnt
|faint|p1b: Dragonite
|-hitcount|p1: Dragonite|5
|move|p1a: Incineroar|Knock Off|p2a: Arcanine
|-supereffective|p2a: Arcanine
|-damage|p2a: Arcanine|0 fnt
|faint|p2a: Arcanine
|move|p2b: Kingambit|Kowtow Cleave|p1a: Incineroar
|-resisted|p1a: Incineroar
|-damage|p1a: Incineroar|48/100
|
|upkeep
|
|t:|1757694037
|switch|p2a: Sneasler|Sneasler, L50, F|100/100
|switch|p1b: Ursaluna|Ursaluna, L50, M, shiny|100/100
|turn|3
|
|t:|1757694062
|move|p1b: Ursaluna|Protect|p1b: Ursaluna
|-singleturn|p1b: Ursaluna|Protect
|move|p2a: Sneasler|Close Combat|p1b: Ursaluna
|-activate|p1b: Ursaluna|move: Protect
|move|p1a: Incineroar|Knock Off|p2a: Sneasler
|-resisted|p2a: Sneasler
|-damage|p2a: Sneasler|75/100
|-enditem|p2a: Sneasler|Focus Sash|[from] move: Knock Off|[of] p1a: Incineroar
|move|p2b: Kingambit|Kowtow Cleave|p1a: Incineroar
|-resisted|p1a: Incineroar
|-damage|p1a: Incineroar|0 fnt
|faint|p1a: Incineroar
|
|-status|p1b: Ursaluna|brn|[from] item: Flame Orb
|upkeep
|
|t:|1757694073
|switch|p1a: Rillaboom|Rillaboom, L50, M|100/100
|-fieldstart|move: Grassy Terrain|[from] ability: Grassy Surge|[of] p1a: Rillaboom
|turn|4
|
|t:|1757694088
|switch|p2a: Rillaboom|Rillaboom, L50, M|100/100
|-terastallize|p1b: Ursaluna|Poison
|move|p2b: Kingambit|Protect|p2b: Kingambit
|-singleturn|p2b: Kingambit|Protect
|move|p1a: Rillaboom|Fake Out|p2b: Kingambit
|-activate|p2b: Kingambit|move: Protect
|move|p1b: Ursaluna|Facade|p2a: Rillaboom
|-damage|p2a: Rillaboom|0 fnt
|faint|p2a: Rillaboom
|
|-damage|p1b: Ursaluna|95/100 brn|[from] brn
|upkeep
|
|t:|1757694101
|switch|p2a: Sneasler|Sneasler, L50, F|75/100
|turn|5
|
|t:|1757694117
|move|p2a: Sneasler|Fake Out|p1b: Ursaluna
|-damage|p1b: Ursaluna|84/100 brn
|move|p1a: Rillaboom|High Horsepower|p2a: Sneasler
|-supereffective|p2a: Sneasler
|-damage|p2a: Sneasler|0 fnt
|faint|p2a: Sneasler
|cant|p1b: Ursaluna|flinch
|move|p2b: Kingambit|Kowtow Cleave|p1a: Rillaboom
|-damage|p1a: Rillaboom|3/100
|
|-heal|p1a: Rillaboom|9/100|[from] Grassy Terrain
|-heal|p1b: Ursaluna|90/100 brn|[from] Grassy Terrain
|-damage|p1b: Ursaluna|84/100 brn|[from] brn
|upkeep
|turn|6
|
|t:|1757694133
|move|p2b: Kingambit|Protect|p2b: Kingambit
|-singleturn|p2b: Kingambit|Protect
|move|p1a: Rillaboom|Grassy Glide|p2b: Kingambit
|-activate|p2b: Kingambit|move: Protect
|move|p1b: Ursaluna|Headlong Rush|p2b: Kingambit
|-activate|p2b: Kingambit|move: Protect
|
|-heal|p1a: Rillaboom|15/100|[from] Grassy Terrain
|-heal|p1b: Ursaluna|90/100 brn|[from] Grassy Terrain
|-damage|p1b: Ursaluna|84/100 brn|[from] brn
|upkeep
|turn|7
|
|t:|1757694147
|move|p1a: Rillaboom|Grassy Glide|p2b: Kingambit
|-resisted|p2b: Kingambit
|-damage|p2b: Kingambit|87/100
|move|p1b: Ursaluna|Headlong Rush|p2b: Kingambit
|-supereffective|p2b: Kingambit
|-damage|p2b: Kingambit|0 fnt
|-unboost|p1b: Ursaluna|def|1
|-unboost|p1b: Ursaluna|spd|1
|faint|p2b: Kingambit
|
|win|Monterreytest
||Alecat is ready for game 3.
|inactive|Monterreytest has 30 seconds to confirm battle start!
||Monterreytest is ready for game 3.
|uhtml|next|Next: Game 3 of 3
