|j|☆updor
|j|☆VJ2511
|html|updorVJ2511    
|uhtml|bestof|Game 1 of a best-of-3
|t:|1784100406
|gametype|doubles
|player|p1|updor|bugcatcher-gen4dp|
|player|p2|VJ2511|red|
|gen|9
|tier|[Gen 9 Champions] VGC 2026 Reg M-B (Bo3)
|rule|Species Clause: Limit one of each Pokémon
|rule|Item Clause: Limit 1 of each item
|clearpoke
|poke|p1|Mawile, L50, M|
|poke|p1|Torkoal, L50, M|
|poke|p1|Gallade, L50, M|
|poke|p1|Incineroar, L50, M|
|poke|p1|Farigiraf, L50, F|
|poke|p1|Hydrapple, L50, F|
|poke|p2|Charizard, L50, F|
|poke|p2|Floette-Eternal, L50, F|
|poke|p2|Whimsicott, L50, F|
|poke|p2|Garchomp, L50, F|
|poke|p2|Basculegion, L50, M|
|poke|p2|Kingambit, L50, F|
|teampreview|4
|showteam|p1|Mawile||Mawilite|Intimidate|Protect,SwordsDance,PlayRough,SuckerPunch|Brave||M|||50|]Torkoal||Charcoal|Drought|WeatherBall,Eruption,Protect,EarthPower|Modest||M|||50|]Gallade||IronBall|Sharpness|SacredSword,PsychoCut,Protect,TrickRoom|Brave||M|||50|]Incineroar||WhiteHerb|Intimidate|FlareBlitz,DarkestLariat,FakeOut,CloseCombat|Brave||M|||50|]Farigiraf||SitrusBerry|ArmorTail|PsychicNoise,Thunderbolt,TrickRoom,Protect|Quiet||F|||50|]Hydrapple||LifeOrb|Regenerator|EarthPower,GigaDrain,Protect,FickleBeam|Quiet||F|||50|
|showteam|p2|Charizard||CharizarditeY|Blaze|HeatWave,WeatherBall,SolarBeam,Protect|Modest||F|||50|]Floette-Eternal||Floettite|FlowerVeil|Moonblast,DazzlingGleam,LightofRuin,Protect|Modest||F|||50|]Whimsicott||FocusSash|Prankster|Moonblast,Tailwind,Encore,Protect|Timid||F|||50|]Garchomp||LifeOrb|RoughSkin|DragonClaw,Earthquake,RockSlide,Protect|Jolly||F|||50|]Basculegion||MysticWater|Adaptability|WaveCrash,LastRespects,AquaJet,Protect|Adamant||M|||50|]Kingambit||ChopleBerry|Defiant|KowtowCleave,IronHead,SuckerPunch,LowKick|Adamant||F|||50|
|c|☆VJ2511|glhf
|c|☆updor|Aight u as well
|
|t:|1784100441
|teamsize|p1|4
|teamsize|p2|4
|start
|switch|p1a: Farigiraf|Farigiraf, L50, F|100/100
|switch|p1b: Hydrapple|Hydrapple, L50, F|100/100
|switch|p2a: Basculegion|Basculegion, L50, M|100/100
|switch|p2b: Kingambit|Kingambit, L50, F|100/100
|turn|1
|
|t:|1784100459
|move|p1a: Farigiraf|Protect|p1a: Farigiraf
|-singleturn|p1a: Farigiraf|Protect
|move|p2a: Basculegion|Wave Crash|p1a: Farigiraf
|-activate|p1a: Farigiraf|move: Protect
|move|p2b: Kingambit|Kowtow Cleave|p1a: Farigiraf
|-activate|p1a: Farigiraf|move: Protect
|move|p1b: Hydrapple|Giga Drain|p2a: Basculegion
|-supereffective|p2a: Basculegion|1
|-damage|p2a: Basculegion|0 fnt
|faint|p2a: Basculegion
|-damage|p1b: Hydrapple|90/100|[from] item: Life Orb
|
|upkeep
|
|t:|1784100470
|switch|p2a: Charizard|Charizard, L50, F|100/100
|turn|2
|
|t:|1784100478
|detailschange|p2a: Charizard|Charizard-Mega-Y, L50, F
|-mega|p2a: Charizard|Charizard|Charizardite Y
|-weather|SunnyDay|[from] ability: Drought|[of] p2a: Charizard
|move|p2a: Charizard|Heat Wave|p1a: Farigiraf|[spread] p1a
|-miss|p2a: Charizard|p1b: Hydrapple
|-damage|p1a: Farigiraf|42/100
|-enditem|p1a: Farigiraf|Sitrus Berry|[eat]
|-heal|p1a: Farigiraf|67/100|[from] item: Sitrus Berry
|move|p2b: Kingambit|Kowtow Cleave|p1a: Farigiraf
|-supereffective|p1a: Farigiraf|1
|-damage|p1a: Farigiraf|0 fnt
|faint|p1a: Farigiraf
|move|p1b: Hydrapple|Fickle Beam|p2a: Charizard
|-damage|p2a: Charizard|49/100
|-damage|p1b: Hydrapple|80/100|[from] item: Life Orb
|
|-weather|SunnyDay|[upkeep]
|upkeep
|
|t:|1784100486
|switch|p1a: Torkoal|Torkoal, L50, M|100/100
|turn|3
|
|t:|1784100495
|move|p2a: Charizard|Heat Wave|p1b: Hydrapple|[spread] p1a,p1b
|-resisted|p1a: Torkoal|1
|-damage|p1a: Torkoal|53/100
|-damage|p1b: Hydrapple|17/100
|move|p2b: Kingambit|Kowtow Cleave|p1b: Hydrapple
|-damage|p1b: Hydrapple|0 fnt
|faint|p1b: Hydrapple
|move|p1a: Torkoal|Weather Ball|p2b: Kingambit
|-supereffective|p2b: Kingambit|1
|-damage|p2b: Kingambit|0 fnt
|faint|p2b: Kingambit
|
|-weather|SunnyDay|[upkeep]
|upkeep
|
|t:|1784100503
|switch|p2b: Garchomp|Garchomp, L50, F|100/100
|switch|p1b: Mawile|Mawile, L50, M|100/100
|-ability|p1b: Mawile|Intimidate|boost
|-unboost|p2a: Charizard|atk|1
|-unboost|p2b: Garchomp|atk|1
|turn|4
|
|t:|1784100538
|detailschange|p1b: Mawile|Mawile-Mega, L50, M
|-mega|p1b: Mawile|Mawile|Mawilite
|move|p2b: Garchomp|Protect|p2b: Garchomp
|-singleturn|p2b: Garchomp|Protect
|move|p2a: Charizard|Protect|p2a: Charizard
|-singleturn|p2a: Charizard|Protect
|move|p1b: Mawile|Sucker Punch||[still]
|-fail|p1b: Mawile
|move|p1a: Torkoal|Weather Ball|p2a: Charizard
|-activate|p2a: Charizard|move: Protect
|
|-weather|SunnyDay|[upkeep]
|upkeep
|turn|5
|
|t:|1784100548
|move|p1b: Mawile|Protect|p1b: Mawile
|-singleturn|p1b: Mawile|Protect
|move|p2b: Garchomp|Earthquake|p1b: Mawile|[spread] p1a
|-activate|p1b: Mawile|move: Protect
|-immune|p2a: Charizard
|-supereffective|p1a: Torkoal|1
|-damage|p1a: Torkoal|3/100
|-damage|p2b: Garchomp|90/100|[from] item: Life Orb
|move|p2a: Charizard|Heat Wave|p1a: Torkoal|[spread] 
|-activate|p1b: Mawile|move: Protect
|-miss|p2a: Charizard|p1a: Torkoal
|move|p1a: Torkoal|Weather Ball|p2a: Charizard
|-resisted|p2a: Charizard|1
|-damage|p2a: Charizard|13/100
|
|-weather|SunnyDay|[upkeep]
|upkeep
|turn|6
|
|t:|1784100557
|move|p1b: Mawile|Sucker Punch|p2a: Charizard
|-damage|p2a: Charizard|0 fnt
|faint|p2a: Charizard
|move|p2b: Garchomp|Earthquake|p1a: Torkoal|[spread] p1a,p1b
|-supereffective|p1a: Torkoal|1
|-supereffective|p1b: Mawile|1
|-crit|p1b: Mawile
|-damage|p1a: Torkoal|0 fnt
|-damage|p1b: Mawile|0 fnt
|faint|p1a: Torkoal
|faint|p1b: Mawile
|-damage|p2b: Garchomp|80/100|[from] item: Life Orb
|
|win|VJ2511
|c|☆VJ2511|gg on g1
||VJ2511 is ready for game 2.
|inactive|updor has 30 seconds to confirm battle start!
|c|☆updor|Damn the ciry
||updor is ready for game 2.
|uhtml|next|Next: Game 2 of 3
