|j|☆Fayzginger
|j|☆minccino fan
|html|Fayzgingerminccino fan    
|uhtml|bestof|Game 2 of a best-of-3
|t:|1757659441
|gametype|doubles
|player|p1|Fayzginger|101|1175
|player|p2|minccino fan|miku-ghost|1275
|gen|9
|tier|[Gen 9] VGC 2025 Reg H (Bo3)
|rated|
|rule|Species Clause: Limit one of each Pokémon
|rule|Item Clause: Limit 1 of each item
|clearpoke
|poke|p1|Tyranitar, L50, F|
|poke|p1|Garchomp, L50, F|
|poke|p1|Indeedee, L50, M|
|poke|p1|Sneasler, L50, M|
|poke|p1|Talonflame, L50, M|
|poke|p1|Electabuzz, L50, M|
|poke|p2|Charizard, L50, F|
|poke|p2|Torkoal, L50, F|
|poke|p2|Porygon2, L50|
|poke|p2|Incineroar, L50, M|
|poke|p2|Jumpluff, L50, F|
|poke|p2|Ursaluna, L50, M|
|teampreview|4
|showteam|p1|Tyranitar||AssaultVest|SandStream|TeraBlast,KnockOff,RockSlide,LowKick|||F|||50|,,,,,Flying]Garchomp||LifeOrb|RoughSkin|Protect,DragonClaw,StompingTantrum,Earthquake|||F|||50|,,,,,Ground]Indeedee||ChoiceScarf|PsychicSurge|ExpandingForce,TeraBlast,Trick,Protect|||M|||50|,,,,,Psychic]Sneasler||PsychicSeed|Unburden|Protect,CloseCombat,DireClaw,ThroatChop|||M|||50|,,,,,Dark]Talonflame||SafetyGoggles|GaleWings|Protect,BraveBird,Tailwind,WillOWisp|||M|||50|,,,,,Ghost]Electabuzz||Eviolite|VitalSpirit|FollowMe,Thunderbolt,Protect,Taunt|||M|||50|,,,,,Fairy
|showteam|p2|Charizard||ChoiceSpecs|SolarPower|HeatWave,Overheat,WeatherBall,AirSlash|||F|||50|,,,,,Ghost]Torkoal||EjectPack|Drought|Eruption,Overheat,HelpingHand,Protect|||F|||50|,,,,,Fire]Porygon2||Eviolite|Download|TeraBlast,IceBeam,Recover,TrickRoom||||||50|,,,,,Fighting]Incineroar||SitrusBerry|Intimidate|FlareBlitz,KnockOff,FakeOut,PartingShot|||M|||50|,,,,,Ghost]Jumpluff||CovertCloak|Chlorophyll|SleepPowder,SunnyDay,RagePowder,Tailwind|||F|||50|,,,,,Water]Ursaluna||FlameOrb|Guts|HeadlongRush,Facade,Earthquake,Protect|||M|||50|,,,,,Ghost
|inactive|Battle timer is ON: inactive players will automatically lose when time's up. (requested by minccino fan)
|inactive|Fayzginger has 60 seconds left.
|
|t:|1757659491
|teamsize|p1|4
|teamsize|p2|4
|start
|switch|p1a: Talonflame|Talonflame, L50, M, shiny|100/100
|switch|p1b: Electabuzz|Electabuzz, L50, M, shiny|100/100
|switch|p2a: Porygon2|Porygon2, L50|100/100
|switch|p2b: Incineroar|Incineroar, L50, M|100/100
|-ability|p2b: Incineroar|Intimidate|boost
|-unboost|p1a: Talonflame|atk|1
|-unboost|p1b: Electabuzz|atk|1
|-ability|p2a: Porygon2|Download|boost
|-boost|p2a: Porygon2|atk|1
|turn|1
|inactive|minccino fan has 30 seconds left.
|inactive|minccino fan has 20 seconds left.
|inactive|minccino fan has 15 seconds left.
|inactive|minccino fan has 10 seconds left.
|
|t:|1757659538
|switch|p1a: Fart Smella|Sneasler, L50, M, shiny|100/100
|move|p2b: Incineroar|Fake Out|p1b: Electabuzz
|-damage|p1b: Electabuzz|88/100
|cant|p1b: Electabuzz|flinch
|move|p2a: Porygon2|Trick Room|p2a: Porygon2
|-fieldstart|move: Trick Room|[of] p2a: Porygon2
|
|upkeep
|turn|2
|inactive|minccino fan has 30 seconds left.
|
|t:|1757659568
|-terastallize|p2b: Incineroar|Ghost
|move|p1b: Electabuzz|Follow Me|p1b: Electabuzz
|-singleturn|p1b: Electabuzz|move: Follow Me
|move|p2a: Porygon2|Tera Blast|p1b: Electabuzz
|-damage|p1b: Electabuzz|59/100
|move|p2b: Incineroar|Flare Blitz|p1b: Electabuzz
|-damage|p1b: Electabuzz|4/100
|-status|p1b: Electabuzz|brn
|-damage|p2b: Incineroar|85/100|[from] Recoil
|move|p1a: Fart Smella|Close Combat|p2b: Incineroar
|-immune|p2b: Incineroar
|
|-damage|p1b: Electabuzz|0 fnt|[from] brn
|faint|p1b: Electabuzz
|upkeep
|
|t:|1757659579
|switch|p1b: Tyranitar|Tyranitar, L50, F, shiny|100/100
|-weather|Sandstorm|[from] ability: Sand Stream|[of] p1b: Tyranitar
|turn|3
|inactive|minccino fan has 30 seconds left.
|inactive|minccino fan has 20 seconds left.
|inactive|minccino fan has 15 seconds left.
|inactive|minccino fan has 10 seconds left.
|
|t:|1757659627
|move|p2a: Porygon2|Ice Beam|p1a: Fart Smella
|-damage|p1a: Fart Smella|64/100
|move|p1b: Tyranitar|Knock Off|p2b: Incineroar
|-supereffective|p2b: Incineroar
|-damage|p2b: Incineroar|0 fnt
|-enditem|p2b: Incineroar|Sitrus Berry|[from] move: Knock Off|[of] p1b: Tyranitar
|faint|p2b: Incineroar
|move|p1a: Fart Smella|Close Combat|p2a: Porygon2
|-supereffective|p2a: Porygon2
|-damage|p2a: Porygon2|4/100
|-unboost|p1a: Fart Smella|def|1
|-unboost|p1a: Fart Smella|spd|1
|
|-weather|Sandstorm|[upkeep]
|-damage|p2a: Porygon2|0 fnt|[from] Sandstorm
|-damage|p1a: Fart Smella|58/100|[from] Sandstorm
|faint|p2a: Porygon2
|upkeep
|
|t:|1757659629
|switch|p2a: Jumpluff|Jumpluff, L50, F|100/100
|switch|p2b: Ursaluna|Ursaluna, L50, M|100/100
|turn|4
|inactive|minccino fan has 30 seconds left.
|inactive|Fayzginger has 30 seconds left.
|
|t:|1757659662
|move|p1a: Fart Smella|Protect|p1a: Fart Smella
|-singleturn|p1a: Fart Smella|Protect
|move|p2b: Ursaluna|Earthquake|p1b: Tyranitar|[spread] p1b
|-activate|p1a: Fart Smella|move: Protect
|-immune|p2a: Jumpluff
|-supereffective|p1b: Tyranitar
|-damage|p1b: Tyranitar|21/100
|move|p1b: Tyranitar|Rock Slide|p2a: Jumpluff|[spread] p2a
|-miss|p1b: Tyranitar|p2b: Ursaluna
|-supereffective|p2a: Jumpluff
|-damage|p2a: Jumpluff|28/100
|move|p2a: Jumpluff|Tailwind|p2a: Jumpluff
|-sidestart|p2: minccino fan|move: Tailwind
|
|-weather|Sandstorm|[upkeep]
|-damage|p1a: Fart Smella|52/100|[from] Sandstorm
|-damage|p2a: Jumpluff|21/100|[from] Sandstorm
|-status|p2b: Ursaluna|brn|[from] item: Flame Orb
|upkeep
|turn|5
|inactive|minccino fan has 30 seconds left.
|j| Cancerberus1231
|inactive|minccino fan has 20 seconds left.
|inactive|minccino fan has 15 seconds left.
|inactive|minccino fan has 10 seconds left.
|inactive|minccino fan has 5 seconds left.
|
|t:|1757659717
|switch|p1a: Talonflame|Talonflame, L50, M, shiny|100/100
|-terastallize|p1b: Tyranitar|Flying
|move|p1b: Tyranitar|Tera Blast|p2a: Jumpluff|[anim] Tera Blast Flying
|-supereffective|p2a: Jumpluff
|-damage|p2a: Jumpluff|0 fnt
|faint|p2a: Jumpluff
|move|p2b: Ursaluna|Headlong Rush|p1b: Tyranitar
|-immune|p1b: Tyranitar
|
|-weather|Sandstorm|[upkeep]
|-damage|p1b: Tyranitar|15/100|[from] Sandstorm
|-damage|p2b: Ursaluna|95/100 brn|[from] brn
|-fieldend|move: Trick Room
|upkeep
|turn|6
|
|t:|1757659731
|move|p1a: Talonflame|Brave Bird|p2b: Ursaluna
|-damage|p2b: Ursaluna|65/100 brn
|-damage|p1a: Talonflame|87/100|[from] Recoil
|move|p2b: Ursaluna|Facade|p1b: Tyranitar
|-damage|p1b: Tyranitar|0 fnt
|faint|p1b: Tyranitar
|
|-weather|Sandstorm|[upkeep]
|-damage|p2b: Ursaluna|59/100 brn|[from] brn
|upkeep
|
|t:|1757659735
|switch|p1b: Fart Smella|Sneasler, L50, M, shiny|52/100
|turn|7
|
|t:|1757659747
|move|p1a: Talonflame|Tailwind|p1a: Talonflame
|-sidestart|p1: Fayzginger|move: Tailwind
|move|p1b: Fart Smella|Close Combat|p2b: Ursaluna
|-supereffective|p2b: Ursaluna
|-damage|p2b: Ursaluna|0 fnt
|-unboost|p1b: Fart Smella|def|1
|-unboost|p1b: Fart Smella|spd|1
|faint|p2b: Ursaluna
|
|win|Fayzginger
