|j|☆viatles
|j|☆Buf93Labubumaxxing
|html|viatlesBuf93Labubumaxxing    
|uhtml|bestof|Game 2 of a best-of-3
|t:|1756239955
|gametype|doubles
|player|p1|viatles|hiker|1036
|player|p2|Buf93Labubumaxxing|wallace|1053
|gen|9
|tier|[Gen 9] VGC 2025 Reg H (Bo3)
|rated|
|rule|Species Clause: Limit one of each Pokémon
|rule|Item Clause: Limit 1 of each item
|clearpoke
|poke|p1|Oricorio-Sensu, L50, F|
|poke|p1|Volcarona, L50, M|
|poke|p1|Sylveon, L50, M|
|poke|p1|Murkrow, L50, F|
|poke|p1|Dragapult, L50, M|
|poke|p1|Baxcalibur, L50, M|
|poke|p2|Amoonguss, L50, M|
|poke|p2|Incineroar, L50, M|
|poke|p2|Gholdengo, L50|
|poke|p2|Hawlucha, L50, M|
|poke|p2|Gliscor, L50, F|
|poke|p2|Whimsicott, L50, F|
|teampreview|4
|showteam|p1|Oricorio-Sensu||FocusSash|Dancer|QuiverDance,BatonPass,RevelationDance,Protect|||F|||50|,,,,,Fighting]Volcarona||SitrusBerry|FlameBody|QuiverDance,GigaDrain,FieryDance,Protect|||M|||50|,,,,,Grass]Sylveon||ChoiceScarf|Pixilate|HyperVoice,TeraBlast,StoredPower,SleepTalk|||M|||50|,,,,,Ground]Murkrow||Eviolite|Prankster|Tailwind,FoulPlay,Haze,FeatherDance|||F|||50|,,,,,Dark]Dragapult||CovertCloak|ClearBody|DragonCheer,DragonDarts,Protect,PhantomForce|||M|||50|,,,,,Stellar]Baxcalibur||LoadedDice|ThermalExchange|IcicleSpear,ScaleShot,GlaiveRush,Protect|||M|||50|,,,,,Grass
|showteam|p2|Amoonguss||RockyHelmet|Regenerator|Spore,RagePowder,SludgeBomb,Protect|||M|||50|,,,,,Water]Incineroar||SafetyGoggles|Intimidate|FlareBlitz,KnockOff,PartingShot,FakeOut|||M|||50|,,,,,Grass]Gholdengo||LifeOrb|GoodasGold|MakeItRain,ShadowBall,NastyPlot,Protect||||||50|,,,,,Water]Hawlucha||FocusSash|MoldBreaker|Detect,Coaching,CloseCombat,BraveBird|||M|||50|,,,,,Stellar]Gliscor||SoftSand|HyperCutter|Protect,Earthquake,HighHorsepower,DualWingbeat|||F|||50|,,,,,Stellar]Whimsicott||CovertCloak|Prankster|Moonblast,Tailwind,SunnyDay,Encore|||F|||50|,,,,,Steel
|inactive|Battle timer is ON: inactive players will automatically lose when time's up. (requested by viatles)
|inactive|Buf93Labubumaxxing has 60 seconds left.
|
|t:|1756239995
|teamsize|p1|4
|teamsize|p2|4
|start
|switch|p1a: Murkrow|Murkrow, L50, F|100/100
|switch|p1b: Volcarona|Volcarona, L50, M|100/100
|switch|p2a: Gliscor|Gliscor, L50, F|100/100
|switch|p2b: Whimsicott|Whimsicott, L50, F, shiny|100/100
|turn|1
|inactive|Buf93Labubumaxxing has 30 seconds left.
|
|t:|1756240021
|-terastallize|p2a: Gliscor|Stellar
|-terastallize|p1b: Volcarona|Grass
|move|p2b: Whimsicott|Tailwind|p2b: Whimsicott
|-sidestart|p2: Buf93Labubumaxxing|move: Tailwind
|move|p1a: Murkrow|Tailwind|p1a: Murkrow
|-sidestart|p1: viatles|move: Tailwind
|move|p2a: Gliscor|Dual Wingbeat|p1b: Volcarona
|-supereffective|p1b: Volcarona
|-damage|p1b: Volcarona|48/100
|-status|p2a: Gliscor|brn|[from] ability: Flame Body|[of] p1b: Volcarona
|-enditem|p1b: Volcarona|Sitrus Berry|[eat]
|-heal|p1b: Volcarona|73/100|[from] item: Sitrus Berry
|-supereffective|p1b: Volcarona
|-damage|p1b: Volcarona|46/100
|-hitcount|p1b: Volcarona|2
|move|p1b: Volcarona|Giga Drain|p2a: Gliscor
|-damage|p2a: Gliscor|52/100 brn
|-heal|p1b: Volcarona|66/100|[from] drain|[of] p2a: Gliscor
|
|-damage|p2a: Gliscor|45/100 brn|[from] brn
|upkeep
|turn|2
|inactive|Buf93Labubumaxxing has 30 seconds left.
|inactive|Buf93Labubumaxxing has 20 seconds left.
|
|t:|1756240056
|switch|p2a: Gholdengo|Gholdengo, L50|100/100
|move|p2b: Whimsicott|Encore|p1a: Murkrow
|-hint|Since gen 7, Dark is immune to Prankster moves.
|-immune|p1a: Murkrow
|move|p1a: Murkrow|Feather Dance|p2a: Gholdengo
|-immune|p2a: Gholdengo|[from] ability: Good as Gold
|move|p1b: Volcarona|Giga Drain|p2a: Gholdengo
|-resisted|p2a: Gholdengo
|-damage|p2a: Gholdengo|83/100
|-heal|p1b: Volcarona|75/100|[from] drain|[of] p2a: Gholdengo
|
|upkeep
|turn|3
|inactive|Buf93Labubumaxxing has 30 seconds left.
|
|t:|1756240084
|move|p2b: Whimsicott|Moonblast|p1b: Volcarona
|-damage|p1b: Volcarona|43/100
|move|p1b: Volcarona|Fiery Dance|p2a: Gholdengo
|-supereffective|p2a: Gholdengo
|-damage|p2a: Gholdengo|13/100
|move|p2a: Gholdengo|Make It Rain|p1b: Volcarona|[spread] p1a,p1b
|-damage|p1a: Murkrow|36/100
|-damage|p1b: Volcarona|0 fnt
|-unboost|p2a: Gholdengo|spa|1
|faint|p1b: Volcarona
|-damage|p2a: Gholdengo|3/100|[from] item: Life Orb
|move|p1a: Murkrow|Foul Play|p2b: Whimsicott
|-resisted|p2b: Whimsicott
|-damage|p2b: Whimsicott|87/100
|
|upkeep
|
|t:|1756240104
|switch|p1b: Oricorio|Oricorio-Sensu, L50, F|100/100
|turn|4
|j| buf50 Emotions
|j| buf51 Golden Era
|inactive|Buf93Labubumaxxing has 30 seconds left.
|inactive|Buf93Labubumaxxing has 20 seconds left.
|
|t:|1756240143
|switch|p2a: Gliscor|Gliscor, L50, F, tera:Stellar|45/100 brn
|move|p2b: Whimsicott|Moonblast|p1a: Murkrow
|-supereffective|p1a: Murkrow
|-damage|p1a: Murkrow|0 fnt
|faint|p1a: Murkrow
|move|p1b: Oricorio|Revelation Dance|p2a: Gliscor
|-damage|p2a: Gliscor|0 fnt
|faint|p2a: Gliscor
|
|-sideend|p2: Buf93Labubumaxxing|move: Tailwind
|-sideend|p1: viatles|move: Tailwind
|upkeep
|
|t:|1756240154
|switch|p2a: Incineroar|Incineroar, L50, M|100/100
|switch|p1a: Sylveon|Sylveon, L50, M|100/100
|-ability|p2a: Incineroar|Intimidate|boost
|-unboost|p1a: Sylveon|atk|1
|-unboost|p1b: Oricorio|atk|1
|turn|5
|
|t:|1756240169
|move|p2a: Incineroar|Fake Out|p1a: Sylveon
|-damage|p1a: Sylveon|82/100
|move|p2b: Whimsicott|Tailwind|p2b: Whimsicott
|-sidestart|p2: Buf93Labubumaxxing|move: Tailwind
|cant|p1a: Sylveon|flinch
|move|p1b: Oricorio|Revelation Dance|p2b: Whimsicott
|-damage|p2b: Whimsicott|23/100
|
|upkeep
|turn|6
|inactive|Buf93Labubumaxxing has 30 seconds left.
|
|t:|1756240197
|move|p2b: Whimsicott|Moonblast|p1b: Oricorio
|-damage|p1b: Oricorio|41/100
|move|p2a: Incineroar|Parting Shot|p1a: Sylveon
|-unboost|p1a: Sylveon|atk|1
|-unboost|p1a: Sylveon|spa|1
|
|t:|1756240201
|switch|p2a: Gholdengo|Gholdengo, L50|3/100|[from] Parting Shot
|move|p1a: Sylveon|Tera Blast|p2a: Gholdengo
|-resisted|p2a: Gholdengo
|-damage|p2a: Gholdengo|0 fnt
|faint|p2a: Gholdengo
|move|p1b: Oricorio|Revelation Dance|p2b: Whimsicott
|-damage|p2b: Whimsicott|0 fnt
|faint|p2b: Whimsicott
|
|upkeep
|-message|Buf93Labubumaxxing forfeited.
|
|win|viatles
|l|☆Buf93Labubumaxxing
|player|p2|
||Buf93Labubumaxxing is ready for game 3.
