|j|☆GiovanniMuciaccia
|j|☆namboyVGC
|html|GiovanniMuciaccianamboyVGC    
|uhtml|bestof|Game 3 of a best-of-3
|t:|1756730146
|gametype|doubles
|player|p1|GiovanniMuciaccia|265|1250
|player|p2|namboyVGC|wattson|1283
|gen|9
|tier|[Gen 9] VGC 2025 Reg H (Bo3)
|rated|
|rule|Species Clause: Limit one of each Pokémon
|rule|Item Clause: Limit 1 of each item
|clearpoke
|poke|p1|Charizard, L50, M|
|poke|p1|Torkoal, L50, M|
|poke|p1|Porygon2, L50|
|poke|p1|Incineroar, L50, F|
|poke|p1|Jumpluff, L50, F|
|poke|p1|Ursaluna, L50, M|
|poke|p2|Sneasler, L50, M|
|poke|p2|Indeedee, L50, M|
|poke|p2|Annihilape, L50, M|
|poke|p2|Tyranitar, L50, M|
|poke|p2|Excadrill, L50, M|
|poke|p2|Hydreigon, L50, F|
|teampreview|4
|showteam|p1|Charizard||ChoiceSpecs|SolarPower|HeatWave,Overheat,WeatherBall,AirSlash|||M|||50|,,,,,Ghost]Torkoal||EjectPack|Drought|Eruption,Overheat,HelpingHand,Protect|||M|||50|,,,,,Fire]Porygon2||Eviolite|Download|TeraBlast,IceBeam,Recover,TrickRoom||||||50|,,,,,Fighting]Incineroar||SitrusBerry|Intimidate|FlareBlitz,KnockOff,FakeOut,PartingShot|||F|||50|,,,,,Ghost]Jumpluff||CovertCloak|Chlorophyll|SleepPowder,SunnyDay,RagePowder,Tailwind|||F|||50|,,,,,Water]Ursaluna||FlameOrb|Guts|HeadlongRush,Facade,Earthquake,Protect|||M|||50|,,,,,Ghost
|showteam|p2|Sneasler||PsychicSeed|Unburden|CloseCombat,DireClaw,ThroatChop,Protect|||M|||50|,,,,,Dark]Indeedee||ChoiceScarf|PsychicSurge|ExpandingForce,TeraBlast,Trick,DazzlingGleam|||M|||50|,,,,,Fire]Annihilape||SafetyGoggles|Defiant|CloseCombat,RageFist,Taunt,FinalGambit|||M|||50|,,,,,Water]Tyranitar||AssaultVest|SandStream|RockSlide,KnockOff,TeraBlast,LowKick|||M|||50|,,,,,Flying]Excadrill||FocusSash|SandRush|HighHorsepower,Earthquake,IronHead,Protect|||M|||50|,,,,,Stellar]Hydreigon||CovertCloak|Levitate|Snarl,DracoMeteor,Tailwind,Roar|||F|||50|,,,,,Fairy
|inactive|Battle timer is ON: inactive players will automatically lose when time's up. (requested by namboyVGC)
|
|t:|1756730171
|teamsize|p1|4
|teamsize|p2|4
|start
|switch|p1a: Jumpluff|Jumpluff, L50, F|100/100
|switch|p1b: Charizard|Charizard, L50, M|100/100
|switch|p2a: Tyranitar|Tyranitar, L50, M|100/100
|switch|p2b: Annihilape|Annihilape, L50, M|100/100
|-weather|Sandstorm|[from] ability: Sand Stream|[of] p2a: Tyranitar
|turn|1
|inactive|GiovanniMuciaccia has 30 seconds left.
|
|t:|1756730202
|switch|p1b: Ursaluna|Ursaluna, L50, M|100/100
|-terastallize|p2b: Annihilape|Water
|move|p1a: Jumpluff|Tailwind|p1a: Jumpluff
|-sidestart|p1: GiovanniMuciaccia|move: Tailwind
|move|p2b: Annihilape|Taunt|p1a: Jumpluff
|-start|p1a: Jumpluff|move: Taunt
|move|p2a: Tyranitar|Knock Off|p1b: Ursaluna
|-damage|p1b: Ursaluna|57/100
|-enditem|p1b: Ursaluna|Flame Orb|[from] move: Knock Off|[of] p2a: Tyranitar
|
|-weather|Sandstorm|[upkeep]
|-damage|p1a: Jumpluff|94/100|[from] Sandstorm
|upkeep
|turn|2
|inactive|namboyVGC has 30 seconds left.
|
|t:|1756730232
|switch|p1a: Charizard|Charizard, L50, M|100/100
|move|p1b: Ursaluna|Headlong Rush|p2a: Tyranitar
|-supereffective|p2a: Tyranitar
|-damage|p2a: Tyranitar|0 fnt
|-unboost|p1b: Ursaluna|def|1
|-unboost|p1b: Ursaluna|spd|1
|faint|p2a: Tyranitar
|move|p2b: Annihilape|Rage Fist|p1a: Charizard
|-damage|p1a: Charizard|71/100
|
|-weather|Sandstorm|[upkeep]
|-damage|p1a: Charizard|65/100|[from] Sandstorm
|upkeep
|
|t:|1756730254
|switch|p2a: Indeedee|Indeedee, L50, M|100/100
|-fieldstart|move: Psychic Terrain|[from] ability: Psychic Surge|[of] p2a: Indeedee
|turn|3
|
|t:|1756730265
|switch|p1b: Jumpluff|Jumpluff, L50, F|94/100
|move|p1a: Charizard|Overheat|p2a: Indeedee
|-damage|p2a: Indeedee|0 fnt
|-unboost|p1a: Charizard|spa|2
|faint|p2a: Indeedee
|move|p2b: Annihilape|Rage Fist|p1a: Charizard
|-damage|p1a: Charizard|35/100
|
|-weather|Sandstorm|[upkeep]
|-damage|p1b: Jumpluff|88/100|[from] Sandstorm
|-damage|p1a: Charizard|29/100|[from] Sandstorm
|upkeep
|
|t:|1756730279
|switch|p2a: Sneasler|Sneasler, L50, M|100/100
|-enditem|p2a: Sneasler|Psychic Seed
|-boost|p2a: Sneasler|spd|1|[from] item: Psychic Seed
|turn|4
|
|t:|1756730302
|switch|p1a: Ursaluna|Ursaluna, L50, M|57/100
|-terastallize|p1b: Jumpluff|Water
|move|p2a: Sneasler|Protect|p2a: Sneasler
|-singleturn|p2a: Sneasler|Protect
|move|p1b: Jumpluff|Sleep Powder|p2a: Sneasler
|-activate|p2a: Sneasler|move: Protect
|move|p2b: Annihilape|Taunt|p1b: Jumpluff
|-start|p1b: Jumpluff|move: Taunt
|
|-weather|Sandstorm|[upkeep]
|-damage|p1b: Jumpluff|82/100|[from] Sandstorm
|-damage|p2a: Sneasler|95/100|[from] Sandstorm
|-sideend|p1: GiovanniMuciaccia|move: Tailwind
|upkeep
|turn|5
|
|t:|1756730323
|switch|p1b: Charizard|Charizard, L50, M|29/100
|move|p2a: Sneasler|Throat Chop|p1a: Ursaluna
|-damage|p1a: Ursaluna|36/100
|-start|p1a: Ursaluna|Throat Chop|[silent]
|move|p2b: Annihilape|Close Combat|p1a: Ursaluna
|-supereffective|p1a: Ursaluna
|-damage|p1a: Ursaluna|0 fnt
|-unboost|p2b: Annihilape|def|1
|-unboost|p2b: Annihilape|spd|1
|faint|p1a: Ursaluna
|
|-weather|none
|upkeep
|
|t:|1756730339
|switch|p1a: Jumpluff|Jumpluff, L50, F, tera:Water|82/100
|turn|6
|
|t:|1756730359
|move|p2a: Sneasler|Dire Claw|p1b: Charizard
|-damage|p1b: Charizard|0 fnt
|faint|p1b: Charizard
|move|p1a: Jumpluff|Tailwind|p1a: Jumpluff
|-sidestart|p1: GiovanniMuciaccia|move: Tailwind
|move|p2b: Annihilape|Taunt|p1a: Jumpluff
|-start|p1a: Jumpluff|move: Taunt
|
|upkeep
|
|t:|1756730365
|switch|p1b: Incineroar|Incineroar, L50, F|100/100
|-ability|p1b: Incineroar|Intimidate|boost
|-unboost|p2a: Sneasler|atk|1
|-unboost|p2b: Annihilape|atk|1
|-ability|p2b: Annihilape|Defiant|boost
|-boost|p2b: Annihilape|atk|2
|turn|7
|inactive|GiovanniMuciaccia has 30 seconds left.
|
|t:|1756730395
|-activate|p1a: Jumpluff|move: Struggle
|move|p1a: Jumpluff|Struggle|p2b: Annihilape
|-damage|p2b: Annihilape|92/100
|-damage|p1a: Jumpluff|57/100|[from] recoil
|move|p2a: Sneasler|Close Combat|p1b: Incineroar
|-supereffective|p1b: Incineroar
|-damage|p1b: Incineroar|16/100
|-unboost|p2a: Sneasler|def|1
|-unboost|p2a: Sneasler|spd|1
|-enditem|p1b: Incineroar|Sitrus Berry|[eat]
|-heal|p1b: Incineroar|41/100|[from] item: Sitrus Berry
|move|p1b: Incineroar|Flare Blitz|p2a: Sneasler
|-damage|p2a: Sneasler|0 fnt
|faint|p2a: Sneasler
|-damage|p1b: Incineroar|17/100|[from] Recoil
|move|p2b: Annihilape|Close Combat|p1b: Incineroar
|-supereffective|p1b: Incineroar
|-damage|p1b: Incineroar|0 fnt
|-unboost|p2b: Annihilape|def|1
|-unboost|p2b: Annihilape|spd|1
|faint|p1b: Incineroar
|
|-fieldend|move: Psychic Terrain
|upkeep
|turn|8
|
|t:|1756730420
|-activate|p1a: Jumpluff|move: Struggle
|move|p1a: Jumpluff|Struggle|p2b: Annihilape
|-damage|p2b: Annihilape|82/100
|-damage|p1a: Jumpluff|33/100|[from] recoil
|move|p2b: Annihilape|Rage Fist|p1a: Jumpluff
|-damage|p1a: Jumpluff|0 fnt
|faint|p1a: Jumpluff
|
|win|namboyVGC
|raw|GiovanniMuciaccia's rating: 1250 → 1227(-23 for losing)
|raw|namboyVGC's rating: 1283 → 1306(+23 for winning)
