|j|☆Ze carrot
|j|☆MakeItSunn
|html|Ze carrotMakeItSunn    
|uhtml|bestof|Game 1 of a best-of-3
|t:|1757925498
|gametype|doubles
|player|p1|Ze carrot|miku-water|1105
|player|p2|MakeItSunn|elesa|1132
|gen|9
|tier|[Gen 9] VGC 2025 Reg H (Bo3)
|rated|
|rule|Species Clause: Limit one of each Pokémon
|rule|Item Clause: Limit 1 of each item
|clearpoke
|poke|p1|Malamar, L50, F|
|poke|p1|Chesnaught, L50, F|
|poke|p1|Lilligant-Hisui, L50, F|
|poke|p1|Ursaluna-Bloodmoon, L50, M|
|poke|p1|Incineroar, L50, F|
|poke|p1|Amoonguss, L50, M|
|poke|p2|Oranguru, L50, M|
|poke|p2|Ursaluna, L50, M|
|poke|p2|Indeedee-F, L50, F|
|poke|p2|Torkoal, L50, M|
|poke|p2|Armarouge, L50, F|
|poke|p2|Jumpluff, L50, M|
|teampreview|4
|showteam|p1|Malamar||CovertCloak|Contrary|Superpower,TrickRoom,TopsyTurvy,Protect|||F|||50|,,,,,Fairy]Chesnaught||SitrusBerry|Bulletproof|KnockOff,BodyPress,IronDefense,Protect|||F|||50|,,,,,Steel]Lilligant-Hisui||FocusSash|Chlorophyll|VictoryDance,SleepPowder,LeafBlade,CloseCombat|||F|||50|,,,,,Fighting]Ursaluna-Bloodmoon||LifeOrb|MindsEye|BloodMoon,EarthPower,Protect,VacuumWave|||M|||50|,,,,,Normal]Incineroar||SafetyGoggles|Intimidate|FakeOut,FlareBlitz,KnockOff,PartingShot|||F|||50|,,,,,Ghost]Amoonguss||RockyHelmet|Regenerator|Spore,Protect,RagePowder,PollenPuff|||M|||50|,,,,,Water
|showteam|p2|Oranguru||MentalHerb|Telepathy|Yawn,TrickRoom,Instruct,Gravity|||M|||50|,,,,,Steel]Ursaluna||FlameOrb|Guts|Earthquake,Facade,HeadlongRush,Protect|||M|||50|,,,,,Ghost]Indeedee-F||EjectButton|PsychicSurge|FollowMe,Psychic,HelpingHand,TrickRoom|||F|||50|,,,,,Fairy]Torkoal||EjectPack|Drought|Eruption,Overheat,EarthPower,Protect|||M|||50|,,,,,Fire]Armarouge||LifeOrb|FlashFire|ExpandingForce,ArmorCannon,WideGuard,Protect|||F|||50|,,,,,Grass]Jumpluff||CovertCloak|Chlorophyll|RagePowder,SleepPowder,Tailwind,SunnyDay|||M|||50|,,,,,Water
|inactive|Battle timer is ON: inactive players will automatically lose when time's up. (requested by Ze carrot)
|inactive|Ze carrot has 60 seconds left.
|inactive|MakeItSunn has 60 seconds left.
|inactive|MakeItSunn has 30 seconds left.
|
|t:|1757925568
|teamsize|p1|4
|teamsize|p2|4
|start
|switch|p1a: Malamar|Malamar, L50, F|100/100
|switch|p1b: Chesnaught|Chesnaught, L50, F|100/100
|switch|p2a: Oranguru|Oranguru, L50, M|100/100
|switch|p2b: Indeedee|Indeedee-F, L50, F|100/100
|-fieldstart|move: Psychic Terrain|[from] ability: Psychic Surge|[of] p2b: Indeedee
|turn|1
|
|t:|1757925584
|move|p2b: Indeedee|Follow Me|p2b: Indeedee
|-singleturn|p2b: Indeedee|move: Follow Me
|move|p1b: Chesnaught|Iron Defense|p1b: Chesnaught
|-boost|p1b: Chesnaught|def|2
|move|p1a: Malamar|Superpower|p2b: Indeedee
|-damage|p2b: Indeedee|75/100
|-boost|p1a: Malamar|atk|1
|-boost|p1a: Malamar|def|1
|-enditem|p2b: Indeedee|Eject Button
|
|t:|1757925593
|switch|p2b: Ursaluna|Ursaluna, L50, M|100/100
|move|p2a: Oranguru|Trick Room|p2a: Oranguru
|-fieldstart|move: Trick Room|[of] p2a: Oranguru
|
|-status|p2b: Ursaluna|brn|[from] item: Flame Orb
|upkeep
|turn|2
|inactive|MakeItSunn has 30 seconds left.
|inactive|MakeItSunn has 20 seconds left.
|inactive|MakeItSunn has 15 seconds left.
|
|t:|1757925637
|-terastallize|p2b: Ursaluna|Ghost
|move|p2b: Ursaluna|Facade|p1b: Chesnaught
|-damage|p1b: Chesnaught|51/100
|move|p2a: Oranguru|Instruct|p2b: Ursaluna
|-singleturn|p2b: Ursaluna|move: Instruct|[of] p2a: Oranguru
|move|p2b: Ursaluna|Facade|p1b: Chesnaught
|-damage|p1b: Chesnaught|0 fnt
|faint|p1b: Chesnaught
|move|p1a: Malamar|Superpower|p2b: Ursaluna
|-immune|p2b: Ursaluna
|
|-damage|p2b: Ursaluna|94/100 brn|[from] brn
|upkeep
|
|t:|1757925652
|switch|p1b: Incineroar|Incineroar, L50, F|100/100
|-ability|p1b: Incineroar|Intimidate|boost
|-unboost|p2a: Oranguru|atk|1
|-unboost|p2b: Ursaluna|atk|1
|turn|3
|
|t:|1757925671
|move|p2b: Ursaluna|Earthquake|p1a: Malamar|[spread] p1a,p1b
|-activate|p2a: Oranguru|ability: Telepathy
|-supereffective|p1b: Incineroar
|-damage|p1a: Malamar|79/100
|-damage|p1b: Incineroar|17/100
|move|p2a: Oranguru|Instruct|p2b: Ursaluna
|-singleturn|p2b: Ursaluna|move: Instruct|[of] p2a: Oranguru
|move|p2b: Ursaluna|Earthquake|p1b: Incineroar|[spread] p1a,p1b
|-activate|p2a: Oranguru|ability: Telepathy
|-supereffective|p1b: Incineroar
|-damage|p1a: Malamar|57/100
|-damage|p1b: Incineroar|0 fnt
|faint|p1b: Incineroar
|move|p1a: Malamar|Superpower|p2a: Oranguru
|-damage|p2a: Oranguru|69/100
|-boost|p1a: Malamar|atk|1
|-boost|p1a: Malamar|def|1
|
|-damage|p2b: Ursaluna|88/100 brn|[from] brn
|upkeep
|
|t:|1757925682
|switch|p1b: Ursaluna|Ursaluna-Bloodmoon, L50, M|100/100
|turn|4
|inactive|MakeItSunn has 30 seconds left.
|
|t:|1757925708
|move|p1b: Ursaluna|Protect|p1b: Ursaluna
|-singleturn|p1b: Ursaluna|Protect
|move|p2b: Ursaluna|Earthquake|p1a: Malamar|[spread] p1a
|-activate|p1b: Ursaluna|move: Protect
|-activate|p2a: Oranguru|ability: Telepathy
|-damage|p1a: Malamar|41/100
|move|p2a: Oranguru|Instruct|p2b: Ursaluna
|-singleturn|p2b: Ursaluna|move: Instruct|[of] p2a: Oranguru
|move|p2b: Ursaluna|Earthquake|p1b: Ursaluna|[spread] p1a
|-activate|p1b: Ursaluna|move: Protect
|-activate|p2a: Oranguru|ability: Telepathy
|-damage|p1a: Malamar|23/100
|move|p1a: Malamar|Superpower|p2a: Oranguru
|-damage|p2a: Oranguru|29/100
|-boost|p1a: Malamar|atk|1
|-boost|p1a: Malamar|def|1
|
|-damage|p2b: Ursaluna|82/100 brn|[from] brn
|upkeep
|turn|5
|inactive|Ze carrot has 30 seconds left.
|
|t:|1757925734
|move|p1a: Malamar|Protect|p1a: Malamar
|-singleturn|p1a: Malamar|Protect
|move|p2b: Ursaluna|Earthquake|p1b: Ursaluna|[spread] p1b
|-activate|p1a: Malamar|move: Protect
|-activate|p2a: Oranguru|ability: Telepathy
|-damage|p1b: Ursaluna|67/100
|move|p2a: Oranguru|Instruct|p2b: Ursaluna
|-singleturn|p2b: Ursaluna|move: Instruct|[of] p2a: Oranguru
|move|p2b: Ursaluna|Earthquake|p1a: Malamar|[spread] p1b
|-activate|p1a: Malamar|move: Protect
|-activate|p2a: Oranguru|ability: Telepathy
|-crit|p1b: Ursaluna
|-damage|p1b: Ursaluna|0 fnt
|faint|p1b: Ursaluna
|
|-damage|p2b: Ursaluna|76/100 brn|[from] brn
|-fieldend|move: Trick Room
|-fieldend|move: Psychic Terrain
|upkeep
|turn|6
|-message|Ze carrot forfeited.
|
|win|MakeItSunn
|l|☆Ze carrot
|player|p1|
||MakeItSunn is ready for game 2.
|inactive|Ze carrot has 30 seconds to confirm battle start!
|inactive|Ze carrot has 20 seconds to confirm battle start!
|inactive|Ze carrot has 10 seconds to confirm battle start!
||Ze carrot is ready for game 2.
|uhtml|next|Next: Game 2 of 3
