|j|Ōśåabconetwothree
|j|ŌśåTia.exe
|html|abconetwothreeTia.exe    
|uhtml|bestof|Game 2 of a best-of-3
|t:|1782457589
|gametype|doubles
|player|p1|abconetwothree|102|
|player|p2|Tia.exe|102|
|gen|9
|tier|[Gen 9 Champions] VGC 2026 Reg M-B (Bo3)
|rule|Species Clause: Limit one of each Pok├®mon
|rule|Item Clause: Limit 1 of each item
|clearpoke
|poke|p1|Floette-Eternal, L50, F|
|poke|p1|Sneasler, L50, M|
|poke|p1|Aerodactyl, L50, M|
|poke|p1|Rotom-Mow, L50|
|poke|p1|Maushold, L50|
|poke|p1|Arcanine, L50, F|
|poke|p2|Archaludon, L50, F|
|poke|p2|Froslass, L50, F|
|poke|p2|Kingambit, L50, F|
|poke|p2|Palafin, L50, F|
|poke|p2|Politoed, L50, M|
|poke|p2|Farigiraf, L50, F|
|teampreview|4
|showteam|p1|Floette-Eternal||Floettite|FlowerVeil|DazzlingGleam,Moonblast,CalmMind,Protect|Timid||F|||50|]Sneasler||WhiteHerb|Unburden|FakeOut,CloseCombat,DireClaw,Protect|Jolly||M|||50|]Aerodactyl||FocusSash|Unnerve|Tailwind,RockSlide,SunnyDay,Protect|Jolly||M|||50|]Rotom-Mow||LightClay|Levitate|LeafStorm,LightScreen,VoltSwitch,Reflect|Timid|||||50|]Maushold||SitrusBerry|FriendGuard|FollowMe,SuperFang,Taunt,HelpingHand|Jolly|||||50|]Arcanine||LifeOrb|Intimidate|FlareBlitz,PsychicFangs,ExtremeSpeed,Protect|Jolly||F|||50|
|showteam|p2|Archaludon||Leftovers|Stamina|ElectroShot,DracoMeteor,FlashCannon,Protect|Modest||F|||50|]Froslass||Froslassite|CursedBody|Blizzard,AuroraVeil,ShadowBall,Protect|Timid||F|||50|]Kingambit||FocusSash|Defiant|KowtowCleave,SuckerPunch,IronHead,Protect|Adamant||F|||50|]Palafin||LifeOrb|ZerotoHero|WaveCrash,JetPunch,FlipTurn,Protect|Adamant||F|||50|]Politoed||DampRock|Drizzle|HelpingHand,IcyWind,Encore,WeatherBall|Sassy||M|||50|]Farigiraf||MentalHerb|ArmorTail|HyperVoice,TwinBeam,TrickRoom,Protect|Sassy||F|||50|
|
|t:|1782457650
|teamsize|p1|4
|teamsize|p2|4
|start
|switch|p1a: pollen girl|Floette-Eternal, L50, F|100/100
|switch|p1b: rat|Sneasler, L50, M|100/100
|switch|p2a: Froslass|Froslass, L50, F|100/100
|switch|p2b: Palafin|Palafin, L50, F|100/100
|turn|1
|
|t:|1782457687
|detailschange|p2a: Froslass|Froslass-Mega, L50, F
|-mega|p2a: Froslass|Froslass|Froslassite
|-weather|Snowscape|[from] ability: Snow Warning|[of] p2a: Froslass
|detailschange|p1a: pollen girl|Floette-Mega, L50, F
|-mega|p1a: pollen girl|Floette|Floettite
|-ability|p1a: pollen girl|Fairy Aura
|move|p2b: Palafin|Protect|p2b: Palafin
|-singleturn|p2b: Palafin|Protect
|move|p1b: rat|Fake Out|p2b: Palafin
|-activate|p2b: Palafin|move: Protect
|move|p2a: Froslass|Aurora Veil|p2a: Froslass
|-sidestart|p2: Tia.exe|move: Aurora Veil
|move|p1a: pollen girl|Dazzling Gleam|p2b: Palafin|[spread] p2a
|-activate|p2b: Palafin|move: Protect
|-damage|p2a: Froslass|65/100
|
|-weather|Snowscape|[upkeep]
|upkeep
|turn|2
|c|Ōśåabconetwothree|fUCKL
|c|Ōśåabconetwothree|bro ur protects
|c|Ōśåabconetwothree|are always the wrong way for me
|c|Ōśåabconetwothree|i always predict the wrong thing bruh
|c|ŌśåTia.exe|thats the point of protect
|c|Ōśåabconetwothree|like i thought u would just flip turn out bruhhh
|
|t:|1782457769
|detailschange|p2b: Palafin|Palafin-Hero, L50, F
|switch|p2b: Politoed|Politoed, L50, M|100/100
|-weather|RainDance|[from] ability: Drizzle|[of] p2b: Politoed
|move|p2a: Froslass|Shadow Ball|p1b: rat
|-damage|p1b: rat|40/100
|move|p1b: rat|Dire Claw|p2b: Politoed
|-damage|p2b: Politoed|69/100
|-status|p2b: Politoed|slp
|move|p1a: pollen girl|Calm Mind|p1a: pollen girl
|-boost|p1a: pollen girl|spa|1
|-boost|p1a: pollen girl|spd|1
|
|-weather|RainDance|[upkeep]
|upkeep
|turn|3
|c|ŌśåTia.exe|bruh
|c|Ōśåabconetwothree|what the
|c|Ōśåabconetwothree|wait what
|c|Ōśåabconetwothree|theres a chance to sleep u?? sob
|c|ŌśåTia.exe|yes
|c|ŌśåTia.exe|30% of either para poison or sleep
|c|Ōśåabconetwothree|thats funny
|
|t:|1782457826
|switch|p1b: loving family|Maushold, L50|100/100
|move|p2a: Froslass|Shadow Ball|p1b: loving family
|-immune|p1b: loving family
|move|p1a: pollen girl|Calm Mind|p1a: pollen girl
|-boost|p1a: pollen girl|spa|1
|-boost|p1a: pollen girl|spd|1
|cant|p2b: Politoed|slp
|
|-weather|RainDance|[upkeep]
|upkeep
|turn|4
|c|Ōśåabconetwothree|ooh ok nice
|
|t:|1782457859
|move|p1b: loving family|Helping Hand|p1a: pollen girl
|-singleturn|p1a: pollen girl|Helping Hand|[of] p1b: loving family
|move|p2a: Froslass|Protect|p2a: Froslass
|-singleturn|p2a: Froslass|Protect
|move|p1a: pollen girl|Dazzling Gleam|p2a: Froslass|[spread] p2b
|-activate|p2a: Froslass|move: Protect
|-damage|p2b: Politoed|10/100 slp
|cant|p2b: Politoed|slp
|
|-weather|RainDance|[upkeep]
|upkeep
|turn|5
|c|Ōśåabconetwothree|wait 30% is like not bad actually
|
|t:|1782457890
|move|p1b: loving family|Helping Hand|p1a: pollen girl
|-singleturn|p1a: pollen girl|Helping Hand|[of] p1b: loving family
|-curestatus|p2b: Politoed|slp|[msg]
|move|p2b: Politoed|Helping Hand|p2a: Froslass
|-singleturn|p2a: Froslass|Helping Hand|[of] p2b: Politoed
|move|p2a: Froslass|Blizzard|p1a: pollen girl|[spread] p1a,p1b
|-damage|p1a: pollen girl|79/100
|-damage|p1b: loving family|11/100
|-enditem|p1b: loving family|Sitrus Berry|[eat]
|-heal|p1b: loving family|36/100|[from] item: Sitrus Berry
|move|p1a: pollen girl|Dazzling Gleam|p2b: Politoed|[spread] p2a,p2b
|-damage|p2a: Froslass|0 fnt
|-damage|p2b: Politoed|0 fnt
|faint|p2a: Froslass
|faint|p2b: Politoed
|
|-weather|RainDance|[upkeep]
|-sideend|p2: Tia.exe|move: Aurora Veil
|upkeep
|
|t:|1782457903
|switch|p2a: Palafin|Palafin-Hero, L50, F|100/100
|switch|p2b: Kingambit|Kingambit, L50, F|100/100
|-activate|p2a: Palafin|ability: Zero to Hero
|turn|6
|c|Ōśåabconetwothree|i win
|
|t:|1782457923
|move|p1b: loving family|Follow Me|p1b: loving family
|-singleturn|p1b: loving family|move: Follow Me
|move|p2a: Palafin|Jet Punch|p1b: loving family
|-damage|p1b: loving family|0 fnt
|faint|p1b: loving family
|-damage|p2a: Palafin|90/100|[from] item: Life Orb
|move|p1a: pollen girl|Moonblast|p2a: Palafin
|-damage|p2a: Palafin|0 fnt
|faint|p2a: Palafin
|move|p2b: Kingambit|Iron Head|p1a: pollen girl
|-supereffective|p1a: pollen girl|1
|-damage|p1a: pollen girl|0 fnt
|faint|p1a: pollen girl
|
|-weather|RainDance|[upkeep]
|upkeep
|c|Ōśåabconetwothree|NO
|c|Ōśåabconetwothree|NO
|c|Ōśåabconetwothree|OO
|c|Ōśåabconetwothree|oh
|c|Ōśåabconetwothree|i win
|c|Ōśåabconetwothree|ok
|c|Ōśåabconetwothree|bro i thought u were gonna protect
|
|t:|1782457937
|switch|p1b: lawnmower|Rotom-Mow, L50|100/100
|switch|p1a: rat|Sneasler, L50, M|40/100
|turn|7
|c|Ōśåabconetwothree|i was about to take back my attack
|c|ŌśåTia.exe|lol
|c|Ōśåabconetwothree|if u protect the palafin there u win yeah?
|c|ŌśåTia.exe|i mean yeah kinda
|
|t:|1782457973
|move|p1a: rat|Fake Out|p2b: Kingambit
|-resisted|p2b: Kingambit|1
|-damage|p2b: Kingambit|94/100
|cant|p2b: Kingambit|flinch
|move|p1b: lawnmower|Volt Switch|p2b: Kingambit
|-damage|p2b: Kingambit|71/100
|
|-weather|RainDance|[upkeep]
|upkeep
|turn|8
|
|t:|1782457983
|move|p2b: Kingambit|Sucker Punch|p1a: rat
|-resisted|p1a: rat|1
|-damage|p1a: rat|6/100
|move|p1a: rat|Close Combat|p2b: Kingambit
|-supereffective|p2b: Kingambit|2
|-damage|p2b: Kingambit|0 fnt
|-unboost|p1a: rat|def|1
|-unboost|p1a: rat|spd|1
|faint|p2b: Kingambit
|
|win|abconetwothree
||Tia.exe is ready for game 3.
|inactive|abconetwothree has 30 seconds to confirm battle start!
|c|Ōśåabconetwothree|can u attack ur own pokemon
|c|ŌśåTia.exe|ye
|c|Ōśåabconetwothree|i accidentally leaf stormed my own rat
|c|ŌśåTia.exe|lmao
||abconetwothree is ready for game 3.
|uhtml|next|Next: Game 3 of 3
