|j|☆daemian_x
|j|☆Mattchu56
|html|daemian_xMattchu56    
|uhtml|bestof|Game 1 of a best-of-3
|t:|1785278757
|gametype|doubles
|player|p1|daemian_x|blue|1144
|player|p2|Mattchu56|pokemonranger|1012
|gen|9
|tier|[Gen 9 Champions] VGC 2026 Reg M-B (Bo3)
|rated|
|rule|Species Clause: Limit one of each Pokémon
|rule|Item Clause: Limit 1 of each item
|clearpoke
|poke|p1|Tyranitar, L50, M|
|poke|p1|Excadrill, L50, M|
|poke|p1|Gholdengo, L50|
|poke|p1|Milotic, L50, F|
|poke|p1|Sinistcha, L50|
|poke|p1|Staraptor, L50, M|
|poke|p2|Blaziken, L50, M|
|poke|p2|Grimmsnarl, L50, M|
|poke|p2|Incineroar, L50, M|
|poke|p2|Raichu, L50, M|
|poke|p2|Farigiraf, L50, M, shiny|
|poke|p2|Dragalge, L50, F|
|teampreview|4
|showteam|p1|Tyranitar||Tyranitarite|SandStream|RockSlide,KnockOff,LowKick,Protect|Adamant||M|||50|]Excadrill||FocusSash|SandRush|RockSlide,HighHorsepower,IronHead,Protect|Adamant||M|||50|]Gholdengo||LifeOrb|GoodasGold|MakeItRain,ShadowBall,NastyPlot,Protect|Modest|||||50|]Milotic||SitrusBerry|Competitive|Scald,IceBeam,Recover,Protect|Modest||F|||50|]Sinistcha||ColburBerry|Hospitality|MatchaGotcha,RagePowder,StrengthSap,Protect|Bold|||||50|]Staraptor||Staraptite|Intimidate|CloseCombat,BraveBird,Tailwind,Protect|Jolly||M|||50|
|showteam|p2|Blaziken||Blazikenite|SpeedBoost|Protect,BlazeKick,CloseCombat,RockSlide|Adamant||M|||50|]Grimmsnarl||SitrusBerry|Prankster|LightScreen,Reflect,FakeOut,SpiritBreak|Impish||M|||50|]Incineroar||Leftovers|Intimidate|FlareBlitz,FakeOut,PartingShot,Protect|Careful||M|||50|]Raichu||RaichuniteY|Static|VoltSwitch,ZapCannon,Protect,Discharge|Modest||M|||50|]Farigiraf||ColburBerry|ArmorTail|TrickRoom,HyperVoice,HelpingHand,Protect|Relaxed||M|||50|]Dragalge||Dragalgite|PoisonPoint|DracoMeteor,FlipTurn,SludgeWave,Protect|Bold||F|||50|
|
|t:|1785278804
|teamsize|p1|4
|teamsize|p2|4
|start
|switch|p1a: Milotic|Milotic, L50, F|100/100
|switch|p1b: Excadrill|Excadrill, L50, M|100/100
|switch|p2a: Chico|Blaziken, L50, M|100/100
|switch|p2b: Pollution|Dragalge, L50, F|100/100
|turn|1
|
|t:|1785278841
|switch|p2a: The Rock|Incineroar, L50, M|100/100
|-ability|p2a: The Rock|Intimidate|boost
|-unboost|p1a: Milotic|atk|1
|-ability|p1a: Milotic|Competitive|boost
|-boost|p1a: Milotic|spa|2
|-unboost|p1b: Excadrill|atk|1
|move|p1b: Excadrill|High Horsepower|p2b: Pollution
|-supereffective|p2b: Pollution|1
|-damage|p2b: Pollution|37/100
|move|p1a: Milotic|Ice Beam|p2b: Pollution
|-supereffective|p2b: Pollution|1
|-damage|p2b: Pollution|0 fnt
|faint|p2b: Pollution
|
|upkeep
|
|t:|1785278855
|switch|p2b: Zhane|Farigiraf, L50, M, shiny|100/100
|turn|2
|
|t:|1785278901
|move|p2a: The Rock|Fake Out|p1a: Milotic
|-damage|p1a: Milotic|90/100
|move|p1b: Excadrill|High Horsepower|p2a: The Rock
|-supereffective|p2a: The Rock|1
|-damage|p2a: The Rock|28/100
|cant|p1a: Milotic|flinch
|move|p2b: Zhane|Hyper Voice|p1b: Excadrill|[spread] p1a,p1b
|-resisted|p1b: Excadrill|1
|-damage|p1a: Milotic|72/100
|-damage|p1b: Excadrill|81/100
|
|-heal|p2a: The Rock|34/100|[from] item: Leftovers
|upkeep
|turn|3
|
|t:|1785278924
|move|p2a: The Rock|Protect|p2a: The Rock
|-singleturn|p2a: The Rock|Protect
|move|p1b: Excadrill|High Horsepower|p2a: The Rock
|-activate|p2a: The Rock|move: Protect
|move|p1a: Milotic|Scald|p2b: Zhane
|-damage|p2b: Zhane|43/100
|move|p2b: Zhane|Hyper Voice|p1a: Milotic|[spread] p1a,p1b
|-resisted|p1b: Excadrill|1
|-damage|p1a: Milotic|53/100
|-damage|p1b: Excadrill|64/100
|
|-heal|p2a: The Rock|40/100|[from] item: Leftovers
|upkeep
|turn|4
|
|t:|1785278945
|move|p1b: Excadrill|High Horsepower|p2a: The Rock
|-supereffective|p2a: The Rock|1
|-damage|p2a: The Rock|0 fnt
|faint|p2a: The Rock
|move|p1a: Milotic|Scald|p2b: Zhane
|-damage|p2b: Zhane|0 fnt
|faint|p2b: Zhane
|
|upkeep
|
|t:|1785278962
|switch|p2a: Chico|Blaziken, L50, M|100/100
|turn|5
|
|t:|1785278979
|switch|p1b: Tyranitar|Tyranitar, L50, M|100/100
|-weather|Sandstorm|[from] ability: Sand Stream|[of] p1b: Tyranitar
|detailschange|p2a: Chico|Blaziken-Mega, L50, M
|-mega|p2a: Chico|Blaziken|Blazikenite
|move|p2a: Chico|Protect|p2a: Chico
|-singleturn|p2a: Chico|Protect
|move|p1a: Milotic|Scald|p2a: Chico
|-activate|p2a: Chico|move: Protect
|
|-weather|Sandstorm|[upkeep]
|-damage|p2a: Chico|94/100|[from] Sandstorm
|-damage|p1a: Milotic|48/100|[from] Sandstorm
|-enditem|p1a: Milotic|Sitrus Berry|[eat]
|-heal|p1a: Milotic|72/100|[from] item: Sitrus Berry
|-ability|p2a: Chico|Speed Boost|boost
|-boost|p2a: Chico|spe|1
|upkeep
|turn|6
|
|t:|1785279004
|move|p2a: Chico|Close Combat|p1b: Tyranitar
|-supereffective|p1b: Tyranitar|2
|-damage|p1b: Tyranitar|0 fnt
|-unboost|p2a: Chico|def|1
|-unboost|p2a: Chico|spd|1
|faint|p1b: Tyranitar
|move|p1a: Milotic|Scald|p2a: Chico
|-supereffective|p2a: Chico|1
|-damage|p2a: Chico|0 fnt
|faint|p2a: Chico
|
|win|daemian_x
||Mattchu56 is ready for game 2.
||daemian_x is ready for game 2.
|uhtml|next|Next: Game 2 of 3
|l|☆Mattchu56
|player|p2|
