|j|☆Ferran Tiburon
|j|☆v_meili
|html|Ferran Tiburonv_meili    
|uhtml|bestof|Game 3 of a best-of-3
|t:|1783200282
|gametype|doubles
|player|p1|Ferran Tiburon|265|1181
|player|p2|v_meili|elesa|1072
|gen|9
|tier|[Gen 9 Champions] VGC 2026 Reg M-B (Bo3)
|rated|
|rule|Species Clause: Limit one of each Pokémon
|rule|Item Clause: Limit 1 of each item
|clearpoke
|poke|p1|Charizard, L50, F|
|poke|p1|Kingambit, L50, F|
|poke|p1|Sylveon, L50, F|
|poke|p1|Garchomp, L50, M|
|poke|p1|Aerodactyl, L50, F|
|poke|p1|Farigiraf, L50, M|
|poke|p2|Pelipper, L50, F|
|poke|p2|Archaludon, L50, F|
|poke|p2|Basculegion, L50, M|
|poke|p2|Grimmsnarl, L50, M|
|poke|p2|Metagross, L50|
|poke|p2|Scovillain, L50, F|
|teampreview|4
|showteam|p1|Charizard||CharizarditeY|SolarPower|Protect,HeatWave,SolarBeam,WeatherBall|Modest||F|||50|]Kingambit||FocusSash|Defiant|IronHead,SuckerPunch,KowtowCleave,LowKick|Adamant||F|||50|]Sylveon||FairyFeather|Pixilate|Detect,HyperVoice,HyperBeam,QuickAttack|Modest||F|||50|]Garchomp||LifeOrb|RoughSkin|Protect,DragonClaw,Earthquake,StompingTantrum|Jolly||M|||50|]Aerodactyl||Aerodactylite|Unnerve|IceFang,RockSlide,Tailwind,DualWingbeat|Jolly||F|||50|]Farigiraf||SitrusBerry|ArmorTail|TrickRoom,Psychic,Thunderbolt,Roar|Bold||M|||50|
|showteam|p2|Pelipper||FocusSash|Drizzle|WeatherBall,Protect,Tailwind,Hurricane|Timid||F|||50|]Archaludon||Leftovers|Stamina|FlashCannon,DragonPulse,Protect,ElectroShot|Calm||F|||50|]Basculegion||LifeOrb|SwiftSwim|Protect,WaveCrash,AquaJet,LastRespects|Jolly||M|||50|]Grimmsnarl||LightClay|Prankster|Reflect,LightScreen,PartingShot,SpiritBreak|Careful||M|||50|]Metagross||Metagrossite|ClearBody|BulletPunch,RockTomb,BrickBreak,Protect|Jolly|||||50|]Scovillain||Scovillainite|Moody|Protect,RagePowder,GigaDrain,LeechSeed|Bold||F|||50|
|inactive|Battle timer is ON: inactive players will automatically lose when time's up. (requested by Ferran Tiburon)
|
|t:|1783200307
|teamsize|p1|4
|teamsize|p2|4
|start
|switch|p1a: Sylveon|Sylveon, L50, F|100/100
|switch|p1b: Farigiraf|Farigiraf, L50, M|100/100
|switch|p2a: Pelipper|Pelipper, L50, F|100/100
|switch|p2b: Basculegion|Basculegion, L50, M|100/100
|-weather|RainDance|[from] ability: Drizzle|[of] p2a: Pelipper
|turn|1
|
|t:|1783200321
|move|p1a: Sylveon|Detect|p1a: Sylveon
|-singleturn|p1a: Sylveon|Protect
|move|p2b: Basculegion|Wave Crash|p1b: Farigiraf
|-damage|p1b: Farigiraf|9/100
|-enditem|p1b: Farigiraf|Sitrus Berry|[eat]
|-heal|p1b: Farigiraf|34/100|[from] item: Sitrus Berry
|-damage|p2b: Basculegion|66/100|[from] Recoil
|-damage|p2b: Basculegion|56/100|[from] item: Life Orb
|move|p2a: Pelipper|Weather Ball|p1b: Farigiraf
|-damage|p1b: Farigiraf|0 fnt
|faint|p1b: Farigiraf
|
|-weather|RainDance|[upkeep]
|upkeep
|
|t:|1783200329
|switch|p1b: Kingambit|Kingambit, L50, F|100/100
|turn|2
|inactive|Ferran Tiburon has 30 seconds left.
|
|t:|1783200355
|move|p2b: Basculegion|Protect|p2b: Basculegion
|-singleturn|p2b: Basculegion|Protect
|move|p1b: Kingambit|Sucker Punch||[still]
|-fail|p1b: Kingambit
|move|p2a: Pelipper|Weather Ball|p1b: Kingambit
|-damage|p1b: Kingambit|21/100
|move|p1a: Sylveon|Hyper Voice|p2b: Basculegion|[spread] p2a
|-activate|p2b: Basculegion|move: Protect
|-damage|p2a: Pelipper|14/100
|
|-weather|RainDance|[upkeep]
|upkeep
|turn|3
|
|t:|1783200378
|switch|p2a: Metagross|Metagross, L50|100/100
|move|p2b: Basculegion|Aqua Jet|p1b: Kingambit
|-damage|p1b: Kingambit|0 fnt
|faint|p1b: Kingambit
|-damage|p2b: Basculegion|47/100|[from] item: Life Orb
|move|p1a: Sylveon|Hyper Voice|p2a: Metagross|[spread] p2a,p2b
|-resisted|p2a: Metagross|1
|-damage|p2a: Metagross|71/100
|-damage|p2b: Basculegion|0 fnt
|faint|p2b: Basculegion
|
|-weather|RainDance|[upkeep]
|upkeep
|
|t:|1783200389
|switch|p2b: Grimmsnarl|Grimmsnarl, L50, M|100/100
|switch|p1b: Charizard|Charizard, L50, F|100/100
|turn|4
|
|t:|1783200406
|detailschange|p2a: Metagross|Metagross-Mega, L50
|-mega|p2a: Metagross|Metagross|Metagrossite
|move|p1b: Charizard|Protect|p1b: Charizard
|-singleturn|p1b: Charizard|Protect
|move|p2a: Metagross|Bullet Punch|p1a: Sylveon
|-supereffective|p1a: Sylveon|1
|-damage|p1a: Sylveon|28/100
|move|p2b: Grimmsnarl|Parting Shot|p1b: Charizard
|-activate|p1b: Charizard|move: Protect
|move|p1a: Sylveon|Hyper Voice|p2a: Metagross|[spread] p2a,p2b
|-resisted|p2a: Metagross|1
|-supereffective|p2b: Grimmsnarl|1
|-damage|p2a: Metagross|44/100
|-damage|p2b: Grimmsnarl|15/100
|
|-weather|RainDance|[upkeep]
|upkeep
|turn|5
|inactive|Ferran Tiburon has 30 seconds left.
|inactive|v_meili has 30 seconds left.
|
|t:|1783200438
|move|p1a: Sylveon|Quick Attack|p2b: Grimmsnarl
|-supereffective|p2b: Grimmsnarl|1
|-damage|p2b: Grimmsnarl|0 fnt
|faint|p2b: Grimmsnarl
|move|p2a: Metagross|Rock Tomb|p1b: Charizard
|-supereffective|p1b: Charizard|2
|-damage|p1b: Charizard|9/100
|-unboost|p1b: Charizard|spe|1
|move|p1b: Charizard|Weather Ball|p2a: Metagross
|-damage|p2a: Metagross|1/100
|
|-weather|none
|upkeep
|
|t:|1783200445
|switch|p2b: Pelipper|Pelipper, L50, F|14/100
|-weather|RainDance|[from] ability: Drizzle|[of] p2b: Pelipper
|turn|6
|
|t:|1783200466
|detailschange|p1b: Charizard|Charizard-Mega-Y, L50, F
|-mega|p1b: Charizard|Charizard|Charizardite Y
|-weather|SunnyDay|[from] ability: Drought|[of] p1b: Charizard
|move|p2a: Metagross|Bullet Punch|p1b: Charizard
|-resisted|p1b: Charizard|1
|-damage|p1b: Charizard|0 fnt
|faint|p1b: Charizard
|move|p1a: Sylveon|Quick Attack|p2a: Metagross
|-resisted|p2a: Metagross|1
|-damage|p2a: Metagross|0 fnt
|faint|p2a: Metagross
|move|p2b: Pelipper|Weather Ball|p1a: Sylveon
|-damage|p1a: Sylveon|0 fnt
|faint|p1a: Sylveon
|
|win|v_meili
|raw|Ferran Tiburon's rating: 1181 → 1148(-33 for losing)
|raw|v_meili's rating: 1072 → 1110(+38 for winning)
|l|☆v_meili
|player|p2|
