|j|☆MrPhoenixGC
|j|☆nman101010
|html|MrPhoenixGCnman101010    
|uhtml|bestof|Game 1 of a best-of-3
|t:|1783472175
|gametype|doubles
|player|p1|MrPhoenixGC|steven|1149
|player|p2|nman101010|101|1110
|gen|9
|tier|[Gen 9 Champions] VGC 2026 Reg M-B (Bo3)
|rated|
|rule|Species Clause: Limit one of each Pokémon
|rule|Item Clause: Limit 1 of each item
|clearpoke
|poke|p1|Charizard, L50, M|
|poke|p1|Kingambit, L50, M|
|poke|p1|Sylveon, L50, F|
|poke|p1|Garchomp, L50, F|
|poke|p1|Aerodactyl, L50, M|
|poke|p1|Farigiraf, L50, F|
|poke|p2|Gholdengo, L50|
|poke|p2|Farigiraf, L50, M|
|poke|p2|Dragonite, L50, F|
|poke|p2|Politoed, L50, F|
|poke|p2|Basculegion, L50, M|
|poke|p2|Sylveon, L50, F|
|teampreview|4
|showteam|p1|Charizard||CharizarditeY|SolarPower|Protect,HeatWave,SolarBeam,WeatherBall|Modest||M|||50|]Kingambit||FocusSash|Defiant|IronHead,SuckerPunch,KowtowCleave,LowKick|Adamant||M|||50|]Sylveon||FairyFeather|Pixilate|Detect,HyperVoice,HyperBeam,QuickAttack|Modest||F|||50|]Garchomp||LifeOrb|RoughSkin|Protect,DragonClaw,Earthquake,RockSlide|Jolly||F|||50|]Aerodactyl||Aerodactylite|Unnerve|IceFang,RockSlide,Tailwind,DualWingbeat|Jolly||M|||50|]Farigiraf||SitrusBerry|ArmorTail|TrickRoom,Psychic,Thunderbolt,Protect|Bold||F|||50|
|showteam|p2|Gholdengo||LifeOrb|GoodasGold|MakeItRain,ShadowBall,PowerGem,Protect|Modest|||||50|]Farigiraf||SitrusBerry|ArmorTail|Psychic,HyperVoice,TrickRoom,Protect|Modest||M|||50|]Dragonite||Dragoninite|Multiscale|DracoMeteor,Hurricane,Haze,Tailwind|Modest||F|||50|]Politoed||Leftovers|Drizzle|WeatherBall,IcyWind,Haze,Encore|Timid||F|||50|]Basculegion||ChoiceScarf|Adaptability|WaveCrash,LastRespects,FlipTurn,AquaJet|Jolly||M|||50|]Sylveon||FairyFeather|Pixilate|HyperVoice,HyperBeam,QuickAttack,Detect|Modest||F|||50|
|j| Agent_999_999
|
|t:|1783472232
|teamsize|p1|4
|teamsize|p2|4
|start
|switch|p1a: Charizard|Charizard, L50, M|100/100
|switch|p1b: Kingambit|Kingambit, L50, M|100/100
|switch|p2a: Basculegion|Basculegion, L50, M|100/100
|switch|p2b: Dragonite|Dragonite, L50, F|100/100
|turn|1
|
|t:|1783472264
|switch|p2b: Farigiraf|Farigiraf, L50, M|100/100
|move|p1a: Charizard|Protect|p1a: Charizard
|-singleturn|p1a: Charizard|Protect
|move|p2a: Basculegion|Flip Turn|p1b: Kingambit
|-damage|p1b: Kingambit|68/100
|
|t:|1783472274
|switch|p2a: Dragonite|Dragonite, L50, F|100/100|[from] Flip Turn
|move|p1b: Kingambit|Kowtow Cleave|p2a: Dragonite
|-damage|p2a: Dragonite|76/100
|
|upkeep
|turn|2
|
|t:|1783472310
|detailschange|p1a: Charizard|Charizard-Mega-Y, L50, M
|-mega|p1a: Charizard|Charizard|Charizardite Y
|-weather|SunnyDay|[from] ability: Drought|[of] p1a: Charizard
|detailschange|p2a: Dragonite|Dragonite-Mega, L50, F
|-mega|p2a: Dragonite|Dragonite|Dragoninite
|move|p2b: Farigiraf|Protect|p2b: Farigiraf
|-singleturn|p2b: Farigiraf|Protect
|move|p2a: Dragonite|Draco Meteor|p1a: Charizard|[miss]
|-miss|p2a: Dragonite|p1a: Charizard
|move|p1a: Charizard|Heat Wave|p2a: Dragonite|[spread] p2a
|-activate|p2b: Farigiraf|move: Protect
|-resisted|p2a: Dragonite|1
|-damage|p2a: Dragonite|56/100
|-status|p2a: Dragonite|brn
|move|p1b: Kingambit|Kowtow Cleave|p2b: Farigiraf
|-activate|p2b: Farigiraf|move: Protect
|
|-weather|SunnyDay|[upkeep]
|-damage|p2a: Dragonite|50/100y brn|[from] brn
|upkeep
|turn|3
|
|t:|1783472347
|switch|p1a: Sylveon|Sylveon, L50, F|100/100
|switch|p2b: Politoed|Politoed, L50, F|100/100
|-weather|RainDance|[from] ability: Drizzle|[of] p2b: Politoed
|move|p2a: Dragonite|Hurricane|p1b: Kingambit
|-resisted|p1b: Kingambit|1
|-damage|p1b: Kingambit|34/100
|move|p1b: Kingambit|Kowtow Cleave|p2b: Politoed
|-damage|p2b: Politoed|43/100
|
|-weather|RainDance|[upkeep]
|-heal|p2b: Politoed|49/100|[from] item: Leftovers
|-damage|p2a: Dragonite|43/100 brn|[from] brn
|upkeep
|turn|4
|
|t:|1783472374
|switch|p2b: Farigiraf|Farigiraf, L50, M|100/100
|move|p1b: Kingambit|Sucker Punch||[still]
|cant|p2b: Farigiraf|ability: Armor Tail|Sucker Punch|[of] p1b: Kingambit
|move|p2a: Dragonite|Hurricane|p1b: Kingambit
|-resisted|p1b: Kingambit|1
|-damage|p1b: Kingambit|2/100
|-start|p1b: Kingambit|confusion
|move|p1a: Sylveon|Hyper Voice|p2a: Dragonite|[spread] p2a,p2b
|-supereffective|p2a: Dragonite|1
|-damage|p2a: Dragonite|0 fnt
|-damage|p2b: Farigiraf|54/100
|faint|p2a: Dragonite
|
|-weather|RainDance|[upkeep]
|upkeep
|
|t:|1783472395
|switch|p2a: Basculegion|Basculegion, L50, M|100/100
|turn|5
|
|t:|1783472411
|move|p2a: Basculegion|Wave Crash|p1a: Sylveon
|-damage|p1a: Sylveon|0 fnt
|faint|p1a: Sylveon
|-damage|p2a: Basculegion|70/100|[from] Recoil
|-activate|p1b: Kingambit|confusion
|move|p1b: Kingambit|Kowtow Cleave|p2b: Farigiraf
|-supereffective|p2b: Farigiraf|1
|-damage|p2b: Farigiraf|0 fnt
|faint|p2b: Farigiraf
|
|-weather|RainDance|[upkeep]
|upkeep
|
|t:|1783472432
|switch|p1a: Charizard|Charizard-Mega-Y, L50, M|100/100
|switch|p2b: Politoed|Politoed, L50, F|49/100
|-weather|SunnyDay|[from] ability: Drought|[of] p1a: Charizard
|turn|6
|l|☆nman101010
|player|p2|
|j|☆nman101010
|player|p2|nman101010|101|
|
|t:|1783472466
|-end|p1b: Kingambit|confusion
|move|p1b: Kingambit|Sucker Punch|p2a: Basculegion
|-supereffective|p2a: Basculegion|1
|-damage|p2a: Basculegion|0 fnt
|faint|p2a: Basculegion
|move|p2b: Politoed|Icy Wind|p1b: Kingambit|[spread] p1a,p1b
|-resisted|p1b: Kingambit|1
|-damage|p1a: Charizard|91/100
|-damage|p1b: Kingambit|0 fnt
|-unboost|p1a: Charizard|spe|1
|faint|p1b: Kingambit
|move|p1a: Charizard|Solar Beam||[still]
|-prepare|p1a: Charizard|Solar Beam
|-anim|p1a: Charizard|Solar Beam|p2b: Politoed
|-supereffective|p2b: Politoed|1
|-damage|p2b: Politoed|0 fnt
|faint|p2b: Politoed
|
|win|MrPhoenixGC
|inactive|MrPhoenixGC has 30 seconds to confirm battle start!
|inactive|nman101010 has 30 seconds to confirm battle start!
||nman101010 is ready for game 2.
||MrPhoenixGC is ready for game 2.
|uhtml|next|Next: Game 2 of 3
|l| Agent_999_999
|l|☆nman101010
|player|p2|
