|j|☆marsh180
|j|☆Ryannogsl
|html|marsh180Ryannogsl    
|uhtml|bestof|Game 1 of a best-of-3
|t:|1756597716
|gametype|doubles
|player|p1|marsh180|ingo|
|player|p2|Ryannogsl|red|
|gen|9
|tier|[Gen 9] VGC 2025 Reg H (Bo3)
|rule|Species Clause: Limit one of each Pokémon
|rule|Item Clause: Limit 1 of each item
|clearpoke
|poke|p1|Grimmsnarl, L50, M|
|poke|p1|Annihilape, L50, F|
|poke|p1|Maushold, L50|
|poke|p1|Pelipper, L50, M|
|poke|p1|Archaludon, L50, F|
|poke|p1|Sinistcha, L50|
|poke|p2|Charizard, L50, M|
|poke|p2|Torkoal, L50, M|
|poke|p2|Porygon2, L50|
|poke|p2|Incineroar, L50, M|
|poke|p2|Jumpluff, L50, M|
|poke|p2|Ursaluna, L50, F|
|teampreview|4
|showteam|p1|Grimmsnarl||LightClay|Prankster|Reflect,LightScreen,ThunderWave,SpiritBreak|||M|||50|,,,,,Steel]Annihilape||SpellTag|Defiant|BulkUp,Protect,DrainPunch,RageFist|||F|||50|,,,,,Dragon]Maushold||SafetyGoggles|FriendGuard|BeatUp,Taunt,FollowMe,Protect||||||50|,,,,,Ghost]Pelipper||LifeOrb|Drizzle|Hurricane,WeatherBall,Tailwind,Protect|||M|||50|,,,,,Stellar]Archaludon||AssaultVest|Stamina|ElectroShot,DracoMeteor,Snarl,BodyPress|||F|||50|,,,,,Grass]Sinistcha||SitrusBerry|Hospitality|LifeDew,TrickRoom,StrengthSap,MatchaGotcha||||||50|,,,,,Water
|showteam|p2|Charizard||ChoiceSpecs|SolarPower|HeatWave,Overheat,WeatherBall,AirSlash|||M|||50|,,,,,Ghost]Torkoal||EjectPack|Drought|Eruption,Overheat,HelpingHand,Protect|||M|||50|,,,,,Fire]Porygon2||Eviolite|Download|TeraBlast,IceBeam,Recover,TrickRoom||||||50|,,,,,Fighting]Incineroar||SitrusBerry|Intimidate|FlareBlitz,KnockOff,FakeOut,PartingShot|||M|||50|,,,,,Ghost]Jumpluff||CovertCloak|Chlorophyll|SleepPowder,SunnyDay,RagePowder,Tailwind|||M|||50|,,,,,Water]Ursaluna||FlameOrb|Guts|HeadlongRush,Facade,Earthquake,Protect|||F|||50|,,,,,Ghost
|
|t:|1756597771
|teamsize|p1|4
|teamsize|p2|4
|start
|switch|p1a: Annihilape|Annihilape, L50, F|100/100
|switch|p1b: Grimmsnarl|Grimmsnarl, L50, M|100/100
|switch|p2a: Jumpluff|Jumpluff, L50, M|100/100
|switch|p2b: Charizard|Charizard, L50, M, shiny|100/100
|turn|1
|
|t:|1756597800
|switch|p1a: Maushold|Maushold, L50|100/100
|move|p1b: Grimmsnarl|Light Screen|p1b: Grimmsnarl
|-sidestart|p1: marsh180|move: Light Screen
|move|p2a: Jumpluff|Sleep Powder|p1a: Maushold
|-activate|p1a: Maushold|item: Safety Goggles|Sleep Powder
|move|p2b: Charizard|Air Slash|p1a: Maushold
|-damage|p1a: Maushold|60/100
|
|upkeep
|turn|2
|
|t:|1756597822
|switch|p2b: Torkoal|Torkoal, L50, M|100/100
|-weather|SunnyDay|[from] ability: Drought|[of] p2b: Torkoal
|move|p1a: Maushold|Protect|p1a: Maushold
|-singleturn|p1a: Maushold|Protect
|move|p1b: Grimmsnarl|Thunder Wave|p2a: Jumpluff
|-status|p2a: Jumpluff|par
|move|p2a: Jumpluff|Tailwind|p2a: Jumpluff
|-sidestart|p2: Ryannogsl|move: Tailwind
|
|-weather|SunnyDay|[upkeep]
|upkeep
|turn|3
|
|t:|1756597856
|switch|p2a: Charizard|Charizard, L50, M, shiny|100/100
|move|p1a: Maushold|Taunt|p2a: Charizard
|-start|p2a: Charizard|move: Taunt
|move|p1b: Grimmsnarl|Spirit Break|p2b: Torkoal
|-resisted|p2b: Torkoal
|-damage|p2b: Torkoal|89/100
|-unboost|p2b: Torkoal|spa|1
|-enditem|p2b: Torkoal|Eject Pack
|
|t:|1756597873
|switch|p2b: Porygon2|Porygon2, L50|100/100
|-ability|p2b: Porygon2|Download|boost
|-boost|p2b: Porygon2|atk|1
|
|-weather|SunnyDay|[upkeep]
|-damage|p2a: Charizard|88/100|[from] ability: Solar Power|[of] p2a: Charizard
|upkeep
|turn|4
|
|t:|1756597917
|switch|p1a: Pelipper|Pelipper, L50, M|100/100
|-weather|RainDance|[from] ability: Drizzle|[of] p1a: Pelipper
|move|p2a: Charizard|Heat Wave|p1b: Grimmsnarl|[spread] p1b
|-miss|p2a: Charizard|p1a: Pelipper
|-damage|p1b: Grimmsnarl|87/100
|move|p2b: Porygon2|Tera Blast|p1a: Pelipper
|-damage|p1a: Pelipper|53/100
|move|p1b: Grimmsnarl|Spirit Break|p2a: Charizard
|-resisted|p2a: Charizard
|-damage|p2a: Charizard|65/100
|-unboost|p2a: Charizard|spa|1
|
|-weather|RainDance|[upkeep]
|upkeep
|turn|5
|
|t:|1756597944
|switch|p2a: Jumpluff|Jumpluff, L50, M|100/100 par
|move|p1a: Pelipper|Protect|p1a: Pelipper
|-singleturn|p1a: Pelipper|Protect
|move|p1b: Grimmsnarl|Spirit Break|p2b: Porygon2
|-damage|p2b: Porygon2|80/100
|-unboost|p2b: Porygon2|spa|1
|move|p2b: Porygon2|Trick Room|p2b: Porygon2
|-fieldstart|move: Trick Room|[of] p2b: Porygon2
|
|-weather|RainDance|[upkeep]
|-sideend|p2: Ryannogsl|move: Tailwind
|upkeep
|turn|6
|
|t:|1756597978
|switch|p2a: Torkoal|Torkoal, L50, M|89/100
|-weather|SunnyDay|[from] ability: Drought|[of] p2a: Torkoal
|-terastallize|p2b: Porygon2|Fighting
|move|p1b: Grimmsnarl|Spirit Break|p2b: Porygon2
|-supereffective|p2b: Porygon2
|-damage|p2b: Porygon2|41/100
|-unboost|p2b: Porygon2|spa|1
|move|p2b: Porygon2|Tera Blast|p1b: Grimmsnarl|[anim] Tera Blast Fighting
|-damage|p1b: Grimmsnarl|54/100
|move|p1a: Pelipper|Hurricane|p2a: Torkoal|[miss]
|-miss|p1a: Pelipper|p2a: Torkoal
|
|-weather|SunnyDay|[upkeep]
|upkeep
|turn|7
|
|t:|1756598014
|switch|p2b: Charizard|Charizard, L50, M, shiny|65/100
|switch|p1a: Maushold|Maushold, L50|60/100
|move|p1b: Grimmsnarl|Thunder Wave|p2a: Torkoal
|-status|p2a: Torkoal|par
|move|p2a: Torkoal|Eruption|p1a: Maushold|[spread] p1a,p1b
|-damage|p1a: Maushold|8/100
|-damage|p1b: Grimmsnarl|29/100
|
|-weather|SunnyDay|[upkeep]
|-damage|p2b: Charizard|53/100|[from] ability: Solar Power|[of] p2b: Charizard
|upkeep
|turn|8
|
|t:|1756598038
|switch|p1b: Pelipper|Pelipper, L50, M|53/100
|-weather|RainDance|[from] ability: Drizzle|[of] p1b: Pelipper
|move|p1a: Maushold|Protect|p1a: Maushold
|-singleturn|p1a: Maushold|Protect
|move|p2a: Torkoal|Eruption|p1b: Pelipper|[spread] p1b
|-activate|p1a: Maushold|move: Protect
|-resisted|p1b: Pelipper
|-damage|p1b: Pelipper|43/100
|move|p2b: Charizard|Air Slash|p1a: Maushold
|-activate|p1a: Maushold|move: Protect
|
|-weather|RainDance|[upkeep]
|-sideend|p1: marsh180|move: Light Screen
|upkeep
|turn|9
|
|t:|1756598065
|switch|p2a: Jumpluff|Jumpluff, L50, M|100/100 par
|switch|p2b: Porygon2|Porygon2, L50, tera:Fighting|41/100
|-ability|p2b: Porygon2|Download|boost
|-boost|p2b: Porygon2|spa|1
|move|p1a: Maushold|Protect||[still]
|-fail|p1a: Maushold
|move|p1b: Pelipper|Weather Ball|p2b: Porygon2
|-damage|p2b: Porygon2|0 fnt
|faint|p2b: Porygon2
|-damage|p1b: Pelipper|34/100|[from] item: Life Orb
|
|-weather|RainDance|[upkeep]
|-fieldend|move: Trick Room
|upkeep
|
|t:|1756598082
|switch|p2b: Charizard|Charizard, L50, M, shiny|53/100
|turn|10
|
|t:|1756598093
|move|p1b: Pelipper|Protect|p1b: Pelipper
|-singleturn|p1b: Pelipper|Protect
|move|p1a: Maushold|Taunt|p2a: Jumpluff
|-start|p2a: Jumpluff|move: Taunt
|move|p2b: Charizard|Heat Wave|p1b: Pelipper|[spread] p1a
|-activate|p1b: Pelipper|move: Protect
|-crit|p1a: Maushold
|-damage|p1a: Maushold|0 fnt
|faint|p1a: Maushold
|cant|p2a: Jumpluff|move: Taunt|Sunny Day
|
|-weather|RainDance|[upkeep]
|upkeep
|
|t:|1756598105
|switch|p1a: Grimmsnarl|Grimmsnarl, L50, M|29/100
|turn|11
|
|t:|1756598124
|switch|p1b: Annihilape|Annihilape, L50, F|100/100
|switch|p2a: Torkoal|Torkoal, L50, M|89/100 par
|-weather|SunnyDay|[from] ability: Drought|[of] p2a: Torkoal
|move|p1a: Grimmsnarl|Light Screen|p1a: Grimmsnarl
|-sidestart|p1: marsh180|move: Light Screen
|move|p2b: Charizard|Heat Wave|p1a: Grimmsnarl|[spread] p1a,p1b
|-damage|p1a: Grimmsnarl|0 fnt
|-damage|p1b: Annihilape|19/100
|faint|p1a: Grimmsnarl
|
|-weather|SunnyDay|[upkeep]
|-damage|p2b: Charizard|40/100|[from] ability: Solar Power|[of] p2b: Charizard
|upkeep
|
|t:|1756598134
|switch|p1a: Pelipper|Pelipper, L50, M|34/100
|-weather|RainDance|[from] ability: Drizzle|[of] p1a: Pelipper
|turn|12
|
|t:|1756598151
|switch|p2a: Jumpluff|Jumpluff, L50, M|100/100 par
|-terastallize|p1b: Annihilape|Dragon
|move|p2b: Charizard|Heat Wave|p1b: Annihilape|[spread] p1a,p1b
|-resisted|p1a: Pelipper
|-resisted|p1b: Annihilape
|-damage|p1a: Pelipper|19/100
|-damage|p1b: Annihilape|11/100
|move|p1b: Annihilape|Drain Punch|p2a: Jumpluff
|-resisted|p2a: Jumpluff
|-damage|p2a: Jumpluff|76/100 par
|-heal|p1b: Annihilape|23/100|[from] drain|[of] p2a: Jumpluff
|move|p1a: Pelipper|Weather Ball|p2b: Charizard
|-supereffective|p2b: Charizard
|-damage|p2b: Charizard|0 fnt
|faint|p2b: Charizard
|-damage|p1a: Pelipper|9/100|[from] item: Life Orb
|
|-weather|RainDance|[upkeep]
|upkeep
|
|t:|1756598171
|switch|p2b: Torkoal|Torkoal, L50, M|89/100 par
|-weather|SunnyDay|[from] ability: Drought|[of] p2b: Torkoal
|turn|13
|
|t:|1756598185
|move|p2a: Jumpluff|Sleep Powder|p1a: Pelipper|[miss]
|-miss|p2a: Jumpluff|p1a: Pelipper
|move|p1b: Annihilape|Drain Punch|p2b: Torkoal
|-damage|p2b: Torkoal|64/100 par
|-heal|p1b: Annihilape|35/100|[from] drain|[of] p2b: Torkoal
|move|p1a: Pelipper|Hurricane|p2a: Jumpluff|[miss]
|-miss|p1a: Pelipper|p2a: Jumpluff
|move|p2b: Torkoal|Eruption|p1b: Annihilape|[spread] p1a,p1b
|-resisted|p1a: Pelipper
|-resisted|p1b: Annihilape
|-damage|p1a: Pelipper|0 fnt
|-damage|p1b: Annihilape|19/100
|faint|p1a: Pelipper
|
|-weather|SunnyDay|[upkeep]
|upkeep
|turn|14
|
|t:|1756598206
|move|p1b: Annihilape|Protect|p1b: Annihilape
|-singleturn|p1b: Annihilape|Protect
|move|p2a: Jumpluff|Sleep Powder|p1b: Annihilape
|-activate|p1b: Annihilape|move: Protect
|cant|p2b: Torkoal|par
|
|-weather|SunnyDay|[upkeep]
|upkeep
|turn|15
|
|t:|1756598217
|move|p2a: Jumpluff|Sleep Powder|p1b: Annihilape
|-status|p1b: Annihilape|slp|[from] move: Sleep Powder
|cant|p1b: Annihilape|slp
|cant|p2b: Torkoal|par
|
|-weather|SunnyDay|[upkeep]
|upkeep
|turn|16
|
|t:|1756598229
|cant|p1b: Annihilape|slp
|move|p2a: Jumpluff|Tailwind|p2a: Jumpluff
|-sidestart|p2: Ryannogsl|move: Tailwind
|cant|p2b: Torkoal|par
|
|-weather|SunnyDay|[upkeep]
|upkeep
|turn|17
|
|t:|1756598239
|-curestatus|p1b: Annihilape|slp|[msg]
|move|p1b: Annihilape|Protect|p1b: Annihilape
|-singleturn|p1b: Annihilape|Protect
|move|p2a: Jumpluff|Rage Powder|p2a: Jumpluff
|-singleturn|p2a: Jumpluff|move: Rage Powder
|cant|p2b: Torkoal|par
|
|-weather|none
|upkeep
|turn|18
|
|t:|1756598253
|move|p2a: Jumpluff|Rage Powder|p2a: Jumpluff
|-singleturn|p2a: Jumpluff|move: Rage Powder
|move|p1b: Annihilape|Rage Fist|p2a: Jumpluff
|-damage|p2a: Jumpluff|0 fnt
|faint|p2a: Jumpluff
|move|p2b: Torkoal|Eruption|p1b: Annihilape
|-resisted|p1b: Annihilape
|-damage|p1b: Annihilape|4/100
|
|-sideend|p1: marsh180|move: Light Screen
|upkeep
|turn|19
|
|t:|1756598271
|move|p1b: Annihilape|Rage Fist|p2b: Torkoal
|-damage|p2b: Torkoal|0 fnt
|faint|p2b: Torkoal
|
|win|marsh180
|inactive|marsh180 has 30 seconds to confirm battle start!
|inactive|Ryannogsl has 30 seconds to confirm battle start!
|inactive|marsh180 has 20 seconds to confirm battle start!
|inactive|Ryannogsl has 20 seconds to confirm battle start!
|l|☆Ryannogsl
|player|p2|
|inactive|marsh180 has 10 seconds to confirm battle start!
|inactive|Ryannogsl has 10 seconds to confirm battle start!
