|j|☆Cam oddish
|j|☆Refanner
|html|Cam oddishRefanner    
|uhtml|bestof|Game 1 of a best-of-3
|t:|1756809618
|gametype|doubles
|player|p1|Cam oddish|crasherwake|1077
|player|p2|Refanner|2|1195
|gen|9
|tier|[Gen 9] VGC 2025 Reg H (Bo3)
|rated|
|rule|Species Clause: Limit one of each Pokémon
|rule|Item Clause: Limit 1 of each item
|clearpoke
|poke|p1|Kommo-o, L50, F|
|poke|p1|Indeedee-F, L50, F|
|poke|p1|Espeon, L50, F|
|poke|p1|Flamigo, L50, M|
|poke|p1|Typhlosion-Hisui, L50, F|
|poke|p1|Amoonguss, L50, F|
|poke|p2|Garchomp, L50, M|
|poke|p2|Incineroar, L50, M|
|poke|p2|Hydreigon, L50, M|
|poke|p2|Gholdengo, L50|
|poke|p2|Sneasler, L50, F|
|poke|p2|Amoonguss, L50, M|
|teampreview|4
|showteam|p1|Kommo-o||Leftovers|Overcoat|ClangorousSoul,ClangingScales,AuraSphere,Protect|||F|||50|,,,,,Steel]Indeedee-F||RockyHelmet|PsychicSurge|FollowMe,HelpingHand,TrickRoom,Psychic|||F|||50|,,,,,Dark]Espeon||LifeOrb|MagicBounce|ExpandingForce,DazzlingGleam,PsychUp,Protect|||F|||50|,,,,,Fairy]Flamigo||FocusSash|Costar|BraveBird,CloseCombat,ThroatChop,Protect|||M|||50|,,,,,Stellar]Typhlosion-Hisui||ChoiceScarf|Blaze|Eruption,ShadowBall,HeatWave,Flamethrower|||F|||50|,,,,,Fire]Amoonguss||CovertCloak|Regenerator|Spore,RagePowder,SludgeBomb,Protect|||F|||50|,,,,,Electric
|showteam|p2|Garchomp||LoadedDice|RoughSkin|ScaleShot,Earthquake,StompingTantrum,Protect|||M|||50|,,,,,Fire]Incineroar||SitrusBerry|Intimidate|FlareBlitz,KnockOff,PartingShot,FakeOut|||M|||50|,,,,,Grass]Hydreigon||SafetyGoggles|Levitate|Snarl,DracoMeteor,Tailwind,Protect|||M|||50|,,,,,Ghost]Gholdengo||MetalCoat|GoodasGold|MakeItRain,ShadowBall,NastyPlot,Protect||||||50|,,,,,Flying]Sneasler||WhiteHerb|Unburden|CloseCombat,DireClaw,Protect,Coaching|||F|||50|,,,,,Ghost]Amoonguss||CovertCloak|Regenerator|PollenPuff,Spore,RagePowder,Protect|||M|||50|,,,,,Water
|inactive|Battle timer is ON: inactive players will automatically lose when time's up. (requested by Cam oddish)
|inactive|Refanner has 60 seconds left.
|inactive|Refanner has 30 seconds left.
|inactive|Refanner has 20 seconds left.
|
|t:|1756809692
|teamsize|p1|4
|teamsize|p2|4
|start
|switch|p1a: Kommo-o|Kommo-o, L50, F, shiny|100/100
|switch|p1b: Typhlosion|Typhlosion-Hisui, L50, F, shiny|100/100
|switch|p2a: Hydreigon|Hydreigon, L50, M|100/100
|switch|p2b: Garchomp|Garchomp, L50, M|100/100
|turn|1
|inactive|Refanner has 30 seconds left.
|inactive|Refanner has 20 seconds left.
|inactive|Refanner has 15 seconds left.
|inactive|Refanner has 10 seconds left.
|inactive|Refanner has 5 seconds left.
|
|t:|1756809742
|-terastallize|p2a: Hydreigon|Ghost
|-terastallize|p1a: Kommo-o|Steel
|move|p1b: Typhlosion|Eruption|p2b: Garchomp|[spread] p2a,p2b
|-resisted|p2b: Garchomp
|-damage|p2a: Hydreigon|38/100
|-damage|p2b: Garchomp|70/100
|move|p2a: Hydreigon|Snarl|p1b: Typhlosion|[spread] p1a,p1b
|-supereffective|p1b: Typhlosion
|-damage|p1a: Kommo-o|85/100
|-damage|p1b: Typhlosion|44/100
|-unboost|p1a: Kommo-o|spa|1
|-unboost|p1b: Typhlosion|spa|1
|move|p2b: Garchomp|Earthquake|p1b: Typhlosion|[spread] p1a,p1b
|-immune|p2a: Hydreigon|[from] ability: Levitate
|-supereffective|p1a: Kommo-o
|-supereffective|p1b: Typhlosion
|-damage|p1a: Kommo-o|9/100
|-damage|p1b: Typhlosion|0 fnt
|faint|p1b: Typhlosion
|move|p1a: Kommo-o|Clangorous Soul||[still]
|-fail|p1a: Kommo-o
|
|-heal|p1a: Kommo-o|15/100|[from] item: Leftovers
|upkeep
|
|t:|1756809757
|switch|p1b: Indeedee|Indeedee-F, L50, F, shiny|100/100
|-fieldstart|move: Psychic Terrain|[from] ability: Psychic Surge|[of] p1b: Indeedee
|turn|2
|
|t:|1756809782
|move|p1a: Kommo-o|Protect|p1a: Kommo-o
|-singleturn|p1a: Kommo-o|Protect
|move|p2a: Hydreigon|Snarl|p1a: Kommo-o|[spread] p1b
|-activate|p1a: Kommo-o|move: Protect
|-supereffective|p1b: Indeedee
|-crit|p1b: Indeedee
|-damage|p1b: Indeedee|39/100
|-unboost|p1b: Indeedee|spa|1
|move|p2b: Garchomp|Earthquake|p1a: Kommo-o|[spread] p1b
|-activate|p1a: Kommo-o|move: Protect
|-immune|p2a: Hydreigon|[from] ability: Levitate
|-damage|p1b: Indeedee|0 fnt
|faint|p1b: Indeedee
|
|-heal|p1a: Kommo-o|22/100|[from] item: Leftovers
|upkeep
|
|t:|1756809795
|switch|p1b: Flamigo|Flamigo, L50, M|100/100
|-copyboost|p1b: Flamigo|p1a: Kommo-o|[from] ability: Costar
|turn|3
|inactive|Refanner has 30 seconds left.
|
|t:|1756809824
|move|p2a: Hydreigon|Tailwind|p2a: Hydreigon
|-sidestart|p2: Refanner|move: Tailwind
|move|p2b: Garchomp|Stomping Tantrum|p1a: Kommo-o
|-supereffective|p1a: Kommo-o
|-damage|p1a: Kommo-o|0 fnt
|faint|p1a: Kommo-o
|move|p1b: Flamigo|Throat Chop|p2a: Hydreigon
|-supereffective|p2a: Hydreigon
|-damage|p2a: Hydreigon|0 fnt
|faint|p2a: Hydreigon
|
|upkeep
|
|t:|1756809832
|switch|p2a: Incineroar|Incineroar, L50, M|100/100
|-ability|p2a: Incineroar|Intimidate|boost
|-unboost|p1b: Flamigo|atk|1
|turn|4
|
|t:|1756809838
|move|p1b: Flamigo|Protect|p1b: Flamigo
|-singleturn|p1b: Flamigo|Protect
|move|p2a: Incineroar|Fake Out|p1b: Flamigo
|-hint|Psychic Terrain doesn't affect Pokémon immune to Ground.
|-activate|p1b: Flamigo|move: Protect
|move|p2b: Garchomp|Scale Shot|p1b: Flamigo
|-activate|p1b: Flamigo|move: Protect
|
|upkeep
|turn|5
|
|t:|1756809850
|move|p2b: Garchomp|Scale Shot|p1b: Flamigo
|-damage|p1b: Flamigo|78/100
|-damage|p1b: Flamigo|54/100
|-damage|p1b: Flamigo|31/100
|-damage|p1b: Flamigo|9/100
|-damage|p1b: Flamigo|0 fnt
|faint|p1b: Flamigo
|-hitcount|p1: Flamigo|5
|
|win|Refanner
||Refanner is ready for game 2.
||Cam oddish is ready for game 2.
|uhtml|next|Next: Game 2 of 3
|l|☆Cam oddish
|player|p1|
