|j|☆Gabeeel
|j|☆Daravones Soup
|html|GabeeelDaravones Soup    
|uhtml|bestof|Game 3 of a best-of-3
|t:|1784978570
|gametype|doubles
|player|p1|Gabeeel|iris|
|player|p2|Daravones Soup|2|
|gen|9
|tier|[Gen 9 Champions] VGC 2026 Reg M-B (Bo3)
|rule|Species Clause: Limit one of each Pokémon
|rule|Item Clause: Limit 1 of each item
|clearpoke
|poke|p1|Scrafty, L50, M, shiny|
|poke|p1|Glimmora, L50, F|
|poke|p1|Talonflame, L50, F|
|poke|p1|Primarina, L50, M|
|poke|p1|Mamoswine, L50, F|
|poke|p1|Metagross, L50|
|poke|p2|Gengar, L50, M|
|poke|p2|Blastoise, L50, M|
|poke|p2|Scrafty, L50, F|
|poke|p2|Clefable, L50, M|
|poke|p2|Meowscarada, L50, F|
|poke|p2|Volcarona, L50, F|
|teampreview|4
|showteam|p1|Scrafty||Scraftinite|Intimidate|FakeOut,DrainPunch,KnockOff,HelpingHand|Adamant||M|||50|]Glimmora||Glimmoranite|ToxicDebris|SludgeBomb,PowerGem,EarthPower,SpikyShield|Modest||F|||50|]Talonflame||ExpertBelt|GaleWings|BraveBird,FlareBlitz,Tailwind,Protect|Jolly||F|||50|]Primarina||Leftovers|LiquidVoice|HyperVoice,Moonblast,CalmMind,Protect|Modest||M|||50|]Mamoswine||FocusSash|Oblivious|Earthquake,HighHorsepower,IceShard,Protect|Adamant||F|||50|]Metagross||ColburBerry|ClearBody|PsychicFangs,IronHead,BulletPunch,Protect|Adamant|||||50|
|showteam|p2|Gengar||Gengarite|CursedBody|ShadowBall,Substitute,PerishSong,Protect|Timid||M|||50|]Blastoise||Blastoisinite|RainDish|WaterSpout,DarkPulse,ShellSmash,Protect|Timid||M|||50|]Scrafty||RoseliBerry|Intimidate|FakeOut,CloseCombat,KnockOff,Detect|Careful||F|||50|]Clefable||SitrusBerry|CuteCharm|FollowMe,LifeDew,DazzlingGleam,Protect|Calm||M|||50|]Meowscarada||ChoiceScarf|Protean|Uturn,FlowerTrick,TripleAxel,PollenPuff|Jolly||F|||50|]Volcarona||Leftovers|FlameBody|StruggleBug,QuiverDance,HeatWave,Protect|Modest||F|||50|
|inactive|Battle timer is ON: inactive players will automatically lose when time's up. (requested by Daravones Soup)
|inactive|Daravones Soup has 60 seconds left.
|
|t:|1784978604
|teamsize|p1|4
|teamsize|p2|4
|start
|switch|p1a: Aviões do Forró|Talonflame, L50, F|100/100
|switch|p1b: Pabllo Vittar|Primarina, L50, M|100/100
|switch|p2a: Blastoise|Blastoise, L50, M|100/100
|switch|p2b: Scrafty|Scrafty, L50, F|100/100
|-ability|p2b: Scrafty|Intimidate|boost
|-unboost|p1a: Aviões do Forró|atk|1
|-unboost|p1b: Pabllo Vittar|atk|1
|turn|1
|
|t:|1784978618
|detailschange|p2a: Blastoise|Blastoise-Mega, L50, M
|-mega|p2a: Blastoise|Blastoise|Blastoisinite
|move|p2b: Scrafty|Fake Out|p1b: Pabllo Vittar
|-damage|p1b: Pabllo Vittar|90/100
|move|p1a: Aviões do Forró|Tailwind|p1a: Aviões do Forró
|-sidestart|p1: Gabeeel|move: Tailwind
|cant|p1b: Pabllo Vittar|flinch
|move|p2a: Blastoise|Shell Smash|p2a: Blastoise
|-unboost|p2a: Blastoise|def|1
|-unboost|p2a: Blastoise|spd|1
|-boost|p2a: Blastoise|atk|2
|-boost|p2a: Blastoise|spa|2
|-boost|p2a: Blastoise|spe|2
|
|-heal|p1b: Pabllo Vittar|96/100|[from] item: Leftovers
|upkeep
|turn|2
|
|t:|1784978633
|switch|p2b: Clefable|Clefable, L50, M|100/100
|move|p1a: Aviões do Forró|Protect|p1a: Aviões do Forró
|-singleturn|p1a: Aviões do Forró|Protect
|move|p2a: Blastoise|Protect|p2a: Blastoise
|-singleturn|p2a: Blastoise|Protect
|move|p1b: Pabllo Vittar|Moonblast|p2a: Blastoise
|-activate|p2a: Blastoise|move: Protect
|
|-heal|p1b: Pabllo Vittar|100/100|[from] item: Leftovers
|upkeep
|turn|3
|
|t:|1784978651
|switch|p1a: Puterrier|Scrafty, L50, M, shiny|100/100
|-ability|p1a: Puterrier|Intimidate|boost
|-unboost|p2a: Blastoise|atk|1
|-unboost|p2b: Clefable|atk|1
|move|p2b: Clefable|Follow Me|p2b: Clefable
|-singleturn|p2b: Clefable|move: Follow Me
|move|p2a: Blastoise|Water Spout|p1a: Puterrier|[spread] p1a,p1b
|-resisted|p1b: Pabllo Vittar|1
|-damage|p1a: Puterrier|0 fnt
|-damage|p1b: Pabllo Vittar|45/100
|faint|p1a: Puterrier
|move|p1b: Pabllo Vittar|Calm Mind|p1b: Pabllo Vittar
|-boost|p1b: Pabllo Vittar|spa|1
|-boost|p1b: Pabllo Vittar|spd|1
|
|-heal|p1b: Pabllo Vittar|51/100|[from] item: Leftovers
|upkeep
|
|t:|1784978658
|switch|p1a: Banda Grafith|Mamoswine, L50, F|100/100
|turn|4
|
|t:|1784978674
|move|p2a: Blastoise|Water Spout|p1a: Banda Grafith|[spread] p1a,p1b
|-supereffective|p1a: Banda Grafith|1
|-resisted|p1b: Pabllo Vittar|1
|-enditem|p1a: Banda Grafith|Focus Sash
|-damage|p1a: Banda Grafith|1/100
|-damage|p1b: Pabllo Vittar|15/100
|move|p1a: Banda Grafith|High Horsepower|p2b: Clefable
|-damage|p2b: Clefable|46/100
|-enditem|p2b: Clefable|Sitrus Berry|[eat]
|-heal|p2b: Clefable|71/100|[from] item: Sitrus Berry
|move|p1b: Pabllo Vittar|Hyper Voice|p2a: Blastoise|[spread] p2a,p2b
|-resisted|p2a: Blastoise|1
|-damage|p2a: Blastoise|62/100
|-damage|p2b: Clefable|29/100
|move|p2b: Clefable|Dazzling Gleam|p1b: Pabllo Vittar|[spread] p1a,p1b
|-crit|p1b: Pabllo Vittar
|-damage|p1a: Banda Grafith|0 fnt
|-damage|p1b: Pabllo Vittar|0 fnt
|faint|p1a: Banda Grafith
|faint|p1b: Pabllo Vittar
|
|-sideend|p1: Gabeeel|move: Tailwind
|upkeep
|
|t:|1784978687
|switch|p1b: Aviões do Forró|Talonflame, L50, F|100/100
|turn|5
|c|☆Gabeeel|yea gg
|
|t:|1784978693
|move|p2b: Clefable|Follow Me|p2b: Clefable
|-singleturn|p2b: Clefable|move: Follow Me
|move|p1b: Aviões do Forró|Brave Bird|p2b: Clefable
|-damage|p2b: Clefable|0 fnt
|faint|p2b: Clefable
|-damage|p1b: Aviões do Forró|87/100|[from] Recoil
|move|p2a: Blastoise|Water Spout|p1b: Aviões do Forró
|-supereffective|p1b: Aviões do Forró|1
|-damage|p1b: Aviões do Forró|0 fnt
|faint|p1b: Aviões do Forró
|
|win|Daravones Soup
|c|☆Daravones Soup|Gg
|l|☆Daravones Soup
|player|p2|
