|j|☆ToastedArt
|j|☆Painter04
|html|ToastedArtPainter04    
|uhtml|bestof|Game 1 of a best-of-3
|t:|1785947169
|gametype|doubles
|player|p1|ToastedArt|iris|1049
|player|p2|Painter04|volkner|1094
|gen|9
|tier|[Gen 9 Champions] VGC 2026 Reg M-B (Bo3)
|rated|
|rule|Species Clause: Limit one of each Pokémon
|rule|Item Clause: Limit 1 of each item
|clearpoke
|poke|p1|Charizard, L50, M|
|poke|p1|Sinistcha, L50|
|poke|p1|Sneasler, L50, M|
|poke|p1|Kingambit, L50, M|
|poke|p1|Ninetales-Alola, L50, M|
|poke|p1|Basculegion, L50, M|
|poke|p2|Lopunny, L50, F|
|poke|p2|Vivillon, L50, F|
|poke|p2|Kingambit, L50, F|
|poke|p2|Sylveon, L50, F|
|poke|p2|Raichu, L50, F|
|poke|p2|Arcanine-Hisui, L50, F|
|teampreview|4
|showteam|p1|Charizard||CharizarditeX|Blaze|FlareBlitz,DragonClaw,DragonDance,Protect|Adamant||M|||50|]Sinistcha||KasibBerry|Hospitality|MatchaGotcha,RagePowder,LifeDew,TrickRoom|Bold|||||50|]Sneasler||FocusSash|PoisonTouch|CloseCombat,PoisonJab,FakeOut,Coaching|Adamant||M|||50|]Kingambit||BlackGlasses|Defiant|KowtowCleave,SuckerPunch,SwordsDance,Protect|Adamant||M|||50|]Ninetales-Alola||NeverMeltIce|SnowWarning|Blizzard,FreezeDry,AuroraVeil,Protect|Timid||M|||50|]Basculegion||ChoiceScarf|Adaptability|WaveCrash,FlipTurn,AquaJet,LastRespects|Jolly||M|||50|
|showteam|p2|Lopunny||Lopunnite|Limber|FakeOut,CloseCombat,GigaImpact,Protect|Jolly||F|||50|]Vivillon||ChoiceScarf|CompoundEyes|SleepPowder,RagePowder,Tailwind,Hurricane|Timid||F|||50|]Kingambit||LifeOrb|Defiant|KowtowCleave,SuckerPunch,IronHead,Protect|Adamant||F|||50|]Sylveon||FairyFeather|Pixilate|HyperVoice,HyperBeam,QuickAttack,Detect|Modest||F|||50|]Raichu||RaichuniteY|LightningRod|FakeOut,ZapCannon,FocusBlast,Protect|Timid||F|||50|]Arcanine-Hisui||FocusSash|RockHead|FlareBlitz,RockSlide,CloseCombat,ExtremeSpeed|Jolly||F|||50|
|inactive|Battle timer is ON: inactive players will automatically lose when time's up. (requested by ToastedArt)
|inactive|ToastedArt has 60 seconds left.
|inactive|Painter04 has 60 seconds left.
|inactive|ToastedArt has 30 seconds left.
|
|t:|1785947237
|teamsize|p1|4
|teamsize|p2|4
|start
|switch|p1a: Kingambit|Kingambit, L50, M|100/100
|switch|p1b: Sinistcha|Sinistcha, L50|100/100
|switch|p2a: Lopunny|Lopunny, L50, F|100/100
|switch|p2b: Arcanine|Arcanine-Hisui, L50, F|100/100
|turn|1
|inactive|Painter04 has 30 seconds left.
|inactive|Painter04 has 20 seconds left.
|
|t:|1785947273
|switch|p1b: Sneasler|Sneasler, L50, M|100/100
|detailschange|p2a: Lopunny|Lopunny-Mega, L50, F
|-mega|p2a: Lopunny|Lopunny|Lopunnite
|move|p1a: Kingambit|Protect|p1a: Kingambit
|-singleturn|p1a: Kingambit|Protect
|move|p2a: Lopunny|Fake Out|p1a: Kingambit
|-activate|p1a: Kingambit|move: Protect
|move|p2b: Arcanine|Flare Blitz|p1b: Sneasler
|-damage|p1b: Sneasler|7/100
|
|upkeep
|turn|2
|inactive|Painter04 has 30 seconds left.
|
|t:|1785947305
|move|p1b: Sneasler|Fake Out|p2a: Lopunny
|-damage|p2a: Lopunny|79/100
|cant|p2a: Lopunny|flinch
|move|p2b: Arcanine|Flare Blitz|p1a: Kingambit
|-supereffective|p1a: Kingambit|1
|-damage|p1a: Kingambit|13/100
|move|p1a: Kingambit|Swords Dance|p1a: Kingambit
|-boost|p1a: Kingambit|atk|2
|
|upkeep
|turn|3
|inactive|ToastedArt has 30 seconds left.
|
|t:|1785947330
|switch|p1b: Sinistcha|Sinistcha, L50|100/100
|-heal|p1a: Kingambit|37/100|[from] ability: Hospitality|[of] p1b: Sinistcha
|move|p1a: Kingambit|Protect|p1a: Kingambit
|-singleturn|p1a: Kingambit|Protect
|move|p2b: Arcanine|Extreme Speed|p1b: Sinistcha
|-immune|p1b: Sinistcha
|move|p2a: Lopunny|Close Combat|p1a: Kingambit
|-activate|p1a: Kingambit|move: Protect
|
|upkeep
|turn|4
|inactive|ToastedArt has 30 seconds left.
|inactive|Painter04 has 30 seconds left.
|inactive|ToastedArt has 20 seconds left.
|inactive|Painter04 has 20 seconds left.
|inactive|Painter04 has 15 seconds left.
|
|t:|1785947374
|switch|p2a: Kingambit|Kingambit, L50, F|100/100
|move|p1b: Sinistcha|Rage Powder|p1b: Sinistcha
|-singleturn|p1b: Sinistcha|move: Rage Powder
|move|p2b: Arcanine|Flare Blitz|p1b: Sinistcha
|-supereffective|p1b: Sinistcha|1
|-damage|p1b: Sinistcha|5/100
|-status|p1b: Sinistcha|brn
|move|p1a: Kingambit|Kowtow Cleave|p2a: Kingambit
|-resisted|p2a: Kingambit|1
|-crit|p2a: Kingambit
|-damage|p2a: Kingambit|27/100
|
|-damage|p1b: Sinistcha|0 fnt|[from] brn
|faint|p1b: Sinistcha
|upkeep
|
|t:|1785947384
|switch|p1b: Charizard|Charizard, L50, M|100/100
|turn|5
|inactive|Painter04 has 30 seconds left.
|
|t:|1785947413
|detailschange|p1b: Charizard|Charizard-Mega-X, L50, M
|-mega|p1b: Charizard|Charizard|Charizardite X
|move|p1a: Kingambit|Protect|p1a: Kingambit
|-singleturn|p1a: Kingambit|Protect
|move|p2b: Arcanine|Flare Blitz|p1a: Kingambit
|-activate|p1a: Kingambit|move: Protect
|move|p1b: Charizard|Dragon Dance|p1b: Charizard
|-boost|p1b: Charizard|atk|1
|-boost|p1b: Charizard|spe|1
|move|p2a: Kingambit|Kowtow Cleave|p1b: Charizard
|-damage|p1b: Charizard|43/100
|-damage|p2a: Kingambit|17/100|[from] item: Life Orb
|
|upkeep
|turn|6
|inactive|ToastedArt has 30 seconds left.
|inactive|ToastedArt has 20 seconds left.
|
|t:|1785947452
|move|p2a: Kingambit|Sucker Punch|p1b: Charizard
|-damage|p1b: Charizard|1/100
|-damage|p2a: Kingambit|7/100|[from] item: Life Orb
|move|p1a: Kingambit|Sucker Punch|p2b: Arcanine
|-enditem|p2b: Arcanine|Focus Sash
|-damage|p2b: Arcanine|1/100
|move|p1b: Charizard|Dragon Claw|p2b: Arcanine
|-damage|p2b: Arcanine|0 fnt
|faint|p2b: Arcanine
|
|upkeep
|
|t:|1785947473
|switch|p2b: Lopunny|Lopunny-Mega, L50, F|79/100
|turn|7
|inactive|Painter04 has 30 seconds left.
|
|t:|1785947508
|move|p1b: Charizard|Protect|p1b: Charizard
|-singleturn|p1b: Charizard|Protect
|move|p1a: Kingambit|Protect|p1a: Kingambit
|-singleturn|p1a: Kingambit|Protect
|move|p2a: Kingambit|Sucker Punch||[still]
|-fail|p2a: Kingambit
|move|p2b: Lopunny|Close Combat|p1a: Kingambit
|-activate|p1a: Kingambit|move: Protect
|
|upkeep
|turn|8
|inactive|ToastedArt has 30 seconds left.
|
|t:|1785947535
|move|p2a: Kingambit|Sucker Punch|p1b: Charizard
|-damage|p1b: Charizard|0 fnt
|faint|p1b: Charizard
|-damage|p2a: Kingambit|0 fnt|[from] item: Life Orb
|faint|p2a: Kingambit
|move|p1a: Kingambit|Sucker Punch|p2b: Lopunny
|-resisted|p2b: Lopunny|1
|-damage|p2b: Lopunny|14/100
|move|p2b: Lopunny|Close Combat|p1a: Kingambit
|-supereffective|p1a: Kingambit|2
|-damage|p1a: Kingambit|0 fnt
|-unboost|p2b: Lopunny|def|1
|-unboost|p2b: Lopunny|spd|1
|faint|p1a: Kingambit
|
|upkeep
|
|t:|1785947548
|switch|p1b: Sneasler|Sneasler, L50, M|7/100
|switch|p2a: Sylveon|Sylveon, L50, F|100/100
|turn|9
|-message|ToastedArt forfeited.
|
|win|Painter04
