|j|☆higigig
|j|☆Frist0
|html|higigigFrist0    
|uhtml|bestof|Game 1 of a best-of-3
|t:|1756245969
|gametype|doubles
|player|p1|higigig|sisandbro|1104
|player|p2|Frist0|265|1086
|gen|9
|tier|[Gen 9] VGC 2025 Reg H (Bo3)
|rated|
|rule|Species Clause: Limit one of each Pokémon
|rule|Item Clause: Limit 1 of each item
|clearpoke
|poke|p1|Sneasler, L50, M|
|poke|p1|Gholdengo, L50|
|poke|p1|Farigiraf, L50, M|
|poke|p1|Ursaluna-Bloodmoon, L50, M|
|poke|p1|Amoonguss, L50, F|
|poke|p1|Altaria, L50, F|
|poke|p2|Tyranitar, L50, M|
|poke|p2|Excadrill, L50, M|
|poke|p2|Indeedee-F, L50, F|
|poke|p2|Reuniclus, L50, M|
|poke|p2|Whimsicott, L50, F|
|poke|p2|Annihilape, L50, F|
|teampreview|4
|showteam|p1|Sneasler||FocusSash|PoisonTouch|FakeOut,CloseCombat,DireClaw,Protect|||M|||50|,,,,,Dark]Gholdengo||ChoiceSpecs|GoodasGold|MakeItRain,ShadowBall,PowerGem,Trick||||||50|,,,,,Steel]Farigiraf||MentalHerb|ArmorTail|Psychic,Imprison,HelpingHand,TrickRoom|||M|||50|,,,,,Grass]Ursaluna-Bloodmoon||ThroatSpray|MindsEye|HyperVoice,EarthPower,BloodMoon,Protect|||M|||50|,,,,,Normal]Amoonguss||SitrusBerry|Regenerator|SludgeBomb,PollenPuff,Spore,RagePowder|||F|||50|,,,,,Water]Altaria||CovertCloak|CloudNine|BreakingSwipe,HelpingHand,Haze,Tailwind|||F|||50|,,,,,Water
|showteam|p2|Tyranitar||ClearAmulet|SandStream|RockSlide,KnockOff,LowKick,Protect|||M|||50|,,,,,Flying]Excadrill||ChoiceBand|SandRush|IronHead,Earthquake,RockSlide,HighHorsepower|||M|||50|,,,,,Ghost]Indeedee-F||SafetyGoggles|PsychicSurge|TrickRoom,FollowMe,HealPulse,DazzlingGleam|||F|||50|,,,,,Fairy]Reuniclus||SitrusBerry|Overcoat|TrickRoom,ExpandingForce,TeraBlast,Protect|||M|||50|,,,,,Water]Whimsicott||FocusSash|Prankster|Tailwind,BeatUp,Encore,Protect|||F|||50|,,,,,Ghost]Annihilape||ChoiceScarf|Defiant|FinalGambit,Coaching,DrainPunch,RageFist|||F|||50|,,,,,Dark
|inactive|Battle timer is ON: inactive players will automatically lose when time's up. (requested by higigig)
|inactive|higigig has 60 seconds left.
|inactive|Frist0 has 60 seconds left.
|
|t:|1756246029
|teamsize|p1|4
|teamsize|p2|4
|start
|switch|p1a: Farigiraf|Farigiraf, L50, M|100/100
|switch|p1b: Gholdengo|Gholdengo, L50|100/100
|switch|p2a: Indeedee|Indeedee-F, L50, F|100/100
|switch|p2b: Reuniclus|Reuniclus, L50, M|100/100
|-fieldstart|move: Psychic Terrain|[from] ability: Psychic Surge|[of] p2a: Indeedee
|turn|1
|inactive|Frist0 has 30 seconds left.
|
|t:|1756246058
|switch|p2b: Tyranitar|Tyranitar, L50, M|100/100
|-weather|Sandstorm|[from] ability: Sand Stream|[of] p2b: Tyranitar
|move|p1b: Gholdengo|Trick|p2a: Indeedee
|-activate|p1b: Gholdengo|move: Trick|[of] p2a: Indeedee
|-item|p2a: Indeedee|Choice Specs|[from] move: Trick
|-item|p1b: Gholdengo|Safety Goggles|[from] move: Trick
|move|p2a: Indeedee|Heal Pulse|p2b: Tyranitar
|-fail|p2b: Tyranitar|heal
|move|p1a: Farigiraf|Imprison|p1a: Farigiraf
|-start|p1a: Farigiraf|move: Imprison
|
|-weather|Sandstorm|[upkeep]
|-damage|p2a: Indeedee|95/100|[from] Sandstorm
|-damage|p1a: Farigiraf|94/100|[from] Sandstorm
|upkeep
|turn|2
|inactive|higigig has 30 seconds left.
|inactive|Frist0 has 30 seconds left.
|inactive|Frist0 has 20 seconds left.
|inactive|Frist0 has 15 seconds left.
|inactive|Frist0 has 10 seconds left.
|
|t:|1756246107
|-terastallize|p1b: Gholdengo|Steel
|move|p1a: Farigiraf|Helping Hand|p1b: Gholdengo
|-immune|p1b: Gholdengo|[from] ability: Good as Gold
|move|p1b: Gholdengo|Make It Rain|p2a: Indeedee|[spread] p2a,p2b
|-supereffective|p2b: Tyranitar
|-damage|p2a: Indeedee|36/100
|-damage|p2b: Tyranitar|29/100
|-unboost|p1b: Gholdengo|spa|1
|move|p2a: Indeedee|Heal Pulse|p2b: Tyranitar
|-heal|p2b: Tyranitar|79/100
|move|p2b: Tyranitar|Knock Off|p1b: Gholdengo
|-damage|p1b: Gholdengo|49/100
|-enditem|p1b: Gholdengo|Safety Goggles|[from] move: Knock Off|[of] p2b: Tyranitar
|
|-weather|Sandstorm|[upkeep]
|-damage|p2a: Indeedee|30/100|[from] Sandstorm
|-damage|p1a: Farigiraf|88/100|[from] Sandstorm
|upkeep
|turn|3
|c|☆higigig|i can never remember
|inactive|higigig has 30 seconds left.
|
|t:|1756246135
|switch|p1b: Amoonguss|Amoonguss, L50, F|100/100
|move|p2a: Indeedee|Heal Pulse|p2b: Tyranitar
|-heal|p2b: Tyranitar|100/100
|move|p2b: Tyranitar|Low Kick|p1b: Amoonguss
|-resisted|p1b: Amoonguss
|-damage|p1b: Amoonguss|92/100
|move|p1a: Farigiraf|Trick Room|p1a: Farigiraf
|-fieldstart|move: Trick Room|[of] p1a: Farigiraf
|
|-weather|Sandstorm|[upkeep]
|-damage|p1b: Amoonguss|86/100|[from] Sandstorm
|-damage|p1a: Farigiraf|82/100|[from] Sandstorm
|-damage|p2a: Indeedee|24/100|[from] Sandstorm
|upkeep
|turn|4
|inactive|Frist0 has 30 seconds left.
|inactive|Frist0 has 20 seconds left.
|
|t:|1756246174
|switch|p1a: Gholdengo|Gholdengo, L50, tera:Steel|49/100
|switch|p2a: Reuniclus|Reuniclus, L50, M|100/100
|move|p2b: Tyranitar|Protect|p2b: Tyranitar
|-singleturn|p2b: Tyranitar|Protect
|move|p1b: Amoonguss|Spore|p2b: Tyranitar
|-activate|p2b: Tyranitar|move: Protect
|
|-weather|Sandstorm|[upkeep]
|-damage|p1b: Amoonguss|81/100|[from] Sandstorm
|upkeep
|turn|5
|
|t:|1756246199
|-terastallize|p2a: Reuniclus|Water
|move|p1b: Amoonguss|Spore|p2b: Tyranitar
|-status|p2b: Tyranitar|slp|[from] move: Spore
|move|p2a: Reuniclus|Expanding Force|p1a: Gholdengo|[spread] p1a,p1b
|-resisted|p1a: Gholdengo
|-crit|p1a: Gholdengo
|-supereffective|p1b: Amoonguss
|-damage|p1a: Gholdengo|3/100
|-damage|p1b: Amoonguss|0 fnt
|faint|p1b: Amoonguss
|cant|p2b: Tyranitar|slp
|move|p1a: Gholdengo|Make It Rain|p2a: Reuniclus|[spread] p2a,p2b
|-resisted|p2a: Reuniclus
|-supereffective|p2b: Tyranitar
|-damage|p2a: Reuniclus|69/100
|-damage|p2b: Tyranitar|27/100 slp
|-unboost|p1a: Gholdengo|spa|1
|
|-weather|none
|-fieldend|move: Psychic Terrain
|upkeep
|
|t:|1756246209
|switch|p1b: Sneasler|Sneasler, L50, M|100/100
|turn|6
|inactive|Frist0 has 30 seconds left.
|
|t:|1756246238
|switch|p2a: Indeedee|Indeedee-F, L50, F|24/100
|-fieldstart|move: Psychic Terrain|[from] ability: Psychic Surge|[of] p2a: Indeedee
|switch|p2b: Excadrill|Excadrill, L50, M|100/100
|switch|p1a: Farigiraf|Farigiraf, L50, M|82/100
|move|p1b: Sneasler|Dire Claw|p2a: Indeedee
|-damage|p2a: Indeedee|0 fnt
|faint|p2a: Indeedee
|
|upkeep
|
|t:|1756246259
|switch|p2a: Reuniclus|Reuniclus, L50, M, tera:Water|69/100
|turn|7
|inactive|higigig has 30 seconds left.
|inactive|Frist0 has 30 seconds left.
|inactive|higigig has 20 seconds left.
|inactive|Frist0 has 20 seconds left.
|inactive|higigig has 15 seconds left.
|inactive|higigig has 10 seconds left.
|inactive|higigig has 5 seconds left.
|
|t:|1756246310
|switch|p2a: Tyranitar|Tyranitar, L50, M|27/100 slp
|-weather|Sandstorm|[from] ability: Sand Stream|[of] p2a: Tyranitar
|move|p1b: Sneasler|Protect|p1b: Sneasler
|-singleturn|p1b: Sneasler|Protect
|move|p1a: Farigiraf|Imprison|p1a: Farigiraf
|-start|p1a: Farigiraf|move: Imprison
|move|p2b: Excadrill|High Horsepower|p1b: Sneasler
|-activate|p1b: Sneasler|move: Protect
|
|-weather|Sandstorm|[upkeep]
|-damage|p1a: Farigiraf|76/100|[from] Sandstorm
|-damage|p1b: Sneasler|95/100|[from] Sandstorm
|-fieldend|move: Trick Room
|upkeep
|turn|8
|
|t:|1756246335
|switch|p1b: Gholdengo|Gholdengo, L50, tera:Steel|3/100
|move|p2b: Excadrill|High Horsepower|p1b: Gholdengo
|-supereffective|p1b: Gholdengo
|-damage|p1b: Gholdengo|0 fnt
|faint|p1b: Gholdengo
|cant|p2a: Tyranitar|slp
|move|p1a: Farigiraf|Trick Room|p1a: Farigiraf
|-fieldstart|move: Trick Room|[of] p1a: Farigiraf
|
|-weather|Sandstorm|[upkeep]
|-damage|p1a: Farigiraf|70/100|[from] Sandstorm
|upkeep
|
|t:|1756246342
|switch|p1b: Sneasler|Sneasler, L50, M|95/100
|turn|9
|
|t:|1756246364
|cant|p2a: Tyranitar|slp
|move|p1b: Sneasler|Close Combat|p2b: Excadrill
|-supereffective|p2b: Excadrill
|-damage|p2b: Excadrill|0 fnt
|-unboost|p1b: Sneasler|def|1
|-unboost|p1b: Sneasler|spd|1
|faint|p2b: Excadrill
|move|p1a: Farigiraf|Trick Room|p1a: Farigiraf
|-fieldend|move: Trick Room
|
|-weather|Sandstorm|[upkeep]
|-damage|p1b: Sneasler|89/100|[from] Sandstorm
|-damage|p1a: Farigiraf|63/100|[from] Sandstorm
|upkeep
|
|t:|1756246373
|switch|p2b: Reuniclus|Reuniclus, L50, M, tera:Water|69/100
|turn|10
|
|t:|1756246397
|move|p2b: Reuniclus|Protect|p2b: Reuniclus
|-singleturn|p2b: Reuniclus|Protect
|move|p1b: Sneasler|Dire Claw|p2b: Reuniclus
|-activate|p2b: Reuniclus|move: Protect
|-curestatus|p2a: Tyranitar|slp|[msg]
|move|p2a: Tyranitar|Rock Slide|p1a: Farigiraf|[spread] p1a,p1b
|-resisted|p1b: Sneasler
|-damage|p1a: Farigiraf|37/100
|-damage|p1b: Sneasler|48/100
|move|p1a: Farigiraf|Psychic|p2b: Reuniclus
|-activate|p2b: Reuniclus|move: Protect
|
|-weather|Sandstorm|[upkeep]
|-damage|p1b: Sneasler|42/100|[from] Sandstorm
|-damage|p1a: Farigiraf|31/100|[from] Sandstorm
|-fieldend|move: Psychic Terrain
|upkeep
|turn|11
|
|t:|1756246419
|move|p1b: Sneasler|Dire Claw|p2b: Reuniclus
|-damage|p2b: Reuniclus|28/100
|-status|p2b: Reuniclus|par
|-enditem|p2b: Reuniclus|Sitrus Berry|[eat]
|-heal|p2b: Reuniclus|53/100 par|[from] item: Sitrus Berry
|move|p2a: Tyranitar|Rock Slide|p1a: Farigiraf|[spread] p1a,p1b
|-resisted|p1b: Sneasler
|-damage|p1a: Farigiraf|7/100
|-damage|p1b: Sneasler|1/100
|cant|p1a: Farigiraf|flinch
|move|p2b: Reuniclus|Expanding Force|p1b: Sneasler
|-supereffective|p1b: Sneasler
|-crit|p1b: Sneasler
|-damage|p1b: Sneasler|0 fnt
|faint|p1b: Sneasler
|
|-weather|none
|upkeep
|turn|12
|-message|higigig forfeited.
|
|win|Frist0
