|j|☆vglabmty
|j|☆jorgewashington09
|html|vglabmtyjorgewashington09    
|uhtml|bestof|Game 2 of a best-of-3
|t:|1785513462
|gametype|doubles
|player|p1|vglabmty|265|1193
|player|p2|jorgewashington09|101|1055
|gen|9
|tier|[Gen 9 Champions] VGC 2026 Reg M-B (Bo3)
|rated|
|rule|Species Clause: Limit one of each Pokémon
|rule|Item Clause: Limit 1 of each item
|clearpoke
|poke|p1|Pelipper, L50, M|
|poke|p1|Toxicroak, L50, M|
|poke|p1|Archaludon, L50, F|
|poke|p1|Meganium, L50, F|
|poke|p1|Swampert, L50, F|
|poke|p1|Basculegion, L50, M|
|poke|p2|Froslass, L50, F|
|poke|p2|Sneasler, L50, F|
|poke|p2|Kingambit, L50, M|
|poke|p2|Basculegion, L50, M|
|poke|p2|Scovillain, L50, F|
|poke|p2|Lycanroc-Dusk, L50, M|
|teampreview|4
|showteam|p1|Pelipper||SitrusBerry|Drizzle|WideGuard,Hurricane,WeatherBall,Tailwind|Calm||M|||50|]Toxicroak||LifeOrb|DrySkin|FakeOut,Protect,CloseCombat,PoisonJab|Jolly||M|||50|]Archaludon||Leftovers|Stamina|Protect,DragonPulse,FlashCannon,ElectroShot|Calm||F|||50|]Meganium||Meganiumite|Overgrow|Protect,DazzlingGleam,WeatherBall,GigaDrain|Timid||F|||50|]Swampert||Swampertite|Torrent|Protect,WaveCrash,Earthquake,IcePunch|Adamant||F|||50|]Basculegion||ChoiceScarf|Adaptability|FlipTurn,WaveCrash,LastRespects,AquaJet|Jolly||M|||50|
|showteam|p2|Froslass||Froslassite|CursedBody|Protect,Blizzard,AuroraVeil,ShadowBall|Modest||F|||50|]Sneasler||WhiteHerb|Unburden|Protect,CloseCombat,FakeOut,GunkShot|Adamant||F|||50|]Kingambit||BlackGlasses|Defiant|Protect,KowtowCleave,SwordsDance,SuckerPunch|Adamant||M|||50|]Basculegion||SitrusBerry|Adaptability|Protect,WaveCrash,LastRespects,AquaJet|Adamant||M|||50|]Scovillain||Scovillainite|Moody|Protect,GigaDrain,Overheat,RagePowder|Bold||F|||50|]Lycanroc-Dusk||FocusSash|ToughClaws|Protect,Accelerock,RockSlide,CloseCombat|Adamant||M|||50|
|inactive|Battle timer is ON: inactive players will automatically lose when time's up. (requested by jorgewashington09)
|inactive|vglabmty has 60 seconds left.
|
|t:|1785513581
|teamsize|p1|4
|teamsize|p2|4
|start
|switch|p1a: Toxicroak|Toxicroak, L50, M|100/100
|switch|p1b: Basculegion|Basculegion, L50, M|100/100
|switch|p2a: Froslass|Froslass, L50, F|100/100
|switch|p2b: Sneasler|Sneasler, L50, F|100/100
|turn|1
|inactive|jorgewashington09 has 30 seconds left.
|inactive|jorgewashington09 has 20 seconds left.
|
|t:|1785513616
|detailschange|p2a: Froslass|Froslass-Mega, L50, F
|-mega|p2a: Froslass|Froslass|Froslassite
|-weather|Snowscape|[from] ability: Snow Warning|[of] p2a: Froslass
|move|p2b: Sneasler|Protect|p2b: Sneasler
|-singleturn|p2b: Sneasler|Protect
|move|p1a: Toxicroak|Fake Out|p2b: Sneasler
|-activate|p2b: Sneasler|move: Protect
|move|p1b: Basculegion|Flip Turn|p2a: Froslass
|-damage|p2a: Froslass|63/100
|
|t:|1785513626
|switch|p1b: Pelipper|Pelipper, L50, M|100/100|[from] Flip Turn
|-weather|RainDance|[from] ability: Drizzle|[of] p1b: Pelipper
|move|p2a: Froslass|Shadow Ball|p1b: Pelipper
|-crit|p1b: Pelipper
|-damage|p1b: Pelipper|25/100
|-enditem|p1b: Pelipper|Sitrus Berry|[eat]
|-heal|p1b: Pelipper|50/100g|[from] item: Sitrus Berry
|
|-weather|RainDance|[upkeep]
|upkeep
|turn|2
|inactive|vglabmty has 30 seconds left.
|inactive|jorgewashington09 has 30 seconds left.
|inactive|vglabmty has 20 seconds left.
|inactive|jorgewashington09 has 20 seconds left.
|
|t:|1785513665
|switch|p2a: Basculegion|Basculegion, L50, M|100/100
|switch|p1b: Archaludon|Archaludon, L50, F|100/100
|move|p2b: Sneasler|Gunk Shot|p1b: Archaludon
|-immune|p1b: Archaludon
|move|p1a: Toxicroak|Close Combat|p2b: Sneasler
|-resisted|p2b: Sneasler|1
|-damage|p2b: Sneasler|60/100
|-unboost|p1a: Toxicroak|def|1
|-unboost|p1a: Toxicroak|spd|1
|-damage|p1a: Toxicroak|90/100|[from] item: Life Orb
|
|-weather|RainDance|[upkeep]
|-heal|p1a: Toxicroak|100/100|[from] ability: Dry Skin
|upkeep
|turn|3
|inactive|vglabmty has 30 seconds left.
|inactive|jorgewashington09 has 30 seconds left.
|
|t:|1785513695
|switch|p1b: Basculegion|Basculegion, L50, M|100/100
|move|p2b: Sneasler|Close Combat|p1b: Basculegion
|-immune|p1b: Basculegion
|move|p1a: Toxicroak|Close Combat|p2b: Sneasler
|-resisted|p2b: Sneasler|1
|-damage|p2b: Sneasler|22/100
|-unboost|p1a: Toxicroak|def|1
|-unboost|p1a: Toxicroak|spd|1
|-damage|p1a: Toxicroak|90/100|[from] item: Life Orb
|move|p2a: Basculegion|Wave Crash|p1b: Basculegion
|-resisted|p1b: Basculegion|1
|-damage|p1b: Basculegion|32/100
|-damage|p2a: Basculegion|79/100|[from] Recoil
|
|-weather|RainDance|[upkeep]
|-heal|p1a: Toxicroak|100/100|[from] ability: Dry Skin
|upkeep
|turn|4
|inactive|vglabmty has 30 seconds left.
|
|t:|1785513723
|switch|p1a: Pelipper|Pelipper, L50, M|50/100g
|move|p2b: Sneasler|Protect|p2b: Sneasler
|-singleturn|p2b: Sneasler|Protect
|move|p1b: Basculegion|Flip Turn|p2a: Basculegion
|-resisted|p2a: Basculegion|1
|-damage|p2a: Basculegion|53/100
|
|t:|1785513732
|switch|p1b: Toxicroak|Toxicroak, L50, M|100/100|[from] Flip Turn
|move|p2a: Basculegion|Wave Crash|p1b: Toxicroak
|-immune|p1b: Toxicroak|[from] ability: Dry Skin
|
|-weather|RainDance|[upkeep]
|upkeep
|turn|5
|
|t:|1785513745
|switch|p2b: Froslass|Froslass-Mega, L50, F|63/100
|-weather|Snowscape|[from] ability: Snow Warning|[of] p2b: Froslass
|switch|p2a: Kingambit|Kingambit, L50, M|100/100
|move|p1b: Toxicroak|Fake Out|p2b: Froslass
|-immune|p2b: Froslass
|move|p1a: Pelipper|Tailwind|p1a: Pelipper
|-sidestart|p1: vglabmty|move: Tailwind
|
|-weather|Snowscape|[upkeep]
|upkeep
|turn|6
|
|t:|1785513769
|switch|p1a: Archaludon|Archaludon, L50, F|100/100
|move|p2a: Kingambit|Protect|p2a: Kingambit
|-singleturn|p2a: Kingambit|Protect
|move|p1b: Toxicroak|Close Combat|p2a: Kingambit
|-activate|p2a: Kingambit|move: Protect
|move|p2b: Froslass|Blizzard|p1b: Toxicroak|[spread] p1a,p1b
|-damage|p1a: Archaludon|57/100
|-damage|p1b: Toxicroak|37/100
|-ability|p1a: Archaludon|Stamina|boost
|-boost|p1a: Archaludon|def|1
|
|-weather|Snowscape|[upkeep]
|-heal|p1a: Archaludon|64/100|[from] item: Leftovers
|upkeep
|turn|7
|inactive|jorgewashington09 has 30 seconds left.
|inactive|jorgewashington09 has 20 seconds left.
|inactive|jorgewashington09 has 15 seconds left.
|inactive|jorgewashington09 has 10 seconds left.
|
|t:|1785513815
|switch|p2b: Sneasler|Sneasler, L50, F|22/100
|move|p2a: Kingambit|Protect|p2a: Kingambit
|-singleturn|p2a: Kingambit|Protect
|move|p1b: Toxicroak|Close Combat|p2a: Kingambit
|-activate|p2a: Kingambit|move: Protect
|move|p1a: Archaludon|Flash Cannon|p2b: Sneasler
|-damage|p2b: Sneasler|0 fnt
|faint|p2b: Sneasler
|
|-weather|Snowscape|[upkeep]
|-heal|p1a: Archaludon|70/100|[from] item: Leftovers
|upkeep
|
|t:|1785513824
|switch|p2b: Basculegion|Basculegion, L50, M|53/100
|turn|8
|c|☆vglabmty|doble prote?
|
|t:|1785513840
|switch|p1b: Pelipper|Pelipper, L50, M|50/100g
|-weather|RainDance|[from] ability: Drizzle|[of] p1b: Pelipper
|move|p2a: Kingambit|Sucker Punch||[still]
|-fail|p2a: Kingambit
|move|p1a: Archaludon|Electro Shot||[still]
|-prepare|p1a: Archaludon|Electro Shot
|-boost|p1a: Archaludon|spa|1
|-anim|p1a: Archaludon|Electro Shot|p2b: Basculegion
|-supereffective|p2b: Basculegion|1
|-damage|p2b: Basculegion|0 fnt
|faint|p2b: Basculegion
|
|-weather|RainDance|[upkeep]
|-heal|p1a: Archaludon|76/100|[from] item: Leftovers
|-sideend|p1: vglabmty|move: Tailwind
|upkeep
|-message|jorgewashington09 forfeited.
|
|win|vglabmty
|raw|vglabmty's rating: 1193 → 1209(+16 for winning)
|raw|jorgewashington09's rating: 1055 → 1044(-11 for losing)
|l|☆jorgewashington09
|player|p2|
