|j|☆UtsuruK
|j|☆tang de maracuja
|html|UtsuruKtang de maracuja    
|uhtml|bestof|Game 1 of a best-of-3
|t:|1784584994
|gametype|doubles
|player|p1|UtsuruK|depotagent|1105
|player|p2|tang de maracuja|morty|1083
|gen|9
|tier|[Gen 9 Champions] VGC 2026 Reg M-B (Bo3)
|rated|
|rule|Species Clause: Limit one of each Pokémon
|rule|Item Clause: Limit 1 of each item
|clearpoke
|poke|p1|Farigiraf, L50, F|
|poke|p1|Dragalge, L50, F|
|poke|p1|Mawile, L50, F|
|poke|p1|Incineroar, L50, M|
|poke|p1|Sinistcha, L50|
|poke|p1|Camerupt, L50, F|
|poke|p2|Gengar, L50, F|
|poke|p2|Archaludon, L50, F|
|poke|p2|Politoed, L50, M|
|poke|p2|Swampert, L50, F|
|poke|p2|Vivillon, L50, F|
|poke|p2|Incineroar, L50, M|
|teampreview|4
|showteam|p1|Farigiraf||ColburBerry|ArmorTail|TrickRoom,TwinBeam,Thunderbolt,HelpingHand|Relaxed||F|||50|]Dragalge||LifeOrb|Adaptability|DracoMeteor,SludgeBomb,FocusBlast,Protect|Quiet||F|||50|]Mawile||Mawilite|HyperCutter|PlayRough,SuckerPunch,IronHead,Protect|Brave||F|||50|]Incineroar||ChopleBerry|Intimidate|FlareBlitz,FakeOut,PartingShot,Snarl|Sassy||M|||50|]Sinistcha||CobaBerry|Hospitality|MatchaGotcha,RagePowder,LifeDew,TrickRoom|Relaxed|||||50|]Camerupt||Cameruptite|SolidRock|AncientPower,EarthPower,HeatWave,Protect|Modest||F|||50|
|showteam|p2|Gengar||Gengarite|CursedBody|ShadowBall,SludgeBomb,PerishSong,Protect|Modest||F|||50|]Archaludon||Leftovers|Stamina|ElectroShot,DragonPulse,FlashCannon,Protect|Bold||F|||50|]Politoed||SitrusBerry|Drizzle|WeatherBall,Hypnosis,PerishSong,Protect|Calm||M|||50|]Swampert||Swampertite|Torrent|WaveCrash,Earthquake,IcePunch,Protect|Adamant||F|||50|]Vivillon||FocusSash|CompoundEyes|Hurricane,SleepPowder,RagePowder,Protect|Timid||F|||50|]Incineroar||PasshoBerry|Intimidate|ThroatChop,FakeOut,PartingShot,Protect|Impish||M|||50|
|inactive|Battle timer is ON: inactive players will automatically lose when time's up. (requested by tang de maracuja)
|inactive|UtsuruK has 60 seconds left.
|
|t:|1784585033
|teamsize|p1|4
|teamsize|p2|4
|start
|switch|p1a: Farigiraf|Farigiraf, L50, F|100/100
|switch|p1b: Incineroar|Incineroar, L50, M|100/100
|switch|p2a: Gengar|Gengar, L50, F|100/100
|switch|p2b: Vivillon|Vivillon, L50, F|100/100
|-ability|p1b: Incineroar|Intimidate|boost
|-unboost|p2a: Gengar|atk|1
|-unboost|p2b: Vivillon|atk|1
|turn|1
|
|t:|1784585051
|switch|p2b: Archaludon|Archaludon, L50, F|100/100
|detailschange|p2a: Gengar|Gengar-Mega, L50, F
|-mega|p2a: Gengar|Gengar|Gengarite
|move|p2a: Gengar|Perish Song|p2a: Gengar
|-start|p1a: Farigiraf|perish3|[silent]
|-start|p1b: Incineroar|perish3|[silent]
|-start|p2a: Gengar|perish3|[silent]
|-start|p2b: Archaludon|perish3|[silent]
|-fieldactivate|move: Perish Song
|move|p1b: Incineroar|Snarl|p2b: Archaludon|[spread] p2a,p2b
|-supereffective|p2a: Gengar|1
|-damage|p2a: Gengar|80/100
|-damage|p2b: Archaludon|88/100
|-unboost|p2a: Gengar|spa|1
|-unboost|p2b: Archaludon|spa|1
|-ability|p2b: Archaludon|Stamina|boost
|-boost|p2b: Archaludon|def|1
|move|p1a: Farigiraf|Trick Room|p1a: Farigiraf
|-fieldstart|move: Trick Room|[of] p1a: Farigiraf
|
|-heal|p2b: Archaludon|94/100|[from] item: Leftovers
|-start|p1b: Incineroar|perish3
|-start|p1a: Farigiraf|perish3
|-start|p2b: Archaludon|perish3
|-start|p2a: Gengar|perish3
|upkeep
|turn|2
|inactive|tang de maracuja has 30 seconds left.
|inactive|UtsuruK has 30 seconds left.
|
|t:|1784585085
|switch|p2a: Politoed|Politoed, L50, M|100/100
|-weather|RainDance|[from] ability: Drizzle|[of] p2a: Politoed
|move|p1b: Incineroar|Parting Shot|p2b: Archaludon
|-unboost|p2b: Archaludon|atk|1
|-unboost|p2b: Archaludon|spa|1
|
|t:|1784585093
|switch|p1b: Camerupt|Camerupt, L50, F|100/100|[from] Parting Shot
|move|p1a: Farigiraf|Twin Beam|p2a: Politoed
|-damage|p2a: Politoed|87/100
|-crit|p2a: Politoed
|-damage|p2a: Politoed|70/100
|-hitcount|p2a: Politoed|2
|move|p2b: Archaludon|Electro Shot||[still]
|-prepare|p2b: Archaludon|Electro Shot
|-boost|p2b: Archaludon|spa|1
|-anim|p2b: Archaludon|Electro Shot|p1b: Camerupt
|-immune|p1b: Camerupt
|
|-weather|RainDance|[upkeep]
|-heal|p2b: Archaludon|100/100|[from] item: Leftovers
|-start|p1a: Farigiraf|perish2
|-start|p2b: Archaludon|perish2
|upkeep
|turn|3
|
|t:|1784585123
|detailschange|p1b: Camerupt|Camerupt-Mega, L50, F
|-mega|p1b: Camerupt|Camerupt|Cameruptite
|move|p1b: Camerupt|Protect|p1b: Camerupt
|-singleturn|p1b: Camerupt|Protect
|move|p1a: Farigiraf|Thunderbolt|p2a: Politoed
|-supereffective|p2a: Politoed|1
|-damage|p2a: Politoed|33/100
|-enditem|p2a: Politoed|Sitrus Berry|[eat]
|-heal|p2a: Politoed|58/100|[from] item: Sitrus Berry
|move|p2a: Politoed|Weather Ball|p1a: Farigiraf
|-damage|p1a: Farigiraf|58/100
|move|p2b: Archaludon|Dragon Pulse|p1a: Farigiraf
|-damage|p1a: Farigiraf|38/100
|
|-weather|RainDance|[upkeep]
|-start|p1a: Farigiraf|perish1
|-start|p2b: Archaludon|perish1
|upkeep
|turn|4
|inactive|UtsuruK has 30 seconds left.
|
|t:|1784585150
|switch|p2b: Vivillon|Vivillon, L50, F|100/100
|move|p2a: Politoed|Protect|p2a: Politoed
|-singleturn|p2a: Politoed|Protect
|move|p1b: Camerupt|Earth Power|p2a: Politoed
|-activate|p2a: Politoed|move: Protect
|move|p1a: Farigiraf|Thunderbolt|p2a: Politoed
|-activate|p2a: Politoed|move: Protect
|
|-weather|RainDance|[upkeep]
|-start|p1a: Farigiraf|perish0
|faint|p1a: Farigiraf
|upkeep
|
|t:|1784585166
|switch|p1a: Incineroar|Incineroar, L50, M|100/100
|-ability|p1a: Incineroar|Intimidate|boost
|-unboost|p2a: Politoed|atk|1
|-unboost|p2b: Vivillon|atk|1
|turn|5
|
|t:|1784585174
|move|p2b: Vivillon|Protect|p2b: Vivillon
|-singleturn|p2b: Vivillon|Protect
|move|p1a: Incineroar|Fake Out|p2a: Politoed
|-damage|p2a: Politoed|47/100
|move|p1b: Camerupt|Ancient Power|p2b: Vivillon
|-activate|p2b: Vivillon|move: Protect
|cant|p2a: Politoed|flinch
|
|-weather|RainDance|[upkeep]
|-fieldend|move: Trick Room
|upkeep
|turn|6
|
|t:|1784585195
|switch|p1b: Sinistcha|Sinistcha, L50|100/100
|move|p2b: Vivillon|Sleep Powder|p1b: Sinistcha
|-immune|p1b: Sinistcha
|move|p2a: Politoed|Weather Ball|p1a: Incineroar
|-supereffective|p1a: Incineroar|1
|-damage|p1a: Incineroar|24/100
|move|p1a: Incineroar|Parting Shot|p2a: Politoed
|-unboost|p2a: Politoed|atk|1
|-unboost|p2a: Politoed|spa|1
|
|t:|1784585205
|switch|p1a: Camerupt|Camerupt-Mega, L50, F|100/100|[from] Parting Shot
|
|-weather|none
|upkeep
|turn|7
|
|t:|1784585221
|move|p2b: Vivillon|Hurricane|p1b: Sinistcha|[miss]
|-miss|p2b: Vivillon|p1b: Sinistcha
|move|p2a: Politoed|Perish Song|p2a: Politoed
|-start|p1a: Camerupt|perish3|[silent]
|-start|p1b: Sinistcha|perish3|[silent]
|-start|p2a: Politoed|perish3|[silent]
|-start|p2b: Vivillon|perish3|[silent]
|-fieldactivate|move: Perish Song
|move|p1b: Sinistcha|Matcha Gotcha|p2b: Vivillon|[spread] p2a,p2b
|-supereffective|p2a: Politoed|1
|-resisted|p2b: Vivillon|2
|-damage|p2a: Politoed|11/100
|-damage|p2b: Vivillon|88/100
|-status|p2a: Politoed|brn
|-status|p2b: Vivillon|brn
|move|p1a: Camerupt|Heat Wave|p2b: Vivillon|[spread] p2a,p2b
|-resisted|p2a: Politoed|1
|-crit|p2a: Politoed
|-supereffective|p2b: Vivillon|1
|-damage|p2a: Politoed|0 fnt
|-damage|p2b: Vivillon|0 fnt
|faint|p2a: Politoed
|faint|p2b: Vivillon
|
|-start|p1b: Sinistcha|perish3
|-start|p1a: Camerupt|perish3
|upkeep
|
|t:|1784585226
|switch|p2b: Archaludon|Archaludon, L50, F|100/100
|switch|p2a: Gengar|Gengar-Mega, L50, F|80/100
|turn|8
|
|t:|1784585248
|move|p2a: Gengar|Protect|p2a: Gengar
|-singleturn|p2a: Gengar|Protect
|move|p1b: Sinistcha|Rage Powder|p1b: Sinistcha
|-singleturn|p1b: Sinistcha|move: Rage Powder
|move|p2b: Archaludon|Dragon Pulse|p1b: Sinistcha
|-damage|p1b: Sinistcha|64/100
|move|p1a: Camerupt|Heat Wave|p2b: Archaludon|[spread] p2b
|-activate|p2a: Gengar|move: Protect
|-damage|p2b: Archaludon|41/100
|-ability|p2b: Archaludon|Stamina|boost
|-boost|p2b: Archaludon|def|1
|
|-heal|p2b: Archaludon|47/100|[from] item: Leftovers
|-start|p1b: Sinistcha|perish2
|-start|p1a: Camerupt|perish2
|upkeep
|turn|9
|
|t:|1784585266
|switch|p1b: Incineroar|Incineroar, L50, M|24/100
|-ability|p1b: Incineroar|Intimidate|boost
|-unboost|p2a: Gengar|atk|1
|-unboost|p2b: Archaludon|atk|1
|move|p2a: Gengar|Sludge Bomb|p1b: Incineroar
|-damage|p1b: Incineroar|0 fnt
|faint|p1b: Incineroar
|move|p2b: Archaludon|Dragon Pulse|p1a: Camerupt
|-damage|p1a: Camerupt|62/100
|move|p1a: Camerupt|Heat Wave|p2b: Archaludon|[spread] p2a,p2b
|-damage|p2a: Gengar|29/100
|-damage|p2b: Archaludon|0 fnt
|faint|p2b: Archaludon
|
|-start|p1a: Camerupt|perish1
|upkeep
|
|t:|1784585280
|switch|p1b: Sinistcha|Sinistcha, L50|64/100
|-heal|p1a: Camerupt|87/100|[from] ability: Hospitality|[of] p1b: Sinistcha
|turn|10
|
|t:|1784585297
|move|p2a: Gengar|Protect|p2a: Gengar
|-singleturn|p2a: Gengar|Protect
|move|p1b: Sinistcha|Life Dew|p1b: Sinistcha|[spread] p1a,p1b
|-heal|p1a: Camerupt|100/100
|-heal|p1b: Sinistcha|89/100
|move|p1a: Camerupt|Earth Power|p2a: Gengar
|-activate|p2a: Gengar|move: Protect
|
|-start|p1a: Camerupt|perish0
|faint|p1a: Camerupt
|upkeep
|turn|11
|
|t:|1784585308
|move|p2a: Gengar|Shadow Ball|p1b: Sinistcha
|-supereffective|p1b: Sinistcha|1
|-damage|p1b: Sinistcha|0 fnt
|faint|p1b: Sinistcha
|
|win|tang de maracuja
||tang de maracuja is ready for game 2.
||UtsuruK is ready for game 2.
|uhtml|next|Next: Game 2 of 3
