|j|☆fetru
|j|☆BIT_Snowman
|html|fetruBIT_Snowman    
|uhtml|bestof|Game 2 of a best-of-3
|t:|1784500453
|gametype|doubles
|player|p1|fetru|266|1100
|player|p2|BIT_Snowman|101|1118
|gen|9
|tier|[Gen 9 Champions] VGC 2026 Reg M-B (Bo3)
|rated|
|rule|Species Clause: Limit one of each Pokémon
|rule|Item Clause: Limit 1 of each item
|clearpoke
|poke|p1|Aerodactyl, L50, M|
|poke|p1|Sylveon, L50, F|
|poke|p1|Charizard, L50, M|
|poke|p1|Kingambit, L50, M|
|poke|p1|Farigiraf, L50, M|
|poke|p1|Garchomp, L50, M|
|poke|p2|Staraptor, L50, M|
|poke|p2|Whimsicott, L50, M|
|poke|p2|Gholdengo, L50|
|poke|p2|Garchomp, L50, M|
|poke|p2|Kingambit, L50, M|
|poke|p2|Ceruledge, L50, F|
|teampreview|4
|showteam|p1|Aerodactyl||Aerodactylite|Unnerve|RockSlide,DualWingbeat,IceFang,Tailwind|Jolly||M|||50|]Sylveon||FairyFeather|Pixilate|Detect,QuickAttack,HyperVoice,HyperBeam|Modest||F|||50|]Charizard||CharizarditeY|SolarPower|Protect,WeatherBall,SolarBeam,HeatWave|Modest||M|||50|]Kingambit||FocusSash|Defiant|LowKick,IronHead,SuckerPunch,KowtowCleave|Adamant||M|||50|]Farigiraf||SitrusBerry|ArmorTail|PsychicFangs,Thunderbolt,TrickRoom,SunnyDay|Relaxed||M|||50|]Garchomp||LifeOrb|RoughSkin|Protect,DragonClaw,StompingTantrum,Earthquake|Jolly||M|||50|
|showteam|p2|Staraptor||Staraptite|Intimidate|BraveBird,CloseCombat,Roost,Protect|Jolly||M|||50|]Whimsicott||FocusSash|Prankster|Moonblast,Tailwind,Charm,Encore|Timid||M|||50|]Gholdengo||SpellTag|GoodasGold|MakeItRain,ShadowBall,PowerGem,Protect|Modest|||||50|]Garchomp||LifeOrb|RoughSkin|Earthquake,DragonClaw,RockSlide,Protect|Jolly||M|||50|]Kingambit||ChopleBerry|Defiant|KowtowCleave,IronHead,SuckerPunch,LowKick|Adamant||M|||50|]Ceruledge||ColburBerry|FlashFire|BitterBlade,ShadowSneak,BulkUp,Protect|Adamant||F|||50|
|
|t:|1784500505
|teamsize|p1|4
|teamsize|p2|4
|start
|switch|p1a: Aerodactyl|Aerodactyl, L50, M|100/100
|switch|p1b: Garchomp|Garchomp, L50, M|100/100
|switch|p2a: Garchomp|Garchomp, L50, M|100/100
|switch|p2b: Whimsicott|Whimsicott, L50, M|100/100
|-ability|p1a: Aerodactyl|Unnerve
|turn|1
|
|t:|1784500533
|detailschange|p1a: Aerodactyl|Aerodactyl-Mega, L50, M
|-mega|p1a: Aerodactyl|Aerodactyl|Aerodactylite
|move|p1b: Garchomp|Protect|p1b: Garchomp
|-singleturn|p1b: Garchomp|Protect
|move|p2b: Whimsicott|Tailwind|p2b: Whimsicott
|-sidestart|p2: BIT_Snowman|move: Tailwind
|move|p2a: Garchomp|Dragon Claw|p1b: Garchomp
|-activate|p1b: Garchomp|move: Protect
|move|p1a: Aerodactyl|Tailwind|p1a: Aerodactyl
|-sidestart|p1: fetru|move: Tailwind
|
|upkeep
|turn|2
|
|t:|1784500564
|move|p2a: Garchomp|Protect|p2a: Garchomp
|-singleturn|p2a: Garchomp|Protect
|move|p1a: Aerodactyl|Ice Fang|p2a: Garchomp
|-activate|p2a: Garchomp|move: Protect
|move|p2b: Whimsicott|Moonblast|p1b: Garchomp
|-supereffective|p1b: Garchomp|1
|-damage|p1b: Garchomp|23/100
|-unboost|p1b: Garchomp|spa|1
|move|p1b: Garchomp|Earthquake|p2b: Whimsicott|[spread] p2b
|-activate|p2a: Garchomp|move: Protect
|-immune|p1a: Aerodactyl
|-resisted|p2b: Whimsicott|1
|-damage|p2b: Whimsicott|61/100
|-damage|p1b: Garchomp|14/100|[from] item: Life Orb
|
|upkeep
|turn|3
|
|t:|1784500626
|switch|p2a: Staraptor|Staraptor, L50, M|100/100
|-ability|p2a: Staraptor|Intimidate|boost
|-unboost|p1a: Aerodactyl|atk|1
|-unboost|p1b: Garchomp|atk|1
|move|p2b: Whimsicott|Charm|p1a: Aerodactyl
|-unboost|p1a: Aerodactyl|atk|2
|move|p1a: Aerodactyl|Ice Fang|p2b: Whimsicott
|-supereffective|p2b: Whimsicott|1
|-damage|p2b: Whimsicott|30/100
|move|p1b: Garchomp|Dragon Claw|p2a: Staraptor
|-crit|p2a: Staraptor
|-damage|p2a: Staraptor|7/100
|-damage|p1b: Garchomp|4/100|[from] item: Life Orb
|
|upkeep
|turn|4
|
|t:|1784500653
|switch|p1b: Sylveon|Sylveon, L50, F|100/100
|move|p2a: Staraptor|Protect|p2a: Staraptor
|-singleturn|p2a: Staraptor|Protect
|move|p2b: Whimsicott|Charm|p1a: Aerodactyl
|-unboost|p1a: Aerodactyl|atk|2
|move|p1a: Aerodactyl|Rock Slide|p2a: Staraptor|[spread] p2b
|-activate|p2a: Staraptor|move: Protect
|-crit|p2b: Whimsicott
|-damage|p2b: Whimsicott|0 fnt
|faint|p2b: Whimsicott
|
|-sideend|p1: fetru|move: Tailwind
|-sideend|p2: BIT_Snowman|move: Tailwind
|upkeep
|
|t:|1784500668
|switch|p2b: Ceruledge|Ceruledge, L50, F|100/100
|turn|5
|
|t:|1784500693
|move|p1b: Sylveon|Quick Attack|p2a: Staraptor
|-damage|p2a: Staraptor|0 fnt
|faint|p2a: Staraptor
|move|p1a: Aerodactyl|Tailwind|p1a: Aerodactyl
|-sidestart|p1: fetru|move: Tailwind
|move|p2b: Ceruledge|Bulk Up|p2b: Ceruledge
|-boost|p2b: Ceruledge|atk|1
|-boost|p2b: Ceruledge|def|1
|
|upkeep
|
|t:|1784500700
|switch|p2a: Garchomp|Garchomp, L50, M|100/100
|turn|6
|
|t:|1784500712
|switch|p1a: Garchomp|Garchomp, L50, M|4/100
|move|p1b: Sylveon|Detect|p1b: Sylveon
|-singleturn|p1b: Sylveon|Protect
|move|p2a: Garchomp|Protect|p2a: Garchomp
|-singleturn|p2a: Garchomp|Protect
|move|p2b: Ceruledge|Bitter Blade|p1b: Sylveon
|-activate|p1b: Sylveon|move: Protect
|
|upkeep
|turn|7
|
|t:|1784500727
|move|p2b: Ceruledge|Shadow Sneak|p1a: Garchomp
|-damage|p1a: Garchomp|0 fnt
|-damage|p2b: Ceruledge|87/100|[from] ability: Rough Skin|[of] p1a: Garchomp
|faint|p1a: Garchomp
|move|p1b: Sylveon|Hyper Voice|p2b: Ceruledge|[spread] p2a,p2b
|-supereffective|p2a: Garchomp|1
|-resisted|p2b: Ceruledge|1
|-damage|p2a: Garchomp|1/100
|-damage|p2b: Ceruledge|66/100
|move|p2a: Garchomp|Rock Slide|p1b: Sylveon
|-damage|p1b: Sylveon|62/100
|-damage|p2a: Garchomp|0 fnt|[from] item: Life Orb
|faint|p2a: Garchomp
|
|upkeep
|
|t:|1784500740
|switch|p1a: Kingambit|Kingambit, L50, M|100/100
|turn|8
|
|t:|1784500748
|move|p1a: Kingambit|Kowtow Cleave|p2b: Ceruledge
|-supereffective|p2b: Ceruledge|1
|-enditem|p2b: Ceruledge|Colbur Berry|[eat]
|-enditem|p2b: Ceruledge|Colbur Berry|[weaken]
|-damage|p2b: Ceruledge|28/100
|move|p1b: Sylveon|Hyper Voice|p2b: Ceruledge
|-resisted|p2b: Ceruledge|1
|-damage|p2b: Ceruledge|0 fnt
|faint|p2b: Ceruledge
|
|win|fetru
|inactive|fetru has 30 seconds to confirm battle start!
|inactive|BIT_Snowman has 30 seconds to confirm battle start!
||BIT_Snowman is ready for game 3.
||fetru is ready for game 3.
|uhtml|next|Next: Game 3 of 3
|l|☆BIT_Snowman
|player|p2|
