|j|☆spellbreakvgc
|j|☆TreyBayBay
|html|spellbreakvgcTreyBayBay    
|uhtml|bestof|Game 3 of a best-of-3
|t:|1757937277
|gametype|doubles
|player|p1|spellbreakvgc|lance|1101
|player|p2|TreyBayBay|ninjaboy|1059
|gen|9
|tier|[Gen 9] VGC 2025 Reg H (Bo3)
|rated|
|rule|Species Clause: Limit one of each Pokémon
|rule|Item Clause: Limit 1 of each item
|clearpoke
|poke|p1|Incineroar, L50, M|
|poke|p1|Tyranitar, L50, F|
|poke|p1|Porygon2, L50|
|poke|p1|Ursaluna, L50, M|
|poke|p1|Indeedee-F, L50, F|
|poke|p1|Gholdengo, L50|
|poke|p2|Ninetales-Alola, L50, M|
|poke|p2|Farigiraf, L50, M|
|poke|p2|Sneasler, L50, M|
|poke|p2|Incineroar, L50, F|
|poke|p2|Archaludon, L50, F|
|poke|p2|Hydreigon, L50, F|
|teampreview|4
|showteam|p1|Incineroar||SitrusBerry|Intimidate|PartingShot,FakeOut,KnockOff,Snarl|||M|||50|,,,,,Water]Tyranitar||AssaultVest|SandStream|RockSlide,KnockOff,LowKick,Outrage|||F|||50|,,,,,Flying]Porygon2||Eviolite|Download|TrickRoom,Recover,IceBeam,TeraBlast||||||50|,,,,,Ghost]Ursaluna||FlameOrb|Guts|Earthquake,HeadlongRush,Facade,Protect|||M|||50|,,,,,Fairy]Indeedee-F||PsychicSeed|PsychicSurge|FollowMe,HelpingHand,Psychic,TrickRoom|||F|||50|,,,,,Grass]Gholdengo||Leftovers|GoodasGold|MakeItRain,ShadowBall,NastyPlot,Protect||||||50|,,,,,Dragon
|showteam|p2|Ninetales-Alola||LightClay|SnowWarning|Protect,Blizzard,Moonblast,AuroraVeil|||M|||50|,,,,,Ghost]Farigiraf||ThroatSpray|ArmorTail|ExpandingForce,HyperVoice,TrickRoom,Imprison|||M|||50|,,,,,Fairy]Sneasler||FocusSash|PoisonTouch|FakeOut,DireClaw,CloseCombat,Taunt|||M|||50|,,,,,Stellar]Incineroar||SafetyGoggles|Intimidate|FakeOut,FlareBlitz,KnockOff,WillOWisp|||F|||50|,,,,,Ghost]Archaludon||AssaultVest|Stamina|DracoMeteor,FlashCannon,BodyPress,Thunderbolt|||F|||50|,,,,,Bug]Hydreigon||CovertCloak|Levitate|Snarl,EarthPower,HeatWave,Tailwind|||F|||50|,,,,,Ghost
|inactive|Battle timer is ON: inactive players will automatically lose when time's up. (requested by spellbreakvgc)
|inactive|spellbreakvgc has 60 seconds left.
|
|t:|1757937316
|teamsize|p1|4
|teamsize|p2|4
|start
|switch|p1a: Porygon2|Porygon2, L50|100/100
|switch|p1b: Incineroar|Incineroar, L50, M|100/100
|switch|p2a: Incineroar|Incineroar, L50, F|100/100
|switch|p2b: Ninetales|Ninetales-Alola, L50, M, shiny|100/100
|-weather|Snowscape|[from] ability: Snow Warning|[of] p2b: Ninetales
|-ability|p2a: Incineroar|Intimidate|boost
|-unboost|p1a: Porygon2|atk|1
|-unboost|p1b: Incineroar|atk|1
|-ability|p1b: Incineroar|Intimidate|boost
|-unboost|p2a: Incineroar|atk|1
|-unboost|p2b: Ninetales|atk|1
|-ability|p1a: Porygon2|Download|boost
|-boost|p1a: Porygon2|atk|1
|turn|1
|inactive|spellbreakvgc has 30 seconds left.
|
|t:|1757937343
|-terastallize|p1a: Porygon2|Ghost
|move|p2a: Incineroar|Fake Out|p1b: Incineroar
|-damage|p1b: Incineroar|93/100
|cant|p1b: Incineroar|flinch
|move|p2b: Ninetales|Aurora Veil|p2b: Ninetales
|-sidestart|p2: TreyBayBay|move: Aurora Veil
|move|p1a: Porygon2|Trick Room|p1a: Porygon2
|-fieldstart|move: Trick Room|[of] p1a: Porygon2
|
|-weather|Snowscape|[upkeep]
|upkeep
|turn|2
|
|t:|1757937362
|move|p1b: Incineroar|Parting Shot|p2a: Incineroar
|-unboost|p2a: Incineroar|atk|1
|-unboost|p2a: Incineroar|spa|1
|
|t:|1757937366
|switch|p1b: Ursaluna|Ursaluna, L50, M|100/100|[from] Parting Shot
|move|p1a: Porygon2|Tera Blast|p2b: Ninetales|[anim] Tera Blast Ghost
|-damage|p2b: Ninetales|71/100
|move|p2a: Incineroar|Knock Off|p1a: Porygon2
|-supereffective|p1a: Porygon2
|-damage|p1a: Porygon2|75/100
|-enditem|p1a: Porygon2|Eviolite|[from] move: Knock Off|[of] p2a: Incineroar
|move|p2b: Ninetales|Moonblast|p1b: Ursaluna
|-damage|p1b: Ursaluna|70/100
|
|-weather|Snowscape|[upkeep]
|-status|p1b: Ursaluna|brn|[from] item: Flame Orb
|upkeep
|turn|3
|
|t:|1757937390
|switch|p2a: Hydreigon|Hydreigon, L50, F, shiny|100/100
|move|p1b: Ursaluna|Earthquake|p2a: Hydreigon|[spread] p1a,p2b
|-immune|p2a: Hydreigon|[from] ability: Levitate
|-damage|p1a: Porygon2|14/100
|-damage|p2b: Ninetales|23/100
|move|p1a: Porygon2|Recover|p1a: Porygon2
|-heal|p1a: Porygon2|65/100
|move|p2b: Ninetales|Blizzard|p1a: Porygon2|[spread] p1a,p1b
|-supereffective|p1b: Ursaluna
|-damage|p1a: Porygon2|36/100
|-damage|p1b: Ursaluna|9/100 brn
|
|-weather|Snowscape|[upkeep]
|-damage|p1b: Ursaluna|3/100 brn|[from] brn
|upkeep
|turn|4
|
|t:|1757937413
|switch|p1b: Gholdengo|Gholdengo, L50|100/100
|switch|p2a: Incineroar|Incineroar, L50, F|100/100
|-ability|p2a: Incineroar|Intimidate|boost
|-unboost|p1a: Porygon2|atk|1
|-unboost|p1b: Gholdengo|atk|1
|move|p2b: Ninetales|Protect|p2b: Ninetales
|-singleturn|p2b: Ninetales|Protect
|move|p1a: Porygon2|Recover|p1a: Porygon2
|-heal|p1a: Porygon2|86/100
|
|-weather|Snowscape|[upkeep]
|upkeep
|turn|5
|
|t:|1757937435
|switch|p2b: Hydreigon|Hydreigon, L50, F, shiny|100/100
|move|p1a: Porygon2|Tera Blast|p2b: Hydreigon|[anim] Tera Blast Ghost
|-resisted|p2b: Hydreigon
|-damage|p2b: Hydreigon|86/100
|move|p1b: Gholdengo|Nasty Plot|p1b: Gholdengo
|-boost|p1b: Gholdengo|spa|2
|move|p2a: Incineroar|Knock Off|p1a: Porygon2
|-supereffective|p1a: Porygon2
|-damage|p1a: Porygon2|31/100
|
|-weather|none
|-fieldend|move: Trick Room
|upkeep
|turn|6
|inactive|TreyBayBay has 30 seconds left.
|
|t:|1757937467
|switch|p1a: Incineroar|Incineroar, L50, M|93/100
|-ability|p1a: Incineroar|Intimidate|boost
|-unboost|p2a: Incineroar|atk|1
|-unboost|p2b: Hydreigon|atk|1
|move|p2b: Hydreigon|Snarl|p1a: Incineroar|[spread] p1a,p1b
|-resisted|p1a: Incineroar
|-supereffective|p1b: Gholdengo
|-damage|p1a: Incineroar|85/100
|-damage|p1b: Gholdengo|65/100
|-unboost|p1a: Incineroar|spa|1
|-unboost|p1b: Gholdengo|spa|1
|move|p2a: Incineroar|Knock Off|p1b: Gholdengo
|-supereffective|p1b: Gholdengo
|-damage|p1b: Gholdengo|18/100
|-enditem|p1b: Gholdengo|Leftovers|[from] move: Knock Off|[of] p2a: Incineroar
|move|p1b: Gholdengo|Nasty Plot|p1b: Gholdengo
|-boost|p1b: Gholdengo|spa|2
|
|upkeep
|turn|7
|-message|spellbreakvgc forfeited.
|
|win|TreyBayBay
|raw|spellbreakvgc's rating: 1101 → 1073(-28 for losing)
|raw|TreyBayBay's rating: 1059 → 1094(+35 for winning)
|l|☆spellbreakvgc
|player|p1|
