|j|☆superboke
|j|☆SoyUnaIA
|html|superbokeSoyUnaIA    
|uhtml|bestof|Game 2 of a best-of-3
|t:|1757927587
|gametype|doubles
|player|p1|superboke|steven|1300
|player|p2|SoyUnaIA|winona|1283
|gen|9
|tier|[Gen 9] VGC 2025 Reg H (Bo3)
|rated|
|rule|Species Clause: Limit one of each Pokémon
|rule|Item Clause: Limit 1 of each item
|clearpoke
|poke|p1|Weezing, L50, M|
|poke|p1|Slaking, L50, F|
|poke|p1|Sneasler, L50, F|
|poke|p1|Indeedee, L50, M|
|poke|p1|Dondozo, L50, F|
|poke|p1|Tatsugiri, L50, M|
|poke|p2|Garganacl, L50, M|
|poke|p2|Gothitelle, L50, M|
|poke|p2|Primarina, L50, F|
|poke|p2|Kingambit, L50, F|
|poke|p2|Magmar, L50, F|
|poke|p2|Dragapult, L50, M|
|teampreview|4
|showteam|p1|Weezing||CovertCloak|NeutralizingGas|SludgeBomb,Protect,Taunt,PoisonGas|||M|||50|,,,,,Flying]Slaking||ChoiceBand|Truant|DoubleEdge,Earthquake,KnockOff,HighHorsepower|||F|||50|,,,,,Ghost]Sneasler||PsychicSeed|Unburden|CloseCombat,DireClaw,Protect,ThroatChop|||F|||50|,,,,,Dark]Indeedee||FocusSash|PsychicSurge|ExpandingForce,TeraBlast,Protect,HelpingHand|||M|||50|,,,,,Psychic]Dondozo||Leftovers|Unaware|Earthquake,OrderUp,WaveCrash,Protect|||F|||50|,,,,,Grass]Tatsugiri||SafetyGoggles|Commander|MuddyWater,DracoMeteor,Protect,HelpingHand|||M|||50|,,,,,Fairy
|showteam|p2|Garganacl||Leftovers|PurifyingSalt|SaltCure,Recover,WideGuard,Protect|||M|||50|,,,,,Water]Gothitelle||SitrusBerry|ShadowTag|FakeOut,TrickRoom,Psychic,Protect|||M|||50|,,,,,Dark]Primarina||CovertCloak|LiquidVoice|HyperVoice,Moonblast,PerishSong,Protect|||F|||50|,,,,,Poison]Kingambit||BlackGlasses|Defiant|KowtowCleave,SuckerPunch,SwordsDance,Protect|||F|||50|,,,,,Dark]Magmar||Eviolite|VitalSpirit|Overheat,FollowMe,Taunt,Protect|||F|||50|,,,,,Ghost]Dragapult||ChoiceBand|ClearBody|PhantomForce,DragonDarts,Outrage,Uturn|||M|||50|,,,,,Dragon
|inactive|Battle timer is ON: inactive players will automatically lose when time's up. (requested by SoyUnaIA)
|inactive|SoyUnaIA has 60 seconds left.
|
|t:|1757927620
|teamsize|p1|4
|teamsize|p2|4
|start
|switch|p1a: Weezing|Weezing, L50, M|100/100
|switch|p1b: Slaking|Slaking, L50, F|100/100
|switch|p2a: Dragapult|Dragapult, L50, M|100/100
|switch|p2b: Magmar|Magmar, L50, F|100/100
|-ability|p1a: Weezing|Neutralizing Gas
|turn|1
|
|t:|1757927631
|-terastallize|p2a: Dragapult|Dragon
|-terastallize|p1a: Weezing|Flying
|move|p2a: Dragapult|Outrage|p1b: Slaking
|-damage|p1b: Slaking|2/100
|move|p1b: Slaking|Earthquake|p2a: Dragapult|[spread] p2a,p2b
|-immune|p1a: Weezing
|-supereffective|p2b: Magmar
|-damage|p2a: Dragapult|41/100
|-damage|p2b: Magmar|28/100
|move|p2b: Magmar|Taunt|p1a: Weezing
|-start|p1a: Weezing|move: Taunt
|cant|p1a: Weezing|move: Taunt|Poison Gas
|
|upkeep
|turn|2
|
|t:|1757927652
|move|p2a: Dragapult|Outrage|p1a: Weezing|[from] lockedmove
|-damage|p1a: Weezing|17/100
|move|p1b: Slaking|Earthquake|p2b: Magmar|[spread] p2a,p2b
|-immune|p1a: Weezing
|-supereffective|p2b: Magmar
|-damage|p2a: Dragapult|0 fnt
|-damage|p2b: Magmar|0 fnt
|faint|p2a: Dragapult
|faint|p2b: Magmar
|move|p1a: Weezing|Sludge Bomb|p2: Dragapult|[notarget]
|-fail|p1a: Weezing
|
|upkeep
|
|t:|1757927656
|switch|p2a: Primarina|Primarina, L50, F|100/100
|switch|p2b: Gothitelle|Gothitelle, L50, M|100/100
|turn|3
|
|t:|1757927678
|switch|p1b: Dondozo|Dondozo, L50, F|100/100
|move|p2a: Primarina|Protect|p2a: Primarina
|-singleturn|p2a: Primarina|Protect
|move|p1a: Weezing|Sludge Bomb|p2a: Primarina
|-activate|p2a: Primarina|move: Protect
|move|p2b: Gothitelle|Trick Room|p2b: Gothitelle
|-fieldstart|move: Trick Room|[of] p2b: Gothitelle
|
|-end|p1a: Weezing|move: Taunt
|upkeep
|turn|4
|
|t:|1757927690
|move|p2a: Primarina|Hyper Voice|p1b: Dondozo|[spread] p1a,p1b
|-damage|p1a: Weezing|0 fnt
|-damage|p1b: Dondozo|79/100
|faint|p1a: Weezing
|-end|p1a: Weezing|ability: Neutralizing Gas
|move|p2b: Gothitelle|Psychic|p1b: Dondozo
|-damage|p1b: Dondozo|50/100
|move|p1b: Dondozo|Wave Crash|p2b: Gothitelle
|-damage|p2b: Gothitelle|61/100
|-damage|p1b: Dondozo|39/100|[from] Recoil
|
|-heal|p1b: Dondozo|46/100|[from] item: Leftovers
|upkeep
|
|t:|1757927699
|switch|p1a: Tatsugiri|Tatsugiri, L50, M|100/100
|-activate|p1a: Tatsugiri|ability: Commander|[of] p1b: Dondozo
|-boost|p1b: Dondozo|atk|2
|-boost|p1b: Dondozo|spa|2
|-boost|p1b: Dondozo|spe|2
|-boost|p1b: Dondozo|def|2
|-boost|p1b: Dondozo|spd|2
|turn|5
|
|t:|1757927707
|move|p1b: Dondozo|Protect|p1b: Dondozo
|-singleturn|p1b: Dondozo|Protect
|move|p2a: Primarina|Moonblast|p1b: Dondozo
|-activate|p1b: Dondozo|move: Protect
|move|p2b: Gothitelle|Psychic|p1b: Dondozo
|-activate|p1b: Dondozo|move: Protect
|
|-heal|p1b: Dondozo|52/100|[from] item: Leftovers
|upkeep
|turn|6
|
|t:|1757927716
|move|p2a: Primarina|Moonblast|p1b: Dondozo
|-damage|p1b: Dondozo|28/100
|move|p2b: Gothitelle|Psychic|p1b: Dondozo
|-damage|p1b: Dondozo|13/100
|move|p1b: Dondozo|Earthquake|p2b: Gothitelle|[spread] p2a,p2b
|-miss|p1b: Dondozo|p1a: Tatsugiri
|-damage|p2a: Primarina|58/100
|-damage|p2b: Gothitelle|26/100
|-enditem|p2b: Gothitelle|Sitrus Berry|[eat]
|-heal|p2b: Gothitelle|51/100|[from] item: Sitrus Berry
|
|-heal|p1b: Dondozo|20/100|[from] item: Leftovers
|upkeep
|turn|7
|
|t:|1757927735
|move|p1b: Dondozo|Protect|p1b: Dondozo
|-singleturn|p1b: Dondozo|Protect
|move|p2a: Primarina|Moonblast|p1b: Dondozo
|-activate|p1b: Dondozo|move: Protect
|move|p2b: Gothitelle|Psychic|p1b: Dondozo
|-activate|p1b: Dondozo|move: Protect
|
|-heal|p1b: Dondozo|26/100|[from] item: Leftovers
|-fieldend|move: Trick Room
|upkeep
|turn|8
|
|t:|1757927742
|move|p2b: Gothitelle|Protect|p2b: Gothitelle
|-singleturn|p2b: Gothitelle|Protect
|move|p1b: Dondozo|Earthquake|p2b: Gothitelle|[spread] p2a
|-miss|p1b: Dondozo|p1a: Tatsugiri
|-activate|p2b: Gothitelle|move: Protect
|-damage|p2a: Primarina|13/100
|move|p2a: Primarina|Moonblast|p1b: Dondozo
|-damage|p1b: Dondozo|1/100
|
|-heal|p1b: Dondozo|8/100|[from] item: Leftovers
|upkeep
|turn|9
|
|t:|1757927760
|move|p2a: Primarina|Protect|p2a: Primarina
|-singleturn|p2a: Primarina|Protect
|move|p1b: Dondozo|Earthquake|p2b: Gothitelle|[spread] p2b
|-miss|p1b: Dondozo|p1a: Tatsugiri
|-activate|p2a: Primarina|move: Protect
|-damage|p2b: Gothitelle|19/100
|move|p2b: Gothitelle|Trick Room|p2b: Gothitelle
|-fieldstart|move: Trick Room|[of] p2b: Gothitelle
|
|-heal|p1b: Dondozo|14/100|[from] item: Leftovers
|upkeep
|turn|10
|
|t:|1757927771
|move|p2a: Primarina|Moonblast|p1b: Dondozo
|-damage|p1b: Dondozo|0 fnt
|faint|p1b: Dondozo
|move|p2b: Gothitelle|Psychic|p1a: Tatsugiri
|-damage|p1a: Tatsugiri|60/100
|
|upkeep
|
|t:|1757927776
|switch|p1b: Slaking|Slaking, L50, F|2/100
|turn|11
|
|t:|1757927790
|move|p2a: Primarina|Moonblast|p1a: Tatsugiri
|-supereffective|p1a: Tatsugiri
|-damage|p1a: Tatsugiri|0 fnt
|faint|p1a: Tatsugiri
|move|p2b: Gothitelle|Psychic|p1b: Slaking
|-damage|p1b: Slaking|0 fnt
|faint|p1b: Slaking
|
|win|SoyUnaIA
||SoyUnaIA is ready for game 3.
||superboke is ready for game 3.
|uhtml|next|Next: Game 3 of 3
|l|☆SoyUnaIA
|player|p2|
|l|☆superboke
|player|p1|
