|j|☆FreezyPop439
|j|☆beeetch
|html|FreezyPop439beeetch    
|uhtml|bestof|Game 1 of a best-of-3
|t:|1783086739
|gametype|doubles
|player|p1|FreezyPop439|collector|1279
|player|p2|beeetch|piers-masters|1214
|gen|9
|tier|[Gen 9 Champions] VGC 2026 Reg M-B (Bo3)
|rated|
|rule|Species Clause: Limit one of each Pokémon
|rule|Item Clause: Limit 1 of each item
|clearpoke
|poke|p1|Raichu, L50, F|
|poke|p1|Gyarados, L50, F|
|poke|p1|Mamoswine, L50, M|
|poke|p1|Ceruledge, L50, F|
|poke|p1|Clefable, L50, F|
|poke|p1|Kingambit, L50, F|
|poke|p2|Milotic, L50, M|
|poke|p2|Volcarona, L50, M|
|poke|p2|Hydreigon, L50, F|
|poke|p2|Sylveon, L50, F|
|poke|p2|Sneasler, L50, F|
|poke|p2|Aerodactyl, L50, F|
|teampreview|4
|showteam|p1|Raichu||RaichuniteY|Static|ZapCannon,FocusBlast,FakeOut,Protect|Timid||F|||50|]Gyarados||Gyaradosite|Intimidate|Waterfall,PowerWhip,DragonDance,Protect|Adamant||F|||50|]Mamoswine||LifeOrb|Oblivious|HighHorsepower,IceShard,IcicleCrash,Protect|Jolly||M|||50|]Ceruledge||ColburBerry|FlashFire|BitterBlade,ShadowSneak,BulkUp,Protect|Adamant||F|||50|]Clefable||SitrusBerry|Unaware|Moonblast,FollowMe,HelpingHand,Protect|Bold||F|||50|]Kingambit||FocusSash|Defiant|IronHead,KowtowCleave,SuckerPunch,LowKick|Adamant||F|||50|
|showteam|p2|Milotic||Leftovers|Competitive|MuddyWater,Coil,Hypnosis,Protect|Bold||M|||50|]Volcarona||SitrusBerry|FlameBody|RagePowder,GigaDrain,HeatWave,Protect|Modest||M|||50|]Hydreigon||ChoiceScarf|Levitate|DracoMeteor,Snarl,DarkPulse,EarthPower|Modest||F|||50|]Sylveon||FairyFeather|Pixilate|HyperBeam,HyperVoice,QuickAttack,Protect|Modest||F|||50|]Sneasler||WhiteHerb|Unburden|Protect,DireClaw,CloseCombat,FakeOut|Adamant||F|||50|]Aerodactyl||Aerodactylite|Unnerve|Protect,RockSlide,DualWingbeat,Tailwind|Jolly||F|||50|
|inactive|Battle timer is ON: inactive players will automatically lose when time's up. (requested by beeetch)
|
|t:|1783086815
|teamsize|p1|4
|teamsize|p2|4
|start
|switch|p1a: Raichu|Raichu, L50, F|100/100
|switch|p1b: Gyarados|Gyarados, L50, F|100/100
|switch|p2a: Sylveon|Sylveon, L50, F|100/100
|switch|p2b: Aerodactyl|Aerodactyl, L50, F|100/100
|-ability|p2b: Aerodactyl|Unnerve
|-ability|p1b: Gyarados|Intimidate|boost
|-unboost|p2a: Sylveon|atk|1
|-unboost|p2b: Aerodactyl|atk|1
|turn|1
|
|t:|1783086834
|detailschange|p2b: Aerodactyl|Aerodactyl-Mega, L50, F
|-mega|p2b: Aerodactyl|Aerodactyl|Aerodactylite
|move|p1a: Raichu|Fake Out|p2b: Aerodactyl
|-resisted|p2b: Aerodactyl|1
|-damage|p2b: Aerodactyl|95/100
|cant|p2b: Aerodactyl|flinch
|move|p1b: Gyarados|Dragon Dance|p1b: Gyarados
|-boost|p1b: Gyarados|atk|1
|-boost|p1b: Gyarados|spe|1
|move|p2a: Sylveon|Hyper Voice|p1a: Raichu|[spread] p1a,p1b
|-damage|p1a: Raichu|44/100
|-damage|p1b: Gyarados|56/100
|
|upkeep
|turn|2
|inactive|FreezyPop439 has 30 seconds left.
|
|t:|1783086869
|move|p1a: Raichu|Protect|p1a: Raichu
|-singleturn|p1a: Raichu|Protect
|move|p2b: Aerodactyl|Tailwind|p2b: Aerodactyl
|-sidestart|p2: beeetch|move: Tailwind
|move|p1b: Gyarados|Waterfall|p2b: Aerodactyl
|-supereffective|p2b: Aerodactyl|1
|-damage|p2b: Aerodactyl|0 fnt
|faint|p2b: Aerodactyl
|move|p2a: Sylveon|Hyper Voice|p1a: Raichu|[spread] p1b
|-activate|p1a: Raichu|move: Protect
|-damage|p1b: Gyarados|11/100
|
|upkeep
|
|t:|1783086882
|switch|p2b: Hydreigon|Hydreigon, L50, F|100/100
|turn|3
|
|t:|1783086903
|move|p1b: Gyarados|Protect|p1b: Gyarados
|-singleturn|p1b: Gyarados|Protect
|move|p2b: Hydreigon|Earth Power|p1a: Raichu
|-supereffective|p1a: Raichu|1
|-damage|p1a: Raichu|0 fnt
|faint|p1a: Raichu
|move|p2a: Sylveon|Hyper Voice|p1b: Gyarados
|-activate|p1b: Gyarados|move: Protect
|
|upkeep
|
|t:|1783086915
|switch|p1a: Ceruledge|Ceruledge, L50, F|100/100
|turn|4
|inactive|FreezyPop439 has 30 seconds left.
|inactive|FreezyPop439 has 20 seconds left.
|
|t:|1783086955
|move|p2b: Hydreigon|Earth Power|p1a: Ceruledge
|-supereffective|p1a: Ceruledge|1
|-damage|p1a: Ceruledge|35/100
|move|p1b: Gyarados|Waterfall|p2a: Sylveon
|-damage|p2a: Sylveon|33/100
|move|p2a: Sylveon|Hyper Voice|p1a: Ceruledge|[spread] p1a,p1b
|-resisted|p1a: Ceruledge|1
|-damage|p1a: Ceruledge|14/100
|-damage|p1b: Gyarados|0 fnt
|faint|p1b: Gyarados
|move|p1a: Ceruledge|Bitter Blade|p2a: Sylveon
|-damage|p2a: Sylveon|0 fnt
|-heal|p1a: Ceruledge|30/100|[from] drain|[of] p2a: Sylveon
|faint|p2a: Sylveon
|
|upkeep
|
|t:|1783086967
|switch|p1b: Kingambit|Kingambit, L50, F|100/100
|switch|p2a: Milotic|Milotic, L50, M|100/100
|turn|5
|
|t:|1783086981
|move|p1a: Ceruledge|Protect|p1a: Ceruledge
|-singleturn|p1a: Ceruledge|Protect
|move|p2b: Hydreigon|Earth Power|p1b: Kingambit
|-supereffective|p1b: Kingambit|1
|-damage|p1b: Kingambit|18/100
|move|p2a: Milotic|Coil|p2a: Milotic
|-boost|p2a: Milotic|atk|1
|-boost|p2a: Milotic|def|1
|-boost|p2a: Milotic|accuracy|1
|move|p1b: Kingambit|Low Kick|p2b: Hydreigon
|-supereffective|p2b: Hydreigon|1
|-damage|p2b: Hydreigon|15/100
|
|-sideend|p2: beeetch|move: Tailwind
|upkeep
|turn|6
|
|t:|1783086995
|move|p1b: Kingambit|Sucker Punch|p2b: Hydreigon
|-resisted|p2b: Hydreigon|1
|-damage|p2b: Hydreigon|0 fnt
|faint|p2b: Hydreigon
|move|p1a: Ceruledge|Bitter Blade|p2a: Milotic
|-resisted|p2a: Milotic|1
|-damage|p2a: Milotic|86/100
|-heal|p1a: Ceruledge|38/100|[from] drain|[of] p2a: Milotic
|move|p2a: Milotic|Muddy Water|p1a: Ceruledge|[spread] p1a,p1b
|-supereffective|p1a: Ceruledge|1
|-damage|p1a: Ceruledge|0 fnt
|-damage|p1b: Kingambit|0 fnt
|faint|p1a: Ceruledge
|faint|p1b: Kingambit
|
|win|beeetch
