|j|☆fanman64
|j|☆Ferran Tiburon
|html|fanman64Ferran Tiburon    
|uhtml|bestof|Game 1 of a best-of-3
|t:|1784819805
|gametype|doubles
|player|p1|fanman64|170|1229
|player|p2|Ferran Tiburon|265|1376
|gen|9
|tier|[Gen 9 Champions] VGC 2026 Reg M-B (Bo3)
|rated|
|rule|Species Clause: Limit one of each Pokémon
|rule|Item Clause: Limit 1 of each item
|clearpoke
|poke|p1|Sceptile, L50, M|
|poke|p1|Rotom-Heat, L50|
|poke|p1|Whimsicott, L50, F|
|poke|p1|Sinistcha, L50|
|poke|p1|Mamoswine, L50, M|
|poke|p1|Glimmora, L50, M|
|poke|p2|Hydreigon, L50, F|
|poke|p2|Charizard, L50, F|
|poke|p2|Toxapex, L50, M|
|poke|p2|Incineroar, L50, M|
|poke|p2|Venusaur, L50, M|
|poke|p2|Garchomp, L50, F|
|teampreview|4
|showteam|p1|Sceptile||Sceptilite|Unburden|LeafStorm,DragonPulse,EarthPower,Detect|Timid||M|||50|]Rotom-Heat||ChoiceScarf|Levitate|Discharge,VoltSwitch,Overheat,Electroweb|Timid|||||50|]Whimsicott||MentalHerb|Prankster|Moonblast,Tailwind,Encore,Protect|Timid||F|||50|]Sinistcha||SitrusBerry|Hospitality|MatchaGotcha,RagePowder,TrickRoom,Protect|Calm|||||50|]Mamoswine||FocusSash|Oblivious|HighHorsepower,IcicleCrash,IceShard,Protect|Adamant||M|||50|]Glimmora||Glimmoranite|ToxicDebris|SludgeBomb,PowerGem,SpikyShield,EarthPower|Timid||M|||50|
|showteam|p2|Hydreigon||ChoiceScarf|Levitate|DracoMeteor,Snarl,EarthPower,DarkPulse|Modest||F|||50|]Charizard||CharizarditeY|Blaze|HeatWave,WeatherBall,SolarBeam,Protect|Modest||F|||50|]Toxapex||Leftovers|Regenerator|Toxic,Infestation,WideGuard,BanefulBunker|Bold||M|||50|]Incineroar||SitrusBerry|Intimidate|FakeOut,DarkestLariat,PartingShot,FlareBlitz|Impish||M|||50|]Venusaur||FocusSash|Chlorophyll|LeafStorm,SleepPowder,SludgeBomb,Protect|Modest||M|||50|]Garchomp||LifeOrb|RoughSkin|Protect,DragonClaw,Earthquake,StompingTantrum|Jolly||F|||50|
|inactive|Battle timer is ON: inactive players will automatically lose when time's up. (requested by Ferran Tiburon)
|inactive|Ferran Tiburon has 30 seconds left.
|
|t:|1784819912
|teamsize|p1|4
|teamsize|p2|4
|start
|switch|p1a: Whimsicott|Whimsicott, L50, F|100/100
|switch|p1b: Rotom|Rotom-Heat, L50|100/100
|switch|p2a: Incineroar|Incineroar, L50, M|100/100
|switch|p2b: Hydreigon|Hydreigon, L50, F|100/100
|-ability|p2a: Incineroar|Intimidate|boost
|-unboost|p1a: Whimsicott|atk|1
|-unboost|p1b: Rotom|atk|1
|turn|1
|inactive|fanman64 has 30 seconds left.
|inactive|Ferran Tiburon has 30 seconds left.
|
|t:|1784819941
|move|p2a: Incineroar|Fake Out|p1a: Whimsicott
|-damage|p1a: Whimsicott|87/100
|move|p2b: Hydreigon|Snarl|p1b: Rotom|[spread] p1a,p1b
|-resisted|p1a: Whimsicott|1
|-damage|p1a: Whimsicott|72/100
|-damage|p1b: Rotom|69/100
|-unboost|p1a: Whimsicott|spa|1
|-unboost|p1b: Rotom|spa|1
|move|p1b: Rotom|Electroweb|p2b: Hydreigon|[spread] p2a,p2b
|-resisted|p2b: Hydreigon|1
|-damage|p2a: Incineroar|89/100
|-damage|p2b: Hydreigon|92/100
|-unboost|p2a: Incineroar|spe|1
|-unboost|p2b: Hydreigon|spe|1
|cant|p1a: Whimsicott|flinch
|
|upkeep
|turn|2
|
|t:|1784819961
|switch|p2b: Venusaur|Venusaur, L50, M|100/100
|move|p1b: Rotom|Electroweb|p2b: Venusaur|[spread] p2a,p2b
|-resisted|p2b: Venusaur|1
|-crit|p2b: Venusaur
|-damage|p2a: Incineroar|78/100
|-damage|p2b: Venusaur|85/100
|-unboost|p2a: Incineroar|spe|1
|-unboost|p2b: Venusaur|spe|1
|move|p1a: Whimsicott|Moonblast|p2b: Venusaur
|-resisted|p2b: Venusaur|1
|-damage|p2b: Venusaur|74/100
|move|p2a: Incineroar|Flare Blitz|p1a: Whimsicott
|-supereffective|p1a: Whimsicott|1
|-damage|p1a: Whimsicott|0 fnt
|faint|p1a: Whimsicott
|-damage|p2a: Incineroar|58/100|[from] Recoil
|
|upkeep
|
|t:|1784819979
|switch|p1a: Mamoswine|Mamoswine, L50, M|100/100
|turn|3
|
|t:|1784819995
|move|p2b: Venusaur|Protect|p2b: Venusaur
|-singleturn|p2b: Venusaur|Protect
|move|p1b: Rotom|Electroweb|p2a: Incineroar|[spread] p2a
|-activate|p2b: Venusaur|move: Protect
|-damage|p2a: Incineroar|48/100
|-unboost|p2a: Incineroar|spe|1
|-enditem|p2a: Incineroar|Sitrus Berry|[eat]
|-heal|p2a: Incineroar|72/100|[from] item: Sitrus Berry
|move|p1a: Mamoswine|High Horsepower|p2a: Incineroar
|-supereffective|p2a: Incineroar|1
|-damage|p2a: Incineroar|0 fnt
|faint|p2a: Incineroar
|
|upkeep
|inactive|Ferran Tiburon has 30 seconds left.
|
|t:|1784820024
|switch|p2a: Charizard|Charizard, L50, F|100/100
|turn|4
|inactive|Ferran Tiburon has 30 seconds left.
|inactive|Ferran Tiburon has 20 seconds left.
|
|t:|1784820060
|detailschange|p2a: Charizard|Charizard-Mega-Y, L50, F
|-mega|p2a: Charizard|Charizard|Charizardite Y
|-weather|SunnyDay|[from] ability: Drought|[of] p2a: Charizard
|move|p2b: Venusaur|Protect||[still]
|-fail|p2b: Venusaur
|move|p1b: Rotom|Electroweb|p2b: Venusaur|[spread] p2a,p2b
|-supereffective|p2a: Charizard|1
|-resisted|p2b: Venusaur|1
|-damage|p2a: Charizard|79/100
|-damage|p2b: Venusaur|68/100
|-unboost|p2a: Charizard|spe|1
|-unboost|p2b: Venusaur|spe|1
|move|p1a: Mamoswine|Icicle Crash|p2b: Venusaur
|-supereffective|p2b: Venusaur|1
|-damage|p2b: Venusaur|0 fnt
|faint|p2b: Venusaur
|move|p2a: Charizard|Heat Wave|p1b: Rotom|[spread] p1a,p1b
|-supereffective|p1a: Mamoswine|1
|-resisted|p1b: Rotom|1
|-enditem|p1a: Mamoswine|Focus Sash
|-damage|p1a: Mamoswine|1/100
|-damage|p1b: Rotom|26/100
|
|-weather|SunnyDay|[upkeep]
|upkeep
|
|t:|1784820064
|switch|p2b: Hydreigon|Hydreigon, L50, F|92/100
|turn|5
|inactive|fanman64 has 30 seconds left.
|
|t:|1784820090
|move|p1a: Mamoswine|Protect|p1a: Mamoswine
|-singleturn|p1a: Mamoswine|Protect
|move|p2b: Hydreigon|Snarl|p1b: Rotom|[spread] p1b
|-activate|p1a: Mamoswine|move: Protect
|-damage|p1b: Rotom|0 fnt
|faint|p1b: Rotom
|move|p2a: Charizard|Heat Wave|p1a: Mamoswine
|-activate|p1a: Mamoswine|move: Protect
|
|-weather|SunnyDay|[upkeep]
|upkeep
|
|t:|1784820099
|switch|p1b: Glimmora|Glimmora, L50, M|100/100
|turn|6
|
|t:|1784820114
|detailschange|p1b: Glimmora|Glimmora-Mega, L50, M
|-mega|p1b: Glimmora|Glimmora|Glimmoranite
|move|p2a: Charizard|Protect|p2a: Charizard
|-singleturn|p2a: Charizard|Protect
|move|p1a: Mamoswine|Ice Shard|p2b: Hydreigon
|-supereffective|p2b: Hydreigon|1
|-damage|p2b: Hydreigon|36/100
|move|p2b: Hydreigon|Snarl|p1b: Glimmora|[spread] p1a,p1b
|-damage|p1a: Mamoswine|0 fnt
|-damage|p1b: Glimmora|75/100
|-unboost|p1b: Glimmora|spa|1
|faint|p1a: Mamoswine
|move|p1b: Glimmora|Sludge Bomb|p2b: Hydreigon
|-damage|p2b: Hydreigon|0 fnt
|faint|p2b: Hydreigon
|
|-weather|SunnyDay|[upkeep]
|upkeep
|turn|7
|
|t:|1784820128
|move|p1b: Glimmora|Power Gem|p2a: Charizard
|-supereffective|p2a: Charizard|2
|-damage|p2a: Charizard|0 fnt
|faint|p2a: Charizard
|
|win|fanman64
||Ferran Tiburon is ready for game 2.
||fanman64 is ready for game 2.
|uhtml|next|Next: Game 2 of 3
