|j|☆masamuea
|j|☆0n0_SERPER_0n0
|html|masamuea0n0_SERPER_0n0    
|uhtml|bestof|Game 2 of a best-of-3
|t:|1782313883
|gametype|doubles
|player|p1|masamuea|hilda-wonderlauncher|
|player|p2|0n0_SERPER_0n0|erika|
|gen|9
|tier|[Gen 9 Champions] VGC 2026 Reg M-B (Bo3)
|rule|Species Clause: Limit one of each Pokémon
|rule|Item Clause: Limit 1 of each item
|clearpoke
|poke|p1|Pelipper, L50, F, shiny|
|poke|p1|Sylveon, L50, M|
|poke|p1|Sneasler, L50, M|
|poke|p1|Garchomp, L50, F|
|poke|p1|Corviknight, L50, M|
|poke|p1|Sinistcha, L50|
|poke|p2|Charizard, L50, M|
|poke|p2|Whimsicott, L50, F, shiny|
|poke|p2|Metagross, L50|
|poke|p2|Garchomp, L50, M, shiny|
|poke|p2|Kingambit, L50, F|
|poke|p2|Sylveon, L50, M, shiny|
|teampreview|4
|showteam|p1|Pelipper||FocusSash|Drizzle|Tailwind,WeatherBall,Hurricane,HelpingHand|Modest||F|||50|]Sylveon||FairyFeather|Pixilate|HyperVoice,QuickAttack,Protect,HyperBeam|Modest||M|||50|]Sneasler||WhiteHerb|Unburden|DireClaw,UpperHand,CloseCombat,FakeOut|Jolly||M|||50|]Garchomp||SoftSand|RoughSkin|DragonClaw,Earthquake,RockSlide,SwordsDance|Jolly||F|||50|]Corviknight||Leftovers|MirrorArmor|IronHead,Roost,BraveBird,BulkUp|Adamant||M|||50|]Sinistcha||KasibBerry|Hospitality|MatchaGotcha,Protect,RagePowder,LifeDew|Bold|||||50|
|showteam|p2|Charizard||CharizarditeY|Blaze|WeatherBall,HeatWave,SolarBeam,Protect|Modest||M|||50|]Whimsicott||MentalHerb|Prankster|Moonblast,Tailwind,Encore,Protect|Timid||F|||50|]Metagross||Metagrossite|ClearBody|IronHead,PsychicFangs,BrickBreak,Protect|Jolly|||||50|]Garchomp||LifeOrb|RoughSkin|DragonClaw,StompingTantrum,RockTomb,Protect|Jolly||M|||50|]Kingambit||FocusSash|Defiant|SuckerPunch,KowtowCleave,IronHead,LowKick|Adamant||F|||50|]Sylveon||FairyFeather|Pixilate|QuickAttack,HyperBeam,HyperVoice,Detect|Modest||M|||50|
|
|t:|1782313996
|teamsize|p1|4
|teamsize|p2|4
|start
|switch|p1a: Sneasler|Sneasler, L50, M|100/100
|switch|p1b: Garchomp|Garchomp, L50, F|100/100
|switch|p2a: Luda4|Whimsicott, L50, F, shiny|100/100
|switch|p2b: Dawei Si|Sylveon, L50, M, shiny|100/100
|turn|1
|
|t:|1782314121
|switch|p1b: Corviknight|Corviknight, L50, M|100/100
|move|p2a: Luda4|Protect|p2a: Luda4
|-singleturn|p2a: Luda4|Protect
|move|p2b: Dawei Si|Detect|p2b: Dawei Si
|-singleturn|p2b: Dawei Si|Protect
|move|p1a: Sneasler|Dire Claw|p2b: Dawei Si
|-activate|p2b: Dawei Si|move: Protect
|
|upkeep
|turn|2
|
|t:|1782314171
|switch|p2b: Koldo|Charizard, L50, M|100/100
|move|p2a: Luda4|Tailwind|p2a: Luda4
|-sidestart|p2: 0n0_SERPER_0n0|move: Tailwind
|move|p1a: Sneasler|Dire Claw|p2b: Koldo
|-damage|p2b: Koldo|50/100g
|move|p1b: Corviknight|Brave Bird|p2a: Luda4
|-supereffective|p2a: Luda4|1
|-damage|p2a: Luda4|1/100
|-damage|p1b: Corviknight|70/100|[from] Recoil
|
|-heal|p1b: Corviknight|76/100|[from] item: Leftovers
|upkeep
|turn|3
|
|t:|1782314214
|switch|p1b: Garchomp|Garchomp, L50, F|100/100
|detailschange|p2b: Koldo|Charizard-Mega-Y, L50, M
|-mega|p2b: Koldo|Charizard|Charizardite Y
|-weather|SunnyDay|[from] ability: Drought|[of] p2b: Koldo
|move|p2a: Luda4|Moonblast|p1a: Sneasler
|-damage|p1a: Sneasler|62/100
|move|p2b: Koldo|Heat Wave|p1a: Sneasler|[spread] p1b
|-miss|p2b: Koldo|p1a: Sneasler
|-resisted|p1b: Garchomp|1
|-damage|p1b: Garchomp|61/100
|move|p1a: Sneasler|Dire Claw|p2a: Luda4
|-supereffective|p2a: Luda4|2
|-damage|p2a: Luda4|0 fnt
|faint|p2a: Luda4
|
|-weather|SunnyDay|[upkeep]
|upkeep
|
|t:|1782314229
|switch|p2a: Dawei Si|Sylveon, L50, M, shiny|100/100
|turn|4
|
|t:|1782314272
|switch|p1b: Pelipper|Pelipper, L50, F, shiny|100/100
|-weather|RainDance|[from] ability: Drizzle|[of] p1b: Pelipper
|move|p2b: Koldo|Heat Wave|p1a: Sneasler|[spread] p1a,p1b
|-resisted|p1b: Pelipper|1
|-damage|p1a: Sneasler|32/100
|-damage|p1b: Pelipper|82/100
|move|p1a: Sneasler|Dire Claw|p2a: Dawei Si
|-supereffective|p2a: Dawei Si|1
|-damage|p2a: Dawei Si|1/100
|move|p2a: Dawei Si|Hyper Voice|p1a: Sneasler|[spread] p1a,p1b
|-damage|p1a: Sneasler|0 fnt
|-damage|p1b: Pelipper|6/100
|faint|p1a: Sneasler
|
|-weather|RainDance|[upkeep]
|upkeep
|
|t:|1782314290
|switch|p1a: Garchomp|Garchomp, L50, F|61/100
|turn|5
|
|t:|1782314362
|switch|p2b: Chompy|Garchomp, L50, M, shiny|100/100
|move|p2a: Dawei Si|Hyper Voice|p1b: Pelipper|[spread] p1a,p1b
|-supereffective|p1a: Garchomp|1
|-damage|p1a: Garchomp|0 fnt
|-damage|p1b: Pelipper|0 fnt
|faint|p1a: Garchomp
|faint|p1b: Pelipper
|
|-weather|RainDance|[upkeep]
|-sideend|p2: 0n0_SERPER_0n0|move: Tailwind
|upkeep
|
|t:|1782314378
|switch|p1b: Corviknight|Corviknight, L50, M|76/100
|turn|6
|
|t:|1782314403
|move|p2b: Chompy|Protect|p2b: Chompy
|-singleturn|p2b: Chompy|Protect
|move|p2a: Dawei Si|Detect|p2a: Dawei Si
|-singleturn|p2a: Dawei Si|Protect
|move|p1b: Corviknight|Iron Head|p2a: Dawei Si
|-activate|p2a: Dawei Si|move: Protect
|
|-weather|RainDance|[upkeep]
|-heal|p1b: Corviknight|82/100|[from] item: Leftovers
|upkeep
|turn|7
|
|t:|1782314420
|move|p2a: Dawei Si|Quick Attack|p1b: Corviknight
|-resisted|p1b: Corviknight|1
|-damage|p1b: Corviknight|76/100
|move|p2b: Chompy|Rock Tomb|p1b: Corviknight
|-damage|p1b: Corviknight|51/100
|-ability|p1b: Corviknight|Mirror Armor
|-unboost|p2b: Chompy|spe|1
|-damage|p2b: Chompy|90/100|[from] item: Life Orb
|move|p1b: Corviknight|Iron Head|p2a: Dawei Si
|-supereffective|p2a: Dawei Si|1
|-damage|p2a: Dawei Si|0 fnt
|faint|p2a: Dawei Si
|
|-weather|RainDance|[upkeep]
|-heal|p1b: Corviknight|56/100|[from] item: Leftovers
|upkeep
|
|t:|1782314431
|switch|p2a: Koldo|Charizard-Mega-Y, L50, M|50/100g
|-weather|SunnyDay|[from] ability: Drought|[of] p2a: Koldo
|turn|8
|
|t:|1782314486
|move|p2a: Koldo|Weather Ball|p1b: Corviknight
|-supereffective|p1b: Corviknight|1
|-damage|p1b: Corviknight|0 fnt
|faint|p1b: Corviknight
|
|win|0n0_SERPER_0n0
|l|☆masamuea
|player|p1|
