|j|☆Poly love
|j|☆eeveeolite bisharp
|html|Poly loveeeveeolite bisharp    
|uhtml|bestof|Game 1 of a best-of-3
|t:|1783869160
|gametype|doubles
|player|p1|Poly love|may-masters2|
|player|p2|eeveeolite bisharp|zinnia|
|gen|9
|tier|[Gen 9 Champions] VGC 2026 Reg M-B (Bo3)
|rule|Species Clause: Limit one of each Pokémon
|rule|Item Clause: Limit 1 of each item
|clearpoke
|poke|p1|Archaludon, L50, M|
|poke|p1|Swampert, L50, F|
|poke|p1|Pelipper, L50, F|
|poke|p1|Raichu, L50, M|
|poke|p1|Basculegion, L50, M|
|poke|p1|Sneasler, L50, F|
|poke|p2|Raichu, L50, M|
|poke|p2|Incineroar, L50, M|
|poke|p2|Pelipper, L50, F|
|poke|p2|Basculegion, L50, M|
|poke|p2|Swampert, L50, F|
|poke|p2|Archaludon, L50, F|
|teampreview|4
|showteam|p1|Archaludon||Leftovers|Stamina|ElectroShot,FlashCannon,DracoMeteor,Protect|Timid||M|||50|]Swampert||Swampertite|Torrent|WaveCrash,HighHorsepower,IcePunch,Protect|Adamant||F|||50|]Pelipper||SitrusBerry|Drizzle|Tailwind,Hurricane,Surf,Protect|Bold||F|||50|]Raichu||RaichuniteY|Static|ZapCannon,GrassKnot,FakeOut,Protect|Hasty||M|||50|]Basculegion||MysticWater|SwiftSwim|LastRespects,AquaJet,WaveCrash,Protect|Adamant||M|||50|]Sneasler||WhiteHerb|Unburden|CloseCombat,DireClaw,FakeOut,Protect|Adamant||F|||50|
|showteam|p2|Raichu||RaichuniteY|LightningRod|FakeOut,VoltSwitch,ZapCannon,FocusBlast|Timid||M|||50|]Incineroar||SitrusBerry|Intimidate|FakeOut,Protect,PartingShot,FlareBlitz|Careful||M|||50|]Pelipper||DampRock|Drizzle|Tailwind,Hurricane,MuddyWater,Protect|Bold||F|||50|]Basculegion||MysticWater|SwiftSwim|LastRespects,WaveCrash,PsychicFangs,Protect|Jolly||M|||50|]Swampert||Swampertite|Torrent|WaveCrash,IcePunch,Earthquake,Protect|Adamant||F|||50|]Archaludon||Leftovers|Stamina|ElectroShot,DragonPulse,FlashCannon,Protect|Modest||F|||50|
|inactive|Battle timer is ON: inactive players will automatically lose when time's up. (requested by eeveeolite bisharp)
|c|☆eeveeolite bisharp|glhf
|c|☆Poly love|glhf
|inactive|Poly love has 60 seconds left.
|inactive|eeveeolite bisharp has 60 seconds left.
|
|t:|1783869209
|teamsize|p1|4
|teamsize|p2|4
|start
|switch|p1a: Raichu|Raichu, L50, M|100/100
|switch|p1b: Basculegion|Basculegion, L50, M|100/100
|switch|p2a: Raichu|Raichu, L50, M|100/100
|switch|p2b: Swampert|Swampert, L50, F|100/100
|turn|1
|inactive|Poly love has 30 seconds left.
|inactive|eeveeolite bisharp has 30 seconds left.
|
|t:|1783869240
|switch|p2a: Pelipper|Pelipper, L50, F|100/100
|-weather|RainDance|[from] ability: Drizzle|[of] p2a: Pelipper
|detailschange|p2b: Swampert|Swampert-Mega, L50, F
|-mega|p2b: Swampert|Swampert|Swampertite
|move|p1b: Basculegion|Protect|p1b: Basculegion
|-singleturn|p1b: Basculegion|Protect
|move|p1a: Raichu|Protect|p1a: Raichu
|-singleturn|p1a: Raichu|Protect
|move|p2b: Swampert|Earthquake|p1a: Raichu|[spread] 
|-activate|p1a: Raichu|move: Protect
|-activate|p1b: Basculegion|move: Protect
|-immune|p2a: Pelipper
|
|-weather|RainDance|[upkeep]
|upkeep
|turn|2
|inactive|eeveeolite bisharp has 30 seconds left.
|
|t:|1783869269
|switch|p1a: Swampert|Swampert, L50, F|100/100
|move|p1b: Basculegion|Wave Crash|p2b: Swampert
|-damage|p2b: Swampert|0 fnt
|faint|p2b: Swampert
|-damage|p1b: Basculegion|70/100|[from] Recoil
|move|p2a: Pelipper|Hurricane|p1b: Basculegion
|-damage|p1b: Basculegion|27/100
|
|-weather|RainDance|[upkeep]
|upkeep
|
|t:|1783869279
|switch|p2b: Basculegion|Basculegion, L50, M|100/100
|turn|3
|inactive|Poly love has 30 seconds left.
|
|t:|1783869309
|detailschange|p1a: Swampert|Swampert-Mega, L50, F
|-mega|p1a: Swampert|Swampert|Swampertite
|move|p2b: Basculegion|Wave Crash|p1a: Swampert
|-damage|p1a: Swampert|6/100
|-damage|p2b: Basculegion|71/100|[from] Recoil
|move|p1b: Basculegion|Wave Crash|p2a: Pelipper
|-resisted|p2a: Pelipper|1
|-damage|p2a: Pelipper|59/100
|-damage|p1b: Basculegion|16/100|[from] Recoil
|move|p1a: Swampert|Wave Crash|p2a: Pelipper
|-resisted|p2a: Pelipper|1
|-damage|p2a: Pelipper|16/100
|-damage|p1a: Swampert|0 fnt|[from] Recoil
|faint|p1a: Swampert
|move|p2a: Pelipper|Tailwind|p2a: Pelipper
|-sidestart|p2: eeveeolite bisharp|move: Tailwind
|
|-weather|RainDance|[upkeep]
|upkeep
|
|t:|1783869324
|switch|p1a: Archaludon|Archaludon, L50, M|100/100
|turn|4
|
|t:|1783869344
|move|p2a: Pelipper|Protect|p2a: Pelipper
|-singleturn|p2a: Pelipper|Protect
|move|p1b: Basculegion|Aqua Jet|p2a: Pelipper
|-activate|p2a: Pelipper|move: Protect
|move|p2b: Basculegion|Last Respects|p1b: Basculegion
|-supereffective|p1b: Basculegion|1
|-damage|p1b: Basculegion|0 fnt
|faint|p1b: Basculegion
|move|p1a: Archaludon|Electro Shot||[still]
|-prepare|p1a: Archaludon|Electro Shot
|-boost|p1a: Archaludon|spa|1
|-anim|p1a: Archaludon|Electro Shot|p2b: Basculegion
|-supereffective|p2b: Basculegion|1
|-damage|p2b: Basculegion|0 fnt
|faint|p2b: Basculegion
|
|-weather|RainDance|[upkeep]
|upkeep
|
|t:|1783869359
|switch|p2b: Raichu|Raichu, L50, M|100/100
|switch|p1b: Raichu|Raichu, L50, M|100/100
|turn|5
|
|t:|1783869380
|move|p2a: Pelipper|Protect|p2a: Pelipper
|-singleturn|p2a: Pelipper|Protect
|move|p1b: Raichu|Fake Out|p2b: Raichu
|-damage|p2b: Raichu|81/100
|cant|p2b: Raichu|flinch
|move|p1a: Archaludon|Draco Meteor|p2b: Raichu
|-damage|p2b: Raichu|0 fnt
|-unboost|p1a: Archaludon|spa|2
|faint|p2b: Raichu
|
|-weather|RainDance|[upkeep]
|upkeep
|turn|6
|c|☆Poly love|gg
|c|☆eeveeolite bisharp|gg
|
|t:|1783869397
|move|p1b: Raichu|Grass Knot|p2a: Pelipper
|-damage|p2a: Pelipper|0 fnt
|faint|p2a: Pelipper
|
|win|Poly love
||Poly love is ready for game 2.
||eeveeolite bisharp is ready for game 2.
|uhtml|next|Next: Game 2 of 3
|l|☆Poly love
|player|p1|
