|j|вҳҶbrowe
|j|вҳҶpanqueca25
|html|browepanqueca25    
|uhtml|bestof|Game 1 of a best-of-3
|t:|1757798549
|gametype|doubles
|player|p1|browe|shadowtriad|1153
|player|p2|panqueca25|170|1189
|gen|9
|tier|[Gen 9] VGC 2025 Reg H (Bo3)
|rated|
|rule|Species Clause: Limit one of each PokГ©mon
|rule|Item Clause: Limit 1 of each item
|clearpoke
|poke|p1|Indeedee-F, L50, F|
|poke|p1|Hatterene, L50, F|
|poke|p1|Gallade, L50, M|
|poke|p1|Ursaluna, L50, M|
|poke|p1|Lilligant-Hisui, L50, F|
|poke|p1|Torkoal, L50, M|
|poke|p2|Gholdengo, L50|
|poke|p2|Incineroar, L50, F|
|poke|p2|Porygon2, L50|
|poke|p2|Ursaluna, L50, F|
|poke|p2|Primarina, L50, F|
|poke|p2|Amoonguss, L50, F|
|teampreview|4
|showteam|p1|Indeedee-F||PsychicSeed|PsychicSurge|TrickRoom,FollowMe,HelpingHand,DazzlingGleam|||F|||50|,,,,,Fire]Hatterene||LifeOrb|MagicBounce|ExpandingForce,TrickRoom,DazzlingGleam,Protect|||F|||50|,,,,,Psychic]Gallade||ClearAmulet|Sharpness|PsychoCut,TrickRoom,SacredSword,WideGuard|||M|||50|,,,,,Grass]Ursaluna||FlameOrb|Guts|HeadlongRush,Facade,SwordsDance,Protect|||M|||50|,,,,,Ghost]Lilligant-Hisui||FocusSash|Chlorophyll|SolarBlade,SleepPowder,CloseCombat,AfterYou|||F|||50|,,,,,Ghost]Torkoal||ChoiceSpecs|Drought|Eruption,HeatWave,WeatherBall,EarthPower|||M|||50|,,,,,Fire
|showteam|p2|Gholdengo||Leftovers|GoodasGold|MakeItRain,ShadowBall,NastyPlot,Protect||||||50|,,,,,Water]Incineroar||SafetyGoggles|Intimidate|FlareBlitz,KnockOff,PartingShot,FakeOut|||F|||50|,,,,,Ghost]Porygon2||Eviolite|Download|TeraBlast,IceBeam,TrickRoom,Recover||||||50|,,,,,Fighting]Ursaluna||FlameOrb|Guts|Facade,HeadlongRush,Earthquake,Protect|||F|||50|,,,,,Ghost]Primarina||SitrusBerry|LiquidVoice|HyperVoice,Moonblast,Haze,Protect|||F|||50|,,,,,Poison]Amoonguss||CovertCloak|Regenerator|Spore,RagePowder,PollenPuff,ClearSmog|||F|||50|,,,,,Water
|inactive|Battle timer is ON: inactive players will automatically lose when time's up. (requested by panqueca25)
|inactive|browe has 60 seconds left.
|
|t:|1757798585
|teamsize|p1|4
|teamsize|p2|4
|start
|switch|p1a: зҙ«з«Ҫи¶…еҸҜж„ӣ|Indeedee-F, L50, F, shiny|100/100
|switch|p1b: зҙ«з«ҪиҰӘиЎӣйҡҠ|Gallade, L50, M, shiny|100/100
|switch|p2a: Primarina|Primarina, L50, F|100/100
|switch|p2b: Incineroar|Incineroar, L50, F, shiny|100/100
|-fieldstart|move: Psychic Terrain|[from] ability: Psychic Surge|[of] p1a: зҙ«з«Ҫи¶…еҸҜж„ӣ
|-enditem|p1a: зҙ«з«Ҫи¶…еҸҜж„ӣ|Psychic Seed
|-boost|p1a: зҙ«з«Ҫи¶…еҸҜж„ӣ|spd|1|[from] item: Psychic Seed
|-ability|p2b: Incineroar|Intimidate|boost
|-unboost|p1a: зҙ«з«Ҫи¶…еҸҜж„ӣ|atk|1
|-fail|p1b: зҙ«з«ҪиҰӘиЎӣйҡҠ|unboost|[from] item: Clear Amulet|[of] p1b: зҙ«з«ҪиҰӘиЎӣйҡҠ
|turn|1
|
|t:|1757798609
|switch|p2b: Gholdengo|Gholdengo, L50|100/100
|move|p1b: зҙ«з«ҪиҰӘиЎӣйҡҠ|Sacred Sword|p2b: Gholdengo
|-immune|p2b: Gholdengo
|move|p2a: Primarina|Hyper Voice|p1b: зҙ«з«ҪиҰӘиЎӣйҡҠ|[spread] p1a,p1b
|-damage|p1a: зҙ«з«Ҫи¶…еҸҜж„ӣ|83/100
|-damage|p1b: зҙ«з«ҪиҰӘиЎӣйҡҠ|72/100
|move|p1a: зҙ«з«Ҫи¶…еҸҜж„ӣ|Trick Room|p1a: зҙ«з«Ҫи¶…еҸҜж„ӣ
|-fieldstart|move: Trick Room|[of] p1a: зҙ«з«Ҫи¶…еҸҜж„ӣ
|
|upkeep
|turn|2
|inactive|browe has 30 seconds left.
|
|t:|1757798638
|move|p1a: зҙ«з«Ҫи¶…еҸҜж„ӣ|Helping Hand|p1b: зҙ«з«ҪиҰӘиЎӣйҡҠ
|-singleturn|p1b: зҙ«з«ҪиҰӘиЎӣйҡҠ|Helping Hand|[of] p1a: зҙ«з«Ҫи¶…еҸҜж„ӣ
|move|p2a: Primarina|Hyper Voice|p1a: зҙ«з«Ҫи¶…еҸҜж„ӣ|[spread] p1a,p1b
|-damage|p1a: зҙ«з«Ҫи¶…еҸҜж„ӣ|63/100
|-damage|p1b: зҙ«з«ҪиҰӘиЎӣйҡҠ|47/100
|move|p1b: зҙ«з«ҪиҰӘиЎӣйҡҠ|Psycho Cut|p2a: Primarina
|-damage|p2a: Primarina|0 fnt
|faint|p2a: Primarina
|move|p2b: Gholdengo|Nasty Plot|p2b: Gholdengo
|-boost|p2b: Gholdengo|spa|2
|
|upkeep
|
|t:|1757798644
|switch|p2a: Incineroar|Incineroar, L50, F, shiny|100/100
|-ability|p2a: Incineroar|Intimidate|boost
|-unboost|p1a: зҙ«з«Ҫи¶…еҸҜж„ӣ|atk|1
|-fail|p1b: зҙ«з«ҪиҰӘиЎӣйҡҠ|unboost|[from] item: Clear Amulet|[of] p1b: зҙ«з«ҪиҰӘиЎӣйҡҠ
|turn|3
|
|t:|1757798665
|move|p1a: зҙ«з«Ҫи¶…еҸҜж„ӣ|Follow Me|p1a: зҙ«з«Ҫи¶…еҸҜж„ӣ
|-singleturn|p1a: зҙ«з«Ҫи¶…еҸҜж„ӣ|move: Follow Me
|move|p2a: Incineroar|Knock Off|p1a: зҙ«з«Ҫи¶…еҸҜж„ӣ
|-supereffective|p1a: зҙ«з«Ҫи¶…еҸҜж„ӣ
|-damage|p1a: зҙ«з«Ҫи¶…еҸҜж„ӣ|5/100
|move|p1b: зҙ«з«ҪиҰӘиЎӣйҡҠ|Sacred Sword|p2a: Incineroar
|-supereffective|p2a: Incineroar
|-damage|p2a: Incineroar|0 fnt
|faint|p2a: Incineroar
|move|p2b: Gholdengo|Nasty Plot|p2b: Gholdengo
|-boost|p2b: Gholdengo|spa|2
|
|upkeep
|
|t:|1757798668
|switch|p2a: Porygon2|Porygon2, L50, shiny|100/100
|-ability|p2a: Porygon2|Download|boost
|-boost|p2a: Porygon2|atk|1
|turn|4
|
|t:|1757798683
|move|p1a: зҙ«з«Ҫи¶…еҸҜж„ӣ|Follow Me|p1a: зҙ«з«Ҫи¶…еҸҜж„ӣ
|-singleturn|p1a: зҙ«з«Ҫи¶…еҸҜж„ӣ|move: Follow Me
|move|p2a: Porygon2|Tera Blast|p1a: зҙ«з«Ҫи¶…еҸҜж„ӣ
|-damage|p1a: зҙ«з«Ҫи¶…еҸҜж„ӣ|0 fnt
|faint|p1a: зҙ«з«Ҫи¶…еҸҜж„ӣ
|move|p1b: зҙ«з«ҪиҰӘиЎӣйҡҠ|Sacred Sword|p2b: Gholdengo
|-immune|p2b: Gholdengo
|move|p2b: Gholdengo|Shadow Ball|p1b: зҙ«з«ҪиҰӘиЎӣйҡҠ
|-supereffective|p1b: зҙ«з«ҪиҰӘиЎӣйҡҠ
|-damage|p1b: зҙ«з«ҪиҰӘиЎӣйҡҠ|0 fnt
|faint|p1b: зҙ«з«ҪиҰӘиЎӣйҡҠ
|
|upkeep
|
|t:|1757798688
|switch|p1a: зҙ«з«Ҫж•ІеҸҜж„ӣ|Hatterene, L50, F, shiny|100/100
|switch|p1b: дёҖжӢіжңҲжңҲзҶҠ|Ursaluna, L50, M, shiny|100/100
|turn|5
|
|t:|1757798704
|move|p2b: Gholdengo|Protect|p2b: Gholdengo
|-singleturn|p2b: Gholdengo|Protect
|move|p1a: зҙ«з«Ҫж•ІеҸҜж„ӣ|Expanding Force|p2a: Porygon2|[spread] p2a
|-activate|p2b: Gholdengo|move: Protect
|-damage|p2a: Porygon2|54/100
|-damage|p1a: зҙ«з«Ҫж•ІеҸҜж„ӣ|91/100|[from] item: Life Orb
|move|p1b: дёҖжӢіжңҲжңҲзҶҠ|Swords Dance|p1b: дёҖжӢіжңҲжңҲзҶҠ
|-boost|p1b: дёҖжӢіжңҲжңҲзҶҠ|atk|2
|move|p2a: Porygon2|Ice Beam|p1b: дёҖжӢіжңҲжңҲзҶҠ
|-supereffective|p1b: дёҖжӢіжңҲжңҲзҶҠ
|-damage|p1b: дёҖжӢіжңҲжңҲзҶҠ|57/100
|
|-fieldend|move: Trick Room
|-fieldend|move: Psychic Terrain
|-status|p1b: дёҖжӢіжңҲжңҲзҶҠ|brn|[from] item: Flame Orb
|upkeep
|turn|6
|inactive|browe has 30 seconds left.
|inactive|browe has 20 seconds left.
|inactive|browe has 15 seconds left.
|inactive|browe has 10 seconds left.
|inactive|browe has 5 seconds left.
|
|t:|1757798760
|move|p2b: Gholdengo|Make It Rain|p1b: дёҖжӢіжңҲжңҲзҶҠ|[spread] p1a,p1b
|-supereffective|p1a: зҙ«з«Ҫж•ІеҸҜж„ӣ
|-damage|p1a: зҙ«з«Ҫж•ІеҸҜж„ӣ|0 fnt
|-damage|p1b: дёҖжӢіжңҲжңҲзҶҠ|0 fnt
|-unboost|p2b: Gholdengo|spa|1
|faint|p1a: зҙ«з«Ҫж•ІеҸҜж„ӣ
|faint|p1b: дёҖжӢіжңҲжңҲзҶҠ
|
|win|panqueca25
||panqueca25 is ready for game 2.
||browe is ready for game 2.
|uhtml|next|Next: Game 2 of 3
