|j|☆SongokuVG Fr
|j|☆arkjsmith
|html|SongokuVG Frarkjsmith    
|uhtml|bestof|Game 3 of a best-of-3
|t:|1756389614
|gametype|doubles
|player|p1|SongokuVG Fr|lucian|1139
|player|p2|arkjsmith|roxie|1153
|gen|9
|tier|[Gen 9] VGC 2025 Reg H (Bo3)
|rated|
|rule|Species Clause: Limit one of each Pokémon
|rule|Item Clause: Limit 1 of each item
|clearpoke
|poke|p1|Pelipper, L50, M|
|poke|p1|Archaludon, L50, M|
|poke|p1|Amoonguss, L50, M|
|poke|p1|Incineroar, L50, F|
|poke|p1|Basculegion, L50, M|
|poke|p1|Gholdengo, L50|
|poke|p2|Dragonite, L50, M|
|poke|p2|Gholdengo, L50|
|poke|p2|Ursaluna-Bloodmoon, L50, M|
|poke|p2|Indeedee, L50, M|
|poke|p2|Tyranitar, L50, F|
|poke|p2|Talonflame, L50, F|
|teampreview|4
|showteam|p1|Pelipper||FocusSash|Drizzle|Tailwind,Hurricane,Protect,WeatherBall|||M|||50|,,,,,Ghost]Archaludon||AssaultVest|Stamina|BodyPress,ElectroShot,DracoMeteor,Snarl|||M|||50|,,,,,Bug]Amoonguss||SitrusBerry|Regenerator|Spore,RagePowder,Protect,PollenPuff|||M|||50|,,,,,Water]Incineroar||SafetyGoggles|Intimidate|FakeOut,FlareBlitz,KnockOff,PartingShot|||F|||50|,,,,,Ghost]Basculegion||ChoiceBand|SwiftSwim|WaveCrash,FlipTurn,LastRespects,AquaJet|||M|||50|,,,,,Grass]Gholdengo||MetalCoat|GoodasGold|MakeItRain,ShadowBall,NastyPlot,Protect||||||50|,,,,,Water
|showteam|p2|Dragonite||LoadedDice|Multiscale|ScaleShot,ExtremeSpeed,Haze,Protect|||M|||50|,,,,,Fairy]Gholdengo||LifeOrb|GoodasGold|MakeItRain,ShadowBall,NastyPlot,Protect||||||50|,,,,,Water]Ursaluna-Bloodmoon||AssaultVest|MindsEye|BloodMoon,HyperVoice,EarthPower,VacuumWave|||M|||50|,,,,,Water]Indeedee||ChoiceScarf|PsychicSurge|ExpandingForce,TeraBlast,Trick,Protect|||M|||50|,,,,,Fighting]Tyranitar||PsychicSeed|SandStream|KnockOff,RockSlide,LowKick,TeraBlast|||F|||50|,,,,,Ghost]Talonflame||SharpBeak|GaleWings|Tailwind,BraveBird,FlareBlitz,Protect|||F|||50|,,,,,Stellar
|inactive|Battle timer is ON: inactive players will automatically lose when time's up. (requested by arkjsmith)
|l|☆SongokuVG Fr
|inactive|SongokuVG Fr disconnected and has a minute to reconnect!
|player|p1|
|
|t:|1756389638
|teamsize|p1|4
|teamsize|p2|4
|start
|switch|p1a: Pelipper|Pelipper, L50, M|100/100
|switch|p1b: Archaludon|Archaludon, L50, M|100/100
|switch|p2a: Indeedee|Indeedee, L50, M|100/100
|switch|p2b: Ursaluna|Ursaluna-Bloodmoon, L50, M|100/100
|-fieldstart|move: Psychic Terrain|[from] ability: Psychic Surge|[of] p2a: Indeedee
|-weather|RainDance|[from] ability: Drizzle|[of] p1a: Pelipper
|turn|1
|j|☆SongokuVG Fr
|inactive|SongokuVG Fr reconnected and has 35 seconds left.
|player|p1|SongokuVG Fr|lucian|
|inactive|SongokuVG Fr has 30 seconds left.
|inactive|arkjsmith has 30 seconds left.
|
|t:|1756389669
|-terastallize|p1b: Archaludon|Bug
|-terastallize|p2b: Ursaluna|Water
|move|p2a: Indeedee|Trick|p1b: Archaludon
|-activate|p2a: Indeedee|move: Trick|[of] p1b: Archaludon
|-item|p1b: Archaludon|Choice Scarf|[from] move: Trick
|-item|p2a: Indeedee|Assault Vest|[from] move: Trick
|move|p1b: Archaludon|Snarl|p2a: Indeedee|[spread] p2a,p2b
|-supereffective|p2a: Indeedee
|-crit|p2a: Indeedee
|-damage|p2a: Indeedee|62/100
|-damage|p2b: Ursaluna|91/100
|-unboost|p2a: Indeedee|spa|1
|-unboost|p2b: Ursaluna|spa|1
|move|p1a: Pelipper|Tailwind|p1a: Pelipper
|-sidestart|p1: SongokuVG Fr|move: Tailwind
|move|p2b: Ursaluna|Blood Moon|p1b: Archaludon
|-damage|p1b: Archaludon|47/100
|-ability|p1b: Archaludon|Stamina|boost
|-boost|p1b: Archaludon|def|1
|
|-weather|RainDance|[upkeep]
|upkeep
|turn|2
|
|t:|1756389692
|move|p1b: Archaludon|Snarl|p2b: Ursaluna|[spread] p2a,p2b
|-supereffective|p2a: Indeedee
|-damage|p2a: Indeedee|37/100
|-damage|p2b: Ursaluna|83/100
|-unboost|p2a: Indeedee|spa|1
|-unboost|p2b: Ursaluna|spa|1
|move|p1a: Pelipper|Weather Ball|p2a: Indeedee
|-damage|p2a: Indeedee|0 fnt
|faint|p2a: Indeedee
|move|p2b: Ursaluna|Hyper Voice|p1a: Pelipper|[spread] p1a,p1b
|-damage|p1a: Pelipper|69/100
|-damage|p1b: Archaludon|23/100
|-ability|p1b: Archaludon|Stamina|boost
|-boost|p1b: Archaludon|def|1
|
|-weather|RainDance|[upkeep]
|upkeep
|
|t:|1756389706
|switch|p2a: Talonflame|Talonflame, L50, F|100/100
|turn|3
|
|t:|1756389712
|move|p2a: Talonflame|Brave Bird|p1a: Pelipper
|-damage|p1a: Pelipper|0 fnt
|faint|p1a: Pelipper
|-damage|p2a: Talonflame|80/100|[from] Recoil
|move|p1b: Archaludon|Snarl|p2a: Talonflame|[spread] p2a,p2b
|-damage|p2a: Talonflame|60/100
|-damage|p2b: Ursaluna|75/100
|-unboost|p2a: Talonflame|spa|1
|-unboost|p2b: Ursaluna|spa|1
|move|p2b: Ursaluna|Blood Moon|p1b: Archaludon
|-damage|p1b: Archaludon|0 fnt
|faint|p1b: Archaludon
|
|-weather|RainDance|[upkeep]
|upkeep
|
|t:|1756389724
|switch|p1a: Incineroar|Incineroar, L50, F|100/100
|switch|p1b: Gholdengo|Gholdengo, L50|100/100
|-ability|p1a: Incineroar|Intimidate|boost
|-unboost|p2a: Talonflame|atk|1
|-unboost|p2b: Ursaluna|atk|1
|turn|4
|
|t:|1756389734
|switch|p2b: Dragonite|Dragonite, L50, M|100/100
|move|p2a: Talonflame|Protect|p2a: Talonflame
|-singleturn|p2a: Talonflame|Protect
|move|p1b: Gholdengo|Shadow Ball|p2a: Talonflame
|-activate|p2a: Talonflame|move: Protect
|move|p1a: Incineroar|Knock Off|p2b: Dragonite
|-damage|p2b: Dragonite|78/100
|-enditem|p2b: Dragonite|Loaded Dice|[from] move: Knock Off|[of] p1a: Incineroar
|
|-weather|RainDance|[upkeep]
|-sideend|p1: SongokuVG Fr|move: Tailwind
|upkeep
|turn|5
|
|t:|1756389754
|move|p2a: Talonflame|Tailwind|p2a: Talonflame
|-sidestart|p2: arkjsmith|move: Tailwind
|move|p2b: Dragonite|Scale Shot|p1a: Incineroar
|-damage|p1a: Incineroar|88/100
|-damage|p1a: Incineroar|76/100
|-damage|p1a: Incineroar|63/100
|-damage|p1a: Incineroar|50/100
|-damage|p1a: Incineroar|38/100
|-hitcount|p1a: Incineroar|5
|-unboost|p2b: Dragonite|def|1
|-boost|p2b: Dragonite|spe|1
|move|p1b: Gholdengo|Nasty Plot|p1b: Gholdengo
|-boost|p1b: Gholdengo|spa|2
|move|p1a: Incineroar|Parting Shot|p2b: Dragonite
|-unboost|p2b: Dragonite|atk|1
|-unboost|p2b: Dragonite|spa|1
|
|-weather|none
|-fieldend|move: Psychic Terrain
|upkeep
|turn|6
|inactive|arkjsmith has 30 seconds left.
|
|t:|1756389781
|move|p2b: Dragonite|Haze|p2b: Dragonite
|-clearallboost
|move|p2a: Talonflame|Flare Blitz|p1b: Gholdengo
|-supereffective|p1b: Gholdengo
|-damage|p1b: Gholdengo|0 fnt
|faint|p1b: Gholdengo
|-damage|p2a: Talonflame|25/100|[from] Recoil
|move|p1a: Incineroar|Knock Off|p2a: Talonflame
|-damage|p2a: Talonflame|0 fnt
|-enditem|p2a: Talonflame|Sharp Beak|[from] move: Knock Off|[of] p1a: Incineroar
|faint|p2a: Talonflame
|
|upkeep
|-message|SongokuVG Fr forfeited.
|raw|SongokuVG Fr's rating: 1139 → 1115(-24 for losing)
|raw|arkjsmith's rating: 1153 → 1177(+24 for winning)
|
|win|arkjsmith
