|j|☆Wikdchikn
|j|☆Tchoubib
|html|WikdchiknTchoubib    
|uhtml|bestof|Game 2 of a best-of-3
|t:|1757625688
|gametype|doubles
|player|p1|Wikdchikn|cameraman|1129
|player|p2|Tchoubib|265|1177
|gen|9
|tier|[Gen 9] VGC 2025 Reg H (Bo3)
|rated|
|rule|Species Clause: Limit one of each Pokémon
|rule|Item Clause: Limit 1 of each item
|clearpoke
|poke|p1|Arboliva, L50, M|
|poke|p1|Porygon2, L50|
|poke|p1|Primarina, L50, M|
|poke|p1|Ursaluna, L50, M|
|poke|p1|Amoonguss, L50, F|
|poke|p1|Armarouge, L50, F|
|poke|p2|Indeedee-F, L50, F|
|poke|p2|Hatterene, L50, F|
|poke|p2|Gallade, L50, M|
|poke|p2|Ursaluna, L50, M|
|poke|p2|Lilligant-Hisui, L50, F|
|poke|p2|Torkoal, L50, M|
|teampreview|4
|showteam|p1|Arboliva||ChoiceSpecs|SeedSower|DazzlingGleam,HyperVoice,EarthPower,GigaDrain|||M|||50|,,,,,Fairy]Porygon2||Eviolite|Trace|TeraBlast,ShadowBall,TrickRoom,Protect||||||50|,,,,,Fighting]Primarina||ThroatSpray|LiquidVoice|Moonblast,HyperVoice,Haze,Protect|||M|||50|,,,,,Water]Ursaluna||FlameOrb|Guts|Protect,Facade,HeadlongRush,Earthquake|||M|||50|,,,,,Ghost]Amoonguss||RockyHelmet|Regenerator|RagePowder,Spore,FoulPlay,Protect|||F|||50|,,,,,Dark]Armarouge||SitrusBerry|FlashFire|WideGuard,TrickRoom,HeatWave,HelpingHand|||F|||50|,,,,,Grass
|showteam|p2|Indeedee-F||PsychicSeed|PsychicSurge|TrickRoom,FollowMe,HelpingHand,DazzlingGleam|||F|||50|,,,,,Fire]Hatterene||LifeOrb|MagicBounce|ExpandingForce,TrickRoom,DazzlingGleam,Protect|||F|||50|,,,,,Psychic]Gallade||ClearAmulet|Sharpness|PsychoCut,TrickRoom,SacredSword,WideGuard|||M|||50|,,,,,Grass]Ursaluna||FlameOrb|Guts|HeadlongRush,Facade,SwordsDance,Protect|||M|||50|,,,,,Ghost]Lilligant-Hisui||FocusSash|Chlorophyll|SolarBlade,SleepPowder,CloseCombat,AfterYou|||F|||50|,,,,,Ghost]Torkoal||ChoiceSpecs|Drought|Eruption,HeatWave,WeatherBall,EarthPower|||M|||50|,,,,,Fire
|inactive|Battle timer is ON: inactive players will automatically lose when time's up. (requested by Wikdchikn)
|inactive|Tchoubib has 60 seconds left.
|inactive|Tchoubib has 30 seconds left.
|inactive|Tchoubib has 20 seconds left.
|inactive|Tchoubib has 15 seconds left.
|
|t:|1757625768
|teamsize|p1|4
|teamsize|p2|4
|start
|switch|p1a: Pest|Amoonguss, L50, F|100/100
|switch|p1b: Megaman|Armarouge, L50, F|100/100
|switch|p2a: Indeedee|Indeedee-F, L50, F, shiny|100/100
|switch|p2b: Gallade|Gallade, L50, M, shiny|100/100
|-fieldstart|move: Psychic Terrain|[from] ability: Psychic Surge|[of] p2a: Indeedee
|-enditem|p2a: Indeedee|Psychic Seed
|-boost|p2a: Indeedee|spd|1|[from] item: Psychic Seed
|turn|1
|inactive|Tchoubib has 30 seconds left.
|
|t:|1757625796
|move|p1a: Pest|Protect|p1a: Pest
|-singleturn|p1a: Pest|Protect
|move|p2b: Gallade|Sacred Sword|p1a: Pest
|-activate|p1a: Pest|move: Protect
|move|p2a: Indeedee|Trick Room|p2a: Indeedee
|-fieldstart|move: Trick Room|[of] p2a: Indeedee
|move|p1b: Megaman|Trick Room|p1b: Megaman
|-fieldend|move: Trick Room
|
|upkeep
|turn|2
|
|t:|1757625818
|switch|p1a: Bear with me|Ursaluna, L50, M|100/100
|move|p2a: Indeedee|Follow Me|p2a: Indeedee
|-singleturn|p2a: Indeedee|move: Follow Me
|move|p2b: Gallade|Psycho Cut|p1a: Bear with me
|-damage|p1a: Bear with me|44/100
|move|p1b: Megaman|Heat Wave|p2a: Indeedee|[spread] p2b
|-miss|p1b: Megaman|p2a: Indeedee
|-damage|p2b: Gallade|72/100
|
|-status|p1a: Bear with me|brn|[from] item: Flame Orb
|upkeep
|turn|3
|
|t:|1757625840
|switch|p2a: Hatterene|Hatterene, L50, F, shiny|100/100
|move|p1a: Bear with me|Protect|p1a: Bear with me
|-singleturn|p1a: Bear with me|Protect
|move|p2b: Gallade|Psycho Cut|p1a: Bear with me
|-activate|p1a: Bear with me|move: Protect
|move|p1b: Megaman|Trick Room|p1b: Megaman
|-fieldstart|move: Trick Room|[of] p1b: Megaman
|
|-damage|p1a: Bear with me|38/100 brn|[from] brn
|upkeep
|turn|4
|inactive|Tchoubib has 30 seconds left.
|
|t:|1757625869
|move|p1b: Megaman|Wide Guard|p1b: Megaman
|-singleturn|p1b: Megaman|Wide Guard
|move|p2a: Hatterene|Expanding Force|p1a: Bear with me|[spread] 
|-activate|p1a: Bear with me|move: Wide Guard
|-activate|p1b: Megaman|move: Wide Guard
|move|p1a: Bear with me|Earthquake|p2b: Gallade|[spread] p2a,p2b
|-activate|p1b: Megaman|move: Wide Guard
|-damage|p2a: Hatterene|19/100
|-damage|p2b: Gallade|0 fnt
|faint|p2b: Gallade
|
|-damage|p1a: Bear with me|32/100 brn|[from] brn
|upkeep
|
|t:|1757625873
|switch|p2b: Ursaluna|Ursaluna, L50, M, shiny|100/100
|turn|5
|inactive|Wikdchikn has 30 seconds left.
|inactive|Tchoubib has 30 seconds left.
|
|t:|1757625903
|-terastallize|p1b: Megaman|Grass
|move|p2a: Hatterene|Protect|p2a: Hatterene
|-singleturn|p2a: Hatterene|Protect
|move|p2b: Ursaluna|Protect|p2b: Ursaluna
|-singleturn|p2b: Ursaluna|Protect
|move|p1b: Megaman|Wide Guard|p1b: Megaman
|-singleturn|p1b: Megaman|Wide Guard
|move|p1a: Bear with me|Earthquake|p2b: Ursaluna|[spread] 
|-activate|p1b: Megaman|move: Wide Guard
|-activate|p2a: Hatterene|move: Protect
|-activate|p2b: Ursaluna|move: Protect
|
|-damage|p1a: Bear with me|26/100 brn|[from] brn
|-fieldend|move: Psychic Terrain
|-status|p2b: Ursaluna|brn|[from] item: Flame Orb
|upkeep
|turn|6
|inactive|Tchoubib has 30 seconds left.
|
|t:|1757625932
|move|p1a: Bear with me|Protect|p1a: Bear with me
|-singleturn|p1a: Bear with me|Protect
|move|p2a: Hatterene|Expanding Force|p1a: Bear with me
|-activate|p1a: Bear with me|move: Protect
|move|p2b: Ursaluna|Swords Dance|p2b: Ursaluna
|-boost|p2b: Ursaluna|atk|2
|move|p1b: Megaman|Heat Wave|p2a: Hatterene|[spread] p2a,p2b
|-damage|p2a: Hatterene|0 fnt
|-damage|p2b: Ursaluna|75/100 brn
|faint|p2a: Hatterene
|
|-damage|p1a: Bear with me|20/100 brn|[from] brn
|-damage|p2b: Ursaluna|69/100 brn|[from] brn
|upkeep
|
|t:|1757625934
|switch|p2a: Indeedee|Indeedee-F, L50, F, shiny|100/100
|-fieldstart|move: Psychic Terrain|[from] ability: Psychic Surge|[of] p2a: Indeedee
|turn|7
|inactive|Tchoubib has 30 seconds left.
|
|t:|1757625966
|move|p2b: Ursaluna|Facade|p1a: Bear with me
|-damage|p1a: Bear with me|0 fnt
|faint|p1a: Bear with me
|move|p1b: Megaman|Heat Wave|p2a: Indeedee|[spread] p2a,p2b
|-damage|p2a: Indeedee|72/100
|-damage|p2b: Ursaluna|42/100 brn
|move|p2a: Indeedee|Dazzling Gleam|p1b: Megaman
|-damage|p1b: Megaman|83/100
|
|-damage|p2b: Ursaluna|36/100 brn|[from] brn
|-fieldend|move: Trick Room
|upkeep
|
|t:|1757625981
|switch|p1a: Pest|Amoonguss, L50, F|100/100
|turn|8
|
|t:|1757626004
|-terastallize|p2a: Indeedee|Fire
|move|p2b: Ursaluna|Protect|p2b: Ursaluna
|-singleturn|p2b: Ursaluna|Protect
|move|p1b: Megaman|Heat Wave|p2b: Ursaluna|[spread] p2a
|-activate|p2b: Ursaluna|move: Protect
|-resisted|p2a: Indeedee
|-damage|p2a: Indeedee|57/100
|move|p1a: Pest|Foul Play|p2b: Ursaluna
|-activate|p2b: Ursaluna|move: Protect
|move|p2a: Indeedee|Trick Room|p2a: Indeedee
|-fieldstart|move: Trick Room|[of] p2a: Indeedee
|
|-damage|p2b: Ursaluna|30/100 brn|[from] brn
|upkeep
|turn|9
|
|t:|1757626019
|move|p1a: Pest|Rage Powder|p1a: Pest
|-singleturn|p1a: Pest|move: Rage Powder
|move|p2a: Indeedee|Follow Me|p2a: Indeedee
|-singleturn|p2a: Indeedee|move: Follow Me
|move|p2b: Ursaluna|Facade|p1a: Pest
|-damage|p1a: Pest|0 fnt
|-damage|p2b: Ursaluna|14/100 brn|[from] item: Rocky Helmet|[of] p1a: Pest
|faint|p1a: Pest
|move|p1b: Megaman|Heat Wave|p2b: Ursaluna|[spread] p2a,p2b
|-resisted|p2a: Indeedee
|-damage|p2a: Indeedee|43/100
|-damage|p2b: Ursaluna|0 fnt
|faint|p2b: Ursaluna
|
|upkeep
|
|t:|1757626028
|switch|p1a: Olive You|Arboliva, L50, M|100/100
|turn|10
|-message|Tchoubib forfeited.
|
|win|Wikdchikn
|l|☆Tchoubib
|player|p2|
||Tchoubib is ready for game 3.
||Wikdchikn is ready for game 3.
|uhtml|next|Next: Game 3 of 3
|l|☆Wikdchikn
|player|p1|
