|j|☆Rilly09V4
|j|☆Athrys
|html|Rilly09V4Athrys    
|uhtml|bestof|Game 2 of a best-of-3
|t:|1783150143
|gametype|doubles
|player|p1|Rilly09V4|265|1046
|player|p2|Athrys|guitarist|1000
|gen|9
|tier|[Gen 9 Champions] VGC 2026 Reg M-B (Bo3)
|rated|
|rule|Species Clause: Limit one of each Pokémon
|rule|Item Clause: Limit 1 of each item
|clearpoke
|poke|p1|Froslass, L50, F, shiny|
|poke|p1|Garchomp, L50, M, shiny|
|poke|p1|Kingambit, L50, F|
|poke|p1|Whimsicott, L50, M|
|poke|p1|Sneasler, L50, F|
|poke|p1|Primarina, L50, M|
|poke|p2|Scolipede, L50, M|
|poke|p2|Scrafty, L50, F|
|poke|p2|Sinistcha, L50|
|poke|p2|Aerodactyl, L50, F|
|poke|p2|Sylveon, L50, F|
|poke|p2|Garchomp, L50, F|
|teampreview|4
|showteam|p1|Froslass||Froslassite|CursedBody|AuroraVeil,Blizzard,ShadowBall,NastyPlot|Timid||F|||50|]Garchomp||ChoiceScarf|RoughSkin|Earthquake,RockSlide,DragonClaw,StompingTantrum|Jolly||M|||50|]Kingambit||ChopleBerry|SupremeOverlord|SuckerPunch,IronHead,KowtowCleave,Protect|Adamant||F|||50|]Whimsicott||KebiaBerry|Prankster|Tailwind,CottonGuard,Encore,GigaDrain|Calm||M|||50|]Sneasler||Leftovers|Unburden|FakeOut,CloseCombat,DireClaw,Protect|Adamant||F|||50|]Primarina||MysticWater|LiquidVoice|Blizzard,DazzlingGleam,HyperVoice,Protect|Modest||M|||50|
|showteam|p2|Scolipede||Scolipite|SpeedBoost|Protect,PoisonJab,LeechLife,SwordsDance|Adamant||M|||50|]Scrafty||Scraftinite|Intimidate|Protect,FakeOut,KnockOff,DrainPunch|Adamant||F|||50|]Sinistcha||KasibBerry|Hospitality|Protect,MatchaGotcha,TrickRoom,RagePowder|Bold|||||50|]Aerodactyl||FocusSash|Unnerve|Protect,Tailwind,RockSlide,DualWingbeat|Jolly||F|||50|]Sylveon||FairyFeather|Pixilate|Protect,CalmMind,HyperVoice,QuickAttack|Modest||F|||50|]Garchomp||ChoiceScarf|RoughSkin|DragonClaw,Earthquake,PoisonJab,RockSlide|Adamant||F|||50|
|
|t:|1783150165
|teamsize|p1|4
|teamsize|p2|4
|start
|switch|p1a: Whimsicott|Whimsicott, L50, M|100/100
|switch|p1b: Garchomp|Garchomp, L50, M, shiny|100/100
|switch|p2a: Scolipede|Scolipede, L50, M|100/100
|switch|p2b: Scrafty|Scrafty, L50, F|100/100
|-ability|p2b: Scrafty|Intimidate|boost
|-unboost|p1a: Whimsicott|atk|1
|-unboost|p1b: Garchomp|atk|1
|turn|1
|
|t:|1783150183
|move|p2b: Scrafty|Fake Out|p1b: Garchomp
|-damage|p1b: Garchomp|88/100
|-damage|p2b: Scrafty|87/100|[from] ability: Rough Skin|[of] p1b: Garchomp
|move|p1a: Whimsicott|Tailwind|p1a: Whimsicott
|-sidestart|p1: Rilly09V4|move: Tailwind
|cant|p1b: Garchomp|flinch
|move|p2a: Scolipede|Poison Jab|p1a: Whimsicott
|-supereffective|p1a: Whimsicott|2
|-enditem|p1a: Whimsicott|Kebia Berry|[eat]
|-enditem|p1a: Whimsicott|Kebia Berry|[weaken]
|-damage|p1a: Whimsicott|13/100
|-status|p1a: Whimsicott|psn
|
|-damage|p1a: Whimsicott|1/100 psn|[from] psn
|-ability|p2a: Scolipede|Speed Boost|boost
|-boost|p2a: Scolipede|spe|1
|upkeep
|turn|2
|inactive|Battle timer is ON: inactive players will automatically lose when time's up. (requested by Rilly09V4)
|
|t:|1783150231
|move|p1b: Garchomp|Rock Slide|p2b: Scrafty|[spread] p2a,p2b
|-supereffective|p2a: Scolipede|1
|-resisted|p2b: Scrafty|1
|-damage|p2a: Scolipede|62/100
|-damage|p2b: Scrafty|81/100
|move|p1a: Whimsicott|Giga Drain|p2b: Scrafty
|-damage|p2b: Scrafty|58/100
|-heal|p1a: Whimsicott|12/100 psn|[from] drain|[of] p2b: Scrafty
|cant|p2a: Scolipede|flinch
|move|p2b: Scrafty|Knock Off|p1b: Garchomp
|-damage|p1b: Garchomp|47/100
|-damage|p2b: Scrafty|46/100|[from] ability: Rough Skin|[of] p1b: Garchomp
|-enditem|p1b: Garchomp|Choice Scarf|[from] move: Knock Off|[of] p2b: Scrafty
|
|-damage|p1a: Whimsicott|1/100 psn|[from] psn
|-ability|p2a: Scolipede|Speed Boost|boost
|-boost|p2a: Scolipede|spe|1
|upkeep
|turn|3
|inactive|Rilly09V4 has 30 seconds left.
|inactive|Athrys has 30 seconds left.
|
|t:|1783150258
|detailschange|p2a: Scolipede|Scolipede-Mega, L50, M
|-mega|p2a: Scolipede|Scolipede|Scolipite
|move|p2b: Scrafty|Protect|p2b: Scrafty
|-singleturn|p2b: Scrafty|Protect
|move|p1b: Garchomp|Rock Slide|p2b: Scrafty|[spread] p2a
|-activate|p2b: Scrafty|move: Protect
|-supereffective|p2a: Scolipede|1
|-damage|p2a: Scolipede|38/100
|move|p1a: Whimsicott|Giga Drain|p2b: Scrafty
|-activate|p2b: Scrafty|move: Protect
|cant|p2a: Scolipede|flinch
|
|-damage|p1a: Whimsicott|0 fnt|[from] psn
|faint|p1a: Whimsicott
|upkeep
|
|t:|1783150276
|switch|p1a: Froslass|Froslass, L50, F, shiny|100/100
|turn|4
|
|t:|1783150289
|detailschange|p1a: Froslass|Froslass-Mega, L50, F, shiny
|-mega|p1a: Froslass|Froslass|Froslassite
|-weather|Snowscape|[from] ability: Snow Warning|[of] p1a: Froslass
|move|p2a: Scolipede|Protect|p2a: Scolipede
|-singleturn|p2a: Scolipede|Protect
|move|p2b: Scrafty|Protect||[still]
|-fail|p2b: Scrafty
|move|p1a: Froslass|Blizzard|p2a: Scolipede|[spread] p2b
|-activate|p2a: Scolipede|move: Protect
|-crit|p2b: Scrafty
|-damage|p2b: Scrafty|0 fnt
|faint|p2b: Scrafty
|move|p1b: Garchomp|Rock Slide|p2a: Scolipede
|-activate|p2a: Scolipede|move: Protect
|
|-weather|Snowscape|[upkeep]
|-sideend|p1: Rilly09V4|move: Tailwind
|upkeep
|
|t:|1783150294
|switch|p2b: Sinistcha|Sinistcha, L50|100/100
|-heal|p2a: Scolipede|63/100|[from] ability: Hospitality|[of] p2b: Sinistcha
|turn|5
|
|t:|1783150309
|move|p2b: Sinistcha|Protect|p2b: Sinistcha
|-singleturn|p2b: Sinistcha|Protect
|move|p2a: Scolipede|Leech Life|p1b: Garchomp
|-damage|p1b: Garchomp|1/100
|-heal|p2a: Scolipede|95/100|[from] drain|[of] p1b: Garchomp
|-damage|p2a: Scolipede|83/100|[from] ability: Rough Skin|[of] p1b: Garchomp
|move|p1a: Froslass|Blizzard|p2b: Sinistcha|[spread] p2a
|-activate|p2b: Sinistcha|move: Protect
|-damage|p2a: Scolipede|18/100
|move|p1b: Garchomp|Rock Slide|p2a: Scolipede|[spread] p2a
|-activate|p2b: Sinistcha|move: Protect
|-supereffective|p2a: Scolipede|1
|-damage|p2a: Scolipede|0 fnt
|faint|p2a: Scolipede
|
|-weather|Snowscape|[upkeep]
|upkeep
|
|t:|1783150323
|switch|p2a: Aerodactyl|Aerodactyl, L50, F|100/100
|-ability|p2a: Aerodactyl|Unnerve
|turn|6
|
|t:|1783150334
|move|p2a: Aerodactyl|Rock Slide|p1a: Froslass|[spread] p1a,p1b
|-supereffective|p1a: Froslass|1
|-resisted|p1b: Garchomp|1
|-crit|p1b: Garchomp
|-damage|p1a: Froslass|45/100
|-damage|p1b: Garchomp|0 fnt
|faint|p1b: Garchomp
|move|p1a: Froslass|Blizzard|p2a: Aerodactyl|[spread] p2a,p2b
|-supereffective|p2a: Aerodactyl|1
|-supereffective|p2b: Sinistcha|1
|-enditem|p2a: Aerodactyl|Focus Sash
|-damage|p2a: Aerodactyl|1/100
|-damage|p2b: Sinistcha|4/100
|move|p2b: Sinistcha|Matcha Gotcha|p1a: Froslass
|-damage|p1a: Froslass|6/100
|-heal|p2b: Sinistcha|20/100y|[from] drain|[of] p1a: Froslass
|
|-weather|Snowscape|[upkeep]
|upkeep
|
|t:|1783150339
|switch|p1b: Kingambit|Kingambit, L50, F|100/100
|-activate|p1b: Kingambit|ability: Supreme Overlord
|-start|p1b: Kingambit|fallen2|[silent]
|turn|7
|
|t:|1783150351
|move|p1b: Kingambit|Sucker Punch||[still]
|-fail|p1b: Kingambit
|move|p2a: Aerodactyl|Tailwind|p2a: Aerodactyl
|-sidestart|p2: Athrys|move: Tailwind
|move|p1a: Froslass|Aurora Veil|p1a: Froslass
|-sidestart|p1: Rilly09V4|move: Aurora Veil
|move|p2b: Sinistcha|Matcha Gotcha|p1b: Kingambit|[spread] p1a,p1b
|-resisted|p1b: Kingambit|1
|-damage|p1a: Froslass|0 fnt
|-heal|p2b: Sinistcha|23/100|[from] drain|[of] p1a: Froslass
|-damage|p1b: Kingambit|91/100
|-heal|p2b: Sinistcha|28/100|[from] drain|[of] p1b: Kingambit
|faint|p1a: Froslass
|
|-weather|Snowscape|[upkeep]
|upkeep
|turn|8
|
|t:|1783150378
|move|p2a: Aerodactyl|Protect|p2a: Aerodactyl
|-singleturn|p2a: Aerodactyl|Protect
|move|p2b: Sinistcha|Matcha Gotcha|p1b: Kingambit
|-resisted|p1b: Kingambit|1
|-damage|p1b: Kingambit|82/100
|-heal|p2b: Sinistcha|34/100|[from] drain|[of] p1b: Kingambit
|-status|p1b: Kingambit|brn
|move|p1b: Kingambit|Kowtow Cleave|p2b: Sinistcha
|-supereffective|p2b: Sinistcha|1
|-damage|p2b: Sinistcha|0 fnt
|faint|p2b: Sinistcha
|
|-weather|none
|-damage|p1b: Kingambit|76/100 brn|[from] brn
|upkeep
|turn|9
|
|t:|1783150387
|move|p2a: Aerodactyl|Tailwind||[still]
|-fail|p2a: Aerodactyl
|move|p1b: Kingambit|Iron Head|p2a: Aerodactyl
|-supereffective|p2a: Aerodactyl|1
|-damage|p2a: Aerodactyl|0 fnt
|faint|p2a: Aerodactyl
|
|win|Rilly09V4
