|j|☆Plopy14
|j|☆averagememer57
|html|Plopy14averagememer57    
|uhtml|bestof|Game 2 of a best-of-3
|t:|1785702743
|gametype|doubles
|player|p1|Plopy14|bugcatcher|1246
|player|p2|averagememer57|266|1303
|gen|9
|tier|[Gen 9 Champions] VGC 2026 Reg M-B (Bo3)
|rated|
|rule|Species Clause: Limit one of each Pokémon
|rule|Item Clause: Limit 1 of each item
|clearpoke
|poke|p1|Staraptor, L50, M|
|poke|p1|Garchomp, L50, M|
|poke|p1|Whimsicott, L50, M|
|poke|p1|Delphox, L50, M|
|poke|p1|Glimmora, L50, M|
|poke|p1|Kingambit, L50, M|
|poke|p2|Starmie, L50|
|poke|p2|Pelipper, L50, M|
|poke|p2|Sneasler, L50, M|
|poke|p2|Whimsicott, L50, F|
|poke|p2|Garchomp, L50, M|
|poke|p2|Raichu, L50, F|
|teampreview|4
|showteam|p1|Staraptor||Staraptite|Intimidate|Protect,Roost,CloseCombat,BraveBird|Jolly||M|||50|]Garchomp||LifeOrb|RoughSkin|Protect,RockSlide,Earthquake,DragonClaw|Jolly||M|||50|]Whimsicott||OccaBerry|Prankster|Moonblast,Tailwind,Charm,LightScreen|Timid||M|||50|]Delphox||Delphoxite|Magician|Protect,Psychic,HeatWave,Substitute|Timid||M|||50|]Glimmora||FocusSash|ToxicDebris|SpikyShield,SludgeBomb,EarthPower,PowerGem|Timid||M|||50|]Kingambit||ChopleBerry|Defiant|SuckerPunch,LowKick,IronHead,KowtowCleave|Adamant||M|||50|
|showteam|p2|Starmie||Starminite|NaturalCure|Liquidation,PsychoCut,AquaJet,Protect|Adamant|||||50|]Pelipper||ChoiceScarf|Drizzle|WeatherBall,Hurricane,IcyWind,HelpingHand|Timid||M|||50|]Sneasler||WhiteHerb|Unburden|DireClaw,CloseCombat,FakeOut,Protect|Adamant||M|||50|]Whimsicott||FocusSash|Prankster|Moonblast,Tailwind,Encore,Protect|Timid||F|||50|]Garchomp||LifeOrb|RoughSkin|Earthquake,StompingTantrum,DragonClaw,Protect|Jolly||M|||50|]Raichu||RaichuniteY|LightningRod|ZapCannon,FocusBlast,FakeOut,Protect|Timid||F|||50|
|j| Iclicknastyplot
|inactive|Battle timer is ON: inactive players will automatically lose when time's up. (requested by averagememer57)
|inactive|Plopy14 has 60 seconds left.
|inactive|Plopy14 has 30 seconds left.
|inactive|Plopy14 has 20 seconds left.
|inactive|Plopy14 has 15 seconds left.
|inactive|Plopy14 has 10 seconds left.
|
|t:|1785702863
|teamsize|p1|4
|teamsize|p2|4
|start
|switch|p1a: Garchomp|Garchomp, L50, M|100/100
|switch|p1b: Staraptor|Staraptor, L50, M|100/100
|switch|p2a: Whimsicott|Whimsicott, L50, F|100/100
|switch|p2b: Starmie|Starmie, L50|100/100
|-ability|p1b: Staraptor|Intimidate|boost
|-unboost|p2a: Whimsicott|atk|1
|-unboost|p2b: Starmie|atk|1
|turn|1
|inactive|Plopy14 has 30 seconds left.
|inactive|Plopy14 has 20 seconds left.
|inactive|Plopy14 has 15 seconds left.
|
|t:|1785702905
|switch|p2b: Pelipper|Pelipper, L50, M|100/100
|-weather|RainDance|[from] ability: Drizzle|[of] p2b: Pelipper
|move|p2a: Whimsicott|Tailwind|p2a: Whimsicott
|-sidestart|p2: averagememer57|move: Tailwind
|move|p1a: Garchomp|Earthquake|p2b: Pelipper|[spread] p2a
|-immune|p1b: Staraptor
|-immune|p2b: Pelipper
|-resisted|p2a: Whimsicott|1
|-damage|p2a: Whimsicott|62/100
|-damage|p1a: Garchomp|90/100|[from] item: Life Orb
|move|p1b: Staraptor|Brave Bird|p2a: Whimsicott
|-supereffective|p2a: Whimsicott|1
|-damage|p2a: Whimsicott|0 fnt
|faint|p2a: Whimsicott
|-damage|p1b: Staraptor|85/100|[from] Recoil
|
|-weather|RainDance|[upkeep]
|upkeep
|
|t:|1785702922
|switch|p2a: Starmie|Starmie, L50|100/100
|turn|2
|
|t:|1785702950
|switch|p1b: Kingambit|Kingambit, L50, M|100/100
|detailschange|p2a: Starmie|Starmie-Mega, L50
|-mega|p2a: Starmie|Starmie|Starminite
|move|p1a: Garchomp|Protect|p1a: Garchomp
|-singleturn|p1a: Garchomp|Protect
|move|p2b: Pelipper|Weather Ball|p1b: Kingambit
|-damage|p1b: Kingambit|46/100
|move|p2a: Starmie|Liquidation|p1a: Garchomp
|-activate|p1a: Garchomp|move: Protect
|
|-weather|RainDance|[upkeep]
|upkeep
|turn|3
|
|t:|1785702972
|move|p2a: Starmie|Protect|p2a: Starmie
|-singleturn|p2a: Starmie|Protect
|move|p1b: Kingambit|Sucker Punch|p2b: Pelipper
|-damage|p2b: Pelipper|53/100
|move|p2b: Pelipper|Weather Ball|p1b: Kingambit
|-damage|p1b: Kingambit|0 fnt
|faint|p1b: Kingambit
|move|p1a: Garchomp|Earthquake|p2a: Starmie|[spread] 
|-activate|p2a: Starmie|move: Protect
|-immune|p2b: Pelipper
|
|-weather|RainDance|[upkeep]
|upkeep
|
|t:|1785702986
|switch|p1b: Staraptor|Staraptor, L50, M|85/100
|-ability|p1b: Staraptor|Intimidate|boost
|-unboost|p2a: Starmie|atk|1
|-unboost|p2b: Pelipper|atk|1
|turn|4
|
|t:|1785703006
|move|p1a: Garchomp|Protect|p1a: Garchomp
|-singleturn|p1a: Garchomp|Protect
|move|p1b: Staraptor|Protect|p1b: Staraptor
|-singleturn|p1b: Staraptor|Protect
|move|p2b: Pelipper|Weather Ball|p1a: Garchomp
|-activate|p1a: Garchomp|move: Protect
|move|p2a: Starmie|Liquidation|p1a: Garchomp
|-activate|p1a: Garchomp|move: Protect
|
|-weather|RainDance|[upkeep]
|-sideend|p2: averagememer57|move: Tailwind
|upkeep
|turn|5
|inactive|averagememer57 has 30 seconds left.
|inactive|averagememer57 has 20 seconds left.
|inactive|averagememer57 has 15 seconds left.
|inactive|averagememer57 has 10 seconds left.
|
|t:|1785703052
|switch|p2a: Sneasler|Sneasler, L50, M|100/100
|detailschange|p1b: Staraptor|Staraptor-Mega, L50, M
|-mega|p1b: Staraptor|Staraptor|Staraptite
|move|p2b: Pelipper|Weather Ball|p1a: Garchomp
|-damage|p1a: Garchomp|21/100
|move|p1b: Staraptor|Brave Bird|p2b: Pelipper
|-damage|p2b: Pelipper|0 fnt
|faint|p2b: Pelipper
|-damage|p1b: Staraptor|72/100|[from] Recoil
|move|p1a: Garchomp|Dragon Claw|p2a: Sneasler
|-damage|p2a: Sneasler|2/100
|-damage|p1a: Garchomp|11/100|[from] item: Life Orb
|
|-weather|none
|upkeep
|
|t:|1785703067
|switch|p2b: Starmie|Starmie-Mega, L50|100/100
|turn|6
|
|t:|1785703074
|move|p1b: Staraptor|Protect|p1b: Staraptor
|-singleturn|p1b: Staraptor|Protect
|move|p2a: Sneasler|Protect|p2a: Sneasler
|-singleturn|p2a: Sneasler|Protect
|move|p2b: Starmie|Psycho Cut|p1b: Staraptor
|-activate|p1b: Staraptor|move: Protect
|move|p1a: Garchomp|Earthquake|p2b: Starmie|[spread] p2b
|-activate|p1b: Staraptor|move: Protect
|-activate|p2a: Sneasler|move: Protect
|-damage|p2b: Starmie|41/100
|-damage|p1a: Garchomp|1/100|[from] item: Life Orb
|
|upkeep
|turn|7
|inactive|averagememer57 has 30 seconds left.
|
|t:|1785703103
|move|p2b: Starmie|Aqua Jet|p1a: Garchomp
|-damage|p1a: Garchomp|0 fnt
|-damage|p2b: Starmie|28/100|[from] ability: Rough Skin|[of] p1a: Garchomp
|faint|p1a: Garchomp
|move|p1b: Staraptor|Brave Bird|p2b: Starmie
|-damage|p2b: Starmie|0 fnt
|faint|p2b: Starmie
|-damage|p1b: Staraptor|65/100|[from] Recoil
|move|p2a: Sneasler|Close Combat|p1b: Staraptor
|-resisted|p1b: Staraptor|1
|-damage|p1b: Staraptor|32/100
|-unboost|p2a: Sneasler|def|1
|-unboost|p2a: Sneasler|spd|1
|-enditem|p2a: Sneasler|White Herb
|-clearnegativeboost|p2a: Sneasler|[silent]
|
|upkeep
|
|t:|1785703123
|switch|p1a: Glimmora|Glimmora, L50, M|100/100
|turn|8
|-message|averagememer57 forfeited.
|raw|Plopy14's rating: 1246 → 1275(+29 for winning)
|raw|averagememer57's rating: 1303 → 1280(-23 for losing)
|
|win|Plopy14
