|j|☆klaushima
|j|☆sturmkitten69
|html|klaushimasturmkitten69    
|uhtml|bestof|Game 1 of a best-of-3
|t:|1757168150
|gametype|doubles
|player|p1|klaushima|alder|1052
|player|p2|sturmkitten69|fisherman|1096
|gen|9
|tier|[Gen 9] VGC 2025 Reg H (Bo3)
|rated|
|rule|Species Clause: Limit one of each Pokémon
|rule|Item Clause: Limit 1 of each item
|clearpoke
|poke|p1|Electabuzz, L50, F|
|poke|p1|Gholdengo, L50|
|poke|p1|Rillaboom, L50, M|
|poke|p1|Sneasler, L50, M|
|poke|p1|Dragonite, L50, M|
|poke|p1|Volcarona, L50, F|
|poke|p2|Tinkaton, L50, F|
|poke|p2|Gholdengo, L50|
|poke|p2|Pelipper, L50, M|
|poke|p2|Basculegion, L50, M|
|poke|p2|Amoonguss, L50, M|
|poke|p2|Dragonite, L50, F|
|teampreview|4
|showteam|p1|Electabuzz||Eviolite|VitalSpirit|Thunderbolt,Taunt,FollowMe,Protect|||F|||50|,,,,,Dragon]Gholdengo||MetalCoat|GoodasGold|MakeItRain,ShadowBall,NastyPlot,Protect||||||50|,,,,,Water]Rillaboom||AssaultVest|GrassySurge|WoodHammer,GrassyGlide,HighHorsepower,FakeOut|||M|||50|,,,,,Fire]Sneasler||FocusSash|Unburden|CloseCombat,DireClaw,Coaching,FakeOut|||M|||50|,,,,,Ghost]Dragonite||LoadedDice|Multiscale|ScaleShot,Tailwind,Haze,Protect|||M|||50|,,,,,Fairy]Volcarona||Leftovers|FlameBody|Flamethrower,TeraBlast,QuiverDance,Protect|||F|||50|,,,,,Fairy
|showteam|p2|Tinkaton||SitrusBerry|MoldBreaker|PlayRough,FakeOut,ThunderWave,HelpingHand|||F|||50|,,,,,Grass]Gholdengo||ChoiceSpecs|GoodasGold|MakeItRain,PowerGem,ShadowBall,Thunderbolt||||||50|,,,,,Steel]Pelipper||DampRock|Drizzle|Tailwind,WideGuard,HelpingHand,Hurricane|||M|||50|,,,,,Water]Basculegion||LifeOrb|SwiftSwim|WaveCrash,LastRespects,AquaJet,Protect|||M|||50|,,,,,Water]Amoonguss|||Regenerator|Spore,RagePowder,ClearSmog,PollenPuff|||M|||50|,,,,,Dark]Dragonite||LoadedDice|Multiscale|ScaleShot,Protect,Tailwind,Haze|||F|||50|,,,,,Steel
|inactive|Battle timer is ON: inactive players will automatically lose when time's up. (requested by klaushima)
|inactive|klaushima has 60 seconds left.
|inactive|klaushima has 30 seconds left.
|inactive|klaushima has 20 seconds left.
|inactive|klaushima has 15 seconds left.
|
|t:|1757168229
|teamsize|p1|4
|teamsize|p2|4
|start
|switch|p1a: Sneasler|Sneasler, L50, M|100/100
|switch|p1b: Rillaboom|Rillaboom, L50, M|100/100
|switch|p2a: Tinkaton|Tinkaton, L50, F|100/100
|switch|p2b: Gholdengo|Gholdengo, L50|100/100
|-ability|p2a: Tinkaton|Mold Breaker
|-fieldstart|move: Grassy Terrain|[from] ability: Grassy Surge|[of] p1b: Rillaboom
|turn|1
|inactive|klaushima has 30 seconds left.
|inactive|sturmkitten69 has 30 seconds left.
|inactive|sturmkitten69 has 20 seconds left.
|inactive|sturmkitten69 has 15 seconds left.
|inactive|sturmkitten69 has 10 seconds left.
|inactive|sturmkitten69 has 5 seconds left.
|
|t:|1757168284
|move|p1a: Sneasler|Fake Out|p2a: Tinkaton
|-resisted|p2a: Tinkaton
|-damage|p2a: Tinkaton|92/100
|cant|p2a: Tinkaton|flinch
|move|p2b: Gholdengo|Make It Rain|p1b: Rillaboom|[spread] p1a,p1b
|-enditem|p1a: Sneasler|Focus Sash
|-damage|p1a: Sneasler|1/100
|-damage|p1b: Rillaboom|46/100
|-unboost|p2b: Gholdengo|spa|1
|move|p1b: Rillaboom|High Horsepower|p2b: Gholdengo
|-supereffective|p2b: Gholdengo
|-damage|p2b: Gholdengo|31/100
|
|-heal|p1a: Sneasler|7/100|[from] Grassy Terrain
|-heal|p2a: Tinkaton|98/100|[from] Grassy Terrain
|-heal|p2b: Gholdengo|37/100|[from] Grassy Terrain
|-heal|p1b: Rillaboom|52/100|[from] Grassy Terrain
|upkeep
|turn|2
|inactive|klaushima has 30 seconds left.
|inactive|sturmkitten69 has 30 seconds left.
|inactive|klaushima has 20 seconds left.
|inactive|sturmkitten69 has 20 seconds left.
|inactive|klaushima has 15 seconds left.
|inactive|klaushima has 10 seconds left.
|inactive|klaushima has 5 seconds left.
|
|t:|1757168339
|switch|p1a: Electabuzz|Electabuzz, L50, F|100/100
|-terastallize|p1b: Rillaboom|Fire
|move|p2a: Tinkaton|Helping Hand|p2b: Gholdengo
|-singleturn|p2b: Gholdengo|Helping Hand|[of] p2a: Tinkaton
|move|p2b: Gholdengo|Make It Rain|p1b: Rillaboom|[spread] p1a,p1b
|-resisted|p1a: Electabuzz
|-resisted|p1b: Rillaboom
|-damage|p1a: Electabuzz|75/100
|-damage|p1b: Rillaboom|22/100
|-unboost|p2b: Gholdengo|spa|1
|move|p1b: Rillaboom|High Horsepower|p2a: Tinkaton
|-supereffective|p2a: Tinkaton
|-damage|p2a: Tinkaton|28/100
|-enditem|p2a: Tinkaton|Sitrus Berry|[eat]
|-heal|p2a: Tinkaton|53/100|[from] item: Sitrus Berry
|
|-heal|p2a: Tinkaton|59/100|[from] Grassy Terrain
|-heal|p2b: Gholdengo|43/100|[from] Grassy Terrain
|-heal|p1a: Electabuzz|81/100|[from] Grassy Terrain
|-heal|p1b: Rillaboom|28/100|[from] Grassy Terrain
|upkeep
|turn|3
|inactive|klaushima has 30 seconds left.
|inactive|sturmkitten69 has 30 seconds left.
|inactive|sturmkitten69 has 20 seconds left.
|inactive|sturmkitten69 has 15 seconds left.
|
|t:|1757168380
|move|p2a: Tinkaton|Play Rough|p1a: Electabuzz
|-damage|p1a: Electabuzz|62/100
|move|p2b: Gholdengo|Make It Rain|p1b: Rillaboom|[spread] p1a,p1b
|-resisted|p1a: Electabuzz
|-resisted|p1b: Rillaboom
|-damage|p1a: Electabuzz|49/100
|-damage|p1b: Rillaboom|13/100
|-unboost|p2b: Gholdengo|spa|1
|move|p1a: Electabuzz|Thunderbolt|p2b: Gholdengo
|-damage|p2b: Gholdengo|4/100
|move|p1b: Rillaboom|High Horsepower|p2a: Tinkaton
|-supereffective|p2a: Tinkaton
|-damage|p2a: Tinkaton|0 fnt
|faint|p2a: Tinkaton
|
|-heal|p2b: Gholdengo|10/100|[from] Grassy Terrain
|-heal|p1a: Electabuzz|55/100|[from] Grassy Terrain
|-heal|p1b: Rillaboom|19/100|[from] Grassy Terrain
|upkeep
|
|t:|1757168400
|switch|p2a: Pelipper|Pelipper, L50, M|100/100
|-weather|RainDance|[from] ability: Drizzle|[of] p2a: Pelipper
|turn|4
|
|t:|1757168415
|move|p1b: Rillaboom|Grassy Glide|p2b: Gholdengo
|-resisted|p2b: Gholdengo
|-damage|p2b: Gholdengo|0 fnt
|faint|p2b: Gholdengo
|move|p1a: Electabuzz|Thunderbolt|p2a: Pelipper
|-supereffective|p2a: Pelipper
|-damage|p2a: Pelipper|0 fnt
|faint|p2a: Pelipper
|
|-weather|RainDance|[upkeep]
|-heal|p1a: Electabuzz|61/100|[from] Grassy Terrain
|-heal|p1b: Rillaboom|25/100|[from] Grassy Terrain
|upkeep
|
|t:|1757168430
|switch|p2b: Basculegion|Basculegion, L50, M|100/100
|turn|5
|
|t:|1757168453
|-terastallize|p2b: Basculegion|Water
|move|p1a: Electabuzz|Protect|p1a: Electabuzz
|-singleturn|p1a: Electabuzz|Protect
|move|p2b: Basculegion|Last Respects|p1a: Electabuzz
|-activate|p1a: Electabuzz|move: Protect
|move|p1b: Rillaboom|Wood Hammer|p2b: Basculegion
|-supereffective|p2b: Basculegion
|-damage|p2b: Basculegion|0 fnt
|faint|p2b: Basculegion
|-damage|p1b: Rillaboom|0 fnt|[from] Recoil
|faint|p1b: Rillaboom
|
|win|klaushima
||klaushima is ready for game 2.
|inactive|sturmkitten69 has 30 seconds to confirm battle start!
||sturmkitten69 is ready for game 2.
|uhtml|next|Next: Game 2 of 3
|l|☆sturmkitten69
|player|p2|
