|j|☆bestatpokemon21
|j|☆coalossal_idiot
|html|bestatpokemon21coalossal_idiot    
|uhtml|bestof|Game 2 of a best-of-3
|t:|1757689338
|gametype|doubles
|player|p1|bestatpokemon21|juliana-bb|1226
|player|p2|coalossal_idiot|birdkeeper|1286
|gen|9
|tier|[Gen 9] VGC 2025 Reg H (Bo3)
|rated|
|rule|Species Clause: Limit one of each Pokémon
|rule|Item Clause: Limit 1 of each item
|clearpoke
|poke|p1|Annihilape, L50, M|
|poke|p1|Ninetales-Alola, L50, F|
|poke|p1|Archaludon, L50, M|
|poke|p1|Volcarona, L50, M|
|poke|p1|Dragonite, L50, M|
|poke|p1|Rillaboom, L50, F|
|poke|p2|Samurott-Hisui, L50, F|
|poke|p2|Sneasler, L50, F|
|poke|p2|Corviknight, L50, F|
|poke|p2|Volcarona, L50, F|
|poke|p2|Electabuzz, L50, M|
|poke|p2|Whimsicott, L50, F|
|teampreview|4
|showteam|p1|Annihilape||SafetyGoggles|Defiant|RageFist,DrainPunch,BulkUp,Protect|||M|||50|,,,,,Fire]Ninetales-Alola||FocusSash|SnowWarning|FreezeDry,HelpingHand,AuroraVeil,Protect|||F|||50|,,,,,Ghost]Archaludon||PowerHerb|Sturdy|ElectroShot,FlashCannon,DracoMeteor,Protect|||M|||50|,,,,,Stellar]Volcarona||CovertCloak|FlameBody|StruggleBug,WillOWisp,HeatWave,Tailwind|||M|||50|,,,,,Water]Dragonite||LoadedDice|Multiscale|ScaleShot,ExtremeSpeed,Haze,Protect|||M|||50|,,,,,Normal]Rillaboom||AssaultVest|GrassySurge|FakeOut,WoodHammer,GrassyGlide,HighHorsepower|||F|||50|,,,,,Ground
|showteam|p2|Samurott-Hisui||ClearAmulet|Sharpness|RazorShell,KnockOff,SacredSword,Protect|||F|||50|,,,,,Fighting]Sneasler||WhiteHerb|Unburden|DireClaw,CloseCombat,Coaching,Protect|||F|||50|,,,,,Ghost]Corviknight||Leftovers|MirrorArmor|BraveBird,BodyPress,BulkUp,Roost|||F|||50|,,,,,Dragon]Volcarona||CovertCloak|FlameBody|HeatWave,GigaDrain,QuiverDance,Protect|||F|||50|,,,,,Grass]Electabuzz||Eviolite|VitalSpirit|Thunderbolt,FollowMe,Taunt,Protect|||M|||50|,,,,,Ghost]Whimsicott||FocusSash|Prankster|Moonblast,MistyTerrain,Tailwind,Encore|||F|||50|,,,,,Ghost
|inactive|Battle timer is ON: inactive players will automatically lose when time's up. (requested by coalossal_idiot)
|
|t:|1757689363
|teamsize|p1|4
|teamsize|p2|4
|start
|switch|p1a: Rillaboom|Rillaboom, L50, F|100/100
|switch|p1b: Archaludon|Archaludon, L50, M|100/100
|switch|p2a: Volcarona|Volcarona, L50, F|100/100
|switch|p2b: Whimsicott|Whimsicott, L50, F|100/100
|-fieldstart|move: Grassy Terrain|[from] ability: Grassy Surge|[of] p1a: Rillaboom
|turn|1
|inactive|bestatpokemon21 has 30 seconds left.
|
|t:|1757689392
|move|p2b: Whimsicott|Moonblast|p1b: Archaludon
|-damage|p1b: Archaludon|44/100
|move|p1b: Archaludon|Draco Meteor|p2a: Volcarona
|-damage|p2a: Volcarona|39/100
|-unboost|p1b: Archaludon|spa|2
|move|p2a: Volcarona|Quiver Dance|p2a: Volcarona
|-boost|p2a: Volcarona|spa|1
|-boost|p2a: Volcarona|spd|1
|-boost|p2a: Volcarona|spe|1
|move|p1a: Rillaboom|High Horsepower|p2a: Volcarona
|-damage|p2a: Volcarona|2/100
|
|-heal|p2a: Volcarona|8/100|[from] Grassy Terrain
|-heal|p1b: Archaludon|50/100|[from] Grassy Terrain
|upkeep
|turn|2
|inactive|bestatpokemon21 has 30 seconds left.
|
|t:|1757689419
|switch|p1b: Volcarona|Volcarona, L50, M|100/100
|move|p2a: Volcarona|Protect|p2a: Volcarona
|-singleturn|p2a: Volcarona|Protect
|move|p2b: Whimsicott|Misty Terrain|p2b: Whimsicott
|-fieldstart|move: Misty Terrain
|move|p1a: Rillaboom|Grassy Glide|p2a: Volcarona
|-activate|p2a: Volcarona|move: Protect
|
|upkeep
|turn|3
|inactive|bestatpokemon21 has 30 seconds left.
|inactive|bestatpokemon21 has 20 seconds left.
|inactive|bestatpokemon21 has 15 seconds left.
|
|t:|1757689460
|-terastallize|p1a: Rillaboom|Ground
|move|p2b: Whimsicott|Tailwind|p2b: Whimsicott
|-sidestart|p2: coalossal_idiot|move: Tailwind
|move|p2a: Volcarona|Heat Wave|p1a: Rillaboom|[spread] p1a,p1b
|-damage|p1a: Rillaboom|62/100
|-damage|p1b: Volcarona|49/100
|move|p1b: Volcarona|Tailwind|p1b: Volcarona
|-sidestart|p1: bestatpokemon21|move: Tailwind
|move|p1a: Rillaboom|High Horsepower|p2a: Volcarona
|-damage|p2a: Volcarona|0 fnt
|faint|p2a: Volcarona
|
|upkeep
|
|t:|1757689469
|switch|p2a: Samurott|Samurott-Hisui, L50, F|100/100
|turn|4
|
|t:|1757689484
|switch|p1a: Archaludon|Archaludon, L50, M|50/100
|move|p2b: Whimsicott|Encore|p1b: Volcarona
|-start|p1b: Volcarona|Encore
|move|p1b: Volcarona|Tailwind||[still]
|-fail|p1b: Volcarona
|move|p2a: Samurott|Razor Shell|p1a: Archaludon
|-resisted|p1a: Archaludon
|-damage|p1a: Archaludon|28/100
|
|upkeep
|turn|5
|
|t:|1757689500
|switch|p1b: Rillaboom|Rillaboom, L50, F, tera:Ground|62/100
|-fieldstart|move: Grassy Terrain|[from] ability: Grassy Surge|[of] p1b: Rillaboom
|move|p2b: Whimsicott|Moonblast|p1a: Archaludon
|-damage|p1a: Archaludon|0 fnt
|faint|p1a: Archaludon
|move|p2a: Samurott|Knock Off|p1b: Rillaboom
|-damage|p1b: Rillaboom|16/100
|-enditem|p1b: Rillaboom|Assault Vest|[from] move: Knock Off|[of] p2a: Samurott
|
|-heal|p1b: Rillaboom|22/100|[from] Grassy Terrain
|upkeep
|
|t:|1757689515
|switch|p1a: Volcarona|Volcarona, L50, M|49/100
|turn|6
|
|t:|1757689535
|move|p2b: Whimsicott|Misty Terrain|p2b: Whimsicott
|-fieldstart|move: Misty Terrain
|move|p1a: Volcarona|Heat Wave|p2a: Samurott|[spread] p2b
|-miss|p1a: Volcarona|p2a: Samurott
|-supereffective|p2b: Whimsicott
|-enditem|p2b: Whimsicott|Focus Sash
|-damage|p2b: Whimsicott|1/100
|move|p2a: Samurott|Sacred Sword|p1b: Rillaboom
|-damage|p1b: Rillaboom|0 fnt
|faint|p1b: Rillaboom
|
|-sideend|p1: bestatpokemon21|move: Tailwind
|-sideend|p2: coalossal_idiot|move: Tailwind
|upkeep
|
|t:|1757689540
|switch|p1b: Dragonite|Dragonite, L50, M|100/100
|turn|7
|
|t:|1757689556
|-terastallize|p2b: Whimsicott|Ghost
|move|p1b: Dragonite|Extreme Speed|p2b: Whimsicott
|-immune|p2b: Whimsicott
|move|p2b: Whimsicott|Tailwind|p2b: Whimsicott
|-sidestart|p2: coalossal_idiot|move: Tailwind
|move|p2a: Samurott|Razor Shell|p1a: Volcarona
|-supereffective|p1a: Volcarona
|-damage|p1a: Volcarona|0 fnt
|faint|p1a: Volcarona
|
|upkeep
|turn|8
|-message|bestatpokemon21 forfeited.
|
|win|coalossal_idiot
|l|☆bestatpokemon21
|player|p1|
|l|☆coalossal_idiot
|player|p2|
||bestatpokemon21 is ready for game 3.
||coalossal_idiot is ready for game 3.
|uhtml|next|Next: Game 3 of 3
