|j|☆endras125
|j|☆JedMaldro
|html|endras125JedMaldro    
|uhtml|bestof|Game 1 of a best-of-3
|t:|1785283322
|gametype|doubles
|player|p1|endras125|102|
|player|p2|JedMaldro|fisherman-gen4|
|gen|9
|tier|[Gen 9 Champions] VGC 2026 Reg M-B (Bo3)
|rule|Species Clause: Limit one of each Pokémon
|rule|Item Clause: Limit 1 of each item
|clearpoke
|poke|p1|Froslass, L50, F|
|poke|p1|Whimsicott, L50, F|
|poke|p1|Sneasler, L50, F|
|poke|p1|Empoleon, L50, M|
|poke|p1|Mr. Rime, L50, F|
|poke|p1|Toxapex, L50, M|
|poke|p2|Basculegion, L50, M, shiny|
|poke|p2|Politoed, L50, F|
|poke|p2|Archaludon, L50, M|
|poke|p2|Audino, L50, M, shiny|
|poke|p2|Bellibolt, L50, F, shiny|
|poke|p2|Gliscor, L50, M|
|teampreview|4
|showteam|p1|Froslass||Froslassite|SnowCloak|Blizzard,IcyWind,AuroraVeil,Protect|Timid||F|||50|]Whimsicott||FocusSash|Prankster|Moonblast,Tailwind,Encore,Protect|Timid||F|||50|]Sneasler||WhiteHerb|Unburden|FakeOut,CloseCombat,DireClaw,GunkShot|Jolly||F|||50|]Empoleon||SitrusBerry|Competitive|HydroPump,FlashCannon,GrassKnot,Protect|Modest||M|||50|]Mr. Rime||NeverMeltIce|IceBody|FakeOut,FreezeDry,IcyWind,TrickRoom|Modest||F|||50|]Toxapex||Leftovers|Regenerator|WideGuard,Toxic,ChillingWater,Recover|Impish||M|||50|
|showteam|p2|Basculegion||ChoiceScarf|SwiftSwim|AquaJet,FlipTurn,LastRespects,Protect|Adamant||M|||50|]Politoed||RindoBerry|Drizzle|Encore,Protect,PerishSong,Psychic|Calm||F|||50|]Archaludon||Leftovers|Stamina|Protect,DarkPulse,FlashCannon,ElectroShot|Bold||M|||50|]Audino||ChopleBerry|Regenerator|LifeDew,Encore,TrickRoom,Psyshock|Relaxed||M|||50|]Bellibolt||LightClay|Electromorphosis|Reflect,LightScreen,Discharge,Protect|Bold||F|||50|]Gliscor||FocusSash|HyperCutter|PoisonJab,Tailwind,Protect,PsychicFangs|Jolly||M|||50|
|
|t:|1785283404
|teamsize|p1|4
|teamsize|p2|4
|start
|switch|p1a: Whimsicott|Whimsicott, L50, F|100/100
|switch|p1b: Froslass|Froslass, L50, F|100/100
|switch|p2a: Audino|Audino, L50, M, shiny|100/100
|switch|p2b: Bellibolt|Bellibolt, L50, F, shiny|100/100
|turn|1
|
|t:|1785283465
|detailschange|p1b: Froslass|Froslass-Mega, L50, F
|-mega|p1b: Froslass|Froslass|Froslassite
|-weather|Snowscape|[from] ability: Snow Warning|[of] p1b: Froslass
|move|p1a: Whimsicott|Tailwind|p1a: Whimsicott
|-sidestart|p1: endras125|move: Tailwind
|move|p1b: Froslass|Aurora Veil|p1b: Froslass
|-sidestart|p1: endras125|move: Aurora Veil
|move|p2b: Bellibolt|Light Screen|p2b: Bellibolt
|-sidestart|p2: JedMaldro|move: Light Screen
|move|p2a: Audino|Trick Room|p2a: Audino
|-fieldstart|move: Trick Room|[of] p2a: Audino
|
|-weather|Snowscape|[upkeep]
|upkeep
|turn|2
|j| mrpokemon33
|
|t:|1785283507
|switch|p2a: Archaludon|Archaludon, L50, M|100/100
|switch|p2b: Politoed|Politoed, L50, F|100/100
|-weather|RainDance|[from] ability: Drizzle|[of] p2b: Politoed
|move|p1a: Whimsicott|Encore||[still]
|-fail|p1a: Whimsicott
|move|p1b: Froslass|Blizzard|p2b: Politoed|[spread] p2a,p2b
|-resisted|p2b: Politoed|1
|-damage|p2a: Archaludon|50/100g
|-damage|p2b: Politoed|89/100
|-status|p2a: Archaludon|frz
|-ability|p2a: Archaludon|Stamina|boost
|-boost|p2a: Archaludon|def|1
|
|-weather|RainDance|[upkeep]
|-heal|p2a: Archaludon|56/100 frz|[from] item: Leftovers
|upkeep
|turn|3
|
|t:|1785283552
|switch|p1b: Mr. Rime|Mr. Rime, L50, F|100/100
|move|p2b: Politoed|Perish Song|p2b: Politoed
|-start|p1a: Whimsicott|perish3|[silent]
|-start|p1b: Mr. Rime|perish3|[silent]
|-start|p2a: Archaludon|perish3|[silent]
|-start|p2b: Politoed|perish3|[silent]
|-fieldactivate|move: Perish Song
|cant|p2a: Archaludon|frz
|move|p1a: Whimsicott|Moonblast|p2a: Archaludon
|-damage|p2a: Archaludon|23/100 frz
|-ability|p2a: Archaludon|Stamina|boost
|-boost|p2a: Archaludon|def|1
|
|-weather|RainDance|[upkeep]
|-heal|p2a: Archaludon|29/100 frz|[from] item: Leftovers
|-start|p2b: Politoed|perish3
|-start|p2a: Archaludon|perish3
|-start|p1b: Mr. Rime|perish3
|-start|p1a: Whimsicott|perish3
|upkeep
|turn|4
|
|t:|1785283650
|switch|p2a: Bellibolt|Bellibolt, L50, F, shiny|100/100
|move|p2b: Politoed|Protect|p2b: Politoed
|-singleturn|p2b: Politoed|Protect
|move|p1b: Mr. Rime|Freeze-Dry|p2b: Politoed
|-activate|p2b: Politoed|move: Protect
|move|p1a: Whimsicott|Moonblast|p2a: Bellibolt
|-damage|p2a: Bellibolt|76/100
|-start|p2a: Bellibolt|Charge|Moonblast|[from] ability: Electromorphosis
|
|-weather|RainDance|[upkeep]
|-start|p2b: Politoed|perish2
|-start|p1b: Mr. Rime|perish2
|-start|p1a: Whimsicott|perish2
|-sideend|p1: endras125|move: Tailwind
|upkeep
|turn|5
|
|t:|1785283702
|switch|p1b: Froslass|Froslass-Mega, L50, F|100/100
|-weather|Snowscape|[from] ability: Snow Warning|[of] p1b: Froslass
|move|p2b: Politoed|Protect||[still]
|-fail|p2b: Politoed
|move|p1a: Whimsicott|Tailwind|p1a: Whimsicott
|-sidestart|p1: endras125|move: Tailwind
|move|p2a: Bellibolt|Discharge|p1a: Whimsicott|[spread] p2b,p1a,p1b
|-supereffective|p2b: Politoed|1
|-resisted|p1a: Whimsicott|1
|-damage|p2b: Politoed|52/100
|-damage|p1a: Whimsicott|77/100
|-damage|p1b: Froslass|68/100
|-end|p2a: Bellibolt|Charge|[silent]
|
|-weather|Snowscape|[upkeep]
|-start|p2b: Politoed|perish1
|-start|p1a: Whimsicott|perish1
|-sideend|p1: endras125|move: Aurora Veil
|-fieldend|move: Trick Room
|upkeep
|turn|6
|
|t:|1785283731
|switch|p1a: Mr. Rime|Mr. Rime, L50, F|100/100
|switch|p2b: Audino|Audino, L50, M, shiny|100/100
|move|p1b: Froslass|Blizzard|p2b: Audino|[spread] p2a,p2b
|-damage|p2a: Bellibolt|45/100
|-damage|p2b: Audino|75/100
|-start|p2a: Bellibolt|Charge|Blizzard|[from] ability: Electromorphosis
|move|p2a: Bellibolt|Light Screen||[still]
|-fail|p2a: Bellibolt
|
|-weather|Snowscape|[upkeep]
|upkeep
|turn|7
|
|t:|1785283766
|move|p1a: Mr. Rime|Fake Out|p2b: Audino
|-damage|p2b: Audino|67/100
|move|p1b: Froslass|Blizzard|p2b: Audino|[spread] p2a,p2b
|-damage|p2a: Bellibolt|16/100
|-damage|p2b: Audino|41/100
|-status|p2a: Bellibolt|frz
|-start|p2a: Bellibolt|Charge|Blizzard|[from] ability: Electromorphosis
|cant|p2a: Bellibolt|frz
|-end|p2a: Bellibolt|Charge|[silent]
|cant|p2b: Audino|flinch
|
|-weather|Snowscape|[upkeep]
|upkeep
|turn|8
|
|t:|1785283809
|switch|p2a: Archaludon|Archaludon, L50, M|29/100 frz
|move|p1b: Froslass|Blizzard|p2a: Archaludon|[spread] p2a,p2b
|-damage|p2a: Archaludon|0 fnt
|-damage|p2b: Audino|18/100
|faint|p2a: Archaludon
|move|p1a: Mr. Rime|Freeze-Dry|p2b: Audino
|-damage|p2b: Audino|0 fnt
|faint|p2b: Audino
|
|-weather|Snowscape|[upkeep]
|-sideend|p2: JedMaldro|move: Light Screen
|-sideend|p1: endras125|move: Tailwind
|upkeep
|
|t:|1785283821
|switch|p2a: Politoed|Politoed, L50, F|52/100
|switch|p2b: Bellibolt|Bellibolt, L50, F, shiny|16/100 frz
|-weather|RainDance|[from] ability: Drizzle|[of] p2a: Politoed
|turn|9
|
|t:|1785283869
|-curestatus|p2b: Bellibolt|frz|[msg]
|move|p2b: Bellibolt|Protect|p2b: Bellibolt
|-singleturn|p2b: Bellibolt|Protect
|move|p1b: Froslass|Blizzard|p2a: Politoed|[spread] p2a
|-activate|p2b: Bellibolt|move: Protect
|-resisted|p2a: Politoed|1
|-damage|p2a: Politoed|37/100
|-status|p2a: Politoed|frz
|cant|p2a: Politoed|frz
|move|p1a: Mr. Rime|Freeze-Dry|p2a: Politoed
|-supereffective|p2a: Politoed|1
|-damage|p2a: Politoed|0 fnt
|faint|p2a: Politoed
|
|-weather|RainDance|[upkeep]
|upkeep
|turn|10
|
|t:|1785283899
|move|p1b: Froslass|Blizzard|p2b: Bellibolt
|-damage|p2b: Bellibolt|0 fnt
|faint|p2b: Bellibolt
|
|win|endras125
||endras125 is ready for game 2.
|inactive|JedMaldro has 30 seconds to confirm battle start!
||JedMaldro is ready for game 2.
|uhtml|next|Next: Game 2 of 3
