|j|☆Farigi no Raf
|j|☆LordTentacle69
|html|Farigi no RafLordTentacle69    
|uhtml|bestof|Game 3 of a best-of-3
|t:|1757124191
|gametype|doubles
|player|p1|Farigi no Raf|vince|1366
|player|p2|LordTentacle69|plasmagruntf|1317
|gen|9
|tier|[Gen 9] VGC 2025 Reg H (Bo3)
|rated|
|rule|Species Clause: Limit one of each Pokémon
|rule|Item Clause: Limit 1 of each item
|clearpoke
|poke|p1|Dragonite, L50, M|
|poke|p1|Gholdengo, L50|
|poke|p1|Sneasler, L50, F|
|poke|p1|Rillaboom, L50, M|
|poke|p1|Ursaluna-Bloodmoon, L50, M|
|poke|p1|Magmar, L50, F|
|poke|p2|Sneasler, L50, M|
|poke|p2|Indeedee, L50, M|
|poke|p2|Volcarona, L50, F|
|poke|p2|Ursaluna-Bloodmoon, L50, M|
|poke|p2|Annihilape, L50, M|
|poke|p2|Tyranitar, L50, F|
|teampreview|4
|showteam|p1|Dragonite||LoadedDice|Multiscale|ScaleShot,Tailwind,ExtremeSpeed,Protect|||M|||50|,,,,,Fairy]Gholdengo||LifeOrb|GoodasGold|MakeItRain,ShadowBall,NastyPlot,Protect||||||50|,,,,,Water]Sneasler||FocusSash|PoisonTouch|CloseCombat,DireClaw,Coaching,FakeOut|||F|||50|,,,,,Ghost]Rillaboom||AssaultVest|GrassySurge|WoodHammer,FakeOut,GrassyGlide,HighHorsepower|||M|||50|,,,,,Fire]Ursaluna-Bloodmoon||SilkScarf|MindsEye|HyperVoice,EarthPower,BloodMoon,Protect|||M|||50|,,,,,Water]Magmar||Eviolite|VitalSpirit|FollowMe,BurningJealousy,ClearSmog,Protect|||F|||50|,,,,,Dragon
|showteam|p2|Sneasler||PsychicSeed|Unburden|CloseCombat,DireClaw,ThroatChop,Protect|||M|||50|,,,,,Dark]Indeedee||ChoiceScarf|PsychicSurge|ExpandingForce,TeraBlast,Trick,Protect|||M|||50|,,,,,Psychic]Volcarona||SitrusBerry|FlameBody|Overheat,StruggleBug,RagePowder,Tailwind|||F|||50|,,,,,Grass]Ursaluna-Bloodmoon||LifeOrb|MindsEye|BloodMoon,HyperVoice,EarthPower,Protect|||M|||50|,,,,,Normal]Annihilape||SafetyGoggles|Defiant|CloseCombat,RageFist,Taunt,FinalGambit|||M|||50|,,,,,Fairy]Tyranitar||AssaultVest|SandStream|RockSlide,KnockOff,TeraBlast,LowKick|||F|||50|,,,,,Flying
|
|t:|1757124231
|teamsize|p1|4
|teamsize|p2|4
|start
|switch|p1a: Sneasler|Sneasler, L50, F|100/100
|switch|p1b: Dragonite|Dragonite, L50, M|100/100
|switch|p2a: Sneasler|Sneasler, L50, M|100/100
|switch|p2b: Indeedee|Indeedee, L50, M|100/100
|-fieldstart|move: Psychic Terrain|[from] ability: Psychic Surge|[of] p2b: Indeedee
|-enditem|p2a: Sneasler|Psychic Seed
|-boost|p2a: Sneasler|spd|1|[from] item: Psychic Seed
|turn|1
|
|t:|1757124252
|switch|p1a: Rillaboom|Rillaboom, L50, M|100/100
|-fieldstart|move: Grassy Terrain|[from] ability: Grassy Surge|[of] p1a: Rillaboom
|move|p2a: Sneasler|Dire Claw|p1b: Dragonite
|-damage|p1b: Dragonite|73/100
|-status|p1b: Dragonite|psn
|move|p2b: Indeedee|Trick|p1a: Rillaboom
|-activate|p2b: Indeedee|move: Trick|[of] p1a: Rillaboom
|-item|p1a: Rillaboom|Choice Scarf|[from] move: Trick
|-item|p2b: Indeedee|Assault Vest|[from] move: Trick
|move|p1b: Dragonite|Scale Shot|p2a: Sneasler|[miss]
|-miss|p1b: Dragonite|p2a: Sneasler
|
|-damage|p1b: Dragonite|61/100 psn|[from] psn
|upkeep
|turn|2
|
|t:|1757124277
|switch|p2b: Volcarona|Volcarona, L50, F|100/100
|move|p2a: Sneasler|Protect|p2a: Sneasler
|-singleturn|p2a: Sneasler|Protect
|move|p1a: Rillaboom|Fake Out|p2a: Sneasler
|-activate|p2a: Sneasler|move: Protect
|move|p1b: Dragonite|Tailwind|p1b: Dragonite
|-sidestart|p1: Farigi no Raf|move: Tailwind
|
|-damage|p1b: Dragonite|49/100 psn|[from] psn
|upkeep
|turn|3
|
|t:|1757124300
|switch|p1a: Sneasler|Sneasler, L50, F|100/100
|move|p2a: Sneasler|Dire Claw|p1b: Dragonite
|-damage|p1b: Dragonite|2/100 psn
|move|p1b: Dragonite|Scale Shot|p2a: Sneasler
|-damage|p2a: Sneasler|77/100
|-damage|p2a: Sneasler|53/100
|-damage|p2a: Sneasler|28/100
|-damage|p2a: Sneasler|2/100
|-hitcount|p2a: Sneasler|4
|-unboost|p1b: Dragonite|def|1
|-boost|p1b: Dragonite|spe|1
|move|p2b: Volcarona|Tailwind|p2b: Volcarona
|-sidestart|p2: LordTentacle69|move: Tailwind
|
|-heal|p2a: Sneasler|8/100|[from] Grassy Terrain
|-damage|p1b: Dragonite|0 fnt|[from] psn
|faint|p1b: Dragonite
|upkeep
|
|t:|1757124316
|switch|p1b: Ursaluna|Ursaluna-Bloodmoon, L50, M|100/100
|turn|4
|
|t:|1757124341
|switch|p2b: Indeedee|Indeedee, L50, M|100/100
|-fieldstart|move: Psychic Terrain|[from] ability: Psychic Surge|[of] p2b: Indeedee
|-terastallize|p1b: Ursaluna|Water
|move|p2a: Sneasler|Close Combat|p1b: Ursaluna
|-damage|p1b: Ursaluna|49/100
|-unboost|p2a: Sneasler|def|1
|-unboost|p2a: Sneasler|spd|1
|move|p1a: Sneasler|Coaching|p1b: Ursaluna
|-boost|p1b: Ursaluna|atk|1
|-boost|p1b: Ursaluna|def|1
|move|p1b: Ursaluna|Hyper Voice|p2a: Sneasler|[spread] p2a,p2b
|-damage|p2a: Sneasler|0 fnt
|-damage|p2b: Indeedee|61/100
|faint|p2a: Sneasler
|
|upkeep
|
|t:|1757124356
|switch|p2a: Volcarona|Volcarona, L50, F|100/100
|turn|5
|
|t:|1757124372
|switch|p2b: Tyranitar|Tyranitar, L50, F|100/100
|-weather|Sandstorm|[from] ability: Sand Stream|[of] p2b: Tyranitar
|move|p1b: Ursaluna|Protect|p1b: Ursaluna
|-singleturn|p1b: Ursaluna|Protect
|move|p1a: Sneasler|Dire Claw|p2b: Tyranitar
|-resisted|p2b: Tyranitar
|-damage|p2b: Tyranitar|82/100
|move|p2a: Volcarona|Struggle Bug|p1b: Ursaluna|[spread] p1a
|-activate|p1b: Ursaluna|move: Protect
|-resisted|p1a: Sneasler
|-damage|p1a: Sneasler|95/100
|-unboost|p1a: Sneasler|spa|1
|
|-weather|Sandstorm|[upkeep]
|-damage|p1a: Sneasler|89/100|[from] Sandstorm
|-damage|p2a: Volcarona|94/100|[from] Sandstorm
|-damage|p1b: Ursaluna|43/100|[from] Sandstorm
|-sideend|p1: Farigi no Raf|move: Tailwind
|upkeep
|turn|6
|
|t:|1757124409
|switch|p1a: Rillaboom|Rillaboom, L50, M|100/100
|-fieldstart|move: Grassy Terrain|[from] ability: Grassy Surge|[of] p1a: Rillaboom
|-terastallize|p2b: Tyranitar|Flying
|move|p2a: Volcarona|Struggle Bug|p1b: Ursaluna|[spread] p1a,p1b
|-supereffective|p1a: Rillaboom
|-damage|p1a: Rillaboom|65/100
|-damage|p1b: Ursaluna|23/100
|-unboost|p1a: Rillaboom|spa|1
|-unboost|p1b: Ursaluna|spa|1
|move|p2b: Tyranitar|Tera Blast|p1a: Rillaboom|[anim] Tera Blast Flying
|-supereffective|p1a: Rillaboom
|-damage|p1a: Rillaboom|0 fnt
|faint|p1a: Rillaboom
|move|p1b: Ursaluna|Hyper Voice|p2a: Volcarona|[spread] p2a,p2b
|-damage|p2a: Volcarona|69/100
|-damage|p2b: Tyranitar|64/100
|
|-weather|Sandstorm|[upkeep]
|-damage|p2a: Volcarona|63/100|[from] Sandstorm
|-damage|p2b: Tyranitar|58/100|[from] Sandstorm
|-damage|p1b: Ursaluna|16/100|[from] Sandstorm
|-heal|p2a: Volcarona|69/100|[from] Grassy Terrain
|-heal|p1b: Ursaluna|23/100|[from] Grassy Terrain
|-sideend|p2: LordTentacle69|move: Tailwind
|upkeep
|
|t:|1757124425
|switch|p1a: Sneasler|Sneasler, L50, F|89/100
|turn|7
|
|t:|1757124440
|switch|p2b: Indeedee|Indeedee, L50, M|61/100
|-fieldstart|move: Psychic Terrain|[from] ability: Psychic Surge|[of] p2b: Indeedee
|move|p1a: Sneasler|Dire Claw|p2b: Indeedee
|-damage|p2b: Indeedee|0 fnt
|faint|p2b: Indeedee
|move|p2a: Volcarona|Tailwind|p2a: Volcarona
|-sidestart|p2: LordTentacle69|move: Tailwind
|move|p1b: Ursaluna|Hyper Voice|p2a: Volcarona
|-damage|p2a: Volcarona|32/100
|-enditem|p2a: Volcarona|Sitrus Berry|[eat]
|-heal|p2a: Volcarona|57/100|[from] item: Sitrus Berry
|
|-weather|Sandstorm|[upkeep]
|-damage|p2a: Volcarona|51/100|[from] Sandstorm
|-damage|p1a: Sneasler|83/100|[from] Sandstorm
|-damage|p1b: Ursaluna|16/100|[from] Sandstorm
|upkeep
|
|t:|1757124450
|switch|p2b: Tyranitar|Tyranitar, L50, F, tera:Flying|58/100
|turn|8
|
|t:|1757124464
|move|p2a: Volcarona|Struggle Bug|p1a: Sneasler|[spread] p1a,p1b
|-resisted|p1a: Sneasler
|-damage|p1a: Sneasler|78/100
|-damage|p1b: Ursaluna|0 fnt
|-unboost|p1a: Sneasler|spa|1
|faint|p1b: Ursaluna
|move|p2b: Tyranitar|Tera Blast|p1a: Sneasler|[anim] Tera Blast Flying
|-supereffective|p1a: Sneasler
|-damage|p1a: Sneasler|0 fnt
|faint|p1a: Sneasler
|
|win|LordTentacle69
|raw|Farigi no Raf's rating: 1366 → 1343(-23 for losing)
|raw|LordTentacle69's rating: 1317 → 1340(+23 for winning)
