|j|☆toughlogvgc
|j|☆Luxerna
|html|toughlogvgcLuxerna    
|uhtml|bestof|Game 2 of a best-of-3
|t:|1783810486
|gametype|doubles
|player|p1|toughlogvgc|170|1225
|player|p2|Luxerna|brendan-contest|1290
|gen|9
|tier|[Gen 9 Champions] VGC 2026 Reg M-B (Bo3)
|rated|
|rule|Species Clause: Limit one of each Pokémon
|rule|Item Clause: Limit 1 of each item
|clearpoke
|poke|p1|Charizard, L50, M|
|poke|p1|Garchomp, L50, M|
|poke|p1|Basculegion, L50, M|
|poke|p1|Whimsicott, L50, F|
|poke|p1|Kingambit, L50, F|
|poke|p1|Floette-Eternal, L50, F|
|poke|p2|Charizard, L50, F, shiny|
|poke|p2|Aerodactyl, L50, F|
|poke|p2|Garchomp, L50, M|
|poke|p2|Sylveon, L50, M, shiny|
|poke|p2|Kingambit, L50, M, shiny|
|poke|p2|Farigiraf, L50, F, shiny|
|teampreview|4
|showteam|p1|Charizard||CharizarditeY|Blaze|HeatWave,SolarBeam,Protect,WeatherBall|Modest||M|||50|]Garchomp||LifeOrb|RoughSkin|DragonClaw,Earthquake,RockSlide,Protect|Jolly||M|||50|]Basculegion||ChoiceScarf|Adaptability|WaveCrash,AquaJet,FlipTurn,LastRespects|Adamant||M|||50|]Whimsicott||FocusSash|Prankster|Moonblast,Tailwind,Protect,Encore|Timid||F|||50|]Kingambit||BlackGlasses|Defiant|IronHead,KowtowCleave,Protect,SuckerPunch|Adamant||F|||50|]Floette-Eternal||Floettite|FlowerVeil|Moonblast,LightofRuin,DazzlingGleam,Protect|Modest||F|||50|
|showteam|p2|Charizard||CharizarditeY|Blaze|Protect,HeatWave,SolarBeam,WeatherBall|Modest||F|||50|]Aerodactyl||Aerodactylite|Unnerve|Tailwind,RockSlide,DualWingbeat,IceFang|Jolly||F|||50|]Garchomp||LifeOrb|RoughSkin|Protect,DragonClaw,Earthquake,StompingTantrum|Jolly||M|||50|]Sylveon||FairyFeather|Pixilate|Protect,HyperVoice,HyperBeam,QuickAttack|Modest||M|||50|]Kingambit||FocusSash|Defiant|SuckerPunch,KowtowCleave,IronHead,LowKick|Adamant||M|||50|]Farigiraf||SitrusBerry|ArmorTail|Protect,Psychic,Thunderbolt,TrickRoom|Bold||F|||50|
|
|t:|1783810495
|teamsize|p1|4
|teamsize|p2|4
|start
|switch|p1a: Whimsicott|Whimsicott, L50, F|100/100
|switch|p1b: Floette|Floette-Eternal, L50, F|100/100
|switch|p2a: Aerodactyl|Aerodactyl, L50, F|100/100
|switch|p2b: Kingambit|Kingambit, L50, M, shiny|100/100
|-ability|p2a: Aerodactyl|Unnerve
|turn|1
|
|t:|1783810506
|detailschange|p2a: Aerodactyl|Aerodactyl-Mega, L50, F
|-mega|p2a: Aerodactyl|Aerodactyl|Aerodactylite
|detailschange|p1b: Floette|Floette-Mega, L50, F
|-mega|p1b: Floette|Floette|Floettite
|-ability|p1b: Floette|Fairy Aura
|move|p1a: Whimsicott|Tailwind|p1a: Whimsicott
|-sidestart|p1: toughlogvgc|move: Tailwind
|move|p1b: Floette|Light of Ruin|p2b: Kingambit
|-enditem|p2b: Kingambit|Focus Sash
|-damage|p2b: Kingambit|1/100
|-damage|p1b: Floette|44/100|[from] Recoil
|move|p2a: Aerodactyl|Dual Wingbeat|p1a: Whimsicott
|-supereffective|p1a: Whimsicott|1
|-damage|p1a: Whimsicott|29/100
|-supereffective|p1a: Whimsicott|1
|-damage|p1a: Whimsicott|0 fnt
|faint|p1a: Whimsicott
|-hitcount|p1: Whimsicott|2
|move|p2b: Kingambit|Iron Head|p1b: Floette
|-supereffective|p1b: Floette|1
|-damage|p1b: Floette|0 fnt
|faint|p1b: Floette
|
|upkeep
|
|t:|1783810526
|switch|p1a: Basculegion|Basculegion, L50, M|100/100
|switch|p1b: Kingambit|Kingambit, L50, F|100/100
|turn|2
|
|t:|1783810540
|switch|p2a: Farigiraf|Farigiraf, L50, F, shiny|100/100
|move|p1a: Basculegion|Aqua Jet||[still]
|cant|p2a: Farigiraf|ability: Armor Tail|Aqua Jet|[of] p1a: Basculegion
|move|p2b: Kingambit|Sucker Punch||[still]
|-fail|p2b: Kingambit
|move|p1b: Kingambit|Iron Head|p2a: Farigiraf
|-damage|p2a: Farigiraf|61/100
|
|upkeep
|turn|3
|
|t:|1783810559
|move|p1a: Basculegion|Aqua Jet||[still]
|cant|p2a: Farigiraf|ability: Armor Tail|Aqua Jet|[of] p1a: Basculegion
|move|p1b: Kingambit|Kowtow Cleave|p2a: Farigiraf
|-supereffective|p2a: Farigiraf|1
|-damage|p2a: Farigiraf|0 fnt
|faint|p2a: Farigiraf
|move|p2b: Kingambit|Low Kick|p1b: Kingambit
|-supereffective|p1b: Kingambit|2
|-damage|p1b: Kingambit|0 fnt
|faint|p1b: Kingambit
|
|upkeep
|
|t:|1783810566
|switch|p2a: Sylveon|Sylveon, L50, M, shiny|100/100
|turn|4
|
|t:|1783810572
|move|p1a: Basculegion|Aqua Jet|p2b: Kingambit
|-damage|p2b: Kingambit|0 fnt
|faint|p2b: Kingambit
|move|p2a: Sylveon|Hyper Voice|p1a: Basculegion
|-damage|p1a: Basculegion|35/100
|
|-sideend|p1: toughlogvgc|move: Tailwind
|upkeep
|
|t:|1783810575
|switch|p2b: Aerodactyl|Aerodactyl-Mega, L50, F|100/100
|turn|5
|
|t:|1783810581
|move|p1a: Basculegion|Aqua Jet|p2b: Aerodactyl
|-supereffective|p2b: Aerodactyl|1
|-damage|p2b: Aerodactyl|42/100
|move|p2b: Aerodactyl|Dual Wingbeat|p1a: Basculegion|[miss]
|-miss|p2b: Aerodactyl|p1a: Basculegion
|move|p2a: Sylveon|Hyper Voice|p1a: Basculegion
|-damage|p1a: Basculegion|0 fnt
|faint|p1a: Basculegion
|
|win|Luxerna
|raw|toughlogvgc's rating: 1225 → 1205(-20 for losing)
|raw|Luxerna's rating: 1290 → 1310(+20 for winning)
