|j|☆ryanpowneyissoslay
|j|☆cynthia's grippers
|html|ryanpowneyissoslaycynthia's grippers    
|uhtml|bestof|Game 3 of a best-of-3
|t:|1756150933
|gametype|doubles
|player|p1|ryanpowneyissoslay|ghetsis|
|player|p2|cynthia's grippers|cynthia-gen4|
|gen|9
|tier|[Gen 9] VGC 2025 Reg H (Bo3)
|rule|Species Clause: Limit one of each Pokémon
|rule|Item Clause: Limit 1 of each item
|clearpoke
|poke|p1|Annihilape, L50, M|
|poke|p1|Maushold, L50|
|poke|p1|Pelipper, L50, M|
|poke|p1|Archaludon, L50, M|
|poke|p1|Basculegion, L50, M|
|poke|p1|Amoonguss, L50, F|
|poke|p2|Charizard, L50, F|
|poke|p2|Torkoal, L50, M|
|poke|p2|Porygon2, L50|
|poke|p2|Incineroar, L50, F|
|poke|p2|Jumpluff, L50, M|
|poke|p2|Ursaluna, L50, F|
|teampreview|4
|showteam|p1|Annihilape||SpellTag|Defiant|DrainPunch,RageFist,BulkUp,Protect|||M|||50|,,,,,Water]Maushold||SafetyGoggles|FriendGuard|BeatUp,FollowMe,Taunt,Protect||||||50|,,,,,Ghost]Pelipper||FocusSash|Drizzle|MuddyWater,Hurricane,Tailwind,Protect|||M|||50|,,,,,Stellar]Archaludon||AssaultVest|Stamina|ElectroShot,BodyPress,Snarl,DragonPulse|||M|||50|,,,,,Bug]Basculegion||ChoiceBand|SwiftSwim|WaveCrash,LastRespects,FlipTurn,AquaJet|||M|||50|,,,,,Water]Amoonguss||SitrusBerry|Regenerator|Spore,RagePowder,PollenPuff,Protect|||F|||50|,,,,,Water
|showteam|p2|Charizard||ChoiceSpecs|SolarPower|HeatWave,Overheat,WeatherBall,AirSlash|||F|||50|,,,,,Ghost]Torkoal||EjectPack|Drought|Eruption,Overheat,HelpingHand,Protect|||M|||50|,,,,,Fire]Porygon2||Eviolite|Download|TeraBlast,IceBeam,Recover,TrickRoom||||||50|,,,,,Fighting]Incineroar||SitrusBerry|Intimidate|FlareBlitz,KnockOff,FakeOut,PartingShot|||F|||50|,,,,,Ghost]Jumpluff||CovertCloak|Chlorophyll|SleepPowder,SunnyDay,RagePowder,Tailwind|||M|||50|,,,,,Water]Ursaluna||FlameOrb|Guts|HeadlongRush,Facade,Earthquake,Protect|||F|||50|,,,,,Ghost
|inactive|Battle timer is ON: inactive players will automatically lose when time's up. (requested by ryanpowneyissoslay)
|
|t:|1756150947
|teamsize|p1|4
|teamsize|p2|4
|start
|switch|p1a: Basculegion|Basculegion, L50, M|100/100
|switch|p1b: Maushold|Maushold, L50|100/100
|switch|p2a: Porygon2|Porygon2, L50|100/100
|switch|p2b: Jumpluff|Jumpluff, L50, M|100/100
|-ability|p2a: Porygon2|Download|boost
|-boost|p2a: Porygon2|atk|1
|turn|1
|
|t:|1756150966
|move|p2b: Jumpluff|Rage Powder|p2b: Jumpluff
|-singleturn|p2b: Jumpluff|move: Rage Powder
|move|p1b: Maushold|Taunt|p2b: Jumpluff
|-start|p2b: Jumpluff|move: Taunt
|move|p1a: Basculegion|Flip Turn|p2b: Jumpluff
|-resisted|p2b: Jumpluff
|-damage|p2b: Jumpluff|71/100
|
|t:|1756150971
|switch|p1a: Amoonguss|Amoonguss, L50, F|100/100|[from] Flip Turn
|move|p2a: Porygon2|Trick Room|p2a: Porygon2
|-fieldstart|move: Trick Room|[of] p2a: Porygon2
|
|upkeep
|turn|2
|
|t:|1756150988
|switch|p2a: Ursaluna|Ursaluna, L50, F|100/100
|switch|p2b: Torkoal|Torkoal, L50, M|100/100
|-weather|SunnyDay|[from] ability: Drought|[of] p2b: Torkoal
|switch|p1b: Basculegion|Basculegion, L50, M|100/100
|move|p1a: Amoonguss|Spore|p2a: Ursaluna
|-status|p2a: Ursaluna|slp|[from] move: Spore
|
|-weather|SunnyDay|[upkeep]
|upkeep
|turn|3
|inactive|cynthia's grippers has 30 seconds left.
|
|t:|1756151014
|-terastallize|p1a: Amoonguss|Water
|move|p2b: Torkoal|Overheat|p1a: Amoonguss
|-resisted|p1a: Amoonguss
|-damage|p1a: Amoonguss|62/100
|-unboost|p2b: Torkoal|spa|2
|-enditem|p2b: Torkoal|Eject Pack
|
|t:|1756151022
|switch|p2b: Jumpluff|Jumpluff, L50, M|71/100
|move|p1a: Amoonguss|Spore|p2b: Jumpluff
|-immune|p2b: Jumpluff
|cant|p2a: Ursaluna|slp
|move|p1b: Basculegion|Flip Turn|p2a: Ursaluna
|-supereffective|p2a: Ursaluna
|-damage|p2a: Ursaluna|66/100 slp
|
|t:|1756151027
|switch|p1b: Pelipper|Pelipper, L50, M|100/100|[from] Flip Turn
|-weather|RainDance|[from] ability: Drizzle|[of] p1b: Pelipper
|
|-weather|RainDance|[upkeep]
|upkeep
|turn|4
|
|t:|1756151043
|move|p1a: Amoonguss|Rage Powder|p1a: Amoonguss
|-singleturn|p1a: Amoonguss|move: Rage Powder
|cant|p2a: Ursaluna|slp
|move|p1b: Pelipper|Hurricane|p2b: Jumpluff
|-supereffective|p2b: Jumpluff
|-damage|p2b: Jumpluff|0 fnt
|faint|p2b: Jumpluff
|
|-weather|RainDance|[upkeep]
|upkeep
|
|t:|1756151049
|switch|p2b: Torkoal|Torkoal, L50, M|100/100
|-weather|SunnyDay|[from] ability: Drought|[of] p2b: Torkoal
|turn|5
|
|t:|1756151058
|switch|p1b: Basculegion|Basculegion, L50, M|100/100
|move|p1a: Amoonguss|Protect|p1a: Amoonguss
|-singleturn|p1a: Amoonguss|Protect
|move|p2b: Torkoal|Eruption|p1a: Amoonguss|[spread] p1b
|-activate|p1a: Amoonguss|move: Protect
|-resisted|p1b: Basculegion
|-damage|p1b: Basculegion|61/100
|cant|p2a: Ursaluna|slp
|
|-weather|SunnyDay|[upkeep]
|-fieldend|move: Trick Room
|upkeep
|turn|6
|
|t:|1756151071
|switch|p1a: Pelipper|Pelipper, L50, M|100/100
|-weather|RainDance|[from] ability: Drizzle|[of] p1a: Pelipper
|switch|p2b: Porygon2|Porygon2, L50|100/100
|-ability|p2b: Porygon2|Download|boost
|-boost|p2b: Porygon2|spa|1
|-curestatus|p2a: Ursaluna|slp|[msg]
|move|p2a: Ursaluna|Protect|p2a: Ursaluna
|-singleturn|p2a: Ursaluna|Protect
|move|p1b: Basculegion|Flip Turn|p2a: Ursaluna
|-activate|p2a: Ursaluna|move: Protect
|
|-weather|RainDance|[upkeep]
|-status|p2a: Ursaluna|brn|[from] item: Flame Orb
|upkeep
|turn|7
|
|t:|1756151087
|switch|p2a: Torkoal|Torkoal, L50, M|100/100
|-weather|SunnyDay|[from] ability: Drought|[of] p2a: Torkoal
|move|p1b: Basculegion|Flip Turn|p2b: Porygon2
|-damage|p2b: Porygon2|86/100
|
|t:|1756151091
|switch|p1b: Amoonguss|Amoonguss, L50, F, tera:Water|95/100|[from] Flip Turn
|move|p1a: Pelipper|Muddy Water|p2a: Torkoal|[spread] p2a,p2b
|-supereffective|p2a: Torkoal
|-damage|p2a: Torkoal|56/100
|-damage|p2b: Porygon2|77/100
|-unboost|p2b: Porygon2|accuracy|1
|move|p2b: Porygon2|Trick Room|p2b: Porygon2
|-fieldstart|move: Trick Room|[of] p2b: Porygon2
|
|-weather|SunnyDay|[upkeep]
|upkeep
|turn|8
|
|t:|1756151109
|switch|p2a: Ursaluna|Ursaluna, L50, F|66/100 brn
|move|p1b: Amoonguss|Rage Powder|p1b: Amoonguss
|-singleturn|p1b: Amoonguss|move: Rage Powder
|move|p2b: Porygon2|Ice Beam|p1b: Amoonguss|[miss]
|-miss|p2b: Porygon2|p1b: Amoonguss
|move|p1a: Pelipper|Muddy Water|p2b: Porygon2|[spread] p2a,p2b
|-supereffective|p2a: Ursaluna
|-damage|p2a: Ursaluna|36/100 brn
|-damage|p2b: Porygon2|67/100
|-unboost|p2b: Porygon2|accuracy|1
|
|-weather|SunnyDay|[upkeep]
|-damage|p2a: Ursaluna|30/100 brn|[from] brn
|upkeep
|turn|9
|
|t:|1756151134
|switch|p1a: Maushold|Maushold, L50|100/100
|-terastallize|p2a: Ursaluna|Ghost
|move|p1b: Amoonguss|Spore|p2b: Porygon2
|-status|p2b: Porygon2|slp|[from] move: Spore
|cant|p2b: Porygon2|slp
|move|p2a: Ursaluna|Facade|p1b: Amoonguss
|-damage|p1b: Amoonguss|21/100
|-enditem|p1b: Amoonguss|Sitrus Berry|[eat]
|-heal|p1b: Amoonguss|46/100|[from] item: Sitrus Berry
|
|-weather|SunnyDay|[upkeep]
|-damage|p2a: Ursaluna|24/100 brn|[from] brn
|upkeep
|turn|10
|
|t:|1756151150
|switch|p1b: Pelipper|Pelipper, L50, M|100/100
|-weather|RainDance|[from] ability: Drizzle|[of] p1b: Pelipper
|move|p1a: Maushold|Follow Me|p1a: Maushold
|-singleturn|p1a: Maushold|move: Follow Me
|-curestatus|p2b: Porygon2|slp|[msg]
|move|p2b: Porygon2|Ice Beam|p1a: Maushold
|-damage|p1a: Maushold|47/100
|move|p2a: Ursaluna|Facade|p1a: Maushold
|-damage|p1a: Maushold|0 fnt
|faint|p1a: Maushold
|
|-weather|RainDance|[upkeep]
|-damage|p2a: Ursaluna|18/100 brn|[from] brn
|upkeep
|
|t:|1756151166
|switch|p1a: Amoonguss|Amoonguss, L50, F, tera:Water|79/100
|turn|11
|
|t:|1756151181
|switch|p2b: Torkoal|Torkoal, L50, M|56/100
|-weather|SunnyDay|[from] ability: Drought|[of] p2b: Torkoal
|move|p1a: Amoonguss|Spore|p2b: Torkoal
|-status|p2b: Torkoal|slp|[from] move: Spore
|move|p2a: Ursaluna|Facade|p1a: Amoonguss
|-damage|p1a: Amoonguss|0 fnt
|faint|p1a: Amoonguss
|move|p1b: Pelipper|Hurricane|p2a: Ursaluna
|-damage|p2a: Ursaluna|0 fnt
|faint|p2a: Ursaluna
|
|-weather|SunnyDay|[upkeep]
|-fieldend|move: Trick Room
|upkeep
|
|t:|1756151190
|switch|p2a: Porygon2|Porygon2, L50|67/100
|switch|p1a: Basculegion|Basculegion, L50, M|61/100
|-ability|p2a: Porygon2|Download|boost
|-boost|p2a: Porygon2|spa|1
|turn|12
|
|t:|1756151211
|cant|p2b: Torkoal|slp
|move|p1a: Basculegion|Wave Crash|p2b: Torkoal
|-supereffective|p2b: Torkoal
|-damage|p2b: Torkoal|0 fnt
|faint|p2b: Torkoal
|-damage|p1a: Basculegion|44/100|[from] Recoil
|move|p1b: Pelipper|Hurricane|p2a: Porygon2
|-damage|p2a: Porygon2|33/100
|move|p2a: Porygon2|Trick Room|p2a: Porygon2
|-fieldstart|move: Trick Room|[of] p2a: Porygon2
|
|-weather|SunnyDay|[upkeep]
|upkeep
|turn|13
|
|t:|1756151222
|move|p2a: Porygon2|Recover|p2a: Porygon2
|-heal|p2a: Porygon2|83/100
|move|p1b: Pelipper|Hurricane|p2a: Porygon2|[miss]
|-miss|p1b: Pelipper|p2a: Porygon2
|move|p1a: Basculegion|Wave Crash|p2a: Porygon2
|-damage|p2a: Porygon2|53/100
|-damage|p1a: Basculegion|34/100|[from] Recoil
|
|-weather|SunnyDay|[upkeep]
|upkeep
|turn|14
|
|t:|1756151232
|move|p2a: Porygon2|Recover|p2a: Porygon2
|-heal|p2a: Porygon2|100/100
|move|p1b: Pelipper|Hurricane|p2a: Porygon2
|-damage|p2a: Porygon2|65/100
|move|p1a: Basculegion|Wave Crash|p2a: Porygon2
|-damage|p2a: Porygon2|34/100
|-damage|p1a: Basculegion|24/100|[from] Recoil
|
|-weather|SunnyDay|[upkeep]
|upkeep
|turn|15
|
|t:|1756151242
|move|p2a: Porygon2|Recover|p2a: Porygon2
|-heal|p2a: Porygon2|84/100
|move|p1b: Pelipper|Hurricane|p2a: Porygon2|[miss]
|-miss|p1b: Pelipper|p2a: Porygon2
|move|p1a: Basculegion|Wave Crash|p2a: Porygon2
|-damage|p2a: Porygon2|54/100
|-damage|p1a: Basculegion|15/100|[from] Recoil
|
|-weather|none
|upkeep
|turn|16
|
|t:|1756151252
|move|p2a: Porygon2|Ice Beam|p1a: Basculegion
|-resisted|p1a: Basculegion
|-damage|p1a: Basculegion|0 fnt
|faint|p1a: Basculegion
|move|p1b: Pelipper|Hurricane|p2a: Porygon2|[miss]
|-miss|p1b: Pelipper|p2a: Porygon2
|
|-fieldend|move: Trick Room
|upkeep
|turn|17
|
|t:|1756151263
|move|p1b: Pelipper|Hurricane|p2a: Porygon2|[miss]
|-miss|p1b: Pelipper|p2a: Porygon2
|move|p2a: Porygon2|Trick Room|p2a: Porygon2
|-fieldstart|move: Trick Room|[of] p2a: Porygon2
|
|upkeep
|turn|18
|
|t:|1756151268
|move|p2a: Porygon2|Recover|p2a: Porygon2
|-heal|p2a: Porygon2|100/100
|move|p1b: Pelipper|Hurricane|p2a: Porygon2
|-damage|p2a: Porygon2|69/100
|
|upkeep
|turn|19
|
|t:|1756151273
|move|p2a: Porygon2|Tera Blast|p1b: Pelipper
|-enditem|p1b: Pelipper|Focus Sash
|-damage|p1b: Pelipper|1/100
|move|p1b: Pelipper|Hurricane|p2a: Porygon2
|-damage|p2a: Porygon2|35/100
|
|upkeep
|turn|20
|
|t:|1756151277
|move|p1b: Pelipper|Protect|p1b: Pelipper
|-singleturn|p1b: Pelipper|Protect
|move|p2a: Porygon2|Tera Blast|p1b: Pelipper
|-activate|p1b: Pelipper|move: Protect
|
|upkeep
|turn|21
|
|t:|1756151285
|move|p2a: Porygon2|Recover|p2a: Porygon2
|-heal|p2a: Porygon2|85/100
|move|p1b: Pelipper|Hurricane|p2a: Porygon2
|-damage|p2a: Porygon2|55/100
|
|-fieldend|move: Trick Room
|upkeep
|turn|22
|
|t:|1756151292
|move|p1b: Pelipper|Hurricane|p2a: Porygon2
|-damage|p2a: Porygon2|20/100
|move|p2a: Porygon2|Tera Blast|p1b: Pelipper
|-damage|p1b: Pelipper|0 fnt
|faint|p1b: Pelipper
|
|win|cynthia's grippers
|l|☆ryanpowneyissoslay
|player|p1|
