|j|☆Fireboule
|j|☆glitterckvamp
|html|Firebouleglitterckvamp    
|uhtml|bestof|Game 2 of a best-of-3
|t:|1757776103
|gametype|doubles
|player|p1|Fireboule|bugcatcher-gen4dp|
|player|p2|glitterckvamp|artist-gen4|
|gen|9
|tier|[Gen 9] VGC 2025 Reg H (Bo3)
|rule|Species Clause: Limit one of each Pokémon
|rule|Item Clause: Limit 1 of each item
|clearpoke
|poke|p1|Incineroar, L50, M|
|poke|p1|Amoonguss, L50, F|
|poke|p1|Ursaluna-Bloodmoon, L50, M|
|poke|p1|Sneasler, L50, F|
|poke|p1|Gholdengo, L50|
|poke|p1|Dragonite, L50, F|
|poke|p2|Kingambit, L50, M|
|poke|p2|Mimikyu, L50, F|
|poke|p2|Ursaluna-Bloodmoon, L50, M|
|poke|p2|Sneasler, L50, M|
|poke|p2|Volcarona, L50, F|
|poke|p2|Farigiraf, L50, F|
|teampreview|4
|showteam|p1|Incineroar||SafetyGoggles|Intimidate|FlareBlitz,KnockOff,PartingShot,FakeOut|||M|||50|,,,,,Ghost]Amoonguss||SitrusBerry|Regenerator|Spore,RagePowder,PollenPuff,Protect|||F|||50|,,,,,Psychic]Ursaluna-Bloodmoon||AssaultVest|MindsEye|HyperVoice,BloodMoon,EarthPower,VacuumWave|||M|||50|,,,,,Water]Sneasler||FocusSash|Unburden|CloseCombat,DireClaw,ThroatChop,Protect|||F|||50|,,,,,Stellar]Gholdengo||LifeOrb|GoodasGold|MakeItRain,ShadowBall,NastyPlot,Protect||||||50|,,,,,Water]Dragonite||LoadedDice|Multiscale|ScaleShot,Tailwind,Haze,Protect|||F|||50|,,,,,Fairy
|showteam|p2|Kingambit||SafetyGoggles|Defiant|KowtowCleave,SuckerPunch,SwordsDance,Protect|||M|||50|,,,,,Dark]Mimikyu||LifeOrb|Disguise|TrickRoom,ShadowClaw,WoodHammer,DrainPunch|||F|||50|,,,,,Grass]Ursaluna-Bloodmoon||SilkScarf|MindsEye|BloodMoon,EarthPower,Protect,HyperVoice|||M|||50|,,,,,Normal]Sneasler||WhiteHerb|Unburden|DireClaw,Taunt,CloseCombat,Coaching|||M|||50|,,,,,Dark]Volcarona||Leftovers|FlameBody|Flamethrower,BugBuzz,QuiverDance,Protect|||F|||50|,,,,,Dragon]Farigiraf||CovertCloak|ArmorTail|HelpingHand,Imprison,TrickRoom,TwinBeam|||F|||50|,,,,,Fairy
|
|t:|1757776121
|teamsize|p1|4
|teamsize|p2|4
|start
|switch|p1a: Dragonite|Dragonite, L50, F|100/100
|switch|p1b: Sneasler|Sneasler, L50, F|100/100
|switch|p2a: Annabelle|Mimikyu, L50, F, shiny|100/100
|switch|p2b: Dead Moon|Ursaluna-Bloodmoon, L50, M|100/100
|turn|1
|
|t:|1757776138
|move|p2b: Dead Moon|Protect|p2b: Dead Moon
|-singleturn|p2b: Dead Moon|Protect
|move|p1b: Sneasler|Dire Claw|p2a: Annabelle
|-activate|p2a: Annabelle|ability: Disguise
|-damage|p2a: Annabelle|100/100
|-status|p2a: Annabelle|psn
|detailschange|p2a: Annabelle|Mimikyu-Busted, L50, F, shiny
|-damage|p2a: Annabelle|88/100 psn|[from] pokemon: Mimikyu-Busted
|move|p1a: Dragonite|Scale Shot|p2b: Dead Moon
|-activate|p2b: Dead Moon|move: Protect
|move|p2a: Annabelle|Trick Room|p2a: Annabelle
|-fieldstart|move: Trick Room|[of] p2a: Annabelle
|
|-damage|p2a: Annabelle|76/100 psn|[from] psn
|upkeep
|turn|2
|
|t:|1757776161
|switch|p1b: Incineroar|Incineroar, L50, M|100/100
|-ability|p1b: Incineroar|Intimidate|boost
|-unboost|p2a: Annabelle|atk|1
|-unboost|p2b: Dead Moon|atk|1
|-terastallize|p2b: Dead Moon|Normal
|move|p2b: Dead Moon|Hyper Voice|p1b: Incineroar|[spread] p1a,p1b
|-damage|p1a: Dragonite|67/100
|-damage|p1b: Incineroar|51/100
|move|p2a: Annabelle|Shadow Claw|p1b: Incineroar
|-resisted|p1b: Incineroar
|-damage|p1b: Incineroar|38/100
|-damage|p2a: Annabelle|66/100 psn|[from] item: Life Orb
|move|p1a: Dragonite|Scale Shot|p2b: Dead Moon
|-damage|p2b: Dead Moon|90/100
|-damage|p2b: Dead Moon|79/100
|-damage|p2b: Dead Moon|67/100
|-damage|p2b: Dead Moon|57/100
|-hitcount|p2b: Dead Moon|4
|-unboost|p1a: Dragonite|def|1
|-boost|p1a: Dragonite|spe|1
|
|-damage|p2a: Annabelle|54/100 psn|[from] psn
|upkeep
|turn|3
|
|t:|1757776192
|move|p2b: Dead Moon|Protect|p2b: Dead Moon
|-singleturn|p2b: Dead Moon|Protect
|move|p1b: Incineroar|Fake Out|p2b: Dead Moon
|-activate|p2b: Dead Moon|move: Protect
|move|p2a: Annabelle|Shadow Claw|p1a: Dragonite
|-damage|p1a: Dragonite|18/100
|-damage|p2a: Annabelle|44/100 psn|[from] item: Life Orb
|move|p1a: Dragonite|Scale Shot|p2b: Dead Moon
|-activate|p2b: Dead Moon|move: Protect
|
|-damage|p2a: Annabelle|31/100 psn|[from] psn
|upkeep
|turn|4
|
|t:|1757776207
|switch|p1b: Ursaluna|Ursaluna-Bloodmoon, L50, M|100/100
|switch|p2a: Hellfire|Volcarona, L50, F|100/100
|move|p1a: Dragonite|Protect|p1a: Dragonite
|-singleturn|p1a: Dragonite|Protect
|move|p2b: Dead Moon|Hyper Voice|p1b: Ursaluna|[spread] p1b
|-activate|p1a: Dragonite|move: Protect
|-damage|p1b: Ursaluna|65/100
|
|upkeep
|turn|5
|
|t:|1757776237
|move|p2b: Dead Moon|Hyper Voice|p1b: Ursaluna|[spread] p1a,p1b
|-damage|p1a: Dragonite|0 fnt
|-damage|p1b: Ursaluna|27/100
|faint|p1a: Dragonite
|move|p1b: Ursaluna|Blood Moon|p2b: Dead Moon
|-damage|p2b: Dead Moon|0 fnt
|faint|p2b: Dead Moon
|move|p2a: Hellfire|Quiver Dance|p2a: Hellfire
|-boost|p2a: Hellfire|spa|1
|-boost|p2a: Hellfire|spd|1
|-boost|p2a: Hellfire|spe|1
|
|-fieldend|move: Trick Room
|upkeep
|
|t:|1757776247
|switch|p1a: Incineroar|Incineroar, L50, M|38/100
|switch|p2b: Vegas|Kingambit, L50, M, shiny|100/100
|-ability|p1a: Incineroar|Intimidate|boost
|-unboost|p2a: Hellfire|atk|1
|-unboost|p2b: Vegas|atk|1
|-ability|p2b: Vegas|Defiant|boost
|-boost|p2b: Vegas|atk|2
|turn|6
|
|t:|1757776258
|move|p2a: Hellfire|Protect|p2a: Hellfire
|-singleturn|p2a: Hellfire|Protect
|move|p2b: Vegas|Protect|p2b: Vegas
|-singleturn|p2b: Vegas|Protect
|move|p1a: Incineroar|Flare Blitz|p2b: Vegas
|-activate|p2b: Vegas|move: Protect
|move|p1b: Ursaluna|Earth Power|p2a: Hellfire
|-activate|p2a: Hellfire|move: Protect
|
|upkeep
|turn|7
|
|t:|1757776319
|move|p1b: Ursaluna|Vacuum Wave|p2b: Vegas
|-supereffective|p2b: Vegas
|-damage|p2b: Vegas|53/100
|move|p2b: Vegas|Sucker Punch||[still]
|-fail|p2b: Vegas
|move|p2a: Hellfire|Bug Buzz|p1a: Incineroar
|-damage|p1a: Incineroar|0 fnt
|faint|p1a: Incineroar
|
|upkeep
|
|t:|1757776327
|switch|p1a: Sneasler|Sneasler, L50, F|100/100
|turn|8
|
|t:|1757776345
|move|p2b: Vegas|Protect|p2b: Vegas
|-singleturn|p2b: Vegas|Protect
|move|p1b: Ursaluna|Vacuum Wave|p2b: Vegas
|-activate|p2b: Vegas|move: Protect
|move|p2a: Hellfire|Flamethrower|p1a: Sneasler
|-damage|p1a: Sneasler|16/100
|move|p1a: Sneasler|Dire Claw|p2a: Hellfire
|-damage|p2a: Hellfire|50/100
|-status|p2a: Hellfire|psn
|
|-heal|p2a: Hellfire|57/100 psn|[from] item: Leftovers
|-damage|p2a: Hellfire|44/100 psn|[from] psn
|upkeep
|turn|9
|
|t:|1757776370
|move|p1a: Sneasler|Protect|p1a: Sneasler
|-singleturn|p1a: Sneasler|Protect
|move|p2b: Vegas|Sucker Punch||[still]
|-fail|p2b: Vegas
|move|p2a: Hellfire|Flamethrower|p1b: Ursaluna
|-crit|p1b: Ursaluna
|-damage|p1b: Ursaluna|0 fnt
|faint|p1b: Ursaluna
|
|-heal|p2a: Hellfire|50/100 psn|[from] item: Leftovers
|-damage|p2a: Hellfire|38/100 psn|[from] psn
|upkeep
|turn|10
|
|t:|1757776383
|move|p2b: Vegas|Sucker Punch|p1a: Sneasler
|-resisted|p1a: Sneasler
|-damage|p1a: Sneasler|0 fnt
|faint|p1a: Sneasler
|
|win|glitterckvamp
||Fireboule is ready for game 3.
||glitterckvamp is ready for game 3.
|uhtml|next|Next: Game 3 of 3
