|j|☆Le P VGC
|j|☆uglybeast
|html|Le P VGCuglybeast    
|uhtml|bestof|Game 3 of a best-of-3
|t:|1756668499
|gametype|doubles
|player|p1|Le P VGC|lucian|1285
|player|p2|uglybeast|lucas|1344
|gen|9
|tier|[Gen 9] VGC 2025 Reg H (Bo3)
|rated|
|rule|Species Clause: Limit one of each Pokémon
|rule|Item Clause: Limit 1 of each item
|clearpoke
|poke|p1|Ursaluna, L50, M|
|poke|p1|Gholdengo, L50|
|poke|p1|Incineroar, L50, F|
|poke|p1|Porygon2, L50|
|poke|p1|Hydreigon, L50, F|
|poke|p1|Amoonguss, L50, M|
|poke|p2|Murkrow, L50, M|
|poke|p2|Ursaluna-Bloodmoon, L50, M|
|poke|p2|Sneasler, L50, M|
|poke|p2|Dragapult, L50, F|
|poke|p2|Armarouge, L50, M|
|poke|p2|Indeedee-F, L50, F|
|teampreview|4
|showteam|p1|Ursaluna||FlameOrb|Guts|Earthquake,Facade,HeadlongRush,Protect|||M|||50|,,,,,Ghost]Gholdengo||LifeOrb|GoodasGold|MakeItRain,ShadowBall,NastyPlot,Protect||||||50|,,,,,Water]Incineroar||SitrusBerry|Intimidate|FakeOut,FlareBlitz,KnockOff,PartingShot|||F|||50|,,,,,Ghost]Porygon2||Eviolite|Download|TeraBlast,TrickRoom,Recover,IceBeam||||||50|,,,,,Fighting]Hydreigon||SafetyGoggles|Levitate|DracoMeteor,Tailwind,Snarl,Protect|||F|||50|,,,,,Ghost]Amoonguss||RockyHelmet|Regenerator|RagePowder,Protect,PollenPuff,Spore|||M|||50|,,,,,Water
|showteam|p2|Murkrow||Eviolite|Prankster|Haze,SunnyDay,Tailwind,BraveBird|||M|||50|,,,,,Ghost]Ursaluna-Bloodmoon||LifeOrb|MindsEye|BloodMoon,HyperVoice,Protect,EarthPower|||M|||50|,,,,,Normal]Sneasler||PsychicSeed|Unburden|ThroatChop,DireClaw,CloseCombat,Protect|||M|||50|,,,,,Dark]Dragapult||ChoiceBand|ClearBody|DragonDarts,Outrage,Uturn,PhantomForce|||F|||50|,,,,,Dragon]Armarouge||PowerHerb|FlashFire|HeatWave,MeteorBeam,ExpandingForce,Protect|||M|||50|,,,,,Grass]Indeedee-F||RockyHelmet|PsychicSurge|DazzlingGleam,FollowMe,HelpingHand,TrickRoom|||F|||50|,,,,,Grass
|j| skyvald
|inactive|Battle timer is ON: inactive players will automatically lose when time's up. (requested by Le P VGC)
|inactive|uglybeast has 60 seconds left.
|
|t:|1756668559
|teamsize|p1|4
|teamsize|p2|4
|start
|switch|p1a: Gholdengo|Gholdengo, L50|100/100
|switch|p1b: Incineroar|Incineroar, L50, F|100/100
|switch|p2a: Blade|Indeedee-F, L50, F|100/100
|switch|p2b: Laz|Dragapult, L50, F|100/100
|-fieldstart|move: Psychic Terrain|[from] ability: Psychic Surge|[of] p2a: Blade
|-ability|p1b: Incineroar|Intimidate|boost
|-unboost|p2a: Blade|atk|1
|-fail|p2b: Laz|unboost|[from] ability: Clear Body|[of] p2b: Laz
|turn|1
|inactive|uglybeast has 30 seconds left.
|
|t:|1756668593
|-terastallize|p2b: Laz|Dragon
|move|p2a: Blade|Follow Me|p2a: Blade
|-singleturn|p2a: Blade|move: Follow Me
|move|p2b: Laz|Outrage|p1a: Gholdengo
|-resisted|p1a: Gholdengo
|-damage|p1a: Gholdengo|33/100
|move|p1a: Gholdengo|Make It Rain|p2b: Laz|[spread] p2a,p2b
|-damage|p2a: Blade|43/100
|-damage|p2b: Laz|18/100
|-unboost|p1a: Gholdengo|spa|1
|-damage|p1a: Gholdengo|23/100|[from] item: Life Orb
|move|p1b: Incineroar|Knock Off|p2a: Blade
|-supereffective|p2a: Blade
|-damage|p2a: Blade|0 fnt
|-damage|p1b: Incineroar|84/100|[from] item: Rocky Helmet|[of] p2a: Blade
|-enditem|p2a: Blade|Rocky Helmet|[from] move: Knock Off|[of] p1b: Incineroar
|faint|p2a: Blade
|
|upkeep
|
|t:|1756668614
|switch|p2a: Anagnoman|Sneasler, L50, M|100/100
|-enditem|p2a: Anagnoman|Psychic Seed
|-boost|p2a: Anagnoman|spd|1|[from] item: Psychic Seed
|turn|2
|
|t:|1756668626
|switch|p1a: Amoonguss|Amoonguss, L50, M|100/100
|-terastallize|p1b: Incineroar|Ghost
|move|p2a: Anagnoman|Close Combat|p1b: Incineroar
|-immune|p1b: Incineroar
|move|p2b: Laz|Outrage|p1a: Amoonguss|[from] lockedmove
|-damage|p1a: Amoonguss|0 fnt
|-damage|p2b: Laz|2/100|[from] item: Rocky Helmet|[of] p1a: Amoonguss
|faint|p1a: Amoonguss
|move|p1b: Incineroar|Parting Shot|p2a: Anagnoman
|-unboost|p2a: Anagnoman|atk|1
|-unboost|p2a: Anagnoman|spa|1
|
|t:|1756668641
|switch|p1b: Gholdengo|Gholdengo, L50|23/100|[from] Parting Shot
|
|upkeep
|
|t:|1756668645
|switch|p1a: Incineroar|Incineroar, L50, F, tera:Ghost|84/100
|-ability|p1a: Incineroar|Intimidate|boost
|-unboost|p2a: Anagnoman|atk|1
|-fail|p2b: Laz|unboost|[from] ability: Clear Body|[of] p2b: Laz
|turn|3
|
|t:|1756668653
|move|p2a: Anagnoman|Protect|p2a: Anagnoman
|-singleturn|p2a: Anagnoman|Protect
|move|p1b: Gholdengo|Protect|p1b: Gholdengo
|-singleturn|p1b: Gholdengo|Protect
|move|p2b: Laz|Outrage|p1b: Gholdengo|[from] lockedmove
|-activate|p1b: Gholdengo|move: Protect
|-start|p2b: Laz|confusion|[fatigue]
|move|p1a: Incineroar|Knock Off|p2b: Laz
|-damage|p2b: Laz|0 fnt
|-enditem|p2b: Laz|Choice Band|[from] move: Knock Off|[of] p1a: Incineroar
|faint|p2b: Laz
|
|upkeep
|
|t:|1756668660
|switch|p2b: Giandam|Armarouge, L50, M|100/100
|turn|4
|inactive|uglybeast has 30 seconds left.
|inactive|uglybeast has 20 seconds left.
|
|t:|1756668697
|switch|p1b: Hydreigon|Hydreigon, L50, F|100/100
|move|p2a: Anagnoman|Throat Chop|p1a: Incineroar
|-supereffective|p1a: Incineroar
|-damage|p1a: Incineroar|62/100
|-start|p1a: Incineroar|Throat Chop|[silent]
|move|p2b: Giandam|Meteor Beam||[still]
|-prepare|p2b: Giandam|Meteor Beam
|-boost|p2b: Giandam|spa|1
|-enditem|p2b: Giandam|Power Herb
|-anim|p2b: Giandam|Meteor Beam|p1b: Hydreigon
|-damage|p1b: Hydreigon|25/100
|cant|p1a: Incineroar|move: Throat Chop
|
|upkeep
|turn|5
|inactive|Le P VGC has 30 seconds left.
|
|t:|1756668723
|move|p2a: Anagnoman|Close Combat|p1b: Hydreigon
|-supereffective|p1b: Hydreigon
|-crit|p1b: Hydreigon
|-damage|p1b: Hydreigon|0 fnt
|-unboost|p2a: Anagnoman|def|1
|-unboost|p2a: Anagnoman|spd|1
|faint|p1b: Hydreigon
|move|p2b: Giandam|Heat Wave|p1a: Incineroar
|-damage|p1a: Incineroar|0 fnt
|faint|p1a: Incineroar
|
|-fieldend|move: Psychic Terrain
|upkeep
|-message|Le P VGC forfeited.
|
|win|uglybeast
|raw|Le P VGC's rating: 1285 → 1264(-21 for losing)
|raw|uglybeast's rating: 1344 → 1361(+17 for winning)
|l|☆Le P VGC
|player|p1|
|c|☆uglybeast|ggs
|l| skyvald
