|j|☆zzsachi
|j|☆SHyperdestroyerVGC
|html|zzsachiSHyperdestroyerVGC    
|uhtml|bestof|Game 2 of a best-of-3
|t:|1785508616
|gametype|doubles
|player|p1|zzsachi|169|1215
|player|p2|SHyperdestroyerVGC|lady|1299
|gen|9
|tier|[Gen 9 Champions] VGC 2026 Reg M-B (Bo3)
|rated|
|rule|Species Clause: Limit one of each Pokémon
|rule|Item Clause: Limit 1 of each item
|clearpoke
|poke|p1|Whimsicott, L50, F|
|poke|p1|Garchomp, L50, M|
|poke|p1|Kingambit, L50, F|
|poke|p1|Staraptor, L50, F|
|poke|p1|Glimmora, L50, F|
|poke|p1|Delphox, L50, M|
|poke|p2|Froslass, L50, F|
|poke|p2|Kingambit, L50, M|
|poke|p2|Sneasler, L50, F|
|poke|p2|Talonflame, L50, M|
|poke|p2|Garchomp, L50, F|
|poke|p2|Sinistcha, L50|
|teampreview|4
|showteam|p1|Whimsicott||OccaBerry|Prankster|Moonblast,Tailwind,Charm,LightScreen|Modest||F|||50|]Garchomp||LifeOrb|RoughSkin|DragonClaw,Earthquake,RockSlide,Protect|Jolly||M|||50|]Kingambit||ChopleBerry|Defiant|LowKick,SuckerPunch,KowtowCleave,IronHead|Adamant||F|||50|]Staraptor||Staraptite|Intimidate|CloseCombat,BraveBird,Roost,Protect|Jolly||F|||50|]Glimmora||FocusSash|ToxicDebris|SpikyShield,SludgeBomb,EarthPower,PowerGem|Modest||F|||50|]Delphox||Delphoxite|Blaze|HeatWave,Psychic,Substitute,Protect|Timid||M|||50|
|showteam|p2|Froslass||Froslassite|SnowCloak|Blizzard,AuroraVeil,ShadowBall,Protect|Modest||F|||50|]Kingambit||ChopleBerry|Defiant|KowtowCleave,SuckerPunch,IronHead,Protect|Adamant||M|||50|]Sneasler||WhiteHerb|Unburden|FakeOut,CloseCombat,DireClaw,Protect|Adamant||F|||50|]Talonflame||FocusSash|GaleWings|DualWingbeat,FlareBlitz,Tailwind,Protect|Jolly||M|||50|]Garchomp||LifeOrb|RoughSkin|DragonClaw,Earthquake,RockSlide,Protect|Jolly||F|||50|]Sinistcha||OccaBerry|Hospitality|MatchaGotcha,TrickRoom,RagePowder,Protect|Calm|||||50|
|
|t:|1785508629
|teamsize|p1|4
|teamsize|p2|4
|start
|switch|p1a: Whimsicott|Whimsicott, L50, F|100/100
|switch|p1b: Glimmora|Glimmora, L50, F|100/100
|switch|p2a: Talonflame|Talonflame, L50, M|100/100
|switch|p2b: Garchomp|Garchomp, L50, F|100/100
|turn|1
|
|t:|1785508668
|move|p2a: Talonflame|Protect|p2a: Talonflame
|-singleturn|p2a: Talonflame|Protect
|move|p1a: Whimsicott|Tailwind|p1a: Whimsicott
|-sidestart|p1: zzsachi|move: Tailwind
|move|p1b: Glimmora|Power Gem|p2a: Talonflame
|-activate|p2a: Talonflame|move: Protect
|move|p2b: Garchomp|Earthquake|p1a: Whimsicott|[spread] p1a,p1b
|-activate|p2a: Talonflame|move: Protect
|-resisted|p1a: Whimsicott|1
|-supereffective|p1b: Glimmora|2
|-damage|p1a: Whimsicott|76/100
|-enditem|p1b: Glimmora|Focus Sash
|-damage|p1b: Glimmora|1/100
|-activate|p1b: Glimmora|ability: Toxic Debris
|-sidestart|p2: SHyperdestroyerVGC|move: Toxic Spikes
|-damage|p2b: Garchomp|90/100|[from] item: Life Orb
|
|upkeep
|turn|2
|
|t:|1785508695
|switch|p2a: Sneasler|Sneasler, L50, F|100/100
|-sideend|p2: SHyperdestroyerVGC|move: Toxic Spikes|[of] p2a: Sneasler
|move|p2b: Garchomp|Protect|p2b: Garchomp
|-singleturn|p2b: Garchomp|Protect
|move|p1b: Glimmora|Power Gem|p2a: Sneasler
|-resisted|p2a: Sneasler|1
|-crit|p2a: Sneasler
|-damage|p2a: Sneasler|52/100
|move|p1a: Whimsicott|Moonblast|p2b: Garchomp
|-activate|p2b: Garchomp|move: Protect
|
|upkeep
|turn|3
|
|t:|1785508715
|switch|p2b: Sinistcha|Sinistcha, L50|100/100
|-heal|p2a: Sneasler|77/100|[from] ability: Hospitality|[of] p2b: Sinistcha
|move|p1b: Glimmora|Earth Power|p2a: Sneasler
|-supereffective|p2a: Sneasler|1
|-damage|p2a: Sneasler|0 fnt
|faint|p2a: Sneasler
|move|p1a: Whimsicott|Moonblast|p2b: Sinistcha
|-damage|p2b: Sinistcha|69/100
|
|upkeep
|
|t:|1785508722
|switch|p2a: Garchomp|Garchomp, L50, F|90/100
|turn|4
|
|t:|1785508745
|move|p2a: Garchomp|Protect|p2a: Garchomp
|-singleturn|p2a: Garchomp|Protect
|move|p1b: Glimmora|Sludge Bomb|p2a: Garchomp
|-activate|p2a: Garchomp|move: Protect
|move|p1a: Whimsicott|Moonblast|p2a: Garchomp
|-activate|p2a: Garchomp|move: Protect
|move|p2b: Sinistcha|Trick Room|p2b: Sinistcha
|-fieldstart|move: Trick Room|[of] p2b: Sinistcha
|
|-sideend|p1: zzsachi|move: Tailwind
|upkeep
|turn|5
|
|t:|1785508761
|switch|p2a: Talonflame|Talonflame, L50, M|100/100
|move|p2b: Sinistcha|Matcha Gotcha|p1a: Whimsicott|[spread] p1a,p1b
|-resisted|p1a: Whimsicott|1
|-damage|p1a: Whimsicott|59/100
|-heal|p2b: Sinistcha|76/100|[from] drain|[of] p1a: Whimsicott
|-damage|p1b: Glimmora|0 fnt
|-heal|p2b: Sinistcha|77/100|[from] drain|[of] p1b: Glimmora
|faint|p1b: Glimmora
|move|p1a: Whimsicott|Moonblast|p2a: Talonflame
|-resisted|p2a: Talonflame|1
|-damage|p2a: Talonflame|76/100
|
|upkeep
|
|t:|1785508770
|switch|p1b: Kingambit|Kingambit, L50, F|100/100
|turn|6
|
|t:|1785508781
|move|p2b: Sinistcha|Protect|p2b: Sinistcha
|-singleturn|p2b: Sinistcha|Protect
|move|p1a: Whimsicott|Charm|p2a: Talonflame
|-unboost|p2a: Talonflame|atk|2
|move|p1b: Kingambit|Kowtow Cleave|p2b: Sinistcha
|-activate|p2b: Sinistcha|move: Protect
|move|p2a: Talonflame|Flare Blitz|p1b: Kingambit
|-supereffective|p1b: Kingambit|1
|-damage|p1b: Kingambit|69/100
|-damage|p2a: Talonflame|64/100|[from] Recoil
|
|upkeep
|turn|7
|
|t:|1785508792
|switch|p2b: Garchomp|Garchomp, L50, F|90/100
|move|p1a: Whimsicott|Charm|p2a: Talonflame
|-unboost|p2a: Talonflame|atk|2
|move|p1b: Kingambit|Kowtow Cleave|p2b: Garchomp
|-damage|p2b: Garchomp|42/100
|-damage|p1b: Kingambit|57/100|[from] ability: Rough Skin|[of] p2b: Garchomp
|move|p2a: Talonflame|Flare Blitz|p1a: Whimsicott
|-supereffective|p1a: Whimsicott|1
|-enditem|p1a: Whimsicott|Occa Berry|[eat]
|-enditem|p1a: Whimsicott|Occa Berry|[weaken]
|-damage|p1a: Whimsicott|45/100
|-status|p1a: Whimsicott|brn
|-damage|p2a: Talonflame|59/100|[from] Recoil
|
|-damage|p1a: Whimsicott|39/100 brn|[from] brn
|upkeep
|turn|8
|
|t:|1785508824
|switch|p2a: Sinistcha|Sinistcha, L50|77/100
|-heal|p2b: Garchomp|67/100|[from] ability: Hospitality|[of] p2a: Sinistcha
|move|p1a: Whimsicott|Charm|p2b: Garchomp
|-unboost|p2b: Garchomp|atk|2
|move|p1b: Kingambit|Kowtow Cleave|p2a: Sinistcha
|-supereffective|p2a: Sinistcha|1
|-damage|p2a: Sinistcha|0 fnt
|faint|p2a: Sinistcha
|move|p2b: Garchomp|Earthquake|p1b: Kingambit|[spread] p1a,p1b
|-resisted|p1a: Whimsicott|1
|-supereffective|p1b: Kingambit|1
|-damage|p1a: Whimsicott|28/100 brn
|-damage|p1b: Kingambit|25/100
|-damage|p2b: Garchomp|57/100|[from] item: Life Orb
|
|-damage|p1a: Whimsicott|22/100 brn|[from] brn
|-fieldend|move: Trick Room
|upkeep
|
|t:|1785508834
|switch|p2a: Talonflame|Talonflame, L50, M|59/100
|turn|9
|
|t:|1785508861
|move|p1a: Whimsicott|Tailwind|p1a: Whimsicott
|-sidestart|p1: zzsachi|move: Tailwind
|move|p2a: Talonflame|Tailwind|p2a: Talonflame
|-sidestart|p2: SHyperdestroyerVGC|move: Tailwind
|move|p2b: Garchomp|Earthquake|p1b: Kingambit|[spread] p1a,p1b
|-immune|p2a: Talonflame
|-resisted|p1a: Whimsicott|1
|-supereffective|p1b: Kingambit|1
|-damage|p1a: Whimsicott|9/100 brn
|-damage|p1b: Kingambit|0 fnt
|faint|p1b: Kingambit
|-damage|p2b: Garchomp|48/100|[from] item: Life Orb
|
|-damage|p1a: Whimsicott|3/100 brn|[from] brn
|upkeep
|
|t:|1785508872
|switch|p1b: Delphox|Delphox, L50, M|100/100
|turn|10
|
|t:|1785508881
|detailschange|p1b: Delphox|Delphox-Mega, L50, M
|-mega|p1b: Delphox|Delphox|Delphoxite
|move|p1a: Whimsicott|Charm|p2b: Garchomp
|-unboost|p2b: Garchomp|atk|2
|move|p1b: Delphox|Psychic|p2a: Talonflame
|-damage|p2a: Talonflame|0 fnt
|faint|p2a: Talonflame
|move|p2b: Garchomp|Rock Slide|p1a: Whimsicott|[spread] p1a,p1b
|-supereffective|p1b: Delphox|1
|-damage|p1a: Whimsicott|0 fnt
|-damage|p1b: Delphox|79/100
|faint|p1a: Whimsicott
|-damage|p2b: Garchomp|38/100|[from] item: Life Orb
|
|upkeep
|turn|11
|
|t:|1785508894
|move|p1b: Delphox|Psychic|p2b: Garchomp
|-damage|p2b: Garchomp|0 fnt
|faint|p2b: Garchomp
|
|win|zzsachi
|raw|zzsachi's rating: 1215 → 1246(+31 for winning)
|raw|SHyperdestroyerVGC's rating: 1299 → 1268(-31 for losing)
|c|☆SHyperdestroyerVGC|gg
|c|☆SHyperdestroyerVGC|I'm so bad
|c|☆zzsachi|gg! no man
|l|☆zzsachi
|player|p1|
