|j|☆fidelillo
|j|☆bapycara
|html|fidelillobapycara    
|uhtml|bestof|Game 3 of a best-of-3
|t:|1756703010
|gametype|doubles
|player|p1|fidelillo|silver|1104
|player|p2|bapycara|maid|1086
|gen|9
|tier|[Gen 9] VGC 2025 Reg H (Bo3)
|rated|
|rule|Species Clause: Limit one of each Pokémon
|rule|Item Clause: Limit 1 of each item
|clearpoke
|poke|p1|Torkoal, L50, F|
|poke|p1|Indeedee-F, L50, F|
|poke|p1|Hatterene, L50, F|
|poke|p1|Gallade, L50, M|
|poke|p1|Annihilape, L50, M|
|poke|p1|Lilligant-Hisui, L50, F|
|poke|p2|Lapras, L50, F|
|poke|p2|Gothitelle, L50, M|
|poke|p2|Arcanine-Hisui, L50, M|
|poke|p2|Amoonguss, L50, F|
|poke|p2|Kingambit, L50, F|
|poke|p2|Dragapult, L50, F|
|teampreview|4
|showteam|p1|Torkoal||ChoiceSpecs|Drought|Eruption,WeatherBall,EarthPower,HeatWave|||F|||50|,,,,,Fire]Indeedee-F||PsychicSeed|PsychicSurge|TrickRoom,HelpingHand,FollowMe,Psychic|||F|||50|,,,,,Grass]Hatterene||LifeOrb|MagicBounce|DazzlingGleam,ExpandingForce,Psyshock,TrickRoom|||F|||50|,,,,,Water]Gallade||ClearAmulet|Sharpness|TrickRoom,SacredSword,PsychoCut,WideGuard|||M|||50|,,,,,Fire]Annihilape||ChoiceScarf|Defiant|FinalGambit,CloseCombat,ShadowClaw,Uturn|||M|||50|,,,,,Stellar]Lilligant-Hisui||FocusSash|Chlorophyll|AfterYou,SleepPowder,CloseCombat,Protect|||F|||50|,,,,,Ghost
|showteam|p2|Lapras||Leftovers|WaterAbsorb|PerishSong,Protect,MuddyWater,Haze|||F|||50|,,,,,Ghost]Gothitelle||SitrusBerry|ShadowTag|FakeOut,Psychic,Taunt,Protect|||M|||50|,,,,,Grass]Arcanine-Hisui||LifeOrb|Intimidate|FlareBlitz,RockSlide,ExtremeSpeed,Protect|||M|||50|,,,,,Grass]Amoonguss||RockyHelmet|Regenerator|PollenPuff,Spore,RagePowder,Protect|||F|||50|,,,,,Dark]Kingambit||BlackGlasses|Defiant|KowtowCleave,SuckerPunch,Protect,SwordsDance|||F|||50|,,,,,Ghost]Dragapult||FocusSash|ClearBody|BreakingSwipe,Disable,TeraBlast,Protect|||F|||50|,,,,,Ghost
|inactive|Battle timer is ON: inactive players will automatically lose when time's up. (requested by bapycara)
|inactive|fidelillo also wants the timer to be on.
|inactive|fidelillo has 60 seconds left.
|inactive|bapycara has 60 seconds left.
|l|☆fidelillo
|inactive|fidelillo disconnected and has a minute to reconnect!
|player|p1|
|j|☆fidelillo
|inactive|fidelillo reconnected and has 40 seconds left.
|player|p1|fidelillo|silver|
|inactive|fidelillo has 30 seconds left.
|
|t:|1756703070
|teamsize|p1|4
|teamsize|p2|4
|start
|switch|p1a: Annihilape|Annihilape, L50, M|100/100
|switch|p1b: Gallade|Gallade, L50, M|100/100
|switch|p2a: Arcanine|Arcanine-Hisui, L50, M|100/100
|switch|p2b: Gothitelle|Gothitelle, L50, M|100/100
|-ability|p2a: Arcanine|Intimidate|boost
|-unboost|p1a: Annihilape|atk|1
|-ability|p1a: Annihilape|Defiant|boost
|-boost|p1a: Annihilape|atk|2
|-fail|p1b: Gallade|unboost|[from] item: Clear Amulet|[of] p1b: Gallade
|turn|1
|
|t:|1756703093
|move|p2a: Arcanine|Protect|p2a: Arcanine
|-singleturn|p2a: Arcanine|Protect
|move|p1a: Annihilape|Final Gambit|p2b: Gothitelle
|-damage|p2b: Gothitelle|0 fnt
|faint|p1a: Annihilape
|faint|p2b: Gothitelle
|move|p1b: Gallade|Sacred Sword|p2a: Arcanine
|-activate|p2a: Arcanine|move: Protect
|
|upkeep
|
|t:|1756703098
|switch|p1a: Indeedee|Indeedee-F, L50, F|100/100
|switch|p2b: Dragapult|Dragapult, L50, F|100/100
|-fieldstart|move: Psychic Terrain|[from] ability: Psychic Surge|[of] p1a: Indeedee
|-enditem|p1a: Indeedee|Psychic Seed
|-boost|p1a: Indeedee|spd|1|[from] item: Psychic Seed
|turn|2
|
|t:|1756703113
|move|p1a: Indeedee|Follow Me|p1a: Indeedee
|-singleturn|p1a: Indeedee|move: Follow Me
|move|p2b: Dragapult|Breaking Swipe|p1b: Gallade|[spread] p1a,p1b
|-crit|p1a: Indeedee
|-damage|p1a: Indeedee|67/100
|-damage|p1b: Gallade|66/100
|-unboost|p1a: Indeedee|atk|1
|move|p2a: Arcanine|Flare Blitz|p1a: Indeedee
|-damage|p1a: Indeedee|5/100
|-damage|p2a: Arcanine|81/100|[from] Recoil
|-damage|p2a: Arcanine|72/100|[from] item: Life Orb
|move|p1b: Gallade|Trick Room|p1b: Gallade
|-fieldstart|move: Trick Room|[of] p1b: Gallade
|
|upkeep
|turn|3
|l|☆fidelillo
|inactive|fidelillo disconnected and has a minute to reconnect!
|player|p1|
|j|☆fidelillo
|inactive|fidelillo reconnected and has 35 seconds left.
|player|p1|fidelillo|silver|
|inactive|fidelillo has 30 seconds left.
|inactive|bapycara has 30 seconds left.
|inactive|fidelillo has 20 seconds left.
|inactive|fidelillo has 15 seconds left.
|inactive|fidelillo has 10 seconds left.
|
|t:|1756703161
|switch|p2b: Kingambit|Kingambit, L50, F|100/100
|move|p2a: Arcanine|Protect|p2a: Arcanine
|-singleturn|p2a: Arcanine|Protect
|move|p1b: Gallade|Psycho Cut|p2b: Kingambit
|-immune|p2b: Kingambit
|move|p1a: Indeedee|Psychic|p2b: Kingambit
|-immune|p2b: Kingambit
|
|upkeep
|turn|4
|
|t:|1756703181
|-terastallize|p2b: Kingambit|Ghost
|move|p1a: Indeedee|Follow Me|p1a: Indeedee
|-singleturn|p1a: Indeedee|move: Follow Me
|move|p2b: Kingambit|Kowtow Cleave|p1a: Indeedee
|-supereffective|p1a: Indeedee
|-damage|p1a: Indeedee|0 fnt
|faint|p1a: Indeedee
|move|p1b: Gallade|Sacred Sword|p2a: Arcanine
|-supereffective|p2a: Arcanine
|-damage|p2a: Arcanine|0 fnt
|faint|p2a: Arcanine
|
|upkeep
|
|t:|1756703190
|switch|p1a: Torkoal|Torkoal, L50, F|100/100
|switch|p2a: Dragapult|Dragapult, L50, F|100/100
|-weather|SunnyDay|[from] ability: Drought|[of] p1a: Torkoal
|turn|5
|
|t:|1756703203
|-terastallize|p1a: Torkoal|Fire
|move|p2b: Kingambit|Protect|p2b: Kingambit
|-singleturn|p2b: Kingambit|Protect
|move|p2a: Dragapult|Protect|p2a: Dragapult
|-singleturn|p2a: Dragapult|Protect
|move|p1a: Torkoal|Eruption|p2b: Kingambit|[spread] 
|-activate|p2a: Dragapult|move: Protect
|-activate|p2b: Kingambit|move: Protect
|move|p1b: Gallade|Psycho Cut|p2a: Dragapult
|-activate|p2a: Dragapult|move: Protect
|
|-weather|SunnyDay|[upkeep]
|upkeep
|turn|6
|
|t:|1756703215
|move|p2a: Dragapult|Protect|p2a: Dragapult
|-singleturn|p2a: Dragapult|Protect
|move|p1a: Torkoal|Eruption|p2a: Dragapult|[spread] p2b
|-activate|p2a: Dragapult|move: Protect
|-crit|p2b: Kingambit
|-damage|p2b: Kingambit|0 fnt
|faint|p2b: Kingambit
|move|p1b: Gallade|Psycho Cut|p2a: Dragapult
|-activate|p2a: Dragapult|move: Protect
|
|-weather|SunnyDay|[upkeep]
|-fieldend|move: Trick Room
|-fieldend|move: Psychic Terrain
|upkeep
|turn|7
|
|t:|1756703225
|move|p2a: Dragapult|Disable|p1a: Torkoal
|-start|p1a: Torkoal|Disable|Eruption
|move|p1b: Gallade|Psycho Cut|p2a: Dragapult
|-damage|p2a: Dragapult|27/100
|cant|p1a: Torkoal|Disable|Eruption
|
|-weather|SunnyDay|[upkeep]
|upkeep
|turn|8
|
|t:|1756703236
|move|p2a: Dragapult|Disable|p1b: Gallade
|-start|p1b: Gallade|Disable|Psycho Cut
|cant|p1b: Gallade|Disable|Psycho Cut
|-activate|p1a: Torkoal|move: Struggle
|move|p1a: Torkoal|Struggle|p2a: Dragapult
|-damage|p2a: Dragapult|16/100
|-damage|p1a: Torkoal|76/100|[from] recoil
|
|-weather|SunnyDay|[upkeep]
|upkeep
|turn|9
|
|t:|1756703255
|move|p2a: Dragapult|Breaking Swipe|p1b: Gallade|[spread] p1a,p1b
|-crit|p1a: Torkoal
|-damage|p1a: Torkoal|50/100
|-damage|p1b: Gallade|32/100
|-unboost|p1a: Torkoal|atk|1
|-activate|p1a: Torkoal|move: Struggle
|move|p1a: Torkoal|Struggle|p2a: Dragapult
|-damage|p2a: Dragapult|8/100
|-damage|p1a: Torkoal|25/100|[from] recoil
|move|p1b: Gallade|Trick Room|p1b: Gallade
|-fieldstart|move: Trick Room|[of] p1b: Gallade
|
|-weather|none
|upkeep
|turn|10
|
|t:|1756703264
|move|p1b: Gallade|Wide Guard|p1b: Gallade
|-singleturn|p1b: Gallade|Wide Guard
|-activate|p1a: Torkoal|move: Struggle
|move|p1a: Torkoal|Struggle|p2a: Dragapult
|-damage|p2a: Dragapult|0 fnt
|faint|p2a: Dragapult
|-damage|p1a: Torkoal|0 fnt|[from] recoil
|faint|p1a: Torkoal
|
|win|fidelillo
|raw|fidelillo's rating: 1104 → 1128(+24 for winning)
|raw|bapycara's rating: 1086 → 1064(-22 for losing)
|l|☆bapycara
|player|p2|
