|j|☆C0ozer
|j|☆Colsifer
|html|C0ozerColsifer    
|uhtml|bestof|Game 1 of a best-of-3
|t:|1785162561
|gametype|doubles
|player|p1|C0ozer|lucas|1199
|player|p2|Colsifer|psychicf-gen4|1134
|gen|9
|tier|[Gen 9 Champions] VGC 2026 Reg M-B (Bo3)
|rated|
|rule|Species Clause: Limit one of each Pokémon
|rule|Item Clause: Limit 1 of each item
|clearpoke
|poke|p1|Charizard, L50, M|
|poke|p1|Garchomp, L50, M|
|poke|p1|Whimsicott, L50, M|
|poke|p1|Tsareena, L50, F|
|poke|p1|Incineroar, L50, F|
|poke|p1|Basculegion, L50, M|
|poke|p2|Eelektross, L50, F|
|poke|p2|Garchomp, L50, F, shiny|
|poke|p2|Metagross, L50|
|poke|p2|Rotom-Wash, L50|
|poke|p2|Dragonite, L50, F, shiny|
|poke|p2|Farigiraf, L50, F|
|teampreview|4
|showteam|p1|Charizard||CharizarditeY|Blaze|HeatWave,WeatherBall,SolarBeam,Protect|Modest||M|||50|]Garchomp||LifeOrb|RoughSkin|Earthquake,RockSlide,DragonClaw,Protect|Jolly||M|||50|]Whimsicott||FocusSash|Prankster|Moonblast,Tailwind,Encore,Protect|Timid||M|||50|]Tsareena||WideLens|QueenlyMajesty|TripleAxel,PowerWhip,KnockOff,Protect|Jolly||F|||50|]Incineroar||SitrusBerry|Intimidate|FakeOut,FlareBlitz,ThroatChop,PartingShot|Impish||F|||50|]Basculegion||MysticWater|Adaptability|LastRespects,AquaJet,WaveCrash,Protect|Adamant||M|||50|
|showteam|p2|Eelektross||Eelektrossite|Levitate|Thunderbolt,DragonPulse,GigaDrain,Protect|Modest||F|||50|]Garchomp||LifeOrb|RoughSkin|DragonClaw,Earthquake,RockSlide,Protect|Jolly||F|||50|]Metagross||Metagrossite|ClearBody|StompingTantrum,IronHead,PsychicFangs,Protect|Jolly|||||50|]Rotom-Wash||SitrusBerry|Levitate|Electroweb,HydroPump,WillOWisp,Protect|Timid|||||50|]Dragonite||FocusSash|InnerFocus|ExtremeSpeed,BreakingSwipe,Roar,Tailwind|Serious||F|||50|]Farigiraf||ColburBerry|ArmorTail|TwinBeam,Protect,Imprison,TrickRoom|Sassy||F|||50|
|inactive|Battle timer is ON: inactive players will automatically lose when time's up. (requested by C0ozer)
|inactive|C0ozer has 60 seconds left.
|inactive|Colsifer has 60 seconds left.
|inactive|C0ozer has 30 seconds left.
|inactive|Colsifer has 30 seconds left.
|inactive|C0ozer has 20 seconds left.
|
|t:|1785162632
|teamsize|p1|4
|teamsize|p2|4
|start
|switch|p1a: Chariyard|Charizard, L50, M|100/100
|switch|p1b: HIgh EQ|Garchomp, L50, M|100/100
|switch|p2a: Dragonite|Dragonite, L50, F, shiny|100/100
|switch|p2b: Rotom|Rotom-Wash, L50|100/100
|turn|1
|inactive|C0ozer has 30 seconds left.
|
|t:|1785162660
|move|p1a: Chariyard|Protect|p1a: Chariyard
|-singleturn|p1a: Chariyard|Protect
|move|p1b: HIgh EQ|Dragon Claw|p2a: Dragonite
|-supereffective|p2a: Dragonite|1
|-enditem|p2a: Dragonite|Focus Sash
|-damage|p2a: Dragonite|1/100
|-damage|p1b: HIgh EQ|90/100|[from] item: Life Orb
|move|p2b: Rotom|Will-O-Wisp|p1b: HIgh EQ
|-status|p1b: HIgh EQ|brn
|move|p2a: Dragonite|Tailwind|p2a: Dragonite
|-sidestart|p2: Colsifer|move: Tailwind
|
|-damage|p1b: HIgh EQ|84/100 brn|[from] brn
|upkeep
|turn|2
|
|t:|1785162682
|switch|p2a: Eelektross|Eelektross, L50, F|100/100
|switch|p1a: Floofy|Whimsicott, L50, M|100/100
|move|p2b: Rotom|Electroweb|p1b: HIgh EQ|[spread] p1a
|-immune|p1b: HIgh EQ
|-resisted|p1a: Floofy|1
|-damage|p1a: Floofy|87/100
|-unboost|p1a: Floofy|spe|1
|move|p1b: HIgh EQ|Rock Slide|p2b: Rotom|[spread] p2a,p2b
|-damage|p2a: Eelektross|81/100
|-damage|p2b: Rotom|87/100
|-damage|p1b: HIgh EQ|74/100 brn|[from] item: Life Orb
|
|-damage|p1b: HIgh EQ|68/100 brn|[from] brn
|upkeep
|turn|3
|inactive|Colsifer has 30 seconds left.
|
|t:|1785162710
|detailschange|p2a: Eelektross|Eelektross-Mega, L50, F
|-mega|p2a: Eelektross|Eelektross|Eelektrossite
|move|p1a: Floofy|Tailwind|p1a: Floofy
|-sidestart|p1: C0ozer|move: Tailwind
|move|p1b: HIgh EQ|Rock Slide|p2a: Eelektross|[spread] p2a,p2b
|-damage|p2a: Eelektross|65/100
|-damage|p2b: Rotom|73/100
|-damage|p1b: HIgh EQ|58/100 brn|[from] item: Life Orb
|move|p2b: Rotom|Electroweb|p1a: Floofy|[spread] p1a
|-immune|p1b: HIgh EQ
|-resisted|p1a: Floofy|1
|-damage|p1a: Floofy|75/100
|-unboost|p1a: Floofy|spe|1
|cant|p2a: Eelektross|flinch
|
|-damage|p1b: HIgh EQ|52/100 brn|[from] brn
|upkeep
|turn|4
|inactive|Colsifer has 30 seconds left.
|
|t:|1785162742
|move|p1b: HIgh EQ|Rock Slide|p2b: Rotom|[spread] p2a,p2b
|-damage|p2a: Eelektross|47/100
|-damage|p2b: Rotom|59/100
|-damage|p1b: HIgh EQ|43/100 brn|[from] item: Life Orb
|move|p2b: Rotom|Electroweb|p1b: HIgh EQ|[spread] p1a
|-immune|p1b: HIgh EQ
|-resisted|p1a: Floofy|1
|-crit|p1a: Floofy
|-damage|p1a: Floofy|57/100
|-unboost|p1a: Floofy|spe|1
|move|p2a: Eelektross|Dragon Pulse|p1b: HIgh EQ
|-supereffective|p1b: HIgh EQ|1
|-damage|p1b: HIgh EQ|0 fnt
|faint|p1b: HIgh EQ
|-ability|p2a: Eelektross|Eelevate|boost
|-boost|p2a: Eelektross|spa|1
|move|p1a: Floofy|Moonblast|p2a: Eelektross
|-damage|p2a: Eelektross|6/100
|
|-sideend|p2: Colsifer|move: Tailwind
|upkeep
|
|t:|1785162761
|switch|p1b: Chariyard|Charizard, L50, M|100/100
|turn|5
|
|t:|1785162769
|detailschange|p1b: Chariyard|Charizard-Mega-Y, L50, M
|-mega|p1b: Chariyard|Charizard|Charizardite Y
|-weather|SunnyDay|[from] ability: Drought|[of] p1b: Chariyard
|move|p2a: Eelektross|Protect|p2a: Eelektross
|-singleturn|p2a: Eelektross|Protect
|move|p1b: Chariyard|Heat Wave|p2b: Rotom|[spread] p2b
|-activate|p2a: Eelektross|move: Protect
|-resisted|p2b: Rotom|1
|-damage|p2b: Rotom|21/100
|-enditem|p2b: Rotom|Sitrus Berry|[eat]
|-heal|p2b: Rotom|46/100|[from] item: Sitrus Berry
|move|p2b: Rotom|Electroweb|p1a: Floofy|[spread] p1a,p1b
|-resisted|p1a: Floofy|1
|-supereffective|p1b: Chariyard|1
|-damage|p1a: Floofy|45/100
|-damage|p1b: Chariyard|72/100
|-unboost|p1a: Floofy|spe|1
|-unboost|p1b: Chariyard|spe|1
|move|p1a: Floofy|Moonblast|p2b: Rotom
|-damage|p2b: Rotom|7/100
|
|-weather|SunnyDay|[upkeep]
|upkeep
|turn|6
|inactive|C0ozer has 30 seconds left.
|inactive|Colsifer has 30 seconds left.
|
|t:|1785162801
|move|p1b: Chariyard|Heat Wave|p2b: Rotom|[spread] p2a,p2b
|-resisted|p2b: Rotom|1
|-damage|p2a: Eelektross|0 fnt
|-damage|p2b: Rotom|0 fnt
|faint|p2a: Eelektross
|faint|p2b: Rotom
|move|p1a: Floofy|Moonblast|p2: Eelektross|[notarget]
|-fail|p1a: Floofy
|
|-weather|SunnyDay|[upkeep]
|-sideend|p1: C0ozer|move: Tailwind
|upkeep
|
|t:|1785162813
|switch|p2b: Dragonite|Dragonite, L50, F, shiny|1/100
|switch|p2a: Garchomp|Garchomp, L50, F, shiny|100/100
|turn|7
|
|t:|1785162825
|move|p1b: Chariyard|Protect|p1b: Chariyard
|-singleturn|p1b: Chariyard|Protect
|move|p1a: Floofy|Tailwind|p1a: Floofy
|-sidestart|p1: C0ozer|move: Tailwind
|move|p2a: Garchomp|Rock Slide|p1b: Chariyard|[spread] p1a
|-activate|p1b: Chariyard|move: Protect
|-damage|p1a: Floofy|6/100
|-damage|p2a: Garchomp|90/100|[from] item: Life Orb
|move|p2b: Dragonite|Tailwind|p2b: Dragonite
|-sidestart|p2: Colsifer|move: Tailwind
|
|-weather|SunnyDay|[upkeep]
|upkeep
|turn|8
|
|t:|1785162843
|move|p2b: Dragonite|Extreme Speed|p1a: Floofy
|-damage|p1a: Floofy|0 fnt
|faint|p1a: Floofy
|move|p2a: Garchomp|Rock Slide|p1b: Chariyard
|-supereffective|p1b: Chariyard|2
|-damage|p1b: Chariyard|0 fnt
|faint|p1b: Chariyard
|-damage|p2a: Garchomp|80/100|[from] item: Life Orb
|
|-weather|SunnyDay|[upkeep]
|upkeep
|inactive|C0ozer has 30 seconds left.
|
|t:|1785162870
|switch|p1b: No Respect|Basculegion, L50, M|100/100
|turn|9
|
|t:|1785162878
|move|p2a: Garchomp|Earthquake|p1b: No Respect|[spread] p1b
|-immune|p2b: Dragonite
|-damage|p1b: No Respect|46/100
|-damage|p2a: Garchomp|70/100|[from] item: Life Orb
|move|p2b: Dragonite|Breaking Swipe|p1b: No Respect
|-damage|p1b: No Respect|14/100
|-unboost|p1b: No Respect|atk|1
|move|p1b: No Respect|Last Respects|p2a: Garchomp
|-damage|p2a: Garchomp|0 fnt
|faint|p2a: Garchomp
|
|-weather|none
|upkeep
|turn|10
|inactive|Colsifer has 30 seconds left.
|
|t:|1785162912
|move|p1b: No Respect|Aqua Jet|p2b: Dragonite
|-resisted|p2b: Dragonite|1
|-damage|p2b: Dragonite|0 fnt
|faint|p2b: Dragonite
|
|win|C0ozer
||Colsifer is ready for game 2.
|inactive|C0ozer has 30 seconds to confirm battle start!
