|j|☆SirFishWasTaken
|j|☆Hariyamamomma
|html|SirFishWasTakenHariyamamomma    
|uhtml|bestof|Game 1 of a best-of-3
|t:|1784403596
|gametype|doubles
|player|p1|SirFishWasTaken|psychic|
|player|p2|Hariyamamomma|burgh|
|gen|9
|tier|[Gen 9 Champions] VGC 2026 Reg M-B (Bo3)
|rule|Species Clause: Limit one of each Pokémon
|rule|Item Clause: Limit 1 of each item
|clearpoke
|poke|p1|Houndstone, L50, M|
|poke|p1|Corviknight, L50, F|
|poke|p1|Dragonite, L50, F|
|poke|p1|Tyranitar, L50, M|
|poke|p1|Excadrill, L50, M|
|poke|p1|Meowstic, L50, M|
|poke|p2|Gholdengo, L50|
|poke|p2|Whimsicott, L50, F, shiny|
|poke|p2|Kingambit, L50, F|
|poke|p2|Blaziken, L50, F|
|poke|p2|Blastoise, L50, F, shiny|
|poke|p2|Kangaskhan, L50, F|
|teampreview|4
|showteam|p1|Houndstone||SitrusBerry|SandRush|LastRespects,BodyPress,Protect,PsychicFangs|Adamant||M|||50|]Corviknight||Leftovers|MirrorArmor|BraveBird,Roost,Tailwind,BulkUp|Impish||F|||50|]Dragonite||Dragoninite|Multiscale|DragonPulse,Flamethrower,Protect,Thunderbolt|Modest||F|||50|]Tyranitar||Tyranitarite|SandStream|KnockOff,Protect,RockSlide,DragonDance|Adamant||M|||50|]Excadrill||FocusSash|SandRush|IronHead,Protect,XScissor,HighHorsepower|Adamant||M|||50|]Meowstic||LightClay|Prankster|LightScreen,Protect,Imprison,Reflect|Calm||M|||50|
|showteam|p2|Gholdengo||LifeOrb|GoodasGold|MakeItRain,ShadowBall,NastyPlot,Protect|Timid|||||50|]Whimsicott||FocusSash|Prankster|Moonblast,Tailwind,Encore,Protect|Timid||F|||50|]Kingambit||BlackGlasses|Defiant|SuckerPunch,KowtowCleave,SwordsDance,Protect|Adamant||F|||50|]Blaziken||Blazikenite|SpeedBoost|CloseCombat,FlareBlitz,RockSlide,Protect|Adamant||F|||50|]Blastoise||Blastoisinite|Torrent|FakeOut,WaterSpout,AuraSphere,DarkPulse|Modest||F|||50|]Kangaskhan||SitrusBerry|Scrappy|FakeOut,HelpingHand,LowKick,ThunderPunch|Impish||F|||50|
|j| valxrie
|
|t:|1784403703
|teamsize|p1|4
|teamsize|p2|4
|start
|switch|p1a: The Jester|Meowstic, L50, M|100/100
|switch|p1b: The King|Tyranitar, L50, M|100/100
|switch|p2a: Byron Scott|Whimsicott, L50, F, shiny|100/100
|switch|p2b: Kenny Smith|Blaziken, L50, F|100/100
|-weather|Sandstorm|[from] ability: Sand Stream|[of] p1b: The King
|turn|1
|
|t:|1784403791
|detailschange|p2b: Kenny Smith|Blaziken-Mega, L50, F
|-mega|p2b: Kenny Smith|Blaziken|Blazikenite
|detailschange|p1b: The King|Tyranitar-Mega, L50, M
|-mega|p1b: The King|Tyranitar|Tyranitarite
|move|p2b: Kenny Smith|Protect|p2b: Kenny Smith
|-singleturn|p2b: Kenny Smith|Protect
|move|p1a: The Jester|Reflect|p1a: The Jester
|-sidestart|p1: SirFishWasTaken|Reflect
|move|p2a: Byron Scott|Moonblast|p1a: The Jester
|-damage|p1a: The Jester|66/100
|move|p1b: The King|Dragon Dance|p1b: The King
|-boost|p1b: The King|atk|1
|-boost|p1b: The King|spe|1
|
|-weather|Sandstorm|[upkeep]
|-damage|p2a: Byron Scott|94/100|[from] Sandstorm
|-damage|p2b: Kenny Smith|94/100|[from] Sandstorm
|-damage|p1a: The Jester|60/100|[from] Sandstorm
|-ability|p2b: Kenny Smith|Speed Boost|boost
|-boost|p2b: Kenny Smith|spe|1
|upkeep
|turn|2
|j| frostwandered
|
|t:|1784403840
|switch|p1a: The Prince|Excadrill, L50, M|100/100
|move|p2b: Kenny Smith|Close Combat|p1b: The King
|-supereffective|p1b: The King|2
|-damage|p1b: The King|0 fnt
|-unboost|p2b: Kenny Smith|def|1
|-unboost|p2b: Kenny Smith|spd|1
|faint|p1b: The King
|move|p2a: Byron Scott|Moonblast|p1a: The Prince
|-resisted|p1a: The Prince|1
|-damage|p1a: The Prince|75/100
|
|-weather|Sandstorm|[upkeep]
|-damage|p2b: Kenny Smith|88/100|[from] Sandstorm
|-damage|p2a: Byron Scott|88/100|[from] Sandstorm
|-ability|p2b: Kenny Smith|Speed Boost|boost
|-boost|p2b: Kenny Smith|spe|1
|upkeep
|
|t:|1784403850
|switch|p1b: YouKilledMyFriends|Houndstone, L50, M|100/100
|turn|3
|
|t:|1784403892
|move|p2b: Kenny Smith|Flare Blitz|p1a: The Prince
|-supereffective|p1a: The Prince|1
|-damage|p1a: The Prince|0 fnt
|faint|p1a: The Prince
|-damage|p2b: Kenny Smith|58/100|[from] Recoil
|move|p1b: YouKilledMyFriends|Last Respects|p2b: Kenny Smith
|-damage|p2b: Kenny Smith|0 fnt
|faint|p2b: Kenny Smith
|move|p2a: Byron Scott|Moonblast|p1b: YouKilledMyFriends
|-damage|p1b: YouKilledMyFriends|59/100
|
|-weather|Sandstorm|[upkeep]
|-damage|p2a: Byron Scott|82/100|[from] Sandstorm
|upkeep
|
|t:|1784403906
|switch|p2b: Khris Middleton|Kangaskhan, L50, F|100/100
|switch|p1a: The Jester|Meowstic, L50, M|60/100
|turn|4
|
|t:|1784403921
|move|p1a: The Jester|Protect|p1a: The Jester
|-singleturn|p1a: The Jester|Protect
|move|p2b: Khris Middleton|Fake Out|p1b: YouKilledMyFriends
|-damage|p1b: YouKilledMyFriends|47/100
|-enditem|p1b: YouKilledMyFriends|Sitrus Berry|[eat]
|-heal|p1b: YouKilledMyFriends|72/100|[from] item: Sitrus Berry
|cant|p1b: YouKilledMyFriends|flinch
|move|p2a: Byron Scott|Moonblast|p1b: YouKilledMyFriends
|-damage|p1b: YouKilledMyFriends|35/100
|
|-weather|Sandstorm|[upkeep]
|-damage|p2a: Byron Scott|76/100|[from] Sandstorm
|-damage|p1a: The Jester|54/100|[from] Sandstorm
|-damage|p2b: Khris Middleton|93/100|[from] Sandstorm
|upkeep
|turn|5
|
|t:|1784403945
|move|p2a: Byron Scott|Encore|p1a: The Jester
|-start|p1a: The Jester|Encore
|move|p1a: The Jester|Protect||[still]
|-fail|p1a: The Jester
|move|p1b: YouKilledMyFriends|Last Respects|p2a: Byron Scott
|-damage|p2a: Byron Scott|0 fnt
|faint|p2a: Byron Scott
|move|p2b: Khris Middleton|Low Kick|p1b: YouKilledMyFriends
|-damage|p1b: YouKilledMyFriends|28/100
|
|-weather|none
|upkeep
|
|t:|1784403951
|switch|p2a: LeBron James|Kingambit, L50, F|100/100
|turn|6
|
|t:|1784403979
|move|p1a: The Jester|Protect|p1a: The Jester
|-singleturn|p1a: The Jester|Protect
|move|p1b: YouKilledMyFriends|Protect|p1b: YouKilledMyFriends
|-singleturn|p1b: YouKilledMyFriends|Protect
|move|p2a: LeBron James|Sucker Punch||[still]
|-fail|p2a: LeBron James
|move|p2b: Khris Middleton|Thunder Punch|p1b: YouKilledMyFriends
|-activate|p1b: YouKilledMyFriends|move: Protect
|
|upkeep
|turn|7
|
|t:|1784403993
|move|p1a: The Jester|Protect||[still]
|-fail|p1a: The Jester
|move|p2a: LeBron James|Sucker Punch|p1b: YouKilledMyFriends
|-supereffective|p1b: YouKilledMyFriends|1
|-damage|p1b: YouKilledMyFriends|0 fnt
|faint|p1b: YouKilledMyFriends
|move|p2b: Khris Middleton|Thunder Punch|p1a: The Jester
|-damage|p1a: The Jester|39/100
|
|-end|p1a: The Jester|Encore
|upkeep
|turn|8
|
|t:|1784404010
|move|p1a: The Jester|Imprison|p1a: The Jester
|-start|p1a: The Jester|move: Imprison
|move|p2b: Khris Middleton|Low Kick|p1a: The Jester
|-resisted|p1a: The Jester|1
|-damage|p1a: The Jester|38/100
|move|p2a: LeBron James|Kowtow Cleave|p1a: The Jester
|-supereffective|p1a: The Jester|1
|-damage|p1a: The Jester|0 fnt
|faint|p1a: The Jester
|
|win|Hariyamamomma
||SirFishWasTaken is ready for game 2.
|c|☆Hariyamamomma|gg
||Hariyamamomma is ready for game 2.
|uhtml|next|Next: Game 2 of 3
