|j|☆p1ch1pichi
|j|☆XXX_AMONGUS_XXX69
|html|p1ch1pichiXXX_AMONGUS_XXX69    
|uhtml|bestof|Game 2 of a best-of-3
|t:|1784647365
|gametype|doubles
|player|p1|p1ch1pichi|n|1177
|player|p2|XXX_AMONGUS_XXX69|roxie|1145
|gen|9
|tier|[Gen 9 Champions] VGC 2026 Reg M-B (Bo3)
|rated|
|rule|Species Clause: Limit one of each Pokémon
|rule|Item Clause: Limit 1 of each item
|clearpoke
|poke|p1|Raichu, L50, M, shiny|
|poke|p1|Meowscarada, L50, F|
|poke|p1|Incineroar, L50, M|
|poke|p1|Milotic, L50, M|
|poke|p1|Sylveon, L50, M, shiny|
|poke|p1|Ceruledge, L50, M|
|poke|p2|Froslass, L50, F|
|poke|p2|Dragonite, L50, F|
|poke|p2|Toxapex, L50, M|
|poke|p2|Sneasler, L50, M|
|poke|p2|Kingambit, L50, F|
|poke|p2|Blaziken, L50, F|
|teampreview|4
|showteam|p1|Raichu||RaichuniteY|LightningRod|ZapCannon,FocusBlast,FakeOut,Protect|Timid||M|||50|]Meowscarada||ChoiceScarf|Protean|FlowerTrick,KnockOff,TripleAxel,Uturn|Adamant||F|||50|]Incineroar||PasshoBerry|Intimidate|PartingShot,FakeOut,FlareBlitz,ThroatChop|Adamant||M|||50|]Milotic||Leftovers|Competitive|Protect,Coil,Hypnosis,MuddyWater|Bold||M|||50|]Sylveon||FairyFeather|Pixilate|HyperVoice,HyperBeam,QuickAttack,Detect|Modest||M|||50|]Ceruledge||ColburBerry|FlashFire|Protect,BulkUp,BitterBlade,ShadowSneak|Jolly||M|||50|
|showteam|p2|Froslass||Froslassite|CursedBody|Blizzard,ShadowBall,AuroraVeil,Protect|Timid||F|||50|]Dragonite||LifeOrb|InnerFocus|DragonClaw,ExtremeSpeed,LowKick,Protect|Adamant||F|||50|]Toxapex||Leftovers|Regenerator|Infestation,Toxic,WideGuard,BanefulBunker|Bold||M|||50|]Sneasler||FocusSash|PoisonTouch|CloseCombat,PoisonJab,FakeOut,Protect|Jolly||M|||50|]Kingambit||BlackGlasses|Defiant|KowtowCleave,IronHead,SuckerPunch,Protect|Adamant||F|||50|]Blaziken||Blazikenite|SpeedBoost|CloseCombat,FlareBlitz,RockSlide,Protect|Adamant||F|||50|
|inactive|Battle timer is ON: inactive players will automatically lose when time's up. (requested by p1ch1pichi)
|inactive|p1ch1pichi has 60 seconds left.
|
|t:|1784647398
|teamsize|p1|4
|teamsize|p2|4
|start
|switch|p1a: Kaoru|Raichu, L50, M, shiny|100/100
|switch|p1b: Ceruledge|Ceruledge, L50, M|100/100
|switch|p2a: Kingambit|Kingambit, L50, F|100/100
|switch|p2b: Blaziken|Blaziken, L50, F|100/100
|turn|1
|inactive|XXX_AMONGUS_XXX69 has 30 seconds left.
|
|t:|1784647428
|detailschange|p1a: Kaoru|Raichu-Mega-Y, L50, M, shiny
|-mega|p1a: Kaoru|Raichu|Raichunite Y
|move|p1a: Kaoru|Focus Blast|p2a: Kingambit
|-supereffective|p2a: Kingambit|2
|-damage|p2a: Kingambit|0 fnt
|faint|p2a: Kingambit
|move|p1b: Ceruledge|Bulk Up|p1b: Ceruledge
|-boost|p1b: Ceruledge|atk|1
|-boost|p1b: Ceruledge|def|1
|move|p2b: Blaziken|Rock Slide|p1a: Kaoru|[spread] p1a,p1b
|-supereffective|p1b: Ceruledge|1
|-damage|p1a: Kaoru|72/100
|-damage|p1b: Ceruledge|59/100
|
|-ability|p2b: Blaziken|Speed Boost|boost
|-boost|p2b: Blaziken|spe|1
|upkeep
|
|t:|1784647446
|switch|p2a: Froslass|Froslass, L50, F|100/100
|turn|2
|
|t:|1784647459
|detailschange|p2a: Froslass|Froslass-Mega, L50, F
|-mega|p2a: Froslass|Froslass|Froslassite
|-weather|Snowscape|[from] ability: Snow Warning|[of] p2a: Froslass
|move|p2b: Blaziken|Protect|p2b: Blaziken
|-singleturn|p2b: Blaziken|Protect
|move|p2a: Froslass|Protect|p2a: Froslass
|-singleturn|p2a: Froslass|Protect
|move|p1b: Ceruledge|Shadow Sneak|p2b: Blaziken
|-activate|p2b: Blaziken|move: Protect
|move|p1a: Kaoru|Zap Cannon|p2b: Blaziken
|-activate|p2b: Blaziken|move: Protect
|
|-weather|Snowscape|[upkeep]
|-ability|p2b: Blaziken|Speed Boost|boost
|-boost|p2b: Blaziken|spe|1
|upkeep
|turn|3
|
|t:|1784647479
|move|p2b: Blaziken|Rock Slide|p1a: Kaoru|[spread] p1a,p1b
|-supereffective|p1b: Ceruledge|1
|-damage|p1a: Kaoru|44/100
|-damage|p1b: Ceruledge|18/100
|cant|p1a: Kaoru|flinch
|move|p2a: Froslass|Aurora Veil|p2a: Froslass
|-sidestart|p2: XXX_AMONGUS_XXX69|move: Aurora Veil
|cant|p1b: Ceruledge|flinch
|
|-weather|Snowscape|[upkeep]
|-ability|p2b: Blaziken|Speed Boost|boost
|-boost|p2b: Blaziken|spe|1
|upkeep
|turn|4
|
|t:|1784647494
|move|p1b: Ceruledge|Protect|p1b: Ceruledge
|-singleturn|p1b: Ceruledge|Protect
|move|p2b: Blaziken|Rock Slide|p1b: Ceruledge|[spread] p1a
|-activate|p1b: Ceruledge|move: Protect
|-crit|p1a: Kaoru
|-damage|p1a: Kaoru|0 fnt
|faint|p1a: Kaoru
|move|p2a: Froslass|Blizzard|p1b: Ceruledge
|-activate|p1b: Ceruledge|move: Protect
|
|-weather|Snowscape|[upkeep]
|-ability|p2b: Blaziken|Speed Boost|boost
|-boost|p2b: Blaziken|spe|1
|upkeep
|
|t:|1784647506
|switch|p1a: Rosemary|Meowscarada, L50, F|100/100
|turn|5
|
|t:|1784647523
|move|p2b: Blaziken|Rock Slide|p1a: Rosemary|[spread] p1a,p1b
|-supereffective|p1b: Ceruledge|1
|-damage|p1a: Rosemary|73/100
|-damage|p1b: Ceruledge|0 fnt
|faint|p1b: Ceruledge
|move|p1a: Rosemary|U-turn|p2a: Froslass
|-start|p1a: Rosemary|typechange|Bug|[from] ability: Protean
|-resisted|p2a: Froslass|1
|-damage|p2a: Froslass|90/100
|-message|p1ch1pichi forfeited.
|
|win|XXX_AMONGUS_XXX69
|raw|p1ch1pichi's rating: 1177 → 1150(-27 for losing)
|raw|XXX_AMONGUS_XXX69's rating: 1145 → 1172(+27 for winning)
|l|☆p1ch1pichi
|player|p1|
|j|☆p1ch1pichi
|player|p1|p1ch1pichi|n|
|l|☆XXX_AMONGUS_XXX69
|player|p2|
