|j|☆yeet58
|j|☆atahualpamaia
|html|yeet58atahualpamaia    
|uhtml|bestof|Game 2 of a best-of-3
|t:|1757024606
|gametype|doubles
|player|p1|yeet58|iris-gen5bw2|1160
|player|p2|atahualpamaia|lucas|1036
|gen|9
|tier|[Gen 9] VGC 2025 Reg H (Bo3)
|rated|
|rule|Species Clause: Limit one of each Pokémon
|rule|Item Clause: Limit 1 of each item
|clearpoke
|poke|p1|Kommo-o, L50, M|
|poke|p1|Sneasler, L50, M|
|poke|p1|Rillaboom, L50, M|
|poke|p1|Kingambit, L50, M|
|poke|p1|Ursaluna-Bloodmoon, L50, M|
|poke|p1|Sableye, L50, M|
|poke|p2|Dragonite, L50, F|
|poke|p2|Ursaluna-Bloodmoon, L50, M|
|poke|p2|Sneasler, L50, M|
|poke|p2|Braviary, L50, M|
|poke|p2|Whimsicott, L50, F|
|poke|p2|Farigiraf, L50, M|
|teampreview|4
|showteam|p1|Kommo-o||SitrusBerry|Overcoat|Coaching,BreakingSwipe,Protect,BodyPress|||M|||50|,,,,,Steel]Sneasler||GrassySeed|Unburden|CloseCombat,DireClaw,Protect,ThroatChop|||M|||50|,,,,,Stellar]Rillaboom||AssaultVest|GrassySurge|Uturn,WoodHammer,FakeOut,GrassyGlide|||M|||50|,,,,,Fire]Kingambit||BlackGlasses|Defiant|SuckerPunch,KowtowCleave,SwordsDance,Protect|||M|||50|,,,,,Dark]Ursaluna-Bloodmoon||LifeOrb|MindsEye|BloodMoon,HyperVoice,EarthPower,Protect|||M|||50|,,,,,Normal]Sableye||SafetyGoggles|Prankster|Taunt,Quash,FoulPlay,WillOWisp|||M|||50|,,,,,Dragon
|showteam|p2|Dragonite||LoadedDice|Multiscale|ScaleShot,IcePunch,StompingTantrum,Protect|||F|||50|,,,,,Steel]Ursaluna-Bloodmoon||SitrusBerry|MindsEye|BloodMoon,EarthPower,HyperVoice,Protect|||M|||50|,,,,,Ghost]Sneasler||WhiteHerb|Unburden|CloseCombat,DireClaw,ThroatChop,Protect|||M|||50|,,,,,Ghost]Braviary||LifeOrb|Defiant|BraveBird,CloseCombat,HelpingHand,Protect|||M|||50|,,,,,Flying]Whimsicott||FocusSash|Prankster|Moonblast,Taunt,Tailwind,Protect|||F|||50|,,,,,Ghost]Farigiraf||ThroatSpray|ArmorTail|HyperVoice,HelpingHand,TrickRoom,Protect|||M|||50|,,,,,Water
|inactive|Battle timer is ON: inactive players will automatically lose when time's up. (requested by yeet58)
|inactive|atahualpamaia also wants the timer to be on.
|inactive|atahualpamaia has 60 seconds left.
|
|t:|1757024643
|teamsize|p1|4
|teamsize|p2|4
|start
|switch|p1a: Kommo-o|Kommo-o, L50, M|100/100
|switch|p1b: Ursaluna|Ursaluna-Bloodmoon, L50, M|100/100
|switch|p2a: Whimsicott|Whimsicott, L50, F|100/100
|switch|p2b: Dragonite|Dragonite, L50, F|100/100
|turn|1
|
|t:|1757024655
|move|p2a: Whimsicott|Protect|p2a: Whimsicott
|-singleturn|p2a: Whimsicott|Protect
|move|p2b: Dragonite|Protect|p2b: Dragonite
|-singleturn|p2b: Dragonite|Protect
|move|p1a: Kommo-o|Breaking Swipe|p2b: Dragonite|[spread] 
|-activate|p2a: Whimsicott|move: Protect
|-activate|p2b: Dragonite|move: Protect
|move|p1b: Ursaluna|Hyper Voice|p2a: Whimsicott|[spread] 
|-activate|p2a: Whimsicott|move: Protect
|-activate|p2b: Dragonite|move: Protect
|
|upkeep
|turn|2
|inactive|atahualpamaia has 30 seconds left.
|inactive|atahualpamaia has 20 seconds left.
|
|t:|1757024694
|-terastallize|p2b: Dragonite|Steel
|-terastallize|p1a: Kommo-o|Steel
|move|p2a: Whimsicott|Moonblast|p1a: Kommo-o
|-resisted|p1a: Kommo-o
|-damage|p1a: Kommo-o|81/100
|move|p2b: Dragonite|Scale Shot|p1b: Ursaluna
|-damage|p1b: Ursaluna|88/100
|-damage|p1b: Ursaluna|77/100
|-crit|p1b: Ursaluna
|-damage|p1b: Ursaluna|60/100
|-damage|p1b: Ursaluna|50/100
|-damage|p1b: Ursaluna|38/100
|-hitcount|p1b: Ursaluna|5
|-unboost|p2b: Dragonite|def|1
|-boost|p2b: Dragonite|spe|1
|move|p1a: Kommo-o|Breaking Swipe|p2a: Whimsicott|[spread] p2b
|-immune|p2a: Whimsicott
|-resisted|p2b: Dragonite
|-crit|p2b: Dragonite
|-damage|p2b: Dragonite|91/100
|-unboost|p2b: Dragonite|atk|1
|move|p1b: Ursaluna|Blood Moon|p2b: Dragonite
|-resisted|p2b: Dragonite
|-damage|p2b: Dragonite|33/100
|-damage|p1b: Ursaluna|28/100|[from] item: Life Orb
|
|upkeep
|turn|3
|inactive|atahualpamaia has 30 seconds left.
|
|t:|1757024721
|move|p2b: Dragonite|Stomping Tantrum|p1a: Kommo-o
|-supereffective|p1a: Kommo-o
|-damage|p1a: Kommo-o|54/100
|move|p2a: Whimsicott|Moonblast|p1b: Ursaluna
|-damage|p1b: Ursaluna|0 fnt
|faint|p1b: Ursaluna
|move|p1a: Kommo-o|Body Press|p2a: Whimsicott
|-resisted|p2a: Whimsicott
|-damage|p2a: Whimsicott|66/100
|
|upkeep
|
|t:|1757024728
|switch|p1b: Rillaboom|Rillaboom, L50, M|100/100
|-fieldstart|move: Grassy Terrain|[from] ability: Grassy Surge|[of] p1b: Rillaboom
|turn|4
|
|t:|1757024737
|move|p2a: Whimsicott|Protect|p2a: Whimsicott
|-singleturn|p2a: Whimsicott|Protect
|move|p2b: Dragonite|Protect|p2b: Dragonite
|-singleturn|p2b: Dragonite|Protect
|move|p1b: Rillaboom|Fake Out|p2b: Dragonite
|-activate|p2b: Dragonite|move: Protect
|move|p1a: Kommo-o|Body Press|p2b: Dragonite
|-activate|p2b: Dragonite|move: Protect
|
|-heal|p2b: Dragonite|39/100|[from] Grassy Terrain
|-heal|p2a: Whimsicott|72/100|[from] Grassy Terrain
|-heal|p1a: Kommo-o|60/100|[from] Grassy Terrain
|upkeep
|turn|5
|inactive|atahualpamaia has 30 seconds left.
|
|t:|1757024768
|move|p2a: Whimsicott|Tailwind|p2a: Whimsicott
|-sidestart|p2: atahualpamaia|move: Tailwind
|move|p2b: Dragonite|Stomping Tantrum|p1a: Kommo-o
|-supereffective|p1a: Kommo-o
|-damage|p1a: Kommo-o|36/100
|-enditem|p1a: Kommo-o|Sitrus Berry|[eat]
|-heal|p1a: Kommo-o|61/100|[from] item: Sitrus Berry
|move|p1a: Kommo-o|Body Press|p2b: Dragonite
|-supereffective|p2b: Dragonite
|-damage|p2b: Dragonite|0 fnt
|faint|p2b: Dragonite
|move|p1b: Rillaboom|U-turn|p2a: Whimsicott
|-crit|p2a: Whimsicott
|-damage|p2a: Whimsicott|15/100
|
|t:|1757024775
|switch|p1b: Sneasler|Sneasler, L50, M|100/100|[from] U-turn
|-enditem|p1b: Sneasler|Grassy Seed
|-boost|p1b: Sneasler|def|1|[from] item: Grassy Seed
|
|-heal|p2a: Whimsicott|21/100|[from] Grassy Terrain
|-heal|p1a: Kommo-o|67/100|[from] Grassy Terrain
|upkeep
|
|t:|1757024791
|switch|p2b: Sneasler|Sneasler, L50, M|100/100
|turn|6
|
|t:|1757024806
|move|p2b: Sneasler|Close Combat|p1a: Kommo-o
|-supereffective|p1a: Kommo-o
|-damage|p1a: Kommo-o|0 fnt
|-unboost|p2b: Sneasler|def|1
|-unboost|p2b: Sneasler|spd|1
|faint|p1a: Kommo-o
|-enditem|p2b: Sneasler|White Herb
|-clearnegativeboost|p2b: Sneasler|[silent]
|move|p1b: Sneasler|Dire Claw|p2b: Sneasler
|-resisted|p2b: Sneasler
|-damage|p2b: Sneasler|58/100
|-status|p2b: Sneasler|slp
|move|p2a: Whimsicott|Moonblast|p1b: Sneasler
|-damage|p1b: Sneasler|50/100
|
|-heal|p2b: Sneasler|64/100 slp|[from] Grassy Terrain
|-heal|p1b: Sneasler|55/100|[from] Grassy Terrain
|-heal|p2a: Whimsicott|27/100|[from] Grassy Terrain
|upkeep
|
|t:|1757024809
|switch|p1a: Rillaboom|Rillaboom, L50, M|100/100
|turn|7
|
|t:|1757024824
|move|p2a: Whimsicott|Protect|p2a: Whimsicott
|-singleturn|p2a: Whimsicott|Protect
|cant|p2b: Sneasler|slp
|move|p1a: Rillaboom|Fake Out|p2a: Whimsicott
|-activate|p2a: Whimsicott|move: Protect
|move|p1b: Sneasler|Dire Claw|p2b: Sneasler
|-resisted|p2b: Sneasler
|-damage|p2b: Sneasler|22/100 slp
|
|-heal|p2b: Sneasler|27/100 slp|[from] Grassy Terrain
|-heal|p1b: Sneasler|61/100|[from] Grassy Terrain
|-heal|p2a: Whimsicott|33/100|[from] Grassy Terrain
|upkeep
|turn|8
|
|t:|1757024845
|switch|p2a: Braviary|Braviary, L50, M|100/100
|cant|p2b: Sneasler|slp
|move|p1b: Sneasler|Dire Claw|p2b: Sneasler
|-resisted|p2b: Sneasler
|-damage|p2b: Sneasler|0 fnt
|faint|p2b: Sneasler
|move|p1a: Rillaboom|U-turn|p2a: Braviary
|-resisted|p2a: Braviary
|-damage|p2a: Braviary|87/100
|
|-heal|p1b: Sneasler|67/100|[from] Grassy Terrain
|-sideend|p2: atahualpamaia|move: Tailwind
|-fieldend|move: Grassy Terrain
|upkeep
|
|t:|1757024857
|switch|p2b: Whimsicott|Whimsicott, L50, F|33/100
|turn|9
|
|t:|1757024866
|move|p2b: Whimsicott|Tailwind|p2b: Whimsicott
|-sidestart|p2: atahualpamaia|move: Tailwind
|move|p1b: Sneasler|Close Combat|p2a: Braviary
|-damage|p2a: Braviary|20/100
|-unboost|p1b: Sneasler|def|1
|-unboost|p1b: Sneasler|spd|1
|move|p2a: Braviary|Brave Bird|p1b: Sneasler
|-supereffective|p1b: Sneasler
|-damage|p1b: Sneasler|0 fnt
|faint|p1b: Sneasler
|-damage|p2a: Braviary|3/100|[from] Recoil
|-damage|p2a: Braviary|0 fnt|[from] item: Life Orb
|faint|p2a: Braviary
|move|p1a: Rillaboom|U-turn|p2b: Whimsicott
|-damage|p2b: Whimsicott|0 fnt
|faint|p2b: Whimsicott
|
|win|yeet58
|raw|yeet58's rating: 1160 → 1176(+16 for winning)
|raw|atahualpamaia's rating: 1036 → 1026(-10 for losing)
|l|☆yeet58
|player|p1|
