|j|☆slskskksj
|j|☆thebrickwall285
|html|slskskksjthebrickwall285    
|uhtml|bestof|Game 3 of a best-of-3
|t:|1784566762
|gametype|doubles
|player|p1|slskskksj|266|1000
|player|p2|thebrickwall285|102|1099
|gen|9
|tier|[Gen 9 Champions] VGC 2026 Reg M-B (Bo3)
|rated|
|rule|Species Clause: Limit one of each Pokémon
|rule|Item Clause: Limit 1 of each item
|clearpoke
|poke|p1|Gengar, L50, M|
|poke|p1|Archaludon, L50, F|
|poke|p1|Politoed, L50, F|
|poke|p1|Incineroar, L50, M|
|poke|p1|Sinistcha, L50|
|poke|p1|Swampert, L50, F|
|poke|p2|Scovillain, L50, F|
|poke|p2|Aerodactyl, L50, M|
|poke|p2|Sylveon, L50, F|
|poke|p2|Salazzle, L50, F|
|poke|p2|Meowstic, L50, M|
|poke|p2|Kingambit, L50, M|
|teampreview|4
|showteam|p1|Gengar||Gengarite|CursedBody|ShadowBall,SludgeBomb,PerishSong,Protect|Modest||M|||50|]Archaludon||Leftovers|Stamina|ElectroShot,DragonPulse,FlashCannon,Protect|Modest||F|||50|]Politoed||SitrusBerry|Drizzle|WeatherBall,Hypnosis,PerishSong,Protect|Calm||F|||50|]Incineroar||ChopleBerry|Intimidate|FlareBlitz,FakeOut,PartingShot,Protect|Sassy||M|||50|]Sinistcha||ColburBerry|Hospitality|MatchaGotcha,RagePowder,TrickRoom,Protect|Calm|||||50|]Swampert||Swampertite|Torrent|IcePunch,WaveCrash,HighHorsepower,Protect|Adamant||F|||50|
|showteam|p2|Scovillain||Scovillainite|Chlorophyll|Flamethrower,GigaDrain,RagePowder,LeechSeed|Modest||F|||50|]Aerodactyl||Aerodactylite|RockHead|DragonClaw,Tailwind,DualWingbeat,RockSlide|Jolly||M|||50|]Sylveon||SitrusBerry|Pixilate|CalmMind,Protect,HyperVoice,ShadowBall|Modest||F|||50|]Salazzle||ShellBell|Corrosion|FakeOut,Flamethrower,SludgeBomb,Toxic|Hasty||F|||50|]Meowstic||FocusSash|Prankster|FakeOut,TrickRoom,Psychic,SunnyDay|Sassy||M|||50|]Kingambit||Leftovers|Defiant|IronHead,LowKick,SuckerPunch,KowtowCleave|Adamant||M|||50|
|
|t:|1784566792
|teamsize|p1|4
|teamsize|p2|4
|start
|switch|p1a: Swampert|Swampert, L50, F|100/100
|switch|p1b: Archaludon|Archaludon, L50, F|100/100
|switch|p2a: Meowstic|Meowstic, L50, M|100/100
|switch|p2b: Kingambit|Kingambit, L50, M|100/100
|turn|1
|
|t:|1784566805
|switch|p1b: Politoed|Politoed, L50, F|100/100
|-weather|RainDance|[from] ability: Drizzle|[of] p1b: Politoed
|detailschange|p1a: Swampert|Swampert-Mega, L50, F
|-mega|p1a: Swampert|Swampert|Swampertite
|move|p1a: Swampert|High Horsepower|p2b: Kingambit
|-supereffective|p2b: Kingambit|1
|-damage|p2b: Kingambit|6/100
|move|p2b: Kingambit|Low Kick|p1b: Politoed
|-damage|p1b: Politoed|76/100
|move|p2a: Meowstic|Trick Room|p2a: Meowstic
|-fieldstart|move: Trick Room|[of] p2a: Meowstic
|
|-weather|RainDance|[upkeep]
|-heal|p2b: Kingambit|12/100|[from] item: Leftovers
|upkeep
|turn|2
|
|t:|1784566825
|move|p1b: Politoed|Protect|p1b: Politoed
|-singleturn|p1b: Politoed|Protect
|move|p1a: Swampert|Protect|p1a: Swampert
|-singleturn|p1a: Swampert|Protect
|move|p2a: Meowstic|Sunny Day|p2a: Meowstic
|-weather|SunnyDay
|move|p2b: Kingambit|Kowtow Cleave|p1a: Swampert
|-activate|p1a: Swampert|move: Protect
|
|-weather|SunnyDay|[upkeep]
|-heal|p2b: Kingambit|17/100|[from] item: Leftovers
|upkeep
|turn|3
|
|t:|1784566843
|switch|p1a: Archaludon|Archaludon, L50, F|100/100
|move|p2b: Kingambit|Kowtow Cleave|p1a: Archaludon
|-damage|p1a: Archaludon|61/100
|-ability|p1a: Archaludon|Stamina|boost
|-boost|p1a: Archaludon|def|1
|move|p1b: Politoed|Weather Ball|p2b: Kingambit
|-supereffective|p2b: Kingambit|1
|-damage|p2b: Kingambit|0 fnt
|faint|p2b: Kingambit
|move|p2a: Meowstic|Psychic|p1a: Archaludon
|-resisted|p1a: Archaludon|1
|-damage|p1a: Archaludon|49/100
|-ability|p1a: Archaludon|Stamina|boost
|-boost|p1a: Archaludon|def|1
|
|-weather|SunnyDay|[upkeep]
|-heal|p1a: Archaludon|55/100|[from] item: Leftovers
|upkeep
|
|t:|1784566853
|switch|p2b: Scovillain|Scovillain, L50, F|100/100
|turn|4
|
|t:|1784566875
|switch|p1b: Sinistcha|Sinistcha, L50|100/100
|-heal|p1a: Archaludon|80/100|[from] ability: Hospitality|[of] p1b: Sinistcha
|detailschange|p2b: Scovillain|Scovillain-Mega, L50, F
|-mega|p2b: Scovillain|Scovillain|Scovillainite
|move|p1a: Archaludon|Protect|p1a: Archaludon
|-singleturn|p1a: Archaludon|Protect
|move|p2b: Scovillain|Giga Drain|p1b: Sinistcha
|-resisted|p1b: Sinistcha|1
|-damage|p1b: Sinistcha|80/100
|move|p2a: Meowstic|Psychic|p1a: Archaludon
|-activate|p1a: Archaludon|move: Protect
|
|-weather|SunnyDay|[upkeep]
|-heal|p1a: Archaludon|86/100|[from] item: Leftovers
|upkeep
|turn|5
|
|t:|1784566906
|move|p1b: Sinistcha|Rage Powder|p1b: Sinistcha
|-singleturn|p1b: Sinistcha|move: Rage Powder
|move|p2b: Scovillain|Flamethrower|p1b: Sinistcha
|-supereffective|p1b: Sinistcha|1
|-damage|p1b: Sinistcha|0 fnt
|faint|p1b: Sinistcha
|move|p2a: Meowstic|Psychic|p1a: Archaludon
|-resisted|p1a: Archaludon|1
|-damage|p1a: Archaludon|73/100
|-ability|p1a: Archaludon|Stamina|boost
|-boost|p1a: Archaludon|def|1
|move|p1a: Archaludon|Dragon Pulse|p2b: Scovillain
|-damage|p2b: Scovillain|55/100
|-status|p1a: Archaludon|brn|[from] ability: Spicy Spray|[of] p2b: Scovillain
|
|-weather|SunnyDay|[upkeep]
|-heal|p1a: Archaludon|80/100 brn|[from] item: Leftovers
|-damage|p1a: Archaludon|73/100 brn|[from] brn
|-fieldend|move: Trick Room
|upkeep
|
|t:|1784566913
|switch|p1b: Swampert|Swampert-Mega, L50, F|100/100
|turn|6
|
|t:|1784566926
|switch|p1a: Politoed|Politoed, L50, F|76/100
|-weather|RainDance|[from] ability: Drizzle|[of] p1a: Politoed
|switch|p2b: Sylveon|Sylveon, L50, F|100/100
|move|p1b: Swampert|Wave Crash|p2b: Sylveon
|-damage|p2b: Sylveon|0 fnt
|faint|p2b: Sylveon
|-damage|p1b: Swampert|65/100|[from] Recoil
|move|p2a: Meowstic|Trick Room|p2a: Meowstic
|-fieldstart|move: Trick Room|[of] p2a: Meowstic
|
|-weather|RainDance|[upkeep]
|upkeep
|
|t:|1784566938
|switch|p2b: Scovillain|Scovillain-Mega, L50, F|55/100
|turn|7
|
|t:|1784566960
|move|p1a: Politoed|Perish Song|p1a: Politoed
|-start|p1a: Politoed|perish3|[silent]
|-start|p1b: Swampert|perish3|[silent]
|-start|p2a: Meowstic|perish3|[silent]
|-start|p2b: Scovillain|perish3|[silent]
|-fieldactivate|move: Perish Song
|move|p2b: Scovillain|Giga Drain|p1b: Swampert
|-supereffective|p1b: Swampert|2
|-damage|p1b: Swampert|0 fnt
|-heal|p2b: Scovillain|92/100|[from] drain|[of] p1b: Swampert
|faint|p1b: Swampert
|move|p2a: Meowstic|Psychic|p1a: Politoed
|-damage|p1a: Politoed|56/100
|
|-weather|RainDance|[upkeep]
|-start|p1a: Politoed|perish3
|-start|p2b: Scovillain|perish3
|-start|p2a: Meowstic|perish3
|upkeep
|
|t:|1784566963
|switch|p1b: Archaludon|Archaludon, L50, F|73/100 brn
|turn|8
|
|t:|1784566976
|move|p1a: Politoed|Protect|p1a: Politoed
|-singleturn|p1a: Politoed|Protect
|move|p1b: Archaludon|Protect|p1b: Archaludon
|-singleturn|p1b: Archaludon|Protect
|move|p2a: Meowstic|Sunny Day|p2a: Meowstic
|-weather|SunnyDay
|move|p2b: Scovillain|Flamethrower|p1b: Archaludon
|-activate|p1b: Archaludon|move: Protect
|
|-weather|SunnyDay|[upkeep]
|-heal|p1b: Archaludon|80/100 brn|[from] item: Leftovers
|-damage|p1b: Archaludon|73/100 brn|[from] brn
|-start|p1a: Politoed|perish2
|-start|p2b: Scovillain|perish2
|-start|p2a: Meowstic|perish2
|upkeep
|turn|9
|
|t:|1784566990
|move|p1a: Politoed|Hypnosis|p2b: Scovillain
|-status|p2b: Scovillain|slp|[from] move: Hypnosis
|cant|p2b: Scovillain|slp
|move|p2a: Meowstic|Psychic|p1b: Archaludon
|-resisted|p1b: Archaludon|1
|-damage|p1b: Archaludon|60/100 brn
|-ability|p1b: Archaludon|Stamina|boost
|-boost|p1b: Archaludon|def|1
|move|p1b: Archaludon|Flash Cannon|p2a: Meowstic
|-damage|p2a: Meowstic|71/100
|
|-weather|SunnyDay|[upkeep]
|-heal|p1b: Archaludon|67/100 brn|[from] item: Leftovers
|-damage|p1b: Archaludon|60/100 brn|[from] brn
|-start|p1a: Politoed|perish1
|-start|p2b: Scovillain|perish1
|-start|p2a: Meowstic|perish1
|upkeep
|turn|10
|
|t:|1784567012
|move|p1a: Politoed|Protect|p1a: Politoed
|-singleturn|p1a: Politoed|Protect
|move|p1b: Archaludon|Protect|p1b: Archaludon
|-singleturn|p1b: Archaludon|Protect
|cant|p2b: Scovillain|slp
|move|p2a: Meowstic|Psychic|p1a: Politoed
|-activate|p1a: Politoed|move: Protect
|
|-weather|SunnyDay|[upkeep]
|-heal|p1b: Archaludon|67/100 brn|[from] item: Leftovers
|-damage|p1b: Archaludon|60/100 brn|[from] brn
|-start|p1a: Politoed|perish0
|-start|p2b: Scovillain|perish0
|-start|p2a: Meowstic|perish0
|-fieldend|move: Trick Room
|faint|p1a: Politoed
|faint|p2b: Scovillain
|faint|p2a: Meowstic
|
|win|slskskksj
|raw|slskskksj's rating: 1000 → 1051(+51 for winning)
|raw|thebrickwall285's rating: 1099 → 1067(-32 for losing)
|c|☆thebrickwall285|gg
|l|☆thebrickwall285
|player|p2|
|l|☆slskskksj
|player|p1|
