|j|☆Ethan's Bleakmiss
|j|☆bopthehydropump
|html|Ethan's Bleakmissbopthehydropump    
|uhtml|bestof|Game 2 of a best-of-3
|t:|1783524899
|gametype|doubles
|player|p1|Ethan's Bleakmiss|unknown|1053
|player|p2|bopthehydropump|lucas|1082
|gen|9
|tier|[Gen 9 Champions] VGC 2026 Reg M-B (Bo3)
|rated|
|rule|Species Clause: Limit one of each Pokémon
|rule|Item Clause: Limit 1 of each item
|clearpoke
|poke|p1|Floette-Eternal, L50, F|
|poke|p1|Froslass, L50, F, shiny|
|poke|p1|Whimsicott, L50, M, shiny|
|poke|p1|Maushold, L50, shiny|
|poke|p1|Sneasler, L50, F, shiny|
|poke|p1|Basculegion, L50, M, shiny|
|poke|p2|Eelektross, L50, F|
|poke|p2|Sinistcha, L50|
|poke|p2|Incineroar, L50, F|
|poke|p2|Garchomp, L50, F|
|poke|p2|Kingambit, L50, M|
|poke|p2|Primarina, L50, F|
|teampreview|4
|showteam|p1|Floette-Eternal||Floettite|FlowerVeil|Protect,LightofRuin,DazzlingGleam,Moonblast|Timid||F|||50|]Froslass||Froslassite|CursedBody|ShadowBall,AuroraVeil,Blizzard,Protect|Timid||F|||50|]Whimsicott||FocusSash|Prankster|Protect,Moonblast,Tailwind,FakeTears|Timid||M|||50|]Maushold||SitrusBerry|FriendGuard|SuperFang,Protect,FollowMe,Taunt|Bold|||||50|]Sneasler||WhiteHerb|Unburden|CloseCombat,DireClaw,Protect,FakeOut|Adamant||F|||50|]Basculegion||LifeOrb|Adaptability|WaveCrash,Protect,LastRespects,AquaJet|Adamant||M|||50|
|showteam|p2|Eelektross||Eelektrossite|Levitate|Thunderbolt,ThunderPunch,GrassKnot,Protect|Quiet||F|||50|]Sinistcha||SitrusBerry|Hospitality|MatchaGotcha,LifeDew,RagePowder,TrickRoom|Sassy|||||50|]Incineroar||LumBerry|Intimidate|FakeOut,PartingShot,FlareBlitz,HelpingHand|Sassy||F|||50|]Garchomp||LifeOrb|RoughSkin|Earthquake,RockSlide,DragonClaw,Protect|Adamant||F|||50|]Kingambit||ChopleBerry|Defiant|SuckerPunch,KowtowCleave,IronHead,Protect|Careful||M|||50|]Primarina||DampRock|LiquidVoice|HyperVoice,Moonblast,CalmMind,Protect|Quiet||F|||50|
|inactive|Battle timer is ON: inactive players will automatically lose when time's up. (requested by Ethan's Bleakmiss)
|inactive|Ethan's Bleakmiss has 60 seconds left.
|
|t:|1783524938
|teamsize|p1|4
|teamsize|p2|4
|start
|switch|p1a: Maushold|Maushold, L50, shiny|100/100
|switch|p1b: Froslass|Froslass, L50, F, shiny|100/100
|switch|p2a: Eelektross|Eelektross, L50, F|100/100
|switch|p2b: Sinistcha|Sinistcha, L50|100/100
|turn|1
|
|t:|1783524957
|switch|p2b: Kingambit|Kingambit, L50, M|100/100
|detailschange|p1b: Froslass|Froslass-Mega, L50, F, shiny
|-mega|p1b: Froslass|Froslass|Froslassite
|-weather|Snowscape|[from] ability: Snow Warning|[of] p1b: Froslass
|detailschange|p2a: Eelektross|Eelektross-Mega, L50, F
|-mega|p2a: Eelektross|Eelektross|Eelektrossite
|move|p1b: Froslass|Aurora Veil|p1b: Froslass
|-sidestart|p1: Ethan's Bleakmiss|move: Aurora Veil
|move|p1a: Maushold|Taunt|p2b: Kingambit
|-start|p2b: Kingambit|move: Taunt
|move|p2a: Eelektross|Thunderbolt|p1b: Froslass
|-damage|p1b: Froslass|69/100
|-status|p1b: Froslass|par
|
|-weather|Snowscape|[upkeep]
|upkeep
|turn|2
|inactive|bopthehydropump has 30 seconds left.
|
|t:|1783524983
|move|p1a: Maushold|Follow Me|p1a: Maushold
|-singleturn|p1a: Maushold|move: Follow Me
|move|p2b: Kingambit|Sucker Punch||[still]
|-fail|p2b: Kingambit
|move|p1b: Froslass|Blizzard|p2a: Eelektross|[spread] p2a,p2b
|-resisted|p2b: Kingambit|1
|-damage|p2a: Eelektross|55/100
|-damage|p2b: Kingambit|79/100
|-status|p2b: Kingambit|frz
|move|p2a: Eelektross|Thunderbolt|p1a: Maushold
|-damage|p1a: Maushold|63/100
|
|-weather|Snowscape|[upkeep]
|upkeep
|turn|3
|
|t:|1783525006
|switch|p2b: Incineroar|Incineroar, L50, F|100/100
|-ability|p2b: Incineroar|Intimidate|boost
|-unboost|p1a: Maushold|atk|1
|-unboost|p1b: Froslass|atk|1
|move|p2a: Eelektross|Protect|p2a: Eelektross
|-singleturn|p2a: Eelektross|Protect
|move|p1a: Maushold|Follow Me|p1a: Maushold
|-singleturn|p1a: Maushold|move: Follow Me
|move|p1b: Froslass|Blizzard|p2a: Eelektross|[spread] p2b
|-activate|p2a: Eelektross|move: Protect
|-resisted|p2b: Incineroar|1
|-damage|p2b: Incineroar|82/100
|
|-weather|Snowscape|[upkeep]
|upkeep
|turn|4
|
|t:|1783525027
|switch|p1a: Basculegion|Basculegion, L50, M, shiny|100/100
|move|p2b: Incineroar|Fake Out|p1a: Basculegion
|-immune|p1a: Basculegion
|move|p1b: Froslass|Blizzard|p2a: Eelektross|[spread] p2a,p2b
|-resisted|p2b: Incineroar|1
|-damage|p2a: Eelektross|11/100
|-damage|p2b: Incineroar|64/100
|move|p2a: Eelektross|Thunderbolt|p1b: Froslass
|-damage|p1b: Froslass|24/100 par
|
|-weather|Snowscape|[upkeep]
|upkeep
|turn|5
|inactive|bopthehydropump has 30 seconds left.
|
|t:|1783525058
|switch|p2b: Sinistcha|Sinistcha, L50|100/100
|-heal|p2a: Eelektross|36/100|[from] ability: Hospitality|[of] p2b: Sinistcha
|move|p2a: Eelektross|Protect|p2a: Eelektross
|-singleturn|p2a: Eelektross|Protect
|move|p1a: Basculegion|Wave Crash|p2b: Sinistcha
|-resisted|p2b: Sinistcha|1
|-damage|p2b: Sinistcha|58/100
|-damage|p1a: Basculegion|88/100|[from] Recoil
|-damage|p1a: Basculegion|79/100|[from] item: Life Orb
|move|p1b: Froslass|Blizzard|p2b: Sinistcha|[spread] p2b
|-activate|p2a: Eelektross|move: Protect
|-supereffective|p2b: Sinistcha|1
|-damage|p2b: Sinistcha|0 fnt
|faint|p2b: Sinistcha
|
|-weather|none
|-sideend|p1: Ethan's Bleakmiss|move: Aurora Veil
|upkeep
|
|t:|1783525074
|switch|p2b: Incineroar|Incineroar, L50, F|64/100
|-ability|p2b: Incineroar|Intimidate|boost
|-unboost|p1a: Basculegion|atk|1
|-unboost|p1b: Froslass|atk|1
|turn|6
|
|t:|1783525091
|switch|p1b: Maushold|Maushold, L50, shiny|63/100
|switch|p2a: Kingambit|Kingambit, L50, M|79/100 frz
|move|p1a: Basculegion|Wave Crash|p2a: Kingambit
|-damage|p2a: Kingambit|21/100 frz
|-damage|p1a: Basculegion|60/100|[from] Recoil
|-damage|p1a: Basculegion|50/100g|[from] item: Life Orb
|move|p2b: Incineroar|Flare Blitz|p1b: Maushold
|-damage|p1b: Maushold|14/100
|-enditem|p1b: Maushold|Sitrus Berry|[eat]
|-heal|p1b: Maushold|39/100|[from] item: Sitrus Berry
|-damage|p2b: Incineroar|50/100y|[from] Recoil
|
|upkeep
|turn|7
|inactive|bopthehydropump has 30 seconds left.
|
|t:|1783525117
|move|p1b: Maushold|Protect|p1b: Maushold
|-singleturn|p1b: Maushold|Protect
|cant|p2a: Kingambit|frz
|move|p1a: Basculegion|Wave Crash|p2a: Kingambit
|-damage|p2a: Kingambit|0 fnt
|faint|p2a: Kingambit
|-damage|p1a: Basculegion|43/100|[from] Recoil
|-damage|p1a: Basculegion|33/100|[from] item: Life Orb
|move|p2b: Incineroar|Parting Shot|p1a: Basculegion
|-unboost|p1a: Basculegion|atk|1
|-unboost|p1a: Basculegion|spa|1
|
|t:|1783525128
|switch|p2b: Eelektross|Eelektross-Mega, L50, F|36/100|[from] Parting Shot
|
|upkeep
|
|t:|1783525131
|switch|p2a: Incineroar|Incineroar, L50, F|50/100y
|-ability|p2a: Incineroar|Intimidate|boost
|-unboost|p1a: Basculegion|atk|1
|-unboost|p1b: Maushold|atk|1
|turn|8
|
|t:|1783525150
|switch|p1a: Sneasler|Sneasler, L50, F, shiny|100/100
|move|p1b: Maushold|Super Fang|p2b: Eelektross
|-damage|p2b: Eelektross|18/100
|move|p2b: Eelektross|Thunderbolt|p1a: Sneasler
|-damage|p1a: Sneasler|47/100
|move|p2a: Incineroar|Flare Blitz|p1b: Maushold
|-damage|p1b: Maushold|0 fnt
|faint|p1b: Maushold
|-damage|p2a: Incineroar|38/100|[from] Recoil
|
|upkeep
|
|t:|1783525162
|switch|p1b: Basculegion|Basculegion, L50, M, shiny|33/100
|turn|9
|
|t:|1783525171
|move|p2b: Eelektross|Protect|p2b: Eelektross
|-singleturn|p2b: Eelektross|Protect
|move|p1a: Sneasler|Close Combat|p2b: Eelektross
|-activate|p2b: Eelektross|move: Protect
|move|p1b: Basculegion|Wave Crash|p2a: Incineroar
|-supereffective|p2a: Incineroar|1
|-damage|p2a: Incineroar|0 fnt
|faint|p2a: Incineroar
|-damage|p1b: Basculegion|21/100|[from] Recoil
|-damage|p1b: Basculegion|12/100|[from] item: Life Orb
|
|upkeep
|turn|10
|
|t:|1783525184
|move|p1a: Sneasler|Close Combat|p2b: Eelektross
|-damage|p2b: Eelektross|0 fnt
|-unboost|p1a: Sneasler|def|1
|-unboost|p1a: Sneasler|spd|1
|faint|p2b: Eelektross
|
|win|Ethan's Bleakmiss
