|j|☆Eggy’sDad
|j|☆C.blaze
|html|Eggy’sDadC.blaze    
|uhtml|bestof|Game 1 of a best-of-3
|t:|1785203125
|gametype|doubles
|player|p1|Eggy’sDad|266|1102
|player|p2|C.blaze|169|1140
|gen|9
|tier|[Gen 9 Champions] VGC 2026 Reg M-B (Bo3)
|rated|
|rule|Species Clause: Limit one of each Pokémon
|rule|Item Clause: Limit 1 of each item
|clearpoke
|poke|p1|Pyroar, L50, M|
|poke|p1|Whimsicott, L50, M|
|poke|p1|Ninetales, L50, M|
|poke|p1|Farigiraf, L50, M|
|poke|p1|Basculegion, L50, M|
|poke|p1|Floette-Eternal, L50, F|
|poke|p2|Mawile, L50, F|
|poke|p2|Hydreigon, L50, F|
|poke|p2|Oranguru, L50, M|
|poke|p2|Sneasler, L50, M|
|poke|p2|Rotom-Wash, L50|
|poke|p2|Sylveon, L50, F|
|teampreview|4
|showteam|p1|Pyroar||Pyroarite|Unnerve|HeatWave,SolarBeam,Overheat,Protect|Timid||M|||50|]Whimsicott||FocusSash|Prankster|Moonblast,Tailwind,SunnyDay,Protect|Timid||M|||50|]Ninetales||ChoiceScarf|Drought|Overheat,HeatWave,SolarBeam,FakeTears|Modest||M|||50|]Farigiraf||SitrusBerry|ArmorTail|Thunderbolt,TwinBeam,TrickRoom,HelpingHand|Bold||M|||50|]Basculegion||LifeOrb|Adaptability|WaveCrash,LastRespects,AquaJet,Protect|Adamant||M|||50|]Floette-Eternal||Floettite|FlowerVeil|Moonblast,DazzlingGleam,LightofRuin,Protect|Timid||F|||50|
|showteam|p2|Mawile||Mawilite|Intimidate|PlayRough,IronHead,Protect,RockSlide|Brave||F|||50|]Hydreigon||HabanBerry|Levitate|DracoMeteor,DarkPulse,Protect,Snarl|Timid||F|||50|]Oranguru||MentalHerb|InnerFocus|Psychic,Encore,Instruct,TrickRoom|Sassy||M|||50|]Sneasler||WhiteHerb|Unburden|CloseCombat,DireClaw,Protect,FakeOut|Jolly||M|||50|]Rotom-Wash||SitrusBerry|Levitate|Thunderbolt,HydroPump,Electroweb,WillOWisp|Timid|||||50|]Sylveon||FairyFeather|Pixilate|HyperVoice,HyperBeam,Protect,MysticalFire|Modest||F|||50|
|
|t:|1785203204
|teamsize|p1|4
|teamsize|p2|4
|start
|switch|p1a: Pyroar|Pyroar, L50, M|100/100
|switch|p1b: Ninetales|Ninetales, L50, M|100/100
|switch|p2a: Hydreigon|Hydreigon, L50, F|100/100
|switch|p2b: Oranguru|Oranguru, L50, M|100/100
|-ability|p1a: Pyroar|Unnerve
|-weather|SunnyDay|[from] ability: Drought|[of] p1b: Ninetales
|turn|1
|inactive|Battle timer is ON: inactive players will automatically lose when time's up. (requested by C.blaze)
|inactive|Eggy’sDad has 60 seconds left.
|inactive|Eggy’sDad has 30 seconds left.
|
|t:|1785203267
|detailschange|p1a: Pyroar|Pyroar-Mega, L50, M
|-mega|p1a: Pyroar|Pyroar|Pyroarite
|move|p1b: Ninetales|Heat Wave|p2a: Hydreigon|[spread] p2a,p2b
|-resisted|p2a: Hydreigon|1
|-damage|p2a: Hydreigon|75/100
|-damage|p2b: Oranguru|72/100
|move|p1a: Pyroar|Overheat|p2b: Oranguru
|-damage|p2b: Oranguru|0 fnt
|-unboost|p1a: Pyroar|spa|2
|faint|p2b: Oranguru
|move|p2a: Hydreigon|Snarl|p1b: Ninetales|[spread] p1a,p1b
|-damage|p1a: Pyroar|71/100
|-damage|p1b: Ninetales|71/100
|-unboost|p1a: Pyroar|spa|1
|-unboost|p1b: Ninetales|spa|1
|
|-weather|SunnyDay|[upkeep]
|upkeep
|inactive|C.blaze has 30 seconds left.
|inactive|C.blaze has 20 seconds left.
|inactive|C.blaze has 15 seconds left.
|
|t:|1785203309
|switch|p2b: Sylveon|Sylveon, L50, F|100/100
|turn|2
|inactive|Eggy’sDad has 30 seconds left.
|
|t:|1785203336
|switch|p1a: Whimsicott|Whimsicott, L50, M|100/100
|move|p2b: Sylveon|Protect|p2b: Sylveon
|-singleturn|p2b: Sylveon|Protect
|move|p1b: Ninetales|Heat Wave|p2a: Hydreigon|[spread] p2a
|-activate|p2b: Sylveon|move: Protect
|-resisted|p2a: Hydreigon|1
|-damage|p2a: Hydreigon|59/100
|move|p2a: Hydreigon|Draco Meteor|p1a: Whimsicott
|-immune|p1a: Whimsicott
|
|-weather|SunnyDay|[upkeep]
|upkeep
|turn|3
|
|t:|1785203359
|move|p1b: Ninetales|Heat Wave|p2a: Hydreigon|[spread] p2b
|-miss|p1b: Ninetales|p2a: Hydreigon
|-crit|p2b: Sylveon
|-damage|p2b: Sylveon|47/100
|move|p1a: Whimsicott|Moonblast|p2a: Hydreigon
|-supereffective|p2a: Hydreigon|2
|-damage|p2a: Hydreigon|0 fnt
|faint|p2a: Hydreigon
|move|p2b: Sylveon|Hyper Voice|p1a: Whimsicott|[spread] p1a,p1b
|-crit|p1a: Whimsicott
|-resisted|p1b: Ninetales|1
|-enditem|p1a: Whimsicott|Focus Sash
|-damage|p1a: Whimsicott|1/100
|-damage|p1b: Ninetales|40/100
|
|-weather|SunnyDay|[upkeep]
|upkeep
|
|t:|1785203367
|switch|p2a: Mawile|Mawile, L50, F|100/100
|-ability|p2a: Mawile|Intimidate|boost
|-unboost|p1a: Whimsicott|atk|1
|-unboost|p1b: Ninetales|atk|1
|turn|4
|
|t:|1785203380
|move|p2a: Mawile|Protect|p2a: Mawile
|-singleturn|p2a: Mawile|Protect
|move|p1a: Whimsicott|Tailwind|p1a: Whimsicott
|-sidestart|p1: Eggy’sDad|move: Tailwind
|move|p1b: Ninetales|Heat Wave|p2a: Mawile|[spread] p2b
|-activate|p2a: Mawile|move: Protect
|-damage|p2b: Sylveon|23/100
|move|p2b: Sylveon|Hyper Voice|p1b: Ninetales|[spread] p1a,p1b
|-resisted|p1b: Ninetales|1
|-damage|p1a: Whimsicott|0 fnt
|-damage|p1b: Ninetales|10/100
|faint|p1a: Whimsicott
|
|-weather|SunnyDay|[upkeep]
|upkeep
|
|t:|1785203396
|switch|p1a: Pyroar|Pyroar-Mega, L50, M|71/100
|turn|5
|
|t:|1785203418
|detailschange|p2a: Mawile|Mawile-Mega, L50, F
|-mega|p2a: Mawile|Mawile|Mawilite
|move|p1b: Ninetales|Heat Wave|p2a: Mawile|[spread] p2a,p2b
|-supereffective|p2a: Mawile|1
|-damage|p2a: Mawile|35/100
|-damage|p2b: Sylveon|1/100
|move|p1a: Pyroar|Heat Wave|p2b: Sylveon|[spread] p2a,p2b
|-supereffective|p2a: Mawile|1
|-damage|p2a: Mawile|0 fnt
|-damage|p2b: Sylveon|0 fnt
|faint|p2a: Mawile
|faint|p2b: Sylveon
|
|win|Eggy’sDad
||C.blaze is ready for game 2.
|inactive|Eggy’sDad has 30 seconds to confirm battle start!
