|j|☆25th_mang
|j|☆135x155
|html|25th_mang135x155    
|uhtml|bestof|Game 2 of a best-of-3
|t:|1783408807
|gametype|doubles
|player|p1|25th_mang|ballguy|1212
|player|p2|135x155|biker-gen4|1131
|gen|9
|tier|[Gen 9 Champions] VGC 2026 Reg M-B (Bo3)
|rated|
|rule|Species Clause: Limit one of each Pokémon
|rule|Item Clause: Limit 1 of each item
|clearpoke
|poke|p1|Chandelure, L50, F|
|poke|p1|Garchomp, L50, F|
|poke|p1|Kingambit, L50, F|
|poke|p1|Tsareena, L50, F|
|poke|p1|Whimsicott, L50, F|
|poke|p1|Starmie, L50|
|poke|p2|Sinistcha, L50|
|poke|p2|Blaziken, L50, M|
|poke|p2|Ninetales-Alola, L50, M|
|poke|p2|Kingambit, L50, M|
|poke|p2|Pelipper, L50, F|
|poke|p2|Swampert, L50, F|
|teampreview|4
|showteam|p1|Chandelure||Chandelurite|FlashFire|HeatWave,ShadowBall,TrickRoom,Protect|Modest||F|||50|]Garchomp||LifeOrb|RoughSkin|StompingTantrum,DragonClaw,RockSlide,Protect|Jolly||F|||50|]Kingambit||ChopleBerry|Defiant|IronHead,SuckerPunch,LowKick,Protect|Adamant||F|||50|]Tsareena||WideLens|QueenlyMajesty|PowerWhip,TripleAxel,HelpingHand,Protect|Adamant||F|||50|]Whimsicott||FocusSash|Prankster|Moonblast,Tailwind,Encore,SunnyDay|Modest||F|||50|]Starmie||ChoiceScarf|NaturalCure|Scald,IcyWind,Psychic,Thunderbolt|Modest|||||50|
|showteam|p2|Sinistcha||SitrusBerry|Hospitality|MatchaGotcha,LifeDew,TrickRoom,RagePowder|Relaxed|||||50|]Blaziken||Blazikenite|SpeedBoost|CloseCombat,FlareBlitz,RockSlide,Protect|Adamant||M|||50|]Ninetales-Alola||LightClay|SnowWarning|FreezeDry,Blizzard,Protect,AuroraVeil|Timid||M|||50|]Kingambit||ChopleBerry|Defiant|KowtowCleave,SuckerPunch,IronHead,LowKick|Adamant||M|||50|]Pelipper||DampRock|Drizzle|Hurricane,Protect,WeatherBall,Tailwind|Bold||F|||50|]Swampert||Swampertite|Damp|Earthquake,RockSlide,WaveCrash,Protect|Adamant||F|||50|
|inactive|Battle timer is ON: inactive players will automatically lose when time's up. (requested by 25th_mang)
|inactive|135x155 also wants the timer to be on.
|inactive|25th_mang has 60 seconds left.
|
|t:|1783408847
|teamsize|p1|4
|teamsize|p2|4
|start
|switch|p1a: Whimsicott|Whimsicott, L50, F|100/100
|switch|p1b: Tsareena|Tsareena, L50, F|100/100
|switch|p2a: Blaziken|Blaziken, L50, M|100/100
|switch|p2b: Swampert|Swampert, L50, F|100/100
|turn|1
|inactive|25th_mang has 30 seconds left.
|inactive|135x155 has 30 seconds left.
|
|t:|1783408885
|switch|p1b: Chandelure|Chandelure, L50, F|100/100
|move|p2b: Swampert|Protect|p2b: Swampert
|-singleturn|p2b: Swampert|Protect
|move|p1a: Whimsicott|Tailwind|p1a: Whimsicott
|-sidestart|p1: 25th_mang|move: Tailwind
|move|p2a: Blaziken|Flare Blitz|p1b: Chandelure
|-start|p1b: Chandelure|ability: Flash Fire
|
|-ability|p2a: Blaziken|Speed Boost|boost
|-boost|p2a: Blaziken|spe|1
|upkeep
|turn|2
|inactive|25th_mang has 30 seconds left.
|inactive|25th_mang has 20 seconds left.
|
|t:|1783408923
|detailschange|p1b: Chandelure|Chandelure-Mega, L50, F
|-mega|p1b: Chandelure|Chandelure|Chandelurite
|-end|p1b: Chandelure|ability: Flash Fire|[silent]
|move|p2a: Blaziken|Protect|p2a: Blaziken
|-singleturn|p2a: Blaziken|Protect
|move|p1a: Whimsicott|Encore|p2b: Swampert
|-start|p2b: Swampert|Encore
|move|p2b: Swampert|Protect|p2b: Swampert
|-singleturn|p2b: Swampert|Protect
|move|p1b: Chandelure|Shadow Ball|p2b: Swampert
|-activate|p2b: Swampert|move: Protect
|
|-ability|p2a: Blaziken|Speed Boost|boost
|-boost|p2a: Blaziken|spe|1
|upkeep
|turn|3
|inactive|135x155 has 30 seconds left.
|
|t:|1783408949
|switch|p2b: Pelipper|Pelipper, L50, F|100/100
|-weather|RainDance|[from] ability: Drizzle|[of] p2b: Pelipper
|move|p1a: Whimsicott|Moonblast|p2a: Blaziken
|-damage|p2a: Blaziken|42/100
|move|p1b: Chandelure|Shadow Ball|p2a: Blaziken
|-damage|p2a: Blaziken|0 fnt
|faint|p2a: Blaziken
|
|-weather|RainDance|[upkeep]
|upkeep
|
|t:|1783408958
|switch|p2a: Swampert|Swampert, L50, F|100/100
|turn|4
|
|t:|1783408976
|detailschange|p2a: Swampert|Swampert-Mega, L50, F
|-mega|p2a: Swampert|Swampert|Swampertite
|move|p1a: Whimsicott|Sunny Day|p1a: Whimsicott
|-weather|SunnyDay
|move|p1b: Chandelure|Shadow Ball|p2b: Pelipper
|-damage|p2b: Pelipper|23/100
|move|p2a: Swampert|Wave Crash|p1b: Chandelure
|-supereffective|p1b: Chandelure|1
|-damage|p1b: Chandelure|22/100
|-damage|p2a: Swampert|76/100|[from] Recoil
|move|p2b: Pelipper|Hurricane|p1a: Whimsicott|[miss]
|-miss|p2b: Pelipper|p1a: Whimsicott
|
|-weather|SunnyDay|[upkeep]
|-sideend|p1: 25th_mang|move: Tailwind
|upkeep
|turn|5
|inactive|25th_mang has 30 seconds left.
|inactive|25th_mang has 20 seconds left.
|
|t:|1783409014
|switch|p2b: Ninetales|Ninetales-Alola, L50, M|100/100
|-weather|Snowscape|[from] ability: Snow Warning|[of] p2b: Ninetales
|move|p1a: Whimsicott|Tailwind|p1a: Whimsicott
|-sidestart|p1: 25th_mang|move: Tailwind
|move|p1b: Chandelure|Shadow Ball|p2b: Ninetales
|-damage|p2b: Ninetales|45/100
|-unboost|p2b: Ninetales|spd|1
|move|p2a: Swampert|Earthquake|p1b: Chandelure|[spread] p2b,p1a,p1b
|-resisted|p1a: Whimsicott|1
|-supereffective|p1b: Chandelure|1
|-damage|p2b: Ninetales|8/100
|-damage|p1a: Whimsicott|67/100
|-damage|p1b: Chandelure|0 fnt
|faint|p1b: Chandelure
|
|-weather|Snowscape|[upkeep]
|upkeep
|
|t:|1783409032
|switch|p1b: Tsareena|Tsareena, L50, F|100/100
|turn|6
|
|t:|1783409039
|switch|p2a: Pelipper|Pelipper, L50, F|23/100
|-weather|RainDance|[from] ability: Drizzle|[of] p2a: Pelipper
|move|p1a: Whimsicott|Sunny Day|p1a: Whimsicott
|-weather|SunnyDay
|move|p1b: Tsareena|Power Whip|p2a: Pelipper
|-damage|p2a: Pelipper|0 fnt
|faint|p2a: Pelipper
|move|p2b: Ninetales|Aurora Veil||[still]
|-fail|p2b: Ninetales
|
|-weather|SunnyDay|[upkeep]
|upkeep
|
|t:|1783409048
|switch|p2a: Swampert|Swampert-Mega, L50, F|76/100
|turn|7
|-message|135x155 forfeited.
|raw|25th_mang's rating: 1212 → 1231(+19 for winning)
|raw|135x155's rating: 1131 → 1112(-19 for losing)
|
|win|25th_mang
|l|☆135x155
|player|p2|
|l|☆25th_mang
|player|p1|
|j|☆25th_mang
|player|p1|25th_mang|ballguy|
