|j|☆nemadevil
|j|☆Serendepityz
|html|nemadevilSerendepityz    
|uhtml|bestof|Game 1 of a best-of-3
|t:|1782487279
|gametype|doubles
|player|p1|nemadevil|102|1187
|player|p2|Serendepityz|265|1263
|gen|9
|tier|[Gen 9 Champions] VGC 2026 Reg M-B (Bo3)
|rated|
|rule|Species Clause: Limit one of each Pokémon
|rule|Item Clause: Limit 1 of each item
|clearpoke
|poke|p1|Swampert, L50, F|
|poke|p1|Pelipper, L50, F, shiny|
|poke|p1|Dragonite, L50, F|
|poke|p1|Archaludon, L50, F|
|poke|p1|Tsareena, L50, F, shiny|
|poke|p1|Incineroar, L50, M|
|poke|p2|Swampert, L50, M|
|poke|p2|Maushold, L50|
|poke|p2|Sinistcha, L50|
|poke|p2|Archaludon, L50, F|
|poke|p2|Sylveon, L50, M|
|poke|p2|Pelipper, L50, F|
|teampreview|4
|showteam|p1|Swampert||Swampertite|Torrent|WaveCrash,HighHorsepower,Protect,Earthquake|Adamant||F|||50|]Pelipper||FocusSash|Drizzle|WeatherBall,Hurricane,Protect,Tailwind|Modest||F|||50|]Dragonite||LifeOrb|InnerFocus|Hurricane,DracoMeteor,Protect,Tailwind|Timid||F|||50|]Archaludon||Magnet|Sturdy|ElectroShot,DracoMeteor,Protect,FlashCannon|Timid||F|||50|]Tsareena||KebiaBerry|QueenlyMajesty|TropKick,KnockOff,Protect,Taunt|Adamant||F|||50|]Incineroar||SitrusBerry|Intimidate|FakeOut,DarkestLariat,Taunt,PartingShot|Careful||M|||50|
|showteam|p2|Swampert||Swampertite|Damp|WaveCrash,HighHorsepower,IcePunch,Protect|Adamant||M|||50|]Maushold||FocusSash|FriendGuard|SuperFang,FollowMe,RainDance,Protect|Timid|||||50|]Sinistcha||KasibBerry|Hospitality|MatchaGotcha,RagePowder,Imprison,TrickRoom|Bold|||||50|]Archaludon||Leftovers|Stamina|ElectroShot,DragonPulse,FlashCannon,Protect|Calm||F|||50|]Sylveon||FairyFeather|Pixilate|HyperVoice,HyperBeam,CalmMind,Protect|Modest||M|||50|]Pelipper||SitrusBerry|Drizzle|Hurricane,WeatherBall,Tailwind,WideGuard|Bold||F|||50|
|inactive|Battle timer is ON: inactive players will automatically lose when time's up. (requested by nemadevil)
|
|t:|1782487396
|teamsize|p1|4
|teamsize|p2|4
|start
|switch|p1a: Incineroar|Incineroar, L50, M|100/100
|switch|p1b: Dragonite|Dragonite, L50, F|100/100
|switch|p2a: Maushold|Maushold, L50|100/100
|switch|p2b: Archaludon|Archaludon, L50, F|100/100
|-ability|p1a: Incineroar|Intimidate|boost
|-unboost|p2a: Maushold|atk|1
|-unboost|p2b: Archaludon|atk|1
|turn|1
|inactive|nemadevil has 30 seconds left.
|inactive|Serendepityz has 30 seconds left.
|inactive|nemadevil has 20 seconds left.
|inactive|nemadevil has 15 seconds left.
|
|t:|1782487436
|move|p1a: Incineroar|Fake Out|p2a: Maushold
|-damage|p2a: Maushold|85/100
|cant|p2a: Maushold|flinch
|move|p1b: Dragonite|Tailwind|p1b: Dragonite
|-sidestart|p1: nemadevil|move: Tailwind
|move|p2b: Archaludon|Dragon Pulse|p1b: Dragonite
|-supereffective|p1b: Dragonite|1
|-damage|p1b: Dragonite|16/100
|
|upkeep
|turn|2
|inactive|Serendepityz has 30 seconds left.
|
|t:|1782487464
|move|p1b: Dragonite|Draco Meteor|p2a: Maushold
|-damage|p2a: Maushold|0 fnt
|-unboost|p1b: Dragonite|spa|2
|faint|p2a: Maushold
|-damage|p1b: Dragonite|7/100|[from] item: Life Orb
|move|p1a: Incineroar|Parting Shot|p2b: Archaludon
|-unboost|p2b: Archaludon|atk|1
|-unboost|p2b: Archaludon|spa|1
|
|t:|1782487478
|switch|p1a: Pelipper|Pelipper, L50, F, shiny|100/100|[from] Parting Shot
|-weather|RainDance|[from] ability: Drizzle|[of] p1a: Pelipper
|move|p2b: Archaludon|Dragon Pulse|p1b: Dragonite
|-supereffective|p1b: Dragonite|1
|-damage|p1b: Dragonite|0 fnt
|faint|p1b: Dragonite
|
|-weather|RainDance|[upkeep]
|upkeep
|
|t:|1782487488
|switch|p2a: Sinistcha|Sinistcha, L50|100/100
|switch|p1b: Swampert|Swampert, L50, F|100/100
|turn|3
|
|t:|1782487497
|detailschange|p1b: Swampert|Swampert-Mega, L50, F
|-mega|p1b: Swampert|Swampert|Swampertite
|move|p1b: Swampert|Earthquake|p2b: Archaludon|[spread] p2a,p2b
|-immune|p1a: Pelipper
|-resisted|p2a: Sinistcha|1
|-supereffective|p2b: Archaludon|1
|-damage|p2a: Sinistcha|80/100
|-damage|p2b: Archaludon|34/100
|-ability|p2b: Archaludon|Stamina|boost
|-boost|p2b: Archaludon|def|1
|move|p1a: Pelipper|Hurricane|p2a: Sinistcha
|-supereffective|p2a: Sinistcha|1
|-damage|p2a: Sinistcha|0 fnt
|faint|p2a: Sinistcha
|move|p2b: Archaludon|Electro Shot||[still]
|-prepare|p2b: Archaludon|Electro Shot
|-boost|p2b: Archaludon|spa|1
|-anim|p2b: Archaludon|Electro Shot|p1a: Pelipper
|-supereffective|p1a: Pelipper|2
|-enditem|p1a: Pelipper|Focus Sash
|-damage|p1a: Pelipper|1/100
|
|-weather|RainDance|[upkeep]
|-heal|p2b: Archaludon|40/100|[from] item: Leftovers
|upkeep
|
|t:|1782487513
|switch|p2a: Swampert|Swampert, L50, M|100/100
|turn|4
|
|t:|1782487530
|switch|p1a: Incineroar|Incineroar, L50, M|100/100
|-ability|p1a: Incineroar|Intimidate|boost
|-unboost|p2a: Swampert|atk|1
|-unboost|p2b: Archaludon|atk|1
|detailschange|p2a: Swampert|Swampert-Mega, L50, M
|-mega|p2a: Swampert|Swampert|Swampertite
|move|p2a: Swampert|Protect|p2a: Swampert
|-singleturn|p2a: Swampert|Protect
|move|p2b: Archaludon|Protect|p2b: Archaludon
|-singleturn|p2b: Archaludon|Protect
|move|p1b: Swampert|Earthquake|p2a: Swampert|[spread] p1a
|-activate|p2a: Swampert|move: Protect
|-activate|p2b: Archaludon|move: Protect
|-supereffective|p1a: Incineroar|1
|-damage|p1a: Incineroar|14/100
|-enditem|p1a: Incineroar|Sitrus Berry|[eat]
|-heal|p1a: Incineroar|39/100|[from] item: Sitrus Berry
|
|-weather|RainDance|[upkeep]
|-heal|p2b: Archaludon|46/100|[from] item: Leftovers
|-sideend|p1: nemadevil|move: Tailwind
|upkeep
|turn|5
|
|t:|1782487550
|move|p1a: Incineroar|Fake Out|p2a: Swampert
|-damage|p2a: Swampert|90/100
|move|p1b: Swampert|Wave Crash|p2a: Swampert
|-damage|p2a: Swampert|2/100
|-damage|p1b: Swampert|69/100|[from] Recoil
|cant|p2a: Swampert|flinch
|move|p2b: Archaludon|Electro Shot||[still]
|-prepare|p2b: Archaludon|Electro Shot
|-boost|p2b: Archaludon|spa|1
|-anim|p2b: Archaludon|Electro Shot|p1a: Incineroar
|-damage|p1a: Incineroar|0 fnt
|faint|p1a: Incineroar
|
|-weather|RainDance|[upkeep]
|-heal|p2b: Archaludon|53/100|[from] item: Leftovers
|upkeep
|
|t:|1782487564
|switch|p1a: Pelipper|Pelipper, L50, F, shiny|1/100
|turn|6
|inactive|Serendepityz has 30 seconds left.
|
|t:|1782487592
|move|p1b: Swampert|Earthquake|p2a: Swampert|[spread] p2a,p2b
|-immune|p1a: Pelipper
|-supereffective|p2b: Archaludon|1
|-damage|p2a: Swampert|0 fnt
|-damage|p2b: Archaludon|6/100
|-ability|p2b: Archaludon|Stamina|boost
|-boost|p2b: Archaludon|def|1
|faint|p2a: Swampert
|move|p1a: Pelipper|Tailwind|p1a: Pelipper
|-sidestart|p1: nemadevil|move: Tailwind
|move|p2b: Archaludon|Electro Shot||[still]
|-prepare|p2b: Archaludon|Electro Shot
|-boost|p2b: Archaludon|spa|1
|-anim|p2b: Archaludon|Electro Shot|p1a: Pelipper
|-supereffective|p1a: Pelipper|2
|-damage|p1a: Pelipper|0 fnt
|faint|p1a: Pelipper
|
|-weather|none
|-heal|p2b: Archaludon|12/100|[from] item: Leftovers
|upkeep
|turn|7
|
|t:|1782487610
|move|p2b: Archaludon|Protect|p2b: Archaludon
|-singleturn|p2b: Archaludon|Protect
|move|p1b: Swampert|Earthquake|p2b: Archaludon
|-activate|p2b: Archaludon|move: Protect
|
|-heal|p2b: Archaludon|18/100|[from] item: Leftovers
|upkeep
|turn|8
|
|t:|1782487617
|move|p2b: Archaludon|Protect||[still]
|-fail|p2b: Archaludon
|move|p1b: Swampert|Earthquake|p2b: Archaludon
|-supereffective|p2b: Archaludon|1
|-crit|p2b: Archaludon
|-damage|p2b: Archaludon|0 fnt
|faint|p2b: Archaludon
|
|win|nemadevil
||Serendepityz is ready for game 2.
||nemadevil is ready for game 2.
|uhtml|next|Next: Game 2 of 3
|l|☆Serendepityz
|player|p2|
