|j|☆enyelvgc
|j|☆bellytelevision
|html|enyelvgcbellytelevision    
|uhtml|bestof|Game 3 of a best-of-3
|t:|1782242519
|gametype|doubles
|player|p1|enyelvgc|1|1092
|player|p2|bellytelevision|biker|1000
|gen|9
|tier|[Gen 9 Champions] VGC 2026 Reg M-B (Bo3)
|rated|
|rule|Species Clause: Limit one of each Pokémon
|rule|Item Clause: Limit 1 of each item
|clearpoke
|poke|p1|Maushold, L50, shiny|
|poke|p1|Aerodactyl, L50, M|
|poke|p1|Farigiraf, L50, M, shiny|
|poke|p1|Garchomp, L50, F|
|poke|p1|Charizard, L50, M, shiny|
|poke|p1|Sinistcha-Masterpiece, L50|
|poke|p2|Venusaur, L50, M, shiny|
|poke|p2|Swampert, L50, M|
|poke|p2|Sinistcha, L50|
|poke|p2|Pelipper, L50, F|
|poke|p2|Archaludon, L50, M, shiny|
|poke|p2|Sableye, L50, M, shiny|
|teampreview|4
|showteam|p1|Maushold||WideLens|Technician|FollowMe,Protect,PopulationBomb,SuperFang|Jolly|||||50|]Aerodactyl||FocusSash|Unnerve|Tailwind,Protect,WideGuard,RockSlide|Jolly||M|||50|]Farigiraf||SitrusBerry|ArmorTail|TrickRoom,HelpingHand,Psychic,Imprison|Relaxed||M|||50|]Garchomp||LifeOrb|RoughSkin|Earthquake,StompingTantrum,DragonClaw,Protect|Jolly||F|||50|]Charizard||CharizarditeY|Blaze|HeatWave,WeatherBall,SolarBeam,Protect|Timid||M|||50|]Sinistcha-Masterpiece||Leftovers|Hospitality|MatchaGotcha,RagePowder,Protect,CalmMind|Bold|||||50|
|showteam|p2|Venusaur||Venusaurite|Chlorophyll|GigaDrain,SludgeBomb,Protect,EarthPower|Modest||M|||50|]Swampert||Swampertite|Torrent|WaveCrash,IcePunch,HighHorsepower,Protect|Adamant||M|||50|]Sinistcha||CobaBerry|Hospitality|RagePowder,MatchaGotcha,LifeDew,TrickRoom|Sassy|||||50|]Pelipper||SitrusBerry|Drizzle|Tailwind,Hurricane,WeatherBall,WideGuard|Bold||F|||50|]Archaludon||Leftovers|Stamina|ElectroShot,FlashCannon,DragonPulse,Protect|Modest||M|||50|]Sableye||LightClay|Prankster|RainDance,Reflect,LightScreen,WillOWisp|Sassy||M|||50|
|inactive|Battle timer is ON: inactive players will automatically lose when time's up. (requested by bellytelevision)
|inactive|enyelvgc has 60 seconds left.
|inactive|enyelvgc has 30 seconds left.
|inactive|enyelvgc has 20 seconds left.
|inactive|enyelvgc has 15 seconds left.
|inactive|enyelvgc has 10 seconds left.
|inactive|enyelvgc has 5 seconds left.
|
|t:|1782242752
|teamsize|p1|4
|teamsize|p2|4
|start
|switch|p1a: Maushold|Maushold, L50, shiny|100/100
|switch|p1b: Garchomp|Garchomp, L50, F|100/100
|switch|p2a: Sableye|Sableye, L50, M, shiny|100/100
|switch|p2b: Pelipper|Pelipper, L50, F|100/100
|-weather|RainDance|[from] ability: Drizzle|[of] p2b: Pelipper
|turn|1
|inactive|enyelvgc has 30 seconds left.
|inactive|enyelvgc has 20 seconds left.
|inactive|enyelvgc has 15 seconds left.
|inactive|enyelvgc has 10 seconds left.
|inactive|enyelvgc has 5 seconds left.
|
|t:|1782242806
|switch|p2b: Archaludon|Archaludon, L50, M, shiny|100/100
|move|p2a: Sableye|Reflect|p2a: Sableye
|-sidestart|p2: bellytelevision|Reflect
|move|p1a: Maushold|Super Fang|p2b: Archaludon
|-damage|p2b: Archaludon|50/100y
|-ability|p2b: Archaludon|Stamina|boost
|-boost|p2b: Archaludon|def|1
|move|p1b: Garchomp|Dragon Claw|p2a: Sableye
|-damage|p2a: Sableye|56/100
|-damage|p1b: Garchomp|90/100|[from] item: Life Orb
|
|-weather|RainDance|[upkeep]
|-heal|p2b: Archaludon|56/100|[from] item: Leftovers
|upkeep
|turn|2
|inactive|enyelvgc has 30 seconds left.
|inactive|enyelvgc has 20 seconds left.
|inactive|enyelvgc has 15 seconds left.
|inactive|enyelvgc has 10 seconds left.
|
|t:|1782242853
|switch|p2a: Sinistcha|Sinistcha, L50|100/100
|-heal|p2b: Archaludon|81/100|[from] ability: Hospitality|[of] p2a: Sinistcha
|move|p1a: Maushold|Super Fang|p2b: Archaludon
|-damage|p2b: Archaludon|40/100
|-ability|p2b: Archaludon|Stamina|boost
|-boost|p2b: Archaludon|def|1
|move|p1b: Garchomp|Dragon Claw|p2a: Sinistcha
|-damage|p2a: Sinistcha|68/100
|-damage|p1b: Garchomp|80/100|[from] item: Life Orb
|move|p2b: Archaludon|Electro Shot||[still]
|-prepare|p2b: Archaludon|Electro Shot
|-boost|p2b: Archaludon|spa|1
|-anim|p2b: Archaludon|Electro Shot|p1a: Maushold
|-damage|p1a: Maushold|24/100
|
|-weather|RainDance|[upkeep]
|-heal|p2b: Archaludon|46/100|[from] item: Leftovers
|upkeep
|turn|3
|inactive|enyelvgc has 30 seconds left.
|inactive|enyelvgc has 20 seconds left.
|inactive|enyelvgc has 15 seconds left.
|inactive|enyelvgc has 10 seconds left.
|inactive|enyelvgc has 5 seconds left.
|
|t:|1782242906
|move|p2a: Sinistcha|Rage Powder|p2a: Sinistcha
|-singleturn|p2a: Sinistcha|move: Rage Powder
|move|p1a: Maushold|Super Fang|p2a: Sinistcha
|-immune|p2a: Sinistcha
|move|p1b: Garchomp|Dragon Claw|p2a: Sinistcha
|-damage|p2a: Sinistcha|38/100
|-damage|p1b: Garchomp|70/100|[from] item: Life Orb
|move|p2b: Archaludon|Electro Shot||[still]
|-prepare|p2b: Archaludon|Electro Shot
|-boost|p2b: Archaludon|spa|1
|-anim|p2b: Archaludon|Electro Shot|p1a: Maushold
|-crit|p1a: Maushold
|-damage|p1a: Maushold|0 fnt
|faint|p1a: Maushold
|
|-weather|RainDance|[upkeep]
|-heal|p2b: Archaludon|53/100|[from] item: Leftovers
|upkeep
|
|t:|1782242926
|switch|p1a: Charizard|Charizard, L50, M, shiny|100/100
|turn|4
|
|t:|1782242937
|switch|p2a: Sableye|Sableye, L50, M, shiny|56/100
|detailschange|p1a: Charizard|Charizard-Mega-Y, L50, M, shiny
|-mega|p1a: Charizard|Charizard|Charizardite Y
|-weather|SunnyDay|[from] ability: Drought|[of] p1a: Charizard
|move|p2b: Archaludon|Protect|p2b: Archaludon
|-singleturn|p2b: Archaludon|Protect
|move|p1b: Garchomp|Earthquake|p2b: Archaludon|[spread] p2a
|-activate|p2b: Archaludon|move: Protect
|-immune|p1a: Charizard
|-damage|p2a: Sableye|15/100
|-damage|p1b: Garchomp|61/100|[from] item: Life Orb
|move|p1a: Charizard|Weather Ball|p2b: Archaludon
|-activate|p2b: Archaludon|move: Protect
|
|-weather|SunnyDay|[upkeep]
|-heal|p2b: Archaludon|59/100|[from] item: Leftovers
|upkeep
|turn|5
|inactive|enyelvgc has 30 seconds left.
|inactive|enyelvgc has 20 seconds left.
|inactive|enyelvgc has 15 seconds left.
|inactive|enyelvgc has 10 seconds left.
|inactive|enyelvgc has 5 seconds left.
|
|t:|1782242988
|switch|p1a: Farigiraf|Farigiraf, L50, M, shiny|100/100
|move|p1b: Garchomp|Protect|p1b: Garchomp
|-singleturn|p1b: Garchomp|Protect
|move|p2a: Sableye|Rain Dance|p2a: Sableye
|-weather|RainDance
|move|p2b: Archaludon|Dragon Pulse|p1a: Farigiraf
|-damage|p1a: Farigiraf|23/100
|-enditem|p1a: Farigiraf|Sitrus Berry|[eat]
|-heal|p1a: Farigiraf|48/100|[from] item: Sitrus Berry
|
|-weather|RainDance|[upkeep]
|-heal|p2b: Archaludon|65/100|[from] item: Leftovers
|upkeep
|turn|6
|inactive|enyelvgc has 30 seconds left.
|inactive|enyelvgc has 20 seconds left.
|inactive|enyelvgc has 15 seconds left.
|inactive|enyelvgc has 10 seconds left.
|inactive|enyelvgc has 5 seconds left.
|
|t:|1782243041
|move|p2a: Sableye|Light Screen|p2a: Sableye
|-sidestart|p2: bellytelevision|move: Light Screen
|move|p1b: Garchomp|Dragon Claw|p2a: Sableye
|-damage|p2a: Sableye|0 fnt
|faint|p2a: Sableye
|-damage|p1b: Garchomp|51/100|[from] item: Life Orb
|move|p2b: Archaludon|Dragon Pulse|p1a: Farigiraf
|-damage|p1a: Farigiraf|0 fnt
|faint|p1a: Farigiraf
|
|-weather|RainDance|[upkeep]
|-heal|p2b: Archaludon|71/100|[from] item: Leftovers
|upkeep
|
|t:|1782243055
|switch|p1a: Charizard|Charizard-Mega-Y, L50, M, shiny|100/100
|switch|p2a: Sinistcha|Sinistcha, L50|38/100
|-weather|SunnyDay|[from] ability: Drought|[of] p1a: Charizard
|-heal|p2b: Archaludon|96/100|[from] ability: Hospitality|[of] p2a: Sinistcha
|turn|7
|inactive|enyelvgc has 30 seconds left.
|inactive|enyelvgc has 20 seconds left.
|inactive|enyelvgc has 15 seconds left.
|inactive|enyelvgc has 10 seconds left.
|inactive|enyelvgc has 5 seconds left.
|
|t:|1782243110
|switch|p2a: Pelipper|Pelipper, L50, F|100/100
|-weather|RainDance|[from] ability: Drizzle|[of] p2a: Pelipper
|move|p1b: Garchomp|Earthquake|p2a: Pelipper|[spread] p2b
|-immune|p1a: Charizard
|-immune|p2a: Pelipper
|-supereffective|p2b: Archaludon|1
|-damage|p2b: Archaludon|69/100
|-ability|p2b: Archaludon|Stamina|boost
|-boost|p2b: Archaludon|def|1
|-damage|p1b: Garchomp|41/100|[from] item: Life Orb
|move|p1a: Charizard|Heat Wave|p2a: Pelipper|[spread] p2a,p2b
|-resisted|p2a: Pelipper|1
|-damage|p2a: Pelipper|93/100
|-damage|p2b: Archaludon|56/100
|-status|p2b: Archaludon|brn
|-ability|p2b: Archaludon|Stamina|boost
|-boost|p2b: Archaludon|def|1
|move|p2b: Archaludon|Electro Shot||[still]
|-prepare|p2b: Archaludon|Electro Shot
|-boost|p2b: Archaludon|spa|1
|-anim|p2b: Archaludon|Electro Shot|p1a: Charizard
|-supereffective|p1a: Charizard|1
|-damage|p1a: Charizard|0 fnt
|faint|p1a: Charizard
|
|-weather|RainDance|[upkeep]
|-heal|p2b: Archaludon|63/100 brn|[from] item: Leftovers
|-damage|p2b: Archaludon|56/100 brn|[from] brn
|upkeep
|turn|8
|inactive|enyelvgc has 30 seconds left.
|inactive|bellytelevision has 30 seconds left.
|inactive|enyelvgc has 20 seconds left.
|inactive|enyelvgc has 15 seconds left.
|inactive|enyelvgc has 10 seconds left.
|inactive|enyelvgc has 5 seconds left.
|
|t:|1782243165
|move|p1b: Garchomp|Earthquake|p2b: Archaludon|[spread] p2b
|-immune|p2a: Pelipper
|-supereffective|p2b: Archaludon|1
|-damage|p2b: Archaludon|39/100 brn
|-ability|p2b: Archaludon|Stamina|boost
|-boost|p2b: Archaludon|def|1
|-damage|p1b: Garchomp|31/100|[from] item: Life Orb
|move|p2b: Archaludon|Dragon Pulse|p1b: Garchomp
|-supereffective|p1b: Garchomp|1
|-damage|p1b: Garchomp|0 fnt
|faint|p1b: Garchomp
|
|win|bellytelevision
|raw|enyelvgc's rating: 1092 → 1062(-30 for losing)
|raw|bellytelevision's rating: 1000 → 1050(+50 for winning)
|c|☆bellytelevision|gg!
