|j|‽CaratroncoSun
|j|☆dullovgc
|html|CaratroncoSundullovgc    
|uhtml|bestof|Game 2 of a best-of-3
|t:|1784113642
|gametype|doubles
|player|p1|CaratroncoSun|juan|1294
|player|p2|dullovgc|102|1174
|gen|9
|tier|[Gen 9 Champions] VGC 2026 Reg M-B (Bo3)
|rated|
|rule|Species Clause: Limit one of each Pokémon
|rule|Item Clause: Limit 1 of each item
|clearpoke
|poke|p1|Charizard, L50, M, shiny|
|poke|p1|Venusaur, L50, F, shiny|
|poke|p1|Whimsicott, L50, F, shiny|
|poke|p1|Basculegion, L50, M|
|poke|p1|Tyranitar, L50, M|
|poke|p1|Mamoswine, L50, M|
|poke|p2|Gengar, L50, F|
|poke|p2|Incineroar, L50, M|
|poke|p2|Kingambit, L50, M|
|poke|p2|Sneasler, L50, F|
|poke|p2|Kommo-o, L50, F|
|poke|p2|Ninetales-Alola, L50, M|
|teampreview|4
|showteam|p1|Charizard||CharizarditeY|Blaze|Protect,SolarBeam,HeatWave,AirSlash|Modest||M|||50|]Venusaur||WideLens|Chlorophyll|Protect,GigaDrain,EarthPower,SleepPowder|Modest||F|||50|]Whimsicott||FocusSash|Prankster|Protect,Moonblast,Tailwind,Encore|Timid||F|||50|]Basculegion||MysticWater|Adaptability|Protect,AquaJet,WaveCrash,LastRespects|Adamant||M|||50|]Tyranitar||Tyranitarite|SandStream|Protect,RockSlide,KnockOff,LowKick|Adamant||M|||50|]Mamoswine||LifeOrb|Oblivious|Protect,HighHorsepower,StoneEdge,IceShard|Adamant||M|||50|
|showteam|p2|Gengar||Gengarite|CursedBody|ShadowBall,Disable,PerishSong,Protect|Modest||F|||50|]Incineroar||PasshoBerry|Intimidate|FakeOut,FlareBlitz,PartingShot,Protect|Relaxed||M|||50|]Kingambit||BlackGlasses|Defiant|KowtowCleave,SuckerPunch,SwordsDance,Protect|Adamant||M|||50|]Sneasler||WhiteHerb|Unburden|FakeOut,CloseCombat,DireClaw,Protect|Adamant||F|||50|]Kommo-o||Leftovers|Soundproof|ClangingScales,AuraSphere,ClangorousSoul,Protect|Modest||F|||50|]Ninetales-Alola||NeverMeltIce|SnowWarning|Blizzard,FreezeDry,Encore,Protect|Timid||M|||50|
|
|t:|1784113669
|teamsize|p1|4
|teamsize|p2|4
|start
|switch|p1a: Charizard|Charizard, L50, M, shiny|100/100
|switch|p1b: Venusaur|Venusaur, L50, F, shiny|100/100
|switch|p2a: Gengar|Gengar, L50, F|100/100
|switch|p2b: Incineroar|Incineroar, L50, M|100/100
|-ability|p2b: Incineroar|Intimidate|boost
|-unboost|p1a: Charizard|atk|1
|-unboost|p1b: Venusaur|atk|1
|turn|1
|
|t:|1784113695
|detailschange|p1a: Charizard|Charizard-Mega-Y, L50, M, shiny
|-mega|p1a: Charizard|Charizard|Charizardite Y
|-weather|SunnyDay|[from] ability: Drought|[of] p1a: Charizard
|detailschange|p2a: Gengar|Gengar-Mega, L50, F
|-mega|p2a: Gengar|Gengar|Gengarite
|move|p2a: Gengar|Protect|p2a: Gengar
|-singleturn|p2a: Gengar|Protect
|move|p1b: Venusaur|Sleep Powder|p2b: Incineroar
|-status|p2b: Incineroar|slp|[from] move: Sleep Powder
|move|p1a: Charizard|Heat Wave|p2b: Incineroar|[spread] p2b
|-activate|p2a: Gengar|move: Protect
|-resisted|p2b: Incineroar|1
|-damage|p2b: Incineroar|72/100 slp
|cant|p2b: Incineroar|slp
|
|-weather|SunnyDay|[upkeep]
|upkeep
|turn|2
|
|t:|1784113766
|switch|p2a: Kommo-o|Kommo-o, L50, F|100/100
|move|p1b: Venusaur|Earth Power|p2b: Incineroar
|-supereffective|p2b: Incineroar|1
|-damage|p2b: Incineroar|19/100 slp
|move|p1a: Charizard|Air Slash|p2b: Incineroar
|-damage|p2b: Incineroar|0 fnt
|faint|p2b: Incineroar
|
|-weather|SunnyDay|[upkeep]
|upkeep
|
|t:|1784113780
|switch|p2b: Gengar|Gengar-Mega, L50, F|100/100
|turn|3
|
|t:|1784113809
|move|p1b: Venusaur|Sleep Powder|p2b: Gengar|[miss]
|-miss|p1b: Venusaur|p2b: Gengar
|move|p2b: Gengar|Disable|p1a: Charizard
|-start|p1a: Charizard|Disable|Air Slash
|cant|p1a: Charizard|Disable|Air Slash
|move|p2a: Kommo-o|Clangorous Soul|p2a: Kommo-o
|-boost|p2a: Kommo-o|atk|1
|-boost|p2a: Kommo-o|def|1
|-boost|p2a: Kommo-o|spa|1
|-boost|p2a: Kommo-o|spd|1
|-boost|p2a: Kommo-o|spe|1
|-damage|p2a: Kommo-o|67/100
|
|-weather|SunnyDay|[upkeep]
|-heal|p2a: Kommo-o|73/100|[from] item: Leftovers
|upkeep
|turn|4
|
|t:|1784113861
|switch|p2b: Ninetales|Ninetales-Alola, L50, M|100/100
|-weather|Snowscape|[from] ability: Snow Warning|[of] p2b: Ninetales
|move|p2a: Kommo-o|Clanging Scales|p1a: Charizard|[spread] p1a,p1b
|-damage|p1a: Charizard|48/100
|-damage|p1b: Venusaur|37/100
|-unboost|p2a: Kommo-o|def|1
|move|p1a: Charizard|Heat Wave|p2a: Kommo-o|[spread] p2a,p2b
|-resisted|p2a: Kommo-o|1
|-supereffective|p2b: Ninetales|1
|-crit|p2b: Ninetales
|-damage|p2a: Kommo-o|59/100
|-damage|p2b: Ninetales|0 fnt
|faint|p2b: Ninetales
|move|p1b: Venusaur|Sleep Powder|p2a: Kommo-o
|-status|p2a: Kommo-o|slp|[from] move: Sleep Powder
|
|-weather|Snowscape|[upkeep]
|-heal|p2a: Kommo-o|65/100 slp|[from] item: Leftovers
|upkeep
|
|t:|1784113879
|switch|p2b: Gengar|Gengar-Mega, L50, F|100/100
|turn|5
|
|t:|1784113894
|cant|p2a: Kommo-o|slp
|move|p2b: Gengar|Shadow Ball|p1b: Venusaur
|-damage|p1b: Venusaur|0 fnt
|faint|p1b: Venusaur
|move|p1a: Charizard|Heat Wave|p2a: Kommo-o|[spread] p2a,p2b
|-resisted|p2a: Kommo-o|1
|-damage|p2a: Kommo-o|51/100 slp
|-damage|p2b: Gengar|56/100
|
|-weather|Snowscape|[upkeep]
|-heal|p2a: Kommo-o|57/100 slp|[from] item: Leftovers
|upkeep
|
|t:|1784113915
|switch|p1b: Basculegion|Basculegion, L50, M|100/100
|turn|6
|
|t:|1784113928
|move|p1b: Basculegion|Aqua Jet|p2b: Gengar
|-crit|p2b: Gengar
|-damage|p2b: Gengar|1/100
|cant|p2a: Kommo-o|slp
|move|p2b: Gengar|Shadow Ball|p1b: Basculegion
|-supereffective|p1b: Basculegion|1
|-damage|p1b: Basculegion|0 fnt
|faint|p1b: Basculegion
|move|p1a: Charizard|Heat Wave|p2b: Gengar|[spread] p2a,p2b
|-resisted|p2a: Kommo-o|1
|-damage|p2a: Kommo-o|43/100 slp
|-damage|p2b: Gengar|0 fnt
|faint|p2b: Gengar
|
|-weather|Snowscape|[upkeep]
|-heal|p2a: Kommo-o|50/100y slp|[from] item: Leftovers
|-end|p1a: Charizard|Disable
|upkeep
|
|t:|1784113944
|switch|p1b: Tyranitar|Tyranitar, L50, M|100/100
|-weather|Sandstorm|[from] ability: Sand Stream|[of] p1b: Tyranitar
|turn|7
|
|t:|1784113958
|-curestatus|p2a: Kommo-o|slp|[msg]
|move|p2a: Kommo-o|Clanging Scales|p1a: Charizard|[spread] p1a,p1b
|-damage|p1a: Charizard|0 fnt
|-damage|p1b: Tyranitar|64/100
|faint|p1a: Charizard
|-unboost|p2a: Kommo-o|def|1
|move|p1b: Tyranitar|Knock Off|p2a: Kommo-o
|-resisted|p2a: Kommo-o|1
|-damage|p2a: Kommo-o|17/100
|-enditem|p2a: Kommo-o|Leftovers|[from] move: Knock Off|[of] p1b: Tyranitar
|
|-weather|Sandstorm|[upkeep]
|-damage|p2a: Kommo-o|11/100|[from] Sandstorm
|upkeep
|turn|8
|
|t:|1784113984
|move|p2a: Kommo-o|Aura Sphere|p1b: Tyranitar
|-supereffective|p1b: Tyranitar|2
|-damage|p1b: Tyranitar|0 fnt
|faint|p1b: Tyranitar
|
|win|dullovgc
|raw|CaratroncoSun's rating: 1294 → 1261(-33 for losing)
|raw|dullovgc's rating: 1174 → 1207(+33 for winning)
