|j|☆po1015
|j|☆Moonlight Flutter
|html|po1015Moonlight Flutter    
|uhtml|bestof|Game 1 of a best-of-3
|t:|1783177971
|gametype|doubles
|player|p1|po1015|lady|
|player|p2|Moonlight Flutter|miku-flying|
|gen|9
|tier|[Gen 9 Champions] VGC 2026 Reg M-B (Bo3)
|rule|Species Clause: Limit one of each Pokémon
|rule|Item Clause: Limit 1 of each item
|clearpoke
|poke|p1|Aerodactyl, L50, F|
|poke|p1|Kangaskhan, L50, F|
|poke|p1|Kingambit, L50, M|
|poke|p1|Sylveon, L50, F|
|poke|p1|Torkoal, L50, F|
|poke|p1|Farigiraf, L50, M|
|poke|p2|Sinistcha, L50|
|poke|p2|Incineroar, L50, F|
|poke|p2|Milotic, L50, F|
|poke|p2|Raichu, L50, F|
|poke|p2|Ceruledge, L50, F|
|poke|p2|Mawile, L50, M, shiny|
|teampreview|4
|showteam|p1|Aerodactyl||Aerodactylite|Unnerve|RockSlide,DualWingbeat,Tailwind,Protect|Jolly||F|||50|]Kangaskhan||Kangaskhanite|Scrappy|FakeOut,DoubleEdge,LowKick,IcePunch|Adamant||F|||50|]Kingambit||FocusSash|Defiant|KowtowCleave,SuckerPunch,IronHead,LowKick|Adamant||M|||50|]Sylveon||FairyFeather|Pixilate|HyperVoice,HyperBeam,QuickAttack,Protect|Modest||F|||50|]Torkoal||Charcoal|Drought|Eruption,WeatherBall,HeatWave,Protect|Quiet||F|||50|]Farigiraf||SitrusBerry|ArmorTail|TwinBeam,Thunderbolt,TrickRoom,HelpingHand|Bold||M|||50|
|showteam|p2|Sinistcha||FocusSash|Hospitality|MatchaGotcha,LifeDew,RagePowder,Protect|Relaxed|||||50|]Incineroar||SitrusBerry|Intimidate|FlareBlitz,ThroatChop,FakeOut,PartingShot|Impish||F|||50|]Milotic||Leftovers|Competitive|MuddyWater,Coil,Hypnosis,Protect|Calm||F|||50|]Raichu||RaichuniteY|LightningRod|ZapCannon,FocusBlast,FakeOut,Protect|Timid||F|||50|]Ceruledge||ColburBerry|FlashFire|BitterBlade,ShadowSneak,BulkUp,Protect|Adamant||F|||50|]Mawile||Mawilite|HyperCutter|PlayRough,SuckerPunch,SwordsDance,Protect|Adamant||M|||50|
|inactive|Battle timer is ON: inactive players will automatically lose when time's up. (requested by po1015)
|inactive|po1015 has 60 seconds left.
|inactive|po1015 has 30 seconds left.
|inactive|po1015 has 20 seconds left.
|inactive|po1015 has 15 seconds left.
|inactive|po1015 has 10 seconds left.
|inactive|po1015 has 5 seconds left.
|
|t:|1783178057
|teamsize|p1|4
|teamsize|p2|4
|start
|switch|p1a: Torkoal|Torkoal, L50, F|100/100
|switch|p1b: Kingambit|Kingambit, L50, M|100/100
|switch|p2a: Mawile|Mawile, L50, M, shiny|100/100
|switch|p2b: Milotic|Milotic, L50, F|100/100
|-weather|SunnyDay|[from] ability: Drought|[of] p1a: Torkoal
|turn|1
|
|t:|1783178074
|switch|p1a: Aerodactyl|Aerodactyl, L50, F|100/100
|-ability|p1a: Aerodactyl|Unnerve
|move|p2a: Mawile|Protect|p2a: Mawile
|-singleturn|p2a: Mawile|Protect
|move|p2b: Milotic|Coil|p2b: Milotic
|-boost|p2b: Milotic|atk|1
|-boost|p2b: Milotic|def|1
|-boost|p2b: Milotic|accuracy|1
|move|p1b: Kingambit|Kowtow Cleave|p2a: Mawile
|-activate|p2a: Mawile|move: Protect
|
|-weather|SunnyDay|[upkeep]
|upkeep
|turn|2
|
|t:|1783178086
|switch|p1b: Torkoal|Torkoal, L50, F|100/100
|detailschange|p2a: Mawile|Mawile-Mega, L50, M, shiny
|-mega|p2a: Mawile|Mawile|Mawilite
|move|p1a: Aerodactyl|Protect|p1a: Aerodactyl
|-singleturn|p1a: Aerodactyl|Protect
|move|p2b: Milotic|Hypnosis|p1a: Aerodactyl
|-activate|p1a: Aerodactyl|move: Protect
|move|p2a: Mawile|Play Rough|p1b: Torkoal
|-resisted|p1b: Torkoal|1
|-damage|p1b: Torkoal|71/100
|
|-weather|SunnyDay|[upkeep]
|upkeep
|turn|3
|
|t:|1783178101
|switch|p1a: Kangaskhan|Kangaskhan, L50, F|100/100
|move|p2a: Mawile|Protect|p2a: Mawile
|-singleturn|p2a: Mawile|Protect
|move|p2b: Milotic|Hypnosis|p1a: Kangaskhan
|-status|p1a: Kangaskhan|slp|[from] move: Hypnosis
|move|p1b: Torkoal|Heat Wave|p2b: Milotic|[spread] p2b
|-activate|p2a: Mawile|move: Protect
|-resisted|p2b: Milotic|1
|-damage|p2b: Milotic|83/100
|-status|p2b: Milotic|brn
|
|-weather|SunnyDay|[upkeep]
|-heal|p2b: Milotic|89/100 brn|[from] item: Leftovers
|-damage|p2b: Milotic|83/100 brn|[from] brn
|upkeep
|turn|4
|
|t:|1783178125
|switch|p2a: Ceruledge|Ceruledge, L50, F|100/100
|cant|p1a: Kangaskhan|slp
|move|p2b: Milotic|Coil|p2b: Milotic
|-boost|p2b: Milotic|atk|1
|-boost|p2b: Milotic|def|1
|-boost|p2b: Milotic|accuracy|1
|move|p1b: Torkoal|Weather Ball|p2b: Milotic
|-resisted|p2b: Milotic|1
|-damage|p2b: Milotic|57/100 brn
|
|-weather|SunnyDay|[upkeep]
|-heal|p2b: Milotic|63/100 brn|[from] item: Leftovers
|-damage|p2b: Milotic|57/100 brn|[from] brn
|upkeep
|turn|5
|
|t:|1783178145
|cant|p1a: Kangaskhan|slp
|move|p2a: Ceruledge|Bitter Blade|p1a: Kangaskhan
|-damage|p1a: Kangaskhan|18/100 slp
|move|p2b: Milotic|Hypnosis|p1b: Torkoal
|-status|p1b: Torkoal|slp|[from] move: Hypnosis
|cant|p1b: Torkoal|slp
|
|-weather|none
|-heal|p2b: Milotic|63/100 brn|[from] item: Leftovers
|-damage|p2b: Milotic|57/100 brn|[from] brn
|upkeep
|turn|6
|
|t:|1783178159
|switch|p2a: Sinistcha|Sinistcha, L50|100/100
|-heal|p2b: Milotic|82/100 brn|[from] ability: Hospitality|[of] p2a: Sinistcha
|-curestatus|p1a: Kangaskhan|slp|[msg]
|move|p1a: Kangaskhan|Double-Edge|p2a: Sinistcha
|-damage|p2a: Sinistcha|57/100
|-damage|p1a: Kangaskhan|6/100|[from] Recoil
|move|p2b: Milotic|Muddy Water|p1b: Torkoal|[spread] p1a,p1b
|-supereffective|p1b: Torkoal|1
|-damage|p1a: Kangaskhan|0 fnt
|-damage|p1b: Torkoal|14/100 slp
|faint|p1a: Kangaskhan
|-curestatus|p1b: Torkoal|slp|[msg]
|move|p1b: Torkoal|Weather Ball|p2b: Milotic
|-crit|p2b: Milotic
|-damage|p2b: Milotic|67/100 brn
|
|-heal|p2b: Milotic|73/100 brn|[from] item: Leftovers
|-damage|p2b: Milotic|67/100 brn|[from] brn
|upkeep
|
|t:|1783178172
|switch|p1a: Aerodactyl|Aerodactyl, L50, F|100/100
|-ability|p1a: Aerodactyl|Unnerve
|turn|7
|
|t:|1783178185
|move|p1a: Aerodactyl|Dual Wingbeat|p2a: Sinistcha
|-supereffective|p2a: Sinistcha|1
|-damage|p2a: Sinistcha|32/100
|-supereffective|p2a: Sinistcha|1
|-damage|p2a: Sinistcha|4/100
|-hitcount|p2a: Sinistcha|2
|move|p2b: Milotic|Muddy Water|p1a: Aerodactyl|[spread] p1a,p1b
|-supereffective|p1a: Aerodactyl|1
|-supereffective|p1b: Torkoal|1
|-damage|p1a: Aerodactyl|37/100
|-damage|p1b: Torkoal|0 fnt
|faint|p1b: Torkoal
|move|p2a: Sinistcha|Matcha Gotcha|p1a: Aerodactyl
|-damage|p1a: Aerodactyl|0 fnt
|-heal|p2a: Sinistcha|23/100|[from] drain|[of] p1a: Aerodactyl
|faint|p1a: Aerodactyl
|
|-heal|p2b: Milotic|73/100 brn|[from] item: Leftovers
|-damage|p2b: Milotic|67/100 brn|[from] brn
|upkeep
|-message|po1015 forfeited.
|
|win|Moonlight Flutter
|l|☆po1015
|player|p1|
||po1015 is ready for game 2.
||po1015 is ready for game 2.
||Moonlight Flutter is ready for game 2.
|uhtml|next|Next: Game 2 of 3
