|j|☆cap10pp
|j|☆Masamune_TL
|html|cap10ppMasamune_TL    
|uhtml|bestof|Game 1 of a best-of-3
|t:|1783298061
|gametype|doubles
|player|p1|cap10pp|chuck|
|player|p2|Masamune_TL|volkner|
|gen|9
|tier|[Gen 9 Champions] VGC 2026 Reg M-B (Bo3)
|rule|Species Clause: Limit one of each Pokémon
|rule|Item Clause: Limit 1 of each item
|clearpoke
|poke|p1|Scizor, L50, F, shiny|
|poke|p1|Staraptor, L50, F, shiny|
|poke|p1|Maushold-Four, L50, shiny|
|poke|p1|Hydreigon, L50, F, shiny|
|poke|p1|Malamar, L50, M, shiny|
|poke|p1|Whimsicott, L50, M, shiny|
|poke|p2|Dragalge, L50, M|
|poke|p2|Starmie, L50, shiny|
|poke|p2|Mawile, L50, M, shiny|
|poke|p2|Eelektross, L50, M, shiny|
|poke|p2|Sableye, L50, M, shiny|
|poke|p2|Toxicroak, L50, M, shiny|
|teampreview|4
|showteam|p1|Scizor||FocusSash|Technician|BugBite,BulletPunch,SwordsDance,Protect|Impish||F|||50|]Staraptor||Staraptite|Intimidate|CloseCombat,BraveBird,Roost,Protect|Impish||F|||50|]Maushold-Four||Leftovers|FriendGuard|Tickle,SeedBomb,Protect,Taunt|Jolly|||||50|]Hydreigon||LifeOrb|Levitate|DracoMeteor,Flamethrower,EarthPower,Protect|Modest||F|||50|]Malamar||SitrusBerry|Contrary|Superpower,PsychoCut,Liquidation,Protect|Jolly||M|||50|]Whimsicott||ExpertBelt|Infiltrator|Moonblast,GigaDrain,Tickle,Taunt|Modest||M|||50|
|showteam|p2|Dragalge||Dragalgite|Adaptability|DracoMeteor,DragonTail,SludgeBomb,Protect|Quiet||M|||50|]Starmie||SitrusBerry|NaturalCure|TrickRoom,AllySwitch,IceBeam,Scald|Modest|||||50|]Mawile||Mawilite|Intimidate|PlayRough,SuckerPunch,Protect,FireFang|Brave||M|||50|]Eelektross||ChoiceScarf|Levitate|Thunderbolt,Flamethrower,VoltSwitch,DragonPulse|Timid||M|||50|]Sableye||RoseliBerry|Prankster|FakeOut,WillOWisp,LightScreen,Quash|Bold||M|||50|]Toxicroak||FocusSash|PoisonTouch|FakeOut,Coaching,PoisonJab,KnockOff|Adamant||M|||50|
|
|t:|1783298100
|teamsize|p1|4
|teamsize|p2|4
|start
|switch|p1a: The Whimsy|Whimsicott, L50, M, shiny|100/100
|switch|p1b: The Toucher|Staraptor, L50, F, shiny|100/100
|switch|p2a: Starmie|Starmie, L50, shiny|100/100
|switch|p2b: Mawile|Mawile, L50, M, shiny|100/100
|-ability|p1b: The Toucher|Intimidate|boost
|-unboost|p2a: Starmie|atk|1
|-unboost|p2b: Mawile|atk|1
|-ability|p2b: Mawile|Intimidate|boost
|-unboost|p1a: The Whimsy|atk|1
|-unboost|p1b: The Toucher|atk|1
|turn|1
|
|t:|1783298133
|switch|p2b: Dragalge|Dragalge, L50, M|100/100
|detailschange|p1b: The Toucher|Staraptor-Mega, L50, F, shiny
|-mega|p1b: The Toucher|Staraptor|Staraptite
|move|p1b: The Toucher|Protect|p1b: The Toucher
|-singleturn|p1b: The Toucher|Protect
|move|p1a: The Whimsy|Giga Drain|p2a: Starmie
|-supereffective|p2a: Starmie|1
|-damage|p2a: Starmie|22/100
|-enditem|p2a: Starmie|Sitrus Berry|[eat]
|-heal|p2a: Starmie|46/100|[from] item: Sitrus Berry
|move|p2a: Starmie|Trick Room|p2a: Starmie
|-fieldstart|move: Trick Room|[of] p2a: Starmie
|
|upkeep
|turn|2
|
|t:|1783298163
|move|p2a: Starmie|Ally Switch|p2a: Starmie
|swap|p2a: Starmie|1|[from] move: Ally Switch
|move|p2a: Dragalge|Sludge Bomb|p1a: The Whimsy
|-supereffective|p1a: The Whimsy|2
|-damage|p1a: The Whimsy|0 fnt
|faint|p1a: The Whimsy
|move|p1b: The Toucher|Close Combat|p2b: Starmie
|-resisted|p2b: Starmie|1
|-damage|p2b: Starmie|26/100
|-boost|p1b: The Toucher|def|1
|-boost|p1b: The Toucher|spd|1
|
|upkeep
|
|t:|1783298178
|switch|p1a: The Dragon|Hydreigon, L50, F, shiny|100/100
|turn|3
|
|t:|1783298187
|move|p2b: Starmie|Ice Beam|p1a: The Dragon
|-supereffective|p1a: The Dragon|1
|-damage|p1a: The Dragon|42/100
|move|p1a: The Dragon|Draco Meteor|p2a: Dragalge
|-supereffective|p2a: Dragalge|1
|-damage|p2a: Dragalge|0 fnt
|-unboost|p1a: The Dragon|spa|2
|faint|p2a: Dragalge
|-damage|p1a: The Dragon|32/100|[from] item: Life Orb
|move|p1b: The Toucher|Brave Bird|p2b: Starmie
|-damage|p2b: Starmie|0 fnt
|faint|p2b: Starmie
|-damage|p1b: The Toucher|92/100|[from] Recoil
|
|upkeep
|
|t:|1783298199
|switch|p2a: Eelektross|Eelektross, L50, M, shiny|100/100
|switch|p2b: Mawile|Mawile, L50, M, shiny|100/100
|-ability|p2b: Mawile|Intimidate|boost
|-unboost|p1a: The Dragon|atk|1
|-boost|p1b: The Toucher|atk|1
|turn|4
|
|t:|1783298227
|detailschange|p2b: Mawile|Mawile-Mega, L50, M, shiny
|-mega|p2b: Mawile|Mawile|Mawilite
|move|p1a: The Dragon|Protect|p1a: The Dragon
|-singleturn|p1a: The Dragon|Protect
|move|p2b: Mawile|Play Rough|p1a: The Dragon
|-activate|p1a: The Dragon|move: Protect
|move|p1b: The Toucher|Close Combat|p2b: Mawile
|-damage|p2b: Mawile|48/100
|-boost|p1b: The Toucher|def|1
|-boost|p1b: The Toucher|spd|1
|move|p2a: Eelektross|Thunderbolt|p1b: The Toucher
|-supereffective|p1b: The Toucher|1
|-damage|p1b: The Toucher|51/100
|
|upkeep
|turn|5
|
|t:|1783298245
|switch|p1a: The Bug|Scizor, L50, F, shiny|100/100
|move|p2b: Mawile|Play Rough|p1b: The Toucher
|-supereffective|p1b: The Toucher|1
|-damage|p1b: The Toucher|0 fnt
|faint|p1b: The Toucher
|move|p2a: Eelektross|Thunderbolt|p1a: The Bug
|-damage|p1a: The Bug|50/100g
|
|-fieldend|move: Trick Room
|upkeep
|
|t:|1783298254
|switch|p1b: The Dragon|Hydreigon, L50, F, shiny|32/100
|turn|6
|
|t:|1783298281
|move|p1a: The Bug|Bullet Punch|p2b: Mawile
|-damage|p2b: Mawile|19/100
|move|p2a: Eelektross|Thunderbolt|p1b: The Dragon
|-resisted|p1b: The Dragon|1
|-damage|p1b: The Dragon|7/100
|move|p1b: The Dragon|Flamethrower|p2b: Mawile
|-supereffective|p2b: Mawile|1
|-damage|p2b: Mawile|0 fnt
|faint|p2b: Mawile
|-damage|p1b: The Dragon|0 fnt|[from] item: Life Orb
|faint|p1b: The Dragon
|
|upkeep
|turn|7
|
|t:|1783298294
|move|p2a: Eelektross|Thunderbolt|p1a: The Bug
|-damage|p1a: The Bug|3/100
|move|p1a: The Bug|Bug Bite|p2a: Eelektross
|-crit|p2a: Eelektross
|-damage|p2a: Eelektross|0 fnt
|faint|p2a: Eelektross
|
|win|cap10pp
||Masamune_TL is ready for game 2.
|inactive|cap10pp has 30 seconds to confirm battle start!
||cap10pp is ready for game 2.
|uhtml|next|Next: Game 2 of 3
|l|☆Masamune_TL
|player|p2|
