|j|☆LewBoiiiiiii
|j|☆DinisDenis
|html|LewBoiiiiiiiDinisDenis    
|uhtml|bestof|Game 3 of a best-of-3
|t:|1784927712
|gametype|doubles
|player|p1|LewBoiiiiiii|pokemaniac|
|player|p2|DinisDenis|fisherman-gen4|
|gen|9
|tier|[Gen 9 Champions] VGC 2026 Reg M-B (Bo3)
|rule|Species Clause: Limit one of each Pokémon
|rule|Item Clause: Limit 1 of each item
|clearpoke
|poke|p1|Lucario, L50, M|
|poke|p1|Umbreon, L50, M|
|poke|p1|Gallade, L50, M|
|poke|p1|Camerupt, L50, M|
|poke|p1|Hydrapple, L50, F|
|poke|p1|Oranguru, L50, F|
|poke|p2|Lopunny, L50, F|
|poke|p2|Sylveon, L50, M|
|poke|p2|Mudsdale, L50, M|
|poke|p2|Aggron, L50, M|
|poke|p2|Basculegion, L50, M|
|poke|p2|Bellibolt, L50, M|
|teampreview|4
|showteam|p1|Lucario||Lucarionite|Steadfast|CloseCombat,MeteorMash,VacuumWave,Protect|Jolly||M|||50|]Umbreon||SitrusBerry|InnerFocus|FoulPlay,Yawn,ThunderWave,Taunt|Sassy||M|||50|]Gallade||ChoiceScarf|Sharpness|SacredSword,PsychoCut,NightSlash,LeafBlade|Jolly||M|||50|]Camerupt||Cameruptite|SolidRock|HeatWave,EarthPower,AncientPower,Protect|Quiet||M|||50|]Hydrapple||LifeOrb|Regenerator|DracoMeteor,GigaDrain,EarthPower,Protect|Quiet||F|||50|]Oranguru||MentalHerb|InnerFocus|Instruct,Psychic,TrickRoom,Protect|Bold||F|||50|
|showteam|p2|Lopunny||Lopunnite|Limber|CloseCombat,Protect,FakeOut,Encore|Jolly||F|||50|]Sylveon||LifeOrb|Pixilate|HyperVoice,CalmMind,Psyshock,Detect|Modest||M|||50|]Mudsdale||MuscleBand|Stamina|HighHorsepower,BodyPress,Protect,RockSlide|Adamant||M|||50|]Aggron||Aggronite|Sturdy|HeavySlam,Earthquake,Rest,Curse|Adamant||M|||50|]Basculegion||ChoiceScarf|SwiftSwim|LastRespects,AquaJet,WaveCrash,FlipTurn|Jolly||M|||50|]Bellibolt||SitrusBerry|Electromorphosis|Thunderbolt,AcidSpray,SlackOff,Protect|Modest||M|||50|
|j| Ly_likes_Ceruledge
|j| enzothegamer
|j| Hugh r
|
|t:|1784927776
|teamsize|p1|4
|teamsize|p2|4
|start
|switch|p1a: Camerupt|Camerupt, L50, M|100/100
|switch|p1b: Hydrapple|Hydrapple, L50, F|100/100
|switch|p2a: Lopunny|Lopunny, L50, F|100/100
|switch|p2b: Bellibolt|Bellibolt, L50, M|100/100
|turn|1
|
|t:|1784927818
|detailschange|p2a: Lopunny|Lopunny-Mega, L50, F
|-mega|p2a: Lopunny|Lopunny|Lopunnite
|detailschange|p1a: Camerupt|Camerupt-Mega, L50, M
|-mega|p1a: Camerupt|Camerupt|Cameruptite
|move|p2a: Lopunny|Fake Out|p1b: Hydrapple
|-damage|p1b: Hydrapple|84/100
|move|p2b: Bellibolt|Acid Spray|p1a: Camerupt
|-resisted|p1a: Camerupt|1
|-damage|p1a: Camerupt|93/100
|-unboost|p1a: Camerupt|spd|2
|cant|p1b: Hydrapple|flinch
|move|p1a: Camerupt|Heat Wave|p2b: Bellibolt|[spread] p2a,p2b
|-damage|p2a: Lopunny|30/100
|-damage|p2b: Bellibolt|43/100
|-start|p2b: Bellibolt|Charge|Heat Wave|[from] ability: Electromorphosis
|-enditem|p2b: Bellibolt|Sitrus Berry|[eat]
|-heal|p2b: Bellibolt|68/100|[from] item: Sitrus Berry
|
|upkeep
|turn|2
|
|t:|1784927862
|switch|p2a: Sylveon|Sylveon, L50, M|100/100
|move|p2b: Bellibolt|Slack Off|p2b: Bellibolt
|-heal|p2b: Bellibolt|100/100
|move|p1b: Hydrapple|Earth Power|p2b: Bellibolt
|-supereffective|p2b: Bellibolt|1
|-crit|p2b: Bellibolt
|-damage|p2b: Bellibolt|0 fnt
|faint|p2b: Bellibolt
|-damage|p1b: Hydrapple|74/100|[from] item: Life Orb
|move|p1a: Camerupt|Heat Wave|p2a: Sylveon
|-damage|p2a: Sylveon|44/100
|
|upkeep
|
|t:|1784927892
|switch|p2b: Lopunny|Lopunny-Mega, L50, F|30/100
|turn|3
|
|t:|1784927914
|switch|p1a: Oranguru|Oranguru, L50, F|100/100
|move|p1b: Hydrapple|Protect|p1b: Hydrapple
|-singleturn|p1b: Hydrapple|Protect
|move|p2b: Lopunny|Fake Out|p1a: Oranguru
|-damage|p1a: Oranguru|84/100
|move|p2a: Sylveon|Hyper Voice|p1b: Hydrapple|[spread] p1a
|-activate|p1b: Hydrapple|move: Protect
|-damage|p1a: Oranguru|37/100
|-damage|p2a: Sylveon|34/100|[from] item: Life Orb
|
|upkeep
|turn|4
|j| JVoid
|
|t:|1784927940
|-heal|p1b: Hydrapple|100/100|[from] ability: Regenerator|[silent]
|switch|p1b: Camerupt|Camerupt-Mega, L50, M|93/100
|move|p2b: Lopunny|Close Combat|p1b: Camerupt
|-damage|p1b: Camerupt|28/100
|-unboost|p2b: Lopunny|def|1
|-unboost|p2b: Lopunny|spd|1
|move|p2a: Sylveon|Hyper Voice|p1a: Oranguru|[spread] p1a,p1b
|-resisted|p1b: Camerupt|1
|-damage|p1a: Oranguru|0 fnt
|-damage|p1b: Camerupt|2/100
|faint|p1a: Oranguru
|-damage|p2a: Sylveon|24/100|[from] item: Life Orb
|
|upkeep
|
|t:|1784927958
|switch|p1a: Gallade|Gallade, L50, M|100/100
|turn|5
|
|t:|1784928010
|move|p2b: Lopunny|Protect|p2b: Lopunny
|-singleturn|p2b: Lopunny|Protect
|move|p1b: Camerupt|Protect|p1b: Camerupt
|-singleturn|p1b: Camerupt|Protect
|move|p1a: Gallade|Sacred Sword|p2a: Sylveon
|-resisted|p2a: Sylveon|1
|-damage|p2a: Sylveon|0 fnt
|faint|p2a: Sylveon
|
|upkeep
|
|t:|1784928019
|switch|p2a: Aggron|Aggron, L50, M|100/100
|turn|6
|
|t:|1784928040
|move|p1a: Gallade|Sacred Sword|p2b: Lopunny
|-supereffective|p2b: Lopunny|1
|-damage|p2b: Lopunny|0 fnt
|faint|p2b: Lopunny
|move|p2a: Aggron|Heavy Slam|p1a: Gallade
|-damage|p1a: Gallade|5/100
|move|p1b: Camerupt|Heat Wave|p2a: Aggron
|-damage|p2a: Aggron|1/100
|
|upkeep
|turn|7
|
|t:|1784928051
|move|p1a: Gallade|Sacred Sword|p2a: Aggron
|-supereffective|p2a: Aggron|2
|-damage|p2a: Aggron|0 fnt
|faint|p2a: Aggron
|
|win|LewBoiiiiiii
|c| Hugh r|Ggz
|c|☆DinisDenis|ggs
|c|☆LewBoiiiiiii|Ggs
|c|☆DinisDenis|good way to depart
|c| JVoid|ggs
|l| enzothegamer
|l| Hugh r
