|j|☆Kardeas
|j|‽ajin22
|html|Kardeasajin22    
|uhtml|bestof|Game 2 of a best-of-3
|t:|1784950937
|gametype|doubles
|player|p1|Kardeas|red|1202
|player|p2|ajin22|2|1124
|gen|9
|tier|[Gen 9 Champions] VGC 2026 Reg M-B (Bo3)
|rated|
|rule|Species Clause: Limit one of each Pokémon
|rule|Item Clause: Limit 1 of each item
|clearpoke
|poke|p1|Charizard, L50, M|
|poke|p1|Garchomp, L50, M|
|poke|p1|Incineroar, L50, M|
|poke|p1|Venusaur, L50, M|
|poke|p1|Toxapex, L50, F|
|poke|p1|Sylveon, L50, F|
|poke|p2|Raichu, L50, M|
|poke|p2|Gholdengo, L50|
|poke|p2|Garchomp, L50, M|
|poke|p2|Incineroar, L50, M|
|poke|p2|Milotic, L50, M|
|poke|p2|Whimsicott, L50, F|
|teampreview|4
|showteam|p1|Charizard||CharizarditeY|Blaze|WeatherBall,HeatWave,AncientPower,Protect|Modest||M|||50|]Garchomp||ChoiceScarf|RoughSkin|RockSlide,DragonClaw,Earthquake,StompingTantrum|Adamant||M|||50|]Incineroar||SitrusBerry|Intimidate|FlareBlitz,FakeOut,DarkestLariat,PartingShot|Impish||M|||50|]Venusaur||LifeOrb|Chlorophyll|SludgeBomb,LeafStorm,EarthPower,Protect|Modest||M|||50|]Toxapex||Leftovers|Regenerator|Infestation,Toxic,WideGuard,BanefulBunker|Bold||F|||50|]Sylveon||FairyFeather|Pixilate|HyperVoice,QuickAttack,Yawn,Detect|Modest||F|||50|
|showteam|p2|Raichu||RaichuniteY|LightningRod|ZapCannon,FocusBlast,Protect,FakeOut|Timid||M|||50|]Gholdengo||SpellTag|GoodasGold|NastyPlot,ShadowBall,Protect,MakeItRain|Modest|||||50|]Garchomp||LifeOrb|RoughSkin|Earthquake,RockSlide,Protect,DragonClaw|Adamant||M|||50|]Incineroar||SitrusBerry|Intimidate|FakeOut,FlareBlitz,DarkestLariat,PartingShot|Impish||M|||50|]Milotic||Leftovers|Competitive|Coil,HydroPump,Hypnosis,Recover|Calm||M|||50|]Whimsicott||FocusSash|Prankster|Tailwind,Moonblast,Encore,Protect|Timid||F|||50|
|
|t:|1784950975
|teamsize|p1|4
|teamsize|p2|4
|start
|switch|p1a: Toxapex|Toxapex, L50, F|100/100
|switch|p1b: Sylveon|Sylveon, L50, F|100/100
|switch|p2a: Raichu|Raichu, L50, M|100/100
|switch|p2b: Garchomp|Garchomp, L50, M|100/100
|turn|1
|
|t:|1784951000
|switch|p2b: Incineroar|Incineroar, L50, M|100/100
|-ability|p2b: Incineroar|Intimidate|boost
|-unboost|p1a: Toxapex|atk|1
|-unboost|p1b: Sylveon|atk|1
|switch|p1a: Garchomp|Garchomp, L50, M|100/100
|move|p2a: Raichu|Protect|p2a: Raichu
|-singleturn|p2a: Raichu|Protect
|move|p1b: Sylveon|Hyper Voice|p2b: Incineroar|[spread] p2b
|-activate|p2a: Raichu|move: Protect
|-damage|p2b: Incineroar|66/100
|
|upkeep
|turn|2
|
|t:|1784951035
|detailschange|p2a: Raichu|Raichu-Mega-Y, L50, M
|-mega|p2a: Raichu|Raichu|Raichunite Y
|move|p2b: Incineroar|Fake Out|p1a: Garchomp
|-damage|p1a: Garchomp|89/100
|-damage|p2b: Incineroar|54/100|[from] ability: Rough Skin|[of] p1a: Garchomp
|cant|p1a: Garchomp|flinch
|move|p2a: Raichu|Zap Cannon|p1b: Sylveon
|-damage|p1b: Sylveon|46/100
|-status|p1b: Sylveon|par
|move|p1b: Sylveon|Hyper Voice|p2a: Raichu|[spread] p2a,p2b
|-damage|p2a: Raichu|33/100
|-damage|p2b: Incineroar|17/100
|-enditem|p2b: Incineroar|Sitrus Berry|[eat]
|-heal|p2b: Incineroar|42/100|[from] item: Sitrus Berry
|
|upkeep
|turn|3
|
|t:|1784951061
|move|p2a: Raichu|Protect|p2a: Raichu
|-singleturn|p2a: Raichu|Protect
|move|p1a: Garchomp|Stomping Tantrum|p2b: Incineroar
|-supereffective|p2b: Incineroar|1
|-damage|p2b: Incineroar|0 fnt
|faint|p2b: Incineroar
|move|p1b: Sylveon|Hyper Voice|p2a: Raichu
|-activate|p2a: Raichu|move: Protect
|
|upkeep
|
|t:|1784951068
|switch|p2b: Garchomp|Garchomp, L50, M|100/100
|turn|4
|
|t:|1784951081
|switch|p2a: Whimsicott|Whimsicott, L50, F|100/100
|move|p1a: Garchomp|Stomping Tantrum|p2a: Whimsicott
|-resisted|p2a: Whimsicott|1
|-damage|p2a: Whimsicott|69/100
|move|p2b: Garchomp|Earthquake|p1a: Garchomp|[spread] p2a,p1a,p1b
|-resisted|p2a: Whimsicott|1
|-damage|p2a: Whimsicott|32/100
|-damage|p1a: Garchomp|37/100
|-damage|p1b: Sylveon|0 fnt
|faint|p1b: Sylveon
|-damage|p2b: Garchomp|90/100|[from] item: Life Orb
|
|upkeep
|
|t:|1784951095
|switch|p1b: Charizard|Charizard, L50, M|100/100
|turn|5
|
|t:|1784951124
|detailschange|p1b: Charizard|Charizard-Mega-Y, L50, M
|-mega|p1b: Charizard|Charizard|Charizardite Y
|-weather|SunnyDay|[from] ability: Drought|[of] p1b: Charizard
|move|p2a: Whimsicott|Tailwind|p2a: Whimsicott
|-sidestart|p2: ajin22|move: Tailwind
|move|p2b: Garchomp|Earthquake|p1a: Garchomp|[spread] p2a,p1a
|-immune|p1b: Charizard
|-resisted|p2a: Whimsicott|1
|-damage|p2a: Whimsicott|0 fnt
|-damage|p1a: Garchomp|0 fnt
|faint|p2a: Whimsicott
|faint|p1a: Garchomp
|-damage|p2b: Garchomp|80/100|[from] item: Life Orb
|move|p1b: Charizard|Weather Ball|p2b: Garchomp
|-resisted|p2b: Garchomp|1
|-damage|p2b: Garchomp|42/100
|
|-weather|SunnyDay|[upkeep]
|upkeep
|
|t:|1784951139
|switch|p2a: Raichu|Raichu-Mega-Y, L50, M|33/100
|switch|p1a: Toxapex|Toxapex, L50, F|100/100
|turn|6
|
|t:|1784951156
|move|p1b: Charizard|Protect|p1b: Charizard
|-singleturn|p1b: Charizard|Protect
|move|p1a: Toxapex|Baneful Bunker|p1a: Toxapex
|-singleturn|p1a: Toxapex|move: Protect
|move|p2a: Raichu|Zap Cannon|p1a: Toxapex
|-activate|p1a: Toxapex|move: Protect
|move|p2b: Garchomp|Rock Slide|p1b: Charizard|[spread] 
|-activate|p1a: Toxapex|move: Protect
|-activate|p1b: Charizard|move: Protect
|
|-weather|SunnyDay|[upkeep]
|upkeep
|turn|7
|
|t:|1784951170
|move|p2b: Garchomp|Protect|p2b: Garchomp
|-singleturn|p2b: Garchomp|Protect
|move|p1a: Toxapex|Wide Guard|p1a: Toxapex
|-singleturn|p1a: Toxapex|Wide Guard
|move|p2a: Raichu|Zap Cannon|p1b: Charizard
|-supereffective|p1b: Charizard|1
|-damage|p1b: Charizard|0 fnt
|faint|p1b: Charizard
|
|-weather|SunnyDay|[upkeep]
|upkeep
|turn|8
|-message|Kardeas forfeited.
|
|win|ajin22
|raw|Kardeas's rating: 1202 → 1171(-31 for losing)
|raw|ajin22's rating: 1124 → 1155(+31 for winning)
|l|☆Kardeas
|player|p1|
