|j|ŌśåShitfuckerreturns2
|j|ŌśåWayne4Life
|html|Shitfuckerreturns2Wayne4Life    
|uhtml|bestof|Game 1 of a best-of-3
|t:|1784927613
|gametype|doubles
|player|p1|Shitfuckerreturns2|harlequin|
|player|p2|Wayne4Life|unknown|
|gen|9
|tier|[Gen 9 Champions] VGC 2026 Reg M-B (Bo3)
|rule|Species Clause: Limit one of each Pok├®mon
|rule|Item Clause: Limit 1 of each item
|clearpoke
|poke|p1|Falinks, L50|
|poke|p1|Audino, L50, F|
|poke|p1|Maushold-Four, L50, shiny|
|poke|p1|Scrafty, L50, F, shiny|
|poke|p1|Archaludon, L50, F|
|poke|p1|Staraptor, L50, F|
|poke|p2|Heracross, L50, M, shiny|
|poke|p2|Milotic, L50, F, shiny|
|poke|p2|Talonflame, L50, M|
|poke|p2|Garchomp, L50, F|
|poke|p2|Absol, L50, M|
|poke|p2|Gholdengo, L50|
|teampreview|4
|showteam|p1|Falinks||Falinksite|Defiant|NoRetreat,Protect,RockSlide,HighHorsepower|Adamant|||||50|]Audino||ChoiceScarf|Healer|SimpleBeam,HealPulse,AfterYou,Encore|Timid||F|||50|]Maushold-Four||WideLens|Technician|PopulationBomb,FollowMe,Protect,TidyUp|Jolly|||||50|]Scrafty||Scraftinite|Intimidate|FakeOut,Coaching,KnockOff,DrainPunch|Careful||F|||50|]Archaludon||SitrusBerry|Stamina|ElectroShot,DragonPulse,FlashCannon,AuraSphere|Modest||F|||50|]Staraptor||FocusSash|Intimidate|Tailwind,Uturn,RainDance,GigaImpact|Jolly||F|||50|
|showteam|p2|Heracross||Heracronite|Guts|Protect,CloseCombat,RockBlast,PinMissile|Adamant||M|||50|]Milotic||Leftovers|Competitive|IceBeam,Scald,Protect,AlluringVoice|Modest||F|||50|]Talonflame||FocusSash|GaleWings|FlareBlitz,Tailwind,QuickGuard,BraveBird|Jolly||M|||50|]Garchomp||ChoiceScarf|RoughSkin|IronHead,Earthquake,DragonClaw,RockSlide|Adamant||F|||50|]Absol||Absolite|Justified|CloseCombat,PlayRough,ThroatChop,SuckerPunch|Jolly||M|||50|]Gholdengo||LifeOrb|GoodasGold|MakeItRain,ShadowBall,Thunderbolt,Protect|Modest|||||50|
|c|ŌśåShitfuckerreturns2|peppino piza
|c|ŌśåWayne4Life|https://play.pokemonshowdown.com/battle-gen9championsvgc2026regmbbo3-2654352190
|c|ŌśåWayne4Life|awns lin
|c|ŌśåShitfuckerreturns2|thank you obamba
|inactive|Battle timer is ON: inactive players will automatically lose when time's up. (requested by Wayne4Life)
|j| guxueprimalblade
|c|ŌśåShitfuckerreturns2|peppijsno pizza towear
|inactive|Shitfuckerreturns2 has 60 seconds left.
|inactive|Wayne4Life has 60 seconds left.
|j| Someoneofficial
|c|ŌśåShitfuckerreturns2|ccall me the thinker the way i be thinking
|j| hakoryu
|
|t:|1784927701
|teamsize|p1|4
|teamsize|p2|4
|start
|switch|p1a: Maushold-Six-Seven|Maushold-Four, L50, shiny|100/100
|switch|p1b: why|Staraptor, L50, F|100/100
|switch|p2a: Asuna|Milotic, L50, F, shiny|100/100
|switch|p2b: Icarus|Talonflame, L50, M|100/100
|-ability|p1b: why|Intimidate|boost
|-unboost|p2a: Asuna|atk|1
|-ability|p2a: Asuna|Competitive|boost
|-boost|p2a: Asuna|spa|2
|-unboost|p2b: Icarus|atk|1
|turn|1
|
|t:|1784927719
|move|p1a: Maushold-Six-Seven|Protect|p1a: Maushold-Six-Seven
|-singleturn|p1a: Maushold-Six-Seven|Protect
|move|p2b: Icarus|Tailwind|p2b: Icarus
|-sidestart|p2: Wayne4Life|move: Tailwind
|move|p2a: Asuna|Ice Beam|p1b: why
|-supereffective|p1b: why|1
|-enditem|p1b: why|Focus Sash
|-damage|p1b: why|1/100
|move|p1b: why|Tailwind|p1b: why
|-sidestart|p1: Shitfuckerreturns2|move: Tailwind
|
|upkeep
|turn|2
|inactive|Shitfuckerreturns2 has 30 seconds left.
|inactive|Wayne4Life has 30 seconds left.
|inactive|Wayne4Life has 20 seconds left.
|
|t:|1784927760
|switch|p1b: That bridge i hate|Archaludon, L50, F|100/100
|move|p2b: Icarus|Brave Bird|p1b: That bridge i hate
|-resisted|p1b: That bridge i hate|1
|-damage|p1b: That bridge i hate|85/100
|-ability|p1b: That bridge i hate|Stamina|boost
|-boost|p1b: That bridge i hate|def|1
|-damage|p2b: Icarus|94/100|[from] Recoil
|move|p1a: Maushold-Six-Seven|Population Bomb|p2a: Asuna
|-damage|p2a: Asuna|91/100
|-crit|p2a: Asuna
|-damage|p2a: Asuna|76/100
|-damage|p2a: Asuna|66/100
|-damage|p2a: Asuna|57/100
|-damage|p2a: Asuna|48/100
|-damage|p2a: Asuna|38/100
|-damage|p2a: Asuna|29/100
|-damage|p2a: Asuna|19/100
|-crit|p2a: Asuna
|-damage|p2a: Asuna|5/100
|-damage|p2a: Asuna|0 fnt
|faint|p2a: Asuna
|-hitcount|p2: Asuna|10
|
|upkeep
|c|ŌśåShitfuckerreturns2|call me tailwind the way i be doubkuing my spoeed
|
|t:|1784927769
|switch|p2a: Hercules|Heracross, L50, M, shiny|100/100
|turn|3
|j| HEROBREIN9
|inactive|Shitfuckerreturns2 has 30 seconds left.
|inactive|Shitfuckerreturns2 has 20 seconds left.
|inactive|Shitfuckerreturns2 has 15 seconds left.
|
|t:|1784927814
|switch|p2b: GHOATdengo|Gholdengo, L50|100/100
|switch|p1a: why|Staraptor, L50, F|1/100
|-ability|p1a: why|Intimidate|boost
|-unboost|p2a: Hercules|atk|1
|-unboost|p2b: GHOATdengo|atk|1
|detailschange|p2a: Hercules|Heracross-Mega, L50, M, shiny
|-mega|p2a: Hercules|Heracross|Heracronite
|move|p1b: That bridge i hate|Dragon Pulse|p2a: Hercules
|-damage|p2a: Hercules|59/100
|move|p2a: Hercules|Close Combat|p1b: That bridge i hate
|-supereffective|p1b: That bridge i hate|1
|-damage|p1b: That bridge i hate|10/100
|-unboost|p2a: Hercules|def|1
|-unboost|p2a: Hercules|spd|1
|-ability|p1b: That bridge i hate|Stamina|boost
|-boost|p1b: That bridge i hate|def|1
|-enditem|p1b: That bridge i hate|Sitrus Berry|[eat]
|-heal|p1b: That bridge i hate|34/100|[from] item: Sitrus Berry
|
|upkeep
|turn|4
|inactive|Shitfuckerreturns2 has 30 seconds left.
|inactive|Shitfuckerreturns2 has 20 seconds left.
|inactive|Shitfuckerreturns2 has 15 seconds left.
|c| HEROBREIN9|r-r-r-rain dance
|inactive|Shitfuckerreturns2 has 10 seconds left.
|
|t:|1784927861
|move|p2a: Hercules|Protect|p2a: Hercules
|-singleturn|p2a: Hercules|Protect
|move|p1a: why|Giga Impact|p2a: Hercules
|-activate|p2a: Hercules|move: Protect
|move|p2b: GHOATdengo|Shadow Ball|p1b: That bridge i hate
|-damage|p1b: That bridge i hate|0 fnt
|faint|p1b: That bridge i hate
|-damage|p2b: GHOATdengo|90/100|[from] item: Life Orb
|
|-sideend|p1: Shitfuckerreturns2|move: Tailwind
|-sideend|p2: Wayne4Life|move: Tailwind
|upkeep
|c| hakoryu|feels the aura
|c| hakoryu|wait
|c| HEROBREIN9|omg
|
|t:|1784927872
|switch|p1b: Dumb idiot|Scrafty, L50, F, shiny|100/100
|-ability|p1b: Dumb idiot|Intimidate|boost
|-unboost|p2a: Hercules|atk|1
|-unboost|p2b: GHOATdengo|atk|1
|turn|5
|c| hakoryu|waynce clutch
|
|t:|1784927890
|switch|p2a: Icarus|Talonflame, L50, M|94/100
|detailschange|p1b: Dumb idiot|Scrafty-Mega, L50, F, shiny
|-mega|p1b: Dumb idiot|Scrafty|Scraftinite
|-ability|p1b: Dumb idiot|Intimidate|boost
|-unboost|p2a: Icarus|atk|1
|-unboost|p2b: GHOATdengo|atk|1
|move|p2b: GHOATdengo|Protect|p2b: GHOATdengo
|-singleturn|p2b: GHOATdengo|Protect
|move|p1a: why|Giga Impact|p2a: Icarus
|-damage|p2a: Icarus|0 fnt
|-mustrecharge|p1a: why
|faint|p2a: Icarus
|move|p1b: Dumb idiot|Knock Off|p2b: GHOATdengo
|-activate|p2b: GHOATdengo|move: Protect
|
|upkeep
|c|ŌśåShitfuckerreturns2|call me giga impact the way my impact giga
|c| HEROBREIN9|LOL
|
|t:|1784927903
|switch|p2a: Hercules|Heracross-Mega, L50, M, shiny|59/100
|turn|6
|c| hakoryu|OH SHIT
|c| hakoryu|ij pj
|c| hakoryu|uh oh
|c| hakoryu|wait
|c| hakoryu|u win hypothetically
|
|t:|1784927924
|cant|p1a: why|recharge
|move|p2b: GHOATdengo|Thunderbolt|p1a: why
|-supereffective|p1a: why|1
|-damage|p1a: why|0 fnt
|faint|p1a: why
|-damage|p2b: GHOATdengo|80/100|[from] item: Life Orb
|move|p2a: Hercules|Close Combat|p1b: Dumb idiot
|-supereffective|p1b: Dumb idiot|1
|-damage|p1b: Dumb idiot|0 fnt
|-unboost|p2a: Hercules|def|1
|-unboost|p2a: Hercules|spd|1
|faint|p1b: Dumb idiot
|
|upkeep
|c|ŌśåShitfuckerreturns2|call me recharge the way i am unable to act for a turn
|c| hakoryu|yeah ggs
|
|t:|1784927935
|switch|p1b: Maushold-Six-Seven|Maushold-Four, L50, shiny|100/100
|turn|7
|
|t:|1784927949
|move|p2a: Hercules|Protect|p2a: Hercules
|-singleturn|p2a: Hercules|Protect
|move|p1b: Maushold-Six-Seven|Population Bomb|p2a: Hercules
|-activate|p2a: Hercules|move: Protect
|move|p2b: GHOATdengo|Thunderbolt|p1b: Maushold-Six-Seven
|-damage|p1b: Maushold-Six-Seven|47/100
|-damage|p2b: GHOATdengo|70/100|[from] item: Life Orb
|
|upkeep
|turn|8
|c|ŌśåShitfuckerreturns2|call me six seven the way i am unable to attack ghost types
|c| hakoryu|why maushold got shit stained draws
|c| HEROBREIN9|me asf
|c|ŌśåShitfuckerreturns2|accident
|
|t:|1784927971
|move|p2a: Hercules|Protect||[still]
|-fail|p2a: Hercules
|move|p1b: Maushold-Six-Seven|Population Bomb|p2a: Hercules
|-damage|p2a: Hercules|48/100
|-damage|p2a: Hercules|36/100
|-damage|p2a: Hercules|24/100
|-damage|p2a: Hercules|12/100
|-damage|p2a: Hercules|1/100
|-damage|p2a: Hercules|0 fnt
|faint|p2a: Hercules
|-hitcount|p2: Hercules|6
|move|p2b: GHOATdengo|Thunderbolt|p1b: Maushold-Six-Seven
|-damage|p1b: Maushold-Six-Seven|0 fnt
|faint|p1b: Maushold-Six-Seven
|-damage|p2b: GHOATdengo|60/100|[from] item: Life Orb
|
|win|Wayne4Life
|c| hakoryu|proof?
||Shitfuckerreturns2 is ready for game 2.
|c| HEROBREIN9|not here
|inactive|Wayne4Life has 30 seconds to confirm battle start!
|inactive|Wayne4Life has 20 seconds to confirm battle start!
