|j|☆breloomb01
|j|☆Theelvisboy1
|html|breloomb01Theelvisboy1    
|uhtml|bestof|Game 2 of a best-of-3
|t:|1785348092
|gametype|doubles
|player|p1|breloomb01|roughneck|1136
|player|p2|Theelvisboy1|cynthia|1100
|gen|9
|tier|[Gen 9 Champions] VGC 2026 Reg M-B (Bo3)
|rated|
|rule|Species Clause: Limit one of each Pokémon
|rule|Item Clause: Limit 1 of each item
|clearpoke
|poke|p1|Floette-Eternal, L50, F|
|poke|p1|Incineroar, L50, F|
|poke|p1|Sinistcha, L50|
|poke|p1|Garchomp, L50, F|
|poke|p1|Sneasler, L50, M|
|poke|p1|Rotom-Wash, L50|
|poke|p2|Lucario, L50, M|
|poke|p2|Chandelure, L50, F, shiny|
|poke|p2|Whimsicott, L50, M|
|poke|p2|Staraptor, L50, F|
|poke|p2|Dragonite, L50, M|
|poke|p2|Drampa, L50, M, shiny|
|teampreview|4
|showteam|p1|Floette-Eternal||Floettite|FlowerVeil|DrainingKiss,DazzlingGleam,CalmMind,Protect|Modest||F|||50|]Incineroar||SitrusBerry|Intimidate|FakeOut,FlareBlitz,ThroatChop,PartingShot|Careful||F|||50|]Sinistcha||KasibBerry|Hospitality|MatchaGotcha,RagePowder,LifeDew,TrickRoom|Calm|||||50|]Garchomp||LifeOrb|RoughSkin|Earthquake,DragonClaw,RockSlide,Protect|Jolly||F|||50|]Sneasler||FocusSash|PoisonTouch|FakeOut,DireClaw,CloseCombat,Protect|Jolly||M|||50|]Rotom-Wash||Leftovers|Levitate|HydroPump,VoltSwitch,WillOWisp,Electroweb|Modest|||||50|
|showteam|p2|Lucario||LifeOrb|InnerFocus|MeteorMash,ExtremeSpeed,CloseCombat,BrickBreak|Adamant||M|||50|]Chandelure||Chandelurite|FlashFire|HeatWave,Protect,ShadowBall,Overheat|Modest||F|||50|]Whimsicott||FocusSash|Prankster|Tailwind,Charm,FakeTears,Psychic|Bold||M|||50|]Staraptor||Staraptite|Intimidate|Roost,CloseCombat,BraveBird,Protect|Serious||F|||50|]Dragonite||ChoiceScarf|Multiscale|Earthquake,IronHead,ThunderPunch,DragonClaw|Adamant||M|||50|]Drampa||Leftovers|CloudNine|Thunderbolt,EarthPower,Flamethrower,EnergyBall|Quiet||M|||50|
|inactive|Battle timer is ON: inactive players will automatically lose when time's up. (requested by Theelvisboy1)
|inactive|breloomb01 has 60 seconds left.
|
|t:|1785348154
|teamsize|p1|4
|teamsize|p2|4
|start
|switch|p1a: Garchomp|Garchomp, L50, F|100/100
|switch|p1b: Rotom|Rotom-Wash, L50|100/100
|switch|p2a: Lucario|Lucario, L50, M|100/100
|switch|p2b: Whimsicott|Whimsicott, L50, M|100/100
|turn|1
|inactive|Theelvisboy1 has 30 seconds left.
|
|t:|1785348182
|move|p1a: Garchomp|Protect|p1a: Garchomp
|-singleturn|p1a: Garchomp|Protect
|move|p2b: Whimsicott|Charm|p1a: Garchomp
|-activate|p1a: Garchomp|move: Protect
|move|p1b: Rotom|Will-O-Wisp|p2a: Lucario
|-status|p2a: Lucario|brn
|move|p2a: Lucario|Close Combat|p1b: Rotom
|-damage|p1b: Rotom|56/100
|-unboost|p2a: Lucario|def|1
|-unboost|p2a: Lucario|spd|1
|-damage|p2a: Lucario|90/100 brn|[from] item: Life Orb
|
|-heal|p1b: Rotom|62/100|[from] item: Leftovers
|-damage|p2a: Lucario|84/100 brn|[from] brn
|upkeep
|turn|2
|
|t:|1785348195
|switch|p1a: Sinistcha|Sinistcha, L50|100/100
|-heal|p1b: Rotom|87/100|[from] ability: Hospitality|[of] p1a: Sinistcha
|switch|p2a: Dragonite|Dragonite, L50, M|100/100
|move|p2b: Whimsicott|Charm|p1a: Sinistcha
|-unboost|p1a: Sinistcha|atk|2
|move|p1b: Rotom|Will-O-Wisp|p2b: Whimsicott
|-status|p2b: Whimsicott|brn
|
|-heal|p1b: Rotom|93/100|[from] item: Leftovers
|-damage|p2b: Whimsicott|94/100 brn|[from] brn
|upkeep
|turn|3
|
|t:|1785348213
|switch|p1a: Incineroar|Incineroar, L50, F|100/100
|-ability|p1a: Incineroar|Intimidate|boost
|-unboost|p2a: Dragonite|atk|1
|-unboost|p2b: Whimsicott|atk|1
|move|p2b: Whimsicott|Tailwind|p2b: Whimsicott
|-sidestart|p2: Theelvisboy1|move: Tailwind
|move|p2a: Dragonite|Dragon Claw|p1b: Rotom
|-damage|p1b: Rotom|60/100
|move|p1b: Rotom|Will-O-Wisp|p2a: Dragonite
|-status|p2a: Dragonite|brn
|
|-heal|p1b: Rotom|66/100|[from] item: Leftovers
|-damage|p2a: Dragonite|93/100 brn|[from] brn
|-damage|p2b: Whimsicott|88/100 brn|[from] brn
|upkeep
|turn|4
|
|t:|1785348231
|switch|p2a: Chandelure|Chandelure, L50, F, shiny|100/100
|move|p2b: Whimsicott|Fake Tears|p1b: Rotom
|-unboost|p1b: Rotom|spd|2
|move|p1b: Rotom|Volt Switch|p2a: Chandelure
|-damage|p2a: Chandelure|52/100
|
|t:|1785348236
|switch|p1b: Garchomp|Garchomp, L50, F|100/100|[from] Volt Switch
|move|p1a: Incineroar|Flare Blitz|p2b: Whimsicott
|-supereffective|p2b: Whimsicott|1
|-damage|p2b: Whimsicott|8/100 brn
|-damage|p1a: Incineroar|78/100|[from] Recoil
|
|-damage|p2b: Whimsicott|2/100 brn|[from] brn
|upkeep
|turn|5
|c|☆Theelvisboy1|im cooked
|inactive|Theelvisboy1 has 30 seconds left.
|
|t:|1785348264
|switch|p2b: Dragonite|Dragonite, L50, M|93/100 brn
|detailschange|p2a: Chandelure|Chandelure-Mega, L50, F, shiny
|-mega|p2a: Chandelure|Chandelure|Chandelurite
|move|p1b: Garchomp|Protect|p1b: Garchomp
|-singleturn|p1b: Garchomp|Protect
|move|p2a: Chandelure|Shadow Ball|p1b: Garchomp
|-activate|p1b: Garchomp|move: Protect
|move|p1a: Incineroar|Parting Shot|p2a: Chandelure
|-unboost|p2a: Chandelure|atk|1
|-unboost|p2a: Chandelure|spa|1
|
|t:|1785348271
|switch|p1a: Rotom|Rotom-Wash, L50|66/100|[from] Parting Shot
|
|-heal|p1a: Rotom|71/100|[from] item: Leftovers
|-damage|p2b: Dragonite|87/100 brn|[from] brn
|upkeep
|turn|6
|
|t:|1785348282
|move|p2b: Dragonite|Dragon Claw|p1b: Garchomp
|-supereffective|p1b: Garchomp|1
|-damage|p1b: Garchomp|51/100
|-damage|p2b: Dragonite|75/100 brn|[from] ability: Rough Skin|[of] p1b: Garchomp
|move|p2a: Chandelure|Shadow Ball|p1a: Rotom
|-damage|p1a: Rotom|28/100
|move|p1b: Garchomp|Rock Slide|p2b: Dragonite|[spread] p2a,p2b
|-supereffective|p2a: Chandelure|1
|-supereffective|p2b: Dragonite|1
|-damage|p2a: Chandelure|0 fnt
|-damage|p2b: Dragonite|21/100 brn
|faint|p2a: Chandelure
|-damage|p1b: Garchomp|42/100|[from] item: Life Orb
|move|p1a: Rotom|Hydro Pump|p2b: Dragonite|[miss]
|-miss|p1a: Rotom|p2b: Dragonite
|
|-heal|p1a: Rotom|33/100|[from] item: Leftovers
|-damage|p2b: Dragonite|15/100 brn|[from] brn
|-sideend|p2: Theelvisboy1|move: Tailwind
|upkeep
|
|t:|1785348293
|switch|p2a: Whimsicott|Whimsicott, L50, M|2/100 brn
|turn|7
|
|t:|1785348303
|switch|p1a: Sinistcha|Sinistcha, L50|100/100
|-heal|p1b: Garchomp|66/100|[from] ability: Hospitality|[of] p1a: Sinistcha
|move|p1b: Garchomp|Protect|p1b: Garchomp
|-singleturn|p1b: Garchomp|Protect
|move|p2a: Whimsicott|Tailwind|p2a: Whimsicott
|-sidestart|p2: Theelvisboy1|move: Tailwind
|move|p2b: Dragonite|Dragon Claw|p1a: Sinistcha
|-damage|p1a: Sinistcha|80/100
|
|-damage|p2b: Dragonite|9/100 brn|[from] brn
|-damage|p2a: Whimsicott|0 fnt|[from] brn
|faint|p2a: Whimsicott
|upkeep
|
|t:|1785348312
|switch|p2a: Lucario|Lucario, L50, M|84/100 brn
|turn|8
|
|t:|1785348319
|move|p1a: Sinistcha|Rage Powder|p1a: Sinistcha
|-singleturn|p1a: Sinistcha|move: Rage Powder
|move|p2b: Dragonite|Dragon Claw|p1a: Sinistcha
|-damage|p1a: Sinistcha|58/100
|move|p2a: Lucario|Meteor Mash|p1a: Sinistcha
|-damage|p1a: Sinistcha|29/100
|-damage|p2a: Lucario|74/100 brn|[from] item: Life Orb
|move|p1b: Garchomp|Earthquake|p2b: Dragonite|[spread] p1a,p2a
|-immune|p2b: Dragonite
|-resisted|p1a: Sinistcha|1
|-supereffective|p2a: Lucario|1
|-damage|p1a: Sinistcha|9/100
|-damage|p2a: Lucario|0 fnt
|faint|p2a: Lucario
|-damage|p1b: Garchomp|56/100|[from] item: Life Orb
|
|-damage|p2b: Dragonite|3/100 brn|[from] brn
|upkeep
|turn|9
|
|t:|1785348330
|move|p1a: Sinistcha|Rage Powder|p1a: Sinistcha
|-singleturn|p1a: Sinistcha|move: Rage Powder
|move|p2b: Dragonite|Dragon Claw|p1a: Sinistcha
|-damage|p1a: Sinistcha|0 fnt
|faint|p1a: Sinistcha
|move|p1b: Garchomp|Dragon Claw|p2b: Dragonite
|-supereffective|p2b: Dragonite|1
|-damage|p2b: Dragonite|0 fnt
|faint|p2b: Dragonite
|-damage|p1b: Garchomp|46/100|[from] item: Life Orb
|
|win|breloomb01
||Theelvisboy1 is ready for game 3.
||breloomb01 is ready for game 3.
|uhtml|next|Next: Game 3 of 3
|l|☆Theelvisboy1
|player|p2|
