|j|☆Rosa Verde
|j|☆Branzzy
|html|Rosa VerdeBranzzy    
|uhtml|bestof|Game 2 of a best-of-3
|t:|1785704705
|gametype|doubles
|player|p1|Rosa Verde|pokemonbreederf-gen4|1116
|player|p2|Branzzy|blue|1000
|gen|9
|tier|[Gen 9 Champions] VGC 2026 Reg M-B (Bo3)
|rated|
|rule|Species Clause: Limit one of each Pokémon
|rule|Item Clause: Limit 1 of each item
|clearpoke
|poke|p1|Aggron, L50, F|
|poke|p1|Sinistcha, L50, shiny|
|poke|p1|Farigiraf, L50, M|
|poke|p1|Tyranitar, L50, M|
|poke|p1|Rotom-Wash, L50|
|poke|p1|Sneasler, L50, M|
|poke|p2|Garchomp, L50, F|
|poke|p2|Tyranitar, L50, F|
|poke|p2|Corviknight, L50, F|
|poke|p2|Sneasler, L50, F|
|poke|p2|Basculegion, L50, M|
|poke|p2|Scizor, L50, M|
|teampreview|4
|showteam|p1|Aggron||Aggronite|Sturdy|HeavySlam,IronDefense,Protect,BodyPress|Careful||F|||50|]Sinistcha||Leftovers|Hospitality|MatchaGotcha,Protect,RagePowder,TrickRoom|Calm|||||50|]Farigiraf||SitrusBerry|ArmorTail|Psychic,Protect,TrickRoom,HyperVoice|Quiet||M|||50|]Tyranitar||ChopleBerry|SandStream|Protect,RockSlide,IcePunch,KnockOff|Adamant||M|||50|]Rotom-Wash||MysticWater|Levitate|HydroPump,WillOWisp,Protect,Thunderbolt|Calm|||||50|]Sneasler||WhiteHerb|Unburden|DireClaw,FakeOut,Protect,CloseCombat|Adamant||M|||50|
|showteam|p2|Garchomp||Garchompite|RoughSkin|DracoMeteor,PowerGem,EarthPower,Protect|Modest||F|||50|]Tyranitar||ChoiceScarf|SandStream|RockSlide,IcePunch,KnockOff,Superpower|Jolly||F|||50|]Corviknight||Leftovers|MirrorArmor|IronHead,BraveBird,Tailwind,Protect|Impish||F|||50|]Sneasler||FocusSash|PoisonTouch|FakeOut,PoisonJab,CloseCombat,Protect|Jolly||F|||50|]Basculegion||SitrusBerry|SwiftSwim|WaveCrash,LastRespects,AquaJet,Protect|Jolly||M|||50|]Scizor||LifeOrb|Technician|BulletPunch,BugBite,SwordsDance,Protect|Adamant||M|||50|
|
|t:|1785704745
|teamsize|p1|4
|teamsize|p2|4
|start
|switch|p1a: Aggron|Aggron, L50, F|100/100
|switch|p1b: Tyranitar|Tyranitar, L50, M|100/100
|switch|p2a: Scizor|Scizor, L50, M|100/100
|switch|p2b: Garchomp|Garchomp, L50, F|100/100
|-weather|Sandstorm|[from] ability: Sand Stream|[of] p1b: Tyranitar
|turn|1
|
|t:|1785704788
|detailschange|p2b: Garchomp|Garchomp-Mega, L50, F
|-mega|p2b: Garchomp|Garchomp|Garchompite
|detailschange|p1a: Aggron|Aggron-Mega, L50, F
|-mega|p1a: Aggron|Aggron|Aggronite
|move|p1a: Aggron|Protect|p1a: Aggron
|-singleturn|p1a: Aggron|Protect
|move|p2b: Garchomp|Earth Power|p1b: Tyranitar
|-supereffective|p1b: Tyranitar|1
|-damage|p1b: Tyranitar|24/100
|move|p2a: Scizor|Swords Dance|p2a: Scizor
|-boost|p2a: Scizor|atk|2
|move|p1b: Tyranitar|Ice Punch|p2b: Garchomp
|-supereffective|p2b: Garchomp|2
|-damage|p2b: Garchomp|10/100
|
|-weather|Sandstorm|[upkeep]
|upkeep
|turn|2
|
|t:|1785704819
|switch|p1b: Sinistcha|Sinistcha, L50, shiny|100/100
|move|p2a: Scizor|Bullet Punch|p1b: Sinistcha
|-damage|p1b: Sinistcha|12/100
|-damage|p2a: Scizor|90/100|[from] item: Life Orb
|move|p2b: Garchomp|Earth Power|p1a: Aggron
|-supereffective|p1a: Aggron|1
|-damage|p1a: Aggron|18/100
|move|p1a: Aggron|Iron Defense|p1a: Aggron
|-boost|p1a: Aggron|def|2
|
|-weather|Sandstorm|[upkeep]
|-damage|p1b: Sinistcha|6/100|[from] Sandstorm
|-heal|p1b: Sinistcha|12/100|[from] item: Leftovers
|upkeep
|turn|3
|
|t:|1785704858
|move|p2b: Garchomp|Protect|p2b: Garchomp
|-singleturn|p2b: Garchomp|Protect
|move|p1a: Aggron|Protect|p1a: Aggron
|-singleturn|p1a: Aggron|Protect
|move|p2a: Scizor|Bullet Punch|p1b: Sinistcha
|-damage|p1b: Sinistcha|0 fnt
|faint|p1b: Sinistcha
|-damage|p2a: Scizor|80/100|[from] item: Life Orb
|
|-weather|Sandstorm|[upkeep]
|upkeep
|
|t:|1785704871
|switch|p1b: Farigiraf|Farigiraf, L50, M|100/100
|turn|4
|
|t:|1785704881
|switch|p1a: Tyranitar|Tyranitar, L50, M|24/100
|move|p2b: Garchomp|Earth Power|p1a: Tyranitar
|-supereffective|p1a: Tyranitar|1
|-damage|p1a: Tyranitar|0 fnt
|faint|p1a: Tyranitar
|move|p2a: Scizor|Bug Bite|p1b: Farigiraf
|-supereffective|p1b: Farigiraf|1
|-damage|p1b: Farigiraf|0 fnt
|-enditem|p1b: Farigiraf|Sitrus Berry|[from] stealeat|[move] Bug Bite|[of] p2a: Scizor
|-heal|p2a: Scizor|100/100|[from] item: Sitrus Berry
|faint|p1b: Farigiraf
|-damage|p2a: Scizor|90/100|[from] item: Life Orb
|
|-weather|Sandstorm|[upkeep]
|upkeep
|
|t:|1785704892
|switch|p1b: Aggron|Aggron-Mega, L50, F|18/100
|turn|5
|
|t:|1785704900
|move|p2a: Scizor|Bullet Punch|p1b: Aggron
|-resisted|p1b: Aggron|1
|-damage|p1b: Aggron|0 fnt
|faint|p1b: Aggron
|-damage|p2a: Scizor|80/100|[from] item: Life Orb
|
|win|Branzzy
|raw|Rosa Verde's rating: 1116 → 1083(-33 for losing)
|raw|Branzzy's rating: 1000 → 1053(+53 for winning)
|l|☆Rosa Verde
|player|p1|
