|j|â˜†wade connects
|j|â˜†SitrusC
|html|wade connectsSitrusC    
|uhtml|bestof|Game 2 of a best-of-3
|t:|1785639647
|gametype|doubles
|player|p1|wade connects|101|1189
|player|p2|SitrusC|falkner|1310
|gen|9
|tier|[Gen 9 Champions] VGC 2026 Reg M-B (Bo3)
|rated|
|rule|Species Clause: Limit one of each PokÃ©mon
|rule|Item Clause: Limit 1 of each item
|clearpoke
|poke|p1|Gholdengo, L50|
|poke|p1|Clefable, L50, M|
|poke|p1|Blaziken, L50, M, shiny|
|poke|p1|Sceptile, L50, F|
|poke|p1|Gyarados, L50, M, shiny|
|poke|p1|Aerodactyl, L50, F|
|poke|p2|Gengar, L50, F|
|poke|p2|Kommo-o, L50, M|
|poke|p2|Ninetales-Alola, L50, M|
|poke|p2|Palafin, L50, M|
|poke|p2|Incineroar, L50, F|
|poke|p2|Aerodactyl, L50, M|
|teampreview|4
|showteam|p1|Gholdengo||MetalCoat|GoodasGold|Protect,NastyPlot,ShadowBall,MakeItRain|Modest|||||50|]Clefable||Leftovers|Unaware|Protect,FollowMe,LifeDew,Moonblast|Bold||M|||50|]Blaziken||LifeOrb|SpeedBoost|Detect,CloseCombat,FlareBlitz,RockSlide|Adamant||M|||50|]Sceptile||Sceptilite|Overgrow|Detect,EnergyBall,DragonPulse,EarthPower|Timid||F|||50|]Gyarados||Gyaradosite|Intimidate|Protect,DragonDance,Waterfall,Crunch|Adamant||M|||50|]Aerodactyl||FocusSash|Unnerve|Protect,Tailwind,DualWingbeat,RockSlide|Jolly||F|||50|
|showteam|p2|Gengar||Gengarite|CursedBody|Protect,Disable,ShadowBall,SludgeBomb|Modest||F|||50|]Kommo-o||DragonFang|Soundproof|Protect,AuraSphere,ClangingScales,ClangorousSoul|Modest||M|||50|]Ninetales-Alola||NeverMeltIce|SnowWarning|Protect,Blizzard,FreezeDry,AuroraVeil|Timid||M|||50|]Palafin||MysticWater|ZerotoHero|Protect,Encore,JetPunch,WaveCrash|Adamant||M|||50|]Incineroar||SitrusBerry|Intimidate|FakeOut,FlareBlitz,ThroatChop,PartingShot|Careful||F|||50|]Aerodactyl||Aerodactylite|RockHead|Protect,Tailwind,RockSlide,DualWingbeat|Jolly||M|||50|
|inactive|Battle timer is ON: inactive players will automatically lose when time's up. (requested by SitrusC)
|c|â˜†SitrusC|Glhf
|c|â˜†wade connects|U2
|inactive|SitrusC has 60 seconds left.
|inactive|SitrusC has 30 seconds left.
|inactive|SitrusC has 20 seconds left.
|
|t:|1785639721
|teamsize|p1|4
|teamsize|p2|4
|start
|switch|p1a: Blaziken|Blaziken, L50, M, shiny|100/100
|switch|p1b: Gyarados|Gyarados, L50, M, shiny|100/100
|switch|p2a: Kommo-o|Kommo-o, L50, M|100/100
|switch|p2b: Aerodactyl|Aerodactyl, L50, M|100/100
|-ability|p1b: Gyarados|Intimidate|boost
|-unboost|p2a: Kommo-o|atk|1
|-unboost|p2b: Aerodactyl|atk|1
|turn|1
|
|t:|1785639746
|switch|p1a: Clefable|Clefable, L50, M|100/100
|detailschange|p2b: Aerodactyl|Aerodactyl-Mega, L50, M
|-mega|p2b: Aerodactyl|Aerodactyl|Aerodactylite
|move|p2b: Aerodactyl|Tailwind|p2b: Aerodactyl
|-sidestart|p2: SitrusC|move: Tailwind
|move|p2a: Kommo-o|Clangorous Soul|p2a: Kommo-o
|-boost|p2a: Kommo-o|atk|1
|-boost|p2a: Kommo-o|def|1
|-boost|p2a: Kommo-o|spa|1
|-boost|p2a: Kommo-o|spd|1
|-boost|p2a: Kommo-o|spe|1
|-damage|p2a: Kommo-o|67/100
|move|p1b: Gyarados|Dragon Dance|p1b: Gyarados
|-boost|p1b: Gyarados|atk|1
|-boost|p1b: Gyarados|spe|1
|
|upkeep
|turn|2
|inactive|wade connects has 30 seconds left.
|
|t:|1785639773
|move|p1b: Gyarados|Protect|p1b: Gyarados
|-singleturn|p1b: Gyarados|Protect
|move|p2b: Aerodactyl|Rock Slide|p1a: Clefable|[spread] 
|-activate|p1b: Gyarados|move: Protect
|-miss|p2b: Aerodactyl|p1a: Clefable
|move|p2a: Kommo-o|Clanging Scales|p1b: Gyarados|[spread] 
|-activate|p1b: Gyarados|move: Protect
|-immune|p1a: Clefable
|move|p1a: Clefable|Moonblast|p2a: Kommo-o
|-supereffective|p2a: Kommo-o|2
|-damage|p2a: Kommo-o|0 fnt
|faint|p2a: Kommo-o
|
|upkeep
|
|t:|1785639789
|switch|p2a: Incineroar|Incineroar, L50, F|100/100
|-ability|p2a: Incineroar|Intimidate|boost
|-unboost|p1a: Clefable|atk|1
|-unboost|p1b: Gyarados|atk|1
|turn|3
|
|t:|1785639797
|detailschange|p1b: Gyarados|Gyarados-Mega, L50, M, shiny
|-mega|p1b: Gyarados|Gyarados|Gyaradosite
|-ability|p1b: Gyarados|Mold Breaker
|move|p2a: Incineroar|Fake Out|p1b: Gyarados
|-crit|p1b: Gyarados
|-damage|p1b: Gyarados|86/100
|move|p2b: Aerodactyl|Rock Slide|p1a: Clefable|[spread] p1a,p1b
|-damage|p1a: Clefable|77/100
|-damage|p1b: Gyarados|69/100
|cant|p1b: Gyarados|flinch
|move|p1a: Clefable|Life Dew|p1a: Clefable|[spread] p1a,p1b
|-heal|p1a: Clefable|100/100
|-heal|p1b: Gyarados|94/100
|
|upkeep
|turn|4
|
|t:|1785639819
|switch|p2a: Ninetales|Ninetales-Alola, L50, M|100/100
|-weather|Snowscape|[from] ability: Snow Warning|[of] p2a: Ninetales
|move|p1a: Clefable|Follow Me|p1a: Clefable
|-singleturn|p1a: Clefable|move: Follow Me
|move|p2b: Aerodactyl|Rock Slide|p1b: Gyarados|[spread] p1a,p1b
|-damage|p1a: Clefable|77/100
|-damage|p1b: Gyarados|77/100
|cant|p1b: Gyarados|flinch
|
|-weather|Snowscape|[upkeep]
|-heal|p1a: Clefable|83/100|[from] item: Leftovers
|-sideend|p2: SitrusC|move: Tailwind
|upkeep
|turn|5
|-message|SitrusC forfeited.
|raw|wade connects's rating: 1189 → 1222(+33 for winning)
|raw|SitrusC's rating: 1310 → 1283(-27 for losing)
|
|win|wade connects
|l|â˜†SitrusC
|player|p2|
|l|â˜†wade connects
|player|p1|
|j|â˜†wade connects
|player|p1|wade connects|101|
