|j|☆calamardude
|j|☆Djogmacx
|html|calamardudeDjogmacx    
|uhtml|bestof|Game 3 of a best-of-3
|t:|1756173682
|gametype|doubles
|player|p1|calamardude|bugcatcher-gen4dp|1024
|player|p2|Djogmacx|veteran|1137
|gen|9
|tier|[Gen 9] VGC 2025 Reg H (Bo3)
|rated|
|rule|Species Clause: Limit one of each Pokémon
|rule|Item Clause: Limit 1 of each item
|clearpoke
|poke|p1|Oricorio-Pom-Pom, L50, M|
|poke|p1|Bellossom, L50, F|
|poke|p1|Flamigo, L50, M|
|poke|p1|Lycanroc-Dusk, L50, F|
|poke|p1|Quaquaval, L50, M|
|poke|p1|Volcarona, L50, M|
|poke|p2|Dragonite, L50, F|
|poke|p2|Gholdengo, L50|
|poke|p2|Sneasler, L50, M|
|poke|p2|Incineroar, L50, M|
|poke|p2|Rillaboom, L50, F|
|poke|p2|Farigiraf, L50, F|
|teampreview|4
|showteam|p1|Oricorio-Pom-Pom||CovertCloak|Dancer|Protect,RevelationDance,Substitute,Tailwind|||M|||50|,,,,,Grass]Bellossom||Leftovers|Healer|PetalDance,QuiverDance,Protect,Moonblast|||F|||50|,,,,,Water]Flamigo||FocusSash|Costar|CloseCombat,Protect,Copycat,BraveBird|||M|||50|,,,,,Dark]Lycanroc-Dusk||ChoiceBand|ToughClaws|Accelerock,CloseCombat,PlayRough,RockSlide|||F|||50|,,,,,Rock]Quaquaval||LifeOrb|Moxie|AquaStep,Detect,KnockOff,IceSpinner|||M|||50|,,,,,Dark]Volcarona||RockyHelmet|FlameBody|FieryDance,Protect,QuiverDance,RagePowder|||M|||50|,,,,,Grass
|showteam|p2|Dragonite||LoadedDice|InnerFocus|ScaleShot,Protect,ExtremeSpeed,Tailwind|||F|||50|,,,,,Normal]Gholdengo||LifeOrb|GoodasGold|MakeItRain,ShadowBall,NastyPlot,Protect||||||50|,,,,,Flying]Sneasler||GrassySeed|Unburden|DireClaw,Coaching,CloseCombat,Protect|||M|||50|,,,,,Stellar]Incineroar||SafetyGoggles|Intimidate|FakeOut,FlareBlitz,PartingShot,KnockOff|||M|||50|,,,,,Bug]Rillaboom||AssaultVest|GrassySurge|FakeOut,GrassyGlide,WoodHammer,HighHorsepower|||F|||50|,,,,,Fire]Farigiraf||ThroatSpray|ArmorTail|HyperVoice,Psychic,TrickRoom,Protect|||F|||50|,,,,,Fairy
|inactive|Battle timer is ON: inactive players will automatically lose when time's up. (requested by Djogmacx)
|inactive|Djogmacx has 60 seconds left.
|
|t:|1756173722
|teamsize|p1|4
|teamsize|p2|4
|start
|switch|p1a: Oricorio|Oricorio-Pom-Pom, L50, M, shiny|100/100
|switch|p1b: Bellossom|Bellossom, L50, F|100/100
|switch|p2a: Gholdengo|Gholdengo, L50|100/100
|switch|p2b: Rillaboom|Rillaboom, L50, F|100/100
|-fieldstart|move: Grassy Terrain|[from] ability: Grassy Surge|[of] p2b: Rillaboom
|turn|1
|inactive|Djogmacx has 30 seconds left.
|
|t:|1756173750
|move|p1b: Bellossom|Protect|p1b: Bellossom
|-singleturn|p1b: Bellossom|Protect
|move|p2b: Rillaboom|Fake Out|p1b: Bellossom
|-activate|p1b: Bellossom|move: Protect
|move|p1a: Oricorio|Tailwind|p1a: Oricorio
|-sidestart|p1: calamardude|move: Tailwind
|move|p2a: Gholdengo|Nasty Plot|p2a: Gholdengo
|-boost|p2a: Gholdengo|spa|2
|
|upkeep
|turn|2
|inactive|Djogmacx has 30 seconds left.
|
|t:|1756173778
|move|p1a: Oricorio|Substitute|p1a: Oricorio
|-start|p1a: Oricorio|Substitute
|-damage|p1a: Oricorio|76/100
|move|p1b: Bellossom|Quiver Dance|p1b: Bellossom
|-boost|p1b: Bellossom|spa|1
|-boost|p1b: Bellossom|spd|1
|-boost|p1b: Bellossom|spe|1
|-activate|p1a: Oricorio|ability: Dancer
|move|p1a: Oricorio|Quiver Dance|p1a: Oricorio|[from] ability: Dancer
|-boost|p1a: Oricorio|spa|1
|-boost|p1a: Oricorio|spd|1
|-boost|p1a: Oricorio|spe|1
|move|p2a: Gholdengo|Nasty Plot|p2a: Gholdengo
|-boost|p2a: Gholdengo|spa|2
|move|p2b: Rillaboom|Wood Hammer|p1a: Oricorio
|-resisted|p1a: Oricorio
|-end|p1a: Oricorio|Substitute
|-damage|p2b: Rillaboom|92/100|[from] Recoil|[of] p1a: Oricorio
|
|-heal|p2b: Rillaboom|98/100|[from] Grassy Terrain
|upkeep
|turn|3
|inactive|Djogmacx has 30 seconds left.
|inactive|Djogmacx has 20 seconds left.
|inactive|Djogmacx has 15 seconds left.
|inactive|Djogmacx has 10 seconds left.
|
|t:|1756173827
|switch|p2b: Incineroar|Incineroar, L50, M|100/100
|-ability|p2b: Incineroar|Intimidate|boost
|-unboost|p1a: Oricorio|atk|1
|-unboost|p1b: Bellossom|atk|1
|move|p1a: Oricorio|Revelation Dance|p2a: Gholdengo
|-damage|p2a: Gholdengo|61/100
|move|p1b: Bellossom|Petal Dance|p2b: Incineroar
|-resisted|p2b: Incineroar
|-damage|p2b: Incineroar|67/100
|-activate|p1a: Oricorio|ability: Dancer
|move|p1a: Oricorio|Petal Dance|p2b: Incineroar|[from] ability: Dancer
|-resisted|p2b: Incineroar
|-damage|p2b: Incineroar|48/100
|move|p2a: Gholdengo|Make It Rain|p1a: Oricorio|[spread] p1a,p1b
|-resisted|p1a: Oricorio
|-damage|p1a: Oricorio|0 fnt
|-damage|p1b: Bellossom|0 fnt
|-unboost|p2a: Gholdengo|spa|1
|faint|p1a: Oricorio
|faint|p1b: Bellossom
|-damage|p2a: Gholdengo|52/100|[from] item: Life Orb
|
|-heal|p2a: Gholdengo|58/100|[from] Grassy Terrain
|-heal|p2b: Incineroar|54/100|[from] Grassy Terrain
|upkeep
|inactive|calamardude has 30 seconds left.
|
|t:|1756173855
|switch|p1a: Volcarona|Volcarona, L50, M, shiny|100/100
|switch|p1b: Flamigo|Flamigo, L50, M|100/100
|-copyboost|p1b: Flamigo|p1a: Volcarona|[from] ability: Costar
|turn|4
|inactive|Djogmacx has 30 seconds left.
|
|t:|1756173880
|move|p2a: Gholdengo|Protect|p2a: Gholdengo
|-singleturn|p2a: Gholdengo|Protect
|move|p1b: Flamigo|Close Combat|p2b: Incineroar
|-supereffective|p2b: Incineroar
|-damage|p2b: Incineroar|0 fnt
|-unboost|p1b: Flamigo|def|1
|-unboost|p1b: Flamigo|spd|1
|faint|p2b: Incineroar
|move|p1a: Volcarona|Fiery Dance|p2a: Gholdengo
|-activate|p2a: Gholdengo|move: Protect
|
|-heal|p2a: Gholdengo|64/100|[from] Grassy Terrain
|-sideend|p1: calamardude|move: Tailwind
|upkeep
|inactive|Djogmacx has 30 seconds left.
|inactive|Djogmacx has 20 seconds left.
|
|t:|1756173917
|switch|p2b: Sneasler|Sneasler, L50, M|100/100
|-enditem|p2b: Sneasler|Grassy Seed
|-boost|p2b: Sneasler|def|1|[from] item: Grassy Seed
|turn|5
|
|t:|1756173929
|-terastallize|p2a: Gholdengo|Flying
|move|p1b: Flamigo|Protect|p1b: Flamigo
|-singleturn|p1b: Flamigo|Protect
|move|p1a: Volcarona|Protect|p1a: Volcarona
|-singleturn|p1a: Volcarona|Protect
|move|p2b: Sneasler|Dire Claw|p1b: Flamigo
|-activate|p1b: Flamigo|move: Protect
|move|p2a: Gholdengo|Make It Rain|p1a: Volcarona|[spread] 
|-activate|p1a: Volcarona|move: Protect
|-activate|p1b: Flamigo|move: Protect
|
|-fieldend|move: Grassy Terrain
|upkeep
|turn|6
|inactive|calamardude has 30 seconds left.
|
|t:|1756173957
|move|p2b: Sneasler|Dire Claw|p1a: Volcarona
|-damage|p1a: Volcarona|56/100
|-damage|p2b: Sneasler|84/100|[from] item: Rocky Helmet|[of] p1a: Volcarona
|move|p1b: Flamigo|Brave Bird|p2b: Sneasler
|-supereffective|p2b: Sneasler
|-damage|p2b: Sneasler|0 fnt
|faint|p2b: Sneasler
|-damage|p1b: Flamigo|73/100|[from] Recoil
|move|p1a: Volcarona|Fiery Dance|p2a: Gholdengo
|-damage|p2a: Gholdengo|31/100
|-boost|p1a: Volcarona|spa|1
|move|p2a: Gholdengo|Make It Rain|p1b: Flamigo|[spread] p1a,p1b
|-resisted|p1a: Volcarona
|-damage|p1a: Volcarona|0 fnt
|-damage|p1b: Flamigo|0 fnt
|-unboost|p2a: Gholdengo|spa|1
|faint|p1a: Volcarona
|faint|p1b: Flamigo
|-damage|p2a: Gholdengo|22/100|[from] item: Life Orb
|
|win|Djogmacx
|raw|calamardude's rating: 1024 → 1015(-9 for losing)
|raw|Djogmacx's rating: 1137 → 1154(+17 for winning)
