|j|☆dagoatdboy
|j|☆eklyst
|html|dagoatdboyeklyst    
|uhtml|bestof|Game 1 of a best-of-3
|t:|1785906554
|gametype|doubles
|player|p1|dagoatdboy|cynthia-gen4|1000
|player|p2|eklyst|pokemaniac|1139
|gen|9
|tier|[Gen 9 Champions] VGC 2026 Reg M-B (Bo3)
|rated|
|rule|Species Clause: Limit one of each Pokémon
|rule|Item Clause: Limit 1 of each item
|clearpoke
|poke|p1|Maushold, L50|
|poke|p1|Gallade, L50, M|
|poke|p1|Sinistcha, L50|
|poke|p1|Kingambit, L50, M|
|poke|p1|Sylveon, L50, F|
|poke|p1|Ceruledge, L50, F|
|poke|p2|Metagross, L50, shiny|
|poke|p2|Whimsicott, L50, M, shiny|
|poke|p2|Raichu, L50, F|
|poke|p2|Ninetales-Alola, L50, M|
|poke|p2|Lycanroc-Dusk, L50, F|
|poke|p2|Sneasler, L50, F, shiny|
|teampreview|4
|showteam|p1|Maushold||FocusSash|FriendGuard|BeatUp,PopulationBomb,TidyUp,Protect|Jolly|||||50|]Gallade||Galladite|Justified|SacredSword,PsychoCut,Protect,AquaCutter|Jolly||M|||50|]Sinistcha||BrightPowder|Hospitality|Protect,MatchaGotcha,TrickRoom,CalmMind|Relaxed|||||50|]Kingambit||LifeOrb|Defiant|SuckerPunch,IronHead,Protect,FoulPlay|Brave||M|||50|]Sylveon||FairyFeather|Pixilate|HyperVoice,DrainingKiss,Protect,Psychic|Modest||F|||50|]Ceruledge||Charcoal|WeakArmor|BitterBlade,BulkUp,Protect,ShadowSneak|Jolly||F|||50|
|showteam|p2|Metagross||Metagrossite|ClearBody|PsychicFangs,IronHead,Protect,StompingTantrum|Jolly|||||50|]Whimsicott||OccaBerry|Prankster|Tailwind,Moonblast,HelpingHand,WorrySeed|Timid||M|||50|]Raichu||RaichuniteY|LightningRod|FakeOut,FocusBlast,ZapCannon,Protect|Timid||F|||50|]Ninetales-Alola||NeverMeltIce|SnowWarning|FreezeDry,Protect,Blizzard,Encore|Timid||M|||50|]Lycanroc-Dusk||FocusSash|ToughClaws|Accelerock,RockSlide,Protect,Taunt|Adamant||F|||50|]Sneasler||WhiteHerb|Unburden|CloseCombat,Coaching,GunkShot,FakeOut|Jolly||F|||50|
|inactive|Battle timer is ON: inactive players will automatically lose when time's up. (requested by eklyst)
|inactive|dagoatdboy has 60 seconds left.
|inactive|eklyst has 60 seconds left.
|
|t:|1785906615
|teamsize|p1|4
|teamsize|p2|4
|start
|switch|p1a: Sinistcha|Sinistcha, L50|100/100
|switch|p1b: Kingambit|Kingambit, L50, M|100/100
|switch|p2a: Brick|Lycanroc-Dusk, L50, F|100/100
|switch|p2b: Bingus|Raichu, L50, F|100/100
|turn|1
|
|t:|1785906632
|detailschange|p2b: Bingus|Raichu-Mega-Y, L50, F
|-mega|p2b: Bingus|Raichu|Raichunite Y
|move|p1b: Kingambit|Protect|p1b: Kingambit
|-singleturn|p1b: Kingambit|Protect
|move|p2b: Bingus|Focus Blast|p1b: Kingambit
|-activate|p1b: Kingambit|move: Protect
|move|p2a: Brick|Taunt|p1a: Sinistcha
|-start|p1a: Sinistcha|move: Taunt
|cant|p1a: Sinistcha|move: Taunt|Trick Room
|
|upkeep
|turn|2
|inactive|dagoatdboy has 30 seconds left.
|
|t:|1785906657
|switch|p2a: AAAAAAAAAAAA|Ninetales-Alola, L50, M|100/100
|-weather|Snowscape|[from] ability: Snow Warning|[of] p2a: AAAAAAAAAAAA
|switch|p1a: Ceruledge|Ceruledge, L50, F|100/100
|move|p1b: Kingambit|Sucker Punch|p2b: Bingus
|-damage|p2b: Bingus|21/100
|-damage|p1b: Kingambit|90/100|[from] item: Life Orb
|move|p2b: Bingus|Focus Blast|p1b: Kingambit
|-supereffective|p1b: Kingambit|2
|-damage|p1b: Kingambit|0 fnt
|faint|p1b: Kingambit
|
|-weather|Snowscape|[upkeep]
|upkeep
|inactive|dagoatdboy has 30 seconds left.
|
|t:|1785906684
|switch|p1b: Sinistcha|Sinistcha, L50|100/100
|turn|3
|
|t:|1785906704
|switch|p2a: Pickle|Sneasler, L50, F, shiny|100/100
|move|p1a: Ceruledge|Shadow Sneak|p2b: Bingus
|-damage|p2b: Bingus|0 fnt
|faint|p2b: Bingus
|move|p1b: Sinistcha|Calm Mind|p1b: Sinistcha
|-boost|p1b: Sinistcha|spa|1
|-boost|p1b: Sinistcha|spd|1
|
|-weather|Snowscape|[upkeep]
|upkeep
|
|t:|1785906714
|switch|p2b: Brick|Lycanroc-Dusk, L50, F|100/100
|turn|4
|
|t:|1785906734
|move|p2a: Pickle|Gunk Shot|p1b: Sinistcha
|-damage|p1b: Sinistcha|57/100
|move|p2b: Brick|Rock Slide|p1a: Ceruledge|[spread] p1a
|-miss|p2b: Brick|p1b: Sinistcha
|-supereffective|p1a: Ceruledge|1
|-damage|p1a: Ceruledge|16/100
|-ability|p1a: Ceruledge|Weak Armor|boost
|-unboost|p1a: Ceruledge|def|1
|-boost|p1a: Ceruledge|spe|2
|move|p1a: Ceruledge|Bulk Up|p1a: Ceruledge
|-boost|p1a: Ceruledge|atk|1
|-boost|p1a: Ceruledge|def|1
|move|p1b: Sinistcha|Matcha Gotcha|p2a: Pickle|[spread] p2a,p2b
|-resisted|p2a: Pickle|1
|-supereffective|p2b: Brick|1
|-damage|p2a: Pickle|76/100
|-heal|p1b: Sinistcha|68/100|[from] drain|[of] p2a: Pickle
|-enditem|p2b: Brick|Focus Sash
|-damage|p2b: Brick|1/100
|-heal|p1b: Sinistcha|100/100|[from] drain|[of] p2b: Brick
|
|-weather|Snowscape|[upkeep]
|upkeep
|turn|5
|inactive|dagoatdboy has 30 seconds left.
|
|t:|1785906766
|move|p2b: Brick|Accelerock|p1a: Ceruledge
|-supereffective|p1a: Ceruledge|1
|-damage|p1a: Ceruledge|0 fnt
|faint|p1a: Ceruledge
|move|p2a: Pickle|Gunk Shot|p1b: Sinistcha
|-damage|p1b: Sinistcha|55/100
|move|p1b: Sinistcha|Matcha Gotcha|p2a: Pickle|[spread] p2b
|-miss|p1b: Sinistcha|p2a: Pickle
|-supereffective|p2b: Brick|1
|-damage|p2b: Brick|0 fnt
|-heal|p1b: Sinistcha|56/100|[from] drain|[of] p2b: Brick
|faint|p2b: Brick
|
|-weather|Snowscape|[upkeep]
|upkeep
|
|t:|1785906782
|switch|p2b: AAAAAAAAAAAA|Ninetales-Alola, L50, M|100/100
|switch|p1a: Sylveon|Sylveon, L50, F|100/100
|turn|6
|
|t:|1785906790
|move|p1a: Sylveon|Protect|p1a: Sylveon
|-singleturn|p1a: Sylveon|Protect
|move|p2a: Pickle|Gunk Shot|p1a: Sylveon
|-activate|p1a: Sylveon|move: Protect
|move|p2b: AAAAAAAAAAAA|Blizzard|p1b: Sinistcha|[spread] p1b
|-activate|p1a: Sylveon|move: Protect
|-supereffective|p1b: Sinistcha|1
|-damage|p1b: Sinistcha|0 fnt
|faint|p1b: Sinistcha
|
|-weather|none
|upkeep
|turn|7
|
|t:|1785906804
|move|p2a: Pickle|Gunk Shot|p1a: Sylveon
|-supereffective|p1a: Sylveon|1
|-damage|p1a: Sylveon|0 fnt
|faint|p1a: Sylveon
|
|win|eklyst
||eklyst is ready for game 2.
||dagoatdboy is ready for game 2.
|uhtml|next|Next: Game 2 of 3
|l|☆dagoatdboy
|player|p1|
