|j|☆atrixmj
|j|☆EXHOUL
|html|atrixmjEXHOUL    
|uhtml|bestof|Game 2 of a best-of-3
|t:|1757081252
|gametype|doubles
|player|p1|atrixmj|miku-fire|1279
|player|p2|EXHOUL|shadowtriad|1345
|gen|9
|tier|[Gen 9] VGC 2025 Reg H (Bo3)
|rated|
|rule|Species Clause: Limit one of each Pokémon
|rule|Item Clause: Limit 1 of each item
|clearpoke
|poke|p1|Sneasler, L50, F|
|poke|p1|Indeedee-F, L50, F|
|poke|p1|Incineroar, L50, M|
|poke|p1|Whimsicott, L50, F|
|poke|p1|Ursaluna-Bloodmoon, L50, M|
|poke|p1|Archaludon, L50, F|
|poke|p2|Torkoal, L50, M|
|poke|p2|Lilligant-Hisui, L50, F|
|poke|p2|Armarouge, L50, M|
|poke|p2|Indeedee-F, L50, F|
|poke|p2|Gallade, L50, M|
|poke|p2|Ursaluna, L50, M|
|teampreview|4
|showteam|p1|Sneasler||PsychicSeed|Unburden|DireClaw,ThroatChop,CloseCombat,Protect|||F|||50|,,,,,Dark]Indeedee-F||SitrusBerry|PsychicSurge|Psychic,HelpingHand,FollowMe,TrickRoom|||F|||50|,,,,,Fairy]Incineroar||AssaultVest|Intimidate|FlareBlitz,KnockOff,Uturn,FakeOut|||M|||50|,,,,,Ghost]Whimsicott||CovertCloak|Prankster|Moonblast,Tailwind,Encore,LightScreen|||F|||50|,,,,,Dark]Ursaluna-Bloodmoon||LifeOrb|MindsEye|HyperVoice,EarthPower,BloodMoon,Protect|||M|||50|,,,,,Ground]Archaludon||PowerHerb|Stalwart|ElectroShot,DragonPulse,FlashCannon,Protect|||F|||50|,,,,,Electric
|showteam|p2|Torkoal||Charcoal|Drought|Eruption,Flamethrower,ClearSmog,Protect|||M|||50|,,,,,Fire]Lilligant-Hisui||FocusSash|Chlorophyll|SleepPowder,CloseCombat,Encore,AfterYou|||F|||50|,,,,,Ghost]Armarouge||LifeOrb|FlashFire|ExpandingForce,ArmorCannon,WideGuard,TrickRoom|||M|||50|,,,,,Grass]Indeedee-F||RockyHelmet|PsychicSurge|FollowMe,HelpingHand,DazzlingGleam,TrickRoom|||F|||50|,,,,,Steel]Gallade||ClearAmulet|Sharpness|SacredSword,NightSlash,DestinyBond,TrickRoom|||M|||50|,,,,,Dark]Ursaluna||FlameOrb|Guts|Facade,HeadlongRush,Earthquake,Protect|||M|||50|,,,,,Ghost
|inactive|Battle timer is ON: inactive players will automatically lose when time's up. (requested by EXHOUL)
|inactive|EXHOUL has 60 seconds left.
|
|t:|1757081290
|teamsize|p1|4
|teamsize|p2|4
|start
|switch|p1a: Indeedee|Indeedee-F, L50, F|100/100
|switch|p1b: Ursaluna|Ursaluna-Bloodmoon, L50, M|100/100
|switch|p2a: Lilligant|Lilligant-Hisui, L50, F|100/100
|switch|p2b: Torkoal|Torkoal, L50, M|100/100
|-fieldstart|move: Psychic Terrain|[from] ability: Psychic Surge|[of] p1a: Indeedee
|-weather|SunnyDay|[from] ability: Drought|[of] p2b: Torkoal
|turn|1
|
|t:|1757081303
|move|p1a: Indeedee|Follow Me|p1a: Indeedee
|-singleturn|p1a: Indeedee|move: Follow Me
|move|p2a: Lilligant|Sleep Powder|p1a: Indeedee|[miss]
|-miss|p2a: Lilligant|p1a: Indeedee
|move|p1b: Ursaluna|Hyper Voice|p2b: Torkoal|[spread] p2a,p2b
|-damage|p2a: Lilligant|20/100
|-damage|p2b: Torkoal|30/100
|-damage|p1b: Ursaluna|91/100|[from] item: Life Orb
|move|p2b: Torkoal|Flamethrower|p1a: Indeedee
|-damage|p1a: Indeedee|37/100
|-enditem|p1a: Indeedee|Sitrus Berry|[eat]
|-heal|p1a: Indeedee|62/100|[from] item: Sitrus Berry
|
|-weather|SunnyDay|[upkeep]
|upkeep
|turn|2
|inactive|EXHOUL has 30 seconds left.
|
|t:|1757081334
|move|p1a: Indeedee|Follow Me|p1a: Indeedee
|-singleturn|p1a: Indeedee|move: Follow Me
|move|p2a: Lilligant|Sleep Powder|p1a: Indeedee
|-status|p1a: Indeedee|slp|[from] move: Sleep Powder
|move|p1b: Ursaluna|Hyper Voice|p2a: Lilligant|[spread] p2a,p2b
|-damage|p2a: Lilligant|0 fnt
|-damage|p2b: Torkoal|0 fnt
|faint|p2a: Lilligant
|faint|p2b: Torkoal
|-damage|p1b: Ursaluna|81/100|[from] item: Life Orb
|
|-weather|SunnyDay|[upkeep]
|upkeep
|
|t:|1757081336
|switch|p2a: Ursaluna|Ursaluna, L50, M|100/100
|switch|p2b: Armarouge|Armarouge, L50, M|100/100
|turn|3
|
|t:|1757081352
|switch|p1a: Incineroar|Incineroar, L50, M|100/100
|-ability|p1a: Incineroar|Intimidate|boost
|-unboost|p2a: Ursaluna|atk|1
|-unboost|p2b: Armarouge|atk|1
|-terastallize|p2b: Armarouge|Grass
|move|p1b: Ursaluna|Blood Moon|p2b: Armarouge
|-damage|p2b: Armarouge|0 fnt
|faint|p2b: Armarouge
|-damage|p1b: Ursaluna|72/100|[from] item: Life Orb
|move|p2a: Ursaluna|Headlong Rush|p1a: Incineroar
|-supereffective|p1a: Incineroar
|-damage|p1a: Incineroar|19/100
|-unboost|p2a: Ursaluna|def|1
|-unboost|p2a: Ursaluna|spd|1
|
|-weather|SunnyDay|[upkeep]
|-status|p2a: Ursaluna|brn|[from] item: Flame Orb
|upkeep
|turn|4
|
|t:|1757081371
|move|p1b: Ursaluna|Protect|p1b: Ursaluna
|-singleturn|p1b: Ursaluna|Protect
|move|p1a: Incineroar|U-turn|p2a: Ursaluna
|-damage|p2a: Ursaluna|76/100 brn
|
|t:|1757081373
|switch|p1a: Indeedee|Indeedee-F, L50, F|62/100 slp|[from] U-turn
|move|p2a: Ursaluna|Earthquake|p1a: Indeedee|[spread] p1a
|-activate|p1b: Ursaluna|move: Protect
|-damage|p1a: Indeedee|16/100 slp
|
|-weather|SunnyDay|[upkeep]
|-damage|p2a: Ursaluna|70/100 brn|[from] brn
|upkeep
|turn|5
|
|t:|1757081382
|switch|p1a: Incineroar|Incineroar, L50, M|19/100
|-ability|p1a: Incineroar|Intimidate|boost
|-unboost|p2a: Ursaluna|atk|1
|move|p1b: Ursaluna|Blood Moon|p2a: Ursaluna
|-damage|p2a: Ursaluna|0 fnt
|faint|p2a: Ursaluna
|-damage|p1b: Ursaluna|62/100|[from] item: Life Orb
|
|win|atrixmj
|raw|atrixmj's rating: 1279 → 1309(+30 for winning)
|raw|EXHOUL's rating: 1345 → 1321(-24 for losing)
