|j|☆Yei_Lai
|j|☆huanyu0.0
|html|Yei_Laihuanyu0.0    
|uhtml|bestof|Game 3 of a best-of-3
|t:|1785071766
|gametype|doubles
|player|p1|Yei_Lai|101|
|player|p2|huanyu0.0|101|
|gen|9
|tier|[Gen 9 Champions] VGC 2026 Reg M-B (Bo3)
|rule|Species Clause: Limit one of each Pokémon
|rule|Item Clause: Limit 1 of each item
|clearpoke
|poke|p1|Charizard, L50, F|
|poke|p1|Archaludon, L50, M|
|poke|p1|Venusaur, L50, F|
|poke|p1|Pelipper, L50, F|
|poke|p1|Grimmsnarl, L50, M|
|poke|p1|Basculegion, L50, M|
|poke|p2|Staraptor, L50, F|
|poke|p2|Tyranitar, L50, M|
|poke|p2|Excadrill, L50, M|
|poke|p2|Gholdengo, L50|
|poke|p2|Milotic, L50, M|
|poke|p2|Sinistcha, L50|
|teampreview|4
|showteam|p1|Charizard||CharizarditeY|Blaze|HeatWave,WeatherBall,SolarBeam,Protect|Modest||F|||50|]Archaludon||Leftovers|Stamina|ElectroShot,FlashCannon,DragonPulse,Protect|Modest||M|||50|]Venusaur||LifeOrb|Chlorophyll|LeafStorm,SludgeBomb,EarthPower,Protect|Modest||F|||50|]Pelipper||FocusSash|Drizzle|WeatherBall,Hurricane,Tailwind,WideGuard|Timid||F|||50|]Grimmsnarl||LightClay|Prankster|SpiritBreak,PartingShot,Reflect,LightScreen|Careful||M|||50|]Basculegion||ChoiceScarf|Adaptability|WaveCrash,FlipTurn,AquaJet,LastRespects|Jolly||M|||50|
|showteam|p2|Staraptor||Staraptite|Intimidate|CloseCombat,BraveBird,Tailwind,Protect|Jolly||F|||50|]Tyranitar||Tyranitarite|SandStream|RockSlide,KnockOff,LowKick,Protect|Adamant||M|||50|]Excadrill||FocusSash|SandRush|IronHead,HighHorsepower,RockSlide,Protect|Adamant||M|||50|]Gholdengo||LifeOrb|GoodasGold|MakeItRain,ShadowBall,NastyPlot,Protect|Modest|||||50|]Milotic||SitrusBerry|Competitive|Scald,IceBeam,IcyWind,Protect|Modest||M|||50|]Sinistcha||ColburBerry|Hospitality|MatchaGotcha,RagePowder,TrickRoom,Protect|Calm|||||50|
|j| dd9261248
|inactive|Battle timer is ON: inactive players will automatically lose when time's up. (requested by huanyu0.0)
|j| allen40103
|inactive|Yei_Lai has 60 seconds left.
|
|t:|1785071816
|teamsize|p1|4
|teamsize|p2|4
|start
|switch|p1a: Charizard|Charizard, L50, F|100/100
|switch|p1b: Pelipper|Pelipper, L50, F|100/100
|switch|p2a: Staraptor|Staraptor, L50, F|100/100
|switch|p2b: Tyranitar|Tyranitar, L50, M|100/100
|-ability|p2a: Staraptor|Intimidate|boost
|-unboost|p1a: Charizard|atk|1
|-unboost|p1b: Pelipper|atk|1
|-weather|RainDance|[from] ability: Drizzle|[of] p1b: Pelipper
|-weather|Sandstorm|[from] ability: Sand Stream|[of] p2b: Tyranitar
|turn|1
|inactive|huanyu0.0 has 30 seconds left.
|
|t:|1785071846
|detailschange|p1a: Charizard|Charizard-Mega-Y, L50, F
|-mega|p1a: Charizard|Charizard|Charizardite Y
|-weather|SunnyDay|[from] ability: Drought|[of] p1a: Charizard
|detailschange|p2b: Tyranitar|Tyranitar-Mega, L50, M
|-mega|p2b: Tyranitar|Tyranitar|Tyranitarite
|-weather|Sandstorm|[from] ability: Sand Stream|[of] p2b: Tyranitar
|move|p1b: Pelipper|Wide Guard|p1b: Pelipper
|-singleturn|p1b: Pelipper|Wide Guard
|move|p2a: Staraptor|Tailwind|p2a: Staraptor
|-sidestart|p2: huanyu0.0|move: Tailwind
|move|p2b: Tyranitar|Knock Off|p1b: Pelipper
|-damage|p1b: Pelipper|18/100
|-enditem|p1b: Pelipper|Focus Sash|[from] move: Knock Off|[of] p2b: Tyranitar
|move|p1a: Charizard|Weather Ball|p2a: Staraptor
|-supereffective|p2a: Staraptor|1
|-damage|p2a: Staraptor|0 fnt
|faint|p2a: Staraptor
|
|-weather|Sandstorm|[upkeep]
|-damage|p1a: Charizard|94/100|[from] Sandstorm
|-damage|p1b: Pelipper|13/100|[from] Sandstorm
|upkeep
|
|t:|1785071866
|switch|p2a: Excadrill|Excadrill, L50, M|100/100
|turn|2
|inactive|Yei_Lai has 30 seconds left.
|inactive|huanyu0.0 has 30 seconds left.
|inactive|Yei_Lai has 20 seconds left.
|inactive|huanyu0.0 has 20 seconds left.
|inactive|Yei_Lai has 15 seconds left.
|inactive|huanyu0.0 has 15 seconds left.
|inactive|Yei_Lai has 10 seconds left.
|
|t:|1785071913
|switch|p1a: Venusaur|Venusaur, L50, F|100/100
|move|p2a: Excadrill|Protect|p2a: Excadrill
|-singleturn|p2a: Excadrill|Protect
|move|p1b: Pelipper|Wide Guard|p1b: Pelipper
|-singleturn|p1b: Pelipper|Wide Guard
|move|p2b: Tyranitar|Knock Off|p1b: Pelipper
|-damage|p1b: Pelipper|0 fnt
|faint|p1b: Pelipper
|
|-weather|Sandstorm|[upkeep]
|-damage|p1a: Venusaur|94/100|[from] Sandstorm
|upkeep
|
|t:|1785071925
|switch|p1b: Charizard|Charizard-Mega-Y, L50, F|94/100
|-weather|SunnyDay|[from] ability: Drought|[of] p1b: Charizard
|turn|3
|inactive|Yei_Lai has 30 seconds left.
|inactive|huanyu0.0 has 30 seconds left.
|inactive|huanyu0.0 has 20 seconds left.
|
|t:|1785071962
|move|p1b: Charizard|Protect|p1b: Charizard
|-singleturn|p1b: Charizard|Protect
|move|p2a: Excadrill|Rock Slide|p1b: Charizard|[spread] p1a
|-activate|p1b: Charizard|move: Protect
|-damage|p1a: Venusaur|63/100
|move|p1a: Venusaur|Earth Power|p2a: Excadrill
|-supereffective|p2a: Excadrill|1
|-enditem|p2a: Excadrill|Focus Sash
|-damage|p2a: Excadrill|1/100
|-damage|p1a: Venusaur|54/100|[from] item: Life Orb
|move|p2b: Tyranitar|Knock Off|p1a: Venusaur
|-damage|p1a: Venusaur|0 fnt
|-enditem|p1a: Venusaur|Life Orb|[from] move: Knock Off|[of] p2b: Tyranitar
|faint|p1a: Venusaur
|
|-weather|SunnyDay|[upkeep]
|upkeep
|
|t:|1785071975
|switch|p1a: Basculegion|Basculegion, L50, M|100/100
|turn|4
|
|t:|1785071990
|move|p2a: Excadrill|Rock Slide|p1b: Charizard|[spread] p1a,p1b
|-supereffective|p1b: Charizard|2
|-damage|p1a: Basculegion|72/100
|-damage|p1b: Charizard|6/100
|move|p2b: Tyranitar|Knock Off|p1a: Basculegion
|-supereffective|p1a: Basculegion|1
|-damage|p1a: Basculegion|0 fnt
|-enditem|p1a: Basculegion|Choice Scarf|[from] move: Knock Off|[of] p2b: Tyranitar
|faint|p1a: Basculegion
|move|p1b: Charizard|Heat Wave|p2b: Tyranitar|[spread] p2a,p2b
|-supereffective|p2a: Excadrill|1
|-crit|p2a: Excadrill
|-resisted|p2b: Tyranitar|1
|-damage|p2a: Excadrill|0 fnt
|-damage|p2b: Tyranitar|74/100
|faint|p2a: Excadrill
|
|-weather|SunnyDay|[upkeep]
|-sideend|p2: huanyu0.0|move: Tailwind
|upkeep
|
|t:|1785071996
|switch|p2a: Sinistcha|Sinistcha, L50|100/100
|-heal|p2b: Tyranitar|99/100|[from] ability: Hospitality|[of] p2a: Sinistcha
|turn|5
|
|t:|1785072007
|move|p2a: Sinistcha|Rage Powder|p2a: Sinistcha
|-singleturn|p2a: Sinistcha|move: Rage Powder
|move|p1b: Charizard|Heat Wave|p2b: Tyranitar|[spread] p2b
|-miss|p1b: Charizard|p2a: Sinistcha
|-resisted|p2b: Tyranitar|1
|-damage|p2b: Tyranitar|73/100
|move|p2b: Tyranitar|Knock Off|p1b: Charizard
|-damage|p1b: Charizard|0 fnt
|faint|p1b: Charizard
|
|win|huanyu0.0
|l| dd9261248
