|j|☆Milanmirchandani
|j|☆randomguy1114s
|html|Milanmirchandanirandomguy1114s    
|uhtml|bestof|Game 1 of a best-of-3
|t:|1756963383
|gametype|doubles
|player|p1|Milanmirchandani|102|1194
|player|p2|randomguy1114s|lillie-masters|1206
|gen|9
|tier|[Gen 9] VGC 2025 Reg H (Bo3)
|rated|
|rule|Species Clause: Limit one of each Pokémon
|rule|Item Clause: Limit 1 of each item
|clearpoke
|poke|p1|Gothitelle, L50, M|
|poke|p1|Incineroar, L50, M|
|poke|p1|Murkrow, L50, F|
|poke|p1|Rillaboom, L50, M|
|poke|p1|Ursaluna-Bloodmoon, L50, M|
|poke|p1|Kingambit, L50, M|
|poke|p2|Dragonite, L50, M|
|poke|p2|Ursaluna-Bloodmoon, L50, M|
|poke|p2|Tyranitar, L50, M|
|poke|p2|Sinistcha, L50|
|poke|p2|Gholdengo, L50|
|poke|p2|Excadrill, L50, M|
|teampreview|4
|showteam|p1|Gothitelle||SitrusBerry|ShadowTag|Protect,Psychic,FakeOut,TrickRoom|||M|||50|,,,,,Dark]Incineroar||SafetyGoggles|Intimidate|FakeOut,KnockOff,PartingShot,Protect|||M|||50|,,,,,Ghost]Murkrow||Eviolite|Prankster|Protect,PerishSong,Uturn,Quash|||F|||50|,,,,,Steel]Rillaboom||MiracleSeed|GrassySurge|GrassyGlide,WoodHammer,Uturn,Protect|||M|||50|,,,,,Grass]Ursaluna-Bloodmoon||LifeOrb|MindsEye|BloodMoon,HyperVoice,EarthPower,Protect|||M|||50|,,,,,Normal]Kingambit||CovertCloak|Defiant|KowtowCleave,SuckerPunch,IronHead,Protect|||M|||50|,,,,,Fairy
|showteam|p2|Dragonite||LoadedDice|InnerFocus|ScaleShot,ExtremeSpeed,Tailwind,Protect|||M|||50|,,,,,Fairy]Ursaluna-Bloodmoon||LifeOrb|MindsEye|BloodMoon,HyperVoice,EarthPower,Protect|||M|||50|,,,,,Normal]Tyranitar||AssaultVest|SandStream|RockSlide,KnockOff,TeraBlast,LowKick|||M|||50|,,,,,Flying]Sinistcha||MentalHerb|Hospitality|RagePowder,TrickRoom,MatchaGotcha,Protect||||||50|,,,,,Water]Gholdengo||ChoiceSpecs|GoodasGold|Thunderbolt,MakeItRain,ShadowBall,Trick||||||50|,,,,,Steel]Excadrill||FocusSash|SandRush|Earthquake,HighHorsepower,IronHead,Protect|||M|||50|,,,,,Ground
|inactive|Battle timer is ON: inactive players will automatically lose when time's up. (requested by Milanmirchandani)
|inactive|Milanmirchandani has 60 seconds left.
|inactive|Milanmirchandani has 30 seconds left.
|inactive|Milanmirchandani has 20 seconds left.
|inactive|Milanmirchandani has 15 seconds left.
|inactive|Milanmirchandani has 10 seconds left.
|inactive|Milanmirchandani has 5 seconds left.
|
|t:|1756963507
|teamsize|p1|4
|teamsize|p2|4
|start
|switch|p1a: Rillaboom|Rillaboom, L50, M|100/100
|switch|p1b: Murkrow|Murkrow, L50, F|100/100
|switch|p2a: Dragonite|Dragonite, L50, M, shiny|100/100
|switch|p2b: DINOOOO|Tyranitar, L50, M, shiny|100/100
|-weather|Sandstorm|[from] ability: Sand Stream|[of] p2b: DINOOOO
|-fieldstart|move: Grassy Terrain|[from] ability: Grassy Surge|[of] p1a: Rillaboom
|turn|1
|j| borschtboy70
|l| borschtboy70
|inactive|Milanmirchandani has 30 seconds left.
|inactive|randomguy1114s has 30 seconds left.
|inactive|Milanmirchandani has 20 seconds left.
|
|t:|1756963548
|-terastallize|p2b: DINOOOO|Flying
|-terastallize|p1b: Murkrow|Steel
|move|p1b: Murkrow|Perish Song|p1b: Murkrow
|-start|p1a: Rillaboom|perish3|[silent]
|-start|p1b: Murkrow|perish3|[silent]
|-start|p2a: Dragonite|perish3|[silent]
|-start|p2b: DINOOOO|perish3|[silent]
|-fieldactivate|move: Perish Song
|move|p2a: Dragonite|Tailwind|p2a: Dragonite
|-sidestart|p2: randomguy1114s|move: Tailwind
|move|p2b: DINOOOO|Rock Slide|p1b: Murkrow|[spread] p1a,p1b
|-resisted|p1b: Murkrow
|-damage|p1a: Rillaboom|72/100
|-damage|p1b: Murkrow|81/100
|cant|p1a: Rillaboom|flinch
|
|-weather|Sandstorm|[upkeep]
|-damage|p2a: Dragonite|95/100|[from] Sandstorm
|-damage|p2b: DINOOOO|95/100|[from] Sandstorm
|-damage|p1a: Rillaboom|66/100|[from] Sandstorm
|-heal|p1b: Murkrow|87/100|[from] Grassy Terrain
|-heal|p1a: Rillaboom|72/100|[from] Grassy Terrain
|-start|p2a: Dragonite|perish3
|-start|p2b: DINOOOO|perish3
|-start|p1b: Murkrow|perish3
|-start|p1a: Rillaboom|perish3
|upkeep
|turn|2
|inactive|Milanmirchandani has 30 seconds left.
|inactive|randomguy1114s has 30 seconds left.
|inactive|Milanmirchandani has 20 seconds left.
|inactive|Milanmirchandani has 15 seconds left.
|inactive|Milanmirchandani has 10 seconds left.
|inactive|Milanmirchandani has 5 seconds left.
|inactive|randomguy1114s has 20 seconds left.
|
|t:|1756963601
|move|p2a: Dragonite|Scale Shot|p1a: Rillaboom
|-damage|p1a: Rillaboom|57/100
|-damage|p1a: Rillaboom|43/100
|-damage|p1a: Rillaboom|29/100
|-damage|p1a: Rillaboom|14/100
|-damage|p1a: Rillaboom|0 fnt
|faint|p1a: Rillaboom
|-hitcount|p1: Rillaboom|5
|-unboost|p2a: Dragonite|def|1
|-boost|p2a: Dragonite|spe|1
|move|p2b: DINOOOO|Knock Off|p1b: Murkrow
|-damage|p1b: Murkrow|21/100
|-enditem|p1b: Murkrow|Eviolite|[from] move: Knock Off|[of] p2b: DINOOOO
|move|p1b: Murkrow|U-turn|p2a: Dragonite
|-resisted|p2a: Dragonite
|-damage|p2a: Dragonite|82/100
|inactive|Milanmirchandani has 30 seconds left.
|
|t:|1756963629
|switch|p1b: Kingambit|Kingambit, L50, M|100/100|[from] U-turn
|
|-weather|Sandstorm|[upkeep]
|-damage|p2a: Dragonite|76/100|[from] Sandstorm
|-damage|p2b: DINOOOO|89/100|[from] Sandstorm
|-start|p2a: Dragonite|perish2
|-start|p2b: DINOOOO|perish2
|upkeep
|
|t:|1756963638
|switch|p1a: Gothitelle|Gothitelle, L50, M|100/100
|turn|3
|inactive|Milanmirchandani has 30 seconds left.
|inactive|randomguy1114s has 30 seconds left.
|inactive|randomguy1114s has 20 seconds left.
|inactive|Milanmirchandani has 20 seconds left.
|inactive|randomguy1114s has 15 seconds left.
|inactive|Milanmirchandani has 15 seconds left.
|inactive|Milanmirchandani has 10 seconds left.
|
|t:|1756963688
|move|p1a: Gothitelle|Fake Out|p2b: DINOOOO
|-damage|p2b: DINOOOO|83/100
|move|p1b: Kingambit|Sucker Punch|p2b: DINOOOO
|-damage|p2b: DINOOOO|50/100
|move|p2a: Dragonite|Scale Shot|p1b: Kingambit
|-resisted|p1b: Kingambit
|-damage|p1b: Kingambit|95/100
|-resisted|p1b: Kingambit
|-damage|p1b: Kingambit|89/100
|-resisted|p1b: Kingambit
|-damage|p1b: Kingambit|84/100
|-resisted|p1b: Kingambit
|-damage|p1b: Kingambit|78/100
|-hitcount|p1b: Kingambit|4
|-unboost|p2a: Dragonite|def|1
|-boost|p2a: Dragonite|spe|1
|cant|p2b: DINOOOO|flinch
|
|-weather|Sandstorm|[upkeep]
|-damage|p2a: Dragonite|70/100|[from] Sandstorm
|-damage|p2b: DINOOOO|44/100|[from] Sandstorm
|-damage|p1a: Gothitelle|94/100|[from] Sandstorm
|-heal|p1a: Gothitelle|100/100|[from] Grassy Terrain
|-heal|p1b: Kingambit|84/100|[from] Grassy Terrain
|-start|p2a: Dragonite|perish1
|-start|p2b: DINOOOO|perish1
|upkeep
|turn|4
|inactive|randomguy1114s has 30 seconds left.
|inactive|randomguy1114s has 20 seconds left.
|
|t:|1756963727
|move|p1a: Gothitelle|Protect|p1a: Gothitelle
|-singleturn|p1a: Gothitelle|Protect
|move|p1b: Kingambit|Protect|p1b: Kingambit
|-singleturn|p1b: Kingambit|Protect
|move|p2a: Dragonite|Scale Shot|p1a: Gothitelle
|-activate|p1a: Gothitelle|move: Protect
|move|p2b: DINOOOO|Low Kick|p1b: Kingambit
|-activate|p1b: Kingambit|move: Protect
|
|-weather|Sandstorm|[upkeep]
|-damage|p2a: Dragonite|64/100|[from] Sandstorm
|-damage|p2b: DINOOOO|38/100|[from] Sandstorm
|-damage|p1a: Gothitelle|94/100|[from] Sandstorm
|-heal|p1a: Gothitelle|100/100|[from] Grassy Terrain
|-heal|p1b: Kingambit|89/100|[from] Grassy Terrain
|-start|p2a: Dragonite|perish0
|-start|p2b: DINOOOO|perish0
|-sideend|p2: randomguy1114s|move: Tailwind
|faint|p2a: Dragonite
|faint|p2b: DINOOOO
|upkeep
|
|t:|1756963734
|switch|p2a: BEARRRRRR|Ursaluna-Bloodmoon, L50, M|100/100
|switch|p2b: cheese man|Gholdengo, L50, shiny|100/100
|turn|5
|inactive|Milanmirchandani has 30 seconds left.
|inactive|Milanmirchandani has 20 seconds left.
|inactive|Milanmirchandani has 15 seconds left.
|inactive|Milanmirchandani has 10 seconds left.
|inactive|Milanmirchandani has 5 seconds left.
|
|t:|1756963788
|move|p1b: Kingambit|Sucker Punch|p2a: BEARRRRRR
|-damage|p2a: BEARRRRRR|64/100
|move|p2b: cheese man|Shadow Ball|p1a: Gothitelle
|-supereffective|p1a: Gothitelle
|-damage|p1a: Gothitelle|2/100
|-enditem|p1a: Gothitelle|Sitrus Berry|[eat]
|-heal|p1a: Gothitelle|27/100|[from] item: Sitrus Berry
|move|p2a: BEARRRRRR|Earth Power|p1b: Kingambit
|-supereffective|p1b: Kingambit
|-damage|p1b: Kingambit|0 fnt
|faint|p1b: Kingambit
|-damage|p2a: BEARRRRRR|54/100|[from] item: Life Orb
|move|p1a: Gothitelle|Psychic|p2a: BEARRRRRR
|-crit|p2a: BEARRRRRR
|-damage|p2a: BEARRRRRR|0 fnt
|faint|p2a: BEARRRRRR
|
|-weather|none
|-heal|p1a: Gothitelle|33/100|[from] Grassy Terrain
|-fieldend|move: Grassy Terrain
|upkeep
|
|t:|1756963806
|switch|p1b: Murkrow|Murkrow, L50, F, tera:Steel|21/100
|turn|6
|c|☆randomguy1114s|BRUH CRIT
|
|t:|1756963820
|move|p1a: Gothitelle|Protect|p1a: Gothitelle
|-singleturn|p1a: Gothitelle|Protect
|move|p2b: cheese man|Shadow Ball|p1a: Gothitelle
|-activate|p1a: Gothitelle|move: Protect
|move|p1b: Murkrow|U-turn|p2b: cheese man
|-resisted|p2b: cheese man
|-damage|p2b: cheese man|97/100
|
|upkeep
|turn|7
|
|t:|1756963830
|move|p2b: cheese man|Shadow Ball|p1a: Gothitelle
|-supereffective|p1a: Gothitelle
|-damage|p1a: Gothitelle|0 fnt
|faint|p1a: Gothitelle
|move|p1b: Murkrow|U-turn|p2b: cheese man
|-resisted|p2b: cheese man
|-damage|p2b: cheese man|94/100
|
|upkeep
|turn|8
|
|t:|1756963838
|move|p2b: cheese man|Shadow Ball|p2: BEARRRRRR|[notarget]
|-fail|p2b: cheese man
|move|p1b: Murkrow|U-turn|p2b: cheese man
|-resisted|p2b: cheese man
|-damage|p2b: cheese man|90/100
|
|upkeep
|turn|9
|
|t:|1756963849
|move|p2b: cheese man|Shadow Ball|p2: BEARRRRRR|[notarget]
|-fail|p2b: cheese man
|move|p1b: Murkrow|U-turn|p2b: cheese man
|-resisted|p2b: cheese man
|-damage|p2b: cheese man|87/100
|
|upkeep
|turn|10
|
|t:|1756963858
|move|p2b: cheese man|Shadow Ball|p2: BEARRRRRR|[notarget]
|-fail|p2b: cheese man
|move|p1b: Murkrow|U-turn|p2b: cheese man
|-resisted|p2b: cheese man
|-damage|p2b: cheese man|83/100
|
|upkeep
|turn|11
|c|☆randomguy1114s|WHA
|c|☆randomguy1114s|WHY
|
|t:|1756963865
|move|p2b: cheese man|Shadow Ball|p2: BEARRRRRR|[notarget]
|-fail|p2b: cheese man
|move|p1b: Murkrow|U-turn|p2b: cheese man
|-resisted|p2b: cheese man
|-damage|p2b: cheese man|79/100
|
|upkeep
|turn|12
|
|t:|1756963872
|move|p2b: cheese man|Shadow Ball|p2: BEARRRRRR|[notarget]
|-fail|p2b: cheese man
|move|p1b: Murkrow|U-turn|p2b: cheese man
|-resisted|p2b: cheese man
|-damage|p2b: cheese man|76/100
|
|upkeep
|turn|13
|
|t:|1756963879
|move|p2b: cheese man|Shadow Ball|p2: BEARRRRRR|[notarget]
|-fail|p2b: cheese man
|move|p1b: Murkrow|U-turn|p2b: cheese man
|-resisted|p2b: cheese man
|-damage|p2b: cheese man|72/100
|
|upkeep
|turn|14
|
|t:|1756963885
|move|p2b: cheese man|Shadow Ball|p2: BEARRRRRR|[notarget]
|-fail|p2b: cheese man
|move|p1b: Murkrow|U-turn|p2b: cheese man
|-resisted|p2b: cheese man
|-damage|p2b: cheese man|68/100
|
|upkeep
|turn|15
|c|☆Milanmirchandani|is that a bug?
|
|t:|1756963896
|move|p2b: cheese man|Shadow Ball|p2: BEARRRRRR|[notarget]
|-fail|p2b: cheese man
|move|p1b: Murkrow|U-turn|p2b: cheese man
|-resisted|p2b: cheese man
|-damage|p2b: cheese man|65/100
|
|upkeep
|turn|16
|c|☆randomguy1114s|idk
|
|t:|1756963902
|move|p2b: cheese man|Shadow Ball|p2: BEARRRRRR|[notarget]
|-fail|p2b: cheese man
|move|p1b: Murkrow|U-turn|p2b: cheese man
|-resisted|p2b: cheese man
|-damage|p2b: cheese man|61/100
|
|upkeep
|turn|17
|
|t:|1756963907
|move|p2b: cheese man|Shadow Ball|p2: BEARRRRRR|[notarget]
|-fail|p2b: cheese man
|move|p1b: Murkrow|U-turn|p2b: cheese man
|-resisted|p2b: cheese man
|-damage|p2b: cheese man|57/100
|
|upkeep
|turn|18
|
|t:|1756963912
|move|p2b: cheese man|Shadow Ball|p1b: Murkrow
|-damage|p1b: Murkrow|0 fnt
|faint|p1b: Murkrow
|
|win|randomguy1114s
|c|☆randomguy1114s|FINAKLLY
||Milanmirchandani is ready for game 2.
|c|☆randomguy1114s|BRO
|inactive|randomguy1114s has 30 seconds to confirm battle start!
