|j|☆AbadanRiyi92
|j|☆Checkmath
|html|AbadanRiyi92Checkmath    
|uhtml|bestof|Game 2 of a best-of-3
|t:|1785513368
|gametype|doubles
|player|p1|AbadanRiyi92|colress|1213
|player|p2|Checkmath|red|1203
|gen|9
|tier|[Gen 9 Champions] VGC 2026 Reg M-B (Bo3)
|rated|
|rule|Species Clause: Limit one of each Pokémon
|rule|Item Clause: Limit 1 of each item
|clearpoke
|poke|p1|Gengar, L50, F, shiny|
|poke|p1|Maushold-Four, L50|
|poke|p1|Annihilape, L50, F|
|poke|p1|Incineroar, L50, F|
|poke|p1|Politoed, L50, F, shiny|
|poke|p1|Archaludon, L50, F|
|poke|p2|Charizard, L50, F|
|poke|p2|Archaludon, L50, M|
|poke|p2|Basculegion, L50, M|
|poke|p2|Venusaur, L50, F|
|poke|p2|Grimmsnarl, L50, M|
|poke|p2|Pelipper, L50, M|
|teampreview|4
|showteam|p1|Gengar||Gengarite|CursedBody|ShadowBall,Disable,PerishSong,Protect|Timid||F|||50|]Maushold-Four||FocusSash|FriendGuard|FollowMe,Encore,BeatUp,Protect|Jolly|||||50|]Annihilape||RoseliBerry|Defiant|RageFist,CloseCombat,Taunt,Protect|Jolly||F|||50|]Incineroar||PasshoBerry|Intimidate|PartingShot,ThroatChop,Protect,FakeOut|Sassy||F|||50|]Politoed||SitrusBerry|Drizzle|WeatherBall,Encore,PerishSong,Protect|Calm||F|||50|]Archaludon||Leftovers|Stamina|DragonPulse,FlashCannon,ElectroShot,Protect|Bold||F|||50|
|showteam|p2|Charizard||CharizarditeY|SolarPower|HeatWave,WeatherBall,SolarBeam,Protect|Modest||F|||50|]Archaludon||Leftovers|Stamina|FlashCannon,DragonPulse,ElectroShot,Protect|Modest||M|||50|]Basculegion||ChoiceScarf|Adaptability|WaveCrash,LastRespects,FlipTurn,AquaJet|Adamant||M|||50|]Venusaur||Venusaurite|Chlorophyll|SludgeBomb,EarthPower,GigaDrain,Protect|Modest||F|||50|]Grimmsnarl||LightClay|Prankster|LightScreen,Reflect,PartingShot,SpiritBreak|Careful||M|||50|]Pelipper||FocusSash|Drizzle|Hurricane,WeatherBall,WideGuard,Tailwind|Timid||M|||50|
|j| icarus543
|l| icarus543
|inactive|Battle timer is ON: inactive players will automatically lose when time's up. (requested by AbadanRiyi92)
|
|t:|1785513459
|teamsize|p1|4
|teamsize|p2|4
|start
|switch|p1a: Gengar|Gengar, L50, F, shiny|100/100
|switch|p1b: Incineroar|Incineroar, L50, F|100/100
|switch|p2a: Archaludon|Archaludon, L50, M|100/100
|switch|p2b: Grimmsnarl|Grimmsnarl, L50, M|100/100
|-ability|p1b: Incineroar|Intimidate|boost
|-unboost|p2a: Archaludon|atk|1
|-unboost|p2b: Grimmsnarl|atk|1
|turn|1
|
|t:|1785513479
|switch|p2a: Basculegion|Basculegion, L50, M|100/100
|detailschange|p1a: Gengar|Gengar-Mega, L50, F, shiny
|-mega|p1a: Gengar|Gengar|Gengarite
|move|p1b: Incineroar|Fake Out|p2a: Basculegion
|-immune|p2a: Basculegion
|move|p2b: Grimmsnarl|Light Screen|p2b: Grimmsnarl
|-sidestart|p2: Checkmath|move: Light Screen
|move|p1a: Gengar|Perish Song|p1a: Gengar
|-start|p1a: Gengar|perish3|[silent]
|-start|p1b: Incineroar|perish3|[silent]
|-start|p2a: Basculegion|perish3|[silent]
|-start|p2b: Grimmsnarl|perish3|[silent]
|-fieldactivate|move: Perish Song
|
|-start|p1a: Gengar|perish3
|-start|p2a: Basculegion|perish3
|-start|p2b: Grimmsnarl|perish3
|-start|p1b: Incineroar|perish3
|upkeep
|turn|2
|inactive|AbadanRiyi92 has 30 seconds left.
|inactive|Checkmath has 30 seconds left.
|
|t:|1785513513
|switch|p1a: Archaludon|Archaludon, L50, F|100/100
|move|p2b: Grimmsnarl|Parting Shot|p1a: Archaludon
|-unboost|p1a: Archaludon|atk|1
|-unboost|p1a: Archaludon|spa|1
|
|t:|1785513525
|switch|p2b: Archaludon|Archaludon, L50, M|100/100|[from] Parting Shot
|move|p2a: Basculegion|Wave Crash|p1a: Archaludon
|-resisted|p1a: Archaludon|1
|-damage|p1a: Archaludon|74/100
|-ability|p1a: Archaludon|Stamina|boost
|-boost|p1a: Archaludon|def|1
|-damage|p2a: Basculegion|91/100|[from] Recoil
|move|p1b: Incineroar|Parting Shot|p2a: Basculegion
|-unboost|p2a: Basculegion|atk|1
|-unboost|p2a: Basculegion|spa|1
|
|t:|1785513537
|switch|p1b: Gengar|Gengar-Mega, L50, F, shiny|100/100|[from] Parting Shot
|
|-heal|p1a: Archaludon|80/100|[from] item: Leftovers
|-start|p2a: Basculegion|perish2
|upkeep
|turn|3
|inactive|Checkmath has 30 seconds left.
|inactive|Checkmath has 20 seconds left.
|
|t:|1785513576
|switch|p2a: Grimmsnarl|Grimmsnarl, L50, M|100/100
|move|p1a: Archaludon|Protect|p1a: Archaludon
|-singleturn|p1a: Archaludon|Protect
|move|p1b: Gengar|Perish Song|p1b: Gengar
|-start|p1a: Archaludon|perish3|[silent]
|-start|p1b: Gengar|perish3|[silent]
|-start|p2a: Grimmsnarl|perish3|[silent]
|-start|p2b: Archaludon|perish3|[silent]
|-fieldactivate|move: Perish Song
|move|p2b: Archaludon|Dragon Pulse|p1b: Gengar
|-damage|p1b: Gengar|59/100
|
|-heal|p1a: Archaludon|86/100|[from] item: Leftovers
|-start|p1b: Gengar|perish3
|-start|p2b: Archaludon|perish3
|-start|p1a: Archaludon|perish3
|-start|p2a: Grimmsnarl|perish3
|upkeep
|turn|4
|inactive|Checkmath has 30 seconds left.
|
|t:|1785513607
|move|p2a: Grimmsnarl|Parting Shot|p1b: Gengar
|-unboost|p1b: Gengar|atk|1
|-unboost|p1b: Gengar|spa|1
|
|t:|1785513610
|switch|p2a: Pelipper|Pelipper, L50, M|100/100|[from] Parting Shot
|-weather|RainDance|[from] ability: Drizzle|[of] p2a: Pelipper
|move|p1b: Gengar|Disable|p2b: Archaludon
|-start|p2b: Archaludon|Disable|Dragon Pulse
|move|p2b: Archaludon|Electro Shot||[still]
|-prepare|p2b: Archaludon|Electro Shot
|-boost|p2b: Archaludon|spa|1
|-anim|p2b: Archaludon|Electro Shot|p1b: Gengar
|-damage|p1b: Gengar|0 fnt
|faint|p1b: Gengar
|move|p1a: Archaludon|Dragon Pulse|p2b: Archaludon
|-damage|p2b: Archaludon|82/100
|-ability|p2b: Archaludon|Stamina|boost
|-boost|p2b: Archaludon|def|1
|
|-weather|RainDance|[upkeep]
|-heal|p2b: Archaludon|88/100|[from] item: Leftovers
|-heal|p1a: Archaludon|92/100|[from] item: Leftovers
|-start|p2b: Archaludon|perish2
|-start|p1a: Archaludon|perish2
|upkeep
|
|t:|1785513631
|switch|p1b: Incineroar|Incineroar, L50, F|100/100
|-ability|p1b: Incineroar|Intimidate|boost
|-unboost|p2a: Pelipper|atk|1
|-unboost|p2b: Archaludon|atk|1
|turn|5
|
|t:|1785513650
|switch|p2a: Grimmsnarl|Grimmsnarl, L50, M|100/100
|move|p1b: Incineroar|Fake Out|p2a: Grimmsnarl
|-damage|p2a: Grimmsnarl|88/100
|move|p2b: Archaludon|Electro Shot||[still]
|-prepare|p2b: Archaludon|Electro Shot
|-boost|p2b: Archaludon|spa|1
|-anim|p2b: Archaludon|Electro Shot|p1b: Incineroar
|-damage|p1b: Incineroar|42/100
|move|p1a: Archaludon|Electro Shot||[still]
|-prepare|p1a: Archaludon|Electro Shot
|-boost|p1a: Archaludon|spa|1
|-anim|p1a: Archaludon|Electro Shot|p2a: Grimmsnarl
|-damage|p2a: Grimmsnarl|67/100
|
|-weather|RainDance|[upkeep]
|-heal|p2b: Archaludon|94/100|[from] item: Leftovers
|-heal|p1a: Archaludon|98/100|[from] item: Leftovers
|-start|p2b: Archaludon|perish1
|-start|p1a: Archaludon|perish1
|upkeep
|turn|6
|inactive|Checkmath has 30 seconds left.
|
|t:|1785513685
|switch|p2b: Basculegion|Basculegion, L50, M|91/100
|switch|p1a: Maushold|Maushold-Four, L50|100/100
|move|p1b: Incineroar|Protect|p1b: Incineroar
|-singleturn|p1b: Incineroar|Protect
|move|p2a: Grimmsnarl|Spirit Break|p1a: Maushold
|-damage|p1a: Maushold|62/100
|-unboost|p1a: Maushold|spa|1
|
|-weather|RainDance|[upkeep]
|upkeep
|turn|7
|inactive|Checkmath has 30 seconds left.
|inactive|Checkmath has 20 seconds left.
|
|t:|1785513720
|switch|p2a: Archaludon|Archaludon, L50, M|94/100
|switch|p1b: Archaludon|Archaludon, L50, F|98/100
|move|p1a: Maushold|Protect|p1a: Maushold
|-singleturn|p1a: Maushold|Protect
|move|p2b: Basculegion|Wave Crash|p1a: Maushold
|-activate|p1a: Maushold|move: Protect
|
|-weather|RainDance|[upkeep]
|-heal|p2a: Archaludon|100/100|[from] item: Leftovers
|-heal|p1b: Archaludon|100/100|[from] item: Leftovers
|upkeep
|turn|8
|inactive|AbadanRiyi92 has 30 seconds left.
|
|t:|1785513752
|move|p2b: Basculegion|Wave Crash|p1a: Maushold
|-damage|p1a: Maushold|0 fnt
|faint|p1a: Maushold
|-damage|p2b: Basculegion|72/100|[from] Recoil
|move|p2a: Archaludon|Electro Shot||[still]
|-prepare|p2a: Archaludon|Electro Shot
|-boost|p2a: Archaludon|spa|1
|-anim|p2a: Archaludon|Electro Shot|p1b: Archaludon
|-resisted|p1b: Archaludon|1
|-damage|p1b: Archaludon|69/100
|-ability|p1b: Archaludon|Stamina|boost
|-boost|p1b: Archaludon|def|1
|move|p1b: Archaludon|Electro Shot||[still]
|-prepare|p1b: Archaludon|Electro Shot
|-boost|p1b: Archaludon|spa|1
|-anim|p1b: Archaludon|Electro Shot|p2b: Basculegion
|-supereffective|p2b: Basculegion|1
|-damage|p2b: Basculegion|0 fnt
|faint|p2b: Basculegion
|
|-weather|none
|-heal|p1b: Archaludon|75/100|[from] item: Leftovers
|-sideend|p2: Checkmath|move: Light Screen
|upkeep
|
|t:|1785513771
|switch|p1a: Incineroar|Incineroar, L50, F|42/100
|switch|p2b: Grimmsnarl|Grimmsnarl, L50, M|67/100
|-ability|p1a: Incineroar|Intimidate|boost
|-unboost|p2a: Archaludon|atk|1
|-unboost|p2b: Grimmsnarl|atk|1
|turn|9
|
|t:|1785513786
|move|p1a: Incineroar|Fake Out|p2b: Grimmsnarl
|-damage|p2b: Grimmsnarl|57/100
|cant|p2b: Grimmsnarl|flinch
|move|p2a: Archaludon|Dragon Pulse|p1b: Archaludon
|-damage|p1b: Archaludon|22/100
|-ability|p1b: Archaludon|Stamina|boost
|-boost|p1b: Archaludon|def|1
|move|p1b: Archaludon|Dragon Pulse|p2a: Archaludon
|-damage|p2a: Archaludon|43/100
|-ability|p2a: Archaludon|Stamina|boost
|-boost|p2a: Archaludon|def|1
|
|-heal|p2a: Archaludon|50/100y|[from] item: Leftovers
|-heal|p1b: Archaludon|28/100|[from] item: Leftovers
|upkeep
|turn|10
|inactive|AbadanRiyi92 has 30 seconds left.
|inactive|AbadanRiyi92 has 20 seconds left.
|inactive|AbadanRiyi92 has 15 seconds left.
|
|t:|1785513830
|move|p1b: Archaludon|Protect|p1b: Archaludon
|-singleturn|p1b: Archaludon|Protect
|move|p2b: Grimmsnarl|Light Screen|p2b: Grimmsnarl
|-sidestart|p2: Checkmath|move: Light Screen
|move|p2a: Archaludon|Dragon Pulse|p1b: Archaludon
|-activate|p1b: Archaludon|move: Protect
|move|p1a: Incineroar|Parting Shot|p2a: Archaludon
|-unboost|p2a: Archaludon|atk|1
|-unboost|p2a: Archaludon|spa|1
|
|-heal|p2a: Archaludon|56/100|[from] item: Leftovers
|-heal|p1b: Archaludon|34/100|[from] item: Leftovers
|upkeep
|turn|11
|
|t:|1785513848
|move|p1b: Archaludon|Protect||[still]
|-fail|p1b: Archaludon
|move|p2a: Archaludon|Dragon Pulse|p1b: Archaludon
|-damage|p1b: Archaludon|0 fnt
|faint|p1b: Archaludon
|move|p2b: Grimmsnarl|Spirit Break|p1a: Incineroar
|-damage|p1a: Incineroar|24/100
|-unboost|p1a: Incineroar|spa|1
|move|p1a: Incineroar|Parting Shot|p2a: Archaludon
|-unboost|p2a: Archaludon|atk|1
|-unboost|p2a: Archaludon|spa|1
|
|-heal|p2a: Archaludon|62/100|[from] item: Leftovers
|upkeep
|turn|12
|-message|AbadanRiyi92 forfeited.
|
|win|Checkmath
|raw|AbadanRiyi92's rating: 1213 → 1187(-26 for losing)
|raw|Checkmath's rating: 1203 → 1229(+26 for winning)
