|j|☆FatherPenguin
|j|☆mattdapokemaster2
|html|FatherPenguinmattdapokemaster2    
|uhtml|bestof|Game 2 of a best-of-3
|t:|1785444773
|gametype|doubles
|player|p1|FatherPenguin|acetrainersnow|1188
|player|p2|mattdapokemaster2|102|1110
|gen|9
|tier|[Gen 9 Champions] VGC 2026 Reg M-B (Bo3)
|rated|
|rule|Species Clause: Limit one of each Pokémon
|rule|Item Clause: Limit 1 of each item
|clearpoke
|poke|p1|Staraptor, L50, M|
|poke|p1|Glimmora, L50, M|
|poke|p1|Whimsicott, L50, M|
|poke|p1|Kingambit, L50, F|
|poke|p1|Garchomp, L50, F|
|poke|p1|Delphox, L50, M|
|poke|p2|Mudsdale, L50, M|
|poke|p2|Venusaur, L50, F|
|poke|p2|Charizard, L50, M|
|poke|p2|Blastoise, L50, M|
|poke|p2|Hatterene, L50, F|
|poke|p2|Toxapex, L50, F|
|teampreview|4
|showteam|p1|Staraptor||Staraptite|Intimidate|CloseCombat,BraveBird,Roost,Protect|Jolly||M|||50|]Glimmora||FocusSash|ToxicDebris|PowerGem,SludgeBomb,EarthPower,SpikyShield|Modest||M|||50|]Whimsicott||OccaBerry|Prankster|Tailwind,Moonblast,Charm,LightScreen|Timid||M|||50|]Kingambit||ChopleBerry|Defiant|KowtowCleave,IronHead,LowKick,SuckerPunch|Adamant||F|||50|]Garchomp||LifeOrb|RoughSkin|Earthquake,DragonClaw,RockSlide,Protect|Jolly||F|||50|]Delphox||Delphoxite|Blaze|HeatWave,Psychic,Substitute,Protect|Timid||M|||50|
|showteam|p2|Mudsdale||Leftovers|Stamina|Earthquake,BodyPress,Protect,HeavySlam|Impish||M|||50|]Venusaur||FocusSash|Chlorophyll|SludgeBomb,EarthPower,Protect,GigaDrain|Modest||F|||50|]Charizard||CharizarditeY|SolarPower|SolarBeam,DragonPulse,HeatWave,Protect|Mild||M|||50|]Blastoise||Blastoisinite|RainDish|FakeOut,WaterSpout,ShellSmash,DarkPulse|Quiet||M|||50|]Hatterene||LifeOrb|MagicBounce|TrickRoom,DazzlingGleam,MysticalFire,Protect|Quiet||F|||50|]Toxapex||SitrusBerry|Regenerator|Toxic,WideGuard,LightScreen,Infestation|Calm||F|||50|
|inactive|Battle timer is ON: inactive players will automatically lose when time's up. (requested by FatherPenguin)
|inactive|FatherPenguin has 60 seconds left.
|inactive|FatherPenguin has 30 seconds left.
|
|t:|1785444847
|teamsize|p1|4
|teamsize|p2|4
|start
|switch|p1a: Whimsicott|Whimsicott, L50, M|100/100
|switch|p1b: Kingambit|Kingambit, L50, F|100/100
|switch|p2a: Toxapex|Toxapex, L50, F|100/100
|switch|p2b: Mudsdale|Mudsdale, L50, M|100/100
|turn|1
|inactive|FatherPenguin has 30 seconds left.
|inactive|mattdapokemaster2 has 30 seconds left.
|inactive|FatherPenguin has 20 seconds left.
|inactive|FatherPenguin has 15 seconds left.
|inactive|mattdapokemaster2 has 20 seconds left.
|
|t:|1785444890
|move|p1a: Whimsicott|Charm|p2b: Mudsdale
|-unboost|p2b: Mudsdale|atk|2
|move|p1b: Kingambit|Kowtow Cleave|p2a: Toxapex
|-damage|p2a: Toxapex|63/100
|move|p2b: Mudsdale|Body Press|p1b: Kingambit
|-supereffective|p1b: Kingambit|2
|-enditem|p1b: Kingambit|Chople Berry|[eat]
|-enditem|p1b: Kingambit|Chople Berry|[weaken]
|-damage|p1b: Kingambit|67/100
|move|p2a: Toxapex|Infestation|p1a: Whimsicott
|-damage|p1a: Whimsicott|95/100
|-activate|p1a: Whimsicott|move: Infestation|[of] p2a: Toxapex
|
|-damage|p1a: Whimsicott|83/100|[from] move: Infestation|[partiallytrapped]
|upkeep
|turn|2
|inactive|FatherPenguin has 30 seconds left.
|inactive|mattdapokemaster2 has 30 seconds left.
|
|t:|1785444919
|move|p1a: Whimsicott|Charm|p2b: Mudsdale
|-unboost|p2b: Mudsdale|atk|2
|move|p1b: Kingambit|Kowtow Cleave|p2b: Mudsdale
|-damage|p2b: Mudsdale|67/100
|-ability|p2b: Mudsdale|Stamina|boost
|-boost|p2b: Mudsdale|def|1
|move|p2b: Mudsdale|Body Press|p1b: Kingambit
|-supereffective|p1b: Kingambit|2
|-damage|p1b: Kingambit|0 fnt
|faint|p1b: Kingambit
|move|p2a: Toxapex|Light Screen|p2a: Toxapex
|-sidestart|p2: mattdapokemaster2|move: Light Screen
|
|-heal|p2b: Mudsdale|73/100|[from] item: Leftovers
|-damage|p1a: Whimsicott|71/100|[from] move: Infestation|[partiallytrapped]
|upkeep
|
|t:|1785444935
|switch|p1b: Glimmora|Glimmora, L50, M|100/100
|turn|3
|inactive|mattdapokemaster2 has 30 seconds left.
|
|t:|1785444972
|move|p2b: Mudsdale|Protect|p2b: Mudsdale
|-singleturn|p2b: Mudsdale|Protect
|move|p1a: Whimsicott|Moonblast|p2b: Mudsdale
|-activate|p2b: Mudsdale|move: Protect
|move|p1b: Glimmora|Earth Power|p2a: Toxapex
|-supereffective|p2a: Toxapex|1
|-damage|p2a: Toxapex|33/100
|-enditem|p2a: Toxapex|Sitrus Berry|[eat]
|-heal|p2a: Toxapex|57/100|[from] item: Sitrus Berry
|move|p2a: Toxapex|Toxic|p1a: Whimsicott
|-status|p1a: Whimsicott|tox
|
|-heal|p2b: Mudsdale|79/100|[from] item: Leftovers
|-damage|p1a: Whimsicott|65/100 tox|[from] psn
|-damage|p1a: Whimsicott|52/100 tox|[from] move: Infestation|[partiallytrapped]
|upkeep
|turn|4
|inactive|FatherPenguin has 30 seconds left.
|inactive|mattdapokemaster2 has 30 seconds left.
|
|t:|1785445005
|-heal|p2a: Toxapex|91/100|[from] ability: Regenerator|[silent]
|switch|p2a: Charizard|Charizard, L50, M|100/100
|move|p1a: Whimsicott|Moonblast|p2b: Mudsdale
|-damage|p2b: Mudsdale|63/100
|-ability|p2b: Mudsdale|Stamina|boost
|-boost|p2b: Mudsdale|def|1
|move|p1b: Glimmora|Earth Power|p2b: Mudsdale
|-damage|p2b: Mudsdale|42/100
|-ability|p2b: Mudsdale|Stamina|boost
|-boost|p2b: Mudsdale|def|1
|move|p2b: Mudsdale|Earthquake|p1a: Whimsicott|[spread] p1a,p1b
|-immune|p2a: Charizard
|-resisted|p1a: Whimsicott|1
|-supereffective|p1b: Glimmora|2
|-damage|p1a: Whimsicott|47/100 tox
|-damage|p1b: Glimmora|52/100
|-activate|p1b: Glimmora|ability: Toxic Debris
|-sidestart|p2: mattdapokemaster2|move: Toxic Spikes
|
|-heal|p2b: Mudsdale|48/100|[from] item: Leftovers
|-damage|p1a: Whimsicott|34/100 tox|[from] psn
|-end|p1a: Whimsicott|Infestation|[partiallytrapped]|[silent]
|upkeep
|turn|5
|inactive|FatherPenguin has 30 seconds left.
|inactive|mattdapokemaster2 has 30 seconds left.
|inactive|mattdapokemaster2 has 20 seconds left.
|inactive|mattdapokemaster2 has 15 seconds left.
|
|t:|1785445049
|switch|p2a: Toxapex|Toxapex, L50, F|91/100
|-sideend|p2: mattdapokemaster2|move: Toxic Spikes|[of] p2a: Toxapex
|move|p1a: Whimsicott|Tailwind|p1a: Whimsicott
|-sidestart|p1: FatherPenguin|move: Tailwind
|move|p1b: Glimmora|Power Gem|p2a: Toxapex
|-damage|p2a: Toxapex|71/100
|move|p2b: Mudsdale|Heavy Slam|p1b: Glimmora
|-supereffective|p1b: Glimmora|1
|-damage|p1b: Glimmora|24/100
|-activate|p1b: Glimmora|ability: Toxic Debris
|-sidestart|p2: mattdapokemaster2|move: Toxic Spikes
|
|-heal|p2b: Mudsdale|54/100|[from] item: Leftovers
|-damage|p1a: Whimsicott|16/100 tox|[from] psn
|upkeep
|turn|6
|inactive|FatherPenguin has 30 seconds left.
|inactive|mattdapokemaster2 has 30 seconds left.
|
|t:|1785445083
|move|p1a: Whimsicott|Moonblast|p2a: Toxapex
|-resisted|p2a: Toxapex|1
|-damage|p2a: Toxapex|66/100
|move|p1b: Glimmora|Earth Power|p2a: Toxapex
|-supereffective|p2a: Toxapex|1
|-damage|p2a: Toxapex|36/100
|move|p2b: Mudsdale|Body Press|p1a: Whimsicott
|-resisted|p1a: Whimsicott|1
|-damage|p1a: Whimsicott|0 fnt
|faint|p1a: Whimsicott
|move|p2a: Toxapex|Toxic|p1b: Glimmora
|-immune|p1b: Glimmora
|
|-heal|p2b: Mudsdale|60/100|[from] item: Leftovers
|-sideend|p2: mattdapokemaster2|move: Light Screen
|upkeep
|
|t:|1785445097
|switch|p1a: Staraptor|Staraptor, L50, M|100/100
|-ability|p1a: Staraptor|Intimidate|boost
|-unboost|p2a: Toxapex|atk|1
|-unboost|p2b: Mudsdale|atk|1
|turn|7
|inactive|FatherPenguin has 30 seconds left.
|inactive|mattdapokemaster2 has 30 seconds left.
|
|t:|1785445128
|-heal|p2a: Toxapex|69/100|[from] ability: Regenerator|[silent]
|switch|p2a: Charizard|Charizard, L50, M|100/100
|detailschange|p1a: Staraptor|Staraptor-Mega, L50, M
|-mega|p1a: Staraptor|Staraptor|Staraptite
|move|p2b: Mudsdale|Protect|p2b: Mudsdale
|-singleturn|p2b: Mudsdale|Protect
|move|p1a: Staraptor|Brave Bird|p2a: Charizard
|-damage|p2a: Charizard|17/100
|-damage|p1a: Staraptor|76/100|[from] Recoil
|move|p1b: Glimmora|Earth Power|p2a: Charizard
|-immune|p2a: Charizard
|
|-heal|p2b: Mudsdale|66/100|[from] item: Leftovers
|upkeep
|turn|8
|inactive|FatherPenguin has 30 seconds left.
|inactive|mattdapokemaster2 has 30 seconds left.
|
|t:|1785445161
|move|p1a: Staraptor|Close Combat|p2b: Mudsdale
|-damage|p2b: Mudsdale|51/100
|-boost|p1a: Staraptor|def|1
|-boost|p1a: Staraptor|spd|1
|-ability|p2b: Mudsdale|Stamina|boost
|-boost|p2b: Mudsdale|def|1
|move|p1b: Glimmora|Earth Power|p2b: Mudsdale
|-damage|p2b: Mudsdale|22/100
|-ability|p2b: Mudsdale|Stamina|boost
|-boost|p2b: Mudsdale|def|1
|move|p2a: Charizard|Heat Wave|p1b: Glimmora|[spread] p1a
|-miss|p2a: Charizard|p1b: Glimmora
|-damage|p1a: Staraptor|53/100
|move|p2b: Mudsdale|Heavy Slam|p1b: Glimmora
|-supereffective|p1b: Glimmora|1
|-damage|p1b: Glimmora|1/100
|-activate|p1b: Glimmora|ability: Toxic Debris
|-sidestart|p2: mattdapokemaster2|move: Toxic Spikes
|
|-heal|p2b: Mudsdale|28/100|[from] item: Leftovers
|-sideend|p1: FatherPenguin|move: Tailwind
|upkeep
|turn|9
|inactive|FatherPenguin has 30 seconds left.
|inactive|mattdapokemaster2 has 30 seconds left.
|inactive|FatherPenguin has 20 seconds left.
|inactive|FatherPenguin has 15 seconds left.
|
|t:|1785445201
|move|p1b: Glimmora|Spiky Shield|p1b: Glimmora
|-singleturn|p1b: Glimmora|move: Protect
|move|p2b: Mudsdale|Protect|p2b: Mudsdale
|-singleturn|p2b: Mudsdale|Protect
|move|p1a: Staraptor|Brave Bird|p2a: Charizard
|-damage|p2a: Charizard|0 fnt
|faint|p2a: Charizard
|-damage|p1a: Staraptor|48/100|[from] Recoil
|
|-heal|p2b: Mudsdale|34/100|[from] item: Leftovers
|upkeep
|
|t:|1785445221
|switch|p2a: Toxapex|Toxapex, L50, F|69/100
|-sideend|p2: mattdapokemaster2|move: Toxic Spikes|[of] p2a: Toxapex
|turn|10
|inactive|mattdapokemaster2 has 30 seconds left.
|
|t:|1785445251
|move|p1a: Staraptor|Brave Bird|p2a: Toxapex
|-damage|p2a: Toxapex|23/100
|-damage|p1a: Staraptor|36/100|[from] Recoil
|move|p1b: Glimmora|Earth Power|p2a: Toxapex
|-supereffective|p2a: Toxapex|1
|-damage|p2a: Toxapex|0 fnt
|faint|p2a: Toxapex
|move|p2b: Mudsdale|Heavy Slam|p1b: Glimmora
|-supereffective|p1b: Glimmora|1
|-damage|p1b: Glimmora|0 fnt
|-activate|p1b: Glimmora|ability: Toxic Debris
|-sidestart|p2: mattdapokemaster2|move: Toxic Spikes
|faint|p1b: Glimmora
|
|-heal|p2b: Mudsdale|40/100|[from] item: Leftovers
|upkeep
|
|t:|1785445259
|switch|p2a: Blastoise|Blastoise, L50, M|100/100
|-status|p2a: Blastoise|psn
|turn|11
|
|t:|1785445282
|detailschange|p2a: Blastoise|Blastoise-Mega, L50, M
|-mega|p2a: Blastoise|Blastoise|Blastoisinite
|move|p1a: Staraptor|Roost|p1a: Staraptor
|-heal|p1a: Staraptor|86/100
|-singleturn|p1a: Staraptor|move: Roost
|move|p2a: Blastoise|Shell Smash|p2a: Blastoise
|-unboost|p2a: Blastoise|def|1
|-unboost|p2a: Blastoise|spd|1
|-boost|p2a: Blastoise|atk|2
|-boost|p2a: Blastoise|spa|2
|-boost|p2a: Blastoise|spe|2
|move|p2b: Mudsdale|Body Press|p1a: Staraptor
|-damage|p1a: Staraptor|30/100
|
|-heal|p2b: Mudsdale|45/100|[from] item: Leftovers
|-damage|p2a: Blastoise|87/100 psn|[from] psn
|upkeep
|turn|12
|inactive|FatherPenguin has 30 seconds left.
|inactive|FatherPenguin has 20 seconds left.
|
|t:|1785445321
|move|p1a: Staraptor|Brave Bird|p2a: Blastoise
|-crit|p2a: Blastoise
|-damage|p2a: Blastoise|0 fnt
|faint|p2a: Blastoise
|-damage|p1a: Staraptor|2/100|[from] Recoil
|move|p2b: Mudsdale|Body Press|p1a: Staraptor
|-resisted|p1a: Staraptor|1
|-damage|p1a: Staraptor|0 fnt
|faint|p1a: Staraptor
|
|win|mattdapokemaster2
|raw|FatherPenguin's rating: 1188 → 1157(-31 for losing)
|raw|mattdapokemaster2's rating: 1110 → 1141(+31 for winning)
|c|☆FatherPenguin|Why wasn't the first body press not effective?
|c|☆FatherPenguin|The opposing Mudsdale used Body Press! (Staraptor lost 56.0% of its health!)
|l|☆mattdapokemaster2
|player|p2|
|c|☆FatherPenguin|Roost...
