|j|☆Treit_3
|j|☆YuzukiVGC
|html|Treit_3YuzukiVGC    
|uhtml|bestof|Game 1 of a best-of-3
|t:|1783445755
|gametype|doubles
|player|p1|Treit_3|marshal|1172
|player|p2|YuzukiVGC|lucy|1179
|gen|9
|tier|[Gen 9 Champions] VGC 2026 Reg M-B (Bo3)
|rated|
|rule|Species Clause: Limit one of each Pokémon
|rule|Item Clause: Limit 1 of each item
|clearpoke
|poke|p1|Scrafty, L50, M|
|poke|p1|Blaziken, L50, M|
|poke|p1|Torterra, L50, M|
|poke|p1|Milotic, L50, M|
|poke|p1|Gholdengo, L50|
|poke|p1|Farigiraf, L50, M|
|poke|p2|Charizard, L50, F|
|poke|p2|Venusaur, L50, F|
|poke|p2|Garchomp, L50, F|
|poke|p2|Incineroar, L50, M|
|poke|p2|Sinistcha-Masterpiece, L50|
|poke|p2|Floette-Eternal, L50, F|
|teampreview|4
|showteam|p1|Scrafty||Scraftinite|Intimidate|FakeOut,Coaching,DrainPunch,ThroatChop|Adamant||M|||50|]Blaziken||Blazikenite|SpeedBoost|Detect,RockSlide,FlareBlitz,CloseCombat|Adamant||M|||50|]Torterra||Leftovers|ShellArmor|Protect,WideGuard,HeadlongRush,WoodHammer|Brave||M|||50|]Milotic||MysticWater|Competitive|Protect,Scald,MuddyWater,IceBeam|Modest||M|||50|]Gholdengo||LifeOrb|GoodasGold|Protect,NastyPlot,MakeItRain,ShadowBall|Modest|||||50|]Farigiraf||SitrusBerry|ArmorTail|Protect,TrickRoom,Thunderbolt,HyperVoice|Bold||M|||50|
|showteam|p2|Charizard||CharizarditeY|Blaze|Protect,HeatWave,WeatherBall,SolarBeam|Timid||F|||50|]Venusaur||FocusSash|Chlorophyll|Protect,SleepPowder,SludgeBomb,EarthPower|Timid||F|||50|]Garchomp||ChoiceScarf|SandVeil|Earthquake,RockSlide,StompingTantrum,DragonClaw|Jolly||F|||50|]Incineroar||SitrusBerry|Intimidate|FakeOut,PartingShot,FlareBlitz,ThroatChop|Adamant||M|||50|]Sinistcha-Masterpiece||KasibBerry|Hospitality|RagePowder,MatchaGotcha,TrickRoom,Protect|Relaxed|||||50|]Floette-Eternal||Floettite|FlowerVeil|Moonblast,DazzlingGleam,Protect,CalmMind|Relaxed||F|||50|
|inactive|Battle timer is ON: inactive players will automatically lose when time's up. (requested by Treit_3)
|
|t:|1783445778
|teamsize|p1|4
|teamsize|p2|4
|start
|switch|p1a: Scrafty|Scrafty, L50, M|100/100
|switch|p1b: Blaziken|Blaziken, L50, M|100/100
|switch|p2a: Charizard|Charizard, L50, F|100/100
|switch|p2b: Venusaur|Venusaur, L50, F|100/100
|-ability|p1a: Scrafty|Intimidate|boost
|-unboost|p2a: Charizard|atk|1
|-unboost|p2b: Venusaur|atk|1
|turn|1
|
|t:|1783445789
|detailschange|p1b: Blaziken|Blaziken-Mega, L50, M
|-mega|p1b: Blaziken|Blaziken|Blazikenite
|move|p2a: Charizard|Protect|p2a: Charizard
|-singleturn|p2a: Charizard|Protect
|move|p2b: Venusaur|Protect|p2b: Venusaur
|-singleturn|p2b: Venusaur|Protect
|move|p1a: Scrafty|Fake Out|p2b: Venusaur
|-activate|p2b: Venusaur|move: Protect
|move|p1b: Blaziken|Rock Slide|p2b: Venusaur|[spread] 
|-activate|p2a: Charizard|move: Protect
|-activate|p2b: Venusaur|move: Protect
|
|-ability|p1b: Blaziken|Speed Boost|boost
|-boost|p1b: Blaziken|spe|1
|upkeep
|turn|2
|
|t:|1783445799
|detailschange|p2a: Charizard|Charizard-Mega-Y, L50, F
|-mega|p2a: Charizard|Charizard|Charizardite Y
|-weather|SunnyDay|[from] ability: Drought|[of] p2a: Charizard
|move|p1b: Blaziken|Detect|p1b: Blaziken
|-singleturn|p1b: Blaziken|Protect
|move|p2b: Venusaur|Sleep Powder|p1b: Blaziken
|-activate|p1b: Blaziken|move: Protect
|move|p2a: Charizard|Heat Wave|p1a: Scrafty|[spread] p1a
|-activate|p1b: Blaziken|move: Protect
|-crit|p1a: Scrafty
|-damage|p1a: Scrafty|4/100
|-status|p1a: Scrafty|brn
|move|p1a: Scrafty|Coaching|p1b: Blaziken
|-boost|p1b: Blaziken|atk|1
|-boost|p1b: Blaziken|def|1
|
|-weather|SunnyDay|[upkeep]
|-damage|p1a: Scrafty|0 fnt|[from] brn
|faint|p1a: Scrafty
|-ability|p1b: Blaziken|Speed Boost|boost
|-boost|p1b: Blaziken|spe|1
|upkeep
|inactive|Treit_3 has 30 seconds left.
|inactive|Treit_3 has 20 seconds left.
|inactive|Treit_3 has 15 seconds left.
|
|t:|1783445842
|switch|p1a: Farigiraf|Farigiraf, L50, M|100/100
|turn|3
|
|t:|1783445854
|move|p2a: Charizard|Protect|p2a: Charizard
|-singleturn|p2a: Charizard|Protect
|move|p1b: Blaziken|Rock Slide|p2b: Venusaur|[spread] p2b
|-activate|p2a: Charizard|move: Protect
|-damage|p2b: Venusaur|51/100
|move|p2b: Venusaur|Sleep Powder|p1b: Blaziken
|-status|p1b: Blaziken|slp|[from] move: Sleep Powder
|move|p1a: Farigiraf|Trick Room|p1a: Farigiraf
|-fieldstart|move: Trick Room|[of] p1a: Farigiraf
|
|-weather|SunnyDay|[upkeep]
|-ability|p1b: Blaziken|Speed Boost|boost
|-boost|p1b: Blaziken|spe|1
|upkeep
|turn|4
|
|t:|1783445876
|switch|p2b: Sinistcha|Sinistcha-Masterpiece, L50|100/100
|move|p1a: Farigiraf|Thunderbolt|p2a: Charizard
|-supereffective|p2a: Charizard|1
|-damage|p2a: Charizard|52/100
|move|p2a: Charizard|Weather Ball|p1a: Farigiraf
|-damage|p1a: Farigiraf|0 fnt
|faint|p1a: Farigiraf
|cant|p1b: Blaziken|slp
|
|-weather|SunnyDay|[upkeep]
|-ability|p1b: Blaziken|Speed Boost|boost
|-boost|p1b: Blaziken|spe|1
|upkeep
|
|t:|1783445884
|switch|p1a: Torterra|Torterra, L50, M|100/100
|turn|5
|
|t:|1783445906
|move|p1a: Torterra|Protect|p1a: Torterra
|-singleturn|p1a: Torterra|Protect
|move|p2b: Sinistcha|Matcha Gotcha|p1b: Blaziken|[spread] p1b
|-activate|p1a: Torterra|move: Protect
|-resisted|p1b: Blaziken|1
|-damage|p1b: Blaziken|84/100 slp
|move|p2a: Charizard|Weather Ball|p1a: Torterra
|-activate|p1a: Torterra|move: Protect
|cant|p1b: Blaziken|slp
|
|-weather|SunnyDay|[upkeep]
|-ability|p1b: Blaziken|Speed Boost|boost
|-boost|p1b: Blaziken|spe|1
|upkeep
|turn|6
|inactive|Treit_3 has 30 seconds left.
|inactive|Treit_3 has 20 seconds left.
|inactive|Treit_3 has 15 seconds left.
|
|t:|1783445951
|move|p2b: Sinistcha|Rage Powder|p2b: Sinistcha
|-singleturn|p2b: Sinistcha|move: Rage Powder
|move|p1a: Torterra|Wood Hammer|p2a: Charizard
|-resisted|p2a: Charizard|2
|-damage|p2a: Charizard|29/100
|-damage|p1a: Torterra|94/100|[from] Recoil
|move|p2a: Charizard|Weather Ball|p1a: Torterra
|-supereffective|p1a: Torterra|1
|-damage|p1a: Torterra|0 fnt
|faint|p1a: Torterra
|-curestatus|p1b: Blaziken|slp|[msg]
|move|p1b: Blaziken|Flare Blitz|p2b: Sinistcha
|-supereffective|p2b: Sinistcha|1
|-damage|p2b: Sinistcha|0 fnt
|faint|p2b: Sinistcha
|-damage|p1b: Blaziken|47/100|[from] Recoil
|
|-weather|none
|-ability|p1b: Blaziken|Speed Boost|boost
|-boost|p1b: Blaziken|spe|1
|upkeep
|
|t:|1783445967
|switch|p2b: Garchomp|Garchomp, L50, F|100/100
|turn|7
|
|t:|1783445976
|move|p2a: Charizard|Heat Wave|p1b: Blaziken
|-resisted|p1b: Blaziken|1
|-damage|p1b: Blaziken|11/100
|move|p2b: Garchomp|Earthquake|p1b: Blaziken|[spread] p1b
|-immune|p2a: Charizard
|-supereffective|p1b: Blaziken|1
|-damage|p1b: Blaziken|0 fnt
|faint|p1b: Blaziken
|
|win|YuzukiVGC
||Treit_3 is ready for game 2.
|l|☆YuzukiVGC
|player|p2|
||YuzukiVGC is ready for game 2.
|uhtml|next|Next: Game 2 of 3
