|j|☆walaye
|j|☆GS Barnabe
|html|walayeGS Barnabe    
|uhtml|bestof|Game 1 of a best-of-3
|t:|1785955295
|gametype|doubles
|player|p1|walaye|chuck|1206
|player|p2|GS Barnabe|1|1195
|gen|9
|tier|[Gen 9 Champions] VGC 2026 Reg M-B (Bo3)
|rated|
|rule|Species Clause: Limit one of each Pokémon
|rule|Item Clause: Limit 1 of each item
|clearpoke
|poke|p1|Sinistcha, L50|
|poke|p1|Floette-Eternal, L50, F|
|poke|p1|Incineroar, L50, F|
|poke|p1|Sneasler, L50, M|
|poke|p1|Milotic, L50, F|
|poke|p1|Dragonite, L50, M|
|poke|p2|Clefable, L50, M|
|poke|p2|Tyranitar, L50, F|
|poke|p2|Garchomp, L50, M|
|poke|p2|Gholdengo, L50|
|poke|p2|Rotom-Wash, L50|
|poke|p2|Aerodactyl, L50, M|
|teampreview|4
|showteam|p1|Sinistcha||OccaBerry|Hospitality|MatchaGotcha,LifeDew,RagePowder,Protect|Relaxed|||||50|]Floette-Eternal||Floettite|FlowerVeil|DazzlingGleam,Moonblast,CalmMind,Protect|Modest||F|||50|]Incineroar||SitrusBerry|Intimidate|FakeOut,FlareBlitz,DarkestLariat,PartingShot|Impish||F|||50|]Sneasler||FocusSash|PoisonTouch|FakeOut,CloseCombat,PoisonJab,Coaching|Jolly||M|||50|]Milotic||Leftovers|Competitive|MuddyWater,Hypnosis,Coil,Recover|Calm||F|||50|]Dragonite||LifeOrb|InnerFocus|DragonDance,ExtremeSpeed,DragonClaw,FirePunch|Adamant||M|||50|
|showteam|p2|Clefable||SitrusBerry|Unaware|Moonblast,FollowMe,HealPulse,Protect|Bold||M|||50|]Tyranitar||ChoiceScarf|SandStream|RockSlide,KnockOff,IcePunch,Superpower|Jolly||F|||50|]Garchomp||Garchompite|SandVeil|DracoMeteor,EarthPower,PowerGem,Protect|Modest||M|||50|]Gholdengo||LifeOrb|GoodasGold|MakeItRain,ShadowBall,NastyPlot,Protect|Modest|||||50|]Rotom-Wash||Leftovers|Levitate|HydroPump,VoltSwitch,WillOWisp,Protect|Calm|||||50|]Aerodactyl||Aerodactylite|RockHead|RockSlide,DualWingbeat,Tailwind,Protect|Jolly||M|||50|
|
|t:|1785955325
|teamsize|p1|4
|teamsize|p2|4
|start
|switch|p1a: Floette|Floette-Eternal, L50, F|100/100
|switch|p1b: Incineroar|Incineroar, L50, F|100/100
|switch|p2a: Gholdengo|Gholdengo, L50|100/100
|switch|p2b: Rotom|Rotom-Wash, L50|100/100
|-ability|p1b: Incineroar|Intimidate|boost
|-unboost|p2a: Gholdengo|atk|1
|-unboost|p2b: Rotom|atk|1
|turn|1
|
|t:|1785955354
|switch|p1a: Dragonite|Dragonite, L50, M|100/100
|move|p2b: Rotom|Hydro Pump|p1b: Incineroar
|-supereffective|p1b: Incineroar|1
|-damage|p1b: Incineroar|28/100
|-enditem|p1b: Incineroar|Sitrus Berry|[eat]
|-heal|p1b: Incineroar|53/100|[from] item: Sitrus Berry
|move|p2a: Gholdengo|Make It Rain|p1a: Dragonite|[spread] p1a,p1b
|-resisted|p1b: Incineroar|1
|-damage|p1a: Dragonite|48/100
|-damage|p1b: Incineroar|29/100
|-unboost|p2a: Gholdengo|spa|2
|-damage|p2a: Gholdengo|90/100|[from] item: Life Orb
|move|p1b: Incineroar|Flare Blitz|p2a: Gholdengo
|-supereffective|p2a: Gholdengo|1
|-damage|p2a: Gholdengo|19/100
|-damage|p1b: Incineroar|7/100|[from] Recoil
|
|upkeep
|turn|2
|
|t:|1785955399
|switch|p2a: Tyranitar|Tyranitar, L50, F|100/100
|-weather|Sandstorm|[from] ability: Sand Stream|[of] p2a: Tyranitar
|switch|p1a: Sinistcha|Sinistcha, L50|100/100
|-heal|p1b: Incineroar|32/100|[from] ability: Hospitality|[of] p1a: Sinistcha
|switch|p1b: Floette|Floette-Eternal, L50, F|100/100
|move|p2b: Rotom|Will-O-Wisp|p1a: Sinistcha
|-block|p1a: Sinistcha|ability: Flower Veil|[of] p1b: Floette
|
|-weather|Sandstorm|[upkeep]
|-damage|p2b: Rotom|94/100|[from] Sandstorm
|-damage|p1b: Floette|93/100|[from] Sandstorm
|-damage|p1a: Sinistcha|93/100|[from] Sandstorm
|-heal|p2b: Rotom|100/100|[from] item: Leftovers
|upkeep
|turn|3
|
|t:|1785955431
|detailschange|p1b: Floette|Floette-Mega, L50, F
|-mega|p1b: Floette|Floette|Floettite
|-ability|p1b: Floette|Fairy Aura
|move|p2a: Tyranitar|Rock Slide|p1a: Sinistcha|[spread] p1a,p1b
|-damage|p1a: Sinistcha|69/100
|-damage|p1b: Floette|61/100
|move|p1b: Floette|Moonblast|p2a: Tyranitar
|-supereffective|p2a: Tyranitar|1
|-damage|p2a: Tyranitar|0 fnt
|faint|p2a: Tyranitar
|move|p2b: Rotom|Hydro Pump|p1b: Floette
|-damage|p1b: Floette|33/100
|move|p1a: Sinistcha|Matcha Gotcha|p2b: Rotom
|-supereffective|p2b: Rotom|1
|-damage|p2b: Rotom|42/100
|-heal|p1a: Sinistcha|94/100|[from] drain|[of] p2b: Rotom
|
|-weather|Sandstorm|[upkeep]
|-damage|p1b: Floette|27/100|[from] Sandstorm
|-damage|p2b: Rotom|36/100|[from] Sandstorm
|-damage|p1a: Sinistcha|88/100|[from] Sandstorm
|-heal|p2b: Rotom|42/100|[from] item: Leftovers
|upkeep
|
|t:|1785955456
|switch|p2a: Gholdengo|Gholdengo, L50|19/100
|turn|4
|
|t:|1785955487
|move|p1b: Floette|Dazzling Gleam|p2b: Rotom|[spread] p2a,p2b
|-resisted|p2a: Gholdengo|1
|-damage|p2a: Gholdengo|0 fnt
|-damage|p2b: Rotom|3/100
|faint|p2a: Gholdengo
|move|p2b: Rotom|Will-O-Wisp|p1a: Sinistcha
|-status|p1a: Sinistcha|brn
|move|p1a: Sinistcha|Matcha Gotcha|p2b: Rotom
|-supereffective|p2b: Rotom|1
|-damage|p2b: Rotom|0 fnt
|-heal|p1a: Sinistcha|90/100 brn|[from] drain|[of] p2b: Rotom
|faint|p2b: Rotom
|
|-weather|Sandstorm|[upkeep]
|-damage|p1b: Floette|21/100|[from] Sandstorm
|-damage|p1a: Sinistcha|84/100 brn|[from] Sandstorm
|-damage|p1a: Sinistcha|78/100 brn|[from] brn
|upkeep
|
|t:|1785955499
|switch|p2b: Garchomp|Garchomp, L50, M|100/100
|turn|5
|
|t:|1785955509
|detailschange|p2b: Garchomp|Garchomp-Mega, L50, M
|-mega|p2b: Garchomp|Garchomp|Garchompite
|move|p1b: Floette|Protect|p1b: Floette
|-singleturn|p1b: Floette|Protect
|move|p2b: Garchomp|Earth Power|p1b: Floette
|-activate|p1b: Floette|move: Protect
|move|p1a: Sinistcha|Life Dew|p1a: Sinistcha|[spread] p1a,p1b
|-heal|p1a: Sinistcha|100/100 brn
|-heal|p1b: Floette|46/100
|
|-weather|Sandstorm|[upkeep]
|-damage|p1b: Floette|40/100|[from] Sandstorm
|-damage|p1a: Sinistcha|93/100 brn|[from] Sandstorm
|-damage|p1a: Sinistcha|87/100 brn|[from] brn
|upkeep
|turn|6
|
|t:|1785955523
|move|p1a: Sinistcha|Rage Powder|p1a: Sinistcha
|-singleturn|p1a: Sinistcha|move: Rage Powder
|move|p2b: Garchomp|Earth Power|p1a: Sinistcha
|-resisted|p1a: Sinistcha|1
|-damage|p1a: Sinistcha|52/100 brn
|move|p1b: Floette|Moonblast|p2b: Garchomp
|-supereffective|p2b: Garchomp|1
|-damage|p2b: Garchomp|0 fnt
|faint|p2b: Garchomp
|
|win|walaye
||walaye is ready for game 2.
