|j|â˜†Chandeliere
|j|â˜†helioshorus
|html|Chandelierehelioshorus    
|uhtml|bestof|Game 2 of a best-of-3
|t:|1756620951
|gametype|doubles
|player|p1|Chandeliere|ethan|1111
|player|p2|helioshorus|marshal|1000
|gen|9
|tier|[Gen 9] VGC 2025 Reg H (Bo3)
|rated|
|rule|Species Clause: Limit one of each PokÃ©mon
|rule|Item Clause: Limit 1 of each item
|clearpoke
|poke|p1|Ninetales-Alola, L50, M|
|poke|p1|Gholdengo, L50|
|poke|p1|Garchomp, L50, M|
|poke|p1|Incineroar, L50, F|
|poke|p1|Sneasler, L50, M|
|poke|p1|Corviknight, L50, F|
|poke|p2|Corviknight, L50, M|
|poke|p2|Tyranitar, L50, F|
|poke|p2|Garchomp, L50, F|
|poke|p2|Gholdengo, L50|
|poke|p2|Hydreigon, L50, M|
|poke|p2|Dragapult, L50, M|
|teampreview|4
|showteam|p1|Ninetales-Alola||LightClay|SnowWarning|AuroraVeil,Blizzard,FreezeDry,Protect|||M|||50|,,,,,Ghost]Gholdengo||LifeOrb|GoodasGold|MakeItRain,ShadowBall,NastyPlot,Protect||||||50|,,,,,Water]Garchomp||ClearAmulet|RoughSkin|Earthquake,StompingTantrum,DragonClaw,Protect|||M|||50|,,,,,Ground]Incineroar||SafetyGoggles|Intimidate|FakeOut,KnockOff,FlareBlitz,PartingShot|||F|||50|,,,,,Ghost]Sneasler||WhiteHerb|Unburden|Coaching,CloseCombat,DireClaw,Protect|||M|||50|,,,,,Ghost]Corviknight||SitrusBerry|MirrorArmor|BodyPress,BraveBird,Tailwind,Protect|||F|||50|,,,,,Fire
|showteam|p2|Corviknight||Leftovers|MirrorArmor|BraveBird,IronHead,Tailwind,Taunt|||M|||50|,,,,,Dragon]Tyranitar||AssaultVest|SandStream|KnockOff,RockSlide,TeraBlast,LowKick|||F|||50|,,,,,Flying]Garchomp||LifeOrb|RoughSkin|Earthquake,StompingTantrum,DragonClaw,Protect|||F|||50|,,,,,Steel]Gholdengo||MetalCoat|GoodasGold|NastyPlot,MakeItRain,ShadowBall,Protect||||||50|,,,,,Water]Hydreigon||SafetyGoggles|Levitate|DracoMeteor,HeatWave,NastyPlot,Protect|||M|||50|,,,,,Fire]Dragapult||FocusSash|ClearBody|DracoMeteor,ShadowBall,WillOWisp,Protect|||M|||50|,,,,,Dragon
|inactive|Battle timer is ON: inactive players will automatically lose when time's up. (requested by helioshorus)
|inactive|Chandeliere has 60 seconds left.
|
|t:|1756621020
|teamsize|p1|4
|teamsize|p2|4
|start
|switch|p1a: Corviknight|Corviknight, L50, F|100/100
|switch|p1b: Garchomp|Garchomp, L50, M|100/100
|switch|p2a: Corviknight|Corviknight, L50, M|100/100
|switch|p2b: Garchomp|Garchomp, L50, F|100/100
|turn|1
|inactive|Chandeliere has 30 seconds left.
|
|t:|1756621050
|move|p1b: Garchomp|Protect|p1b: Garchomp
|-singleturn|p1b: Garchomp|Protect
|move|p2b: Garchomp|Dragon Claw|p1b: Garchomp
|-activate|p1b: Garchomp|move: Protect
|move|p2a: Corviknight|Tailwind|p2a: Corviknight
|-sidestart|p2: helioshorus|move: Tailwind
|move|p1a: Corviknight|Tailwind|p1a: Corviknight
|-sidestart|p1: Chandeliere|move: Tailwind
|
|upkeep
|turn|2
|inactive|Chandeliere has 30 seconds left.
|inactive|Chandeliere has 20 seconds left.
|inactive|Chandeliere has 15 seconds left.
|
|t:|1756621090
|-terastallize|p1b: Garchomp|Ground
|move|p2b: Garchomp|Protect|p2b: Garchomp
|-singleturn|p2b: Garchomp|Protect
|move|p1b: Garchomp|Dragon Claw|p2b: Garchomp
|-activate|p2b: Garchomp|move: Protect
|move|p2a: Corviknight|Brave Bird|p1b: Garchomp
|-damage|p1b: Garchomp|61/100
|-damage|p2a: Corviknight|88/100|[from] ability: Rough Skin|[of] p1b: Garchomp
|-damage|p2a: Corviknight|76/100|[from] Recoil
|move|p1a: Corviknight|Brave Bird|p2b: Garchomp
|-activate|p2b: Garchomp|move: Protect
|
|-heal|p2a: Corviknight|82/100|[from] item: Leftovers
|upkeep
|turn|3
|l|â˜†helioshorus
|inactive|helioshorus disconnected and has a minute to reconnect!
|player|p2|
|inactive|helioshorus has 30 seconds left.
|j|â˜†helioshorus
|inactive|helioshorus reconnected and has 25 seconds left.
|player|p2|helioshorus|marshal|
|inactive|helioshorus has 20 seconds left.
|inactive|helioshorus has 15 seconds left.
|inactive|helioshorus has 10 seconds left.
|inactive|helioshorus has 5 seconds left.
|
|t:|1756621142
|switch|p2b: Gholdengo|Gholdengo, L50|100/100
|move|p1b: Garchomp|Dragon Claw|p2b: Gholdengo
|-resisted|p2b: Gholdengo
|-damage|p2b: Gholdengo|76/100
|move|p2a: Corviknight|Brave Bird|p1b: Garchomp
|-crit|p1b: Garchomp
|-damage|p1b: Garchomp|0 fnt
|-damage|p2a: Corviknight|69/100|[from] ability: Rough Skin|[of] p1b: Garchomp
|faint|p1b: Garchomp
|-damage|p2a: Corviknight|51/100|[from] Recoil
|move|p1a: Corviknight|Body Press|p2b: Gholdengo
|-immune|p2b: Gholdengo
|
|-heal|p2a: Corviknight|57/100|[from] item: Leftovers
|upkeep
|
|t:|1756621166
|switch|p1b: Incineroar|Incineroar, L50, F|100/100
|-ability|p1b: Incineroar|Intimidate|boost
|-ability|p2a: Corviknight|Mirror Armor
|-unboost|p1b: Incineroar|atk|1
|-unboost|p2b: Gholdengo|atk|1
|turn|4
|
|t:|1756621183
|switch|p2b: Garchomp|Garchomp, L50, F|100/100
|move|p2a: Corviknight|Brave Bird|p1b: Incineroar
|-crit|p1b: Incineroar
|-damage|p1b: Incineroar|57/100
|-damage|p2a: Corviknight|42/100|[from] Recoil
|move|p1a: Corviknight|Body Press|p2a: Corviknight
|-damage|p2a: Corviknight|21/100
|move|p1b: Incineroar|Knock Off|p2a: Corviknight
|-damage|p2a: Corviknight|0 fnt
|-enditem|p2a: Corviknight|Leftovers|[from] move: Knock Off|[of] p1b: Incineroar
|faint|p2a: Corviknight
|
|-sideend|p2: helioshorus|move: Tailwind
|-sideend|p1: Chandeliere|move: Tailwind
|upkeep
|
|t:|1756621201
|switch|p2a: Gholdengo|Gholdengo, L50|76/100
|turn|5
|
|t:|1756621223
|move|p2a: Gholdengo|Protect|p2a: Gholdengo
|-singleturn|p2a: Gholdengo|Protect
|move|p2b: Garchomp|Earthquake|p1b: Incineroar|[spread] p1b
|-activate|p2a: Gholdengo|move: Protect
|-immune|p1a: Corviknight
|-supereffective|p1b: Incineroar
|-damage|p1b: Incineroar|0 fnt
|faint|p1b: Incineroar
|-damage|p2b: Garchomp|91/100|[from] item: Life Orb
|move|p1a: Corviknight|Tailwind|p1a: Corviknight
|-sidestart|p1: Chandeliere|move: Tailwind
|
|upkeep
|
|t:|1756621234
|switch|p1b: Gholdengo|Gholdengo, L50|100/100
|turn|6
|
|t:|1756621254
|-terastallize|p2b: Garchomp|Steel
|move|p1b: Gholdengo|Protect|p1b: Gholdengo
|-singleturn|p1b: Gholdengo|Protect
|move|p1a: Corviknight|Brave Bird|p2b: Garchomp
|-resisted|p2b: Garchomp
|-damage|p2b: Garchomp|69/100
|-damage|p1a: Corviknight|88/100|[from] ability: Rough Skin|[of] p2b: Garchomp
|-damage|p1a: Corviknight|82/100|[from] Recoil
|move|p2b: Garchomp|Earthquake|p1a: Corviknight|[spread] p2a
|-activate|p1b: Gholdengo|move: Protect
|-immune|p1a: Corviknight
|-supereffective|p2a: Gholdengo
|-damage|p2a: Gholdengo|0 fnt
|faint|p2a: Gholdengo
|-damage|p2b: Garchomp|59/100|[from] item: Life Orb
|
|upkeep
|
|t:|1756621272
|switch|p2a: Tyranitar|Tyranitar, L50, F, shiny|100/100
|-weather|Sandstorm|[from] ability: Sand Stream|[of] p2a: Tyranitar
|turn|7
|c|â˜†helioshorus|Mistake but oh well
|inactive|Chandeliere has 30 seconds left.
|
|t:|1756621300
|move|p1b: Gholdengo|Make It Rain|p2b: Garchomp|[spread] p2a,p2b
|-supereffective|p2a: Tyranitar
|-resisted|p2b: Garchomp
|-damage|p2a: Tyranitar|50/100
|-damage|p2b: Garchomp|24/100
|-unboost|p1b: Gholdengo|spa|1
|-damage|p1b: Gholdengo|91/100|[from] item: Life Orb
|move|p1a: Corviknight|Body Press|p2a: Tyranitar
|-supereffective|p2a: Tyranitar
|-damage|p2a: Tyranitar|0 fnt
|faint|p2a: Tyranitar
|move|p2b: Garchomp|Dragon Claw|p1b: Gholdengo
|-resisted|p1b: Gholdengo
|-damage|p1b: Gholdengo|63/100
|-damage|p2b: Garchomp|14/100|[from] item: Life Orb
|
|-weather|Sandstorm|[upkeep]
|upkeep
|turn|8
|
|t:|1756621320
|move|p2b: Garchomp|Protect|p2b: Garchomp
|-singleturn|p2b: Garchomp|Protect
|move|p1b: Gholdengo|Shadow Ball|p2b: Garchomp
|-activate|p2b: Garchomp|move: Protect
|move|p1a: Corviknight|Body Press|p2b: Garchomp
|-activate|p2b: Garchomp|move: Protect
|
|-weather|Sandstorm|[upkeep]
|-sideend|p1: Chandeliere|move: Tailwind
|upkeep
|turn|9
|
|t:|1756621332
|move|p1b: Gholdengo|Protect|p1b: Gholdengo
|-singleturn|p1b: Gholdengo|Protect
|move|p2b: Garchomp|Stomping Tantrum|p1b: Gholdengo
|-activate|p1b: Gholdengo|move: Protect
|move|p1a: Corviknight|Body Press|p2b: Garchomp
|-supereffective|p2b: Garchomp
|-damage|p2b: Garchomp|0 fnt
|-damage|p1a: Corviknight|70/100|[from] ability: Rough Skin|[of] p2b: Garchomp
|faint|p2b: Garchomp
|
|win|Chandeliere
|inactive|Chandeliere has 30 seconds to confirm battle start!
|inactive|helioshorus has 30 seconds to confirm battle start!
||Chandeliere is ready for game 3.
||helioshorus is ready for game 3.
|uhtml|next|Next: Game 3 of 3
|l|â˜†helioshorus
|player|p2|
