|j|☆bagarresinge
|j|☆brphy
|html|bagarresingebrphy    
|uhtml|bestof|Game 3 of a best-of-3
|t:|1756575756
|gametype|doubles
|player|p1|bagarresinge|harlequin|
|player|p2|brphy|psychicf|
|gen|9
|tier|[Gen 9] VGC 2025 Reg H (Bo3)
|rule|Species Clause: Limit one of each Pokémon
|rule|Item Clause: Limit 1 of each item
|clearpoke
|poke|p1|Incineroar, L50, F|
|poke|p1|Gholdengo, L50|
|poke|p1|Amoonguss, L50, F|
|poke|p1|Hydreigon, L50, M|
|poke|p1|Porygon2, L50|
|poke|p1|Ursaluna, L50, M|
|poke|p2|Ursaluna, L50, F|
|poke|p2|Kilowattrel, L50, F|
|poke|p2|Porygon2, L50|
|poke|p2|Gholdengo, L50|
|poke|p2|Amoonguss, L50, F|
|poke|p2|Incineroar, L50, F|
|teampreview|4
|showteam|p1|Incineroar||SitrusBerry|Intimidate|KnockOff,FakeOut,FlareBlitz,PartingShot|||F|||50|,,,,,Ghost]Gholdengo||MetalCoat|GoodasGold|Protect,NastyPlot,MakeItRain,ShadowBall||||||50|,,,,,Water]Amoonguss||RockyHelmet|Regenerator|Spore,RagePowder,PollenPuff,Protect|||F|||50|,,,,,Fairy]Hydreigon||SafetyGoggles|Levitate|DracoMeteor,Snarl,Tailwind,Protect|||M|||50|,,,,,Ghost]Porygon2||Eviolite|Download|Recover,IceBeam,TeraBlast,TrickRoom||||||50|,,,,,Fighting]Ursaluna||FlameOrb|Guts|Earthquake,Facade,HeadlongRush,Protect|||M|||50|,,,,,Ghost
|showteam|p2|Ursaluna||FlameOrb|Guts|Protect,HeadlongRush,Earthquake,Facade|||F|||50|,,,,,Fairy]Kilowattrel||FocusSash|Competitive|Thunderbolt,AirSlash,Protect,Tailwind|||F|||50|,,,,,Ghost]Porygon2||Eviolite|Download|TeraBlast,IceBeam,Recover,TrickRoom||||||50|,,,,,Fighting]Gholdengo||LifeOrb|GoodasGold|Protect,MakeItRain,ShadowBall,NastyPlot||||||50|,,,,,Water]Amoonguss||CovertCloak|Regenerator|SludgeBomb,Spore,RagePowder,Protect|||F|||50|,,,,,Water]Incineroar||AssaultVest|Intimidate|KnockOff,FlareBlitz,Uturn,FakeOut|||F|||50|,,,,,Grass
|inactive|Battle timer is ON: inactive players will automatically lose when time's up. (requested by brphy)
|inactive|bagarresinge has 60 seconds left.
|
|t:|1756575790
|teamsize|p1|4
|teamsize|p2|4
|start
|switch|p1a: Hydreigon|Hydreigon, L50, M|100/100
|switch|p1b: Porygon2|Porygon2, L50|100/100
|switch|p2a: Incineroar|Incineroar, L50, F|100/100
|switch|p2b: Gholdengo|Gholdengo, L50|100/100
|-ability|p2a: Incineroar|Intimidate|boost
|-unboost|p1a: Hydreigon|atk|1
|-unboost|p1b: Porygon2|atk|1
|-ability|p1b: Porygon2|Download|boost
|-boost|p1b: Porygon2|spa|1
|turn|1
|inactive|bagarresinge has 30 seconds left.
|inactive|brphy has 30 seconds left.
|
|t:|1756575823
|move|p1a: Hydreigon|Snarl|p2a: Incineroar|[spread] p2a,p2b
|-resisted|p2a: Incineroar
|-supereffective|p2b: Gholdengo
|-damage|p2a: Incineroar|95/100
|-damage|p2b: Gholdengo|60/100
|-unboost|p2a: Incineroar|spa|1
|-unboost|p2b: Gholdengo|spa|1
|move|p2b: Gholdengo|Nasty Plot|p2b: Gholdengo
|-boost|p2b: Gholdengo|spa|2
|move|p2a: Incineroar|Knock Off|p1a: Hydreigon
|-resisted|p1a: Hydreigon
|-damage|p1a: Hydreigon|78/100
|-enditem|p1a: Hydreigon|Safety Goggles|[from] move: Knock Off|[of] p2a: Incineroar
|move|p1b: Porygon2|Trick Room|p1b: Porygon2
|-fieldstart|move: Trick Room|[of] p1b: Porygon2
|
|upkeep
|turn|2
|inactive|bagarresinge has 30 seconds left.
|
|t:|1756575856
|switch|p1a: Incineroar|Incineroar, L50, F, shiny|100/100
|-ability|p1a: Incineroar|Intimidate|boost
|-unboost|p2a: Incineroar|atk|1
|-unboost|p2b: Gholdengo|atk|1
|move|p1b: Porygon2|Ice Beam|p2a: Incineroar
|-resisted|p2a: Incineroar
|-damage|p2a: Incineroar|82/100
|move|p2a: Incineroar|U-turn|p1b: Porygon2
|-damage|p1b: Porygon2|92/100
|
|t:|1756575868
|switch|p2a: Ursaluna|Ursaluna, L50, F|100/100|[from] U-turn
|move|p2b: Gholdengo|Make It Rain|p1b: Porygon2|[spread] p1a,p1b
|-resisted|p1a: Incineroar
|-damage|p1a: Incineroar|64/100
|-damage|p1b: Porygon2|42/100
|-unboost|p2b: Gholdengo|spa|1
|-damage|p2b: Gholdengo|51/100|[from] item: Life Orb
|
|-status|p2a: Ursaluna|brn|[from] item: Flame Orb
|upkeep
|turn|3
|inactive|bagarresinge has 30 seconds left.
|inactive|brphy has 30 seconds left.
|inactive|bagarresinge has 20 seconds left.
|inactive|brphy has 20 seconds left.
|
|t:|1756575908
|-terastallize|p2a: Ursaluna|Fairy
|move|p1b: Porygon2|Ice Beam|p2b: Gholdengo
|-resisted|p2b: Gholdengo
|-damage|p2b: Gholdengo|27/100
|move|p1a: Incineroar|Knock Off|p2b: Gholdengo
|-supereffective|p2b: Gholdengo
|-damage|p2b: Gholdengo|0 fnt
|-enditem|p2b: Gholdengo|Life Orb|[from] move: Knock Off|[of] p1a: Incineroar
|faint|p2b: Gholdengo
|move|p2a: Ursaluna|Facade|p1a: Incineroar
|-damage|p1a: Incineroar|0 fnt
|faint|p1a: Incineroar
|
|-damage|p2a: Ursaluna|95/100 brn|[from] brn
|upkeep
|
|t:|1756575922
|switch|p1a: Ursaluna|Ursaluna, L50, M|100/100
|switch|p2b: Porygon2|Porygon2, L50|100/100
|-ability|p2b: Porygon2|Download|boost
|-boost|p2b: Porygon2|spa|1
|turn|4
|
|t:|1756575953
|move|p1a: Ursaluna|Protect|p1a: Ursaluna
|-singleturn|p1a: Ursaluna|Protect
|move|p1b: Porygon2|Recover|p1b: Porygon2
|-heal|p1b: Porygon2|92/100
|move|p2a: Ursaluna|Facade|p1b: Porygon2
|-damage|p1b: Porygon2|12/100
|move|p2b: Porygon2|Trick Room|p2b: Porygon2
|-fieldend|move: Trick Room
|
|-damage|p2a: Ursaluna|89/100 brn|[from] brn
|-status|p1a: Ursaluna|brn|[from] item: Flame Orb
|upkeep
|turn|5
|inactive|bagarresinge has 30 seconds left.
|inactive|brphy has 30 seconds left.
|inactive|bagarresinge has 20 seconds left.
|inactive|brphy has 20 seconds left.
|inactive|bagarresinge has 15 seconds left.
|inactive|brphy has 15 seconds left.
|inactive|bagarresinge has 10 seconds left.
|inactive|brphy has 10 seconds left.
|inactive|bagarresinge has 5 seconds left.
|
|t:|1756576007
|switch|p2a: Incineroar|Incineroar, L50, F|82/100
|-ability|p2a: Incineroar|Intimidate|boost
|-unboost|p1a: Ursaluna|atk|1
|-unboost|p1b: Porygon2|atk|1
|-terastallize|p1a: Ursaluna|Ghost
|move|p1a: Ursaluna|Facade|p2a: Incineroar
|-damage|p2a: Incineroar|8/100
|move|p2b: Porygon2|Ice Beam|p1b: Porygon2
|-damage|p1b: Porygon2|0 fnt
|faint|p1b: Porygon2
|
|-damage|p1a: Ursaluna|94/100 brn|[from] brn
|upkeep
|
|t:|1756576016
|switch|p1b: Hydreigon|Hydreigon, L50, M|78/100
|turn|6
|inactive|bagarresinge has 30 seconds left.
|inactive|bagarresinge has 20 seconds left.
|inactive|bagarresinge has 15 seconds left.
|
|t:|1756576058
|move|p1b: Hydreigon|Protect|p1b: Hydreigon
|-singleturn|p1b: Hydreigon|Protect
|move|p2a: Incineroar|Knock Off|p1a: Ursaluna
|-supereffective|p1a: Ursaluna
|-damage|p1a: Ursaluna|26/100 brn
|-enditem|p1a: Ursaluna|Flame Orb|[from] move: Knock Off|[of] p2a: Incineroar
|move|p1a: Ursaluna|Earthquake|p2a: Incineroar|[spread] p2a,p2b
|-activate|p1b: Hydreigon|move: Protect
|-supereffective|p2a: Incineroar
|-damage|p2a: Incineroar|0 fnt
|-damage|p2b: Porygon2|75/100
|faint|p2a: Incineroar
|move|p2b: Porygon2|Ice Beam|p1a: Ursaluna
|-damage|p1a: Ursaluna|0 fnt
|faint|p1a: Ursaluna
|
|upkeep
|
|t:|1756576067
|switch|p2a: Ursaluna|Ursaluna, L50, F, tera:Fairy|89/100 brn
|turn|7
|c|☆bagarresinge|gg
|-message|bagarresinge forfeited.
|
|win|brphy
|j| AlbertX13
|l|☆brphy
|player|p2|
|j|☆brphy
|player|p2|brphy|psychicf|
