|j|‽cm3112
|j|☆Andrea Pirlo 2
|html|cm3112Andrea Pirlo 2    
|uhtml|bestof|Game 2 of a best-of-3
|t:|1782491997
|gametype|doubles
|player|p1|cm3112|170|1339
|player|p2|Andrea Pirlo 2|volkner|1443
|gen|9
|tier|[Gen 9 Champions] VGC 2026 Reg M-B (Bo3)
|rated|
|rule|Species Clause: Limit one of each Pokémon
|rule|Item Clause: Limit 1 of each item
|clearpoke
|poke|p1|Archaludon, L50, M|
|poke|p1|Sableye, L50, F|
|poke|p1|Basculegion-F, L50, F|
|poke|p1|Floette-Eternal, L50, F|
|poke|p1|Sinistcha, L50|
|poke|p1|Incineroar, L50, F|
|poke|p2|Swampert, L50, F|
|poke|p2|Pelipper, L50, F|
|poke|p2|Archaludon, L50, F|
|poke|p2|Sneasler, L50, M|
|poke|p2|Gholdengo, L50|
|poke|p2|Sableye, L50, M|
|teampreview|4
|showteam|p1|Archaludon||Leftovers|Stamina|FlashCannon,ElectroShot,DragonPulse,Protect|Modest||M|||50|]Sableye||RoseliBerry|Prankster|WillOWisp,LightScreen,RainDance,Quash|Impish||F|||50|]Basculegion-F||FocusSash|SwiftSwim|MuddyWater,IcyWind,ShadowBall,AquaJet|Modest||F|||50|]Floette-Eternal||Floettite|FlowerVeil|DazzlingGleam,DrainingKiss,CalmMind,Protect|Modest||F|||50|]Sinistcha||SitrusBerry|Hospitality|MatchaGotcha,TrickRoom,RagePowder,Protect|Calm|||||50|]Incineroar||ChopleBerry|Intimidate|FakeOut,PartingShot,FlareBlitz,CloseCombat|Adamant||F|||50|
|showteam|p2|Swampert||Swampertite|Torrent|HighHorsepower,WaveCrash,IcePunch,Protect|Adamant||F|||50|]Pelipper||LifeOrb|Drizzle|WeatherBall,Hurricane,Tailwind,Protect|Modest||F|||50|]Archaludon||Leftovers|Stamina|ElectroShot,DragonPulse,FlashCannon,Protect|Modest||F|||50|]Sneasler||FocusSash|Unburden|CloseCombat,DireClaw,FakeOut,Protect|Jolly||M|||50|]Gholdengo||MetalCoat|GoodasGold|MakeItRain,ShadowBall,NastyPlot,Protect|Timid|||||50|]Sableye||RoseliBerry|Prankster|Encore,WillOWisp,LightScreen,RainDance|Calm||M|||50|
|inactive|Battle timer is ON: inactive players will automatically lose when time's up. (requested by Andrea Pirlo 2)
|inactive|Andrea Pirlo 2 has 60 seconds left.
|
|t:|1782492044
|teamsize|p1|4
|teamsize|p2|4
|start
|switch|p1a: Sableye|Sableye, L50, F|100/100
|switch|p1b: Floette|Floette-Eternal, L50, F|100/100
|switch|p2a: Sableye|Sableye, L50, M|100/100
|switch|p2b: Archaludon|Archaludon, L50, F|100/100
|turn|1
|
|t:|1782492057
|switch|p2b: Gholdengo|Gholdengo, L50|100/100
|switch|p1a: Sinistcha|Sinistcha, L50|100/100
|detailschange|p1b: Floette|Floette-Mega, L50, F
|-mega|p1b: Floette|Floette|Floettite
|-ability|p1b: Floette|Fairy Aura
|move|p2a: Sableye|Light Screen|p2a: Sableye
|-sidestart|p2: Andrea Pirlo 2|move: Light Screen
|move|p1b: Floette|Calm Mind|p1b: Floette
|-boost|p1b: Floette|spa|1
|-boost|p1b: Floette|spd|1
|
|upkeep
|turn|2
|
|t:|1782492066
|move|p1a: Sinistcha|Rage Powder|p1a: Sinistcha
|-singleturn|p1a: Sinistcha|move: Rage Powder
|move|p2a: Sableye|Encore|p1a: Sinistcha
|-start|p1a: Sinistcha|Encore
|move|p2b: Gholdengo|Nasty Plot|p2b: Gholdengo
|-boost|p2b: Gholdengo|spa|2
|move|p1b: Floette|Dazzling Gleam|p2b: Gholdengo|[spread] p2a,p2b
|-supereffective|p2a: Sableye|1
|-enditem|p2a: Sableye|Roseli Berry|[eat]
|-enditem|p2a: Sableye|Roseli Berry|[weaken]
|-resisted|p2b: Gholdengo|1
|-damage|p2a: Sableye|45/100
|-damage|p2b: Gholdengo|72/100
|
|upkeep
|turn|3
|
|t:|1782492091
|move|p1a: Sinistcha|Rage Powder|p1a: Sinistcha
|-singleturn|p1a: Sinistcha|move: Rage Powder
|move|p2a: Sableye|Encore||[still]
|-fail|p2a: Sableye
|move|p2b: Gholdengo|Nasty Plot|p2b: Gholdengo
|-boost|p2b: Gholdengo|spa|2
|move|p1b: Floette|Dazzling Gleam|p2a: Sableye|[spread] p2a,p2b
|-supereffective|p2a: Sableye|1
|-resisted|p2b: Gholdengo|1
|-damage|p2a: Sableye|0 fnt
|-damage|p2b: Gholdengo|45/100
|faint|p2a: Sableye
|
|upkeep
|
|t:|1782492100
|switch|p2a: Swampert|Swampert, L50, F|100/100
|turn|4
|
|t:|1782492117
|switch|p1a: Sableye|Sableye, L50, F|100/100
|detailschange|p2a: Swampert|Swampert-Mega, L50, F
|-mega|p2a: Swampert|Swampert|Swampertite
|move|p1b: Floette|Protect|p1b: Floette
|-singleturn|p1b: Floette|Protect
|move|p2b: Gholdengo|Nasty Plot|p2b: Gholdengo
|-boost|p2b: Gholdengo|spa|2
|move|p2a: Swampert|Ice Punch|p1a: Sableye
|-damage|p1a: Sableye|63/100
|
|upkeep
|turn|5
|
|t:|1782492129
|move|p2a: Swampert|Protect|p2a: Swampert
|-singleturn|p2a: Swampert|Protect
|move|p1a: Sableye|Will-O-Wisp|p2a: Swampert
|-activate|p2a: Swampert|move: Protect
|move|p2b: Gholdengo|Make It Rain|p1b: Floette|[spread] p1a,p1b
|-supereffective|p1b: Floette|1
|-damage|p1a: Sableye|0 fnt
|-damage|p1b: Floette|0 fnt
|-unboost|p2b: Gholdengo|spa|2
|faint|p1a: Sableye
|faint|p1b: Floette
|
|-sideend|p2: Andrea Pirlo 2|move: Light Screen
|upkeep
|-message|cm3112 forfeited.
|
|win|Andrea Pirlo 2
|raw|cm3112's rating: 1339 → 1325(-14 for losing)
|raw|Andrea Pirlo 2's rating: 1443 → 1457(+14 for winning)
