|j|☆P!nkbearz07
|j|☆Sedrav
|html|P!nkbearz07Sedrav    
|uhtml|bestof|Game 1 of a best-of-3
|t:|1756949843
|gametype|doubles
|player|p1|P!nkbearz07|marlon|1116
|player|p2|Sedrav|265|1179
|gen|9
|tier|[Gen 9] VGC 2025 Reg H (Bo3)
|rated|
|rule|Species Clause: Limit one of each Pokémon
|rule|Item Clause: Limit 1 of each item
|clearpoke
|poke|p1|Hydreigon, L50, M|
|poke|p1|Empoleon, L50, M|
|poke|p1|Clefable, L50, M|
|poke|p1|Annihilape, L50, F|
|poke|p1|Tyranitar, L50, F|
|poke|p1|Rillaboom, L50, M|
|poke|p2|Garchomp, L50, M|
|poke|p2|Talonflame, L50, M|
|poke|p2|Gholdengo, L50|
|poke|p2|Tyranitar, L50, F|
|poke|p2|Amoonguss, L50, M|
|poke|p2|Milotic, L50, M|
|teampreview|4
|showteam|p1|Hydreigon||ChoiceSpecs|Levitate|TeraBlast,Snarl,DarkPulse,DracoMeteor|||M|||50|,,,,,Poison]Empoleon||Leftovers|Competitive|WaterPledge,FlashCannon,IceBeam,Protect|||M|||50|,,,,,Bug]Clefable||CovertCloak|Unaware|Moonblast,IcyWind,FollowMe,Protect|||M|||50|,,,,,Poison]Annihilape||ChoiceScarf|Defiant|RageFist,CloseCombat,FinalGambit,Coaching|||F|||50|,,,,,Grass]Tyranitar||AssaultVest|SandStream|RockSlide,KnockOff,TeraBlast,LowKick|||F|||50|,,,,,Flying]Rillaboom||MiracleSeed|GrassySurge|FakeOut,DrumBeating,GrassPledge,Protect|||M|||50|,,,,,Fire
|showteam|p2|Garchomp||LifeOrb|RoughSkin|DragonClaw,StompingTantrum,Earthquake,Protect|||M|||50|,,,,,Fairy]Talonflame||CovertCloak|GaleWings|BraveBird,Tailwind,WillOWisp,Taunt|||M|||50|,,,,,Grass]Gholdengo||MetalCoat|GoodasGold|MakeItRain,ShadowBall,NastyPlot,Protect||||||50|,,,,,Flying]Tyranitar||AssaultVest|SandStream|RockSlide,KnockOff,LowKick,TeraBlast|||F|||50|,,,,,Flying]Amoonguss||SitrusBerry|Regenerator|Spore,RagePowder,PollenPuff,Protect|||M|||50|,,,,,Water]Milotic||SafetyGoggles|Competitive|Scald,IcyWind,Haze,Protect|||M|||50|,,,,,Dragon
|inactive|Battle timer is ON: inactive players will automatically lose when time's up. (requested by P!nkbearz07)
|inactive|P!nkbearz07 has 60 seconds left.
|inactive|Sedrav has 60 seconds left.
|
|t:|1756949878
|teamsize|p1|4
|teamsize|p2|4
|start
|switch|p1a: DK|Annihilape, L50, F|100/100
|switch|p1b: Rillaboom|Rillaboom, L50, M|100/100
|switch|p2a: Talonflame|Talonflame, L50, M|100/100
|switch|p2b: Gholdengo|Gholdengo, L50|100/100
|-fieldstart|move: Grassy Terrain|[from] ability: Grassy Surge|[of] p1b: Rillaboom
|turn|1
|inactive|P!nkbearz07 has 30 seconds left.
|inactive|P!nkbearz07 has 20 seconds left.
|inactive|P!nkbearz07 has 15 seconds left.
|
|t:|1756949920
|switch|p1a: Atlantis|Empoleon, L50, M, shiny|100/100
|-terastallize|p1b: Rillaboom|Fire
|move|p2a: Talonflame|Tailwind|p2a: Talonflame
|-sidestart|p2: Sedrav|move: Tailwind
|move|p2b: Gholdengo|Nasty Plot|p2b: Gholdengo
|-boost|p2b: Gholdengo|spa|2
|move|p1b: Rillaboom|Drum Beating|p2b: Gholdengo
|-resisted|p2b: Gholdengo
|-damage|p2b: Gholdengo|65/100
|-unboost|p2b: Gholdengo|spe|1
|
|-heal|p2b: Gholdengo|71/100|[from] Grassy Terrain
|upkeep
|turn|2
|inactive|Sedrav has 30 seconds left.
|inactive|Sedrav has 20 seconds left.
|inactive|Sedrav has 15 seconds left.
|inactive|Sedrav has 10 seconds left.
|
|t:|1756949965
|move|p2a: Talonflame|Brave Bird|p1b: Rillaboom
|-damage|p1b: Rillaboom|60/100
|-damage|p2a: Talonflame|83/100|[from] Recoil
|move|p2b: Gholdengo|Make It Rain|p1a: Atlantis|[spread] p1a,p1b
|-resisted|p1a: Atlantis
|-resisted|p1b: Rillaboom
|-damage|p1a: Atlantis|80/100
|-damage|p1b: Rillaboom|0 fnt
|-unboost|p2b: Gholdengo|spa|1
|faint|p1b: Rillaboom
|move|p1a: Atlantis|Water Pledge|p2a: Talonflame
|-supereffective|p2a: Talonflame
|-damage|p2a: Talonflame|0 fnt
|faint|p2a: Talonflame
|
|-heal|p2b: Gholdengo|77/100|[from] Grassy Terrain
|-heal|p1a: Atlantis|86/100|[from] Grassy Terrain
|-heal|p1a: Atlantis|93/100|[from] item: Leftovers
|upkeep
|inactive|Sedrav has 30 seconds left.
|inactive|Sedrav has 20 seconds left.
|
|t:|1756950001
|switch|p2a: Milotic|Milotic, L50, M|100/100
|switch|p1b: Yama no Orichi|Hydreigon, L50, M|100/100
|turn|3
|inactive|Sedrav has 30 seconds left.
|inactive|Sedrav has 20 seconds left.
|
|t:|1756950039
|move|p2a: Milotic|Icy Wind|p1b: Yama no Orichi|[spread] p1a,p1b
|-resisted|p1a: Atlantis
|-supereffective|p1b: Yama no Orichi
|-damage|p1a: Atlantis|91/100
|-damage|p1b: Yama no Orichi|74/100
|-unboost|p1a: Atlantis|spe|1
|-ability|p1a: Atlantis|Competitive|boost
|-boost|p1a: Atlantis|spa|2
|-unboost|p1b: Yama no Orichi|spe|1
|move|p2b: Gholdengo|Make It Rain|p1b: Yama no Orichi|[spread] p1a,p1b
|-resisted|p1a: Atlantis
|-damage|p1a: Atlantis|75/100
|-damage|p1b: Yama no Orichi|0 fnt
|-unboost|p2b: Gholdengo|spa|1
|faint|p1b: Yama no Orichi
|move|p1a: Atlantis|Flash Cannon|p2a: Milotic
|-resisted|p2a: Milotic
|-damage|p2a: Milotic|79/100
|
|-heal|p2a: Milotic|85/100|[from] Grassy Terrain
|-heal|p2b: Gholdengo|83/100|[from] Grassy Terrain
|-heal|p1a: Atlantis|81/100|[from] Grassy Terrain
|-heal|p1a: Atlantis|87/100|[from] item: Leftovers
|upkeep
|
|t:|1756950053
|switch|p1b: DK|Annihilape, L50, F|100/100
|turn|4
|
|t:|1756950071
|move|p1b: DK|Close Combat|p2a: Milotic
|-crit|p2a: Milotic
|-damage|p2a: Milotic|21/100
|-unboost|p1b: DK|def|1
|-unboost|p1b: DK|spd|1
|move|p2a: Milotic|Haze|p2a: Milotic
|-clearallboost
|move|p2b: Gholdengo|Shadow Ball|p1b: DK
|-supereffective|p1b: DK
|-damage|p1b: DK|22/100
|move|p1a: Atlantis|Water Pledge|p2b: Gholdengo
|-damage|p2b: Gholdengo|49/100
|
|-heal|p2b: Gholdengo|55/100|[from] Grassy Terrain
|-heal|p1b: DK|28/100|[from] Grassy Terrain
|-heal|p2a: Milotic|27/100|[from] Grassy Terrain
|-heal|p1a: Atlantis|94/100|[from] Grassy Terrain
|-heal|p1a: Atlantis|99/100|[from] item: Leftovers
|-sideend|p2: Sedrav|move: Tailwind
|upkeep
|turn|5
|inactive|Sedrav has 30 seconds left.
|
|t:|1756950101
|move|p2a: Milotic|Protect|p2a: Milotic
|-singleturn|p2a: Milotic|Protect
|move|p1b: DK|Close Combat|p2a: Milotic
|-activate|p2a: Milotic|move: Protect
|move|p2b: Gholdengo|Shadow Ball|p1b: DK
|-supereffective|p1b: DK
|-damage|p1b: DK|0 fnt
|faint|p1b: DK
|move|p1a: Atlantis|Water Pledge|p2b: Gholdengo
|-damage|p2b: Gholdengo|24/100
|
|-heal|p2b: Gholdengo|30/100|[from] Grassy Terrain
|-heal|p2a: Milotic|33/100|[from] Grassy Terrain
|-heal|p1a: Atlantis|100/100|[from] Grassy Terrain
|-fieldend|move: Grassy Terrain
|upkeep
|turn|6
|-message|P!nkbearz07 forfeited.
|
|win|Sedrav
