|j|☆kronblake
|j|☆saboyita
|html|kronblakesaboyita    
|uhtml|bestof|Game 2 of a best-of-3
|t:|1756497812
|gametype|doubles
|player|p1|kronblake|265|1133
|player|p2|saboyita|grimsley|1041
|gen|9
|tier|[Gen 9] VGC 2025 Reg H (Bo3)
|rated|
|rule|Species Clause: Limit one of each Pokémon
|rule|Item Clause: Limit 1 of each item
|clearpoke
|poke|p1|Arcanine-Hisui, L50, F|
|poke|p1|Whimsicott, L50, F|
|poke|p1|Sneasler, L50, M|
|poke|p1|Indeedee, L50, M|
|poke|p1|Ursaluna-Bloodmoon, L50, M|
|poke|p1|Amoonguss, L50, F|
|poke|p2|Amoonguss, L50, M|
|poke|p2|Hydreigon, L50, M|
|poke|p2|Whimsicott, L50, F|
|poke|p2|Maushold-Four, L50|
|poke|p2|Annihilape, L50, M|
|poke|p2|Ursaluna-Bloodmoon, L50, M|
|teampreview|4
|showteam|p1|Arcanine-Hisui||ChoiceBand|Intimidate|RockSlide,FlareBlitz,CloseCombat,ExtremeSpeed|||F|||50|,,,,,Grass]Whimsicott||CovertCloak|Prankster|Tailwind,SunnyDay,Encore,Moonblast|||F|||50|,,,,,Water]Sneasler||PsychicSeed|Unburden|Protect,CloseCombat,DireClaw,ThroatChop|||M|||50|,,,,,Dark]Indeedee||FocusSash|PsychicSurge|ExpandingForce,Imprison,TrickRoom,TeraBlast|||M|||50|,,,,,Fighting]Ursaluna-Bloodmoon||LifeOrb|MindsEye|Protect,HyperVoice,EarthPower,BloodMoon|||M|||50|,,,,,Normal]Amoonguss||RockyHelmet|Regenerator|RagePowder,Spore,Protect,ClearSmog|||F|||50|,,,,,Fairy
|showteam|p2|Amoonguss||MentalHerb|Regenerator|ClearSmog,Spore,RagePowder,Protect|||M|||50|,,,,,Water]Hydreigon||ChoiceSpecs|Levitate|Snarl,HeatWave,DarkPulse,DracoMeteor|||M|||50|,,,,,Ghost]Whimsicott||CovertCloak|Prankster|BeatUp,Encore,HelpingHand,Tailwind|||F|||50|,,,,,Dark]Maushold-Four||WideLens|Technician|PopulationBomb,Taunt,FollowMe,Protect||||||50|,,,,,Ghost]Annihilape||Leftovers|Defiant|RageFist,CloseCombat,FinalGambit,Protect|||M|||50|,,,,,Fire]Ursaluna-Bloodmoon||LifeOrb|MindsEye|HyperVoice,EarthPower,BloodMoon,Protect|||M|||50|,,,,,Water
|inactive|Battle timer is ON: inactive players will automatically lose when time's up. (requested by saboyita)
|j| mirokartlivehc
|inactive|kronblake has 60 seconds left.
|
|t:|1756497845
|teamsize|p1|4
|teamsize|p2|4
|start
|switch|p1a: Sneasler|Sneasler, L50, M|100/100
|switch|p1b: Indeedee|Indeedee, L50, M|100/100
|switch|p2a: Whimsicott|Whimsicott, L50, F|100/100
|switch|p2b: Maushold|Maushold-Four, L50|100/100
|-fieldstart|move: Psychic Terrain|[from] ability: Psychic Surge|[of] p1b: Indeedee
|-enditem|p1a: Sneasler|Psychic Seed
|-boost|p1a: Sneasler|spd|1|[from] item: Psychic Seed
|turn|1
|inactive|saboyita has 30 seconds left.
|
|t:|1756497871
|switch|p1b: Amoonguss|Amoonguss, L50, F|100/100
|-terastallize|p2b: Maushold|Ghost
|move|p2a: Whimsicott|Tailwind|p2a: Whimsicott
|-sidestart|p2: saboyita|move: Tailwind
|move|p1a: Sneasler|Dire Claw|p2a: Whimsicott
|-supereffective|p2a: Whimsicott
|-damage|p2a: Whimsicott|0 fnt
|faint|p2a: Whimsicott
|move|p2b: Maushold|Population Bomb|p1b: Amoonguss
|-damage|p1b: Amoonguss|92/100
|-damage|p2b: Maushold|84/100|[from] item: Rocky Helmet|[of] p1b: Amoonguss
|-damage|p1b: Amoonguss|82/100
|-damage|p2b: Maushold|67/100|[from] item: Rocky Helmet|[of] p1b: Amoonguss
|-damage|p1b: Amoonguss|72/100
|-damage|p2b: Maushold|50/100|[from] item: Rocky Helmet|[of] p1b: Amoonguss
|-damage|p1b: Amoonguss|64/100
|-damage|p2b: Maushold|34/100|[from] item: Rocky Helmet|[of] p1b: Amoonguss
|-damage|p1b: Amoonguss|54/100
|-damage|p2b: Maushold|17/100|[from] item: Rocky Helmet|[of] p1b: Amoonguss
|-damage|p1b: Amoonguss|45/100
|-damage|p2b: Maushold|0 fnt|[from] item: Rocky Helmet|[of] p1b: Amoonguss
|faint|p2b: Maushold
|-hitcount|p1b: Amoonguss|6
|
|upkeep
|
|t:|1756497885
|switch|p2a: Hydreigon|Hydreigon, L50, M|100/100
|switch|p2b: Annihilape|Annihilape, L50, M|100/100
|turn|2
|inactive|kronblake has 30 seconds left.
|
|t:|1756497912
|move|p1b: Amoonguss|Rage Powder|p1b: Amoonguss
|-singleturn|p1b: Amoonguss|move: Rage Powder
|move|p1a: Sneasler|Dire Claw|p2a: Hydreigon
|-damage|p2a: Hydreigon|52/100
|move|p2a: Hydreigon|Snarl|p1b: Amoonguss|[spread] p1a,p1b
|-resisted|p1a: Sneasler
|-damage|p1a: Sneasler|86/100
|-damage|p1b: Amoonguss|14/100
|-unboost|p1a: Sneasler|spa|1
|-unboost|p1b: Amoonguss|spa|1
|move|p2b: Annihilape|Rage Fist|p1b: Amoonguss
|-damage|p1b: Amoonguss|0 fnt
|-damage|p2b: Annihilape|84/100|[from] item: Rocky Helmet|[of] p1b: Amoonguss
|faint|p1b: Amoonguss
|
|-heal|p2b: Annihilape|90/100|[from] item: Leftovers
|upkeep
|
|t:|1756497922
|switch|p1b: Indeedee|Indeedee, L50, M|100/100
|turn|3
|
|t:|1756497936
|-terastallize|p1b: Indeedee|Fighting
|move|p1a: Sneasler|Dire Claw|p2b: Annihilape
|-resisted|p2b: Annihilape
|-damage|p2b: Annihilape|69/100
|-status|p2b: Annihilape|slp
|move|p2a: Hydreigon|Snarl|p1b: Indeedee|[spread] p1a,p1b
|-resisted|p1a: Sneasler
|-resisted|p1b: Indeedee
|-crit|p1b: Indeedee
|-damage|p1a: Sneasler|70/100
|-damage|p1b: Indeedee|62/100
|-unboost|p1a: Sneasler|spa|1
|-unboost|p1b: Indeedee|spa|1
|cant|p2b: Annihilape|slp
|move|p1b: Indeedee|Trick Room|p1b: Indeedee
|-fieldstart|move: Trick Room|[of] p1b: Indeedee
|
|-heal|p2b: Annihilape|75/100 slp|[from] item: Leftovers
|upkeep
|turn|4
|inactive|kronblake has 30 seconds left.
|
|t:|1756497965
|-curestatus|p2b: Annihilape|slp|[msg]
|move|p2b: Annihilape|Rage Fist|p1a: Sneasler
|-damage|p1a: Sneasler|0 fnt
|faint|p1a: Sneasler
|move|p2a: Hydreigon|Snarl|p1b: Indeedee
|-resisted|p1b: Indeedee
|-damage|p1b: Indeedee|30/100
|-unboost|p1b: Indeedee|spa|1
|move|p1b: Indeedee|Trick Room|p1b: Indeedee
|-fieldend|move: Trick Room
|
|-heal|p2b: Annihilape|82/100|[from] item: Leftovers
|-sideend|p2: saboyita|move: Tailwind
|upkeep
|
|t:|1756497969
|switch|p1a: Ursaluna|Ursaluna-Bloodmoon, L50, M|100/100
|turn|5
|inactive|saboyita has 30 seconds left.
|
|t:|1756497995
|move|p1b: Indeedee|Tera Blast|p2a: Hydreigon|[anim] Tera Blast Fighting
|-supereffective|p2a: Hydreigon
|-damage|p2a: Hydreigon|12/100
|move|p2a: Hydreigon|Snarl|p1a: Ursaluna|[spread] p1a,p1b
|-resisted|p1b: Indeedee
|-damage|p1a: Ursaluna|59/100
|-damage|p1b: Indeedee|8/100
|-unboost|p1a: Ursaluna|spa|1
|-unboost|p1b: Indeedee|spa|1
|move|p2b: Annihilape|Close Combat|p1a: Ursaluna
|-supereffective|p1a: Ursaluna
|-damage|p1a: Ursaluna|0 fnt
|-unboost|p2b: Annihilape|def|1
|-unboost|p2b: Annihilape|spd|1
|faint|p1a: Ursaluna
|
|-heal|p2b: Annihilape|88/100|[from] item: Leftovers
|-fieldend|move: Psychic Terrain
|upkeep
|turn|6
|c|☆kronblake|that missclick in tr was xd
|
|t:|1756498014
|move|p1b: Indeedee|Expanding Force|p2b: Annihilape
|-supereffective|p2b: Annihilape
|-damage|p2b: Annihilape|42/100
|move|p2a: Hydreigon|Snarl|p1b: Indeedee
|-resisted|p1b: Indeedee
|-damage|p1b: Indeedee|0 fnt
|faint|p1b: Indeedee
|
|win|saboyita
|raw|kronblake's rating: 1133 → 1102(-31 for losing)
|raw|saboyita's rating: 1041 → 1084(+43 for winning)
|l|☆kronblake
|player|p1|
