|j|☆jsajsajs
|j|☆Pickle315
|html|jsajsajsPickle315    
|uhtml|bestof|Game 1 of a best-of-3
|t:|1757720752
|gametype|doubles
|player|p1|jsajsajs|blue|1000
|player|p2|Pickle315|hilbert|1052
|gen|9
|tier|[Gen 9] VGC 2025 Reg H (Bo3)
|rated|
|rule|Species Clause: Limit one of each Pokémon
|rule|Item Clause: Limit 1 of each item
|clearpoke
|poke|p1|Dragonite, L50, M|
|poke|p1|Amoonguss, L50, F|
|poke|p1|Ursaluna, L50, M|
|poke|p1|Smeargle, L50, M|
|poke|p1|Gholdengo, L50|
|poke|p1|Incineroar, L50, M|
|poke|p2|Torkoal, L50, F|
|poke|p2|Amoonguss, L50, F|
|poke|p2|Charizard, L50, M|
|poke|p2|Kingambit, L50, F|
|poke|p2|Rillaboom, L50, F|
|poke|p2|Dragapult, L50, M|
|teampreview|4
|showteam|p1|Dragonite||LoadedDice|Multiscale|ScaleShot,ExtremeSpeed,Haze,Protect|||M|||50|,,,,,Fairy]Amoonguss||RockyHelmet|Regenerator|PollenPuff,Spore,RagePowder,Protect|||F|||50|,,,,,Water]Ursaluna||FlameOrb|Guts|HeadlongRush,Facade,Earthquake,Protect|||M|||50|,,,,,Ghost]Smeargle||FocusSash|Moody|Endeavor,Spore,FollowMe,SpikyShield|||M|||50|,,,,,Ghost]Gholdengo||Leftovers|GoodasGold|MakeItRain,ShadowBall,NastyPlot,Protect||||||50|,,,,,Fairy]Incineroar||SafetyGoggles|Intimidate|FlareBlitz,KnockOff,FakeOut,PartingShot|||M|||50|,,,,,Ghost
|showteam|p2|Torkoal||CovertCloak|Drought|BodyPress,ClearSmog,HelpingHand,WillOWisp|||F|||50|,,,,,Fighting]Amoonguss||RockyHelmet|Regenerator|PollenPuff,RagePowder,Spore,Synthesis|||F|||50|,,,,,Water]Charizard||LifeOrb|SolarPower|TeraBlast,HeatWave,Protect,SolarBeam|||M|||50|,,,,,Flying]Kingambit||AssaultVest|Defiant|KowtowCleave,IronHead,SuckerPunch,BrickBreak|||F|||50|,,,,,Ghost]Rillaboom||SitrusBerry|GrassySurge|HighHorsepower,GrassyGlide,SolarBlade,FakeOut|||F|||50|,,,,,Electric]Dragapult||ColburBerry|ClearBody|SunnyDay,Protect,DracoMeteor,Thunderbolt|||M|||50|,,,,,Steel
|inactive|Battle timer is ON: inactive players will automatically lose when time's up. (requested by jsajsajs)
|inactiveoff|Battle timer is now OFF.
|inactive|Battle timer is ON: inactive players will automatically lose when time's up. (requested by jsajsajs)
|
|t:|1757720814
|teamsize|p1|4
|teamsize|p2|4
|start
|switch|p1a: Smeargle|Smeargle, L50, M, shiny|100/100
|switch|p1b: Gholdengo|Gholdengo, L50|100/100
|switch|p2a: Charizard|Charizard, L50, M|100/100
|switch|p2b: Torkoal|Torkoal, L50, F|100/100
|-weather|SunnyDay|[from] ability: Drought|[of] p2b: Torkoal
|turn|1
|
|t:|1757720837
|move|p1b: Gholdengo|Protect|p1b: Gholdengo
|-singleturn|p1b: Gholdengo|Protect
|move|p2a: Charizard|Heat Wave|p1a: Smeargle|[spread] p1a
|-activate|p1b: Gholdengo|move: Protect
|-enditem|p1a: Smeargle|Focus Sash
|-damage|p1a: Smeargle|1/100
|-damage|p2a: Charizard|91/100|[from] item: Life Orb
|move|p1a: Smeargle|Spore|p2a: Charizard
|-status|p2a: Charizard|slp|[from] move: Spore
|move|p2b: Torkoal|Clear Smog|p1a: Smeargle
|-damage|p1a: Smeargle|0 fnt
|-clearboost|p1a: Smeargle
|faint|p1a: Smeargle
|
|-weather|SunnyDay|[upkeep]
|-damage|p2a: Charizard|78/100 slp|[from] ability: Solar Power|[of] p2a: Charizard
|upkeep
|
|t:|1757720854
|switch|p1a: Dragonite|Dragonite, L50, M|100/100
|turn|2
|
|t:|1757720870
|switch|p2a: Amoonguss|Amoonguss, L50, F|100/100
|move|p1b: Gholdengo|Shadow Ball|p2b: Torkoal
|-damage|p2b: Torkoal|41/100
|move|p1a: Dragonite|Scale Shot|p2b: Torkoal
|-damage|p2b: Torkoal|34/100
|-damage|p2b: Torkoal|27/100
|-damage|p2b: Torkoal|20/100
|-damage|p2b: Torkoal|13/100
|-damage|p2b: Torkoal|6/100
|-hitcount|p2b: Torkoal|5
|-unboost|p1a: Dragonite|def|1
|-boost|p1a: Dragonite|spe|1
|move|p2b: Torkoal|Will-O-Wisp|p1a: Dragonite
|-status|p1a: Dragonite|brn
|
|-weather|SunnyDay|[upkeep]
|-damage|p1a: Dragonite|94/100 brn|[from] brn
|upkeep
|turn|3
|inactive|Pickle315 has 30 seconds left.
|
|t:|1757720900
|switch|p2b: Charizard|Charizard, L50, M|78/100 slp
|move|p1a: Dragonite|Scale Shot|p2b: Charizard
|-damage|p2b: Charizard|69/100 slp
|-damage|p2b: Charizard|61/100 slp
|-damage|p2b: Charizard|52/100 slp
|-damage|p2b: Charizard|43/100 slp
|-damage|p2b: Charizard|36/100 slp
|-hitcount|p2b: Charizard|5
|-unboost|p1a: Dragonite|def|1
|-boost|p1a: Dragonite|spe|1
|move|p1b: Gholdengo|Nasty Plot|p1b: Gholdengo
|-boost|p1b: Gholdengo|spa|2
|move|p2a: Amoonguss|Pollen Puff|p2b: Charizard
|-heal|p2b: Charizard|86/100 slp
|
|-weather|SunnyDay|[upkeep]
|-damage|p2b: Charizard|73/100 slp|[from] ability: Solar Power|[of] p2b: Charizard
|-damage|p1a: Dragonite|88/100 brn|[from] brn
|upkeep
|turn|4
|inactive|jsajsajs has 30 seconds left.
|inactive|Pickle315 has 30 seconds left.
|
|t:|1757720927
|move|p2a: Amoonguss|Rage Powder|p2a: Amoonguss
|-singleturn|p2a: Amoonguss|move: Rage Powder
|move|p1a: Dragonite|Scale Shot|p2a: Amoonguss
|-damage|p2a: Amoonguss|94/100
|-damage|p2a: Amoonguss|87/100
|-damage|p2a: Amoonguss|81/100
|-damage|p2a: Amoonguss|74/100
|-damage|p2a: Amoonguss|67/100
|-hitcount|p2a: Amoonguss|5
|-unboost|p1a: Dragonite|def|1
|-boost|p1a: Dragonite|spe|1
|cant|p2b: Charizard|slp
|move|p1b: Gholdengo|Shadow Ball|p2a: Amoonguss
|-damage|p2a: Amoonguss|6/100
|
|-weather|SunnyDay|[upkeep]
|-damage|p2b: Charizard|61/100 slp|[from] ability: Solar Power|[of] p2b: Charizard
|-damage|p1a: Dragonite|82/100 brn|[from] brn
|upkeep
|turn|5
|inactive|jsajsajs has 30 seconds left.
|inactive|Pickle315 has 30 seconds left.
|
|t:|1757720957
|switch|p2a: Kingambit|Kingambit, L50, F|100/100
|-terastallize|p1b: Gholdengo|Fairy
|cant|p2b: Charizard|slp
|move|p1a: Dragonite|Extreme Speed|p2a: Kingambit
|-resisted|p2a: Kingambit
|-damage|p2a: Kingambit|96/100
|move|p1b: Gholdengo|Shadow Ball|p2b: Charizard
|-damage|p2b: Charizard|0 fnt
|faint|p2b: Charizard
|
|-weather|none
|-damage|p1a: Dragonite|76/100 brn|[from] brn
|upkeep
|
|t:|1757720973
|switch|p2b: Torkoal|Torkoal, L50, F|6/100
|-weather|SunnyDay|[from] ability: Drought|[of] p2b: Torkoal
|turn|6
|
|t:|1757720993
|move|p1a: Dragonite|Extreme Speed|p2b: Torkoal
|-damage|p2b: Torkoal|0 fnt
|faint|p2b: Torkoal
|move|p1b: Gholdengo|Make It Rain|p2a: Kingambit
|-resisted|p2a: Kingambit
|-damage|p2a: Kingambit|49/100
|-unboost|p1b: Gholdengo|spa|1
|move|p2a: Kingambit|Iron Head|p1b: Gholdengo
|-supereffective|p1b: Gholdengo
|-damage|p1b: Gholdengo|0 fnt
|faint|p1b: Gholdengo
|
|-weather|SunnyDay|[upkeep]
|-damage|p1a: Dragonite|70/100 brn|[from] brn
|upkeep
|
|t:|1757721006
|switch|p1b: Incineroar|Incineroar, L50, M|100/100
|switch|p2b: Amoonguss|Amoonguss, L50, F|39/100
|-ability|p1b: Incineroar|Intimidate|boost
|-unboost|p2a: Kingambit|atk|1
|-ability|p2a: Kingambit|Defiant|boost
|-boost|p2a: Kingambit|atk|2
|-unboost|p2b: Amoonguss|atk|1
|turn|7
|
|t:|1757721027
|-terastallize|p2a: Kingambit|Ghost
|move|p1b: Incineroar|Fake Out|p2a: Kingambit
|-immune|p2a: Kingambit
|move|p1a: Dragonite|Haze|p1a: Dragonite
|-clearallboost
|move|p2a: Kingambit|Brick Break|p1b: Incineroar
|-supereffective|p1b: Incineroar
|-damage|p1b: Incineroar|48/100
|move|p2b: Amoonguss|Pollen Puff|p2a: Kingambit
|-heal|p2a: Kingambit|99/100
|
|-weather|SunnyDay|[upkeep]
|-damage|p1a: Dragonite|64/100 brn|[from] brn
|upkeep
|turn|8
|
|t:|1757721047
|move|p1a: Dragonite|Scale Shot|p2b: Amoonguss
|-damage|p2b: Amoonguss|33/100
|-damage|p2b: Amoonguss|26/100
|-damage|p2b: Amoonguss|20/100
|-damage|p2b: Amoonguss|13/100
|-damage|p2b: Amoonguss|7/100
|-hitcount|p2b: Amoonguss|5
|-unboost|p1a: Dragonite|def|1
|-boost|p1a: Dragonite|spe|1
|move|p1b: Incineroar|Knock Off|p2a: Kingambit
|-supereffective|p2a: Kingambit
|-damage|p2a: Kingambit|38/100
|-enditem|p2a: Kingambit|Assault Vest|[from] move: Knock Off|[of] p1b: Incineroar
|move|p2a: Kingambit|Brick Break|p1b: Incineroar
|-supereffective|p1b: Incineroar
|-damage|p1b: Incineroar|0 fnt
|faint|p1b: Incineroar
|move|p2b: Amoonguss|Synthesis|p2b: Amoonguss
|-heal|p2b: Amoonguss|74/100
|
|-weather|SunnyDay|[upkeep]
|-damage|p1a: Dragonite|58/100 brn|[from] brn
|upkeep
|turn|9
|
|t:|1757721068
|move|p2b: Amoonguss|Rage Powder|p2b: Amoonguss
|-singleturn|p2b: Amoonguss|move: Rage Powder
|move|p1a: Dragonite|Scale Shot|p2b: Amoonguss
|-damage|p2b: Amoonguss|67/100
|-damage|p2b: Amoonguss|60/100
|-damage|p2b: Amoonguss|53/100
|-damage|p2b: Amoonguss|46/100
|-hitcount|p2b: Amoonguss|4
|-unboost|p1a: Dragonite|def|1
|-boost|p1a: Dragonite|spe|1
|move|p2a: Kingambit|Kowtow Cleave|p1a: Dragonite
|-damage|p1a: Dragonite|0 fnt
|faint|p1a: Dragonite
|
|win|Pickle315
||Pickle315 is ready for game 2.
|l|☆jsajsajs
|player|p1|
||jsajsajs is ready for game 2.
|uhtml|next|Next: Game 2 of 3
