|j|☆Escanor-CS
|j|☆Its Sushiii
|html|Escanor-CSIts Sushiii    
|uhtml|bestof|Game 1 of a best-of-3
|t:|1784238503
|gametype|doubles
|player|p1|Escanor-CS|sailor|1243
|player|p2|Its Sushiii|265|1408
|gen|9
|tier|[Gen 9 Champions] VGC 2026 Reg M-B (Bo3)
|rated|
|rule|Species Clause: Limit one of each Pokémon
|rule|Item Clause: Limit 1 of each item
|clearpoke
|poke|p1|Grimmsnarl, L50, M|
|poke|p1|Staraptor, L50, M|
|poke|p1|Torkoal, L50, F|
|poke|p1|Venusaur, L50, M|
|poke|p1|Ceruledge, L50, F|
|poke|p1|Farigiraf, L50, F|
|poke|p2|Excadrill, L50, M, shiny|
|poke|p2|Tyranitar, L50, M|
|poke|p2|Farigiraf, L50, M|
|poke|p2|Sylveon, L50, M|
|poke|p2|Charizard, L50, M|
|poke|p2|Incineroar, L50, M|
|teampreview|4
|showteam|p1|Grimmsnarl||LightClay|Prankster|SpiritBreak,PartingShot,Reflect,LightScreen|Impish||M|||50|]Staraptor||Staraptite|Intimidate|CloseCombat,BraveBird,Roost,Protect|Jolly||M|||50|]Torkoal||Charcoal|Drought|Eruption,HeatWave,EarthPower,Protect|Quiet||F|||50|]Venusaur||Venusaurite|Chlorophyll|SludgeBomb,GigaDrain,EarthPower,Protect|Modest||M|||50|]Ceruledge||ColburBerry|FlashFire|ShadowSneak,BulkUp,Protect,BitterBlade|Adamant||F|||50|]Farigiraf||SitrusBerry|ArmorTail|Thunderbolt,HelpingHand,TrickRoom,Psychic|Relaxed||F|||50|
|showteam|p2|Excadrill||FocusSash|SandRush|IronHead,HighHorsepower,RockSlide,Protect|Adamant||M|||50|]Tyranitar||Tyranitarite|SandStream|RockSlide,KnockOff,IcePunch,Protect|Adamant||M|||50|]Farigiraf||SitrusBerry|ArmorTail|Psychic,Thunderbolt,TrickRoom,Protect|Relaxed||M|||50|]Sylveon||LifeOrb|Pixilate|HyperVoice,HyperBeam,QuickAttack,Detect|Modest||M|||50|]Charizard||CharizarditeY|Blaze|HeatWave,SolarBeam,WeatherBall,Protect|Modest||M|||50|]Incineroar||ShucaBerry|Intimidate|PartingShot,DarkestLariat,FlareBlitz,FakeOut|Impish||M|||50|
|inactive|Battle timer is ON: inactive players will automatically lose when time's up. (requested by Its Sushiii)
|inactive|Escanor-CS has 60 seconds left.
|inactive|Escanor-CS has 30 seconds left.
|
|t:|1784238585
|teamsize|p1|4
|teamsize|p2|4
|start
|switch|p1a: Staraptor|Staraptor, L50, M|100/100
|switch|p1b: Grimmsnarl|Grimmsnarl, L50, M|100/100
|switch|p2a: Sylveon|Sylveon, L50, M|100/100
|switch|p2b: Farigiraf|Farigiraf, L50, M|100/100
|-ability|p1a: Staraptor|Intimidate|boost
|-unboost|p2a: Sylveon|atk|1
|-unboost|p2b: Farigiraf|atk|1
|turn|1
|inactive|Escanor-CS has 30 seconds left.
|
|t:|1784238616
|detailschange|p1a: Staraptor|Staraptor-Mega, L50, M
|-mega|p1a: Staraptor|Staraptor|Staraptite
|move|p1a: Staraptor|Close Combat|p2b: Farigiraf
|-damage|p2b: Farigiraf|57/100
|-boost|p1a: Staraptor|def|1
|-boost|p1a: Staraptor|spd|1
|move|p1b: Grimmsnarl|Spirit Break|p2a: Sylveon
|-crit|p2a: Sylveon
|-damage|p2a: Sylveon|53/100
|-unboost|p2a: Sylveon|spa|1
|move|p2a: Sylveon|Hyper Voice|p1b: Grimmsnarl|[spread] p1a,p1b
|-supereffective|p1a: Staraptor|1
|-supereffective|p1b: Grimmsnarl|1
|-damage|p1a: Staraptor|54/100
|-damage|p1b: Grimmsnarl|30/100
|-damage|p2a: Sylveon|43/100|[from] item: Life Orb
|move|p2b: Farigiraf|Trick Room|p2b: Farigiraf
|-fieldstart|move: Trick Room|[of] p2b: Farigiraf
|
|upkeep
|turn|2
|inactive|Escanor-CS has 30 seconds left.
|inactive|Its Sushiii has 30 seconds left.
|
|t:|1784238645
|move|p1a: Staraptor|Protect|p1a: Staraptor
|-singleturn|p1a: Staraptor|Protect
|move|p1b: Grimmsnarl|Light Screen|p1b: Grimmsnarl
|-sidestart|p1: Escanor-CS|move: Light Screen
|move|p2b: Farigiraf|Psychic|p1a: Staraptor
|-activate|p1a: Staraptor|move: Protect
|move|p2a: Sylveon|Hyper Voice|p1b: Grimmsnarl|[spread] p1b
|-activate|p1a: Staraptor|move: Protect
|-supereffective|p1b: Grimmsnarl|1
|-damage|p1b: Grimmsnarl|0 fnt
|faint|p1b: Grimmsnarl
|-damage|p2a: Sylveon|33/100|[from] item: Life Orb
|
|upkeep
|
|t:|1784238653
|switch|p1b: Torkoal|Torkoal, L50, F|100/100
|-weather|SunnyDay|[from] ability: Drought|[of] p1b: Torkoal
|turn|3
|
|t:|1784238677
|switch|p2a: Tyranitar|Tyranitar, L50, M|100/100
|-weather|Sandstorm|[from] ability: Sand Stream|[of] p2a: Tyranitar
|move|p1b: Torkoal|Eruption|p2b: Farigiraf|[spread] p2a,p2b
|-resisted|p2a: Tyranitar|1
|-damage|p2a: Tyranitar|83/100
|-damage|p2b: Farigiraf|6/100
|-enditem|p2b: Farigiraf|Sitrus Berry|[eat]
|-heal|p2b: Farigiraf|31/100|[from] item: Sitrus Berry
|move|p2b: Farigiraf|Psychic|p1a: Staraptor
|-supereffective|p1a: Staraptor|1
|-damage|p1a: Staraptor|22/100
|move|p1a: Staraptor|Close Combat|p2b: Farigiraf
|-damage|p2b: Farigiraf|0 fnt
|-boost|p1a: Staraptor|def|1
|-boost|p1a: Staraptor|spd|1
|faint|p2b: Farigiraf
|
|-weather|Sandstorm|[upkeep]
|-damage|p1b: Torkoal|93/100|[from] Sandstorm
|-damage|p1a: Staraptor|16/100|[from] Sandstorm
|upkeep
|
|t:|1784238701
|switch|p2b: Sylveon|Sylveon, L50, M|33/100
|turn|4
|
|t:|1784238726
|detailschange|p2a: Tyranitar|Tyranitar-Mega, L50, M
|-mega|p2a: Tyranitar|Tyranitar|Tyranitarite
|move|p2b: Sylveon|Detect|p2b: Sylveon
|-singleturn|p2b: Sylveon|Protect
|move|p1a: Staraptor|Protect|p1a: Staraptor
|-singleturn|p1a: Staraptor|Protect
|move|p1b: Torkoal|Eruption|p2b: Sylveon|[spread] p2a
|-activate|p2b: Sylveon|move: Protect
|-resisted|p2a: Tyranitar|1
|-damage|p2a: Tyranitar|71/100
|move|p2a: Tyranitar|Rock Slide|p1b: Torkoal|[spread] p1b
|-activate|p1a: Staraptor|move: Protect
|-supereffective|p1b: Torkoal|1
|-damage|p1b: Torkoal|41/100
|
|-weather|Sandstorm|[upkeep]
|-damage|p1b: Torkoal|35/100|[from] Sandstorm
|-damage|p2b: Sylveon|27/100|[from] Sandstorm
|-damage|p1a: Staraptor|9/100|[from] Sandstorm
|upkeep
|turn|5
|inactive|Its Sushiii has 30 seconds left.
|inactive|Its Sushiii has 20 seconds left.
|
|t:|1784238761
|switch|p1a: Venusaur|Venusaur, L50, M|100/100
|move|p1b: Torkoal|Protect|p1b: Torkoal
|-singleturn|p1b: Torkoal|Protect
|move|p2b: Sylveon|Hyper Voice|p1a: Venusaur|[spread] p1a
|-activate|p1b: Torkoal|move: Protect
|-resisted|p1a: Venusaur|1
|-damage|p1a: Venusaur|83/100
|-damage|p2b: Sylveon|17/100|[from] item: Life Orb
|move|p2a: Tyranitar|Rock Slide|p1b: Torkoal|[spread] p1a
|-activate|p1b: Torkoal|move: Protect
|-damage|p1a: Venusaur|40/100
|
|-weather|Sandstorm|[upkeep]
|-damage|p1b: Torkoal|29/100|[from] Sandstorm
|-damage|p2b: Sylveon|11/100|[from] Sandstorm
|-damage|p1a: Venusaur|34/100|[from] Sandstorm
|-fieldend|move: Trick Room
|upkeep
|turn|6
|inactive|Escanor-CS has 30 seconds left.
|inactive|Its Sushiii has 30 seconds left.
|inactive|Its Sushiii has 20 seconds left.
|inactive|Its Sushiii has 15 seconds left.
|inactive|Its Sushiii has 10 seconds left.
|inactive|Its Sushiii has 5 seconds left.
|
|t:|1784238813
|move|p1a: Venusaur|Giga Drain|p2a: Tyranitar
|-supereffective|p2a: Tyranitar|1
|-damage|p2a: Tyranitar|33/100
|-heal|p1a: Venusaur|55/100|[from] drain|[of] p2a: Tyranitar
|move|p2a: Tyranitar|Rock Slide|p1a: Venusaur|[spread] p1a,p1b
|-supereffective|p1b: Torkoal|1
|-damage|p1a: Venusaur|12/100
|-damage|p1b: Torkoal|0 fnt
|faint|p1b: Torkoal
|move|p2b: Sylveon|Hyper Voice|p1a: Venusaur
|-resisted|p1a: Venusaur|1
|-damage|p1a: Venusaur|0 fnt
|faint|p1a: Venusaur
|-damage|p2b: Sylveon|1/100|[from] item: Life Orb
|
|-weather|Sandstorm|[upkeep]
|-damage|p2b: Sylveon|0 fnt|[from] Sandstorm
|faint|p2b: Sylveon
|upkeep
|-message|Escanor-CS forfeited.
|
|win|Its Sushiii
||Escanor-CS is ready for game 2.
||Its Sushiii is ready for game 2.
|uhtml|next|Next: Game 2 of 3
|l|☆Escanor-CS
|player|p1|
