|j|☆Lab01JNEST
|j|☆Alecat
|html|Lab01JNESTAlecat    
|uhtml|bestof|Game 2 of a best-of-3
|t:|1757687940
|gametype|doubles
|player|p1|Lab01JNEST|266|1239
|player|p2|Alecat|scientistf|1237
|gen|9
|tier|[Gen 9] VGC 2025 Reg H (Bo3)
|rated|
|rule|Species Clause: Limit one of each Pokémon
|rule|Item Clause: Limit 1 of each item
|clearpoke
|poke|p1|Tyranitar, L50, F|
|poke|p1|Garchomp, L50, M|
|poke|p1|Sinistcha, L50|
|poke|p1|Dragonite, L50, F|
|poke|p1|Corviknight, L50, M|
|poke|p1|Volcarona, L50, M|
|poke|p2|Sneasler, L50, M|
|poke|p2|Magmar, L50, F|
|poke|p2|Rillaboom, L50, F|
|poke|p2|Espathra, L50, F|
|poke|p2|Kingambit, L50, M|
|poke|p2|Arcanine-Hisui, L50, M|
|teampreview|4
|showteam|p1|Tyranitar||AssaultVest|SandStream|RockSlide,KnockOff,TeraBlast,LowKick|||F|||50|,,,,,Flying]Garchomp||LifeOrb|RoughSkin|Protect,DragonClaw,StompingTantrum,Earthquake|||M|||50|,,,,,Ground]Sinistcha||RockyHelmet|Hospitality|MatchaGotcha,LifeDew,TrickRoom,RagePowder||||||50|,,,,,Dark]Dragonite||ChoiceBand|InnerFocus|Outrage,ExtremeSpeed,IceSpinner,AerialAce|||F|||50|,,,,,Normal]Corviknight||SitrusBerry|MirrorArmor|Tailwind,BulkUp,Roost,BraveBird|||M|||50|,,,,,Dragon]Volcarona||Leftovers|FlameBody|FieryDance,GigaDrain,QuiverDance,Protect|||M|||50|,,,,,Dragon
|showteam|p2|Sneasler||FocusSash|Unburden|FakeOut,CloseCombat,DireClaw,Coaching|||M|||50|,,,,,Ghost]Magmar||Eviolite|VitalSpirit|FollowMe,HeatWave,Taunt,Protect|||F|||50|,,,,,Dragon]Rillaboom||AssaultVest|GrassySurge|FakeOut,WoodHammer,GrassyGlide,HighHorsepower|||F|||50|,,,,,Fire]Espathra||GrassySeed|SpeedBoost|StoredPower,TeraBlast,CalmMind,Protect|||F|||50|,,,,,Fighting]Kingambit||SafetyGoggles|Defiant|KowtowCleave,SuckerPunch,SwordsDance,Protect|||M|||50|,,,,,Dark]Arcanine-Hisui||LoadedDice|Intimidate|FlareBlitz,RockBlast,ExtremeSpeed,Protect|||M|||50|,,,,,Ghost
|inactive|Battle timer is ON: inactive players will automatically lose when time's up. (requested by Lab01JNEST)
|inactive|Alecat also wants the timer to be on.
|inactive|Alecat has 60 seconds left.
|
|t:|1757687990
|teamsize|p1|4
|teamsize|p2|4
|start
|switch|p1a: Tyranitar|Tyranitar, L50, F|100/100
|switch|p1b: Garchomp|Garchomp, L50, M|100/100
|switch|p2a: Sneasler|Sneasler, L50, M|100/100
|switch|p2b: Rillaboom|Rillaboom, L50, F|100/100
|-fieldstart|move: Grassy Terrain|[from] ability: Grassy Surge|[of] p2b: Rillaboom
|-weather|Sandstorm|[from] ability: Sand Stream|[of] p1a: Tyranitar
|turn|1
|inactive|Alecat has 30 seconds left.
|
|t:|1757688020
|switch|p2a: Espathra|Espathra, L50, F, shiny|100/100
|-enditem|p2a: Espathra|Grassy Seed
|-boost|p2a: Espathra|def|1|[from] item: Grassy Seed
|-terastallize|p1a: Tyranitar|Flying
|move|p2b: Rillaboom|Fake Out|p1a: Tyranitar
|-damage|p1a: Tyranitar|88/100
|move|p1b: Garchomp|Dragon Claw|p2a: Espathra
|-damage|p2a: Espathra|57/100
|-damage|p1b: Garchomp|91/100|[from] item: Life Orb
|cant|p1a: Tyranitar|flinch
|
|-weather|Sandstorm|[upkeep]
|-damage|p2a: Espathra|51/100|[from] Sandstorm
|-damage|p2b: Rillaboom|95/100|[from] Sandstorm
|-damage|p1a: Tyranitar|83/100|[from] Sandstorm
|-heal|p1b: Garchomp|97/100|[from] Grassy Terrain
|-heal|p2a: Espathra|57/100|[from] Grassy Terrain
|-heal|p2b: Rillaboom|100/100|[from] Grassy Terrain
|upkeep
|turn|2
|
|t:|1757688043
|move|p2a: Espathra|Protect|p2a: Espathra
|-singleturn|p2a: Espathra|Protect
|move|p1b: Garchomp|Dragon Claw|p2b: Rillaboom
|-damage|p2b: Rillaboom|47/100
|-damage|p1b: Garchomp|87/100|[from] item: Life Orb
|move|p2b: Rillaboom|Wood Hammer|p1b: Garchomp
|-damage|p1b: Garchomp|5/100
|-damage|p2b: Rillaboom|35/100|[from] ability: Rough Skin|[of] p1b: Garchomp
|-damage|p2b: Rillaboom|11/100|[from] Recoil
|move|p1a: Tyranitar|Tera Blast|p2b: Rillaboom|[anim] Tera Blast Flying
|-supereffective|p2b: Rillaboom
|-damage|p2b: Rillaboom|0 fnt
|faint|p2b: Rillaboom
|
|-weather|Sandstorm|[upkeep]
|-damage|p2a: Espathra|51/100|[from] Sandstorm
|-damage|p1a: Tyranitar|77/100|[from] Sandstorm
|-heal|p1b: Garchomp|11/100|[from] Grassy Terrain
|-heal|p2a: Espathra|57/100|[from] Grassy Terrain
|-ability|p2a: Espathra|Speed Boost|boost
|-boost|p2a: Espathra|spe|1
|upkeep
|
|t:|1757688064
|switch|p2b: Magmar|Magmar, L50, F|100/100
|turn|3
|
|t:|1757688085
|move|p2a: Espathra|Calm Mind|p2a: Espathra
|-boost|p2a: Espathra|spa|1
|-boost|p2a: Espathra|spd|1
|move|p2b: Magmar|Heat Wave|p1a: Tyranitar|[spread] p1a,p1b
|-resisted|p1b: Garchomp
|-damage|p1a: Tyranitar|61/100
|-damage|p1b: Garchomp|0 fnt
|faint|p1b: Garchomp
|move|p1a: Tyranitar|Knock Off|p2a: Espathra
|-supereffective|p2a: Espathra
|-damage|p2a: Espathra|0 fnt
|faint|p2a: Espathra
|
|-weather|Sandstorm|[upkeep]
|-damage|p2b: Magmar|95/100|[from] Sandstorm
|-damage|p1a: Tyranitar|55/100|[from] Sandstorm
|-heal|p2b: Magmar|100/100|[from] Grassy Terrain
|upkeep
|
|t:|1757688099
|switch|p1b: Dragonite|Dragonite, L50, F|100/100
|switch|p2a: Sneasler|Sneasler, L50, M|100/100
|turn|4
|inactive|Alecat has 30 seconds left.
|
|t:|1757688125
|-terastallize|p2a: Sneasler|Ghost
|move|p1b: Dragonite|Extreme Speed|p2a: Sneasler
|-immune|p2a: Sneasler
|move|p2a: Sneasler|Dire Claw|p1b: Dragonite
|-damage|p1b: Dragonite|58/100
|move|p2b: Magmar|Heat Wave|p1b: Dragonite|[spread] p1a,p1b
|-resisted|p1b: Dragonite
|-damage|p1a: Tyranitar|39/100
|-damage|p1b: Dragonite|46/100
|move|p1a: Tyranitar|Rock Slide|p2a: Sneasler|[spread] p2a,p2b
|-supereffective|p2b: Magmar
|-damage|p2a: Sneasler|40/100
|-damage|p2b: Magmar|31/100
|
|-weather|Sandstorm|[upkeep]
|-damage|p2a: Sneasler|34/100|[from] Sandstorm
|-damage|p2b: Magmar|25/100|[from] Sandstorm
|-damage|p1b: Dragonite|40/100|[from] Sandstorm
|-damage|p1a: Tyranitar|33/100|[from] Sandstorm
|-heal|p2a: Sneasler|40/100|[from] Grassy Terrain
|-heal|p2b: Magmar|31/100|[from] Grassy Terrain
|upkeep
|turn|5
|inactive|Alecat has 30 seconds left.
|
|t:|1757688153
|move|p2b: Magmar|Protect|p2b: Magmar
|-singleturn|p2b: Magmar|Protect
|move|p1b: Dragonite|Extreme Speed|p2b: Magmar
|-activate|p2b: Magmar|move: Protect
|move|p2a: Sneasler|Dire Claw|p1a: Tyranitar
|-damage|p1a: Tyranitar|0 fnt
|faint|p1a: Tyranitar
|
|-weather|none
|-heal|p2a: Sneasler|46/100|[from] Grassy Terrain
|-heal|p2b: Magmar|37/100|[from] Grassy Terrain
|-fieldend|move: Grassy Terrain
|upkeep
|
|t:|1757688162
|switch|p1a: Volcarona|Volcarona, L50, M|100/100
|turn|6
|
|t:|1757688177
|move|p2b: Magmar|Protect||[still]
|-fail|p2b: Magmar
|move|p1b: Dragonite|Extreme Speed|p2b: Magmar
|-damage|p2b: Magmar|0 fnt
|faint|p2b: Magmar
|move|p2a: Sneasler|Dire Claw|p1a: Volcarona
|-damage|p1a: Volcarona|52/100
|move|p1a: Volcarona|Fiery Dance|p2a: Sneasler
|-damage|p2a: Sneasler|0 fnt
|-boost|p1a: Volcarona|spa|1
|faint|p2a: Sneasler
|
|win|Lab01JNEST
|raw|Lab01JNEST's rating: 1239 → 1264(+25 for winning)
|raw|Alecat's rating: 1237 → 1212(-25 for losing)
