|j|☆jonen
|j|☆MrKiran
|html|jonenMrKiran    
|uhtml|bestof|Game 1 of a best-of-3
|t:|1756306177
|gametype|doubles
|player|p1|jonen|hiker-gen4|
|player|p2|MrKiran|n|
|gen|9
|tier|[Gen 9] VGC 2025 Reg H (Bo3)
|rule|Species Clause: Limit one of each Pokémon
|rule|Item Clause: Limit 1 of each item
|clearpoke
|poke|p1|Garchomp, L50, F|
|poke|p1|Weezing-Galar, L50, M|
|poke|p1|Archaludon, L50, F|
|poke|p1|Gholdengo, L50|
|poke|p1|Talonflame, L50, M|
|poke|p1|Annihilape, L50, M|
|poke|p2|Charizard, L50, F|
|poke|p2|Torkoal, L50, M|
|poke|p2|Porygon2, L50|
|poke|p2|Incineroar, L50, F|
|poke|p2|Jumpluff, L50, F|
|poke|p2|Ursaluna, L50, M|
|teampreview|4
|showteam|p1|Garchomp||LifeOrb|RoughSkin|DragonClaw,Earthquake,StompingTantrum,Protect|||F|||50|,,,,,Ground]Weezing-Galar||FocusSash|NeutralizingGas|Protect,SludgeBomb,Taunt,StrangeSteam|||M|||50|,,,,,Flying]Archaludon||PowerHerb|Sturdy|ElectroShot,Thunderbolt,DracoMeteor,Protect|||F|||50|,,,,,Electric]Gholdengo||ChoiceSpecs|GoodasGold|ShadowBall,DazzlingGleam,PowerGem,MakeItRain||||||50|,,,,,Fairy]Talonflame||CovertCloak|GaleWings|Tailwind,DualWingbeat,WillOWisp,FlareBlitz|||M|||50|,,,,,Fairy]Annihilape||AssaultVest|Defiant|CloseCombat,RageFist,FinalGambit,IcePunch|||M|||50|,,,,,Grass
|showteam|p2|Charizard||ChoiceSpecs|SolarPower|HeatWave,Overheat,WeatherBall,AirSlash|||F|||50|,,,,,Ghost]Torkoal||EjectPack|Drought|Eruption,Overheat,HelpingHand,Protect|||M|||50|,,,,,Fire]Porygon2||Eviolite|Download|TeraBlast,IceBeam,Recover,TrickRoom||||||50|,,,,,Fighting]Incineroar||SitrusBerry|Intimidate|FlareBlitz,KnockOff,FakeOut,PartingShot|||F|||50|,,,,,Ghost]Jumpluff||CovertCloak|Chlorophyll|SleepPowder,SunnyDay,RagePowder,Tailwind|||F|||50|,,,,,Water]Ursaluna||FlameOrb|Guts|HeadlongRush,Facade,Earthquake,Protect|||M|||50|,,,,,Ghost
|inactive|Battle timer is ON: inactive players will automatically lose when time's up. (requested by MrKiran)
|
|t:|1756306220
|teamsize|p1|4
|teamsize|p2|4
|start
|switch|p1a: Weezing|Weezing-Galar, L50, M|100/100
|switch|p1b: Talonflame|Talonflame, L50, M|100/100
|switch|p2a: Charizard|Charizard, L50, F|100/100
|switch|p2b: Jumpluff|Jumpluff, L50, F|100/100
|-ability|p1a: Weezing|Neutralizing Gas
|turn|1
|inactive|MrKiran has 30 seconds left.
|
|t:|1756306246
|switch|p2b: Porygon2|Porygon2, L50|100/100
|move|p1b: Talonflame|Flare Blitz|p2b: Porygon2
|-damage|p2b: Porygon2|67/100
|-damage|p1b: Talonflame|87/100|[from] Recoil
|move|p2a: Charizard|Air Slash|p1b: Talonflame
|-damage|p1b: Talonflame|8/100
|move|p1a: Weezing|Sludge Bomb|p2a: Charizard
|-damage|p2a: Charizard|47/100
|-status|p2a: Charizard|psn
|
|-damage|p2a: Charizard|34/100 psn|[from] psn
|upkeep
|turn|2
|
|t:|1756306269
|switch|p2b: Ursaluna|Ursaluna, L50, M|100/100
|move|p1b: Talonflame|Tailwind|p1b: Talonflame
|-sidestart|p1: jonen|move: Tailwind
|move|p1a: Weezing|Taunt|p2b: Ursaluna
|-start|p2b: Ursaluna|move: Taunt
|move|p2a: Charizard|Air Slash|p1a: Weezing|[miss]
|-miss|p2a: Charizard|p1a: Weezing
|
|-damage|p2a: Charizard|22/100 psn|[from] psn
|-status|p2b: Ursaluna|brn|[from] item: Flame Orb
|upkeep
|turn|3
|inactive|MrKiran has 30 seconds left.
|inactive|MrKiran has 20 seconds left.
|inactive|MrKiran has 15 seconds left.
|inactive|MrKiran has 10 seconds left.
|
|t:|1756306317
|move|p1b: Talonflame|Flare Blitz|p2a: Charizard
|-resisted|p2a: Charizard
|-damage|p2a: Charizard|0 fnt
|faint|p2a: Charizard
|-damage|p1b: Talonflame|1/100|[from] Recoil
|move|p1a: Weezing|Strange Steam|p2b: Ursaluna
|-crit|p2b: Ursaluna
|-damage|p2b: Ursaluna|45/100 brn
|move|p2b: Ursaluna|Facade|p1a: Weezing
|-damage|p1a: Weezing|15/100
|
|-damage|p2b: Ursaluna|39/100 brn|[from] brn
|upkeep
|
|t:|1756306329
|switch|p2a: Jumpluff|Jumpluff, L50, F|100/100
|turn|4
|
|t:|1756306344
|switch|p2b: Porygon2|Porygon2, L50|67/100
|-terastallize|p2a: Jumpluff|Water
|move|p1b: Talonflame|Flare Blitz|p2b: Porygon2
|-damage|p2b: Porygon2|33/100
|-damage|p1b: Talonflame|0 fnt|[from] Recoil
|faint|p1b: Talonflame
|move|p1a: Weezing|Taunt|p2a: Jumpluff
|-start|p2a: Jumpluff|move: Taunt
|cant|p2a: Jumpluff|move: Taunt|Tailwind
|
|upkeep
|
|t:|1756306353
|switch|p1b: Garchomp|Garchomp, L50, F|100/100
|turn|5
|
|t:|1756306376
|switch|p2a: Ursaluna|Ursaluna, L50, M|39/100 brn
|move|p1b: Garchomp|Dragon Claw|p2b: Porygon2
|-damage|p2b: Porygon2|0 fnt
|faint|p2b: Porygon2
|-damage|p1b: Garchomp|91/100|[from] item: Life Orb
|move|p1a: Weezing|Sludge Bomb|p2a: Ursaluna
|-resisted|p2a: Ursaluna
|-damage|p2a: Ursaluna|20/100 brn
|
|-damage|p2a: Ursaluna|14/100 brn|[from] brn
|-sideend|p1: jonen|move: Tailwind
|upkeep
|
|t:|1756306382
|switch|p2b: Jumpluff|Jumpluff, L50, F, tera:Water|100/100
|turn|6
|inactive|jonen has 30 seconds left.
|
|t:|1756306412
|move|p2b: Jumpluff|Sleep Powder|p1b: Garchomp|[miss]
|-miss|p2b: Jumpluff|p1b: Garchomp
|move|p1b: Garchomp|Dragon Claw|p2b: Jumpluff
|-damage|p2b: Jumpluff|34/100
|-damage|p1b: Garchomp|81/100|[from] item: Life Orb
|move|p1a: Weezing|Sludge Bomb|p2a: Ursaluna
|-resisted|p2a: Ursaluna
|-damage|p2a: Ursaluna|0 fnt
|faint|p2a: Ursaluna
|
|upkeep
|turn|7
|-message|MrKiran forfeited.
|
|win|jonen
||MrKiran is ready for game 2.
