|j|☆Alecat
|j|☆lildueldisk
|html|Alecatlildueldisk    
|uhtml|bestof|Game 2 of a best-of-3
|t:|1757667285
|gametype|doubles
|player|p1|Alecat|scientistf|1212
|player|p2|lildueldisk|2|1216
|gen|9
|tier|[Gen 9] VGC 2025 Reg H (Bo3)
|rated|
|rule|Species Clause: Limit one of each Pokémon
|rule|Item Clause: Limit 1 of each item
|clearpoke
|poke|p1|Sneasler, L50, M|
|poke|p1|Magmar, L50, M|
|poke|p1|Rillaboom, L50, F|
|poke|p1|Espathra, L50, F|
|poke|p1|Kingambit, L50, F|
|poke|p1|Arcanine-Hisui, L50, M|
|poke|p2|Dragonite, L50, F|
|poke|p2|Garchomp, L50, M|
|poke|p2|Ninetales-Alola, L50, F|
|poke|p2|Incineroar, L50, M|
|poke|p2|Kingambit, L50, M|
|poke|p2|Amoonguss, L50, M|
|teampreview|4
|showteam|p1|Sneasler||FocusSash|Unburden|FakeOut,CloseCombat,DireClaw,Coaching|||M|||50|,,,,,Ghost]Magmar||Eviolite|VitalSpirit|FollowMe,HeatWave,Taunt,Protect|||M|||50|,,,,,Dragon]Rillaboom||AssaultVest|GrassySurge|FakeOut,WoodHammer,GrassyGlide,HighHorsepower|||F|||50|,,,,,Fire]Espathra||GrassySeed|SpeedBoost|StoredPower,TeraBlast,CalmMind,Protect|||F|||50|,,,,,Fighting]Kingambit||SafetyGoggles|Defiant|KowtowCleave,SuckerPunch,SwordsDance,Protect|||F|||50|,,,,,Dark]Arcanine-Hisui||LoadedDice|Intimidate|FlareBlitz,RockBlast,ExtremeSpeed,Protect|||M|||50|,,,,,Ghost
|showteam|p2|Dragonite||LumBerry|InnerFocus|TeraBlast,ExtremeSpeed,LowKick,Protect|||F|||50|,,,,,Flying]Garchomp||LifeOrb|RoughSkin|DragonClaw,Earthquake,StompingTantrum,Protect|||M|||50|,,,,,Steel]Ninetales-Alola||FocusSash|SnowWarning|Blizzard,FreezeDry,Encore,Protect|||F|||50|,,,,,Ice]Incineroar||SafetyGoggles|Intimidate|FlareBlitz,KnockOff,PartingShot,FakeOut|||M|||50|,,,,,Ghost]Kingambit||AssaultVest|Defiant|KowtowCleave,SuckerPunch,IronHead,LowKick|||M|||50|,,,,,Dark]Amoonguss||SitrusBerry|Regenerator|Spore,RagePowder,PollenPuff,ClearSmog|||M|||50|,,,,,Water
|inactive|Battle timer is ON: inactive players will automatically lose when time's up. (requested by Alecat)
|
|t:|1757667305
|teamsize|p1|4
|teamsize|p2|4
|start
|switch|p1a: Magmar|Magmar, L50, M|100/100
|switch|p1b: Espathra|Espathra, L50, F, shiny|100/100
|switch|p2a: Dragonite|Dragonite, L50, F|100/100
|switch|p2b: Garchomp|Garchomp, L50, M|100/100
|turn|1
|inactive|Alecat has 30 seconds left.
|inactive|lildueldisk has 30 seconds left.
|
|t:|1757667332
|-terastallize|p2a: Dragonite|Flying
|move|p1a: Magmar|Protect|p1a: Magmar
|-singleturn|p1a: Magmar|Protect
|move|p1b: Espathra|Protect|p1b: Espathra
|-singleturn|p1b: Espathra|Protect
|move|p2b: Garchomp|Earthquake|p1b: Espathra|[spread] 
|-activate|p1a: Magmar|move: Protect
|-activate|p1b: Espathra|move: Protect
|-immune|p2a: Dragonite
|move|p2a: Dragonite|Tera Blast|p1b: Espathra|[anim] Tera Blast Flying
|-activate|p1b: Espathra|move: Protect
|
|-ability|p1b: Espathra|Speed Boost|boost
|-boost|p1b: Espathra|spe|1
|upkeep
|turn|2
|
|t:|1757667354
|switch|p1a: Rillaboom|Rillaboom, L50, F|100/100
|-fieldstart|move: Grassy Terrain|[from] ability: Grassy Surge|[of] p1a: Rillaboom
|-enditem|p1b: Espathra|Grassy Seed
|-boost|p1b: Espathra|def|1|[from] item: Grassy Seed
|move|p1b: Espathra|Calm Mind|p1b: Espathra
|-boost|p1b: Espathra|spa|1
|-boost|p1b: Espathra|spd|1
|move|p2b: Garchomp|Earthquake|p1b: Espathra|[spread] p1a,p1b
|-immune|p2a: Dragonite
|-resisted|p1a: Rillaboom
|-damage|p1a: Rillaboom|89/100
|-damage|p1b: Espathra|80/100
|-damage|p2b: Garchomp|91/100|[from] item: Life Orb
|move|p2a: Dragonite|Tera Blast|p1b: Espathra|[anim] Tera Blast Flying
|-damage|p1b: Espathra|37/100
|
|-heal|p1b: Espathra|43/100|[from] Grassy Terrain
|-heal|p2b: Garchomp|97/100|[from] Grassy Terrain
|-heal|p1a: Rillaboom|95/100|[from] Grassy Terrain
|-ability|p1b: Espathra|Speed Boost|boost
|-boost|p1b: Espathra|spe|1
|upkeep
|turn|3
|inactive|lildueldisk has 30 seconds left.
|
|t:|1757667384
|switch|p2b: Amoonguss|Amoonguss, L50, M|100/100
|move|p1b: Espathra|Protect|p1b: Espathra
|-singleturn|p1b: Espathra|Protect
|move|p2a: Dragonite|Tera Blast|p1a: Rillaboom|[anim] Tera Blast Flying
|-supereffective|p1a: Rillaboom
|-damage|p1a: Rillaboom|0 fnt
|faint|p1a: Rillaboom
|
|-heal|p1b: Espathra|49/100|[from] Grassy Terrain
|-ability|p1b: Espathra|Speed Boost|boost
|-boost|p1b: Espathra|spe|1
|upkeep
|
|t:|1757667398
|switch|p1a: Magmar|Magmar, L50, M|100/100
|turn|4
|
|t:|1757667411
|move|p1a: Magmar|Follow Me|p1a: Magmar
|-singleturn|p1a: Magmar|move: Follow Me
|move|p1b: Espathra|Stored Power|p2a: Dragonite
|-damage|p2a: Dragonite|14/100
|move|p2a: Dragonite|Tera Blast|p1a: Magmar|[anim] Tera Blast Flying
|-damage|p1a: Magmar|35/100
|move|p2b: Amoonguss|Spore|p1a: Magmar
|-immune|p1a: Magmar|[from] ability: Vital Spirit
|
|-heal|p1b: Espathra|55/100|[from] Grassy Terrain
|-heal|p1a: Magmar|41/100|[from] Grassy Terrain
|-ability|p1b: Espathra|Speed Boost|boost
|-boost|p1b: Espathra|spe|1
|upkeep
|turn|5
|inactive|Alecat has 30 seconds left.
|inactive|lildueldisk has 30 seconds left.
|
|t:|1757667444
|switch|p2a: Garchomp|Garchomp, L50, M|97/100
|move|p1a: Magmar|Protect|p1a: Magmar
|-singleturn|p1a: Magmar|Protect
|move|p1b: Espathra|Stored Power|p2b: Amoonguss
|-supereffective|p2b: Amoonguss
|-damage|p2b: Amoonguss|0 fnt
|faint|p2b: Amoonguss
|
|-heal|p1b: Espathra|61/100|[from] Grassy Terrain
|-heal|p1a: Magmar|47/100|[from] Grassy Terrain
|-heal|p2a: Garchomp|100/100|[from] Grassy Terrain
|-ability|p1b: Espathra|Speed Boost|boost
|-boost|p1b: Espathra|spe|1
|upkeep
|
|t:|1757667461
|switch|p2b: Dragonite|Dragonite, L50, F, tera:Flying|14/100
|turn|6
|
|t:|1757667475
|move|p1b: Espathra|Stored Power|p2a: Garchomp
|-damage|p2a: Garchomp|0 fnt
|faint|p2a: Garchomp
|move|p1a: Magmar|Heat Wave|p2b: Dragonite
|-damage|p2b: Dragonite|0 fnt
|faint|p2b: Dragonite
|
|-heal|p1b: Espathra|67/100|[from] Grassy Terrain
|-heal|p1a: Magmar|53/100|[from] Grassy Terrain
|-fieldend|move: Grassy Terrain
|-ability|p1b: Espathra|Speed Boost|boost
|-boost|p1b: Espathra|spe|1
|upkeep
|inactive|lildueldisk has 30 seconds left.
|l|☆lildueldisk
|inactive|lildueldisk disconnected and has a minute to reconnect!
|player|p2|
|inactive|lildueldisk has 20 seconds left.
|inactive|lildueldisk has 15 seconds left.
|inactive|lildueldisk has 10 seconds left.
|inactive|lildueldisk has 5 seconds left.
|-message|lildueldisk lost due to inactivity.
|
|win|Alecat
|raw|Alecat's rating: 1212 → 1237(+25 for winning)
|raw|lildueldisk's rating: 1216 → 1191(-25 for losing)
