|j|☆UnluckyTz
|j|☆itangood5
|html|UnluckyTzitangood5    
|uhtml|bestof|Game 1 of a best-of-3
|t:|1783318101
|gametype|doubles
|player|p1|UnluckyTz|hilbert|1056
|player|p2|itangood5|nate|1076
|gen|9
|tier|[Gen 9 Champions] VGC 2026 Reg M-B (Bo3)
|rated|
|rule|Species Clause: Limit one of each Pokémon
|rule|Item Clause: Limit 1 of each item
|clearpoke
|poke|p1|Tyranitar, L50, F, shiny|
|poke|p1|Excadrill, L50, M|
|poke|p1|Rotom-Wash, L50|
|poke|p1|Corviknight, L50, M|
|poke|p1|Garchomp, L50, F|
|poke|p1|Sinistcha, L50|
|poke|p2|Charizard, L50, F, shiny|
|poke|p2|Venusaur, L50, F|
|poke|p2|Floette-Eternal, L50, F|
|poke|p2|Farigiraf, L50, M|
|poke|p2|Incineroar, L50, M, shiny|
|poke|p2|Azumarill, L50, F|
|teampreview|4
|showteam|p1|Tyranitar||Tyranitarite|SandStream|RockSlide,KnockOff,Protect,LowKick|Adamant||F|||50|]Excadrill||FocusSash|SandRush|Earthquake,SwordsDance,RockSlide,Protect|Adamant||M|||50|]Rotom-Wash||ChoiceScarf|Levitate|HydroPump,VoltSwitch,WillOWisp,Protect|Modest|||||50|]Corviknight||Leftovers|MirrorArmor|IronHead,BodyPress,Roost,Tailwind|Impish||M|||50|]Garchomp||LifeOrb|RoughSkin|DragonClaw,Earthquake,RockSlide,Protect|Serious||F|||50|]Sinistcha||SitrusBerry|Hospitality|MatchaGotcha,RagePowder,LifeDew,TrickRoom|Bold|||||50|
|showteam|p2|Charizard||CharizarditeY|SolarPower|HeatWave,Protect,WeatherBall,SolarBeam|Modest||F|||50|]Venusaur||FocusSash|Chlorophyll|LeafStorm,EarthPower,SludgeBomb,SleepPowder|Timid||F|||50|]Floette-Eternal||Floettite|FlowerVeil|Moonblast,CalmMind,DrainingKiss,Protect|Modest||F|||50|]Farigiraf||SitrusBerry|ArmorTail|PsychicNoise,Roar,HelpingHand,TrickRoom|Bold||M|||50|]Incineroar||WhiteHerb|Intimidate|CloseCombat,FlareBlitz,PartingShot,FakeOut|Brave||M|||50|]Azumarill||LifeOrb|HugePower|Liquidation,PlayRough,Protect,AquaJet|Brave||F|||50|
|inactive|Battle timer is ON: inactive players will automatically lose when time's up. (requested by itangood5)
|
|t:|1783318117
|teamsize|p1|4
|teamsize|p2|4
|start
|switch|p1a: Tyranitar|Tyranitar, L50, F, shiny|100/100
|switch|p1b: Excadrill|Excadrill, L50, M|100/100
|switch|p2a: Boss battle|Incineroar, L50, M, shiny|100/100
|switch|p2b: Rookie|Floette-Eternal, L50, F|100/100
|-weather|Sandstorm|[from] ability: Sand Stream|[of] p1a: Tyranitar
|-ability|p2a: Boss battle|Intimidate|boost
|-unboost|p1a: Tyranitar|atk|1
|-unboost|p1b: Excadrill|atk|1
|turn|1
|inactive|UnluckyTz has 30 seconds left.
|
|t:|1783318147
|detailschange|p2b: Rookie|Floette-Mega, L50, F
|-mega|p2b: Rookie|Floette|Floettite
|-ability|p2b: Rookie|Fairy Aura
|move|p1b: Excadrill|Protect|p1b: Excadrill
|-singleturn|p1b: Excadrill|Protect
|move|p1a: Tyranitar|Protect|p1a: Tyranitar
|-singleturn|p1a: Tyranitar|Protect
|move|p2a: Boss battle|Fake Out|p1b: Excadrill
|-activate|p1b: Excadrill|move: Protect
|move|p2b: Rookie|Calm Mind|p2b: Rookie
|-boost|p2b: Rookie|spa|1
|-boost|p2b: Rookie|spd|1
|
|-weather|Sandstorm|[upkeep]
|-damage|p2b: Rookie|94/100|[from] Sandstorm
|-damage|p2a: Boss battle|94/100|[from] Sandstorm
|upkeep
|turn|2
|
|t:|1783318168
|switch|p1a: Corviknight|Corviknight, L50, M|100/100
|move|p2b: Rookie|Protect|p2b: Rookie
|-singleturn|p2b: Rookie|Protect
|move|p1b: Excadrill|Earthquake|p2a: Boss battle|[spread] p2a
|-activate|p2b: Rookie|move: Protect
|-immune|p1a: Corviknight
|-supereffective|p2a: Boss battle|1
|-damage|p2a: Boss battle|46/100
|move|p2a: Boss battle|Close Combat|p1a: Corviknight
|-damage|p1a: Corviknight|78/100
|-unboost|p2a: Boss battle|def|1
|-unboost|p2a: Boss battle|spd|1
|-enditem|p2a: Boss battle|White Herb
|-clearnegativeboost|p2a: Boss battle|[silent]
|
|-weather|Sandstorm|[upkeep]
|-damage|p2b: Rookie|88/100|[from] Sandstorm
|-damage|p2a: Boss battle|40/100|[from] Sandstorm
|-heal|p1a: Corviknight|84/100|[from] item: Leftovers
|upkeep
|turn|3
|inactive|UnluckyTz has 30 seconds left.
|
|t:|1783318206
|move|p1b: Excadrill|Protect|p1b: Excadrill
|-singleturn|p1b: Excadrill|Protect
|move|p2b: Rookie|Draining Kiss|p1b: Excadrill
|-activate|p1b: Excadrill|move: Protect
|move|p1a: Corviknight|Tailwind|p1a: Corviknight
|-sidestart|p1: UnluckyTz|move: Tailwind
|move|p2a: Boss battle|Close Combat|p1b: Excadrill
|-activate|p1b: Excadrill|move: Protect
|
|-weather|Sandstorm|[upkeep]
|-damage|p2b: Rookie|83/100|[from] Sandstorm
|-damage|p2a: Boss battle|34/100|[from] Sandstorm
|-heal|p1a: Corviknight|90/100|[from] item: Leftovers
|upkeep
|turn|4
|
|t:|1783318222
|move|p2b: Rookie|Protect|p2b: Rookie
|-singleturn|p2b: Rookie|Protect
|move|p1b: Excadrill|Earthquake|p2a: Boss battle|[spread] p2a
|-activate|p2b: Rookie|move: Protect
|-immune|p1a: Corviknight
|-supereffective|p2a: Boss battle|1
|-damage|p2a: Boss battle|0 fnt
|faint|p2a: Boss battle
|move|p1a: Corviknight|Iron Head|p2b: Rookie
|-activate|p2b: Rookie|move: Protect
|
|-weather|Sandstorm|[upkeep]
|-damage|p2b: Rookie|77/100|[from] Sandstorm
|-heal|p1a: Corviknight|96/100|[from] item: Leftovers
|upkeep
|
|t:|1783318226
|switch|p2a: Az|Azumarill, L50, F|100/100
|turn|5
|inactive|UnluckyTz has 30 seconds left.
|
|t:|1783318254
|move|p1b: Excadrill|Swords Dance|p1b: Excadrill
|-boost|p1b: Excadrill|atk|2
|move|p1a: Corviknight|Iron Head|p2b: Rookie
|-supereffective|p2b: Rookie|1
|-damage|p2b: Rookie|15/100
|move|p2b: Rookie|Moonblast|p1a: Corviknight
|-resisted|p1a: Corviknight|1
|-damage|p1a: Corviknight|35/100
|move|p2a: Az|Liquidation|p1b: Excadrill
|-supereffective|p1b: Excadrill|1
|-enditem|p1b: Excadrill|Focus Sash
|-damage|p1b: Excadrill|1/100
|-damage|p2a: Az|90/100|[from] item: Life Orb
|
|-weather|none
|-heal|p1a: Corviknight|40/100|[from] item: Leftovers
|upkeep
|turn|6
|
|t:|1783318277
|switch|p1a: Tyranitar|Tyranitar, L50, F, shiny|100/100
|-weather|Sandstorm|[from] ability: Sand Stream|[of] p1a: Tyranitar
|move|p2a: Az|Aqua Jet|p1b: Excadrill
|-supereffective|p1b: Excadrill|1
|-damage|p1b: Excadrill|0 fnt
|faint|p1b: Excadrill
|-damage|p2a: Az|80/100|[from] item: Life Orb
|move|p2b: Rookie|Draining Kiss|p1a: Tyranitar
|-supereffective|p1a: Tyranitar|1
|-damage|p1a: Tyranitar|20/100y
|-heal|p2b: Rookie|81/100|[from] drain|[of] p1a: Tyranitar
|
|-weather|Sandstorm|[upkeep]
|-damage|p2b: Rookie|76/100|[from] Sandstorm
|-damage|p2a: Az|74/100|[from] Sandstorm
|-sideend|p1: UnluckyTz|move: Tailwind
|upkeep
|
|t:|1783318293
|switch|p1b: Garchomp|Garchomp, L50, F|100/100
|turn|7
|
|t:|1783318306
|move|p1a: Tyranitar|Protect|p1a: Tyranitar
|-singleturn|p1a: Tyranitar|Protect
|move|p2a: Az|Aqua Jet|p1a: Tyranitar
|-activate|p1a: Tyranitar|move: Protect
|move|p1b: Garchomp|Earthquake|p2b: Rookie|[spread] p2a,p2b
|-activate|p1a: Tyranitar|move: Protect
|-damage|p2a: Az|22/100
|-damage|p2b: Rookie|15/100
|-damage|p1b: Garchomp|90/100|[from] item: Life Orb
|move|p2b: Rookie|Moonblast|p1b: Garchomp
|-supereffective|p1b: Garchomp|1
|-damage|p1b: Garchomp|0 fnt
|faint|p1b: Garchomp
|
|-weather|Sandstorm|[upkeep]
|-damage|p2b: Rookie|9/100|[from] Sandstorm
|-damage|p2a: Az|16/100|[from] Sandstorm
|upkeep
|
|t:|1783318321
|switch|p1b: Corviknight|Corviknight, L50, M|40/100
|turn|8
|
|t:|1783318335
|detailschange|p1a: Tyranitar|Tyranitar-Mega, L50, F, shiny
|-mega|p1a: Tyranitar|Tyranitar|Tyranitarite
|move|p1a: Tyranitar|Protect||[still]
|-fail|p1a: Tyranitar
|move|p2a: Az|Aqua Jet|p1a: Tyranitar
|-supereffective|p1a: Tyranitar|1
|-damage|p1a: Tyranitar|0 fnt
|faint|p1a: Tyranitar
|-damage|p2a: Az|6/100|[from] item: Life Orb
|move|p2b: Rookie|Moonblast|p1b: Corviknight
|-resisted|p1b: Corviknight|1
|-damage|p1b: Corviknight|0 fnt
|faint|p1b: Corviknight
|
|win|itangood5
|inactive|UnluckyTz has 30 seconds to confirm battle start!
|inactive|itangood5 has 30 seconds to confirm battle start!
||UnluckyTz is ready for game 2.
||itangood5 is ready for game 2.
|uhtml|next|Next: Game 2 of 3
|l|☆UnluckyTz
|player|p1|
|l|☆itangood5
|player|p2|
|j|☆itangood5
|player|p2|itangood5|nate|
