|j|☆mudkipc4
|j|☆NicoHax
|html|mudkipc4NicoHax    
|uhtml|bestof|Game 1 of a best-of-3
|t:|1756166366
|gametype|doubles
|player|p1|mudkipc4|norman|1192
|player|p2|NicoHax|ethan|1247
|gen|9
|tier|[Gen 9] VGC 2025 Reg H (Bo3)
|rated|
|rule|Species Clause: Limit one of each Pokémon
|rule|Item Clause: Limit 1 of each item
|clearpoke
|poke|p1|Incineroar, L50, M|
|poke|p1|Garchomp, L50, M|
|poke|p1|Talonflame, L50, F|
|poke|p1|Tyranitar, L50, F|
|poke|p1|Gothitelle, L50, F|
|poke|p1|Gholdengo, L50|
|poke|p2|Sneasler, L50, F|
|poke|p2|Volcarona, L50, F|
|poke|p2|Baxcalibur, L50, M|
|poke|p2|Rillaboom, L50, M|
|poke|p2|Kingambit, L50, M|
|poke|p2|Dondozo, L50, M|
|teampreview|4
|showteam|p1|Incineroar||RockyHelmet|Intimidate|FakeOut,KnockOff,FlareBlitz,PartingShot|||M|||50|,,,,,Grass]Garchomp||ClearAmulet|SandVeil|SwordsDance,Protect,Earthquake,DragonClaw|||M|||50|,,,,,Ground]Talonflame||SafetyGoggles|GaleWings|Tailwind,BraveBird,WillOWisp,QuickGuard|||F|||50|,,,,,Ghost]Tyranitar||AssaultVest|SandStream|RockSlide,KnockOff,LowKick,TeraBlast|||F|||50|,,,,,Flying]Gothitelle||SitrusBerry|ShadowTag|FakeOut,Psychic,Taunt,Protect|||F|||50|,,,,,Grass]Gholdengo||Leftovers|GoodasGold|NastyPlot,MakeItRain,ShadowBall,Protect||||||50|,,,,,Steel
|showteam|p2|Sneasler||FocusSash|Unburden|Protect,CloseCombat,DireClaw,Coaching|||F|||50|,,,,,Stellar]Volcarona||CovertCloak|FlameBody|QuiverDance,HeatWave,TeraBlast,Protect|||F|||50|,,,,,Fairy]Baxcalibur||LoadedDice|ThermalExchange|Protect,IceShard,ScaleShot,IcicleSpear|||M|||50|,,,,,Ghost]Rillaboom||AssaultVest|GrassySurge|WoodHammer,GrassyGlide,HighHorsepower,FakeOut|||M|||50|,,,,,Water]Kingambit||SafetyGoggles|Defiant|KowtowCleave,SuckerPunch,SwordsDance,Protect|||M|||50|,,,,,Ghost]Dondozo||Leftovers|Unaware|Protect,Yawn,Liquidation,Fissure|||M|||50|,,,,,Poison
|inactive|Battle timer is ON: inactive players will automatically lose when time's up. (requested by mudkipc4)
|inactive|mudkipc4 has 60 seconds left.
|inactive|NicoHax has 60 seconds left.
|
|t:|1756166413
|teamsize|p1|4
|teamsize|p2|4
|start
|switch|p1a: Gothitelle|Gothitelle, L50, F|100/100
|switch|p1b: Tyranitar|Tyranitar, L50, F, shiny|100/100
|switch|p2a: Kaisen|Kingambit, L50, M|100/100
|switch|p2b: Jonathan|Rillaboom, L50, M|100/100
|-fieldstart|move: Grassy Terrain|[from] ability: Grassy Surge|[of] p2b: Jonathan
|-weather|Sandstorm|[from] ability: Sand Stream|[of] p1b: Tyranitar
|turn|1
|
|t:|1756166433
|switch|p1a: Talonflame|Talonflame, L50, F|100/100
|-terastallize|p1b: Tyranitar|Flying
|move|p2b: Jonathan|Fake Out|p1b: Tyranitar
|-damage|p1b: Tyranitar|88/100
|cant|p1b: Tyranitar|flinch
|move|p2a: Kaisen|Swords Dance|p2a: Kaisen
|-boost|p2a: Kaisen|atk|2
|
|-weather|Sandstorm|[upkeep]
|-damage|p2b: Jonathan|94/100|[from] Sandstorm
|-damage|p1b: Tyranitar|82/100|[from] Sandstorm
|-heal|p2b: Jonathan|100/100|[from] Grassy Terrain
|upkeep
|turn|2
|inactive|NicoHax has 30 seconds left.
|inactive|NicoHax has 20 seconds left.
|inactive|NicoHax has 15 seconds left.
|
|t:|1756166480
|switch|p2b: Siddartha|Baxcalibur, L50, M|100/100
|move|p2a: Kaisen|Protect|p2a: Kaisen
|-singleturn|p2a: Kaisen|Protect
|move|p1a: Talonflame|Will-O-Wisp|p2a: Kaisen
|-activate|p2a: Kaisen|move: Protect
|move|p1b: Tyranitar|Tera Blast|p2b: Siddartha|[anim] Tera Blast Flying
|-damage|p2b: Siddartha|60/100
|
|-weather|Sandstorm|[upkeep]
|-damage|p2b: Siddartha|54/100|[from] Sandstorm
|-damage|p1b: Tyranitar|76/100|[from] Sandstorm
|-heal|p2b: Siddartha|60/100|[from] Grassy Terrain
|upkeep
|turn|3
|
|t:|1756166502
|-terastallize|p2b: Siddartha|Ghost
|move|p1a: Talonflame|Tailwind|p1a: Talonflame
|-sidestart|p1: mudkipc4|move: Tailwind
|move|p2a: Kaisen|Sucker Punch|p1b: Tyranitar
|-damage|p1b: Tyranitar|7/100
|move|p1b: Tyranitar|Low Kick|p2a: Kaisen
|-supereffective|p2a: Kaisen
|-damage|p2a: Kaisen|0 fnt
|faint|p2a: Kaisen
|move|p2b: Siddartha|Icicle Spear|p1b: Tyranitar
|-supereffective|p1b: Tyranitar
|-damage|p1b: Tyranitar|0 fnt
|faint|p1b: Tyranitar
|-hitcount|p1: Tyranitar|1
|
|-weather|Sandstorm|[upkeep]
|-damage|p2b: Siddartha|54/100|[from] Sandstorm
|-heal|p2b: Siddartha|60/100|[from] Grassy Terrain
|upkeep
|
|t:|1756166520
|switch|p1b: Gholdengo|Gholdengo, L50|100/100
|switch|p2a: Jonathan|Rillaboom, L50, M|100/100
|turn|4
|
|t:|1756166543
|switch|p2b: Velosa|Volcarona, L50, F|100/100
|move|p1a: Talonflame|Will-O-Wisp|p2a: Jonathan
|-status|p2a: Jonathan|brn
|move|p1b: Gholdengo|Nasty Plot|p1b: Gholdengo
|-boost|p1b: Gholdengo|spa|2
|move|p2a: Jonathan|High Horsepower|p1b: Gholdengo
|-supereffective|p1b: Gholdengo
|-damage|p1b: Gholdengo|72/100
|
|-weather|Sandstorm|[upkeep]
|-damage|p2b: Velosa|94/100|[from] Sandstorm
|-damage|p2a: Jonathan|94/100 brn|[from] Sandstorm
|-heal|p1b: Gholdengo|78/100|[from] Grassy Terrain
|-heal|p1b: Gholdengo|84/100|[from] item: Leftovers
|-heal|p2b: Velosa|100/100|[from] Grassy Terrain
|-heal|p2a: Jonathan|100/100 brn|[from] Grassy Terrain
|-damage|p2a: Jonathan|94/100 brn|[from] brn
|upkeep
|turn|5
|
|t:|1756166567
|move|p1b: Gholdengo|Protect|p1b: Gholdengo
|-singleturn|p1b: Gholdengo|Protect
|move|p1a: Talonflame|Brave Bird|p2b: Velosa
|-supereffective|p2b: Velosa
|-damage|p2b: Velosa|22/100
|-damage|p1a: Talonflame|73/100|[from] Recoil
|move|p2b: Velosa|Heat Wave|p1b: Gholdengo|[spread] p1a
|-activate|p1b: Gholdengo|move: Protect
|-resisted|p1a: Talonflame
|-damage|p1a: Talonflame|52/100
|move|p2a: Jonathan|High Horsepower|p1b: Gholdengo
|-activate|p1b: Gholdengo|move: Protect
|
|-weather|none
|-heal|p1b: Gholdengo|91/100|[from] Grassy Terrain
|-heal|p1b: Gholdengo|97/100|[from] item: Leftovers
|-heal|p2b: Velosa|29/100|[from] Grassy Terrain
|-heal|p2a: Jonathan|100/100 brn|[from] Grassy Terrain
|-damage|p2a: Jonathan|94/100 brn|[from] brn
|-fieldend|move: Grassy Terrain
|upkeep
|turn|6
|
|t:|1756166586
|move|p1a: Talonflame|Brave Bird|p2a: Jonathan
|-supereffective|p2a: Jonathan
|-damage|p2a: Jonathan|25/100 brn
|-damage|p1a: Talonflame|27/100|[from] Recoil
|move|p1b: Gholdengo|Make It Rain|p2b: Velosa|[spread] p2a,p2b
|-resisted|p2b: Velosa
|-damage|p2a: Jonathan|0 fnt
|-damage|p2b: Velosa|0 fnt
|-unboost|p1b: Gholdengo|spa|1
|faint|p2a: Jonathan
|faint|p2b: Velosa
|
|-heal|p1b: Gholdengo|100/100|[from] item: Leftovers
|-sideend|p1: mudkipc4|move: Tailwind
|upkeep
|-message|NicoHax forfeited.
|
|win|mudkipc4
||mudkipc4 is ready for game 2.
||NicoHax is ready for game 2.
|uhtml|next|Next: Game 2 of 3
