|j|☆heeld
|j|☆dethbling
|html|heelddethbling    
|uhtml|bestof|Game 1 of a best-of-3
|t:|1756765934
|gametype|doubles
|player|p1|heeld|infielder|1000
|player|p2|dethbling|102|1026
|gen|9
|tier|[Gen 9] VGC 2025 Reg H (Bo3)
|rated|
|rule|Species Clause: Limit one of each Pokémon
|rule|Item Clause: Limit 1 of each item
|clearpoke
|poke|p1|Archaludon, L50, F|
|poke|p1|Pelipper, L50, M|
|poke|p1|Basculegion, L50, M|
|poke|p1|Annihilape, L50, F|
|poke|p1|Sneasler, L50, M|
|poke|p1|Ursaluna-Bloodmoon, L50, M|
|poke|p2|Arcanine-Hisui, L50, M|
|poke|p2|Gastrodon-East, L50, F|
|poke|p2|Decidueye-Hisui, L50, M|
|poke|p2|Porygon2, L50|
|poke|p2|Garchomp, L50, F|
|poke|p2|Tyranitar, L50, M|
|teampreview|4
|showteam|p1|Archaludon||AssaultVest|Stamina|DracoMeteor,ElectroShot,BodyPress,Snarl|||F|||50|,,,,,Electric]Pelipper||DampRock|Drizzle|WideGuard,Hurricane,WeatherBall,Tailwind|||M|||50|,,,,,Ghost]Basculegion||ChoiceBand|SwiftSwim|FlipTurn,WaveCrash,LastRespects,Crunch|||M|||50|,,,,,Grass]Annihilape||ChoiceScarf|Defiant|FinalGambit,Uturn,DrainPunch,RageFist|||F|||50|,,,,,Fire]Sneasler||FocusSash|Unburden|FakeOut,Protect,DireClaw,CloseCombat|||M|||50|,,,,,Stellar]Ursaluna-Bloodmoon||LifeOrb|MindsEye|Protect,EarthPower,BloodMoon,HyperVoice|||M|||50|,,,,,Normal
|showteam|p2|Arcanine-Hisui||ChoiceBand|Intimidate|RockSlide,FlareBlitz,ExtremeSpeed,CloseCombat|||M|||50|,,,,,Normal]Gastrodon-East||AssaultVest|StormDrain|IcyWind,HydroPump,SludgeBomb,ClearSmog|||F|||50|,,,,,Water]Decidueye-Hisui||LifeOrb|Scrappy|TripleArrows,LeafBlade,CloseCombat,Protect|||M|||50|,,,,,Ghost]Porygon2||Eviolite|Download|TrickRoom,TeraBlast,Recover,Protect||||||50|,,,,,Ghost]Garchomp||ChoiceSpecs|SandVeil|DracoMeteor,EarthPower,FireBlast,TeraBlast|||F|||50|,,,,,Fairy]Tyranitar||FocusSash|SandStream|DragonDance,RockSlide,Protect,Crunch|||M|||50|,,,,,Flying
|inactive|Battle timer is ON: inactive players will automatically lose when time's up. (requested by dethbling)
|inactive|heeld also wants the timer to be on.
|inactive|heeld has 60 seconds left.
|
|t:|1756765977
|teamsize|p1|4
|teamsize|p2|4
|start
|switch|p1a: Pelipper|Pelipper, L50, M|100/100
|switch|p1b: Basculegion|Basculegion, L50, M|100/100
|switch|p2a: Arcanine|Arcanine-Hisui, L50, M|100/100
|switch|p2b: Garchomp|Garchomp, L50, F|100/100
|-ability|p2a: Arcanine|Intimidate|boost
|-unboost|p1a: Pelipper|atk|1
|-unboost|p1b: Basculegion|atk|1
|-weather|RainDance|[from] ability: Drizzle|[of] p1a: Pelipper
|turn|1
|
|t:|1756765999
|switch|p2b: Gastrodon|Gastrodon-East, L50, F|100/100
|move|p2a: Arcanine|Extreme Speed|p1a: Pelipper
|-damage|p1a: Pelipper|58/100
|move|p1b: Basculegion|Flip Turn|p2b: Gastrodon
|-activate|p2b: Gastrodon|ability: Storm Drain
|-ability|p2b: Gastrodon|Storm Drain|boost
|-boost|p2b: Gastrodon|spa|1
|move|p1a: Pelipper|Tailwind|p1a: Pelipper
|-sidestart|p1: heeld|move: Tailwind
|
|-weather|RainDance|[upkeep]
|upkeep
|turn|2
|
|t:|1756766017
|switch|p1b: Sneasler|Sneasler, L50, M|100/100
|move|p2a: Arcanine|Extreme Speed|p1a: Pelipper
|-damage|p1a: Pelipper|8/100
|move|p1a: Pelipper|Hurricane|p2b: Gastrodon
|-damage|p2b: Gastrodon|72/100
|move|p2b: Gastrodon|Sludge Bomb|p1b: Sneasler
|-resisted|p1b: Sneasler
|-damage|p1b: Sneasler|79/100
|
|-weather|RainDance|[upkeep]
|upkeep
|turn|3
|inactive|heeld has 30 seconds left.
|
|t:|1756766044
|-terastallize|p1a: Pelipper|Ghost
|move|p2a: Arcanine|Extreme Speed|p1b: Sneasler
|-damage|p1b: Sneasler|10/100
|move|p1b: Sneasler|Close Combat|p2b: Gastrodon
|-damage|p2b: Gastrodon|18/100
|-unboost|p1b: Sneasler|def|1
|-unboost|p1b: Sneasler|spd|1
|move|p1a: Pelipper|Hurricane|p2b: Gastrodon
|-damage|p2b: Gastrodon|0 fnt
|faint|p2b: Gastrodon
|
|-weather|RainDance|[upkeep]
|upkeep
|
|t:|1756766061
|switch|p2b: Garchomp|Garchomp, L50, F|100/100
|turn|4
|
|t:|1756766077
|-terastallize|p2b: Garchomp|Fairy
|move|p2a: Arcanine|Extreme Speed|p1b: Sneasler
|-damage|p1b: Sneasler|0 fnt
|faint|p1b: Sneasler
|move|p1a: Pelipper|Weather Ball|p2a: Arcanine
|-supereffective|p2a: Arcanine
|-damage|p2a: Arcanine|0 fnt
|faint|p2a: Arcanine
|move|p2b: Garchomp|Tera Blast|p1a: Pelipper|[anim] Tera Blast Fairy
|-damage|p1a: Pelipper|0 fnt
|faint|p1a: Pelipper
|
|-weather|RainDance|[upkeep]
|-sideend|p1: heeld|move: Tailwind
|upkeep
|
|t:|1756766084
|switch|p1b: Annihilape|Annihilape, L50, F|100/100
|switch|p2a: Tyranitar|Tyranitar, L50, M|100/100
|switch|p1a: Basculegion|Basculegion, L50, M|100/100
|-weather|Sandstorm|[from] ability: Sand Stream|[of] p2a: Tyranitar
|turn|5
|inactive|dethbling has 30 seconds left.
|
|t:|1756766112
|move|p2a: Tyranitar|Protect|p2a: Tyranitar
|-singleturn|p2a: Tyranitar|Protect
|move|p1b: Annihilape|Drain Punch|p2a: Tyranitar
|-activate|p2a: Tyranitar|move: Protect
|move|p2b: Garchomp|Tera Blast|p1b: Annihilape|[anim] Tera Blast Fairy
|-supereffective|p1b: Annihilape
|-damage|p1b: Annihilape|10/100
|move|p1a: Basculegion|Last Respects|p2b: Garchomp
|-damage|p2b: Garchomp|0 fnt
|faint|p2b: Garchomp
|
|-weather|Sandstorm|[upkeep]
|-damage|p1b: Annihilape|4/100|[from] Sandstorm
|-damage|p1a: Basculegion|94/100|[from] Sandstorm
|upkeep
|turn|6
|
|t:|1756766128
|move|p2a: Tyranitar|Protect||[still]
|-fail|p2a: Tyranitar
|move|p1b: Annihilape|Drain Punch|p2a: Tyranitar
|-supereffective|p2a: Tyranitar
|-enditem|p2a: Tyranitar|Focus Sash
|-damage|p2a: Tyranitar|1/100
|-heal|p1b: Annihilape|46/100|[from] drain|[of] p2a: Tyranitar
|move|p1a: Basculegion|Last Respects|p2a: Tyranitar
|-resisted|p2a: Tyranitar
|-damage|p2a: Tyranitar|0 fnt
|faint|p2a: Tyranitar
|
|win|heeld
||dethbling is ready for game 2.
|c|☆heeld|gg
|c|☆dethbling|gg
|inactive|heeld has 30 seconds to confirm battle start!
||heeld is ready for game 2.
|uhtml|next|Next: Game 2 of 3
|l|☆heeld
|player|p1|
|l|☆dethbling
|player|p2|
|j|☆heeld
|player|p1|heeld|infielder|
