|j|☆Kylliza
|j|☆Art22
|html|KyllizaArt22    
|uhtml|bestof|Game 1 of a best-of-3
|t:|1782346641
|gametype|doubles
|player|p1|Kylliza|265|1192
|player|p2|Art22|1|1197
|gen|9
|tier|[Gen 9 Champions] VGC 2026 Reg M-B (Bo3)
|rated|
|rule|Species Clause: Limit one of each Pokémon
|rule|Item Clause: Limit 1 of each item
|clearpoke
|poke|p1|Blaziken, L50, F|
|poke|p1|Whimsicott, L50, F|
|poke|p1|Incineroar, L50, M|
|poke|p1|Sylveon, L50, M|
|poke|p1|Basculegion, L50, M|
|poke|p1|Froslass, L50, F|
|poke|p2|Staraptor, L50, M|
|poke|p2|Whimsicott, L50, F|
|poke|p2|Garchomp, L50, F|
|poke|p2|Delphox, L50, F|
|poke|p2|Kingambit, L50, F|
|poke|p2|Milotic, L50, F|
|teampreview|4
|showteam|p1|Blaziken||Blazikenite|SpeedBoost|FlareBlitz,CloseCombat,RockSlide,Protect|Adamant||F|||50|]Whimsicott||FocusSash|Prankster|Moonblast,Tailwind,Encore,Protect|Timid||F|||50|]Incineroar||SitrusBerry|Intimidate|FakeOut,FlareBlitz,ThroatChop,PartingShot|Careful||M|||50|]Sylveon||FairyFeather|Pixilate|HyperVoice,HyperBeam,QuickAttack,Protect|Modest||M|||50|]Basculegion||ChoiceScarf|Adaptability|WaveCrash,LastRespects,AquaJet,FlipTurn|Jolly||M|||50|]Froslass||Froslassite|CursedBody|Blizzard,ShadowBall,AuroraVeil,Protect|Timid||F|||50|
|showteam|p2|Staraptor||Staraptite|Intimidate|CloseCombat,BraveBird,Roost,Protect|Adamant||M|||50|]Whimsicott||FocusSash|Prankster|Moonblast,Tickle,Tailwind,Encore|Timid||F|||50|]Garchomp||LifeOrb|RoughSkin|DragonClaw,Earthquake,RockSlide,Protect|Jolly||F|||50|]Delphox||Delphoxite|Blaze|HeatWave,Psychic,Protect,GrassKnot|Timid||F|||50|]Kingambit||BlackGlasses|Defiant|IronHead,KowtowCleave,SuckerPunch,Protect|Adamant||F|||50|]Milotic||Leftovers|Competitive|IceBeam,MuddyWater,Protect,LifeDew|Modest||F|||50|
|
|t:|1782346693
|teamsize|p1|4
|teamsize|p2|4
|start
|switch|p1a: Blaziken|Blaziken, L50, F|100/100
|switch|p1b: Whimsicott|Whimsicott, L50, F|100/100
|switch|p2a: Whimsicott|Whimsicott, L50, F|100/100
|switch|p2b: Milotic|Milotic, L50, F|100/100
|turn|1
|inactive|Battle timer is ON: inactive players will automatically lose when time's up. (requested by Kylliza)
|inactive|Kylliza has 60 seconds left.
|
|t:|1782346727
|move|p2a: Whimsicott|Tailwind|p2a: Whimsicott
|-sidestart|p2: Art22|move: Tailwind
|move|p1b: Whimsicott|Tailwind|p1b: Whimsicott
|-sidestart|p1: Kylliza|move: Tailwind
|move|p1a: Blaziken|Close Combat|p2b: Milotic
|-crit|p2b: Milotic
|-damage|p2b: Milotic|9/100
|-unboost|p1a: Blaziken|def|1
|-unboost|p1a: Blaziken|spd|1
|move|p2b: Milotic|Ice Beam|p1b: Whimsicott
|-supereffective|p1b: Whimsicott|1
|-damage|p1b: Whimsicott|22/100
|
|-heal|p2b: Milotic|15/100|[from] item: Leftovers
|-ability|p1a: Blaziken|Speed Boost|boost
|-boost|p1a: Blaziken|spe|1
|upkeep
|turn|2
|
|t:|1782346746
|move|p2b: Milotic|Protect|p2b: Milotic
|-singleturn|p2b: Milotic|Protect
|move|p2a: Whimsicott|Encore|p1a: Blaziken
|-start|p1a: Blaziken|Encore
|move|p1a: Blaziken|Close Combat|p2a: Whimsicott
|-resisted|p2a: Whimsicott|1
|-damage|p2a: Whimsicott|59/100
|-unboost|p1a: Blaziken|def|1
|-unboost|p1a: Blaziken|spd|1
|move|p1b: Whimsicott|Moonblast|p2b: Milotic
|-activate|p2b: Milotic|move: Protect
|
|-heal|p2b: Milotic|21/100|[from] item: Leftovers
|-ability|p1a: Blaziken|Speed Boost|boost
|-boost|p1a: Blaziken|spe|1
|upkeep
|turn|3
|inactive|Kylliza has 30 seconds left.
|
|t:|1782346776
|switch|p1a: Sylveon|Sylveon, L50, M|100/100
|switch|p2b: Delphox|Delphox, L50, F|100/100
|move|p2a: Whimsicott|Moonblast|p1b: Whimsicott
|-crit|p1b: Whimsicott
|-damage|p1b: Whimsicott|0 fnt
|faint|p1b: Whimsicott
|
|upkeep
|
|t:|1782346792
|switch|p1b: Froslass|Froslass, L50, F|100/100
|turn|4
|
|t:|1782346811
|switch|p2a: Milotic|Milotic, L50, F|21/100
|detailschange|p1b: Froslass|Froslass-Mega, L50, F
|-mega|p1b: Froslass|Froslass|Froslassite
|-weather|Snowscape|[from] ability: Snow Warning|[of] p1b: Froslass
|detailschange|p2b: Delphox|Delphox-Mega, L50, F
|-mega|p2b: Delphox|Delphox|Delphoxite
|move|p2b: Delphox|Heat Wave|p1a: Sylveon|[spread] p1a,p1b
|-supereffective|p1b: Froslass|1
|-damage|p1a: Sylveon|64/100
|-damage|p1b: Froslass|0 fnt
|faint|p1b: Froslass
|move|p1a: Sylveon|Hyper Voice|p2b: Delphox|[spread] p2a,p2b
|-resisted|p2b: Delphox|1
|-damage|p2a: Milotic|0 fnt
|-damage|p2b: Delphox|77/100
|faint|p2a: Milotic
|
|-weather|Snowscape|[upkeep]
|-sideend|p2: Art22|move: Tailwind
|-sideend|p1: Kylliza|move: Tailwind
|upkeep
|
|t:|1782346826
|switch|p1b: Blaziken|Blaziken, L50, F|100/100
|switch|p2a: Whimsicott|Whimsicott, L50, F|59/100
|turn|5
|
|t:|1782346845
|move|p2a: Whimsicott|Tailwind|p2a: Whimsicott
|-sidestart|p2: Art22|move: Tailwind
|move|p2b: Delphox|Psychic|p1a: Sylveon
|-damage|p1a: Sylveon|18/100
|move|p1b: Blaziken|Rock Slide|p2a: Whimsicott|[spread] p2a,p2b
|-supereffective|p2b: Delphox|1
|-damage|p2a: Whimsicott|35/100
|-damage|p2b: Delphox|11/100
|move|p1a: Sylveon|Hyper Voice|p2b: Delphox|[spread] p2a,p2b
|-resisted|p2b: Delphox|1
|-damage|p2a: Whimsicott|0 fnt
|-damage|p2b: Delphox|0 fnt
|faint|p2a: Whimsicott
|faint|p2b: Delphox
|
|-weather|Snowscape|[upkeep]
|-ability|p1b: Blaziken|Speed Boost|boost
|-boost|p1b: Blaziken|spe|1
|upkeep
|
|t:|1782346860
|switch|p2b: Garchomp|Garchomp, L50, F|100/100
|turn|6
|
|t:|1782346875
|move|p1b: Blaziken|Protect|p1b: Blaziken
|-singleturn|p1b: Blaziken|Protect
|move|p1a: Sylveon|Protect|p1a: Sylveon
|-singleturn|p1a: Sylveon|Protect
|move|p2b: Garchomp|Earthquake|p1a: Sylveon|[spread] 
|-activate|p1a: Sylveon|move: Protect
|-activate|p1b: Blaziken|move: Protect
|
|-weather|Snowscape|[upkeep]
|-ability|p1b: Blaziken|Speed Boost|boost
|-boost|p1b: Blaziken|spe|1
|upkeep
|turn|7
|
|t:|1782346891
|move|p1a: Sylveon|Quick Attack|p2b: Garchomp
|-supereffective|p2b: Garchomp|1
|-damage|p2b: Garchomp|72/100
|-damage|p1a: Sylveon|6/100|[from] ability: Rough Skin|[of] p2b: Garchomp
|move|p2b: Garchomp|Earthquake|p1b: Blaziken|[spread] p1a,p1b
|-supereffective|p1b: Blaziken|1
|-damage|p1a: Sylveon|0 fnt
|-damage|p1b: Blaziken|0 fnt
|faint|p1a: Sylveon
|faint|p1b: Blaziken
|-damage|p2b: Garchomp|63/100|[from] item: Life Orb
|
|win|Art22
