|j|☆randomguy1114s
|j|☆ZaxbysSauce
|html|randomguy1114sZaxbysSauce    
|uhtml|bestof|Game 1 of a best-of-3
|t:|1756521181
|gametype|doubles
|player|p1|randomguy1114s|lillie-masters|1198
|player|p2|ZaxbysSauce|burgh|1129
|gen|9
|tier|[Gen 9] VGC 2025 Reg H (Bo3)
|rated|
|rule|Species Clause: Limit one of each Pokémon
|rule|Item Clause: Limit 1 of each item
|clearpoke
|poke|p1|Archaludon, L50, M|
|poke|p1|Pelipper, L50, F|
|poke|p1|Rillaboom, L50, M|
|poke|p1|Incineroar, L50, M|
|poke|p1|Gholdengo, L50|
|poke|p1|Sneasler, L50, M|
|poke|p2|Pelipper, L50, F|
|poke|p2|Basculegion, L50, M|
|poke|p2|Archaludon, L50, F|
|poke|p2|Dragonite, L50, F|
|poke|p2|Farigiraf, L50, F|
|poke|p2|Magmortar, L50, M|
|teampreview|4
|showteam|p1|Archaludon||PowerHerb|Sturdy|ElectroShot,DragonPulse,FlashCannon,Protect|||M|||50|,,,,,Electric]Pelipper||ChoiceScarf|Drizzle|Tailwind,MuddyWater,Hurricane,WeatherBall|||F|||50|,,,,,Ghost]Rillaboom||AssaultVest|GrassySurge|FakeOut,WoodHammer,GrassyGlide,Uturn|||M|||50|,,,,,Fire]Incineroar||SafetyGoggles|Intimidate|FakeOut,KnockOff,Taunt,PartingShot|||M|||50|,,,,,Ghost]Gholdengo||MetalCoat|GoodasGold|NastyPlot,MakeItRain,ShadowBall,Protect||||||50|,,,,,Dragon]Sneasler||GrassySeed|Unburden|CloseCombat,DireClaw,ThroatChop,Protect|||M|||50|,,,,,Dark
|showteam|p2|Pelipper||FocusSash|Drizzle|Hurricane,WeatherBall,Tailwind,Protect|||F|||50|,,,,,Ghost]Basculegion||MysticWater|SwiftSwim|Protect,WaveCrash,AquaJet,LastRespects|||M|||50|,,,,,Water]Archaludon||AssaultVest|Stamina|ElectroShot,DragonPulse,FlashCannon,BodyPress|||F|||50|,,,,,Grass]Dragonite||ChoiceBand|InnerFocus|ExtremeSpeed,DragonClaw,AquaJet,AirSlash|||F|||50|,,,,,Normal]Farigiraf||SitrusBerry|ArmorTail|FoulPlay,TrickRoom,HelpingHand,PsychicNoise|||F|||50|,,,,,Fairy]Magmortar||Charcoal|VitalSpirit|Flamethrower,ScorchingSands,FollowMe,Protect|||M|||50|,,,,,Ground
|inactive|Battle timer is ON: inactive players will automatically lose when time's up. (requested by ZaxbysSauce)
|
|t:|1756521206
|teamsize|p1|4
|teamsize|p2|4
|start
|switch|p1a: monke|Rillaboom, L50, M, shiny|100/100
|switch|p1b: cheese man|Gholdengo, L50, shiny|100/100
|switch|p2a: Basculegion|Basculegion, L50, M|100/100
|switch|p2b: Magmortar|Magmortar, L50, M|100/100
|-fieldstart|move: Grassy Terrain|[from] ability: Grassy Surge|[of] p1a: monke
|turn|1
|inactive|randomguy1114s has 30 seconds left.
|inactive|ZaxbysSauce has 30 seconds left.
|
|t:|1756521239
|-terastallize|p1b: cheese man|Dragon
|move|p2a: Basculegion|Protect|p2a: Basculegion
|-singleturn|p2a: Basculegion|Protect
|move|p2b: Magmortar|Flamethrower|p1a: monke
|-supereffective|p1a: monke
|-damage|p1a: monke|18/100
|move|p1b: cheese man|Nasty Plot|p1b: cheese man
|-boost|p1b: cheese man|spa|2
|move|p1a: monke|Wood Hammer|p2a: Basculegion
|-activate|p2a: Basculegion|move: Protect
|
|-heal|p1a: monke|24/100|[from] Grassy Terrain
|upkeep
|turn|2
|inactive|ZaxbysSauce has 30 seconds left.
|inactive|ZaxbysSauce has 20 seconds left.
|inactive|randomguy1114s has 30 seconds left.
|inactive|ZaxbysSauce has 15 seconds left.
|
|t:|1756521284
|switch|p2a: Archaludon|Archaludon, L50, F|100/100
|move|p2b: Magmortar|Scorching Sands|p1b: cheese man
|-damage|p1b: cheese man|76/100
|move|p1b: cheese man|Shadow Ball|p2a: Archaludon
|-damage|p2a: Archaludon|52/100
|-ability|p2a: Archaludon|Stamina|boost
|-boost|p2a: Archaludon|def|1
|move|p1a: monke|U-turn|p2b: Magmortar
|-resisted|p2b: Magmortar
|-damage|p2b: Magmortar|83/100
|
|t:|1756521294
|switch|p1a: Pelicopter|Pelipper, L50, F, shiny|100/100|[from] U-turn
|-weather|RainDance|[from] ability: Drizzle|[of] p1a: Pelicopter
|
|-weather|RainDance|[upkeep]
|-heal|p2b: Magmortar|89/100|[from] Grassy Terrain
|-heal|p1b: cheese man|82/100|[from] Grassy Terrain
|-heal|p2a: Archaludon|58/100|[from] Grassy Terrain
|upkeep
|turn|3
|inactive|ZaxbysSauce has 30 seconds left.
|
|t:|1756521325
|move|p2b: Magmortar|Follow Me|p2b: Magmortar
|-singleturn|p2b: Magmortar|move: Follow Me
|move|p1a: Pelicopter|Muddy Water|p2b: Magmortar|[spread] p2a,p2b
|-resisted|p2a: Archaludon
|-supereffective|p2b: Magmortar
|-damage|p2a: Archaludon|44/100
|-damage|p2b: Magmortar|0 fnt
|-ability|p2a: Archaludon|Stamina|boost
|-boost|p2a: Archaludon|def|1
|faint|p2b: Magmortar
|move|p1b: cheese man|Shadow Ball|p2a: Archaludon
|-crit|p2a: Archaludon
|-damage|p2a: Archaludon|0 fnt
|faint|p2a: Archaludon
|
|-weather|RainDance|[upkeep]
|-heal|p1b: cheese man|89/100|[from] Grassy Terrain
|upkeep
|
|t:|1756521340
|switch|p2b: Pelipper|Pelipper, L50, F|100/100
|switch|p2a: Basculegion|Basculegion, L50, M|100/100
|turn|4
|inactive|ZaxbysSauce has 30 seconds left.
|
|t:|1756521374
|-terastallize|p2a: Basculegion|Water
|move|p2a: Basculegion|Last Respects|p1a: Pelicopter
|-damage|p1a: Pelicopter|3/100
|move|p1a: Pelicopter|Muddy Water|p2a: Basculegion|[spread] p2a,p2b
|-resisted|p2a: Basculegion
|-resisted|p2b: Pelipper
|-damage|p2a: Basculegion|78/100
|-damage|p2b: Pelipper|62/100
|-unboost|p2a: Basculegion|accuracy|1
|move|p1b: cheese man|Make It Rain|p2b: Pelipper|[spread] p2a,p2b
|-resisted|p2a: Basculegion
|-resisted|p2b: Pelipper
|-damage|p2a: Basculegion|13/100
|-damage|p2b: Pelipper|0 fnt
|-unboost|p1b: cheese man|spa|1
|faint|p2b: Pelipper
|
|-weather|RainDance|[upkeep]
|-heal|p2a: Basculegion|19/100|[from] Grassy Terrain
|-heal|p1b: cheese man|95/100|[from] Grassy Terrain
|upkeep
|turn|5
|
|t:|1756521398
|move|p1b: cheese man|Protect|p1b: cheese man
|-singleturn|p1b: cheese man|Protect
|move|p2a: Basculegion|Aqua Jet|p1a: Pelicopter|[miss]
|-miss|p2a: Basculegion|p1a: Pelicopter
|move|p1a: Pelicopter|Muddy Water|p2a: Basculegion
|-resisted|p2a: Basculegion
|-damage|p2a: Basculegion|0 fnt
|faint|p2a: Basculegion
|
|win|randomguy1114s
