|j|☆ironstandseternal
|j|☆NatRus3
|html|ironstandseternalNatRus3    
|uhtml|bestof|Game 3 of a best-of-3
|t:|1757908725
|gametype|doubles
|player|p1|ironstandseternal|flint|1230
|player|p2|NatRus3|102|1136
|gen|9
|tier|[Gen 9] VGC 2025 Reg H (Bo3)
|rated|
|rule|Species Clause: Limit one of each Pokémon
|rule|Item Clause: Limit 1 of each item
|clearpoke
|poke|p1|Amoonguss, L50, F|
|poke|p1|Incineroar, L50, F|
|poke|p1|Archaludon, L50, F|
|poke|p1|Pelipper, L50, F|
|poke|p1|Gholdengo, L50|
|poke|p1|Basculegion, L50, M|
|poke|p2|Pelipper, L50, F|
|poke|p2|Archaludon, L50, F|
|poke|p2|Flamigo, L50, F|
|poke|p2|Basculegion, L50, M|
|poke|p2|Incineroar, L50, F|
|poke|p2|Whimsicott, L50, F|
|teampreview|4
|showteam|p1|Amoonguss||SitrusBerry|Regenerator|PollenPuff,Spore,RagePowder,Protect|||F|||50|,,,,,Psychic]Incineroar||SafetyGoggles|Intimidate|FlareBlitz,KnockOff,PartingShot,FakeOut|||F|||50|,,,,,Water]Archaludon||AssaultVest|Stamina|FlashCannon,DracoMeteor,ElectroShot,BodyPress|||F|||50|,,,,,Fighting]Pelipper||FocusSash|Drizzle|WeatherBall,Hurricane,Tailwind,Protect|||F|||50|,,,,,Ghost]Gholdengo||LifeOrb|GoodasGold|MakeItRain,ShadowBall,NastyPlot,Protect||||||50|,,,,,Flying]Basculegion||ChoiceBand|SwiftSwim|WaveCrash,LastRespects,FlipTurn,AquaJet|||M|||50|,,,,,Water
|showteam|p2|Pelipper||FocusSash|Drizzle|MuddyWater,Hurricane,WideGuard,Protect|||F|||50|,,,,,Ghost]Archaludon||AssaultVest|Stamina|ElectroShot,DragonPulse,FlashCannon,BodyPress|||F|||50|,,,,,Fairy]Flamigo||WhiteHerb|Scrappy|CloseCombat,Acrobatics,Feint,Protect|||F|||50|,,,,,Ghost]Basculegion||LifeOrb|SwiftSwim|AquaJet,LastRespects,WaveCrash,Protect|||M|||50|,,,,,Water]Incineroar||RockyHelmet|Intimidate|FakeOut,KnockOff,FlareBlitz,PartingShot|||F|||50|,,,,,Grass]Whimsicott||CovertCloak|Prankster|Tailwind,Encore,BeatUp,Moonblast|||F|||50|,,,,,Flying
|inactive|Battle timer is ON: inactive players will automatically lose when time's up. (requested by NatRus3)
|inactive|ironstandseternal has 60 seconds left.
|
|t:|1757908768
|teamsize|p1|4
|teamsize|p2|4
|start
|switch|p1a: Archaludon|Archaludon, L50, F|100/100
|switch|p1b: Gholdengo|Gholdengo, L50|100/100
|switch|p2a: Incineroar|Incineroar, L50, F|100/100
|switch|p2b: Whimsicott|Whimsicott, L50, F|100/100
|-ability|p2a: Incineroar|Intimidate|boost
|-unboost|p1a: Archaludon|atk|1
|-unboost|p1b: Gholdengo|atk|1
|turn|1
|inactive|ironstandseternal has 30 seconds left.
|inactive|NatRus3 has 30 seconds left.
|
|t:|1757908799
|-terastallize|p1b: Gholdengo|Flying
|move|p2a: Incineroar|Fake Out|p1a: Archaludon
|-resisted|p1a: Archaludon
|-damage|p1a: Archaludon|96/100
|-ability|p1a: Archaludon|Stamina|boost
|-boost|p1a: Archaludon|def|1
|move|p2b: Whimsicott|Moonblast|p1a: Archaludon
|-damage|p1a: Archaludon|73/100
|-ability|p1a: Archaludon|Stamina|boost
|-boost|p1a: Archaludon|def|1
|move|p1b: Gholdengo|Make It Rain|p2a: Incineroar|[spread] p2a,p2b
|-resisted|p2a: Incineroar
|-supereffective|p2b: Whimsicott
|-damage|p2a: Incineroar|75/100
|-damage|p2b: Whimsicott|0 fnt
|-unboost|p1b: Gholdengo|spa|1
|faint|p2b: Whimsicott
|-damage|p1b: Gholdengo|91/100|[from] item: Life Orb
|cant|p1a: Archaludon|flinch
|
|upkeep
|
|t:|1757908820
|switch|p2b: Archaludon|Archaludon, L50, F|100/100
|turn|2
|inactive|ironstandseternal has 30 seconds left.
|
|t:|1757908851
|move|p1b: Gholdengo|Protect|p1b: Gholdengo
|-singleturn|p1b: Gholdengo|Protect
|move|p1a: Archaludon|Body Press|p2a: Incineroar
|-supereffective|p2a: Incineroar
|-damage|p2a: Incineroar|0 fnt
|-damage|p1a: Archaludon|57/100|[from] item: Rocky Helmet|[of] p2a: Incineroar
|faint|p2a: Incineroar
|move|p2b: Archaludon|Dragon Pulse|p1a: Archaludon
|-damage|p1a: Archaludon|18/100
|-ability|p1a: Archaludon|Stamina|boost
|-boost|p1a: Archaludon|def|1
|
|upkeep
|
|t:|1757908862
|switch|p2a: Pelipper|Pelipper, L50, F|100/100
|-weather|RainDance|[from] ability: Drizzle|[of] p2a: Pelipper
|turn|3
|inactive|ironstandseternal has 30 seconds left.
|
|t:|1757908893
|-terastallize|p2b: Archaludon|Fairy
|move|p1b: Gholdengo|Make It Rain|p2b: Archaludon|[spread] p2a,p2b
|-resisted|p2a: Pelipper
|-supereffective|p2b: Archaludon
|-damage|p2a: Pelipper|77/100
|-damage|p2b: Archaludon|33/100
|-unboost|p1b: Gholdengo|spa|1
|-ability|p2b: Archaludon|Stamina|boost
|-boost|p2b: Archaludon|def|1
|-damage|p1b: Gholdengo|82/100|[from] item: Life Orb
|move|p1a: Archaludon|Body Press|p2b: Archaludon
|-resisted|p2b: Archaludon
|-damage|p2b: Archaludon|19/100
|-ability|p2b: Archaludon|Stamina|boost
|-boost|p2b: Archaludon|def|1
|move|p2b: Archaludon|Electro Shot||[still]
|-prepare|p2b: Archaludon|Electro Shot
|-boost|p2b: Archaludon|spa|1
|-anim|p2b: Archaludon|Electro Shot|p1b: Gholdengo
|-supereffective|p1b: Gholdengo
|-damage|p1b: Gholdengo|0 fnt
|faint|p1b: Gholdengo
|move|p2a: Pelipper|Muddy Water|p1a: Archaludon
|-resisted|p1a: Archaludon
|-damage|p1a: Archaludon|0 fnt
|faint|p1a: Archaludon
|
|-weather|RainDance|[upkeep]
|upkeep
|
|t:|1757908906
|switch|p1b: Basculegion|Basculegion, L50, M|100/100
|switch|p1a: Pelipper|Pelipper, L50, F|100/100
|turn|4
|
|t:|1757908931
|move|p2a: Pelipper|Protect|p2a: Pelipper
|-singleturn|p2a: Pelipper|Protect
|move|p1b: Basculegion|Wave Crash|p2b: Archaludon
|-damage|p2b: Archaludon|0 fnt
|faint|p2b: Archaludon
|-damage|p1b: Basculegion|94/100|[from] Recoil
|move|p1a: Pelipper|Hurricane|p2a: Pelipper
|-activate|p2a: Pelipper|move: Protect
|
|-weather|RainDance|[upkeep]
|upkeep
|turn|5
|
|t:|1757908944
|move|p1b: Basculegion|Wave Crash|p2a: Pelipper
|-resisted|p2a: Pelipper
|-damage|p2a: Pelipper|20/100
|-damage|p1b: Basculegion|78/100|[from] Recoil
|move|p1a: Pelipper|Hurricane|p2a: Pelipper
|-damage|p2a: Pelipper|0 fnt
|faint|p2a: Pelipper
|
|win|ironstandseternal
|raw|ironstandseternal's rating: 1230 → 1248(+18 for winning)
|raw|NatRus3's rating: 1136 → 1118(-18 for losing)
|l|☆NatRus3
|player|p2|
