|j|☆Chandeliere
|j|☆lillyrosethedemon
|html|Chandelierelillyrosethedemon    
|uhtml|bestof|Game 3 of a best-of-3
|t:|1756516969
|gametype|doubles
|player|p1|Chandeliere|ethan|1134
|player|p2|lillyrosethedemon|parasollady|1127
|gen|9
|tier|[Gen 9] VGC 2025 Reg H (Bo3)
|rated|
|rule|Species Clause: Limit one of each Pokémon
|rule|Item Clause: Limit 1 of each item
|clearpoke
|poke|p1|Incineroar, L50, M|
|poke|p1|Dragonite, L50, F|
|poke|p1|Porygon2, L50|
|poke|p1|Ursaluna-Bloodmoon, L50, M|
|poke|p1|Ninetales-Alola, L50, F|
|poke|p1|Annihilape, L50, M|
|poke|p2|Primarina, L50, M|
|poke|p2|Incineroar, L50, F|
|poke|p2|Farigiraf, L50, M|
|poke|p2|Conkeldurr, L50, M|
|poke|p2|Amoonguss, L50, M|
|poke|p2|Gholdengo, L50|
|teampreview|4
|showteam|p1|Incineroar||ChopleBerry|Intimidate|FlareBlitz,KnockOff,FakeOut,PartingShot|||M|||50|,,,,,Grass]Dragonite||LoadedDice|Multiscale|ScaleShot,Tailwind,Haze,Protect|||F|||50|,,,,,Steel]Porygon2||Eviolite|Download|TeraBlast,IceBeam,Recover,TrickRoom||||||50|,,,,,Fighting]Ursaluna-Bloodmoon||AssaultVest|MindsEye|HyperVoice,BloodMoon,VacuumWave,EarthPower|||M|||50|,,,,,Water]Ninetales-Alola||LightClay|SnowWarning|IcicleSpear,Encore,IcyWind,AuroraVeil|||F|||50|,,,,,Ghost]Annihilape||SafetyGoggles|Defiant|DrainPunch,RageFist,BulkUp,Protect|||M|||50|,,,,,Fire
|showteam|p2|Primarina||Leftovers|LiquidVoice|CalmMind,HyperVoice,Moonblast,Protect|||M|||50|,,,,,Electric]Incineroar||SafetyGoggles|Intimidate|FakeOut,FlareBlitz,KnockOff,PartingShot|||F|||50|,,,,,Ghost]Farigiraf||ThroatSpray|ArmorTail|HyperVoice,Psychic,Protect,TrickRoom|||M|||50|,,,,,Fairy]Conkeldurr||FlameOrb|Guts|DrainPunch,Protect,MachPunch,KnockOff|||M|||50|,,,,,Water]Amoonguss||SitrusBerry|Regenerator|RagePowder,Protect,PollenPuff,Spore|||M|||50|,,,,,Water]Gholdengo||ChoiceSpecs|GoodasGold|MakeItRain,ShadowBall,Thunderbolt,Trick||||||50|,,,,,Steel
|
|t:|1756516980
|teamsize|p1|4
|teamsize|p2|4
|start
|switch|p1a: Ninetales|Ninetales-Alola, L50, F|100/100
|switch|p1b: Annihilape|Annihilape, L50, M|100/100
|switch|p2a: Farigiraf|Farigiraf, L50, M|100/100
|switch|p2b: Primarina|Primarina, L50, M|100/100
|-weather|Snowscape|[from] ability: Snow Warning|[of] p1a: Ninetales
|turn|1
|
|t:|1756517048
|move|p1a: Ninetales|Aurora Veil|p1a: Ninetales
|-sidestart|p1: Chandeliere|move: Aurora Veil
|move|p1b: Annihilape|Bulk Up|p1b: Annihilape
|-boost|p1b: Annihilape|atk|1
|-boost|p1b: Annihilape|def|1
|move|p2b: Primarina|Calm Mind|p2b: Primarina
|-boost|p2b: Primarina|spa|1
|-boost|p2b: Primarina|spd|1
|move|p2a: Farigiraf|Trick Room|p2a: Farigiraf
|-fieldstart|move: Trick Room|[of] p2a: Farigiraf
|
|-weather|Snowscape|[upkeep]
|upkeep
|turn|2
|
|t:|1756517085
|move|p1b: Annihilape|Protect|p1b: Annihilape
|-singleturn|p1b: Annihilape|Protect
|move|p2b: Primarina|Hyper Voice|p1b: Annihilape|[spread] p1a
|-activate|p1b: Annihilape|move: Protect
|-damage|p1a: Ninetales|57/100
|move|p2a: Farigiraf|Hyper Voice|p1a: Ninetales|[spread] p1a
|-activate|p1b: Annihilape|move: Protect
|-damage|p1a: Ninetales|35/100
|-enditem|p2a: Farigiraf|Throat Spray
|-boost|p2a: Farigiraf|spa|1|[from] item: Throat Spray
|move|p1a: Ninetales|Encore|p2b: Primarina
|-start|p2b: Primarina|Encore
|
|-weather|Snowscape|[upkeep]
|upkeep
|turn|3
|
|t:|1756517129
|move|p2b: Primarina|Hyper Voice|p1b: Annihilape|[spread] p1a,p1b
|-damage|p1a: Ninetales|0 fnt
|-damage|p1b: Annihilape|66/100
|faint|p1a: Ninetales
|move|p2a: Farigiraf|Psychic|p1b: Annihilape
|-supereffective|p1b: Annihilape
|-damage|p1b: Annihilape|0 fnt
|faint|p1b: Annihilape
|
|-weather|Snowscape|[upkeep]
|upkeep
|
|t:|1756517137
|switch|p1b: Ursaluna|Ursaluna-Bloodmoon, L50, M|100/100
|switch|p1a: Incineroar|Incineroar, L50, M|100/100
|-ability|p1a: Incineroar|Intimidate|boost
|-unboost|p2a: Farigiraf|atk|1
|-unboost|p2b: Primarina|atk|1
|turn|4
|
|t:|1756517154
|-terastallize|p1b: Ursaluna|Water
|move|p2b: Primarina|Hyper Voice|p1b: Ursaluna|[spread] p1a,p1b
|-supereffective|p1a: Incineroar
|-crit|p1a: Incineroar
|-resisted|p1b: Ursaluna
|-damage|p1a: Incineroar|0 fnt
|-damage|p1b: Ursaluna|87/100
|faint|p1a: Incineroar
|move|p2a: Farigiraf|Hyper Voice|p1b: Ursaluna
|-damage|p1b: Ursaluna|53/100
|move|p1b: Ursaluna|Hyper Voice|p2a: Farigiraf|[spread] p2a,p2b
|-damage|p2a: Farigiraf|66/100
|-damage|p2b: Primarina|80/100
|
|-weather|Snowscape|[upkeep]
|-heal|p2b: Primarina|86/100|[from] item: Leftovers
|upkeep
|turn|5
|
|t:|1756517170
|move|p2b: Primarina|Hyper Voice|p1b: Ursaluna
|-resisted|p1b: Ursaluna
|-damage|p1b: Ursaluna|34/100
|move|p2a: Farigiraf|Psychic|p1b: Ursaluna
|-damage|p1b: Ursaluna|2/100
|move|p1b: Ursaluna|Hyper Voice|p2b: Primarina|[spread] p2a,p2b
|-damage|p2a: Farigiraf|31/100
|-damage|p2b: Primarina|65/100
|
|-weather|none
|-heal|p2b: Primarina|71/100|[from] item: Leftovers
|-end|p2b: Primarina|Encore
|-fieldend|move: Trick Room
|upkeep
|turn|6
|
|t:|1756517190
|move|p1b: Ursaluna|Blood Moon|p2b: Primarina
|-damage|p2b: Primarina|29/100
|move|p2a: Farigiraf|Hyper Voice|p1b: Ursaluna
|-damage|p1b: Ursaluna|0 fnt
|faint|p1b: Ursaluna
|
|win|lillyrosethedemon
|raw|Chandeliere's rating: 1134 → 1108(-26 for losing)
|raw|lillyrosethedemon's rating: 1127 → 1153(+26 for winning)
