|j|☆marcusquinn
|j|☆Xion In Void
|html|marcusquinnXion In Void    
|uhtml|bestof|Game 3 of a best-of-3
|t:|1757656117
|gametype|doubles
|player|p1|marcusquinn|hilbert-wonderlauncher|1186
|player|p2|Xion In Void|unknownf|1110
|gen|9
|tier|[Gen 9] VGC 2025 Reg H (Bo3)
|rated|
|rule|Species Clause: Limit one of each Pokémon
|rule|Item Clause: Limit 1 of each item
|clearpoke
|poke|p1|Archaludon, L50, F|
|poke|p1|Porygon2, L50|
|poke|p1|Incineroar, L50, M|
|poke|p1|Ursaluna, L50, M|
|poke|p1|Sneasler, L50, F|
|poke|p1|Dragonite, L50, F|
|poke|p2|Archaludon, L50, F|
|poke|p2|Pelipper, L50, F|
|poke|p2|Amoonguss, L50, F|
|poke|p2|Incineroar, L50, F|
|poke|p2|Baxcalibur, L50, F|
|poke|p2|Annihilape, L50, M|
|teampreview|4
|showteam|p1|Archaludon||PowerHerb|Sturdy|Protect,ElectroShot,DracoMeteor,FlashCannon|||F|||50|,,,,,Electric]Porygon2||Eviolite|Download|TeraBlast,IceBeam,Recover,TrickRoom||||||50|,,,,,Fighting]Incineroar||SafetyGoggles|Intimidate|FlareBlitz,KnockOff,FakeOut,PartingShot|||M|||50|,,,,,Ghost]Ursaluna||FlameOrb|Guts|HeadlongRush,Facade,Earthquake,Protect|||M|||50|,,,,,Ghost]Sneasler||FocusSash|Unburden|Protect,CloseCombat,DireClaw,ThroatChop|||F|||50|,,,,,Stellar]Dragonite||LoadedDice|Multiscale|ScaleShot,Tailwind,Haze,Protect|||F|||50|,,,,,Fairy
|showteam|p2|Archaludon||AssaultVest|Stamina|DragonPulse,ElectroShot,BodyPress,Thunderbolt|||F|||50|,,,,,Electric]Pelipper||FocusSash|Drizzle|MuddyWater,Hurricane,Tailwind,Protect|||F|||50|,,,,,Ghost]Amoonguss||CovertCloak|Regenerator|PollenPuff,RagePowder,Spore,Protect|||F|||50|,,,,,Fairy]Incineroar||SafetyGoggles|Intimidate|KnockOff,BurningJealousy,PartingShot,FakeOut|||F|||50|,,,,,Ghost]Baxcalibur||LoadedDice|ThermalExchange|IcicleSpear,ScaleShot,HighHorsepower,Protect|||F|||50|,,,,,Ghost]Annihilape||SitrusBerry|Defiant|RageFist,FinalGambit,Coaching,Taunt|||M|||50|,,,,,Water
|inactive|Battle timer is ON: inactive players will automatically lose when time's up. (requested by marcusquinn)
|inactive|Xion In Void also wants the timer to be on.
|
|t:|1757656132
|teamsize|p1|4
|teamsize|p2|4
|start
|switch|p1a: Porygon2|Porygon2, L50, shiny|100/100
|switch|p1b: Ursaluna|Ursaluna, L50, M|100/100
|switch|p2a: Air Combo++|Baxcalibur, L50, F|100/100
|switch|p2b: Finishing++|Annihilape, L50, M|100/100
|-ability|p1a: Porygon2|Download|boost
|-boost|p1a: Porygon2|atk|1
|turn|1
|inactive|marcusquinn has 30 seconds left.
|
|t:|1757656162
|switch|p1a: Sneasler|Sneasler, L50, F|100/100
|-terastallize|p1b: Ursaluna|Ghost
|move|p2b: Finishing++|Taunt|p1a: Sneasler
|-start|p1a: Sneasler|move: Taunt
|move|p2a: Air Combo++|Icicle Spear|p1b: Ursaluna
|-damage|p1b: Ursaluna|90/100
|-damage|p1b: Ursaluna|79/100
|-damage|p1b: Ursaluna|66/100
|-damage|p1b: Ursaluna|54/100
|-hitcount|p1b: Ursaluna|4
|move|p1b: Ursaluna|Facade|p2a: Air Combo++
|-crit|p2a: Air Combo++
|-damage|p2a: Air Combo++|38/100
|
|-status|p1b: Ursaluna|brn|[from] item: Flame Orb
|upkeep
|turn|2
|inactive|marcusquinn has 30 seconds left.
|
|t:|1757656187
|move|p2a: Air Combo++|Protect|p2a: Air Combo++
|-singleturn|p2a: Air Combo++|Protect
|move|p1a: Sneasler|Throat Chop|p2a: Air Combo++
|-activate|p2a: Air Combo++|move: Protect
|move|p2b: Finishing++|Coaching|p2a: Air Combo++
|-boost|p2a: Air Combo++|atk|1
|-boost|p2a: Air Combo++|def|1
|move|p1b: Ursaluna|Headlong Rush|p2b: Finishing++
|-damage|p2b: Finishing++|0 fnt
|-unboost|p1b: Ursaluna|def|1
|-unboost|p1b: Ursaluna|spd|1
|faint|p2b: Finishing++
|
|-damage|p1b: Ursaluna|48/100 brn|[from] brn
|upkeep
|
|t:|1757656211
|switch|p2b: Oathkeeper|Pelipper, L50, F, shiny|100/100
|-weather|RainDance|[from] ability: Drizzle|[of] p2b: Oathkeeper
|turn|3
|
|t:|1757656234
|switch|p1b: Porygon2|Porygon2, L50, shiny|100/100
|-ability|p1b: Porygon2|Download|boost
|-boost|p1b: Porygon2|spa|1
|-terastallize|p2a: Air Combo++|Ghost
|move|p1a: Sneasler|Dire Claw|p2b: Oathkeeper
|-damage|p2b: Oathkeeper|49/100
|-status|p2b: Oathkeeper|slp
|move|p2a: Air Combo++|Icicle Spear|p1a: Sneasler
|-damage|p1a: Sneasler|66/100
|-damage|p1a: Sneasler|31/100
|-damage|p1a: Sneasler|0 fnt
|faint|p1a: Sneasler
|-hitcount|p1: Sneasler|3
|cant|p2b: Oathkeeper|slp
|
|-weather|RainDance|[upkeep]
|upkeep
|
|t:|1757656252
|switch|p1a: Archaludon|Archaludon, L50, F, shiny|100/100
|turn|4
|inactive|Xion In Void has 30 seconds left.
|inactive|Xion In Void has 20 seconds left.
|inactive|Xion In Void has 15 seconds left.
|
|t:|1757656294
|move|p1a: Archaludon|Protect|p1a: Archaludon
|-singleturn|p1a: Archaludon|Protect
|move|p2a: Air Combo++|Icicle Spear|p1b: Porygon2
|-damage|p1b: Porygon2|86/100
|-damage|p1b: Porygon2|73/100
|-damage|p1b: Porygon2|59/100
|-damage|p1b: Porygon2|46/100
|-damage|p1b: Porygon2|32/100
|-hitcount|p1b: Porygon2|5
|cant|p2b: Oathkeeper|slp
|move|p1b: Porygon2|Trick Room|p1b: Porygon2
|-fieldstart|move: Trick Room|[of] p1b: Porygon2
|
|-weather|RainDance|[upkeep]
|upkeep
|turn|5
|inactive|Xion In Void has 30 seconds left.
|inactive|marcusquinn has 30 seconds left.
|
|t:|1757656332
|switch|p2a: Roxas|Archaludon, L50, F|100/100
|cant|p2b: Oathkeeper|slp
|move|p1b: Porygon2|Tera Blast|p2b: Oathkeeper
|-damage|p2b: Oathkeeper|0 fnt
|faint|p2b: Oathkeeper
|move|p1a: Archaludon|Electro Shot||[still]
|-prepare|p1a: Archaludon|Electro Shot
|-boost|p1a: Archaludon|spa|1
|-anim|p1a: Archaludon|Electro Shot|p2a: Roxas
|-resisted|p2a: Roxas
|-damage|p2a: Roxas|76/100
|-ability|p2a: Roxas|Stamina|boost
|-boost|p2a: Roxas|def|1
|
|-weather|RainDance|[upkeep]
|upkeep
|
|t:|1757656349
|switch|p2b: Air Combo++|Baxcalibur, L50, F, tera:Ghost|38/100
|turn|6
|
|t:|1757656371
|move|p1b: Porygon2|Ice Beam|p2a: Roxas
|-damage|p2a: Roxas|43/100
|-ability|p2a: Roxas|Stamina|boost
|-boost|p2a: Roxas|def|1
|move|p2a: Roxas|Body Press|p1b: Porygon2
|-supereffective|p1b: Porygon2
|-damage|p1b: Porygon2|0 fnt
|faint|p1b: Porygon2
|move|p1a: Archaludon|Draco Meteor|p2a: Roxas
|-damage|p2a: Roxas|0 fnt
|-unboost|p1a: Archaludon|spa|2
|faint|p2a: Roxas
|move|p2b: Air Combo++|Icicle Spear|p2: Roxas|[notarget]
|-fail|p2b: Air Combo++
|
|-weather|RainDance|[upkeep]
|upkeep
|-message|Xion In Void forfeited.
|
|win|marcusquinn
|raw|marcusquinn's rating: 1186 → 1206(+20 for winning)
|raw|Xion In Void's rating: 1110 → 1090(-20 for losing)
|l|☆Xion In Void
|player|p2|
