|j|☆Pre-Burnt Tower
|j|☆parsley<3
|html|Pre-Burnt Towerparsley<3    
|uhtml|bestof|Game 3 of a best-of-3
|t:|1757931225
|gametype|doubles
|player|p1|Pre-Burnt Tower|265|1115
|player|p2|parsley<3|lacey|1231
|gen|9
|tier|[Gen 9] VGC 2025 Reg H (Bo3)
|rated|
|rule|Species Clause: Limit one of each Pokémon
|rule|Item Clause: Limit 1 of each item
|clearpoke
|poke|p1|Annihilape, L50, M|
|poke|p1|Incineroar, L50, M|
|poke|p1|Ursaluna-Bloodmoon, L50, M|
|poke|p1|Ribombee, L50, F|
|poke|p1|Gholdengo, L50|
|poke|p1|Dragonite, L50, F|
|poke|p2|Dragonite, L50, M|
|poke|p2|Garchomp, L50, M|
|poke|p2|Gholdengo, L50|
|poke|p2|Incineroar, L50, M|
|poke|p2|Amoonguss, L50, F|
|poke|p2|Sneasler, L50, M|
|teampreview|4
|showteam|p1|Annihilape||SafetyGoggles|Defiant|CloseCombat,FinalGambit,Taunt,RageFist|||M|||50|,,,,,Fire]Incineroar||AssaultVest|Intimidate|Uturn,FakeOut,FlareBlitz,KnockOff|||M|||50|,,,,,Grass]Ursaluna-Bloodmoon||ThroatSpray|MindsEye|BloodMoon,HyperVoice,EarthPower,Protect|||M|||50|,,,,,Normal]Ribombee||FocusSash|ShieldDust|Moonblast,FakeTears,Tailwind,Protect|||F|||50|,,,,,Ghost]Gholdengo||ChoiceSpecs|GoodasGold|MakeItRain,ShadowBall,Trick,Protect||||||50|,,,,,Steel]Dragonite||LoadedDice|Multiscale|ScaleShot,IceSpinner,ExtremeSpeed,Protect|||F|||50|,,,,,Steel
|showteam|p2|Dragonite||LoadedDice|Multiscale|ScaleShot,Haze,Protect,Tailwind|||M|||50|,,,,,Steel]Garchomp||AssaultVest|RoughSkin|Earthquake,StompingTantrum,DragonClaw,RockSlide|||M|||50|,,,,,Steel]Gholdengo||LifeOrb|GoodasGold|MakeItRain,ShadowBall,Protect,NastyPlot||||||50|,,,,,Flying]Incineroar||SafetyGoggles|Intimidate|FakeOut,KnockOff,PartingShot,FlareBlitz|||M|||50|,,,,,Ghost]Amoonguss||SitrusBerry|Regenerator|Spore,RagePowder,Protect,SludgeBomb|||F|||50|,,,,,Water]Sneasler||FocusSash|Unburden|DireClaw,CloseCombat,Coaching,FakeOut|||M|||50|,,,,,Stellar
|
|t:|1757931287
|teamsize|p1|4
|teamsize|p2|4
|start
|switch|p1a: Ribombee|Ribombee, L50, F|100/100
|switch|p1b: Gholdengo|Gholdengo, L50|100/100
|switch|p2a: achilles|Garchomp, L50, M|100/100
|switch|p2b: hermes|Dragonite, L50, M|100/100
|turn|1
|
|t:|1757931314
|-terastallize|p2a: achilles|Steel
|move|p1a: Ribombee|Moonblast|p2a: achilles
|-resisted|p2a: achilles
|-damage|p2a: achilles|87/100
|move|p2a: achilles|Earthquake|p1b: Gholdengo|[spread] p1a,p1b
|-immune|p2b: hermes
|-resisted|p1a: Ribombee
|-supereffective|p1b: Gholdengo
|-damage|p1a: Ribombee|67/100
|-damage|p1b: Gholdengo|23/100
|move|p2b: hermes|Tailwind|p2b: hermes
|-sidestart|p2: parsley<3|move: Tailwind
|move|p1b: Gholdengo|Make It Rain|p2a: achilles|[spread] p2a,p2b
|-resisted|p2a: achilles
|-crit|p2a: achilles
|-damage|p2a: achilles|44/100
|-damage|p2b: hermes|63/100
|-unboost|p1b: Gholdengo|spa|1
|
|upkeep
|turn|2
|
|t:|1757931338
|switch|p1b: Incineroar|Incineroar, L50, M|100/100
|-ability|p1b: Incineroar|Intimidate|boost
|-unboost|p2a: achilles|atk|1
|-unboost|p2b: hermes|atk|1
|move|p1a: Ribombee|Protect|p1a: Ribombee
|-singleturn|p1a: Ribombee|Protect
|move|p2a: achilles|Rock Slide|p1a: Ribombee|[spread] p1b
|-activate|p1a: Ribombee|move: Protect
|-supereffective|p1b: Incineroar
|-damage|p1b: Incineroar|76/100
|move|p2b: hermes|Scale Shot|p1b: Incineroar
|-damage|p1b: Incineroar|65/100
|-damage|p1b: Incineroar|54/100
|-damage|p1b: Incineroar|45/100
|-damage|p1b: Incineroar|34/100
|-hitcount|p1b: Incineroar|4
|-unboost|p2b: hermes|def|1
|-boost|p2b: hermes|spe|1
|
|upkeep
|turn|3
|
|t:|1757931373
|switch|p2a: chiron|Sneasler, L50, M|100/100
|move|p1b: Incineroar|Fake Out|p2a: chiron
|-damage|p2a: chiron|81/100
|move|p2b: hermes|Scale Shot|p1b: Incineroar
|-damage|p1b: Incineroar|23/100
|-damage|p1b: Incineroar|14/100
|-damage|p1b: Incineroar|5/100
|-damage|p1b: Incineroar|0 fnt
|faint|p1b: Incineroar
|-hitcount|p1: Incineroar|4
|-unboost|p2b: hermes|def|1
|-boost|p2b: hermes|spe|1
|move|p1a: Ribombee|Tailwind|p1a: Ribombee
|-sidestart|p1: Pre-Burnt Tower|move: Tailwind
|
|upkeep
|
|t:|1757931405
|switch|p1b: Dragonite|Dragonite, L50, F, shiny|100/100
|turn|4
|
|t:|1757931423
|switch|p2b: telemachus|Incineroar, L50, M|100/100
|-ability|p2b: telemachus|Intimidate|boost
|-unboost|p1a: Ribombee|atk|1
|-unboost|p1b: Dragonite|atk|1
|switch|p1a: Gholdengo|Gholdengo, L50|23/100
|move|p1b: Dragonite|Protect|p1b: Dragonite
|-singleturn|p1b: Dragonite|Protect
|move|p2a: chiron|Dire Claw|p1a: Gholdengo
|-immune|p1a: Gholdengo
|
|-sideend|p2: parsley<3|move: Tailwind
|upkeep
|turn|5
|
|t:|1757931457
|move|p2b: telemachus|Fake Out|p1b: Dragonite
|-damage|p1b: Dragonite|93/100
|cant|p1b: Dragonite|flinch
|move|p1a: Gholdengo|Make It Rain|p2a: chiron|[spread] p2a,p2b
|-resisted|p2b: telemachus
|-damage|p2a: chiron|0 fnt
|-damage|p2b: telemachus|67/100
|-unboost|p1a: Gholdengo|spa|1
|faint|p2a: chiron
|
|upkeep
|
|t:|1757931477
|switch|p2a: hermes|Dragonite, L50, M|63/100
|turn|6
|
|t:|1757931495
|-terastallize|p1b: Dragonite|Steel
|move|p2a: hermes|Protect|p2a: hermes
|-singleturn|p2a: hermes|Protect
|move|p1b: Dragonite|Scale Shot|p2b: telemachus
|-damage|p2b: telemachus|57/100
|-damage|p2b: telemachus|48/100
|-damage|p2b: telemachus|38/100
|-damage|p2b: telemachus|27/100
|-damage|p2b: telemachus|17/100
|-hitcount|p2b: telemachus|5
|-unboost|p1b: Dragonite|def|1
|-boost|p1b: Dragonite|spe|1
|move|p1a: Gholdengo|Make It Rain|p2a: hermes|[spread] p2b
|-activate|p2a: hermes|move: Protect
|-resisted|p2b: telemachus
|-damage|p2b: telemachus|0 fnt
|-unboost|p1a: Gholdengo|spa|1
|faint|p2b: telemachus
|
|-sideend|p1: Pre-Burnt Tower|move: Tailwind
|upkeep
|
|t:|1757931504
|switch|p2b: achilles|Garchomp, L50, M, tera:Steel|44/100
|turn|7
|
|t:|1757931531
|move|p1b: Dragonite|Scale Shot|p2a: hermes
|-supereffective|p2a: hermes
|-damage|p2a: hermes|41/100
|-supereffective|p2a: hermes
|-damage|p2a: hermes|20/100
|-supereffective|p2a: hermes
|-damage|p2a: hermes|0 fnt
|faint|p2a: hermes
|-hitcount|p2: hermes|3
|-unboost|p1b: Dragonite|def|1
|-boost|p1b: Dragonite|spe|1
|move|p2b: achilles|Earthquake|p1b: Dragonite|[spread] p1a,p1b
|-supereffective|p1a: Gholdengo
|-supereffective|p1b: Dragonite
|-damage|p1a: Gholdengo|0 fnt
|-damage|p1b: Dragonite|0 fnt
|faint|p1a: Gholdengo
|faint|p1b: Dragonite
|
|upkeep
|c|☆parsley<3|this has been a very good bo3
|
|t:|1757931547
|switch|p1b: Ribombee|Ribombee, L50, F|67/100
|turn|8
|
|t:|1757931580
|move|p1b: Ribombee|Moonblast|p2b: achilles
|-resisted|p2b: achilles
|-damage|p2b: achilles|30/100
|move|p2b: achilles|Rock Slide|p1b: Ribombee
|-supereffective|p1b: Ribombee
|-damage|p1b: Ribombee|0 fnt
|faint|p1b: Ribombee
|
|win|parsley<3
|raw|Pre-Burnt Tower's rating: 1115 → 1098(-17 for losing)
|raw|parsley<3's rating: 1231 → 1248(+17 for winning)
