|j|☆tmmc01
|j|☆agomo5
|html|tmmc01agomo5    
|uhtml|bestof|Game 2 of a best-of-3
|t:|1782492311
|gametype|doubles
|player|p1|tmmc01|artist|1171
|player|p2|agomo5|2|1104
|gen|9
|tier|[Gen 9 Champions] VGC 2026 Reg M-B (Bo3)
|rated|
|rule|Species Clause: Limit one of each Pokémon
|rule|Item Clause: Limit 1 of each item
|clearpoke
|poke|p1|Farigiraf, L50, M|
|poke|p1|Charizard, L50, F, shiny|
|poke|p1|Sylveon, L50, M|
|poke|p1|Garchomp, L50, M|
|poke|p1|Kingambit, L50, F|
|poke|p1|Aerodactyl, L50, F|
|poke|p2|Metagross, L50|
|poke|p2|Garchomp, L50, M|
|poke|p2|Farigiraf, L50, M|
|poke|p2|Sylveon, L50, F|
|poke|p2|Basculegion, L50, M|
|poke|p2|Charizard, L50, M|
|teampreview|4
|showteam|p1|Farigiraf||SitrusBerry|ArmorTail|TrickRoom,Roar,GrassKnot,TwinBeam|Bold||M|||50|]Charizard||CharizarditeY|Blaze|Protect,HeatWave,SolarBeam,WeatherBall|Modest||F|||50|]Sylveon||FairyFeather|Pixilate|HyperVoice,Detect,QuickAttack,HyperBeam|Modest||M|||50|]Garchomp||LifeOrb|RoughSkin|Protect,Earthquake,StompingTantrum,DragonClaw|Jolly||M|||50|]Kingambit||FocusSash|Defiant|KowtowCleave,IronHead,SuckerPunch,LowKick|Adamant||F|||50|]Aerodactyl||Aerodactylite|RockHead|Tailwind,SunnyDay,DualWingbeat,RockSlide|Jolly||F|||50|
|showteam|p2|Metagross||Metagrossite|ClearBody|PsychicFangs,IronHead,IcePunch,Protect|Brave|||||50|]Garchomp||LifeOrb|RoughSkin|Earthquake,DragonClaw,RockSlide,Protect|Brave||M|||50|]Farigiraf||SitrusBerry|ArmorTail|HyperVoice,HelpingHand,TrickRoom,Protect|Bold||M|||50|]Sylveon||FairyFeather|Pixilate|HyperVoice,HyperBeam,CalmMind,Protect|Quiet||F|||50|]Basculegion||FocusSash|Adaptability|LastRespects,WaveCrash,AquaJet,Protect|Adamant||M|||50|]Charizard||CharizarditeY|Blaze|HeatWave,SolarBeam,WeatherBall,Protect|Quiet||M|||50|
|
|t:|1782492328
|teamsize|p1|4
|teamsize|p2|4
|start
|switch|p1a: Garchomp|Garchomp, L50, M|100/100
|switch|p1b: Charizard|Charizard, L50, F, shiny|100/100
|switch|p2a: Charizard|Charizard, L50, M|100/100
|switch|p2b: Farigiraf|Farigiraf, L50, M|100/100
|turn|1
|inactive|Battle timer is ON: inactive players will automatically lose when time's up. (requested by agomo5)
|
|t:|1782492341
|detailschange|p1b: Charizard|Charizard-Mega-Y, L50, F, shiny
|-mega|p1b: Charizard|Charizard|Charizardite Y
|-weather|SunnyDay|[from] ability: Drought|[of] p1b: Charizard
|move|p2a: Charizard|Protect|p2a: Charizard
|-singleturn|p2a: Charizard|Protect
|move|p1a: Garchomp|Earthquake|p2a: Charizard|[spread] p2b
|-activate|p2a: Charizard|move: Protect
|-immune|p1b: Charizard
|-damage|p2b: Farigiraf|65/100
|-damage|p1a: Garchomp|90/100|[from] item: Life Orb
|move|p1b: Charizard|Weather Ball|p2b: Farigiraf
|-damage|p2b: Farigiraf|0 fnt
|faint|p2b: Farigiraf
|
|-weather|SunnyDay|[upkeep]
|upkeep
|inactive|agomo5 has 30 seconds left.
|
|t:|1782492375
|switch|p2b: Sylveon|Sylveon, L50, F|100/100
|turn|2
|
|t:|1782492382
|switch|p2a: Basculegion|Basculegion, L50, M|100/100
|move|p1a: Garchomp|Earthquake|p2a: Basculegion|[spread] p2a,p2b
|-immune|p1b: Charizard
|-damage|p2a: Basculegion|43/100
|-damage|p2b: Sylveon|52/100
|-damage|p1a: Garchomp|80/100|[from] item: Life Orb
|move|p1b: Charizard|Heat Wave|p2b: Sylveon|[spread] p2a
|-miss|p1b: Charizard|p2b: Sylveon
|-resisted|p2a: Basculegion|1
|-damage|p2a: Basculegion|6/100
|move|p2b: Sylveon|Hyper Voice|p1a: Garchomp|[spread] p1a,p1b
|-supereffective|p1a: Garchomp|1
|-resisted|p1b: Charizard|1
|-damage|p1a: Garchomp|0 fnt
|-damage|p1b: Charizard|77/100
|faint|p1a: Garchomp
|
|-weather|SunnyDay|[upkeep]
|upkeep
|
|t:|1782492398
|switch|p1a: Sylveon|Sylveon, L50, M|100/100
|turn|3
|
|t:|1782492416
|move|p2a: Basculegion|Protect|p2a: Basculegion
|-singleturn|p2a: Basculegion|Protect
|move|p1a: Sylveon|Quick Attack|p2a: Basculegion
|-activate|p2a: Basculegion|move: Protect
|move|p1b: Charizard|Weather Ball|p2b: Sylveon
|-damage|p2b: Sylveon|0 fnt
|faint|p2b: Sylveon
|
|-weather|SunnyDay|[upkeep]
|upkeep
|
|t:|1782492425
|switch|p2b: Charizard|Charizard, L50, M|100/100
|turn|4
|
|t:|1782492432
|detailschange|p2b: Charizard|Charizard-Mega-Y, L50, M
|-mega|p2b: Charizard|Charizard|Charizardite Y
|move|p1a: Sylveon|Quick Attack|p2a: Basculegion
|-damage|p2a: Basculegion|0 fnt
|faint|p2a: Basculegion
|move|p1b: Charizard|Weather Ball|p2b: Charizard
|-resisted|p2b: Charizard|1
|-damage|p2b: Charizard|55/100
|move|p2b: Charizard|Heat Wave|p1a: Sylveon|[spread] p1a,p1b
|-resisted|p1b: Charizard|1
|-damage|p1a: Sylveon|42/100
|-damage|p1b: Charizard|44/100
|
|-weather|SunnyDay|[upkeep]
|upkeep
|turn|5
|inactive|agomo5 has 30 seconds left.
|inactive|agomo5 has 20 seconds left.
|inactive|agomo5 has 15 seconds left.
|inactive|agomo5 has 10 seconds left.
|inactive|agomo5 has 5 seconds left.
|
|t:|1782492488
|move|p1a: Sylveon|Detect|p1a: Sylveon
|-singleturn|p1a: Sylveon|Protect
|move|p1b: Charizard|Weather Ball|p2b: Charizard
|-resisted|p2b: Charizard|1
|-damage|p2b: Charizard|13/100
|move|p2b: Charizard|Heat Wave|p1b: Charizard|[spread] p1b
|-activate|p1a: Sylveon|move: Protect
|-resisted|p1b: Charizard|1
|-damage|p1b: Charizard|13/100
|
|-weather|none
|upkeep
|turn|6
|inactive|agomo5 has 30 seconds left.
|inactive|agomo5 has 20 seconds left.
|inactive|agomo5 has 15 seconds left.
|inactive|agomo5 has 10 seconds left.
|inactive|agomo5 has 5 seconds left.
|
|t:|1782492543
|move|p1a: Sylveon|Quick Attack|p2b: Charizard
|-resisted|p2b: Charizard|1
|-damage|p2b: Charizard|7/100
|move|p1b: Charizard|Weather Ball|p2b: Charizard
|-damage|p2b: Charizard|0 fnt
|faint|p2b: Charizard
|
|win|tmmc01
|raw|tmmc01's rating: 1171 → 1191(+20 for winning)
|raw|agomo5's rating: 1104 → 1084(-20 for losing)
|l|☆tmmc01
|player|p1|
|j|☆tmmc01
|player|p1|tmmc01|artist|
