|j|☆Jakobtc
|j|‽Appletan
|html|JakobtcAppletan    
|uhtml|bestof|Game 2 of a best-of-3
|t:|1757698376
|gametype|doubles
|player|p1|Jakobtc|riley|1145
|player|p2|Appletan|whitney|1131
|gen|9
|tier|[Gen 9] VGC 2025 Reg H (Bo3)
|rated|
|rule|Species Clause: Limit one of each Pokémon
|rule|Item Clause: Limit 1 of each item
|clearpoke
|poke|p1|Drifblim, L50, M|
|poke|p1|Indeedee, L50, M|
|poke|p1|Arcanine-Hisui, L50, F|
|poke|p1|Garchomp, L50, M|
|poke|p1|Amoonguss, L50, M|
|poke|p1|Primarina, L50, F|
|poke|p2|Gholdengo, L50|
|poke|p2|Amoonguss, L50, M|
|poke|p2|Incineroar, L50, F|
|poke|p2|Pelipper, L50, M|
|poke|p2|Palafin, L50, F|
|poke|p2|Dragapult, L50, F|
|teampreview|4
|showteam|p1|Drifblim||PsychicSeed|Unburden|Tailwind,StrengthSap,WillOWisp,Acrobatics|||M|||50|,,,,,Grass]Indeedee||FocusSash|PsychicSurge|ExpandingForce,TeraBlast,SkillSwap,Protect|||M|||50|,,,,,Fighting]Arcanine-Hisui||ChoiceBand|Intimidate|RockSlide,FlareBlitz,ExtremeSpeed,CloseCombat|||F|||50|,,,,,Grass]Garchomp||LifeOrb|RoughSkin|StompingTantrum,DragonClaw,Earthquake,Protect|||M|||50|,,,,,Ground]Amoonguss||SitrusBerry|Regenerator|Spore,LeafStorm,RagePowder,Protect|||M|||50|,,,,,Water]Primarina||MysticWater|LiquidVoice|HyperVoice,Moonblast,Haze,Protect|||F|||50|,,,,,Steel
|showteam|p2|Gholdengo||LifeOrb|GoodasGold|Protect,NastyPlot,ShadowBall,MakeItRain||||||50|,,,,,Steel]Amoonguss||SitrusBerry|Regenerator|Protect,RagePowder,PollenPuff,Spore|||M|||50|,,,,,Fairy]Incineroar||AssaultVest|Intimidate|FlareBlitz,KnockOff,Uturn,FakeOut|||F|||50|,,,,,Grass]Pelipper||FocusSash|Drizzle|Protect,Tailwind,Hurricane,WeatherBall|||M|||50|,,,,,Ghost]Palafin||SplashPlate|ZerotoHero|Protect,Haze,JetPunch,WaveCrash|||F|||50|,,,,,Water]Dragapult||ChoiceSpecs|ClearBody|DracoMeteor,ShadowBall,TeraBlast,Uturn|||F|||50|,,,,,Fairy
|
|t:|1757698402
|teamsize|p1|4
|teamsize|p2|4
|start
|switch|p1a: Drifblim|Drifblim, L50, M|100/100
|switch|p1b: Indeedee|Indeedee, L50, M|100/100
|switch|p2a: Incineroar|Incineroar, L50, F|100/100
|switch|p2b: Gholdengo|Gholdengo, L50|100/100
|-fieldstart|move: Psychic Terrain|[from] ability: Psychic Surge|[of] p1b: Indeedee
|-enditem|p1a: Drifblim|Psychic Seed
|-boost|p1a: Drifblim|spd|1|[from] item: Psychic Seed
|-ability|p2a: Incineroar|Intimidate|boost
|-unboost|p1a: Drifblim|atk|1
|-unboost|p1b: Indeedee|atk|1
|turn|1
|inactive|Battle timer is ON: inactive players will automatically lose when time's up. (requested by Jakobtc)
|
|t:|1757698426
|switch|p1b: Garchomp|Garchomp, L50, M|100/100
|move|p1a: Drifblim|Tailwind|p1a: Drifblim
|-sidestart|p1: Jakobtc|move: Tailwind
|move|p2b: Gholdengo|Nasty Plot|p2b: Gholdengo
|-boost|p2b: Gholdengo|spa|2
|move|p2a: Incineroar|U-turn|p1b: Garchomp
|-damage|p1b: Garchomp|78/100
|-damage|p2a: Incineroar|88/100|[from] ability: Rough Skin|[of] p1b: Garchomp
|
|t:|1757698439
|switch|p2a: Amoonguss|Amoonguss, L50, M|100/100|[from] U-turn
|
|upkeep
|turn|2
|
|t:|1757698449
|switch|p2b: Incineroar|Incineroar, L50, F|88/100
|-ability|p2b: Incineroar|Intimidate|boost
|-unboost|p1a: Drifblim|atk|1
|-unboost|p1b: Garchomp|atk|1
|-terastallize|p1b: Garchomp|Ground
|move|p1a: Drifblim|Acrobatics|p2a: Amoonguss
|-supereffective|p2a: Amoonguss
|-damage|p2a: Amoonguss|76/100
|move|p1b: Garchomp|Earthquake|p2b: Incineroar|[spread] p2a,p2b
|-immune|p1a: Drifblim
|-crit|p2a: Amoonguss
|-supereffective|p2b: Incineroar
|-damage|p2a: Amoonguss|2/100
|-damage|p2b: Incineroar|2/100
|-enditem|p2a: Amoonguss|Sitrus Berry|[eat]
|-heal|p2a: Amoonguss|27/100|[from] item: Sitrus Berry
|-damage|p1b: Garchomp|68/100|[from] item: Life Orb
|move|p2a: Amoonguss|Spore|p1b: Garchomp
|-status|p1b: Garchomp|slp|[from] move: Spore
|
|upkeep
|turn|3
|inactive|Appletan has 30 seconds left.
|
|t:|1757698481
|move|p2a: Amoonguss|Rage Powder|p2a: Amoonguss
|-singleturn|p2a: Amoonguss|move: Rage Powder
|move|p1a: Drifblim|Acrobatics|p2a: Amoonguss
|-supereffective|p2a: Amoonguss
|-damage|p2a: Amoonguss|2/100
|cant|p1b: Garchomp|slp
|move|p2b: Incineroar|Knock Off|p1a: Drifblim
|-supereffective|p1a: Drifblim
|-damage|p1a: Drifblim|35/100
|
|upkeep
|turn|4
|
|t:|1757698497
|move|p2a: Amoonguss|Rage Powder|p2a: Amoonguss
|-singleturn|p2a: Amoonguss|move: Rage Powder
|move|p1a: Drifblim|Acrobatics|p2a: Amoonguss
|-supereffective|p2a: Amoonguss
|-crit|p2a: Amoonguss
|-damage|p2a: Amoonguss|0 fnt
|faint|p2a: Amoonguss
|cant|p1b: Garchomp|slp
|move|p2b: Incineroar|Knock Off|p1a: Drifblim
|-supereffective|p1a: Drifblim
|-damage|p1a: Drifblim|0 fnt
|faint|p1a: Drifblim
|
|-sideend|p1: Jakobtc|move: Tailwind
|upkeep
|
|t:|1757698513
|switch|p1a: Primarina|Primarina, L50, F|100/100
|switch|p2a: Dragapult|Dragapult, L50, F|100/100
|turn|5
|inactive|Jakobtc has 30 seconds left.
|
|t:|1757698540
|switch|p2b: Gholdengo|Gholdengo, L50|100/100
|-curestatus|p1b: Garchomp|slp|[msg]
|move|p1b: Garchomp|Protect|p1b: Garchomp
|-singleturn|p1b: Garchomp|Protect
|move|p2a: Dragapult|Draco Meteor|p1b: Garchomp
|-activate|p1b: Garchomp|move: Protect
|move|p1a: Primarina|Hyper Voice|p2b: Gholdengo|[spread] p2a,p2b
|-resisted|p2a: Dragapult
|-damage|p2a: Dragapult|74/100
|-damage|p2b: Gholdengo|58/100
|
|-fieldend|move: Psychic Terrain
|upkeep
|turn|6
|
|t:|1757698553
|switch|p1b: Indeedee|Indeedee, L50, M|100/100
|-fieldstart|move: Psychic Terrain|[from] ability: Psychic Surge|[of] p1b: Indeedee
|move|p2a: Dragapult|Draco Meteor|p1b: Indeedee
|-enditem|p1b: Indeedee|Focus Sash
|-damage|p1b: Indeedee|1/100
|-unboost|p2a: Dragapult|spa|2
|move|p2b: Gholdengo|Nasty Plot|p2b: Gholdengo
|-boost|p2b: Gholdengo|spa|2
|move|p1a: Primarina|Moonblast|p2a: Dragapult
|-supereffective|p2a: Dragapult
|-damage|p2a: Dragapult|0 fnt
|faint|p2a: Dragapult
|
|upkeep
|
|t:|1757698560
|switch|p2a: Incineroar|Incineroar, L50, F|2/100
|-ability|p2a: Incineroar|Intimidate|boost
|-unboost|p1a: Primarina|atk|1
|-unboost|p1b: Indeedee|atk|1
|turn|7
|-message|Appletan forfeited.
|
|win|Jakobtc
|raw|Jakobtc's rating: 1145 → 1169(+24 for winning)
|raw|Appletan's rating: 1131 → 1107(-24 for losing)
