|j|‽Jvvkjvkgkkb
|j|☆leejit
|html|Jvvkjvkgkkbleejit    
|uhtml|bestof|Game 1 of a best-of-3
|t:|1784996006
|gametype|doubles
|player|p1|Jvvkjvkgkkb|ingo|1065
|player|p2|leejit|266|1167
|gen|9
|tier|[Gen 9 Champions] VGC 2026 Reg M-B (Bo3)
|rated|
|rule|Species Clause: Limit one of each Pokémon
|rule|Item Clause: Limit 1 of each item
|clearpoke
|poke|p1|Mawile, L50, F|
|poke|p1|Farigiraf, L50, M|
|poke|p1|Incineroar, L50, M|
|poke|p1|Milotic, L50, F|
|poke|p1|Sinistcha, L50|
|poke|p1|Kingambit, L50, M|
|poke|p2|Tyranitar, L50, F|
|poke|p2|Excadrill, L50, M|
|poke|p2|Milotic, L50, M|
|poke|p2|Gholdengo, L50|
|poke|p2|Sinistcha, L50|
|poke|p2|Staraptor, L50, M|
|teampreview|4
|showteam|p1|Mawile||Mawilite|Intimidate|PlayRough,IronHead,SuckerPunch,Protect|Brave||F|||50|]Farigiraf||FocusSash|ArmorTail|TrickRoom,HyperVoice,HelpingHand,Psychic|Quiet||M|||50|]Incineroar||SitrusBerry|Intimidate|FakeOut,PartingShot,FlareBlitz,ThroatChop|Adamant||M|||50|]Milotic||Leftovers|Competitive|IcyWind,Scald,Recover,Protect|Modest||F|||50|]Sinistcha||OccaBerry|Hospitality|TrickRoom,RagePowder,MatchaGotcha,LifeDew|Relaxed|||||50|]Kingambit||BlackGlasses|Defiant|KowtowCleave,SuckerPunch,LowKick,Protect|Adamant||M|||50|
|showteam|p2|Tyranitar||Tyranitarite|SandStream|KnockOff,RockSlide,HighHorsepower,Protect|Jolly||F|||50|]Excadrill||FocusSash|SandRush|HighHorsepower,IronHead,RockSlide,Protect|Jolly||M|||50|]Milotic||SitrusBerry|Competitive|Scald,IcyWind,Haze,Protect|Calm||M|||50|]Gholdengo||LifeOrb|GoodasGold|MakeItRain,ShadowBall,NastyPlot,Protect|Modest|||||50|]Sinistcha||ColburBerry|Hospitality|MatchaGotcha,ShadowBall,Protect,RagePowder|Bold|||||50|]Staraptor||Staraptite|Intimidate|CloseCombat,BraveBird,Tailwind,Protect|Jolly||M|||50|
|inactive|Battle timer is ON: inactive players will automatically lose when time's up. (requested by Jvvkjvkgkkb)
|inactive|Jvvkjvkgkkb has 60 seconds left.
|inactive|leejit has 60 seconds left.
|
|t:|1784996052
|teamsize|p1|4
|teamsize|p2|4
|start
|switch|p1a: Farigiraf|Farigiraf, L50, M|100/100
|switch|p1b: Kingambit|Kingambit, L50, M|100/100
|switch|p2a: Tyranitar|Tyranitar, L50, F|100/100
|switch|p2b: Milotic|Milotic, L50, M|100/100
|-weather|Sandstorm|[from] ability: Sand Stream|[of] p2a: Tyranitar
|turn|1
|
|t:|1784996076
|move|p1b: Kingambit|Protect|p1b: Kingambit
|-singleturn|p1b: Kingambit|Protect
|move|p2a: Tyranitar|High Horsepower|p1b: Kingambit
|-activate|p1b: Kingambit|move: Protect
|move|p2b: Milotic|Scald|p1b: Kingambit
|-activate|p1b: Kingambit|move: Protect
|move|p1a: Farigiraf|Trick Room|p1a: Farigiraf
|-fieldstart|move: Trick Room|[of] p1a: Farigiraf
|
|-weather|Sandstorm|[upkeep]
|-damage|p1a: Farigiraf|93/100|[from] Sandstorm
|-damage|p2b: Milotic|94/100|[from] Sandstorm
|upkeep
|turn|2
|inactive|leejit has 30 seconds left.
|
|t:|1784996110
|move|p1b: Kingambit|Low Kick|p2a: Tyranitar
|-supereffective|p2a: Tyranitar|2
|-damage|p2a: Tyranitar|0 fnt
|faint|p2a: Tyranitar
|move|p1a: Farigiraf|Psychic|p2b: Milotic
|-damage|p2b: Milotic|65/100
|move|p2b: Milotic|Scald|p1b: Kingambit
|-damage|p1b: Kingambit|71/100
|
|-weather|Sandstorm|[upkeep]
|-damage|p1a: Farigiraf|87/100|[from] Sandstorm
|-damage|p2b: Milotic|59/100|[from] Sandstorm
|upkeep
|
|t:|1784996125
|switch|p2a: Sinistcha|Sinistcha, L50|100/100
|-heal|p2b: Milotic|84/100|[from] ability: Hospitality|[of] p2a: Sinistcha
|turn|3
|
|t:|1784996141
|move|p1a: Farigiraf|Helping Hand|p1b: Kingambit
|-singleturn|p1b: Kingambit|Helping Hand|[of] p1a: Farigiraf
|move|p1b: Kingambit|Kowtow Cleave|p2a: Sinistcha
|-supereffective|p2a: Sinistcha|1
|-enditem|p2a: Sinistcha|Colbur Berry|[eat]
|-enditem|p2a: Sinistcha|Colbur Berry|[weaken]
|-damage|p2a: Sinistcha|31/100
|move|p2a: Sinistcha|Matcha Gotcha|p1b: Kingambit|[spread] p1a,p1b
|-resisted|p1b: Kingambit|1
|-crit|p1b: Kingambit
|-damage|p1a: Farigiraf|66/100
|-heal|p2a: Sinistcha|45/100|[from] drain|[of] p1a: Farigiraf
|-damage|p1b: Kingambit|52/100
|-heal|p2a: Sinistcha|56/100|[from] drain|[of] p1b: Kingambit
|move|p2b: Milotic|Scald|p1b: Kingambit
|-damage|p1b: Kingambit|24/100
|
|-weather|Sandstorm|[upkeep]
|-damage|p1a: Farigiraf|60/100|[from] Sandstorm
|-damage|p2a: Sinistcha|50/100g|[from] Sandstorm
|-damage|p2b: Milotic|78/100|[from] Sandstorm
|upkeep
|turn|4
|inactive|leejit has 30 seconds left.
|
|t:|1784996175
|move|p1a: Farigiraf|Helping Hand|p1b: Kingambit
|-singleturn|p1b: Kingambit|Helping Hand|[of] p1a: Farigiraf
|move|p1b: Kingambit|Kowtow Cleave|p2b: Milotic
|-damage|p2b: Milotic|1/100
|-enditem|p2b: Milotic|Sitrus Berry|[eat]
|-heal|p2b: Milotic|25/100|[from] item: Sitrus Berry
|move|p2a: Sinistcha|Matcha Gotcha|p1b: Kingambit|[spread] p1a,p1b
|-resisted|p1b: Kingambit|1
|-damage|p1a: Farigiraf|40/100
|-heal|p2a: Sinistcha|64/100|[from] drain|[of] p1a: Farigiraf
|-damage|p1b: Kingambit|11/100
|-heal|p2a: Sinistcha|71/100|[from] drain|[of] p1b: Kingambit
|move|p2b: Milotic|Scald|p1b: Kingambit
|-damage|p1b: Kingambit|0 fnt
|faint|p1b: Kingambit
|
|-weather|Sandstorm|[upkeep]
|-damage|p1a: Farigiraf|33/100|[from] Sandstorm
|-damage|p2a: Sinistcha|65/100|[from] Sandstorm
|-damage|p2b: Milotic|19/100|[from] Sandstorm
|upkeep
|
|t:|1784996192
|switch|p1b: Mawile|Mawile, L50, F|100/100
|-ability|p1b: Mawile|Intimidate|boost
|-unboost|p2a: Sinistcha|atk|1
|-unboost|p2b: Milotic|atk|1
|-ability|p2b: Milotic|Competitive|boost
|-boost|p2b: Milotic|spa|2
|turn|5
|
|t:|1784996212
|detailschange|p1b: Mawile|Mawile-Mega, L50, F
|-mega|p1b: Mawile|Mawile|Mawilite
|move|p2a: Sinistcha|Protect|p2a: Sinistcha
|-singleturn|p2a: Sinistcha|Protect
|move|p2b: Milotic|Protect|p2b: Milotic
|-singleturn|p2b: Milotic|Protect
|move|p1b: Mawile|Play Rough|p2b: Milotic
|-activate|p2b: Milotic|move: Protect
|move|p1a: Farigiraf|Hyper Voice|p2b: Milotic|[spread] 
|-activate|p2a: Sinistcha|move: Protect
|-activate|p2b: Milotic|move: Protect
|
|-weather|none
|-fieldend|move: Trick Room
|upkeep
|turn|6
|inactive|leejit has 30 seconds left.
|inactive|leejit has 20 seconds left.
|inactive|leejit has 15 seconds left.
|
|t:|1784996252
|move|p1b: Mawile|Sucker Punch|p2b: Milotic
|-damage|p2b: Milotic|0 fnt
|faint|p2b: Milotic
|move|p2a: Sinistcha|Matcha Gotcha|p1a: Farigiraf|[spread] p1a
|-miss|p2a: Sinistcha|p1b: Mawile
|-damage|p1a: Farigiraf|15/100
|-heal|p2a: Sinistcha|77/100|[from] drain|[of] p1a: Farigiraf
|move|p1a: Farigiraf|Trick Room|p1a: Farigiraf
|-fieldstart|move: Trick Room|[of] p1a: Farigiraf
|
|upkeep
|l|☆leejit
|inactive|leejit disconnected and has a minute to reconnect!
|player|p2|
|inactive|leejit has 30 seconds left.
|j|☆leejit
|inactive|leejit reconnected and has 30 seconds left.
|player|p2|leejit|266|
|inactive|leejit has 20 seconds left.
|
|t:|1784996292
|switch|p2b: Gholdengo|Gholdengo, L50|100/100
|turn|7
|
|t:|1784996313
|move|p1a: Farigiraf|Helping Hand|p1b: Mawile
|-singleturn|p1b: Mawile|Helping Hand|[of] p1a: Farigiraf
|move|p2a: Sinistcha|Rage Powder|p2a: Sinistcha
|-singleturn|p2a: Sinistcha|move: Rage Powder
|move|p1b: Mawile|Iron Head|p2a: Sinistcha
|-damage|p2a: Sinistcha|0 fnt
|faint|p2a: Sinistcha
|move|p2b: Gholdengo|Nasty Plot|p2b: Gholdengo
|-boost|p2b: Gholdengo|spa|2
|
|upkeep
|turn|8
|
|t:|1784996329
|switch|p1a: Milotic|Milotic, L50, F|100/100
|move|p1b: Mawile|Iron Head|p2b: Gholdengo
|-resisted|p2b: Gholdengo|1
|-damage|p2b: Gholdengo|65/100
|move|p2b: Gholdengo|Make It Rain|p1a: Milotic|[spread] p1a,p1b
|-resisted|p1a: Milotic|1
|-damage|p1a: Milotic|56/100
|-damage|p1b: Mawile|0 fnt
|-unboost|p2b: Gholdengo|spa|2
|faint|p1b: Mawile
|-damage|p2b: Gholdengo|56/100|[from] item: Life Orb
|
|-heal|p1a: Milotic|62/100|[from] item: Leftovers
|upkeep
|
|t:|1784996334
|switch|p1b: Farigiraf|Farigiraf, L50, M|15/100
|turn|9
|
|t:|1784996348
|move|p1b: Farigiraf|Helping Hand|p1a: Milotic
|-singleturn|p1a: Milotic|Helping Hand|[of] p1b: Farigiraf
|move|p2b: Gholdengo|Protect|p2b: Gholdengo
|-singleturn|p2b: Gholdengo|Protect
|move|p1a: Milotic|Scald|p2b: Gholdengo
|-activate|p2b: Gholdengo|move: Protect
|
|-heal|p1a: Milotic|68/100|[from] item: Leftovers
|upkeep
|turn|10
|
|t:|1784996359
|move|p1b: Farigiraf|Helping Hand|p1a: Milotic
|-singleturn|p1a: Milotic|Helping Hand|[of] p1b: Farigiraf
|move|p2b: Gholdengo|Protect|p2b: Gholdengo
|-singleturn|p2b: Gholdengo|Protect
|move|p1a: Milotic|Scald|p2b: Gholdengo
|-activate|p2b: Gholdengo|move: Protect
|
|-heal|p1a: Milotic|74/100|[from] item: Leftovers
|-fieldend|move: Trick Room
|upkeep
|turn|11
|
|t:|1784996378
|move|p1b: Farigiraf|Helping Hand|p1a: Milotic
|-singleturn|p1a: Milotic|Helping Hand|[of] p1b: Farigiraf
|move|p2b: Gholdengo|Make It Rain|p1b: Farigiraf|[spread] p1a,p1b
|-resisted|p1a: Milotic|1
|-damage|p1a: Milotic|53/100
|-damage|p1b: Farigiraf|0 fnt
|-unboost|p2b: Gholdengo|spa|2
|faint|p1b: Farigiraf
|-damage|p2b: Gholdengo|46/100|[from] item: Life Orb
|move|p1a: Milotic|Scald|p2b: Gholdengo
|-damage|p2b: Gholdengo|3/100
|
|-heal|p1a: Milotic|59/100|[from] item: Leftovers
|upkeep
|turn|12
|
|t:|1784996393
|move|p2b: Gholdengo|Shadow Ball|p1a: Milotic
|-damage|p1a: Milotic|41/100
|-damage|p2b: Gholdengo|0 fnt|[from] item: Life Orb
|faint|p2b: Gholdengo
|
|win|Jvvkjvkgkkb
