|j|☆plsbringregi
|j|☆zoroblue
|html|plsbringregizoroblue    
|uhtml|bestof|Game 2 of a best-of-3
|t:|1784830054
|gametype|doubles
|player|p1|plsbringregi|266|1278
|player|p2|zoroblue|shadowtriad|1334
|gen|9
|tier|[Gen 9 Champions] VGC 2026 Reg M-B (Bo3)
|rated|
|rule|Species Clause: Limit one of each Pokémon
|rule|Item Clause: Limit 1 of each item
|clearpoke
|poke|p1|Dragalge, L50, M|
|poke|p1|Mamoswine, L50, M|
|poke|p1|Aerodactyl, L50, F|
|poke|p1|Lopunny, L50, F|
|poke|p1|Kingambit, L50, F|
|poke|p1|Sinistcha-Masterpiece, L50|
|poke|p2|Charizard, L50, F, shiny|
|poke|p2|Garchomp, L50, M|
|poke|p2|Sylveon, L50, F|
|poke|p2|Basculegion, L50, M|
|poke|p2|Aerodactyl, L50, M|
|poke|p2|Farigiraf, L50, F|
|teampreview|4
|showteam|p1|Dragalge||Dragalgite|Adaptability|DracoMeteor,FlipTurn,SludgeBomb,Protect|Modest||M|||50|]Mamoswine||LifeOrb|Oblivious|IceShard,HighHorsepower,IcicleCrash,Protect|Jolly||M|||50|]Aerodactyl||FocusSash|RockHead|RockSlide,WideGuard,Tailwind,Protect|Jolly||F|||50|]Lopunny||Lopunnite|CuteCharm|CloseCombat,TripleAxel,AfterYou,FakeOut|Jolly||F|||50|]Kingambit||BlackGlasses|Defiant|KowtowCleave,SuckerPunch,IronHead,Protect|Adamant||F|||50|]Sinistcha-Masterpiece||ColburBerry|Hospitality|MatchaGotcha,RagePowder,TrickRoom,Protect|Relaxed|||||50|
|showteam|p2|Charizard||CharizarditeY|Blaze|SolarBeam,Protect,HeatWave,WeatherBall|Modest||F|||50|]Garchomp||LifeOrb|RoughSkin|DragonClaw,Earthquake,StompingTantrum,RockSlide|Jolly||M|||50|]Sylveon||FairyFeather|Pixilate|HyperBeam,HyperVoice,Protect,QuickAttack|Calm||F|||50|]Basculegion||FocusSash|Adaptability|LastRespects,Liquidation,Protect,AquaJet|Jolly||M|||50|]Aerodactyl||Aerodactylite|Unnerve|RockSlide,IceFang,Tailwind,Protect|Jolly||M|||50|]Farigiraf||SitrusBerry|ArmorTail|Protect,TwinBeam,Thunderbolt,TrickRoom|Sassy||F|||50|
|
|t:|1784830078
|teamsize|p1|4
|teamsize|p2|4
|start
|switch|p1a: Aerodactyl|Aerodactyl, L50, F|100/100
|switch|p1b: Lopunny|Lopunny, L50, F|100/100
|switch|p2a: awa|Aerodactyl, L50, M|100/100
|switch|p2b: finish|Basculegion, L50, M|100/100
|-ability|p2a: awa|Unnerve
|turn|1
|
|t:|1784830094
|detailschange|p2a: awa|Aerodactyl-Mega, L50, M
|-mega|p2a: awa|Aerodactyl|Aerodactylite
|detailschange|p1b: Lopunny|Lopunny-Mega, L50, F
|-mega|p1b: Lopunny|Lopunny|Lopunnite
|move|p2a: awa|Protect|p2a: awa
|-singleturn|p2a: awa|Protect
|move|p1b: Lopunny|Fake Out|p2b: finish
|-damage|p2b: finish|71/100
|move|p1a: Aerodactyl|Rock Slide|p2a: awa|[spread] p2b
|-activate|p2a: awa|move: Protect
|-damage|p2b: finish|42/100
|cant|p2b: finish|flinch
|
|upkeep
|turn|2
|
|t:|1784830139
|switch|p1a: Kingambit|Kingambit, L50, F|100/100
|move|p2a: awa|Tailwind|p2a: awa
|-sidestart|p2: zoroblue|move: Tailwind
|move|p2b: finish|Liquidation|p1b: Lopunny
|-damage|p1b: Lopunny|35/100
|-unboost|p1b: Lopunny|def|1
|move|p1b: Lopunny|Close Combat|p2a: awa
|-damage|p2a: awa|11/100
|-unboost|p1b: Lopunny|def|1
|-unboost|p1b: Lopunny|spd|1
|
|upkeep
|turn|3
|
|t:|1784830174
|switch|p2a: Farigiraf|Farigiraf, L50, F|100/100
|move|p2b: finish|Liquidation|p1b: Lopunny
|-damage|p1b: Lopunny|0 fnt
|faint|p1b: Lopunny
|move|p1a: Kingambit|Kowtow Cleave|p2b: finish
|-supereffective|p2b: finish|1
|-damage|p2b: finish|0 fnt
|faint|p2b: finish
|
|upkeep
|
|t:|1784830181
|switch|p1b: Aerodactyl|Aerodactyl, L50, F|100/100
|switch|p2b: Sylveon|Sylveon, L50, F|100/100
|turn|4
|
|t:|1784830195
|move|p1a: Kingambit|Protect|p1a: Kingambit
|-singleturn|p1a: Kingambit|Protect
|move|p1b: Aerodactyl|Tailwind|p1b: Aerodactyl
|-sidestart|p1: plsbringregi|move: Tailwind
|move|p2b: Sylveon|Hyper Beam|p1a: Kingambit
|-activate|p1a: Kingambit|move: Protect
|move|p2a: Farigiraf|Thunderbolt|p1b: Aerodactyl
|-supereffective|p1b: Aerodactyl|1
|-damage|p1b: Aerodactyl|36/100
|
|upkeep
|turn|5
|
|t:|1784830224
|switch|p1a: Mamoswine|Mamoswine, L50, M|100/100
|move|p1b: Aerodactyl|Rock Slide|p2a: Farigiraf|[spread] p2a,p2b
|-damage|p2a: Farigiraf|71/100
|-damage|p2b: Sylveon|70/100
|move|p2b: Sylveon|Hyper Beam|p1a: Mamoswine
|-damage|p1a: Mamoswine|0 fnt
|-mustrecharge|p2b: Sylveon
|faint|p1a: Mamoswine
|move|p2a: Farigiraf|Thunderbolt|p1b: Aerodactyl
|-supereffective|p1b: Aerodactyl|1
|-damage|p1b: Aerodactyl|0 fnt
|faint|p1b: Aerodactyl
|
|-sideend|p2: zoroblue|move: Tailwind
|upkeep
|
|t:|1784830231
|switch|p1b: Kingambit|Kingambit, L50, F|100/100
|turn|6
|
|t:|1784830236
|move|p1b: Kingambit|Iron Head|p2b: Sylveon
|-supereffective|p2b: Sylveon|1
|-damage|p2b: Sylveon|0 fnt
|faint|p2b: Sylveon
|move|p2a: Farigiraf|Thunderbolt|p1b: Kingambit
|-damage|p1b: Kingambit|79/100
|
|upkeep
|
|t:|1784830240
|switch|p2b: awa|Aerodactyl-Mega, L50, M|11/100
|turn|7
|
|t:|1784830246
|move|p2b: awa|Protect|p2b: awa
|-singleturn|p2b: awa|Protect
|move|p2a: Farigiraf|Protect|p2a: Farigiraf
|-singleturn|p2a: Farigiraf|Protect
|move|p1b: Kingambit|Kowtow Cleave|p2a: Farigiraf
|-activate|p2a: Farigiraf|move: Protect
|
|-sideend|p1: plsbringregi|move: Tailwind
|upkeep
|turn|8
|
|t:|1784830259
|move|p2b: awa|Rock Slide|p1b: Kingambit
|-resisted|p1b: Kingambit|1
|-damage|p1b: Kingambit|63/100
|move|p2a: Farigiraf|Thunderbolt|p1b: Kingambit
|-damage|p1b: Kingambit|42/100
|move|p1b: Kingambit|Kowtow Cleave|p2a: Farigiraf
|-supereffective|p2a: Farigiraf|1
|-damage|p2a: Farigiraf|0 fnt
|faint|p2a: Farigiraf
|
|upkeep
|turn|9
|
|t:|1784830267
|move|p1b: Kingambit|Sucker Punch|p2b: awa
|-damage|p2b: awa|0 fnt
|faint|p2b: awa
|
|win|plsbringregi
|raw|plsbringregi's rating: 1278 → 1307(+29 for winning)
|raw|zoroblue's rating: 1334 → 1311(-23 for losing)
