|j|☆terminator7015
|j|☆efwefwefwefweifier
|html|terminator7015efwefwefwefweifier    
|uhtml|bestof|Game 1 of a best-of-3
|t:|1786183868
|gametype|doubles
|player|p1|terminator7015|drayden|1372
|player|p2|efwefwefwefweifier|clown|1344
|gen|9
|tier|[Gen 9 Champions] VGC 2026 Reg M-B (Bo3)
|rated|
|rule|Species Clause: Limit one of each Pokémon
|rule|Item Clause: Limit 1 of each item
|clearpoke
|poke|p1|Charizard, L50, M, shiny|
|poke|p1|Sinistcha, L50|
|poke|p1|Milotic, L50, F|
|poke|p1|Sneasler, L50, F|
|poke|p1|Gengar, L50, F, shiny|
|poke|p1|Incineroar, L50, M|
|poke|p2|Blastoise, L50, M|
|poke|p2|Sinistcha, L50|
|poke|p2|Incineroar, L50, M, shiny|
|poke|p2|Sneasler, L50, F|
|poke|p2|Hydreigon, L50, M|
|poke|p2|Delphox, L50, M|
|teampreview|4
|showteam|p1|Charizard||CharizarditeX|Blaze|FlareBlitz,DragonClaw,DragonDance,Protect|Adamant||M|||50|]Sinistcha||KasibBerry|Hospitality|MatchaGotcha,RagePowder,LifeDew,Protect|Bold|||||50|]Milotic||Leftovers|Competitive|MuddyWater,Coil,Hypnosis,Protect|Calm||F|||50|]Sneasler||FocusSash|Unburden|CloseCombat,Coaching,DireClaw,FakeOut|Hasty||F|||50|]Gengar||Gengarite|CursedBody|ShadowBall,PerishSong,Disable,Protect|Modest||F|||50|]Incineroar||SitrusBerry|Intimidate|DarkestLariat,PartingShot,FakeOut,Protect|Relaxed||M|||50|
|showteam|p2|Blastoise||Blastoisinite|RainDish|WaterSpout,DarkPulse,ShellSmash,Protect|Modest||M|||50|]Sinistcha||KasibBerry|Hospitality|MatchaGotcha,RagePowder,TrickRoom,LifeDew|Calm|||||50|]Incineroar||SitrusBerry|Intimidate|FlareBlitz,DarkestLariat,FakeOut,PartingShot|Careful||M|||50|]Sneasler||FocusSash|PoisonTouch|CloseCombat,PoisonJab,FakeOut,QuickGuard|Jolly||F|||50|]Hydreigon||ChoiceScarf|Levitate|DracoMeteor,DarkPulse,Snarl,EarthPower|Modest||M|||50|]Delphox||Delphoxite|Blaze|HeatWave,Psyshock,NastyPlot,Protect|Timid||M|||50|
|inactive|Battle timer is ON: inactive players will automatically lose when time's up. (requested by efwefwefwefweifier)
|inactive|efwefwefwefweifier has 60 seconds left.
|
|t:|1786183925
|teamsize|p1|4
|teamsize|p2|4
|start
|switch|p1a: Gengar|Gengar, L50, F, shiny|100/100
|switch|p1b: Incineroar|Incineroar, L50, M|100/100
|switch|p2a: Poison Foison|Sneasler, L50, F|100/100
|switch|p2b: Bartholomews|Hydreigon, L50, M|100/100
|-ability|p1b: Incineroar|Intimidate|boost
|-unboost|p2a: Poison Foison|atk|1
|-unboost|p2b: Bartholomews|atk|1
|turn|1
|inactive|terminator7015 has 30 seconds left.
|inactive|efwefwefwefweifier has 30 seconds left.
|
|t:|1786183952
|detailschange|p1a: Gengar|Gengar-Mega, L50, F, shiny
|-mega|p1a: Gengar|Gengar|Gengarite
|move|p2a: Poison Foison|Fake Out|p1b: Incineroar
|-damage|p1b: Incineroar|92/100
|cant|p1b: Incineroar|flinch
|move|p2b: Bartholomews|Dark Pulse|p1a: Gengar
|-supereffective|p1a: Gengar|1
|-damage|p1a: Gengar|16/100
|move|p1a: Gengar|Perish Song|p1a: Gengar
|-start|p1a: Gengar|perish3|[silent]
|-start|p1b: Incineroar|perish3|[silent]
|-start|p2a: Poison Foison|perish3|[silent]
|-start|p2b: Bartholomews|perish3|[silent]
|-fieldactivate|move: Perish Song
|
|-start|p2b: Bartholomews|perish3
|-start|p2a: Poison Foison|perish3
|-start|p1a: Gengar|perish3
|-start|p1b: Incineroar|perish3
|upkeep
|turn|2
|
|t:|1786183973
|move|p1a: Gengar|Protect|p1a: Gengar
|-singleturn|p1a: Gengar|Protect
|move|p1b: Incineroar|Protect|p1b: Incineroar
|-singleturn|p1b: Incineroar|Protect
|move|p2b: Bartholomews|Dark Pulse|p1b: Incineroar
|-activate|p1b: Incineroar|move: Protect
|move|p2a: Poison Foison|Close Combat|p1b: Incineroar
|-activate|p1b: Incineroar|move: Protect
|
|-start|p2b: Bartholomews|perish2
|-start|p2a: Poison Foison|perish2
|-start|p1a: Gengar|perish2
|-start|p1b: Incineroar|perish2
|upkeep
|turn|3
|
|t:|1786183984
|switch|p1a: Sinistcha|Sinistcha, L50|100/100
|-heal|p1b: Incineroar|100/100|[from] ability: Hospitality|[of] p1a: Sinistcha
|move|p2b: Bartholomews|Dark Pulse|p1b: Incineroar
|-resisted|p1b: Incineroar|1
|-damage|p1b: Incineroar|80/100
|move|p2a: Poison Foison|Close Combat|p1b: Incineroar
|-supereffective|p1b: Incineroar|1
|-damage|p1b: Incineroar|14/100
|-unboost|p2a: Poison Foison|def|1
|-unboost|p2a: Poison Foison|spd|1
|-enditem|p1b: Incineroar|Sitrus Berry|[eat]
|-heal|p1b: Incineroar|39/100|[from] item: Sitrus Berry
|cant|p1b: Incineroar|flinch
|
|-start|p2b: Bartholomews|perish1
|-start|p2a: Poison Foison|perish1
|-start|p1b: Incineroar|perish1
|upkeep
|turn|4
|inactive|efwefwefwefweifier has 30 seconds left.
|c|☆terminator7015|20% is?
|inactive|efwefwefwefweifier has 20 seconds left.
|inactive|efwefwefwefweifier has 15 seconds left.
|
|t:|1786184027
|switch|p2b: Macho Nacho|Delphox, L50, M|100/100
|switch|p2a: Spinny Sinny|Sinistcha, L50|100/100
|move|p1a: Sinistcha|Matcha Gotcha|p2b: Macho Nacho|[spread] p2a,p2b
|-resisted|p2a: Spinny Sinny|1
|-resisted|p2b: Macho Nacho|1
|-damage|p2a: Spinny Sinny|89/100
|-damage|p2b: Macho Nacho|85/100
|move|p1b: Incineroar|Parting Shot|p2b: Macho Nacho
|-unboost|p2b: Macho Nacho|atk|1
|-unboost|p2b: Macho Nacho|spa|1
|
|t:|1786184038
|switch|p1b: Gengar|Gengar-Mega, L50, F, shiny|16/100|[from] Parting Shot
|
|upkeep
|turn|5
|inactive|efwefwefwefweifier has 30 seconds left.
|
|t:|1786184067
|switch|p1a: Incineroar|Incineroar, L50, M|39/100
|-ability|p1a: Incineroar|Intimidate|boost
|-unboost|p2a: Spinny Sinny|atk|1
|-unboost|p2b: Macho Nacho|atk|1
|detailschange|p2b: Macho Nacho|Delphox-Mega, L50, M
|-mega|p2b: Macho Nacho|Delphox|Delphoxite
|move|p1b: Gengar|Protect|p1b: Gengar
|-singleturn|p1b: Gengar|Protect
|move|p2b: Macho Nacho|Heat Wave|p1b: Gengar|[spread] p1a
|-activate|p1b: Gengar|move: Protect
|-resisted|p1a: Incineroar|1
|-damage|p1a: Incineroar|27/100
|move|p2a: Spinny Sinny|Matcha Gotcha|p1a: Incineroar|[spread] p1a
|-activate|p1b: Gengar|move: Protect
|-resisted|p1a: Incineroar|1
|-damage|p1a: Incineroar|17/100
|-heal|p2a: Spinny Sinny|95/100|[from] drain|[of] p1a: Incineroar
|
|upkeep
|turn|6
|inactive|terminator7015 has 30 seconds left.
|
|t:|1786184101
|move|p2b: Macho Nacho|Protect|p2b: Macho Nacho
|-singleturn|p2b: Macho Nacho|Protect
|move|p1b: Gengar|Shadow Ball|p2a: Spinny Sinny
|-supereffective|p2a: Spinny Sinny|1
|-enditem|p2a: Spinny Sinny|Kasib Berry|[eat]
|-enditem|p2a: Spinny Sinny|Kasib Berry|[weaken]
|-damage|p2a: Spinny Sinny|46/100
|move|p2a: Spinny Sinny|Matcha Gotcha|p1b: Gengar|[spread] p1a,p1b
|-resisted|p1a: Incineroar|1
|-resisted|p1b: Gengar|1
|-damage|p1a: Incineroar|6/100
|-heal|p2a: Spinny Sinny|53/100|[from] drain|[of] p1a: Incineroar
|-damage|p1b: Gengar|4/100
|-heal|p2a: Spinny Sinny|58/100|[from] drain|[of] p1b: Gengar
|-status|p1b: Gengar|brn
|move|p1a: Incineroar|Darkest Lariat|p2a: Spinny Sinny
|-supereffective|p2a: Spinny Sinny|1
|-damage|p2a: Spinny Sinny|1/100
|
|-damage|p1b: Gengar|0 fnt|[from] brn
|faint|p1b: Gengar
|upkeep
|
|t:|1786184115
|switch|p1b: Sinistcha|Sinistcha, L50|100/100
|-heal|p1a: Incineroar|31/100|[from] ability: Hospitality|[of] p1b: Sinistcha
|turn|7
|inactive|efwefwefwefweifier has 30 seconds left.
|
|t:|1786184141
|switch|p2b: Bartholomews|Hydreigon, L50, M|100/100
|move|p1b: Sinistcha|Protect|p1b: Sinistcha
|-singleturn|p1b: Sinistcha|Protect
|move|p2a: Spinny Sinny|Matcha Gotcha|p1b: Sinistcha|[spread] p1a
|-activate|p1b: Sinistcha|move: Protect
|-resisted|p1a: Incineroar|1
|-damage|p1a: Incineroar|21/100
|-heal|p2a: Spinny Sinny|6/100|[from] drain|[of] p1a: Incineroar
|move|p1a: Incineroar|Darkest Lariat|p2a: Spinny Sinny
|-supereffective|p2a: Spinny Sinny|1
|-damage|p2a: Spinny Sinny|0 fnt
|faint|p2a: Spinny Sinny
|
|upkeep
|
|t:|1786184156
|switch|p2a: Macho Nacho|Delphox-Mega, L50, M|85/100
|turn|8
|
|t:|1786184164
|switch|p1b: Milotic|Milotic, L50, F|100/100
|move|p2b: Bartholomews|Snarl|p1a: Incineroar|[spread] p1a,p1b
|-resisted|p1a: Incineroar|1
|-damage|p1a: Incineroar|12/100
|-damage|p1b: Milotic|86/100
|-unboost|p1a: Incineroar|spa|1
|-unboost|p1b: Milotic|spa|1
|-ability|p1b: Milotic|Competitive|boost
|-boost|p1b: Milotic|spa|2
|move|p2a: Macho Nacho|Heat Wave|p1b: Milotic|[spread] p1a,p1b
|-resisted|p1a: Incineroar|1
|-resisted|p1b: Milotic|1
|-damage|p1a: Incineroar|0 fnt
|-damage|p1b: Milotic|73/100
|-status|p1b: Milotic|brn
|faint|p1a: Incineroar
|
|-heal|p1b: Milotic|79/100 brn|[from] item: Leftovers
|-damage|p1b: Milotic|73/100 brn|[from] brn
|upkeep
|
|t:|1786184170
|switch|p1a: Sinistcha|Sinistcha, L50|100/100
|-heal|p1b: Milotic|98/100 brn|[from] ability: Hospitality|[of] p1a: Sinistcha
|turn|9
|c|☆terminator7015|and burn omg
|
|t:|1786184190
|switch|p2b: Poison Foison|Sneasler, L50, F|100/100
|move|p1a: Sinistcha|Protect|p1a: Sinistcha
|-singleturn|p1a: Sinistcha|Protect
|move|p2a: Macho Nacho|Heat Wave|p1b: Milotic|[spread] p1b
|-activate|p1a: Sinistcha|move: Protect
|-resisted|p1b: Milotic|1
|-damage|p1b: Milotic|86/100 brn
|move|p1b: Milotic|Coil|p1b: Milotic
|-boost|p1b: Milotic|atk|1
|-boost|p1b: Milotic|def|1
|-boost|p1b: Milotic|accuracy|1
|
|-heal|p1b: Milotic|92/100 brn|[from] item: Leftovers
|-damage|p1b: Milotic|86/100 brn|[from] brn
|upkeep
|turn|10
|
|t:|1786184204
|move|p2b: Poison Foison|Fake Out|p1b: Milotic
|-damage|p1b: Milotic|78/100 brn
|move|p2a: Macho Nacho|Heat Wave|p1b: Milotic|[spread] p1a,p1b
|-supereffective|p1a: Sinistcha|1
|-resisted|p1b: Milotic|1
|-damage|p1a: Sinistcha|21/100
|-damage|p1b: Milotic|66/100 brn
|cant|p1b: Milotic|flinch
|move|p1a: Sinistcha|Life Dew|p1a: Sinistcha|[spread] p1a,p1b
|-heal|p1a: Sinistcha|46/100
|-heal|p1b: Milotic|92/100 brn
|
|-heal|p1b: Milotic|98/100 brn|[from] item: Leftovers
|-damage|p1b: Milotic|92/100 brn|[from] brn
|upkeep
|turn|11
|
|t:|1786184216
|move|p1a: Sinistcha|Protect|p1a: Sinistcha
|-singleturn|p1a: Sinistcha|Protect
|move|p2a: Macho Nacho|Heat Wave|p1a: Sinistcha|[spread] p1b
|-activate|p1a: Sinistcha|move: Protect
|-resisted|p1b: Milotic|1
|-damage|p1b: Milotic|79/100 brn
|move|p2b: Poison Foison|Close Combat|p1b: Milotic
|-damage|p1b: Milotic|42/100 brn
|-unboost|p2b: Poison Foison|def|1
|-unboost|p2b: Poison Foison|spd|1
|move|p1b: Milotic|Hypnosis|p2a: Macho Nacho|[miss]
|-miss|p1b: Milotic|p2a: Macho Nacho
|
|-heal|p1b: Milotic|48/100 brn|[from] item: Leftovers
|-damage|p1b: Milotic|42/100 brn|[from] brn
|upkeep
|turn|12
|
|t:|1786184234
|move|p2a: Macho Nacho|Heat Wave|p1a: Sinistcha|[spread] p1b
|-miss|p2a: Macho Nacho|p1a: Sinistcha
|-resisted|p1b: Milotic|1
|-damage|p1b: Milotic|29/100 brn
|move|p2b: Poison Foison|Close Combat|p1b: Milotic
|-damage|p1b: Milotic|0 fnt
|-unboost|p2b: Poison Foison|def|1
|-unboost|p2b: Poison Foison|spd|1
|faint|p1b: Milotic
|move|p1a: Sinistcha|Life Dew|p1a: Sinistcha
|-heal|p1a: Sinistcha|71/100
|
|upkeep
|turn|13
|-message|terminator7015 forfeited.
|
|win|efwefwefwefweifier
|l|☆terminator7015
|player|p1|
||terminator7015 is ready for game 2.
||efwefwefwefweifier is ready for game 2.
|uhtml|next|Next: Game 2 of 3
