|j|☆0n0_SERPER_0n0
|j|☆pablittoo
|html|0n0_SERPER_0n0pablittoo    
|uhtml|bestof|Game 1 of a best-of-3
|t:|1782328102
|gametype|doubles
|player|p1|0n0_SERPER_0n0|erika|
|player|p2|pablittoo|101|
|gen|9
|tier|[Gen 9 Champions] VGC 2026 Reg M-B (Bo3)
|rule|Species Clause: Limit one of each Pokémon
|rule|Item Clause: Limit 1 of each item
|clearpoke
|poke|p1|Charizard, L50, F|
|poke|p1|Whimsicott, L50, F, shiny|
|poke|p1|Metagross, L50|
|poke|p1|Garchomp, L50, F, shiny|
|poke|p1|Kingambit, L50, M|
|poke|p1|Sylveon, L50, M, shiny|
|poke|p2|Incineroar, L50, M|
|poke|p2|Sinistcha, L50|
|poke|p2|Floette-Eternal, L50, F|
|poke|p2|Basculegion, L50, M|
|poke|p2|Whimsicott, L50, M|
|poke|p2|Pyroar, L50, M|
|teampreview|4
|showteam|p1|Charizard||CharizarditeY|Blaze|WeatherBall,HeatWave,SolarBeam,Protect|Modest||F|||50|]Whimsicott||MentalHerb|Prankster|Moonblast,Tailwind,Encore,Protect|Timid||F|||50|]Metagross||Metagrossite|ClearBody|IronHead,PsychicFangs,BrickBreak,Protect|Jolly|||||50|]Garchomp||LifeOrb|RoughSkin|DragonClaw,StompingTantrum,RockTomb,Protect|Jolly||F|||50|]Kingambit||FocusSash|Defiant|SuckerPunch,KowtowCleave,IronHead,LowKick|Adamant||M|||50|]Sylveon||FairyFeather|Pixilate|QuickAttack,HyperBeam,HyperVoice,Detect|Modest||M|||50|
|showteam|p2|Incineroar||SitrusBerry|Intimidate|WillOWisp,FlareBlitz,FakeOut,PartingShot|Impish||M|||50|]Sinistcha||KasibBerry|Hospitality|StrengthSap,RagePowder,MatchaGotcha,Protect|Bold|||||50|]Floette-Eternal||Floettite|FlowerVeil|Protect,CalmMind,Moonblast,DazzlingGleam|Modest||F|||50|]Basculegion||ChoiceScarf|Adaptability|WaveCrash,LastRespects,AquaJet,FlipTurn|Jolly||M|||50|]Whimsicott||FocusSash|Prankster|Tailwind,SunnyDay,Moonblast,Protect|Timid||M|||50|]Pyroar||Pyroarite|Rivalry|HeatWave,Overheat,Protect,DarkPulse|Timid||M|||50|
|c|☆pablittoo|GL
|c|☆0n0_SERPER_0n0|gl
|
|t:|1782328220
|teamsize|p1|4
|teamsize|p2|4
|start
|switch|p1a: Chompy|Garchomp, L50, F, shiny|100/100
|switch|p1b: Luda4|Whimsicott, L50, F, shiny|100/100
|switch|p2a: Incineroar|Incineroar, L50, M|100/100
|switch|p2b: Pyroar|Pyroar, L50, M|100/100
|-ability|p2a: Incineroar|Intimidate|boost
|-unboost|p1a: Chompy|atk|1
|-unboost|p1b: Luda4|atk|1
|turn|1
|
|t:|1782328245
|detailschange|p2b: Pyroar|Pyroar-Mega, L50, M
|-mega|p2b: Pyroar|Pyroar|Pyroarite
|move|p1b: Luda4|Protect|p1b: Luda4
|-singleturn|p1b: Luda4|Protect
|move|p1a: Chompy|Protect|p1a: Chompy
|-singleturn|p1a: Chompy|Protect
|move|p2a: Incineroar|Fake Out|p1a: Chompy
|-activate|p1a: Chompy|move: Protect
|move|p2b: Pyroar|Heat Wave|p1b: Luda4|[spread] 
|-activate|p1a: Chompy|move: Protect
|-activate|p1b: Luda4|move: Protect
|
|upkeep
|turn|2
|
|t:|1782328288
|move|p2b: Pyroar|Protect|p2b: Pyroar
|-singleturn|p2b: Pyroar|Protect
|move|p1b: Luda4|Tailwind|p1b: Luda4
|-sidestart|p1: 0n0_SERPER_0n0|move: Tailwind
|move|p1a: Chompy|Stomping Tantrum|p2b: Pyroar
|-activate|p2b: Pyroar|move: Protect
|move|p2a: Incineroar|Will-O-Wisp|p1a: Chompy
|-status|p1a: Chompy|brn
|
|-damage|p1a: Chompy|94/100 brn|[from] brn
|upkeep
|turn|3
|
|t:|1782328322
|switch|p2b: Whimsicott|Whimsicott, L50, M|100/100
|move|p1b: Luda4|Encore||[still]
|-fail|p1b: Luda4
|move|p1a: Chompy|Stomping Tantrum|p2a: Incineroar
|-supereffective|p2a: Incineroar|1
|-damage|p2a: Incineroar|74/100
|-damage|p1a: Chompy|84/100 brn|[from] item: Life Orb
|move|p2a: Incineroar|Flare Blitz|p1b: Luda4
|-supereffective|p1b: Luda4|1
|-damage|p1b: Luda4|5/100
|-damage|p2a: Incineroar|48/100|[from] Recoil
|-enditem|p2a: Incineroar|Sitrus Berry|[eat]
|-heal|p2a: Incineroar|73/100|[from] item: Sitrus Berry
|
|-damage|p1a: Chompy|78/100 brn|[from] brn
|upkeep
|turn|4
|
|t:|1782328345
|switch|p1a: Koldo|Charizard, L50, F|100/100
|move|p1b: Luda4|Protect|p1b: Luda4
|-singleturn|p1b: Luda4|Protect
|move|p2b: Whimsicott|Tailwind|p2b: Whimsicott
|-sidestart|p2: pablittoo|move: Tailwind
|move|p2a: Incineroar|Parting Shot|p1b: Luda4
|-activate|p1b: Luda4|move: Protect
|
|upkeep
|turn|5
|
|t:|1782328377
|detailschange|p1a: Koldo|Charizard-Mega-Y, L50, F
|-mega|p1a: Koldo|Charizard|Charizardite Y
|-weather|SunnyDay|[from] ability: Drought|[of] p1a: Koldo
|move|p2b: Whimsicott|Protect|p2b: Whimsicott
|-singleturn|p2b: Whimsicott|Protect
|move|p1b: Luda4|Moonblast|p2a: Incineroar
|-damage|p2a: Incineroar|50/100g
|move|p1a: Koldo|Heat Wave|p2a: Incineroar|[spread] p2a
|-activate|p2b: Whimsicott|move: Protect
|-resisted|p2a: Incineroar|1
|-damage|p2a: Incineroar|20/100y
|move|p2a: Incineroar|Parting Shot|p1a: Koldo
|-unboost|p1a: Koldo|atk|1
|-unboost|p1a: Koldo|spa|1
|
|t:|1782328397
|switch|p2a: Pyroar|Pyroar-Mega, L50, M|100/100|[from] Parting Shot
|
|-weather|SunnyDay|[upkeep]
|-sideend|p1: 0n0_SERPER_0n0|move: Tailwind
|upkeep
|turn|6
|
|t:|1782328423
|move|p1b: Luda4|Tailwind|p1b: Luda4
|-sidestart|p1: 0n0_SERPER_0n0|move: Tailwind
|move|p2a: Pyroar|Heat Wave|p1b: Luda4|[spread] p1a,p1b
|-resisted|p1a: Koldo|1
|-supereffective|p1b: Luda4|1
|-damage|p1a: Koldo|60/100
|-damage|p1b: Luda4|0 fnt
|faint|p1b: Luda4
|move|p2b: Whimsicott|Moonblast|p1a: Koldo
|-resisted|p1a: Koldo|1
|-damage|p1a: Koldo|43/100
|move|p1a: Koldo|Heat Wave|p2a: Pyroar|[spread] p2a,p2b
|-resisted|p2a: Pyroar|1
|-supereffective|p2b: Whimsicott|1
|-damage|p2a: Pyroar|73/100
|-enditem|p2b: Whimsicott|Focus Sash
|-damage|p2b: Whimsicott|1/100
|
|-weather|SunnyDay|[upkeep]
|upkeep
|
|t:|1782328448
|switch|p1b: Chompy|Garchomp, L50, F, shiny|78/100 brn
|turn|7
|
|t:|1782328463
|switch|p2a: Incineroar|Incineroar, L50, M|20/100y
|-ability|p2a: Incineroar|Intimidate|boost
|-unboost|p1a: Koldo|atk|1
|-unboost|p1b: Chompy|atk|1
|move|p2b: Whimsicott|Protect|p2b: Whimsicott
|-singleturn|p2b: Whimsicott|Protect
|move|p1b: Chompy|Rock Tomb|p2a: Incineroar
|-supereffective|p2a: Incineroar|1
|-damage|p2a: Incineroar|6/100
|-unboost|p2a: Incineroar|spe|1
|-damage|p1b: Chompy|69/100 brn|[from] item: Life Orb
|move|p1a: Koldo|Heat Wave|p2b: Whimsicott|[spread] p2a
|-activate|p2b: Whimsicott|move: Protect
|-resisted|p2a: Incineroar|1
|-damage|p2a: Incineroar|0 fnt
|faint|p2a: Incineroar
|
|-weather|SunnyDay|[upkeep]
|-damage|p1b: Chompy|63/100 brn|[from] brn
|-sideend|p2: pablittoo|move: Tailwind
|upkeep
|
|t:|1782328474
|switch|p2a: Pyroar|Pyroar-Mega, L50, M|73/100
|turn|8
|
|t:|1782328480
|move|p2b: Whimsicott|Tailwind|p2b: Whimsicott
|-sidestart|p2: pablittoo|move: Tailwind
|move|p2a: Pyroar|Heat Wave|p1a: Koldo|[spread] p1a,p1b
|-resisted|p1a: Koldo|1
|-resisted|p1b: Chompy|1
|-damage|p1a: Koldo|7/100
|-damage|p1b: Chompy|20/100y brn
|move|p1b: Chompy|Rock Tomb|p2a: Pyroar
|-supereffective|p2a: Pyroar|1
|-damage|p2a: Pyroar|53/100
|-unboost|p2a: Pyroar|spe|1
|-damage|p1b: Chompy|11/100 brn|[from] item: Life Orb
|move|p1a: Koldo|Heat Wave|p2a: Pyroar|[spread] p2a,p2b
|-resisted|p2a: Pyroar|1
|-supereffective|p2b: Whimsicott|1
|-damage|p2a: Pyroar|26/100
|-damage|p2b: Whimsicott|0 fnt
|faint|p2b: Whimsicott
|
|-weather|SunnyDay|[upkeep]
|-damage|p1b: Chompy|5/100 brn|[from] brn
|upkeep
|
|t:|1782328485
|switch|p2b: Basculegion|Basculegion, L50, M|100/100
|turn|9
|
|t:|1782328513
|move|p2b: Basculegion|Last Respects|p1a: Koldo
|-damage|p1a: Koldo|0 fnt
|faint|p1a: Koldo
|move|p1b: Chompy|Rock Tomb|p2b: Basculegion
|-damage|p2b: Basculegion|89/100
|-unboost|p2b: Basculegion|spe|1
|-damage|p1b: Chompy|0 fnt|[from] item: Life Orb
|faint|p1b: Chompy
|move|p2a: Pyroar|Dark Pulse|p1: Koldo|[notarget]
|-fail|p2a: Pyroar
|
|-weather|none
|-sideend|p1: 0n0_SERPER_0n0|move: Tailwind
|upkeep
|
|t:|1782328520
|switch|p1a: Kingambit|Kingambit, L50, M|100/100
|turn|10
|
|t:|1782328549
|move|p2a: Pyroar|Protect|p2a: Pyroar
|-singleturn|p2a: Pyroar|Protect
|move|p1a: Kingambit|Sucker Punch|p2b: Basculegion
|-supereffective|p2b: Basculegion|1
|-damage|p2b: Basculegion|0 fnt
|faint|p2b: Basculegion
|
|upkeep
|turn|11
|
|t:|1782328555
|move|p1a: Kingambit|Sucker Punch|p2a: Pyroar
|-damage|p2a: Pyroar|0 fnt
|faint|p2a: Pyroar
|
|win|0n0_SERPER_0n0
||pablittoo is ready for game 2.
|inactive|0n0_SERPER_0n0 has 30 seconds to confirm battle start!
|inactive|0n0_SERPER_0n0 has 20 seconds to confirm battle start!
||0n0_SERPER_0n0 is ready for game 2.
|uhtml|next|Next: Game 2 of 3
