|j|☆Slo-mmo-o
|j|☆Gaguimpact
|html|Slo-mmo-oGaguimpact    
|uhtml|bestof|Game 1 of a best-of-3
|t:|1756475783
|gametype|doubles
|player|p1|Slo-mmo-o|lance|1079
|player|p2|Gaguimpact|2|1045
|gen|9
|tier|[Gen 9] VGC 2025 Reg H (Bo3)
|rated|
|rule|Species Clause: Limit one of each Pokémon
|rule|Item Clause: Limit 1 of each item
|clearpoke
|poke|p1|Kommo-o, L50, F|
|poke|p1|Ninetales-Alola, L50, F|
|poke|p1|Rillaboom, L50, M|
|poke|p1|Electabuzz, L50, M|
|poke|p1|Annihilape, L50, M|
|poke|p1|Kingambit, L50, F|
|poke|p2|Armarouge, L50, M|
|poke|p2|Zoroark-Hisui, L50, F|
|poke|p2|Indeedee-F, L50, F|
|poke|p2|Maushold-Four, L50|
|poke|p2|Gastrodon-East, L50, F|
|poke|p2|Archaludon, L50, M|
|teampreview|4
|showteam|p1|Kommo-o||LifeOrb|Soundproof|ClangingScales,AuraSphere,Flamethrower,Protect|||F|||50|,,,,,Fire]Ninetales-Alola||NeverMeltIce|SnowWarning|Blizzard,FreezeDry,Encore,Protect|||F|||50|,,,,,Ice]Rillaboom||AssaultVest|GrassySurge|WoodHammer,GrassyGlide,HighHorsepower,FakeOut|||M|||50|,,,,,Poison]Electabuzz||Eviolite|VitalSpirit|Electroweb,HelpingHand,FollowMe,Protect|||M|||50|,,,,,Ghost]Annihilape||FocusSash|Defiant|CloseCombat,ShadowClaw,FinalGambit,Taunt|||M|||50|,,,,,Stellar]Kingambit||BlackGlasses|Defiant|KowtowCleave,SuckerPunch,SwordsDance,Protect|||F|||50|,,,,,Dark
|showteam|p2|Armarouge||WeaknessPolicy|WeakArmor|ExpandingForce,Flamethrower,AuraSphere,Endure|||M|||50|,,,,,Dark]Zoroark-Hisui||ChoiceScarf|Illusion|IcyWind,ShadowBall,Trick,Uturn|||F|||50|,,,,,Dark]Indeedee-F||SafetyGoggles|PsychicSurge|FollowMe,TrickRoom,Imprison,HyperVoice|||F|||50|,,,,,Fairy]Maushold-Four||WideLens|Technician|PopulationBomb,FollowMe,Encore,Protect||||||50|,,,,,Ghost]Gastrodon-East||SitrusBerry|StormDrain|EarthPower,MuddyWater,Yawn,Protect|||F|||50|,,,,,Fire]Archaludon||AssaultVest|Stamina|DragonPulse,ElectroShot,FlashCannon,BodyPress|||M|||50|,,,,,Grass
|inactive|Battle timer is ON: inactive players will automatically lose when time's up. (requested by Slo-mmo-o)
|
|t:|1756475856
|teamsize|p1|4
|teamsize|p2|4
|start
|switch|p1a: Buzz Lightyear|Electabuzz, L50, M|100/100
|switch|p1b: Queen Goober|Kingambit, L50, F, shiny|100/100
|switch|p2a: Armarouge|Armarouge, L50, M|100/100
|switch|p2b: Archaludon|Archaludon, L50, M|100/100
|turn|1
|inactive|Gaguimpact has 30 seconds left.
|inactive|Gaguimpact has 20 seconds left.
|inactive|Gaguimpact has 15 seconds left.
|inactive|Gaguimpact has 10 seconds left.
|inactive|Gaguimpact has 5 seconds left.
|
|t:|1756475910
|switch|p2a: Indeedee|Indeedee-F, L50, F|100/100
|-fieldstart|move: Psychic Terrain|[from] ability: Psychic Surge|[of] p2a: Indeedee
|move|p1a: Buzz Lightyear|Follow Me|p1a: Buzz Lightyear
|-singleturn|p1a: Buzz Lightyear|move: Follow Me
|move|p2b: Archaludon|Trick|p1a: Buzz Lightyear
|-activate|p2b: Archaludon|move: Trick|[of] p1a: Buzz Lightyear
|-item|p1a: Buzz Lightyear|Choice Scarf|[from] move: Trick
|-item|p2b: Archaludon|Eviolite|[from] move: Trick
|move|p1b: Queen Goober|Swords Dance|p1b: Queen Goober
|-boost|p1b: Queen Goober|atk|2
|
|upkeep
|turn|2
|inactive|Slo-mmo-o has 30 seconds left.
|inactive|Gaguimpact has 30 seconds left.
|inactive|Gaguimpact has 20 seconds left.
|
|t:|1756475946
|switch|p2a: Archaludon|Archaludon, L50, M|100/100
|-terastallize|p1b: Queen Goober|Dark
|move|p1a: Buzz Lightyear|Electroweb|p2a: Archaludon|[spread] p2a,p2b
|-resisted|p2a: Archaludon
|-damage|p2a: Archaludon|96/100
|-damage|p2b: Archaludon|71/100
|-unboost|p2a: Archaludon|spe|1
|-unboost|p2b: Archaludon|spe|1
|-ability|p2a: Archaludon|Stamina|boost
|-boost|p2a: Archaludon|def|1
|replace|p2b: Zoroark|Zoroark-Hisui, L50, F, shiny
|-end|p2b: Zoroark|Illusion
|move|p2b: Zoroark|Trick|p1b: Queen Goober
|-activate|p2b: Zoroark|move: Trick|[of] p1b: Queen Goober
|-item|p1b: Queen Goober|Eviolite|[from] move: Trick
|-item|p2b: Zoroark|Black Glasses|[from] move: Trick
|move|p1b: Queen Goober|Kowtow Cleave|p2b: Zoroark
|-supereffective|p2b: Zoroark
|-damage|p2b: Zoroark|0 fnt
|faint|p2b: Zoroark
|
|upkeep
|inactive|Gaguimpact has 30 seconds left.
|
|t:|1756475972
|switch|p2b: Armarouge|Armarouge, L50, M|100/100
|turn|3
|l|☆Slo-mmo-o
|inactive|Slo-mmo-o disconnected and has a minute to reconnect!
|player|p1|
|inactive|Gaguimpact has 30 seconds left.
|
|t:|1756475999
|switch|p1a: Monkey Gong|Rillaboom, L50, M|100/100
|-fieldstart|move: Grassy Terrain|[from] ability: Grassy Surge|[of] p1a: Monkey Gong
|-terastallize|p2b: Armarouge|Dark
|move|p1b: Queen Goober|Protect|p1b: Queen Goober
|-singleturn|p1b: Queen Goober|Protect
|move|p2b: Armarouge|Expanding Force|p1a: Monkey Gong
|-damage|p1a: Monkey Gong|68/100
|move|p2a: Archaludon|Body Press|p1b: Queen Goober
|-activate|p1b: Queen Goober|move: Protect
|
|-heal|p1a: Monkey Gong|74/100|[from] Grassy Terrain
|-heal|p2a: Archaludon|100/100|[from] Grassy Terrain
|upkeep
|turn|4
|j|☆Slo-mmo-o
|inactive|Slo-mmo-o reconnected and has 55 seconds left.
|player|p1|Slo-mmo-o|lance|
|inactive|Gaguimpact has 30 seconds left.
|
|t:|1756476030
|switch|p1b: Buzz Lightyear|Electabuzz, L50, M|100/100
|move|p1a: Monkey Gong|Wood Hammer|p2b: Armarouge
|-damage|p2b: Armarouge|20/100
|-ability|p2b: Armarouge|Weak Armor|boost
|-unboost|p2b: Armarouge|def|1
|-boost|p2b: Armarouge|spe|2
|-damage|p1a: Monkey Gong|50/100|[from] Recoil
|move|p2b: Armarouge|Flamethrower|p1a: Monkey Gong
|-supereffective|p1a: Monkey Gong
|-damage|p1a: Monkey Gong|0 fnt
|faint|p1a: Monkey Gong
|move|p2a: Archaludon|Body Press|p1b: Buzz Lightyear
|-damage|p1b: Buzz Lightyear|45/100
|
|-heal|p1b: Buzz Lightyear|51/100|[from] Grassy Terrain
|-heal|p2b: Armarouge|26/100|[from] Grassy Terrain
|upkeep
|
|t:|1756476038
|switch|p1a: Kommodo-Moʻo|Kommo-o, L50, F, shiny|100/100
|turn|5
|
|t:|1756476060
|move|p2b: Armarouge|Endure|p2b: Armarouge
|-singleturn|p2b: Armarouge|move: Endure
|move|p1b: Buzz Lightyear|Electroweb|p2b: Armarouge|[spread] p2a,p2b
|-resisted|p2a: Archaludon
|-crit|p2a: Archaludon
|-damage|p2a: Archaludon|94/100
|-damage|p2b: Armarouge|9/100
|-unboost|p2a: Archaludon|spe|1
|-unboost|p2b: Armarouge|spe|1
|-ability|p2a: Archaludon|Stamina|boost
|-boost|p2a: Archaludon|def|1
|move|p1a: Kommodo-Moʻo|Aura Sphere|p2a: Archaludon
|-supereffective|p2a: Archaludon
|-damage|p2a: Archaludon|29/100
|-ability|p2a: Archaludon|Stamina|boost
|-boost|p2a: Archaludon|def|1
|-damage|p1a: Kommodo-Moʻo|91/100|[from] item: Life Orb
|move|p2a: Archaludon|Dragon Pulse|p1a: Kommodo-Moʻo
|-supereffective|p1a: Kommodo-Moʻo
|-damage|p1a: Kommodo-Moʻo|3/100
|
|-heal|p1b: Buzz Lightyear|57/100|[from] Grassy Terrain
|-heal|p2b: Armarouge|15/100|[from] Grassy Terrain
|-heal|p1a: Kommodo-Moʻo|9/100|[from] Grassy Terrain
|-heal|p2a: Archaludon|35/100|[from] Grassy Terrain
|upkeep
|turn|6
|inactive|Gaguimpact has 30 seconds left.
|
|t:|1756476091
|switch|p2a: Indeedee|Indeedee-F, L50, F|100/100
|-fieldstart|move: Psychic Terrain|[from] ability: Psychic Surge|[of] p2a: Indeedee
|move|p1b: Buzz Lightyear|Electroweb|p2b: Armarouge|[spread] p2a,p2b
|-damage|p2a: Indeedee|87/100
|-damage|p2b: Armarouge|0 fnt
|-unboost|p2a: Indeedee|spe|1
|faint|p2b: Armarouge
|move|p1a: Kommodo-Moʻo|Aura Sphere|p2a: Indeedee
|-damage|p2a: Indeedee|42/100
|-damage|p1a: Kommodo-Moʻo|0 fnt|[from] item: Life Orb
|faint|p1a: Kommodo-Moʻo
|
|upkeep
|
|t:|1756476106
|switch|p1a: Queen Goober|Kingambit, L50, F, shiny, tera:Dark|100/100
|switch|p2b: Archaludon|Archaludon, L50, M|35/100
|turn|7
|
|t:|1756476116
|move|p2a: Indeedee|Follow Me|p2a: Indeedee
|-singleturn|p2a: Indeedee|move: Follow Me
|move|p1b: Buzz Lightyear|Electroweb|p2b: Archaludon|[spread] p2a,p2b
|-resisted|p2b: Archaludon
|-damage|p2a: Indeedee|29/100
|-damage|p2b: Archaludon|31/100
|-unboost|p2a: Indeedee|spe|1
|-unboost|p2b: Archaludon|spe|1
|-ability|p2b: Archaludon|Stamina|boost
|-boost|p2b: Archaludon|def|1
|move|p2b: Archaludon|Body Press|p1a: Queen Goober
|-supereffective|p1a: Queen Goober
|-damage|p1a: Queen Goober|47/100
|move|p1a: Queen Goober|Kowtow Cleave|p2a: Indeedee
|-supereffective|p2a: Indeedee
|-damage|p2a: Indeedee|0 fnt
|faint|p2a: Indeedee
|
|upkeep
|turn|8
|
|t:|1756476132
|move|p1b: Buzz Lightyear|Electroweb|p2b: Archaludon
|-resisted|p2b: Archaludon
|-damage|p2b: Archaludon|25/100
|-unboost|p2b: Archaludon|spe|1
|-ability|p2b: Archaludon|Stamina|boost
|-boost|p2b: Archaludon|def|1
|move|p2b: Archaludon|Body Press|p1a: Queen Goober
|-supereffective|p1a: Queen Goober
|-damage|p1a: Queen Goober|0 fnt
|faint|p1a: Queen Goober
|
|upkeep
|turn|9
|
|t:|1756476151
|move|p1b: Buzz Lightyear|Electroweb|p2b: Archaludon
|-resisted|p2b: Archaludon
|-damage|p2b: Archaludon|19/100
|-unboost|p2b: Archaludon|spe|1
|-ability|p2b: Archaludon|Stamina|boost
|-boost|p2b: Archaludon|def|1
|move|p2b: Archaludon|Body Press|p1b: Buzz Lightyear
|-damage|p1b: Buzz Lightyear|0 fnt
|faint|p1b: Buzz Lightyear
|
|win|Gaguimpact
||Slo-mmo-o is ready for game 2.
|inactive|Gaguimpact has 30 seconds to confirm battle start!
||Gaguimpact is ready for game 2.
|uhtml|next|Next: Game 2 of 3
