|j|‽animej10
|j|☆sparrow.d.ace
|html|animej10sparrow.d.ace    
|uhtml|bestof|Game 3 of a best-of-3
|t:|1757103690
|gametype|doubles
|player|p1|animej10|lance|1201
|player|p2|sparrow.d.ace|alec-anime|1147
|gen|9
|tier|[Gen 9] VGC 2025 Reg H (Bo3)
|rated|
|rule|Species Clause: Limit one of each Pokémon
|rule|Item Clause: Limit 1 of each item
|clearpoke
|poke|p1|Pelipper, L50, F|
|poke|p1|Incineroar, L50, F|
|poke|p1|Amoonguss, L50, M|
|poke|p1|Archaludon, L50, M|
|poke|p1|Sneasler, L50, F|
|poke|p1|Electabuzz, L50, M|
|poke|p2|Basculegion, L50, M|
|poke|p2|Archaludon, L50, F|
|poke|p2|Sneasler, L50, F|
|poke|p2|Rillaboom, L50, M|
|poke|p2|Pelipper, L50, M|
|poke|p2|Incineroar, L50, M|
|teampreview|4
|showteam|p1|Pelipper||FocusSash|Drizzle|Tailwind,Hurricane,Protect,RainDance|||F|||50|,,,,,Water]Incineroar||MirrorHerb|Intimidate|FlareBlitz,FakeOut,PartingShot,KnockOff|||F|||50|,,,,,Grass]Amoonguss||RockyHelmet|Regenerator|Spore,SludgeBomb,RagePowder,PollenPuff|||M|||50|,,,,,Dark]Archaludon||AssaultVest|Stamina|BodyPress,FlashCannon,ElectroShot,DracoMeteor|||M|||50|,,,,,Electric]Sneasler||LifeOrb|Unburden|DireClaw,CloseCombat,FakeOut,ShadowClaw|||F|||50|,,,,,Ghost]Electabuzz||Eviolite|VitalSpirit|FollowMe,Thunder,Electroweb,Protect|||M|||50|,,,,,Steel
|showteam|p2|Basculegion||ChoiceBand|SwiftSwim|WaveCrash,FlipTurn,LastRespects,AquaJet|||M|||50|,,,,,Water]Archaludon||AssaultVest|Stamina|ElectroShot,DragonPulse,FlashCannon,BodyPress|||F|||50|,,,,,Bug]Sneasler||FocusSash|PoisonTouch|DireClaw,CloseCombat,ThroatChop,Protect|||F|||50|,,,,,Ghost]Rillaboom||LoadedDice|GrassySurge|BulletSeed,GrassyGlide,Uturn,FakeOut|||M|||50|,,,,,Fire]Pelipper||CovertCloak|Drizzle|WeatherBall,Hurricane,Tailwind,Protect|||M|||50|,,,,,Grass]Incineroar||SitrusBerry|Intimidate|FlareBlitz,KnockOff,FakeOut,PartingShot|||M|||50|,,,,,Ghost
|inactive|Battle timer is ON: inactive players will automatically lose when time's up. (requested by animej10)
|
|t:|1757103714
|teamsize|p1|4
|teamsize|p2|4
|start
|switch|p1a: Sneasler|Sneasler, L50, F|100/100
|switch|p1b: Incineroar|Incineroar, L50, F, shiny|100/100
|switch|p2a: Archaludon|Archaludon, L50, F|100/100
|switch|p2b: Sneasler|Sneasler, L50, F|100/100
|-ability|p1b: Incineroar|Intimidate|boost
|-unboost|p2a: Archaludon|atk|1
|-unboost|p2b: Sneasler|atk|1
|turn|1
|inactive|sparrow.d.ace has 30 seconds left.
|
|t:|1757103742
|switch|p2a: Pelipper|Pelipper, L50, M|100/100
|-weather|RainDance|[from] ability: Drizzle|[of] p2a: Pelipper
|-terastallize|p2b: Sneasler|Ghost
|move|p1b: Incineroar|Fake Out|p2b: Sneasler
|-immune|p2b: Sneasler
|move|p2b: Sneasler|Throat Chop|p1a: Sneasler
|-resisted|p1a: Sneasler
|-damage|p1a: Sneasler|86/100
|-start|p1a: Sneasler|Throat Chop|[silent]
|move|p1a: Sneasler|Close Combat|p2a: Pelipper
|-resisted|p2a: Pelipper
|-damage|p2a: Pelipper|58/100
|-unboost|p1a: Sneasler|def|1
|-unboost|p1a: Sneasler|spd|1
|-damage|p1a: Sneasler|76/100|[from] item: Life Orb
|
|-weather|RainDance|[upkeep]
|upkeep
|turn|2
|
|t:|1757103767
|switch|p2b: Archaludon|Archaludon, L50, F|100/100
|switch|p1a: Archaludon|Archaludon, L50, M|100/100
|move|p2a: Pelipper|Hurricane|p1a: Archaludon
|-resisted|p1a: Archaludon
|-damage|p1a: Archaludon|85/100
|-ability|p1a: Archaludon|Stamina|boost
|-boost|p1a: Archaludon|def|1
|move|p1b: Incineroar|Knock Off|p2b: Archaludon
|-damage|p2b: Archaludon|70/100
|-ability|p2b: Archaludon|Stamina|boost
|-boost|p2b: Archaludon|def|1
|-enditem|p2b: Archaludon|Assault Vest|[from] move: Knock Off|[of] p1b: Incineroar
|-enditem|p1b: Incineroar|Mirror Herb
|-boost|p1b: Incineroar|def|1|[from] item: Mirror Herb
|
|-weather|RainDance|[upkeep]
|upkeep
|turn|3
|inactive|animej10 has 30 seconds left.
|inactive|sparrow.d.ace has 30 seconds left.
|
|t:|1757103797
|-terastallize|p1a: Archaludon|Electric
|move|p2a: Pelipper|Protect|p2a: Pelipper
|-singleturn|p2a: Pelipper|Protect
|move|p2b: Archaludon|Electro Shot||[still]
|-prepare|p2b: Archaludon|Electro Shot
|-boost|p2b: Archaludon|spa|1
|-anim|p2b: Archaludon|Electro Shot|p1a: Archaludon
|-resisted|p1a: Archaludon
|-damage|p1a: Archaludon|63/100
|-ability|p1a: Archaludon|Stamina|boost
|-boost|p1a: Archaludon|def|1
|move|p1a: Archaludon|Electro Shot||[still]
|-prepare|p1a: Archaludon|Electro Shot
|-boost|p1a: Archaludon|spa|1
|-anim|p1a: Archaludon|Electro Shot|p2b: Archaludon
|-resisted|p2b: Archaludon
|-damage|p2b: Archaludon|20/100
|-ability|p2b: Archaludon|Stamina|boost
|-boost|p2b: Archaludon|def|1
|move|p1b: Incineroar|Knock Off|p2a: Pelipper
|-activate|p2a: Pelipper|move: Protect
|
|-weather|RainDance|[upkeep]
|upkeep
|turn|4
|inactive|animej10 has 30 seconds left.
|
|t:|1757103823
|move|p2b: Archaludon|Dragon Pulse|p1a: Archaludon
|-crit|p1a: Archaludon
|-damage|p1a: Archaludon|0 fnt
|faint|p1a: Archaludon
|move|p2a: Pelipper|Weather Ball|p1b: Incineroar
|-supereffective|p1b: Incineroar
|-damage|p1b: Incineroar|12/100
|move|p1b: Incineroar|Knock Off|p2a: Pelipper
|-damage|p2a: Pelipper|20/100
|-enditem|p2a: Pelipper|Covert Cloak|[from] move: Knock Off|[of] p1b: Incineroar
|
|-weather|RainDance|[upkeep]
|upkeep
|
|t:|1757103839
|switch|p1a: Sneasler|Sneasler, L50, F|76/100
|turn|5
|
|t:|1757103848
|switch|p2a: Sneasler|Sneasler, L50, F, tera:Ghost|100/100
|switch|p1b: Electabuzz|Electabuzz, L50, M|100/100
|move|p1a: Sneasler|Close Combat|p2b: Archaludon
|-supereffective|p2b: Archaludon
|-damage|p2b: Archaludon|0 fnt
|-unboost|p1a: Sneasler|def|1
|-unboost|p1a: Sneasler|spd|1
|faint|p2b: Archaludon
|-damage|p1a: Sneasler|66/100|[from] item: Life Orb
|
|-weather|none
|upkeep
|
|t:|1757103860
|switch|p2b: Pelipper|Pelipper, L50, M|20/100
|-weather|RainDance|[from] ability: Drizzle|[of] p2b: Pelipper
|turn|6
|
|t:|1757103885
|switch|p1a: Incineroar|Incineroar, L50, F, shiny|12/100
|-ability|p1a: Incineroar|Intimidate|boost
|-unboost|p2a: Sneasler|atk|1
|-unboost|p2b: Pelipper|atk|1
|switch|p2b: Basculegion|Basculegion, L50, M, shiny|100/100
|move|p2a: Sneasler|Close Combat|p1a: Incineroar
|-supereffective|p1a: Incineroar
|-damage|p1a: Incineroar|0 fnt
|-unboost|p2a: Sneasler|def|1
|-unboost|p2a: Sneasler|spd|1
|faint|p1a: Incineroar
|move|p1b: Electabuzz|Electroweb|p2b: Basculegion|[spread] p2a
|-miss|p1b: Electabuzz|p2b: Basculegion
|-damage|p2a: Sneasler|68/100
|-unboost|p2a: Sneasler|spe|1
|
|-weather|RainDance|[upkeep]
|upkeep
|
|t:|1757103902
|switch|p1a: Sneasler|Sneasler, L50, F|66/100
|turn|7
|inactive|animej10 has 30 seconds left.
|
|t:|1757103931
|move|p1b: Electabuzz|Follow Me|p1b: Electabuzz
|-singleturn|p1b: Electabuzz|move: Follow Me
|move|p2b: Basculegion|Wave Crash|p1b: Electabuzz
|-damage|p1b: Electabuzz|0 fnt
|faint|p1b: Electabuzz
|-damage|p2b: Basculegion|72/100|[from] Recoil
|move|p1a: Sneasler|Shadow Claw|p2a: Sneasler
|-supereffective|p2a: Sneasler
|-damage|p2a: Sneasler|0 fnt
|faint|p2a: Sneasler
|-damage|p1a: Sneasler|57/100|[from] item: Life Orb
|
|-weather|RainDance|[upkeep]
|upkeep
|
|t:|1757103943
|switch|p2a: Pelipper|Pelipper, L50, M|20/100
|turn|8
|
|t:|1757103948
|move|p2b: Basculegion|Wave Crash|p1a: Sneasler
|-damage|p1a: Sneasler|0 fnt
|faint|p1a: Sneasler
|-damage|p2b: Basculegion|58/100|[from] Recoil
|
|win|sparrow.d.ace
|raw|animej10's rating: 1201 → 1172(-29 for losing)
|raw|sparrow.d.ace's rating: 1147 → 1176(+29 for winning)
|l|‽animej10
|player|p1|
