|j|☆gruby_2
|j|☆sorecruiser
|html|gruby_2sorecruiser    
|uhtml|bestof|Game 1 of a best-of-3
|t:|1757688934
|gametype|doubles
|player|p1|gruby_2|medium|1066
|player|p2|sorecruiser|furisodegirl-black|1098
|gen|9
|tier|[Gen 9] VGC 2025 Reg H (Bo3)
|rated|
|rule|Species Clause: Limit one of each Pokémon
|rule|Item Clause: Limit 1 of each item
|clearpoke
|poke|p1|Amoonguss, L50, M|
|poke|p1|Archaludon, L50, M|
|poke|p1|Basculegion, L50, M|
|poke|p1|Salamence, L50, M|
|poke|p1|Kingambit, L50, M|
|poke|p1|Pelipper, L50, M|
|poke|p2|Gholdengo, L50|
|poke|p2|Whimsicott, L50, M|
|poke|p2|Sneasler, L50, M|
|poke|p2|Rillaboom, L50, F|
|poke|p2|Hydreigon, L50, F|
|poke|p2|Magmar, L50, M|
|teampreview|4
|showteam|p1|Amoonguss||SitrusBerry|Regenerator|PollenPuff,RagePowder,Protect,Spore|||M|||50|,,,,,Dark]Archaludon||AssaultVest|Stamina|ElectroShot,DracoMeteor,BodyPress,Snarl|||M|||50|,,,,,Ghost]Basculegion||ChoiceBand|SwiftSwim|WaveCrash,LastRespects,TeraBlast,FlipTurn|||M|||50|,,,,,Grass]Salamence||LifeOrb|Intimidate|DracoMeteor,Hurricane,Tailwind,Protect|||M|||50|,,,,,Flying]Kingambit||BlackGlasses|Defiant|KowtowCleave,SuckerPunch,SwordsDance,Protect|||M|||50|,,,,,Dark]Pelipper||FocusSash|Drizzle|Hurricane,WeatherBall,WideGuard,Protect|||M|||50|,,,,,Water
|showteam|p2|Gholdengo||MetalCoat|GoodasGold|MakeItRain,ShadowBall,NastyPlot,Protect||||||50|,,,,,Water]Whimsicott||CovertCloak|Prankster|Tailwind,Encore,SunnyDay,Moonblast|||M|||50|,,,,,Dark]Sneasler||WhiteHerb|Unburden|DireClaw,CloseCombat,ThroatChop,Protect|||M|||50|,,,,,Dark]Rillaboom||AssaultVest|GrassySurge|GrassyGlide,WoodHammer,HighHorsepower,FakeOut|||F|||50|,,,,,Fire]Hydreigon||ChoiceSpecs|Levitate|DarkPulse,DracoMeteor,Snarl,HeatWave|||F|||50|,,,,,Fairy]Magmar||Eviolite|VitalSpirit|FollowMe,HeatWave,Taunt,Protect|||M|||50|,,,,,Ghost
|inactive|Battle timer is ON: inactive players will automatically lose when time's up. (requested by gruby_2)
|inactive|sorecruiser has 60 seconds left.
|
|t:|1757688975
|teamsize|p1|4
|teamsize|p2|4
|start
|switch|p1a: Amoonguss|Amoonguss, L50, M|100/100
|switch|p1b: Kingambit|Kingambit, L50, M|100/100
|switch|p2a: Sneasler|Sneasler, L50, M|100/100
|switch|p2b: Rillaboom|Rillaboom, L50, F|100/100
|-fieldstart|move: Grassy Terrain|[from] ability: Grassy Surge|[of] p2b: Rillaboom
|turn|1
|
|t:|1757688988
|move|p1b: Kingambit|Protect|p1b: Kingambit
|-singleturn|p1b: Kingambit|Protect
|move|p2b: Rillaboom|Fake Out|p1a: Amoonguss
|-damage|p1a: Amoonguss|90/100
|move|p2a: Sneasler|Close Combat|p1b: Kingambit
|-activate|p1b: Kingambit|move: Protect
|cant|p1a: Amoonguss|flinch
|
|-heal|p1a: Amoonguss|96/100|[from] Grassy Terrain
|upkeep
|turn|2
|
|t:|1757689008
|switch|p1b: Pelipper|Pelipper, L50, M|100/100
|-weather|RainDance|[from] ability: Drizzle|[of] p1b: Pelipper
|move|p2a: Sneasler|Close Combat|p1b: Pelipper
|-resisted|p1b: Pelipper
|-damage|p1b: Pelipper|62/100
|-unboost|p2a: Sneasler|def|1
|-unboost|p2a: Sneasler|spd|1
|-enditem|p2a: Sneasler|White Herb
|-clearnegativeboost|p2a: Sneasler|[silent]
|move|p2b: Rillaboom|High Horsepower|p1b: Pelipper
|-immune|p1b: Pelipper
|move|p1a: Amoonguss|Spore|p2a: Sneasler
|-status|p2a: Sneasler|slp|[from] move: Spore
|
|-weather|RainDance|[upkeep]
|-heal|p1a: Amoonguss|100/100|[from] Grassy Terrain
|upkeep
|turn|3
|inactive|gruby_2 has 30 seconds left.
|
|t:|1757689035
|move|p2b: Rillaboom|Grassy Glide|p1b: Pelipper
|-damage|p1b: Pelipper|9/100
|cant|p2a: Sneasler|slp
|move|p1b: Pelipper|Hurricane|p2b: Rillaboom
|-supereffective|p2b: Rillaboom
|-damage|p2b: Rillaboom|39/100
|move|p1a: Amoonguss|Pollen Puff|p1b: Pelipper
|-heal|p1b: Pelipper|58/100
|
|-weather|RainDance|[upkeep]
|-heal|p2b: Rillaboom|44/100|[from] Grassy Terrain
|upkeep
|turn|4
|
|t:|1757689054
|move|p2b: Rillaboom|Grassy Glide|p1b: Pelipper
|-damage|p1b: Pelipper|14/100
|-curestatus|p2a: Sneasler|slp|[msg]
|move|p2a: Sneasler|Dire Claw|p1b: Pelipper
|-damage|p1b: Pelipper|0 fnt
|faint|p1b: Pelipper
|move|p1a: Amoonguss|Pollen Puff|p1: Pelipper|[notarget]
|-fail|p1a: Amoonguss
|
|-weather|RainDance|[upkeep]
|-heal|p2b: Rillaboom|50/100|[from] Grassy Terrain
|upkeep
|
|t:|1757689063
|switch|p1b: Archaludon|Archaludon, L50, M|100/100
|turn|5
|inactive|sorecruiser has 30 seconds left.
|
|t:|1757689090
|-terastallize|p1b: Archaludon|Ghost
|move|p2a: Sneasler|Protect|p2a: Sneasler
|-singleturn|p2a: Sneasler|Protect
|move|p1b: Archaludon|Electro Shot||[still]
|-prepare|p1b: Archaludon|Electro Shot
|-boost|p1b: Archaludon|spa|1
|-anim|p1b: Archaludon|Electro Shot|p2b: Rillaboom
|-resisted|p2b: Rillaboom
|-crit|p2b: Rillaboom
|-damage|p2b: Rillaboom|10/100
|move|p2b: Rillaboom|High Horsepower|p1a: Amoonguss
|-damage|p1a: Amoonguss|77/100
|move|p1a: Amoonguss|Spore|p2a: Sneasler
|-activate|p2a: Sneasler|move: Protect
|
|-weather|RainDance|[upkeep]
|-heal|p2b: Rillaboom|16/100|[from] Grassy Terrain
|-heal|p1a: Amoonguss|83/100|[from] Grassy Terrain
|-fieldend|move: Grassy Terrain
|upkeep
|turn|6
|
|t:|1757689107
|-terastallize|p2a: Sneasler|Dark
|move|p1a: Amoonguss|Rage Powder|p1a: Amoonguss
|-singleturn|p1a: Amoonguss|move: Rage Powder
|move|p2a: Sneasler|Throat Chop|p1a: Amoonguss
|-damage|p1a: Amoonguss|52/100
|-start|p1a: Amoonguss|Throat Chop|[silent]
|move|p1b: Archaludon|Electro Shot||[still]
|-prepare|p1b: Archaludon|Electro Shot
|-boost|p1b: Archaludon|spa|1
|-anim|p1b: Archaludon|Electro Shot|p2a: Sneasler
|-damage|p2a: Sneasler|0 fnt
|faint|p2a: Sneasler
|move|p2b: Rillaboom|Wood Hammer|p1b: Archaludon
|-damage|p1b: Archaludon|52/100
|-ability|p1b: Archaludon|Stamina|boost
|-boost|p1b: Archaludon|def|1
|-damage|p2b: Rillaboom|3/100|[from] Recoil
|
|-weather|none
|upkeep
|
|t:|1757689119
|switch|p2a: Gholdengo|Gholdengo, L50|100/100
|turn|7
|
|t:|1757689134
|switch|p2b: Whimsicott|Whimsicott, L50, M|100/100
|move|p2a: Gholdengo|Shadow Ball|p1b: Archaludon
|-supereffective|p1b: Archaludon
|-damage|p1b: Archaludon|0 fnt
|faint|p1b: Archaludon
|move|p1a: Amoonguss|Pollen Puff|p1: Archaludon|[notarget]
|-fail|p1a: Amoonguss
|
|-end|p1a: Amoonguss|Throat Chop|[silent]
|upkeep
|
|t:|1757689142
|switch|p1b: Kingambit|Kingambit, L50, M|100/100
|turn|8
|
|t:|1757689164
|move|p2b: Whimsicott|Encore|p1a: Amoonguss
|-start|p1a: Amoonguss|Encore
|move|p2a: Gholdengo|Nasty Plot|p2a: Gholdengo
|-boost|p2a: Gholdengo|spa|2
|move|p1b: Kingambit|Kowtow Cleave|p2a: Gholdengo
|-supereffective|p2a: Gholdengo
|-damage|p2a: Gholdengo|0 fnt
|faint|p2a: Gholdengo
|move|p1a: Amoonguss|Pollen Puff|p2b: Whimsicott
|-damage|p2b: Whimsicott|80/100
|
|upkeep
|
|t:|1757689170
|switch|p2a: Rillaboom|Rillaboom, L50, F|3/100
|-fieldstart|move: Grassy Terrain|[from] ability: Grassy Surge|[of] p2a: Rillaboom
|turn|9
|
|t:|1757689191
|move|p2a: Rillaboom|Fake Out|p1b: Kingambit
|-resisted|p1b: Kingambit
|-damage|p1b: Kingambit|96/100
|move|p2b: Whimsicott|Moonblast|p1b: Kingambit
|-damage|p1b: Kingambit|68/100
|cant|p1b: Kingambit|flinch
|move|p1a: Amoonguss|Pollen Puff|p2a: Rillaboom
|-supereffective|p2a: Rillaboom
|-damage|p2a: Rillaboom|0 fnt
|faint|p2a: Rillaboom
|
|-heal|p2b: Whimsicott|86/100|[from] Grassy Terrain
|-heal|p1b: Kingambit|74/100|[from] Grassy Terrain
|-heal|p1a: Amoonguss|58/100|[from] Grassy Terrain
|upkeep
|turn|10
|
|t:|1757689209
|move|p2b: Whimsicott|Moonblast|p1b: Kingambit
|-crit|p1b: Kingambit
|-damage|p1b: Kingambit|36/100
|move|p1b: Kingambit|Kowtow Cleave|p2b: Whimsicott
|-resisted|p2b: Whimsicott
|-damage|p2b: Whimsicott|54/100
|move|p1a: Amoonguss|Pollen Puff|p1b: Kingambit
|-heal|p1b: Kingambit|86/100
|
|-heal|p2b: Whimsicott|60/100|[from] Grassy Terrain
|-heal|p1b: Kingambit|92/100|[from] Grassy Terrain
|-heal|p1a: Amoonguss|64/100|[from] Grassy Terrain
|-end|p1a: Amoonguss|Encore
|upkeep
|turn|11
|-message|sorecruiser forfeited.
|
|win|gruby_2
