|j|☆ShabazXVGC
|j|☆SovereignSyl
|html|ShabazXVGCSovereignSyl    
|uhtml|bestof|Game 3 of a best-of-3
|t:|1756915695
|gametype|doubles
|player|p1|ShabazXVGC|marlon|1168
|player|p2|SovereignSyl|amelia-shuffle|1062
|gen|9
|tier|[Gen 9] VGC 2025 Reg H (Bo3)
|rated|
|rule|Species Clause: Limit one of each Pokémon
|rule|Item Clause: Limit 1 of each item
|clearpoke
|poke|p1|Rillaboom, L50, M|
|poke|p1|Incineroar, L50, M|
|poke|p1|Weezing-Galar, L50, F|
|poke|p1|Dragapult, L50, M|
|poke|p1|Kingambit, L50, M|
|poke|p1|Porygon2, L50|
|poke|p2|Indeedee-F, L50, F|
|poke|p2|Armarouge, L50, M|
|poke|p2|Hatterene, L50, F|
|poke|p2|Torkoal, L50, M|
|poke|p2|Gallade, L50, M|
|poke|p2|Ursaluna, L50, M|
|teampreview|4
|showteam|p1|Rillaboom||GrassySeed|GrassySurge|FakeOut,HighHorsepower,GrassyGlide,WoodHammer|||M|||50|,,,,,Fire]Incineroar||AssaultVest|Intimidate|FlareBlitz,KnockOff,Uturn,FakeOut|||M|||50|,,,,,Ghost]Weezing-Galar||SitrusBerry|NeutralizingGas|Protect,PoisonGas,SludgeBomb,DazzlingGleam|||F|||50|,,,,,Water]Dragapult||LifeOrb|ClearBody|DragonDarts,PhantomForce,Uturn,Protect|||M|||50|,,,,,Dragon]Kingambit||SafetyGoggles|Defiant|SuckerPunch,KowtowCleave,Protect,SwordsDance|||M|||50|,,,,,Dragon]Porygon2||Eviolite|Download|TeraBlast,IceBeam,TrickRoom,Recover||||||50|,,,,,Poison
|showteam|p2|Indeedee-F||SafetyGoggles|PsychicSurge|AlluringVoice,FollowMe,HelpingHand,TrickRoom|||F|||50|,,,,,Dragon]Armarouge||PowerHerb|FlashFire|ArmorCannon,ExpandingForce,MeteorBeam,Protect|||M|||50|,,,,,Grass]Hatterene||LifeOrb|MagicBounce|ExpandingForce,DazzlingGleam,TrickRoom,Protect|||F|||50|,,,,,Fire]Torkoal||AssaultVest|Drought|Eruption,WeatherBall,EarthPower,ClearSmog|||M|||50|,,,,,Fire]Gallade||ClearAmulet|Sharpness|PsychoCut,SacredSword,WideGuard,TrickRoom|||M|||50|,,,,,Grass]Ursaluna||FlameOrb|Guts|Facade,HeadlongRush,Substitute,Protect|||M|||50|,,,,,Dragon
|
|t:|1756915735
|teamsize|p1|4
|teamsize|p2|4
|start
|switch|p1a: Vegapunk|Porygon2, L50|100/100
|switch|p1b: Kaido|Dragapult, L50, M|100/100
|switch|p2a: Eris|Indeedee-F, L50, F|100/100
|switch|p2b: Prometheus|Armarouge, L50, M|100/100
|-fieldstart|move: Psychic Terrain|[from] ability: Psychic Surge|[of] p2a: Eris
|-ability|p1a: Vegapunk|Download|boost
|-boost|p1a: Vegapunk|spa|1
|turn|1
|
|t:|1756915765
|-terastallize|p2a: Eris|Dragon
|move|p1b: Kaido|U-turn|p2b: Prometheus
|-damage|p2b: Prometheus|65/100
|-damage|p1b: Kaido|91/100|[from] item: Life Orb
|
|t:|1756915772
|switch|p1b: Ace|Incineroar, L50, M|100/100|[from] U-turn
|-ability|p1b: Ace|Intimidate|boost
|-unboost|p2a: Eris|atk|1
|-unboost|p2b: Prometheus|atk|1
|move|p2b: Prometheus|Expanding Force|p1a: Vegapunk|[spread] p1a
|-immune|p1b: Ace
|-damage|p1a: Vegapunk|66/100
|move|p1a: Vegapunk|Tera Blast|p2b: Prometheus
|-damage|p2b: Prometheus|5/100
|move|p2a: Eris|Trick Room|p2a: Eris
|-fieldstart|move: Trick Room|[of] p2a: Eris
|
|upkeep
|turn|2
|
|t:|1756915796
|switch|p2b: Cerberus|Ursaluna, L50, M, shiny|100/100
|move|p2a: Eris|Alluring Voice|p1b: Ace
|-damage|p1b: Ace|86/100
|move|p1b: Ace|U-turn|p2b: Cerberus
|-damage|p2b: Cerberus|83/100
|
|t:|1756915805
|switch|p1b: Kaido|Dragapult, L50, M|91/100|[from] U-turn
|move|p1a: Vegapunk|Trick Room|p1a: Vegapunk
|-fieldend|move: Trick Room
|
|-status|p2b: Cerberus|brn|[from] item: Flame Orb
|upkeep
|turn|3
|
|t:|1756915828
|-terastallize|p1b: Kaido|Dragon
|move|p1b: Kaido|Dragon Darts|p2a: Eris
|-supereffective|p2a: Eris
|-damage|p2a: Eris|7/100
|-anim|p1b: Kaido|Dragon Darts|p2b: Cerberus
|-damage|p2b: Cerberus|53/100 brn
|-damage|p1b: Kaido|81/100|[from] item: Life Orb
|move|p1a: Vegapunk|Ice Beam|p2b: Cerberus
|-supereffective|p2b: Cerberus
|-damage|p2b: Cerberus|0 fnt
|faint|p2b: Cerberus
|move|p2a: Eris|Trick Room|p2a: Eris
|-fieldstart|move: Trick Room|[of] p2a: Eris
|
|upkeep
|
|t:|1756915850
|switch|p2b: Prometheus|Armarouge, L50, M|5/100
|turn|4
|
|t:|1756915866
|move|p2a: Eris|Helping Hand|p2b: Prometheus
|-singleturn|p2b: Prometheus|Helping Hand|[of] p2a: Eris
|move|p1b: Kaido|Protect|p1b: Kaido
|-singleturn|p1b: Kaido|Protect
|move|p2b: Prometheus|Expanding Force|p1a: Vegapunk|[spread] p1a
|-activate|p1b: Kaido|move: Protect
|-damage|p1a: Vegapunk|9/100
|move|p1a: Vegapunk|Trick Room|p1a: Vegapunk
|-fieldend|move: Trick Room
|
|upkeep
|turn|5
|
|t:|1756915882
|move|p2b: Prometheus|Protect|p2b: Prometheus
|-singleturn|p2b: Prometheus|Protect
|move|p1b: Kaido|Dragon Darts|p2a: Eris
|-supereffective|p2a: Eris
|-damage|p2a: Eris|0 fnt
|faint|p2a: Eris
|-damage|p1b: Kaido|71/100|[from] item: Life Orb
|move|p1a: Vegapunk|Recover|p1a: Vegapunk
|-heal|p1a: Vegapunk|59/100
|
|-fieldend|move: Psychic Terrain
|upkeep
|
|t:|1756915886
|switch|p2a: Thanatos|Gallade, L50, M|100/100
|turn|6
|
|t:|1756915904
|move|p2a: Thanatos|Wide Guard|p2a: Thanatos
|-singleturn|p2a: Thanatos|Wide Guard
|move|p1b: Kaido|U-turn|p2b: Prometheus
|-damage|p2b: Prometheus|0 fnt
|faint|p2b: Prometheus
|-damage|p1b: Kaido|61/100|[from] item: Life Orb
|
|t:|1756915910
|switch|p1b: Ace|Incineroar, L50, M|86/100|[from] U-turn
|-ability|p1b: Ace|Intimidate|boost
|-fail|p2a: Thanatos|unboost|[from] item: Clear Amulet|[of] p2a: Thanatos
|move|p1a: Vegapunk|Recover|p1a: Vegapunk
|-heal|p1a: Vegapunk|100/100
|
|upkeep
|turn|7
|
|t:|1756915927
|move|p1b: Ace|Fake Out|p2a: Thanatos
|-damage|p2a: Thanatos|83/100
|cant|p2a: Thanatos|flinch
|move|p1a: Vegapunk|Tera Blast|p2a: Thanatos
|-damage|p2a: Thanatos|42/100
|
|upkeep
|turn|8
|
|t:|1756915936
|switch|p1a: Kaido|Dragapult, L50, M, tera:Dragon|61/100
|move|p1b: Ace|U-turn|p2a: Thanatos
|-damage|p2a: Thanatos|7/100
|
|t:|1756915941
|switch|p1b: Vegapunk|Porygon2, L50|100/100|[from] U-turn
|-ability|p1b: Vegapunk|Download|boost
|-boost|p1b: Vegapunk|atk|1
|move|p2a: Thanatos|Sacred Sword|p1a: Kaido
|-damage|p1a: Kaido|0 fnt
|faint|p1a: Kaido
|
|upkeep
|c|☆SovereignSyl|wp!
|
|t:|1756915948
|switch|p1a: Ace|Incineroar, L50, M|86/100
|-ability|p1a: Ace|Intimidate|boost
|-fail|p2a: Thanatos|unboost|[from] item: Clear Amulet|[of] p2a: Thanatos
|turn|9
|c|☆ShabazXVGC|ty you too
|-message|SovereignSyl forfeited.
|
|win|ShabazXVGC
|raw|ShabazXVGC's rating: 1168 → 1186(+18 for winning)
|raw|SovereignSyl's rating: 1062 → 1048(-14 for losing)
|l|☆SovereignSyl
|player|p2|
