|j|☆Gitano D Jaen
|j|☆CiaoKombucha
|html|Gitano D JaenCiaoKombucha    
|uhtml|bestof|Game 3 of a best-of-3
|t:|1755864654
|gametype|doubles
|player|p1|Gitano D Jaen|roughneck-gen4|1304
|player|p2|CiaoKombucha|170|1336
|gen|9
|tier|[Gen 9] VGC 2025 Reg H (Bo3)
|rated|
|rule|Species Clause: Limit one of each Pokémon
|rule|Item Clause: Limit 1 of each item
|clearpoke
|poke|p1|Electabuzz, L50, F|
|poke|p1|Ursaluna-Bloodmoon, L50, M|
|poke|p1|Tyranitar, L50, F|
|poke|p1|Excadrill, L50, M|
|poke|p1|Tauros-Paldea-Blaze, L50, M|
|poke|p1|Dragapult, L50, M|
|poke|p2|Annihilape, L50, F|
|poke|p2|Maushold, L50|
|poke|p2|Gholdengo, L50|
|poke|p2|Incineroar, L50, F|
|poke|p2|Tyranitar, L50, M|
|poke|p2|Volcarona, L50, M|
|teampreview|4
|showteam|p1|Electabuzz||Eviolite|VitalSpirit|Electroweb,FollowMe,Taunt,Protect|||F|||50|,,,,,Dragon]Ursaluna-Bloodmoon||LifeOrb|MindsEye|BloodMoon,HyperVoice,EarthPower,Protect|||M|||50|,,,,,Normal]Tyranitar||AssaultVest|SandStream|RockSlide,KnockOff,TeraBlast,LowKick|||F|||50|,,,,,Flying]Excadrill||FocusSash|SandRush|Earthquake,HighHorsepower,IronHead,Protect|||M|||50|,,,,,Ground]Tauros-Paldea-Blaze||SafetyGoggles|Intimidate|WillOWisp,CloseCombat,FlareBlitz,Protect|||M|||50|,,,,,Dark]Dragapult||ChoiceBand|ClearBody|DragonDarts,TeraBlast,PhantomForce,Uturn|||M|||50|,,,,,Ghost
|showteam|p2|Annihilape||SitrusBerry|Defiant|DrainPunch,RageFist,BulkUp,Protect|||F|||50|,,,,,Water]Maushold||RockyHelmet|FriendGuard|BeatUp,Taunt,FollowMe,Protect||||||50|,,,,,Ghost]Gholdengo||LifeOrb|GoodasGold|MakeItRain,ShadowBall,NastyPlot,Protect||||||50|,,,,,Water]Incineroar||SafetyGoggles|Intimidate|FlareBlitz,KnockOff,PartingShot,FakeOut|||F|||50|,,,,,Ghost]Tyranitar||AssaultVest|SandStream|RockSlide,KnockOff,LowKick,TeraBlast|||M|||50|,,,,,Flying]Volcarona||CovertCloak|FlameBody|Overheat,StruggleBug,WillOWisp,Tailwind|||M|||50|,,,,,Fairy
|
|t:|1755864680
|teamsize|p1|4
|teamsize|p2|4
|start
|switch|p1a: Electabuzz|Electabuzz, L50, F|100/100
|switch|p1b: Ursaluna|Ursaluna-Bloodmoon, L50, M|100/100
|switch|p2a: Maushold|Maushold, L50|100/100
|switch|p2b: Annihilape|Annihilape, L50, F, shiny|100/100
|turn|1
|
|t:|1755864685
|-terastallize|p1b: Ursaluna|Normal
|move|p1a: Electabuzz|Follow Me|p1a: Electabuzz
|-singleturn|p1a: Electabuzz|move: Follow Me
|move|p2a: Maushold|Taunt|p1a: Electabuzz
|-start|p1a: Electabuzz|move: Taunt
|move|p2b: Annihilape|Drain Punch|p1a: Electabuzz
|-damage|p1a: Electabuzz|70/100
|move|p1b: Ursaluna|Blood Moon|p2b: Annihilape
|-damage|p2b: Annihilape|1/100
|-enditem|p2b: Annihilape|Sitrus Berry|[eat]
|-heal|p2b: Annihilape|26/100|[from] item: Sitrus Berry
|-damage|p1b: Ursaluna|91/100|[from] item: Life Orb
|
|upkeep
|turn|2
|
|t:|1755864703
|switch|p2b: Volcarona|Volcarona, L50, M|100/100
|move|p2a: Maushold|Protect|p2a: Maushold
|-singleturn|p2a: Maushold|Protect
|move|p1b: Ursaluna|Protect|p1b: Ursaluna
|-singleturn|p1b: Ursaluna|Protect
|move|p1a: Electabuzz|Electroweb|p2b: Volcarona|[spread] p2b
|-activate|p2a: Maushold|move: Protect
|-damage|p2b: Volcarona|93/100
|
|upkeep
|turn|3
|
|t:|1755864712
|move|p2a: Maushold|Follow Me|p2a: Maushold
|-singleturn|p2a: Maushold|move: Follow Me
|move|p2b: Volcarona|Struggle Bug|p1a: Electabuzz|[spread] p1a,p1b
|-damage|p1a: Electabuzz|57/100
|-damage|p1b: Ursaluna|69/100
|-unboost|p1a: Electabuzz|spa|1
|-unboost|p1b: Ursaluna|spa|1
|move|p1a: Electabuzz|Electroweb|p2b: Volcarona|[spread] p2a,p2b
|-damage|p2a: Maushold|88/100
|-damage|p2b: Volcarona|88/100
|-unboost|p2a: Maushold|spe|1
|move|p1b: Ursaluna|Hyper Voice|p2a: Maushold|[spread] p2a,p2b
|-damage|p2a: Maushold|30/100
|-damage|p2b: Volcarona|57/100
|-damage|p1b: Ursaluna|59/100|[from] item: Life Orb
|
|upkeep
|turn|4
|
|t:|1755864724
|move|p2a: Maushold|Protect|p2a: Maushold
|-singleturn|p2a: Maushold|Protect
|move|p2b: Volcarona|Struggle Bug|p1b: Ursaluna|[spread] p1a,p1b
|-damage|p1a: Electabuzz|45/100
|-damage|p1b: Ursaluna|36/100
|-unboost|p1a: Electabuzz|spa|1
|-unboost|p1b: Ursaluna|spa|1
|move|p1a: Electabuzz|Electroweb|p2a: Maushold|[spread] p2b
|-activate|p2a: Maushold|move: Protect
|-damage|p2b: Volcarona|52/100
|move|p1b: Ursaluna|Hyper Voice|p2b: Volcarona|[spread] p2b
|-activate|p2a: Maushold|move: Protect
|-damage|p2b: Volcarona|33/100
|-damage|p1b: Ursaluna|27/100|[from] item: Life Orb
|
|-end|p1a: Electabuzz|move: Taunt
|upkeep
|turn|5
|
|t:|1755864734
|move|p1a: Electabuzz|Electroweb|p2a: Maushold|[spread] p2a,p2b
|-damage|p2a: Maushold|22/100
|-damage|p2b: Volcarona|28/100
|-unboost|p2a: Maushold|spe|1
|move|p2b: Volcarona|Tailwind|p2b: Volcarona
|-sidestart|p2: CiaoKombucha|move: Tailwind
|move|p2a: Maushold|Taunt|p1a: Electabuzz
|-start|p1a: Electabuzz|move: Taunt
|move|p1b: Ursaluna|Blood Moon|p2b: Volcarona
|-damage|p2b: Volcarona|0 fnt
|faint|p2b: Volcarona
|-damage|p1b: Ursaluna|17/100|[from] item: Life Orb
|
|upkeep
|
|t:|1755864738
|switch|p2b: Annihilape|Annihilape, L50, F, shiny|26/100
|turn|6
|
|t:|1755864751
|switch|p1b: Tyranitar|Tyranitar, L50, F|100/100
|-weather|Sandstorm|[from] ability: Sand Stream|[of] p1b: Tyranitar
|move|p2a: Maushold|Follow Me|p2a: Maushold
|-singleturn|p2a: Maushold|move: Follow Me
|move|p2b: Annihilape|Rage Fist|p1a: Electabuzz
|-damage|p1a: Electabuzz|4/100
|move|p1a: Electabuzz|Electroweb|p2a: Maushold|[spread] p2a,p2b
|-damage|p2a: Maushold|13/100
|-damage|p2b: Annihilape|22/100
|-unboost|p2a: Maushold|spe|1
|-unboost|p2b: Annihilape|spe|1
|-ability|p2b: Annihilape|Defiant|boost
|-boost|p2b: Annihilape|atk|2
|
|-weather|Sandstorm|[upkeep]
|-damage|p2b: Annihilape|16/100|[from] Sandstorm
|-damage|p1a: Electabuzz|0 fnt|[from] Sandstorm
|-damage|p2a: Maushold|7/100|[from] Sandstorm
|faint|p1a: Electabuzz
|upkeep
|
|t:|1755864753
|switch|p1a: Excadrill|Excadrill, L50, M|100/100
|turn|7
|
|t:|1755864761
|move|p2a: Maushold|Follow Me|p2a: Maushold
|-singleturn|p2a: Maushold|move: Follow Me
|move|p1a: Excadrill|Earthquake|p2a: Maushold|[spread] p1b,p2a,p2b
|-supereffective|p1b: Tyranitar
|-crit|p1b: Tyranitar
|-crit|p2b: Annihilape
|-damage|p1b: Tyranitar|0 fnt
|-damage|p2a: Maushold|0 fnt
|-damage|p2b: Annihilape|0 fnt
|faint|p1b: Tyranitar
|faint|p2a: Maushold
|faint|p2b: Annihilape
|
|-weather|Sandstorm|[upkeep]
|upkeep
|
|t:|1755864768
|switch|p2b: Gholdengo|Gholdengo, L50|100/100
|switch|p1b: Ursaluna|Ursaluna-Bloodmoon, L50, M, tera:Normal|17/100
|turn|8
|-message|CiaoKombucha forfeited.
|
|win|Gitano D Jaen
|raw|Gitano D Jaen's rating: 1304 → 1326(+22 for winning)
|raw|CiaoKombucha's rating: 1336 → 1314(-22 for losing)
|l|☆CiaoKombucha
|player|p2|
|c|☆Gitano D Jaen|Gg
