|j|☆Sangyforever
|j|☆Astano
|html|SangyforeverAstano    
|uhtml|bestof|Game 2 of a best-of-3
|t:|1783238098
|gametype|doubles
|player|p1|Sangyforever|169|
|player|p2|Astano|169|
|gen|9
|tier|[Gen 9 Champions] VGC 2026 Reg M-B (Bo3)
|rule|Species Clause: Limit one of each Pokémon
|rule|Item Clause: Limit 1 of each item
|clearpoke
|poke|p1|Swampert, L50, F|
|poke|p1|Pelipper, L50, M|
|poke|p1|Archaludon, L50, M|
|poke|p1|Raichu, L50, M|
|poke|p1|Sinistcha, L50|
|poke|p1|Sneasler, L50, M|
|poke|p2|Swampert, L50, M|
|poke|p2|Sableye, L50, F|
|poke|p2|Archaludon, L50, F|
|poke|p2|Pelipper, L50, M|
|poke|p2|Sylveon, L50, M|
|poke|p2|Venusaur, L50, F|
|teampreview|4
|showteam|p1|Swampert||Swampertite|Damp|Protect,WaveCrash,HighHorsepower,IcePunch|Adamant||F|||50|]Pelipper||FocusSash|Drizzle|Tailwind,WideGuard,Hurricane,WeatherBall|Modest||M|||50|]Archaludon||Leftovers|Stamina|Protect,ElectroShot,DragonPulse,FlashCannon|Modest||M|||50|]Raichu||RaichuniteX|LightningRod|FakeOut,VoltSwitch,RainDance,VoltTackle|Jolly||M|||50|]Sinistcha||CobaBerry|Hospitality|MatchaGotcha,RagePowder,LifeDew,TrickRoom|Bold|||||50|]Sneasler||WhiteHerb|Unburden|FakeOut,Protect,DireClaw,CloseCombat|Jolly||M|||50|
|showteam|p2|Swampert||Swampertite|Torrent|Protect,WaveCrash,Earthquake,HighHorsepower|Adamant||M|||50|]Sableye||LightClay|Prankster|Encore,Reflect,LightScreen,RainDance|Bold||F|||50|]Archaludon||Leftovers|Stamina|Protect,DragonPulse,FlashCannon,ElectroShot|Modest||F|||50|]Pelipper||SitrusBerry|Drizzle|Protect,WeatherBall,Hurricane,Tailwind|Bold||M|||50|]Sylveon||FairyFeather|Pixilate|Detect,HyperVoice,Moonblast,QuickAttack|Modest||M|||50|]Venusaur||Venusaurite|Overgrow|Protect,GigaDrain,SludgeBomb,EarthPower|Modest||F|||50|
|
|t:|1783238133
|teamsize|p1|4
|teamsize|p2|4
|start
|switch|p1a: Sinistcha|Sinistcha, L50|100/100
|switch|p1b: Archaludon|Archaludon, L50, M|100/100
|switch|p2a: Swampert|Swampert, L50, M|100/100
|switch|p2b: Sableye|Sableye, L50, F|100/100
|turn|1
|
|t:|1783238147
|switch|p2a: Archaludon|Archaludon, L50, F|100/100
|move|p2b: Sableye|Light Screen|p2b: Sableye
|-sidestart|p2: Astano|move: Light Screen
|move|p1b: Archaludon|Electro Shot||[still]
|-prepare|p1b: Archaludon|Electro Shot
|-boost|p1b: Archaludon|spa|1
|move|p1a: Sinistcha|Matcha Gotcha|p2b: Sableye|[spread] p2a,p2b
|-resisted|p2a: Archaludon|2
|-damage|p2a: Archaludon|96/100
|-damage|p2b: Sableye|81/100
|-status|p2b: Sableye|brn
|-ability|p2a: Archaludon|Stamina|boost
|-boost|p2a: Archaludon|def|1
|
|-heal|p2a: Archaludon|100/100|[from] item: Leftovers
|-damage|p2b: Sableye|75/100 brn|[from] brn
|upkeep
|turn|2
|inactive|Battle timer is ON: inactive players will automatically lose when time's up. (requested by Astano)
|inactive|Sangyforever has 60 seconds left.
|
|t:|1783238180
|switch|p1a: Sneasler|Sneasler, L50, M|100/100
|move|p2b: Sableye|Encore|p1b: Archaludon
|-start|p1b: Archaludon|Encore
|move|p1b: Archaludon|Electro Shot|p2b: Sableye|[from] lockedmove
|-crit|p2b: Sableye
|-damage|p2b: Sableye|0 fnt
|faint|p2b: Sableye
|move|p2a: Archaludon|Dragon Pulse|p1b: Archaludon
|-damage|p1b: Archaludon|54/100
|-ability|p1b: Archaludon|Stamina|boost
|-boost|p1b: Archaludon|def|1
|
|-heal|p1b: Archaludon|60/100|[from] item: Leftovers
|upkeep
|
|t:|1783238189
|switch|p2b: Swampert|Swampert, L50, M|100/100
|turn|3
|inactive|Sangyforever has 30 seconds left.
|
|t:|1783238218
|switch|p1b: Raichu|Raichu, L50, M|100/100
|switch|p2b: Pelipper|Pelipper, L50, M|100/100
|-weather|RainDance|[from] ability: Drizzle|[of] p2b: Pelipper
|move|p1a: Sneasler|Fake Out|p2b: Pelipper
|-damage|p2b: Pelipper|86/100
|move|p2a: Archaludon|Electro Shot||[still]
|-activate|p1b: Raichu|ability: Lightning Rod
|-prepare|p2a: Archaludon|Electro Shot
|-boost|p2a: Archaludon|spa|1
|-anim|p2a: Archaludon|Electro Shot|p1b: Raichu
|-ability|p1b: Raichu|Lightning Rod|boost
|-boost|p1b: Raichu|spa|1
|
|-weather|RainDance|[upkeep]
|upkeep
|turn|4
|inactive|Sangyforever has 30 seconds left.
|
|t:|1783238251
|detailschange|p1b: Raichu|Raichu-Mega-X, L50, M
|-mega|p1b: Raichu|Raichu|Raichunite X
|-fieldstart|move: Electric Terrain|[from] ability: Electric Surge|[of] p1b: Raichu
|move|p2b: Pelipper|Protect|p2b: Pelipper
|-singleturn|p2b: Pelipper|Protect
|move|p1b: Raichu|Fake Out|p2b: Pelipper
|-activate|p2b: Pelipper|move: Protect
|move|p1a: Sneasler|Close Combat|p2a: Archaludon
|-supereffective|p2a: Archaludon|1
|-damage|p2a: Archaludon|44/100
|-unboost|p1a: Sneasler|def|1
|-unboost|p1a: Sneasler|spd|1
|-ability|p2a: Archaludon|Stamina|boost
|-boost|p2a: Archaludon|def|1
|-enditem|p1a: Sneasler|White Herb
|-clearnegativeboost|p1a: Sneasler|[silent]
|move|p2a: Archaludon|Dragon Pulse|p1a: Sneasler
|-damage|p1a: Sneasler|24/100
|
|-weather|RainDance|[upkeep]
|-heal|p2a: Archaludon|50/100g|[from] item: Leftovers
|upkeep
|turn|5
|inactive|Sangyforever has 30 seconds left.
|inactive|Sangyforever has 20 seconds left.
|
|t:|1783238289
|switch|p2b: Swampert|Swampert, L50, M|100/100
|move|p1a: Sneasler|Close Combat|p2a: Archaludon
|-supereffective|p2a: Archaludon|1
|-damage|p2a: Archaludon|10/100
|-unboost|p1a: Sneasler|def|1
|-unboost|p1a: Sneasler|spd|1
|-ability|p2a: Archaludon|Stamina|boost
|-boost|p2a: Archaludon|def|1
|move|p1b: Raichu|Volt Switch|p2a: Archaludon
|-resisted|p2a: Archaludon|1
|-damage|p2a: Archaludon|0 fnt
|faint|p2a: Archaludon
|
|t:|1783238308
|switch|p1b: Archaludon|Archaludon, L50, M|60/100|[from] Volt Switch
|
|-weather|RainDance|[upkeep]
|-heal|p1b: Archaludon|66/100|[from] item: Leftovers
|upkeep
|
|t:|1783238311
|switch|p2a: Pelipper|Pelipper, L50, M|86/100
|turn|6
|
|t:|1783238326
|switch|p1a: Sinistcha|Sinistcha, L50|100/100
|-heal|p1b: Archaludon|91/100|[from] ability: Hospitality|[of] p1a: Sinistcha
|detailschange|p2b: Swampert|Swampert-Mega, L50, M
|-mega|p2b: Swampert|Swampert|Swampertite
|move|p2b: Swampert|Earthquake|p1a: Sinistcha|[spread] p1a,p1b
|-immune|p2a: Pelipper
|-resisted|p1a: Sinistcha|1
|-supereffective|p1b: Archaludon|1
|-damage|p1a: Sinistcha|79/100
|-damage|p1b: Archaludon|20/100y
|-ability|p1b: Archaludon|Stamina|boost
|-boost|p1b: Archaludon|def|1
|move|p1b: Archaludon|Electro Shot||[still]
|-prepare|p1b: Archaludon|Electro Shot
|-boost|p1b: Archaludon|spa|1
|-anim|p1b: Archaludon|Electro Shot|p2a: Pelipper
|-supereffective|p2a: Pelipper|2
|-damage|p2a: Pelipper|0 fnt
|faint|p2a: Pelipper
|
|-weather|RainDance|[upkeep]
|-heal|p1b: Archaludon|26/100|[from] item: Leftovers
|upkeep
|turn|7
|inactive|Sangyforever has 30 seconds left.
|
|t:|1783238354
|move|p2b: Swampert|Earthquake|p1b: Archaludon|[spread] p1a,p1b
|-resisted|p1a: Sinistcha|1
|-supereffective|p1b: Archaludon|1
|-damage|p1a: Sinistcha|60/100
|-damage|p1b: Archaludon|0 fnt
|faint|p1b: Archaludon
|move|p1a: Sinistcha|Matcha Gotcha|p2b: Swampert
|-supereffective|p2b: Swampert|2
|-damage|p2b: Swampert|22/100
|-heal|p1a: Sinistcha|100/100|[from] drain|[of] p2b: Swampert
|
|-weather|none
|upkeep
|
|t:|1783238358
|switch|p1b: Sneasler|Sneasler, L50, M|24/100
|turn|8
|
|t:|1783238368
|move|p2b: Swampert|Protect|p2b: Swampert
|-singleturn|p2b: Swampert|Protect
|move|p1b: Sneasler|Fake Out|p2b: Swampert
|-activate|p2b: Swampert|move: Protect
|move|p1a: Sinistcha|Trick Room|p1a: Sinistcha
|-fieldstart|move: Trick Room|[of] p1a: Sinistcha
|
|-sideend|p2: Astano|move: Light Screen
|-fieldend|move: Electric Terrain
|upkeep
|turn|9
|
|t:|1783238377
|move|p1b: Sneasler|Protect|p1b: Sneasler
|-singleturn|p1b: Sneasler|Protect
|move|p1a: Sinistcha|Matcha Gotcha|p2b: Swampert
|-supereffective|p2b: Swampert|2
|-damage|p2b: Swampert|0 fnt
|faint|p2b: Swampert
|
|win|Sangyforever
|l|☆Astano
|player|p2|
