|j|☆alex0234
|j|☆clarocojones
|html|alex0234clarocojones    
|uhtml|bestof|Game 1 of a best-of-3
|t:|1785511994
|gametype|doubles
|player|p1|alex0234|red|1211
|player|p2|clarocojones|striker|1100
|gen|9
|tier|[Gen 9 Champions] VGC 2026 Reg M-B (Bo3)
|rated|
|rule|Species Clause: Limit one of each Pokémon
|rule|Item Clause: Limit 1 of each item
|clearpoke
|poke|p1|Froslass, L50, F|
|poke|p1|Incineroar, L50, F|
|poke|p1|Sneasler, L50, F, shiny|
|poke|p1|Whimsicott, L50, M|
|poke|p1|Lycanroc-Dusk, L50, M, shiny|
|poke|p1|Staraptor, L50, M|
|poke|p2|Incineroar, L50, F, shiny|
|poke|p2|Floette-Eternal, L50, F|
|poke|p2|Sinistcha-Masterpiece, L50, shiny|
|poke|p2|Kommo-o, L50, M|
|poke|p2|Kingambit, L50, M, shiny|
|poke|p2|Aerodactyl, L50, M|
|teampreview|4
|showteam|p1|Froslass||Froslassite|CursedBody|Blizzard,ShadowBall,AuroraVeil,Protect|Modest||F|||50|]Incineroar||PasshoBerry|Intimidate|FakeOut,FlareBlitz,ThroatChop,PartingShot|Careful||F|||50|]Sneasler||LifeOrb|PoisonTouch|FakeOut,DireClaw,CloseCombat,Protect|Jolly||F|||50|]Whimsicott||FairyFeather|Prankster|Moonblast,Charm,Tailwind,Protect|Timid||M|||50|]Lycanroc-Dusk||FocusSash|ToughClaws|Accelerock,CloseCombat,RockSlide,Protect|Adamant||M|||50|]Staraptor||Staraptite|Intimidate|BraveBird,CloseCombat,Roost,Protect|Adamant||M|||50|
|showteam|p2|Incineroar||SitrusBerry|Intimidate|FakeOut,PartingShot,ThroatChop,FlareBlitz|Careful||F|||50|]Floette-Eternal||Floettite|FlowerVeil|Moonblast,DazzlingGleam,CalmMind,Protect|Modest||F|||50|]Sinistcha-Masterpiece||ColburBerry|Hospitality|MatchaGotcha,LifeDew,RagePowder,TrickRoom|Bold|||||50|]Kommo-o||Leftovers|Overcoat|ClangingScales,AuraSphere,ClangorousSoul,Protect|Modest||M|||50|]Kingambit||FocusSash|Defiant|KowtowCleave,SuckerPunch,IronHead,Protect|Adamant||M|||50|]Aerodactyl||Aerodactylite|Unnerve|Protect,RockSlide,Tailwind,DualWingbeat|Jolly||M|||50|
|inactive|Battle timer is ON: inactive players will automatically lose when time's up. (requested by alex0234)
|inactive|clarocojones has 60 seconds left.
|inactive|clarocojones has 30 seconds left.
|
|t:|1785512057
|teamsize|p1|4
|teamsize|p2|4
|start
|switch|p1a: Whimsicott|Whimsicott, L50, M|100/100
|switch|p1b: Staraptor|Staraptor, L50, M|100/100
|switch|p2a: Aerodactyl|Aerodactyl, L50, M|100/100
|switch|p2b: Felicidad|Floette-Eternal, L50, F|100/100
|-ability|p2a: Aerodactyl|Unnerve
|-ability|p1b: Staraptor|Intimidate|boost
|-unboost|p2a: Aerodactyl|atk|1
|-unboost|p2b: Felicidad|atk|1
|turn|1
|
|t:|1785512080
|detailschange|p2b: Felicidad|Floette-Mega, L50, F
|-mega|p2b: Felicidad|Floette|Floettite
|-ability|p2b: Felicidad|Fairy Aura
|move|p1b: Staraptor|Protect|p1b: Staraptor
|-singleturn|p1b: Staraptor|Protect
|move|p1a: Whimsicott|Tailwind|p1a: Whimsicott
|-sidestart|p1: alex0234|move: Tailwind
|move|p2a: Aerodactyl|Tailwind|p2a: Aerodactyl
|-sidestart|p2: clarocojones|move: Tailwind
|move|p2b: Felicidad|Dazzling Gleam|p1a: Whimsicott|[spread] p1a
|-activate|p1b: Staraptor|move: Protect
|-damage|p1a: Whimsicott|20/100y
|
|upkeep
|turn|2
|
|t:|1785512105
|switch|p2b: DON JULIO|Sinistcha-Masterpiece, L50, shiny|100/100
|detailschange|p1b: Staraptor|Staraptor-Mega, L50, M
|-mega|p1b: Staraptor|Staraptor|Staraptite
|move|p1a: Whimsicott|Charm|p1b: Staraptor
|-boost|p1b: Staraptor|atk|2
|move|p2a: Aerodactyl|Dual Wingbeat|p1b: Staraptor
|-supereffective|p1b: Staraptor|1
|-damage|p1b: Staraptor|78/100
|-supereffective|p1b: Staraptor|1
|-damage|p1b: Staraptor|57/100
|-hitcount|p1b: Staraptor|2
|move|p1b: Staraptor|Brave Bird|p2b: DON JULIO
|-supereffective|p2b: DON JULIO|1
|-damage|p2b: DON JULIO|0 fnt
|faint|p2b: DON JULIO
|-damage|p1b: Staraptor|24/100|[from] Recoil
|
|upkeep
|
|t:|1785512126
|switch|p2b: Felicidad|Floette-Mega, L50, F|100/100
|-ability|p2b: Felicidad|Fairy Aura
|turn|3
|
|t:|1785512139
|move|p1b: Staraptor|Protect|p1b: Staraptor
|-singleturn|p1b: Staraptor|Protect
|move|p2a: Aerodactyl|Dual Wingbeat|p1b: Staraptor
|-activate|p1b: Staraptor|move: Protect
|move|p1a: Whimsicott|Moonblast|p2a: Aerodactyl
|-crit|p2a: Aerodactyl
|-damage|p2a: Aerodactyl|0 fnt
|faint|p2a: Aerodactyl
|move|p2b: Felicidad|Dazzling Gleam|p1b: Staraptor|[spread] p1a
|-activate|p1b: Staraptor|move: Protect
|-damage|p1a: Whimsicott|0 fnt
|faint|p1a: Whimsicott
|
|upkeep
|
|t:|1785512150
|switch|p2a: Kingambit|Kingambit, L50, M, shiny|100/100
|switch|p1a: Sneasler|Sneasler, L50, F, shiny|100/100
|turn|4
|
|t:|1785512170
|move|p1a: Sneasler|Fake Out|p2b: Felicidad
|-damage|p2b: Felicidad|82/100
|-damage|p1a: Sneasler|90/100|[from] item: Life Orb
|move|p2a: Kingambit|Sucker Punch||[still]
|-fail|p2a: Kingambit
|move|p1b: Staraptor|Roost|p1b: Staraptor
|-heal|p1b: Staraptor|74/100
|-singleturn|p1b: Staraptor|move: Roost
|cant|p2b: Felicidad|flinch
|
|-sideend|p1: alex0234|move: Tailwind
|-sideend|p2: clarocojones|move: Tailwind
|upkeep
|turn|5
|
|t:|1785512183
|move|p2b: Felicidad|Protect|p2b: Felicidad
|-singleturn|p2b: Felicidad|Protect
|move|p2a: Kingambit|Sucker Punch|p1a: Sneasler
|-resisted|p1a: Sneasler|1
|-damage|p1a: Sneasler|52/100
|move|p1a: Sneasler|Dire Claw|p2b: Felicidad
|-activate|p2b: Felicidad|move: Protect
|move|p1b: Staraptor|Close Combat|p2a: Kingambit
|-supereffective|p2a: Kingambit|2
|-enditem|p2a: Kingambit|Focus Sash
|-damage|p2a: Kingambit|1/100
|-boost|p1b: Staraptor|def|1
|-boost|p1b: Staraptor|spd|1
|
|upkeep
|turn|6
|
|t:|1785512195
|move|p2a: Kingambit|Sucker Punch|p1a: Sneasler
|-resisted|p1a: Sneasler|1
|-damage|p1a: Sneasler|16/100
|move|p1a: Sneasler|Dire Claw|p2b: Felicidad
|-supereffective|p2b: Felicidad|1
|-damage|p2b: Felicidad|0 fnt
|faint|p2b: Felicidad
|-damage|p1a: Sneasler|7/100|[from] item: Life Orb
|move|p1b: Staraptor|Close Combat|p2a: Kingambit
|-supereffective|p2a: Kingambit|2
|-damage|p2a: Kingambit|0 fnt
|-boost|p1b: Staraptor|def|1
|-boost|p1b: Staraptor|spd|1
|faint|p2a: Kingambit
|
|win|alex0234
||clarocojones is ready for game 2.
|inactive|alex0234 has 30 seconds to confirm battle start!
||alex0234 is ready for game 2.
|uhtml|next|Next: Game 2 of 3
