|j|☆syll0gism
|j|☆iberic lynx
|html|syll0gismiberic lynx    
|uhtml|bestof|Game 1 of a best-of-3
|t:|1782407036
|gametype|doubles
|player|p1|syll0gism|169|1288
|player|p2|iberic lynx|eusine|1321
|gen|9
|tier|[Gen 9 Champions] VGC 2026 Reg M-B (Bo3)
|rated|
|rule|Species Clause: Limit one of each Pokémon
|rule|Item Clause: Limit 1 of each item
|clearpoke
|poke|p1|Blaziken, L50, F|
|poke|p1|Kingambit, L50, M|
|poke|p1|Sylveon, L50, M|
|poke|p1|Aerodactyl, L50, M|
|poke|p1|Sinistcha, L50|
|poke|p1|Basculegion, L50, M|
|poke|p2|Grimmsnarl, L50, M|
|poke|p2|Metagross, L50, shiny|
|poke|p2|Garchomp, L50, F|
|poke|p2|Charizard, L50, F, shiny|
|poke|p2|Toxapex, L50, F, shiny|
|poke|p2|Hydreigon, L50, M|
|teampreview|4
|showteam|p1|Blaziken||Blazikenite|SpeedBoost|FlareBlitz,CloseCombat,RockSlide,Detect|Adamant||F|||50|]Kingambit||FocusSash|Defiant|KowtowCleave,IronHead,SuckerPunch,Protect|Adamant||M|||50|]Sylveon||FairyFeather|Pixilate|HyperVoice,HyperBeam,QuickAttack,Detect|Modest||M|||50|]Aerodactyl||Aerodactylite|Unnerve|DualWingbeat,RockSlide,Tailwind,IceFang|Jolly||M|||50|]Sinistcha||KasibBerry|Hospitality|MatchaGotcha,RagePowder,TrickRoom,Protect|Bold|||||50|]Basculegion||LifeOrb|Adaptability|AquaJet,WaveCrash,LastRespects,Protect|Adamant||M|||50|
|showteam|p2|Grimmsnarl||RoseliBerry|Prankster|FakeOut,FoulPlay,Reflect,PartingShot|Calm||M|||50|]Metagross||Metagrossite|ClearBody|IronHead,BodyPress,IcePunch,Protect|Jolly|||||50|]Garchomp||LifeOrb|RoughSkin|DragonClaw,Earthquake,RockSlide,Protect|Jolly||F|||50|]Charizard||CharizarditeY|Blaze|HeatWave,WeatherBall,SolarBeam,Protect|Modest||F|||50|]Toxapex||Leftovers|Regenerator|Infestation,Toxic,WideGuard,BanefulBunker|Bold||F|||50|]Hydreigon||ChoiceScarf|Levitate|DracoMeteor,Snarl,DarkPulse,EarthPower|Timid||M|||50|
|
|t:|1782407083
|teamsize|p1|4
|teamsize|p2|4
|start
|switch|p1a: Blaziken|Blaziken, L50, F|100/100
|switch|p1b: Aerodactyl|Aerodactyl, L50, M|100/100
|switch|p2a: Grimmsnarl|Grimmsnarl, L50, M|100/100
|switch|p2b: Toxapex|Toxapex, L50, F, shiny|100/100
|-ability|p1b: Aerodactyl|Unnerve
|turn|1
|inactive|Battle timer is ON: inactive players will automatically lose when time's up. (requested by iberic lynx)
|
|t:|1782407118
|detailschange|p1a: Blaziken|Blaziken-Mega, L50, F
|-mega|p1a: Blaziken|Blaziken|Blazikenite
|move|p2a: Grimmsnarl|Fake Out|p1b: Aerodactyl
|-resisted|p1b: Aerodactyl|1
|-damage|p1b: Aerodactyl|92/100
|cant|p1b: Aerodactyl|flinch
|move|p1a: Blaziken|Flare Blitz|p2a: Grimmsnarl
|-damage|p2a: Grimmsnarl|22/100
|-damage|p1a: Blaziken|67/100|[from] Recoil
|move|p2b: Toxapex|Toxic|p1b: Aerodactyl
|-status|p1b: Aerodactyl|tox
|
|-damage|p1b: Aerodactyl|86/100 tox|[from] psn
|-ability|p1a: Blaziken|Speed Boost|boost
|-boost|p1a: Blaziken|spe|1
|upkeep
|turn|2
|inactive|syll0gism has 30 seconds left.
|
|t:|1782407148
|move|p2a: Grimmsnarl|Reflect|p2a: Grimmsnarl
|-sidestart|p2: iberic lynx|Reflect
|move|p1a: Blaziken|Flare Blitz|p2a: Grimmsnarl
|-damage|p2a: Grimmsnarl|0 fnt
|faint|p2a: Grimmsnarl
|-damage|p1a: Blaziken|57/100|[from] Recoil
|move|p1b: Aerodactyl|Rock Slide|p2b: Toxapex|[miss]
|-miss|p1b: Aerodactyl|p2b: Toxapex
|move|p2b: Toxapex|Infestation|p1b: Aerodactyl
|-resisted|p1b: Aerodactyl|1
|-damage|p1b: Aerodactyl|84/100 tox
|-activate|p1b: Aerodactyl|move: Infestation|[of] p2b: Toxapex
|
|-damage|p1b: Aerodactyl|72/100 tox|[from] psn
|-damage|p1b: Aerodactyl|59/100 tox|[from] move: Infestation|[partiallytrapped]
|-ability|p1a: Blaziken|Speed Boost|boost
|-boost|p1a: Blaziken|spe|1
|upkeep
|
|t:|1782407167
|switch|p2a: Charizard|Charizard, L50, F, shiny|100/100
|turn|3
|
|t:|1782407182
|detailschange|p2a: Charizard|Charizard-Mega-Y, L50, F, shiny
|-mega|p2a: Charizard|Charizard|Charizardite Y
|-weather|SunnyDay|[from] ability: Drought|[of] p2a: Charizard
|move|p1a: Blaziken|Detect|p1a: Blaziken
|-singleturn|p1a: Blaziken|Protect
|move|p2b: Toxapex|Wide Guard|p2b: Toxapex
|-singleturn|p2b: Toxapex|Wide Guard
|move|p1b: Aerodactyl|Rock Slide|p2b: Toxapex|[spread] 
|-activate|p2a: Charizard|move: Wide Guard
|-activate|p2b: Toxapex|move: Wide Guard
|move|p2a: Charizard|Weather Ball|p1a: Blaziken
|-activate|p1a: Blaziken|move: Protect
|
|-weather|SunnyDay|[upkeep]
|-damage|p1b: Aerodactyl|41/100 tox|[from] psn
|-damage|p1b: Aerodactyl|28/100 tox|[from] move: Infestation|[partiallytrapped]
|-ability|p1a: Blaziken|Speed Boost|boost
|-boost|p1a: Blaziken|spe|1
|upkeep
|turn|4
|inactive|syll0gism has 30 seconds left.
|
|t:|1782407216
|move|p2b: Toxapex|Wide Guard|p2b: Toxapex
|-singleturn|p2b: Toxapex|Wide Guard
|move|p1a: Blaziken|Flare Blitz|p2a: Charizard
|-resisted|p2a: Charizard|1
|-damage|p2a: Charizard|57/100
|-damage|p1a: Blaziken|41/100|[from] Recoil
|move|p1b: Aerodactyl|Rock Slide|p2b: Toxapex|[spread] 
|-activate|p2a: Charizard|move: Wide Guard
|-activate|p2b: Toxapex|move: Wide Guard
|move|p2a: Charizard|Weather Ball|p1a: Blaziken
|-resisted|p1a: Blaziken|1
|-damage|p1a: Blaziken|0 fnt
|faint|p1a: Blaziken
|
|-weather|SunnyDay|[upkeep]
|-damage|p1b: Aerodactyl|3/100 tox|[from] psn
|-damage|p1b: Aerodactyl|0 fnt|[from] move: Infestation|[partiallytrapped]
|faint|p1b: Aerodactyl
|upkeep
|
|t:|1782407234
|switch|p1b: Basculegion|Basculegion, L50, M|100/100
|switch|p1a: Sylveon|Sylveon, L50, M|100/100
|turn|5
|
|t:|1782407254
|move|p1b: Basculegion|Protect|p1b: Basculegion
|-singleturn|p1b: Basculegion|Protect
|move|p2a: Charizard|Solar Beam||[still]
|-prepare|p2a: Charizard|Solar Beam
|-anim|p2a: Charizard|Solar Beam|p1b: Basculegion
|-activate|p1b: Basculegion|move: Protect
|move|p1a: Sylveon|Hyper Beam|p2a: Charizard
|-resisted|p2a: Charizard|1
|-damage|p2a: Charizard|16/100
|-mustrecharge|p1a: Sylveon
|move|p2b: Toxapex|Toxic|p1a: Sylveon
|-status|p1a: Sylveon|tox
|
|-weather|SunnyDay|[upkeep]
|-damage|p1a: Sylveon|93/100 tox|[from] psn
|upkeep
|turn|6
|
|t:|1782407271
|switch|p2a: Hydreigon|Hydreigon, L50, M|100/100
|move|p1b: Basculegion|Aqua Jet|p2a: Hydreigon
|-resisted|p2a: Hydreigon|1
|-damage|p2a: Hydreigon|94/100
|-damage|p1b: Basculegion|90/100|[from] item: Life Orb
|cant|p1a: Sylveon|recharge
|move|p2b: Toxapex|Toxic|p1b: Basculegion
|-status|p1b: Basculegion|tox
|
|-weather|SunnyDay|[upkeep]
|-damage|p1b: Basculegion|84/100 tox|[from] psn
|-damage|p1a: Sylveon|81/100 tox|[from] psn
|-sideend|p2: iberic lynx|Reflect
|upkeep
|turn|7
|
|t:|1782407291
|move|p1b: Basculegion|Protect|p1b: Basculegion
|-singleturn|p1b: Basculegion|Protect
|move|p2a: Hydreigon|Dark Pulse|p1b: Basculegion
|-activate|p1b: Basculegion|move: Protect
|move|p1a: Sylveon|Hyper Beam|p2a: Hydreigon
|-supereffective|p2a: Hydreigon|2
|-damage|p2a: Hydreigon|0 fnt
|-mustrecharge|p1a: Sylveon
|faint|p2a: Hydreigon
|move|p2b: Toxapex|Infestation|p1a: Sylveon
|-resisted|p1a: Sylveon|1
|-damage|p1a: Sylveon|80/100 tox
|-activate|p1a: Sylveon|move: Infestation|[of] p2b: Toxapex
|
|-weather|none
|-damage|p1b: Basculegion|71/100 tox|[from] psn
|-damage|p1a: Sylveon|62/100 tox|[from] psn
|-damage|p1a: Sylveon|49/100 tox|[from] move: Infestation|[partiallytrapped]
|upkeep
|
|t:|1782407293
|switch|p2a: Charizard|Charizard-Mega-Y, L50, F, shiny|16/100
|-weather|SunnyDay|[from] ability: Drought|[of] p2a: Charizard
|turn|8
|
|t:|1782407309
|move|p1b: Basculegion|Aqua Jet|p2a: Charizard
|-supereffective|p2a: Charizard|1
|-damage|p2a: Charizard|0 fnt
|faint|p2a: Charizard
|-damage|p1b: Basculegion|62/100 tox|[from] item: Life Orb
|cant|p1a: Sylveon|recharge
|move|p2b: Toxapex|Infestation|p1b: Basculegion
|-resisted|p1b: Basculegion|1
|-damage|p1b: Basculegion|60/100 tox
|-activate|p1b: Basculegion|move: Infestation|[of] p2b: Toxapex
|
|-weather|SunnyDay|[upkeep]
|-damage|p1b: Basculegion|42/100 tox|[from] psn
|-damage|p1a: Sylveon|25/100 tox|[from] psn
|-damage|p1b: Basculegion|29/100 tox|[from] move: Infestation|[partiallytrapped]
|-damage|p1a: Sylveon|12/100 tox|[from] move: Infestation|[partiallytrapped]
|upkeep
|turn|9
|
|t:|1782407329
|move|p2b: Toxapex|Baneful Bunker|p2b: Toxapex
|-singleturn|p2b: Toxapex|move: Protect
|move|p1b: Basculegion|Last Respects|p2b: Toxapex
|-activate|p2b: Toxapex|move: Protect
|move|p1a: Sylveon|Hyper Voice|p2b: Toxapex
|-activate|p2b: Toxapex|move: Protect
|
|-weather|SunnyDay|[upkeep]
|-damage|p1b: Basculegion|5/100 tox|[from] psn
|-damage|p1a: Sylveon|0 fnt|[from] psn
|faint|p1a: Sylveon
|-damage|p1b: Basculegion|0 fnt|[from] move: Infestation|[partiallytrapped]
|faint|p1b: Basculegion
|
|win|iberic lynx
|inactive|syll0gism has 30 seconds to confirm battle start!
|inactive|iberic lynx has 30 seconds to confirm battle start!
||syll0gism is ready for game 2.
|l|☆iberic lynx
|player|p2|
|inactive|iberic lynx has 20 seconds to confirm battle start!
|j|☆iberic lynx
|player|p2|iberic lynx|eusine|
||iberic lynx is ready for game 2.
|uhtml|next|Next: Game 2 of 3
|l|☆iberic lynx
|player|p2|
|j|☆iberic lynx
|player|p2|iberic lynx|eusine|
