|j|☆grrimm32
|j|‽Smimr
|html|grrimm32Smimr    
|uhtml|bestof|Game 2 of a best-of-3
|t:|1786032965
|gametype|doubles
|player|p1|grrimm32|iono-masters|
|player|p2|Smimr|richboy-gen4|
|gen|9
|tier|[Gen 9 Champions] VGC 2026 Reg M-B (Bo3)
|rule|Species Clause: Limit one of each Pokémon
|rule|Item Clause: Limit 1 of each item
|clearpoke
|poke|p1|Runerigus, L50, M|
|poke|p1|Slowbro, L50, M|
|poke|p1|Emboar, L50, M, shiny|
|poke|p1|Abomasnow, L50, F, shiny|
|poke|p1|Sableye, L50, M|
|poke|p1|Heliolisk, L50, F|
|poke|p2|Runerigus, L50, M|
|poke|p2|Slowbro, L50, F|
|poke|p2|Emboar, L50, F|
|poke|p2|Abomasnow, L50, M|
|poke|p2|Simipour, L50, F|
|poke|p2|Zoroark, L50, M|
|teampreview|4
|showteam|p1|Runerigus||MentalHerb|WanderingSpirit|TrickRoom,Taunt,WillOWisp,Poltergeist|Sassy||M|||50|]Slowbro||Leftovers|Regenerator|TrickRoom,Scald,CalmMind,SlackOff|Relaxed||M|||50|]Emboar||LifeOrb|Reckless|FlareBlitz,CloseCombat,WildCharge,Protect|Brave||M|||50|]Abomasnow||Abomasite|SnowWarning|Blizzard,EarthPower,GigaDrain,Protect|Quiet||F|||50|]Sableye||LightClay|Prankster|LightScreen,Reflect,Quash,FoulPlay|Careful||M|||50|]Heliolisk||FocusSash|DrySkin|VoltSwitch,HyperVoice,GrassKnot,Protect|Timid||F|||50|
|showteam|p2|Runerigus||MentalHerb|WanderingSpirit|TrickRoom,Taunt,WillOWisp,Poltergeist|Sassy||M|||50|]Slowbro||Leftovers|Regenerator|TrickRoom,Scald,CalmMind,SlackOff|Relaxed||F|||50|]Emboar||LifeOrb|Reckless|FlareBlitz,CloseCombat,WildCharge,Protect|Brave||F|||50|]Abomasnow||Abomasite|SnowWarning|Blizzard,EarthPower,GigaDrain,Protect|Quiet||M|||50|]Simipour||WacanBerry|Torrent|FakeOut,Scald,FlipTurn,Taunt|Timid||F|||50|]Zoroark||FocusSash|Illusion|DarkPulse,Protect,Flamethrower,NastyPlot|Timid||M|||50|
|
|t:|1786032986
|teamsize|p1|4
|teamsize|p2|4
|start
|switch|p1a: Sableye|Sableye, L50, M|100/100
|switch|p1b: Emboar|Emboar, L50, M, shiny|100/100
|switch|p2a: Simipour|Simipour, L50, F|100/100
|switch|p2b: Emboar|Emboar, L50, F|100/100
|turn|1
|
|t:|1786033006
|move|p2b: Emboar|Protect|p2b: Emboar
|-singleturn|p2b: Emboar|Protect
|move|p1b: Emboar|Protect|p1b: Emboar
|-singleturn|p1b: Emboar|Protect
|move|p1a: Sableye|Reflect|p1a: Sableye
|-sidestart|p1: grrimm32|Reflect
|move|p2a: Simipour|Taunt|p1a: Sableye
|-start|p1a: Sableye|move: Taunt
|
|upkeep
|turn|2
|
|t:|1786033028
|move|p2b: Emboar|Dark Pulse|p1a: Sableye
|-damage|p1a: Sableye|53/100
|move|p2a: Simipour|Scald|p1b: Emboar
|-supereffective|p1b: Emboar|1
|-crit|p1b: Emboar
|-damage|p1b: Emboar|0 fnt
|faint|p1b: Emboar
|cant|p1a: Sableye|flinch
|
|upkeep
|
|t:|1786033039
|switch|p1b: Heliolisk|Heliolisk, L50, F|100/100
|turn|3
|
|t:|1786033067
|move|p1b: Heliolisk|Hyper Voice|p2b: Emboar|[spread] p2a,p2b
|-damage|p2a: Simipour|51/100
|-damage|p2b: Emboar|34/100
|replace|p2b: Zoroark|Zoroark, L50, M
|-end|p2b: Zoroark|Illusion
|move|p2b: Zoroark|Dark Pulse|p1a: Sableye
|-damage|p1a: Sableye|7/100
|move|p2a: Simipour|Flip Turn|p1a: Sableye
|-damage|p1a: Sableye|0 fnt
|faint|p1a: Sableye
|
|t:|1786033081
|switch|p2a: Emboar|Emboar, L50, F|100/100|[from] Flip Turn
|
|upkeep
|
|t:|1786033083
|switch|p1a: Abomasnow|Abomasnow, L50, F, shiny|100/100
|-weather|Snowscape|[from] ability: Snow Warning|[of] p1a: Abomasnow
|turn|4
|
|t:|1786033098
|detailschange|p1a: Abomasnow|Abomasnow-Mega, L50, F, shiny
|-mega|p1a: Abomasnow|Abomasnow|Abomasite
|move|p2b: Zoroark|Protect|p2b: Zoroark
|-singleturn|p2b: Zoroark|Protect
|move|p1a: Abomasnow|Protect|p1a: Abomasnow
|-singleturn|p1a: Abomasnow|Protect
|move|p1b: Heliolisk|Hyper Voice|p2b: Zoroark|[spread] p2a
|-activate|p2b: Zoroark|move: Protect
|-damage|p2a: Emboar|64/100
|move|p2a: Emboar|Close Combat|p1b: Heliolisk
|-supereffective|p1b: Heliolisk|1
|-enditem|p1b: Heliolisk|Focus Sash
|-damage|p1b: Heliolisk|1/100
|-unboost|p2a: Emboar|def|1
|-unboost|p2a: Emboar|spd|1
|-damage|p2a: Emboar|54/100|[from] item: Life Orb
|
|-weather|Snowscape|[upkeep]
|upkeep
|turn|5
|
|t:|1786033125
|switch|p2a: Slowbro|Slowbro, L50, F|100/100
|move|p1b: Heliolisk|Hyper Voice|p2b: Zoroark|[spread] p2a,p2b
|-damage|p2a: Slowbro|67/100
|-damage|p2b: Zoroark|0 fnt
|faint|p2b: Zoroark
|move|p1a: Abomasnow|Earth Power|p2a: Slowbro
|-damage|p2a: Slowbro|28/100
|
|-weather|Snowscape|[upkeep]
|-heal|p2a: Slowbro|34/100|[from] item: Leftovers
|upkeep
|
|t:|1786033135
|switch|p2b: Simipour|Simipour, L50, F|51/100
|turn|6
|
|t:|1786033160
|move|p1b: Heliolisk|Protect|p1b: Heliolisk
|-singleturn|p1b: Heliolisk|Protect
|move|p2b: Simipour|Fake Out|p1b: Heliolisk
|-activate|p1b: Heliolisk|move: Protect
|move|p1a: Abomasnow|Giga Drain|p2b: Simipour
|-supereffective|p2b: Simipour|1
|-damage|p2b: Simipour|0 fnt
|faint|p2b: Simipour
|move|p2a: Slowbro|Trick Room|p2a: Slowbro
|-fieldstart|move: Trick Room|[of] p2a: Slowbro
|
|-weather|Snowscape|[upkeep]
|-heal|p2a: Slowbro|40/100|[from] item: Leftovers
|upkeep
|
|t:|1786033167
|switch|p2b: Emboar|Emboar, L50, F|54/100
|turn|7
|
|t:|1786033199
|move|p1a: Abomasnow|Earth Power|p2b: Emboar
|-supereffective|p2b: Emboar|1
|-damage|p2b: Emboar|0 fnt
|faint|p2b: Emboar
|move|p2a: Slowbro|Slack Off|p2a: Slowbro
|-heal|p2a: Slowbro|90/100
|move|p1b: Heliolisk|Hyper Voice|p2a: Slowbro
|-damage|p2a: Slowbro|44/100
|
|-weather|Snowscape|[upkeep]
|-heal|p2a: Slowbro|50/100g|[from] item: Leftovers
|upkeep
|turn|8
|
|t:|1786033206
|move|p2a: Slowbro|Scald|p1a: Abomasnow
|-resisted|p1a: Abomasnow|1
|-damage|p1a: Abomasnow|87/100
|move|p1a: Abomasnow|Giga Drain|p2a: Slowbro
|-supereffective|p2a: Slowbro|1
|-damage|p2a: Slowbro|0 fnt
|-heal|p1a: Abomasnow|100/100|[from] drain|[of] p2a: Slowbro
|faint|p2a: Slowbro
|
|win|grrimm32
|c|☆grrimm32|gg
