|j|☆r00mservice7
|j|☆Oooo11
|html|r00mservice7Oooo11    
|uhtml|bestof|Game 1 of a best-of-3
|t:|1784758435
|gametype|doubles
|player|p1|r00mservice7|266|1235
|player|p2|Oooo11|1|1179
|gen|9
|tier|[Gen 9 Champions] VGC 2026 Reg M-B (Bo3)
|rated|
|rule|Species Clause: Limit one of each Pokémon
|rule|Item Clause: Limit 1 of each item
|clearpoke
|poke|p1|Staraptor, L50, F|
|poke|p1|Tyranitar, L50, M|
|poke|p1|Excadrill, L50, M|
|poke|p1|Gholdengo, L50|
|poke|p1|Milotic, L50, M|
|poke|p1|Tsareena, L50, F|
|poke|p2|Charizard, L50, F|
|poke|p2|Garchomp, L50, F|
|poke|p2|Whimsicott, L50, M|
|poke|p2|Gardevoir, L50, F|
|poke|p2|Farigiraf, L50, F|
|poke|p2|Basculegion, L50, M|
|teampreview|4
|showteam|p1|Staraptor||Staraptite|Intimidate|BraveBird,CloseCombat,Tailwind,Protect|Jolly||F|||50|]Tyranitar||Tyranitarite|SandStream|RockSlide,KnockOff,DragonDance,Protect|Jolly||M|||50|]Excadrill||FocusSash|SandRush|HighHorsepower,IronHead,RockSlide,Protect|Adamant||M|||50|]Gholdengo||LifeOrb|GoodasGold|MakeItRain,ShadowBall,NastyPlot,Protect|Modest|||||50|]Milotic||SitrusBerry|Competitive|Scald,IcyWind,Haze,Protect|Calm||M|||50|]Tsareena||ExpertBelt|QueenlyMajesty|TropKick,LowKick,Taunt,Protect|Adamant||F|||50|
|showteam|p2|Charizard||CharizarditeY|Blaze|SolarBeam,Protect,HeatWave,WeatherBall|Timid||F|||50|]Garchomp||LifeOrb|RoughSkin|Protect,Earthquake,DragonClaw,RockSlide|Jolly||F|||50|]Whimsicott||FocusSash|Prankster|Protect,Encore,Moonblast,Tailwind|Bold||M|||50|]Gardevoir||Gardevoirite|Trace|Protect,HyperVoice,Psyshock,AuraSphere|Modest||F|||50|]Farigiraf||SitrusBerry|ArmorTail|Protect,Psychic,Imprison,TrickRoom|Sassy||F|||50|]Basculegion||ChoiceScarf|Adaptability|FlipTurn,WaveCrash,LastRespects,AquaJet|Jolly||M|||50|
|inactive|Battle timer is ON: inactive players will automatically lose when time's up. (requested by Oooo11)
|inactive|r00mservice7 has 60 seconds left.
|
|t:|1784758495
|teamsize|p1|4
|teamsize|p2|4
|start
|switch|p1a: Gholdengo|Gholdengo, L50|100/100
|switch|p1b: Milotic|Milotic, L50, M|100/100
|switch|p2a: Whimsicott|Whimsicott, L50, M|100/100
|switch|p2b: Gardevoir|Gardevoir, L50, F|100/100
|-ability|p2b: Gardevoir|Good as Gold|Trace|[from] ability: Trace|[of] p1a: Gholdengo
|turn|1
|
|t:|1784758520
|detailschange|p2b: Gardevoir|Gardevoir-Mega, L50, F
|-mega|p2b: Gardevoir|Gardevoir|Gardevoirite
|move|p2a: Whimsicott|Moonblast|p1a: Gholdengo
|-resisted|p1a: Gholdengo|1
|-damage|p1a: Gholdengo|87/100
|-unboost|p1a: Gholdengo|spa|1
|move|p2b: Gardevoir|Hyper Voice|p1a: Gholdengo|[spread] p1a,p1b
|-resisted|p1a: Gholdengo|1
|-damage|p1a: Gholdengo|60/100
|-damage|p1b: Milotic|63/100
|move|p1b: Milotic|Icy Wind|p2b: Gardevoir|[spread] p2a,p2b
|-supereffective|p2a: Whimsicott|1
|-damage|p2a: Whimsicott|70/100
|-damage|p2b: Gardevoir|92/100
|-unboost|p2a: Whimsicott|spe|1
|-unboost|p2b: Gardevoir|spe|1
|move|p1a: Gholdengo|Nasty Plot|p1a: Gholdengo
|-boost|p1a: Gholdengo|spa|2
|
|upkeep
|turn|2
|
|t:|1784758544
|move|p2a: Whimsicott|Tailwind|p2a: Whimsicott
|-sidestart|p2: Oooo11|move: Tailwind
|move|p2b: Gardevoir|Hyper Voice|p1b: Milotic|[spread] p1a,p1b
|-resisted|p1a: Gholdengo|1
|-damage|p1a: Gholdengo|35/100
|-damage|p1b: Milotic|26/100
|-enditem|p1b: Milotic|Sitrus Berry|[eat]
|-heal|p1b: Milotic|51/100|[from] item: Sitrus Berry
|move|p1b: Milotic|Icy Wind|p2a: Whimsicott|[spread] p2a,p2b
|-supereffective|p2a: Whimsicott|1
|-damage|p2a: Whimsicott|41/100
|-damage|p2b: Gardevoir|84/100
|-unboost|p2a: Whimsicott|spe|1
|-unboost|p2b: Gardevoir|spe|1
|move|p1a: Gholdengo|Make It Rain|p2a: Whimsicott|[spread] p2a,p2b
|-supereffective|p2a: Whimsicott|1
|-supereffective|p2b: Gardevoir|1
|-damage|p2a: Whimsicott|0 fnt
|-damage|p2b: Gardevoir|0 fnt
|-unboost|p1a: Gholdengo|spa|2
|faint|p2a: Whimsicott
|faint|p2b: Gardevoir
|-damage|p1a: Gholdengo|25/100|[from] item: Life Orb
|
|upkeep
|
|t:|1784758563
|switch|p2a: Basculegion|Basculegion, L50, M|100/100
|switch|p2b: Garchomp|Garchomp, L50, F|100/100
|turn|3
|
|t:|1784758578
|move|p1b: Milotic|Protect|p1b: Milotic
|-singleturn|p1b: Milotic|Protect
|move|p2a: Basculegion|Last Respects|p1b: Milotic
|-activate|p1b: Milotic|move: Protect
|move|p2b: Garchomp|Dragon Claw|p1b: Milotic
|-activate|p1b: Milotic|move: Protect
|move|p1a: Gholdengo|Shadow Ball|p2a: Basculegion
|-supereffective|p2a: Basculegion|1
|-damage|p2a: Basculegion|24/100
|-damage|p1a: Gholdengo|16/100|[from] item: Life Orb
|
|upkeep
|turn|4
|
|t:|1784758596
|switch|p1b: Tyranitar|Tyranitar, L50, M|100/100
|-weather|Sandstorm|[from] ability: Sand Stream|[of] p1b: Tyranitar
|move|p2a: Basculegion|Last Respects|p1b: Tyranitar
|-resisted|p1b: Tyranitar|1
|-damage|p1b: Tyranitar|55/100
|move|p2b: Garchomp|Dragon Claw|p1a: Gholdengo
|-resisted|p1a: Gholdengo|1
|-damage|p1a: Gholdengo|0 fnt
|faint|p1a: Gholdengo
|-damage|p2b: Garchomp|90/100|[from] item: Life Orb
|
|-weather|Sandstorm|[upkeep]
|-damage|p2a: Basculegion|18/100|[from] Sandstorm
|upkeep
|
|t:|1784758613
|switch|p1a: Staraptor|Staraptor, L50, F|100/100
|-ability|p1a: Staraptor|Intimidate|boost
|-unboost|p2a: Basculegion|atk|1
|-unboost|p2b: Garchomp|atk|1
|turn|5
|inactive|r00mservice7 has 30 seconds left.
|
|t:|1784758640
|move|p1b: Tyranitar|Protect|p1b: Tyranitar
|-singleturn|p1b: Tyranitar|Protect
|move|p2a: Basculegion|Last Respects|p1a: Staraptor
|-immune|p1a: Staraptor
|move|p2b: Garchomp|Dragon Claw|p1a: Staraptor
|-damage|p1a: Staraptor|52/100
|-damage|p2b: Garchomp|80/100|[from] item: Life Orb
|move|p1a: Staraptor|Tailwind|p1a: Staraptor
|-sidestart|p1: r00mservice7|move: Tailwind
|
|-weather|Sandstorm|[upkeep]
|-damage|p2a: Basculegion|12/100|[from] Sandstorm
|-damage|p1a: Staraptor|46/100|[from] Sandstorm
|-sideend|p2: Oooo11|move: Tailwind
|upkeep
|turn|6
|
|t:|1784758660
|detailschange|p1a: Staraptor|Staraptor-Mega, L50, F
|-mega|p1a: Staraptor|Staraptor|Staraptite
|move|p1a: Staraptor|Close Combat|p2b: Garchomp
|-damage|p2b: Garchomp|24/100
|-boost|p1a: Staraptor|def|1
|-boost|p1a: Staraptor|spd|1
|-damage|p1a: Staraptor|34/100|[from] ability: Rough Skin|[of] p2b: Garchomp
|move|p1b: Tyranitar|Knock Off|p2a: Basculegion
|-supereffective|p2a: Basculegion|1
|-damage|p2a: Basculegion|0 fnt
|-enditem|p2a: Basculegion|Choice Scarf|[from] move: Knock Off|[of] p1b: Tyranitar
|faint|p2a: Basculegion
|move|p2b: Garchomp|Dragon Claw|p1a: Staraptor
|-damage|p1a: Staraptor|11/100
|-damage|p2b: Garchomp|15/100|[from] item: Life Orb
|
|-weather|Sandstorm|[upkeep]
|-damage|p1a: Staraptor|5/100|[from] Sandstorm
|upkeep
|turn|7
|-message|Oooo11 forfeited.
|
|win|r00mservice7
|l|☆Oooo11
|player|p2|
||Oooo11 is ready for game 2.
|inactive|r00mservice7 has 30 seconds to confirm battle start!
||r00mservice7 is ready for game 2.
|uhtml|next|Next: Game 2 of 3
