|j|☆rgeee
|j|☆akasia
|html|rgeeeakasia    
|uhtml|bestof|Game 1 of a best-of-3
|t:|1783975556
|gametype|doubles
|player|p1|rgeee|169|1134
|player|p2|akasia|265|1114
|gen|9
|tier|[Gen 9 Champions] VGC 2026 Reg M-B (Bo3)
|rated|
|rule|Species Clause: Limit one of each Pokémon
|rule|Item Clause: Limit 1 of each item
|clearpoke
|poke|p1|Swampert, L50, M|
|poke|p1|Pelipper, L50, M|
|poke|p1|Archaludon, L50, F, shiny|
|poke|p1|Sinistcha, L50|
|poke|p1|Gholdengo, L50|
|poke|p1|Grimmsnarl, L50, M|
|poke|p2|Swampert, L50, M|
|poke|p2|Pelipper, L50, F|
|poke|p2|Sinistcha, L50|
|poke|p2|Archaludon, L50, M|
|poke|p2|Grimmsnarl, L50, M|
|poke|p2|Metagross, L50|
|teampreview|4
|showteam|p1|Swampert||Swampertite|Torrent|WaveCrash,HighHorsepower,IcePunch,Protect|Adamant||M|||50|]Pelipper||SitrusBerry|Drizzle|WeatherBall,Hurricane,Tailwind,WideGuard|Modest||M|||50|]Archaludon||Leftovers|Stamina|DragonPulse,FlashCannon,ElectroShot,Protect|Modest||F|||50|]Sinistcha||KasibBerry|Hospitality|MatchaGotcha,RagePowder,LifeDew,Protect|Bold|||||50|]Gholdengo||LifeOrb|GoodasGold|Protect,MakeItRain,NastyPlot,ShadowBall|Modest|||||50|]Grimmsnarl||LightClay|Prankster|FoulPlay,PartingShot,LightScreen,Reflect|Careful||M|||50|
|showteam|p2|Swampert||Swampertite|Torrent|Protect,Earthquake,WaveCrash,IcePunch|Adamant||M|||50|]Pelipper||FocusSash|Drizzle|Protect,WeatherBall,Hurricane,Tailwind|Modest||F|||50|]Sinistcha||CobaBerry|Hospitality|Protect,MatchaGotcha,RagePowder,TrickRoom|Bold|||||50|]Archaludon||Leftovers|Stamina|Protect,FlashCannon,ElectroShot,DragonPulse|Modest||M|||50|]Grimmsnarl||LightClay|Prankster|FoulPlay,Reflect,LightScreen,PartingShot|Careful||M|||50|]Metagross||Metagrossite|ClearBody|Protect,BodyPress,PsychicFangs,IronHead|Adamant|||||50|
|
|t:|1783975622
|teamsize|p1|4
|teamsize|p2|4
|start
|switch|p1a: Grimmsnarl|Grimmsnarl, L50, M|100/100
|switch|p1b: Gholdengo|Gholdengo, L50|100/100
|switch|p2a: Archaludon|Archaludon, L50, M|100/100
|switch|p2b: Pelipper|Pelipper, L50, F|100/100
|-weather|RainDance|[from] ability: Drizzle|[of] p2b: Pelipper
|turn|1
|inactive|Battle timer is ON: inactive players will automatically lose when time's up. (requested by akasia)
|
|t:|1783975635
|move|p1b: Gholdengo|Protect|p1b: Gholdengo
|-singleturn|p1b: Gholdengo|Protect
|move|p1a: Grimmsnarl|Light Screen|p1a: Grimmsnarl
|-sidestart|p1: rgeee|move: Light Screen
|move|p2b: Pelipper|Weather Ball|p1b: Gholdengo
|-activate|p1b: Gholdengo|move: Protect
|move|p2a: Archaludon|Electro Shot||[still]
|-prepare|p2a: Archaludon|Electro Shot
|-boost|p2a: Archaludon|spa|1
|-anim|p2a: Archaludon|Electro Shot|p1a: Grimmsnarl
|-damage|p1a: Grimmsnarl|62/100
|
|-weather|RainDance|[upkeep]
|upkeep
|turn|2
|
|t:|1783975649
|move|p1a: Grimmsnarl|Parting Shot|p2a: Archaludon
|-unboost|p2a: Archaludon|atk|1
|-unboost|p2a: Archaludon|spa|1
|
|t:|1783975653
|switch|p1a: Archaludon|Archaludon, L50, F, shiny|100/100|[from] Parting Shot
|move|p1b: Gholdengo|Nasty Plot|p1b: Gholdengo
|-boost|p1b: Gholdengo|spa|2
|move|p2b: Pelipper|Weather Ball|p1b: Gholdengo
|-damage|p1b: Gholdengo|50/100g
|move|p2a: Archaludon|Electro Shot||[still]
|-prepare|p2a: Archaludon|Electro Shot
|-boost|p2a: Archaludon|spa|1
|-anim|p2a: Archaludon|Electro Shot|p1a: Archaludon
|-resisted|p1a: Archaludon|1
|-damage|p1a: Archaludon|79/100
|-ability|p1a: Archaludon|Stamina|boost
|-boost|p1a: Archaludon|def|1
|
|-weather|RainDance|[upkeep]
|-heal|p1a: Archaludon|85/100|[from] item: Leftovers
|upkeep
|turn|3
|
|t:|1783975674
|move|p1b: Gholdengo|Protect|p1b: Gholdengo
|-singleturn|p1b: Gholdengo|Protect
|move|p1a: Archaludon|Electro Shot||[still]
|-prepare|p1a: Archaludon|Electro Shot
|-boost|p1a: Archaludon|spa|1
|-anim|p1a: Archaludon|Electro Shot|p2b: Pelipper
|-supereffective|p2b: Pelipper|2
|-enditem|p2b: Pelipper|Focus Sash
|-damage|p2b: Pelipper|1/100
|move|p2b: Pelipper|Weather Ball|p1b: Gholdengo
|-activate|p1b: Gholdengo|move: Protect
|move|p2a: Archaludon|Electro Shot||[still]
|-prepare|p2a: Archaludon|Electro Shot
|-boost|p2a: Archaludon|spa|1
|-anim|p2a: Archaludon|Electro Shot|p1b: Gholdengo
|-activate|p1b: Gholdengo|move: Protect
|
|-weather|RainDance|[upkeep]
|-heal|p1a: Archaludon|92/100|[from] item: Leftovers
|upkeep
|turn|4
|
|t:|1783975699
|move|p2b: Pelipper|Protect|p2b: Pelipper
|-singleturn|p2b: Pelipper|Protect
|move|p1b: Gholdengo|Make It Rain|p2a: Archaludon|[spread] p2a
|-activate|p2b: Pelipper|move: Protect
|-resisted|p2a: Archaludon|1
|-damage|p2a: Archaludon|38/100
|-unboost|p1b: Gholdengo|spa|2
|-ability|p2a: Archaludon|Stamina|boost
|-boost|p2a: Archaludon|def|1
|-damage|p1b: Gholdengo|40/100|[from] item: Life Orb
|move|p1a: Archaludon|Electro Shot||[still]
|-prepare|p1a: Archaludon|Electro Shot
|-boost|p1a: Archaludon|spa|1
|-anim|p1a: Archaludon|Electro Shot|p2a: Archaludon
|-resisted|p2a: Archaludon|1
|-damage|p2a: Archaludon|0 fnt
|faint|p2a: Archaludon
|
|-weather|RainDance|[upkeep]
|-heal|p1a: Archaludon|98/100|[from] item: Leftovers
|upkeep
|
|t:|1783975716
|switch|p2a: Swampert|Swampert, L50, M|100/100
|turn|5
|
|t:|1783975724
|switch|p1b: Sinistcha|Sinistcha, L50|100/100
|-heal|p1a: Archaludon|100/100|[from] ability: Hospitality|[of] p1b: Sinistcha
|detailschange|p2a: Swampert|Swampert-Mega, L50, M
|-mega|p2a: Swampert|Swampert|Swampertite
|move|p1a: Archaludon|Protect|p1a: Archaludon
|-singleturn|p1a: Archaludon|Protect
|move|p2a: Swampert|Earthquake|p1b: Sinistcha|[spread] p1b
|-activate|p1a: Archaludon|move: Protect
|-immune|p2b: Pelipper
|-resisted|p1b: Sinistcha|1
|-damage|p1b: Sinistcha|82/100
|move|p2b: Pelipper|Weather Ball|p1a: Archaludon
|-activate|p1a: Archaludon|move: Protect
|
|-weather|none
|upkeep
|turn|6
|l|☆akasia
|inactive|akasia disconnected and has a minute to reconnect!
|player|p2|
|inactive|akasia has 30 seconds left.
|inactive|akasia has 20 seconds left.
|inactive|akasia has 15 seconds left.
|inactive|akasia has 10 seconds left.
|inactive|akasia has 5 seconds left.
|-message|akasia lost due to inactivity.
|
|win|rgeee
|inactive|rgeee has 30 seconds to confirm battle start!
|inactive|akasia has 15 seconds to reconnect!
|inactive|rgeee has 20 seconds to confirm battle start!
|inactive|akasia has 5 seconds to reconnect!
|inactive|rgeee has 10 seconds to confirm battle start!
|raw|rgeee's rating: 1134 → 1158(+24 for winning)
|raw|akasia's rating: 1114 → 1090(-24 for losing)
