|j|☆Chelicerate1
|j|☆mr.sheep1125
|html|Chelicerate1mr.sheep1125    
|uhtml|bestof|Game 1 of a best-of-3
|t:|1783068404
|gametype|doubles
|player|p1|Chelicerate1|ethan|1116
|player|p2|mr.sheep1125|veteranf|1000
|gen|9
|tier|[Gen 9 Champions] VGC 2026 Reg M-B (Bo3)
|rated|
|rule|Species Clause: Limit one of each Pokémon
|rule|Item Clause: Limit 1 of each item
|clearpoke
|poke|p1|Pelipper, L50, F, shiny|
|poke|p1|Swampert, L50, F, shiny|
|poke|p1|Archaludon, L50, M, shiny|
|poke|p1|Grimmsnarl, L50, M, shiny|
|poke|p1|Sinistcha, L50, shiny|
|poke|p1|Mawile, L50, F, shiny|
|poke|p2|Pelipper, L50, M|
|poke|p2|Swampert, L50, M|
|poke|p2|Archaludon, L50, F|
|poke|p2|Sinistcha, L50|
|poke|p2|Basculegion, L50, M|
|poke|p2|Milotic, L50, M, shiny|
|teampreview|4
|showteam|p1|Pelipper||SitrusBerry|Drizzle|Hurricane,WeatherBall,Tailwind,Protect|Calm||F|||50|]Swampert||Swampertite|Torrent|WaveCrash,Earthquake,IcePunch,Protect|Adamant||F|||50|]Archaludon||Leftovers|Stamina|ElectroShot,FlashCannon,DragonPulse,Protect|Modest||M|||50|]Grimmsnarl||LightClay|Prankster|LightScreen,Reflect,FoulPlay,PartingShot|Careful||M|||50|]Sinistcha||CobaBerry|Hospitality|MatchaGotcha,RagePowder,TrickRoom,LifeDew|Calm|||||50|]Mawile||Mawilite|HyperCutter|PlayRough,SwordsDance,SuckerPunch,Protect|Adamant||F|||50|
|showteam|p2|Pelipper||DampRock|Drizzle|Tailwind,Hurricane,Protect,WeatherBall|Timid||M|||50|]Swampert||Swampertite|Damp|Waterfall,Earthquake,IcePunch,Protect|Jolly||M|||50|]Archaludon||Magnet|Stamina|ElectroShot,Protect,FlashCannon,DragonPulse|Modest||F|||50|]Sinistcha||SitrusBerry|Hospitality|MatchaGotcha,LifeDew,RagePowder,StrengthSap|Relaxed|||||50|]Basculegion||LifeOrb|Adaptability|LastRespects,AquaJet,Liquidation,Protect|Jolly||M|||50|]Milotic||Leftovers|Competitive|Protect,IceBeam,IcyWind,LifeDew|Modest||M|||50|
|inactive|Battle timer is ON: inactive players will automatically lose when time's up. (requested by Chelicerate1)
|inactive|mr.sheep1125 has 60 seconds left.
|
|t:|1783068435
|teamsize|p1|4
|teamsize|p2|4
|start
|switch|p1a: Grimmsnarl|Grimmsnarl, L50, M, shiny|100/100
|switch|p1b: Mawile|Mawile, L50, F, shiny|100/100
|switch|p2a: Sinistcha|Sinistcha, L50|100/100
|switch|p2b: Milotic|Milotic, L50, M, shiny|100/100
|turn|1
|inactive|mr.sheep1125 has 30 seconds left.
|
|t:|1783068468
|switch|p2b: Pelipper|Pelipper, L50, M|100/100
|-weather|RainDance|[from] ability: Drizzle|[of] p2b: Pelipper
|detailschange|p1b: Mawile|Mawile-Mega, L50, F, shiny
|-mega|p1b: Mawile|Mawile|Mawilite
|move|p1a: Grimmsnarl|Light Screen|p1a: Grimmsnarl
|-sidestart|p1: Chelicerate1|move: Light Screen
|move|p1b: Mawile|Swords Dance|p1b: Mawile
|-boost|p1b: Mawile|atk|2
|move|p2a: Sinistcha|Matcha Gotcha|p1b: Mawile|[spread] p1a,p1b
|-resisted|p1b: Mawile|1
|-damage|p1a: Grimmsnarl|87/100
|-damage|p1b: Mawile|89/100
|-status|p1a: Grimmsnarl|brn
|
|-weather|RainDance|[upkeep]
|-damage|p1a: Grimmsnarl|81/100 brn|[from] brn
|upkeep
|turn|2
|
|t:|1783068486
|move|p1a: Grimmsnarl|Parting Shot|p2b: Pelipper
|-unboost|p2b: Pelipper|atk|1
|-unboost|p2b: Pelipper|spa|1
|
|t:|1783068491
|switch|p1a: Archaludon|Archaludon, L50, M, shiny|100/100|[from] Parting Shot
|move|p2b: Pelipper|Tailwind|p2b: Pelipper
|-sidestart|p2: mr.sheep1125|move: Tailwind
|move|p2a: Sinistcha|Strength Sap|p1b: Mawile
|-unboost|p1b: Mawile|atk|1
|move|p1b: Mawile|Play Rough|p2b: Pelipper
|-damage|p2b: Pelipper|0 fnt
|faint|p2b: Pelipper
|
|-weather|RainDance|[upkeep]
|upkeep
|
|t:|1783068500
|switch|p2b: Swampert|Swampert, L50, M|100/100
|turn|3
|
|t:|1783068508
|switch|p1a: Sinistcha|Sinistcha, L50, shiny|100/100
|-heal|p1b: Mawile|100/100|[from] ability: Hospitality|[of] p1a: Sinistcha
|detailschange|p2b: Swampert|Swampert-Mega, L50, M
|-mega|p2b: Swampert|Swampert|Swampertite
|move|p2b: Swampert|Earthquake|p1b: Mawile|[spread] p2a,p1a,p1b
|-resisted|p2a: Sinistcha|1
|-resisted|p1a: Sinistcha|1
|-supereffective|p1b: Mawile|1
|-damage|p2a: Sinistcha|80/100
|-damage|p1a: Sinistcha|81/100
|-damage|p1b: Mawile|25/100
|move|p2a: Sinistcha|Strength Sap|p1b: Mawile
|-unboost|p1b: Mawile|atk|1
|-heal|p2a: Sinistcha|100/100
|move|p1b: Mawile|Swords Dance|p1b: Mawile
|-boost|p1b: Mawile|atk|2
|
|-weather|RainDance|[upkeep]
|upkeep
|turn|4
|
|t:|1783068529
|move|p1b: Mawile|Protect|p1b: Mawile
|-singleturn|p1b: Mawile|Protect
|move|p2b: Swampert|Earthquake|p1a: Sinistcha|[spread] p2a,p1a
|-activate|p1b: Mawile|move: Protect
|-resisted|p2a: Sinistcha|1
|-resisted|p1a: Sinistcha|1
|-damage|p2a: Sinistcha|80/100
|-damage|p1a: Sinistcha|62/100
|move|p2a: Sinistcha|Strength Sap|p1b: Mawile
|-activate|p1b: Mawile|move: Protect
|move|p1a: Sinistcha|Matcha Gotcha|p2a: Sinistcha|[spread] p2b
|-miss|p1a: Sinistcha|p2a: Sinistcha
|-supereffective|p2b: Swampert|2
|-damage|p2b: Swampert|16/100
|-heal|p1a: Sinistcha|100/100|[from] drain|[of] p2b: Swampert
|
|-weather|RainDance|[upkeep]
|upkeep
|turn|5
|
|t:|1783068547
|move|p1b: Mawile|Sucker Punch|p2b: Swampert
|-damage|p2b: Swampert|0 fnt
|faint|p2b: Swampert
|move|p2a: Sinistcha|Life Dew|p2a: Sinistcha
|-heal|p2a: Sinistcha|100/100
|move|p1a: Sinistcha|Matcha Gotcha|p2a: Sinistcha
|-resisted|p2a: Sinistcha|1
|-damage|p2a: Sinistcha|84/100
|
|-weather|RainDance|[upkeep]
|-sideend|p2: mr.sheep1125|move: Tailwind
|upkeep
|
|t:|1783068551
|switch|p2b: Milotic|Milotic, L50, M, shiny|100/100
|turn|6
|
|t:|1783068558
|move|p1b: Mawile|Protect|p1b: Mawile
|-singleturn|p1b: Mawile|Protect
|move|p2b: Milotic|Ice Beam|p1b: Mawile
|-activate|p1b: Mawile|move: Protect
|move|p1a: Sinistcha|Life Dew||[still]|[spread] p1a,p1b
|-fail|p1a: Sinistcha|heal
|-heal|p1b: Mawile|50/100g
|move|p2a: Sinistcha|Matcha Gotcha|p1a: Sinistcha|[spread] p1a
|-activate|p1b: Mawile|move: Protect
|-resisted|p1a: Sinistcha|1
|-damage|p1a: Sinistcha|93/100
|-heal|p2a: Sinistcha|88/100|[from] drain|[of] p1a: Sinistcha
|
|-weather|RainDance|[upkeep]
|upkeep
|turn|7
|-message|mr.sheep1125 forfeited.
|
|win|Chelicerate1
|l|☆mr.sheep1125
|player|p2|
