|j|☆frooda
|j|☆Vncentius
|html|froodaVncentius    
|uhtml|bestof|Game 1 of a best-of-3
|t:|1757782654
|gametype|doubles
|player|p1|frooda|cynthia|1096
|player|p2|Vncentius|170|1133
|gen|9
|tier|[Gen 9] VGC 2025 Reg H (Bo3)
|rated|
|rule|Species Clause: Limit one of each Pokémon
|rule|Item Clause: Limit 1 of each item
|clearpoke
|poke|p1|Toedscruel, L50, F|
|poke|p1|Weezing-Galar, L50, M|
|poke|p1|Garchomp, L50, F|
|poke|p1|Corviknight, L50, M|
|poke|p1|Typhlosion-Hisui, L50, M|
|poke|p1|Pawmot, L50, F|
|poke|p2|Porygon2, L50|
|poke|p2|Incineroar, L50, M|
|poke|p2|Ursaluna, L50, F|
|poke|p2|Jumpluff, L50, M|
|poke|p2|Charizard, L50, M|
|poke|p2|Torkoal, L50, F|
|teampreview|4
|showteam|p1|Toedscruel||CovertCloak|MyceliumMight|Spore,RagePowder,EarthPower,AcidSpray|||F|||50|,,,,,Water]Weezing-Galar||ChoiceSpecs|NeutralizingGas|StrangeSteam,SludgeBomb,DazzlingGleam,Flamethrower|||M|||50|,,,,,Flying]Garchomp||LifeOrb|RoughSkin|StompingTantrum,Earthquake,DragonClaw,Protect|||F|||50|,,,,,Ground]Corviknight||SitrusBerry|MirrorArmor|Tailwind,Protect,BraveBird,Roost|||M|||50|,,,,,Dragon]Typhlosion-Hisui||ChoiceScarf|Blaze|Eruption,ShadowBall,HeatWave,SleepTalk|||M|||50|,,,,,Fire]Pawmot||FocusSash|NaturalCure|FakeOut,DoubleShock,CloseCombat,Protect|||F|||50|,,,,,Electric
|showteam|p2|Porygon2||Eviolite|Download|TeraBlast,IceBeam,TrickRoom,Recover||||||50|,,,,,Fighting]Incineroar||SitrusBerry|Intimidate|FakeOut,KnockOff,FlareBlitz,PartingShot|||M|||50|,,,,,Ghost]Ursaluna||FlameOrb|Guts|HeadlongRush,Facade,Earthquake,Protect|||F|||50|,,,,,Ghost]Jumpluff||CovertCloak|Chlorophyll|RagePowder,SunnyDay,Tailwind,SleepPowder|||M|||50|,,,,,Fire]Charizard||ChoiceSpecs|SolarPower|HeatWave,Overheat,WeatherBall,DragonPulse|||M|||50|,,,,,Ghost]Torkoal||EjectPack|Drought|Overheat,Eruption,HelpingHand,Protect|||F|||50|,,,,,Fire
|inactive|Battle timer is ON: inactive players will automatically lose when time's up. (requested by Vncentius)
|inactive|frooda has 60 seconds left.
|inactive|Vncentius has 60 seconds left.
|
|t:|1757782697
|teamsize|p1|4
|teamsize|p2|4
|start
|switch|p1a: Forg|Toedscruel, L50, F|100/100
|switch|p1b: Dimmidome|Weezing-Galar, L50, M|100/100
|switch|p2a: Porygon2|Porygon2, L50|100/100
|switch|p2b: Incineroar|Incineroar, L50, M|100/100
|-ability|p1b: Dimmidome|Neutralizing Gas
|turn|1
|inactive|Vncentius has 30 seconds left.
|inactive|Vncentius has 20 seconds left.
|inactive|Vncentius has 15 seconds left.
|inactive|Vncentius has 10 seconds left.
|inactive|Vncentius has 5 seconds left.
|
|t:|1757782747
|move|p1a: Forg|Spore|p2a: Porygon2
|-status|p2a: Porygon2|slp|[from] move: Spore
|move|p1b: Dimmidome|Dazzling Gleam|p2a: Porygon2|[spread] p2a,p2b
|-damage|p2a: Porygon2|75/100 slp
|-damage|p2b: Incineroar|66/100
|move|p2b: Incineroar|Knock Off|p1a: Forg
|-damage|p1a: Forg|37/100
|-enditem|p1a: Forg|Covert Cloak|[from] move: Knock Off|[of] p2b: Incineroar
|cant|p2a: Porygon2|slp
|
|upkeep
|turn|2
|
|t:|1757782771
|move|p1a: Forg|Spore|p2b: Incineroar
|-status|p2b: Incineroar|slp|[from] move: Spore
|move|p1b: Dimmidome|Dazzling Gleam|p2b: Incineroar|[spread] p2a,p2b
|-damage|p2a: Porygon2|52/100 slp
|-damage|p2b: Incineroar|30/100 slp
|-enditem|p2b: Incineroar|Sitrus Berry|[eat]
|-heal|p2b: Incineroar|55/100 slp|[from] item: Sitrus Berry
|cant|p2b: Incineroar|slp
|cant|p2a: Porygon2|slp
|
|upkeep
|turn|3
|
|t:|1757782790
|move|p1a: Forg|Acid Spray|p2a: Porygon2
|-damage|p2a: Porygon2|46/100 slp
|-unboost|p2a: Porygon2|spd|2
|move|p1b: Dimmidome|Dazzling Gleam|p2b: Incineroar|[spread] p2a,p2b
|-damage|p2a: Porygon2|0 fnt
|-damage|p2b: Incineroar|17/100 slp
|faint|p2a: Porygon2
|cant|p2b: Incineroar|slp
|
|upkeep
|
|t:|1757782808
|switch|p2a: Torkoal|Torkoal, L50, F|100/100
|turn|4
|
|t:|1757782824
|move|p1a: Forg|Spore|p2a: Torkoal
|-status|p2a: Torkoal|slp|[from] move: Spore
|move|p1b: Dimmidome|Dazzling Gleam|p2b: Incineroar|[spread] p2a,p2b
|-resisted|p2a: Torkoal
|-damage|p2a: Torkoal|77/100 slp
|-damage|p2b: Incineroar|0 fnt
|faint|p2b: Incineroar
|cant|p2a: Torkoal|slp
|
|upkeep
|
|t:|1757782835
|switch|p2b: Ursaluna|Ursaluna, L50, F|100/100
|turn|5
|
|t:|1757782859
|move|p1a: Forg|Earth Power|p2a: Torkoal
|-supereffective|p2a: Torkoal
|-damage|p2a: Torkoal|2/100 slp
|move|p1b: Dimmidome|Dazzling Gleam|p2a: Torkoal|[spread] p2a,p2b
|-resisted|p2a: Torkoal
|-damage|p2a: Torkoal|0 fnt
|-damage|p2b: Ursaluna|66/100
|faint|p2a: Torkoal
|move|p2b: Ursaluna|Headlong Rush|p1b: Dimmidome
|-supereffective|p1b: Dimmidome
|-damage|p1b: Dimmidome|0 fnt
|-unboost|p2b: Ursaluna|def|1
|-unboost|p2b: Ursaluna|spd|1
|faint|p1b: Dimmidome
|-end|p1b: Dimmidome|ability: Neutralizing Gas
|
|-status|p2b: Ursaluna|brn|[from] item: Flame Orb
|upkeep
|
|t:|1757782871
|switch|p1b: Rat|Pawmot, L50, F|100/100
|turn|6
|
|t:|1757782881
|-terastallize|p2b: Ursaluna|Ghost
|move|p1b: Rat|Fake Out|p2b: Ursaluna
|-immune|p2b: Ursaluna
|move|p1a: Forg|Earth Power|p2b: Ursaluna
|-damage|p2b: Ursaluna|30/100 brn
|move|p2b: Ursaluna|Earthquake|p1a: Forg|[spread] p1a,p1b
|-resisted|p1a: Forg
|-supereffective|p1b: Rat
|-damage|p1a: Forg|0 fnt
|-enditem|p1b: Rat|Focus Sash
|-damage|p1b: Rat|1/100
|faint|p1a: Forg
|
|-damage|p2b: Ursaluna|24/100 brn|[from] brn
|upkeep
|
|t:|1757782885
|switch|p1a: Volcano|Typhlosion-Hisui, L50, M, shiny|100/100
|turn|7
|
|t:|1757782901
|move|p1b: Rat|Protect|p1b: Rat
|-singleturn|p1b: Rat|Protect
|move|p1a: Volcano|Eruption|p2b: Ursaluna
|-damage|p2b: Ursaluna|0 fnt
|faint|p2b: Ursaluna
|
|win|frooda
||frooda is ready for game 2.
|inactive|Vncentius has 30 seconds to confirm battle start!
||Vncentius is ready for game 2.
|uhtml|next|Next: Game 2 of 3
