|j|☆benhumble
|j|☆Jirotz
|html|benhumbleJirotz    
|uhtml|bestof|Game 1 of a best-of-3
|t:|1782214814
|gametype|doubles
|player|p1|benhumble|266|1033
|player|p2|Jirotz|volkner|1000
|gen|9
|tier|[Gen 9 Champions] VGC 2026 Reg M-B (Bo3)
|rated|
|rule|Species Clause: Limit one of each Pokémon
|rule|Item Clause: Limit 1 of each item
|clearpoke
|poke|p1|Metagross, L50|
|poke|p1|Hydreigon, L50, F|
|poke|p1|Sneasler, L50, F|
|poke|p1|Incineroar, L50, M|
|poke|p1|Sinistcha, L50|
|poke|p1|Aerodactyl, L50, F|
|poke|p2|Scovillain, L50, M, shiny|
|poke|p2|Rotom-Wash, L50|
|poke|p2|Clefable, L50, F|
|poke|p2|Annihilape, L50, M|
|poke|p2|Farigiraf, L50, M|
|poke|p2|Dragalge, L50, M, shiny|
|teampreview|4
|showteam|p1|Metagross||Metagrossite|ClearBody|Protect,IcePunch,PsychicFangs,IronHead|Jolly|||||50|]Hydreigon||LifeOrb|Levitate|Protect,NastyPlot,DarkPulse,DracoMeteor|Modest||F|||50|]Sneasler||WhiteHerb|Unburden|FakeOut,Coaching,CloseCombat,DireClaw|Adamant||F|||50|]Incineroar||SitrusBerry|Intimidate|FakeOut,PartingShot,DarkestLariat,FlareBlitz|Brave||M|||50|]Sinistcha||CobaBerry|Hospitality|Protect,RagePowder,TrickRoom,MatchaGotcha|Quiet|||||50|]Aerodactyl||FocusSash|Pressure|Protect,Tailwind,DualWingbeat,RockSlide|Jolly||F|||50|
|showteam|p2|Scovillain||Scovillainite|Moody|Overheat,RagePowder,GigaDrain,Protect|Calm||M|||50|]Rotom-Wash||SitrusBerry|Levitate|Electroweb,HydroPump,LightScreen,Protect|Bold|||||50|]Clefable||BabiriBerry|Unaware|Moonblast,FollowMe,LifeDew,Protect|Calm||F|||50|]Annihilape||Leftovers|Defiant|RageFist,Protect,DrainPunch,BulkUp|Adamant||M|||50|]Farigiraf||ColburBerry|ArmorTail|Psychic,Thunderbolt,TrickRoom,Protect|Quiet||M|||50|]Dragalge||Dragalgite|Adaptability|Protect,Scald,SludgeBomb,DragonPulse|Relaxed||M|||50|
|inactive|Battle timer is ON: inactive players will automatically lose when time's up. (requested by Jirotz)
|inactive|Jirotz has 60 seconds left.
|
|t:|1782214864
|teamsize|p1|4
|teamsize|p2|4
|start
|switch|p1a: Hydreigon|Hydreigon, L50, F|100/100
|switch|p1b: Sinistcha|Sinistcha, L50|100/100
|switch|p2a: Jeansplant|Scovillain, L50, M, shiny|100/100
|switch|p2b: Annihilape|Annihilape, L50, M|100/100
|turn|1
|inactive|Jirotz has 30 seconds left.
|
|t:|1782214897
|detailschange|p2a: Jeansplant|Scovillain-Mega, L50, M, shiny
|-mega|p2a: Jeansplant|Scovillain|Scovillainite
|move|p2a: Jeansplant|Rage Powder|p2a: Jeansplant
|-singleturn|p2a: Jeansplant|move: Rage Powder
|move|p1b: Sinistcha|Rage Powder|p1b: Sinistcha
|-singleturn|p1b: Sinistcha|move: Rage Powder
|move|p1a: Hydreigon|Nasty Plot|p1a: Hydreigon
|-boost|p1a: Hydreigon|spa|2
|move|p2b: Annihilape|Bulk Up|p2b: Annihilape
|-boost|p2b: Annihilape|atk|1
|-boost|p2b: Annihilape|def|1
|
|upkeep
|turn|2
|
|t:|1782214918
|switch|p2a: Clefable|Clefable, L50, F|100/100
|move|p2b: Annihilape|Protect|p2b: Annihilape
|-singleturn|p2b: Annihilape|Protect
|move|p1b: Sinistcha|Rage Powder|p1b: Sinistcha
|-singleturn|p1b: Sinistcha|move: Rage Powder
|move|p1a: Hydreigon|Dark Pulse|p2b: Annihilape
|-activate|p2b: Annihilape|move: Protect
|
|upkeep
|turn|3
|
|t:|1782214936
|move|p1a: Hydreigon|Protect|p1a: Hydreigon
|-singleturn|p1a: Hydreigon|Protect
|move|p2a: Clefable|Follow Me|p2a: Clefable
|-singleturn|p2a: Clefable|move: Follow Me
|move|p2b: Annihilape|Rage Fist|p1b: Sinistcha
|-supereffective|p1b: Sinistcha|1
|-damage|p1b: Sinistcha|41/100
|move|p1b: Sinistcha|Matcha Gotcha|p2a: Clefable|[spread] p2a,p2b
|-damage|p2a: Clefable|79/100
|-heal|p1b: Sinistcha|53/100|[from] drain|[of] p2a: Clefable
|-damage|p2b: Annihilape|80/100
|-heal|p1b: Sinistcha|64/100|[from] drain|[of] p2b: Annihilape
|-status|p2a: Clefable|brn
|
|-heal|p2b: Annihilape|87/100|[from] item: Leftovers
|-damage|p2a: Clefable|73/100 brn|[from] brn
|upkeep
|turn|4
|inactive|benhumble has 30 seconds left.
|inactive|Jirotz has 30 seconds left.
|
|t:|1782214963
|move|p1b: Sinistcha|Rage Powder|p1b: Sinistcha
|-singleturn|p1b: Sinistcha|move: Rage Powder
|move|p2a: Clefable|Follow Me|p2a: Clefable
|-singleturn|p2a: Clefable|move: Follow Me
|move|p1a: Hydreigon|Nasty Plot|p1a: Hydreigon
|-boost|p1a: Hydreigon|spa|2
|move|p2b: Annihilape|Rage Fist|p1b: Sinistcha
|-supereffective|p1b: Sinistcha|1
|-damage|p1b: Sinistcha|0 fnt
|faint|p1b: Sinistcha
|
|-heal|p2b: Annihilape|93/100|[from] item: Leftovers
|-damage|p2a: Clefable|67/100 brn|[from] brn
|upkeep
|
|t:|1782214975
|switch|p1b: Metagross|Metagross, L50|100/100
|turn|5
|
|t:|1782214988
|detailschange|p1b: Metagross|Metagross-Mega, L50
|-mega|p1b: Metagross|Metagross|Metagrossite
|move|p2a: Clefable|Follow Me|p2a: Clefable
|-singleturn|p2a: Clefable|move: Follow Me
|move|p1b: Metagross|Iron Head|p2a: Clefable
|-supereffective|p2a: Clefable|1
|-enditem|p2a: Clefable|Babiri Berry|[eat]
|-enditem|p2a: Clefable|Babiri Berry|[weaken]
|-damage|p2a: Clefable|13/100 brn
|move|p1a: Hydreigon|Dark Pulse|p2a: Clefable
|-resisted|p2a: Clefable|1
|-damage|p2a: Clefable|0 fnt
|faint|p2a: Clefable
|-damage|p1a: Hydreigon|90/100|[from] item: Life Orb
|move|p2b: Annihilape|Rage Fist|p1b: Metagross
|-supereffective|p1b: Metagross|1
|-damage|p1b: Metagross|0 fnt
|faint|p1b: Metagross
|
|-heal|p2b: Annihilape|99/100|[from] item: Leftovers
|upkeep
|
|t:|1782215006
|switch|p1b: Sneasler|Sneasler, L50, F|100/100
|switch|p2a: Jeansplant|Scovillain-Mega, L50, M, shiny|100/100
|turn|6
|
|t:|1782215019
|move|p2b: Annihilape|Protect|p2b: Annihilape
|-singleturn|p2b: Annihilape|Protect
|move|p2a: Jeansplant|Protect|p2a: Jeansplant
|-singleturn|p2a: Jeansplant|Protect
|move|p1b: Sneasler|Fake Out|p2a: Jeansplant
|-activate|p2a: Jeansplant|move: Protect
|move|p1a: Hydreigon|Dark Pulse|p2b: Annihilape
|-activate|p2b: Annihilape|move: Protect
|
|-heal|p2b: Annihilape|100/100|[from] item: Leftovers
|upkeep
|turn|7
|inactive|Jirotz has 30 seconds left.
|
|t:|1782215049
|move|p2a: Jeansplant|Rage Powder|p2a: Jeansplant
|-singleturn|p2a: Jeansplant|move: Rage Powder
|move|p1b: Sneasler|Dire Claw|p2a: Jeansplant
|-supereffective|p2a: Jeansplant|1
|-damage|p2a: Jeansplant|9/100
|-status|p2a: Jeansplant|par
|-status|p1b: Sneasler|brn|[from] ability: Spicy Spray|[of] p2a: Jeansplant
|move|p1a: Hydreigon|Dark Pulse|p2a: Jeansplant
|-damage|p2a: Jeansplant|0 fnt
|-status|p1a: Hydreigon|brn|[from] ability: Spicy Spray|[of] p2a: Jeansplant
|faint|p2a: Jeansplant
|-damage|p1a: Hydreigon|81/100 brn|[from] item: Life Orb
|move|p2b: Annihilape|Rage Fist|p1b: Sneasler
|-damage|p1b: Sneasler|0 fnt
|faint|p1b: Sneasler
|
|-damage|p1a: Hydreigon|75/100 brn|[from] brn
|upkeep
|
|t:|1782215067
|switch|p2a: Rotom|Rotom-Wash, L50|100/100
|turn|8
|
|t:|1782215077
|move|p2b: Annihilape|Protect|p2b: Annihilape
|-singleturn|p2b: Annihilape|Protect
|move|p1a: Hydreigon|Dark Pulse|p2b: Annihilape
|-activate|p2b: Annihilape|move: Protect
|move|p2a: Rotom|Light Screen|p2a: Rotom
|-sidestart|p2: Jirotz|move: Light Screen
|
|-damage|p1a: Hydreigon|69/100 brn|[from] brn
|upkeep
|turn|9
|
|t:|1782215089
|move|p1a: Hydreigon|Dark Pulse|p2b: Annihilape
|-damage|p2b: Annihilape|7/100
|-damage|p1a: Hydreigon|59/100 brn|[from] item: Life Orb
|move|p2b: Annihilape|Drain Punch|p1a: Hydreigon
|-supereffective|p1a: Hydreigon|1
|-damage|p1a: Hydreigon|0 fnt
|-heal|p2b: Annihilape|32/100|[from] drain|[of] p1a: Hydreigon
|faint|p1a: Hydreigon
|
|win|Jirotz
