|j|☆ExessVGC
|j|☆uscorp
|html|ExessVGCuscorp    
|uhtml|bestof|Game 3 of a best-of-3
|t:|1756719639
|gametype|doubles
|player|p1|ExessVGC|170|
|player|p2|uscorp|169|
|gen|9
|tier|[Gen 9] VGC 2025 Reg H (Bo3)
|rule|Species Clause: Limit one of each Pokémon
|rule|Item Clause: Limit 1 of each item
|clearpoke
|poke|p1|Archaludon, L50, F|
|poke|p1|Pelipper, L50, M|
|poke|p1|Amoonguss, L50, F|
|poke|p1|Basculegion, L50, M|
|poke|p1|Bellibolt, L50, F|
|poke|p1|Meowscarada, L50, M|
|poke|p2|Kingambit, L50, M|
|poke|p2|Primarina, L50, F|
|poke|p2|Sneasler, L50, F|
|poke|p2|Magmar, L50, F|
|poke|p2|Rillaboom, L50, M|
|poke|p2|Dragapult, L50, M|
|teampreview|4
|showteam|p1|Archaludon||AssaultVest|Stamina|BodyPress,FlashCannon,ElectroShot,DracoMeteor|||F|||50|,,,,,Dragon]Pelipper||SafetyGoggles|Drizzle|WeatherBall,Hurricane,WideGuard,Tailwind|||M|||50|,,,,,Ground]Amoonguss||RockyHelmet|Regenerator|SludgeBomb,Spore,RagePowder,Protect|||F|||50|,,,,,Water]Basculegion||ChoiceScarf|Adaptability|FlipTurn,WaveCrash,LastRespects,AquaJet|||M|||50|,,,,,Grass]Bellibolt||Leftovers|Electromorphosis|MuddyWater,Thunderbolt,Electroweb,Protect|||F|||50|,,,,,Water]Meowscarada||FocusSash|Protean|SuckerPunch,Protect,FlowerTrick,TripleAxel|||M|||50|,,,,,Ghost
|showteam|p2|Kingambit||BlackGlasses|Defiant|KowtowCleave,SuckerPunch,SwordsDance,Protect|||M|||50|,,,,,Dark]Primarina||SitrusBerry|LiquidVoice|HyperVoice,Moonblast,Haze,Protect|||F|||50|,,,,,Poison]Sneasler||FocusSash|Unburden|CloseCombat,DireClaw,Coaching,Protect|||F|||50|,,,,,Stellar]Magmar||Eviolite|VitalSpirit|HeatWave,WillOWisp,FollowMe,Protect|||F|||50|,,,,,Ghost]Rillaboom||AssaultVest|GrassySurge|WoodHammer,GrassyGlide,HighHorsepower,FakeOut|||M|||50|,,,,,Fire]Dragapult||ChoiceBand|ClearBody|DragonDarts,PhantomForce,TeraBlast,Uturn|||M|||50|,,,,,Dragon
|l|☆uscorp
|player|p2|
|
|t:|1756719725
|teamsize|p1|4
|teamsize|p2|4
|start
|switch|p1a: Archaludon|Archaludon, L50, F, shiny|100/100
|switch|p1b: Meowscarada|Meowscarada, L50, M|100/100
|switch|p2a: Rillaboom|Rillaboom, L50, M|100/100
|switch|p2b: Kingambit|Kingambit, L50, M|100/100
|-fieldstart|move: Grassy Terrain|[from] ability: Grassy Surge|[of] p2a: Rillaboom
|turn|1
|j|☆uscorp
|player|p2|uscorp|169|
|l|☆uscorp
|player|p2|
|j|☆uscorp
|player|p2|uscorp|169|
|
|t:|1756719836
|-terastallize|p1a: Archaludon|Dragon
|move|p1b: Meowscarada|Protect|p1b: Meowscarada
|-start|p1b: Meowscarada|typechange|Normal|[from] ability: Protean
|-singleturn|p1b: Meowscarada|Protect
|move|p2a: Rillaboom|Fake Out|p1b: Meowscarada
|-activate|p1b: Meowscarada|move: Protect
|move|p1a: Archaludon|Body Press|p2b: Kingambit
|-supereffective|p2b: Kingambit
|-damage|p2b: Kingambit|21/100
|move|p2b: Kingambit|Swords Dance|p2b: Kingambit
|-boost|p2b: Kingambit|atk|2
|
|-heal|p2b: Kingambit|27/100|[from] Grassy Terrain
|upkeep
|turn|2
|
|t:|1756719875
|-terastallize|p2b: Kingambit|Dark
|move|p1b: Meowscarada|Sucker Punch|p1a: Archaludon
|-damage|p1a: Archaludon|87/100
|-ability|p1a: Archaludon|Stamina|boost
|-boost|p1a: Archaludon|def|1
|move|p2b: Kingambit|Sucker Punch|p1a: Archaludon
|-damage|p1a: Archaludon|26/100
|-ability|p1a: Archaludon|Stamina|boost
|-boost|p1a: Archaludon|def|1
|move|p1a: Archaludon|Body Press|p2b: Kingambit
|-supereffective|p2b: Kingambit
|-damage|p2b: Kingambit|0 fnt
|faint|p2b: Kingambit
|move|p2a: Rillaboom|Wood Hammer|p1b: Meowscarada
|-enditem|p1b: Meowscarada|Focus Sash
|-damage|p1b: Meowscarada|1/100
|-damage|p2a: Rillaboom|76/100|[from] Recoil
|
|-heal|p1b: Meowscarada|7/100|[from] Grassy Terrain
|-heal|p1a: Archaludon|32/100|[from] Grassy Terrain
|-heal|p2a: Rillaboom|82/100|[from] Grassy Terrain
|upkeep
|
|t:|1756719903
|switch|p2b: Sneasler|Sneasler, L50, F|100/100
|turn|3
|
|t:|1756719964
|move|p1b: Meowscarada|Sucker Punch|p2a: Rillaboom
|-damage|p2a: Rillaboom|61/100
|move|p2a: Rillaboom|Grassy Glide|p1b: Meowscarada
|-damage|p1b: Meowscarada|0 fnt
|faint|p1b: Meowscarada
|move|p2b: Sneasler|Dire Claw|p1a: Archaludon
|-damage|p1a: Archaludon|17/100
|-status|p1a: Archaludon|psn
|-ability|p1a: Archaludon|Stamina|boost
|-boost|p1a: Archaludon|def|1
|move|p1a: Archaludon|Body Press|p2a: Rillaboom
|-damage|p2a: Rillaboom|1/100
|
|-heal|p1a: Archaludon|23/100 psn|[from] Grassy Terrain
|-heal|p2a: Rillaboom|7/100|[from] Grassy Terrain
|-damage|p1a: Archaludon|11/100 psn|[from] psn
|upkeep
|
|t:|1756719982
|switch|p1b: Peeko|Pelipper, L50, M, shiny|100/100
|-weather|RainDance|[from] ability: Drizzle|[of] p1b: Peeko
|turn|4
|l|☆uscorp
|player|p2|
|
|t:|1756720046
|move|p2a: Rillaboom|Grassy Glide|p1b: Peeko
|-damage|p1b: Peeko|65/100
|move|p2b: Sneasler|Close Combat|p1a: Archaludon
|-damage|p1a: Archaludon|0 fnt
|-unboost|p2b: Sneasler|def|1
|-unboost|p2b: Sneasler|spd|1
|faint|p1a: Archaludon
|move|p1b: Peeko|Hurricane|p2b: Sneasler
|-supereffective|p2b: Sneasler
|-enditem|p2b: Sneasler|Focus Sash
|-damage|p2b: Sneasler|1/100
|
|-weather|RainDance|[upkeep]
|-heal|p2b: Sneasler|7/100|[from] Grassy Terrain
|-heal|p2a: Rillaboom|13/100|[from] Grassy Terrain
|upkeep
|
|t:|1756720052
|switch|p1a: Basculegion|Basculegion, L50, M|100/100
|turn|5
|j|☆uscorp
|player|p2|uscorp|169|
|
|t:|1756720105
|switch|p2a: Primarina|Primarina, L50, F|100/100
|move|p2b: Sneasler|Protect|p2b: Sneasler
|-singleturn|p2b: Sneasler|Protect
|move|p1a: Basculegion|Last Respects|p2a: Primarina
|-damage|p2a: Primarina|6/100
|-enditem|p2a: Primarina|Sitrus Berry|[eat]
|-heal|p2a: Primarina|31/100|[from] item: Sitrus Berry
|move|p1b: Peeko|Tailwind|p1b: Peeko
|-sidestart|p1: ExessVGC|move: Tailwind
|
|-weather|RainDance|[upkeep]
|-heal|p2b: Sneasler|13/100|[from] Grassy Terrain
|-heal|p2a: Primarina|37/100|[from] Grassy Terrain
|-fieldend|move: Grassy Terrain
|upkeep
|turn|6
|c|☆ExessVGC|l'hai vinta comunque
|c|☆ExessVGC|vediamo se te ne accorgi
|
|t:|1756720194
|move|p1a: Basculegion|Last Respects|p2a: Primarina
|-damage|p2a: Primarina|0 fnt
|faint|p2a: Primarina
|move|p2b: Sneasler|Dire Claw|p1b: Peeko
|-damage|p1b: Peeko|26/100
|move|p1b: Peeko|Hurricane|p2b: Sneasler
|-supereffective|p2b: Sneasler
|-damage|p2b: Sneasler|0 fnt
|faint|p2b: Sneasler
|
|-weather|RainDance|[upkeep]
|upkeep
|l|☆uscorp
|player|p2|
|j|☆uscorp
|player|p2|uscorp|169|
|
|t:|1756720236
|switch|p2b: Rillaboom|Rillaboom, L50, M|13/100
|-fieldstart|move: Grassy Terrain|[from] ability: Grassy Surge|[of] p2b: Rillaboom
|turn|7
|c|☆ExessVGC|scherzo
|
|t:|1756720247
|move|p2b: Rillaboom|Grassy Glide|p1a: Basculegion
|-supereffective|p1a: Basculegion
|-damage|p1a: Basculegion|4/100
|move|p1a: Basculegion|Last Respects|p2b: Rillaboom
|-damage|p2b: Rillaboom|0 fnt
|faint|p2b: Rillaboom
|
|win|ExessVGC
|c|☆ExessVGC|pensavo non avessi terato
|l|☆uscorp
|player|p2|
|c|☆ExessVGC|invece si kingambit
