|j|☆Chavo666
|j|☆Ossi1590
|html|Chavo666Ossi1590    
|uhtml|bestof|Game 1 of a best-of-3
|t:|1783505256
|gametype|doubles
|player|p1|Chavo666|steven|1216
|player|p2|Ossi1590|colress|1316
|gen|9
|tier|[Gen 9 Champions] VGC 2026 Reg M-B (Bo3)
|rated|
|rule|Species Clause: Limit one of each Pokémon
|rule|Item Clause: Limit 1 of each item
|clearpoke
|poke|p1|Malamar, L50, M|
|poke|p1|Whimsicott, L50, F|
|poke|p1|Sinistcha, L50|
|poke|p1|Gholdengo, L50|
|poke|p1|Charizard, L50, M|
|poke|p1|Garchomp, L50, M|
|poke|p2|Raichu, L50, M|
|poke|p2|Mawile, L50, F|
|poke|p2|Sinistcha, L50|
|poke|p2|Ceruledge, L50, F|
|poke|p2|Milotic, L50, F|
|poke|p2|Incineroar, L50, M|
|teampreview|4
|showteam|p1|Malamar||Malamarite|Contrary|KnockOff,PsychoCut,Superpower,Protect|Jolly||M|||50|]Whimsicott||FocusSash|Prankster|Moonblast,Tailwind,FakeTears,Charm|Calm||F|||50|]Sinistcha||ColburBerry|Hospitality|MatchaGotcha,ShadowBall,RagePowder,LifeDew|Bold|||||50|]Gholdengo||LifeOrb|GoodasGold|MakeItRain,ShadowBall,Protect,Thunderbolt|Modest|||||50|]Charizard||CharizarditeY|Blaze|HeatWave,AirSlash,Protect,SolarBeam|Timid||M|||50|]Garchomp||HabanBerry|RoughSkin|DragonClaw,Earthquake,RockSlide,SwordsDance|Jolly||M|||50|
|showteam|p2|Raichu||RaichuniteY|LightningRod|ZapCannon,FocusBlast,FakeOut,Protect|Timid||M|||50|]Mawile||Mawilite|HyperCutter|PlayRough,SuckerPunch,SwordsDance,Protect|Adamant||F|||50|]Sinistcha||KasibBerry|Hospitality|MatchaGotcha,LifeDew,RagePowder,Protect|Relaxed|||||50|]Ceruledge||ColburBerry|FlashFire|BitterBlade,ShadowSneak,BulkUp,Protect|Adamant||F|||50|]Milotic||Leftovers|Competitive|MuddyWater,Coil,Hypnosis,Protect|Calm||F|||50|]Incineroar||SitrusBerry|Intimidate|FlareBlitz,ThroatChop,FakeOut,PartingShot|Impish||M|||50|
|
|t:|1783505298
|teamsize|p1|4
|teamsize|p2|4
|start
|switch|p1a: Malamar|Malamar, L50, M|100/100
|switch|p1b: Whimsicott|Whimsicott, L50, F|100/100
|switch|p2a: Ceruledge|Ceruledge, L50, F|100/100
|switch|p2b: Raichu|Raichu, L50, M|100/100
|turn|1
|
|t:|1783505319
|detailschange|p2b: Raichu|Raichu-Mega-Y, L50, M
|-mega|p2b: Raichu|Raichu|Raichunite Y
|detailschange|p1a: Malamar|Malamar-Mega, L50, M
|-mega|p1a: Malamar|Malamar|Malamarite
|move|p2b: Raichu|Fake Out|p1b: Whimsicott
|-damage|p1b: Whimsicott|89/100
|cant|p1b: Whimsicott|flinch
|move|p1a: Malamar|Knock Off|p2a: Ceruledge
|-supereffective|p2a: Ceruledge|1
|-enditem|p2a: Ceruledge|Colbur Berry|[eat]
|-enditem|p2a: Ceruledge|Colbur Berry|[weaken]
|-damage|p2a: Ceruledge|55/100
|move|p2a: Ceruledge|Bulk Up|p2a: Ceruledge
|-boost|p2a: Ceruledge|atk|1
|-boost|p2a: Ceruledge|def|1
|
|upkeep
|turn|2
|
|t:|1783505341
|move|p2a: Ceruledge|Protect|p2a: Ceruledge
|-singleturn|p2a: Ceruledge|Protect
|move|p1b: Whimsicott|Fake Tears|p1a: Malamar
|-boost|p1a: Malamar|spd|2
|move|p2b: Raichu|Zap Cannon|p1a: Malamar
|-damage|p1a: Malamar|73/100
|-status|p1a: Malamar|par
|move|p1a: Malamar|Superpower|p2b: Raichu
|-damage|p2b: Raichu|50/100g
|-boost|p1a: Malamar|atk|1
|-boost|p1a: Malamar|def|1
|
|upkeep
|turn|3
|
|t:|1783505358
|move|p1b: Whimsicott|Charm|p2a: Ceruledge
|-unboost|p2a: Ceruledge|atk|2
|move|p2b: Raichu|Zap Cannon|p1a: Malamar
|-damage|p1a: Malamar|44/100 par
|move|p2a: Ceruledge|Bitter Blade|p1b: Whimsicott
|-supereffective|p1b: Whimsicott|1
|-damage|p1b: Whimsicott|14/100
|-heal|p2a: Ceruledge|90/100|[from] drain|[of] p1b: Whimsicott
|move|p1a: Malamar|Superpower|p2b: Raichu
|-damage|p2b: Raichu|0 fnt
|-boost|p1a: Malamar|atk|1
|-boost|p1a: Malamar|def|1
|faint|p2b: Raichu
|
|upkeep
|
|t:|1783505368
|switch|p2b: Sinistcha|Sinistcha, L50|100/100
|-heal|p2a: Ceruledge|100/100|[from] ability: Hospitality|[of] p2b: Sinistcha
|turn|4
|
|t:|1783505379
|switch|p1b: Sinistcha|Sinistcha, L50|100/100
|-heal|p1a: Malamar|68/100 par|[from] ability: Hospitality|[of] p1b: Sinistcha
|move|p2b: Sinistcha|Rage Powder|p2b: Sinistcha
|-singleturn|p2b: Sinistcha|move: Rage Powder
|move|p2a: Ceruledge|Bulk Up|p2a: Ceruledge
|-boost|p2a: Ceruledge|atk|1
|-boost|p2a: Ceruledge|def|1
|move|p1a: Malamar|Knock Off|p2b: Sinistcha
|-supereffective|p2b: Sinistcha|1
|-damage|p2b: Sinistcha|0 fnt
|-enditem|p2b: Sinistcha|Kasib Berry|[from] move: Knock Off|[of] p1a: Malamar
|faint|p2b: Sinistcha
|
|upkeep
|
|t:|1783505382
|switch|p2b: Milotic|Milotic, L50, F|100/100
|turn|5
|
|t:|1783505403
|move|p2a: Ceruledge|Protect|p2a: Ceruledge
|-singleturn|p2a: Ceruledge|Protect
|move|p2b: Milotic|Coil|p2b: Milotic
|-boost|p2b: Milotic|atk|1
|-boost|p2b: Milotic|def|1
|-boost|p2b: Milotic|accuracy|1
|move|p1b: Sinistcha|Matcha Gotcha|p2b: Milotic|[spread] p2b
|-activate|p2a: Ceruledge|move: Protect
|-supereffective|p2b: Milotic|1
|-damage|p2b: Milotic|64/100
|cant|p1a: Malamar|par
|
|-heal|p2b: Milotic|70/100|[from] item: Leftovers
|upkeep
|turn|6
|
|t:|1783505431
|switch|p1b: Whimsicott|Whimsicott, L50, F|14/100
|move|p2a: Ceruledge|Bitter Blade|p1a: Malamar
|-damage|p1a: Malamar|35/100 par
|move|p2b: Milotic|Hypnosis|p1b: Whimsicott
|-status|p1b: Whimsicott|slp|[from] move: Hypnosis
|move|p1a: Malamar|Knock Off|p2a: Ceruledge
|-supereffective|p2a: Ceruledge|1
|-damage|p2a: Ceruledge|33/100
|
|-heal|p2b: Milotic|76/100|[from] item: Leftovers
|upkeep
|turn|7
|
|t:|1783505445
|switch|p1b: Sinistcha|Sinistcha, L50|100/100
|-heal|p1a: Malamar|60/100 par|[from] ability: Hospitality|[of] p1b: Sinistcha
|move|p1a: Malamar|Protect|p1a: Malamar
|-singleturn|p1a: Malamar|Protect
|move|p2a: Ceruledge|Bitter Blade|p1a: Malamar
|-activate|p1a: Malamar|move: Protect
|move|p2b: Milotic|Muddy Water|p1b: Sinistcha|[spread] p1b
|-activate|p1a: Malamar|move: Protect
|-resisted|p1b: Sinistcha|1
|-damage|p1b: Sinistcha|85/100
|
|-heal|p2b: Milotic|82/100|[from] item: Leftovers
|upkeep
|turn|8
|
|t:|1783505463
|move|p1b: Sinistcha|Rage Powder|p1b: Sinistcha
|-singleturn|p1b: Sinistcha|move: Rage Powder
|move|p2a: Ceruledge|Bitter Blade|p1b: Sinistcha
|-supereffective|p1b: Sinistcha|1
|-damage|p1b: Sinistcha|18/100
|-heal|p2a: Ceruledge|66/100|[from] drain|[of] p1b: Sinistcha
|move|p2b: Milotic|Muddy Water|p1a: Malamar|[spread] p1a,p1b
|-resisted|p1b: Sinistcha|1
|-damage|p1a: Malamar|48/100 par
|-damage|p1b: Sinistcha|5/100
|move|p1a: Malamar|Superpower|p2b: Milotic
|-damage|p2b: Milotic|43/100
|-boost|p1a: Malamar|atk|1
|-boost|p1a: Malamar|def|1
|
|-heal|p2b: Milotic|49/100|[from] item: Leftovers
|upkeep
|turn|9
|
|t:|1783505479
|switch|p1b: Whimsicott|Whimsicott, L50, F|14/100 slp
|move|p1a: Malamar|Protect|p1a: Malamar
|-singleturn|p1a: Malamar|Protect
|move|p2a: Ceruledge|Bulk Up|p2a: Ceruledge
|-boost|p2a: Ceruledge|atk|1
|-boost|p2a: Ceruledge|def|1
|move|p2b: Milotic|Muddy Water|p1a: Malamar|[spread] p1b
|-activate|p1a: Malamar|move: Protect
|-resisted|p1b: Whimsicott|1
|-damage|p1b: Whimsicott|3/100 slp
|
|-heal|p2b: Milotic|55/100|[from] item: Leftovers
|upkeep
|turn|10
|
|t:|1783505497
|cant|p1b: Whimsicott|slp
|move|p2a: Ceruledge|Bitter Blade|p1a: Malamar
|-damage|p1a: Malamar|11/100 par
|-heal|p2a: Ceruledge|83/100|[from] drain|[of] p1a: Malamar
|move|p2b: Milotic|Muddy Water|p1a: Malamar|[spread] p1a,p1b
|-resisted|p1b: Whimsicott|1
|-damage|p1a: Malamar|1/100 par
|-damage|p1b: Whimsicott|0 fnt
|-boost|p1a: Malamar|accuracy|1
|faint|p1b: Whimsicott
|move|p1a: Malamar|Superpower|p2b: Milotic
|-crit|p2b: Milotic
|-damage|p2b: Milotic|0 fnt
|-boost|p1a: Malamar|atk|1
|-boost|p1a: Malamar|def|1
|faint|p2b: Milotic
|
|upkeep
|
|t:|1783505505
|switch|p1b: Sinistcha|Sinistcha, L50|5/100
|-heal|p1a: Malamar|25/100 par|[from] ability: Hospitality|[of] p1b: Sinistcha
|turn|11
|
|t:|1783505511
|switch|p1b: Garchomp|Garchomp, L50, M|100/100
|move|p1a: Malamar|Protect|p1a: Malamar
|-singleturn|p1a: Malamar|Protect
|move|p2a: Ceruledge|Bitter Blade|p1a: Malamar
|-activate|p1a: Malamar|move: Protect
|
|upkeep
|turn|12
|
|t:|1783505523
|switch|p1b: Sinistcha|Sinistcha, L50|5/100
|-heal|p1a: Malamar|49/100 par|[from] ability: Hospitality|[of] p1b: Sinistcha
|move|p2a: Ceruledge|Bitter Blade|p1a: Malamar
|-damage|p1a: Malamar|18/100 par
|-heal|p2a: Ceruledge|97/100|[from] drain|[of] p1a: Malamar
|move|p1a: Malamar|Knock Off|p2a: Ceruledge
|-supereffective|p2a: Ceruledge|1
|-damage|p2a: Ceruledge|27/100
|
|upkeep
|turn|13
|
|t:|1783505534
|switch|p1b: Garchomp|Garchomp, L50, M|100/100
|move|p1a: Malamar|Protect|p1a: Malamar
|-singleturn|p1a: Malamar|Protect
|move|p2a: Ceruledge|Bitter Blade|p1a: Malamar
|-activate|p1a: Malamar|move: Protect
|
|upkeep
|turn|14
|
|t:|1783505543
|switch|p1b: Sinistcha|Sinistcha, L50|5/100
|-heal|p1a: Malamar|42/100 par|[from] ability: Hospitality|[of] p1b: Sinistcha
|move|p2a: Ceruledge|Bitter Blade|p1b: Sinistcha
|-supereffective|p1b: Sinistcha|1
|-damage|p1b: Sinistcha|0 fnt
|-heal|p2a: Ceruledge|29/100|[from] drain|[of] p1b: Sinistcha
|faint|p1b: Sinistcha
|move|p1a: Malamar|Knock Off|p2a: Ceruledge
|-supereffective|p2a: Ceruledge|1
|-damage|p2a: Ceruledge|0 fnt
|faint|p2a: Ceruledge
|
|win|Chavo666
||Ossi1590 is ready for game 2.
||Chavo666 is ready for game 2.
|uhtml|next|Next: Game 2 of 3
