|j|☆camala64
|j|☆Allmightpalafin
|html|camala64Allmightpalafin    
|uhtml|bestof|Game 2 of a best-of-3
|t:|1785774517
|gametype|doubles
|player|p1|camala64|lance-masters2|
|player|p2|Allmightpalafin|misty|
|gen|9
|tier|[Gen 9 Champions] VGC 2026 Reg M-B (Bo3)
|rule|Species Clause: Limit one of each Pokémon
|rule|Item Clause: Limit 1 of each item
|clearpoke
|poke|p1|Glimmora, L50, M, shiny|
|poke|p1|Ninetales-Alola, L50, F, shiny|
|poke|p1|Kommo-o, L50, F, shiny|
|poke|p1|Incineroar, L50, F|
|poke|p1|Sinistcha-Masterpiece, L50, shiny|
|poke|p1|Mawile, L50, F, shiny|
|poke|p2|Charizard, L50, M, shiny|
|poke|p2|Farigiraf, L50, M, shiny|
|poke|p2|Sylveon, L50, M, shiny|
|poke|p2|Lycanroc-Dusk, L50, M|
|poke|p2|Drampa, L50, F|
|poke|p2|Whimsicott, L50, F|
|teampreview|4
|showteam|p1|Glimmora||Glimmoranite|ToxicDebris|PowerGem,SludgeBomb,EarthPower,SpikyShield|Timid||M|||50|]Ninetales-Alola||FocusSash|SnowWarning|Blizzard,FreezeDry,AuroraVeil,Protect|Timid||F|||50|]Kommo-o||LifeOrb|Soundproof|AuraSphere,ClangingScales,ClangorousSoul,Protect|Modest||F|||50|]Incineroar||SitrusBerry|Intimidate|FakeOut,FlareBlitz,PartingShot,DarkestLariat|Adamant||F|||50|]Sinistcha-Masterpiece||KasibBerry|Hospitality|MatchaGotcha,RagePowder,TrickRoom,Protect|Bold|||||50|]Mawile||Mawilite|Intimidate|PlayRough,SuckerPunch,SwordsDance,Protect|Brave||F|||50|
|showteam|p2|Charizard||CharizarditeY|Blaze|HeatWave,WeatherBall,SolarBeam,Protect|Bold||M|||50|]Farigiraf||SitrusBerry|ArmorTail|TrickRoom,Thunderbolt,HelpingHand,Psychic|Bold||M|||50|]Sylveon||FairyFeather|Pixilate|HyperVoice,QuickAttack,Detect,HyperBeam|Quiet||M|||50|]Lycanroc-Dusk||FocusSash|ToughClaws|CloseCombat,Accelerock,Protect,RockSlide|Jolly||M|||50|]Drampa||Drampanite|CloudNine|HyperVoice,CalmMind,Flamethrower,Protect|Quiet||F|||50|]Whimsicott||OccaBerry|Prankster|Moonblast,Tailwind,Protect,Encore|Timid||F|||50|
|
|t:|1785774565
|teamsize|p1|4
|teamsize|p2|4
|start
|switch|p1a: Glimmora|Glimmora, L50, M, shiny|100/100
|switch|p1b: Incineroar|Incineroar, L50, F|100/100
|switch|p2a: Lycanroc|Lycanroc-Dusk, L50, M|100/100
|switch|p2b: Farigiraf|Farigiraf, L50, M, shiny|100/100
|-ability|p1b: Incineroar|Intimidate|boost
|-unboost|p2a: Lycanroc|atk|1
|-unboost|p2b: Farigiraf|atk|1
|turn|1
|
|t:|1785774580
|detailschange|p1a: Glimmora|Glimmora-Mega, L50, M, shiny
|-mega|p1a: Glimmora|Glimmora|Glimmoranite
|move|p2a: Lycanroc|Close Combat|p1a: Glimmora
|-damage|p1a: Glimmora|65/100
|-unboost|p2a: Lycanroc|def|1
|-unboost|p2a: Lycanroc|spd|1
|move|p1a: Glimmora|Sludge Bomb|p2b: Farigiraf
|-damage|p2b: Farigiraf|43/100
|-enditem|p2b: Farigiraf|Sitrus Berry|[eat]
|-heal|p2b: Farigiraf|68/100|[from] item: Sitrus Berry
|move|p1b: Incineroar|Darkest Lariat|p2b: Farigiraf
|-supereffective|p2b: Farigiraf|1
|-damage|p2b: Farigiraf|11/100
|move|p2b: Farigiraf|Trick Room|p2b: Farigiraf
|-fieldstart|move: Trick Room|[of] p2b: Farigiraf
|
|upkeep
|turn|2
|
|t:|1785774632
|switch|p1a: Sinistcha|Sinistcha-Masterpiece, L50, shiny|100/100
|move|p2b: Farigiraf|Helping Hand|p2a: Lycanroc
|-singleturn|p2a: Lycanroc|Helping Hand|[of] p2b: Farigiraf
|move|p1b: Incineroar|Parting Shot|p2b: Farigiraf
|-unboost|p2b: Farigiraf|atk|1
|-unboost|p2b: Farigiraf|spa|1
|
|t:|1785774643
|switch|p1b: Kommo-o|Kommo-o, L50, F, shiny|100/100|[from] Parting Shot
|move|p2a: Lycanroc|Close Combat|p1b: Kommo-o
|-damage|p1b: Kommo-o|51/100
|-unboost|p2a: Lycanroc|def|1
|-unboost|p2a: Lycanroc|spd|1
|
|upkeep
|turn|3
|
|t:|1785774664
|switch|p2a: Sylveon|Sylveon, L50, M, shiny|100/100
|move|p1a: Sinistcha|Rage Powder|p1a: Sinistcha
|-singleturn|p1a: Sinistcha|move: Rage Powder
|move|p2b: Farigiraf|Psychic|p1a: Sinistcha
|-damage|p1a: Sinistcha|76/100
|move|p1b: Kommo-o|Clanging Scales|p2b: Farigiraf|[spread] p2b
|-immune|p2a: Sylveon
|-damage|p2b: Farigiraf|0 fnt
|faint|p2b: Farigiraf
|-unboost|p1b: Kommo-o|def|1
|-damage|p1b: Kommo-o|42/100|[from] item: Life Orb
|
|upkeep
|
|t:|1785774674
|switch|p2b: Drampa|Drampa, L50, F|100/100
|-ability|p2b: Drampa|Cloud Nine
|turn|4
|
|t:|1785774703
|detailschange|p2b: Drampa|Drampa-Mega, L50, F
|-mega|p2b: Drampa|Drampa|Drampanite
|move|p1a: Sinistcha|Rage Powder|p1a: Sinistcha
|-singleturn|p1a: Sinistcha|move: Rage Powder
|move|p2b: Drampa|Calm Mind|p2b: Drampa
|-boost|p2b: Drampa|spa|1
|-boost|p2b: Drampa|spd|1
|move|p2a: Sylveon|Hyper Voice|p1b: Kommo-o|[spread] p1a
|-immune|p1b: Kommo-o|[from] ability: Soundproof
|-damage|p1a: Sinistcha|20/100y
|move|p1b: Kommo-o|Aura Sphere|p2b: Drampa
|-supereffective|p2b: Drampa|1
|-damage|p2b: Drampa|41/100
|-ability|p2b: Drampa|Berserk|boost
|-boost|p2b: Drampa|spa|1
|-damage|p1b: Kommo-o|32/100|[from] item: Life Orb
|
|upkeep
|turn|5
|
|t:|1785774756
|move|p1a: Sinistcha|Rage Powder|p1a: Sinistcha
|-singleturn|p1a: Sinistcha|move: Rage Powder
|move|p2b: Drampa|Flamethrower|p1a: Sinistcha
|-supereffective|p1a: Sinistcha|1
|-damage|p1a: Sinistcha|0 fnt
|faint|p1a: Sinistcha
|move|p2a: Sylveon|Hyper Beam|p1b: Kommo-o
|-supereffective|p1b: Kommo-o|2
|-damage|p1b: Kommo-o|0 fnt
|-mustrecharge|p2a: Sylveon
|faint|p1b: Kommo-o
|
|-fieldend|move: Trick Room
|upkeep
|
|t:|1785774765
|switch|p1b: Glimmora|Glimmora-Mega, L50, M, shiny|65/100
|switch|p1a: Incineroar|Incineroar, L50, F|100/100
|-ability|p1a: Incineroar|Intimidate|boost
|-unboost|p2a: Sylveon|atk|1
|-unboost|p2b: Drampa|atk|1
|turn|6
|
|t:|1785774784
|move|p2b: Drampa|Protect|p2b: Drampa
|-singleturn|p2b: Drampa|Protect
|move|p1a: Incineroar|Fake Out|p2b: Drampa
|-activate|p2b: Drampa|move: Protect
|move|p1b: Glimmora|Sludge Bomb|p2b: Drampa
|-activate|p2b: Drampa|move: Protect
|cant|p2a: Sylveon|recharge
|
|upkeep
|turn|7
|
|t:|1785774795
|move|p1b: Glimmora|Sludge Bomb|p2a: Sylveon
|-supereffective|p2a: Sylveon|1
|-damage|p2a: Sylveon|0 fnt
|faint|p2a: Sylveon
|move|p1a: Incineroar|Darkest Lariat|p2b: Drampa
|-damage|p2b: Drampa|8/100
|move|p2b: Drampa|Hyper Voice|p1a: Incineroar|[spread] p1a,p1b
|-resisted|p1b: Glimmora|1
|-damage|p1a: Incineroar|19/100
|-damage|p1b: Glimmora|23/100
|-enditem|p1a: Incineroar|Sitrus Berry|[eat]
|-heal|p1a: Incineroar|44/100|[from] item: Sitrus Berry
|
|upkeep
|
|t:|1785774804
|switch|p2a: Lycanroc|Lycanroc-Dusk, L50, M|100/100
|turn|8
|
|t:|1785774825
|move|p2a: Lycanroc|Rock Slide|p1b: Glimmora|[spread] p1b
|-miss|p2a: Lycanroc|p1a: Incineroar
|-damage|p1b: Glimmora|0 fnt
|faint|p1b: Glimmora
|move|p1a: Incineroar|Darkest Lariat|p2a: Lycanroc
|-damage|p2a: Lycanroc|36/100
|move|p2b: Drampa|Hyper Voice|p1a: Incineroar
|-damage|p1a: Incineroar|0 fnt
|faint|p1a: Incineroar
|
|win|Allmightpalafin
||Allmightpalafin is ready for game 3.
|inactive|camala64 has 30 seconds to confirm battle start!
||camala64 is ready for game 3.
|uhtml|next|Next: Game 3 of 3
