|j|☆swarmhostuser
|j|☆taka89
|html|swarmhostusertaka89    
|uhtml|bestof|Game 1 of a best-of-3
|t:|1756830092
|gametype|doubles
|player|p1|swarmhostuser|2|1040
|player|p2|taka89|clerk-boss|1104
|gen|9
|tier|[Gen 9] VGC 2025 Reg H (Bo3)
|rated|
|rule|Species Clause: Limit one of each Pokémon
|rule|Item Clause: Limit 1 of each item
|clearpoke
|poke|p1|Sneasler, L50, F|
|poke|p1|Kingambit, L50, F|
|poke|p1|Rillaboom, L50, F|
|poke|p1|Dragonite, L50, M|
|poke|p1|Volcarona, L50, M|
|poke|p1|Electabuzz, L50, M|
|poke|p2|Flamigo, L50, M|
|poke|p2|Porygon2, L50|
|poke|p2|Ursaluna, L50, F|
|poke|p2|Archaludon, L50, F|
|poke|p2|Tyranitar, L50, F|
|poke|p2|Incineroar, L50, F|
|teampreview|4
|showteam|p1|Sneasler||FocusSash|Unburden|DireClaw,CloseCombat,Coaching,FakeOut|||F|||50|,,,,,Stellar]Kingambit||BlackGlasses|Defiant|KowtowCleave,SwordsDance,SuckerPunch,Protect|||F|||50|,,,,,Dark]Rillaboom||AssaultVest|GrassySurge|FakeOut,WoodHammer,GrassyGlide,HighHorsepower|||F|||50|,,,,,Fire]Dragonite||LoadedDice|Multiscale|ScaleShot,ExtremeSpeed,Haze,Protect|||M|||50|,,,,,Fairy]Volcarona||CovertCloak|FlameBody|HeatWave,TeraBlast,QuiverDance,Protect|||M|||50|,,,,,Fairy]Electabuzz||Eviolite|VitalSpirit|Electroweb,FollowMe,Taunt,Protect|||M|||50|,,,,,Ghost
|showteam|p2|Flamigo||ChoiceScarf|Scrappy|BraveBird,DualWingbeat,CloseCombat,Uturn|||M|||50|,,,,,Ghost]Porygon2||Eviolite|Download|Thunderbolt,TeraBlast,TrickRoom,Protect||||||50|,,,,,Flying]Ursaluna||FlameOrb|Guts|Facade,Earthquake,HeadlongRush,Protect|||F|||50|,,,,,Ghost]Archaludon||AssaultVest|Stamina|ElectroShot,DarkPulse,BodyPress,DracoMeteor|||F|||50|,,,,,Grass]Tyranitar||FocusSash|SandStream|RockSlide,LowKick,KnockOff,Protect|||F|||50|,,,,,Flying]Incineroar||PasshoBerry|Intimidate|KnockOff,FlareBlitz,FakeOut,PartingShot|||F|||50|,,,,,Ghost
|inactive|Battle timer is ON: inactive players will automatically lose when time's up. (requested by taka89)
|inactive|swarmhostuser has 60 seconds left.
|inactive|taka89 has 60 seconds left.
|inactive|swarmhostuser has 30 seconds left.
|inactive|swarmhostuser has 20 seconds left.
|inactive|swarmhostuser has 15 seconds left.
|
|t:|1756830168
|teamsize|p1|4
|teamsize|p2|4
|start
|switch|p1a: Kingambit|Kingambit, L50, F|100/100
|switch|p1b: Rillaboom|Rillaboom, L50, F|100/100
|switch|p2a: Winglade|Flamigo, L50, M|100/100
|switch|p2b: zapper|Tyranitar, L50, F, shiny|100/100
|-fieldstart|move: Grassy Terrain|[from] ability: Grassy Surge|[of] p1b: Rillaboom
|-weather|Sandstorm|[from] ability: Sand Stream|[of] p2b: zapper
|turn|1
|inactive|swarmhostuser has 30 seconds left.
|inactive|taka89 has 30 seconds left.
|inactive|swarmhostuser has 20 seconds left.
|inactive|taka89 has 20 seconds left.
|inactive|swarmhostuser has 15 seconds left.
|inactive|taka89 has 15 seconds left.
|inactive|swarmhostuser has 10 seconds left.
|inactive|taka89 has 10 seconds left.
|inactive|swarmhostuser has 5 seconds left.
|
|t:|1756830223
|switch|p2a: werewerewire|Archaludon, L50, F|100/100
|move|p1b: Rillaboom|Wood Hammer|p2b: zapper
|-supereffective|p2b: zapper
|-enditem|p2b: zapper|Focus Sash
|-damage|p2b: zapper|1/100
|-damage|p1b: Rillaboom|68/100|[from] Recoil
|move|p1a: Kingambit|Swords Dance|p1a: Kingambit
|-boost|p1a: Kingambit|atk|2
|move|p2b: zapper|Low Kick|p1a: Kingambit
|-supereffective|p1a: Kingambit
|-damage|p1a: Kingambit|0 fnt
|faint|p1a: Kingambit
|
|-weather|Sandstorm|[upkeep]
|-damage|p1b: Rillaboom|62/100|[from] Sandstorm
|-heal|p1b: Rillaboom|68/100|[from] Grassy Terrain
|-heal|p2b: zapper|7/100|[from] Grassy Terrain
|upkeep
|inactive|swarmhostuser has 30 seconds left.
|
|t:|1756830253
|switch|p1a: Sneasler|Sneasler, L50, F|100/100
|turn|2
|inactive|taka89 has 30 seconds left.
|
|t:|1756830281
|switch|p2a: Winglade|Flamigo, L50, M|100/100
|move|p2b: zapper|Protect|p2b: zapper
|-singleturn|p2b: zapper|Protect
|move|p1a: Sneasler|Fake Out|p2a: Winglade
|-damage|p2a: Winglade|78/100
|move|p1b: Rillaboom|Grassy Glide|p2b: zapper
|-activate|p2b: zapper|move: Protect
|
|-weather|Sandstorm|[upkeep]
|-damage|p2a: Winglade|73/100|[from] Sandstorm
|-damage|p1a: Sneasler|95/100|[from] Sandstorm
|-damage|p1b: Rillaboom|62/100|[from] Sandstorm
|-heal|p1a: Sneasler|100/100|[from] Grassy Terrain
|-heal|p1b: Rillaboom|68/100|[from] Grassy Terrain
|-heal|p2b: zapper|13/100|[from] Grassy Terrain
|upkeep
|turn|3
|inactive|taka89 has 30 seconds left.
|
|t:|1756830307
|switch|p2b: werewerewire|Archaludon, L50, F|100/100
|move|p1b: Rillaboom|Grassy Glide|p2b: werewerewire
|-resisted|p2b: werewerewire
|-damage|p2b: werewerewire|95/100
|-ability|p2b: werewerewire|Stamina|boost
|-boost|p2b: werewerewire|def|1
|move|p2a: Winglade|Brave Bird|p1a: Sneasler
|-supereffective|p1a: Sneasler
|-enditem|p1a: Sneasler|Focus Sash
|-damage|p1a: Sneasler|1/100
|-damage|p2a: Winglade|40/100|[from] Recoil
|move|p1a: Sneasler|Dire Claw|p2a: Winglade
|-damage|p2a: Winglade|0 fnt
|faint|p2a: Winglade
|
|-weather|Sandstorm|[upkeep]
|-damage|p1a: Sneasler|0 fnt|[from] Sandstorm
|-damage|p1b: Rillaboom|62/100|[from] Sandstorm
|faint|p1a: Sneasler
|-heal|p1b: Rillaboom|68/100|[from] Grassy Terrain
|-heal|p2b: werewerewire|100/100|[from] Grassy Terrain
|upkeep
|inactive|taka89 has 30 seconds left.
|inactive|taka89 has 20 seconds left.
|inactive|taka89 has 15 seconds left.
|
|t:|1756830351
|switch|p1a: Dragonite|Dragonite, L50, M|100/100
|switch|p2a: zapper|Tyranitar, L50, F, shiny|13/100
|turn|4
|
|t:|1756830368
|move|p2a: zapper|Protect|p2a: zapper
|-singleturn|p2a: zapper|Protect
|move|p1b: Rillaboom|Grassy Glide|p2a: zapper
|-activate|p2a: zapper|move: Protect
|move|p1a: Dragonite|Scale Shot|p2b: werewerewire
|-damage|p2b: werewerewire|94/100
|-ability|p2b: werewerewire|Stamina|boost
|-boost|p2b: werewerewire|def|1
|-damage|p2b: werewerewire|88/100
|-ability|p2b: werewerewire|Stamina|boost
|-boost|p2b: werewerewire|def|1
|-damage|p2b: werewerewire|84/100
|-ability|p2b: werewerewire|Stamina|boost
|-boost|p2b: werewerewire|def|1
|-damage|p2b: werewerewire|80/100
|-ability|p2b: werewerewire|Stamina|boost
|-boost|p2b: werewerewire|def|1
|-damage|p2b: werewerewire|76/100
|-ability|p2b: werewerewire|Stamina|boost
|-boost|p2b: werewerewire|def|1
|-hitcount|p2b: werewerewire|5
|-unboost|p1a: Dragonite|def|1
|-boost|p1a: Dragonite|spe|1
|move|p2b: werewerewire|Body Press|p1b: Rillaboom
|-damage|p1b: Rillaboom|0 fnt
|faint|p1b: Rillaboom
|
|-weather|Sandstorm|[upkeep]
|-damage|p1a: Dragonite|95/100|[from] Sandstorm
|-heal|p2b: werewerewire|82/100|[from] Grassy Terrain
|-heal|p2a: zapper|18/100|[from] Grassy Terrain
|upkeep
|turn|5
|-message|swarmhostuser forfeited.
|
|win|taka89
