|j|☆drakondude2
|j|☆darthnius
|html|drakondude2darthnius    
|uhtml|bestof|Game 2 of a best-of-3
|t:|1754762311
|gametype|doubles
|player|p1|drakondude2|170|1231
|player|p2|darthnius|volkner|1376
|gen|9
|tier|[Gen 9] VGC 2025 Reg H (Bo3)
|rated|
|rule|Species Clause: Limit one of each Pokémon
|rule|Item Clause: Limit 1 of each item
|clearpoke
|poke|p1|Baxcalibur, L50, M|
|poke|p1|Kingambit, L50, M|
|poke|p1|Sneasler, L50, F|
|poke|p1|Ninetales-Alola, L50, F|
|poke|p1|Rillaboom, L50, F|
|poke|p1|Basculegion, L50, M|
|poke|p2|Gallade, L50, M|
|poke|p2|Indeedee-F, L50, F|
|poke|p2|Torkoal, L50, F|
|poke|p2|Ursaluna, L50, F|
|poke|p2|Hatterene, L50, F|
|poke|p2|Zoroark-Hisui, L50, M|
|teampreview|4
|showteam|p1|Baxcalibur||LoadedDice|ThermalExchange|Protect,IceShard,ScaleShot,IcicleSpear|||M|||50|,,,,,Poison]Kingambit||AssaultVest|Defiant|KowtowCleave,IronHead,SuckerPunch,LowKick|||M|||50|,,,,,Water]Sneasler||FocusSash|Unburden|DireClaw,CloseCombat,FakeOut,Coaching|||F|||50|,,,,,Stellar]Ninetales-Alola||ChoiceSpecs|SnowWarning|Moonblast,AuroraVeil,FreezeDry,Blizzard|||F|||50|,,,,,Ice]Rillaboom||MiracleSeed|GrassySurge|WoodHammer,GrassyGlide,FakeOut,Taunt|||F|||50|,,,,,Fire]Basculegion||ChoiceScarf|Adaptability|WaveCrash,FlipTurn,LastRespects,TeraBlast|||M|||50|,,,,,Fairy
|showteam|p2|Gallade||ClearAmulet|Sharpness|SacredSword,PsychoCut,TrickRoom,WideGuard|||M|||50|,,,,,Grass]Indeedee-F||RockyHelmet|PsychicSurge|FollowMe,HelpingHand,TrickRoom,Psychic|||F|||50|,,,,,Steel]Torkoal||Charcoal|Drought|Eruption,HeatWave,WeatherBall,ClearSmog|||F|||50|,,,,,Fire]Ursaluna||FlameOrb|Guts|Protect,Facade,HeadlongRush,Earthquake|||F|||50|,,,,,Ghost]Hatterene||LifeOrb|MagicBounce|ExpandingForce,DazzlingGleam,Protect,TrickRoom|||F|||50|,,,,,Water]Zoroark-Hisui||ChoiceSpecs|Illusion|HyperVoice,ShadowBall,TeraBlast,Taunt|||M|||50|,,,,,Stellar
|inactive|Battle timer is ON: inactive players will automatically lose when time's up. (requested by darthnius)
|
|t:|1754762345
|teamsize|p1|4
|teamsize|p2|4
|start
|switch|p1a: Kingambit|Kingambit, L50, M|100/100
|switch|p1b: Basculegion|Basculegion, L50, M|100/100
|switch|p2a: Hatterene|Hatterene, L50, F|100/100
|switch|p2b: Indeedee|Indeedee-F, L50, F|100/100
|-fieldstart|move: Psychic Terrain|[from] ability: Psychic Surge|[of] p2b: Indeedee
|turn|1
|
|t:|1754762362
|switch|p2b: Torkoal|Torkoal, L50, F|100/100
|-weather|SunnyDay|[from] ability: Drought|[of] p2b: Torkoal
|-terastallize|p2a: Hatterene|Water
|move|p1b: Basculegion|Flip Turn|p2b: Torkoal
|-supereffective|p2b: Torkoal
|-damage|p2b: Torkoal|69/100
|
|t:|1754762368
|switch|p1b: Rillaboom|Rillaboom, L50, F|100/100|[from] Flip Turn
|-fieldstart|move: Grassy Terrain|[from] ability: Grassy Surge|[of] p1b: Rillaboom
|move|p1a: Kingambit|Kowtow Cleave|p2b: Torkoal
|-damage|p2b: Torkoal|34/100
|move|p2a: Hatterene|Trick Room|p2a: Hatterene
|-fieldstart|move: Trick Room|[of] p2a: Hatterene
|
|-weather|SunnyDay|[upkeep]
|-heal|p2b: Torkoal|41/100|[from] Grassy Terrain
|upkeep
|turn|2
|
|t:|1754762392
|switch|p1b: Ninetales|Ninetales-Alola, L50, F|100/100
|-weather|Snowscape|[from] ability: Snow Warning|[of] p1b: Ninetales
|move|p2a: Hatterene|Protect|p2a: Hatterene
|-singleturn|p2a: Hatterene|Protect
|move|p2b: Torkoal|Heat Wave|p1b: Ninetales|[spread] p1a,p1b
|-supereffective|p1a: Kingambit
|-supereffective|p1b: Ninetales
|-damage|p1a: Kingambit|52/100
|-damage|p1b: Ninetales|19/100
|move|p1a: Kingambit|Kowtow Cleave|p2b: Torkoal
|-damage|p2b: Torkoal|3/100
|
|-weather|Snowscape|[upkeep]
|-heal|p2b: Torkoal|9/100|[from] Grassy Terrain
|-heal|p1a: Kingambit|58/100|[from] Grassy Terrain
|-heal|p1b: Ninetales|25/100|[from] Grassy Terrain
|upkeep
|turn|3
|
|t:|1754762415
|switch|p1b: Rillaboom|Rillaboom, L50, F|100/100
|move|p1a: Kingambit|Sucker Punch|p2b: Torkoal
|-damage|p2b: Torkoal|0 fnt
|faint|p2b: Torkoal
|move|p2a: Hatterene|Dazzling Gleam|p1b: Rillaboom|[spread] p1a,p1b
|-damage|p1a: Kingambit|30/100
|-damage|p1b: Rillaboom|50/100
|-damage|p2a: Hatterene|91/100|[from] item: Life Orb
|
|-weather|Snowscape|[upkeep]
|-heal|p2a: Hatterene|97/100|[from] Grassy Terrain
|-heal|p1a: Kingambit|36/100|[from] Grassy Terrain
|-heal|p1b: Rillaboom|56/100|[from] Grassy Terrain
|upkeep
|
|t:|1754762425
|switch|p2b: Indeedee|Indeedee-F, L50, F|100/100
|-fieldstart|move: Psychic Terrain|[from] ability: Psychic Surge|[of] p2b: Indeedee
|turn|4
|
|t:|1754762444
|switch|p1b: Ninetales|Ninetales-Alola, L50, F|25/100
|move|p2b: Indeedee|Helping Hand|p2a: Hatterene
|-singleturn|p2a: Hatterene|Helping Hand|[of] p2b: Indeedee
|move|p2a: Hatterene|Dazzling Gleam|p1a: Kingambit|[spread] p1a,p1b
|-damage|p1a: Kingambit|0 fnt
|-damage|p1b: Ninetales|0 fnt
|faint|p1a: Kingambit
|faint|p1b: Ninetales
|-damage|p2a: Hatterene|87/100|[from] item: Life Orb
|
|-weather|Snowscape|[upkeep]
|upkeep
|
|t:|1754762450
|switch|p1a: Rillaboom|Rillaboom, L50, F|56/100
|switch|p1b: Basculegion|Basculegion, L50, M|100/100
|-fieldstart|move: Grassy Terrain|[from] ability: Grassy Surge|[of] p1a: Rillaboom
|turn|5
|inactive|drakondude2 has 30 seconds left.
|inactive|darthnius has 30 seconds left.
|inactive|darthnius has 20 seconds left.
|inactive|darthnius has 15 seconds left.
|inactive|darthnius has 10 seconds left.
|inactive|drakondude2 has 20 seconds left.
|inactive|drakondude2 has 15 seconds left.
|
|t:|1754762508
|-terastallize|p1b: Basculegion|Fairy
|move|p1a: Rillaboom|Fake Out|p2a: Hatterene
|-damage|p2a: Hatterene|71/100
|move|p2b: Indeedee|Follow Me|p2b: Indeedee
|-singleturn|p2b: Indeedee|move: Follow Me
|cant|p2a: Hatterene|flinch
|move|p1b: Basculegion|Tera Blast|p2b: Indeedee|[anim] Tera Blast Fairy
|-crit|p2b: Indeedee
|-damage|p2b: Indeedee|18/100
|
|-weather|Snowscape|[upkeep]
|-heal|p2a: Hatterene|77/100|[from] Grassy Terrain
|-heal|p2b: Indeedee|24/100|[from] Grassy Terrain
|-heal|p1a: Rillaboom|62/100|[from] Grassy Terrain
|-fieldend|move: Trick Room
|upkeep
|turn|6
|inactive|darthnius has 30 seconds left.
|
|t:|1754762534
|switch|p2b: Ursaluna|Ursaluna, L50, F|100/100
|move|p2a: Hatterene|Protect|p2a: Hatterene
|-singleturn|p2a: Hatterene|Protect
|move|p1b: Basculegion|Tera Blast|p2b: Ursaluna|[anim] Tera Blast Fairy
|-damage|p2b: Ursaluna|62/100
|move|p1a: Rillaboom|Wood Hammer|p2a: Hatterene
|-activate|p2a: Hatterene|move: Protect
|
|-weather|none
|-heal|p1a: Rillaboom|68/100|[from] Grassy Terrain
|-heal|p2b: Ursaluna|68/100|[from] Grassy Terrain
|-heal|p2a: Hatterene|82/100|[from] Grassy Terrain
|-status|p2b: Ursaluna|brn|[from] item: Flame Orb
|upkeep
|turn|7
|
|t:|1754762554
|move|p1b: Basculegion|Tera Blast|p2a: Hatterene|[anim] Tera Blast Fairy
|-damage|p2a: Hatterene|18/100
|move|p1a: Rillaboom|Wood Hammer|p2b: Ursaluna
|-supereffective|p2b: Ursaluna
|-damage|p2b: Ursaluna|0 fnt
|faint|p2b: Ursaluna
|-damage|p1a: Rillaboom|42/100|[from] Recoil
|move|p2a: Hatterene|Trick Room|p2a: Hatterene
|-fieldstart|move: Trick Room|[of] p2a: Hatterene
|
|-heal|p2a: Hatterene|24/100|[from] Grassy Terrain
|-heal|p1a: Rillaboom|48/100|[from] Grassy Terrain
|upkeep
|-message|drakondude2 forfeited.
|
|win|darthnius
|raw|drakondude2's rating: 1231 → 1216(-15 for losing)
|raw|darthnius's rating: 1376 → 1388(+12 for winning)
|l|☆drakondude2
|player|p1|
