|j|☆r4ka
|j|☆pikatrod
|html|r4kapikatrod    
|uhtml|bestof|Game 3 of a best-of-3
|t:|1757254752
|gametype|doubles
|player|p1|r4ka|266|1308
|player|p2|pikatrod|170|1417
|gen|9
|tier|[Gen 9] VGC 2025 Reg H (Bo3)
|rated|
|rule|Species Clause: Limit one of each Pokémon
|rule|Item Clause: Limit 1 of each item
|clearpoke
|poke|p1|Rillaboom, L50, M|
|poke|p1|Dragonite, L50, M|
|poke|p1|Sneasler, L50, M|
|poke|p1|Kingambit, L50, M|
|poke|p1|Electabuzz, L50, M|
|poke|p1|Volcarona, L50, F|
|poke|p2|Kingambit, L50, F|
|poke|p2|Primarina, L50, M|
|poke|p2|Sneasler, L50, M|
|poke|p2|Magmar, L50, M|
|poke|p2|Rillaboom, L50, F|
|poke|p2|Dragapult, L50, F|
|teampreview|4
|showteam|p1|Rillaboom||AssaultVest|GrassySurge|FakeOut,HighHorsepower,WoodHammer,GrassyGlide|||M|||50|,,,,,Fire]Dragonite||LoadedDice|Multiscale|ExtremeSpeed,ScaleShot,Protect,Haze|||M|||50|,,,,,Steel]Sneasler||FocusSash|PoisonTouch|DireClaw,CloseCombat,FakeOut,Coaching|||M|||50|,,,,,Stellar]Kingambit||BlackGlasses|Defiant|KowtowCleave,SuckerPunch,SwordsDance,Protect|||M|||50|,,,,,Ghost]Electabuzz||Eviolite|VitalSpirit|Thunderbolt,Taunt,Protect,FollowMe|||M|||50|,,,,,Ghost]Volcarona||Leftovers|FlameBody|HeatWave,TeraBlast,QuiverDance,Protect|||F|||50|,,,,,Fairy
|showteam|p2|Kingambit||BlackGlasses|Defiant|KowtowCleave,SuckerPunch,SwordsDance,Protect|||F|||50|,,,,,Dark]Primarina||SitrusBerry|LiquidVoice|HyperVoice,Moonblast,Haze,Protect|||M|||50|,,,,,Water]Sneasler||FocusSash|Unburden|DireClaw,CloseCombat,FakeOut,Protect|||M|||50|,,,,,Stellar]Magmar||Eviolite|VitalSpirit|Overheat,WillOWisp,FollowMe,Protect|||M|||50|,,,,,Ghost]Rillaboom||AssaultVest|GrassySurge|WoodHammer,GrassyGlide,HighHorsepower,FakeOut|||F|||50|,,,,,Fire]Dragapult||ChoiceBand|ClearBody|DragonDarts,PhantomForce,Outrage,Uturn|||F|||50|,,,,,Dragon
|
|t:|1757254789
|teamsize|p1|4
|teamsize|p2|4
|start
|switch|p1a: Dragonite|Dragonite, L50, M, shiny|100/100
|switch|p1b: Sneasler|Sneasler, L50, M|100/100
|switch|p2a: Primarina|Primarina, L50, M|100/100
|switch|p2b: Magmar|Magmar, L50, M|100/100
|turn|1
|
|t:|1757254849
|move|p1a: Dragonite|Protect|p1a: Dragonite
|-singleturn|p1a: Dragonite|Protect
|move|p1b: Sneasler|Coaching|p1a: Dragonite
|-boost|p1a: Dragonite|atk|1
|-boost|p1a: Dragonite|def|1
|move|p2b: Magmar|Will-O-Wisp|p1a: Dragonite
|-activate|p1a: Dragonite|move: Protect
|move|p2a: Primarina|Hyper Voice|p1a: Dragonite|[spread] p1b
|-activate|p1a: Dragonite|move: Protect
|-damage|p1b: Sneasler|54/100
|
|upkeep
|turn|2
|
|t:|1757254869
|switch|p1b: Rillaboom|Rillaboom, L50, M|100/100
|-fieldstart|move: Grassy Terrain|[from] ability: Grassy Surge|[of] p1b: Rillaboom
|move|p2b: Magmar|Follow Me|p2b: Magmar
|-singleturn|p2b: Magmar|move: Follow Me
|move|p1a: Dragonite|Scale Shot|p2b: Magmar
|-crit|p2b: Magmar
|-damage|p2b: Magmar|69/100
|-damage|p2b: Magmar|50/100
|-damage|p2b: Magmar|30/100
|-damage|p2b: Magmar|10/100
|-damage|p2b: Magmar|0 fnt
|faint|p2b: Magmar
|-hitcount|p2: Magmar|5
|-unboost|p1a: Dragonite|def|1
|-boost|p1a: Dragonite|spe|1
|move|p2a: Primarina|Moonblast|p1b: Rillaboom
|-damage|p1b: Rillaboom|69/100
|
|-heal|p1b: Rillaboom|75/100|[from] Grassy Terrain
|upkeep
|
|t:|1757254888
|switch|p2b: Sneasler|Sneasler, L50, M|100/100
|turn|3
|
|t:|1757254910
|switch|p2a: Kingambit|Kingambit, L50, F|100/100
|move|p1a: Dragonite|Protect|p1a: Dragonite
|-singleturn|p1a: Dragonite|Protect
|move|p2b: Sneasler|Fake Out|p1a: Dragonite
|-activate|p1a: Dragonite|move: Protect
|move|p1b: Rillaboom|Wood Hammer|p2a: Kingambit
|-resisted|p2a: Kingambit
|-damage|p2a: Kingambit|70/100
|-damage|p1b: Rillaboom|65/100|[from] Recoil
|
|-heal|p1b: Rillaboom|71/100|[from] Grassy Terrain
|-heal|p2a: Kingambit|76/100|[from] Grassy Terrain
|upkeep
|turn|4
|
|t:|1757254956
|switch|p2b: Primarina|Primarina, L50, M|100/100
|-terastallize|p2a: Kingambit|Dark
|move|p1a: Dragonite|Scale Shot|p2b: Primarina
|-immune|p2b: Primarina
|move|p1b: Rillaboom|High Horsepower|p2a: Kingambit
|-damage|p2a: Kingambit|52/100
|move|p2a: Kingambit|Kowtow Cleave|p1b: Rillaboom
|-damage|p1b: Rillaboom|0 fnt
|faint|p1b: Rillaboom
|
|-heal|p2a: Kingambit|58/100|[from] Grassy Terrain
|upkeep
|
|t:|1757254972
|switch|p1b: Sneasler|Sneasler, L50, M|54/100
|turn|5
|
|t:|1757255007
|move|p2a: Kingambit|Protect|p2a: Kingambit
|-singleturn|p2a: Kingambit|Protect
|move|p1b: Sneasler|Fake Out|p2b: Primarina
|-damage|p2b: Primarina|87/100
|move|p1a: Dragonite|Scale Shot|p2a: Kingambit
|-activate|p2a: Kingambit|move: Protect
|cant|p2b: Primarina|flinch
|
|-heal|p1b: Sneasler|60/100|[from] Grassy Terrain
|-heal|p2b: Primarina|93/100|[from] Grassy Terrain
|-heal|p2a: Kingambit|64/100|[from] Grassy Terrain
|upkeep
|turn|6
|
|t:|1757255029
|switch|p1b: Kingambit|Kingambit, L50, M, shiny|100/100
|move|p2a: Kingambit|Sucker Punch||[still]
|-fail|p2a: Kingambit
|move|p1a: Dragonite|Scale Shot|p2a: Kingambit
|-damage|p2a: Kingambit|48/100
|-damage|p2a: Kingambit|29/100
|-damage|p2a: Kingambit|12/100
|-damage|p2a: Kingambit|0 fnt
|faint|p2a: Kingambit
|-hitcount|p2: Kingambit|4
|-unboost|p1a: Dragonite|def|1
|-boost|p1a: Dragonite|spe|1
|move|p2b: Primarina|Haze|p2b: Primarina
|-clearallboost
|
|-heal|p2b: Primarina|99/100|[from] Grassy Terrain
|-fieldend|move: Grassy Terrain
|upkeep
|
|t:|1757255034
|switch|p2a: Sneasler|Sneasler, L50, M|100/100
|turn|7
|
|t:|1757255067
|move|p1a: Dragonite|Protect|p1a: Dragonite
|-singleturn|p1a: Dragonite|Protect
|move|p1b: Kingambit|Protect|p1b: Kingambit
|-singleturn|p1b: Kingambit|Protect
|move|p2a: Sneasler|Fake Out|p1a: Dragonite
|-activate|p1a: Dragonite|move: Protect
|move|p2b: Primarina|Hyper Voice|p1b: Kingambit|[spread] 
|-activate|p1a: Dragonite|move: Protect
|-activate|p1b: Kingambit|move: Protect
|
|upkeep
|turn|8
|
|t:|1757255089
|-terastallize|p1b: Kingambit|Ghost
|move|p2a: Sneasler|Protect|p2a: Sneasler
|-singleturn|p2a: Sneasler|Protect
|move|p1a: Dragonite|Extreme Speed|p2a: Sneasler
|-activate|p2a: Sneasler|move: Protect
|move|p1b: Kingambit|Sucker Punch||[still]
|-fail|p1b: Kingambit
|move|p2b: Primarina|Moonblast|p1a: Dragonite
|-supereffective|p1a: Dragonite
|-damage|p1a: Dragonite|55/100
|
|upkeep
|turn|9
|
|t:|1757255119
|move|p2a: Sneasler|Protect|p2a: Sneasler
|-singleturn|p2a: Sneasler|Protect
|move|p1a: Dragonite|Extreme Speed|p2a: Sneasler
|-activate|p2a: Sneasler|move: Protect
|move|p1b: Kingambit|Sucker Punch||[still]
|-fail|p1b: Kingambit
|move|p2b: Primarina|Moonblast|p1a: Dragonite
|-supereffective|p1a: Dragonite
|-damage|p1a: Dragonite|0 fnt
|faint|p1a: Dragonite
|
|upkeep
|
|t:|1757255129
|switch|p1a: Sneasler|Sneasler, L50, M|60/100
|turn|10
|
|t:|1757255144
|move|p2b: Primarina|Protect|p2b: Primarina
|-singleturn|p2b: Primarina|Protect
|move|p1b: Kingambit|Sucker Punch|p2a: Sneasler
|-resisted|p2a: Sneasler
|-damage|p2a: Sneasler|60/100
|move|p2a: Sneasler|Dire Claw|p1a: Sneasler
|-resisted|p1a: Sneasler
|-damage|p1a: Sneasler|22/100
|-status|p1a: Sneasler|par
|cant|p1a: Sneasler|par
|
|upkeep
|turn|11
|
|t:|1757255162
|move|p2a: Sneasler|Dire Claw|p1a: Sneasler
|-resisted|p1a: Sneasler
|-damage|p1a: Sneasler|0 fnt
|faint|p1a: Sneasler
|move|p2b: Primarina|Hyper Voice|p1b: Kingambit
|-damage|p1b: Kingambit|56/100
|move|p1b: Kingambit|Swords Dance|p1b: Kingambit
|-boost|p1b: Kingambit|atk|2
|
|upkeep
|turn|12
|
|t:|1757255172
|move|p2a: Sneasler|Protect|p2a: Sneasler
|-singleturn|p2a: Sneasler|Protect
|move|p1b: Kingambit|Sucker Punch||[still]
|-fail|p1b: Kingambit
|move|p2b: Primarina|Haze|p2b: Primarina
|-clearallboost
|
|upkeep
|turn|13
|
|t:|1757255179
|move|p1b: Kingambit|Sucker Punch|p2a: Sneasler
|-resisted|p2a: Sneasler
|-damage|p2a: Sneasler|13/100
|move|p2a: Sneasler|Dire Claw|p1b: Kingambit
|-resisted|p1b: Kingambit
|-damage|p1b: Kingambit|40/100
|move|p2b: Primarina|Hyper Voice|p1b: Kingambit
|-crit|p1b: Kingambit
|-damage|p1b: Kingambit|0 fnt
|faint|p1b: Kingambit
|
|win|pikatrod
|raw|r4ka's rating: 1308 → 1294(-14 for losing)
|raw|pikatrod's rating: 1417 → 1431(+14 for winning)
|c|☆r4ka|ggwp
|c|☆pikatrod|gg
|l|☆pikatrod
|player|p2|
|l|☆r4ka
|player|p1|
|j|☆pikatrod
|player|p2|pikatrod|170|
|l|☆pikatrod
|player|p2|
|j|☆pikatrod
|player|p2|pikatrod|170|
|l|☆pikatrod
|player|p2|
|j|☆pikatrod
|player|p2|pikatrod|170|
