|j|☆tyrueiz
|j|☆bighamsterbaseball
|html|tyrueizbighamsterbaseball    
|uhtml|bestof|Game 1 of a best-of-3
|t:|1783118702
|gametype|doubles
|player|p1|tyrueiz|101|1106
|player|p2|bighamsterbaseball|pokemaniac|1168
|gen|9
|tier|[Gen 9 Champions] VGC 2026 Reg M-B (Bo3)
|rated|
|rule|Species Clause: Limit one of each Pokémon
|rule|Item Clause: Limit 1 of each item
|clearpoke
|poke|p1|Eelektross, L50, F|
|poke|p1|Gholdengo, L50|
|poke|p1|Whimsicott, L50, F|
|poke|p1|Incineroar, L50, F|
|poke|p1|Tyranitar, L50, M|
|poke|p1|Gallade, L50, M|
|poke|p2|Pyroar, L50, F|
|poke|p2|Scrafty, L50, F|
|poke|p2|Torkoal, L50, M|
|poke|p2|Farigiraf, L50, F|
|poke|p2|Venusaur, L50, F|
|poke|p2|Mamoswine, L50, F|
|teampreview|4
|showteam|p1|Eelektross||Eelektrossite|Levitate|GigaDrain,DragonPulse,Thunderbolt,Protect|Timid||F|||50|]Gholdengo||LifeOrb|GoodasGold|MakeItRain,NastyPlot,ShadowBall,Protect|Modest|||||50|]Whimsicott||FocusSash|Prankster|FakeTears,Tailwind,Protect,Moonblast|Timid||F|||50|]Incineroar||PasshoBerry|Intimidate|FakeOut,PartingShot,FlareBlitz,ThroatChop|Impish||F|||50|]Tyranitar||Tyranitarite|SandStream|KnockOff,BrickBreak,RockSlide,Protect|Adamant||M|||50|]Gallade||ExpertBelt|Sharpness|SacredSword,LeafBlade,PsychoCut,Protect|Jolly||M|||50|
|showteam|p2|Pyroar||Pyroarite|Unnerve|HeatWave,Overheat,Yawn,Protect|Timid||F|||50|]Scrafty||Scraftinite|Intimidate|FakeOut,DrainPunch,KnockOff,IcePunch|Adamant||F|||50|]Torkoal||HeatRock|Drought|Eruption,WeatherBall,HelpingHand,Protect|Quiet||M|||50|]Farigiraf||SitrusBerry|ArmorTail|Psychic,Thunderbolt,TrickRoom,Protect|Quiet||F|||50|]Venusaur||LifeOrb|Chlorophyll|EnergyBall,SludgeBomb,EarthPower,Protect|Modest||F|||50|]Mamoswine||FocusSash|Oblivious|IceShard,HighHorsepower,RockSlide,Protect|Adamant||F|||50|
|
|t:|1783118759
|teamsize|p1|4
|teamsize|p2|4
|start
|switch|p1a: Incineroar|Incineroar, L50, F|100/100
|switch|p1b: Eelektross|Eelektross, L50, F|100/100
|switch|p2a: Pyroar|Pyroar, L50, F|100/100
|switch|p2b: Venusaur|Venusaur, L50, F|100/100
|-ability|p2a: Pyroar|Unnerve
|-ability|p1a: Incineroar|Intimidate|boost
|-unboost|p2a: Pyroar|atk|1
|-unboost|p2b: Venusaur|atk|1
|turn|1
|inactive|Battle timer is ON: inactive players will automatically lose when time's up. (requested by tyrueiz)
|
|t:|1783118778
|switch|p2b: Torkoal|Torkoal, L50, M|100/100
|-weather|SunnyDay|[from] ability: Drought|[of] p2b: Torkoal
|detailschange|p1b: Eelektross|Eelektross-Mega, L50, F
|-mega|p1b: Eelektross|Eelektross|Eelektrossite
|move|p2a: Pyroar|Protect|p2a: Pyroar
|-singleturn|p2a: Pyroar|Protect
|move|p1b: Eelektross|Thunderbolt|p2a: Pyroar
|-activate|p2a: Pyroar|move: Protect
|move|p1a: Incineroar|Flare Blitz|p2b: Torkoal
|-resisted|p2b: Torkoal|1
|-damage|p2b: Torkoal|72/100
|-damage|p1a: Incineroar|92/100|[from] Recoil
|
|-weather|SunnyDay|[upkeep]
|upkeep
|turn|2
|inactive|tyrueiz has 30 seconds left.
|
|t:|1783118811
|switch|p1b: Tyranitar|Tyranitar, L50, M|100/100
|-weather|Sandstorm|[from] ability: Sand Stream|[of] p1b: Tyranitar
|detailschange|p2a: Pyroar|Pyroar-Mega, L50, F
|-mega|p2a: Pyroar|Pyroar|Pyroarite
|move|p2b: Torkoal|Helping Hand|p2a: Pyroar
|-singleturn|p2a: Pyroar|Helping Hand|[of] p2b: Torkoal
|move|p2a: Pyroar|Heat Wave|p1a: Incineroar|[spread] p1b
|-miss|p2a: Pyroar|p1a: Incineroar
|-resisted|p1b: Tyranitar|1
|-damage|p1b: Tyranitar|76/100
|move|p1a: Incineroar|Parting Shot|p2a: Pyroar
|-unboost|p2a: Pyroar|atk|1
|-unboost|p2a: Pyroar|spa|1
|
|t:|1783118829
|switch|p1a: Eelektross|Eelektross-Mega, L50, F|100/100|[from] Parting Shot
|
|-weather|Sandstorm|[upkeep]
|-damage|p2a: Pyroar|94/100|[from] Sandstorm
|-damage|p1a: Eelektross|93/100|[from] Sandstorm
|-damage|p2b: Torkoal|66/100|[from] Sandstorm
|upkeep
|turn|3
|
|t:|1783118846
|switch|p2a: Mamoswine|Mamoswine, L50, F|100/100
|switch|p2b: Venusaur|Venusaur, L50, F|100/100
|move|p1a: Eelektross|Dragon Pulse|p2b: Venusaur
|-damage|p2b: Venusaur|67/100
|move|p1b: Tyranitar|Rock Slide|p2a: Mamoswine|[spread] p2a,p2b
|-damage|p2a: Mamoswine|59/100
|-damage|p2b: Venusaur|25/100
|
|-weather|Sandstorm|[upkeep]
|-damage|p1a: Eelektross|87/100|[from] Sandstorm
|-damage|p2b: Venusaur|19/100|[from] Sandstorm
|upkeep
|turn|4
|inactive|bighamsterbaseball has 30 seconds left.
|inactive|bighamsterbaseball has 20 seconds left.
|
|t:|1783118882
|switch|p2a: Torkoal|Torkoal, L50, M|66/100
|-weather|SunnyDay|[from] ability: Drought|[of] p2a: Torkoal
|switch|p1b: Incineroar|Incineroar, L50, F|92/100
|-ability|p1b: Incineroar|Intimidate|boost
|-unboost|p2a: Torkoal|atk|1
|-unboost|p2b: Venusaur|atk|1
|move|p2b: Venusaur|Energy Ball|p1b: Incineroar
|-resisted|p1b: Incineroar|1
|-damage|p1b: Incineroar|64/100
|-damage|p2b: Venusaur|10/100|[from] item: Life Orb
|move|p1a: Eelektross|Giga Drain|p2a: Torkoal
|-resisted|p2a: Torkoal|1
|-damage|p2a: Torkoal|49/100
|-heal|p1a: Eelektross|97/100|[from] drain|[of] p2a: Torkoal
|
|-weather|SunnyDay|[upkeep]
|upkeep
|turn|5
|
|t:|1783118906
|switch|p2a: Mamoswine|Mamoswine, L50, F|59/100
|move|p2b: Venusaur|Protect|p2b: Venusaur
|-singleturn|p2b: Venusaur|Protect
|move|p1a: Eelektross|Thunderbolt|p2a: Mamoswine
|-immune|p2a: Mamoswine
|move|p1b: Incineroar|Flare Blitz|p2b: Venusaur
|-activate|p2b: Venusaur|move: Protect
|
|-weather|SunnyDay|[upkeep]
|upkeep
|turn|6
|inactive|bighamsterbaseball has 30 seconds left.
|
|t:|1783118943
|move|p2a: Mamoswine|Ice Shard|p1a: Eelektross
|-damage|p1a: Eelektross|65/100
|move|p2b: Venusaur|Sludge Bomb|p1a: Eelektross
|-damage|p1a: Eelektross|0 fnt
|faint|p1a: Eelektross
|-damage|p2b: Venusaur|1/100|[from] item: Life Orb
|move|p1b: Incineroar|Flare Blitz|p2b: Venusaur
|-supereffective|p2b: Venusaur|1
|-damage|p2b: Venusaur|0 fnt
|faint|p2b: Venusaur
|-damage|p1b: Incineroar|64/100|[from] Recoil
|
|-weather|SunnyDay|[upkeep]
|upkeep
|
|t:|1783118965
|switch|p1a: Gallade|Gallade, L50, M|100/100
|switch|p2b: Pyroar|Pyroar-Mega, L50, F|94/100
|turn|7
|
|t:|1783118978
|move|p1a: Gallade|Protect|p1a: Gallade
|-singleturn|p1a: Gallade|Protect
|move|p2b: Pyroar|Overheat|p1a: Gallade
|-activate|p1a: Gallade|move: Protect
|move|p2a: Mamoswine|High Horsepower|p1b: Incineroar
|-supereffective|p1b: Incineroar|1
|-damage|p1b: Incineroar|0 fnt
|faint|p1b: Incineroar
|
|-weather|SunnyDay|[upkeep]
|upkeep
|
|t:|1783118987
|switch|p1b: Tyranitar|Tyranitar, L50, M|76/100
|-weather|Sandstorm|[from] ability: Sand Stream|[of] p1b: Tyranitar
|turn|8
|
|t:|1783119004
|switch|p2a: Torkoal|Torkoal, L50, M|49/100
|-weather|SunnyDay|[from] ability: Drought|[of] p2a: Torkoal
|move|p2b: Pyroar|Overheat|p1a: Gallade
|-damage|p1a: Gallade|0 fnt
|-unboost|p2b: Pyroar|spa|2
|faint|p1a: Gallade
|move|p1b: Tyranitar|Rock Slide|p2a: Torkoal|[spread] p2a,p2b
|-supereffective|p2a: Torkoal|1
|-supereffective|p2b: Pyroar|1
|-damage|p2a: Torkoal|1/100
|-damage|p2b: Pyroar|15/100
|
|-weather|SunnyDay|[upkeep]
|upkeep
|turn|9
|
|t:|1783119020
|move|p2b: Pyroar|Yawn|p1b: Tyranitar
|-start|p1b: Tyranitar|move: Yawn|[of] p2b: Pyroar
|move|p1b: Tyranitar|Rock Slide|p2b: Pyroar|[spread] p2a,p2b
|-supereffective|p2a: Torkoal|1
|-supereffective|p2b: Pyroar|1
|-damage|p2a: Torkoal|0 fnt
|-damage|p2b: Pyroar|0 fnt
|faint|p2a: Torkoal
|faint|p2b: Pyroar
|
|-weather|SunnyDay|[upkeep]
|upkeep
|
|t:|1783119022
|switch|p2b: Mamoswine|Mamoswine, L50, F|59/100
|turn|10
|
|t:|1783119036
|move|p2b: Mamoswine|Protect|p2b: Mamoswine
|-singleturn|p2b: Mamoswine|Protect
|move|p1b: Tyranitar|Brick Break|p2b: Mamoswine
|-activate|p2b: Mamoswine|move: Protect
|
|-weather|SunnyDay|[upkeep]
|-end|p1b: Tyranitar|move: Yawn|[silent]
|-status|p1b: Tyranitar|slp
|upkeep
|turn|11
|
|t:|1783119043
|cant|p1b: Tyranitar|slp
|move|p2b: Mamoswine|High Horsepower|p1b: Tyranitar
|-supereffective|p1b: Tyranitar|1
|-damage|p1b: Tyranitar|0 fnt
|faint|p1b: Tyranitar
|
|win|bighamsterbaseball
||tyrueiz is ready for game 2.
|inactive|bighamsterbaseball has 30 seconds to confirm battle start!
||bighamsterbaseball is ready for game 2.
|uhtml|next|Next: Game 2 of 3
|l|☆tyrueiz
|player|p1|
