|j|☆Marcored87
|j|☆ExessVGC
|html|Marcored87ExessVGC    
|uhtml|bestof|Game 2 of a best-of-3
|t:|1757710450
|gametype|doubles
|player|p1|Marcored87|2|1116
|player|p2|ExessVGC|2|1260
|gen|9
|tier|[Gen 9] VGC 2025 Reg H (Bo3)
|rated|
|rule|Species Clause: Limit one of each Pokémon
|rule|Item Clause: Limit 1 of each item
|clearpoke
|poke|p1|Indeedee-F, L50, F|
|poke|p1|Hatterene, L50, F|
|poke|p1|Torkoal, L50, F|
|poke|p1|Gallade, L50, M|
|poke|p1|Lilligant-Hisui, L50, F|
|poke|p1|Ursaluna, L50, F|
|poke|p2|Archaludon, L50, M|
|poke|p2|Pelipper, L50, F|
|poke|p2|Amoonguss, L50, F|
|poke|p2|Weavile, L50, M|
|poke|p2|Incineroar, L50, F|
|poke|p2|Poliwrath, L50, F|
|teampreview|4
|showteam|p1|Indeedee-F||PsychicSeed|PsychicSurge|FollowMe,HelpingHand,Psychic,TrickRoom|||F|||50|,,,,,Grass]Hatterene||LifeOrb|MagicBounce|ExpandingForce,DazzlingGleam,TrickRoom,MysticalFire|||F|||50|,,,,,Fire]Torkoal||ChoiceSpecs|Drought|Eruption,HeatWave,EarthPower,WeatherBall|||F|||50|,,,,,Fire]Gallade||ClearAmulet|Sharpness|WideGuard,SacredSword,PsychoCut,TrickRoom|||M|||50|,,,,,Grass]Lilligant-Hisui||FocusSash|Chlorophyll|AfterYou,SolarBlade,CloseCombat,SleepPowder|||F|||50|,,,,,Ghost]Ursaluna||FlameOrb|Guts|Facade,HeadlongRush,Earthquake,Protect|||F|||50|,,,,,Ghost
|showteam|p2|Archaludon||AssaultVest|Stamina|BodyPress,FlashCannon,ElectroShot,DracoMeteor|||M|||50|,,,,,Dragon]Pelipper||SafetyGoggles|Drizzle|WeatherBall,Hurricane,WideGuard,Tailwind|||F|||50|,,,,,Ground]Amoonguss||RockyHelmet|Regenerator|SludgeBomb,Spore,RagePowder,Protect|||F|||50|,,,,,Water]Weavile||FocusSash|Pickpocket|IceSpinner,Protect,ThroatChop,Taunt|||M|||50|,,,,,Ghost]Incineroar||SitrusBerry|Intimidate|FakeOut,KnockOff,PartingShot,FlareBlitz|||F|||50|,,,,,Ghost]Poliwrath||ChoiceBand|SwiftSwim|CloseCombat,Coaching,PoisonJab,Waterfall|||F|||50|,,,,,Grass
|inactive|Battle timer is ON: inactive players will automatically lose when time's up. (requested by Marcored87)
|
|t:|1757710472
|teamsize|p1|4
|teamsize|p2|4
|start
|switch|p1a: Indeedee|Indeedee-F, L50, F|100/100
|switch|p1b: Gallade|Gallade, L50, M, shiny|100/100
|switch|p2a: IL CAMPIONE|Incineroar, L50, F|100/100
|switch|p2b: WWE|Poliwrath, L50, F|100/100
|-fieldstart|move: Psychic Terrain|[from] ability: Psychic Surge|[of] p1a: Indeedee
|-enditem|p1a: Indeedee|Psychic Seed
|-boost|p1a: Indeedee|spd|1|[from] item: Psychic Seed
|-ability|p2a: IL CAMPIONE|Intimidate|boost
|-unboost|p1a: Indeedee|atk|1
|-fail|p1b: Gallade|unboost|[from] item: Clear Amulet|[of] p1b: Gallade
|turn|1
|inactive|Marcored87 has 30 seconds left.
|inactive|ExessVGC has 30 seconds left.
|
|t:|1757710501
|-terastallize|p2a: IL CAMPIONE|Ghost
|move|p1a: Indeedee|Follow Me|p1a: Indeedee
|-singleturn|p1a: Indeedee|move: Follow Me
|move|p2b: WWE|Coaching|p2a: IL CAMPIONE
|-boost|p2a: IL CAMPIONE|atk|1
|-boost|p2a: IL CAMPIONE|def|1
|move|p2a: IL CAMPIONE|Knock Off|p1a: Indeedee
|-supereffective|p1a: Indeedee
|-damage|p1a: Indeedee|6/100
|move|p1b: Gallade|Trick Room|p1b: Gallade
|-fieldstart|move: Trick Room|[of] p1b: Gallade
|
|upkeep
|turn|2
|inactive|Marcored87 has 30 seconds left.
|
|t:|1757710529
|switch|p2b: IL DUCE|Archaludon, L50, M, shiny|100/100
|move|p1a: Indeedee|Follow Me|p1a: Indeedee
|-singleturn|p1a: Indeedee|move: Follow Me
|move|p2a: IL CAMPIONE|Knock Off|p1a: Indeedee
|-supereffective|p1a: Indeedee
|-damage|p1a: Indeedee|0 fnt
|faint|p1a: Indeedee
|move|p1b: Gallade|Psycho Cut|p2b: IL DUCE
|-resisted|p2b: IL DUCE
|-damage|p2b: IL DUCE|75/100
|-ability|p2b: IL DUCE|Stamina|boost
|-boost|p2b: IL DUCE|def|1
|
|upkeep
|
|t:|1757710537
|switch|p1a: Torkoal|Torkoal, L50, F|100/100
|-weather|SunnyDay|[from] ability: Drought|[of] p1a: Torkoal
|turn|3
|
|t:|1757710557
|switch|p2b: Peeko|Pelipper, L50, F, shiny|100/100
|-weather|RainDance|[from] ability: Drizzle|[of] p2b: Peeko
|-terastallize|p1a: Torkoal|Fire
|move|p1a: Torkoal|Eruption|p2a: IL CAMPIONE|[spread] p2a,p2b
|-resisted|p2b: Peeko
|-damage|p2a: IL CAMPIONE|56/100
|-damage|p2b: Peeko|68/100
|move|p2a: IL CAMPIONE|Knock Off|p1b: Gallade
|-damage|p1b: Gallade|0 fnt
|-enditem|p1b: Gallade|Clear Amulet|[from] move: Knock Off|[of] p2a: IL CAMPIONE
|faint|p1b: Gallade
|
|-weather|RainDance|[upkeep]
|upkeep
|
|t:|1757710568
|switch|p1b: Ursaluna|Ursaluna, L50, F|100/100
|turn|4
|
|t:|1757710589
|move|p1b: Ursaluna|Protect|p1b: Ursaluna
|-singleturn|p1b: Ursaluna|Protect
|move|p2b: Peeko|Wide Guard|p2b: Peeko
|-singleturn|p2b: Peeko|Wide Guard
|move|p1a: Torkoal|Eruption|p2b: Peeko|[spread] 
|-activate|p2a: IL CAMPIONE|move: Wide Guard
|-activate|p2b: Peeko|move: Wide Guard
|move|p2a: IL CAMPIONE|Parting Shot|p1a: Torkoal
|-unboost|p1a: Torkoal|atk|1
|-unboost|p1a: Torkoal|spa|1
|
|t:|1757710602
|switch|p2a: WWE|Poliwrath, L50, F|100/100|[from] Parting Shot
|
|-weather|RainDance|[upkeep]
|-status|p1b: Ursaluna|brn|[from] item: Flame Orb
|upkeep
|turn|5
|
|t:|1757710622
|move|p1a: Torkoal|Eruption|p2a: WWE|[spread] p2a,p2b
|-resisted|p2a: WWE
|-resisted|p2b: Peeko
|-damage|p2a: WWE|84/100
|-damage|p2b: Peeko|47/100
|move|p1b: Ursaluna|Facade|p2a: WWE
|-damage|p2a: WWE|0 fnt
|faint|p2a: WWE
|move|p2b: Peeko|Weather Ball|p1b: Ursaluna
|-supereffective|p1b: Ursaluna
|-damage|p1b: Ursaluna|2/100 brn
|
|-weather|RainDance|[upkeep]
|-damage|p1b: Ursaluna|0 fnt|[from] brn
|faint|p1b: Ursaluna
|-fieldend|move: Trick Room
|-fieldend|move: Psychic Terrain
|upkeep
|-message|Marcored87 forfeited.
|
|win|ExessVGC
|raw|Marcored87's rating: 1116 → 1101(-15 for losing)
|raw|ExessVGC's rating: 1260 → 1275(+15 for winning)
|l|☆Marcored87
|player|p1|
|l|☆ExessVGC
|player|p2|
|j|☆ExessVGC
|player|p2|ExessVGC|2|
