|j|☆megaurshifuplease
|j|☆zin wanna winn
|html|megaurshifupleasezin wanna winn    
|uhtml|bestof|Game 2 of a best-of-3
|t:|1783159146
|gametype|doubles
|player|p1|megaurshifuplease|red|1128
|player|p2|zin wanna winn|iris-gen5bw2|1000
|gen|9
|tier|[Gen 9 Champions] VGC 2026 Reg M-B (Bo3)
|rated|
|rule|Species Clause: Limit one of each Pokémon
|rule|Item Clause: Limit 1 of each item
|clearpoke
|poke|p1|Mawile, L50, F|
|poke|p1|Sinistcha-Masterpiece, L50|
|poke|p1|Incineroar, L50, M|
|poke|p1|Grimmsnarl, L50, M|
|poke|p1|Garchomp, L50, M|
|poke|p1|Annihilape, L50, M|
|poke|p2|Charizard, L50, M|
|poke|p2|Whimsicott, L50, F|
|poke|p2|Milotic, L50, F|
|poke|p2|Sinistcha-Masterpiece, L50|
|poke|p2|Aegislash, L50, M|
|poke|p2|Garchomp, L50, M|
|teampreview|4
|showteam|p1|Mawile||Mawilite|Intimidate|PlayRough,SuckerPunch,SwordsDance,Protect|Adamant||F|||50|]Sinistcha-Masterpiece||KasibBerry|Hospitality|LifeDew,TrickRoom,RagePowder,MatchaGotcha|Bold|||||50|]Incineroar||PasshoBerry|Intimidate|FakeOut,ThroatChop,FlareBlitz,PartingShot|Adamant||M|||50|]Grimmsnarl||LightClay|Prankster|PartingShot,Reflect,LightScreen,SpiritBreak|Careful||M|||50|]Garchomp||ChoiceScarf|RoughSkin|Earthquake,DragonClaw,RockTomb,StompingTantrum|Adamant||M|||50|]Annihilape||SitrusBerry|Defiant|RageFist,DrainPunch,BulkUp,Protect|Adamant||M|||50|
|showteam|p2|Charizard||CharizarditeX|SolarPower|DragonClaw,Protect,RockSlide,FlareBlitz|Adamant||M|||50|]Whimsicott||FocusSash|Prankster|Tailwind,Encore,Moonblast,SunnyDay|Timid||F|||50|]Milotic||Leftovers|Competitive|Coil,Hypnosis,Scald,IcyWind|Calm||F|||50|]Sinistcha-Masterpiece||SitrusBerry|Hospitality|MatchaGotcha,RagePowder,LifeDew,ShadowBall|Bold|||||50|]Aegislash||ExpertBelt|StanceChange|CloseCombat,KingsShield,IronHead,WideGuard|Serious||M|||50|]Garchomp||ChoiceScarf|RoughSkin|Earthquake,DragonClaw,Protect,RockSlide|Adamant||M|||50|
|inactive|Battle timer is ON: inactive players will automatically lose when time's up. (requested by megaurshifuplease)
|inactive|megaurshifuplease has 60 seconds left.
|inactive|zin wanna winn has 60 seconds left.
|inactive|megaurshifuplease has 30 seconds left.
|inactive|megaurshifuplease has 20 seconds left.
|inactive|megaurshifuplease has 15 seconds left.
|
|t:|1783159224
|teamsize|p1|4
|teamsize|p2|4
|start
|switch|p1a: Garchomp|Garchomp, L50, M|100/100
|switch|p1b: Grimmsnarl|Grimmsnarl, L50, M|100/100
|switch|p2a: Milotic|Milotic, L50, F|100/100
|switch|p2b: Garchomp|Garchomp, L50, M|100/100
|turn|1
|
|t:|1783159243
|switch|p1a: Annihilape|Annihilape, L50, M|100/100
|move|p2b: Garchomp|Protect|p2b: Garchomp
|-singleturn|p2b: Garchomp|Protect
|move|p1b: Grimmsnarl|Reflect|p1b: Grimmsnarl
|-sidestart|p1: megaurshifuplease|Reflect
|move|p2a: Milotic|Icy Wind|p1b: Grimmsnarl|[spread] p1a,p1b
|-damage|p1a: Annihilape|91/100
|-damage|p1b: Grimmsnarl|92/100
|-unboost|p1a: Annihilape|spe|1
|-ability|p1a: Annihilape|Defiant|boost
|-boost|p1a: Annihilape|atk|2
|-unboost|p1b: Grimmsnarl|spe|1
|
|upkeep
|turn|2
|
|t:|1783159267
|switch|p2b: Charizard|Charizard, L50, M|100/100
|move|p1b: Grimmsnarl|Parting Shot|p2b: Charizard
|-unboost|p2b: Charizard|atk|1
|-unboost|p2b: Charizard|spa|1
|
|t:|1783159274
|switch|p1b: Garchomp|Garchomp, L50, M|100/100|[from] Parting Shot
|move|p2a: Milotic|Coil|p2a: Milotic
|-boost|p2a: Milotic|atk|1
|-boost|p2a: Milotic|def|1
|-boost|p2a: Milotic|accuracy|1
|move|p1a: Annihilape|Rage Fist|p2a: Milotic
|-damage|p2a: Milotic|50/100g
|
|-heal|p2a: Milotic|56/100|[from] item: Leftovers
|upkeep
|turn|3
|
|t:|1783159294
|detailschange|p2b: Charizard|Charizard-Mega-X, L50, M
|-mega|p2b: Charizard|Charizard|Charizardite X
|move|p2b: Charizard|Protect|p2b: Charizard
|-singleturn|p2b: Charizard|Protect
|move|p1b: Garchomp|Dragon Claw|p2b: Charizard
|-activate|p2b: Charizard|move: Protect
|move|p2a: Milotic|Hypnosis|p1b: Garchomp|[miss]
|-miss|p2a: Milotic|p1b: Garchomp
|move|p1a: Annihilape|Rage Fist|p2a: Milotic
|-damage|p2a: Milotic|1/100
|
|-heal|p2a: Milotic|7/100|[from] item: Leftovers
|upkeep
|turn|4
|
|t:|1783159318
|move|p1b: Garchomp|Dragon Claw|p2a: Milotic
|-damage|p2a: Milotic|0 fnt
|faint|p2a: Milotic
|move|p2b: Charizard|Dragon Claw|p1b: Garchomp
|-supereffective|p1b: Garchomp|1
|-damage|p1b: Garchomp|48/100
|-damage|p2b: Charizard|87/100|[from] ability: Rough Skin|[of] p1b: Garchomp
|move|p1a: Annihilape|Bulk Up|p1a: Annihilape
|-boost|p1a: Annihilape|atk|1
|-boost|p1a: Annihilape|def|1
|
|upkeep
|
|t:|1783159324
|switch|p2a: Garchomp|Garchomp, L50, M|100/100
|turn|5
|
|t:|1783159348
|switch|p1b: Mawile|Mawile, L50, F|100/100
|-ability|p1b: Mawile|Intimidate|boost
|-unboost|p2a: Garchomp|atk|1
|-unboost|p2b: Charizard|atk|1
|move|p2a: Garchomp|Dragon Claw|p1b: Mawile
|-immune|p1b: Mawile
|move|p2b: Charizard|Flare Blitz|p1a: Annihilape
|-damage|p1a: Annihilape|74/100
|-damage|p2b: Charizard|79/100|[from] Recoil
|move|p1a: Annihilape|Drain Punch|p2b: Charizard
|-damage|p2b: Charizard|0 fnt
|-heal|p1a: Annihilape|100/100|[from] drain|[of] p2b: Charizard
|faint|p2b: Charizard
|
|upkeep
|
|t:|1783159354
|switch|p2b: Sinistcha|Sinistcha-Masterpiece, L50|100/100
|turn|6
|
|t:|1783159373
|detailschange|p1b: Mawile|Mawile-Mega, L50, F
|-mega|p1b: Mawile|Mawile|Mawilite
|move|p2b: Sinistcha|Rage Powder|p2b: Sinistcha
|-singleturn|p2b: Sinistcha|move: Rage Powder
|move|p2a: Garchomp|Dragon Claw|p1a: Annihilape
|-damage|p1a: Annihilape|88/100
|move|p1a: Annihilape|Rage Fist|p2b: Sinistcha
|-supereffective|p2b: Sinistcha|1
|-damage|p2b: Sinistcha|0 fnt
|faint|p2b: Sinistcha
|move|p1b: Mawile|Play Rough|p2a: Garchomp
|-supereffective|p2a: Garchomp|1
|-damage|p2a: Garchomp|0 fnt
|-damage|p1b: Mawile|87/100|[from] ability: Rough Skin|[of] p2a: Garchomp
|faint|p2a: Garchomp
|
|win|megaurshifuplease
|raw|megaurshifuplease's rating: 1128 → 1144(+16 for winning)
|raw|zin wanna winn's rating: 1000 → 1000(+0 for losing)
|l|☆zin wanna winn
|player|p2|
