|j|☆freudianbreath
|j|☆Bogebebaru
|html|freudianbreathBogebebaru    
|uhtml|bestof|Game 1 of a best-of-3
|t:|1756625782
|gametype|doubles
|player|p1|freudianbreath|1|1047
|player|p2|Bogebebaru|psychic-gen4|1019
|gen|9
|tier|[Gen 9] VGC 2025 Reg H (Bo3)
|rated|
|rule|Species Clause: Limit one of each Pokémon
|rule|Item Clause: Limit 1 of each item
|clearpoke
|poke|p1|Incineroar, L50, M|
|poke|p1|Ursaluna, L50, F|
|poke|p1|Porygon2, L50|
|poke|p1|Dragonite, L50, M|
|poke|p1|Persian-Alola, L50, M|
|poke|p1|Kingambit, L50, M|
|poke|p2|Politoed, L50, F|
|poke|p2|Gothitelle, L50, M|
|poke|p2|Incineroar, L50, M|
|poke|p2|Amoonguss, L50, F|
|poke|p2|Kingdra, L50, F|
|poke|p2|Archaludon, L50, F|
|teampreview|4
|showteam|p1|Incineroar||SitrusBerry|Intimidate|FakeOut,KnockOff,WillOWisp,PartingShot|||M|||50|,,,,,Grass]Ursaluna||FlameOrb|Guts|Facade,HeadlongRush,Protect,Earthquake|||F|||50|,,,,,Ghost]Porygon2||Eviolite|Download|IceBeam,TeraBlast,Recover,TrickRoom||||||50|,,,,,Flying]Dragonite||LoadedDice|Multiscale|Protect,ScaleShot,ExtremeSpeed,StompingTantrum|||M|||50|,,,,,Steel]Persian-Alola||FocusSash|FurCoat|FakeOut,Protect,PartingShot,KnockOff|||M|||50|,,,,,Ghost]Kingambit||AssaultVest|Defiant|SuckerPunch,KowtowCleave,IronHead,LowKick|||M|||50|,,,,,Flying
|showteam|p2|Politoed||Leftovers|Drizzle|Protect,WeatherBall,PerishSong,Encore|||F|||50|,,,,,Grass]Gothitelle||SitrusBerry|ShadowTag|Protect,Psychic,FakeOut,TrickRoom|||M|||50|,,,,,Dark]Incineroar||SafetyGoggles|Intimidate|Protect,KnockOff,FakeOut,PartingShot|||M|||50|,,,,,Ghost]Amoonguss||EjectButton|Regenerator|Protect,RagePowder,PollenPuff,Spore|||F|||50|,,,,,Fairy]Kingdra||LifeOrb|SwiftSwim|Protect,WeatherBall,DracoMeteor,MuddyWater|||F|||50|,,,,,Stellar]Archaludon||PowerHerb|Sturdy|Protect,ElectroShot,DragonPulse,FlashCannon|||F|||50|,,,,,Electric
|
|t:|1756625852
|teamsize|p1|4
|teamsize|p2|4
|start
|switch|p1a: Ursaluna|Ursaluna, L50, F|100/100
|switch|p1b: Kingambit|Kingambit, L50, M|100/100
|switch|p2a: Incineroar|Incineroar, L50, M|100/100
|switch|p2b: Politoed|Politoed, L50, F|100/100
|-weather|RainDance|[from] ability: Drizzle|[of] p2b: Politoed
|-ability|p2a: Incineroar|Intimidate|boost
|-unboost|p1a: Ursaluna|atk|1
|-unboost|p1b: Kingambit|atk|1
|-ability|p1b: Kingambit|Defiant|boost
|-boost|p1b: Kingambit|atk|2
|turn|1
|
|t:|1756625889
|move|p1a: Ursaluna|Protect|p1a: Ursaluna
|-singleturn|p1a: Ursaluna|Protect
|move|p2a: Incineroar|Fake Out|p1b: Kingambit
|-resisted|p1b: Kingambit
|-damage|p1b: Kingambit|97/100
|move|p2b: Politoed|Perish Song|p2b: Politoed
|-start|p1a: Ursaluna|perish3|[silent]
|-start|p1b: Kingambit|perish3|[silent]
|-start|p2a: Incineroar|perish3|[silent]
|-start|p2b: Politoed|perish3|[silent]
|-fieldactivate|move: Perish Song
|cant|p1b: Kingambit|flinch
|
|-weather|RainDance|[upkeep]
|-start|p2b: Politoed|perish3
|-start|p1b: Kingambit|perish3
|-start|p2a: Incineroar|perish3
|-start|p1a: Ursaluna|perish3
|-status|p1a: Ursaluna|brn|[from] item: Flame Orb
|upkeep
|turn|2
|inactive|Battle timer is ON: inactive players will automatically lose when time's up. (requested by Bogebebaru)
|
|t:|1756625940
|switch|p1a: Incineroar|Incineroar, L50, M|100/100
|-ability|p1a: Incineroar|Intimidate|boost
|-unboost|p2a: Incineroar|atk|1
|-unboost|p2b: Politoed|atk|1
|move|p2b: Politoed|Protect|p2b: Politoed
|-singleturn|p2b: Politoed|Protect
|move|p1b: Kingambit|Kowtow Cleave|p2b: Politoed
|-activate|p2b: Politoed|move: Protect
|move|p2a: Incineroar|Parting Shot|p1a: Incineroar
|-unboost|p1a: Incineroar|atk|1
|-unboost|p1a: Incineroar|spa|1
|
|t:|1756625952
|switch|p2a: Gothitelle|Gothitelle, L50, M|100/100|[from] Parting Shot
|
|-weather|RainDance|[upkeep]
|-start|p2b: Politoed|perish2
|-start|p1b: Kingambit|perish2
|upkeep
|turn|3
|inactive|freudianbreath has 30 seconds left.
|inactive|freudianbreath has 20 seconds left.
|inactive|freudianbreath has 15 seconds left.
|inactive|freudianbreath has 10 seconds left.
|inactive|freudianbreath has 5 seconds left.
|
|t:|1756626004
|move|p2a: Gothitelle|Fake Out|p1b: Kingambit
|-resisted|p1b: Kingambit
|-crit|p1b: Kingambit
|-damage|p1b: Kingambit|94/100
|cant|p1b: Kingambit|flinch
|move|p2b: Politoed|Weather Ball|p1a: Incineroar
|-supereffective|p1a: Incineroar
|-damage|p1a: Incineroar|18/100
|-enditem|p1a: Incineroar|Sitrus Berry|[eat]
|-heal|p1a: Incineroar|43/100|[from] item: Sitrus Berry
|move|p1a: Incineroar|Knock Off|p2a: Gothitelle
|-supereffective|p2a: Gothitelle
|-damage|p2a: Gothitelle|52/100
|-enditem|p2a: Gothitelle|Sitrus Berry|[from] move: Knock Off|[of] p1a: Incineroar
|
|-weather|RainDance|[upkeep]
|-start|p2b: Politoed|perish1
|-start|p1b: Kingambit|perish1
|upkeep
|turn|4
|inactive|freudianbreath has 30 seconds left.
|inactive|freudianbreath has 20 seconds left.
|inactive|Bogebebaru has 30 seconds left.
|inactive|freudianbreath has 15 seconds left.
|inactive|freudianbreath has 10 seconds left.
|inactive|freudianbreath has 5 seconds left.
|
|t:|1756626058
|switch|p2b: Amoonguss|Amoonguss, L50, F|100/100
|move|p2a: Gothitelle|Protect|p2a: Gothitelle
|-singleturn|p2a: Gothitelle|Protect
|move|p1a: Incineroar|Parting Shot|p2b: Amoonguss
|-unboost|p2b: Amoonguss|atk|1
|-unboost|p2b: Amoonguss|spa|1
|
|t:|1756626071
|switch|p1a: Ursaluna|Ursaluna, L50, F|100/100 brn|[from] Parting Shot
|move|p1b: Kingambit|Kowtow Cleave|p2b: Amoonguss
|-damage|p2b: Amoonguss|46/100
|-enditem|p2b: Amoonguss|Eject Button
|
|t:|1756626078
|switch|p2b: Incineroar|Incineroar, L50, M|100/100
|-ability|p2b: Incineroar|Intimidate|boost
|-unboost|p1a: Ursaluna|atk|1
|-unboost|p1b: Kingambit|atk|1
|-ability|p1b: Kingambit|Defiant|boost
|-boost|p1b: Kingambit|atk|2
|
|-weather|RainDance|[upkeep]
|-damage|p1a: Ursaluna|95/100 brn|[from] brn
|-start|p1b: Kingambit|perish0
|faint|p1b: Kingambit
|upkeep
|
|t:|1756626097
|switch|p1b: Persian|Persian-Alola, L50, M|100/100
|turn|5
|inactive|freudianbreath has 30 seconds left.
|inactive|freudianbreath has 20 seconds left.
|inactive|freudianbreath has 15 seconds left.
|inactive|freudianbreath has 10 seconds left.
|
|t:|1756626143
|switch|p2a: Amoonguss|Amoonguss, L50, F|79/100
|move|p2b: Incineroar|Protect|p2b: Incineroar
|-singleturn|p2b: Incineroar|Protect
|move|p1b: Persian|Fake Out|p2a: Amoonguss
|-damage|p2a: Amoonguss|74/100
|move|p1a: Ursaluna|Headlong Rush|p2b: Incineroar
|-activate|p2b: Incineroar|move: Protect
|
|-weather|none
|-damage|p1a: Ursaluna|89/100 brn|[from] brn
|upkeep
|turn|6
|inactive|freudianbreath has 30 seconds left.
|inactive|Bogebebaru has 30 seconds left.
|
|t:|1756626179
|switch|p2b: Gothitelle|Gothitelle, L50, M|52/100
|move|p1b: Persian|Protect|p1b: Persian
|-singleturn|p1b: Persian|Protect
|move|p1a: Ursaluna|Earthquake|p2a: Amoonguss|[spread] p2a,p2b
|-activate|p1b: Persian|move: Protect
|-damage|p2a: Amoonguss|41/100
|-damage|p2b: Gothitelle|10/100
|move|p2a: Amoonguss|Spore|p1b: Persian
|-activate|p1b: Persian|move: Protect
|
|-damage|p1a: Ursaluna|83/100 brn|[from] brn
|upkeep
|turn|7
|inactive|freudianbreath has 30 seconds left.
|inactive|freudianbreath has 20 seconds left.
|inactive|freudianbreath has 15 seconds left.
|inactive|freudianbreath has 10 seconds left.
|inactive|freudianbreath has 5 seconds left.
|
|t:|1756626233
|-terastallize|p1b: Persian|Ghost
|move|p1a: Ursaluna|Protect|p1a: Ursaluna
|-singleturn|p1a: Ursaluna|Protect
|move|p2b: Gothitelle|Fake Out|p1a: Ursaluna
|-activate|p1a: Ursaluna|move: Protect
|move|p1b: Persian|Parting Shot|p2a: Amoonguss
|-unboost|p2a: Amoonguss|atk|1
|-unboost|p2a: Amoonguss|spa|1
|
|t:|1756626241
|switch|p1b: Incineroar|Incineroar, L50, M|43/100|[from] Parting Shot
|-ability|p1b: Incineroar|Intimidate|boost
|-unboost|p2a: Amoonguss|atk|1
|-unboost|p2b: Gothitelle|atk|1
|move|p2a: Amoonguss|Spore|p1b: Incineroar
|-status|p1b: Incineroar|slp|[from] move: Spore
|
|-damage|p1a: Ursaluna|77/100 brn|[from] brn
|upkeep
|turn|8
|inactive|freudianbreath has 30 seconds left.
|
|t:|1756626275
|cant|p1b: Incineroar|slp
|move|p2b: Gothitelle|Psychic|p1a: Ursaluna
|-damage|p1a: Ursaluna|52/100 brn
|move|p1a: Ursaluna|Earthquake|p2b: Gothitelle|[spread] p1b,p2a,p2b
|-supereffective|p1b: Incineroar
|-damage|p1b: Incineroar|0 fnt
|-damage|p2a: Amoonguss|11/100
|-damage|p2b: Gothitelle|0 fnt
|faint|p1b: Incineroar
|faint|p2b: Gothitelle
|move|p2a: Amoonguss|Pollen Puff|p1a: Ursaluna
|-damage|p1a: Ursaluna|41/100 brn
|
|-damage|p1a: Ursaluna|36/100 brn|[from] brn
|upkeep
|
|t:|1756626292
|switch|p1b: Persian|Persian-Alola, L50, M, tera:Ghost|100/100
|switch|p2b: Incineroar|Incineroar, L50, M|100/100
|-ability|p2b: Incineroar|Intimidate|boost
|-unboost|p1a: Ursaluna|atk|1
|-unboost|p1b: Persian|atk|1
|turn|9
|inactive|freudianbreath has 30 seconds left.
|inactive|freudianbreath has 20 seconds left.
|inactive|freudianbreath has 15 seconds left.
|inactive|freudianbreath has 10 seconds left.
|
|t:|1756626339
|move|p2b: Incineroar|Protect|p2b: Incineroar
|-singleturn|p2b: Incineroar|Protect
|move|p2a: Amoonguss|Protect|p2a: Amoonguss
|-singleturn|p2a: Amoonguss|Protect
|move|p1b: Persian|Fake Out|p2a: Amoonguss
|-activate|p2a: Amoonguss|move: Protect
|move|p1a: Ursaluna|Headlong Rush|p2b: Incineroar
|-activate|p2b: Incineroar|move: Protect
|
|-damage|p1a: Ursaluna|30/100 brn|[from] brn
|upkeep
|turn|10
|inactive|freudianbreath has 30 seconds left.
|
|t:|1756626369
|move|p1b: Persian|Knock Off|p2a: Amoonguss
|-damage|p2a: Amoonguss|2/100
|move|p2b: Incineroar|Knock Off|p1b: Persian
|-supereffective|p1b: Persian
|-damage|p1b: Persian|33/100
|-enditem|p1b: Persian|Focus Sash|[from] move: Knock Off|[of] p2b: Incineroar
|move|p1a: Ursaluna|Headlong Rush|p2b: Incineroar
|-supereffective|p2b: Incineroar
|-damage|p2b: Incineroar|11/100
|-unboost|p1a: Ursaluna|def|1
|-unboost|p1a: Ursaluna|spd|1
|move|p2a: Amoonguss|Pollen Puff|p1a: Ursaluna
|-damage|p1a: Ursaluna|16/100 brn
|
|-damage|p1a: Ursaluna|10/100 brn|[from] brn
|upkeep
|turn|11
|inactive|freudianbreath has 30 seconds left.
|
|t:|1756626396
|move|p1b: Persian|Protect|p1b: Persian
|-singleturn|p1b: Persian|Protect
|move|p2b: Incineroar|Protect|p2b: Incineroar
|-singleturn|p2b: Incineroar|Protect
|move|p2a: Amoonguss|Protect|p2a: Amoonguss
|-singleturn|p2a: Amoonguss|Protect
|move|p1a: Ursaluna|Earthquake|p2a: Amoonguss|[spread] 
|-activate|p1b: Persian|move: Protect
|-activate|p2a: Amoonguss|move: Protect
|-activate|p2b: Incineroar|move: Protect
|
|-damage|p1a: Ursaluna|4/100 brn|[from] brn
|upkeep
|turn|12
|inactive|freudianbreath has 30 seconds left this turn.
|inactive|freudianbreath has 20 seconds left.
|inactive|Bogebebaru has 30 seconds left.
|inactive|Bogebebaru has 20 seconds left.
|
|t:|1756626432
|move|p1b: Persian|Knock Off|p2b: Incineroar
|-resisted|p2b: Incineroar
|-damage|p2b: Incineroar|4/100
|-enditem|p2b: Incineroar|Safety Goggles|[from] move: Knock Off|[of] p1b: Persian
|move|p2b: Incineroar|Knock Off|p1b: Persian
|-supereffective|p1b: Persian
|-damage|p1b: Persian|0 fnt
|faint|p1b: Persian
|move|p1a: Ursaluna|Headlong Rush|p2a: Amoonguss
|-crit|p2a: Amoonguss
|-damage|p2a: Amoonguss|0 fnt
|-unboost|p1a: Ursaluna|def|1
|-unboost|p1a: Ursaluna|spd|1
|faint|p2a: Amoonguss
|
|-damage|p1a: Ursaluna|0 fnt|[from] brn
|faint|p1a: Ursaluna
|
|win|Bogebebaru
||Bogebebaru is ready for game 2.
