|j|☆Wo-Chien<3
|j|☆leomartinfa
|html|Wo-Chien<3leomartinfa    
|uhtml|bestof|Game 3 of a best-of-3
|t:|1756318933
|gametype|doubles
|player|p1|Wo-Chien<3|miku-ground|1121
|player|p2|leomartinfa|101|1109
|gen|9
|tier|[Gen 9] VGC 2025 Reg H (Bo3)
|rated|
|rule|Species Clause: Limit one of each Pokémon
|rule|Item Clause: Limit 1 of each item
|clearpoke
|poke|p1|Ninetales-Alola, L50, M|
|poke|p1|Electabuzz, L50, M|
|poke|p1|Dragonite, L50, M|
|poke|p1|Frosmoth, L50, M|
|poke|p1|Rillaboom, L50, M|
|poke|p1|Kingambit, L50, F|
|poke|p2|Volcarona, L50, M|
|poke|p2|Ursaluna-Bloodmoon, L50, M|
|poke|p2|Grimmsnarl, L50, M|
|poke|p2|Annihilape, L50, M|
|poke|p2|Farigiraf, L50, F|
|poke|p2|Gholdengo, L50|
|teampreview|4
|showteam|p1|Ninetales-Alola||CovertCloak|SnowWarning|Blizzard,Moonblast,AuroraVeil,Encore|||M|||50|,,,,,Poison]Electabuzz||Eviolite|VitalSpirit|FollowMe,Protect,Thunderbolt,Taunt|||M|||50|,,,,,Ghost]Dragonite||LoadedDice|Multiscale|LowKick,ScaleShot,Protect,Haze|||M|||50|,,,,,Fairy]Frosmoth||Leftovers|IceScales|QuiverDance,Protect,Blizzard,TeraBlast|||M|||50|,,,,,Water]Rillaboom||AssaultVest|GrassySurge|FakeOut,GrassyGlide,WoodHammer,Uturn|||M|||50|,,,,,Fire]Kingambit||BlackGlasses|Defiant|SuckerPunch,KowtowCleave,Protect,SwordsDance|||F|||50|,,,,,Water
|showteam|p2|Volcarona||CovertCloak|FlameBody|GigaDrain,HeatWave,QuiverDance,Protect|||M|||50|,,,,,Grass]Ursaluna-Bloodmoon||AssaultVest|MindsEye|BloodMoon,HyperVoice,EarthPower,VacuumWave|||M|||50|,,,,,Ghost]Grimmsnarl||LightClay|Prankster|ThunderWave,Reflect,LightScreen,SpiritBreak|||M|||50|,,,,,Ghost]Annihilape||Leftovers|VitalSpirit|RageFist,DrainPunch,CloseCombat,Protect|||M|||50|,,,,,Fire]Farigiraf||ThroatSpray|ArmorTail|HyperVoice,PsychicNoise,TrickRoom,Protect|||F|||50|,,,,,Normal]Gholdengo||LifeOrb|GoodasGold|MakeItRain,ShadowBall,NastyPlot,Protect||||||50|,,,,,Steel
|inactive|Battle timer is ON: inactive players will automatically lose when time's up. (requested by leomartinfa)
|inactive|Wo-Chien<3 has 60 seconds left.
|
|t:|1756318982
|teamsize|p1|4
|teamsize|p2|4
|start
|switch|p1a: Electabuzz|Electabuzz, L50, M|100/100
|switch|p1b: Kingambit|Kingambit, L50, F|100/100
|switch|p2a: Grimmsnarl|Grimmsnarl, L50, M|100/100
|switch|p2b: Volcarona|Volcarona, L50, M|100/100
|turn|1
|inactive|Wo-Chien<3 has 30 seconds left.
|inactive|leomartinfa has 30 seconds left.
|
|t:|1756319013
|-terastallize|p1b: Kingambit|Water
|move|p2a: Grimmsnarl|Reflect|p2a: Grimmsnarl
|-sidestart|p2: leomartinfa|Reflect
|move|p1a: Electabuzz|Thunderbolt|p2b: Volcarona
|-damage|p2b: Volcarona|72/100
|move|p2b: Volcarona|Heat Wave|p1b: Kingambit|[spread] p1a,p1b
|-resisted|p1b: Kingambit
|-damage|p1a: Electabuzz|69/100
|-damage|p1b: Kingambit|78/100
|move|p1b: Kingambit|Swords Dance|p1b: Kingambit
|-boost|p1b: Kingambit|atk|2
|
|upkeep
|turn|2
|inactive|leomartinfa has 30 seconds left.
|inactive|leomartinfa has 20 seconds left.
|inactive|leomartinfa has 15 seconds left.
|
|t:|1756319055
|-terastallize|p2b: Volcarona|Grass
|move|p1a: Electabuzz|Follow Me|p1a: Electabuzz
|-singleturn|p1a: Electabuzz|move: Follow Me
|move|p2a: Grimmsnarl|Thunder Wave|p1a: Electabuzz
|-immune|p1a: Electabuzz
|move|p2b: Volcarona|Giga Drain|p1a: Electabuzz
|-damage|p1a: Electabuzz|36/100
|-heal|p2b: Volcarona|87/100|[from] drain|[of] p1a: Electabuzz
|move|p1b: Kingambit|Kowtow Cleave|p2a: Grimmsnarl
|-resisted|p2a: Grimmsnarl
|-damage|p2a: Grimmsnarl|78/100
|
|upkeep
|turn|3
|inactive|leomartinfa has 30 seconds left.
|
|t:|1756319087
|move|p1b: Kingambit|Protect|p1b: Kingambit
|-singleturn|p1b: Kingambit|Protect
|move|p1a: Electabuzz|Taunt|p2b: Volcarona
|-start|p2b: Volcarona|move: Taunt
|cant|p2b: Volcarona|move: Taunt|Quiver Dance
|move|p2a: Grimmsnarl|Spirit Break|p1b: Kingambit
|-activate|p1b: Kingambit|move: Protect
|
|upkeep
|turn|4
|
|t:|1756319109
|switch|p2b: Ursaluna|Ursaluna-Bloodmoon, L50, M|100/100
|move|p1a: Electabuzz|Follow Me|p1a: Electabuzz
|-singleturn|p1a: Electabuzz|move: Follow Me
|move|p1b: Kingambit|Kowtow Cleave|p2b: Ursaluna
|-damage|p2b: Ursaluna|37/100
|move|p2a: Grimmsnarl|Spirit Break|p1a: Electabuzz
|-damage|p1a: Electabuzz|12/100
|-unboost|p1a: Electabuzz|spa|1
|
|upkeep
|turn|5
|inactive|Wo-Chien<3 has 30 seconds left.
|inactive|leomartinfa has 30 seconds left.
|inactive|leomartinfa has 20 seconds left.
|
|t:|1756319150
|switch|p1a: Rillaboom|Rillaboom, L50, M|100/100
|-fieldstart|move: Grassy Terrain|[from] ability: Grassy Surge|[of] p1a: Rillaboom
|move|p2b: Ursaluna|Vacuum Wave|p1a: Rillaboom
|-damage|p1a: Rillaboom|88/100
|move|p1b: Kingambit|Kowtow Cleave|p2b: Ursaluna
|-damage|p2b: Ursaluna|0 fnt
|faint|p2b: Ursaluna
|move|p2a: Grimmsnarl|Spirit Break|p1b: Kingambit
|-damage|p1b: Kingambit|52/100
|-unboost|p1b: Kingambit|spa|1
|-ability|p1b: Kingambit|Defiant|boost
|-boost|p1b: Kingambit|atk|2
|
|-heal|p1a: Rillaboom|94/100|[from] Grassy Terrain
|-heal|p1b: Kingambit|58/100|[from] Grassy Terrain
|-heal|p2a: Grimmsnarl|84/100|[from] Grassy Terrain
|upkeep
|
|t:|1756319164
|switch|p2b: Annihilape|Annihilape, L50, M|100/100
|turn|6
|inactive|Wo-Chien<3 has 30 seconds left.
|
|t:|1756319192
|move|p2b: Annihilape|Protect|p2b: Annihilape
|-singleturn|p2b: Annihilape|Protect
|move|p1b: Kingambit|Protect|p1b: Kingambit
|-singleturn|p1b: Kingambit|Protect
|move|p2a: Grimmsnarl|Thunder Wave|p1a: Rillaboom
|-status|p1a: Rillaboom|par
|move|p1a: Rillaboom|Wood Hammer|p2a: Grimmsnarl
|-damage|p2a: Grimmsnarl|23/100
|-damage|p1a: Rillaboom|73/100 par|[from] Recoil
|
|-heal|p1b: Kingambit|64/100|[from] Grassy Terrain
|-heal|p2a: Grimmsnarl|29/100|[from] Grassy Terrain
|-heal|p1a: Rillaboom|79/100 par|[from] Grassy Terrain
|upkeep
|turn|7
|inactive|leomartinfa has 30 seconds left.
|inactive|leomartinfa has 20 seconds left.
|inactive|leomartinfa has 15 seconds left.
|inactive|leomartinfa has 10 seconds left.
|
|t:|1756319239
|move|p1b: Kingambit|Sucker Punch|p2b: Annihilape
|-damage|p2b: Annihilape|6/100
|move|p2a: Grimmsnarl|Thunder Wave|p1b: Kingambit
|-status|p1b: Kingambit|par
|move|p1a: Rillaboom|Grassy Glide|p2a: Grimmsnarl
|-damage|p2a: Grimmsnarl|4/100
|move|p2b: Annihilape|Close Combat|p1b: Kingambit
|-damage|p1b: Kingambit|26/100 par
|-unboost|p2b: Annihilape|def|1
|-unboost|p2b: Annihilape|spd|1
|
|-heal|p2b: Annihilape|12/100|[from] Grassy Terrain
|-heal|p2b: Annihilape|19/100|[from] item: Leftovers
|-heal|p2a: Grimmsnarl|10/100|[from] Grassy Terrain
|-heal|p1a: Rillaboom|85/100 par|[from] Grassy Terrain
|-heal|p1b: Kingambit|32/100 par|[from] Grassy Terrain
|upkeep
|turn|8
|inactive|Wo-Chien<3 has 30 seconds left.
|inactive|leomartinfa has 30 seconds left.
|inactive|leomartinfa has 20 seconds left.
|
|t:|1756319275
|move|p2b: Annihilape|Protect|p2b: Annihilape
|-singleturn|p2b: Annihilape|Protect
|move|p2a: Grimmsnarl|Light Screen|p2a: Grimmsnarl
|-sidestart|p2: leomartinfa|move: Light Screen
|cant|p1a: Rillaboom|par
|move|p1b: Kingambit|Kowtow Cleave|p2a: Grimmsnarl
|-resisted|p2a: Grimmsnarl
|-damage|p2a: Grimmsnarl|0 fnt
|faint|p2a: Grimmsnarl
|
|-heal|p2b: Annihilape|25/100|[from] Grassy Terrain
|-heal|p2b: Annihilape|31/100|[from] item: Leftovers
|-heal|p1a: Rillaboom|92/100 par|[from] Grassy Terrain
|-heal|p1b: Kingambit|38/100 par|[from] Grassy Terrain
|-sideend|p2: leomartinfa|Reflect
|upkeep
|
|t:|1756319282
|switch|p2a: Volcarona|Volcarona, L50, M, tera:Grass|87/100
|turn|9
|
|t:|1756319303
|move|p1b: Kingambit|Sucker Punch|p2b: Annihilape
|-damage|p2b: Annihilape|0 fnt
|faint|p2b: Annihilape
|move|p2a: Volcarona|Quiver Dance|p2a: Volcarona
|-boost|p2a: Volcarona|spa|1
|-boost|p2a: Volcarona|spd|1
|-boost|p2a: Volcarona|spe|1
|move|p1a: Rillaboom|Wood Hammer|p2a: Volcarona
|-resisted|p2a: Volcarona
|-damage|p2a: Volcarona|37/100
|-damage|p1a: Rillaboom|75/100 par|[from] Recoil
|
|-heal|p2a: Volcarona|44/100|[from] Grassy Terrain
|-heal|p1a: Rillaboom|81/100 par|[from] Grassy Terrain
|-heal|p1b: Kingambit|44/100 par|[from] Grassy Terrain
|-fieldend|move: Grassy Terrain
|upkeep
|turn|10
|
|t:|1756319318
|move|p1b: Kingambit|Sucker Punch|p2a: Volcarona
|-damage|p2a: Volcarona|0 fnt
|faint|p2a: Volcarona
|
|win|Wo-Chien<3
|raw|Wo-Chien<3's rating: 1121 → 1145(+24 for winning)
|raw|leomartinfa's rating: 1109 → 1085(-24 for losing)
