|j|☆seemeier
|j|☆FrancoilCieco777
|html|seemeierFrancoilCieco777    
|uhtml|bestof|Game 2 of a best-of-3
|t:|1757000779
|gametype|doubles
|player|p1|seemeier|169|1133
|player|p2|FrancoilCieco777|baker|1039
|gen|9
|tier|[Gen 9] VGC 2025 Reg H (Bo3)
|rated|
|rule|Species Clause: Limit one of each Pokémon
|rule|Item Clause: Limit 1 of each item
|clearpoke
|poke|p1|Rillaboom, L50, F|
|poke|p1|Typhlosion-Hisui, L50, M|
|poke|p1|Garchomp, L50, M|
|poke|p1|Corviknight, L50, F|
|poke|p1|Sneasler, L50, M|
|poke|p1|Baxcalibur, L50, F|
|poke|p2|Volcarona, L50, M|
|poke|p2|Electabuzz, L50, F|
|poke|p2|Sneasler, L50, F|
|poke|p2|Kingambit, L50, F|
|poke|p2|Dragonite, L50, F|
|poke|p2|Rillaboom, L50, M|
|teampreview|4
|showteam|p1|Rillaboom||AssaultVest|GrassySurge|FakeOut,GrassyGlide,DrumBeating,HighHorsepower|||F|||50|,,,,,Fire]Typhlosion-Hisui||FocusSash|Blaze|Eruption,HeatWave,ShadowBall,Protect|||M|||50|,,,,,Fire]Garchomp||LifeOrb|RoughSkin|Earthquake,StompingTantrum,DragonClaw,Protect|||M|||50|,,,,,Ground]Corviknight||Leftovers|MirrorArmor|IronDefense,Tailwind,BodyPress,Protect|||F|||50|,,,,,Fighting]Sneasler||WhiteHerb|Unburden|FakeOut,CloseCombat,DireClaw,Protect|||M|||50|,,,,,Ghost]Baxcalibur||LoadedDice|ThermalExchange|IcicleSpear,ScaleShot,HighHorsepower,Protect|||F|||50|,,,,,Water
|showteam|p2|Volcarona||CovertCloak|FlameBody|HeatWave,TeraBlast,QuiverDance,Protect|||M|||50|,,,,,Fairy]Electabuzz||Eviolite|VitalSpirit|Thunderbolt,FollowMe,Taunt,Protect|||F|||50|,,,,,Ghost]Sneasler||FocusSash|Unburden|FakeOut,CloseCombat,DireClaw,Coaching|||F|||50|,,,,,Stellar]Kingambit||BlackGlasses|Defiant|KowtowCleave,SuckerPunch,SwordsDance,Protect|||F|||50|,,,,,Dark]Dragonite||LoadedDice|Multiscale|ScaleShot,ExtremeSpeed,Haze,Protect|||F|||50|,,,,,Normal]Rillaboom||AssaultVest|GrassySurge|WoodHammer,GrassyGlide,HighHorsepower,FakeOut|||M|||50|,,,,,Fire
|inactive|Battle timer is ON: inactive players will automatically lose when time's up. (requested by FrancoilCieco777)
|inactive|seemeier also wants the timer to be on.
|inactive|seemeier has 60 seconds left.
|
|t:|1757000814
|teamsize|p1|4
|teamsize|p2|4
|start
|switch|p1a: Baxcalibur|Baxcalibur, L50, F|100/100
|switch|p1b: Sneasler|Sneasler, L50, M|100/100
|switch|p2a: Kingambit|Kingambit, L50, F, shiny|100/100
|switch|p2b: Sneasler|Sneasler, L50, F|100/100
|turn|1
|
|t:|1757000828
|switch|p2a: Volcarona|Volcarona, L50, M|100/100
|move|p1b: Sneasler|Protect|p1b: Sneasler
|-singleturn|p1b: Sneasler|Protect
|move|p1a: Baxcalibur|Protect|p1a: Baxcalibur
|-singleturn|p1a: Baxcalibur|Protect
|move|p2b: Sneasler|Close Combat|p1a: Baxcalibur
|-activate|p1a: Baxcalibur|move: Protect
|
|upkeep
|turn|2
|
|t:|1757000843
|-terastallize|p1a: Baxcalibur|Water
|move|p2b: Sneasler|Close Combat|p1a: Baxcalibur
|-damage|p1a: Baxcalibur|33/100
|-unboost|p2b: Sneasler|def|1
|-unboost|p2b: Sneasler|spd|1
|move|p1b: Sneasler|Dire Claw|p2a: Volcarona
|-damage|p2a: Volcarona|52/100
|move|p1a: Baxcalibur|Scale Shot|p2b: Sneasler
|-crit|p2b: Sneasler
|-damage|p2b: Sneasler|44/100
|-damage|p2b: Sneasler|7/100
|-damage|p2b: Sneasler|0 fnt
|faint|p2b: Sneasler
|-hitcount|p2: Sneasler|3
|-unboost|p1a: Baxcalibur|def|1
|-boost|p1a: Baxcalibur|spe|1
|move|p2a: Volcarona|Quiver Dance|p2a: Volcarona
|-boost|p2a: Volcarona|spa|1
|-boost|p2a: Volcarona|spd|1
|-boost|p2a: Volcarona|spe|1
|
|upkeep
|
|t:|1757000854
|switch|p2b: Kingambit|Kingambit, L50, F, shiny|100/100
|turn|3
|
|t:|1757000874
|-terastallize|p2a: Volcarona|Fairy
|move|p2b: Kingambit|Sucker Punch|p1a: Baxcalibur
|-damage|p1a: Baxcalibur|0 fnt
|faint|p1a: Baxcalibur
|move|p2a: Volcarona|Tera Blast|p1b: Sneasler|[anim] Tera Blast Fairy
|-damage|p1b: Sneasler|22/100
|move|p1b: Sneasler|Close Combat|p2b: Kingambit
|-supereffective|p2b: Kingambit
|-damage|p2b: Kingambit|0 fnt
|-unboost|p1b: Sneasler|def|1
|-unboost|p1b: Sneasler|spd|1
|faint|p2b: Kingambit
|-enditem|p1b: Sneasler|White Herb
|-clearnegativeboost|p1b: Sneasler|[silent]
|
|upkeep
|
|t:|1757000886
|switch|p1a: Typhlosion|Typhlosion-Hisui, L50, M|100/100
|switch|p2b: Dragonite|Dragonite, L50, F, shiny|100/100
|turn|4
|
|t:|1757000897
|move|p1b: Sneasler|Dire Claw|p2a: Volcarona
|-supereffective|p2a: Volcarona
|-damage|p2a: Volcarona|0 fnt
|-status|p1b: Sneasler|brn|[from] ability: Flame Body|[of] p2a: Volcarona
|faint|p2a: Volcarona
|move|p1a: Typhlosion|Eruption|p2b: Dragonite
|-resisted|p2b: Dragonite
|-damage|p2b: Dragonite|80/100
|move|p2b: Dragonite|Scale Shot|p1a: Typhlosion
|-damage|p1a: Typhlosion|80/100
|-damage|p1a: Typhlosion|58/100
|-damage|p1a: Typhlosion|37/100
|-damage|p1a: Typhlosion|14/100
|-damage|p1a: Typhlosion|0 fnt
|faint|p1a: Typhlosion
|-hitcount|p1: Typhlosion|5
|-unboost|p2b: Dragonite|def|1
|-boost|p2b: Dragonite|spe|1
|
|-damage|p1b: Sneasler|16/100 brn|[from] brn
|upkeep
|
|t:|1757000909
|switch|p1a: Corviknight|Corviknight, L50, F|100/100
|turn|5
|-message|FrancoilCieco777 forfeited.
|
|win|seemeier
|raw|seemeier's rating: 1133 → 1151(+18 for winning)
|raw|FrancoilCieco777's rating: 1039 → 1027(-12 for losing)
