|j|☆Nero1694
|j|☆seeyouatthetip
|html|Nero1694seeyouatthetip    
|uhtml|bestof|Game 2 of a best-of-3
|t:|1756147354
|gametype|doubles
|player|p1|Nero1694|n|1156
|player|p2|seeyouatthetip|hiker-gen4|1202
|gen|9
|tier|[Gen 9] VGC 2025 Reg H (Bo3)
|rated|
|rule|Species Clause: Limit one of each Pokémon
|rule|Item Clause: Limit 1 of each item
|clearpoke
|poke|p1|Tyranitar, L50, F|
|poke|p1|Garchomp, L50, F|
|poke|p1|Salamence, L50, F|
|poke|p1|Incineroar, L50, M|
|poke|p1|Sinistcha-Masterpiece, L50|
|poke|p1|Primarina, L50, M|
|poke|p2|Amoonguss, L50, F|
|poke|p2|Incineroar, L50, M|
|poke|p2|Gholdengo, L50|
|poke|p2|Annihilape, L50, M|
|poke|p2|Kingambit, L50, M|
|poke|p2|Dragonite, L50, F|
|teampreview|4
|showteam|p1|Tyranitar||AssaultVest|SandStream|RockSlide,KnockOff,TeraBlast,LowKick|||F|||50|,,,,,Flying]Garchomp||ClearAmulet|RoughSkin|StompingTantrum,DragonClaw,SwordsDance,Protect|||F|||50|,,,,,Fire]Salamence||FocusSash|Intimidate|DracoMeteor,HeatWave,Protect,Tailwind|||F|||50|,,,,,Fire]Incineroar||SafetyGoggles|Intimidate|FlareBlitz,Taunt,PartingShot,FakeOut|||M|||50|,,,,,Ghost]Sinistcha-Masterpiece||SitrusBerry|Hospitality|MatchaGotcha,ShadowBall,RagePowder,TrickRoom||||||50|,,,,,Fairy]Primarina||ThroatSpray|LiquidVoice|HyperVoice,Moonblast,Haze,Protect|||M|||50|,,,,,Poison
|showteam|p2|Amoonguss||SitrusBerry|Regenerator|Spore,RagePowder,SludgeBomb,Protect|||F|||50|,,,,,Fire]Incineroar||SafetyGoggles|Intimidate|FlareBlitz,FakeOut,PartingShot,KnockOff|||M|||50|,,,,,Ghost]Gholdengo||LifeOrb|GoodasGold|MakeItRain,ShadowBall,NastyPlot,Protect||||||50|,,,,,Steel]Annihilape||FocusSash|Defiant|CloseCombat,RageFist,Coaching,FinalGambit|||M|||50|,,,,,Grass]Kingambit||AssaultVest|Defiant|KowtowCleave,SuckerPunch,IronHead,LowKick|||M|||50|,,,,,Dark]Dragonite||LoadedDice|Multiscale|ScaleShot,ExtremeSpeed,Haze,Protect|||F|||50|,,,,,Fairy
|inactive|Battle timer is ON: inactive players will automatically lose when time's up. (requested by Nero1694)
|inactive|Nero1694 has 60 seconds left.
|inactive|seeyouatthetip has 60 seconds left.
|
|t:|1756147411
|teamsize|p1|4
|teamsize|p2|4
|start
|switch|p1a: Primarina|Primarina, L50, M, shiny|100/100
|switch|p1b: Street Shark|Garchomp, L50, F|100/100
|switch|p2a: Annihilape|Annihilape, L50, M|100/100
|switch|p2b: Dragonite|Dragonite, L50, F|100/100
|turn|1
|inactive|Nero1694 has 30 seconds left.
|inactive|seeyouatthetip has 30 seconds left.
|inactive|Nero1694 has 20 seconds left.
|
|t:|1756147447
|-terastallize|p2b: Dragonite|Fairy
|move|p1b: Street Shark|Protect|p1b: Street Shark
|-singleturn|p1b: Street Shark|Protect
|move|p2a: Annihilape|Coaching|p2b: Dragonite
|-boost|p2b: Dragonite|atk|1
|-boost|p2b: Dragonite|def|1
|move|p2b: Dragonite|Scale Shot|p1b: Street Shark
|-activate|p1b: Street Shark|move: Protect
|move|p1a: Primarina|Moonblast|p2a: Annihilape
|-supereffective|p2a: Annihilape
|-damage|p2a: Annihilape|30/100
|-unboost|p2a: Annihilape|spa|1
|-ability|p2a: Annihilape|Defiant|boost
|-boost|p2a: Annihilape|atk|2
|
|upkeep
|turn|2
|inactive|seeyouatthetip has 30 seconds left.
|
|t:|1756147480
|switch|p1b: Felinferno|Incineroar, L50, M|100/100
|-ability|p1b: Felinferno|Intimidate|boost
|-unboost|p2a: Annihilape|atk|1
|-ability|p2a: Annihilape|Defiant|boost
|-boost|p2a: Annihilape|atk|2
|-unboost|p2b: Dragonite|atk|1
|move|p2a: Annihilape|Rage Fist|p1a: Primarina
|-damage|p1a: Primarina|9/100
|move|p2b: Dragonite|Scale Shot|p1b: Felinferno
|-damage|p1b: Felinferno|87/100
|-damage|p1b: Felinferno|73/100
|-damage|p1b: Felinferno|60/100
|-damage|p1b: Felinferno|46/100
|-hitcount|p1b: Felinferno|4
|-unboost|p2b: Dragonite|def|1
|-boost|p2b: Dragonite|spe|1
|move|p1a: Primarina|Haze|p1a: Primarina
|-clearallboost
|
|upkeep
|turn|3
|inactive|Nero1694 has 30 seconds left.
|inactive|seeyouatthetip has 30 seconds left.
|inactive|seeyouatthetip has 20 seconds left.
|inactive|Nero1694 has 20 seconds left.
|inactive|seeyouatthetip has 15 seconds left.
|inactive|seeyouatthetip has 10 seconds left.
|inactive|seeyouatthetip has 5 seconds left.
|
|t:|1756147531
|move|p2b: Dragonite|Protect|p2b: Dragonite
|-singleturn|p2b: Dragonite|Protect
|move|p2a: Annihilape|Rage Fist|p1b: Felinferno
|-resisted|p1b: Felinferno
|-damage|p1b: Felinferno|30/100
|move|p1b: Felinferno|Flare Blitz|p2a: Annihilape
|-damage|p2a: Annihilape|0 fnt
|faint|p2a: Annihilape
|-damage|p1b: Felinferno|19/100|[from] Recoil
|move|p1a: Primarina|Moonblast|p2b: Dragonite
|-activate|p2b: Dragonite|move: Protect
|
|upkeep
|
|t:|1756147546
|switch|p2a: Amoonguss|Amoonguss, L50, F|100/100
|turn|4
|
|t:|1756147560
|move|p2b: Dragonite|Extreme Speed|p1b: Felinferno
|-damage|p1b: Felinferno|0 fnt
|faint|p1b: Felinferno
|move|p1a: Primarina|Moonblast|p2b: Dragonite
|-damage|p2b: Dragonite|77/100
|move|p2a: Amoonguss|Sludge Bomb|p1a: Primarina
|-supereffective|p1a: Primarina
|-damage|p1a: Primarina|0 fnt
|faint|p1a: Primarina
|
|upkeep
|
|t:|1756147564
|switch|p1b: Street Shark|Garchomp, L50, F|100/100
|switch|p1a: Godzilla|Tyranitar, L50, F, shiny|100/100
|-weather|Sandstorm|[from] ability: Sand Stream|[of] p1a: Godzilla
|turn|5
|
|t:|1756147589
|-terastallize|p1a: Godzilla|Flying
|move|p2b: Dragonite|Protect|p2b: Dragonite
|-singleturn|p2b: Dragonite|Protect
|move|p1b: Street Shark|Stomping Tantrum|p2a: Amoonguss
|-damage|p2a: Amoonguss|69/100
|move|p1a: Godzilla|Tera Blast|p2a: Amoonguss|[anim] Tera Blast Flying
|-supereffective|p2a: Amoonguss
|-damage|p2a: Amoonguss|0 fnt
|faint|p2a: Amoonguss
|
|-weather|Sandstorm|[upkeep]
|-damage|p2b: Dragonite|71/100|[from] Sandstorm
|-damage|p1a: Godzilla|95/100|[from] Sandstorm
|upkeep
|
|t:|1756147594
|switch|p2a: Kingambit|Kingambit, L50, M, shiny|100/100
|turn|6
|
|t:|1756147615
|move|p2a: Kingambit|Sucker Punch|p1a: Godzilla
|-damage|p1a: Godzilla|62/100
|move|p1b: Street Shark|Stomping Tantrum|p2b: Dragonite
|-crit|p2b: Dragonite
|-damage|p2b: Dragonite|11/100
|move|p2b: Dragonite|Scale Shot|p1a: Godzilla
|-damage|p1a: Godzilla|49/100
|-damage|p1a: Godzilla|37/100
|-damage|p1a: Godzilla|24/100
|-damage|p1a: Godzilla|10/100
|-hitcount|p1a: Godzilla|4
|-unboost|p2b: Dragonite|def|1
|-boost|p2b: Dragonite|spe|1
|move|p1a: Godzilla|Low Kick|p2a: Kingambit
|-supereffective|p2a: Kingambit
|-crit|p2a: Kingambit
|-damage|p2a: Kingambit|0 fnt
|faint|p2a: Kingambit
|
|-weather|Sandstorm|[upkeep]
|-damage|p2b: Dragonite|5/100|[from] Sandstorm
|-damage|p1a: Godzilla|5/100|[from] Sandstorm
|upkeep
|turn|7
|c|☆Nero1694|Gg
|
|t:|1756147631
|move|p2b: Dragonite|Scale Shot|p1b: Street Shark
|-supereffective|p1b: Street Shark
|-damage|p1b: Street Shark|70/100
|-supereffective|p1b: Street Shark
|-damage|p1b: Street Shark|38/100
|-supereffective|p1b: Street Shark
|-damage|p1b: Street Shark|11/100
|-supereffective|p1b: Street Shark
|-damage|p1b: Street Shark|0 fnt
|faint|p1b: Street Shark
|-hitcount|p1: Street Shark|4
|-unboost|p2b: Dragonite|def|1
|-boost|p2b: Dragonite|spe|1
|move|p1a: Godzilla|Tera Blast|p2b: Dragonite|[anim] Tera Blast Flying
|-crit|p2b: Dragonite
|-damage|p2b: Dragonite|0 fnt
|faint|p2b: Dragonite
|
|win|Nero1694
|raw|Nero1694's rating: 1156 → 1184(+28 for winning)
|raw|seeyouatthetip's rating: 1202 → 1174(-28 for losing)
|c|☆seeyouatthetip|gg
|l|☆Nero1694
|player|p1|
