|j|☆Pokeventurer
|j|☆H1ld3G04T
|html|PokeventurerH1ld3G04T    
|uhtml|bestof|Game 2 of a best-of-3
|t:|1757791703
|gametype|doubles
|player|p1|Pokeventurer|169|1091
|player|p2|H1ld3G04T|2|1076
|gen|9
|tier|[Gen 9] VGC 2025 Reg H (Bo3)
|rated|
|rule|Species Clause: Limit one of each Pokémon
|rule|Item Clause: Limit 1 of each item
|clearpoke
|poke|p1|Incineroar, L50, M|
|poke|p1|Amoonguss, L50, M|
|poke|p1|Ursaluna-Bloodmoon, L50, M|
|poke|p1|Sneasler, L50, F|
|poke|p1|Gholdengo, L50|
|poke|p1|Dragonite, L50, M|
|poke|p2|Annihilape, L50, F|
|poke|p2|Maushold, L50|
|poke|p2|Sinistcha, L50|
|poke|p2|Rillaboom, L50, F|
|poke|p2|Ursaluna-Bloodmoon, L50, M|
|poke|p2|Talonflame, L50, F|
|teampreview|4
|showteam|p1|Incineroar||SafetyGoggles|Intimidate|FlareBlitz,KnockOff,PartingShot,FakeOut|||M|||50|,,,,,Ghost]Amoonguss||CovertCloak|Regenerator|Spore,RagePowder,PollenPuff,Protect|||M|||50|,,,,,Water]Ursaluna-Bloodmoon||AssaultVest|MindsEye|HyperVoice,BloodMoon,EarthPower,VacuumWave|||M|||50|,,,,,Water]Sneasler||FocusSash|Unburden|CloseCombat,DireClaw,ThroatChop,Protect|||F|||50|,,,,,Stellar]Gholdengo||LifeOrb|GoodasGold|MakeItRain,ShadowBall,NastyPlot,Protect||||||50|,,,,,Water]Dragonite||LoadedDice|Multiscale|ScaleShot,Tailwind,Haze,Protect|||M|||50|,,,,,Fairy
|showteam|p2|Annihilape||Leftovers|Defiant|DrainPunch,RageFist,BulkUp,Protect|||F|||50|,,,,,Water]Maushold||SafetyGoggles|FriendGuard|BeatUp,Taunt,FollowMe,Protect||||||50|,,,,,Ghost]Sinistcha||SitrusBerry|Hospitality|MatchaGotcha,LifeDew,TrickRoom,Reflect||||||50|,,,,,Water]Rillaboom||AssaultVest|GrassySurge|GrassyGlide,WoodHammer,HighHorsepower,FakeOut|||F|||50|,,,,,Fire]Ursaluna-Bloodmoon||LifeOrb|MindsEye|BloodMoon,HyperVoice,EarthPower,Protect|||M|||50|,,,,,Normal]Talonflame||CovertCloak|GaleWings|BraveBird,FlareBlitz,Tailwind,WillOWisp|||F|||50|,,,,,Fire
|inactive|Battle timer is ON: inactive players will automatically lose when time's up. (requested by Pokeventurer)
|inactive|H1ld3G04T has 60 seconds left.
|
|t:|1757791738
|teamsize|p1|4
|teamsize|p2|4
|start
|switch|p1a: Amoonguss|Amoonguss, L50, M|100/100
|switch|p1b: Gholdengo|Gholdengo, L50|100/100
|switch|p2a: Maushold|Maushold, L50|100/100
|switch|p2b: Annihilape|Annihilape, L50, F|100/100
|turn|1
|
|t:|1757791760
|-terastallize|p1b: Gholdengo|Water
|move|p2a: Maushold|Follow Me|p2a: Maushold
|-singleturn|p2a: Maushold|move: Follow Me
|move|p2b: Annihilape|Bulk Up|p2b: Annihilape
|-boost|p2b: Annihilape|atk|1
|-boost|p2b: Annihilape|def|1
|move|p1b: Gholdengo|Nasty Plot|p1b: Gholdengo
|-boost|p1b: Gholdengo|spa|2
|move|p1a: Amoonguss|Spore|p2a: Maushold
|-activate|p2a: Maushold|item: Safety Goggles|Spore
|
|upkeep
|turn|2
|inactive|H1ld3G04T has 30 seconds left.
|
|t:|1757791794
|move|p2a: Maushold|Follow Me|p2a: Maushold
|-singleturn|p2a: Maushold|move: Follow Me
|move|p1a: Amoonguss|Rage Powder|p1a: Amoonguss
|-singleturn|p1a: Amoonguss|move: Rage Powder
|move|p2b: Annihilape|Drain Punch|p1a: Amoonguss
|-resisted|p1a: Amoonguss
|-damage|p1a: Amoonguss|76/100
|move|p1b: Gholdengo|Make It Rain|p2a: Maushold|[spread] p2a,p2b
|-damage|p2a: Maushold|0 fnt
|-damage|p2b: Annihilape|13/100
|-unboost|p1b: Gholdengo|spa|1
|faint|p2a: Maushold
|-damage|p1b: Gholdengo|91/100|[from] item: Life Orb
|
|-heal|p2b: Annihilape|20/100|[from] item: Leftovers
|upkeep
|
|t:|1757791817
|switch|p2a: Talonflame|Talonflame, L50, F|100/100
|turn|3
|
|t:|1757791836
|move|p2b: Annihilape|Protect|p2b: Annihilape
|-singleturn|p2b: Annihilape|Protect
|move|p1b: Gholdengo|Protect|p1b: Gholdengo
|-singleturn|p1b: Gholdengo|Protect
|move|p2a: Talonflame|Brave Bird|p1a: Amoonguss
|-supereffective|p1a: Amoonguss
|-damage|p1a: Amoonguss|0 fnt
|faint|p1a: Amoonguss
|-damage|p2a: Talonflame|65/100|[from] Recoil
|
|-heal|p2b: Annihilape|26/100|[from] item: Leftovers
|upkeep
|
|t:|1757791847
|switch|p1a: Sneasler|Sneasler, L50, F|100/100
|turn|4
|inactive|H1ld3G04T has 30 seconds left.
|inactive|H1ld3G04T has 20 seconds left.
|
|t:|1757791886
|-terastallize|p2b: Annihilape|Water
|move|p2a: Talonflame|Tailwind|p2a: Talonflame
|-sidestart|p2: H1ld3G04T|move: Tailwind
|move|p2b: Annihilape|Rage Fist|p1b: Gholdengo
|-damage|p1b: Gholdengo|16/100
|move|p1a: Sneasler|Throat Chop|p2b: Annihilape
|-damage|p2b: Annihilape|6/100
|-start|p2b: Annihilape|Throat Chop|[silent]
|move|p1b: Gholdengo|Shadow Ball|p2a: Talonflame
|-damage|p2a: Talonflame|0 fnt
|faint|p2a: Talonflame
|-damage|p1b: Gholdengo|7/100|[from] item: Life Orb
|
|-heal|p2b: Annihilape|13/100|[from] item: Leftovers
|upkeep
|
|t:|1757791904
|switch|p2a: Sinistcha|Sinistcha, L50|100/100
|-heal|p2b: Annihilape|38/100|[from] ability: Hospitality|[of] p2a: Sinistcha
|turn|5
|
|t:|1757791919
|move|p2b: Annihilape|Protect|p2b: Annihilape
|-singleturn|p2b: Annihilape|Protect
|move|p1a: Sneasler|Dire Claw|p2b: Annihilape
|-activate|p2b: Annihilape|move: Protect
|move|p2a: Sinistcha|Reflect|p2a: Sinistcha
|-sidestart|p2: H1ld3G04T|Reflect
|move|p1b: Gholdengo|Shadow Ball|p2a: Sinistcha
|-supereffective|p2a: Sinistcha
|-damage|p2a: Sinistcha|0 fnt
|faint|p2a: Sinistcha
|-damage|p1b: Gholdengo|0 fnt|[from] item: Life Orb
|faint|p1b: Gholdengo
|
|-heal|p2b: Annihilape|44/100|[from] item: Leftovers
|-end|p2b: Annihilape|Throat Chop|[silent]
|upkeep
|
|t:|1757791923
|switch|p1b: Ursaluna|Ursaluna-Bloodmoon, L50, M|100/100
|turn|6
|inactive|H1ld3G04T has 30 seconds left.
|
|t:|1757791949
|move|p2b: Annihilape|Drain Punch|p1b: Ursaluna
|-supereffective|p1b: Ursaluna
|-damage|p1b: Ursaluna|24/100
|-heal|p2b: Annihilape|82/100|[from] drain|[of] p1b: Ursaluna
|move|p1a: Sneasler|Close Combat|p2b: Annihilape
|-damage|p2b: Annihilape|53/100
|-unboost|p1a: Sneasler|def|1
|-unboost|p1a: Sneasler|spd|1
|move|p1b: Ursaluna|Blood Moon|p2b: Annihilape
|-damage|p2b: Annihilape|0 fnt
|faint|p2b: Annihilape
|
|win|Pokeventurer
||Pokeventurer is ready for game 3.
