|j|☆Llama_Llord
|j|‽pablittoo
|html|Llama_Llordpablittoo    
|uhtml|bestof|Game 2 of a best-of-3
|t:|1756800728
|gametype|doubles
|player|p1|Llama_Llord|1|1094
|player|p2|pablittoo|blackbelt-gen4dp|1164
|gen|9
|tier|[Gen 9] VGC 2025 Reg H (Bo3)
|rated|
|rule|Species Clause: Limit one of each Pokémon
|rule|Item Clause: Limit 1 of each item
|clearpoke
|poke|p1|Talonflame, L50, F|
|poke|p1|Garchomp, L50, M|
|poke|p1|Gholdengo, L50|
|poke|p1|Tyranitar, L50, F|
|poke|p1|Amoonguss, L50, M|
|poke|p1|Milotic, L50, M|
|poke|p2|Baxcalibur, L50, M|
|poke|p2|Typhlosion-Hisui, L50, F|
|poke|p2|Murkrow, L50, M|
|poke|p2|Garchomp, L50, M|
|poke|p2|Flamigo, L50, M|
|poke|p2|Rillaboom, L50, F|
|teampreview|4
|showteam|p1|Talonflame||CovertCloak|GaleWings|Tailwind,BraveBird,WillOWisp,Taunt|||F|||50|,,,,,Grass]Garchomp||LifeOrb|RoughSkin|Earthquake,DragonClaw,StompingTantrum,Protect|||M|||50|,,,,,Fairy]Gholdengo||ChoiceSpecs|GoodasGold|MakeItRain,ShadowBall,Thunderbolt,PowerGem||||||50|,,,,,Steel]Tyranitar||AssaultVest|SandStream|RockSlide,KnockOff,TeraBlast,LowKick|||F|||50|,,,,,Flying]Amoonguss||SitrusBerry|Regenerator|PollenPuff,Spore,RagePowder,Protect|||M|||50|,,,,,Grass]Milotic||SafetyGoggles|Competitive|Scald,IcyWind,Haze,Protect|||M|||50|,,,,,Dragon
|showteam|p2|Baxcalibur||ClearAmulet|ThermalExchange|IcicleCrash,GlaiveRush,Protect,SwordsDance|||M|||50|,,,,,Water]Typhlosion-Hisui||ChoiceScarf|Blaze|LavaPlume,Eruption,HeatWave,ShadowBall|||F|||50|,,,,,Fire]Murkrow||Eviolite|Prankster|Tailwind,SunnyDay,Haze,FoulPlay|||M|||50|,,,,,Ghost]Garchomp||LifeOrb|RoughSkin|Earthquake,DragonClaw,Protect,StompingTantrum|||M|||50|,,,,,Ground]Flamigo||FocusSash|Scrappy|CloseCombat,DualWingbeat,Protect,WideGuard|||M|||50|,,,,,Ghost]Rillaboom||AssaultVest|GrassySurge|Uturn,FakeOut,GrassyGlide,WoodHammer|||F|||50|,,,,,Fire
|inactive|Battle timer is ON: inactive players will automatically lose when time's up. (requested by Llama_Llord)
|inactive|pablittoo has 60 seconds left.
|inactive|pablittoo has 30 seconds left.
|
|t:|1756800791
|teamsize|p1|4
|teamsize|p2|4
|start
|switch|p1a: Talonflame|Talonflame, L50, F|100/100
|switch|p1b: Garchomp|Garchomp, L50, M|100/100
|switch|p2a: Murkrow|Murkrow, L50, M|100/100
|switch|p2b: Flamigo|Flamigo, L50, M|100/100
|turn|1
|inactive|Llama_Llord has 30 seconds left.
|inactive|pablittoo has 30 seconds left.
|
|t:|1756800822
|move|p1a: Talonflame|Will-O-Wisp|p2b: Flamigo
|-status|p2b: Flamigo|brn
|move|p1b: Garchomp|Dragon Claw|p2a: Murkrow
|-damage|p2a: Murkrow|44/100
|-damage|p1b: Garchomp|91/100|[from] item: Life Orb
|move|p2b: Flamigo|Close Combat|p1b: Garchomp
|-crit|p1b: Garchomp
|-damage|p1b: Garchomp|45/100
|-unboost|p2b: Flamigo|def|1
|-unboost|p2b: Flamigo|spd|1
|-damage|p2b: Flamigo|88/100 brn|[from] ability: Rough Skin|[of] p1b: Garchomp
|move|p2a: Murkrow|Foul Play|p1b: Garchomp
|-damage|p1b: Garchomp|0 fnt
|-damage|p2a: Murkrow|32/100|[from] ability: Rough Skin|[of] p1b: Garchomp
|faint|p1b: Garchomp
|
|-damage|p2b: Flamigo|83/100 brn|[from] brn
|upkeep
|
|t:|1756800840
|switch|p1b: Gholdengo|Gholdengo, L50|100/100
|turn|2
|
|t:|1756800856
|move|p1a: Talonflame|Tailwind|p1a: Talonflame
|-sidestart|p1: Llama_Llord|move: Tailwind
|move|p2a: Murkrow|Tailwind|p2a: Murkrow
|-sidestart|p2: pablittoo|move: Tailwind
|move|p2b: Flamigo|Close Combat|p1b: Gholdengo
|-supereffective|p1b: Gholdengo
|-damage|p1b: Gholdengo|32/100
|-unboost|p2b: Flamigo|def|1
|-unboost|p2b: Flamigo|spd|1
|move|p1b: Gholdengo|Thunderbolt|p2a: Murkrow
|-supereffective|p2a: Murkrow
|-damage|p2a: Murkrow|0 fnt
|faint|p2a: Murkrow
|
|-damage|p2b: Flamigo|77/100 brn|[from] brn
|upkeep
|
|t:|1756800877
|switch|p2a: Garchomp|Garchomp, L50, M|100/100
|turn|3
|
|t:|1756800886
|move|p1a: Talonflame|Will-O-Wisp|p2a: Garchomp
|-status|p2a: Garchomp|brn
|move|p2b: Flamigo|Close Combat|p1b: Gholdengo
|-supereffective|p1b: Gholdengo
|-damage|p1b: Gholdengo|0 fnt
|-unboost|p2b: Flamigo|def|1
|-unboost|p2b: Flamigo|spd|1
|faint|p1b: Gholdengo
|move|p2a: Garchomp|Dragon Claw|p1a: Talonflame
|-damage|p1a: Talonflame|63/100
|-damage|p2a: Garchomp|91/100 brn|[from] item: Life Orb
|
|-damage|p2b: Flamigo|71/100 brn|[from] brn
|-damage|p2a: Garchomp|85/100 brn|[from] brn
|upkeep
|
|t:|1756800891
|switch|p1b: Tyranitar|Tyranitar, L50, F|100/100
|-weather|Sandstorm|[from] ability: Sand Stream|[of] p1b: Tyranitar
|turn|4
|
|t:|1756800916
|switch|p2b: Typhlosion|Typhlosion-Hisui, L50, F|100/100
|-terastallize|p1b: Tyranitar|Flying
|move|p1a: Talonflame|Brave Bird|p2b: Typhlosion
|-damage|p2b: Typhlosion|46/100
|-damage|p1a: Talonflame|49/100|[from] Recoil
|move|p2a: Garchomp|Dragon Claw|p1a: Talonflame
|-damage|p1a: Talonflame|10/100
|-damage|p2a: Garchomp|75/100 brn|[from] item: Life Orb
|move|p1b: Tyranitar|Knock Off|p2a: Garchomp
|-damage|p2a: Garchomp|15/100 brn
|-damage|p1b: Tyranitar|88/100|[from] ability: Rough Skin|[of] p2a: Garchomp
|-enditem|p2a: Garchomp|Life Orb|[from] move: Knock Off|[of] p1b: Tyranitar
|
|-weather|Sandstorm|[upkeep]
|-damage|p2b: Typhlosion|40/100|[from] Sandstorm
|-damage|p1a: Talonflame|4/100|[from] Sandstorm
|-damage|p1b: Tyranitar|83/100|[from] Sandstorm
|-damage|p2a: Garchomp|9/100 brn|[from] brn
|upkeep
|turn|5
|inactive|Llama_Llord has 30 seconds left.
|inactive|pablittoo has 30 seconds left.
|
|t:|1756800947
|-terastallize|p2b: Typhlosion|Fire
|move|p2b: Typhlosion|Heat Wave|p1a: Talonflame|[spread] p1a,p1b
|-resisted|p1a: Talonflame
|-crit|p1a: Talonflame
|-crit|p1b: Tyranitar
|-damage|p1a: Talonflame|0 fnt
|-damage|p1b: Tyranitar|34/100
|faint|p1a: Talonflame
|move|p2a: Garchomp|Dragon Claw|p1b: Tyranitar
|-damage|p1b: Tyranitar|15/100
|move|p1b: Tyranitar|Rock Slide|p2a: Garchomp|[spread] p2a,p2b
|-resisted|p2a: Garchomp
|-supereffective|p2b: Typhlosion
|-damage|p2a: Garchomp|0 fnt
|-damage|p2b: Typhlosion|0 fnt
|faint|p2a: Garchomp
|faint|p2b: Typhlosion
|
|-weather|Sandstorm|[upkeep]
|-damage|p1b: Tyranitar|10/100|[from] Sandstorm
|-sideend|p2: pablittoo|move: Tailwind
|-sideend|p1: Llama_Llord|move: Tailwind
|upkeep
|
|t:|1756800957
|switch|p2b: Flamigo|Flamigo, L50, M|71/100 brn
|turn|6
|
|t:|1756800963
|move|p2b: Flamigo|Close Combat|p1b: Tyranitar
|-resisted|p1b: Tyranitar
|-damage|p1b: Tyranitar|0 fnt
|-unboost|p2b: Flamigo|def|1
|-unboost|p2b: Flamigo|spd|1
|faint|p1b: Tyranitar
|
|win|pablittoo
|raw|Llama_Llord's rating: 1094 → 1075(-19 for losing)
|raw|pablittoo's rating: 1164 → 1184(+20 for winning)
