|j|☆Squiggs842
|j|‽zaharba
|html|Squiggs842zaharba    
|uhtml|bestof|Game 1 of a best-of-3
|t:|1782225610
|gametype|doubles
|player|p1|Squiggs842|266|1040
|player|p2|zaharba|265|1013
|gen|9
|tier|[Gen 9 Champions] VGC 2026 Reg M-B (Bo3)
|rated|
|rule|Species Clause: Limit one of each Pokémon
|rule|Item Clause: Limit 1 of each item
|clearpoke
|poke|p1|Blaziken, L50, F, shiny|
|poke|p1|Kingambit, L50, M, shiny|
|poke|p1|Basculegion, L50, M, shiny|
|poke|p1|Ninetales-Alola, L50, M, shiny|
|poke|p1|Gengar, L50, F, shiny|
|poke|p1|Incineroar, L50, F, shiny|
|poke|p2|Raichu, L50, F|
|poke|p2|Gholdengo, L50, shiny|
|poke|p2|Ninetales-Alola, L50, M|
|poke|p2|Talonflame, L50, F|
|poke|p2|Roserade, L50, F|
|poke|p2|Aurorus, L50, M|
|teampreview|4
|showteam|p1|Blaziken||Blazikenite|SpeedBoost|CloseCombat,RockSlide,FlareBlitz,Detect|Adamant||F|||50|]Kingambit||LifeOrb|Defiant|KowtowCleave,SuckerPunch,Protect,IronHead|Adamant||M|||50|]Basculegion||FocusSash|Adaptability|Liquidation,LastRespects,AquaJet,Protect|Adamant||M|||50|]Ninetales-Alola||NeverMeltIce|SnowWarning|Blizzard,FreezeDry,Encore,Protect|Timid||M|||50|]Gengar||Gengarite|CursedBody|ShadowBall,Disable,PerishSong,Protect|Modest||F|||50|]Incineroar||PasshoBerry|Intimidate|FakeOut,PartingShot,FlareBlitz,Protect|Relaxed||F|||50|
|showteam|p2|Raichu||RaichuniteY|LightningRod|ZapCannon,HelpingHand,FocusBlast,FakeOut|Timid||F|||50|]Gholdengo||WhiteHerb|GoodasGold|MakeItRain,Hex,Protect,PowerGem|Naive|||||50|]Ninetales-Alola||LightClay|SnowWarning|AuroraVeil,FreezeDry,IcyWind,Encore|Timid||M|||50|]Talonflame||FocusSash|GaleWings|Tailwind,BraveBird,FlareBlitz,Whirlwind|Jolly||F|||50|]Roserade||ChoiceScarf|PoisonPoint|SleepPowder,LeafStorm,SludgeBomb,DazzlingGleam|Timid||F|||50|]Aurorus|||Refrigerate|HyperVoice,Protect,AncientPower,EarthPower|Modest||M|||50|
|inactive|Battle timer is ON: inactive players will automatically lose when time's up. (requested by zaharba)
|inactive|Squiggs842 has 60 seconds left.
|inactive|zaharba has 60 seconds left.
|inactive|zaharba has 30 seconds left.
|inactive|zaharba has 20 seconds left.
|
|t:|1782225683
|teamsize|p1|4
|teamsize|p2|4
|start
|switch|p1a: Blaziken|Blaziken, L50, F, shiny|100/100
|switch|p1b: Incineroar|Incineroar, L50, F, shiny|100/100
|switch|p2a: Raichu|Raichu, L50, F|100/100
|switch|p2b: Roserade|Roserade, L50, F|100/100
|-ability|p1b: Incineroar|Intimidate|boost
|-unboost|p2a: Raichu|atk|1
|-unboost|p2b: Roserade|atk|1
|turn|1
|inactive|Squiggs842 has 30 seconds left.
|inactive|zaharba has 30 seconds left.
|
|t:|1782225716
|detailschange|p2a: Raichu|Raichu-Mega-Y, L50, F
|-mega|p2a: Raichu|Raichu|Raichunite Y
|detailschange|p1a: Blaziken|Blaziken-Mega, L50, F, shiny
|-mega|p1a: Blaziken|Blaziken|Blazikenite
|move|p2a: Raichu|Fake Out|p1a: Blaziken
|-damage|p1a: Blaziken|92/100
|move|p1b: Incineroar|Fake Out|p2a: Raichu
|-damage|p2a: Raichu|78/100
|move|p2b: Roserade|Sleep Powder|p1b: Incineroar
|-status|p1b: Incineroar|slp|[from] move: Sleep Powder
|cant|p1a: Blaziken|flinch
|
|-ability|p1a: Blaziken|Speed Boost|boost
|-boost|p1a: Blaziken|spe|1
|upkeep
|turn|2
|inactive|zaharba has 30 seconds left.
|
|t:|1782225746
|switch|p2b: Aurorus|Aurorus, L50, M|100/100
|move|p1a: Blaziken|Detect|p1a: Blaziken
|-singleturn|p1a: Blaziken|Protect
|move|p2a: Raichu|Zap Cannon|p1a: Blaziken
|-activate|p1a: Blaziken|move: Protect
|cant|p1b: Incineroar|slp
|
|-ability|p1a: Blaziken|Speed Boost|boost
|-boost|p1a: Blaziken|spe|1
|upkeep
|turn|3
|
|t:|1782225768
|move|p1a: Blaziken|Close Combat|p2b: Aurorus
|-supereffective|p2b: Aurorus|2
|-crit|p2b: Aurorus
|-damage|p2b: Aurorus|0 fnt
|-unboost|p1a: Blaziken|def|1
|-unboost|p1a: Blaziken|spd|1
|faint|p2b: Aurorus
|move|p2a: Raichu|Zap Cannon|p1a: Blaziken
|-damage|p1a: Blaziken|0 fnt
|faint|p1a: Blaziken
|cant|p1b: Incineroar|slp
|
|upkeep
|
|t:|1782225779
|switch|p1a: Ninetales|Ninetales-Alola, L50, M, shiny|100/100
|switch|p2b: Roserade|Roserade, L50, F|100/100
|-weather|Snowscape|[from] ability: Snow Warning|[of] p1a: Ninetales
|turn|4
|
|t:|1782225790
|move|p2b: Roserade|Sleep Powder|p1a: Ninetales|[miss]
|-miss|p2b: Roserade|p1a: Ninetales
|move|p2a: Raichu|Focus Blast|p1b: Incineroar
|-supereffective|p1b: Incineroar|1
|-damage|p1b: Incineroar|13/100 slp
|move|p1a: Ninetales|Blizzard|p2b: Roserade|[spread] p2a,p2b
|-supereffective|p2b: Roserade|1
|-damage|p2a: Raichu|25/100
|-damage|p2b: Roserade|19/100
|-curestatus|p1b: Incineroar|slp|[msg]
|move|p1b: Incineroar|Flare Blitz|p2b: Roserade
|-supereffective|p2b: Roserade|1
|-damage|p2b: Roserade|0 fnt
|faint|p2b: Roserade
|-damage|p1b: Incineroar|8/100|[from] Recoil
|
|-weather|Snowscape|[upkeep]
|upkeep
|
|t:|1782225805
|switch|p2b: Ninetales|Ninetales-Alola, L50, M|100/100
|turn|5
|
|t:|1782225820
|move|p1b: Incineroar|Protect|p1b: Incineroar
|-singleturn|p1b: Incineroar|Protect
|move|p2a: Raichu|Zap Cannon|p1a: Ninetales
|-damage|p1a: Ninetales|11/100
|-status|p1a: Ninetales|par
|move|p2b: Ninetales|Freeze-Dry|p1b: Incineroar
|-activate|p1b: Incineroar|move: Protect
|move|p1a: Ninetales|Freeze-Dry|p2a: Raichu
|-damage|p2a: Raichu|0 fnt
|faint|p2a: Raichu
|
|-weather|Snowscape|[upkeep]
|upkeep
|turn|6
|-message|zaharba forfeited.
|raw|Squiggs842's rating: 1040 → 1071(+31 for winning)
|raw|zaharba's rating: 1013 → 1002(-11 for losing)
|
|win|Squiggs842
|l|‽zaharba
|player|p2|
