|j|☆RegiSIXSEVEN
|j|☆JvinsVGC
|html|RegiSIXSEVENJvinsVGC    
|uhtml|bestof|Game 1 of a best-of-3
|t:|1782413815
|gametype|doubles
|player|p1|RegiSIXSEVEN|steven|1120
|player|p2|JvinsVGC|102|1221
|gen|9
|tier|[Gen 9 Champions] VGC 2026 Reg M-B (Bo3)
|rated|
|rule|Species Clause: Limit one of each Pokémon
|rule|Item Clause: Limit 1 of each item
|clearpoke
|poke|p1|Dragalge, L50, F, shiny|
|poke|p1|Farigiraf, L50, M, shiny|
|poke|p1|Staraptor, L50, F, shiny|
|poke|p1|Grimmsnarl, L50, M, shiny|
|poke|p1|Kingambit, L50, F, shiny|
|poke|p1|Kangaskhan, L50, F, shiny|
|poke|p2|Staraptor, L50, M|
|poke|p2|Grimmsnarl, L50, M|
|poke|p2|Arcanine-Hisui, L50, M|
|poke|p2|Garchomp, L50, M|
|poke|p2|Gholdengo, L50|
|poke|p2|Maushold-Four, L50|
|teampreview|4
|showteam|p1|Dragalge||Dragalgite|Adaptability|SludgeBomb,DracoMeteor,FlipTurn,HydroPump|Quiet||F|||50|]Farigiraf||ColburBerry|ArmorTail|Psychic,TrickRoom,HelpingHand,Protect|Calm||M|||50|]Staraptor||ChoiceScarf|Intimidate|FinalGambit,CloseCombat,DualWingbeat,Uturn|Adamant||F|||50|]Grimmsnarl||LightClay|Prankster|SpiritBreak,Reflect,PartingShot,FoulPlay|Careful||M|||50|]Kingambit||BlackGlasses|Defiant|KowtowCleave,SuckerPunch,SwordsDance,Protect|Adamant||F|||50|]Kangaskhan||Kangaskhanite|Scrappy|FakeOut,DoubleEdge,DrainPunch,IcePunch|Adamant||F|||50|
|showteam|p2|Staraptor||Staraptite|Intimidate|CloseCombat,BraveBird,Tailwind,Roost|Adamant||M|||50|]Grimmsnarl||LightClay|Prankster|LightScreen,Reflect,SpiritBreak,PartingShot|Careful||M|||50|]Arcanine-Hisui||HardStone|RockHead|FlareBlitz,RockSlide,HeadSmash,Protect|Adamant||M|||50|]Garchomp||LifeOrb|RoughSkin|Earthquake,DragonClaw,SwordsDance,Protect|Adamant||M|||50|]Gholdengo||SitrusBerry|GoodasGold|MakeItRain,ShadowBall,NastyPlot,Protect|Modest|||||50|]Maushold-Four||FocusSash|FriendGuard|FollowMe,SuperFang,Charm,Protect|Timid|||||50|
|inactive|Battle timer is ON: inactive players will automatically lose when time's up. (requested by RegiSIXSEVEN)
|inactive|JvinsVGC has 60 seconds left.
|
|t:|1782413858
|teamsize|p1|4
|teamsize|p2|4
|start
|switch|p1a: Farigiraf|Farigiraf, L50, M, shiny|100/100
|switch|p1b: Staraptor|Staraptor, L50, F, shiny|100/100
|switch|p2a: Garchomp|Garchomp, L50, M|100/100
|switch|p2b: Maushold|Maushold-Four, L50|100/100
|-ability|p1b: Staraptor|Intimidate|boost
|-unboost|p2a: Garchomp|atk|1
|-unboost|p2b: Maushold|atk|1
|turn|1
|
|t:|1782413881
|switch|p2a: Gholdengo|Gholdengo, L50|100/100
|move|p2b: Maushold|Protect|p2b: Maushold
|-singleturn|p2b: Maushold|Protect
|move|p1b: Staraptor|Final Gambit|p2b: Maushold
|-activate|p2b: Maushold|move: Protect
|move|p1a: Farigiraf|Trick Room|p1a: Farigiraf
|-fieldstart|move: Trick Room|[of] p1a: Farigiraf
|
|upkeep
|turn|2
|
|t:|1782413903
|move|p1a: Farigiraf|Psychic|p2b: Maushold
|-damage|p2b: Maushold|60/100
|move|p2a: Gholdengo|Nasty Plot|p2a: Gholdengo
|-boost|p2a: Gholdengo|spa|2
|move|p2b: Maushold|Super Fang|p1a: Farigiraf
|-damage|p1a: Farigiraf|50/100y
|move|p1b: Staraptor|Final Gambit|p2b: Maushold
|-damage|p2b: Maushold|0 fnt
|faint|p1b: Staraptor
|faint|p2b: Maushold
|
|upkeep
|
|t:|1782413915
|switch|p1b: Kingambit|Kingambit, L50, F, shiny|100/100
|switch|p2b: Grimmsnarl|Grimmsnarl, L50, M|100/100
|turn|3
|
|t:|1782413938
|move|p1a: Farigiraf|Helping Hand|p1b: Kingambit
|-singleturn|p1b: Kingambit|Helping Hand|[of] p1a: Farigiraf
|move|p2a: Gholdengo|Protect|p2a: Gholdengo
|-singleturn|p2a: Gholdengo|Protect
|move|p2b: Grimmsnarl|Reflect|p2b: Grimmsnarl
|-sidestart|p2: JvinsVGC|Reflect
|move|p1b: Kingambit|Kowtow Cleave|p2a: Gholdengo
|-activate|p2a: Gholdengo|move: Protect
|
|upkeep
|turn|4
|
|t:|1782413956
|move|p1a: Farigiraf|Helping Hand|p1b: Kingambit
|-singleturn|p1b: Kingambit|Helping Hand|[of] p1a: Farigiraf
|move|p1b: Kingambit|Kowtow Cleave|p2a: Gholdengo
|-supereffective|p2a: Gholdengo|1
|-damage|p2a: Gholdengo|0 fnt
|faint|p2a: Gholdengo
|move|p2b: Grimmsnarl|Spirit Break|p1a: Farigiraf
|-damage|p1a: Farigiraf|21/100
|-unboost|p1a: Farigiraf|spa|1
|
|upkeep
|
|t:|1782413964
|switch|p2a: Garchomp|Garchomp, L50, M|100/100
|turn|5
|
|t:|1782413979
|switch|p1a: Kangaskhan|Kangaskhan, L50, F, shiny|100/100
|move|p2b: Grimmsnarl|Light Screen|p2b: Grimmsnarl
|-sidestart|p2: JvinsVGC|move: Light Screen
|move|p1b: Kingambit|Swords Dance|p1b: Kingambit
|-boost|p1b: Kingambit|atk|2
|move|p2a: Garchomp|Swords Dance|p2a: Garchomp
|-boost|p2a: Garchomp|atk|2
|
|-fieldend|move: Trick Room
|upkeep
|turn|6
|inactive|RegiSIXSEVEN has 30 seconds left.
|inactive|RegiSIXSEVEN has 20 seconds left.
|inactive|RegiSIXSEVEN has 15 seconds left.
|
|t:|1782414020
|detailschange|p1a: Kangaskhan|Kangaskhan-Mega, L50, F, shiny
|-mega|p1a: Kangaskhan|Kangaskhan|Kangaskhanite
|move|p2a: Garchomp|Protect|p2a: Garchomp
|-singleturn|p2a: Garchomp|Protect
|move|p1b: Kingambit|Protect|p1b: Kingambit
|-singleturn|p1b: Kingambit|Protect
|move|p2b: Grimmsnarl|Parting Shot|p1a: Kangaskhan
|-unboost|p1a: Kangaskhan|atk|1
|-unboost|p1a: Kangaskhan|spa|1
|move|p1a: Kangaskhan|Ice Punch|p2a: Garchomp
|-activate|p2a: Garchomp|move: Protect
|
|upkeep
|turn|7
|
|t:|1782414038
|switch|p1b: Farigiraf|Farigiraf, L50, M, shiny|21/100
|move|p2b: Grimmsnarl|Parting Shot||[still]
|cant|p1b: Farigiraf|ability: Armor Tail|Parting Shot|[of] p2b: Grimmsnarl
|move|p2a: Garchomp|Earthquake|p1a: Kangaskhan|[spread] p2b,p1a,p1b
|-damage|p2b: Grimmsnarl|27/100
|-damage|p1a: Kangaskhan|16/100
|-damage|p1b: Farigiraf|0 fnt
|faint|p1b: Farigiraf
|-damage|p2a: Garchomp|90/100|[from] item: Life Orb
|move|p1a: Kangaskhan|Ice Punch|p2a: Garchomp
|-supereffective|p2a: Garchomp|2
|-damage|p2a: Garchomp|43/100
|-damage|p1a: Kangaskhan|4/100|[from] ability: Rough Skin|[of] p2a: Garchomp
|-supereffective|p2a: Garchomp|2
|-damage|p2a: Garchomp|33/100
|-damage|p1a: Kangaskhan|0 fnt|[from] ability: Rough Skin|[of] p2a: Garchomp
|faint|p1a: Kangaskhan
|-hitcount|p2a: Garchomp|2
|
|upkeep
|
|t:|1782414052
|switch|p1b: Kingambit|Kingambit, L50, F, shiny|100/100
|turn|8
|
|t:|1782414060
|move|p2a: Garchomp|Earthquake|p1b: Kingambit|[spread] p2b,p1b
|-supereffective|p1b: Kingambit|1
|-damage|p2b: Grimmsnarl|0 fnt
|-damage|p1b: Kingambit|0 fnt
|faint|p2b: Grimmsnarl
|faint|p1b: Kingambit
|-damage|p2a: Garchomp|23/100|[from] item: Life Orb
|
|win|JvinsVGC
