|j|☆Riptide_Lupa
|j|☆Camilo997
|html|Riptide_LupaCamilo997    
|uhtml|bestof|Game 2 of a best-of-3
|t:|1757826095
|gametype|doubles
|player|p1|Riptide_Lupa|hilbert-wonderlauncher|1072
|player|p2|Camilo997|266|1203
|gen|9
|tier|[Gen 9] VGC 2025 Reg H (Bo3)
|rated|
|rule|Species Clause: Limit one of each Pokémon
|rule|Item Clause: Limit 1 of each item
|clearpoke
|poke|p1|Annihilape, L50, F|
|poke|p1|Maushold-Four, L50|
|poke|p1|Klefki, L50, F|
|poke|p1|Sinistcha, L50|
|poke|p1|Ursaluna-Bloodmoon, L50, M|
|poke|p1|Incineroar, L50, M|
|poke|p2|Hatterene, L50, F|
|poke|p2|Incineroar, L50, M|
|poke|p2|Dragonite, L50, M|
|poke|p2|Sneasler, L50, F|
|poke|p2|Gholdengo, L50|
|poke|p2|Indeedee, L50, M|
|teampreview|4
|showteam|p1|Annihilape||Leftovers|Defiant|BulkUp,RageFist,DrainPunch,Protect|||F|||50|,,,,,Water]Maushold-Four||CovertCloak|FriendGuard|FollowMe,Taunt,Protect,BeatUp||||||50|,,,,,Dark]Klefki||LightClay|Prankster|LightScreen,Reflect,MistyTerrain,DazzlingGleam|||F|||50|,,,,,Fire]Sinistcha||SitrusBerry|Hospitality|LifeDew,RagePowder,MatchaGotcha,TrickRoom||||||50|,,,,,Water]Ursaluna-Bloodmoon||AssaultVest|MindsEye|EarthPower,BloodMoon,HyperVoice,Snarl|||M|||50|,,,,,Grass]Incineroar||MirrorHerb|Intimidate|FakeOut,PartingShot,KnockOff,FlareBlitz|||M|||50|,,,,,Bug
|showteam|p2|Hatterene||CovertCloak|MagicBounce|TrickRoom,ExpandingForce,DrainingKiss,DarkPulse|||F|||50|,,,,,Water]Incineroar||SafetyGoggles|Intimidate|FakeOut,KnockOff,PartingShot,FlareBlitz|||M|||50|,,,,,Dragon]Dragonite||LoadedDice|InnerFocus|ScaleShot,Haze,Tailwind,ExtremeSpeed|||M|||50|,,,,,Fairy]Sneasler||PsychicSeed|Unburden|ThroatChop,DireClaw,CloseCombat,Coaching|||F|||50|,,,,,Dark]Gholdengo||LifeOrb|GoodasGold|MakeItRain,DazzlingGleam,ShadowBall,Protect||||||50|,,,,,Water]Indeedee||FocusSash|PsychicSurge|ExpandingForce,TeraBlast,ShadowBall,CalmMind|||M|||50|,,,,,Fighting
|
|t:|1757826170
|teamsize|p1|4
|teamsize|p2|4
|start
|switch|p1a: Klefki|Klefki, L50, F|100/100
|switch|p1b: Incineroar|Incineroar, L50, M|100/100
|switch|p2a: Indeedee|Indeedee, L50, M|100/100
|switch|p2b: Sneasler|Sneasler, L50, F|100/100
|-fieldstart|move: Psychic Terrain|[from] ability: Psychic Surge|[of] p2a: Indeedee
|-enditem|p2b: Sneasler|Psychic Seed
|-boost|p2b: Sneasler|spd|1|[from] item: Psychic Seed
|-ability|p1b: Incineroar|Intimidate|boost
|-unboost|p2a: Indeedee|atk|1
|-unboost|p2b: Sneasler|atk|1
|-enditem|p1b: Incineroar|Mirror Herb
|-boost|p1b: Incineroar|spd|1|[from] item: Mirror Herb
|turn|1
|j| Trestkon
|
|t:|1757826202
|switch|p2a: Hatterene|Hatterene, L50, F|100/100
|move|p1a: Klefki|Reflect|p1a: Klefki
|-sidestart|p1: Riptide_Lupa|Reflect
|move|p2b: Sneasler|Coaching|p2a: Hatterene
|-boost|p2a: Hatterene|atk|1
|-boost|p2a: Hatterene|def|1
|move|p1b: Incineroar|Parting Shot|p2a: Hatterene
|move|p2a: Hatterene|Parting Shot|p1b: Incineroar|[from] ability: Magic Bounce
|-unboost|p1b: Incineroar|atk|1
|-unboost|p1b: Incineroar|spa|1
|
|t:|1757826215
|switch|p2a: Dragonite|Dragonite, L50, M|100/100|[from] Parting Shot
|
|upkeep
|turn|2
|
|t:|1757826230
|move|p2b: Sneasler|Coaching|p2a: Dragonite
|-boost|p2a: Dragonite|atk|1
|-boost|p2a: Dragonite|def|1
|move|p2a: Dragonite|Scale Shot|p1b: Incineroar
|-damage|p1b: Incineroar|89/100
|-damage|p1b: Incineroar|79/100
|-damage|p1b: Incineroar|69/100
|-damage|p1b: Incineroar|58/100
|-damage|p1b: Incineroar|46/100
|-hitcount|p1b: Incineroar|5
|-unboost|p2a: Dragonite|def|1
|-boost|p2a: Dragonite|spe|1
|move|p1a: Klefki|Dazzling Gleam|p2b: Sneasler|[spread] p2a,p2b
|-supereffective|p2a: Dragonite
|-damage|p2a: Dragonite|69/100
|-damage|p2b: Sneasler|83/100
|move|p1b: Incineroar|Parting Shot|p2a: Dragonite
|-unboost|p2a: Dragonite|atk|1
|-unboost|p2a: Dragonite|spa|1
|
|t:|1757826252
|switch|p1b: Ursaluna|Ursaluna-Bloodmoon, L50, M|100/100|[from] Parting Shot
|
|upkeep
|turn|3
|
|t:|1757826265
|move|p1a: Klefki|Misty Terrain|p1a: Klefki
|-fieldstart|move: Misty Terrain
|move|p2b: Sneasler|Close Combat|p1b: Ursaluna
|-supereffective|p1b: Ursaluna
|-damage|p1b: Ursaluna|56/100
|-unboost|p2b: Sneasler|def|1
|-unboost|p2b: Sneasler|spd|1
|move|p2a: Dragonite|Scale Shot|p1b: Ursaluna
|-damage|p1b: Ursaluna|51/100
|-damage|p1b: Ursaluna|47/100
|-damage|p1b: Ursaluna|43/100
|-damage|p1b: Ursaluna|39/100
|-damage|p1b: Ursaluna|34/100
|-hitcount|p1b: Ursaluna|5
|-unboost|p2a: Dragonite|def|1
|-boost|p2a: Dragonite|spe|1
|move|p1b: Ursaluna|Blood Moon|p2b: Sneasler
|-damage|p2b: Sneasler|0 fnt
|faint|p2b: Sneasler
|
|upkeep
|
|t:|1757826271
|switch|p2b: Hatterene|Hatterene, L50, F|100/100
|turn|4
|
|t:|1757826282
|move|p1a: Klefki|Light Screen|p1a: Klefki
|-sidestart|p1: Riptide_Lupa|move: Light Screen
|move|p2a: Dragonite|Scale Shot|p1b: Ursaluna
|-damage|p1b: Ursaluna|30/100
|-damage|p1b: Ursaluna|25/100
|-damage|p1b: Ursaluna|21/100
|-damage|p1b: Ursaluna|17/100
|-hitcount|p1b: Ursaluna|4
|-unboost|p2a: Dragonite|def|1
|-boost|p2a: Dragonite|spe|1
|move|p1b: Ursaluna|Hyper Voice|p2b: Hatterene|[spread] p2a,p2b
|-damage|p2a: Dragonite|29/100
|-damage|p2b: Hatterene|59/100
|move|p2b: Hatterene|Trick Room|p2b: Hatterene
|-fieldstart|move: Trick Room|[of] p2b: Hatterene
|
|upkeep
|turn|5
|
|t:|1757826305
|switch|p1b: Incineroar|Incineroar, L50, M|46/100
|-ability|p1b: Incineroar|Intimidate|boost
|-fail|p2a: Dragonite|unboost|Attack|[from] ability: Inner Focus|[of] p2a: Dragonite
|-unboost|p2b: Hatterene|atk|1
|move|p2a: Dragonite|Extreme Speed|p1b: Incineroar
|-damage|p1b: Incineroar|30/100
|move|p2b: Hatterene|Expanding Force|p1b: Incineroar
|-immune|p1b: Incineroar
|move|p1a: Klefki|Dazzling Gleam|p2b: Hatterene|[spread] p2a,p2b
|-supereffective|p2a: Dragonite
|-damage|p2a: Dragonite|0 fnt
|-damage|p2b: Hatterene|41/100
|faint|p2a: Dragonite
|
|upkeep
|
|t:|1757826308
|switch|p2a: Indeedee|Indeedee, L50, M|100/100
|-fieldstart|move: Psychic Terrain|[from] ability: Psychic Surge|[of] p2a: Indeedee
|turn|6
|-message|Camilo997 forfeited.
|
|win|Riptide_Lupa
||Camilo997 is ready for game 3.
||Riptide_Lupa is ready for game 3.
|uhtml|next|Next: Game 3 of 3
|l|☆Camilo997
|player|p2|
|l|☆Riptide_Lupa
|player|p1|
|l| Trestkon
