|j|☆SideB33563356
|j|☆WrathofSharath
|html|SideB33563356WrathofSharath    
|uhtml|bestof|Game 1 of a best-of-3
|t:|1784161734
|gametype|doubles
|player|p1|SideB33563356|1|
|player|p2|WrathofSharath|alder|
|gen|9
|tier|[Gen 9 Champions] VGC 2026 Reg M-B (Bo3)
|rule|Species Clause: Limit one of each Pokémon
|rule|Item Clause: Limit 1 of each item
|clearpoke
|poke|p1|Metagross, L50|
|poke|p1|Talonflame, L50, M|
|poke|p1|Basculegion, L50, M|
|poke|p1|Kingambit, L50, F|
|poke|p1|Hydreigon, L50, M|
|poke|p1|Ninetales-Alola, L50, F|
|poke|p2|Gholdengo, L50, shiny|
|poke|p2|Floette-Eternal, L50, F|
|poke|p2|Sneasler, L50, M, shiny|
|poke|p2|Garchomp, L50, F|
|poke|p2|Incineroar, L50, F, shiny|
|poke|p2|Talonflame, L50, F, shiny|
|teampreview|4
|showteam|p1|Metagross||Metagrossite|ClearBody|MeteorMash,PsychicFangs,BulletPunch,Protect|Jolly|||||50|]Talonflame||SharpBeak|GaleWings|BraveBird,WillOWisp,Tailwind,Protect|Jolly||M|||50|]Basculegion||LifeOrb|Adaptability|WaveCrash,LastRespects,AquaJet,Protect|Jolly||M|||50|]Kingambit||BlackGlasses|Defiant|KowtowCleave,LowKick,SuckerPunch,Protect|Adamant||F|||50|]Hydreigon||ChoiceScarf|Levitate|DarkPulse,DracoMeteor,Snarl,EarthPower|Modest||M|||50|]Ninetales-Alola||FocusSash|SnowWarning|Blizzard,FreezeDry,Encore,Protect|Timid||F|||50|
|showteam|p2|Gholdengo||ChoiceScarf|GoodasGold|MakeItRain,ShadowBall,Thunderbolt,Psychic|Modest|||||50|]Floette-Eternal||Floettite|FlowerVeil|Moonblast,DazzlingGleam,CalmMind,Protect|Timid||F|||50|]Sneasler||WhiteHerb|Unburden|DireClaw,FakeOut,Protect,CloseCombat|Adamant||M|||50|]Garchomp||LifeOrb|RoughSkin|Protect,Earthquake,DragonClaw,RockSlide|Jolly||F|||50|]Incineroar||SitrusBerry|Intimidate|FakeOut,FlareBlitz,ThroatChop,Protect|Adamant||F|||50|]Talonflame||SharpBeak|GaleWings|BraveBird,Tailwind,SunnyDay,Taunt|Jolly||F|||50|
|inactive|Battle timer is ON: inactive players will automatically lose when time's up. (requested by WrathofSharath)
|inactive|SideB33563356 has 60 seconds left.
|inactive|WrathofSharath has 60 seconds left.
|inactiveoff|Battle timer is now OFF.
|
|t:|1784161827
|teamsize|p1|4
|teamsize|p2|4
|start
|switch|p1a: knickswinthechip!|Hydreigon, L50, M|100/100
|switch|p1b: Texas Power Crisis|Ninetales-Alola, L50, F|100/100
|switch|p2a: I feel Spanish|Incineroar, L50, F, shiny|100/100
|switch|p2b: The Dictator|Gholdengo, L50, shiny|100/100
|-weather|Snowscape|[from] ability: Snow Warning|[of] p1b: Texas Power Crisis
|-ability|p2a: I feel Spanish|Intimidate|boost
|-unboost|p1a: knickswinthechip!|atk|1
|-unboost|p1b: Texas Power Crisis|atk|1
|turn|1
|
|t:|1784161871
|move|p1b: Texas Power Crisis|Protect|p1b: Texas Power Crisis
|-singleturn|p1b: Texas Power Crisis|Protect
|move|p2a: I feel Spanish|Fake Out|p1a: knickswinthechip!
|-damage|p1a: knickswinthechip!|82/100
|cant|p1a: knickswinthechip!|flinch
|move|p2b: The Dictator|Make It Rain|p1a: knickswinthechip!|[spread] p1a
|-activate|p1b: Texas Power Crisis|move: Protect
|-damage|p1a: knickswinthechip!|24/100
|-unboost|p2b: The Dictator|spa|2
|
|-weather|Snowscape|[upkeep]
|upkeep
|turn|2
|
|t:|1784161906
|switch|p2b: Ronaldo|Sneasler, L50, M, shiny|100/100
|move|p1a: knickswinthechip!|Dark Pulse|p2b: Ronaldo
|-resisted|p2b: Ronaldo|1
|-damage|p2b: Ronaldo|69/100
|move|p1b: Texas Power Crisis|Encore|p2a: I feel Spanish
|-start|p2a: I feel Spanish|Encore
|move|p2a: I feel Spanish|Fake Out||[still]
|-hint|Fake Out only works on your first turn out.
|-fail|p2a: I feel Spanish
|
|-weather|Snowscape|[upkeep]
|upkeep
|turn|3
|
|t:|1784161951
|switch|p2a: The Dictator|Gholdengo, L50, shiny|100/100
|move|p2b: Ronaldo|Fake Out|p1a: knickswinthechip!
|-damage|p1a: knickswinthechip!|6/100
|cant|p1a: knickswinthechip!|flinch
|move|p1b: Texas Power Crisis|Blizzard|p2a: The Dictator|[spread] p2a,p2b
|-resisted|p2a: The Dictator|1
|-damage|p2a: The Dictator|82/100
|-damage|p2b: Ronaldo|29/100
|
|-weather|Snowscape|[upkeep]
|upkeep
|turn|4
|
|t:|1784161984
|move|p1a: knickswinthechip!|Dark Pulse|p2a: The Dictator
|-supereffective|p2a: The Dictator|1
|-crit|p2a: The Dictator
|-damage|p2a: The Dictator|0 fnt
|faint|p2a: The Dictator
|move|p1b: Texas Power Crisis|Blizzard|p2b: Ronaldo
|-damage|p2b: Ronaldo|0 fnt
|faint|p2b: Ronaldo
|
|-weather|Snowscape|[upkeep]
|upkeep
|
|t:|1784161992
|switch|p2b: Vozinha|Floette-Eternal, L50, F|100/100
|switch|p2a: I feel Spanish|Incineroar, L50, F, shiny|100/100
|-ability|p2a: I feel Spanish|Intimidate|boost
|-unboost|p1a: knickswinthechip!|atk|1
|-unboost|p1b: Texas Power Crisis|atk|1
|turn|5
|
|t:|1784162012
|switch|p1a: Computah|Metagross, L50|100/100
|detailschange|p2b: Vozinha|Floette-Mega, L50, F
|-mega|p2b: Vozinha|Floette|Floettite
|-ability|p2b: Vozinha|Fairy Aura
|move|p1b: Texas Power Crisis|Protect|p1b: Texas Power Crisis
|-singleturn|p1b: Texas Power Crisis|Protect
|move|p2b: Vozinha|Dazzling Gleam|p1a: Computah|[spread] p1a
|-activate|p1b: Texas Power Crisis|move: Protect
|-resisted|p1a: Computah|1
|-damage|p1a: Computah|73/100
|move|p2a: I feel Spanish|Flare Blitz|p1b: Texas Power Crisis
|-activate|p1b: Texas Power Crisis|move: Protect
|
|-weather|none
|upkeep
|turn|6
|
|t:|1784162061
|detailschange|p1a: Computah|Metagross-Mega, L50
|-mega|p1a: Computah|Metagross|Metagrossite
|move|p1a: Computah|Protect|p1a: Computah
|-singleturn|p1a: Computah|Protect
|move|p2b: Vozinha|Protect|p2b: Vozinha
|-singleturn|p2b: Vozinha|Protect
|move|p1b: Texas Power Crisis|Blizzard|p2b: Vozinha|[spread] 
|-activate|p2b: Vozinha|move: Protect
|-miss|p1b: Texas Power Crisis|p2a: I feel Spanish
|move|p2a: I feel Spanish|Flare Blitz|p1a: Computah
|-activate|p1a: Computah|move: Protect
|
|upkeep
|turn|7
|
|t:|1784162109
|move|p2b: Vozinha|Protect||[still]
|-fail|p2b: Vozinha
|move|p1a: Computah|Meteor Mash|p2b: Vozinha
|-supereffective|p2b: Vozinha|1
|-damage|p2b: Vozinha|0 fnt
|faint|p2b: Vozinha
|move|p1b: Texas Power Crisis|Freeze-Dry|p2a: I feel Spanish
|-resisted|p2a: I feel Spanish|1
|-damage|p2a: I feel Spanish|87/100
|move|p2a: I feel Spanish|Flare Blitz|p1a: Computah
|-supereffective|p1a: Computah|1
|-damage|p1a: Computah|0 fnt
|faint|p1a: Computah
|-damage|p2a: I feel Spanish|66/100|[from] Recoil
|
|upkeep
|
|t:|1784162122
|switch|p1a: Trae Young|Talonflame, L50, M|100/100
|turn|8
|
|t:|1784162130
|move|p1a: Trae Young|Brave Bird|p2a: I feel Spanish
|-damage|p2a: I feel Spanish|17/100
|-enditem|p2a: I feel Spanish|Sitrus Berry|[eat]
|-heal|p2a: I feel Spanish|42/100|[from] item: Sitrus Berry
|-damage|p1a: Trae Young|78/100|[from] Recoil
|move|p1b: Texas Power Crisis|Encore|p2a: I feel Spanish
|-start|p2a: I feel Spanish|Encore
|move|p2a: I feel Spanish|Flare Blitz|p1b: Texas Power Crisis
|-supereffective|p1b: Texas Power Crisis|1
|-enditem|p1b: Texas Power Crisis|Focus Sash
|-damage|p1b: Texas Power Crisis|1/100
|-damage|p2a: I feel Spanish|17/100|[from] Recoil
|
|upkeep
|turn|9
|
|t:|1784162152
|move|p1a: Trae Young|Brave Bird|p2a: I feel Spanish
|-damage|p2a: I feel Spanish|0 fnt
|faint|p2a: I feel Spanish
|-damage|p1a: Trae Young|70/100|[from] Recoil
|
|win|SideB33563356
||WrathofSharath is ready for game 2.
