|j|☆lnfernape
|j|☆lux raymundi
|html|lnfernapelux raymundi    
|uhtml|bestof|Game 2 of a best-of-3
|t:|1782763384
|gametype|doubles
|player|p1|lnfernape|jasmine|1245
|player|p2|lux raymundi|2|1155
|gen|9
|tier|[Gen 9 Champions] VGC 2026 Reg M-B (Bo3)
|rated|
|rule|Species Clause: Limit one of each Pokémon
|rule|Item Clause: Limit 1 of each item
|clearpoke
|poke|p1|Gholdengo, L50|
|poke|p1|Garchomp, L50, M|
|poke|p1|Whimsicott, L50, F|
|poke|p1|Incineroar, L50, M|
|poke|p1|Charizard, L50, F|
|poke|p1|Basculegion, L50, M|
|poke|p2|Farigiraf, L50, M|
|poke|p2|Floette-Eternal, L50, F|
|poke|p2|Basculegion, L50, M|
|poke|p2|Sneasler, L50, M|
|poke|p2|Sinistcha, L50|
|poke|p2|Delphox, L50, F|
|teampreview|4
|showteam|p1|Gholdengo||MetalCoat|GoodasGold|MakeItRain,ShadowBall,NastyPlot,Protect|Modest|||||50|]Garchomp||LifeOrb|RoughSkin|Earthquake,DragonClaw,RockSlide,Protect|Jolly||M|||50|]Whimsicott||FocusSash|Prankster|Moonblast,Tailwind,Encore,Protect|Timid||F|||50|]Incineroar||SitrusBerry|Intimidate|FlareBlitz,ThroatChop,FakeOut,PartingShot|Impish||M|||50|]Charizard||CharizarditeY|Blaze|WeatherBall,HeatWave,SolarBeam,Protect|Modest||F|||50|]Basculegion||ChoiceScarf|Adaptability|WaveCrash,LastRespects,AquaJet,FlipTurn|Jolly||M|||50|
|showteam|p2|Farigiraf||SitrusBerry|ArmorTail|TrickRoom,HelpingHand,Protect,TwinBeam|Bold||M|||50|]Floette-Eternal||Floettite|FlowerVeil|CalmMind,DazzlingGleam,Moonblast,Protect|Modest||F|||50|]Basculegion||FocusSash|Adaptability|AquaJet,Liquidation,LastRespects,Protect|Adamant||M|||50|]Sneasler||WhiteHerb|Unburden|FakeOut,CloseCombat,DireClaw,Protect|Jolly||M|||50|]Sinistcha||KasibBerry|Hospitality|MatchaGotcha,RagePowder,TrickRoom,LifeDew|Serious|||||50|]Delphox||Delphoxite|Blaze|NastyPlot,HeatWave,Psychic,Protect|Timid||F|||50|
|inactive|Battle timer is ON: inactive players will automatically lose when time's up. (requested by lnfernape)
|
|t:|1782763396
|teamsize|p1|4
|teamsize|p2|4
|start
|switch|p1a: Gholdengo|Gholdengo, L50|100/100
|switch|p1b: Charizard|Charizard, L50, F|100/100
|switch|p2a: Sneasler|Sneasler, L50, M|100/100
|switch|p2b: Floette|Floette-Eternal, L50, F|100/100
|turn|1
|
|t:|1782763420
|switch|p1b: Basculegion|Basculegion, L50, M|100/100
|detailschange|p2b: Floette|Floette-Mega, L50, F
|-mega|p2b: Floette|Floette|Floettite
|-ability|p2b: Floette|Fairy Aura
|move|p2a: Sneasler|Fake Out|p1b: Basculegion
|-immune|p1b: Basculegion
|move|p2b: Floette|Calm Mind|p2b: Floette
|-boost|p2b: Floette|spa|1
|-boost|p2b: Floette|spd|1
|move|p1a: Gholdengo|Nasty Plot|p1a: Gholdengo
|-boost|p1a: Gholdengo|spa|2
|
|upkeep
|turn|2
|inactive|lnfernape has 30 seconds left.
|
|t:|1782763446
|move|p2b: Floette|Protect|p2b: Floette
|-singleturn|p2b: Floette|Protect
|move|p1b: Basculegion|Flip Turn|p2b: Floette
|-activate|p2b: Floette|move: Protect
|move|p2a: Sneasler|Dire Claw|p1b: Basculegion
|-resisted|p1b: Basculegion|1
|-damage|p1b: Basculegion|77/100
|move|p1a: Gholdengo|Make It Rain|p2a: Sneasler|[spread] p2a
|-activate|p2b: Floette|move: Protect
|-damage|p2a: Sneasler|0 fnt
|-unboost|p1a: Gholdengo|spa|2
|faint|p2a: Sneasler
|
|upkeep
|
|t:|1782763462
|switch|p2a: Basculegion|Basculegion, L50, M|100/100
|turn|3
|inactive|lnfernape has 30 seconds left.
|
|t:|1782763495
|move|p1a: Gholdengo|Protect|p1a: Gholdengo
|-singleturn|p1a: Gholdengo|Protect
|move|p1b: Basculegion|Flip Turn|p2b: Floette
|-damage|p2b: Floette|60/100
|
|t:|1782763503
|switch|p1b: Incineroar|Incineroar, L50, M|100/100|[from] Flip Turn
|-ability|p1b: Incineroar|Intimidate|boost
|-unboost|p2a: Basculegion|atk|1
|-unboost|p2b: Floette|atk|1
|move|p2b: Floette|Calm Mind|p2b: Floette
|-boost|p2b: Floette|spa|1
|-boost|p2b: Floette|spd|1
|move|p2a: Basculegion|Last Respects|p1b: Incineroar
|-resisted|p1b: Incineroar|1
|-damage|p1b: Incineroar|81/100
|
|upkeep
|turn|4
|inactive|lnfernape has 30 seconds left.
|inactive|lnfernape has 20 seconds left.
|inactive|lnfernape has 15 seconds left.
|
|t:|1782763543
|switch|p2a: Farigiraf|Farigiraf, L50, M|100/100
|move|p2b: Floette|Dazzling Gleam|p1b: Incineroar|[spread] p1a,p1b
|-resisted|p1a: Gholdengo|1
|-crit|p1a: Gholdengo
|-damage|p1a: Gholdengo|36/100
|-damage|p1b: Incineroar|1/100
|-enditem|p1b: Incineroar|Sitrus Berry|[eat]
|-heal|p1b: Incineroar|26/100|[from] item: Sitrus Berry
|move|p1a: Gholdengo|Shadow Ball|p2a: Farigiraf
|-immune|p2a: Farigiraf
|move|p1b: Incineroar|Throat Chop|p2a: Farigiraf
|-supereffective|p2a: Farigiraf|1
|-damage|p2a: Farigiraf|43/100
|-start|p2a: Farigiraf|Throat Chop|[silent]
|-enditem|p2a: Farigiraf|Sitrus Berry|[eat]
|-heal|p2a: Farigiraf|68/100|[from] item: Sitrus Berry
|
|upkeep
|turn|5
|
|t:|1782763568
|move|p2a: Farigiraf|Helping Hand|p2b: Floette
|-singleturn|p2b: Floette|Helping Hand|[of] p2a: Farigiraf
|move|p1a: Gholdengo|Protect|p1a: Gholdengo
|-singleturn|p1a: Gholdengo|Protect
|move|p2b: Floette|Dazzling Gleam|p1a: Gholdengo|[spread] p1b
|-activate|p1a: Gholdengo|move: Protect
|-damage|p1b: Incineroar|0 fnt
|faint|p1b: Incineroar
|
|-end|p2a: Farigiraf|Throat Chop|[silent]
|upkeep
|
|t:|1782763578
|switch|p1b: Basculegion|Basculegion, L50, M|77/100
|turn|6
|inactive|lux raymundi has 30 seconds left.
|
|t:|1782763606
|move|p1b: Basculegion|Wave Crash|p2b: Floette
|-damage|p2b: Floette|0 fnt
|faint|p2b: Floette
|-damage|p1b: Basculegion|59/100|[from] Recoil
|move|p1a: Gholdengo|Nasty Plot|p1a: Gholdengo
|-boost|p1a: Gholdengo|spa|2
|move|p2a: Farigiraf|Twin Beam|p1a: Gholdengo
|-resisted|p1a: Gholdengo|1
|-damage|p1a: Gholdengo|29/100
|-resisted|p1a: Gholdengo|1
|-damage|p1a: Gholdengo|20/100y
|-hitcount|p1a: Gholdengo|2
|
|upkeep
|
|t:|1782763610
|switch|p2b: Basculegion|Basculegion, L50, M|100/100
|turn|7
|inactive|lnfernape has 30 seconds left.
|
|t:|1782763640
|switch|p1b: Charizard|Charizard, L50, F|100/100
|move|p2b: Basculegion|Aqua Jet|p1a: Gholdengo
|-damage|p1a: Gholdengo|0 fnt
|faint|p1a: Gholdengo
|move|p2a: Farigiraf|Trick Room|p2a: Farigiraf
|-fieldstart|move: Trick Room|[of] p2a: Farigiraf
|
|upkeep
|
|t:|1782763649
|switch|p1a: Basculegion|Basculegion, L50, M|59/100
|turn|8
|inactive|lux raymundi has 30 seconds left.
|inactive|lux raymundi has 20 seconds left.
|
|t:|1782763688
|detailschange|p1b: Charizard|Charizard-Mega-Y, L50, F
|-mega|p1b: Charizard|Charizard|Charizardite Y
|-weather|SunnyDay|[from] ability: Drought|[of] p1b: Charizard
|move|p2a: Farigiraf|Helping Hand|p2b: Basculegion
|-singleturn|p2b: Basculegion|Helping Hand|[of] p2a: Farigiraf
|move|p2b: Basculegion|Last Respects|p1b: Charizard
|-damage|p1b: Charizard|0 fnt
|faint|p1b: Charizard
|move|p1a: Basculegion|Last Respects|p2b: Basculegion
|-supereffective|p2b: Basculegion|1
|-enditem|p2b: Basculegion|Focus Sash
|-damage|p2b: Basculegion|1/100
|
|-weather|SunnyDay|[upkeep]
|upkeep
|turn|9
|-message|lnfernape forfeited.
|
|win|lux raymundi
|raw|lnfernape's rating: 1245 → 1214(-31 for losing)
|raw|lux raymundi's rating: 1155 → 1186(+31 for winning)
