|j|☆akabaki
|j|☆IngeVGC
|html|akabakiIngeVGC    
|uhtml|bestof|Game 2 of a best-of-3
|t:|1756314848
|gametype|doubles
|player|p1|akabaki|2|1326
|player|p2|IngeVGC|fisherman-gen4|1344
|gen|9
|tier|[Gen 9] VGC 2025 Reg H (Bo3)
|rated|
|rule|Species Clause: Limit one of each Pokémon
|rule|Item Clause: Limit 1 of each item
|clearpoke
|poke|p1|Gholdengo, L50|
|poke|p1|Hydreigon, L50, F|
|poke|p1|Talonflame, L50, F|
|poke|p1|Sneasler, L50, M|
|poke|p1|Clefable, L50, M|
|poke|p1|Garchomp, L50, M|
|poke|p2|Kingambit, L50, F|
|poke|p2|Rillaboom, L50, M|
|poke|p2|Electabuzz, L50, M|
|poke|p2|Volcarona, L50, F|
|poke|p2|Sneasler, L50, F|
|poke|p2|Dragonite, L50, F|
|teampreview|4
|showteam|p1|Gholdengo||MetalCoat|GoodasGold|MakeItRain,ShadowBall,NastyPlot,Protect||||||50|,,,,,Water]Hydreigon||ChoiceSpecs|Levitate|DracoMeteor,DarkPulse,Snarl,HeatWave|||F|||50|,,,,,Fire]Talonflame||CovertCloak|GaleWings|BraveBird,Tailwind,Taunt,WillOWisp|||F|||50|,,,,,Grass]Sneasler||WhiteHerb|Unburden|DireClaw,CloseCombat,ThroatChop,Protect|||M|||50|,,,,,Dark]Clefable||SitrusBerry|Unaware|Moonblast,Protect,FollowMe,ThunderWave|||M|||50|,,,,,Water]Garchomp||LifeOrb|RoughSkin|DragonClaw,StompingTantrum,Earthquake,Protect|||M|||50|,,,,,Steel
|showteam|p2|Kingambit||BlackGlasses|Defiant|Protect,KowtowCleave,SuckerPunch,SwordsDance|||F|||50|,,,,,Dark]Rillaboom||AssaultVest|GrassySurge|WoodHammer,GrassyGlide,HighHorsepower,FakeOut|||M|||50|,,,,,Fire]Electabuzz||Eviolite|VitalSpirit|Protect,Thunderbolt,HelpingHand,FollowMe|||M|||50|,,,,,Ghost]Volcarona||CovertCloak|FlameBody|Protect,HeatWave,TeraBlast,QuiverDance|||F|||50|,,,,,Fairy]Sneasler||FocusSash|Unburden|CloseCombat,DireClaw,Coaching,FakeOut|||F|||50|,,,,,Stellar]Dragonite||LoadedDice|Multiscale|ScaleShot,Haze,ExtremeSpeed,Protect|||F|||50|,,,,,Fairy
|inactive|Battle timer is ON: inactive players will automatically lose when time's up. (requested by akabaki)
|inactive|akabaki has 60 seconds left.
|inactive|IngeVGC has 60 seconds left.
|inactive|akabaki has 30 seconds left.
|inactive|akabaki has 20 seconds left.
|
|t:|1756314923
|teamsize|p1|4
|teamsize|p2|4
|start
|switch|p1a: Garchomp|Garchomp, L50, M|100/100
|switch|p1b: Talonflame|Talonflame, L50, F|100/100
|switch|p2a: Vanessa|Sneasler, L50, F|100/100
|switch|p2b: Cassie|Dragonite, L50, F|100/100
|turn|1
|
|t:|1756314945
|-terastallize|p1a: Garchomp|Steel
|move|p1b: Talonflame|Will-O-Wisp|p2b: Cassie
|-status|p2b: Cassie|brn
|move|p2a: Vanessa|Coaching|p2b: Cassie
|-boost|p2b: Cassie|atk|1
|-boost|p2b: Cassie|def|1
|move|p1a: Garchomp|Dragon Claw|p2a: Vanessa
|-enditem|p2a: Vanessa|Focus Sash
|-damage|p2a: Vanessa|1/100
|-damage|p1a: Garchomp|91/100|[from] item: Life Orb
|move|p2b: Cassie|Scale Shot|p1b: Talonflame
|-damage|p1b: Talonflame|84/100
|-damage|p1b: Talonflame|68/100
|-damage|p1b: Talonflame|52/100
|-damage|p1b: Talonflame|37/100
|-damage|p1b: Talonflame|20/100
|-hitcount|p1b: Talonflame|5
|-unboost|p2b: Cassie|def|1
|-boost|p2b: Cassie|spe|1
|
|-damage|p2b: Cassie|95/100 brn|[from] brn
|upkeep
|turn|2
|inactive|akabaki has 30 seconds left.
|inactive|akabaki has 20 seconds left.
|inactive|IngeVGC has 30 seconds left.
|
|t:|1756314990
|move|p1a: Garchomp|Protect|p1a: Garchomp
|-singleturn|p1a: Garchomp|Protect
|move|p2b: Cassie|Extreme Speed|p1b: Talonflame
|-damage|p1b: Talonflame|0 fnt
|faint|p1b: Talonflame
|move|p2a: Vanessa|Close Combat|p1a: Garchomp
|-activate|p1a: Garchomp|move: Protect
|
|-damage|p2b: Cassie|89/100 brn|[from] brn
|upkeep
|
|t:|1756315000
|switch|p1b: Clefable|Clefable, L50, M|100/100
|turn|3
|
|t:|1756315014
|move|p2b: Cassie|Extreme Speed|p1b: Clefable
|-damage|p1b: Clefable|86/100
|move|p2a: Vanessa|Dire Claw|p1b: Clefable
|-supereffective|p1b: Clefable
|-damage|p1b: Clefable|14/100
|-status|p1b: Clefable|psn
|-enditem|p1b: Clefable|Sitrus Berry|[eat]
|-heal|p1b: Clefable|39/100 psn|[from] item: Sitrus Berry
|move|p1a: Garchomp|Dragon Claw|p2b: Cassie
|-supereffective|p2b: Cassie
|-damage|p2b: Cassie|0 fnt
|faint|p2b: Cassie
|-damage|p1a: Garchomp|81/100|[from] item: Life Orb
|move|p1b: Clefable|Moonblast|p2a: Vanessa
|-damage|p2a: Vanessa|0 fnt
|faint|p2a: Vanessa
|
|-damage|p1b: Clefable|26/100 psn|[from] psn
|upkeep
|
|t:|1756315026
|switch|p2a: Nobunaga|Kingambit, L50, F, shiny|100/100
|switch|p2b: Kerchak|Rillaboom, L50, M|100/100
|-fieldstart|move: Grassy Terrain|[from] ability: Grassy Surge|[of] p2b: Kerchak
|turn|4
|inactive|akabaki has 30 seconds left.
|
|t:|1756315058
|-terastallize|p2a: Nobunaga|Dark
|move|p1a: Garchomp|Protect|p1a: Garchomp
|-singleturn|p1a: Garchomp|Protect
|move|p2b: Kerchak|High Horsepower|p1a: Garchomp
|-activate|p1a: Garchomp|move: Protect
|move|p1b: Clefable|Moonblast|p2b: Kerchak
|-damage|p2b: Kerchak|79/100
|move|p2a: Nobunaga|Swords Dance|p2a: Nobunaga
|-boost|p2a: Nobunaga|atk|2
|
|-heal|p1a: Garchomp|87/100|[from] Grassy Terrain
|-heal|p2b: Kerchak|85/100|[from] Grassy Terrain
|-heal|p1b: Clefable|32/100 psn|[from] Grassy Terrain
|-damage|p1b: Clefable|20/100 psn|[from] psn
|upkeep
|turn|5
|inactive|akabaki has 30 seconds left.
|
|t:|1756315092
|move|p1b: Clefable|Protect|p1b: Clefable
|-singleturn|p1b: Clefable|Protect
|move|p2b: Kerchak|Grassy Glide|p1b: Clefable
|-activate|p1b: Clefable|move: Protect
|move|p2a: Nobunaga|Sucker Punch|p1a: Garchomp
|-damage|p1a: Garchomp|0 fnt
|-damage|p2a: Nobunaga|88/100|[from] ability: Rough Skin|[of] p1a: Garchomp
|faint|p1a: Garchomp
|
|-heal|p2b: Kerchak|90/100|[from] Grassy Terrain
|-heal|p1b: Clefable|26/100 psn|[from] Grassy Terrain
|-heal|p2a: Nobunaga|94/100|[from] Grassy Terrain
|-damage|p1b: Clefable|13/100 psn|[from] psn
|upkeep
|
|t:|1756315105
|switch|p1a: Sneasler|Sneasler, L50, M|100/100
|turn|6
|
|t:|1756315124
|move|p1b: Clefable|Protect|p1b: Clefable
|-singleturn|p1b: Clefable|Protect
|move|p2b: Kerchak|Grassy Glide|p1b: Clefable
|-activate|p1b: Clefable|move: Protect
|move|p2a: Nobunaga|Sucker Punch|p1a: Sneasler
|-resisted|p1a: Sneasler
|-damage|p1a: Sneasler|0 fnt
|faint|p1a: Sneasler
|
|-heal|p2b: Kerchak|96/100|[from] Grassy Terrain
|-heal|p1b: Clefable|19/100 psn|[from] Grassy Terrain
|-heal|p2a: Nobunaga|99/100|[from] Grassy Terrain
|-damage|p1b: Clefable|7/100 psn|[from] psn
|upkeep
|turn|7
|-message|akabaki forfeited.
|
|win|IngeVGC
|l|☆akabaki
|player|p1|
||akabaki is ready for game 3.
||IngeVGC is ready for game 3.
|uhtml|next|Next: Game 3 of 3
|j|☆akabaki
|player|p1|akabaki|2|
|l|☆akabaki
|player|p1|
