|j|☆Zetababy3
|j|☆sum1dum
|html|Zetababy3sum1dum    
|uhtml|bestof|Game 1 of a best-of-3
|t:|1783978142
|gametype|doubles
|player|p1|Zetababy3|265|1072
|player|p2|sum1dum|rosa|1154
|gen|9
|tier|[Gen 9 Champions] VGC 2026 Reg M-B (Bo3)
|rated|
|rule|Species Clause: Limit one of each Pokémon
|rule|Item Clause: Limit 1 of each item
|clearpoke
|poke|p1|Charizard, L50, M|
|poke|p1|Whimsicott, L50, M|
|poke|p1|Sneasler, L50, F|
|poke|p1|Garchomp, L50, M|
|poke|p1|Kingambit, L50, M|
|poke|p1|Dragapult, L50, F|
|poke|p2|Gliscor, L50, M|
|poke|p2|Primarina, L50, M|
|poke|p2|Metagross, L50|
|poke|p2|Ninetales-Alola, L50, F|
|poke|p2|Incineroar, L50, M|
|poke|p2|Sinistcha, L50|
|teampreview|4
|showteam|p1|Charizard||CharizarditeY|SolarPower|Protect,HeatWave,WeatherBall,SolarBeam|Timid||M|||50|]Whimsicott||FocusSash|Prankster|FakeTears,Moonblast,Tailwind,Encore|Timid||M|||50|]Sneasler||WhiteHerb|Unburden|DireClaw,FakeOut,CloseCombat,Taunt|Adamant||F|||50|]Garchomp||ChoiceScarf|RoughSkin|Earthquake,DragonClaw,RockSlide,StompingTantrum|Adamant||M|||50|]Kingambit||BlackGlasses|SupremeOverlord|KowtowCleave,SuckerPunch,LowKick,IronHead|Jolly||M|||50|]Dragapult||LifeOrb|ClearBody|PhantomForce,DragonDarts,DragonDance,Protect|Adamant||F|||50|
|showteam|p2|Gliscor||LifeOrb|HyperCutter|DualWingbeat,HighHorsepower,Protect,RockSlide|Jolly||M|||50|]Primarina||Leftovers|LiquidVoice|CalmMind,HyperVoice,Moonblast,Protect|Modest||M|||50|]Metagross||Metagrossite|ClearBody|BulletPunch,IronHead,Protect,PsychicFangs|Jolly|||||50|]Ninetales-Alola||LightClay|SnowWarning|AuroraVeil,FreezeDry,Moonblast,Protect|Timid||F|||50|]Incineroar||ChopleBerry|Intimidate|FakeOut,FlareBlitz,DarkestLariat,PartingShot|Impish||M|||50|]Sinistcha||SitrusBerry|Hospitality|MatchaGotcha,Protect,LifeDew,RagePowder|Bold|||||50|
|inactive|Battle timer is ON: inactive players will automatically lose when time's up. (requested by sum1dum)
|inactive|sum1dum has 60 seconds left.
|
|t:|1783978198
|teamsize|p1|4
|teamsize|p2|4
|start
|switch|p1a: Sneasler|Sneasler, L50, F|100/100
|switch|p1b: Charizard|Charizard, L50, M|100/100
|switch|p2a: Bravery|Gliscor, L50, M|100/100
|switch|p2b: Patience|Primarina, L50, M|100/100
|turn|1
|l|☆Zetababy3
|inactive|Zetababy3 disconnected and has a minute to reconnect!
|player|p1|
|inactive|Zetababy3 has 30 seconds left.
|inactive|Zetababy3 has 20 seconds left.
|j|☆Zetababy3
|inactive|Zetababy3 reconnected and has 20 seconds left.
|player|p1|Zetababy3|265|
|inactive|Zetababy3 has 15 seconds left.
|inactive|sum1dum has 30 seconds left.
|inactive|Zetababy3 has 10 seconds left.
|inactive|Zetababy3 has 5 seconds left.
|
|t:|1783978250
|switch|p1b: Whimsicott|Whimsicott, L50, M|100/100
|switch|p2b: Justice|Incineroar, L50, M|100/100
|-ability|p2b: Justice|Intimidate|boost
|-unboost|p1a: Sneasler|atk|1
|-unboost|p1b: Whimsicott|atk|1
|-enditem|p1a: Sneasler|White Herb
|-clearnegativeboost|p1a: Sneasler|[silent]
|move|p2a: Bravery|Protect|p2a: Bravery
|-singleturn|p2a: Bravery|Protect
|move|p1a: Sneasler|Dire Claw|p2b: Justice
|-damage|p2b: Justice|65/100
|
|upkeep
|turn|2
|
|t:|1783978273
|move|p2b: Justice|Fake Out|p1b: Whimsicott
|-damage|p1b: Whimsicott|86/100
|cant|p1b: Whimsicott|flinch
|move|p1a: Sneasler|Close Combat|p2b: Justice
|-supereffective|p2b: Justice|1
|-enditem|p2b: Justice|Chople Berry|[eat]
|-enditem|p2b: Justice|Chople Berry|[weaken]
|-damage|p2b: Justice|17/100
|-unboost|p1a: Sneasler|def|1
|-unboost|p1a: Sneasler|spd|1
|move|p2a: Bravery|Dual Wingbeat|p1a: Sneasler
|-supereffective|p1a: Sneasler|1
|-damage|p1a: Sneasler|2/100
|-supereffective|p1a: Sneasler|1
|-damage|p1a: Sneasler|0 fnt
|faint|p1a: Sneasler
|-hitcount|p1: Sneasler|2
|-damage|p2a: Bravery|90/100|[from] item: Life Orb
|
|upkeep
|
|t:|1783978292
|switch|p1a: Charizard|Charizard, L50, M|100/100
|turn|3
|inactive|sum1dum has 30 seconds left.
|
|t:|1783978320
|detailschange|p1a: Charizard|Charizard-Mega-Y, L50, M
|-mega|p1a: Charizard|Charizard|Charizardite Y
|-weather|SunnyDay|[from] ability: Drought|[of] p1a: Charizard
|move|p2a: Bravery|Protect|p2a: Bravery
|-singleturn|p2a: Bravery|Protect
|move|p1b: Whimsicott|Fake Tears|p2a: Bravery
|-activate|p2a: Bravery|move: Protect
|move|p1a: Charizard|Heat Wave|p2a: Bravery|[spread] p2b
|-activate|p2a: Bravery|move: Protect
|-resisted|p2b: Justice|1
|-damage|p2b: Justice|0 fnt
|faint|p2b: Justice
|
|-weather|SunnyDay|[upkeep]
|upkeep
|
|t:|1783978326
|switch|p2b: Patience|Primarina, L50, M|100/100
|turn|4
|
|t:|1783978348
|switch|p2a: Integrity|Ninetales-Alola, L50, F|100/100
|-weather|Snowscape|[from] ability: Snow Warning|[of] p2a: Integrity
|move|p1b: Whimsicott|Encore||[still]
|-fail|p1b: Whimsicott
|move|p1a: Charizard|Solar Beam||[still]
|-prepare|p1a: Charizard|Solar Beam
|move|p2b: Patience|Hyper Voice|p1b: Whimsicott|[spread] p1a,p1b
|-supereffective|p1a: Charizard|1
|-resisted|p1b: Whimsicott|1
|-crit|p1b: Whimsicott
|-damage|p1a: Charizard|36/100
|-damage|p1b: Whimsicott|50/100g
|
|-weather|Snowscape|[upkeep]
|upkeep
|turn|5
|
|t:|1783978363
|move|p2b: Patience|Protect|p2b: Patience
|-singleturn|p2b: Patience|Protect
|move|p1b: Whimsicott|Tailwind|p1b: Whimsicott
|-sidestart|p1: Zetababy3|move: Tailwind
|move|p1a: Charizard|Solar Beam|p2b: Patience|[from] lockedmove
|-activate|p2b: Patience|move: Protect
|move|p2a: Integrity|Freeze-Dry|p1b: Whimsicott
|-supereffective|p1b: Whimsicott|1
|-damage|p1b: Whimsicott|0 fnt
|faint|p1b: Whimsicott
|
|-weather|Snowscape|[upkeep]
|upkeep
|
|t:|1783978377
|switch|p1b: Kingambit|Kingambit, L50, M|100/100
|-activate|p1b: Kingambit|ability: Supreme Overlord
|-start|p1b: Kingambit|fallen2|[silent]
|turn|6
|
|t:|1783978389
|move|p2a: Integrity|Protect|p2a: Integrity
|-singleturn|p2a: Integrity|Protect
|move|p1b: Kingambit|Sucker Punch|p2b: Patience
|-resisted|p2b: Patience|1
|-damage|p2b: Patience|72/100
|move|p1a: Charizard|Heat Wave|p2b: Patience|[spread] p2b
|-activate|p2a: Integrity|move: Protect
|-resisted|p2b: Patience|1
|-damage|p2b: Patience|56/100
|move|p2b: Patience|Hyper Voice|p1b: Kingambit|[spread] p1a,p1b
|-supereffective|p1a: Charizard|1
|-damage|p1a: Charizard|0 fnt
|-damage|p1b: Kingambit|58/100
|faint|p1a: Charizard
|
|-weather|Snowscape|[upkeep]
|-heal|p2b: Patience|62/100|[from] item: Leftovers
|upkeep
|turn|7
|
|t:|1783978407
|move|p1b: Kingambit|Iron Head|p2b: Patience
|-damage|p2b: Patience|7/100
|move|p2a: Integrity|Aurora Veil|p2a: Integrity
|-sidestart|p2: sum1dum|move: Aurora Veil
|move|p2b: Patience|Hyper Voice|p1b: Kingambit
|-damage|p1b: Kingambit|10/100
|
|-weather|Snowscape|[upkeep]
|-heal|p2b: Patience|13/100|[from] item: Leftovers
|upkeep
|turn|8
|
|t:|1783978419
|move|p1b: Kingambit|Iron Head|p2a: Integrity
|-supereffective|p2a: Integrity|2
|-damage|p2a: Integrity|0 fnt
|faint|p2a: Integrity
|move|p2b: Patience|Moonblast|p1b: Kingambit
|-damage|p1b: Kingambit|0 fnt
|faint|p1b: Kingambit
|-end|p1b: Kingambit|fallen2|[silent]
|
|win|sum1dum
