|j|☆Seetrell
|j|☆joekarsw
|html|Seetrelljoekarsw    
|uhtml|bestof|Game 3 of a best-of-3
|t:|1785089877
|gametype|doubles
|player|p1|Seetrell|102|
|player|p2|joekarsw|2|
|gen|9
|tier|[Gen 9 Champions] VGC 2026 Reg M-B (Bo3)
|rule|Species Clause: Limit one of each Pokémon
|rule|Item Clause: Limit 1 of each item
|clearpoke
|poke|p1|Milotic, L50, M|
|poke|p1|Lopunny, L50, M, shiny|
|poke|p1|Sylveon, L50, F|
|poke|p1|Goodra-Hisui, L50, F|
|poke|p1|Camerupt, L50, F|
|poke|p1|Heracross, L50, F|
|poke|p2|Noivern, L50, M|
|poke|p2|Gardevoir, L50, M|
|poke|p2|Kingambit, L50, F|
|poke|p2|Ariados, L50, M|
|poke|p2|Torterra, L50, M|
|poke|p2|Basculegion-F, L50, F|
|teampreview|4
|showteam|p1|Milotic||Leftovers|Competitive|IceBeam,DrainingKiss,Recover,AquaTail|Quiet||M|||50|]Lopunny||Lopunnite|Limber|AfterYou,FakeOut,CloseCombat,Uturn|Adamant||M|||50|]Sylveon||SitrusBerry|Pixilate|DrainingKiss,HyperVoice,Reflect,CalmMind|Modest||F|||50|]Goodra-Hisui||BrightPowder|ShellArmor|Protect,FlashCannon,Shelter,IceBeam|Lax||F|||50|]Camerupt||Cameruptite|SolidRock|AncientPower,EarthPower,HeatWave,Protect|Rash||F|||50|]Heracross||FocusSash|Moxie|CloseCombat,Megahorn,PinMissile,IronDefense|Adamant||F|||50|
|showteam|p2|Noivern||FocusSash|Frisk|Taunt,Tailwind,Protect,Uturn|Jolly||M|||50|]Gardevoir||Gardevoirite|Synchronize|HyperVoice,TrickRoom,CalmMind,MysticalFire|Timid||M|||50|]Kingambit||RoseliBerry|Defiant|SuckerPunch,IronHead,SwordsDance,KowtowCleave|Adamant||F|||50|]Ariados||Leftovers|Insomnia|PoisonJab,Protect,RagePowder,ToxicThread|Serious||M|||50|]Torterra||ChoiceScarf|ShellArmor|SeedBomb,HeadlongRush,HeavySlam,RockSlide|Jolly||M|||50|]Basculegion-F||MysticWater|Adaptability|HydroPump,Hex,Protect,IceBeam|Modest||F|||50|
|j| Usurper17
|c| Usurper17|GAME 3 WOOOOOOOO
|c| Usurper17|GO GAMERS!!!!
|
|t:|1785089930
|teamsize|p1|4
|teamsize|p2|4
|start
|switch|p1a: Sylveon|Sylveon, L50, F|100/100
|switch|p1b: Goodra|Goodra-Hisui, L50, F|100/100
|switch|p2a: Gardevoir|Gardevoir, L50, M|100/100
|switch|p2b: Ariados|Ariados, L50, M|100/100
|turn|1
|
|t:|1785089943
|detailschange|p2a: Gardevoir|Gardevoir-Mega, L50, M
|-mega|p2a: Gardevoir|Gardevoir|Gardevoirite
|move|p2b: Ariados|Rage Powder|p2b: Ariados
|-singleturn|p2b: Ariados|move: Rage Powder
|move|p2a: Gardevoir|Calm Mind|p2a: Gardevoir
|-boost|p2a: Gardevoir|spa|1
|-boost|p2a: Gardevoir|spd|1
|move|p1b: Goodra|Ice Beam|p2b: Ariados
|-damage|p2b: Ariados|72/100
|move|p1a: Sylveon|Reflect|p1a: Sylveon
|-sidestart|p1: Seetrell|Reflect
|
|-heal|p2b: Ariados|79/100|[from] item: Leftovers
|upkeep
|turn|2
|
|t:|1785089962
|move|p2b: Ariados|Rage Powder|p2b: Ariados
|-singleturn|p2b: Ariados|move: Rage Powder
|move|p2a: Gardevoir|Calm Mind|p2a: Gardevoir
|-boost|p2a: Gardevoir|spa|1
|-boost|p2a: Gardevoir|spd|1
|move|p1b: Goodra|Flash Cannon|p2b: Ariados
|-damage|p2b: Ariados|45/100
|move|p1a: Sylveon|Hyper Voice|p2b: Ariados|[spread] p2a,p2b
|-resisted|p2b: Ariados|1
|-damage|p2a: Gardevoir|80/100
|-damage|p2b: Ariados|22/100
|
|-heal|p2b: Ariados|28/100|[from] item: Leftovers
|upkeep
|turn|3
|
|t:|1785089983
|move|p2a: Gardevoir|Hyper Voice|p1b: Goodra|[spread] p1a,p1b
|-damage|p1a: Sylveon|27/100
|-damage|p1b: Goodra|24/100
|-enditem|p1a: Sylveon|Sitrus Berry|[eat]
|-heal|p1a: Sylveon|52/100|[from] item: Sitrus Berry
|move|p1b: Goodra|Flash Cannon|p2a: Gardevoir
|-supereffective|p2a: Gardevoir|1
|-damage|p2a: Gardevoir|49/100
|move|p1a: Sylveon|Hyper Voice|p2a: Gardevoir|[spread] p2a,p2b
|-resisted|p2b: Ariados|1
|-damage|p2a: Gardevoir|26/100
|-damage|p2b: Ariados|2/100
|move|p2b: Ariados|Poison Jab|p1a: Sylveon
|-supereffective|p1a: Sylveon|1
|-damage|p1a: Sylveon|0 fnt
|faint|p1a: Sylveon
|
|-heal|p2b: Ariados|9/100|[from] item: Leftovers
|upkeep
|
|t:|1785089998
|switch|p1a: Camerupt|Camerupt, L50, F|100/100
|turn|4
|
|t:|1785090033
|detailschange|p1a: Camerupt|Camerupt-Mega, L50, F
|-mega|p1a: Camerupt|Camerupt|Cameruptite
|move|p1b: Goodra|Protect|p1b: Goodra
|-singleturn|p1b: Goodra|Protect
|move|p2b: Ariados|Protect|p2b: Ariados
|-singleturn|p2b: Ariados|Protect
|move|p2a: Gardevoir|Hyper Voice|p1a: Camerupt|[spread] p1a
|-activate|p1b: Goodra|move: Protect
|-resisted|p1a: Camerupt|1
|-damage|p1a: Camerupt|50/100g
|move|p1a: Camerupt|Heat Wave|p2a: Gardevoir|[spread] p2a
|-activate|p2b: Ariados|move: Protect
|-damage|p2a: Gardevoir|0 fnt
|faint|p2a: Gardevoir
|
|-heal|p2b: Ariados|15/100|[from] item: Leftovers
|upkeep
|
|t:|1785090050
|switch|p2a: Torterra|Torterra, L50, M|100/100
|turn|5
|
|t:|1785090064
|move|p2b: Ariados|Rage Powder|p2b: Ariados
|-singleturn|p2b: Ariados|move: Rage Powder
|move|p2a: Torterra|Rock Slide|p1b: Goodra|[spread] p1a
|-miss|p2a: Torterra|p1b: Goodra
|-damage|p1a: Camerupt|39/100
|move|p1b: Goodra|Ice Beam|p2b: Ariados
|-damage|p2b: Ariados|0 fnt
|faint|p2b: Ariados
|cant|p1a: Camerupt|flinch
|
|-sideend|p1: Seetrell|Reflect
|upkeep
|
|t:|1785090074
|switch|p2b: Kingambit|Kingambit, L50, F|100/100
|turn|6
|
|t:|1785090082
|move|p2b: Kingambit|Sucker Punch|p1a: Camerupt
|-damage|p1a: Camerupt|0 fnt
|faint|p1a: Camerupt
|move|p2a: Torterra|Rock Slide|p1b: Goodra
|-resisted|p1b: Goodra|1
|-damage|p1b: Goodra|15/100
|move|p1b: Goodra|Flash Cannon|p2a: Torterra
|-damage|p2a: Torterra|64/100
|
|upkeep
|
|t:|1785090090
|switch|p1a: Lopunny|Lopunny, L50, M, shiny|100/100
|turn|7
|
|t:|1785090097
|move|p2b: Kingambit|Sucker Punch|p1a: Lopunny
|-crit|p1a: Lopunny
|-damage|p1a: Lopunny|9/100
|move|p1a: Lopunny|Close Combat|p2b: Kingambit
|-supereffective|p2b: Kingambit|2
|-damage|p2b: Kingambit|0 fnt
|-unboost|p1a: Lopunny|def|1
|-unboost|p1a: Lopunny|spd|1
|faint|p2b: Kingambit
|move|p2a: Torterra|Rock Slide|p1b: Goodra|[spread] p1a,p1b
|-resisted|p1b: Goodra|1
|-damage|p1a: Lopunny|0 fnt
|-damage|p1b: Goodra|9/100
|faint|p1a: Lopunny
|move|p1b: Goodra|Ice Beam|p2a: Torterra
|-supereffective|p2a: Torterra|2
|-damage|p2a: Torterra|0 fnt
|faint|p2a: Torterra
|
|win|Seetrell
