|j|☆ZekromAllDay
|j|☆losandy
|html|ZekromAllDaylosandy    
|uhtml|bestof|Game 3 of a best-of-3
|t:|1756414894
|gametype|doubles
|player|p1|ZekromAllDay|101|1240
|player|p2|losandy|101|1178
|gen|9
|tier|[Gen 9] VGC 2025 Reg H (Bo3)
|rated|
|rule|Species Clause: Limit one of each Pokémon
|rule|Item Clause: Limit 1 of each item
|clearpoke
|poke|p1|Basculegion, L50, M|
|poke|p1|Pelipper, L50, F|
|poke|p1|Archaludon, L50, M|
|poke|p1|Dragonite, L50, M|
|poke|p1|Indeedee, L50, M|
|poke|p1|Sneasler, L50, F|
|poke|p2|Pelipper, L50, F|
|poke|p2|Gothitelle, L50, M|
|poke|p2|Archaludon, L50, F|
|poke|p2|Amoonguss, L50, F|
|poke|p2|Rillaboom, L50, M|
|poke|p2|Kingdra, L50, F|
|teampreview|4
|showteam|p1|Basculegion||ChoiceBand|SwiftSwim|WaveCrash,LastRespects,AquaJet,FlipTurn|||M|||50|,,,,,Grass]Pelipper||CovertCloak|Drizzle|WeatherBall,Hurricane,Tailwind,MuddyWater|||F|||50|,,,,,Stellar]Archaludon||AssaultVest|Stamina|ElectroShot,DracoMeteor,BodyPress,FlashCannon|||M|||50|,,,,,Bug]Dragonite||LoadedDice|InnerFocus|ScaleShot,Tailwind,Haze,Protect|||M|||50|,,,,,Fairy]Indeedee||FocusSash|PsychicSurge|ExpandingForce,TrickRoom,TeraBlast,Protect|||M|||50|,,,,,Psychic]Sneasler||PsychicSeed|Unburden|CloseCombat,ThroatChop,DireClaw,Protect|||F|||50|,,,,,Dark
|showteam|p2|Pelipper||CovertCloak|Drizzle|Hurricane,MuddyWater,Tailwind,WideGuard|||F|||50|,,,,,Grass]Gothitelle||SafetyGoggles|ShadowTag|Psychic,TrickRoom,FakeOut,Protect|||M|||50|,,,,,Dark]Archaludon||AssaultVest|Stamina|ElectroShot,BodyPress,DracoMeteor,FlashCannon|||F|||50|,,,,,Bug]Amoonguss||RockyHelmet|Regenerator|Spore,RagePowder,PollenPuff,Protect|||F|||50|,,,,,Water]Rillaboom||LoadedDice|GrassySurge|FakeOut,Uturn,BulletSeed,HighHorsepower|||M|||50|,,,,,Ground]Kingdra||LifeOrb|SwiftSwim|DracoMeteor,WeatherBall,MuddyWater,Protect|||F|||50|,,,,,Stellar
|
|t:|1756414929
|teamsize|p1|4
|teamsize|p2|4
|start
|switch|p1a: Indeedee|Indeedee, L50, M|100/100
|switch|p1b: Sneasler|Sneasler, L50, F|100/100
|switch|p2a: Gothitelle|Gothitelle, L50, M|100/100
|switch|p2b: Rillaboom|Rillaboom, L50, M|100/100
|-fieldstart|move: Psychic Terrain|[from] ability: Psychic Surge|[of] p1a: Indeedee
|-enditem|p1b: Sneasler|Psychic Seed
|-boost|p1b: Sneasler|spd|1|[from] item: Psychic Seed
|-fieldstart|move: Grassy Terrain|[from] ability: Grassy Surge|[of] p2b: Rillaboom
|turn|1
|
|t:|1756414961
|move|p2b: Rillaboom|Fake Out|p1b: Sneasler
|-damage|p1b: Sneasler|75/100
|cant|p1b: Sneasler|flinch
|move|p1a: Indeedee|Trick Room|p1a: Indeedee
|-fieldstart|move: Trick Room|[of] p1a: Indeedee
|move|p2a: Gothitelle|Trick Room|p2a: Gothitelle
|-fieldend|move: Trick Room
|
|-heal|p1b: Sneasler|80/100|[from] Grassy Terrain
|upkeep
|turn|2
|
|t:|1756414986
|move|p1b: Sneasler|Dire Claw|p2b: Rillaboom
|-supereffective|p2b: Rillaboom
|-damage|p2b: Rillaboom|12/100
|move|p1a: Indeedee|Expanding Force|p2b: Rillaboom
|-damage|p2b: Rillaboom|0 fnt
|faint|p2b: Rillaboom
|move|p2a: Gothitelle|Trick Room|p2a: Gothitelle
|-fieldstart|move: Trick Room|[of] p2a: Gothitelle
|
|-heal|p1b: Sneasler|86/100|[from] Grassy Terrain
|upkeep
|
|t:|1756414995
|switch|p2b: Amoonguss|Amoonguss, L50, F|100/100
|turn|3
|
|t:|1756415015
|switch|p2a: Archaludon|Archaludon, L50, F|100/100
|move|p1a: Indeedee|Protect|p1a: Indeedee
|-singleturn|p1a: Indeedee|Protect
|move|p1b: Sneasler|Protect|p1b: Sneasler
|-singleturn|p1b: Sneasler|Protect
|move|p2b: Amoonguss|Spore|p1a: Indeedee
|-activate|p1a: Indeedee|move: Protect
|
|-heal|p1b: Sneasler|92/100|[from] Grassy Terrain
|upkeep
|turn|4
|
|t:|1756415041
|-terastallize|p2a: Archaludon|Bug
|move|p2b: Amoonguss|Spore|p1a: Indeedee
|-status|p1a: Indeedee|slp|[from] move: Spore
|move|p2a: Archaludon|Flash Cannon|p1b: Sneasler
|-damage|p1b: Sneasler|57/100
|cant|p1a: Indeedee|slp
|move|p1b: Sneasler|Close Combat|p2a: Archaludon
|-resisted|p2a: Archaludon
|-damage|p2a: Archaludon|77/100
|-unboost|p1b: Sneasler|def|1
|-unboost|p1b: Sneasler|spd|1
|-ability|p2a: Archaludon|Stamina|boost
|-boost|p2a: Archaludon|def|1
|
|-heal|p2a: Archaludon|83/100|[from] Grassy Terrain
|-heal|p1b: Sneasler|62/100|[from] Grassy Terrain
|upkeep
|turn|5
|
|t:|1756415076
|move|p1b: Sneasler|Protect|p1b: Sneasler
|-singleturn|p1b: Sneasler|Protect
|move|p2b: Amoonguss|Spore|p1b: Sneasler
|-activate|p1b: Sneasler|move: Protect
|move|p2a: Archaludon|Body Press|p1a: Indeedee
|-damage|p1a: Indeedee|26/100 slp
|cant|p1a: Indeedee|slp
|
|-heal|p2a: Archaludon|89/100|[from] Grassy Terrain
|-heal|p1a: Indeedee|32/100 slp|[from] Grassy Terrain
|-heal|p1b: Sneasler|68/100|[from] Grassy Terrain
|-fieldend|move: Grassy Terrain
|upkeep
|turn|6
|
|t:|1756415096
|switch|p1b: Archaludon|Archaludon, L50, M|100/100
|move|p2b: Amoonguss|Spore|p1b: Archaludon
|-status|p1b: Archaludon|slp|[from] move: Spore
|move|p2a: Archaludon|Body Press|p1a: Indeedee
|-damage|p1a: Indeedee|0 fnt
|faint|p1a: Indeedee
|
|-fieldend|move: Trick Room
|upkeep
|
|t:|1756415102
|switch|p1a: Sneasler|Sneasler, L50, F|68/100
|turn|7
|
|t:|1756415120
|switch|p2a: Gothitelle|Gothitelle, L50, M|100/100
|move|p1a: Sneasler|Dire Claw|p2b: Amoonguss
|-damage|p2b: Amoonguss|68/100
|-status|p2b: Amoonguss|par
|-damage|p1a: Sneasler|52/100|[from] item: Rocky Helmet|[of] p2b: Amoonguss
|cant|p1b: Archaludon|slp
|cant|p2b: Amoonguss|par
|
|upkeep
|turn|8
|
|t:|1756415140
|move|p1a: Sneasler|Dire Claw|p2a: Gothitelle
|-damage|p2a: Gothitelle|53/100
|-status|p2a: Gothitelle|psn
|cant|p1b: Archaludon|slp
|move|p2b: Amoonguss|Spore|p1a: Sneasler
|-status|p1a: Sneasler|slp|[from] move: Spore
|move|p2a: Gothitelle|Trick Room|p2a: Gothitelle
|-fieldstart|move: Trick Room|[of] p2a: Gothitelle
|
|-damage|p2a: Gothitelle|41/100 psn|[from] psn
|upkeep
|turn|9
|
|t:|1756415171
|cant|p1a: Sneasler|slp
|move|p2b: Amoonguss|Pollen Puff|p2a: Gothitelle
|-heal|p2a: Gothitelle|90/100 psn
|move|p2a: Gothitelle|Psychic|p1a: Sneasler
|-supereffective|p1a: Sneasler
|-damage|p1a: Sneasler|0 fnt
|faint|p1a: Sneasler
|cant|p1b: Archaludon|slp
|
|-damage|p2a: Gothitelle|78/100 psn|[from] psn
|upkeep
|
|t:|1756415237
|switch|p1a: Basculegion|Basculegion, L50, M|100/100
|turn|10
|
|t:|1756415254
|switch|p2a: Archaludon|Archaludon, L50, F, tera:Bug|89/100
|-terastallize|p1a: Basculegion|Grass
|move|p2b: Amoonguss|Spore|p1a: Basculegion
|-immune|p1a: Basculegion
|-curestatus|p1b: Archaludon|slp|[msg]
|move|p1b: Archaludon|Body Press|p2a: Archaludon
|-resisted|p2a: Archaludon
|-damage|p2a: Archaludon|79/100
|-ability|p2a: Archaludon|Stamina|boost
|-boost|p2a: Archaludon|def|1
|move|p1a: Basculegion|Last Respects|p2a: Archaludon
|-damage|p2a: Archaludon|19/100
|-ability|p2a: Archaludon|Stamina|boost
|-boost|p2a: Archaludon|def|1
|
|upkeep
|turn|11
|
|t:|1756415321
|move|p2b: Amoonguss|Pollen Puff|p2a: Archaludon
|-heal|p2a: Archaludon|69/100
|move|p2a: Archaludon|Draco Meteor|p1a: Basculegion
|-damage|p1a: Basculegion|22/100
|-unboost|p2a: Archaludon|spa|2
|move|p1b: Archaludon|Draco Meteor|p2a: Archaludon|[miss]
|-miss|p1b: Archaludon|p2a: Archaludon
|move|p1a: Basculegion|Last Respects|p2a: Archaludon
|-damage|p2a: Archaludon|28/100
|-ability|p2a: Archaludon|Stamina|boost
|-boost|p2a: Archaludon|def|1
|
|upkeep
|turn|12
|
|t:|1756415360
|move|p2b: Amoonguss|Spore|p1b: Archaludon
|-status|p1b: Archaludon|slp|[from] move: Spore
|move|p2a: Archaludon|Body Press|p1a: Basculegion
|-damage|p1a: Basculegion|0 fnt
|faint|p1a: Basculegion
|cant|p1b: Archaludon|slp
|
|-fieldend|move: Trick Room
|upkeep
|turn|13
|inactive|Battle timer is ON: inactive players will automatically lose when time's up. (requested by losandy)
|inactive|ZekromAllDay has 60 seconds left.
|inactive|ZekromAllDay has 30 seconds left.
|inactive|ZekromAllDay has 20 seconds left.
|inactive|ZekromAllDay has 15 seconds left.
|inactive|ZekromAllDay has 10 seconds left.
|inactive|ZekromAllDay has 5 seconds left.
|
|t:|1756415516
|cant|p1b: Archaludon|slp
|move|p2a: Archaludon|Body Press|p1b: Archaludon
|-supereffective|p1b: Archaludon
|-damage|p1b: Archaludon|22/100 slp
|-ability|p1b: Archaludon|Stamina|boost
|-boost|p1b: Archaludon|def|1
|cant|p2b: Amoonguss|par
|
|upkeep
|turn|14
|inactive|ZekromAllDay has 30 seconds left.
|inactive|ZekromAllDay has 20 seconds left.
|inactive|ZekromAllDay has 15 seconds left.
|inactive|ZekromAllDay has 10 seconds left.
|inactive|ZekromAllDay has 5 seconds left.
|
|t:|1756415571
|cant|p1b: Archaludon|slp
|move|p2a: Archaludon|Body Press|p1b: Archaludon
|-supereffective|p1b: Archaludon
|-damage|p1b: Archaludon|0 fnt
|faint|p1b: Archaludon
|
|win|losandy
|raw|ZekromAllDay's rating: 1240 → 1211(-29 for losing)
|raw|losandy's rating: 1178 → 1207(+29 for winning)
|l|☆losandy
|player|p2|
|j|☆losandy
|player|p2|losandy|101|
