|j|☆SrStarVGC
|j|☆spodermees
|html|SrStarVGCspodermees    
|uhtml|bestof|Game 3 of a best-of-3
|t:|1784136743
|gametype|doubles
|player|p1|SrStarVGC|drayden|1069
|player|p2|spodermees|sailor|1158
|gen|9
|tier|[Gen 9 Champions] VGC 2026 Reg M-B (Bo3)
|rated|
|rule|Species Clause: Limit one of each Pokémon
|rule|Item Clause: Limit 1 of each item
|clearpoke
|poke|p1|Delphox, L50, M|
|poke|p1|Sneasler, L50, M|
|poke|p1|Incineroar, L50, M|
|poke|p1|Sinistcha, L50|
|poke|p1|Maushold-Four, L50|
|poke|p1|Blastoise, L50, F|
|poke|p2|Floette-Eternal, L50, F|
|poke|p2|Sneasler, L50, F|
|poke|p2|Incineroar, L50, F|
|poke|p2|Sinistcha, L50|
|poke|p2|Delphox, L50, M|
|poke|p2|Garchomp, L50, M|
|teampreview|4
|showteam|p1|Delphox||Delphoxite|Blaze|HeatWave,Psyshock,NastyPlot,Protect|Timid||M|||50|]Sneasler||FocusSash|PoisonTouch|CloseCombat,PoisonJab,FakeOut,QuickGuard|Jolly||M|||50|]Incineroar||SitrusBerry|Intimidate|FlareBlitz,ThroatChop,FakeOut,PartingShot|Impish||M|||50|]Sinistcha||OccaBerry|Hospitality|MatchaGotcha,RagePowder,LifeDew,Protect|Bold|||||50|]Maushold-Four||ChopleBerry|FriendGuard|FollowMe,Feint,HelpingHand,Protect|Impish|||||50|]Blastoise||Blastoisinite|RainDish|WaterSpout,DarkPulse,ShellSmash,Protect|Modest||F|||50|
|showteam|p2|Floette-Eternal||Floettite|FlowerVeil|DazzlingGleam,DrainingKiss,Protect,CalmMind|Timid||F|||50|]Sneasler||FocusSash|PoisonTouch|FakeOut,PoisonJab,CloseCombat,Protect|Jolly||F|||50|]Incineroar||SitrusBerry|Intimidate|FakeOut,FlareBlitz,PartingShot,DarkestLariat|Careful||F|||50|]Sinistcha||Leftovers|Hospitality|MatchaGotcha,Protect,TrickRoom,RagePowder|Bold|||||50|]Delphox||Delphoxite|Blaze|HeatWave,Psyshock,NastyPlot,Protect|Timid||M|||50|]Garchomp||LifeOrb|RoughSkin|Earthquake,Protect,RockSlide,DragonClaw|Adamant||M|||50|
|inactive|Battle timer is ON: inactive players will automatically lose when time's up. (requested by SrStarVGC)
|inactive|spodermees also wants the timer to be on.
|inactive|SrStarVGC has 60 seconds left.
|
|t:|1784136801
|teamsize|p1|4
|teamsize|p2|4
|start
|switch|p1a: Delphox|Delphox, L50, M|100/100
|switch|p1b: Incineroar|Incineroar, L50, M|100/100
|switch|p2a: Sinistcha|Sinistcha, L50|100/100
|switch|p2b: Floette|Floette-Eternal, L50, F|100/100
|-ability|p1b: Incineroar|Intimidate|boost
|-block|p2a: Sinistcha|ability: Flower Veil|[of] p2b: Floette
|-unboost|p2b: Floette|atk|1
|turn|1
|
|t:|1784136814
|switch|p2a: Incineroar|Incineroar, L50, F|100/100
|-ability|p2a: Incineroar|Intimidate|boost
|-unboost|p1a: Delphox|atk|1
|-unboost|p1b: Incineroar|atk|1
|detailschange|p1a: Delphox|Delphox-Mega, L50, M
|-mega|p1a: Delphox|Delphox|Delphoxite
|detailschange|p2b: Floette|Floette-Mega, L50, F
|-mega|p2b: Floette|Floette|Floettite
|-ability|p2b: Floette|Fairy Aura
|move|p1b: Incineroar|Fake Out|p2b: Floette
|-damage|p2b: Floette|90/100
|move|p1a: Delphox|Nasty Plot|p1a: Delphox
|-boost|p1a: Delphox|spa|2
|cant|p2b: Floette|flinch
|
|upkeep
|turn|2
|
|t:|1784136829
|move|p1a: Delphox|Protect|p1a: Delphox
|-singleturn|p1a: Delphox|Protect
|move|p2b: Floette|Calm Mind|p2b: Floette
|-boost|p2b: Floette|spa|1
|-boost|p2b: Floette|spd|1
|move|p1b: Incineroar|Parting Shot|p2b: Floette
|-unboost|p2b: Floette|atk|1
|-unboost|p2b: Floette|spa|1
|
|t:|1784136839
|switch|p1b: Sneasler|Sneasler, L50, M|100/100|[from] Parting Shot
|move|p2a: Incineroar|Parting Shot|p1b: Sneasler
|-unboost|p1b: Sneasler|atk|1
|-unboost|p1b: Sneasler|spa|1
|
|t:|1784136844
|switch|p2a: Sneasler|Sneasler, L50, F|100/100|[from] Parting Shot
|
|upkeep
|turn|3
|inactive|SrStarVGC has 30 seconds left.
|inactive|SrStarVGC has 20 seconds left.
|
|t:|1784136880
|switch|p1b: Sinistcha|Sinistcha, L50|100/100
|switch|p2a: Incineroar|Incineroar, L50, F|100/100
|-ability|p2a: Incineroar|Intimidate|boost
|-unboost|p1a: Delphox|atk|1
|-unboost|p1b: Sinistcha|atk|1
|move|p1a: Delphox|Protect|p1a: Delphox
|-singleturn|p1a: Delphox|Protect
|move|p2b: Floette|Protect||[still]
|-fail|p2b: Floette
|
|upkeep
|turn|4
|inactive|SrStarVGC has 30 seconds left.
|
|t:|1784136909
|move|p1b: Sinistcha|Rage Powder|p1b: Sinistcha
|-singleturn|p1b: Sinistcha|move: Rage Powder
|move|p1a: Delphox|Psyshock|p2b: Floette
|-damage|p2b: Floette|0 fnt
|faint|p2b: Floette
|move|p2a: Incineroar|Darkest Lariat|p1b: Sinistcha
|-supereffective|p1b: Sinistcha|1
|-damage|p1b: Sinistcha|46/100
|
|upkeep
|
|t:|1784136914
|switch|p2b: Sneasler|Sneasler, L50, F|100/100
|turn|5
|
|t:|1784136930
|move|p2b: Sneasler|Fake Out|p1a: Delphox
|-damage|p1a: Delphox|81/100
|-status|p1a: Delphox|psn|[from] ability: Poison Touch|[of] p2b: Sneasler
|move|p1b: Sinistcha|Rage Powder|p1b: Sinistcha
|-singleturn|p1b: Sinistcha|move: Rage Powder
|cant|p1a: Delphox|flinch
|move|p2a: Incineroar|Flare Blitz|p1b: Sinistcha
|-supereffective|p1b: Sinistcha|1
|-enditem|p1b: Sinistcha|Occa Berry|[eat]
|-enditem|p1b: Sinistcha|Occa Berry|[weaken]
|-damage|p1b: Sinistcha|8/100
|-damage|p2a: Incineroar|89/100|[from] Recoil
|
|-damage|p1a: Delphox|69/100 psn|[from] psn
|upkeep
|turn|6
|inactive|SrStarVGC has 30 seconds left.
|
|t:|1784136965
|switch|p1b: Incineroar|Incineroar, L50, M|100/100
|-ability|p1b: Incineroar|Intimidate|boost
|-unboost|p2a: Incineroar|atk|1
|-unboost|p2b: Sneasler|atk|1
|move|p1a: Delphox|Protect|p1a: Delphox
|-singleturn|p1a: Delphox|Protect
|move|p2b: Sneasler|Poison Jab|p1a: Delphox
|-activate|p1a: Delphox|move: Protect
|move|p2a: Incineroar|Parting Shot|p1b: Incineroar
|-unboost|p1b: Incineroar|atk|1
|-unboost|p1b: Incineroar|spa|1
|
|t:|1784136972
|switch|p2a: Sinistcha|Sinistcha, L50|100/100|[from] Parting Shot
|
|-damage|p1a: Delphox|57/100 psn|[from] psn
|upkeep
|turn|7
|
|t:|1784136980
|switch|p2b: Incineroar|Incineroar, L50, F|89/100
|-ability|p2b: Incineroar|Intimidate|boost
|-unboost|p1a: Delphox|atk|1
|-unboost|p1b: Incineroar|atk|1
|move|p2a: Sinistcha|Protect|p2a: Sinistcha
|-singleturn|p2a: Sinistcha|Protect
|move|p1b: Incineroar|Fake Out|p2b: Incineroar
|-damage|p2b: Incineroar|84/100
|move|p1a: Delphox|Heat Wave|p2a: Sinistcha|[spread] p2b
|-activate|p2a: Sinistcha|move: Protect
|-resisted|p2b: Incineroar|1
|-damage|p2b: Incineroar|57/100
|
|-damage|p1a: Delphox|44/100 psn|[from] psn
|upkeep
|turn|8
|
|t:|1784136996
|switch|p1b: Sinistcha|Sinistcha, L50|8/100
|-heal|p1a: Delphox|69/100 psn|[from] ability: Hospitality|[of] p1b: Sinistcha
|move|p2b: Incineroar|Fake Out|p1a: Delphox
|-damage|p1a: Delphox|55/100 psn
|cant|p1a: Delphox|flinch
|move|p2a: Sinistcha|Trick Room|p2a: Sinistcha
|-fieldstart|move: Trick Room|[of] p2a: Sinistcha
|
|-damage|p1a: Delphox|42/100 psn|[from] psn
|upkeep
|turn|9
|
|t:|1784137009
|switch|p1b: Incineroar|Incineroar, L50, M|100/100
|-ability|p1b: Incineroar|Intimidate|boost
|-unboost|p2a: Sinistcha|atk|1
|-unboost|p2b: Incineroar|atk|1
|move|p1a: Delphox|Protect|p1a: Delphox
|-singleturn|p1a: Delphox|Protect
|move|p2b: Incineroar|Darkest Lariat|p1a: Delphox
|-activate|p1a: Delphox|move: Protect
|move|p2a: Sinistcha|Matcha Gotcha|p1a: Delphox|[spread] 
|-activate|p1a: Delphox|move: Protect
|-miss|p2a: Sinistcha|p1b: Incineroar
|
|-damage|p1a: Delphox|30/100 psn|[from] psn
|upkeep
|turn|10
|inactive|SrStarVGC has 30 seconds left.
|
|t:|1784137040
|switch|p1a: Sneasler|Sneasler, L50, M|100/100
|move|p2b: Incineroar|Darkest Lariat|p1a: Sneasler
|-resisted|p1a: Sneasler|1
|-damage|p1a: Sneasler|80/100
|move|p2a: Sinistcha|Matcha Gotcha|p1b: Incineroar|[spread] p1a,p1b
|-resisted|p1a: Sneasler|1
|-resisted|p1b: Incineroar|1
|-damage|p1a: Sneasler|65/100
|-damage|p1b: Incineroar|88/100
|move|p1b: Incineroar|Flare Blitz|p2a: Sinistcha
|-supereffective|p2a: Sinistcha|1
|-damage|p2a: Sinistcha|34/100
|-damage|p1b: Incineroar|69/100|[from] Recoil
|
|-heal|p2a: Sinistcha|41/100|[from] item: Leftovers
|upkeep
|turn|11
|inactive|SrStarVGC has 30 seconds left.
|inactive|spodermees has 30 seconds left.
|inactive|SrStarVGC has 20 seconds left.
|inactive|SrStarVGC has 15 seconds left.
|inactive|SrStarVGC has 10 seconds left.
|inactive|SrStarVGC has 5 seconds left.
|
|t:|1784137093
|move|p2a: Sinistcha|Protect|p2a: Sinistcha
|-singleturn|p2a: Sinistcha|Protect
|move|p2b: Incineroar|Flare Blitz|p1a: Sneasler
|-damage|p1a: Sneasler|14/100
|-damage|p2b: Incineroar|45/100|[from] Recoil
|-enditem|p2b: Incineroar|Sitrus Berry|[eat]
|-heal|p2b: Incineroar|69/100|[from] item: Sitrus Berry
|move|p1b: Incineroar|Flare Blitz|p2a: Sinistcha
|-activate|p2a: Sinistcha|move: Protect
|move|p1a: Sneasler|Close Combat|p2b: Incineroar
|-supereffective|p2b: Incineroar|1
|-damage|p2b: Incineroar|0 fnt
|-unboost|p1a: Sneasler|def|1
|-unboost|p1a: Sneasler|spd|1
|faint|p2b: Incineroar
|
|-heal|p2a: Sinistcha|47/100|[from] item: Leftovers
|upkeep
|
|t:|1784137104
|switch|p2b: Sneasler|Sneasler, L50, F|100/100
|turn|12
|
|t:|1784137115
|move|p1a: Sneasler|Quick Guard|p1a: Sneasler
|-singleturn|p1a: Sneasler|Quick Guard
|move|p2b: Sneasler|Fake Out|p1b: Incineroar
|-activate|p1b: Incineroar|move: Quick Guard
|move|p2a: Sinistcha|Matcha Gotcha|p1b: Incineroar|[spread] p1a
|-miss|p2a: Sinistcha|p1b: Incineroar
|-resisted|p1a: Sneasler|1
|-damage|p1a: Sneasler|0 fnt
|-heal|p2a: Sinistcha|53/100|[from] drain|[of] p1a: Sneasler
|faint|p1a: Sneasler
|move|p1b: Incineroar|Flare Blitz|p2a: Sinistcha
|-supereffective|p2a: Sinistcha|1
|-crit|p2a: Sinistcha
|-damage|p2a: Sinistcha|0 fnt
|faint|p2a: Sinistcha
|-damage|p1b: Incineroar|54/100|[from] Recoil
|
|-fieldend|move: Trick Room
|upkeep
|
|t:|1784137131
|switch|p1a: Delphox|Delphox-Mega, L50, M|30/100 psn
|turn|13
|
|t:|1784137160
|move|p2b: Sneasler|Protect|p2b: Sneasler
|-singleturn|p2b: Sneasler|Protect
|move|p1a: Delphox|Psyshock|p2b: Sneasler
|-activate|p2b: Sneasler|move: Protect
|move|p1b: Incineroar|Flare Blitz|p2b: Sneasler
|-activate|p2b: Sneasler|move: Protect
|
|-damage|p1a: Delphox|18/100 psn|[from] psn
|upkeep
|turn|14
|
|t:|1784137178
|switch|p1b: Sinistcha|Sinistcha, L50|8/100
|-heal|p1a: Delphox|42/100 psn|[from] ability: Hospitality|[of] p1b: Sinistcha
|move|p1a: Delphox|Psyshock|p2b: Sneasler
|-supereffective|p2b: Sneasler|2
|-enditem|p2b: Sneasler|Focus Sash
|-damage|p2b: Sneasler|1/100
|move|p2b: Sneasler|Close Combat|p1b: Sinistcha
|-immune|p1b: Sinistcha
|
|-damage|p1a: Delphox|30/100 psn|[from] psn
|upkeep
|turn|15
|-message|spodermees forfeited.
|
|win|SrStarVGC
|raw|SrStarVGC's rating: 1069 → 1106(+37 for winning)
|raw|spodermees's rating: 1158 → 1127(-31 for losing)
|l|☆spodermees
|player|p2|
|l|☆SrStarVGC
|player|p1|
|j|☆SrStarVGC
|player|p1|SrStarVGC|drayden|
