|j|☆alfre22
|j|☆Bread248
|html|alfre22Bread248    
|uhtml|bestof|Game 2 of a best-of-3
|t:|1756945895
|gametype|doubles
|player|p1|alfre22|benga|1178
|player|p2|Bread248|266|1304
|gen|9
|tier|[Gen 9] VGC 2025 Reg H (Bo3)
|rated|
|rule|Species Clause: Limit one of each Pokémon
|rule|Item Clause: Limit 1 of each item
|clearpoke
|poke|p1|Sneasler, L50, F|
|poke|p1|Dragapult, L50, M|
|poke|p1|Primarina, L50, M|
|poke|p1|Kingambit, L50, F|
|poke|p1|Magmar, L50, M|
|poke|p1|Rillaboom, L50, F|
|poke|p2|Gholdengo, L50|
|poke|p2|Sneasler, L50, M|
|poke|p2|Incineroar, L50, M|
|poke|p2|Amoonguss, L50, F|
|poke|p2|Dragonite, L50, F|
|poke|p2|Ursaluna-Bloodmoon, L50, M|
|teampreview|4
|showteam|p1|Sneasler||FocusSash|PoisonTouch|CloseCombat,DireClaw,FakeOut,Protect|||F|||50|,,,,,Stellar]Dragapult||ChoiceBand|ClearBody|DragonDarts,TeraBlast,PhantomForce,Uturn|||M|||50|,,,,,Ghost]Primarina||SitrusBerry|LiquidVoice|HyperVoice,Moonblast,Haze,Protect|||M|||50|,,,,,Poison]Kingambit||BlackGlasses|Defiant|KowtowCleave,SuckerPunch,SwordsDance,Protect|||F|||50|,,,,,Ghost]Magmar||Eviolite|VitalSpirit|Overheat,WillOWisp,FollowMe,Protect|||M|||50|,,,,,Ghost]Rillaboom||AssaultVest|GrassySurge|WoodHammer,GrassyGlide,HighHorsepower,FakeOut|||F|||50|,,,,,Fire
|showteam|p2|Gholdengo||LifeOrb|GoodasGold|MakeItRain,ShadowBall,NastyPlot,Protect||||||50|,,,,,Steel]Sneasler||FocusSash|PoisonTouch|ThroatChop,CloseCombat,DireClaw,Protect|||M|||50|,,,,,Stellar]Incineroar||SafetyGoggles|Intimidate|FakeOut,FlareBlitz,KnockOff,PartingShot|||M|||50|,,,,,Ghost]Amoonguss||SitrusBerry|Regenerator|Spore,RagePowder,SludgeBomb,Protect|||F|||50|,,,,,Water]Dragonite||LoadedDice|Multiscale|ScaleShot,Haze,Tailwind,Protect|||F|||50|,,,,,Fairy]Ursaluna-Bloodmoon||AssaultVest|MindsEye|HyperVoice,BloodMoon,EarthPower,VacuumWave|||M|||50|,,,,,Normal
|inactive|Battle timer is ON: inactive players will automatically lose when time's up. (requested by alfre22)
|inactive|Bread248 also wants the timer to be on.
|inactive|Bread248 has 60 seconds left.
|
|t:|1756945931
|teamsize|p1|4
|teamsize|p2|4
|start
|switch|p1a: Magmar|Magmar, L50, M|100/100
|switch|p1b: Kingambit|Kingambit, L50, F|100/100
|switch|p2a: Dragonite|Dragonite, L50, F|100/100
|switch|p2b: Ursaluna|Ursaluna-Bloodmoon, L50, M|100/100
|turn|1
|inactive|Bread248 has 30 seconds left.
|
|t:|1756945959
|switch|p1b: Rillaboom|Rillaboom, L50, F|100/100
|-fieldstart|move: Grassy Terrain|[from] ability: Grassy Surge|[of] p1b: Rillaboom
|move|p2a: Dragonite|Protect|p2a: Dragonite
|-singleturn|p2a: Dragonite|Protect
|move|p1a: Magmar|Protect|p1a: Magmar
|-singleturn|p1a: Magmar|Protect
|move|p2b: Ursaluna|Earth Power|p1a: Magmar
|-activate|p1a: Magmar|move: Protect
|
|upkeep
|turn|2
|
|t:|1756945982
|switch|p2a: Gholdengo|Gholdengo, L50|100/100
|-terastallize|p2b: Ursaluna|Normal
|move|p1b: Rillaboom|Fake Out|p2b: Ursaluna
|-damage|p2b: Ursaluna|89/100
|move|p1a: Magmar|Will-O-Wisp|p2a: Gholdengo
|-immune|p2a: Gholdengo|[from] ability: Good as Gold
|cant|p2b: Ursaluna|flinch
|
|-heal|p2b: Ursaluna|95/100|[from] Grassy Terrain
|upkeep
|turn|3
|
|t:|1756945997
|switch|p2b: Dragonite|Dragonite, L50, F|100/100
|move|p2a: Gholdengo|Protect|p2a: Gholdengo
|-singleturn|p2a: Gholdengo|Protect
|move|p1a: Magmar|Overheat|p2a: Gholdengo
|-activate|p2a: Gholdengo|move: Protect
|move|p1b: Rillaboom|Wood Hammer|p2a: Gholdengo
|-activate|p2a: Gholdengo|move: Protect
|
|upkeep
|turn|4
|
|t:|1756946012
|switch|p2a: Ursaluna|Ursaluna-Bloodmoon, L50, M, tera:Normal|95/100
|move|p2b: Dragonite|Scale Shot|p1a: Magmar
|-damage|p1a: Magmar|89/100
|-damage|p1a: Magmar|75/100
|-damage|p1a: Magmar|63/100
|-damage|p1a: Magmar|49/100
|-hitcount|p1a: Magmar|4
|-unboost|p2b: Dragonite|def|1
|-boost|p2b: Dragonite|spe|1
|move|p1a: Magmar|Will-O-Wisp|p2b: Dragonite
|-status|p2b: Dragonite|brn
|move|p1b: Rillaboom|High Horsepower|p2a: Ursaluna
|-damage|p2a: Ursaluna|67/100
|
|-heal|p1a: Magmar|55/100|[from] Grassy Terrain
|-heal|p2a: Ursaluna|73/100|[from] Grassy Terrain
|-damage|p2b: Dragonite|95/100 brn|[from] brn
|upkeep
|turn|5
|
|t:|1756946032
|move|p1a: Magmar|Follow Me|p1a: Magmar
|-singleturn|p1a: Magmar|move: Follow Me
|move|p2b: Dragonite|Tailwind|p2b: Dragonite
|-sidestart|p2: Bread248|move: Tailwind
|move|p2a: Ursaluna|Blood Moon|p1a: Magmar
|-crit|p1a: Magmar
|-damage|p1a: Magmar|0 fnt
|faint|p1a: Magmar
|move|p1b: Rillaboom|Wood Hammer|p2a: Ursaluna
|-damage|p2a: Ursaluna|6/100
|-damage|p1b: Rillaboom|80/100|[from] Recoil
|
|-heal|p2a: Ursaluna|12/100|[from] Grassy Terrain
|-heal|p1b: Rillaboom|86/100|[from] Grassy Terrain
|-damage|p2b: Dragonite|89/100 brn|[from] brn
|-fieldend|move: Grassy Terrain
|upkeep
|
|t:|1756946056
|switch|p1a: Kingambit|Kingambit, L50, F|100/100
|turn|6
|
|t:|1756946081
|switch|p2a: Sneasler|Sneasler, L50, M|100/100
|-terastallize|p1a: Kingambit|Ghost
|move|p2b: Dragonite|Scale Shot|p1b: Rillaboom|[miss]
|-miss|p2b: Dragonite|p1b: Rillaboom
|move|p1b: Rillaboom|Wood Hammer|p2a: Sneasler
|-resisted|p2a: Sneasler
|-damage|p2a: Sneasler|52/100
|-damage|p1b: Rillaboom|74/100|[from] Recoil
|move|p1a: Kingambit|Swords Dance|p1a: Kingambit
|-boost|p1a: Kingambit|atk|2
|
|-damage|p2b: Dragonite|83/100 brn|[from] brn
|upkeep
|turn|7
|
|t:|1756946105
|move|p2a: Sneasler|Protect|p2a: Sneasler
|-singleturn|p2a: Sneasler|Protect
|move|p1a: Kingambit|Sucker Punch||[still]
|-fail|p1a: Kingambit
|move|p2b: Dragonite|Haze|p2b: Dragonite
|-clearallboost
|move|p1b: Rillaboom|Wood Hammer|p2b: Dragonite
|-resisted|p2b: Dragonite
|-damage|p2b: Dragonite|67/100 brn
|-damage|p1b: Rillaboom|69/100|[from] Recoil
|
|-damage|p2b: Dragonite|61/100 brn|[from] brn
|upkeep
|turn|8
|
|t:|1756946125
|move|p1a: Kingambit|Sucker Punch|p2a: Sneasler
|-resisted|p2a: Sneasler
|-damage|p2a: Sneasler|15/100
|move|p2a: Sneasler|Throat Chop|p1a: Kingambit
|-supereffective|p1a: Kingambit
|-damage|p1a: Kingambit|57/100
|-start|p1a: Kingambit|Throat Chop|[silent]
|move|p2b: Dragonite|Scale Shot|p1a: Kingambit
|-damage|p1a: Kingambit|51/100
|-damage|p1a: Kingambit|45/100
|-damage|p1a: Kingambit|39/100
|-crit|p1a: Kingambit
|-damage|p1a: Kingambit|31/100
|-damage|p1a: Kingambit|25/100
|-hitcount|p1a: Kingambit|5
|-unboost|p2b: Dragonite|def|1
|-boost|p2b: Dragonite|spe|1
|move|p1b: Rillaboom|High Horsepower|p2a: Sneasler
|-supereffective|p2a: Sneasler
|-damage|p2a: Sneasler|0 fnt
|faint|p2a: Sneasler
|
|-damage|p2b: Dragonite|55/100 brn|[from] brn
|-sideend|p2: Bread248|move: Tailwind
|upkeep
|
|t:|1756946135
|switch|p2a: Ursaluna|Ursaluna-Bloodmoon, L50, M, tera:Normal|12/100
|turn|9
|
|t:|1756946160
|move|p1a: Kingambit|Sucker Punch|p2a: Ursaluna
|-damage|p2a: Ursaluna|0 fnt
|faint|p2a: Ursaluna
|move|p2b: Dragonite|Tailwind|p2b: Dragonite
|-sidestart|p2: Bread248|move: Tailwind
|move|p1b: Rillaboom|High Horsepower|p2b: Dragonite
|-immune|p2b: Dragonite
|
|-damage|p2b: Dragonite|49/100 brn|[from] brn
|-end|p1a: Kingambit|Throat Chop|[silent]
|upkeep
|
|t:|1756946161
|switch|p2a: Gholdengo|Gholdengo, L50|100/100
|turn|10
|inactive|alfre22 has 30 seconds left.
|
|t:|1756946192
|switch|p1b: Dragapult|Dragapult, L50, M|100/100
|move|p1a: Kingambit|Sucker Punch|p2a: Gholdengo
|-supereffective|p2a: Gholdengo
|-damage|p2a: Gholdengo|0 fnt
|faint|p2a: Gholdengo
|move|p2b: Dragonite|Scale Shot|p1b: Dragapult
|-supereffective|p1b: Dragapult
|-damage|p1b: Dragapult|78/100
|-supereffective|p1b: Dragapult
|-damage|p1b: Dragapult|58/100
|-supereffective|p1b: Dragapult
|-damage|p1b: Dragapult|38/100
|-supereffective|p1b: Dragapult
|-damage|p1b: Dragapult|15/100
|-supereffective|p1b: Dragapult
|-damage|p1b: Dragapult|0 fnt
|faint|p1b: Dragapult
|-hitcount|p1: Dragapult|5
|-unboost|p2b: Dragonite|def|1
|-boost|p2b: Dragonite|spe|1
|
|-damage|p2b: Dragonite|43/100 brn|[from] brn
|upkeep
|
|t:|1756946202
|switch|p1b: Rillaboom|Rillaboom, L50, F|69/100
|-fieldstart|move: Grassy Terrain|[from] ability: Grassy Surge|[of] p1b: Rillaboom
|turn|11
|
|t:|1756946216
|move|p2b: Dragonite|Protect|p2b: Dragonite
|-singleturn|p2b: Dragonite|Protect
|move|p1b: Rillaboom|Fake Out|p2b: Dragonite
|-activate|p2b: Dragonite|move: Protect
|move|p1a: Kingambit|Kowtow Cleave|p2b: Dragonite
|-activate|p2b: Dragonite|move: Protect
|
|-heal|p1b: Rillaboom|75/100|[from] Grassy Terrain
|-heal|p1a: Kingambit|31/100|[from] Grassy Terrain
|-damage|p2b: Dragonite|37/100 brn|[from] brn
|upkeep
|turn|12
|
|t:|1756946225
|move|p2b: Dragonite|Haze|p2b: Dragonite
|-clearallboost
|move|p1b: Rillaboom|Wood Hammer|p2b: Dragonite
|-resisted|p2b: Dragonite
|-crit|p2b: Dragonite
|-damage|p2b: Dragonite|6/100 brn
|-damage|p1b: Rillaboom|67/100|[from] Recoil
|move|p1a: Kingambit|Kowtow Cleave|p2b: Dragonite
|-damage|p2b: Dragonite|0 fnt
|faint|p2b: Dragonite
|
|win|alfre22
||Bread248 is ready for game 3.
|inactive|alfre22 has 30 seconds to confirm battle start!
||alfre22 is ready for game 3.
|uhtml|next|Next: Game 3 of 3
