|j|☆pati_patout
|j|☆Treit_3
|html|pati_patoutTreit_3    
|uhtml|bestof|Game 2 of a best-of-3
|t:|1783435961
|gametype|doubles
|player|p1|pati_patout|102|1127
|player|p2|Treit_3|marshal|1054
|gen|9
|tier|[Gen 9 Champions] VGC 2026 Reg M-B (Bo3)
|rated|
|rule|Species Clause: Limit one of each Pokémon
|rule|Item Clause: Limit 1 of each item
|clearpoke
|poke|p1|Gholdengo, L50|
|poke|p1|Incineroar, L50, M|
|poke|p1|Garchomp, L50, F|
|poke|p1|Tyranitar, L50, M|
|poke|p1|Rotom-Wash, L50|
|poke|p1|Scovillain, L50, F|
|poke|p2|Scrafty, L50, M|
|poke|p2|Blaziken, L50, F|
|poke|p2|Torterra, L50, M|
|poke|p2|Milotic, L50, M|
|poke|p2|Gholdengo, L50|
|poke|p2|Farigiraf, L50, M|
|teampreview|4
|showteam|p1|Gholdengo||MetalCoat|GoodasGold|Protect,MakeItRain,ShadowBall,NastyPlot|Timid|||||50|]Incineroar||SitrusBerry|Intimidate|FlareBlitz,ThroatChop,FakeOut,PartingShot|Careful||M|||50|]Garchomp||LifeOrb|RoughSkin|Earthquake,StompingTantrum,DragonClaw,Protect|Jolly||F|||50|]Tyranitar||Tyranitarite|SandStream|Protect,RockSlide,KnockOff,LowKick|Adamant||M|||50|]Rotom-Wash||ChoiceScarf|Levitate|HydroPump,Thunderbolt,Electroweb,VoltSwitch|Timid|||||50|]Scovillain||Scovillainite|Moody|Overheat,GigaDrain,RagePowder,Protect|Calm||F|||50|
|showteam|p2|Scrafty||Scraftinite|Intimidate|FakeOut,Coaching,DrainPunch,ThroatChop|Adamant||M|||50|]Blaziken||Blazikenite|SpeedBoost|Detect,RockSlide,FlareBlitz,CloseCombat|Adamant||F|||50|]Torterra||Leftovers|ShellArmor|Protect,WideGuard,HeadlongRush,WoodHammer|Brave||M|||50|]Milotic||MysticWater|Competitive|Protect,Scald,MuddyWater,IceBeam|Modest||M|||50|]Gholdengo||LifeOrb|GoodasGold|Protect,NastyPlot,MakeItRain,ShadowBall|Modest|||||50|]Farigiraf||SitrusBerry|ArmorTail|Protect,TrickRoom,Thunderbolt,HyperVoice|Bold||M|||50|
|inactive|Battle timer is ON: inactive players will automatically lose when time's up. (requested by Treit_3)
|inactive|pati_patout has 60 seconds left.
|
|t:|1783436034
|teamsize|p1|4
|teamsize|p2|4
|start
|switch|p1a: Rotom|Rotom-Wash, L50|100/100
|switch|p1b: Garchomp|Garchomp, L50, F|100/100
|switch|p2a: Scrafty|Scrafty, L50, M|100/100
|switch|p2b: Blaziken|Blaziken, L50, F|100/100
|-ability|p2a: Scrafty|Intimidate|boost
|-unboost|p1a: Rotom|atk|1
|-unboost|p1b: Garchomp|atk|1
|turn|1
|
|t:|1783436057
|detailschange|p2a: Scrafty|Scrafty-Mega, L50, M
|-mega|p2a: Scrafty|Scrafty|Scraftinite
|-ability|p2a: Scrafty|Intimidate|boost
|-unboost|p1a: Rotom|atk|1
|-unboost|p1b: Garchomp|atk|1
|move|p2b: Blaziken|Detect|p2b: Blaziken
|-singleturn|p2b: Blaziken|Protect
|move|p1a: Rotom|Electroweb|p2b: Blaziken|[spread] p2a
|-activate|p2b: Blaziken|move: Protect
|-damage|p2a: Scrafty|85/100
|-unboost|p2a: Scrafty|spe|1
|move|p1b: Garchomp|Earthquake|p2a: Scrafty|[spread] p2a
|-activate|p2b: Blaziken|move: Protect
|-immune|p1a: Rotom|[from] ability: Levitate
|-damage|p2a: Scrafty|66/100
|-damage|p1b: Garchomp|90/100|[from] item: Life Orb
|move|p2a: Scrafty|Coaching|p2b: Blaziken
|-boost|p2b: Blaziken|atk|1
|-boost|p2b: Blaziken|def|1
|
|-ability|p2b: Blaziken|Speed Boost|boost
|-boost|p2b: Blaziken|spe|1
|upkeep
|turn|2
|inactive|pati_patout has 30 seconds left.
|inactive|Treit_3 has 30 seconds left.
|inactive|Treit_3 has 20 seconds left.
|
|t:|1783436094
|switch|p2a: Milotic|Milotic, L50, M|100/100
|move|p1a: Rotom|Electroweb|p2a: Milotic|[spread] p2b
|-miss|p1a: Rotom|p2a: Milotic
|-damage|p2b: Blaziken|69/100
|-unboost|p2b: Blaziken|spe|1
|move|p1b: Garchomp|Earthquake|p2b: Blaziken|[spread] p2a,p2b
|-immune|p1a: Rotom|[from] ability: Levitate
|-supereffective|p2b: Blaziken|1
|-damage|p2a: Milotic|74/100
|-damage|p2b: Blaziken|15/100
|-damage|p1b: Garchomp|80/100|[from] item: Life Orb
|move|p2b: Blaziken|Close Combat|p1a: Rotom
|-damage|p1a: Rotom|0 fnt
|-unboost|p2b: Blaziken|def|1
|-unboost|p2b: Blaziken|spd|1
|faint|p1a: Rotom
|
|-ability|p2b: Blaziken|Speed Boost|boost
|-boost|p2b: Blaziken|spe|1
|upkeep
|
|t:|1783436115
|switch|p1a: Scovillain|Scovillain, L50, F|100/100
|turn|3
|
|t:|1783436128
|detailschange|p1a: Scovillain|Scovillain-Mega, L50, F
|-mega|p1a: Scovillain|Scovillain|Scovillainite
|move|p2b: Blaziken|Rock Slide|p1a: Scovillain|[spread] p1a,p1b
|-supereffective|p1a: Scovillain|1
|-resisted|p1b: Garchomp|1
|-crit|p1b: Garchomp
|-damage|p1a: Scovillain|40/100
|-damage|p1b: Garchomp|56/100
|-immune|p2b: Blaziken
|move|p1b: Garchomp|Stomping Tantrum|p2b: Blaziken
|-supereffective|p2b: Blaziken|1
|-damage|p2b: Blaziken|0 fnt
|faint|p2b: Blaziken
|-damage|p1b: Garchomp|46/100|[from] item: Life Orb
|move|p2a: Milotic|Scald|p1a: Scovillain
|-damage|p1a: Scovillain|0 fnt
|-status|p2a: Milotic|brn|[from] ability: Spicy Spray|[of] p1a: Scovillain
|faint|p1a: Scovillain
|
|-damage|p2a: Milotic|68/100 brn|[from] brn
|upkeep
|
|t:|1783436150
|switch|p2b: Scrafty|Scrafty-Mega, L50, M|66/100
|switch|p1a: Gholdengo|Gholdengo, L50|100/100
|-ability|p2b: Scrafty|Intimidate|boost
|-unboost|p1a: Gholdengo|atk|1
|-unboost|p1b: Garchomp|atk|1
|turn|4
|
|t:|1783436166
|move|p1a: Gholdengo|Protect|p1a: Gholdengo
|-singleturn|p1a: Gholdengo|Protect
|move|p1b: Garchomp|Earthquake|p2a: Milotic|[spread] p2a,p2b
|-activate|p1a: Gholdengo|move: Protect
|-damage|p2a: Milotic|48/100 brn
|-damage|p2b: Scrafty|51/100
|-damage|p1b: Garchomp|36/100|[from] item: Life Orb
|move|p2a: Milotic|Scald|p1a: Gholdengo
|-activate|p1a: Gholdengo|move: Protect
|move|p2b: Scrafty|Throat Chop|p1a: Gholdengo
|-activate|p1a: Gholdengo|move: Protect
|
|-damage|p2a: Milotic|42/100 brn|[from] brn
|upkeep
|turn|5
|inactive|pati_patout has 30 seconds left.
|
|t:|1783436200
|switch|p2b: Farigiraf|Farigiraf, L50, M|100/100
|move|p1b: Garchomp|Dragon Claw|p2a: Milotic
|-damage|p2a: Milotic|20/100y brn
|-damage|p1b: Garchomp|27/100|[from] item: Life Orb
|move|p1a: Gholdengo|Make It Rain|p2b: Farigiraf|[spread] p2a,p2b
|-resisted|p2a: Milotic|1
|-damage|p2a: Milotic|1/100 brn
|-damage|p2b: Farigiraf|46/100
|-unboost|p1a: Gholdengo|spa|2
|-enditem|p2b: Farigiraf|Sitrus Berry|[eat]
|-heal|p2b: Farigiraf|71/100|[from] item: Sitrus Berry
|move|p2a: Milotic|Scald|p1a: Gholdengo
|-damage|p1a: Gholdengo|57/100
|
|-damage|p2a: Milotic|0 fnt|[from] brn
|faint|p2a: Milotic
|upkeep
|
|t:|1783436217
|switch|p2a: Scrafty|Scrafty-Mega, L50, M|51/100
|-ability|p2a: Scrafty|Intimidate|boost
|-unboost|p1a: Gholdengo|atk|1
|-unboost|p1b: Garchomp|atk|1
|turn|6
|
|t:|1783436230
|move|p1a: Gholdengo|Protect|p1a: Gholdengo
|-singleturn|p1a: Gholdengo|Protect
|move|p1b: Garchomp|Earthquake|p2b: Farigiraf|[spread] p2a,p2b
|-activate|p1a: Gholdengo|move: Protect
|-damage|p2a: Scrafty|37/100
|-damage|p2b: Farigiraf|59/100
|-damage|p1b: Garchomp|17/100|[from] item: Life Orb
|move|p2a: Scrafty|Throat Chop|p1a: Gholdengo
|-activate|p1a: Gholdengo|move: Protect
|move|p2b: Farigiraf|Trick Room|p2b: Farigiraf
|-fieldstart|move: Trick Room|[of] p2b: Farigiraf
|
|upkeep
|turn|7
|
|t:|1783436248
|move|p2b: Farigiraf|Hyper Voice|p1a: Gholdengo|[spread] p1b
|-immune|p1a: Gholdengo
|-damage|p1b: Garchomp|0 fnt
|faint|p1b: Garchomp
|move|p2a: Scrafty|Throat Chop|p1a: Gholdengo
|-supereffective|p1a: Gholdengo|1
|-damage|p1a: Gholdengo|0 fnt
|faint|p1a: Gholdengo
|
|win|Treit_3
|raw|pati_patout's rating: 1127 → 1097(-30 for losing)
|raw|Treit_3's rating: 1054 → 1093(+39 for winning)
|l|☆pati_patout
|player|p1|
