|j|☆Cr4fter_
|j|☆lunodira
|html|Cr4fter_lunodira    
|uhtml|bestof|Game 1 of a best-of-3
|t:|1783891043
|gametype|doubles
|player|p1|Cr4fter_|hiker-gen4|1125
|player|p2|lunodira|grimsley|1152
|gen|9
|tier|[Gen 9 Champions] VGC 2026 Reg M-B (Bo3)
|rated|
|rule|Species Clause: Limit one of each Pokémon
|rule|Item Clause: Limit 1 of each item
|clearpoke
|poke|p1|Pyroar, L50, M|
|poke|p1|Ninetales, L50, M|
|poke|p1|Whimsicott, L50, M|
|poke|p1|Sylveon, L50, F|
|poke|p1|Basculegion, L50, M|
|poke|p1|Farigiraf, L50, F|
|poke|p2|Blastoise, L50, F|
|poke|p2|Incineroar, L50, F|
|poke|p2|Sneasler, L50, M|
|poke|p2|Kingambit, L50, M|
|poke|p2|Sinistcha, L50|
|poke|p2|Floette-Eternal, L50, F|
|teampreview|4
|showteam|p1|Pyroar||Pyroarite|Unnerve|HeatWave,Overheat,SolarBeam,Protect|Timid||M|||50|]Ninetales||ChoiceScarf|Drought|HeatWave,FakeTears,Overheat,SolarBeam|Timid||M|||50|]Whimsicott||FocusSash|Prankster|Moonblast,Tailwind,SunnyDay,Protect|Timid||M|||50|]Sylveon||FairyFeather|Pixilate|Detect,Moonblast,HyperVoice,QuickAttack|Modest||F|||50|]Basculegion||LifeOrb|Adaptability|WaveCrash,LastRespects,AquaJet,Protect|Adamant||M|||50|]Farigiraf||SitrusBerry|ArmorTail|Psychic,Thunderbolt,TrickRoom,HelpingHand|Bold||F|||50|
|showteam|p2|Blastoise||Blastoisinite|RainDish|WaterSpout,DarkPulse,Protect,ShellSmash|Modest||F|||50|]Incineroar||SitrusBerry|Intimidate|FlareBlitz,FakeOut,HelpingHand,PartingShot|Careful||F|||50|]Sneasler||FocusSash|PoisonTouch|FakeOut,CloseCombat,PoisonJab,RockTomb|Jolly||M|||50|]Kingambit||LifeOrb|Defiant|SuckerPunch,Protect,KowtowCleave,SwordsDance|Adamant||M|||50|]Sinistcha||OccaBerry|Hospitality|MatchaGotcha,Protect,RagePowder,TrickRoom|Relaxed|||||50|]Floette-Eternal||Floettite|Symbiosis|CalmMind,DrainingKiss,DazzlingGleam,Protect|Modest||F|||50|
|inactive|Battle timer is ON: inactive players will automatically lose when time's up. (requested by Cr4fter_)
|inactive|lunodira has 60 seconds left.
|
|t:|1783891134
|teamsize|p1|4
|teamsize|p2|4
|start
|switch|p1a: Pyroar|Pyroar, L50, M|100/100
|switch|p1b: Ninetales|Ninetales, L50, M|100/100
|switch|p2a: Blastoise|Blastoise, L50, F|100/100
|switch|p2b: Sneasler|Sneasler, L50, M|100/100
|-ability|p1a: Pyroar|Unnerve
|-weather|SunnyDay|[from] ability: Drought|[of] p1b: Ninetales
|turn|1
|inactive|lunodira has 30 seconds left.
|inactive|lunodira has 20 seconds left.
|
|t:|1783891173
|switch|p1a: Farigiraf|Farigiraf, L50, F|100/100
|move|p2a: Blastoise|Protect|p2a: Blastoise
|-singleturn|p2a: Blastoise|Protect
|move|p1b: Ninetales|Solar Beam||[still]
|-prepare|p1b: Ninetales|Solar Beam
|-anim|p1b: Ninetales|Solar Beam|p2a: Blastoise
|-activate|p2a: Blastoise|move: Protect
|move|p2b: Sneasler|Rock Tomb|p1b: Ninetales
|-supereffective|p1b: Ninetales|1
|-damage|p1b: Ninetales|40/100
|-unboost|p1b: Ninetales|spe|1
|
|-weather|SunnyDay|[upkeep]
|upkeep
|turn|2
|inactive|Cr4fter_ has 30 seconds left.
|inactive|lunodira has 30 seconds left.
|inactive|lunodira has 20 seconds left.
|inactive|lunodira has 15 seconds left.
|inactive|lunodira has 10 seconds left.
|inactive|lunodira has 5 seconds left.
|
|t:|1783891226
|switch|p1b: Basculegion|Basculegion, L50, M|100/100
|switch|p2a: Incineroar|Incineroar, L50, F|100/100
|-ability|p2a: Incineroar|Intimidate|boost
|-unboost|p1a: Farigiraf|atk|1
|-unboost|p1b: Basculegion|atk|1
|move|p2b: Sneasler|Rock Tomb|p1b: Basculegion
|-damage|p1b: Basculegion|77/100
|-unboost|p1b: Basculegion|spe|1
|move|p1a: Farigiraf|Thunderbolt|p2a: Incineroar
|-damage|p2a: Incineroar|83/100
|
|-weather|SunnyDay|[upkeep]
|upkeep
|turn|3
|inactive|Cr4fter_ has 30 seconds left.
|inactive|lunodira has 30 seconds left.
|
|t:|1783891258
|move|p1b: Basculegion|Aqua Jet|p2b: Sneasler
|-damage|p2b: Sneasler|80/100
|-damage|p1b: Basculegion|67/100|[from] item: Life Orb
|move|p2b: Sneasler|Poison Jab|p1a: Farigiraf
|-damage|p1a: Farigiraf|68/100
|-status|p1a: Farigiraf|psn
|move|p2a: Incineroar|Flare Blitz|p1a: Farigiraf
|-damage|p1a: Farigiraf|18/100 psn
|-enditem|p1a: Farigiraf|Sitrus Berry|[eat]
|-heal|p1a: Farigiraf|43/100 psn|[from] item: Sitrus Berry
|-damage|p2a: Incineroar|65/100|[from] Recoil
|move|p1a: Farigiraf|Psychic|p2b: Sneasler
|-supereffective|p2b: Sneasler|2
|-damage|p2b: Sneasler|0 fnt
|faint|p2b: Sneasler
|
|-weather|SunnyDay|[upkeep]
|-damage|p1a: Farigiraf|31/100 psn|[from] psn
|upkeep
|
|t:|1783891272
|switch|p2b: Blastoise|Blastoise, L50, F|100/100
|turn|4
|inactive|Cr4fter_ has 30 seconds left.
|inactive|lunodira has 30 seconds left.
|
|t:|1783891316
|detailschange|p2b: Blastoise|Blastoise-Mega, L50, F
|-mega|p2b: Blastoise|Blastoise|Blastoisinite
|move|p2a: Incineroar|Helping Hand|p2b: Blastoise
|-singleturn|p2b: Blastoise|Helping Hand|[of] p2a: Incineroar
|move|p2b: Blastoise|Water Spout|p1b: Basculegion|[spread] p1a,p1b
|-resisted|p1b: Basculegion|1
|-damage|p1a: Farigiraf|0 fnt
|-damage|p1b: Basculegion|41/100
|faint|p1a: Farigiraf
|move|p1b: Basculegion|Last Respects|p2b: Blastoise
|-damage|p2b: Blastoise|35/100
|-damage|p1b: Basculegion|32/100|[from] item: Life Orb
|
|-weather|SunnyDay|[upkeep]
|upkeep
|
|t:|1783891329
|switch|p1a: Ninetales|Ninetales, L50, M|40/100
|turn|5
|inactive|Cr4fter_ has 30 seconds left.
|inactive|lunodira has 30 seconds left.
|
|t:|1783891360
|move|p2b: Blastoise|Protect|p2b: Blastoise
|-singleturn|p2b: Blastoise|Protect
|move|p1b: Basculegion|Protect|p1b: Basculegion
|-singleturn|p1b: Basculegion|Protect
|move|p1a: Ninetales|Heat Wave|p2a: Incineroar|[spread] p2a
|-activate|p2b: Blastoise|move: Protect
|-resisted|p2a: Incineroar|1
|-damage|p2a: Incineroar|50/100g
|move|p2a: Incineroar|Flare Blitz|p1b: Basculegion
|-activate|p1b: Basculegion|move: Protect
|
|-weather|none
|upkeep
|turn|6
|inactive|Cr4fter_ has 30 seconds left.
|inactive|lunodira has 30 seconds left.
|inactive|lunodira has 20 seconds left.
|inactive|lunodira has 15 seconds left.
|inactive|lunodira has 10 seconds left.
|
|t:|1783891406
|switch|p2b: Sinistcha|Sinistcha, L50|100/100
|-heal|p2a: Incineroar|75/100|[from] ability: Hospitality|[of] p2b: Sinistcha
|move|p1b: Basculegion|Aqua Jet|p2b: Sinistcha
|-resisted|p2b: Sinistcha|1
|-damage|p2b: Sinistcha|89/100
|-damage|p1b: Basculegion|22/100|[from] item: Life Orb
|move|p1a: Ninetales|Heat Wave|p2a: Incineroar|[spread] p2a,p2b
|-resisted|p2a: Incineroar|1
|-supereffective|p2b: Sinistcha|1
|-enditem|p2b: Sinistcha|Occa Berry|[eat]
|-enditem|p2b: Sinistcha|Occa Berry|[weaken]
|-damage|p2a: Incineroar|64/100
|-damage|p2b: Sinistcha|60/100
|move|p2a: Incineroar|Flare Blitz|p1a: Ninetales
|-resisted|p1a: Ninetales|1
|-damage|p1a: Ninetales|2/100
|-damage|p2a: Incineroar|55/100|[from] Recoil
|
|upkeep
|turn|7
|inactive|Cr4fter_ has 30 seconds left.
|inactive|lunodira has 30 seconds left.
|inactive|lunodira has 20 seconds left.
|inactive|lunodira has 15 seconds left.
|inactive|lunodira has 10 seconds left.
|inactive|lunodira has 5 seconds left.
|
|t:|1783891458
|move|p2b: Sinistcha|Rage Powder|p2b: Sinistcha
|-singleturn|p2b: Sinistcha|move: Rage Powder
|move|p1a: Ninetales|Heat Wave|p2a: Incineroar|[spread] p2a,p2b
|-resisted|p2a: Incineroar|1
|-supereffective|p2b: Sinistcha|1
|-damage|p2a: Incineroar|45/100
|-damage|p2b: Sinistcha|11/100
|-enditem|p2a: Incineroar|Sitrus Berry|[eat]
|-heal|p2a: Incineroar|69/100|[from] item: Sitrus Berry
|move|p2a: Incineroar|Flare Blitz|p1b: Basculegion
|-resisted|p1b: Basculegion|1
|-damage|p1b: Basculegion|0 fnt
|faint|p1b: Basculegion
|-damage|p2a: Incineroar|62/100|[from] Recoil
|
|upkeep
|
|t:|1783891469
|switch|p1b: Pyroar|Pyroar, L50, M|100/100
|-ability|p1b: Pyroar|Unnerve
|turn|8
|
|t:|1783891491
|detailschange|p1b: Pyroar|Pyroar-Mega, L50, M
|-mega|p1b: Pyroar|Pyroar|Pyroarite
|move|p1a: Ninetales|Heat Wave|p2b: Sinistcha|[spread] p2a,p2b
|-resisted|p2a: Incineroar|1
|-supereffective|p2b: Sinistcha|1
|-damage|p2a: Incineroar|51/100
|-damage|p2b: Sinistcha|0 fnt
|faint|p2b: Sinistcha
|move|p1b: Pyroar|Heat Wave|p2a: Incineroar
|-resisted|p2a: Incineroar|1
|-damage|p2a: Incineroar|21/100
|move|p2a: Incineroar|Parting Shot|p1b: Pyroar
|-unboost|p1b: Pyroar|atk|1
|-unboost|p1b: Pyroar|spa|1
|
|t:|1783891499
|switch|p2a: Blastoise|Blastoise-Mega, L50, F|35/100|[from] Parting Shot
|
|upkeep
|
|t:|1783891500
|switch|p2b: Incineroar|Incineroar, L50, F|21/100
|-ability|p2b: Incineroar|Intimidate|boost
|-unboost|p1a: Ninetales|atk|1
|-unboost|p1b: Pyroar|atk|1
|turn|9
|inactive|lunodira has 30 seconds left.
|inactive|lunodira has 20 seconds left.
|
|t:|1783891539
|move|p1b: Pyroar|Protect|p1b: Pyroar
|-singleturn|p1b: Pyroar|Protect
|move|p2a: Blastoise|Protect|p2a: Blastoise
|-singleturn|p2a: Blastoise|Protect
|move|p2b: Incineroar|Fake Out|p1a: Ninetales
|-damage|p1a: Ninetales|0 fnt
|faint|p1a: Ninetales
|
|upkeep
|turn|10
|inactive|lunodira has 30 seconds left.
|
|t:|1783891569
|move|p2b: Incineroar|Helping Hand|p2a: Blastoise
|-singleturn|p2a: Blastoise|Helping Hand|[of] p2b: Incineroar
|move|p1b: Pyroar|Heat Wave|p2a: Blastoise|[spread] p2a
|-miss|p1b: Pyroar|p2b: Incineroar
|-resisted|p2a: Blastoise|1
|-damage|p2a: Blastoise|15/100
|move|p2a: Blastoise|Dark Pulse|p1b: Pyroar
|-damage|p1b: Pyroar|10/100
|
|upkeep
|turn|11
|
|t:|1783891585
|move|p1b: Pyroar|Heat Wave|p2a: Blastoise|[spread] p2a,p2b
|-resisted|p2a: Blastoise|1
|-resisted|p2b: Incineroar|1
|-damage|p2a: Blastoise|0 fnt
|-damage|p2b: Incineroar|7/100
|faint|p2a: Blastoise
|move|p2b: Incineroar|Flare Blitz|p1b: Pyroar
|-resisted|p1b: Pyroar|1
|-damage|p1b: Pyroar|0 fnt
|faint|p1b: Pyroar
|-damage|p2b: Incineroar|4/100|[from] Recoil
|
|win|lunodira
