|j|☆KodeBeast0526
|j|☆Sea's Searing
|html|KodeBeast0526Sea's Searing    
|uhtml|bestof|Game 1 of a best-of-3
|t:|1783443894
|gametype|doubles
|player|p1|KodeBeast0526|hiker|1178
|player|p2|Sea's Searing|265|1301
|gen|9
|tier|[Gen 9 Champions] VGC 2026 Reg M-B (Bo3)
|rated|
|rule|Species Clause: Limit one of each Pokémon
|rule|Item Clause: Limit 1 of each item
|clearpoke
|poke|p1|Gengar, L50, F|
|poke|p1|Swampert, L50, M|
|poke|p1|Incineroar, L50, M|
|poke|p1|Politoed, L50, F|
|poke|p1|Archaludon, L50, M|
|poke|p1|Vivillon-Ocean, L50, F|
|poke|p2|Kingambit, L50, M|
|poke|p2|Sneasler, L50, M|
|poke|p2|Incineroar, L50, F|
|poke|p2|Sinistcha, L50|
|poke|p2|Floette-Eternal, L50, F|
|poke|p2|Delphox, L50, F|
|teampreview|4
|showteam|p1|Gengar||Gengarite|CursedBody|ShadowBall,PerishSong,SludgeBomb,Protect|Timid||F|||50|]Swampert||Swampertite|Torrent|WaveCrash,Earthquake,IcePunch,Protect|Adamant||M|||50|]Incineroar||PasshoBerry|Intimidate|ThroatChop,PartingShot,FakeOut,Protect|Sassy||M|||50|]Politoed||SitrusBerry|Drizzle|WeatherBall,PerishSong,Encore,Protect|Calm||F|||50|]Archaludon||Leftovers|Stamina|DragonPulse,FlashCannon,ElectroShot,Protect|Bold||M|||50|]Vivillon-Ocean||FocusSash|CompoundEyes|Hurricane,SleepPowder,RagePowder,Protect|Timid||F|||50|
|showteam|p2|Kingambit||BlackGlasses|Defiant|KowtowCleave,SuckerPunch,SwordsDance,Protect|Adamant||M|||50|]Sneasler||FocusSash|PoisonTouch|FakeOut,DireClaw,CloseCombat,QuickGuard|Jolly||M|||50|]Incineroar||SitrusBerry|Intimidate|FlareBlitz,PartingShot,HelpingHand,FakeOut|Careful||F|||50|]Sinistcha||OccaBerry|Hospitality|MatchaGotcha,RagePowder,TrickRoom,Protect|Bold|||||50|]Floette-Eternal||Floettite|FlowerVeil|DazzlingGleam,DrainingKiss,CalmMind,Protect|Modest||F|||50|]Delphox||Delphoxite|Blaze|HeatWave,Psyshock,NastyPlot,Protect|Timid||F|||50|
|inactive|Battle timer is ON: inactive players will automatically lose when time's up. (requested by KodeBeast0526)
|
|t:|1783443965
|teamsize|p1|4
|teamsize|p2|4
|start
|switch|p1a: Vivillon|Vivillon-Ocean, L50, F|100/100
|switch|p1b: Politoed|Politoed, L50, F|100/100
|switch|p2a: Floette|Floette-Eternal, L50, F|100/100
|switch|p2b: Kingambit|Kingambit, L50, M|100/100
|-weather|RainDance|[from] ability: Drizzle|[of] p1b: Politoed
|turn|1
|inactive|KodeBeast0526 has 30 seconds left.
|inactive|Sea's Searing has 30 seconds left.
|
|t:|1783443992
|detailschange|p2a: Floette|Floette-Mega, L50, F
|-mega|p2a: Floette|Floette|Floettite
|-ability|p2a: Floette|Fairy Aura
|move|p1a: Vivillon|Sleep Powder|p2b: Kingambit
|-status|p2b: Kingambit|slp|[from] move: Sleep Powder
|move|p2a: Floette|Calm Mind|p2a: Floette
|-boost|p2a: Floette|spa|1
|-boost|p2a: Floette|spd|1
|move|p1b: Politoed|Weather Ball|p2a: Floette
|-damage|p2a: Floette|75/100
|cant|p2b: Kingambit|slp
|
|-weather|RainDance|[upkeep]
|upkeep
|turn|2
|
|t:|1783444005
|move|p2a: Floette|Protect|p2a: Floette
|-singleturn|p2a: Floette|Protect
|move|p1a: Vivillon|Sleep Powder|p2a: Floette
|-activate|p2a: Floette|move: Protect
|move|p1b: Politoed|Perish Song|p1b: Politoed
|-start|p1a: Vivillon|perish3|[silent]
|-start|p1b: Politoed|perish3|[silent]
|-start|p2a: Floette|perish3|[silent]
|-start|p2b: Kingambit|perish3|[silent]
|-fieldactivate|move: Perish Song
|cant|p2b: Kingambit|slp
|
|-weather|RainDance|[upkeep]
|-start|p1a: Vivillon|perish3
|-start|p2a: Floette|perish3
|-start|p1b: Politoed|perish3
|-start|p2b: Kingambit|perish3
|upkeep
|turn|3
|
|t:|1783444022
|switch|p1a: Swampert|Swampert, L50, M|100/100
|switch|p1b: Archaludon|Archaludon, L50, M|100/100
|move|p2a: Floette|Dazzling Gleam|p1a: Swampert|[spread] p1a,p1b
|-damage|p1a: Swampert|33/100
|-damage|p1b: Archaludon|23/100
|-ability|p1b: Archaludon|Stamina|boost
|-boost|p1b: Archaludon|def|1
|-curestatus|p2b: Kingambit|slp|[msg]
|move|p2b: Kingambit|Kowtow Cleave|p1a: Swampert
|-damage|p1a: Swampert|0 fnt
|faint|p1a: Swampert
|
|-weather|RainDance|[upkeep]
|-heal|p1b: Archaludon|29/100|[from] item: Leftovers
|-start|p2a: Floette|perish2
|-start|p2b: Kingambit|perish2
|upkeep
|
|t:|1783444035
|switch|p1a: Vivillon|Vivillon-Ocean, L50, F|100/100
|turn|4
|
|t:|1783444051
|switch|p2a: Sinistcha|Sinistcha, L50|100/100
|move|p1a: Vivillon|Protect|p1a: Vivillon
|-singleturn|p1a: Vivillon|Protect
|move|p1b: Archaludon|Protect|p1b: Archaludon
|-singleturn|p1b: Archaludon|Protect
|move|p2b: Kingambit|Kowtow Cleave|p1b: Archaludon
|-activate|p1b: Archaludon|move: Protect
|
|-weather|RainDance|[upkeep]
|-heal|p1b: Archaludon|35/100|[from] item: Leftovers
|-start|p2b: Kingambit|perish1
|upkeep
|turn|5
|
|t:|1783444074
|switch|p1b: Politoed|Politoed, L50, F|100/100
|switch|p2b: Incineroar|Incineroar, L50, F|100/100
|-ability|p2b: Incineroar|Intimidate|boost
|-unboost|p1a: Vivillon|atk|1
|-unboost|p1b: Politoed|atk|1
|move|p1a: Vivillon|Hurricane|p2a: Sinistcha
|-supereffective|p2a: Sinistcha|1
|-damage|p2a: Sinistcha|14/100
|move|p2a: Sinistcha|Matcha Gotcha|p1b: Politoed|[spread] p1a,p1b
|-resisted|p1a: Vivillon|2
|-supereffective|p1b: Politoed|1
|-damage|p1a: Vivillon|89/100
|-heal|p2a: Sinistcha|19/100|[from] drain|[of] p1a: Vivillon
|-damage|p1b: Politoed|62/100
|-heal|p2a: Sinistcha|40/100|[from] drain|[of] p1b: Politoed
|-status|p1a: Vivillon|brn
|-status|p1b: Politoed|brn
|
|-weather|none
|-damage|p1a: Vivillon|83/100 brn|[from] brn
|-damage|p1b: Politoed|56/100 brn|[from] brn
|upkeep
|turn|6
|
|t:|1783444097
|switch|p1b: Archaludon|Archaludon, L50, M|35/100
|switch|p2a: Floette|Floette-Mega, L50, F|75/100
|-ability|p2a: Floette|Fairy Aura
|move|p2b: Incineroar|Fake Out|p1a: Vivillon
|-damage|p1a: Vivillon|63/100 brn
|cant|p1a: Vivillon|flinch
|
|-heal|p1b: Archaludon|41/100|[from] item: Leftovers
|-damage|p1a: Vivillon|57/100 brn|[from] brn
|upkeep
|turn|7
|
|t:|1783444108
|switch|p1a: Politoed|Politoed, L50, F|56/100 brn
|-weather|RainDance|[from] ability: Drizzle|[of] p1a: Politoed
|switch|p2b: Sinistcha|Sinistcha, L50|40/100
|-heal|p2a: Floette|100/100|[from] ability: Hospitality|[of] p2b: Sinistcha
|move|p2a: Floette|Protect|p2a: Floette
|-singleturn|p2a: Floette|Protect
|move|p1b: Archaludon|Flash Cannon|p2a: Floette
|-activate|p2a: Floette|move: Protect
|
|-weather|RainDance|[upkeep]
|-heal|p1b: Archaludon|47/100|[from] item: Leftovers
|-damage|p1a: Politoed|50/100y brn|[from] brn
|upkeep
|-enditem|p1a: Politoed|Sitrus Berry|[eat]
|-heal|p1a: Politoed|75/100 brn|[from] item: Sitrus Berry
|turn|8
|
|t:|1783444119
|switch|p1b: Vivillon|Vivillon-Ocean, L50, F|57/100 brn
|move|p2b: Sinistcha|Rage Powder|p2b: Sinistcha
|-singleturn|p2b: Sinistcha|move: Rage Powder
|move|p2a: Floette|Dazzling Gleam|p1a: Politoed|[spread] p1a,p1b
|-damage|p1a: Politoed|42/100 brn
|-damage|p1b: Vivillon|0 fnt
|faint|p1b: Vivillon
|move|p1a: Politoed|Perish Song|p1a: Politoed
|-start|p1a: Politoed|perish3|[silent]
|-start|p2a: Floette|perish3|[silent]
|-start|p2b: Sinistcha|perish3|[silent]
|-fieldactivate|move: Perish Song
|
|-weather|RainDance|[upkeep]
|-damage|p1a: Politoed|36/100 brn|[from] brn
|-start|p2a: Floette|perish3
|-start|p1a: Politoed|perish3
|-start|p2b: Sinistcha|perish3
|upkeep
|
|t:|1783444121
|switch|p1b: Archaludon|Archaludon, L50, M|47/100
|turn|9
|
|t:|1783444131
|move|p2b: Sinistcha|Rage Powder|p2b: Sinistcha
|-singleturn|p2b: Sinistcha|move: Rage Powder
|move|p2a: Floette|Dazzling Gleam|p1b: Archaludon|[spread] p1a,p1b
|-damage|p1a: Politoed|1/100 brn
|-damage|p1b: Archaludon|3/100
|-ability|p1b: Archaludon|Stamina|boost
|-boost|p1b: Archaludon|def|1
|move|p1b: Archaludon|Electro Shot||[still]
|-prepare|p1b: Archaludon|Electro Shot
|-boost|p1b: Archaludon|spa|1
|-anim|p1b: Archaludon|Electro Shot|p2b: Sinistcha
|-resisted|p2b: Sinistcha|1
|-damage|p2b: Sinistcha|14/100
|move|p1a: Politoed|Weather Ball|p2b: Sinistcha
|-resisted|p2b: Sinistcha|1
|-damage|p2b: Sinistcha|0 fnt
|faint|p2b: Sinistcha
|
|-weather|RainDance|[upkeep]
|-heal|p1b: Archaludon|9/100|[from] item: Leftovers
|-damage|p1a: Politoed|0 fnt|[from] brn
|faint|p1a: Politoed
|-start|p2a: Floette|perish2
|upkeep
|
|t:|1783444135
|switch|p2b: Kingambit|Kingambit, L50, M|100/100
|turn|10
|
|t:|1783444140
|move|p1b: Archaludon|Protect|p1b: Archaludon
|-singleturn|p1b: Archaludon|Protect
|move|p2a: Floette|Dazzling Gleam|p1b: Archaludon
|-activate|p1b: Archaludon|move: Protect
|move|p2b: Kingambit|Kowtow Cleave|p1b: Archaludon
|-activate|p1b: Archaludon|move: Protect
|
|-weather|RainDance|[upkeep]
|-heal|p1b: Archaludon|15/100|[from] item: Leftovers
|-start|p2a: Floette|perish1
|upkeep
|turn|11
|
|t:|1783444143
|switch|p2a: Incineroar|Incineroar, L50, F|100/100
|-ability|p2a: Incineroar|Intimidate|boost
|-unboost|p1b: Archaludon|atk|1
|move|p2b: Kingambit|Sucker Punch|p1b: Archaludon
|-damage|p1b: Archaludon|0 fnt
|faint|p1b: Archaludon
|
|win|Sea's Searing
