|j|☆Arcticannine
|j|☆Alj-kun
|html|ArcticannineAlj-kun    
|uhtml|bestof|Game 2 of a best-of-3
|t:|1785421313
|gametype|doubles
|player|p1|Arcticannine|unknown|1000
|player|p2|Alj-kun|benga|1074
|gen|9
|tier|[Gen 9 Champions] VGC 2026 Reg M-B (Bo3)
|rated|
|rule|Species Clause: Limit one of each Pokémon
|rule|Item Clause: Limit 1 of each item
|clearpoke
|poke|p1|Raichu, L50, M|
|poke|p1|Gyarados, L50, M, shiny|
|poke|p1|Ninetales-Alola, L50, F|
|poke|p1|Aggron, L50, F|
|poke|p1|Politoed, L50, M, shiny|
|poke|p1|Weavile, L50, F|
|poke|p2|Sceptile, L50, M|
|poke|p2|Sneasler, L50, M|
|poke|p2|Rotom-Heat, L50|
|poke|p2|Pelipper, L50, F|
|poke|p2|Farigiraf, L50, M|
|poke|p2|Mamoswine, L50, M|
|teampreview|4
|showteam|p1|Raichu||FocusSash|LightningRod|FakeOut,VoltSwitch,Protect,BrickBreak|Hasty||M|||50|]Gyarados||Gyaradosite|Intimidate|Crunch,DragonDance,Earthquake,Waterfall|Adamant||M|||50|]Ninetales-Alola||LifeOrb|SnowWarning|Blizzard,AuroraVeil,Encore,DazzlingGleam|Calm||F|||50|]Aggron||Aggronite|Sturdy|BodyPress,IronHead,FirePunch,Protect|Impish||F|||50|]Politoed||Leftovers|Drizzle|ChillingWater,Encore,IcyWind,Protect|Serious||M|||50|]Weavile||SitrusBerry|Pickpocket|KnockOff,FakeOut,Taunt,IceShard|Adamant||F|||50|
|showteam|p2|Sceptile||Sceptilite|Overgrow|EnergyBall,DragonPulse,EarthPower,Detect|Timid||M|||50|]Sneasler||WhiteHerb|Unburden|CloseCombat,DireClaw,FakeOut,Protect|Adamant||M|||50|]Rotom-Heat||ChoiceScarf|Levitate|Discharge,Overheat,WillOWisp,Thunderbolt|Timid|||||50|]Pelipper||SitrusBerry|Drizzle|WeatherBall,Hurricane,WideGuard,Protect|Bold||F|||50|]Farigiraf||LifeOrb|ArmorTail|TwinBeam,HyperVoice,Thunder,Protect|Modest||M|||50|]Mamoswine||FocusSash|Oblivious|IceShard,RockSlide,Protect,Earthquake|Jolly||M|||50|
|inactive|Battle timer is ON: inactive players will automatically lose when time's up. (requested by Arcticannine)
|
|t:|1785421353
|teamsize|p1|4
|teamsize|p2|4
|start
|switch|p1a: Politoed|Politoed, L50, M, shiny|100/100
|switch|p1b: Gyarados|Gyarados, L50, M, shiny|100/100
|switch|p2a: Farigiraf|Farigiraf, L50, M|100/100
|switch|p2b: Mamoswine|Mamoswine, L50, M|100/100
|-ability|p1b: Gyarados|Intimidate|boost
|-unboost|p2a: Farigiraf|atk|1
|-fail|p2b: Mamoswine|unboost|Attack|[from] ability: Oblivious|[of] p2b: Mamoswine
|-weather|RainDance|[from] ability: Drizzle|[of] p1a: Politoed
|turn|1
|inactive|Arcticannine has 30 seconds left.
|
|t:|1785421381
|move|p2b: Mamoswine|Rock Slide|p1a: Politoed|[spread] p1a,p1b
|-supereffective|p1b: Gyarados|1
|-damage|p1a: Politoed|76/100
|-damage|p1b: Gyarados|49/100
|move|p1b: Gyarados|Crunch|p2a: Farigiraf
|-supereffective|p2a: Farigiraf|1
|-damage|p2a: Farigiraf|41/100
|move|p1a: Politoed|Chilling Water|p2b: Mamoswine
|-supereffective|p2b: Mamoswine|1
|-damage|p2b: Mamoswine|26/100
|-unboost|p2b: Mamoswine|atk|1
|move|p2a: Farigiraf|Thunder|p1a: Politoed
|-supereffective|p1a: Politoed|1
|-damage|p1a: Politoed|2/100
|-status|p1a: Politoed|par
|-damage|p2a: Farigiraf|32/100|[from] item: Life Orb
|
|-weather|RainDance|[upkeep]
|-heal|p1a: Politoed|8/100 par|[from] item: Leftovers
|upkeep
|turn|2
|inactive|Arcticannine has 30 seconds left.
|
|t:|1785421413
|detailschange|p1b: Gyarados|Gyarados-Mega, L50, M, shiny
|-mega|p1b: Gyarados|Gyarados|Gyaradosite
|-ability|p1b: Gyarados|Mold Breaker
|move|p2b: Mamoswine|Rock Slide|p1b: Gyarados|[spread] p1a,p1b
|-damage|p1a: Politoed|0 fnt
|-damage|p1b: Gyarados|37/100
|faint|p1a: Politoed
|move|p1b: Gyarados|Earthquake|p2b: Mamoswine|[spread] p2a,p2b
|-damage|p2a: Farigiraf|0 fnt
|-damage|p2b: Mamoswine|0 fnt
|faint|p2a: Farigiraf
|faint|p2b: Mamoswine
|
|-weather|RainDance|[upkeep]
|upkeep
|
|t:|1785421428
|switch|p2b: Sneasler|Sneasler, L50, M|100/100
|switch|p1a: Aggron|Aggron, L50, F|100/100
|switch|p2a: Sceptile|Sceptile, L50, M|100/100
|turn|3
|
|t:|1785421452
|detailschange|p2a: Sceptile|Sceptile-Mega, L50, M
|-mega|p2a: Sceptile|Sceptile|Sceptilite
|move|p1a: Aggron|Protect|p1a: Aggron
|-singleturn|p1a: Aggron|Protect
|move|p2b: Sneasler|Fake Out|p1b: Gyarados
|-damage|p1b: Gyarados|21/100
|move|p2a: Sceptile|Earth Power|p1a: Aggron
|-activate|p1a: Aggron|move: Protect
|cant|p1b: Gyarados|flinch
|
|-weather|RainDance|[upkeep]
|upkeep
|turn|4
|inactive|Arcticannine has 30 seconds left.
|
|t:|1785421477
|move|p2a: Sceptile|Earth Power|p1a: Aggron
|-supereffective|p1a: Aggron|2
|-ability|p1a: Aggron|Sturdy
|-damage|p1a: Aggron|1/100
|move|p2b: Sneasler|Close Combat|p1b: Gyarados
|-supereffective|p1b: Gyarados|1
|-damage|p1b: Gyarados|0 fnt
|-unboost|p2b: Sneasler|def|1
|-unboost|p2b: Sneasler|spd|1
|faint|p1b: Gyarados
|-enditem|p2b: Sneasler|White Herb
|-clearnegativeboost|p2b: Sneasler|[silent]
|move|p1a: Aggron|Body Press|p2a: Sceptile
|-damage|p2a: Sceptile|34/100
|
|-weather|RainDance|[upkeep]
|upkeep
|
|t:|1785421494
|switch|p1b: Ninetales|Ninetales-Alola, L50, F|100/100
|-weather|Snowscape|[from] ability: Snow Warning|[of] p1b: Ninetales
|turn|5
|
|t:|1785421514
|move|p2a: Sceptile|Detect|p2a: Sceptile
|-singleturn|p2a: Sceptile|Protect
|move|p2b: Sneasler|Dire Claw|p1b: Ninetales
|-supereffective|p1b: Ninetales|1
|-damage|p1b: Ninetales|10/100
|move|p1b: Ninetales|Dazzling Gleam|p2a: Sceptile|[spread] p2b
|-activate|p2a: Sceptile|move: Protect
|-damage|p2b: Sneasler|66/100
|-damage|p1b: Ninetales|1/100|[from] item: Life Orb
|move|p1a: Aggron|Body Press|p2a: Sceptile
|-activate|p2a: Sceptile|move: Protect
|
|-weather|Snowscape|[upkeep]
|upkeep
|turn|6
|l|☆Arcticannine
|inactive|Arcticannine disconnected and has a minute to reconnect!
|player|p1|
|inactive|Alj-kun has 30 seconds left.
|
|t:|1785421546
|move|p2b: Sneasler|Dire Claw|p1b: Ninetales
|-supereffective|p1b: Ninetales|1
|-damage|p1b: Ninetales|0 fnt
|faint|p1b: Ninetales
|move|p2a: Sceptile|Earth Power|p1a: Aggron
|-supereffective|p1a: Aggron|2
|-damage|p1a: Aggron|0 fnt
|faint|p1a: Aggron
|
|win|Alj-kun
|raw|Arcticannine's rating: 1000 → 1000(+0 for losing)
|raw|Alj-kun's rating: 1074 → 1097(+23 for winning)
