|j|☆Pzdns99
|j|☆robby w
|html|Pzdns99robby w    
|uhtml|bestof|Game 2 of a best-of-3
|t:|1756867320
|gametype|doubles
|player|p1|Pzdns99|grimsley|1137
|player|p2|robby w|pokefan-gen4|1106
|gen|9
|tier|[Gen 9] VGC 2025 Reg H (Bo3)
|rated|
|rule|Species Clause: Limit one of each Pokémon
|rule|Item Clause: Limit 1 of each item
|clearpoke
|poke|p1|Lumineon, L50, M|
|poke|p1|Pelipper, L50, F|
|poke|p1|Archaludon, L50, F|
|poke|p1|Amoonguss, L50, F|
|poke|p1|Annihilape, L50, M|
|poke|p1|Weavile, L50, M|
|poke|p2|Dondozo, L50, F|
|poke|p2|Tatsugiri, L50, M|
|poke|p2|Sneasler, L50, M|
|poke|p2|Whimsicott, L50, F|
|poke|p2|Indeedee, L50, M|
|poke|p2|Hydreigon, L50, F|
|teampreview|4
|showteam|p1|Lumineon||CovertCloak|SwiftSwim|FlipTurn,Tailwind,Encore,RainDance|||M|||50|,,,,,Grass]Pelipper||ChoiceSpecs|Drizzle|Hurricane,MuddyWater,WeatherBall,Uturn|||F|||50|,,,,,Ghost]Archaludon||AssaultVest|Stamina|ElectroShot,BodyPress,Snarl,DracoMeteor|||F|||50|,,,,,Grass]Amoonguss||SitrusBerry|Regenerator|PollenPuff,Protect,RagePowder,Spore|||F|||50|,,,,,Psychic]Annihilape||SafetyGoggles|Defiant|DrainPunch,RageFist,BulkUp,Taunt|||M|||50|,,,,,Water]Weavile||FocusSash|Pickpocket|BeatUp,TripleAxel,KnockOff,Protect|||M|||50|,,,,,Ghost
|showteam|p2|Dondozo||Leftovers|Unaware|Protect,WaveCrash,Earthquake,OrderUp|||F|||50|,,,,,Grass]Tatsugiri||ChoiceScarf|Commander|DragonPulse,IcyWind,DracoMeteor,MuddyWater|||M|||50|,,,,,Stellar]Sneasler||PsychicSeed|Unburden|DireClaw,CloseCombat,Protect,ThroatChop|||M|||50|,,,,,Dark]Whimsicott||CovertCloak|Prankster|Tailwind,Moonblast,Taunt,HelpingHand|||F|||50|,,,,,Dark]Indeedee||FocusSash|PsychicSurge|ExpandingForce,TrickRoom,DazzlingGleam,Protect|||M|||50|,,,,,Fairy]Hydreigon||LifeOrb|Levitate|DracoMeteor,Snarl,HeatWave,Protect|||F|||50|,,,,,Steel
|inactive|Battle timer is ON: inactive players will automatically lose when time's up. (requested by robby w)
|
|t:|1756867340
|teamsize|p1|4
|teamsize|p2|4
|start
|switch|p1a: Weavile|Weavile, L50, M|100/100
|switch|p1b: Amoonguss|Amoonguss, L50, F|100/100
|switch|p2a: Sneasler|Sneasler, L50, M|100/100
|switch|p2b: Dondozo|Dondozo, L50, F, shiny|100/100
|turn|1
|inactive|robby w has 30 seconds left.
|inactive|robby w has 20 seconds left.
|
|t:|1756867378
|switch|p2a: Tatsugiri|Tatsugiri, L50, M|100/100
|-activate|p2a: Tatsugiri|ability: Commander|[of] p2b: Dondozo
|-boost|p2b: Dondozo|atk|2
|-boost|p2b: Dondozo|spa|2
|-boost|p2b: Dondozo|spe|2
|-boost|p2b: Dondozo|def|2
|-boost|p2b: Dondozo|spd|2
|-terastallize|p2b: Dondozo|Grass
|move|p2b: Dondozo|Earthquake|p1b: Amoonguss|[spread] p1a,p1b
|-miss|p2b: Dondozo|p2a: Tatsugiri
|-damage|p1a: Weavile|22/100
|-damage|p1b: Amoonguss|59/100
|move|p1a: Weavile|Triple Axel|p2a: Tatsugiri|[miss]
|-miss|p1a: Weavile|p2a: Tatsugiri
|move|p1b: Amoonguss|Spore|p2b: Dondozo
|-immune|p2b: Dondozo
|
|upkeep
|turn|2
|inactive|robby w has 30 seconds left.
|
|t:|1756867405
|switch|p1b: Lumineon|Lumineon, L50, M|100/100
|move|p2b: Dondozo|Earthquake|p1a: Weavile|[spread] p1a,p1b
|-miss|p2b: Dondozo|p2a: Tatsugiri
|-damage|p1a: Weavile|0 fnt
|-damage|p1b: Lumineon|51/100
|faint|p1a: Weavile
|
|upkeep
|
|t:|1756867411
|switch|p1a: Pelipper|Pelipper, L50, F|100/100
|-weather|RainDance|[from] ability: Drizzle|[of] p1a: Pelipper
|turn|3
|
|t:|1756867428
|-terastallize|p1b: Lumineon|Grass
|move|p1b: Lumineon|Encore|p2b: Dondozo
|-start|p2b: Dondozo|Encore
|move|p2b: Dondozo|Earthquake|p1a: Pelipper|[spread] p1b
|-miss|p2b: Dondozo|p2a: Tatsugiri
|-immune|p1a: Pelipper
|-resisted|p1b: Lumineon
|-damage|p1b: Lumineon|25/100
|move|p1a: Pelipper|Hurricane|p2b: Dondozo
|-supereffective|p2b: Dondozo
|-damage|p2b: Dondozo|20/100
|
|-weather|RainDance|[upkeep]
|-heal|p2b: Dondozo|26/100|[from] item: Leftovers
|upkeep
|turn|4
|inactive|Pzdns99 has 30 seconds left.
|
|t:|1756867457
|move|p1b: Lumineon|Tailwind|p1b: Lumineon
|-sidestart|p1: Pzdns99|move: Tailwind
|move|p1a: Pelipper|Hurricane|p2b: Dondozo
|-supereffective|p2b: Dondozo
|-damage|p2b: Dondozo|0 fnt
|faint|p2b: Dondozo
|
|-weather|RainDance|[upkeep]
|upkeep
|
|t:|1756867471
|switch|p2b: Indeedee|Indeedee, L50, M|100/100
|-fieldstart|move: Psychic Terrain|[from] ability: Psychic Surge|[of] p2b: Indeedee
|turn|5
|
|t:|1756867490
|move|p2b: Indeedee|Protect|p2b: Indeedee
|-singleturn|p2b: Indeedee|Protect
|move|p1b: Lumineon|Flip Turn|p2b: Indeedee
|-activate|p2b: Indeedee|move: Protect
|move|p1a: Pelipper|Hurricane|p2b: Indeedee
|-activate|p2b: Indeedee|move: Protect
|move|p2a: Tatsugiri|Icy Wind|p1a: Pelipper|[spread] p1b
|-miss|p2a: Tatsugiri|p1a: Pelipper
|-supereffective|p1b: Lumineon
|-damage|p1b: Lumineon|0 fnt
|faint|p1b: Lumineon
|
|-weather|RainDance|[upkeep]
|upkeep
|
|t:|1756867492
|switch|p1b: Amoonguss|Amoonguss, L50, F|92/100
|turn|6
|inactive|robby w has 30 seconds left.
|inactive|robby w has 20 seconds left.
|inactive|robby w has 15 seconds left.
|
|t:|1756867534
|move|p1a: Pelipper|Hurricane|p2b: Indeedee
|-enditem|p2b: Indeedee|Focus Sash
|-damage|p2b: Indeedee|1/100
|-start|p2b: Indeedee|confusion
|move|p2a: Tatsugiri|Icy Wind|p1b: Amoonguss|[spread] p1a,p1b
|-supereffective|p1b: Amoonguss
|-damage|p1a: Pelipper|78/100
|-damage|p1b: Amoonguss|70/100
|-unboost|p1a: Pelipper|spe|1
|-unboost|p1b: Amoonguss|spe|1
|-activate|p2b: Indeedee|confusion
|move|p2b: Indeedee|Expanding Force|p1b: Amoonguss|[spread] p1a,p1b
|-supereffective|p1b: Amoonguss
|-damage|p1a: Pelipper|0 fnt
|-damage|p1b: Amoonguss|0 fnt
|faint|p1a: Pelipper
|faint|p1b: Amoonguss
|
|win|robby w
||Pzdns99 is ready for game 3.
|inactive|robby w has 30 seconds to confirm battle start!
||robby w is ready for game 3.
|uhtml|next|Next: Game 3 of 3
|l|☆Pzdns99
|player|p1|
