|j|Ōśåleogamemaster
|j|Ōśåsmearglehater21
|html|leogamemastersmearglehater21    
|uhtml|bestof|Game 1 of a best-of-3
|t:|1784737639
|gametype|doubles
|player|p1|leogamemaster|lucas|1247
|player|p2|smearglehater21|nate|1119
|gen|9
|tier|[Gen 9 Champions] VGC 2026 Reg M-B (Bo3)
|rated|
|rule|Species Clause: Limit one of each Pok├®mon
|rule|Item Clause: Limit 1 of each item
|clearpoke
|poke|p1|Floette-Eternal, L50, F|
|poke|p1|Garchomp, L50, F|
|poke|p1|Incineroar, L50, F|
|poke|p1|Sinistcha, L50|
|poke|p1|Gholdengo, L50|
|poke|p1|Raichu, L50, M|
|poke|p2|Kingambit, L50, F|
|poke|p2|Whimsicott, L50, M|
|poke|p2|Basculegion, L50, M|
|poke|p2|Garchomp, L50, F|
|poke|p2|Charizard, L50, F|
|poke|p2|Floette-Eternal, L50, F|
|teampreview|4
|showteam|p1|Floette-Eternal||Floettite|FlowerVeil|Protect,Moonblast,DazzlingGleam,LightofRuin|Timid||F|||50|]Garchomp||LifeOrb|RoughSkin|Protect,RockSlide,DragonClaw,StompingTantrum|Jolly||F|||50|]Incineroar||SitrusBerry|Intimidate|FakeOut,PartingShot,FlareBlitz,ThroatChop|Careful||F|||50|]Sinistcha||KasibBerry|Hospitality|RagePowder,MatchaGotcha,LifeDew,LeafStorm|Bold|||||50|]Gholdengo||MetalCoat|GoodasGold|Protect,NastyPlot,MakeItRain,ShadowBall|Modest|||||50|]Raichu||RaichuniteY|Static|Protect,FakeOut,ZapCannon,FocusBlast|Timid||M|||50|
|showteam|p2|Kingambit||ChopleBerry|Defiant|KowtowCleave,LowKick,SuckerPunch,IronHead|Adamant||F|||50|]Whimsicott||FocusSash|Prankster|Moonblast,Tailwind,Encore,Protect|Timid||M|||50|]Basculegion||MysticWater|Adaptability|WaveCrash,LastRespects,AquaJet,Protect|Adamant||M|||50|]Garchomp||LifeOrb|RoughSkin|DragonClaw,RockSlide,Earthquake,Protect|Jolly||F|||50|]Charizard||CharizarditeY|Blaze|WeatherBall,HeatWave,SolarBeam,Protect|Modest||F|||50|]Floette-Eternal||Floettite|FlowerVeil|Moonblast,DazzlingGleam,LightofRuin,Protect|Timid||F|||50|
|inactive|Battle timer is ON: inactive players will automatically lose when time's up. (requested by smearglehater21)
|
|t:|1784737665
|teamsize|p1|4
|teamsize|p2|4
|start
|switch|p1a: Incineroar|Incineroar, L50, F|100/100
|switch|p1b: Raichu|Raichu, L50, M|100/100
|switch|p2a: Garchomp|Garchomp, L50, F|100/100
|switch|p2b: Kingambit|Kingambit, L50, F|100/100
|-ability|p1a: Incineroar|Intimidate|boost
|-unboost|p2a: Garchomp|atk|1
|-unboost|p2b: Kingambit|atk|1
|-ability|p2b: Kingambit|Defiant|boost
|-boost|p2b: Kingambit|atk|2
|turn|1
|inactive|smearglehater21 has 30 seconds left.
|
|t:|1784737699
|detailschange|p1b: Raichu|Raichu-Mega-Y, L50, M
|-mega|p1b: Raichu|Raichu|Raichunite Y
|move|p2a: Garchomp|Protect|p2a: Garchomp
|-singleturn|p2a: Garchomp|Protect
|move|p1a: Incineroar|Fake Out|p2a: Garchomp
|-activate|p2a: Garchomp|move: Protect
|move|p1b: Raichu|Focus Blast|p2b: Kingambit
|-supereffective|p2b: Kingambit|2
|-enditem|p2b: Kingambit|Chople Berry|[eat]
|-enditem|p2b: Kingambit|Chople Berry|[weaken]
|-damage|p2b: Kingambit|5/100
|move|p2b: Kingambit|Low Kick|p1a: Incineroar
|-supereffective|p1a: Incineroar|1
|-damage|p1a: Incineroar|15/100
|-enditem|p1a: Incineroar|Sitrus Berry|[eat]
|-heal|p1a: Incineroar|40/100|[from] item: Sitrus Berry
|
|upkeep
|turn|2
|c|Ōśåleogamemaster|i hate smeargle too
|c|Ōśåsmearglehater21|good choice
|inactive|leogamemaster has 30 seconds left.
|inactive|smearglehater21 has 30 seconds left.
|inactive|smearglehater21 has 20 seconds left.
|inactive|smearglehater21 has 15 seconds left.
|c|Ōśåleogamemaster|hes so annoying
|
|t:|1784737742
|switch|p1b: Sinistcha|Sinistcha, L50|100/100
|-heal|p1a: Incineroar|65/100|[from] ability: Hospitality|[of] p1b: Sinistcha
|switch|p2b: Whimsicott|Whimsicott, L50, M|100/100
|move|p2a: Garchomp|Earthquake|p1b: Sinistcha|[spread] p2b,p1a,p1b
|-resisted|p2b: Whimsicott|1
|-supereffective|p1a: Incineroar|1
|-resisted|p1b: Sinistcha|1
|-damage|p2b: Whimsicott|74/100
|-damage|p1a: Incineroar|9/100
|-damage|p1b: Sinistcha|87/100
|-damage|p2a: Garchomp|90/100|[from] item: Life Orb
|move|p1a: Incineroar|Throat Chop|p2b: Whimsicott
|-resisted|p2b: Whimsicott|1
|-damage|p2b: Whimsicott|49/100
|-start|p2b: Whimsicott|Throat Chop|[silent]
|
|upkeep
|turn|3
|
|t:|1784737762
|move|p2b: Whimsicott|Moonblast|p1b: Sinistcha
|-damage|p1b: Sinistcha|54/100
|move|p2a: Garchomp|Rock Slide|p1a: Incineroar|[spread] p1a,p1b
|-supereffective|p1a: Incineroar|1
|-damage|p1a: Incineroar|0 fnt
|-damage|p1b: Sinistcha|40/100
|faint|p1a: Incineroar
|-damage|p2a: Garchomp|80/100|[from] item: Life Orb
|move|p1b: Sinistcha|Matcha Gotcha|p2b: Whimsicott|[spread] p2a,p2b
|-resisted|p2b: Whimsicott|1
|-damage|p2a: Garchomp|52/100
|-heal|p1b: Sinistcha|55/100|[from] drain|[of] p2a: Garchomp
|-damage|p2b: Whimsicott|29/100
|-heal|p1b: Sinistcha|62/100|[from] drain|[of] p2b: Whimsicott
|
|-end|p2b: Whimsicott|Throat Chop|[silent]
|upkeep
|
|t:|1784737784
|switch|p1a: Raichu|Raichu-Mega-Y, L50, M|100/100
|turn|4
|
|t:|1784737796
|move|p2b: Whimsicott|Protect|p2b: Whimsicott
|-singleturn|p2b: Whimsicott|Protect
|move|p2a: Garchomp|Protect|p2a: Garchomp
|-singleturn|p2a: Garchomp|Protect
|move|p1a: Raichu|Fake Out|p2a: Garchomp
|-activate|p2a: Garchomp|move: Protect
|move|p1b: Sinistcha|Matcha Gotcha|p2b: Whimsicott|[spread] 
|-activate|p2a: Garchomp|move: Protect
|-activate|p2b: Whimsicott|move: Protect
|
|upkeep
|turn|5
|
|t:|1784737810
|move|p1a: Raichu|Protect|p1a: Raichu
|-singleturn|p1a: Raichu|Protect
|move|p2b: Whimsicott|Tailwind|p2b: Whimsicott
|-sidestart|p2: smearglehater21|move: Tailwind
|move|p2a: Garchomp|Earthquake|p1b: Sinistcha|[spread] p2b,p1b
|-activate|p1a: Raichu|move: Protect
|-resisted|p2b: Whimsicott|1
|-resisted|p1b: Sinistcha|1
|-damage|p2b: Whimsicott|6/100
|-damage|p1b: Sinistcha|50/100g
|-damage|p2a: Garchomp|43/100|[from] item: Life Orb
|move|p1b: Sinistcha|Leaf Storm|p2a: Garchomp|[miss]
|-miss|p1b: Sinistcha|p2a: Garchomp
|
|upkeep
|turn|6
|c|Ōśåleogamemaster|holy airball
|
|t:|1784737830
|switch|p1a: Garchomp|Garchomp, L50, F|100/100
|move|p2b: Whimsicott|Moonblast|p1b: Sinistcha
|-damage|p1b: Sinistcha|17/100
|move|p2a: Garchomp|Earthquake|p1a: Garchomp|[spread] p2b,p1a,p1b
|-resisted|p2b: Whimsicott|1
|-resisted|p1b: Sinistcha|1
|-damage|p2b: Whimsicott|0 fnt
|-damage|p1a: Garchomp|64/100
|-damage|p1b: Sinistcha|5/100
|faint|p2b: Whimsicott
|-damage|p2a: Garchomp|33/100|[from] item: Life Orb
|move|p1b: Sinistcha|Matcha Gotcha|p2a: Garchomp
|-damage|p2a: Garchomp|0 fnt
|-heal|p1b: Sinistcha|22/100|[from] drain|[of] p2a: Garchomp
|faint|p2a: Garchomp
|
|upkeep
|
|t:|1784737840
|switch|p2b: Floette|Floette-Eternal, L50, F|100/100
|switch|p2a: Kingambit|Kingambit, L50, F|5/100
|turn|7
|c|Ōśåleogamemaster|bro sini what are u aiming at
|
|t:|1784737863
|detailschange|p2b: Floette|Floette-Mega, L50, F
|-mega|p2b: Floette|Floette|Floettite
|-ability|p2b: Floette|Fairy Aura
|move|p1a: Garchomp|Protect|p1a: Garchomp
|-singleturn|p1a: Garchomp|Protect
|move|p2b: Floette|Dazzling Gleam|p1b: Sinistcha|[spread] p1b
|-activate|p1a: Garchomp|move: Protect
|-damage|p1b: Sinistcha|0 fnt
|faint|p1b: Sinistcha
|move|p2a: Kingambit|Kowtow Cleave|p1a: Garchomp
|-activate|p1a: Garchomp|move: Protect
|
|upkeep
|
|t:|1784737867
|switch|p1b: Raichu|Raichu-Mega-Y, L50, M|100/100
|turn|8
|inactive|smearglehater21 has 30 seconds left.
|
|t:|1784737898
|move|p2b: Floette|Protect|p2b: Floette
|-singleturn|p2b: Floette|Protect
|move|p1b: Raichu|Fake Out|p2b: Floette
|-activate|p2b: Floette|move: Protect
|move|p2a: Kingambit|Sucker Punch|p1a: Garchomp
|-damage|p1a: Garchomp|26/100
|-damage|p2a: Kingambit|0 fnt|[from] ability: Rough Skin|[of] p1a: Garchomp
|faint|p2a: Kingambit
|move|p1a: Garchomp|Stomping Tantrum|p2b: Floette
|-activate|p2b: Floette|move: Protect
|
|-sideend|p2: smearglehater21|move: Tailwind
|upkeep
|turn|9
|
|t:|1784737910
|move|p1b: Raichu|Zap Cannon|p2b: Floette
|-damage|p2b: Floette|32/100
|-status|p2b: Floette|par
|move|p1a: Garchomp|Stomping Tantrum|p2b: Floette
|-damage|p2b: Floette|0 fnt
|faint|p2b: Floette
|-damage|p1a: Garchomp|16/100|[from] item: Life Orb
|
|win|leogamemaster
