|j|☆VenuDaAscoInRain
|j|☆mesias707
|html|VenuDaAscoInRainmesias707    
|uhtml|bestof|Game 2 of a best-of-3
|t:|1783293269
|gametype|doubles
|player|p1|VenuDaAscoInRain|li|1287
|player|p2|mesias707|harlequin|1315
|gen|9
|tier|[Gen 9 Champions] VGC 2026 Reg M-B (Bo3)
|rated|
|rule|Species Clause: Limit one of each Pokémon
|rule|Item Clause: Limit 1 of each item
|clearpoke
|poke|p1|Kingambit, L50, F, shiny|
|poke|p1|Charizard, L50, M, shiny|
|poke|p1|Floette-Eternal, L50, F|
|poke|p1|Whimsicott, L50, M|
|poke|p1|Garchomp, L50, F, shiny|
|poke|p1|Basculegion, L50, M|
|poke|p2|Blastoise, L50, M|
|poke|p2|Delphox, L50, F, shiny|
|poke|p2|Incineroar, L50, F, shiny|
|poke|p2|Sneasler, L50, M|
|poke|p2|Sinistcha, L50|
|poke|p2|Kingambit, L50, F, shiny|
|teampreview|4
|showteam|p1|Kingambit||ChopleBerry|Defiant|KowtowCleave,LowKick,SuckerPunch,Protect|Adamant||F|||50|]Charizard||CharizarditeY|SolarPower|HeatWave,WeatherBall,SolarBeam,Protect|Modest||M|||50|]Floette-Eternal||Floettite|FlowerVeil|Moonblast,DazzlingGleam,LightofRuin,Protect|Timid||F|||50|]Whimsicott||FocusSash|Prankster|Moonblast,Tailwind,Encore,Protect|Timid||M|||50|]Garchomp||LifeOrb|RoughSkin|Earthquake,DragonClaw,RockSlide,Protect|Jolly||F|||50|]Basculegion||MysticWater|Adaptability|WaveCrash,AquaJet,LastRespects,Protect|Adamant||M|||50|
|showteam|p2|Blastoise||Blastoisinite|RainDish|WaterSpout,DarkPulse,ShellSmash,Protect|Modest||M|||50|]Delphox||Delphoxite|Blaze|HeatWave,Psyshock,NastyPlot,Protect|Timid||F|||50|]Incineroar||SitrusBerry|Intimidate|FlareBlitz,FakeOut,PartingShot,HelpingHand|Impish||F|||50|]Sneasler||FocusSash|PoisonTouch|CloseCombat,DireClaw,FakeOut,QuickGuard|Jolly||M|||50|]Sinistcha||OccaBerry|Hospitality|MatchaGotcha,RagePowder,TrickRoom,Protect|Bold|||||50|]Kingambit||BlackGlasses|Defiant|KowtowCleave,SuckerPunch,SwordsDance,Protect|Adamant||F|||50|
|inactive|Battle timer is ON: inactive players will automatically lose when time's up. (requested by VenuDaAscoInRain)
|c|☆VenuDaAscoInRain|y este team no se queda atras eh
|c|☆VenuDaAscoInRain|que whimsi jode un puto huevo
|c|☆VenuDaAscoInRain|el meta una mierda
|c|☆mesias707|ya
|c|☆VenuDaAscoInRain|metan ya las megas Z joder
|c|☆mesias707|da asco
|c|☆VenuDaAscoInRain|den variedad
|c|☆mesias707|solo se juega
|inactive|VenuDaAscoInRain has 60 seconds left.
|c|☆mesias707|el big six de naic
|c|☆mesias707|chari floette
|c|☆mesias707|y blastoise delphox
|c|☆VenuDaAscoInRain|tal cual
|c|☆VenuDaAscoInRain|solo hay que mirar el vr de hoy
|c|☆mesias707|literal
|inactive|VenuDaAscoInRain has 30 seconds left.
|
|t:|1783293333
|teamsize|p1|4
|teamsize|p2|4
|start
|switch|p1a: Kingambit|Kingambit, L50, F, shiny|100/100
|switch|p1b: Basculegion|Basculegion, L50, M|100/100
|switch|p2a: Delphox|Delphox, L50, F, shiny|100/100
|switch|p2b: Incineroar|Incineroar, L50, F, shiny|100/100
|-ability|p2b: Incineroar|Intimidate|boost
|-unboost|p1a: Kingambit|atk|1
|-ability|p1a: Kingambit|Defiant|boost
|-boost|p1a: Kingambit|atk|2
|-unboost|p1b: Basculegion|atk|1
|turn|1
|
|t:|1783293350
|detailschange|p2a: Delphox|Delphox-Mega, L50, F, shiny
|-mega|p2a: Delphox|Delphox|Delphoxite
|move|p2a: Delphox|Protect|p2a: Delphox
|-singleturn|p2a: Delphox|Protect
|move|p1b: Basculegion|Protect|p1b: Basculegion
|-singleturn|p1b: Basculegion|Protect
|move|p1a: Kingambit|Protect|p1a: Kingambit
|-singleturn|p1a: Kingambit|Protect
|move|p2b: Incineroar|Parting Shot|p1b: Basculegion
|-activate|p1b: Basculegion|move: Protect
|
|upkeep
|turn|2
|
|t:|1783293368
|switch|p2a: Sinistcha|Sinistcha, L50|100/100
|move|p1a: Kingambit|Sucker Punch||[still]
|-fail|p1a: Kingambit
|move|p1b: Basculegion|Wave Crash|p2a: Sinistcha
|-resisted|p2a: Sinistcha|1
|-damage|p2a: Sinistcha|75/100
|-damage|p1b: Basculegion|92/100|[from] Recoil
|move|p2b: Incineroar|Parting Shot|p1b: Basculegion
|-unboost|p1b: Basculegion|atk|1
|-unboost|p1b: Basculegion|spa|1
|
|t:|1783293377
|switch|p2b: Delphox|Delphox-Mega, L50, F, shiny|100/100|[from] Parting Shot
|
|upkeep
|turn|3
|
|t:|1783293385
|switch|p1b: Whimsicott|Whimsicott, L50, M|100/100
|move|p1a: Kingambit|Protect|p1a: Kingambit
|-singleturn|p1a: Kingambit|Protect
|move|p2a: Sinistcha|Rage Powder|p2a: Sinistcha
|-singleturn|p2a: Sinistcha|move: Rage Powder
|move|p2b: Delphox|Heat Wave|p1b: Whimsicott|[spread] p1b
|-activate|p1a: Kingambit|move: Protect
|-supereffective|p1b: Whimsicott|1
|-enditem|p1b: Whimsicott|Focus Sash
|-damage|p1b: Whimsicott|1/100
|
|upkeep
|turn|4
|
|t:|1783293391
|move|p2a: Sinistcha|Rage Powder|p2a: Sinistcha
|-singleturn|p2a: Sinistcha|move: Rage Powder
|move|p1b: Whimsicott|Tailwind|p1b: Whimsicott
|-sidestart|p1: VenuDaAscoInRain|move: Tailwind
|move|p2b: Delphox|Heat Wave|p1b: Whimsicott|[spread] p1a,p1b
|-supereffective|p1a: Kingambit|1
|-supereffective|p1b: Whimsicott|1
|-damage|p1a: Kingambit|1/100
|-damage|p1b: Whimsicott|0 fnt
|faint|p1b: Whimsicott
|move|p1a: Kingambit|Kowtow Cleave|p2a: Sinistcha
|-supereffective|p2a: Sinistcha|1
|-damage|p2a: Sinistcha|0 fnt
|faint|p2a: Sinistcha
|
|upkeep
|
|t:|1783293403
|switch|p1b: Basculegion|Basculegion, L50, M|92/100
|switch|p2a: Kingambit|Kingambit, L50, F, shiny|100/100
|turn|5
|
|t:|1783293413
|move|p2b: Delphox|Protect|p2b: Delphox
|-singleturn|p2b: Delphox|Protect
|move|p1a: Kingambit|Protect|p1a: Kingambit
|-singleturn|p1a: Kingambit|Protect
|move|p1b: Basculegion|Wave Crash|p2a: Kingambit
|-damage|p2a: Kingambit|20/100y
|-damage|p1b: Basculegion|65/100|[from] Recoil
|move|p2a: Kingambit|Kowtow Cleave|p1b: Basculegion
|-supereffective|p1b: Basculegion|1
|-damage|p1b: Basculegion|0 fnt
|faint|p1b: Basculegion
|
|upkeep
|
|t:|1783293415
|switch|p1b: Garchomp|Garchomp, L50, F, shiny|100/100
|turn|6
|
|t:|1783293432
|switch|p2b: Incineroar|Incineroar, L50, F, shiny|100/100
|-ability|p2b: Incineroar|Intimidate|boost
|-unboost|p1a: Kingambit|atk|1
|-ability|p1a: Kingambit|Defiant|boost
|-boost|p1a: Kingambit|atk|2
|-unboost|p1b: Garchomp|atk|1
|move|p1a: Kingambit|Sucker Punch||[still]
|-fail|p1a: Kingambit
|move|p2a: Kingambit|Sucker Punch|p1b: Garchomp
|-damage|p1b: Garchomp|46/100
|-damage|p2a: Kingambit|8/100|[from] ability: Rough Skin|[of] p1b: Garchomp
|move|p1b: Garchomp|Dragon Claw|p2a: Kingambit
|-resisted|p2a: Kingambit|1
|-damage|p2a: Kingambit|0 fnt
|faint|p2a: Kingambit
|-damage|p1b: Garchomp|37/100|[from] item: Life Orb
|
|upkeep
|
|t:|1783293444
|switch|p2a: Delphox|Delphox-Mega, L50, F, shiny|100/100
|turn|7
|
|t:|1783293451
|move|p1b: Garchomp|Protect|p1b: Garchomp
|-singleturn|p1b: Garchomp|Protect
|move|p2a: Delphox|Protect|p2a: Delphox
|-singleturn|p2a: Delphox|Protect
|move|p1a: Kingambit|Protect|p1a: Kingambit
|-singleturn|p1a: Kingambit|Protect
|move|p2b: Incineroar|Fake Out|p1a: Kingambit
|-activate|p1a: Kingambit|move: Protect
|
|-sideend|p1: VenuDaAscoInRain|move: Tailwind
|upkeep
|turn|8
|
|t:|1783293458
|move|p2a: Delphox|Protect|p2a: Delphox
|-singleturn|p2a: Delphox|Protect
|move|p1b: Garchomp|Rock Slide|p2a: Delphox|[spread] p2b
|-activate|p2a: Delphox|move: Protect
|-supereffective|p2b: Incineroar|1
|-damage|p2b: Incineroar|70/100
|-damage|p1b: Garchomp|27/100|[from] item: Life Orb
|cant|p2b: Incineroar|flinch
|move|p1a: Kingambit|Low Kick|p2b: Incineroar
|-supereffective|p2b: Incineroar|1
|-crit|p2b: Incineroar
|-damage|p2b: Incineroar|0 fnt
|faint|p2b: Incineroar
|
|upkeep
|turn|9
|c|☆VenuDaAscoInRain|gg
|
|t:|1783293471
|move|p1a: Kingambit|Sucker Punch|p2a: Delphox
|-supereffective|p2a: Delphox|1
|-damage|p2a: Delphox|0 fnt
|faint|p2a: Delphox
|
|win|VenuDaAscoInRain
|raw|VenuDaAscoInRain's rating: 1287 → 1314(+27 for winning)
|raw|mesias707's rating: 1315 → 1293(-22 for losing)
