|j|☆srilekha
|j|☆vilan333
|html|srilekhavilan333    
|uhtml|bestof|Game 2 of a best-of-3
|t:|1782364184
|gametype|doubles
|player|p1|srilekha|170|1135
|player|p2|vilan333|marshal|1129
|gen|9
|tier|[Gen 9 Champions] VGC 2026 Reg M-B (Bo3)
|rated|
|rule|Species Clause: Limit one of each Pokémon
|rule|Item Clause: Limit 1 of each item
|clearpoke
|poke|p1|Tyranitar, L50, M|
|poke|p1|Steelix, L50, M, shiny|
|poke|p1|Kingambit, L50, F, shiny|
|poke|p1|Alakazam, L50, M, shiny|
|poke|p1|Toxapex, L50, M, shiny|
|poke|p1|Sylveon, L50, M, shiny|
|poke|p2|Vileplume, L50, F|
|poke|p2|Kangaskhan, L50, F|
|poke|p2|Farigiraf, L50, M|
|poke|p2|Torkoal, L50, M|
|poke|p2|Basculegion, L50, M|
|poke|p2|Kommo-o, L50, M|
|teampreview|4
|showteam|p1|Tyranitar||SmoothRock|SandStream|ThunderPunch,Protect,Crunch,RockSlide|Impish||M|||50|]Steelix||Steelixite|RockHead|HeavySlam,RockSlide,StompingTantrum,ThunderFang|Brave||M|||50|]Kingambit||ChopleBerry|Defiant|KowtowCleave,IronHead,SuckerPunch,SwordsDance|Adamant||F|||50|]Alakazam||Alakazite|MagicGuard|DazzlingGleam,ShadowBall,Psychic,EnergyBall|Timid||M|||50|]Toxapex||Leftovers|Regenerator|BanefulBunker,Recover,Infestation,Toxic|Impish||M|||50|]Sylveon||FairyFeather|Pixilate|HyperBeam,HyperVoice,Protect,MysticalFire|Modest||M|||50|
|showteam|p2|Vileplume||FocusSash|Chlorophyll|SludgeBomb,EnergyBall,SleepPowder,AfterYou|Timid||F|||50|]Kangaskhan||Kangaskhanite|Scrappy|DoubleEdge,FakeOut,LowKick,SuckerPunch|Adamant||F|||50|]Farigiraf||ColburBerry|ArmorTail|HyperVoice,Psychic,Protect,TrickRoom|Quiet||M|||50|]Torkoal||Charcoal|Drought|Eruption,WeatherBall,EarthPower,Protect|Quiet||M|||50|]Basculegion||ChoiceScarf|Adaptability|AquaJet,WaveCrash,LastRespects,FlipTurn|Jolly||M|||50|]Kommo-o||HabanBerry|Overcoat|ClangingScales,AuraSphere,Protect,ClangorousSoul|Modest||M|||50|
|
|t:|1782364232
|teamsize|p1|4
|teamsize|p2|4
|start
|switch|p1a: Sylveon|Sylveon, L50, M, shiny|100/100
|switch|p1b: Toxapex|Toxapex, L50, M, shiny|100/100
|switch|p2a: Kangaskhan|Kangaskhan, L50, F|100/100
|switch|p2b: Kommo-o|Kommo-o, L50, M|100/100
|turn|1
|
|t:|1782364260
|detailschange|p2a: Kangaskhan|Kangaskhan-Mega, L50, F
|-mega|p2a: Kangaskhan|Kangaskhan|Kangaskhanite
|move|p2a: Kangaskhan|Fake Out|p1a: Sylveon
|-damage|p1a: Sylveon|74/100
|-damage|p1a: Sylveon|68/100
|-hitcount|p1a: Sylveon|2
|move|p2b: Kommo-o|Clangorous Soul|p2b: Kommo-o
|-boost|p2b: Kommo-o|atk|1
|-boost|p2b: Kommo-o|def|1
|-boost|p2b: Kommo-o|spa|1
|-boost|p2b: Kommo-o|spd|1
|-boost|p2b: Kommo-o|spe|1
|-damage|p2b: Kommo-o|67/100
|cant|p1a: Sylveon|flinch
|move|p1b: Toxapex|Infestation|p2a: Kangaskhan
|-damage|p2a: Kangaskhan|97/100
|-activate|p2a: Kangaskhan|move: Infestation|[of] p1b: Toxapex
|
|-damage|p2a: Kangaskhan|85/100|[from] move: Infestation|[partiallytrapped]
|upkeep
|turn|2
|
|t:|1782364281
|move|p2b: Kommo-o|Protect|p2b: Kommo-o
|-singleturn|p2b: Kommo-o|Protect
|move|p1a: Sylveon|Protect|p1a: Sylveon
|-singleturn|p1a: Sylveon|Protect
|move|p2a: Kangaskhan|Double-Edge|p1a: Sylveon
|-activate|p1a: Sylveon|move: Protect
|move|p1b: Toxapex|Toxic|p2a: Kangaskhan
|-status|p2a: Kangaskhan|tox
|
|-damage|p2a: Kangaskhan|79/100 tox|[from] psn
|-damage|p2a: Kangaskhan|66/100 tox|[from] move: Infestation|[partiallytrapped]
|upkeep
|turn|3
|
|t:|1782364301
|switch|p1a: Steezy|Steelix, L50, M, shiny|100/100
|move|p2b: Kommo-o|Aura Sphere|p1a: Steezy
|-supereffective|p1a: Steezy|1
|-damage|p1a: Steezy|0 fnt
|faint|p1a: Steezy
|move|p2a: Kangaskhan|Double-Edge|p1b: Toxapex
|-damage|p1b: Toxapex|62/100
|-damage|p1b: Toxapex|51/100
|-hitcount|p1b: Toxapex|2
|-damage|p2a: Kangaskhan|57/100 tox|[from] Recoil
|move|p1b: Toxapex|Toxic|p2b: Kommo-o
|-status|p2b: Kommo-o|tox
|
|-heal|p1b: Toxapex|58/100|[from] item: Leftovers
|-damage|p2b: Kommo-o|61/100 tox|[from] psn
|-damage|p2a: Kangaskhan|45/100 tox|[from] psn
|-damage|p2a: Kangaskhan|33/100 tox|[from] move: Infestation|[partiallytrapped]
|upkeep
|
|t:|1782364318
|switch|p1a: Sylveon|Sylveon, L50, M, shiny|68/100
|turn|4
|
|t:|1782364328
|move|p1a: Sylveon|Protect|p1a: Sylveon
|-singleturn|p1a: Sylveon|Protect
|move|p2b: Kommo-o|Aura Sphere|p1a: Sylveon
|-activate|p1a: Sylveon|move: Protect
|move|p2a: Kangaskhan|Double-Edge|p1a: Sylveon
|-activate|p1a: Sylveon|move: Protect
|move|p1b: Toxapex|Recover|p1b: Toxapex
|-heal|p1b: Toxapex|100/100
|
|-damage|p2b: Kommo-o|49/100 tox|[from] psn
|-damage|p2a: Kangaskhan|14/100 tox|[from] psn
|-damage|p2a: Kangaskhan|2/100 tox|[from] move: Infestation|[partiallytrapped]
|upkeep
|turn|5
|
|t:|1782364348
|switch|p1a: Tyreezy|Tyranitar, L50, M|100/100
|-weather|Sandstorm|[from] ability: Sand Stream|[of] p1a: Tyreezy
|move|p2b: Kommo-o|Aura Sphere|p1a: Tyreezy
|-supereffective|p1a: Tyreezy|2
|-damage|p1a: Tyreezy|0 fnt
|faint|p1a: Tyreezy
|move|p2a: Kangaskhan|Double-Edge|p1b: Toxapex
|-damage|p1b: Toxapex|59/100
|-damage|p1b: Toxapex|48/100
|-hitcount|p1b: Toxapex|2
|-damage|p2a: Kangaskhan|0 fnt|[from] Recoil
|faint|p2a: Kangaskhan
|move|p1b: Toxapex|Infestation|p2b: Kommo-o
|-resisted|p2b: Kommo-o|1
|-damage|p2b: Kommo-o|48/100 tox
|-activate|p2b: Kommo-o|move: Infestation|[of] p1b: Toxapex
|
|-weather|Sandstorm|[upkeep]
|-damage|p1b: Toxapex|41/100|[from] Sandstorm
|-heal|p1b: Toxapex|48/100|[from] item: Leftovers
|-damage|p2b: Kommo-o|30/100 tox|[from] psn
|-damage|p2b: Kommo-o|18/100 tox|[from] move: Infestation|[partiallytrapped]
|upkeep
|
|t:|1782364374
|switch|p2a: Basculegion|Basculegion, L50, M|100/100
|switch|p1a: Sylveon|Sylveon, L50, M, shiny|68/100
|turn|6
|
|t:|1782364383
|move|p1a: Sylveon|Protect|p1a: Sylveon
|-singleturn|p1a: Sylveon|Protect
|move|p2a: Basculegion|Last Respects|p1a: Sylveon
|-activate|p1a: Sylveon|move: Protect
|move|p2b: Kommo-o|Clanging Scales|p1b: Toxapex|[spread] p1b
|-activate|p1a: Sylveon|move: Protect
|-damage|p1b: Toxapex|0 fnt
|faint|p1b: Toxapex
|-unboost|p2b: Kommo-o|def|1
|
|-weather|Sandstorm|[upkeep]
|-damage|p2a: Basculegion|93/100|[from] Sandstorm
|-damage|p1a: Sylveon|62/100|[from] Sandstorm
|-damage|p2b: Kommo-o|0 fnt|[from] psn
|faint|p2b: Kommo-o
|upkeep
|
|t:|1782364399
|switch|p2b: GOAT|Vileplume, L50, F|100/100
|turn|7
|-message|srilekha forfeited.
|
|win|vilan333
|raw|srilekha's rating: 1135 → 1110(-25 for losing)
|raw|vilan333's rating: 1129 → 1154(+25 for winning)
|l|☆srilekha
|player|p1|
