|j|☆bearlover997
|j|☆r1999 larper
|html|bearlover997r1999 larper    
|uhtml|bestof|Game 2 of a best-of-3
|t:|1785328682
|gametype|doubles
|player|p1|bearlover997|sage|1074
|player|p2|r1999 larper|lucas|1113
|gen|9
|tier|[Gen 9 Champions] VGC 2026 Reg M-B (Bo3)
|rated|
|rule|Species Clause: Limit one of each Pokémon
|rule|Item Clause: Limit 1 of each item
|clearpoke
|poke|p1|Dragalge, L50, M, shiny|
|poke|p1|Sinistcha, L50|
|poke|p1|Incineroar, L50, F|
|poke|p1|Grimmsnarl, L50, M|
|poke|p1|Lopunny, L50, F|
|poke|p1|Volcarona, L50, M|
|poke|p2|Gengar, L50, M|
|poke|p2|Incineroar, L50, F|
|poke|p2|Kommo-o, L50, F|
|poke|p2|Ninetales-Alola, L50, M|
|poke|p2|Rotom-Wash, L50|
|poke|p2|Sinistcha, L50|
|teampreview|4
|showteam|p1|Dragalge||Dragalgite|PoisonPoint|DracoMeteor,SludgeBomb,FlipTurn,Toxic|Calm||M|||50|]Sinistcha||ColburBerry|Hospitality|MatchaGotcha,StrengthSap,RagePowder,Protect|Bold|||||50|]Incineroar||SitrusBerry|Intimidate|FakeOut,PartingShot,WillOWisp,FlareBlitz|Adamant||F|||50|]Grimmsnarl||LightClay|Prankster|LightScreen,Reflect,PartingShot,SpiritBreak|Careful||M|||50|]Lopunny||Lopunnite|Limber|CloseCombat,Encore,FakeOut,Uturn|Jolly||F|||50|]Volcarona||Leftovers|FlameBody|QuiverDance,HeatWave,BugBuzz,Protect|Modest||M|||50|
|showteam|p2|Gengar||Gengarite|CursedBody|Protect,ShadowBall,Taunt,SludgeBomb|Modest||M|||50|]Incineroar|||Intimidate|FakeOut,PartingShot,ThroatChop,FlareBlitz|Impish||F|||50|]Kommo-o||LifeOrb|Soundproof|Protect,AuraSphere,ClangingScales,ClangorousSoul|Timid||F|||50|]Ninetales-Alola||ChoiceScarf|SnowWarning|Moonblast,FreezeDry,IcyWind,Blizzard|Timid||M|||50|]Rotom-Wash||Leftovers|Levitate|HydroPump,VoltSwitch,WillOWisp,Thunderbolt|Bold|||||50|]Sinistcha||KasibBerry|Hospitality|TrickRoom,MatchaGotcha,Protect,RagePowder|Relaxed|||||50|
|inactive|Battle timer is ON: inactive players will automatically lose when time's up. (requested by r1999 larper)
|inactive|bearlover997 also wants the timer to be on.
|
|t:|1785328699
|teamsize|p1|4
|teamsize|p2|4
|start
|switch|p1a: Volcarona|Volcarona, L50, M|100/100
|switch|p1b: Lopunny|Lopunny, L50, F|100/100
|switch|p2a: Ninetales|Ninetales-Alola, L50, M|100/100
|switch|p2b: Incineroar|Incineroar, L50, F|100/100
|-weather|Snowscape|[from] ability: Snow Warning|[of] p2a: Ninetales
|-ability|p2b: Incineroar|Intimidate|boost
|-unboost|p1a: Volcarona|atk|1
|-unboost|p1b: Lopunny|atk|1
|turn|1
|
|t:|1785328712
|detailschange|p1b: Lopunny|Lopunny-Mega, L50, F
|-mega|p1b: Lopunny|Lopunny|Lopunnite
|move|p1b: Lopunny|Fake Out|p2b: Incineroar
|-damage|p2b: Incineroar|87/100
|cant|p2b: Incineroar|flinch
|move|p2a: Ninetales|Blizzard|p1a: Volcarona|[spread] p1a,p1b
|-resisted|p1a: Volcarona|1
|-crit|p1b: Lopunny
|-damage|p1a: Volcarona|85/100
|-damage|p1b: Lopunny|36/100
|-status|p1b: Lopunny|frz
|move|p1a: Volcarona|Quiver Dance|p1a: Volcarona
|-boost|p1a: Volcarona|spa|1
|-boost|p1a: Volcarona|spd|1
|-boost|p1a: Volcarona|spe|1
|
|-weather|Snowscape|[upkeep]
|-heal|p1a: Volcarona|91/100|[from] item: Leftovers
|upkeep
|turn|2
|
|t:|1785328732
|switch|p1b: Incineroar|Incineroar, L50, F|100/100
|-ability|p1b: Incineroar|Intimidate|boost
|-unboost|p2a: Ninetales|atk|1
|-unboost|p2b: Incineroar|atk|1
|move|p2a: Ninetales|Blizzard|p1a: Volcarona|[spread] p1a,p1b
|-resisted|p1a: Volcarona|1
|-resisted|p1b: Incineroar|1
|-damage|p1a: Volcarona|81/100
|-damage|p1b: Incineroar|88/100
|move|p1a: Volcarona|Heat Wave|p2b: Incineroar|[spread] p2a,p2b
|-supereffective|p2a: Ninetales|1
|-resisted|p2b: Incineroar|1
|-damage|p2a: Ninetales|0 fnt
|-damage|p2b: Incineroar|58/100
|faint|p2a: Ninetales
|move|p2b: Incineroar|Parting Shot|p1a: Volcarona
|-unboost|p1a: Volcarona|atk|1
|-unboost|p1a: Volcarona|spa|1
|
|t:|1785328741
|switch|p2b: Kommo-o|Kommo-o, L50, F|100/100|[from] Parting Shot
|
|-weather|Snowscape|[upkeep]
|-heal|p1a: Volcarona|87/100|[from] item: Leftovers
|upkeep
|
|t:|1785328742
|switch|p2a: Incineroar|Incineroar, L50, F|58/100
|-ability|p2a: Incineroar|Intimidate|boost
|-unboost|p1a: Volcarona|atk|1
|-unboost|p1b: Incineroar|atk|1
|turn|3
|
|t:|1785328760
|move|p2a: Incineroar|Fake Out|p1b: Incineroar
|-crit|p1b: Incineroar
|-damage|p1b: Incineroar|73/100
|cant|p1b: Incineroar|flinch
|move|p1a: Volcarona|Heat Wave|p2a: Incineroar|[spread] p2b
|-miss|p1a: Volcarona|p2a: Incineroar
|-resisted|p2b: Kommo-o|1
|-damage|p2b: Kommo-o|78/100
|move|p2b: Kommo-o|Clangorous Soul|p2b: Kommo-o
|-boost|p2b: Kommo-o|atk|1
|-boost|p2b: Kommo-o|def|1
|-boost|p2b: Kommo-o|spa|1
|-boost|p2b: Kommo-o|spd|1
|-boost|p2b: Kommo-o|spe|1
|-damage|p2b: Kommo-o|45/100
|
|-weather|Snowscape|[upkeep]
|-heal|p1a: Volcarona|93/100|[from] item: Leftovers
|upkeep
|turn|4
|
|t:|1785328784
|switch|p1b: Grimmsnarl|Grimmsnarl, L50, M|100/100
|move|p1a: Volcarona|Bug Buzz|p2a: Incineroar
|-damage|p2a: Incineroar|14/100
|move|p2b: Kommo-o|Clanging Scales|p1a: Volcarona|[spread] p1a
|-immune|p1b: Grimmsnarl
|-damage|p1a: Volcarona|42/100
|-unboost|p2b: Kommo-o|def|1
|-damage|p2b: Kommo-o|36/100|[from] item: Life Orb
|move|p2a: Incineroar|Throat Chop|p1b: Grimmsnarl
|-resisted|p1b: Grimmsnarl|2
|-crit|p1b: Grimmsnarl
|-damage|p1b: Grimmsnarl|85/100
|-start|p1b: Grimmsnarl|Throat Chop|[silent]
|
|-weather|Snowscape|[upkeep]
|-heal|p1a: Volcarona|49/100|[from] item: Leftovers
|upkeep
|turn|5
|inactive|bearlover997 has 30 seconds left.
|inactive|r1999 larper has 30 seconds left.
|inactive|r1999 larper has 20 seconds left.
|inactive|r1999 larper has 15 seconds left.
|inactive|r1999 larper has 10 seconds left.
|
|t:|1785328832
|switch|p2a: Sinistcha|Sinistcha, L50|100/100
|-heal|p2b: Kommo-o|61/100|[from] ability: Hospitality|[of] p2a: Sinistcha
|move|p1b: Grimmsnarl|Light Screen|p1b: Grimmsnarl
|-sidestart|p1: bearlover997|move: Light Screen
|move|p1a: Volcarona|Heat Wave|p2b: Kommo-o|[spread] p2a,p2b
|-supereffective|p2a: Sinistcha|1
|-resisted|p2b: Kommo-o|1
|-damage|p2a: Sinistcha|22/100
|-damage|p2b: Kommo-o|45/100
|move|p2b: Kommo-o|Clanging Scales|p1b: Grimmsnarl|[spread] p1a
|-immune|p1b: Grimmsnarl
|-damage|p1a: Volcarona|16/100
|-unboost|p2b: Kommo-o|def|1
|-damage|p2b: Kommo-o|36/100|[from] item: Life Orb
|
|-weather|none
|-heal|p1a: Volcarona|22/100|[from] item: Leftovers
|-end|p1b: Grimmsnarl|Throat Chop|[silent]
|upkeep
|turn|6
|
|t:|1785328855
|move|p1a: Volcarona|Protect|p1a: Volcarona
|-singleturn|p1a: Volcarona|Protect
|move|p2b: Kommo-o|Protect|p2b: Kommo-o
|-singleturn|p2b: Kommo-o|Protect
|move|p2a: Sinistcha|Matcha Gotcha|p1a: Volcarona|[spread] p1b
|-activate|p1a: Volcarona|move: Protect
|-damage|p1b: Grimmsnarl|74/100
|-heal|p2a: Sinistcha|29/100|[from] drain|[of] p1b: Grimmsnarl
|move|p1b: Grimmsnarl|Spirit Break|p2b: Kommo-o
|-activate|p2b: Kommo-o|move: Protect
|
|-heal|p1a: Volcarona|29/100|[from] item: Leftovers
|upkeep
|turn|7
|inactive|r1999 larper has 30 seconds left.
|
|t:|1785328881
|move|p1a: Volcarona|Heat Wave|p2a: Sinistcha|[spread] p2a
|-miss|p1a: Volcarona|p2b: Kommo-o
|-supereffective|p2a: Sinistcha|1
|-damage|p2a: Sinistcha|0 fnt
|faint|p2a: Sinistcha
|move|p2b: Kommo-o|Aura Sphere|p1b: Grimmsnarl
|-damage|p1b: Grimmsnarl|39/100
|-damage|p2b: Kommo-o|26/100|[from] item: Life Orb
|move|p1b: Grimmsnarl|Spirit Break|p2b: Kommo-o
|-supereffective|p2b: Kommo-o|2
|-damage|p2b: Kommo-o|0 fnt
|faint|p2b: Kommo-o
|
|-heal|p1a: Volcarona|35/100|[from] item: Leftovers
|upkeep
|
|t:|1785328885
|switch|p2a: Incineroar|Incineroar, L50, F|14/100
|-ability|p2a: Incineroar|Intimidate|boost
|-unboost|p1a: Volcarona|atk|1
|-unboost|p1b: Grimmsnarl|atk|1
|turn|8
|
|t:|1785328895
|move|p2a: Incineroar|Fake Out|p2: Kommo-o|[notarget]
|-fail|p2a: Incineroar
|move|p1b: Grimmsnarl|Reflect|p1b: Grimmsnarl
|-sidestart|p1: bearlover997|Reflect
|move|p1a: Volcarona|Bug Buzz|p2a: Incineroar
|-damage|p2a: Incineroar|0 fnt
|faint|p2a: Incineroar
|
|win|bearlover997
|raw|bearlover997's rating: 1074 → 1106(+32 for winning)
|raw|r1999 larper's rating: 1113 → 1085(-28 for losing)
