|j|☆DDPrime
|j|☆ZeGaboVGC
|html|DDPrimeZeGaboVGC    
|uhtml|bestof|Game 1 of a best-of-3
|t:|1756736632
|gametype|doubles
|player|p1|DDPrime|169|1000
|player|p2|ZeGaboVGC|benga|1122
|gen|9
|tier|[Gen 9] VGC 2025 Reg H (Bo3)
|rated|
|rule|Species Clause: Limit one of each Pokémon
|rule|Item Clause: Limit 1 of each item
|clearpoke
|poke|p1|Farigiraf, L50, M|
|poke|p1|Rhyperior, L50, F|
|poke|p1|Hydreigon, L50, M|
|poke|p1|Incineroar, L50, F|
|poke|p1|Whimsicott, L50, F|
|poke|p1|Primarina, L50, M|
|poke|p2|Incineroar, L50, M|
|poke|p2|Amoonguss, L50, M|
|poke|p2|Ursaluna-Bloodmoon, L50, M|
|poke|p2|Sneasler, L50, F|
|poke|p2|Gholdengo, L50|
|poke|p2|Dragonite, L50, M|
|teampreview|4
|showteam|p1|Farigiraf||SitrusBerry|ArmorTail|HyperVoice,ExpandingForce,TrickRoom,Protect|||M|||50|,,,,,Normal]Rhyperior||ClearAmulet|LightningRod|RockSlide,Protect,HighHorsepower,TeraBlast|||F|||50|,,,,,Grass]Hydreigon||BlackGlasses|Levitate|DarkPulse,DracoMeteor,Snarl,Protect|||M|||50|,,,,,Poison]Incineroar||AssaultVest|Intimidate|FlareBlitz,KnockOff,Uturn,FakeOut|||F|||50|,,,,,Fire]Whimsicott||CovertCloak|Prankster|EnergyBall,Tailwind,FakeTears,Encore|||F|||50|,,,,,Grass]Primarina||AguavBerry|LiquidVoice|HyperVoice,Moonblast,CalmMind,Protect|||M|||50|,,,,,Water
|showteam|p2|Incineroar||SafetyGoggles|Intimidate|FlareBlitz,KnockOff,PartingShot,FakeOut|||M|||50|,,,,,Ghost]Amoonguss||SitrusBerry|Regenerator|Spore,RagePowder,PollenPuff,Protect|||M|||50|,,,,,Dark]Ursaluna-Bloodmoon||AssaultVest|MindsEye|HyperVoice,BloodMoon,EarthPower,VacuumWave|||M|||50|,,,,,Water]Sneasler||FocusSash|Unburden|CloseCombat,DireClaw,ThroatChop,Protect|||F|||50|,,,,,Stellar]Gholdengo||LifeOrb|GoodasGold|MakeItRain,ShadowBall,NastyPlot,Protect||||||50|,,,,,Water]Dragonite||LoadedDice|Multiscale|ScaleShot,Tailwind,Haze,Protect|||M|||50|,,,,,Fairy
|inactive|Battle timer is ON: inactive players will automatically lose when time's up. (requested by ZeGaboVGC)
|inactive|DDPrime has 60 seconds left.
|inactive|ZeGaboVGC has 60 seconds left.
|inactive|DDPrime has 30 seconds left.
|inactive|ZeGaboVGC has 30 seconds left.
|inactive|DDPrime has 20 seconds left.
|inactive|ZeGaboVGC has 20 seconds left.
|inactive|DDPrime has 15 seconds left.
|inactive|ZeGaboVGC has 15 seconds left.
|inactive|DDPrime has 10 seconds left.
|inactive|ZeGaboVGC has 10 seconds left.
|inactive|DDPrime has 5 seconds left.
|inactive|ZeGaboVGC has 5 seconds left.
|
|t:|1756736720
|teamsize|p1|4
|teamsize|p2|4
|start
|switch|p1a: Primarina|Primarina, L50, M|100/100
|switch|p1b: Incineroar|Incineroar, L50, F|100/100
|switch|p2a: Gholdengo|Gholdengo, L50|100/100
|switch|p2b: Amoonguss|Amoonguss, L50, M|100/100
|-ability|p1b: Incineroar|Intimidate|boost
|-unboost|p2a: Gholdengo|atk|1
|-unboost|p2b: Amoonguss|atk|1
|turn|1
|inactive|DDPrime has 30 seconds left.
|inactive|ZeGaboVGC has 30 seconds left.
|
|t:|1756736758
|move|p2a: Gholdengo|Protect|p2a: Gholdengo
|-singleturn|p2a: Gholdengo|Protect
|move|p1a: Primarina|Protect|p1a: Primarina
|-singleturn|p1a: Primarina|Protect
|move|p1b: Incineroar|U-turn|p2b: Amoonguss
|-crit|p2b: Amoonguss
|-damage|p2b: Amoonguss|73/100
|
|t:|1756736768
|switch|p1b: Hydreigon|Hydreigon, L50, M|100/100|[from] U-turn
|move|p2b: Amoonguss|Spore|p1b: Hydreigon
|-status|p1b: Hydreigon|slp|[from] move: Spore
|
|upkeep
|turn|2
|inactive|DDPrime has 30 seconds left.
|inactive|DDPrime has 20 seconds left.
|inactive|DDPrime has 15 seconds left.
|
|t:|1756736809
|switch|p1a: Incineroar|Incineroar, L50, F|100/100
|-ability|p1a: Incineroar|Intimidate|boost
|-unboost|p2a: Gholdengo|atk|1
|-unboost|p2b: Amoonguss|atk|1
|cant|p1b: Hydreigon|slp
|move|p2a: Gholdengo|Nasty Plot|p2a: Gholdengo
|-boost|p2a: Gholdengo|spa|2
|move|p2b: Amoonguss|Spore|p1a: Incineroar
|-status|p1a: Incineroar|slp|[from] move: Spore
|
|upkeep
|turn|3
|inactive|DDPrime has 30 seconds left.
|inactive|ZeGaboVGC has 30 seconds left.
|inactive|DDPrime has 20 seconds left.
|inactive|DDPrime has 15 seconds left.
|
|t:|1756736850
|switch|p2b: Incineroar|Incineroar, L50, M|100/100
|-ability|p2b: Incineroar|Intimidate|boost
|-unboost|p1a: Incineroar|atk|1
|-unboost|p1b: Hydreigon|atk|1
|-terastallize|p1b: Hydreigon|Poison
|-terastallize|p2a: Gholdengo|Water
|cant|p1b: Hydreigon|slp
|move|p2a: Gholdengo|Make It Rain|p1a: Incineroar|[spread] p1a,p1b
|-resisted|p1a: Incineroar
|-damage|p1a: Incineroar|63/100 slp
|-damage|p1b: Hydreigon|0 fnt
|-unboost|p2a: Gholdengo|spa|1
|faint|p1b: Hydreigon
|-damage|p2a: Gholdengo|91/100|[from] item: Life Orb
|cant|p1a: Incineroar|slp
|
|upkeep
|
|t:|1756736870
|switch|p1b: Farigiraf|Farigiraf, L50, M|100/100
|turn|4
|
|t:|1756736883
|move|p2a: Gholdengo|Make It Rain|p1b: Farigiraf|[spread] p1a,p1b
|-resisted|p1a: Incineroar
|-damage|p1a: Incineroar|36/100 slp
|-damage|p1b: Farigiraf|6/100
|-unboost|p2a: Gholdengo|spa|1
|-enditem|p1b: Farigiraf|Sitrus Berry|[eat]
|-heal|p1b: Farigiraf|31/100|[from] item: Sitrus Berry
|-damage|p2a: Gholdengo|81/100|[from] item: Life Orb
|move|p2b: Incineroar|Knock Off|p1b: Farigiraf
|-supereffective|p1b: Farigiraf
|-damage|p1b: Farigiraf|0 fnt
|faint|p1b: Farigiraf
|-curestatus|p1a: Incineroar|slp|[msg]
|move|p1a: Incineroar|U-turn|p2a: Gholdengo
|-damage|p2a: Gholdengo|67/100
|
|t:|1756736896
|switch|p1a: Primarina|Primarina, L50, M|100/100|[from] U-turn
|
|upkeep
|
|t:|1756736901
|switch|p1b: Incineroar|Incineroar, L50, F|36/100
|-ability|p1b: Incineroar|Intimidate|boost
|-unboost|p2a: Gholdengo|atk|1
|-unboost|p2b: Incineroar|atk|1
|turn|5
|
|t:|1756736913
|move|p1b: Incineroar|Fake Out|p2a: Gholdengo
|-damage|p2a: Gholdengo|54/100
|cant|p2a: Gholdengo|flinch
|move|p2b: Incineroar|Parting Shot|p1a: Primarina
|-unboost|p1a: Primarina|atk|1
|-unboost|p1a: Primarina|spa|1
|
|t:|1756736920
|switch|p2b: Amoonguss|Amoonguss, L50, M|100/100|[from] Parting Shot
|move|p1a: Primarina|Calm Mind|p1a: Primarina
|-boost|p1a: Primarina|spa|1
|-boost|p1a: Primarina|spd|1
|
|upkeep
|turn|6
|
|t:|1756736935
|move|p1a: Primarina|Protect|p1a: Primarina
|-singleturn|p1a: Primarina|Protect
|move|p2a: Gholdengo|Nasty Plot|p2a: Gholdengo
|-boost|p2a: Gholdengo|spa|2
|move|p1b: Incineroar|Flare Blitz|p2b: Amoonguss
|-supereffective|p2b: Amoonguss
|-damage|p2b: Amoonguss|18/100
|-enditem|p2b: Amoonguss|Sitrus Berry|[eat]
|-heal|p2b: Amoonguss|43/100|[from] item: Sitrus Berry
|-damage|p1b: Incineroar|6/100|[from] Recoil
|move|p2b: Amoonguss|Spore|p1a: Primarina
|-activate|p1a: Primarina|move: Protect
|
|upkeep
|turn|7
|inactive|DDPrime has 30 seconds left.
|
|t:|1756736966
|move|p2b: Amoonguss|Rage Powder|p2b: Amoonguss
|-singleturn|p2b: Amoonguss|move: Rage Powder
|move|p2a: Gholdengo|Make It Rain|p1b: Incineroar|[spread] p1a,p1b
|-resisted|p1b: Incineroar
|-damage|p1a: Primarina|28/100
|-damage|p1b: Incineroar|0 fnt
|-unboost|p2a: Gholdengo|spa|1
|faint|p1b: Incineroar
|-damage|p2a: Gholdengo|45/100|[from] item: Life Orb
|move|p1a: Primarina|Moonblast|p2b: Amoonguss
|-resisted|p2b: Amoonguss
|-damage|p2b: Amoonguss|21/100
|
|upkeep
|turn|8
|
|t:|1756736984
|switch|p2b: Incineroar|Incineroar, L50, M|100/100
|-ability|p2b: Incineroar|Intimidate|boost
|-unboost|p1a: Primarina|atk|1
|move|p2a: Gholdengo|Shadow Ball|p1a: Primarina
|-damage|p1a: Primarina|0 fnt
|faint|p1a: Primarina
|-damage|p2a: Gholdengo|35/100|[from] item: Life Orb
|
|win|ZeGaboVGC
