|j|☆beckybug
|j|☆Ferran Tiburon
|html|beckybugFerran Tiburon    
|uhtml|bestof|Game 1 of a best-of-3
|t:|1784652971
|gametype|doubles
|player|p1|beckybug|briar|1302
|player|p2|Ferran Tiburon|102|1211
|gen|9
|tier|[Gen 9 Champions] VGC 2026 Reg M-B (Bo3)
|rated|
|rule|Species Clause: Limit one of each Pokémon
|rule|Item Clause: Limit 1 of each item
|clearpoke
|poke|p1|Charizard, L50, F|
|poke|p1|Venusaur, L50, M|
|poke|p1|Pelipper, L50, F|
|poke|p1|Archaludon, L50, F|
|poke|p1|Grimmsnarl, L50, M|
|poke|p1|Basculegion, L50, M|
|poke|p2|Delphox, L50, F|
|poke|p2|Sneasler, L50, M|
|poke|p2|Incineroar, L50, F|
|poke|p2|Sinistcha, L50|
|poke|p2|Maushold-Four, L50|
|poke|p2|Blastoise, L50, F|
|teampreview|4
|showteam|p1|Charizard||CharizarditeY|Blaze|WeatherBall,HeatWave,SolarBeam,Protect|Modest||F|||50|]Venusaur||FocusSash|Chlorophyll|SludgeBomb,EarthPower,SleepPowder,Protect|Modest||M|||50|]Pelipper||SitrusBerry|Drizzle|WeatherBall,Hurricane,Tailwind,Protect|Modest||F|||50|]Archaludon||Leftovers|Stamina|FlashCannon,DragonPulse,ElectroShot,Protect|Calm||F|||50|]Grimmsnarl||LightClay|Prankster|SpiritBreak,PartingShot,Reflect,LightScreen|Sassy||M|||50|]Basculegion||ChoiceScarf|Adaptability|WaveCrash,LastRespects,AquaJet,FlipTurn|Jolly||M|||50|
|showteam|p2|Delphox||Delphoxite|Blaze|HeatWave,Psyshock,NastyPlot,Protect|Timid||F|||50|]Sneasler||FocusSash|PoisonTouch|CloseCombat,PoisonJab,FakeOut,QuickGuard|Jolly||M|||50|]Incineroar||SitrusBerry|Intimidate|FlareBlitz,ThroatChop,FakeOut,PartingShot|Impish||F|||50|]Sinistcha||OccaBerry|Hospitality|MatchaGotcha,RagePowder,LifeDew,Protect|Bold|||||50|]Maushold-Four||ChopleBerry|FriendGuard|FollowMe,Feint,HelpingHand,Protect|Impish|||||50|]Blastoise||Blastoisinite|RainDish|WaterSpout,DarkPulse,ShellSmash,Protect|Modest||F|||50|
|inactive|Battle timer is ON: inactive players will automatically lose when time's up. (requested by Ferran Tiburon)
|inactive|beckybug has 60 seconds left.
|
|t:|1784653007
|teamsize|p1|4
|teamsize|p2|4
|start
|switch|p1a: Charizard|Charizard, L50, F|100/100
|switch|p1b: Venusaur|Venusaur, L50, M|100/100
|switch|p2a: Blastoise|Blastoise, L50, F|100/100
|switch|p2b: Incineroar|Incineroar, L50, F|100/100
|-ability|p2b: Incineroar|Intimidate|boost
|-unboost|p1a: Charizard|atk|1
|-unboost|p1b: Venusaur|atk|1
|turn|1
|inactive|beckybug has 30 seconds left.
|inactive|beckybug has 20 seconds left.
|
|t:|1784653046
|switch|p1b: Archaludon|Archaludon, L50, F|100/100
|detailschange|p1a: Charizard|Charizard-Mega-Y, L50, F
|-mega|p1a: Charizard|Charizard|Charizardite Y
|-weather|SunnyDay|[from] ability: Drought|[of] p1a: Charizard
|move|p2a: Blastoise|Protect|p2a: Blastoise
|-singleturn|p2a: Blastoise|Protect
|move|p1a: Charizard|Solar Beam||[still]
|-prepare|p1a: Charizard|Solar Beam
|-anim|p1a: Charizard|Solar Beam|p2a: Blastoise
|-activate|p2a: Blastoise|move: Protect
|move|p2b: Incineroar|Flare Blitz|p1b: Archaludon
|-damage|p1b: Archaludon|49/100
|-ability|p1b: Archaludon|Stamina|boost
|-boost|p1b: Archaludon|def|1
|-damage|p2b: Incineroar|83/100|[from] Recoil
|
|-weather|SunnyDay|[upkeep]
|-heal|p1b: Archaludon|55/100|[from] item: Leftovers
|upkeep
|turn|2
|inactive|beckybug has 30 seconds left.
|inactive|beckybug has 20 seconds left.
|inactive|beckybug has 15 seconds left.
|inactive|beckybug has 10 seconds left.
|inactive|beckybug has 5 seconds left.
|
|t:|1784653097
|switch|p2a: Sinistcha|Sinistcha, L50|100/100
|-heal|p2b: Incineroar|100/100|[from] ability: Hospitality|[of] p2a: Sinistcha
|move|p1a: Charizard|Heat Wave|p2a: Sinistcha|[spread] p2a,p2b
|-supereffective|p2a: Sinistcha|1
|-enditem|p2a: Sinistcha|Occa Berry|[eat]
|-enditem|p2a: Sinistcha|Occa Berry|[weaken]
|-resisted|p2b: Incineroar|1
|-damage|p2a: Sinistcha|37/100
|-damage|p2b: Incineroar|68/100
|move|p1b: Archaludon|Dragon Pulse|p2a: Sinistcha
|-damage|p2a: Sinistcha|2/100
|move|p2b: Incineroar|Parting Shot|p1b: Archaludon
|-unboost|p1b: Archaludon|atk|1
|-unboost|p1b: Archaludon|spa|1
|
|t:|1784653112
|switch|p2b: Blastoise|Blastoise, L50, F|100/100|[from] Parting Shot
|
|-weather|SunnyDay|[upkeep]
|-heal|p1b: Archaludon|61/100|[from] item: Leftovers
|upkeep
|turn|3
|
|t:|1784653129
|detailschange|p2b: Blastoise|Blastoise-Mega, L50, F
|-mega|p2b: Blastoise|Blastoise|Blastoisinite
|move|p2a: Sinistcha|Rage Powder|p2a: Sinistcha
|-singleturn|p2a: Sinistcha|move: Rage Powder
|move|p1a: Charizard|Heat Wave|p2a: Sinistcha|[spread] p2a,p2b
|-supereffective|p2a: Sinistcha|1
|-resisted|p2b: Blastoise|1
|-damage|p2a: Sinistcha|0 fnt
|-damage|p2b: Blastoise|67/100
|faint|p2a: Sinistcha
|move|p2b: Blastoise|Shell Smash|p2b: Blastoise
|-unboost|p2b: Blastoise|def|1
|-unboost|p2b: Blastoise|spd|1
|-boost|p2b: Blastoise|atk|2
|-boost|p2b: Blastoise|spa|2
|-boost|p2b: Blastoise|spe|2
|move|p1b: Archaludon|Electro Shot||[still]
|-prepare|p1b: Archaludon|Electro Shot
|-boost|p1b: Archaludon|spa|1
|
|-weather|SunnyDay|[upkeep]
|-heal|p1b: Archaludon|67/100|[from] item: Leftovers
|upkeep
|
|t:|1784653145
|switch|p2a: Incineroar|Incineroar, L50, F|68/100
|-ability|p2a: Incineroar|Intimidate|boost
|-unboost|p1a: Charizard|atk|1
|-unboost|p1b: Archaludon|atk|1
|turn|4
|
|t:|1784653155
|move|p2a: Incineroar|Fake Out|p1a: Charizard
|-damage|p1a: Charizard|89/100
|move|p2b: Blastoise|Dark Pulse|p1b: Archaludon
|-damage|p1b: Archaludon|0 fnt
|faint|p1b: Archaludon
|cant|p1a: Charizard|flinch
|
|-weather|SunnyDay|[upkeep]
|upkeep
|
|t:|1784653168
|switch|p1b: Venusaur|Venusaur, L50, M|100/100
|turn|5
|
|t:|1784653176
|move|p2b: Blastoise|Protect|p2b: Blastoise
|-singleturn|p2b: Blastoise|Protect
|move|p1b: Venusaur|Sleep Powder|p2a: Incineroar|[miss]
|-miss|p1b: Venusaur|p2a: Incineroar
|move|p1a: Charizard|Solar Beam||[still]
|-prepare|p1a: Charizard|Solar Beam
|-anim|p1a: Charizard|Solar Beam|p2b: Blastoise
|-activate|p2b: Blastoise|move: Protect
|move|p2a: Incineroar|Flare Blitz|p1b: Venusaur
|-supereffective|p1b: Venusaur|1
|-enditem|p1b: Venusaur|Focus Sash
|-damage|p1b: Venusaur|1/100
|-damage|p2a: Incineroar|43/100|[from] Recoil
|-enditem|p2a: Incineroar|Sitrus Berry|[eat]
|-heal|p2a: Incineroar|67/100|[from] item: Sitrus Berry
|
|-weather|none
|upkeep
|turn|6
|
|t:|1784653191
|switch|p1a: Pelipper|Pelipper, L50, F|100/100
|-weather|RainDance|[from] ability: Drizzle|[of] p1a: Pelipper
|move|p1b: Venusaur|Protect|p1b: Venusaur
|-singleturn|p1b: Venusaur|Protect
|move|p2b: Blastoise|Water Spout|p1b: Venusaur|[spread] p1a
|-activate|p1b: Venusaur|move: Protect
|-resisted|p1a: Pelipper|1
|-damage|p1a: Pelipper|19/100
|-enditem|p1a: Pelipper|Sitrus Berry|[eat]
|-heal|p1a: Pelipper|43/100|[from] item: Sitrus Berry
|move|p2a: Incineroar|Throat Chop|p1a: Pelipper
|-crit|p1a: Pelipper
|-damage|p1a: Pelipper|0 fnt
|faint|p1a: Pelipper
|
|-weather|RainDance|[upkeep]
|upkeep
|
|t:|1784653198
|switch|p1a: Charizard|Charizard-Mega-Y, L50, F|89/100
|-weather|SunnyDay|[from] ability: Drought|[of] p1a: Charizard
|turn|7
|
|t:|1784653223
|move|p2b: Blastoise|Protect|p2b: Blastoise
|-singleturn|p2b: Blastoise|Protect
|move|p1b: Venusaur|Sleep Powder|p2a: Incineroar
|-status|p2a: Incineroar|slp|[from] move: Sleep Powder
|move|p1a: Charizard|Weather Ball|p2a: Incineroar
|-resisted|p2a: Incineroar|1
|-damage|p2a: Incineroar|27/100 slp
|cant|p2a: Incineroar|slp
|
|-weather|SunnyDay|[upkeep]
|upkeep
|turn|8
|
|t:|1784653235
|move|p1b: Venusaur|Sleep Powder|p2b: Blastoise
|-status|p2b: Blastoise|slp|[from] move: Sleep Powder
|cant|p2b: Blastoise|slp
|move|p1a: Charizard|Solar Beam||[still]
|-prepare|p1a: Charizard|Solar Beam
|-anim|p1a: Charizard|Solar Beam|p2b: Blastoise
|-supereffective|p2b: Blastoise|1
|-damage|p2b: Blastoise|0 fnt
|faint|p2b: Blastoise
|-curestatus|p2a: Incineroar|slp|[msg]
|move|p2a: Incineroar|Flare Blitz|p1b: Venusaur
|-supereffective|p1b: Venusaur|1
|-damage|p1b: Venusaur|0 fnt
|faint|p1b: Venusaur
|-damage|p2a: Incineroar|26/100|[from] Recoil
|
|-weather|SunnyDay|[upkeep]
|upkeep
|
|t:|1784653238
|switch|p2b: Maushold|Maushold-Four, L50|100/100
|turn|9
|
|t:|1784653258
|move|p2b: Maushold|Feint|p1a: Charizard
|-damage|p1a: Charizard|79/100
|move|p1a: Charizard|Heat Wave|p2a: Incineroar|[spread] p2a,p2b
|-resisted|p2a: Incineroar|1
|-damage|p2a: Incineroar|2/100
|-damage|p2b: Maushold|28/100
|move|p2a: Incineroar|Flare Blitz|p1a: Charizard
|-resisted|p1a: Charizard|1
|-damage|p1a: Charizard|45/100
|-damage|p2a: Incineroar|0 fnt|[from] Recoil
|faint|p2a: Incineroar
|
|-weather|SunnyDay|[upkeep]
|upkeep
|turn|10
|
|t:|1784653264
|move|p2b: Maushold|Feint|p1a: Charizard
|-damage|p1a: Charizard|36/100
|move|p1a: Charizard|Weather Ball|p2b: Maushold
|-damage|p2b: Maushold|0 fnt
|faint|p2b: Maushold
|
|win|beckybug
