|j|☆Pelosis
|j|☆Eddy style
|html|PelosisEddy style    
|uhtml|bestof|Game 1 of a best-of-3
|t:|1783955494
|gametype|doubles
|player|p1|Pelosis|265|1076
|player|p2|Eddy style|striker|1082
|gen|9
|tier|[Gen 9 Champions] VGC 2026 Reg M-B (Bo3)
|rated|
|rule|Species Clause: Limit one of each Pokémon
|rule|Item Clause: Limit 1 of each item
|clearpoke
|poke|p1|Mawile, L50, M|
|poke|p1|Farigiraf, L50, M|
|poke|p1|Incineroar, L50, M|
|poke|p1|Torkoal, L50, F|
|poke|p1|Venusaur, L50, M|
|poke|p1|Scrafty, L50, M|
|poke|p2|Gengar, L50, F|
|poke|p2|Incineroar, L50, F|
|poke|p2|Sinistcha, L50|
|poke|p2|Kommo-o, L50, M|
|poke|p2|Swampert, L50, F|
|poke|p2|Politoed, L50, M|
|teampreview|4
|showteam|p1|Mawile||Mawilite|HyperCutter|Protect,PlayRough,RockSlide,SuckerPunch|Brave||M|||50|]Farigiraf||SitrusBerry|ArmorTail|TrickRoom,TwinBeam,Thunderbolt,HelpingHand|Quiet||M|||50|]Incineroar||WhiteHerb|Intimidate|FakeOut,CloseCombat,FlareBlitz,ThroatChop|Brave||M|||50|]Torkoal||Charcoal|Drought|Protect,Eruption,HeatWave,WeatherBall|Quiet||F|||50|]Venusaur||FocusSash|Chlorophyll|SleepPowder,EarthPower,EnergyBall,SludgeBomb|Modest||M|||50|]Scrafty||Scraftinite|Intimidate|FakeOut,CloseCombat,KnockOff,IcePunch|Brave||M|||50|
|showteam|p2|Gengar||Gengarite|CursedBody|ShadowBall,SludgeBomb,PerishSong,Protect|Modest||F|||50|]Incineroar||PasshoBerry|Intimidate|FakeOut,DarkestLariat,Protect,PartingShot|Careful||F|||50|]Sinistcha||ColburBerry|Hospitality|MatchaGotcha,TrickRoom,RagePowder,Protect|Bold|||||50|]Kommo-o||Leftovers|Soundproof|ClangingScales,ClangorousSoul,Protect,AuraSphere|Modest||M|||50|]Swampert||Swampertite|Torrent|WaveCrash,HighHorsepower,IcePunch,Protect|Adamant||F|||50|]Politoed||SitrusBerry|Drizzle|WeatherBall,Protect,PerishSong,IceBeam|Calm||M|||50|
|inactive|Battle timer is ON: inactive players will automatically lose when time's up. (requested by Pelosis)
|inactive|Pelosis has 60 seconds left.
|inactive|Pelosis has 30 seconds left.
|
|t:|1783955591
|teamsize|p1|4
|teamsize|p2|4
|start
|switch|p1a: Venusaur|Venusaur, L50, M|100/100
|switch|p1b: Scrafty|Scrafty, L50, M|100/100
|switch|p2a: Gengar|Gengar, L50, F|100/100
|switch|p2b: Incineroar|Incineroar, L50, F|100/100
|-ability|p2b: Incineroar|Intimidate|boost
|-unboost|p1a: Venusaur|atk|1
|-unboost|p1b: Scrafty|atk|1
|-ability|p1b: Scrafty|Intimidate|boost
|-unboost|p2a: Gengar|atk|1
|-unboost|p2b: Incineroar|atk|1
|turn|1
|inactive|Pelosis has 30 seconds left.
|inactive|Eddy style has 30 seconds left.
|inactive|Pelosis has 20 seconds left.
|inactive|Eddy style has 20 seconds left.
|inactive|Pelosis has 15 seconds left.
|
|t:|1783955636
|switch|p1b: Farigiraf|Farigiraf, L50, M|100/100
|detailschange|p2a: Gengar|Gengar-Mega, L50, F
|-mega|p2a: Gengar|Gengar|Gengarite
|move|p2b: Incineroar|Fake Out||[still]
|cant|p1b: Farigiraf|ability: Armor Tail|Fake Out|[of] p2b: Incineroar
|move|p2a: Gengar|Perish Song|p2a: Gengar
|-start|p1a: Venusaur|perish3|[silent]
|-start|p1b: Farigiraf|perish3|[silent]
|-start|p2a: Gengar|perish3|[silent]
|-start|p2b: Incineroar|perish3|[silent]
|-fieldactivate|move: Perish Song
|move|p1a: Venusaur|Earth Power|p2a: Gengar
|-supereffective|p2a: Gengar|1
|-damage|p2a: Gengar|44/100
|
|-start|p2a: Gengar|perish3
|-start|p1a: Venusaur|perish3
|-start|p2b: Incineroar|perish3
|-start|p1b: Farigiraf|perish3
|upkeep
|turn|2
|inactive|Pelosis has 30 seconds left.
|
|t:|1783955661
|move|p2a: Gengar|Protect|p2a: Gengar
|-singleturn|p2a: Gengar|Protect
|move|p2b: Incineroar|Protect|p2b: Incineroar
|-singleturn|p2b: Incineroar|Protect
|move|p1a: Venusaur|Earth Power|p2a: Gengar
|-activate|p2a: Gengar|move: Protect
|move|p1b: Farigiraf|Trick Room|p1b: Farigiraf
|-fieldstart|move: Trick Room|[of] p1b: Farigiraf
|
|-start|p1b: Farigiraf|perish2
|-start|p2b: Incineroar|perish2
|-start|p1a: Venusaur|perish2
|-start|p2a: Gengar|perish2
|upkeep
|turn|3
|inactive|Pelosis has 30 seconds left.
|inactive|Pelosis has 20 seconds left.
|
|t:|1783955699
|switch|p2a: Sinistcha|Sinistcha, L50|100/100
|move|p1b: Farigiraf|Twin Beam|p2a: Sinistcha
|-damage|p2a: Sinistcha|78/100
|-damage|p2a: Sinistcha|54/100
|-hitcount|p2a: Sinistcha|2
|move|p2b: Incineroar|Parting Shot|p1a: Venusaur
|-unboost|p1a: Venusaur|atk|1
|-unboost|p1a: Venusaur|spa|1
|
|t:|1783955709
|switch|p2b: Gengar|Gengar-Mega, L50, F|44/100|[from] Parting Shot
|move|p1a: Venusaur|Sludge Bomb|p2b: Gengar
|-resisted|p2b: Gengar|2
|-damage|p2b: Gengar|37/100
|
|-start|p1b: Farigiraf|perish1
|-start|p1a: Venusaur|perish1
|upkeep
|turn|4
|
|t:|1783955724
|move|p2a: Sinistcha|Protect|p2a: Sinistcha
|-singleturn|p2a: Sinistcha|Protect
|move|p2b: Gengar|Protect|p2b: Gengar
|-singleturn|p2b: Gengar|Protect
|move|p1b: Farigiraf|Twin Beam|p2a: Sinistcha
|-activate|p2a: Sinistcha|move: Protect
|move|p1a: Venusaur|Sludge Bomb|p2a: Sinistcha
|-activate|p2a: Sinistcha|move: Protect
|
|-start|p1b: Farigiraf|perish0
|-start|p1a: Venusaur|perish0
|faint|p1b: Farigiraf
|faint|p1a: Venusaur
|upkeep
|
|t:|1783955736
|switch|p1b: Scrafty|Scrafty, L50, M|100/100
|switch|p1a: Torkoal|Torkoal, L50, F|100/100
|-weather|SunnyDay|[from] ability: Drought|[of] p1a: Torkoal
|-ability|p1b: Scrafty|Intimidate|boost
|-unboost|p2a: Sinistcha|atk|1
|-unboost|p2b: Gengar|atk|1
|turn|5
|
|t:|1783955752
|switch|p2a: Politoed|Politoed, L50, M|100/100
|-weather|RainDance|[from] ability: Drizzle|[of] p2a: Politoed
|switch|p2b: Incineroar|Incineroar, L50, F|100/100
|-ability|p2b: Incineroar|Intimidate|boost
|-unboost|p1a: Torkoal|atk|1
|-unboost|p1b: Scrafty|atk|1
|detailschange|p1b: Scrafty|Scrafty-Mega, L50, M
|-mega|p1b: Scrafty|Scrafty|Scraftinite
|-ability|p1b: Scrafty|Intimidate|boost
|-unboost|p2a: Politoed|atk|1
|-unboost|p2b: Incineroar|atk|1
|move|p1a: Torkoal|Eruption|p2b: Incineroar|[spread] p2a,p2b
|-resisted|p2a: Politoed|1
|-resisted|p2b: Incineroar|1
|-damage|p2a: Politoed|89/100
|-damage|p2b: Incineroar|89/100
|move|p1b: Scrafty|Close Combat|p2b: Incineroar
|-supereffective|p2b: Incineroar|1
|-damage|p2b: Incineroar|0 fnt
|-unboost|p1b: Scrafty|def|1
|-unboost|p1b: Scrafty|spd|1
|faint|p2b: Incineroar
|
|-weather|RainDance|[upkeep]
|upkeep
|inactive|Eddy style has 30 seconds left.
|
|t:|1783955785
|switch|p2b: Sinistcha|Sinistcha, L50|54/100
|-heal|p2a: Politoed|100/100|[from] ability: Hospitality|[of] p2b: Sinistcha
|turn|6
|
|t:|1783955796
|move|p1a: Torkoal|Protect|p1a: Torkoal
|-singleturn|p1a: Torkoal|Protect
|move|p2b: Sinistcha|Protect|p2b: Sinistcha
|-singleturn|p2b: Sinistcha|Protect
|move|p2a: Politoed|Protect|p2a: Politoed
|-singleturn|p2a: Politoed|Protect
|move|p1b: Scrafty|Knock Off|p2b: Sinistcha
|-activate|p2b: Sinistcha|move: Protect
|
|-weather|RainDance|[upkeep]
|-fieldend|move: Trick Room
|upkeep
|turn|7
|
|t:|1783955818
|move|p2b: Sinistcha|Rage Powder|p2b: Sinistcha
|-singleturn|p2b: Sinistcha|move: Rage Powder
|move|p2a: Politoed|Weather Ball|p1a: Torkoal
|-supereffective|p1a: Torkoal|1
|-crit|p1a: Torkoal
|-damage|p1a: Torkoal|0 fnt
|faint|p1a: Torkoal
|move|p1b: Scrafty|Knock Off|p2b: Sinistcha
|-supereffective|p2b: Sinistcha|1
|-enditem|p2b: Sinistcha|Colbur Berry|[eat]
|-enditem|p2b: Sinistcha|Colbur Berry|[weaken]
|-damage|p2b: Sinistcha|27/100
|
|-weather|RainDance|[upkeep]
|upkeep
|turn|8
|
|t:|1783955829
|move|p2b: Sinistcha|Protect|p2b: Sinistcha
|-singleturn|p2b: Sinistcha|Protect
|move|p2a: Politoed|Perish Song|p2a: Politoed
|-start|p1b: Scrafty|perish3|[silent]
|-start|p2a: Politoed|perish3|[silent]
|-start|p2b: Sinistcha|perish3|[silent]
|-fieldactivate|move: Perish Song
|move|p1b: Scrafty|Knock Off|p2b: Sinistcha
|-activate|p2b: Sinistcha|move: Protect
|
|-weather|RainDance|[upkeep]
|-start|p2b: Sinistcha|perish3
|-start|p2a: Politoed|perish3
|-start|p1b: Scrafty|perish3
|upkeep
|turn|9
|
|t:|1783955848
|move|p2a: Politoed|Protect|p2a: Politoed
|-singleturn|p2a: Politoed|Protect
|move|p2b: Sinistcha|Protect|p2b: Sinistcha
|-singleturn|p2b: Sinistcha|Protect
|move|p1b: Scrafty|Knock Off|p2a: Politoed
|-activate|p2a: Politoed|move: Protect
|
|-weather|none
|-start|p2b: Sinistcha|perish2
|-start|p2a: Politoed|perish2
|-start|p1b: Scrafty|perish2
|upkeep
|turn|10
|
|t:|1783955865
|move|p2b: Sinistcha|Matcha Gotcha|p1b: Scrafty
|-damage|p1b: Scrafty|59/100
|-heal|p2b: Sinistcha|47/100|[from] drain|[of] p1b: Scrafty
|move|p2a: Politoed|Ice Beam|p1b: Scrafty
|-damage|p1b: Scrafty|36/100
|move|p1b: Scrafty|Knock Off|p2b: Sinistcha
|-supereffective|p2b: Sinistcha|1
|-damage|p2b: Sinistcha|8/100
|
|-start|p2b: Sinistcha|perish1
|-start|p2a: Politoed|perish1
|-start|p1b: Scrafty|perish1
|upkeep
|turn|11
|
|t:|1783955878
|move|p2b: Sinistcha|Protect|p2b: Sinistcha
|-singleturn|p2b: Sinistcha|Protect
|move|p2a: Politoed|Protect|p2a: Politoed
|-singleturn|p2a: Politoed|Protect
|move|p1b: Scrafty|Knock Off|p2b: Sinistcha
|-activate|p2b: Sinistcha|move: Protect
|
|-start|p2b: Sinistcha|perish0
|-start|p2a: Politoed|perish0
|-start|p1b: Scrafty|perish0
|faint|p2b: Sinistcha
|faint|p2a: Politoed
|faint|p1b: Scrafty
|
|win|Eddy style
||Pelosis is ready for game 2.
