|j|☆obalapv2
|j|☆madmaxyz
|html|obalapv2madmaxyz    
|uhtml|bestof|Game 1 of a best-of-3
|t:|1783581844
|gametype|doubles
|player|p1|obalapv2|266|1000
|player|p2|madmaxyz|red|1063
|gen|9
|tier|[Gen 9 Champions] VGC 2026 Reg M-B (Bo3)
|rated|
|rule|Species Clause: Limit one of each Pokémon
|rule|Item Clause: Limit 1 of each item
|clearpoke
|poke|p1|Scrafty, L50, F|
|poke|p1|Grimmsnarl, L50, M|
|poke|p1|Sinistcha-Masterpiece, L50|
|poke|p1|Basculegion, L50, M|
|poke|p1|Pelipper, L50, M|
|poke|p1|Swampert, L50, F|
|poke|p2|Charizard, L50, M|
|poke|p2|Tyranitar, L50, M|
|poke|p2|Milotic, L50, F|
|poke|p2|Sneasler, L50, F|
|poke|p2|Incineroar, L50, M|
|poke|p2|Sinistcha, L50|
|teampreview|4
|showteam|p1|Scrafty||Scraftinite|Intimidate|DrainPunch,Detect,SwordsDance,KnockOff|Adamant||F|||50|]Grimmsnarl||LightClay|Prankster|Reflect,LightScreen,FakeOut,SpiritBreak|Adamant||M|||50|]Sinistcha-Masterpiece||BrightPowder|Hospitality|TrickRoom,MatchaGotcha,ShadowBall,RagePowder|Quiet|||||50|]Basculegion||ChoiceScarf|Adaptability|WaveCrash,LastRespects,Liquidation,PhantomForce|Jolly||M|||50|]Pelipper||FocusSash|Drizzle|Hurricane,Tailwind,WeatherBall,WideGuard|Modest||M|||50|]Swampert||Swampertite|Damp|Waterfall,WaveCrash,Earthquake,FlipTurn|Adamant||F|||50|
|showteam|p2|Charizard||CharizarditeX|Blaze|Protect,DragonDance,DragonClaw,FlareBlitz|Adamant||M|||50|]Tyranitar||Tyranitarite|SandStream|Protect,Crunch,RockSlide,HighHorsepower|Adamant||M|||50|]Milotic||Leftovers|Competitive|Protect,IcyWind,Scald,Recover|Calm||F|||50|]Sneasler||WhiteHerb|Unburden|FakeOut,DireClaw,CloseCombat,Coaching|Adamant||F|||50|]Incineroar||SitrusBerry|Intimidate|FakeOut,PartingShot,ThroatChop,FlareBlitz|Adamant||M|||50|]Sinistcha||CobaBerry|Hospitality|MatchaGotcha,RagePowder,LifeDew,TrickRoom|Bold|||||50|
|inactive|Battle timer is ON: inactive players will automatically lose when time's up. (requested by obalapv2)
|
|t:|1783581892
|teamsize|p1|4
|teamsize|p2|4
|start
|switch|p1a: Scrafty|Scrafty, L50, F|100/100
|switch|p1b: Grimmsnarl|Grimmsnarl, L50, M|100/100
|switch|p2a: Sinistcha|Sinistcha, L50|100/100
|switch|p2b: Sneasler|Sneasler, L50, F|100/100
|-ability|p1a: Scrafty|Intimidate|boost
|-unboost|p2a: Sinistcha|atk|1
|-unboost|p2b: Sneasler|atk|1
|-enditem|p2b: Sneasler|White Herb
|-clearnegativeboost|p2b: Sneasler|[silent]
|turn|1
|inactive|obalapv2 has 30 seconds left.
|inactive|madmaxyz has 30 seconds left.
|
|t:|1783581924
|detailschange|p1a: Scrafty|Scrafty-Mega, L50, F
|-mega|p1a: Scrafty|Scrafty|Scraftinite
|-ability|p1a: Scrafty|Intimidate|boost
|-unboost|p2a: Sinistcha|atk|1
|-unboost|p2b: Sneasler|atk|1
|move|p1a: Scrafty|Detect|p1a: Scrafty
|-singleturn|p1a: Scrafty|Protect
|move|p2b: Sneasler|Fake Out|p1b: Grimmsnarl
|-damage|p1b: Grimmsnarl|87/100
|cant|p1b: Grimmsnarl|flinch
|move|p2a: Sinistcha|Matcha Gotcha|p1a: Scrafty|[spread] p1b
|-activate|p1a: Scrafty|move: Protect
|-damage|p1b: Grimmsnarl|58/100
|
|upkeep
|turn|2
|
|t:|1783581944
|move|p2a: Sinistcha|Rage Powder|p2a: Sinistcha
|-singleturn|p2a: Sinistcha|move: Rage Powder
|move|p1b: Grimmsnarl|Light Screen|p1b: Grimmsnarl
|-sidestart|p1: obalapv2|move: Light Screen
|move|p2b: Sneasler|Close Combat|p1a: Scrafty
|-supereffective|p1a: Scrafty|1
|-damage|p1a: Scrafty|23/100
|-unboost|p2b: Sneasler|def|1
|-unboost|p2b: Sneasler|spd|1
|move|p1a: Scrafty|Swords Dance|p1a: Scrafty
|-boost|p1a: Scrafty|atk|2
|
|upkeep
|turn|3
|
|t:|1783581956
|switch|p1b: Sinistcha|Sinistcha-Masterpiece, L50|100/100
|-heal|p1a: Scrafty|48/100|[from] ability: Hospitality|[of] p1b: Sinistcha
|move|p1a: Scrafty|Detect|p1a: Scrafty
|-singleturn|p1a: Scrafty|Protect
|move|p2a: Sinistcha|Rage Powder|p2a: Sinistcha
|-singleturn|p2a: Sinistcha|move: Rage Powder
|move|p2b: Sneasler|Close Combat|p1a: Scrafty
|-activate|p1a: Scrafty|move: Protect
|
|upkeep
|turn|4
|inactive|obalapv2 has 30 seconds left.
|
|t:|1783581983
|switch|p2b: Milotic|Milotic, L50, F|100/100
|switch|p1a: Basculegion|Basculegion, L50, M|100/100
|move|p2a: Sinistcha|Life Dew||[still]|[still]|[spread] 
|-fail|p2a: Sinistcha|heal
|-fail|p2b: Milotic|heal
|move|p1b: Sinistcha|Shadow Ball|p2a: Sinistcha
|-supereffective|p2a: Sinistcha|1
|-damage|p2a: Sinistcha|22/100
|
|upkeep
|turn|5
|inactive|madmaxyz has 30 seconds left.
|
|t:|1783582015
|switch|p2a: Sneasler|Sneasler, L50, F|100/100
|move|p1a: Basculegion|Last Respects|p2a: Sneasler
|-damage|p2a: Sneasler|45/100
|move|p2b: Milotic|Icy Wind|p1b: Sinistcha|[spread] p1a,p1b
|-resisted|p1a: Basculegion|1
|-supereffective|p1b: Sinistcha|1
|-damage|p1a: Basculegion|96/100
|-damage|p1b: Sinistcha|84/100
|-unboost|p1a: Basculegion|spe|1
|-unboost|p1b: Sinistcha|spe|1
|move|p1b: Sinistcha|Matcha Gotcha|p2a: Sneasler|[spread] p2a,p2b
|-resisted|p2a: Sneasler|1
|-supereffective|p2b: Milotic|1
|-damage|p2a: Sneasler|23/100
|-heal|p1b: Sinistcha|93/100|[from] drain|[of] p2a: Sneasler
|-damage|p2b: Milotic|59/100
|-heal|p1b: Sinistcha|100/100|[from] drain|[of] p2b: Milotic
|-status|p2b: Milotic|brn
|
|-heal|p2b: Milotic|65/100 brn|[from] item: Leftovers
|-damage|p2b: Milotic|59/100 brn|[from] brn
|upkeep
|turn|6
|inactive|madmaxyz has 30 seconds left.
|inactive|madmaxyz has 20 seconds left.
|
|t:|1783582052
|switch|p1a: Grimmsnarl|Grimmsnarl, L50, M|58/100
|move|p2a: Sneasler|Dire Claw|p1b: Sinistcha|[miss]
|-miss|p2a: Sneasler|p1b: Sinistcha
|move|p2b: Milotic|Recover|p2b: Milotic
|-heal|p2b: Milotic|100/100 brn
|move|p1b: Sinistcha|Matcha Gotcha|p2b: Milotic|[spread] p2a,p2b
|-resisted|p2a: Sneasler|1
|-supereffective|p2b: Milotic|1
|-damage|p2a: Sneasler|2/100
|-damage|p2b: Milotic|63/100 brn
|
|-heal|p2b: Milotic|69/100 brn|[from] item: Leftovers
|-damage|p2b: Milotic|63/100 brn|[from] brn
|upkeep
|turn|7
|
|t:|1783582068
|move|p1a: Grimmsnarl|Fake Out|p2a: Sneasler
|-damage|p2a: Sneasler|0 fnt
|faint|p2a: Sneasler
|move|p2b: Milotic|Recover|p2b: Milotic
|-heal|p2b: Milotic|100/100 brn
|move|p1b: Sinistcha|Matcha Gotcha|p2b: Milotic
|-supereffective|p2b: Milotic|1
|-damage|p2b: Milotic|51/100 brn
|
|-heal|p2b: Milotic|57/100 brn|[from] item: Leftovers
|-damage|p2b: Milotic|51/100 brn|[from] brn
|upkeep
|
|t:|1783582081
|switch|p2a: Charizard|Charizard, L50, M|100/100
|turn|8
|
|t:|1783582089
|detailschange|p2a: Charizard|Charizard-Mega-X, L50, M
|-mega|p2a: Charizard|Charizard|Charizardite X
|move|p1a: Grimmsnarl|Reflect|p1a: Grimmsnarl
|-sidestart|p1: obalapv2|Reflect
|move|p2a: Charizard|Dragon Dance|p2a: Charizard
|-boost|p2a: Charizard|atk|1
|-boost|p2a: Charizard|spe|1
|move|p2b: Milotic|Recover|p2b: Milotic
|-heal|p2b: Milotic|100/100 brn
|move|p1b: Sinistcha|Shadow Ball|p2a: Charizard
|-damage|p2a: Charizard|43/100
|
|-damage|p2b: Milotic|93/100 brn|[from] brn
|upkeep
|turn|9
|
|t:|1783582110
|move|p2a: Charizard|Flare Blitz|p1b: Sinistcha
|-supereffective|p1b: Sinistcha|1
|-damage|p1b: Sinistcha|0 fnt
|faint|p1b: Sinistcha
|-damage|p2a: Charizard|8/100|[from] Recoil
|move|p2b: Milotic|Icy Wind|p1a: Grimmsnarl
|-damage|p1a: Grimmsnarl|49/100
|-unboost|p1a: Grimmsnarl|spe|1
|move|p1a: Grimmsnarl|Spirit Break|p2b: Milotic
|-damage|p2b: Milotic|48/100 brn
|-unboost|p2b: Milotic|spa|1
|-ability|p2b: Milotic|Competitive|boost
|-boost|p2b: Milotic|spa|2
|
|-heal|p2b: Milotic|54/100 brn|[from] item: Leftovers
|-damage|p2b: Milotic|48/100 brn|[from] brn
|-sideend|p1: obalapv2|move: Light Screen
|upkeep
|
|t:|1783582117
|switch|p1b: Scrafty|Scrafty-Mega, L50, F|48/100
|-ability|p1b: Scrafty|Intimidate|boost
|-unboost|p2a: Charizard|atk|1
|-unboost|p2b: Milotic|atk|1
|-ability|p2b: Milotic|Competitive|boost
|-boost|p2b: Milotic|spa|2
|turn|10
|
|t:|1783582139
|switch|p2a: Sinistcha|Sinistcha, L50|22/100
|-heal|p2b: Milotic|72/100 brn|[from] ability: Hospitality|[of] p2a: Sinistcha
|switch|p1a: Basculegion|Basculegion, L50, M|96/100
|move|p1b: Scrafty|Detect|p1b: Scrafty
|-singleturn|p1b: Scrafty|Protect
|move|p2b: Milotic|Scald|p1b: Scrafty
|-activate|p1b: Scrafty|move: Protect
|
|-heal|p2b: Milotic|78/100 brn|[from] item: Leftovers
|-damage|p2b: Milotic|72/100 brn|[from] brn
|upkeep
|turn|11
|inactive|madmaxyz has 30 seconds left.
|
|t:|1783582170
|move|p2a: Sinistcha|Rage Powder|p2a: Sinistcha
|-singleturn|p2a: Sinistcha|move: Rage Powder
|move|p1a: Basculegion|Last Respects|p2a: Sinistcha
|-supereffective|p2a: Sinistcha|1
|-damage|p2a: Sinistcha|0 fnt
|faint|p2a: Sinistcha
|move|p2b: Milotic|Scald|p1b: Scrafty
|-damage|p1b: Scrafty|0 fnt
|faint|p1b: Scrafty
|
|-heal|p2b: Milotic|78/100 brn|[from] item: Leftovers
|-damage|p2b: Milotic|72/100 brn|[from] brn
|upkeep
|
|t:|1783582184
|switch|p2a: Charizard|Charizard-Mega-X, L50, M|8/100
|switch|p1b: Grimmsnarl|Grimmsnarl, L50, M|49/100
|turn|12
|inactive|obalapv2 has 30 seconds left.
|inactive|obalapv2 has 20 seconds left.
|inactive|obalapv2 has 15 seconds left.
|
|t:|1783582240
|move|p2a: Charizard|Protect|p2a: Charizard
|-singleturn|p2a: Charizard|Protect
|move|p1a: Basculegion|Last Respects|p2b: Milotic
|-damage|p2b: Milotic|0 fnt
|faint|p2b: Milotic
|move|p1b: Grimmsnarl|Spirit Break|p2a: Charizard
|-activate|p2a: Charizard|move: Protect
|
|upkeep
|turn|13
|c|☆obalapv2|?
|inactive|madmaxyz has 30 seconds left.
|-message|madmaxyz forfeited.
|
|win|obalapv2
|l|☆madmaxyz
|player|p2|
||madmaxyz is ready for game 2.
|inactive|obalapv2 has 30 seconds to confirm battle start!
||obalapv2 is ready for game 2.
|uhtml|next|Next: Game 2 of 3
|l|☆obalapv2
|player|p1|
|j|☆obalapv2
|player|p1|obalapv2|266|
