|j|☆Notaplaceofhonor
|j|☆Gurrasnurra5
|html|NotaplaceofhonorGurrasnurra5    
|uhtml|bestof|Game 1 of a best-of-3
|t:|1756485919
|gametype|doubles
|player|p1|Notaplaceofhonor|juan-gen3|1193
|player|p2|Gurrasnurra5|wattson|1144
|gen|9
|tier|[Gen 9] VGC 2025 Reg H (Bo3)
|rated|
|rule|Species Clause: Limit one of each Pokémon
|rule|Item Clause: Limit 1 of each item
|clearpoke
|poke|p1|Indeedee, L50, M|
|poke|p1|Sneasler, L50, M|
|poke|p1|Excadrill, L50, M|
|poke|p1|Magmar, L50, F|
|poke|p1|Corviknight, L50, M|
|poke|p1|Tyranitar, L50, M|
|poke|p2|Kingambit, L50, F|
|poke|p2|Rillaboom, L50, F|
|poke|p2|Sneasler, L50, F|
|poke|p2|Electabuzz, L50, M|
|poke|p2|Basculegion, L50, M|
|poke|p2|Arcanine-Hisui, L50, F|
|teampreview|4
|showteam|p1|Indeedee||ChoiceScarf|PsychicSurge|ExpandingForce,TeraBlast,Trick,Protect|||M|||50|,,,,,Psychic]Sneasler||WhiteHerb|Unburden|FakeOut,CloseCombat,DireClaw,Coaching|||M|||50|,,,,,Flying]Excadrill||FocusSash|SandRush|Earthquake,IronHead,SwordsDance,Protect|||M|||50|,,,,,Ground]Magmar||Eviolite|VitalSpirit|HeatWave,FollowMe,HelpingHand,Protect|||F|||50|,,,,,Flying]Corviknight||PsychicSeed|MirrorArmor|BraveBird,PowerTrip,BulkUp,Roost|||M|||50|,,,,,Water]Tyranitar||AssaultVest|SandStream|RockSlide,KnockOff,LowKick,TeraBlast|||M|||50|,,,,,Flying
|showteam|p2|Kingambit||BlackGlasses|Defiant|Protect,KowtowCleave,SuckerPunch,SwordsDance|||F|||50|,,,,,Dark]Rillaboom||AssaultVest|GrassySurge|WoodHammer,FakeOut,Uturn,GrassyGlide|||F|||50|,,,,,Fire]Sneasler||FocusSash|PoisonTouch|DireClaw,CloseCombat,FakeOut,Protect|||F|||50|,,,,,Ghost]Electabuzz||Eviolite|VitalSpirit|FollowMe,Electroweb,Taunt,Protect|||M|||50|,,,,,Ghost]Basculegion||ChoiceScarf|Adaptability|WaveCrash,FlipTurn,LastRespects,TeraBlast|||M|||50|,,,,,Fighting]Arcanine-Hisui||LifeOrb|Intimidate|FlareBlitz,RockSlide,ExtremeSpeed,Protect|||F|||50|,,,,,Grass
|
|t:|1756485974
|teamsize|p1|4
|teamsize|p2|4
|start
|switch|p1a: Indeedee|Indeedee, L50, M|100/100
|switch|p1b: Corviknight|Corviknight, L50, M|100/100
|switch|p2a: Basculegion|Basculegion, L50, M|100/100
|switch|p2b: Arcanine|Arcanine-Hisui, L50, F|100/100
|-fieldstart|move: Psychic Terrain|[from] ability: Psychic Surge|[of] p1a: Indeedee
|-enditem|p1b: Corviknight|Psychic Seed
|-boost|p1b: Corviknight|spd|1|[from] item: Psychic Seed
|-ability|p2b: Arcanine|Intimidate|boost
|-unboost|p1a: Indeedee|atk|1
|-ability|p1b: Corviknight|Mirror Armor
|-unboost|p2b: Arcanine|atk|1
|turn|1
|
|t:|1756486009
|switch|p2b: Rillaboom|Rillaboom, L50, F|100/100
|-fieldstart|move: Grassy Terrain|[from] ability: Grassy Surge|[of] p2b: Rillaboom
|move|p1a: Indeedee|Expanding Force|p2a: Basculegion
|-damage|p2a: Basculegion|58/100
|move|p2a: Basculegion|Wave Crash|p1a: Indeedee
|-damage|p1a: Indeedee|0 fnt
|faint|p1a: Indeedee
|-damage|p2a: Basculegion|36/100|[from] Recoil
|move|p1b: Corviknight|Bulk Up|p1b: Corviknight
|-boost|p1b: Corviknight|atk|1
|-boost|p1b: Corviknight|def|1
|
|-heal|p2a: Basculegion|42/100|[from] Grassy Terrain
|upkeep
|
|t:|1756486034
|switch|p1a: Tyranitar|Tyranitar, L50, M|100/100
|-weather|Sandstorm|[from] ability: Sand Stream|[of] p1a: Tyranitar
|turn|2
|
|t:|1756486048
|-terastallize|p1a: Tyranitar|Flying
|move|p2b: Rillaboom|Fake Out|p1a: Tyranitar
|-damage|p1a: Tyranitar|88/100
|move|p2a: Basculegion|Wave Crash|p1b: Corviknight
|-crit|p1b: Corviknight
|-damage|p1b: Corviknight|3/100
|-damage|p2a: Basculegion|9/100|[from] Recoil
|move|p1b: Corviknight|Power Trip|p2a: Basculegion
|-supereffective|p2a: Basculegion
|-damage|p2a: Basculegion|0 fnt
|faint|p2a: Basculegion
|cant|p1a: Tyranitar|flinch
|
|-weather|Sandstorm|[upkeep]
|-damage|p2b: Rillaboom|94/100|[from] Sandstorm
|-damage|p1a: Tyranitar|82/100|[from] Sandstorm
|-heal|p2b: Rillaboom|100/100|[from] Grassy Terrain
|upkeep
|
|t:|1756486062
|switch|p2a: Arcanine|Arcanine-Hisui, L50, F|100/100
|-ability|p2a: Arcanine|Intimidate|boost
|-unboost|p1a: Tyranitar|atk|1
|-ability|p1b: Corviknight|Mirror Armor
|-unboost|p2a: Arcanine|atk|1
|turn|3
|
|t:|1756486078
|move|p2a: Arcanine|Rock Slide|p1b: Corviknight|[spread] p1a,p1b
|-supereffective|p1a: Tyranitar
|-damage|p1a: Tyranitar|44/100
|-damage|p1b: Corviknight|0 fnt
|faint|p1b: Corviknight
|-damage|p2a: Arcanine|91/100|[from] item: Life Orb
|move|p2b: Rillaboom|Wood Hammer|p1a: Tyranitar
|-resisted|p1a: Tyranitar
|-damage|p1a: Tyranitar|11/100
|-damage|p2b: Rillaboom|89/100|[from] Recoil
|move|p1a: Tyranitar|Tera Blast|p2b: Rillaboom|[anim] Tera Blast Flying
|-supereffective|p2b: Rillaboom
|-damage|p2b: Rillaboom|23/100
|
|-weather|Sandstorm|[upkeep]
|-damage|p2b: Rillaboom|17/100|[from] Sandstorm
|-damage|p1a: Tyranitar|5/100|[from] Sandstorm
|-heal|p2a: Arcanine|96/100|[from] Grassy Terrain
|-heal|p2b: Rillaboom|23/100|[from] Grassy Terrain
|upkeep
|
|t:|1756486082
|switch|p1b: Excadrill|Excadrill, L50, M|100/100
|turn|4
|
|t:|1756486098
|move|p2a: Arcanine|Protect|p2a: Arcanine
|-singleturn|p2a: Arcanine|Protect
|move|p2b: Rillaboom|Grassy Glide|p1b: Excadrill
|-damage|p1b: Excadrill|42/100
|move|p1b: Excadrill|Earthquake|p2b: Rillaboom|[spread] p2b
|-activate|p2a: Arcanine|move: Protect
|-immune|p1a: Tyranitar
|-resisted|p2b: Rillaboom
|-damage|p2b: Rillaboom|13/100
|move|p1a: Tyranitar|Tera Blast|p2a: Arcanine|[anim] Tera Blast Flying
|-activate|p2a: Arcanine|move: Protect
|
|-weather|Sandstorm|[upkeep]
|-damage|p2b: Rillaboom|7/100|[from] Sandstorm
|-damage|p1a: Tyranitar|0 fnt|[from] Sandstorm
|faint|p1a: Tyranitar
|-heal|p1b: Excadrill|48/100|[from] Grassy Terrain
|-heal|p2a: Arcanine|100/100|[from] Grassy Terrain
|-heal|p2b: Rillaboom|13/100|[from] Grassy Terrain
|upkeep
|turn|5
|
|t:|1756486117
|move|p1b: Excadrill|Protect|p1b: Excadrill
|-singleturn|p1b: Excadrill|Protect
|move|p2a: Arcanine|Extreme Speed|p1b: Excadrill
|-activate|p1b: Excadrill|move: Protect
|move|p2b: Rillaboom|Grassy Glide|p1b: Excadrill
|-activate|p1b: Excadrill|move: Protect
|
|-weather|Sandstorm|[upkeep]
|-damage|p2b: Rillaboom|7/100|[from] Sandstorm
|-heal|p1b: Excadrill|53/100|[from] Grassy Terrain
|-heal|p2b: Rillaboom|13/100|[from] Grassy Terrain
|-fieldend|move: Grassy Terrain
|upkeep
|turn|6
|
|t:|1756486123
|move|p2a: Arcanine|Extreme Speed|p1b: Excadrill
|-resisted|p1b: Excadrill
|-damage|p1b: Excadrill|36/100
|-damage|p2a: Arcanine|91/100|[from] item: Life Orb
|move|p1b: Excadrill|Earthquake|p2b: Rillaboom|[spread] p2a,p2b
|-supereffective|p2a: Arcanine
|-resisted|p2b: Rillaboom
|-damage|p2a: Arcanine|0 fnt
|-damage|p2b: Rillaboom|0 fnt
|faint|p2a: Arcanine
|faint|p2b: Rillaboom
|
|-weather|none
|upkeep
|
|t:|1756486130
|switch|p2b: Sneasler|Sneasler, L50, F|100/100
|turn|7
|
|t:|1756486136
|move|p2b: Sneasler|Close Combat|p1b: Excadrill
|-supereffective|p1b: Excadrill
|-damage|p1b: Excadrill|0 fnt
|-unboost|p2b: Sneasler|def|1
|-unboost|p2b: Sneasler|spd|1
|faint|p1b: Excadrill
|
|win|Gurrasnurra5
