|j|☆smugplayspkmn
|j|☆porygon-epilepz
|html|smugplayspkmnporygon-epilepz    
|uhtml|bestof|Game 1 of a best-of-3
|t:|1756453063
|gametype|doubles
|player|p1|smugplayspkmn|shauntal|1048
|player|p2|porygon-epilepz|ghetsis-gen5bw|1123
|gen|9
|tier|[Gen 9] VGC 2025 Reg H (Bo3)
|rated|
|rule|Species Clause: Limit one of each Pokémon
|rule|Item Clause: Limit 1 of each item
|clearpoke
|poke|p1|Ninetales-Alola, L50, M|
|poke|p1|Cetitan, L50, F|
|poke|p1|Incineroar, L50, F|
|poke|p1|Kommo-o, L50, F|
|poke|p1|Sneasler, L50, M|
|poke|p1|Milotic, L50, M|
|poke|p2|Farigiraf, L50, F|
|poke|p2|Incineroar, L50, M|
|poke|p2|Sneasler, L50, F|
|poke|p2|Pelipper, L50, F|
|poke|p2|Archaludon, L50, M|
|poke|p2|Porygon-Z, L50|
|teampreview|4
|showteam|p1|Ninetales-Alola||LightClay|SnowWarning|AuroraVeil,Blizzard,Moonblast,Protect|||M|||50|,,,,,Ghost]Cetitan||SitrusBerry|SlushRush|Protect,HighHorsepower,Superpower,IceSpinner|||F|||50|,,,,,Poison]Incineroar||SafetyGoggles|Intimidate|FlareBlitz,PartingShot,KnockOff,FakeOut|||F|||50|,,,,,Ghost]Kommo-o||Leftovers|Overcoat|Protect,BodyPress,IronDefense,ThroatChop|||F|||50|,,,,,Steel]Sneasler||FocusSash|PoisonTouch|FakeOut,DireClaw,CloseCombat,ThroatChop|||M|||50|,,,,,Dark]Milotic||AssaultVest|Competitive|Blizzard,IcyWind,Scald,AlluringVoice|||M|||50|,,,,,Dragon
|showteam|p2|Farigiraf||ThroatSpray|ArmorTail|TrickRoom,HyperVoice,Psychic,HelpingHand|||F|||50|,,,,,Fairy]Incineroar||SafetyGoggles|Intimidate|FakeOut,KnockOff,PartingShot,Taunt|||M|||50|,,,,,Ghost]Sneasler||FocusSash|Unburden|DireClaw,CloseCombat,ThroatChop,FakeOut|||F|||50|,,,,,Dark]Pelipper||RockyHelmet|Drizzle|Hurricane,WeatherBall,Tailwind,Protect|||F|||50|,,,,,Grass]Archaludon||AssaultVest|Stamina|ElectroShot,FlashCannon,DracoMeteor,BodyPress|||M|||50|,,,,,Bug]Porygon-Z||ChoiceScarf|Adaptability|TeraBlast,HyperBeam,Electroweb,IceBeam||||||50|,,,,,Fighting
|
|t:|1756453090
|teamsize|p1|4
|teamsize|p2|4
|start
|switch|p1a: Incineroar|Incineroar, L50, F|100/100
|switch|p1b: Milotic|Milotic, L50, M|100/100
|switch|p2a: Farigiraf|Farigiraf, L50, F|100/100
|switch|p2b: Sneasler|Sneasler, L50, F|100/100
|-ability|p1a: Incineroar|Intimidate|boost
|-unboost|p2a: Farigiraf|atk|1
|-unboost|p2b: Sneasler|atk|1
|turn|1
|
|t:|1756453100
|move|p2b: Sneasler|Fake Out|p1a: Incineroar
|-damage|p1a: Incineroar|92/100
|move|p1b: Milotic|Icy Wind|p2b: Sneasler|[spread] p2a,p2b
|-damage|p2a: Farigiraf|92/100
|-damage|p2b: Sneasler|86/100
|-unboost|p2a: Farigiraf|spe|1
|-unboost|p2b: Sneasler|spe|1
|cant|p1a: Incineroar|flinch
|move|p2a: Farigiraf|Hyper Voice|p1a: Incineroar|[spread] p1a,p1b
|-damage|p1a: Incineroar|62/100
|-damage|p1b: Milotic|85/100
|-enditem|p2a: Farigiraf|Throat Spray
|-boost|p2a: Farigiraf|spa|1|[from] item: Throat Spray
|
|upkeep
|turn|2
|
|t:|1756453122
|switch|p2b: Archaludon|Archaludon, L50, M|100/100
|move|p1b: Milotic|Icy Wind|p2a: Farigiraf|[spread] p2a,p2b
|-damage|p2a: Farigiraf|82/100
|-damage|p2b: Archaludon|93/100
|-unboost|p2a: Farigiraf|spe|1
|-unboost|p2b: Archaludon|spe|1
|-ability|p2b: Archaludon|Stamina|boost
|-boost|p2b: Archaludon|def|1
|move|p1a: Incineroar|Knock Off|p2a: Farigiraf
|-supereffective|p2a: Farigiraf
|-crit|p2a: Farigiraf
|-damage|p2a: Farigiraf|0 fnt
|faint|p2a: Farigiraf
|
|upkeep
|
|t:|1756453134
|switch|p2a: Pelipper|Pelipper, L50, F|100/100
|-weather|RainDance|[from] ability: Drizzle|[of] p2a: Pelipper
|turn|3
|
|t:|1756453144
|switch|p1b: Ninetales|Ninetales-Alola, L50, M|100/100
|-weather|Snowscape|[from] ability: Snow Warning|[of] p1b: Ninetales
|move|p2a: Pelipper|Weather Ball|p1a: Incineroar
|-resisted|p1a: Incineroar
|-damage|p1a: Incineroar|50/100
|move|p1a: Incineroar|Parting Shot|p2a: Pelipper
|-unboost|p2a: Pelipper|atk|1
|-unboost|p2a: Pelipper|spa|1
|
|t:|1756453155
|switch|p1a: Milotic|Milotic, L50, M|85/100|[from] Parting Shot
|move|p2b: Archaludon|Electro Shot||[still]
|-prepare|p2b: Archaludon|Electro Shot
|-boost|p2b: Archaludon|spa|1
|
|-weather|Snowscape|[upkeep]
|upkeep
|turn|4
|
|t:|1756453165
|switch|p2a: Sneasler|Sneasler, L50, F|86/100
|move|p1b: Ninetales|Aurora Veil|p1b: Ninetales
|-sidestart|p1: smugplayspkmn|move: Aurora Veil
|move|p1a: Milotic|Blizzard|p2a: Sneasler|[spread] p2a,p2b
|-crit|p2a: Sneasler
|-damage|p2a: Sneasler|46/100
|-damage|p2b: Archaludon|80/100
|-ability|p2b: Archaludon|Stamina|boost
|-boost|p2b: Archaludon|def|1
|move|p2b: Archaludon|Electro Shot|p1b: Ninetales|[from] lockedmove
|-damage|p1b: Ninetales|53/100
|
|-weather|Snowscape|[upkeep]
|upkeep
|turn|5
|
|t:|1756453189
|move|p1b: Ninetales|Blizzard|p2a: Sneasler|[spread] p2a,p2b
|-damage|p2a: Sneasler|6/100
|-damage|p2b: Archaludon|58/100
|-status|p2a: Sneasler|frz
|-ability|p2b: Archaludon|Stamina|boost
|-boost|p2b: Archaludon|def|1
|-curestatus|p2a: Sneasler|frz|[msg]
|move|p2a: Sneasler|Dire Claw|p1b: Ninetales
|-supereffective|p1b: Ninetales
|-damage|p1b: Ninetales|0 fnt
|faint|p1b: Ninetales
|move|p1a: Milotic|Alluring Voice|p2b: Archaludon
|-damage|p2b: Archaludon|45/100
|-start|p2b: Archaludon|confusion
|-ability|p2b: Archaludon|Stamina|boost
|-boost|p2b: Archaludon|def|1
|-activate|p2b: Archaludon|confusion
|-damage|p2b: Archaludon|43/100|[from] confusion
|
|-weather|Snowscape|[upkeep]
|upkeep
|
|t:|1756453207
|switch|p1b: Kommo-o|Kommo-o, L50, F|100/100
|turn|6
|
|t:|1756453218
|move|p1b: Kommo-o|Protect|p1b: Kommo-o
|-singleturn|p1b: Kommo-o|Protect
|move|p2a: Sneasler|Dire Claw|p1a: Milotic
|-damage|p1a: Milotic|59/100
|-status|p1a: Milotic|psn
|move|p1a: Milotic|Icy Wind|p2b: Archaludon|[spread] p2a,p2b
|-damage|p2a: Sneasler|0 fnt
|-damage|p2b: Archaludon|37/100
|-unboost|p2b: Archaludon|spe|1
|-ability|p2b: Archaludon|Stamina|boost
|-boost|p2b: Archaludon|def|1
|faint|p2a: Sneasler
|-activate|p2b: Archaludon|confusion
|move|p2b: Archaludon|Draco Meteor|p1b: Kommo-o
|-activate|p1b: Kommo-o|move: Protect
|
|-weather|Snowscape|[upkeep]
|-damage|p1a: Milotic|47/100 psn|[from] psn
|upkeep
|
|t:|1756453228
|switch|p2a: Pelipper|Pelipper, L50, F|100/100
|-weather|RainDance|[from] ability: Drizzle|[of] p2a: Pelipper
|turn|7
|
|t:|1756453242
|-terastallize|p1b: Kommo-o|Steel
|move|p1b: Kommo-o|Iron Defense|p1b: Kommo-o
|-boost|p1b: Kommo-o|def|2
|move|p1a: Milotic|Scald|p2b: Archaludon
|-resisted|p2b: Archaludon
|-damage|p2b: Archaludon|21/100
|-status|p2b: Archaludon|brn
|-ability|p2b: Archaludon|Stamina|boost
|-boost|p2b: Archaludon|def|1
|move|p2a: Pelipper|Hurricane|p1b: Kommo-o
|-resisted|p1b: Kommo-o
|-damage|p1b: Kommo-o|86/100
|-start|p1b: Kommo-o|confusion
|-activate|p2b: Archaludon|confusion
|-damage|p2b: Archaludon|20/100 brn|[from] confusion
|
|-weather|RainDance|[upkeep]
|-heal|p1b: Kommo-o|92/100|[from] item: Leftovers
|-damage|p1a: Milotic|34/100 psn|[from] psn
|-damage|p2b: Archaludon|14/100 brn|[from] brn
|upkeep
|turn|8
|
|t:|1756453266
|-activate|p1b: Kommo-o|confusion
|-damage|p1b: Kommo-o|88/100|[from] confusion
|move|p1a: Milotic|Scald|p2b: Archaludon
|-resisted|p2b: Archaludon
|-damage|p2b: Archaludon|0 fnt
|faint|p2b: Archaludon
|move|p2a: Pelipper|Weather Ball|p1b: Kommo-o
|-damage|p1b: Kommo-o|50/100
|
|-weather|RainDance|[upkeep]
|-heal|p1b: Kommo-o|56/100|[from] item: Leftovers
|-damage|p1a: Milotic|22/100 psn|[from] psn
|upkeep
|turn|9
|-message|porygon-epilepz forfeited.
|
|win|smugplayspkmn
