|j|☆kazthespaz
|j|☆B-LIME-58
|html|kazthespazB-LIME-58    
|uhtml|bestof|Game 1 of a best-of-3
|t:|1783532845
|gametype|doubles
|player|p1|kazthespaz|cynthia|
|player|p2|B-LIME-58|roughneck-gen4|
|gen|9
|tier|[Gen 9 Champions] VGC 2026 Reg M-B (Bo3)
|rule|Species Clause: Limit one of each Pokémon
|rule|Item Clause: Limit 1 of each item
|clearpoke
|poke|p1|Arcanine, L50, F|
|poke|p1|Toxapex, L50, F|
|poke|p1|Staraptor, L50, F|
|poke|p1|Garchomp, L50, F|
|poke|p1|Whimsicott, L50, F|
|poke|p1|Barbaracle, L50, M|
|poke|p2|Froslass, L50, F|
|poke|p2|Infernape, L50, M|
|poke|p2|Kingambit, L50, M|
|poke|p2|Sylveon, L50, M|
|poke|p2|Greninja, L50, M|
|poke|p2|Emolga, L50, M|
|teampreview|4
|showteam|p1|Arcanine||ChoiceScarf|Intimidate|FlareBlitz,WildCharge,PsychicFangs,IronHead|Adamant||F|||50|]Toxapex||Leftovers|Regenerator|Liquidation,Toxic,Recover,BanefulBunker|Calm||F|||50|]Staraptor||Staraptite|Intimidate|BraveBird,Protect,Roost,CloseCombat|Adamant||F|||50|]Garchomp||LifeOrb|RoughSkin|Earthquake,RockSlide,Protect,PoisonJab|Adamant||F|||50|]Whimsicott||FocusSash|Prankster|Protect,Moonblast,Tailwind,SunnyDay|Timid||F|||50|]Barbaracle||Barbaracite|ToughClaws|ShellSmash,RockSlide,BrickBreak,Protect|Adamant||M|||50|
|showteam|p2|Froslass||Froslassite|SnowCloak|AuroraVeil,IceBeam,Protect,ShadowBall|Timid||F|||50|]Infernape||ShellBell|Blaze|DrainPunch,FlameCharge,FlareBlitz,BrickBreak|Jolly||M|||50|]Kingambit||Leftovers|Pressure|IronHead,KowtowCleave,LowSweep,SwordsDance|Careful||M|||50|]Sylveon||Metronome|Pixilate|HyperVoice,DrainingKiss,Yawn,MysticalFire|Modest||M|||50|]Greninja||Greninjite|Protean|WaterShuriken,FlipTurn,ToxicSpikes,DarkPulse|Calm||M|||50|]Emolga||FocusSash|MotorDrive|AirSlash,Electroweb,Nuzzle,QuickAttack|Brave||M|||50|
|j| Jabby Wabby
|
|t:|1783532870
|teamsize|p1|4
|teamsize|p2|4
|start
|switch|p1a: Staraptor|Staraptor, L50, F|100/100
|switch|p1b: Whimsicott|Whimsicott, L50, F|100/100
|switch|p2a: Sylveon|Sylveon, L50, M|100/100
|switch|p2b: Kingambit|Kingambit, L50, M|100/100
|-ability|p1a: Staraptor|Intimidate|boost
|-unboost|p2a: Sylveon|atk|1
|-unboost|p2b: Kingambit|atk|1
|-ability|p2b: Kingambit|Pressure
|turn|1
|
|t:|1783532922
|detailschange|p1a: Staraptor|Staraptor-Mega, L50, F
|-mega|p1a: Staraptor|Staraptor|Staraptite
|move|p1a: Staraptor|Protect|p1a: Staraptor
|-singleturn|p1a: Staraptor|Protect
|move|p1b: Whimsicott|Moonblast|p2b: Kingambit
|-damage|p2b: Kingambit|70/100
|move|p2a: Sylveon|Hyper Voice|p1a: Staraptor|[spread] p1b
|-activate|p1a: Staraptor|move: Protect
|-damage|p1b: Whimsicott|31/100
|move|p2b: Kingambit|Swords Dance|p2b: Kingambit
|-boost|p2b: Kingambit|atk|2
|
|-heal|p2b: Kingambit|76/100|[from] item: Leftovers
|upkeep
|turn|2
|
|t:|1783532959
|move|p1b: Whimsicott|Tailwind|p1b: Whimsicott
|-sidestart|p1: kazthespaz|move: Tailwind
|move|p1a: Staraptor|Close Combat|p2b: Kingambit
|-supereffective|p2b: Kingambit|2
|-damage|p2b: Kingambit|0 fnt
|-boost|p1a: Staraptor|def|1
|-boost|p1a: Staraptor|spd|1
|faint|p2b: Kingambit
|move|p2a: Sylveon|Hyper Voice|p1b: Whimsicott|[spread] p1a,p1b
|-supereffective|p1a: Staraptor|1
|-damage|p1a: Staraptor|18/100
|-damage|p1b: Whimsicott|0 fnt
|faint|p1b: Whimsicott
|
|upkeep
|
|t:|1783532978
|switch|p1b: Arcanine|Arcanine, L50, F|100/100
|switch|p2b: Froslass|Froslass, L50, F|100/100
|-ability|p1b: Arcanine|Intimidate|boost
|-unboost|p2a: Sylveon|atk|1
|-unboost|p2b: Froslass|atk|1
|turn|3
|
|t:|1783533010
|detailschange|p2b: Froslass|Froslass-Mega, L50, F
|-mega|p2b: Froslass|Froslass|Froslassite
|-weather|Snowscape|[from] ability: Snow Warning|[of] p2b: Froslass
|move|p1a: Staraptor|Protect|p1a: Staraptor
|-singleturn|p1a: Staraptor|Protect
|move|p1b: Arcanine|Iron Head|p2a: Sylveon
|-supereffective|p2a: Sylveon|1
|-damage|p2a: Sylveon|37/100
|move|p2b: Froslass|Aurora Veil|p2b: Froslass
|-sidestart|p2: B-LIME-58|move: Aurora Veil
|move|p2a: Sylveon|Hyper Voice|p1a: Staraptor|[spread] p1b
|-activate|p1a: Staraptor|move: Protect
|-resisted|p1b: Arcanine|1
|-damage|p1b: Arcanine|64/100
|
|-weather|Snowscape|[upkeep]
|upkeep
|turn|4
|
|t:|1783533036
|move|p1b: Arcanine|Iron Head|p2b: Froslass
|-supereffective|p2b: Froslass|1
|-damage|p2b: Froslass|60/100
|move|p1a: Staraptor|Close Combat|p2a: Sylveon
|-resisted|p2a: Sylveon|1
|-damage|p2a: Sylveon|4/100
|-boost|p1a: Staraptor|def|1
|-boost|p1a: Staraptor|spd|1
|move|p2b: Froslass|Shadow Ball|p1b: Arcanine
|-damage|p1b: Arcanine|10/100
|move|p2a: Sylveon|Hyper Voice|p1b: Arcanine|[spread] p1a,p1b
|-supereffective|p1a: Staraptor|1
|-resisted|p1b: Arcanine|1
|-damage|p1a: Staraptor|0 fnt
|-damage|p1b: Arcanine|0 fnt
|faint|p1a: Staraptor
|faint|p1b: Arcanine
|
|-weather|Snowscape|[upkeep]
|upkeep
|c|☆kazthespaz|shet
|
|t:|1783533054
|switch|p1b: Toxapex|Toxapex, L50, F|100/100
|turn|5
|
|t:|1783533072
|move|p2b: Froslass|Shadow Ball|p1b: Toxapex
|-damage|p1b: Toxapex|71/100
|move|p1b: Toxapex|Toxic|p2b: Froslass
|-status|p2b: Froslass|tox
|move|p2a: Sylveon|Hyper Voice|p1b: Toxapex
|-resisted|p1b: Toxapex|1
|-crit|p1b: Toxapex
|-damage|p1b: Toxapex|19/100
|
|-weather|Snowscape|[upkeep]
|-heal|p1b: Toxapex|25/100|[from] item: Leftovers
|-damage|p2b: Froslass|54/100 tox|[from] psn
|-sideend|p1: kazthespaz|move: Tailwind
|upkeep
|turn|6
|
|t:|1783533089
|move|p2b: Froslass|Shadow Ball|p1b: Toxapex
|-damage|p1b: Toxapex|0 fnt
|faint|p1b: Toxapex
|
|win|B-LIME-58
|c|☆kazthespaz|ggs
