|j|вҳҶNeoDest
|j|вҳҶbcoffey1010
|html|NeoDestbcoffey1010    
|uhtml|bestof|Game 1 of a best-of-3
|t:|1757746569
|gametype|doubles
|player|p1|NeoDest|266|1163
|player|p2|bcoffey1010|169|1318
|gen|9
|tier|[Gen 9] VGC 2025 Reg H (Bo3)
|rated|
|rule|Species Clause: Limit one of each PokГ©mon
|rule|Item Clause: Limit 1 of each item
|clearpoke
|poke|p1|Pelipper, L50, M|
|poke|p1|Incineroar, L50, M|
|poke|p1|Sylveon, L50, F|
|poke|p1|Kingambit, L50, F|
|poke|p1|Rillaboom, L50, M|
|poke|p1|Kingdra, L50, F|
|poke|p2|Indeedee-F, L50, F|
|poke|p2|Hatterene, L50, F|
|poke|p2|Gallade, L50, M|
|poke|p2|Ursaluna, L50, M|
|poke|p2|Lilligant-Hisui, L50, F|
|poke|p2|Torkoal, L50, M|
|teampreview|4
|showteam|p1|Pelipper||CovertCloak|Drizzle|WeatherBall,Tailwind,Hurricane,Protect|||M|||50|,,,,,Grass]Incineroar||SafetyGoggles|Intimidate|KnockOff,Taunt,PartingShot,FakeOut|||M|||50|,,,,,Ghost]Sylveon||ThroatSpray|Pixilate|HyperVoice,Moonblast,WeatherBall,Detect|||F|||50|,,,,,Fairy]Kingambit||BlackGlasses|Defiant|SuckerPunch,KowtowCleave,SwordsDance,Protect|||F|||50|,,,,,Dark]Rillaboom||MiracleSeed|GrassySurge|WoodHammer,GrassyGlide,FakeOut,Protect|||M|||50|,,,,,Fire]Kingdra||ChoiceSpecs|SwiftSwim|MuddyWater,Scald,Hurricane,DracoMeteor|||F|||50|,,,,,Water
|showteam|p2|Indeedee-F||PsychicSeed|PsychicSurge|TrickRoom,FollowMe,HelpingHand,DazzlingGleam|||F|||50|,,,,,Fire]Hatterene||LifeOrb|MagicBounce|ExpandingForce,TrickRoom,DazzlingGleam,Protect|||F|||50|,,,,,Psychic]Gallade||ClearAmulet|Sharpness|PsychoCut,TrickRoom,SacredSword,WideGuard|||M|||50|,,,,,Grass]Ursaluna||FlameOrb|Guts|HeadlongRush,Facade,SwordsDance,Protect|||M|||50|,,,,,Ghost]Lilligant-Hisui||FocusSash|Chlorophyll|SolarBlade,SleepPowder,CloseCombat,AfterYou|||F|||50|,,,,,Ghost]Torkoal||ChoiceSpecs|Drought|Eruption,HeatWave,WeatherBall,EarthPower|||M|||50|,,,,,Fire
|inactive|Battle timer is ON: inactive players will automatically lose when time's up. (requested by bcoffey1010)
|inactive|NeoDest has 60 seconds left.
|
|t:|1757746644
|teamsize|p1|4
|teamsize|p2|4
|start
|switch|p1a: Rillaboom|Rillaboom, L50, M|100/100
|switch|p1b: Kingdra|Kingdra, L50, F|100/100
|switch|p2a: зҙ«з«Ҫи¶…еҸҜж„ӣ|Indeedee-F, L50, F, shiny|100/100
|switch|p2b: зҙ«з«ҪиҰӘиЎӣйҡҠ|Gallade, L50, M, shiny|100/100
|-fieldstart|move: Grassy Terrain|[from] ability: Grassy Surge|[of] p1a: Rillaboom
|-fieldstart|move: Psychic Terrain|[from] ability: Psychic Surge|[of] p2a: зҙ«з«Ҫи¶…еҸҜж„ӣ
|-enditem|p2a: зҙ«з«Ҫи¶…еҸҜж„ӣ|Psychic Seed
|-boost|p2a: зҙ«з«Ҫи¶…еҸҜж„ӣ|spd|1|[from] item: Psychic Seed
|turn|1
|
|t:|1757746668
|switch|p1a: Pelipper|Pelipper, L50, M|100/100
|-weather|RainDance|[from] ability: Drizzle|[of] p1a: Pelipper
|switch|p2a: еӨӘжЁӮе·ҙжҲҲж–Ҝ|Torkoal, L50, M, shiny|100/100
|-weather|SunnyDay|[from] ability: Drought|[of] p2a: еӨӘжЁӮе·ҙжҲҲж–Ҝ
|-terastallize|p1b: Kingdra|Water
|-terastallize|p2b: зҙ«з«ҪиҰӘиЎӣйҡҠ|Grass
|move|p1b: Kingdra|Muddy Water|p2a: еӨӘжЁӮе·ҙжҲҲж–Ҝ|[spread] p2a,p2b
|-supereffective|p2a: еӨӘжЁӮе·ҙжҲҲж–Ҝ
|-resisted|p2b: зҙ«з«ҪиҰӘиЎӣйҡҠ
|-damage|p2a: еӨӘжЁӮе·ҙжҲҲж–Ҝ|28/100
|-damage|p2b: зҙ«з«ҪиҰӘиЎӣйҡҠ|88/100
|move|p2b: зҙ«з«ҪиҰӘиЎӣйҡҠ|Trick Room|p2b: зҙ«з«ҪиҰӘиЎӣйҡҠ
|-fieldstart|move: Trick Room|[of] p2b: зҙ«з«ҪиҰӘиЎӣйҡҠ
|
|-weather|SunnyDay|[upkeep]
|upkeep
|turn|2
|inactive|bcoffey1010 has 30 seconds left.
|
|t:|1757746698
|move|p2a: еӨӘжЁӮе·ҙжҲҲж–Ҝ|Heat Wave|p1b: Kingdra|[spread] p1a
|-miss|p2a: еӨӘжЁӮе·ҙжҲҲж–Ҝ|p1b: Kingdra
|-resisted|p1a: Pelipper
|-damage|p1a: Pelipper|56/100
|move|p2b: зҙ«з«ҪиҰӘиЎӣйҡҠ|Sacred Sword|p1b: Kingdra
|-damage|p1b: Kingdra|27/100
|move|p1a: Pelipper|Weather Ball|p2a: еӨӘжЁӮе·ҙжҲҲж–Ҝ
|-resisted|p2a: еӨӘжЁӮе·ҙжҲҲж–Ҝ
|-damage|p2a: еӨӘжЁӮе·ҙжҲҲж–Ҝ|3/100
|move|p1b: Kingdra|Muddy Water|p2a: еӨӘжЁӮе·ҙжҲҲж–Ҝ|[spread] p2a,p2b
|-supereffective|p2a: еӨӘжЁӮе·ҙжҲҲж–Ҝ
|-resisted|p2b: зҙ«з«ҪиҰӘиЎӣйҡҠ
|-damage|p2a: еӨӘжЁӮе·ҙжҲҲж–Ҝ|0 fnt
|-damage|p2b: зҙ«з«ҪиҰӘиЎӣйҡҠ|76/100
|faint|p2a: еӨӘжЁӮе·ҙжҲҲж–Ҝ
|
|-weather|SunnyDay|[upkeep]
|upkeep
|
|t:|1757746703
|switch|p2a: зҙ«з«Ҫж•ІеҸҜж„ӣ|Hatterene, L50, F, shiny|100/100
|turn|3
|inactive|NeoDest has 30 seconds left.
|
|t:|1757746731
|switch|p1b: Rillaboom|Rillaboom, L50, M|100/100
|-fieldstart|move: Grassy Terrain|[from] ability: Grassy Surge|[of] p1b: Rillaboom
|move|p1a: Pelipper|Protect|p1a: Pelipper
|-singleturn|p1a: Pelipper|Protect
|move|p2a: зҙ«з«Ҫж•ІеҸҜж„ӣ|Dazzling Gleam|p1b: Rillaboom|[spread] p1b
|-activate|p1a: Pelipper|move: Protect
|-damage|p1b: Rillaboom|54/100
|-damage|p2a: зҙ«з«Ҫж•ІеҸҜж„ӣ|91/100|[from] item: Life Orb
|move|p2b: зҙ«з«ҪиҰӘиЎӣйҡҠ|Psycho Cut|p1a: Pelipper
|-activate|p1a: Pelipper|move: Protect
|
|-weather|SunnyDay|[upkeep]
|-heal|p2a: зҙ«з«Ҫж•ІеҸҜж„ӣ|97/100|[from] Grassy Terrain
|-heal|p2b: зҙ«з«ҪиҰӘиЎӣйҡҠ|82/100|[from] Grassy Terrain
|-heal|p1b: Rillaboom|60/100|[from] Grassy Terrain
|upkeep
|turn|4
|inactive|NeoDest has 30 seconds left.
|inactive|NeoDest has 20 seconds left.
|inactive|NeoDest has 15 seconds left.
|inactive|NeoDest has 10 seconds left.
|inactive|NeoDest has 5 seconds left.
|
|t:|1757746786
|switch|p2b: зҙ«з«Ҫи¶…еҸҜж„ӣ|Indeedee-F, L50, F, shiny|100/100
|-fieldstart|move: Psychic Terrain|[from] ability: Psychic Surge|[of] p2b: зҙ«з«Ҫи¶…еҸҜж„ӣ
|move|p2a: зҙ«з«Ҫж•ІеҸҜж„ӣ|Expanding Force|p1b: Rillaboom|[spread] p1a,p1b
|-crit|p1a: Pelipper
|-damage|p1a: Pelipper|0 fnt
|-damage|p1b: Rillaboom|0 fnt
|faint|p1a: Pelipper
|faint|p1b: Rillaboom
|-damage|p2a: зҙ«з«Ҫж•ІеҸҜж„ӣ|87/100|[from] item: Life Orb
|
|-weather|SunnyDay|[upkeep]
|upkeep
|
|t:|1757746792
|switch|p1b: Sylveon|Sylveon, L50, F|100/100
|switch|p1a: Kingdra|Kingdra, L50, F, tera:Water|27/100
|turn|5
|-message|NeoDest forfeited.
|
|win|bcoffey1010
|l|вҳҶNeoDest
|player|p1|
||NeoDest is ready for game 2.
|inactive|bcoffey1010 has 30 seconds to confirm battle start!
||bcoffey1010 is ready for game 2.
|uhtml|next|Next: Game 2 of 3
|l|вҳҶbcoffey1010
|player|p2|
