|j|☆bogging
|j|☆Garrman3
|html|boggingGarrman3    
|uhtml|bestof|Game 2 of a best-of-3
|t:|1754389971
|gametype|doubles
|player|p1|bogging|bugcatcher-gen4dp|1267
|player|p2|Garrman3|unknown|1165
|gen|9
|tier|[Gen 9] VGC 2025 Reg H (Bo3)
|rated|
|rule|Species Clause: Limit one of each Pokémon
|rule|Item Clause: Limit 1 of each item
|clearpoke
|poke|p1|Rillaboom, L50, M|
|poke|p1|Ursaluna, L50, F|
|poke|p1|Incineroar, L50, F|
|poke|p1|Braviary, L50, M|
|poke|p1|Basculegion, L50, M|
|poke|p1|Porygon2, L50|
|poke|p2|Archaludon, L50, M|
|poke|p2|Pelipper, L50, M|
|poke|p2|Basculegion, L50, M|
|poke|p2|Rillaboom, L50, F|
|poke|p2|Incineroar, L50, M|
|poke|p2|Gholdengo, L50|
|teampreview|4
|showteam|p1|Rillaboom||AssaultVest|GrassySurge|FakeOut,WoodHammer,GrassyGlide,Uturn|||M|||50|,,,,,Grass]Ursaluna||FlameOrb|Guts|Facade,HeadlongRush,Earthquake,Protect|||F|||50|,,,,,Ghost]Incineroar||SafetyGoggles|Intimidate|KnockOff,PartingShot,FakeOut,FlareBlitz|||F|||50|,,,,,Ghost]Braviary||CovertCloak|Defiant|Protect,Tailwind,BraveBird,CloseCombat|||M|||50|,,,,,Grass]Basculegion||ChoiceScarf|Adaptability|FlipTurn,WaveCrash,LastRespects,AquaJet|||M|||50|,,,,,Water]Porygon2||Eviolite|Download|TeraBlast,IceBeam,Recover,TrickRoom||||||50|,,,,,Fighting
|showteam|p2|Archaludon||PowerHerb|Sturdy|ElectroShot,DragonPulse,FlashCannon,Protect|||M|||50|,,,,,Electric]Pelipper||FocusSash|Drizzle|WeatherBall,Hurricane,Tailwind,Protect|||M|||50|,,,,,Grass]Basculegion||ChoiceBand|SwiftSwim|WaveCrash,LastRespects,AquaJet,FlipTurn|||M|||50|,,,,,Water]Rillaboom||AssaultVest|GrassySurge|Uturn,HighHorsepower,FakeOut,GrassyGlide|||F|||50|,,,,,Fire]Incineroar||RockyHelmet|Intimidate|KnockOff,Taunt,PartingShot,FakeOut|||M|||50|,,,,,Ghost]Gholdengo||LifeOrb|GoodasGold|MakeItRain,NastyPlot,ShadowBall,Protect||||||50|,,,,,Steel
|inactive|Battle timer is ON: inactive players will automatically lose when time's up. (requested by Garrman3)
|
|t:|1754390000
|teamsize|p1|4
|teamsize|p2|4
|start
|switch|p1a: Incineroar|Incineroar, L50, F|100/100
|switch|p1b: Porygon2|Porygon2, L50|100/100
|switch|p2a: Incineroar|Incineroar, L50, M|100/100
|switch|p2b: Basculegion|Basculegion, L50, M|100/100
|-ability|p2a: Incineroar|Intimidate|boost
|-unboost|p1a: Incineroar|atk|1
|-unboost|p1b: Porygon2|atk|1
|-ability|p1a: Incineroar|Intimidate|boost
|-unboost|p2a: Incineroar|atk|1
|-unboost|p2b: Basculegion|atk|1
|-ability|p1b: Porygon2|Download|boost
|-boost|p1b: Porygon2|atk|1
|turn|1
|inactive|bogging has 30 seconds left.
|
|t:|1754390026
|switch|p1a: Rillaboom|Rillaboom, L50, M|100/100
|-fieldstart|move: Grassy Terrain|[from] ability: Grassy Surge|[of] p1a: Rillaboom
|switch|p1b: Ursaluna|Ursaluna, L50, F|100/100
|-terastallize|p2a: Incineroar|Ghost
|move|p2b: Basculegion|Flip Turn|p1a: Rillaboom
|-resisted|p1a: Rillaboom
|-damage|p1a: Rillaboom|86/100
|
|t:|1754390047
|switch|p2b: Rillaboom|Rillaboom, L50, F|100/100|[from] Flip Turn
|move|p2a: Incineroar|Taunt|p1b: Ursaluna
|-start|p1b: Ursaluna|move: Taunt
|
|-heal|p1a: Rillaboom|92/100|[from] Grassy Terrain
|-status|p1b: Ursaluna|brn|[from] item: Flame Orb
|upkeep
|turn|2
|
|t:|1754390071
|switch|p2a: Pelipper|Pelipper, L50, M|100/100
|-weather|RainDance|[from] ability: Drizzle|[of] p2a: Pelipper
|switch|p1b: Incineroar|Incineroar, L50, F|100/100
|-ability|p1b: Incineroar|Intimidate|boost
|-unboost|p2a: Pelipper|atk|1
|-unboost|p2b: Rillaboom|atk|1
|move|p2b: Rillaboom|U-turn|p1a: Rillaboom
|-supereffective|p1a: Rillaboom
|-damage|p1a: Rillaboom|63/100
|
|t:|1754390083
|switch|p2b: Incineroar|Incineroar, L50, M, tera:Ghost|100/100|[from] U-turn
|-ability|p2b: Incineroar|Intimidate|boost
|-unboost|p1a: Rillaboom|atk|1
|-unboost|p1b: Incineroar|atk|1
|move|p1a: Rillaboom|Wood Hammer|p2a: Pelipper
|-damage|p2a: Pelipper|23/100
|-damage|p1a: Rillaboom|45/100|[from] Recoil
|
|-weather|RainDance|[upkeep]
|-heal|p1a: Rillaboom|51/100|[from] Grassy Terrain
|upkeep
|turn|3
|inactive|bogging has 30 seconds left.
|inactive|Garrman3 has 30 seconds left.
|inactive|bogging has 20 seconds left.
|inactive|bogging has 15 seconds left.
|
|t:|1754390125
|switch|p2a: Rillaboom|Rillaboom, L50, F|100/100
|switch|p1a: Porygon2|Porygon2, L50|100/100
|-ability|p1a: Porygon2|Download|boost
|-boost|p1a: Porygon2|spa|1
|move|p1b: Incineroar|Fake Out|p2a: Rillaboom
|-damage|p2a: Rillaboom|93/100
|move|p2b: Incineroar|Knock Off|p1a: Porygon2
|-damage|p1a: Porygon2|74/100
|-enditem|p1a: Porygon2|Eviolite|[from] move: Knock Off|[of] p2b: Incineroar
|
|-weather|RainDance|[upkeep]
|-heal|p2a: Rillaboom|99/100|[from] Grassy Terrain
|-heal|p1a: Porygon2|80/100|[from] Grassy Terrain
|upkeep
|turn|4
|inactive|bogging has 30 seconds left.
|inactive|Garrman3 has 30 seconds left.
|inactive|Garrman3 has 20 seconds left.
|inactive|Garrman3 has 15 seconds left.
|
|t:|1754390166
|move|p2a: Rillaboom|Fake Out|p1a: Porygon2
|-damage|p1a: Porygon2|66/100
|move|p2b: Incineroar|Parting Shot|p1b: Incineroar
|-unboost|p1b: Incineroar|atk|1
|-unboost|p1b: Incineroar|spa|1
|
|t:|1754390176
|switch|p2b: Basculegion|Basculegion, L50, M|100/100|[from] Parting Shot
|move|p1b: Incineroar|Parting Shot|p2a: Rillaboom
|-unboost|p2a: Rillaboom|atk|1
|-unboost|p2a: Rillaboom|spa|1
|
|t:|1754390183
|switch|p1b: Rillaboom|Rillaboom, L50, M|51/100|[from] Parting Shot
|cant|p1a: Porygon2|flinch
|
|-weather|RainDance|[upkeep]
|-heal|p2a: Rillaboom|100/100|[from] Grassy Terrain
|-heal|p1b: Rillaboom|57/100|[from] Grassy Terrain
|-heal|p1a: Porygon2|72/100|[from] Grassy Terrain
|upkeep
|turn|5
|inactive|Garrman3 has 30 seconds left.
|inactive|Garrman3 has 20 seconds left.
|inactive|Garrman3 has 15 seconds left.
|inactive|Garrman3 has 10 seconds left.
|inactive|Garrman3 has 5 seconds left.
|
|t:|1754390234
|switch|p2a: Incineroar|Incineroar, L50, M, tera:Ghost|100/100
|-ability|p2a: Incineroar|Intimidate|boost
|-unboost|p1a: Porygon2|atk|1
|-unboost|p1b: Rillaboom|atk|1
|move|p1b: Rillaboom|Grassy Glide|p2b: Basculegion
|-supereffective|p2b: Basculegion
|-damage|p2b: Basculegion|35/100
|move|p2b: Basculegion|Wave Crash|p1a: Porygon2
|-damage|p1a: Porygon2|0 fnt
|faint|p1a: Porygon2
|-damage|p2b: Basculegion|12/100|[from] Recoil
|
|-weather|RainDance|[upkeep]
|-heal|p2b: Basculegion|18/100|[from] Grassy Terrain
|-heal|p1b: Rillaboom|63/100|[from] Grassy Terrain
|-fieldend|move: Grassy Terrain
|upkeep
|
|t:|1754390253
|switch|p1a: Ursaluna|Ursaluna, L50, F|100/100 brn
|turn|6
|
|t:|1754390275
|switch|p1b: Incineroar|Incineroar, L50, F|100/100
|-ability|p1b: Incineroar|Intimidate|boost
|-unboost|p2a: Incineroar|atk|1
|-unboost|p2b: Basculegion|atk|1
|move|p1a: Ursaluna|Protect|p1a: Ursaluna
|-singleturn|p1a: Ursaluna|Protect
|move|p2b: Basculegion|Wave Crash|p1b: Incineroar
|-supereffective|p1b: Incineroar
|-damage|p1b: Incineroar|0 fnt
|faint|p1b: Incineroar
|-damage|p2b: Basculegion|0 fnt|[from] Recoil
|faint|p2b: Basculegion
|move|p2a: Incineroar|Parting Shot|p1a: Ursaluna
|-activate|p1a: Ursaluna|move: Protect
|
|-weather|none
|-damage|p1a: Ursaluna|95/100 brn|[from] brn
|upkeep
|
|t:|1754390289
|switch|p2b: Rillaboom|Rillaboom, L50, F|100/100
|switch|p1b: Rillaboom|Rillaboom, L50, M|63/100
|-fieldstart|move: Grassy Terrain|[from] ability: Grassy Surge|[of] p2b: Rillaboom
|turn|7
|inactive|Garrman3 has 30 seconds left.
|inactive|Garrman3 has 20 seconds left.
|
|t:|1754390328
|-terastallize|p1a: Ursaluna|Ghost
|move|p2b: Rillaboom|Fake Out|p1b: Rillaboom
|-damage|p1b: Rillaboom|51/100
|cant|p1b: Rillaboom|flinch
|move|p2a: Incineroar|Parting Shot|p1a: Ursaluna
|-unboost|p1a: Ursaluna|atk|1
|-unboost|p1a: Ursaluna|spa|1
|
|t:|1754390336
|switch|p2a: Pelipper|Pelipper, L50, M|23/100|[from] Parting Shot
|-weather|RainDance|[from] ability: Drizzle|[of] p2a: Pelipper
|move|p1a: Ursaluna|Facade|p2b: Rillaboom
|-damage|p2b: Rillaboom|26/100
|
|-weather|RainDance|[upkeep]
|-heal|p2b: Rillaboom|32/100|[from] Grassy Terrain
|-heal|p1b: Rillaboom|57/100|[from] Grassy Terrain
|-heal|p1a: Ursaluna|100/100 brn|[from] Grassy Terrain
|-damage|p1a: Ursaluna|95/100 brn|[from] brn
|upkeep
|turn|8
|inactive|Garrman3 has 30 seconds left.
|
|t:|1754390366
|switch|p2a: Incineroar|Incineroar, L50, M, tera:Ghost|100/100
|-ability|p2a: Incineroar|Intimidate|boost
|-unboost|p1a: Ursaluna|atk|1
|-unboost|p1b: Rillaboom|atk|1
|move|p2b: Rillaboom|U-turn|p1b: Rillaboom
|-supereffective|p1b: Rillaboom
|-damage|p1b: Rillaboom|12/100
|
|t:|1754390373
|switch|p2b: Pelipper|Pelipper, L50, M|23/100|[from] U-turn
|move|p1b: Rillaboom|Wood Hammer|p2b: Pelipper
|-damage|p2b: Pelipper|0 fnt
|faint|p2b: Pelipper
|-damage|p1b: Rillaboom|7/100|[from] Recoil
|move|p1a: Ursaluna|Headlong Rush|p2a: Incineroar
|-damage|p2a: Incineroar|57/100
|-unboost|p1a: Ursaluna|def|1
|-unboost|p1a: Ursaluna|spd|1
|-damage|p1a: Ursaluna|78/100 brn|[from] item: Rocky Helmet|[of] p2a: Incineroar
|
|-weather|RainDance|[upkeep]
|-heal|p1b: Rillaboom|13/100|[from] Grassy Terrain
|-heal|p2a: Incineroar|63/100|[from] Grassy Terrain
|-heal|p1a: Ursaluna|84/100 brn|[from] Grassy Terrain
|-damage|p1a: Ursaluna|78/100 brn|[from] brn
|upkeep
|
|t:|1754390375
|switch|p2b: Rillaboom|Rillaboom, L50, F|32/100
|turn|9
|
|t:|1754390395
|move|p2b: Rillaboom|U-turn|p1b: Rillaboom
|-supereffective|p1b: Rillaboom
|-damage|p1b: Rillaboom|0 fnt
|faint|p1b: Rillaboom
|move|p2a: Incineroar|Knock Off|p1a: Ursaluna
|-supereffective|p1a: Ursaluna
|-damage|p1a: Ursaluna|0 fnt
|-enditem|p1a: Ursaluna|Flame Orb|[from] move: Knock Off|[of] p2a: Incineroar
|faint|p1a: Ursaluna
|
|win|Garrman3
|raw|bogging's rating: 1267 → 1235(-32 for losing)
|raw|Garrman3's rating: 1165 → 1197(+32 for winning)
|c|☆Garrman3|gg
