|j|☆kickercasillas
|j|☆wittraid
|html|kickercasillaswittraid    
|uhtml|bestof|Game 2 of a best-of-3
|t:|1783407554
|gametype|doubles
|player|p1|kickercasillas|lillie-z|1230
|player|p2|wittraid|101|1310
|gen|9
|tier|[Gen 9 Champions] VGC 2026 Reg M-B (Bo3)
|rated|
|rule|Species Clause: Limit one of each Pokémon
|rule|Item Clause: Limit 1 of each item
|clearpoke
|poke|p1|Mimikyu, L50, F, shiny|
|poke|p1|Lycanroc-Dusk, L50, F, shiny|
|poke|p1|Hydreigon, L50, F|
|poke|p1|Talonflame, L50, F, shiny|
|poke|p1|Venusaur, L50, M, shiny|
|poke|p1|Metagross, L50, shiny|
|poke|p2|Sinistcha, L50|
|poke|p2|Pelipper, L50, F|
|poke|p2|Archaludon, L50, F|
|poke|p2|Sableye, L50, F|
|poke|p2|Swampert, L50, M|
|poke|p2|Kingambit, L50, F|
|teampreview|4
|showteam|p1|Mimikyu||Leftovers|Disguise|Taunt,WillOWisp,PlayRough,ShadowSneak|Adamant||F|||50|]Lycanroc-Dusk||FocusSash|ToughClaws|RockSlide,Accelerock,CloseCombat,Protect|Adamant||F|||50|]Hydreigon||LifeOrb|Levitate|Protect,EarthPower,DracoMeteor,DarkPulse|Modest||F|||50|]Talonflame||Charcoal|GaleWings|Overheat,Taunt,UpperHand,Tailwind|Timid||F|||50|]Venusaur||Venusaurite|Chlorophyll|GigaDrain,SludgeBomb,EarthPower,Protect|Modest||M|||50|]Metagross||Metagrossite|ClearBody|Protect,PsychicFangs,IronHead,IcePunch|Jolly|||||50|
|showteam|p2|Sinistcha||SitrusBerry|Hospitality|RagePowder,TrickRoom,LifeDew,MatchaGotcha|Calm|||||50|]Pelipper||FocusSash|Drizzle|Hurricane,WeatherBall,Tailwind,Protect|Modest||F|||50|]Archaludon||Leftovers|Stamina|ElectroShot,Snarl,DragonPulse,Protect|Bold||F|||50|]Sableye||LightClay|Prankster|Reflect,LightScreen,RainDance,ThunderWave|Bold||F|||50|]Swampert||Swampertite|Damp|WaveCrash,HighHorsepower,IcePunch,Protect|Adamant||M|||50|]Kingambit||ExpertBelt|Defiant|IronHead,KowtowCleave,SuckerPunch,Protect|Adamant||F|||50|
|inactive|Battle timer is ON: inactive players will automatically lose when time's up. (requested by wittraid)
|inactive|wittraid has 60 seconds left.
|
|t:|1783407601
|teamsize|p1|4
|teamsize|p2|4
|start
|switch|p1a: Talonflame|Talonflame, L50, F, shiny|100/100
|switch|p1b: Venusaur|Venusaur, L50, M, shiny|100/100
|switch|p2a: Pelipper|Pelipper, L50, F|100/100
|switch|p2b: Archaludon|Archaludon, L50, F|100/100
|-weather|RainDance|[from] ability: Drizzle|[of] p2a: Pelipper
|turn|1
|inactive|wittraid has 30 seconds left.
|
|t:|1783407632
|detailschange|p1b: Venusaur|Venusaur-Mega, L50, M, shiny
|-mega|p1b: Venusaur|Venusaur|Venusaurite
|move|p1a: Talonflame|Tailwind|p1a: Talonflame
|-sidestart|p1: kickercasillas|move: Tailwind
|move|p1b: Venusaur|Giga Drain|p2a: Pelipper
|-damage|p2a: Pelipper|50/100g
|move|p2b: Archaludon|Snarl|p1a: Talonflame|[spread] p1a,p1b
|-damage|p1a: Talonflame|81/100
|-damage|p1b: Venusaur|89/100
|-unboost|p1a: Talonflame|spa|1
|-unboost|p1b: Venusaur|spa|1
|move|p2a: Pelipper|Hurricane|p1b: Venusaur
|-supereffective|p1b: Venusaur|1
|-damage|p1b: Venusaur|11/100
|-start|p1b: Venusaur|confusion
|
|-weather|RainDance|[upkeep]
|upkeep
|turn|2
|inactive|wittraid has 30 seconds left.
|
|t:|1783407664
|move|p2b: Archaludon|Protect|p2b: Archaludon
|-singleturn|p2b: Archaludon|Protect
|move|p1a: Talonflame|Overheat|p2b: Archaludon
|-activate|p2b: Archaludon|move: Protect
|-activate|p1b: Venusaur|confusion
|move|p1b: Venusaur|Earth Power|p2b: Archaludon
|-activate|p2b: Archaludon|move: Protect
|move|p2a: Pelipper|Hurricane|p1b: Venusaur
|-supereffective|p1b: Venusaur|1
|-damage|p1b: Venusaur|0 fnt
|faint|p1b: Venusaur
|
|-weather|RainDance|[upkeep]
|upkeep
|
|t:|1783407667
|switch|p1b: Hydreigon|Hydreigon, L50, F|100/100
|turn|3
|inactive|wittraid has 30 seconds left.
|
|t:|1783407699
|switch|p2b: Kingambit|Kingambit, L50, F|100/100
|move|p1a: Talonflame|Taunt|p2a: Pelipper
|-start|p2a: Pelipper|move: Taunt
|move|p1b: Hydreigon|Draco Meteor|p2b: Kingambit
|-resisted|p2b: Kingambit|1
|-damage|p2b: Kingambit|56/100
|-unboost|p1b: Hydreigon|spa|2
|-damage|p1b: Hydreigon|90/100|[from] item: Life Orb
|move|p2a: Pelipper|Weather Ball|p1a: Talonflame
|-supereffective|p1a: Talonflame|1
|-damage|p1a: Talonflame|0 fnt
|faint|p1a: Talonflame
|
|-weather|RainDance|[upkeep]
|upkeep
|
|t:|1783407707
|switch|p1a: Mimikyu|Mimikyu, L50, F, shiny|100/100
|turn|4
|inactive|wittraid has 30 seconds left.
|
|t:|1783407737
|switch|p2b: Sinistcha|Sinistcha, L50|100/100
|-heal|p2a: Pelipper|75/100|[from] ability: Hospitality|[of] p2b: Sinistcha
|move|p1b: Hydreigon|Dark Pulse|p2a: Pelipper
|-damage|p2a: Pelipper|33/100
|-damage|p1b: Hydreigon|81/100|[from] item: Life Orb
|move|p1a: Mimikyu|Will-O-Wisp|p2b: Sinistcha
|-status|p2b: Sinistcha|brn
|move|p2a: Pelipper|Hurricane|p1a: Mimikyu
|-activate|p1a: Mimikyu|ability: Disguise
|-damage|p1a: Mimikyu|100/100
|detailschange|p1a: Mimikyu|Mimikyu-Busted, L50, F, shiny
|-damage|p1a: Mimikyu|88/100|[from] pokemon: Mimikyu-Busted
|
|-weather|RainDance|[upkeep]
|-heal|p1a: Mimikyu|94/100|[from] item: Leftovers
|-damage|p2b: Sinistcha|93/100 brn|[from] brn
|-sideend|p1: kickercasillas|move: Tailwind
|upkeep
|turn|5
|inactive|wittraid has 30 seconds left.
|
|t:|1783407764
|move|p1b: Hydreigon|Dark Pulse|p2b: Sinistcha
|-supereffective|p2b: Sinistcha|1
|-damage|p2b: Sinistcha|44/100 brn
|-enditem|p2b: Sinistcha|Sitrus Berry|[eat]
|-heal|p2b: Sinistcha|69/100 brn|[from] item: Sitrus Berry
|-damage|p1b: Hydreigon|71/100|[from] item: Life Orb
|move|p1a: Mimikyu|Play Rough|p2a: Pelipper
|-damage|p2a: Pelipper|0 fnt
|faint|p2a: Pelipper
|cant|p2b: Sinistcha|flinch
|
|-weather|none
|-heal|p1a: Mimikyu|100/100|[from] item: Leftovers
|-damage|p2b: Sinistcha|62/100 brn|[from] brn
|upkeep
|
|t:|1783407779
|switch|p2a: Kingambit|Kingambit, L50, F|56/100
|turn|6
|
|t:|1783407789
|move|p2b: Sinistcha|Rage Powder|p2b: Sinistcha
|-singleturn|p2b: Sinistcha|move: Rage Powder
|move|p1b: Hydreigon|Dark Pulse|p2b: Sinistcha
|-supereffective|p2b: Sinistcha|1
|-damage|p2b: Sinistcha|10/100 brn
|-damage|p1b: Hydreigon|62/100|[from] item: Life Orb
|move|p1a: Mimikyu|Will-O-Wisp|p2b: Sinistcha
|-fail|p2b: Sinistcha|brn
|move|p2a: Kingambit|Iron Head|p1a: Mimikyu
|-supereffective|p1a: Mimikyu|1
|-damage|p1a: Mimikyu|0 fnt
|faint|p1a: Mimikyu
|
|-damage|p2b: Sinistcha|3/100 brn|[from] brn
|upkeep
|turn|7
|
|t:|1783407804
|move|p1b: Hydreigon|Protect|p1b: Hydreigon
|-singleturn|p1b: Hydreigon|Protect
|move|p2b: Sinistcha|Rage Powder|p2b: Sinistcha
|-singleturn|p2b: Sinistcha|move: Rage Powder
|move|p2a: Kingambit|Iron Head|p1b: Hydreigon
|-activate|p1b: Hydreigon|move: Protect
|
|-damage|p2b: Sinistcha|0 fnt|[from] brn
|faint|p2b: Sinistcha
|upkeep
|
|t:|1783407812
|switch|p2b: Archaludon|Archaludon, L50, F|100/100
|turn|8
|
|t:|1783407819
|move|p1b: Hydreigon|Draco Meteor|p2b: Archaludon
|-damage|p2b: Archaludon|56/100
|-unboost|p1b: Hydreigon|spa|2
|-ability|p2b: Archaludon|Stamina|boost
|-boost|p2b: Archaludon|def|1
|-damage|p1b: Hydreigon|52/100|[from] item: Life Orb
|move|p2b: Archaludon|Dragon Pulse|p1b: Hydreigon
|-supereffective|p1b: Hydreigon|1
|-damage|p1b: Hydreigon|0 fnt
|faint|p1b: Hydreigon
|
|win|wittraid
||kickercasillas is ready for game 3.
||wittraid is ready for game 3.
|uhtml|next|Next: Game 3 of 3
|l|☆kickercasillas
|player|p1|
