|j|☆strolin stu
|j|☆Chelicerate1
|html|strolin stuChelicerate1    
|uhtml|bestof|Game 2 of a best-of-3
|t:|1785510927
|gametype|doubles
|player|p1|strolin stu|psychicf-gen4|1204
|player|p2|Chelicerate1|ethan|1246
|gen|9
|tier|[Gen 9 Champions] VGC 2026 Reg M-B (Bo3)
|rated|
|rule|Species Clause: Limit one of each Pokémon
|rule|Item Clause: Limit 1 of each item
|clearpoke
|poke|p1|Scovillain, L50, M|
|poke|p1|Gholdengo, L50|
|poke|p1|Kommo-o, L50, F|
|poke|p1|Ninetales-Alola, L50, M|
|poke|p1|Aerodactyl, L50, F|
|poke|p1|Simipour, L50, M|
|poke|p2|Grimmsnarl, L50, M|
|poke|p2|Basculegion, L50, M|
|poke|p2|Charizard, L50, F|
|poke|p2|Pelipper, L50, M|
|poke|p2|Venusaur, L50, M|
|poke|p2|Archaludon, L50, M|
|teampreview|4
|showteam|p1|Scovillain||Scovillainite|Moody|HelpingHand,RagePowder,Protect,Overheat|Bold||M|||50|]Gholdengo||LifeOrb|GoodasGold|NastyPlot,MakeItRain,Protect,ShadowBall|Modest|||||50|]Kommo-o||SitrusBerry|Bulletproof|ClangorousSoul,AuraSphere,ClangingScales,Protect|Modest||F|||50|]Ninetales-Alola||NeverMeltIce|SnowWarning|FreezeDry,Blizzard,AuroraVeil,Protect|Timid||M|||50|]Aerodactyl||Aerodactylite|Unnerve|RockSlide,DualWingbeat,Protect,Tailwind|Adamant||F|||50|]Simipour||FocusSash|Torrent|FakeOut,IcyWind,Scald,HelpingHand|Timid||M|||50|
|showteam|p2|Grimmsnarl||LightClay|Prankster|SpiritBreak,PartingShot,Reflect,LightScreen|Sassy||M|||50|]Basculegion||ChoiceScarf|Adaptability|LastRespects,WaveCrash,AquaJet,FlipTurn|Jolly||M|||50|]Charizard||CharizarditeY|Blaze|Protect,HeatWave,WeatherBall,SolarBeam|Modest||F|||50|]Pelipper||SitrusBerry|Drizzle|Hurricane,WeatherBall,Tailwind,WideGuard|Modest||M|||50|]Venusaur||FocusSash|Chlorophyll|SludgeBomb,SleepPowder,EarthPower,Protect|Modest||M|||50|]Archaludon||Leftovers|Stamina|ElectroShot,DragonPulse,FlashCannon,Protect|Calm||M|||50|
|inactive|Battle timer is ON: inactive players will automatically lose when time's up. (requested by Chelicerate1)
|
|t:|1785510943
|teamsize|p1|4
|teamsize|p2|4
|start
|switch|p1a: Gholdengo|Gholdengo, L50|100/100
|switch|p1b: Aerodactyl|Aerodactyl, L50, F|100/100
|switch|p2a: Charizard|Charizard, L50, F|100/100
|switch|p2b: Grimmsnarl|Grimmsnarl, L50, M|100/100
|-ability|p1b: Aerodactyl|Unnerve
|turn|1
|inactive|strolin stu has 30 seconds left.
|
|t:|1785510975
|switch|p2a: Archaludon|Archaludon, L50, M|100/100
|detailschange|p1b: Aerodactyl|Aerodactyl-Mega, L50, F
|-mega|p1b: Aerodactyl|Aerodactyl|Aerodactylite
|move|p2b: Grimmsnarl|Light Screen|p2b: Grimmsnarl
|-sidestart|p2: Chelicerate1|move: Light Screen
|move|p1b: Aerodactyl|Rock Slide|p2b: Grimmsnarl|[spread] p2a,p2b
|-resisted|p2a: Archaludon|1
|-damage|p2a: Archaludon|87/100
|-damage|p2b: Grimmsnarl|65/100
|-ability|p2a: Archaludon|Stamina|boost
|-boost|p2a: Archaludon|def|1
|move|p1a: Gholdengo|Nasty Plot|p1a: Gholdengo
|-boost|p1a: Gholdengo|spa|2
|
|-heal|p2a: Archaludon|93/100|[from] item: Leftovers
|upkeep
|turn|2
|
|t:|1785510997
|move|p2b: Grimmsnarl|Parting Shot|p1b: Aerodactyl
|-unboost|p1b: Aerodactyl|atk|1
|-unboost|p1b: Aerodactyl|spa|1
|
|t:|1785511007
|switch|p2b: Pelipper|Pelipper, L50, M|100/100|[from] Parting Shot
|-weather|RainDance|[from] ability: Drizzle|[of] p2b: Pelipper
|move|p1b: Aerodactyl|Tailwind|p1b: Aerodactyl
|-sidestart|p1: strolin stu|move: Tailwind
|move|p1a: Gholdengo|Shadow Ball|p2a: Archaludon
|-damage|p2a: Archaludon|16/100
|-ability|p2a: Archaludon|Stamina|boost
|-boost|p2a: Archaludon|def|1
|-damage|p1a: Gholdengo|90/100|[from] item: Life Orb
|move|p2a: Archaludon|Electro Shot||[still]
|-prepare|p2a: Archaludon|Electro Shot
|-boost|p2a: Archaludon|spa|1
|-anim|p2a: Archaludon|Electro Shot|p1b: Aerodactyl
|-supereffective|p1b: Aerodactyl|1
|-damage|p1b: Aerodactyl|0 fnt
|faint|p1b: Aerodactyl
|
|-weather|RainDance|[upkeep]
|-heal|p2a: Archaludon|22/100|[from] item: Leftovers
|upkeep
|
|t:|1785511028
|switch|p1b: Ninetales|Ninetales-Alola, L50, M|100/100
|-weather|Snowscape|[from] ability: Snow Warning|[of] p1b: Ninetales
|turn|3
|
|t:|1785511037
|move|p2a: Archaludon|Protect|p2a: Archaludon
|-singleturn|p2a: Archaludon|Protect
|move|p1b: Ninetales|Freeze-Dry|p2b: Pelipper
|-supereffective|p2b: Pelipper|2
|-damage|p2b: Pelipper|0 fnt
|faint|p2b: Pelipper
|move|p1a: Gholdengo|Shadow Ball|p2a: Archaludon
|-activate|p2a: Archaludon|move: Protect
|
|-weather|Snowscape|[upkeep]
|-heal|p2a: Archaludon|29/100|[from] item: Leftovers
|upkeep
|
|t:|1785511046
|switch|p2b: Charizard|Charizard, L50, F|100/100
|turn|4
|inactive|strolin stu has 30 seconds left.
|
|t:|1785511072
|switch|p1b: Simipour|Simipour, L50, M|100/100
|detailschange|p2b: Charizard|Charizard-Mega-Y, L50, F
|-mega|p2b: Charizard|Charizard|Charizardite Y
|-weather|SunnyDay|[from] ability: Drought|[of] p2b: Charizard
|move|p1a: Gholdengo|Protect|p1a: Gholdengo
|-singleturn|p1a: Gholdengo|Protect
|move|p2b: Charizard|Heat Wave|p1a: Gholdengo|[spread] p1b
|-activate|p1a: Gholdengo|move: Protect
|-resisted|p1b: Simipour|1
|-damage|p1b: Simipour|46/100
|move|p2a: Archaludon|Flash Cannon|p1b: Simipour
|-resisted|p1b: Simipour|1
|-damage|p1b: Simipour|1/100
|
|-weather|SunnyDay|[upkeep]
|-heal|p2a: Archaludon|35/100|[from] item: Leftovers
|upkeep
|turn|5
|inactive|strolin stu has 30 seconds left.
|
|t:|1785511105
|switch|p2b: Grimmsnarl|Grimmsnarl, L50, M|65/100
|move|p2a: Archaludon|Protect|p2a: Archaludon
|-singleturn|p2a: Archaludon|Protect
|move|p1b: Simipour|Fake Out|p2b: Grimmsnarl
|-damage|p2b: Grimmsnarl|57/100
|move|p1a: Gholdengo|Shadow Ball|p2a: Archaludon
|-activate|p2a: Archaludon|move: Protect
|
|-weather|SunnyDay|[upkeep]
|-heal|p2a: Archaludon|41/100|[from] item: Leftovers
|-sideend|p1: strolin stu|move: Tailwind
|upkeep
|turn|6
|
|t:|1785511130
|move|p1b: Simipour|Helping Hand|p1a: Gholdengo
|-immune|p1a: Gholdengo|[from] ability: Good as Gold
|move|p1a: Gholdengo|Shadow Ball|p2a: Archaludon
|-damage|p2a: Archaludon|0 fnt
|faint|p2a: Archaludon
|-damage|p1a: Gholdengo|80/100|[from] item: Life Orb
|move|p2b: Grimmsnarl|Spirit Break|p1a: Gholdengo
|-resisted|p1a: Gholdengo|1
|-damage|p1a: Gholdengo|63/100
|-unboost|p1a: Gholdengo|spa|1
|
|-weather|SunnyDay|[upkeep]
|upkeep
|
|t:|1785511139
|switch|p2a: Charizard|Charizard-Mega-Y, L50, F|100/100
|turn|7
|
|t:|1785511150
|move|p2b: Grimmsnarl|Parting Shot|p1b: Simipour
|-unboost|p1b: Simipour|atk|1
|-unboost|p1b: Simipour|spa|1
|move|p1b: Simipour|Icy Wind|p2b: Grimmsnarl|[spread] p2a,p2b
|-damage|p2a: Charizard|95/100
|-damage|p2b: Grimmsnarl|52/100
|-unboost|p2a: Charizard|spe|1
|-unboost|p2b: Grimmsnarl|spe|1
|move|p1a: Gholdengo|Shadow Ball|p2a: Charizard
|-damage|p2a: Charizard|38/100
|-damage|p1a: Gholdengo|53/100|[from] item: Life Orb
|move|p2a: Charizard|Heat Wave|p1b: Simipour|[spread] p1a,p1b
|-supereffective|p1a: Gholdengo|1
|-resisted|p1b: Simipour|1
|-damage|p1a: Gholdengo|0 fnt
|-damage|p1b: Simipour|0 fnt
|faint|p1a: Gholdengo
|faint|p1b: Simipour
|
|-weather|SunnyDay|[upkeep]
|upkeep
|
|t:|1785511171
|switch|p1b: Ninetales|Ninetales-Alola, L50, M|100/100
|-weather|Snowscape|[from] ability: Snow Warning|[of] p1b: Ninetales
|turn|8
|
|t:|1785511180
|move|p1b: Ninetales|Protect|p1b: Ninetales
|-singleturn|p1b: Ninetales|Protect
|move|p2b: Grimmsnarl|Parting Shot|p1b: Ninetales
|-activate|p1b: Ninetales|move: Protect
|move|p2a: Charizard|Heat Wave|p1b: Ninetales
|-activate|p1b: Ninetales|move: Protect
|
|-weather|Snowscape|[upkeep]
|-sideend|p2: Chelicerate1|move: Light Screen
|upkeep
|turn|9
|
|t:|1785511189
|move|p2a: Charizard|Protect|p2a: Charizard
|-singleturn|p2a: Charizard|Protect
|move|p2b: Grimmsnarl|Light Screen|p2b: Grimmsnarl
|-sidestart|p2: Chelicerate1|move: Light Screen
|move|p1b: Ninetales|Blizzard|p2b: Grimmsnarl|[spread] p2b
|-activate|p2a: Charizard|move: Protect
|-damage|p2b: Grimmsnarl|31/100
|-status|p2b: Grimmsnarl|frz
|
|-weather|Snowscape|[upkeep]
|upkeep
|turn|10
|
|t:|1785511200
|cant|p2b: Grimmsnarl|frz
|move|p1b: Ninetales|Blizzard|p2a: Charizard|[spread] p2a,p2b
|-damage|p2a: Charizard|16/100
|-damage|p2b: Grimmsnarl|8/100 frz
|move|p2a: Charizard|Heat Wave|p1b: Ninetales|[miss]
|-miss|p2a: Charizard|p1b: Ninetales
|
|-weather|Snowscape|[upkeep]
|upkeep
|turn|11
|
|t:|1785511210
|move|p2a: Charizard|Protect|p2a: Charizard
|-singleturn|p2a: Charizard|Protect
|-curestatus|p2b: Grimmsnarl|frz|[msg]
|move|p2b: Grimmsnarl|Parting Shot|p1b: Ninetales
|-unboost|p1b: Ninetales|atk|1
|-unboost|p1b: Ninetales|spa|1
|move|p1b: Ninetales|Blizzard|p2a: Charizard|[spread] p2b
|-activate|p2a: Charizard|move: Protect
|-damage|p2b: Grimmsnarl|0 fnt
|faint|p2b: Grimmsnarl
|
|-weather|Snowscape|[upkeep]
|upkeep
|turn|12
|c|☆strolin stu|gg
|
|t:|1785511222
|move|p1b: Ninetales|Blizzard|p2a: Charizard
|-damage|p2a: Charizard|0 fnt
|faint|p2a: Charizard
|
|win|strolin stu
|raw|strolin stu's rating: 1204 → 1232(+28 for winning)
|raw|Chelicerate1's rating: 1246 → 1218(-28 for losing)
