|j|☆detoxfilms
|j|☆Green-Dogi Ranger
|html|detoxfilmsGreen-Dogi Ranger    
|uhtml|bestof|Game 1 of a best-of-3
|t:|1757732233
|gametype|doubles
|player|p1|detoxfilms|1|1115
|player|p2|Green-Dogi Ranger|linebacker|1042
|gen|9
|tier|[Gen 9] VGC 2025 Reg H (Bo3)
|rated|
|rule|Species Clause: Limit one of each Pokémon
|rule|Item Clause: Limit 1 of each item
|clearpoke
|poke|p1|Gothitelle, L50, F|
|poke|p1|Lapras, L50, F|
|poke|p1|Incineroar, L50, F|
|poke|p1|Ursaluna, L50, M|
|poke|p1|Farigiraf, L50, M|
|poke|p1|Amoonguss, L50, M|
|poke|p2|Malamar, L50, M|
|poke|p2|Torkoal, L50, M|
|poke|p2|Delphox, L50, F|
|poke|p2|Indeedee-F, L50, F|
|poke|p2|Sneasler, L50, F|
|poke|p2|Ursaluna, L50, M|
|teampreview|4
|showteam|p1|Gothitelle||SitrusBerry|ShadowTag|FakeOut,Psychic,TrickRoom,Protect|||F|||50|,,,,,Dark]Lapras||Leftovers|WaterAbsorb|Protect,MuddyWater,HelpingHand,PerishSong|||F|||50|,,,,,Dark]Incineroar||SafetyGoggles|Intimidate|FakeOut,FlareBlitz,PartingShot,Protect|||F|||50|,,,,,Bug]Ursaluna||FlameOrb|Guts|Protect,Facade,HeadlongRush,Earthquake|||M|||50|,,,,,Ghost]Farigiraf||MentalHerb|ArmorTail|Protect,TeraBlast,ExpandingForce,TrickRoom|||M|||50|,,,,,Fighting]Amoonguss||RockyHelmet|Regenerator|Protect,Spore,RagePowder,SludgeBomb|||M|||50|,,,,,Dark
|showteam|p2|Malamar||ChoiceScarf|Contrary|KnockOff,PsychoCut,Superpower,TopsyTurvy|||M|||50|,,,,,Fighting]Torkoal||EjectPack|Drought|Protect,Eruption,Overheat,HelpingHand|||M|||50|,,,,,Flying]Delphox||LifeOrb|Blaze|Flamethrower,ExpandingForce,DazzlingGleam,Protect|||F|||50|,,,,,Fairy]Indeedee-F||SafetyGoggles|PsychicSurge|FollowMe,Psychic,HelpingHand,TrickRoom|||F|||50|,,,,,Fairy]Sneasler||PsychicSeed|Unburden|Protect,CloseCombat,DireClaw,ThroatChop|||F|||50|,,,,,Dark]Ursaluna||FlameOrb|Guts|Protect,HeadlongRush,Earthquake,Facade|||M|||50|,,,,,Ghost
|
|t:|1757732319
|teamsize|p1|4
|teamsize|p2|4
|start
|switch|p1a: Lapras|Lapras, L50, F|100/100
|switch|p1b: Incineroar|Incineroar, L50, F|100/100
|switch|p2a: Indeedee|Indeedee-F, L50, F|100/100
|switch|p2b: Ursaluna|Ursaluna, L50, M|100/100
|-fieldstart|move: Psychic Terrain|[from] ability: Psychic Surge|[of] p2a: Indeedee
|-ability|p1b: Incineroar|Intimidate|boost
|-unboost|p2a: Indeedee|atk|1
|-unboost|p2b: Ursaluna|atk|1
|turn|1
|
|t:|1757732372
|move|p2b: Ursaluna|Protect|p2b: Ursaluna
|-singleturn|p2b: Ursaluna|Protect
|move|p2a: Indeedee|Psychic|p1a: Lapras
|-damage|p1a: Lapras|79/100
|move|p1b: Incineroar|Parting Shot|p2a: Indeedee
|-unboost|p2a: Indeedee|atk|1
|-unboost|p2a: Indeedee|spa|1
|inactive|Battle timer is ON: inactive players will automatically lose when time's up. (requested by Green-Dogi Ranger)
|
|t:|1757732385
|switch|p1b: Gothitelle|Gothitelle, L50, F|100/100|[from] Parting Shot
|move|p1a: Lapras|Perish Song|p1a: Lapras
|-start|p1a: Lapras|perish3|[silent]
|-start|p1b: Gothitelle|perish3|[silent]
|-start|p2a: Indeedee|perish3|[silent]
|-start|p2b: Ursaluna|perish3|[silent]
|-fieldactivate|move: Perish Song
|
|-heal|p1a: Lapras|84/100|[from] item: Leftovers
|-start|p2a: Indeedee|perish3
|-start|p2b: Ursaluna|perish3
|-start|p1b: Gothitelle|perish3
|-start|p1a: Lapras|perish3
|-status|p2b: Ursaluna|brn|[from] item: Flame Orb
|upkeep
|turn|2
|inactive|Green-Dogi Ranger has 30 seconds left.
|inactive|Green-Dogi Ranger has 20 seconds left.
|inactive|Green-Dogi Ranger has 15 seconds left.
|inactive|Green-Dogi Ranger has 10 seconds left.
|
|t:|1757732432
|switch|p1a: Incineroar|Incineroar, L50, F|100/100
|-ability|p1a: Incineroar|Intimidate|boost
|-unboost|p2a: Indeedee|atk|1
|-unboost|p2b: Ursaluna|atk|1
|-terastallize|p2b: Ursaluna|Ghost
|move|p1b: Gothitelle|Protect|p1b: Gothitelle
|-singleturn|p1b: Gothitelle|Protect
|move|p2b: Ursaluna|Facade|p1a: Incineroar
|-damage|p1a: Incineroar|41/100
|move|p2a: Indeedee|Trick Room|p2a: Indeedee
|-fieldstart|move: Trick Room|[of] p2a: Indeedee
|
|-damage|p2b: Ursaluna|94/100 brn|[from] brn
|-start|p1b: Gothitelle|perish2
|-start|p2b: Ursaluna|perish2
|-start|p2a: Indeedee|perish2
|upkeep
|turn|3
|inactive|Green-Dogi Ranger has 30 seconds left.
|
|t:|1757732461
|switch|p1b: Lapras|Lapras, L50, F|84/100
|move|p2b: Ursaluna|Protect|p2b: Ursaluna
|-singleturn|p2b: Ursaluna|Protect
|move|p1a: Incineroar|Parting Shot|p2b: Ursaluna
|-activate|p2b: Ursaluna|move: Protect
|move|p2a: Indeedee|Psychic|p1b: Lapras
|-damage|p1b: Lapras|69/100
|
|-heal|p1b: Lapras|75/100|[from] item: Leftovers
|-damage|p2b: Ursaluna|88/100 brn|[from] brn
|-start|p2b: Ursaluna|perish1
|-start|p2a: Indeedee|perish1
|upkeep
|turn|4
|inactive|detoxfilms has 30 seconds left.
|
|t:|1757732490
|switch|p2b: Torkoal|Torkoal, L50, M|100/100
|-weather|SunnyDay|[from] ability: Drought|[of] p2b: Torkoal
|move|p2a: Indeedee|Follow Me|p2a: Indeedee
|-singleturn|p2a: Indeedee|move: Follow Me
|move|p1b: Lapras|Perish Song|p1b: Lapras
|-start|p1a: Incineroar|perish3|[silent]
|-start|p1b: Lapras|perish3|[silent]
|-start|p2b: Torkoal|perish3|[silent]
|-fieldactivate|move: Perish Song
|move|p1a: Incineroar|Parting Shot|p2a: Indeedee
|-unboost|p2a: Indeedee|atk|1
|-unboost|p2a: Indeedee|spa|1
|
|t:|1757732506
|switch|p1a: Gothitelle|Gothitelle, L50, F|100/100|[from] Parting Shot
|
|-weather|SunnyDay|[upkeep]
|-heal|p1b: Lapras|81/100|[from] item: Leftovers
|-start|p2b: Torkoal|perish3
|-start|p1b: Lapras|perish3
|-start|p2a: Indeedee|perish0
|faint|p2a: Indeedee
|upkeep
|
|t:|1757732515
|switch|p2a: Ursaluna|Ursaluna, L50, M, tera:Ghost|88/100 brn
|turn|5
|
|t:|1757732537
|move|p1b: Lapras|Protect|p1b: Lapras
|-singleturn|p1b: Lapras|Protect
|move|p1a: Gothitelle|Protect|p1a: Gothitelle
|-singleturn|p1a: Gothitelle|Protect
|move|p2b: Torkoal|Eruption|p1b: Lapras|[spread] 
|-activate|p1a: Gothitelle|move: Protect
|-activate|p1b: Lapras|move: Protect
|move|p2a: Ursaluna|Facade|p1b: Lapras
|-activate|p1b: Lapras|move: Protect
|
|-weather|SunnyDay|[upkeep]
|-heal|p1b: Lapras|87/100|[from] item: Leftovers
|-damage|p2a: Ursaluna|82/100 brn|[from] brn
|-start|p2b: Torkoal|perish2
|-start|p1b: Lapras|perish2
|-fieldend|move: Psychic Terrain
|upkeep
|turn|6
|
|t:|1757732560
|switch|p1a: Incineroar|Incineroar, L50, F|41/100
|-ability|p1a: Incineroar|Intimidate|boost
|-unboost|p2a: Ursaluna|atk|1
|-unboost|p2b: Torkoal|atk|1
|-enditem|p2b: Torkoal|Eject Pack
|
|t:|1757732566
|switch|p2b: Sneasler|Sneasler, L50, F|100/100
|move|p1b: Lapras|Perish Song|p1b: Lapras
|-start|p1a: Incineroar|perish3|[silent]
|-start|p2a: Ursaluna|perish3|[silent]
|-start|p2b: Sneasler|perish3|[silent]
|-fieldactivate|move: Perish Song
|move|p2a: Ursaluna|Facade|p1a: Incineroar
|-damage|p1a: Incineroar|0 fnt
|faint|p1a: Incineroar
|
|-weather|SunnyDay|[upkeep]
|-heal|p1b: Lapras|92/100|[from] item: Leftovers
|-damage|p2a: Ursaluna|76/100 brn|[from] brn
|-start|p1b: Lapras|perish1
|-start|p2a: Ursaluna|perish3
|-start|p2b: Sneasler|perish3
|-fieldend|move: Trick Room
|upkeep
|
|t:|1757732578
|switch|p1a: Gothitelle|Gothitelle, L50, F|100/100
|turn|7
|inactive|Green-Dogi Ranger has 30 seconds left.
|inactive|Green-Dogi Ranger has 20 seconds left.
|inactive|Green-Dogi Ranger has 15 seconds left.
|
|t:|1757732620
|switch|p1b: Farigiraf|Farigiraf, L50, M|100/100
|move|p2b: Sneasler|Throat Chop|p1a: Gothitelle
|-supereffective|p1a: Gothitelle
|-damage|p1a: Gothitelle|36/100
|-start|p1a: Gothitelle|Throat Chop|[silent]
|-enditem|p1a: Gothitelle|Sitrus Berry|[eat]
|-heal|p1a: Gothitelle|61/100|[from] item: Sitrus Berry
|move|p2a: Ursaluna|Facade|p1b: Farigiraf
|-damage|p1b: Farigiraf|13/100
|move|p1a: Gothitelle|Psychic|p2b: Sneasler
|-supereffective|p2b: Sneasler
|-damage|p2b: Sneasler|0 fnt
|faint|p2b: Sneasler
|
|-weather|SunnyDay|[upkeep]
|-damage|p2a: Ursaluna|70/100 brn|[from] brn
|-start|p2a: Ursaluna|perish2
|upkeep
|
|t:|1757732632
|switch|p2b: Torkoal|Torkoal, L50, M|100/100
|turn|8
|inactive|Green-Dogi Ranger has 30 seconds left.
|inactive|Green-Dogi Ranger has 20 seconds left.
|
|t:|1757732671
|move|p1a: Gothitelle|Protect|p1a: Gothitelle
|-singleturn|p1a: Gothitelle|Protect
|move|p1b: Farigiraf|Protect|p1b: Farigiraf
|-singleturn|p1b: Farigiraf|Protect
|move|p2a: Ursaluna|Facade|p1b: Farigiraf
|-activate|p1b: Farigiraf|move: Protect
|move|p2b: Torkoal|Eruption|p1a: Gothitelle|[spread] 
|-activate|p1a: Gothitelle|move: Protect
|-activate|p1b: Farigiraf|move: Protect
|
|-weather|none
|-damage|p2a: Ursaluna|64/100 brn|[from] brn
|-end|p1a: Gothitelle|Throat Chop|[silent]
|-start|p2a: Ursaluna|perish1
|upkeep
|turn|9
|inactive|Green-Dogi Ranger has 30 seconds left.
|inactive|Green-Dogi Ranger has 20 seconds left.
|
|t:|1757732711
|move|p2a: Ursaluna|Facade|p1a: Gothitelle
|-damage|p1a: Gothitelle|0 fnt
|faint|p1a: Gothitelle
|move|p1b: Farigiraf|Expanding Force|p2b: Torkoal
|-damage|p2b: Torkoal|58/100
|move|p2b: Torkoal|Eruption|p1b: Farigiraf
|-damage|p1b: Farigiraf|0 fnt
|faint|p1b: Farigiraf
|
|-damage|p2a: Ursaluna|58/100 brn|[from] brn
|-start|p2a: Ursaluna|perish0
|faint|p2a: Ursaluna
|upkeep
|
|t:|1757732720
|switch|p1b: Lapras|Lapras, L50, F|92/100
|turn|10
|
|t:|1757732732
|move|p1b: Lapras|Muddy Water|p2b: Torkoal
|-supereffective|p2b: Torkoal
|-damage|p2b: Torkoal|0 fnt
|faint|p2b: Torkoal
|
|win|detoxfilms
