|j|☆testdigi
|j|☆Lamorza69
|html|testdigiLamorza69    
|uhtml|bestof|Game 2 of a best-of-3
|t:|1785337754
|gametype|doubles
|player|p1|testdigi|169|1124
|player|p2|Lamorza69|cynthia-gen4|1040
|gen|9
|tier|[Gen 9 Champions] VGC 2026 Reg M-B (Bo3)
|rated|
|rule|Species Clause: Limit one of each Pokémon
|rule|Item Clause: Limit 1 of each item
|clearpoke
|poke|p1|Tyranitar, L50, M|
|poke|p1|Excadrill, L50, M|
|poke|p1|Gholdengo, L50, shiny|
|poke|p1|Milotic, L50, F, shiny|
|poke|p1|Sinistcha, L50|
|poke|p1|Staraptor, L50, F|
|poke|p2|Floette-Eternal, L50, F|
|poke|p2|Sylveon, L50, M|
|poke|p2|Garchomp, L50, M|
|poke|p2|Sinistcha, L50|
|poke|p2|Sableye, L50, F|
|poke|p2|Incineroar, L50, M|
|teampreview|4
|showteam|p1|Tyranitar||Tyranitarite|SandStream|RockSlide,KnockOff,LowKick,Protect|Jolly||M|||50|]Excadrill||FocusSash|SandRush|HighHorsepower,IronHead,RockSlide,Protect|Adamant||M|||50|]Gholdengo||LifeOrb|GoodasGold|ShadowBall,MakeItRain,NastyPlot,Protect|Modest|||||50|]Milotic||Leftovers|Competitive|Scald,Recover,IcyWind,Protect|Calm||F|||50|]Sinistcha||ColburBerry|Hospitality|MatchaGotcha,LifeDew,RagePowder,Protect|Bold|||||50|]Staraptor||Staraptite|Intimidate|CloseCombat,BraveBird,Tailwind,Protect|Jolly||F|||50|
|showteam|p2|Floette-Eternal||Floettite|FlowerVeil|HelpingHand,Protect,CalmMind,DazzlingGleam|Bold||F|||50|]Sylveon||LifeOrb|Pixilate|HyperVoice,HyperBeam,QuickAttack,Protect|Modest||M|||50|]Garchomp||MuscleBand|RoughSkin|Earthquake,DragonClaw,HelpingHand,Protect|Jolly||M|||50|]Sinistcha||SitrusBerry|Hospitality|MatchaGotcha,LifeDew,RagePowder,Protect|Modest|||||50|]Sableye||Audinite|Prankster|Disable,Encore,Trick,HelpingHand|Sassy||F|||50|]Incineroar||ExpertBelt|Intimidate|FlareBlitz,DarkestLariat,PartingShot,Protect|Jolly||M|||50|
|inactive|Battle timer is ON: inactive players will automatically lose when time's up. (requested by Lamorza69)
|
|t:|1785337770
|teamsize|p1|4
|teamsize|p2|4
|start
|switch|p1a: Milotic|Milotic, L50, F, shiny|100/100
|switch|p1b: Gholdengo|Gholdengo, L50, shiny|100/100
|switch|p2a: Gary|Sylveon, L50, M|100/100
|switch|p2b: Flinchmaster|Incineroar, L50, M|100/100
|-ability|p2b: Flinchmaster|Intimidate|boost
|-unboost|p1a: Milotic|atk|1
|-ability|p1a: Milotic|Competitive|boost
|-boost|p1a: Milotic|spa|2
|-unboost|p1b: Gholdengo|atk|1
|turn|1
|inactive|testdigi has 30 seconds left.
|
|t:|1785337800
|move|p1b: Gholdengo|Protect|p1b: Gholdengo
|-singleturn|p1b: Gholdengo|Protect
|move|p2b: Flinchmaster|Darkest Lariat|p1a: Milotic
|-damage|p1a: Milotic|62/100
|move|p2a: Gary|Hyper Beam|p1b: Gholdengo
|-activate|p1b: Gholdengo|move: Protect
|move|p1a: Milotic|Scald|p2b: Flinchmaster
|-supereffective|p2b: Flinchmaster|1
|-damage|p2b: Flinchmaster|0 fnt
|faint|p2b: Flinchmaster
|
|-heal|p1a: Milotic|68/100|[from] item: Leftovers
|upkeep
|
|t:|1785337814
|switch|p2b: ShadowBall|Sinistcha, L50|100/100
|turn|2
|
|t:|1785337827
|switch|p1b: Sinistcha|Sinistcha, L50|100/100
|-heal|p1a: Milotic|93/100|[from] ability: Hospitality|[of] p1b: Sinistcha
|move|p2a: Gary|Hyper Beam|p1b: Sinistcha
|-damage|p1b: Sinistcha|0 fnt
|-mustrecharge|p2a: Gary
|faint|p1b: Sinistcha
|-damage|p2a: Gary|90/100|[from] item: Life Orb
|move|p1a: Milotic|Icy Wind|p2a: Gary|[spread] p2a,p2b
|-supereffective|p2b: ShadowBall|1
|-damage|p2a: Gary|70/100
|-damage|p2b: ShadowBall|52/100
|-unboost|p2a: Gary|spe|1
|-unboost|p2b: ShadowBall|spe|1
|move|p2b: ShadowBall|Matcha Gotcha|p1a: Milotic
|-supereffective|p1a: Milotic|1
|-damage|p1a: Milotic|46/100
|-heal|p2b: ShadowBall|84/100|[from] drain|[of] p1a: Milotic
|
|-heal|p1a: Milotic|51/100|[from] item: Leftovers
|upkeep
|
|t:|1785337838
|switch|p1b: Gholdengo|Gholdengo, L50, shiny|100/100
|turn|3
|
|t:|1785337853
|move|p1b: Gholdengo|Make It Rain|p2a: Gary|[spread] p2a,p2b
|-supereffective|p2a: Gary|1
|-damage|p2a: Gary|0 fnt
|-damage|p2b: ShadowBall|6/100
|-unboost|p1b: Gholdengo|spa|2
|-enditem|p2b: ShadowBall|Sitrus Berry|[eat]
|-heal|p2b: ShadowBall|31/100|[from] item: Sitrus Berry
|faint|p2a: Gary
|-damage|p1b: Gholdengo|90/100|[from] item: Life Orb
|move|p1a: Milotic|Recover|p1a: Milotic
|-heal|p1a: Milotic|100/100
|move|p2b: ShadowBall|Matcha Gotcha|p1a: Milotic|[spread] p1a
|-miss|p2b: ShadowBall|p1b: Gholdengo
|-supereffective|p1a: Milotic|1
|-damage|p1a: Milotic|63/100
|-heal|p2b: ShadowBall|56/100|[from] drain|[of] p1a: Milotic
|-status|p1a: Milotic|brn
|
|-heal|p1a: Milotic|69/100 brn|[from] item: Leftovers
|-damage|p1a: Milotic|63/100 brn|[from] brn
|upkeep
|
|t:|1785337877
|switch|p2a: TheNuke|Floette-Eternal, L50, F|100/100
|turn|4
|
|t:|1785337892
|detailschange|p2a: TheNuke|Floette-Mega, L50, F
|-mega|p2a: TheNuke|Floette|Floettite
|-ability|p2a: TheNuke|Fairy Aura
|move|p1b: Gholdengo|Protect|p1b: Gholdengo
|-singleturn|p1b: Gholdengo|Protect
|move|p2b: ShadowBall|Protect|p2b: ShadowBall
|-singleturn|p2b: ShadowBall|Protect
|move|p2a: TheNuke|Dazzling Gleam|p1a: Milotic|[spread] p1a
|-activate|p1b: Gholdengo|move: Protect
|-damage|p1a: Milotic|35/100 brn
|move|p1a: Milotic|Icy Wind|p2b: ShadowBall|[spread] p2a
|-activate|p2b: ShadowBall|move: Protect
|-damage|p2a: TheNuke|80/100
|-unboost|p2a: TheNuke|spe|1
|
|-heal|p1a: Milotic|41/100 brn|[from] item: Leftovers
|-damage|p1a: Milotic|35/100 brn|[from] brn
|upkeep
|turn|5
|
|t:|1785337913
|switch|p1b: Staraptor|Staraptor, L50, F|100/100
|-ability|p1b: Staraptor|Intimidate|boost
|-unboost|p2a: TheNuke|atk|1
|-unboost|p2b: ShadowBall|atk|1
|move|p1a: Milotic|Recover|p1a: Milotic
|-heal|p1a: Milotic|85/100 brn
|move|p2a: TheNuke|Dazzling Gleam|p1a: Milotic|[spread] p1a,p1b
|-damage|p1a: Milotic|53/100 brn
|-damage|p1b: Staraptor|38/100
|move|p2b: ShadowBall|Matcha Gotcha|p1a: Milotic|[spread] p1a,p1b
|-supereffective|p1a: Milotic|1
|-resisted|p1b: Staraptor|1
|-damage|p1a: Milotic|17/100 brn
|-heal|p2b: ShadowBall|81/100|[from] drain|[of] p1a: Milotic
|-damage|p1b: Staraptor|21/100
|-heal|p2b: ShadowBall|93/100|[from] drain|[of] p1b: Staraptor
|
|-heal|p1a: Milotic|23/100 brn|[from] item: Leftovers
|-damage|p1a: Milotic|17/100 brn|[from] brn
|upkeep
|turn|6
|
|t:|1785337937
|detailschange|p1b: Staraptor|Staraptor-Mega, L50, F
|-mega|p1b: Staraptor|Staraptor|Staraptite
|move|p2b: ShadowBall|Protect|p2b: ShadowBall
|-singleturn|p2b: ShadowBall|Protect
|move|p1b: Staraptor|Brave Bird|p2b: ShadowBall
|-activate|p2b: ShadowBall|move: Protect
|move|p1a: Milotic|Recover|p1a: Milotic
|-heal|p1a: Milotic|67/100 brn
|move|p2a: TheNuke|Dazzling Gleam|p1b: Staraptor|[spread] p1a,p1b
|-supereffective|p1b: Staraptor|1
|-damage|p1a: Milotic|36/100 brn
|-damage|p1b: Staraptor|0 fnt
|faint|p1b: Staraptor
|
|-heal|p1a: Milotic|42/100 brn|[from] item: Leftovers
|-damage|p1a: Milotic|36/100 brn|[from] brn
|upkeep
|
|t:|1785337941
|switch|p1b: Gholdengo|Gholdengo, L50, shiny|90/100
|turn|7
|
|t:|1785337962
|move|p2b: ShadowBall|Rage Powder|p2b: ShadowBall
|-singleturn|p2b: ShadowBall|move: Rage Powder
|move|p1b: Gholdengo|Nasty Plot|p1b: Gholdengo
|-boost|p1b: Gholdengo|spa|2
|move|p1a: Milotic|Recover|p1a: Milotic
|-heal|p1a: Milotic|86/100 brn
|move|p2a: TheNuke|Dazzling Gleam|p1a: Milotic|[spread] p1a,p1b
|-resisted|p1b: Gholdengo|1
|-damage|p1a: Milotic|58/100 brn
|-damage|p1b: Gholdengo|62/100
|
|-heal|p1a: Milotic|64/100 brn|[from] item: Leftovers
|-damage|p1a: Milotic|58/100 brn|[from] brn
|upkeep
|turn|8
|
|t:|1785337985
|move|p2a: TheNuke|Protect|p2a: TheNuke
|-singleturn|p2a: TheNuke|Protect
|move|p1b: Gholdengo|Make It Rain|p2b: ShadowBall|[spread] p2b
|-activate|p2a: TheNuke|move: Protect
|-damage|p2b: ShadowBall|0 fnt
|-unboost|p1b: Gholdengo|spa|2
|faint|p2b: ShadowBall
|-damage|p1b: Gholdengo|52/100|[from] item: Life Orb
|move|p1a: Milotic|Icy Wind|p2a: TheNuke
|-activate|p2a: TheNuke|move: Protect
|
|-heal|p1a: Milotic|64/100 brn|[from] item: Leftovers
|-damage|p1a: Milotic|58/100 brn|[from] brn
|upkeep
|turn|9
|
|t:|1785337999
|move|p1b: Gholdengo|Make It Rain|p2a: TheNuke
|-supereffective|p2a: TheNuke|1
|-damage|p2a: TheNuke|0 fnt
|-unboost|p1b: Gholdengo|spa|2
|faint|p2a: TheNuke
|-damage|p1b: Gholdengo|43/100|[from] item: Life Orb
|
|win|testdigi
