|j|☆jwithers93
|j|☆waterspoutingogre
|html|jwithers93waterspoutingogre    
|uhtml|bestof|Game 3 of a best-of-3
|t:|1785391386
|gametype|doubles
|player|p1|jwithers93|marshal|1156
|player|p2|waterspoutingogre|101|1132
|gen|9
|tier|[Gen 9 Champions] VGC 2026 Reg M-B (Bo3)
|rated|
|rule|Species Clause: Limit one of each Pokémon
|rule|Item Clause: Limit 1 of each item
|clearpoke
|poke|p1|Scovillain, L50, M|
|poke|p1|Rotom-Wash, L50|
|poke|p1|Whimsicott, L50, F|
|poke|p1|Floette-Eternal, L50, F|
|poke|p1|Garchomp, L50, M|
|poke|p1|Kingambit, L50, M|
|poke|p2|Archaludon, L50, F|
|poke|p2|Sableye, L50, M|
|poke|p2|Sinistcha, L50|
|poke|p2|Maushold-Four, L50|
|poke|p2|Swampert, L50, F|
|poke|p2|Annihilape, L50, F|
|teampreview|4
|showteam|p1|Scovillain||Scovillainite|Moody|Overheat,LeafStorm,RagePowder,LeechSeed|Bold||M|||50|]Rotom-Wash||ChoiceScarf|Levitate|Electroweb,VoltSwitch,Thunderbolt,HydroPump|Timid|||||50|]Whimsicott||FocusSash|Prankster|Tailwind,Encore,Protect,Moonblast|Timid||F|||50|]Floette-Eternal||Floettite|FlowerVeil|DazzlingGleam,Moonblast,LightofRuin,Protect|Modest||F|||50|]Garchomp||LifeOrb|RoughSkin|Earthquake,RockSlide,DragonClaw,Protect|Jolly||M|||50|]Kingambit||ChopleBerry|Defiant|SuckerPunch,KowtowCleave,IronHead,Protect|Adamant||M|||50|
|showteam|p2|Archaludon||Leftovers|Stamina|ElectroShot,DragonPulse,FlashCannon,Protect|Modest||F|||50|]Sableye||DampRock|Prankster|WillOWisp,LightScreen,Disable,RainDance|Careful||M|||50|]Sinistcha||SitrusBerry|Hospitality|MatchaGotcha,RagePowder,LifeDew,TrickRoom|Sassy|||||50|]Maushold-Four||ZoomLens|Technician|PopulationBomb,BeatUp,FollowMe,Protect|Jolly|||||50|]Swampert||Swampertite|Torrent|WaveCrash,Earthquake,IcePunch,Protect|Jolly||F|||50|]Annihilape||ChoiceScarf|Defiant|RageFist,CloseCombat,StoneEdge,BulkUp|Adamant||F|||50|
|inactive|Battle timer is ON: inactive players will automatically lose when time's up. (requested by waterspoutingogre)
|
|t:|1785391412
|teamsize|p1|4
|teamsize|p2|4
|start
|switch|p1a: Whimsicott|Whimsicott, L50, F|100/100
|switch|p1b: Rotom|Rotom-Wash, L50|100/100
|switch|p2a: Swampert|Swampert, L50, F|100/100
|switch|p2b: Sableye|Sableye, L50, M|100/100
|turn|1
|
|t:|1785391434
|detailschange|p2a: Swampert|Swampert-Mega, L50, F
|-mega|p2a: Swampert|Swampert|Swampertite
|move|p1a: Whimsicott|Tailwind|p1a: Whimsicott
|-sidestart|p1: jwithers93|move: Tailwind
|move|p2b: Sableye|Light Screen|p2b: Sableye
|-sidestart|p2: waterspoutingogre|move: Light Screen
|move|p1b: Rotom|Hydro Pump|p2a: Swampert
|-damage|p2a: Swampert|72/100
|move|p2a: Swampert|Ice Punch|p1a: Whimsicott
|-supereffective|p1a: Whimsicott|1
|-damage|p1a: Whimsicott|19/100
|
|upkeep
|turn|2
|
|t:|1785391454
|move|p2b: Sableye|Disable|p1b: Rotom
|-start|p1b: Rotom|Disable|Hydro Pump
|cant|p1b: Rotom|Disable|Hydro Pump
|move|p1a: Whimsicott|Moonblast|p2b: Sableye
|-supereffective|p2b: Sableye|1
|-damage|p2b: Sableye|48/100
|-unboost|p2b: Sableye|spa|1
|move|p2a: Swampert|Ice Punch|p1a: Whimsicott
|-supereffective|p1a: Whimsicott|1
|-damage|p1a: Whimsicott|0 fnt
|faint|p1a: Whimsicott
|
|upkeep
|
|t:|1785391475
|switch|p1a: Floette|Floette-Eternal, L50, F|100/100
|turn|3
|
|t:|1785391486
|switch|p1b: Garchomp|Garchomp, L50, M|100/100
|switch|p2b: Sinistcha|Sinistcha, L50|100/100
|-heal|p2a: Swampert|97/100|[from] ability: Hospitality|[of] p2b: Sinistcha
|detailschange|p1a: Floette|Floette-Mega, L50, F
|-mega|p1a: Floette|Floette|Floettite
|-ability|p1a: Floette|Fairy Aura
|move|p2a: Swampert|Protect|p2a: Swampert
|-singleturn|p2a: Swampert|Protect
|move|p1a: Floette|Dazzling Gleam|p2b: Sinistcha|[spread] p2b
|-activate|p2a: Swampert|move: Protect
|-damage|p2b: Sinistcha|71/100
|
|upkeep
|turn|4
|inactive|jwithers93 has 30 seconds left.
|inactive|waterspoutingogre has 30 seconds left.
|
|t:|1785391521
|switch|p1b: Rotom|Rotom-Wash, L50|100/100
|move|p1a: Floette|Protect|p1a: Floette
|-singleturn|p1a: Floette|Protect
|move|p2b: Sinistcha|Rage Powder|p2b: Sinistcha
|-singleturn|p2b: Sinistcha|move: Rage Powder
|move|p2a: Swampert|Ice Punch|p1b: Rotom
|-resisted|p1b: Rotom|1
|-damage|p1b: Rotom|81/100
|
|-sideend|p1: jwithers93|move: Tailwind
|upkeep
|turn|5
|
|t:|1785391543
|move|p2a: Swampert|Protect|p2a: Swampert
|-singleturn|p2a: Swampert|Protect
|move|p1b: Rotom|Volt Switch|p2b: Sinistcha
|-resisted|p2b: Sinistcha|1
|-crit|p2b: Sinistcha
|-damage|p2b: Sinistcha|52/100
|
|t:|1785391549
|switch|p1b: Garchomp|Garchomp, L50, M|100/100|[from] Volt Switch
|move|p1a: Floette|Dazzling Gleam|p2b: Sinistcha|[spread] p2b
|-activate|p2a: Swampert|move: Protect
|-damage|p2b: Sinistcha|23/100
|-enditem|p2b: Sinistcha|Sitrus Berry|[eat]
|-heal|p2b: Sinistcha|47/100|[from] item: Sitrus Berry
|move|p2b: Sinistcha|Trick Room|p2b: Sinistcha
|-fieldstart|move: Trick Room|[of] p2b: Sinistcha
|
|-sideend|p2: waterspoutingogre|move: Light Screen
|upkeep
|turn|6
|
|t:|1785391568
|move|p2b: Sinistcha|Matcha Gotcha|p1b: Garchomp|[spread] p1a,p1b
|-damage|p1a: Floette|80/100
|-heal|p2b: Sinistcha|56/100|[from] drain|[of] p1a: Floette
|-damage|p1b: Garchomp|71/100
|-heal|p2b: Sinistcha|70/100|[from] drain|[of] p1b: Garchomp
|-status|p1b: Garchomp|brn
|move|p2a: Swampert|Wave Crash|p1a: Floette
|-damage|p1a: Floette|0 fnt
|faint|p1a: Floette
|-damage|p2a: Swampert|77/100|[from] Recoil
|move|p1b: Garchomp|Dragon Claw|p2b: Sinistcha
|-damage|p2b: Sinistcha|46/100
|-damage|p1b: Garchomp|62/100 brn|[from] item: Life Orb
|
|-damage|p1b: Garchomp|56/100 brn|[from] brn
|upkeep
|
|t:|1785391588
|switch|p1a: Rotom|Rotom-Wash, L50|81/100
|turn|7
|
|t:|1785391595
|move|p2b: Sinistcha|Matcha Gotcha|p1a: Rotom|[spread] p1a,p1b
|-supereffective|p1a: Rotom|1
|-damage|p1a: Rotom|20/100y
|-heal|p2b: Sinistcha|68/100|[from] drain|[of] p1a: Rotom
|-damage|p1b: Garchomp|30/100 brn
|-heal|p2b: Sinistcha|82/100|[from] drain|[of] p1b: Garchomp
|move|p2a: Swampert|Ice Punch|p1b: Garchomp
|-supereffective|p1b: Garchomp|2
|-damage|p1b: Garchomp|0 fnt
|-damage|p2a: Swampert|64/100|[from] ability: Rough Skin|[of] p1b: Garchomp
|faint|p1b: Garchomp
|move|p1a: Rotom|Hydro Pump|p2a: Swampert
|-damage|p2a: Swampert|22/100
|
|upkeep
|turn|8
|c|☆waterspoutingogre|Gg wp
|-message|jwithers93 forfeited.
|
|win|waterspoutingogre
|raw|jwithers93's rating: 1156 → 1129(-27 for losing)
|raw|waterspoutingogre's rating: 1132 → 1159(+27 for winning)
|l|☆jwithers93
|player|p1|
