|j|☆Beatyful
|j|☆Clementine1997
|html|BeatyfulClementine1997    
|uhtml|bestof|Game 2 of a best-of-3
|t:|1756761234
|gametype|doubles
|player|p1|Beatyful|miku-water|1112
|player|p2|Clementine1997|clair|1182
|gen|9
|tier|[Gen 9] VGC 2025 Reg H (Bo3)
|rated|
|rule|Species Clause: Limit one of each Pokémon
|rule|Item Clause: Limit 1 of each item
|clearpoke
|poke|p1|Volcarona, L50, F|
|poke|p1|Dragonite, L50, F|
|poke|p1|Annihilape, L50, F|
|poke|p1|Sneasler, L50, M|
|poke|p1|Rillaboom, L50, M|
|poke|p1|Incineroar, L50, F|
|poke|p2|Whimsicott, L50, M|
|poke|p2|Ursaluna-Bloodmoon, L50, M|
|poke|p2|Incineroar, L50, F|
|poke|p2|Rillaboom, L50, M|
|poke|p2|Gholdengo, L50|
|poke|p2|Primarina, L50, M|
|teampreview|4
|showteam|p1|Volcarona||Leftovers|FlameBody|HeatWave,TeraBlast,QuiverDance,Protect|||F|||50|,,,,,Fairy]Dragonite||LoadedDice|Multiscale|ScaleShot,ExtremeSpeed,Haze,Protect|||F|||50|,,,,,Steel]Annihilape||SafetyGoggles|Defiant|CloseCombat,RageFist,Taunt,FinalGambit|||F|||50|,,,,,Fire]Sneasler||FocusSash|Unburden|CloseCombat,DireClaw,Coaching,Protect|||M|||50|,,,,,Stellar]Rillaboom||AssaultVest|GrassySurge|WoodHammer,GrassyGlide,HighHorsepower,FakeOut|||M|||50|,,,,,Fire]Incineroar||RockyHelmet|Intimidate|FakeOut,KnockOff,FlareBlitz,PartingShot|||F|||50|,,,,,Grass
|showteam|p2|Whimsicott||FocusSash|Prankster|Moonblast,Taunt,TrickRoom,Tailwind|||M|||50|,,,,,Ghost]Ursaluna-Bloodmoon||LifeOrb|MindsEye|BloodMoon,EarthPower,Moonblast,Protect|||M|||50|,,,,,Fairy]Incineroar||SitrusBerry|Intimidate|KnockOff,PartingShot,FlareBlitz,FakeOut|||F|||50|,,,,,Grass]Rillaboom||AssaultVest|GrassySurge|GrassyGlide,HighHorsepower,FakeOut,Uturn|||M|||50|,,,,,Fire]Gholdengo||IronPlate|GoodasGold|MakeItRain,ShadowBall,NastyPlot,Protect||||||50|,,,,,Fairy]Primarina||ThroatSpray|LiquidVoice|HyperVoice,Moonblast,Haze,Protect|||M|||50|,,,,,Steel
|inactive|Battle timer is ON: inactive players will automatically lose when time's up. (requested by Clementine1997)
|inactive|Beatyful has 60 seconds left.
|
|t:|1756761271
|teamsize|p1|4
|teamsize|p2|4
|start
|switch|p1a: Volcarona|Volcarona, L50, F, shiny|100/100
|switch|p1b: Incineroar|Incineroar, L50, F, shiny|100/100
|switch|p2a: Whimsicott|Whimsicott, L50, M, shiny|100/100
|switch|p2b: Gholdengo|Gholdengo, L50|100/100
|-ability|p1b: Incineroar|Intimidate|boost
|-unboost|p2a: Whimsicott|atk|1
|-unboost|p2b: Gholdengo|atk|1
|turn|1
|inactive|Beatyful has 30 seconds left.
|inactive|Beatyful has 20 seconds left.
|inactive|Beatyful has 15 seconds left.
|
|t:|1756761312
|switch|p2b: Incineroar|Incineroar, L50, F, shiny|100/100
|-ability|p2b: Incineroar|Intimidate|boost
|-unboost|p1a: Volcarona|atk|1
|-unboost|p1b: Incineroar|atk|1
|move|p2a: Whimsicott|Taunt|p1a: Volcarona
|-start|p1a: Volcarona|move: Taunt
|move|p1a: Volcarona|Heat Wave|p2a: Whimsicott|[spread] p2a,p2b
|-supereffective|p2a: Whimsicott
|-resisted|p2b: Incineroar
|-enditem|p2a: Whimsicott|Focus Sash
|-damage|p2a: Whimsicott|1/100
|-damage|p2b: Incineroar|83/100
|move|p1b: Incineroar|Flare Blitz|p2a: Whimsicott
|-supereffective|p2a: Whimsicott
|-damage|p2a: Whimsicott|0 fnt
|faint|p2a: Whimsicott
|-damage|p1b: Incineroar|99/100|[from] Recoil
|
|upkeep
|
|t:|1756761323
|switch|p2a: Ursaluna|Ursaluna-Bloodmoon, L50, M|100/100
|turn|2
|inactive|Beatyful has 30 seconds left.
|inactive|Beatyful has 20 seconds left.
|inactive|Clementine1997 has 30 seconds left.
|
|t:|1756761366
|switch|p1a: Rillaboom|Rillaboom, L50, M|100/100
|-fieldstart|move: Grassy Terrain|[from] ability: Grassy Surge|[of] p1a: Rillaboom
|move|p1b: Incineroar|Knock Off|p2a: Ursaluna
|-damage|p2a: Ursaluna|76/100
|-enditem|p2a: Ursaluna|Life Orb|[from] move: Knock Off|[of] p1b: Incineroar
|move|p2a: Ursaluna|Blood Moon|p1b: Incineroar
|-damage|p1b: Incineroar|18/100
|move|p2b: Incineroar|Flare Blitz|p1a: Rillaboom
|-supereffective|p1a: Rillaboom
|-damage|p1a: Rillaboom|0 fnt
|faint|p1a: Rillaboom
|-damage|p2b: Incineroar|48/100|[from] Recoil
|-enditem|p2b: Incineroar|Sitrus Berry|[eat]
|-heal|p2b: Incineroar|73/100|[from] item: Sitrus Berry
|
|-heal|p1b: Incineroar|24/100|[from] Grassy Terrain
|-heal|p2a: Ursaluna|82/100|[from] Grassy Terrain
|-heal|p2b: Incineroar|79/100|[from] Grassy Terrain
|upkeep
|inactive|Beatyful has 30 seconds left.
|
|t:|1756761400
|switch|p1a: Sneasler|Sneasler, L50, M, shiny|100/100
|turn|3
|inactive|Clementine1997 has 30 seconds left.
|inactive|Clementine1997 has 20 seconds left.
|inactive|Clementine1997 has 15 seconds left.
|inactive|Clementine1997 has 10 seconds left.
|
|t:|1756761446
|switch|p2b: Gholdengo|Gholdengo, L50|100/100
|-terastallize|p2a: Ursaluna|Fairy
|move|p1a: Sneasler|Protect|p1a: Sneasler
|-singleturn|p1a: Sneasler|Protect
|move|p1b: Incineroar|Parting Shot|p2a: Ursaluna
|-unboost|p2a: Ursaluna|atk|1
|-unboost|p2a: Ursaluna|spa|1
|
|t:|1756761454
|switch|p1b: Volcarona|Volcarona, L50, F, shiny|100/100|[from] Parting Shot
|move|p2a: Ursaluna|Earth Power|p1b: Volcarona
|-damage|p1b: Volcarona|69/100
|
|-heal|p1b: Volcarona|75/100|[from] Grassy Terrain
|-heal|p1b: Volcarona|82/100|[from] item: Leftovers
|-heal|p2a: Ursaluna|88/100|[from] Grassy Terrain
|upkeep
|turn|4
|inactive|Beatyful has 30 seconds left.
|
|t:|1756761488
|switch|p2a: Incineroar|Incineroar, L50, F, shiny|79/100
|-ability|p2a: Incineroar|Intimidate|boost
|-unboost|p1a: Sneasler|atk|1
|-unboost|p1b: Volcarona|atk|1
|-terastallize|p1a: Sneasler|Stellar
|move|p1a: Sneasler|Dire Claw|p2a: Incineroar
|-damage|p2a: Incineroar|43/100
|move|p1b: Volcarona|Quiver Dance|p1b: Volcarona
|-boost|p1b: Volcarona|spa|1
|-boost|p1b: Volcarona|spd|1
|-boost|p1b: Volcarona|spe|1
|move|p2b: Gholdengo|Shadow Ball|p1b: Volcarona
|-damage|p1b: Volcarona|52/100
|
|-heal|p1b: Volcarona|58/100|[from] Grassy Terrain
|-heal|p1b: Volcarona|65/100|[from] item: Leftovers
|-heal|p2a: Incineroar|48/100|[from] Grassy Terrain
|upkeep
|turn|5
|inactive|Clementine1997 has 30 seconds left.
|
|t:|1756761513
|switch|p1a: Incineroar|Incineroar, L50, F, shiny|24/100
|-ability|p1a: Incineroar|Intimidate|boost
|-unboost|p2a: Incineroar|atk|1
|-unboost|p2b: Gholdengo|atk|1
|move|p1b: Volcarona|Protect|p1b: Volcarona
|-singleturn|p1b: Volcarona|Protect
|move|p2b: Gholdengo|Make It Rain|p1b: Volcarona|[spread] p1a
|-activate|p1b: Volcarona|move: Protect
|-resisted|p1a: Incineroar
|-damage|p1a: Incineroar|0 fnt
|-unboost|p2b: Gholdengo|spa|1
|faint|p1a: Incineroar
|move|p2a: Incineroar|Flare Blitz|p1b: Volcarona
|-activate|p1b: Volcarona|move: Protect
|
|-heal|p1b: Volcarona|71/100|[from] Grassy Terrain
|-heal|p1b: Volcarona|77/100|[from] item: Leftovers
|-heal|p2a: Incineroar|54/100|[from] Grassy Terrain
|upkeep
|
|t:|1756761522
|switch|p1a: Sneasler|Sneasler, L50, M, shiny, tera:Stellar|100/100
|turn|6
|
|t:|1756761534
|switch|p2a: Ursaluna|Ursaluna-Bloodmoon, L50, M, tera:Fairy|88/100
|move|p1b: Volcarona|Heat Wave|p2a: Ursaluna|[spread] p2a,p2b
|-supereffective|p2b: Gholdengo
|-damage|p2a: Ursaluna|20/100
|-damage|p2b: Gholdengo|0 fnt
|faint|p2b: Gholdengo
|move|p1a: Sneasler|Close Combat|p2a: Ursaluna
|-resisted|p2a: Ursaluna
|-damage|p2a: Ursaluna|0 fnt
|-unboost|p1a: Sneasler|def|1
|-unboost|p1a: Sneasler|spd|1
|faint|p2a: Ursaluna
|
|-heal|p1b: Volcarona|83/100|[from] Grassy Terrain
|-heal|p1b: Volcarona|90/100|[from] item: Leftovers
|-fieldend|move: Grassy Terrain
|upkeep
|
|t:|1756761538
|switch|p2b: Incineroar|Incineroar, L50, F, shiny|54/100
|-ability|p2b: Incineroar|Intimidate|boost
|-unboost|p1a: Sneasler|atk|1
|-unboost|p1b: Volcarona|atk|1
|turn|7
|-message|Clementine1997 forfeited.
|
|win|Beatyful
|raw|Beatyful's rating: 1112 → 1142(+30 for winning)
|raw|Clementine1997's rating: 1182 → 1152(-30 for losing)
|l|☆Clementine1997
|player|p2|
