|j|☆pruaxx
|j|☆testingsss
|html|pruaxxtestingsss    
|uhtml|bestof|Game 3 of a best-of-3
|t:|1783199506
|gametype|doubles
|player|p1|pruaxx|pokemaniac|1201
|player|p2|testingsss|unknown|1211
|gen|9
|tier|[Gen 9 Champions] VGC 2026 Reg M-B (Bo3)
|rated|
|rule|Species Clause: Limit one of each Pokémon
|rule|Item Clause: Limit 1 of each item
|clearpoke
|poke|p1|Floette-Eternal, L50, F|
|poke|p1|Whimsicott, L50, M|
|poke|p1|Basculegion, L50, M|
|poke|p1|Drampa, L50, M|
|poke|p1|Farigiraf, L50, F|
|poke|p1|Scrafty, L50, M|
|poke|p2|Garchomp, L50, M|
|poke|p2|Charizard, L50, F|
|poke|p2|Kingambit, L50, M|
|poke|p2|Whimsicott, L50, F|
|poke|p2|Basculegion, L50, M|
|poke|p2|Incineroar, L50, F|
|teampreview|4
|showteam|p1|Floette-Eternal||Floettite|FlowerVeil|Moonblast,DazzlingGleam,CalmMind,Protect|Modest||F|||50|]Whimsicott||FocusSash|Prankster|Moonblast,Tailwind,Encore,Protect|Timid||M|||50|]Basculegion||MysticWater|Adaptability|AquaJet,WaveCrash,LastRespects,Protect|Adamant||M|||50|]Drampa||LifeOrb|CloudNine|HyperVoice,DragonPulse,EarthPower,Protect|Quiet||M|||50|]Farigiraf||SitrusBerry|ArmorTail|TwinBeam,HelpingHand,TrickRoom,HyperVoice|Bold||F|||50|]Scrafty||Scraftinite|Moxie|LowKick,KnockOff,FakeOut,Detect|Adamant||M|||50|
|showteam|p2|Garchomp||LifeOrb|RoughSkin|Earthquake,DragonClaw,RockSlide,Protect|Jolly||M|||50|]Charizard||CharizarditeY|SolarPower|HeatWave,WeatherBall,SolarBeam,Protect|Modest||F|||50|]Kingambit||ChopleBerry|Defiant|SuckerPunch,KowtowCleave,IronHead,Protect|Adamant||M|||50|]Whimsicott||FocusSash|Prankster|Tailwind,Encore,Moonblast,Protect|Timid||F|||50|]Basculegion||MysticWater|Adaptability|WaveCrash,AquaJet,LastRespects,Protect|Adamant||M|||50|]Incineroar||SitrusBerry|Intimidate|FakeOut,FlareBlitz,ThroatChop,PartingShot|Careful||F|||50|
|inactive|Battle timer is ON: inactive players will automatically lose when time's up. (requested by pruaxx)
|inactive|testingsss also wants the timer to be on.
|
|t:|1783199525
|teamsize|p1|4
|teamsize|p2|4
|start
|switch|p1a: Floette|Floette-Eternal, L50, F|100/100
|switch|p1b: Farigiraf|Farigiraf, L50, F|100/100
|switch|p2a: Charizard|Charizard, L50, F|100/100
|switch|p2b: Basculegion|Basculegion, L50, M|100/100
|turn|1
|inactive|pruaxx has 30 seconds left.
|
|t:|1783199553
|detailschange|p1a: Floette|Floette-Mega, L50, F
|-mega|p1a: Floette|Floette|Floettite
|-ability|p1a: Floette|Fairy Aura
|move|p2a: Charizard|Heat Wave|p1b: Farigiraf|[spread] p1a,p1b
|-damage|p1a: Floette|73/100
|-damage|p1b: Farigiraf|70/100
|move|p2b: Basculegion|Wave Crash|p1b: Farigiraf
|-damage|p1b: Farigiraf|0 fnt
|faint|p1b: Farigiraf
|-damage|p2b: Basculegion|74/100|[from] Recoil
|move|p1a: Floette|Dazzling Gleam|p2a: Charizard|[spread] p2a,p2b
|-resisted|p2a: Charizard|1
|-damage|p2a: Charizard|71/100
|-damage|p2b: Basculegion|26/100
|
|upkeep
|inactive|pruaxx has 30 seconds left.
|inactive|pruaxx has 20 seconds left.
|
|t:|1783199590
|switch|p1b: Basculegion|Basculegion, L50, M|100/100
|turn|2
|
|t:|1783199610
|switch|p1a: Drampa|Drampa, L50, M|100/100
|-ability|p1a: Drampa|Cloud Nine
|detailschange|p2a: Charizard|Charizard-Mega-Y, L50, F
|-mega|p2a: Charizard|Charizard|Charizardite Y
|-weather|SunnyDay|[from] ability: Drought|[of] p2a: Charizard
|move|p2a: Charizard|Solar Beam||[still]
|-prepare|p2a: Charizard|Solar Beam
|move|p2b: Basculegion|Wave Crash|p1a: Drampa
|-resisted|p1a: Drampa|1
|-damage|p1a: Drampa|50/100g
|-damage|p2b: Basculegion|12/100|[from] Recoil
|move|p1b: Basculegion|Last Respects|p2b: Basculegion
|-supereffective|p2b: Basculegion|1
|-damage|p2b: Basculegion|0 fnt
|faint|p2b: Basculegion
|
|-weather|SunnyDay|[upkeep]
|upkeep
|
|t:|1783199620
|switch|p2b: Kingambit|Kingambit, L50, M|100/100
|turn|3
|
|t:|1783199626
|move|p1b: Basculegion|Protect|p1b: Basculegion
|-singleturn|p1b: Basculegion|Protect
|move|p1a: Drampa|Protect|p1a: Drampa
|-singleturn|p1a: Drampa|Protect
|move|p2a: Charizard|Solar Beam|p1b: Basculegion|[from] lockedmove
|-activate|p1b: Basculegion|move: Protect
|move|p2b: Kingambit|Kowtow Cleave|p1a: Drampa
|-activate|p1a: Drampa|move: Protect
|
|-weather|SunnyDay|[upkeep]
|upkeep
|turn|4
|
|t:|1783199642
|switch|p2a: Whimsicott|Whimsicott, L50, F|100/100
|switch|p1a: Floette|Floette-Mega, L50, F|73/100
|-ability|p1a: Floette|Fairy Aura
|move|p1b: Basculegion|Wave Crash|p2b: Kingambit
|-damage|p2b: Kingambit|66/100
|-damage|p1b: Basculegion|88/100|[from] Recoil
|move|p2b: Kingambit|Kowtow Cleave|p1b: Basculegion
|-supereffective|p1b: Basculegion|1
|-damage|p1b: Basculegion|0 fnt
|faint|p1b: Basculegion
|
|-weather|SunnyDay|[upkeep]
|upkeep
|
|t:|1783199651
|switch|p1b: Drampa|Drampa, L50, M|50/100g
|-ability|p1b: Drampa|Cloud Nine
|turn|5
|
|t:|1783199672
|move|p2a: Whimsicott|Tailwind|p2a: Whimsicott
|-sidestart|p2: testingsss|move: Tailwind
|move|p2b: Kingambit|Iron Head|p1a: Floette
|-supereffective|p1a: Floette|1
|-damage|p1a: Floette|0 fnt
|faint|p1a: Floette
|move|p1b: Drampa|Earth Power|p2b: Kingambit
|-supereffective|p2b: Kingambit|1
|-damage|p2b: Kingambit|0 fnt
|faint|p2b: Kingambit
|-damage|p1b: Drampa|40/100|[from] item: Life Orb
|
|-weather|SunnyDay|[upkeep]
|upkeep
|
|t:|1783199681
|switch|p2b: Charizard|Charizard-Mega-Y, L50, F|71/100
|turn|6
|
|t:|1783199685
|move|p2a: Whimsicott|Moonblast|p1b: Drampa
|-supereffective|p1b: Drampa|1
|-damage|p1b: Drampa|0 fnt
|faint|p1b: Drampa
|
|win|testingsss
|raw|pruaxx's rating: 1201 → 1177(-24 for losing)
|raw|testingsss's rating: 1211 → 1235(+24 for winning)
