|j|☆dariannnn
|j|☆caarlos.g_7
|html|dariannnncaarlos.g_7    
|uhtml|bestof|Game 3 of a best-of-3
|t:|1782208089
|gametype|doubles
|player|p1|dariannnn|silver|1137
|player|p2|caarlos.g_7|grimsley|1096
|gen|9
|tier|[Gen 9 Champions] VGC 2026 Reg M-B (Bo3)
|rated|
|rule|Species Clause: Limit one of each Pokémon
|rule|Item Clause: Limit 1 of each item
|clearpoke
|poke|p1|Farigiraf, L50, F|
|poke|p1|Garchomp, L50, F|
|poke|p1|Aerodactyl, L50, M|
|poke|p1|Sylveon, L50, M|
|poke|p1|Charizard, L50, M|
|poke|p1|Kingambit, L50, M|
|poke|p2|Charizard, L50, F, shiny|
|poke|p2|Whimsicott, L50, F|
|poke|p2|Garchomp, L50, F|
|poke|p2|Gholdengo, L50|
|poke|p2|Kangaskhan, L50, F|
|poke|p2|Incineroar, L50, M, shiny|
|teampreview|4
|showteam|p1|Farigiraf||SitrusBerry|ArmorTail|TrickRoom,Thunderbolt,Psychic,HelpingHand|Bold||F|||50|]Garchomp||LifeOrb|RoughSkin|Earthquake,RockSlide,DragonClaw,Protect|Jolly||F|||50|]Aerodactyl||Aerodactylite|RockHead|IceFang,RockSlide,Tailwind,DualWingbeat|Jolly||M|||50|]Sylveon||FairyFeather|Pixilate|Protect,HyperVoice,HyperBeam,QuickAttack|Modest||M|||50|]Charizard||CharizarditeY|SolarPower|Protect,HeatWave,WeatherBall,SolarBeam|Modest||M|||50|]Kingambit||FocusSash|Defiant|IronHead,KowtowCleave,SuckerPunch,LowKick|Adamant||M|||50|
|showteam|p2|Charizard||CharizarditeY|Blaze|WeatherBall,HeatWave,SolarBeam,Protect|Modest||F|||50|]Whimsicott||FocusSash|Prankster|Moonblast,Tailwind,Encore,Protect|Timid||F|||50|]Garchomp||LifeOrb|RoughSkin|Earthquake,DragonClaw,RockSlide,Protect|Jolly||F|||50|]Gholdengo||SpellTag|GoodasGold|MakeItRain,ShadowBall,NastyPlot,Protect|Modest|||||50|]Kangaskhan||Kangaskhanite|Scrappy|DoubleEdge,IcePunch,LowKick,FakeOut|Adamant||F|||50|]Incineroar||SitrusBerry|Intimidate|FlareBlitz,ThroatChop,PartingShot,FakeOut|Careful||M|||50|
|inactive|Battle timer is ON: inactive players will automatically lose when time's up. (requested by caarlos.g_7)
|
|t:|1782208107
|teamsize|p1|4
|teamsize|p2|4
|start
|switch|p1a: Aerodactyl|Aerodactyl, L50, M|100/100
|switch|p1b: Charizard|Charizard, L50, M|100/100
|switch|p2a: Whimsicott|Whimsicott, L50, F|100/100
|switch|p2b: Gholdengo|Gholdengo, L50|100/100
|turn|1
|
|t:|1782208128
|switch|p2b: Garchomp|Garchomp, L50, F|100/100
|detailschange|p1b: Charizard|Charizard-Mega-Y, L50, M
|-mega|p1b: Charizard|Charizard|Charizardite Y
|-weather|SunnyDay|[from] ability: Drought|[of] p1b: Charizard
|move|p2a: Whimsicott|Tailwind|p2a: Whimsicott
|-sidestart|p2: caarlos.g_7|move: Tailwind
|move|p1a: Aerodactyl|Tailwind|p1a: Aerodactyl
|-sidestart|p1: dariannnn|move: Tailwind
|move|p1b: Charizard|Heat Wave|p2b: Garchomp|[spread] p2a,p2b
|-supereffective|p2a: Whimsicott|1
|-resisted|p2b: Garchomp|1
|-enditem|p2a: Whimsicott|Focus Sash
|-damage|p2a: Whimsicott|1/100
|-damage|p2b: Garchomp|66/100
|
|-weather|SunnyDay|[upkeep]
|upkeep
|turn|2
|
|t:|1782208152
|switch|p1a: Sylveon|Sylveon, L50, M|100/100
|move|p1b: Charizard|Protect|p1b: Charizard
|-singleturn|p1b: Charizard|Protect
|move|p2a: Whimsicott|Encore||[still]
|-fail|p2a: Whimsicott
|move|p2b: Garchomp|Rock Slide|p1b: Charizard|[spread] p1a
|-activate|p1b: Charizard|move: Protect
|-damage|p1a: Sylveon|74/100
|-damage|p2b: Garchomp|57/100|[from] item: Life Orb
|
|-weather|SunnyDay|[upkeep]
|upkeep
|turn|3
|
|t:|1782208163
|switch|p2a: Gholdengo|Gholdengo, L50|100/100
|switch|p1b: Garchomp|Garchomp, L50, F|100/100
|move|p2b: Garchomp|Rock Slide|p1b: Garchomp|[spread] p1a,p1b
|-resisted|p1b: Garchomp|1
|-damage|p1a: Sylveon|48/100
|-damage|p1b: Garchomp|87/100
|-damage|p2b: Garchomp|47/100|[from] item: Life Orb
|cant|p1a: Sylveon|flinch
|
|-weather|SunnyDay|[upkeep]
|upkeep
|turn|4
|
|t:|1782208182
|move|p2b: Garchomp|Dragon Claw|p1b: Garchomp
|-supereffective|p1b: Garchomp|1
|-damage|p1b: Garchomp|0 fnt
|-damage|p2b: Garchomp|35/100|[from] ability: Rough Skin|[of] p1b: Garchomp
|faint|p1b: Garchomp
|-damage|p2b: Garchomp|25/100|[from] item: Life Orb
|move|p2a: Gholdengo|Make It Rain|p1a: Sylveon
|-supereffective|p1a: Sylveon|1
|-damage|p1a: Sylveon|0 fnt
|-unboost|p2a: Gholdengo|spa|2
|faint|p1a: Sylveon
|
|-weather|SunnyDay|[upkeep]
|-sideend|p2: caarlos.g_7|move: Tailwind
|-sideend|p1: dariannnn|move: Tailwind
|upkeep
|
|t:|1782208189
|switch|p1b: Charizard|Charizard-Mega-Y, L50, M|100/100
|switch|p1a: Aerodactyl|Aerodactyl, L50, M|100/100
|turn|5
|
|t:|1782208203
|move|p2b: Garchomp|Protect|p2b: Garchomp
|-singleturn|p2b: Garchomp|Protect
|move|p1a: Aerodactyl|Ice Fang|p2b: Garchomp
|-activate|p2b: Garchomp|move: Protect
|move|p1b: Charizard|Weather Ball|p2a: Gholdengo
|-supereffective|p2a: Gholdengo|1
|-damage|p2a: Gholdengo|0 fnt
|faint|p2a: Gholdengo
|
|-weather|none
|upkeep
|
|t:|1782208211
|switch|p2a: Whimsicott|Whimsicott, L50, F|1/100
|turn|6
|
|t:|1782208219
|move|p1b: Charizard|Protect|p1b: Charizard
|-singleturn|p1b: Charizard|Protect
|move|p2a: Whimsicott|Tailwind|p2a: Whimsicott
|-sidestart|p2: caarlos.g_7|move: Tailwind
|move|p2b: Garchomp|Rock Slide|p1a: Aerodactyl|[spread] p1a
|-activate|p1b: Charizard|move: Protect
|-supereffective|p1a: Aerodactyl|1
|-damage|p1a: Aerodactyl|33/100
|-damage|p2b: Garchomp|16/100|[from] item: Life Orb
|move|p1a: Aerodactyl|Ice Fang|p2b: Garchomp
|-supereffective|p2b: Garchomp|2
|-damage|p2b: Garchomp|0 fnt
|-damage|p1a: Aerodactyl|21/100|[from] ability: Rough Skin|[of] p2b: Garchomp
|faint|p2b: Garchomp
|
|upkeep
|
|t:|1782208232
|switch|p2b: Kangaskhan|Kangaskhan, L50, F|100/100
|turn|7
|
|t:|1782208243
|detailschange|p2b: Kangaskhan|Kangaskhan-Mega, L50, F
|-mega|p2b: Kangaskhan|Kangaskhan|Kangaskhanite
|move|p2b: Kangaskhan|Fake Out|p1b: Charizard
|-damage|p1b: Charizard|75/100
|-damage|p1b: Charizard|70/100
|-hitcount|p1b: Charizard|2
|move|p2a: Whimsicott|Moonblast|p1a: Aerodactyl
|-damage|p1a: Aerodactyl|0 fnt
|faint|p1a: Aerodactyl
|cant|p1b: Charizard|flinch
|
|upkeep
|turn|8
|
|t:|1782208258
|move|p2a: Whimsicott|Protect|p2a: Whimsicott
|-singleturn|p2a: Whimsicott|Protect
|move|p2b: Kangaskhan|Double-Edge|p1b: Charizard
|-damage|p1b: Charizard|9/100
|-damage|p1b: Charizard|0 fnt
|faint|p1b: Charizard
|-hitcount|p1: Charizard|2
|-damage|p2b: Kangaskhan|77/100|[from] Recoil
|
|win|caarlos.g_7
|raw|dariannnn's rating: 1137 → 1109(-28 for losing)
|raw|caarlos.g_7's rating: 1096 → 1125(+29 for winning)
|l|☆dariannnn
|player|p1|
