|j|☆Mortipherus
|j|‽Dudthestud
|html|MortipherusDudthestud    
|uhtml|bestof|Game 1 of a best-of-3
|t:|1756232330
|gametype|doubles
|player|p1|Mortipherus|biker-gen4|1116
|player|p2|Dudthestud|101|1110
|gen|9
|tier|[Gen 9] VGC 2025 Reg H (Bo3)
|rated|
|rule|Species Clause: Limit one of each Pokémon
|rule|Item Clause: Limit 1 of each item
|clearpoke
|poke|p1|Hydrapple, L50, M|
|poke|p1|Gyarados, L50, F|
|poke|p1|Delphox, L50, F|
|poke|p1|Electabuzz, L50, F|
|poke|p1|Indeedee-F, L50, F|
|poke|p1|Sneasler, L50, M|
|poke|p2|Gholdengo, L50|
|poke|p2|Incineroar, L50, M|
|poke|p2|Sneasler, L50, F|
|poke|p2|Volcarona, L50, M|
|poke|p2|Rillaboom, L50, M|
|poke|p2|Dragapult, L50, M|
|teampreview|4
|showteam|p1|Hydrapple||AssaultVest|Regenerator|FickleBeam,EnergyBall,EarthPower,PollenPuff|||M|||50|,,,,,Bug]Gyarados||ClearAmulet|Intimidate|Protect,DragonDance,Waterfall,TeraBlast|||F|||50|,,,,,Ground]Delphox||LifeOrb|Blaze|Protect,TrickRoom,ExpandingForce,HeatWave|||F|||50|,,,,,Psychic]Electabuzz||Eviolite|VitalSpirit|Protect,FollowMe,Taunt,Electroweb|||F|||50|,,,,,Dragon]Indeedee-F||SafetyGoggles|PsychicSurge|Protect,FollowMe,TrickRoom,AlluringVoice|||F|||50|,,,,,Water]Sneasler||PsychicSeed|Unburden|Protect,ThroatChop,DireClaw,CloseCombat|||M|||50|,,,,,Dark
|showteam|p2|Gholdengo||ChoiceSpecs|GoodasGold|MakeItRain,ShadowBall,DazzlingGleam,Trick||||||50|,,,,,Water]Incineroar||SafetyGoggles|Intimidate|KnockOff,Taunt,PartingShot,FakeOut|||M|||50|,,,,,Ghost]Sneasler||WhiteHerb|Unburden|DireClaw,CloseCombat,Coaching,Protect|||F|||50|,,,,,Dark]Volcarona||CovertCloak|FlameBody|Overheat,StruggleBug,RagePowder,WillOWisp|||M|||50|,,,,,Fairy]Rillaboom||AssaultVest|GrassySurge|FakeOut,GrassyGlide,DrumBeating,HighHorsepower|||M|||50|,,,,,Fire]Dragapult||LifeOrb|ClearBody|DragonDarts,Uturn,TeraBlast,Protect|||M|||50|,,,,,Ghost
|inactive|Battle timer is ON: inactive players will automatically lose when time's up. (requested by Dudthestud)
|inactive|Dudthestud has 60 seconds left.
|
|t:|1756232362
|teamsize|p1|4
|teamsize|p2|4
|start
|switch|p1a: Indeedee|Indeedee-F, L50, F|100/100
|switch|p1b: Delphox|Delphox, L50, F|100/100
|switch|p2a: Volcarona|Volcarona, L50, M|100/100
|switch|p2b: Dragapult|Dragapult, L50, M|100/100
|-fieldstart|move: Psychic Terrain|[from] ability: Psychic Surge|[of] p1a: Indeedee
|turn|1
|inactive|Mortipherus has 30 seconds left.
|inactive|Dudthestud has 30 seconds left.
|
|t:|1756232392
|move|p1a: Indeedee|Follow Me|p1a: Indeedee
|-singleturn|p1a: Indeedee|move: Follow Me
|move|p2b: Dragapult|Dragon Darts|p1a: Indeedee
|-damage|p1a: Indeedee|61/100
|-anim|p2b: Dragapult|Dragon Darts|p1a: Indeedee
|-damage|p1a: Indeedee|21/100
|-damage|p2b: Dragapult|91/100|[from] item: Life Orb
|move|p1b: Delphox|Heat Wave|p2a: Volcarona|[spread] p2a,p2b
|-resisted|p2b: Dragapult
|-damage|p2a: Volcarona|62/100
|-damage|p2b: Dragapult|59/100
|-damage|p1b: Delphox|91/100|[from] item: Life Orb
|move|p2a: Volcarona|Struggle Bug|p1b: Delphox|[spread] p1a,p1b
|-supereffective|p1a: Indeedee
|-damage|p1a: Indeedee|0 fnt
|-damage|p1b: Delphox|74/100
|-unboost|p1b: Delphox|spa|1
|faint|p1a: Indeedee
|
|upkeep
|
|t:|1756232406
|switch|p1a: Sneasler|Sneasler, L50, M|100/100
|-enditem|p1a: Sneasler|Psychic Seed
|-boost|p1a: Sneasler|spd|1|[from] item: Psychic Seed
|turn|2
|
|t:|1756232424
|switch|p1b: Gyarados|Gyarados, L50, F, shiny|100/100
|-ability|p1b: Gyarados|Intimidate|boost
|-unboost|p2a: Volcarona|atk|1
|-fail|p2b: Dragapult|unboost|[from] ability: Clear Body|[of] p2b: Dragapult
|move|p2b: Dragapult|Protect|p2b: Dragapult
|-singleturn|p2b: Dragapult|Protect
|move|p1a: Sneasler|Throat Chop|p2b: Dragapult
|-activate|p2b: Dragapult|move: Protect
|move|p2a: Volcarona|Will-O-Wisp|p1a: Sneasler
|-status|p1a: Sneasler|brn
|
|-damage|p1a: Sneasler|95/100 brn|[from] brn
|upkeep
|turn|3
|
|t:|1756232447
|switch|p2b: Rillaboom|Rillaboom, L50, M|100/100
|-fieldstart|move: Grassy Terrain|[from] ability: Grassy Surge|[of] p2b: Rillaboom
|-terastallize|p2a: Volcarona|Fairy
|move|p1a: Sneasler|Throat Chop|p2b: Rillaboom
|-damage|p2b: Rillaboom|84/100
|-start|p2b: Rillaboom|Throat Chop|[silent]
|move|p1b: Gyarados|Dragon Dance|p1b: Gyarados
|-boost|p1b: Gyarados|atk|1
|-boost|p1b: Gyarados|spe|1
|move|p2a: Volcarona|Will-O-Wisp|p1b: Gyarados
|-status|p1b: Gyarados|brn
|
|-heal|p1a: Sneasler|100/100 brn|[from] Grassy Terrain
|-heal|p2b: Rillaboom|90/100|[from] Grassy Terrain
|-heal|p2a: Volcarona|68/100|[from] Grassy Terrain
|-damage|p1a: Sneasler|95/100 brn|[from] brn
|-damage|p1b: Gyarados|95/100 brn|[from] brn
|upkeep
|turn|4
|
|t:|1756232469
|move|p1b: Gyarados|Protect|p1b: Gyarados
|-singleturn|p1b: Gyarados|Protect
|move|p1a: Sneasler|Dire Claw|p2a: Volcarona
|-supereffective|p2a: Volcarona
|-damage|p2a: Volcarona|23/100
|move|p2b: Rillaboom|High Horsepower|p1a: Sneasler
|-supereffective|p1a: Sneasler
|-damage|p1a: Sneasler|0 fnt
|faint|p1a: Sneasler
|move|p2a: Volcarona|Struggle Bug|p1b: Gyarados
|-activate|p1b: Gyarados|move: Protect
|
|-heal|p2b: Rillaboom|96/100|[from] Grassy Terrain
|-heal|p2a: Volcarona|29/100|[from] Grassy Terrain
|-damage|p1b: Gyarados|89/100 brn|[from] brn
|-end|p2b: Rillaboom|Throat Chop|[silent]
|upkeep
|
|t:|1756232484
|switch|p1a: Delphox|Delphox, L50, F|74/100
|turn|5
|
|t:|1756232494
|-terastallize|p1a: Delphox|Psychic
|move|p1b: Gyarados|Tera Blast|p2b: Rillaboom
|-damage|p2b: Rillaboom|86/100
|move|p2b: Rillaboom|High Horsepower|p1a: Delphox
|-damage|p1a: Delphox|33/100
|move|p1a: Delphox|Expanding Force|p2a: Volcarona
|-damage|p2a: Volcarona|0 fnt
|faint|p2a: Volcarona
|-damage|p1a: Delphox|24/100|[from] item: Life Orb
|
|-heal|p1a: Delphox|29/100|[from] Grassy Terrain
|-heal|p2b: Rillaboom|92/100|[from] Grassy Terrain
|-damage|p1b: Gyarados|83/100 brn|[from] brn
|upkeep
|
|t:|1756232505
|switch|p2a: Dragapult|Dragapult, L50, M|59/100
|turn|6
|
|t:|1756232515
|move|p1a: Delphox|Protect|p1a: Delphox
|-singleturn|p1a: Delphox|Protect
|move|p1b: Gyarados|Dragon Dance|p1b: Gyarados
|-boost|p1b: Gyarados|atk|1
|-boost|p1b: Gyarados|spe|1
|move|p2a: Dragapult|Dragon Darts|p1b: Gyarados
|-crit|p1b: Gyarados
|-damage|p1b: Gyarados|23/100 brn
|-anim|p2a: Dragapult|Dragon Darts|p1b: Gyarados
|-damage|p1b: Gyarados|0 fnt
|faint|p1b: Gyarados
|-damage|p2a: Dragapult|49/100|[from] item: Life Orb
|move|p2b: Rillaboom|Drum Beating|p1a: Delphox
|-activate|p1a: Delphox|move: Protect
|
|-heal|p2a: Dragapult|55/100|[from] Grassy Terrain
|-heal|p2b: Rillaboom|98/100|[from] Grassy Terrain
|-heal|p1a: Delphox|35/100|[from] Grassy Terrain
|upkeep
|turn|7
|-message|Mortipherus forfeited.
|
|win|Dudthestud
||Dudthestud is ready for game 2.
||Mortipherus is ready for game 2.
|uhtml|next|Next: Game 2 of 3
