|j|☆jussdoit
|j|☆Lyon Grey
|html|jussdoitLyon Grey    
|uhtml|bestof|Game 1 of a best-of-3
|t:|1757852234
|gametype|doubles
|player|p1|jussdoit|steven|1116
|player|p2|Lyon Grey|shadowtriad|1056
|gen|9
|tier|[Gen 9] VGC 2025 Reg H (Bo3)
|rated|
|rule|Species Clause: Limit one of each Pokémon
|rule|Item Clause: Limit 1 of each item
|clearpoke
|poke|p1|Serperior, L50, F|
|poke|p1|Ursaluna, L50, M|
|poke|p1|Samurott-Hisui, L50, F|
|poke|p1|Hatterene, L50, F|
|poke|p1|Incineroar, L50, F|
|poke|p1|Indeedee-F, L50, F|
|poke|p2|Ursaluna-Bloodmoon, L50, M|
|poke|p2|Whimsicott, L50, M|
|poke|p2|Pelipper, L50, M|
|poke|p2|Archaludon, L50, M|
|poke|p2|Incineroar, L50, M|
|poke|p2|Dragonite, L50, F|
|teampreview|4
|showteam|p1|Serperior||FocusSash|Contrary|LeafStorm,TeraBlast,Protect,GrassPledge|||F|||50|,,,,,Stellar]Ursaluna||FlameOrb|Guts|Earthquake,Facade,Protect,HeadlongRush|||M|||50|,,,,,Ghost]Samurott-Hisui||SafetyGoggles|Sharpness|AquaCutter,CeaselessEdge,WaterPledge,SuckerPunch|||F|||50|,,,,,Dragon]Hatterene||LifeOrb|MagicBounce|ExpandingForce,FutureSight,DazzlingGleam,Protect|||F|||50|,,,,,Psychic]Incineroar||RockyHelmet|Intimidate|FlareBlitz,PartingShot,FakeOut,Bulldoze|||F|||50|,,,,,Bug]Indeedee-F||SitrusBerry|PsychicSurge|FollowMe,TrickRoom,Psychic,HealPulse|||F|||50|,,,,,Dark
|showteam|p2|Ursaluna-Bloodmoon||AssaultVest|MindsEye|HyperVoice,BloodMoon,EarthPower,VacuumWave|||M|||50|,,,,,Normal]Whimsicott||CovertCloak|Prankster|Moonblast,Taunt,Encore,Tailwind|||M|||50|,,,,,Dark]Pelipper||FocusSash|Drizzle|Hurricane,WeatherBall,Tailwind,Soak|||M|||50|,,,,,Ghost]Archaludon||PowerHerb|Stamina|Protect,DracoMeteor,ElectroShot,FlashCannon|||M|||50|,,,,,Flying]Incineroar||ExpertBelt|Intimidate|FlareBlitz,KnockOff,PartingShot,FakeOut|||M|||50|,,,,,Ghost]Dragonite||ClearAmulet|Multiscale|DragonClaw,ExtremeSpeed,Earthquake,DragonDance|||F|||50|,,,,,Stellar
|inactive|Battle timer is ON: inactive players will automatically lose when time's up. (requested by Lyon Grey)
|inactive|jussdoit also wants the timer to be on.
|inactive|Lyon Grey has 60 seconds left.
|
|t:|1757852277
|teamsize|p1|4
|teamsize|p2|4
|start
|switch|p1a: Serperior|Serperior, L50, F|100/100
|switch|p1b: Samurott|Samurott-Hisui, L50, F|100/100
|switch|p2a: Archie|Archaludon, L50, M, shiny|100/100
|switch|p2b: Pelipper|Pelipper, L50, M, shiny|100/100
|-weather|RainDance|[from] ability: Drizzle|[of] p2b: Pelipper
|turn|1
|inactive|Lyon Grey has 30 seconds left.
|inactive|Lyon Grey has 20 seconds left.
|inactive|Lyon Grey has 15 seconds left.
|
|t:|1757852321
|switch|p1b: Indeedee|Indeedee-F, L50, F|100/100
|-fieldstart|move: Psychic Terrain|[from] ability: Psychic Surge|[of] p1b: Indeedee
|move|p1a: Serperior|Leaf Storm|p2a: Archie
|-resisted|p2a: Archie
|-damage|p2a: Archie|87/100
|-boost|p1a: Serperior|spa|2
|-ability|p2a: Archie|Stamina|boost
|-boost|p2a: Archie|def|1
|move|p2b: Pelipper|Soak|p1a: Serperior
|-start|p1a: Serperior|typechange|Water
|move|p2a: Archie|Electro Shot||[still]
|-prepare|p2a: Archie|Electro Shot
|-boost|p2a: Archie|spa|1
|-anim|p2a: Archie|Electro Shot|p1a: Serperior
|-supereffective|p1a: Serperior
|-enditem|p1a: Serperior|Focus Sash
|-damage|p1a: Serperior|1/100
|
|-weather|RainDance|[upkeep]
|upkeep
|turn|2
|inactive|Lyon Grey has 30 seconds left.
|
|t:|1757852350
|move|p1b: Indeedee|Follow Me|p1b: Indeedee
|-singleturn|p1b: Indeedee|move: Follow Me
|move|p1a: Serperior|Leaf Storm|p2b: Pelipper
|-enditem|p2b: Pelipper|Focus Sash
|-damage|p2b: Pelipper|1/100
|-boost|p1a: Serperior|spa|2
|move|p2b: Pelipper|Tailwind|p2b: Pelipper
|-sidestart|p2: Lyon Grey|move: Tailwind
|move|p2a: Archie|Electro Shot||[still]
|-prepare|p2a: Archie|Electro Shot
|-boost|p2a: Archie|spa|1
|-anim|p2a: Archie|Electro Shot|p1b: Indeedee
|-damage|p1b: Indeedee|24/100
|-enditem|p1b: Indeedee|Sitrus Berry|[eat]
|-heal|p1b: Indeedee|49/100|[from] item: Sitrus Berry
|
|-weather|RainDance|[upkeep]
|upkeep
|turn|3
|inactive|Lyon Grey has 30 seconds left.
|inactive|Lyon Grey has 20 seconds left.
|inactive|Lyon Grey has 15 seconds left.
|
|t:|1757852391
|move|p1b: Indeedee|Follow Me|p1b: Indeedee
|-singleturn|p1b: Indeedee|move: Follow Me
|move|p2b: Pelipper|Hurricane|p1b: Indeedee
|-damage|p1b: Indeedee|7/100
|move|p2a: Archie|Electro Shot||[still]
|-prepare|p2a: Archie|Electro Shot
|-boost|p2a: Archie|spa|1
|-anim|p2a: Archie|Electro Shot|p1b: Indeedee
|-damage|p1b: Indeedee|0 fnt
|faint|p1b: Indeedee
|move|p1a: Serperior|Leaf Storm|p2a: Archie
|-resisted|p2a: Archie
|-damage|p2a: Archie|58/100
|-boost|p1a: Serperior|spa|2
|-ability|p2a: Archie|Stamina|boost
|-boost|p2a: Archie|def|1
|
|-weather|RainDance|[upkeep]
|upkeep
|
|t:|1757852413
|switch|p1b: Samurott|Samurott-Hisui, L50, F|100/100
|turn|4
|inactive|Lyon Grey has 30 seconds left.
|
|t:|1757852440
|switch|p2b: Yoshi|Dragonite, L50, F, shiny|100/100
|move|p2a: Archie|Protect|p2a: Archie
|-singleturn|p2a: Archie|Protect
|move|p1a: Serperior|Protect|p1a: Serperior
|-singleturn|p1a: Serperior|Protect
|move|p1b: Samurott|Ceaseless Edge|p2b: Yoshi
|-damage|p2b: Yoshi|78/100
|-sidestart|p2: Lyon Grey|Spikes
|
|-weather|RainDance|[upkeep]
|upkeep
|turn|5
|inactive|Lyon Grey has 30 seconds left.
|inactive|Lyon Grey has 20 seconds left.
|inactive|Lyon Grey has 15 seconds left.
|
|t:|1757852480
|move|p2b: Yoshi|Dragon Dance|p2b: Yoshi
|-boost|p2b: Yoshi|atk|1
|-boost|p2b: Yoshi|spe|1
|move|p2a: Archie|Electro Shot||[still]
|-prepare|p2a: Archie|Electro Shot
|-boost|p2a: Archie|spa|1
|-anim|p2a: Archie|Electro Shot|p1a: Serperior
|-supereffective|p1a: Serperior
|-damage|p1a: Serperior|0 fnt
|faint|p1a: Serperior
|move|p1b: Samurott|Aqua Cutter|p2b: Yoshi
|-resisted|p2b: Yoshi
|-damage|p2b: Yoshi|40/100
|
|-weather|none
|-sideend|p2: Lyon Grey|move: Tailwind
|-fieldend|move: Psychic Terrain
|upkeep
|
|t:|1757852492
|switch|p1a: Hatterene|Hatterene, L50, F|100/100
|turn|6
|inactive|Lyon Grey has 30 seconds left.
|inactive|Lyon Grey has 20 seconds left.
|
|t:|1757852529
|move|p1b: Samurott|Sucker Punch|p2b: Yoshi
|-damage|p2b: Yoshi|8/100
|move|p2b: Yoshi|Dragon Claw|p1b: Samurott
|-damage|p1b: Samurott|19/100
|move|p2a: Archie|Electro Shot||[still]
|-prepare|p2a: Archie|Electro Shot
|-boost|p2a: Archie|spa|1
|-enditem|p2a: Archie|Power Herb
|-anim|p2a: Archie|Electro Shot|p1b: Samurott
|-supereffective|p1b: Samurott
|-damage|p1b: Samurott|0 fnt
|faint|p1b: Samurott
|move|p1a: Hatterene|Dazzling Gleam|p2a: Archie|[spread] p2a,p2b
|-supereffective|p2b: Yoshi
|-damage|p2a: Archie|10/100
|-damage|p2b: Yoshi|0 fnt
|-ability|p2a: Archie|Stamina|boost
|-boost|p2a: Archie|def|1
|faint|p2b: Yoshi
|-damage|p1a: Hatterene|91/100|[from] item: Life Orb
|
|upkeep
|
|t:|1757852553
|switch|p2b: Pelipper|Pelipper, L50, M, shiny|1/100
|-weather|RainDance|[from] ability: Drizzle|[of] p2b: Pelipper
|turn|7
|
|t:|1757852560
|move|p2b: Pelipper|Soak|p1a: Hatterene
|move|p1a: Hatterene|Soak|p2b: Pelipper|[from] ability: Magic Bounce
|-start|p2b: Pelipper|typechange|Water
|move|p2a: Archie|Electro Shot||[still]
|-prepare|p2a: Archie|Electro Shot
|-boost|p2a: Archie|spa|1
|-anim|p2a: Archie|Electro Shot|p1a: Hatterene
|-damage|p1a: Hatterene|0 fnt
|faint|p1a: Hatterene
|
|win|Lyon Grey
||Lyon Grey is ready for game 2.
||jussdoit is ready for game 2.
|uhtml|next|Next: Game 2 of 3
|l|☆Lyon Grey
|player|p2|
