|j|☆no_dupes
|j|☆Beeetch
|html|no_dupesBeeetch    
|uhtml|bestof|Game 2 of a best-of-3
|t:|1757119621
|gametype|doubles
|player|p1|no_dupes|brock-gen2|1298
|player|p2|Beeetch|beauty-gen4dp|1304
|gen|9
|tier|[Gen 9] VGC 2025 Reg H (Bo3)
|rated|
|rule|Species Clause: Limit one of each Pokémon
|rule|Item Clause: Limit 1 of each item
|clearpoke
|poke|p1|Sneasler, L50, M|
|poke|p1|Indeedee, L50, M|
|poke|p1|Volcarona, L50, F|
|poke|p1|Ursaluna-Bloodmoon, L50, M|
|poke|p1|Annihilape, L50, F|
|poke|p1|Tyranitar, L50, M|
|poke|p2|Excadrill, L50, M|
|poke|p2|Tyranitar, L50, M|
|poke|p2|Sneasler, L50, F|
|poke|p2|Indeedee, L50, M|
|poke|p2|Corviknight, L50, M|
|poke|p2|Annihilape, L50, F|
|teampreview|4
|showteam|p1|Sneasler||PsychicSeed|Unburden|CloseCombat,DireClaw,ThroatChop,Protect|||M|||50|,,,,,Dark]Indeedee||ChoiceScarf|PsychicSurge|ExpandingForce,TeraBlast,Trick,Protect|||M|||50|,,,,,Psychic]Volcarona||SitrusBerry|FlameBody|Overheat,StruggleBug,RagePowder,Tailwind|||F|||50|,,,,,Grass]Ursaluna-Bloodmoon||LifeOrb|MindsEye|BloodMoon,HyperVoice,EarthPower,Protect|||M|||50|,,,,,Normal]Annihilape||SafetyGoggles|Defiant|CloseCombat,RageFist,Taunt,FinalGambit|||F|||50|,,,,,Fairy]Tyranitar||AssaultVest|SandStream|RockSlide,KnockOff,TeraBlast,LowKick|||M|||50|,,,,,Flying
|showteam|p2|Excadrill||FocusSash|SandRush|IronHead,HighHorsepower,Earthquake,Protect|||M|||50|,,,,,Stellar]Tyranitar||AssaultVest|SandStream|RockSlide,KnockOff,TeraBlast,LowKick|||M|||50|,,,,,Flying]Sneasler||PsychicSeed|Unburden|DireClaw,CloseCombat,ThroatChop,Protect|||F|||50|,,,,,Dark]Indeedee||ChoiceScarf|PsychicSurge|ExpandingForce,TeraBlast,Protect,Trick|||M|||50|,,,,,Psychic]Corviknight||Leftovers|MirrorArmor|BraveBird,BulkUp,Roost,Tailwind|||M|||50|,,,,,Dragon]Annihilape||SafetyGoggles|Defiant|CloseCombat,FinalGambit,RageFist,Taunt|||F|||50|,,,,,Water
|
|t:|1757119637
|teamsize|p1|4
|teamsize|p2|4
|start
|switch|p1a: Indeedee|Indeedee, L50, M|100/100
|switch|p1b: Sneasler|Sneasler, L50, M, shiny|100/100
|switch|p2a: Tyranitar|Tyranitar, L50, M, shiny|100/100
|switch|p2b: Excadrill|Excadrill, L50, M, shiny|100/100
|-fieldstart|move: Psychic Terrain|[from] ability: Psychic Surge|[of] p1a: Indeedee
|-enditem|p1b: Sneasler|Psychic Seed
|-boost|p1b: Sneasler|spd|1|[from] item: Psychic Seed
|-weather|Sandstorm|[from] ability: Sand Stream|[of] p2a: Tyranitar
|turn|1
|
|t:|1757119673
|switch|p1a: Caesar|Annihilape, L50, F, shiny|100/100
|-terastallize|p1b: Sneasler|Dark
|-terastallize|p2a: Tyranitar|Flying
|move|p1b: Sneasler|Throat Chop|p2b: Excadrill
|-damage|p2b: Excadrill|35/100
|-start|p2b: Excadrill|Throat Chop|[silent]
|move|p2b: Excadrill|Earthquake|p1a: Caesar|[spread] p1a,p1b
|-immune|p2a: Tyranitar
|-damage|p1a: Caesar|57/100
|-damage|p1b: Sneasler|33/100
|move|p2a: Tyranitar|Knock Off|p1a: Caesar
|-damage|p1a: Caesar|1/100
|-enditem|p1a: Caesar|Safety Goggles|[from] move: Knock Off|[of] p2a: Tyranitar
|
|-weather|Sandstorm|[upkeep]
|-damage|p1b: Sneasler|27/100|[from] Sandstorm
|-damage|p1a: Caesar|0 fnt|[from] Sandstorm
|-damage|p2a: Tyranitar|95/100|[from] Sandstorm
|faint|p1a: Caesar
|upkeep
|
|t:|1757119678
|switch|p1a: Indeedee|Indeedee, L50, M|100/100
|turn|2
|
|t:|1757119698
|move|p2b: Excadrill|Protect|p2b: Excadrill
|-singleturn|p2b: Excadrill|Protect
|move|p1b: Sneasler|Dire Claw|p2a: Tyranitar
|-damage|p2a: Tyranitar|53/100
|move|p1a: Indeedee|Expanding Force|p2b: Excadrill|[spread] p2a
|-activate|p2b: Excadrill|move: Protect
|-damage|p2a: Tyranitar|14/100
|move|p2a: Tyranitar|Low Kick|p1b: Sneasler
|-supereffective|p1b: Sneasler
|-damage|p1b: Sneasler|0 fnt
|faint|p1b: Sneasler
|
|-weather|Sandstorm|[upkeep]
|-damage|p1a: Indeedee|95/100|[from] Sandstorm
|-damage|p2a: Tyranitar|8/100|[from] Sandstorm
|-end|p2b: Excadrill|Throat Chop|[silent]
|upkeep
|
|t:|1757119705
|switch|p1b: Volcarona|Volcarona, L50, F, shiny|100/100
|turn|3
|
|t:|1757119717
|move|p2b: Excadrill|Earthquake|p1b: Volcarona|[spread] p1a,p1b
|-immune|p2a: Tyranitar
|-damage|p1a: Indeedee|17/100
|-damage|p1b: Volcarona|52/100
|move|p1a: Indeedee|Expanding Force|p2a: Tyranitar|[spread] p2a,p2b
|-resisted|p2b: Excadrill
|-damage|p2a: Tyranitar|0 fnt
|-damage|p2b: Excadrill|0 fnt
|faint|p2a: Tyranitar
|faint|p2b: Excadrill
|move|p1b: Volcarona|Tailwind|p1b: Volcarona
|-sidestart|p1: no_dupes|move: Tailwind
|
|-weather|Sandstorm|[upkeep]
|-damage|p1a: Indeedee|11/100|[from] Sandstorm
|-damage|p1b: Volcarona|45/100|[from] Sandstorm
|-enditem|p1b: Volcarona|Sitrus Berry|[eat]
|-heal|p1b: Volcarona|70/100|[from] item: Sitrus Berry
|upkeep
|
|t:|1757119731
|switch|p2b: Corviknight|Corviknight, L50, M|100/100
|switch|p2a: Indeedee|Indeedee, L50, M, shiny|100/100
|turn|4
|
|t:|1757119743
|move|p1a: Indeedee|Expanding Force|p2a: Indeedee|[spread] p2a,p2b
|-resisted|p2a: Indeedee
|-resisted|p2b: Corviknight
|-damage|p2a: Indeedee|64/100
|-damage|p2b: Corviknight|74/100
|move|p1b: Volcarona|Overheat|p2b: Corviknight
|-supereffective|p2b: Corviknight
|-damage|p2b: Corviknight|0 fnt
|-unboost|p1b: Volcarona|spa|2
|faint|p2b: Corviknight
|move|p2a: Indeedee|Trick|p2: Corviknight|[notarget]
|-fail|p2a: Indeedee
|
|-weather|Sandstorm|[upkeep]
|-damage|p1a: Indeedee|5/100|[from] Sandstorm
|-damage|p1b: Volcarona|64/100|[from] Sandstorm
|-damage|p2a: Indeedee|58/100|[from] Sandstorm
|upkeep
|turn|5
|
|t:|1757119753
|move|p1a: Indeedee|Expanding Force|p2a: Indeedee
|-resisted|p2a: Indeedee
|-damage|p2a: Indeedee|7/100
|move|p1b: Volcarona|Overheat|p2a: Indeedee
|-damage|p2a: Indeedee|0 fnt
|-unboost|p1b: Volcarona|spa|2
|faint|p2a: Indeedee
|
|win|no_dupes
||no_dupes is ready for game 3.
