|j|☆Yubay007
|j|☆ShadowOfAMan
|html|Yubay007ShadowOfAMan    
|uhtml|bestof|Game 1 of a best-of-3
|t:|1756908401
|gametype|doubles
|player|p1|Yubay007|cynthia-gen7|
|player|p2|ShadowOfAMan|elio-usum|
|gen|9
|tier|[Gen 9] VGC 2025 Reg H (Bo3)
|rule|Species Clause: Limit one of each Pokémon
|rule|Item Clause: Limit 1 of each item
|clearpoke
|poke|p1|Garchomp, L50, F|
|poke|p1|Incineroar, L50, F|
|poke|p1|Kingambit, L50, M|
|poke|p1|Ninetales-Alola, L50, M|
|poke|p1|Dragonite, L50, F|
|poke|p1|Amoonguss, L50, F|
|poke|p2|Politoed, L50, F|
|poke|p2|Gothitelle, L50, M|
|poke|p2|Archaludon, L50, F|
|poke|p2|Incineroar, L50, M|
|poke|p2|Amoonguss, L50, M|
|poke|p2|Kingdra, L50, M|
|teampreview|4
|showteam|p1|Garchomp||LifeOrb|RoughSkin|StompingTantrum,DragonClaw,Earthquake,Protect|||F|||50|,,,,,Steel]Incineroar||SafetyGoggles|Intimidate|FakeOut,FlareBlitz,KnockOff,PartingShot|||F|||50|,,,,,Ghost]Kingambit||AssaultVest|Defiant|LowKick,IronHead,KowtowCleave,SuckerPunch|||M|||50|,,,,,Flying]Ninetales-Alola||FocusSash|SnowWarning|Protect,Encore,FreezeDry,Blizzard|||M|||50|,,,,,Ice]Dragonite||LumBerry|Multiscale|TeraBlast,LowKick,ExtremeSpeed,Protect|||F|||50|,,,,,Flying]Amoonguss||SitrusBerry|Regenerator|ClearSmog,Spore,RagePowder,PollenPuff|||F|||50|,,,,,Water
|showteam|p2|Politoed||Leftovers|Drizzle|WeatherBall,Encore,PerishSong,Protect|||F|||50|,,,,,Grass]Gothitelle||SitrusBerry|ShadowTag|FakeOut,Psychic,TrickRoom,Protect|||M|||50|,,,,,Dark]Archaludon||PowerHerb|Sturdy|ElectroShot,DragonPulse,FlashCannon,Protect|||F|||50|,,,,,Electric]Incineroar||SafetyGoggles|Intimidate|FakeOut,PartingShot,KnockOff,Protect|||M|||50|,,,,,Ghost]Amoonguss||EjectButton|Regenerator|PollenPuff,Spore,RagePowder,Protect|||M|||50|,,,,,Fairy]Kingdra||LifeOrb|SwiftSwim|MuddyWater,WeatherBall,DracoMeteor,Protect|||M|||50|,,,,,Stellar
|inactive|Battle timer is ON: inactive players will automatically lose when time's up. (requested by Yubay007)
|inactive|Yubay007 has 60 seconds left.
|inactive|ShadowOfAMan has 60 seconds left.
|inactive|Yubay007 has 30 seconds left.
|inactive|ShadowOfAMan has 30 seconds left.
|inactive|Yubay007 has 20 seconds left.
|inactive|Yubay007 has 15 seconds left.
|
|t:|1756908479
|teamsize|p1|4
|teamsize|p2|4
|start
|switch|p1a: Ninetales|Ninetales-Alola, L50, M|100/100
|switch|p1b: Kingambit|Kingambit, L50, M|100/100
|switch|p2a: Politoed|Politoed, L50, F|100/100
|switch|p2b: Amoonguss|Amoonguss, L50, M|100/100
|-weather|Snowscape|[from] ability: Snow Warning|[of] p1a: Ninetales
|-weather|RainDance|[from] ability: Drizzle|[of] p2a: Politoed
|turn|1
|inactive|Yubay007 has 30 seconds left.
|
|t:|1756908509
|-terastallize|p2b: Amoonguss|Fairy
|move|p2b: Amoonguss|Rage Powder|p2b: Amoonguss
|-singleturn|p2b: Amoonguss|move: Rage Powder
|move|p1a: Ninetales|Freeze-Dry|p2b: Amoonguss
|-damage|p2b: Amoonguss|77/100
|-enditem|p2b: Amoonguss|Eject Button
|
|t:|1756908514
|switch|p2b: Gothitelle|Gothitelle, L50, M|100/100
|move|p2a: Politoed|Perish Song|p2a: Politoed
|-start|p1a: Ninetales|perish3|[silent]
|-start|p1b: Kingambit|perish3|[silent]
|-start|p2a: Politoed|perish3|[silent]
|-start|p2b: Gothitelle|perish3|[silent]
|-fieldactivate|move: Perish Song
|move|p1b: Kingambit|Kowtow Cleave|p2b: Gothitelle
|-supereffective|p2b: Gothitelle
|-damage|p2b: Gothitelle|12/100
|-enditem|p2b: Gothitelle|Sitrus Berry|[eat]
|-heal|p2b: Gothitelle|37/100|[from] item: Sitrus Berry
|
|-weather|RainDance|[upkeep]
|-start|p1a: Ninetales|perish3
|-start|p2a: Politoed|perish3
|-start|p2b: Gothitelle|perish3
|-start|p1b: Kingambit|perish3
|upkeep
|turn|2
|inactive|ShadowOfAMan has 30 seconds left.
|inactive|Yubay007 has 30 seconds left.
|inactive|ShadowOfAMan has 20 seconds left.
|
|t:|1756908553
|switch|p2a: Amoonguss|Amoonguss, L50, M, tera:Fairy|100/100
|move|p2b: Gothitelle|Protect|p2b: Gothitelle
|-singleturn|p2b: Gothitelle|Protect
|move|p1a: Ninetales|Freeze-Dry|p2a: Amoonguss
|-damage|p2a: Amoonguss|76/100
|move|p1b: Kingambit|Kowtow Cleave|p2b: Gothitelle
|-activate|p2b: Gothitelle|move: Protect
|
|-weather|RainDance|[upkeep]
|-start|p1a: Ninetales|perish2
|-start|p1b: Kingambit|perish2
|-start|p2b: Gothitelle|perish2
|upkeep
|turn|3
|inactive|ShadowOfAMan has 30 seconds left.
|inactive|ShadowOfAMan has 20 seconds left.
|inactive|ShadowOfAMan has 15 seconds left.
|
|t:|1756908597
|move|p2a: Amoonguss|Rage Powder|p2a: Amoonguss
|-singleturn|p2a: Amoonguss|move: Rage Powder
|move|p1a: Ninetales|Blizzard|p2a: Amoonguss|[spread] 
|-miss|p1a: Ninetales|p2a: Amoonguss
|-miss|p1a: Ninetales|p2b: Gothitelle
|move|p1b: Kingambit|Iron Head|p2a: Amoonguss
|-supereffective|p2a: Amoonguss
|-damage|p2a: Amoonguss|7/100
|move|p2b: Gothitelle|Trick Room|p2b: Gothitelle
|-fieldstart|move: Trick Room|[of] p2b: Gothitelle
|
|-weather|RainDance|[upkeep]
|-start|p1b: Kingambit|perish1
|-start|p2b: Gothitelle|perish1
|-start|p1a: Ninetales|perish1
|upkeep
|turn|4
|inactive|Yubay007 has 30 seconds left.
|inactive|ShadowOfAMan has 30 seconds left.
|
|t:|1756908630
|switch|p2b: Nizo|Incineroar, L50, M|100/100
|-ability|p2b: Nizo|Intimidate|boost
|-unboost|p1a: Ninetales|atk|1
|-unboost|p1b: Kingambit|atk|1
|-ability|p1b: Kingambit|Defiant|boost
|-boost|p1b: Kingambit|atk|2
|move|p2a: Amoonguss|Protect|p2a: Amoonguss
|-singleturn|p2a: Amoonguss|Protect
|move|p1b: Kingambit|Kowtow Cleave|p2a: Amoonguss
|-activate|p2a: Amoonguss|move: Protect
|move|p1a: Ninetales|Blizzard|p2b: Nizo|[spread] p2b
|-activate|p2a: Amoonguss|move: Protect
|-resisted|p2b: Nizo
|-damage|p2b: Nizo|89/100
|
|-weather|RainDance|[upkeep]
|-start|p1b: Kingambit|perish0
|-start|p1a: Ninetales|perish0
|faint|p1b: Kingambit
|faint|p1a: Ninetales
|upkeep
|
|t:|1756908650
|switch|p1b: Garchomp|Garchomp, L50, F|100/100
|switch|p1a: Incineroar|Incineroar, L50, F|100/100
|-ability|p1a: Incineroar|Intimidate|boost
|-unboost|p2a: Amoonguss|atk|1
|-unboost|p2b: Nizo|atk|1
|turn|5
|inactive|ShadowOfAMan has 30 seconds left.
|inactive|ShadowOfAMan has 20 seconds left.
|inactive|ShadowOfAMan has 15 seconds left.
|inactive|ShadowOfAMan has 10 seconds left.
|
|t:|1756908700
|switch|p2a: Gothitelle|Gothitelle, L50, M|37/100
|-terastallize|p1a: Incineroar|Ghost
|move|p2b: Nizo|Protect|p2b: Nizo
|-singleturn|p2b: Nizo|Protect
|move|p1a: Incineroar|Fake Out|p2a: Gothitelle
|-damage|p2a: Gothitelle|26/100
|move|p1b: Garchomp|Stomping Tantrum|p2b: Nizo
|-activate|p2b: Nizo|move: Protect
|
|-weather|none
|upkeep
|turn|6
|
|t:|1756908719
|move|p2a: Gothitelle|Fake Out|p1b: Garchomp
|-damage|p1b: Garchomp|95/100
|-damage|p2a: Gothitelle|14/100|[from] ability: Rough Skin|[of] p1b: Garchomp
|move|p2b: Nizo|Knock Off|p1a: Incineroar
|-supereffective|p1a: Incineroar
|-damage|p1a: Incineroar|47/100
|-enditem|p1a: Incineroar|Safety Goggles|[from] move: Knock Off|[of] p2b: Nizo
|move|p1a: Incineroar|Knock Off|p2a: Gothitelle
|-supereffective|p2a: Gothitelle
|-damage|p2a: Gothitelle|0 fnt
|faint|p2a: Gothitelle
|cant|p1b: Garchomp|flinch
|
|upkeep
|
|t:|1756908728
|switch|p2a: Politoed|Politoed, L50, F|100/100
|-weather|RainDance|[from] ability: Drizzle|[of] p2a: Politoed
|turn|7
|
|t:|1756908760
|move|p2b: Nizo|Knock Off|p1b: Garchomp
|-damage|p1b: Garchomp|70/100
|-damage|p2b: Nizo|77/100|[from] ability: Rough Skin|[of] p1b: Garchomp
|-enditem|p1b: Garchomp|Life Orb|[from] move: Knock Off|[of] p2b: Nizo
|move|p1a: Incineroar|Knock Off|p2a: Politoed
|-damage|p2a: Politoed|60/100
|-enditem|p2a: Politoed|Leftovers|[from] move: Knock Off|[of] p1a: Incineroar
|move|p2a: Politoed|Perish Song|p2a: Politoed
|-start|p1a: Incineroar|perish3|[silent]
|-start|p1b: Garchomp|perish3|[silent]
|-start|p2a: Politoed|perish3|[silent]
|-start|p2b: Nizo|perish3|[silent]
|-fieldactivate|move: Perish Song
|move|p1b: Garchomp|Earthquake|p2b: Nizo|[spread] p1a,p2a,p2b
|-crit|p1a: Incineroar
|-supereffective|p2b: Nizo
|-crit|p2b: Nizo
|-damage|p1a: Incineroar|0 fnt
|-damage|p2a: Politoed|22/100
|-damage|p2b: Nizo|0 fnt
|faint|p1a: Incineroar
|faint|p2b: Nizo
|
|-weather|RainDance|[upkeep]
|-start|p2a: Politoed|perish3
|-start|p1b: Garchomp|perish3
|-fieldend|move: Trick Room
|upkeep
|
|t:|1756908772
|switch|p2b: Amoonguss|Amoonguss, L50, M, tera:Fairy|40/100
|turn|8
|
|t:|1756908782
|move|p2a: Politoed|Protect|p2a: Politoed
|-singleturn|p2a: Politoed|Protect
|move|p2b: Amoonguss|Protect|p2b: Amoonguss
|-singleturn|p2b: Amoonguss|Protect
|move|p1b: Garchomp|Earthquake|p2b: Amoonguss|[spread] 
|-activate|p2a: Politoed|move: Protect
|-activate|p2b: Amoonguss|move: Protect
|
|-weather|RainDance|[upkeep]
|-start|p1b: Garchomp|perish2
|-start|p2a: Politoed|perish2
|upkeep
|turn|9
|
|t:|1756908803
|move|p2a: Politoed|Protect||[still]
|-fail|p2a: Politoed
|move|p2b: Amoonguss|Protect||[still]
|-fail|p2b: Amoonguss
|move|p1b: Garchomp|Earthquake|p2b: Amoonguss|[spread] p2a,p2b
|-damage|p2a: Politoed|0 fnt
|-damage|p2b: Amoonguss|8/100
|faint|p2a: Politoed
|
|-weather|RainDance|[upkeep]
|-start|p1b: Garchomp|perish1
|upkeep
|turn|10
|
|t:|1756908814
|move|p2b: Amoonguss|Protect|p2b: Amoonguss
|-singleturn|p2b: Amoonguss|Protect
|move|p1b: Garchomp|Earthquake|p2b: Amoonguss
|-activate|p2b: Amoonguss|move: Protect
|
|-weather|RainDance|[upkeep]
|-start|p1b: Garchomp|perish0
|faint|p1b: Garchomp
|
|win|ShadowOfAMan
||Yubay007 is ready for game 2.
||ShadowOfAMan is ready for game 2.
|uhtml|next|Next: Game 2 of 3
|j| RoaringWhale
|l|☆Yubay007
|player|p1|
|l| RoaringWhale
