|j|☆Fairy Juice Jay
|j|☆Lancepp
|html|Fairy Juice JayLancepp    
|uhtml|bestof|Game 2 of a best-of-3
|t:|1783638544
|gametype|doubles
|player|p1|Fairy Juice Jay|burgh-masters|
|player|p2|Lancepp|juan|
|gen|9
|tier|[Gen 9 Champions] VGC 2026 Reg M-B (Bo3)
|rule|Species Clause: Limit one of each Pokémon
|rule|Item Clause: Limit 1 of each item
|clearpoke
|poke|p1|Tinkaton, L50, F|
|poke|p1|Volcarona, L50, F|
|poke|p1|Tyranitar, L50, F|
|poke|p1|Venusaur, L50, M|
|poke|p1|Rotom-Wash, L50|
|poke|p1|Annihilape, L50, F|
|poke|p2|Eelektross, L50, F|
|poke|p2|Krookodile, L50, M|
|poke|p2|Talonflame, L50, F|
|poke|p2|Politoed, L50, M|
|poke|p2|Basculegion-F, L50, F|
|poke|p2|Starmie, L50|
|teampreview|4
|showteam|p1|Tinkaton||MetalCoat|OwnTempo|FakeOut,PlayRough,GigatonHammer,Protect|Jolly||F|||50|]Volcarona||PasshoBerry|FlameBody|StruggleBug,Overheat,RagePowder,Protect|Bold||F|||50|]Tyranitar||Tyranitarite|SandStream|RockSlide,KnockOff,DragonDance,Protect|Adamant||F|||50|]Venusaur||Venusaurite|Chlorophyll|GigaDrain,SludgeBomb,LeechSeed,Protect|Calm||M|||50|]Rotom-Wash||SitrusBerry|Levitate|Thunderbolt,HydroPump,WillOWisp,Protect|Modest|||||50|]Annihilape||ChoiceScarf|Defiant|CloseCombat,ShadowClaw,Coaching,Uturn|Adamant||F|||50|
|showteam|p2|Eelektross||Eelektrossite|Levitate|Discharge,Protect,GigaDrain,DragonPulse|Modest||F|||50|]Krookodile||FocusSash|Intimidate|Earthquake,KnockOff,RockSlide,Protect|Jolly||M|||50|]Talonflame||SharpBeak|GaleWings|Protect,Hurricane,Tailwind,Overheat|Modest||F|||50|]Politoed||SitrusBerry|Drizzle|WeatherBall,Encore,PerishSong,Protect|Calm||M|||50|]Basculegion-F||ChoiceScarf|Adaptability|LastRespects,WaveCrash,FlipTurn,AquaJet|Jolly||F|||50|]Starmie||Starminite|Illuminate|PsychoCut,Protect,Liquidation,FlipTurn|Jolly|||||50|
|inactive|Battle timer is ON: inactive players will automatically lose when time's up. (requested by Fairy Juice Jay)
|l|☆Lancepp
|inactive|Lancepp disconnected and has 300 seconds to reconnect!
|player|p2|
|inactive|Fairy Juice Jay has 60 seconds left.
|inactive|Lancepp has 270 seconds to reconnect!
|j|☆Lancepp
|inactive|Lancepp reconnected and has 70 seconds left.
|player|p2|Lancepp|juan|
|c|☆Lancepp|Mb back
|inactive|Lancepp has 60 seconds left.
|
|t:|1783638633
|teamsize|p1|4
|teamsize|p2|4
|start
|switch|p1a: Annihilape|Annihilape, L50, F|100/100
|switch|p1b: Zippy|Rotom-Wash, L50|100/100
|switch|p2a: Basculegion|Basculegion-F, L50, F|100/100
|switch|p2b: Krookodile|Krookodile, L50, M|100/100
|-ability|p2b: Krookodile|Intimidate|boost
|-unboost|p1a: Annihilape|atk|1
|-ability|p1a: Annihilape|Defiant|boost
|-boost|p1a: Annihilape|atk|2
|-unboost|p1b: Zippy|atk|1
|turn|1
|inactive|Lancepp has 30 seconds left.
|inactive|Lancepp has 20 seconds left.
|inactive|Fairy Juice Jay has 30 seconds left.
|inactive|Lancepp has 15 seconds left.
|inactive|Lancepp has 10 seconds left.
|inactive|Fairy Juice Jay has 20 seconds left.
|inactive|Lancepp has 5 seconds left.
|
|t:|1783638690
|move|p2a: Basculegion|Flip Turn|p1a: Annihilape
|-damage|p1a: Annihilape|57/100
|
|t:|1783638693
|switch|p2a: Eelektross|Eelektross, L50, F|100/100|[from] Flip Turn
|move|p1a: Annihilape|Shadow Claw|p2a: Eelektross
|-damage|p2a: Eelektross|32/100
|move|p2b: Krookodile|Earthquake|p1b: Zippy|[spread] p1a
|-immune|p2a: Eelektross|[from] ability: Levitate
|-immune|p1b: Zippy|[from] ability: Levitate
|-damage|p1a: Annihilape|17/100
|move|p1b: Zippy|Will-O-Wisp|p2b: Krookodile
|-status|p2b: Krookodile|brn
|
|-damage|p2b: Krookodile|94/100 brn|[from] brn
|upkeep
|turn|2
|inactive|Lancepp has 30 seconds left.
|
|t:|1783638726
|switch|p2b: Politoed|Politoed, L50, M|100/100
|-weather|RainDance|[from] ability: Drizzle|[of] p2b: Politoed
|detailschange|p2a: Eelektross|Eelektross-Mega, L50, F
|-mega|p2a: Eelektross|Eelektross|Eelektrossite
|move|p1a: Annihilape|Shadow Claw|p2a: Eelektross
|-damage|p2a: Eelektross|0 fnt
|faint|p2a: Eelektross
|move|p1b: Zippy|Hydro Pump|p2b: Politoed
|-resisted|p2b: Politoed|1
|-damage|p2b: Politoed|74/100
|
|-weather|RainDance|[upkeep]
|upkeep
|
|t:|1783638738
|switch|p2a: Basculegion|Basculegion-F, L50, F|100/100
|turn|3
|
|t:|1783638762
|switch|p1a: Biggie Smöls|Tyranitar, L50, F|100/100
|-weather|Sandstorm|[from] ability: Sand Stream|[of] p1a: Biggie Smöls
|switch|p2b: Krookodile|Krookodile, L50, M|94/100 brn
|-ability|p2b: Krookodile|Intimidate|boost
|-unboost|p1a: Biggie Smöls|atk|1
|-unboost|p1b: Zippy|atk|1
|move|p2a: Basculegion|Flip Turn|p1a: Biggie Smöls
|-supereffective|p1a: Biggie Smöls|1
|-damage|p1a: Biggie Smöls|43/100
|
|t:|1783638773
|switch|p2a: Politoed|Politoed, L50, M|74/100|[from] Flip Turn
|-weather|RainDance|[from] ability: Drizzle|[of] p2a: Politoed
|move|p1b: Zippy|Thunderbolt|p2a: Politoed
|-supereffective|p2a: Politoed|1
|-damage|p2a: Politoed|19/100
|-status|p2a: Politoed|par
|-enditem|p2a: Politoed|Sitrus Berry|[eat]
|-heal|p2a: Politoed|44/100 par|[from] item: Sitrus Berry
|
|-weather|RainDance|[upkeep]
|-damage|p2b: Krookodile|88/100 brn|[from] brn
|upkeep
|turn|4
|inactive|Lancepp has 30 seconds left.
|
|t:|1783638806
|switch|p2b: Basculegion|Basculegion-F, L50, F|100/100
|switch|p1a: Annihilape|Annihilape, L50, F|17/100
|move|p2a: Politoed|Protect|p2a: Politoed
|-singleturn|p2a: Politoed|Protect
|move|p1b: Zippy|Thunderbolt|p2a: Politoed
|-activate|p2a: Politoed|move: Protect
|
|-weather|RainDance|[upkeep]
|upkeep
|turn|5
|inactive|Fairy Juice Jay has 30 seconds left.
|inactive|Lancepp has 30 seconds left.
|
|t:|1783638832
|switch|p2a: Krookodile|Krookodile, L50, M|88/100 brn
|-ability|p2a: Krookodile|Intimidate|boost
|-unboost|p1a: Annihilape|atk|1
|-ability|p1a: Annihilape|Defiant|boost
|-boost|p1a: Annihilape|atk|2
|-unboost|p1b: Zippy|atk|1
|move|p2b: Basculegion|Wave Crash|p1a: Annihilape
|-damage|p1a: Annihilape|0 fnt
|faint|p1a: Annihilape
|-damage|p2b: Basculegion|94/100|[from] Recoil
|move|p1b: Zippy|Thunderbolt|p2b: Basculegion
|-supereffective|p2b: Basculegion|1
|-damage|p2b: Basculegion|12/100
|
|-weather|RainDance|[upkeep]
|-damage|p2a: Krookodile|82/100 brn|[from] brn
|upkeep
|
|t:|1783638842
|switch|p1a: Petal|Venusaur, L50, M|100/100
|turn|6
|
|t:|1783638855
|switch|p2b: Politoed|Politoed, L50, M|44/100 par
|detailschange|p1a: Petal|Venusaur-Mega, L50, M
|-mega|p1a: Petal|Venusaur|Venusaurite
|move|p2a: Krookodile|Protect|p2a: Krookodile
|-singleturn|p2a: Krookodile|Protect
|move|p1b: Zippy|Thunderbolt|p2b: Politoed
|-supereffective|p2b: Politoed|1
|-damage|p2b: Politoed|0 fnt
|faint|p2b: Politoed
|move|p1a: Petal|Leech Seed|p2a: Krookodile
|-activate|p2a: Krookodile|move: Protect
|
|-weather|RainDance|[upkeep]
|-damage|p2a: Krookodile|76/100 brn|[from] brn
|upkeep
|
|t:|1783638857
|switch|p2b: Basculegion|Basculegion-F, L50, F|12/100
|turn|7
|
|t:|1783638868
|move|p2b: Basculegion|Last Respects|p1a: Petal
|-damage|p1a: Petal|40/100
|move|p2a: Krookodile|Knock Off|p1b: Zippy
|-damage|p1b: Zippy|77/100
|-enditem|p1b: Zippy|Sitrus Berry|[from] move: Knock Off|[of] p2a: Krookodile
|move|p1b: Zippy|Hydro Pump|p2a: Krookodile
|-supereffective|p2a: Krookodile|1
|-damage|p2a: Krookodile|0 fnt
|faint|p2a: Krookodile
|move|p1a: Petal|Giga Drain|p2b: Basculegion
|-supereffective|p2b: Basculegion|1
|-damage|p2b: Basculegion|0 fnt
|-heal|p1a: Petal|46/100|[from] drain|[of] p2b: Basculegion
|faint|p2b: Basculegion
|
|win|Fairy Juice Jay
|c|☆Fairy Juice Jay|GGs
|c|☆Lancepp|Ggs
|c|☆Lancepp|Mega Venu is so fat
|c|☆Fairy Juice Jay|Yeah
