|j|☆Divine Monkey King
|j|☆TheMMalt
|html|Divine Monkey KingTheMMalt    
|uhtml|bestof|Game 3 of a best-of-3
|t:|1782748450
|gametype|doubles
|player|p1|Divine Monkey King|rocketgrunt|1066
|player|p2|TheMMalt|doctor|1182
|gen|9
|tier|[Gen 9 Champions] VGC 2026 Reg M-B (Bo3)
|rated|
|rule|Species Clause: Limit one of each Pokémon
|rule|Item Clause: Limit 1 of each item
|clearpoke
|poke|p1|Tyranitar, L50, M, shiny|
|poke|p1|Aerodactyl, L50, M, shiny|
|poke|p1|Pelipper, L50, M, shiny|
|poke|p1|Basculegion, L50, M, shiny|
|poke|p1|Beedrill, L50, M, shiny|
|poke|p1|Annihilape, L50, M, shiny|
|poke|p2|Floette-Eternal, L50, F|
|poke|p2|Grimmsnarl, L50, M|
|poke|p2|Sinistcha, L50|
|poke|p2|Sneasler, L50, F|
|poke|p2|Swampert, L50, F|
|poke|p2|Pelipper, L50, M|
|teampreview|4
|showteam|p1|Tyranitar||Tyranitarite|SandStream|BrickBreak,KnockOff,Protect,RockSlide|Adamant||M|||50|]Aerodactyl||FocusSash|Unnerve|DualWingbeat,IronTail,Protect,Tailwind|Jolly||M|||50|]Pelipper||WacanBerry|Drizzle|Hurricane,Protect,WeatherBall,Uturn|Calm||M|||50|]Basculegion||MysticWater|SwiftSwim|AquaJet,FlipTurn,LastRespects,Protect|Adamant||M|||50|]Beedrill||Beedrillite|Sniper|PoisonJab,Protect,Uturn,FellStinger|Jolly||M|||50|]Annihilape||Leftovers|Defiant|BulkUp,DrainPunch,IcePunch,RageFist|Adamant||M|||50|
|showteam|p2|Floette-Eternal||Floettite|FlowerVeil|Protect,DazzlingGleam,DrainingKiss,CalmMind|Modest||F|||50|]Grimmsnarl||LightClay|Prankster|SpiritBreak,Reflect,LightScreen,PartingShot|Careful||M|||50|]Sinistcha||OccaBerry|Hospitality|Protect,MatchaGotcha,LifeDew,RagePowder|Bold|||||50|]Sneasler||FocusSash|Unburden|CloseCombat,DireClaw,QuickGuard,FakeOut|Jolly||F|||50|]Swampert||Swampertite|Torrent|Protect,WaveCrash,Earthquake,IcePunch|Adamant||F|||50|]Pelipper||SitrusBerry|Drizzle|Protect,WeatherBall,Hurricane,Tailwind|Modest||M|||50|
|inactive|Battle timer is ON: inactive players will automatically lose when time's up. (requested by TheMMalt)
|
|t:|1782748522
|teamsize|p1|4
|teamsize|p2|4
|start
|switch|p1a: Tyranitar|Tyranitar, L50, M, shiny|100/100
|switch|p1b: Beedrill|Beedrill, L50, M, shiny|100/100
|switch|p2a: Floette|Floette-Eternal, L50, F|100/100
|switch|p2b: Grimmsnarl|Grimmsnarl, L50, M|100/100
|-weather|Sandstorm|[from] ability: Sand Stream|[of] p1a: Tyranitar
|turn|1
|inactive|Divine Monkey King has 30 seconds left.
|
|t:|1782748551
|detailschange|p2a: Floette|Floette-Mega, L50, F
|-mega|p2a: Floette|Floette|Floettite
|-ability|p2a: Floette|Fairy Aura
|detailschange|p1b: Beedrill|Beedrill-Mega, L50, M, shiny
|-mega|p1b: Beedrill|Beedrill|Beedrillite
|move|p2a: Floette|Protect|p2a: Floette
|-singleturn|p2a: Floette|Protect
|move|p2b: Grimmsnarl|Reflect|p2b: Grimmsnarl
|-sidestart|p2: TheMMalt|Reflect
|move|p1b: Beedrill|Poison Jab|p2b: Grimmsnarl
|-supereffective|p2b: Grimmsnarl|1
|-crit|p2b: Grimmsnarl
|-damage|p2b: Grimmsnarl|0 fnt
|faint|p2b: Grimmsnarl
|move|p1a: Tyranitar|Rock Slide|p2a: Floette
|-activate|p2a: Floette|move: Protect
|
|-weather|Sandstorm|[upkeep]
|-damage|p1b: Beedrill|94/100|[from] Sandstorm
|-damage|p2a: Floette|94/100|[from] Sandstorm
|upkeep
|
|t:|1782748559
|switch|p2b: Sneasler|Sneasler, L50, F|100/100
|turn|2
|inactive|Divine Monkey King has 30 seconds left.
|
|t:|1782748587
|move|p1b: Beedrill|Protect|p1b: Beedrill
|-singleturn|p1b: Beedrill|Protect
|move|p1a: Tyranitar|Protect|p1a: Tyranitar
|-singleturn|p1a: Tyranitar|Protect
|move|p2b: Sneasler|Fake Out|p1b: Beedrill
|-activate|p1b: Beedrill|move: Protect
|move|p2a: Floette|Calm Mind|p2a: Floette
|-boost|p2a: Floette|spa|1
|-boost|p2a: Floette|spd|1
|
|-weather|Sandstorm|[upkeep]
|-damage|p1b: Beedrill|88/100|[from] Sandstorm
|-damage|p2b: Sneasler|94/100|[from] Sandstorm
|-damage|p2a: Floette|88/100|[from] Sandstorm
|upkeep
|turn|3
|inactive|Divine Monkey King has 30 seconds left.
|
|t:|1782748621
|switch|p2b: Sinistcha|Sinistcha, L50|100/100
|-heal|p2a: Floette|100/100|[from] ability: Hospitality|[of] p2b: Sinistcha
|switch|p1a: Basculegion|Basculegion, L50, M, shiny|100/100
|move|p1b: Beedrill|U-turn|p2b: Sinistcha
|-damage|p2b: Sinistcha|66/100
|
|t:|1782748631
|switch|p1b: Pelipper|Pelipper, L50, M, shiny|100/100|[from] U-turn
|-weather|RainDance|[from] ability: Drizzle|[of] p1b: Pelipper
|move|p2a: Floette|Draining Kiss|p1a: Basculegion
|-damage|p1a: Basculegion|38/100
|
|-weather|RainDance|[upkeep]
|upkeep
|turn|4
|
|t:|1782748649
|move|p1a: Basculegion|Protect|p1a: Basculegion
|-singleturn|p1a: Basculegion|Protect
|move|p2b: Sinistcha|Rage Powder|p2b: Sinistcha
|-singleturn|p2b: Sinistcha|move: Rage Powder
|move|p2a: Floette|Dazzling Gleam|p1a: Basculegion|[spread] p1b
|-activate|p1a: Basculegion|move: Protect
|-damage|p1b: Pelipper|22/100
|move|p1b: Pelipper|Hurricane|p2b: Sinistcha
|-supereffective|p2b: Sinistcha|1
|-damage|p2b: Sinistcha|0 fnt
|faint|p2b: Sinistcha
|
|-weather|RainDance|[upkeep]
|upkeep
|
|t:|1782748651
|switch|p2b: Sneasler|Sneasler, L50, F|94/100
|turn|5
|
|t:|1782748672
|move|p1a: Basculegion|Flip Turn|p2b: Sneasler
|-damage|p2b: Sneasler|30/100
|
|t:|1782748682
|switch|p1a: Tyranitar|Tyranitar, L50, M, shiny|100/100|[from] Flip Turn
|-weather|Sandstorm|[from] ability: Sand Stream|[of] p1a: Tyranitar
|move|p2b: Sneasler|Dire Claw|p1b: Pelipper
|-damage|p1b: Pelipper|0 fnt
|faint|p1b: Pelipper
|move|p2a: Floette|Dazzling Gleam|p1a: Tyranitar
|-supereffective|p1a: Tyranitar|1
|-damage|p1a: Tyranitar|9/100
|
|-weather|Sandstorm|[upkeep]
|-damage|p2b: Sneasler|24/100|[from] Sandstorm
|-damage|p2a: Floette|94/100|[from] Sandstorm
|upkeep
|
|t:|1782748700
|switch|p1b: Beedrill|Beedrill-Mega, L50, M, shiny|88/100
|turn|6
|inactive|Divine Monkey King has 30 seconds left.
|inactive|Divine Monkey King has 20 seconds left.
|inactive|Divine Monkey King has 15 seconds left.
|inactive|Divine Monkey King has 10 seconds left.
|
|t:|1782748750
|move|p1b: Beedrill|U-turn|p2b: Sneasler
|-resisted|p2b: Sneasler|2
|-damage|p2b: Sneasler|10/100
|
|t:|1782748760
|switch|p1b: Basculegion|Basculegion, L50, M, shiny|38/100|[from] U-turn
|move|p2b: Sneasler|Close Combat|p1b: Basculegion
|-immune|p1b: Basculegion
|move|p2a: Floette|Dazzling Gleam|p1a: Tyranitar|[spread] p1a,p1b
|-supereffective|p1a: Tyranitar|1
|-damage|p1a: Tyranitar|0 fnt
|-damage|p1b: Basculegion|0 fnt
|faint|p1a: Tyranitar
|faint|p1b: Basculegion
|
|-weather|Sandstorm|[upkeep]
|-damage|p2b: Sneasler|4/100|[from] Sandstorm
|-damage|p2a: Floette|88/100|[from] Sandstorm
|upkeep
|
|t:|1782748771
|switch|p1b: Beedrill|Beedrill-Mega, L50, M, shiny|88/100
|turn|7
|
|t:|1782748779
|move|p1b: Beedrill|Protect|p1b: Beedrill
|-singleturn|p1b: Beedrill|Protect
|move|p2b: Sneasler|Close Combat|p1b: Beedrill
|-activate|p1b: Beedrill|move: Protect
|move|p2a: Floette|Draining Kiss|p1b: Beedrill
|-activate|p1b: Beedrill|move: Protect
|
|-weather|Sandstorm|[upkeep]
|-damage|p1b: Beedrill|82/100|[from] Sandstorm
|-damage|p2b: Sneasler|0 fnt|[from] Sandstorm
|-damage|p2a: Floette|82/100|[from] Sandstorm
|faint|p2b: Sneasler
|upkeep
|turn|8
|
|t:|1782748790
|move|p1b: Beedrill|Poison Jab|p2a: Floette
|-supereffective|p2a: Floette|1
|-damage|p2a: Floette|1/100
|move|p2a: Floette|Draining Kiss|p1b: Beedrill
|-resisted|p1b: Beedrill|1
|-damage|p1b: Beedrill|43/100
|-heal|p2a: Floette|24/100|[from] drain|[of] p1b: Beedrill
|
|-weather|Sandstorm|[upkeep]
|-damage|p1b: Beedrill|38/100|[from] Sandstorm
|-damage|p2a: Floette|18/100|[from] Sandstorm
|-sideend|p2: TheMMalt|Reflect
|upkeep
|turn|9
|-message|TheMMalt forfeited.
|
|win|Divine Monkey King
|raw|Divine Monkey King's rating: 1066 → 1106(+40 for winning)
|raw|TheMMalt's rating: 1182 → 1149(-33 for losing)
|c|☆TheMMalt|Ggs
|l|☆TheMMalt
|player|p2|
|c|☆Divine Monkey King|Gg
