|j|☆Qicide
|j|☆probandoteammvp
|html|Qicideprobandoteammvp    
|uhtml|bestof|Game 2 of a best-of-3
|t:|1756844489
|gametype|doubles
|player|p1|Qicide|red|1264
|player|p2|probandoteammvp|1|1254
|gen|9
|tier|[Gen 9] VGC 2025 Reg H (Bo3)
|rated|
|rule|Species Clause: Limit one of each Pokémon
|rule|Item Clause: Limit 1 of each item
|clearpoke
|poke|p1|Porygon2, L50|
|poke|p1|Incineroar, L50, F|
|poke|p1|Ursaluna, L50, F|
|poke|p1|Jumpluff, L50, F|
|poke|p1|Charizard, L50, M|
|poke|p1|Torkoal, L50, F|
|poke|p2|Typhlosion-Hisui, L50, M|
|poke|p2|Arcanine-Hisui, L50, M|
|poke|p2|Gholdengo, L50|
|poke|p2|Farigiraf, L50, F|
|poke|p2|Whimsicott, L50, F|
|poke|p2|Ursaluna, L50, M|
|teampreview|4
|showteam|p1|Porygon2||Eviolite|Download|TeraBlast,IceBeam,TrickRoom,Recover||||||50|,,,,,Fighting]Incineroar||SitrusBerry|Intimidate|FakeOut,KnockOff,FlareBlitz,PartingShot|||F|||50|,,,,,Ghost]Ursaluna||FlameOrb|Guts|HeadlongRush,Facade,Earthquake,Protect|||F|||50|,,,,,Ghost]Jumpluff||CovertCloak|Chlorophyll|RagePowder,PollenPuff,Tailwind,SleepPowder|||F|||50|,,,,,Water]Charizard||ChoiceSpecs|SolarPower|HeatWave,Overheat,WeatherBall,DragonPulse|||M|||50|,,,,,Ghost]Torkoal||EjectPack|Drought|Overheat,Eruption,HelpingHand,Protect|||F|||50|,,,,,Fire
|showteam|p2|Typhlosion-Hisui||FlamePlate|Blaze|Eruption,Flamethrower,ShadowBall,Protect|||M|||50|,,,,,Fire]Arcanine-Hisui||ClearAmulet|RockHead|ExtremeSpeed,HeadSmash,FlareBlitz,Protect|||M|||50|,,,,,Grass]Gholdengo||ChoiceSpecs|GoodasGold|MakeItRain,ShadowBall,Thunderbolt,DazzlingGleam||||||50|,,,,,Steel]Farigiraf||SitrusBerry|ArmorTail|Psychic,HelpingHand,TrickRoom,Protect|||F|||50|,,,,,Water]Whimsicott||CovertCloak|Prankster|Tailwind,Moonblast,SunnyDay,Taunt|||F|||50|,,,,,Ghost]Ursaluna||FlameOrb|Guts|Facade,HeadlongRush,Earthquake,Protect|||M|||50|,,,,,Dragon
|inactive|Battle timer is ON: inactive players will automatically lose when time's up. (requested by Qicide)
|inactive|Qicide has 60 seconds left.
|
|t:|1756844521
|teamsize|p1|4
|teamsize|p2|4
|start
|switch|p1a: Incineroar|Incineroar, L50, F|100/100
|switch|p1b: Jumpluff|Jumpluff, L50, F|100/100
|switch|p2a: Whimsicott|Whimsicott, L50, F, shiny|100/100
|switch|p2b: Typhlosion|Typhlosion-Hisui, L50, M, shiny|100/100
|-ability|p1a: Incineroar|Intimidate|boost
|-unboost|p2a: Whimsicott|atk|1
|-unboost|p2b: Typhlosion|atk|1
|turn|1
|
|t:|1756844544
|move|p2b: Typhlosion|Protect|p2b: Typhlosion
|-singleturn|p2b: Typhlosion|Protect
|move|p2a: Whimsicott|Taunt|p1b: Jumpluff
|-start|p1b: Jumpluff|move: Taunt
|cant|p1b: Jumpluff|move: Taunt|Tailwind
|move|p1a: Incineroar|Knock Off|p2b: Typhlosion
|-activate|p2b: Typhlosion|move: Protect
|
|upkeep
|turn|2
|
|t:|1756844554
|move|p2a: Whimsicott|Moonblast|p1a: Incineroar
|-damage|p1a: Incineroar|71/100
|move|p1b: Jumpluff|Pollen Puff|p1a: Incineroar
|-heal|p1a: Incineroar|100/100
|move|p2b: Typhlosion|Eruption|p1a: Incineroar|[spread] p1a,p1b
|-resisted|p1a: Incineroar
|-supereffective|p1b: Jumpluff
|-damage|p1a: Incineroar|69/100
|-damage|p1b: Jumpluff|0 fnt
|faint|p1b: Jumpluff
|move|p1a: Incineroar|Knock Off|p2b: Typhlosion
|-supereffective|p2b: Typhlosion
|-damage|p2b: Typhlosion|0 fnt
|-enditem|p2b: Typhlosion|Flame Plate|[from] move: Knock Off|[of] p1a: Incineroar
|faint|p2b: Typhlosion
|
|upkeep
|
|t:|1756844567
|switch|p1b: Ursaluna|Ursaluna, L50, F|100/100
|switch|p2b: Arcanine|Arcanine-Hisui, L50, M, shiny|100/100
|turn|3
|inactive|Qicide has 30 seconds left.
|
|t:|1756844599
|-terastallize|p2b: Arcanine|Grass
|-terastallize|p1a: Incineroar|Ghost
|move|p1b: Ursaluna|Protect|p1b: Ursaluna
|-singleturn|p1b: Ursaluna|Protect
|move|p2a: Whimsicott|Moonblast|p1a: Incineroar
|-damage|p1a: Incineroar|37/100
|-enditem|p1a: Incineroar|Sitrus Berry|[eat]
|-heal|p1a: Incineroar|61/100|[from] item: Sitrus Berry
|move|p2b: Arcanine|Head Smash|p1a: Incineroar|[miss]
|-miss|p2b: Arcanine|p1a: Incineroar
|move|p1a: Incineroar|Flare Blitz|p2a: Whimsicott
|-supereffective|p2a: Whimsicott
|-damage|p2a: Whimsicott|0 fnt
|faint|p2a: Whimsicott
|-damage|p1a: Incineroar|37/100|[from] Recoil
|
|-status|p1b: Ursaluna|brn|[from] item: Flame Orb
|upkeep
|
|t:|1756844611
|switch|p2a: Ursaluna|Ursaluna, L50, M, shiny|100/100
|turn|4
|
|t:|1756844627
|move|p2b: Arcanine|Protect|p2b: Arcanine
|-singleturn|p2b: Arcanine|Protect
|move|p1b: Ursaluna|Facade|p2b: Arcanine
|-activate|p2b: Arcanine|move: Protect
|move|p1a: Incineroar|Parting Shot|p2a: Ursaluna
|-unboost|p2a: Ursaluna|atk|1
|-unboost|p2a: Ursaluna|spa|1
|
|t:|1756844634
|switch|p1a: Charizard|Charizard, L50, M, shiny|100/100|[from] Parting Shot
|move|p2a: Ursaluna|Earthquake|p1b: Ursaluna|[spread] p1b
|-activate|p2b: Arcanine|move: Protect
|-immune|p1a: Charizard
|-damage|p1b: Ursaluna|79/100 brn
|
|-damage|p1b: Ursaluna|73/100 brn|[from] brn
|-status|p2a: Ursaluna|brn|[from] item: Flame Orb
|upkeep
|turn|5
|
|t:|1756844647
|move|p1a: Charizard|Heat Wave|p2b: Arcanine|[spread] p2a,p2b
|-supereffective|p2b: Arcanine
|-damage|p2a: Ursaluna|59/100 brn
|-damage|p2b: Arcanine|0 fnt
|faint|p2b: Arcanine
|move|p1b: Ursaluna|Earthquake|p2a: Ursaluna|[spread] p2a
|-immune|p1a: Charizard
|-damage|p2a: Ursaluna|11/100 brn
|move|p2a: Ursaluna|Facade|p1b: Ursaluna
|-damage|p1b: Ursaluna|6/100 brn
|
|-damage|p1b: Ursaluna|0 fnt|[from] brn
|faint|p1b: Ursaluna
|-damage|p2a: Ursaluna|5/100 brn|[from] brn
|upkeep
|
|t:|1756844651
|switch|p1b: Incineroar|Incineroar, L50, F, tera:Ghost|37/100
|-ability|p1b: Incineroar|Intimidate|boost
|-unboost|p2a: Ursaluna|atk|1
|turn|6
|-message|probandoteammvp forfeited.
|
|win|Qicide
|l|☆probandoteammvp
|player|p2|
||probandoteammvp is ready for game 3.
