|j|☆arts and stuff
|j|☆PM77Switch
|html|arts and stuffPM77Switch    
|uhtml|bestof|Game 3 of a best-of-3
|t:|1783721553
|gametype|doubles
|player|p1|arts and stuff|169|1000
|player|p2|PM77Switch|may-masters3|1116
|gen|9
|tier|[Gen 9 Champions] VGC 2026 Reg M-B (Bo3)
|rated|
|rule|Species Clause: Limit one of each Pokémon
|rule|Item Clause: Limit 1 of each item
|clearpoke
|poke|p1|Scolipede, L50, M, shiny|
|poke|p1|Maushold-Four, L50, shiny|
|poke|p1|Incineroar, L50, F, shiny|
|poke|p1|Raichu, L50, F, shiny|
|poke|p1|Whimsicott, L50, M, shiny|
|poke|p1|Sylveon, L50, F, shiny|
|poke|p2|Staraptor, L50, M, shiny|
|poke|p2|Farigiraf, L50, M, shiny|
|poke|p2|Charizard, L50, F, shiny|
|poke|p2|Whimsicott, L50, F, shiny|
|poke|p2|Garchomp, L50, M, shiny|
|poke|p2|Gholdengo, L50, shiny|
|teampreview|4
|showteam|p1|Scolipede||Scolipite|PoisonPoint|Protect,LeechLife,PoisonJab,SwordsDance|Adamant||M|||50|]Maushold-Four||WideLens|FriendGuard|PopulationBomb,FollowMe,LowKick,Protect|Jolly|||||50|]Incineroar||Leftovers|Intimidate|FlareBlitz,FakeOut,PartingShot,Protect|Careful||F|||50|]Raichu||RaichuniteY|LightningRod|VoltSwitch,FocusBlast,Thunderbolt,Protect|Timid||F|||50|]Whimsicott||FocusSash|Prankster|Moonblast,Encore,Protect,Tailwind|Bold||M|||50|]Sylveon||LifeOrb|Pixilate|HyperBeam,HyperVoice,Detect,MysticalFire|Modest||F|||50|
|showteam|p2|Staraptor||Staraptite|Intimidate|DualWingbeat,CloseCombat,BlazeKick,Protect|Jolly||M|||50|]Farigiraf||SitrusBerry|ArmorTail|Psychic,HelpingHand,TrickRoom,Imprison|Bold||M|||50|]Charizard||CharizarditeY|SolarPower|HeatWave,WeatherBall,SolarBeam,Protect|Modest||F|||50|]Whimsicott||FairyFeather|Prankster|Moonblast,Tailwind,SunnyDay,Taunt|Timid||F|||50|]Garchomp||LifeOrb|RoughSkin|StompingTantrum,DragonClaw,RockSlide,Protect|Jolly||M|||50|]Gholdengo||ChoiceScarf|GoodasGold|MakeItRain,ShadowBall,PowerGem,Thunderbolt|Timid|||||50|
|inactive|Battle timer is ON: inactive players will automatically lose when time's up. (requested by PM77Switch)
|inactive|arts and stuff has 60 seconds left.
|l|☆arts and stuff
|inactive|arts and stuff disconnected and has a minute to reconnect!
|player|p1|
|j|☆arts and stuff
|inactive|arts and stuff reconnected and has 40 seconds left.
|player|p1|arts and stuff|169|
|inactive|arts and stuff has 30 seconds left.
|inactive|arts and stuff has 20 seconds left.
|inactive|arts and stuff has 15 seconds left.
|
|t:|1783721629
|teamsize|p1|4
|teamsize|p2|4
|start
|switch|p1a: Tiffany|Scolipede, L50, M, shiny|100/100
|switch|p1b: Meeska & Mooska|Maushold-Four, L50, shiny|100/100
|switch|p2a: Gholdengo|Gholdengo, L50, shiny|100/100
|switch|p2b: Whimsicott|Whimsicott, L50, F, shiny|100/100
|turn|1
|
|t:|1783721648
|move|p2a: Gholdengo|Make It Rain|p1a: Tiffany|[spread] p1a
|-miss|p2a: Gholdengo|p1b: Meeska & Mooska
|-damage|p1a: Tiffany|51/100
|-unboost|p2a: Gholdengo|spa|2
|move|p2b: Whimsicott|Moonblast|p1b: Meeska & Mooska
|-damage|p1b: Meeska & Mooska|38/100
|-unboost|p1b: Meeska & Mooska|spa|1
|move|p1b: Meeska & Mooska|Population Bomb|p2b: Whimsicott
|-damage|p2b: Whimsicott|86/100
|-damage|p2b: Whimsicott|75/100
|-damage|p2b: Whimsicott|63/100
|-damage|p2b: Whimsicott|51/100
|-damage|p2b: Whimsicott|40/100
|-crit|p2b: Whimsicott
|-damage|p2b: Whimsicott|21/100
|-damage|p2b: Whimsicott|10/100
|-crit|p2b: Whimsicott
|-damage|p2b: Whimsicott|0 fnt
|faint|p2b: Whimsicott
|-hitcount|p2: Whimsicott|8
|move|p1a: Tiffany|Swords Dance|p1a: Tiffany
|-boost|p1a: Tiffany|atk|2
|
|upkeep
|
|t:|1783721659
|switch|p2b: Charizard|Charizard, L50, F, shiny|100/100
|turn|2
|inactive|arts and stuff has 30 seconds left.
|
|t:|1783721689
|detailschange|p1a: Tiffany|Scolipede-Mega, L50, M, shiny
|-mega|p1a: Tiffany|Scolipede|Scolipite
|move|p2b: Charizard|Protect|p2b: Charizard
|-singleturn|p2b: Charizard|Protect
|move|p1a: Tiffany|Protect|p1a: Tiffany
|-singleturn|p1a: Tiffany|Protect
|move|p2a: Gholdengo|Make It Rain|p1b: Meeska & Mooska|[spread] p1b
|-activate|p1a: Tiffany|move: Protect
|-damage|p1b: Meeska & Mooska|1/100
|-unboost|p2a: Gholdengo|spa|2
|move|p1b: Meeska & Mooska|Population Bomb|p2b: Charizard
|-activate|p2b: Charizard|move: Protect
|
|upkeep
|turn|3
|c|☆arts and stuff|I forgot to make it speed boost ;-;
|inactive|arts and stuff has 30 seconds left.
|inactive|PM77Switch has 30 seconds left.
|inactive|PM77Switch has 20 seconds left.
|c|☆PM77Switch|yeag i was wondering, why you havent got a speed boost
|inactive|PM77Switch has 15 seconds left.
|inactive|PM77Switch has 10 seconds left.
|
|t:|1783721734
|detailschange|p2b: Charizard|Charizard-Mega-Y, L50, F, shiny
|-mega|p2b: Charizard|Charizard|Charizardite Y
|-weather|SunnyDay|[from] ability: Drought|[of] p2b: Charizard
|move|p2a: Gholdengo|Make It Rain|p1b: Meeska & Mooska|[spread] p1a,p1b
|-damage|p1a: Tiffany|39/100
|-damage|p1b: Meeska & Mooska|0 fnt
|-unboost|p2a: Gholdengo|spa|2
|faint|p1b: Meeska & Mooska
|move|p2b: Charizard|Weather Ball|p1a: Tiffany
|-supereffective|p1a: Tiffany|1
|-damage|p1a: Tiffany|0 fnt
|faint|p1a: Tiffany
|
|-weather|SunnyDay|[upkeep]
|upkeep
|
|t:|1783721742
|switch|p1b: Rupaul|Sylveon, L50, F, shiny|100/100
|switch|p1a: El Tigre|Incineroar, L50, F, shiny|100/100
|-ability|p1a: El Tigre|Intimidate|boost
|-unboost|p2a: Gholdengo|atk|1
|-unboost|p2b: Charizard|atk|1
|turn|4
|
|t:|1783721763
|move|p1a: El Tigre|Fake Out|p2b: Charizard
|-damage|p2b: Charizard|88/100
|move|p2a: Gholdengo|Make It Rain|p1a: El Tigre|[spread] p1a,p1b
|-resisted|p1a: El Tigre|1
|-supereffective|p1b: Rupaul|1
|-damage|p1a: El Tigre|95/100
|-damage|p1b: Rupaul|82/100
|cant|p2b: Charizard|flinch
|move|p1b: Rupaul|Mystical Fire|p2a: Gholdengo
|-supereffective|p2a: Gholdengo|1
|-damage|p2a: Gholdengo|0 fnt
|faint|p2a: Gholdengo
|-damage|p1b: Rupaul|72/100|[from] item: Life Orb
|
|-weather|SunnyDay|[upkeep]
|-heal|p1a: El Tigre|100/100|[from] item: Leftovers
|upkeep
|l|☆PM77Switch
|inactive|PM77Switch disconnected and has a minute to reconnect!
|player|p2|
|inactive|PM77Switch has 30 seconds left.
|j|☆PM77Switch
|inactive|PM77Switch reconnected and has 25 seconds left.
|player|p2|PM77Switch|may-masters3|
|inactive|PM77Switch has 20 seconds left.
|
|t:|1783721801
|switch|p2a: Garchomp|Garchomp, L50, M, shiny|100/100
|turn|5
|
|t:|1783721813
|move|p1a: El Tigre|Protect|p1a: El Tigre
|-singleturn|p1a: El Tigre|Protect
|move|p2a: Garchomp|Stomping Tantrum|p1b: Rupaul
|-crit|p1b: Rupaul
|-damage|p1b: Rupaul|0 fnt
|faint|p1b: Rupaul
|-damage|p2a: Garchomp|90/100|[from] item: Life Orb
|move|p2b: Charizard|Heat Wave|p1a: El Tigre
|-activate|p1a: El Tigre|move: Protect
|
|-weather|SunnyDay|[upkeep]
|upkeep
|turn|6
|
|t:|1783721824
|move|p2a: Garchomp|Stomping Tantrum|p1a: El Tigre
|-supereffective|p1a: El Tigre|1
|-crit|p1a: El Tigre
|-damage|p1a: El Tigre|0 fnt
|faint|p1a: El Tigre
|-damage|p2a: Garchomp|80/100|[from] item: Life Orb
|
|win|PM77Switch
|raw|arts and stuff's rating: 1000 → 1000(+0 for losing)
|raw|PM77Switch's rating: 1116 → 1133(+17 for winning)
|l|☆arts and stuff
|player|p1|
