|j|☆Iche8647/5
|j|☆natsukivgc
|html|Iche8647/5natsukivgc    
|uhtml|bestof|Game 2 of a best-of-3
|t:|1785476143
|gametype|doubles
|player|p1|Iche8647/5|170|1058
|player|p2|natsukivgc|1|1134
|gen|9
|tier|[Gen 9 Champions] VGC 2026 Reg M-B (Bo3)
|rated|
|rule|Species Clause: Limit one of each Pokémon
|rule|Item Clause: Limit 1 of each item
|clearpoke
|poke|p1|Maushold, L50|
|poke|p1|Talonflame, L50, F|
|poke|p1|Meowscarada, L50, F|
|poke|p1|Meowstic, L50, M|
|poke|p1|Dragonite, L50, M|
|poke|p1|Gholdengo, L50|
|poke|p2|Charizard, L50, M|
|poke|p2|Sneasler, L50, M|
|poke|p2|Kingambit, L50, M|
|poke|p2|Dragonite, L50, M|
|poke|p2|Floette-Eternal, L50, F|
|poke|p2|Whimsicott, L50, F|
|teampreview|4
|showteam|p1|Maushold||WideLens|Technician|PopulationBomb,Protect,Bite,FollowMe|Jolly|||||50|]Talonflame||ChartiBerry|GaleWings|Tailwind,BraveBird,FlareBlitz,Protect|Jolly||F|||50|]Meowscarada||ChoiceScarf|Protean|FlowerTrick,KnockOff,PlayRough,TripleAxel|Jolly||F|||50|]Meowstic||Meowsticite|Prankster|FakeOut,Psychic,Thunderbolt,Gravity|Timid||M|||50|]Dragonite||WhiteHerb|InnerFocus|Protect,Superpower,Roar,FirePunch|Adamant||M|||50|]Gholdengo||LifeOrb|GoodasGold|FocusBlast,ShadowBall,Protect,FlashCannon|Timid|||||50|
|showteam|p2|Charizard||CharizarditeY|Blaze|HeatWave,SolarBeam,WeatherBall,Protect|Modest||M|||50|]Sneasler||WhiteHerb|Unburden|CloseCombat,DireClaw,FakeOut,Coaching|Jolly||M|||50|]Kingambit||BlackGlasses|Defiant|KowtowCleave,SuckerPunch,SwordsDance,Protect|Adamant||M|||50|]Dragonite||LifeOrb|InnerFocus|DragonClaw,LowKick,ExtremeSpeed,Protect|Adamant||M|||50|]Floette-Eternal||Floettite|FlowerVeil|Moonblast,DazzlingGleam,LightofRuin,Protect|Modest||F|||50|]Whimsicott||FocusSash|Prankster|Moonblast,Tailwind,Encore,Protect|Timid||F|||50|
|
|t:|1785476176
|teamsize|p1|4
|teamsize|p2|4
|start
|switch|p1a: Meowstic|Meowstic, L50, M|100/100
|switch|p1b: Familyof4-1|Maushold, L50|100/100
|switch|p2a: Sneasler|Sneasler, L50, M|100/100
|switch|p2b: Whimsicott|Whimsicott, L50, F|100/100
|turn|1
|
|t:|1785476200
|detailschange|p1a: Meowstic|Meowstic-M-Mega, L50, M
|-mega|p1a: Meowstic|Meowstic|Meowsticite
|-ability|p1a: Meowstic|Prankster|Trace|[from] ability: Trace|[of] p2b: Whimsicott
|move|p1a: Meowstic|Fake Out|p2a: Sneasler
|-damage|p2a: Sneasler|90/100
|move|p2b: Whimsicott|Tailwind|p2b: Whimsicott
|-sidestart|p2: natsukivgc|move: Tailwind
|cant|p2a: Sneasler|flinch
|move|p1b: Familyof4-1|Population Bomb|p2a: Sneasler
|-damage|p2a: Sneasler|73/100
|-damage|p2a: Sneasler|52/100
|-damage|p2a: Sneasler|32/100
|-damage|p2a: Sneasler|13/100
|-damage|p2a: Sneasler|0 fnt
|faint|p2a: Sneasler
|-hitcount|p2: Sneasler|5
|
|upkeep
|
|t:|1785476221
|switch|p2a: Floette|Floette-Eternal, L50, F|100/100
|turn|2
|
|t:|1785476233
|switch|p1a: Talonflame|Talonflame, L50, F|100/100
|detailschange|p2a: Floette|Floette-Mega, L50, F
|-mega|p2a: Floette|Floette|Floettite
|-ability|p2a: Floette|Fairy Aura
|move|p1b: Familyof4-1|Protect|p1b: Familyof4-1
|-singleturn|p1b: Familyof4-1|Protect
|move|p2b: Whimsicott|Moonblast|p1a: Talonflame
|-resisted|p1a: Talonflame|1
|-damage|p1a: Talonflame|66/100
|move|p2a: Floette|Light of Ruin|p1b: Familyof4-1
|-activate|p1b: Familyof4-1|move: Protect
|
|upkeep
|turn|3
|
|t:|1785476266
|switch|p1b: Dragonite|Dragonite, L50, M|100/100
|move|p2b: Whimsicott|Encore||[still]
|-fail|p2b: Whimsicott
|move|p2a: Floette|Light of Ruin|p1a: Talonflame
|-resisted|p1a: Talonflame|1
|-damage|p1a: Talonflame|0 fnt
|faint|p1a: Talonflame
|-damage|p2a: Floette|67/100|[from] Recoil
|
|upkeep
|
|t:|1785476279
|switch|p1a: Meowstic|Meowstic-M-Mega, L50, M|100/100
|-ability|p1a: Meowstic|Fairy Aura|Trace|[from] ability: Trace|[of] p2a: Floette
|-ability|p1a: Meowstic|Fairy Aura
|turn|4
|
|t:|1785476298
|switch|p1a: Familyof4-1|Maushold, L50|100/100
|move|p2b: Whimsicott|Protect|p2b: Whimsicott
|-singleturn|p2b: Whimsicott|Protect
|move|p2a: Floette|Protect|p2a: Floette
|-singleturn|p2a: Floette|Protect
|move|p1b: Dragonite|Roar|p2b: Whimsicott
|drag|p2b: Dragonite|Dragonite, L50, M|100/100
|
|-sideend|p2: natsukivgc|move: Tailwind
|upkeep
|turn|5
|
|t:|1785476339
|switch|p1b: Meowstic|Meowstic-M-Mega, L50, M|100/100
|-ability|p1b: Meowstic|Fairy Aura|Trace|[from] ability: Trace|[of] p2a: Floette
|-ability|p1b: Meowstic|Fairy Aura
|move|p1a: Familyof4-1|Population Bomb|p2a: Floette
|-damage|p2a: Floette|54/100
|-crit|p2a: Floette
|-damage|p2a: Floette|34/100
|-damage|p2a: Floette|19/100
|-hitcount|p2a: Floette|3
|move|p2a: Floette|Light of Ruin|p1a: Familyof4-1
|-damage|p1a: Familyof4-1|0 fnt
|faint|p1a: Familyof4-1
|-damage|p2a: Floette|0 fnt|[from] Recoil
|faint|p2a: Floette
|move|p2b: Dragonite|Dragon Claw|p1b: Meowstic
|-damage|p1b: Meowstic|13/100
|-damage|p2b: Dragonite|90/100|[from] item: Life Orb
|
|upkeep
|c|☆Iche8647/5|1%
|c|☆Iche8647/5|wow
|c|☆natsukivgc|yea
|c|☆natsukivgc|im sorry
|c|☆Iche8647/5|Ggs
|c|☆natsukivgc|ggs
|c|☆Iche8647/5|second time we fought and I just can’t get a grip on this team
|c|☆Iche8647/5|Man
|-message|Iche8647/5 forfeited.
|
|win|natsukivgc
|raw|Iche8647/5's rating: 1058 → 1043(-15 for losing)
|raw|natsukivgc's rating: 1134 → 1154(+20 for winning)
