|j|☆ScaleMiss
|j|☆arkjsmith
|html|ScaleMissarkjsmith    
|uhtml|bestof|Game 2 of a best-of-3
|t:|1756578425
|gametype|doubles
|player|p1|ScaleMiss|harmony|1257
|player|p2|arkjsmith|roxie|1170
|gen|9
|tier|[Gen 9] VGC 2025 Reg H (Bo3)
|rated|
|rule|Species Clause: Limit one of each Pokémon
|rule|Item Clause: Limit 1 of each item
|clearpoke
|poke|p1|Volcarona, L50, M|
|poke|p1|Rillaboom, L50, F|
|poke|p1|Gholdengo, L50|
|poke|p1|Sneasler, L50, M|
|poke|p1|Arcanine-Hisui, L50, M|
|poke|p1|Sinistcha-Masterpiece, L50|
|poke|p2|Dragonite, L50, M|
|poke|p2|Gholdengo, L50|
|poke|p2|Ursaluna-Bloodmoon, L50, M|
|poke|p2|Annihilape, L50, F|
|poke|p2|Ninetales-Alola, L50, M|
|poke|p2|Rillaboom, L50, M|
|teampreview|4
|showteam|p1|Volcarona||CovertCloak|FlameBody|QuiverDance,HeatWave,TeraBlast,Protect|||M|||50|,,,,,Fairy]Rillaboom||AssaultVest|GrassySurge|Uturn,WoodHammer,GrassyGlide,FakeOut|||F|||50|,,,,,Fire]Gholdengo||MetalCoat|GoodasGold|MakeItRain,ShadowBall,NastyPlot,Protect||||||50|,,,,,Dragon]Sneasler||FocusSash|Unburden|DireClaw,CloseCombat,FakeOut,Protect|||M|||50|,,,,,Stellar]Arcanine-Hisui||ClearAmulet|Intimidate|RockSlide,FlareBlitz,ExtremeSpeed,Protect|||M|||50|,,,,,Water]Sinistcha-Masterpiece||RockyHelmet|Hospitality|MatchaGotcha,RagePowder,TrickRoom,Imprison||||||50|,,,,,Dark
|showteam|p2|Dragonite||LoadedDice|Multiscale|ScaleShot,ExtremeSpeed,Tailwind,Protect|||M|||50|,,,,,Fairy]Gholdengo||GrassySeed|GoodasGold|NastyPlot,MakeItRain,ShadowBall,Protect||||||50|,,,,,Dragon]Ursaluna-Bloodmoon||AssaultVest|MindsEye|BloodMoon,HyperVoice,EarthPower,VacuumWave|||M|||50|,,,,,Water]Annihilape||LifeOrb|Defiant|CloseCombat,RageFist,FinalGambit,Protect|||F|||50|,,,,,Fire]Ninetales-Alola||LightClay|SnowWarning|IcicleSpear,Blizzard,IcyWind,AuroraVeil|||M|||50|,,,,,Ghost]Rillaboom||MiracleSeed|GrassySurge|WoodHammer,GrassyGlide,Protect,FakeOut|||M|||50|,,,,,Grass
|inactive|Battle timer is ON: inactive players will automatically lose when time's up. (requested by ScaleMiss)
|inactive|arkjsmith also wants the timer to be on.
|inactive|ScaleMiss has 60 seconds left.
|inactive|arkjsmith has 60 seconds left.
|
|t:|1756578473
|teamsize|p1|4
|teamsize|p2|4
|start
|switch|p1a: Sinistcha|Sinistcha-Masterpiece, L50|100/100
|switch|p1b: Volcarona|Volcarona, L50, M, shiny|100/100
|switch|p2a: Ninetales|Ninetales-Alola, L50, M|100/100
|switch|p2b: Annihilape|Annihilape, L50, F, shiny|100/100
|-weather|Snowscape|[from] ability: Snow Warning|[of] p2a: Ninetales
|turn|1
|
|t:|1756578494
|switch|p2b: Dragonite|Dragonite, L50, M, shiny|100/100
|-terastallize|p1a: Sinistcha|Dark
|move|p1a: Sinistcha|Rage Powder|p1a: Sinistcha
|-singleturn|p1a: Sinistcha|move: Rage Powder
|move|p2a: Ninetales|Aurora Veil|p2a: Ninetales
|-sidestart|p2: arkjsmith|move: Aurora Veil
|move|p1b: Volcarona|Quiver Dance|p1b: Volcarona
|-boost|p1b: Volcarona|spa|1
|-boost|p1b: Volcarona|spd|1
|-boost|p1b: Volcarona|spe|1
|
|-weather|Snowscape|[upkeep]
|upkeep
|turn|2
|
|t:|1756578519
|move|p1b: Volcarona|Heat Wave|p2a: Ninetales|[spread] p2a,p2b
|-supereffective|p2a: Ninetales
|-resisted|p2b: Dragonite
|-damage|p2a: Ninetales|23/100
|-damage|p2b: Dragonite|91/100
|move|p2a: Ninetales|Blizzard|p1b: Volcarona|[spread] p1a,p1b
|-resisted|p1b: Volcarona
|-damage|p1a: Sinistcha|75/100
|-damage|p1b: Volcarona|93/100
|move|p2b: Dragonite|Scale Shot|p1a: Sinistcha
|-damage|p1a: Sinistcha|61/100
|-crit|p1a: Sinistcha
|-damage|p1a: Sinistcha|40/100
|-damage|p1a: Sinistcha|27/100
|-damage|p1a: Sinistcha|13/100
|-hitcount|p1a: Sinistcha|4
|-unboost|p2b: Dragonite|def|1
|-boost|p2b: Dragonite|spe|1
|move|p1a: Sinistcha|Matcha Gotcha|p2a: Ninetales|[spread] p2a,p2b
|-resisted|p2b: Dragonite
|-damage|p2a: Ninetales|6/100
|-heal|p1a: Sinistcha|22/100|[from] drain|[of] p2a: Ninetales
|-damage|p2b: Dragonite|87/100
|-heal|p1a: Sinistcha|24/100|[from] drain|[of] p2b: Dragonite
|
|-weather|Snowscape|[upkeep]
|upkeep
|turn|3
|inactive|ScaleMiss has 30 seconds left.
|
|t:|1756578546
|switch|p1a: Arcanine|Arcanine-Hisui, L50, M|100/100
|-ability|p1a: Arcanine|Intimidate|boost
|-unboost|p2a: Ninetales|atk|1
|-unboost|p2b: Dragonite|atk|1
|move|p2b: Dragonite|Extreme Speed|p1a: Arcanine
|-resisted|p1a: Arcanine
|-damage|p1a: Arcanine|89/100
|move|p1b: Volcarona|Quiver Dance|p1b: Volcarona
|-boost|p1b: Volcarona|spa|1
|-boost|p1b: Volcarona|spd|1
|-boost|p1b: Volcarona|spe|1
|move|p2a: Ninetales|Icy Wind|p1a: Arcanine|[spread] p1a,p1b
|-resisted|p1a: Arcanine
|-resisted|p1b: Volcarona
|-damage|p1a: Arcanine|81/100
|-damage|p1b: Volcarona|90/100
|
|-weather|Snowscape|[upkeep]
|upkeep
|turn|4
|
|t:|1756578560
|move|p1b: Volcarona|Heat Wave|p2a: Ninetales|[spread] p2a
|-miss|p1b: Volcarona|p2b: Dragonite
|-supereffective|p2a: Ninetales
|-damage|p2a: Ninetales|0 fnt
|faint|p2a: Ninetales
|move|p2b: Dragonite|Tailwind|p2b: Dragonite
|-sidestart|p2: arkjsmith|move: Tailwind
|move|p1a: Arcanine|Rock Slide|p2b: Dragonite
|-supereffective|p2b: Dragonite
|-damage|p2b: Dragonite|15/100
|
|-weather|Snowscape|[upkeep]
|upkeep
|
|t:|1756578564
|switch|p2a: Annihilape|Annihilape, L50, F, shiny|100/100
|turn|5
|
|t:|1756578575
|move|p1b: Volcarona|Protect|p1b: Volcarona
|-singleturn|p1b: Volcarona|Protect
|move|p2b: Dragonite|Scale Shot|p1a: Arcanine
|-damage|p1a: Arcanine|69/100
|-damage|p1a: Arcanine|57/100
|-damage|p1a: Arcanine|45/100
|-damage|p1a: Arcanine|34/100
|-hitcount|p1a: Arcanine|4
|-unboost|p2b: Dragonite|def|1
|-boost|p2b: Dragonite|spe|1
|move|p2a: Annihilape|Final Gambit|p1b: Volcarona
|-activate|p1b: Volcarona|move: Protect
|move|p1a: Arcanine|Rock Slide|p2b: Dragonite|[spread] p2a,p2b
|-resisted|p2a: Annihilape
|-supereffective|p2b: Dragonite
|-damage|p2a: Annihilape|92/100
|-damage|p2b: Dragonite|0 fnt
|faint|p2b: Dragonite
|
|-weather|none
|upkeep
|
|t:|1756578578
|switch|p2b: Gholdengo|Gholdengo, L50|100/100
|turn|6
|
|t:|1756578594
|switch|p1a: Sneasler|Sneasler, L50, M|100/100
|-terastallize|p2b: Gholdengo|Dragon
|move|p2a: Annihilape|Protect|p2a: Annihilape
|-singleturn|p2a: Annihilape|Protect
|move|p1b: Volcarona|Heat Wave|p2a: Annihilape|[spread] p2b
|-activate|p2a: Annihilape|move: Protect
|-resisted|p2b: Gholdengo
|-damage|p2b: Gholdengo|77/100
|move|p2b: Gholdengo|Nasty Plot|p2b: Gholdengo
|-boost|p2b: Gholdengo|spa|2
|
|upkeep
|turn|7
|inactive|arkjsmith has 30 seconds left.
|
|t:|1756578625
|switch|p1a: Sinistcha|Sinistcha-Masterpiece, L50, tera:Dark|24/100
|-heal|p1b: Volcarona|100/100|[from] ability: Hospitality|[of] p1a: Sinistcha
|move|p1b: Volcarona|Protect|p1b: Volcarona
|-singleturn|p1b: Volcarona|Protect
|move|p2a: Annihilape|Final Gambit|p1b: Volcarona
|-activate|p1b: Volcarona|move: Protect
|move|p2b: Gholdengo|Shadow Ball|p1a: Sinistcha
|-resisted|p1a: Sinistcha
|-damage|p1a: Sinistcha|0 fnt
|faint|p1a: Sinistcha
|
|-sideend|p2: arkjsmith|move: Tailwind
|upkeep
|
|t:|1756578630
|switch|p1a: Sneasler|Sneasler, L50, M|100/100
|turn|8
|
|t:|1756578649
|move|p2b: Gholdengo|Protect|p2b: Gholdengo
|-singleturn|p2b: Gholdengo|Protect
|move|p1a: Sneasler|Fake Out|p2b: Gholdengo
|-activate|p2b: Gholdengo|move: Protect
|move|p1b: Volcarona|Heat Wave|p2a: Annihilape|[spread] p2a
|-activate|p2b: Gholdengo|move: Protect
|-damage|p2a: Annihilape|48/100
|move|p2a: Annihilape|Rage Fist|p1b: Volcarona
|-damage|p1b: Volcarona|4/100
|-damage|p2a: Annihilape|39/100|[from] item: Life Orb
|
|-sideend|p2: arkjsmith|move: Aurora Veil
|upkeep
|turn|9
|
|t:|1756578665
|move|p2a: Annihilape|Protect|p2a: Annihilape
|-singleturn|p2a: Annihilape|Protect
|move|p1b: Volcarona|Heat Wave|p2b: Gholdengo|[spread] p2b
|-activate|p2a: Annihilape|move: Protect
|-resisted|p2b: Gholdengo
|-damage|p2b: Gholdengo|39/100
|move|p1a: Sneasler|Close Combat|p2b: Gholdengo
|-damage|p2b: Gholdengo|0 fnt
|-unboost|p1a: Sneasler|def|1
|-unboost|p1a: Sneasler|spd|1
|faint|p2b: Gholdengo
|
|upkeep
|turn|10
|-message|arkjsmith forfeited.
|
|win|ScaleMiss
||arkjsmith is ready for game 3.
||ScaleMiss is ready for game 3.
|uhtml|next|Next: Game 3 of 3
|l|☆ScaleMiss
|player|p1|
