|j|☆shudaonan
|j|☆cynthia's grippers
|html|shudaonancynthia's grippers    
|uhtml|bestof|Game 3 of a best-of-3
|t:|1756480884
|gametype|doubles
|player|p1|shudaonan|169|1260
|player|p2|cynthia's grippers|cynthia-gen4|1230
|gen|9
|tier|[Gen 9] VGC 2025 Reg H (Bo3)
|rated|
|rule|Species Clause: Limit one of each Pokémon
|rule|Item Clause: Limit 1 of each item
|clearpoke
|poke|p1|Whimsicott, L50, M|
|poke|p1|Gholdengo, L50|
|poke|p1|Dragonite, L50, M|
|poke|p1|Incineroar, L50, F|
|poke|p1|Hydreigon, L50, M|
|poke|p1|Annihilape, L50, F|
|poke|p2|Rillaboom, L50, M|
|poke|p2|Magmar, L50, M|
|poke|p2|Kingambit, L50, M|
|poke|p2|Ninetales-Alola, L50, M|
|poke|p2|Basculegion, L50, M|
|poke|p2|Sneasler, L50, F|
|teampreview|4
|showteam|p1|Whimsicott||CovertCloak|Prankster|Moonblast,BeatUp,Tailwind,Encore|||M|||50|,,,,,Water]Gholdengo||LifeOrb|GoodasGold|MakeItRain,ShadowBall,NastyPlot,Protect||||||50|,,,,,Water]Dragonite||LoadedDice|Multiscale|ScaleShot,LowKick,Haze,Protect|||M|||50|,,,,,Fairy]Incineroar||MirrorHerb|Intimidate|FlareBlitz,KnockOff,PartingShot,FakeOut|||F|||50|,,,,,Ghost]Hydreigon||ChoiceSpecs|Levitate|DarkPulse,DracoMeteor,EarthPower,Snarl|||M|||50|,,,,,Ghost]Annihilape||SafetyGoggles|Defiant|RageFist,CloseCombat,FinalGambit,Protect|||F|||50|,,,,,Steel
|showteam|p2|Rillaboom||AssaultVest|GrassySurge|DrumBeating,GrassyGlide,FakeOut,Uturn|||M|||50|,,,,,Ghost]Magmar||Eviolite|VitalSpirit|Overheat,FollowMe,Taunt,Protect|||M|||50|,,,,,Ghost]Kingambit||BlackGlasses|Defiant|KowtowCleave,SuckerPunch,SwordsDance,Protect|||M|||50|,,,,,Fire]Ninetales-Alola||LifeOrb|SnowWarning|Blizzard,FreezeDry,Encore,Protect|||M|||50|,,,,,Ghost]Basculegion||ChoiceScarf|Adaptability|WaveCrash,LastRespects,FlipTurn,TeraBlast|||M|||50|,,,,,Fighting]Sneasler||FocusSash|PoisonTouch|CloseCombat,DireClaw,FakeOut,Protect|||F|||50|,,,,,Ghost
|inactive|Battle timer is ON: inactive players will automatically lose when time's up. (requested by cynthia's grippers)
|inactive|shudaonan has 60 seconds left.
|
|t:|1756480967
|teamsize|p1|4
|teamsize|p2|4
|start
|switch|p1a: Whimsicott|Whimsicott, L50, M|100/100
|switch|p1b: Incineroar|Incineroar, L50, F|100/100
|switch|p2a: Basculegion|Basculegion, L50, M|100/100
|switch|p2b: Ninetales|Ninetales-Alola, L50, M|100/100
|-weather|Snowscape|[from] ability: Snow Warning|[of] p2b: Ninetales
|-ability|p1b: Incineroar|Intimidate|boost
|-unboost|p2a: Basculegion|atk|1
|-unboost|p2b: Ninetales|atk|1
|turn|1
|inactive|shudaonan has 30 seconds left.
|inactive|cynthia's grippers has 30 seconds left.
|
|t:|1756480995
|-terastallize|p2a: Basculegion|Fighting
|move|p1a: Whimsicott|Tailwind|p1a: Whimsicott
|-sidestart|p1: shudaonan|move: Tailwind
|move|p1b: Incineroar|Knock Off|p2a: Basculegion
|-resisted|p2a: Basculegion
|-damage|p2a: Basculegion|74/100
|-enditem|p2a: Basculegion|Choice Scarf|[from] move: Knock Off|[of] p1b: Incineroar
|move|p2b: Ninetales|Freeze-Dry|p1a: Whimsicott
|-supereffective|p1a: Whimsicott
|-damage|p1a: Whimsicott|20/100
|-damage|p2b: Ninetales|91/100|[from] item: Life Orb
|move|p2a: Basculegion|Flip Turn|p1b: Incineroar
|-supereffective|p1b: Incineroar
|-damage|p1b: Incineroar|64/100
|
|t:|1756481011
|switch|p2a: Sneasler|Sneasler, L50, F|100/100|[from] Flip Turn
|
|-weather|Snowscape|[upkeep]
|upkeep
|turn|2
|inactive|shudaonan has 30 seconds left.
|inactive|cynthia's grippers has 30 seconds left.
|inactive|shudaonan has 20 seconds left.
|
|t:|1756481046
|switch|p1b: Annihilape|Annihilape, L50, F|100/100
|move|p2b: Ninetales|Protect|p2b: Ninetales
|-singleturn|p2b: Ninetales|Protect
|move|p1a: Whimsicott|Beat Up|p1b: Annihilape
|-damage|p1b: Annihilape|99/100
|-damage|p1b: Annihilape|96/100
|-damage|p1b: Annihilape|93/100
|-damage|p1b: Annihilape|89/100
|-hitcount|p1b: Annihilape|4
|move|p2a: Sneasler|Dire Claw|p1b: Annihilape
|-resisted|p1b: Annihilape
|-damage|p1b: Annihilape|64/100
|
|-weather|Snowscape|[upkeep]
|upkeep
|turn|3
|
|t:|1756481067
|switch|p2b: Kingambit|Kingambit, L50, M|100/100
|move|p1a: Whimsicott|Moonblast|p2a: Sneasler
|-damage|p2a: Sneasler|62/100
|move|p1b: Annihilape|Rage Fist|p2b: Kingambit
|-resisted|p2b: Kingambit
|-damage|p2b: Kingambit|58/100
|move|p2a: Sneasler|Dire Claw|p1a: Whimsicott
|-supereffective|p1a: Whimsicott
|-damage|p1a: Whimsicott|0 fnt
|faint|p1a: Whimsicott
|
|-weather|Snowscape|[upkeep]
|upkeep
|
|t:|1756481087
|switch|p1a: Dragonite|Dragonite, L50, M|100/100
|turn|4
|
|t:|1756481097
|move|p2a: Sneasler|Protect|p2a: Sneasler
|-singleturn|p2a: Sneasler|Protect
|move|p2b: Kingambit|Protect|p2b: Kingambit
|-singleturn|p2b: Kingambit|Protect
|move|p1b: Annihilape|Rage Fist|p2a: Sneasler
|-activate|p2a: Sneasler|move: Protect
|move|p1a: Dragonite|Low Kick|p2b: Kingambit
|-activate|p2b: Kingambit|move: Protect
|
|-weather|Snowscape|[upkeep]
|-sideend|p1: shudaonan|move: Tailwind
|upkeep
|turn|5
|inactive|shudaonan has 30 seconds left.
|inactive|cynthia's grippers has 30 seconds left.
|inactive|shudaonan has 20 seconds left.
|inactive|shudaonan has 15 seconds left.
|
|t:|1756481140
|switch|p1b: Incineroar|Incineroar, L50, F|64/100
|-ability|p1b: Incineroar|Intimidate|boost
|-unboost|p2a: Sneasler|atk|1
|-unboost|p2b: Kingambit|atk|1
|-ability|p2b: Kingambit|Defiant|boost
|-boost|p2b: Kingambit|atk|2
|-enditem|p1b: Incineroar|Mirror Herb
|-boost|p1b: Incineroar|atk|2|[from] item: Mirror Herb
|move|p2b: Kingambit|Sucker Punch|p1a: Dragonite
|-damage|p1a: Dragonite|61/100
|move|p2a: Sneasler|Dire Claw|p1a: Dragonite
|-crit|p1a: Dragonite
|-damage|p1a: Dragonite|0 fnt
|faint|p1a: Dragonite
|
|-weather|none
|upkeep
|-message|shudaonan forfeited.
|
|win|cynthia's grippers
|raw|shudaonan's rating: 1260 → 1233(-27 for losing)
|raw|cynthia's grippers's rating: 1230 → 1257(+27 for winning)
|l|☆shudaonan
|player|p1|
