|j|☆mortajo
|j|☆MrPhoenixGC
|html|mortajoMrPhoenixGC    
|uhtml|bestof|Game 2 of a best-of-3
|t:|1783466974
|gametype|doubles
|player|p1|mortajo|benga|1128
|player|p2|MrPhoenixGC|steven|1131
|gen|9
|tier|[Gen 9 Champions] VGC 2026 Reg M-B (Bo3)
|rated|
|rule|Species Clause: Limit one of each Pokémon
|rule|Item Clause: Limit 1 of each item
|clearpoke
|poke|p1|Garchomp, L50, F, shiny|
|poke|p1|Whimsicott, L50, F, shiny|
|poke|p1|Empoleon, L50, F, shiny|
|poke|p1|Tyranitar, L50, F, shiny|
|poke|p1|Corviknight, L50, M, shiny|
|poke|p1|Sinistcha-Masterpiece, L50, shiny|
|poke|p2|Aerodactyl, L50, F|
|poke|p2|Garchomp, L50, M|
|poke|p2|Kingambit, L50, F|
|poke|p2|Charizard, L50, F|
|poke|p2|Sylveon, L50, M|
|poke|p2|Farigiraf, L50, M|
|teampreview|4
|showteam|p1|Garchomp||Garchompite|RoughSkin|Earthquake,Protect,RockSlide,IronHead|Adamant||F|||50|]Whimsicott||FocusSash|Prankster|Tailwind,Moonblast,Encore,CottonSpore|Bold||F|||50|]Empoleon||LifeOrb|Competitive|IcyWind,FlashCannon,Protect,WeatherBall|Modest||F|||50|]Tyranitar||SmoothRock|SandStream|KnockOff,Earthquake,Protect,IcyWind|Adamant||F|||50|]Corviknight||Leftovers|Pressure|Tailwind,BraveBird,IronDefense,BodyPress|Calm||M|||50|]Sinistcha-Masterpiece||SitrusBerry|Hospitality|Protect,MatchaGotcha,ShadowBall,RagePowder|Bold|||||50|
|showteam|p2|Aerodactyl||Aerodactylite|Unnerve|IceFang,RockSlide,Tailwind,DualWingbeat|Jolly||F|||50|]Garchomp||LifeOrb|RoughSkin|DragonClaw,StompingTantrum,Earthquake,Protect|Jolly||M|||50|]Kingambit||FocusSash|Defiant|SuckerPunch,KowtowCleave,IronHead,LowKick|Adamant||F|||50|]Charizard||CharizarditeY|SolarPower|Protect,WeatherBall,HeatWave,SolarBeam|Modest||F|||50|]Sylveon||FairyFeather|Pixilate|Protect,HyperVoice,HyperBeam,QuickAttack|Modest||M|||50|]Farigiraf||SitrusBerry|ArmorTail|TrickRoom,Thunderbolt,Roar,TwinBeam|Bold||M|||50|
|inactive|Battle timer is ON: inactive players will automatically lose when time's up. (requested by mortajo)
|
|t:|1783467005
|teamsize|p1|4
|teamsize|p2|4
|start
|switch|p1a: Corviknight|Corviknight, L50, M, shiny|100/100
|switch|p1b: Empoleon|Empoleon, L50, F, shiny|100/100
|switch|p2a: Farigiraf|Farigiraf, L50, M|100/100
|switch|p2b: Sylveon|Sylveon, L50, M|100/100
|-ability|p1a: Corviknight|Pressure
|turn|1
|inactive|MrPhoenixGC has 30 seconds left.
|
|t:|1783467038
|move|p2b: Sylveon|Protect|p2b: Sylveon
|-singleturn|p2b: Sylveon|Protect
|move|p1a: Corviknight|Iron Defense|p1a: Corviknight
|-boost|p1a: Corviknight|def|2
|move|p1b: Empoleon|Flash Cannon|p2b: Sylveon
|-activate|p2b: Sylveon|move: Protect
|move|p2a: Farigiraf|Trick Room|p2a: Farigiraf
|-fieldstart|move: Trick Room|[of] p2a: Farigiraf
|
|upkeep
|turn|2
|
|t:|1783467062
|move|p1b: Empoleon|Flash Cannon|p2b: Sylveon
|-supereffective|p2b: Sylveon|1
|-damage|p2b: Sylveon|16/100
|-damage|p1b: Empoleon|90/100|[from] item: Life Orb
|move|p1a: Corviknight|Iron Defense|p1a: Corviknight
|-boost|p1a: Corviknight|def|2
|move|p2b: Sylveon|Hyper Beam|p1b: Empoleon
|-resisted|p1b: Empoleon|1
|-damage|p1b: Empoleon|42/100
|-mustrecharge|p2b: Sylveon
|move|p2a: Farigiraf|Roar|p1a: Corviknight
|drag|p1a: Tyranitar|Tyranitar, L50, F, shiny|100/100
|-weather|Sandstorm|[from] ability: Sand Stream|[of] p1a: Tyranitar
|
|-weather|Sandstorm|[upkeep]
|-damage|p2a: Farigiraf|94/100|[from] Sandstorm
|-damage|p2b: Sylveon|10/100|[from] Sandstorm
|upkeep
|turn|3
|inactive|MrPhoenixGC has 30 seconds left.
|inactive|MrPhoenixGC has 20 seconds left.
|
|t:|1783467101
|move|p1b: Empoleon|Weather Ball|p2b: Sylveon
|-damage|p2b: Sylveon|0 fnt
|faint|p2b: Sylveon
|-damage|p1b: Empoleon|32/100|[from] item: Life Orb
|move|p2a: Farigiraf|Thunderbolt|p1b: Empoleon
|-supereffective|p1b: Empoleon|1
|-damage|p1b: Empoleon|0 fnt
|faint|p1b: Empoleon
|move|p1a: Tyranitar|Knock Off|p2a: Farigiraf
|-supereffective|p2a: Farigiraf|1
|-crit|p2a: Farigiraf
|-damage|p2a: Farigiraf|0 fnt
|-enditem|p2a: Farigiraf|Sitrus Berry|[from] move: Knock Off|[of] p1a: Tyranitar
|faint|p2a: Farigiraf
|
|-weather|Sandstorm|[upkeep]
|upkeep
|
|t:|1783467122
|switch|p1b: Corviknight|Corviknight, L50, M, shiny|100/100
|switch|p2a: Charizard|Charizard, L50, F|100/100
|switch|p2b: Garchomp|Garchomp, L50, M|100/100
|-ability|p1b: Corviknight|Pressure
|turn|4
|inactive|MrPhoenixGC has 30 seconds left.
|
|t:|1783467148
|move|p2a: Charizard|Protect|p2a: Charizard
|-singleturn|p2a: Charizard|Protect
|move|p2b: Garchomp|Protect|p2b: Garchomp
|-singleturn|p2b: Garchomp|Protect
|move|p1b: Corviknight|Brave Bird|p2a: Charizard
|-activate|p2a: Charizard|move: Protect
|move|p1a: Tyranitar|Knock Off|p2b: Garchomp
|-activate|p2b: Garchomp|move: Protect
|
|-weather|Sandstorm|[upkeep]
|-damage|p2a: Charizard|94/100|[from] Sandstorm
|upkeep
|turn|5
|inactive|mortajo has 30 seconds left.
|
|t:|1783467175
|detailschange|p2a: Charizard|Charizard-Mega-Y, L50, F
|-mega|p2a: Charizard|Charizard|Charizardite Y
|-weather|SunnyDay|[from] ability: Drought|[of] p2a: Charizard
|move|p1b: Corviknight|Brave Bird|p2a: Charizard
|-damage|p2a: Charizard|62/100
|-damage|p1b: Corviknight|91/100|[from] Recoil
|move|p1a: Tyranitar|Icy Wind|p2b: Garchomp|[spread] p2a,p2b
|-supereffective|p2b: Garchomp|2
|-damage|p2a: Charizard|54/100
|-damage|p2b: Garchomp|65/100
|-unboost|p2a: Charizard|spe|1
|-unboost|p2b: Garchomp|spe|1
|move|p2a: Charizard|Heat Wave|p1a: Tyranitar|[spread] p1a,p1b
|-resisted|p1a: Tyranitar|1
|-supereffective|p1b: Corviknight|1
|-damage|p1a: Tyranitar|72/100
|-damage|p1b: Corviknight|1/100
|move|p2b: Garchomp|Earthquake|p1b: Corviknight|[spread] p1a
|-immune|p2a: Charizard
|-immune|p1b: Corviknight
|-supereffective|p1a: Tyranitar|1
|-damage|p1a: Tyranitar|0 fnt
|faint|p1a: Tyranitar
|-damage|p2b: Garchomp|55/100|[from] item: Life Orb
|
|-weather|SunnyDay|[upkeep]
|-heal|p1b: Corviknight|6/100|[from] item: Leftovers
|-fieldend|move: Trick Room
|upkeep
|
|t:|1783467184
|switch|p1a: Garchomp|Garchomp, L50, F, shiny|100/100
|turn|6
|inactive|MrPhoenixGC has 30 seconds left.
|inactive|MrPhoenixGC has 20 seconds left.
|
|t:|1783467224
|detailschange|p1a: Garchomp|Garchomp-Mega, L50, F, shiny
|-mega|p1a: Garchomp|Garchomp|Garchompite
|move|p2a: Charizard|Protect|p2a: Charizard
|-singleturn|p2a: Charizard|Protect
|move|p1a: Garchomp|Rock Slide|p2a: Charizard|[spread] p2b
|-activate|p2a: Charizard|move: Protect
|-resisted|p2b: Garchomp|1
|-damage|p2b: Garchomp|42/100
|cant|p2b: Garchomp|flinch
|move|p1b: Corviknight|Tailwind|p1b: Corviknight
|-sidestart|p1: mortajo|move: Tailwind
|
|-weather|SunnyDay|[upkeep]
|-heal|p1b: Corviknight|12/100|[from] item: Leftovers
|upkeep
|turn|7
|inactive|MrPhoenixGC has 30 seconds left.
|
|t:|1783467251
|move|p2a: Charizard|Protect|p2a: Charizard
|-singleturn|p2a: Charizard|Protect
|move|p1a: Garchomp|Rock Slide|p2a: Charizard|[spread] p2b
|-activate|p2a: Charizard|move: Protect
|-resisted|p2b: Garchomp|1
|-damage|p2b: Garchomp|28/100
|move|p1b: Corviknight|Brave Bird|p2b: Garchomp
|-damage|p2b: Garchomp|0 fnt
|-damage|p1b: Corviknight|0 fnt|[from] ability: Rough Skin|[of] p2b: Garchomp
|faint|p2b: Garchomp
|faint|p1b: Corviknight
|
|-weather|SunnyDay|[upkeep]
|upkeep
|turn|8
|c|☆mortajo|cmon
|inactive|MrPhoenixGC has 30 seconds left.
|
|t:|1783467283
|move|p1a: Garchomp|Rock Slide|p2a: Charizard
|-supereffective|p2a: Charizard|2
|-damage|p2a: Charizard|0 fnt
|faint|p2a: Charizard
|
|win|mortajo
||mortajo is ready for game 3.
|inactive|MrPhoenixGC has 30 seconds to confirm battle start!
|inactive|MrPhoenixGC has 20 seconds to confirm battle start!
|inactive|MrPhoenixGC has 10 seconds to confirm battle start!
|uhtml|next|Next: Game 3 of 3
