|j|☆A Regu1ar Guy
|j|☆Giraffes in Gdansk
|html|A Regu1ar GuyGiraffes in Gdansk    
|uhtml|bestof|Game 2 of a best-of-3
|t:|1756379750
|gametype|doubles
|player|p1|A Regu1ar Guy|elesa|1321
|player|p2|Giraffes in Gdansk|acetrainer-gen4dp|1350
|gen|9
|tier|[Gen 9] VGC 2025 Reg H (Bo3)
|rated|
|rule|Species Clause: Limit one of each Pokémon
|rule|Item Clause: Limit 1 of each item
|clearpoke
|poke|p1|Volcarona, L50, F|
|poke|p1|Rillaboom, L50, M|
|poke|p1|Electabuzz, L50, F|
|poke|p1|Tauros-Paldea-Aqua, L50, M|
|poke|p1|Kingambit, L50, F|
|poke|p1|Dragonite, L50, M|
|poke|p2|Dragonite, L50, F|
|poke|p2|Amoonguss, L50, M|
|poke|p2|Incineroar, L50, M|
|poke|p2|Ursaluna, L50, M|
|poke|p2|Sneasler, L50, M|
|poke|p2|Farigiraf, L50, M|
|teampreview|4
|showteam|p1|Volcarona||GrassySeed|FlameBody|HeatWave,GigaDrain,QuiverDance,Protect|||F|||50|,,,,,Grass]Rillaboom||AssaultVest|GrassySurge|FakeOut,WoodHammer,GrassyGlide,HighHorsepower|||M|||50|,,,,,Fire]Electabuzz||Eviolite|VitalSpirit|Thunderbolt,FollowMe,Taunt,Protect|||F|||50|,,,,,Ghost]Tauros-Paldea-Aqua||MirrorHerb|Intimidate|WaveCrash,AquaJet,CloseCombat,Protect|||M|||50|,,,,,Water]Kingambit||BlackGlasses|Defiant|KowtowCleave,SuckerPunch,SwordsDance,Protect|||F|||50|,,,,,Dark]Dragonite||LoadedDice|Multiscale|ScaleShot,ExtremeSpeed,Haze,Protect|||M|||50|,,,,,Fairy
|showteam|p2|Dragonite||LoadedDice|Multiscale|ScaleShot,Tailwind,Haze,Protect|||F|||50|,,,,,Fairy]Amoonguss||SitrusBerry|Regenerator|Spore,RagePowder,PollenPuff,Protect|||M|||50|,,,,,Psychic]Incineroar||SafetyGoggles|Intimidate|FlareBlitz,KnockOff,FakeOut,PartingShot|||M|||50|,,,,,Ghost]Ursaluna||FlameOrb|Guts|Earthquake,HeadlongRush,Facade,Protect|||M|||50|,,,,,Normal]Sneasler||FocusSash|Unburden|CloseCombat,DireClaw,Coaching,Protect|||M|||50|,,,,,Stellar]Farigiraf||ThroatSpray|ArmorTail|HyperVoice,TwinBeam,TrickRoom,Protect|||M|||50|,,,,,Fire
|
|t:|1756379785
|teamsize|p1|4
|teamsize|p2|4
|start
|switch|p1a: Dragonite|Dragonite, L50, M|100/100
|switch|p1b: Electabuzz|Electabuzz, L50, F|100/100
|switch|p2a: Jbungo|Dragonite, L50, F, shiny|100/100
|switch|p2b: Shmungus|Amoonguss, L50, M, shiny|100/100
|turn|1
|
|t:|1756379803
|switch|p2b: The Incident|Incineroar, L50, M, shiny|100/100
|-ability|p2b: The Incident|Intimidate|boost
|-unboost|p1a: Dragonite|atk|1
|-unboost|p1b: Electabuzz|atk|1
|-terastallize|p2a: Jbungo|Fairy
|move|p1b: Electabuzz|Follow Me|p1b: Electabuzz
|-singleturn|p1b: Electabuzz|move: Follow Me
|move|p1a: Dragonite|Scale Shot|p2b: The Incident|[miss]
|-miss|p1a: Dragonite|p2b: The Incident
|move|p2a: Jbungo|Scale Shot|p1b: Electabuzz
|-damage|p1b: Electabuzz|89/100
|-damage|p1b: Electabuzz|78/100
|-damage|p1b: Electabuzz|68/100
|-damage|p1b: Electabuzz|56/100
|-hitcount|p1b: Electabuzz|4
|-unboost|p2a: Jbungo|def|1
|-boost|p2a: Jbungo|spe|1
|
|upkeep
|turn|2
|
|t:|1756379828
|switch|p1b: Tauros|Tauros-Paldea-Aqua, L50, M|100/100
|-ability|p1b: Tauros|Intimidate|boost
|-unboost|p2a: Jbungo|atk|1
|-unboost|p2b: The Incident|atk|1
|-terastallize|p1a: Dragonite|Fairy
|move|p2a: Jbungo|Tailwind|p2a: Jbungo
|-sidestart|p2: Giraffes in Gdansk|move: Tailwind
|move|p2b: The Incident|Knock Off|p1b: Tauros
|-resisted|p1b: Tauros
|-damage|p1b: Tauros|84/100
|-enditem|p1b: Tauros|Mirror Herb|[from] move: Knock Off|[of] p2b: The Incident
|move|p1a: Dragonite|Scale Shot|p2b: The Incident
|-damage|p2b: The Incident|90/100
|-damage|p2b: The Incident|79/100
|-damage|p2b: The Incident|70/100
|-damage|p2b: The Incident|60/100
|-hitcount|p2b: The Incident|4
|-unboost|p1a: Dragonite|def|1
|-boost|p1a: Dragonite|spe|1
|
|upkeep
|turn|3
|
|t:|1756379845
|move|p1a: Dragonite|Extreme Speed|p2a: Jbungo
|-damage|p2a: Jbungo|81/100
|move|p2a: Jbungo|Scale Shot|p1b: Tauros
|-damage|p1b: Tauros|73/100
|-damage|p1b: Tauros|63/100
|-damage|p1b: Tauros|51/100
|-damage|p1b: Tauros|41/100
|-hitcount|p1b: Tauros|4
|-unboost|p2a: Jbungo|def|1
|-boost|p2a: Jbungo|spe|1
|move|p1b: Tauros|Wave Crash|p2a: Jbungo
|-crit|p2a: Jbungo
|-damage|p2a: Jbungo|0 fnt
|faint|p2a: Jbungo
|-damage|p1b: Tauros|13/100|[from] Recoil
|move|p2b: The Incident|Parting Shot|p1a: Dragonite
|-unboost|p1a: Dragonite|atk|1
|-unboost|p1a: Dragonite|spa|1
|
|t:|1756379861
|switch|p2b: No Idea|Ursaluna, L50, M, shiny|100/100|[from] Parting Shot
|
|-status|p2b: No Idea|brn|[from] item: Flame Orb
|upkeep
|
|t:|1756379868
|switch|p2a: Shmungus|Amoonguss, L50, M, shiny|100/100
|turn|4
|
|t:|1756379881
|switch|p1b: Rillaboom|Rillaboom, L50, M|100/100
|-fieldstart|move: Grassy Terrain|[from] ability: Grassy Surge|[of] p1b: Rillaboom
|move|p1a: Dragonite|Haze|p1a: Dragonite
|-clearallboost
|move|p2b: No Idea|Facade|p1b: Rillaboom
|-damage|p1b: Rillaboom|0 fnt
|faint|p1b: Rillaboom
|move|p2a: Shmungus|Spore|p1a: Dragonite
|-status|p1a: Dragonite|slp|[from] move: Spore
|
|-damage|p2b: No Idea|95/100 brn|[from] brn
|upkeep
|
|t:|1756379893
|switch|p1b: Tauros|Tauros-Paldea-Aqua, L50, M|13/100
|-ability|p1b: Tauros|Intimidate|boost
|-unboost|p2a: Shmungus|atk|1
|-unboost|p2b: No Idea|atk|1
|turn|5
|
|t:|1756379906
|move|p1b: Tauros|Protect|p1b: Tauros
|-singleturn|p1b: Tauros|Protect
|move|p2a: Shmungus|Rage Powder|p2a: Shmungus
|-singleturn|p2a: Shmungus|move: Rage Powder
|move|p2b: No Idea|Facade|p1a: Dragonite
|-damage|p1a: Dragonite|54/100 slp
|cant|p1a: Dragonite|slp
|
|-heal|p2b: No Idea|100/100 brn|[from] Grassy Terrain
|-heal|p1b: Tauros|19/100|[from] Grassy Terrain
|-heal|p1a: Dragonite|60/100 slp|[from] Grassy Terrain
|-damage|p2b: No Idea|95/100 brn|[from] brn
|-sideend|p2: Giraffes in Gdansk|move: Tailwind
|upkeep
|turn|6
|
|t:|1756379911
|switch|p2b: The Incident|Incineroar, L50, M, shiny|60/100
|-ability|p2b: The Incident|Intimidate|boost
|-unboost|p1a: Dragonite|atk|1
|-unboost|p1b: Tauros|atk|1
|move|p1b: Tauros|Close Combat|p2b: The Incident
|-supereffective|p2b: The Incident
|-damage|p2b: The Incident|0 fnt
|-unboost|p1b: Tauros|def|1
|-unboost|p1b: Tauros|spd|1
|faint|p2b: The Incident
|cant|p1a: Dragonite|slp
|move|p2a: Shmungus|Spore|p1b: Tauros
|-status|p1b: Tauros|slp|[from] move: Spore
|
|-heal|p1b: Tauros|24/100 slp|[from] Grassy Terrain
|-heal|p1a: Dragonite|66/100 slp|[from] Grassy Terrain
|upkeep
|
|t:|1756379918
|switch|p2b: No Idea|Ursaluna, L50, M, shiny|95/100 brn
|turn|7
|
|t:|1756379933
|cant|p1b: Tauros|slp
|-curestatus|p1a: Dragonite|slp|[msg]
|move|p1a: Dragonite|Scale Shot|p2b: No Idea
|-damage|p2b: No Idea|86/100 brn
|-damage|p2b: No Idea|79/100 brn
|-crit|p2b: No Idea
|-damage|p2b: No Idea|62/100 brn
|-damage|p2b: No Idea|54/100 brn
|-damage|p2b: No Idea|46/100 brn
|-hitcount|p2b: No Idea|5
|-unboost|p1a: Dragonite|def|1
|-boost|p1a: Dragonite|spe|1
|move|p2b: No Idea|Facade|p1a: Dragonite
|-damage|p1a: Dragonite|0 fnt
|faint|p1a: Dragonite
|move|p2a: Shmungus|Pollen Puff|p2b: No Idea
|-heal|p2b: No Idea|96/100 brn
|
|-heal|p1b: Tauros|30/100 slp|[from] Grassy Terrain
|-heal|p2b: No Idea|100/100 brn|[from] Grassy Terrain
|-damage|p2b: No Idea|95/100 brn|[from] brn
|upkeep
|
|t:|1756379938
|switch|p1a: Electabuzz|Electabuzz, L50, F|56/100
|turn|8
|-message|A Regu1ar Guy forfeited.
|
|win|Giraffes in Gdansk
|raw|A Regu1ar Guy's rating: 1321 → 1303(-18 for losing)
|raw|Giraffes in Gdansk's rating: 1350 → 1368(+18 for winning)
|l|☆A Regu1ar Guy
|player|p1|
