|j|☆aygguan
|j|☆Iceman5687
|html|aygguanIceman5687    
|uhtml|bestof|Game 2 of a best-of-3
|t:|1782464527
|gametype|doubles
|player|p1|aygguan|1|1120
|player|p2|Iceman5687|101|1197
|gen|9
|tier|[Gen 9 Champions] VGC 2026 Reg M-B (Bo3)
|rated|
|rule|Species Clause: Limit one of each Pokémon
|rule|Item Clause: Limit 1 of each item
|clearpoke
|poke|p1|Incineroar, L50, F|
|poke|p1|Farigiraf, L50, M|
|poke|p1|Torkoal, L50, M|
|poke|p1|Maushold, L50|
|poke|p1|Mawile, L50, M|
|poke|p1|Pyroar, L50, F|
|poke|p2|Floette-Eternal, L50, F|
|poke|p2|Charizard, L50, F|
|poke|p2|Kingambit, L50, F|
|poke|p2|Whimsicott, L50, F|
|poke|p2|Basculegion, L50, M|
|poke|p2|Garchomp, L50, F|
|teampreview|4
|showteam|p1|Incineroar||WhiteHerb|Intimidate|FakeOut,FlareBlitz,DarkestLariat,CloseCombat|Brave||F|||50|]Farigiraf||SitrusBerry|ArmorTail|TwinBeam,HelpingHand,TrickRoom,Protect|Bold||M|||50|]Torkoal||Charcoal|Drought|Eruption,WeatherBall,HelpingHand,Protect|Modest||M|||50|]Maushold||WideLens|Technician|PopulationBomb,Charm,FollowMe,Protect|Jolly|||||50|]Mawile||Mawilite|Intimidate|PlayRough,SuckerPunch,SwordsDance,Protect|Adamant||M|||50|]Pyroar||Pyroarite|Unnerve|Overheat,HeatWave,SolarBeam,Protect|Timid||F|||50|
|showteam|p2|Floette-Eternal||Floettite|FlowerVeil|LightofRuin,Moonblast,DazzlingGleam,Protect|Modest||F|||50|]Charizard||CharizarditeY|Blaze|SolarBeam,HeatWave,WeatherBall,Protect|Modest||F|||50|]Kingambit||ChopleBerry|Defiant|IronHead,LowKick,KowtowCleave,SuckerPunch|Adamant||F|||50|]Whimsicott||FocusSash|Prankster|Moonblast,Tailwind,Encore,Protect|Timid||F|||50|]Basculegion||LifeOrb|Adaptability|WaveCrash,Protect,LastRespects,AquaJet|Adamant||M|||50|]Garchomp||RoseliBerry|RoughSkin|Earthquake,RockSlide,PoisonJab,DragonClaw|Adamant||F|||50|
|
|t:|1782464551
|teamsize|p1|4
|teamsize|p2|4
|start
|switch|p1a: Maushold|Maushold, L50|100/100
|switch|p1b: Pyroar|Pyroar, L50, F|100/100
|switch|p2a: Charizard|Charizard, L50, F|100/100
|switch|p2b: Garchomp|Garchomp, L50, F|100/100
|-ability|p1b: Pyroar|Unnerve
|turn|1
|
|t:|1782464565
|move|p1b: Pyroar|Protect|p1b: Pyroar
|-singleturn|p1b: Pyroar|Protect
|move|p2a: Charizard|Protect|p2a: Charizard
|-singleturn|p2a: Charizard|Protect
|move|p1a: Maushold|Charm|p2b: Garchomp
|-unboost|p2b: Garchomp|atk|2
|move|p2b: Garchomp|Earthquake|p1b: Pyroar|[spread] p1a
|-activate|p2a: Charizard|move: Protect
|-activate|p1b: Pyroar|move: Protect
|-crit|p1a: Maushold
|-damage|p1a: Maushold|11/100
|
|upkeep
|turn|2
|
|t:|1782464585
|switch|p2a: Basculegion|Basculegion, L50, M|100/100
|detailschange|p1b: Pyroar|Pyroar-Mega, L50, F
|-mega|p1b: Pyroar|Pyroar|Pyroarite
|move|p1b: Pyroar|Overheat|p2b: Garchomp
|-resisted|p2b: Garchomp|1
|-damage|p2b: Garchomp|50/100y
|-unboost|p1b: Pyroar|spa|2
|move|p1a: Maushold|Population Bomb|p2a: Basculegion
|-immune|p2a: Basculegion
|move|p2b: Garchomp|Rock Slide|p1a: Maushold|[spread] p1a
|-miss|p2b: Garchomp|p1b: Pyroar
|-damage|p1a: Maushold|0 fnt
|faint|p1a: Maushold
|
|upkeep
|
|t:|1782464594
|switch|p1a: Farigiraf|Farigiraf, L50, M|100/100
|turn|3
|inactive|Battle timer is ON: inactive players will automatically lose when time's up. (requested by aygguan)
|
|t:|1782464611
|switch|p1b: Torkoal|Torkoal, L50, M|100/100
|-weather|SunnyDay|[from] ability: Drought|[of] p1b: Torkoal
|move|p2b: Garchomp|Rock Slide|p1b: Torkoal|[spread] p1a
|-miss|p2b: Garchomp|p1b: Torkoal
|-damage|p1a: Farigiraf|92/100
|move|p2a: Basculegion|Wave Crash|p1a: Farigiraf
|-damage|p1a: Farigiraf|53/100
|-damage|p2a: Basculegion|85/100|[from] Recoil
|-damage|p2a: Basculegion|75/100|[from] item: Life Orb
|cant|p1a: Farigiraf|flinch
|
|-weather|SunnyDay|[upkeep]
|upkeep
|turn|4
|
|t:|1782464635
|move|p1b: Torkoal|Protect|p1b: Torkoal
|-singleturn|p1b: Torkoal|Protect
|move|p2b: Garchomp|Rock Slide|p1b: Torkoal|[spread] p1a
|-activate|p1b: Torkoal|move: Protect
|-damage|p1a: Farigiraf|45/100
|-enditem|p1a: Farigiraf|Sitrus Berry|[eat]
|-heal|p1a: Farigiraf|70/100|[from] item: Sitrus Berry
|move|p2a: Basculegion|Wave Crash|p1a: Farigiraf
|-damage|p1a: Farigiraf|31/100
|-damage|p2a: Basculegion|60/100|[from] Recoil
|-damage|p2a: Basculegion|50/100g|[from] item: Life Orb
|cant|p1a: Farigiraf|flinch
|
|-weather|SunnyDay|[upkeep]
|upkeep
|turn|5
|
|t:|1782464659
|move|p2b: Garchomp|Rock Slide|p1b: Torkoal|[spread] p1a,p1b
|-supereffective|p1b: Torkoal|1
|-crit|p1b: Torkoal
|-damage|p1a: Farigiraf|24/100
|-damage|p1b: Torkoal|59/100
|move|p2a: Basculegion|Wave Crash|p1a: Farigiraf
|-damage|p1a: Farigiraf|0 fnt
|faint|p1a: Farigiraf
|-damage|p2a: Basculegion|41/100|[from] Recoil
|-damage|p2a: Basculegion|31/100|[from] item: Life Orb
|move|p1b: Torkoal|Weather Ball|p2a: Basculegion
|-resisted|p2a: Basculegion|1
|-damage|p2a: Basculegion|0 fnt
|faint|p2a: Basculegion
|
|-weather|SunnyDay|[upkeep]
|upkeep
|
|t:|1782464670
|switch|p2a: Kingambit|Kingambit, L50, F|100/100
|switch|p1a: Pyroar|Pyroar-Mega, L50, F|100/100
|turn|6
|
|t:|1782464687
|switch|p2b: Charizard|Charizard, L50, F|100/100
|move|p1b: Torkoal|Helping Hand|p1a: Pyroar
|-singleturn|p1a: Pyroar|Helping Hand|[of] p1b: Torkoal
|move|p2a: Kingambit|Sucker Punch|p1a: Pyroar
|-damage|p1a: Pyroar|58/100
|move|p1a: Pyroar|Heat Wave|p2a: Kingambit|[spread] p2a,p2b
|-supereffective|p2a: Kingambit|1
|-resisted|p2b: Charizard|1
|-damage|p2a: Kingambit|0 fnt
|-damage|p2b: Charizard|34/100
|faint|p2a: Kingambit
|
|-weather|SunnyDay|[upkeep]
|upkeep
|
|t:|1782464695
|switch|p2a: Garchomp|Garchomp, L50, F|50/100y
|turn|7
|
|t:|1782464717
|detailschange|p2b: Charizard|Charizard-Mega-Y, L50, F
|-mega|p2b: Charizard|Charizard|Charizardite Y
|move|p1a: Pyroar|Solar Beam||[still]
|-prepare|p1a: Pyroar|Solar Beam
|-anim|p1a: Pyroar|Solar Beam|p2a: Garchomp
|-damage|p2a: Garchomp|11/100
|move|p2a: Garchomp|Earthquake|p1b: Torkoal|[spread] p1a,p1b
|-immune|p2b: Charizard
|-supereffective|p1a: Pyroar|1
|-supereffective|p1b: Torkoal|1
|-damage|p1a: Pyroar|0 fnt
|-damage|p1b: Torkoal|3/100
|faint|p1a: Pyroar
|move|p2b: Charizard|Heat Wave|p1b: Torkoal
|-resisted|p1b: Torkoal|1
|-damage|p1b: Torkoal|0 fnt
|faint|p1b: Torkoal
|
|win|Iceman5687
