|j|☆Mega Chime Time
|j|☆mikewww
|html|Mega Chime Timemikewww    
|uhtml|bestof|Game 1 of a best-of-3
|t:|1783208041
|gametype|doubles
|player|p1|Mega Chime Time|miku-flying|
|player|p2|mikewww|swimmer-gen4dp|
|gen|9
|tier|[Gen 9 Champions] VGC 2026 Reg M-B (Bo3)
|rule|Species Clause: Limit one of each Pokémon
|rule|Item Clause: Limit 1 of each item
|clearpoke
|poke|p1|Chimecho, L50, M|
|poke|p1|Dragalge, L50, F|
|poke|p1|Floette-Eternal, L50, F|
|poke|p1|Chandelure, L50, M|
|poke|p1|Conkeldurr, L50, M|
|poke|p1|Blastoise, L50, M|
|poke|p2|Pidgeot, L50, F|
|poke|p2|Krookodile, L50, F|
|poke|p2|Floette-Eternal, L50, F|
|poke|p2|Feraligatr, L50, F|
|poke|p2|Scovillain, L50, F|
|poke|p2|Orthworm, L50, F|
|teampreview|4
|showteam|p1|Chimecho||Chimechite|Levitate|Psychic,FlashCannon,Protect,TrickRoom|Modest||M|||50|]Dragalge||PoisonBarb|Adaptability|SludgeBomb,SludgeWave,DragonPulse,Protect|Modest||F|||50|]Floette-Eternal||FairyFeather|FlowerVeil|Moonblast,DazzlingGleam,PollenPuff,Protect|Modest||F|||50|]Chandelure||SitrusBerry|FlashFire|HeatWave,ShadowBall,TrickRoom,Protect|Modest||M|||50|]Conkeldurr||BlackBelt|IronFist|Detect,DrainPunch,MachPunch,WideGuard|Brave||M|||50|]Blastoise||Leftovers|RainDish|FakeOut,WaveCrash,Yawn,Protect|Adamant||M|||50|
|showteam|p2|Pidgeot||Pidgeotite|BigPecks|Protect,HeatWave,Hurricane,Tailwind|Timid||F|||50|]Krookodile||LifeOrb|Intimidate|Protect,Earthquake,KnockOff,RockSlide|Jolly||F|||50|]Floette-Eternal||FairyFeather|FlowerVeil|Protect,Moonblast,DrainingKiss,CalmMind|Modest||F|||50|]Feraligatr||Feraligite|Torrent|Protect,DoubleEdge,Waterfall,AquaJet|Adamant||F|||50|]Scovillain||FocusSash|Chlorophyll|Protect,Overheat,LeafStorm,RagePowder|Modest||F|||50|]Orthworm||SitrusBerry|EarthEater|Protect,HeavySlam,BodyPress,ShedTail|Impish||F|||50|
|inactive|Battle timer is ON: inactive players will automatically lose when time's up. (requested by Mega Chime Time)
|inactive|mikewww also wants the timer to be on.
|inactive|Mega Chime Time has 60 seconds left.
|inactive|mikewww has 60 seconds left.
|
|t:|1783208100
|teamsize|p1|4
|teamsize|p2|4
|start
|switch|p1a: Chimecho|Chimecho, L50, M|100/100
|switch|p1b: Blastoise|Blastoise, L50, M|100/100
|switch|p2a: Pidgeot|Pidgeot, L50, F|100/100
|switch|p2b: Krookodile|Krookodile, L50, F|100/100
|-ability|p2b: Krookodile|Intimidate|boost
|-unboost|p1a: Chimecho|atk|1
|-unboost|p1b: Blastoise|atk|1
|turn|1
|
|t:|1783208115
|detailschange|p2a: Pidgeot|Pidgeot-Mega, L50, F
|-mega|p2a: Pidgeot|Pidgeot|Pidgeotite
|move|p1b: Blastoise|Fake Out|p2b: Krookodile
|-damage|p2b: Krookodile|90/100
|move|p2a: Pidgeot|Heat Wave|p1a: Chimecho|[spread] p1a,p1b
|-resisted|p1b: Blastoise|1
|-damage|p1a: Chimecho|71/100
|-damage|p1b: Blastoise|89/100
|cant|p2b: Krookodile|flinch
|move|p1a: Chimecho|Trick Room|p1a: Chimecho
|-fieldstart|move: Trick Room|[of] p1a: Chimecho
|
|-heal|p1b: Blastoise|95/100|[from] item: Leftovers
|upkeep
|turn|2
|inactive|Mega Chime Time has 30 seconds left.
|
|t:|1783208142
|switch|p2b: Feraligatr|Feraligatr, L50, F|100/100
|detailschange|p1a: Chimecho|Chimecho-Mega, L50, M
|-mega|p1a: Chimecho|Chimecho|Chimechite
|move|p1a: Chimecho|Psychic|p2a: Pidgeot
|-damage|p2a: Pidgeot|31/100
|move|p1b: Blastoise|Wave Crash|p2b: Feraligatr
|-resisted|p2b: Feraligatr|1
|-damage|p2b: Feraligatr|83/100
|-damage|p1b: Blastoise|90/100|[from] Recoil
|move|p2a: Pidgeot|Heat Wave|p1b: Blastoise|[spread] p1a,p1b
|-supereffective|p1a: Chimecho|1
|-resisted|p1b: Blastoise|1
|-damage|p1a: Chimecho|32/100
|-damage|p1b: Blastoise|77/100
|
|-heal|p1b: Blastoise|83/100|[from] item: Leftovers
|upkeep
|turn|3
|inactive|mikewww has 30 seconds left.
|
|t:|1783208167
|switch|p1a: Dragalge|Dragalge, L50, F|100/100
|move|p2b: Feraligatr|Protect|p2b: Feraligatr
|-singleturn|p2b: Feraligatr|Protect
|move|p2a: Pidgeot|Protect|p2a: Pidgeot
|-singleturn|p2a: Pidgeot|Protect
|move|p1b: Blastoise|Yawn|p2b: Feraligatr
|-activate|p2b: Feraligatr|move: Protect
|
|-heal|p1b: Blastoise|89/100|[from] item: Leftovers
|upkeep
|turn|4
|inactive|Mega Chime Time has 30 seconds left.
|
|t:|1783208197
|switch|p1b: Chimecho|Chimecho-Mega, L50, M|32/100
|switch|p2a: Krookodile|Krookodile, L50, F|90/100
|-ability|p2a: Krookodile|Intimidate|boost
|-unboost|p1a: Dragalge|atk|1
|-unboost|p1b: Chimecho|atk|1
|move|p1a: Dragalge|Sludge Wave|p2b: Feraligatr|[spread] p2a,p2b
|-immune|p1b: Chimecho
|-resisted|p2a: Krookodile|1
|-damage|p2a: Krookodile|55/100
|-damage|p2b: Feraligatr|18/100
|move|p2b: Feraligatr|Double-Edge|p1a: Dragalge
|-damage|p1a: Dragalge|54/100
|-damage|p2b: Feraligatr|2/100|[from] Recoil
|
|upkeep
|turn|5
|
|t:|1783208220
|move|p2a: Krookodile|Protect|p2a: Krookodile
|-singleturn|p2a: Krookodile|Protect
|move|p2b: Feraligatr|Aqua Jet|p1b: Chimecho
|-damage|p1b: Chimecho|6/100
|move|p1a: Dragalge|Sludge Wave|p2a: Krookodile|[spread] p2b
|-activate|p2a: Krookodile|move: Protect
|-immune|p1b: Chimecho
|-damage|p2b: Feraligatr|0 fnt
|faint|p2b: Feraligatr
|move|p1b: Chimecho|Flash Cannon|p2a: Krookodile
|-activate|p2a: Krookodile|move: Protect
|
|-fieldend|move: Trick Room
|upkeep
|
|t:|1783208234
|switch|p2b: Pidgeot|Pidgeot-Mega, L50, F|31/100
|turn|6
|
|t:|1783208251
|switch|p1a: Blastoise|Blastoise, L50, M|89/100
|move|p2b: Pidgeot|Hurricane|p1a: Blastoise
|-damage|p1a: Blastoise|34/100
|-start|p1a: Blastoise|confusion
|move|p2a: Krookodile|Knock Off|p1b: Chimecho
|-supereffective|p1b: Chimecho|1
|-damage|p1b: Chimecho|0 fnt
|faint|p1b: Chimecho
|-damage|p2a: Krookodile|45/100|[from] item: Life Orb
|
|-heal|p1a: Blastoise|40/100|[from] item: Leftovers
|upkeep
|
|t:|1783208259
|switch|p1b: Chandelure|Chandelure, L50, M|100/100
|turn|7
|
|t:|1783208279
|-activate|p1a: Blastoise|confusion
|-damage|p1a: Blastoise|30/100|[from] confusion
|move|p2b: Pidgeot|Hurricane|p1b: Chandelure
|-damage|p1b: Chandelure|28/100
|-enditem|p1b: Chandelure|Sitrus Berry|[eat]
|-heal|p1b: Chandelure|52/100|[from] item: Sitrus Berry
|move|p2a: Krookodile|Knock Off|p1b: Chandelure
|-supereffective|p1b: Chandelure|1
|-damage|p1b: Chandelure|0 fnt
|faint|p1b: Chandelure
|-damage|p2a: Krookodile|35/100|[from] item: Life Orb
|
|-heal|p1a: Blastoise|36/100|[from] item: Leftovers
|upkeep
|
|t:|1783208287
|switch|p1b: Dragalge|Dragalge, L50, F|54/100
|turn|8
|
|t:|1783208296
|move|p2b: Pidgeot|Hurricane|p1a: Blastoise
|-damage|p1a: Blastoise|0 fnt
|faint|p1a: Blastoise
|move|p2a: Krookodile|Earthquake|p1b: Dragalge|[spread] p1b
|-immune|p2b: Pidgeot
|-supereffective|p1b: Dragalge|1
|-damage|p1b: Dragalge|0 fnt
|faint|p1b: Dragalge
|-damage|p2a: Krookodile|25/100|[from] item: Life Orb
|
|win|mikewww
||Mega Chime Time is ready for game 2.
||mikewww is ready for game 2.
|uhtml|next|Next: Game 2 of 3
