|j|☆SheIcyMyWind
|j|☆SongokuVG Fr
|html|SheIcyMyWindSongokuVG Fr    
|uhtml|bestof|Game 2 of a best-of-3
|t:|1756230797
|gametype|doubles
|player|p1|SheIcyMyWind|n|1122
|player|p2|SongokuVG Fr|lucian|1207
|gen|9
|tier|[Gen 9] VGC 2025 Reg H (Bo3)
|rated|
|rule|Species Clause: Limit one of each Pokémon
|rule|Item Clause: Limit 1 of each item
|clearpoke
|poke|p1|Annihilape, L50, M|
|poke|p1|Ninetales-Alola, L50, M|
|poke|p1|Garchomp, L50, F|
|poke|p1|Dragonite, L50, M|
|poke|p1|Sneasler, L50, M|
|poke|p1|Incineroar, L50, F|
|poke|p2|Indeedee-F, L50, F|
|poke|p2|Gallade, L50, M|
|poke|p2|Armarouge, L50, M|
|poke|p2|Torkoal, L50, F|
|poke|p2|Ursaluna, L50, M|
|poke|p2|Lilligant-Hisui, L50, F|
|teampreview|4
|showteam|p1|Annihilape||AssaultVest|Defiant|RageFist,DrainPunch,RockTomb,FinalGambit|||M|||50|,,,,,Fire]Ninetales-Alola||ChoiceSpecs|SnowWarning|Blizzard,Moonblast,FreezeDry,IcyWind|||M|||50|,,,,,Ghost]Garchomp||LifeOrb|RoughSkin|Earthquake,StompingTantrum,DragonClaw,Protect|||F|||50|,,,,,Steel]Dragonite||LoadedDice|Multiscale|ScaleShot,Tailwind,Protect,Haze|||M|||50|,,,,,Fairy]Sneasler||FocusSash|Unburden|CloseCombat,DireClaw,FakeOut,Coaching|||M|||50|,,,,,Ghost]Incineroar||SafetyGoggles|Intimidate|KnockOff,Taunt,FakeOut,PartingShot|||F|||50|,,,,,Fairy
|showteam|p2|Indeedee-F||SafetyGoggles|PsychicSurge|FollowMe,TrickRoom,Psychic,HelpingHand|||F|||50|,,,,,Water]Gallade||ClearAmulet|Sharpness|SacredSword,TrickRoom,WideGuard,PsychoCut|||M|||50|,,,,,Grass]Armarouge||LifeOrb|FlashFire|ExpandingForce,ArmorCannon,TrickRoom,Protect|||M|||50|,,,,,Grass]Torkoal||ChoiceSpecs|Drought|Eruption,WeatherBall,EarthPower,SolarBeam|||F|||50|,,,,,Fire]Ursaluna||FlameOrb|Guts|Facade,Protect,HeadlongRush,Earthquake|||M|||50|,,,,,Ghost]Lilligant-Hisui||FocusSash|Chlorophyll|AfterYou,CloseCombat,SleepPowder,SolarBlade|||F|||50|,,,,,Ghost
|inactive|Battle timer is ON: inactive players will automatically lose when time's up. (requested by SongokuVG Fr)
|
|t:|1756230808
|teamsize|p1|4
|teamsize|p2|4
|start
|switch|p1a: Incineroar|Incineroar, L50, F, shiny|100/100
|switch|p1b: Annihilape|Annihilape, L50, M, shiny|100/100
|switch|p2a: Lilligant|Lilligant-Hisui, L50, F|100/100
|switch|p2b: Torkoal|Torkoal, L50, F|100/100
|-ability|p1a: Incineroar|Intimidate|boost
|-unboost|p2a: Lilligant|atk|1
|-unboost|p2b: Torkoal|atk|1
|-weather|SunnyDay|[from] ability: Drought|[of] p2b: Torkoal
|turn|1
|
|t:|1756230830
|switch|p2b: Indeedee|Indeedee-F, L50, F|100/100
|-fieldstart|move: Psychic Terrain|[from] ability: Psychic Surge|[of] p2b: Indeedee
|-terastallize|p1b: Annihilape|Fire
|move|p1a: Incineroar|Fake Out|p2b: Indeedee
|-activate|p2b: Indeedee|move: Psychic Terrain
|move|p2a: Lilligant|Sleep Powder|p1b: Annihilape
|-status|p1b: Annihilape|slp|[from] move: Sleep Powder
|cant|p1b: Annihilape|slp
|
|-weather|SunnyDay|[upkeep]
|upkeep
|turn|2
|
|t:|1756230843
|move|p2a: Lilligant|Close Combat|p1a: Incineroar
|-supereffective|p1a: Incineroar
|-damage|p1a: Incineroar|31/100
|-unboost|p2a: Lilligant|def|1
|-unboost|p2a: Lilligant|spd|1
|cant|p1b: Annihilape|slp
|move|p1a: Incineroar|Taunt|p2b: Indeedee
|-start|p2b: Indeedee|move: Taunt
|cant|p2b: Indeedee|move: Taunt|Trick Room
|
|-weather|SunnyDay|[upkeep]
|upkeep
|turn|3
|
|t:|1756230860
|switch|p2b: Torkoal|Torkoal, L50, F|100/100
|move|p2a: Lilligant|Close Combat|p1a: Incineroar
|-supereffective|p1a: Incineroar
|-damage|p1a: Incineroar|0 fnt
|-unboost|p2a: Lilligant|def|1
|-unboost|p2a: Lilligant|spd|1
|faint|p1a: Incineroar
|-curestatus|p1b: Annihilape|slp|[msg]
|move|p1b: Annihilape|Drain Punch|p2b: Torkoal
|-damage|p2b: Torkoal|78/100
|
|-weather|SunnyDay|[upkeep]
|upkeep
|
|t:|1756230877
|switch|p1a: Dragonite|Dragonite, L50, M, shiny|100/100
|turn|4
|
|t:|1756230885
|-terastallize|p2b: Torkoal|Fire
|move|p2a: Lilligant|After You|p2b: Torkoal
|-activate|p2b: Torkoal|move: After You
|move|p2b: Torkoal|Eruption|p1b: Annihilape|[spread] p1a,p1b
|-resisted|p1a: Dragonite
|-resisted|p1b: Annihilape
|-crit|p1b: Annihilape
|-damage|p1a: Dragonite|73/100
|-damage|p1b: Annihilape|48/100
|move|p1b: Annihilape|Rock Tomb|p2b: Torkoal
|-supereffective|p2b: Torkoal
|-damage|p2b: Torkoal|50/100
|-unboost|p2b: Torkoal|spe|1
|move|p1a: Dragonite|Scale Shot|p2a: Lilligant
|-damage|p2a: Lilligant|51/100
|-damage|p2a: Lilligant|6/100
|-damage|p2a: Lilligant|0 fnt
|faint|p2a: Lilligant
|-hitcount|p2: Lilligant|3
|-unboost|p1a: Dragonite|def|1
|-boost|p1a: Dragonite|spe|1
|
|-weather|SunnyDay|[upkeep]
|upkeep
|
|t:|1756230899
|switch|p2a: Gallade|Gallade, L50, M|100/100
|turn|5
|
|t:|1756230908
|move|p1a: Dragonite|Scale Shot|p2a: Gallade
|-damage|p2a: Gallade|78/100
|-damage|p2a: Gallade|54/100
|-damage|p2a: Gallade|33/100
|-crit|p2a: Gallade
|-damage|p2a: Gallade|2/100
|-damage|p2a: Gallade|0 fnt
|faint|p2a: Gallade
|-hitcount|p2: Gallade|5
|-unboost|p1a: Dragonite|def|1
|-boost|p1a: Dragonite|spe|1
|move|p1b: Annihilape|Rage Fist|p2b: Torkoal
|-damage|p2b: Torkoal|19/100
|move|p2b: Torkoal|Eruption|p1b: Annihilape|[spread] p1a,p1b
|-resisted|p1a: Dragonite
|-resisted|p1b: Annihilape
|-damage|p1a: Dragonite|58/100
|-damage|p1b: Annihilape|40/100
|
|-weather|none
|-fieldend|move: Psychic Terrain
|upkeep
|-message|SongokuVG Fr forfeited.
|
|win|SheIcyMyWind
|raw|SheIcyMyWind's rating: 1122 → 1153(+31 for winning)
|raw|SongokuVG Fr's rating: 1207 → 1176(-31 for losing)
|l|☆SongokuVG Fr
|player|p2|
|c|☆SheIcyMyWind|gg
