|j|☆caterleigh
|j|☆sig.kire
|html|caterleighsig.kire    
|uhtml|bestof|Game 2 of a best-of-3
|t:|1782383712
|gametype|doubles
|player|p1|caterleigh|waiter-gen4|1107
|player|p2|sig.kire|ghetsis-gen5bw|1139
|gen|9
|tier|[Gen 9 Champions] VGC 2026 Reg M-B (Bo3)
|rated|
|rule|Species Clause: Limit one of each Pokémon
|rule|Item Clause: Limit 1 of each item
|clearpoke
|poke|p1|Torkoal, L50, F|
|poke|p1|Staraptor, L50, M|
|poke|p1|Farigiraf, L50, F|
|poke|p1|Scrafty, L50, F|
|poke|p1|Mamoswine, L50, F|
|poke|p1|Pyroar, L50, F|
|poke|p2|Ceruledge, L50, F|
|poke|p2|Floette-Eternal, L50, F|
|poke|p2|Sinistcha-Masterpiece, L50|
|poke|p2|Milotic, L50, M|
|poke|p2|Scrafty, L50, F|
|poke|p2|Raichu, L50, M|
|teampreview|4
|showteam|p1|Torkoal||Charcoal|Drought|Eruption,WeatherBall,HelpingHand,Protect|Quiet||F|||50|]Staraptor||ChoiceScarf|Intimidate|BraveBird,CloseCombat,Tailwind,FinalGambit|Jolly||M|||50|]Farigiraf||SitrusBerry|ArmorTail|Psychic,Thunderbolt,TrickRoom,Protect|Quiet||F|||50|]Scrafty||Scraftinite|Intimidate|KnockOff,DrainPunch,FakeOut,IcePunch|Adamant||F|||50|]Mamoswine||FocusSash|Oblivious|HighHorsepower,RockSlide,IceShard,Protect|Jolly||F|||50|]Pyroar||Pyroarite|Unnerve|HeatWave,Overheat,Yawn,Protect|Timid||F|||50|
|showteam|p2|Ceruledge||ColburBerry|FlashFire|BitterBlade,ShadowSneak,BulkUp,Protect|Adamant||F|||50|]Floette-Eternal||Floettite|FlowerVeil|DazzlingGleam,DrainingKiss,CalmMind,Protect|Modest||F|||50|]Sinistcha-Masterpiece||SitrusBerry|Hospitality|Protect,MatchaGotcha,RagePowder,LifeDew|Relaxed|||||50|]Milotic||Leftovers|Competitive|Coil,MuddyWater,Hypnosis,Protect|Calm||M|||50|]Scrafty||Scraftinite|Intimidate|CloseCombat,KnockOff,FakeOut,Protect|Adamant||F|||50|]Raichu||FocusSash|LightningRod|FakeOut,GrassKnot,Nuzzle,VoltSwitch|Timid||M|||50|
|
|t:|1782383755
|teamsize|p1|4
|teamsize|p2|4
|start
|switch|p1a: Pyroar|Pyroar, L50, F|100/100
|switch|p1b: Farigiraf|Farigiraf, L50, F|100/100
|switch|p2a: Floette|Floette-Eternal, L50, F|100/100
|switch|p2b: Sinistcha|Sinistcha-Masterpiece, L50|100/100
|-ability|p1a: Pyroar|Unnerve
|turn|1
|l|☆sig.kire
|player|p2|
|inactive|Battle timer is ON: inactive players will automatically lose when time's up. (requested by caterleigh)
|inactive|sig.kire has 30 seconds to reconnect!
|inactive|sig.kire has 20 seconds to reconnect!
|inactive|sig.kire has 15 seconds to reconnect!
|inactive|sig.kire has 10 seconds to reconnect!
|j|☆sig.kire
|inactive|sig.kire reconnected and has 40 seconds left.
|player|p2|sig.kire|ghetsis-gen5bw|
|
|t:|1782383842
|switch|p1b: Torkoal|Torkoal, L50, F|100/100
|-weather|SunnyDay|[from] ability: Drought|[of] p1b: Torkoal
|detailschange|p1a: Pyroar|Pyroar-Mega, L50, F
|-mega|p1a: Pyroar|Pyroar|Pyroarite
|detailschange|p2a: Floette|Floette-Mega, L50, F
|-mega|p2a: Floette|Floette|Floettite
|-ability|p2a: Floette|Fairy Aura
|move|p2b: Sinistcha|Rage Powder|p2b: Sinistcha
|-singleturn|p2b: Sinistcha|move: Rage Powder
|move|p1a: Pyroar|Heat Wave|p2b: Sinistcha|[spread] p2a,p2b
|-crit|p2a: Floette
|-supereffective|p2b: Sinistcha|1
|-damage|p2a: Floette|16/100
|-damage|p2b: Sinistcha|0 fnt
|faint|p2b: Sinistcha
|move|p2a: Floette|Calm Mind|p2a: Floette
|-boost|p2a: Floette|spa|1
|-boost|p2a: Floette|spd|1
|
|-weather|SunnyDay|[upkeep]
|upkeep
|
|t:|1782383845
|switch|p2b: Raichu|Raichu, L50, M|100/100
|turn|2
|
|t:|1782383866
|switch|p1b: Farigiraf|Farigiraf, L50, F|100/100
|move|p2a: Floette|Protect|p2a: Floette
|-singleturn|p2a: Floette|Protect
|move|p1a: Pyroar|Heat Wave|p2b: Raichu|[spread] p2b
|-activate|p2a: Floette|move: Protect
|-enditem|p2b: Raichu|Focus Sash
|-damage|p2b: Raichu|1/100
|move|p2b: Raichu|Nuzzle|p1a: Pyroar
|-damage|p1a: Pyroar|92/100
|-status|p1a: Pyroar|par
|
|-weather|SunnyDay|[upkeep]
|upkeep
|turn|3
|
|t:|1782383880
|move|p1a: Pyroar|Protect|p1a: Pyroar
|-singleturn|p1a: Pyroar|Protect
|move|p2b: Raichu|Volt Switch|p1a: Pyroar
|-activate|p1a: Pyroar|move: Protect
|move|p2a: Floette|Draining Kiss|p1b: Farigiraf
|-damage|p1b: Farigiraf|48/100
|-heal|p2a: Floette|65/100|[from] drain|[of] p1b: Farigiraf
|-enditem|p1b: Farigiraf|Sitrus Berry|[eat]
|-heal|p1b: Farigiraf|73/100|[from] item: Sitrus Berry
|move|p1b: Farigiraf|Trick Room|p1b: Farigiraf
|-fieldstart|move: Trick Room|[of] p1b: Farigiraf
|
|-weather|SunnyDay|[upkeep]
|upkeep
|turn|4
|inactive|caterleigh has 30 seconds left.
|
|t:|1782383906
|switch|p2b: Ceruledge|Ceruledge, L50, F|100/100
|move|p2a: Floette|Protect|p2a: Floette
|-singleturn|p2a: Floette|Protect
|move|p1b: Farigiraf|Psychic|p2b: Ceruledge
|-damage|p2b: Ceruledge|57/100
|move|p1a: Pyroar|Yawn|p2a: Floette
|-activate|p2a: Floette|move: Protect
|
|-weather|SunnyDay|[upkeep]
|upkeep
|turn|5
|
|t:|1782383918
|move|p1b: Farigiraf|Psychic|p2b: Ceruledge
|-damage|p2b: Ceruledge|19/100
|move|p1a: Pyroar|Overheat|p2a: Floette
|-damage|p2a: Floette|0 fnt
|-unboost|p1a: Pyroar|spa|2
|faint|p2a: Floette
|move|p2b: Ceruledge|Bitter Blade|p1a: Pyroar
|-resisted|p1a: Pyroar|1
|-damage|p1a: Pyroar|55/100 par
|-heal|p2b: Ceruledge|35/100|[from] drain|[of] p1a: Pyroar
|
|-weather|none
|upkeep
|
|t:|1782383928
|switch|p2a: Raichu|Raichu, L50, M|1/100
|turn|6
|-message|sig.kire forfeited.
|
|win|caterleigh
|l|☆sig.kire
|player|p2|
||sig.kire is ready for game 3.
||caterleigh is ready for game 3.
|uhtml|next|Next: Game 3 of 3
