|j|☆freudianbreath
|j|☆Meliodasanbu90
|html|freudianbreathMeliodasanbu90    
|uhtml|bestof|Game 2 of a best-of-3
|t:|1782338108
|gametype|doubles
|player|p1|freudianbreath|2|1141
|player|p2|Meliodasanbu90|2|1000
|gen|9
|tier|[Gen 9 Champions] VGC 2026 Reg M-B (Bo3)
|rated|
|rule|Species Clause: Limit one of each Pokémon
|rule|Item Clause: Limit 1 of each item
|clearpoke
|poke|p1|Barbaracle, L50, F|
|poke|p1|Staraptor, L50, F|
|poke|p1|Meganium, L50, M|
|poke|p1|Rotom-Heat, L50|
|poke|p1|Gholdengo, L50|
|poke|p1|Clefable, L50, F|
|poke|p2|Corviknight, L50, M, shiny|
|poke|p2|Sableye, L50, M|
|poke|p2|Swampert, L50, F|
|poke|p2|Archaludon, L50, F|
|poke|p2|Basculegion, L50, M|
|poke|p2|Venusaur, L50, F|
|teampreview|4
|showteam|p1|Barbaracle||Barbaracite|Sniper|Protect,CrossChop,StoneEdge,Liquidation|Jolly||F|||50|]Staraptor||ChoiceScarf|Intimidate|Uturn,CloseCombat,BraveBird,Tailwind|Jolly||F|||50|]Meganium||Meganiumite|Overgrow|Protect,SolarBeam,DazzlingGleam,WeatherBall|Timid||M|||50|]Rotom-Heat||SitrusBerry|Levitate|WillOWisp,VoltSwitch,LightScreen,Overheat|Timid|||||50|]Gholdengo||LifeOrb|GoodasGold|MakeItRain,NastyPlot,Protect,ShadowBall|Timid|||||50|]Clefable||Leftovers|Unaware|HelpingHand,FollowMe,Moonblast,FakeTears|Calm||F|||50|
|showteam|p2|Corviknight||ShellBell|MirrorArmor|Tailwind,BodyPress,IronDefense,Uturn|Jolly||M|||50|]Sableye||RoseliBerry|Prankster|LightScreen,Reflect,RainDance,SunnyDay|Bold||M|||50|]Swampert||Swampertite|Torrent|Liquidation,Earthquake,Protect,IcePunch|Brave||F|||50|]Archaludon||Leftovers|Stamina|FlashCannon,DracoMeteor,Protect,ElectroShot|Timid||F|||50|]Basculegion||ChoiceScarf|SwiftSwim|AquaJet,WaveCrash,LastRespects,Protect|Adamant||M|||50|]Venusaur||FocusSash|Chlorophyll|EnergyBall,SludgeBomb,Protect,EarthPower|Modest||F|||50|
|inactive|Battle timer is ON: inactive players will automatically lose when time's up. (requested by Meliodasanbu90)
|
|t:|1782338197
|teamsize|p1|4
|teamsize|p2|4
|start
|switch|p1a: Clefable|Clefable, L50, F|100/100
|switch|p1b: Barbaracle|Barbaracle, L50, F|100/100
|switch|p2a: Sableye|Sableye, L50, M|100/100
|switch|p2b: Swampert|Swampert, L50, F|100/100
|turn|1
|inactive|freudianbreath has 30 seconds left.
|inactive|Meliodasanbu90 has 30 seconds left.
|inactive|freudianbreath has 20 seconds left.
|inactive|Meliodasanbu90 has 20 seconds left.
|inactive|freudianbreath has 15 seconds left.
|inactive|Meliodasanbu90 has 15 seconds left.
|inactive|freudianbreath has 10 seconds left.
|inactive|Meliodasanbu90 has 10 seconds left.
|
|t:|1782338245
|switch|p1a: Staraptor|Staraptor, L50, F|100/100
|-ability|p1a: Staraptor|Intimidate|boost
|-unboost|p2a: Sableye|atk|1
|-unboost|p2b: Swampert|atk|1
|detailschange|p2b: Swampert|Swampert-Mega, L50, F
|-mega|p2b: Swampert|Swampert|Swampertite
|move|p2a: Sableye|Rain Dance|p2a: Sableye
|-weather|RainDance
|move|p2b: Swampert|Earthquake|p1a: Staraptor|[spread] p2a,p1b
|-immune|p1a: Staraptor
|-supereffective|p1b: Barbaracle|1
|-damage|p2a: Sableye|68/100
|-damage|p1b: Barbaracle|39/100
|move|p1b: Barbaracle|Liquidation|p2b: Swampert
|-damage|p2b: Swampert|57/100
|-unboost|p2b: Swampert|def|1
|
|-weather|RainDance|[upkeep]
|upkeep
|turn|2
|inactive|freudianbreath has 30 seconds left.
|inactive|freudianbreath has 20 seconds left.
|inactive|freudianbreath has 15 seconds left.
|inactive|freudianbreath has 10 seconds left.
|inactive|freudianbreath has 5 seconds left.
|
|t:|1782338297
|switch|p2b: Archaludon|Archaludon, L50, F|100/100
|switch|p1b: Clefable|Clefable, L50, F|100/100
|switch|p2a: Corviknight|Corviknight, L50, M, shiny|100/100
|move|p1a: Staraptor|Brave Bird|p2b: Archaludon
|-resisted|p2b: Archaludon|1
|-damage|p2b: Archaludon|74/100
|-ability|p2b: Archaludon|Stamina|boost
|-boost|p2b: Archaludon|def|1
|-damage|p1a: Staraptor|91/100|[from] Recoil
|
|-weather|RainDance|[upkeep]
|-heal|p2b: Archaludon|80/100|[from] item: Leftovers
|upkeep
|turn|3
|inactive|freudianbreath has 30 seconds left.
|
|t:|1782338327
|switch|p1a: Meganium|Meganium, L50, M|100/100
|move|p1b: Clefable|Follow Me|p1b: Clefable
|-singleturn|p1b: Clefable|move: Follow Me
|move|p2b: Archaludon|Electro Shot||[still]
|-prepare|p2b: Archaludon|Electro Shot
|-boost|p2b: Archaludon|spa|1
|-anim|p2b: Archaludon|Electro Shot|p1b: Clefable
|-damage|p1b: Clefable|71/100
|move|p2a: Corviknight|Tailwind|p2a: Corviknight
|-sidestart|p2: Meliodasanbu90|move: Tailwind
|
|-weather|RainDance|[upkeep]
|-heal|p2b: Archaludon|86/100|[from] item: Leftovers
|-heal|p1b: Clefable|77/100|[from] item: Leftovers
|upkeep
|turn|4
|inactive|freudianbreath has 30 seconds left.
|inactive|Meliodasanbu90 has 30 seconds left.
|inactive|freudianbreath has 20 seconds left.
|inactive|Meliodasanbu90 has 20 seconds left.
|inactive|freudianbreath has 15 seconds left.
|inactive|Meliodasanbu90 has 15 seconds left.
|inactive|freudianbreath has 10 seconds left.
|inactive|Meliodasanbu90 has 10 seconds left.
|inactive|freudianbreath has 5 seconds left.
|inactive|Meliodasanbu90 has 5 seconds left.
|
|t:|1782338381
|move|p1b: Clefable|Follow Me|p1b: Clefable
|-singleturn|p1b: Clefable|move: Follow Me
|move|p2b: Archaludon|Flash Cannon|p1b: Clefable
|-supereffective|p1b: Clefable|1
|-damage|p1b: Clefable|23/100
|move|p2a: Corviknight|Iron Defense|p2a: Corviknight
|-boost|p2a: Corviknight|def|2
|move|p1a: Meganium|Weather Ball|p2a: Corviknight
|-damage|p2a: Corviknight|60/100
|
|-weather|RainDance|[upkeep]
|-heal|p2b: Archaludon|92/100|[from] item: Leftovers
|-heal|p1b: Clefable|29/100|[from] item: Leftovers
|upkeep
|turn|5
|inactive|freudianbreath has 30 seconds left.
|inactive|freudianbreath has 20 seconds left.
|inactive|freudianbreath has 15 seconds left.
|inactive|freudianbreath has 10 seconds left.
|inactive|freudianbreath has 5 seconds left.
|
|t:|1782338431
|move|p1a: Meganium|Protect|p1a: Meganium
|-singleturn|p1a: Meganium|Protect
|move|p2b: Archaludon|Flash Cannon|p1b: Clefable
|-supereffective|p1b: Clefable|1
|-damage|p1b: Clefable|0 fnt
|faint|p1b: Clefable
|move|p2a: Corviknight|Iron Defense|p2a: Corviknight
|-boost|p2a: Corviknight|def|2
|
|-weather|none
|-heal|p2b: Archaludon|98/100|[from] item: Leftovers
|upkeep
|
|t:|1782338449
|switch|p1b: Barbaracle|Barbaracle, L50, F|39/100
|turn|6
|inactive|freudianbreath has 30 seconds left.
|inactive|freudianbreath has 20 seconds left.
|
|t:|1782338485
|detailschange|p1a: Meganium|Meganium-Mega, L50, M
|-mega|p1a: Meganium|Meganium|Meganiumite
|move|p2b: Archaludon|Protect|p2b: Archaludon
|-singleturn|p2b: Archaludon|Protect
|move|p2a: Corviknight|Body Press|p1b: Barbaracle
|-supereffective|p1b: Barbaracle|1
|-damage|p1b: Barbaracle|0 fnt
|faint|p1b: Barbaracle
|-heal|p2a: Corviknight|64/100|[from] item: Shell Bell|[of] p1: Barbaracle
|move|p1a: Meganium|Weather Ball|p2a: Corviknight
|-supereffective|p2a: Corviknight|1
|-damage|p2a: Corviknight|0 fnt
|faint|p2a: Corviknight
|
|-heal|p2b: Archaludon|100/100|[from] item: Leftovers
|-sideend|p2: Meliodasanbu90|move: Tailwind
|upkeep
|
|t:|1782338501
|switch|p1b: Staraptor|Staraptor, L50, F|91/100
|switch|p2a: Sableye|Sableye, L50, M|68/100
|-ability|p1b: Staraptor|Intimidate|boost
|-unboost|p2a: Sableye|atk|1
|-unboost|p2b: Archaludon|atk|1
|turn|7
|inactive|freudianbreath has 30 seconds left.
|
|t:|1782338532
|move|p2a: Sableye|Rain Dance|p2a: Sableye
|-weather|RainDance
|move|p1b: Staraptor|Close Combat|p2b: Archaludon
|-supereffective|p2b: Archaludon|1
|-damage|p2b: Archaludon|53/100
|-unboost|p1b: Staraptor|def|1
|-unboost|p1b: Staraptor|spd|1
|-ability|p2b: Archaludon|Stamina|boost
|-boost|p2b: Archaludon|def|1
|move|p2b: Archaludon|Electro Shot||[still]
|-prepare|p2b: Archaludon|Electro Shot
|-boost|p2b: Archaludon|spa|1
|-anim|p2b: Archaludon|Electro Shot|p1b: Staraptor
|-supereffective|p1b: Staraptor|1
|-damage|p1b: Staraptor|0 fnt
|faint|p1b: Staraptor
|move|p1a: Meganium|Dazzling Gleam|p2b: Archaludon|[spread] p2a,p2b
|-supereffective|p2a: Sableye|1
|-enditem|p2a: Sableye|Roseli Berry|[eat]
|-enditem|p2a: Sableye|Roseli Berry|[weaken]
|-damage|p2a: Sableye|20/100y
|-damage|p2b: Archaludon|4/100
|-ability|p2b: Archaludon|Stamina|boost
|-boost|p2b: Archaludon|def|1
|
|-weather|RainDance|[upkeep]
|-heal|p2b: Archaludon|10/100|[from] item: Leftovers
|upkeep
|turn|8
|inactive|Meliodasanbu90 has 30 seconds left.
|
|t:|1782338557
|move|p2a: Sableye|Light Screen|p2a: Sableye
|-sidestart|p2: Meliodasanbu90|move: Light Screen
|move|p2b: Archaludon|Flash Cannon|p1a: Meganium
|-supereffective|p1a: Meganium|1
|-damage|p1a: Meganium|0 fnt
|faint|p1a: Meganium
|
|win|Meliodasanbu90
|raw|freudianbreath's rating: 1141 → 1106(-35 for losing)
|raw|Meliodasanbu90's rating: 1000 → 1055(+55 for winning)
