|j|â˜†terosath
|j|â˜†geminiduality2
|html|terosathgeminiduality2    
|uhtml|bestof|Game 2 of a best-of-3
|t:|1785114956
|gametype|doubles
|player|p1|terosath|n|
|player|p2|geminiduality2|caitlin|
|gen|9
|tier|[Gen 9 Champions] VGC 2026 Reg M-B (Bo3)
|rule|Species Clause: Limit one of each PokÃ©mon
|rule|Item Clause: Limit 1 of each item
|clearpoke
|poke|p1|Drampa, L50, M|
|poke|p1|Crabominable, L50, F|
|poke|p1|Sinistcha-Masterpiece, L50|
|poke|p1|Politoed, L50, M|
|poke|p1|Farigiraf, L50, F|
|poke|p1|Garganacl, L50, F|
|poke|p2|Whimsicott, L50, F, shiny|
|poke|p2|Greninja, L50, F|
|poke|p2|Froslass, L50, F, shiny|
|poke|p2|Sinistcha-Masterpiece, L50|
|poke|p2|Empoleon, L50, M|
|poke|p2|Incineroar, L50, M|
|teampreview|4
|showteam|p1|Drampa||Drampanite|Berserk|Protect,EarthPower,CalmMind,HyperVoice|Quiet||M|||50|]Crabominable||Crabominite|HyperCutter|DrainPunch,Protect,IceHammer,ThunderPunch|Brave||F|||50|]Sinistcha-Masterpiece||SitrusBerry|Hospitality|TrickRoom,MatchaGotcha,LifeDew,RagePowder|Modest|||||50|]Politoed||MysticWater|Drizzle|MuddyWater,Protect,Encore,HelpingHand|Calm||M|||50|]Farigiraf||MentalHerb|ArmorTail|TrickRoom,PsychicNoise,LightScreen,Reflect|Sassy||F|||50|]Garganacl||Leftovers|PurifyingSalt|WideGuard,RockSlide,Protect,BodyPress|Relaxed||F|||50|
|showteam|p2|Whimsicott||MentalHerb|Prankster|Encore,Moonblast,Tailwind,HelpingHand|Bold||F|||50|]Greninja||Greninjite|Protean|HydroPump,GunkShot,Extrasensory,IceBeam|Hasty||F|||50|]Froslass||Froslassite|CursedBody|Blizzard,ShadowBall,Protect,AuroraVeil|Timid||F|||50|]Sinistcha-Masterpiece||Leftovers|Hospitality|RagePowder,StrengthSap,MatchaGotcha,ShadowBall|Calm|||||50|]Empoleon||LifeOrb|Competitive|Blizzard,HydroPump,FlashCannon,AquaJet|Modest||M|||50|]Incineroar||SitrusBerry|Intimidate|FakeOut,FlareBlitz,PartingShot,BrickBreak|Careful||M|||50|
|j| Jaybird112233
|j| Bingus Von Bongus
|j| seafan13
|
|t:|1785114991
|teamsize|p1|4
|teamsize|p2|4
|start
|switch|p1a: Put up yer dukes|Crabominable, L50, F|100/100
|switch|p1b: RacecaR|Farigiraf, L50, F|100/100
|switch|p2a: My Ninja Way|Greninja, L50, F|100/100
|switch|p2b: Tea Time|Sinistcha-Masterpiece, L50|100/100
|turn|1
|
|t:|1785115018
|detailschange|p1a: Put up yer dukes|Crabominable-Mega, L50, F
|-mega|p1a: Put up yer dukes|Crabominable|Crabominite
|move|p2b: Tea Time|Rage Powder|p2b: Tea Time
|-singleturn|p2b: Tea Time|move: Rage Powder
|move|p2a: My Ninja Way|Hydro Pump|p1b: RacecaR|[miss]
|-start|p2a: My Ninja Way|typechange|Water|[from] ability: Protean
|-miss|p2a: My Ninja Way|p1b: RacecaR
|move|p1a: Put up yer dukes|Ice Hammer|p2b: Tea Time
|-supereffective|p2b: Tea Time|1
|-damage|p2b: Tea Time|0 fnt
|-unboost|p1a: Put up yer dukes|spe|1
|faint|p2b: Tea Time
|move|p1b: RacecaR|Trick Room|p1b: RacecaR
|-fieldstart|move: Trick Room|[of] p1b: RacecaR
|
|upkeep
|
|t:|1785115031
|switch|p2b: Vgc Cat|Incineroar, L50, M|100/100
|-ability|p2b: Vgc Cat|Intimidate|boost
|-unboost|p1a: Put up yer dukes|atk|1
|-unboost|p1b: RacecaR|atk|1
|turn|2
|
|t:|1785115067
|switch|p2a: Napoleon|Empoleon, L50, M|100/100
|move|p1a: Put up yer dukes|Thunder Punch|p2a: Napoleon
|-supereffective|p2a: Napoleon|1
|-damage|p2a: Napoleon|42/100
|move|p1b: RacecaR|Psychic Noise|p2a: Napoleon
|-resisted|p2a: Napoleon|1
|-damage|p2a: Napoleon|29/100
|-start|p2a: Napoleon|move: Heal Block
|move|p2b: Vgc Cat|Parting Shot|p1a: Put up yer dukes
|-unboost|p1a: Put up yer dukes|atk|1
|-unboost|p1a: Put up yer dukes|spa|1
|
|t:|1785115079
|switch|p2b: My Ninja Way|Greninja, L50, F|100/100|[from] Parting Shot
|
|upkeep
|turn|3
|
|t:|1785115112
|switch|p1a: Double Gulp|Sinistcha-Masterpiece, L50|100/100
|detailschange|p2b: My Ninja Way|Greninja-Mega, L50, F
|-mega|p2b: My Ninja Way|Greninja|Greninjite
|move|p1b: RacecaR|Light Screen|p1b: RacecaR
|-sidestart|p1: terosath|move: Light Screen
|move|p2a: Napoleon|Flash Cannon|p1a: Double Gulp
|-damage|p1a: Double Gulp|66/100
|-damage|p2a: Napoleon|19/100|[from] item: Life Orb
|move|p2b: My Ninja Way|Extrasensory|p1b: RacecaR
|-start|p2b: My Ninja Way|typechange|Psychic|[from] ability: Protean
|-resisted|p1b: RacecaR|1
|-damage|p1b: RacecaR|90/100
|
|-end|p2a: Napoleon|move: Heal Block
|upkeep
|turn|4
|
|t:|1785115137
|move|p1b: RacecaR|Psychic Noise|p2a: Napoleon
|-resisted|p2a: Napoleon|1
|-damage|p2a: Napoleon|6/100
|-start|p2a: Napoleon|move: Heal Block
|move|p2a: Napoleon|Blizzard|p1a: Double Gulp|[spread] p1b
|-miss|p2a: Napoleon|p1a: Double Gulp
|-damage|p1b: RacecaR|73/100
|-damage|p2a: Napoleon|0 fnt|[from] item: Life Orb
|faint|p2a: Napoleon
|move|p1a: Double Gulp|Matcha Gotcha|p2b: My Ninja Way
|-damage|p2b: My Ninja Way|51/100
|-heal|p1a: Double Gulp|86/100|[from] drain|[of] p2b: My Ninja Way
|move|p2b: My Ninja Way|Hydro Pump|p1b: RacecaR
|-damage|p1b: RacecaR|55/100
|
|upkeep
|
|t:|1785115153
|switch|p2a: Vgc Cat|Incineroar, L50, M|100/100
|-ability|p2a: Vgc Cat|Intimidate|boost
|-unboost|p1a: Double Gulp|atk|1
|-unboost|p1b: RacecaR|atk|1
|turn|5
|
|t:|1785115167
|switch|p1a: He sparks joy :)|Politoed, L50, M|100/100
|-weather|RainDance|[from] ability: Drizzle|[of] p1a: He sparks joy :)
|move|p1b: RacecaR|Psychic Noise|p2b: My Ninja Way
|-resisted|p2b: My Ninja Way|1
|-damage|p2b: My Ninja Way|32/100
|-start|p2b: My Ninja Way|move: Heal Block
|move|p2a: Vgc Cat|Flare Blitz|p1a: He sparks joy :)
|-resisted|p1a: He sparks joy :)|1
|-damage|p1a: He sparks joy :)|86/100
|-damage|p2a: Vgc Cat|95/100|[from] Recoil
|move|p2b: My Ninja Way|Extrasensory|p1a: He sparks joy :)
|-damage|p1a: He sparks joy :)|65/100
|
|-weather|RainDance|[upkeep]
|-fieldend|move: Trick Room
|upkeep
|turn|6
|
|t:|1785115190
|move|p2b: My Ninja Way|Hydro Pump|p1b: RacecaR
|-damage|p1b: RacecaR|29/100
|move|p1a: He sparks joy :)|Muddy Water|p2b: My Ninja Way|[spread] p2b
|-miss|p1a: He sparks joy :)|p2a: Vgc Cat
|-damage|p2b: My Ninja Way|0 fnt
|faint|p2b: My Ninja Way
|move|p2a: Vgc Cat|Brick Break|p1b: RacecaR
|-sideend|p1: terosath|move: Light Screen
|-damage|p1b: RacecaR|6/100
|move|p1b: RacecaR|Trick Room|p1b: RacecaR
|-fieldstart|move: Trick Room|[of] p1b: RacecaR
|
|-weather|RainDance|[upkeep]
|upkeep
|turn|7
|
|t:|1785115214
|move|p1b: RacecaR|Reflect|p1b: RacecaR
|-sidestart|p1: terosath|Reflect
|move|p2a: Vgc Cat|Brick Break|p1b: RacecaR
|-sideend|p1: terosath|Reflect
|-crit|p1b: RacecaR
|-damage|p1b: RacecaR|0 fnt
|faint|p1b: RacecaR
|move|p1a: He sparks joy :)|Muddy Water|p2a: Vgc Cat
|-supereffective|p2a: Vgc Cat|1
|-damage|p2a: Vgc Cat|17/100
|-enditem|p2a: Vgc Cat|Sitrus Berry|[eat]
|-heal|p2a: Vgc Cat|42/100|[from] item: Sitrus Berry
|
|-weather|RainDance|[upkeep]
|upkeep
|c|â˜†geminiduality2|!data brick break
|c|â˜†geminiduality2|/raw Brick Break  Power75 Accuracy100% PP16 Destroys screens, unless the target is immune. 

|
|t:|1785115225
|switch|p1b: Double Gulp|Sinistcha-Masterpiece, L50|86/100
|-heal|p1a: He sparks joy :)|90/100|[from] ability: Hospitality|[of] p1b: Double Gulp
|turn|8
|
|t:|1785115233
|move|p2a: Vgc Cat|Flare Blitz|p1b: Double Gulp
|-supereffective|p1b: Double Gulp|1
|-damage|p1b: Double Gulp|44/100
|-status|p1b: Double Gulp|brn
|-enditem|p1b: Double Gulp|Sitrus Berry|[eat]
|-heal|p1b: Double Gulp|69/100 brn|[from] item: Sitrus Berry
|-damage|p2a: Vgc Cat|30/100|[from] Recoil
|move|p1a: He sparks joy :)|Muddy Water|p2a: Vgc Cat
|-supereffective|p2a: Vgc Cat|1
|-damage|p2a: Vgc Cat|0 fnt
|faint|p2a: Vgc Cat
|
|win|terosath
|l|â˜†terosath
|player|p1|
|l| Jaybird112233
