|j|☆Muichiro25
|j|☆Aeon_Twins
|html|Muichiro25Aeon_Twins    
|uhtml|bestof|Game 2 of a best-of-3
|t:|1782603890
|gametype|doubles
|player|p1|Muichiro25|n|1325
|player|p2|Aeon_Twins|n|1331
|gen|9
|tier|[Gen 9 Champions] VGC 2026 Reg M-B (Bo3)
|rated|
|rule|Species Clause: Limit one of each Pokémon
|rule|Item Clause: Limit 1 of each item
|clearpoke
|poke|p1|Basculegion, L50, M|
|poke|p1|Garchomp, L50, F|
|poke|p1|Charizard, L50, F|
|poke|p1|Kingambit, L50, M|
|poke|p1|Gholdengo, L50|
|poke|p1|Whimsicott, L50, F|
|poke|p2|Metagross, L50|
|poke|p2|Swampert, L50, F|
|poke|p2|Archaludon, L50, M|
|poke|p2|Pelipper, L50, M|
|poke|p2|Sinistcha, L50|
|poke|p2|Grimmsnarl, L50, M|
|teampreview|4
|showteam|p1|Basculegion||ChoiceScarf|Adaptability|AquaJet,LastRespects,WaveCrash,FlipTurn|Jolly||M|||50|]Garchomp||LifeOrb|RoughSkin|DragonClaw,Earthquake,Protect,RockTomb|Jolly||F|||50|]Charizard||CharizarditeY|Blaze|Protect,HeatWave,WeatherBall,SolarBeam|Modest||F|||50|]Kingambit||BlackGlasses|Defiant|SuckerPunch,KowtowCleave,Protect,LowKick|Adamant||M|||50|]Gholdengo||MetalCoat|GoodasGold|Protect,NastyPlot,ShadowBall,MakeItRain|Modest|||||50|]Whimsicott||FocusSash|Prankster|Tailwind,Moonblast,Protect,Encore|Timid||F|||50|
|showteam|p2|Metagross||Metagrossite|ClearBody|IronHead,PsychicFangs,BodyPress,Protect|Jolly|||||50|]Swampert||Swampertite|Torrent|WaveCrash,StompingTantrum,IcePunch,Protect|Adamant||F|||50|]Archaludon||Leftovers|Stamina|DragonPulse,FlashCannon,ElectroShot,Protect|Modest||M|||50|]Pelipper||SitrusBerry|Drizzle|WeatherBall,Hurricane,Tailwind,Protect|Bold||M|||50|]Sinistcha||KasibBerry|Hospitality|MatchaGotcha,RagePowder,LifeDew,Protect|Relaxed|||||50|]Grimmsnarl||LightClay|Prankster|FoulPlay,PartingShot,LightScreen,Reflect|Calm||M|||50|
|inactive|Battle timer is ON: inactive players will automatically lose when time's up. (requested by Muichiro25)
|inactive|Muichiro25 has 60 seconds left.
|
|t:|1782603926
|teamsize|p1|4
|teamsize|p2|4
|start
|switch|p1a: Whimsicott|Whimsicott, L50, F|100/100
|switch|p1b: Basculegion|Basculegion, L50, M|100/100
|switch|p2a: Archaludon|Archaludon, L50, M|100/100
|switch|p2b: Grimmsnarl|Grimmsnarl, L50, M|100/100
|turn|1
|
|t:|1782603950
|move|p1a: Whimsicott|Protect|p1a: Whimsicott
|-singleturn|p1a: Whimsicott|Protect
|move|p2b: Grimmsnarl|Parting Shot|p1a: Whimsicott
|-activate|p1a: Whimsicott|move: Protect
|move|p1b: Basculegion|Flip Turn|p2b: Grimmsnarl
|-damage|p2b: Grimmsnarl|65/100
|j| RBPW1
|inactive|Muichiro25 has 30 seconds left.
|
|t:|1782603985
|switch|p1b: Garchomp|Garchomp, L50, F|100/100|[from] Flip Turn
|move|p2a: Archaludon|Electro Shot||[still]
|-prepare|p2a: Archaludon|Electro Shot
|-boost|p2a: Archaludon|spa|1
|
|upkeep
|turn|2
|
|t:|1782604006
|move|p1b: Garchomp|Protect|p1b: Garchomp
|-singleturn|p1b: Garchomp|Protect
|move|p2b: Grimmsnarl|Reflect|p2b: Grimmsnarl
|-sidestart|p2: Aeon_Twins|Reflect
|move|p1a: Whimsicott|Moonblast|p2b: Grimmsnarl
|-supereffective|p2b: Grimmsnarl|1
|-damage|p2b: Grimmsnarl|0 fnt
|faint|p2b: Grimmsnarl
|move|p2a: Archaludon|Electro Shot|p1b: Garchomp|[from] lockedmove
|-activate|p1b: Garchomp|move: Protect
|
|upkeep
|
|t:|1782604012
|switch|p2b: Swampert|Swampert, L50, F|100/100
|turn|3
|inactive|Muichiro25 has 30 seconds left.
|
|t:|1782604039
|detailschange|p2b: Swampert|Swampert-Mega, L50, F
|-mega|p2b: Swampert|Swampert|Swampertite
|move|p1a: Whimsicott|Protect|p1a: Whimsicott
|-singleturn|p1a: Whimsicott|Protect
|move|p1b: Garchomp|Earthquake|p2a: Archaludon|[spread] p2a,p2b
|-activate|p1a: Whimsicott|move: Protect
|-supereffective|p2a: Archaludon|1
|-damage|p2a: Archaludon|49/100
|-damage|p2b: Swampert|67/100
|-ability|p2a: Archaludon|Stamina|boost
|-boost|p2a: Archaludon|def|1
|-damage|p1b: Garchomp|90/100|[from] item: Life Orb
|move|p2b: Swampert|Ice Punch|p1b: Garchomp
|-supereffective|p1b: Garchomp|2
|-damage|p1b: Garchomp|0 fnt
|-damage|p2b: Swampert|55/100|[from] ability: Rough Skin|[of] p1b: Garchomp
|faint|p1b: Garchomp
|move|p2a: Archaludon|Flash Cannon|p1a: Whimsicott
|-activate|p1a: Whimsicott|move: Protect
|
|-heal|p2a: Archaludon|55/100|[from] item: Leftovers
|upkeep
|
|t:|1782604053
|switch|p1b: Charizard|Charizard, L50, F|100/100
|turn|4
|
|t:|1782604078
|detailschange|p1b: Charizard|Charizard-Mega-Y, L50, F
|-mega|p1b: Charizard|Charizard|Charizardite Y
|-weather|SunnyDay|[from] ability: Drought|[of] p1b: Charizard
|move|p2a: Archaludon|Protect|p2a: Archaludon
|-singleturn|p2a: Archaludon|Protect
|move|p1a: Whimsicott|Moonblast|p2b: Swampert
|-damage|p2b: Swampert|18/100
|move|p1b: Charizard|Heat Wave|p2a: Archaludon|[spread] p2b
|-activate|p2a: Archaludon|move: Protect
|-resisted|p2b: Swampert|1
|-damage|p2b: Swampert|0 fnt
|faint|p2b: Swampert
|
|-weather|SunnyDay|[upkeep]
|-heal|p2a: Archaludon|61/100|[from] item: Leftovers
|upkeep
|
|t:|1782604083
|switch|p2b: Pelipper|Pelipper, L50, M|100/100
|-weather|RainDance|[from] ability: Drizzle|[of] p2b: Pelipper
|turn|5
|
|t:|1782604096
|switch|p1b: Basculegion|Basculegion, L50, M|100/100
|move|p2a: Archaludon|Protect|p2a: Archaludon
|-singleturn|p2a: Archaludon|Protect
|move|p1a: Whimsicott|Encore|p2a: Archaludon
|-activate|p2a: Archaludon|move: Protect
|move|p2b: Pelipper|Hurricane|p1a: Whimsicott
|-supereffective|p1a: Whimsicott|1
|-enditem|p1a: Whimsicott|Focus Sash
|-damage|p1a: Whimsicott|1/100
|
|-weather|RainDance|[upkeep]
|-heal|p2a: Archaludon|68/100|[from] item: Leftovers
|upkeep
|turn|6
|inactive|Muichiro25 has 30 seconds left.
|inactive|Muichiro25 has 20 seconds left.
|inactive|Muichiro25 has 15 seconds left.
|inactive|Muichiro25 has 10 seconds left.
|
|t:|1782604142
|move|p2a: Archaludon|Protect||[still]
|-fail|p2a: Archaludon
|move|p1a: Whimsicott|Encore|p2a: Archaludon
|-start|p2a: Archaludon|Encore
|move|p1b: Basculegion|Flip Turn|p2b: Pelipper
|-resisted|p2b: Pelipper|1
|-damage|p2b: Pelipper|81/100
|
|t:|1782604148
|switch|p1b: Charizard|Charizard-Mega-Y, L50, F|100/100|[from] Flip Turn
|-weather|SunnyDay|[from] ability: Drought|[of] p1b: Charizard
|move|p2b: Pelipper|Hurricane|p1a: Whimsicott
|-supereffective|p1a: Whimsicott|1
|-damage|p1a: Whimsicott|0 fnt
|faint|p1a: Whimsicott
|
|-weather|SunnyDay|[upkeep]
|-heal|p2a: Archaludon|74/100|[from] item: Leftovers
|upkeep
|-message|Aeon_Twins forfeited.
|
|win|Muichiro25
