|j|☆1OO% Jesus
|j|☆alemolgaa
|html|1OO% Jesusalemolgaa    
|uhtml|bestof|Game 1 of a best-of-3
|t:|1782594527
|gametype|doubles
|player|p1|1OO% Jesus|lillie-z|
|player|p2|alemolgaa|miku-fire|
|gen|9
|tier|[Gen 9 Champions] VGC 2026 Reg M-B (Bo3)
|rule|Species Clause: Limit one of each Pokémon
|rule|Item Clause: Limit 1 of each item
|clearpoke
|poke|p1|Charizard, L50, F|
|poke|p1|Whimsicott, L50, M|
|poke|p1|Garchomp, L50, M|
|poke|p1|Basculegion, L50, M|
|poke|p1|Kingambit, L50, F|
|poke|p1|Floette-Eternal, L50, F|
|poke|p2|Raichu, L50, M|
|poke|p2|Pidgeot, L50, M|
|poke|p2|Ninetales-Alola, L50, F|
|poke|p2|Clefable, L50, M|
|poke|p2|Gholdengo, L50|
|poke|p2|Kangaskhan, L50, F|
|teampreview|4
|showteam|p1|Charizard||CharizarditeY|Blaze|HeatWave,WeatherBall,SolarBeam,Protect|Modest||F|||50|]Whimsicott||FocusSash|Prankster|Moonblast,Tailwind,Encore,Protect|Timid||M|||50|]Garchomp||LifeOrb|RoughSkin|Earthquake,DragonClaw,RockSlide,Protect|Jolly||M|||50|]Basculegion||MysticWater|Adaptability|WaveCrash,LastRespects,AquaJet,Protect|Adamant||M|||50|]Kingambit||ChopleBerry|Defiant|KowtowCleave,SuckerPunch,IronHead,LowKick|Adamant||F|||50|]Floette-Eternal||Floettite|FlowerVeil|DazzlingGleam,Moonblast,LightofRuin,Protect|Timid||F|||50|
|showteam|p2|Raichu||RaichuniteY|LightningRod|ZapCannon,FocusBlast,GrassKnot,Protect|Timid||M|||50|]Pidgeot||Pidgeotite|KeenEye|Hurricane,HeatWave,Uturn,Protect|Timid||M|||50|]Ninetales-Alola||LightClay|SnowWarning|Blizzard,Moonblast,AuroraVeil,Protect|Timid||F|||50|]Clefable||SitrusBerry|Unaware|Moonblast,Blizzard,Protect,FollowMe|Bold||M|||50|]Gholdengo||ChoiceScarf|GoodasGold|MakeItRain,Psychic,ShadowBall,Trick|Modest|||||50|]Kangaskhan||ChopleBerry|Scrappy|FakeOut,DoubleEdge,SuckerPunch,IcePunch|Adamant||F|||50|
|c|☆alemolgaa|Suerteee
|c|☆1OO% Jesus|Igualmentee :)
|
|t:|1782594608
|teamsize|p1|4
|teamsize|p2|4
|start
|switch|p1a: Whimsicott|Whimsicott, L50, M|100/100
|switch|p1b: Garchomp|Garchomp, L50, M|100/100
|switch|p2a: Kangaskhan|Kangaskhan, L50, F|100/100
|switch|p2b: Ninetales|Ninetales-Alola, L50, F|100/100
|-weather|Snowscape|[from] ability: Snow Warning|[of] p2b: Ninetales
|turn|1
|
|t:|1782594633
|switch|p1b: Kingambit|Kingambit, L50, F|100/100
|move|p1a: Whimsicott|Protect|p1a: Whimsicott
|-singleturn|p1a: Whimsicott|Protect
|move|p2a: Kangaskhan|Fake Out|p1a: Whimsicott
|-activate|p1a: Whimsicott|move: Protect
|move|p2b: Ninetales|Blizzard|p1a: Whimsicott|[spread] p1b
|-activate|p1a: Whimsicott|move: Protect
|-resisted|p1b: Kingambit|1
|-damage|p1b: Kingambit|84/100
|
|-weather|Snowscape|[upkeep]
|upkeep
|turn|2
|
|t:|1782594669
|switch|p2a: Clefable|Clefable, L50, M|100/100
|move|p1a: Whimsicott|Encore||[still]
|-fail|p1a: Whimsicott
|move|p2b: Ninetales|Aurora Veil|p2b: Ninetales
|-sidestart|p2: alemolgaa|move: Aurora Veil
|move|p1b: Kingambit|Iron Head|p2b: Ninetales
|-supereffective|p2b: Ninetales|2
|-damage|p2b: Ninetales|0 fnt
|faint|p2b: Ninetales
|
|-weather|Snowscape|[upkeep]
|upkeep
|
|t:|1782594678
|switch|p2b: Raichu|Raichu, L50, M|100/100
|turn|3
|
|t:|1782594712
|detailschange|p2b: Raichu|Raichu-Mega-Y, L50, M
|-mega|p2b: Raichu|Raichu|Raichunite Y
|move|p2a: Clefable|Follow Me|p2a: Clefable
|-singleturn|p2a: Clefable|move: Follow Me
|move|p1a: Whimsicott|Tailwind|p1a: Whimsicott
|-sidestart|p1: 1OO% Jesus|move: Tailwind
|move|p2b: Raichu|Focus Blast|p1b: Kingambit
|-supereffective|p1b: Kingambit|2
|-enditem|p1b: Kingambit|Chople Berry|[eat]
|-enditem|p1b: Kingambit|Chople Berry|[weaken]
|-damage|p1b: Kingambit|0 fnt
|faint|p1b: Kingambit
|
|-weather|Snowscape|[upkeep]
|upkeep
|
|t:|1782594722
|switch|p1b: Garchomp|Garchomp, L50, M|100/100
|turn|4
|
|t:|1782594757
|switch|p2b: Kangaskhan|Kangaskhan, L50, F|100/100
|move|p2a: Clefable|Protect|p2a: Clefable
|-singleturn|p2a: Clefable|Protect
|move|p1a: Whimsicott|Encore|p2a: Clefable
|-activate|p2a: Clefable|move: Protect
|move|p1b: Garchomp|Earthquake|p2a: Clefable|[spread] p1a,p2b
|-activate|p2a: Clefable|move: Protect
|-resisted|p1a: Whimsicott|1
|-damage|p1a: Whimsicott|65/100
|-damage|p2b: Kangaskhan|62/100
|-damage|p1b: Garchomp|90/100|[from] item: Life Orb
|
|-weather|Snowscape|[upkeep]
|upkeep
|turn|5
|
|t:|1782594784
|switch|p1a: Charizard|Charizard, L50, F|100/100
|move|p1b: Garchomp|Protect|p1b: Garchomp
|-singleturn|p1b: Garchomp|Protect
|move|p2b: Kangaskhan|Fake Out|p1a: Charizard
|-damage|p1a: Charizard|77/100
|move|p2a: Clefable|Blizzard|p1b: Garchomp|[spread] p1a
|-activate|p1b: Garchomp|move: Protect
|-damage|p1a: Charizard|55/100
|
|-weather|none
|upkeep
|turn|6
|
|t:|1782594801
|detailschange|p1a: Charizard|Charizard-Mega-Y, L50, F
|-mega|p1a: Charizard|Charizard|Charizardite Y
|-weather|SunnyDay|[from] ability: Drought|[of] p1a: Charizard
|move|p2a: Clefable|Protect|p2a: Clefable
|-singleturn|p2a: Clefable|Protect
|move|p2b: Kangaskhan|Sucker Punch|p1b: Garchomp
|-damage|p1b: Garchomp|68/100
|-damage|p2b: Kangaskhan|50/100g|[from] ability: Rough Skin|[of] p1b: Garchomp
|move|p1b: Garchomp|Earthquake|p2a: Clefable|[spread] p2b
|-activate|p2a: Clefable|move: Protect
|-immune|p1a: Charizard
|-damage|p2b: Kangaskhan|12/100
|-damage|p1b: Garchomp|58/100|[from] item: Life Orb
|move|p1a: Charizard|Heat Wave|p2a: Clefable|[spread] p2b
|-activate|p2a: Clefable|move: Protect
|-damage|p2b: Kangaskhan|0 fnt
|faint|p2b: Kangaskhan
|
|-weather|SunnyDay|[upkeep]
|-sideend|p1: 1OO% Jesus|move: Tailwind
|upkeep
|
|t:|1782594818
|switch|p2b: Raichu|Raichu-Mega-Y, L50, M|100/100
|turn|7
|
|t:|1782594859
|move|p2a: Clefable|Follow Me|p2a: Clefable
|-singleturn|p2a: Clefable|move: Follow Me
|move|p2b: Raichu|Focus Blast|p1b: Garchomp
|-damage|p1b: Garchomp|6/100
|move|p1b: Garchomp|Earthquake|p2a: Clefable|[spread] p2a,p2b
|-immune|p1a: Charizard
|-supereffective|p2b: Raichu|1
|-damage|p2a: Clefable|76/100
|-damage|p2b: Raichu|0 fnt
|faint|p2b: Raichu
|-damage|p1b: Garchomp|0 fnt|[from] item: Life Orb
|faint|p1b: Garchomp
|move|p1a: Charizard|Heat Wave|p2a: Clefable
|-damage|p2a: Clefable|21/100
|-enditem|p2a: Clefable|Sitrus Berry|[eat]
|-heal|p2a: Clefable|46/100|[from] item: Sitrus Berry
|
|-weather|SunnyDay|[upkeep]
|upkeep
|
|t:|1782594873
|switch|p1b: Whimsicott|Whimsicott, L50, M|65/100
|turn|8
|
|t:|1782594877
|move|p1b: Whimsicott|Encore|p2a: Clefable
|-start|p2a: Clefable|Encore
|move|p2a: Clefable|Follow Me|p2a: Clefable
|-singleturn|p2a: Clefable|move: Follow Me
|move|p1a: Charizard|Weather Ball|p2a: Clefable
|-damage|p2a: Clefable|0 fnt
|faint|p2a: Clefable
|
|win|1OO% Jesus
||1OO% Jesus is ready for game 2.
|c|☆alemolgaa|GG
|c|☆1OO% Jesus|GG
|inactive|alemolgaa has 30 seconds to confirm battle start!
|inactive|alemolgaa has 20 seconds to confirm battle start!
||alemolgaa is ready for game 2.
|uhtml|next|Next: Game 2 of 3
