|j|☆peprayo25
|j|☆dr_sugus_vgc
|html|peprayo25dr_sugus_vgc    
|uhtml|bestof|Game 3 of a best-of-3
|t:|1756759992
|gametype|doubles
|player|p1|peprayo25|preschooler|1094
|player|p2|dr_sugus_vgc|ruinmaniac|1082
|gen|9
|tier|[Gen 9] VGC 2025 Reg H (Bo3)
|rated|
|rule|Species Clause: Limit one of each Pokémon
|rule|Item Clause: Limit 1 of each item
|clearpoke
|poke|p1|Sneasler, L50, M|
|poke|p1|Indeedee, L50, M|
|poke|p1|Volcarona, L50, M|
|poke|p1|Ursaluna-Bloodmoon, L50, M|
|poke|p1|Annihilape, L50, F|
|poke|p1|Tyranitar, L50, M|
|poke|p2|Amoonguss, L50, M|
|poke|p2|Hydreigon, L50, F|
|poke|p2|Incineroar, L50, M|
|poke|p2|Gholdengo, L50|
|poke|p2|Ninetales-Alola, L50, F|
|poke|p2|Palafin, L50, M|
|teampreview|4
|showteam|p1|Sneasler||PsychicSeed|Unburden|CloseCombat,DireClaw,ThroatChop,Protect|||M|||50|,,,,,Dark]Indeedee||ChoiceScarf|PsychicSurge|ExpandingForce,TeraBlast,Trick,Protect|||M|||50|,,,,,Psychic]Volcarona||SitrusBerry|FlameBody|Overheat,StruggleBug,RagePowder,Tailwind|||M|||50|,,,,,Grass]Ursaluna-Bloodmoon||LifeOrb|MindsEye|BloodMoon,HyperVoice,EarthPower,Protect|||M|||50|,,,,,Normal]Annihilape||SafetyGoggles|Defiant|CloseCombat,RageFist,Taunt,FinalGambit|||F|||50|,,,,,Fairy]Tyranitar||AssaultVest|SandStream|RockSlide,KnockOff,TeraBlast,LowKick|||M|||50|,,,,,Flying
|showteam|p2|Amoonguss||RockyHelmet|Regenerator|PollenPuff,Spore,RagePowder,Protect|||M|||50|,,,,,Fairy]Hydreigon||SafetyGoggles|Levitate|DracoMeteor,Protect,Tailwind,Snarl|||F|||50|,,,,,Ghost]Incineroar||SitrusBerry|Intimidate|FlareBlitz,KnockOff,PartingShot,FakeOut|||M|||50|,,,,,Ghost]Gholdengo||MetalCoat|GoodasGold|MakeItRain,ShadowBall,NastyPlot,Protect||||||50|,,,,,Water]Ninetales-Alola||CovertCloak|SnowWarning|IcyWind,Moonblast,AuroraVeil,Protect|||F|||50|,,,,,Water]Palafin||LifeOrb|ZerotoHero|JetPunch,WaveCrash,CloseCombat,Protect|||M|||50|,,,,,Water
|inactive|Battle timer is ON: inactive players will automatically lose when time's up. (requested by dr_sugus_vgc)
|inactive|peprayo25 also wants the timer to be on.
|inactive|dr_sugus_vgc has 60 seconds left.
|inactive|peprayo25 has 60 seconds left.
|inactive|dr_sugus_vgc has 30 seconds left.
|inactive|dr_sugus_vgc has 20 seconds left.
|
|t:|1756760067
|teamsize|p1|4
|teamsize|p2|4
|start
|switch|p1a: Volcarona|Volcarona, L50, M|100/100
|switch|p1b: Annihilape|Annihilape, L50, F|100/100
|switch|p2a: Amoonguss|Amoonguss, L50, M|100/100
|switch|p2b: Hydreigon|Hydreigon, L50, F|100/100
|turn|1
|inactive|peprayo25 has 30 seconds left.
|
|t:|1756760101
|-terastallize|p1a: Volcarona|Grass
|-terastallize|p2a: Amoonguss|Fairy
|move|p2a: Amoonguss|Rage Powder|p2a: Amoonguss
|-singleturn|p2a: Amoonguss|move: Rage Powder
|move|p1a: Volcarona|Overheat|p2a: Amoonguss
|-damage|p2a: Amoonguss|51/100
|-unboost|p1a: Volcarona|spa|2
|move|p2b: Hydreigon|Tailwind|p2b: Hydreigon
|-sidestart|p2: dr_sugus_vgc|move: Tailwind
|move|p1b: Annihilape|Close Combat|p2b: Hydreigon
|-supereffective|p2b: Hydreigon
|-damage|p2b: Hydreigon|6/100
|-unboost|p1b: Annihilape|def|1
|-unboost|p1b: Annihilape|spd|1
|
|upkeep
|turn|2
|inactive|peprayo25 has 30 seconds left.
|inactive|dr_sugus_vgc has 30 seconds left.
|
|t:|1756760135
|switch|p1b: Sneasler|Sneasler, L50, M|100/100
|move|p2b: Hydreigon|Draco Meteor|p1b: Sneasler
|-damage|p1b: Sneasler|21/100
|-unboost|p2b: Hydreigon|spa|2
|move|p1a: Volcarona|Tailwind|p1a: Volcarona
|-sidestart|p1: peprayo25|move: Tailwind
|move|p2a: Amoonguss|Pollen Puff|p2b: Hydreigon
|-heal|p2b: Hydreigon|56/100
|
|upkeep
|turn|3
|inactive|peprayo25 has 30 seconds left.
|inactive|dr_sugus_vgc has 30 seconds left.
|
|t:|1756760168
|switch|p1a: Annihilape|Annihilape, L50, F|100/100
|switch|p2a: Incineroar|Incineroar, L50, M|100/100
|-ability|p2a: Incineroar|Intimidate|boost
|-unboost|p1a: Annihilape|atk|1
|-ability|p1a: Annihilape|Defiant|boost
|-boost|p1a: Annihilape|atk|2
|-unboost|p1b: Sneasler|atk|1
|move|p2b: Hydreigon|Protect|p2b: Hydreigon
|-singleturn|p2b: Hydreigon|Protect
|move|p1b: Sneasler|Close Combat|p2b: Hydreigon
|-activate|p2b: Hydreigon|move: Protect
|
|upkeep
|turn|4
|inactive|peprayo25 has 30 seconds left.
|
|t:|1756760196
|switch|p2a: Amoonguss|Amoonguss, L50, M, tera:Fairy|84/100
|move|p1b: Sneasler|Close Combat|p2b: Hydreigon
|-supereffective|p2b: Hydreigon
|-damage|p2b: Hydreigon|0 fnt
|-unboost|p1b: Sneasler|def|1
|-unboost|p1b: Sneasler|spd|1
|faint|p2b: Hydreigon
|move|p1a: Annihilape|Close Combat|p2a: Amoonguss
|-resisted|p2a: Amoonguss
|-damage|p2a: Amoonguss|55/100
|-unboost|p1a: Annihilape|def|1
|-unboost|p1a: Annihilape|spd|1
|-damage|p1a: Annihilape|84/100|[from] item: Rocky Helmet|[of] p2a: Amoonguss
|
|-sideend|p2: dr_sugus_vgc|move: Tailwind
|upkeep
|
|t:|1756760209
|switch|p2b: Palafin|Palafin, L50, M|100/100
|turn|5
|inactive|peprayo25 has 30 seconds left.
|inactive|peprayo25 has 20 seconds left.
|
|t:|1756760246
|switch|p1a: Volcarona|Volcarona, L50, M, tera:Grass|100/100
|move|p2a: Amoonguss|Rage Powder|p2a: Amoonguss
|-singleturn|p2a: Amoonguss|move: Rage Powder
|move|p2b: Palafin|Jet Punch|p1b: Sneasler
|-damage|p1b: Sneasler|0 fnt
|faint|p1b: Sneasler
|-damage|p2b: Palafin|91/100|[from] item: Life Orb
|
|-sideend|p1: peprayo25|move: Tailwind
|upkeep
|
|t:|1756760257
|switch|p1b: Tyranitar|Tyranitar, L50, M|100/100
|-weather|Sandstorm|[from] ability: Sand Stream|[of] p1b: Tyranitar
|turn|6
|
|t:|1756760274
|detailschange|p2b: Palafin|Palafin-Hero, L50, M
|switch|p2b: Incineroar|Incineroar, L50, M|100/100
|-ability|p2b: Incineroar|Intimidate|boost
|-unboost|p1a: Volcarona|atk|1
|-unboost|p1b: Tyranitar|atk|1
|move|p2a: Amoonguss|Protect|p2a: Amoonguss
|-singleturn|p2a: Amoonguss|Protect
|move|p1a: Volcarona|Overheat|p2a: Amoonguss
|-activate|p2a: Amoonguss|move: Protect
|move|p1b: Tyranitar|Rock Slide|p2a: Amoonguss|[spread] p2b
|-activate|p2a: Amoonguss|move: Protect
|-supereffective|p2b: Incineroar
|-damage|p2b: Incineroar|61/100
|
|-weather|Sandstorm|[upkeep]
|-damage|p1a: Volcarona|94/100|[from] Sandstorm
|-damage|p2b: Incineroar|55/100|[from] Sandstorm
|-damage|p2a: Amoonguss|49/100|[from] Sandstorm
|upkeep
|turn|7
|inactive|dr_sugus_vgc has 30 seconds left.
|
|t:|1756760307
|switch|p1b: Annihilape|Annihilape, L50, F|84/100
|switch|p2a: Palafin|Palafin-Hero, L50, M|91/100
|-activate|p2a: Palafin|ability: Zero to Hero
|move|p1a: Volcarona|Tailwind|p1a: Volcarona
|-sidestart|p1: peprayo25|move: Tailwind
|move|p2b: Incineroar|Flare Blitz|p1a: Volcarona
|-supereffective|p1a: Volcarona
|-damage|p1a: Volcarona|0 fnt
|faint|p1a: Volcarona
|-damage|p2b: Incineroar|27/100|[from] Recoil
|-enditem|p2b: Incineroar|Sitrus Berry|[eat]
|-heal|p2b: Incineroar|52/100|[from] item: Sitrus Berry
|
|-weather|Sandstorm|[upkeep]
|-damage|p2a: Palafin|85/100|[from] Sandstorm
|-damage|p2b: Incineroar|46/100|[from] Sandstorm
|upkeep
|
|t:|1756760316
|switch|p1a: Tyranitar|Tyranitar, L50, M|100/100
|turn|8
|
|t:|1756760339
|switch|p2b: Amoonguss|Amoonguss, L50, M, tera:Fairy|82/100
|move|p2a: Palafin|Protect|p2a: Palafin
|-singleturn|p2a: Palafin|Protect
|move|p1b: Annihilape|Close Combat|p2a: Palafin
|-activate|p2a: Palafin|move: Protect
|move|p1a: Tyranitar|Rock Slide|p2b: Amoonguss|[spread] p2b
|-activate|p2a: Palafin|move: Protect
|-damage|p2b: Amoonguss|55/100
|
|-weather|Sandstorm|[upkeep]
|-damage|p2a: Palafin|79/100|[from] Sandstorm
|-damage|p2b: Amoonguss|49/100|[from] Sandstorm
|upkeep
|turn|9
|inactive|dr_sugus_vgc has 30 seconds left.
|
|t:|1756760372
|move|p1b: Annihilape|Rage Fist|p2a: Palafin
|-damage|p2a: Palafin|58/100
|move|p1a: Tyranitar|Rock Slide|p2a: Palafin|[spread] p2b
|-miss|p1a: Tyranitar|p2a: Palafin
|-damage|p2b: Amoonguss|22/100
|move|p2a: Palafin|Wave Crash|p1b: Annihilape
|-damage|p1b: Annihilape|0 fnt
|faint|p1b: Annihilape
|-damage|p2a: Palafin|26/100|[from] Recoil
|-damage|p2a: Palafin|16/100|[from] item: Life Orb
|cant|p2b: Amoonguss|flinch
|
|-weather|Sandstorm|[upkeep]
|-damage|p2a: Palafin|10/100|[from] Sandstorm
|-damage|p2b: Amoonguss|16/100|[from] Sandstorm
|upkeep
|turn|10
|
|t:|1756760390
|move|p2a: Palafin|Protect|p2a: Palafin
|-singleturn|p2a: Palafin|Protect
|move|p2b: Amoonguss|Protect|p2b: Amoonguss
|-singleturn|p2b: Amoonguss|Protect
|move|p1a: Tyranitar|Rock Slide|p2a: Palafin|[spread] 
|-activate|p2a: Palafin|move: Protect
|-activate|p2b: Amoonguss|move: Protect
|
|-weather|none
|-sideend|p1: peprayo25|move: Tailwind
|upkeep
|turn|11
|
|t:|1756760402
|move|p2a: Palafin|Close Combat|p1a: Tyranitar
|-supereffective|p1a: Tyranitar
|-damage|p1a: Tyranitar|0 fnt
|-unboost|p2a: Palafin|def|1
|-unboost|p2a: Palafin|spd|1
|faint|p1a: Tyranitar
|-damage|p2a: Palafin|0 fnt|[from] item: Life Orb
|faint|p2a: Palafin
|
|win|dr_sugus_vgc
|raw|peprayo25's rating: 1094 → 1069(-25 for losing)
|raw|dr_sugus_vgc's rating: 1082 → 1111(+29 for winning)
|l|☆peprayo25
|player|p1|
