|j|☆berg0123
|j|☆Chisato_Arashi_VGC
|html|berg0123Chisato_Arashi_VGC    
|uhtml|bestof|Game 2 of a best-of-3
|t:|1756676239
|gametype|doubles
|player|p1|berg0123|266|1041
|player|p2|Chisato_Arashi_VGC|roxie-masters|1095
|gen|9
|tier|[Gen 9] VGC 2025 Reg H (Bo3)
|rated|
|rule|Species Clause: Limit one of each Pokémon
|rule|Item Clause: Limit 1 of each item
|clearpoke
|poke|p1|Ursaluna-Bloodmoon, L50, M|
|poke|p1|Dragonite, L50, M|
|poke|p1|Arcanine-Hisui, L50, M|
|poke|p1|Gholdengo, L50|
|poke|p1|Kingambit, L50, M|
|poke|p1|Rillaboom, L50, M|
|poke|p2|Decidueye-Hisui, L50, F|
|poke|p2|Weezing-Galar, L50, M|
|poke|p2|Talonflame, L50, F|
|poke|p2|Tyranitar, L50, M|
|poke|p2|Garchomp, L50, F|
|poke|p2|Gholdengo, L50|
|teampreview|4
|showteam|p1|Ursaluna-Bloodmoon||AssaultVest|MindsEye|BloodMoon,HyperVoice,EarthPower,VacuumWave|||M|||50|,,,,,Ghost]Dragonite||LoadedDice|InnerFocus|ScaleShot,LowKick,Tailwind,Protect|||M|||50|,,,,,Fairy]Arcanine-Hisui||ChoiceBand|Intimidate|FlareBlitz,ExtremeSpeed,StoneEdge,RockSlide|||M|||50|,,,,,Normal]Gholdengo||MetalCoat|GoodasGold|MakeItRain,ShadowBall,NastyPlot,Protect||||||50|,,,,,Dragon]Kingambit||BlackGlasses|Defiant|KowtowCleave,SuckerPunch,SwordsDance,Protect|||M|||50|,,,,,Dark]Rillaboom||GrassySeed|GrassySurge|WoodHammer,GrassyGlide,HighHorsepower,FakeOut|||M|||50|,,,,,Grass
|showteam|p2|Decidueye-Hisui||RazorClaw|Scrappy|TripleArrows,LeafBlade,SuckerPunch,Protect|||F|||50|,,,,,Fire]Weezing-Galar||ChoiceSpecs|NeutralizingGas|StrangeSteam,DazzlingGleam,Flamethrower,SludgeBomb|||M|||50|,,,,,Fire]Talonflame||CovertCloak|GaleWings|Tailwind,WillOWisp,BraveBird,Taunt|||F|||50|,,,,,Grass]Tyranitar||AssaultVest|SandStream|RockSlide,KnockOff,TeraBlast,LowKick|||M|||50|,,,,,Flying]Garchomp||LifeOrb|RoughSkin|DragonClaw,StompingTantrum,Earthquake,Protect|||F|||50|,,,,,Steel]Gholdengo||Leftovers|GoodasGold|MakeItRain,ShadowBall,NastyPlot,Protect||||||50|,,,,,Dragon
|j| Raging_Ryno
|
|t:|1756676261
|teamsize|p1|4
|teamsize|p2|4
|start
|switch|p1a: Ursaluna|Ursaluna-Bloodmoon, L50, M|100/100
|switch|p1b: Arcanine|Arcanine-Hisui, L50, M|100/100
|switch|p2a: Weezing|Weezing-Galar, L50, M|100/100
|switch|p2b: Garchomp|Garchomp, L50, F|100/100
|-ability|p2a: Weezing|Neutralizing Gas
|turn|1
|inactive|Battle timer is ON: inactive players will automatically lose when time's up. (requested by berg0123)
|
|t:|1756676288
|-terastallize|p1b: Arcanine|Normal
|move|p2b: Garchomp|Protect|p2b: Garchomp
|-singleturn|p2b: Garchomp|Protect
|move|p1b: Arcanine|Extreme Speed|p2b: Garchomp
|-activate|p2b: Garchomp|move: Protect
|move|p2a: Weezing|Sludge Bomb|p1a: Ursaluna
|-resisted|p1a: Ursaluna
|-damage|p1a: Ursaluna|83/100
|move|p1a: Ursaluna|Earth Power|p2a: Weezing
|-supereffective|p2a: Weezing
|-damage|p2a: Weezing|0 fnt
|faint|p2a: Weezing
|-end|p2a: Weezing|ability: Neutralizing Gas
|-ability|p1b: Arcanine|Intimidate|boost
|-unboost|p2b: Garchomp|atk|1
|
|upkeep
|inactive|Chisato_Arashi_VGC has 30 seconds left.
|inactive|Chisato_Arashi_VGC has 20 seconds left.
|inactive|Chisato_Arashi_VGC has 15 seconds left.
|inactive|Chisato_Arashi_VGC has 10 seconds left.
|inactive|Chisato_Arashi_VGC has 5 seconds left.
|
|t:|1756676339
|switch|p2a: Tyranitar|Tyranitar, L50, M|100/100
|-weather|Sandstorm|[from] ability: Sand Stream|[of] p2a: Tyranitar
|turn|2
|
|t:|1756676360
|switch|p2b: Talonflame|Talonflame, L50, F|100/100
|move|p1b: Arcanine|Extreme Speed|p2b: Talonflame
|-damage|p2b: Talonflame|27/100
|move|p2a: Tyranitar|Knock Off|p1b: Arcanine
|-damage|p1b: Arcanine|38/100
|-enditem|p1b: Arcanine|Choice Band|[from] move: Knock Off|[of] p2a: Tyranitar
|move|p1a: Ursaluna|Hyper Voice|p2b: Talonflame|[spread] p2a,p2b
|-resisted|p2a: Tyranitar
|-damage|p2a: Tyranitar|94/100
|-damage|p2b: Talonflame|0 fnt
|faint|p2b: Talonflame
|
|-weather|Sandstorm|[upkeep]
|-damage|p1b: Arcanine|32/100|[from] Sandstorm
|upkeep
|
|t:|1756676371
|switch|p2b: Garchomp|Garchomp, L50, F|100/100
|turn|3
|
|t:|1756676390
|-terastallize|p2b: Garchomp|Steel
|move|p1b: Arcanine|Extreme Speed|p2a: Tyranitar
|-resisted|p2a: Tyranitar
|-damage|p2a: Tyranitar|78/100
|move|p2b: Garchomp|Stomping Tantrum|p1b: Arcanine
|-damage|p1b: Arcanine|0 fnt
|faint|p1b: Arcanine
|-damage|p2b: Garchomp|91/100|[from] item: Life Orb
|move|p2a: Tyranitar|Low Kick|p1a: Ursaluna
|-supereffective|p1a: Ursaluna
|-damage|p1a: Ursaluna|21/100
|move|p1a: Ursaluna|Blood Moon|p2a: Tyranitar
|-resisted|p2a: Tyranitar
|-crit|p2a: Tyranitar
|-damage|p2a: Tyranitar|56/100
|
|-weather|Sandstorm|[upkeep]
|upkeep
|
|t:|1756676399
|switch|p1b: Rillaboom|Rillaboom, L50, M|100/100
|-fieldstart|move: Grassy Terrain|[from] ability: Grassy Surge|[of] p1b: Rillaboom
|-enditem|p1b: Rillaboom|Grassy Seed
|-boost|p1b: Rillaboom|def|1|[from] item: Grassy Seed
|turn|4
|
|t:|1756676422
|move|p2b: Garchomp|Dragon Claw|p1a: Ursaluna
|-damage|p1a: Ursaluna|0 fnt
|faint|p1a: Ursaluna
|-damage|p2b: Garchomp|81/100|[from] item: Life Orb
|move|p1b: Rillaboom|Wood Hammer|p2a: Tyranitar
|-supereffective|p2a: Tyranitar
|-damage|p2a: Tyranitar|0 fnt
|faint|p2a: Tyranitar
|-damage|p1b: Rillaboom|83/100|[from] Recoil
|
|-weather|Sandstorm|[upkeep]
|-damage|p1b: Rillaboom|77/100|[from] Sandstorm
|-heal|p2b: Garchomp|87/100|[from] Grassy Terrain
|-heal|p1b: Rillaboom|83/100|[from] Grassy Terrain
|upkeep
|
|t:|1756676428
|switch|p1a: Kingambit|Kingambit, L50, M|100/100
|turn|5
|
|t:|1756676434
|move|p2b: Garchomp|Stomping Tantrum|p1a: Kingambit
|-supereffective|p1a: Kingambit
|-damage|p1a: Kingambit|21/100
|-damage|p2b: Garchomp|77/100|[from] item: Life Orb
|move|p1b: Rillaboom|High Horsepower|p2b: Garchomp
|-supereffective|p2b: Garchomp
|-damage|p2b: Garchomp|2/100
|-damage|p1b: Rillaboom|71/100|[from] ability: Rough Skin|[of] p2b: Garchomp
|move|p1a: Kingambit|Swords Dance|p1a: Kingambit
|-boost|p1a: Kingambit|atk|2
|
|-weather|Sandstorm|[upkeep]
|-damage|p1b: Rillaboom|65/100|[from] Sandstorm
|-heal|p2b: Garchomp|8/100|[from] Grassy Terrain
|-heal|p1b: Rillaboom|71/100|[from] Grassy Terrain
|-heal|p1a: Kingambit|27/100|[from] Grassy Terrain
|upkeep
|turn|6
|
|t:|1756676439
|move|p1b: Rillaboom|Grassy Glide|p2b: Garchomp
|-resisted|p2b: Garchomp
|-damage|p2b: Garchomp|0 fnt
|-damage|p1b: Rillaboom|59/100|[from] ability: Rough Skin|[of] p2b: Garchomp
|faint|p2b: Garchomp
|
|win|berg0123
||Chisato_Arashi_VGC is ready for game 3.
||berg0123 is ready for game 3.
|uhtml|next|Next: Game 3 of 3
|l|☆berg0123
|player|p1|
|l| Raging_Ryno
