|j|☆BabenisBest
|j|☆Lewis Hamilton Fan
|html|BabenisBestLewis Hamilton Fan    
|uhtml|bestof|Game 1 of a best-of-3
|t:|1783189877
|gametype|doubles
|player|p1|BabenisBest|101|1000
|player|p2|Lewis Hamilton Fan|benga|1137
|gen|9
|tier|[Gen 9 Champions] VGC 2026 Reg M-B (Bo3)
|rated|
|rule|Species Clause: Limit one of each Pokémon
|rule|Item Clause: Limit 1 of each item
|clearpoke
|poke|p1|Slowking-Galar, L50, F|
|poke|p1|Froslass, L50, F|
|poke|p1|Rotom-Wash, L50|
|poke|p1|Primarina, L50, M|
|poke|p1|Blaziken, L50, M|
|poke|p1|Whimsicott, L50, F|
|poke|p2|Blastoise, L50, M|
|poke|p2|Sinistcha, L50|
|poke|p2|Kingambit, L50, M|
|poke|p2|Sneasler, L50, M|
|poke|p2|Incineroar, L50, M|
|poke|p2|Floette-Eternal, L50, F|
|teampreview|4
|showteam|p1|Slowking-Galar||MentalHerb|Regenerator|ChillyReception,Psychic,SludgeBomb,SlackOff|Calm||F|||50|]Froslass||Froslassite|SnowCloak|AuroraVeil,IceBeam,ShadowBall,Protect|Timid||F|||50|]Rotom-Wash||Leftovers|Levitate|VoltSwitch,DarkPulse,Protect,WillOWisp|Timid|||||50|]Primarina||ExpertBelt|LiquidVoice|FlipTurn,Protect,Moonblast,HyperVoice|Calm||M|||50|]Blaziken||LifeOrb|SpeedBoost|CloseCombat,Detect,FlareBlitz,RockSlide|Adamant||M|||50|]Whimsicott||OccaBerry|Prankster|Moonblast,Tailwind,Protect,Taunt|Bold||F|||50|
|showteam|p2|Blastoise||Blastoisinite|Torrent|WaterSpout,Protect,DarkPulse,ShellSmash|Modest||M|||50|]Sinistcha||KasibBerry|Hospitality|MatchaGotcha,RagePowder,Protect,TrickRoom|Bold|||||50|]Kingambit||BlackGlasses|Defiant|SuckerPunch,KowtowCleave,Protect,IronHead|Adamant||M|||50|]Sneasler||WhiteHerb|Unburden|CloseCombat,FakeOut,DireClaw,Protect|Jolly||M|||50|]Incineroar||SitrusBerry|Intimidate|FakeOut,PartingShot,FlareBlitz,ThroatChop|Relaxed||M|||50|]Floette-Eternal||Floettite|FlowerVeil|Protect,DazzlingGleam,Moonblast,CalmMind|Timid||F|||50|
|inactive|Battle timer is ON: inactive players will automatically lose when time's up. (requested by Lewis Hamilton Fan)
|
|t:|1783189912
|teamsize|p1|4
|teamsize|p2|4
|start
|switch|p1a: Blaziken|Blaziken, L50, M|100/100
|switch|p1b: Whimsicott|Whimsicott, L50, F|100/100
|switch|p2a: Blastoise|Blastoise, L50, M|100/100
|switch|p2b: Sneasler|Sneasler, L50, M|100/100
|turn|1
|inactive|BabenisBest has 30 seconds left.
|inactive|Lewis Hamilton Fan has 30 seconds left.
|inactive|BabenisBest has 20 seconds left.
|inactive|BabenisBest has 15 seconds left.
|
|t:|1783189953
|detailschange|p2a: Blastoise|Blastoise-Mega, L50, M
|-mega|p2a: Blastoise|Blastoise|Blastoisinite
|move|p2b: Sneasler|Fake Out|p1a: Blaziken
|-damage|p1a: Blaziken|79/100
|move|p1b: Whimsicott|Taunt|p2a: Blastoise
|-start|p2a: Blastoise|move: Taunt
|cant|p1a: Blaziken|flinch
|move|p2a: Blastoise|Water Spout|p1a: Blaziken|[spread] p1a,p1b
|-supereffective|p1a: Blaziken|1
|-resisted|p1b: Whimsicott|1
|-damage|p1a: Blaziken|0 fnt
|-damage|p1b: Whimsicott|59/100
|faint|p1a: Blaziken
|
|upkeep
|
|t:|1783189972
|switch|p1a: Froslass|Froslass, L50, F|100/100
|turn|2
|
|t:|1783189986
|switch|p2a: Sinistcha|Sinistcha, L50|100/100
|detailschange|p1a: Froslass|Froslass-Mega, L50, F
|-mega|p1a: Froslass|Froslass|Froslassite
|-weather|Snowscape|[from] ability: Snow Warning|[of] p1a: Froslass
|move|p1b: Whimsicott|Tailwind|p1b: Whimsicott
|-sidestart|p1: BabenisBest|move: Tailwind
|move|p1a: Froslass|Shadow Ball|p2a: Sinistcha
|-supereffective|p2a: Sinistcha|1
|-enditem|p2a: Sinistcha|Kasib Berry|[eat]
|-enditem|p2a: Sinistcha|Kasib Berry|[weaken]
|-damage|p2a: Sinistcha|53/100
|-unboost|p2a: Sinistcha|spd|1
|move|p2b: Sneasler|Dire Claw|p1b: Whimsicott
|-supereffective|p1b: Whimsicott|2
|-damage|p1b: Whimsicott|0 fnt
|faint|p1b: Whimsicott
|
|-weather|Snowscape|[upkeep]
|upkeep
|
|t:|1783190002
|switch|p1b: Slowking|Slowking-Galar, L50, F|100/100
|turn|3
|
|t:|1783190013
|move|p2b: Sneasler|Protect|p2b: Sneasler
|-singleturn|p2b: Sneasler|Protect
|move|p2a: Sinistcha|Protect|p2a: Sinistcha
|-singleturn|p2a: Sinistcha|Protect
|move|p1a: Froslass|Shadow Ball|p2a: Sinistcha
|-activate|p2a: Sinistcha|move: Protect
|move|p1b: Slowking|Psychic|p2b: Sneasler
|-activate|p2b: Sneasler|move: Protect
|
|-weather|Snowscape|[upkeep]
|upkeep
|turn|4
|
|t:|1783190025
|switch|p2b: Kingambit|Kingambit, L50, M|100/100
|move|p1a: Froslass|Shadow Ball|p2a: Sinistcha
|-supereffective|p2a: Sinistcha|1
|-damage|p2a: Sinistcha|0 fnt
|faint|p2a: Sinistcha
|move|p1b: Slowking|Psychic|p2b: Kingambit
|-immune|p2b: Kingambit
|
|-weather|Snowscape|[upkeep]
|upkeep
|
|t:|1783190034
|switch|p2a: Sneasler|Sneasler, L50, M|100/100
|turn|5
|inactive|BabenisBest has 30 seconds left.
|
|t:|1783190065
|move|p2a: Sneasler|Fake Out|p1b: Slowking
|-crit|p1b: Slowking
|-damage|p1b: Slowking|77/100
|move|p1a: Froslass|Ice Beam|p2b: Kingambit
|-resisted|p2b: Kingambit|1
|-damage|p2b: Kingambit|76/100
|cant|p1b: Slowking|flinch
|move|p2b: Kingambit|Kowtow Cleave|p1a: Froslass
|-supereffective|p1a: Froslass|1
|-damage|p1a: Froslass|0 fnt
|faint|p1a: Froslass
|
|-weather|Snowscape|[upkeep]
|-sideend|p1: BabenisBest|move: Tailwind
|upkeep
|turn|6
|-message|BabenisBest forfeited.
|
|win|Lewis Hamilton Fan
