|j|☆viatles
|j|☆Phx5.0
|html|viatlesPhx5.0    
|uhtml|bestof|Game 1 of a best-of-3
|t:|1785723328
|gametype|doubles
|player|p1|viatles|hiker|1098
|player|p2|Phx5.0|interviewers|1000
|gen|9
|tier|[Gen 9 Champions] VGC 2026 Reg M-B (Bo3)
|rated|
|rule|Species Clause: Limit one of each Pokémon
|rule|Item Clause: Limit 1 of each item
|clearpoke
|poke|p1|Beedrill, L50, F, shiny|
|poke|p1|Milotic, L50, F, shiny|
|poke|p1|Farigiraf, L50, M|
|poke|p1|Palafin, L50, M|
|poke|p1|Sableye, L50, F|
|poke|p1|Raichu, L50, M|
|poke|p2|Talonflame, L50, F|
|poke|p2|Garchomp, L50, M|
|poke|p2|Basculegion, L50, M|
|poke|p2|Rotom-Mow, L50|
|poke|p2|Farigiraf, L50, F|
|poke|p2|Raichu, L50, M|
|teampreview|4
|showteam|p1|Beedrill||Beedrillite|Swarm|Uturn,DrillRun,PoisonJab,Protect|Jolly||F|||50|]Milotic||Leftovers|Competitive|IceBeam,Scald,Protect,Recover|Bold||F|||50|]Farigiraf||SitrusBerry|ArmorTail|TrickRoom,Thunderbolt,TwinBeam,RainDance|Bold||M|||50|]Palafin||MysticWater|ZerotoHero|JetPunch,WaveCrash,Protect,DrainPunch|Adamant||M|||50|]Sableye||RoseliBerry|Prankster|FakeOut,FoulPlay,RainDance,Quash|Sassy||F|||50|]Raichu||RaichuniteY|LightningRod|FakeOut,ZapCannon,FocusBlast,Protect|Timid||M|||50|
|showteam|p2|Talonflame||WideLens|GaleWings|BraveBird,Tailwind,FlareBlitz,WillOWisp|Jolly||F|||50|]Garchomp||LifeOrb|RoughSkin|Earthquake,StompingTantrum,DragonClaw,Protect|Jolly||M|||50|]Basculegion||ChoiceScarf|Adaptability|WaveCrash,LastRespects,FlipTurn,AquaJet|Jolly||M|||50|]Rotom-Mow||WhiteHerb|Levitate|Discharge,Thunderbolt,LeafStorm,Protect|Serious|||||50|]Farigiraf||LumBerry|ArmorTail|Psychic,HyperVoice,NastyPlot,Protect|Serious||F|||50|]Raichu||RaichuniteY|Static|ZapCannon,FocusBlast,Protect,FakeOut|Timid||M|||50|
|c|☆viatles|gl hf
|inactive|Battle timer is ON: inactive players will automatically lose when time's up. (requested by viatles)
|inactive|viatles has 60 seconds left.
|inactive|Phx5.0 has 60 seconds left.
|
|t:|1785723380
|teamsize|p1|4
|teamsize|p2|4
|start
|switch|p1a: Wife's favorite|Palafin, L50, M|100/100
|switch|p1b: Sableye|Sableye, L50, F|100/100
|switch|p2a: Basculegion|Basculegion, L50, M|100/100
|switch|p2b: Garchomp|Garchomp, L50, M|100/100
|turn|1
|j| ImYeicob
|n| ImYeicob|imyeicob
|n| ImYeicob|imyeicob
|n| ImYeicob|imyeicob
|n| ImYeicob|imyeicob
|n| ImYeicob|imyeicob
|
|t:|1785723405
|switch|p2b: Farigiraf|Farigiraf, L50, F|100/100
|detailschange|p1a: Wife's favorite|Palafin-Hero, L50, M
|switch|p1a: Farigiraf|Farigiraf, L50, M|100/100
|move|p1b: Sableye|Fake Out||[still]
|cant|p2b: Farigiraf|ability: Armor Tail|Fake Out|[of] p1b: Sableye
|move|p2a: Basculegion|Wave Crash|p1b: Sableye
|-damage|p1b: Sableye|0 fnt
|faint|p1b: Sableye
|-damage|p2a: Basculegion|73/100|[from] Recoil
|
|upkeep
|n| ImYeicob|imyeicob
|n| ImYeicob|imyeicob
|n| ImYeicob|imyeicob
|n| ImYeicob|imyeicob
|n| ImYeicob|imyeicob
|
|t:|1785723419
|switch|p1b: Raichu|Raichu, L50, M|100/100
|turn|2
|
|t:|1785723444
|switch|p2a: Garchomp|Garchomp, L50, M|100/100
|move|p1b: Raichu|Protect|p1b: Raichu
|-singleturn|p1b: Raichu|Protect
|move|p2b: Farigiraf|Nasty Plot|p2b: Farigiraf
|-boost|p2b: Farigiraf|spa|2
|move|p1a: Farigiraf|Trick Room|p1a: Farigiraf
|-fieldstart|move: Trick Room|[of] p1a: Farigiraf
|
|upkeep
|turn|3
|inactive|Phx5.0 has 30 seconds left.
|
|t:|1785723470
|detailschange|p1b: Raichu|Raichu-Mega-Y, L50, M
|-mega|p1b: Raichu|Raichu|Raichunite Y
|move|p1a: Farigiraf|Twin Beam|p2b: Farigiraf
|-resisted|p2b: Farigiraf|1
|-damage|p2b: Farigiraf|90/100
|-resisted|p2b: Farigiraf|1
|-damage|p2b: Farigiraf|81/100
|-hitcount|p2b: Farigiraf|2
|move|p2b: Farigiraf|Hyper Voice|p1a: Farigiraf|[spread] p1a,p1b
|-damage|p1a: Farigiraf|46/100
|-damage|p1b: Raichu|23/100
|-enditem|p1a: Farigiraf|Sitrus Berry|[eat]
|-heal|p1a: Farigiraf|71/100|[from] item: Sitrus Berry
|move|p2a: Garchomp|Stomping Tantrum|p1b: Raichu
|-supereffective|p1b: Raichu|1
|-damage|p1b: Raichu|0 fnt
|faint|p1b: Raichu
|-damage|p2a: Garchomp|90/100|[from] item: Life Orb
|
|upkeep
|
|t:|1785723486
|switch|p1b: Wife's favorite|Palafin-Hero, L50, M|100/100
|-activate|p1b: Wife's favorite|ability: Zero to Hero
|turn|4
|
|t:|1785723504
|move|p2a: Garchomp|Protect|p2a: Garchomp
|-singleturn|p2a: Garchomp|Protect
|move|p1a: Farigiraf|Rain Dance|p1a: Farigiraf
|-weather|RainDance
|move|p2b: Farigiraf|Hyper Voice|p1b: Wife's favorite|[spread] p1a,p1b
|-damage|p1a: Farigiraf|17/100
|-damage|p1b: Wife's favorite|46/100
|move|p1b: Wife's favorite|Wave Crash|p2b: Farigiraf
|-damage|p2b: Farigiraf|0 fnt
|faint|p2b: Farigiraf
|-damage|p1b: Wife's favorite|20/100y|[from] Recoil
|
|-weather|RainDance|[upkeep]
|upkeep
|j| ImYeicob
|n| ImYeicob|imyeicob
|n| ImYeicob|imyeicob
|n| ImYeicob|imyeicob
|n| ImYeicob|imyeicob
|n| ImYeicob|imyeicob
|n| ImYeicob|imyeicob
|n| ImYeicob|imyeicob
|
|t:|1785723522
|switch|p2b: Raichu|Raichu, L50, M|100/100
|turn|5
|
|t:|1785723544
|detailschange|p2b: Raichu|Raichu-Mega-Y, L50, M
|-mega|p2b: Raichu|Raichu|Raichunite Y
|move|p1a: Farigiraf|Twin Beam|p2a: Garchomp
|-damage|p2a: Garchomp|73/100
|-damage|p2a: Garchomp|55/100
|-hitcount|p2a: Garchomp|2
|move|p1b: Wife's favorite|Drain Punch|p2b: Raichu
|-damage|p2b: Raichu|32/100
|-heal|p1b: Wife's favorite|42/100|[from] drain|[of] p2b: Raichu
|move|p2a: Garchomp|Dragon Claw|p1a: Farigiraf
|-damage|p1a: Farigiraf|0 fnt
|faint|p1a: Farigiraf
|-damage|p2a: Garchomp|45/100|[from] item: Life Orb
|move|p2b: Raichu|Zap Cannon|p1b: Wife's favorite
|-supereffective|p1b: Wife's favorite|1
|-damage|p1b: Wife's favorite|0 fnt
|faint|p1b: Wife's favorite
|
|win|Phx5.0
||viatles is ready for game 2.
|inactive|Phx5.0 has 30 seconds to confirm battle start!
|inactive|Phx5.0 has 20 seconds to confirm battle start!
|inactive|Phx5.0 has 10 seconds to confirm battle start!
|uhtml|next|Next: Game 2 of 3
