|j|☆viatles
|j|☆GymGlofer
|html|viatlesGymGlofer    
|uhtml|bestof|Game 1 of a best-of-3
|t:|1784396630
|gametype|doubles
|player|p1|viatles|hiker|1132
|player|p2|GymGlofer|blackbelt|1093
|gen|9
|tier|[Gen 9 Champions] VGC 2026 Reg M-B (Bo3)
|rated|
|rule|Species Clause: Limit one of each Pokémon
|rule|Item Clause: Limit 1 of each item
|clearpoke
|poke|p1|Beedrill, L50, F, shiny|
|poke|p1|Farigiraf, L50, M|
|poke|p1|Sableye, L50, F|
|poke|p1|Torkoal, L50, M|
|poke|p1|Chandelure, L50, M|
|poke|p1|Garchomp, L50, M|
|poke|p2|Arcanine-Hisui, L50, F|
|poke|p2|Ninetales, L50, M|
|poke|p2|Talonflame, L50, M|
|poke|p2|Incineroar, L50, F|
|poke|p2|Delphox, L50, M|
|poke|p2|Emboar, L50, F|
|teampreview|4
|showteam|p1|Beedrill||Beedrillite|Swarm|Uturn,DrillRun,PoisonJab,Protect|Jolly||F|||50|]Farigiraf||SitrusBerry|ArmorTail|TrickRoom,Thunderbolt,TwinBeam,HelpingHand|Bold||M|||50|]Sableye||RoseliBerry|Prankster|FakeOut,FoulPlay,SunnyDay,Quash|Sassy||F|||50|]Torkoal||Charcoal|Drought|Eruption,HelpingHand,EarthPower,Protect|Quiet||M|||50|]Chandelure||FocusSash|FlashFire|TrickRoom,HeatWave,ShadowBall,Protect|Quiet||M|||50|]Garchomp||Garchompite|RoughSkin|Earthquake,RockSlide,DragonClaw,Protect|Adamant||M|||50|
|showteam|p2|Arcanine-Hisui||ChoiceScarf|RockHead|RagingFury,HeadSmash,ExtremeSpeed,RockSlide|Jolly||F|||50|]Ninetales||HeatRock|Drought|MysticalFire,SolarBeam,Encore,Disable|Timid||M|||50|]Talonflame||FocusSash|GaleWings|BlazeKick,DualWingbeat,Tailwind,QuickGuard|Jolly||M|||50|]Incineroar||Leftovers|Intimidate|DarkestLariat,PartingShot,WillOWisp,FakeOut|Serious||F|||50|]Delphox||Delphoxite|Magician|HeatWave,Psyshock,NastyPlot,Protect|Timid||M|||50|]Emboar||Emboarite|Blaze|FlareBlitz,DrainPunch,SuckerPunch,Earthquake|Adamant||F|||50|
|c|☆viatles|gl hf
|inactive|Battle timer is ON: inactive players will automatically lose when time's up. (requested by viatles)
|
|t:|1784396665
|teamsize|p1|4
|teamsize|p2|4
|start
|switch|p1a: Sableye|Sableye, L50, F|100/100
|switch|p1b: Chandelure|Chandelure, L50, M|100/100
|switch|p2a: Incineroar|Incineroar, L50, F|100/100
|switch|p2b: Delphox|Delphox, L50, M|100/100
|-ability|p2a: Incineroar|Intimidate|boost
|-unboost|p1a: Sableye|atk|1
|-unboost|p1b: Chandelure|atk|1
|turn|1
|
|t:|1784396679
|move|p2b: Delphox|Protect|p2b: Delphox
|-singleturn|p2b: Delphox|Protect
|move|p1a: Sableye|Fake Out|p2a: Incineroar
|-damage|p2a: Incineroar|96/100
|cant|p2a: Incineroar|flinch
|move|p1b: Chandelure|Trick Room|p1b: Chandelure
|-fieldstart|move: Trick Room|[of] p1b: Chandelure
|
|-heal|p2a: Incineroar|100/100|[from] item: Leftovers
|upkeep
|turn|2
|
|t:|1784396696
|switch|p2b: Arcanine|Arcanine-Hisui, L50, F|100/100
|move|p1a: Sableye|Foul Play|p2b: Arcanine
|-damage|p2b: Arcanine|44/100
|move|p2a: Incineroar|Darkest Lariat|p1b: Chandelure
|-supereffective|p1b: Chandelure|1
|-damage|p1b: Chandelure|18/100
|move|p1b: Chandelure|Heat Wave|p2a: Incineroar|[spread] p2a
|-miss|p1b: Chandelure|p2b: Arcanine
|-resisted|p2a: Incineroar|1
|-damage|p2a: Incineroar|78/100
|
|-heal|p2a: Incineroar|84/100|[from] item: Leftovers
|upkeep
|turn|3
|inactive|GymGlofer has 30 seconds left.
|
|t:|1784396727
|switch|p1b: Garchomp|Garchomp, L50, M|100/100
|move|p1a: Sableye|Foul Play|p2b: Arcanine
|-damage|p2b: Arcanine|0 fnt
|faint|p2b: Arcanine
|move|p2a: Incineroar|Darkest Lariat|p1b: Garchomp
|-damage|p1b: Garchomp|73/100
|-damage|p2a: Incineroar|72/100|[from] ability: Rough Skin|[of] p1b: Garchomp
|
|-heal|p2a: Incineroar|78/100|[from] item: Leftovers
|upkeep
|
|t:|1784396740
|switch|p2b: Ninetales|Ninetales, L50, M|100/100
|-weather|SunnyDay|[from] ability: Drought|[of] p2b: Ninetales
|turn|4
|
|t:|1784396749
|move|p1b: Garchomp|Protect|p1b: Garchomp
|-singleturn|p1b: Garchomp|Protect
|move|p1a: Sableye|Foul Play|p2b: Ninetales
|-damage|p2b: Ninetales|67/100
|move|p2a: Incineroar|Will-O-Wisp|p1b: Garchomp
|-activate|p1b: Garchomp|move: Protect
|move|p2b: Ninetales|Solar Beam||[still]
|-prepare|p2b: Ninetales|Solar Beam
|-anim|p2b: Ninetales|Solar Beam|p1b: Garchomp
|-activate|p1b: Garchomp|move: Protect
|
|-weather|SunnyDay|[upkeep]
|-heal|p2a: Incineroar|84/100|[from] item: Leftovers
|upkeep
|turn|5
|
|t:|1784396766
|switch|p1b: Farigiraf|Farigiraf, L50, M|100/100
|move|p1a: Sableye|Foul Play|p2b: Ninetales
|-damage|p2b: Ninetales|34/100
|move|p2a: Incineroar|Will-O-Wisp|p1b: Farigiraf
|-status|p1b: Farigiraf|brn
|move|p2b: Ninetales|Solar Beam||[still]
|-prepare|p2b: Ninetales|Solar Beam
|-anim|p2b: Ninetales|Solar Beam|p1b: Farigiraf
|-damage|p1b: Farigiraf|69/100 brn
|
|-weather|SunnyDay|[upkeep]
|-heal|p2a: Incineroar|90/100|[from] item: Leftovers
|-damage|p1b: Farigiraf|63/100 brn|[from] brn
|-fieldend|move: Trick Room
|upkeep
|turn|6
|inactive|GymGlofer has 30 seconds left.
|
|t:|1784396795
|move|p2b: Ninetales|Mystical Fire|p1a: Sableye
|-damage|p1a: Sableye|48/100
|-unboost|p1a: Sableye|spa|1
|move|p2a: Incineroar|Darkest Lariat|p1b: Farigiraf
|-supereffective|p1b: Farigiraf|1
|-damage|p1b: Farigiraf|15/100 brn
|-enditem|p1b: Farigiraf|Sitrus Berry|[eat]
|-heal|p1b: Farigiraf|40/100 brn|[from] item: Sitrus Berry
|move|p1a: Sableye|Foul Play|p2b: Ninetales
|-damage|p2b: Ninetales|0 fnt
|faint|p2b: Ninetales
|move|p1b: Farigiraf|Trick Room|p1b: Farigiraf
|-fieldstart|move: Trick Room|[of] p1b: Farigiraf
|
|-weather|SunnyDay|[upkeep]
|-heal|p2a: Incineroar|96/100|[from] item: Leftovers
|-damage|p1b: Farigiraf|34/100 brn|[from] brn
|upkeep
|
|t:|1784396806
|switch|p2b: Delphox|Delphox, L50, M|100/100
|turn|7
|
|t:|1784396819
|switch|p1a: Chandelure|Chandelure, L50, M|18/100
|detailschange|p2b: Delphox|Delphox-Mega, L50, M
|-mega|p2b: Delphox|Delphox|Delphoxite
|move|p2b: Delphox|Protect|p2b: Delphox
|-singleturn|p2b: Delphox|Protect
|move|p1b: Farigiraf|Thunderbolt|p2a: Incineroar
|-damage|p2a: Incineroar|75/100
|move|p2a: Incineroar|Will-O-Wisp|p1a: Chandelure
|-start|p1a: Chandelure|ability: Flash Fire
|
|-weather|SunnyDay|[upkeep]
|-heal|p2a: Incineroar|81/100|[from] item: Leftovers
|-damage|p1b: Farigiraf|28/100 brn|[from] brn
|upkeep
|turn|8
|
|t:|1784396838
|move|p1b: Farigiraf|Thunderbolt|p2a: Incineroar
|-damage|p2a: Incineroar|60/100
|move|p2a: Incineroar|Darkest Lariat|p1a: Chandelure
|-supereffective|p1a: Chandelure|1
|-damage|p1a: Chandelure|0 fnt
|faint|p1a: Chandelure
|move|p2b: Delphox|Nasty Plot|p2b: Delphox
|-boost|p2b: Delphox|spa|2
|
|-weather|SunnyDay|[upkeep]
|-heal|p2a: Incineroar|66/100|[from] item: Leftovers
|-damage|p1b: Farigiraf|22/100 brn|[from] brn
|upkeep
|
|t:|1784396853
|switch|p1a: Garchomp|Garchomp, L50, M|73/100
|turn|9
|
|t:|1784396867
|move|p1a: Garchomp|Protect|p1a: Garchomp
|-singleturn|p1a: Garchomp|Protect
|move|p2b: Delphox|Protect|p2b: Delphox
|-singleturn|p2b: Delphox|Protect
|move|p1b: Farigiraf|Thunderbolt|p2a: Incineroar
|-damage|p2a: Incineroar|46/100
|move|p2a: Incineroar|Will-O-Wisp|p1a: Garchomp
|-activate|p1a: Garchomp|move: Protect
|
|-weather|SunnyDay|[upkeep]
|-heal|p2a: Incineroar|52/100|[from] item: Leftovers
|-damage|p1b: Farigiraf|16/100 brn|[from] brn
|upkeep
|turn|10
|
|t:|1784396887
|detailschange|p1a: Garchomp|Garchomp-Mega, L50, M
|-mega|p1a: Garchomp|Garchomp|Garchompite
|move|p1b: Farigiraf|Helping Hand|p1a: Garchomp
|-singleturn|p1a: Garchomp|Helping Hand|[of] p1b: Farigiraf
|move|p2a: Incineroar|Will-O-Wisp|p1a: Garchomp
|-status|p1a: Garchomp|brn
|move|p1a: Garchomp|Rock Slide|p2b: Delphox|[spread] p2a,p2b
|-supereffective|p2a: Incineroar|1
|-supereffective|p2b: Delphox|1
|-damage|p2a: Incineroar|25/100
|-damage|p2b: Delphox|47/100
|move|p2b: Delphox|Heat Wave|p1a: Garchomp|[spread] p1a,p1b
|-resisted|p1a: Garchomp|1
|-damage|p1a: Garchomp|17/100 brn
|-damage|p1b: Farigiraf|0 fnt
|faint|p1b: Farigiraf
|
|-weather|SunnyDay|[upkeep]
|-heal|p2a: Incineroar|31/100|[from] item: Leftovers
|-damage|p1a: Garchomp|11/100 brn|[from] brn
|-fieldend|move: Trick Room
|upkeep
|
|t:|1784396904
|switch|p1b: Sableye|Sableye, L50, F|48/100
|turn|11
|
|t:|1784396927
|move|p2b: Delphox|Protect|p2b: Delphox
|-singleturn|p2b: Delphox|Protect
|move|p1a: Garchomp|Protect|p1a: Garchomp
|-singleturn|p1a: Garchomp|Protect
|move|p1b: Sableye|Fake Out|p2b: Delphox
|-activate|p2b: Delphox|move: Protect
|move|p2a: Incineroar|Darkest Lariat|p1b: Sableye
|-damage|p1b: Sableye|7/100
|
|-weather|none
|-heal|p2a: Incineroar|37/100|[from] item: Leftovers
|-damage|p1a: Garchomp|5/100 brn|[from] brn
|upkeep
|turn|12
|inactive|GymGlofer has 30 seconds left.
|
|t:|1784396959
|move|p2b: Delphox|Protect||[still]
|-fail|p2b: Delphox
|move|p1b: Sableye|Quash||[still]
|-fail|p1b: Sableye
|move|p1a: Garchomp|Rock Slide|p2b: Delphox|[spread] p2a
|-miss|p1a: Garchomp|p2b: Delphox
|-supereffective|p2a: Incineroar|1
|-damage|p2a: Incineroar|20/100y
|move|p2a: Incineroar|Darkest Lariat|p1b: Sableye
|-damage|p1b: Sableye|0 fnt
|faint|p1b: Sableye
|
|-heal|p2a: Incineroar|26/100|[from] item: Leftovers
|-damage|p1a: Garchomp|0 fnt|[from] brn
|faint|p1a: Garchomp
|
|win|GymGlofer
