|j|☆kanonkugle
|j|☆M9RBLEST6R
|html|kanonkugleM9RBLEST6R    
|uhtml|bestof|Game 2 of a best-of-3
|t:|1784430107
|gametype|doubles
|player|p1|kanonkugle|unknown|
|player|p2|M9RBLEST6R|hilda-wonderlauncher|
|gen|9
|tier|[Gen 9 Champions] VGC 2026 Reg M-B (Bo3)
|rule|Species Clause: Limit one of each Pokémon
|rule|Item Clause: Limit 1 of each item
|clearpoke
|poke|p1|Pelipper, L50, M|
|poke|p1|Eelektross, L50, F|
|poke|p1|Basculegion-F, L50, F|
|poke|p1|Politoed, L50, F|
|poke|p1|Roserade, L50, M|
|poke|p1|Archaludon, L50, F|
|poke|p2|Zoroark-Hisui, L50, M, shiny|
|poke|p2|Klefki, L50, M|
|poke|p2|Scizor, L50, F|
|poke|p2|Milotic, L50, M|
|poke|p2|Roserade, L50, F, shiny|
|poke|p2|Incineroar, L50, F|
|teampreview|4
|showteam|p1|Pelipper||DampRock|Drizzle|Hurricane,HydroPump,Tailwind,Uturn|Modest||M|||50|]Eelektross||Eelektrossite|Levitate|Thunder,Liquidation,ThunderWave,Coil|Hasty||F|||50|]Basculegion-F||LifeOrb|SwiftSwim|LastRespects,Waterfall,AquaJet,IceFang|Adamant||F|||50|]Politoed||Leftovers|Drizzle|HelpingHand,IcyWind,HydroPump,Rest|Modest||F|||50|]Roserade||BigRoot|PoisonPoint|LeechSeed,Toxic,SludgeBomb,GigaDrain|Calm||M|||50|]Archaludon||SitrusBerry|Stamina|ElectroShot,FlashCannon,AuraSphere,Protect|Timid||F|||50|
|showteam|p2|Zoroark-Hisui||FocusSash|Illusion|IcyWind,PhantomForce,BitterMalice,ShadowBall|Hasty||M|||50|]Klefki||LightClay|Prankster|LightScreen,PlayRough,Protect,Reflect|Brave||M|||50|]Scizor||Scizorite|Technician|AerialAce,Uturn,KnockOff,BulletPunch|Adamant||F|||50|]Milotic||Leftovers|Competitive|IcyWind,HydroPump,AlluringVoice,Recover|Modest||M|||50|]Roserade||BrightPowder|NaturalCure|StunSpore,SludgeBomb,PetalDance,Protect|Modest||F|||50|]Incineroar||BlackGlasses|Intimidate|BulkUp,DarkestLariat,FakeOut,FlareBlitz|Adamant||F|||50|
|
|t:|1784430134
|teamsize|p1|4
|teamsize|p2|4
|start
|switch|p1a: Pelipper|Pelipper, L50, M|100/100
|switch|p1b: Archaludon|Archaludon, L50, F|100/100
|switch|p2a: Klefki|Klefki, L50, M|100/100
|switch|p2b: Bud-Bud|Roserade, L50, F, shiny|100/100
|-weather|RainDance|[from] ability: Drizzle|[of] p1a: Pelipper
|turn|1
|
|t:|1784430152
|move|p2a: Klefki|Light Screen|p2a: Klefki
|-sidestart|p2: M9RBLEST6R|move: Light Screen
|move|p1b: Archaludon|Electro Shot||[still]
|-prepare|p1b: Archaludon|Electro Shot
|-boost|p1b: Archaludon|spa|1
|-anim|p1b: Archaludon|Electro Shot|p2a: Klefki
|-damage|p2a: Klefki|47/100
|move|p2b: Bud-Bud|Stun Spore|p1b: Archaludon
|-status|p1b: Archaludon|par
|move|p1a: Pelipper|Tailwind|p1a: Pelipper
|-sidestart|p1: kanonkugle|move: Tailwind
|
|-weather|RainDance|[upkeep]
|upkeep
|turn|2
|
|t:|1784430172
|move|p1a: Pelipper|Hurricane|p2b: Bud-Bud
|-supereffective|p2b: Bud-Bud|1
|-damage|p2b: Bud-Bud|13/100
|move|p1b: Archaludon|Electro Shot||[still]
|-prepare|p1b: Archaludon|Electro Shot
|-boost|p1b: Archaludon|spa|1
|-anim|p1b: Archaludon|Electro Shot|p2b: Bud-Bud
|-resisted|p2b: Bud-Bud|1
|-damage|p2b: Bud-Bud|0 fnt
|faint|p2b: Bud-Bud
|move|p2a: Klefki|Play Rough|p1b: Archaludon
|-damage|p1b: Archaludon|67/100 par
|-ability|p1b: Archaludon|Stamina|boost
|-boost|p1b: Archaludon|def|1
|
|-weather|RainDance|[upkeep]
|upkeep
|
|t:|1784430191
|switch|p2b: Scizor|Scizor, L50, F|100/100
|turn|3
|
|t:|1784430200
|move|p1a: Pelipper|Hydro Pump|p2b: Scizor
|-damage|p2b: Scizor|14/100
|replace|p2b: Fallible|Zoroark-Hisui, L50, M, shiny
|-end|p2b: Fallible|Illusion
|move|p2b: Fallible|Icy Wind|p1a: Pelipper|[spread] p1a,p1b
|-damage|p1a: Pelipper|83/100
|-damage|p1b: Archaludon|47/100 par
|-unboost|p1a: Pelipper|spe|1
|-unboost|p1b: Archaludon|spe|1
|-ability|p1b: Archaludon|Stamina|boost
|-boost|p1b: Archaludon|def|1
|-enditem|p1b: Archaludon|Sitrus Berry|[eat]
|-heal|p1b: Archaludon|72/100 par|[from] item: Sitrus Berry
|move|p1b: Archaludon|Electro Shot||[still]
|-prepare|p1b: Archaludon|Electro Shot
|-boost|p1b: Archaludon|spa|1
|-anim|p1b: Archaludon|Electro Shot|p2a: Klefki
|-damage|p2a: Klefki|0 fnt
|faint|p2a: Klefki
|
|-weather|RainDance|[upkeep]
|upkeep
|
|t:|1784430220
|switch|p2a: Scizor|Scizor, L50, F|100/100
|turn|4
|
|t:|1784430242
|detailschange|p2a: Scizor|Scizor-Mega, L50, F
|-mega|p2a: Scizor|Scizor|Scizorite
|move|p2b: Fallible|Phantom Force||[still]
|-prepare|p2b: Fallible|Phantom Force
|move|p1a: Pelipper|U-turn|p2b: Fallible|[miss]
|-miss|p1a: Pelipper|p2b: Fallible
|move|p1b: Archaludon|Electro Shot||[still]
|-prepare|p1b: Archaludon|Electro Shot
|-boost|p1b: Archaludon|spa|1
|-anim|p1b: Archaludon|Electro Shot|p2a: Scizor
|-damage|p2a: Scizor|11/100
|move|p2a: Scizor|Aerial Ace|p1a: Pelipper
|-damage|p1a: Pelipper|44/100
|
|-weather|RainDance|[upkeep]
|-sideend|p1: kanonkugle|move: Tailwind
|upkeep
|turn|5
|
|t:|1784430293
|move|p2b: Fallible|Phantom Force|p1b: Archaludon|[from] lockedmove
|-damage|p1b: Archaludon|57/100 par
|-ability|p1b: Archaludon|Stamina|boost
|-boost|p1b: Archaludon|def|1
|move|p2a: Scizor|Aerial Ace|p1a: Pelipper
|-damage|p1a: Pelipper|4/100
|move|p1a: Pelipper|U-turn|p2a: Scizor
|-resisted|p2a: Scizor|1
|-damage|p2a: Scizor|8/100
|
|t:|1784430302
|switch|p1a: well shit|Basculegion-F, L50, F|100/100|[from] U-turn
|move|p1b: Archaludon|Electro Shot||[still]
|-prepare|p1b: Archaludon|Electro Shot
|-boost|p1b: Archaludon|spa|1
|-anim|p1b: Archaludon|Electro Shot|p2a: Scizor
|-damage|p2a: Scizor|0 fnt
|faint|p2a: Scizor
|
|-weather|RainDance|[upkeep]
|upkeep
|turn|6
|
|t:|1784430312
|move|p1a: well shit|Aqua Jet|p2b: Fallible
|-damage|p2b: Fallible|0 fnt
|faint|p2b: Fallible
|-damage|p1a: well shit|90/100|[from] item: Life Orb
|
|win|kanonkugle
|c|☆kanonkugle|ggs
