|j|☆I am the Sweeper
|j|☆Lewis94
|html|I am the SweeperLewis94    
|uhtml|bestof|Game 2 of a best-of-3
|t:|1756228428
|gametype|doubles
|player|p1|I am the Sweeper|janitor|
|player|p2|Lewis94|ethan-gen2|
|gen|9
|tier|[Gen 9] VGC 2025 Reg H (Bo3)
|rule|Species Clause: Limit one of each Pokémon
|rule|Item Clause: Limit 1 of each item
|clearpoke
|poke|p1|Garganacl, L50, M|
|poke|p1|Dondozo, L50, F|
|poke|p1|Sneasler, L50, F|
|poke|p1|Gholdengo, L50|
|poke|p1|Ninetales-Alola, L50, F|
|poke|p1|Incineroar, L50, M|
|poke|p2|Garchomp, L50, F|
|poke|p2|Whimsicott, L50, F|
|poke|p2|Dragonite, L50, M|
|poke|p2|Typhlosion-Hisui, L50, M|
|poke|p2|Torkoal, L50, M|
|poke|p2|Kingambit, L50, M|
|teampreview|4
|showteam|p1|Garganacl||MarangaBerry|PurifyingSalt|SaltCure,StealthRock,Protect,Recover|||M|||50|,,,,,Flying]Dondozo||Leftovers|Unaware|Liquidation,Yawn,Curse,Protect|||F|||50|,,,,,Poison]Sneasler||FocusSash|PoisonTouch|DireClaw,CloseCombat,Coaching,Protect|||F|||50|,,,,,Ghost]Gholdengo||ChoiceScarf|GoodasGold|MakeItRain,ShadowBall,Trick,PowerGem||||||50|,,,,,Steel]Ninetales-Alola||NeverMeltIce|SnowWarning|Blizzard,FreezeDry,Protect,AuroraVeil|||F|||50|,,,,,Ice]Incineroar||AssaultVest|Intimidate|FlareBlitz,KnockOff,FakeOut,DrainPunch|||M|||50|,,,,,Grass
|showteam|p2|Garchomp||LifeOrb|RoughSkin|DragonClaw,StompingTantrum,Earthquake,Protect|||F|||50|,,,,,Ground]Whimsicott||CovertCloak|Prankster|Tailwind,SunnyDay,Moonblast,Encore|||F|||50|,,,,,Dark]Dragonite||LoadedDice|Multiscale|ExtremeSpeed,ScaleShot,IceSpinner,Protect|||M|||50|,,,,,Normal]Typhlosion-Hisui||ChoiceSpecs|Blaze|Eruption,ShadowBall,HeatWave,Protect|||M|||50|,,,,,Fire]Torkoal||EjectPack|Drought|Overheat,Eruption,HelpingHand,Protect|||M|||50|,,,,,Flying]Kingambit||AssaultVest|Defiant|IronHead,Assurance,SuckerPunch,LowKick|||M|||50|,,,,,Flying
|inactive|Battle timer is ON: inactive players will automatically lose when time's up. (requested by Lewis94)
|inactive|I am the Sweeper has 60 seconds left.
|
|t:|1756228468
|teamsize|p1|4
|teamsize|p2|4
|start
|switch|p1a: Garganacl|Garganacl, L50, M|100/100
|switch|p1b: Gholdengo|Gholdengo, L50|100/100
|switch|p2a: Whimsicott|Whimsicott, L50, F|100/100
|switch|p2b: Kingambit|Kingambit, L50, M|100/100
|turn|1
|inactive|Lewis94 has 30 seconds left.
|
|t:|1756228494
|-terastallize|p1a: Garganacl|Flying
|move|p1b: Gholdengo|Trick|p2b: Kingambit
|-activate|p1b: Gholdengo|move: Trick|[of] p2b: Kingambit
|-item|p2b: Kingambit|Choice Scarf|[from] move: Trick
|-item|p1b: Gholdengo|Assault Vest|[from] move: Trick
|move|p2a: Whimsicott|Moonblast|p1b: Gholdengo
|-resisted|p1b: Gholdengo
|-damage|p1b: Gholdengo|86/100
|move|p2b: Kingambit|Assurance|p1b: Gholdengo
|-supereffective|p1b: Gholdengo
|-damage|p1b: Gholdengo|0 fnt
|faint|p1b: Gholdengo
|move|p1a: Garganacl|Salt Cure|p2b: Kingambit
|-resisted|p2b: Kingambit
|-damage|p2b: Kingambit|95/100
|-start|p2b: Kingambit|Salt Cure
|
|-damage|p2b: Kingambit|71/100|[from] Salt Cure
|upkeep
|inactive|I am the Sweeper has 30 seconds left.
|
|t:|1756228525
|switch|p1b: Sneasler|Sneasler, L50, F|100/100
|turn|2
|inactive|Lewis94 has 30 seconds left.
|
|t:|1756228552
|switch|p2b: Dragonite|Dragonite, L50, M|100/100
|move|p2a: Whimsicott|Tailwind|p2a: Whimsicott
|-sidestart|p2: Lewis94|move: Tailwind
|move|p1b: Sneasler|Dire Claw|p2a: Whimsicott
|-supereffective|p2a: Whimsicott
|-damage|p2a: Whimsicott|0 fnt
|faint|p2a: Whimsicott
|move|p1a: Garganacl|Stealth Rock|p2b: Dragonite
|-sidestart|p2: Lewis94|move: Stealth Rock
|
|upkeep
|
|t:|1756228567
|switch|p2a: Typhlosion|Typhlosion-Hisui, L50, M|100/100
|-damage|p2a: Typhlosion|75/100|[from] Stealth Rock
|turn|3
|inactive|I am the Sweeper has 30 seconds left.
|inactive|I am the Sweeper has 20 seconds left.
|inactive|I am the Sweeper has 15 seconds left.
|
|t:|1756228609
|-terastallize|p2a: Typhlosion|Fire
|move|p2a: Typhlosion|Eruption|p1b: Sneasler|[spread] p1a,p1b
|-damage|p1a: Garganacl|42/100
|-enditem|p1b: Sneasler|Focus Sash
|-damage|p1b: Sneasler|1/100
|-enditem|p1a: Garganacl|Maranga Berry|[eat]
|-boost|p1a: Garganacl|spd|1|[from] item: Maranga Berry
|move|p2b: Dragonite|Scale Shot|p1b: Sneasler
|-damage|p1b: Sneasler|0 fnt
|faint|p1b: Sneasler
|-hitcount|p1: Sneasler|1
|-unboost|p2b: Dragonite|def|1
|-boost|p2b: Dragonite|spe|1
|move|p1a: Garganacl|Salt Cure|p2b: Dragonite
|-supereffective|p2b: Dragonite
|-damage|p2b: Dragonite|75/100
|-start|p2b: Dragonite|Salt Cure
|
|-damage|p2b: Dragonite|63/100|[from] Salt Cure
|upkeep
|
|t:|1756228628
|switch|p1b: Dondozo|Dondozo, L50, F|100/100
|turn|4
|
|t:|1756228646
|move|p1a: Garganacl|Protect|p1a: Garganacl
|-singleturn|p1a: Garganacl|Protect
|move|p2b: Dragonite|Scale Shot|p1b: Dondozo
|-damage|p1b: Dondozo|91/100
|-damage|p1b: Dondozo|81/100
|-damage|p1b: Dondozo|71/100
|-damage|p1b: Dondozo|62/100
|-hitcount|p1b: Dondozo|4
|-unboost|p2b: Dragonite|def|1
|-boost|p2b: Dragonite|spe|1
|move|p2a: Typhlosion|Eruption|p1a: Garganacl|[spread] p1b
|-activate|p1a: Garganacl|move: Protect
|-resisted|p1b: Dondozo
|-damage|p1b: Dondozo|33/100
|move|p1b: Dondozo|Liquidation|p2a: Typhlosion
|-supereffective|p2a: Typhlosion
|-damage|p2a: Typhlosion|0 fnt
|faint|p2a: Typhlosion
|
|-heal|p1b: Dondozo|39/100|[from] item: Leftovers
|-damage|p2b: Dragonite|51/100|[from] Salt Cure
|upkeep
|
|t:|1756228667
|switch|p2a: Kingambit|Kingambit, L50, M|71/100
|-damage|p2a: Kingambit|65/100|[from] Stealth Rock
|turn|5
|inactive|Lewis94 has 30 seconds left.
|
|t:|1756228698
|move|p1b: Dondozo|Protect|p1b: Dondozo
|-singleturn|p1b: Dondozo|Protect
|move|p2b: Dragonite|Extreme Speed|p1a: Garganacl
|-damage|p1a: Garganacl|21/100
|move|p2a: Kingambit|Assurance|p1a: Garganacl
|-damage|p1a: Garganacl|0 fnt
|faint|p1a: Garganacl
|
|-heal|p1b: Dondozo|45/100|[from] item: Leftovers
|-damage|p2b: Dragonite|39/100|[from] Salt Cure
|-sideend|p2: Lewis94|move: Tailwind
|upkeep
|turn|6
|inactive|I am the Sweeper has 30 seconds left.
|
|t:|1756228730
|move|p2b: Dragonite|Scale Shot|p1b: Dondozo
|-damage|p1b: Dondozo|35/100
|-damage|p1b: Dondozo|25/100
|-damage|p1b: Dondozo|16/100
|-damage|p1b: Dondozo|6/100
|-damage|p1b: Dondozo|0 fnt
|faint|p1b: Dondozo
|-hitcount|p1: Dondozo|5
|
|win|Lewis94
|c|☆Lewis94|ggs
|c|☆Lewis94|we'll run it back again that was close
|c|☆Lewis94|gotta take off for work have a good man talk soon
|c|☆Lewis94|day*
|l|☆Lewis94
|player|p2|
