|j|☆comicsans223
|j|☆meknomancer
|html|comicsans223meknomancer    
|uhtml|bestof|Game 2 of a best-of-3
|t:|1785371587
|gametype|doubles
|player|p1|comicsans223|n|
|player|p2|meknomancer|allister|
|gen|9
|tier|[Gen 9 Champions] VGC 2026 Reg M-B (Bo3)
|rule|Species Clause: Limit one of each Pokémon
|rule|Item Clause: Limit 1 of each item
|clearpoke
|poke|p1|Chesnaught, L50, F|
|poke|p1|Milotic, L50, F|
|poke|p1|Weavile, L50, M|
|poke|p1|Sinistcha, L50|
|poke|p1|Maushold-Four, L50|
|poke|p1|Ariados, L50, F|
|poke|p2|Kingambit, L50, M|
|poke|p2|Aerodactyl, L50, M|
|poke|p2|Sableye, L50, M|
|poke|p2|Krookodile, L50, M|
|poke|p2|Clefable, L50, F|
|poke|p2|Empoleon, L50, F|
|teampreview|4
|showteam|p1|Chesnaught||Chesnaughtite|Bulletproof|CloseCombat,SeedBomb,Payback,SpikyShield|Adamant||F|||50|]Milotic||Leftovers|Competitive|Scald,IceBeam,AlluringVoice,LifeDew|Calm||F|||50|]Weavile||LifeOrb|Pressure|IceShard,FakeOut,KnockOff,TripleAxel|Adamant||M|||50|]Sinistcha||BigRoot|Hospitality|MatchaGotcha,TrickRoom,Protect,RagePowder|Calm|||||50|]Maushold-Four||FocusSash|FriendGuard|FollowMe,AfterYou,Taunt,HelpingHand|Jolly|||||50|]Ariados||SilverPowder|Swarm|PoisonJab,FirstImpression,LeechLife,RagePowder|Brave||F|||50|
|showteam|p2|Kingambit||LifeOrb|SupremeOverlord|IronHead,LowKick,SuckerPunch,KowtowCleave|Adamant||M|||50|]Aerodactyl||Aerodactylite|Pressure|RockSlide,DualWingbeat,Tailwind,WideGuard|Jolly||M|||50|]Sableye||FocusSash|Prankster|FakeOut,KnockOff,Encore,ThunderWave|Impish||M|||50|]Krookodile||SitrusBerry|Intimidate|Earthquake,Crunch,LowKick,Protect|Jolly||M|||50|]Clefable||BabiriBerry|Unaware|Moonblast,FollowMe,Psychic,Protect|Calm||F|||50|]Empoleon||Leftovers|Competitive|Surf,IcyWind,FlashCannon,Protect|Modest||F|||50|
|
|t:|1785371638
|teamsize|p1|4
|teamsize|p2|4
|start
|switch|p1a: Nacht|Weavile, L50, M|100/100
|switch|p1b: Twice|Maushold-Four, L50|100/100
|switch|p2a: Happy Feet|Empoleon, L50, F|100/100
|switch|p2b: GEM ALARM!!!|Sableye, L50, M|100/100
|-ability|p1a: Nacht|Pressure
|turn|1
|
|t:|1785371739
|move|p2b: GEM ALARM!!!|Fake Out|p1a: Nacht
|-damage|p1a: Nacht|89/100
|move|p1b: Twice|Follow Me|p1b: Twice
|-singleturn|p1b: Twice|move: Follow Me
|cant|p1a: Nacht|flinch
|move|p2a: Happy Feet|Icy Wind|p1a: Nacht|[spread] p1a,p1b
|-resisted|p1a: Nacht|1
|-damage|p1a: Nacht|82/100
|-damage|p1b: Twice|83/100
|-unboost|p1a: Nacht|spe|1
|-unboost|p1b: Twice|spe|1
|
|upkeep
|turn|2
|
|t:|1785371760
|switch|p2b: WANNA BE CRAZY|Kingambit, L50, M|100/100
|move|p1b: Twice|Helping Hand|p1a: Nacht
|-singleturn|p1a: Nacht|Helping Hand|[of] p1b: Twice
|move|p1a: Nacht|Triple Axel|p2b: WANNA BE CRAZY
|-resisted|p2b: WANNA BE CRAZY|1
|-damage|p2b: WANNA BE CRAZY|92/100
|-resisted|p2b: WANNA BE CRAZY|1
|-damage|p2b: WANNA BE CRAZY|75/100
|-resisted|p2b: WANNA BE CRAZY|1
|-damage|p2b: WANNA BE CRAZY|52/100
|-hitcount|p2b: WANNA BE CRAZY|3
|-damage|p1a: Nacht|73/100|[from] item: Life Orb
|move|p2a: Happy Feet|Flash Cannon|p1a: Nacht
|-supereffective|p1a: Nacht|1
|-damage|p1a: Nacht|0 fnt
|faint|p1a: Nacht
|
|upkeep
|
|t:|1785371777
|switch|p1a: Gerson|Chesnaught, L50, F|100/100
|turn|3
|
|t:|1785371798
|detailschange|p1a: Gerson|Chesnaught-Mega, L50, F
|-mega|p1a: Gerson|Chesnaught|Chesnaughtite
|move|p1b: Twice|Helping Hand|p1a: Gerson
|-singleturn|p1a: Gerson|Helping Hand|[of] p1b: Twice
|move|p2a: Happy Feet|Icy Wind|p1b: Twice|[spread] p1a,p1b
|-supereffective|p1a: Gerson|1
|-damage|p1a: Gerson|80/100
|-damage|p1b: Twice|67/100
|-unboost|p1a: Gerson|spe|1
|-unboost|p1b: Twice|spe|1
|move|p2b: WANNA BE CRAZY|Low Kick|p1b: Twice
|-supereffective|p1b: Twice|1
|-damage|p1b: Twice|41/100
|-damage|p2b: WANNA BE CRAZY|42/100|[from] item: Life Orb
|move|p1a: Gerson|Close Combat|p2a: Happy Feet
|-supereffective|p2a: Happy Feet|1
|-damage|p2a: Happy Feet|0 fnt
|-unboost|p1a: Gerson|def|1
|-unboost|p1a: Gerson|spd|1
|faint|p2a: Happy Feet
|
|upkeep
|
|t:|1785371817
|switch|p2a: GEM ALARM!!!|Sableye, L50, M|100/100
|turn|4
|
|t:|1785371831
|switch|p1a: Hancock|Milotic, L50, F|100/100
|move|p2a: GEM ALARM!!!|Fake Out|p1a: Hancock
|-damage|p1a: Hancock|93/100
|move|p1b: Twice|Taunt|p2a: GEM ALARM!!!
|-start|p2a: GEM ALARM!!!|move: Taunt
|move|p2b: WANNA BE CRAZY|Kowtow Cleave|p1b: Twice
|-damage|p1b: Twice|0 fnt
|faint|p1b: Twice
|-damage|p2b: WANNA BE CRAZY|33/100|[from] item: Life Orb
|
|-heal|p1a: Hancock|99/100|[from] item: Leftovers
|upkeep
|
|t:|1785371844
|switch|p1b: Gerson|Chesnaught-Mega, L50, F|80/100
|turn|5
|c|☆meknomancer|damn i wasnt expecting gerson to go for empoleon
|
|t:|1785371853
|move|p1a: Hancock|Alluring Voice|p2a: GEM ALARM!!!
|-supereffective|p2a: GEM ALARM!!!|1
|-damage|p2a: GEM ALARM!!!|45/100
|move|p2a: GEM ALARM!!!|Knock Off|p1a: Hancock
|-damage|p1a: Hancock|69/100
|-enditem|p1a: Hancock|Leftovers|[from] move: Knock Off|[of] p2a: GEM ALARM!!!
|move|p2b: WANNA BE CRAZY|Kowtow Cleave|p1a: Hancock
|-damage|p1a: Hancock|1/100
|-damage|p2b: WANNA BE CRAZY|23/100|[from] item: Life Orb
|move|p1b: Gerson|Close Combat|p2b: WANNA BE CRAZY
|-supereffective|p2b: WANNA BE CRAZY|2
|-damage|p2b: WANNA BE CRAZY|0 fnt
|-unboost|p1b: Gerson|def|1
|-unboost|p1b: Gerson|spd|1
|faint|p2b: WANNA BE CRAZY
|-end|p2b: WANNA BE CRAZY|fallenundefined|[silent]
|
|upkeep
|c|☆meknomancer|ONE PERCENT
|
|t:|1785371867
|switch|p2b: Tailwind Merchant|Aerodactyl, L50, M|100/100
|-ability|p2b: Tailwind Merchant|Pressure
|turn|6
|
|t:|1785371885
|detailschange|p2b: Tailwind Merchant|Aerodactyl-Mega, L50, M
|-mega|p2b: Tailwind Merchant|Aerodactyl|Aerodactylite
|move|p1b: Gerson|Spiky Shield|p1b: Gerson
|-singleturn|p1b: Gerson|move: Protect
|move|p2b: Tailwind Merchant|Dual Wingbeat|p1b: Gerson
|-activate|p1b: Gerson|move: Protect
|-damage|p2b: Tailwind Merchant|87/100|[from] Spiky Shield|[of] p1b: Gerson
|move|p1a: Hancock|Scald|p2b: Tailwind Merchant
|-supereffective|p2b: Tailwind Merchant|1
|-damage|p2b: Tailwind Merchant|26/100
|move|p2a: GEM ALARM!!!|Knock Off|p1a: Hancock
|-damage|p1a: Hancock|0 fnt
|faint|p1a: Hancock
|
|upkeep
|turn|7
|
|t:|1785371902
|move|p2b: Tailwind Merchant|Dual Wingbeat|p1b: Gerson
|-supereffective|p1b: Gerson|2
|-damage|p1b: Gerson|0 fnt
|faint|p1b: Gerson
|-hitcount|p1: Gerson|1
|
|win|meknomancer
|l|☆comicsans223
|player|p1|
