|j|‽IshtarVGC26
|j|☆takeshivgc-test
|html|IshtarVGC26takeshivgc-test    
|uhtml|bestof|Game 3 of a best-of-3
|t:|1757783395
|gametype|doubles
|player|p1|IshtarVGC26|juan|1154
|player|p2|takeshivgc-test|sabrina|1195
|gen|9
|tier|[Gen 9] VGC 2025 Reg H (Bo3)
|rated|
|rule|Species Clause: Limit one of each Pokémon
|rule|Item Clause: Limit 1 of each item
|clearpoke
|poke|p1|Tyranitar, L50, M|
|poke|p1|Excadrill, L50, F|
|poke|p1|Sinistcha-Masterpiece, L50|
|poke|p1|Primarina, L50, F|
|poke|p1|Volcarona, L50, F|
|poke|p1|Braviary, L50, M|
|poke|p2|Armarouge, L50, F|
|poke|p2|Indeedee-F, L50, F|
|poke|p2|Torkoal, L50, M|
|poke|p2|Gallade, L50, M|
|poke|p2|Ursaluna, L50, M|
|poke|p2|Hatterene, L50, F|
|teampreview|4
|showteam|p1|Tyranitar||AssaultVest|SandStream|RockSlide,KnockOff,TeraBlast,BrickBreak|||M|||50|,,,,,Flying]Excadrill||FocusSash|SandRush|Protect,DrillRun,Earthquake,IronHead|||F|||50|,,,,,Dragon]Sinistcha-Masterpiece||RockyHelmet|Hospitality|LifeDew,RagePowder,MatchaGotcha,TrickRoom||||||50|,,,,,Water]Primarina||ThroatSpray|LiquidVoice|Protect,HyperVoice,Moonblast,Haze|||F|||50|,,,,,Water]Volcarona||SitrusBerry|FlameBody|Protect,FieryDance,GigaDrain,QuiverDance|||F|||50|,,,,,Dragon]Braviary||SafetyGoggles|Defiant|Protect,BraveBird,CloseCombat,Tailwind|||M|||50|,,,,,Ghost
|showteam|p2|Armarouge||PowerHerb|FlashFire|ArmorCannon,ExpandingForce,TrickRoom,MeteorBeam|||F|||50|,,,,,Grass]Indeedee-F||PsychicSeed|PsychicSurge|Psychic,HelpingHand,TrickRoom,FollowMe|||F|||50|,,,,,Grass]Torkoal||ChoiceSpecs|Drought|Eruption,ClearSmog,WeatherBall,HeatWave|||M|||50|,,,,,Fire]Gallade||ClearAmulet|Sharpness|PsychoCut,SacredSword,TrickRoom,WideGuard|||M|||50|,,,,,Fire]Ursaluna||FlameOrb|Guts|Facade,HeadlongRush,Earthquake,Protect|||M|||50|,,,,,Ghost]Hatterene||LifeOrb|MagicBounce|ExpandingForce,DazzlingGleam,TrickRoom,MysticalFire|||F|||50|,,,,,Fire
|
|t:|1757783415
|teamsize|p1|4
|teamsize|p2|4
|start
|switch|p1a: Tyranitar|Tyranitar, L50, M|100/100
|switch|p1b: Sinistcha|Sinistcha-Masterpiece, L50|100/100
|switch|p2a: Indeedee|Indeedee-F, L50, F|100/100
|switch|p2b: Gallade|Gallade, L50, M, shiny|100/100
|-weather|Sandstorm|[from] ability: Sand Stream|[of] p1a: Tyranitar
|-fieldstart|move: Psychic Terrain|[from] ability: Psychic Surge|[of] p2a: Indeedee
|-enditem|p2a: Indeedee|Psychic Seed
|-boost|p2a: Indeedee|spd|1|[from] item: Psychic Seed
|turn|1
|
|t:|1757783436
|move|p2a: Indeedee|Helping Hand|p2b: Gallade
|-singleturn|p2b: Gallade|Helping Hand|[of] p2a: Indeedee
|move|p1b: Sinistcha|Rage Powder|p1b: Sinistcha
|-singleturn|p1b: Sinistcha|move: Rage Powder
|move|p1a: Tyranitar|Knock Off|p2b: Gallade
|-damage|p2b: Gallade|20/100
|-enditem|p2b: Gallade|Clear Amulet|[from] move: Knock Off|[of] p1a: Tyranitar
|move|p2b: Gallade|Psycho Cut|p1b: Sinistcha
|-crit|p1b: Sinistcha
|-damage|p1b: Sinistcha|0 fnt
|faint|p1b: Sinistcha
|
|-weather|Sandstorm|[upkeep]
|-damage|p2b: Gallade|14/100|[from] Sandstorm
|-damage|p2a: Indeedee|94/100|[from] Sandstorm
|upkeep
|
|t:|1757783453
|switch|p1b: Excadrill|Excadrill, L50, F, shiny|100/100
|turn|2
|
|t:|1757783502
|move|p2b: Gallade|Wide Guard|p2b: Gallade
|-singleturn|p2b: Gallade|Wide Guard
|move|p1b: Excadrill|Iron Head|p2b: Gallade
|-damage|p2b: Gallade|0 fnt
|faint|p2b: Gallade
|move|p1a: Tyranitar|Knock Off|p2a: Indeedee
|-supereffective|p2a: Indeedee
|-damage|p2a: Indeedee|19/100
|move|p2a: Indeedee|Trick Room|p2a: Indeedee
|-fieldstart|move: Trick Room|[of] p2a: Indeedee
|
|-weather|Sandstorm|[upkeep]
|-damage|p2a: Indeedee|12/100|[from] Sandstorm
|upkeep
|
|t:|1757783519
|switch|p2b: Torkoal|Torkoal, L50, M|100/100
|-weather|SunnyDay|[from] ability: Drought|[of] p2b: Torkoal
|turn|3
|
|t:|1757783534
|switch|p1a: Primarina|Primarina, L50, F|100/100
|move|p1b: Excadrill|Protect|p1b: Excadrill
|-singleturn|p1b: Excadrill|Protect
|move|p2b: Torkoal|Eruption|p1a: Primarina|[spread] p1a
|-activate|p1b: Excadrill|move: Protect
|-resisted|p1a: Primarina
|-damage|p1a: Primarina|55/100
|move|p2a: Indeedee|Psychic|p1b: Excadrill
|-activate|p1b: Excadrill|move: Protect
|
|-weather|SunnyDay|[upkeep]
|upkeep
|turn|4
|
|t:|1757783551
|switch|p1a: Tyranitar|Tyranitar, L50, M|100/100
|-weather|Sandstorm|[from] ability: Sand Stream|[of] p1a: Tyranitar
|-terastallize|p1b: Excadrill|Dragon
|move|p2b: Torkoal|Eruption|p1a: Tyranitar|[spread] p1a,p1b
|-resisted|p1a: Tyranitar
|-resisted|p1b: Excadrill
|-damage|p1a: Tyranitar|83/100
|-damage|p1b: Excadrill|52/100
|move|p2a: Indeedee|Psychic|p1b: Excadrill
|-damage|p1b: Excadrill|4/100
|move|p1b: Excadrill|Earthquake|p2b: Torkoal|[spread] p1a,p2a,p2b
|-supereffective|p1a: Tyranitar
|-supereffective|p2b: Torkoal
|-damage|p1a: Tyranitar|4/100
|-damage|p2a: Indeedee|0 fnt
|-damage|p2b: Torkoal|33/100
|faint|p2a: Indeedee
|
|-weather|Sandstorm|[upkeep]
|-damage|p2b: Torkoal|26/100|[from] Sandstorm
|upkeep
|
|t:|1757783569
|switch|p2a: Armarouge|Armarouge, L50, F|100/100
|turn|5
|
|t:|1757783603
|switch|p1a: Primarina|Primarina, L50, F|55/100
|-terastallize|p2a: Armarouge|Grass
|move|p1b: Excadrill|Protect|p1b: Excadrill
|-singleturn|p1b: Excadrill|Protect
|move|p2b: Torkoal|Eruption|p1a: Primarina|[spread] p1a
|-activate|p1b: Excadrill|move: Protect
|-resisted|p1a: Primarina
|-damage|p1a: Primarina|47/100
|move|p2a: Armarouge|Meteor Beam||[still]
|-prepare|p2a: Armarouge|Meteor Beam
|-boost|p2a: Armarouge|spa|1
|-enditem|p2a: Armarouge|Power Herb
|-anim|p2a: Armarouge|Meteor Beam|p1a: Primarina|[miss]
|-miss|p2a: Armarouge|p1a: Primarina
|
|-weather|Sandstorm|[upkeep]
|-damage|p2b: Torkoal|20/100|[from] Sandstorm
|-damage|p1a: Primarina|41/100|[from] Sandstorm
|-damage|p2a: Armarouge|94/100|[from] Sandstorm
|-fieldend|move: Psychic Terrain
|upkeep
|turn|6
|
|t:|1757783661
|switch|p1b: Tyranitar|Tyranitar, L50, M|4/100
|move|p1a: Primarina|Protect|p1a: Primarina
|-singleturn|p1a: Primarina|Protect
|move|p2b: Torkoal|Eruption|p1b: Tyranitar|[spread] p1b
|-activate|p1a: Primarina|move: Protect
|-resisted|p1b: Tyranitar
|-damage|p1b: Tyranitar|2/100
|move|p2a: Armarouge|Expanding Force|p1a: Primarina
|-activate|p1a: Primarina|move: Protect
|
|-weather|Sandstorm|[upkeep]
|-damage|p2b: Torkoal|14/100|[from] Sandstorm
|-damage|p1a: Primarina|35/100|[from] Sandstorm
|-damage|p2a: Armarouge|88/100|[from] Sandstorm
|-fieldend|move: Trick Room
|upkeep
|turn|7
|
|t:|1757783681
|move|p1b: Tyranitar|Rock Slide|p2b: Torkoal|[spread] p2a,p2b
|-supereffective|p2b: Torkoal
|-damage|p2a: Armarouge|58/100
|-damage|p2b: Torkoal|0 fnt
|faint|p2b: Torkoal
|cant|p2a: Armarouge|flinch
|move|p1a: Primarina|Moonblast|p2a: Armarouge
|-damage|p2a: Armarouge|0 fnt
|faint|p2a: Armarouge
|
|win|IshtarVGC26
|raw|IshtarVGC26's rating: 1154 → 1182(+28 for winning)
|raw|takeshivgc-test's rating: 1195 → 1167(-28 for losing)
