|j|☆znivs
|j|☆ilovemigu
|html|znivsilovemigu    
|uhtml|bestof|Game 1 of a best-of-3
|t:|1784442168
|gametype|doubles
|player|p1|znivs|1|1172
|player|p2|ilovemigu|102|1052
|gen|9
|tier|[Gen 9 Champions] VGC 2026 Reg M-B (Bo3)
|rated|
|rule|Species Clause: Limit one of each Pokémon
|rule|Item Clause: Limit 1 of each item
|clearpoke
|poke|p1|Venusaur, L50, M|
|poke|p1|Charizard, L50, F|
|poke|p1|Grimmsnarl, L50, M|
|poke|p1|Archaludon, L50, M|
|poke|p1|Basculegion, L50, M|
|poke|p1|Pelipper, L50, F|
|poke|p2|Gallade, L50, M|
|poke|p2|Farigiraf, L50, F|
|poke|p2|Clefable, L50, M|
|poke|p2|Sneasler, L50, M|
|poke|p2|Espathra, L50, F|
|poke|p2|Torkoal, L50, M|
|teampreview|4
|showteam|p1|Venusaur||FocusSash|Chlorophyll|SludgeBomb,EarthPower,Protect,SleepPowder|Modest||M|||50|]Charizard||CharizarditeY|SolarPower|Protect,HeatWave,SolarBeam,WeatherBall|Modest||F|||50|]Grimmsnarl||LightClay|Prankster|SpiritBreak,Reflect,LightScreen,PartingShot|Sassy||M|||50|]Archaludon||Leftovers|Stamina|ElectroShot,Protect,FlashCannon,DragonPulse|Calm||M|||50|]Basculegion||ChoiceScarf|Adaptability|WaveCrash,LastRespects,AquaJet,FlipTurn|Jolly||M|||50|]Pelipper||SitrusBerry|Drizzle|WeatherBall,Hurricane,Tailwind,WideGuard|Modest||F|||50|
|showteam|p2|Gallade||Galladite|Justified|DrainPunch,ShadowSneak,RockSlide,Protect|Adamant||M|||50|]Farigiraf||SitrusBerry|ArmorTail|AllySwitch,Psychic,HelpingHand,BeatUp|Relaxed||F|||50|]Clefable||Leftovers|MagicGuard|FollowMe,Protect,CosmicPower,BatonPass|Bold||M|||50|]Sneasler||FocusSash|Unburden|Coaching,FakeOut,DireClaw,CloseCombat|Adamant||M|||50|]Espathra||MentalHerb|SpeedBoost|BatonPass,CalmMind,Protect,ExpandingForce|Bold||F|||50|]Torkoal||Charcoal|Drought|Eruption,Protect,SolarBeam,WeatherBall|Quiet||M|||50|
|
|t:|1784442212
|teamsize|p1|4
|teamsize|p2|4
|start
|switch|p1a: Basculegion|Basculegion, L50, M|100/100
|switch|p1b: Charizard|Charizard, L50, F|100/100
|switch|p2a: Clefable|Clefable, L50, M|100/100
|switch|p2b: Sneasler|Sneasler, L50, M|100/100
|turn|1
|
|t:|1784442221
|detailschange|p1b: Charizard|Charizard-Mega-Y, L50, F
|-mega|p1b: Charizard|Charizard|Charizardite Y
|-weather|SunnyDay|[from] ability: Drought|[of] p1b: Charizard
|move|p2b: Sneasler|Fake Out|p1b: Charizard
|-damage|p1b: Charizard|83/100
|move|p1a: Basculegion|Wave Crash|p2b: Sneasler
|-damage|p2b: Sneasler|42/100
|-damage|p1a: Basculegion|84/100|[from] Recoil
|cant|p1b: Charizard|flinch
|move|p2a: Clefable|Cosmic Power|p2a: Clefable
|-boost|p2a: Clefable|def|1
|-boost|p2a: Clefable|spd|1
|
|-weather|SunnyDay|[upkeep]
|upkeep
|turn|2
|
|t:|1784442241
|move|p2a: Clefable|Protect|p2a: Clefable
|-singleturn|p2a: Clefable|Protect
|move|p1a: Basculegion|Wave Crash|p2a: Clefable
|-activate|p2a: Clefable|move: Protect
|move|p2b: Sneasler|Coaching|p2a: Clefable
|-boost|p2a: Clefable|atk|1
|-boost|p2a: Clefable|def|1
|move|p1b: Charizard|Heat Wave|p2a: Clefable|[spread] p2b
|-activate|p2a: Clefable|move: Protect
|-damage|p2b: Sneasler|0 fnt
|faint|p2b: Sneasler
|
|-weather|SunnyDay|[upkeep]
|upkeep
|
|t:|1784442258
|switch|p2b: Farigiraf|Farigiraf, L50, F|100/100
|turn|3
|
|t:|1784442265
|move|p1a: Basculegion|Wave Crash|p2b: Farigiraf
|-damage|p2b: Farigiraf|69/100
|-damage|p1a: Basculegion|72/100|[from] Recoil
|move|p1b: Charizard|Weather Ball|p2b: Farigiraf
|-damage|p2b: Farigiraf|0 fnt
|faint|p2b: Farigiraf
|move|p2a: Clefable|Baton Pass|p2a: Clefable
|
|t:|1784442274
|switch|p2a: Gallade|Gallade, L50, M|100/100|[from] Baton Pass
|
|-weather|SunnyDay|[upkeep]
|upkeep
|
|t:|1784442277
|switch|p2b: Clefable|Clefable, L50, M|100/100
|turn|4
|
|t:|1784442310
|switch|p1a: Archaludon|Archaludon, L50, M|100/100
|detailschange|p2a: Gallade|Gallade-Mega, L50, M
|-mega|p2a: Gallade|Gallade|Galladite
|move|p1b: Charizard|Protect|p1b: Charizard
|-singleturn|p1b: Charizard|Protect
|move|p2b: Clefable|Follow Me|p2b: Clefable
|-singleturn|p2b: Clefable|move: Follow Me
|move|p2a: Gallade|Rock Slide|p1b: Charizard|[spread] p1a
|-activate|p1b: Charizard|move: Protect
|-resisted|p1a: Archaludon|1
|-damage|p1a: Archaludon|86/100
|-ability|p1a: Archaludon|Stamina|boost
|-boost|p1a: Archaludon|def|1
|
|-weather|SunnyDay|[upkeep]
|-heal|p1a: Archaludon|92/100|[from] item: Leftovers
|upkeep
|turn|5
|
|t:|1784442334
|switch|p1b: Pelipper|Pelipper, L50, F|100/100
|-weather|RainDance|[from] ability: Drizzle|[of] p1b: Pelipper
|move|p2b: Clefable|Follow Me|p2b: Clefable
|-singleturn|p2b: Clefable|move: Follow Me
|move|p2a: Gallade|Rock Slide|p1a: Archaludon|[spread] p1a,p1b
|-resisted|p1a: Archaludon|1
|-supereffective|p1b: Pelipper|1
|-damage|p1a: Archaludon|83/100
|-damage|p1b: Pelipper|10/100
|-ability|p1a: Archaludon|Stamina|boost
|-boost|p1a: Archaludon|def|1
|-enditem|p1b: Pelipper|Sitrus Berry|[eat]
|-heal|p1b: Pelipper|34/100|[from] item: Sitrus Berry
|move|p1a: Archaludon|Electro Shot||[still]
|-prepare|p1a: Archaludon|Electro Shot
|-boost|p1a: Archaludon|spa|1
|-anim|p1a: Archaludon|Electro Shot|p2b: Clefable
|-crit|p2b: Clefable
|-damage|p2b: Clefable|18/100
|
|-weather|RainDance|[upkeep]
|-heal|p1a: Archaludon|89/100|[from] item: Leftovers
|-heal|p2b: Clefable|24/100|[from] item: Leftovers
|upkeep
|turn|6
|
|t:|1784442378
|move|p1a: Archaludon|Protect|p1a: Archaludon
|-singleturn|p1a: Archaludon|Protect
|move|p2b: Clefable|Follow Me|p2b: Clefable
|-singleturn|p2b: Clefable|move: Follow Me
|move|p2a: Gallade|Drain Punch|p1a: Archaludon
|-activate|p1a: Archaludon|move: Protect
|move|p1b: Pelipper|Tailwind|p1b: Pelipper
|-sidestart|p1: znivs|move: Tailwind
|
|-weather|RainDance|[upkeep]
|-heal|p1a: Archaludon|95/100|[from] item: Leftovers
|-heal|p2b: Clefable|30/100|[from] item: Leftovers
|upkeep
|turn|7
|
|t:|1784442396
|move|p2b: Clefable|Follow Me|p2b: Clefable
|-singleturn|p2b: Clefable|move: Follow Me
|move|p1a: Archaludon|Electro Shot||[still]
|-prepare|p1a: Archaludon|Electro Shot
|-boost|p1a: Archaludon|spa|1
|-anim|p1a: Archaludon|Electro Shot|p2b: Clefable
|-damage|p2b: Clefable|0 fnt
|faint|p2b: Clefable
|move|p1b: Pelipper|Hurricane|p2a: Gallade
|-supereffective|p2a: Gallade|1
|-damage|p2a: Gallade|40/100
|move|p2a: Gallade|Drain Punch|p1a: Archaludon
|-supereffective|p1a: Archaludon|1
|-damage|p1a: Archaludon|38/100
|-heal|p2a: Gallade|73/100|[from] drain|[of] p1a: Archaludon
|-ability|p1a: Archaludon|Stamina|boost
|-boost|p1a: Archaludon|def|1
|
|-weather|RainDance|[upkeep]
|-heal|p1a: Archaludon|44/100|[from] item: Leftovers
|upkeep
|turn|8
|
|t:|1784442418
|move|p1a: Archaludon|Electro Shot||[still]
|-prepare|p1a: Archaludon|Electro Shot
|-boost|p1a: Archaludon|spa|1
|-anim|p1a: Archaludon|Electro Shot|p2a: Gallade
|-damage|p2a: Gallade|20/100r
|move|p1b: Pelipper|Hurricane|p2a: Gallade
|-supereffective|p2a: Gallade|1
|-damage|p2a: Gallade|0 fnt
|faint|p2a: Gallade
|
|win|znivs
||znivs is ready for game 2.
|l|☆ilovemigu
|player|p2|
|inactive|ilovemigu has 30 seconds to confirm battle start!
|inactive|ilovemigu has 20 seconds to confirm battle start!
|j|☆ilovemigu
|player|p2|ilovemigu|102|
|inactive|ilovemigu has 10 seconds to confirm battle start!
|l|☆ilovemigu
|player|p2|
|j|☆ilovemigu
|player|p2|ilovemigu|102|
|uhtml|next|Next: Game 2 of 3
