|j|☆thesuperwombat
|j|☆fylekull
|html|thesuperwombatfylekull    
|uhtml|bestof|Game 2 of a best-of-3
|t:|1783733323
|gametype|doubles
|player|p1|thesuperwombat|acetrainer-gen4dp|
|player|p2|fylekull|265|
|gen|9
|tier|[Gen 9 Champions] VGC 2026 Reg M-B (Bo3)
|rule|Species Clause: Limit one of each Pokémon
|rule|Item Clause: Limit 1 of each item
|clearpoke
|poke|p1|Torkoal, L50, F|
|poke|p1|Mawile, L50, M|
|poke|p1|Sinistcha, L50|
|poke|p1|Oranguru, L50, F|
|poke|p1|Maushold-Four, L50|
|poke|p1|Azumarill, L50, M|
|poke|p2|Farigiraf, L50, M|
|poke|p2|Weavile, L50, M|
|poke|p2|Klefki, L50, F|
|poke|p2|Blaziken, L50, M|
|poke|p2|Greninja, L50, F|
|poke|p2|Cofagrigus, L50, M, shiny|
|teampreview|4
|showteam|p1|Torkoal||Charcoal|Drought|Eruption,HeatWave,SolarBeam,Protect|Quiet||F|||50|]Mawile||Mawilite|HyperCutter|Crunch,PlayRough,Protect,ThunderPunch|Adamant||M|||50|]Sinistcha||SitrusBerry|Heatproof|TrickRoom,RagePowder,MatchaGotcha,StrengthSap|Calm|||||50|]Oranguru||ColburBerry|InnerFocus|Protect,Thunderbolt,Instruct,TrickRoom|Sassy||F|||50|]Maushold-Four||WideLens|FriendGuard|Protect,Uturn,PopulationBomb,FollowMe|Brave|||||50|]Azumarill||MysticWater|ThickFat|Superpower,AquaJet,Liquidation,PlayRough|Brave||M|||50|
|showteam|p2|Farigiraf||SitrusBerry|ArmorTail|TrickRoom,Imprison,TwinBeam,Protect|Quiet||M|||50|]Weavile||FocusSash|Pickpocket|IceShard,FakeOut,Taunt,KnockOff|Jolly||M|||50|]Klefki||LightClay|Prankster|Protect,LightScreen,DazzlingGleam,RainDance|Bold||F|||50|]Blaziken||Blazikenite|SpeedBoost|FlareBlitz,CloseCombat,RockSlide,Detect|Adamant||M|||50|]Greninja||Greninjite|Torrent|WaterShuriken,DarkPulse,IceBeam,GrassKnot|Serious||F|||50|]Cofagrigus||LumBerry|Mummy|WillOWisp,RainDance,ToxicSpikes,Hex|Relaxed||M|||50|
|
|t:|1783733424
|teamsize|p1|4
|teamsize|p2|4
|start
|switch|p1a: Oranguru|Oranguru, L50, F|100/100
|switch|p1b: Maushold|Maushold-Four, L50|100/100
|switch|p2a: Weavile|Weavile, L50, M|100/100
|switch|p2b: Greninja|Greninja, L50, F|100/100
|turn|1
|
|t:|1783733484
|detailschange|p2b: Greninja|Greninja-Mega, L50, F
|-mega|p2b: Greninja|Greninja|Greninjite
|move|p2a: Weavile|Fake Out|p1a: Oranguru
|-damage|p1a: Oranguru|89/100
|move|p1b: Maushold|Follow Me|p1b: Maushold
|-singleturn|p1b: Maushold|move: Follow Me
|move|p2b: Greninja|Dark Pulse|p1b: Maushold
|-start|p2b: Greninja|typechange|Dark|[from] ability: Protean
|-damage|p1b: Maushold|48/100
|move|p1a: Oranguru|Trick Room|p1a: Oranguru
|-fieldstart|move: Trick Room|[of] p1a: Oranguru
|
|upkeep
|turn|2
|
|t:|1783733507
|switch|p2b: Klefki|Klefki, L50, F|100/100
|move|p2a: Weavile|Ice Shard|p1b: Maushold
|-damage|p1b: Maushold|22/100
|move|p1a: Oranguru|Thunderbolt|p2b: Klefki
|-damage|p2b: Klefki|81/100
|move|p1b: Maushold|Population Bomb|p2a: Weavile
|-crit|p2a: Weavile
|-damage|p2a: Weavile|76/100
|-damage|p2a: Weavile|62/100
|-damage|p2a: Weavile|46/100
|-damage|p2a: Weavile|29/100
|-damage|p2a: Weavile|13/100
|-damage|p2a: Weavile|0 fnt
|faint|p2a: Weavile
|-hitcount|p2: Weavile|6
|
|upkeep
|
|t:|1783733526
|switch|p2a: Greninja|Greninja-Mega, L50, F|100/100
|turn|3
|
|t:|1783733568
|move|p2b: Klefki|Light Screen|p2b: Klefki
|-sidestart|p2: fylekull|move: Light Screen
|move|p1a: Oranguru|Thunderbolt|p2a: Greninja
|-supereffective|p2a: Greninja|1
|-crit|p2a: Greninja
|-damage|p2a: Greninja|16/100
|move|p1b: Maushold|U-turn|p2a: Greninja
|-supereffective|p2a: Greninja|1
|-damage|p2a: Greninja|0 fnt
|faint|p2a: Greninja
|
|t:|1783733577
|switch|p1b: Mawile|Mawile, L50, M|100/100|[from] U-turn
|
|upkeep
|
|t:|1783733581
|switch|p2a: Blaziken|Blaziken, L50, M|100/100
|turn|4
|
|t:|1783733616
|detailschange|p1b: Mawile|Mawile-Mega, L50, M
|-mega|p1b: Mawile|Mawile|Mawilite
|move|p2b: Klefki|Protect|p2b: Klefki
|-singleturn|p2b: Klefki|Protect
|move|p2a: Blaziken|Detect|p2a: Blaziken
|-singleturn|p2a: Blaziken|Protect
|move|p1b: Mawile|Thunder Punch|p2b: Klefki
|-activate|p2b: Klefki|move: Protect
|move|p1a: Oranguru|Instruct|p1b: Mawile
|-singleturn|p1b: Mawile|move: Instruct|[of] p1a: Oranguru
|move|p1b: Mawile|Thunder Punch|p2b: Klefki
|-activate|p2b: Klefki|move: Protect
|
|-ability|p2a: Blaziken|Speed Boost|boost
|-boost|p2a: Blaziken|spe|1
|upkeep
|turn|5
|
|t:|1783733650
|move|p1b: Mawile|Play Rough|p2a: Blaziken
|-damage|p2a: Blaziken|0 fnt
|faint|p2a: Blaziken
|move|p1a: Oranguru|Instruct|p1b: Mawile
|-singleturn|p1b: Mawile|move: Instruct|[of] p1a: Oranguru
|move|p1b: Mawile|Play Rough|p2b: Klefki
|-resisted|p2b: Klefki|1
|-damage|p2b: Klefki|39/100
|move|p2b: Klefki|Dazzling Gleam|p1b: Mawile|[spread] p1a,p1b
|-resisted|p1b: Mawile|1
|-damage|p1a: Oranguru|77/100
|-damage|p1b: Mawile|89/100
|
|-fieldend|move: Trick Room
|upkeep
|turn|6
|c|☆fylekull|you cooked me lol
|
|t:|1783733664
|move|p2b: Klefki|Dazzling Gleam|p1a: Oranguru|[spread] p1a,p1b
|-resisted|p1b: Mawile|1
|-damage|p1a: Oranguru|64/100
|-damage|p1b: Mawile|79/100
|move|p1a: Oranguru|Thunderbolt|p2b: Klefki
|-damage|p2b: Klefki|27/100
|move|p1b: Mawile|Thunder Punch|p2b: Klefki
|-damage|p2b: Klefki|0 fnt
|faint|p2b: Klefki
|
|win|thesuperwombat
|c|☆thesuperwombat|Gg
|l|☆thesuperwombat
|player|p1|
|c|☆fylekull|gg
