|j|☆fanman64
|j|☆namboyVGC
|html|fanman64namboyVGC    
|uhtml|bestof|Game 1 of a best-of-3
|t:|1757625847
|gametype|doubles
|player|p1|fanman64|volkner|1419
|player|p2|namboyVGC|pokemonranger-gen4|1412
|gen|9
|tier|[Gen 9] VGC 2025 Reg H (Bo3)
|rated|
|rule|Species Clause: Limit one of each Pokémon
|rule|Item Clause: Limit 1 of each item
|clearpoke
|poke|p1|Kommo-o, L50, F|
|poke|p1|Sinistcha, L50|
|poke|p1|Ninetales-Alola, L50, M|
|poke|p1|Ursaluna, L50, M|
|poke|p1|Incineroar, L50, F|
|poke|p1|Kilowattrel, L50, F|
|poke|p2|Sneasler, L50, M|
|poke|p2|Indeedee, L50, M|
|poke|p2|Annihilape, L50, F|
|poke|p2|Hydreigon, L50, F|
|poke|p2|Tyranitar, L50, F|
|poke|p2|Excadrill, L50, F|
|teampreview|4
|showteam|p1|Kommo-o||ThroatSpray|Soundproof|ClangingScales,Flamethrower,Protect,ClangorousSoul|||F|||50|,,,,,Fire]Sinistcha||SitrusBerry|Hospitality|MatchaGotcha,RagePowder,ShadowBall,TrickRoom||||||50|,,,,,Water]Ninetales-Alola||CovertCloak|SnowWarning|Blizzard,IcyWind,AuroraVeil,Protect|||M|||50|,,,,,Fire]Ursaluna||FlameOrb|Guts|Earthquake,HeadlongRush,Facade,Protect|||M|||50|,,,,,Ghost]Incineroar||AssaultVest|Intimidate|FlareBlitz,KnockOff,FakeOut,Uturn|||F|||50|,,,,,Grass]Kilowattrel||FocusSash|Competitive|Thunderbolt,AirSlash,Tailwind,Protect|||F|||50|,,,,,Ghost
|showteam|p2|Sneasler||PsychicSeed|Unburden|DireClaw,CloseCombat,ThroatChop,Protect|||M|||50|,,,,,Dark]Indeedee||ChoiceScarf|PsychicSurge|ExpandingForce,TeraBlast,DazzlingGleam,Trick|||M|||50|,,,,,Fire]Annihilape||SafetyGoggles|Defiant|CloseCombat,RageFist,Taunt,FinalGambit|||F|||50|,,,,,Water]Hydreigon||CovertCloak|Levitate|Snarl,DracoMeteor,Tailwind,Roar|||F|||50|,,,,,Fairy]Tyranitar||AssaultVest|SandStream|KnockOff,RockSlide,TeraBlast,LowKick|||F|||50|,,,,,Flying]Excadrill||FocusSash|SandRush|HighHorsepower,Earthquake,IronHead,Protect|||F|||50|,,,,,Stellar
|inactive|Battle timer is ON: inactive players will automatically lose when time's up. (requested by namboyVGC)
|inactive|fanman64 has 60 seconds left.
|
|t:|1757625903
|teamsize|p1|4
|teamsize|p2|4
|start
|switch|p1a: Incineroar|Incineroar, L50, F|100/100
|switch|p1b: Kilowattrel|Kilowattrel, L50, F|100/100
|switch|p2a: Kärcher|Indeedee, L50, M, shiny|100/100
|switch|p2b: XActo|Sneasler, L50, M, shiny|100/100
|-fieldstart|move: Psychic Terrain|[from] ability: Psychic Surge|[of] p2a: Kärcher
|-enditem|p2b: XActo|Psychic Seed
|-boost|p2b: XActo|spd|1|[from] item: Psychic Seed
|-ability|p1a: Incineroar|Intimidate|boost
|-unboost|p2a: Kärcher|atk|1
|-unboost|p2b: XActo|atk|1
|turn|1
|
|t:|1757625923
|-terastallize|p2a: Kärcher|Fire
|move|p2b: XActo|Dire Claw|p1b: Kilowattrel
|-damage|p1b: Kilowattrel|48/100
|move|p2a: Kärcher|Expanding Force|p1b: Kilowattrel|[spread] p1b
|-immune|p1a: Incineroar
|-damage|p1b: Kilowattrel|0 fnt
|faint|p1b: Kilowattrel
|move|p1a: Incineroar|U-turn|p2a: Kärcher
|-resisted|p2a: Kärcher
|-damage|p2a: Kärcher|82/100
|
|t:|1757625935
|switch|p1a: Ursaluna|Ursaluna, L50, M|100/100|[from] U-turn
|
|-status|p1a: Ursaluna|brn|[from] item: Flame Orb
|upkeep
|
|t:|1757625945
|switch|p1b: Sinistcha|Sinistcha, L50|100/100
|turn|2
|
|t:|1757625967
|move|p1b: Sinistcha|Rage Powder|p1b: Sinistcha
|-singleturn|p1b: Sinistcha|move: Rage Powder
|move|p2b: XActo|Throat Chop|p1b: Sinistcha
|-supereffective|p1b: Sinistcha
|-damage|p1b: Sinistcha|65/100
|-start|p1b: Sinistcha|Throat Chop|[silent]
|move|p2a: Kärcher|Expanding Force|p1a: Ursaluna|[spread] p1a,p1b
|-damage|p1a: Ursaluna|55/100 brn
|-damage|p1b: Sinistcha|18/100
|-enditem|p1b: Sinistcha|Sitrus Berry|[eat]
|-heal|p1b: Sinistcha|43/100|[from] item: Sitrus Berry
|move|p1a: Ursaluna|Earthquake|p2b: XActo|[spread] p1b,p2a,p2b
|-resisted|p1b: Sinistcha
|-supereffective|p2a: Kärcher
|-supereffective|p2b: XActo
|-damage|p1b: Sinistcha|9/100
|-damage|p2a: Kärcher|0 fnt
|-damage|p2b: XActo|0 fnt
|faint|p2a: Kärcher
|faint|p2b: XActo
|
|-damage|p1a: Ursaluna|49/100 brn|[from] brn
|upkeep
|
|t:|1757625985
|switch|p2b: Makita|Excadrill, L50, F, shiny|100/100
|switch|p2a: Stanley|Tyranitar, L50, F, shiny|100/100
|-weather|Sandstorm|[from] ability: Sand Stream|[of] p2a: Stanley
|turn|3
|
|t:|1757626005
|switch|p1b: Incineroar|Incineroar, L50, F|100/100
|-ability|p1b: Incineroar|Intimidate|boost
|-unboost|p2a: Stanley|atk|1
|-unboost|p2b: Makita|atk|1
|move|p1a: Ursaluna|Protect|p1a: Ursaluna
|-singleturn|p1a: Ursaluna|Protect
|move|p2b: Makita|Iron Head|p1a: Ursaluna
|-activate|p1a: Ursaluna|move: Protect
|move|p2a: Stanley|Rock Slide|p1a: Ursaluna|[spread] p1b
|-activate|p1a: Ursaluna|move: Protect
|-supereffective|p1b: Incineroar
|-damage|p1b: Incineroar|57/100
|
|-weather|Sandstorm|[upkeep]
|-damage|p1b: Incineroar|51/100|[from] Sandstorm
|-damage|p1a: Ursaluna|43/100 brn|[from] brn
|upkeep
|turn|4
|inactive|fanman64 has 30 seconds left.
|
|t:|1757626034
|move|p1b: Incineroar|Fake Out|p2a: Stanley
|-activate|p2a: Stanley|move: Psychic Terrain
|move|p2b: Makita|High Horsepower|p1a: Ursaluna
|-damage|p1a: Ursaluna|11/100 brn
|move|p2a: Stanley|Rock Slide|p1a: Ursaluna|[spread] p1a,p1b
|-resisted|p1a: Ursaluna
|-supereffective|p1b: Incineroar
|-damage|p1a: Ursaluna|3/100 brn
|-damage|p1b: Incineroar|11/100
|move|p1a: Ursaluna|Headlong Rush|p2a: Stanley
|-supereffective|p2a: Stanley
|-damage|p2a: Stanley|0 fnt
|-unboost|p1a: Ursaluna|def|1
|-unboost|p1a: Ursaluna|spd|1
|faint|p2a: Stanley
|
|-weather|Sandstorm|[upkeep]
|-damage|p1b: Incineroar|5/100|[from] Sandstorm
|-damage|p1a: Ursaluna|0 fnt|[from] brn
|faint|p1a: Ursaluna
|upkeep
|
|t:|1757626042
|switch|p1a: Sinistcha|Sinistcha, L50|9/100
|-heal|p1b: Incineroar|30/100|[from] ability: Hospitality|[of] p1a: Sinistcha
|turn|5
|
|t:|1757626067
|-terastallize|p1a: Sinistcha|Water
|move|p2b: Makita|Earthquake|p1b: Incineroar|[spread] p1a,p1b
|-crit|p1a: Sinistcha
|-supereffective|p1b: Incineroar
|-damage|p1a: Sinistcha|0 fnt
|-damage|p1b: Incineroar|0 fnt
|faint|p1a: Sinistcha
|faint|p1b: Incineroar
|
|win|namboyVGC
||namboyVGC is ready for game 2.
||fanman64 is ready for game 2.
|uhtml|next|Next: Game 2 of 3
