|j|☆timmytheglueeater
|j|☆girasolia
|html|timmytheglueeatergirasolia    
|uhtml|bestof|Game 2 of a best-of-3
|t:|1757777274
|gametype|doubles
|player|p1|timmytheglueeater|265|1402
|player|p2|girasolia|dawn-gen4pt|1336
|gen|9
|tier|[Gen 9] VGC 2025 Reg H (Bo3)
|rated|
|rule|Species Clause: Limit one of each Pokémon
|rule|Item Clause: Limit 1 of each item
|clearpoke
|poke|p1|Excadrill, L50, M|
|poke|p1|Tyranitar, L50, M|
|poke|p1|Kommo-o, L50, M|
|poke|p1|Sinistcha, L50|
|poke|p1|Incineroar, L50, M|
|poke|p1|Basculegion, L50, M|
|poke|p2|Delphox, L50, F|
|poke|p2|Indeedee-F, L50, F|
|poke|p2|Ursaluna, L50, M|
|poke|p2|Porygon2, L50|
|poke|p2|Torkoal, L50, F|
|poke|p2|Dragonite, L50, F|
|teampreview|4
|showteam|p1|Excadrill||FocusSash|SandRush|Protect,HighHorsepower,Earthquake,IronHead|||M|||50|,,,,,Ghost]Tyranitar||AssaultVest|SandStream|RockSlide,KnockOff,LowKick,TeraBlast|||M|||50|,,,,,Flying]Kommo-o||ThroatSpray|Overcoat|ClangingScales,ClangorousSoul,AuraSphere,Protect|||M|||50|,,,,,Steel]Sinistcha||SitrusBerry|Hospitality|MatchaGotcha,RagePowder,LifeDew,TrickRoom||||||50|,,,,,Water]Incineroar||SafetyGoggles|Intimidate|KnockOff,FakeOut,FlareBlitz,PartingShot|||M|||50|,,,,,Ghost]Basculegion||ChoiceScarf|Adaptability|WaveCrash,FlipTurn,LastRespects,TeraBlast|||M|||50|,,,,,Grass
|showteam|p2|Delphox||FocusSash|Blaze|ExpandingForce,HeatWave,DazzlingGleam,Protect|||F|||50|,,,,,Stellar]Indeedee-F||PsychicSeed|PsychicSurge|Psychic,FollowMe,TrickRoom,HelpingHand|||F|||50|,,,,,Fairy]Ursaluna||FlameOrb|Guts|Facade,HeadlongRush,Earthquake,Protect|||M|||50|,,,,,Ghost]Porygon2||Eviolite|Download|TeraBlast,IceBeam,TrickRoom,Recover||||||50|,,,,,Fighting]Torkoal||Charcoal|Drought|Eruption,Flamethrower,HelpingHand,Protect|||F|||50|,,,,,Fire]Dragonite||LoadedDice|Multiscale|ScaleShot,Haze,Tailwind,Protect|||F|||50|,,,,,Steel
|inactive|Battle timer is ON: inactive players will automatically lose when time's up. (requested by timmytheglueeater)
|inactive|girasolia also wants the timer to be on.
|inactive|timmytheglueeater has 60 seconds left.
|
|t:|1757777324
|teamsize|p1|4
|teamsize|p2|4
|start
|switch|p1a: Basculegion|Basculegion, L50, M|100/100
|switch|p1b: Incineroar|Incineroar, L50, M|100/100
|switch|p2a: Delphox|Delphox, L50, F|100/100
|switch|p2b: Indeedee|Indeedee-F, L50, F|100/100
|-fieldstart|move: Psychic Terrain|[from] ability: Psychic Surge|[of] p2b: Indeedee
|-enditem|p2b: Indeedee|Psychic Seed
|-boost|p2b: Indeedee|spd|1|[from] item: Psychic Seed
|-ability|p1b: Incineroar|Intimidate|boost
|-unboost|p2a: Delphox|atk|1
|-unboost|p2b: Indeedee|atk|1
|turn|1
|inactive|girasolia has 30 seconds left.
|inactive|girasolia has 20 seconds left.
|inactive|girasolia has 15 seconds left.
|inactive|girasolia has 10 seconds left.
|inactive|girasolia has 5 seconds left.
|
|t:|1757777375
|move|p2b: Indeedee|Follow Me|p2b: Indeedee
|-singleturn|p2b: Indeedee|move: Follow Me
|move|p1a: Basculegion|Wave Crash|p2b: Indeedee
|-damage|p2b: Indeedee|21/100
|-damage|p1a: Basculegion|77/100|[from] Recoil
|move|p2a: Delphox|Expanding Force|p1a: Basculegion|[spread] p1a
|-immune|p1b: Incineroar
|-damage|p1a: Basculegion|18/100
|move|p1b: Incineroar|Knock Off|p2b: Indeedee
|-supereffective|p2b: Indeedee
|-damage|p2b: Indeedee|0 fnt
|faint|p2b: Indeedee
|
|upkeep
|
|t:|1757777395
|switch|p2b: Dragonite|Dragonite, L50, F|100/100
|turn|2
|
|t:|1757777410
|move|p2b: Dragonite|Protect|p2b: Dragonite
|-singleturn|p2b: Dragonite|Protect
|move|p1a: Basculegion|Wave Crash|p2a: Delphox
|-supereffective|p2a: Delphox
|-enditem|p2a: Delphox|Focus Sash
|-damage|p2a: Delphox|1/100
|-damage|p1a: Basculegion|0 fnt|[from] Recoil
|faint|p1a: Basculegion
|move|p2a: Delphox|Dazzling Gleam|p1b: Incineroar
|-damage|p1b: Incineroar|79/100
|move|p1b: Incineroar|Parting Shot|p2b: Dragonite
|-activate|p2b: Dragonite|move: Protect
|
|upkeep
|
|t:|1757777426
|switch|p1a: Tyranitar|Tyranitar, L50, M|100/100
|-weather|Sandstorm|[from] ability: Sand Stream|[of] p1a: Tyranitar
|turn|3
|inactive|girasolia has 30 seconds left.
|
|t:|1757777459
|move|p2a: Delphox|Heat Wave|p1a: Tyranitar|[spread] p1a,p1b
|-resisted|p1a: Tyranitar
|-resisted|p1b: Incineroar
|-damage|p1a: Tyranitar|90/100
|-damage|p1b: Incineroar|59/100
|move|p2b: Dragonite|Tailwind|p2b: Dragonite
|-sidestart|p2: girasolia|move: Tailwind
|move|p1a: Tyranitar|Rock Slide|p2a: Delphox|[spread] p2a,p2b
|-supereffective|p2a: Delphox
|-supereffective|p2b: Dragonite
|-damage|p2a: Delphox|0 fnt
|-damage|p2b: Dragonite|66/100
|faint|p2a: Delphox
|move|p1b: Incineroar|Parting Shot|p2b: Dragonite
|-unboost|p2b: Dragonite|atk|1
|-unboost|p2b: Dragonite|spa|1
|
|t:|1757777471
|switch|p1b: Sinistcha|Sinistcha, L50|100/100|[from] Parting Shot
|-heal|p1a: Tyranitar|100/100|[from] ability: Hospitality|[of] p1b: Sinistcha
|
|-weather|Sandstorm|[upkeep]
|-damage|p2b: Dragonite|60/100|[from] Sandstorm
|-damage|p1b: Sinistcha|94/100|[from] Sandstorm
|upkeep
|
|t:|1757777477
|switch|p2a: Ursaluna|Ursaluna, L50, M, shiny|100/100
|turn|4
|inactive|girasolia has 30 seconds left.
|
|t:|1757777503
|switch|p1a: Incineroar|Incineroar, L50, M|59/100
|-ability|p1a: Incineroar|Intimidate|boost
|-unboost|p2a: Ursaluna|atk|1
|-unboost|p2b: Dragonite|atk|1
|move|p2b: Dragonite|Protect|p2b: Dragonite
|-singleturn|p2b: Dragonite|Protect
|move|p2a: Ursaluna|Protect|p2a: Ursaluna
|-singleturn|p2a: Ursaluna|Protect
|move|p1b: Sinistcha|Trick Room|p1b: Sinistcha
|-fieldstart|move: Trick Room|[of] p1b: Sinistcha
|
|-weather|Sandstorm|[upkeep]
|-damage|p1b: Sinistcha|88/100|[from] Sandstorm
|-damage|p2b: Dragonite|54/100|[from] Sandstorm
|-status|p2a: Ursaluna|brn|[from] item: Flame Orb
|upkeep
|turn|5
|inactive|timmytheglueeater has 30 seconds left.
|inactive|girasolia has 30 seconds left.
|
|t:|1757777534
|-terastallize|p2a: Ursaluna|Ghost
|move|p1a: Incineroar|Knock Off|p2b: Dragonite
|-damage|p2b: Dragonite|5/100
|-enditem|p2b: Dragonite|Loaded Dice|[from] move: Knock Off|[of] p1a: Incineroar
|move|p1b: Sinistcha|Matcha Gotcha|p2b: Dragonite|[spread] p2a,p2b
|-resisted|p2b: Dragonite
|-damage|p2a: Ursaluna|78/100 brn
|-heal|p1b: Sinistcha|100/100|[from] drain|[of] p2a: Ursaluna
|-damage|p2b: Dragonite|0 fnt
|faint|p2b: Dragonite
|move|p2a: Ursaluna|Earthquake|p1a: Incineroar|[spread] p1a,p1b
|-supereffective|p1a: Incineroar
|-resisted|p1b: Sinistcha
|-damage|p1a: Incineroar|0 fnt
|-damage|p1b: Sinistcha|80/100
|faint|p1a: Incineroar
|
|-weather|Sandstorm|[upkeep]
|-damage|p1b: Sinistcha|74/100|[from] Sandstorm
|-damage|p2a: Ursaluna|73/100 brn|[from] Sandstorm
|-damage|p2a: Ursaluna|67/100 brn|[from] brn
|-fieldend|move: Psychic Terrain
|upkeep
|
|t:|1757777552
|switch|p1a: Tyranitar|Tyranitar, L50, M|100/100
|turn|6
|
|t:|1757777563
|move|p2a: Ursaluna|Protect|p2a: Ursaluna
|-singleturn|p2a: Ursaluna|Protect
|move|p1b: Sinistcha|Rage Powder|p1b: Sinistcha
|-singleturn|p1b: Sinistcha|move: Rage Powder
|move|p1a: Tyranitar|Knock Off|p2a: Ursaluna
|-activate|p2a: Ursaluna|move: Protect
|
|-weather|Sandstorm|[upkeep]
|-damage|p1b: Sinistcha|68/100|[from] Sandstorm
|-damage|p2a: Ursaluna|61/100 brn|[from] Sandstorm
|-damage|p2a: Ursaluna|55/100 brn|[from] brn
|-sideend|p2: girasolia|move: Tailwind
|upkeep
|turn|7
|
|t:|1757777574
|-terastallize|p1a: Tyranitar|Flying
|move|p1b: Sinistcha|Rage Powder|p1b: Sinistcha
|-singleturn|p1b: Sinistcha|move: Rage Powder
|move|p2a: Ursaluna|Earthquake|p1b: Sinistcha|[spread] p1b
|-immune|p1a: Tyranitar
|-resisted|p1b: Sinistcha
|-damage|p1b: Sinistcha|46/100
|-enditem|p1b: Sinistcha|Sitrus Berry|[eat]
|-heal|p1b: Sinistcha|71/100|[from] item: Sitrus Berry
|move|p1a: Tyranitar|Knock Off|p2a: Ursaluna
|-supereffective|p2a: Ursaluna
|-damage|p2a: Ursaluna|0 fnt
|-enditem|p2a: Ursaluna|Flame Orb|[from] move: Knock Off|[of] p1a: Tyranitar
|faint|p2a: Ursaluna
|
|win|timmytheglueeater
||girasolia is ready for game 3.
|inactive|timmytheglueeater has 30 seconds to confirm battle start!
||timmytheglueeater is ready for game 3.
|uhtml|next|Next: Game 3 of 3
