|j|☆Lab01JNEST
|j|☆LeMaitreCroissant
|html|Lab01JNESTLeMaitreCroissant    
|uhtml|bestof|Game 1 of a best-of-3
|t:|1757712778
|gametype|doubles
|player|p1|Lab01JNEST|266|1343
|player|p2|LeMaitreCroissant|265|1303
|gen|9
|tier|[Gen 9] VGC 2025 Reg H (Bo3)
|rated|
|rule|Species Clause: Limit one of each Pokémon
|rule|Item Clause: Limit 1 of each item
|clearpoke
|poke|p1|Tyranitar, L50, F|
|poke|p1|Garchomp, L50, F|
|poke|p1|Sinistcha, L50|
|poke|p1|Dragonite, L50, F|
|poke|p1|Corviknight, L50, M|
|poke|p1|Volcarona, L50, F|
|poke|p2|Basculegion, L50, M|
|poke|p2|Amoonguss, L50, M|
|poke|p2|Gholdengo, L50|
|poke|p2|Archaludon, L50, M|
|poke|p2|Incineroar, L50, M|
|poke|p2|Pelipper, L50, M|
|teampreview|4
|showteam|p1|Tyranitar||AssaultVest|SandStream|RockSlide,KnockOff,TeraBlast,LowKick|||F|||50|,,,,,Flying]Garchomp||LifeOrb|RoughSkin|Protect,DragonClaw,StompingTantrum,Earthquake|||F|||50|,,,,,Ground]Sinistcha||RockyHelmet|Hospitality|MatchaGotcha,LifeDew,TrickRoom,RagePowder||||||50|,,,,,Dark]Dragonite||ChoiceBand|InnerFocus|Outrage,ExtremeSpeed,IceSpinner,AerialAce|||F|||50|,,,,,Normal]Corviknight||SitrusBerry|MirrorArmor|Tailwind,BulkUp,Roost,BraveBird|||M|||50|,,,,,Dragon]Volcarona||Leftovers|FlameBody|FieryDance,GigaDrain,QuiverDance,Protect|||F|||50|,,,,,Dragon
|showteam|p2|Basculegion||ChoiceScarf|Adaptability|WaveCrash,LastRespects,FlipTurn,AquaJet|||M|||50|,,,,,Water]Amoonguss||SitrusBerry|Regenerator|PollenPuff,Spore,RagePowder,Protect|||M|||50|,,,,,Fairy]Gholdengo||LifeOrb|GoodasGold|MakeItRain,ShadowBall,NastyPlot,Protect||||||50|,,,,,Dragon]Archaludon||AssaultVest|Stamina|ElectroShot,DragonPulse,FlashCannon,BodyPress|||M|||50|,,,,,Grass]Incineroar||SafetyGoggles|Intimidate|FlareBlitz,KnockOff,FakeOut,PartingShot|||M|||50|,,,,,Ghost]Pelipper||FocusSash|Drizzle|Hurricane,WeatherBall,Tailwind,Protect|||M|||50|,,,,,Ghost
|inactive|Battle timer is ON: inactive players will automatically lose when time's up. (requested by Lab01JNEST)
|inactive|LeMaitreCroissant has 60 seconds left.
|
|t:|1757712821
|teamsize|p1|4
|teamsize|p2|4
|start
|switch|p1a: Volcarona|Volcarona, L50, F|100/100
|switch|p1b: Sinistcha|Sinistcha, L50|100/100
|switch|p2a: Basculegion|Basculegion, L50, M|100/100
|switch|p2b: Incineroar|Incineroar, L50, M|100/100
|-ability|p2b: Incineroar|Intimidate|boost
|-unboost|p1a: Volcarona|atk|1
|-unboost|p1b: Sinistcha|atk|1
|turn|1
|inactive|LeMaitreCroissant has 30 seconds left.
|
|t:|1757712853
|switch|p1b: Corviknight|Corviknight, L50, M|100/100
|-terastallize|p1a: Volcarona|Dragon
|move|p2a: Basculegion|Flip Turn|p1a: Volcarona
|-resisted|p1a: Volcarona
|-damage|p1a: Volcarona|75/100
|-status|p2a: Basculegion|brn|[from] ability: Flame Body|[of] p1a: Volcarona
|
|t:|1757712867
|switch|p2a: Pelipper|Pelipper, L50, M|100/100|[from] Flip Turn
|-weather|RainDance|[from] ability: Drizzle|[of] p2a: Pelipper
|move|p1a: Volcarona|Quiver Dance|p1a: Volcarona
|-boost|p1a: Volcarona|spa|1
|-boost|p1a: Volcarona|spd|1
|-boost|p1a: Volcarona|spe|1
|move|p2b: Incineroar|Knock Off|p1b: Corviknight
|-damage|p1b: Corviknight|70/100
|-enditem|p1b: Corviknight|Sitrus Berry|[from] move: Knock Off|[of] p2b: Incineroar
|
|-weather|RainDance|[upkeep]
|-heal|p1a: Volcarona|82/100|[from] item: Leftovers
|upkeep
|turn|2
|
|t:|1757712889
|switch|p1b: Tyranitar|Tyranitar, L50, F|100/100
|-weather|Sandstorm|[from] ability: Sand Stream|[of] p1b: Tyranitar
|move|p1a: Volcarona|Quiver Dance|p1a: Volcarona
|-boost|p1a: Volcarona|spa|1
|-boost|p1a: Volcarona|spd|1
|-boost|p1a: Volcarona|spe|1
|move|p2a: Pelipper|Weather Ball|p1b: Tyranitar
|-damage|p1b: Tyranitar|88/100
|move|p2b: Incineroar|Parting Shot|p1a: Volcarona
|-unboost|p1a: Volcarona|atk|1
|-unboost|p1a: Volcarona|spa|1
|
|t:|1757712899
|switch|p2b: Archaludon|Archaludon, L50, M, shiny|100/100|[from] Parting Shot
|
|-weather|Sandstorm|[upkeep]
|-damage|p1a: Volcarona|75/100|[from] Sandstorm
|-damage|p2a: Pelipper|95/100|[from] Sandstorm
|-heal|p1a: Volcarona|82/100|[from] item: Leftovers
|upkeep
|turn|3
|
|t:|1757712909
|switch|p2a: Incineroar|Incineroar, L50, M|100/100
|-ability|p2a: Incineroar|Intimidate|boost
|-unboost|p1a: Volcarona|atk|1
|-unboost|p1b: Tyranitar|atk|1
|move|p1a: Volcarona|Quiver Dance|p1a: Volcarona
|-boost|p1a: Volcarona|spa|1
|-boost|p1a: Volcarona|spd|1
|-boost|p1a: Volcarona|spe|1
|move|p2b: Archaludon|Dragon Pulse|p1a: Volcarona
|-supereffective|p1a: Volcarona
|-damage|p1a: Volcarona|50/100
|move|p1b: Tyranitar|Knock Off|p2b: Archaludon
|-damage|p2b: Archaludon|73/100
|-ability|p2b: Archaludon|Stamina|boost
|-boost|p2b: Archaludon|def|1
|-enditem|p2b: Archaludon|Assault Vest|[from] move: Knock Off|[of] p1b: Tyranitar
|
|-weather|Sandstorm|[upkeep]
|-damage|p1a: Volcarona|44/100|[from] Sandstorm
|-heal|p1a: Volcarona|50/100|[from] item: Leftovers
|upkeep
|turn|4
|
|t:|1757712925
|switch|p1b: Sinistcha|Sinistcha, L50|100/100
|-heal|p1a: Volcarona|75/100|[from] ability: Hospitality|[of] p1b: Sinistcha
|move|p1a: Volcarona|Protect|p1a: Volcarona
|-singleturn|p1a: Volcarona|Protect
|move|p2a: Incineroar|Fake Out|p1a: Volcarona
|-activate|p1a: Volcarona|move: Protect
|move|p2b: Archaludon|Body Press|p1b: Sinistcha
|-immune|p1b: Sinistcha
|
|-weather|Sandstorm|[upkeep]
|-damage|p1a: Volcarona|69/100|[from] Sandstorm
|-damage|p1b: Sinistcha|94/100|[from] Sandstorm
|-heal|p1a: Volcarona|75/100|[from] item: Leftovers
|upkeep
|turn|5
|
|t:|1757712939
|move|p1b: Sinistcha|Rage Powder|p1b: Sinistcha
|-singleturn|p1b: Sinistcha|move: Rage Powder
|move|p1a: Volcarona|Fiery Dance|p2b: Archaludon
|-damage|p2b: Archaludon|0 fnt
|-boost|p1a: Volcarona|spa|1
|faint|p2b: Archaludon
|move|p2a: Incineroar|Flare Blitz|p1b: Sinistcha
|-supereffective|p1b: Sinistcha
|-damage|p1b: Sinistcha|1/100
|-damage|p2a: Incineroar|84/100|[from] item: Rocky Helmet|[of] p1b: Sinistcha
|-damage|p2a: Incineroar|57/100|[from] Recoil
|
|-weather|Sandstorm|[upkeep]
|-damage|p1a: Volcarona|69/100|[from] Sandstorm
|-damage|p1b: Sinistcha|0 fnt|[from] Sandstorm
|faint|p1b: Sinistcha
|-heal|p1a: Volcarona|75/100|[from] item: Leftovers
|upkeep
|
|t:|1757712949
|switch|p2b: Basculegion|Basculegion, L50, M|100/100 brn
|switch|p1b: Corviknight|Corviknight, L50, M|70/100
|turn|6
|-message|LeMaitreCroissant forfeited.
|
|win|Lab01JNEST
