|j|☆Crispy Will
|j|☆hclint44
|html|Crispy Willhclint44    
|uhtml|bestof|Game 1 of a best-of-3
|t:|1784476906
|gametype|doubles
|player|p1|Crispy Will|pokekid|
|player|p2|hclint44|1|
|gen|9
|tier|[Gen 9 Champions] VGC 2026 Reg M-B (Bo3)
|rule|Species Clause: Limit one of each Pokémon
|rule|Item Clause: Limit 1 of each item
|clearpoke
|poke|p1|Basculegion, L50, M|
|poke|p1|Incineroar, L50, M|
|poke|p1|Maushold-Four, L50|
|poke|p1|Kommo-o, L50, F|
|poke|p1|Gengar, L50, M|
|poke|p1|Gliscor, L50, M|
|poke|p2|Tyranitar, L50, M, shiny|
|poke|p2|Kingambit, L50, F|
|poke|p2|Simipour, L50, F|
|poke|p2|Lopunny, L50, F, shiny|
|poke|p2|Klefki, L50, F|
|poke|p2|Staraptor, L50, M, shiny|
|teampreview|4
|showteam|p1|Basculegion||ChoiceScarf|Adaptability|LastRespects,WaveCrash,FlipTurn,AquaJet|Jolly||M|||50|]Incineroar||SitrusBerry|Intimidate|FakeOut,PartingShot,Protect,FlareBlitz|Careful||M|||50|]Maushold-Four||FocusSash|FriendGuard|FollowMe,Encore,SuperFang,ThunderWave|Timid|||||50|]Kommo-o||Leftovers|Overcoat|IronDefense,BodyPress,Protect,DracoMeteor|Impish||F|||50|]Gengar||Gengarite|CursedBody|FocusBlast,WillOWisp,Protect,SludgeBomb|Timid||M|||50|]Gliscor||MentalHerb|SandVeil|Tailwind,Earthquake,Protect,KnockOff|Careful||M|||50|
|showteam|p2|Tyranitar||ChopleBerry|SandStream|RockSlide,Crunch,Protect,DragonDance|Jolly||M|||50|]Kingambit||FocusSash|Defiant|SuckerPunch,KowtowCleave,IronHead,SwordsDance|Adamant||F|||50|]Simipour||MentalHerb|Torrent|FakeOut,Taunt,HelpingHand,Scald|Timid||F|||50|]Lopunny||Lopunnite|Limber|FakeOut,CloseCombat,DrainPunch,TripleAxel|Jolly||F|||50|]Klefki||ShucaBerry|Prankster|ThunderWave,DazzlingGleam,Psychic,Reflect|Calm||F|||50|]Staraptor||LifeOrb|Intimidate|Roost,BraveBird,Uturn,Tailwind|Adamant||M|||50|
|inactive|Battle timer is ON: inactive players will automatically lose when time's up. (requested by hclint44)
|c|☆hclint44|gl hf
|c|☆Crispy Will|u2
|inactive|Crispy Will has 60 seconds left.
|inactive|hclint44 has 60 seconds left.
|inactive|Crispy Will has 30 seconds left.
|
|t:|1784476973
|teamsize|p1|4
|teamsize|p2|4
|start
|switch|p1a: jingle with intent|Kommo-o, L50, F|100/100
|switch|p1b: Iggy Slapper|Incineroar, L50, M|100/100
|switch|p2a: Seto Kaiba|Kingambit, L50, F|100/100
|switch|p2b: Not a Phase|Staraptor, L50, M, shiny|100/100
|-ability|p2b: Not a Phase|Intimidate|boost
|-unboost|p1a: jingle with intent|atk|1
|-unboost|p1b: Iggy Slapper|atk|1
|-ability|p1b: Iggy Slapper|Intimidate|boost
|-unboost|p2a: Seto Kaiba|atk|1
|-ability|p2a: Seto Kaiba|Defiant|boost
|-boost|p2a: Seto Kaiba|atk|2
|-unboost|p2b: Not a Phase|atk|1
|turn|1
|j| Very Sinistea
|inactive|hclint44 has 30 seconds left.
|
|t:|1784477003
|move|p1b: Iggy Slapper|Fake Out|p2b: Not a Phase
|-damage|p2b: Not a Phase|90/100
|cant|p2b: Not a Phase|flinch
|move|p1a: jingle with intent|Body Press|p2a: Seto Kaiba
|-supereffective|p2a: Seto Kaiba|2
|-enditem|p2a: Seto Kaiba|Focus Sash
|-damage|p2a: Seto Kaiba|1/100
|move|p2a: Seto Kaiba|Iron Head|p1a: jingle with intent
|-damage|p1a: jingle with intent|56/100
|
|-heal|p1a: jingle with intent|62/100|[from] item: Leftovers
|upkeep
|turn|2
|inactive|Crispy Will has 30 seconds left.
|inactive|hclint44 has 30 seconds left.
|inactive|Crispy Will has 20 seconds left.
|inactive|Crispy Will has 15 seconds left.
|
|t:|1784477046
|move|p2a: Seto Kaiba|Sucker Punch||[still]
|-fail|p2a: Seto Kaiba
|move|p2b: Not a Phase|Tailwind|p2b: Not a Phase
|-sidestart|p2: hclint44|move: Tailwind
|move|p1a: jingle with intent|Iron Defense|p1a: jingle with intent
|-boost|p1a: jingle with intent|def|2
|move|p1b: Iggy Slapper|Flare Blitz|p2a: Seto Kaiba
|-supereffective|p2a: Seto Kaiba|1
|-damage|p2a: Seto Kaiba|0 fnt
|faint|p2a: Seto Kaiba
|-damage|p1b: Iggy Slapper|99/100|[from] Recoil
|
|-heal|p1a: jingle with intent|68/100|[from] item: Leftovers
|upkeep
|
|t:|1784477055
|switch|p2a: Mixed T-Tar|Tyranitar, L50, M, shiny|100/100
|-weather|Sandstorm|[from] ability: Sand Stream|[of] p2a: Mixed T-Tar
|turn|3
|inactive|Crispy Will has 30 seconds left.
|
|t:|1784477083
|move|p2b: Not a Phase|Brave Bird|p1a: jingle with intent
|-supereffective|p1a: jingle with intent|1
|-damage|p1a: jingle with intent|32/100
|-damage|p2b: Not a Phase|77/100|[from] Recoil
|-damage|p2b: Not a Phase|68/100|[from] item: Life Orb
|move|p2a: Mixed T-Tar|Rock Slide|p1b: Iggy Slapper|[spread] p1a,p1b
|-resisted|p1a: jingle with intent|1
|-supereffective|p1b: Iggy Slapper|1
|-damage|p1a: jingle with intent|29/100
|-damage|p1b: Iggy Slapper|53/100
|move|p1a: jingle with intent|Body Press|p2b: Not a Phase
|-damage|p2b: Not a Phase|0 fnt
|faint|p2b: Not a Phase
|cant|p1b: Iggy Slapper|flinch
|
|-weather|Sandstorm|[upkeep]
|-damage|p1b: Iggy Slapper|48/100|[from] Sandstorm
|-enditem|p1b: Iggy Slapper|Sitrus Berry|[eat]
|-heal|p1b: Iggy Slapper|72/100|[from] item: Sitrus Berry
|-heal|p1a: jingle with intent|35/100|[from] item: Leftovers
|upkeep
|
|t:|1784477099
|switch|p2b: in terms of male|Lopunny, L50, F, shiny|100/100
|turn|4
|inactive|Crispy Will has 30 seconds left.
|
|t:|1784477126
|detailschange|p2b: in terms of male|Lopunny-Mega, L50, F, shiny
|-mega|p2b: in terms of male|Lopunny|Lopunnite
|move|p1a: jingle with intent|Protect|p1a: jingle with intent
|-singleturn|p1a: jingle with intent|Protect
|move|p2b: in terms of male|Fake Out|p1b: Iggy Slapper
|-damage|p1b: Iggy Slapper|50/100g
|move|p2a: Mixed T-Tar|Rock Slide|p1b: Iggy Slapper|[spread] 
|-activate|p1a: jingle with intent|move: Protect
|-miss|p2a: Mixed T-Tar|p1b: Iggy Slapper
|cant|p1b: Iggy Slapper|flinch
|
|-weather|Sandstorm|[upkeep]
|-damage|p2b: in terms of male|94/100|[from] Sandstorm
|-damage|p1b: Iggy Slapper|44/100|[from] Sandstorm
|-heal|p1a: jingle with intent|41/100|[from] item: Leftovers
|upkeep
|turn|5
|
|t:|1784477143
|move|p2b: in terms of male|Triple Axel|p1a: jingle with intent
|-supereffective|p1a: jingle with intent|1
|-damage|p1a: jingle with intent|35/100
|-supereffective|p1a: jingle with intent|1
|-damage|p1a: jingle with intent|25/100
|-supereffective|p1a: jingle with intent|1
|-damage|p1a: jingle with intent|11/100
|-hitcount|p1a: jingle with intent|3
|move|p2a: Mixed T-Tar|Rock Slide|p1b: Iggy Slapper|[spread] p1a,p1b
|-resisted|p1a: jingle with intent|1
|-supereffective|p1b: Iggy Slapper|1
|-damage|p1a: jingle with intent|7/100
|-damage|p1b: Iggy Slapper|0 fnt
|faint|p1b: Iggy Slapper
|cant|p1a: jingle with intent|flinch
|
|-weather|Sandstorm|[upkeep]
|-damage|p2b: in terms of male|88/100|[from] Sandstorm
|-heal|p1a: jingle with intent|13/100|[from] item: Leftovers
|-sideend|p2: hclint44|move: Tailwind
|upkeep
|
|t:|1784477156
|switch|p1b: Basculegion|Basculegion, L50, M|100/100
|turn|6
|c|☆hclint44|You dont get to play the game
|c|☆Crispy Will|I'm Playing the Game Now
|inactive|hclint44 has 30 seconds left.
|c|☆Crispy Will|You cannot stop my freaky ass fish
|
|t:|1784477189
|move|p2a: Mixed T-Tar|Protect|p2a: Mixed T-Tar
|-singleturn|p2a: Mixed T-Tar|Protect
|move|p1b: Basculegion|Wave Crash|p2b: in terms of male
|-damage|p2b: in terms of male|0 fnt
|faint|p2b: in terms of male
|-damage|p1b: Basculegion|78/100|[from] Recoil
|move|p1a: jingle with intent|Body Press|p2a: Mixed T-Tar
|-activate|p2a: Mixed T-Tar|move: Protect
|
|-weather|Sandstorm|[upkeep]
|-damage|p1b: Basculegion|72/100|[from] Sandstorm
|-heal|p1a: jingle with intent|19/100|[from] item: Leftovers
|upkeep
|turn|7
|
|t:|1784477208
|move|p1b: Basculegion|Wave Crash|p2a: Mixed T-Tar
|-supereffective|p2a: Mixed T-Tar|1
|-damage|p2a: Mixed T-Tar|0 fnt
|faint|p2a: Mixed T-Tar
|-damage|p1b: Basculegion|43/100|[from] Recoil
|
|win|Crispy Will
||hclint44 is ready for game 2.
|inactive|Crispy Will has 30 seconds to confirm battle start!
