|j|☆lux raymundi
|j|☆cochedrilo listo
|html|lux raymundicochedrilo listo    
|uhtml|bestof|Game 3 of a best-of-3
|t:|1782183508
|gametype|doubles
|player|p1|lux raymundi|169|1165
|player|p2|cochedrilo listo|169|1056
|gen|9
|tier|[Gen 9 Champions] VGC 2026 Reg M-B (Bo3)
|rated|
|rule|Species Clause: Limit one of each Pokémon
|rule|Item Clause: Limit 1 of each item
|clearpoke
|poke|p1|Pelipper, L50, F|
|poke|p1|Swampert, L50, M|
|poke|p1|Basculegion, L50, M|
|poke|p1|Incineroar, L50, F|
|poke|p1|Floette-Eternal, L50, F|
|poke|p1|Archaludon, L50, M|
|poke|p2|Malamar, L50, F|
|poke|p2|Whimsicott, L50, M|
|poke|p2|Clefable, L50, M|
|poke|p2|Incineroar, L50, F|
|poke|p2|Gholdengo, L50|
|poke|p2|Charizard, L50, F|
|teampreview|4
|showteam|p1|Pelipper||FocusSash|Drizzle|WeatherBall,Tailwind,Hurricane,WideGuard|Modest||F|||50|]Swampert||Swampertite|Torrent|WaveCrash,Earthquake,HighHorsepower,Protect|Adamant||M|||50|]Basculegion||ChoiceScarf|Adaptability|WaveCrash,FlipTurn,LastRespects,AquaJet|Jolly||M|||50|]Incineroar||SitrusBerry|Intimidate|FakeOut,ThroatChop,WillOWisp,PartingShot|Serious||F|||50|]Floette-Eternal||Floettite|FlowerVeil|CalmMind,DrainingKiss,Moonblast,Protect|Modest||F|||50|]Archaludon||Leftovers|Stamina|ElectroShot,DragonPulse,FlashCannon,Protect|Modest||M|||50|
|showteam|p2|Malamar||Malamarite|Contrary|Superpower,KnockOff,StoredPower,Protect|Careful||F|||50|]Whimsicott||FocusSash|Prankster|Moonblast,Tickle,FakeTears,Tailwind|Timid||M|||50|]Clefable||Leftovers|Unaware|Moonblast,FollowMe,LifeDew,Protect|Bold||M|||50|]Incineroar||SitrusBerry|Intimidate|FakeOut,FlareBlitz,PartingShot,Taunt|Impish||F|||50|]Gholdengo||LifeOrb|GoodasGold|MakeItRain,ShadowBall,NastyPlot,Protect|Timid|||||50|]Charizard||CharizarditeY|Blaze|WeatherBall,HeatWave,SolarBeam,Protect|Modest||F|||50|
|inactive|Battle timer is ON: inactive players will automatically lose when time's up. (requested by cochedrilo listo)
|
|t:|1782183546
|teamsize|p1|4
|teamsize|p2|4
|start
|switch|p1a: Incineroar|Incineroar, L50, F|100/100
|switch|p1b: Basculegion|Basculegion, L50, M|100/100
|switch|p2a: Gholdengo|Gholdengo, L50|100/100
|switch|p2b: Whimsicott|Whimsicott, L50, M|100/100
|-ability|p1a: Incineroar|Intimidate|boost
|-unboost|p2a: Gholdengo|atk|1
|-unboost|p2b: Whimsicott|atk|1
|turn|1
|inactive|lux raymundi has 30 seconds left.
|inactive|lux raymundi has 20 seconds left.
|
|t:|1782183585
|switch|p2b: Incineroar|Incineroar, L50, F|100/100
|-ability|p2b: Incineroar|Intimidate|boost
|-unboost|p1a: Incineroar|atk|1
|-unboost|p1b: Basculegion|atk|1
|switch|p1a: Archaludon|Archaludon, L50, M|100/100
|move|p2a: Gholdengo|Protect|p2a: Gholdengo
|-singleturn|p2a: Gholdengo|Protect
|move|p1b: Basculegion|Flip Turn|p1a: Archaludon
|-resisted|p1a: Archaludon|1
|-damage|p1a: Archaludon|89/100
|-ability|p1a: Archaludon|Stamina|boost
|-boost|p1a: Archaludon|def|1
|
|t:|1782183598
|switch|p1b: Incineroar|Incineroar, L50, F|100/100|[from] Flip Turn
|-ability|p1b: Incineroar|Intimidate|boost
|-unboost|p2a: Gholdengo|atk|1
|-unboost|p2b: Incineroar|atk|1
|
|-heal|p1a: Archaludon|95/100|[from] item: Leftovers
|upkeep
|turn|2
|inactive|lux raymundi has 30 seconds left.
|
|t:|1782183624
|move|p1b: Incineroar|Fake Out|p2b: Incineroar
|-damage|p2b: Incineroar|92/100
|move|p2a: Gholdengo|Nasty Plot|p2a: Gholdengo
|-boost|p2a: Gholdengo|spa|2
|move|p1a: Archaludon|Dragon Pulse|p2b: Incineroar
|-damage|p2b: Incineroar|51/100
|cant|p2b: Incineroar|flinch
|
|-heal|p1a: Archaludon|100/100|[from] item: Leftovers
|upkeep
|turn|3
|
|t:|1782183642
|move|p2a: Gholdengo|Protect|p2a: Gholdengo
|-singleturn|p2a: Gholdengo|Protect
|move|p1a: Archaludon|Protect|p1a: Archaludon
|-singleturn|p1a: Archaludon|Protect
|move|p2b: Incineroar|Parting Shot|p1a: Archaludon
|-activate|p1a: Archaludon|move: Protect
|move|p1b: Incineroar|Parting Shot|p2b: Incineroar
|-unboost|p2b: Incineroar|atk|1
|-unboost|p2b: Incineroar|spa|1
|
|t:|1782183651
|switch|p1b: Basculegion|Basculegion, L50, M|100/100|[from] Parting Shot
|
|upkeep
|turn|4
|
|t:|1782183665
|move|p1b: Basculegion|Flip Turn|p2b: Incineroar
|-supereffective|p2b: Incineroar|1
|-damage|p2b: Incineroar|0 fnt
|faint|p2b: Incineroar
|
|t:|1782183670
|switch|p1b: Pelipper|Pelipper, L50, F|100/100|[from] Flip Turn
|-weather|RainDance|[from] ability: Drizzle|[of] p1b: Pelipper
|move|p2a: Gholdengo|Shadow Ball|p1b: Pelipper
|-enditem|p1b: Pelipper|Focus Sash
|-damage|p1b: Pelipper|1/100
|-damage|p2a: Gholdengo|90/100|[from] item: Life Orb
|move|p1a: Archaludon|Electro Shot||[still]
|-prepare|p1a: Archaludon|Electro Shot
|-boost|p1a: Archaludon|spa|1
|-anim|p1a: Archaludon|Electro Shot|p2a: Gholdengo
|-damage|p2a: Gholdengo|21/100
|
|-weather|RainDance|[upkeep]
|upkeep
|
|t:|1782183675
|switch|p2b: Charizard|Charizard, L50, F|100/100
|turn|5
|
|t:|1782183694
|switch|p1b: Incineroar|Incineroar, L50, F|100/100
|-ability|p1b: Incineroar|Intimidate|boost
|-unboost|p2a: Gholdengo|atk|1
|-unboost|p2b: Charizard|atk|1
|move|p1a: Archaludon|Protect|p1a: Archaludon
|-singleturn|p1a: Archaludon|Protect
|move|p2a: Gholdengo|Shadow Ball|p1a: Archaludon
|-activate|p1a: Archaludon|move: Protect
|move|p2b: Charizard|Weather Ball|p1b: Incineroar
|-supereffective|p1b: Incineroar|1
|-damage|p1b: Incineroar|24/100
|-enditem|p1b: Incineroar|Sitrus Berry|[eat]
|-heal|p1b: Incineroar|49/100|[from] item: Sitrus Berry
|
|-weather|RainDance|[upkeep]
|upkeep
|turn|6
|
|t:|1782183716
|switch|p1b: Basculegion|Basculegion, L50, M|100/100
|move|p2b: Charizard|Protect|p2b: Charizard
|-singleturn|p2b: Charizard|Protect
|move|p2a: Gholdengo|Shadow Ball|p1a: Archaludon
|-damage|p1a: Archaludon|0 fnt
|faint|p1a: Archaludon
|-damage|p2a: Gholdengo|11/100|[from] item: Life Orb
|
|-weather|RainDance|[upkeep]
|upkeep
|
|t:|1782183727
|switch|p1a: Incineroar|Incineroar, L50, F|49/100
|-ability|p1a: Incineroar|Intimidate|boost
|-unboost|p2a: Gholdengo|atk|1
|-unboost|p2b: Charizard|atk|1
|turn|7
|inactive|lux raymundi has 30 seconds left.
|inactive|lux raymundi has 20 seconds left.
|
|t:|1782183762
|switch|p2b: Whimsicott|Whimsicott, L50, M|100/100
|move|p2a: Gholdengo|Protect|p2a: Gholdengo
|-singleturn|p2a: Gholdengo|Protect
|move|p1a: Incineroar|Fake Out|p2b: Whimsicott
|-damage|p2b: Whimsicott|83/100
|move|p1b: Basculegion|Last Respects|p2b: Whimsicott
|-damage|p2b: Whimsicott|0 fnt
|faint|p2b: Whimsicott
|
|-weather|RainDance|[upkeep]
|upkeep
|
|t:|1782183771
|switch|p2b: Charizard|Charizard, L50, F|100/100
|turn|8
|
|t:|1782183783
|detailschange|p2b: Charizard|Charizard-Mega-Y, L50, F
|-mega|p2b: Charizard|Charizard|Charizardite Y
|-weather|SunnyDay|[from] ability: Drought|[of] p2b: Charizard
|move|p2a: Gholdengo|Protect||[still]
|-fail|p2a: Gholdengo
|move|p1b: Basculegion|Last Respects|p2a: Gholdengo
|-supereffective|p2a: Gholdengo|1
|-damage|p2a: Gholdengo|0 fnt
|faint|p2a: Gholdengo
|move|p2b: Charizard|Solar Beam||[still]
|-prepare|p2b: Charizard|Solar Beam
|-anim|p2b: Charizard|Solar Beam|p1b: Basculegion
|-supereffective|p1b: Basculegion|1
|-damage|p1b: Basculegion|0 fnt
|faint|p1b: Basculegion
|move|p1a: Incineroar|Parting Shot|p2b: Charizard
|-unboost|p2b: Charizard|atk|1
|-unboost|p2b: Charizard|spa|1
|
|t:|1782183798
|switch|p1a: Pelipper|Pelipper, L50, F|1/100|[from] Parting Shot
|-weather|RainDance|[from] ability: Drizzle|[of] p1a: Pelipper
|
|-weather|RainDance|[upkeep]
|upkeep
|
|t:|1782183803
|switch|p1b: Incineroar|Incineroar, L50, F|49/100
|-ability|p1b: Incineroar|Intimidate|boost
|-unboost|p2b: Charizard|atk|1
|turn|9
|
|t:|1782183810
|move|p1b: Incineroar|Fake Out|p2b: Charizard
|-damage|p2b: Charizard|88/100
|cant|p2b: Charizard|flinch
|move|p1a: Pelipper|Tailwind|p1a: Pelipper
|-sidestart|p1: lux raymundi|move: Tailwind
|
|-weather|RainDance|[upkeep]
|upkeep
|turn|10
|
|t:|1782183820
|move|p1a: Pelipper|Weather Ball|p2b: Charizard
|-supereffective|p2b: Charizard|1
|-damage|p2b: Charizard|0 fnt
|faint|p2b: Charizard
|
|win|lux raymundi
|raw|lux raymundi's rating: 1165 → 1182(+17 for winning)
|raw|cochedrilo listo's rating: 1056 → 1043(-13 for losing)
