|j|☆endershovel
|j|☆spernerslemma
|html|endershovelspernerslemma    
|uhtml|bestof|Game 2 of a best-of-3
|t:|1784555863
|gametype|doubles
|player|p1|endershovel|1|1344
|player|p2|spernerslemma|pokekid|1357
|gen|9
|tier|[Gen 9 Champions] VGC 2026 Reg M-B (Bo3)
|rated|
|rule|Species Clause: Limit one of each Pokémon
|rule|Item Clause: Limit 1 of each item
|clearpoke
|poke|p1|Starmie, L50, shiny|
|poke|p1|Sneasler, L50, F|
|poke|p1|Pelipper, L50, M|
|poke|p1|Archaludon, L50, F|
|poke|p1|Sinistcha-Masterpiece, L50|
|poke|p1|Kingambit, L50, F|
|poke|p2|Swampert, L50, F|
|poke|p2|Grimmsnarl, L50, M|
|poke|p2|Archaludon, L50, F|
|poke|p2|Pelipper, L50, F|
|poke|p2|Venusaur, L50, F|
|poke|p2|Weavile, L50, M|
|teampreview|4
|showteam|p1|Starmie||Starminite|NaturalCure|Liquidation,ZenHeadbutt,AquaJet,Protect|Jolly|||||50|]Sneasler||WhiteHerb|Unburden|CloseCombat,DireClaw,Coaching,FakeOut|Adamant||F|||50|]Pelipper||SitrusBerry|Drizzle|Hurricane,MuddyWater,Tailwind,Protect|Modest||M|||50|]Archaludon||Leftovers|Stamina|ElectroShot,FlashCannon,DragonPulse,Protect|Modest||F|||50|]Sinistcha-Masterpiece||ColburBerry|Hospitality|MatchaGotcha,RagePowder,TrickRoom,Protect|Calm|||||50|]Kingambit||BlackGlasses|Defiant|KowtowCleave,SuckerPunch,SwordsDance,Protect|Adamant||F|||50|
|showteam|p2|Swampert||Swampertite|Torrent|WaveCrash,Protect,HighHorsepower,IcePunch|Adamant||F|||50|]Grimmsnarl||LightClay|Prankster|SpiritBreak,Reflect,LightScreen,PartingShot|Careful||M|||50|]Archaludon||Leftovers|Stamina|ElectroShot,DragonPulse,FlashCannon,Protect|Modest||F|||50|]Pelipper||SitrusBerry|Drizzle|WeatherBall,Hurricane,Tailwind,Protect|Modest||F|||50|]Venusaur||Venusaurite|Chlorophyll|SludgeBomb,Protect,GigaDrain,EarthPower|Modest||F|||50|]Weavile||FocusSash|Pressure|FakeOut,TripleAxel,ThroatChop,Protect|Jolly||M|||50|
|inactive|Battle timer is ON: inactive players will automatically lose when time's up. (requested by spernerslemma)
|
|t:|1784555910
|teamsize|p1|4
|teamsize|p2|4
|start
|switch|p1a: Starmie|Starmie, L50, shiny|100/100
|switch|p1b: Sinistcha|Sinistcha-Masterpiece, L50|100/100
|switch|p2a: Swampert|Swampert, L50, F|100/100
|switch|p2b: Weavile|Weavile, L50, M|100/100
|-ability|p2b: Weavile|Pressure
|turn|1
|inactive|spernerslemma has 30 seconds left.
|
|t:|1784555943
|switch|p2a: Archaludon|Archaludon, L50, F|100/100
|move|p1a: Starmie|Protect|p1a: Starmie
|-singleturn|p1a: Starmie|Protect
|move|p1b: Sinistcha|Protect|p1b: Sinistcha
|-singleturn|p1b: Sinistcha|Protect
|move|p2b: Weavile|Triple Axel|p1b: Sinistcha
|-activate|p1b: Sinistcha|move: Protect
|
|upkeep
|turn|2
|inactive|spernerslemma has 30 seconds left.
|inactive|spernerslemma has 20 seconds left.
|
|t:|1784555978
|switch|p2b: Pelipper|Pelipper, L50, F|100/100
|-weather|RainDance|[from] ability: Drizzle|[of] p2b: Pelipper
|switch|p1a: Sneasler|Sneasler, L50, F|100/100
|switch|p1b: Archaludon|Archaludon, L50, F|100/100
|move|p2a: Archaludon|Electro Shot||[still]
|-prepare|p2a: Archaludon|Electro Shot
|-boost|p2a: Archaludon|spa|1
|-anim|p2a: Archaludon|Electro Shot|p1a: Sneasler
|-damage|p1a: Sneasler|21/100
|
|-weather|RainDance|[upkeep]
|upkeep
|turn|3
|inactive|spernerslemma has 30 seconds left.
|inactive|spernerslemma has 20 seconds left.
|inactive|spernerslemma has 15 seconds left.
|inactive|spernerslemma has 10 seconds left.
|inactive|spernerslemma has 5 seconds left.
|
|t:|1784556029
|switch|p2a: Weavile|Weavile, L50, M|100/100
|-ability|p2a: Weavile|Pressure
|switch|p2b: Swampert|Swampert, L50, F|100/100
|move|p1a: Sneasler|Close Combat|p2a: Weavile
|-supereffective|p2a: Weavile|2
|-enditem|p2a: Weavile|Focus Sash
|-damage|p2a: Weavile|1/100
|-unboost|p1a: Sneasler|def|1
|-unboost|p1a: Sneasler|spd|1
|-enditem|p1a: Sneasler|White Herb
|-clearnegativeboost|p1a: Sneasler|[silent]
|move|p1b: Archaludon|Electro Shot||[still]
|-prepare|p1b: Archaludon|Electro Shot
|-boost|p1b: Archaludon|spa|1
|-anim|p1b: Archaludon|Electro Shot|p2b: Swampert
|-immune|p2b: Swampert
|
|-weather|RainDance|[upkeep]
|upkeep
|turn|4
|inactive|endershovel has 30 seconds left.
|inactive|spernerslemma has 30 seconds left.
|inactive|spernerslemma has 20 seconds left.
|inactive|endershovel has 20 seconds left.
|inactive|spernerslemma has 15 seconds left.
|inactive|spernerslemma has 10 seconds left.
|inactive|spernerslemma has 5 seconds left.
|
|t:|1784556080
|detailschange|p2b: Swampert|Swampert-Mega, L50, F
|-mega|p2b: Swampert|Swampert|Swampertite
|move|p1a: Sneasler|Close Combat|p2b: Swampert
|-damage|p2b: Swampert|38/100
|-unboost|p1a: Sneasler|def|1
|-unboost|p1a: Sneasler|spd|1
|move|p2b: Swampert|High Horsepower|p1a: Sneasler
|-supereffective|p1a: Sneasler|1
|-crit|p1a: Sneasler
|-damage|p1a: Sneasler|0 fnt
|faint|p1a: Sneasler
|move|p2a: Weavile|Triple Axel|p1b: Archaludon
|-crit|p1b: Archaludon
|-damage|p1b: Archaludon|88/100
|-ability|p1b: Archaludon|Stamina|boost
|-boost|p1b: Archaludon|def|1
|-damage|p1b: Archaludon|78/100
|-ability|p1b: Archaludon|Stamina|boost
|-boost|p1b: Archaludon|def|1
|-damage|p1b: Archaludon|68/100
|-ability|p1b: Archaludon|Stamina|boost
|-boost|p1b: Archaludon|def|1
|-hitcount|p1b: Archaludon|3
|move|p1b: Archaludon|Electro Shot||[still]
|-prepare|p1b: Archaludon|Electro Shot
|-boost|p1b: Archaludon|spa|1
|-anim|p1b: Archaludon|Electro Shot|p2a: Weavile
|-damage|p2a: Weavile|0 fnt
|faint|p2a: Weavile
|
|-weather|RainDance|[upkeep]
|-heal|p1b: Archaludon|74/100|[from] item: Leftovers
|upkeep
|
|t:|1784556094
|switch|p2a: Archaludon|Archaludon, L50, F|100/100
|switch|p1a: Sinistcha|Sinistcha-Masterpiece, L50|100/100
|-heal|p1b: Archaludon|99/100|[from] ability: Hospitality|[of] p1a: Sinistcha
|turn|5
|
|t:|1784556113
|switch|p2b: Pelipper|Pelipper, L50, F|100/100
|move|p1b: Archaludon|Dragon Pulse|p2a: Archaludon
|-damage|p2a: Archaludon|10/100
|-ability|p2a: Archaludon|Stamina|boost
|-boost|p2a: Archaludon|def|1
|move|p2a: Archaludon|Electro Shot||[still]
|-prepare|p2a: Archaludon|Electro Shot
|-boost|p2a: Archaludon|spa|1
|-anim|p2a: Archaludon|Electro Shot|p1a: Sinistcha
|-resisted|p1a: Sinistcha|1
|-damage|p1a: Sinistcha|71/100
|move|p1a: Sinistcha|Matcha Gotcha|p2b: Pelipper|[spread] p2a
|-miss|p1a: Sinistcha|p2b: Pelipper
|-resisted|p2a: Archaludon|2
|-damage|p2a: Archaludon|4/100
|-heal|p1a: Sinistcha|75/100|[from] drain|[of] p2a: Archaludon
|-ability|p2a: Archaludon|Stamina|boost
|-boost|p2a: Archaludon|def|1
|
|-weather|RainDance|[upkeep]
|-heal|p1b: Archaludon|100/100|[from] item: Leftovers
|-heal|p2a: Archaludon|10/100|[from] item: Leftovers
|upkeep
|turn|6
|
|t:|1784556129
|move|p2a: Archaludon|Protect|p2a: Archaludon
|-singleturn|p2a: Archaludon|Protect
|move|p1b: Archaludon|Electro Shot||[still]
|-prepare|p1b: Archaludon|Electro Shot
|-boost|p1b: Archaludon|spa|1
|-anim|p1b: Archaludon|Electro Shot|p2b: Pelipper
|-supereffective|p2b: Pelipper|2
|-damage|p2b: Pelipper|0 fnt
|faint|p2b: Pelipper
|move|p1a: Sinistcha|Matcha Gotcha|p2a: Archaludon
|-activate|p2a: Archaludon|move: Protect
|
|-weather|none
|-heal|p2a: Archaludon|16/100|[from] item: Leftovers
|upkeep
|
|t:|1784556135
|switch|p2b: Swampert|Swampert-Mega, L50, F|38/100
|turn|7
|-message|spernerslemma forfeited.
|
|win|endershovel
||spernerslemma is ready for game 3.
||endershovel is ready for game 3.
|uhtml|next|Next: Game 3 of 3
|l|☆endershovel
|player|p1|
