|j|☆Jun RH
|j|☆D-scNSe
|html|Jun RHD-scNSe    
|uhtml|bestof|Game 2 of a best-of-3
|t:|1756993198
|gametype|doubles
|player|p1|Jun RH|burglar|
|player|p2|D-scNSe|102|
|gen|9
|tier|[Gen 9] VGC 2025 Reg H (Bo3)
|rule|Species Clause: Limit one of each Pokémon
|rule|Item Clause: Limit 1 of each item
|clearpoke
|poke|p1|Gholdengo, L50|
|poke|p1|Incineroar, L50, F|
|poke|p1|Amoonguss, L50, M|
|poke|p1|Dragonite, L50, M|
|poke|p1|Garchomp, L50, F|
|poke|p1|Primarina, L50, F|
|poke|p2|Weezing-Galar, L50, M|
|poke|p2|Garchomp, L50, F|
|poke|p2|Archaludon, L50, M|
|poke|p2|Talonflame, L50, F|
|poke|p2|Gholdengo, L50|
|poke|p2|Annihilape, L50, M|
|teampreview|4
|showteam|p1|Gholdengo||LifeOrb|GoodasGold|MakeItRain,ShadowBall,NastyPlot,Protect||||||50|,,,,,Water]Incineroar||SafetyGoggles|Intimidate|KnockOff,FlareBlitz,FakeOut,PartingShot|||F|||50|,,,,,Ghost]Amoonguss||CovertCloak|Regenerator|RagePowder,PollenPuff,Protect,Spore|||M|||50|,,,,,Dark]Dragonite||LoadedDice|Multiscale|ScaleShot,Tailwind,Protect,Haze|||M|||50|,,,,,Fairy]Garchomp||ClearAmulet|RoughSkin|DragonClaw,Earthquake,StompingTantrum,Protect|||F|||50|,,,,,Fire]Primarina||AssaultVest|LiquidVoice|HyperVoice,Moonblast,IcyWind,DazzlingGleam|||F|||50|,,,,,Grass
|showteam|p2|Weezing-Galar||FocusSash|NeutralizingGas|Protect,Taunt,SludgeBomb,StrangeSteam|||M|||50|,,,,,Flying]Garchomp||LifeOrb|RoughSkin|Protect,DragonClaw,Earthquake,StompingTantrum|||F|||50|,,,,,Ground]Archaludon||PowerHerb|Sturdy|Protect,ElectroShot,Thunderbolt,DracoMeteor|||M|||50|,,,,,Electric]Talonflame||CovertCloak|GaleWings|Tailwind,DualWingbeat,WillOWisp,FlareBlitz|||F|||50|,,,,,Stellar]Gholdengo||ChoiceSpecs|GoodasGold|ShadowBall,DazzlingGleam,PowerGem,MakeItRain||||||50|,,,,,Fairy]Annihilape||AssaultVest|Defiant|CloseCombat,RageFist,FinalGambit,IcePunch|||M|||50|,,,,,Grass
|
|t:|1756993273
|teamsize|p1|4
|teamsize|p2|4
|start
|switch|p1a: Dragonite|Dragonite, L50, M|100/100
|switch|p1b: Garchomp|Garchomp, L50, F|100/100
|switch|p2a: Archaludon|Archaludon, L50, M|100/100
|switch|p2b: Talonflame|Talonflame, L50, F|100/100
|turn|1
|
|t:|1756993330
|-terastallize|p1a: Dragonite|Fairy
|move|p1b: Garchomp|Protect|p1b: Garchomp
|-singleturn|p1b: Garchomp|Protect
|move|p2b: Talonflame|Will-O-Wisp|p1a: Dragonite
|-status|p1a: Dragonite|brn
|move|p2a: Archaludon|Draco Meteor|p1b: Garchomp
|-activate|p1b: Garchomp|move: Protect
|move|p1a: Dragonite|Scale Shot|p2b: Talonflame
|-damage|p2b: Talonflame|91/100
|-damage|p2b: Talonflame|80/100
|-damage|p2b: Talonflame|71/100
|-damage|p2b: Talonflame|61/100
|-damage|p2b: Talonflame|51/100
|-hitcount|p2b: Talonflame|5
|-unboost|p1a: Dragonite|def|1
|-boost|p1a: Dragonite|spe|1
|
|-damage|p1a: Dragonite|95/100 brn|[from] brn
|upkeep
|turn|2
|
|t:|1756993369
|move|p1a: Dragonite|Tailwind|p1a: Dragonite
|-sidestart|p1: Jun RH|move: Tailwind
|move|p1b: Garchomp|Stomping Tantrum|p2a: Archaludon
|-supereffective|p2a: Archaludon
|-damage|p2a: Archaludon|35/100
|move|p2b: Talonflame|Tailwind|p2b: Talonflame
|-sidestart|p2: D-scNSe|move: Tailwind
|move|p2a: Archaludon|Draco Meteor|p1b: Garchomp
|-supereffective|p1b: Garchomp
|-damage|p1b: Garchomp|0 fnt
|-unboost|p2a: Archaludon|spa|2
|faint|p1b: Garchomp
|
|-damage|p1a: Dragonite|89/100 brn|[from] brn
|upkeep
|
|t:|1756993394
|switch|p1b: Primarina|Primarina, L50, F|100/100
|turn|3
|
|t:|1756993425
|switch|p1b: Amoonguss|Amoonguss, L50, M|100/100
|move|p2a: Archaludon|Protect|p2a: Archaludon
|-singleturn|p2a: Archaludon|Protect
|move|p1a: Dragonite|Scale Shot|p2a: Archaludon
|-activate|p2a: Archaludon|move: Protect
|move|p2b: Talonflame|Dual Wingbeat|p1b: Amoonguss
|-supereffective|p1b: Amoonguss
|-damage|p1b: Amoonguss|76/100
|-supereffective|p1b: Amoonguss
|-damage|p1b: Amoonguss|48/100
|-hitcount|p1b: Amoonguss|2
|
|-damage|p1a: Dragonite|83/100 brn|[from] brn
|upkeep
|turn|4
|
|t:|1756993455
|switch|p2a: Weezing|Weezing-Galar, L50, M|100/100
|-ability|p2a: Weezing|Neutralizing Gas
|move|p1b: Amoonguss|Protect|p1b: Amoonguss
|-singleturn|p1b: Amoonguss|Protect
|move|p1a: Dragonite|Scale Shot|p2b: Talonflame
|-damage|p2b: Talonflame|41/100
|-damage|p2b: Talonflame|30/100
|-damage|p2b: Talonflame|20/100
|-damage|p2b: Talonflame|10/100
|-hitcount|p2b: Talonflame|4
|-unboost|p1a: Dragonite|def|1
|-boost|p1a: Dragonite|spe|1
|move|p2b: Talonflame|Dual Wingbeat|p1b: Amoonguss
|-activate|p1b: Amoonguss|move: Protect
|
|-damage|p1a: Dragonite|77/100 brn|[from] brn
|upkeep
|turn|5
|
|t:|1756993482
|switch|p1b: Primarina|Primarina, L50, F|100/100
|move|p1a: Dragonite|Scale Shot|p2b: Talonflame
|-damage|p2b: Talonflame|0 fnt
|faint|p2b: Talonflame
|-hitcount|p2: Talonflame|1
|-unboost|p1a: Dragonite|def|1
|-boost|p1a: Dragonite|spe|1
|move|p2a: Weezing|Sludge Bomb|p1a: Dragonite
|-supereffective|p1a: Dragonite
|-damage|p1a: Dragonite|0 fnt
|faint|p1a: Dragonite
|
|-sideend|p1: Jun RH|move: Tailwind
|-sideend|p2: D-scNSe|move: Tailwind
|upkeep
|
|t:|1756993502
|switch|p2b: Garchomp|Garchomp, L50, F|100/100
|switch|p1a: Amoonguss|Amoonguss, L50, M|48/100
|turn|6
|
|t:|1756993516
|-terastallize|p2a: Weezing|Flying
|move|p1a: Amoonguss|Rage Powder|p1a: Amoonguss
|-singleturn|p1a: Amoonguss|move: Rage Powder
|move|p2b: Garchomp|Earthquake|p1b: Primarina|[spread] p1a,p1b
|-immune|p2a: Weezing
|-damage|p1a: Amoonguss|6/100
|-damage|p1b: Primarina|39/100
|-damage|p2b: Garchomp|91/100|[from] item: Life Orb
|move|p2a: Weezing|Taunt|p1a: Amoonguss
|-start|p1a: Amoonguss|move: Taunt
|move|p1b: Primarina|Moonblast|p2b: Garchomp
|-supereffective|p2b: Garchomp
|-crit|p2b: Garchomp
|-damage|p2b: Garchomp|0 fnt
|faint|p2b: Garchomp
|
|upkeep
|
|t:|1756993520
|switch|p2b: Archaludon|Archaludon, L50, M|35/100
|turn|7
|
|t:|1756993540
|move|p2b: Archaludon|Thunderbolt|p1b: Primarina
|-supereffective|p1b: Primarina
|-damage|p1b: Primarina|2/100
|move|p2a: Weezing|Sludge Bomb|p1b: Primarina
|-supereffective|p1b: Primarina
|-damage|p1b: Primarina|0 fnt
|faint|p1b: Primarina
|move|p1a: Amoonguss|Pollen Puff|p1: Primarina|[notarget]
|-fail|p1a: Amoonguss
|
|upkeep
|turn|8
|
|t:|1756993550
|move|p2b: Archaludon|Thunderbolt|p1a: Amoonguss
|-resisted|p1a: Amoonguss
|-damage|p1a: Amoonguss|0 fnt
|faint|p1a: Amoonguss
|
|win|D-scNSe
