|j|☆Mortipherus
|j|☆tbone603
|html|Mortipherustbone603    
|uhtml|bestof|Game 3 of a best-of-3
|t:|1756496255
|gametype|doubles
|player|p1|Mortipherus|biker-gen4|1108
|player|p2|tbone603|102|1023
|gen|9
|tier|[Gen 9] VGC 2025 Reg H (Bo3)
|rated|
|rule|Species Clause: Limit one of each Pokémon
|rule|Item Clause: Limit 1 of each item
|clearpoke
|poke|p1|Hydrapple, L50, F|
|poke|p1|Arcanine-Hisui, L50, M|
|poke|p1|Gholdengo, L50|
|poke|p1|Electabuzz, L50, M|
|poke|p1|Indeedee, L50, M|
|poke|p1|Sneasler, L50, F|
|poke|p2|Orthworm, L50, F|
|poke|p2|Indeedee, L50, M|
|poke|p2|Garchomp, L50, F|
|poke|p2|Typhlosion-Hisui, L50, M|
|poke|p2|Gholdengo, L50|
|poke|p2|Murkrow, L50, F|
|teampreview|4
|showteam|p1|Hydrapple||AssaultVest|Regenerator|FickleBeam,EnergyBall,EarthPower,BreakingSwipe|||F|||50|,,,,,Ground]Arcanine-Hisui||ClearAmulet|Intimidate|Protect,ExtremeSpeed,FlareBlitz,RockSlide|||M|||50|,,,,,Grass]Gholdengo||LifeOrb|GoodasGold|Protect,NastyPlot,MakeItRain,ShadowBall||||||50|,,,,,Flying]Electabuzz||Eviolite|VitalSpirit|Protect,FollowMe,Taunt,Electroweb|||M|||50|,,,,,Dragon]Indeedee||FocusSash|PsychicSurge|Protect,TrickRoom,ExpandingForce,TeraBlast|||M|||50|,,,,,Ground]Sneasler||PsychicSeed|Unburden|Protect,ThroatChop,DireClaw,CloseCombat|||F|||50|,,,,,Dark
|showteam|p2|Orthworm||SafetyGoggles|EarthEater|ShedTail,BodyPress,HelpingHand,SmackDown|||F|||50|,,,,,Electric]Indeedee||ChoiceScarf|PsychicSurge|ExpandingForce,HyperVoice,TeraBlast,Trick|||M|||50|,,,,,Fighting]Garchomp||ChoiceBand|RoughSkin|Outrage,RockSlide,Earthquake,StompingTantrum|||F|||50|,,,,,Ground]Typhlosion-Hisui||FocusSash|Blaze|Protect,Overheat,ShadowBall,Eruption|||M|||50|,,,,,Fire]Gholdengo||AssaultVest|GoodasGold|MakeItRain,ShadowBall,Thunderbolt,PowerGem||||||50|,,,,,Flying]Murkrow||Eviolite|Prankster|SunnyDay,Haze,Tailwind,FoulPlay|||F|||50|,,,,,Ghost
|inactive|Battle timer is ON: inactive players will automatically lose when time's up. (requested by tbone603)
|inactive|Mortipherus has 60 seconds left.
|
|t:|1756496294
|teamsize|p1|4
|teamsize|p2|4
|start
|switch|p1a: Electabuzz|Electabuzz, L50, M|100/100
|switch|p1b: Gholdengo|Gholdengo, L50|100/100
|switch|p2a: Gholdengo|Gholdengo, L50|100/100
|switch|p2b: Orthworm|Orthworm, L50, F|100/100
|turn|1
|inactive|tbone603 has 30 seconds left.
|
|t:|1756496320
|move|p1b: Gholdengo|Protect|p1b: Gholdengo
|-singleturn|p1b: Gholdengo|Protect
|move|p1a: Electabuzz|Taunt|p2b: Orthworm
|-start|p2b: Orthworm|move: Taunt
|move|p2a: Gholdengo|Shadow Ball|p1b: Gholdengo
|-activate|p1b: Gholdengo|move: Protect
|cant|p2b: Orthworm|move: Taunt|Shed Tail
|
|upkeep
|turn|2
|
|t:|1756496334
|switch|p2b: Indeedee|Indeedee, L50, M|100/100
|-fieldstart|move: Psychic Terrain|[from] ability: Psychic Surge|[of] p2b: Indeedee
|move|p1a: Electabuzz|Follow Me|p1a: Electabuzz
|-singleturn|p1a: Electabuzz|move: Follow Me
|move|p1b: Gholdengo|Shadow Ball|p2a: Gholdengo
|-supereffective|p2a: Gholdengo
|-damage|p2a: Gholdengo|26/100
|-damage|p1b: Gholdengo|91/100|[from] item: Life Orb
|move|p2a: Gholdengo|Shadow Ball|p1a: Electabuzz
|-damage|p1a: Electabuzz|65/100
|
|upkeep
|turn|3
|
|t:|1756496347
|switch|p2a: Orthworm|Orthworm, L50, F|100/100
|move|p1b: Gholdengo|Protect|p1b: Gholdengo
|-singleturn|p1b: Gholdengo|Protect
|move|p2b: Indeedee|Expanding Force|p1a: Electabuzz|[spread] p1a
|-activate|p1b: Gholdengo|move: Protect
|-damage|p1a: Electabuzz|26/100
|move|p1a: Electabuzz|Electroweb|p2b: Indeedee|[spread] p2a,p2b
|-damage|p2a: Orthworm|85/100
|-damage|p2b: Indeedee|83/100
|-unboost|p2a: Orthworm|spe|1
|-unboost|p2b: Indeedee|spe|1
|
|upkeep
|turn|4
|inactive|Mortipherus has 30 seconds left.
|
|t:|1756496373
|switch|p1a: Hydrapple|Hydrapple, L50, F|100/100
|move|p2b: Indeedee|Expanding Force|p1a: Hydrapple|[spread] p1a,p1b
|-resisted|p1b: Gholdengo
|-damage|p1a: Hydrapple|60/100
|-damage|p1b: Gholdengo|61/100
|move|p1b: Gholdengo|Make It Rain|p2b: Indeedee|[spread] p2a,p2b
|-resisted|p2a: Orthworm
|-crit|p2b: Indeedee
|-damage|p2a: Orthworm|51/100
|-damage|p2b: Indeedee|0 fnt
|-unboost|p1b: Gholdengo|spa|1
|faint|p2b: Indeedee
|-damage|p1b: Gholdengo|52/100|[from] item: Life Orb
|move|p2a: Orthworm|Shed Tail|p2a: Orthworm
|-start|p2a: Orthworm|Substitute|[from] move: Shed Tail
|-damage|p2a: Orthworm|1/100
|
|t:|1756496382
|switch|p2a: Garchomp|Garchomp, L50, F|100/100|[from] Shed Tail
|
|upkeep
|
|t:|1756496386
|switch|p2b: Orthworm|Orthworm, L50, F|1/100
|turn|5
|
|t:|1756496400
|move|p1b: Gholdengo|Protect|p1b: Gholdengo
|-singleturn|p1b: Gholdengo|Protect
|move|p2a: Garchomp|Earthquake|p1b: Gholdengo|[spread] p1a
|-activate|p1b: Gholdengo|move: Protect
|-heal|p2b: Orthworm|26/100|[from] ability: Earth Eater|[of] p2a: Garchomp
|-resisted|p1a: Hydrapple
|-damage|p1a: Hydrapple|41/100
|move|p2b: Orthworm|Smack Down|p1b: Gholdengo
|-activate|p1b: Gholdengo|move: Protect
|move|p1a: Hydrapple|Fickle Beam|p2a: Garchomp
|-supereffective|p2a: Garchomp
|-end|p2a: Garchomp|Substitute
|
|upkeep
|turn|6
|
|t:|1756496427
|switch|p1b: Electabuzz|Electabuzz, L50, M|26/100
|-terastallize|p2a: Garchomp|Ground
|move|p2a: Garchomp|Earthquake|p1b: Electabuzz|[spread] p1a,p1b
|-heal|p2b: Orthworm|51/100|[from] ability: Earth Eater|[of] p2a: Garchomp
|-resisted|p1a: Hydrapple
|-supereffective|p1b: Electabuzz
|-damage|p1a: Hydrapple|16/100
|-damage|p1b: Electabuzz|0 fnt
|faint|p1b: Electabuzz
|move|p2b: Orthworm|Smack Down|p1a: Hydrapple
|-damage|p1a: Hydrapple|7/100
|move|p1a: Hydrapple|Breaking Swipe|p2b: Orthworm|[spread] p2a,p2b
|-resisted|p2b: Orthworm
|-damage|p2a: Garchomp|89/100
|-damage|p2b: Orthworm|47/100
|-unboost|p2a: Garchomp|atk|1
|-unboost|p2b: Orthworm|atk|1
|-damage|p1a: Hydrapple|0 fnt|[from] ability: Rough Skin|[of] p2a: Garchomp
|faint|p1a: Hydrapple
|
|-fieldend|move: Psychic Terrain
|upkeep
|
|t:|1756496447
|switch|p1b: Sneasler|Sneasler, L50, F|100/100
|switch|p1a: Gholdengo|Gholdengo, L50|52/100
|turn|7
|
|t:|1756496463
|switch|p2a: Gholdengo|Gholdengo, L50|26/100
|-terastallize|p1b: Sneasler|Dark
|move|p1a: Gholdengo|Protect|p1a: Gholdengo
|-singleturn|p1a: Gholdengo|Protect
|move|p1b: Sneasler|Close Combat|p2a: Gholdengo
|-immune|p2a: Gholdengo
|move|p2b: Orthworm|Smack Down|p1a: Gholdengo
|-activate|p1a: Gholdengo|move: Protect
|
|upkeep
|turn|8
|
|t:|1756496478
|move|p1b: Sneasler|Throat Chop|p2a: Gholdengo
|-supereffective|p2a: Gholdengo
|-damage|p2a: Gholdengo|0 fnt
|faint|p2a: Gholdengo
|move|p1a: Gholdengo|Nasty Plot|p1a: Gholdengo
|-boost|p1a: Gholdengo|spa|2
|move|p2b: Orthworm|Body Press|p1b: Sneasler
|-supereffective|p1b: Sneasler
|-crit|p1b: Sneasler
|-damage|p1b: Sneasler|0 fnt
|faint|p1b: Sneasler
|
|upkeep
|
|t:|1756496484
|switch|p2a: Garchomp|Garchomp, L50, F, tera:Ground|89/100
|turn|9
|
|t:|1756496493
|move|p2b: Orthworm|Helping Hand|p2a: Garchomp
|-singleturn|p2a: Garchomp|Helping Hand|[of] p2b: Orthworm
|move|p2a: Garchomp|Earthquake|p1a: Gholdengo|[spread] p1a
|-heal|p2b: Orthworm|72/100|[from] ability: Earth Eater|[of] p2a: Garchomp
|-supereffective|p1a: Gholdengo
|-damage|p1a: Gholdengo|0 fnt
|faint|p1a: Gholdengo
|
|win|tbone603
|raw|Mortipherus's rating: 1108 → 1077(-31 for losing)
|raw|tbone603's rating: 1023 → 1068(+45 for winning)
|c|☆tbone603|ggwp
|c|☆Mortipherus|gg wp
