|j|☆Volanr
|j|☆snug as a dnug
|html|Volanrsnug as a dnug    
|uhtml|bestof|Game 2 of a best-of-3
|t:|1783469953
|gametype|doubles
|player|p1|Volanr|lebanne|1000
|player|p2|snug as a dnug|101|1110
|gen|9
|tier|[Gen 9 Champions] VGC 2026 Reg M-B (Bo3)
|rated|
|rule|Species Clause: Limit one of each Pokémon
|rule|Item Clause: Limit 1 of each item
|clearpoke
|poke|p1|Swampert, L50, F|
|poke|p1|Metagross, L50|
|poke|p1|Pelipper, L50, F|
|poke|p1|Sneasler, L50, M|
|poke|p1|Hydreigon, L50, M|
|poke|p1|Sinistcha-Masterpiece, L50|
|poke|p2|Staraptor, L50, F|
|poke|p2|Charizard, L50, F|
|poke|p2|Garchomp, L50, M|
|poke|p2|Kingambit, L50, F|
|poke|p2|Whimsicott, L50, M|
|poke|p2|Incineroar, L50, M|
|teampreview|4
|showteam|p1|Swampert||Swampertite|Torrent|WaveCrash,HighHorsepower,Protect,IcePunch|Adamant||F|||50|]Metagross||Metagrossite|ClearBody|IronHead,PsychicFangs,BodyPress,Protect|Adamant|||||50|]Pelipper||SitrusBerry|Drizzle|WeatherBall,Tailwind,Protect,Hurricane|Modest||F|||50|]Sneasler||FocusSash|PoisonTouch|DireClaw,CloseCombat,FakeOut,Coaching|Jolly||M|||50|]Hydreigon||LifeOrb|Levitate|DracoMeteor,Snarl,DarkPulse,Protect|Timid||M|||50|]Sinistcha-Masterpiece||KasibBerry|Hospitality|MatchaGotcha,RagePowder,TrickRoom,Protect|Bold|||||50|
|showteam|p2|Staraptor||Staraptite|Intimidate|BraveBird,CloseCombat,Roost,Protect|Jolly||F|||50|]Charizard||CharizarditeY|Blaze|HeatWave,WeatherBall,SolarBeam,Protect|Modest||F|||50|]Garchomp||LifeOrb|RoughSkin|Earthquake,DragonClaw,RockSlide,Protect|Jolly||M|||50|]Kingambit||OccaBerry|Defiant|KowtowCleave,SuckerPunch,SwordsDance,Protect|Adamant||F|||50|]Whimsicott||FocusSash|Prankster|Moonblast,Tailwind,Charm,Protect|Timid||M|||50|]Incineroar||SitrusBerry|Intimidate|FakeOut,FlareBlitz,ThroatChop,PartingShot|Adamant||M|||50|
|j| MiXwX_
|
|t:|1783470044
|teamsize|p1|4
|teamsize|p2|4
|start
|switch|p1a: Swampert|Swampert, L50, F|100/100
|switch|p1b: Sneasler|Sneasler, L50, M|100/100
|switch|p2a: Charizard|Charizard, L50, F|100/100
|switch|p2b: Garchomp|Garchomp, L50, M|100/100
|turn|1
|
|t:|1783470072
|detailschange|p2a: Charizard|Charizard-Mega-Y, L50, F
|-mega|p2a: Charizard|Charizard|Charizardite Y
|-weather|SunnyDay|[from] ability: Drought|[of] p2a: Charizard
|detailschange|p1a: Swampert|Swampert-Mega, L50, F
|-mega|p1a: Swampert|Swampert|Swampertite
|move|p1b: Sneasler|Fake Out|p2a: Charizard
|-damage|p2a: Charizard|80/100
|-status|p2a: Charizard|psn|[from] ability: Poison Touch|[of] p1b: Sneasler
|move|p2b: Garchomp|Earthquake|p1b: Sneasler|[spread] p1a,p1b
|-immune|p2a: Charizard
|-supereffective|p1b: Sneasler|1
|-damage|p1a: Swampert|53/100
|-enditem|p1b: Sneasler|Focus Sash
|-damage|p1b: Sneasler|1/100
|-damage|p2b: Garchomp|90/100|[from] item: Life Orb
|cant|p2a: Charizard|flinch
|move|p1a: Swampert|Ice Punch|p2b: Garchomp
|-supereffective|p2b: Garchomp|2
|-damage|p2b: Garchomp|0 fnt
|-damage|p1a: Swampert|40/100|[from] ability: Rough Skin|[of] p2b: Garchomp
|faint|p2b: Garchomp
|
|-weather|SunnyDay|[upkeep]
|-damage|p2a: Charizard|67/100 psn|[from] psn
|upkeep
|
|t:|1783470079
|switch|p2b: Whimsicott|Whimsicott, L50, M|100/100
|turn|2
|
|t:|1783470104
|switch|p1b: Pelipper|Pelipper, L50, F|100/100
|-weather|RainDance|[from] ability: Drizzle|[of] p1b: Pelipper
|switch|p2a: Kingambit|Kingambit, L50, F|100/100
|move|p1a: Swampert|Wave Crash|p2a: Kingambit
|-damage|p2a: Kingambit|16/100
|-damage|p1a: Swampert|8/100|[from] Recoil
|move|p2b: Whimsicott|Moonblast|p1a: Swampert
|-damage|p1a: Swampert|0 fnt
|faint|p1a: Swampert
|
|-weather|RainDance|[upkeep]
|upkeep
|
|t:|1783470130
|switch|p1a: Sneasler|Sneasler, L50, M|1/100
|turn|3
|
|t:|1783470147
|move|p1a: Sneasler|Fake Out|p2b: Whimsicott
|-damage|p2b: Whimsicott|79/100
|-status|p2b: Whimsicott|psn|[from] ability: Poison Touch|[of] p1a: Sneasler
|move|p2a: Kingambit|Sucker Punch||[still]
|-fail|p2a: Kingambit
|cant|p2b: Whimsicott|flinch
|move|p1b: Pelipper|Weather Ball|p2a: Kingambit
|-damage|p2a: Kingambit|0 fnt
|faint|p2a: Kingambit
|
|-weather|RainDance|[upkeep]
|-damage|p2b: Whimsicott|67/100 psn|[from] psn
|upkeep
|
|t:|1783470150
|switch|p2a: Charizard|Charizard-Mega-Y, L50, F|67/100 psn
|-weather|SunnyDay|[from] ability: Drought|[of] p2a: Charizard
|turn|4
|c|☆snug as a dnug|Hm
|
|t:|1783470176
|move|p2b: Whimsicott|Tailwind|p2b: Whimsicott
|-sidestart|p2: snug as a dnug|move: Tailwind
|move|p2a: Charizard|Heat Wave|p1a: Sneasler|[spread] p1a,p1b
|-resisted|p1b: Pelipper|1
|-damage|p1a: Sneasler|0 fnt
|-damage|p1b: Pelipper|58/100
|faint|p1a: Sneasler
|move|p1b: Pelipper|Weather Ball|p2b: Whimsicott
|-supereffective|p2b: Whimsicott|1
|-damage|p2b: Whimsicott|0 fnt
|faint|p2b: Whimsicott
|
|-weather|SunnyDay|[upkeep]
|-damage|p2a: Charizard|55/100 psn|[from] psn
|upkeep
|
|t:|1783470180
|switch|p1a: Hydreigon|Hydreigon, L50, M|100/100
|turn|5
|
|t:|1783470184
|move|p2a: Charizard|Heat Wave|p1b: Pelipper|[spread] p1a
|-miss|p2a: Charizard|p1b: Pelipper
|-resisted|p1a: Hydreigon|1
|-damage|p1a: Hydreigon|60/100
|move|p1a: Hydreigon|Dark Pulse|p2a: Charizard
|-damage|p2a: Charizard|4/100 psn
|-damage|p1a: Hydreigon|51/100|[from] item: Life Orb
|move|p1b: Pelipper|Weather Ball|p2a: Charizard
|-resisted|p2a: Charizard|1
|-damage|p2a: Charizard|0 fnt
|faint|p2a: Charizard
|
|win|Volanr
|raw|Volanr's rating: 1000 → 1052(+52 for winning)
|raw|snug as a dnug's rating: 1110 → 1077(-33 for losing)
|c|☆snug as a dnug|Gg
