|j|☆SitrusC
|j|☆itangood5
|html|SitrusCitangood5    
|uhtml|bestof|Game 2 of a best-of-3
|t:|1783389340
|gametype|doubles
|player|p1|SitrusC|lucas|1319
|player|p2|itangood5|nate|1186
|gen|9
|tier|[Gen 9 Champions] VGC 2026 Reg M-B (Bo3)
|rated|
|rule|Species Clause: Limit one of each Pokémon
|rule|Item Clause: Limit 1 of each item
|clearpoke
|poke|p1|Aerodactyl, L50, M|
|poke|p1|Charizard, L50, M, shiny|
|poke|p1|Garchomp, L50, M|
|poke|p1|Sylveon, L50, M|
|poke|p1|Farigiraf, L50, M|
|poke|p1|Kingambit, L50, M|
|poke|p2|Charizard, L50, F, shiny|
|poke|p2|Venusaur, L50, M|
|poke|p2|Floette-Eternal, L50, F|
|poke|p2|Farigiraf, L50, F|
|poke|p2|Incineroar, L50, F, shiny|
|poke|p2|Azumarill, L50, M|
|teampreview|4
|showteam|p1|Aerodactyl||Aerodactylite|Unnerve|Tailwind,IceFang,RockSlide,WideGuard|Jolly||M|||50|]Charizard||CharizarditeY|Blaze|Protect,HeatWave,SolarBeam,WeatherBall|Modest||M|||50|]Garchomp||LifeOrb|RoughSkin|Protect,Earthquake,DragonClaw,StompingTantrum|Jolly||M|||50|]Sylveon||FairyFeather|Pixilate|Protect,HyperVoice,HyperBeam,QuickAttack|Modest||M|||50|]Farigiraf||SitrusBerry|ArmorTail|TrickRoom,TwinBeam,Thunderbolt,HelpingHand|Bold||M|||50|]Kingambit||FocusSash|Defiant|LowKick,IronHead,SuckerPunch,KowtowCleave|Adamant||M|||50|
|showteam|p2|Charizard||CharizarditeY|SolarPower|HeatWave,Protect,WeatherBall,SolarBeam|Modest||F|||50|]Venusaur||FocusSash|Chlorophyll|LeafStorm,EarthPower,SludgeBomb,SleepPowder|Timid||M|||50|]Floette-Eternal||Floettite|FlowerVeil|Moonblast,CalmMind,DrainingKiss,Protect|Modest||F|||50|]Farigiraf||SitrusBerry|ArmorTail|PsychicNoise,Roar,HelpingHand,TrickRoom|Bold||F|||50|]Incineroar||WhiteHerb|Intimidate|CloseCombat,FlareBlitz,PartingShot,FakeOut|Brave||F|||50|]Azumarill||LifeOrb|HugePower|Liquidation,PlayRough,Protect,AquaJet|Brave||M|||50|
|inactive|Battle timer is ON: inactive players will automatically lose when time's up. (requested by SitrusC)
|inactive|itangood5 also wants the timer to be on.
|c|☆SitrusC|Glhf
|inactive|SitrusC has 60 seconds left.
|
|t:|1783389393
|teamsize|p1|4
|teamsize|p2|4
|start
|switch|p1a: Aerodactyl|Aerodactyl, L50, M|100/100
|switch|p1b: Charizard|Charizard, L50, M, shiny|100/100
|switch|p2a: S command|Venusaur, L50, M|100/100
|switch|p2b: Ace|Charizard, L50, F, shiny|100/100
|-ability|p1a: Aerodactyl|Unnerve
|turn|1
|
|t:|1783389410
|detailschange|p1b: Charizard|Charizard-Mega-Y, L50, M, shiny
|-mega|p1b: Charizard|Charizard|Charizardite Y
|-weather|SunnyDay|[from] ability: Drought|[of] p1b: Charizard
|detailschange|p2b: Ace|Charizard-Mega-Y, L50, F, shiny
|-mega|p2b: Ace|Charizard|Charizardite Y
|move|p1a: Aerodactyl|Wide Guard|p1a: Aerodactyl
|-singleturn|p1a: Aerodactyl|Wide Guard
|move|p2a: S command|Sleep Powder|p1a: Aerodactyl
|-status|p1a: Aerodactyl|slp|[from] move: Sleep Powder
|move|p1b: Charizard|Heat Wave|p2a: S command|[spread] p2a
|-miss|p1b: Charizard|p2b: Ace
|-supereffective|p2a: S command|1
|-enditem|p2a: S command|Focus Sash
|-damage|p2a: S command|1/100
|move|p2b: Ace|Heat Wave|p1b: Charizard|[spread] 
|-activate|p1a: Aerodactyl|move: Wide Guard
|-activate|p1b: Charizard|move: Wide Guard
|
|-weather|SunnyDay|[upkeep]
|upkeep
|turn|2
|inactive|SitrusC has 30 seconds left.
|
|t:|1783389435
|switch|p1b: Garchomp|Garchomp, L50, M|100/100
|move|p2a: S command|Sleep Powder|p1b: Garchomp
|-status|p1b: Garchomp|slp|[from] move: Sleep Powder
|cant|p1a: Aerodactyl|slp
|move|p2b: Ace|Solar Beam||[still]
|-prepare|p2b: Ace|Solar Beam
|-anim|p2b: Ace|Solar Beam|p1a: Aerodactyl
|-damage|p1a: Aerodactyl|37/100 slp
|
|-weather|SunnyDay|[upkeep]
|upkeep
|turn|3
|
|t:|1783389455
|move|p2a: S command|Leaf Storm|p1b: Garchomp
|-damage|p1b: Garchomp|41/100 slp
|-unboost|p2a: S command|spa|2
|cant|p1a: Aerodactyl|slp
|cant|p1b: Garchomp|slp
|move|p2b: Ace|Heat Wave|p1a: Aerodactyl|[spread] p1a,p1b
|-resisted|p1a: Aerodactyl|1
|-crit|p1a: Aerodactyl
|-resisted|p1b: Garchomp|1
|-damage|p1a: Aerodactyl|0 fnt
|-damage|p1b: Garchomp|7/100 slp
|faint|p1a: Aerodactyl
|
|-weather|SunnyDay|[upkeep]
|upkeep
|
|t:|1783389470
|switch|p1a: Charizard|Charizard-Mega-Y, L50, M, shiny|100/100
|turn|4
|
|t:|1783389478
|move|p1a: Charizard|Protect|p1a: Charizard
|-singleturn|p1a: Charizard|Protect
|move|p2a: S command|Sleep Powder|p1a: Charizard
|-activate|p1a: Charizard|move: Protect
|cant|p1b: Garchomp|slp
|move|p2b: Ace|Heat Wave|p1b: Garchomp|[spread] 
|-activate|p1a: Charizard|move: Protect
|-miss|p2b: Ace|p1b: Garchomp
|
|-weather|SunnyDay|[upkeep]
|upkeep
|turn|5
|
|t:|1783389495
|move|p2a: S command|Sleep Powder|p1a: Charizard
|-status|p1a: Charizard|slp|[from] move: Sleep Powder
|-curestatus|p1b: Garchomp|slp|[msg]
|move|p1b: Garchomp|Earthquake|p2b: Ace|[spread] p2a
|-immune|p1a: Charizard
|-immune|p2b: Ace
|-damage|p2a: S command|0 fnt
|faint|p2a: S command
|-damage|p1b: Garchomp|0 fnt|[from] item: Life Orb
|faint|p1b: Garchomp
|cant|p1a: Charizard|slp
|move|p2b: Ace|Heat Wave|p1a: Charizard
|-resisted|p1a: Charizard|1
|-damage|p1a: Charizard|65/100 slp
|
|-weather|none
|upkeep
|c|☆SitrusC|Can you miss one sleep powder lol
|inactive|SitrusC has 30 seconds left.
|
|t:|1783389521
|switch|p1b: Farigiraf|Farigiraf, L50, M|100/100
|switch|p2a: Azzy|Azumarill, L50, M|100/100
|turn|6
|c|☆itangood5|No
|
|t:|1783389531
|cant|p1a: Charizard|slp
|move|p2b: Ace|Heat Wave|p1a: Charizard|[spread] p1a,p1b
|-resisted|p1a: Charizard|1
|-damage|p1a: Charizard|48/100 slp
|-damage|p1b: Farigiraf|65/100
|move|p1b: Farigiraf|Thunderbolt|p2a: Azzy
|-supereffective|p2a: Azzy|1
|-damage|p2a: Azzy|53/100
|move|p2a: Azzy|Liquidation|p1a: Charizard
|-supereffective|p1a: Charizard|1
|-damage|p1a: Charizard|0 fnt
|faint|p1a: Charizard
|-damage|p2a: Azzy|43/100|[from] item: Life Orb
|
|upkeep
|turn|7
|c|☆SitrusC|All 2 turn sleeps as well
|
|t:|1783389550
|move|p2b: Ace|Heat Wave|p1b: Farigiraf|[miss]
|-miss|p2b: Ace|p1b: Farigiraf
|move|p1b: Farigiraf|Thunderbolt|p2a: Azzy
|-supereffective|p2a: Azzy|1
|-damage|p2a: Azzy|3/100
|move|p2a: Azzy|Liquidation|p1b: Farigiraf
|-damage|p1b: Farigiraf|13/100
|-enditem|p1b: Farigiraf|Sitrus Berry|[eat]
|-heal|p1b: Farigiraf|38/100|[from] item: Sitrus Berry
|-damage|p2a: Azzy|0 fnt|[from] item: Life Orb
|faint|p2a: Azzy
|
|upkeep
|
|t:|1783389556
|switch|p2a: Boss battle|Incineroar, L50, F, shiny|100/100
|-ability|p2a: Boss battle|Intimidate|boost
|-unboost|p1b: Farigiraf|atk|1
|turn|8
|-message|SitrusC forfeited.
|raw|SitrusC's rating: 1319 → 1292(-27 for losing)
|raw|itangood5's rating: 1186 → 1220(+34 for winning)
|
|win|itangood5
|l|☆SitrusC
|player|p1|
