|j|☆exessevio
|j|☆uscorp
|html|exesseviouscorp    
|uhtml|bestof|Game 2 of a best-of-3
|t:|1785932756
|gametype|doubles
|player|p1|exessevio|1|
|player|p2|uscorp|1|
|gen|9
|tier|[Gen 9 Champions] VGC 2026 Reg M-B (Bo3)
|rule|Species Clause: Limit one of each Pokémon
|rule|Item Clause: Limit 1 of each item
|clearpoke
|poke|p1|Altaria, L50, F|
|poke|p1|Lopunny, L50, M|
|poke|p1|Garchomp, L50, M|
|poke|p1|Whimsicott, L50, M|
|poke|p1|Vivillon-Pokeball, L50, F|
|poke|p1|Tsareena, L50, F|
|poke|p2|Raichu, L50, M|
|poke|p2|Staraptor, L50, F|
|poke|p2|Farigiraf, L50, F|
|poke|p2|Kingambit, L50, M|
|poke|p2|Sylveon, L50, M|
|poke|p2|Arcanine-Hisui, L50, M|
|teampreview|4
|showteam|p1|Altaria||Altarianite|CloudNine|Moonblast,HyperVoice,HyperBeam,Protect|Modest||F|||50|]Lopunny||Lopunnite|Limber|FakeOut,CloseCombat,GigaImpact,Protect|Jolly||M|||50|]Garchomp||LifeOrb|RoughSkin|Earthquake,DragonClaw,StompingTantrum,PoisonJab|Jolly||M|||50|]Whimsicott||FocusSash|Prankster|Tailwind,Encore,Moonblast,Protect|Timid||M|||50|]Vivillon-Pokeball||ChoiceScarf|CompoundEyes|SleepPowder,Hurricane,RagePowder,GigaDrain|Timid||F|||50|]Tsareena||MuscleBand|QueenlyMajesty|TripleAxel,Taunt,KnockOff,TropKick|Adamant||F|||50|
|showteam|p2|Raichu||RaichuniteY|LightningRod|FakeOut,ZapCannon,FocusBlast,Protect|Timid||M|||50|]Staraptor||Staraptite|Intimidate|Tailwind,Protect,CloseCombat,DualWingbeat|Jolly||F|||50|]Farigiraf||SitrusBerry|ArmorTail|Protect,TwinBeam,TrickRoom,HelpingHand|Calm||F|||50|]Kingambit||LifeOrb|Defiant|Protect,KowtowCleave,SwordsDance,SuckerPunch|Adamant||M|||50|]Sylveon||FairyFeather|Pixilate|HyperVoice,HyperBeam,QuickAttack,Detect|Modest||M|||50|]Arcanine-Hisui||FocusSash|RockHead|Protect,ExtremeSpeed,HeadSmash,FlareBlitz|Jolly||M|||50|
|inactive|Battle timer is ON: inactive players will automatically lose when time's up. (requested by uscorp)
|
|t:|1785932827
|teamsize|p1|4
|teamsize|p2|4
|start
|switch|p1a: Candy|Altaria, L50, F|100/100
|switch|p1b: Chompy|Garchomp, L50, M|100/100
|switch|p2a: Ylenia|Sylveon, L50, M|100/100
|switch|p2b: Piccionazzo|Staraptor, L50, F|100/100
|-ability|p2b: Piccionazzo|Intimidate|boost
|-unboost|p1a: Candy|atk|1
|-unboost|p1b: Chompy|atk|1
|-ability|p1a: Candy|Cloud Nine
|turn|1
|inactive|exessevio has 30 seconds left.
|inactive|uscorp has 30 seconds left.
|inactive|exessevio has 20 seconds left.
|inactive|uscorp has 20 seconds left.
|inactive|exessevio has 15 seconds left.
|inactive|uscorp has 15 seconds left.
|inactive|exessevio has 10 seconds left.
|inactive|uscorp has 10 seconds left.
|
|t:|1785932877
|switch|p1b: Kokiri|Whimsicott, L50, M|100/100
|detailschange|p2b: Piccionazzo|Staraptor-Mega, L50, F
|-mega|p2b: Piccionazzo|Staraptor|Staraptite
|detailschange|p1a: Candy|Altaria-Mega, L50, F
|-mega|p1a: Candy|Altaria|Altarianite
|move|p2b: Piccionazzo|Tailwind|p2b: Piccionazzo
|-sidestart|p2: uscorp|move: Tailwind
|move|p2a: Ylenia|Hyper Voice|p1b: Kokiri|[spread] p1a,p1b
|-supereffective|p1a: Candy|1
|-damage|p1a: Candy|12/100
|-damage|p1b: Kokiri|36/100
|move|p1a: Candy|Hyper Beam|p2b: Piccionazzo
|-supereffective|p2b: Piccionazzo|1
|-damage|p2b: Piccionazzo|0 fnt
|-mustrecharge|p1a: Candy
|faint|p2b: Piccionazzo
|
|upkeep
|
|t:|1785932893
|switch|p2b: Eterno|Farigiraf, L50, F|100/100
|turn|2
|
|t:|1785932912
|move|p1b: Kokiri|Protect|p1b: Kokiri
|-singleturn|p1b: Kokiri|Protect
|move|p2a: Ylenia|Hyper Voice|p1a: Candy|[spread] p1a
|-activate|p1b: Kokiri|move: Protect
|-supereffective|p1a: Candy|1
|-damage|p1a: Candy|0 fnt
|faint|p1a: Candy
|move|p2b: Eterno|Twin Beam|p1b: Kokiri
|-activate|p1b: Kokiri|move: Protect
|
|upkeep
|inactive|exessevio has 30 seconds left.
|
|t:|1785932940
|switch|p1a: Disonesta|Tsareena, L50, F|100/100
|turn|3
|inactive|uscorp has 30 seconds left.
|inactive|uscorp has 20 seconds left.
|
|t:|1785932978
|move|p1b: Kokiri|Tailwind|p1b: Kokiri
|-sidestart|p1: exessevio|move: Tailwind
|move|p1a: Disonesta|Knock Off|p2b: Eterno
|-supereffective|p2b: Eterno|1
|-damage|p2b: Eterno|30/100
|-enditem|p2b: Eterno|Sitrus Berry|[from] move: Knock Off|[of] p1a: Disonesta
|move|p2a: Ylenia|Hyper Beam|p1a: Disonesta
|-damage|p1a: Disonesta|0 fnt
|-mustrecharge|p2a: Ylenia
|faint|p1a: Disonesta
|move|p2b: Eterno|Twin Beam|p1b: Kokiri
|-damage|p1b: Kokiri|14/100
|-damage|p1b: Kokiri|0 fnt
|faint|p1b: Kokiri
|-hitcount|p1: Kokiri|2
|
|upkeep
|
|t:|1785932991
|switch|p1b: Chompy|Garchomp, L50, M|100/100
|turn|4
|
|t:|1785933010
|move|p1b: Chompy|Earthquake|p2a: Ylenia|[spread] p2a,p2b
|-damage|p2a: Ylenia|46/100
|-damage|p2b: Eterno|0 fnt
|faint|p2b: Eterno
|-damage|p1b: Chompy|90/100|[from] item: Life Orb
|cant|p2a: Ylenia|recharge
|
|-sideend|p2: uscorp|move: Tailwind
|upkeep
|
|t:|1785933017
|switch|p2b: Cane di Nico|Arcanine-Hisui, L50, M|100/100
|turn|5
|inactive|uscorp has 30 seconds left.
|inactive|uscorp has 20 seconds left.
|inactive|uscorp has 15 seconds left.
|inactive|uscorp has 10 seconds left.
|inactive|uscorp has 5 seconds left.
|
|t:|1785933072
|move|p2b: Cane di Nico|Protect|p2b: Cane di Nico
|-singleturn|p2b: Cane di Nico|Protect
|move|p1b: Chompy|Earthquake|p2b: Cane di Nico|[spread] p2a
|-activate|p2b: Cane di Nico|move: Protect
|-damage|p2a: Ylenia|0 fnt
|faint|p2a: Ylenia
|-damage|p1b: Chompy|80/100|[from] item: Life Orb
|
|upkeep
|turn|6
|
|t:|1785933085
|move|p1b: Chompy|Earthquake|p2b: Cane di Nico
|-supereffective|p2b: Cane di Nico|2
|-crit|p2b: Cane di Nico
|-enditem|p2b: Cane di Nico|Focus Sash
|-damage|p2b: Cane di Nico|1/100
|-damage|p1b: Chompy|70/100|[from] item: Life Orb
|move|p2b: Cane di Nico|Head Smash|p1b: Chompy
|-resisted|p1b: Chompy|1
|-damage|p1b: Chompy|37/100
|-damage|p2b: Cane di Nico|0 fnt|[from] ability: Rough Skin|[of] p1b: Chompy
|faint|p2b: Cane di Nico
|
|win|exessevio
|inactive|exessevio has 30 seconds to confirm battle start!
|inactive|uscorp has 30 seconds to confirm battle start!
||uscorp is ready for game 3.
||exessevio is ready for game 3.
|uhtml|next|Next: Game 3 of 3
