|j|☆ENDERTYTAR
|j|☆Assassinator.dr
|html|ENDERTYTARAssassinator.dr    
|uhtml|bestof|Game 2 of a best-of-3
|t:|1785951994
|gametype|doubles
|player|p1|ENDERTYTAR|170|1141
|player|p2|Assassinator.dr|youngster-gen4dp|1111
|gen|9
|tier|[Gen 9 Champions] VGC 2026 Reg M-B (Bo3)
|rated|
|rule|Species Clause: Limit one of each Pokémon
|rule|Item Clause: Limit 1 of each item
|clearpoke
|poke|p1|Charizard, L50, F|
|poke|p1|Milotic, L50, M|
|poke|p1|Grimmsnarl, L50, M|
|poke|p1|Sinistcha, L50|
|poke|p1|Incineroar, L50, F|
|poke|p1|Floette-Eternal, L50, F|
|poke|p2|Kangaskhan, L50, F|
|poke|p2|Swampert, L50, F|
|poke|p2|Beedrill, L50, F|
|poke|p2|Pelipper, L50, F|
|poke|p2|Sableye, L50, M|
|poke|p2|Sylveon, L50, M|
|teampreview|4
|showteam|p1|Charizard||CharizarditeX|Blaze|Protect,DragonRush,FlareBlitz,DragonDance|Adamant||F|||50|]Milotic||Leftovers|Competitive|Coil,MuddyWater,Hypnosis,Protect|Calm||M|||50|]Grimmsnarl||LightClay|Prankster|LightScreen,Reflect,SpiritBreak,PartingShot|Impish||M|||50|]Sinistcha||ColburBerry|Hospitality|MatchaGotcha,TrickRoom,RagePowder,Protect|Calm|||||50|]Incineroar||SitrusBerry|Intimidate|FakeOut,FlareBlitz,PartingShot,ThroatChop|Adamant||F|||50|]Floette-Eternal||Floettite|FlowerVeil|Protect,Moonblast,DazzlingGleam,CalmMind|Modest||F|||50|
|showteam|p2|Kangaskhan||SilkScarf|Scrappy|FakeOut,LastResort|Adamant||F|||50|]Swampert||Swampertite|Torrent|Protect,WaveCrash,Earthquake,IcePunch|Adamant||F|||50|]Beedrill||Beedrillite|Sniper|Protect,PoisonJab,DrillRun,Uturn|Adamant||F|||50|]Pelipper||SharpBeak|Drizzle|WideGuard,Tailwind,WeatherBall,Hurricane|Modest||F|||50|]Sableye||FocusSash|Prankster|Quash,FoulPlay,RainDance,WillOWisp|Careful||M|||50|]Sylveon||LifeOrb|Pixilate|HyperVoice,HyperBeam,Protect,QuickAttack|Quiet||M|||50|
|inactive|Battle timer is ON: inactive players will automatically lose when time's up. (requested by ENDERTYTAR)
|
|t:|1785952020
|teamsize|p1|4
|teamsize|p2|4
|start
|switch|p1a: Charizard|Charizard, L50, F|100/100
|switch|p1b: Grimmsnarl|Grimmsnarl, L50, M|100/100
|switch|p2a: Kangaskhan|Kangaskhan, L50, F|100/100
|switch|p2b: Sylveon|Sylveon, L50, M|100/100
|turn|1
|
|t:|1785952034
|move|p2a: Kangaskhan|Fake Out|p1b: Grimmsnarl
|-damage|p1b: Grimmsnarl|74/100
|cant|p1b: Grimmsnarl|flinch
|move|p1a: Charizard|Dragon Dance|p1a: Charizard
|-boost|p1a: Charizard|atk|1
|-boost|p1a: Charizard|spe|1
|move|p2b: Sylveon|Hyper Voice|p1a: Charizard|[spread] p1a,p1b
|-resisted|p1a: Charizard|1
|-supereffective|p1b: Grimmsnarl|1
|-crit|p1b: Grimmsnarl
|-damage|p1a: Charizard|70/100
|-damage|p1b: Grimmsnarl|0 fnt
|faint|p1b: Grimmsnarl
|-damage|p2b: Sylveon|90/100|[from] item: Life Orb
|
|upkeep
|
|t:|1785952049
|switch|p1b: Incineroar|Incineroar, L50, F|100/100
|-ability|p1b: Incineroar|Intimidate|boost
|-fail|p2a: Kangaskhan|unboost|Attack|[from] ability: Scrappy|[of] p2a: Kangaskhan
|-unboost|p2b: Sylveon|atk|1
|turn|2
|
|t:|1785952062
|detailschange|p1a: Charizard|Charizard-Mega-X, L50, F
|-mega|p1a: Charizard|Charizard|Charizardite X
|move|p1b: Incineroar|Fake Out|p2b: Sylveon
|-damage|p2b: Sylveon|76/100
|move|p1a: Charizard|Dragon Rush|p2a: Kangaskhan
|-crit|p2a: Kangaskhan
|-damage|p2a: Kangaskhan|0 fnt
|faint|p2a: Kangaskhan
|cant|p2b: Sylveon|flinch
|
|upkeep
|
|t:|1785952073
|switch|p2a: Pelipper|Pelipper, L50, F|100/100
|-weather|RainDance|[from] ability: Drizzle|[of] p2a: Pelipper
|turn|3
|inactive|ENDERTYTAR has 30 seconds left.
|c|☆Assassinator.dr|isnt dragon rush risky?\
|
|t:|1785952105
|move|p1a: Charizard|Dragon Rush|p2a: Pelipper
|-damage|p2a: Pelipper|0 fnt
|faint|p2a: Pelipper
|move|p1b: Incineroar|Parting Shot|p2b: Sylveon
|-unboost|p2b: Sylveon|atk|1
|-unboost|p2b: Sylveon|spa|1
|
|t:|1785952111
|switch|p1b: Sinistcha|Sinistcha, L50|100/100|[from] Parting Shot
|-heal|p1a: Charizard|94/100|[from] ability: Hospitality|[of] p1b: Sinistcha
|move|p2b: Sylveon|Hyper Voice|p1b: Sinistcha|[spread] p1a,p1b
|-damage|p1a: Charizard|50/100g
|-damage|p1b: Sinistcha|67/100
|-damage|p2b: Sylveon|66/100|[from] item: Life Orb
|
|-weather|RainDance|[upkeep]
|upkeep
|inactive|Assassinator.dr has 30 seconds left.
|c|☆Assassinator.dr|but my luck is bad so it makes sense lol
|
|t:|1785952138
|switch|p2a: Swampert|Swampert, L50, F|100/100
|turn|4
|
|t:|1785952151
|detailschange|p2a: Swampert|Swampert-Mega, L50, F
|-mega|p2a: Swampert|Swampert|Swampertite
|move|p1a: Charizard|Protect|p1a: Charizard
|-singleturn|p1a: Charizard|Protect
|move|p2a: Swampert|Protect|p2a: Swampert
|-singleturn|p2a: Swampert|Protect
|move|p2b: Sylveon|Hyper Beam|p1b: Sinistcha
|-damage|p1b: Sinistcha|0 fnt
|-mustrecharge|p2b: Sylveon
|faint|p1b: Sinistcha
|-damage|p2b: Sylveon|56/100|[from] item: Life Orb
|
|-weather|RainDance|[upkeep]
|upkeep
|
|t:|1785952160
|switch|p1b: Incineroar|Incineroar, L50, F|100/100
|-ability|p1b: Incineroar|Intimidate|boost
|-unboost|p2a: Swampert|atk|1
|-unboost|p2b: Sylveon|atk|1
|turn|5
|
|t:|1785952170
|move|p2a: Swampert|Protect||[still]
|-fail|p2a: Swampert
|move|p1b: Incineroar|Fake Out|p2a: Swampert
|-damage|p2a: Swampert|90/100
|move|p1a: Charizard|Dragon Dance|p1a: Charizard
|-boost|p1a: Charizard|atk|1
|-boost|p1a: Charizard|spe|1
|cant|p2b: Sylveon|recharge
|
|-weather|RainDance|[upkeep]
|upkeep
|turn|6
|
|t:|1785952186
|move|p1a: Charizard|Protect|p1a: Charizard
|-singleturn|p1a: Charizard|Protect
|move|p2a: Swampert|Wave Crash|p1b: Incineroar
|-supereffective|p1b: Incineroar|1
|-damage|p1b: Incineroar|0 fnt
|faint|p1b: Incineroar
|-damage|p2a: Swampert|54/100|[from] Recoil
|move|p2b: Sylveon|Hyper Beam|p1a: Charizard
|-activate|p1a: Charizard|move: Protect
|
|-weather|RainDance|[upkeep]
|upkeep
|turn|7
|
|t:|1785952196
|move|p1a: Charizard|Dragon Rush|p2a: Swampert
|-damage|p2a: Swampert|0 fnt
|faint|p2a: Swampert
|move|p2b: Sylveon|Hyper Beam|p1a: Charizard
|-crit|p1a: Charizard
|-damage|p1a: Charizard|0 fnt
|-mustrecharge|p2b: Sylveon
|faint|p1a: Charizard
|-damage|p2b: Sylveon|47/100|[from] item: Life Orb
|
|win|Assassinator.dr
|raw|ENDERTYTAR's rating: 1141 → 1114(-27 for losing)
|raw|Assassinator.dr's rating: 1111 → 1138(+27 for winning)
|c|☆Assassinator.dr|Sylveon the unittt
