|j|‽ilovepyroar
|j|☆NeonIsNuts
|html|ilovepyroarNeonIsNuts    
|uhtml|bestof|Game 2 of a best-of-3
|t:|1783315412
|gametype|doubles
|player|p1|ilovepyroar|101|1102
|player|p2|NeonIsNuts|102|1159
|gen|9
|tier|[Gen 9 Champions] VGC 2026 Reg M-B (Bo3)
|rated|
|rule|Species Clause: Limit one of each Pokémon
|rule|Item Clause: Limit 1 of each item
|clearpoke
|poke|p1|Gengar, L50, M|
|poke|p1|Scrafty, L50, F|
|poke|p1|Snorlax, L50, M|
|poke|p1|Incineroar, L50, M|
|poke|p1|Ninetales-Alola, L50, F|
|poke|p1|Dragonite, L50, F|
|poke|p2|Lucario, L50, M|
|poke|p2|Whimsicott, L50, F|
|poke|p2|Tinkaton, L50, F|
|poke|p2|Annihilape, L50, M|
|poke|p2|Archaludon, L50, M|
|poke|p2|Milotic, L50, M|
|teampreview|4
|showteam|p1|Gengar||Gengarite|CursedBody|Protect,PerishSong,SludgeBomb,ShadowBall|Modest||M|||50|]Scrafty||Scraftinite|Intimidate|Protect,CloseCombat,FakeOut,KnockOff|Careful||F|||50|]Snorlax||Leftovers|ThickFat|Protect,DoubleEdge,Yawn,HighHorsepower|Relaxed||M|||50|]Incineroar||SitrusBerry|Intimidate|Protect,FakeOut,FlareBlitz,PartingShot|Relaxed||M|||50|]Ninetales-Alola||FocusSash|SnowWarning|Protect,Encore,Disable,Blizzard|Timid||F|||50|]Dragonite||DragonFang|Multiscale|Protect,DragonClaw,LowKick,ExtremeSpeed|Adamant||F|||50|
|showteam|p2|Lucario||Lucarionite|Justified|BulletPunch,CloseCombat,Protect,RockSlide|Jolly||M|||50|]Whimsicott||FocusSash|Prankster|BeatUp,Tailwind,Taunt,Moonblast|Timid||F|||50|]Tinkaton||LightClay|MoldBreaker|GigatonHammer,FakeOut,LightScreen,Reflect|Jolly||F|||50|]Annihilape||LifeOrb|Defiant|RageFist,BulkUp,DrainPunch,Protect|Adamant||M|||50|]Archaludon||Leftovers|Stamina|DragonPulse,FlashCannon,Thunderbolt,Protect|Bold||M|||50|]Milotic||WideLens|Competitive|Scald,Blizzard,Hypnosis,LifeDew|Bold||M|||50|
|
|t:|1783315426
|teamsize|p1|4
|teamsize|p2|4
|start
|switch|p1a: Gengar|Gengar, L50, M|100/100
|switch|p1b: Dragonite|Dragonite, L50, F|100/100
|switch|p2a: Annihilape|Annihilape, L50, M|100/100
|switch|p2b: Whimsicott|Whimsicott, L50, F|100/100
|turn|1
|
|t:|1783315457
|switch|p2a: Lucario|Lucario, L50, M|100/100
|detailschange|p1a: Gengar|Gengar-Mega, L50, M
|-mega|p1a: Gengar|Gengar|Gengarite
|move|p2b: Whimsicott|Beat Up|p2a: Lucario
|-resisted|p2a: Lucario|1
|-damage|p2a: Lucario|97/100
|-ability|p2a: Lucario|Justified|boost
|-boost|p2a: Lucario|atk|1
|-resisted|p2a: Lucario|1
|-damage|p2a: Lucario|96/100
|-ability|p2a: Lucario|Justified|boost
|-boost|p2a: Lucario|atk|1
|-resisted|p2a: Lucario|1
|-damage|p2a: Lucario|94/100
|-ability|p2a: Lucario|Justified|boost
|-boost|p2a: Lucario|atk|1
|-resisted|p2a: Lucario|1
|-damage|p2a: Lucario|92/100
|-ability|p2a: Lucario|Justified|boost
|-boost|p2a: Lucario|atk|1
|-hitcount|p2a: Lucario|4
|move|p1a: Gengar|Sludge Bomb|p2b: Whimsicott
|-supereffective|p2b: Whimsicott|2
|-enditem|p2b: Whimsicott|Focus Sash
|-damage|p2b: Whimsicott|1/100
|move|p1b: Dragonite|Dragon Claw|p2a: Lucario
|-resisted|p2a: Lucario|1
|-damage|p2a: Lucario|43/100
|
|upkeep
|turn|2
|
|t:|1783315487
|detailschange|p2a: Lucario|Lucario-Mega, L50, M
|-mega|p2a: Lucario|Lucario|Lucarionite
|move|p2a: Lucario|Protect|p2a: Lucario
|-singleturn|p2a: Lucario|Protect
|move|p2b: Whimsicott|Tailwind|p2b: Whimsicott
|-sidestart|p2: NeonIsNuts|move: Tailwind
|move|p1a: Gengar|Shadow Ball|p2b: Whimsicott
|-damage|p2b: Whimsicott|0 fnt
|faint|p2b: Whimsicott
|move|p1b: Dragonite|Dragon Claw|p2a: Lucario
|-activate|p2a: Lucario|move: Protect
|
|upkeep
|
|t:|1783315502
|switch|p2b: Archaludon|Archaludon, L50, M|100/100
|turn|3
|
|t:|1783315527
|move|p1a: Gengar|Protect|p1a: Gengar
|-singleturn|p1a: Gengar|Protect
|move|p2a: Lucario|Rock Slide|p1b: Dragonite|[spread] p1b
|-activate|p1a: Gengar|move: Protect
|-supereffective|p1b: Dragonite|1
|-damage|p1b: Dragonite|31/100
|move|p2b: Archaludon|Dragon Pulse|p1b: Dragonite
|-supereffective|p1b: Dragonite|1
|-damage|p1b: Dragonite|0 fnt
|faint|p1b: Dragonite
|
|upkeep
|
|t:|1783315534
|switch|p1b: Incineroar|Incineroar, L50, M|100/100
|-ability|p1b: Incineroar|Intimidate|boost
|-unboost|p2a: Lucario|atk|1
|-unboost|p2b: Archaludon|atk|1
|turn|4
|
|t:|1783315557
|move|p1b: Incineroar|Fake Out|p2a: Lucario
|-resisted|p2a: Lucario|1
|-damage|p2a: Lucario|36/100
|cant|p2a: Lucario|flinch
|move|p2b: Archaludon|Dragon Pulse|p1b: Incineroar
|-damage|p1b: Incineroar|63/100
|move|p1a: Gengar|Shadow Ball|p2b: Archaludon
|-damage|p2b: Archaludon|49/100
|-ability|p2b: Archaludon|Stamina|boost
|-boost|p2b: Archaludon|def|1
|
|-heal|p2b: Archaludon|55/100|[from] item: Leftovers
|upkeep
|turn|5
|
|t:|1783315573
|move|p1a: Gengar|Protect|p1a: Gengar
|-singleturn|p1a: Gengar|Protect
|move|p1b: Incineroar|Protect|p1b: Incineroar
|-singleturn|p1b: Incineroar|Protect
|move|p2a: Lucario|Bullet Punch|p1a: Gengar
|-activate|p1a: Gengar|move: Protect
|move|p2b: Archaludon|Dragon Pulse|p1b: Incineroar
|-activate|p1b: Incineroar|move: Protect
|
|-heal|p2b: Archaludon|61/100|[from] item: Leftovers
|-sideend|p2: NeonIsNuts|move: Tailwind
|upkeep
|turn|6
|
|t:|1783315589
|switch|p1b: Ninetales|Ninetales-Alola, L50, F|100/100
|-weather|Snowscape|[from] ability: Snow Warning|[of] p1b: Ninetales
|move|p2a: Lucario|Bullet Punch|p1a: Gengar
|-damage|p1a: Gengar|15/100
|move|p1a: Gengar|Shadow Ball|p2a: Lucario
|-damage|p2a: Lucario|0 fnt
|faint|p2a: Lucario
|move|p2b: Archaludon|Dragon Pulse|p1b: Ninetales
|-immune|p1b: Ninetales
|
|-weather|Snowscape|[upkeep]
|-heal|p2b: Archaludon|67/100|[from] item: Leftovers
|upkeep
|
|t:|1783315598
|switch|p2a: Annihilape|Annihilape, L50, M|100/100
|turn|7
|
|t:|1783315626
|move|p1b: Ninetales|Encore|p2b: Archaludon
|-start|p2b: Archaludon|Encore
|move|p1a: Gengar|Perish Song|p1a: Gengar
|-start|p1a: Gengar|perish3|[silent]
|-start|p1b: Ninetales|perish3|[silent]
|-start|p2a: Annihilape|perish3|[silent]
|-start|p2b: Archaludon|perish3|[silent]
|-fieldactivate|move: Perish Song
|move|p2a: Annihilape|Drain Punch|p1b: Ninetales
|-damage|p1b: Ninetales|44/100
|-damage|p2a: Annihilape|90/100|[from] item: Life Orb
|move|p2b: Archaludon|Dragon Pulse|p1a: Gengar
|-damage|p1a: Gengar|0 fnt
|faint|p1a: Gengar
|
|-weather|Snowscape|[upkeep]
|-heal|p2b: Archaludon|73/100|[from] item: Leftovers
|-start|p1b: Ninetales|perish3
|-start|p2a: Annihilape|perish3
|-start|p2b: Archaludon|perish3
|upkeep
|
|t:|1783315634
|switch|p1a: Incineroar|Incineroar, L50, M|63/100
|-ability|p1a: Incineroar|Intimidate|boost
|-unboost|p2a: Annihilape|atk|1
|-ability|p2a: Annihilape|Defiant|boost
|-boost|p2a: Annihilape|atk|2
|-unboost|p2b: Archaludon|atk|1
|turn|8
|
|t:|1783315651
|move|p1a: Incineroar|Fake Out|p2b: Archaludon
|-resisted|p2b: Archaludon|1
|-damage|p2b: Archaludon|71/100
|-ability|p2b: Archaludon|Stamina|boost
|-boost|p2b: Archaludon|def|1
|move|p1b: Ninetales|Disable|p2a: Annihilape
|-start|p2a: Annihilape|Disable|Drain Punch
|move|p2a: Annihilape|Rage Fist|p1b: Ninetales
|-damage|p1b: Ninetales|0 fnt
|faint|p1b: Ninetales
|-damage|p2a: Annihilape|80/100|[from] item: Life Orb
|cant|p2b: Archaludon|flinch
|
|-weather|Snowscape|[upkeep]
|-heal|p2b: Archaludon|77/100|[from] item: Leftovers
|-start|p2a: Annihilape|perish2
|-start|p2b: Archaludon|perish2
|upkeep
|turn|9
|
|t:|1783315671
|move|p1a: Incineroar|Protect|p1a: Incineroar
|-singleturn|p1a: Incineroar|Protect
|move|p2a: Annihilape|Rage Fist|p1a: Incineroar
|-activate|p1a: Incineroar|move: Protect
|move|p2b: Archaludon|Dragon Pulse|p1a: Incineroar
|-activate|p1a: Incineroar|move: Protect
|
|-weather|Snowscape|[upkeep]
|-heal|p2b: Archaludon|83/100|[from] item: Leftovers
|-end|p2b: Archaludon|Encore
|-start|p2a: Annihilape|perish1
|-start|p2b: Archaludon|perish1
|upkeep
|turn|10
|
|t:|1783315680
|move|p1a: Incineroar|Protect|p1a: Incineroar
|-singleturn|p1a: Incineroar|Protect
|move|p2a: Annihilape|Rage Fist|p1a: Incineroar
|-activate|p1a: Incineroar|move: Protect
|move|p2b: Archaludon|Dragon Pulse|p1a: Incineroar
|-activate|p1a: Incineroar|move: Protect
|
|-weather|none
|-heal|p2b: Archaludon|89/100|[from] item: Leftovers
|-start|p2a: Annihilape|perish0
|-start|p2b: Archaludon|perish0
|faint|p2a: Annihilape
|faint|p2b: Archaludon
|
|win|ilovepyroar
|raw|ilovepyroar's rating: 1102 → 1131(+29 for winning)
|raw|NeonIsNuts's rating: 1159 → 1130(-29 for losing)
|l|☆NeonIsNuts
|player|p2|
