|j|☆thisisaladderteam
|j|☆k1ngm3
|html|thisisaladderteamk1ngm3    
|uhtml|bestof|Game 2 of a best-of-3
|t:|1782454129
|gametype|doubles
|player|p1|thisisaladderteam|guzma|1152
|player|p2|k1ngm3|dragontamer|1063
|gen|9
|tier|[Gen 9 Champions] VGC 2026 Reg M-B (Bo3)
|rated|
|rule|Species Clause: Limit one of each Pokémon
|rule|Item Clause: Limit 1 of each item
|clearpoke
|poke|p1|Sceptile, L50, M, shiny|
|poke|p1|Rotom-Heat, L50, shiny|
|poke|p1|Toxapex, L50, F, shiny|
|poke|p1|Incineroar, L50, M, shiny|
|poke|p1|Garchomp, L50, F|
|poke|p1|Gholdengo, L50|
|poke|p2|Whimsicott, L50, F|
|poke|p2|Tyranitar, L50, M|
|poke|p2|Ceruledge, L50, F|
|poke|p2|Malamar, L50, M|
|poke|p2|Raichu, L50, F|
|poke|p2|Staraptor, L50, F|
|teampreview|4
|showteam|p1|Sceptile||Sceptilite|Overgrow|Detect,EnergyBall,DragonPulse,EarthPower|Timid||M|||50|]Rotom-Heat||ChoiceScarf|Levitate|Discharge,Electroweb,Overheat,WillOWisp|Timid|||||50|]Toxapex||Leftovers|Regenerator|BanefulBunker,Infestation,Toxic,WideGuard|Bold||F|||50|]Incineroar||SitrusBerry|Intimidate|FakeOut,PartingShot,ThroatChop,FlareBlitz|Careful||M|||50|]Garchomp||LifeOrb|RoughSkin|Protect,RockSlide,Earthquake,DragonClaw|Jolly||F|||50|]Gholdengo||KasibBerry|GoodasGold|Protect,NastyPlot,ShadowBall,MakeItRain|Modest|||||50|
|showteam|p2|Whimsicott||FocusSash|Prankster|Tailwind,Encore,TrickRoom,DazzlingGleam|Bold||F|||50|]Tyranitar||Tyranitarite|SandStream|RockSlide,Superpower,KnockOff,DragonDance|Adamant||M|||50|]Ceruledge||ChartiBerry|FlashFire|BulkUp,BitterBlade,ShadowSneak,Reflect|Hasty||F|||50|]Malamar||ChoiceScarf|Contrary|PoisonJab,PsychoCut,Disable,Superpower|Jolly||M|||50|]Raichu||RaichuniteY|LightningRod|FocusBlast,ZapCannon,GrassKnot,FakeOut|Hasty||F|||50|]Staraptor||Staraptite|Intimidate|BlazeKick,CloseCombat,Roost,BraveBird|Adamant||F|||50|
|inactive|Battle timer is ON: inactive players will automatically lose when time's up. (requested by thisisaladderteam)
|inactive|k1ngm3 has 60 seconds left.
|
|t:|1782454168
|teamsize|p1|4
|teamsize|p2|4
|start
|switch|p1a: Sceptile|Sceptile, L50, M, shiny|100/100
|switch|p1b: Toxapex|Toxapex, L50, F, shiny|100/100
|switch|p2a: Raichu|Raichu, L50, F|100/100
|switch|p2b: Malamar|Malamar, L50, M|100/100
|turn|1
|inactive|thisisaladderteam has 30 seconds left.
|
|t:|1782454195
|detailschange|p1a: Sceptile|Sceptile-Mega, L50, M, shiny
|-mega|p1a: Sceptile|Sceptile|Sceptilite
|detailschange|p2a: Raichu|Raichu-Mega-Y, L50, F
|-mega|p2a: Raichu|Raichu|Raichunite Y
|move|p1a: Sceptile|Detect|p1a: Sceptile
|-singleturn|p1a: Sceptile|Protect
|move|p2b: Malamar|Psycho Cut|p1b: Toxapex
|-supereffective|p1b: Toxapex|1
|-damage|p1b: Toxapex|61/100
|move|p2a: Raichu|Grass Knot|p1b: Toxapex
|-damage|p1b: Toxapex|48/100
|move|p1b: Toxapex|Toxic|p2b: Malamar
|-status|p2b: Malamar|tox
|
|-heal|p1b: Toxapex|54/100|[from] item: Leftovers
|-damage|p2b: Malamar|93/100 tox|[from] psn
|upkeep
|turn|2
|inactive|thisisaladderteam has 30 seconds left.
|
|t:|1782454225
|-heal|p1b: Toxapex|87/100|[from] ability: Regenerator|[silent]
|switch|p1b: Gholdengo|Gholdengo, L50|100/100
|move|p1a: Sceptile|Earth Power|p2a: Raichu
|-supereffective|p2a: Raichu|1
|-damage|p2a: Raichu|0 fnt
|faint|p2a: Raichu
|move|p2b: Malamar|Psycho Cut|p1b: Gholdengo
|-resisted|p1b: Gholdengo|1
|-damage|p1b: Gholdengo|84/100
|
|-damage|p2b: Malamar|81/100 tox|[from] psn
|upkeep
|
|t:|1782454237
|switch|p2a: Staraptor|Staraptor, L50, F|100/100
|-ability|p2a: Staraptor|Intimidate|boost
|-unboost|p1a: Sceptile|atk|1
|-unboost|p1b: Gholdengo|atk|1
|turn|3
|
|t:|1782454257
|switch|p1a: Incineroar|Incineroar, L50, M, shiny|100/100
|-ability|p1a: Incineroar|Intimidate|boost
|-unboost|p2a: Staraptor|atk|1
|-boost|p2b: Malamar|atk|1
|switch|p2b: Tyranitar|Tyranitar, L50, M|100/100
|-weather|Sandstorm|[from] ability: Sand Stream|[of] p2b: Tyranitar
|move|p1b: Gholdengo|Nasty Plot|p1b: Gholdengo
|-boost|p1b: Gholdengo|spa|2
|move|p2a: Staraptor|Brave Bird|p1a: Incineroar
|-damage|p1a: Incineroar|62/100
|-damage|p2a: Staraptor|85/100|[from] Recoil
|
|-weather|Sandstorm|[upkeep]
|-damage|p2a: Staraptor|79/100|[from] Sandstorm
|-damage|p1a: Incineroar|56/100|[from] Sandstorm
|upkeep
|turn|4
|inactive|k1ngm3 has 30 seconds left.
|inactive|k1ngm3 has 20 seconds left.
|
|t:|1782454294
|move|p1a: Incineroar|Fake Out|p2b: Tyranitar
|-resisted|p2b: Tyranitar|1
|-damage|p2b: Tyranitar|95/100
|move|p1b: Gholdengo|Make It Rain|p2b: Tyranitar|[spread] p2a,p2b
|-supereffective|p2b: Tyranitar|1
|-damage|p2a: Staraptor|0 fnt
|-damage|p2b: Tyranitar|0 fnt
|-unboost|p1b: Gholdengo|spa|2
|faint|p2a: Staraptor
|faint|p2b: Tyranitar
|
|-weather|Sandstorm|[upkeep]
|-damage|p1a: Incineroar|50/100g|[from] Sandstorm
|upkeep
|
|t:|1782454308
|switch|p2b: Malamar|Malamar, L50, M|81/100 tox
|turn|5
|
|t:|1782454313
|move|p2b: Malamar|Disable|p1b: Gholdengo
|-immune|p1b: Gholdengo|[from] ability: Good as Gold
|move|p1b: Gholdengo|Nasty Plot|p1b: Gholdengo
|-boost|p1b: Gholdengo|spa|2
|move|p1a: Incineroar|Flare Blitz|p2b: Malamar
|-damage|p2b: Malamar|22/100 tox
|-damage|p1a: Incineroar|34/100|[from] Recoil
|-enditem|p1a: Incineroar|Sitrus Berry|[eat]
|-heal|p1a: Incineroar|59/100|[from] item: Sitrus Berry
|
|-weather|Sandstorm|[upkeep]
|-damage|p2b: Malamar|15/100 tox|[from] Sandstorm
|-damage|p1a: Incineroar|53/100|[from] Sandstorm
|-damage|p2b: Malamar|9/100 tox|[from] psn
|upkeep
|turn|6
|
|t:|1782454327
|move|p2b: Malamar|Disable|p1a: Incineroar
|-start|p1a: Incineroar|Disable|Flare Blitz
|move|p1b: Gholdengo|Nasty Plot|p1b: Gholdengo
|-boost|p1b: Gholdengo|spa|2
|move|p1a: Incineroar|Throat Chop|p2b: Malamar
|-damage|p2b: Malamar|0 fnt
|faint|p2b: Malamar
|
|win|thisisaladderteam
|raw|thisisaladderteam's rating: 1152 → 1171(+19 for winning)
|raw|k1ngm3's rating: 1063 → 1048(-15 for losing)
