|j|☆reuman
|j|☆guillelona
|html|reumanguillelona    
|uhtml|bestof|Game 2 of a best-of-3
|t:|1784990994
|gametype|doubles
|player|p1|reuman|lucas|1145
|player|p2|guillelona|2|1161
|gen|9
|tier|[Gen 9 Champions] VGC 2026 Reg M-B (Bo3)
|rated|
|rule|Species Clause: Limit one of each Pokémon
|rule|Item Clause: Limit 1 of each item
|clearpoke
|poke|p1|Gengar, L50, F, shiny|
|poke|p1|Milotic, L50, F|
|poke|p1|Whimsicott, L50, M|
|poke|p1|Metagross, L50, shiny|
|poke|p1|Rotom-Mow, L50|
|poke|p1|Incineroar, L50, F|
|poke|p2|Vivillon-Tundra, L50, F|
|poke|p2|Mawile, L50, F|
|poke|p2|Torkoal, L50, F|
|poke|p2|Farigiraf, L50, F|
|poke|p2|Garchomp, L50, M|
|poke|p2|Raichu, L50, M|
|teampreview|4
|showteam|p1|Gengar||Gengarite|CursedBody|ShadowBall,SludgeBomb,WillOWisp,Protect|Timid||F|||50|]Milotic||Leftovers|Competitive|AlluringVoice,MuddyWater,IcyWind,Protect|Calm||F|||50|]Whimsicott||FocusSash|Prankster|Tailwind,Encore,Protect,Moonblast|Bold||M|||50|]Metagross||Metagrossite|ClearBody|BodyPress,BulletPunch,Protect,PsychicFangs|Adamant|||||50|]Rotom-Mow||BrightPowder|Levitate|WillOWisp,Protect,LeafStorm,VoltSwitch|Calm|||||50|]Incineroar||SitrusBerry|Intimidate|FlareBlitz,CloseCombat,FakeOut,DarkestLariat|Brave||F|||50|
|showteam|p2|Vivillon-Tundra||FocusSash|CompoundEyes|Hurricane,SleepPowder,RagePowder,Protect|Timid||F|||50|]Mawile||Mawilite|Intimidate|PlayRough,RockSlide,SuckerPunch,Protect|Adamant||F|||50|]Torkoal||Charcoal|Drought|Eruption,WeatherBall,Protect,EarthPower|Quiet||F|||50|]Farigiraf||SitrusBerry|ArmorTail|Psychic,Thunderbolt,TrickRoom,HelpingHand|Relaxed||F|||50|]Garchomp||LifeOrb|RoughSkin|DragonClaw,Earthquake,RockSlide,Protect|Jolly||M|||50|]Raichu||RaichuniteY|LightningRod|ZapCannon,FocusBlast,FakeOut,Protect|Timid||M|||50|
|inactive|Battle timer is ON: inactive players will automatically lose when time's up. (requested by reuman)
|
|t:|1784991022
|teamsize|p1|4
|teamsize|p2|4
|start
|switch|p1a: Incineroar|Incineroar, L50, F|100/100
|switch|p1b: Whimsicott|Whimsicott, L50, M|100/100
|switch|p2a: Vivillon|Vivillon-Tundra, L50, F|100/100
|switch|p2b: Farigiraf|Farigiraf, L50, F|100/100
|-ability|p1a: Incineroar|Intimidate|boost
|-unboost|p2a: Vivillon|atk|1
|-unboost|p2b: Farigiraf|atk|1
|turn|1
|inactive|reuman has 30 seconds left.
|inactive|guillelona has 30 seconds left.
|
|t:|1784991053
|switch|p2a: Mawile|Mawile, L50, F|100/100
|-ability|p2a: Mawile|Intimidate|boost
|-unboost|p1a: Incineroar|atk|1
|-unboost|p1b: Whimsicott|atk|1
|move|p1b: Whimsicott|Moonblast|p2a: Mawile
|-resisted|p2a: Mawile|1
|-damage|p2a: Mawile|73/100
|move|p1a: Incineroar|Flare Blitz|p2a: Mawile
|-supereffective|p2a: Mawile|1
|-damage|p2a: Mawile|0 fnt
|faint|p2a: Mawile
|-damage|p1a: Incineroar|81/100|[from] Recoil
|move|p2b: Farigiraf|Trick Room|p2b: Farigiraf
|-fieldstart|move: Trick Room|[of] p2b: Farigiraf
|
|upkeep
|
|t:|1784991066
|switch|p2a: Torkoal|Torkoal, L50, F|100/100
|-weather|SunnyDay|[from] ability: Drought|[of] p2a: Torkoal
|turn|2
|
|t:|1784991077
|move|p2a: Torkoal|Eruption|p1a: Incineroar|[spread] p1a,p1b
|-resisted|p1a: Incineroar|1
|-supereffective|p1b: Whimsicott|1
|-damage|p1a: Incineroar|47/100
|-enditem|p1b: Whimsicott|Focus Sash
|-damage|p1b: Whimsicott|1/100
|-enditem|p1a: Incineroar|Sitrus Berry|[eat]
|-heal|p1a: Incineroar|72/100|[from] item: Sitrus Berry
|move|p2b: Farigiraf|Thunderbolt|p1a: Incineroar
|-damage|p1a: Incineroar|53/100
|-status|p1a: Incineroar|par
|move|p1a: Incineroar|Darkest Lariat|p2a: Torkoal
|-damage|p2a: Torkoal|80/100
|move|p1b: Whimsicott|Moonblast|p2a: Torkoal
|-resisted|p2a: Torkoal|1
|-damage|p2a: Torkoal|60/100
|
|-weather|SunnyDay|[upkeep]
|upkeep
|turn|3
|inactive|guillelona has 30 seconds left.
|
|t:|1784991103
|move|p1b: Whimsicott|Protect|p1b: Whimsicott
|-singleturn|p1b: Whimsicott|Protect
|move|p2a: Torkoal|Eruption|p1b: Whimsicott|[spread] p1a
|-activate|p1b: Whimsicott|move: Protect
|-resisted|p1a: Incineroar|1
|-damage|p1a: Incineroar|32/100 par
|move|p1a: Incineroar|Darkest Lariat|p2b: Farigiraf
|-supereffective|p2b: Farigiraf|1
|-damage|p2b: Farigiraf|61/100
|move|p2b: Farigiraf|Thunderbolt|p1a: Incineroar
|-damage|p1a: Incineroar|13/100 par
|
|-weather|SunnyDay|[upkeep]
|upkeep
|turn|4
|
|t:|1784991118
|switch|p1b: Milotic|Milotic, L50, F|100/100
|move|p2a: Torkoal|Eruption|p1b: Milotic|[spread] p1a,p1b
|-resisted|p1a: Incineroar|1
|-resisted|p1b: Milotic|1
|-damage|p1a: Incineroar|0 fnt
|-damage|p1b: Milotic|84/100
|faint|p1a: Incineroar
|move|p2b: Farigiraf|Thunderbolt|p1b: Milotic
|-supereffective|p1b: Milotic|1
|-damage|p1b: Milotic|54/100
|
|-weather|SunnyDay|[upkeep]
|-heal|p1b: Milotic|60/100|[from] item: Leftovers
|upkeep
|
|t:|1784991127
|switch|p1a: Whimsicott|Whimsicott, L50, M|1/100
|turn|5
|
|t:|1784991140
|switch|p2a: Vivillon|Vivillon-Tundra, L50, F|100/100
|move|p1a: Whimsicott|Protect|p1a: Whimsicott
|-singleturn|p1a: Whimsicott|Protect
|move|p1b: Milotic|Protect|p1b: Milotic
|-singleturn|p1b: Milotic|Protect
|move|p2b: Farigiraf|Thunderbolt|p1b: Milotic
|-activate|p1b: Milotic|move: Protect
|
|-weather|SunnyDay|[upkeep]
|-heal|p1b: Milotic|66/100|[from] item: Leftovers
|-fieldend|move: Trick Room
|upkeep
|turn|6
|
|t:|1784991161
|move|p1a: Whimsicott|Moonblast|p2a: Vivillon
|-damage|p2a: Vivillon|47/100
|move|p2a: Vivillon|Sleep Powder|p1b: Milotic
|-status|p1b: Milotic|slp|[from] move: Sleep Powder
|cant|p1b: Milotic|slp
|move|p2b: Farigiraf|Trick Room|p2b: Farigiraf
|-fieldstart|move: Trick Room|[of] p2b: Farigiraf
|
|-weather|none
|-heal|p1b: Milotic|72/100 slp|[from] item: Leftovers
|upkeep
|turn|7
|
|t:|1784991172
|move|p1a: Whimsicott|Protect|p1a: Whimsicott
|-singleturn|p1a: Whimsicott|Protect
|cant|p1b: Milotic|slp
|move|p2b: Farigiraf|Thunderbolt|p1b: Milotic
|-supereffective|p1b: Milotic|1
|-damage|p1b: Milotic|41/100 slp
|move|p2a: Vivillon|Hurricane|p1a: Whimsicott
|-activate|p1a: Whimsicott|move: Protect
|
|-heal|p1b: Milotic|47/100 slp|[from] item: Leftovers
|upkeep
|turn|8
|
|t:|1784991187
|switch|p1a: Metagross|Metagross, L50, shiny|100/100
|move|p2b: Farigiraf|Thunderbolt|p1b: Milotic
|-supereffective|p1b: Milotic|1
|-damage|p1b: Milotic|17/100 slp
|-curestatus|p1b: Milotic|slp|[msg]
|move|p1b: Milotic|Muddy Water|p2b: Farigiraf|[spread] p2a
|-miss|p1b: Milotic|p2b: Farigiraf
|-damage|p2a: Vivillon|0 fnt
|faint|p2a: Vivillon
|
|-heal|p1b: Milotic|23/100|[from] item: Leftovers
|upkeep
|
|t:|1784991197
|switch|p2a: Torkoal|Torkoal, L50, F|60/100
|-weather|SunnyDay|[from] ability: Drought|[of] p2a: Torkoal
|turn|9
|
|t:|1784991207
|move|p1a: Metagross|Protect|p1a: Metagross
|-singleturn|p1a: Metagross|Protect
|move|p1b: Milotic|Protect|p1b: Milotic
|-singleturn|p1b: Milotic|Protect
|move|p2a: Torkoal|Weather Ball|p1a: Metagross
|-activate|p1a: Metagross|move: Protect
|move|p2b: Farigiraf|Thunderbolt|p1b: Milotic
|-activate|p1b: Milotic|move: Protect
|
|-weather|SunnyDay|[upkeep]
|-heal|p1b: Milotic|29/100|[from] item: Leftovers
|upkeep
|turn|10
|
|t:|1784991217
|switch|p1a: Whimsicott|Whimsicott, L50, M|1/100
|move|p2a: Torkoal|Weather Ball|p1a: Whimsicott
|-supereffective|p1a: Whimsicott|1
|-damage|p1a: Whimsicott|0 fnt
|faint|p1a: Whimsicott
|move|p2b: Farigiraf|Thunderbolt|p1b: Milotic
|-supereffective|p1b: Milotic|1
|-damage|p1b: Milotic|1/100
|move|p1b: Milotic|Muddy Water|p2a: Torkoal|[spread] p2a,p2b
|-supereffective|p2a: Torkoal|1
|-damage|p2a: Torkoal|28/100
|-damage|p2b: Farigiraf|49/100
|-unboost|p2a: Torkoal|accuracy|1
|-enditem|p2b: Farigiraf|Sitrus Berry|[eat]
|-heal|p2b: Farigiraf|74/100|[from] item: Sitrus Berry
|
|-weather|SunnyDay|[upkeep]
|-heal|p1b: Milotic|6/100|[from] item: Leftovers
|-fieldend|move: Trick Room
|upkeep
|
|t:|1784991222
|switch|p1a: Metagross|Metagross, L50, shiny|100/100
|turn|11
|
|t:|1784991236
|detailschange|p1a: Metagross|Metagross-Mega, L50, shiny
|-mega|p1a: Metagross|Metagross|Metagrossite
|move|p2a: Torkoal|Protect|p2a: Torkoal
|-singleturn|p2a: Torkoal|Protect
|move|p1a: Metagross|Body Press|p2b: Farigiraf
|-damage|p2b: Farigiraf|47/100
|move|p1b: Milotic|Muddy Water|p2b: Farigiraf|[spread] 
|-activate|p2a: Torkoal|move: Protect
|-miss|p1b: Milotic|p2b: Farigiraf
|move|p2b: Farigiraf|Trick Room|p2b: Farigiraf
|-fieldstart|move: Trick Room|[of] p2b: Farigiraf
|
|-weather|SunnyDay|[upkeep]
|-heal|p1b: Milotic|12/100|[from] item: Leftovers
|upkeep
|turn|12
|
|t:|1784991252
|move|p1a: Metagross|Protect|p1a: Metagross
|-singleturn|p1a: Metagross|Protect
|move|p2a: Torkoal|Weather Ball|p1a: Metagross
|-activate|p1a: Metagross|move: Protect
|move|p2b: Farigiraf|Thunderbolt|p1b: Milotic
|-supereffective|p1b: Milotic|1
|-damage|p1b: Milotic|0 fnt
|faint|p1b: Milotic
|
|-weather|SunnyDay|[upkeep]
|upkeep
|turn|13
|
|t:|1784991261
|move|p2a: Torkoal|Weather Ball|p1a: Metagross
|-supereffective|p1a: Metagross|1
|-damage|p1a: Metagross|0 fnt
|faint|p1a: Metagross
|
|win|guillelona
||reuman is ready for game 3.
||guillelona is ready for game 3.
|uhtml|next|Next: Game 3 of 3
|l|☆guillelona
|player|p2|
|j|☆guillelona
|player|p2|guillelona|2|
