|j|☆tmjp01
|j|☆Comeonbruv
|html|tmjp01Comeonbruv    
|uhtml|bestof|Game 1 of a best-of-3
|t:|1783185442
|gametype|doubles
|player|p1|tmjp01|170|1243
|player|p2|Comeonbruv|youngster|1134
|gen|9
|tier|[Gen 9 Champions] VGC 2026 Reg M-B (Bo3)
|rated|
|rule|Species Clause: Limit one of each Pokémon
|rule|Item Clause: Limit 1 of each item
|clearpoke
|poke|p1|Charizard, L50, M, shiny|
|poke|p1|Whimsicott, L50, F|
|poke|p1|Garchomp, L50, M, shiny|
|poke|p1|Basculegion, L50, M|
|poke|p1|Glimmora, L50, F|
|poke|p1|Kingambit, L50, M|
|poke|p2|Sceptile, L50, M|
|poke|p2|Infernape, L50, M|
|poke|p2|Blastoise, L50, M|
|poke|p2|Empoleon, L50, F|
|poke|p2|Venusaur, L50, F|
|poke|p2|Charizard, L50, M, shiny|
|teampreview|4
|showteam|p1|Charizard||CharizarditeY|SolarPower|HeatWave,WeatherBall,SolarBeam,Protect|Modest||M|||50|]Whimsicott||FairyFeather|Prankster|Moonblast,TrickRoom,Encore,Tailwind|Bold||F|||50|]Garchomp||LifeOrb|RoughSkin|DragonClaw,Earthquake,RockSlide,Protect|Jolly||M|||50|]Basculegion||MysticWater|Adaptability|WaveCrash,AquaJet,LastRespects,Protect|Adamant||M|||50|]Glimmora||FocusSash|ToxicDebris|SludgeBomb,PowerGem,SpikyShield,EarthPower|Modest||F|||50|]Kingambit||ChopleBerry|Defiant|KowtowCleave,SuckerPunch,IronHead,LowKick|Adamant||M|||50|
|showteam|p2|Sceptile||WhiteHerb|Overgrow|LeafStorm,DragonPulse,Protect,Detect|Timid||M|||50|]Infernape||LifeOrb|IronFist|FakeOut,CloseCombat,Protect,FlareBlitz|Jolly||M|||50|]Blastoise||ShellBell|Torrent|WaterPulse,IceBeam,AuraSphere,DarkPulse|Modest||M|||50|]Empoleon||Leftovers|Competitive|HydroPump,FlashCannon,IcyWind,Protect|Modest||F|||50|]Venusaur||FocusSash|Chlorophyll|SludgeBomb,Protect,SleepPowder,GigaDrain|Modest||F|||50|]Charizard||CharizarditeY|Blaze|HeatWave,SolarBeam,Protect,Overheat|Timid||M|||50|
|inactive|Battle timer is ON: inactive players will automatically lose when time's up. (requested by Comeonbruv)
|l|☆Comeonbruv
|inactive|Comeonbruv disconnected and has a minute to reconnect!
|player|p2|
|j|☆Comeonbruv
|inactive|Comeonbruv reconnected and has 50 seconds left.
|player|p2|Comeonbruv|youngster|
|
|t:|1783185488
|teamsize|p1|4
|teamsize|p2|4
|start
|switch|p1a: Whimsicott|Whimsicott, L50, F|100/100
|switch|p1b: Glimmora|Glimmora, L50, F|100/100
|switch|p2a: Mono|Infernape, L50, M|100/100
|switch|p2b: El Padrino|Empoleon, L50, F|100/100
|turn|1
|
|t:|1783185507
|move|p1b: Glimmora|Spiky Shield|p1b: Glimmora
|-singleturn|p1b: Glimmora|move: Protect
|move|p2a: Mono|Fake Out|p1a: Whimsicott
|-damage|p1a: Whimsicott|82/100
|-damage|p2a: Mono|90/100|[from] item: Life Orb
|cant|p1a: Whimsicott|flinch
|move|p2b: El Padrino|Icy Wind|p1a: Whimsicott|[spread] p1a
|-activate|p1b: Glimmora|move: Protect
|-supereffective|p1a: Whimsicott|1
|-damage|p1a: Whimsicott|53/100
|-unboost|p1a: Whimsicott|spe|1
|
|upkeep
|turn|2
|
|t:|1783185530
|move|p1a: Whimsicott|Encore|p2a: Mono
|-start|p2a: Mono|Encore
|move|p2a: Mono|Fake Out||[still]
|-hint|Fake Out only works on your first turn out.
|-fail|p2a: Mono
|move|p1b: Glimmora|Earth Power|p2b: El Padrino
|-supereffective|p2b: El Padrino|1
|-damage|p2b: El Padrino|35/100
|move|p2b: El Padrino|Icy Wind|p1a: Whimsicott|[spread] p1a,p1b
|-supereffective|p1a: Whimsicott|1
|-damage|p1a: Whimsicott|21/100
|-damage|p1b: Glimmora|82/100
|-unboost|p1a: Whimsicott|spe|1
|-unboost|p1b: Glimmora|spe|1
|
|-heal|p2b: El Padrino|40/100|[from] item: Leftovers
|upkeep
|turn|3
|inactive|Comeonbruv has 30 seconds left.
|inactive|Comeonbruv has 20 seconds left.
|
|t:|1783185566
|move|p1a: Whimsicott|Tailwind|p1a: Whimsicott
|-sidestart|p1: tmjp01|move: Tailwind
|move|p1b: Glimmora|Earth Power|p2b: El Padrino
|-supereffective|p2b: El Padrino|1
|-damage|p2b: El Padrino|0 fnt
|faint|p2b: El Padrino
|-activate|p2a: Mono|move: Struggle
|move|p2a: Mono|Struggle|p1b: Glimmora
|-damage|p1b: Glimmora|55/100
|-activate|p1b: Glimmora|ability: Toxic Debris
|-sidestart|p2: Comeonbruv|move: Toxic Spikes
|-damage|p2a: Mono|65/100|[from] recoil
|-damage|p2a: Mono|55/100|[from] item: Life Orb
|
|upkeep
|
|t:|1783185577
|switch|p2b: Gloria|Venusaur, L50, F|100/100
|-sideend|p2: Comeonbruv|move: Toxic Spikes|[of] p2b: Gloria
|turn|4
|
|t:|1783185600
|switch|p2a: Chorizo|Charizard, L50, M, shiny|100/100
|move|p2b: Gloria|Protect|p2b: Gloria
|-singleturn|p2b: Gloria|Protect
|move|p1b: Glimmora|Earth Power|p2b: Gloria
|-activate|p2b: Gloria|move: Protect
|move|p1a: Whimsicott|Moonblast|p2a: Chorizo
|-resisted|p2a: Chorizo|1
|-damage|p2a: Chorizo|79/100
|
|upkeep
|turn|5
|
|t:|1783185621
|detailschange|p2a: Chorizo|Charizard-Mega-Y, L50, M, shiny
|-mega|p2a: Chorizo|Charizard|Charizardite Y
|-weather|SunnyDay|[from] ability: Drought|[of] p2a: Chorizo
|move|p2a: Chorizo|Protect|p2a: Chorizo
|-singleturn|p2a: Chorizo|Protect
|move|p1a: Whimsicott|Encore|p2b: Gloria
|-start|p2b: Gloria|Encore
|move|p2b: Gloria|Protect|p2b: Gloria
|-singleturn|p2b: Gloria|Protect
|move|p1b: Glimmora|Power Gem|p2a: Chorizo
|-activate|p2a: Chorizo|move: Protect
|
|-weather|SunnyDay|[upkeep]
|upkeep
|turn|6
|inactive|Comeonbruv has 30 seconds left.
|
|t:|1783185646
|switch|p2b: Mono|Infernape, L50, M|55/100
|move|p1b: Glimmora|Power Gem|p2a: Chorizo
|-supereffective|p2a: Chorizo|2
|-damage|p2a: Chorizo|0 fnt
|faint|p2a: Chorizo
|move|p1a: Whimsicott|Moonblast|p2b: Mono
|-damage|p2b: Mono|2/100
|
|-weather|SunnyDay|[upkeep]
|-sideend|p1: tmjp01|move: Tailwind
|upkeep
|
|t:|1783185655
|switch|p2a: Gloria|Venusaur, L50, F|100/100
|turn|7
|
|t:|1783185664
|move|p2b: Mono|Protect|p2b: Mono
|-singleturn|p2b: Mono|Protect
|move|p1b: Glimmora|Spiky Shield|p1b: Glimmora
|-singleturn|p1b: Glimmora|move: Protect
|move|p1a: Whimsicott|Tailwind|p1a: Whimsicott
|-sidestart|p1: tmjp01|move: Tailwind
|move|p2a: Gloria|Giga Drain|p1b: Glimmora
|-activate|p1b: Glimmora|move: Protect
|
|-weather|SunnyDay|[upkeep]
|upkeep
|turn|8
|
|t:|1783185685
|move|p2b: Mono|Protect||[still]
|-fail|p2b: Mono
|move|p1a: Whimsicott|Encore|p2b: Mono
|-start|p2b: Mono|Encore
|move|p2a: Gloria|Sludge Bomb|p1a: Whimsicott
|-supereffective|p1a: Whimsicott|2
|-damage|p1a: Whimsicott|0 fnt
|faint|p1a: Whimsicott
|move|p1b: Glimmora|Earth Power|p2a: Gloria
|-damage|p2a: Gloria|62/100
|
|-weather|SunnyDay|[upkeep]
|upkeep
|
|t:|1783185694
|switch|p1a: Charizard|Charizard, L50, M, shiny|100/100
|turn|9
|
|t:|1783185707
|detailschange|p1a: Charizard|Charizard-Mega-Y, L50, M, shiny
|-mega|p1a: Charizard|Charizard|Charizardite Y
|move|p2a: Gloria|Protect|p2a: Gloria
|-singleturn|p2a: Gloria|Protect
|move|p2b: Mono|Protect|p2b: Mono
|-singleturn|p2b: Mono|Protect
|move|p1a: Charizard|Weather Ball|p2a: Gloria
|-activate|p2a: Gloria|move: Protect
|move|p1b: Glimmora|Earth Power|p2b: Mono
|-activate|p2b: Mono|move: Protect
|
|-weather|none
|upkeep
|turn|10
|
|t:|1783185724
|move|p2b: Mono|Protect||[still]
|-fail|p2b: Mono
|move|p1a: Charizard|Heat Wave|p2a: Gloria|[spread] p2b
|-miss|p1a: Charizard|p2a: Gloria
|-resisted|p2b: Mono|1
|-damage|p2b: Mono|0 fnt
|faint|p2b: Mono
|move|p1b: Glimmora|Earth Power|p2a: Gloria
|-damage|p2a: Gloria|19/100
|move|p2a: Gloria|Giga Drain|p1b: Glimmora
|-damage|p1b: Glimmora|8/100
|-heal|p2a: Gloria|43/100|[from] drain|[of] p1b: Glimmora
|
|-sideend|p1: tmjp01|move: Tailwind
|upkeep
|turn|11
|
|t:|1783185734
|move|p2a: Gloria|Sleep Powder|p1a: Charizard|[miss]
|-miss|p2a: Gloria|p1a: Charizard
|move|p1a: Charizard|Heat Wave|p2a: Gloria
|-supereffective|p2a: Gloria|1
|-damage|p2a: Gloria|0 fnt
|faint|p2a: Gloria
|
|win|tmjp01
||tmjp01 is ready for game 2.
