|j|☆ben harpic
|j|☆Crystneel
|html|ben harpicCrystneel    
|uhtml|bestof|Game 2 of a best-of-3
|t:|1757172268
|gametype|doubles
|player|p1|ben harpic|265|1216
|player|p2|Crystneel|ethan|1163
|gen|9
|tier|[Gen 9] VGC 2025 Reg H (Bo3)
|rated|
|rule|Species Clause: Limit one of each Pokémon
|rule|Item Clause: Limit 1 of each item
|clearpoke
|poke|p1|Dragapult, L50, M|
|poke|p1|Milotic, L50, M|
|poke|p1|Rillaboom, L50, M|
|poke|p1|Annihilape, L50, F|
|poke|p1|Maushold-Four, L50|
|poke|p1|Weezing, L50, M|
|poke|p2|Volcarona, L50, M|
|poke|p2|Electabuzz, L50, M|
|poke|p2|Sneasler, L50, M|
|poke|p2|Rillaboom, L50, F|
|poke|p2|Dragonite, L50, M|
|poke|p2|Ursaluna-Bloodmoon, L50, M|
|teampreview|4
|showteam|p1|Dragapult||LightClay|ClearBody|DragonDarts,Reflect,LightScreen,ThunderWave|||M|||50|,,,,,Steel]Milotic||CovertCloak|Competitive|Scald,Protect,Haze,LifeDew|||M|||50|,,,,,Dragon]Rillaboom||MiracleSeed|GrassySurge|WoodHammer,FakeOut,WorrySeed,GrassyGlide|||M|||50|,,,,,Grass]Annihilape||Leftovers|Defiant|RageFist,Protect,BulkUp,DrainPunch|||F|||50|,,,,,Normal]Maushold-Four||WideLens|FriendGuard|PopulationBomb,Protect,Taunt,ThunderWave||||||50|,,,,,Ghost]Weezing||WikiBerry|NeutralizingGas|SludgeBomb,Protect,Taunt,WillOWisp|||M|||50|,,,,,Ghost
|showteam|p2|Volcarona||Leftovers|FlameBody|FieryDance,QuiverDance,GigaDrain,Protect|||M|||50|,,,,,Water]Electabuzz||Eviolite|Static|FollowMe,Electroweb,VoltSwitch,Taunt|||M|||50|,,,,,Fairy]Sneasler||GrassySeed|Unburden|DireClaw,CloseCombat,ThroatChop,Protect|||M|||50|,,,,,Dark]Rillaboom||AssaultVest|GrassySurge|FakeOut,GrassyGlide,WoodHammer,Uturn|||F|||50|,,,,,Fire]Dragonite||LoadedDice|Multiscale|ExtremeSpeed,ScaleShot,IceSpinner,LowKick|||M|||50|,,,,,Normal]Ursaluna-Bloodmoon||ThroatSpray|MindsEye|BloodMoon,HyperVoice,EarthPower,Protect|||M|||50|,,,,,Poison
|j| xhenryx
|
|t:|1757172284
|teamsize|p1|4
|teamsize|p2|4
|start
|switch|p1a: Dragapult|Dragapult, L50, M|100/100
|switch|p1b: Maushold|Maushold-Four, L50|100/100
|switch|p2a: Volcarona|Volcarona, L50, M|100/100
|switch|p2b: Electabuzz|Electabuzz, L50, M|100/100
|turn|1
|inactive|Battle timer is ON: inactive players will automatically lose when time's up. (requested by ben harpic)
|
|t:|1757172298
|move|p2a: Volcarona|Protect|p2a: Volcarona
|-singleturn|p2a: Volcarona|Protect
|move|p1a: Dragapult|Light Screen|p1a: Dragapult
|-sidestart|p1: ben harpic|move: Light Screen
|move|p1b: Maushold|Taunt|p2b: Electabuzz
|-start|p2b: Electabuzz|move: Taunt
|cant|p2b: Electabuzz|move: Taunt|Taunt
|
|upkeep
|turn|2
|
|t:|1757172317
|move|p1a: Dragapult|Dragon Darts|p2b: Electabuzz
|-damage|p2b: Electabuzz|81/100
|-anim|p1a: Dragapult|Dragon Darts|p2a: Volcarona
|-damage|p2a: Volcarona|76/100
|move|p1b: Maushold|Thunder Wave|p2a: Volcarona
|-status|p2a: Volcarona|par
|move|p2b: Electabuzz|Volt Switch|p1b: Maushold
|-damage|p1b: Maushold|80/100
|
|t:|1757172327
|switch|p2b: Ursaluna|Ursaluna-Bloodmoon, L50, M|100/100|[from] Volt Switch
|cant|p2a: Volcarona|par
|
|-heal|p2a: Volcarona|82/100 par|[from] item: Leftovers
|upkeep
|turn|3
|
|t:|1757172337
|move|p1a: Dragapult|Dragon Darts|p2b: Ursaluna
|-damage|p2b: Ursaluna|86/100
|-anim|p1a: Dragapult|Dragon Darts|p2a: Volcarona
|-damage|p2a: Volcarona|58/100 par
|move|p1b: Maushold|Population Bomb|p2b: Ursaluna
|-crit|p2b: Ursaluna
|-damage|p2b: Ursaluna|79/100
|-damage|p2b: Ursaluna|75/100
|-damage|p2b: Ursaluna|70/100
|-damage|p2b: Ursaluna|65/100
|-damage|p2b: Ursaluna|61/100
|-damage|p2b: Ursaluna|56/100
|-damage|p2b: Ursaluna|52/100
|-damage|p2b: Ursaluna|47/100
|-damage|p2b: Ursaluna|43/100
|-damage|p2b: Ursaluna|38/100
|-hitcount|p2b: Ursaluna|10
|move|p2a: Volcarona|Fiery Dance|p1b: Maushold
|-damage|p1b: Maushold|48/100
|move|p2b: Ursaluna|Hyper Voice|p1b: Maushold|[spread] p1a,p1b
|-damage|p1a: Dragapult|78/100
|-damage|p1b: Maushold|15/100
|-enditem|p2b: Ursaluna|Throat Spray
|-boost|p2b: Ursaluna|spa|1|[from] item: Throat Spray
|
|-heal|p2a: Volcarona|64/100 par|[from] item: Leftovers
|upkeep
|turn|4
|inactive|Crystneel has 30 seconds left.
|inactive|Crystneel has 20 seconds left.
|inactive|Crystneel has 15 seconds left.
|inactive|Crystneel has 10 seconds left.
|
|t:|1757172383
|switch|p2b: Rillaboom|Rillaboom, L50, F|100/100
|-fieldstart|move: Grassy Terrain|[from] ability: Grassy Surge|[of] p2b: Rillaboom
|move|p1a: Dragapult|Dragon Darts|p2a: Volcarona
|-damage|p2a: Volcarona|39/100 par
|-anim|p1a: Dragapult|Dragon Darts|p2b: Rillaboom
|-damage|p2b: Rillaboom|81/100
|move|p1b: Maushold|Population Bomb|p2b: Rillaboom
|-damage|p2b: Rillaboom|74/100
|-damage|p2b: Rillaboom|68/100
|-damage|p2b: Rillaboom|62/100
|-damage|p2b: Rillaboom|56/100
|-damage|p2b: Rillaboom|50/100
|-damage|p2b: Rillaboom|43/100
|-damage|p2b: Rillaboom|38/100
|-damage|p2b: Rillaboom|31/100
|-damage|p2b: Rillaboom|25/100
|-damage|p2b: Rillaboom|19/100
|-hitcount|p2b: Rillaboom|10
|cant|p2a: Volcarona|par
|
|-heal|p1a: Dragapult|84/100|[from] Grassy Terrain
|-heal|p1b: Maushold|21/100|[from] Grassy Terrain
|-heal|p2b: Rillaboom|24/100|[from] Grassy Terrain
|-heal|p2a: Volcarona|44/100 par|[from] Grassy Terrain
|-heal|p2a: Volcarona|50/100 par|[from] item: Leftovers
|upkeep
|turn|5
|inactive|Crystneel has 30 seconds left.
|inactive|Crystneel has 20 seconds left.
|inactive|Crystneel has 15 seconds left.
|inactive|ben harpic has 30 seconds left.
|inactive|Crystneel has 10 seconds left.
|inactive|Crystneel has 5 seconds left.
|
|t:|1757172437
|move|p1b: Maushold|Protect|p1b: Maushold
|-singleturn|p1b: Maushold|Protect
|move|p2b: Rillaboom|Grassy Glide|p1b: Maushold
|-activate|p1b: Maushold|move: Protect
|move|p1a: Dragapult|Dragon Darts|p2b: Rillaboom
|-damage|p2b: Rillaboom|5/100
|-anim|p1a: Dragapult|Dragon Darts|p2a: Volcarona
|-damage|p2a: Volcarona|25/100 par
|move|p2a: Volcarona|Fiery Dance|p1a: Dragapult
|-resisted|p1a: Dragapult
|-damage|p1a: Dragapult|72/100
|
|-heal|p1a: Dragapult|79/100|[from] Grassy Terrain
|-heal|p1b: Maushold|27/100|[from] Grassy Terrain
|-heal|p2b: Rillaboom|11/100|[from] Grassy Terrain
|-heal|p2a: Volcarona|30/100 par|[from] Grassy Terrain
|-heal|p2a: Volcarona|36/100 par|[from] item: Leftovers
|upkeep
|turn|6
|
|t:|1757172460
|switch|p1b: Annihilape|Annihilape, L50, F|100/100
|switch|p2b: Electabuzz|Electabuzz, L50, M|81/100
|move|p1a: Dragapult|Dragon Darts|p2b: Electabuzz
|-damage|p2b: Electabuzz|64/100
|-anim|p1a: Dragapult|Dragon Darts|p2a: Volcarona
|-damage|p2a: Volcarona|13/100 par
|move|p2a: Volcarona|Fiery Dance|p1a: Dragapult
|-resisted|p1a: Dragapult
|-damage|p1a: Dragapult|64/100
|
|-heal|p1a: Dragapult|70/100|[from] Grassy Terrain
|-heal|p2b: Electabuzz|70/100|[from] Grassy Terrain
|-heal|p2a: Volcarona|18/100 par|[from] Grassy Terrain
|-heal|p2a: Volcarona|24/100 par|[from] item: Leftovers
|upkeep
|turn|7
|
|t:|1757172478
|-terastallize|p2b: Electabuzz|Fairy
|move|p2b: Electabuzz|Follow Me|p2b: Electabuzz
|-singleturn|p2b: Electabuzz|move: Follow Me
|move|p1a: Dragapult|Dragon Darts|p2b: Electabuzz
|-immune|p2b: Electabuzz
|move|p1b: Annihilape|Rage Fist|p2b: Electabuzz
|-damage|p2b: Electabuzz|49/100
|move|p2a: Volcarona|Fiery Dance|p1a: Dragapult
|-resisted|p1a: Dragapult
|-damage|p1a: Dragapult|57/100
|
|-heal|p1a: Dragapult|64/100|[from] Grassy Terrain
|-heal|p2b: Electabuzz|55/100|[from] Grassy Terrain
|-heal|p2a: Volcarona|30/100 par|[from] Grassy Terrain
|-heal|p2a: Volcarona|36/100 par|[from] item: Leftovers
|upkeep
|turn|8
|
|t:|1757172491
|move|p2b: Electabuzz|Follow Me|p2b: Electabuzz
|-singleturn|p2b: Electabuzz|move: Follow Me
|move|p1a: Dragapult|Thunder Wave|p2b: Electabuzz
|-status|p2b: Electabuzz|par
|move|p1b: Annihilape|Bulk Up|p1b: Annihilape
|-boost|p1b: Annihilape|atk|1
|-boost|p1b: Annihilape|def|1
|move|p2a: Volcarona|Fiery Dance|p1a: Dragapult
|-resisted|p1a: Dragapult
|-damage|p1a: Dragapult|49/100
|
|-heal|p1a: Dragapult|55/100|[from] Grassy Terrain
|-heal|p2a: Volcarona|41/100 par|[from] Grassy Terrain
|-heal|p2a: Volcarona|47/100 par|[from] item: Leftovers
|-heal|p2b: Electabuzz|60/100 par|[from] Grassy Terrain
|-sideend|p1: ben harpic|move: Light Screen
|-fieldend|move: Grassy Terrain
|upkeep
|turn|9
|
|t:|1757172506
|move|p2b: Electabuzz|Follow Me|p2b: Electabuzz
|-singleturn|p2b: Electabuzz|move: Follow Me
|move|p1a: Dragapult|Light Screen|p1a: Dragapult
|-sidestart|p1: ben harpic|move: Light Screen
|move|p1b: Annihilape|Bulk Up|p1b: Annihilape
|-boost|p1b: Annihilape|atk|1
|-boost|p1b: Annihilape|def|1
|cant|p2a: Volcarona|par
|
|-heal|p2a: Volcarona|53/100 par|[from] item: Leftovers
|upkeep
|turn|10
|
|t:|1757172517
|move|p2b: Electabuzz|Follow Me|p2b: Electabuzz
|-singleturn|p2b: Electabuzz|move: Follow Me
|move|p1a: Dragapult|Dragon Darts|p2b: Electabuzz
|-immune|p2b: Electabuzz
|move|p1b: Annihilape|Rage Fist|p2b: Electabuzz
|-damage|p2b: Electabuzz|24/100 par
|move|p2a: Volcarona|Fiery Dance|p1a: Dragapult
|-resisted|p1a: Dragapult
|-damage|p1a: Dragapult|42/100
|-boost|p2a: Volcarona|spa|1
|
|-heal|p2a: Volcarona|59/100 par|[from] item: Leftovers
|upkeep
|turn|11
|
|t:|1757172531
|cant|p2b: Electabuzz|par
|move|p1a: Dragapult|Dragon Darts|p1b: Annihilape
|-damage|p1b: Annihilape|91/100
|-anim|p1a: Dragapult|Dragon Darts|p1b: Annihilape
|-damage|p1b: Annihilape|82/100
|move|p1b: Annihilape|Rage Fist|p2a: Volcarona
|-damage|p2a: Volcarona|0 fnt
|faint|p2a: Volcarona
|
|-heal|p1b: Annihilape|88/100|[from] item: Leftovers
|upkeep
|
|t:|1757172541
|switch|p2a: Ursaluna|Ursaluna-Bloodmoon, L50, M|38/100
|turn|12
|
|t:|1757172549
|switch|p1a: Maushold|Maushold-Four, L50|27/100
|move|p2b: Electabuzz|Follow Me|p2b: Electabuzz
|-singleturn|p2b: Electabuzz|move: Follow Me
|move|p1b: Annihilape|Rage Fist|p2b: Electabuzz
|-damage|p2b: Electabuzz|0 fnt
|-status|p1b: Annihilape|par|[from] ability: Static|[of] p2b: Electabuzz
|faint|p2b: Electabuzz
|move|p2a: Ursaluna|Blood Moon|p1b: Annihilape
|-damage|p1b: Annihilape|59/100 par
|
|-heal|p1b: Annihilape|65/100 par|[from] item: Leftovers
|upkeep
|
|t:|1757172562
|switch|p2b: Rillaboom|Rillaboom, L50, F|11/100
|-fieldstart|move: Grassy Terrain|[from] ability: Grassy Surge|[of] p2b: Rillaboom
|turn|13
|
|t:|1757172569
|move|p1a: Maushold|Protect|p1a: Maushold
|-singleturn|p1a: Maushold|Protect
|move|p2b: Rillaboom|Grassy Glide|p1a: Maushold
|-activate|p1a: Maushold|move: Protect
|move|p1b: Annihilape|Drain Punch|p2b: Rillaboom
|-damage|p2b: Rillaboom|0 fnt
|-heal|p1b: Annihilape|71/100 par|[from] drain|[of] p2b: Rillaboom
|faint|p2b: Rillaboom
|move|p2a: Ursaluna|Hyper Voice|p1b: Annihilape|[spread] p1b
|-activate|p1a: Maushold|move: Protect
|-damage|p1b: Annihilape|57/100 par
|
|-heal|p1a: Maushold|33/100|[from] Grassy Terrain
|-heal|p1b: Annihilape|63/100 par|[from] Grassy Terrain
|-heal|p1b: Annihilape|70/100 par|[from] item: Leftovers
|-heal|p2a: Ursaluna|44/100|[from] Grassy Terrain
|upkeep
|turn|14
|
|t:|1757172585
|move|p1a: Maushold|Population Bomb|p2a: Ursaluna
|-damage|p2a: Ursaluna|40/100
|-damage|p2a: Ursaluna|34/100
|-damage|p2a: Ursaluna|30/100
|-damage|p2a: Ursaluna|25/100
|-damage|p2a: Ursaluna|20/100
|-damage|p2a: Ursaluna|16/100
|-damage|p2a: Ursaluna|11/100
|-damage|p2a: Ursaluna|7/100
|-damage|p2a: Ursaluna|2/100
|-crit|p2a: Ursaluna
|-damage|p2a: Ursaluna|0 fnt
|faint|p2a: Ursaluna
|-hitcount|p2: Ursaluna|10
|
|win|ben harpic
||Crystneel is ready for game 3.
