|j|☆bdogplatinum
|j|☆Marvcolor
|html|bdogplatinumMarvcolor    
|uhtml|bestof|Game 3 of a best-of-3
|t:|1784940116
|gametype|doubles
|player|p1|bdogplatinum|lucas|1196
|player|p2|Marvcolor|giovanni|1286
|gen|9
|tier|[Gen 9 Champions] VGC 2026 Reg M-B (Bo3)
|rated|
|rule|Species Clause: Limit one of each Pokémon
|rule|Item Clause: Limit 1 of each item
|clearpoke
|poke|p1|Gardevoir, L50, F|
|poke|p1|Incineroar, L50, M|
|poke|p1|Sinistcha-Masterpiece, L50|
|poke|p1|Blastoise, L50, M|
|poke|p1|Talonflame, L50, M|
|poke|p1|Kingambit, L50, M|
|poke|p2|Sneasler, L50, M|
|poke|p2|Blastoise, L50, M|
|poke|p2|Kingambit, L50, M|
|poke|p2|Incineroar, L50, M|
|poke|p2|Delphox, L50, F|
|poke|p2|Sinistcha, L50|
|teampreview|4
|showteam|p1|Gardevoir||Gardevoirite|Trace|Protect,CalmMind,HyperVoice,Psyshock|Modest||F|||50|]Incineroar||SitrusBerry|Intimidate|FakeOut,PartingShot,FlareBlitz,ThroatChop|Impish||M|||50|]Sinistcha-Masterpiece||OccaBerry|Hospitality|TrickRoom,RagePowder,ShadowBall,MatchaGotcha|Bold|||||50|]Blastoise||Blastoisinite|Torrent|FakeOut,WaterSpout,DarkPulse,AuraSphere|Modest||M|||50|]Talonflame||SharpBeak|GaleWings|Tailwind,Protect,QuickGuard,BraveBird|Jolly||M|||50|]Kingambit||LifeOrb|Defiant|Protect,SuckerPunch,KowtowCleave,IronHead|Adamant||M|||50|
|showteam|p2|Sneasler||FocusSash|PoisonTouch|PoisonJab,CloseCombat,FakeOut,QuickGuard|Jolly||M|||50|]Blastoise||Blastoisinite|RainDish|DarkPulse,WaterSpout,ShellSmash,Protect|Modest||M|||50|]Kingambit||BlackGlasses|Defiant|KowtowCleave,SuckerPunch,SwordsDance,Protect|Adamant||M|||50|]Incineroar||SitrusBerry|Intimidate|FlareBlitz,HelpingHand,PartingShot,FakeOut|Careful||M|||50|]Delphox||Delphoxite|Blaze|HeatWave,NastyPlot,Psyshock,Protect|Modest||F|||50|]Sinistcha||KasibBerry|Hospitality|MatchaGotcha,RagePowder,TrickRoom,Protect|Bold|||||50|
|inactive|Battle timer is ON: inactive players will automatically lose when time's up. (requested by Marvcolor)
|
|t:|1784940143
|teamsize|p1|4
|teamsize|p2|4
|start
|switch|p1a: Gardevoir|Gardevoir, L50, F|100/100
|switch|p1b: Incineroar|Incineroar, L50, M|100/100
|switch|p2a: Blastoise|Blastoise, L50, M|100/100
|switch|p2b: Sneasler|Sneasler, L50, M|100/100
|-ability|p1a: Gardevoir|Poison Touch|Trace|[from] ability: Trace|[of] p2b: Sneasler
|-ability|p1b: Incineroar|Intimidate|boost
|-unboost|p2a: Blastoise|atk|1
|-unboost|p2b: Sneasler|atk|1
|turn|1
|
|t:|1784940158
|detailschange|p2a: Blastoise|Blastoise-Mega, L50, M
|-mega|p2a: Blastoise|Blastoise|Blastoisinite
|detailschange|p1a: Gardevoir|Gardevoir-Mega, L50, F
|-mega|p1a: Gardevoir|Gardevoir|Gardevoirite
|move|p2b: Sneasler|Fake Out|p1b: Incineroar
|-damage|p1b: Incineroar|93/100
|cant|p1b: Incineroar|flinch
|move|p1a: Gardevoir|Calm Mind|p1a: Gardevoir
|-boost|p1a: Gardevoir|spa|1
|-boost|p1a: Gardevoir|spd|1
|move|p2a: Blastoise|Water Spout|p1a: Gardevoir|[spread] p1a,p1b
|-supereffective|p1b: Incineroar|1
|-damage|p1a: Gardevoir|60/100
|-damage|p1b: Incineroar|0 fnt
|faint|p1b: Incineroar
|
|upkeep
|
|t:|1784940171
|switch|p1b: Sinistcha|Sinistcha-Masterpiece, L50|100/100
|-heal|p1a: Gardevoir|85/100|[from] ability: Hospitality|[of] p1b: Sinistcha
|turn|2
|
|t:|1784940194
|move|p2b: Sneasler|Poison Jab|p1b: Sinistcha
|-damage|p1b: Sinistcha|78/100
|-status|p1b: Sinistcha|psn|[from] ability: Poison Touch|[of] p2b: Sneasler
|move|p1a: Gardevoir|Hyper Voice|p2b: Sneasler|[spread] p2a,p2b
|-damage|p2a: Blastoise|30/100
|-enditem|p2b: Sneasler|Focus Sash
|-damage|p2b: Sneasler|1/100
|move|p2a: Blastoise|Dark Pulse|p1b: Sinistcha
|-supereffective|p1b: Sinistcha|1
|-damage|p1b: Sinistcha|0 fnt
|faint|p1b: Sinistcha
|
|upkeep
|
|t:|1784940207
|switch|p1b: Talonflame|Talonflame, L50, M|100/100
|turn|3
|
|t:|1784940224
|switch|p2b: Sinistcha|Sinistcha, L50|100/100
|-heal|p2a: Blastoise|54/100|[from] ability: Hospitality|[of] p2b: Sinistcha
|move|p2a: Blastoise|Protect|p2a: Blastoise
|-singleturn|p2a: Blastoise|Protect
|move|p1b: Talonflame|Tailwind|p1b: Talonflame
|-sidestart|p1: bdogplatinum|move: Tailwind
|move|p1a: Gardevoir|Hyper Voice|p2a: Blastoise|[spread] p2b
|-activate|p2a: Blastoise|move: Protect
|-damage|p2b: Sinistcha|25/100
|
|upkeep
|turn|4
|
|t:|1784940242
|move|p2b: Sinistcha|Protect|p2b: Sinistcha
|-singleturn|p2b: Sinistcha|Protect
|move|p1b: Talonflame|Quick Guard|p1b: Talonflame
|-singleturn|p1b: Talonflame|Quick Guard
|move|p1a: Gardevoir|Hyper Voice|p2a: Blastoise|[spread] p2a
|-activate|p2b: Sinistcha|move: Protect
|-damage|p2a: Blastoise|0 fnt
|faint|p2a: Blastoise
|
|upkeep
|
|t:|1784940243
|switch|p2a: Kingambit|Kingambit, L50, M|100/100
|turn|5
|
|t:|1784940252
|move|p1b: Talonflame|Brave Bird|p2b: Sinistcha
|-supereffective|p2b: Sinistcha|1
|-damage|p2b: Sinistcha|0 fnt
|faint|p2b: Sinistcha
|-damage|p1b: Talonflame|90/100|[from] Recoil
|move|p1a: Gardevoir|Hyper Voice|p2a: Kingambit
|-damage|p2a: Kingambit|16/100
|move|p2a: Kingambit|Kowtow Cleave|p1a: Gardevoir
|-damage|p1a: Gardevoir|13/100
|
|upkeep
|
|t:|1784940262
|switch|p2b: Sneasler|Sneasler, L50, M|1/100
|turn|6
|
|t:|1784940275
|move|p2a: Kingambit|Protect|p2a: Kingambit
|-singleturn|p2a: Kingambit|Protect
|move|p1b: Talonflame|Quick Guard|p1b: Talonflame
|-singleturn|p1b: Talonflame|Quick Guard
|move|p1a: Gardevoir|Hyper Voice|p2b: Sneasler|[spread] p2b
|-activate|p2a: Kingambit|move: Protect
|-damage|p2b: Sneasler|0 fnt
|faint|p2b: Sneasler
|
|-sideend|p1: bdogplatinum|move: Tailwind
|upkeep
|turn|7
|c|☆bdogplatinum|gg
|-message|Marvcolor forfeited.
|
|win|bdogplatinum
|raw|bdogplatinum's rating: 1196 → 1227(+31 for winning)
|raw|Marvcolor's rating: 1286 → 1255(-31 for losing)
|l|☆Marvcolor
|player|p2|
