|j|☆dnut1
|j|☆phenomsteelers08
|html|dnut1phenomsteelers08    
|uhtml|bestof|Game 2 of a best-of-3
|t:|1757813219
|gametype|doubles
|player|p1|dnut1|265|1359
|player|p2|phenomsteelers08|1|1502
|gen|9
|tier|[Gen 9] VGC 2025 Reg H (Bo3)
|rated|
|rule|Species Clause: Limit one of each Pokémon
|rule|Item Clause: Limit 1 of each item
|clearpoke
|poke|p1|Garchomp, L50, F|
|poke|p1|Dondozo, L50, M|
|poke|p1|Tatsugiri-Droopy, L50, F|
|poke|p1|Indeedee-F, L50, F|
|poke|p1|Armarouge, L50, F|
|poke|p1|Tyranitar, L50, F|
|poke|p2|Indeedee-F, L50, F|
|poke|p2|Whimsicott, L50, F|
|poke|p2|Annihilape, L50, M|
|poke|p2|Armarouge, L50, F|
|poke|p2|Dragapult, L50, M|
|poke|p2|Ursaluna-Bloodmoon, L50, M|
|teampreview|4
|showteam|p1|Garchomp||ClearAmulet|SandVeil|StompingTantrum,RockSlide,SwordsDance,Protect|||F|||50|,,,,,Fairy]Dondozo||Leftovers|Unaware|BodyPress,OrderUp,IceFang,Protect|||M|||50|,,,,,Grass]Tatsugiri-Droopy||WideLens|Commander|MuddyWater,DracoMeteor,HydroPump,Protect|||F|||50|,,,,,Water]Indeedee-F||PsychicSeed|PsychicSurge|Psyshock,FollowMe,HelpingHand,TrickRoom|||F|||50|,,,,,Fairy]Armarouge||PowerHerb|FlashFire|ExpandingForce,HeatWave,MeteorBeam,Protect|||F|||50|,,,,,Grass]Tyranitar||AssaultVest|SandStream|RockSlide,KnockOff,LowKick,TeraBlast|||F|||50|,,,,,Flying
|showteam|p2|Indeedee-F||RockyHelmet|PsychicSurge|Psychic,FollowMe,TrickRoom,HelpingHand|||F|||50|,,,,,Fairy]Whimsicott||FocusSash|Prankster|Moonblast,Tailwind,BeatUp,SunnyDay|||F|||50|,,,,,Ghost]Annihilape||Leftovers|Defiant|DrainPunch,RageFist,BulkUp,Protect|||M|||50|,,,,,Fairy]Armarouge||TwistedSpoon|FlashFire|ExpandingForce,HeatWave,TrickRoom,Protect|||F|||50|,,,,,Psychic]Dragapult||ChoiceBand|ClearBody|DragonDarts,Outrage,PhantomForce,Uturn|||M|||50|,,,,,Dragon]Ursaluna-Bloodmoon||SilkScarf|MindsEye|BloodMoon,HyperVoice,EarthPower,Protect|||M|||50|,,,,,Normal
|inactive|Battle timer is ON: inactive players will automatically lose when time's up. (requested by phenomsteelers08)
|inactive|phenomsteelers08 has 60 seconds left.
|
|t:|1757813256
|teamsize|p1|4
|teamsize|p2|4
|start
|switch|p1a: Garchomp|Garchomp, L50, F|100/100
|switch|p1b: Tyranitar|Tyranitar, L50, F|100/100
|switch|p2a: Armarouge|Armarouge, L50, F|100/100
|switch|p2b: Dragapult|Dragapult, L50, M|100/100
|-weather|Sandstorm|[from] ability: Sand Stream|[of] p1b: Tyranitar
|turn|1
|inactive|dnut1 has 30 seconds left.
|inactive|phenomsteelers08 has 30 seconds left.
|
|t:|1757813284
|switch|p1b: Indeedee|Indeedee-F, L50, F|100/100
|-fieldstart|move: Psychic Terrain|[from] ability: Psychic Surge|[of] p1b: Indeedee
|-enditem|p1b: Indeedee|Psychic Seed
|-boost|p1b: Indeedee|spd|1|[from] item: Psychic Seed
|-terastallize|p1a: Garchomp|Fairy
|move|p2a: Armarouge|Protect|p2a: Armarouge
|-singleturn|p2a: Armarouge|Protect
|move|p2b: Dragapult|Outrage|p1a: Garchomp
|-immune|p1a: Garchomp
|move|p1a: Garchomp|Rock Slide|p2b: Dragapult|[spread] p2b
|-activate|p2a: Armarouge|move: Protect
|-crit|p2b: Dragapult
|-damage|p2b: Dragapult|58/100
|
|-weather|Sandstorm|[upkeep]
|-damage|p2b: Dragapult|52/100|[from] Sandstorm
|-damage|p2a: Armarouge|94/100|[from] Sandstorm
|-damage|p1b: Indeedee|94/100|[from] Sandstorm
|upkeep
|turn|2
|inactive|dnut1 has 30 seconds left.
|
|t:|1757813311
|-terastallize|p2a: Armarouge|Psychic
|move|p1b: Indeedee|Helping Hand|p1a: Garchomp
|-singleturn|p1a: Garchomp|Helping Hand|[of] p1b: Indeedee
|move|p2b: Dragapult|Outrage|p1a: Garchomp
|-immune|p1a: Garchomp
|move|p1a: Garchomp|Rock Slide|p2a: Armarouge|[spread] p2b
|-miss|p1a: Garchomp|p2a: Armarouge
|-damage|p2b: Dragapult|11/100
|move|p2a: Armarouge|Expanding Force|p1b: Indeedee|[spread] p1a,p1b
|-resisted|p1b: Indeedee
|-damage|p1a: Garchomp|0 fnt
|-damage|p1b: Indeedee|64/100
|faint|p1a: Garchomp
|
|-weather|Sandstorm|[upkeep]
|-damage|p2b: Dragapult|5/100|[from] Sandstorm
|-damage|p2a: Armarouge|88/100|[from] Sandstorm
|-damage|p1b: Indeedee|58/100|[from] Sandstorm
|upkeep
|
|t:|1757813328
|switch|p1a: Armarouge|Armarouge, L50, F|100/100
|turn|3
|
|t:|1757813350
|move|p1b: Indeedee|Follow Me|p1b: Indeedee
|-singleturn|p1b: Indeedee|move: Follow Me
|move|p2b: Dragapult|Outrage|p1b: Indeedee
|-damage|p1b: Indeedee|0 fnt
|faint|p1b: Indeedee
|move|p2a: Armarouge|Expanding Force|p1a: Armarouge
|-resisted|p1a: Armarouge
|-damage|p1a: Armarouge|28/100
|move|p1a: Armarouge|Meteor Beam||[still]
|-prepare|p1a: Armarouge|Meteor Beam
|-boost|p1a: Armarouge|spa|1
|-enditem|p1a: Armarouge|Power Herb
|-anim|p1a: Armarouge|Meteor Beam|p2a: Armarouge
|-damage|p2a: Armarouge|15/100
|
|-weather|Sandstorm|[upkeep]
|-damage|p2b: Dragapult|0 fnt|[from] Sandstorm
|-damage|p2a: Armarouge|8/100|[from] Sandstorm
|-damage|p1a: Armarouge|22/100|[from] Sandstorm
|faint|p2b: Dragapult
|upkeep
|
|t:|1757813374
|switch|p2b: Indeedee|Indeedee-F, L50, F|100/100
|switch|p1b: Tyranitar|Tyranitar, L50, F|100/100
|turn|4
|
|t:|1757813397
|move|p2a: Armarouge|Protect|p2a: Armarouge
|-singleturn|p2a: Armarouge|Protect
|move|p1b: Tyranitar|Rock Slide|p2a: Armarouge|[spread] p2b
|-activate|p2a: Armarouge|move: Protect
|-damage|p2b: Indeedee|68/100
|cant|p2b: Indeedee|flinch
|move|p1a: Armarouge|Expanding Force|p2a: Armarouge|[spread] p2b
|-activate|p2a: Armarouge|move: Protect
|-resisted|p2b: Indeedee
|-damage|p2b: Indeedee|19/100
|
|-weather|Sandstorm|[upkeep]
|-damage|p2a: Armarouge|2/100|[from] Sandstorm
|-damage|p2b: Indeedee|12/100|[from] Sandstorm
|-damage|p1a: Armarouge|16/100|[from] Sandstorm
|upkeep
|turn|5
|
|t:|1757813419
|move|p1b: Tyranitar|Rock Slide|p2a: Armarouge|[spread] p2a,p2b
|-damage|p2a: Armarouge|0 fnt
|-damage|p2b: Indeedee|0 fnt
|faint|p2a: Armarouge
|faint|p2b: Indeedee
|move|p1a: Armarouge|Expanding Force|p2: Armarouge|[notarget]
|-fail|p1a: Armarouge
|
|-weather|none
|-fieldend|move: Psychic Terrain
|upkeep
|-message|phenomsteelers08 forfeited.
|
|win|dnut1
|l|☆phenomsteelers08
|player|p2|
||phenomsteelers08 is ready for game 3.
||dnut1 is ready for game 3.
|uhtml|next|Next: Game 3 of 3
