|j|☆Sincubii
|j|☆2kitkat
|html|Sincubii2kitkat    
|uhtml|bestof|Game 1 of a best-of-3
|t:|1757774555
|gametype|doubles
|player|p1|Sincubii|palmer|1119
|player|p2|2kitkat|riley|1070
|gen|9
|tier|[Gen 9] VGC 2025 Reg H (Bo3)
|rated|
|rule|Species Clause: Limit one of each Pokémon
|rule|Item Clause: Limit 1 of each item
|clearpoke
|poke|p1|Weavile, L50, M|
|poke|p1|Weezing-Galar, L50, F|
|poke|p1|Tyranitar, L50, F|
|poke|p1|Dragonite, L50, M|
|poke|p1|Typhlosion-Hisui, L50, F|
|poke|p1|Porygon-Z, L50|
|poke|p2|Rillaboom, L50, M|
|poke|p2|Dragonite, L50, F|
|poke|p2|Annihilape, L50, F|
|poke|p2|Gholdengo, L50|
|poke|p2|Maushold-Four, L50|
|poke|p2|Talonflame, L50, M|
|teampreview|4
|showteam|p1|Weavile||LifeOrb|Pressure|FakeOut,IceSpinner,KnockOff,LowKick|||M|||50|,,,,,Ghost]Weezing-Galar||SafetyGoggles|NeutralizingGas|StrangeSteam,WillOWisp,Taunt,Protect|||F|||50|,,,,,Fire]Tyranitar||AssaultVest|SandStream|KnockOff,RockSlide,TeraBlast,LowKick|||F|||50|,,,,,Flying]Dragonite||LoadedDice|InnerFocus|Protect,ScaleShot,Tailwind,IronHead|||M|||50|,,,,,Steel]Typhlosion-Hisui||ChoiceScarf|Blaze|Eruption,HeatWave,ShadowBall,Overheat|||F|||50|,,,,,Fire]Porygon-Z||ChoiceSpecs|Adaptability|TeraBlast,IceBeam,Trick,Thunderbolt||||||50|,,,,,Ground
|showteam|p2|Rillaboom||AssaultVest|GrassySurge|WoodHammer,HighHorsepower,GrassyGlide,FakeOut|||M|||50|,,,,,Fire]Dragonite||LoadedDice|Multiscale|ScaleShot,ExtremeSpeed,Haze,Protect|||F|||50|,,,,,Fairy]Annihilape||SitrusBerry|Defiant|RageFist,DrainPunch,CloseCombat,Protect|||F|||50|,,,,,Grass]Gholdengo||ChoiceSpecs|GoodasGold|MakeItRain,ShadowBall,Thunderbolt,PowerGem||||||50|,,,,,Steel]Maushold-Four||SafetyGoggles|FriendGuard|BeatUp,Feint,FollowMe,Protect||||||50|,,,,,Poison]Talonflame||LifeOrb|GaleWings|BraveBird,FlareBlitz,Tailwind,Protect|||M|||50|,,,,,Ghost
|inactive|Battle timer is ON: inactive players will automatically lose when time's up. (requested by 2kitkat)
|inactive|Sincubii has 60 seconds left.
|
|t:|1757774598
|teamsize|p1|4
|teamsize|p2|4
|start
|switch|p1a: Tyranitar|Tyranitar, L50, F|100/100
|switch|p1b: Big Boss|Dragonite, L50, M, shiny|100/100
|switch|p2a: Dragonite|Dragonite, L50, F|100/100
|switch|p2b: Talonflame|Talonflame, L50, M|100/100
|-weather|Sandstorm|[from] ability: Sand Stream|[of] p1a: Tyranitar
|turn|1
|inactive|Sincubii has 30 seconds left.
|
|t:|1757774636
|switch|p2b: Annihilape|Annihilape, L50, F|100/100
|-terastallize|p2a: Dragonite|Fairy
|-terastallize|p1b: Big Boss|Steel
|move|p2a: Dragonite|Scale Shot|p1b: Big Boss
|-resisted|p1b: Big Boss
|-damage|p1b: Big Boss|93/100
|-resisted|p1b: Big Boss
|-damage|p1b: Big Boss|85/100
|-resisted|p1b: Big Boss
|-damage|p1b: Big Boss|77/100
|-resisted|p1b: Big Boss
|-damage|p1b: Big Boss|70/100
|-hitcount|p1b: Big Boss|4
|-unboost|p2a: Dragonite|def|1
|-boost|p2a: Dragonite|spe|1
|move|p1b: Big Boss|Scale Shot|p2b: Annihilape|[miss]
|-miss|p1b: Big Boss|p2b: Annihilape
|move|p1a: Tyranitar|Rock Slide|p2a: Dragonite|[spread] p2a,p2b
|-resisted|p2b: Annihilape
|-damage|p2a: Dragonite|75/100
|-damage|p2b: Annihilape|84/100
|
|-weather|Sandstorm|[upkeep]
|-damage|p2a: Dragonite|69/100|[from] Sandstorm
|-damage|p2b: Annihilape|78/100|[from] Sandstorm
|upkeep
|turn|2
|inactive|2kitkat has 30 seconds left.
|c|☆Sincubii|Nice
|inactive|2kitkat has 20 seconds left.
|inactive|2kitkat has 15 seconds left.
|inactive|2kitkat has 10 seconds left.
|
|t:|1757774685
|move|p2a: Dragonite|Scale Shot|p1a: Tyranitar
|-damage|p1a: Tyranitar|88/100
|-damage|p1a: Tyranitar|76/100
|-crit|p1a: Tyranitar
|-damage|p1a: Tyranitar|54/100
|-damage|p1a: Tyranitar|41/100
|-hitcount|p1a: Tyranitar|4
|-unboost|p2a: Dragonite|def|1
|-boost|p2a: Dragonite|spe|1
|move|p2b: Annihilape|Drain Punch|p1b: Big Boss
|-supereffective|p1b: Big Boss
|-damage|p1b: Big Boss|3/100
|-heal|p2b: Annihilape|100/100|[from] drain|[of] p1b: Big Boss
|move|p1b: Big Boss|Tailwind|p1b: Big Boss
|-sidestart|p1: Sincubii|move: Tailwind
|move|p1a: Tyranitar|Rock Slide|p2a: Dragonite|[spread] p2b
|-miss|p1a: Tyranitar|p2a: Dragonite
|-resisted|p2b: Annihilape
|-damage|p2b: Annihilape|83/100
|
|-weather|Sandstorm|[upkeep]
|-damage|p2a: Dragonite|63/100|[from] Sandstorm
|-damage|p2b: Annihilape|77/100|[from] Sandstorm
|upkeep
|turn|3
|
|t:|1757774706
|move|p2a: Dragonite|Extreme Speed|p1b: Big Boss
|-resisted|p1b: Big Boss
|-damage|p1b: Big Boss|0 fnt
|faint|p1b: Big Boss
|move|p1a: Tyranitar|Knock Off|p2b: Annihilape
|-damage|p2b: Annihilape|18/100
|-enditem|p2b: Annihilape|Sitrus Berry|[from] move: Knock Off|[of] p1a: Tyranitar
|move|p2b: Annihilape|Drain Punch|p1a: Tyranitar
|-supereffective|p1a: Tyranitar
|-damage|p1a: Tyranitar|0 fnt
|-heal|p2b: Annihilape|38/100|[from] drain|[of] p1a: Tyranitar
|faint|p1a: Tyranitar
|
|-weather|Sandstorm|[upkeep]
|-damage|p2a: Dragonite|57/100|[from] Sandstorm
|-damage|p2b: Annihilape|32/100|[from] Sandstorm
|upkeep
|
|t:|1757774710
|switch|p1b: Porygon-Z|Porygon-Z, L50|100/100
|switch|p1a: Typhlosion|Typhlosion-Hisui, L50, F|100/100
|turn|4
|
|t:|1757774723
|move|p2a: Dragonite|Protect|p2a: Dragonite
|-singleturn|p2a: Dragonite|Protect
|move|p1a: Typhlosion|Eruption|p2b: Annihilape|[spread] p2b
|-activate|p2a: Dragonite|move: Protect
|-damage|p2b: Annihilape|0 fnt
|faint|p2b: Annihilape
|move|p1b: Porygon-Z|Tera Blast|p2a: Dragonite
|-activate|p2a: Dragonite|move: Protect
|
|-weather|Sandstorm|[upkeep]
|-damage|p1a: Typhlosion|94/100|[from] Sandstorm
|-damage|p1b: Porygon-Z|94/100|[from] Sandstorm
|-damage|p2a: Dragonite|51/100|[from] Sandstorm
|upkeep
|
|t:|1757774729
|switch|p2b: Talonflame|Talonflame, L50, M|100/100
|turn|5
|
|t:|1757774734
|move|p2b: Talonflame|Tailwind|p2b: Talonflame
|-sidestart|p2: 2kitkat|move: Tailwind
|move|p2a: Dragonite|Scale Shot|p1a: Typhlosion
|-damage|p1a: Typhlosion|72/100
|-damage|p1a: Typhlosion|49/100
|-damage|p1a: Typhlosion|28/100
|-damage|p1a: Typhlosion|5/100
|-damage|p1a: Typhlosion|0 fnt
|faint|p1a: Typhlosion
|-hitcount|p1: Typhlosion|5
|-unboost|p2a: Dragonite|def|1
|-boost|p2a: Dragonite|spe|1
|move|p1b: Porygon-Z|Tera Blast|p2a: Dragonite
|-damage|p2a: Dragonite|0 fnt
|faint|p2a: Dragonite
|
|-weather|none
|-sideend|p1: Sincubii|move: Tailwind
|upkeep
|
|t:|1757774745
|switch|p2a: Maushold|Maushold-Four, L50|100/100
|turn|6
|
|t:|1757774751
|move|p2a: Maushold|Follow Me|p2a: Maushold
|-singleturn|p2a: Maushold|move: Follow Me
|move|p2b: Talonflame|Brave Bird|p1b: Porygon-Z
|-damage|p1b: Porygon-Z|0 fnt
|faint|p1b: Porygon-Z
|-damage|p2b: Talonflame|68/100|[from] Recoil
|-damage|p2b: Talonflame|58/100|[from] item: Life Orb
|
|win|2kitkat
||2kitkat is ready for game 2.
||Sincubii is ready for game 2.
|uhtml|next|Next: Game 2 of 3
