|j|☆sbhaga34
|j|☆rowletspin
|html|sbhaga34rowletspin    
|uhtml|bestof|Game 2 of a best-of-3
|t:|1784248232
|gametype|doubles
|player|p1|sbhaga34|hugh|1329
|player|p2|rowletspin|101|1313
|gen|9
|tier|[Gen 9 Champions] VGC 2026 Reg M-B (Bo3)
|rated|
|rule|Species Clause: Limit one of each Pokémon
|rule|Item Clause: Limit 1 of each item
|clearpoke
|poke|p1|Excadrill, L50, F|
|poke|p1|Tyranitar, L50, M|
|poke|p1|Corviknight, L50, M|
|poke|p1|Rotom-Wash, L50|
|poke|p1|Chandelure, L50, F|
|poke|p1|Clefable, L50, F|
|poke|p2|Raichu, L50, F|
|poke|p2|Corviknight, L50, F|
|poke|p2|Sylveon, L50, M|
|poke|p2|Basculegion, L50, M|
|poke|p2|Mamoswine, L50, F|
|poke|p2|Tyranitar, L50, F|
|teampreview|4
|showteam|p1|Excadrill||FocusSash|SandRush|Earthquake,IronHead,SwordsDance,Protect|Adamant||F|||50|]Tyranitar||Tyranitarite|SandStream|RockSlide,KnockOff,LowKick,Protect|Adamant||M|||50|]Corviknight||SharpBeak|MirrorArmor|BraveBird,Tailwind,BulkUp,Roost|Careful||M|||50|]Rotom-Wash||ChoiceScarf|Levitate|VoltSwitch,Thunderbolt,Electroweb,HydroPump|Timid|||||50|]Chandelure||ShucaBerry|FlashFire|HeatWave,ShadowBall,TrickRoom,Protect|Modest||F|||50|]Clefable||Clefablite|MagicGuard|FollowMe,Moonblast,HealPulse,Protect|Modest||F|||50|
|showteam|p2|Raichu||RaichuniteY|LightningRod|ZapCannon,FocusBlast,FakeOut,Protect|Timid||F|||50|]Corviknight||Leftovers|MirrorArmor|BraveBird,IronHead,Tailwind,Protect|Careful||F|||50|]Sylveon||FairyFeather|Pixilate|HyperVoice,QuickAttack,Protect,Yawn|Modest||M|||50|]Basculegion||MysticWater|Adaptability|WaveCrash,LastRespects,AquaJet,Protect|Adamant||M|||50|]Mamoswine||LifeOrb|Oblivious|HighHorsepower,IcicleCrash,IceShard,Protect|Adamant||F|||50|]Tyranitar||FocusSash|SandStream|RockSlide,KnockOff,Superpower,Protect|Adamant||F|||50|
|inactive|Battle timer is ON: inactive players will automatically lose when time's up. (requested by rowletspin)
|
|t:|1784248244
|teamsize|p1|4
|teamsize|p2|4
|start
|switch|p1a: Clefable|Clefable, L50, F|100/100
|switch|p1b: Chandelure|Chandelure, L50, F|100/100
|switch|p2a: Raichu|Raichu, L50, F|100/100
|switch|p2b: Corviknight|Corviknight, L50, F|100/100
|turn|1
|
|t:|1784248262
|detailschange|p2a: Raichu|Raichu-Mega-Y, L50, F
|-mega|p2a: Raichu|Raichu|Raichunite Y
|move|p1a: Clefable|Protect|p1a: Clefable
|-singleturn|p1a: Clefable|Protect
|move|p2a: Raichu|Zap Cannon|p1b: Chandelure
|-damage|p1b: Chandelure|13/100
|-status|p1b: Chandelure|par
|move|p2b: Corviknight|Iron Head|p1a: Clefable
|-activate|p1a: Clefable|move: Protect
|move|p1b: Chandelure|Heat Wave|p2a: Raichu|[spread] p2a,p2b
|-supereffective|p2b: Corviknight|1
|-damage|p2a: Raichu|40/100
|-damage|p2b: Corviknight|40/100
|
|-heal|p2b: Corviknight|46/100|[from] item: Leftovers
|upkeep
|turn|2
|
|t:|1784248285
|switch|p2a: Tyranitar|Tyranitar, L50, F|100/100
|-weather|Sandstorm|[from] ability: Sand Stream|[of] p2a: Tyranitar
|move|p2b: Corviknight|Protect|p2b: Corviknight
|-singleturn|p2b: Corviknight|Protect
|move|p1a: Clefable|Follow Me|p1a: Clefable
|-singleturn|p1a: Clefable|move: Follow Me
|move|p1b: Chandelure|Heat Wave|p2b: Corviknight|[spread] p2a
|-activate|p2b: Corviknight|move: Protect
|-resisted|p2a: Tyranitar|1
|-damage|p2a: Tyranitar|85/100
|
|-weather|Sandstorm|[upkeep]
|-damage|p1b: Chandelure|7/100 par|[from] Sandstorm
|-heal|p2b: Corviknight|52/100|[from] item: Leftovers
|upkeep
|turn|3
|inactive|sbhaga34 has 30 seconds left.
|inactive|sbhaga34 has 20 seconds left.
|
|t:|1784248321
|move|p1a: Clefable|Protect|p1a: Clefable
|-singleturn|p1a: Clefable|Protect
|move|p1b: Chandelure|Protect|p1b: Chandelure
|-singleturn|p1b: Chandelure|Protect
|move|p2a: Tyranitar|Rock Slide|p1a: Clefable|[spread] 
|-activate|p1a: Clefable|move: Protect
|-activate|p1b: Chandelure|move: Protect
|move|p2b: Corviknight|Tailwind|p2b: Corviknight
|-sidestart|p2: rowletspin|move: Tailwind
|
|-weather|Sandstorm|[upkeep]
|-damage|p1b: Chandelure|1/100 par|[from] Sandstorm
|-heal|p2b: Corviknight|58/100|[from] item: Leftovers
|upkeep
|turn|4
|
|t:|1784248331
|switch|p1b: Tyranitar|Tyranitar, L50, M|100/100
|move|p2a: Tyranitar|Rock Slide|p1a: Clefable|[spread] p1a,p1b
|-crit|p1b: Tyranitar
|-damage|p1a: Clefable|62/100
|-damage|p1b: Tyranitar|62/100
|move|p2b: Corviknight|Iron Head|p1a: Clefable
|-supereffective|p1a: Clefable|1
|-damage|p1a: Clefable|0 fnt
|faint|p1a: Clefable
|
|-weather|Sandstorm|[upkeep]
|-heal|p2b: Corviknight|64/100|[from] item: Leftovers
|upkeep
|
|t:|1784248342
|switch|p1a: Excadrill|Excadrill, L50, F|100/100
|turn|5
|
|t:|1784248350
|move|p1b: Tyranitar|Protect|p1b: Tyranitar
|-singleturn|p1b: Tyranitar|Protect
|move|p1a: Excadrill|Swords Dance|p1a: Excadrill
|-boost|p1a: Excadrill|atk|2
|move|p2a: Tyranitar|Superpower|p1a: Excadrill
|-supereffective|p1a: Excadrill|1
|-enditem|p1a: Excadrill|Focus Sash
|-damage|p1a: Excadrill|1/100
|-unboost|p2a: Tyranitar|atk|1
|-unboost|p2a: Tyranitar|def|1
|move|p2b: Corviknight|Iron Head|p1b: Tyranitar
|-activate|p1b: Tyranitar|move: Protect
|
|-weather|Sandstorm|[upkeep]
|-heal|p2b: Corviknight|70/100|[from] item: Leftovers
|upkeep
|turn|6
|inactive|sbhaga34 has 30 seconds left.
|inactive|sbhaga34 has 20 seconds left.
|
|t:|1784248385
|switch|p1b: Chandelure|Chandelure, L50, F|1/100 par
|move|p1a: Excadrill|Iron Head|p2b: Corviknight
|-resisted|p2b: Corviknight|1
|-damage|p2b: Corviknight|29/100
|move|p2a: Tyranitar|Superpower|p1b: Chandelure
|-immune|p1b: Chandelure
|move|p2b: Corviknight|Iron Head|p1b: Chandelure
|-resisted|p1b: Chandelure|1
|-damage|p1b: Chandelure|0 fnt
|faint|p1b: Chandelure
|
|-weather|none
|-heal|p2b: Corviknight|35/100|[from] item: Leftovers
|-sideend|p2: rowletspin|move: Tailwind
|upkeep
|
|t:|1784248395
|switch|p1b: Tyranitar|Tyranitar, L50, M|62/100
|-weather|Sandstorm|[from] ability: Sand Stream|[of] p1b: Tyranitar
|turn|7
|
|t:|1784248414
|detailschange|p1b: Tyranitar|Tyranitar-Mega, L50, M
|-mega|p1b: Tyranitar|Tyranitar|Tyranitarite
|move|p1a: Excadrill|Iron Head|p2b: Corviknight
|-resisted|p2b: Corviknight|1
|-damage|p2b: Corviknight|0 fnt
|faint|p2b: Corviknight
|move|p1b: Tyranitar|Low Kick|p2a: Tyranitar
|-supereffective|p2a: Tyranitar|2
|-damage|p2a: Tyranitar|0 fnt
|faint|p2a: Tyranitar
|
|-weather|Sandstorm|[upkeep]
|upkeep
|
|t:|1784248422
|switch|p2a: Raichu|Raichu-Mega-Y, L50, F|40/100
|switch|p2b: Basculegion|Basculegion, L50, M|100/100
|turn|8
|
|t:|1784248431
|move|p1a: Excadrill|Protect|p1a: Excadrill
|-singleturn|p1a: Excadrill|Protect
|move|p2a: Raichu|Fake Out|p1b: Tyranitar
|-resisted|p1b: Tyranitar|1
|-damage|p1b: Tyranitar|59/100
|move|p2b: Basculegion|Aqua Jet|p1a: Excadrill
|-activate|p1a: Excadrill|move: Protect
|cant|p1b: Tyranitar|flinch
|
|-weather|Sandstorm|[upkeep]
|-damage|p2a: Raichu|34/100|[from] Sandstorm
|-damage|p2b: Basculegion|94/100|[from] Sandstorm
|upkeep
|turn|9
|
|t:|1784248442
|move|p1a: Excadrill|Protect||[still]
|-fail|p1a: Excadrill
|move|p2b: Basculegion|Aqua Jet|p1a: Excadrill
|-supereffective|p1a: Excadrill|1
|-damage|p1a: Excadrill|0 fnt
|faint|p1a: Excadrill
|move|p2a: Raichu|Focus Blast|p1b: Tyranitar
|-supereffective|p1b: Tyranitar|2
|-damage|p1b: Tyranitar|0 fnt
|faint|p1b: Tyranitar
|
|win|rowletspin
|raw|sbhaga34's rating: 1329 → 1308(-21 for losing)
|raw|rowletspin's rating: 1313 → 1334(+21 for winning)
