|j|☆ggliscorx
|j|☆PEPENDERLAND
|html|ggliscorxPEPENDERLAND    
|uhtml|bestof|Game 1 of a best-of-3
|t:|1784173872
|gametype|doubles
|player|p1|ggliscorx|wallace|1178
|player|p2|PEPENDERLAND|265|1186
|gen|9
|tier|[Gen 9 Champions] VGC 2026 Reg M-B (Bo3)
|rated|
|rule|Species Clause: Limit one of each Pokémon
|rule|Item Clause: Limit 1 of each item
|clearpoke
|poke|p1|Delphox, L50, F|
|poke|p1|Incineroar, L50, F|
|poke|p1|Kingambit, L50, F|
|poke|p1|Sinistcha, L50|
|poke|p1|Sneasler, L50, M|
|poke|p1|Blastoise, L50, M|
|poke|p2|Charizard, L50, M|
|poke|p2|Corviknight, L50, F|
|poke|p2|Sinistcha, L50|
|poke|p2|Sneasler, L50, M|
|poke|p2|Incineroar, L50, M|
|poke|p2|Floette-Eternal, L50, F|
|teampreview|4
|showteam|p1|Delphox||Delphoxite|Blaze|HeatWave,Psyshock,NastyPlot,Protect|Timid||F|||50|]Incineroar||SitrusBerry|Intimidate|FakeOut,PartingShot,FlareBlitz,ThroatChop|Impish||F|||50|]Kingambit||BlackGlasses|Defiant|SuckerPunch,KowtowCleave,LowKick,IronHead|Adamant||F|||50|]Sinistcha||KasibBerry|Hospitality|Protect,MatchaGotcha,LifeDew,RagePowder|Bold|||||50|]Sneasler||FocusSash|PoisonTouch|CloseCombat,DireClaw,QuickGuard,FakeOut|Adamant||M|||50|]Blastoise||Blastoisinite|RainDish|Protect,WaterSpout,DarkPulse,ShellSmash|Modest||M|||50|
|showteam|p2|Charizard||CharizarditeX|Blaze|FlareBlitz,DragonClaw,DragonDance,Protect|Adamant||M|||50|]Corviknight||Leftovers|MirrorArmor|Tailwind,BraveBird,Roost,IronHead|Adamant||F|||50|]Sinistcha||KasibBerry|Hospitality|TrickRoom,RagePowder,MatchaGotcha,Protect|Calm|||||50|]Sneasler||FocusSash|Unburden|FakeOut,CloseCombat,DireClaw,Coaching|Jolly||M|||50|]Incineroar||SitrusBerry|Intimidate|FakeOut,FlareBlitz,ThroatChop,PartingShot|Adamant||M|||50|]Floette-Eternal||Floettite|Symbiosis|DazzlingGleam,Moonblast,Protect,CalmMind|Modest||F|||50|
|inactive|Battle timer is ON: inactive players will automatically lose when time's up. (requested by ggliscorx)
|
|t:|1784173905
|teamsize|p1|4
|teamsize|p2|4
|start
|switch|p1a: Blastoise|Blastoise, L50, M|100/100
|switch|p1b: Sneasler|Sneasler, L50, M|100/100
|switch|p2a: Sneasler|Sneasler, L50, M|100/100
|switch|p2b: Charizard|Charizard, L50, M|100/100
|turn|1
|inactive|ggliscorx has 30 seconds left.
|inactive|PEPENDERLAND has 30 seconds left.
|
|t:|1784173938
|detailschange|p2b: Charizard|Charizard-Mega-X, L50, M
|-mega|p2b: Charizard|Charizard|Charizardite X
|detailschange|p1a: Blastoise|Blastoise-Mega, L50, M
|-mega|p1a: Blastoise|Blastoise|Blastoisinite
|move|p1b: Sneasler|Fake Out|p2a: Sneasler
|-damage|p2a: Sneasler|71/100
|cant|p2a: Sneasler|flinch
|move|p2b: Charizard|Dragon Claw|p1a: Blastoise
|-damage|p1a: Blastoise|46/100
|move|p1a: Blastoise|Shell Smash|p1a: Blastoise
|-unboost|p1a: Blastoise|def|1
|-unboost|p1a: Blastoise|spd|1
|-boost|p1a: Blastoise|atk|2
|-boost|p1a: Blastoise|spa|2
|-boost|p1a: Blastoise|spe|2
|
|upkeep
|turn|2
|
|t:|1784173958
|switch|p1b: Sinistcha|Sinistcha, L50|100/100
|-heal|p1a: Blastoise|71/100|[from] ability: Hospitality|[of] p1b: Sinistcha
|switch|p2b: Sinistcha|Sinistcha, L50|100/100
|-heal|p2a: Sneasler|96/100|[from] ability: Hospitality|[of] p2b: Sinistcha
|move|p1a: Blastoise|Water Spout|p2b: Sinistcha|[spread] p2a,p2b
|-resisted|p2b: Sinistcha|1
|-damage|p2a: Sneasler|0 fnt
|-damage|p2b: Sinistcha|50/100g
|faint|p2a: Sneasler
|
|upkeep
|
|t:|1784173971
|switch|p2a: Incineroar|Incineroar, L50, M|100/100
|-ability|p2a: Incineroar|Intimidate|boost
|-unboost|p1a: Blastoise|atk|1
|-unboost|p1b: Sinistcha|atk|1
|turn|3
|
|t:|1784173989
|move|p1a: Blastoise|Protect|p1a: Blastoise
|-singleturn|p1a: Blastoise|Protect
|move|p2a: Incineroar|Fake Out|p1a: Blastoise
|-activate|p1a: Blastoise|move: Protect
|move|p1b: Sinistcha|Life Dew||[still]|[spread] p1a,p1b
|-heal|p1a: Blastoise|96/100
|-fail|p1b: Sinistcha|heal
|move|p2b: Sinistcha|Trick Room|p2b: Sinistcha
|-fieldstart|move: Trick Room|[of] p2b: Sinistcha
|
|upkeep
|turn|4
|
|t:|1784174011
|switch|p1a: Incineroar|Incineroar, L50, F|100/100
|-ability|p1a: Incineroar|Intimidate|boost
|-unboost|p2a: Incineroar|atk|1
|-unboost|p2b: Sinistcha|atk|1
|move|p2a: Incineroar|Flare Blitz|p1b: Sinistcha
|-supereffective|p1b: Sinistcha|1
|-damage|p1b: Sinistcha|44/100
|-damage|p2a: Incineroar|84/100|[from] Recoil
|move|p2b: Sinistcha|Matcha Gotcha|p1a: Incineroar|[spread] p1a,p1b
|-resisted|p1a: Incineroar|1
|-resisted|p1b: Sinistcha|1
|-damage|p1a: Incineroar|90/100
|-heal|p2b: Sinistcha|56/100|[from] drain|[of] p1a: Incineroar
|-damage|p1b: Sinistcha|32/100
|-heal|p2b: Sinistcha|62/100|[from] drain|[of] p1b: Sinistcha
|-status|p1b: Sinistcha|brn
|move|p1b: Sinistcha|Life Dew|p1b: Sinistcha|[spread] p1a,p1b
|-heal|p1a: Incineroar|100/100
|-heal|p1b: Sinistcha|57/100 brn
|
|-damage|p1b: Sinistcha|51/100 brn|[from] brn
|upkeep
|turn|5
|
|t:|1784174034
|switch|p2b: Charizard|Charizard-Mega-X, L50, M|100/100
|move|p1b: Sinistcha|Protect|p1b: Sinistcha
|-singleturn|p1b: Sinistcha|Protect
|move|p2a: Incineroar|Parting Shot|p1a: Incineroar
|-unboost|p1a: Incineroar|atk|1
|-unboost|p1a: Incineroar|spa|1
|
|t:|1784174051
|switch|p2a: Sinistcha|Sinistcha, L50|62/100|[from] Parting Shot
|move|p1a: Incineroar|Flare Blitz|p2b: Charizard
|-resisted|p2b: Charizard|2
|-damage|p2b: Charizard|92/100
|-damage|p1a: Incineroar|98/100|[from] Recoil
|
|-damage|p1b: Sinistcha|45/100 brn|[from] brn
|upkeep
|turn|6
|
|t:|1784174063
|switch|p2a: Incineroar|Incineroar, L50, M|84/100
|-ability|p2a: Incineroar|Intimidate|boost
|-unboost|p1a: Incineroar|atk|1
|-unboost|p1b: Sinistcha|atk|1
|move|p1a: Incineroar|Parting Shot|p2b: Charizard
|-unboost|p2b: Charizard|atk|1
|-unboost|p2b: Charizard|spa|1
|
|t:|1784174071
|switch|p1a: Sneasler|Sneasler, L50, M|100/100|[from] Parting Shot
|move|p1b: Sinistcha|Life Dew||[still]|[spread] p1a,p1b
|-fail|p1a: Sneasler|heal
|-heal|p1b: Sinistcha|70/100 brn
|move|p2b: Charizard|Dragon Dance|p2b: Charizard
|-boost|p2b: Charizard|atk|1
|-boost|p2b: Charizard|spe|1
|
|-damage|p1b: Sinistcha|63/100 brn|[from] brn
|upkeep
|turn|7
|
|t:|1784174091
|switch|p1b: Blastoise|Blastoise-Mega, L50, M|96/100
|switch|p1a: Incineroar|Incineroar, L50, F|98/100
|-ability|p1a: Incineroar|Intimidate|boost
|-unboost|p2a: Incineroar|atk|1
|-unboost|p2b: Charizard|atk|1
|move|p2a: Incineroar|Fake Out|p1a: Incineroar
|-damage|p1a: Incineroar|92/100
|move|p2b: Charizard|Dragon Dance|p2b: Charizard
|-boost|p2b: Charizard|atk|1
|-boost|p2b: Charizard|spe|1
|
|-fieldend|move: Trick Room
|upkeep
|turn|8
|
|t:|1784174110
|move|p1a: Incineroar|Fake Out|p2b: Charizard
|-damage|p2b: Charizard|81/100
|cant|p2b: Charizard|flinch
|move|p1b: Blastoise|Shell Smash|p1b: Blastoise
|-unboost|p1b: Blastoise|def|1
|-unboost|p1b: Blastoise|spd|1
|-boost|p1b: Blastoise|atk|2
|-boost|p1b: Blastoise|spa|2
|-boost|p1b: Blastoise|spe|2
|move|p2a: Incineroar|Parting Shot|p1a: Incineroar
|-unboost|p1a: Incineroar|atk|1
|-unboost|p1a: Incineroar|spa|1
|
|t:|1784174113
|switch|p2a: Sinistcha|Sinistcha, L50|62/100|[from] Parting Shot
|-heal|p2b: Charizard|100/100|[from] ability: Hospitality|[of] p2a: Sinistcha
|
|upkeep
|turn|9
|
|t:|1784174131
|move|p2b: Charizard|Dragon Claw|p1b: Blastoise
|-damage|p1b: Blastoise|16/100
|move|p1b: Blastoise|Dark Pulse|p2a: Sinistcha
|-supereffective|p2a: Sinistcha|1
|-damage|p2a: Sinistcha|0 fnt
|faint|p2a: Sinistcha
|move|p1a: Incineroar|Parting Shot|p2b: Charizard
|-unboost|p2b: Charizard|atk|1
|-unboost|p2b: Charizard|spa|1
|
|t:|1784174140
|switch|p1a: Sinistcha|Sinistcha, L50|63/100 brn|[from] Parting Shot
|-heal|p1b: Blastoise|41/100|[from] ability: Hospitality|[of] p1a: Sinistcha
|
|-damage|p1a: Sinistcha|57/100 brn|[from] brn
|upkeep
|
|t:|1784174143
|switch|p2a: Incineroar|Incineroar, L50, M|84/100
|-ability|p2a: Incineroar|Intimidate|boost
|-unboost|p1a: Sinistcha|atk|1
|-unboost|p1b: Blastoise|atk|1
|turn|10
|
|t:|1784174150
|switch|p1a: Incineroar|Incineroar, L50, F|92/100
|-ability|p1a: Incineroar|Intimidate|boost
|-unboost|p2a: Incineroar|atk|1
|-unboost|p2b: Charizard|atk|1
|move|p1b: Blastoise|Protect|p1b: Blastoise
|-singleturn|p1b: Blastoise|Protect
|move|p2a: Incineroar|Fake Out|p1b: Blastoise
|-activate|p1b: Blastoise|move: Protect
|move|p2b: Charizard|Dragon Dance|p2b: Charizard
|-boost|p2b: Charizard|atk|1
|-boost|p2b: Charizard|spe|1
|
|upkeep
|turn|11
|
|t:|1784174164
|move|p1a: Incineroar|Fake Out|p2b: Charizard
|-damage|p2b: Charizard|88/100
|cant|p2b: Charizard|flinch
|move|p1b: Blastoise|Water Spout|p2a: Incineroar|[spread] p2a,p2b
|-supereffective|p2a: Incineroar|1
|-damage|p2a: Incineroar|0 fnt
|-damage|p2b: Charizard|20/100y
|faint|p2a: Incineroar
|
|upkeep
|turn|12
|
|t:|1784174176
|switch|p1a: Sinistcha|Sinistcha, L50|57/100 brn
|-heal|p1b: Blastoise|66/100|[from] ability: Hospitality|[of] p1a: Sinistcha
|move|p1b: Blastoise|Protect|p1b: Blastoise
|-singleturn|p1b: Blastoise|Protect
|move|p2b: Charizard|Dragon Claw|p1b: Blastoise
|-activate|p1b: Blastoise|move: Protect
|
|-damage|p1a: Sinistcha|51/100 brn|[from] brn
|upkeep
|turn|13
|
|t:|1784174188
|switch|p1a: Incineroar|Incineroar, L50, F|92/100
|-ability|p1a: Incineroar|Intimidate|boost
|-unboost|p2b: Charizard|atk|1
|move|p2b: Charizard|Dragon Claw|p1a: Incineroar
|-damage|p1a: Incineroar|69/100
|move|p1b: Blastoise|Dark Pulse|p2b: Charizard
|-damage|p2b: Charizard|0 fnt
|faint|p2b: Charizard
|
|win|ggliscorx
||PEPENDERLAND is ready for game 2.
||ggliscorx is ready for game 2.
|uhtml|next|Next: Game 2 of 3
