|j|☆Barri Deagol
|j|☆Boomyy
|html|Barri DeagolBoomyy    
|uhtml|bestof|Game 3 of a best-of-3
|t:|1756561155
|gametype|doubles
|player|p1|Barri Deagol|collector|1102
|player|p2|Boomyy|brawly|1148
|gen|9
|tier|[Gen 9] VGC 2025 Reg H (Bo3)
|rated|
|rule|Species Clause: Limit one of each Pokémon
|rule|Item Clause: Limit 1 of each item
|clearpoke
|poke|p1|Archaludon, L50, F|
|poke|p1|Dragonite, L50, M|
|poke|p1|Pelipper, L50, F|
|poke|p1|Ursaluna, L50, F|
|poke|p1|Sinistcha, L50|
|poke|p1|Gholdengo, L50|
|poke|p2|Indeedee-F, L50, F|
|poke|p2|Exeggutor, L50, M|
|poke|p2|Torkoal, L50, M|
|poke|p2|Ursaluna, L50, M|
|poke|p2|Gallade, L50, M|
|poke|p2|Zoroark-Hisui, L50, M|
|teampreview|4
|showteam|p1|Archaludon||AssaultVest|Stamina|FlashCannon,BodyPress,ElectroShot,Snarl|||F|||50|,,,,,Fighting]Dragonite||LoadedDice|Multiscale|ScaleShot,Tailwind,Haze,Protect|||M|||50|,,,,,Fairy]Pelipper||FocusSash|Drizzle|MuddyWater,Hurricane,Tailwind,Protect|||F|||50|,,,,,Ghost]Ursaluna||FlameOrb|Guts|Facade,HeadlongRush,Earthquake,Protect|||F|||50|,,,,,Ghost]Sinistcha||SitrusBerry|Hospitality|MatchaGotcha,LifeDew,RagePowder,TrickRoom||||||50|,,,,,Dark]Gholdengo||ChoiceScarf|GoodasGold|MakeItRain,ShadowBall,Trick,Protect||||||50|,,,,,Flying
|showteam|p2|Indeedee-F||PsychicSeed|PsychicSurge|FollowMe,Psychic,HelpingHand,TrickRoom|||F|||50|,,,,,Grass]Exeggutor||FocusSash|Chlorophyll|ExpandingForce,EnergyBall,SleepPowder,TrickRoom|||M|||50|,,,,,Psychic]Torkoal||Charcoal|Drought|Eruption,WeatherBall,ClearSmog,Protect|||M|||50|,,,,,Fire]Ursaluna||FlameOrb|Guts|Facade,HeadlongRush,Earthquake,Protect|||M|||50|,,,,,Ghost]Gallade||ClearAmulet|Sharpness|PsychoCut,SacredSword,WideGuard,TrickRoom|||M|||50|,,,,,Fire]Zoroark-Hisui||ChoiceSpecs|Illusion|HyperVoice,ShadowBall,Flamethrower,HyperBeam|||M|||50|,,,,,Stellar
|inactive|Battle timer is ON: inactive players will automatically lose when time's up. (requested by Boomyy)
|inactive|Barri Deagol also wants the timer to be on.
|
|t:|1756561183
|teamsize|p1|4
|teamsize|p2|4
|start
|switch|p1a: Sinistcha|Sinistcha, L50|100/100
|switch|p1b: Archaludon|Archaludon, L50, F|100/100
|switch|p2a: Indeedee|Indeedee-F, L50, F|100/100
|switch|p2b: Gallade|Gallade, L50, M|100/100
|-fieldstart|move: Psychic Terrain|[from] ability: Psychic Surge|[of] p2a: Indeedee
|-enditem|p2a: Indeedee|Psychic Seed
|-boost|p2a: Indeedee|spd|1|[from] item: Psychic Seed
|turn|1
|inactive|Barri Deagol has 30 seconds left.
|inactive|Boomyy has 30 seconds left.
|inactive|Barri Deagol has 20 seconds left.
|inactive|Boomyy has 20 seconds left.
|inactive|Barri Deagol has 15 seconds left.
|inactive|Boomyy has 15 seconds left.
|inactive|Barri Deagol has 10 seconds left.
|inactive|Boomyy has 10 seconds left.
|inactive|Boomyy has 5 seconds left.
|
|t:|1756561237
|move|p1a: Sinistcha|Rage Powder|p1a: Sinistcha
|-singleturn|p1a: Sinistcha|move: Rage Powder
|move|p1b: Archaludon|Flash Cannon|p2b: Gallade
|-damage|p2b: Gallade|71/100
|move|p2b: Gallade|Psycho Cut|p1a: Sinistcha
|-crit|p1a: Sinistcha
|-damage|p1a: Sinistcha|0 fnt
|faint|p1a: Sinistcha
|move|p2a: Indeedee|Trick Room|p2a: Indeedee
|-fieldstart|move: Trick Room|[of] p2a: Indeedee
|
|upkeep
|
|t:|1756561247
|switch|p1a: Ursaluna|Ursaluna, L50, F|100/100
|turn|2
|inactive|Boomyy has 30 seconds left.
|
|t:|1756561279
|switch|p2a: Ursaluna|Ursaluna, L50, M|100/100
|switch|p1b: Pelipper|Pelipper, L50, F|100/100
|-weather|RainDance|[from] ability: Drizzle|[of] p1b: Pelipper
|move|p2b: Gallade|Sacred Sword|p1b: Pelipper
|-resisted|p1b: Pelipper
|-damage|p1b: Pelipper|52/100
|move|p1a: Ursaluna|Earthquake|p2b: Gallade|[spread] p2a,p2b
|-immune|p1b: Pelipper
|-damage|p2a: Ursaluna|66/100
|-damage|p2b: Gallade|11/100
|
|-weather|RainDance|[upkeep]
|-status|p2a: Ursaluna|brn|[from] item: Flame Orb
|-status|p1a: Ursaluna|brn|[from] item: Flame Orb
|upkeep
|turn|3
|inactive|Barri Deagol has 30 seconds left.
|inactive|Boomyy has 30 seconds left.
|
|t:|1756561313
|move|p1b: Pelipper|Protect|p1b: Pelipper
|-singleturn|p1b: Pelipper|Protect
|move|p2b: Gallade|Wide Guard|p2b: Gallade
|-singleturn|p2b: Gallade|Wide Guard
|move|p2a: Ursaluna|Facade|p1b: Pelipper
|-activate|p1b: Pelipper|move: Protect
|move|p1a: Ursaluna|Earthquake|p2a: Ursaluna|[spread] 
|-activate|p2a: Ursaluna|move: Wide Guard
|-activate|p2b: Gallade|move: Wide Guard
|-activate|p1b: Pelipper|move: Protect
|
|-weather|RainDance|[upkeep]
|-damage|p2a: Ursaluna|60/100 brn|[from] brn
|-damage|p1a: Ursaluna|95/100 brn|[from] brn
|upkeep
|turn|4
|inactive|Boomyy has 30 seconds left.
|inactive|Boomyy has 20 seconds left.
|inactive|Boomyy has 15 seconds left.
|inactive|Boomyy has 10 seconds left.
|
|t:|1756561359
|switch|p1b: Archaludon|Archaludon, L50, F|100/100
|move|p2a: Ursaluna|Headlong Rush|p1a: Ursaluna
|-damage|p1a: Ursaluna|0 fnt
|-unboost|p2a: Ursaluna|def|1
|-unboost|p2a: Ursaluna|spd|1
|faint|p1a: Ursaluna
|move|p2b: Gallade|Psycho Cut|p1b: Archaludon
|-resisted|p1b: Archaludon
|-damage|p1b: Archaludon|76/100
|-ability|p1b: Archaludon|Stamina|boost
|-boost|p1b: Archaludon|def|1
|
|-weather|RainDance|[upkeep]
|-damage|p2a: Ursaluna|54/100 brn|[from] brn
|upkeep
|
|t:|1756561375
|switch|p1a: Pelipper|Pelipper, L50, F|52/100
|turn|5
|
|t:|1756561394
|-terastallize|p1b: Archaludon|Fighting
|move|p1a: Pelipper|Protect|p1a: Pelipper
|-singleturn|p1a: Pelipper|Protect
|move|p2a: Ursaluna|Headlong Rush|p1b: Archaludon
|-damage|p1b: Archaludon|36/100
|-unboost|p2a: Ursaluna|def|1
|-unboost|p2a: Ursaluna|spd|1
|-ability|p1b: Archaludon|Stamina|boost
|-boost|p1b: Archaludon|def|1
|move|p2b: Gallade|Psycho Cut|p1b: Archaludon
|-supereffective|p1b: Archaludon
|-damage|p1b: Archaludon|0 fnt
|faint|p1b: Archaludon
|
|-weather|RainDance|[upkeep]
|-damage|p2a: Ursaluna|48/100 brn|[from] brn
|-fieldend|move: Trick Room
|-fieldend|move: Psychic Terrain
|upkeep
|turn|6
|inactive|Boomyy has 30 seconds left.
|
|t:|1756561421
|move|p2b: Gallade|Wide Guard|p2b: Gallade
|-singleturn|p2b: Gallade|Wide Guard
|move|p1a: Pelipper|Muddy Water|p2a: Ursaluna|[spread] 
|-activate|p2a: Ursaluna|move: Wide Guard
|-activate|p2b: Gallade|move: Wide Guard
|move|p2a: Ursaluna|Facade|p1a: Pelipper
|-damage|p1a: Pelipper|0 fnt
|faint|p1a: Pelipper
|
|win|Boomyy
|raw|Barri Deagol's rating: 1102 → 1080(-22 for losing)
|raw|Boomyy's rating: 1148 → 1170(+22 for winning)
