|j|Ōśåmacrameee
|j|Ōśåspodermees
|html|macrameeespodermees    
|uhtml|bestof|Game 1 of a best-of-3
|t:|1785078139
|gametype|doubles
|player|p1|macrameee|roark|1321
|player|p2|spodermees|sailor|1351
|gen|9
|tier|[Gen 9 Champions] VGC 2026 Reg M-B (Bo3)
|rated|
|rule|Species Clause: Limit one of each Pok├®mon
|rule|Item Clause: Limit 1 of each item
|clearpoke
|poke|p1|Floette-Eternal, L50, F|
|poke|p1|Incineroar, L50, M, shiny|
|poke|p1|Sinistcha, L50|
|poke|p1|Ceruledge, L50, M|
|poke|p1|Raichu, L50, F|
|poke|p1|Milotic, L50, M|
|poke|p2|Charizard, L50, M|
|poke|p2|Staraptor, L50, F|
|poke|p2|Whimsicott, L50, F|
|poke|p2|Basculegion, L50, M|
|poke|p2|Garchomp, L50, M|
|poke|p2|Incineroar, L50, M|
|teampreview|4
|showteam|p1|Floette-Eternal||Floettite|FlowerVeil|Protect,CalmMind,DazzlingGleam,DrainingKiss|Modest||F|||50|]Incineroar||SitrusBerry|Intimidate|FakeOut,FlareBlitz,PartingShot,DarkestLariat|Impish||M|||50|]Sinistcha||KasibBerry|Hospitality|MatchaGotcha,TrickRoom,RagePowder,Protect|Bold|||||50|]Ceruledge||ColburBerry|FlashFire|Protect,BulkUp,BitterBlade,ShadowSneak|Adamant||M|||50|]Raichu||RaichuniteY|Static|Protect,FakeOut,ZapCannon,FocusBlast|Timid||F|||50|]Milotic||Leftovers|Competitive|Protect,Scald,IcyWind,LifeDew|Modest||M|||50|
|showteam|p2|Charizard||CharizarditeY|Blaze|HeatWave,WeatherBall,SolarBeam,Protect|Modest||M|||50|]Staraptor||Staraptite|Intimidate|CloseCombat,BraveBird,Roost,Protect|Jolly||F|||50|]Whimsicott||FocusSash|Prankster|Moonblast,Tickle,Tailwind,Encore|Timid||F|||50|]Basculegion||MysticWater|Adaptability|WaveCrash,LastRespects,AquaJet,Protect|Jolly||M|||50|]Garchomp||LifeOrb|RoughSkin|Protect,Earthquake,RockSlide,DragonClaw|Jolly||M|||50|]Incineroar||SitrusBerry|Intimidate|FakeOut,FlareBlitz,DarkestLariat,PartingShot|Careful||M|||50|
|inactive|Battle timer is ON: inactive players will automatically lose when time's up. (requested by spodermees)
|inactive|macrameee has 60 seconds left.
|
|t:|1785078185
|teamsize|p1|4
|teamsize|p2|4
|start
|switch|p1a: Floette|Floette-Eternal, L50, F|100/100
|switch|p1b: Incineroar|Incineroar, L50, M, shiny|100/100
|switch|p2a: Garchomp|Garchomp, L50, M|100/100
|switch|p2b: Whimsicott|Whimsicott, L50, F|100/100
|-ability|p1b: Incineroar|Intimidate|boost
|-unboost|p2a: Garchomp|atk|1
|-unboost|p2b: Whimsicott|atk|1
|turn|1
|
|t:|1785078199
|switch|p2a: Basculegion|Basculegion, L50, M|100/100
|switch|p1b: Milotic|Milotic, L50, M|100/100
|detailschange|p1a: Floette|Floette-Mega, L50, F
|-mega|p1a: Floette|Floette|Floettite
|-ability|p1a: Floette|Fairy Aura
|move|p2b: Whimsicott|Tailwind|p2b: Whimsicott
|-sidestart|p2: spodermees|move: Tailwind
|move|p1a: Floette|Calm Mind|p1a: Floette
|-boost|p1a: Floette|spa|1
|-boost|p1a: Floette|spd|1
|
|upkeep
|turn|2
|
|t:|1785078222
|move|p2a: Basculegion|Protect|p2a: Basculegion
|-singleturn|p2a: Basculegion|Protect
|move|p1a: Floette|Protect|p1a: Floette
|-singleturn|p1a: Floette|Protect
|move|p2b: Whimsicott|Encore|p1a: Floette
|-activate|p1a: Floette|move: Protect
|move|p1b: Milotic|Icy Wind|p2b: Whimsicott|[spread] p2b
|-activate|p2a: Basculegion|move: Protect
|-supereffective|p2b: Whimsicott|1
|-damage|p2b: Whimsicott|73/100
|-unboost|p2b: Whimsicott|spe|1
|
|upkeep
|turn|3
|
|t:|1785078239
|switch|p1a: Sinistcha|Sinistcha, L50|100/100
|move|p2a: Basculegion|Wave Crash|p1a: Sinistcha
|-resisted|p1a: Sinistcha|1
|-damage|p1a: Sinistcha|57/100
|-damage|p2a: Basculegion|87/100|[from] Recoil
|move|p2b: Whimsicott|Moonblast|p1b: Milotic
|-damage|p1b: Milotic|78/100
|move|p1b: Milotic|Icy Wind|p2a: Basculegion|[spread] p2a,p2b
|-resisted|p2a: Basculegion|1
|-supereffective|p2b: Whimsicott|1
|-damage|p2a: Basculegion|81/100
|-damage|p2b: Whimsicott|47/100
|-unboost|p2a: Basculegion|spe|1
|-unboost|p2b: Whimsicott|spe|1
|
|-heal|p1b: Milotic|84/100|[from] item: Leftovers
|upkeep
|turn|4
|
|t:|1785078264
|move|p2a: Basculegion|Last Respects|p1a: Sinistcha
|-supereffective|p1a: Sinistcha|1
|-enditem|p1a: Sinistcha|Kasib Berry|[eat]
|-enditem|p1a: Sinistcha|Kasib Berry|[weaken]
|-damage|p1a: Sinistcha|30/100
|move|p2b: Whimsicott|Moonblast|p1b: Milotic
|-damage|p1b: Milotic|65/100
|move|p1b: Milotic|Life Dew|p1b: Milotic|[spread] p1a,p1b
|-heal|p1a: Sinistcha|56/100
|-heal|p1b: Milotic|90/100
|move|p1a: Sinistcha|Matcha Gotcha|p2a: Basculegion|[spread] p2a,p2b
|-supereffective|p2a: Basculegion|1
|-resisted|p2b: Whimsicott|1
|-damage|p2a: Basculegion|16/100
|-heal|p1a: Sinistcha|92/100|[from] drain|[of] p2a: Basculegion
|-damage|p2b: Whimsicott|31/100
|-heal|p1a: Sinistcha|99/100|[from] drain|[of] p2b: Whimsicott
|
|-heal|p1b: Milotic|96/100|[from] item: Leftovers
|-sideend|p2: spodermees|move: Tailwind
|upkeep
|turn|5
|inactive|macrameee has 30 seconds left.
|inactive|macrameee has 20 seconds left.
|
|t:|1785078300
|switch|p2a: Staraptor|Staraptor, L50, F|100/100
|-ability|p2a: Staraptor|Intimidate|boost
|-unboost|p1a: Sinistcha|atk|1
|-unboost|p1b: Milotic|atk|1
|-ability|p1b: Milotic|Competitive|boost
|-boost|p1b: Milotic|spa|2
|move|p2b: Whimsicott|Tickle|p2a: Staraptor
|-unboost|p2a: Staraptor|atk|1
|-unboost|p2a: Staraptor|def|1
|move|p1b: Milotic|Scald|p2b: Whimsicott
|-resisted|p2b: Whimsicott|1
|-damage|p2b: Whimsicott|0 fnt
|faint|p2b: Whimsicott
|move|p1a: Sinistcha|Trick Room|p1a: Sinistcha
|-fieldstart|move: Trick Room|[of] p1a: Sinistcha
|
|-heal|p1b: Milotic|100/100|[from] item: Leftovers
|upkeep
|c|Ōśåmacrameee|huh?
|c|Ōśåspodermees|im an idiot
|c|Ōśåmacrameee|why would you do that?
|inactive|spodermees has 30 seconds left.
|c|Ōśåspodermees|idk why i thought why staraptor base had contrary
|c|Ōśåmacrameee|happens man
|inactive|spodermees has 20 seconds left.
|inactive|spodermees has 15 seconds left.
|
|t:|1785078340
|switch|p2b: Garchomp|Garchomp, L50, M|100/100
|turn|6
|c|Ōśåmacrameee|i've clicked fake out in front of farig
|
|t:|1785078357
|detailschange|p2a: Staraptor|Staraptor-Mega, L50, F
|-mega|p2a: Staraptor|Staraptor|Staraptite
|move|p1a: Sinistcha|Matcha Gotcha|p2a: Staraptor|[spread] p2a,p2b
|-resisted|p2a: Staraptor|1
|-damage|p2a: Staraptor|84/100
|-heal|p1a: Sinistcha|100/100|[from] drain|[of] p2a: Staraptor
|-damage|p2b: Garchomp|68/100
|move|p1b: Milotic|Icy Wind|p2b: Garchomp|[spread] p2a,p2b
|-supereffective|p2a: Staraptor|1
|-supereffective|p2b: Garchomp|2
|-damage|p2a: Staraptor|30/100
|-damage|p2b: Garchomp|0 fnt
|-boost|p2a: Staraptor|spe|1
|faint|p2b: Garchomp
|move|p2a: Staraptor|Close Combat|p1b: Milotic
|-damage|p1b: Milotic|61/100
|-boost|p2a: Staraptor|def|1
|-boost|p2a: Staraptor|spd|1
|
|-heal|p1b: Milotic|68/100|[from] item: Leftovers
|upkeep
|c|Ōśåspodermees|this is worse believe me
|inactive|spodermees has 30 seconds left.
|c|Ōśåspodermees|because i knew i would activate competitive while switching in
|
|t:|1785078383
|switch|p2b: Basculegion|Basculegion, L50, M|16/100
|turn|7
|-message|spodermees forfeited.
|
|win|macrameee
