|j|☆Fdiihgj
|j|☆blueperseu
|html|Fdiihgjblueperseu    
|uhtml|bestof|Game 2 of a best-of-3
|t:|1756252368
|gametype|doubles
|player|p1|Fdiihgj|169|1040
|player|p2|blueperseu|sabrina|1061
|gen|9
|tier|[Gen 9] VGC 2025 Reg H (Bo3)
|rated|
|rule|Species Clause: Limit one of each Pokémon
|rule|Item Clause: Limit 1 of each item
|clearpoke
|poke|p1|Klefki, L50, M|
|poke|p1|Ursaluna-Bloodmoon, L50, M|
|poke|p1|Dragonite, L50, F|
|poke|p1|Archaludon, L50, M|
|poke|p1|Annihilape, L50, M|
|poke|p1|Maushold-Four, L50|
|poke|p2|Rillaboom, L50, F|
|poke|p2|Porygon2, L50|
|poke|p2|Primarina, L50, F|
|poke|p2|Maushold, L50|
|poke|p2|Sneasler, L50, F|
|poke|p2|Incineroar, L50, M|
|teampreview|4
|showteam|p1|Klefki||LightClay|Prankster|DazzlingGleam,MistyTerrain,Reflect,LightScreen|||M|||50|,,,,,Water]Ursaluna-Bloodmoon||AssaultVest|MindsEye|BloodMoon,EarthPower,HyperVoice,VacuumWave|||M|||50|,,,,,Electric]Dragonite||LoadedDice|Multiscale|ScaleShot,Tailwind,Haze,Protect|||F|||50|,,,,,Steel]Archaludon||PowerHerb|Sturdy|ElectroShot,FlashCannon,DracoMeteor,Protect|||M|||50|,,,,,Grass]Annihilape||Leftovers|Defiant|RageFist,DrainPunch,BulkUp,Protect|||M|||50|,,,,,Fire]Maushold-Four||FocusSash|FriendGuard|BeatUp,FollowMe,Taunt,Protect||||||50|,,,,,Ghost
|showteam|p2|Rillaboom||AssaultVest|GrassySurge|WoodHammer,GrassyGlide,FakeOut,HighHorsepower|||F|||50|,,,,,Water]Porygon2||Eviolite|Download|TrickRoom,IceBeam,TeraBlast,Protect||||||50|,,,,,Flying]Primarina||LifeOrb|LiquidVoice|HyperVoice,DazzlingGleam,Moonblast,Protect|||F|||50|,,,,,Poison]Maushold||WideLens|Technician|PopulationBomb,FollowMe,Taunt,Protect||||||50|,,,,,Grass]Sneasler||FocusSash|PoisonTouch|Protect,DireClaw,CloseCombat,FakeOut|||F|||50|,,,,,Stellar]Incineroar||SafetyGoggles|Intimidate|FlareBlitz,FakeOut,PartingShot,KnockOff|||M|||50|,,,,,Ghost
|
|t:|1756252383
|teamsize|p1|4
|teamsize|p2|4
|start
|switch|p1a: Annihilape|Annihilape, L50, M|100/100
|switch|p1b: Maushold|Maushold-Four, L50|100/100
|switch|p2a: Porygon2|Porygon2, L50, shiny|100/100
|switch|p2b: Maushold|Maushold, L50|100/100
|-ability|p2a: Porygon2|Download|boost
|-boost|p2a: Porygon2|spa|1
|turn|1
|
|t:|1756252403
|move|p2b: Maushold|Follow Me|p2b: Maushold
|-singleturn|p2b: Maushold|move: Follow Me
|move|p1b: Maushold|Taunt|p2b: Maushold
|-start|p2b: Maushold|move: Taunt
|move|p1a: Annihilape|Bulk Up|p1a: Annihilape
|-boost|p1a: Annihilape|atk|1
|-boost|p1a: Annihilape|def|1
|move|p2a: Porygon2|Trick Room|p2a: Porygon2
|-fieldstart|move: Trick Room|[of] p2a: Porygon2
|
|upkeep
|turn|2
|
|t:|1756252424
|-terastallize|p2a: Porygon2|Flying
|move|p1a: Annihilape|Protect|p1a: Annihilape
|-singleturn|p1a: Annihilape|Protect
|move|p1b: Maushold|Protect|p1b: Maushold
|-singleturn|p1b: Maushold|Protect
|move|p2a: Porygon2|Tera Blast|p1a: Annihilape|[anim] Tera Blast Flying
|-activate|p1a: Annihilape|move: Protect
|move|p2b: Maushold|Population Bomb|p1b: Maushold
|-activate|p1b: Maushold|move: Protect
|
|upkeep
|turn|3
|inactive|Battle timer is ON: inactive players will automatically lose when time's up. (requested by blueperseu)
|
|t:|1756252442
|move|p1b: Maushold|Follow Me|p1b: Maushold
|-singleturn|p1b: Maushold|move: Follow Me
|move|p2a: Porygon2|Tera Blast|p1b: Maushold|[anim] Tera Blast Flying
|-damage|p1b: Maushold|48/100
|move|p1a: Annihilape|Bulk Up|p1a: Annihilape
|-boost|p1a: Annihilape|atk|1
|-boost|p1a: Annihilape|def|1
|move|p2b: Maushold|Population Bomb|p1b: Maushold
|-damage|p1b: Maushold|38/100
|-damage|p1b: Maushold|26/100
|-damage|p1b: Maushold|15/100
|-damage|p1b: Maushold|3/100
|-damage|p1b: Maushold|0 fnt
|faint|p1b: Maushold
|-hitcount|p1: Maushold|5
|
|upkeep
|
|t:|1756252448
|switch|p1b: Archaludon|Archaludon, L50, M|100/100
|turn|4
|
|t:|1756252467
|-terastallize|p1a: Annihilape|Fire
|move|p2a: Porygon2|Tera Blast|p1a: Annihilape|[anim] Tera Blast Flying
|-damage|p1a: Annihilape|59/100
|move|p1a: Annihilape|Drain Punch|p2b: Maushold
|-supereffective|p2b: Maushold
|-damage|p2b: Maushold|0 fnt
|-heal|p1a: Annihilape|95/100|[from] drain|[of] p2b: Maushold
|faint|p2b: Maushold
|move|p1b: Archaludon|Electro Shot||[still]
|-prepare|p1b: Archaludon|Electro Shot
|-boost|p1b: Archaludon|spa|1
|-enditem|p1b: Archaludon|Power Herb
|-anim|p1b: Archaludon|Electro Shot|p2a: Porygon2
|-supereffective|p2a: Porygon2
|-damage|p2a: Porygon2|27/100
|
|-heal|p1a: Annihilape|100/100|[from] item: Leftovers
|upkeep
|
|t:|1756252475
|switch|p2b: Primarina|Primarina, L50, F|100/100
|turn|5
|
|t:|1756252486
|move|p1a: Annihilape|Protect|p1a: Annihilape
|-singleturn|p1a: Annihilape|Protect
|move|p1b: Archaludon|Protect|p1b: Archaludon
|-singleturn|p1b: Archaludon|Protect
|move|p2a: Porygon2|Tera Blast|p1b: Archaludon|[anim] Tera Blast Flying
|-activate|p1b: Archaludon|move: Protect
|move|p2b: Primarina|Hyper Voice|p1a: Annihilape|[spread] 
|-activate|p1a: Annihilape|move: Protect
|-activate|p1b: Archaludon|move: Protect
|
|-fieldend|move: Trick Room
|upkeep
|turn|6
|
|t:|1756252504
|move|p2b: Primarina|Protect|p2b: Primarina
|-singleturn|p2b: Primarina|Protect
|move|p1b: Archaludon|Flash Cannon|p2b: Primarina
|-activate|p2b: Primarina|move: Protect
|move|p1a: Annihilape|Rage Fist|p2a: Porygon2
|-damage|p2a: Porygon2|0 fnt
|faint|p2a: Porygon2
|
|upkeep
|
|t:|1756252508
|switch|p2a: Incineroar|Incineroar, L50, M|100/100
|-ability|p2a: Incineroar|Intimidate|boost
|-unboost|p1a: Annihilape|atk|1
|-ability|p1a: Annihilape|Defiant|boost
|-boost|p1a: Annihilape|atk|2
|-unboost|p1b: Archaludon|atk|1
|turn|7
|
|t:|1756252518
|move|p1b: Archaludon|Protect|p1b: Archaludon
|-singleturn|p1b: Archaludon|Protect
|move|p1a: Annihilape|Protect|p1a: Annihilape
|-singleturn|p1a: Annihilape|Protect
|move|p2a: Incineroar|Fake Out|p1a: Annihilape
|-activate|p1a: Annihilape|move: Protect
|move|p2b: Primarina|Hyper Voice|p1b: Archaludon|[spread] 
|-activate|p1a: Annihilape|move: Protect
|-activate|p1b: Archaludon|move: Protect
|
|upkeep
|turn|8
|
|t:|1756252531
|move|p1b: Archaludon|Draco Meteor|p2a: Incineroar
|-damage|p2a: Incineroar|22/100
|-unboost|p1b: Archaludon|spa|2
|move|p1a: Annihilape|Rage Fist|p2b: Primarina
|-damage|p2b: Primarina|0 fnt
|faint|p2b: Primarina
|move|p2a: Incineroar|Flare Blitz|p1b: Archaludon
|-damage|p1b: Archaludon|57/100
|-damage|p2a: Incineroar|10/100|[from] Recoil
|
|upkeep
|turn|9
|
|t:|1756252542
|move|p1b: Archaludon|Electro Shot||[still]
|-prepare|p1b: Archaludon|Electro Shot
|-boost|p1b: Archaludon|spa|1
|move|p1a: Annihilape|Drain Punch|p2a: Incineroar
|-supereffective|p2a: Incineroar
|-damage|p2a: Incineroar|0 fnt
|faint|p2a: Incineroar
|
|win|Fdiihgj
|raw|Fdiihgj's rating: 1040 → 1076(+36 for winning)
|raw|blueperseu's rating: 1061 → 1041(-20 for losing)
|l|☆blueperseu
|player|p2|
