|j|☆natsukivgc
|j|‽whensheteraponmycm
|html|natsukivgcwhensheteraponmycm    
|uhtml|bestof|Game 2 of a best-of-3
|t:|1785389410
|gametype|doubles
|player|p1|natsukivgc|1|1225
|player|p2|whensheteraponmycm|102|1306
|gen|9
|tier|[Gen 9 Champions] VGC 2026 Reg M-B (Bo3)
|rated|
|rule|Species Clause: Limit one of each Pokémon
|rule|Item Clause: Limit 1 of each item
|clearpoke
|poke|p1|Garchomp, L50, F|
|poke|p1|Venusaur, L50, M|
|poke|p1|Incineroar, L50, F|
|poke|p1|Charizard, L50, F|
|poke|p1|Toxapex, L50, M|
|poke|p1|Annihilape, L50, M|
|poke|p2|Froslass, L50, F|
|poke|p2|Blaziken, L50, M|
|poke|p2|Kingambit, L50, M|
|poke|p2|Gyarados, L50, M|
|poke|p2|Whimsicott, L50, M|
|poke|p2|Glimmora, L50, F|
|teampreview|4
|showteam|p1|Garchomp||ChoiceScarf|RoughSkin|Earthquake,DragonClaw,StompingTantrum,RockSlide|Adamant||F|||50|]Venusaur||LifeOrb|Chlorophyll|SolarBeam,SludgeBomb,EarthPower,Protect|Modest||M|||50|]Incineroar||SitrusBerry|Intimidate|FlareBlitz,ThroatChop,FakeOut,PartingShot|Impish||F|||50|]Charizard||CharizarditeY|Blaze|HeatWave,WeatherBall,HelpingHand,Protect|Modest||F|||50|]Toxapex||Leftovers|Regenerator|Infestation,Toxic,WideGuard,BanefulBunker|Bold||M|||50|]Annihilape||FocusSash|Defiant|CloseCombat,PhantomForce,StealthRock,Protect|Jolly||M|||50|
|showteam|p2|Froslass||Froslassite|SnowCloak|Blizzard,ShadowBall,AuroraVeil,Protect|Timid||F|||50|]Blaziken||Blazikenite|SpeedBoost|FlareBlitz,CloseCombat,RockSlide,Protect|Adamant||M|||50|]Kingambit||BlackGlasses|Defiant|KowtowCleave,SuckerPunch,SwordsDance,Protect|Adamant||M|||50|]Gyarados||SitrusBerry|Intimidate|Waterfall,Crunch,Taunt,Protect|Adamant||M|||50|]Whimsicott||FocusSash|Prankster|Moonblast,Encore,Tailwind,Protect|Timid||M|||50|]Glimmora||LifeOrb|ToxicDebris|SludgeBomb,PowerGem,EarthPower,SpikyShield|Timid||F|||50|
|inactive|Battle timer is ON: inactive players will automatically lose when time's up. (requested by whensheteraponmycm)
|
|t:|1785389427
|teamsize|p1|4
|teamsize|p2|4
|start
|switch|p1a: Toxapex|Toxapex, L50, M|100/100
|switch|p1b: Garchomp|Garchomp, L50, F|100/100
|switch|p2a: Blaziken|Blaziken, L50, M|100/100
|switch|p2b: Whimsicott|Whimsicott, L50, M|100/100
|turn|1
|inactive|natsukivgc has 30 seconds left.
|
|t:|1785389459
|switch|p1b: Charizard|Charizard, L50, F|100/100
|move|p2a: Blaziken|Protect|p2a: Blaziken
|-singleturn|p2a: Blaziken|Protect
|move|p2b: Whimsicott|Moonblast|p1b: Charizard
|-resisted|p1b: Charizard|1
|-damage|p1b: Charizard|80/100
|move|p1a: Toxapex|Infestation|p2b: Whimsicott
|-damage|p2b: Whimsicott|94/100
|-activate|p2b: Whimsicott|move: Infestation|[of] p1a: Toxapex
|
|-damage|p2b: Whimsicott|82/100|[from] move: Infestation|[partiallytrapped]
|-ability|p2a: Blaziken|Speed Boost|boost
|-boost|p2a: Blaziken|spe|1
|upkeep
|turn|2
|
|t:|1785389477
|detailschange|p2a: Blaziken|Blaziken-Mega, L50, M
|-mega|p2a: Blaziken|Blaziken|Blazikenite
|detailschange|p1b: Charizard|Charizard-Mega-Y, L50, F
|-mega|p1b: Charizard|Charizard|Charizardite Y
|-weather|SunnyDay|[from] ability: Drought|[of] p1b: Charizard
|move|p2b: Whimsicott|Protect|p2b: Whimsicott
|-singleturn|p2b: Whimsicott|Protect
|move|p1b: Charizard|Protect|p1b: Charizard
|-singleturn|p1b: Charizard|Protect
|move|p2a: Blaziken|Flare Blitz|p1b: Charizard
|-activate|p1b: Charizard|move: Protect
|move|p1a: Toxapex|Toxic|p2b: Whimsicott
|-activate|p2b: Whimsicott|move: Protect
|
|-weather|SunnyDay|[upkeep]
|-damage|p2b: Whimsicott|70/100|[from] move: Infestation|[partiallytrapped]
|-ability|p2a: Blaziken|Speed Boost|boost
|-boost|p2a: Blaziken|spe|1
|upkeep
|turn|3
|
|t:|1785389501
|switch|p1b: Garchomp|Garchomp, L50, F|100/100
|move|p2b: Whimsicott|Encore||[still]
|-fail|p2b: Whimsicott
|move|p2a: Blaziken|Close Combat|p1b: Garchomp
|-damage|p1b: Garchomp|26/100
|-unboost|p2a: Blaziken|def|1
|-unboost|p2a: Blaziken|spd|1
|-damage|p2a: Blaziken|87/100|[from] ability: Rough Skin|[of] p1b: Garchomp
|move|p1a: Toxapex|Toxic|p2b: Whimsicott
|-status|p2b: Whimsicott|tox
|
|-weather|SunnyDay|[upkeep]
|-damage|p2b: Whimsicott|64/100 tox|[from] psn
|-damage|p2b: Whimsicott|51/100 tox|[from] move: Infestation|[partiallytrapped]
|-ability|p2a: Blaziken|Speed Boost|boost
|-boost|p2a: Blaziken|spe|1
|upkeep
|turn|4
|
|t:|1785389526
|switch|p1b: Charizard|Charizard-Mega-Y, L50, F|80/100
|move|p2b: Whimsicott|Encore|p1a: Toxapex
|-start|p1a: Toxapex|Encore
|move|p2a: Blaziken|Close Combat|p1b: Charizard
|-resisted|p1b: Charizard|1
|-damage|p1b: Charizard|45/100
|-unboost|p2a: Blaziken|def|1
|-unboost|p2a: Blaziken|spd|1
|move|p1a: Toxapex|Toxic|p2a: Blaziken
|-status|p2a: Blaziken|tox
|
|-weather|SunnyDay|[upkeep]
|-damage|p2a: Blaziken|81/100 tox|[from] psn
|-damage|p2b: Whimsicott|40/100 tox|[from] psn
|-damage|p2b: Whimsicott|27/100 tox|[from] move: Infestation|[partiallytrapped]
|-ability|p2a: Blaziken|Speed Boost|boost
|-boost|p2a: Blaziken|spe|1
|upkeep
|turn|5
|
|t:|1785389547
|switch|p1b: Garchomp|Garchomp, L50, F|26/100
|move|p2b: Whimsicott|Tailwind|p2b: Whimsicott
|-sidestart|p2: whensheteraponmycm|move: Tailwind
|move|p2a: Blaziken|Rock Slide|p1a: Toxapex|[spread] p1a,p1b
|-resisted|p1b: Garchomp|1
|-crit|p1b: Garchomp
|-damage|p1a: Toxapex|85/100
|-damage|p1b: Garchomp|12/100
|move|p1a: Toxapex|Toxic|p2b: Whimsicott
|-fail|p2b: Whimsicott|tox
|
|-weather|SunnyDay|[upkeep]
|-heal|p1a: Toxapex|91/100|[from] item: Leftovers
|-damage|p2a: Blaziken|69/100 tox|[from] psn
|-damage|p2b: Whimsicott|10/100 tox|[from] psn
|-damage|p2b: Whimsicott|0 fnt|[from] move: Infestation|[partiallytrapped]
|faint|p2b: Whimsicott
|-ability|p2a: Blaziken|Speed Boost|boost
|-boost|p2a: Blaziken|spe|1
|upkeep
|
|t:|1785389553
|switch|p2b: Glimmora|Glimmora, L50, F|100/100
|turn|6
|inactive|natsukivgc has 30 seconds left.
|inactive|whensheteraponmycm has 30 seconds left.
|
|t:|1785389581
|move|p2a: Blaziken|Flare Blitz|p1a: Toxapex
|-resisted|p1a: Toxapex|1
|-damage|p1a: Toxapex|58/100
|-damage|p2a: Blaziken|60/100 tox|[from] Recoil
|move|p2b: Glimmora|Power Gem|p1b: Garchomp
|-resisted|p1b: Garchomp|1
|-damage|p1b: Garchomp|0 fnt
|faint|p1b: Garchomp
|-damage|p2b: Glimmora|90/100|[from] item: Life Orb
|move|p1a: Toxapex|Toxic|p2a: Blaziken
|-fail|p2a: Blaziken|tox
|
|-weather|none
|-heal|p1a: Toxapex|64/100|[from] item: Leftovers
|-damage|p2a: Blaziken|42/100 tox|[from] psn
|-end|p1a: Toxapex|Encore
|-ability|p2a: Blaziken|Speed Boost|boost
|-boost|p2a: Blaziken|spe|1
|upkeep
|
|t:|1785389603
|switch|p1b: Venusaur|Venusaur, L50, M|100/100
|turn|7
|
|t:|1785389616
|move|p1b: Venusaur|Protect|p1b: Venusaur
|-singleturn|p1b: Venusaur|Protect
|move|p2a: Blaziken|Flare Blitz|p1b: Venusaur
|-activate|p1b: Venusaur|move: Protect
|move|p2b: Glimmora|Earth Power|p1a: Toxapex
|-supereffective|p1a: Toxapex|1
|-damage|p1a: Toxapex|4/100
|-unboost|p1a: Toxapex|spd|1
|-damage|p2b: Glimmora|80/100|[from] item: Life Orb
|move|p1a: Toxapex|Infestation|p2a: Blaziken
|-resisted|p2a: Blaziken|2
|-damage|p2a: Blaziken|40/100 tox
|-activate|p2a: Blaziken|move: Infestation|[of] p1a: Toxapex
|
|-heal|p1a: Toxapex|10/100|[from] item: Leftovers
|-damage|p2a: Blaziken|16/100 tox|[from] psn
|-damage|p2a: Blaziken|4/100 tox|[from] move: Infestation|[partiallytrapped]
|upkeep
|turn|8
|inactive|natsukivgc has 30 seconds left.
|inactive|whensheteraponmycm has 30 seconds left.
|inactive|natsukivgc has 20 seconds left.
|
|t:|1785389653
|switch|p1b: Charizard|Charizard-Mega-Y, L50, F|45/100
|-weather|SunnyDay|[from] ability: Drought|[of] p1b: Charizard
|move|p1a: Toxapex|Baneful Bunker|p1a: Toxapex
|-singleturn|p1a: Toxapex|move: Protect
|move|p2a: Blaziken|Flare Blitz|p1b: Charizard
|-resisted|p1b: Charizard|1
|-damage|p1b: Charizard|0 fnt
|faint|p1b: Charizard
|-damage|p2a: Blaziken|0 fnt|[from] Recoil
|faint|p2a: Blaziken
|move|p2b: Glimmora|Power Gem|p1a: Toxapex
|-activate|p1a: Toxapex|move: Protect
|
|-weather|SunnyDay|[upkeep]
|-heal|p1a: Toxapex|15/100|[from] item: Leftovers
|-sideend|p2: whensheteraponmycm|move: Tailwind
|upkeep
|
|t:|1785389668
|switch|p2a: Kingambit|Kingambit, L50, M|100/100
|switch|p1b: Venusaur|Venusaur, L50, M|100/100
|turn|9
|
|t:|1785389685
|move|p2a: Kingambit|Sucker Punch|p1b: Venusaur
|-damage|p1b: Venusaur|44/100
|move|p1b: Venusaur|Earth Power|p2a: Kingambit
|-supereffective|p2a: Kingambit|1
|-damage|p2a: Kingambit|22/100
|-unboost|p2a: Kingambit|spd|1
|-ability|p2a: Kingambit|Defiant|boost
|-boost|p2a: Kingambit|atk|2
|-damage|p1b: Venusaur|35/100|[from] item: Life Orb
|move|p2b: Glimmora|Sludge Bomb|p1b: Venusaur
|-damage|p1b: Venusaur|0 fnt
|faint|p1b: Venusaur
|-damage|p2b: Glimmora|70/100|[from] item: Life Orb
|move|p1a: Toxapex|Infestation|p2a: Kingambit
|-damage|p2a: Kingambit|17/100
|-activate|p2a: Kingambit|move: Infestation|[of] p1a: Toxapex
|
|-weather|SunnyDay|[upkeep]
|-heal|p1a: Toxapex|21/100|[from] item: Leftovers
|-damage|p2a: Kingambit|5/100|[from] move: Infestation|[partiallytrapped]
|upkeep
|turn|10
|
|t:|1785389703
|move|p1a: Toxapex|Baneful Bunker|p1a: Toxapex
|-singleturn|p1a: Toxapex|move: Protect
|move|p2a: Kingambit|Sucker Punch||[still]
|-fail|p2a: Kingambit
|move|p2b: Glimmora|Earth Power|p1a: Toxapex
|-activate|p1a: Toxapex|move: Protect
|
|-weather|SunnyDay|[upkeep]
|-heal|p1a: Toxapex|27/100|[from] item: Leftovers
|-damage|p2a: Kingambit|0 fnt|[from] move: Infestation|[partiallytrapped]
|faint|p2a: Kingambit
|upkeep
|turn|11
|
|t:|1785389716
|move|p2b: Glimmora|Earth Power|p1a: Toxapex
|-supereffective|p1a: Toxapex|1
|-damage|p1a: Toxapex|0 fnt
|faint|p1a: Toxapex
|-damage|p2b: Glimmora|60/100|[from] item: Life Orb
|
|win|whensheteraponmycm
|raw|natsukivgc's rating: 1225 → 1206(-19 for losing)
|raw|whensheteraponmycm's rating: 1306 → 1321(+15 for winning)
