|j|☆wittraid
|j|☆ImAtWorkVGC
|html|wittraidImAtWorkVGC    
|uhtml|bestof|Game 1 of a best-of-3
|t:|1756914000
|gametype|doubles
|player|p1|wittraid|1|1186
|player|p2|ImAtWorkVGC|1|1099
|gen|9
|tier|[Gen 9] VGC 2025 Reg H (Bo3)
|rated|
|rule|Species Clause: Limit one of each Pokémon
|rule|Item Clause: Limit 1 of each item
|clearpoke
|poke|p1|Pelipper, L50, F|
|poke|p1|Archaludon, L50, F|
|poke|p1|Basculegion, L50, M|
|poke|p1|Incineroar, L50, F|
|poke|p1|Sinistcha-Masterpiece, L50|
|poke|p1|Dragonite, L50, F|
|poke|p2|Tyranitar, L50, F|
|poke|p2|Lycanroc, L50, F|
|poke|p2|Indeedee-F, L50, F|
|poke|p2|Hatterene, L50, F|
|poke|p2|Milotic, L50, F|
|poke|p2|Incineroar, L50, F|
|teampreview|4
|showteam|p1|Pelipper||FocusSash|Drizzle|Tailwind,WideGuard,Hurricane,Protect|||F|||50|,,,,,Ghost]Archaludon||AssaultVest|Stamina|ElectroShot,DragonPulse,BodyPress,Snarl|||F|||50|,,,,,Grass]Basculegion||ChoiceBand|SwiftSwim|WaveCrash,LastRespects,AquaJet,FlipTurn|||M|||50|,,,,,Grass]Incineroar||SafetyGoggles|Intimidate|FakeOut,KnockOff,Taunt,PartingShot|||F|||50|,,,,,Ghost]Sinistcha-Masterpiece||SitrusBerry|Hospitality|RagePowder,MatchaGotcha,TrickRoom,Protect||||||50|,,,,,Fairy]Dragonite||LoadedDice|InnerFocus|ScaleShot,ExtremeSpeed,Haze,Protect|||F|||50|,,,,,Normal
|showteam|p2|Tyranitar||AssaultVest|SandStream|KnockOff,RockSlide,LowKick,TeraBlast|||F|||50|,,,,,Grass]Lycanroc||FocusSash|KeenEye|RockSlide,Endeavor,Taunt,Protect|||F|||50|,,,,,Rock]Indeedee-F||PsychicSeed|PsychicSurge|FollowMe,Psychic,HelpingHand,TrickRoom|||F|||50|,,,,,Fairy]Hatterene||LifeOrb|MagicBounce|Protect,ExpandingForce,DazzlingGleam,TrickRoom|||F|||50|,,,,,Steel]Milotic||SitrusBerry|Competitive|Protect,MuddyWater,Hypnosis,Coil|||F|||50|,,,,,Grass]Incineroar||SafetyGoggles|Intimidate|PartingShot,KnockOff,FlareBlitz,Roar|||F|||50|,,,,,Ghost
|inactive|Battle timer is ON: inactive players will automatically lose when time's up. (requested by wittraid)
|inactive|ImAtWorkVGC has 60 seconds left.
|
|t:|1756914047
|teamsize|p1|4
|teamsize|p2|4
|start
|switch|p1a: Archaludon|Archaludon, L50, F|100/100
|switch|p1b: Pelipper|Pelipper, L50, F|100/100
|switch|p2a: Hatterene|Hatterene, L50, F|100/100
|switch|p2b: Indeedee|Indeedee-F, L50, F|100/100
|-fieldstart|move: Psychic Terrain|[from] ability: Psychic Surge|[of] p2b: Indeedee
|-enditem|p2b: Indeedee|Psychic Seed
|-boost|p2b: Indeedee|spd|1|[from] item: Psychic Seed
|-weather|RainDance|[from] ability: Drizzle|[of] p1b: Pelipper
|turn|1
|inactive|ImAtWorkVGC has 30 seconds left.
|
|t:|1756914078
|switch|p2b: Milotic|Milotic, L50, F|100/100
|switch|p2a: Tyranitar|Tyranitar, L50, F|100/100
|-weather|Sandstorm|[from] ability: Sand Stream|[of] p2a: Tyranitar
|move|p1a: Archaludon|Electro Shot||[still]
|-prepare|p1a: Archaludon|Electro Shot
|-boost|p1a: Archaludon|spa|1
|move|p1b: Pelipper|Hurricane|p2a: Tyranitar
|-resisted|p2a: Tyranitar
|-damage|p2a: Tyranitar|92/100
|
|-weather|Sandstorm|[upkeep]
|-damage|p2b: Milotic|95/100|[from] Sandstorm
|-damage|p1b: Pelipper|95/100|[from] Sandstorm
|upkeep
|turn|2
|
|t:|1756914097
|switch|p1b: Incineroar|Incineroar, L50, F|100/100
|-ability|p1b: Incineroar|Intimidate|boost
|-unboost|p2a: Tyranitar|atk|1
|-unboost|p2b: Milotic|atk|1
|-ability|p2b: Milotic|Competitive|boost
|-boost|p2b: Milotic|spa|2
|move|p1a: Archaludon|Electro Shot|p2a: Tyranitar|[from] lockedmove
|-damage|p2a: Tyranitar|72/100
|move|p2b: Milotic|Coil|p2b: Milotic
|-boost|p2b: Milotic|atk|1
|-boost|p2b: Milotic|def|1
|-boost|p2b: Milotic|accuracy|1
|move|p2a: Tyranitar|Low Kick|p1a: Archaludon
|-supereffective|p1a: Archaludon
|-damage|p1a: Archaludon|74/100
|-ability|p1a: Archaludon|Stamina|boost
|-boost|p1a: Archaludon|def|1
|
|-weather|Sandstorm|[upkeep]
|-damage|p2b: Milotic|89/100|[from] Sandstorm
|upkeep
|turn|3
|
|t:|1756914117
|switch|p1b: Pelipper|Pelipper, L50, F|95/100
|-weather|RainDance|[from] ability: Drizzle|[of] p1b: Pelipper
|switch|p2a: Indeedee|Indeedee-F, L50, F|100/100
|-terastallize|p2b: Milotic|Grass
|move|p1a: Archaludon|Electro Shot||[still]
|-prepare|p1a: Archaludon|Electro Shot
|-boost|p1a: Archaludon|spa|1
|-anim|p1a: Archaludon|Electro Shot|p2b: Milotic
|-resisted|p2b: Milotic
|-damage|p2b: Milotic|67/100
|move|p2b: Milotic|Coil|p2b: Milotic
|-boost|p2b: Milotic|atk|1
|-boost|p2b: Milotic|def|1
|-boost|p2b: Milotic|accuracy|1
|
|-weather|RainDance|[upkeep]
|upkeep
|turn|4
|inactive|wittraid has 30 seconds left.
|
|t:|1756914142
|move|p2b: Milotic|Protect|p2b: Milotic
|-singleturn|p2b: Milotic|Protect
|move|p1a: Archaludon|Electro Shot||[still]
|-prepare|p1a: Archaludon|Electro Shot
|-boost|p1a: Archaludon|spa|1
|-anim|p1a: Archaludon|Electro Shot|p2b: Milotic
|-activate|p2b: Milotic|move: Protect
|move|p2a: Indeedee|Psychic|p1b: Pelipper
|-damage|p1b: Pelipper|41/100
|-unboost|p1b: Pelipper|spd|1
|move|p1b: Pelipper|Hurricane|p2b: Milotic
|-activate|p2b: Milotic|move: Protect
|
|-weather|RainDance|[upkeep]
|upkeep
|turn|5
|inactive|wittraid has 30 seconds left.
|
|t:|1756914170
|switch|p2a: Tyranitar|Tyranitar, L50, F|72/100
|-weather|Sandstorm|[from] ability: Sand Stream|[of] p2a: Tyranitar
|switch|p1b: Sinistcha|Sinistcha-Masterpiece, L50|100/100
|-heal|p1a: Archaludon|99/100|[from] ability: Hospitality|[of] p1b: Sinistcha
|-terastallize|p1a: Archaludon|Grass
|move|p1a: Archaludon|Dragon Pulse|p2b: Milotic
|-damage|p2b: Milotic|8/100
|-enditem|p2b: Milotic|Sitrus Berry|[eat]
|-heal|p2b: Milotic|33/100|[from] item: Sitrus Berry
|move|p2b: Milotic|Hypnosis|p1a: Archaludon
|-status|p1a: Archaludon|slp|[from] move: Hypnosis
|
|-weather|Sandstorm|[upkeep]
|-damage|p1a: Archaludon|93/100 slp|[from] Sandstorm
|-damage|p2b: Milotic|27/100|[from] Sandstorm
|-damage|p1b: Sinistcha|94/100|[from] Sandstorm
|-fieldend|move: Psychic Terrain
|upkeep
|turn|6
|inactive|ImAtWorkVGC has 30 seconds left.
|
|t:|1756914201
|cant|p1a: Archaludon|slp
|move|p2b: Milotic|Muddy Water|p1a: Archaludon|[spread] p1a,p1b
|-resisted|p1a: Archaludon
|-resisted|p1b: Sinistcha
|-damage|p1a: Archaludon|77/100 slp
|-damage|p1b: Sinistcha|67/100
|-unboost|p1b: Sinistcha|accuracy|1
|-ability|p1a: Archaludon|Stamina|boost
|-boost|p1a: Archaludon|def|1
|move|p1b: Sinistcha|Matcha Gotcha|p2a: Tyranitar|[spread] p2a
|-miss|p1b: Sinistcha|p2b: Milotic
|-supereffective|p2a: Tyranitar
|-damage|p2a: Tyranitar|54/100
|-heal|p1b: Sinistcha|78/100|[from] drain|[of] p2a: Tyranitar
|move|p2a: Tyranitar|Knock Off|p1a: Archaludon
|-damage|p1a: Archaludon|58/100 slp
|-ability|p1a: Archaludon|Stamina|boost
|-boost|p1a: Archaludon|def|1
|-enditem|p1a: Archaludon|Assault Vest|[from] move: Knock Off|[of] p2a: Tyranitar
|
|-weather|Sandstorm|[upkeep]
|-damage|p1a: Archaludon|52/100 slp|[from] Sandstorm
|-damage|p2b: Milotic|21/100|[from] Sandstorm
|-damage|p1b: Sinistcha|72/100|[from] Sandstorm
|upkeep
|turn|7
|
|t:|1756914224
|switch|p1b: Pelipper|Pelipper, L50, F|41/100
|-weather|RainDance|[from] ability: Drizzle|[of] p1b: Pelipper
|-curestatus|p1a: Archaludon|slp|[msg]
|move|p1a: Archaludon|Dragon Pulse|p2b: Milotic
|-damage|p2b: Milotic|0 fnt
|faint|p2b: Milotic
|move|p2a: Tyranitar|Knock Off|p1b: Pelipper
|-damage|p1b: Pelipper|0 fnt
|-enditem|p1b: Pelipper|Focus Sash|[from] move: Knock Off|[of] p2a: Tyranitar
|faint|p1b: Pelipper
|
|-weather|RainDance|[upkeep]
|upkeep
|
|t:|1756914242
|switch|p2b: Hatterene|Hatterene, L50, F|100/100
|switch|p1b: Sinistcha|Sinistcha-Masterpiece, L50|72/100
|-heal|p1a: Archaludon|77/100|[from] ability: Hospitality|[of] p1b: Sinistcha
|turn|8
|
|t:|1756914253
|switch|p2a: Indeedee|Indeedee-F, L50, F|100/100
|-fieldstart|move: Psychic Terrain|[from] ability: Psychic Surge|[of] p2a: Indeedee
|move|p2b: Hatterene|Protect|p2b: Hatterene
|-singleturn|p2b: Hatterene|Protect
|move|p1a: Archaludon|Electro Shot||[still]
|-prepare|p1a: Archaludon|Electro Shot
|-boost|p1a: Archaludon|spa|1
|-anim|p1a: Archaludon|Electro Shot|p2b: Hatterene
|-activate|p2b: Hatterene|move: Protect
|move|p1b: Sinistcha|Matcha Gotcha|p2b: Hatterene|[spread] p2a
|-activate|p2b: Hatterene|move: Protect
|-damage|p2a: Indeedee|78/100
|-heal|p1b: Sinistcha|83/100|[from] drain|[of] p2a: Indeedee
|
|-weather|RainDance|[upkeep]
|upkeep
|turn|9
|
|t:|1756914278
|switch|p2a: Tyranitar|Tyranitar, L50, F|54/100
|-weather|Sandstorm|[from] ability: Sand Stream|[of] p2a: Tyranitar
|move|p1a: Archaludon|Snarl|p2b: Hatterene|[spread] p2a,p2b
|-resisted|p2a: Tyranitar
|-damage|p2a: Tyranitar|47/100
|-damage|p2b: Hatterene|64/100
|-unboost|p2a: Tyranitar|spa|1
|-unboost|p2b: Hatterene|spa|1
|move|p1b: Sinistcha|Matcha Gotcha|p2a: Tyranitar|[spread] p2a,p2b
|-supereffective|p2a: Tyranitar
|-damage|p2a: Tyranitar|29/100
|-heal|p1b: Sinistcha|94/100|[from] drain|[of] p2a: Tyranitar
|-damage|p2b: Hatterene|42/100
|-heal|p1b: Sinistcha|100/100|[from] drain|[of] p2b: Hatterene
|-status|p2a: Tyranitar|brn
|move|p2b: Hatterene|Trick Room|p2b: Hatterene
|-fieldstart|move: Trick Room|[of] p2b: Hatterene
|
|-weather|Sandstorm|[upkeep]
|-damage|p2b: Hatterene|36/100|[from] Sandstorm
|-damage|p1b: Sinistcha|94/100|[from] Sandstorm
|-damage|p1a: Archaludon|71/100|[from] Sandstorm
|-damage|p2a: Tyranitar|23/100 brn|[from] brn
|upkeep
|turn|10
|
|t:|1756914302
|switch|p1b: Incineroar|Incineroar, L50, F|100/100
|-ability|p1b: Incineroar|Intimidate|boost
|-unboost|p2a: Tyranitar|atk|1
|-unboost|p2b: Hatterene|atk|1
|move|p2b: Hatterene|Expanding Force|p1b: Incineroar|[spread] p1a
|-immune|p1b: Incineroar
|-damage|p1a: Archaludon|16/100
|-ability|p1a: Archaludon|Stamina|boost
|-boost|p1a: Archaludon|def|1
|-damage|p2b: Hatterene|26/100|[from] item: Life Orb
|move|p2a: Tyranitar|Rock Slide|p1b: Incineroar|[spread] p1a,p1b
|-supereffective|p1b: Incineroar
|-damage|p1a: Archaludon|13/100
|-damage|p1b: Incineroar|84/100
|-ability|p1a: Archaludon|Stamina|boost
|-boost|p1a: Archaludon|def|1
|move|p1a: Archaludon|Snarl|p2a: Tyranitar|[spread] p2a,p2b
|-resisted|p2a: Tyranitar
|-damage|p2a: Tyranitar|16/100 brn
|-damage|p2b: Hatterene|0 fnt
|-unboost|p2a: Tyranitar|spa|1
|faint|p2b: Hatterene
|
|-weather|Sandstorm|[upkeep]
|-damage|p1a: Archaludon|7/100|[from] Sandstorm
|-damage|p2a: Tyranitar|11/100 brn|[from] brn
|upkeep
|
|t:|1756914312
|switch|p2b: Indeedee|Indeedee-F, L50, F|78/100
|turn|11
|-message|ImAtWorkVGC forfeited.
|
|win|wittraid
||ImAtWorkVGC is ready for game 2.
||wittraid is ready for game 2.
|uhtml|next|Next: Game 2 of 3
|l|☆ImAtWorkVGC
|player|p2|
