|j|☆andiom123
|j|☆GitanicodeRespeto
|html|andiom123GitanicodeRespeto    
|uhtml|bestof|Game 3 of a best-of-3
|t:|1783297696
|gametype|doubles
|player|p1|andiom123|red|1138
|player|p2|GitanicodeRespeto|hiker-gen4|1130
|gen|9
|tier|[Gen 9 Champions] VGC 2026 Reg M-B (Bo3)
|rated|
|rule|Species Clause: Limit one of each Pokémon
|rule|Item Clause: Limit 1 of each item
|clearpoke
|poke|p1|Incineroar, L50, M|
|poke|p1|Farigiraf, L50, F|
|poke|p1|Sylveon, L50, M|
|poke|p1|Torkoal, L50, M|
|poke|p1|Kangaskhan, L50, F|
|poke|p1|Mawile, L50, M|
|poke|p2|Ninetales, L50, M|
|poke|p2|Venusaur, L50, F|
|poke|p2|Aerodactyl, L50, F|
|poke|p2|Dragonite, L50, F|
|poke|p2|Sylveon, L50, F|
|poke|p2|Gallade, L50, M|
|teampreview|4
|showteam|p1|Incineroar||MuscleBand|Intimidate|ThroatChop,FlareBlitz,FakeOut,PartingShot|Brave||M|||50|]Farigiraf||SitrusBerry|ArmorTail|FoulPlay,PsychicNoise,TrickRoom,HelpingHand|Relaxed||F|||50|]Sylveon||LifeOrb|Pixilate|HyperVoice,HyperBeam,QuickAttack,Detect|Modest||M|||50|]Torkoal||Charcoal|Drought|Eruption,EarthPower,Flamethrower,Protect|Quiet||M|||50|]Kangaskhan||Kangaskhanite|Scrappy|DoubleEdge,FakeOut,IcePunch,HammerArm|Brave||F|||50|]Mawile||Mawilite|HyperCutter|RockSlide,PlayRough,SuckerPunch,Protect|Brave||M|||50|
|showteam|p2|Ninetales||ChoiceScarf|Drought|HeatWave,Overheat,BurningJealousy,SolarBeam|Modest||M|||50|]Venusaur||FocusSash|Chlorophyll|LeafStorm,SludgeBomb,EarthPower,SleepPowder|Modest||F|||50|]Aerodactyl||Aerodactylite|Unnerve|RockSlide,DualWingbeat,Tailwind,Protect|Jolly||F|||50|]Dragonite||LifeOrb|Multiscale|ExtremeSpeed,DragonClaw,IronTail,Protect|Adamant||F|||50|]Sylveon||FairyFeather|Pixilate|HyperVoice,CalmMind,QuickAttack,Protect|Modest||F|||50|]Gallade||ExpertBelt|Steadfast|SacredSword,PsychoCut,NightSlash,Protect|Adamant||M|||50|
|
|t:|1783297718
|teamsize|p1|4
|teamsize|p2|4
|start
|switch|p1a: Farigiraf|Farigiraf, L50, F|100/100
|switch|p1b: Kangaskhan|Kangaskhan, L50, F|100/100
|switch|p2a: Sylveon|Sylveon, L50, F|100/100
|switch|p2b: Gallade|Gallade, L50, M|100/100
|turn|1
|
|t:|1783297745
|detailschange|p1b: Kangaskhan|Kangaskhan-Mega, L50, F
|-mega|p1b: Kangaskhan|Kangaskhan|Kangaskhanite
|move|p2a: Sylveon|Protect|p2a: Sylveon
|-singleturn|p2a: Sylveon|Protect
|move|p1b: Kangaskhan|Fake Out|p2b: Gallade
|-damage|p2b: Gallade|71/100
|-damage|p2b: Gallade|64/100
|-hitcount|p2b: Gallade|2
|cant|p2b: Gallade|flinch
|-ability|p2b: Gallade|Steadfast|boost
|-boost|p2b: Gallade|spe|1
|move|p1a: Farigiraf|Trick Room|p1a: Farigiraf
|-fieldstart|move: Trick Room|[of] p1a: Farigiraf
|
|upkeep
|turn|2
|
|t:|1783297762
|move|p1a: Farigiraf|Psychic Noise|p2b: Gallade
|-damage|p2b: Gallade|32/100
|-start|p2b: Gallade|move: Heal Block
|move|p2a: Sylveon|Hyper Voice|p1a: Farigiraf|[spread] p1a,p1b
|-damage|p1a: Farigiraf|54/100
|-damage|p1b: Kangaskhan|57/100
|move|p1b: Kangaskhan|Double-Edge|p2a: Sylveon
|-damage|p2a: Sylveon|23/100
|-damage|p2a: Sylveon|1/100
|-hitcount|p2a: Sylveon|2
|-damage|p1b: Kangaskhan|27/100|[from] Recoil
|move|p2b: Gallade|Sacred Sword|p1b: Kangaskhan
|-supereffective|p1b: Kangaskhan|1
|-damage|p1b: Kangaskhan|0 fnt
|faint|p1b: Kangaskhan
|
|upkeep
|
|t:|1783297778
|switch|p1b: Torkoal|Torkoal, L50, M|100/100
|-weather|SunnyDay|[from] ability: Drought|[of] p1b: Torkoal
|turn|3
|
|t:|1783297784
|switch|p1a: Sylveon|Sylveon, L50, M|100/100
|move|p2a: Sylveon|Protect|p2a: Sylveon
|-singleturn|p2a: Sylveon|Protect
|move|p2b: Gallade|Protect|p2b: Gallade
|-singleturn|p2b: Gallade|Protect
|move|p1b: Torkoal|Eruption|p2b: Gallade|[spread] 
|-activate|p2a: Sylveon|move: Protect
|-activate|p2b: Gallade|move: Protect
|
|-weather|SunnyDay|[upkeep]
|-end|p2b: Gallade|move: Heal Block
|upkeep
|turn|4
|
|t:|1783297810
|move|p2a: Sylveon|Quick Attack|p1b: Torkoal
|-resisted|p1b: Torkoal|1
|-damage|p1b: Torkoal|94/100
|move|p1b: Torkoal|Eruption|p2a: Sylveon|[spread] p2a,p2b
|-damage|p2a: Sylveon|0 fnt
|-damage|p2b: Gallade|0 fnt
|faint|p2a: Sylveon
|faint|p2b: Gallade
|move|p1a: Sylveon|Hyper Voice|p2: Sylveon|[notarget]
|-fail|p1a: Sylveon
|
|-weather|SunnyDay|[upkeep]
|upkeep
|
|t:|1783297818
|switch|p2a: Aerodactyl|Aerodactyl, L50, F|100/100
|switch|p2b: Dragonite|Dragonite, L50, F|100/100
|-ability|p2a: Aerodactyl|Unnerve
|turn|5
|
|t:|1783297828
|switch|p1b: Farigiraf|Farigiraf, L50, F|54/100
|move|p2b: Dragonite|Protect|p2b: Dragonite
|-singleturn|p2b: Dragonite|Protect
|move|p2a: Aerodactyl|Protect|p2a: Aerodactyl
|-singleturn|p2a: Aerodactyl|Protect
|move|p1a: Sylveon|Hyper Voice|p2b: Dragonite|[spread] 
|-activate|p2a: Aerodactyl|move: Protect
|-activate|p2b: Dragonite|move: Protect
|
|-weather|SunnyDay|[upkeep]
|-fieldend|move: Trick Room
|upkeep
|turn|6
|
|t:|1783297849
|detailschange|p2a: Aerodactyl|Aerodactyl-Mega, L50, F
|-mega|p2a: Aerodactyl|Aerodactyl|Aerodactylite
|move|p1b: Farigiraf|Helping Hand|p1a: Sylveon
|-singleturn|p1a: Sylveon|Helping Hand|[of] p1b: Farigiraf
|move|p2a: Aerodactyl|Dual Wingbeat|p1b: Farigiraf
|-damage|p1b: Farigiraf|33/100
|-enditem|p1b: Farigiraf|Sitrus Berry|[eat]
|-heal|p1b: Farigiraf|58/100|[from] item: Sitrus Berry
|-damage|p1b: Farigiraf|36/100
|-hitcount|p1b: Farigiraf|2
|move|p2b: Dragonite|Iron Tail|p1a: Sylveon
|-supereffective|p1a: Sylveon|1
|-damage|p1a: Sylveon|3/100
|-damage|p2b: Dragonite|90/100|[from] item: Life Orb
|move|p1a: Sylveon|Hyper Voice|p2a: Aerodactyl|[spread] p2a,p2b
|-supereffective|p2b: Dragonite|1
|-damage|p2a: Aerodactyl|17/100
|-damage|p2b: Dragonite|0 fnt
|faint|p2b: Dragonite
|-damage|p1a: Sylveon|0 fnt|[from] item: Life Orb
|faint|p1a: Sylveon
|
|-weather|SunnyDay|[upkeep]
|upkeep
|
|t:|1783297868
|switch|p1a: Torkoal|Torkoal, L50, M|94/100
|turn|7
|
|t:|1783297881
|move|p2a: Aerodactyl|Rock Slide|p1a: Torkoal|[spread] p1a,p1b
|-supereffective|p1a: Torkoal|1
|-damage|p1a: Torkoal|47/100
|-damage|p1b: Farigiraf|14/100
|move|p1a: Torkoal|Flamethrower|p2a: Aerodactyl
|-resisted|p2a: Aerodactyl|1
|-crit|p2a: Aerodactyl
|-damage|p2a: Aerodactyl|0 fnt
|faint|p2a: Aerodactyl
|
|win|andiom123
|raw|andiom123's rating: 1138 → 1162(+24 for winning)
|raw|GitanicodeRespeto's rating: 1130 → 1106(-24 for losing)
|l|☆GitanicodeRespeto
|player|p2|
