|j|☆liamvgc1
|j|☆Crystneel
|html|liamvgc1Crystneel    
|uhtml|bestof|Game 1 of a best-of-3
|t:|1757164957
|gametype|doubles
|player|p1|liamvgc1|102|1238
|player|p2|Crystneel|ethan|1200
|gen|9
|tier|[Gen 9] VGC 2025 Reg H (Bo3)
|rated|
|rule|Species Clause: Limit one of each Pokémon
|rule|Item Clause: Limit 1 of each item
|clearpoke
|poke|p1|Typhlosion-Hisui, L50, F|
|poke|p1|Whimsicott, L50, F|
|poke|p1|Garchomp, L50, F|
|poke|p1|Annihilape, L50, M|
|poke|p1|Amoonguss, L50, M|
|poke|p1|Ursaluna-Bloodmoon, L50, M|
|poke|p2|Volcarona, L50, F|
|poke|p2|Electabuzz, L50, M|
|poke|p2|Sneasler, L50, F|
|poke|p2|Rillaboom, L50, F|
|poke|p2|Dragonite, L50, F|
|poke|p2|Ursaluna-Bloodmoon, L50, M|
|teampreview|4
|showteam|p1|Typhlosion-Hisui||ChoiceSpecs|Blaze|Eruption,HeatWave,Flamethrower,ShadowBall|||F|||50|,,,,,Fire]Whimsicott||CovertCloak|Prankster|SunnyDay,Tailwind,Encore,Moonblast|||F|||50|,,,,,Dark]Garchomp||LifeOrb|RoughSkin|Earthquake,StompingTantrum,DragonClaw,Protect|||F|||50|,,,,,Ground]Annihilape||SafetyGoggles|Defiant|CloseCombat,RageFist,FinalGambit,Protect|||M|||50|,,,,,Water]Amoonguss||SitrusBerry|EffectSpore|RagePowder,Spore,Protect,SludgeBomb|||M|||50|,,,,,Water]Ursaluna-Bloodmoon||AssaultVest|MindsEye|BloodMoon,HyperVoice,EarthPower,VacuumWave|||M|||50|,,,,,Water
|showteam|p2|Volcarona||Leftovers|FlameBody|FieryDance,QuiverDance,GigaDrain,Protect|||F|||50|,,,,,Water]Electabuzz||Eviolite|Static|FollowMe,Electroweb,VoltSwitch,Taunt|||M|||50|,,,,,Fairy]Sneasler||GrassySeed|Unburden|DireClaw,CloseCombat,ThroatChop,Protect|||F|||50|,,,,,Dark]Rillaboom||AssaultVest|GrassySurge|FakeOut,GrassyGlide,WoodHammer,Uturn|||F|||50|,,,,,Fire]Dragonite||LoadedDice|Multiscale|ExtremeSpeed,ScaleShot,IceSpinner,LowKick|||F|||50|,,,,,Normal]Ursaluna-Bloodmoon||ThroatSpray|MindsEye|BloodMoon,HyperVoice,EarthPower,Protect|||M|||50|,,,,,Poison
|inactive|Battle timer is ON: inactive players will automatically lose when time's up. (requested by liamvgc1)
|inactive|Crystneel has 60 seconds left.
|
|t:|1757164995
|teamsize|p1|4
|teamsize|p2|4
|start
|switch|p1a: Whimsicott|Whimsicott, L50, F|100/100
|switch|p1b: Typhlosion|Typhlosion-Hisui, L50, F|100/100
|switch|p2a: Sneasler|Sneasler, L50, F|100/100
|switch|p2b: Electabuzz|Electabuzz, L50, M|100/100
|turn|1
|
|t:|1757165005
|switch|p2b: Rillaboom|Rillaboom, L50, F|100/100
|-fieldstart|move: Grassy Terrain|[from] ability: Grassy Surge|[of] p2b: Rillaboom
|-enditem|p2a: Sneasler|Grassy Seed
|-boost|p2a: Sneasler|def|1|[from] item: Grassy Seed
|-terastallize|p1b: Typhlosion|Fire
|move|p1a: Whimsicott|Sunny Day|p1a: Whimsicott
|-weather|SunnyDay
|move|p2a: Sneasler|Throat Chop|p1b: Typhlosion
|-damage|p1b: Typhlosion|61/100
|-start|p1b: Typhlosion|Throat Chop|[silent]
|move|p1b: Typhlosion|Heat Wave|p2b: Rillaboom|[spread] p2a
|-miss|p1b: Typhlosion|p2b: Rillaboom
|-damage|p2a: Sneasler|0 fnt
|faint|p2a: Sneasler
|
|-weather|SunnyDay|[upkeep]
|-heal|p1b: Typhlosion|67/100|[from] Grassy Terrain
|upkeep
|
|t:|1757165024
|switch|p2a: Volcarona|Volcarona, L50, F|100/100
|turn|2
|
|t:|1757165034
|switch|p1b: Garchomp|Garchomp, L50, F|100/100
|move|p2b: Rillaboom|Fake Out|p1b: Garchomp
|-damage|p1b: Garchomp|86/100
|-damage|p2b: Rillaboom|88/100|[from] ability: Rough Skin|[of] p1b: Garchomp
|move|p1a: Whimsicott|Tailwind|p1a: Whimsicott
|-sidestart|p1: liamvgc1|move: Tailwind
|move|p2a: Volcarona|Quiver Dance|p2a: Volcarona
|-boost|p2a: Volcarona|spa|1
|-boost|p2a: Volcarona|spd|1
|-boost|p2a: Volcarona|spe|1
|
|-weather|SunnyDay|[upkeep]
|-heal|p1b: Garchomp|92/100|[from] Grassy Terrain
|-heal|p2b: Rillaboom|94/100|[from] Grassy Terrain
|upkeep
|turn|3
|
|t:|1757165044
|move|p1a: Whimsicott|Encore|p2a: Volcarona
|-start|p2a: Volcarona|Encore
|move|p2b: Rillaboom|Grassy Glide|p1b: Garchomp
|-damage|p1b: Garchomp|53/100
|-damage|p2b: Rillaboom|82/100|[from] ability: Rough Skin|[of] p1b: Garchomp
|move|p1b: Garchomp|Dragon Claw|p2b: Rillaboom
|-damage|p2b: Rillaboom|25/100
|-damage|p1b: Garchomp|43/100|[from] item: Life Orb
|move|p2a: Volcarona|Quiver Dance|p2a: Volcarona
|-boost|p2a: Volcarona|spa|1
|-boost|p2a: Volcarona|spd|1
|-boost|p2a: Volcarona|spe|1
|
|-weather|SunnyDay|[upkeep]
|-heal|p1b: Garchomp|49/100|[from] Grassy Terrain
|-heal|p2b: Rillaboom|31/100|[from] Grassy Terrain
|upkeep
|turn|4
|
|t:|1757165059
|switch|p2b: Electabuzz|Electabuzz, L50, M|100/100
|move|p1a: Whimsicott|Moonblast|p2a: Volcarona
|-resisted|p2a: Volcarona
|-damage|p2a: Volcarona|94/100
|move|p1b: Garchomp|Dragon Claw|p2b: Electabuzz
|-damage|p2b: Electabuzz|45/100
|-status|p1b: Garchomp|par|[from] ability: Static|[of] p2b: Electabuzz
|-damage|p1b: Garchomp|40/100 par|[from] item: Life Orb
|move|p2a: Volcarona|Quiver Dance|p2a: Volcarona
|-boost|p2a: Volcarona|spa|1
|-boost|p2a: Volcarona|spd|1
|-boost|p2a: Volcarona|spe|1
|
|-weather|SunnyDay|[upkeep]
|-heal|p2a: Volcarona|99/100|[from] Grassy Terrain
|-heal|p2a: Volcarona|100/100|[from] item: Leftovers
|-heal|p1b: Garchomp|46/100 par|[from] Grassy Terrain
|-heal|p2b: Electabuzz|51/100|[from] Grassy Terrain
|upkeep
|turn|5
|
|t:|1757165071
|move|p2b: Electabuzz|Follow Me|p2b: Electabuzz
|-singleturn|p2b: Electabuzz|move: Follow Me
|move|p2a: Volcarona|Quiver Dance|p2a: Volcarona
|-boost|p2a: Volcarona|spa|1
|-boost|p2a: Volcarona|spd|1
|-boost|p2a: Volcarona|spe|1
|move|p1a: Whimsicott|Moonblast|p2b: Electabuzz
|-damage|p2b: Electabuzz|33/100
|-unboost|p2b: Electabuzz|spa|1
|cant|p1b: Garchomp|par
|
|-weather|none
|-heal|p1b: Garchomp|52/100 par|[from] Grassy Terrain
|-heal|p2b: Electabuzz|39/100|[from] Grassy Terrain
|-end|p2a: Volcarona|Encore
|-sideend|p1: liamvgc1|move: Tailwind
|-fieldend|move: Grassy Terrain
|upkeep
|turn|6
|
|t:|1757165087
|move|p2b: Electabuzz|Follow Me|p2b: Electabuzz
|-singleturn|p2b: Electabuzz|move: Follow Me
|move|p1a: Whimsicott|Tailwind|p1a: Whimsicott
|-sidestart|p1: liamvgc1|move: Tailwind
|move|p2a: Volcarona|Fiery Dance|p1a: Whimsicott
|-supereffective|p1a: Whimsicott
|-damage|p1a: Whimsicott|0 fnt
|-boost|p2a: Volcarona|spa|1
|faint|p1a: Whimsicott
|move|p1b: Garchomp|Earthquake|p2a: Volcarona|[spread] p2a,p2b
|-supereffective|p2b: Electabuzz
|-damage|p2a: Volcarona|41/100
|-damage|p2b: Electabuzz|0 fnt
|faint|p2b: Electabuzz
|-damage|p1b: Garchomp|42/100 par|[from] item: Life Orb
|
|-heal|p2a: Volcarona|47/100|[from] item: Leftovers
|upkeep
|
|t:|1757165098
|switch|p1a: Typhlosion|Typhlosion-Hisui, L50, F, tera:Fire|67/100
|switch|p2b: Rillaboom|Rillaboom, L50, F|31/100
|-fieldstart|move: Grassy Terrain|[from] ability: Grassy Surge|[of] p2b: Rillaboom
|turn|7
|
|t:|1757165106
|move|p2b: Rillaboom|Fake Out|p1a: Typhlosion
|-damage|p1a: Typhlosion|43/100
|move|p2a: Volcarona|Giga Drain|p1b: Garchomp
|-damage|p1b: Garchomp|0 fnt
|-heal|p2a: Volcarona|66/100|[from] drain|[of] p1b: Garchomp
|faint|p1b: Garchomp
|cant|p1a: Typhlosion|flinch
|
|-heal|p2a: Volcarona|72/100|[from] Grassy Terrain
|-heal|p2a: Volcarona|78/100|[from] item: Leftovers
|-heal|p1a: Typhlosion|49/100|[from] Grassy Terrain
|-heal|p2b: Rillaboom|37/100|[from] Grassy Terrain
|upkeep
|-message|liamvgc1 forfeited.
|
|win|Crystneel
|l|☆liamvgc1
|player|p1|
||liamvgc1 is ready for game 2.
|inactive|Crystneel has 30 seconds to confirm battle start!
