|j|☆ZieCE
|j|☆KZshin7
|html|ZieCEKZshin7    
|uhtml|bestof|Game 1 of a best-of-3
|t:|1784878679
|gametype|doubles
|player|p1|ZieCE|101|1000
|player|p2|KZshin7|170|1040
|gen|9
|tier|[Gen 9 Champions] VGC 2026 Reg M-B (Bo3)
|rated|
|rule|Species Clause: Limit one of each Pokémon
|rule|Item Clause: Limit 1 of each item
|clearpoke
|poke|p1|Talonflame, L50, F|
|poke|p1|Gholdengo, L50|
|poke|p1|Tyranitar, L50, F|
|poke|p1|Sylveon, L50, F|
|poke|p1|Rotom-Wash, L50|
|poke|p1|Mamoswine, L50, F|
|poke|p2|Garchomp, L50, M|
|poke|p2|Venusaur, L50, M|
|poke|p2|Incineroar, L50, F|
|poke|p2|Charizard, L50, M|
|poke|p2|Toxapex, L50, F|
|poke|p2|Annihilape, L50, F|
|teampreview|4
|showteam|p1|Talonflame||LifeOrb|GaleWings|BraveBird,Tailwind,Protect,QuickGuard|Jolly||F|||50|]Gholdengo||SpellTag|GoodasGold|MakeItRain,NastyPlot,ShadowBall,Protect|Modest|||||50|]Tyranitar||Tyranitarite|SandStream|BrickBreak,KnockOff,RockSlide,Protect|Adamant||F|||50|]Sylveon||FairyFeather|Pixilate|HyperVoice,Yawn,HyperBeam,Detect|Modest||F|||50|]Rotom-Wash||Magnet|Levitate|Thunderbolt,WillOWisp,Protect,HydroPump|Modest|||||50|]Mamoswine||FocusSash|Oblivious|IceShard,Earthquake,Protect,IcicleCrash|Jolly||F|||50|
|showteam|p2|Garchomp||ChoiceScarf|RoughSkin|Earthquake,RockSlide,DragonClaw,StompingTantrum|Adamant||M|||50|]Venusaur||LifeOrb|Chlorophyll|SludgeBomb,SolarBeam,EarthPower,Protect|Modest||M|||50|]Incineroar||SitrusBerry|Intimidate|FakeOut,FlareBlitz,ThroatChop,PartingShot|Impish||F|||50|]Charizard||CharizarditeY|Blaze|HeatWave,WeatherBall,Protect,HelpingHand|Modest||M|||50|]Toxapex||Leftovers|Regenerator|Infestation,Toxic,WideGuard,BanefulBunker|Impish||F|||50|]Annihilape||FocusSash|Defiant|CloseCombat,PhantomForce,RockTomb,Protect|Jolly||F|||50|
|inactive|Battle timer is ON: inactive players will automatically lose when time's up. (requested by KZshin7)
|
|t:|1784878776
|teamsize|p1|4
|teamsize|p2|4
|start
|switch|p1a: Tyranitar|Tyranitar, L50, F|100/100
|switch|p1b: Mamoswine|Mamoswine, L50, F|100/100
|switch|p2a: Charizard|Charizard, L50, M|100/100
|switch|p2b: Venusaur|Venusaur, L50, M|100/100
|-weather|Sandstorm|[from] ability: Sand Stream|[of] p1a: Tyranitar
|turn|1
|
|t:|1784878797
|move|p1b: Mamoswine|Protect|p1b: Mamoswine
|-singleturn|p1b: Mamoswine|Protect
|move|p2a: Charizard|Protect|p2a: Charizard
|-singleturn|p2a: Charizard|Protect
|move|p2b: Venusaur|Protect|p2b: Venusaur
|-singleturn|p2b: Venusaur|Protect
|move|p1a: Tyranitar|Protect||[still]
|-fail|p1a: Tyranitar
|
|-weather|Sandstorm|[upkeep]
|-damage|p2a: Charizard|93/100|[from] Sandstorm
|-damage|p2b: Venusaur|94/100|[from] Sandstorm
|upkeep
|turn|2
|
|t:|1784878823
|switch|p2a: Annihilape|Annihilape, L50, F|100/100
|switch|p2b: Toxapex|Toxapex, L50, F|100/100
|detailschange|p1a: Tyranitar|Tyranitar-Mega, L50, F
|-mega|p1a: Tyranitar|Tyranitar|Tyranitarite
|move|p1b: Mamoswine|Icicle Crash|p2b: Toxapex
|-resisted|p2b: Toxapex|1
|-damage|p2b: Toxapex|83/100
|move|p1a: Tyranitar|Rock Slide|p2a: Annihilape|[spread] p2a
|-miss|p1a: Tyranitar|p2b: Toxapex
|-resisted|p2a: Annihilape|1
|-damage|p2a: Annihilape|78/100
|
|-weather|Sandstorm|[upkeep]
|-damage|p2a: Annihilape|72/100|[from] Sandstorm
|-damage|p2b: Toxapex|77/100|[from] Sandstorm
|-heal|p2b: Toxapex|83/100|[from] item: Leftovers
|upkeep
|turn|3
|inactive|KZshin7 has 30 seconds left.
|inactive|KZshin7 has 20 seconds left.
|inactive|KZshin7 has 15 seconds left.
|
|t:|1784878866
|switch|p1a: Rotom|Rotom-Wash, L50|100/100
|move|p2b: Toxapex|Wide Guard|p2b: Toxapex
|-singleturn|p2b: Toxapex|Wide Guard
|move|p2a: Annihilape|Rock Tomb|p1b: Mamoswine|[miss]
|-miss|p2a: Annihilape|p1b: Mamoswine
|move|p1b: Mamoswine|Earthquake|p2a: Annihilape|[spread] 
|-activate|p2a: Annihilape|move: Wide Guard
|-activate|p2b: Toxapex|move: Wide Guard
|-immune|p1a: Rotom|[from] ability: Levitate
|
|-weather|Sandstorm|[upkeep]
|-damage|p2a: Annihilape|67/100|[from] Sandstorm
|-damage|p1a: Rotom|94/100|[from] Sandstorm
|-damage|p2b: Toxapex|77/100|[from] Sandstorm
|-heal|p2b: Toxapex|83/100|[from] item: Leftovers
|upkeep
|turn|4
|inactive|ZieCE has 30 seconds left.
|inactive|KZshin7 has 30 seconds left.
|inactive|KZshin7 has 20 seconds left.
|inactive|KZshin7 has 15 seconds left.
|inactive|KZshin7 has 10 seconds left.
|
|t:|1784878914
|move|p1b: Mamoswine|Protect|p1b: Mamoswine
|-singleturn|p1b: Mamoswine|Protect
|move|p2a: Annihilape|Rock Tomb|p1a: Rotom
|-damage|p1a: Rotom|75/100
|-unboost|p1a: Rotom|spe|1
|move|p1a: Rotom|Thunderbolt|p2b: Toxapex
|-supereffective|p2b: Toxapex|1
|-damage|p2b: Toxapex|17/100
|move|p2b: Toxapex|Toxic|p1b: Mamoswine
|-activate|p1b: Mamoswine|move: Protect
|
|-weather|Sandstorm|[upkeep]
|-damage|p2a: Annihilape|61/100|[from] Sandstorm
|-damage|p1a: Rotom|69/100|[from] Sandstorm
|-damage|p2b: Toxapex|11/100|[from] Sandstorm
|-heal|p2b: Toxapex|17/100|[from] item: Leftovers
|upkeep
|turn|5
|
|t:|1784878938
|move|p2b: Toxapex|Baneful Bunker|p2b: Toxapex
|-singleturn|p2b: Toxapex|move: Protect
|move|p2a: Annihilape|Phantom Force||[still]
|-prepare|p2a: Annihilape|Phantom Force
|move|p1b: Mamoswine|Earthquake|p2b: Toxapex|[spread] 
|-miss|p1b: Mamoswine|p2a: Annihilape
|-activate|p2b: Toxapex|move: Protect
|-immune|p1a: Rotom|[from] ability: Levitate
|move|p1a: Rotom|Will-O-Wisp|p2a: Annihilape|[miss]
|-miss|p1a: Rotom|p2a: Annihilape
|
|-weather|none
|-heal|p2b: Toxapex|22/100|[from] item: Leftovers
|upkeep
|turn|6
|inactive|ZieCE has 30 seconds left.
|
|t:|1784878963
|-heal|p2b: Toxapex|56/100|[from] ability: Regenerator|[silent]
|switch|p2b: Venusaur|Venusaur, L50, M|94/100
|move|p2a: Annihilape|Phantom Force|p1a: Rotom|[from] lockedmove
|-damage|p1a: Rotom|25/100
|move|p1b: Mamoswine|Earthquake|p2b: Venusaur|[spread] p2a,p2b
|-immune|p1a: Rotom|[from] ability: Levitate
|-damage|p2a: Annihilape|18/100
|-damage|p2b: Venusaur|50/100g
|move|p1a: Rotom|Thunderbolt|p2b: Venusaur
|-resisted|p2b: Venusaur|1
|-damage|p2b: Venusaur|23/100
|
|upkeep
|turn|7
|
|t:|1784878987
|switch|p2a: Charizard|Charizard, L50, M|93/100
|move|p2b: Venusaur|Protect|p2b: Venusaur
|-singleturn|p2b: Venusaur|Protect
|move|p1b: Mamoswine|Ice Shard|p2b: Venusaur
|-activate|p2b: Venusaur|move: Protect
|move|p1a: Rotom|Thunderbolt|p2a: Charizard
|-supereffective|p2a: Charizard|1
|-damage|p2a: Charizard|0 fnt
|faint|p2a: Charizard
|
|upkeep
|
|t:|1784878998
|switch|p2a: Annihilape|Annihilape, L50, F|18/100
|turn|8
|
|t:|1784879007
|move|p1b: Mamoswine|Ice Shard|p2a: Annihilape
|-damage|p2a: Annihilape|0 fnt
|faint|p2a: Annihilape
|move|p2b: Venusaur|Earth Power|p1b: Mamoswine
|-damage|p1b: Mamoswine|43/100
|-damage|p2b: Venusaur|13/100|[from] item: Life Orb
|move|p1a: Rotom|Thunderbolt|p2b: Venusaur
|-resisted|p2b: Venusaur|1
|-damage|p2b: Venusaur|0 fnt
|faint|p2b: Venusaur
|
|upkeep
|
|t:|1784879030
|switch|p2a: Toxapex|Toxapex, L50, F|56/100
|turn|9
|
|t:|1784879044
|move|p2a: Toxapex|Wide Guard|p2a: Toxapex
|-singleturn|p2a: Toxapex|Wide Guard
|move|p1b: Mamoswine|Earthquake|p2a: Toxapex|[spread] 
|-activate|p2a: Toxapex|move: Wide Guard
|-immune|p1a: Rotom|[from] ability: Levitate
|move|p1a: Rotom|Thunderbolt|p2a: Toxapex
|-supereffective|p2a: Toxapex|1
|-damage|p2a: Toxapex|0 fnt
|faint|p2a: Toxapex
|
|win|ZieCE
|inactive|ZieCE has 30 seconds to confirm battle start!
|inactive|KZshin7 has 30 seconds to confirm battle start!
|l|☆KZshin7
|player|p2|
|j|☆KZshin7
|player|p2|KZshin7|170|
|inactive|ZieCE has 20 seconds to confirm battle start!
|inactive|KZshin7 has 20 seconds to confirm battle start!
|l|☆KZshin7
|player|p2|
||KZshin7 is ready for game 2.
||ZieCE is ready for game 2.
|uhtml|next|Next: Game 2 of 3
