|j|â˜†Pauliii23
|j|â˜†TobiYume
|html|Pauliii23TobiYume    
|uhtml|bestof|Game 2 of a best-of-3
|t:|1756724995
|gametype|doubles
|player|p1|Pauliii23|102|
|player|p2|TobiYume|roxie|
|gen|9
|tier|[Gen 9] VGC 2025 Reg H (Bo3)
|rule|Species Clause: Limit one of each PokÃ©mon
|rule|Item Clause: Limit 1 of each item
|clearpoke
|poke|p1|Archaludon, L50, M|
|poke|p1|Pelipper, L50, F|
|poke|p1|Basculegion, L50, M|
|poke|p1|Dragapult, L50, M|
|poke|p1|Sinistcha, L50|
|poke|p1|Ursaluna-Bloodmoon, L50, M|
|poke|p2|Decidueye-Hisui, L50, M|
|poke|p2|Sylveon, L50, F|
|poke|p2|Talonflame, L50, F|
|poke|p2|Tyranitar, L50, M|
|poke|p2|Garchomp, L50, M|
|poke|p2|Gholdengo, L50|
|teampreview|4
|showteam|p1|Archaludon||AssaultVest|Stamina|ElectroShot,FlashCannon,BodyPress,DracoMeteor|||M|||50|,,,,,Grass]Pelipper||FocusSash|Drizzle|Hurricane,WeatherBall,WideGuard,Tailwind|||F|||50|,,,,,Ghost]Basculegion||MysticWater|SwiftSwim|LastRespects,Protect,WaveCrash,AquaJet|||M|||50|,,,,,Water]Dragapult||ChoiceBand|ClearBody|DragonDarts,Outrage,PhantomForce,Uturn|||M|||50|,,,,,Dragon]Sinistcha||SitrusBerry|Hospitality|TrickRoom,MatchaGotcha,LifeDew,RagePowder||||||50|,,,,,Steel]Ursaluna-Bloodmoon||LifeOrb|MindsEye|HyperVoice,BloodMoon,EarthPower,Protect|||M|||50|,,,,,Grass
|showteam|p2|Decidueye-Hisui||RazorClaw|Scrappy|TripleArrows,LeafBlade,SuckerPunch,Protect|||M|||50|,,,,,Fire]Sylveon||ThroatSpray|Pixilate|HyperVoice,HyperBeam,TeraBlast,Protect|||F|||50|,,,,,Water]Talonflame||CovertCloak|GaleWings|Tailwind,WillOWisp,BraveBird,Taunt|||F|||50|,,,,,Grass]Tyranitar||AssaultVest|SandStream|RockSlide,KnockOff,TeraBlast,LowKick|||M|||50|,,,,,Flying]Garchomp||LifeOrb|RoughSkin|DragonClaw,StompingTantrum,Earthquake,Protect|||M|||50|,,,,,Steel]Gholdengo||Leftovers|GoodasGold|MakeItRain,ShadowBall,NastyPlot,Protect||||||50|,,,,,Dragon
|
|t:|1756725008
|teamsize|p1|4
|teamsize|p2|4
|start
|switch|p1a: Privatsache|Archaludon, L50, M|100/100
|switch|p1b: PelipperLP|Pelipper, L50, F|100/100
|switch|p2a: Elie|Talonflame, L50, F|100/100
|switch|p2b: Kevin|Decidueye-Hisui, L50, M, shiny|100/100
|-weather|RainDance|[from] ability: Drizzle|[of] p1b: PelipperLP
|turn|1
|
|t:|1756725057
|switch|p2b: Randy|Tyranitar, L50, M|100/100
|-weather|Sandstorm|[from] ability: Sand Stream|[of] p2b: Randy
|move|p2a: Elie|Taunt|p1b: PelipperLP
|-start|p1b: PelipperLP|move: Taunt
|move|p1b: PelipperLP|Hurricane|p2b: Randy
|-resisted|p2b: Randy
|-damage|p2b: Randy|91/100
|move|p1a: Privatsache|Electro Shot||[still]
|-prepare|p1a: Privatsache|Electro Shot
|-boost|p1a: Privatsache|spa|1
|
|-weather|Sandstorm|[upkeep]
|-damage|p2a: Elie|94/100|[from] Sandstorm
|-damage|p1b: PelipperLP|95/100|[from] Sandstorm
|upkeep
|turn|2
|
|t:|1756725072
|switch|p1b: Suppenschluk|Sinistcha, L50|100/100
|move|p2a: Elie|Will-O-Wisp|p1a: Privatsache
|-status|p1a: Privatsache|brn
|move|p1a: Privatsache|Electro Shot|p2a: Elie|[from] lockedmove
|-supereffective|p2a: Elie
|-damage|p2a: Elie|0 fnt
|faint|p2a: Elie
|move|p2b: Randy|Knock Off|p1a: Privatsache
|-crit|p1a: Privatsache
|-damage|p1a: Privatsache|47/100 brn
|-ability|p1a: Privatsache|Stamina|boost
|-boost|p1a: Privatsache|def|1
|-enditem|p1a: Privatsache|Assault Vest|[from] move: Knock Off|[of] p2b: Randy
|
|-weather|Sandstorm|[upkeep]
|-damage|p1b: Suppenschluk|94/100|[from] Sandstorm
|-damage|p1a: Privatsache|41/100 brn|[from] brn
|upkeep
|
|t:|1756725084
|switch|p2a: Kevin|Decidueye-Hisui, L50, M, shiny|100/100
|turn|3
|c|â˜†Pauliii23|wie kriegt man suppenschluk eigentlich in game
|c|â˜†TobiYume|der chillt in kitakami
|c|â˜†Pauliii23|ah
|
|t:|1756725113
|switch|p1a: PelipperLP|Pelipper, L50, F|95/100
|-weather|RainDance|[from] ability: Drizzle|[of] p1a: PelipperLP
|move|p2a: Kevin|Triple Arrows|p1a: PelipperLP
|-resisted|p1a: PelipperLP
|-crit|p1a: PelipperLP
|-damage|p1a: PelipperLP|48/100
|-unboost|p1a: PelipperLP|def|1
|move|p2b: Randy|Knock Off|p1b: Suppenschluk
|-supereffective|p1b: Suppenschluk
|-damage|p1b: Suppenschluk|12/100
|-enditem|p1b: Suppenschluk|Sitrus Berry|[from] move: Knock Off|[of] p2b: Randy
|move|p1b: Suppenschluk|Matcha Gotcha|p2b: Randy|[spread] p2a,p2b
|-resisted|p2a: Kevin
|-supereffective|p2b: Randy
|-damage|p2a: Kevin|87/100
|-heal|p1b: Suppenschluk|19/100|[from] drain|[of] p2a: Kevin
|-damage|p2b: Randy|60/100
|-heal|p1b: Suppenschluk|36/100|[from] drain|[of] p2b: Randy
|
|-weather|RainDance|[upkeep]
|upkeep
|turn|4
|c|â˜†TobiYume|und dann musste halt so ne tasse finden und mit der entwickelt der sich dann
|c|â˜†Pauliii23|ich hoffe du holst die 1% seltene form
|c|â˜†TobiYume|schauen wir mal
|
|t:|1756725171
|move|p2a: Kevin|Sucker Punch||[still]
|-fail|p2a: Kevin
|move|p1a: PelipperLP|Tailwind|p1a: PelipperLP
|-sidestart|p1: Pauliii23|move: Tailwind
|move|p1b: Suppenschluk|Matcha Gotcha|p2a: Kevin|[spread] p2a,p2b
|-resisted|p2a: Kevin
|-supereffective|p2b: Randy
|-damage|p2a: Kevin|72/100
|-heal|p1b: Suppenschluk|43/100|[from] drain|[of] p2a: Kevin
|-damage|p2b: Randy|32/100
|-heal|p1b: Suppenschluk|58/100|[from] drain|[of] p2b: Randy
|move|p2b: Randy|Rock Slide|p1b: Suppenschluk|[spread] p1b
|-miss|p2b: Randy|p1a: PelipperLP
|-damage|p1b: Suppenschluk|31/100
|
|-weather|RainDance|[upkeep]
|upkeep
|turn|5
|
|t:|1756725197
|switch|p1a: Privatsache|Archaludon, L50, M|41/100 brn
|switch|p2b: Wazy|Gholdengo, L50|100/100
|move|p2a: Kevin|Protect|p2a: Kevin
|-singleturn|p2a: Kevin|Protect
|move|p1b: Suppenschluk|Matcha Gotcha|p2b: Wazy|[spread] p2b
|-activate|p2a: Kevin|move: Protect
|-resisted|p2b: Wazy
|-damage|p2b: Wazy|88/100
|-heal|p1b: Suppenschluk|38/100|[from] drain|[of] p2b: Wazy
|
|-weather|RainDance|[upkeep]
|-heal|p2b: Wazy|94/100|[from] item: Leftovers
|-damage|p1a: Privatsache|35/100 brn|[from] brn
|upkeep
|turn|6
|
|t:|1756725218
|switch|p2a: Randy|Tyranitar, L50, M|32/100
|-weather|Sandstorm|[from] ability: Sand Stream|[of] p2a: Randy
|move|p1a: Privatsache|Electro Shot||[still]
|-prepare|p1a: Privatsache|Electro Shot
|-boost|p1a: Privatsache|spa|1
|move|p1b: Suppenschluk|Life Dew|p1b: Suppenschluk|[spread] p1a,p1b
|-heal|p1a: Privatsache|60/100 brn
|-heal|p1b: Suppenschluk|63/100
|move|p2b: Wazy|Nasty Plot|p2b: Wazy
|-boost|p2b: Wazy|spa|2
|
|-weather|Sandstorm|[upkeep]
|-damage|p1b: Suppenschluk|57/100|[from] Sandstorm
|-heal|p2b: Wazy|100/100|[from] item: Leftovers
|-damage|p1a: Privatsache|54/100 brn|[from] brn
|upkeep
|turn|7
|
|t:|1756725247
|move|p1a: Privatsache|Electro Shot|p2b: Wazy|[from] lockedmove
|-damage|p2b: Wazy|39/100
|move|p1b: Suppenschluk|Matcha Gotcha|p2b: Wazy|[spread] p2a,p2b
|-supereffective|p2a: Randy
|-resisted|p2b: Wazy
|-damage|p2a: Randy|11/100
|-heal|p1b: Suppenschluk|68/100|[from] drain|[of] p2a: Randy
|-damage|p2b: Wazy|27/100
|-heal|p1b: Suppenschluk|75/100|[from] drain|[of] p2b: Wazy
|move|p2b: Wazy|Shadow Ball|p1a: Privatsache
|-damage|p1a: Privatsache|0 fnt
|faint|p1a: Privatsache
|move|p2a: Randy|Knock Off|p1b: Suppenschluk
|-supereffective|p1b: Suppenschluk
|-damage|p1b: Suppenschluk|11/100
|
|-weather|Sandstorm|[upkeep]
|-damage|p1b: Suppenschluk|5/100|[from] Sandstorm
|-heal|p2b: Wazy|33/100|[from] item: Leftovers
|-sideend|p1: Pauliii23|move: Tailwind
|upkeep
|
|t:|1756725268
|switch|p1a: Mittelalter|Dragapult, L50, M|100/100
|turn|8
|
|t:|1756725297
|-terastallize|p1a: Mittelalter|Dragon
|move|p1a: Mittelalter|Phantom Force||[still]
|-prepare|p1a: Mittelalter|Phantom Force
|move|p2b: Wazy|Shadow Ball|p1b: Suppenschluk
|-supereffective|p1b: Suppenschluk
|-damage|p1b: Suppenschluk|0 fnt
|faint|p1b: Suppenschluk
|move|p2a: Randy|Knock Off|p1a: Mittelalter|[miss]
|-miss|p2a: Randy|p1a: Mittelalter
|
|-weather|Sandstorm|[upkeep]
|-damage|p1a: Mittelalter|94/100|[from] Sandstorm
|-heal|p2b: Wazy|39/100|[from] item: Leftovers
|upkeep
|
|t:|1756725304
|switch|p1b: PelipperLP|Pelipper, L50, F|48/100
|-weather|RainDance|[from] ability: Drizzle|[of] p1b: PelipperLP
|turn|9
|
|t:|1756725326
|move|p1a: Mittelalter|Phantom Force|p2b: Wazy|[from] lockedmove
|-supereffective|p2b: Wazy
|-damage|p2b: Wazy|0 fnt
|faint|p2b: Wazy
|move|p1b: PelipperLP|Weather Ball|p2a: Randy
|-supereffective|p2a: Randy
|-damage|p2a: Randy|0 fnt
|faint|p2a: Randy
|
|-weather|RainDance|[upkeep]
|upkeep
|
|t:|1756725337
|switch|p2b: Kevin|Decidueye-Hisui, L50, M, shiny|72/100
|turn|10
|
|t:|1756725342
|-terastallize|p2b: Kevin|Fire
|move|p1a: Mittelalter|Phantom Force||[still]
|-prepare|p1a: Mittelalter|Phantom Force
|move|p1b: PelipperLP|Hurricane|p2b: Kevin
|-damage|p2b: Kevin|18/100
|move|p2b: Kevin|Leaf Blade|p1b: PelipperLP
|-crit|p1b: PelipperLP
|-damage|p1b: PelipperLP|0 fnt
|faint|p1b: PelipperLP
|
|-weather|RainDance|[upkeep]
|upkeep
|turn|11
|
|t:|1756725350
|move|p2b: Kevin|Sucker Punch|p1a: Mittelalter|[miss]
|-miss|p2b: Kevin|p1a: Mittelalter
|move|p1a: Mittelalter|Phantom Force|p2b: Kevin|[from] lockedmove
|-damage|p2b: Kevin|0 fnt
|faint|p2b: Kevin
|
|win|Pauliii23
||Pauliii23 is ready for game 3.
||TobiYume is ready for game 3.
|uhtml|next|Next: Game 3 of 3
|l|â˜†Pauliii23
|player|p1|
