|j|☆daikyh
|j|☆lettitripppp
|html|daikyhlettitripppp    
|uhtml|bestof|Game 2 of a best-of-3
|t:|1784059074
|gametype|doubles
|player|p1|daikyh|169|1246
|player|p2|lettitripppp|lucas|1321
|gen|9
|tier|[Gen 9 Champions] VGC 2026 Reg M-B (Bo3)
|rated|
|rule|Species Clause: Limit one of each Pokémon
|rule|Item Clause: Limit 1 of each item
|clearpoke
|poke|p1|Charizard, L50, F|
|poke|p1|Garchomp, L50, F, shiny|
|poke|p1|Incineroar, L50, F, shiny|
|poke|p1|Annihilape, L50, F|
|poke|p1|Toxapex, L50, M|
|poke|p1|Venusaur, L50, M|
|poke|p2|Charizard, L50, F|
|poke|p2|Basculegion, L50, M|
|poke|p2|Pelipper, L50, M|
|poke|p2|Venusaur, L50, M|
|poke|p2|Archaludon, L50, F|
|poke|p2|Grimmsnarl, L50, M|
|teampreview|4
|showteam|p1|Charizard||CharizarditeY|SolarPower|WeatherBall,HeatWave,Protect,HelpingHand|Modest||F|||50|]Garchomp||ChoiceScarf|RoughSkin|RockSlide,Earthquake,StompingTantrum,DragonClaw|Adamant||F|||50|]Incineroar||SitrusBerry|Intimidate|PartingShot,FakeOut,FlareBlitz,ThroatChop|Careful||F|||50|]Annihilape||FocusSash|Defiant|RageFist,Protect,CloseCombat,PhantomForce|Jolly||F|||50|]Toxapex||Leftovers|Regenerator|BanefulBunker,Infestation,Toxic,WideGuard|Bold||M|||50|]Venusaur||LifeOrb|Chlorophyll|SolarBeam,Protect,SludgeBomb,EarthPower|Modest||M|||50|
|showteam|p2|Charizard||CharizarditeY|Blaze|WeatherBall,SolarBeam,HeatWave,Protect|Modest||F|||50|]Basculegion||ChoiceScarf|Adaptability|LastRespects,WaveCrash,FlipTurn,AquaJet|Jolly||M|||50|]Pelipper||SitrusBerry|Drizzle|WeatherBall,WideGuard,Hurricane,Tailwind|Modest||M|||50|]Venusaur||FocusSash|Chlorophyll|SleepPowder,SludgeBomb,EarthPower,Protect|Modest||M|||50|]Archaludon||Leftovers|Stamina|FlashCannon,DragonPulse,ElectroShot,Protect|Calm||F|||50|]Grimmsnarl||LightClay|Prankster|PartingShot,LightScreen,SpiritBreak,Reflect|Relaxed||M|||50|
|inactive|Battle timer is ON: inactive players will automatically lose when time's up. (requested by lettitripppp)
|
|t:|1784059093
|teamsize|p1|4
|teamsize|p2|4
|start
|switch|p1a: Incineroar|Incineroar, L50, F, shiny|100/100
|switch|p1b: Toxapex|Toxapex, L50, M|100/100
|switch|p2a: AGNI|Charizard, L50, F|100/100
|switch|p2b: SOFT-SLEEP|Venusaur, L50, M|100/100
|-ability|p1a: Incineroar|Intimidate|boost
|-unboost|p2a: AGNI|atk|1
|-unboost|p2b: SOFT-SLEEP|atk|1
|turn|1
|
|t:|1784059105
|move|p2a: AGNI|Protect|p2a: AGNI
|-singleturn|p2a: AGNI|Protect
|move|p2b: SOFT-SLEEP|Protect|p2b: SOFT-SLEEP
|-singleturn|p2b: SOFT-SLEEP|Protect
|move|p1a: Incineroar|Flare Blitz|p2b: SOFT-SLEEP
|-activate|p2b: SOFT-SLEEP|move: Protect
|move|p1b: Toxapex|Toxic|p2a: AGNI
|-activate|p2a: AGNI|move: Protect
|
|upkeep
|turn|2
|
|t:|1784059122
|switch|p1a: Charizard|Charizard, L50, F|100/100
|detailschange|p2a: AGNI|Charizard-Mega-Y, L50, F
|-mega|p2a: AGNI|Charizard|Charizardite Y
|-weather|SunnyDay|[from] ability: Drought|[of] p2a: AGNI
|move|p2b: SOFT-SLEEP|Sleep Powder|p1a: Charizard|[miss]
|-miss|p2b: SOFT-SLEEP|p1a: Charizard
|move|p2a: AGNI|Solar Beam||[still]
|-prepare|p2a: AGNI|Solar Beam
|-anim|p2a: AGNI|Solar Beam|p1b: Toxapex
|-damage|p1b: Toxapex|61/100
|move|p1b: Toxapex|Infestation|p2b: SOFT-SLEEP
|-damage|p2b: SOFT-SLEEP|96/100
|-activate|p2b: SOFT-SLEEP|move: Infestation|[of] p1b: Toxapex
|
|-weather|SunnyDay|[upkeep]
|-damage|p1a: Charizard|87/100|[from] ability: Solar Power|[of] p1a: Charizard
|-heal|p1b: Toxapex|66/100|[from] item: Leftovers
|-damage|p2b: SOFT-SLEEP|83/100|[from] move: Infestation|[partiallytrapped]
|upkeep
|turn|3
|inactive|daikyh has 30 seconds left.
|
|t:|1784059157
|detailschange|p1a: Charizard|Charizard-Mega-Y, L50, F
|-mega|p1a: Charizard|Charizard|Charizardite Y
|move|p1b: Toxapex|Baneful Bunker|p1b: Toxapex
|-singleturn|p1b: Toxapex|move: Protect
|move|p2b: SOFT-SLEEP|Sleep Powder|p1a: Charizard
|-status|p1a: Charizard|slp|[from] move: Sleep Powder
|move|p2a: AGNI|Solar Beam||[still]
|-prepare|p2a: AGNI|Solar Beam
|-anim|p2a: AGNI|Solar Beam|p1b: Toxapex
|-activate|p1b: Toxapex|move: Protect
|cant|p1a: Charizard|slp
|
|-weather|SunnyDay|[upkeep]
|-heal|p1b: Toxapex|72/100|[from] item: Leftovers
|-damage|p2b: SOFT-SLEEP|71/100|[from] move: Infestation|[partiallytrapped]
|upkeep
|turn|4
|
|t:|1784059172
|-heal|p1b: Toxapex|100/100|[from] ability: Regenerator|[silent]
|switch|p1b: Incineroar|Incineroar, L50, F, shiny|100/100
|-ability|p1b: Incineroar|Intimidate|boost
|-unboost|p2a: AGNI|atk|1
|-unboost|p2b: SOFT-SLEEP|atk|1
|move|p2b: SOFT-SLEEP|Earth Power|p1b: Incineroar
|-supereffective|p1b: Incineroar|1
|-damage|p1b: Incineroar|59/100
|move|p2a: AGNI|Solar Beam||[still]
|-prepare|p2a: AGNI|Solar Beam
|-anim|p2a: AGNI|Solar Beam|p1b: Incineroar
|-resisted|p1b: Incineroar|1
|-damage|p1b: Incineroar|40/100
|-enditem|p1b: Incineroar|Sitrus Berry|[eat]
|-heal|p1b: Incineroar|65/100|[from] item: Sitrus Berry
|cant|p1a: Charizard|slp
|
|-weather|SunnyDay|[upkeep]
|-end|p2b: SOFT-SLEEP|Infestation|[partiallytrapped]|[silent]
|upkeep
|turn|5
|inactive|lettitripppp has 30 seconds left.
|inactive|daikyh has 30 seconds left.
|
|t:|1784059203
|switch|p2a: WET-BEAK|Pelipper, L50, M|100/100
|-weather|RainDance|[from] ability: Drizzle|[of] p2a: WET-BEAK
|move|p2b: SOFT-SLEEP|Protect|p2b: SOFT-SLEEP
|-singleturn|p2b: SOFT-SLEEP|Protect
|move|p1b: Incineroar|Fake Out|p2a: WET-BEAK
|-damage|p2a: WET-BEAK|88/100
|-curestatus|p1a: Charizard|slp|[msg]
|move|p1a: Charizard|Heat Wave|p2b: SOFT-SLEEP|[spread] p2a
|-activate|p2b: SOFT-SLEEP|move: Protect
|-resisted|p2a: WET-BEAK|1
|-damage|p2a: WET-BEAK|73/100
|
|-weather|RainDance|[upkeep]
|upkeep
|turn|6
|
|t:|1784059222
|switch|p1a: Toxapex|Toxapex, L50, M|100/100
|move|p2b: SOFT-SLEEP|Sleep Powder|p1a: Toxapex
|-status|p1a: Toxapex|slp|[from] move: Sleep Powder
|move|p2a: WET-BEAK|Weather Ball|p1b: Incineroar
|-supereffective|p1b: Incineroar|1
|-damage|p1b: Incineroar|0 fnt
|faint|p1b: Incineroar
|
|-weather|RainDance|[upkeep]
|upkeep
|
|t:|1784059234
|switch|p1b: Charizard|Charizard-Mega-Y, L50, F|87/100
|-weather|SunnyDay|[from] ability: Drought|[of] p1b: Charizard
|turn|7
|
|t:|1784059241
|move|p2b: SOFT-SLEEP|Sleep Powder|p1b: Charizard
|-status|p1b: Charizard|slp|[from] move: Sleep Powder
|cant|p1b: Charizard|slp
|move|p2a: WET-BEAK|Tailwind|p2a: WET-BEAK
|-sidestart|p2: lettitripppp|move: Tailwind
|cant|p1a: Toxapex|slp
|
|-weather|SunnyDay|[upkeep]
|upkeep
|turn|8
|
|t:|1784059251
|switch|p2a: AGNI|Charizard-Mega-Y, L50, F|100/100
|move|p2b: SOFT-SLEEP|Earth Power|p1a: Toxapex
|-supereffective|p1a: Toxapex|1
|-damage|p1a: Toxapex|55/100 slp
|cant|p1b: Charizard|slp
|cant|p1a: Toxapex|slp
|
|-weather|SunnyDay|[upkeep]
|-heal|p1a: Toxapex|61/100 slp|[from] item: Leftovers
|upkeep
|turn|9
|
|t:|1784059265
|-curestatus|p1a: Toxapex|slp|[msg]
|move|p1a: Toxapex|Baneful Bunker|p1a: Toxapex
|-singleturn|p1a: Toxapex|move: Protect
|move|p2b: SOFT-SLEEP|Earth Power|p1a: Toxapex
|-activate|p1a: Toxapex|move: Protect
|move|p2a: AGNI|Weather Ball|p1a: Toxapex
|-activate|p1a: Toxapex|move: Protect
|-curestatus|p1b: Charizard|slp|[msg]
|move|p1b: Charizard|Heat Wave|p2a: AGNI|[spread] p2a,p2b
|-resisted|p2a: AGNI|1
|-supereffective|p2b: SOFT-SLEEP|1
|-damage|p2a: AGNI|68/100
|-damage|p2b: SOFT-SLEEP|0 fnt
|faint|p2b: SOFT-SLEEP
|
|-weather|SunnyDay|[upkeep]
|-heal|p1a: Toxapex|66/100|[from] item: Leftovers
|upkeep
|
|t:|1784059271
|switch|p2b: WET-BEAK|Pelipper, L50, M|73/100
|-weather|RainDance|[from] ability: Drizzle|[of] p2b: WET-BEAK
|turn|10
|
|t:|1784059291
|move|p1b: Charizard|Protect|p1b: Charizard
|-singleturn|p1b: Charizard|Protect
|move|p2a: AGNI|Weather Ball|p1b: Charizard
|-activate|p1b: Charizard|move: Protect
|move|p2b: WET-BEAK|Hurricane|p1a: Toxapex
|-damage|p1a: Toxapex|33/100
|move|p1a: Toxapex|Infestation|p2b: WET-BEAK
|-resisted|p2b: WET-BEAK|1
|-damage|p2b: WET-BEAK|71/100
|-activate|p2b: WET-BEAK|move: Infestation|[of] p1a: Toxapex
|
|-weather|RainDance|[upkeep]
|-heal|p1a: Toxapex|39/100|[from] item: Leftovers
|-damage|p2b: WET-BEAK|59/100|[from] move: Infestation|[partiallytrapped]
|-sideend|p2: lettitripppp|move: Tailwind
|upkeep
|turn|11
|
|t:|1784059315
|switch|p1b: Venusaur|Venusaur, L50, M|100/100
|move|p1a: Toxapex|Baneful Bunker|p1a: Toxapex
|-singleturn|p1a: Toxapex|move: Protect
|move|p2a: AGNI|Weather Ball|p1b: Venusaur
|-resisted|p1b: Venusaur|1
|-damage|p1b: Venusaur|68/100
|move|p2b: WET-BEAK|Tailwind|p2b: WET-BEAK
|-sidestart|p2: lettitripppp|move: Tailwind
|
|-weather|RainDance|[upkeep]
|-heal|p1a: Toxapex|45/100|[from] item: Leftovers
|-damage|p2b: WET-BEAK|47/100|[from] move: Infestation|[partiallytrapped]
|upkeep
|-enditem|p2b: WET-BEAK|Sitrus Berry|[eat]
|-heal|p2b: WET-BEAK|71/100|[from] item: Sitrus Berry
|turn|12
|inactive|daikyh has 30 seconds left.
|
|t:|1784059346
|switch|p1b: Charizard|Charizard-Mega-Y, L50, F|87/100
|-weather|SunnyDay|[from] ability: Drought|[of] p1b: Charizard
|move|p2a: AGNI|Weather Ball|p1a: Toxapex
|-resisted|p1a: Toxapex|1
|-damage|p1a: Toxapex|7/100
|move|p2b: WET-BEAK|Hurricane|p1a: Toxapex
|-damage|p1a: Toxapex|0 fnt
|faint|p1a: Toxapex
|
|-weather|SunnyDay|[upkeep]
|-end|p2b: WET-BEAK|Infestation|[partiallytrapped]|[silent]
|upkeep
|
|t:|1784059358
|switch|p1a: Venusaur|Venusaur, L50, M|68/100
|turn|13
|
|t:|1784059366
|switch|p2b: GHOSTWAVE|Basculegion, L50, M|100/100
|move|p1b: Charizard|Helping Hand|p1a: Venusaur
|-singleturn|p1a: Venusaur|Helping Hand|[of] p1b: Charizard
|move|p2a: AGNI|Heat Wave|p1a: Venusaur|[spread] p1a,p1b
|-supereffective|p1a: Venusaur|1
|-resisted|p1b: Charizard|1
|-damage|p1a: Venusaur|0 fnt
|-damage|p1b: Charizard|56/100
|faint|p1a: Venusaur
|
|-weather|SunnyDay|[upkeep]
|upkeep
|turn|14
|-message|daikyh forfeited.
|
|win|lettitripppp
|l|☆daikyh
|player|p1|
|raw|daikyh's rating: 1246 → 1226(-20 for losing)
|raw|lettitripppp's rating: 1321 → 1337(+16 for winning)
