|j|☆VOQJKk
|j|☆pekkleduck
|html|VOQJKkpekkleduck    
|uhtml|bestof|Game 1 of a best-of-3
|t:|1785615993
|gametype|doubles
|player|p1|VOQJKk|steven|1132
|player|p2|pekkleduck|170|1000
|gen|9
|tier|[Gen 9 Champions] VGC 2026 Reg M-B (Bo3)
|rated|
|rule|Species Clause: Limit one of each Pokémon
|rule|Item Clause: Limit 1 of each item
|clearpoke
|poke|p1|Basculegion, L50, M|
|poke|p1|Charizard, L50, F|
|poke|p1|Kingambit, L50, M|
|poke|p1|Garchomp, L50, M|
|poke|p1|Whimsicott, L50, M|
|poke|p1|Floette-Eternal, L50, F|
|poke|p2|Floette-Eternal, L50, F|
|poke|p2|Kingambit, L50, M|
|poke|p2|Gholdengo, L50|
|poke|p2|Garchomp, L50, F|
|poke|p2|Farigiraf, L50, F|
|poke|p2|Sinistcha-Masterpiece, L50|
|teampreview|4
|showteam|p1|Basculegion||MysticWater|Adaptability|WaveCrash,LastRespects,AquaJet,Protect|Adamant||M|||50|]Charizard||CharizarditeY|Blaze|HeatWave,WeatherBall,SolarBeam,Protect|Modest||F|||50|]Kingambit||BlackGlasses|Defiant|KowtowCleave,SuckerPunch,IronHead,Protect|Adamant||M|||50|]Garchomp||LifeOrb|RoughSkin|Earthquake,RockSlide,DragonClaw,Protect|Jolly||M|||50|]Whimsicott||FocusSash|Prankster|Moonblast,SunnyDay,Tailwind,Encore|Timid||M|||50|]Floette-Eternal||Floettite|FlowerVeil|DazzlingGleam,Moonblast,LightofRuin,Protect|Modest||F|||50|
|showteam|p2|Floette-Eternal||Floettite|FlowerVeil|LightofRuin,Moonblast,DazzlingGleam,Protect|Timid||F|||50|]Kingambit||BlackGlasses|Defiant|KowtowCleave,SuckerPunch,LowKick,Protect|Brave||M|||50|]Gholdengo||MetalCoat|GoodasGold|MakeItRain,ShadowBall,NastyPlot,Protect|Modest|||||50|]Garchomp||LifeOrb|RoughSkin|RockSlide,DragonClaw,StompingTantrum,Protect|Jolly||F|||50|]Farigiraf||SitrusBerry|ArmorTail|FoulPlay,Psychic,TrickRoom,Protect|Modest||F|||50|]Sinistcha-Masterpiece||ColburBerry|Hospitality|MatchaGotcha,ShadowBall,RagePowder,TrickRoom|Modest|||||50|
|inactive|Battle timer is ON: inactive players will automatically lose when time's up. (requested by pekkleduck)
|inactive|VOQJKk has 60 seconds left.
|inactive|pekkleduck has 60 seconds left.
|inactive|VOQJKk has 30 seconds left.
|inactive|VOQJKk has 20 seconds left.
|inactive|VOQJKk has 15 seconds left.
|inactive|VOQJKk has 10 seconds left.
|
|t:|1785616076
|teamsize|p1|4
|teamsize|p2|4
|start
|switch|p1a: Garchomp|Garchomp, L50, M|100/100
|switch|p1b: Charizard|Charizard, L50, F|100/100
|switch|p2a: THE CHOMP|Garchomp, L50, F|100/100
|switch|p2b: loc ness|Farigiraf, L50, F|100/100
|turn|1
|inactive|VOQJKk has 30 seconds left.
|
|t:|1785616105
|move|p2a: THE CHOMP|Protect|p2a: THE CHOMP
|-singleturn|p2a: THE CHOMP|Protect
|move|p1b: Charizard|Protect|p1b: Charizard
|-singleturn|p1b: Charizard|Protect
|move|p1a: Garchomp|Dragon Claw|p2a: THE CHOMP
|-activate|p2a: THE CHOMP|move: Protect
|move|p2b: loc ness|Foul Play|p1a: Garchomp
|-damage|p1a: Garchomp|66/100
|-damage|p2b: loc ness|87/100|[from] ability: Rough Skin|[of] p1a: Garchomp
|
|upkeep
|turn|2
|inactive|pekkleduck has 30 seconds left.
|
|t:|1785616135
|switch|p1b: Whimsicott|Whimsicott, L50, M|100/100
|move|p2a: THE CHOMP|Rock Slide|p1b: Whimsicott|[spread] p1a,p1b
|-resisted|p1a: Garchomp|1
|-damage|p1a: Garchomp|54/100
|-damage|p1b: Whimsicott|59/100
|-damage|p2a: THE CHOMP|90/100|[from] item: Life Orb
|cant|p1a: Garchomp|flinch
|move|p2b: loc ness|Psychic|p1a: Garchomp
|-damage|p1a: Garchomp|16/100
|
|upkeep
|turn|3
|
|t:|1785616157
|move|p2a: THE CHOMP|Protect|p2a: THE CHOMP
|-singleturn|p2a: THE CHOMP|Protect
|move|p1a: Garchomp|Protect|p1a: Garchomp
|-singleturn|p1a: Garchomp|Protect
|move|p1b: Whimsicott|Tailwind|p1b: Whimsicott
|-sidestart|p1: VOQJKk|move: Tailwind
|move|p2b: loc ness|Psychic|p1a: Garchomp
|-activate|p1a: Garchomp|move: Protect
|
|upkeep
|turn|4
|
|t:|1785616173
|switch|p2a: Cheese String|Gholdengo, L50|100/100
|move|p1b: Whimsicott|Encore||[still]
|cant|p2b: loc ness|ability: Armor Tail|Encore|[of] p1b: Whimsicott
|move|p1a: Garchomp|Dragon Claw|p2a: Cheese String
|-resisted|p2a: Cheese String|1
|-damage|p2a: Cheese String|70/100
|-damage|p1a: Garchomp|6/100|[from] item: Life Orb
|move|p2b: loc ness|Trick Room|p2b: loc ness
|-fieldstart|move: Trick Room|[of] p2b: loc ness
|
|upkeep
|turn|5
|
|t:|1785616195
|move|p2b: loc ness|Psychic|p1a: Garchomp
|-crit|p1a: Garchomp
|-damage|p1a: Garchomp|0 fnt
|faint|p1a: Garchomp
|move|p2a: Cheese String|Make It Rain|p1b: Whimsicott
|-supereffective|p1b: Whimsicott|1
|-damage|p1b: Whimsicott|0 fnt
|-unboost|p2a: Cheese String|spa|2
|faint|p1b: Whimsicott
|
|upkeep
|
|t:|1785616202
|switch|p1a: Charizard|Charizard, L50, F|100/100
|switch|p1b: Kingambit|Kingambit, L50, M|100/100
|turn|6
|
|t:|1785616223
|move|p1a: Charizard|Protect|p1a: Charizard
|-singleturn|p1a: Charizard|Protect
|move|p2b: loc ness|Psychic|p1a: Charizard
|-activate|p1a: Charizard|move: Protect
|move|p2a: Cheese String|Shadow Ball|p1a: Charizard
|-activate|p1a: Charizard|move: Protect
|move|p1b: Kingambit|Kowtow Cleave|p2a: Cheese String
|-supereffective|p2a: Cheese String|1
|-damage|p2a: Cheese String|0 fnt
|faint|p2a: Cheese String
|
|-sideend|p1: VOQJKk|move: Tailwind
|upkeep
|
|t:|1785616225
|switch|p2a: Silician|Kingambit, L50, M|100/100
|turn|7
|inactive|VOQJKk has 30 seconds left.
|
|t:|1785616255
|detailschange|p1a: Charizard|Charizard-Mega-Y, L50, F
|-mega|p1a: Charizard|Charizard|Charizardite Y
|-weather|SunnyDay|[from] ability: Drought|[of] p1a: Charizard
|move|p1b: Kingambit|Protect|p1b: Kingambit
|-singleturn|p1b: Kingambit|Protect
|move|p2a: Silician|Low Kick|p1b: Kingambit
|-activate|p1b: Kingambit|move: Protect
|move|p2b: loc ness|Psychic|p1a: Charizard
|-damage|p1a: Charizard|62/100
|move|p1a: Charizard|Weather Ball|p2a: Silician
|-supereffective|p2a: Silician|1
|-damage|p2a: Silician|0 fnt
|faint|p2a: Silician
|
|-weather|SunnyDay|[upkeep]
|upkeep
|
|t:|1785616259
|switch|p2a: THE CHOMP|Garchomp, L50, F|90/100
|turn|8
|inactive|VOQJKk has 30 seconds left.
|
|t:|1785616285
|move|p2a: THE CHOMP|Protect|p2a: THE CHOMP
|-singleturn|p2a: THE CHOMP|Protect
|move|p1b: Kingambit|Kowtow Cleave|p2a: THE CHOMP
|-activate|p2a: THE CHOMP|move: Protect
|move|p2b: loc ness|Psychic|p1a: Charizard
|-damage|p1a: Charizard|26/100
|move|p1a: Charizard|Solar Beam||[still]
|-prepare|p1a: Charizard|Solar Beam
|-anim|p1a: Charizard|Solar Beam|p2a: THE CHOMP
|-activate|p2a: THE CHOMP|move: Protect
|
|-weather|SunnyDay|[upkeep]
|-fieldend|move: Trick Room
|upkeep
|turn|9
|
|t:|1785616295
|move|p1a: Charizard|Protect|p1a: Charizard
|-singleturn|p1a: Charizard|Protect
|move|p1b: Kingambit|Sucker Punch||[still]
|cant|p2b: loc ness|ability: Armor Tail|Sucker Punch|[of] p1b: Kingambit
|move|p2a: THE CHOMP|Stomping Tantrum|p1b: Kingambit
|-supereffective|p1b: Kingambit|1
|-damage|p1b: Kingambit|28/100
|-damage|p2a: THE CHOMP|80/100|[from] item: Life Orb
|move|p2b: loc ness|Psychic|p1a: Charizard
|-activate|p1a: Charizard|move: Protect
|
|-weather|SunnyDay|[upkeep]
|upkeep
|turn|10
|
|t:|1785616308
|move|p1b: Kingambit|Protect|p1b: Kingambit
|-singleturn|p1b: Kingambit|Protect
|move|p2a: THE CHOMP|Stomping Tantrum|p1b: Kingambit
|-activate|p1b: Kingambit|move: Protect
|move|p1a: Charizard|Solar Beam||[still]
|-prepare|p1a: Charizard|Solar Beam
|-anim|p1a: Charizard|Solar Beam|p2a: THE CHOMP
|-damage|p2a: THE CHOMP|21/100
|move|p2b: loc ness|Psychic|p1a: Charizard
|-damage|p1a: Charizard|0 fnt
|faint|p1a: Charizard
|
|-weather|SunnyDay|[upkeep]
|upkeep
|turn|11
|
|t:|1785616326
|move|p2a: THE CHOMP|Stomping Tantrum|p1b: Kingambit
|-supereffective|p1b: Kingambit|1
|-damage|p1b: Kingambit|0 fnt
|faint|p1b: Kingambit
|-damage|p2a: THE CHOMP|11/100|[from] item: Life Orb
|
|win|pekkleduck
|l|☆pekkleduck
|player|p2|
||pekkleduck is ready for game 2.
|j|☆pekkleduck
|player|p2|pekkleduck|170|
|inactive|VOQJKk has 30 seconds to confirm battle start!
|inactive|VOQJKk has 20 seconds to confirm battle start!
||VOQJKk is ready for game 2.
|uhtml|next|Next: Game 2 of 3
|l|☆pekkleduck
|player|p2|
