|j|☆sopa de moscas
|j|☆nontelo
|html|sopa de moscasnontelo    
|uhtml|bestof|Game 1 of a best-of-3
|t:|1783520502
|gametype|doubles
|player|p1|sopa de moscas|miku-ghost|1388
|player|p2|nontelo|cress|1395
|gen|9
|tier|[Gen 9 Champions] VGC 2026 Reg M-B (Bo3)
|rated|
|rule|Species Clause: Limit one of each Pokémon
|rule|Item Clause: Limit 1 of each item
|clearpoke
|poke|p1|Incineroar, L50, F|
|poke|p1|Farigiraf, L50, M|
|poke|p1|Torkoal, L50, F|
|poke|p1|Floette-Eternal, L50, F|
|poke|p1|Maushold-Four, L50|
|poke|p1|Golurk, L50|
|poke|p2|Venusaur, L50, F|
|poke|p2|Swampert, L50, F|
|poke|p2|Pelipper, L50, F|
|poke|p2|Hydreigon, L50, M|
|poke|p2|Grimmsnarl, L50, M|
|poke|p2|Archaludon, L50, F|
|teampreview|4
|showteam|p1|Incineroar||ChopleBerry|Intimidate|ThroatChop,FakeOut,FlareBlitz,PartingShot|Careful||F|||50|]Farigiraf||SitrusBerry|ArmorTail|Thunderbolt,Psychic,TrickRoom,Protect|Sassy||M|||50|]Torkoal||Charcoal|Drought|Eruption,HeatWave,WeatherBall,Protect|Quiet||F|||50|]Floette-Eternal||Floettite|FlowerVeil|Moonblast,DazzlingGleam,LightofRuin,Protect|Modest||F|||50|]Maushold-Four||WideLens|Technician|PopulationBomb,FollowMe,HelpingHand,Protect|Jolly|||||50|]Golurk||LifeOrb|NoGuard|HeadlongRush,Poltergeist,Protect,StoneEdge|Brave|||||50|
|showteam|p2|Venusaur||Venusaurite|Chlorophyll|GigaDrain,SludgeBomb,EarthPower,Protect|Modest||F|||50|]Swampert||Swampertite|Damp|WaveCrash,IcePunch,Earthquake,Protect|Adamant||F|||50|]Pelipper||SitrusBerry|Drizzle|Hurricane,Tailwind,WeatherBall,WideGuard|Modest||F|||50|]Hydreigon||ChoiceScarf|Levitate|DracoMeteor,DarkPulse,Snarl,Uturn|Modest||M|||50|]Grimmsnarl||LightClay|Prankster|SpiritBreak,PartingShot,LightScreen,Reflect|Impish||M|||50|]Archaludon||Leftovers|Stamina|FlashCannon,DragonPulse,ElectroShot,Protect|Modest||F|||50|
|inactive|Battle timer is ON: inactive players will automatically lose when time's up. (requested by nontelo)
|inactive|nontelo has 60 seconds left.
|
|t:|1783520549
|teamsize|p1|4
|teamsize|p2|4
|start
|switch|p1a: Maushold|Maushold-Four, L50|100/100
|switch|p1b: Floette|Floette-Eternal, L50, F|100/100
|switch|p2a: Venusaur|Venusaur, L50, F|100/100
|switch|p2b: Grimmsnarl|Grimmsnarl, L50, M|100/100
|turn|1
|
|t:|1783520569
|switch|p2a: Archaludon|Archaludon, L50, F|100/100
|detailschange|p1b: Floette|Floette-Mega, L50, F
|-mega|p1b: Floette|Floette|Floettite
|-ability|p1b: Floette|Fairy Aura
|move|p2b: Grimmsnarl|Light Screen|p2b: Grimmsnarl
|-sidestart|p2: nontelo|move: Light Screen
|move|p1a: Maushold|Population Bomb|p2a: Archaludon
|-resisted|p2a: Archaludon|1
|-damage|p2a: Archaludon|95/100
|-ability|p2a: Archaludon|Stamina|boost
|-boost|p2a: Archaludon|def|1
|-resisted|p2a: Archaludon|1
|-damage|p2a: Archaludon|92/100
|-ability|p2a: Archaludon|Stamina|boost
|-boost|p2a: Archaludon|def|1
|-resisted|p2a: Archaludon|1
|-damage|p2a: Archaludon|90/100
|-ability|p2a: Archaludon|Stamina|boost
|-boost|p2a: Archaludon|def|1
|-resisted|p2a: Archaludon|1
|-damage|p2a: Archaludon|88/100
|-ability|p2a: Archaludon|Stamina|boost
|-boost|p2a: Archaludon|def|1
|-resisted|p2a: Archaludon|1
|-damage|p2a: Archaludon|87/100
|-ability|p2a: Archaludon|Stamina|boost
|-boost|p2a: Archaludon|def|1
|-resisted|p2a: Archaludon|1
|-damage|p2a: Archaludon|85/100
|-ability|p2a: Archaludon|Stamina|boost
|-boost|p2a: Archaludon|def|1
|-resisted|p2a: Archaludon|1
|-damage|p2a: Archaludon|84/100
|-resisted|p2a: Archaludon|1
|-damage|p2a: Archaludon|83/100
|-resisted|p2a: Archaludon|1
|-damage|p2a: Archaludon|82/100
|-resisted|p2a: Archaludon|1
|-damage|p2a: Archaludon|81/100
|-hitcount|p2a: Archaludon|10
|move|p1b: Floette|Dazzling Gleam|p2b: Grimmsnarl|[spread] p2a,p2b
|-supereffective|p2b: Grimmsnarl|1
|-damage|p2a: Archaludon|48/100
|-damage|p2b: Grimmsnarl|30/100
|
|-heal|p2a: Archaludon|54/100|[from] item: Leftovers
|upkeep
|turn|2
|
|t:|1783520593
|move|p2a: Archaludon|Protect|p2a: Archaludon
|-singleturn|p2a: Archaludon|Protect
|move|p2b: Grimmsnarl|Reflect|p2b: Grimmsnarl
|-sidestart|p2: nontelo|Reflect
|move|p1a: Maushold|Population Bomb|p2b: Grimmsnarl
|-damage|p2b: Grimmsnarl|23/100
|-crit|p2b: Grimmsnarl
|-damage|p2b: Grimmsnarl|9/100
|-damage|p2b: Grimmsnarl|2/100
|-damage|p2b: Grimmsnarl|0 fnt
|faint|p2b: Grimmsnarl
|-hitcount|p2: Grimmsnarl|4
|move|p1b: Floette|Light of Ruin|p2a: Archaludon
|-activate|p2a: Archaludon|move: Protect
|
|-heal|p2a: Archaludon|60/100|[from] item: Leftovers
|upkeep
|
|t:|1783520606
|switch|p2b: Venusaur|Venusaur, L50, F|100/100
|turn|3
|
|t:|1783520613
|detailschange|p2b: Venusaur|Venusaur-Mega, L50, F
|-mega|p2b: Venusaur|Venusaur|Venusaurite
|move|p1a: Maushold|Helping Hand|p1b: Floette
|-singleturn|p1b: Floette|Helping Hand|[of] p1a: Maushold
|move|p1b: Floette|Moonblast|p2a: Archaludon
|-damage|p2a: Archaludon|0 fnt
|faint|p2a: Archaludon
|move|p2b: Venusaur|Sludge Bomb|p1b: Floette
|-supereffective|p1b: Floette|1
|-damage|p1b: Floette|33/100
|-status|p1b: Floette|psn
|
|-damage|p1b: Floette|21/100 psn|[from] psn
|upkeep
|
|t:|1783520625
|switch|p2a: Pelipper|Pelipper, L50, F|100/100
|-weather|RainDance|[from] ability: Drizzle|[of] p2a: Pelipper
|turn|4
|
|t:|1783520634
|move|p1a: Maushold|Population Bomb|p2a: Pelipper
|-damage|p2a: Pelipper|91/100
|-damage|p2a: Pelipper|83/100
|-crit|p2a: Pelipper
|-damage|p2a: Pelipper|65/100
|-damage|p2a: Pelipper|57/100
|-damage|p2a: Pelipper|50/100g
|-damage|p2a: Pelipper|42/100
|-enditem|p2a: Pelipper|Sitrus Berry|[eat]
|-heal|p2a: Pelipper|67/100|[from] item: Sitrus Berry
|-damage|p2a: Pelipper|59/100
|-damage|p2a: Pelipper|51/100
|-damage|p2a: Pelipper|43/100
|-damage|p2a: Pelipper|36/100
|-hitcount|p2a: Pelipper|10
|move|p1b: Floette|Moonblast|p2a: Pelipper
|-damage|p2a: Pelipper|0 fnt
|faint|p2a: Pelipper
|move|p2b: Venusaur|Giga Drain|p1a: Maushold
|-damage|p1a: Maushold|38/100
|
|-weather|RainDance|[upkeep]
|-damage|p1b: Floette|9/100 psn|[from] psn
|upkeep
|turn|5
|
|t:|1783520657
|move|p1a: Maushold|Population Bomb|p2b: Venusaur
|-damage|p2b: Venusaur|93/100
|-damage|p2b: Venusaur|87/100
|-damage|p2b: Venusaur|81/100
|-damage|p2b: Venusaur|74/100
|-damage|p2b: Venusaur|68/100
|-damage|p2b: Venusaur|63/100
|-crit|p2b: Venusaur
|-damage|p2b: Venusaur|49/100
|-damage|p2b: Venusaur|43/100
|-damage|p2b: Venusaur|36/100
|-damage|p2b: Venusaur|31/100
|-hitcount|p2b: Venusaur|10
|move|p1b: Floette|Light of Ruin|p2b: Venusaur
|-resisted|p2b: Venusaur|1
|-damage|p2b: Venusaur|0 fnt
|faint|p2b: Venusaur
|-damage|p1b: Floette|0 fnt|[from] Recoil
|faint|p1b: Floette
|
|win|sopa de moscas
|l|☆nontelo
|player|p2|
||nontelo is ready for game 2.
|inactive|sopa de moscas has 30 seconds to confirm battle start!
||sopa de moscas is ready for game 2.
|uhtml|next|Next: Game 2 of 3
