|j|☆TheGayOne420
|j|☆acmilanvgc
|html|TheGayOne420acmilanvgc    
|uhtml|bestof|Game 1 of a best-of-3
|t:|1785902124
|gametype|doubles
|player|p1|TheGayOne420|266|1120
|player|p2|acmilanvgc|misty|1189
|gen|9
|tier|[Gen 9 Champions] VGC 2026 Reg M-B (Bo3)
|rated|
|rule|Species Clause: Limit one of each Pokémon
|rule|Item Clause: Limit 1 of each item
|clearpoke
|poke|p1|Eelektross, L50, F|
|poke|p1|Sinistcha, L50|
|poke|p1|Staraptor, L50, F|
|poke|p1|Talonflame, L50, F|
|poke|p1|Incineroar, L50, F|
|poke|p1|Garchomp, L50, F|
|poke|p2|Excadrill, L50, M|
|poke|p2|Tyranitar, L50, F|
|poke|p2|Milotic, L50, M|
|poke|p2|Gholdengo, L50|
|poke|p2|Sinistcha, L50|
|poke|p2|Staraptor, L50, M|
|teampreview|4
|showteam|p1|Eelektross||LifeOrb|Levitate|Thunderbolt,Flamethrower,Protect,GigaDrain|Modest||F|||50|]Sinistcha||OccaBerry|Hospitality|ShadowBall,MatchaGotcha,LifeDew,RagePowder|Modest|||||50|]Staraptor||Staraptite|Intimidate|CloseCombat,Roost,Protect,BraveBird|Jolly||F|||50|]Talonflame||FocusSash|GaleWings|DualWingbeat,FeatherDance,Protect,Tailwind|Adamant||F|||50|]Incineroar||SitrusBerry|Intimidate|FakeOut,FlareBlitz,PartingShot,DarkestLariat|Adamant||F|||50|]Garchomp||WideLens|SandVeil|RockSlide,DragonRush,Protect,Earthquake|Jolly||F|||50|
|showteam|p2|Excadrill||FocusSash|SandRush|HighHorsepower,IronHead,RockSlide,Protect|Jolly||M|||50|]Tyranitar||Tyranitarite|SandStream|KnockOff,RockSlide,LowKick,Protect|Jolly||F|||50|]Milotic||SitrusBerry|Competitive|Scald,IcyWind,IceBeam,Protect|Calm||M|||50|]Gholdengo||LifeOrb|GoodasGold|MakeItRain,ShadowBall,Thunderbolt,Protect|Modest|||||50|]Sinistcha||ColburBerry|Hospitality|MatchaGotcha,RagePowder,TrickRoom,Protect|Bold|||||50|]Staraptor||Staraptite|Intimidate|CloseCombat,BraveBird,Tailwind,Protect|Jolly||M|||50|
|inactive|Battle timer is ON: inactive players will automatically lose when time's up. (requested by acmilanvgc)
|inactive|acmilanvgc has 60 seconds left.
|inactive|acmilanvgc has 30 seconds left.
|inactive|acmilanvgc has 20 seconds left.
|inactive|acmilanvgc has 15 seconds left.
|inactive|acmilanvgc has 10 seconds left.
|inactive|acmilanvgc has 5 seconds left.
|
|t:|1785902278
|teamsize|p1|4
|teamsize|p2|4
|start
|switch|p1a: Staraptor|Staraptor, L50, F|100/100
|switch|p1b: Talonflame|Talonflame, L50, F|100/100
|switch|p2a: Excadrill|Excadrill, L50, M|100/100
|switch|p2b: Tyranitar|Tyranitar, L50, F|100/100
|-ability|p1a: Staraptor|Intimidate|boost
|-unboost|p2a: Excadrill|atk|1
|-unboost|p2b: Tyranitar|atk|1
|-weather|Sandstorm|[from] ability: Sand Stream|[of] p2b: Tyranitar
|turn|1
|inactive|TheGayOne420 has 30 seconds left.
|
|t:|1785902307
|switch|p2b: Gholdengo|Gholdengo, L50|100/100
|detailschange|p1a: Staraptor|Staraptor-Mega, L50, F
|-mega|p1a: Staraptor|Staraptor|Staraptite
|move|p1b: Talonflame|Tailwind|p1b: Talonflame
|-sidestart|p1: TheGayOne420|move: Tailwind
|move|p1a: Staraptor|Close Combat|p2a: Excadrill
|-supereffective|p2a: Excadrill|1
|-enditem|p2a: Excadrill|Focus Sash
|-damage|p2a: Excadrill|1/100
|-boost|p1a: Staraptor|def|1
|-boost|p1a: Staraptor|spd|1
|move|p2a: Excadrill|Rock Slide|p1a: Staraptor|[spread] p1b
|-miss|p2a: Excadrill|p1a: Staraptor
|-supereffective|p1b: Talonflame|2
|-damage|p1b: Talonflame|18/100
|
|-weather|Sandstorm|[upkeep]
|-damage|p1a: Staraptor|93/100|[from] Sandstorm
|-damage|p1b: Talonflame|13/100|[from] Sandstorm
|upkeep
|turn|2
|inactive|TheGayOne420 has 30 seconds left.
|inactive|acmilanvgc has 30 seconds left.
|
|t:|1785902341
|move|p2a: Excadrill|Protect|p2a: Excadrill
|-singleturn|p2a: Excadrill|Protect
|move|p1a: Staraptor|Brave Bird|p2b: Gholdengo
|-resisted|p2b: Gholdengo|1
|-crit|p2b: Gholdengo
|-damage|p2b: Gholdengo|49/100
|-damage|p1a: Staraptor|75/100|[from] Recoil
|move|p1b: Talonflame|Feather Dance|p1a: Staraptor
|-boost|p1a: Staraptor|atk|2
|move|p2b: Gholdengo|Thunderbolt|p1a: Staraptor
|-supereffective|p1a: Staraptor|1
|-damage|p1a: Staraptor|4/100
|-damage|p2b: Gholdengo|40/100|[from] item: Life Orb
|
|-weather|Sandstorm|[upkeep]
|-damage|p1a: Staraptor|0 fnt|[from] Sandstorm
|-damage|p1b: Talonflame|7/100|[from] Sandstorm
|faint|p1a: Staraptor
|upkeep
|
|t:|1785902358
|switch|p1a: Eelektross|Eelektross, L50, F|100/100
|turn|3
|inactive|acmilanvgc has 30 seconds left.
|inactive|acmilanvgc has 20 seconds left.
|
|t:|1785902397
|move|p2b: Gholdengo|Protect|p2b: Gholdengo
|-singleturn|p2b: Gholdengo|Protect
|move|p1b: Talonflame|Dual Wingbeat|p2a: Excadrill
|-resisted|p2a: Excadrill|1
|-damage|p2a: Excadrill|0 fnt
|faint|p2a: Excadrill
|-hitcount|p2: Excadrill|1
|move|p1a: Eelektross|Flamethrower|p2b: Gholdengo
|-activate|p2b: Gholdengo|move: Protect
|
|-weather|Sandstorm|[upkeep]
|-damage|p1b: Talonflame|1/100|[from] Sandstorm
|-damage|p1a: Eelektross|93/100|[from] Sandstorm
|upkeep
|
|t:|1785902408
|switch|p2a: Tyranitar|Tyranitar, L50, F|100/100
|turn|4
|inactive|TheGayOne420 has 30 seconds left.
|
|t:|1785902437
|switch|p2b: Milotic|Milotic, L50, M|100/100
|move|p2a: Tyranitar|Protect|p2a: Tyranitar
|-singleturn|p2a: Tyranitar|Protect
|move|p1b: Talonflame|Feather Dance|p2a: Tyranitar
|-activate|p2a: Tyranitar|move: Protect
|move|p1a: Eelektross|Thunderbolt|p2b: Milotic
|-supereffective|p2b: Milotic|1
|-damage|p2b: Milotic|16/100
|-enditem|p2b: Milotic|Sitrus Berry|[eat]
|-heal|p2b: Milotic|41/100|[from] item: Sitrus Berry
|-damage|p1a: Eelektross|83/100|[from] item: Life Orb
|
|-weather|Sandstorm|[upkeep]
|-damage|p1b: Talonflame|0 fnt|[from] Sandstorm
|-damage|p1a: Eelektross|77/100|[from] Sandstorm
|-damage|p2b: Milotic|35/100|[from] Sandstorm
|faint|p1b: Talonflame
|-sideend|p1: TheGayOne420|move: Tailwind
|upkeep
|
|t:|1785902453
|switch|p1b: Sinistcha|Sinistcha, L50|100/100
|-heal|p1a: Eelektross|100/100|[from] ability: Hospitality|[of] p1b: Sinistcha
|turn|5
|
|t:|1785902471
|detailschange|p2a: Tyranitar|Tyranitar-Mega, L50, F
|-mega|p2a: Tyranitar|Tyranitar|Tyranitarite
|move|p2a: Tyranitar|Knock Off|p1b: Sinistcha
|-supereffective|p1b: Sinistcha|1
|-damage|p1b: Sinistcha|0 fnt
|-enditem|p1b: Sinistcha|Occa Berry|[from] move: Knock Off|[of] p2a: Tyranitar
|faint|p1b: Sinistcha
|move|p2b: Milotic|Icy Wind|p1a: Eelektross
|-damage|p1a: Eelektross|85/100
|-unboost|p1a: Eelektross|spe|1
|move|p1a: Eelektross|Giga Drain|p2a: Tyranitar
|-supereffective|p2a: Tyranitar|1
|-damage|p2a: Tyranitar|67/100
|-heal|p1a: Eelektross|100/100|[from] drain|[of] p2a: Tyranitar
|-damage|p1a: Eelektross|90/100|[from] item: Life Orb
|
|-weather|none
|upkeep
|turn|6
|
|t:|1785902494
|move|p2a: Tyranitar|Knock Off|p1a: Eelektross
|-damage|p1a: Eelektross|26/100
|-enditem|p1a: Eelektross|Life Orb|[from] move: Knock Off|[of] p2a: Tyranitar
|move|p2b: Milotic|Ice Beam|p1a: Eelektross
|-damage|p1a: Eelektross|1/100
|move|p1a: Eelektross|Thunderbolt|p2b: Milotic
|-supereffective|p2b: Milotic|1
|-damage|p2b: Milotic|0 fnt
|faint|p2b: Milotic
|
|upkeep
|
|t:|1785902501
|switch|p2b: Gholdengo|Gholdengo, L50|40/100
|turn|7
|
|t:|1785902507
|move|p2b: Gholdengo|Shadow Ball|p1a: Eelektross
|-damage|p1a: Eelektross|0 fnt
|faint|p1a: Eelektross
|-damage|p2b: Gholdengo|30/100|[from] item: Life Orb
|
|win|acmilanvgc
||TheGayOne420 is ready for game 2.
|inactive|acmilanvgc has 30 seconds to confirm battle start!
|inactive|acmilanvgc has 20 seconds to confirm battle start!
||acmilanvgc is ready for game 2.
|uhtml|next|Next: Game 2 of 3
