|j|☆ENDERTYTAR
|j|☆UnMaesilloMas
|html|ENDERTYTARUnMaesilloMas    
|uhtml|bestof|Game 1 of a best-of-3
|t:|1785952233
|gametype|doubles
|player|p1|ENDERTYTAR|170|1114
|player|p2|UnMaesilloMas|unknown|1136
|gen|9
|tier|[Gen 9 Champions] VGC 2026 Reg M-B (Bo3)
|rated|
|rule|Species Clause: Limit one of each Pokémon
|rule|Item Clause: Limit 1 of each item
|clearpoke
|poke|p1|Charizard, L50, M|
|poke|p1|Milotic, L50, M|
|poke|p1|Grimmsnarl, L50, M|
|poke|p1|Sinistcha, L50|
|poke|p1|Incineroar, L50, M|
|poke|p1|Floette-Eternal, L50, F|
|poke|p2|Gholdengo, L50|
|poke|p2|Sinistcha, L50|
|poke|p2|Kingambit, L50, F|
|poke|p2|Floette-Eternal, L50, F|
|poke|p2|Grimmsnarl, L50, M|
|poke|p2|Staraptor, L50, F|
|teampreview|4
|showteam|p1|Charizard||CharizarditeX|Blaze|Protect,DragonRush,FlareBlitz,DragonDance|Adamant||M|||50|]Milotic||Leftovers|Competitive|Coil,MuddyWater,Hypnosis,Protect|Calm||M|||50|]Grimmsnarl||LightClay|Prankster|LightScreen,Reflect,SpiritBreak,PartingShot|Impish||M|||50|]Sinistcha||ColburBerry|Hospitality|MatchaGotcha,TrickRoom,RagePowder,Protect|Calm|||||50|]Incineroar||SitrusBerry|Intimidate|FakeOut,FlareBlitz,PartingShot,ThroatChop|Adamant||M|||50|]Floette-Eternal||Floettite|FlowerVeil|Protect,Moonblast,DazzlingGleam,CalmMind|Modest||F|||50|
|showteam|p2|Gholdengo||LifeOrb|GoodasGold|MakeItRain,NastyPlot,Protect,ShadowBall|Timid|||||50|]Sinistcha||SitrusBerry|Hospitality|RagePowder,MatchaGotcha,LifeDew,TrickRoom|Bold|||||50|]Kingambit||BlackGlasses|Defiant|SuckerPunch,KowtowCleave,Protect,IronHead|Adamant||F|||50|]Floette-Eternal||Floettite|FlowerVeil|DazzlingGleam,Moonblast,Protect,CalmMind|Bold||F|||50|]Grimmsnarl||LightClay|Prankster|Reflect,LightScreen,PartingShot,SpiritBreak|Careful||M|||50|]Staraptor||Staraptite|Intimidate|CloseCombat,Roost,BraveBird,Protect|Jolly||F|||50|
|inactive|Battle timer is ON: inactive players will automatically lose when time's up. (requested by ENDERTYTAR)
|
|t:|1785952282
|teamsize|p1|4
|teamsize|p2|4
|start
|switch|p1a: Milotic|Milotic, L50, M|100/100
|switch|p1b: Grimmsnarl|Grimmsnarl, L50, M|100/100
|switch|p2a: Floette|Floette-Eternal, L50, F|100/100
|switch|p2b: Grimmsnarl|Grimmsnarl, L50, M|100/100
|turn|1
|inactive|UnMaesilloMas has 30 seconds left.
|inactive|UnMaesilloMas has 20 seconds left.
|
|t:|1785952319
|detailschange|p2a: Floette|Floette-Mega, L50, F
|-mega|p2a: Floette|Floette|Floettite
|-ability|p2a: Floette|Fairy Aura
|move|p2b: Grimmsnarl|Light Screen|p2b: Grimmsnarl
|-sidestart|p2: UnMaesilloMas|move: Light Screen
|move|p1b: Grimmsnarl|Light Screen|p1b: Grimmsnarl
|-sidestart|p1: ENDERTYTAR|move: Light Screen
|move|p2a: Floette|Calm Mind|p2a: Floette
|-boost|p2a: Floette|spa|1
|-boost|p2a: Floette|spd|1
|move|p1a: Milotic|Coil|p1a: Milotic
|-boost|p1a: Milotic|atk|1
|-boost|p1a: Milotic|def|1
|-boost|p1a: Milotic|accuracy|1
|
|upkeep
|turn|2
|inactive|ENDERTYTAR has 30 seconds left.
|inactive|UnMaesilloMas has 30 seconds left.
|
|t:|1785952347
|move|p2a: Floette|Moonblast|p1a: Milotic
|-damage|p1a: Milotic|54/100
|move|p1a: Milotic|Hypnosis|p2a: Floette
|-status|p2a: Floette|slp|[from] move: Hypnosis
|move|p2b: Grimmsnarl|Spirit Break|p1b: Grimmsnarl
|-supereffective|p1b: Grimmsnarl|1
|-damage|p1b: Grimmsnarl|22/100
|-unboost|p1b: Grimmsnarl|spa|1
|move|p1b: Grimmsnarl|Spirit Break|p2a: Floette
|-damage|p2a: Floette|66/100 slp
|-unboost|p2a: Floette|spa|1
|
|-heal|p1a: Milotic|60/100|[from] item: Leftovers
|upkeep
|turn|3
|
|t:|1785952366
|move|p1b: Grimmsnarl|Parting Shot|p2a: Floette
|-unboost|p2a: Floette|atk|1
|-unboost|p2a: Floette|spa|1
|
|t:|1785952377
|switch|p1b: Sinistcha|Sinistcha, L50|100/100|[from] Parting Shot
|-heal|p1a: Milotic|85/100|[from] ability: Hospitality|[of] p1b: Sinistcha
|cant|p2a: Floette|slp
|move|p1a: Milotic|Coil|p1a: Milotic
|-boost|p1a: Milotic|atk|1
|-boost|p1a: Milotic|def|1
|-boost|p1a: Milotic|accuracy|1
|move|p2b: Grimmsnarl|Spirit Break|p1b: Sinistcha
|-damage|p1b: Sinistcha|64/100
|-unboost|p1b: Sinistcha|spa|1
|
|-heal|p1a: Milotic|91/100|[from] item: Leftovers
|upkeep
|turn|4
|inactive|UnMaesilloMas has 30 seconds left.
|
|t:|1785952405
|move|p2b: Grimmsnarl|Parting Shot|p1b: Sinistcha
|-unboost|p1b: Sinistcha|atk|1
|-unboost|p1b: Sinistcha|spa|1
|
|t:|1785952409
|switch|p2b: Sinistcha|Sinistcha, L50|100/100|[from] Parting Shot
|-heal|p2a: Floette|91/100 slp|[from] ability: Hospitality|[of] p2b: Sinistcha
|cant|p2a: Floette|slp
|move|p1a: Milotic|Muddy Water|p2b: Sinistcha|[spread] p2a,p2b
|-resisted|p2b: Sinistcha|1
|-damage|p2a: Floette|83/100 slp
|-damage|p2b: Sinistcha|90/100
|move|p1b: Sinistcha|Trick Room|p1b: Sinistcha
|-fieldstart|move: Trick Room|[of] p1b: Sinistcha
|
|-heal|p1a: Milotic|97/100|[from] item: Leftovers
|upkeep
|turn|5
|
|t:|1785952422
|move|p1b: Sinistcha|Matcha Gotcha|p2b: Sinistcha|[spread] p2a,p2b
|-resisted|p2b: Sinistcha|1
|-damage|p2a: Floette|79/100 slp
|-heal|p1b: Sinistcha|66/100|[from] drain|[of] p2a: Floette
|-damage|p2b: Sinistcha|85/100
|-heal|p1b: Sinistcha|69/100|[from] drain|[of] p2b: Sinistcha
|move|p1a: Milotic|Muddy Water|p2a: Floette|[spread] p2a,p2b
|-resisted|p2b: Sinistcha|1
|-damage|p2a: Floette|71/100 slp
|-damage|p2b: Sinistcha|76/100
|-curestatus|p2a: Floette|slp|[msg]
|move|p2a: Floette|Calm Mind|p2a: Floette
|-boost|p2a: Floette|spa|1
|-boost|p2a: Floette|spd|1
|move|p2b: Sinistcha|Trick Room|p2b: Sinistcha
|-fieldend|move: Trick Room
|
|-heal|p1a: Milotic|100/100|[from] item: Leftovers
|upkeep
|turn|6
|
|t:|1785952441
|switch|p1b: Charizard|Charizard, L50, M|100/100
|move|p2a: Floette|Calm Mind|p2a: Floette
|-boost|p2a: Floette|spa|1
|-boost|p2a: Floette|spd|1
|move|p1a: Milotic|Hypnosis|p2a: Floette
|-status|p2a: Floette|slp|[from] move: Hypnosis
|move|p2b: Sinistcha|Matcha Gotcha|p1a: Milotic|[spread] p1a,p1b
|-supereffective|p1a: Milotic|1
|-crit|p1a: Milotic
|-resisted|p1b: Charizard|2
|-damage|p1a: Milotic|52/100
|-heal|p2b: Sinistcha|100/100|[from] drain|[of] p1a: Milotic
|-damage|p1b: Charizard|95/100
|
|-heal|p1a: Milotic|58/100|[from] item: Leftovers
|upkeep
|turn|7
|inactive|UnMaesilloMas has 30 seconds left.
|inactive|UnMaesilloMas has 20 seconds left.
|
|t:|1785952479
|switch|p2b: Grimmsnarl|Grimmsnarl, L50, M|100/100
|detailschange|p1b: Charizard|Charizard-Mega-X, L50, M
|-mega|p1b: Charizard|Charizard|Charizardite X
|move|p1b: Charizard|Dragon Dance|p1b: Charizard
|-boost|p1b: Charizard|atk|1
|-boost|p1b: Charizard|spe|1
|cant|p2a: Floette|slp
|move|p1a: Milotic|Hypnosis|p2b: Grimmsnarl
|-status|p2b: Grimmsnarl|slp|[from] move: Hypnosis
|
|-heal|p1a: Milotic|64/100|[from] item: Leftovers
|upkeep
|turn|8
|
|t:|1785952497
|cant|p2b: Grimmsnarl|slp
|move|p1b: Charizard|Flare Blitz|p2a: Floette
|-damage|p2a: Floette|0 fnt
|faint|p2a: Floette
|-damage|p1b: Charizard|70/100|[from] Recoil
|move|p1a: Milotic|Muddy Water|p2b: Grimmsnarl
|-damage|p2b: Grimmsnarl|80/100 slp
|
|-heal|p1a: Milotic|70/100|[from] item: Leftovers
|-sideend|p1: ENDERTYTAR|move: Light Screen
|-sideend|p2: UnMaesilloMas|move: Light Screen
|upkeep
|-message|UnMaesilloMas forfeited.
|raw|ENDERTYTAR's rating: 1114 → 1141(+27 for winning)
|raw|UnMaesilloMas's rating: 1136 → 1109(-27 for losing)
|
|win|ENDERTYTAR
|l|☆UnMaesilloMas
|player|p2|
