|j|☆hungry hillo
|j|☆SwaggyMcGoo
|html|hungry hilloSwaggyMcGoo    
|uhtml|bestof|Game 1 of a best-of-3
|t:|1756916932
|gametype|doubles
|player|p1|hungry hillo|n|1117
|player|p2|SwaggyMcGoo|clown|1000
|gen|9
|tier|[Gen 9] VGC 2025 Reg H (Bo3)
|rated|
|rule|Species Clause: Limit one of each Pokémon
|rule|Item Clause: Limit 1 of each item
|clearpoke
|poke|p1|Incineroar, L50, M|
|poke|p1|Kingambit, L50, M|
|poke|p1|Annihilape, L50, F|
|poke|p1|Electabuzz, L50, M|
|poke|p1|Ursaluna-Bloodmoon, L50, M|
|poke|p1|Rillaboom, L50, F|
|poke|p2|Electrode-Hisui, L50|
|poke|p2|Archaludon, L50, M|
|poke|p2|Volcarona, L50, F|
|poke|p2|Pelipper, L50, F|
|poke|p2|Talonflame, L50, F|
|poke|p2|Oricorio-Sensu, L50, F|
|teampreview|4
|showteam|p1|Incineroar||MirrorHerb|Intimidate|FakeOut,KnockOff,PartingShot,FlareBlitz|||M|||50|,,,,,Bug]Kingambit||BlackGlasses|Defiant|SuckerPunch,KowtowCleave,SwordsDance,Protect|||M|||50|,,,,,Dark]Annihilape||SafetyGoggles|Defiant|BulkUp,DrainPunch,RageFist,Protect|||F|||50|,,,,,Fire]Electabuzz||Eviolite|VitalSpirit|Electroweb,FollowMe,Taunt,Protect|||M|||50|,,,,,Ghost]Ursaluna-Bloodmoon||LifeOrb|MindsEye|EarthPower,BloodMoon,HyperVoice,Protect|||M|||50|,,,,,Normal]Rillaboom||AssaultVest|GrassySurge|FakeOut,GrassyGlide,WoodHammer,Uturn|||F|||50|,,,,,Water
|showteam|p2|Electrode-Hisui||LoadedDice|Soundproof|BulletSeed,ThunderWave,Taunt,RainDance||||||50|,,,,,Ghost]Archaludon||AssaultVest|Stamina|ElectroShot,DragonPulse,FlashCannon,BodyPress|||M|||50|,,,,,Grass]Volcarona||Leftovers|FlameBody|FieryDance,QuiverDance,GigaDrain,Protect|||F|||50|,,,,,Water]Pelipper||SafetyGoggles|Drizzle|WeatherBall,Tailwind,WideGuard,Protect|||F|||50|,,,,,Ghost]Talonflame||CovertCloak|GaleWings|DualWingbeat,Tailwind,FlareBlitz,Uturn|||F|||50|,,,,,Flying]Oricorio-Sensu||FocusSash|Dancer|RevelationDance,AirSlash,Protect,AlluringVoice|||F|||50|,,,,,Stellar
|
|t:|1756916973
|teamsize|p1|4
|teamsize|p2|4
|start
|switch|p1a: Bumble bee|Electabuzz, L50, M|100/100
|switch|p1b: Vegeta|Annihilape, L50, F, shiny|100/100
|switch|p2a: Talonflame|Talonflame, L50, F|100/100
|switch|p2b: Volcarona|Volcarona, L50, F|100/100
|turn|1
|
|t:|1756916997
|-terastallize|p1b: Vegeta|Fire
|move|p2a: Talonflame|U-turn|p1b: Vegeta
|-resisted|p1b: Vegeta
|-damage|p1b: Vegeta|91/100
|
|t:|1756917001
|switch|p2a: Oricorio|Oricorio-Sensu, L50, F|100/100|[from] U-turn
|move|p1a: Bumble bee|Taunt|p2b: Volcarona
|-start|p2b: Volcarona|move: Taunt
|move|p1b: Vegeta|Bulk Up|p1b: Vegeta
|-boost|p1b: Vegeta|atk|1
|-boost|p1b: Vegeta|def|1
|cant|p2b: Volcarona|move: Taunt|Quiver Dance
|
|upkeep
|turn|2
|
|t:|1756917034
|move|p2a: Oricorio|Protect|p2a: Oricorio
|-singleturn|p2a: Oricorio|Protect
|move|p1a: Bumble bee|Electroweb|p2a: Oricorio|[spread] p2b
|-activate|p2a: Oricorio|move: Protect
|-damage|p2b: Volcarona|88/100
|-unboost|p2b: Volcarona|spe|1
|move|p1b: Vegeta|Bulk Up|p1b: Vegeta
|-boost|p1b: Vegeta|atk|1
|-boost|p1b: Vegeta|def|1
|move|p2b: Volcarona|Fiery Dance|p1a: Bumble bee
|-damage|p1a: Bumble bee|72/100
|-activate|p2a: Oricorio|ability: Dancer
|move|p2a: Oricorio|Fiery Dance|p1a: Bumble bee|[from] ability: Dancer
|-damage|p1a: Bumble bee|53/100
|
|-heal|p2b: Volcarona|94/100|[from] item: Leftovers
|upkeep
|turn|3
|inactive|Battle timer is ON: inactive players will automatically lose when time's up. (requested by SwaggyMcGoo)
|inactive|SwaggyMcGoo has 60 seconds left.
|
|t:|1756917068
|-terastallize|p2a: Oricorio|Stellar
|move|p1a: Bumble bee|Electroweb|p2a: Oricorio|[spread] p2a,p2b
|-supereffective|p2a: Oricorio
|-damage|p2a: Oricorio|55/100
|-damage|p2b: Volcarona|82/100
|-unboost|p2a: Oricorio|spe|1
|-unboost|p2b: Volcarona|spe|1
|move|p1b: Vegeta|Rage Fist|p2a: Oricorio
|-supereffective|p2a: Oricorio
|-damage|p2a: Oricorio|0 fnt
|faint|p2a: Oricorio
|move|p2b: Volcarona|Fiery Dance|p1a: Bumble bee
|-damage|p1a: Bumble bee|20/100
|
|-heal|p2b: Volcarona|88/100|[from] item: Leftovers
|-end|p2b: Volcarona|move: Taunt
|upkeep
|
|t:|1756917089
|switch|p2a: Talonflame|Talonflame, L50, F|100/100
|turn|4
|
|t:|1756917105
|move|p1a: Bumble bee|Follow Me|p1a: Bumble bee
|-singleturn|p1a: Bumble bee|move: Follow Me
|move|p2a: Talonflame|U-turn|p1a: Bumble bee
|-damage|p1a: Bumble bee|0 fnt
|faint|p1a: Bumble bee
|
|t:|1756917110
|switch|p2a: Archaludon|Archaludon, L50, M|100/100|[from] U-turn
|move|p1b: Vegeta|Rage Fist|p2b: Volcarona
|-damage|p2b: Volcarona|6/100
|move|p2b: Volcarona|Fiery Dance|p1b: Vegeta
|-resisted|p1b: Vegeta
|-damage|p1b: Vegeta|75/100
|-boost|p2b: Volcarona|spa|1
|
|-heal|p2b: Volcarona|12/100|[from] item: Leftovers
|upkeep
|
|t:|1756917113
|switch|p1a: Dk|Rillaboom, L50, F|100/100
|-fieldstart|move: Grassy Terrain|[from] ability: Grassy Surge|[of] p1a: Dk
|turn|5
|
|t:|1756917136
|move|p2b: Volcarona|Protect|p2b: Volcarona
|-singleturn|p2b: Volcarona|Protect
|move|p1b: Vegeta|Drain Punch|p2a: Archaludon
|-supereffective|p2a: Archaludon
|-damage|p2a: Archaludon|11/100
|-heal|p1b: Vegeta|100/100|[from] drain|[of] p2a: Archaludon
|-ability|p2a: Archaludon|Stamina|boost
|-boost|p2a: Archaludon|def|1
|move|p1a: Dk|U-turn|p2b: Volcarona
|-activate|p2b: Volcarona|move: Protect
|move|p2a: Archaludon|Dragon Pulse|p1b: Vegeta
|-damage|p1b: Vegeta|70/100
|
|-heal|p1b: Vegeta|76/100|[from] Grassy Terrain
|-heal|p2a: Archaludon|17/100|[from] Grassy Terrain
|-heal|p2b: Volcarona|19/100|[from] Grassy Terrain
|-heal|p2b: Volcarona|25/100|[from] item: Leftovers
|upkeep
|turn|6
|
|t:|1756917159
|move|p1b: Vegeta|Rage Fist|p2b: Volcarona
|-damage|p2b: Volcarona|0 fnt
|faint|p2b: Volcarona
|move|p1a: Dk|Wood Hammer|p2a: Archaludon
|-resisted|p2a: Archaludon
|-damage|p2a: Archaludon|9/100
|-ability|p2a: Archaludon|Stamina|boost
|-boost|p2a: Archaludon|def|1
|-damage|p1a: Dk|98/100|[from] Recoil
|move|p2a: Archaludon|Dragon Pulse|p1b: Vegeta
|-damage|p1b: Vegeta|43/100
|
|-heal|p1b: Vegeta|49/100|[from] Grassy Terrain
|-heal|p1a: Dk|100/100|[from] Grassy Terrain
|-heal|p2a: Archaludon|15/100|[from] Grassy Terrain
|upkeep
|
|t:|1756917174
|switch|p2b: Talonflame|Talonflame, L50, F|100/100
|turn|7
|
|t:|1756917186
|move|p1b: Vegeta|Protect|p1b: Vegeta
|-singleturn|p1b: Vegeta|Protect
|move|p2b: Talonflame|Tailwind|p2b: Talonflame
|-sidestart|p2: SwaggyMcGoo|move: Tailwind
|move|p2a: Archaludon|Body Press|p1b: Vegeta
|-activate|p1b: Vegeta|move: Protect
|move|p1a: Dk|U-turn|p2b: Talonflame
|-resisted|p2b: Talonflame
|-damage|p2b: Talonflame|93/100
|
|t:|1756917195
|switch|p1a: Shang chi|Kingambit, L50, M, shiny|100/100|[from] U-turn
|
|-heal|p2a: Archaludon|21/100|[from] Grassy Terrain
|-heal|p1b: Vegeta|56/100|[from] Grassy Terrain
|upkeep
|turn|8
|
|t:|1756917203
|move|p1a: Shang chi|Sucker Punch|p2a: Archaludon
|-damage|p2a: Archaludon|4/100
|-ability|p2a: Archaludon|Stamina|boost
|-boost|p2a: Archaludon|def|1
|move|p2b: Talonflame|Dual Wingbeat|p1b: Vegeta
|-damage|p1b: Vegeta|46/100
|-damage|p1b: Vegeta|37/100
|-hitcount|p1b: Vegeta|2
|move|p2a: Archaludon|Body Press|p1a: Shang chi
|-supereffective|p1a: Shang chi
|-damage|p1a: Shang chi|0 fnt
|faint|p1a: Shang chi
|move|p1b: Vegeta|Rage Fist|p2b: Talonflame
|-damage|p2b: Talonflame|0 fnt
|faint|p2b: Talonflame
|
|-heal|p2a: Archaludon|10/100|[from] Grassy Terrain
|-heal|p1b: Vegeta|44/100|[from] Grassy Terrain
|upkeep
|
|t:|1756917207
|switch|p1a: Dk|Rillaboom, L50, F|100/100
|turn|9
|
|t:|1756917223
|move|p1a: Dk|Fake Out|p2a: Archaludon
|-resisted|p2a: Archaludon
|-damage|p2a: Archaludon|9/100
|-ability|p2a: Archaludon|Stamina|boost
|-boost|p2a: Archaludon|def|1
|cant|p2a: Archaludon|flinch
|move|p1b: Vegeta|Rage Fist|p2a: Archaludon
|-damage|p2a: Archaludon|0 fnt
|faint|p2a: Archaludon
|
|win|hungry hillo
||hungry hillo is ready for game 2.
|inactive|SwaggyMcGoo has 30 seconds to confirm battle start!
||SwaggyMcGoo is ready for game 2.
|uhtml|next|Next: Game 2 of 3
|l|☆SwaggyMcGoo
|player|p2|
