|j|☆Sapitoch 4
|j|☆lolgz
|html|Sapitoch 4lolgz    
|uhtml|bestof|Game 1 of a best-of-3
|t:|1782275817
|gametype|doubles
|player|p1|Sapitoch 4|102|1145
|player|p2|lolgz|dawn|1247
|gen|9
|tier|[Gen 9 Champions] VGC 2026 Reg M-B (Bo3)
|rated|
|rule|Species Clause: Limit one of each Pokémon
|rule|Item Clause: Limit 1 of each item
|clearpoke
|poke|p1|Rotom-Wash, L50|
|poke|p1|Gengar, L50, F|
|poke|p1|Garchomp, L50, F|
|poke|p1|Ninetales-Alola, L50, M|
|poke|p1|Incineroar, L50, M|
|poke|p1|Kingambit, L50, M|
|poke|p2|Torkoal, L50, M|
|poke|p2|Vileplume, L50, F|
|poke|p2|Charizard, L50, M|
|poke|p2|Garchomp, L50, F|
|poke|p2|Farigiraf, L50, F|
|poke|p2|Mawile, L50, M|
|teampreview|4
|showteam|p1|Rotom-Wash||SitrusBerry|Levitate|HydroPump,VoltSwitch,WillOWisp,Protect|Timid|||||50|]Gengar||Gengarite|CursedBody|SludgeBomb,ShadowBall,Disable,Protect|Timid||F|||50|]Garchomp||ChoiceScarf|RoughSkin|Earthquake,StompingTantrum,RockSlide,RockTomb|Adamant||F|||50|]Ninetales-Alola||FocusSash|SnowWarning|Blizzard,FreezeDry,Encore,Protect|Timid||M|||50|]Incineroar||PasshoBerry|Intimidate|FlareBlitz,PartingShot,FakeOut,Protect|Impish||M|||50|]Kingambit||ChopleBerry|Defiant|SuckerPunch,KowtowCleave,Protect,IronHead|Adamant||M|||50|
|showteam|p2|Torkoal||Charcoal|Drought|Eruption,WeatherBall,AncientPower,Protect|Quiet||M|||50|]Vileplume||FocusSash|Chlorophyll|EnergyBall,SludgeBomb,SleepPowder,AfterYou|Timid||F|||50|]Charizard||CharizarditeY|Blaze|HeatWave,WeatherBall,SolarBeam,Protect|Timid||M|||50|]Garchomp||LifeOrb|RoughSkin|Earthquake,RockSlide,DragonClaw,Protect|Jolly||F|||50|]Farigiraf||SitrusBerry|ArmorTail|TrickRoom,Protect,Psychic,HelpingHand|Bold||F|||50|]Mawile||Mawilite|Intimidate|SuckerPunch,PlayRough,SwordsDance,Protect|Brave||M|||50|
|inactive|Battle timer is ON: inactive players will automatically lose when time's up. (requested by lolgz)
|inactive|Sapitoch 4 has 60 seconds left.
|
|t:|1782275871
|teamsize|p1|4
|teamsize|p2|4
|start
|switch|p1a: Incineroar|Incineroar, L50, M|100/100
|switch|p1b: Garchomp|Garchomp, L50, F|100/100
|switch|p2a: Vileplume|Vileplume, L50, F|100/100
|switch|p2b: Torkoal|Torkoal, L50, M|100/100
|-ability|p1a: Incineroar|Intimidate|boost
|-unboost|p2a: Vileplume|atk|1
|-unboost|p2b: Torkoal|atk|1
|-weather|SunnyDay|[from] ability: Drought|[of] p2b: Torkoal
|turn|1
|
|t:|1782275885
|switch|p2b: Farigiraf|Farigiraf, L50, F|100/100
|move|p1a: Incineroar|Fake Out||[still]
|cant|p2b: Farigiraf|ability: Armor Tail|Fake Out|[of] p1a: Incineroar
|move|p1b: Garchomp|Rock Tomb|p2a: Vileplume
|-damage|p2a: Vileplume|66/100
|-unboost|p2a: Vileplume|spe|1
|move|p2a: Vileplume|Sleep Powder|p1b: Garchomp
|-status|p1b: Garchomp|slp|[from] move: Sleep Powder
|
|-weather|SunnyDay|[upkeep]
|upkeep
|turn|2
|
|t:|1782275897
|switch|p1b: Kingambit|Kingambit, L50, M|100/100
|move|p2a: Vileplume|Sleep Powder|p1a: Incineroar|[miss]
|-miss|p2a: Vileplume|p1a: Incineroar
|move|p1a: Incineroar|Flare Blitz|p2a: Vileplume
|-supereffective|p2a: Vileplume|1
|-damage|p2a: Vileplume|0 fnt
|faint|p2a: Vileplume
|-damage|p1a: Incineroar|83/100|[from] Recoil
|move|p2b: Farigiraf|Trick Room|p2b: Farigiraf
|-fieldstart|move: Trick Room|[of] p2b: Farigiraf
|
|-weather|SunnyDay|[upkeep]
|upkeep
|
|t:|1782275900
|switch|p2a: Torkoal|Torkoal, L50, M|100/100
|turn|3
|
|t:|1782275906
|move|p2b: Farigiraf|Helping Hand|p2a: Torkoal
|-singleturn|p2a: Torkoal|Helping Hand|[of] p2b: Farigiraf
|move|p1b: Kingambit|Protect|p1b: Kingambit
|-singleturn|p1b: Kingambit|Protect
|move|p2a: Torkoal|Eruption|p1b: Kingambit|[spread] p1a
|-activate|p1b: Kingambit|move: Protect
|-resisted|p1a: Incineroar|1
|-damage|p1a: Incineroar|28/100
|move|p1a: Incineroar|Parting Shot|p2a: Torkoal
|-unboost|p2a: Torkoal|atk|1
|-unboost|p2a: Torkoal|spa|1
|
|t:|1782275910
|switch|p1a: Rotom|Rotom-Wash, L50|100/100|[from] Parting Shot
|
|-weather|SunnyDay|[upkeep]
|upkeep
|turn|4
|
|t:|1782275923
|switch|p1b: Garchomp|Garchomp, L50, F|100/100 slp
|move|p2a: Torkoal|Eruption|p1a: Rotom|[spread] p1a,p1b
|-resisted|p1a: Rotom|1
|-resisted|p1b: Garchomp|1
|-damage|p1a: Rotom|68/100
|-damage|p1b: Garchomp|70/100 slp
|move|p2b: Farigiraf|Psychic|p1a: Rotom
|-damage|p1a: Rotom|35/100
|-enditem|p1a: Rotom|Sitrus Berry|[eat]
|-heal|p1a: Rotom|60/100|[from] item: Sitrus Berry
|move|p1a: Rotom|Volt Switch|p2a: Torkoal
|-damage|p2a: Torkoal|67/100
|
|t:|1782275935
|switch|p1a: Incineroar|Incineroar, L50, M|28/100|[from] Volt Switch
|-ability|p1a: Incineroar|Intimidate|boost
|-unboost|p2a: Torkoal|atk|1
|-unboost|p2b: Farigiraf|atk|1
|
|-weather|SunnyDay|[upkeep]
|upkeep
|turn|5
|
|t:|1782275959
|switch|p1a: Rotom|Rotom-Wash, L50|60/100
|move|p2a: Torkoal|Weather Ball|p1a: Rotom
|-resisted|p1a: Rotom|1
|-damage|p1a: Rotom|32/100
|move|p2b: Farigiraf|Psychic|p1b: Garchomp
|-damage|p1b: Garchomp|31/100 slp
|cant|p1b: Garchomp|slp
|
|-weather|none
|upkeep
|turn|6
|inactive|Sapitoch 4 has 30 seconds left.
|
|t:|1782275989
|switch|p2a: Mawile|Mawile, L50, M|100/100
|-ability|p2a: Mawile|Intimidate|boost
|-unboost|p1a: Rotom|atk|1
|-unboost|p1b: Garchomp|atk|1
|move|p2b: Farigiraf|Psychic|p1b: Garchomp
|-damage|p1b: Garchomp|0 fnt
|faint|p1b: Garchomp
|move|p1a: Rotom|Volt Switch|p2a: Mawile
|-damage|p2a: Mawile|57/100
|
|t:|1782275996
|switch|p1a: Incineroar|Incineroar, L50, M|28/100|[from] Volt Switch
|-ability|p1a: Incineroar|Intimidate|boost
|-unboost|p2a: Mawile|atk|1
|-unboost|p2b: Farigiraf|atk|1
|
|-fieldend|move: Trick Room
|upkeep
|
|t:|1782275998
|switch|p1b: Kingambit|Kingambit, L50, M|100/100
|turn|7
|inactive|Sapitoch 4 has 30 seconds left.
|
|t:|1782276024
|detailschange|p2a: Mawile|Mawile-Mega, L50, M
|-mega|p2a: Mawile|Mawile|Mawilite
|move|p2a: Mawile|Sucker Punch||[still]
|-fail|p2a: Mawile
|move|p1a: Incineroar|Parting Shot|p2b: Farigiraf
|-unboost|p2b: Farigiraf|atk|1
|-unboost|p2b: Farigiraf|spa|1
|
|t:|1782276028
|switch|p1a: Rotom|Rotom-Wash, L50|32/100|[from] Parting Shot
|move|p1b: Kingambit|Iron Head|p2a: Mawile
|-damage|p2a: Mawile|16/100
|move|p2b: Farigiraf|Trick Room|p2b: Farigiraf
|-fieldstart|move: Trick Room|[of] p2b: Farigiraf
|
|upkeep
|turn|8
|
|t:|1782276048
|move|p2a: Mawile|Play Rough|p1b: Kingambit
|-damage|p1b: Kingambit|57/100
|move|p1b: Kingambit|Kowtow Cleave|p2b: Farigiraf
|-supereffective|p2b: Farigiraf|1
|-damage|p2b: Farigiraf|22/100
|-enditem|p2b: Farigiraf|Sitrus Berry|[eat]
|-heal|p2b: Farigiraf|47/100|[from] item: Sitrus Berry
|move|p2b: Farigiraf|Psychic|p1a: Rotom
|-damage|p1a: Rotom|11/100
|move|p1a: Rotom|Volt Switch|p2b: Farigiraf
|-damage|p2b: Farigiraf|22/100
|
|t:|1782276060
|switch|p1a: Incineroar|Incineroar, L50, M|28/100|[from] Volt Switch
|-ability|p1a: Incineroar|Intimidate|boost
|-unboost|p2a: Mawile|atk|1
|-unboost|p2b: Farigiraf|atk|1
|
|upkeep
|turn|9
|
|t:|1782276078
|switch|p2b: Torkoal|Torkoal, L50, M|67/100
|-weather|SunnyDay|[from] ability: Drought|[of] p2b: Torkoal
|move|p2a: Mawile|Play Rough|p1a: Incineroar
|-damage|p1a: Incineroar|0 fnt
|faint|p1a: Incineroar
|move|p1b: Kingambit|Kowtow Cleave|p2b: Torkoal
|-damage|p2b: Torkoal|28/100
|
|-weather|SunnyDay|[upkeep]
|upkeep
|
|t:|1782276088
|switch|p1a: Rotom|Rotom-Wash, L50|11/100
|turn|10
|
|t:|1782276112
|switch|p2a: Farigiraf|Farigiraf, L50, F|22/100
|move|p1b: Kingambit|Sucker Punch||[still]
|cant|p2a: Farigiraf|ability: Armor Tail|Sucker Punch|[of] p1b: Kingambit
|move|p2b: Torkoal|Eruption|p1a: Rotom|[spread] p1a,p1b
|-resisted|p1a: Rotom|1
|-supereffective|p1b: Kingambit|1
|-damage|p1a: Rotom|0 fnt
|-damage|p1b: Kingambit|13/100
|faint|p1a: Rotom
|
|-weather|SunnyDay|[upkeep]
|upkeep
|turn|11
|
|t:|1782276125
|move|p1b: Kingambit|Protect|p1b: Kingambit
|-singleturn|p1b: Kingambit|Protect
|move|p2a: Farigiraf|Protect|p2a: Farigiraf
|-singleturn|p2a: Farigiraf|Protect
|move|p2b: Torkoal|Eruption|p1b: Kingambit
|-activate|p1b: Kingambit|move: Protect
|
|-weather|SunnyDay|[upkeep]
|-fieldend|move: Trick Room
|upkeep
|turn|12
|
|t:|1782276140
|move|p1b: Kingambit|Kowtow Cleave|p2a: Farigiraf
|-supereffective|p2a: Farigiraf|1
|-damage|p2a: Farigiraf|0 fnt
|faint|p2a: Farigiraf
|move|p2b: Torkoal|Weather Ball|p1b: Kingambit
|-supereffective|p1b: Kingambit|1
|-damage|p1b: Kingambit|0 fnt
|faint|p1b: Kingambit
|
|win|lolgz
