|j|☆Basura2U
|j|☆HydroTheGod
|html|Basura2UHydroTheGod    
|uhtml|bestof|Game 1 of a best-of-3
|t:|1757780832
|gametype|doubles
|player|p1|Basura2U|lucas|1055
|player|p2|HydroTheGod|170|1149
|gen|9
|tier|[Gen 9] VGC 2025 Reg H (Bo3)
|rated|
|rule|Species Clause: Limit one of each Pokémon
|rule|Item Clause: Limit 1 of each item
|clearpoke
|poke|p1|Talonflame, L50, F|
|poke|p1|Glimmora, L50, M|
|poke|p1|Gallade, L50, M|
|poke|p1|Dragapult, L50, F|
|poke|p1|Electabuzz, L50, F|
|poke|p1|Brambleghast, L50, F|
|poke|p2|Excadrill, L50, F|
|poke|p2|Tyranitar, L50, M|
|poke|p2|Sneasler, L50, F|
|poke|p2|Indeedee, L50, M|
|poke|p2|Corviknight, L50, F|
|poke|p2|Annihilape, L50, F|
|teampreview|4
|showteam|p1|Talonflame|||GaleWings|Acrobatics,FlareBlitz,Tailwind,Protect|||F|||50|,,,,,Ghost]Glimmora||PowerHerb|ToxicDebris|SpikyShield,EarthPower,MeteorBeam,SludgeBomb|||M|||50|,,,,,Flying]Gallade||ClearAmulet|Sharpness|Protect,SacredSword,PsychoCut,NightSlash|||M|||50|,,,,,Stellar]Dragapult||ChoiceBand|ClearBody|DragonDarts,PhantomForce,PsychicFangs,Uturn|||F|||50|,,,,,Dragon]Electabuzz||Eviolite|VitalSpirit|FollowMe,Electroweb,Taunt,HelpingHand|||F|||50|,,,,,Fairy]Brambleghast||FocusSash|WindRider|Poltergeist,PowerWhip,ShadowSneak,StrengthSap|||F|||50|,,,,,Ghost
|showteam|p2|Excadrill||FocusSash|SandRush|IronHead,HighHorsepower,Earthquake,Protect|||F|||50|,,,,,Stellar]Tyranitar||AssaultVest|SandStream|RockSlide,KnockOff,TeraBlast,LowKick|||M|||50|,,,,,Flying]Sneasler||PsychicSeed|Unburden|DireClaw,CloseCombat,ThroatChop,Protect|||F|||50|,,,,,Dark]Indeedee||ChoiceScarf|PsychicSurge|ExpandingForce,TeraBlast,Protect,Trick|||M|||50|,,,,,Psychic]Corviknight||Leftovers|MirrorArmor|BraveBird,BulkUp,Roost,Tailwind|||F|||50|,,,,,Dragon]Annihilape||SafetyGoggles|Defiant|CloseCombat,RageFist,Taunt,FinalGambit|||F|||50|,,,,,Water
|inactive|Battle timer is ON: inactive players will automatically lose when time's up. (requested by HydroTheGod)
|inactive|Basura2U has 60 seconds left.
|inactive|HydroTheGod has 60 seconds left.
|
|t:|1757780886
|teamsize|p1|4
|teamsize|p2|4
|start
|switch|p1a: Talonflame|Talonflame, L50, F|100/100
|switch|p1b: Dragapult|Dragapult, L50, F|100/100
|switch|p2a: Annihilape|Annihilape, L50, F|100/100
|switch|p2b: Corviknight|Corviknight, L50, F|100/100
|turn|1
|inactive|Basura2U has 30 seconds left.
|inactive|Basura2U has 20 seconds left.
|
|t:|1757780924
|switch|p2b: Indeedee|Indeedee, L50, M, shiny|100/100
|-fieldstart|move: Psychic Terrain|[from] ability: Psychic Surge|[of] p2b: Indeedee
|move|p1a: Talonflame|Acrobatics|p2a: Annihilape
|-activate|p2a: Annihilape|move: Psychic Terrain
|move|p1b: Dragapult|U-turn|p2a: Annihilape
|-resisted|p2a: Annihilape
|-damage|p2a: Annihilape|91/100
|
|t:|1757780935
|switch|p1b: Glimmora|Glimmora, L50, M|100/100|[from] U-turn
|move|p2a: Annihilape|Rage Fist|p1a: Talonflame
|-damage|p1a: Talonflame|33/100
|
|upkeep
|turn|2
|
|t:|1757780948
|switch|p2a: Corviknight|Corviknight, L50, F|100/100
|-terastallize|p1b: Glimmora|Flying
|move|p2b: Indeedee|Expanding Force|p1b: Glimmora|[spread] p1a,p1b
|-damage|p1a: Talonflame|0 fnt
|-damage|p1b: Glimmora|26/100
|faint|p1a: Talonflame
|move|p1b: Glimmora|Meteor Beam||[still]
|-prepare|p1b: Glimmora|Meteor Beam
|-boost|p1b: Glimmora|spa|1
|-enditem|p1b: Glimmora|Power Herb
|-anim|p1b: Glimmora|Meteor Beam|p2b: Indeedee
|-damage|p2b: Indeedee|0 fnt
|faint|p2b: Indeedee
|
|upkeep
|
|t:|1757780967
|switch|p1a: Brambleghast|Brambleghast, L50, F|100/100
|switch|p2b: Sneasler|Sneasler, L50, F|100/100
|-enditem|p2b: Sneasler|Psychic Seed
|-boost|p2b: Sneasler|spd|1|[from] item: Psychic Seed
|turn|3
|
|t:|1757780989
|move|p1b: Glimmora|Spiky Shield|p1b: Glimmora
|-singleturn|p1b: Glimmora|move: Protect
|move|p2b: Sneasler|Dire Claw|p1b: Glimmora
|-activate|p1b: Glimmora|move: Protect
|-damage|p2b: Sneasler|88/100|[from] Spiky Shield|[of] p1b: Glimmora
|move|p1a: Brambleghast|Poltergeist||[still]
|-fail|p1a: Brambleghast
|move|p2a: Corviknight|Bulk Up|p2a: Corviknight
|-boost|p2a: Corviknight|atk|1
|-boost|p2a: Corviknight|def|1
|
|upkeep
|turn|4
|
|t:|1757781007
|move|p2b: Sneasler|Dire Claw|p1b: Glimmora
|-damage|p1b: Glimmora|0 fnt
|-activate|p1b: Glimmora|ability: Toxic Debris
|-sidestart|p2: HydroTheGod|move: Toxic Spikes
|faint|p1b: Glimmora
|move|p1a: Brambleghast|Strength Sap|p2b: Sneasler
|-unboost|p2b: Sneasler|atk|1
|move|p2a: Corviknight|Bulk Up|p2a: Corviknight
|-boost|p2a: Corviknight|atk|1
|-boost|p2a: Corviknight|def|1
|
|upkeep
|
|t:|1757781012
|switch|p1b: Dragapult|Dragapult, L50, F|100/100
|turn|5
|
|t:|1757781021
|move|p1a: Brambleghast|Shadow Sneak|p2a: Corviknight
|-hint|Psychic Terrain doesn't affect Pokémon immune to Ground.
|-damage|p2a: Corviknight|93/100
|move|p2b: Sneasler|Throat Chop|p1b: Dragapult
|-supereffective|p1b: Dragapult
|-damage|p1b: Dragapult|44/100
|-start|p1b: Dragapult|Throat Chop|[silent]
|move|p1b: Dragapult|Phantom Force||[still]
|-prepare|p1b: Dragapult|Phantom Force
|move|p2a: Corviknight|Brave Bird|p1b: Dragapult|[miss]
|-miss|p2a: Corviknight|p1b: Dragapult
|
|-heal|p2a: Corviknight|99/100|[from] item: Leftovers
|-fieldend|move: Psychic Terrain
|upkeep
|turn|6
|
|t:|1757781029
|move|p2b: Sneasler|Throat Chop|p1b: Dragapult|[miss]
|-miss|p2b: Sneasler|p1b: Dragapult
|move|p1b: Dragapult|Phantom Force|p2a: Corviknight|[from] lockedmove
|-damage|p2a: Corviknight|66/100
|move|p1a: Brambleghast|Poltergeist|p2a: Corviknight
|-activate|p2a: Corviknight|move: Poltergeist|Leftovers
|-damage|p2a: Corviknight|45/100
|move|p2a: Corviknight|Brave Bird|p1a: Brambleghast
|-supereffective|p1a: Brambleghast
|-enditem|p1a: Brambleghast|Focus Sash
|-damage|p1a: Brambleghast|1/100
|-damage|p2a: Corviknight|24/100|[from] Recoil
|
|-heal|p2a: Corviknight|30/100|[from] item: Leftovers
|-end|p1b: Dragapult|Throat Chop|[silent]
|upkeep
|turn|7
|
|t:|1757781043
|move|p2b: Sneasler|Throat Chop|p1b: Dragapult
|-supereffective|p1b: Dragapult
|-damage|p1b: Dragapult|0 fnt
|faint|p1b: Dragapult
|move|p1a: Brambleghast|Strength Sap|p2b: Sneasler
|-unboost|p2b: Sneasler|atk|1
|-heal|p1a: Brambleghast|100/100
|move|p2a: Corviknight|Brave Bird|p1a: Brambleghast
|-supereffective|p1a: Brambleghast
|-damage|p1a: Brambleghast|0 fnt
|faint|p1a: Brambleghast
|-damage|p2a: Corviknight|9/100|[from] Recoil
|
|win|HydroTheGod
||HydroTheGod is ready for game 2.
||Basura2U is ready for game 2.
|uhtml|next|Next: Game 2 of 3
|l|☆HydroTheGod
|player|p2|
