|j|☆UraniumVGC
|j|☆Prepucio Santos
|html|UraniumVGCPrepucio Santos    
|uhtml|bestof|Game 1 of a best-of-3
|t:|1784628588
|gametype|doubles
|player|p1|UraniumVGC|aaron|1152
|player|p2|Prepucio Santos|striker|1270
|gen|9
|tier|[Gen 9 Champions] VGC 2026 Reg M-B (Bo3)
|rated|
|rule|Species Clause: Limit one of each Pokémon
|rule|Item Clause: Limit 1 of each item
|clearpoke
|poke|p1|Garchomp, L50, F|
|poke|p1|Delphox, L50, F|
|poke|p1|Sinistcha, L50|
|poke|p1|Whimsicott, L50, M|
|poke|p1|Toxapex, L50, M|
|poke|p1|Grimmsnarl, L50, M|
|poke|p2|Incineroar, L50, M|
|poke|p2|Maushold, L50|
|poke|p2|Sinistcha, L50|
|poke|p2|Sneasler, L50, F|
|poke|p2|Blastoise, L50, F|
|poke|p2|Delphox, L50, M|
|teampreview|4
|showteam|p1|Garchomp||LifeOrb|RoughSkin|Earthquake,RockSlide,DragonClaw,Protect|Adamant||F|||50|]Delphox||Delphoxite|Blaze|Protect,HeatWave,Psyshock,NastyPlot|Bold||F|||50|]Sinistcha||SitrusBerry|Hospitality|TrickRoom,MatchaGotcha,RagePowder,Protect|Bold|||||50|]Whimsicott||FocusSash|Prankster|Tailwind,SunnyDay,Moonblast,Protect|Modest||M|||50|]Toxapex||Leftovers|Regenerator|Toxic,Infestation,BanefulBunker,PainSplit|Bold||M|||50|]Grimmsnarl||LightClay|Prankster|PartingShot,LightScreen,Reflect,FakeOut|Careful||M|||50|
|showteam|p2|Incineroar||SitrusBerry|Intimidate|FakeOut,FlareBlitz,ThroatChop,PartingShot|Impish||M|||50|]Maushold||ChopleBerry|FriendGuard|SuperFang,Feint,FollowMe,Protect|Impish|||||50|]Sinistcha||KasibBerry|Hospitality|MatchaGotcha,LifeDew,RagePowder,TrickRoom|Bold|||||50|]Sneasler||FocusSash|PoisonTouch|FakeOut,CloseCombat,DireClaw,QuickGuard|Jolly||F|||50|]Blastoise||Blastoisinite|RainDish|WaterSpout,DarkPulse,ShellSmash,Protect|Modest||F|||50|]Delphox||Delphoxite|Blaze|HeatWave,Psyshock,NastyPlot,Protect|Timid||M|||50|
|inactive|Battle timer is ON: inactive players will automatically lose when time's up. (requested by UraniumVGC)
|inactive|Prepucio Santos has 60 seconds left.
|inactive|Prepucio Santos has 30 seconds left.
|
|t:|1784628718
|teamsize|p1|4
|teamsize|p2|4
|start
|switch|p1a: Grimmsnarl|Grimmsnarl, L50, M|100/100
|switch|p1b: Toxapex|Toxapex, L50, M|100/100
|switch|p2a: Incineroar|Incineroar, L50, M|100/100
|switch|p2b: Delphox|Delphox, L50, M|100/100
|-ability|p2a: Incineroar|Intimidate|boost
|-unboost|p1a: Grimmsnarl|atk|1
|-unboost|p1b: Toxapex|atk|1
|turn|1
|
|t:|1784628730
|detailschange|p2b: Delphox|Delphox-Mega, L50, M
|-mega|p2b: Delphox|Delphox|Delphoxite
|move|p2a: Incineroar|Fake Out|p1a: Grimmsnarl
|-damage|p1a: Grimmsnarl|88/100
|cant|p1a: Grimmsnarl|flinch
|move|p2b: Delphox|Nasty Plot|p2b: Delphox
|-boost|p2b: Delphox|spa|2
|move|p1b: Toxapex|Toxic|p2b: Delphox
|-status|p2b: Delphox|tox
|
|-damage|p2b: Delphox|94/100 tox|[from] psn
|upkeep
|turn|2
|
|t:|1784628751
|move|p1b: Toxapex|Baneful Bunker|p1b: Toxapex
|-singleturn|p1b: Toxapex|move: Protect
|move|p1a: Grimmsnarl|Parting Shot|p2b: Delphox
|-unboost|p2b: Delphox|atk|1
|-unboost|p2b: Delphox|spa|1
|
|t:|1784628758
|switch|p1a: Garchomp|Garchomp, L50, F|100/100|[from] Parting Shot
|move|p2b: Delphox|Psyshock|p1b: Toxapex
|-activate|p1b: Toxapex|move: Protect
|move|p2a: Incineroar|Flare Blitz|p1a: Garchomp
|-resisted|p1a: Garchomp|1
|-damage|p1a: Garchomp|76/100
|-damage|p2a: Incineroar|87/100|[from] ability: Rough Skin|[of] p1a: Garchomp
|-damage|p2a: Incineroar|80/100|[from] Recoil
|
|-damage|p2b: Delphox|82/100 tox|[from] psn
|upkeep
|turn|3
|inactive|Prepucio Santos has 30 seconds left.
|
|t:|1784628783
|switch|p2a: Sinistcha|Sinistcha, L50|100/100
|-heal|p2b: Delphox|100/100 tox|[from] ability: Hospitality|[of] p2a: Sinistcha
|switch|p1b: Grimmsnarl|Grimmsnarl, L50, M|88/100
|move|p2b: Delphox|Psyshock|p1a: Garchomp
|-damage|p1a: Garchomp|10/100
|move|p1a: Garchomp|Rock Slide|p2b: Delphox|[spread] p2a,p2b
|-supereffective|p2b: Delphox|1
|-damage|p2a: Sinistcha|73/100
|-damage|p2b: Delphox|18/100 tox
|-damage|p1a: Garchomp|1/100|[from] item: Life Orb
|
|-damage|p2b: Delphox|1/100 tox|[from] psn
|upkeep
|turn|4
|inactive|Prepucio Santos has 30 seconds left.
|
|t:|1784628810
|move|p2b: Delphox|Protect|p2b: Delphox
|-singleturn|p2b: Delphox|Protect
|move|p1b: Grimmsnarl|Light Screen|p1b: Grimmsnarl
|-sidestart|p1: UraniumVGC|move: Light Screen
|move|p1a: Garchomp|Dragon Claw|p2a: Sinistcha
|-damage|p2a: Sinistcha|20/100y
|-damage|p1a: Garchomp|0 fnt|[from] item: Life Orb
|faint|p1a: Garchomp
|move|p2a: Sinistcha|Life Dew|p2a: Sinistcha|[spread] p2a,p2b
|-heal|p2a: Sinistcha|46/100
|-heal|p2b: Delphox|26/100 tox
|
|-damage|p2b: Delphox|2/100 tox|[from] psn
|upkeep
|
|t:|1784628823
|switch|p1a: Toxapex|Toxapex, L50, M|100/100
|turn|5
|
|t:|1784628842
|switch|p2b: Incineroar|Incineroar, L50, M|80/100
|-ability|p2b: Incineroar|Intimidate|boost
|-unboost|p1a: Toxapex|atk|1
|-unboost|p1b: Grimmsnarl|atk|1
|move|p1b: Grimmsnarl|Parting Shot|p2b: Incineroar
|-hint|Since gen 7, Dark is immune to Prankster moves.
|-immune|p2b: Incineroar
|move|p2a: Sinistcha|Life Dew|p2a: Sinistcha|[spread] p2a,p2b
|-heal|p2a: Sinistcha|71/100
|-heal|p2b: Incineroar|100/100
|move|p1a: Toxapex|Toxic|p2a: Sinistcha
|-status|p2a: Sinistcha|tox
|
|-damage|p2a: Sinistcha|65/100 tox|[from] psn
|upkeep
|turn|6
|inactive|Prepucio Santos has 30 seconds left.
|
|t:|1784628868
|move|p1b: Grimmsnarl|Reflect|p1b: Grimmsnarl
|-sidestart|p1: UraniumVGC|Reflect
|move|p2a: Sinistcha|Matcha Gotcha|p1b: Grimmsnarl|[spread] p1a,p1b
|-damage|p1a: Toxapex|85/100
|-heal|p2a: Sinistcha|71/100 tox|[from] drain|[of] p1a: Toxapex
|-damage|p1b: Grimmsnarl|75/100
|-heal|p2a: Sinistcha|79/100 tox|[from] drain|[of] p1b: Grimmsnarl
|-status|p1a: Toxapex|brn
|move|p2b: Incineroar|Flare Blitz|p1b: Grimmsnarl
|-damage|p1b: Grimmsnarl|39/100
|-damage|p2b: Incineroar|88/100|[from] Recoil
|move|p1a: Toxapex|Infestation|p2a: Sinistcha
|-damage|p2a: Sinistcha|76/100 tox
|-activate|p2a: Sinistcha|move: Infestation|[of] p1a: Toxapex
|
|-heal|p1a: Toxapex|91/100 brn|[from] item: Leftovers
|-damage|p2a: Sinistcha|64/100 tox|[from] psn
|-damage|p1a: Toxapex|85/100 brn|[from] brn
|-damage|p2a: Sinistcha|51/100 tox|[from] move: Infestation|[partiallytrapped]
|upkeep
|turn|7
|inactive|Prepucio Santos has 30 seconds left.
|
|t:|1784628897
|move|p1b: Grimmsnarl|Parting Shot|p2a: Sinistcha
|-unboost|p2a: Sinistcha|atk|1
|-unboost|p2a: Sinistcha|spa|1
|
|t:|1784628899
|switch|p1b: Whimsicott|Whimsicott, L50, M|100/100|[from] Parting Shot
|move|p2a: Sinistcha|Matcha Gotcha|p1b: Whimsicott|[spread] p1a,p1b
|-resisted|p1b: Whimsicott|1
|-damage|p1a: Toxapex|75/100 brn
|-heal|p2a: Sinistcha|56/100 tox|[from] drain|[of] p1a: Toxapex
|-damage|p1b: Whimsicott|92/100
|-heal|p2a: Sinistcha|59/100 tox|[from] drain|[of] p1b: Whimsicott
|move|p2b: Incineroar|Flare Blitz|p1b: Whimsicott
|-supereffective|p1b: Whimsicott|1
|-damage|p1b: Whimsicott|10/100
|-damage|p2b: Incineroar|66/100|[from] Recoil
|move|p1a: Toxapex|Toxic|p2b: Incineroar
|-status|p2b: Incineroar|tox
|
|-heal|p1a: Toxapex|81/100 brn|[from] item: Leftovers
|-damage|p2a: Sinistcha|41/100 tox|[from] psn
|-damage|p2b: Incineroar|60/100 tox|[from] psn
|-damage|p1a: Toxapex|75/100 brn|[from] brn
|-damage|p2a: Sinistcha|28/100 tox|[from] move: Infestation|[partiallytrapped]
|upkeep
|turn|8
|
|t:|1784628916
|move|p1b: Whimsicott|Tailwind|p1b: Whimsicott
|-sidestart|p1: UraniumVGC|move: Tailwind
|move|p1a: Toxapex|Infestation|p2b: Incineroar
|-damage|p2b: Incineroar|57/100 tox
|-activate|p2b: Incineroar|move: Infestation|[of] p1a: Toxapex
|move|p2a: Sinistcha|Matcha Gotcha|p1a: Toxapex|[spread] p1a,p1b
|-resisted|p1b: Whimsicott|1
|-damage|p1a: Toxapex|66/100 brn
|-heal|p2a: Sinistcha|32/100 tox|[from] drain|[of] p1a: Toxapex
|-damage|p1b: Whimsicott|1/100
|-heal|p2a: Sinistcha|36/100 tox|[from] drain|[of] p1b: Whimsicott
|move|p2b: Incineroar|Parting Shot|p1a: Toxapex
|-unboost|p1a: Toxapex|atk|1
|-unboost|p1a: Toxapex|spa|1
|
|t:|1784628930
|switch|p2b: Sneasler|Sneasler, L50, F|100/100|[from] Parting Shot
|
|-heal|p1a: Toxapex|72/100 brn|[from] item: Leftovers
|-damage|p2a: Sinistcha|11/100 tox|[from] psn
|-damage|p1a: Toxapex|66/100 brn|[from] brn
|-damage|p2a: Sinistcha|0 fnt|[from] move: Infestation|[partiallytrapped]
|faint|p2a: Sinistcha
|upkeep
|
|t:|1784628935
|switch|p2a: Incineroar|Incineroar, L50, M|57/100 tox
|-ability|p2a: Incineroar|Intimidate|boost
|-unboost|p1a: Toxapex|atk|1
|-unboost|p1b: Whimsicott|atk|1
|turn|9
|
|t:|1784628948
|move|p1b: Whimsicott|Protect|p1b: Whimsicott
|-singleturn|p1b: Whimsicott|Protect
|move|p1a: Toxapex|Baneful Bunker|p1a: Toxapex
|-singleturn|p1a: Toxapex|move: Protect
|move|p2b: Sneasler|Fake Out|p1b: Whimsicott
|-activate|p1b: Whimsicott|move: Protect
|move|p2a: Incineroar|Parting Shot|p1a: Toxapex
|-activate|p1a: Toxapex|move: Protect
|
|-heal|p1a: Toxapex|72/100 brn|[from] item: Leftovers
|-damage|p2a: Incineroar|51/100 tox|[from] psn
|-damage|p1a: Toxapex|66/100 brn|[from] brn
|upkeep
|turn|10
|inactive|Prepucio Santos has 30 seconds left.
|
|t:|1784628976
|move|p1b: Whimsicott|Moonblast|p2b: Sneasler
|-damage|p2b: Sneasler|50/100g
|move|p2b: Sneasler|Dire Claw|p1b: Whimsicott
|-supereffective|p1b: Whimsicott|2
|-damage|p1b: Whimsicott|0 fnt
|faint|p1b: Whimsicott
|move|p1a: Toxapex|Infestation|p2a: Incineroar
|-damage|p2a: Incineroar|49/100 tox
|-activate|p2a: Incineroar|move: Infestation|[of] p1a: Toxapex
|-enditem|p2a: Incineroar|Sitrus Berry|[eat]
|-heal|p2a: Incineroar|74/100 tox|[from] item: Sitrus Berry
|move|p2a: Incineroar|Throat Chop|p1a: Toxapex
|-damage|p1a: Toxapex|54/100 brn
|-start|p1a: Toxapex|Throat Chop|[silent]
|
|-heal|p1a: Toxapex|60/100 brn|[from] item: Leftovers
|-damage|p2a: Incineroar|62/100 tox|[from] psn
|-damage|p1a: Toxapex|54/100 brn|[from] brn
|-damage|p2a: Incineroar|49/100 tox|[from] move: Infestation|[partiallytrapped]
|upkeep
|
|t:|1784628983
|switch|p1b: Grimmsnarl|Grimmsnarl, L50, M|39/100
|turn|11
|
|t:|1784629005
|move|p1b: Grimmsnarl|Fake Out|p2a: Incineroar
|-damage|p2a: Incineroar|41/100 tox
|move|p2b: Sneasler|Dire Claw|p1b: Grimmsnarl
|-supereffective|p1b: Grimmsnarl|1
|-damage|p1b: Grimmsnarl|0 fnt
|faint|p1b: Grimmsnarl
|move|p1a: Toxapex|Infestation|p2b: Sneasler
|-resisted|p2b: Sneasler|2
|-damage|p2b: Sneasler|50/100g
|-activate|p2b: Sneasler|move: Infestation|[of] p1a: Toxapex
|cant|p2a: Incineroar|flinch
|
|-heal|p1a: Toxapex|60/100 brn|[from] item: Leftovers
|-damage|p2a: Incineroar|23/100 tox|[from] psn
|-damage|p1a: Toxapex|54/100 brn|[from] brn
|-damage|p2b: Sneasler|38/100|[from] move: Infestation|[partiallytrapped]
|-damage|p2a: Incineroar|10/100 tox|[from] move: Infestation|[partiallytrapped]
|-end|p1a: Toxapex|Throat Chop|[silent]
|-sideend|p1: UraniumVGC|move: Light Screen
|-sideend|p1: UraniumVGC|move: Tailwind
|upkeep
|turn|12
|
|t:|1784629024
|move|p2b: Sneasler|Dire Claw|p1a: Toxapex
|-resisted|p1a: Toxapex|1
|-crit|p1a: Toxapex
|-damage|p1a: Toxapex|35/100 brn
|move|p2a: Incineroar|Throat Chop|p1a: Toxapex
|-damage|p1a: Toxapex|22/100 brn
|-start|p1a: Toxapex|Throat Chop|[silent]
|move|p1a: Toxapex|Toxic|p2b: Sneasler
|-immune|p2b: Sneasler
|
|-heal|p1a: Toxapex|28/100 brn|[from] item: Leftovers
|-damage|p2a: Incineroar|0 fnt|[from] psn
|faint|p2a: Incineroar
|-damage|p1a: Toxapex|22/100 brn|[from] brn
|-damage|p2b: Sneasler|25/100|[from] move: Infestation|[partiallytrapped]
|upkeep
|
|t:|1784629033
|switch|p2a: Delphox|Delphox-Mega, L50, M|2/100 tox
|turn|13
|
|t:|1784629039
|move|p1a: Toxapex|Baneful Bunker|p1a: Toxapex
|-singleturn|p1a: Toxapex|move: Protect
|move|p2a: Delphox|Psyshock|p1a: Toxapex
|-activate|p1a: Toxapex|move: Protect
|move|p2b: Sneasler|Dire Claw|p1a: Toxapex
|-activate|p1a: Toxapex|move: Protect
|
|-heal|p1a: Toxapex|28/100 brn|[from] item: Leftovers
|-damage|p2a: Delphox|0 fnt|[from] psn
|faint|p2a: Delphox
|-damage|p1a: Toxapex|22/100 brn|[from] brn
|-damage|p2b: Sneasler|13/100|[from] move: Infestation|[partiallytrapped]
|-end|p1a: Toxapex|Throat Chop|[silent]
|-sideend|p1: UraniumVGC|Reflect
|upkeep
|turn|14
|
|t:|1784629045
|move|p2b: Sneasler|Close Combat|p1a: Toxapex
|-resisted|p1a: Toxapex|1
|-damage|p1a: Toxapex|1/100 brn
|-unboost|p2b: Sneasler|def|1
|-unboost|p2b: Sneasler|spd|1
|move|p1a: Toxapex|Infestation|p2b: Sneasler
|-resisted|p2b: Sneasler|2
|-damage|p2b: Sneasler|12/100
|
|-heal|p1a: Toxapex|7/100 brn|[from] item: Leftovers
|-damage|p1a: Toxapex|1/100 brn|[from] brn
|-damage|p2b: Sneasler|1/100|[from] move: Infestation|[partiallytrapped]
|upkeep
|turn|15
|
|t:|1784629051
|move|p1a: Toxapex|Baneful Bunker|p1a: Toxapex
|-singleturn|p1a: Toxapex|move: Protect
|move|p2b: Sneasler|Close Combat|p1a: Toxapex
|-activate|p1a: Toxapex|move: Protect
|
|-heal|p1a: Toxapex|7/100 brn|[from] item: Leftovers
|-damage|p1a: Toxapex|1/100 brn|[from] brn
|-damage|p2b: Sneasler|0 fnt|[from] move: Infestation|[partiallytrapped]
|faint|p2b: Sneasler
|
|win|UraniumVGC
||Prepucio Santos is ready for game 2.
||UraniumVGC is ready for game 2.
|uhtml|next|Next: Game 2 of 3
|l|☆UraniumVGC
|player|p1|
