|j|☆testdigi
|j|‽MPM1998
|html|testdigiMPM1998    
|uhtml|bestof|Game 1 of a best-of-3
|t:|1785251955
|gametype|doubles
|player|p1|testdigi|169|1137
|player|p2|MPM1998|265|1211
|gen|9
|tier|[Gen 9 Champions] VGC 2026 Reg M-B (Bo3)
|rated|
|rule|Species Clause: Limit one of each Pokémon
|rule|Item Clause: Limit 1 of each item
|clearpoke
|poke|p1|Staraptor, L50, M|
|poke|p1|Garchomp, L50, M|
|poke|p1|Whimsicott, L50, F|
|poke|p1|Delphox, L50, M|
|poke|p1|Kingambit, L50, M, shiny|
|poke|p1|Sinistcha-Masterpiece, L50|
|poke|p2|Charizard, L50, M|
|poke|p2|Venusaur, L50, M|
|poke|p2|Farigiraf, L50, M|
|poke|p2|Sneasler, L50, F|
|poke|p2|Drampa, L50, M|
|poke|p2|Torkoal, L50, M|
|teampreview|4
|showteam|p1|Staraptor||Staraptite|Intimidate|Protect,Roost,CloseCombat,BraveBird|Adamant||M|||50|]Garchomp||LifeOrb|RoughSkin|Protect,RockSlide,Earthquake,DragonClaw|Jolly||M|||50|]Whimsicott||FocusSash|Prankster|Moonblast,Tailwind,Charm,FakeTears|Timid||F|||50|]Delphox||Delphoxite|Magician|Protect,Psychic,HeatWave,Substitute|Modest||M|||50|]Kingambit||ChopleBerry|Defiant|KowtowCleave,Protect,SuckerPunch,LowKick|Serious||M|||50|]Sinistcha-Masterpiece||ColburBerry|Hospitality|MatchaGotcha,LifeDew,TrickRoom,Protect|Relaxed|||||50|
|showteam|p2|Charizard||CharizarditeY|Blaze|HeatWave,WeatherBall,SolarBeam,Protect|Timid||M|||50|]Venusaur||FocusSash|Chlorophyll|SolarBeam,SludgeBomb,EarthPower,Protect|Modest||M|||50|]Farigiraf||SitrusBerry|ArmorTail|TrickRoom,HelpingHand,TwinBeam,Thunderbolt|Bold||M|||50|]Sneasler||WhiteHerb|Unburden|FakeOut,CloseCombat,DireClaw,Protect|Adamant||F|||50|]Drampa||Drampanite|Berserk|HyperVoice,DragonPulse,EarthPower,Protect|Quiet||M|||50|]Torkoal||Charcoal|Drought|Eruption,WeatherBall,EarthPower,Protect|Modest||M|||50|
|inactive|Battle timer is ON: inactive players will automatically lose when time's up. (requested by testdigi)
|
|t:|1785252031
|teamsize|p1|4
|teamsize|p2|4
|start
|switch|p1a: Whimsicott|Whimsicott, L50, F|100/100
|switch|p1b: Delphox|Delphox, L50, M|100/100
|switch|p2a: Farigiraf|Farigiraf, L50, M|100/100
|switch|p2b: Drampa|Drampa, L50, M|100/100
|turn|1
|inactive|testdigi has 30 seconds left.
|
|t:|1785252063
|detailschange|p1b: Delphox|Delphox-Mega, L50, M
|-mega|p1b: Delphox|Delphox|Delphoxite
|detailschange|p2b: Drampa|Drampa-Mega, L50, M
|-mega|p2b: Drampa|Drampa|Drampanite
|move|p1a: Whimsicott|Moonblast|p2a: Farigiraf
|-damage|p2a: Farigiraf|76/100
|move|p1b: Delphox|Heat Wave|p2a: Farigiraf|[spread] p2a,p2b
|-resisted|p2b: Drampa|1
|-damage|p2a: Farigiraf|42/100
|-damage|p2b: Drampa|80/100
|-enditem|p2a: Farigiraf|Sitrus Berry|[eat]
|-heal|p2a: Farigiraf|67/100|[from] item: Sitrus Berry
|move|p2b: Drampa|Hyper Voice|p1a: Whimsicott|[spread] p1a,p1b
|-damage|p1a: Whimsicott|21/100
|-damage|p1b: Delphox|63/100
|move|p2a: Farigiraf|Trick Room|p2a: Farigiraf
|-fieldstart|move: Trick Room|[of] p2a: Farigiraf
|
|upkeep
|turn|2
|
|t:|1785252086
|switch|p1a: Kingambit|Kingambit, L50, M, shiny|100/100
|move|p1b: Delphox|Protect|p1b: Delphox
|-singleturn|p1b: Delphox|Protect
|move|p2b: Drampa|Hyper Voice|p1b: Delphox|[spread] p1a
|-activate|p1b: Delphox|move: Protect
|-resisted|p1a: Kingambit|1
|-damage|p1a: Kingambit|77/100
|move|p2a: Farigiraf|Thunderbolt|p1b: Delphox
|-activate|p1b: Delphox|move: Protect
|
|upkeep
|turn|3
|
|t:|1785252103
|switch|p1b: Garchomp|Garchomp, L50, M|100/100
|move|p2a: Farigiraf|Helping Hand|p2b: Drampa
|-singleturn|p2b: Drampa|Helping Hand|[of] p2a: Farigiraf
|move|p2b: Drampa|Earth Power|p1a: Kingambit
|-supereffective|p1a: Kingambit|1
|-damage|p1a: Kingambit|0 fnt
|faint|p1a: Kingambit
|
|upkeep
|
|t:|1785252112
|switch|p1a: Delphox|Delphox-Mega, L50, M|63/100
|turn|4
|
|t:|1785252126
|move|p2a: Farigiraf|Helping Hand|p2b: Drampa
|-singleturn|p2b: Drampa|Helping Hand|[of] p2a: Farigiraf
|move|p2b: Drampa|Hyper Voice|p1a: Delphox|[spread] p1a,p1b
|-damage|p1a: Delphox|2/100
|-damage|p1b: Garchomp|23/100
|move|p1b: Garchomp|Earthquake|p2b: Drampa|[spread] p2a,p2b
|-immune|p1a: Delphox|[from] ability: Levitate
|-damage|p2a: Farigiraf|27/100
|-damage|p2b: Drampa|31/100
|-ability|p2b: Drampa|Berserk|boost
|-boost|p2b: Drampa|spa|1
|-damage|p1b: Garchomp|14/100|[from] item: Life Orb
|move|p1a: Delphox|Psychic|p2b: Drampa
|-damage|p2b: Drampa|0 fnt
|faint|p2b: Drampa
|
|upkeep
|
|t:|1785252132
|switch|p2b: Torkoal|Torkoal, L50, M|100/100
|-weather|SunnyDay|[from] ability: Drought|[of] p2b: Torkoal
|turn|5
|
|t:|1785252138
|switch|p2a: Venusaur|Venusaur, L50, M|100/100
|move|p1b: Garchomp|Protect|p1b: Garchomp
|-singleturn|p1b: Garchomp|Protect
|move|p1a: Delphox|Protect|p1a: Delphox
|-singleturn|p1a: Delphox|Protect
|move|p2b: Torkoal|Eruption|p1b: Garchomp|[spread] 
|-activate|p1a: Delphox|move: Protect
|-activate|p1b: Garchomp|move: Protect
|
|-weather|SunnyDay|[upkeep]
|-fieldend|move: Trick Room
|upkeep
|turn|6
|inactive|MPM1998 has 30 seconds left.
|
|t:|1785252172
|move|p2a: Venusaur|Sludge Bomb|p1b: Garchomp
|-resisted|p1b: Garchomp|1
|-damage|p1b: Garchomp|0 fnt
|faint|p1b: Garchomp
|move|p1a: Delphox|Psychic|p2b: Torkoal
|-crit|p2b: Torkoal
|-damage|p2b: Torkoal|0 fnt
|faint|p2b: Torkoal
|
|-weather|SunnyDay|[upkeep]
|upkeep
|
|t:|1785252176
|switch|p1b: Whimsicott|Whimsicott, L50, F|21/100
|switch|p2b: Farigiraf|Farigiraf, L50, M|27/100
|turn|7
|
|t:|1785252201
|move|p1b: Whimsicott|Tailwind|p1b: Whimsicott
|-sidestart|p1: testdigi|move: Tailwind
|move|p1a: Delphox|Heat Wave|p2b: Farigiraf|[spread] p2a,p2b
|-supereffective|p2a: Venusaur|1
|-enditem|p2a: Venusaur|Focus Sash
|-damage|p2a: Venusaur|1/100
|-damage|p2b: Farigiraf|0 fnt
|faint|p2b: Farigiraf
|move|p2a: Venusaur|Sludge Bomb|p1b: Whimsicott
|-supereffective|p1b: Whimsicott|2
|-damage|p1b: Whimsicott|0 fnt
|faint|p1b: Whimsicott
|
|-weather|SunnyDay|[upkeep]
|upkeep
|turn|8
|
|t:|1785252208
|move|p1a: Delphox|Psychic|p2a: Venusaur
|-supereffective|p2a: Venusaur|1
|-damage|p2a: Venusaur|0 fnt
|faint|p2a: Venusaur
|
|win|testdigi
||testdigi is ready for game 2.
||MPM1998 is ready for game 2.
|uhtml|next|Next: Game 2 of 3
