|j|☆FluffyFowl
|j|☆rotomheatclone
|html|FluffyFowlrotomheatclone    
|uhtml|bestof|Game 2 of a best-of-3
|t:|1783124973
|gametype|doubles
|player|p1|FluffyFowl|marnie|1000
|player|p2|rotomheatclone|102|1000
|gen|9
|tier|[Gen 9 Champions] VGC 2026 Reg M-B (Bo3)
|rated|
|rule|Species Clause: Limit one of each Pokémon
|rule|Item Clause: Limit 1 of each item
|clearpoke
|poke|p1|Gourgeist-Small, L50, M|
|poke|p1|Arbok, L50, F, shiny|
|poke|p1|Gyarados, L50, M|
|poke|p1|Sylveon, L50, M|
|poke|p1|Morpeko, L50, F|
|poke|p1|Kleavor, L50, M|
|poke|p2|Sinistcha, L50|
|poke|p2|Swampert, L50, M, shiny|
|poke|p2|Pelipper, L50, M, shiny|
|poke|p2|Archaludon, L50, M, shiny|
|poke|p2|Metagross, L50, shiny|
|poke|p2|Grimmsnarl, L50, M, shiny|
|teampreview|4
|showteam|p1|Gourgeist-Small||ChoiceScarf|Pickup|TrickorTreat,Poltergeist,Curse,Trick|Jolly||M|||50|]Arbok||MentalHerb|Intimidate|Coil,GunkShot,Haze,DragonTail|Jolly||F|||50|]Gyarados||Gyaradosite|Intimidate|BrutalSwing,Waterfall,DragonDance,Protect|Adamant||M|||50|]Sylveon||FairyFeather|Pixilate|HyperVoice,HyperBeam,CalmMind,Protect|Modest||M|||50|]Morpeko||FocusSash|HungerSwitch|AuraWheel,SuperFang,Endeavor,Protect|Jolly||F|||50|]Kleavor||SitrusBerry|Swarm|Tailwind,StoneAxe,XScissor,Protect|Jolly||M|||50|
|showteam|p2|Sinistcha||CobaBerry|Hospitality|MatchaGotcha,RagePowder,TrickRoom,Protect|Sassy|||||50|]Swampert||Swampertite|Torrent|WaveCrash,Earthquake,IcePunch,Protect|Adamant||M|||50|]Pelipper||SitrusBerry|Drizzle|Hurricane,WeatherBall,Tailwind,WideGuard|Modest||M|||50|]Archaludon||Leftovers|Stamina|ElectroShot,DragonPulse,FlashCannon,Protect|Modest||M|||50|]Metagross||Metagrossite|ClearBody|IronHead,PsychicFangs,BodyPress,Protect|Adamant|||||50|]Grimmsnarl||LightClay|Prankster|SpiritBreak,PartingShot,LightScreen,Reflect|Careful||M|||50|
|inactive|Battle timer is ON: inactive players will automatically lose when time's up. (requested by rotomheatclone)
|
|t:|1783125010
|teamsize|p1|4
|teamsize|p2|4
|start
|switch|p1a: Gary2|Gyarados, L50, M|100/100
|switch|p1b: Halloween|Gourgeist-Small, L50, M|100/100
|switch|p2a: Pelipper|Pelipper, L50, M, shiny|100/100
|switch|p2b: Archaludon|Archaludon, L50, M, shiny|100/100
|-ability|p1a: Gary2|Intimidate|boost
|-unboost|p2a: Pelipper|atk|1
|-unboost|p2b: Archaludon|atk|1
|-weather|RainDance|[from] ability: Drizzle|[of] p2a: Pelipper
|turn|1
|
|t:|1783125027
|detailschange|p1a: Gary2|Gyarados-Mega, L50, M
|-mega|p1a: Gary2|Gyarados|Gyaradosite
|-ability|p1a: Gary2|Mold Breaker
|move|p1b: Halloween|Trick-or-Treat|p2b: Archaludon
|-start|p2b: Archaludon|typeadd|Ghost|[from] move: Trick-or-Treat
|move|p1a: Gary2|Brutal Swing|p2b: Archaludon|[spread] p1b,p2a,p2b
|-supereffective|p1b: Halloween|1
|-supereffective|p2b: Archaludon|1
|-damage|p1b: Halloween|27/100
|-damage|p2a: Pelipper|69/100
|-damage|p2b: Archaludon|57/100
|-ability|p2b: Archaludon|Stamina|boost
|-boost|p2b: Archaludon|def|1
|move|p2b: Archaludon|Electro Shot||[still]
|-prepare|p2b: Archaludon|Electro Shot
|-boost|p2b: Archaludon|spa|1
|-anim|p2b: Archaludon|Electro Shot|p1a: Gary2
|-supereffective|p1a: Gary2|1
|-damage|p1a: Gary2|0 fnt
|faint|p1a: Gary2
|move|p2a: Pelipper|Hurricane|p1b: Halloween
|-supereffective|p1b: Halloween|1
|-damage|p1b: Halloween|0 fnt
|faint|p1b: Halloween
|
|-weather|RainDance|[upkeep]
|-heal|p2b: Archaludon|63/100|[from] item: Leftovers
|upkeep
|inactive|FluffyFowl has 30 seconds left.
|
|t:|1783125055
|switch|p1b: Anti-Zard|Kleavor, L50, M|100/100
|switch|p1a: Silly Hamster :3|Morpeko, L50, F|100/100
|turn|2
|
|t:|1783125067
|move|p1a: Silly Hamster :3|Aura Wheel|p2a: Pelipper
|-supereffective|p2a: Pelipper|2
|-damage|p2a: Pelipper|0 fnt
|-boost|p1a: Silly Hamster :3|spe|1
|faint|p2a: Pelipper
|move|p1b: Anti-Zard|Tailwind|p1b: Anti-Zard
|-sidestart|p1: FluffyFowl|move: Tailwind
|move|p2b: Archaludon|Electro Shot||[still]
|-prepare|p2b: Archaludon|Electro Shot
|-boost|p2b: Archaludon|spa|1
|-anim|p2b: Archaludon|Electro Shot|p1b: Anti-Zard
|-damage|p1b: Anti-Zard|0 fnt
|faint|p1b: Anti-Zard
|
|-weather|RainDance|[upkeep]
|-heal|p2b: Archaludon|69/100|[from] item: Leftovers
|-formechange|p1a: Silly Hamster :3|Morpeko-Hangry|
|upkeep
|
|t:|1783125082
|switch|p2a: Sinistcha|Sinistcha, L50|100/100
|-heal|p2b: Archaludon|94/100|[from] ability: Hospitality|[of] p2a: Sinistcha
|turn|3
|
|t:|1783125098
|move|p2a: Sinistcha|Rage Powder|p2a: Sinistcha
|-singleturn|p2a: Sinistcha|move: Rage Powder
|move|p1a: Silly Hamster :3|Aura Wheel|p2a: Sinistcha
|-supereffective|p2a: Sinistcha|1
|-damage|p2a: Sinistcha|32/100
|-boost|p1a: Silly Hamster :3|spe|1
|move|p2b: Archaludon|Electro Shot||[still]
|-prepare|p2b: Archaludon|Electro Shot
|-boost|p2b: Archaludon|spa|1
|-anim|p2b: Archaludon|Electro Shot|p1a: Silly Hamster :3
|-resisted|p1a: Silly Hamster :3|1
|-damage|p1a: Silly Hamster :3|9/100
|
|-weather|RainDance|[upkeep]
|-heal|p2b: Archaludon|100/100|[from] item: Leftovers
|-formechange|p1a: Silly Hamster :3|Morpeko|
|upkeep
|turn|4
|
|t:|1783125113
|move|p1a: Silly Hamster :3|Protect|p1a: Silly Hamster :3
|-singleturn|p1a: Silly Hamster :3|Protect
|move|p2a: Sinistcha|Rage Powder|p2a: Sinistcha
|-singleturn|p2a: Sinistcha|move: Rage Powder
|move|p2b: Archaludon|Dragon Pulse|p1a: Silly Hamster :3
|-activate|p1a: Silly Hamster :3|move: Protect
|
|-weather|RainDance|[upkeep]
|-formechange|p1a: Silly Hamster :3|Morpeko-Hangry|
|upkeep
|turn|5
|
|t:|1783125122
|move|p2a: Sinistcha|Rage Powder|p2a: Sinistcha
|-singleturn|p2a: Sinistcha|move: Rage Powder
|move|p1a: Silly Hamster :3|Aura Wheel|p2a: Sinistcha
|-supereffective|p2a: Sinistcha|1
|-damage|p2a: Sinistcha|0 fnt
|-boost|p1a: Silly Hamster :3|spe|1
|faint|p2a: Sinistcha
|move|p2b: Archaludon|Dragon Pulse|p1a: Silly Hamster :3
|-damage|p1a: Silly Hamster :3|0 fnt
|faint|p1a: Silly Hamster :3
|
|win|rotomheatclone
|raw|FluffyFowl's rating: 1000 → 1000(+0 for losing)
|raw|rotomheatclone's rating: 1000 → 1040(+40 for winning)
