|j|☆OreXis945
|j|☆donofair
|html|OreXis945donofair    
|uhtml|bestof|Game 2 of a best-of-3
|t:|1756912791
|gametype|doubles
|player|p1|OreXis945|101|1135
|player|p2|donofair|rancher|1249
|gen|9
|tier|[Gen 9] VGC 2025 Reg H (Bo3)
|rated|
|rule|Species Clause: Limit one of each Pokémon
|rule|Item Clause: Limit 1 of each item
|clearpoke
|poke|p1|Archaludon, L50, M|
|poke|p1|Sinistcha-Masterpiece, L50|
|poke|p1|Dragonite, L50, M|
|poke|p1|Pelipper, L50, F|
|poke|p1|Ursaluna, L50, F|
|poke|p1|Gholdengo, L50|
|poke|p2|Dragonite, L50, F|
|poke|p2|Kingambit, L50, M|
|poke|p2|Volcarona, L50, F|
|poke|p2|Garchomp, L50, F|
|poke|p2|Sneasler, L50, F|
|poke|p2|Rillaboom, L50, M|
|teampreview|4
|showteam|p1|Archaludon||AssaultVest|Stamina|BodyPress,Snarl,ElectroShot,FlashCannon|||M|||50|,,,,,Fighting]Sinistcha-Masterpiece||SitrusBerry|Hospitality|MatchaGotcha,RagePowder,TrickRoom,LifeDew||||||50|,,,,,Dark]Dragonite||LoadedDice|Multiscale|ScaleShot,Protect,Tailwind,Haze|||M|||50|,,,,,Steel]Pelipper||FocusSash|Drizzle|MuddyWater,Hurricane,Tailwind,Protect|||F|||50|,,,,,Ghost]Ursaluna||FlameOrb|Guts|Facade,HeadlongRush,Earthquake,Protect|||F|||50|,,,,,Ghost]Gholdengo||ChoiceScarf|GoodasGold|MakeItRain,TeraBlast,ShadowBall,Trick||||||50|,,,,,Water
|showteam|p2|Dragonite||LoadedDice|Multiscale|ScaleShot,Haze,Tailwind,Protect|||F|||50|,,,,,Fairy]Kingambit||BlackGlasses|Defiant|KowtowCleave,SuckerPunch,SwordsDance,Protect|||M|||50|,,,,,Ghost]Volcarona||CovertCloak|FlameBody|QuiverDance,HeatWave,TeraBlast,Protect|||F|||50|,,,,,Fairy]Garchomp||LifeOrb|RoughSkin|Earthquake,DragonClaw,StompingTantrum,Protect|||F|||50|,,,,,Ground]Sneasler||FocusSash|PoisonTouch|DireClaw,CloseCombat,FakeOut,Coaching|||F|||50|,,,,,Fighting]Rillaboom||MiracleSeed|GrassySurge|WoodHammer,GrassyGlide,FakeOut,Taunt|||M|||50|,,,,,Grass
|
|t:|1756912844
|teamsize|p1|4
|teamsize|p2|4
|start
|switch|p1a: Gholdengo|Gholdengo, L50|100/100
|switch|p1b: Dragonite|Dragonite, L50, M|100/100
|switch|p2a: Dragonite|Dragonite, L50, F, shiny|100/100
|switch|p2b: Garchomp|Garchomp, L50, F, shiny|100/100
|turn|1
|
|t:|1756912873
|switch|p1b: Archaludon|Archaludon, L50, M|100/100
|move|p2b: Garchomp|Protect|p2b: Garchomp
|-singleturn|p2b: Garchomp|Protect
|move|p1a: Gholdengo|Make It Rain|p2b: Garchomp|[spread] p2a
|-activate|p2b: Garchomp|move: Protect
|-damage|p2a: Dragonite|74/100
|-unboost|p1a: Gholdengo|spa|1
|move|p2a: Dragonite|Tailwind|p2a: Dragonite
|-sidestart|p2: donofair|move: Tailwind
|
|upkeep
|turn|2
|
|t:|1756912900
|switch|p1a: Pelipper|Pelipper, L50, F|100/100
|-weather|RainDance|[from] ability: Drizzle|[of] p1a: Pelipper
|-terastallize|p2b: Garchomp|Ground
|-terastallize|p1b: Archaludon|Fighting
|move|p2b: Garchomp|Earthquake|p1a: Pelipper|[spread] p1b
|-immune|p2a: Dragonite
|-immune|p1a: Pelipper
|-damage|p1b: Archaludon|58/100
|-ability|p1b: Archaludon|Stamina|boost
|-boost|p1b: Archaludon|def|1
|-damage|p2b: Garchomp|91/100|[from] item: Life Orb
|move|p2a: Dragonite|Scale Shot|p1a: Pelipper
|-damage|p1a: Pelipper|82/100
|-damage|p1a: Pelipper|64/100
|-damage|p1a: Pelipper|43/100
|-damage|p1a: Pelipper|25/100
|-hitcount|p1a: Pelipper|4
|-unboost|p2a: Dragonite|def|1
|-boost|p2a: Dragonite|spe|1
|move|p1b: Archaludon|Electro Shot||[still]
|-prepare|p1b: Archaludon|Electro Shot
|-boost|p1b: Archaludon|spa|1
|-anim|p1b: Archaludon|Electro Shot|p2a: Dragonite
|-damage|p2a: Dragonite|13/100
|
|-weather|RainDance|[upkeep]
|upkeep
|turn|3
|
|t:|1756912949
|move|p2a: Dragonite|Haze|p2a: Dragonite
|-clearallboost
|move|p2b: Garchomp|Dragon Claw|p1a: Pelipper
|-damage|p1a: Pelipper|0 fnt
|faint|p1a: Pelipper
|-damage|p2b: Garchomp|81/100|[from] item: Life Orb
|move|p1b: Archaludon|Body Press|p2b: Garchomp
|-damage|p2b: Garchomp|37/100
|-damage|p1b: Archaludon|46/100|[from] ability: Rough Skin|[of] p2b: Garchomp
|
|-weather|RainDance|[upkeep]
|upkeep
|
|t:|1756912960
|switch|p1a: Dragonite|Dragonite, L50, M|100/100
|turn|4
|
|t:|1756913000
|move|p1a: Dragonite|Protect|p1a: Dragonite
|-singleturn|p1a: Dragonite|Protect
|move|p2b: Garchomp|Earthquake|p1a: Dragonite|[spread] p1b
|-activate|p1a: Dragonite|move: Protect
|-immune|p2a: Dragonite
|-damage|p1b: Archaludon|2/100
|-ability|p1b: Archaludon|Stamina|boost
|-boost|p1b: Archaludon|def|1
|-damage|p2b: Garchomp|27/100|[from] item: Life Orb
|move|p2a: Dragonite|Scale Shot|p1b: Archaludon
|-damage|p1b: Archaludon|0 fnt
|faint|p1b: Archaludon
|-hitcount|p1: Archaludon|1
|-unboost|p2a: Dragonite|def|1
|-boost|p2a: Dragonite|spe|1
|
|-weather|RainDance|[upkeep]
|-sideend|p2: donofair|move: Tailwind
|upkeep
|
|t:|1756913011
|switch|p1b: Gholdengo|Gholdengo, L50|100/100
|turn|5
|
|t:|1756913036
|move|p2b: Garchomp|Protect|p2b: Garchomp
|-singleturn|p2b: Garchomp|Protect
|move|p1b: Gholdengo|Make It Rain|p2b: Garchomp|[spread] p2a
|-activate|p2b: Garchomp|move: Protect
|-damage|p2a: Dragonite|0 fnt
|-unboost|p1b: Gholdengo|spa|1
|faint|p2a: Dragonite
|move|p1a: Dragonite|Tailwind|p1a: Dragonite
|-sidestart|p1: OreXis945|move: Tailwind
|
|-weather|RainDance|[upkeep]
|upkeep
|
|t:|1756913046
|switch|p2a: Sneasler|Sneasler, L50, F, shiny|100/100
|turn|6
|
|t:|1756913061
|move|p1b: Gholdengo|Make It Rain|p2b: Garchomp|[spread] p2a,p2b
|-damage|p2a: Sneasler|50/100
|-damage|p2b: Garchomp|0 fnt
|-unboost|p1b: Gholdengo|spa|1
|faint|p2b: Garchomp
|move|p1a: Dragonite|Scale Shot|p2a: Sneasler
|-damage|p2a: Sneasler|26/100
|-damage|p2a: Sneasler|0 fnt
|faint|p2a: Sneasler
|-hitcount|p2: Sneasler|2
|-unboost|p1a: Dragonite|def|1
|-boost|p1a: Dragonite|spe|1
|
|-weather|none
|upkeep
|
|t:|1756913065
|switch|p2b: Kingambit|Kingambit, L50, M|100/100
|turn|7
|
|t:|1756913082
|move|p2b: Kingambit|Sucker Punch|p1b: Gholdengo
|-supereffective|p1b: Gholdengo
|-damage|p1b: Gholdengo|0 fnt
|faint|p1b: Gholdengo
|move|p1a: Dragonite|Haze|p1a: Dragonite
|-clearallboost
|
|upkeep
|turn|8
|
|t:|1756913090
|move|p1a: Dragonite|Scale Shot|p2b: Kingambit
|-resisted|p2b: Kingambit
|-crit|p2b: Kingambit
|-damage|p2b: Kingambit|92/100
|-resisted|p2b: Kingambit
|-damage|p2b: Kingambit|87/100
|-resisted|p2b: Kingambit
|-damage|p2b: Kingambit|81/100
|-resisted|p2b: Kingambit
|-damage|p2b: Kingambit|76/100
|-resisted|p2b: Kingambit
|-damage|p2b: Kingambit|71/100
|-hitcount|p2b: Kingambit|5
|-unboost|p1a: Dragonite|def|1
|-boost|p1a: Dragonite|spe|1
|move|p2b: Kingambit|Kowtow Cleave|p1a: Dragonite
|-damage|p1a: Dragonite|50/100
|
|-sideend|p1: OreXis945|move: Tailwind
|upkeep
|turn|9
|
|t:|1756913097
|move|p1a: Dragonite|Haze|p1a: Dragonite
|-clearallboost
|move|p2b: Kingambit|Kowtow Cleave|p1a: Dragonite
|-damage|p1a: Dragonite|0 fnt
|faint|p1a: Dragonite
|
|win|donofair
|raw|OreXis945's rating: 1135 → 1118(-17 for losing)
|raw|donofair's rating: 1249 → 1266(+17 for winning)
