|j|☆Sala335
|j|☆capspungo
|html|Sala335capspungo    
|uhtml|bestof|Game 1 of a best-of-3
|t:|1756305830
|gametype|doubles
|player|p1|Sala335|gambler|1182
|player|p2|capspungo|2|1125
|gen|9
|tier|[Gen 9] VGC 2025 Reg H (Bo3)
|rated|
|rule|Species Clause: Limit one of each Pokémon
|rule|Item Clause: Limit 1 of each item
|clearpoke
|poke|p1|Primarina, L50, M|
|poke|p1|Porygon2, L50|
|poke|p1|Ursaluna, L50, F|
|poke|p1|Gholdengo, L50|
|poke|p1|Talonflame, L50, F|
|poke|p1|Amoonguss, L50, F|
|poke|p2|Toedscruel, L50, F|
|poke|p2|Weezing-Galar, L50, M|
|poke|p2|Pawmot, L50, M|
|poke|p2|Typhlosion-Hisui, L50, M|
|poke|p2|Corviknight, L50, M|
|poke|p2|Garchomp, L50, M|
|teampreview|4
|showteam|p1|Primarina||ThroatSpray|LiquidVoice|Protect,HyperVoice,Moonblast,Haze|||M|||50|,,,,,Poison]Porygon2||Eviolite|Download|TrickRoom,Protect,IceBeam,TeraBlast||||||50|,,,,,Flying]Ursaluna||FlameOrb|Guts|Facade,HeadlongRush,Earthquake,Protect|||F|||50|,,,,,Ghost]Gholdengo||Leftovers|GoodasGold|MakeItRain,NastyPlot,ShadowBall,Protect||||||50|,,,,,Flying]Talonflame||CovertCloak|GaleWings|Tailwind,QuickGuard,Taunt,DualWingbeat|||F|||50|,,,,,Water]Amoonguss||SitrusBerry|Regenerator|Spore,RagePowder,Protect,PollenPuff|||F|||50|,,,,,Water
|showteam|p2|Toedscruel||CovertCloak|MyceliumMight|RagePowder,Spore,EarthPower,AcidSpray|||F|||50|,,,,,Water]Weezing-Galar||AssaultVest|NeutralizingGas|PainSplit,SludgeBomb,StrangeSteam,Flamethrower|||M|||50|,,,,,Fire]Pawmot||FocusSash|NaturalCure|FakeOut,CloseCombat,DoubleShock,Protect|||M|||50|,,,,,Electric]Typhlosion-Hisui||ChoiceScarf|Blaze|Eruption,ShadowBall,HeatWave,SleepTalk|||M|||50|,,,,,Fire]Corviknight||SitrusBerry|MirrorArmor|BraveBird,Tailwind,Protect,Roost|||M|||50|,,,,,Dragon]Garchomp||LifeOrb|RoughSkin|Earthquake,StompingTantrum,DragonClaw,Protect|||M|||50|,,,,,Ground
|inactive|Battle timer is ON: inactive players will automatically lose when time's up. (requested by capspungo)
|
|t:|1756305873
|teamsize|p1|4
|teamsize|p2|4
|start
|switch|p1a: Talonflame|Talonflame, L50, F|100/100
|switch|p1b: Gholdengo|Gholdengo, L50|100/100
|switch|p2a: Toedscruel|Toedscruel, L50, F|100/100
|switch|p2b: Weezing|Weezing-Galar, L50, M|100/100
|-ability|p2b: Weezing|Neutralizing Gas
|turn|1
|inactive|Sala335 has 30 seconds left.
|inactive|capspungo has 30 seconds left.
|
|t:|1756305904
|-terastallize|p1b: Gholdengo|Flying
|-terastallize|p2b: Weezing|Fire
|move|p1a: Talonflame|Taunt|p2a: Toedscruel
|-start|p2a: Toedscruel|move: Taunt
|cant|p2a: Toedscruel|move: Taunt|Spore
|move|p1b: Gholdengo|Nasty Plot|p1b: Gholdengo
|-boost|p1b: Gholdengo|spa|2
|move|p2b: Weezing|Sludge Bomb|p1a: Talonflame
|-damage|p1a: Talonflame|53/100
|
|upkeep
|turn|2
|inactive|Sala335 has 30 seconds left.
|
|t:|1756305935
|move|p1a: Talonflame|Dual Wingbeat|p2a: Toedscruel
|-supereffective|p2a: Toedscruel
|-damage|p2a: Toedscruel|57/100
|-supereffective|p2a: Toedscruel
|-damage|p2a: Toedscruel|16/100
|-hitcount|p2a: Toedscruel|2
|move|p2a: Toedscruel|Acid Spray|p1b: Gholdengo
|-damage|p1b: Gholdengo|92/100
|-unboost|p1b: Gholdengo|spd|2
|move|p1b: Gholdengo|Shadow Ball|p2a: Toedscruel
|-damage|p2a: Toedscruel|0 fnt
|faint|p2a: Toedscruel
|move|p2b: Weezing|Sludge Bomb|p1b: Gholdengo
|-damage|p1b: Gholdengo|19/100
|
|-heal|p1b: Gholdengo|25/100|[from] item: Leftovers
|upkeep
|
|t:|1756305959
|switch|p2a: Pawmot|Pawmot, L50, M|100/100
|turn|3
|
|t:|1756305979
|move|p2a: Pawmot|Fake Out|p1a: Talonflame
|-damage|p1a: Talonflame|34/100
|move|p1a: Talonflame|Tailwind|p1a: Talonflame
|-sidestart|p1: Sala335|move: Tailwind
|move|p1b: Gholdengo|Make It Rain|p2b: Weezing|[spread] p2a,p2b
|-resisted|p2a: Pawmot
|-resisted|p2b: Weezing
|-damage|p2a: Pawmot|4/100
|-damage|p2b: Weezing|46/100
|-unboost|p1b: Gholdengo|spa|1
|move|p2b: Weezing|Sludge Bomb|p1a: Talonflame
|-damage|p1a: Talonflame|0 fnt
|faint|p1a: Talonflame
|
|-heal|p1b: Gholdengo|31/100|[from] item: Leftovers
|upkeep
|
|t:|1756305992
|switch|p1a: Primarina|Primarina, L50, M|100/100
|turn|4
|
|t:|1756306010
|move|p2a: Pawmot|Protect|p2a: Pawmot
|-singleturn|p2a: Pawmot|Protect
|move|p1b: Gholdengo|Nasty Plot|p1b: Gholdengo
|-boost|p1b: Gholdengo|spa|2
|move|p1a: Primarina|Hyper Voice|p2b: Weezing|[spread] p2b
|-activate|p2a: Pawmot|move: Protect
|-damage|p2b: Weezing|23/100
|-enditem|p1a: Primarina|Throat Spray
|-boost|p1a: Primarina|spa|1|[from] item: Throat Spray
|move|p2b: Weezing|Sludge Bomb|p1b: Gholdengo
|-damage|p1b: Gholdengo|0 fnt
|faint|p1b: Gholdengo
|
|upkeep
|
|t:|1756306022
|switch|p1b: Amoonguss|Amoonguss, L50, F|100/100
|turn|5
|
|t:|1756306047
|move|p1a: Primarina|Hyper Voice|p2b: Weezing|[spread] p2a,p2b
|-damage|p2a: Pawmot|0 fnt
|-damage|p2b: Weezing|0 fnt
|faint|p2a: Pawmot
|faint|p2b: Weezing
|-end|p2b: Weezing|ability: Neutralizing Gas
|move|p1b: Amoonguss|Pollen Puff|p1a: Primarina
|
|upkeep
|
|t:|1756306051
|switch|p2b: Typhlosion|Typhlosion-Hisui, L50, M|100/100
|turn|6
|
|t:|1756306066
|move|p1b: Amoonguss|Protect|p1b: Amoonguss
|-singleturn|p1b: Amoonguss|Protect
|move|p2b: Typhlosion|Shadow Ball|p1a: Primarina
|-damage|p1a: Primarina|59/100
|move|p1a: Primarina|Hyper Voice|p2b: Typhlosion
|-supereffective|p2b: Typhlosion
|-crit|p2b: Typhlosion
|-damage|p2b: Typhlosion|0 fnt
|faint|p2b: Typhlosion
|
|win|Sala335
||capspungo is ready for game 2.
|inactive|Sala335 has 30 seconds to confirm battle start!
