|j|☆dogggybears
|j|☆waveniki
|html|dogggybearswaveniki    
|uhtml|bestof|Game 2 of a best-of-3
|t:|1757114843
|gametype|doubles
|player|p1|dogggybears|roxie|1268
|player|p2|waveniki|clerk|1240
|gen|9
|tier|[Gen 9] VGC 2025 Reg H (Bo3)
|rated|
|rule|Species Clause: Limit one of each Pokémon
|rule|Item Clause: Limit 1 of each item
|clearpoke
|poke|p1|Sneasler, L50, F|
|poke|p1|Indeedee, L50, M|
|poke|p1|Volcarona, L50, M|
|poke|p1|Ursaluna-Bloodmoon, L50, M|
|poke|p1|Annihilape, L50, M|
|poke|p1|Tyranitar, L50, M|
|poke|p2|Incineroar, L50, F|
|poke|p2|Amoonguss, L50, F|
|poke|p2|Ursaluna-Bloodmoon, L50, M|
|poke|p2|Dragonite, L50, F|
|poke|p2|Sneasler, L50, M|
|poke|p2|Gholdengo, L50|
|teampreview|4
|showteam|p1|Sneasler||PsychicSeed|Unburden|CloseCombat,DireClaw,ThroatChop,Protect|||F|||50|,,,,,Dark]Indeedee||ChoiceScarf|PsychicSurge|ExpandingForce,TeraBlast,Trick,Protect|||M|||50|,,,,,Psychic]Volcarona||SitrusBerry|FlameBody|Overheat,StruggleBug,RagePowder,Tailwind|||M|||50|,,,,,Grass]Ursaluna-Bloodmoon||LifeOrb|MindsEye|BloodMoon,HyperVoice,EarthPower,Protect|||M|||50|,,,,,Normal]Annihilape||SafetyGoggles|Defiant|CloseCombat,RageFist,Taunt,FinalGambit|||M|||50|,,,,,Fairy]Tyranitar||AssaultVest|SandStream|RockSlide,KnockOff,TeraBlast,LowKick|||M|||50|,,,,,Flying
|showteam|p2|Incineroar||SafetyGoggles|Intimidate|FlareBlitz,KnockOff,FakeOut,PartingShot|||F|||50|,,,,,Ghost]Amoonguss||SitrusBerry|Regenerator|PollenPuff,Spore,RagePowder,Protect|||F|||50|,,,,,Psychic]Ursaluna-Bloodmoon||AssaultVest|MindsEye|HyperVoice,BloodMoon,EarthPower,VacuumWave|||M|||50|,,,,,Water]Dragonite||LoadedDice|Multiscale|ScaleShot,Tailwind,Haze,Protect|||F|||50|,,,,,Fairy]Sneasler||FocusSash|Unburden|CloseCombat,DireClaw,ThroatChop,Protect|||M|||50|,,,,,Stellar]Gholdengo||LifeOrb|GoodasGold|MakeItRain,ShadowBall,NastyPlot,Protect||||||50|,,,,,Water
|inactive|Battle timer is ON: inactive players will automatically lose when time's up. (requested by waveniki)
|inactive|waveniki has 60 seconds left.
|inactive|waveniki has 30 seconds left.
|
|t:|1757114906
|teamsize|p1|4
|teamsize|p2|4
|start
|switch|p1a: Annihilape|Annihilape, L50, M|100/100
|switch|p1b: Tyranitar|Tyranitar, L50, M|100/100
|switch|p2a: Sneasler|Sneasler, L50, M|100/100
|switch|p2b: Gholdengo|Gholdengo, L50|100/100
|-weather|Sandstorm|[from] ability: Sand Stream|[of] p1b: Tyranitar
|turn|1
|inactive|dogggybears has 30 seconds left.
|inactive|waveniki has 30 seconds left.
|
|t:|1757114951
|switch|p1b: Volcarona|Volcarona, L50, M|100/100
|move|p2a: Sneasler|Dire Claw|p1b: Volcarona
|-damage|p1b: Volcarona|47/100
|-status|p1b: Volcarona|par
|-status|p2a: Sneasler|brn|[from] ability: Flame Body|[of] p1b: Volcarona
|-enditem|p1b: Volcarona|Sitrus Berry|[eat]
|-heal|p1b: Volcarona|72/100 par|[from] item: Sitrus Berry
|move|p1a: Annihilape|Rage Fist|p2b: Gholdengo
|-supereffective|p2b: Gholdengo
|-damage|p2b: Gholdengo|59/100
|move|p2b: Gholdengo|Shadow Ball|p1a: Annihilape
|-supereffective|p1a: Annihilape
|-damage|p1a: Annihilape|11/100
|-damage|p2b: Gholdengo|49/100|[from] item: Life Orb
|
|-weather|Sandstorm|[upkeep]
|-damage|p2a: Sneasler|95/100 brn|[from] Sandstorm
|-damage|p1b: Volcarona|66/100 par|[from] Sandstorm
|-damage|p2a: Sneasler|89/100 brn|[from] brn
|upkeep
|turn|2
|j| Breeze69
|
|t:|1757114970
|switch|p1a: Tyranitar|Tyranitar, L50, M|100/100
|move|p2a: Sneasler|Dire Claw|p1a: Tyranitar
|-resisted|p1a: Tyranitar
|-damage|p1a: Tyranitar|92/100
|move|p2b: Gholdengo|Shadow Ball|p1b: Volcarona
|-damage|p1b: Volcarona|16/100 par
|-damage|p2b: Gholdengo|39/100|[from] item: Life Orb
|move|p1b: Volcarona|Tailwind|p1b: Volcarona
|-sidestart|p1: dogggybears|move: Tailwind
|
|-weather|Sandstorm|[upkeep]
|-damage|p2a: Sneasler|83/100 brn|[from] Sandstorm
|-damage|p1b: Volcarona|10/100 par|[from] Sandstorm
|-damage|p2a: Sneasler|77/100 brn|[from] brn
|upkeep
|turn|3
|inactive|waveniki has 30 seconds left.
|
|t:|1757115004
|switch|p2b: Incineroar|Incineroar, L50, F|100/100
|-ability|p2b: Incineroar|Intimidate|boost
|-unboost|p1a: Tyranitar|atk|1
|-unboost|p1b: Volcarona|atk|1
|move|p1a: Tyranitar|Rock Slide|p2b: Incineroar|[spread] p2a,p2b
|-resisted|p2a: Sneasler
|-supereffective|p2b: Incineroar
|-crit|p2b: Incineroar
|-damage|p2a: Sneasler|59/100 brn
|-damage|p2b: Incineroar|5/100
|cant|p2a: Sneasler|flinch
|cant|p1b: Volcarona|par
|
|-weather|Sandstorm|[upkeep]
|-damage|p2a: Sneasler|53/100 brn|[from] Sandstorm
|-damage|p1b: Volcarona|4/100 par|[from] Sandstorm
|-damage|p2a: Sneasler|48/100 brn|[from] brn
|upkeep
|turn|4
|
|t:|1757115026
|move|p2b: Incineroar|Fake Out|p1a: Tyranitar
|-resisted|p1a: Tyranitar
|-damage|p1a: Tyranitar|87/100
|cant|p1b: Volcarona|par
|cant|p1a: Tyranitar|flinch
|move|p2a: Sneasler|Close Combat|p1a: Tyranitar
|-supereffective|p1a: Tyranitar
|-damage|p1a: Tyranitar|0 fnt
|-unboost|p2a: Sneasler|def|1
|-unboost|p2a: Sneasler|spd|1
|faint|p1a: Tyranitar
|
|-weather|Sandstorm|[upkeep]
|-damage|p2a: Sneasler|42/100 brn|[from] Sandstorm
|-damage|p1b: Volcarona|0 fnt|[from] Sandstorm
|faint|p1b: Volcarona
|-damage|p2a: Sneasler|36/100 brn|[from] brn
|upkeep
|
|t:|1757115034
|switch|p1b: Annihilape|Annihilape, L50, M|11/100
|switch|p1a: Ursaluna|Ursaluna-Bloodmoon, L50, M|100/100
|turn|5
|inactive|dogggybears has 30 seconds left.
|
|t:|1757115060
|-terastallize|p1a: Ursaluna|Normal
|move|p2a: Sneasler|Protect|p2a: Sneasler
|-singleturn|p2a: Sneasler|Protect
|move|p1b: Annihilape|Rage Fist|p2a: Sneasler
|-activate|p2a: Sneasler|move: Protect
|move|p1a: Ursaluna|Hyper Voice|p2b: Incineroar|[spread] p2b
|-activate|p2a: Sneasler|move: Protect
|-damage|p2b: Incineroar|0 fnt
|faint|p2b: Incineroar
|-damage|p1a: Ursaluna|91/100|[from] item: Life Orb
|
|-weather|none
|-damage|p2a: Sneasler|30/100 brn|[from] brn
|-sideend|p1: dogggybears|move: Tailwind
|upkeep
|
|t:|1757115063
|switch|p2b: Ursaluna|Ursaluna-Bloodmoon, L50, M|100/100
|turn|6
|inactive|dogggybears has 30 seconds left.
|
|t:|1757115095
|move|p2b: Ursaluna|Vacuum Wave|p1b: Annihilape
|-damage|p1b: Annihilape|0 fnt
|faint|p1b: Annihilape
|move|p2a: Sneasler|Close Combat|p1a: Ursaluna
|-supereffective|p1a: Ursaluna
|-damage|p1a: Ursaluna|35/100
|-unboost|p2a: Sneasler|def|1
|-unboost|p2a: Sneasler|spd|1
|move|p1a: Ursaluna|Blood Moon|p2b: Ursaluna
|-damage|p2b: Ursaluna|5/100
|-damage|p1a: Ursaluna|26/100|[from] item: Life Orb
|
|-damage|p2a: Sneasler|24/100 brn|[from] brn
|upkeep
|turn|7
|
|t:|1757115103
|move|p2b: Ursaluna|Vacuum Wave|p1a: Ursaluna
|-supereffective|p1a: Ursaluna
|-damage|p1a: Ursaluna|0 fnt
|faint|p1a: Ursaluna
|
|win|waveniki
|raw|dogggybears's rating: 1268 → 1241(-27 for losing)
|raw|waveniki's rating: 1240 → 1267(+27 for winning)
