|j|☆Zygobos
|j|☆2mero
|html|Zygobos2mero    
|uhtml|bestof|Game 3 of a best-of-3
|t:|1784980666
|gametype|doubles
|player|p1|Zygobos|1|
|player|p2|2mero|wattson|
|gen|9
|tier|[Gen 9 Champions] VGC 2026 Reg M-B (Bo3)
|rule|Species Clause: Limit one of each Pokémon
|rule|Item Clause: Limit 1 of each item
|clearpoke
|poke|p1|Gengar, L50, F|
|poke|p1|Kingambit, L50, M|
|poke|p1|Politoed, L50, M|
|poke|p1|Sableye, L50, M|
|poke|p1|Feraligatr, L50, M|
|poke|p1|Ariados, L50, M|
|poke|p2|Sharpedo, L50, F|
|poke|p2|Basculegion-F, L50, F|
|poke|p2|Metagross, L50|
|poke|p2|Slowking-Galar, L50, F|
|poke|p2|Wyrdeer, L50, M|
|poke|p2|Mudsdale, L50, F|
|teampreview|4
|showteam|p1|Gengar||Gengarite|CursedBody|ShadowBall,PerishSong,Thunder,Protect|Timid||F|||50|]Kingambit||BlackGlasses|Defiant|KowtowCleave,SuckerPunch,IronHead,Protect|Adamant||M|||50|]Politoed||Leftovers|Drizzle|HelpingHand,Protect,WeatherBall,Encore|Calm||M|||50|]Sableye||Sablenite|Prankster|Recover,WillOWisp,Encore,Quash|Impish||M|||50|]Feraligatr||LifeOrb|SheerForce|DragonDance,Waterfall,Crunch,Protect|Jolly||M|||50|]Ariados||FocusSash|Insomnia|RagePowder,ToxicThread,KnockOff,Protect|Impish||M|||50|
|showteam|p2|Sharpedo||Sharpedonite|SpeedBoost|Protect,Liquidation,Crunch,PsychicFangs|Adamant||F|||50|]Basculegion-F||ChoiceScarf|Adaptability|MuddyWater,ShadowBall,IceBeam,FlipTurn|Timid||F|||50|]Metagross||Metagrossite|ClearBody|Protect,PsychicFangs,IronHead,StompingTantrum|Jolly|||||50|]Slowking-Galar||ColburBerry|Regenerator|EerieSpell,SludgeBomb,TrickRoom,ChillyReception|Bold||F|||50|]Wyrdeer||ExpertBelt|Frisk|EnergyBall,EarthPower,Thunderbolt,TrickRoom|Modest||M|||50|]Mudsdale||SoftSand|Stamina|BodyPress,HighHorsepower,Protect,RockSlide|Brave||F|||50|
|j| Moonz605
|
|t:|1784980852
|teamsize|p1|4
|teamsize|p2|4
|start
|switch|p1a: Kingambit|Kingambit, L50, M|100/100
|switch|p1b: Sableye|Sableye, L50, M|100/100
|switch|p2a: Slowking|Slowking-Galar, L50, F|100/100
|switch|p2b: Mudsdale|Mudsdale, L50, F|100/100
|turn|1
|
|t:|1784980870
|move|p1a: Kingambit|Protect|p1a: Kingambit
|-singleturn|p1a: Kingambit|Protect
|move|p1b: Sableye|Will-O-Wisp|p2b: Mudsdale
|-status|p2b: Mudsdale|brn
|move|p2b: Mudsdale|Body Press|p1a: Kingambit
|-activate|p1a: Kingambit|move: Protect
|move|p2a: Slowking|Trick Room|p2a: Slowking
|-fieldstart|move: Trick Room|[of] p2a: Slowking
|
|-damage|p2b: Mudsdale|94/100 brn|[from] brn
|upkeep
|turn|2
|
|t:|1784980902
|switch|p2a: big bubba|Metagross, L50|100/100
|switch|p1a: Politoed|Politoed, L50, M|100/100
|-weather|RainDance|[from] ability: Drizzle|[of] p1a: Politoed
|move|p1b: Sableye|Encore||[still]
|-fail|p1b: Sableye
|move|p2b: Mudsdale|High Horsepower|p1a: Politoed
|-damage|p1a: Politoed|63/100
|
|-weather|RainDance|[upkeep]
|-heal|p1a: Politoed|70/100|[from] item: Leftovers
|-damage|p2b: Mudsdale|88/100 brn|[from] brn
|upkeep
|turn|3
|
|t:|1784980931
|detailschange|p2a: big bubba|Metagross-Mega, L50
|-mega|p2a: big bubba|Metagross|Metagrossite
|move|p1b: Sableye|Will-O-Wisp|p2a: big bubba
|-status|p2a: big bubba|brn
|move|p2b: Mudsdale|Rock Slide|p1b: Sableye|[spread] p1a,p1b
|-damage|p1a: Politoed|57/100
|-damage|p1b: Sableye|89/100
|move|p1a: Politoed|Weather Ball|p2b: Mudsdale
|-supereffective|p2b: Mudsdale|1
|-damage|p2b: Mudsdale|0 fnt
|faint|p2b: Mudsdale
|move|p2a: big bubba|Psychic Fangs|p1a: Politoed
|-damage|p1a: Politoed|24/100
|
|-weather|RainDance|[upkeep]
|-heal|p1a: Politoed|30/100|[from] item: Leftovers
|-damage|p2a: big bubba|94/100 brn|[from] brn
|upkeep
|
|t:|1784980945
|switch|p2b: Slowking|Slowking-Galar, L50, F|100/100
|turn|4
|
|t:|1784980968
|switch|p1a: Kingambit|Kingambit, L50, M|100/100
|move|p1b: Sableye|Encore|p2a: big bubba
|-start|p2a: big bubba|Encore
|-prepare|p2b: Slowking|Chilly Reception|[premajor]
|move|p2b: Slowking|Chilly Reception|p2b: Slowking
|-weather|Snowscape
|
|t:|1784980976
|switch|p2b: Wyrdeer|Wyrdeer, L50, M|100/100|[from] Chilly Reception
|-item|p1a: Kingambit|Black Glasses|[from] ability: Frisk|[of] p2b: Wyrdeer
|-item|p1b: Sableye|Sablenite|[from] ability: Frisk|[of] p2b: Wyrdeer
|move|p2a: big bubba|Psychic Fangs|p1a: Kingambit
|-immune|p1a: Kingambit
|
|-weather|Snowscape|[upkeep]
|-damage|p2a: big bubba|88/100 brn|[from] brn
|upkeep
|turn|5
|
|t:|1784980990
|switch|p2a: Slowking|Slowking-Galar, L50, F|100/100
|move|p1a: Kingambit|Sucker Punch||[still]
|-fail|p1a: Kingambit
|move|p1b: Sableye|Will-O-Wisp|p2b: Wyrdeer
|-status|p2b: Wyrdeer|brn
|move|p2b: Wyrdeer|Earth Power|p1a: Kingambit
|-supereffective|p1a: Kingambit|1
|-damage|p1a: Kingambit|35/100
|
|-weather|Snowscape|[upkeep]
|-damage|p2b: Wyrdeer|93/100 brn|[from] brn
|-fieldend|move: Trick Room
|upkeep
|turn|6
|
|t:|1784981018
|switch|p2a: big bubba|Metagross-Mega, L50|88/100 brn
|move|p1b: Sableye|Quash|p2b: Wyrdeer
|-activate|p2b: Wyrdeer|move: Quash
|move|p1a: Kingambit|Kowtow Cleave|p2b: Wyrdeer
|-supereffective|p2b: Wyrdeer|1
|-damage|p2b: Wyrdeer|0 fnt
|faint|p2b: Wyrdeer
|
|-weather|Snowscape|[upkeep]
|-damage|p2a: big bubba|82/100 brn|[from] brn
|upkeep
|
|t:|1784981026
|switch|p2b: Slowking|Slowking-Galar, L50, F|100/100
|turn|7
|
|t:|1784981041
|switch|p1a: Politoed|Politoed, L50, M|30/100
|-weather|RainDance|[from] ability: Drizzle|[of] p1a: Politoed
|move|p1b: Sableye|Recover|p1b: Sableye
|-heal|p1b: Sableye|100/100
|move|p2a: big bubba|Stomping Tantrum|p1a: Politoed
|-damage|p1a: Politoed|8/100
|move|p2b: Slowking|Trick Room|p2b: Slowking
|-fieldstart|move: Trick Room|[of] p2b: Slowking
|
|-weather|RainDance|[upkeep]
|-heal|p1a: Politoed|14/100|[from] item: Leftovers
|-damage|p2a: big bubba|77/100 brn|[from] brn
|upkeep
|turn|8
|
|t:|1784981082
|move|p1b: Sableye|Encore|p2b: Slowking
|-start|p2b: Slowking|Encore
|move|p1a: Politoed|Weather Ball|p2a: big bubba
|-damage|p2a: big bubba|23/100 brn
|move|p2a: big bubba|Stomping Tantrum|p1b: Sableye
|-damage|p1b: Sableye|80/100
|move|p2b: Slowking|Trick Room|p2b: Slowking
|-fieldend|move: Trick Room
|
|-weather|RainDance|[upkeep]
|-heal|p1a: Politoed|20/100y|[from] item: Leftovers
|-damage|p2a: big bubba|17/100 brn|[from] brn
|upkeep
|turn|9
|
|t:|1784981097
|move|p1b: Sableye|Quash|p2a: big bubba
|-activate|p2a: big bubba|move: Quash
|move|p1a: Politoed|Weather Ball|p2a: big bubba
|-damage|p2a: big bubba|0 fnt
|faint|p2a: big bubba
|move|p2b: Slowking|Trick Room|p2b: Slowking
|-fieldstart|move: Trick Room|[of] p2b: Slowking
|
|-weather|RainDance|[upkeep]
|-heal|p1a: Politoed|26/100|[from] item: Leftovers
|upkeep
|turn|10
|
|t:|1784981107
|move|p1b: Sableye|Quash|p2b: Slowking
|-activate|p2b: Slowking|move: Quash
|move|p1a: Politoed|Weather Ball|p2b: Slowking
|-damage|p2b: Slowking|59/100
|move|p2b: Slowking|Trick Room|p2b: Slowking
|-fieldend|move: Trick Room
|
|-weather|RainDance|[upkeep]
|-heal|p1a: Politoed|32/100|[from] item: Leftovers
|-end|p2b: Slowking|Encore
|upkeep
|turn|11
|
|t:|1784981121
|move|p1b: Sableye|Encore|p2b: Slowking
|-start|p2b: Slowking|Encore
|move|p1a: Politoed|Weather Ball|p2b: Slowking
|-damage|p2b: Slowking|19/100
|move|p2b: Slowking|Trick Room|p2b: Slowking
|-fieldstart|move: Trick Room|[of] p2b: Slowking
|
|-weather|none
|-heal|p1a: Politoed|38/100|[from] item: Leftovers
|upkeep
|turn|12
|
|t:|1784981129
|move|p1b: Sableye|Will-O-Wisp|p2b: Slowking
|-status|p2b: Slowking|brn
|move|p1a: Politoed|Weather Ball|p2b: Slowking
|-damage|p2b: Slowking|10/100 brn
|move|p2b: Slowking|Trick Room|p2b: Slowking
|-fieldend|move: Trick Room
|
|-heal|p1a: Politoed|44/100|[from] item: Leftovers
|-damage|p2b: Slowking|4/100 brn|[from] brn
|upkeep
|turn|13
|
|t:|1784981143
|move|p1a: Politoed|Protect|p1a: Politoed
|-singleturn|p1a: Politoed|Protect
|move|p1b: Sableye|Recover|p1b: Sableye
|-heal|p1b: Sableye|100/100
|move|p2b: Slowking|Trick Room|p2b: Slowking
|-fieldstart|move: Trick Room|[of] p2b: Slowking
|
|-heal|p1a: Politoed|50/100g|[from] item: Leftovers
|-damage|p2b: Slowking|0 fnt|[from] brn
|faint|p2b: Slowking
|
|win|Zygobos
|l|☆2mero
|player|p2|
