|j|☆Ttarchomp333
|j|☆TeyVgc
|html|Ttarchomp333TeyVgc    
|uhtml|bestof|Game 1 of a best-of-3
|t:|1783633454
|gametype|doubles
|player|p1|Ttarchomp333|101|1183
|player|p2|TeyVgc|rood|1252
|gen|9
|tier|[Gen 9 Champions] VGC 2026 Reg M-B (Bo3)
|rated|
|rule|Species Clause: Limit one of each Pokémon
|rule|Item Clause: Limit 1 of each item
|clearpoke
|poke|p1|Tyranitar, L50, F|
|poke|p1|Excadrill, L50, F|
|poke|p1|Milotic, L50, F|
|poke|p1|Floette-Eternal, L50, F|
|poke|p1|Incineroar, L50, M|
|poke|p1|Sinistcha, L50|
|poke|p2|Raichu, L50, F|
|poke|p2|Sinistcha, L50|
|poke|p2|Ceruledge, L50, F|
|poke|p2|Milotic, L50, F|
|poke|p2|Incineroar, L50, F|
|poke|p2|Floette-Eternal, L50, F|
|teampreview|4
|showteam|p1|Tyranitar||ChoiceScarf|SandStream|BrickBreak,RockSlide,KnockOff,IcePunch|Jolly||F|||50|]Excadrill||FocusSash|SandRush|IronHead,Earthquake,HighHorsepower,Protect|Adamant||F|||50|]Milotic||Leftovers|Competitive|Coil,Scald,Hypnosis,Recover|Calm||F|||50|]Floette-Eternal||Floettite|FlowerVeil|DazzlingGleam,Moonblast,CalmMind,Protect|Modest||F|||50|]Incineroar||SitrusBerry|Intimidate|FakeOut,PartingShot,ThroatChop,FlareBlitz|Careful||M|||50|]Sinistcha||OccaBerry|Hospitality|MatchaGotcha,RagePowder,TrickRoom,Protect|Bold|||||50|
|showteam|p2|Raichu||RaichuniteY|LightningRod|ZapCannon,FocusBlast,FakeOut,Protect|Timid||F|||50|]Sinistcha||KasibBerry|Hospitality|MatchaGotcha,LifeDew,RagePowder,TrickRoom|Relaxed|||||50|]Ceruledge||ColburBerry|FlashFire|BitterBlade,ShadowSneak,BulkUp,Protect|Adamant||F|||50|]Milotic||Leftovers|Competitive|MuddyWater,Coil,Hypnosis,Protect|Calm||F|||50|]Incineroar||SitrusBerry|Intimidate|FlareBlitz,ThroatChop,FakeOut,PartingShot|Impish||F|||50|]Floette-Eternal||Floettite|FlowerVeil|CalmMind,Protect,Moonblast,DazzlingGleam|Modest||F|||50|
|inactive|Battle timer is ON: inactive players will automatically lose when time's up. (requested by TeyVgc)
|
|t:|1783633532
|teamsize|p1|4
|teamsize|p2|4
|start
|switch|p1a: Excadrill|Excadrill, L50, F|100/100
|switch|p1b: Sinistcha|Sinistcha, L50|100/100
|switch|p2a: Raichu|Raichu, L50, F|100/100
|switch|p2b: Milotic|Milotic, L50, F|100/100
|turn|1
|inactive|TeyVgc has 30 seconds left.
|
|t:|1783633561
|detailschange|p2a: Raichu|Raichu-Mega-Y, L50, F
|-mega|p2a: Raichu|Raichu|Raichunite Y
|move|p2a: Raichu|Fake Out|p1a: Excadrill
|-resisted|p1a: Excadrill|1
|-damage|p1a: Excadrill|93/100
|cant|p1a: Excadrill|flinch
|move|p2b: Milotic|Coil|p2b: Milotic
|-boost|p2b: Milotic|atk|1
|-boost|p2b: Milotic|def|1
|-boost|p2b: Milotic|accuracy|1
|move|p1b: Sinistcha|Matcha Gotcha|p2a: Raichu|[spread] p2a,p2b
|-supereffective|p2b: Milotic|1
|-damage|p2a: Raichu|70/100
|-damage|p2b: Milotic|69/100
|
|-heal|p2b: Milotic|75/100|[from] item: Leftovers
|upkeep
|turn|2
|inactive|Ttarchomp333 has 30 seconds left.
|
|t:|1783633587
|switch|p2a: Incineroar|Incineroar, L50, F|100/100
|-ability|p2a: Incineroar|Intimidate|boost
|-unboost|p1a: Excadrill|atk|1
|-unboost|p1b: Sinistcha|atk|1
|move|p1b: Sinistcha|Protect|p1b: Sinistcha
|-singleturn|p1b: Sinistcha|Protect
|move|p1a: Excadrill|Earthquake|p2b: Milotic|[spread] p2a,p2b
|-activate|p1b: Sinistcha|move: Protect
|-supereffective|p2a: Incineroar|1
|-damage|p2a: Incineroar|55/100
|-damage|p2b: Milotic|58/100
|move|p2b: Milotic|Coil|p2b: Milotic
|-boost|p2b: Milotic|atk|1
|-boost|p2b: Milotic|def|1
|-boost|p2b: Milotic|accuracy|1
|
|-heal|p2b: Milotic|64/100|[from] item: Leftovers
|upkeep
|turn|3
|inactive|Ttarchomp333 has 30 seconds left.
|
|t:|1783633612
|switch|p1a: Milotic|Milotic, L50, F|100/100
|move|p2a: Incineroar|Fake Out|p1a: Milotic
|-damage|p1a: Milotic|91/100
|move|p2b: Milotic|Hypnosis|p1b: Sinistcha
|-status|p1b: Sinistcha|slp|[from] move: Hypnosis
|cant|p1b: Sinistcha|slp
|
|-heal|p2b: Milotic|70/100|[from] item: Leftovers
|-heal|p1a: Milotic|97/100|[from] item: Leftovers
|upkeep
|turn|4
|
|t:|1783633633
|switch|p2a: Sinistcha|Sinistcha, L50|100/100
|-heal|p2b: Milotic|95/100|[from] ability: Hospitality|[of] p2a: Sinistcha
|move|p2b: Milotic|Hypnosis|p1a: Milotic
|-status|p1a: Milotic|slp|[from] move: Hypnosis
|cant|p1a: Milotic|slp
|-curestatus|p1b: Sinistcha|slp|[msg]
|move|p1b: Sinistcha|Matcha Gotcha|p2a: Sinistcha|[spread] p2a,p2b
|-resisted|p2a: Sinistcha|1
|-supereffective|p2b: Milotic|1
|-damage|p2a: Sinistcha|88/100
|-damage|p2b: Milotic|62/100
|
|-heal|p2b: Milotic|68/100|[from] item: Leftovers
|-heal|p1a: Milotic|100/100 slp|[from] item: Leftovers
|upkeep
|turn|5
|inactive|Ttarchomp333 has 30 seconds left.
|
|t:|1783633663
|move|p1b: Sinistcha|Protect|p1b: Sinistcha
|-singleturn|p1b: Sinistcha|Protect
|move|p2b: Milotic|Hypnosis|p1b: Sinistcha
|-activate|p1b: Sinistcha|move: Protect
|cant|p1a: Milotic|slp
|move|p2a: Sinistcha|Matcha Gotcha|p1a: Milotic|[spread] p1a
|-activate|p1b: Sinistcha|move: Protect
|-supereffective|p1a: Milotic|1
|-crit|p1a: Milotic
|-damage|p1a: Milotic|57/100 slp
|-heal|p2a: Sinistcha|100/100|[from] drain|[of] p1a: Milotic
|
|-heal|p2b: Milotic|74/100|[from] item: Leftovers
|-heal|p1a: Milotic|63/100 slp|[from] item: Leftovers
|upkeep
|turn|6
|inactive|TeyVgc has 30 seconds left.
|inactive|TeyVgc has 20 seconds left.
|
|t:|1783633699
|move|p2b: Milotic|Hypnosis|p1b: Sinistcha
|-status|p1b: Sinistcha|slp|[from] move: Hypnosis
|-curestatus|p1a: Milotic|slp|[msg]
|move|p1a: Milotic|Hypnosis|p2b: Milotic|[miss]
|-miss|p1a: Milotic|p2b: Milotic
|cant|p1b: Sinistcha|slp
|move|p2a: Sinistcha|Matcha Gotcha|p1a: Milotic|[spread] p1a
|-miss|p2a: Sinistcha|p1b: Sinistcha
|-supereffective|p1a: Milotic|1
|-damage|p1a: Milotic|33/100
|
|-heal|p2b: Milotic|80/100|[from] item: Leftovers
|-heal|p1a: Milotic|39/100|[from] item: Leftovers
|upkeep
|turn|7
|inactive|Ttarchomp333 has 30 seconds left.
|
|t:|1783633732
|move|p2b: Milotic|Muddy Water|p1b: Sinistcha|[spread] p1a,p1b
|-resisted|p1a: Milotic|1
|-resisted|p1b: Sinistcha|1
|-damage|p1a: Milotic|32/100
|-damage|p1b: Sinistcha|89/100 slp
|move|p1a: Milotic|Recover|p1a: Milotic
|-heal|p1a: Milotic|82/100
|cant|p1b: Sinistcha|slp
|move|p2a: Sinistcha|Matcha Gotcha|p1b: Sinistcha|[spread] p1b
|-miss|p2a: Sinistcha|p1a: Milotic
|-resisted|p1b: Sinistcha|1
|-damage|p1b: Sinistcha|78/100 slp
|
|-heal|p2b: Milotic|86/100|[from] item: Leftovers
|-heal|p1a: Milotic|88/100|[from] item: Leftovers
|upkeep
|turn|8
|
|t:|1783633754
|-curestatus|p1b: Sinistcha|slp|[msg]
|move|p1b: Sinistcha|Rage Powder|p1b: Sinistcha
|-singleturn|p1b: Sinistcha|move: Rage Powder
|move|p2b: Milotic|Hypnosis|p1b: Sinistcha
|-status|p1b: Sinistcha|slp|[from] move: Hypnosis
|move|p1a: Milotic|Hypnosis|p2b: Milotic|[miss]
|-miss|p1a: Milotic|p2b: Milotic
|move|p2a: Sinistcha|Matcha Gotcha|p1b: Sinistcha|[spread] p1a,p1b
|-supereffective|p1a: Milotic|1
|-resisted|p1b: Sinistcha|1
|-damage|p1a: Milotic|60/100
|-damage|p1b: Sinistcha|67/100 slp
|
|-heal|p2b: Milotic|92/100|[from] item: Leftovers
|-heal|p1a: Milotic|66/100|[from] item: Leftovers
|upkeep
|turn|9
|inactive|Ttarchomp333 has 30 seconds left.
|
|t:|1783633783
|switch|p1a: Floette|Floette-Eternal, L50, F|100/100
|switch|p1b: Excadrill|Excadrill, L50, F|93/100
|switch|p2a: Raichu|Raichu-Mega-Y, L50, F|70/100
|move|p2b: Milotic|Hypnosis|p1a: Floette
|-status|p1a: Floette|slp|[from] move: Hypnosis
|
|-heal|p2b: Milotic|98/100|[from] item: Leftovers
|upkeep
|turn|10
|
|t:|1783633806
|switch|p1b: Sinistcha|Sinistcha, L50|67/100 slp
|detailschange|p1a: Floette|Floette-Mega, L50, F
|-mega|p1a: Floette|Floette|Floettite
|-ability|p1a: Floette|Fairy Aura
|move|p2a: Raichu|Fake Out|p1b: Sinistcha
|-immune|p1b: Sinistcha
|cant|p1a: Floette|slp
|move|p2b: Milotic|Hypnosis|p1b: Sinistcha
|-fail|p1b: Sinistcha|slp
|
|-heal|p2b: Milotic|100/100|[from] item: Leftovers
|upkeep
|turn|11
|
|t:|1783633827
|cant|p1b: Sinistcha|slp
|move|p2a: Raichu|Zap Cannon|p1a: Floette
|-damage|p1a: Floette|53/100 slp
|cant|p1a: Floette|slp
|move|p2b: Milotic|Muddy Water|p1b: Sinistcha|[spread] p1a,p1b
|-resisted|p1b: Sinistcha|1
|-damage|p1a: Floette|36/100 slp
|-damage|p1b: Sinistcha|57/100 slp
|
|upkeep
|turn|12
|
|t:|1783633850
|cant|p1b: Sinistcha|slp
|move|p2a: Raichu|Zap Cannon|p1a: Floette
|-damage|p1a: Floette|0 fnt
|faint|p1a: Floette
|move|p2b: Milotic|Muddy Water|p1b: Sinistcha
|-resisted|p1b: Sinistcha|1
|-damage|p1b: Sinistcha|43/100 slp
|
|upkeep
|
|t:|1783633858
|switch|p1a: Excadrill|Excadrill, L50, F|93/100
|turn|13
|
|t:|1783633865
|-curestatus|p1b: Sinistcha|slp|[msg]
|move|p1b: Sinistcha|Rage Powder|p1b: Sinistcha
|-singleturn|p1b: Sinistcha|move: Rage Powder
|move|p2a: Raichu|Focus Blast|p1b: Sinistcha
|-immune|p1b: Sinistcha
|move|p1a: Excadrill|Earthquake|p2b: Milotic|[spread] p1b,p2a,p2b
|-resisted|p1b: Sinistcha|1
|-supereffective|p2a: Raichu|1
|-damage|p1b: Sinistcha|24/100
|-damage|p2a: Raichu|0 fnt
|-damage|p2b: Milotic|80/100
|faint|p2a: Raichu
|move|p2b: Milotic|Muddy Water|p1a: Excadrill|[spread] p1a,p1b
|-supereffective|p1a: Excadrill|1
|-resisted|p1b: Sinistcha|1
|-damage|p1a: Excadrill|28/100
|-damage|p1b: Sinistcha|12/100
|-unboost|p1a: Excadrill|accuracy|1
|-unboost|p1b: Sinistcha|accuracy|1
|
|-heal|p2b: Milotic|86/100|[from] item: Leftovers
|upkeep
|
|t:|1783633872
|switch|p2a: Sinistcha|Sinistcha, L50|100/100
|-heal|p2b: Milotic|100/100|[from] ability: Hospitality|[of] p2a: Sinistcha
|turn|14
|-message|Ttarchomp333 forfeited.
|raw|Ttarchomp333's rating: 1183 → 1163(-20 for losing)
|raw|TeyVgc's rating: 1252 → 1272(+20 for winning)
|
|win|TeyVgc
