|j|☆itssobeak
|j|☆TheDoomDraogn
|html|itssobeakTheDoomDraogn    
|uhtml|bestof|Game 1 of a best-of-3
|t:|1784650859
|gametype|doubles
|player|p1|itssobeak|birdkeeper|1243
|player|p2|TheDoomDraogn|gentleman-gen4|1342
|gen|9
|tier|[Gen 9 Champions] VGC 2026 Reg M-B (Bo3)
|rated|
|rule|Species Clause: Limit one of each Pokémon
|rule|Item Clause: Limit 1 of each item
|clearpoke
|poke|p1|Staraptor, L50, F|
|poke|p1|Weavile, L50, F|
|poke|p1|Whimsicott, L50, F|
|poke|p1|Glimmora, L50, F|
|poke|p1|Kingambit, L50, F|
|poke|p1|Sinistcha, L50|
|poke|p2|Charizard, L50, F, shiny|
|poke|p2|Metagross, L50, shiny|
|poke|p2|Hydreigon, L50, M|
|poke|p2|Incineroar, L50, F|
|poke|p2|Toxapex, L50, M, shiny|
|poke|p2|Annihilape, L50, M, shiny|
|teampreview|4
|showteam|p1|Staraptor||Staraptite|Intimidate|BraveBird,CloseCombat,Uturn,Protect|Jolly||F|||50|]Weavile||WideLens|Pressure|KnockOff,TripleAxel,Taunt,FakeOut|Jolly||F|||50|]Whimsicott||FocusSash|Prankster|Moonblast,Tailwind,Encore,Tickle|Timid||F|||50|]Glimmora||Glimmoranite|ToxicDebris|PowerGem,SludgeBomb,EarthPower,SpikyShield|Timid||F|||50|]Kingambit||BlackGlasses|Defiant|KowtowCleave,SuckerPunch,SwordsDance,Protect|Adamant||F|||50|]Sinistcha||CobaBerry|Hospitality|MatchaGotcha,RagePowder,LifeDew,Protect|Bold|||||50|
|showteam|p2|Charizard||CharizarditeY|Blaze|HeatWave,WeatherBall,SolarBeam,Protect|Modest||F|||50|]Metagross||Metagrossite|ClearBody|PsychicFangs,BulletPunch,IcePunch,Protect|Jolly|||||50|]Hydreigon||ChoiceScarf|Levitate|DarkPulse,DracoMeteor,Snarl,EarthPower|Modest||M|||50|]Incineroar||SitrusBerry|Intimidate|FlareBlitz,ThroatChop,PartingShot,FakeOut|Impish||F|||50|]Toxapex||Leftovers|Regenerator|Infestation,Toxic,WideGuard,BanefulBunker|Relaxed||M|||50|]Annihilape||FocusSash|Defiant|PhantomForce,CloseCombat,RockTomb,Protect|Jolly||M|||50|
|inactive|Battle timer is ON: inactive players will automatically lose when time's up. (requested by itssobeak)
|inactive|itssobeak has 60 seconds left.
|inactive|TheDoomDraogn has 60 seconds left.
|
|t:|1784650922
|teamsize|p1|4
|teamsize|p2|4
|start
|switch|p1a: Whimsicott|Whimsicott, L50, F|100/100
|switch|p1b: Kingambit|Kingambit, L50, F|100/100
|switch|p2a: Metagross|Metagross, L50, shiny|100/100
|switch|p2b: Annihilape|Annihilape, L50, M, shiny|100/100
|turn|1
|inactive|TheDoomDraogn has 30 seconds left.
|
|t:|1784650952
|detailschange|p2a: Metagross|Metagross-Mega, L50, shiny
|-mega|p2a: Metagross|Metagross|Metagrossite
|move|p2a: Metagross|Bullet Punch|p1a: Whimsicott
|-supereffective|p1a: Whimsicott|1
|-damage|p1a: Whimsicott|6/100
|move|p1b: Kingambit|Sucker Punch|p2b: Annihilape
|-damage|p2b: Annihilape|44/100
|move|p1a: Whimsicott|Moonblast|p2b: Annihilape
|-supereffective|p2b: Annihilape|1
|-damage|p2b: Annihilape|0 fnt
|faint|p2b: Annihilape
|
|upkeep
|
|t:|1784650969
|switch|p2b: Hydreigon|Hydreigon, L50, M|100/100
|turn|2
|
|t:|1784650983
|move|p1a: Whimsicott|Tailwind|p1a: Whimsicott
|-sidestart|p1: itssobeak|move: Tailwind
|move|p2a: Metagross|Bullet Punch|p1a: Whimsicott
|-supereffective|p1a: Whimsicott|1
|-damage|p1a: Whimsicott|0 fnt
|faint|p1a: Whimsicott
|move|p2b: Hydreigon|Earth Power|p1b: Kingambit
|-supereffective|p1b: Kingambit|1
|-damage|p1b: Kingambit|38/100
|move|p1b: Kingambit|Swords Dance|p1b: Kingambit
|-boost|p1b: Kingambit|atk|2
|
|upkeep
|
|t:|1784650990
|switch|p1a: Weavile|Weavile, L50, F|100/100
|-ability|p1a: Weavile|Pressure
|turn|3
|inactive|itssobeak has 30 seconds left.
|inactive|TheDoomDraogn has 30 seconds left.
|
|t:|1784651016
|move|p1a: Weavile|Fake Out|p2b: Hydreigon
|-damage|p2b: Hydreigon|83/100
|move|p2a: Metagross|Bullet Punch|p1a: Weavile
|-supereffective|p1a: Weavile|1
|-damage|p1a: Weavile|0 fnt
|faint|p1a: Weavile
|cant|p2b: Hydreigon|flinch
|move|p1b: Kingambit|Kowtow Cleave|p2a: Metagross
|-supereffective|p2a: Metagross|1
|-damage|p2a: Metagross|0 fnt
|faint|p2a: Metagross
|
|upkeep
|
|t:|1784651025
|switch|p1a: Glimmora|Glimmora, L50, F|100/100
|switch|p2a: Toxapex|Toxapex, L50, M, shiny|100/100
|turn|4
|
|t:|1784651042
|detailschange|p1a: Glimmora|Glimmora-Mega, L50, F
|-mega|p1a: Glimmora|Glimmora|Glimmoranite
|move|p1b: Kingambit|Sucker Punch|p2b: Hydreigon
|-resisted|p2b: Hydreigon|1
|-damage|p2b: Hydreigon|26/100
|move|p1a: Glimmora|Sludge Bomb|p2b: Hydreigon
|-damage|p2b: Hydreigon|0 fnt
|faint|p2b: Hydreigon
|move|p2a: Toxapex|Infestation|p1b: Kingambit
|-damage|p1b: Kingambit|34/100
|-activate|p1b: Kingambit|move: Infestation|[of] p2a: Toxapex
|
|-damage|p1b: Kingambit|22/100|[from] move: Infestation|[partiallytrapped]
|upkeep
|turn|5
|
|t:|1784651053
|move|p2a: Toxapex|Baneful Bunker|p2a: Toxapex
|-singleturn|p2a: Toxapex|move: Protect
|move|p1a: Glimmora|Earth Power|p2a: Toxapex
|-activate|p2a: Toxapex|move: Protect
|move|p1b: Kingambit|Kowtow Cleave|p2a: Toxapex
|-activate|p2a: Toxapex|move: Protect
|
|-damage|p1b: Kingambit|10/100|[from] move: Infestation|[partiallytrapped]
|-sideend|p1: itssobeak|move: Tailwind
|upkeep
|turn|6
|
|t:|1784651057
|move|p2a: Toxapex|Baneful Bunker|p2a: Toxapex
|-singleturn|p2a: Toxapex|move: Protect
|move|p1a: Glimmora|Earth Power|p2a: Toxapex
|-activate|p2a: Toxapex|move: Protect
|move|p1b: Kingambit|Kowtow Cleave|p2a: Toxapex
|-activate|p2a: Toxapex|move: Protect
|
|-damage|p1b: Kingambit|0 fnt|[from] move: Infestation|[partiallytrapped]
|faint|p1b: Kingambit
|upkeep
|turn|7
|
|t:|1784651066
|move|p1a: Glimmora|Earth Power|p2a: Toxapex
|-supereffective|p2a: Toxapex|1
|-damage|p2a: Toxapex|42/100
|move|p2a: Toxapex|Infestation|p1a: Glimmora
|-resisted|p1a: Glimmora|1
|-damage|p1a: Glimmora|98/100
|-activate|p1a: Glimmora|move: Infestation|[of] p2a: Toxapex
|
|-heal|p2a: Toxapex|48/100|[from] item: Leftovers
|-damage|p1a: Glimmora|85/100|[from] move: Infestation|[partiallytrapped]
|upkeep
|turn|8
|
|t:|1784651073
|move|p2a: Toxapex|Baneful Bunker|p2a: Toxapex
|-singleturn|p2a: Toxapex|move: Protect
|move|p1a: Glimmora|Earth Power|p2a: Toxapex
|-activate|p2a: Toxapex|move: Protect
|
|-heal|p2a: Toxapex|54/100|[from] item: Leftovers
|-damage|p1a: Glimmora|73/100|[from] move: Infestation|[partiallytrapped]
|upkeep
|turn|9
|
|t:|1784651077
|move|p1a: Glimmora|Earth Power|p2a: Toxapex
|-supereffective|p2a: Toxapex|1
|-damage|p2a: Toxapex|1/100
|move|p2a: Toxapex|Infestation|p1a: Glimmora
|-resisted|p1a: Glimmora|1
|-damage|p1a: Glimmora|71/100
|
|-heal|p2a: Toxapex|6/100|[from] item: Leftovers
|-damage|p1a: Glimmora|58/100|[from] move: Infestation|[partiallytrapped]
|upkeep
|turn|10
|
|t:|1784651081
|move|p2a: Toxapex|Baneful Bunker|p2a: Toxapex
|-singleturn|p2a: Toxapex|move: Protect
|move|p1a: Glimmora|Power Gem|p2a: Toxapex
|-activate|p2a: Toxapex|move: Protect
|
|-heal|p2a: Toxapex|12/100|[from] item: Leftovers
|-damage|p1a: Glimmora|46/100|[from] move: Infestation|[partiallytrapped]
|upkeep
|turn|11
|
|t:|1784651084
|move|p1a: Glimmora|Power Gem|p2a: Toxapex
|-damage|p2a: Toxapex|0 fnt
|faint|p2a: Toxapex
|
|win|itssobeak
