|j|☆exposniffer
|j|☆efwefwefwefweifier
|html|exposnifferefwefwefwefweifier    
|uhtml|bestof|Game 2 of a best-of-3
|t:|1757123184
|gametype|doubles
|player|p1|exposniffer|blue|1160
|player|p2|efwefwefwefweifier|juan|1213
|gen|9
|tier|[Gen 9] VGC 2025 Reg H (Bo3)
|rated|
|rule|Species Clause: Limit one of each Pokémon
|rule|Item Clause: Limit 1 of each item
|clearpoke
|poke|p1|Gholdengo, L50|
|poke|p1|Dragonite, L50, M|
|poke|p1|Ursaluna-Bloodmoon, L50, M|
|poke|p1|Ninetales-Alola, L50, M|
|poke|p1|Annihilape, L50, F|
|poke|p1|Incineroar, L50, M|
|poke|p2|Gholdengo, L50|
|poke|p2|Rillaboom, L50, F|
|poke|p2|Ursaluna-Bloodmoon, L50, M|
|poke|p2|Annihilape, L50, F|
|poke|p2|Ninetales-Alola, L50, M|
|poke|p2|Talonflame, L50, M|
|teampreview|4
|showteam|p1|Gholdengo||MetalCoat|GoodasGold|MakeItRain,ShadowBall,NastyPlot,Protect||||||50|,,,,,Water]Dragonite||LoadedDice|Multiscale|ScaleShot,ExtremeSpeed,Haze,Protect|||M|||50|,,,,,Steel]Ursaluna-Bloodmoon||AssaultVest|MindsEye|BloodMoon,HyperVoice,EarthPower,VacuumWave|||M|||50|,,,,,Water]Ninetales-Alola||FocusSash|SnowWarning|Blizzard,IcyWind,AuroraVeil,IcicleSpear|||M|||50|,,,,,Ghost]Annihilape||SafetyGoggles|Defiant|CloseCombat,RageFist,Coaching,Taunt|||F|||50|,,,,,Fire]Incineroar||RockyHelmet|Intimidate|KnockOff,FlareBlitz,PartingShot,FakeOut|||M|||50|,,,,,Ghost
|showteam|p2|Gholdengo||ChoiceSpecs|GoodasGold|MakeItRain,ShadowBall,PowerGem,Trick||||||50|,,,,,Steel]Rillaboom||MiracleSeed|GrassySurge|WoodHammer,GrassyGlide,Uturn,FakeOut|||F|||50|,,,,,Fire]Ursaluna-Bloodmoon||AssaultVest|MindsEye|BloodMoon,HyperVoice,EarthPower,VacuumWave|||M|||50|,,,,,Normal]Annihilape||SafetyGoggles|Defiant|DrainPunch,RageFist,BulkUp,Protect|||F|||50|,,,,,Fire]Ninetales-Alola||LightClay|SnowWarning|Blizzard,IcicleSpear,Moonblast,AuroraVeil|||M|||50|,,,,,Water]Talonflame||CovertCloak|GaleWings|BraveBird,Tailwind,WillOWisp,Taunt|||M|||50|,,,,,Dark
|inactive|Battle timer is ON: inactive players will automatically lose when time's up. (requested by efwefwefwefweifier)
|inactive|exposniffer has 60 seconds left.
|
|t:|1757123242
|teamsize|p1|4
|teamsize|p2|4
|start
|switch|p1a: Ninetales|Ninetales-Alola, L50, M|100/100
|switch|p1b: Annihilape|Annihilape, L50, F|100/100
|switch|p2a: Gholdengo|Gholdengo, L50|100/100
|switch|p2b: Talonflame|Talonflame, L50, M|100/100
|-weather|Snowscape|[from] ability: Snow Warning|[of] p1a: Ninetales
|turn|1
|inactive|exposniffer has 30 seconds left.
|inactive|efwefwefwefweifier has 30 seconds left.
|inactive|efwefwefwefweifier has 20 seconds left.
|
|t:|1757123281
|-terastallize|p1b: Annihilape|Fire
|move|p2b: Talonflame|Brave Bird|p1b: Annihilape
|-damage|p1b: Annihilape|46/100
|-damage|p2b: Talonflame|78/100|[from] Recoil
|move|p1a: Ninetales|Blizzard|p2b: Talonflame|[spread] p2a,p2b
|-resisted|p2a: Gholdengo
|-crit|p2b: Talonflame
|-damage|p2a: Gholdengo|82/100
|-damage|p2b: Talonflame|1/100
|-status|p2a: Gholdengo|frz
|move|p1b: Annihilape|Rage Fist|p2a: Gholdengo
|-supereffective|p2a: Gholdengo
|-damage|p2a: Gholdengo|0 fnt
|faint|p2a: Gholdengo
|
|-weather|Snowscape|[upkeep]
|upkeep
|inactive|efwefwefwefweifier has 30 seconds left.
|
|t:|1757123307
|switch|p2a: Annihilape|Annihilape, L50, F|100/100
|turn|2
|
|t:|1757123321
|-terastallize|p2a: Annihilape|Fire
|move|p2b: Talonflame|Tailwind|p2b: Talonflame
|-sidestart|p2: efwefwefwefweifier|move: Tailwind
|move|p2a: Annihilape|Bulk Up|p2a: Annihilape
|-boost|p2a: Annihilape|atk|1
|-boost|p2a: Annihilape|def|1
|move|p1a: Ninetales|Icy Wind|p2a: Annihilape|[spread] p2b
|-miss|p1a: Ninetales|p2a: Annihilape
|-damage|p2b: Talonflame|0 fnt
|faint|p2b: Talonflame
|move|p1b: Annihilape|Rage Fist|p2a: Annihilape
|-damage|p2a: Annihilape|66/100
|
|-weather|Snowscape|[upkeep]
|upkeep
|
|t:|1757123334
|switch|p2b: Rillaboom|Rillaboom, L50, F|100/100
|-fieldstart|move: Grassy Terrain|[from] ability: Grassy Surge|[of] p2b: Rillaboom
|turn|3
|
|t:|1757123344
|switch|p1a: Gholdengo|Gholdengo, L50|100/100
|switch|p1b: Ursaluna|Ursaluna-Bloodmoon, L50, M|100/100
|move|p2b: Rillaboom|Fake Out|p1a: Gholdengo
|-immune|p1a: Gholdengo
|move|p2a: Annihilape|Rage Fist|p1b: Ursaluna
|-immune|p1b: Ursaluna
|
|-weather|Snowscape|[upkeep]
|-heal|p2a: Annihilape|72/100|[from] Grassy Terrain
|upkeep
|turn|4
|inactive|exposniffer has 30 seconds left.
|inactive|exposniffer has 20 seconds left.
|
|t:|1757123382
|move|p2a: Annihilape|Rage Fist|p1a: Gholdengo
|-supereffective|p1a: Gholdengo
|-damage|p1a: Gholdengo|0 fnt
|faint|p1a: Gholdengo
|move|p2b: Rillaboom|Wood Hammer|p1b: Ursaluna
|-supereffective|p1b: Ursaluna
|-damage|p1b: Ursaluna|0 fnt
|faint|p1b: Ursaluna
|-damage|p2b: Rillaboom|66/100|[from] Recoil
|
|-weather|Snowscape|[upkeep]
|-heal|p2a: Annihilape|78/100|[from] Grassy Terrain
|-heal|p2b: Rillaboom|72/100|[from] Grassy Terrain
|upkeep
|
|t:|1757123390
|switch|p1a: Ninetales|Ninetales-Alola, L50, M|100/100
|switch|p1b: Annihilape|Annihilape, L50, F, tera:Fire|46/100
|turn|5
|
|t:|1757123409
|move|p2a: Annihilape|Drain Punch|p1a: Ninetales
|-damage|p1a: Ninetales|52/100
|-heal|p2a: Annihilape|97/100|[from] drain|[of] p1a: Ninetales
|move|p2b: Rillaboom|Wood Hammer|p1a: Ninetales
|-damage|p1a: Ninetales|0 fnt
|faint|p1a: Ninetales
|-damage|p2b: Rillaboom|59/100|[from] Recoil
|move|p1b: Annihilape|Rage Fist|p2b: Rillaboom
|-crit|p2b: Rillaboom
|-damage|p2b: Rillaboom|0 fnt
|faint|p2b: Rillaboom
|
|-weather|none
|-heal|p2a: Annihilape|100/100|[from] Grassy Terrain
|-heal|p1b: Annihilape|51/100|[from] Grassy Terrain
|-sideend|p2: efwefwefwefweifier|move: Tailwind
|upkeep
|turn|6
|
|t:|1757123429
|move|p1b: Annihilape|Rage Fist|p2a: Annihilape
|-damage|p2a: Annihilape|63/100
|move|p2a: Annihilape|Rage Fist|p1b: Annihilape
|-damage|p1b: Annihilape|0 fnt
|faint|p1b: Annihilape
|
|win|efwefwefwefweifier
|raw|exposniffer's rating: 1160 → 1139(-21 for losing)
|raw|efwefwefwefweifier's rating: 1213 → 1234(+21 for winning)
|c|☆exposniffer|gg
|c|☆efwefwefwefweifier|gg
|l|☆efwefwefwefweifier
|player|p2|
