|j|☆carmelotb
|j|☆tajinvgc
|html|carmelotbtajinvgc    
|uhtml|bestof|Game 3 of a best-of-3
|t:|1784332537
|gametype|doubles
|player|p1|carmelotb|pilot|1092
|player|p2|tajinvgc|palmer|1145
|gen|9
|tier|[Gen 9 Champions] VGC 2026 Reg M-B (Bo3)
|rated|
|rule|Species Clause: Limit one of each Pokémon
|rule|Item Clause: Limit 1 of each item
|clearpoke
|poke|p1|Whimsicott, L50, F|
|poke|p1|Sceptile, L50, M|
|poke|p1|Rotom-Wash, L50|
|poke|p1|Charizard, L50, M|
|poke|p1|Excadrill, L50, M|
|poke|p1|Salazzle, L50, F|
|poke|p2|Venusaur, L50, F, shiny|
|poke|p2|Charizard, L50, M, shiny|
|poke|p2|Pelipper, L50, F, shiny|
|poke|p2|Grimmsnarl, L50, M, shiny|
|poke|p2|Archaludon, L50, M, shiny|
|poke|p2|Basculegion, L50, M|
|teampreview|4
|showteam|p1|Whimsicott||MentalHerb|Prankster|GrassyTerrain,EnergyBall,Tailwind,SunnyDay|Timid||F|||50|]Sceptile||Sceptilite|Overgrow|EarthPower,Substitute,GigaDrain,DragonPulse|Timid||M|||50|]Rotom-Wash||Magnet|Levitate|Discharge,HydroPump,VoltSwitch,Protect|Modest|||||50|]Charizard||CharizarditeX|Blaze|Protect,DragonDance,DragonClaw,FlareBlitz|Jolly||M|||50|]Excadrill||ChoiceScarf|MoldBreaker|Earthquake,IronHead,RockSlide,DrillRun|Adamant||M|||50|]Salazzle||FocusSash|Corrosion|FakeOut,SludgeBomb,Overheat,Toxic|Timid||F|||50|
|showteam|p2|Venusaur||FocusSash|Chlorophyll|Protect,SludgeBomb,EarthPower,SleepPowder|Modest||F|||50|]Charizard||CharizarditeY|Blaze|Protect,HeatWave,WeatherBall,SolarBeam|Modest||M|||50|]Pelipper||SitrusBerry|Drizzle|Hurricane,Tailwind,WeatherBall,WideGuard|Modest||F|||50|]Grimmsnarl||LightClay|Prankster|SpiritBreak,Reflect,LightScreen,PartingShot|Sassy||M|||50|]Archaludon||Leftovers|Stamina|ElectroShot,Protect,DragonPulse,FlashCannon|Calm||M|||50|]Basculegion||ChoiceScarf|Adaptability|WaveCrash,AquaJet,FlipTurn,LastRespects|Jolly||M|||50|
|inactive|Battle timer is ON: inactive players will automatically lose when time's up. (requested by tajinvgc)
|inactive|carmelotb has 60 seconds left.
|
|t:|1784332579
|teamsize|p1|4
|teamsize|p2|4
|start
|switch|p1a: Salazzle|Salazzle, L50, F|100/100
|switch|p1b: Whimsicott|Whimsicott, L50, F|100/100
|switch|p2a: Venusaur|Venusaur, L50, F, shiny|100/100
|switch|p2b: Grimmsnarl|Grimmsnarl, L50, M, shiny|100/100
|turn|1
|inactive|tajinvgc has 30 seconds left.
|inactive|tajinvgc has 20 seconds left.
|
|t:|1784332618
|move|p2a: Venusaur|Protect|p2a: Venusaur
|-singleturn|p2a: Venusaur|Protect
|move|p1a: Salazzle|Fake Out|p2a: Venusaur
|-activate|p2a: Venusaur|move: Protect
|move|p1b: Whimsicott|Tailwind|p1b: Whimsicott
|-sidestart|p1: carmelotb|move: Tailwind
|move|p2b: Grimmsnarl|Light Screen|p2b: Grimmsnarl
|-sidestart|p2: tajinvgc|move: Light Screen
|
|upkeep
|turn|2
|
|t:|1784332642
|switch|p2a: Archaludon|Archaludon, L50, M, shiny|100/100
|move|p1b: Whimsicott|Grassy Terrain|p1b: Whimsicott
|-fieldstart|move: Grassy Terrain
|move|p2b: Grimmsnarl|Parting Shot|p1a: Salazzle
|-unboost|p1a: Salazzle|atk|1
|-unboost|p1a: Salazzle|spa|1
|
|t:|1784332649
|switch|p2b: Venusaur|Venusaur, L50, F, shiny|100/100|[from] Parting Shot
|move|p1a: Salazzle|Toxic|p2a: Archaludon
|-status|p2a: Archaludon|tox
|
|-damage|p2a: Archaludon|93/100 tox|[from] psn
|upkeep
|turn|3
|inactive|tajinvgc has 30 seconds left.
|
|t:|1784332675
|switch|p1b: Rotom|Rotom-Wash, L50|100/100
|move|p2b: Venusaur|Protect|p2b: Venusaur
|-singleturn|p2b: Venusaur|Protect
|move|p1a: Salazzle|Toxic|p2b: Venusaur
|-activate|p2b: Venusaur|move: Protect
|move|p2a: Archaludon|Dragon Pulse|p1a: Salazzle
|-damage|p1a: Salazzle|33/100
|
|-heal|p1a: Salazzle|40/100|[from] Grassy Terrain
|-heal|p2a: Archaludon|100/100 tox|[from] Grassy Terrain
|-damage|p2a: Archaludon|87/100 tox|[from] psn
|upkeep
|turn|4
|inactive|tajinvgc has 30 seconds left.
|inactive|tajinvgc has 20 seconds left.
|
|t:|1784332712
|move|p1a: Salazzle|Toxic|p2b: Venusaur
|-status|p2b: Venusaur|tox
|move|p1b: Rotom|Volt Switch|p2b: Venusaur
|-resisted|p2b: Venusaur|1
|-damage|p2b: Venusaur|84/100 tox
|
|t:|1784332718
|switch|p1b: Whimsicott|Whimsicott, L50, F|100/100|[from] Volt Switch
|move|p2b: Venusaur|Sleep Powder|p1b: Whimsicott
|-immune|p1b: Whimsicott
|move|p2a: Archaludon|Dragon Pulse|p1a: Salazzle
|-damage|p1a: Salazzle|0 fnt
|faint|p1a: Salazzle
|
|-heal|p2b: Venusaur|90/100 tox|[from] Grassy Terrain
|-heal|p2a: Archaludon|93/100 tox|[from] Grassy Terrain
|-heal|p2a: Archaludon|100/100 tox|[from] item: Leftovers
|-damage|p2b: Venusaur|84/100 tox|[from] psn
|-damage|p2a: Archaludon|81/100 tox|[from] psn
|-sideend|p1: carmelotb|move: Tailwind
|upkeep
|
|t:|1784332733
|switch|p1a: Rotom|Rotom-Wash, L50|100/100
|turn|5
|
|t:|1784332748
|switch|p2b: Grimmsnarl|Grimmsnarl, L50, M, shiny|100/100
|move|p1a: Rotom|Protect|p1a: Rotom
|-singleturn|p1a: Rotom|Protect
|move|p1b: Whimsicott|Tailwind|p1b: Whimsicott
|-sidestart|p1: carmelotb|move: Tailwind
|move|p2a: Archaludon|Dragon Pulse|p1a: Rotom
|-activate|p1a: Rotom|move: Protect
|
|-heal|p2a: Archaludon|87/100 tox|[from] Grassy Terrain
|-heal|p2a: Archaludon|93/100 tox|[from] item: Leftovers
|-damage|p2a: Archaludon|69/100 tox|[from] psn
|upkeep
|turn|6
|
|t:|1784332766
|move|p1b: Whimsicott|Energy Ball|p2b: Grimmsnarl
|-damage|p2b: Grimmsnarl|75/100
|move|p1a: Rotom|Discharge|p2a: Archaludon|[spread] p1b,p2a,p2b
|-resisted|p1b: Whimsicott|1
|-crit|p1b: Whimsicott
|-resisted|p2a: Archaludon|1
|-damage|p1b: Whimsicott|57/100
|-damage|p2a: Archaludon|59/100 tox
|-damage|p2b: Grimmsnarl|56/100
|-ability|p2a: Archaludon|Stamina|boost
|-boost|p2a: Archaludon|def|1
|move|p2a: Archaludon|Flash Cannon|p1b: Whimsicott
|-supereffective|p1b: Whimsicott|1
|-damage|p1b: Whimsicott|0 fnt
|faint|p1b: Whimsicott
|move|p2b: Grimmsnarl|Spirit Break|p1a: Rotom
|-damage|p1a: Rotom|65/100
|-unboost|p1a: Rotom|spa|1
|
|-heal|p2a: Archaludon|65/100 tox|[from] Grassy Terrain
|-heal|p2a: Archaludon|71/100 tox|[from] item: Leftovers
|-heal|p2b: Grimmsnarl|62/100|[from] Grassy Terrain
|-damage|p2a: Archaludon|41/100 tox|[from] psn
|-fieldend|move: Grassy Terrain
|upkeep
|
|t:|1784332778
|switch|p1b: Sceptile|Sceptile, L50, M|100/100
|turn|7
|inactive|tajinvgc has 30 seconds left.
|
|t:|1784332806
|detailschange|p1b: Sceptile|Sceptile-Mega, L50, M
|-mega|p1b: Sceptile|Sceptile|Sceptilite
|move|p1b: Sceptile|Substitute|p1b: Sceptile
|-start|p1b: Sceptile|Substitute
|-damage|p1b: Sceptile|75/100
|move|p1a: Rotom|Discharge|p2b: Grimmsnarl|[spread] p2a,p2b
|-ability|p1b: Sceptile|Lightning Rod|boost
|-boost|p1b: Sceptile|spa|1
|-resisted|p2a: Archaludon|1
|-damage|p2a: Archaludon|34/100 tox
|-damage|p2b: Grimmsnarl|49/100
|-ability|p2a: Archaludon|Stamina|boost
|-boost|p2a: Archaludon|def|1
|move|p2a: Archaludon|Dragon Pulse|p1b: Sceptile
|-supereffective|p1b: Sceptile|1
|-end|p1b: Sceptile|Substitute
|move|p2b: Grimmsnarl|Spirit Break|p1b: Sceptile
|-supereffective|p1b: Sceptile|1
|-damage|p1b: Sceptile|0 fnt
|faint|p1b: Sceptile
|
|-heal|p2a: Archaludon|40/100 tox|[from] item: Leftovers
|-damage|p2a: Archaludon|3/100 tox|[from] psn
|upkeep
|turn|8
|c|☆tajinvgc|gg
|-message|carmelotb forfeited.
|raw|carmelotb's rating: 1092 → 1072(-20 for losing)
|raw|tajinvgc's rating: 1145 → 1166(+21 for winning)
|
|win|tajinvgc
|l|☆carmelotb
|player|p1|
