|j|☆Koraidonkoalition
|j|☆glofer
|html|Koraidonkoalitionglofer    
|uhtml|bestof|Game 2 of a best-of-3
|t:|1785420661
|gametype|doubles
|player|p1|Koraidonkoalition|colress|1098
|player|p2|glofer|blackbelt|1067
|gen|9
|tier|[Gen 9 Champions] VGC 2026 Reg M-B (Bo3)
|rated|
|rule|Species Clause: Limit one of each Pokémon
|rule|Item Clause: Limit 1 of each item
|clearpoke
|poke|p1|Delphox, L50, F|
|poke|p1|Garchomp, L50, F|
|poke|p1|Sneasler, L50, M|
|poke|p1|Staraptor, L50, M|
|poke|p1|Kingambit, L50, F|
|poke|p1|Whimsicott, L50, M|
|poke|p2|Bellibolt, L50, F|
|poke|p2|Raichu, L50, F|
|poke|p2|Manectric, L50, M|
|poke|p2|Eelektross, L50, F|
|poke|p2|Emolga, L50, M|
|poke|p2|Heliolisk, L50, F|
|teampreview|4
|showteam|p1|Delphox||Delphoxite|Blaze|HeatWave,Psychic,Substitute,Protect|Modest||F|||50|]Garchomp||LifeOrb|RoughSkin|Earthquake,DragonClaw,RockSlide,Protect|Jolly||F|||50|]Sneasler||FocusSash|Unburden|CloseCombat,DireClaw,RockTomb,FakeOut|Naive||M|||50|]Staraptor||Staraptite|Intimidate|CloseCombat,DualWingbeat,Roost,Protect|Jolly||M|||50|]Kingambit||ChopleBerry|Defiant|KowtowCleave,SuckerPunch,IronHead,LowKick|Adamant||F|||50|]Whimsicott||OccaBerry|Prankster|Moonblast,Charm,Tailwind,LightScreen|Timid||M|||50|
|showteam|p2|Bellibolt||Leftovers|Electromorphosis|ParabolicCharge,AcidSpray,Soak,Protect|Modest||F|||50|]Raichu||RaichuniteY|LightningRod|ZapCannon,FocusBlast,FakeOut,Protect|Timid||F|||50|]Manectric||Manectite|LightningRod|VoltSwitch,Flamethrower,Snarl,Protect|Timid||M|||50|]Eelektross||LifeOrb|Levitate|SupercellSlam,DrainPunch,Bulldoze,Coil|Brave||F|||50|]Emolga||FocusSash|MotorDrive|Electroweb,AirSlash,LightScreen,Protect|Timid||M|||50|]Heliolisk||ChoiceScarf|DrySkin|Thunderbolt,HyperVoice,DragonPulse,DarkPulse|Timid||F|||50|
|
|t:|1785420682
|teamsize|p1|4
|teamsize|p2|4
|start
|switch|p1a: Delphox|Delphox, L50, F|100/100
|switch|p1b: Whimsicott|Whimsicott, L50, M|100/100
|switch|p2a: Manectric|Manectric, L50, M|100/100
|switch|p2b: Emolga|Emolga, L50, M|100/100
|turn|1
|inactive|Battle timer is ON: inactive players will automatically lose when time's up. (requested by glofer)
|
|t:|1785420696
|detailschange|p2a: Manectric|Manectric-Mega, L50, M
|-mega|p2a: Manectric|Manectric|Manectite
|-ability|p2a: Manectric|Intimidate|boost
|-unboost|p1a: Delphox|atk|1
|-unboost|p1b: Whimsicott|atk|1
|move|p1a: Delphox|Protect|p1a: Delphox
|-singleturn|p1a: Delphox|Protect
|move|p1b: Whimsicott|Tailwind|p1b: Whimsicott
|-sidestart|p1: Koraidonkoalition|move: Tailwind
|move|p2a: Manectric|Snarl|p1b: Whimsicott|[spread] p1b
|-activate|p1a: Delphox|move: Protect
|-resisted|p1b: Whimsicott|1
|-damage|p1b: Whimsicott|89/100
|-unboost|p1b: Whimsicott|spa|1
|move|p2b: Emolga|Air Slash|p1b: Whimsicott
|-supereffective|p1b: Whimsicott|1
|-damage|p1b: Whimsicott|16/100
|
|upkeep
|turn|2
|
|t:|1785420718
|detailschange|p1a: Delphox|Delphox-Mega, L50, F
|-mega|p1a: Delphox|Delphox|Delphoxite
|move|p1b: Whimsicott|Moonblast|p2a: Manectric
|-damage|p2a: Manectric|73/100
|move|p1a: Delphox|Psychic|p2a: Manectric
|-damage|p2a: Manectric|0 fnt
|faint|p2a: Manectric
|move|p2b: Emolga|Air Slash|p1a: Delphox
|-damage|p1a: Delphox|74/100
|
|upkeep
|
|t:|1785420731
|switch|p2a: Bellibolt|Bellibolt, L50, F|100/100
|turn|3
|
|t:|1785420743
|move|p1b: Whimsicott|Light Screen|p1b: Whimsicott
|-sidestart|p1: Koraidonkoalition|move: Light Screen
|move|p1a: Delphox|Substitute|p1a: Delphox
|-start|p1a: Delphox|Substitute
|-damage|p1a: Delphox|50/100g
|move|p2b: Emolga|Air Slash|p1a: Delphox
|-activate|p1a: Delphox|move: Substitute|[damage]
|move|p2a: Bellibolt|Parabolic Charge|p1a: Delphox|[spread] p1a,p1b
|-ability|p2b: Emolga|Motor Drive|boost
|-boost|p2b: Emolga|spe|1
|-end|p1a: Delphox|Substitute
|-resisted|p1b: Whimsicott|1
|-damage|p1b: Whimsicott|6/100
|
|upkeep
|turn|4
|
|t:|1785420764
|move|p1b: Whimsicott|Moonblast|p2b: Emolga
|-damage|p2b: Emolga|62/100
|move|p1a: Delphox|Psychic|p2b: Emolga
|-damage|p2b: Emolga|0 fnt
|faint|p2b: Emolga
|move|p2a: Bellibolt|Parabolic Charge|p1b: Whimsicott|[spread] p1a,p1b
|-resisted|p1b: Whimsicott|1
|-damage|p1a: Delphox|35/100
|-damage|p1b: Whimsicott|0 fnt
|faint|p1b: Whimsicott
|
|-sideend|p1: Koraidonkoalition|move: Tailwind
|upkeep
|
|t:|1785420778
|switch|p1b: Garchomp|Garchomp, L50, F|100/100
|switch|p2b: Eelektross|Eelektross, L50, F|100/100
|turn|5
|
|t:|1785420787
|move|p1a: Delphox|Psychic|p2a: Bellibolt
|-damage|p2a: Bellibolt|45/100
|-start|p2a: Bellibolt|Charge|Psychic|[from] ability: Electromorphosis
|move|p1b: Garchomp|Earthquake|p2a: Bellibolt|[spread] p2a
|-immune|p1a: Delphox|[from] ability: Levitate
|-immune|p2b: Eelektross|[from] ability: Levitate
|-supereffective|p2a: Bellibolt|1
|-damage|p2a: Bellibolt|0 fnt
|faint|p2a: Bellibolt
|-damage|p1b: Garchomp|90/100|[from] item: Life Orb
|move|p2b: Eelektross|Supercell Slam|p1b: Garchomp
|-immune|p1b: Garchomp
|-damage|p2b: Eelektross|50/100y|[from] supercellslam
|
|upkeep
|turn|6
|inactive|glofer has 30 seconds left.
|-message|glofer forfeited.
|
|win|Koraidonkoalition
|raw|Koraidonkoalition's rating: 1098 → 1121(+23 for winning)
|raw|glofer's rating: 1067 → 1049(-18 for losing)
