|j|☆LyricSum
|j|☆Harry Koekenpan
|html|LyricSumHarry Koekenpan    
|uhtml|bestof|Game 3 of a best-of-3
|t:|1755296910
|gametype|doubles
|player|p1|LyricSum|veteran|1292
|player|p2|Harry Koekenpan|2|1285
|gen|9
|tier|[Gen 9] VGC 2025 Reg H (Bo3)
|rated|
|rule|Species Clause: Limit one of each Pokémon
|rule|Item Clause: Limit 1 of each item
|clearpoke
|poke|p1|Persian-Alola, L50, F|
|poke|p1|Kommo-o, L50, M|
|poke|p1|Talonflame, L50, F|
|poke|p1|Sinistcha-Masterpiece, L50|
|poke|p1|Archaludon, L50, M|
|poke|p1|Primarina, L50, M|
|poke|p2|Typhlosion-Hisui, L50, M|
|poke|p2|Toedscruel, L50, F|
|poke|p2|Weezing-Galar, L50, F|
|poke|p2|Garchomp, L50, F|
|poke|p2|Kilowattrel, L50, M|
|poke|p2|Incineroar, L50, F|
|teampreview|4
|showteam|p1|Persian-Alola||AssaultVest|FurCoat|FakeOut,Snarl,KnockOff,GunkShot|||F|||50|,,,,,Poison]Kommo-o||ThroatSpray|Overcoat|ClangorousSoul,ClangingScales,AuraSphere,Protect|||M|||50|,,,,,Steel]Talonflame||FocusSash|GaleWings|Tailwind,UpperHand,DualWingbeat,Taunt|||F|||50|,,,,,Ghost]Sinistcha-Masterpiece||SitrusBerry|Hospitality|MatchaGotcha,ShadowBall,RagePowder,LifeDew||||||50|,,,,,Fairy]Archaludon||PowerHerb|Stalwart|ElectroShot,Thunderbolt,DragonPulse,Protect|||M|||50|,,,,,Electric]Primarina||LifeOrb|LiquidVoice|HyperVoice,Moonblast,AquaJet,Protect|||M|||50|,,,,,Poison
|showteam|p2|Typhlosion-Hisui||ChoiceScarf|Blaze|Eruption,ShadowBall,SleepTalk,HeatWave|||M|||50|,,,,,Fire]Toedscruel||CovertCloak|MyceliumMight|Spore,RagePowder,AcidSpray,EarthPower|||F|||50|,,,,,Water]Weezing-Galar||ChoiceSpecs|NeutralizingGas|DazzlingGleam,SludgeBomb,StrangeSteam,TeraBlast|||F|||50|,,,,,Water]Garchomp||LifeOrb|RoughSkin|Protect,Earthquake,DragonClaw,StompingTantrum|||F|||50|,,,,,Ground]Kilowattrel||FocusSash|Competitive|Discharge,AirSlash,Tailwind,Protect|||M|||50|,,,,,Ghost]Incineroar||AssaultVest|Intimidate|FlareBlitz,KnockOff,Uturn,FakeOut|||F|||50|,,,,,Grass
|inactive|Battle timer is ON: inactive players will automatically lose when time's up. (requested by LyricSum)
|
|t:|1755296938
|teamsize|p1|4
|teamsize|p2|4
|start
|switch|p1a: Talonflame|Talonflame, L50, F|100/100
|switch|p1b: Primarina|Primarina, L50, M|100/100
|switch|p2a: Garchomp|Garchomp, L50, F|100/100
|switch|p2b: Kilowattrel|Kilowattrel, L50, M|100/100
|turn|1
|inactive|LyricSum has 30 seconds left.
|
|t:|1755296965
|-terastallize|p2a: Garchomp|Ground
|move|p1b: Primarina|Protect|p1b: Primarina
|-singleturn|p1b: Primarina|Protect
|move|p1a: Talonflame|Taunt|p2b: Kilowattrel
|-start|p2b: Kilowattrel|move: Taunt
|move|p2b: Kilowattrel|Discharge|p1a: Talonflame|[spread] p1a
|-activate|p1b: Primarina|move: Protect
|-immune|p2a: Garchomp
|-supereffective|p1a: Talonflame
|-damage|p1a: Talonflame|21/100
|move|p2a: Garchomp|Earthquake|p1b: Primarina|[spread] 
|-activate|p1b: Primarina|move: Protect
|-immune|p2b: Kilowattrel
|-immune|p1a: Talonflame
|
|upkeep
|turn|2
|inactive|Harry Koekenpan has 30 seconds left.
|
|t:|1755296996
|move|p1a: Talonflame|Tailwind|p1a: Talonflame
|-sidestart|p1: LyricSum|move: Tailwind
|move|p2b: Kilowattrel|Discharge|p1a: Talonflame|[spread] p1a,p1b
|-immune|p2a: Garchomp
|-supereffective|p1a: Talonflame
|-supereffective|p1b: Primarina
|-damage|p1a: Talonflame|0 fnt
|-damage|p1b: Primarina|49/100
|-status|p1b: Primarina|par
|faint|p1a: Talonflame
|move|p2a: Garchomp|Earthquake|p1b: Primarina|[spread] p1b
|-immune|p2b: Kilowattrel
|-damage|p1b: Primarina|0 fnt
|faint|p1b: Primarina
|-damage|p2a: Garchomp|91/100|[from] item: Life Orb
|
|upkeep
|
|t:|1755297006
|switch|p1a: Kommo-o|Kommo-o, L50, M|100/100
|switch|p1b: Archaludon|Archaludon, L50, M, shiny|100/100
|turn|3
|inactive|Harry Koekenpan has 30 seconds left.
|inactive|Harry Koekenpan has 20 seconds left.
|inactive|Harry Koekenpan has 15 seconds left.
|inactive|Harry Koekenpan has 10 seconds left.
|
|t:|1755297052
|move|p1b: Archaludon|Dragon Pulse|p2a: Garchomp
|-damage|p2a: Garchomp|40/100
|move|p1a: Kommo-o|Clanging Scales|p2b: Kilowattrel|[spread] p2a,p2b
|-damage|p2a: Garchomp|0 fnt
|-damage|p2b: Kilowattrel|26/100
|faint|p2a: Garchomp
|-unboost|p1a: Kommo-o|def|1
|-enditem|p1a: Kommo-o|Throat Spray
|-boost|p1a: Kommo-o|spa|1|[from] item: Throat Spray
|move|p2b: Kilowattrel|Discharge|p1a: Kommo-o|[spread] p1a,p1b
|-resisted|p1a: Kommo-o
|-resisted|p1b: Archaludon
|-damage|p1a: Kommo-o|86/100
|-damage|p1b: Archaludon|80/100
|
|-end|p2b: Kilowattrel|move: Taunt
|upkeep
|inactive|Harry Koekenpan has 30 seconds left.
|
|t:|1755297085
|switch|p2a: Weezing|Weezing-Galar, L50, F|100/100
|-ability|p2a: Weezing|Neutralizing Gas
|turn|4
|inactive|Harry Koekenpan has 30 seconds left.
|
|t:|1755297111
|-terastallize|p1b: Archaludon|Electric
|move|p1b: Archaludon|Electro Shot||[still]
|-prepare|p1b: Archaludon|Electro Shot
|-boost|p1b: Archaludon|spa|1
|-enditem|p1b: Archaludon|Power Herb
|-anim|p1b: Archaludon|Electro Shot|p2a: Weezing
|-damage|p2a: Weezing|0 fnt
|faint|p2a: Weezing
|-end|p2a: Weezing|ability: Neutralizing Gas
|move|p1a: Kommo-o|Clanging Scales|p2b: Kilowattrel
|-damage|p2b: Kilowattrel|0 fnt
|faint|p2b: Kilowattrel
|-unboost|p1a: Kommo-o|def|1
|
|upkeep
|
|t:|1755297127
|switch|p2b: Typhlosion|Typhlosion-Hisui, L50, M|100/100
|turn|5
|
|t:|1755297137
|move|p1b: Archaludon|Thunderbolt|p2b: Typhlosion
|-damage|p2b: Typhlosion|7/100
|move|p1a: Kommo-o|Clanging Scales|p2b: Typhlosion
|-damage|p2b: Typhlosion|0 fnt
|faint|p2b: Typhlosion
|
|win|LyricSum
|raw|LyricSum's rating: 1292 → 1316(+24 for winning)
|raw|Harry Koekenpan's rating: 1285 → 1261(-24 for losing)
|l|☆LyricSum
|player|p1|
