|j|☆danitin
|j|☆Vanidicuss
|html|danitinVanidicuss    
|uhtml|bestof|Game 3 of a best-of-3
|t:|1782439819
|gametype|doubles
|player|p1|danitin|swimmerf|1048
|player|p2|Vanidicuss|drayden|1073
|gen|9
|tier|[Gen 9 Champions] VGC 2026 Reg M-B (Bo3)
|rated|
|rule|Species Clause: Limit one of each Pokémon
|rule|Item Clause: Limit 1 of each item
|clearpoke
|poke|p1|Aerodactyl, L50, F|
|poke|p1|Sylveon, L50, M|
|poke|p1|Farigiraf, L50, F|
|poke|p1|Charizard, L50, F|
|poke|p1|Kingambit, L50, M|
|poke|p1|Garchomp, L50, M|
|poke|p2|Garchomp, L50, M|
|poke|p2|Victreebel, L50, M|
|poke|p2|Incineroar, L50, F|
|poke|p2|Basculegion, L50, M|
|poke|p2|Aggron, L50, F|
|poke|p2|Grimmsnarl, L50, M|
|teampreview|4
|showteam|p1|Aerodactyl||Aerodactylite|Unnerve|RockSlide,WideGuard,Tailwind,IceFang|Jolly||F|||50|]Sylveon||FairyFeather|Pixilate|HyperVoice,Moonblast,CalmMind,Detect|Quiet||M|||50|]Farigiraf||SitrusBerry|ArmorTail|Psyshock,Roar,TrickRoom,Protect|Relaxed||F|||50|]Charizard||CharizarditeY|Blaze|WeatherBall,HeatWave,SolarBeam,Protect|Modest||F|||50|]Kingambit||FocusSash|Defiant|KowtowCleave,IronHead,SuckerPunch,LowKick|Adamant||M|||50|]Garchomp||LifeOrb|RoughSkin|DragonClaw,Earthquake,StompingTantrum,RockSlide|Adamant||M|||50|
|showteam|p2|Garchomp||SitrusBerry|SandVeil|Earthquake,DragonClaw,RockSlide,Protect|Jolly||M|||50|]Victreebel||Victreebelite|Chlorophyll|StrengthSap,SludgeBomb,EnergyBall,Protect|Rash||M|||50|]Incineroar||Charcoal|Intimidate|FakeOut,PartingShot,Protect,FlareBlitz|Careful||F|||50|]Basculegion||FocusSash|Adaptability|AquaJet,LastRespects,WaveCrash,Protect|Adamant||M|||50|]Aggron||Aggronite|Sturdy|BodyPress,IronDefense,Protect,HeavySlam|Impish||F|||50|]Grimmsnarl||MentalHerb|Prankster|LightScreen,Reflect,Protect,FakeOut|Careful||M|||50|
|inactive|Battle timer is ON: inactive players will automatically lose when time's up. (requested by danitin)
|
|t:|1782439843
|teamsize|p1|4
|teamsize|p2|4
|start
|switch|p1a: Aerodactyl|Aerodactyl, L50, F|100/100
|switch|p1b: Kingambit|Kingambit, L50, M|100/100
|switch|p2a: Victreebel|Victreebel, L50, M|100/100
|switch|p2b: Garchomp|Garchomp, L50, M|100/100
|-ability|p1a: Aerodactyl|Unnerve
|turn|1
|inactive|danitin has 30 seconds left.
|inactive|Vanidicuss has 30 seconds left.
|
|t:|1782439874
|switch|p2a: Basculegion|Basculegion, L50, M|100/100
|detailschange|p1a: Aerodactyl|Aerodactyl-Mega, L50, F
|-mega|p1a: Aerodactyl|Aerodactyl|Aerodactylite
|move|p1a: Aerodactyl|Tailwind|p1a: Aerodactyl
|-sidestart|p1: danitin|move: Tailwind
|move|p1b: Kingambit|Iron Head|p2b: Garchomp
|-damage|p2b: Garchomp|52/100
|move|p2b: Garchomp|Rock Slide|p1b: Kingambit|[spread] p1a
|-miss|p2b: Garchomp|p1b: Kingambit
|-supereffective|p1a: Aerodactyl|1
|-damage|p1a: Aerodactyl|51/100
|
|upkeep
|turn|2
|inactive|danitin has 30 seconds left.
|
|t:|1782439899
|move|p2a: Basculegion|Aqua Jet|p1a: Aerodactyl
|-supereffective|p1a: Aerodactyl|1
|-damage|p1a: Aerodactyl|0 fnt
|faint|p1a: Aerodactyl
|move|p1b: Kingambit|Kowtow Cleave|p2a: Basculegion
|-supereffective|p2a: Basculegion|1
|-enditem|p2a: Basculegion|Focus Sash
|-damage|p2a: Basculegion|1/100
|move|p2b: Garchomp|Earthquake|p1b: Kingambit|[spread] p2a,p1b
|-supereffective|p1b: Kingambit|1
|-damage|p2a: Basculegion|0 fnt
|-damage|p1b: Kingambit|30/100
|faint|p2a: Basculegion
|
|upkeep
|
|t:|1782439914
|switch|p1a: Sylveon|Sylveon, L50, M|100/100
|switch|p2a: Victreebel|Victreebel, L50, M|100/100
|turn|3
|
|t:|1782439938
|detailschange|p2a: Victreebel|Victreebel-Mega, L50, M
|-mega|p2a: Victreebel|Victreebel|Victreebelite
|move|p2b: Garchomp|Protect|p2b: Garchomp
|-singleturn|p2b: Garchomp|Protect
|move|p1a: Sylveon|Detect|p1a: Sylveon
|-singleturn|p1a: Sylveon|Protect
|move|p1b: Kingambit|Iron Head|p2b: Garchomp
|-activate|p2b: Garchomp|move: Protect
|move|p2a: Victreebel|Sludge Bomb|p1a: Sylveon
|-activate|p1a: Sylveon|move: Protect
|
|upkeep
|turn|4
|inactive|danitin has 30 seconds left.
|inactive|danitin has 20 seconds left.
|inactive|danitin has 15 seconds left.
|
|t:|1782439981
|move|p1b: Kingambit|Iron Head|p2b: Garchomp
|-damage|p2b: Garchomp|3/100
|-enditem|p2b: Garchomp|Sitrus Berry|[eat]
|-heal|p2b: Garchomp|28/100|[from] item: Sitrus Berry
|move|p2b: Garchomp|Earthquake|p1a: Sylveon|[spread] p2a,p1a,p1b
|-supereffective|p1b: Kingambit|1
|-crit|p1b: Kingambit
|-damage|p2a: Victreebel|55/100
|-damage|p1a: Sylveon|55/100
|-damage|p1b: Kingambit|0 fnt
|faint|p1b: Kingambit
|move|p1a: Sylveon|Hyper Voice|p2a: Victreebel|[spread] p2a,p2b
|-resisted|p2a: Victreebel|1
|-supereffective|p2b: Garchomp|1
|-damage|p2a: Victreebel|25/100
|-damage|p2b: Garchomp|0 fnt
|faint|p2b: Garchomp
|move|p2a: Victreebel|Sludge Bomb|p1a: Sylveon
|-supereffective|p1a: Sylveon|1
|-damage|p1a: Sylveon|0 fnt
|faint|p1a: Sylveon
|
|-sideend|p1: danitin|move: Tailwind
|upkeep
|
|t:|1782439999
|switch|p2b: Incineroar|Incineroar, L50, F|100/100
|switch|p1b: Garchomp|Garchomp, L50, M|100/100
|-ability|p2b: Incineroar|Intimidate|boost
|-unboost|p1b: Garchomp|atk|1
|turn|5
|
|t:|1782440013
|move|p2b: Incineroar|Fake Out|p1b: Garchomp
|-damage|p1b: Garchomp|89/100
|-damage|p2b: Incineroar|87/100|[from] ability: Rough Skin|[of] p1b: Garchomp
|cant|p1b: Garchomp|flinch
|move|p2a: Victreebel|Strength Sap|p1b: Garchomp
|-unboost|p1b: Garchomp|atk|1
|-heal|p2a: Victreebel|93/100
|
|upkeep
|turn|6
|
|t:|1782440029
|move|p2b: Incineroar|Protect|p2b: Incineroar
|-singleturn|p2b: Incineroar|Protect
|move|p1b: Garchomp|Rock Slide|p2a: Victreebel|[spread] 
|-activate|p2b: Incineroar|move: Protect
|-miss|p1b: Garchomp|p2a: Victreebel
|move|p2a: Victreebel|Energy Ball|p1b: Garchomp
|-damage|p1b: Garchomp|31/100
|
|upkeep
|turn|7
|
|t:|1782440050
|move|p1b: Garchomp|Rock Slide|p2b: Incineroar|[spread] p2a,p2b
|-supereffective|p2b: Incineroar|1
|-damage|p2a: Victreebel|78/100
|-damage|p2b: Incineroar|59/100
|-damage|p1b: Garchomp|21/100|[from] item: Life Orb
|cant|p2a: Victreebel|flinch
|move|p2b: Incineroar|Flare Blitz|p1b: Garchomp
|-resisted|p1b: Garchomp|1
|-damage|p1b: Garchomp|0 fnt
|-damage|p2b: Incineroar|47/100|[from] ability: Rough Skin|[of] p1b: Garchomp
|faint|p1b: Garchomp
|-damage|p2b: Incineroar|40/100|[from] Recoil
|
|win|Vanidicuss
|raw|danitin's rating: 1048 → 1032(-16 for losing)
|raw|Vanidicuss's rating: 1073 → 1100(+27 for winning)
|l|☆danitin
|player|p1|
