|j|☆Daniw9
|j|☆takeshivgc-test
|html|Daniw9takeshivgc-test    
|uhtml|bestof|Game 2 of a best-of-3
|t:|1756574500
|gametype|doubles
|player|p1|Daniw9|266|1199
|player|p2|takeshivgc-test|265|1248
|gen|9
|tier|[Gen 9] VGC 2025 Reg H (Bo3)
|rated|
|rule|Species Clause: Limit one of each Pokémon
|rule|Item Clause: Limit 1 of each item
|clearpoke
|poke|p1|Garchomp, L50, M|
|poke|p1|Tyranitar, L50, M|
|poke|p1|Delphox, L50, F|
|poke|p1|Indeedee-F, L50, F|
|poke|p1|Gallade, L50, M|
|poke|p1|Whimsicott, L50, F|
|poke|p2|Armarouge, L50, F|
|poke|p2|Indeedee-F, L50, F|
|poke|p2|Torkoal, L50, F|
|poke|p2|Gallade, L50, M|
|poke|p2|Ursaluna, L50, M|
|poke|p2|Hatterene, L50, F|
|teampreview|4
|showteam|p1|Garchomp||LifeOrb|SandVeil|Earthquake,StompingTantrum,Protect,DragonClaw|||M|||50|,,,,,Steel]Tyranitar||AssaultVest|SandStream|RockSlide,TeraBlast,KnockOff,LowKick|||M|||50|,,,,,Flying]Delphox||PsychicSeed|Magician|ExpandingForce,HeatWave,TeraBlast,Protect|||F|||50|,,,,,Fighting]Indeedee-F||SafetyGoggles|PsychicSurge|DazzlingGleam,TrickRoom,FollowMe,HelpingHand|||F|||50|,,,,,Water]Gallade||ClearAmulet|Sharpness|SacredSword,PsychoCut,TrickRoom,Protect|||M|||50|,,,,,Grass]Whimsicott||CovertCloak|Prankster|Moonblast,Tailwind,Encore,Protect|||F|||50|,,,,,Ghost
|showteam|p2|Armarouge||PowerHerb|FlashFire|ArmorCannon,ExpandingForce,TrickRoom,MeteorBeam|||F|||50|,,,,,Grass]Indeedee-F||PsychicSeed|PsychicSurge|Psychic,HelpingHand,TrickRoom,FollowMe|||F|||50|,,,,,Fairy]Torkoal||Charcoal|Drought|Eruption,Protect,WeatherBall,HeatWave|||F|||50|,,,,,Fire]Gallade||ClearAmulet|Sharpness|PsychoCut,SacredSword,TrickRoom,WideGuard|||M|||50|,,,,,Fire]Ursaluna||FlameOrb|Guts|Facade,HeadlongRush,Earthquake,Protect|||M|||50|,,,,,Ghost]Hatterene||LifeOrb|MagicBounce|ExpandingForce,DazzlingGleam,TrickRoom,MysticalFire|||F|||50|,,,,,Fire
|
|t:|1756574527
|teamsize|p1|4
|teamsize|p2|4
|start
|switch|p1a: Tyranitar|Tyranitar, L50, M|100/100
|switch|p1b: Garchomp|Garchomp, L50, M|100/100
|switch|p2a: Indeedee|Indeedee-F, L50, F|100/100
|switch|p2b: Hatterene|Hatterene, L50, F, shiny|100/100
|-fieldstart|move: Psychic Terrain|[from] ability: Psychic Surge|[of] p2a: Indeedee
|-enditem|p2a: Indeedee|Psychic Seed
|-boost|p2a: Indeedee|spd|1|[from] item: Psychic Seed
|-weather|Sandstorm|[from] ability: Sand Stream|[of] p1a: Tyranitar
|turn|1
|
|t:|1756574552
|-terastallize|p2a: Indeedee|Fairy
|-terastallize|p1a: Tyranitar|Flying
|move|p1b: Garchomp|Earthquake|p2b: Hatterene|[spread] p2a,p2b
|-immune|p1a: Tyranitar
|-damage|p2a: Indeedee|51/100
|-damage|p2b: Hatterene|39/100
|-damage|p1b: Garchomp|91/100|[from] item: Life Orb
|move|p1a: Tyranitar|Rock Slide|p2b: Hatterene|[spread] p2a,p2b
|-damage|p2a: Indeedee|23/100
|-damage|p2b: Hatterene|6/100
|move|p2b: Hatterene|Dazzling Gleam|p1b: Garchomp|[spread] p1a,p1b
|-supereffective|p1b: Garchomp
|-damage|p1a: Tyranitar|75/100
|-damage|p1b: Garchomp|0 fnt
|faint|p1b: Garchomp
|-damage|p2b: Hatterene|0 fnt|[from] item: Life Orb
|faint|p2b: Hatterene
|move|p2a: Indeedee|Trick Room|p2a: Indeedee
|-fieldstart|move: Trick Room|[of] p2a: Indeedee
|
|-weather|Sandstorm|[upkeep]
|-damage|p1a: Tyranitar|69/100|[from] Sandstorm
|-damage|p2a: Indeedee|16/100|[from] Sandstorm
|upkeep
|
|t:|1756574573
|switch|p2b: Torkoal|Torkoal, L50, F|100/100
|switch|p1b: Gallade|Gallade, L50, M|100/100
|-weather|SunnyDay|[from] ability: Drought|[of] p2b: Torkoal
|turn|2
|
|t:|1756574584
|switch|p1a: Indeedee|Indeedee-F, L50, F|100/100
|switch|p2a: Armarouge|Armarouge, L50, F|100/100
|move|p1b: Gallade|Protect|p1b: Gallade
|-singleturn|p1b: Gallade|Protect
|move|p2b: Torkoal|Eruption|p1b: Gallade|[spread] p1a
|-activate|p1b: Gallade|move: Protect
|-damage|p1a: Indeedee|14/100
|
|-weather|SunnyDay|[upkeep]
|upkeep
|turn|3
|
|t:|1756574604
|switch|p1a: Tyranitar|Tyranitar, L50, M, tera:Flying|69/100
|-weather|Sandstorm|[from] ability: Sand Stream|[of] p1a: Tyranitar
|move|p2b: Torkoal|Eruption|p1b: Gallade|[spread] p1a,p1b
|-damage|p1a: Tyranitar|34/100
|-damage|p1b: Gallade|49/100
|move|p2a: Armarouge|Meteor Beam||[still]
|-prepare|p2a: Armarouge|Meteor Beam
|-boost|p2a: Armarouge|spa|1
|-enditem|p2a: Armarouge|Power Herb
|-anim|p2a: Armarouge|Meteor Beam|p1b: Gallade
|-resisted|p1b: Gallade
|-damage|p1b: Gallade|20/100
|move|p1b: Gallade|Trick Room|p1b: Gallade
|-fieldend|move: Trick Room
|
|-weather|Sandstorm|[upkeep]
|-damage|p2a: Armarouge|94/100|[from] Sandstorm
|-damage|p1a: Tyranitar|29/100|[from] Sandstorm
|-damage|p1b: Gallade|14/100|[from] Sandstorm
|-damage|p2b: Torkoal|94/100|[from] Sandstorm
|upkeep
|turn|4
|
|t:|1756574626
|switch|p2b: Indeedee|Indeedee-F, L50, F, tera:Fairy|16/100
|move|p2a: Armarouge|Expanding Force|p1b: Gallade|[spread] p1a,p1b
|-damage|p1a: Tyranitar|0 fnt
|-damage|p1b: Gallade|0 fnt
|faint|p1a: Tyranitar
|faint|p1b: Gallade
|
|-weather|Sandstorm|[upkeep]
|-damage|p2a: Armarouge|88/100|[from] Sandstorm
|-damage|p2b: Indeedee|10/100|[from] Sandstorm
|upkeep
|
|t:|1756574631
|switch|p1b: Indeedee|Indeedee-F, L50, F|14/100
|turn|5
|-message|Daniw9 forfeited.
|
|win|takeshivgc-test
|l|☆Daniw9
|player|p1|
||Daniw9 is ready for game 3.
||takeshivgc-test is ready for game 3.
|uhtml|next|Next: Game 3 of 3
|l|☆takeshivgc-test
|player|p2|
|j|☆Daniw9
|player|p1|Daniw9|266|
