|j|☆jayoticnl
|j|☆oppePoiZ
|html|jayoticnloppePoiZ    
|uhtml|bestof|Game 1 of a best-of-3
|t:|1757781930
|gametype|doubles
|player|p1|jayoticnl|preschooler|
|player|p2|oppePoiZ|unknown|
|gen|9
|tier|[Gen 9] VGC 2025 Reg H (Bo3)
|rule|Species Clause: Limit one of each Pokémon
|rule|Item Clause: Limit 1 of each item
|clearpoke
|poke|p1|Pelipper, L50, F|
|poke|p1|Basculegion, L50, M|
|poke|p1|Archaludon, L50, F|
|poke|p1|Rillaboom, L50, F|
|poke|p1|Comfey, L50, M|
|poke|p1|Annihilape, L50, F|
|poke|p2|Sneasler, L50, M|
|poke|p2|Indeedee, L50, M|
|poke|p2|Talonflame, L50, M|
|poke|p2|Garchomp, L50, M|
|poke|p2|Dragonite, L50, F|
|poke|p2|Gholdengo, L50|
|teampreview|4
|showteam|p1|Pelipper||FocusSash|Drizzle|Hurricane,WeatherBall,Tailwind,Protect|||F|||50|,,,,,Ghost]Basculegion||ChoiceBand|SwiftSwim|WaveCrash,FlipTurn,LastRespects,AquaJet|||M|||50|,,,,,Grass]Archaludon||AssaultVest|Stamina|ElectroShot,BodyPress,FlashCannon,Snarl|||F|||50|,,,,,Bug]Rillaboom||LoadedDice|GrassySurge|GrassyGlide,BulletSeed,FakeOut,HighHorsepower|||F|||50|,,,,,Poison]Comfey||SafetyGoggles|Triage|DrainingKiss,FloralHealing,LightScreen,Protect|||M|||50|,,,,,Steel]Annihilape||Leftovers|Defiant|DrainPunch,RageFist,BulkUp,Protect|||F|||50|,,,,,Fire
|showteam|p2|Sneasler||PsychicSeed|Unburden|ThroatChop,CloseCombat,DireClaw,Protect|||M|||50|,,,,,Dark]Indeedee||FocusSash|PsychicSurge|ExpandingForce,TeraBlast,TrickRoom,Imprison|||M|||50|,,,,,Psychic]Talonflame||CovertCloak|GaleWings|Tailwind,BraveBird,Taunt,WillOWisp|||M|||50|,,,,,Steel]Garchomp||ClearAmulet|RoughSkin|Earthquake,StompingTantrum,Protect,DragonClaw|||M|||50|,,,,,Ground]Dragonite||LoadedDice|Multiscale|ScaleShot,Protect,Haze,Tailwind|||F|||50|,,,,,Fairy]Gholdengo||LifeOrb|GoodasGold|MakeItRain,ShadowBall,Protect,NastyPlot||||||50|,,,,,Steel
|inactive|Battle timer is ON: inactive players will automatically lose when time's up. (requested by oppePoiZ)
|inactive|oppePoiZ has 60 seconds left.
|
|t:|1757781981
|teamsize|p1|4
|teamsize|p2|4
|start
|switch|p1a: Pelipper|Pelipper, L50, F|100/100
|switch|p1b: Basculegion|Basculegion, L50, M|100/100
|switch|p2a: Sneasler|Sneasler, L50, M, shiny|100/100
|switch|p2b: Indeedee|Indeedee, L50, M|100/100
|-fieldstart|move: Psychic Terrain|[from] ability: Psychic Surge|[of] p2b: Indeedee
|-enditem|p2a: Sneasler|Psychic Seed
|-boost|p2a: Sneasler|spd|1|[from] item: Psychic Seed
|-weather|RainDance|[from] ability: Drizzle|[of] p1a: Pelipper
|turn|1
|
|t:|1757782003
|switch|p1b: Archaludon|Archaludon, L50, F|100/100
|move|p2a: Sneasler|Dire Claw|p1b: Archaludon
|-immune|p1b: Archaludon
|move|p2b: Indeedee|Expanding Force|p1a: Pelipper|[spread] p1a,p1b
|-resisted|p1b: Archaludon
|-damage|p1a: Pelipper|3/100
|-damage|p1b: Archaludon|85/100
|-ability|p1b: Archaludon|Stamina|boost
|-boost|p1b: Archaludon|def|1
|move|p1a: Pelipper|Tailwind|p1a: Pelipper
|-sidestart|p1: jayoticnl|move: Tailwind
|
|-weather|RainDance|[upkeep]
|upkeep
|turn|2
|inactive|oppePoiZ has 30 seconds left.
|inactive|oppePoiZ has 20 seconds left.
|inactive|oppePoiZ has 15 seconds left.
|inactive|oppePoiZ has 10 seconds left.
|
|t:|1757782052
|switch|p1a: Rillaboom|Rillaboom, L50, F|100/100
|-fieldstart|move: Grassy Terrain|[from] ability: Grassy Surge|[of] p1a: Rillaboom
|switch|p2b: Garchomp|Garchomp, L50, M|100/100
|-terastallize|p1b: Archaludon|Bug
|move|p2a: Sneasler|Dire Claw|p1a: Rillaboom
|-supereffective|p1a: Rillaboom
|-damage|p1a: Rillaboom|19/100
|-status|p1a: Rillaboom|psn
|move|p1b: Archaludon|Electro Shot||[still]
|-prepare|p1b: Archaludon|Electro Shot
|-boost|p1b: Archaludon|spa|1
|-anim|p1b: Archaludon|Electro Shot|p2b: Garchomp
|-immune|p2b: Garchomp
|
|-weather|RainDance|[upkeep]
|-heal|p1a: Rillaboom|25/100 psn|[from] Grassy Terrain
|-heal|p1b: Archaludon|91/100|[from] Grassy Terrain
|-damage|p1a: Rillaboom|12/100 psn|[from] psn
|upkeep
|turn|3
|inactive|jayoticnl has 30 seconds left.
|inactive|oppePoiZ has 30 seconds left.
|inactive|oppePoiZ has 20 seconds left.
|inactive|oppePoiZ has 15 seconds left.
|inactive|oppePoiZ has 10 seconds left.
|
|t:|1757782099
|switch|p1a: Basculegion|Basculegion, L50, M|100/100
|move|p2a: Sneasler|Protect|p2a: Sneasler
|-singleturn|p2a: Sneasler|Protect
|move|p2b: Garchomp|Protect|p2b: Garchomp
|-singleturn|p2b: Garchomp|Protect
|move|p1b: Archaludon|Electro Shot||[still]
|-prepare|p1b: Archaludon|Electro Shot
|-boost|p1b: Archaludon|spa|1
|-anim|p1b: Archaludon|Electro Shot|p2a: Sneasler
|-activate|p2a: Sneasler|move: Protect
|
|-weather|RainDance|[upkeep]
|-heal|p1b: Archaludon|97/100|[from] Grassy Terrain
|upkeep
|turn|4
|inactive|oppePoiZ has 30 seconds left.
|inactive|oppePoiZ has 20 seconds left.
|inactive|oppePoiZ has 15 seconds left.
|inactive|oppePoiZ has 10 seconds left.
|
|t:|1757782149
|move|p1a: Basculegion|Wave Crash|p2b: Garchomp
|-damage|p2b: Garchomp|0 fnt
|-damage|p1a: Basculegion|88/100|[from] ability: Rough Skin|[of] p2b: Garchomp
|faint|p2b: Garchomp
|-damage|p1a: Basculegion|57/100|[from] Recoil
|move|p2a: Sneasler|Throat Chop|p1a: Basculegion
|-supereffective|p1a: Basculegion
|-damage|p1a: Basculegion|0 fnt
|faint|p1a: Basculegion
|move|p1b: Archaludon|Electro Shot||[still]
|-prepare|p1b: Archaludon|Electro Shot
|-boost|p1b: Archaludon|spa|1
|-anim|p1b: Archaludon|Electro Shot|p2a: Sneasler
|-damage|p2a: Sneasler|17/100
|
|-weather|RainDance|[upkeep]
|-heal|p2a: Sneasler|23/100|[from] Grassy Terrain
|-heal|p1b: Archaludon|100/100|[from] Grassy Terrain
|-sideend|p1: jayoticnl|move: Tailwind
|upkeep
|
|t:|1757782170
|switch|p2b: Dragonite|Dragonite, L50, F|100/100
|switch|p1a: Pelipper|Pelipper, L50, F|3/100
|turn|5
|
|t:|1757782194
|move|p1a: Pelipper|Protect|p1a: Pelipper
|-singleturn|p1a: Pelipper|Protect
|move|p2a: Sneasler|Dire Claw|p1b: Archaludon
|-damage|p1b: Archaludon|83/100
|-status|p1b: Archaludon|slp
|-ability|p1b: Archaludon|Stamina|boost
|-boost|p1b: Archaludon|def|1
|move|p2b: Dragonite|Scale Shot|p1a: Pelipper
|-activate|p1a: Pelipper|move: Protect
|cant|p1b: Archaludon|slp
|
|-weather|none
|-heal|p2a: Sneasler|29/100|[from] Grassy Terrain
|-heal|p1b: Archaludon|89/100 slp|[from] Grassy Terrain
|upkeep
|turn|6
|
|t:|1757782214
|move|p2a: Sneasler|Dire Claw|p1a: Pelipper
|-damage|p1a: Pelipper|0 fnt
|faint|p1a: Pelipper
|move|p2b: Dragonite|Haze|p2b: Dragonite
|-clearallboost
|cant|p1b: Archaludon|slp
|
|-heal|p2a: Sneasler|35/100|[from] Grassy Terrain
|-heal|p1b: Archaludon|95/100 slp|[from] Grassy Terrain
|-fieldend|move: Grassy Terrain
|upkeep
|
|t:|1757782221
|switch|p1a: Rillaboom|Rillaboom, L50, F|12/100 psn
|-fieldstart|move: Grassy Terrain|[from] ability: Grassy Surge|[of] p1a: Rillaboom
|turn|7
|
|t:|1757782239
|move|p2a: Sneasler|Protect|p2a: Sneasler
|-singleturn|p2a: Sneasler|Protect
|move|p2b: Dragonite|Protect|p2b: Dragonite
|-singleturn|p2b: Dragonite|Protect
|move|p1a: Rillaboom|Fake Out|p2b: Dragonite
|-activate|p2b: Dragonite|move: Protect
|-curestatus|p1b: Archaludon|slp|[msg]
|move|p1b: Archaludon|Flash Cannon|p2a: Sneasler
|-activate|p2a: Sneasler|move: Protect
|
|-heal|p2a: Sneasler|40/100|[from] Grassy Terrain
|-heal|p1a: Rillaboom|19/100 psn|[from] Grassy Terrain
|-heal|p1b: Archaludon|100/100|[from] Grassy Terrain
|-damage|p1a: Rillaboom|6/100 psn|[from] psn
|upkeep
|turn|8
|inactive|oppePoiZ has 30 seconds left.
|
|t:|1757782266
|move|p1a: Rillaboom|Grassy Glide|p2b: Dragonite
|-resisted|p2b: Dragonite
|-damage|p2b: Dragonite|96/100
|move|p2a: Sneasler|Dire Claw|p1b: Archaludon
|-damage|p1b: Archaludon|72/100
|-status|p1b: Archaludon|slp
|-ability|p1b: Archaludon|Stamina|boost
|-boost|p1b: Archaludon|def|1
|move|p2b: Dragonite|Scale Shot|p1b: Archaludon
|-damage|p1b: Archaludon|66/100 slp
|-ability|p1b: Archaludon|Stamina|boost
|-boost|p1b: Archaludon|def|1
|-damage|p1b: Archaludon|61/100 slp
|-ability|p1b: Archaludon|Stamina|boost
|-boost|p1b: Archaludon|def|1
|-damage|p1b: Archaludon|57/100 slp
|-ability|p1b: Archaludon|Stamina|boost
|-boost|p1b: Archaludon|def|1
|-damage|p1b: Archaludon|53/100 slp
|-ability|p1b: Archaludon|Stamina|boost
|-boost|p1b: Archaludon|def|1
|-hitcount|p1b: Archaludon|4
|-unboost|p2b: Dragonite|def|1
|-boost|p2b: Dragonite|spe|1
|cant|p1b: Archaludon|slp
|
|-heal|p2a: Sneasler|46/100|[from] Grassy Terrain
|-heal|p1a: Rillaboom|12/100 psn|[from] Grassy Terrain
|-heal|p1b: Archaludon|59/100 slp|[from] Grassy Terrain
|-damage|p1a: Rillaboom|0 fnt|[from] psn
|faint|p1a: Rillaboom
|upkeep
|turn|9
|c|☆oppePoiZ|I am very sorry for what sneasler is doing to you
|inactive|oppePoiZ has 30 seconds left.
|c|☆jayoticnl|reg h moment
|inactive|oppePoiZ has 20 seconds left.
|
|t:|1757782303
|switch|p2a: Indeedee|Indeedee, L50, M|100/100
|-fieldstart|move: Psychic Terrain|[from] ability: Psychic Surge|[of] p2a: Indeedee
|move|p2b: Dragonite|Haze|p2b: Dragonite
|-clearallboost
|cant|p1b: Archaludon|slp
|
|upkeep
|turn|10
|-message|jayoticnl forfeited.
|
|win|oppePoiZ
||jayoticnl is ready for game 2.
|l|☆oppePoiZ
|player|p2|
||oppePoiZ is ready for game 2.
|uhtml|next|Next: Game 2 of 3
