|j|☆Advertisementish
|j|☆Surwiival
|html|AdvertisementishSurwiival    
|uhtml|bestof|Game 1 of a best-of-3
|t:|1756386525
|gametype|doubles
|player|p1|Advertisementish|n|1109
|player|p2|Surwiival|169|1089
|gen|9
|tier|[Gen 9] VGC 2025 Reg H (Bo3)
|rated|
|rule|Species Clause: Limit one of each Pokémon
|rule|Item Clause: Limit 1 of each item
|clearpoke
|poke|p1|Incineroar, L50, M|
|poke|p1|Porygon2, L50|
|poke|p1|Yanmega, L50, M|
|poke|p1|Sneasler, L50, F|
|poke|p1|Ursaluna, L50, F|
|poke|p1|Archaludon, L50, F|
|poke|p2|Incineroar, L50, M|
|poke|p2|Sneasler, L50, M|
|poke|p2|Kingambit, L50, F|
|poke|p2|Electabuzz, L50, M|
|poke|p2|Baxcalibur, L50, F|
|poke|p2|Primarina, L50, M|
|teampreview|4
|showteam|p1|Incineroar||SafetyGoggles|Intimidate|FakeOut,PartingShot,FlareBlitz,KnockOff|||M|||50|,,,,,Ghost]Porygon2||Eviolite|Download|Recover,IceBeam,TeraBlast,TrickRoom||||||50|,,,,,Flying]Yanmega||FocusSash|SpeedBoost|Detect,AirSlash,BugBuzz,Tailwind|||M|||50|,,,,,Ghost]Sneasler||WhiteHerb|Unburden|Protect,CloseCombat,ThroatChop,DireClaw|||F|||50|,,,,,Stellar]Ursaluna||FlameOrb|Guts|Protect,Earthquake,Facade,HeadlongRush|||F|||50|,,,,,Ghost]Archaludon||PowerHerb|Stalwart|Protect,ElectroShot,DragonPulse,Thunderbolt|||F|||50|,,,,,Electric
|showteam|p2|Incineroar||SitrusBerry|Intimidate|FakeOut,PartingShot,FlareBlitz,KnockOff|||M|||50|,,,,,Grass]Sneasler||FocusSash|Unburden|FakeOut,CloseCombat,DireClaw,Coaching|||M|||50|,,,,,Stellar]Kingambit||SafetyGoggles|Defiant|KowtowCleave,SuckerPunch,SwordsDance,Protect|||F|||50|,,,,,Ghost]Electabuzz||Eviolite|VitalSpirit|VoltSwitch,Taunt,FollowMe,Protect|||M|||50|,,,,,Ghost]Baxcalibur||LoadedDice|ThermalExchange|ScaleShot,IcicleSpear,IceShard,Protect|||F|||50|,,,,,Poison]Primarina||ThroatSpray|LiquidVoice|HyperVoice,Moonblast,Haze,Protect|||M|||50|,,,,,Water
|inactive|Battle timer is ON: inactive players will automatically lose when time's up. (requested by Advertisementish)
|inactive|Surwiival has 60 seconds left.
|inactive|Surwiival has 30 seconds left.
|inactive|Surwiival has 20 seconds left.
|inactive|Surwiival has 15 seconds left.
|inactive|Surwiival has 10 seconds left.
|
|t:|1756386610
|teamsize|p1|4
|teamsize|p2|4
|start
|switch|p1a: Ursaluna|Ursaluna, L50, F|100/100
|switch|p1b: Yanmega|Yanmega, L50, M, shiny|100/100
|switch|p2a: Incineroar|Incineroar, L50, M, shiny|100/100
|switch|p2b: Primarina|Primarina, L50, M|100/100
|-ability|p2a: Incineroar|Intimidate|boost
|-unboost|p1a: Ursaluna|atk|1
|-unboost|p1b: Yanmega|atk|1
|turn|1
|inactive|Surwiival has 30 seconds left.
|inactive|Surwiival has 20 seconds left.
|inactive|Surwiival has 15 seconds left.
|inactive|Surwiival has 10 seconds left.
|
|t:|1756386660
|move|p1b: Yanmega|Detect|p1b: Yanmega
|-singleturn|p1b: Yanmega|Protect
|move|p1a: Ursaluna|Protect|p1a: Ursaluna
|-singleturn|p1a: Ursaluna|Protect
|move|p2a: Incineroar|Flare Blitz|p1b: Yanmega
|-activate|p1b: Yanmega|move: Protect
|move|p2b: Primarina|Hyper Voice|p1a: Ursaluna|[spread] 
|-activate|p1a: Ursaluna|move: Protect
|-activate|p1b: Yanmega|move: Protect
|
|-ability|p1b: Yanmega|Speed Boost|boost
|-boost|p1b: Yanmega|spe|1
|-status|p1a: Ursaluna|brn|[from] item: Flame Orb
|upkeep
|turn|2
|inactive|Surwiival has 30 seconds left.
|inactive|Surwiival has 20 seconds left.
|inactive|Surwiival has 15 seconds left.
|inactive|Surwiival has 10 seconds left.
|
|t:|1756386705
|-terastallize|p2a: Incineroar|Grass
|move|p1b: Yanmega|Tailwind|p1b: Yanmega
|-sidestart|p1: Advertisementish|move: Tailwind
|move|p1a: Ursaluna|Earthquake|p2a: Incineroar|[spread] p2a,p2b
|-immune|p1b: Yanmega
|-resisted|p2a: Incineroar
|-damage|p2a: Incineroar|82/100
|-damage|p2b: Primarina|57/100
|move|p2a: Incineroar|Knock Off|p1a: Ursaluna
|-damage|p1a: Ursaluna|74/100 brn
|-enditem|p1a: Ursaluna|Flame Orb|[from] move: Knock Off|[of] p2a: Incineroar
|move|p2b: Primarina|Hyper Voice|p1a: Ursaluna|[spread] p1a,p1b
|-supereffective|p1a: Ursaluna
|-damage|p1a: Ursaluna|1/100 brn
|-damage|p1b: Yanmega|40/100
|-enditem|p2b: Primarina|Throat Spray
|-boost|p2b: Primarina|spa|1|[from] item: Throat Spray
|
|-damage|p1a: Ursaluna|0 fnt|[from] brn
|faint|p1a: Ursaluna
|-ability|p1b: Yanmega|Speed Boost|boost
|-boost|p1b: Yanmega|spe|1
|upkeep
|
|t:|1756386724
|switch|p1a: Archaludon|Archaludon, L50, F, shiny|100/100
|turn|3
|inactive|Surwiival has 30 seconds left.
|
|t:|1756386755
|switch|p2a: Sneasler|Sneasler, L50, M|100/100
|move|p2b: Primarina|Protect|p2b: Primarina
|-singleturn|p2b: Primarina|Protect
|move|p1b: Yanmega|Bug Buzz|p2a: Sneasler
|-resisted|p2a: Sneasler
|-damage|p2a: Sneasler|84/100
|move|p1a: Archaludon|Electro Shot||[still]
|-prepare|p1a: Archaludon|Electro Shot
|-boost|p1a: Archaludon|spa|1
|-enditem|p1a: Archaludon|Power Herb
|-anim|p1a: Archaludon|Electro Shot|p2b: Primarina
|-activate|p2b: Primarina|move: Protect
|
|-ability|p1b: Yanmega|Speed Boost|boost
|-boost|p1b: Yanmega|spe|1
|upkeep
|turn|4
|inactive|Surwiival has 30 seconds left.
|inactive|Surwiival has 20 seconds left.
|inactive|Surwiival has 15 seconds left.
|
|t:|1756386796
|move|p1b: Yanmega|Detect|p1b: Yanmega
|-singleturn|p1b: Yanmega|Protect
|move|p1a: Archaludon|Protect|p1a: Archaludon
|-singleturn|p1a: Archaludon|Protect
|move|p2a: Sneasler|Fake Out|p1b: Yanmega
|-activate|p1b: Yanmega|move: Protect
|move|p2b: Primarina|Hyper Voice|p1b: Yanmega|[spread] 
|-activate|p1a: Archaludon|move: Protect
|-activate|p1b: Yanmega|move: Protect
|
|-ability|p1b: Yanmega|Speed Boost|boost
|-boost|p1b: Yanmega|spe|1
|upkeep
|turn|5
|inactive|Surwiival has 30 seconds left.
|inactive|Surwiival has 20 seconds left.
|inactive|Surwiival has 15 seconds left.
|inactive|Surwiival has 10 seconds left.
|inactive|Surwiival has 5 seconds left.
|
|t:|1756386850
|switch|p2a: Incineroar|Incineroar, L50, M, shiny, tera:Grass|82/100
|-ability|p2a: Incineroar|Intimidate|boost
|-unboost|p1a: Archaludon|atk|1
|-unboost|p1b: Yanmega|atk|1
|move|p2b: Primarina|Protect|p2b: Primarina
|-singleturn|p2b: Primarina|Protect
|move|p1b: Yanmega|Air Slash|p2a: Incineroar
|-supereffective|p2a: Incineroar
|-damage|p2a: Incineroar|10/100
|-enditem|p2a: Incineroar|Sitrus Berry|[eat]
|-heal|p2a: Incineroar|35/100|[from] item: Sitrus Berry
|move|p1a: Archaludon|Thunderbolt|p2a: Incineroar
|-resisted|p2a: Incineroar
|-damage|p2a: Incineroar|17/100
|
|-sideend|p1: Advertisementish|move: Tailwind
|-ability|p1b: Yanmega|Speed Boost|boost
|-boost|p1b: Yanmega|spe|1
|upkeep
|turn|6
|inactive|Surwiival has 30 seconds left.
|
|t:|1756386877
|move|p1b: Yanmega|Detect|p1b: Yanmega
|-singleturn|p1b: Yanmega|Protect
|move|p1a: Archaludon|Protect|p1a: Archaludon
|-singleturn|p1a: Archaludon|Protect
|move|p2a: Incineroar|Fake Out|p1a: Archaludon
|-activate|p1a: Archaludon|move: Protect
|move|p2b: Primarina|Hyper Voice|p1a: Archaludon|[spread] 
|-activate|p1a: Archaludon|move: Protect
|-activate|p1b: Yanmega|move: Protect
|
|-ability|p1b: Yanmega|Speed Boost|boost
|-boost|p1b: Yanmega|spe|1
|upkeep
|turn|7
|inactive|Surwiival has 30 seconds left.
|inactive|Surwiival has 20 seconds left.
|
|t:|1756386915
|switch|p2b: Electabuzz|Electabuzz, L50, M|100/100
|-terastallize|p1a: Archaludon|Electric
|move|p1b: Yanmega|Air Slash|p2a: Incineroar
|-supereffective|p2a: Incineroar
|-damage|p2a: Incineroar|0 fnt
|faint|p2a: Incineroar
|move|p1a: Archaludon|Thunderbolt|p2b: Electabuzz
|-resisted|p2b: Electabuzz
|-damage|p2b: Electabuzz|76/100
|
|upkeep
|
|t:|1756386937
|switch|p2a: Sneasler|Sneasler, L50, M|84/100
|turn|8
|inactive|Surwiival has 30 seconds left.
|inactive|Surwiival has 20 seconds left.
|inactive|Surwiival has 15 seconds left.
|inactive|Surwiival has 10 seconds left.
|
|t:|1756386983
|move|p2b: Electabuzz|Follow Me|p2b: Electabuzz
|-singleturn|p2b: Electabuzz|move: Follow Me
|move|p1b: Yanmega|Tailwind|p1b: Yanmega
|-sidestart|p1: Advertisementish|move: Tailwind
|move|p1a: Archaludon|Thunderbolt|p2a: Sneasler
|-damage|p2a: Sneasler|0 fnt
|faint|p2a: Sneasler
|
|upkeep
|
|t:|1756386994
|switch|p2a: Primarina|Primarina, L50, M|57/100
|turn|9
|
|t:|1756387003
|move|p1b: Yanmega|Bug Buzz|p2b: Electabuzz
|-damage|p2b: Electabuzz|44/100
|move|p1a: Archaludon|Thunderbolt|p2a: Primarina
|-supereffective|p2a: Primarina
|-damage|p2a: Primarina|0 fnt
|faint|p2a: Primarina
|move|p2b: Electabuzz|Volt Switch|p1b: Yanmega
|-supereffective|p1b: Yanmega
|-damage|p1b: Yanmega|0 fnt
|faint|p1b: Yanmega
|
|upkeep
|
|t:|1756387013
|switch|p1b: Sneasler|Sneasler, L50, F, shiny|100/100
|turn|10
|
|t:|1756387032
|move|p1b: Sneasler|Close Combat|p2b: Electabuzz
|-damage|p2b: Electabuzz|0 fnt
|-unboost|p1b: Sneasler|def|1
|-unboost|p1b: Sneasler|spd|1
|faint|p2b: Electabuzz
|-enditem|p1b: Sneasler|White Herb
|-clearnegativeboost|p1b: Sneasler|[silent]
|
|win|Advertisementish
||Advertisementish is ready for game 2.
|inactive|Surwiival has 30 seconds to confirm battle start!
