|j|☆Starbai
|j|☆Sonja Hilmer
|html|StarbaiSonja Hilmer    
|uhtml|bestof|Game 2 of a best-of-3
|t:|1756750975
|gametype|doubles
|player|p1|Starbai|acetrainer-gen4dp|1320
|player|p2|Sonja Hilmer|lady|1539
|gen|9
|tier|[Gen 9] VGC 2025 Reg H (Bo3)
|rated|
|rule|Species Clause: Limit one of each Pokémon
|rule|Item Clause: Limit 1 of each item
|clearpoke
|poke|p1|Dragonite, L50, F|
|poke|p1|Volcarona, L50, M|
|poke|p1|Kingambit, L50, M|
|poke|p1|Sneasler, L50, F|
|poke|p1|Electabuzz, L50, M|
|poke|p1|Rillaboom, L50, M|
|poke|p2|Dachsbun, L50, M|
|poke|p2|Typhlosion-Hisui, L50, F|
|poke|p2|Kingambit, L50, M|
|poke|p2|Jumpluff, L50, M|
|poke|p2|Rillaboom, L50, M|
|poke|p2|Torkoal, L50, M|
|teampreview|4
|showteam|p1|Dragonite||LoadedDice|Multiscale|ScaleShot,ExtremeSpeed,Haze,Protect|||F|||50|,,,,,Normal]Volcarona||CovertCloak|FlameBody|HeatWave,TeraBlast,QuiverDance,Protect|||M|||50|,,,,,Fairy]Kingambit||BlackGlasses|Defiant|KowtowCleave,SuckerPunch,SwordsDance,Protect|||M|||50|,,,,,Dark]Sneasler||FocusSash|Unburden|CloseCombat,DireClaw,FakeOut,Coaching|||F|||50|,,,,,Stellar]Electabuzz||Eviolite|VitalSpirit|Thunderbolt,FollowMe,Taunt,Protect|||M|||50|,,,,,Ghost]Rillaboom||AssaultVest|GrassySurge|WoodHammer,GrassyGlide,FakeOut,HighHorsepower|||M|||50|,,,,,Fire
|showteam|p2|Dachsbun||Leftovers|WellBakedBody|BodyPress,Snarl,HelpingHand,Protect|||M|||50|,,,,,Steel]Typhlosion-Hisui||ChoiceSpecs|Blaze|Eruption,LavaPlume,Overheat,ShadowBall|||F|||50|,,,,,Fire]Kingambit||SafetyGoggles|Defiant|Protect,KowtowCleave,SuckerPunch,SwordsDance|||M|||50|,,,,,Dark]Jumpluff||CovertCloak|Chlorophyll|SleepPowder,SunnyDay,RagePowder,Tailwind|||M|||50|,,,,,Water]Rillaboom||AssaultVest|GrassySurge|WoodHammer,GrassyGlide,FakeOut,HighHorsepower|||M|||50|,,,,,Water]Torkoal||SitrusBerry|Drought|HeatWave,LavaPlume,ClearSmog,Protect|||M|||50|,,,,,Fairy
|inactive|Battle timer is ON: inactive players will automatically lose when time's up. (requested by Sonja Hilmer)
|j| teamthief420
|
|t:|1756751001
|teamsize|p1|4
|teamsize|p2|4
|start
|switch|p1a: Electabuzz|Electabuzz, L50, M|100/100
|switch|p1b: Kingambit|Kingambit, L50, M|100/100
|switch|p2a: Typhlosion|Typhlosion-Hisui, L50, F|100/100
|switch|p2b: Torkoal|Torkoal, L50, M|100/100
|-weather|SunnyDay|[from] ability: Drought|[of] p2b: Torkoal
|turn|1
|
|t:|1756751013
|switch|p2b: Dachsbun|Dachsbun, L50, M|100/100
|-terastallize|p2a: Typhlosion|Fire
|-terastallize|p1b: Kingambit|Dark
|move|p1b: Kingambit|Sucker Punch|p2a: Typhlosion
|-damage|p2a: Typhlosion|16/100
|move|p2a: Typhlosion|Lava Plume|p1b: Kingambit|[spread] p1a,p1b
|-ability|p2b: Dachsbun|Well-Baked Body|boost
|-boost|p2b: Dachsbun|def|2
|-damage|p1a: Electabuzz|0 fnt
|-damage|p1b: Kingambit|0 fnt
|faint|p1a: Electabuzz
|faint|p1b: Kingambit
|
|-weather|SunnyDay|[upkeep]
|upkeep
|
|t:|1756751020
|switch|p1a: Dragonite|Dragonite, L50, F|100/100
|switch|p1b: Volcarona|Volcarona, L50, M|100/100
|turn|2
|
|t:|1756751037
|switch|p2a: Jumpluff|Jumpluff, L50, M|100/100
|move|p1a: Dragonite|Extreme Speed|p2a: Jumpluff
|-damage|p2a: Jumpluff|61/100
|move|p1b: Volcarona|Quiver Dance|p1b: Volcarona
|-boost|p1b: Volcarona|spa|1
|-boost|p1b: Volcarona|spd|1
|-boost|p1b: Volcarona|spe|1
|move|p2b: Dachsbun|Body Press|p1a: Dragonite
|-resisted|p1a: Dragonite
|-crit|p1a: Dragonite
|-damage|p1a: Dragonite|77/100
|
|-weather|SunnyDay|[upkeep]
|upkeep
|turn|3
|
|t:|1756751055
|move|p2a: Jumpluff|Sleep Powder|p1a: Dragonite
|-status|p1a: Dragonite|slp|[from] move: Sleep Powder
|move|p1b: Volcarona|Quiver Dance|p1b: Volcarona
|-boost|p1b: Volcarona|spa|1
|-boost|p1b: Volcarona|spd|1
|-boost|p1b: Volcarona|spe|1
|cant|p1a: Dragonite|slp
|move|p2b: Dachsbun|Body Press|p1a: Dragonite
|-resisted|p1a: Dragonite
|-damage|p1a: Dragonite|48/100 slp
|
|-weather|SunnyDay|[upkeep]
|upkeep
|turn|4
|
|t:|1756751077
|move|p1b: Volcarona|Protect|p1b: Volcarona
|-singleturn|p1b: Volcarona|Protect
|move|p2a: Jumpluff|Sleep Powder|p1b: Volcarona
|-activate|p1b: Volcarona|move: Protect
|-curestatus|p1a: Dragonite|slp|[msg]
|move|p1a: Dragonite|Scale Shot|p2a: Jumpluff
|-damage|p2a: Jumpluff|43/100
|-crit|p2a: Jumpluff
|-damage|p2a: Jumpluff|13/100
|-damage|p2a: Jumpluff|0 fnt
|faint|p2a: Jumpluff
|-hitcount|p2: Jumpluff|3
|-unboost|p1a: Dragonite|def|1
|-boost|p1a: Dragonite|spe|1
|move|p2b: Dachsbun|Body Press|p1a: Dragonite
|-resisted|p1a: Dragonite
|-damage|p1a: Dragonite|2/100
|
|-weather|SunnyDay|[upkeep]
|upkeep
|
|t:|1756751085
|switch|p2a: Torkoal|Torkoal, L50, M|100/100
|turn|5
|
|t:|1756751097
|move|p1a: Dragonite|Protect|p1a: Dragonite
|-singleturn|p1a: Dragonite|Protect
|move|p1b: Volcarona|Tera Blast|p2b: Dachsbun
|-damage|p2b: Dachsbun|33/100
|move|p2b: Dachsbun|Body Press|p1a: Dragonite
|-activate|p1a: Dragonite|move: Protect
|move|p2a: Torkoal|Clear Smog|p1b: Volcarona
|-damage|p1b: Volcarona|96/100
|-clearboost|p1b: Volcarona
|
|-weather|none
|-heal|p2b: Dachsbun|39/100|[from] item: Leftovers
|upkeep
|turn|6
|
|t:|1756751110
|move|p1a: Dragonite|Haze|p1a: Dragonite
|-clearallboost
|move|p1b: Volcarona|Tera Blast|p2b: Dachsbun
|-crit|p2b: Dachsbun
|-damage|p2b: Dachsbun|0 fnt
|faint|p2b: Dachsbun
|move|p2a: Torkoal|Clear Smog|p1b: Volcarona
|-damage|p1b: Volcarona|86/100
|-clearboost|p1b: Volcarona
|
|upkeep
|
|t:|1756751118
|switch|p2b: Typhlosion|Typhlosion-Hisui, L50, F, tera:Fire|16/100
|turn|7
|
|t:|1756751127
|move|p1a: Dragonite|Extreme Speed|p2b: Typhlosion
|-damage|p2b: Typhlosion|0 fnt
|faint|p2b: Typhlosion
|move|p1b: Volcarona|Quiver Dance|p1b: Volcarona
|-boost|p1b: Volcarona|spa|1
|-boost|p1b: Volcarona|spd|1
|-boost|p1b: Volcarona|spe|1
|move|p2a: Torkoal|Heat Wave|p1b: Volcarona|[spread] p1a,p1b
|-resisted|p1a: Dragonite
|-damage|p1a: Dragonite|0 fnt
|-damage|p1b: Volcarona|73/100
|faint|p1a: Dragonite
|
|upkeep
|turn|8
|inactive|Starbai has 30 seconds left.
|
|t:|1756751154
|move|p1b: Volcarona|Tera Blast|p2a: Torkoal
|-damage|p2a: Torkoal|56/100
|move|p2a: Torkoal|Clear Smog|p1b: Volcarona
|-damage|p1b: Volcarona|65/100
|-clearboost|p1b: Volcarona
|
|upkeep
|turn|9
|
|t:|1756751163
|move|p1b: Volcarona|Tera Blast|p2a: Torkoal
|-damage|p2a: Torkoal|28/100
|-enditem|p2a: Torkoal|Sitrus Berry|[eat]
|-heal|p2a: Torkoal|53/100|[from] item: Sitrus Berry
|move|p2a: Torkoal|Lava Plume|p1b: Volcarona
|-damage|p1b: Volcarona|41/100
|
|upkeep
|turn|10
|
|t:|1756751174
|move|p1b: Volcarona|Tera Blast|p2a: Torkoal
|-damage|p2a: Torkoal|22/100
|move|p2a: Torkoal|Lava Plume|p1b: Volcarona
|-damage|p1b: Volcarona|20/100
|
|upkeep
|turn|11
|
|t:|1756751176
|move|p1b: Volcarona|Tera Blast|p2a: Torkoal
|-damage|p2a: Torkoal|0 fnt
|faint|p2a: Torkoal
|
|win|Starbai
|raw|Starbai's rating: 1320 → 1351(+31 for winning)
|raw|Sonja Hilmer's rating: 1539 → 1508(-31 for losing)
|l|☆Sonja Hilmer
|player|p2|
|c|☆Starbai|ggs
