|j|☆REDUXI
|j|☆kirkifiedkirk
|html|REDUXIkirkifiedkirk    
|uhtml|bestof|Game 2 of a best-of-3
|t:|1782254147
|gametype|doubles
|player|p1|REDUXI|169|1037
|player|p2|kirkifiedkirk|iono|1065
|gen|9
|tier|[Gen 9 Champions] VGC 2026 Reg M-B (Bo3)
|rated|
|rule|Species Clause: Limit one of each Pokémon
|rule|Item Clause: Limit 1 of each item
|clearpoke
|poke|p1|Pelipper, L50, F|
|poke|p1|Swampert, L50, M, shiny|
|poke|p1|Incineroar, L50, M, shiny|
|poke|p1|Meowscarada, L50, M, shiny|
|poke|p1|Falinks, L50|
|poke|p1|Overqwil, L50, F|
|poke|p2|Kangaskhan, L50, F|
|poke|p2|Grimmsnarl, L50, M|
|poke|p2|Kingambit, L50, F|
|poke|p2|Sinistcha-Masterpiece, L50|
|poke|p2|Annihilape, L50, M|
|poke|p2|Arcanine, L50, F|
|teampreview|4
|showteam|p1|Pelipper||FocusSash|Drizzle|Tailwind,Hurricane,WeatherBall,WideGuard|Modest||F|||50|]Swampert||Swampertite|Damp|WaveCrash,PoisonJab,Yawn,Protect|Jolly||M|||50|]Incineroar||SitrusBerry|Intimidate|DrainPunch,FakeOut,PartingShot,FlareBlitz|Adamant||M|||50|]Meowscarada||LifeOrb|Protean|BrickBreak,KnockOff,Spikes,FlowerTrick|Jolly||M|||50|]Falinks||Falinksite|Defiant|FirstImpression,NoRetreat,BodyPress,Protect|Adamant|||||50|]Overqwil||ShucaBerry|SwiftSwim|BarbBarrage,Stockpile,ThroatChop,Waterfall|Adamant||F|||50|
|showteam|p2|Kangaskhan||Kangaskhanite|Scrappy|DoubleEdge,FakeOut,Protect,SuckerPunch|Adamant||F|||50|]Grimmsnarl||LightClay|Prankster|Reflect,LightScreen,FoulPlay,PartingShot|Careful||M|||50|]Kingambit||LifeOrb|Defiant|LowKick,SuckerPunch,KowtowCleave,Protect|Adamant||F|||50|]Sinistcha-Masterpiece||MentalHerb|Hospitality|MatchaGotcha,TrickRoom,RagePowder,LifeDew|Calm|||||50|]Annihilape||Leftovers|Defiant|DrainPunch,RageFist,BulkUp,Protect|Adamant||M|||50|]Arcanine||SitrusBerry|Intimidate|Howl,FlareBlitz,Protect,ExtremeSpeed|Adamant||F|||50|
|
|t:|1782254170
|teamsize|p1|4
|teamsize|p2|4
|start
|switch|p1a: Falinks|Falinks, L50|100/100
|switch|p1b: Incineroar|Incineroar, L50, M, shiny|100/100
|switch|p2a: Kangaskhan|Kangaskhan, L50, F|100/100
|switch|p2b: Annihilape|Annihilape, L50, M|100/100
|-ability|p1b: Incineroar|Intimidate|boost
|-fail|p2a: Kangaskhan|unboost|Attack|[from] ability: Scrappy|[of] p2a: Kangaskhan
|-unboost|p2b: Annihilape|atk|1
|-ability|p2b: Annihilape|Defiant|boost
|-boost|p2b: Annihilape|atk|2
|turn|1
|
|t:|1782254233
|detailschange|p1a: Falinks|Falinks-Mega, L50
|-mega|p1a: Falinks|Falinks|Falinksite
|move|p1a: Falinks|Protect|p1a: Falinks
|-singleturn|p1a: Falinks|Protect
|move|p2a: Kangaskhan|Protect|p2a: Kangaskhan
|-singleturn|p2a: Kangaskhan|Protect
|move|p2b: Annihilape|Bulk Up|p2b: Annihilape
|-boost|p2b: Annihilape|atk|1
|-boost|p2b: Annihilape|def|1
|move|p1b: Incineroar|Parting Shot|p2a: Kangaskhan
|-activate|p2a: Kangaskhan|move: Protect
|
|upkeep
|turn|2
|
|t:|1782254261
|detailschange|p2a: Kangaskhan|Kangaskhan-Mega, L50, F
|-mega|p2a: Kangaskhan|Kangaskhan|Kangaskhanite
|move|p2a: Kangaskhan|Double-Edge|p1a: Falinks
|-damage|p1a: Falinks|47/100
|-damage|p1a: Falinks|34/100
|-hitcount|p1a: Falinks|2
|-damage|p2a: Kangaskhan|85/100|[from] Recoil
|move|p1a: Falinks|Body Press|p2a: Kangaskhan
|-supereffective|p2a: Kangaskhan|1
|-damage|p2a: Kangaskhan|14/100
|move|p2b: Annihilape|Drain Punch|p1b: Incineroar
|-supereffective|p1b: Incineroar|1
|-damage|p1b: Incineroar|0 fnt
|faint|p1b: Incineroar
|
|upkeep
|
|t:|1782254289
|switch|p1b: Pelipper|Pelipper, L50, F|100/100
|-weather|RainDance|[from] ability: Drizzle|[of] p1b: Pelipper
|turn|3
|
|t:|1782254317
|move|p2a: Kangaskhan|Double-Edge|p1b: Pelipper
|-damage|p1b: Pelipper|28/100
|-damage|p1b: Pelipper|11/100
|-hitcount|p1b: Pelipper|2
|-damage|p2a: Kangaskhan|0 fnt|[from] Recoil
|faint|p2a: Kangaskhan
|move|p1a: Falinks|Body Press|p2b: Annihilape
|-immune|p2b: Annihilape
|move|p2b: Annihilape|Drain Punch|p1a: Falinks
|-damage|p1a: Falinks|0 fnt
|faint|p1a: Falinks
|move|p1b: Pelipper|Hurricane|p2b: Annihilape
|-supereffective|p2b: Annihilape|1
|-damage|p2b: Annihilape|19/100
|
|-weather|RainDance|[upkeep]
|-heal|p2b: Annihilape|25/100|[from] item: Leftovers
|upkeep
|
|t:|1782254333
|switch|p2a: Sinistcha|Sinistcha-Masterpiece, L50|100/100
|switch|p1a: Meowscarada|Meowscarada, L50, M, shiny|100/100
|-heal|p2b: Annihilape|50/100g|[from] ability: Hospitality|[of] p2a: Sinistcha
|turn|4
|
|t:|1782254362
|move|p1a: Meowscarada|Flower Trick|p2b: Annihilape
|-start|p1a: Meowscarada|typechange|Grass|[from] ability: Protean
|-crit|p2b: Annihilape
|-damage|p2b: Annihilape|0 fnt
|faint|p2b: Annihilape
|-damage|p1a: Meowscarada|90/100|[from] item: Life Orb
|move|p2a: Sinistcha|Matcha Gotcha|p1a: Meowscarada|[spread] p1a,p1b
|-resisted|p1a: Meowscarada|1
|-damage|p1a: Meowscarada|69/100
|-damage|p1b: Pelipper|0 fnt
|faint|p1b: Pelipper
|
|-weather|RainDance|[upkeep]
|upkeep
|
|t:|1782254374
|switch|p2b: Kingambit|Kingambit, L50, F|100/100
|turn|5
|
|t:|1782254380
|move|p2b: Kingambit|Protect|p2b: Kingambit
|-singleturn|p2b: Kingambit|Protect
|move|p1a: Meowscarada|Brick Break|p2b: Kingambit
|-activate|p2b: Kingambit|move: Protect
|move|p2a: Sinistcha|Trick Room|p2a: Sinistcha
|-fieldstart|move: Trick Room|[of] p2a: Sinistcha
|
|-weather|RainDance|[upkeep]
|upkeep
|turn|6
|j| Aikatsu Friends!
|-message|REDUXI forfeited.
|
|win|kirkifiedkirk
|raw|REDUXI's rating: 1037 → 1023(-14 for losing)
|raw|kirkifiedkirk's rating: 1065 → 1093(+28 for winning)
|l|☆REDUXI
|player|p1|
