|j|☆estifestar
|j|☆Pressinblades
|html|estifestarPressinblades    
|uhtml|bestof|Game 2 of a best-of-3
|t:|1785796718
|gametype|doubles
|player|p1|estifestar|1|1171
|player|p2|Pressinblades|170|1119
|gen|9
|tier|[Gen 9 Champions] VGC 2026 Reg M-B (Bo3)
|rated|
|rule|Species Clause: Limit one of each Pokémon
|rule|Item Clause: Limit 1 of each item
|clearpoke
|poke|p1|Incineroar, L50, M|
|poke|p1|Aerodactyl, L50, F|
|poke|p1|Sylveon, L50, M|
|poke|p1|Farigiraf, L50, M|
|poke|p1|Kingambit, L50, M|
|poke|p1|Sneasler, L50, M|
|poke|p2|Talonflame, L50, F|
|poke|p2|Garchomp, L50, F, shiny|
|poke|p2|Maushold, L50|
|poke|p2|Gardevoir, L50, M, shiny|
|poke|p2|Gyarados, L50, F, shiny|
|poke|p2|Metagross, L50, shiny|
|teampreview|4
|showteam|p1|Incineroar||SitrusBerry|Intimidate|FakeOut,FlareBlitz,PartingShot,Protect|Adamant||M|||50|]Aerodactyl||Aerodactylite|Pressure|Tailwind,RockSlide,DualWingbeat,Protect|Adamant||F|||50|]Sylveon||FairyFeather|Pixilate|HyperVoice,HyperBeam,QuickAttack,Detect|Modest||M|||50|]Farigiraf||Leftovers|ArmorTail|TrickRoom,Psychic,HelpingHand,Protect|Relaxed||M|||50|]Kingambit||ChopleBerry|Defiant|KowtowCleave,SuckerPunch,IronHead,Protect|Adamant||M|||50|]Sneasler||WhiteHerb|Unburden|CloseCombat,FakeOut,DireClaw,Protect|Adamant||M|||50|
|showteam|p2|Talonflame||SharpBeak|GaleWings|Protect,Tailwind,DualWingbeat,Overheat|Naive||F|||50|]Garchomp||LifeOrb|RoughSkin|Protect,RockSlide,Earthquake,StompingTantrum|Adamant||F|||50|]Maushold||FocusSash|FriendGuard|Protect,SuperFang,FollowMe,Encore|Timid|||||50|]Gardevoir||Gardevoirite|Telepathy|Protect,TrickRoom,HyperVoice,Psychic|Modest||M|||50|]Gyarados||Gyaradosite|Intimidate|Protect,DragonDance,Waterfall,Crunch|Jolly||F|||50|]Metagross||ColburBerry|ClearBody|Protect,BulletPunch,PsychicFangs,HammerArm|Adamant|||||50|
|
|t:|1785796754
|teamsize|p1|4
|teamsize|p2|4
|start
|switch|p1a: Incineroar|Incineroar, L50, M|100/100
|switch|p1b: Aerodactyl|Aerodactyl, L50, F|100/100
|switch|p2a: Maushold|Maushold, L50|100/100
|switch|p2b: Gardevoir|Gardevoir, L50, M, shiny|100/100
|-ability|p1b: Aerodactyl|Pressure
|-ability|p1a: Incineroar|Intimidate|boost
|-unboost|p2a: Maushold|atk|1
|-unboost|p2b: Gardevoir|atk|1
|turn|1
|inactive|Battle timer is ON: inactive players will automatically lose when time's up. (requested by Pressinblades)
|
|t:|1785796805
|switch|p2b: Garchomp|Garchomp, L50, F, shiny|100/100
|detailschange|p1b: Aerodactyl|Aerodactyl-Mega, L50, F
|-mega|p1b: Aerodactyl|Aerodactyl|Aerodactylite
|move|p1a: Incineroar|Fake Out|p2b: Garchomp
|-crit|p2b: Garchomp
|-damage|p2b: Garchomp|84/100
|-damage|p1a: Incineroar|87/100|[from] ability: Rough Skin|[of] p2b: Garchomp
|move|p1b: Aerodactyl|Rock Slide|p2b: Garchomp|[spread] p2a,p2b
|-resisted|p2b: Garchomp|1
|-damage|p2a: Maushold|63/100
|-damage|p2b: Garchomp|72/100
|move|p2a: Maushold|Super Fang|p1b: Aerodactyl
|-damage|p1b: Aerodactyl|50/100g
|
|upkeep
|turn|2
|inactive|estifestar has 30 seconds left.
|inactive|Pressinblades has 30 seconds left.
|
|t:|1785796839
|switch|p1b: Sneasler|Sneasler, L50, M|100/100
|move|p2a: Maushold|Super Fang|p1a: Incineroar
|-damage|p1a: Incineroar|44/100
|-enditem|p1a: Incineroar|Sitrus Berry|[eat]
|-heal|p1a: Incineroar|68/100|[from] item: Sitrus Berry
|move|p2b: Garchomp|Rock Slide|p1a: Incineroar|[spread] p1a,p1b
|-supereffective|p1a: Incineroar|1
|-resisted|p1b: Sneasler|1
|-damage|p1a: Incineroar|12/100
|-damage|p1b: Sneasler|76/100
|-damage|p2b: Garchomp|62/100|[from] item: Life Orb
|move|p1a: Incineroar|Parting Shot|p2b: Garchomp
|-unboost|p2b: Garchomp|atk|1
|-unboost|p2b: Garchomp|spa|1
|
|t:|1785796856
|switch|p1a: Kingambit|Kingambit, L50, M|100/100|[from] Parting Shot
|
|upkeep
|turn|3
|inactive|Pressinblades has 30 seconds left.
|inactive|estifestar has 30 seconds left.
|inactive|Pressinblades has 20 seconds left.
|inactive|estifestar has 20 seconds left.
|
|t:|1785796901
|move|p1b: Sneasler|Fake Out|p2b: Garchomp
|-damage|p2b: Garchomp|49/100
|-damage|p1b: Sneasler|64/100|[from] ability: Rough Skin|[of] p2b: Garchomp
|move|p1a: Kingambit|Sucker Punch|p2b: Garchomp
|-damage|p2b: Garchomp|16/100
|-damage|p1a: Kingambit|87/100|[from] ability: Rough Skin|[of] p2b: Garchomp
|move|p2a: Maushold|Super Fang|p1a: Kingambit
|-damage|p1a: Kingambit|44/100
|cant|p2b: Garchomp|flinch
|
|upkeep
|turn|4
|
|t:|1785796921
|move|p2b: Garchomp|Protect|p2b: Garchomp
|-singleturn|p2b: Garchomp|Protect
|move|p1a: Kingambit|Sucker Punch||[still]
|-fail|p1a: Kingambit
|move|p1b: Sneasler|Close Combat|p2a: Maushold
|-supereffective|p2a: Maushold|1
|-damage|p2a: Maushold|0 fnt
|-unboost|p1b: Sneasler|def|1
|-unboost|p1b: Sneasler|spd|1
|faint|p2a: Maushold
|-enditem|p1b: Sneasler|White Herb
|-clearnegativeboost|p1b: Sneasler|[silent]
|
|upkeep
|
|t:|1785796937
|switch|p2a: Talonflame|Talonflame, L50, F|100/100
|turn|5
|inactive|estifestar has 30 seconds left.
|
|t:|1785796969
|switch|p1b: Incineroar|Incineroar, L50, M|12/100
|-ability|p1b: Incineroar|Intimidate|boost
|-unboost|p2a: Talonflame|atk|1
|-unboost|p2b: Garchomp|atk|1
|switch|p2b: Gardevoir|Gardevoir, L50, M, shiny|100/100
|move|p2a: Talonflame|Tailwind|p2a: Talonflame
|-sidestart|p2: Pressinblades|move: Tailwind
|move|p1a: Kingambit|Sucker Punch||[still]
|-fail|p1a: Kingambit
|
|upkeep
|turn|6
|inactive|estifestar has 30 seconds left.
|inactive|Pressinblades has 30 seconds left.
|inactive|estifestar has 20 seconds left.
|
|t:|1785797008
|detailschange|p2b: Gardevoir|Gardevoir-Mega, L50, M, shiny
|-mega|p2b: Gardevoir|Gardevoir|Gardevoirite
|move|p1b: Incineroar|Protect|p1b: Incineroar
|-singleturn|p1b: Incineroar|Protect
|move|p1a: Kingambit|Protect|p1a: Kingambit
|-singleturn|p1a: Kingambit|Protect
|move|p2a: Talonflame|Overheat|p1a: Kingambit
|-activate|p1a: Kingambit|move: Protect
|move|p2b: Gardevoir|Hyper Voice|p1b: Incineroar|[spread] 
|-activate|p1a: Kingambit|move: Protect
|-activate|p1b: Incineroar|move: Protect
|
|upkeep
|turn|7
|inactive|estifestar has 30 seconds left.
|inactive|Pressinblades has 30 seconds left.
|
|t:|1785797038
|switch|p2a: Garchomp|Garchomp, L50, F, shiny|16/100
|move|p1a: Kingambit|Sucker Punch|p2b: Gardevoir
|-damage|p2b: Gardevoir|52/100
|move|p2b: Gardevoir|Hyper Voice|p1b: Incineroar|[spread] p1a,p1b
|-damage|p1a: Kingambit|0 fnt
|-damage|p1b: Incineroar|0 fnt
|faint|p1a: Kingambit
|faint|p1b: Incineroar
|
|upkeep
|
|t:|1785797048
|switch|p1b: Aerodactyl|Aerodactyl-Mega, L50, F|50/100g
|switch|p1a: Sneasler|Sneasler, L50, M|64/100
|turn|8
|
|t:|1785797064
|move|p1b: Aerodactyl|Protect|p1b: Aerodactyl
|-singleturn|p1b: Aerodactyl|Protect
|move|p1a: Sneasler|Protect|p1a: Sneasler
|-singleturn|p1a: Sneasler|Protect
|move|p2a: Garchomp|Rock Slide|p1b: Aerodactyl|[spread] 
|-activate|p1a: Sneasler|move: Protect
|-activate|p1b: Aerodactyl|move: Protect
|move|p2b: Gardevoir|Trick Room|p2b: Gardevoir
|-fieldstart|move: Trick Room|[of] p2b: Gardevoir
|
|-sideend|p2: Pressinblades|move: Tailwind
|upkeep
|turn|9
|
|t:|1785797084
|move|p2b: Gardevoir|Psychic|p1a: Sneasler
|-supereffective|p1a: Sneasler|2
|-damage|p1a: Sneasler|0 fnt
|faint|p1a: Sneasler
|move|p2a: Garchomp|Rock Slide|p1b: Aerodactyl
|-supereffective|p1b: Aerodactyl|1
|-damage|p1b: Aerodactyl|0 fnt
|faint|p1b: Aerodactyl
|-damage|p2a: Garchomp|7/100|[from] item: Life Orb
|
|win|Pressinblades
|raw|estifestar's rating: 1171 → 1142(-29 for losing)
|raw|Pressinblades's rating: 1119 → 1148(+29 for winning)
|l|☆estifestar
|player|p1|
