|j|☆dawnenen
|j|☆ChosenPig32
|html|dawnenenChosenPig32    
|uhtml|bestof|Game 1 of a best-of-3
|t:|1784921749
|gametype|doubles
|player|p1|dawnenen|galacticgruntf|1138
|player|p2|ChosenPig32|265|1070
|gen|9
|tier|[Gen 9 Champions] VGC 2026 Reg M-B (Bo3)
|rated|
|rule|Species Clause: Limit one of each Pokémon
|rule|Item Clause: Limit 1 of each item
|clearpoke
|poke|p1|Venusaur, L50, M|
|poke|p1|Charizard, L50, M|
|poke|p1|Grimmsnarl, L50, M|
|poke|p1|Archaludon, L50, F|
|poke|p1|Basculegion, L50, M|
|poke|p1|Pelipper, L50, F|
|poke|p2|Tyranitar, L50, M|
|poke|p2|Sinistcha, L50|
|poke|p2|Rampardos, L50, F|
|poke|p2|Sylveon, L50, M|
|poke|p2|Farigiraf, L50, M|
|poke|p2|Incineroar, L50, F|
|teampreview|4
|showteam|p1|Venusaur||FocusSash|Chlorophyll|SludgeBomb,EarthPower,SleepPowder,Protect|Modest||M|||50|]Charizard||CharizarditeY|Blaze|Protect,HeatWave,SolarBeam,WeatherBall|Modest||M|||50|]Grimmsnarl||LightClay|Prankster|SpiritBreak,LightScreen,Reflect,PartingShot|Sassy||M|||50|]Archaludon||Leftovers|Stamina|ElectroShot,DragonPulse,FlashCannon,Protect|Calm||F|||50|]Basculegion||ChoiceScarf|Adaptability|WaveCrash,LastRespects,AquaJet,FlipTurn|Jolly||M|||50|]Pelipper||SitrusBerry|Drizzle|Hurricane,WeatherBall,Tailwind,WideGuard|Modest||F|||50|
|showteam|p2|Tyranitar||Tyranitarite|SandStream|RockSlide,KnockOff,LowKick,Protect|Brave||M|||50|]Sinistcha||KasibBerry|Hospitality|MatchaGotcha,ShadowBall,RagePowder,TrickRoom|Sassy|||||50|]Rampardos||LifeOrb|SheerForce|RockSlide,FirePunch,ZenHeadbutt,Protect|Brave||F|||50|]Sylveon||FairyFeather|Pixilate|HyperVoice,HyperBeam,QuickAttack,Protect|Quiet||M|||50|]Farigiraf||SitrusBerry|ArmorTail|Psychic,Thunderbolt,TrickRoom,HelpingHand|Relaxed||M|||50|]Incineroar||PasshoBerry|Intimidate|FlareBlitz,DarkestLariat,FakeOut,PartingShot|Impish||F|||50|
|inactive|Battle timer is ON: inactive players will automatically lose when time's up. (requested by dawnenen)
|inactive|dawnenen has 60 seconds left.
|inactive|ChosenPig32 has 60 seconds left.
|inactive|dawnenen has 30 seconds left.
|inactive|ChosenPig32 has 30 seconds left.
|inactive|ChosenPig32 has 20 seconds left.
|inactive|ChosenPig32 has 15 seconds left.
|inactive|ChosenPig32 has 10 seconds left.
|inactive|ChosenPig32 has 5 seconds left.
|
|t:|1784921838
|teamsize|p1|4
|teamsize|p2|4
|start
|switch|p1a: Basculegion|Basculegion, L50, M|100/100
|switch|p1b: Archaludon|Archaludon, L50, F|100/100
|switch|p2a: Sinistcha|Sinistcha, L50|100/100
|switch|p2b: Incineroar|Incineroar, L50, F|100/100
|-ability|p2b: Incineroar|Intimidate|boost
|-unboost|p1a: Basculegion|atk|1
|-unboost|p1b: Archaludon|atk|1
|turn|1
|
|t:|1784921862
|move|p1b: Archaludon|Protect|p1b: Archaludon
|-singleturn|p1b: Archaludon|Protect
|move|p1a: Basculegion|Flip Turn|p2b: Incineroar
|-supereffective|p2b: Incineroar|1
|-enditem|p2b: Incineroar|Passho Berry|[eat]
|-enditem|p2b: Incineroar|Passho Berry|[weaken]
|-damage|p2b: Incineroar|81/100
|
|t:|1784921870
|switch|p1a: Pelipper|Pelipper, L50, F|100/100|[from] Flip Turn
|-weather|RainDance|[from] ability: Drizzle|[of] p1a: Pelipper
|move|p2b: Incineroar|Parting Shot|p1b: Archaludon
|-activate|p1b: Archaludon|move: Protect
|move|p2a: Sinistcha|Trick Room|p2a: Sinistcha
|-fieldstart|move: Trick Room|[of] p2a: Sinistcha
|
|-weather|RainDance|[upkeep]
|upkeep
|turn|2
|inactive|ChosenPig32 has 30 seconds left.
|inactive|ChosenPig32 has 20 seconds left.
|inactive|ChosenPig32 has 15 seconds left.
|
|t:|1784921916
|move|p2b: Incineroar|Parting Shot|p1b: Archaludon
|-unboost|p1b: Archaludon|atk|1
|-unboost|p1b: Archaludon|spa|1
|
|t:|1784921924
|switch|p2b: Tyranitar|Tyranitar, L50, M|100/100|[from] Parting Shot
|-weather|Sandstorm|[from] ability: Sand Stream|[of] p2b: Tyranitar
|move|p2a: Sinistcha|Shadow Ball|p1a: Pelipper
|-damage|p1a: Pelipper|56/100
|move|p1a: Pelipper|Hurricane|p2a: Sinistcha
|-supereffective|p2a: Sinistcha|1
|-damage|p2a: Sinistcha|11/100
|move|p1b: Archaludon|Electro Shot||[still]
|-prepare|p1b: Archaludon|Electro Shot
|-boost|p1b: Archaludon|spa|1
|
|-weather|Sandstorm|[upkeep]
|-damage|p2a: Sinistcha|5/100|[from] Sandstorm
|-damage|p1a: Pelipper|50/100g|[from] Sandstorm
|upkeep
|turn|3
|c|☆dawnenen|haha walked into that didn't i
|inactive|dawnenen has 30 seconds left.
|inactive|ChosenPig32 has 30 seconds left.
|inactive|dawnenen has 20 seconds left.
|inactive|ChosenPig32 has 20 seconds left.
|
|t:|1784921962
|move|p1a: Pelipper|Wide Guard|p1a: Pelipper
|-singleturn|p1a: Pelipper|Wide Guard
|move|p2b: Tyranitar|Low Kick|p1b: Archaludon
|-supereffective|p1b: Archaludon|1
|-damage|p1b: Archaludon|55/100
|-ability|p1b: Archaludon|Stamina|boost
|-boost|p1b: Archaludon|def|1
|move|p2a: Sinistcha|Shadow Ball|p1a: Pelipper
|-damage|p1a: Pelipper|4/100
|-enditem|p1a: Pelipper|Sitrus Berry|[eat]
|-heal|p1a: Pelipper|29/100|[from] item: Sitrus Berry
|move|p1b: Archaludon|Electro Shot|p2b: Tyranitar|[from] lockedmove
|-damage|p2b: Tyranitar|77/100
|
|-weather|Sandstorm|[upkeep]
|-damage|p2a: Sinistcha|0 fnt|[from] Sandstorm
|-damage|p1a: Pelipper|23/100|[from] Sandstorm
|faint|p2a: Sinistcha
|-heal|p1b: Archaludon|61/100|[from] item: Leftovers
|upkeep
|
|t:|1784921978
|switch|p2a: Sylveon|Sylveon, L50, M|100/100
|turn|4
|
|t:|1784921992
|switch|p1a: Charizard|Charizard, L50, M|100/100
|move|p1b: Archaludon|Protect|p1b: Archaludon
|-singleturn|p1b: Archaludon|Protect
|move|p2b: Tyranitar|Knock Off|p1a: Charizard
|-damage|p1a: Charizard|60/100
|move|p2a: Sylveon|Hyper Beam|p1b: Archaludon
|-activate|p1b: Archaludon|move: Protect
|
|-weather|Sandstorm|[upkeep]
|-damage|p2a: Sylveon|94/100|[from] Sandstorm
|-damage|p1a: Charizard|54/100|[from] Sandstorm
|-heal|p1b: Archaludon|67/100|[from] item: Leftovers
|upkeep
|turn|5
|inactive|dawnenen has 30 seconds left.
|inactive|ChosenPig32 has 30 seconds left.
|
|t:|1784922024
|detailschange|p1a: Charizard|Charizard-Mega-Y, L50, M
|-mega|p1a: Charizard|Charizard|Charizardite Y
|-weather|SunnyDay|[from] ability: Drought|[of] p1a: Charizard
|move|p1a: Charizard|Protect|p1a: Charizard
|-singleturn|p1a: Charizard|Protect
|move|p2a: Sylveon|Hyper Voice|p1a: Charizard|[spread] p1b
|-activate|p1a: Charizard|move: Protect
|-damage|p1b: Archaludon|21/100
|-ability|p1b: Archaludon|Stamina|boost
|-boost|p1b: Archaludon|def|1
|move|p2b: Tyranitar|Low Kick|p1b: Archaludon
|-supereffective|p1b: Archaludon|1
|-damage|p1b: Archaludon|0 fnt
|faint|p1b: Archaludon
|
|-weather|SunnyDay|[upkeep]
|-fieldend|move: Trick Room
|upkeep
|
|t:|1784922046
|switch|p1b: Basculegion|Basculegion, L50, M|100/100
|turn|6
|inactive|ChosenPig32 has 30 seconds left.
|inactive|ChosenPig32 has 20 seconds left.
|inactive|ChosenPig32 has 15 seconds left.
|inactive|ChosenPig32 has 10 seconds left.
|inactive|ChosenPig32 has 5 seconds left.
|
|t:|1784922100
|detailschange|p2b: Tyranitar|Tyranitar-Mega, L50, M
|-mega|p2b: Tyranitar|Tyranitar|Tyranitarite
|-weather|Sandstorm|[from] ability: Sand Stream|[of] p2b: Tyranitar
|move|p1b: Basculegion|Last Respects|p2a: Sylveon
|-damage|p2a: Sylveon|24/100
|move|p1a: Charizard|Heat Wave|p2a: Sylveon|[spread] p2b
|-miss|p1a: Charizard|p2a: Sylveon
|-resisted|p2b: Tyranitar|1
|-damage|p2b: Tyranitar|67/100
|move|p2b: Tyranitar|Rock Slide|p1a: Charizard|[spread] p1b
|-miss|p2b: Tyranitar|p1a: Charizard
|-damage|p1b: Basculegion|55/100
|move|p2a: Sylveon|Hyper Beam|p1b: Basculegion|[miss]
|-miss|p2a: Sylveon|p1b: Basculegion
|
|-weather|Sandstorm|[upkeep]
|-damage|p1b: Basculegion|49/100|[from] Sandstorm
|-damage|p1a: Charizard|48/100|[from] Sandstorm
|-damage|p2a: Sylveon|18/100|[from] Sandstorm
|upkeep
|turn|7
|
|t:|1784922122
|switch|p1a: Pelipper|Pelipper, L50, F|23/100
|-weather|RainDance|[from] ability: Drizzle|[of] p1a: Pelipper
|move|p2a: Sylveon|Protect|p2a: Sylveon
|-singleturn|p2a: Sylveon|Protect
|move|p1b: Basculegion|Last Respects|p2b: Tyranitar
|-resisted|p2b: Tyranitar|1
|-damage|p2b: Tyranitar|48/100
|move|p2b: Tyranitar|Rock Slide|p1a: Pelipper|[spread] p1a,p1b
|-supereffective|p1a: Pelipper|1
|-damage|p1a: Pelipper|0 fnt
|-damage|p1b: Basculegion|4/100
|faint|p1a: Pelipper
|
|-weather|RainDance|[upkeep]
|upkeep
|
|t:|1784922136
|switch|p1a: Charizard|Charizard-Mega-Y, L50, M|48/100
|-weather|SunnyDay|[from] ability: Drought|[of] p1a: Charizard
|turn|8
|
|t:|1784922146
|switch|p2b: Incineroar|Incineroar, L50, F|81/100
|-ability|p2b: Incineroar|Intimidate|boost
|-unboost|p1a: Charizard|atk|1
|-unboost|p1b: Basculegion|atk|1
|move|p2a: Sylveon|Quick Attack|p1b: Basculegion
|-damage|p1b: Basculegion|0 fnt
|faint|p1b: Basculegion
|move|p1a: Charizard|Solar Beam||[still]
|-prepare|p1a: Charizard|Solar Beam
|-anim|p1a: Charizard|Solar Beam|p2b: Incineroar
|-resisted|p2b: Incineroar|1
|-damage|p2b: Incineroar|62/100
|
|-weather|SunnyDay|[upkeep]
|upkeep
|turn|9
|-message|dawnenen forfeited.
|
|win|ChosenPig32
||ChosenPig32 is ready for game 2.
|l|☆ChosenPig32
|player|p2|
||dawnenen is ready for game 2.
|uhtml|next|Next: Game 2 of 3
