|j|☆ildrarVGC
|j|☆Schroombert
|html|ildrarVGCSchroombert    
|uhtml|bestof|Game 2 of a best-of-3
|t:|1755974653
|gametype|doubles
|player|p1|ildrarVGC|101|1402
|player|p2|Schroombert|rancher|1347
|gen|9
|tier|[Gen 9] VGC 2025 Reg H (Bo3)
|rated|
|rule|Species Clause: Limit one of each Pokémon
|rule|Item Clause: Limit 1 of each item
|clearpoke
|poke|p1|Dragonite, L50, F|
|poke|p1|Incineroar, L50, F|
|poke|p1|Amoonguss, L50, M|
|poke|p1|Porygon2, L50|
|poke|p1|Ursaluna, L50, F|
|poke|p1|Annihilape, L50, M|
|poke|p2|Talonflame, L50, F|
|poke|p2|Gholdengo, L50|
|poke|p2|Pawmot, L50, F|
|poke|p2|Dragonite, L50, M|
|poke|p2|Tatsugiri, L50, F|
|poke|p2|Dondozo, L50, M|
|teampreview|4
|showteam|p1|Dragonite||LoadedDice|Multiscale|ScaleShot,Haze,Tailwind,Protect|||F|||50|,,,,,Steel]Incineroar||AssaultVest|Intimidate|FlareBlitz,KnockOff,FakeOut,Uturn|||F|||50|,,,,,Grass]Amoonguss||SitrusBerry|Regenerator|Spore,RagePowder,Protect,SludgeBomb|||M|||50|,,,,,Water]Porygon2||Eviolite|Download|TeraBlast,IceBeam,TrickRoom,Recover||||||50|,,,,,Fighting]Ursaluna||FlameOrb|Guts|Facade,Earthquake,HeadlongRush,Protect|||F|||50|,,,,,Ghost]Annihilape||FocusSash|Defiant|CloseCombat,RageFist,Coaching,Taunt|||M|||50|,,,,,Stellar
|showteam|p2|Talonflame||CovertCloak|GaleWings|WillOWisp,Taunt,Tailwind,BraveBird|||F|||50|,,,,,Grass]Gholdengo||LifeOrb|GoodasGold|MakeItRain,ShadowBall,NastyPlot,Protect||||||50|,,,,,Water]Pawmot||FocusSash|NaturalCure|FakeOut,DoubleShock,CloseCombat,RevivalBlessing|||F|||50|,,,,,Electric]Dragonite||ChoiceBand|InnerFocus|ExtremeSpeed,Outrage,IceSpinner,LowKick|||M|||50|,,,,,Normal]Tatsugiri||ChoiceScarf|Commander|MuddyWater,IcyWind,DracoMeteor,SleepTalk|||F|||50|,,,,,Ghost]Dondozo||ClearAmulet|Unaware|WaveCrash,OrderUp,Earthquake,Protect|||M|||50|,,,,,Grass
|inactive|Battle timer is ON: inactive players will automatically lose when time's up. (requested by Schroombert)
|
|t:|1755974675
|teamsize|p1|4
|teamsize|p2|4
|start
|switch|p1a: Incineroar|Incineroar, L50, F|100/100
|switch|p1b: Annihilape|Annihilape, L50, M|100/100
|switch|p2a: Talonflame|Talonflame, L50, F, shiny|100/100
|switch|p2b: Dragonite|Dragonite, L50, M, shiny|100/100
|-ability|p1a: Incineroar|Intimidate|boost
|-unboost|p2a: Talonflame|atk|1
|-fail|p2b: Dragonite|unboost|Attack|[from] ability: Inner Focus|[of] p2b: Dragonite
|turn|1
|inactive|ildrarVGC has 30 seconds left.
|
|t:|1755974708
|move|p2a: Talonflame|Will-O-Wisp|p1b: Annihilape|[miss]
|-miss|p2a: Talonflame|p1b: Annihilape
|move|p1b: Annihilape|Rage Fist|p2a: Talonflame
|-damage|p2a: Talonflame|69/100
|move|p2b: Dragonite|Outrage|p1a: Incineroar
|-damage|p1a: Incineroar|4/100
|move|p1a: Incineroar|Knock Off|p2a: Talonflame
|-damage|p2a: Talonflame|4/100
|-enditem|p2a: Talonflame|Covert Cloak|[from] move: Knock Off|[of] p1a: Incineroar
|
|upkeep
|turn|2
|inactive|ildrarVGC has 30 seconds left.
|inactive|Schroombert has 30 seconds left.
|inactive|ildrarVGC has 20 seconds left.
|
|t:|1755974746
|move|p2a: Talonflame|Will-O-Wisp|p1b: Annihilape
|-status|p1b: Annihilape|brn
|move|p1b: Annihilape|Rage Fist|p2a: Talonflame
|-damage|p2a: Talonflame|0 fnt
|faint|p2a: Talonflame
|move|p2b: Dragonite|Outrage|p1a: Incineroar|[from] lockedmove
|-damage|p1a: Incineroar|0 fnt
|faint|p1a: Incineroar
|
|-damage|p1b: Annihilape|95/100 brn|[from] brn
|upkeep
|j| JulesAubergine
|l| JulesAubergine
|inactive|ildrarVGC has 30 seconds left.
|
|t:|1755974773
|switch|p2a: Gholdengo|Gholdengo, L50|100/100
|switch|p1a: Dragonite|Dragonite, L50, F|100/100
|turn|3
|inactive|ildrarVGC has 30 seconds left.
|inactive|ildrarVGC has 20 seconds left.
|inactive|ildrarVGC has 15 seconds left.
|inactive|ildrarVGC has 10 seconds left.
|inactive|ildrarVGC has 5 seconds left.
|
|t:|1755974825
|move|p1b: Annihilape|Close Combat|p2b: Dragonite
|-resisted|p2b: Dragonite
|-damage|p2b: Dragonite|86/100
|-unboost|p1b: Annihilape|def|1
|-unboost|p1b: Annihilape|spd|1
|move|p2a: Gholdengo|Shadow Ball|p1b: Annihilape
|-supereffective|p1b: Annihilape
|-damage|p1b: Annihilape|0 fnt
|faint|p1b: Annihilape
|-damage|p2a: Gholdengo|91/100|[from] item: Life Orb
|move|p1a: Dragonite|Scale Shot|p2b: Dragonite
|-supereffective|p2b: Dragonite
|-damage|p2b: Dragonite|56/100
|-supereffective|p2b: Dragonite
|-damage|p2b: Dragonite|26/100
|-supereffective|p2b: Dragonite
|-damage|p2b: Dragonite|0 fnt
|faint|p2b: Dragonite
|-hitcount|p2: Dragonite|3
|-unboost|p1a: Dragonite|def|1
|-boost|p1a: Dragonite|spe|1
|
|upkeep
|
|t:|1755974840
|switch|p1b: Amoonguss|Amoonguss, L50, M|100/100
|switch|p2b: Pawmot|Pawmot, L50, F, shiny|100/100
|turn|4
|inactive|ildrarVGC has 30 seconds left.
|
|t:|1755974871
|move|p1a: Dragonite|Protect|p1a: Dragonite
|-singleturn|p1a: Dragonite|Protect
|move|p2b: Pawmot|Revival Blessing|p2b: Pawmot
|
|t:|1755974874
|-heal|p2: Dragonite|50/100|[from] move: Revival Blessing
|move|p2a: Gholdengo|Nasty Plot|p2a: Gholdengo
|-boost|p2a: Gholdengo|spa|2
|move|p1b: Amoonguss|Spore|p2b: Pawmot
|-status|p2b: Pawmot|slp|[from] move: Spore
|
|upkeep
|turn|5
|
|t:|1755974896
|-terastallize|p1a: Dragonite|Steel
|move|p1a: Dragonite|Haze|p1a: Dragonite
|-clearallboost
|cant|p2b: Pawmot|slp
|move|p2a: Gholdengo|Make It Rain|p1a: Dragonite|[spread] p1a,p1b
|-resisted|p1a: Dragonite
|-damage|p1a: Dragonite|86/100
|-damage|p1b: Amoonguss|63/100
|-unboost|p2a: Gholdengo|spa|1
|-damage|p2a: Gholdengo|81/100|[from] item: Life Orb
|move|p1b: Amoonguss|Sludge Bomb|p2b: Pawmot
|-damage|p2b: Pawmot|51/100 slp
|
|upkeep
|turn|6
|inactive|ildrarVGC has 30 seconds left.
|
|t:|1755974925
|move|p1b: Amoonguss|Rage Powder|p1b: Amoonguss
|-singleturn|p1b: Amoonguss|move: Rage Powder
|-curestatus|p2b: Pawmot|slp|[msg]
|move|p2b: Pawmot|Close Combat|p1b: Amoonguss
|-resisted|p1b: Amoonguss
|-damage|p1b: Amoonguss|32/100
|-unboost|p2b: Pawmot|def|1
|-unboost|p2b: Pawmot|spd|1
|-enditem|p1b: Amoonguss|Sitrus Berry|[eat]
|-heal|p1b: Amoonguss|57/100|[from] item: Sitrus Berry
|move|p2a: Gholdengo|Shadow Ball|p1b: Amoonguss
|-damage|p1b: Amoonguss|32/100
|-unboost|p1b: Amoonguss|spd|1
|-damage|p2a: Gholdengo|71/100|[from] item: Life Orb
|move|p1a: Dragonite|Scale Shot|p2b: Pawmot
|-damage|p2b: Pawmot|17/100
|-damage|p2b: Pawmot|0 fnt
|faint|p2b: Pawmot
|-hitcount|p2: Pawmot|2
|-unboost|p1a: Dragonite|def|1
|-boost|p1a: Dragonite|spe|1
|
|upkeep
|
|t:|1755974941
|switch|p2b: Dragonite|Dragonite, L50, M, shiny|50/100
|turn|7
|inactive|ildrarVGC has 30 seconds left.
|
|t:|1755974976
|-terastallize|p2b: Dragonite|Normal
|move|p1b: Amoonguss|Protect|p1b: Amoonguss
|-singleturn|p1b: Amoonguss|Protect
|move|p2b: Dragonite|Extreme Speed|p1a: Dragonite
|-resisted|p1a: Dragonite
|-damage|p1a: Dragonite|23/100
|move|p1a: Dragonite|Scale Shot|p2b: Dragonite
|-damage|p2b: Dragonite|35/100
|-damage|p2b: Dragonite|19/100
|-damage|p2b: Dragonite|4/100
|-damage|p2b: Dragonite|0 fnt
|faint|p2b: Dragonite
|-hitcount|p2: Dragonite|4
|-unboost|p1a: Dragonite|def|1
|-boost|p1a: Dragonite|spe|1
|move|p2a: Gholdengo|Shadow Ball|p1b: Amoonguss
|-activate|p1b: Amoonguss|move: Protect
|
|upkeep
|turn|8
|inactive|ildrarVGC has 30 seconds left.
|
|t:|1755975003
|move|p1b: Amoonguss|Rage Powder|p1b: Amoonguss
|-singleturn|p1b: Amoonguss|move: Rage Powder
|move|p1a: Dragonite|Scale Shot|p2a: Gholdengo
|-resisted|p2a: Gholdengo
|-damage|p2a: Gholdengo|63/100
|-resisted|p2a: Gholdengo
|-damage|p2a: Gholdengo|55/100
|-resisted|p2a: Gholdengo
|-damage|p2a: Gholdengo|48/100
|-resisted|p2a: Gholdengo
|-damage|p2a: Gholdengo|40/100
|-resisted|p2a: Gholdengo
|-damage|p2a: Gholdengo|32/100
|-hitcount|p2a: Gholdengo|5
|-unboost|p1a: Dragonite|def|1
|-boost|p1a: Dragonite|spe|1
|move|p2a: Gholdengo|Make It Rain|p1b: Amoonguss|[spread] p1a,p1b
|-resisted|p1a: Dragonite
|-damage|p1a: Dragonite|2/100
|-damage|p1b: Amoonguss|0 fnt
|-unboost|p2a: Gholdengo|spa|1
|faint|p1b: Amoonguss
|-damage|p2a: Gholdengo|22/100|[from] item: Life Orb
|
|upkeep
|turn|9
|
|t:|1755975025
|move|p1a: Dragonite|Scale Shot|p2a: Gholdengo
|-resisted|p2a: Gholdengo
|-damage|p2a: Gholdengo|14/100
|-resisted|p2a: Gholdengo
|-damage|p2a: Gholdengo|7/100
|-resisted|p2a: Gholdengo
|-damage|p2a: Gholdengo|0 fnt
|faint|p2a: Gholdengo
|-hitcount|p2: Gholdengo|3
|
|win|ildrarVGC
|raw|ildrarVGC's rating: 1402 → 1419(+17 for winning)
|raw|Schroombert's rating: 1347 → 1330(-17 for losing)
|c|☆ildrarVGC|gg
|c|☆ildrarVGC|wp
|l|☆Schroombert
|player|p2|
