|j|☆Kahizar
|j|☆DrDroopy
|html|KahizarDrDroopy    
|uhtml|bestof|Game 1 of a best-of-3
|t:|1757634658
|gametype|doubles
|player|p1|Kahizar|102|1057
|player|p2|DrDroopy|lucas|1030
|gen|9
|tier|[Gen 9] VGC 2025 Reg H (Bo3)
|rated|
|rule|Species Clause: Limit one of each Pokémon
|rule|Item Clause: Limit 1 of each item
|clearpoke
|poke|p1|Sneasler, L50, M|
|poke|p1|Ursaluna, L50, M|
|poke|p1|Rillaboom, L50, F|
|poke|p1|Corviknight, L50, F|
|poke|p1|Ninetales-Alola, L50, M|
|poke|p1|Arcanine-Hisui, L50, F|
|poke|p2|Gholdengo, L50|
|poke|p2|Flamigo, L50, F|
|poke|p2|Incineroar, L50, F|
|poke|p2|Ursaluna, L50, F|
|poke|p2|Porygon2, L50|
|poke|p2|Amoonguss, L50, F|
|teampreview|4
|showteam|p1|Sneasler||LifeOrb|PoisonTouch|CloseCombat,FakeOut,DireClaw,Protect|||M|||50|,,,,,Stellar]Ursaluna||FlameOrb|Guts|Facade,HeadlongRush,Substitute,Protect|||M|||50|,,,,,Ghost]Rillaboom||AssaultVest|GrassySurge|WoodHammer,GrassyGlide,FakeOut,Uturn|||F|||50|,,,,,Grass]Corviknight||SafetyGoggles|MirrorArmor|Roost,BulkUp,BodyPress,BraveBird|||F|||50|,,,,,Flying]Ninetales-Alola||NeverMeltIce|SnowWarning|FreezeDry,Moonblast,Protect,Blizzard|||M|||50|,,,,,Fire]Arcanine-Hisui||ChoiceScarf|RockHead|FlareBlitz,HeadSmash,Crunch,RockSlide|||F|||50|,,,,,Grass
|showteam|p2|Gholdengo||LifeOrb|GoodasGold|MakeItRain,ShadowBall,NastyPlot,Protect||||||50|,,,,,Dragon]Flamigo||FocusSash|Scrappy|CloseCombat,BraveBird,WideGuard,Protect|||F|||50|,,,,,Ghost]Incineroar||SafetyGoggles|Intimidate|KnockOff,FlareBlitz,PartingShot,FakeOut|||F|||50|,,,,,Ghost]Ursaluna||FlameOrb|Guts|HeadlongRush,Facade,Earthquake,Protect|||F|||50|,,,,,Normal]Porygon2||Eviolite|Download|TeraBlast,IceBeam,TrickRoom,Recover||||||50|,,,,,Fighting]Amoonguss||MentalHerb|EffectSpore|Spore,RagePowder,PollenPuff,SludgeBomb|||F|||50|,,,,,Water
|
|t:|1757634691
|teamsize|p1|4
|teamsize|p2|4
|start
|switch|p1a: Arcanine|Arcanine-Hisui, L50, F|100/100
|switch|p1b: Sneasler|Sneasler, L50, M|100/100
|switch|p2a: Gholdengo|Gholdengo, L50|100/100
|switch|p2b: Incineroar|Incineroar, L50, F|100/100
|-ability|p2b: Incineroar|Intimidate|boost
|-unboost|p1a: Arcanine|atk|1
|-unboost|p1b: Sneasler|atk|1
|turn|1
|
|t:|1757634715
|move|p1b: Sneasler|Fake Out|p2a: Gholdengo
|-immune|p2a: Gholdengo
|move|p2b: Incineroar|Fake Out|p1a: Arcanine
|-resisted|p1a: Arcanine
|-damage|p1a: Arcanine|95/100
|cant|p1a: Arcanine|flinch
|move|p2a: Gholdengo|Nasty Plot|p2a: Gholdengo
|-boost|p2a: Gholdengo|spa|2
|
|upkeep
|turn|2
|
|t:|1757634757
|-terastallize|p2a: Gholdengo|Dragon
|move|p1a: Arcanine|Flare Blitz|p2a: Gholdengo
|-resisted|p2a: Gholdengo
|-damage|p2a: Gholdengo|82/100
|move|p1b: Sneasler|Close Combat|p2a: Gholdengo
|-damage|p2a: Gholdengo|21/100
|-unboost|p1b: Sneasler|def|1
|-unboost|p1b: Sneasler|spd|1
|-damage|p1b: Sneasler|91/100|[from] item: Life Orb
|move|p2a: Gholdengo|Shadow Ball|p1a: Arcanine
|-damage|p1a: Arcanine|0 fnt
|faint|p1a: Arcanine
|-damage|p2a: Gholdengo|11/100|[from] item: Life Orb
|move|p2b: Incineroar|Knock Off|p1b: Sneasler
|-resisted|p1b: Sneasler
|-damage|p1b: Sneasler|35/100
|-enditem|p1b: Sneasler|Life Orb|[from] move: Knock Off|[of] p2b: Incineroar
|
|upkeep
|
|t:|1757634777
|switch|p1a: Ursaluna|Ursaluna, L50, M|100/100
|turn|3
|
|t:|1757634791
|switch|p2a: Flamigo|Flamigo, L50, F|100/100
|move|p1a: Ursaluna|Protect|p1a: Ursaluna
|-singleturn|p1a: Ursaluna|Protect
|move|p1b: Sneasler|Close Combat|p2a: Flamigo
|-resisted|p2a: Flamigo
|-damage|p2a: Flamigo|71/100
|-unboost|p1b: Sneasler|def|1
|-unboost|p1b: Sneasler|spd|1
|move|p2b: Incineroar|Parting Shot|p1a: Ursaluna
|-activate|p1a: Ursaluna|move: Protect
|
|-status|p1a: Ursaluna|brn|[from] item: Flame Orb
|upkeep
|turn|4
|
|t:|1757634820
|-terastallize|p1a: Ursaluna|Ghost
|move|p1b: Sneasler|Close Combat|p2b: Incineroar
|-supereffective|p2b: Incineroar
|-damage|p2b: Incineroar|14/100
|-unboost|p1b: Sneasler|def|1
|-unboost|p1b: Sneasler|spd|1
|move|p2a: Flamigo|Close Combat|p1a: Ursaluna
|-damage|p1a: Ursaluna|65/100 brn
|-unboost|p2a: Flamigo|def|1
|-unboost|p2a: Flamigo|spd|1
|move|p2b: Incineroar|Parting Shot|p1b: Sneasler
|-unboost|p1b: Sneasler|atk|1
|-unboost|p1b: Sneasler|spa|1
|
|t:|1757634835
|switch|p2b: Gholdengo|Gholdengo, L50, tera:Dragon|11/100|[from] Parting Shot
|move|p1a: Ursaluna|Facade|p2b: Gholdengo
|-damage|p2b: Gholdengo|0 fnt
|faint|p2b: Gholdengo
|
|-damage|p1a: Ursaluna|59/100 brn|[from] brn
|upkeep
|
|t:|1757634845
|switch|p2b: Incineroar|Incineroar, L50, F|14/100
|-ability|p2b: Incineroar|Intimidate|boost
|-unboost|p1a: Ursaluna|atk|1
|-unboost|p1b: Sneasler|atk|1
|turn|5
|
|t:|1757634858
|move|p2b: Incineroar|Fake Out|p1a: Ursaluna
|-immune|p1a: Ursaluna
|move|p1b: Sneasler|Close Combat|p2b: Incineroar
|-supereffective|p2b: Incineroar
|-damage|p2b: Incineroar|0 fnt
|-unboost|p1b: Sneasler|def|1
|-unboost|p1b: Sneasler|spd|1
|faint|p2b: Incineroar
|move|p2a: Flamigo|Brave Bird|p1b: Sneasler
|-supereffective|p1b: Sneasler
|-damage|p1b: Sneasler|0 fnt
|faint|p1b: Sneasler
|-damage|p2a: Flamigo|59/100|[from] Recoil
|move|p1a: Ursaluna|Facade|p2a: Flamigo
|-damage|p2a: Flamigo|0 fnt
|faint|p2a: Flamigo
|
|-damage|p1a: Ursaluna|53/100 brn|[from] brn
|upkeep
|
|t:|1757634877
|switch|p1b: Rillaboom|Rillaboom, L50, F|100/100
|switch|p2a: Porygon2|Porygon2, L50|100/100
|-fieldstart|move: Grassy Terrain|[from] ability: Grassy Surge|[of] p1b: Rillaboom
|-ability|p2a: Porygon2|Download|boost
|-boost|p2a: Porygon2|spa|1
|turn|6
|
|t:|1757634891
|move|p1b: Rillaboom|Wood Hammer|p2a: Porygon2
|-damage|p2a: Porygon2|42/100
|-damage|p1b: Rillaboom|83/100|[from] Recoil
|move|p1a: Ursaluna|Facade|p2a: Porygon2
|-damage|p2a: Porygon2|0 fnt
|faint|p2a: Porygon2
|
|win|Kahizar
||Kahizar is ready for game 2.
|inactive|DrDroopy has 30 seconds to confirm battle start!
|l|☆DrDroopy
|player|p2|
||DrDroopy is ready for game 2.
|uhtml|next|Next: Game 2 of 3
