|j|☆NightshadeAI
|j|☆NathanaelW19
|html|NightshadeAINathanaelW19    
|uhtml|bestof|Game 2 of a best-of-3
|t:|1783523290
|gametype|doubles
|player|p1|NightshadeAI|265|1144
|player|p2|NathanaelW19|265|1116
|gen|9
|tier|[Gen 9 Champions] VGC 2026 Reg M-B (Bo3)
|rated|
|rule|Species Clause: Limit one of each Pokémon
|rule|Item Clause: Limit 1 of each item
|clearpoke
|poke|p1|Whimsicott, L50, F|
|poke|p1|Charizard, L50, M|
|poke|p1|Basculegion, L50, M|
|poke|p1|Garchomp, L50, F|
|poke|p1|Floette-Eternal, L50, F|
|poke|p1|Kingambit, L50, F|
|poke|p2|Scrafty, L50, F|
|poke|p2|Farigiraf, L50, F, shiny|
|poke|p2|Houndoom, L50, M, shiny|
|poke|p2|Torkoal, L50, M|
|poke|p2|Aerodactyl, L50, F, shiny|
|poke|p2|Garchomp, L50, F, shiny|
|teampreview|4
|showteam|p1|Whimsicott||FocusSash|Prankster|Moonblast,Tailwind,Encore,Protect|Timid||F|||50|]Charizard||CharizarditeY|Blaze|WeatherBall,SolarBeam,HeatWave,Protect|Modest||M|||50|]Basculegion||MysticWater|Adaptability|LastRespects,WaveCrash,AquaJet,Protect|Adamant||M|||50|]Garchomp||LifeOrb|RoughSkin|DragonClaw,Earthquake,RockSlide,Protect|Adamant||F|||50|]Floette-Eternal||Floettite|FlowerVeil|DazzlingGleam,LightofRuin,Moonblast,Protect|Modest||F|||50|]Kingambit||ChopleBerry|Defiant|KowtowCleave,SuckerPunch,IronHead,LowKick|Adamant||F|||50|
|showteam|p2|Scrafty||Scraftinite|Intimidate|Curse,FakeOut,DrainPunch,KnockOff|Brave||F|||50|]Farigiraf||ColburBerry|ArmorTail|TrickRoom,TwinBeam,AllySwitch,Protect|Calm||F|||50|]Houndoom||Houndoominite|Unnerve|SolarBeam,Overheat,DarkPulse,HeatWave|Timid||M|||50|]Torkoal||Charcoal|Drought|Eruption,EarthPower,WeatherBall,Protect|Quiet||M|||50|]Aerodactyl||FocusSash|Unnerve|RockSlide,WideGuard,Tailwind,Protect|Jolly||F|||50|]Garchomp||LifeOrb|RoughSkin|Earthquake,StompingTantrum,DragonClaw,Protect|Jolly||F|||50|
|inactive|Battle timer is ON: inactive players will automatically lose when time's up. (requested by NightshadeAI)
|inactive|NathanaelW19 also wants the timer to be on.
|
|t:|1783523308
|teamsize|p1|4
|teamsize|p2|4
|start
|switch|p1a: Whimsicott|Whimsicott, L50, F|100/100
|switch|p1b: Charizard|Charizard, L50, M|100/100
|switch|p2a: Houndoom|Houndoom, L50, M, shiny|100/100
|switch|p2b: Aerodactyl|Aerodactyl, L50, F, shiny|100/100
|-ability|p2b: Aerodactyl|Unnerve
|-ability|p2a: Houndoom|Unnerve
|turn|1
|
|t:|1783523316
|detailschange|p2a: Houndoom|Houndoom-Mega, L50, M, shiny
|-mega|p2a: Houndoom|Houndoom|Houndoominite
|detailschange|p1b: Charizard|Charizard-Mega-Y, L50, M
|-mega|p1b: Charizard|Charizard|Charizardite Y
|-weather|SunnyDay|[from] ability: Drought|[of] p1b: Charizard
|move|p1a: Whimsicott|Tailwind|p1a: Whimsicott
|-sidestart|p1: NightshadeAI|move: Tailwind
|move|p1b: Charizard|Heat Wave|p2b: Aerodactyl|[spread] p2a,p2b
|-resisted|p2a: Houndoom|1
|-resisted|p2b: Aerodactyl|1
|-damage|p2a: Houndoom|57/100
|-damage|p2b: Aerodactyl|46/100
|move|p2b: Aerodactyl|Tailwind|p2b: Aerodactyl
|-sidestart|p2: NathanaelW19|move: Tailwind
|move|p2a: Houndoom|Heat Wave|p1a: Whimsicott|[spread] p1a,p1b
|-supereffective|p1a: Whimsicott|1
|-resisted|p1b: Charizard|1
|-enditem|p1a: Whimsicott|Focus Sash
|-damage|p1a: Whimsicott|1/100
|-damage|p1b: Charizard|59/100
|-status|p1a: Whimsicott|brn
|
|-weather|SunnyDay|[upkeep]
|-damage|p2a: Houndoom|45/100|[from] ability: Solar Power|[of] p2a: Houndoom
|-damage|p1a: Whimsicott|0 fnt|[from] brn
|faint|p1a: Whimsicott
|upkeep
|
|t:|1783523316
|switch|p1a: Garchomp|Garchomp, L50, F|100/100
|turn|2
|inactive|NathanaelW19 has 30 seconds left.
|
|t:|1783523342
|move|p2b: Aerodactyl|Rock Slide|p1a: Garchomp|[spread] p1a,p1b
|-resisted|p1a: Garchomp|1
|-supereffective|p1b: Charizard|2
|-damage|p1a: Garchomp|87/100
|-damage|p1b: Charizard|0 fnt
|faint|p1b: Charizard
|move|p2a: Houndoom|Dark Pulse|p1a: Garchomp
|-damage|p1a: Garchomp|17/100
|move|p1a: Garchomp|Rock Slide|p2a: Houndoom|[spread] p2a,p2b
|-supereffective|p2a: Houndoom|1
|-supereffective|p2b: Aerodactyl|1
|-crit|p2b: Aerodactyl
|-damage|p2a: Houndoom|0 fnt
|-damage|p2b: Aerodactyl|0 fnt
|faint|p2a: Houndoom
|faint|p2b: Aerodactyl
|-damage|p1a: Garchomp|7/100|[from] item: Life Orb
|
|-weather|SunnyDay|[upkeep]
|upkeep
|
|t:|1783523349
|switch|p2b: Farigiraf|Farigiraf, L50, F, shiny|100/100
|switch|p2a: Torkoal|Torkoal, L50, M|100/100
|switch|p1b: Basculegion|Basculegion, L50, M|100/100
|turn|3
|
|t:|1783523359
|move|p1b: Basculegion|Protect|p1b: Basculegion
|-singleturn|p1b: Basculegion|Protect
|move|p1a: Garchomp|Earthquake|p2a: Torkoal|[spread] p2a,p2b
|-activate|p1b: Basculegion|move: Protect
|-supereffective|p2a: Torkoal|1
|-damage|p2a: Torkoal|7/100
|-damage|p2b: Farigiraf|46/100
|-damage|p1a: Garchomp|0 fnt|[from] item: Life Orb
|faint|p1a: Garchomp
|move|p2b: Farigiraf|Twin Beam|p1b: Basculegion
|-activate|p1b: Basculegion|move: Protect
|move|p2a: Torkoal|Earth Power|p1b: Basculegion
|-activate|p1b: Basculegion|move: Protect
|
|-weather|SunnyDay|[upkeep]
|upkeep
|turn|4
|
|t:|1783523375
|move|p1b: Basculegion|Last Respects|p2a: Torkoal
|-damage|p2a: Torkoal|0 fnt
|faint|p2a: Torkoal
|move|p2b: Farigiraf|Twin Beam|p1b: Basculegion
|-damage|p1b: Basculegion|82/100
|-damage|p1b: Basculegion|66/100
|-hitcount|p1b: Basculegion|2
|
|-weather|SunnyDay|[upkeep]
|-sideend|p2: NathanaelW19|move: Tailwind
|-sideend|p1: NightshadeAI|move: Tailwind
|upkeep
|turn|5
|
|t:|1783523379
|move|p1b: Basculegion|Wave Crash|p2b: Farigiraf
|-damage|p2b: Farigiraf|2/100
|-damage|p1b: Basculegion|51/100|[from] Recoil
|move|p2b: Farigiraf|Twin Beam|p1b: Basculegion
|-damage|p1b: Basculegion|33/100
|-damage|p1b: Basculegion|14/100
|-hitcount|p1b: Basculegion|2
|
|-weather|none
|upkeep
|turn|6
|
|t:|1783523386
|move|p1b: Basculegion|Wave Crash|p2b: Farigiraf
|-damage|p2b: Farigiraf|0 fnt
|faint|p2b: Farigiraf
|-damage|p1b: Basculegion|13/100|[from] Recoil
|
|win|NightshadeAI
