|j|☆Joriot
|j|☆DONTARIC
|html|JoriotDONTARIC    
|uhtml|bestof|Game 2 of a best-of-3
|t:|1785751592
|gametype|doubles
|player|p1|Joriot|falkner|1188
|player|p2|DONTARIC|265|1109
|gen|9
|tier|[Gen 9 Champions] VGC 2026 Reg M-B (Bo3)
|rated|
|rule|Species Clause: Limit one of each Pokémon
|rule|Item Clause: Limit 1 of each item
|clearpoke
|poke|p1|Staraptor, L50, F|
|poke|p1|Arcanine-Hisui, L50, F|
|poke|p1|Kingambit, L50, M|
|poke|p1|Raichu, L50, F|
|poke|p1|Farigiraf, L50, M|
|poke|p1|Sylveon, L50, M|
|poke|p2|Venusaur, L50, M|
|poke|p2|Charizard, L50, M|
|poke|p2|Garchomp, L50, F|
|poke|p2|Incineroar, L50, F|
|poke|p2|Floette-Eternal, L50, F|
|poke|p2|Sinistcha, L50|
|teampreview|4
|showteam|p1|Staraptor||Staraptite|Intimidate|DualWingbeat,CloseCombat,Tailwind,Protect|Jolly||F|||50|]Arcanine-Hisui||FocusSash|RockHead|FlareBlitz,HeadSmash,ExtremeSpeed,Protect|Jolly||F|||50|]Kingambit||LifeOrb|Defiant|KowtowCleave,SuckerPunch,SwordsDance,Protect|Adamant||M|||50|]Raichu||RaichuniteY|LightningRod|ZapCannon,FocusBlast,FakeOut,Protect|Timid||F|||50|]Farigiraf||SitrusBerry|ArmorTail|Psychic,HelpingHand,TrickRoom,Protect|Calm||M|||50|]Sylveon||FairyFeather|Pixilate|HyperVoice,HyperBeam,QuickAttack,Detect|Modest||M|||50|
|showteam|p2|Venusaur||FocusSash|Chlorophyll|SleepPowder,SludgeBomb,EarthPower,Protect|Timid||M|||50|]Charizard||CharizarditeY|Blaze|HeatWave,SolarBeam,WeatherBall,Protect|Modest||M|||50|]Garchomp||ChoiceScarf|RoughSkin|Earthquake,RockSlide,StompingTantrum,DragonClaw|Adamant||F|||50|]Incineroar||SitrusBerry|Intimidate|FakeOut,FlareBlitz,PartingShot,ThroatChop|Careful||F|||50|]Floette-Eternal||Floettite|FlowerVeil|Moonblast,DazzlingGleam,CalmMind,Protect|Modest||F|||50|]Sinistcha||KasibBerry|Hospitality|MatchaGotcha,RagePowder,TrickRoom,Protect|Relaxed|||||50|
|
|t:|1785751651
|teamsize|p1|4
|teamsize|p2|4
|start
|switch|p1a: Staraptor|Staraptor, L50, F|100/100
|switch|p1b: Arcanine|Arcanine-Hisui, L50, F|100/100
|switch|p2a: Incineroar|Incineroar, L50, F|100/100
|switch|p2b: Garchomp|Garchomp, L50, F|100/100
|-ability|p1a: Staraptor|Intimidate|boost
|-unboost|p2a: Incineroar|atk|1
|-unboost|p2b: Garchomp|atk|1
|-ability|p2a: Incineroar|Intimidate|boost
|-unboost|p1a: Staraptor|atk|1
|-unboost|p1b: Arcanine|atk|1
|turn|1
|inactive|Battle timer is ON: inactive players will automatically lose when time's up. (requested by DONTARIC)
|inactive|Joriot has 60 seconds left.
|inactive|DONTARIC has 60 seconds left.
|
|t:|1785751690
|switch|p1b: Farigiraf|Farigiraf, L50, M|100/100
|switch|p2a: Charizard|Charizard, L50, M|100/100
|detailschange|p1a: Staraptor|Staraptor-Mega, L50, F
|-mega|p1a: Staraptor|Staraptor|Staraptite
|move|p2b: Garchomp|Stomping Tantrum|p1b: Farigiraf
|-damage|p1b: Farigiraf|74/100
|move|p1a: Staraptor|Close Combat|p2a: Charizard
|-resisted|p2a: Charizard|1
|-damage|p2a: Charizard|76/100
|-boost|p1a: Staraptor|def|1
|-boost|p1a: Staraptor|spd|1
|
|upkeep
|turn|2
|inactive|Joriot has 30 seconds left.
|inactive|Joriot has 20 seconds left.
|inactive|Joriot has 15 seconds left.
|
|t:|1785751732
|switch|p2b: Incineroar|Incineroar, L50, F|100/100
|-ability|p2b: Incineroar|Intimidate|boost
|-boost|p1a: Staraptor|atk|1
|-unboost|p1b: Farigiraf|atk|1
|detailschange|p2a: Charizard|Charizard-Mega-Y, L50, M
|-mega|p2a: Charizard|Charizard|Charizardite Y
|-weather|SunnyDay|[from] ability: Drought|[of] p2a: Charizard
|move|p1a: Staraptor|Close Combat|p2b: Incineroar
|-supereffective|p2b: Incineroar|1
|-damage|p2b: Incineroar|0 fnt
|-boost|p1a: Staraptor|def|1
|-boost|p1a: Staraptor|spd|1
|faint|p2b: Incineroar
|move|p2a: Charizard|Heat Wave|p1b: Farigiraf|[spread] p1a,p1b
|-damage|p1a: Staraptor|65/100
|-damage|p1b: Farigiraf|18/100
|-enditem|p1b: Farigiraf|Sitrus Berry|[eat]
|-heal|p1b: Farigiraf|43/100|[from] item: Sitrus Berry
|move|p1b: Farigiraf|Psychic|p2a: Charizard
|-damage|p2a: Charizard|40/100
|
|-weather|SunnyDay|[upkeep]
|upkeep
|
|t:|1785751752
|switch|p2b: Garchomp|Garchomp, L50, F|100/100
|turn|3
|inactive|Joriot has 30 seconds left.
|
|t:|1785751785
|move|p2a: Charizard|Protect|p2a: Charizard
|-singleturn|p2a: Charizard|Protect
|move|p2b: Garchomp|Rock Slide|p1a: Staraptor|[spread] p1a,p1b
|-damage|p1a: Staraptor|55/100
|-damage|p1b: Farigiraf|25/100
|move|p1a: Staraptor|Dual Wingbeat|p2a: Charizard
|-activate|p2a: Charizard|move: Protect
|cant|p1b: Farigiraf|flinch
|
|-weather|SunnyDay|[upkeep]
|upkeep
|turn|4
|
|t:|1785751800
|move|p2b: Garchomp|Rock Slide|p1b: Farigiraf|[spread] p1b
|-miss|p2b: Garchomp|p1a: Staraptor
|-damage|p1b: Farigiraf|8/100
|move|p1a: Staraptor|Dual Wingbeat|p2a: Charizard|[miss]
|-miss|p1a: Staraptor|p2a: Charizard
|move|p2a: Charizard|Heat Wave|p1a: Staraptor|[spread] p1a,p1b
|-crit|p1a: Staraptor
|-damage|p1a: Staraptor|0 fnt
|-damage|p1b: Farigiraf|0 fnt
|faint|p1a: Staraptor
|faint|p1b: Farigiraf
|
|-weather|SunnyDay|[upkeep]
|upkeep
|c|☆Joriot|oh wow
|
|t:|1785751814
|switch|p1a: Arcanine|Arcanine-Hisui, L50, F|100/100
|switch|p1b: Sylveon|Sylveon, L50, M|100/100
|turn|5
|inactive|Joriot has 30 seconds left.
|
|t:|1785751844
|switch|p2b: Venusaur|Venusaur, L50, M|100/100
|move|p1a: Arcanine|Head Smash|p2a: Charizard
|-supereffective|p2a: Charizard|2
|-damage|p2a: Charizard|0 fnt
|faint|p2a: Charizard
|move|p1b: Sylveon|Hyper Voice|p2b: Venusaur
|-resisted|p2b: Venusaur|1
|-damage|p2b: Venusaur|61/100
|
|-weather|SunnyDay|[upkeep]
|upkeep
|
|t:|1785751854
|switch|p2a: Garchomp|Garchomp, L50, F|100/100
|turn|6
|
|t:|1785751868
|move|p2b: Venusaur|Sludge Bomb|p1b: Sylveon
|-supereffective|p1b: Sylveon|1
|-damage|p1b: Sylveon|44/100
|move|p2a: Garchomp|Earthquake|p1a: Arcanine|[spread] p2b,p1a,p1b
|-supereffective|p1a: Arcanine|2
|-damage|p2b: Venusaur|5/100
|-enditem|p1a: Arcanine|Focus Sash
|-damage|p1a: Arcanine|1/100
|-damage|p1b: Sylveon|0 fnt
|faint|p1b: Sylveon
|move|p1a: Arcanine|Flare Blitz|p2b: Venusaur
|-supereffective|p2b: Venusaur|1
|-damage|p2b: Venusaur|0 fnt
|faint|p2b: Venusaur
|
|-weather|none
|upkeep
|turn|7
|c|☆DONTARIC|lets go for the 3rd
|
|t:|1785751887
|move|p2a: Garchomp|Earthquake|p1a: Arcanine
|-supereffective|p1a: Arcanine|2
|-damage|p1a: Arcanine|0 fnt
|faint|p1a: Arcanine
|
|win|DONTARIC
||DONTARIC is ready for game 3.
