|j|☆Po1510
|j|☆Devy triomphera
|html|Po1510Devy triomphera    
|uhtml|bestof|Game 3 of a best-of-3
|t:|1786114820
|gametype|doubles
|player|p1|Po1510|rosa-masters|1351
|player|p2|Devy triomphera|266|1325
|gen|9
|tier|[Gen 9 Champions] VGC 2026 Reg M-B (Bo3)
|rated|
|rule|Species Clause: Limit one of each Pokémon
|rule|Item Clause: Limit 1 of each item
|clearpoke
|poke|p1|Staraptor, L50, M|
|poke|p1|Arcanine-Hisui, L50, M|
|poke|p1|Kingambit, L50, M|
|poke|p1|Raichu, L50, F|
|poke|p1|Farigiraf, L50, F|
|poke|p1|Sylveon, L50, F, shiny|
|poke|p2|Incineroar, L50, F|
|poke|p2|Sinistcha, L50|
|poke|p2|Sneasler, L50, M|
|poke|p2|Kingambit, L50, M|
|poke|p2|Floette-Eternal, L50, F|
|poke|p2|Delphox, L50, F|
|teampreview|4
|showteam|p1|Staraptor||Staraptite|Intimidate|DualWingbeat,CloseCombat,Tailwind,Protect|Jolly||M|||50|]Arcanine-Hisui||FocusSash|RockHead|FlareBlitz,HeadSmash,ExtremeSpeed,Protect|Jolly||M|||50|]Kingambit||LifeOrb|Defiant|KowtowCleave,SuckerPunch,SwordsDance,Protect|Adamant||M|||50|]Raichu||RaichuniteY|LightningRod|ZapCannon,FocusBlast,FakeOut,Protect|Timid||F|||50|]Farigiraf||SitrusBerry|ArmorTail|Psychic,HelpingHand,TrickRoom,Protect|Calm||F|||50|]Sylveon||FairyFeather|Pixilate|HyperVoice,HyperBeam,QuickAttack,Detect|Modest||F|||50|
|showteam|p2|Incineroar||SitrusBerry|Intimidate|FakeOut,FlareBlitz,ThroatChop,PartingShot|Impish||F|||50|]Sinistcha||OccaBerry|Hospitality|MatchaGotcha,RagePowder,TrickRoom,Protect|Bold|||||50|]Sneasler||WhiteHerb|Unburden|FakeOut,CloseCombat,DireClaw,Protect|Adamant||M|||50|]Kingambit||LifeOrb|Defiant|SuckerPunch,KowtowCleave,SwordsDance,Protect|Adamant||M|||50|]Floette-Eternal||Floettite|FlowerVeil|DrainingKiss,Protect,CalmMind,DazzlingGleam|Modest||F|||50|]Delphox||Delphoxite|Blaze|HeatWave,NastyPlot,Protect,Psychic|Timid||F|||50|
|inactive|Battle timer is ON: inactive players will automatically lose when time's up. (requested by Po1510)
|inactive|Po1510 has 60 seconds left.
|
|t:|1786114876
|teamsize|p1|4
|teamsize|p2|4
|start
|switch|p1a: Raichu|Raichu, L50, F|100/100
|switch|p1b: Farigiraf|Farigiraf, L50, F|100/100
|switch|p2a: Sneasler|Sneasler, L50, M|100/100
|switch|p2b: Floette|Floette-Eternal, L50, F|100/100
|turn|1
|inactive|Po1510 has 30 seconds left.
|
|t:|1786114908
|detailschange|p1a: Raichu|Raichu-Mega-Y, L50, F
|-mega|p1a: Raichu|Raichu|Raichunite Y
|detailschange|p2b: Floette|Floette-Mega, L50, F
|-mega|p2b: Floette|Floette|Floettite
|-ability|p2b: Floette|Fairy Aura
|move|p1a: Raichu|Zap Cannon|p2a: Sneasler
|-damage|p2a: Sneasler|18/100
|-status|p2a: Sneasler|par
|move|p2b: Floette|Calm Mind|p2b: Floette
|-boost|p2b: Floette|spa|1
|-boost|p2b: Floette|spd|1
|move|p2a: Sneasler|Close Combat|p1b: Farigiraf
|-damage|p1b: Farigiraf|36/100
|-unboost|p2a: Sneasler|def|1
|-unboost|p2a: Sneasler|spd|1
|-enditem|p1b: Farigiraf|Sitrus Berry|[eat]
|-heal|p1b: Farigiraf|61/100|[from] item: Sitrus Berry
|-enditem|p2a: Sneasler|White Herb
|-clearnegativeboost|p2a: Sneasler|[silent]
|move|p1b: Farigiraf|Psychic|p2a: Sneasler
|-supereffective|p2a: Sneasler|2
|-damage|p2a: Sneasler|0 fnt
|faint|p2a: Sneasler
|
|upkeep
|
|t:|1786114929
|switch|p2a: Incineroar|Incineroar, L50, F|100/100
|-ability|p2a: Incineroar|Intimidate|boost
|-unboost|p1a: Raichu|atk|1
|-unboost|p1b: Farigiraf|atk|1
|turn|2
|
|t:|1786114947
|move|p1b: Farigiraf|Helping Hand|p1a: Raichu
|-singleturn|p1a: Raichu|Helping Hand|[of] p1b: Farigiraf
|move|p1a: Raichu|Focus Blast|p2a: Incineroar
|-supereffective|p2a: Incineroar|1
|-damage|p2a: Incineroar|0 fnt
|faint|p2a: Incineroar
|move|p2b: Floette|Draining Kiss|p1a: Raichu
|-damage|p1a: Raichu|28/100
|
|upkeep
|
|t:|1786114957
|switch|p2a: Sinistcha|Sinistcha, L50|100/100
|turn|3
|
|t:|1786114966
|switch|p1a: Sylveon|Sylveon, L50, F, shiny|100/100
|move|p2b: Floette|Protect|p2b: Floette
|-singleturn|p2b: Floette|Protect
|move|p2a: Sinistcha|Matcha Gotcha|p1b: Farigiraf|[spread] p1a,p1b
|-damage|p1a: Sylveon|80/100
|-damage|p1b: Farigiraf|40/100
|move|p1b: Farigiraf|Trick Room|p1b: Farigiraf
|-fieldstart|move: Trick Room|[of] p1b: Farigiraf
|
|upkeep
|turn|4
|
|t:|1786114984
|move|p1b: Farigiraf|Helping Hand|p1a: Sylveon
|-singleturn|p1a: Sylveon|Helping Hand|[of] p1b: Farigiraf
|move|p1a: Sylveon|Hyper Voice|p2a: Sinistcha|[spread] p2a,p2b
|-damage|p2a: Sinistcha|15/100
|-damage|p2b: Floette|53/100
|move|p2b: Floette|Calm Mind|p2b: Floette
|-boost|p2b: Floette|spa|1
|-boost|p2b: Floette|spd|1
|move|p2a: Sinistcha|Trick Room|p2a: Sinistcha
|-fieldend|move: Trick Room
|
|upkeep
|turn|5
|inactive|Po1510 has 30 seconds left.
|inactive|Po1510 has 20 seconds left.
|
|t:|1786115021
|move|p1b: Farigiraf|Helping Hand|p1a: Sylveon
|-singleturn|p1a: Sylveon|Helping Hand|[of] p1b: Farigiraf
|move|p2a: Sinistcha|Protect|p2a: Sinistcha
|-singleturn|p2a: Sinistcha|Protect
|move|p1a: Sylveon|Quick Attack|p2a: Sinistcha
|-activate|p2a: Sinistcha|move: Protect
|move|p2b: Floette|Draining Kiss|p1b: Farigiraf
|-damage|p1b: Farigiraf|0 fnt
|-heal|p2b: Floette|95/100|[from] drain|[of] p1b: Farigiraf
|faint|p1b: Farigiraf
|
|upkeep
|
|t:|1786115027
|switch|p1b: Raichu|Raichu-Mega-Y, L50, F|28/100
|turn|6
|
|t:|1786115035
|move|p1b: Raichu|Fake Out|p2b: Floette
|-damage|p2b: Floette|86/100
|cant|p2b: Floette|flinch
|move|p1a: Sylveon|Hyper Voice|p2b: Floette|[spread] p2a,p2b
|-damage|p2a: Sinistcha|0 fnt
|-damage|p2b: Floette|60/100
|faint|p2a: Sinistcha
|
|upkeep
|turn|7
|
|t:|1786115046
|move|p2b: Floette|Protect|p2b: Floette
|-singleturn|p2b: Floette|Protect
|move|p1b: Raichu|Zap Cannon|p2b: Floette
|-activate|p2b: Floette|move: Protect
|move|p1a: Sylveon|Hyper Beam|p2b: Floette
|-activate|p2b: Floette|move: Protect
|
|upkeep
|turn|8
|
|t:|1786115055
|move|p1b: Raichu|Zap Cannon|p2b: Floette
|-damage|p2b: Floette|33/100
|-status|p2b: Floette|par
|move|p1a: Sylveon|Hyper Beam|p2b: Floette
|-damage|p2b: Floette|0 fnt
|-mustrecharge|p1a: Sylveon
|faint|p2b: Floette
|
|win|Po1510
|raw|Po1510's rating: 1351 → 1370(+19 for winning)
|raw|Devy triomphera's rating: 1325 → 1306(-19 for losing)
