|j|☆blackstorm games
|j|☆SpaceW
|html|blackstorm gamesSpaceW    
|uhtml|bestof|Game 2 of a best-of-3
|t:|1756234373
|gametype|doubles
|player|p1|blackstorm games|266|1162
|player|p2|SpaceW|170|1077
|gen|9
|tier|[Gen 9] VGC 2025 Reg H (Bo3)
|rated|
|rule|Species Clause: Limit one of each Pokémon
|rule|Item Clause: Limit 1 of each item
|clearpoke
|poke|p1|Gholdengo, L50|
|poke|p1|Incineroar, L50, M|
|poke|p1|Amoonguss, L50, M|
|poke|p1|Dragonite, L50, F|
|poke|p1|Primarina, L50, M|
|poke|p1|Garchomp, L50, F|
|poke|p2|Pelipper, L50, M|
|poke|p2|Archaludon, L50, M|
|poke|p2|Gholdengo, L50|
|poke|p2|Amoonguss, L50, F|
|poke|p2|Kingambit, L50, F|
|poke|p2|Dragonite, L50, M|
|teampreview|4
|showteam|p1|Gholdengo||LifeOrb|GoodasGold|MakeItRain,ShadowBall,NastyPlot,Protect||||||50|,,,,,Water]Incineroar||SafetyGoggles|Intimidate|KnockOff,FlareBlitz,FakeOut,PartingShot|||M|||50|,,,,,Ghost]Amoonguss||CovertCloak|Regenerator|RagePowder,PollenPuff,Protect,Spore|||M|||50|,,,,,Dark]Dragonite||LoadedDice|Multiscale|ScaleShot,Tailwind,Protect,Haze|||F|||50|,,,,,Fairy]Primarina||AssaultVest|LiquidVoice|HyperVoice,Moonblast,IcyWind,DazzlingGleam|||M|||50|,,,,,Poison]Garchomp||ClearAmulet|RoughSkin|DragonClaw,Earthquake,SwordsDance,Protect|||F|||50|,,,,,Fire
|showteam|p2|Pelipper||Leftovers|Drizzle|Hurricane,WeatherBall,Uturn,WideGuard|||M|||50|,,,,,Grass]Archaludon||AssaultVest|Stamina|BodyPress,DracoMeteor,ElectroShot,IronHead|||M|||50|,,,,,Electric]Gholdengo||ChoiceSpecs|GoodasGold|MakeItRain,ShadowBall,Thunderbolt,DazzlingGleam||||||50|,,,,,Grass]Amoonguss||SitrusBerry|Regenerator|RagePowder,Spore,PollenPuff,Protect|||F|||50|,,,,,Grass]Kingambit||LifeOrb|Defiant|KowtowCleave,SuckerPunch,SwordsDance,Protect|||F|||50|,,,,,Dragon]Dragonite||LoadedDice|Multiscale|ScaleShot,ExtremeSpeed,Hurricane,Protect|||M|||50|,,,,,Normal
|inactive|Battle timer is ON: inactive players will automatically lose when time's up. (requested by SpaceW)
|
|t:|1756234401
|teamsize|p1|4
|teamsize|p2|4
|start
|switch|p1a: Primarina|Primarina, L50, M|100/100
|switch|p1b: Dragonite|Dragonite, L50, F|100/100
|switch|p2a: Pelipper|Pelipper, L50, M|100/100
|switch|p2b: Archaludon|Archaludon, L50, M|100/100
|-weather|RainDance|[from] ability: Drizzle|[of] p2a: Pelipper
|turn|1
|inactive|blackstorm games has 30 seconds left.
|inactive|SpaceW has 30 seconds left.
|
|t:|1756234432
|move|p2a: Pelipper|Wide Guard|p2a: Pelipper
|-singleturn|p2a: Pelipper|Wide Guard
|move|p1b: Dragonite|Scale Shot|p2a: Pelipper
|-damage|p2a: Pelipper|86/100
|-damage|p2a: Pelipper|72/100
|-damage|p2a: Pelipper|58/100
|-damage|p2a: Pelipper|45/100
|-damage|p2a: Pelipper|33/100
|-hitcount|p2a: Pelipper|5
|-unboost|p1b: Dragonite|def|1
|-boost|p1b: Dragonite|spe|1
|move|p2b: Archaludon|Draco Meteor|p1b: Dragonite
|-supereffective|p1b: Dragonite
|-damage|p1b: Dragonite|24/100
|-unboost|p2b: Archaludon|spa|2
|move|p1a: Primarina|Dazzling Gleam|p2b: Archaludon|[spread] 
|-activate|p2a: Pelipper|move: Wide Guard
|-activate|p2b: Archaludon|move: Wide Guard
|
|-weather|RainDance|[upkeep]
|-heal|p2a: Pelipper|39/100|[from] item: Leftovers
|upkeep
|turn|2
|inactive|blackstorm games has 30 seconds left.
|inactive|SpaceW has 30 seconds left.
|inactive|SpaceW has 20 seconds left.
|inactive|SpaceW has 15 seconds left.
|
|t:|1756234474
|switch|p2a: Gholdengo|Gholdengo, L50|100/100
|-terastallize|p1a: Primarina|Poison
|move|p1b: Dragonite|Tailwind|p1b: Dragonite
|-sidestart|p1: blackstorm games|move: Tailwind
|move|p1a: Primarina|Moonblast|p2a: Gholdengo
|-resisted|p2a: Gholdengo
|-damage|p2a: Gholdengo|73/100
|-unboost|p2a: Gholdengo|spa|1
|move|p2b: Archaludon|Draco Meteor|p1b: Dragonite
|-supereffective|p1b: Dragonite
|-damage|p1b: Dragonite|0 fnt
|-unboost|p2b: Archaludon|spa|2
|faint|p1b: Dragonite
|
|-weather|RainDance|[upkeep]
|upkeep
|
|t:|1756234493
|switch|p1b: Gholdengo|Gholdengo, L50|100/100
|turn|3
|inactive|SpaceW has 30 seconds left.
|inactive|SpaceW has 20 seconds left.
|inactive|SpaceW has 15 seconds left.
|
|t:|1756234534
|switch|p2a: Dragonite|Dragonite, L50, M|100/100
|move|p1b: Gholdengo|Shadow Ball|p2a: Dragonite
|-damage|p2a: Dragonite|79/100
|-unboost|p2a: Dragonite|spd|1
|-damage|p1b: Gholdengo|91/100|[from] item: Life Orb
|move|p1a: Primarina|Dazzling Gleam|p2b: Archaludon|[spread] p2a,p2b
|-supereffective|p2a: Dragonite
|-crit|p2a: Dragonite
|-damage|p2a: Dragonite|0 fnt
|-damage|p2b: Archaludon|73/100
|-ability|p2b: Archaludon|Stamina|boost
|-boost|p2b: Archaludon|def|1
|faint|p2a: Dragonite
|move|p2b: Archaludon|Iron Head|p1a: Primarina
|-damage|p1a: Primarina|69/100
|
|-weather|RainDance|[upkeep]
|upkeep
|
|t:|1756234557
|switch|p2a: Gholdengo|Gholdengo, L50|73/100
|turn|4
|inactive|SpaceW has 30 seconds left.
|
|t:|1756234584
|-terastallize|p2a: Gholdengo|Grass
|move|p1b: Gholdengo|Shadow Ball|p2a: Gholdengo
|-damage|p2a: Gholdengo|14/100
|-damage|p1b: Gholdengo|82/100|[from] item: Life Orb
|move|p1a: Primarina|Dazzling Gleam|p2a: Gholdengo|[spread] p2a,p2b
|-damage|p2a: Gholdengo|0 fnt
|-damage|p2b: Archaludon|46/100
|-ability|p2b: Archaludon|Stamina|boost
|-boost|p2b: Archaludon|def|1
|faint|p2a: Gholdengo
|move|p2b: Archaludon|Body Press|p1a: Primarina
|-resisted|p1a: Primarina
|-damage|p1a: Primarina|36/100
|
|-weather|RainDance|[upkeep]
|upkeep
|
|t:|1756234597
|switch|p2a: Pelipper|Pelipper, L50, M|39/100
|turn|5
|
|t:|1756234611
|move|p1b: Gholdengo|Shadow Ball|p2a: Pelipper
|-damage|p2a: Pelipper|0 fnt
|faint|p2a: Pelipper
|-damage|p1b: Gholdengo|72/100|[from] item: Life Orb
|move|p1a: Primarina|Moonblast|p2b: Archaludon
|-damage|p2b: Archaludon|0 fnt
|faint|p2b: Archaludon
|
|win|blackstorm games
|raw|blackstorm games's rating: 1162 → 1181(+19 for winning)
|raw|SpaceW's rating: 1077 → 1061(-16 for losing)
|l|☆SpaceW
|player|p2|
