|j|☆lolgz
|j|☆Shadow7W
|html|lolgzShadow7W    
|uhtml|bestof|Game 2 of a best-of-3
|t:|1782738497
|gametype|doubles
|player|p1|lolgz|dawn|1072
|player|p2|Shadow7W|266|1000
|gen|9
|tier|[Gen 9 Champions] VGC 2026 Reg M-B (Bo3)
|rated|
|rule|Species Clause: Limit one of each Pokémon
|rule|Item Clause: Limit 1 of each item
|clearpoke
|poke|p1|Scrafty, L50, M|
|poke|p1|Milotic, L50, F|
|poke|p1|Sinistcha, L50|
|poke|p1|Sneasler, L50, F|
|poke|p1|Incineroar, L50, M|
|poke|p1|Garchomp, L50, F|
|poke|p2|Basculegion, L50, M|
|poke|p2|Garchomp, L50, M|
|poke|p2|Kingambit, L50, F|
|poke|p2|Sylveon, L50, M|
|poke|p2|Incineroar, L50, M|
|poke|p2|Whimsicott, L50, F|
|teampreview|4
|showteam|p1|Scrafty||Scraftinite|Intimidate|DrainPunch,KnockOff,Protect,DragonDance|Jolly||M|||50|]Milotic||Leftovers|Competitive|Hypnosis,IcyWind,Recover,Coil|Calm||F|||50|]Sinistcha||CobaBerry|Hospitality|MatchaGotcha,RagePowder,LifeDew,TrickRoom|Bold|||||50|]Sneasler||WhiteHerb|Unburden|CloseCombat,DireClaw,FakeOut,Coaching|Adamant||F|||50|]Incineroar||SitrusBerry|Intimidate|FlareBlitz,ThroatChop,FakeOut,PartingShot|Adamant||M|||50|]Garchomp||LifeOrb|RoughSkin|DragonClaw,RockSlide,StompingTantrum,SwordsDance|Jolly||F|||50|
|showteam|p2|Basculegion||ChoiceScarf|Adaptability|LastRespects,WaveCrash,Liquidation,FlipTurn|Jolly||M|||50|]Garchomp||LifeOrb|RoughSkin|Earthquake,DragonClaw,RockSlide,Protect|Jolly||M|||50|]Kingambit||ChopleBerry|Defiant|KowtowCleave,SuckerPunch,IronHead,LowKick|Adamant||F|||50|]Sylveon||FairyFeather|Pixilate|HyperBeam,HyperVoice,Yawn,Protect|Modest||M|||50|]Incineroar||SitrusBerry|Intimidate|FakeOut,FlareBlitz,ThroatChop,PartingShot|Impish||M|||50|]Whimsicott||FocusSash|Prankster|Moonblast,Encore,Tailwind,Protect|Timid||F|||50|
|inactive|Battle timer is ON: inactive players will automatically lose when time's up. (requested by Shadow7W)
|inactive|lolgz has 60 seconds left.
|
|t:|1782738547
|teamsize|p1|4
|teamsize|p2|4
|start
|switch|p1a: Sneasler|Sneasler, L50, F|100/100
|switch|p1b: Garchomp|Garchomp, L50, F|100/100
|switch|p2a: Whimsicott|Whimsicott, L50, F|100/100
|switch|p2b: Kingambit|Kingambit, L50, F|100/100
|turn|1
|
|t:|1782738556
|switch|p2a: Incineroar|Incineroar, L50, M|100/100
|-ability|p2a: Incineroar|Intimidate|boost
|-unboost|p1a: Sneasler|atk|1
|-unboost|p1b: Garchomp|atk|1
|-enditem|p1a: Sneasler|White Herb
|-clearnegativeboost|p1a: Sneasler|[silent]
|move|p1a: Sneasler|Fake Out|p2a: Incineroar
|-damage|p2a: Incineroar|89/100
|move|p1b: Garchomp|Stomping Tantrum|p2b: Kingambit
|-supereffective|p2b: Kingambit|1
|-damage|p2b: Kingambit|49/100
|-damage|p1b: Garchomp|90/100|[from] item: Life Orb
|move|p2b: Kingambit|Kowtow Cleave|p1b: Garchomp
|-crit|p1b: Garchomp
|-damage|p1b: Garchomp|18/100
|-damage|p2b: Kingambit|37/100|[from] ability: Rough Skin|[of] p1b: Garchomp
|
|upkeep
|turn|2
|inactive|lolgz has 30 seconds left.
|inactive|lolgz has 20 seconds left.
|inactive|lolgz has 15 seconds left.
|inactive|lolgz has 10 seconds left.
|inactive|lolgz has 5 seconds left.
|
|t:|1782738611
|move|p1a: Sneasler|Close Combat|p2a: Incineroar
|-supereffective|p2a: Incineroar|1
|-damage|p2a: Incineroar|0 fnt
|-unboost|p1a: Sneasler|def|1
|-unboost|p1a: Sneasler|spd|1
|faint|p2a: Incineroar
|move|p1b: Garchomp|Dragon Claw|p2b: Kingambit
|-resisted|p2b: Kingambit|1
|-damage|p2b: Kingambit|23/100
|-damage|p1b: Garchomp|8/100|[from] item: Life Orb
|move|p2b: Kingambit|Low Kick|p1b: Garchomp
|-damage|p1b: Garchomp|0 fnt
|-damage|p2b: Kingambit|11/100|[from] ability: Rough Skin|[of] p1b: Garchomp
|faint|p1b: Garchomp
|
|upkeep
|
|t:|1782738626
|switch|p1b: Scrafty|Scrafty, L50, M|100/100
|switch|p2a: Whimsicott|Whimsicott, L50, F|100/100
|-ability|p1b: Scrafty|Intimidate|boost
|-unboost|p2a: Whimsicott|atk|1
|-unboost|p2b: Kingambit|atk|1
|-ability|p2b: Kingambit|Defiant|boost
|-boost|p2b: Kingambit|atk|2
|turn|3
|inactive|lolgz has 30 seconds left.
|inactive|lolgz has 20 seconds left.
|
|t:|1782738665
|detailschange|p1b: Scrafty|Scrafty-Mega, L50, M
|-mega|p1b: Scrafty|Scrafty|Scraftinite
|-ability|p1b: Scrafty|Intimidate|boost
|-unboost|p2a: Whimsicott|atk|1
|-unboost|p2b: Kingambit|atk|1
|-ability|p2b: Kingambit|Defiant|boost
|-boost|p2b: Kingambit|atk|2
|move|p1a: Sneasler|Dire Claw|p2a: Whimsicott
|-supereffective|p2a: Whimsicott|2
|-enditem|p2a: Whimsicott|Focus Sash
|-damage|p2a: Whimsicott|1/100
|-status|p2a: Whimsicott|slp
|cant|p2a: Whimsicott|slp
|move|p1b: Scrafty|Drain Punch|p2b: Kingambit
|-supereffective|p2b: Kingambit|2
|-enditem|p2b: Kingambit|Chople Berry|[eat]
|-enditem|p2b: Kingambit|Chople Berry|[weaken]
|-damage|p2b: Kingambit|0 fnt
|faint|p2b: Kingambit
|
|upkeep
|
|t:|1782738682
|switch|p2b: Garchomp|Garchomp, L50, M|100/100
|turn|4
|inactive|lolgz has 30 seconds left.
|
|t:|1782738708
|switch|p1a: Incineroar|Incineroar, L50, M|100/100
|-ability|p1a: Incineroar|Intimidate|boost
|-unboost|p2a: Whimsicott|atk|1
|-unboost|p2b: Garchomp|atk|1
|cant|p2a: Whimsicott|slp
|move|p2b: Garchomp|Rock Slide|p1a: Incineroar|[spread] p1a,p1b
|-supereffective|p1a: Incineroar|1
|-resisted|p1b: Scrafty|1
|-damage|p1a: Incineroar|71/100
|-damage|p1b: Scrafty|93/100
|-damage|p2b: Garchomp|90/100|[from] item: Life Orb
|move|p1b: Scrafty|Dragon Dance|p1b: Scrafty
|-boost|p1b: Scrafty|atk|1
|-boost|p1b: Scrafty|spe|1
|
|upkeep
|turn|5
|
|t:|1782738724
|move|p1a: Incineroar|Fake Out|p2a: Whimsicott
|-damage|p2a: Whimsicott|0 fnt
|faint|p2a: Whimsicott
|move|p1b: Scrafty|Drain Punch|p2b: Garchomp
|-damage|p2b: Garchomp|40/100
|-heal|p1b: Scrafty|100/100|[from] drain|[of] p2b: Garchomp
|-damage|p1b: Scrafty|87/100|[from] ability: Rough Skin|[of] p2b: Garchomp
|move|p2b: Garchomp|Rock Slide|p1b: Scrafty|[spread] p1a,p1b
|-supereffective|p1a: Incineroar|1
|-resisted|p1b: Scrafty|1
|-crit|p1b: Scrafty
|-damage|p1a: Incineroar|40/100
|-damage|p1b: Scrafty|70/100
|-enditem|p1a: Incineroar|Sitrus Berry|[eat]
|-heal|p1a: Incineroar|65/100|[from] item: Sitrus Berry
|-damage|p2b: Garchomp|30/100|[from] item: Life Orb
|
|upkeep
|turn|6
|
|t:|1782738739
|move|p1b: Scrafty|Drain Punch|p2b: Garchomp
|-damage|p2b: Garchomp|0 fnt
|-heal|p1b: Scrafty|88/100|[from] drain|[of] p2b: Garchomp
|-damage|p1b: Scrafty|76/100|[from] ability: Rough Skin|[of] p2b: Garchomp
|faint|p2b: Garchomp
|
|win|lolgz
|raw|lolgz's rating: 1072 → 1095(+23 for winning)
|raw|Shadow7W's rating: 1000 → 1000(+0 for losing)
