|j|☆snakke001
|j|☆HalcyonJon
|html|snakke001HalcyonJon    
|uhtml|bestof|Game 3 of a best-of-3
|t:|1756881830
|gametype|doubles
|player|p1|snakke001|biker-gen4|1066
|player|p2|HalcyonJon|169|1052
|gen|9
|tier|[Gen 9] VGC 2025 Reg H (Bo3)
|rated|
|rule|Species Clause: Limit one of each Pokémon
|rule|Item Clause: Limit 1 of each item
|clearpoke
|poke|p1|Volcarona, L50, M|
|poke|p1|Kingambit, L50, M|
|poke|p1|Dragonite, L50, M|
|poke|p1|Sneasler, L50, F|
|poke|p1|Rillaboom, L50, M|
|poke|p1|Electabuzz, L50, M|
|poke|p2|Torkoal, L50, M|
|poke|p2|Illumise, L50, F|
|poke|p2|Indeedee-F, L50, F|
|poke|p2|Scrafty, L50, F|
|poke|p2|Heracross, L50, M|
|poke|p2|Delphox, L50, M|
|teampreview|4
|showteam|p1|Volcarona||Leftovers|FlameBody|HeatWave,TeraBlast,QuiverDance,Protect|||M|||50|,,,,,Fairy]Kingambit||BlackGlasses|Defiant|KowtowCleave,SuckerPunch,SwordsDance,Protect|||M|||50|,,,,,Dark]Dragonite||LoadedDice|Multiscale|ScaleShot,ExtremeSpeed,Haze,Protect|||M|||50|,,,,,Steel]Sneasler||FocusSash|PoisonTouch|CloseCombat,DireClaw,FakeOut,Coaching|||F|||50|,,,,,Stellar]Rillaboom||AssaultVest|GrassySurge|WoodHammer,GrassyGlide,HighHorsepower,FakeOut|||M|||50|,,,,,Fire]Electabuzz||Eviolite|VitalSpirit|Thunderbolt,Taunt,FollowMe,Protect|||M|||50|,,,,,Ghost
|showteam|p2|Torkoal||AssaultVest|Drought|Eruption,WeatherBall,SolarBeam,EarthPower|||M|||50|,,,,,Grass]Illumise||CovertCloak|Prankster|StruggleBug,Encore,SunnyDay,Tailwind|||F|||50|,,,,,Rock]Indeedee-F||RockyHelmet|PsychicSurge|Psychic,FollowMe,HelpingHand,TrickRoom|||F|||50|,,,,,Fairy]Scrafty||SitrusBerry|Intimidate|KnockOff,LowKick,FakeOut,Curse|||F|||50|,,,,,Ghost]Heracross||FlameOrb|Guts|CloseCombat,Lunge,RockSlide,Protect|||M|||50|,,,,,Rock]Delphox||PsychicSeed|Magician|Flamethrower,ExpandingForce,NastyPlot,Protect|||M|||50|,,,,,Dark
|inactive|Battle timer is ON: inactive players will automatically lose when time's up. (requested by snakke001)
|inactive|snakke001 has 60 seconds left.
|
|t:|1756881881
|teamsize|p1|4
|teamsize|p2|4
|start
|switch|p1a: Volcarona|Volcarona, L50, M, shiny|100/100
|switch|p1b: Electabuzz|Electabuzz, L50, M, shiny|100/100
|switch|p2a: Heracross|Heracross, L50, M|100/100
|switch|p2b: Indeedee|Indeedee-F, L50, F|100/100
|-fieldstart|move: Psychic Terrain|[from] ability: Psychic Surge|[of] p2b: Indeedee
|turn|1
|inactive|HalcyonJon has 30 seconds left.
|inactive|HalcyonJon has 20 seconds left.
|
|t:|1756881920
|-terastallize|p2a: Heracross|Rock
|-terastallize|p1a: Volcarona|Fairy
|move|p2b: Indeedee|Helping Hand|p2a: Heracross
|-singleturn|p2a: Heracross|Helping Hand|[of] p2b: Indeedee
|move|p2a: Heracross|Rock Slide|p1b: Electabuzz|[spread] p1a,p1b
|-damage|p1a: Volcarona|54/100
|-damage|p1b: Electabuzz|72/100
|move|p1a: Volcarona|Quiver Dance|p1a: Volcarona
|-boost|p1a: Volcarona|spa|1
|-boost|p1a: Volcarona|spd|1
|-boost|p1a: Volcarona|spe|1
|cant|p1b: Electabuzz|flinch
|
|-heal|p1a: Volcarona|61/100|[from] item: Leftovers
|-status|p2a: Heracross|brn|[from] item: Flame Orb
|upkeep
|turn|2
|inactive|snakke001 has 30 seconds left.
|inactive|HalcyonJon has 30 seconds left.
|inactive|snakke001 has 20 seconds left.
|
|t:|1756881957
|move|p2b: Indeedee|Follow Me|p2b: Indeedee
|-singleturn|p2b: Indeedee|move: Follow Me
|move|p1a: Volcarona|Heat Wave|p2b: Indeedee|[spread] p2a,p2b
|-resisted|p2a: Heracross
|-crit|p2a: Heracross
|-damage|p2a: Heracross|54/100 brn
|-damage|p2b: Indeedee|56/100
|move|p2a: Heracross|Rock Slide|p1b: Electabuzz|[spread] p1a,p1b
|-damage|p1a: Volcarona|11/100
|-damage|p1b: Electabuzz|42/100
|move|p1b: Electabuzz|Taunt|p2b: Indeedee
|-start|p2b: Indeedee|move: Taunt
|
|-heal|p1a: Volcarona|18/100|[from] item: Leftovers
|-damage|p2a: Heracross|48/100 brn|[from] brn
|upkeep
|turn|3
|inactive|snakke001 has 30 seconds left.
|inactive|HalcyonJon has 30 seconds left.
|inactive|snakke001 has 20 seconds left.
|inactive|snakke001 has 15 seconds left.
|
|t:|1756881998
|switch|p1b: Kingambit|Kingambit, L50, M, shiny|100/100
|move|p2a: Heracross|Protect|p2a: Heracross
|-singleturn|p2a: Heracross|Protect
|move|p1a: Volcarona|Tera Blast|p2a: Heracross|[anim] Tera Blast Fairy
|-activate|p2a: Heracross|move: Protect
|move|p2b: Indeedee|Psychic|p1a: Volcarona
|-damage|p1a: Volcarona|0 fnt
|faint|p1a: Volcarona
|
|-damage|p2a: Heracross|42/100 brn|[from] brn
|upkeep
|
|t:|1756882018
|switch|p1a: Dragonite|Dragonite, L50, M, shiny|100/100
|turn|4
|
|t:|1756882040
|switch|p2a: Delphox|Delphox, L50, M|100/100
|-enditem|p2a: Delphox|Psychic Seed
|-boost|p2a: Delphox|spd|1|[from] item: Psychic Seed
|switch|p2b: Torkoal|Torkoal, L50, M|100/100
|-weather|SunnyDay|[from] ability: Drought|[of] p2b: Torkoal
|move|p1b: Kingambit|Protect|p1b: Kingambit
|-singleturn|p1b: Kingambit|Protect
|move|p1a: Dragonite|Scale Shot|p2a: Delphox
|-damage|p2a: Delphox|77/100
|-damage|p2a: Delphox|52/100
|-damage|p2a: Delphox|30/100
|-damage|p2a: Delphox|7/100
|-hitcount|p2a: Delphox|4
|-unboost|p1a: Dragonite|def|1
|-boost|p1a: Dragonite|spe|1
|
|-weather|SunnyDay|[upkeep]
|upkeep
|turn|5
|inactive|snakke001 has 30 seconds left.
|inactive|HalcyonJon has 30 seconds left.
|inactive|HalcyonJon has 20 seconds left.
|inactive|HalcyonJon has 15 seconds left.
|inactive|snakke001 has 20 seconds left.
|inactive|HalcyonJon has 10 seconds left.
|inactive|snakke001 has 15 seconds left.
|
|t:|1756882090
|move|p2a: Delphox|Protect|p2a: Delphox
|-singleturn|p2a: Delphox|Protect
|move|p1b: Kingambit|Sucker Punch||[still]
|-fail|p1b: Kingambit
|move|p1a: Dragonite|Scale Shot|p2b: Torkoal
|-damage|p2b: Torkoal|88/100
|-damage|p2b: Torkoal|75/100
|-damage|p2b: Torkoal|64/100
|-crit|p2b: Torkoal
|-damage|p2b: Torkoal|45/100
|-hitcount|p2b: Torkoal|4
|-unboost|p1a: Dragonite|def|1
|-boost|p1a: Dragonite|spe|1
|move|p2b: Torkoal|Weather Ball|p1b: Kingambit
|-supereffective|p1b: Kingambit
|-damage|p1b: Kingambit|0 fnt
|faint|p1b: Kingambit
|
|-weather|SunnyDay|[upkeep]
|-fieldend|move: Psychic Terrain
|upkeep
|
|t:|1756882110
|switch|p1b: Electabuzz|Electabuzz, L50, M, shiny|42/100
|turn|6
|
|t:|1756882132
|switch|p2a: Indeedee|Indeedee-F, L50, F|56/100
|-fieldstart|move: Psychic Terrain|[from] ability: Psychic Surge|[of] p2a: Indeedee
|move|p1b: Electabuzz|Follow Me|p1b: Electabuzz
|-singleturn|p1b: Electabuzz|move: Follow Me
|move|p1a: Dragonite|Scale Shot|p2b: Torkoal
|-damage|p2b: Torkoal|32/100
|-crit|p2b: Torkoal
|-damage|p2b: Torkoal|15/100
|-damage|p2b: Torkoal|4/100
|-damage|p2b: Torkoal|0 fnt
|faint|p2b: Torkoal
|-hitcount|p2: Torkoal|4
|-unboost|p1a: Dragonite|def|1
|-boost|p1a: Dragonite|spe|1
|
|-weather|SunnyDay|[upkeep]
|upkeep
|
|t:|1756882154
|switch|p2b: Heracross|Heracross, L50, M, tera:Rock|42/100 brn
|turn|7
|
|t:|1756882164
|move|p2a: Indeedee|Follow Me|p2a: Indeedee
|-singleturn|p2a: Indeedee|move: Follow Me
|move|p1a: Dragonite|Scale Shot|p2a: Indeedee
|-damage|p2a: Indeedee|42/100
|-damage|p2a: Indeedee|27/100
|-damage|p2a: Indeedee|10/100
|-damage|p2a: Indeedee|0 fnt
|faint|p2a: Indeedee
|-hitcount|p2: Indeedee|4
|-unboost|p1a: Dragonite|def|1
|-boost|p1a: Dragonite|spe|1
|move|p2b: Heracross|Rock Slide|p1a: Dragonite|[spread] p1a,p1b
|-supereffective|p1a: Dragonite
|-damage|p1a: Dragonite|0 fnt
|-damage|p1b: Electabuzz|10/100
|faint|p1a: Dragonite
|move|p1b: Electabuzz|Taunt|p2b: Heracross
|-start|p2b: Heracross|move: Taunt
|
|-weather|SunnyDay|[upkeep]
|-damage|p2b: Heracross|36/100 brn|[from] brn
|upkeep
|
|t:|1756882183
|switch|p2a: Delphox|Delphox, L50, M|7/100
|turn|8
|-message|snakke001 forfeited.
|
|win|HalcyonJon
|raw|snakke001's rating: 1066 → 1045(-21 for losing)
|raw|HalcyonJon's rating: 1052 → 1085(+33 for winning)
|l|☆snakke001
|player|p1|
