|j|☆Mepe Murp
|j|☆GrovyleSSJ
|html|Mepe MurpGrovyleSSJ    
|uhtml|bestof|Game 1 of a best-of-3
|t:|1782345616
|gametype|doubles
|player|p1|Mepe Murp|101|1157
|player|p2|GrovyleSSJ|266|1185
|gen|9
|tier|[Gen 9 Champions] VGC 2026 Reg M-B (Bo3)
|rated|
|rule|Species Clause: Limit one of each Pokémon
|rule|Item Clause: Limit 1 of each item
|clearpoke
|poke|p1|Gengar, L50, F|
|poke|p1|Politoed, L50, F|
|poke|p1|Incineroar, L50, F|
|poke|p1|Archaludon, L50, F|
|poke|p1|Swampert, L50, M|
|poke|p1|Sinistcha, L50|
|poke|p2|Aerodactyl, L50, M|
|poke|p2|Garchomp, L50, M|
|poke|p2|Kingambit, L50, M|
|poke|p2|Charizard, L50, F|
|poke|p2|Sylveon, L50, M|
|poke|p2|Farigiraf, L50, F|
|teampreview|4
|showteam|p1|Gengar||Gengarite|CursedBody|ShadowBall,PerishSong,Disable,Protect|Timid||F|||50|]Politoed||Leftovers|Drizzle|WeatherBall,PerishSong,Encore,Protect|Calm||F|||50|]Incineroar||SitrusBerry|Intimidate|FakeOut,PartingShot,DarkestLariat,Protect|Sassy||F|||50|]Archaludon||Magnet|Sturdy|ElectroShot,DragonPulse,FlashCannon,Protect|Timid||F|||50|]Swampert||Swampertite|Torrent|WaveCrash,HighHorsepower,RockSlide,Protect|Adamant||M|||50|]Sinistcha||ColburBerry|Hospitality|MatchaGotcha,StrengthSap,RagePowder,Protect|Bold|||||50|
|showteam|p2|Aerodactyl||Aerodactylite|Unnerve|IceFang,RockSlide,Tailwind,DualWingbeat|Jolly||M|||50|]Garchomp||LifeOrb|RoughSkin|DragonClaw,StompingTantrum,Earthquake,Protect|Jolly||M|||50|]Kingambit||FocusSash|Defiant|SuckerPunch,KowtowCleave,IronHead,LowKick|Adamant||M|||50|]Charizard||CharizarditeY|Blaze|Protect,WeatherBall,HeatWave,SolarBeam|Modest||F|||50|]Sylveon||FairyFeather|Pixilate|Protect,HyperVoice,HyperBeam,QuickAttack|Modest||M|||50|]Farigiraf||SitrusBerry|ArmorTail|TrickRoom,Thunderbolt,Roar,TwinBeam|Bold||F|||50|
|inactive|Battle timer is ON: inactive players will automatically lose when time's up. (requested by GrovyleSSJ)
|inactive|GrovyleSSJ has 60 seconds left.
|
|t:|1782345658
|teamsize|p1|4
|teamsize|p2|4
|start
|switch|p1a: Gengar|Gengar, L50, F|100/100
|switch|p1b: Swampert|Swampert, L50, M|100/100
|switch|p2a: Kingambit|Kingambit, L50, M|100/100
|switch|p2b: Farigiraf|Farigiraf, L50, F|100/100
|turn|1
|inactive|GrovyleSSJ has 30 seconds left.
|
|t:|1782345690
|detailschange|p1a: Gengar|Gengar-Mega, L50, F
|-mega|p1a: Gengar|Gengar|Gengarite
|move|p1a: Gengar|Protect|p1a: Gengar
|-singleturn|p1a: Gengar|Protect
|move|p1b: Swampert|High Horsepower|p2a: Kingambit
|-supereffective|p2a: Kingambit|1
|-damage|p2a: Kingambit|11/100
|move|p2a: Kingambit|Kowtow Cleave|p1a: Gengar
|-activate|p1a: Gengar|move: Protect
|move|p2b: Farigiraf|Roar|p2a: Kingambit
|drag|p2a: Garchomp|Garchomp, L50, M|100/100
|
|upkeep
|turn|2
|inactive|Mepe Murp has 30 seconds left.
|inactive|GrovyleSSJ has 30 seconds left.
|inactive|GrovyleSSJ has 20 seconds left.
|
|t:|1782345729
|switch|p1a: Incineroar|Incineroar, L50, F|100/100
|-ability|p1a: Incineroar|Intimidate|boost
|-unboost|p2a: Garchomp|atk|1
|-unboost|p2b: Farigiraf|atk|1
|move|p2a: Garchomp|Stomping Tantrum|p1a: Incineroar
|-supereffective|p1a: Incineroar|1
|-damage|p1a: Incineroar|40/100
|-enditem|p1a: Incineroar|Sitrus Berry|[eat]
|-heal|p1a: Incineroar|65/100|[from] item: Sitrus Berry
|-damage|p2a: Garchomp|90/100|[from] item: Life Orb
|move|p1b: Swampert|Wave Crash|p2a: Garchomp
|-damage|p2a: Garchomp|31/100
|-damage|p1b: Swampert|87/100|[from] ability: Rough Skin|[of] p2a: Garchomp
|-damage|p1b: Swampert|66/100|[from] Recoil
|move|p2b: Farigiraf|Twin Beam|p1a: Incineroar
|-immune|p1a: Incineroar
|
|upkeep
|turn|3
|inactive|GrovyleSSJ has 30 seconds left.
|inactive|GrovyleSSJ has 20 seconds left.
|inactive|GrovyleSSJ has 15 seconds left.
|inactive|GrovyleSSJ has 10 seconds left.
|inactive|GrovyleSSJ has 5 seconds left.
|
|t:|1782345782
|switch|p2a: Kingambit|Kingambit, L50, M|11/100
|move|p1b: Swampert|Wave Crash|p2a: Kingambit
|-damage|p2a: Kingambit|0 fnt
|faint|p2a: Kingambit
|-damage|p1b: Swampert|62/100|[from] Recoil
|move|p1a: Incineroar|Darkest Lariat|p2b: Farigiraf
|-supereffective|p2b: Farigiraf|1
|-damage|p2b: Farigiraf|45/100
|-enditem|p2b: Farigiraf|Sitrus Berry|[eat]
|-heal|p2b: Farigiraf|70/100|[from] item: Sitrus Berry
|move|p2b: Farigiraf|Roar|p2: Kingambit|[notarget]
|-fail|p2b: Farigiraf
|
|upkeep
|l|☆Mepe Murp
|inactive|Mepe Murp disconnected and has a minute to reconnect!
|player|p1|
|
|t:|1782345804
|switch|p2a: Charizard|Charizard, L50, F|100/100
|turn|4
|j|☆Mepe Murp
|inactive|Mepe Murp reconnected and has 35 seconds left.
|player|p1|Mepe Murp|101|
|inactive|Mepe Murp has 30 seconds left.
|inactive|GrovyleSSJ has 30 seconds left.
|inactive|GrovyleSSJ has 20 seconds left.
|
|t:|1782345847
|move|p2a: Charizard|Protect|p2a: Charizard
|-singleturn|p2a: Charizard|Protect
|move|p1b: Swampert|Protect|p1b: Swampert
|-singleturn|p1b: Swampert|Protect
|move|p2b: Farigiraf|Thunderbolt|p1a: Incineroar
|-damage|p1a: Incineroar|46/100
|move|p1a: Incineroar|Parting Shot|p2a: Charizard
|-activate|p2a: Charizard|move: Protect
|
|upkeep
|turn|5
|
|t:|1782345869
|detailschange|p2a: Charizard|Charizard-Mega-Y, L50, F
|-mega|p2a: Charizard|Charizard|Charizardite Y
|-weather|SunnyDay|[from] ability: Drought|[of] p2a: Charizard
|move|p2a: Charizard|Solar Beam||[still]
|-prepare|p2a: Charizard|Solar Beam
|-anim|p2a: Charizard|Solar Beam|p1b: Swampert
|-supereffective|p1b: Swampert|2
|-damage|p1b: Swampert|0 fnt
|faint|p1b: Swampert
|move|p1a: Incineroar|Parting Shot|p2a: Charizard
|-unboost|p2a: Charizard|atk|1
|-unboost|p2a: Charizard|spa|1
|
|t:|1782345879
|switch|p1a: Gengar|Gengar-Mega, L50, F|100/100|[from] Parting Shot
|move|p2b: Farigiraf|Roar|p1a: Gengar
|drag|p1a: Incineroar|Incineroar, L50, F|46/100
|-ability|p1a: Incineroar|Intimidate|boost
|-unboost|p2a: Charizard|atk|1
|-unboost|p2b: Farigiraf|atk|1
|
|-weather|SunnyDay|[upkeep]
|upkeep
|
|t:|1782345886
|switch|p1b: Gengar|Gengar-Mega, L50, F|100/100
|turn|6
|
|t:|1782345906
|move|p1b: Gengar|Protect|p1b: Gengar
|-singleturn|p1b: Gengar|Protect
|move|p2a: Charizard|Weather Ball|p1a: Incineroar
|-resisted|p1a: Incineroar|1
|-damage|p1a: Incineroar|26/100
|move|p2b: Farigiraf|Twin Beam|p1b: Gengar
|-activate|p1b: Gengar|move: Protect
|move|p1a: Incineroar|Parting Shot|p2a: Charizard
|-unboost|p2a: Charizard|atk|1
|-unboost|p2a: Charizard|spa|1
|
|t:|1782345918
|switch|p1a: Politoed|Politoed, L50, F|100/100|[from] Parting Shot
|-weather|RainDance|[from] ability: Drizzle|[of] p1a: Politoed
|
|-weather|RainDance|[upkeep]
|upkeep
|turn|7
|
|t:|1782345933
|move|p2a: Charizard|Protect|p2a: Charizard
|-singleturn|p2a: Charizard|Protect
|move|p1b: Gengar|Disable|p2b: Farigiraf
|-start|p2b: Farigiraf|Disable|Twin Beam
|move|p1a: Politoed|Weather Ball|p2a: Charizard
|-activate|p2a: Charizard|move: Protect
|move|p2b: Farigiraf|Roar|p1b: Gengar
|drag|p1b: Incineroar|Incineroar, L50, F|26/100
|-ability|p1b: Incineroar|Intimidate|boost
|-unboost|p2a: Charizard|atk|1
|-unboost|p2b: Farigiraf|atk|1
|
|-weather|RainDance|[upkeep]
|upkeep
|turn|8
|inactive|GrovyleSSJ has 30 seconds left.
|inactive|GrovyleSSJ has 20 seconds left.
|
|t:|1782345971
|switch|p2a: Garchomp|Garchomp, L50, M|31/100
|move|p1b: Incineroar|Protect|p1b: Incineroar
|-singleturn|p1b: Incineroar|Protect
|move|p1a: Politoed|Weather Ball|p2a: Garchomp
|-damage|p2a: Garchomp|0 fnt
|faint|p2a: Garchomp
|move|p2b: Farigiraf|Thunderbolt|p1a: Politoed
|-supereffective|p1a: Politoed|1
|-damage|p1a: Politoed|67/100
|
|-weather|RainDance|[upkeep]
|-heal|p1a: Politoed|73/100|[from] item: Leftovers
|upkeep
|
|t:|1782345981
|switch|p2a: Charizard|Charizard-Mega-Y, L50, F|100/100
|-weather|SunnyDay|[from] ability: Drought|[of] p2a: Charizard
|turn|9
|
|t:|1782346004
|switch|p1a: Gengar|Gengar-Mega, L50, F|100/100
|move|p2a: Charizard|Weather Ball|p1b: Incineroar
|-resisted|p1b: Incineroar|1
|-damage|p1b: Incineroar|0 fnt
|faint|p1b: Incineroar
|move|p2b: Farigiraf|Trick Room|p2b: Farigiraf
|-fieldstart|move: Trick Room|[of] p2b: Farigiraf
|
|-weather|SunnyDay|[upkeep]
|upkeep
|
|t:|1782346010
|switch|p1b: Politoed|Politoed, L50, F|73/100
|-weather|RainDance|[from] ability: Drizzle|[of] p1b: Politoed
|turn|10
|
|t:|1782346023
|move|p2a: Charizard|Protect|p2a: Charizard
|-singleturn|p2a: Charizard|Protect
|move|p2b: Farigiraf|Thunderbolt|p1b: Politoed
|-supereffective|p1b: Politoed|1
|-damage|p1b: Politoed|41/100
|move|p1b: Politoed|Weather Ball|p2a: Charizard
|-activate|p2a: Charizard|move: Protect
|move|p1a: Gengar|Disable||[still]
|-fail|p1a: Gengar
|
|-weather|RainDance|[upkeep]
|-heal|p1b: Politoed|47/100|[from] item: Leftovers
|-end|p2b: Farigiraf|Disable
|upkeep
|turn|11
|inactive|GrovyleSSJ has 30 seconds left.
|
|t:|1782346055
|move|p2b: Farigiraf|Thunderbolt|p1b: Politoed
|-supereffective|p1b: Politoed|1
|-damage|p1b: Politoed|11/100
|move|p1b: Politoed|Weather Ball|p2a: Charizard
|-supereffective|p2a: Charizard|1
|-damage|p2a: Charizard|13/100
|move|p2a: Charizard|Weather Ball|p1a: Gengar
|-damage|p1a: Gengar|31/100
|move|p1a: Gengar|Shadow Ball|p2a: Charizard
|-damage|p2a: Charizard|0 fnt
|faint|p2a: Charizard
|
|-weather|RainDance|[upkeep]
|-heal|p1b: Politoed|17/100|[from] item: Leftovers
|upkeep
|turn|12
|
|t:|1782346070
|move|p2b: Farigiraf|Thunderbolt|p1b: Politoed
|-supereffective|p1b: Politoed|1
|-damage|p1b: Politoed|0 fnt
|faint|p1b: Politoed
|move|p1a: Gengar|Perish Song|p1a: Gengar
|-start|p1a: Gengar|perish3|[silent]
|-start|p2b: Farigiraf|perish3|[silent]
|-fieldactivate|move: Perish Song
|
|-weather|RainDance|[upkeep]
|-start|p2b: Farigiraf|perish3
|-start|p1a: Gengar|perish3
|upkeep
|turn|13
|-message|Mepe Murp forfeited.
|
|win|GrovyleSSJ
|l|☆Mepe Murp
|player|p1|
|j|☆Mepe Murp
|player|p1|Mepe Murp|101|
||GrovyleSSJ is ready for game 2.
|inactive|Mepe Murp has 30 seconds to confirm battle start!
||Mepe Murp is ready for game 2.
|uhtml|next|Next: Game 2 of 3
|l|☆Mepe Murp
|player|p1|
