|j|☆Guagua43
|j|☆A_TerroneVGC
|html|Guagua43A_TerroneVGC    
|uhtml|bestof|Game 2 of a best-of-3
|t:|1754678013
|gametype|doubles
|player|p1|Guagua43|2|1225
|player|p2|A_TerroneVGC|265|1236
|gen|9
|tier|[Gen 9] VGC 2025 Reg H (Bo3)
|rated|
|rule|Species Clause: Limit one of each Pokémon
|rule|Item Clause: Limit 1 of each item
|clearpoke
|poke|p1|Kingambit, L50, F|
|poke|p1|Primarina, L50, F|
|poke|p1|Sneasler, L50, M|
|poke|p1|Magmar, L50, M|
|poke|p1|Rillaboom, L50, M|
|poke|p1|Dragapult, L50, F|
|poke|p2|Basculegion, L50, M|
|poke|p2|Archaludon, L50, M|
|poke|p2|Kingambit, L50, M|
|poke|p2|Rillaboom, L50, M|
|poke|p2|Pelipper, L50, M|
|poke|p2|Electabuzz, L50, M|
|teampreview|4
|showteam|p1|Kingambit||BlackGlasses|Defiant|KowtowCleave,SuckerPunch,SwordsDance,Protect|||F|||50|,,,,,Dark]Primarina||SitrusBerry|LiquidVoice|HyperVoice,Moonblast,Haze,Protect|||F|||50|,,,,,Poison]Sneasler||FocusSash|PoisonTouch|CloseCombat,DireClaw,FakeOut,Protect|||M|||50|,,,,,Ghost]Magmar||Eviolite|VitalSpirit|Overheat,WillOWisp,FollowMe,Protect|||M|||50|,,,,,Ghost]Rillaboom||AssaultVest|GrassySurge|WoodHammer,GrassyGlide,HighHorsepower,FakeOut|||M|||50|,,,,,Fire]Dragapult||ChoiceBand|ClearBody|DragonDarts,PhantomForce,Outrage,Uturn|||F|||50|,,,,,Dragon
|showteam|p2|Basculegion||ChoiceBand|SwiftSwim|WaveCrash,LastRespects,FlipTurn,AquaJet|||M|||50|,,,,,Grass]Archaludon||AssaultVest|Stamina|FlashCannon,DracoMeteor,ElectroShot,BodyPress|||M|||50|,,,,,Fairy]Kingambit||BlackGlasses|Defiant|KowtowCleave,SuckerPunch,SwordsDance,Protect|||M|||50|,,,,,Dark]Rillaboom||LoadedDice|GrassySurge|BulletSeed,GrassyGlide,HighHorsepower,FakeOut|||M|||50|,,,,,Fire]Pelipper||FocusSash|Drizzle|WeatherBall,Hurricane,Tailwind,Protect|||M|||50|,,,,,Ghost]Electabuzz||Eviolite|VitalSpirit|Electroweb,Taunt,FollowMe,Protect|||M|||50|,,,,,Ghost
|j| chicken lunch
|inactive|Battle timer is ON: inactive players will automatically lose when time's up. (requested by Guagua43)
|inactive|A_TerroneVGC has 60 seconds left.
|
|t:|1754678104
|teamsize|p1|4
|teamsize|p2|4
|start
|switch|p1a: Magmar|Magmar, L50, M|100/100
|switch|p1b: Sneasler|Sneasler, L50, M|100/100
|switch|p2a: Rillaboom|Rillaboom, L50, M|100/100
|switch|p2b: Basculegion|Basculegion, L50, M|100/100
|-fieldstart|move: Grassy Terrain|[from] ability: Grassy Surge|[of] p2a: Rillaboom
|turn|1
|inactive|A_TerroneVGC has 30 seconds left.
|
|t:|1754678133
|move|p1a: Magmar|Protect|p1a: Magmar
|-singleturn|p1a: Magmar|Protect
|move|p2a: Rillaboom|Fake Out|p1b: Sneasler
|-damage|p1b: Sneasler|75/100
|cant|p1b: Sneasler|flinch
|move|p2b: Basculegion|Flip Turn|p1a: Magmar
|-activate|p1a: Magmar|move: Protect
|
|-heal|p1b: Sneasler|80/100|[from] Grassy Terrain
|upkeep
|turn|2
|
|t:|1754678152
|switch|p2a: Pelipper|Pelipper, L50, M|100/100
|-weather|RainDance|[from] ability: Drizzle|[of] p2a: Pelipper
|switch|p1a: Dragapult|Dragapult, L50, F|100/100
|move|p2b: Basculegion|Flip Turn|p1b: Sneasler
|-damage|p1b: Sneasler|0 fnt
|faint|p1b: Sneasler
|
|t:|1754678172
|switch|p2b: Archaludon|Archaludon, L50, M|100/100|[from] Flip Turn
|
|-weather|RainDance|[upkeep]
|upkeep
|
|t:|1754678174
|switch|p1b: Kingambit|Kingambit, L50, F|100/100
|turn|3
|inactive|A_TerroneVGC has 30 seconds left.
|inactive|A_TerroneVGC has 20 seconds left.
|inactive|A_TerroneVGC has 15 seconds left.
|
|t:|1754678216
|move|p2a: Pelipper|Protect|p2a: Pelipper
|-singleturn|p2a: Pelipper|Protect
|move|p1a: Dragapult|Outrage|p2a: Pelipper
|-activate|p2a: Pelipper|move: Protect
|move|p2b: Archaludon|Body Press|p1b: Kingambit
|-supereffective|p1b: Kingambit
|-damage|p1b: Kingambit|17/100
|move|p1b: Kingambit|Swords Dance|p1b: Kingambit
|-boost|p1b: Kingambit|atk|2
|
|-weather|RainDance|[upkeep]
|-heal|p1b: Kingambit|23/100|[from] Grassy Terrain
|upkeep
|turn|4
|
|t:|1754678237
|-terastallize|p2b: Archaludon|Fairy
|move|p1b: Kingambit|Protect|p1b: Kingambit
|-singleturn|p1b: Kingambit|Protect
|move|p1a: Dragapult|Outrage|p2a: Pelipper
|-crit|p2a: Pelipper
|-enditem|p2a: Pelipper|Focus Sash
|-damage|p2a: Pelipper|1/100
|move|p2b: Archaludon|Electro Shot||[still]
|-prepare|p2b: Archaludon|Electro Shot
|-boost|p2b: Archaludon|spa|1
|-anim|p2b: Archaludon|Electro Shot|p1b: Kingambit
|-activate|p1b: Kingambit|move: Protect
|move|p2a: Pelipper|Weather Ball|p1b: Kingambit
|-activate|p1b: Kingambit|move: Protect
|
|-weather|RainDance|[upkeep]
|-heal|p1b: Kingambit|29/100|[from] Grassy Terrain
|upkeep
|turn|5
|
|t:|1754678254
|-terastallize|p1b: Kingambit|Dark
|move|p2a: Pelipper|Protect|p2a: Pelipper
|-singleturn|p2a: Pelipper|Protect
|move|p1b: Kingambit|Sucker Punch|p2b: Archaludon
|-resisted|p2b: Archaludon
|-crit|p2b: Archaludon
|-damage|p2b: Archaludon|32/100
|-ability|p2b: Archaludon|Stamina|boost
|-boost|p2b: Archaludon|def|1
|move|p1a: Dragapult|Outrage|p2b: Archaludon|[from] lockedmove
|-immune|p2b: Archaludon
|move|p2b: Archaludon|Electro Shot||[still]
|-prepare|p2b: Archaludon|Electro Shot
|-boost|p2b: Archaludon|spa|1
|-anim|p2b: Archaludon|Electro Shot|p1b: Kingambit
|-crit|p1b: Kingambit
|-damage|p1b: Kingambit|0 fnt
|faint|p1b: Kingambit
|
|-weather|RainDance|[upkeep]
|-heal|p2b: Archaludon|38/100|[from] Grassy Terrain
|-fieldend|move: Grassy Terrain
|upkeep
|
|t:|1754678256
|switch|p1b: Magmar|Magmar, L50, M|100/100
|turn|6
|inactive|A_TerroneVGC has 30 seconds left.
|
|t:|1754678281
|switch|p2a: Rillaboom|Rillaboom, L50, M|100/100
|-fieldstart|move: Grassy Terrain|[from] ability: Grassy Surge|[of] p2a: Rillaboom
|move|p1b: Magmar|Follow Me|p1b: Magmar
|-singleturn|p1b: Magmar|move: Follow Me
|move|p1a: Dragapult|Outrage|p2a: Rillaboom
|-damage|p2a: Rillaboom|10/100
|move|p2b: Archaludon|Electro Shot||[still]
|-prepare|p2b: Archaludon|Electro Shot
|-boost|p2b: Archaludon|spa|1
|-anim|p2b: Archaludon|Electro Shot|p1b: Magmar
|-damage|p1b: Magmar|23/100
|
|-weather|none
|-heal|p2a: Rillaboom|16/100|[from] Grassy Terrain
|-heal|p2b: Archaludon|45/100|[from] Grassy Terrain
|-heal|p1b: Magmar|29/100|[from] Grassy Terrain
|upkeep
|turn|7
|inactive|A_TerroneVGC has 30 seconds left.
|
|t:|1754678307
|move|p1b: Magmar|Protect|p1b: Magmar
|-singleturn|p1b: Magmar|Protect
|move|p2a: Rillaboom|Fake Out|p1b: Magmar
|-activate|p1b: Magmar|move: Protect
|move|p1a: Dragapult|Outrage|p2b: Archaludon|[from] lockedmove
|-immune|p2b: Archaludon
|move|p2b: Archaludon|Body Press|p1b: Magmar
|-activate|p1b: Magmar|move: Protect
|
|-heal|p2a: Rillaboom|22/100|[from] Grassy Terrain
|-heal|p2b: Archaludon|51/100|[from] Grassy Terrain
|-heal|p1b: Magmar|35/100|[from] Grassy Terrain
|upkeep
|turn|8
|
|t:|1754678316
|move|p1a: Dragapult|Outrage|p2a: Rillaboom
|-crit|p2a: Rillaboom
|-damage|p2a: Rillaboom|0 fnt
|faint|p2a: Rillaboom
|move|p2b: Archaludon|Body Press|p1b: Magmar
|-damage|p1b: Magmar|6/100
|move|p1b: Magmar|Overheat|p2b: Archaludon
|-damage|p2b: Archaludon|11/100
|-unboost|p1b: Magmar|spa|2
|-ability|p2b: Archaludon|Stamina|boost
|-boost|p2b: Archaludon|def|1
|
|-heal|p2b: Archaludon|18/100|[from] Grassy Terrain
|-heal|p1b: Magmar|12/100|[from] Grassy Terrain
|upkeep
|
|t:|1754678325
|switch|p2a: Pelipper|Pelipper, L50, M|1/100
|-weather|RainDance|[from] ability: Drizzle|[of] p2a: Pelipper
|turn|9
|
|t:|1754678333
|move|p2a: Pelipper|Protect|p2a: Pelipper
|-singleturn|p2a: Pelipper|Protect
|move|p1a: Dragapult|Outrage|p2b: Archaludon|[from] lockedmove
|-immune|p2b: Archaludon
|-start|p1a: Dragapult|confusion|[fatigue]
|move|p2b: Archaludon|Body Press|p1b: Magmar
|-damage|p1b: Magmar|0 fnt
|faint|p1b: Magmar
|
|-weather|RainDance|[upkeep]
|-heal|p2b: Archaludon|24/100|[from] Grassy Terrain
|upkeep
|turn|10
|-message|Guagua43 forfeited.
|
|win|A_TerroneVGC
|raw|Guagua43's rating: 1225 → 1201(-24 for losing)
|raw|A_TerroneVGC's rating: 1236 → 1260(+24 for winning)
|l|☆Guagua43
|player|p1|
