|j|☆15Hugs
|j|☆Osogressen
|html|15HugsOsogressen    
|uhtml|bestof|Game 3 of a best-of-3
|t:|1786034274
|gametype|doubles
|player|p1|15Hugs|ingo|1113
|player|p2|Osogressen|102|1135
|gen|9
|tier|[Gen 9 Champions] VGC 2026 Reg M-B (Bo3)
|rated|
|rule|Species Clause: Limit one of each Pokémon
|rule|Item Clause: Limit 1 of each item
|clearpoke
|poke|p1|Mawile, L50, M|
|poke|p1|Sneasler, L50, F|
|poke|p1|Raichu, L50, F|
|poke|p1|Hydreigon, L50, F|
|poke|p1|Farigiraf, L50, F, shiny|
|poke|p1|Sinistcha, L50|
|poke|p2|Whimsicott, L50, M, shiny|
|poke|p2|Sneasler, L50, M, shiny|
|poke|p2|Kingambit, L50, F|
|poke|p2|Garchomp, L50, M|
|poke|p2|Floette-Eternal, L50, F|
|poke|p2|Blastoise, L50, F, shiny|
|teampreview|4
|showteam|p1|Mawile||Mawilite|Intimidate|Protect,PlayRough,IronHead,SuckerPunch|Brave||M|||50|]Sneasler||WhiteHerb|Unburden|FakeOut,RockTomb,CloseCombat,DireClaw|Jolly||F|||50|]Raichu||RaichuniteY|LightningRod|Protect,FakeOut,ZapCannon,FocusBlast|Timid||F|||50|]Hydreigon||ChoiceScarf|Levitate|DracoMeteor,Snarl,DarkPulse,EarthPower|Timid||F|||50|]Farigiraf||SitrusBerry|ArmorTail|TrickRoom,HelpingHand,FoulPlay,Psychic|Quiet||F|||50|]Sinistcha||KasibBerry|Hospitality|TrickRoom,Hex,MatchaGotcha,RagePowder|Modest|||||50|
|showteam|p2|Whimsicott||FocusSash|Prankster|Tailwind,Moonblast,Encore,Protect|Timid||M|||50|]Sneasler||WhiteHerb|Unburden|FakeOut,DireClaw,CloseCombat,Protect|Adamant||M|||50|]Kingambit||BlackGlasses|Defiant|SuckerPunch,KowtowCleave,IronHead,Protect|Adamant||F|||50|]Garchomp||LifeOrb|RoughSkin|DragonClaw,StompingTantrum,RockSlide,Protect|Jolly||M|||50|]Floette-Eternal||Floettite|FlowerVeil|DazzlingGleam,LightofRuin,Moonblast,Protect|Modest||F|||50|]Blastoise||Blastoisinite|Torrent|WaterSpout,AuraSphere,DarkPulse,Protect|Modest||F|||50|
|inactive|Battle timer is ON: inactive players will automatically lose when time's up. (requested by 15Hugs)
|inactive|Osogressen has 60 seconds left.
|
|t:|1786034317
|teamsize|p1|4
|teamsize|p2|4
|start
|switch|p1a: Raichu|Raichu, L50, F|100/100
|switch|p1b: Sneasler|Sneasler, L50, F|100/100
|switch|p2a: Whimsicott|Whimsicott, L50, M, shiny|100/100
|switch|p2b: Blastoise|Blastoise, L50, F, shiny|100/100
|turn|1
|
|t:|1786034335
|detailschange|p1a: Raichu|Raichu-Mega-Y, L50, F
|-mega|p1a: Raichu|Raichu|Raichunite Y
|move|p2a: Whimsicott|Protect|p2a: Whimsicott
|-singleturn|p2a: Whimsicott|Protect
|move|p2b: Blastoise|Protect|p2b: Blastoise
|-singleturn|p2b: Blastoise|Protect
|move|p1b: Sneasler|Fake Out|p2a: Whimsicott
|-activate|p2a: Whimsicott|move: Protect
|move|p1a: Raichu|Zap Cannon|p2b: Blastoise
|-activate|p2b: Blastoise|move: Protect
|
|upkeep
|turn|2
|
|t:|1786034356
|switch|p1a: Farigiraf|Farigiraf, L50, F, shiny|100/100
|detailschange|p2b: Blastoise|Blastoise-Mega, L50, F, shiny
|-mega|p2b: Blastoise|Blastoise|Blastoisinite
|move|p2a: Whimsicott|Tailwind|p2a: Whimsicott
|-sidestart|p2: Osogressen|move: Tailwind
|move|p2b: Blastoise|Water Spout|p1a: Farigiraf|[spread] p1a,p1b
|-damage|p1a: Farigiraf|40/100
|-damage|p1b: Sneasler|3/100
|-enditem|p1a: Farigiraf|Sitrus Berry|[eat]
|-heal|p1a: Farigiraf|65/100|[from] item: Sitrus Berry
|move|p1b: Sneasler|Close Combat|p2b: Blastoise
|-damage|p2b: Blastoise|42/100
|-unboost|p1b: Sneasler|def|1
|-unboost|p1b: Sneasler|spd|1
|-enditem|p1b: Sneasler|White Herb
|-clearnegativeboost|p1b: Sneasler|[silent]
|
|upkeep
|turn|3
|inactive|15Hugs has 30 seconds left.
|
|t:|1786034390
|move|p1b: Sneasler|Dire Claw|p2a: Whimsicott
|-supereffective|p2a: Whimsicott|2
|-enditem|p2a: Whimsicott|Focus Sash
|-damage|p2a: Whimsicott|1/100
|move|p2a: Whimsicott|Moonblast|p1b: Sneasler
|-damage|p1b: Sneasler|0 fnt
|faint|p1b: Sneasler
|move|p2b: Blastoise|Dark Pulse|p1a: Farigiraf
|-supereffective|p1a: Farigiraf|1
|-damage|p1a: Farigiraf|0 fnt
|faint|p1a: Farigiraf
|
|upkeep
|
|t:|1786034396
|switch|p1b: Hydreigon|Hydreigon, L50, F|100/100
|switch|p1a: Raichu|Raichu-Mega-Y, L50, F|100/100
|turn|4
|inactive|15Hugs has 30 seconds left.
|inactive|Osogressen has 30 seconds left.
|
|t:|1786034429
|move|p2a: Whimsicott|Protect|p2a: Whimsicott
|-singleturn|p2a: Whimsicott|Protect
|move|p2b: Blastoise|Protect|p2b: Blastoise
|-singleturn|p2b: Blastoise|Protect
|move|p1a: Raichu|Fake Out|p2b: Blastoise
|-activate|p2b: Blastoise|move: Protect
|move|p1b: Hydreigon|Snarl|p2b: Blastoise|[spread] 
|-activate|p2a: Whimsicott|move: Protect
|-activate|p2b: Blastoise|move: Protect
|
|upkeep
|turn|5
|
|t:|1786034449
|move|p2a: Whimsicott|Moonblast|p1b: Hydreigon
|-supereffective|p1b: Hydreigon|2
|-damage|p1b: Hydreigon|0 fnt
|faint|p1b: Hydreigon
|move|p1a: Raichu|Zap Cannon|p2a: Whimsicott
|-resisted|p2a: Whimsicott|1
|-damage|p2a: Whimsicott|0 fnt
|faint|p2a: Whimsicott
|move|p2b: Blastoise|Aura Sphere|p1a: Raichu
|-crit|p1a: Raichu
|-damage|p1a: Raichu|1/100
|
|-sideend|p2: Osogressen|move: Tailwind
|upkeep
|
|t:|1786034454
|switch|p2a: Kingambit|Kingambit, L50, F|100/100
|turn|6
|
|t:|1786034462
|move|p2a: Kingambit|Sucker Punch|p1a: Raichu
|-damage|p1a: Raichu|0 fnt
|faint|p1a: Raichu
|
|win|Osogressen
|raw|15Hugs's rating: 1113 → 1090(-23 for losing)
|raw|Osogressen's rating: 1135 → 1158(+23 for winning)
