|j|☆homerj71
|j|☆Vividedenne
|html|homerj71Vividedenne    
|uhtml|bestof|Game 2 of a best-of-3
|t:|1785348624
|gametype|doubles
|player|p1|homerj71|101|
|player|p2|Vividedenne|#npl2023|
|gen|9
|tier|[Gen 9 Champions] VGC 2026 Reg M-B (Bo3)
|rule|Species Clause: Limit one of each Pokémon
|rule|Item Clause: Limit 1 of each item
|clearpoke
|poke|p1|Tyranitar, L50, M|
|poke|p1|Staraptor, L50, F|
|poke|p1|Gholdengo, L50|
|poke|p1|Excadrill, L50, M|
|poke|p1|Sinistcha, L50|
|poke|p1|Milotic, L50, F|
|poke|p2|Froslass, L50, F|
|poke|p2|Glimmora, L50, F|
|poke|p2|Incineroar, L50, M|
|poke|p2|Kommo-o, L50, F|
|poke|p2|Basculegion, L50, M|
|poke|p2|Kingambit, L50, F|
|teampreview|4
|showteam|p1|Tyranitar||Tyranitarite|SandStream|KnockOff,LowKick,RockSlide,Protect|Jolly||M|||50|]Staraptor||Staraptite|Intimidate|BraveBird,CloseCombat,Tailwind,Protect|Jolly||F|||50|]Gholdengo||LifeOrb|GoodasGold|MakeItRain,NastyPlot,ShadowBall,Protect|Modest|||||50|]Excadrill||FocusSash|SandRush|RockSlide,HighHorsepower,IronHead,Protect|Adamant||M|||50|]Sinistcha||SitrusBerry|Hospitality|MatchaGotcha,RagePowder,ShadowBall,Protect|Bold|||||50|]Milotic||Leftovers|Competitive|Scald,IcyWind,IceBeam,Protect|Calm||F|||50|
|showteam|p2|Froslass||Froslassite|CursedBody|Blizzard,IceBeam,ShadowBall,Protect|Timid||F|||50|]Glimmora||FocusSash|ToxicDebris|PowerGem,SludgeBomb,EarthPower,SpikyShield|Timid||F|||50|]Incineroar||SitrusBerry|Intimidate|FlareBlitz,ThroatChop,PartingShot,FakeOut|Impish||M|||50|]Kommo-o||LifeOrb|Soundproof|ClangingScales,VacuumWave,AuraSphere,Protect|Modest||F|||50|]Basculegion||ChoiceScarf|Adaptability|WaveCrash,FlipTurn,AquaJet,LastRespects|Jolly||M|||50|]Kingambit||ChopleBerry|Defiant|KowtowCleave,SuckerPunch,LowKick,Protect|Jolly||F|||50|
|inactive|Battle timer is ON: inactive players will automatically lose when time's up. (requested by homerj71)
|j| Shepz
|inactive|Vividedenne has 60 seconds left.
|
|t:|1785348664
|teamsize|p1|4
|teamsize|p2|4
|start
|switch|p1a: Gholdengo|Gholdengo, L50|100/100
|switch|p1b: Staraptor|Staraptor, L50, F|100/100
|switch|p2a: Froslass|Froslass, L50, F|100/100
|switch|p2b: Kommo-o|Kommo-o, L50, F|100/100
|-ability|p1b: Staraptor|Intimidate|boost
|-unboost|p2a: Froslass|atk|1
|-unboost|p2b: Kommo-o|atk|1
|turn|1
|inactive|homerj71 has 30 seconds left.
|inactive|Vividedenne has 30 seconds left.
|inactive|Vividedenne has 20 seconds left.
|inactive|Vividedenne has 15 seconds left.
|inactive|Vividedenne has 10 seconds left.
|j| crosseczek
|inactive|Vividedenne has 5 seconds left.
|
|t:|1785348716
|detailschange|p2a: Froslass|Froslass-Mega, L50, F
|-mega|p2a: Froslass|Froslass|Froslassite
|-weather|Snowscape|[from] ability: Snow Warning|[of] p2a: Froslass
|detailschange|p1b: Staraptor|Staraptor-Mega, L50, F
|-mega|p1b: Staraptor|Staraptor|Staraptite
|move|p1a: Gholdengo|Protect|p1a: Gholdengo
|-singleturn|p1a: Gholdengo|Protect
|move|p2a: Froslass|Blizzard|p1a: Gholdengo|[spread] p1b
|-activate|p1a: Gholdengo|move: Protect
|-supereffective|p1b: Staraptor|1
|-damage|p1b: Staraptor|18/100
|move|p1b: Staraptor|Tailwind|p1b: Staraptor
|-sidestart|p1: homerj71|move: Tailwind
|move|p2b: Kommo-o|Clanging Scales|p1b: Staraptor|[spread] p1b
|-activate|p1a: Gholdengo|move: Protect
|-damage|p1b: Staraptor|0 fnt
|faint|p1b: Staraptor
|-unboost|p2b: Kommo-o|def|1
|-damage|p2b: Kommo-o|90/100|[from] item: Life Orb
|
|-weather|Snowscape|[upkeep]
|upkeep
|
|t:|1785348729
|switch|p1b: Tyranitar|Tyranitar, L50, M|100/100
|-weather|Sandstorm|[from] ability: Sand Stream|[of] p1b: Tyranitar
|turn|2
|
|t:|1785348742
|switch|p2a: Incineroar|Incineroar, L50, M|100/100
|-ability|p2a: Incineroar|Intimidate|boost
|-unboost|p1a: Gholdengo|atk|1
|-unboost|p1b: Tyranitar|atk|1
|move|p2b: Kommo-o|Protect|p2b: Kommo-o
|-singleturn|p2b: Kommo-o|Protect
|move|p1a: Gholdengo|Make It Rain|p2a: Incineroar|[spread] p2a
|-activate|p2b: Kommo-o|move: Protect
|-resisted|p2a: Incineroar|1
|-damage|p2a: Incineroar|69/100
|-unboost|p1a: Gholdengo|spa|2
|-damage|p1a: Gholdengo|90/100|[from] item: Life Orb
|move|p1b: Tyranitar|Knock Off|p2b: Kommo-o
|-activate|p2b: Kommo-o|move: Protect
|
|-weather|Sandstorm|[upkeep]
|-damage|p2b: Kommo-o|84/100|[from] Sandstorm
|-damage|p2a: Incineroar|63/100|[from] Sandstorm
|upkeep
|turn|3
|
|t:|1785348765
|switch|p1a: Excadrill|Excadrill, L50, M|100/100
|move|p1b: Tyranitar|Protect|p1b: Tyranitar
|-singleturn|p1b: Tyranitar|Protect
|move|p2b: Kommo-o|Aura Sphere|p1b: Tyranitar
|-activate|p1b: Tyranitar|move: Protect
|move|p2a: Incineroar|Flare Blitz|p1a: Excadrill
|-supereffective|p1a: Excadrill|1
|-crit|p1a: Excadrill
|-enditem|p1a: Excadrill|Focus Sash
|-damage|p1a: Excadrill|1/100
|-damage|p2a: Incineroar|33/100|[from] Recoil
|-enditem|p2a: Incineroar|Sitrus Berry|[eat]
|-heal|p2a: Incineroar|57/100|[from] item: Sitrus Berry
|
|-weather|Sandstorm|[upkeep]
|-damage|p2b: Kommo-o|77/100|[from] Sandstorm
|-damage|p2a: Incineroar|51/100|[from] Sandstorm
|upkeep
|turn|4
|inactive|Vividedenne has 30 seconds left.
|
|t:|1785348796
|switch|p1b: Gholdengo|Gholdengo, L50|90/100
|move|p2b: Kommo-o|Vacuum Wave|p1a: Excadrill
|-supereffective|p1a: Excadrill|1
|-damage|p1a: Excadrill|0 fnt
|faint|p1a: Excadrill
|-damage|p2b: Kommo-o|68/100|[from] item: Life Orb
|move|p2a: Incineroar|Parting Shot|p1b: Gholdengo
|-immune|p1b: Gholdengo|[from] ability: Good as Gold
|
|-weather|Sandstorm|[upkeep]
|-damage|p2b: Kommo-o|61/100|[from] Sandstorm
|-damage|p2a: Incineroar|46/100|[from] Sandstorm
|-sideend|p1: homerj71|move: Tailwind
|upkeep
|
|t:|1785348802
|switch|p1a: Tyranitar|Tyranitar, L50, M|100/100
|turn|5
|
|t:|1785348811
|switch|p2a: Froslass|Froslass-Mega, L50, F|100/100
|-weather|Snowscape|[from] ability: Snow Warning|[of] p2a: Froslass
|move|p2b: Kommo-o|Vacuum Wave|p1a: Tyranitar
|-supereffective|p1a: Tyranitar|2
|-damage|p1a: Tyranitar|15/100
|-damage|p2b: Kommo-o|52/100|[from] item: Life Orb
|move|p1b: Gholdengo|Nasty Plot|p1b: Gholdengo
|-boost|p1b: Gholdengo|spa|2
|move|p1a: Tyranitar|Rock Slide|p2a: Froslass|[spread] p2a,p2b
|-supereffective|p2a: Froslass|1
|-resisted|p2b: Kommo-o|1
|-damage|p2a: Froslass|50/100g
|-damage|p2b: Kommo-o|33/100
|
|-weather|Snowscape|[upkeep]
|upkeep
|turn|6
|
|t:|1785348829
|move|p2b: Kommo-o|Vacuum Wave|p1a: Tyranitar
|-supereffective|p1a: Tyranitar|2
|-damage|p1a: Tyranitar|0 fnt
|faint|p1a: Tyranitar
|-damage|p2b: Kommo-o|23/100|[from] item: Life Orb
|move|p2a: Froslass|Shadow Ball|p1b: Gholdengo
|-supereffective|p1b: Gholdengo|1
|-damage|p1b: Gholdengo|0 fnt
|faint|p1b: Gholdengo
|
|win|Vividedenne
