|j|☆sad earns
|j|☆zweeta
|html|sad earnszweeta    
|uhtml|bestof|Game 3 of a best-of-3
|t:|1757708948
|gametype|doubles
|player|p1|sad earns|marshal|1289
|player|p2|zweeta|pokekid|1327
|gen|9
|tier|[Gen 9] VGC 2025 Reg H (Bo3)
|rated|
|rule|Species Clause: Limit one of each Pokémon
|rule|Item Clause: Limit 1 of each item
|clearpoke
|poke|p1|Corviknight, L50, F|
|poke|p1|Tyranitar, L50, M|
|poke|p1|Gholdengo, L50|
|poke|p1|Amoonguss, L50, M|
|poke|p1|Ursaluna-Bloodmoon, L50, M|
|poke|p1|Hydreigon, L50, F|
|poke|p2|Gholdengo, L50|
|poke|p2|Ursaluna, L50, F|
|poke|p2|Sinistcha, L50|
|poke|p2|Sneasler, L50, M|
|poke|p2|Dragonite, L50, M|
|poke|p2|Incineroar, L50, M|
|teampreview|4
|showteam|p1|Corviknight||Leftovers|MirrorArmor|BraveBird,IronHead,Tailwind,Taunt|||F|||50|,,,,,Dragon]Tyranitar||ChoiceBand|SandStream|KnockOff,RockSlide,LowKick,TeraBlast|||M|||50|,,,,,Flying]Gholdengo||MetalCoat|GoodasGold|MakeItRain,ShadowBall,NastyPlot,Protect||||||50|,,,,,Water]Amoonguss||RockyHelmet|Regenerator|PollenPuff,Spore,RagePowder,Protect|||M|||50|,,,,,Water]Ursaluna-Bloodmoon||AssaultVest|MindsEye|BloodMoon,HyperVoice,EarthPower,VacuumWave|||M|||50|,,,,,Dragon]Hydreigon||SafetyGoggles|Levitate|DracoMeteor,HeatWave,NastyPlot,Protect|||F|||50|,,,,,Fire
|showteam|p2|Gholdengo||LifeOrb|GoodasGold|MakeItRain,ShadowBall,NastyPlot,Protect||||||50|,,,,,Water]Ursaluna||FlameOrb|Guts|Facade,HeadlongRush,Earthquake,Protect|||F|||50|,,,,,Ghost]Sinistcha||SitrusBerry|Hospitality|MatchaGotcha,LifeDew,RagePowder,TrickRoom||||||50|,,,,,Dark]Sneasler||WhiteHerb|Unburden|DireClaw,CloseCombat,Coaching,Protect|||M|||50|,,,,,Ghost]Dragonite||LoadedDice|Multiscale|ScaleShot,Haze,Tailwind,Protect|||M|||50|,,,,,Steel]Incineroar||SafetyGoggles|Intimidate|FlareBlitz,KnockOff,FakeOut,PartingShot|||M|||50|,,,,,Ghost
|inactive|Battle timer is ON: inactive players will automatically lose when time's up. (requested by zweeta)
|inactive|zweeta has 60 seconds left.
|
|t:|1757708990
|teamsize|p1|4
|teamsize|p2|4
|start
|switch|p1a: Amoonguss|Amoonguss, L50, M, shiny|100/100
|switch|p1b: Hydreigon|Hydreigon, L50, F|100/100
|switch|p2a: Gholdengo|Gholdengo, L50|100/100
|switch|p2b: Incineroar|Incineroar, L50, M|100/100
|-ability|p2b: Incineroar|Intimidate|boost
|-unboost|p1a: Amoonguss|atk|1
|-unboost|p1b: Hydreigon|atk|1
|turn|1
|
|t:|1757709011
|move|p2b: Incineroar|Fake Out|p1b: Hydreigon
|-damage|p1b: Hydreigon|86/100
|cant|p1b: Hydreigon|flinch
|move|p2a: Gholdengo|Nasty Plot|p2a: Gholdengo
|-boost|p2a: Gholdengo|spa|2
|move|p1a: Amoonguss|Pollen Puff|p1b: Hydreigon
|-heal|p1b: Hydreigon|100/100
|
|upkeep
|turn|2
|
|t:|1757709031
|move|p2a: Gholdengo|Protect|p2a: Gholdengo
|-singleturn|p2a: Gholdengo|Protect
|move|p1a: Amoonguss|Protect|p1a: Amoonguss
|-singleturn|p1a: Amoonguss|Protect
|move|p1b: Hydreigon|Heat Wave|p2b: Incineroar|[spread] p2b
|-activate|p2a: Gholdengo|move: Protect
|-resisted|p2b: Incineroar
|-damage|p2b: Incineroar|89/100
|move|p2b: Incineroar|Flare Blitz|p1a: Amoonguss
|-activate|p1a: Amoonguss|move: Protect
|
|upkeep
|turn|3
|inactive|sad earns has 30 seconds left.
|
|t:|1757709060
|switch|p1a: Corviknight|Corviknight, L50, F|100/100
|-terastallize|p1b: Hydreigon|Fire
|-terastallize|p2a: Gholdengo|Water
|move|p1b: Hydreigon|Nasty Plot|p1b: Hydreigon
|-boost|p1b: Hydreigon|spa|2
|move|p2a: Gholdengo|Make It Rain|p1a: Corviknight|[spread] p1a,p1b
|-resisted|p1a: Corviknight
|-resisted|p1b: Hydreigon
|-damage|p1a: Corviknight|57/100
|-damage|p1b: Hydreigon|33/100
|-unboost|p2a: Gholdengo|spa|1
|-damage|p2a: Gholdengo|91/100|[from] item: Life Orb
|move|p2b: Incineroar|Parting Shot|p1b: Hydreigon
|-unboost|p1b: Hydreigon|atk|1
|-unboost|p1b: Hydreigon|spa|1
|
|t:|1757709071
|switch|p2b: Dragonite|Dragonite, L50, M|100/100|[from] Parting Shot
|
|-heal|p1a: Corviknight|63/100|[from] item: Leftovers
|upkeep
|turn|4
|
|t:|1757709096
|move|p2b: Dragonite|Protect|p2b: Dragonite
|-singleturn|p2b: Dragonite|Protect
|move|p1b: Hydreigon|Draco Meteor|p2b: Dragonite
|-activate|p2b: Dragonite|move: Protect
|move|p2a: Gholdengo|Make It Rain|p1a: Corviknight|[spread] p1a,p1b
|-resisted|p1a: Corviknight
|-resisted|p1b: Hydreigon
|-damage|p1a: Corviknight|31/100
|-damage|p1b: Hydreigon|0 fnt
|-unboost|p2a: Gholdengo|spa|1
|faint|p1b: Hydreigon
|-damage|p2a: Gholdengo|81/100|[from] item: Life Orb
|move|p1a: Corviknight|Tailwind|p1a: Corviknight
|-sidestart|p1: sad earns|move: Tailwind
|
|-heal|p1a: Corviknight|37/100|[from] item: Leftovers
|upkeep
|
|t:|1757709114
|switch|p1b: Tyranitar|Tyranitar, L50, M|100/100
|-weather|Sandstorm|[from] ability: Sand Stream|[of] p1b: Tyranitar
|turn|5
|
|t:|1757709129
|switch|p2a: Incineroar|Incineroar, L50, M|89/100
|-ability|p2a: Incineroar|Intimidate|boost
|-ability|p1a: Corviknight|Mirror Armor
|-unboost|p2a: Incineroar|atk|1
|-unboost|p1b: Tyranitar|atk|1
|move|p1b: Tyranitar|Knock Off|p2a: Incineroar
|-resisted|p2a: Incineroar
|-damage|p2a: Incineroar|63/100
|-enditem|p2a: Incineroar|Safety Goggles|[from] move: Knock Off|[of] p1b: Tyranitar
|move|p1a: Corviknight|Brave Bird|p2b: Dragonite
|-damage|p2b: Dragonite|80/100
|-damage|p1a: Corviknight|32/100|[from] Recoil
|move|p2b: Dragonite|Tailwind|p2b: Dragonite
|-sidestart|p2: zweeta|move: Tailwind
|
|-weather|Sandstorm|[upkeep]
|-damage|p2b: Dragonite|74/100|[from] Sandstorm
|-damage|p2a: Incineroar|57/100|[from] Sandstorm
|-heal|p1a: Corviknight|38/100|[from] item: Leftovers
|upkeep
|turn|6
|inactive|sad earns has 30 seconds left.
|
|t:|1757709157
|switch|p1b: Amoonguss|Amoonguss, L50, M, shiny|100/100
|move|p2a: Incineroar|Fake Out|p1b: Amoonguss
|-damage|p1b: Amoonguss|93/100
|-damage|p2a: Incineroar|41/100|[from] item: Rocky Helmet|[of] p1b: Amoonguss
|move|p2b: Dragonite|Scale Shot|p1b: Amoonguss
|-damage|p1b: Amoonguss|82/100
|-damage|p1b: Amoonguss|70/100
|-damage|p1b: Amoonguss|59/100
|-damage|p1b: Amoonguss|46/100
|-damage|p1b: Amoonguss|35/100
|-hitcount|p1b: Amoonguss|5
|-unboost|p2b: Dragonite|def|1
|-boost|p2b: Dragonite|spe|1
|move|p1a: Corviknight|Brave Bird|p2b: Dragonite
|-damage|p2b: Dragonite|5/100
|-damage|p1a: Corviknight|18/100|[from] Recoil
|
|-weather|Sandstorm|[upkeep]
|-damage|p2b: Dragonite|0 fnt|[from] Sandstorm
|-damage|p2a: Incineroar|35/100|[from] Sandstorm
|-damage|p1b: Amoonguss|29/100|[from] Sandstorm
|faint|p2b: Dragonite
|-heal|p1a: Corviknight|24/100|[from] item: Leftovers
|upkeep
|
|t:|1757709166
|switch|p2b: Gholdengo|Gholdengo, L50, tera:Water|81/100
|turn|7
|inactive|sad earns has 30 seconds left.
|inactive|sad earns has 20 seconds left.
|
|t:|1757709213
|move|p2b: Gholdengo|Nasty Plot|p2b: Gholdengo
|-boost|p2b: Gholdengo|spa|2
|move|p2a: Incineroar|Flare Blitz|p1b: Amoonguss
|-supereffective|p1b: Amoonguss
|-damage|p1b: Amoonguss|0 fnt
|-damage|p2a: Incineroar|18/100|[from] item: Rocky Helmet|[of] p1b: Amoonguss
|faint|p1b: Amoonguss
|-damage|p2a: Incineroar|9/100|[from] Recoil
|move|p1a: Corviknight|Brave Bird|p2b: Gholdengo
|-damage|p2b: Gholdengo|42/100
|-damage|p1a: Corviknight|12/100|[from] Recoil
|
|-weather|Sandstorm|[upkeep]
|-damage|p2b: Gholdengo|36/100|[from] Sandstorm
|-damage|p2a: Incineroar|3/100|[from] Sandstorm
|-heal|p1a: Corviknight|18/100|[from] item: Leftovers
|-sideend|p1: sad earns|move: Tailwind
|upkeep
|
|t:|1757709231
|switch|p1b: Tyranitar|Tyranitar, L50, M|100/100
|turn|8
|
|t:|1757709236
|move|p2b: Gholdengo|Make It Rain|p1b: Tyranitar|[spread] p1a,p1b
|-resisted|p1a: Corviknight
|-supereffective|p1b: Tyranitar
|-damage|p1a: Corviknight|0 fnt
|-damage|p1b: Tyranitar|0 fnt
|-unboost|p2b: Gholdengo|spa|1
|faint|p1a: Corviknight
|faint|p1b: Tyranitar
|-damage|p2b: Gholdengo|26/100|[from] item: Life Orb
|
|win|zweeta
|raw|sad earns's rating: 1289 → 1267(-22 for losing)
|raw|zweeta's rating: 1327 → 1345(+18 for winning)
|l|☆sad earns
|player|p1|
