|j|☆Dzi_prisoner
|j|☆Wolferus
|html|Dzi_prisonerWolferus    
|uhtml|bestof|Game 1 of a best-of-3
|t:|1783717879
|gametype|doubles
|player|p1|Dzi_prisoner|ghetsis|
|player|p2|Wolferus|grimsley|
|gen|9
|tier|[Gen 9 Champions] VGC 2026 Reg M-B (Bo3)
|rule|Species Clause: Limit one of each Pokémon
|rule|Item Clause: Limit 1 of each item
|clearpoke
|poke|p1|Kangaskhan, L50, F|
|poke|p1|Gardevoir, L50, M, shiny|
|poke|p1|Meowstic, L50, M|
|poke|p1|Tauros-Paldea-Blaze, L50, M|
|poke|p1|Aerodactyl, L50, M|
|poke|p1|Aegislash, L50, F, shiny|
|poke|p2|Garchomp, L50, M|
|poke|p2|Emboar, L50, M, shiny|
|poke|p2|Hydreigon, L50, M|
|poke|p2|Ninetales-Alola, L50, M|
|poke|p2|Rhyperior, L50, M|
|poke|p2|Toxapex, L50, F|
|teampreview|4
|showteam|p1|Kangaskhan||MuscleBand|Scrappy|FakeOut,IcePunch,Protect,DrainPunch|Jolly||F|||50|]Gardevoir||Gardevoirite|Telepathy|CalmMind,VacuumWave,HyperVoice,Protect|Timid||M|||50|]Meowstic||FocusSash|Prankster|LightScreen,Reflect,Yawn,PsychicTerrain|Bold||M|||50|]Tauros-Paldea-Blaze||ExpertBelt|Intimidate|ZenHeadbutt,CloseCombat,RagingBull,RockSlide|Jolly||M|||50|]Aerodactyl||YacheBerry|Unnerve|Tailwind,Taunt,WideGuard,RockSlide|Jolly||M|||50|]Aegislash||ColburBerry|StanceChange|SwordsDance,KingsShield,SacredSword,ShadowSneak|Brave||F|||50|
|showteam|p2|Garchomp||Garchompite|RoughSkin|SwordsDance,Earthquake,DragonClaw,RockSlide|Jolly||M|||50|]Emboar||Emboarite|Reckless|FlareBlitz,DrainPunch,HeavySlam,Protect|Adamant||M|||50|]Hydreigon||LifeOrb|Levitate|DarkPulse,EarthPower,DracoMeteor,Protect|Modest||M|||50|]Ninetales-Alola||LightClay|SnowWarning|AuroraVeil,Encore,Blizzard,FreezeDry|Timid||M|||50|]Rhyperior||SitrusBerry|SolidRock|RockSlide,HighHorsepower,Crunch,Protect|Brave||M|||50|]Toxapex||Leftovers|Regenerator|BanefulBunker,Toxic,Surf,Recover|Bold||F|||50|
|j| Terrycat
|j| raccan
|
|t:|1783718033
|teamsize|p1|4
|teamsize|p2|4
|start
|switch|p1a: Jet fuel|Aerodactyl, L50, M|100/100
|switch|p1b: Incin at home|Tauros-Paldea-Blaze, L50, M|100/100
|switch|p2a: Dominic|Rhyperior, L50, M|100/100
|switch|p2b: Hydranoid|Hydreigon, L50, M|100/100
|-ability|p1a: Jet fuel|Unnerve
|-ability|p1b: Incin at home|Intimidate|boost
|-unboost|p2a: Dominic|atk|1
|-unboost|p2b: Hydranoid|atk|1
|turn|1
|
|t:|1783718079
|move|p2b: Hydranoid|Protect|p2b: Hydranoid
|-singleturn|p2b: Hydranoid|Protect
|move|p1a: Jet fuel|Tailwind|p1a: Jet fuel
|-sidestart|p1: Dzi_prisoner|move: Tailwind
|move|p1b: Incin at home|Close Combat|p2a: Dominic
|-supereffective|p2a: Dominic|1
|-damage|p2a: Dominic|36/100
|-unboost|p1b: Incin at home|def|1
|-unboost|p1b: Incin at home|spd|1
|move|p2a: Dominic|Rock Slide|p1a: Jet fuel|[spread] p1a,p1b
|-supereffective|p1a: Jet fuel|1
|-damage|p1a: Jet fuel|21/100
|-damage|p1b: Incin at home|58/100
|
|upkeep
|turn|2
|
|t:|1783718144
|move|p2a: Dominic|Protect|p2a: Dominic
|-singleturn|p2a: Dominic|Protect
|move|p1a: Jet fuel|Rock Slide|p2a: Dominic|[spread] p2b
|-activate|p2a: Dominic|move: Protect
|-damage|p2b: Hydranoid|71/100
|move|p1b: Incin at home|Rock Slide|p2b: Hydranoid|[spread] p2b
|-activate|p2a: Dominic|move: Protect
|-damage|p2b: Hydranoid|49/100
|cant|p2b: Hydranoid|flinch
|
|upkeep
|turn|3
|
|t:|1783718171
|move|p1a: Jet fuel|Rock Slide|p2b: Hydranoid|[spread] p2a,p2b
|-resisted|p2a: Dominic|1
|-crit|p2b: Hydranoid
|-damage|p2a: Dominic|27/100
|-damage|p2b: Hydranoid|3/100
|move|p1b: Incin at home|Rock Slide|p2b: Hydranoid|[spread] p2a,p2b
|-resisted|p2a: Dominic|1
|-damage|p2a: Dominic|22/100
|-damage|p2b: Hydranoid|0 fnt
|faint|p2b: Hydranoid
|cant|p2a: Dominic|flinch
|
|upkeep
|
|t:|1783718186
|switch|p2b: Reginald|Garchomp, L50, M|100/100
|turn|4
|
|t:|1783718227
|move|p1a: Jet fuel|Taunt|p2b: Reginald
|-start|p2b: Reginald|move: Taunt
|move|p1b: Incin at home|Close Combat|p2a: Dominic
|-supereffective|p2a: Dominic|1
|-damage|p2a: Dominic|0 fnt
|-unboost|p1b: Incin at home|def|1
|-unboost|p1b: Incin at home|spd|1
|faint|p2a: Dominic
|move|p2b: Reginald|Dragon Claw|p1b: Incin at home
|-damage|p1b: Incin at home|0 fnt
|faint|p1b: Incin at home
|
|-sideend|p1: Dzi_prisoner|move: Tailwind
|upkeep
|
|t:|1783718241
|switch|p1b: Big mama|Kangaskhan, L50, F|100/100
|switch|p2a: Hogfire|Emboar, L50, M, shiny|100/100
|turn|5
|j| meknomancer
|
|t:|1783718265
|detailschange|p2a: Hogfire|Emboar-Mega, L50, M, shiny
|-mega|p2a: Hogfire|Emboar|Emboarite
|-ability|p2a: Hogfire|Mold Breaker
|move|p1b: Big mama|Fake Out|p2a: Hogfire
|-damage|p2a: Hogfire|78/100
|move|p1a: Jet fuel|Tailwind|p1a: Jet fuel
|-sidestart|p1: Dzi_prisoner|move: Tailwind
|move|p2b: Reginald|Rock Slide|p1b: Big mama|[spread] p1a,p1b
|-supereffective|p1a: Jet fuel|1
|-damage|p1a: Jet fuel|0 fnt
|-damage|p1b: Big mama|77/100
|faint|p1a: Jet fuel
|cant|p2a: Hogfire|flinch
|
|upkeep
|
|t:|1783718277
|switch|p1a: Big man|Gardevoir, L50, M, shiny|100/100
|turn|6
|
|t:|1783718312
|detailschange|p1a: Big man|Gardevoir-Mega, L50, M, shiny
|-mega|p1a: Big man|Gardevoir|Gardevoirite
|move|p1a: Big man|Protect|p1a: Big man
|-singleturn|p1a: Big man|Protect
|move|p1b: Big mama|Ice Punch|p2b: Reginald
|-supereffective|p2b: Reginald|2
|-damage|p2b: Reginald|1/100
|-damage|p1b: Big mama|65/100|[from] ability: Rough Skin|[of] p2b: Reginald
|move|p2b: Reginald|Rock Slide|p1a: Big man|[spread] p1b
|-activate|p1a: Big man|move: Protect
|-damage|p1b: Big mama|41/100
|move|p2a: Hogfire|Heavy Slam|p1a: Big man
|-activate|p1a: Big man|move: Protect
|
|-end|p2b: Reginald|move: Taunt
|upkeep
|turn|7
|
|t:|1783718341
|move|p1a: Big man|Hyper Voice|p2a: Hogfire|[spread] p2a,p2b
|-supereffective|p2b: Reginald|1
|-damage|p2a: Hogfire|38/100
|-damage|p2b: Reginald|0 fnt
|faint|p2b: Reginald
|move|p1b: Big mama|Drain Punch|p2a: Hogfire
|-damage|p2a: Hogfire|15/100
|-heal|p1b: Big mama|55/100|[from] drain|[of] p2a: Hogfire
|move|p2a: Hogfire|Heavy Slam|p1a: Big man
|-supereffective|p1a: Big man|1
|-damage|p1a: Big man|0 fnt
|faint|p1a: Big man
|
|upkeep
|turn|8
|
|t:|1783718369
|move|p1b: Big mama|Drain Punch|p2a: Hogfire
|-damage|p2a: Hogfire|0 fnt
|-heal|p1b: Big mama|64/100|[from] drain|[of] p2a: Hogfire
|faint|p2a: Hogfire
|
|win|Dzi_prisoner
