|j|☆TobiYume
|j|☆Pauliii23
|html|TobiYumePauliii23    
|uhtml|bestof|Game 2 of a best-of-3
|t:|1756903733
|gametype|doubles
|player|p1|TobiYume|miku-fire|1145
|player|p2|Pauliii23|smasher|1184
|gen|9
|tier|[Gen 9] VGC 2025 Reg H (Bo3)
|rated|
|rule|Species Clause: Limit one of each Pokémon
|rule|Item Clause: Limit 1 of each item
|clearpoke
|poke|p1|Decidueye-Hisui, L50, F|
|poke|p1|Sylveon, L50, F|
|poke|p1|Talonflame, L50, F|
|poke|p1|Tyranitar, L50, M|
|poke|p1|Garchomp, L50, M|
|poke|p1|Gholdengo, L50|
|poke|p2|Archaludon, L50, M|
|poke|p2|Pelipper, L50, M|
|poke|p2|Basculegion, L50, M|
|poke|p2|Dragapult, L50, M|
|poke|p2|Sinistcha, L50|
|poke|p2|Ursaluna-Bloodmoon, L50, M|
|teampreview|4
|showteam|p1|Decidueye-Hisui||RazorClaw|Scrappy|TripleArrows,LeafBlade,SuckerPunch,Protect|||F|||50|,,,,,Fire]Sylveon||ThroatSpray|Pixilate|HyperVoice,HyperBeam,TeraBlast,Protect|||F|||50|,,,,,Water]Talonflame||CovertCloak|GaleWings|Tailwind,WillOWisp,BraveBird,Taunt|||F|||50|,,,,,Grass]Tyranitar||AssaultVest|SandStream|RockSlide,KnockOff,TeraBlast,LowKick|||M|||50|,,,,,Flying]Garchomp||LifeOrb|RoughSkin|DragonClaw,StompingTantrum,Earthquake,Protect|||M|||50|,,,,,Steel]Gholdengo||Leftovers|GoodasGold|MakeItRain,ShadowBall,NastyPlot,Protect||||||50|,,,,,Dragon
|showteam|p2|Archaludon||AssaultVest|Stamina|ElectroShot,FlashCannon,BodyPress,DracoMeteor|||M|||50|,,,,,Grass]Pelipper||FocusSash|Drizzle|Hurricane,WeatherBall,WideGuard,Tailwind|||M|||50|,,,,,Ghost]Basculegion||MysticWater|SwiftSwim|LastRespects,Protect,WaveCrash,AquaJet|||M|||50|,,,,,Water]Dragapult||ChoiceBand|ClearBody|DragonDarts,Outrage,PhantomForce,Uturn|||M|||50|,,,,,Dragon]Sinistcha||SitrusBerry|Hospitality|TrickRoom,MatchaGotcha,LifeDew,RagePowder||||||50|,,,,,Steel]Ursaluna-Bloodmoon||LifeOrb|MindsEye|HyperVoice,BloodMoon,EarthPower,Protect|||M|||50|,,,,,Grass
|
|t:|1756903748
|teamsize|p1|4
|teamsize|p2|4
|start
|switch|p1a: Talonflame|Talonflame, L50, F|100/100
|switch|p1b: Sylveon|Sylveon, L50, F, shiny|100/100
|switch|p2a: PelipperLP|Pelipper, L50, M|100/100
|switch|p2b: Privatsache|Archaludon, L50, M|100/100
|-weather|RainDance|[from] ability: Drizzle|[of] p2a: PelipperLP
|turn|1
|
|t:|1756903786
|move|p1a: Talonflame|Taunt|p2a: PelipperLP
|-start|p2a: PelipperLP|move: Taunt
|cant|p2a: PelipperLP|move: Taunt|Tailwind
|move|p2b: Privatsache|Flash Cannon|p1b: Sylveon
|-supereffective|p1b: Sylveon
|-damage|p1b: Sylveon|38/100
|move|p1b: Sylveon|Hyper Voice|p2b: Privatsache|[spread] p2a,p2b
|-damage|p2a: PelipperLP|34/100
|-damage|p2b: Privatsache|69/100
|-ability|p2b: Privatsache|Stamina|boost
|-boost|p2b: Privatsache|def|1
|-enditem|p1b: Sylveon|Throat Spray
|-boost|p1b: Sylveon|spa|1|[from] item: Throat Spray
|
|-weather|RainDance|[upkeep]
|upkeep
|turn|2
|
|t:|1756903803
|move|p1a: Talonflame|Tailwind|p1a: Talonflame
|-sidestart|p1: TobiYume|move: Tailwind
|move|p1b: Sylveon|Hyper Beam|p2b: Privatsache
|-damage|p2b: Privatsache|0 fnt
|-mustrecharge|p1b: Sylveon
|faint|p2b: Privatsache
|move|p2a: PelipperLP|Weather Ball|p1a: Talonflame
|-supereffective|p1a: Talonflame
|-damage|p1a: Talonflame|0 fnt
|faint|p1a: Talonflame
|
|-weather|RainDance|[upkeep]
|upkeep
|
|t:|1756903812
|switch|p1a: Tyranitar|Tyranitar, L50, M|100/100
|switch|p2b: Muddy|Basculegion, L50, M|100/100
|-weather|Sandstorm|[from] ability: Sand Stream|[of] p1a: Tyranitar
|turn|3
|
|t:|1756903836
|switch|p2a: Mittelalter|Dragapult, L50, M|100/100
|-terastallize|p1a: Tyranitar|Flying
|-terastallize|p2b: Muddy|Water
|move|p1a: Tyranitar|Knock Off|p2b: Muddy
|-damage|p2b: Muddy|35/100
|-enditem|p2b: Muddy|Mystic Water|[from] move: Knock Off|[of] p1a: Tyranitar
|cant|p1b: Sylveon|recharge
|move|p2b: Muddy|Last Respects|p1b: Sylveon
|-damage|p1b: Sylveon|0 fnt
|faint|p1b: Sylveon
|
|-weather|Sandstorm|[upkeep]
|-damage|p2a: Mittelalter|94/100|[from] Sandstorm
|-damage|p1a: Tyranitar|94/100|[from] Sandstorm
|-damage|p2b: Muddy|30/100|[from] Sandstorm
|upkeep
|
|t:|1756903848
|switch|p1b: Gholdengo|Gholdengo, L50|100/100
|turn|4
|
|t:|1756903873
|switch|p2a: PelipperLP|Pelipper, L50, M|34/100
|-weather|RainDance|[from] ability: Drizzle|[of] p2a: PelipperLP
|move|p1b: Gholdengo|Protect|p1b: Gholdengo
|-singleturn|p1b: Gholdengo|Protect
|move|p2b: Muddy|Wave Crash|p1a: Tyranitar
|-damage|p1a: Tyranitar|0 fnt
|faint|p1a: Tyranitar
|-damage|p2b: Muddy|0 fnt|[from] Recoil
|faint|p2b: Muddy
|
|-weather|RainDance|[upkeep]
|upkeep
|
|t:|1756903881
|switch|p2b: Mittelalter|Dragapult, L50, M|94/100
|turn|5
|
|t:|1756903898
|move|p1b: Gholdengo|Shadow Ball|p2b: Mittelalter
|-supereffective|p2b: Mittelalter
|-damage|p2b: Mittelalter|0 fnt
|faint|p2b: Mittelalter
|move|p2a: PelipperLP|Tailwind|p2a: PelipperLP
|-sidestart|p2: Pauliii23|move: Tailwind
|
|-weather|RainDance|[upkeep]
|-sideend|p1: TobiYume|move: Tailwind
|upkeep
|turn|6
|
|t:|1756903902
|move|p2a: PelipperLP|Hurricane|p1b: Gholdengo
|-resisted|p1b: Gholdengo
|-damage|p1b: Gholdengo|76/100
|move|p1b: Gholdengo|Shadow Ball|p2a: PelipperLP
|-damage|p2a: PelipperLP|0 fnt
|faint|p2a: PelipperLP
|
|win|TobiYume
||TobiYume is ready for game 3.
||Pauliii23 is ready for game 3.
|uhtml|next|Next: Game 3 of 3
