|j|☆Imaginary Iris
|j|☆Skols
|html|Imaginary IrisSkols    
|uhtml|bestof|Game 1 of a best-of-3
|t:|1757634287
|gametype|doubles
|player|p1|Imaginary Iris|lady|1086
|player|p2|Skols|1|1179
|gen|9
|tier|[Gen 9] VGC 2025 Reg H (Bo3)
|rated|
|rule|Species Clause: Limit one of each Pokémon
|rule|Item Clause: Limit 1 of each item
|clearpoke
|poke|p1|Dachsbun, L50, F|
|poke|p1|Typhlosion-Hisui, L50, F|
|poke|p1|Kingambit, L50, M|
|poke|p1|Jumpluff, L50, F|
|poke|p1|Rillaboom, L50, F|
|poke|p1|Torkoal, L50, F|
|poke|p2|Tyranitar, L50, F|
|poke|p2|Garchomp, L50, M|
|poke|p2|Talonflame, L50, F|
|poke|p2|Gholdengo, L50|
|poke|p2|Porygon2, L50|
|poke|p2|Scrafty, L50, F|
|teampreview|4
|showteam|p1|Dachsbun||Leftovers|WellBakedBody|Protect,BodyPress,HelpingHand,Snarl|||F|||50|,,,,,Steel]Typhlosion-Hisui||ChoiceSpecs|Blaze|Eruption,LavaPlume,Overheat,ShadowBall|||F|||50|,,,,,Fire]Kingambit||SafetyGoggles|Defiant|Protect,KowtowCleave,SuckerPunch,SwordsDance|||M|||50|,,,,,Dark]Jumpluff||CovertCloak|Chlorophyll|LeafStorm,Encore,SleepPowder,Tailwind|||F|||50|,,,,,Water]Rillaboom||AssaultVest|GrassySurge|WoodHammer,FakeOut,GrassyGlide,HighHorsepower|||F|||50|,,,,,Fire]Torkoal||SitrusBerry|Drought|Protect,ClearSmog,HeatWave,LavaPlume|||F|||50|,,,,,Fairy
|showteam|p2|Tyranitar||AssaultVest|SandStream|RockSlide,LowKick,KnockOff,TeraBlast|||F|||50|,,,,,Flying]Garchomp||LifeOrb|SandVeil|StompingTantrum,DragonClaw,Earthquake,Protect|||M|||50|,,,,,Fire]Talonflame||SafetyGoggles|GaleWings|BraveBird,FlareBlitz,Taunt,Tailwind|||F|||50|,,,,,Ghost]Gholdengo||Leftovers|GoodasGold|MakeItRain,ShadowBall,NastyPlot,Protect||||||50|,,,,,Water]Porygon2||Eviolite|Download|TrickRoom,Recover,IceBeam,TeraBlast||||||50|,,,,,Fighting]Scrafty||CovertCloak|Intimidate|FakeOut,Crunch,CloseCombat,Coaching|||F|||50|,,,,,Fairy
|inactive|Battle timer is ON: inactive players will automatically lose when time's up. (requested by Skols)
|inactive|Imaginary Iris has 60 seconds left.
|inactive|Skols has 60 seconds left.
|inactive|Imaginary Iris has 30 seconds left.
|inactive|Imaginary Iris has 20 seconds left.
|inactive|Imaginary Iris has 15 seconds left.
|
|t:|1757634371
|teamsize|p1|4
|teamsize|p2|4
|start
|switch|p1a: Kingambit|Kingambit, L50, M, shiny|100/100
|switch|p1b: Jumpluff|Jumpluff, L50, F, shiny|100/100
|switch|p2a: Talonflame|Talonflame, L50, F|100/100
|switch|p2b: Garchomp|Garchomp, L50, M|100/100
|turn|1
|inactive|Imaginary Iris has 30 seconds left.
|inactive|Imaginary Iris has 20 seconds left.
|inactive|Imaginary Iris has 15 seconds left.
|inactive|Imaginary Iris has 10 seconds left.
|inactive|Imaginary Iris has 5 seconds left.
|
|t:|1757634424
|switch|p1b: Dachsbun|Dachsbun, L50, F, shiny|100/100
|-terastallize|p1a: Kingambit|Dark
|move|p2b: Garchomp|Protect|p2b: Garchomp
|-singleturn|p2b: Garchomp|Protect
|move|p2a: Talonflame|Taunt|p1b: Dachsbun
|-start|p1b: Dachsbun|move: Taunt
|move|p1a: Kingambit|Swords Dance|p1a: Kingambit
|-boost|p1a: Kingambit|atk|2
|
|upkeep
|turn|2
|inactive|Imaginary Iris has 30 seconds left.
|inactive|Skols has 30 seconds left.
|inactive|Imaginary Iris has 20 seconds left.
|
|t:|1757634461
|move|p2a: Talonflame|Flare Blitz|p1a: Kingambit
|-damage|p1a: Kingambit|65/100
|-damage|p2a: Talonflame|85/100|[from] Recoil
|move|p1b: Dachsbun|Body Press|p2b: Garchomp
|-damage|p2b: Garchomp|78/100
|move|p2b: Garchomp|Earthquake|p1a: Kingambit|[spread] p1a,p1b
|-immune|p2a: Talonflame
|-damage|p1a: Kingambit|21/100
|-damage|p1b: Dachsbun|53/100
|-damage|p2b: Garchomp|68/100|[from] item: Life Orb
|move|p1a: Kingambit|Swords Dance|p1a: Kingambit
|-boost|p1a: Kingambit|atk|2
|
|-heal|p1b: Dachsbun|59/100|[from] item: Leftovers
|upkeep
|turn|3
|
|t:|1757634484
|move|p2b: Garchomp|Protect|p2b: Garchomp
|-singleturn|p2b: Garchomp|Protect
|move|p1a: Kingambit|Sucker Punch|p2a: Talonflame
|-damage|p2a: Talonflame|0 fnt
|faint|p2a: Talonflame
|move|p1b: Dachsbun|Body Press|p2b: Garchomp
|-activate|p2b: Garchomp|move: Protect
|
|-heal|p1b: Dachsbun|65/100|[from] item: Leftovers
|-end|p1b: Dachsbun|move: Taunt
|upkeep
|
|t:|1757634500
|switch|p2a: Tyranitar|Tyranitar, L50, F|100/100
|-weather|Sandstorm|[from] ability: Sand Stream|[of] p2a: Tyranitar
|turn|4
|inactive|Imaginary Iris has 30 seconds left.
|
|t:|1757634532
|switch|p2a: Porygon2|Porygon2, L50|100/100
|-ability|p2a: Porygon2|Download|boost
|-boost|p2a: Porygon2|spa|1
|move|p1a: Kingambit|Sucker Punch||[still]
|-fail|p1a: Kingambit
|move|p1b: Dachsbun|Body Press|p2a: Porygon2
|-supereffective|p2a: Porygon2
|-damage|p2a: Porygon2|69/100
|move|p2b: Garchomp|Stomping Tantrum|p1a: Kingambit
|-damage|p1a: Kingambit|0 fnt
|faint|p1a: Kingambit
|-damage|p2b: Garchomp|58/100|[from] item: Life Orb
|
|-weather|Sandstorm|[upkeep]
|-damage|p1b: Dachsbun|59/100|[from] Sandstorm
|-damage|p2a: Porygon2|63/100|[from] Sandstorm
|-heal|p1b: Dachsbun|65/100|[from] item: Leftovers
|upkeep
|
|t:|1757634541
|switch|p1a: Jumpluff|Jumpluff, L50, F, shiny|100/100
|turn|5
|
|t:|1757634559
|move|p1a: Jumpluff|Sleep Powder|p2a: Porygon2
|-status|p2a: Porygon2|slp|[from] move: Sleep Powder
|move|p1b: Dachsbun|Body Press|p2b: Garchomp
|-damage|p2b: Garchomp|35/100
|move|p2b: Garchomp|Dragon Claw|p1a: Jumpluff
|-damage|p1a: Jumpluff|31/100
|-damage|p2b: Garchomp|25/100|[from] item: Life Orb
|cant|p2a: Porygon2|slp
|
|-weather|Sandstorm|[upkeep]
|-damage|p1a: Jumpluff|25/100|[from] Sandstorm
|-damage|p1b: Dachsbun|59/100|[from] Sandstorm
|-damage|p2a: Porygon2|57/100 slp|[from] Sandstorm
|-heal|p1b: Dachsbun|65/100|[from] item: Leftovers
|upkeep
|turn|6
|inactive|Imaginary Iris has 30 seconds left.
|
|t:|1757634586
|move|p1a: Jumpluff|Leaf Storm|p2b: Garchomp
|-damage|p2b: Garchomp|0 fnt
|-unboost|p1a: Jumpluff|spa|2
|faint|p2b: Garchomp
|move|p1b: Dachsbun|Body Press|p2a: Porygon2
|-supereffective|p2a: Porygon2
|-damage|p2a: Porygon2|25/100 slp
|-curestatus|p2a: Porygon2|slp|[msg]
|move|p2a: Porygon2|Recover|p2a: Porygon2
|-heal|p2a: Porygon2|75/100
|
|-weather|Sandstorm|[upkeep]
|-damage|p1a: Jumpluff|19/100|[from] Sandstorm
|-damage|p1b: Dachsbun|59/100|[from] Sandstorm
|-damage|p2a: Porygon2|69/100|[from] Sandstorm
|-heal|p1b: Dachsbun|65/100|[from] item: Leftovers
|upkeep
|
|t:|1757634598
|switch|p2b: Tyranitar|Tyranitar, L50, F|100/100
|turn|7
|inactive|Imaginary Iris has 30 seconds left.
|
|t:|1757634628
|-terastallize|p2b: Tyranitar|Flying
|move|p1a: Jumpluff|Sleep Powder|p2b: Tyranitar|[miss]
|-miss|p1a: Jumpluff|p2b: Tyranitar
|move|p1b: Dachsbun|Body Press|p2a: Porygon2
|-supereffective|p2a: Porygon2
|-damage|p2a: Porygon2|39/100
|move|p2b: Tyranitar|Rock Slide|p1a: Jumpluff|[spread] p1a,p1b
|-supereffective|p1a: Jumpluff
|-damage|p1a: Jumpluff|0 fnt
|-damage|p1b: Dachsbun|40/100
|faint|p1a: Jumpluff
|move|p2a: Porygon2|Tera Blast|p1b: Dachsbun
|-crit|p1b: Dachsbun
|-damage|p1b: Dachsbun|0 fnt
|faint|p1b: Dachsbun
|
|-weather|Sandstorm|[upkeep]
|-damage|p2b: Tyranitar|95/100|[from] Sandstorm
|-damage|p2a: Porygon2|33/100|[from] Sandstorm
|upkeep
|-message|Imaginary Iris forfeited.
|
|win|Skols
||Imaginary Iris is ready for game 2.
