|j|☆testandoteste
|j|☆IsRainingPerish
|html|testandotesteIsRainingPerish    
|uhtml|bestof|Game 3 of a best-of-3
|t:|1785957730
|gametype|doubles
|player|p1|testandoteste|265|1075
|player|p2|IsRainingPerish|li|1089
|gen|9
|tier|[Gen 9 Champions] VGC 2026 Reg M-B (Bo3)
|rated|
|rule|Species Clause: Limit one of each Pokémon
|rule|Item Clause: Limit 1 of each item
|clearpoke
|poke|p1|Staraptor, L50, F|
|poke|p1|Whimsicott, L50, F|
|poke|p1|Farigiraf, L50, F|
|poke|p1|Incineroar, L50, F|
|poke|p1|Rhyperior, L50, M|
|poke|p1|Charizard, L50, F|
|poke|p2|Raichu, L50, M, shiny|
|poke|p2|Decidueye-Hisui, L50, M|
|poke|p2|Aerodactyl, L50, M, shiny|
|poke|p2|Kingambit, L50, M, shiny|
|poke|p2|Basculegion, L50, M, shiny|
|poke|p2|Sneasler, L50, M|
|teampreview|4
|showteam|p1|Staraptor||Staraptite|Intimidate|CloseCombat,BraveBird,Roost,Protect|Adamant||F|||50|]Whimsicott||FocusSash|Prankster|Moonblast,Charm,Tailwind,Protect|Timid||F|||50|]Farigiraf||SitrusBerry|ArmorTail|TrickRoom,Psychic,HelpingHand,Protect|Bold||F|||50|]Incineroar||ChopleBerry|Intimidate|FakeOut,FlareBlitz,PartingShot,ThroatChop|Adamant||F|||50|]Rhyperior||LifeOrb|LightningRod|RockWrecker,HighHorsepower,Protect,IcePunch|Brave||M|||50|]Charizard||CharizarditeY|Blaze|HeatWave,SolarBeam,WeatherBall,Protect|Modest||F|||50|
|showteam|p2|Raichu||RaichuniteY|LightningRod|ZapCannon,FocusBlast,FakeOut,Protect|Timid||M|||50|]Decidueye-Hisui||ScopeLens|Scrappy|TripleArrows,LeafBlade,Protect,Taunt|Adamant||M|||50|]Aerodactyl||FocusSash|Unnerve|RockSlide,DualWingbeat,Tailwind,Protect|Jolly||M|||50|]Kingambit||BlackGlasses|Defiant|KowtowCleave,SuckerPunch,SwordsDance,Protect|Adamant||M|||50|]Basculegion||LifeOrb|Adaptability|WaveCrash,AquaJet,LastRespects,Protect|Adamant||M|||50|]Sneasler||WhiteHerb|Unburden|DireClaw,CloseCombat,FakeOut,Protect|Jolly||M|||50|
|inactive|Battle timer is ON: inactive players will automatically lose when time's up. (requested by IsRainingPerish)
|inactive|IsRainingPerish has 60 seconds left.
|
|t:|1785957766
|teamsize|p1|4
|teamsize|p2|4
|start
|switch|p1a: Whimsicott|Whimsicott, L50, F|100/100
|switch|p1b: Staraptor|Staraptor, L50, F|100/100
|switch|p2a: Basculegion|Basculegion, L50, M, shiny|100/100
|switch|p2b: Aerodactyl|Aerodactyl, L50, M, shiny|100/100
|-ability|p2b: Aerodactyl|Unnerve
|-ability|p1b: Staraptor|Intimidate|boost
|-unboost|p2a: Basculegion|atk|1
|-unboost|p2b: Aerodactyl|atk|1
|turn|1
|inactive|testandoteste has 30 seconds left.
|inactive|testandoteste has 20 seconds left.
|
|t:|1785957801
|detailschange|p1b: Staraptor|Staraptor-Mega, L50, F
|-mega|p1b: Staraptor|Staraptor|Staraptite
|move|p1b: Staraptor|Protect|p1b: Staraptor
|-singleturn|p1b: Staraptor|Protect
|move|p1a: Whimsicott|Tailwind|p1a: Whimsicott
|-sidestart|p1: testandoteste|move: Tailwind
|move|p2b: Aerodactyl|Tailwind|p2b: Aerodactyl
|-sidestart|p2: IsRainingPerish|move: Tailwind
|move|p2a: Basculegion|Wave Crash|p1b: Staraptor
|-activate|p1b: Staraptor|move: Protect
|
|upkeep
|turn|2
|inactive|testandoteste has 30 seconds left.
|inactive|testandoteste has 20 seconds left.
|
|t:|1785957839
|switch|p2a: Raichu|Raichu, L50, M, shiny|100/100
|move|p2b: Aerodactyl|Protect|p2b: Aerodactyl
|-singleturn|p2b: Aerodactyl|Protect
|move|p1a: Whimsicott|Charm|p2a: Raichu
|-unboost|p2a: Raichu|atk|2
|move|p1b: Staraptor|Close Combat|p2b: Aerodactyl
|-activate|p2b: Aerodactyl|move: Protect
|
|upkeep
|turn|3
|inactive|IsRainingPerish has 30 seconds left.
|inactive|IsRainingPerish has 20 seconds left.
|inactive|IsRainingPerish has 15 seconds left.
|
|t:|1785957880
|switch|p1a: Rhyperior|Rhyperior, L50, M|100/100
|detailschange|p2a: Raichu|Raichu-Mega-Y, L50, M, shiny
|-mega|p2a: Raichu|Raichu|Raichunite Y
|move|p2b: Aerodactyl|Rock Slide|p1a: Rhyperior|[spread] p1a,p1b
|-resisted|p1a: Rhyperior|1
|-damage|p1a: Rhyperior|93/100
|-damage|p1b: Staraptor|84/100
|move|p2a: Raichu|Focus Blast|p1a: Rhyperior
|-supereffective|p1a: Rhyperior|1
|-crit|p1a: Rhyperior
|-damage|p1a: Rhyperior|0 fnt
|faint|p1a: Rhyperior
|move|p1b: Staraptor|Close Combat|p2a: Raichu
|-damage|p2a: Raichu|0 fnt
|-boost|p1b: Staraptor|def|1
|-boost|p1b: Staraptor|spd|1
|faint|p2a: Raichu
|
|upkeep
|
|t:|1785957901
|switch|p2a: Basculegion|Basculegion, L50, M, shiny|100/100
|switch|p1a: Whimsicott|Whimsicott, L50, F|100/100
|turn|4
|inactive|testandoteste has 30 seconds left.
|inactive|IsRainingPerish has 30 seconds left.
|inactive|IsRainingPerish has 20 seconds left.
|inactive|IsRainingPerish has 15 seconds left.
|inactive|IsRainingPerish has 10 seconds left.
|
|t:|1785957949
|move|p2a: Basculegion|Protect|p2a: Basculegion
|-singleturn|p2a: Basculegion|Protect
|move|p1a: Whimsicott|Charm|p1b: Staraptor
|-boost|p1b: Staraptor|atk|2
|move|p2b: Aerodactyl|Dual Wingbeat|p1a: Whimsicott
|-supereffective|p1a: Whimsicott|1
|-damage|p1a: Whimsicott|60/100
|-supereffective|p1a: Whimsicott|1
|-damage|p1a: Whimsicott|20/100r
|-hitcount|p1a: Whimsicott|2
|move|p1b: Staraptor|Close Combat|p2b: Aerodactyl
|-enditem|p2b: Aerodactyl|Focus Sash
|-damage|p2b: Aerodactyl|1/100
|-boost|p1b: Staraptor|def|1
|-boost|p1b: Staraptor|spd|1
|
|-sideend|p1: testandoteste|move: Tailwind
|-sideend|p2: IsRainingPerish|move: Tailwind
|upkeep
|turn|5
|
|t:|1785957970
|move|p2b: Aerodactyl|Protect|p2b: Aerodactyl
|-singleturn|p2b: Aerodactyl|Protect
|move|p1a: Whimsicott|Tailwind|p1a: Whimsicott
|-sidestart|p1: testandoteste|move: Tailwind
|move|p2a: Basculegion|Aqua Jet|p1a: Whimsicott
|-resisted|p1a: Whimsicott|1
|-damage|p1a: Whimsicott|0 fnt
|faint|p1a: Whimsicott
|-damage|p2a: Basculegion|90/100|[from] item: Life Orb
|move|p1b: Staraptor|Close Combat|p2b: Aerodactyl
|-activate|p2b: Aerodactyl|move: Protect
|
|upkeep
|
|t:|1785957984
|switch|p1a: Farigiraf|Farigiraf, L50, F|100/100
|turn|6
|
|t:|1785958006
|switch|p2b: Decidueye|Decidueye-Hisui, L50, M|100/100
|move|p1b: Staraptor|Close Combat|p2b: Decidueye
|-damage|p2b: Decidueye|0 fnt
|-boost|p1b: Staraptor|def|1
|-boost|p1b: Staraptor|spd|1
|faint|p2b: Decidueye
|move|p1a: Farigiraf|Psychic|p2a: Basculegion
|-damage|p2a: Basculegion|52/100
|move|p2a: Basculegion|Last Respects|p1b: Staraptor
|-damage|p1b: Staraptor|34/100
|-damage|p2a: Basculegion|42/100|[from] item: Life Orb
|
|upkeep
|
|t:|1785958011
|switch|p2b: Aerodactyl|Aerodactyl, L50, M, shiny|1/100
|-ability|p2b: Aerodactyl|Unnerve
|turn|7
|
|t:|1785958030
|move|p2a: Basculegion|Protect|p2a: Basculegion
|-singleturn|p2a: Basculegion|Protect
|move|p1b: Staraptor|Roost|p1b: Staraptor
|-heal|p1b: Staraptor|84/100
|-singleturn|p1b: Staraptor|move: Roost
|move|p2b: Aerodactyl|Rock Slide|p1b: Staraptor|[spread] p1a,p1b
|-resisted|p1b: Staraptor|1
|-crit|p1b: Staraptor
|-damage|p1a: Farigiraf|77/100
|-damage|p1b: Staraptor|65/100
|move|p1a: Farigiraf|Psychic|p2a: Basculegion
|-activate|p2a: Basculegion|move: Protect
|
|upkeep
|turn|8
|
|t:|1785958052
|move|p2b: Aerodactyl|Protect|p2b: Aerodactyl
|-singleturn|p2b: Aerodactyl|Protect
|move|p2a: Basculegion|Protect||[still]
|-fail|p2a: Basculegion
|move|p1b: Staraptor|Brave Bird|p2a: Basculegion
|-crit|p2a: Basculegion
|-damage|p2a: Basculegion|0 fnt
|faint|p2a: Basculegion
|-damage|p1b: Staraptor|51/100|[from] Recoil
|move|p1a: Farigiraf|Psychic|p2b: Aerodactyl
|-activate|p2b: Aerodactyl|move: Protect
|
|-sideend|p1: testandoteste|move: Tailwind
|upkeep
|turn|9
|-message|IsRainingPerish forfeited.
|
|win|testandoteste
|raw|testandoteste's rating: 1075 → 1105(+30 for winning)
|raw|IsRainingPerish's rating: 1089 → 1065(-24 for losing)
