|j|☆artyyyyy
|j|☆ReggioVGC
|html|artyyyyyReggioVGC    
|uhtml|bestof|Game 2 of a best-of-3
|t:|1756827236
|gametype|doubles
|player|p1|artyyyyy|roxie|1104
|player|p2|ReggioVGC|lucas|1166
|gen|9
|tier|[Gen 9] VGC 2025 Reg H (Bo3)
|rated|
|rule|Species Clause: Limit one of each Pokémon
|rule|Item Clause: Limit 1 of each item
|clearpoke
|poke|p1|Sinistcha, L50|
|poke|p1|Ursaluna, L50, M|
|poke|p1|Indeedee-F, L50, F|
|poke|p1|Hatterene, L50, F|
|poke|p1|Torkoal, L50, F|
|poke|p1|Armarouge, L50, M|
|poke|p2|Ursaluna, L50, F|
|poke|p2|Kilowattrel, L50, F|
|poke|p2|Gholdengo, L50|
|poke|p2|Incineroar, L50, M|
|poke|p2|Amoonguss, L50, F|
|poke|p2|Porygon2, L50|
|teampreview|4
|showteam|p1|Sinistcha||Leftovers|Hospitality|MatchaGotcha,Protect,TrickRoom,RagePowder||||||50|,,,,,Ground]Ursaluna||FlameOrb|Guts|Protect,Facade,StompingTantrum,Crunch|||M|||50|,,,,,Ghost]Indeedee-F||CovertCloak|PsychicSurge|HelpingHand,DazzlingGleam,Protect,FollowMe|||F|||50|,,,,,Fairy]Hatterene||LifeOrb|MagicBounce|ExpandingForce,DazzlingGleam,Protect,TrickRoom|||F|||50|,,,,,Steel]Torkoal||Charcoal|Drought|Eruption,EarthPower,Protect,SolarBeam|||F|||50|,,,,,Ground]Armarouge||FocusSash|WeakArmor|ArmorCannon,ExpandingForce,HeatWave,Protect|||M|||50|,,,,,Psychic
|showteam|p2|Ursaluna||FlameOrb|Guts|Facade,HeadlongRush,Earthquake,Protect|||F|||50|,,,,,Fairy]Kilowattrel||FocusSash|Competitive|Thunderbolt,AirSlash,Tailwind,Protect|||F|||50|,,,,,Ghost]Gholdengo||LifeOrb|GoodasGold|MakeItRain,ShadowBall,NastyPlot,Protect||||||50|,,,,,Flying]Incineroar||AssaultVest|Intimidate|KnockOff,FlareBlitz,Uturn,FakeOut|||M|||50|,,,,,Grass]Amoonguss||SitrusBerry|Regenerator|Spore,RagePowder,SludgeBomb,Protect|||F|||50|,,,,,Water]Porygon2||Eviolite|Download|TeraBlast,IceBeam,Recover,TrickRoom||||||50|,,,,,Fighting
|inactive|Battle timer is ON: inactive players will automatically lose when time's up. (requested by artyyyyy)
|inactive|ReggioVGC has 60 seconds left.
|inactive|ReggioVGC has 30 seconds left.
|inactive|ReggioVGC has 20 seconds left.
|inactive|ReggioVGC has 15 seconds left.
|
|t:|1756827315
|teamsize|p1|4
|teamsize|p2|4
|start
|switch|p1a: Torkoal|Torkoal, L50, F|100/100
|switch|p1b: Armarouge|Armarouge, L50, M|100/100
|switch|p2a: Mr Worldwide|Gholdengo, L50|100/100
|switch|p2b: Dinko|Ursaluna, L50, F|100/100
|-weather|SunnyDay|[from] ability: Drought|[of] p1a: Torkoal
|turn|1
|inactive|artyyyyy has 30 seconds left.
|inactive|ReggioVGC has 30 seconds left.
|
|t:|1756827344
|move|p2a: Mr Worldwide|Protect|p2a: Mr Worldwide
|-singleturn|p2a: Mr Worldwide|Protect
|move|p2b: Dinko|Protect|p2b: Dinko
|-singleturn|p2b: Dinko|Protect
|move|p1b: Armarouge|Heat Wave|p2a: Mr Worldwide|[spread] 
|-activate|p2a: Mr Worldwide|move: Protect
|-activate|p2b: Dinko|move: Protect
|move|p1a: Torkoal|Earth Power|p2a: Mr Worldwide
|-activate|p2a: Mr Worldwide|move: Protect
|
|-weather|SunnyDay|[upkeep]
|-status|p2b: Dinko|brn|[from] item: Flame Orb
|upkeep
|turn|2
|inactive|ReggioVGC has 30 seconds left.
|inactive|ReggioVGC has 20 seconds left.
|inactive|ReggioVGC has 15 seconds left.
|inactive|ReggioVGC has 10 seconds left.
|
|t:|1756827392
|switch|p2b: Pumpy the Grumpy|Incineroar, L50, M, shiny|100/100
|-ability|p2b: Pumpy the Grumpy|Intimidate|boost
|-unboost|p1a: Torkoal|atk|1
|-unboost|p1b: Armarouge|atk|1
|-terastallize|p2a: Mr Worldwide|Flying
|move|p2a: Mr Worldwide|Shadow Ball|p1b: Armarouge
|-supereffective|p1b: Armarouge
|-enditem|p1b: Armarouge|Focus Sash
|-damage|p1b: Armarouge|1/100
|-damage|p2a: Mr Worldwide|91/100|[from] item: Life Orb
|move|p1b: Armarouge|Armor Cannon|p2a: Mr Worldwide
|-damage|p2a: Mr Worldwide|0 fnt
|-unboost|p1b: Armarouge|def|1
|-unboost|p1b: Armarouge|spd|1
|faint|p2a: Mr Worldwide
|move|p1a: Torkoal|Solar Beam||[still]
|-prepare|p1a: Torkoal|Solar Beam
|-anim|p1a: Torkoal|Solar Beam|p2b: Pumpy the Grumpy
|-resisted|p2b: Pumpy the Grumpy
|-crit|p2b: Pumpy the Grumpy
|-damage|p2b: Pumpy the Grumpy|84/100
|
|-weather|SunnyDay|[upkeep]
|upkeep
|
|t:|1756827416
|switch|p2a: Dinko|Ursaluna, L50, F|100/100 brn
|turn|3
|
|t:|1756827439
|switch|p1a: Indeedee|Indeedee-F, L50, F|100/100
|-fieldstart|move: Psychic Terrain|[from] ability: Psychic Surge|[of] p1a: Indeedee
|move|p2b: Pumpy the Grumpy|Fake Out|p1b: Armarouge
|-activate|p1b: Armarouge|move: Psychic Terrain
|move|p2a: Dinko|Headlong Rush|p1a: Indeedee
|-crit|p1a: Indeedee
|-damage|p1a: Indeedee|0 fnt
|-unboost|p2a: Dinko|def|1
|-unboost|p2a: Dinko|spd|1
|faint|p1a: Indeedee
|move|p1b: Armarouge|Expanding Force|p2b: Pumpy the Grumpy|[spread] p2a
|-immune|p2b: Pumpy the Grumpy
|-damage|p2a: Dinko|0 fnt
|faint|p2a: Dinko
|
|-weather|SunnyDay|[upkeep]
|upkeep
|
|t:|1756827452
|switch|p1a: slurp|Sinistcha, L50|100/100
|switch|p2a: 뽀록나|Amoonguss, L50, F, shiny|100/100
|-heal|p1b: Armarouge|26/100|[from] ability: Hospitality|[of] p1a: slurp
|turn|4
|
|t:|1756827476
|move|p2a: 뽀록나|Protect|p2a: 뽀록나
|-singleturn|p2a: 뽀록나|Protect
|move|p2b: Pumpy the Grumpy|Knock Off|p1b: Armarouge
|-supereffective|p1b: Armarouge
|-crit|p1b: Armarouge
|-damage|p1b: Armarouge|0 fnt
|faint|p1b: Armarouge
|move|p1a: slurp|Trick Room|p1a: slurp
|-fieldstart|move: Trick Room|[of] p1a: slurp
|
|-weather|SunnyDay|[upkeep]
|upkeep
|
|t:|1756827479
|switch|p1b: Torkoal|Torkoal, L50, F|100/100
|turn|5
|
|t:|1756827498
|-terastallize|p1a: slurp|Ground
|move|p1a: slurp|Rage Powder|p1a: slurp
|-singleturn|p1a: slurp|move: Rage Powder
|move|p1b: Torkoal|Eruption|p2b: Pumpy the Grumpy|[spread] p2a,p2b
|-supereffective|p2a: 뽀록나
|-resisted|p2b: Pumpy the Grumpy
|-damage|p2a: 뽀록나|0 fnt
|-damage|p2b: Pumpy the Grumpy|55/100
|faint|p2a: 뽀록나
|move|p2b: Pumpy the Grumpy|Knock Off|p1a: slurp
|-damage|p1a: slurp|63/100
|-enditem|p1a: slurp|Leftovers|[from] move: Knock Off|[of] p2b: Pumpy the Grumpy
|
|-weather|none
|upkeep
|turn|6
|-message|ReggioVGC forfeited.
|
|win|artyyyyy
|raw|artyyyyy's rating: 1104 → 1133(+29 for winning)
|raw|ReggioVGC's rating: 1166 → 1137(-29 for losing)
