|j|☆MrTedno
|j|☆colemarcusvgc
|html|MrTednocolemarcusvgc    
|uhtml|bestof|Game 2 of a best-of-3
|t:|1756588389
|gametype|doubles
|player|p1|MrTedno|barry|1126
|player|p2|colemarcusvgc|n|1091
|gen|9
|tier|[Gen 9] VGC 2025 Reg H (Bo3)
|rated|
|rule|Species Clause: Limit one of each Pokémon
|rule|Item Clause: Limit 1 of each item
|clearpoke
|poke|p1|Dondozo, L50, F|
|poke|p1|Tatsugiri, L50, M|
|poke|p1|Politoed, L50, F|
|poke|p1|Archaludon, L50, F|
|poke|p1|Amoonguss, L50, M|
|poke|p1|Overqwil, L50, M|
|poke|p2|Indeedee-F, L50, F|
|poke|p2|Hatterene, L50, F|
|poke|p2|Ursaluna, L50, F|
|poke|p2|Amoonguss, L50, F|
|poke|p2|Porygon2, L50|
|poke|p2|Tyranitar, L50, M|
|teampreview|4
|showteam|p1|Dondozo||LifeOrb|Unaware|Surf,Protect,SleepTalk|||F|||50|,,,,,Water]Tatsugiri||FocusSash|Commander|DracoMeteor,Protect,MuddyWater,Taunt|||M|||50|,,,,,Stellar]Politoed||SitrusBerry|Drizzle|WeatherBall,IceBeam,Encore,Protect|||F|||50|,,,,,Steel]Archaludon||AssaultVest|Stamina|BodyPress,ElectroShot,DragonPulse,FlashCannon|||F|||50|,,,,,Grass]Amoonguss||RockyHelmet|Regenerator|Spore,RagePowder,PollenPuff,Protect|||M|||50|,,,,,Fairy]Overqwil||ChoiceBand|SwiftSwim|PoisonJab,ThroatChop,Liquidation,TeraBlast|||M|||50|,,,,,Grass
|showteam|p2|Indeedee-F||RockyHelmet|PsychicSurge|FollowMe,HelpingHand,TrickRoom,DazzlingGleam|||F|||50|,,,,,Steel]Hatterene||LifeOrb|MagicBounce|TrickRoom,ExpandingForce,MysticalFire,DazzlingGleam|||F|||50|,,,,,Ghost]Ursaluna||FlameOrb|Guts|Facade,HeadlongRush,Earthquake,Protect|||F|||50|,,,,,Ghost]Amoonguss||SitrusBerry|Regenerator|Spore,RagePowder,PollenPuff,SludgeBomb|||F|||50|,,,,,Water]Porygon2||Eviolite|Download|IceBeam,TeraBlast,Recover,TrickRoom||||||50|,,,,,Grass]Tyranitar||SafetyGoggles|SandStream|RockSlide,Crunch,LowKick,IcePunch|||M|||50|,,,,,Fairy
|
|t:|1756588423
|teamsize|p1|4
|teamsize|p2|4
|start
|switch|p1a: Kwazii|Dondozo, L50, F|100/100
|switch|p1b: Tweak|Politoed, L50, F|100/100
|switch|p2a: Tyranitar|Tyranitar, L50, M|100/100
|switch|p2b: Hatterene|Hatterene, L50, F|100/100
|-weather|RainDance|[from] ability: Drizzle|[of] p1b: Tweak
|-weather|Sandstorm|[from] ability: Sand Stream|[of] p2a: Tyranitar
|turn|1
|j| entei enthusiast
|l| entei enthusiast
|
|t:|1756588459
|switch|p1b: Peso|Tatsugiri, L50, M|100/100
|-activate|p1b: Peso|ability: Commander|[of] p1a: Kwazii
|-boost|p1a: Kwazii|atk|2
|-boost|p1a: Kwazii|spa|2
|-boost|p1a: Kwazii|spe|2
|-boost|p1a: Kwazii|def|2
|-boost|p1a: Kwazii|spd|2
|-terastallize|p1a: Kwazii|Water
|-terastallize|p2a: Tyranitar|Fairy
|move|p1a: Kwazii|Surf|p2a: Tyranitar|[spread] p2a,p2b
|-miss|p1a: Kwazii|p1b: Peso
|-damage|p2a: Tyranitar|35/100
|-damage|p2b: Hatterene|17/100
|-damage|p1a: Kwazii|91/100|[from] item: Life Orb
|move|p2a: Tyranitar|Low Kick|p1a: Kwazii
|-crit|p1a: Kwazii
|-damage|p1a: Kwazii|39/100
|move|p2b: Hatterene|Trick Room|p2b: Hatterene
|-fieldstart|move: Trick Room|[of] p2b: Hatterene
|
|-weather|Sandstorm|[upkeep]
|-damage|p2b: Hatterene|11/100|[from] Sandstorm
|-damage|p1b: Peso|94/100|[from] Sandstorm
|-damage|p1a: Kwazii|33/100|[from] Sandstorm
|upkeep
|turn|2
|
|t:|1756588488
|switch|p2b: Amoonguss|Amoonguss, L50, F|100/100
|move|p2a: Tyranitar|Low Kick|p1a: Kwazii
|-damage|p1a: Kwazii|17/100
|move|p1a: Kwazii|Surf|p2b: Amoonguss|[spread] p2a,p2b
|-miss|p1a: Kwazii|p1b: Peso
|-resisted|p2b: Amoonguss
|-damage|p2a: Tyranitar|0 fnt
|-damage|p2b: Amoonguss|72/100
|faint|p2a: Tyranitar
|-damage|p1a: Kwazii|8/100|[from] item: Life Orb
|
|-weather|Sandstorm|[upkeep]
|-damage|p2b: Amoonguss|66/100|[from] Sandstorm
|-damage|p1b: Peso|88/100|[from] Sandstorm
|-damage|p1a: Kwazii|1/100|[from] Sandstorm
|upkeep
|
|t:|1756588502
|switch|p2a: Ursaluna|Ursaluna, L50, F|100/100
|turn|3
|
|t:|1756588531
|move|p1a: Kwazii|Protect|p1a: Kwazii
|-singleturn|p1a: Kwazii|Protect
|move|p2b: Amoonguss|Sludge Bomb|p1a: Kwazii
|-activate|p1a: Kwazii|move: Protect
|move|p2a: Ursaluna|Facade|p1a: Kwazii
|-activate|p1a: Kwazii|move: Protect
|
|-weather|Sandstorm|[upkeep]
|-damage|p2b: Amoonguss|60/100|[from] Sandstorm
|-damage|p1b: Peso|82/100|[from] Sandstorm
|-damage|p1a: Kwazii|0 fnt|[from] Sandstorm
|faint|p1a: Kwazii
|-status|p2a: Ursaluna|brn|[from] item: Flame Orb
|upkeep
|
|t:|1756588552
|switch|p1a: Tweak|Politoed, L50, F|100/100
|-weather|RainDance|[from] ability: Drizzle|[of] p1a: Tweak
|turn|4
|
|t:|1756588599
|switch|p1b: Shellington|Overqwil, L50, M|100/100
|move|p1a: Tweak|Protect|p1a: Tweak
|-singleturn|p1a: Tweak|Protect
|move|p2b: Amoonguss|Spore|p1a: Tweak
|-activate|p1a: Tweak|move: Protect
|move|p2a: Ursaluna|Earthquake|p1a: Tweak|[spread] p2b,p1b
|-activate|p1a: Tweak|move: Protect
|-supereffective|p1b: Shellington
|-damage|p2b: Amoonguss|0 fnt
|-damage|p1b: Shellington|0 fnt
|faint|p2b: Amoonguss
|faint|p1b: Shellington
|
|-weather|RainDance|[upkeep]
|-damage|p2a: Ursaluna|95/100 brn|[from] brn
|upkeep
|
|t:|1756588613
|switch|p2b: Hatterene|Hatterene, L50, F|11/100
|switch|p1b: Peso|Tatsugiri, L50, M|82/100
|turn|5
|
|t:|1756588625
|move|p1a: Tweak|Protect||[still]
|-fail|p1a: Tweak
|move|p1b: Peso|Protect|p1b: Peso
|-singleturn|p1b: Peso|Protect
|move|p2a: Ursaluna|Facade|p1a: Tweak
|-damage|p1a: Tweak|0 fnt
|faint|p1a: Tweak
|move|p2b: Hatterene|Trick Room|p2b: Hatterene
|-fieldend|move: Trick Room
|
|-weather|RainDance|[upkeep]
|-damage|p2a: Ursaluna|89/100 brn|[from] brn
|upkeep
|turn|6
|
|t:|1756588645
|move|p1b: Peso|Muddy Water|p2b: Hatterene|[spread] p2a
|-miss|p1b: Peso|p2b: Hatterene
|-supereffective|p2a: Ursaluna
|-damage|p2a: Ursaluna|5/100 brn
|move|p2a: Ursaluna|Facade|p1b: Peso
|-damage|p1b: Peso|0 fnt
|faint|p1b: Peso
|
|win|colemarcusvgc
||MrTedno is ready for game 3.
|inactive|colemarcusvgc has 30 seconds to confirm battle start!
||colemarcusvgc is ready for game 3.
|uhtml|next|Next: Game 3 of 3
