|j|☆PeePeeSwagMan
|j|☆whipq
|html|PeePeeSwagManwhipq    
|uhtml|bestof|Game 3 of a best-of-3
|t:|1784605445
|gametype|doubles
|player|p1|PeePeeSwagMan|1|
|player|p2|whipq|266|
|gen|9
|tier|[Gen 9 Champions] VGC 2026 Reg M-B (Bo3)
|rule|Species Clause: Limit one of each Pokémon
|rule|Item Clause: Limit 1 of each item
|clearpoke
|poke|p1|Floette-Eternal, L50, F|
|poke|p1|Charizard, L50, F|
|poke|p1|Primarina, L50, F|
|poke|p1|Venusaur, L50, M|
|poke|p1|Volcarona, L50, F|
|poke|p1|Scrafty, L50, F|
|poke|p2|Camerupt, L50, M, shiny|
|poke|p2|Oranguru, L50, F, shiny|
|poke|p2|Aegislash, L50, F, shiny|
|poke|p2|Aurorus, L50, M, shiny|
|poke|p2|Simipour, L50, F, shiny|
|poke|p2|Snorlax, L50, F, shiny|
|teampreview|4
|showteam|p1|Floette-Eternal||Floettite|FlowerVeil|DazzlingGleam,Moonblast,CalmMind,Protect|Modest||F|||50|]Charizard||CharizarditeY|Blaze|Protect,Overheat,AirSlash,HeatWave|Modest||F|||50|]Primarina||LifeOrb|LiquidVoice|SparklingAria,Moonblast,HyperVoice,Protect|Modest||F|||50|]Venusaur||Leftovers|Chlorophyll|SolarBeam,EarthPower,SleepPowder,Protect|Modest||M|||50|]Volcarona||FocusSash|FlameBody|RagePowder,Tailwind,BugBuzz,FieryDance|Timid||F|||50|]Scrafty||BlackGlasses|Intimidate|FakeOut,KnockOff,DrainPunch,Protect|Jolly||F|||50|
|showteam|p2|Camerupt||Cameruptite|MagmaArmor|Eruption,EarthPower,HeatWave,Protect|Modest||M|||50|]Oranguru||Leftovers|InnerFocus|Instruct,Protect,TrickRoom,FutureSight|Sassy||F|||50|]Aegislash||OccaBerry|StanceChange|DestinyBond,KingsShield,WideGuard,IronHead|Careful||F|||50|]Aurorus||BrightPowder|SnowWarning|Blizzard,RockSlide,AuroraVeil,Protect|Sassy||M|||50|]Simipour||SitrusBerry|Gluttony|FlipTurn,FakeOut,IcePunch,Liquidation|Jolly||F|||50|]Snorlax||ChestoBerry|ThickFat|Rest,SleepTalk,ZenHeadbutt,BodySlam|Adamant||F|||50|
|j| xanian7
|j| KoopaPlays
|
|t:|1784605532
|teamsize|p1|4
|teamsize|p2|4
|start
|switch|p1a: Floette|Floette-Eternal, L50, F|100/100
|switch|p1b: Scrafty|Scrafty, L50, F|100/100
|switch|p2a: Aurorus|Aurorus, L50, M, shiny|100/100
|switch|p2b: Simipour|Simipour, L50, F, shiny|100/100
|-ability|p1b: Scrafty|Intimidate|boost
|-unboost|p2a: Aurorus|atk|1
|-unboost|p2b: Simipour|atk|1
|-weather|Snowscape|[from] ability: Snow Warning|[of] p2a: Aurorus
|turn|1
|
|t:|1784605561
|detailschange|p1a: Floette|Floette-Mega, L50, F
|-mega|p1a: Floette|Floette|Floettite
|-ability|p1a: Floette|Fairy Aura
|move|p2b: Simipour|Fake Out|p1a: Floette
|-damage|p1a: Floette|89/100
|move|p1b: Scrafty|Fake Out|p2a: Aurorus
|-resisted|p2a: Aurorus|1
|-damage|p2a: Aurorus|96/100
|cant|p1a: Floette|flinch
|cant|p2a: Aurorus|flinch
|
|-weather|Snowscape|[upkeep]
|upkeep
|turn|2
|
|t:|1784605607
|move|p2a: Aurorus|Protect|p2a: Aurorus
|-singleturn|p2a: Aurorus|Protect
|move|p2b: Simipour|Flip Turn|p1a: Floette
|-damage|p1a: Floette|65/100
|
|t:|1784605616
|switch|p2b: Snorlax|Snorlax, L50, F, shiny|100/100|[from] Flip Turn
|move|p1a: Floette|Calm Mind|p1a: Floette
|-boost|p1a: Floette|spa|1
|-boost|p1a: Floette|spd|1
|move|p1b: Scrafty|Drain Punch|p2a: Aurorus
|-activate|p2a: Aurorus|move: Protect
|
|-weather|Snowscape|[upkeep]
|upkeep
|turn|3
|
|t:|1784605653
|move|p1a: Floette|Protect|p1a: Floette
|-singleturn|p1a: Floette|Protect
|move|p1b: Scrafty|Drain Punch|p2a: Aurorus|[miss]
|-miss|p1b: Scrafty|p2a: Aurorus
|move|p2a: Aurorus|Blizzard|p1a: Floette|[spread] p1b
|-activate|p1a: Floette|move: Protect
|-damage|p1b: Scrafty|70/100
|move|p2b: Snorlax|Body Slam|p1a: Floette
|-activate|p1a: Floette|move: Protect
|
|-weather|Snowscape|[upkeep]
|upkeep
|turn|4
|
|t:|1784605696
|move|p2a: Aurorus|Protect|p2a: Aurorus
|-singleturn|p2a: Aurorus|Protect
|move|p1a: Floette|Dazzling Gleam|p2b: Snorlax|[spread] p2b
|-activate|p2a: Aurorus|move: Protect
|-damage|p2b: Snorlax|50/100g
|move|p1b: Scrafty|Drain Punch|p2b: Snorlax
|-supereffective|p2b: Snorlax|1
|-damage|p2b: Snorlax|0 fnt
|-heal|p1b: Scrafty|100/100|[from] drain|[of] p2b: Snorlax
|faint|p2b: Snorlax
|
|-weather|Snowscape|[upkeep]
|upkeep
|
|t:|1784605703
|switch|p2b: Simipour|Simipour, L50, F, shiny|100/100
|turn|5
|
|t:|1784605719
|move|p1a: Floette|Protect|p1a: Floette
|-singleturn|p1a: Floette|Protect
|move|p2b: Simipour|Fake Out|p1a: Floette
|-activate|p1a: Floette|move: Protect
|move|p1b: Scrafty|Drain Punch|p2a: Aurorus
|-supereffective|p2a: Aurorus|2
|-damage|p2a: Aurorus|12/100
|move|p2a: Aurorus|Blizzard|p1a: Floette|[spread] p1b
|-activate|p1a: Floette|move: Protect
|-damage|p1b: Scrafty|69/100
|
|-weather|none
|upkeep
|turn|6
|
|t:|1784605750
|move|p2a: Aurorus|Protect|p2a: Aurorus
|-singleturn|p2a: Aurorus|Protect
|move|p2b: Simipour|Liquidation|p1a: Floette
|-damage|p1a: Floette|16/100
|-unboost|p1a: Floette|def|1
|move|p1a: Floette|Dazzling Gleam|p2b: Simipour|[spread] p2b
|-activate|p2a: Aurorus|move: Protect
|-damage|p2b: Simipour|0 fnt
|faint|p2b: Simipour
|move|p1b: Scrafty|Knock Off|p2a: Aurorus
|-activate|p2a: Aurorus|move: Protect
|
|upkeep
|
|t:|1784605754
|switch|p2b: Camerupt|Camerupt, L50, M, shiny|100/100
|turn|7
|
|t:|1784605777
|detailschange|p2b: Camerupt|Camerupt-Mega, L50, M, shiny
|-mega|p2b: Camerupt|Camerupt|Cameruptite
|move|p2b: Camerupt|Protect|p2b: Camerupt
|-singleturn|p2b: Camerupt|Protect
|move|p1a: Floette|Dazzling Gleam|p2a: Aurorus|[spread] 
|-activate|p2b: Camerupt|move: Protect
|-miss|p1a: Floette|p2a: Aurorus
|move|p1b: Scrafty|Drain Punch|p2b: Camerupt
|-activate|p2b: Camerupt|move: Protect
|move|p2a: Aurorus|Rock Slide|p1a: Floette|[spread] p1a,p1b
|-resisted|p1b: Scrafty|1
|-damage|p1a: Floette|0 fnt
|-damage|p1b: Scrafty|63/100
|faint|p1a: Floette
|
|upkeep
|
|t:|1784605791
|switch|p1a: Primarina|Primarina, L50, F|100/100
|turn|8
|
|t:|1784605800
|move|p1b: Scrafty|Protect|p1b: Scrafty
|-singleturn|p1b: Scrafty|Protect
|move|p1a: Primarina|Sparkling Aria|p2a: Aurorus|[spread] p2a,p2b
|-activate|p1b: Scrafty|move: Protect
|-supereffective|p2a: Aurorus|1
|-crit|p2a: Aurorus
|-supereffective|p2b: Camerupt|2
|-damage|p2a: Aurorus|0 fnt
|-damage|p2b: Camerupt|0 fnt
|faint|p2a: Aurorus
|faint|p2b: Camerupt
|-damage|p1a: Primarina|90/100|[from] item: Life Orb
|
|win|PeePeeSwagMan
|l| xanian7
|l|☆whipq
|player|p2|
