|j|☆greater basilisk
|j|☆lolgz
|html|greater basilisklolgz    
|uhtml|bestof|Game 1 of a best-of-3
|t:|1782455545
|gametype|doubles
|player|p1|greater basilisk|bianca|1154
|player|p2|lolgz|dawn|1241
|gen|9
|tier|[Gen 9 Champions] VGC 2026 Reg M-B (Bo3)
|rated|
|rule|Species Clause: Limit one of each Pokémon
|rule|Item Clause: Limit 1 of each item
|clearpoke
|poke|p1|Charizard, L50, M|
|poke|p1|Basculegion, L50, M|
|poke|p1|Metagross, L50|
|poke|p1|Whimsicott, L50, M|
|poke|p1|Garchomp, L50, M|
|poke|p1|Incineroar, L50, F|
|poke|p2|Mawile, L50, F|
|poke|p2|Sneasler, L50, M|
|poke|p2|Farigiraf, L50, F|
|poke|p2|Drampa, L50, F|
|poke|p2|Vileplume, L50, M|
|poke|p2|Torkoal, L50, M|
|teampreview|4
|showteam|p1|Charizard||CharizarditeY|SolarPower|Protect,HeatWave,SolarBeam,WeatherBall|Timid||M|||50|]Basculegion||MysticWater|Adaptability|Protect,AquaJet,LastRespects,WaveCrash|Adamant||M|||50|]Metagross||Metagrossite|ClearBody|Protect,IronHead,Earthquake,PsychicFangs|Jolly|||||50|]Whimsicott||FocusSash|Prankster|Protect,Tailwind,Encore,Moonblast|Timid||M|||50|]Garchomp||LifeOrb|RoughSkin|Protect,RockSlide,Earthquake,DragonClaw|Jolly||M|||50|]Incineroar||SitrusBerry|Intimidate|FakeOut,PartingShot,FlareBlitz,DarkestLariat|Impish||F|||50|
|showteam|p2|Mawile||Mawilite|HyperCutter|PlayRough,SuckerPunch,SwordsDance,Protect|Serious||F|||50|]Sneasler||IronBall|PoisonTouch|FakeOut,DireClaw,CloseCombat,RockTomb|Brave||M|||50|]Farigiraf||SitrusBerry|ArmorTail|TrickRoom,Thunderbolt,Psychic,HelpingHand|Relaxed||F|||50|]Drampa||Drampanite|Berserk|DragonPulse,EarthPower,EnergyBall,Protect|Timid||F|||50|]Vileplume||FocusSash|Chlorophyll|SleepPowder,SludgeBomb,EnergyBall,AfterYou|Timid||M|||50|]Torkoal||Charcoal|Drought|Eruption,WeatherBall,EarthPower,Protect|Quiet||M|||50|
|inactive|Battle timer is ON: inactive players will automatically lose when time's up. (requested by greater basilisk)
|inactive|lolgz also wants the timer to be on.
|inactive|greater basilisk has 60 seconds left.
|
|t:|1782455587
|teamsize|p1|4
|teamsize|p2|4
|start
|switch|p1a: Garchomp|Garchomp, L50, M|100/100
|switch|p1b: Charizard|Charizard, L50, M|100/100
|switch|p2a: Farigiraf|Farigiraf, L50, F|100/100
|switch|p2b: Sneasler|Sneasler, L50, M|100/100
|turn|1
|inactive|greater basilisk has 30 seconds left.
|
|t:|1782455615
|detailschange|p1b: Charizard|Charizard-Mega-Y, L50, M
|-mega|p1b: Charizard|Charizard|Charizardite Y
|-weather|SunnyDay|[from] ability: Drought|[of] p1b: Charizard
|move|p2b: Sneasler|Fake Out|p1a: Garchomp
|-damage|p1a: Garchomp|84/100
|-damage|p2b: Sneasler|87/100|[from] ability: Rough Skin|[of] p1a: Garchomp
|cant|p1a: Garchomp|flinch
|move|p1b: Charizard|Weather Ball|p2a: Farigiraf
|-damage|p2a: Farigiraf|17/100
|-enditem|p2a: Farigiraf|Sitrus Berry|[eat]
|-heal|p2a: Farigiraf|42/100|[from] item: Sitrus Berry
|move|p2a: Farigiraf|Trick Room|p2a: Farigiraf
|-fieldstart|move: Trick Room|[of] p2a: Farigiraf
|
|-weather|SunnyDay|[upkeep]
|upkeep
|turn|2
|
|t:|1782455628
|move|p1b: Charizard|Protect|p1b: Charizard
|-singleturn|p1b: Charizard|Protect
|move|p2b: Sneasler|Close Combat|p1a: Garchomp
|-damage|p1a: Garchomp|19/100
|-unboost|p2b: Sneasler|def|1
|-unboost|p2b: Sneasler|spd|1
|-damage|p2b: Sneasler|75/100|[from] ability: Rough Skin|[of] p1a: Garchomp
|move|p2a: Farigiraf|Psychic|p1a: Garchomp
|-damage|p1a: Garchomp|0 fnt
|faint|p1a: Garchomp
|
|-weather|SunnyDay|[upkeep]
|upkeep
|
|t:|1782455635
|switch|p1a: Incineroar|Incineroar, L50, F|100/100
|-ability|p1a: Incineroar|Intimidate|boost
|-unboost|p2a: Farigiraf|atk|1
|-unboost|p2b: Sneasler|atk|1
|turn|3
|
|t:|1782455652
|move|p2a: Farigiraf|Helping Hand|p2b: Sneasler
|-singleturn|p2b: Sneasler|Helping Hand|[of] p2a: Farigiraf
|move|p2b: Sneasler|Close Combat|p1a: Incineroar
|-supereffective|p1a: Incineroar|1
|-damage|p1a: Incineroar|0 fnt
|-unboost|p2b: Sneasler|def|1
|-unboost|p2b: Sneasler|spd|1
|faint|p1a: Incineroar
|move|p1b: Charizard|Heat Wave|p2a: Farigiraf|[spread] p2a,p2b
|-damage|p2a: Farigiraf|0 fnt
|-damage|p2b: Sneasler|0 fnt
|faint|p2a: Farigiraf
|faint|p2b: Sneasler
|
|-weather|SunnyDay|[upkeep]
|upkeep
|
|t:|1782455658
|switch|p2a: Drampa|Drampa, L50, F|100/100
|switch|p1a: Basculegion|Basculegion, L50, M|100/100
|switch|p2b: Torkoal|Torkoal, L50, M|100/100
|turn|4
|inactive|greater basilisk has 30 seconds left.
|
|t:|1782455685
|detailschange|p2a: Drampa|Drampa-Mega, L50, F
|-mega|p2a: Drampa|Drampa|Drampanite
|move|p2b: Torkoal|Protect|p2b: Torkoal
|-singleturn|p2b: Torkoal|Protect
|move|p1a: Basculegion|Aqua Jet|p2b: Torkoal
|-activate|p2b: Torkoal|move: Protect
|move|p2a: Drampa|Energy Ball|p1a: Basculegion
|-supereffective|p1a: Basculegion|1
|-damage|p1a: Basculegion|12/100
|move|p1b: Charizard|Heat Wave|p2b: Torkoal|[spread] p2a
|-activate|p2b: Torkoal|move: Protect
|-resisted|p2a: Drampa|1
|-damage|p2a: Drampa|75/100
|
|-weather|SunnyDay|[upkeep]
|upkeep
|turn|5
|
|t:|1782455691
|move|p1a: Basculegion|Protect|p1a: Basculegion
|-singleturn|p1a: Basculegion|Protect
|move|p1b: Charizard|Protect|p1b: Charizard
|-singleturn|p1b: Charizard|Protect
|move|p2b: Torkoal|Eruption|p1b: Charizard|[spread] 
|-activate|p1a: Basculegion|move: Protect
|-activate|p1b: Charizard|move: Protect
|move|p2a: Drampa|Dragon Pulse|p1b: Charizard
|-activate|p1b: Charizard|move: Protect
|
|-weather|none
|-fieldend|move: Trick Room
|upkeep
|turn|6
|
|t:|1782455710
|move|p1b: Charizard|Heat Wave|p2b: Torkoal|[spread] p2a,p2b
|-resisted|p2a: Drampa|1
|-resisted|p2b: Torkoal|1
|-damage|p2a: Drampa|59/100
|-damage|p2b: Torkoal|74/100
|move|p1a: Basculegion|Wave Crash|p2a: Drampa
|-resisted|p2a: Drampa|1
|-damage|p2a: Drampa|20/100r
|-damage|p1a: Basculegion|1/100|[from] Recoil
|-ability|p2a: Drampa|Berserk|boost
|-boost|p2a: Drampa|spa|1
|move|p2a: Drampa|Dragon Pulse|p1b: Charizard
|-damage|p1b: Charizard|27/100
|move|p2b: Torkoal|Weather Ball|p1a: Basculegion
|-immune|p1a: Basculegion
|
|upkeep
|turn|7
|inactive|greater basilisk has 30 seconds left.
|inactive|greater basilisk has 20 seconds left.
|inactive|greater basilisk has 15 seconds left.
|inactive|greater basilisk has 10 seconds left.
|
|t:|1782455758
|move|p2a: Drampa|Protect|p2a: Drampa
|-singleturn|p2a: Drampa|Protect
|move|p1b: Charizard|Heat Wave|p2b: Torkoal|[spread] p2b
|-activate|p2a: Drampa|move: Protect
|-resisted|p2b: Torkoal|1
|-damage|p2b: Torkoal|46/100
|move|p1a: Basculegion|Wave Crash|p2a: Drampa
|-activate|p2a: Drampa|move: Protect
|move|p2b: Torkoal|Earth Power|p1a: Basculegion
|-damage|p1a: Basculegion|0 fnt
|faint|p1a: Basculegion
|
|upkeep
|turn|8
|
|t:|1782455765
|move|p1b: Charizard|Heat Wave|p2b: Torkoal|[spread] p2a,p2b
|-resisted|p2a: Drampa|1
|-resisted|p2b: Torkoal|1
|-damage|p2a: Drampa|3/100
|-damage|p2b: Torkoal|19/100
|-status|p2a: Drampa|brn
|move|p2a: Drampa|Dragon Pulse|p1b: Charizard
|-damage|p1b: Charizard|0 fnt
|faint|p1b: Charizard
|
|win|lolgz
