|j|‽kneg
|j|☆DilluVGC
|html|knegDilluVGC    
|uhtml|bestof|Game 3 of a best-of-3
|t:|1784064575
|gametype|doubles
|player|p1|kneg|n|1207
|player|p2|DilluVGC|byron|1180
|gen|9
|tier|[Gen 9 Champions] VGC 2026 Reg M-B (Bo3)
|rated|
|rule|Species Clause: Limit one of each Pokémon
|rule|Item Clause: Limit 1 of each item
|clearpoke
|poke|p1|Aerodactyl, L50, F|
|poke|p1|Kingambit, L50, M|
|poke|p1|Sylveon, L50, M|
|poke|p1|Garchomp, L50, F|
|poke|p1|Charizard, L50, F|
|poke|p1|Incineroar, L50, F|
|poke|p2|Delphox, L50, F|
|poke|p2|Sneasler, L50, F|
|poke|p2|Incineroar, L50, M|
|poke|p2|Sinistcha, L50|
|poke|p2|Blastoise, L50, F|
|poke|p2|Kingambit, L50, F, shiny|
|teampreview|4
|showteam|p1|Aerodactyl||Aerodactylite|Unnerve|RockSlide,IceFang,Tailwind,WideGuard|Jolly||F|||50|]Kingambit||FocusSash|Defiant|KowtowCleave,SuckerPunch,IronHead,Protect|Adamant||M|||50|]Sylveon||FairyFeather|Pixilate|Detect,HyperVoice,HyperBeam,QuickAttack|Modest||M|||50|]Garchomp||LifeOrb|RoughSkin|Earthquake,DragonClaw,StompingTantrum,Protect|Jolly||F|||50|]Charizard||CharizarditeY|Blaze|Protect,HeatWave,SolarBeam,WeatherBall|Modest||F|||50|]Incineroar||SitrusBerry|Intimidate|DarkestLariat,FlareBlitz,FakeOut,PartingShot|Impish||F|||50|
|showteam|p2|Delphox||Delphoxite|Blaze|HeatWave,Psyshock,NastyPlot,Protect|Timid||F|||50|]Sneasler||FocusSash|PoisonTouch|QuickGuard,FakeOut,PoisonJab,CloseCombat|Jolly||F|||50|]Incineroar||SitrusBerry|Intimidate|FakeOut,PartingShot,HelpingHand,FlareBlitz|Impish||M|||50|]Sinistcha||OccaBerry|Hospitality|MatchaGotcha,RagePowder,TrickRoom,Protect|Bold|||||50|]Blastoise||Blastoisinite|RainDish|WaterSpout,DarkPulse,ShellSmash,Protect|Modest||F|||50|]Kingambit||BlackGlasses|Defiant|Protect,SwordsDance,KowtowCleave,SuckerPunch|Adamant||F|||50|
|inactive|Battle timer is ON: inactive players will automatically lose when time's up. (requested by kneg)
|
|t:|1784064622
|teamsize|p1|4
|teamsize|p2|4
|start
|switch|p1a: Charizard|Charizard, L50, F|100/100
|switch|p1b: Garchomp|Garchomp, L50, F|100/100
|switch|p2a: The Hangman|Kingambit, L50, F, shiny|100/100
|switch|p2b: Chris Mannix|Incineroar, L50, M|100/100
|-ability|p2b: Chris Mannix|Intimidate|boost
|-unboost|p1a: Charizard|atk|1
|-unboost|p1b: Garchomp|atk|1
|turn|1
|inactive|kneg has 30 seconds left.
|inactive|kneg has 20 seconds left.
|inactive|kneg has 15 seconds left.
|
|t:|1784064664
|move|p1a: Charizard|Protect|p1a: Charizard
|-singleturn|p1a: Charizard|Protect
|move|p2b: Chris Mannix|Fake Out|p1a: Charizard
|-activate|p1a: Charizard|move: Protect
|move|p1b: Garchomp|Stomping Tantrum|p2a: The Hangman
|-supereffective|p2a: The Hangman|1
|-damage|p2a: The Hangman|51/100
|-damage|p1b: Garchomp|90/100|[from] item: Life Orb
|move|p2a: The Hangman|Swords Dance|p2a: The Hangman
|-boost|p2a: The Hangman|atk|2
|
|upkeep
|turn|2
|inactive|kneg has 30 seconds left.
|inactive|DilluVGC has 30 seconds left.
|inactive|DilluVGC has 20 seconds left.
|inactive|DilluVGC has 15 seconds left.
|
|t:|1784064705
|detailschange|p1a: Charizard|Charizard-Mega-Y, L50, F
|-mega|p1a: Charizard|Charizard|Charizardite Y
|-weather|SunnyDay|[from] ability: Drought|[of] p1a: Charizard
|move|p2a: The Hangman|Sucker Punch|p1b: Garchomp
|-damage|p1b: Garchomp|0 fnt
|-damage|p2a: The Hangman|39/100|[from] ability: Rough Skin|[of] p1b: Garchomp
|faint|p1b: Garchomp
|move|p1a: Charizard|Weather Ball|p2a: The Hangman
|-supereffective|p2a: The Hangman|1
|-damage|p2a: The Hangman|0 fnt
|faint|p2a: The Hangman
|move|p2b: Chris Mannix|Parting Shot|p1a: Charizard
|-unboost|p1a: Charizard|atk|1
|-unboost|p1a: Charizard|spa|1
|
|t:|1784064719
|switch|p2b: Maj. Warren|Sneasler, L50, F|100/100|[from] Parting Shot
|
|-weather|SunnyDay|[upkeep]
|upkeep
|
|t:|1784064740
|switch|p1b: Incineroar|Incineroar, L50, F|100/100
|switch|p2a: Domergue|Delphox, L50, F|100/100
|-ability|p1b: Incineroar|Intimidate|boost
|-unboost|p2a: Domergue|atk|1
|-unboost|p2b: Maj. Warren|atk|1
|turn|3
|
|t:|1784064759
|switch|p1a: Aerodactyl|Aerodactyl, L50, F|100/100
|-ability|p1a: Aerodactyl|Unnerve
|detailschange|p2a: Domergue|Delphox-Mega, L50, F
|-mega|p2a: Domergue|Delphox|Delphoxite
|move|p2b: Maj. Warren|Fake Out|p1b: Incineroar
|-damage|p1b: Incineroar|93/100
|-status|p1b: Incineroar|psn|[from] ability: Poison Touch|[of] p2b: Maj. Warren
|cant|p1b: Incineroar|flinch
|move|p2a: Domergue|Nasty Plot|p2a: Domergue
|-boost|p2a: Domergue|spa|2
|
|-weather|SunnyDay|[upkeep]
|-damage|p1b: Incineroar|81/100 psn|[from] psn
|upkeep
|turn|4
|inactive|kneg has 30 seconds left.
|inactive|DilluVGC has 30 seconds left.
|
|t:|1784064787
|move|p1a: Aerodactyl|Wide Guard|p1a: Aerodactyl
|-singleturn|p1a: Aerodactyl|Wide Guard
|move|p2a: Domergue|Heat Wave|p1b: Incineroar|[spread] 
|-activate|p1a: Aerodactyl|move: Wide Guard
|-activate|p1b: Incineroar|move: Wide Guard
|move|p2b: Maj. Warren|Close Combat|p1a: Aerodactyl
|-damage|p1a: Aerodactyl|49/100
|-unboost|p2b: Maj. Warren|def|1
|-unboost|p2b: Maj. Warren|spd|1
|move|p1b: Incineroar|Darkest Lariat|p2a: Domergue
|-supereffective|p2a: Domergue|1
|-damage|p2a: Domergue|13/100
|
|-weather|SunnyDay|[upkeep]
|-damage|p1b: Incineroar|68/100 psn|[from] psn
|upkeep
|turn|5
|inactive|kneg has 30 seconds left.
|
|t:|1784064819
|move|p2a: Domergue|Psyshock|p1a: Aerodactyl
|-damage|p1a: Aerodactyl|0 fnt
|faint|p1a: Aerodactyl
|move|p2b: Maj. Warren|Close Combat|p1b: Incineroar
|-supereffective|p1b: Incineroar|1
|-damage|p1b: Incineroar|9/100 psn
|-unboost|p2b: Maj. Warren|def|1
|-unboost|p2b: Maj. Warren|spd|1
|-enditem|p1b: Incineroar|Sitrus Berry|[eat]
|-heal|p1b: Incineroar|34/100 psn|[from] item: Sitrus Berry
|move|p1b: Incineroar|Darkest Lariat|p2a: Domergue
|-supereffective|p2a: Domergue|1
|-damage|p2a: Domergue|0 fnt
|faint|p2a: Domergue
|
|-weather|SunnyDay|[upkeep]
|-damage|p1b: Incineroar|21/100 psn|[from] psn
|upkeep
|
|t:|1784064835
|switch|p2a: Chris Mannix|Incineroar, L50, M|100/100
|switch|p1a: Charizard|Charizard-Mega-Y, L50, F|100/100
|-ability|p2a: Chris Mannix|Intimidate|boost
|-unboost|p1a: Charizard|atk|1
|-unboost|p1b: Incineroar|atk|1
|turn|6
|
|t:|1784064847
|move|p1a: Charizard|Protect|p1a: Charizard
|-singleturn|p1a: Charizard|Protect
|move|p2a: Chris Mannix|Fake Out|p1a: Charizard
|-activate|p1a: Charizard|move: Protect
|move|p2b: Maj. Warren|Poison Jab|p1a: Charizard
|-activate|p1a: Charizard|move: Protect
|move|p1b: Incineroar|Flare Blitz|p2b: Maj. Warren
|-enditem|p2b: Maj. Warren|Focus Sash
|-damage|p2b: Maj. Warren|1/100
|-damage|p1b: Incineroar|0 fnt|[from] Recoil
|faint|p1b: Incineroar
|
|-weather|none
|upkeep
|turn|7
|
|t:|1784064867
|move|p2b: Maj. Warren|Poison Jab|p1a: Charizard
|-damage|p1a: Charizard|71/100
|-status|p1a: Charizard|psn
|move|p1a: Charizard|Heat Wave|p2a: Chris Mannix|[spread] p2a,p2b
|-resisted|p2a: Chris Mannix|1
|-damage|p2a: Chris Mannix|81/100
|-damage|p2b: Maj. Warren|0 fnt
|faint|p2b: Maj. Warren
|move|p2a: Chris Mannix|Parting Shot|p1a: Charizard
|-unboost|p1a: Charizard|atk|1
|-unboost|p1a: Charizard|spa|1
|
|-damage|p1a: Charizard|58/100 psn|[from] psn
|upkeep
|turn|8
|
|t:|1784064885
|move|p1a: Charizard|Heat Wave|p2a: Chris Mannix
|-resisted|p2a: Chris Mannix|1
|-damage|p2a: Chris Mannix|61/100
|move|p2a: Chris Mannix|Flare Blitz|p1a: Charizard
|-resisted|p1a: Charizard|1
|-damage|p1a: Charizard|35/100 psn
|-damage|p2a: Chris Mannix|54/100|[from] Recoil
|
|-damage|p1a: Charizard|22/100 psn|[from] psn
|upkeep
|turn|9
|-message|kneg forfeited.
|
|win|DilluVGC
|raw|kneg's rating: 1207 → 1180(-27 for losing)
|raw|DilluVGC's rating: 1180 → 1207(+27 for winning)
|l|‽kneg
|player|p1|
