|j|☆blazikenisgoated
|j|☆TheLeoj
|html|blazikenisgoatedTheLeoj    
|uhtml|bestof|Game 2 of a best-of-3
|t:|1784786465
|gametype|doubles
|player|p1|blazikenisgoated|1|1109
|player|p2|TheLeoj|101|1149
|gen|9
|tier|[Gen 9 Champions] VGC 2026 Reg M-B (Bo3)
|rated|
|rule|Species Clause: Limit one of each Pokémon
|rule|Item Clause: Limit 1 of each item
|clearpoke
|poke|p1|Blaziken, L50, F|
|poke|p1|Froslass, L50, F|
|poke|p1|Dragonite, L50, F|
|poke|p1|Kingambit, L50, F|
|poke|p1|Sneasler, L50, F|
|poke|p1|Toxapex, L50, M|
|poke|p2|Charizard, L50, F, shiny|
|poke|p2|Grimmsnarl, L50, M, shiny|
|poke|p2|Pelipper, L50, F, shiny|
|poke|p2|Archaludon, L50, F, shiny|
|poke|p2|Basculegion, L50, M, shiny|
|poke|p2|Venusaur, L50, M, shiny|
|teampreview|4
|showteam|p1|Blaziken||Blazikenite|SpeedBoost|FlareBlitz,CloseCombat,RockSlide,Protect|Adamant||F|||50|]Froslass||Froslassite|SnowCloak|Blizzard,ShadowBall,AuroraVeil,Protect|Timid||F|||50|]Dragonite||LifeOrb|InnerFocus|ExtremeSpeed,DragonClaw,LowKick,Protect|Adamant||F|||50|]Kingambit||BlackGlasses|Defiant|KowtowCleave,SwordsDance,IronHead,Protect|Adamant||F|||50|]Sneasler||FocusSash|Unburden|DireClaw,CloseCombat,FakeOut,Protect|Jolly||F|||50|]Toxapex||Leftovers|Regenerator|Toxic,Infestation,WideGuard,BanefulBunker|Bold||M|||50|
|showteam|p2|Charizard||CharizarditeY|Blaze|Protect,HeatWave,WeatherBall,SolarBeam|Modest||F|||50|]Grimmsnarl||LightClay|Prankster|SpiritBreak,Reflect,LightScreen,PartingShot|Sassy||M|||50|]Pelipper||SitrusBerry|Drizzle|Hurricane,WeatherBall,Tailwind,WideGuard|Modest||F|||50|]Archaludon||Leftovers|Stamina|Protect,ElectroShot,DragonPulse,FlashCannon|Calm||F|||50|]Basculegion||ChoiceScarf|Adaptability|FlipTurn,WaveCrash,AquaJet,LastRespects|Jolly||M|||50|]Venusaur||FocusSash|Chlorophyll|Protect,SleepPowder,SludgeBomb,EarthPower|Modest||M|||50|
|inactive|Battle timer is ON: inactive players will automatically lose when time's up. (requested by TheLeoj)
|
|t:|1784786479
|teamsize|p1|4
|teamsize|p2|4
|start
|switch|p1a: Dragonite|Dragonite, L50, F|100/100
|switch|p1b: Sneasler|Sneasler, L50, F|100/100
|switch|p2a: Charizard|Charizard, L50, F, shiny|100/100
|switch|p2b: Grimmsnarl|Grimmsnarl, L50, M, shiny|100/100
|turn|1
|
|t:|1784786504
|detailschange|p2a: Charizard|Charizard-Mega-Y, L50, F, shiny
|-mega|p2a: Charizard|Charizard|Charizardite Y
|-weather|SunnyDay|[from] ability: Drought|[of] p2a: Charizard
|move|p2a: Charizard|Protect|p2a: Charizard
|-singleturn|p2a: Charizard|Protect
|move|p1b: Sneasler|Fake Out|p2a: Charizard
|-activate|p2a: Charizard|move: Protect
|move|p2b: Grimmsnarl|Reflect|p2b: Grimmsnarl
|-sidestart|p2: TheLeoj|Reflect
|move|p1a: Dragonite|Dragon Claw|p2a: Charizard
|-activate|p2a: Charizard|move: Protect
|
|-weather|SunnyDay|[upkeep]
|upkeep
|turn|2
|
|t:|1784786527
|switch|p2a: Venusaur|Venusaur, L50, M, shiny|100/100
|move|p1b: Sneasler|Dire Claw|p2a: Venusaur
|-damage|p2a: Venusaur|60/100
|move|p1a: Dragonite|Dragon Claw|p2a: Venusaur
|-damage|p2a: Venusaur|7/100
|-damage|p1a: Dragonite|90/100|[from] item: Life Orb
|move|p2b: Grimmsnarl|Spirit Break|p1a: Dragonite
|-supereffective|p1a: Dragonite|1
|-damage|p1a: Dragonite|25/100
|-unboost|p1a: Dragonite|spa|1
|
|-weather|SunnyDay|[upkeep]
|upkeep
|turn|3
|inactive|blazikenisgoated has 30 seconds left.
|inactive|TheLeoj has 30 seconds left.
|
|t:|1784786556
|move|p1a: Dragonite|Extreme Speed|p2a: Venusaur
|-damage|p2a: Venusaur|0 fnt
|faint|p2a: Venusaur
|-damage|p1a: Dragonite|15/100|[from] item: Life Orb
|move|p1b: Sneasler|Dire Claw|p2b: Grimmsnarl
|-supereffective|p2b: Grimmsnarl|1
|-damage|p2b: Grimmsnarl|40/100
|move|p2b: Grimmsnarl|Spirit Break|p1a: Dragonite
|-supereffective|p1a: Dragonite|1
|-damage|p1a: Dragonite|0 fnt
|faint|p1a: Dragonite
|
|-weather|SunnyDay|[upkeep]
|upkeep
|
|t:|1784786572
|switch|p1a: Toxapex|Toxapex, L50, M|100/100
|switch|p2a: Basculegion|Basculegion, L50, M, shiny|100/100
|turn|4
|inactive|TheLeoj has 30 seconds left.
|
|t:|1784786600
|move|p2a: Basculegion|Flip Turn|p1b: Sneasler
|-damage|p1b: Sneasler|66/100
|
|t:|1784786603
|switch|p2a: Charizard|Charizard-Mega-Y, L50, F, shiny|100/100|[from] Flip Turn
|move|p1b: Sneasler|Dire Claw|p2a: Charizard
|-damage|p2a: Charizard|72/100
|move|p2b: Grimmsnarl|Spirit Break|p1b: Sneasler
|-damage|p1b: Sneasler|14/100
|-unboost|p1b: Sneasler|spa|1
|move|p1a: Toxapex|Infestation|p2a: Charizard
|-resisted|p2a: Charizard|2
|-damage|p2a: Charizard|72/100
|-activate|p2a: Charizard|move: Infestation|[of] p1a: Toxapex
|
|-weather|SunnyDay|[upkeep]
|-damage|p2a: Charizard|60/100|[from] move: Infestation|[partiallytrapped]
|upkeep
|turn|5
|
|t:|1784786626
|move|p1b: Sneasler|Protect|p1b: Sneasler
|-singleturn|p1b: Sneasler|Protect
|move|p2b: Grimmsnarl|Light Screen|p2b: Grimmsnarl
|-sidestart|p2: TheLeoj|move: Light Screen
|move|p2a: Charizard|Weather Ball|p1b: Sneasler
|-activate|p1b: Sneasler|move: Protect
|move|p1a: Toxapex|Infestation|p2b: Grimmsnarl
|-damage|p2b: Grimmsnarl|38/100
|-activate|p2b: Grimmsnarl|move: Infestation|[of] p1a: Toxapex
|
|-weather|none
|-damage|p2a: Charizard|48/100|[from] move: Infestation|[partiallytrapped]
|-damage|p2b: Grimmsnarl|25/100|[from] move: Infestation|[partiallytrapped]
|upkeep
|turn|6
|inactive|blazikenisgoated has 30 seconds left.
|
|t:|1784786654
|move|p1b: Sneasler|Dire Claw|p2a: Charizard
|-damage|p2a: Charizard|22/100
|move|p2a: Charizard|Weather Ball|p1b: Sneasler
|-damage|p1b: Sneasler|0 fnt
|faint|p1b: Sneasler
|move|p2b: Grimmsnarl|Spirit Break|p1a: Toxapex
|-resisted|p1a: Toxapex|1
|-damage|p1a: Toxapex|90/100
|-unboost|p1a: Toxapex|spa|1
|move|p1a: Toxapex|Toxic|p2a: Charizard
|-status|p2a: Charizard|tox
|
|-heal|p1a: Toxapex|96/100|[from] item: Leftovers
|-damage|p2a: Charizard|16/100 tox|[from] psn
|-damage|p2a: Charizard|4/100 tox|[from] move: Infestation|[partiallytrapped]
|-damage|p2b: Grimmsnarl|13/100|[from] move: Infestation|[partiallytrapped]
|upkeep
|
|t:|1784786671
|switch|p1b: Blaziken|Blaziken, L50, F|100/100
|turn|7
|
|t:|1784786689
|move|p1b: Blaziken|Protect|p1b: Blaziken
|-singleturn|p1b: Blaziken|Protect
|move|p2a: Charizard|Weather Ball|p1b: Blaziken
|-activate|p1b: Blaziken|move: Protect
|move|p2b: Grimmsnarl|Spirit Break|p1b: Blaziken
|-activate|p1b: Blaziken|move: Protect
|move|p1a: Toxapex|Toxic|p2b: Grimmsnarl
|-status|p2b: Grimmsnarl|tox
|
|-heal|p1a: Toxapex|100/100|[from] item: Leftovers
|-damage|p2a: Charizard|0 fnt|[from] psn
|faint|p2a: Charizard
|-damage|p2b: Grimmsnarl|7/100 tox|[from] psn
|-damage|p2b: Grimmsnarl|0 fnt|[from] move: Infestation|[partiallytrapped]
|faint|p2b: Grimmsnarl
|-ability|p1b: Blaziken|Speed Boost|boost
|-boost|p1b: Blaziken|spe|1
|upkeep
|
|t:|1784786692
|switch|p2b: Basculegion|Basculegion, L50, M, shiny|100/100
|turn|8
|inactive|blazikenisgoated has 30 seconds left.
|
|t:|1784786720
|detailschange|p1b: Blaziken|Blaziken-Mega, L50, F
|-mega|p1b: Blaziken|Blaziken|Blazikenite
|move|p1b: Blaziken|Flare Blitz|p2b: Basculegion
|-resisted|p2b: Basculegion|1
|-damage|p2b: Basculegion|68/100
|-damage|p1b: Blaziken|87/100|[from] Recoil
|move|p2b: Basculegion|Last Respects|p1b: Blaziken
|-damage|p1b: Blaziken|0 fnt
|faint|p1b: Blaziken
|move|p1a: Toxapex|Infestation|p2b: Basculegion
|-resisted|p2b: Basculegion|1
|-damage|p2b: Basculegion|68/100
|-activate|p2b: Basculegion|move: Infestation|[of] p1a: Toxapex
|
|-damage|p2b: Basculegion|55/100|[from] move: Infestation|[partiallytrapped]
|-sideend|p2: TheLeoj|Reflect
|upkeep
|turn|9
|
|t:|1784786737
|move|p1a: Toxapex|Baneful Bunker|p1a: Toxapex
|-singleturn|p1a: Toxapex|move: Protect
|move|p2b: Basculegion|Last Respects|p1a: Toxapex
|-activate|p1a: Toxapex|move: Protect
|
|-damage|p2b: Basculegion|43/100|[from] move: Infestation|[partiallytrapped]
|upkeep
|turn|10
|
|t:|1784786745
|move|p2b: Basculegion|Last Respects|p1a: Toxapex
|-damage|p1a: Toxapex|9/100
|move|p1a: Toxapex|Toxic|p2b: Basculegion
|-status|p2b: Basculegion|tox
|
|-heal|p1a: Toxapex|15/100|[from] item: Leftovers
|-damage|p2b: Basculegion|37/100 tox|[from] psn
|-damage|p2b: Basculegion|25/100 tox|[from] move: Infestation|[partiallytrapped]
|upkeep
|turn|11
|
|t:|1784786755
|move|p1a: Toxapex|Baneful Bunker|p1a: Toxapex
|-singleturn|p1a: Toxapex|move: Protect
|move|p2b: Basculegion|Last Respects|p1a: Toxapex
|-activate|p1a: Toxapex|move: Protect
|
|-heal|p1a: Toxapex|21/100|[from] item: Leftovers
|-damage|p2b: Basculegion|13/100 tox|[from] psn
|-damage|p2b: Basculegion|1/100 tox|[from] move: Infestation|[partiallytrapped]
|upkeep
|turn|12
|
|t:|1784786763
|move|p1a: Toxapex|Baneful Bunker||[still]
|-fail|p1a: Toxapex
|move|p2b: Basculegion|Last Respects|p1a: Toxapex
|-damage|p1a: Toxapex|0 fnt
|faint|p1a: Toxapex
|
|win|TheLeoj
|raw|blazikenisgoated's rating: 1109 → 1087(-22 for losing)
|raw|TheLeoj's rating: 1149 → 1171(+22 for winning)
