|j|☆lemonancy
|j|☆HADES055
|html|lemonancyHADES055    
|uhtml|bestof|Game 3 of a best-of-3
|t:|1784769394
|gametype|doubles
|player|p1|lemonancy|bellelba|
|player|p2|HADES055|pokemaniac|
|gen|9
|tier|[Gen 9 Champions] VGC 2026 Reg M-B (Bo3)
|rule|Species Clause: Limit one of each Pokémon
|rule|Item Clause: Limit 1 of each item
|clearpoke
|poke|p1|Raichu, L50, M|
|poke|p1|Farigiraf, L50, F|
|poke|p1|Mawile, L50, F|
|poke|p1|Garchomp, L50, F|
|poke|p1|Vivillon, L50, F|
|poke|p1|Torkoal, L50, M|
|poke|p2|Raichu, L50, M|
|poke|p2|Sinistcha, L50|
|poke|p2|Corviknight, L50, F|
|poke|p2|Sylveon, L50, F|
|poke|p2|Garchomp, L50, F|
|poke|p2|Tyranitar, L50, F|
|teampreview|4
|showteam|p1|Raichu||RaichuniteY|LightningRod|FakeOut,ZapCannon,FocusBlast,Protect|Modest||M|||50|]Farigiraf||SitrusBerry|ArmorTail|Psychic,TrickRoom,HelpingHand,Thunderbolt|Relaxed||F|||50|]Mawile||Mawilite|Intimidate|PlayRough,RockSlide,SuckerPunch,Protect|Adamant||F|||50|]Garchomp||LifeOrb|RoughSkin|Earthquake,DragonClaw,RockSlide,Protect|Jolly||F|||50|]Vivillon||FocusSash|CompoundEyes|SleepPowder,Hurricane,RagePowder,Protect|Timid||F|||50|]Torkoal||Charcoal|Drought|Eruption,EarthPower,WeatherBall,Protect|Quiet||M|||50|
|showteam|p2|Raichu||RaichuniteY|LightningRod|ZapCannon,FocusBlast,FakeOut,Protect|Timid||M|||50|]Sinistcha||KasibBerry|Hospitality|MatchaGotcha,ShadowBall,RagePowder,Protect|Modest|||||50|]Corviknight||Leftovers|MirrorArmor|IronHead,BraveBird,Tailwind,Protect|Adamant||F|||50|]Sylveon||FairyFeather|Pixilate|HyperVoice,QuickAttack,Yawn,Detect|Modest||F|||50|]Garchomp||SitrusBerry|RoughSkin|DragonClaw,StompingTantrum,RockSlide,Protect|Adamant||F|||50|]Tyranitar||FocusSash|SandStream|RockSlide,KnockOff,Superpower,Protect|Adamant||F|||50|
|j| Lepotatochip
|j| magnetman210
|j| Blizz.vg
|c|☆lemonancy|gl gl gl
|inactive|Battle timer is ON: inactive players will automatically lose when time's up. (requested by lemonancy)
|c|☆HADES055|gl hf
|l| Lepotatochip
|j| shrimplyasapphic
|l| magnetman210
|inactive|lemonancy has 60 seconds left.
|
|t:|1784769443
|teamsize|p1|4
|teamsize|p2|4
|start
|switch|p1a: Garchomp|Garchomp, L50, F|100/100
|switch|p1b: Vivillon|Vivillon, L50, F|100/100
|switch|p2a: Sinistcha|Sinistcha, L50|100/100
|switch|p2b: Sylveon|Sylveon, L50, F|100/100
|turn|1
|j| magnetman210
|inactive|lemonancy has 30 seconds left.
|inactive|HADES055 has 30 seconds left.
|inactive|lemonancy has 20 seconds left.
|j| dingle bong
|inactive|lemonancy has 15 seconds left.
|inactive|lemonancy has 10 seconds left.
|
|t:|1784769490
|move|p2a: Sinistcha|Rage Powder|p2a: Sinistcha
|-singleturn|p2a: Sinistcha|move: Rage Powder
|move|p1a: Garchomp|Earthquake|p2b: Sylveon|[spread] p2a,p2b
|-immune|p1b: Vivillon
|-resisted|p2a: Sinistcha|1
|-damage|p2a: Sinistcha|77/100
|-damage|p2b: Sylveon|49/100
|-damage|p1a: Garchomp|90/100|[from] item: Life Orb
|move|p1b: Vivillon|Hurricane|p2a: Sinistcha
|-supereffective|p2a: Sinistcha|1
|-damage|p2a: Sinistcha|0 fnt
|faint|p2a: Sinistcha
|move|p2b: Sylveon|Hyper Voice|p1a: Garchomp|[spread] p1a,p1b
|-supereffective|p1a: Garchomp|1
|-crit|p1a: Garchomp
|-damage|p1a: Garchomp|0 fnt
|-damage|p1b: Vivillon|15/100
|faint|p1a: Garchomp
|
|upkeep
|
|t:|1784769504
|switch|p1a: Raichu|Raichu, L50, M|100/100
|switch|p2a: Raichu|Raichu, L50, M|100/100
|turn|2
|inactive|lemonancy has 30 seconds left.
|
|t:|1784769530
|switch|p1b: Farigiraf|Farigiraf, L50, F|100/100
|detailschange|p2a: Raichu|Raichu-Mega-Y, L50, M
|-mega|p2a: Raichu|Raichu|Raichunite Y
|detailschange|p1a: Raichu|Raichu-Mega-Y, L50, M
|-mega|p1a: Raichu|Raichu|Raichunite Y
|move|p2a: Raichu|Fake Out||[still]
|cant|p1b: Farigiraf|ability: Armor Tail|Fake Out|[of] p2a: Raichu
|move|p1a: Raichu|Fake Out|p2b: Sylveon
|-damage|p2b: Sylveon|39/100
|cant|p2b: Sylveon|flinch
|
|upkeep
|turn|3
|inactive|lemonancy has 30 seconds left.
|inactive|HADES055 has 30 seconds left.
|
|t:|1784769559
|move|p2a: Raichu|Focus Blast|p1a: Raichu
|-damage|p1a: Raichu|38/100
|move|p1a: Raichu|Zap Cannon|p2b: Sylveon
|-damage|p2b: Sylveon|0 fnt
|faint|p2b: Sylveon
|move|p1b: Farigiraf|Trick Room|p1b: Farigiraf
|-fieldstart|move: Trick Room|[of] p1b: Farigiraf
|
|upkeep
|
|t:|1784769565
|switch|p2b: Corviknight|Corviknight, L50, F|100/100
|turn|4
|inactive|HADES055 has 30 seconds left.
|inactive|HADES055 has 20 seconds left.
|inactive|lemonancy has 30 seconds left.
|
|t:|1784769611
|move|p1b: Farigiraf|Thunderbolt|p2b: Corviknight
|-supereffective|p2b: Corviknight|1
|-damage|p2b: Corviknight|47/100
|move|p2b: Corviknight|Brave Bird|p1a: Raichu
|-resisted|p1a: Raichu|1
|-damage|p1a: Raichu|0 fnt
|faint|p1a: Raichu
|-damage|p2b: Corviknight|37/100|[from] Recoil
|move|p2a: Raichu|Focus Blast|p1b: Farigiraf
|-crit|p1b: Farigiraf
|-damage|p1b: Farigiraf|44/100
|-enditem|p1b: Farigiraf|Sitrus Berry|[eat]
|-heal|p1b: Farigiraf|69/100|[from] item: Sitrus Berry
|
|-heal|p2b: Corviknight|43/100|[from] item: Leftovers
|upkeep
|j| Lepotatochip
|
|t:|1784769626
|switch|p1a: Vivillon|Vivillon, L50, F|15/100
|turn|5
|
|t:|1784769638
|move|p2b: Corviknight|Protect|p2b: Corviknight
|-singleturn|p2b: Corviknight|Protect
|move|p2a: Raichu|Protect|p2a: Raichu
|-singleturn|p2a: Raichu|Protect
|move|p1b: Farigiraf|Thunderbolt|p2b: Corviknight
|-activate|p2b: Corviknight|move: Protect
|move|p1a: Vivillon|Sleep Powder|p2a: Raichu
|-activate|p2a: Raichu|move: Protect
|
|-heal|p2b: Corviknight|50/100y|[from] item: Leftovers
|upkeep
|turn|6
|
|t:|1784769652
|move|p1b: Farigiraf|Thunderbolt|p2b: Corviknight
|-supereffective|p2b: Corviknight|1
|-damage|p2b: Corviknight|0 fnt
|faint|p2b: Corviknight
|move|p1a: Vivillon|Sleep Powder|p2a: Raichu
|-status|p2a: Raichu|slp|[from] move: Sleep Powder
|cant|p2a: Raichu|slp
|
|upkeep
|turn|7
|
|t:|1784769664
|move|p1b: Farigiraf|Psychic|p2a: Raichu
|-damage|p2a: Raichu|59/100 slp
|move|p1a: Vivillon|Hurricane|p2a: Raichu
|-resisted|p2a: Raichu|1
|-damage|p2a: Raichu|30/100 slp
|-curestatus|p2a: Raichu|slp|[msg]
|move|p2a: Raichu|Zap Cannon|p1a: Vivillon
|-supereffective|p1a: Vivillon|1
|-damage|p1a: Vivillon|0 fnt
|faint|p1a: Vivillon
|
|-fieldend|move: Trick Room
|upkeep
|turn|8
|
|t:|1784769681
|move|p2a: Raichu|Zap Cannon|p1b: Farigiraf
|-damage|p1b: Farigiraf|5/100
|-status|p1b: Farigiraf|par
|move|p1b: Farigiraf|Psychic|p2a: Raichu
|-damage|p2a: Raichu|0 fnt
|faint|p2a: Raichu
|
|win|lemonancy
|c|☆lemonancy|ggs!
|c|☆HADES055|ggs
|l| dingle bong
|c|☆lemonancy|I'll submit
|c|☆lemonancy|go call your friends
|c|☆lemonancy|have a nice night, friend <3
|l| magnetman210
|c|☆HADES055|you too man
|l| Blizz.vg
