|j|☆AngelSodomia
|j|☆sum1dum
|html|AngelSodomiasum1dum    
|uhtml|bestof|Game 1 of a best-of-3
|t:|1783135583
|gametype|doubles
|player|p1|AngelSodomia|265|1101
|player|p2|sum1dum|rosa|1280
|gen|9
|tier|[Gen 9 Champions] VGC 2026 Reg M-B (Bo3)
|rated|
|rule|Species Clause: Limit one of each Pokémon
|rule|Item Clause: Limit 1 of each item
|clearpoke
|poke|p1|Mimikyu, L50, F|
|poke|p1|Torkoal, L50, F|
|poke|p1|Clawitzer, L50, F|
|poke|p1|Slowking, L50, M|
|poke|p1|Snorlax, L50, F|
|poke|p1|Crabominable, L50, M|
|poke|p2|Gliscor, L50, M|
|poke|p2|Primarina, L50, F|
|poke|p2|Metagross, L50|
|poke|p2|Ninetales-Alola, L50, M|
|poke|p2|Incineroar, L50, F|
|poke|p2|Sinistcha, L50|
|teampreview|4
|showteam|p1|Mimikyu||MentalHerb|Disguise|PlayRough,ShadowSneak,TrickRoom,WillOWisp|Brave||F|||50|]Torkoal||Charcoal|Drought|Eruption,EarthPower,SolarBeam,Protect|Quiet||F|||50|]Clawitzer||LifeOrb|MegaLauncher|AuraSphere,DarkPulse,Protect,WaterPulse|Quiet||F|||50|]Slowking||Leftovers|Regenerator|Scald,TrickRoom,Psychic,PowerGem|Quiet||M|||50|]Snorlax||ChestoBerry|ThickFat|BodySlam,Crunch,Rest,Stockpile|Brave||F|||50|]Crabominable||Crabominite|HyperCutter|IceHammer,ThunderPunch,CloseCombat,Protect|Brave||M|||50|
|showteam|p2|Gliscor||LifeOrb|HyperCutter|DualWingbeat,HighHorsepower,Protect,RockSlide|Jolly||M|||50|]Primarina||Leftovers|LiquidVoice|CalmMind,HyperVoice,Moonblast,Protect|Modest||F|||50|]Metagross||Metagrossite|ClearBody|BulletPunch,IronHead,Protect,PsychicFangs|Jolly|||||50|]Ninetales-Alola||LightClay|SnowWarning|AuroraVeil,FreezeDry,Moonblast,Protect|Timid||M|||50|]Incineroar||ChopleBerry|Intimidate|FakeOut,FlareBlitz,DarkestLariat,PartingShot|Impish||F|||50|]Sinistcha||SitrusBerry|Hospitality|MatchaGotcha,Protect,LifeDew,RagePowder|Bold|||||50|
|inactive|Battle timer is ON: inactive players will automatically lose when time's up. (requested by sum1dum)
|inactive|AngelSodomia has 60 seconds left.
|inactive|sum1dum has 60 seconds left.
|
|t:|1783135640
|teamsize|p1|4
|teamsize|p2|4
|start
|switch|p1a: Mimikyu|Mimikyu, L50, F|100/100
|switch|p1b: Torkoal|Torkoal, L50, F|100/100
|switch|p2a: Bravery|Gliscor, L50, M|100/100
|switch|p2b: Perserverance|Metagross, L50|100/100
|-weather|SunnyDay|[from] ability: Drought|[of] p1b: Torkoal
|turn|1
|
|t:|1783135663
|move|p1b: Torkoal|Protect|p1b: Torkoal
|-singleturn|p1b: Torkoal|Protect
|move|p2a: Bravery|Rock Slide|p1b: Torkoal|[spread] p1a
|-activate|p1b: Torkoal|move: Protect
|-activate|p1a: Mimikyu|ability: Disguise
|-damage|p1a: Mimikyu|100/100
|detailschange|p1a: Mimikyu|Mimikyu-Busted, L50, F
|-damage|p1a: Mimikyu|87/100|[from] pokemon: Mimikyu-Busted
|-damage|p2a: Bravery|90/100|[from] item: Life Orb
|move|p2b: Perserverance|Iron Head|p1a: Mimikyu
|-supereffective|p1a: Mimikyu|1
|-damage|p1a: Mimikyu|0 fnt
|faint|p1a: Mimikyu
|
|-weather|SunnyDay|[upkeep]
|upkeep
|
|t:|1783135681
|switch|p1a: Clawitzer|Clawitzer, L50, F|100/100
|turn|2
|
|t:|1783135694
|detailschange|p2b: Perserverance|Metagross-Mega, L50
|-mega|p2b: Perserverance|Metagross|Metagrossite
|move|p2b: Perserverance|Psychic Fangs|p1a: Clawitzer
|-damage|p1a: Clawitzer|25/100
|move|p2a: Bravery|High Horsepower|p1b: Torkoal
|-supereffective|p1b: Torkoal|1
|-damage|p1b: Torkoal|16/100
|-damage|p2a: Bravery|80/100|[from] item: Life Orb
|move|p1a: Clawitzer|Dark Pulse|p2b: Perserverance
|-supereffective|p2b: Perserverance|1
|-damage|p2b: Perserverance|0 fnt
|faint|p2b: Perserverance
|-damage|p1a: Clawitzer|16/100|[from] item: Life Orb
|move|p1b: Torkoal|Eruption|p2a: Bravery
|-damage|p2a: Bravery|50/100y
|
|-weather|SunnyDay|[upkeep]
|upkeep
|
|t:|1783135699
|switch|p2b: Patience|Primarina, L50, F|100/100
|turn|3
|inactive|AngelSodomia has 30 seconds left.
|
|t:|1783135728
|move|p2a: Bravery|High Horsepower|p1b: Torkoal
|-supereffective|p1b: Torkoal|1
|-damage|p1b: Torkoal|0 fnt
|faint|p1b: Torkoal
|-damage|p2a: Bravery|40/100|[from] item: Life Orb
|move|p2b: Patience|Moonblast|p1a: Clawitzer
|-damage|p1a: Clawitzer|0 fnt
|faint|p1a: Clawitzer
|
|-weather|SunnyDay|[upkeep]
|upkeep
|
|t:|1783135737
|switch|p1a: Snorlax|Snorlax, L50, F|100/100
|turn|4
|
|t:|1783135742
|move|p2a: Bravery|High Horsepower|p1a: Snorlax
|-damage|p1a: Snorlax|50/100g
|-damage|p2a: Bravery|30/100|[from] item: Life Orb
|move|p2b: Patience|Moonblast|p1a: Snorlax
|-damage|p1a: Snorlax|23/100
|move|p1a: Snorlax|Stockpile|p1a: Snorlax
|-start|p1a: Snorlax|stockpile1
|-boost|p1a: Snorlax|def|1
|-boost|p1a: Snorlax|spd|1
|
|-weather|SunnyDay|[upkeep]
|upkeep
|turn|5
|
|t:|1783135756
|move|p2a: Bravery|High Horsepower|p1a: Snorlax
|-damage|p1a: Snorlax|0 fnt
|faint|p1a: Snorlax
|-damage|p2a: Bravery|20/100r|[from] item: Life Orb
|
|win|sum1dum
