|j|☆SilkSongClave
|j|☆luckstat10
|html|SilkSongClaveluckstat10    
|uhtml|bestof|Game 2 of a best-of-3
|t:|1757709081
|gametype|doubles
|player|p1|SilkSongClave|artist-gen4|1088
|player|p2|luckstat10|265|1195
|gen|9
|tier|[Gen 9] VGC 2025 Reg H (Bo3)
|rated|
|rule|Species Clause: Limit one of each Pokémon
|rule|Item Clause: Limit 1 of each item
|clearpoke
|poke|p1|Excadrill, L50, M|
|poke|p1|Sneasler, L50, F|
|poke|p1|Indeedee, L50, M|
|poke|p1|Tyranitar, L50, F|
|poke|p1|Corviknight, L50, F|
|poke|p1|Annihilape, L50, M|
|poke|p2|Whimsicott, L50, F|
|poke|p2|Typhlosion-Hisui, L50, M|
|poke|p2|Indeedee, L50, M|
|poke|p2|Sneasler, L50, F|
|poke|p2|Dragapult, L50, F|
|poke|p2|Maushold-Four, L50|
|teampreview|4
|showteam|p1|Excadrill||FocusSash|SandRush|IronHead,HighHorsepower,Earthquake,Protect|||M|||50|,,,,,Stellar]Sneasler||PsychicSeed|Unburden|DireClaw,CloseCombat,ThroatChop,Protect|||F|||50|,,,,,Dark]Indeedee||ChoiceScarf|PsychicSurge|ExpandingForce,TeraBlast,Protect,Trick|||M|||50|,,,,,Psychic]Tyranitar||AssaultVest|SandStream|RockSlide,KnockOff,LowKick,TeraBlast|||F|||50|,,,,,Flying]Corviknight||SitrusBerry|MirrorArmor|BraveBird,Tailwind,Roost,BulkUp|||F|||50|,,,,,Dragon]Annihilape||SafetyGoggles|Defiant|CloseCombat,RageFist,Taunt,FinalGambit|||M|||50|,,,,,Water
|showteam|p2|Whimsicott||CovertCloak|Prankster|Tailwind,SunnyDay,Encore,Moonblast|||F|||50|,,,,,Fire]Typhlosion-Hisui||ChoiceScarf|Blaze|Eruption,HeatWave,ShadowBall,Flamethrower|||M|||50|,,,,,Fire]Indeedee||FocusSash|PsychicSurge|ExpandingForce,Imprison,TrickRoom,Protect|||M|||50|,,,,,Psychic]Sneasler||PsychicSeed|Unburden|DireClaw,CloseCombat,ThroatChop,Protect|||F|||50|,,,,,Dark]Dragapult||ChoiceBand|ClearBody|DragonDarts,PhantomForce,TeraBlast,Uturn|||F|||50|,,,,,Fighting]Maushold-Four||WideLens|Technician|PopulationBomb,Taunt,FollowMe,Protect||||||50|,,,,,Fairy
|
|t:|1757709099
|teamsize|p1|4
|teamsize|p2|4
|start
|switch|p1a: Corviknight|Corviknight, L50, F|100/100
|switch|p1b: Annihilape|Annihilape, L50, M|100/100
|switch|p2a: Typhlosion|Typhlosion-Hisui, L50, M, shiny|100/100
|switch|p2b: Indeedee|Indeedee, L50, M|100/100
|-fieldstart|move: Psychic Terrain|[from] ability: Psychic Surge|[of] p2b: Indeedee
|turn|1
|
|t:|1757709118
|switch|p1b: Tyranitar|Tyranitar, L50, F|100/100
|-weather|Sandstorm|[from] ability: Sand Stream|[of] p1b: Tyranitar
|-terastallize|p1a: Corviknight|Dragon
|move|p2a: Typhlosion|Eruption|p1a: Corviknight|[spread] p1a,p1b
|-resisted|p1a: Corviknight
|-resisted|p1b: Tyranitar
|-damage|p1a: Corviknight|73/100
|-damage|p1b: Tyranitar|88/100
|move|p2b: Indeedee|Expanding Force|p1a: Corviknight|[spread] p1a
|-immune|p1b: Tyranitar
|-damage|p1a: Corviknight|27/100
|-enditem|p1a: Corviknight|Sitrus Berry|[eat]
|-heal|p1a: Corviknight|52/100|[from] item: Sitrus Berry
|move|p1a: Corviknight|Tailwind|p1a: Corviknight
|-sidestart|p1: SilkSongClave|move: Tailwind
|
|-weather|Sandstorm|[upkeep]
|-damage|p2a: Typhlosion|94/100|[from] Sandstorm
|-damage|p1a: Corviknight|46/100|[from] Sandstorm
|-damage|p2b: Indeedee|95/100|[from] Sandstorm
|upkeep
|turn|2
|
|t:|1757709141
|move|p2b: Indeedee|Protect|p2b: Indeedee
|-singleturn|p2b: Indeedee|Protect
|move|p1b: Tyranitar|Rock Slide|p2b: Indeedee|[spread] p2a
|-activate|p2b: Indeedee|move: Protect
|-supereffective|p2a: Typhlosion
|-damage|p2a: Typhlosion|6/100
|move|p2a: Typhlosion|Eruption|p1a: Corviknight|[spread] p1a,p1b
|-resisted|p1a: Corviknight
|-resisted|p1b: Tyranitar
|-damage|p1a: Corviknight|44/100
|-damage|p1b: Tyranitar|87/100
|move|p1a: Corviknight|Brave Bird|p2b: Indeedee
|-activate|p2b: Indeedee|move: Protect
|
|-weather|Sandstorm|[upkeep]
|-damage|p2a: Typhlosion|0 fnt|[from] Sandstorm
|-damage|p1a: Corviknight|39/100|[from] Sandstorm
|-damage|p2b: Indeedee|89/100|[from] Sandstorm
|faint|p2a: Typhlosion
|upkeep
|
|t:|1757709144
|switch|p2a: Sneasler|Sneasler, L50, F|100/100
|-enditem|p2a: Sneasler|Psychic Seed
|-boost|p2a: Sneasler|spd|1|[from] item: Psychic Seed
|turn|3
|
|t:|1757709197
|-terastallize|p2a: Sneasler|Dark
|move|p2a: Sneasler|Close Combat|p1b: Tyranitar
|-supereffective|p1b: Tyranitar
|-damage|p1b: Tyranitar|0 fnt
|-unboost|p2a: Sneasler|def|1
|-unboost|p2a: Sneasler|spd|1
|faint|p1b: Tyranitar
|move|p1a: Corviknight|Brave Bird|p2b: Indeedee
|-damage|p2b: Indeedee|1/100
|-damage|p1a: Corviknight|20/100|[from] Recoil
|move|p2b: Indeedee|Expanding Force|p1a: Corviknight
|-damage|p1a: Corviknight|0 fnt
|faint|p1a: Corviknight
|
|-weather|Sandstorm|[upkeep]
|-damage|p2a: Sneasler|95/100|[from] Sandstorm
|-damage|p2b: Indeedee|0 fnt|[from] Sandstorm
|faint|p2b: Indeedee
|upkeep
|
|t:|1757709214
|switch|p2b: Maushold|Maushold-Four, L50|100/100
|switch|p1b: Annihilape|Annihilape, L50, M|100/100
|switch|p1a: Excadrill|Excadrill, L50, M|100/100
|turn|4
|
|t:|1757709224
|move|p2a: Sneasler|Protect|p2a: Sneasler
|-singleturn|p2a: Sneasler|Protect
|move|p2b: Maushold|Protect|p2b: Maushold
|-singleturn|p2b: Maushold|Protect
|move|p1a: Excadrill|High Horsepower|p2a: Sneasler
|-activate|p2a: Sneasler|move: Protect
|move|p1b: Annihilape|Close Combat|p2b: Maushold
|-activate|p2b: Maushold|move: Protect
|
|-weather|Sandstorm|[upkeep]
|-damage|p2a: Sneasler|89/100|[from] Sandstorm
|-damage|p2b: Maushold|94/100|[from] Sandstorm
|-sideend|p1: SilkSongClave|move: Tailwind
|upkeep
|turn|5
|
|t:|1757709249
|move|p2a: Sneasler|Protect||[still]
|-fail|p2a: Sneasler
|move|p2b: Maushold|Protect||[still]
|-fail|p2b: Maushold
|move|p1a: Excadrill|Earthquake|p2a: Sneasler|[spread] p1b,p2a,p2b
|-damage|p1b: Annihilape|57/100
|-damage|p2a: Sneasler|0 fnt
|-damage|p2b: Maushold|24/100
|faint|p2a: Sneasler
|move|p1b: Annihilape|Close Combat|p2b: Maushold
|-supereffective|p2b: Maushold
|-damage|p2b: Maushold|0 fnt
|-unboost|p1b: Annihilape|def|1
|-unboost|p1b: Annihilape|spd|1
|faint|p2b: Maushold
|
|win|SilkSongClave
|raw|SilkSongClave's rating: 1088 → 1123(+35 for winning)
|raw|luckstat10's rating: 1195 → 1163(-32 for losing)
