|j|☆Brutalandathebozz
|j|☆Chandeliere
|html|BrutalandathebozzChandeliere    
|uhtml|bestof|Game 2 of a best-of-3
|t:|1756717705
|gametype|doubles
|player|p1|Brutalandathebozz|266|1313
|player|p2|Chandeliere|ethan|1233
|gen|9
|tier|[Gen 9] VGC 2025 Reg H (Bo3)
|rated|
|rule|Species Clause: Limit one of each Pokémon
|rule|Item Clause: Limit 1 of each item
|clearpoke
|poke|p1|Sneasler, L50, M|
|poke|p1|Electabuzz, L50, F|
|poke|p1|Rillaboom, L50, M|
|poke|p1|Primarina, L50, F|
|poke|p1|Kingambit, L50, F|
|poke|p1|Volcarona, L50, F|
|poke|p2|Ninetales-Alola, L50, F|
|poke|p2|Gholdengo, L50|
|poke|p2|Garchomp, L50, M|
|poke|p2|Incineroar, L50, M|
|poke|p2|Sneasler, L50, F|
|poke|p2|Corviknight, L50, M|
|teampreview|4
|showteam|p1|Sneasler||FocusSash|PoisonTouch|FakeOut,CloseCombat,DireClaw,Protect|||M|||50|,,,,,Ghost]Electabuzz||Eviolite|VitalSpirit|Protect,Taunt,FollowMe,Electroweb|||F|||50|,,,,,Ghost]Rillaboom||AssaultVest|GrassySurge|WoodHammer,GrassyGlide,FakeOut,HighHorsepower|||M|||50|,,,,,Fire]Primarina||SitrusBerry|LiquidVoice|HyperVoice,Moonblast,Protect,Haze|||F|||50|,,,,,Poison]Kingambit||BlackGlasses|Defiant|KowtowCleave,SuckerPunch,Protect,SwordsDance|||F|||50|,,,,,Dark]Volcarona||CovertCloak|FlameBody|HeatWave,TeraBlast,QuiverDance,Protect|||F|||50|,,,,,Fairy
|showteam|p2|Ninetales-Alola||LightClay|SnowWarning|AuroraVeil,Blizzard,FreezeDry,Protect|||F|||50|,,,,,Ghost]Gholdengo||LifeOrb|GoodasGold|MakeItRain,ShadowBall,NastyPlot,Protect||||||50|,,,,,Water]Garchomp||ClearAmulet|RoughSkin|Earthquake,StompingTantrum,DragonClaw,Protect|||M|||50|,,,,,Ground]Incineroar||AssaultVest|Intimidate|FakeOut,KnockOff,FlareBlitz,PartingShot|||M|||50|,,,,,Grass]Sneasler||WhiteHerb|Unburden|Coaching,CloseCombat,DireClaw,Protect|||F|||50|,,,,,Ghost]Corviknight||SitrusBerry|MirrorArmor|BodyPress,BraveBird,Tailwind,Protect|||M|||50|,,,,,Fire
|inactive|Battle timer is ON: inactive players will automatically lose when time's up. (requested by Brutalandathebozz)
|inactive|Chandeliere has 60 seconds left.
|
|t:|1756717755
|teamsize|p1|4
|teamsize|p2|4
|start
|switch|p1a: Rillaboom|Rillaboom, L50, M|100/100
|switch|p1b: Volcarona|Volcarona, L50, F, shiny|100/100
|switch|p2a: Incineroar|Incineroar, L50, M|100/100
|switch|p2b: Sneasler|Sneasler, L50, F|100/100
|-fieldstart|move: Grassy Terrain|[from] ability: Grassy Surge|[of] p1a: Rillaboom
|-ability|p2a: Incineroar|Intimidate|boost
|-unboost|p1a: Rillaboom|atk|1
|-unboost|p1b: Volcarona|atk|1
|turn|1
|
|t:|1756717774
|move|p1a: Rillaboom|Fake Out|p2b: Sneasler
|-damage|p2b: Sneasler|90/100
|move|p2a: Incineroar|Fake Out|p1b: Volcarona
|-crit|p1b: Volcarona
|-damage|p1b: Volcarona|82/100
|cant|p2b: Sneasler|flinch
|move|p1b: Volcarona|Quiver Dance|p1b: Volcarona
|-boost|p1b: Volcarona|spa|1
|-boost|p1b: Volcarona|spd|1
|-boost|p1b: Volcarona|spe|1
|
|-heal|p1b: Volcarona|88/100|[from] Grassy Terrain
|-heal|p2b: Sneasler|96/100|[from] Grassy Terrain
|upkeep
|turn|2
|c|☆Chandeliere|oh im stupid lol
|
|t:|1756717796
|move|p2b: Sneasler|Protect|p2b: Sneasler
|-singleturn|p2b: Sneasler|Protect
|move|p1a: Rillaboom|Grassy Glide|p2b: Sneasler
|-activate|p2b: Sneasler|move: Protect
|move|p1b: Volcarona|Heat Wave|p2a: Incineroar|[spread] p2a
|-activate|p2b: Sneasler|move: Protect
|-resisted|p2a: Incineroar
|-damage|p2a: Incineroar|83/100
|move|p2a: Incineroar|Flare Blitz|p1b: Volcarona
|-damage|p1b: Volcarona|36/100
|-damage|p2a: Incineroar|66/100|[from] Recoil
|
|-heal|p1b: Volcarona|42/100|[from] Grassy Terrain
|-heal|p2b: Sneasler|100/100|[from] Grassy Terrain
|-heal|p2a: Incineroar|72/100|[from] Grassy Terrain
|upkeep
|turn|3
|
|t:|1756717816
|switch|p2b: Garchomp|Garchomp, L50, M|100/100
|switch|p1a: Electabuzz|Electabuzz, L50, F|100/100
|move|p1b: Volcarona|Protect|p1b: Volcarona
|-singleturn|p1b: Volcarona|Protect
|move|p2a: Incineroar|Flare Blitz|p1b: Volcarona
|-activate|p1b: Volcarona|move: Protect
|
|-heal|p1b: Volcarona|48/100|[from] Grassy Terrain
|-heal|p2a: Incineroar|78/100|[from] Grassy Terrain
|upkeep
|turn|4
|inactive|Brutalandathebozz has 30 seconds left.
|inactive|Brutalandathebozz has 20 seconds left.
|inactive|Brutalandathebozz has 15 seconds left.
|inactive|Brutalandathebozz has 10 seconds left.
|inactive|Brutalandathebozz has 5 seconds left.
|
|t:|1756717870
|-terastallize|p1b: Volcarona|Fairy
|move|p2b: Garchomp|Protect|p2b: Garchomp
|-singleturn|p2b: Garchomp|Protect
|move|p1a: Electabuzz|Follow Me|p1a: Electabuzz
|-singleturn|p1a: Electabuzz|move: Follow Me
|move|p1b: Volcarona|Quiver Dance|p1b: Volcarona
|-boost|p1b: Volcarona|spa|1
|-boost|p1b: Volcarona|spd|1
|-boost|p1b: Volcarona|spe|1
|move|p2a: Incineroar|Knock Off|p1a: Electabuzz
|-damage|p1a: Electabuzz|68/100
|-enditem|p1a: Electabuzz|Eviolite|[from] move: Knock Off|[of] p2a: Incineroar
|
|-heal|p1b: Volcarona|55/100|[from] Grassy Terrain
|-heal|p1a: Electabuzz|74/100|[from] Grassy Terrain
|-heal|p2a: Incineroar|84/100|[from] Grassy Terrain
|upkeep
|turn|5
|inactive|Chandeliere has 30 seconds left.
|
|t:|1756717900
|-terastallize|p2b: Garchomp|Ground
|move|p1a: Electabuzz|Follow Me|p1a: Electabuzz
|-singleturn|p1a: Electabuzz|move: Follow Me
|move|p1b: Volcarona|Tera Blast|p2b: Garchomp|[anim] Tera Blast Fairy
|-damage|p2b: Garchomp|12/100
|move|p2b: Garchomp|Stomping Tantrum|p1a: Electabuzz
|-supereffective|p1a: Electabuzz
|-damage|p1a: Electabuzz|0 fnt
|faint|p1a: Electabuzz
|move|p2a: Incineroar|Flare Blitz|p1b: Volcarona
|-damage|p1b: Volcarona|0 fnt
|faint|p1b: Volcarona
|-damage|p2a: Incineroar|67/100|[from] Recoil
|
|-heal|p2b: Garchomp|18/100|[from] Grassy Terrain
|-heal|p2a: Incineroar|73/100|[from] Grassy Terrain
|-fieldend|move: Grassy Terrain
|upkeep
|
|t:|1756717909
|switch|p1a: Rillaboom|Rillaboom, L50, M|100/100
|switch|p1b: Primarina|Primarina, L50, F|100/100
|-fieldstart|move: Grassy Terrain|[from] ability: Grassy Surge|[of] p1a: Rillaboom
|turn|6
|
|t:|1756717925
|switch|p2b: Corviknight|Corviknight, L50, M|100/100
|move|p1a: Rillaboom|High Horsepower|p2a: Incineroar
|-supereffective|p2a: Incineroar
|-damage|p2a: Incineroar|33/100
|move|p1b: Primarina|Hyper Voice|p2a: Incineroar|[spread] p2a,p2b
|-supereffective|p2a: Incineroar
|-damage|p2a: Incineroar|0 fnt
|-damage|p2b: Corviknight|69/100
|faint|p2a: Incineroar
|
|upkeep
|
|t:|1756717936
|switch|p2a: Sneasler|Sneasler, L50, F|100/100
|turn|7
|
|t:|1756717951
|move|p2a: Sneasler|Dire Claw|p1a: Rillaboom
|-supereffective|p1a: Rillaboom
|-damage|p1a: Rillaboom|12/100
|move|p1a: Rillaboom|High Horsepower|p2a: Sneasler
|-supereffective|p2a: Sneasler
|-damage|p2a: Sneasler|28/100
|move|p1b: Primarina|Hyper Voice|p2b: Corviknight|[spread] p2a,p2b
|-damage|p2a: Sneasler|0 fnt
|-damage|p2b: Corviknight|39/100
|-enditem|p2b: Corviknight|Sitrus Berry|[eat]
|-heal|p2b: Corviknight|63/100|[from] item: Sitrus Berry
|faint|p2a: Sneasler
|move|p2b: Corviknight|Brave Bird|p1a: Rillaboom
|-supereffective|p1a: Rillaboom
|-damage|p1a: Rillaboom|0 fnt
|faint|p1a: Rillaboom
|-damage|p2b: Corviknight|60/100|[from] Recoil
|
|upkeep
|
|t:|1756717967
|switch|p2a: Garchomp|Garchomp, L50, M, tera:Ground|18/100
|turn|8
|inactive|Brutalandathebozz has 30 seconds left.
|inactive|Brutalandathebozz has 20 seconds left.
|inactive|Brutalandathebozz has 15 seconds left.
|inactive|Brutalandathebozz has 10 seconds left.
|inactive|Brutalandathebozz has 5 seconds left.
|
|t:|1756718017
|move|p2a: Garchomp|Earthquake|p1b: Primarina|[spread] p1b
|-immune|p2b: Corviknight
|-damage|p1b: Primarina|65/100
|move|p1b: Primarina|Hyper Voice|p2a: Garchomp|[spread] p2a,p2b
|-supereffective|p2a: Garchomp
|-damage|p2a: Garchomp|0 fnt
|-damage|p2b: Corviknight|28/100
|faint|p2a: Garchomp
|move|p2b: Corviknight|Brave Bird|p1b: Primarina
|-damage|p1b: Primarina|22/100
|-enditem|p1b: Primarina|Sitrus Berry|[eat]
|-heal|p1b: Primarina|46/100|[from] item: Sitrus Berry
|-damage|p2b: Corviknight|15/100|[from] Recoil
|
|-heal|p1b: Primarina|52/100|[from] Grassy Terrain
|upkeep
|turn|9
|
|t:|1756718030
|move|p1b: Primarina|Protect|p1b: Primarina
|-singleturn|p1b: Primarina|Protect
|move|p2b: Corviknight|Protect||[still]
|-fail|p2b: Corviknight
|
|-heal|p1b: Primarina|58/100|[from] Grassy Terrain
|upkeep
|turn|10
|-message|Chandeliere forfeited.
|
|win|Brutalandathebozz
|raw|Brutalandathebozz's rating: 1313 → 1328(+15 for winning)
|raw|Chandeliere's rating: 1233 → 1214(-19 for losing)
|l|☆Brutalandathebozz
|player|p1|
