|j|☆the bags12
|j|☆TeyVgc
|html|the bags12TeyVgc    
|uhtml|bestof|Game 1 of a best-of-3
|t:|1783970293
|gametype|doubles
|player|p1|the bags12|falkner|1237
|player|p2|TeyVgc|rood|1234
|gen|9
|tier|[Gen 9 Champions] VGC 2026 Reg M-B (Bo3)
|rated|
|rule|Species Clause: Limit one of each Pokémon
|rule|Item Clause: Limit 1 of each item
|clearpoke
|poke|p1|Staraptor, L50, M, shiny|
|poke|p1|Garchomp, L50, M, shiny|
|poke|p1|Basculegion, L50, M, shiny|
|poke|p1|Scizor, L50, M, shiny|
|poke|p1|Grimmsnarl, L50, M, shiny|
|poke|p1|Incineroar, L50, M, shiny|
|poke|p2|Raichu, L50, F|
|poke|p2|Sinistcha, L50|
|poke|p2|Ceruledge, L50, M|
|poke|p2|Milotic, L50, M|
|poke|p2|Incineroar, L50, F|
|poke|p2|Floette-Eternal, L50, F|
|teampreview|4
|showteam|p1|Staraptor||Staraptite|Intimidate|CloseCombat,DualWingbeat,Roost,Protect|Adamant||M|||50|]Garchomp||Garchompite|RoughSkin|DragonClaw,Earthquake,IronHead,RockSlide|Adamant||M|||50|]Basculegion||ChoiceScarf|Adaptability|LastRespects,WaveCrash,AquaJet,FlipTurn|Jolly||M|||50|]Scizor||MetalCoat|Technician|Uturn,BulletPunch,KnockOff,CloseCombat|Brave||M|||50|]Grimmsnarl||LightClay|Prankster|PartingShot,ScaryFace,Reflect,LightScreen|Calm||M|||50|]Incineroar||Leftovers|Intimidate|FlareBlitz,PartingShot,FakeOut,DarkestLariat|Adamant||M|||50|
|showteam|p2|Raichu||RaichuniteY|LightningRod|ZapCannon,FocusBlast,FakeOut,Protect|Timid||F|||50|]Sinistcha||KasibBerry|Hospitality|MatchaGotcha,Protect,RagePowder,TrickRoom|Relaxed|||||50|]Ceruledge||ColburBerry|FlashFire|BitterBlade,ShadowSneak,BulkUp,Protect|Adamant||M|||50|]Milotic||Leftovers|Competitive|MuddyWater,Coil,Hypnosis,Recover|Calm||M|||50|]Incineroar||SitrusBerry|Intimidate|FlareBlitz,ThroatChop,FakeOut,PartingShot|Impish||F|||50|]Floette-Eternal||Floettite|FlowerVeil|CalmMind,Protect,Moonblast,DazzlingGleam|Modest||F|||50|
|inactive|Battle timer is ON: inactive players will automatically lose when time's up. (requested by the bags12)
|inactive|the bags12 has 60 seconds left.
|
|t:|1783970325
|teamsize|p1|4
|teamsize|p2|4
|start
|switch|p1a: Mighty Eagle|Staraptor, L50, M, shiny|100/100
|switch|p1b: fih|Basculegion, L50, M, shiny|100/100
|switch|p2a: Incineroar|Incineroar, L50, F|100/100
|switch|p2b: Milotic|Milotic, L50, M|100/100
|-ability|p1a: Mighty Eagle|Intimidate|boost
|-unboost|p2a: Incineroar|atk|1
|-unboost|p2b: Milotic|atk|1
|-ability|p2b: Milotic|Competitive|boost
|-boost|p2b: Milotic|spa|2
|-ability|p2a: Incineroar|Intimidate|boost
|-unboost|p1a: Mighty Eagle|atk|1
|-unboost|p1b: fih|atk|1
|turn|1
|
|t:|1783970345
|detailschange|p1a: Mighty Eagle|Staraptor-Mega, L50, M, shiny
|-mega|p1a: Mighty Eagle|Staraptor|Staraptite
|move|p2a: Incineroar|Fake Out|p1a: Mighty Eagle
|-damage|p1a: Mighty Eagle|92/100
|move|p1b: fih|Wave Crash|p2a: Incineroar
|-supereffective|p2a: Incineroar|1
|-damage|p2a: Incineroar|26/100
|-enditem|p2a: Incineroar|Sitrus Berry|[eat]
|-heal|p2a: Incineroar|51/100|[from] item: Sitrus Berry
|-damage|p1b: fih|75/100|[from] Recoil
|cant|p1a: Mighty Eagle|flinch
|move|p2b: Milotic|Coil|p2b: Milotic
|-boost|p2b: Milotic|atk|1
|-boost|p2b: Milotic|def|1
|-boost|p2b: Milotic|accuracy|1
|
|upkeep
|turn|2
|
|t:|1783970365
|switch|p2a: Sinistcha|Sinistcha, L50|100/100
|move|p1a: Mighty Eagle|Protect|p1a: Mighty Eagle
|-singleturn|p1a: Mighty Eagle|Protect
|move|p1b: fih|Wave Crash|p2a: Sinistcha
|-resisted|p2a: Sinistcha|1
|-damage|p2a: Sinistcha|79/100
|-damage|p1b: fih|69/100|[from] Recoil
|move|p2b: Milotic|Hypnosis|p1a: Mighty Eagle
|-activate|p1a: Mighty Eagle|move: Protect
|
|upkeep
|turn|3
|inactive|TeyVgc has 30 seconds left.
|inactive|TeyVgc has 20 seconds left.
|inactive|TeyVgc has 15 seconds left.
|inactive|TeyVgc has 10 seconds left.
|inactive|TeyVgc has 5 seconds left.
|
|t:|1783970418
|switch|p2a: Incineroar|Incineroar, L50, F|51/100
|-ability|p2a: Incineroar|Intimidate|boost
|-boost|p1a: Mighty Eagle|atk|1
|-unboost|p1b: fih|atk|1
|move|p1b: fih|Wave Crash|p2a: Incineroar
|-supereffective|p2a: Incineroar|1
|-damage|p2a: Incineroar|0 fnt
|faint|p2a: Incineroar
|-damage|p1b: fih|53/100|[from] Recoil
|move|p1a: Mighty Eagle|Dual Wingbeat|p2b: Milotic
|-damage|p2b: Milotic|86/100
|-damage|p2b: Milotic|73/100
|-hitcount|p2b: Milotic|2
|move|p2b: Milotic|Muddy Water|p1b: fih|[spread] p1a,p1b
|-resisted|p1b: fih|1
|-damage|p1a: Mighty Eagle|44/100
|-damage|p1b: fih|25/100
|-unboost|p1b: fih|accuracy|1
|
|-heal|p2b: Milotic|79/100|[from] item: Leftovers
|upkeep
|
|t:|1783970433
|switch|p2a: Raichu|Raichu, L50, F|100/100
|turn|4
|
|t:|1783970450
|switch|p1b: Incin|Incineroar, L50, M, shiny|100/100
|-ability|p1b: Incin|Intimidate|boost
|-unboost|p2a: Raichu|atk|1
|-unboost|p2b: Milotic|atk|1
|-ability|p2b: Milotic|Competitive|boost
|-boost|p2b: Milotic|spa|2
|switch|p1a: Haaland|Grimmsnarl, L50, M, shiny|100/100
|detailschange|p2a: Raichu|Raichu-Mega-Y, L50, F
|-mega|p2a: Raichu|Raichu|Raichunite Y
|move|p2a: Raichu|Zap Cannon|p1a: Haaland
|-crit|p1a: Haaland
|-damage|p1a: Haaland|27/100
|-status|p1a: Haaland|par
|move|p2b: Milotic|Muddy Water|p1b: Incin|[spread] p1a,p1b
|-supereffective|p1b: Incin|1
|-damage|p1a: Haaland|0 fnt
|-damage|p1b: Incin|0 fnt
|faint|p1a: Haaland
|faint|p1b: Incin
|
|-heal|p2b: Milotic|85/100|[from] item: Leftovers
|upkeep
|
|t:|1783970452
|switch|p1b: fih|Basculegion, L50, M, shiny|25/100
|switch|p1a: Mighty Eagle|Staraptor-Mega, L50, M, shiny|44/100
|turn|5
|inactive|TeyVgc has 30 seconds left.
|inactive|TeyVgc has 20 seconds left.
|inactive|TeyVgc has 15 seconds left.
|inactive|TeyVgc has 10 seconds left.
|inactive|TeyVgc has 5 seconds left.
|
|t:|1783970506
|move|p2a: Raichu|Protect|p2a: Raichu
|-singleturn|p2a: Raichu|Protect
|move|p1b: fih|Wave Crash|p2a: Raichu
|-activate|p2a: Raichu|move: Protect
|move|p1a: Mighty Eagle|Close Combat|p2b: Milotic
|-damage|p2b: Milotic|40/100
|-boost|p1a: Mighty Eagle|def|1
|-boost|p1a: Mighty Eagle|spd|1
|move|p2b: Milotic|Muddy Water|p1a: Mighty Eagle|[spread] p1a,p1b
|-crit|p1a: Mighty Eagle
|-resisted|p1b: fih|1
|-damage|p1a: Mighty Eagle|0 fnt
|-damage|p1b: fih|0 fnt
|faint|p1a: Mighty Eagle
|faint|p1b: fih
|
|win|TeyVgc
