|j|☆Cheribat
|j|☆GUY FROM INSIDIOUS
|html|CheribatGUY FROM INSIDIOUS    
|uhtml|bestof|Game 2 of a best-of-3
|t:|1784521949
|gametype|doubles
|player|p1|Cheribat|waitress-gen4|1000
|player|p2|GUY FROM INSIDIOUS|ogreclan|1001
|gen|9
|tier|[Gen 9 Champions] VGC 2026 Reg M-B (Bo3)
|rated|
|rule|Species Clause: Limit one of each Pokémon
|rule|Item Clause: Limit 1 of each item
|clearpoke
|poke|p1|Aegislash, L50, F, shiny|
|poke|p1|Kingambit, L50, F, shiny|
|poke|p1|Hatterene, L50, F|
|poke|p1|Archaludon, L50, F, shiny|
|poke|p1|Politoed, L50, F, shiny|
|poke|p1|Metagross, L50|
|poke|p2|Gengar, L50, F|
|poke|p2|Vivillon-Pokeball, L50, F|
|poke|p2|Incineroar, L50, F|
|poke|p2|Swampert, L50, F, shiny|
|poke|p2|Politoed, L50, F|
|poke|p2|Archaludon, L50, F|
|teampreview|4
|showteam|p1|Aegislash||SitrusBerry|StanceChange|SacredSword,RockSlide,NightSlash,ShadowSneak|Adamant||F|||50|]Kingambit||LifeOrb|Defiant|SuckerPunch,Dig,ZenHeadbutt,IronHead|Brave||F|||50|]Hatterene||Leftovers|MagicBounce|DazzlingGleam,MysticalFire,TrickRoom,PsychicTerrain|Quiet||F|||50|]Archaludon||Magnet|Stamina|ElectroShot,Snarl,FlashCannon,AuraSphere|Calm||F|||50|]Politoed||DampRock|Drizzle|WeatherBall,Encore,IceBeam,Protect|Calm||F|||50|]Metagross||Metagrossite|ClearBody|BulletPunch,HammerArm,RockSlide,Protect|Brave|||||50|
|showteam|p2|Gengar||Gengarite|CursedBody|PerishSong,Protect,ShadowBall,SludgeBomb|Modest||F|||50|]Vivillon-Pokeball||FocusSash|CompoundEyes|RagePowder,SleepPowder,Hurricane,Protect|Timid||F|||50|]Incineroar||LumBerry|Intimidate|FakeOut,Protect,PartingShot,ThroatChop|Impish||F|||50|]Swampert||Swampertite|Torrent|WaveCrash,IcePunch,HighHorsepower,Protect|Adamant||F|||50|]Politoed||SitrusBerry|Drizzle|WeatherBall,Protect,PerishSong,Hypnosis|Calm||F|||50|]Archaludon||Leftovers|Stamina|ElectroShot,FlashCannon,DracoMeteor,Protect|Bold||F|||50|
|inactive|Battle timer is ON: inactive players will automatically lose when time's up. (requested by GUY FROM INSIDIOUS)
|
|t:|1784521970
|teamsize|p1|4
|teamsize|p2|4
|start
|switch|p1a: Archaludon|Archaludon, L50, F, shiny|100/100
|switch|p1b: Hatterene|Hatterene, L50, F|100/100
|switch|p2a: Swampert|Swampert, L50, F, shiny|100/100
|switch|p2b: Vivillon|Vivillon-Pokeball, L50, F|100/100
|turn|1
|inactive|GUY FROM INSIDIOUS has 30 seconds left.
|
|t:|1784522001
|detailschange|p2a: Swampert|Swampert-Mega, L50, F, shiny
|-mega|p2a: Swampert|Swampert|Swampertite
|move|p2b: Vivillon|Sleep Powder|p1b: Hatterene
|move|p1b: Hatterene|Sleep Powder|p2b: Vivillon|[from] ability: Magic Bounce|[miss]
|-miss|p1b: Hatterene|p2b: Vivillon
|move|p2a: Swampert|High Horsepower|p1a: Archaludon
|-supereffective|p1a: Archaludon|1
|-damage|p1a: Archaludon|14/100
|-ability|p1a: Archaludon|Stamina|boost
|-boost|p1a: Archaludon|def|1
|move|p1a: Archaludon|Electro Shot||[still]
|-prepare|p1a: Archaludon|Electro Shot
|-boost|p1a: Archaludon|spa|1
|move|p1b: Hatterene|Trick Room|p1b: Hatterene
|-fieldstart|move: Trick Room|[of] p1b: Hatterene
|
|upkeep
|turn|2
|inactive|GUY FROM INSIDIOUS has 30 seconds left.
|inactive|GUY FROM INSIDIOUS has 20 seconds left.
|inactive|GUY FROM INSIDIOUS has 15 seconds left.
|
|t:|1784522043
|move|p1b: Hatterene|Dazzling Gleam|p2b: Vivillon|[spread] p2a,p2b
|-crit|p2a: Swampert
|-damage|p2a: Swampert|52/100
|-damage|p2b: Vivillon|28/100
|move|p1a: Archaludon|Electro Shot|p2b: Vivillon|[from] lockedmove
|-supereffective|p2b: Vivillon|1
|-damage|p2b: Vivillon|0 fnt
|faint|p2b: Vivillon
|move|p2a: Swampert|Wave Crash|p1b: Hatterene
|-damage|p1b: Hatterene|17/100
|-damage|p2a: Swampert|27/100|[from] Recoil
|
|-heal|p1b: Hatterene|23/100|[from] item: Leftovers
|upkeep
|
|t:|1784522055
|switch|p2b: Archaludon|Archaludon, L50, F|100/100
|turn|3
|
|t:|1784522065
|move|p1b: Hatterene|Dazzling Gleam|p2a: Swampert|[spread] p2a,p2b
|-damage|p2a: Swampert|0 fnt
|-damage|p2b: Archaludon|64/100
|-ability|p2b: Archaludon|Stamina|boost
|-boost|p2b: Archaludon|def|1
|faint|p2a: Swampert
|move|p1a: Archaludon|Snarl|p2b: Archaludon
|-damage|p2b: Archaludon|41/100
|-unboost|p2b: Archaludon|spa|1
|-ability|p2b: Archaludon|Stamina|boost
|-boost|p2b: Archaludon|def|1
|move|p2b: Archaludon|Flash Cannon|p1b: Hatterene
|-supereffective|p1b: Hatterene|1
|-damage|p1b: Hatterene|0 fnt
|faint|p1b: Hatterene
|
|-heal|p2b: Archaludon|47/100|[from] item: Leftovers
|upkeep
|
|t:|1784522080
|switch|p1b: Politoed|Politoed, L50, F, shiny|100/100
|switch|p2a: Politoed|Politoed, L50, F|100/100
|-weather|RainDance|[from] ability: Drizzle|[of] p1b: Politoed
|turn|4
|
|t:|1784522098
|move|p2a: Politoed|Protect|p2a: Politoed
|-singleturn|p2a: Politoed|Protect
|move|p1b: Politoed|Weather Ball|p2a: Politoed
|-activate|p2a: Politoed|move: Protect
|move|p1a: Archaludon|Aura Sphere|p2b: Archaludon
|-supereffective|p2b: Archaludon|1
|-damage|p2b: Archaludon|0 fnt
|faint|p2b: Archaludon
|
|-weather|RainDance|[upkeep]
|upkeep
|turn|5
|
|t:|1784522111
|move|p2a: Politoed|Weather Ball|p1a: Archaludon
|-resisted|p1a: Archaludon|1
|-damage|p1a: Archaludon|0 fnt
|faint|p1a: Archaludon
|move|p1b: Politoed|Encore|p2a: Politoed
|-start|p2a: Politoed|Encore
|
|-weather|RainDance|[upkeep]
|-fieldend|move: Trick Room
|upkeep
|
|t:|1784522119
|switch|p1a: Metagross|Metagross, L50|100/100
|turn|6
|
|t:|1784522128
|detailschange|p1a: Metagross|Metagross-Mega, L50
|-mega|p1a: Metagross|Metagross|Metagrossite
|move|p1a: Metagross|Hammer Arm|p2a: Politoed
|-damage|p2a: Politoed|55/100
|-unboost|p1a: Metagross|spe|1
|move|p1b: Politoed|Weather Ball|p2a: Politoed
|-resisted|p2a: Politoed|1
|-damage|p2a: Politoed|37/100
|-enditem|p2a: Politoed|Sitrus Berry|[eat]
|-heal|p2a: Politoed|62/100|[from] item: Sitrus Berry
|move|p2a: Politoed|Weather Ball|p1a: Metagross
|-damage|p1a: Metagross|53/100
|
|-weather|RainDance|[upkeep]
|upkeep
|turn|7
|
|t:|1784522148
|move|p2a: Politoed|Weather Ball|p1a: Metagross
|-damage|p1a: Metagross|4/100
|move|p1b: Politoed|Weather Ball|p2a: Politoed
|-resisted|p2a: Politoed|1
|-damage|p2a: Politoed|43/100
|move|p1a: Metagross|Hammer Arm|p2a: Politoed
|-damage|p2a: Politoed|0 fnt
|-unboost|p1a: Metagross|spe|1
|faint|p2a: Politoed
|
|win|Cheribat
||Cheribat is ready for game 3.
||GUY FROM INSIDIOUS is ready for game 3.
|uhtml|next|Next: Game 3 of 3
