|j|☆RegiSIXSEVEN
|j|☆EATSOUL
|html|RegiSIXSEVENEATSOUL    
|uhtml|bestof|Game 1 of a best-of-3
|t:|1785251350
|gametype|doubles
|player|p1|RegiSIXSEVEN|steven|1227
|player|p2|EATSOUL|1|1110
|gen|9
|tier|[Gen 9 Champions] VGC 2026 Reg M-B (Bo3)
|rated|
|rule|Species Clause: Limit one of each Pokémon
|rule|Item Clause: Limit 1 of each item
|clearpoke
|poke|p1|Farigiraf, L50, M, shiny|
|poke|p1|Camerupt, L50, F, shiny|
|poke|p1|Maushold-Four, L50, shiny|
|poke|p1|Hatterene, L50, F, shiny|
|poke|p1|Kingambit, L50, M, shiny|
|poke|p1|Blastoise, L50, F, shiny|
|poke|p2|Goodra-Hisui, L50, M|
|poke|p2|Oranguru, L50, F|
|poke|p2|Serperior, L50, F|
|poke|p2|Pelipper, L50, F|
|poke|p2|Greninja, L50, M|
|poke|p2|Grimmsnarl, L50, M|
|teampreview|4
|showteam|p1|Farigiraf||SitrusBerry|ArmorTail|TwinBeam,HyperVoice,NastyPlot,TrickRoom|Relaxed||M|||50|]Camerupt||Cameruptite|SolidRock|Eruption,EarthPower,AncientPower,Protect|Quiet||F|||50|]Maushold-Four||WideLens|FriendGuard|PopulationBomb,LowKick,FollowMe,Protect|Jolly|||||50|]Hatterene||BabiriBerry|MagicBounce|Psyshock,DazzlingGleam,HelpingHand,TrickRoom|Quiet||F|||50|]Kingambit||LifeOrb|Defiant|SuckerPunch,KowtowCleave,IronHead,Protect|Brave||M|||50|]Blastoise||Blastoisinite|RainDish|FakeOut,WaterSpout,DarkPulse,AuraSphere|Quiet||F|||50|
|showteam|p2|Goodra-Hisui||Leftovers|SapSipper|GyroBall,Curse,Protect,FirePunch|Brave||M|||50|]Oranguru||SitrusBerry|InnerFocus|TrickRoom,Instruct,FutureSight,WonderRoom|Bold||F|||50|]Serperior||FocusBand|Contrary|LeafStorm,KnockOff,DragonPulse,Protect|Modest||F|||50|]Pelipper||LifeOrb|Drizzle|WeatherBall,WideGuard,Hurricane,Protect|Modest||F|||50|]Greninja||Greninjite|Protean|Blizzard,DarkPulse,WeatherBall,Protect|Modest||M|||50|]Grimmsnarl||RoseliBerry|Prankster|PartingShot,SpiritBreak,ScaryFace,FakeTears|Impish||M|||50|
|inactive|Battle timer is ON: inactive players will automatically lose when time's up. (requested by RegiSIXSEVEN)
|inactive|EATSOUL has 60 seconds left.
|
|t:|1785251394
|teamsize|p1|4
|teamsize|p2|4
|start
|switch|p1a: Farigiraf|Farigiraf, L50, M, shiny|100/100
|switch|p1b: Maushold|Maushold-Four, L50, shiny|100/100
|switch|p2a: Goodra|Goodra-Hisui, L50, M|100/100
|switch|p2b: Grimmsnarl|Grimmsnarl, L50, M|100/100
|turn|1
|inactive|RegiSIXSEVEN has 30 seconds left.
|inactive|EATSOUL has 30 seconds left.
|
|t:|1785251427
|move|p2b: Grimmsnarl|Scary Face|p2a: Goodra
|-unboost|p2a: Goodra|spe|2
|move|p1b: Maushold|Population Bomb|p2b: Grimmsnarl
|-damage|p2b: Grimmsnarl|93/100
|-damage|p2b: Grimmsnarl|87/100
|-damage|p2b: Grimmsnarl|80/100
|-damage|p2b: Grimmsnarl|74/100
|-damage|p2b: Grimmsnarl|68/100
|-damage|p2b: Grimmsnarl|61/100
|-damage|p2b: Grimmsnarl|55/100
|-damage|p2b: Grimmsnarl|48/100
|-damage|p2b: Grimmsnarl|42/100
|-damage|p2b: Grimmsnarl|35/100
|-hitcount|p2b: Grimmsnarl|10
|move|p2a: Goodra|Curse|p2a: Goodra
|-unboost|p2a: Goodra|spe|1
|-boost|p2a: Goodra|atk|1
|-boost|p2a: Goodra|def|1
|move|p1a: Farigiraf|Trick Room|p1a: Farigiraf
|-fieldstart|move: Trick Room|[of] p1a: Farigiraf
|
|upkeep
|turn|2
|inactive|EATSOUL has 30 seconds left.
|inactive|EATSOUL has 20 seconds left.
|inactive|EATSOUL has 15 seconds left.
|inactive|EATSOUL has 10 seconds left.
|
|t:|1785251477
|move|p1b: Maushold|Follow Me|p1b: Maushold
|-singleturn|p1b: Maushold|move: Follow Me
|move|p2b: Grimmsnarl|Scary Face||[still]
|cant|p1a: Farigiraf|ability: Armor Tail|Scary Face|[of] p2b: Grimmsnarl
|move|p2a: Goodra|Gyro Ball|p1b: Maushold
|-damage|p1b: Maushold|0 fnt
|faint|p1b: Maushold
|move|p1a: Farigiraf|Nasty Plot|p1a: Farigiraf
|-boost|p1a: Farigiraf|spa|2
|
|upkeep
|
|t:|1785251484
|switch|p1b: Camerupt|Camerupt, L50, F, shiny|100/100
|turn|3
|
|t:|1785251501
|detailschange|p1b: Camerupt|Camerupt-Mega, L50, F, shiny
|-mega|p1b: Camerupt|Camerupt|Cameruptite
|move|p2b: Grimmsnarl|Scary Face|p2a: Goodra
|-unboost|p2a: Goodra|spe|2
|move|p2a: Goodra|Gyro Ball|p1a: Farigiraf
|-damage|p1a: Farigiraf|50/100g
|move|p1b: Camerupt|Earth Power|p2a: Goodra
|-supereffective|p2a: Goodra|1
|-damage|p2a: Goodra|0 fnt
|faint|p2a: Goodra
|move|p1a: Farigiraf|Hyper Voice|p2b: Grimmsnarl
|-damage|p2b: Grimmsnarl|0 fnt
|faint|p2b: Grimmsnarl
|
|upkeep
|
|t:|1785251516
|switch|p2a: Greninja|Greninja, L50, M|100/100
|switch|p2b: Oranguru|Oranguru, L50, F|100/100
|turn|4
|
|t:|1785251538
|move|p2a: Greninja|Protect|p2a: Greninja
|-start|p2a: Greninja|typechange|Normal|[from] ability: Protean
|-singleturn|p2a: Greninja|Protect
|move|p1b: Camerupt|Eruption|p2b: Oranguru|[spread] p2b
|-activate|p2a: Greninja|move: Protect
|-damage|p2b: Oranguru|43/100
|-enditem|p2b: Oranguru|Sitrus Berry|[eat]
|-heal|p2b: Oranguru|68/100|[from] item: Sitrus Berry
|move|p1a: Farigiraf|Hyper Voice|p2a: Greninja|[spread] p2b
|-activate|p2a: Greninja|move: Protect
|-damage|p2b: Oranguru|25/100
|move|p2b: Oranguru|Instruct|p1b: Camerupt
|-singleturn|p1b: Camerupt|move: Instruct|[of] p2b: Oranguru
|move|p1b: Camerupt|Eruption|p2b: Oranguru|[spread] p2b
|-activate|p2a: Greninja|move: Protect
|-damage|p2b: Oranguru|0 fnt
|faint|p2b: Oranguru
|
|upkeep
|turn|5
|
|t:|1785251559
|move|p2a: Greninja|Protect||[still]
|-fail|p2a: Greninja
|move|p1b: Camerupt|Eruption|p2a: Greninja
|-damage|p2a: Greninja|0 fnt
|faint|p2a: Greninja
|
|win|RegiSIXSEVEN
