|j|☆ShadowGhost4488
|j|☆mbmonotonozzz
|html|ShadowGhost4488mbmonotonozzz    
|uhtml|bestof|Game 2 of a best-of-3
|t:|1783349478
|gametype|doubles
|player|p1|ShadowGhost4488|unknownf|1136
|player|p2|mbmonotonozzz|veteran|1329
|gen|9
|tier|[Gen 9 Champions] VGC 2026 Reg M-B (Bo3)
|rated|
|rule|Species Clause: Limit one of each Pokémon
|rule|Item Clause: Limit 1 of each item
|clearpoke
|poke|p1|Scrafty, L50, M, shiny|
|poke|p1|Golurk, L50, shiny|
|poke|p1|Sylveon, L50, F, shiny|
|poke|p1|Torkoal, L50, M, shiny|
|poke|p1|Farigiraf, L50, F, shiny|
|poke|p1|Sinistcha-Masterpiece, L50, shiny|
|poke|p2|Charizard, L50, F|
|poke|p2|Aerodactyl, L50, F|
|poke|p2|Sylveon, L50, F|
|poke|p2|Farigiraf, L50, F|
|poke|p2|Kingambit, L50, M|
|poke|p2|Garchomp, L50, F|
|teampreview|4
|showteam|p1|Scrafty||Scraftinite|Intimidate|Detect,CloseCombat,KnockOff,IronHead|Brave||M|||50|]Golurk||Golurkite|IronFist|HeadlongRush,Poltergeist,Protect,RockSlide|Brave|||||50|]Sylveon||FairyFeather|Pixilate|Detect,QuickAttack,HyperVoice,HyperBeam|Quiet||F|||50|]Torkoal||Charcoal|Drought|Eruption,EarthPower,Protect,WeatherBall|Quiet||M|||50|]Farigiraf||SitrusBerry|ArmorTail|TrickRoom,HelpingHand,HyperVoice,TwinBeam|Relaxed||F|||50|]Sinistcha-Masterpiece||ColburBerry|Hospitality|TrickRoom,LifeDew,MatchaGotcha,RagePowder|Bold|||||50|
|showteam|p2|Charizard||CharizarditeY|Blaze|HeatWave,SolarBeam,Protect,WeatherBall|Timid||F|||50|]Aerodactyl||Aerodactylite|Unnerve|RockSlide,Tailwind,DualWingbeat,IceFang|Jolly||F|||50|]Sylveon||FairyFeather|Pixilate|HyperVoice,HyperBeam,Detect,QuickAttack|Modest||F|||50|]Farigiraf||SitrusBerry|ArmorTail|TwinBeam,TrickRoom,HelpingHand,Thunderbolt|Bold||F|||50|]Kingambit||FocusSash|Defiant|KowtowCleave,IronHead,LowKick,SuckerPunch|Adamant||M|||50|]Garchomp||LifeOrb|RoughSkin|StompingTantrum,DragonClaw,Protect,Earthquake|Jolly||F|||50|
|inactive|Battle timer is ON: inactive players will automatically lose when time's up. (requested by ShadowGhost4488)
|inactive|mbmonotonozzz also wants the timer to be on.
|
|t:|1783349504
|teamsize|p1|4
|teamsize|p2|4
|start
|switch|p1a: Farigiraf|Farigiraf, L50, F, shiny|100/100
|switch|p1b: Torkoal|Torkoal, L50, M, shiny|100/100
|switch|p2a: Kingambit|Kingambit, L50, M|100/100
|switch|p2b: Sylveon|Sylveon, L50, F|100/100
|-weather|SunnyDay|[from] ability: Drought|[of] p1b: Torkoal
|turn|1
|
|t:|1783349517
|switch|p1a: Sylveon|Sylveon, L50, F, shiny|100/100
|move|p2a: Kingambit|Kowtow Cleave|p1a: Sylveon
|-resisted|p1a: Sylveon|1
|-damage|p1a: Sylveon|68/100
|move|p2b: Sylveon|Hyper Voice|p1b: Torkoal|[spread] p1a,p1b
|-resisted|p1b: Torkoal|1
|-damage|p1a: Sylveon|36/100
|-damage|p1b: Torkoal|71/100
|move|p1b: Torkoal|Weather Ball|p2a: Kingambit
|-supereffective|p2a: Kingambit|1
|-enditem|p2a: Kingambit|Focus Sash
|-damage|p2a: Kingambit|1/100
|
|-weather|SunnyDay|[upkeep]
|upkeep
|turn|2
|
|t:|1783349537
|switch|p2a: Farigiraf|Farigiraf, L50, F|100/100
|move|p1b: Torkoal|Protect|p1b: Torkoal
|-singleturn|p1b: Torkoal|Protect
|move|p1a: Sylveon|Quick Attack||[still]
|cant|p2a: Farigiraf|ability: Armor Tail|Quick Attack|[of] p1a: Sylveon
|move|p2b: Sylveon|Hyper Voice|p1b: Torkoal|[spread] p1a
|-activate|p1b: Torkoal|move: Protect
|-damage|p1a: Sylveon|0 fnt
|faint|p1a: Sylveon
|
|-weather|SunnyDay|[upkeep]
|upkeep
|
|t:|1783349546
|switch|p1a: Farigiraf|Farigiraf, L50, F, shiny|100/100
|turn|3
|
|t:|1783349557
|move|p1a: Farigiraf|Helping Hand|p1b: Torkoal
|-singleturn|p1b: Torkoal|Helping Hand|[of] p1a: Farigiraf
|move|p2b: Sylveon|Hyper Beam|p1a: Farigiraf
|-damage|p1a: Farigiraf|5/100
|-mustrecharge|p2b: Sylveon
|-enditem|p1a: Farigiraf|Sitrus Berry|[eat]
|-heal|p1a: Farigiraf|30/100|[from] item: Sitrus Berry
|move|p2a: Farigiraf|Twin Beam|p1a: Farigiraf
|-resisted|p1a: Farigiraf|1
|-crit|p1a: Farigiraf
|-damage|p1a: Farigiraf|20/100y
|-resisted|p1a: Farigiraf|1
|-damage|p1a: Farigiraf|13/100
|-hitcount|p1a: Farigiraf|2
|move|p1b: Torkoal|Eruption|p2b: Sylveon|[spread] p2a,p2b
|-damage|p2a: Farigiraf|12/100
|-damage|p2b: Sylveon|23/100
|-enditem|p2a: Farigiraf|Sitrus Berry|[eat]
|-heal|p2a: Farigiraf|37/100|[from] item: Sitrus Berry
|
|-weather|SunnyDay|[upkeep]
|upkeep
|turn|4
|
|t:|1783349575
|move|p1a: Farigiraf|Helping Hand|p1b: Torkoal
|-singleturn|p1b: Torkoal|Helping Hand|[of] p1a: Farigiraf
|cant|p2b: Sylveon|recharge
|move|p2a: Farigiraf|Thunderbolt|p1a: Farigiraf
|-damage|p1a: Farigiraf|0 fnt
|faint|p1a: Farigiraf
|move|p1b: Torkoal|Eruption|p2a: Farigiraf|[spread] p2a,p2b
|-damage|p2a: Farigiraf|0 fnt
|-damage|p2b: Sylveon|0 fnt
|faint|p2a: Farigiraf
|faint|p2b: Sylveon
|
|-weather|SunnyDay|[upkeep]
|upkeep
|
|t:|1783349584
|switch|p2b: Garchomp|Garchomp, L50, F|100/100
|switch|p2a: Kingambit|Kingambit, L50, M|1/100
|switch|p1a: Golurk|Golurk, L50, shiny|100/100
|turn|5
|
|t:|1783349598
|detailschange|p1a: Golurk|Golurk-Mega, L50, shiny
|-mega|p1a: Golurk|Golurk|Golurkite
|move|p1a: Golurk|Protect|p1a: Golurk
|-singleturn|p1a: Golurk|Protect
|move|p1b: Torkoal|Protect|p1b: Torkoal
|-singleturn|p1b: Torkoal|Protect
|move|p2b: Garchomp|Stomping Tantrum|p1b: Torkoal
|-activate|p1b: Torkoal|move: Protect
|move|p2a: Kingambit|Kowtow Cleave|p1a: Golurk
|-activate|p1a: Golurk|move: Protect
|
|-weather|none
|upkeep
|turn|6
|inactive|ShadowGhost4488 has 30 seconds left.
|
|t:|1783349625
|move|p2b: Garchomp|Stomping Tantrum|p1a: Golurk
|-damage|p1a: Golurk|61/100
|-damage|p2b: Garchomp|90/100|[from] item: Life Orb
|move|p2a: Kingambit|Kowtow Cleave|p1a: Golurk
|-supereffective|p1a: Golurk|1
|-damage|p1a: Golurk|0 fnt
|faint|p1a: Golurk
|move|p1b: Torkoal|Earth Power|p2b: Garchomp
|-crit|p2b: Garchomp
|-damage|p2b: Garchomp|48/100
|
|upkeep
|turn|7
|
|t:|1783349637
|move|p2b: Garchomp|Stomping Tantrum|p1b: Torkoal
|-supereffective|p1b: Torkoal|1
|-damage|p1b: Torkoal|0 fnt
|faint|p1b: Torkoal
|-damage|p2b: Garchomp|38/100|[from] item: Life Orb
|
|win|mbmonotonozzz
|raw|ShadowGhost4488's rating: 1136 → 1124(-12 for losing)
|raw|mbmonotonozzz's rating: 1329 → 1339(+10 for winning)
|l|☆mbmonotonozzz
|player|p2|
