|j|☆MenOfStrat
|j|☆Imanol Alguacil
|html|MenOfStratImanol Alguacil    
|uhtml|bestof|Game 2 of a best-of-3
|t:|1756727325
|gametype|doubles
|player|p1|MenOfStrat|li|1040
|player|p2|Imanol Alguacil|hiker-gen7|1000
|gen|9
|tier|[Gen 9] VGC 2025 Reg H (Bo3)
|rated|
|rule|Species Clause: Limit one of each Pokémon
|rule|Item Clause: Limit 1 of each item
|clearpoke
|poke|p1|Incineroar, L50, F|
|poke|p1|Rillaboom, L50, M|
|poke|p1|Basculegion, L50, M|
|poke|p1|Volcarona, L50, M|
|poke|p1|Tyranitar, L50, F|
|poke|p1|Dragonite, L50, F|
|poke|p2|Murkrow, L50, M|
|poke|p2|Gholdengo, L50|
|poke|p2|Slowking-Galar, L50, M|
|poke|p2|Sinistcha, L50|
|poke|p2|Ursaluna, L50, F|
|poke|p2|Kingambit, L50, M|
|teampreview|4
|showteam|p1|Incineroar||SafetyGoggles|Intimidate|FakeOut,KnockOff,PartingShot,FlareBlitz|||F|||50|,,,,,Ghost]Rillaboom||MiracleSeed|GrassySurge|FakeOut,GrassyGlide,WoodHammer,HighHorsepower|||M|||50|,,,,,Fire]Basculegion||ChoiceScarf|Adaptability|WaveCrash,FlipTurn,AquaJet,LastRespects|||M|||50|,,,,,Grass]Volcarona||Leftovers|FlameBody|HeatWave,QuiverDance,TeraBlast,Protect|||M|||50|,,,,,Fairy]Tyranitar||AssaultVest|SandStream|KnockOff,TeraBlast,LowKick,RockSlide|||F|||50|,,,,,Flying]Dragonite||LoadedDice|Multiscale|Protect,Tailwind,ScaleShot,Haze|||F|||50|,,,,,Fairy
|showteam|p2|Murkrow||Eviolite|Prankster|Tailwind,Haze,FeatherDance,RainDance|||M|||50|,,,,,Ghost]Gholdengo||ChoiceSpecs|GoodasGold|MakeItRain,Trick,ShadowBall,Thunderbolt||||||50|,,,,,Steel]Slowking-Galar||LifeOrb|CuriousMedicine|Protect,SludgeBomb,Psychic,Flamethrower|||M|||50|,,,,,Poison]Sinistcha||SitrusBerry|Hospitality|RagePowder,MatchaGotcha,TrickRoom,StrengthSap||||||50|,,,,,Dark]Ursaluna||FlameOrb|Guts|Protect,Facade,Earthquake,HeadlongRush|||F|||50|,,,,,Ghost]Kingambit||BlackGlasses|Defiant|Protect,SuckerPunch,KowtowCleave,SwordsDance|||M|||50|,,,,,Dark
|inactive|Battle timer is ON: inactive players will automatically lose when time's up. (requested by Imanol Alguacil)
|inactive|MenOfStrat has 60 seconds left.
|
|t:|1756727371
|teamsize|p1|4
|teamsize|p2|4
|start
|switch|p1a: Incineroar|Incineroar, L50, F|100/100
|switch|p1b: Volcarona|Volcarona, L50, M|100/100
|switch|p2a: Caldo de Puchero|Murkrow, L50, M|100/100
|switch|p2b: Mejillones|Gholdengo, L50|100/100
|-ability|p1a: Incineroar|Intimidate|boost
|-unboost|p2a: Caldo de Puchero|atk|1
|-unboost|p2b: Mejillones|atk|1
|turn|1
|
|t:|1756727391
|switch|p2a: Pasta al dente|Ursaluna, L50, F|100/100
|move|p1a: Incineroar|Fake Out|p2a: Pasta al dente
|-damage|p2a: Pasta al dente|92/100
|move|p1b: Volcarona|Quiver Dance|p1b: Volcarona
|-boost|p1b: Volcarona|spa|1
|-boost|p1b: Volcarona|spd|1
|-boost|p1b: Volcarona|spe|1
|move|p2b: Mejillones|Trick|p1a: Incineroar
|-activate|p2b: Mejillones|move: Trick|[of] p1a: Incineroar
|-item|p1a: Incineroar|Choice Specs|[from] move: Trick
|-item|p2b: Mejillones|Safety Goggles|[from] move: Trick
|
|-status|p2a: Pasta al dente|brn|[from] item: Flame Orb
|upkeep
|turn|2
|inactive|MenOfStrat has 30 seconds left.
|inactive|Imanol Alguacil has 30 seconds left.
|inactive|MenOfStrat has 20 seconds left.
|
|t:|1756727427
|switch|p2b: Caldo de Puchero|Murkrow, L50, M|100/100
|move|p1b: Volcarona|Protect|p1b: Volcarona
|-singleturn|p1b: Volcarona|Protect
|move|p2a: Pasta al dente|Protect|p2a: Pasta al dente
|-singleturn|p2a: Pasta al dente|Protect
|move|p1a: Incineroar|Parting Shot|p2a: Pasta al dente
|-activate|p2a: Pasta al dente|move: Protect
|
|-damage|p2a: Pasta al dente|86/100 brn|[from] brn
|upkeep
|turn|3
|
|t:|1756727448
|move|p2b: Caldo de Puchero|Tailwind|p2b: Caldo de Puchero
|-sidestart|p2: Imanol Alguacil|move: Tailwind
|move|p1b: Volcarona|Heat Wave|p2a: Pasta al dente|[spread] p2a,p2b
|-damage|p2a: Pasta al dente|37/100 brn
|-damage|p2b: Caldo de Puchero|33/100
|move|p2a: Pasta al dente|Facade|p1b: Volcarona
|-damage|p1b: Volcarona|0 fnt
|faint|p1b: Volcarona
|move|p1a: Incineroar|Parting Shot|p2a: Pasta al dente
|-unboost|p2a: Pasta al dente|atk|1
|-unboost|p2a: Pasta al dente|spa|1
|
|t:|1756727456
|switch|p1a: Rillaboom|Rillaboom, L50, M|100/100|[from] Parting Shot
|-fieldstart|move: Grassy Terrain|[from] ability: Grassy Surge|[of] p1a: Rillaboom
|
|-heal|p2a: Pasta al dente|43/100 brn|[from] Grassy Terrain
|-damage|p2a: Pasta al dente|37/100 brn|[from] brn
|upkeep
|
|t:|1756727463
|switch|p1b: Basculegion|Basculegion, L50, M|100/100
|turn|4
|inactive|MenOfStrat has 30 seconds left.
|
|t:|1756727491
|switch|p2a: Sal gorda|Sinistcha, L50|100/100
|-heal|p2b: Caldo de Puchero|58/100|[from] ability: Hospitality|[of] p2a: Sal gorda
|move|p2b: Caldo de Puchero|Feather Dance|p1b: Basculegion
|-unboost|p1b: Basculegion|atk|2
|move|p1b: Basculegion|Wave Crash|p2a: Sal gorda
|-resisted|p2a: Sal gorda
|-damage|p2a: Sal gorda|83/100
|-damage|p1b: Basculegion|95/100|[from] Recoil
|move|p1a: Rillaboom|Wood Hammer|p2b: Caldo de Puchero
|-resisted|p2b: Caldo de Puchero
|-crit|p2b: Caldo de Puchero
|-damage|p2b: Caldo de Puchero|0 fnt
|faint|p2b: Caldo de Puchero
|-damage|p1a: Rillaboom|84/100|[from] Recoil
|
|-heal|p1b: Basculegion|100/100|[from] Grassy Terrain
|-heal|p2a: Sal gorda|90/100|[from] Grassy Terrain
|-heal|p1a: Rillaboom|90/100|[from] Grassy Terrain
|upkeep
|
|t:|1756727504
|switch|p2b: Mejillones|Gholdengo, L50|100/100
|turn|5
|inactive|MenOfStrat has 30 seconds left.
|inactive|Imanol Alguacil has 30 seconds left.
|
|t:|1756727533
|switch|p1b: Incineroar|Incineroar, L50, F|100/100
|-ability|p1b: Incineroar|Intimidate|boost
|-unboost|p2a: Sal gorda|atk|1
|-unboost|p2b: Mejillones|atk|1
|switch|p2a: Pasta al dente|Ursaluna, L50, F|37/100 brn
|move|p2b: Mejillones|Shadow Ball|p1a: Rillaboom
|-damage|p1a: Rillaboom|42/100
|move|p1a: Rillaboom|High Horsepower|p2b: Mejillones
|-supereffective|p2b: Mejillones
|-damage|p2b: Mejillones|34/100
|
|-heal|p2b: Mejillones|40/100|[from] Grassy Terrain
|-heal|p2a: Pasta al dente|43/100 brn|[from] Grassy Terrain
|-heal|p1a: Rillaboom|48/100|[from] Grassy Terrain
|-damage|p2a: Pasta al dente|37/100 brn|[from] brn
|upkeep
|turn|6
|inactive|MenOfStrat has 30 seconds left.
|
|t:|1756727567
|switch|p2b: Sal gorda|Sinistcha, L50|90/100
|-heal|p2a: Pasta al dente|62/100 brn|[from] ability: Hospitality|[of] p2b: Sal gorda
|-terastallize|p2a: Pasta al dente|Ghost
|-terastallize|p1b: Incineroar|Ghost
|move|p1a: Rillaboom|Grassy Glide|p2a: Pasta al dente
|-damage|p2a: Pasta al dente|31/100 brn
|move|p2a: Pasta al dente|Facade|p1a: Rillaboom
|-damage|p1a: Rillaboom|0 fnt
|faint|p1a: Rillaboom
|move|p1b: Incineroar|Flare Blitz|p2b: Sal gorda
|-supereffective|p2b: Sal gorda
|-damage|p2b: Sal gorda|18/100
|-status|p2b: Sal gorda|brn
|-enditem|p2b: Sal gorda|Sitrus Berry|[eat]
|-heal|p2b: Sal gorda|43/100 brn|[from] item: Sitrus Berry
|-damage|p1b: Incineroar|80/100|[from] Recoil
|
|-heal|p2a: Pasta al dente|37/100 brn|[from] Grassy Terrain
|-heal|p2b: Sal gorda|49/100 brn|[from] Grassy Terrain
|-heal|p1b: Incineroar|86/100|[from] Grassy Terrain
|-damage|p2a: Pasta al dente|31/100 brn|[from] brn
|-damage|p2b: Sal gorda|43/100 brn|[from] brn
|-sideend|p2: Imanol Alguacil|move: Tailwind
|upkeep
|
|t:|1756727571
|switch|p1a: Basculegion|Basculegion, L50, M|100/100
|turn|7
|inactive|Imanol Alguacil has 30 seconds left.
|
|t:|1756727601
|move|p2b: Sal gorda|Rage Powder|p2b: Sal gorda
|-singleturn|p2b: Sal gorda|move: Rage Powder
|move|p1a: Basculegion|Last Respects|p2b: Sal gorda
|-supereffective|p2b: Sal gorda
|-damage|p2b: Sal gorda|0 fnt
|faint|p2b: Sal gorda
|move|p2a: Pasta al dente|Headlong Rush|p1a: Basculegion
|-damage|p1a: Basculegion|0 fnt
|-unboost|p2a: Pasta al dente|def|1
|-unboost|p2a: Pasta al dente|spd|1
|faint|p1a: Basculegion
|move|p1b: Incineroar|Flare Blitz|p2a: Pasta al dente
|-damage|p2a: Pasta al dente|0 fnt
|faint|p2a: Pasta al dente
|-damage|p1b: Incineroar|75/100|[from] Recoil
|
|-heal|p1b: Incineroar|81/100|[from] Grassy Terrain
|-fieldend|move: Grassy Terrain
|upkeep
|
|t:|1756727610
|switch|p2a: Mejillones|Gholdengo, L50|40/100
|turn|8
|
|t:|1756727615
|move|p2a: Mejillones|Shadow Ball|p1b: Incineroar
|-supereffective|p1b: Incineroar
|-damage|p1b: Incineroar|15/100
|-unboost|p1b: Incineroar|spd|1
|move|p1b: Incineroar|Flare Blitz|p2a: Mejillones
|-supereffective|p2a: Mejillones
|-damage|p2a: Mejillones|0 fnt
|faint|p2a: Mejillones
|-damage|p1b: Incineroar|4/100|[from] Recoil
|
|win|MenOfStrat
||Imanol Alguacil is ready for game 3.
