|j|☆archebol
|j|☆pealcantara28
|html|archebolpealcantara28    
|uhtml|bestof|Game 1 of a best-of-3
|t:|1756994398
|gametype|doubles
|player|p1|archebol|169|1198
|player|p2|pealcantara28|cynthia-gen4|1086
|gen|9
|tier|[Gen 9] VGC 2025 Reg H (Bo3)
|rated|
|rule|Species Clause: Limit one of each Pokémon
|rule|Item Clause: Limit 1 of each item
|clearpoke
|poke|p1|Maushold, L50|
|poke|p1|Annihilape, L50, M|
|poke|p1|Sinistcha, L50|
|poke|p1|Grimmsnarl, L50, M|
|poke|p1|Pelipper, L50, F|
|poke|p1|Archaludon, L50, M|
|poke|p2|Archaludon, L50, M|
|poke|p2|Pelipper, L50, M|
|poke|p2|Incineroar, L50, F|
|poke|p2|Basculegion, L50, M|
|poke|p2|Sinistcha-Masterpiece, L50|
|poke|p2|Kingambit, L50, M|
|teampreview|4
|showteam|p1|Maushold||SafetyGoggles|FriendGuard|Protect,BeatUp,FollowMe,Encore||||||50|,,,,,Ghost]Annihilape||Leftovers|Defiant|DrainPunch,RageFist,Protect,BulkUp|||M|||50|,,,,,Fire]Sinistcha||RockyHelmet|Hospitality|MatchaGotcha,LifeDew,TrickRoom,RagePowder||||||50|,,,,,Water]Grimmsnarl||LightClay|Prankster|MistyTerrain,Reflect,LightScreen,SpiritBreak|||M|||50|,,,,,Dark]Pelipper||FocusSash|Drizzle|Protect,WideGuard,WeatherBall,Hurricane|||F|||50|,,,,,Stellar]Archaludon||AssaultVest|Stamina|ElectroShot,FlashCannon,BodyPress,DracoMeteor|||M|||50|,,,,,Grass
|showteam|p2|Archaludon||AssaultVest|Stamina|DracoMeteor,FlashCannon,ElectroShot,BodyPress|||M|||50|,,,,,Bug]Pelipper||FocusSash|Drizzle|Tailwind,Hurricane,WeatherBall,WideGuard|||M|||50|,,,,,Stellar]Incineroar||SafetyGoggles|Intimidate|FlareBlitz,PartingShot,FakeOut,KnockOff|||F|||50|,,,,,Grass]Basculegion||LifeOrb|SwiftSwim|LastRespects,WaveCrash,AquaJet,Protect|||M|||50|,,,,,Water]Sinistcha-Masterpiece||SitrusBerry|Hospitality|MatchaGotcha,ShadowBall,RagePowder,StrengthSap||||||50|,,,,,Grass]Kingambit||BlackGlasses|Defiant|KowtowCleave,SuckerPunch,Protect,SwordsDance|||M|||50|,,,,,Dark
|inactive|Battle timer is ON: inactive players will automatically lose when time's up. (requested by pealcantara28)
|j| 6monkeyman
|inactive|pealcantara28 has 60 seconds left.
|inactive|pealcantara28 has 30 seconds left.
|
|t:|1756994463
|teamsize|p1|4
|teamsize|p2|4
|start
|switch|p1a: Annihilape|Annihilape, L50, M|100/100
|switch|p1b: Maushold|Maushold, L50|100/100
|switch|p2a: Incineroar|Incineroar, L50, F|100/100
|switch|p2b: Archaludon|Archaludon, L50, M|100/100
|-ability|p2a: Incineroar|Intimidate|boost
|-unboost|p1a: Annihilape|atk|1
|-ability|p1a: Annihilape|Defiant|boost
|-boost|p1a: Annihilape|atk|2
|-unboost|p1b: Maushold|atk|1
|turn|1
|inactive|archebol has 30 seconds left.
|
|t:|1756994488
|-terastallize|p2b: Archaludon|Bug
|move|p1b: Maushold|Beat Up|p1a: Annihilape
|-damage|p1a: Annihilape|99/100
|-damage|p1a: Annihilape|98/100
|-damage|p1a: Annihilape|97/100
|-damage|p1a: Annihilape|95/100
|-hitcount|p1a: Annihilape|4
|move|p1a: Annihilape|Rage Fist|p2b: Archaludon
|-damage|p2b: Archaludon|0 fnt
|faint|p2b: Archaludon
|move|p2a: Incineroar|Knock Off|p1a: Annihilape
|-damage|p1a: Annihilape|67/100
|-enditem|p1a: Annihilape|Leftovers|[from] move: Knock Off|[of] p2a: Incineroar
|
|upkeep
|
|t:|1756994506
|switch|p2b: Kingambit|Kingambit, L50, M|100/100
|turn|2
|
|t:|1756994525
|move|p1b: Maushold|Protect|p1b: Maushold
|-singleturn|p1b: Maushold|Protect
|move|p2b: Kingambit|Sucker Punch|p1a: Annihilape
|-damage|p1a: Annihilape|30/100
|move|p1a: Annihilape|Rage Fist|p2b: Kingambit
|-resisted|p2b: Kingambit
|-damage|p2b: Kingambit|8/100
|move|p2a: Incineroar|Flare Blitz|p1b: Maushold
|-activate|p1b: Maushold|move: Protect
|
|upkeep
|turn|3
|
|t:|1756994545
|move|p1b: Maushold|Follow Me|p1b: Maushold
|-singleturn|p1b: Maushold|move: Follow Me
|move|p2b: Kingambit|Sucker Punch||[still]
|-fail|p2b: Kingambit
|move|p1a: Annihilape|Drain Punch|p2a: Incineroar
|-supereffective|p2a: Incineroar
|-damage|p2a: Incineroar|28/100
|-heal|p1a: Annihilape|64/100|[from] drain|[of] p2a: Incineroar
|move|p2a: Incineroar|Flare Blitz|p1b: Maushold
|-damage|p1b: Maushold|43/100
|-damage|p2a: Incineroar|11/100|[from] Recoil
|
|upkeep
|turn|4
|
|t:|1756994562
|move|p1b: Maushold|Follow Me|p1b: Maushold
|-singleturn|p1b: Maushold|move: Follow Me
|move|p1a: Annihilape|Drain Punch|p2b: Kingambit
|-supereffective|p2b: Kingambit
|-crit|p2b: Kingambit
|-damage|p2b: Kingambit|0 fnt
|-heal|p1a: Annihilape|67/100|[from] drain|[of] p2b: Kingambit
|faint|p2b: Kingambit
|move|p2a: Incineroar|Flare Blitz|p1b: Maushold
|-damage|p1b: Maushold|0 fnt
|faint|p1b: Maushold
|-damage|p2a: Incineroar|0 fnt|[from] Recoil
|faint|p2a: Incineroar
|
|upkeep
|
|t:|1756994582
|switch|p1b: Sinistcha|Sinistcha, L50|100/100
|switch|p2a: Basculegion|Basculegion, L50, M|100/100
|-heal|p1a: Annihilape|92/100|[from] ability: Hospitality|[of] p1b: Sinistcha
|turn|5
|
|t:|1756994597
|move|p2a: Basculegion|Protect|p2a: Basculegion
|-singleturn|p2a: Basculegion|Protect
|move|p1b: Sinistcha|Rage Powder|p1b: Sinistcha
|-singleturn|p1b: Sinistcha|move: Rage Powder
|move|p1a: Annihilape|Rage Fist|p2a: Basculegion
|-activate|p2a: Basculegion|move: Protect
|
|upkeep
|turn|6
|
|t:|1756994607
|move|p1b: Sinistcha|Rage Powder|p1b: Sinistcha
|-singleturn|p1b: Sinistcha|move: Rage Powder
|move|p2a: Basculegion|Last Respects|p1b: Sinistcha
|-supereffective|p1b: Sinistcha
|-damage|p1b: Sinistcha|0 fnt
|faint|p1b: Sinistcha
|-damage|p2a: Basculegion|91/100|[from] item: Life Orb
|move|p1a: Annihilape|Rage Fist|p2a: Basculegion
|-supereffective|p2a: Basculegion
|-damage|p2a: Basculegion|0 fnt
|faint|p2a: Basculegion
|
|win|archebol
|inactive|archebol has 29 seconds to confirm battle start!
|inactive|pealcantara28 has 29 seconds to confirm battle start!
||archebol is ready for game 2.
|inactive|pealcantara28 has 19 seconds to confirm battle start!
