|j|☆Po1510
|j|☆rlm00
|html|Po1510rlm00    
|uhtml|bestof|Game 1 of a best-of-3
|t:|1785863473
|gametype|doubles
|player|p1|Po1510|rosa-masters|1297
|player|p2|rlm00|101|1295
|gen|9
|tier|[Gen 9 Champions] VGC 2026 Reg M-B (Bo3)
|rated|
|rule|Species Clause: Limit one of each Pokémon
|rule|Item Clause: Limit 1 of each item
|clearpoke
|poke|p1|Staraptor, L50, F|
|poke|p1|Arcanine-Hisui, L50, F|
|poke|p1|Kingambit, L50, M|
|poke|p1|Raichu, L50, F|
|poke|p1|Farigiraf, L50, F|
|poke|p1|Sylveon, L50, F, shiny|
|poke|p2|Staraptor, L50, F|
|poke|p2|Raichu, L50, M|
|poke|p2|Sylveon, L50, F|
|poke|p2|Farigiraf, L50, M|
|poke|p2|Arcanine-Hisui, L50, F|
|poke|p2|Kingambit, L50, M|
|teampreview|4
|showteam|p1|Staraptor||Staraptite|Intimidate|DualWingbeat,CloseCombat,Tailwind,Protect|Jolly||F|||50|]Arcanine-Hisui||FocusSash|RockHead|FlareBlitz,HeadSmash,ExtremeSpeed,Protect|Jolly||F|||50|]Kingambit||LifeOrb|Defiant|KowtowCleave,SuckerPunch,SwordsDance,Protect|Adamant||M|||50|]Raichu||RaichuniteY|LightningRod|ZapCannon,FocusBlast,FakeOut,Protect|Timid||F|||50|]Farigiraf||SitrusBerry|ArmorTail|Psychic,HelpingHand,TrickRoom,Protect|Calm||F|||50|]Sylveon||FairyFeather|Pixilate|HyperVoice,HyperBeam,QuickAttack,Detect|Modest||F|||50|
|showteam|p2|Staraptor||Staraptite|Intimidate|Protect,Tailwind,CloseCombat,DualWingbeat|Jolly||F|||50|]Raichu||RaichuniteY|LightningRod|Protect,ZapCannon,FocusBlast,FakeOut|Timid||M|||50|]Sylveon||FairyFeather|Pixilate|Detect,HyperBeam,HyperVoice,QuickAttack|Modest||F|||50|]Farigiraf||SitrusBerry|ArmorTail|Protect,TrickRoom,HelpingHand,Psychic|Relaxed||M|||50|]Arcanine-Hisui||FocusSash|RockHead|Protect,HeadSmash,ExtremeSpeed,FlareBlitz|Adamant||F|||50|]Kingambit||LifeOrb|Defiant|Protect,SuckerPunch,SwordsDance,KowtowCleave|Adamant||M|||50|
|inactive|Battle timer is ON: inactive players will automatically lose when time's up. (requested by Po1510)
|inactive|Po1510 has 60 seconds left.
|inactive|rlm00 has 60 seconds left.
|inactive|rlm00 has 30 seconds left.
|inactive|rlm00 has 20 seconds left.
|
|t:|1785863547
|teamsize|p1|4
|teamsize|p2|4
|start
|switch|p1a: Staraptor|Staraptor, L50, F|100/100
|switch|p1b: Arcanine|Arcanine-Hisui, L50, F|100/100
|switch|p2a: Raichu|Raichu, L50, M|100/100
|switch|p2b: Arcanine|Arcanine-Hisui, L50, F|100/100
|-ability|p1a: Staraptor|Intimidate|boost
|-unboost|p2a: Raichu|atk|1
|-unboost|p2b: Arcanine|atk|1
|turn|1
|inactive|rlm00 has 30 seconds left.
|
|t:|1785863578
|switch|p2b: Farigiraf|Farigiraf, L50, M|100/100
|detailschange|p2a: Raichu|Raichu-Mega-Y, L50, M
|-mega|p2a: Raichu|Raichu|Raichunite Y
|move|p1a: Staraptor|Protect|p1a: Staraptor
|-singleturn|p1a: Staraptor|Protect
|move|p1b: Arcanine|Protect|p1b: Arcanine
|-singleturn|p1b: Arcanine|Protect
|move|p2a: Raichu|Zap Cannon|p1a: Staraptor
|-activate|p1a: Staraptor|move: Protect
|
|upkeep
|turn|2
|inactive|Po1510 has 30 seconds left.
|inactive|rlm00 has 30 seconds left.
|
|t:|1785863608
|switch|p1b: Raichu|Raichu, L50, F|100/100
|detailschange|p1a: Staraptor|Staraptor-Mega, L50, F
|-mega|p1a: Staraptor|Staraptor|Staraptite
|move|p2a: Raichu|Protect|p2a: Raichu
|-singleturn|p2a: Raichu|Protect
|move|p1a: Staraptor|Close Combat|p2a: Raichu
|-activate|p2a: Raichu|move: Protect
|move|p2b: Farigiraf|Psychic|p1b: Raichu
|-damage|p1b: Raichu|52/100
|
|upkeep
|turn|3
|
|t:|1785863628
|switch|p2a: Sylveon|Sylveon, L50, F|100/100
|move|p1a: Staraptor|Close Combat|p2b: Farigiraf
|-damage|p2b: Farigiraf|57/100
|-boost|p1a: Staraptor|def|1
|-boost|p1a: Staraptor|spd|1
|move|p1b: Raichu|Zap Cannon|p2b: Farigiraf
|-damage|p2b: Farigiraf|23/100
|-status|p2b: Farigiraf|par
|-enditem|p2b: Farigiraf|Sitrus Berry|[eat]
|-heal|p2b: Farigiraf|48/100 par|[from] item: Sitrus Berry
|move|p2b: Farigiraf|Trick Room|p2b: Farigiraf
|-fieldstart|move: Trick Room|[of] p2b: Farigiraf
|
|upkeep
|turn|4
|inactive|Po1510 has 30 seconds left.
|
|t:|1785863659
|switch|p1b: Sylveon|Sylveon, L50, F, shiny|100/100
|move|p2b: Farigiraf|Helping Hand|p2a: Sylveon
|-singleturn|p2a: Sylveon|Helping Hand|[of] p2b: Farigiraf
|move|p1a: Staraptor|Protect|p1a: Staraptor
|-singleturn|p1a: Staraptor|Protect
|move|p2a: Sylveon|Hyper Voice|p1a: Staraptor|[spread] p1b
|-activate|p1a: Staraptor|move: Protect
|-damage|p1b: Sylveon|48/100
|
|upkeep
|turn|5
|
|t:|1785863670
|move|p2b: Farigiraf|Helping Hand|p2a: Sylveon
|-singleturn|p2a: Sylveon|Helping Hand|[of] p2b: Farigiraf
|move|p2a: Sylveon|Hyper Voice|p1b: Sylveon|[spread] p1a,p1b
|-supereffective|p1a: Staraptor|1
|-damage|p1a: Staraptor|14/100
|-damage|p1b: Sylveon|0 fnt
|faint|p1b: Sylveon
|move|p1a: Staraptor|Dual Wingbeat|p2a: Sylveon
|-damage|p2a: Sylveon|80/100
|-damage|p2a: Sylveon|60/100
|-hitcount|p2a: Sylveon|2
|
|upkeep
|
|t:|1785863677
|switch|p1b: Arcanine|Arcanine-Hisui, L50, F|100/100
|turn|6
|
|t:|1785863693
|move|p2a: Sylveon|Detect|p2a: Sylveon
|-singleturn|p2a: Sylveon|Protect
|move|p1a: Staraptor|Protect|p1a: Staraptor
|-singleturn|p1a: Staraptor|Protect
|move|p2b: Farigiraf|Psychic|p1b: Arcanine
|-damage|p1b: Arcanine|59/100
|move|p1b: Arcanine|Flare Blitz|p2a: Sylveon
|-activate|p2a: Sylveon|move: Protect
|
|upkeep
|turn|7
|
|t:|1785863706
|move|p2b: Farigiraf|Helping Hand|p2a: Sylveon
|-singleturn|p2a: Sylveon|Helping Hand|[of] p2b: Farigiraf
|move|p1a: Staraptor|Protect||[still]
|-fail|p1a: Staraptor
|move|p2a: Sylveon|Hyper Voice|p1a: Staraptor|[spread] p1a,p1b
|-supereffective|p1a: Staraptor|1
|-resisted|p1b: Arcanine|1
|-damage|p1a: Staraptor|0 fnt
|-damage|p1b: Arcanine|16/100
|faint|p1a: Staraptor
|move|p1b: Arcanine|Flare Blitz|p2a: Sylveon
|-damage|p2a: Sylveon|1/100
|-status|p2a: Sylveon|brn
|
|-damage|p2a: Sylveon|0 fnt|[from] brn
|faint|p2a: Sylveon
|-fieldend|move: Trick Room
|upkeep
|
|t:|1785863716
|switch|p1a: Raichu|Raichu, L50, F|52/100
|switch|p2a: Raichu|Raichu-Mega-Y, L50, M|100/100
|turn|8
|
|t:|1785863740
|move|p1b: Arcanine|Protect|p1b: Arcanine
|-singleturn|p1b: Arcanine|Protect
|move|p2a: Raichu|Fake Out|p1b: Arcanine
|-activate|p1b: Arcanine|move: Protect
|move|p1a: Raichu|Focus Blast|p2a: Raichu
|-damage|p2a: Raichu|67/100
|move|p2b: Farigiraf|Psychic|p1a: Raichu
|-damage|p1a: Raichu|11/100
|
|upkeep
|turn|9
|
|t:|1785863755
|move|p2a: Raichu|Focus Blast|p1a: Raichu
|-damage|p1a: Raichu|0 fnt
|faint|p1a: Raichu
|move|p1b: Arcanine|Flare Blitz|p2a: Raichu
|-damage|p2a: Raichu|0 fnt
|faint|p2a: Raichu
|cant|p2b: Farigiraf|par
|
|upkeep
|
|t:|1785863761
|switch|p2a: Arcanine|Arcanine-Hisui, L50, F|100/100
|turn|10
|
|t:|1785863770
|move|p1b: Arcanine|Head Smash|p2a: Arcanine
|-supereffective|p2a: Arcanine|1
|-enditem|p2a: Arcanine|Focus Sash
|-damage|p2a: Arcanine|1/100
|move|p2a: Arcanine|Flare Blitz|p1b: Arcanine
|-resisted|p1b: Arcanine|2
|-damage|p1b: Arcanine|0 fnt
|faint|p1b: Arcanine
|
|win|rlm00
