|j|☆electrictopi
|j|☆mauryof
|html|electrictopimauryof    
|uhtml|bestof|Game 1 of a best-of-3
|t:|1757839800
|gametype|doubles
|player|p1|electrictopi|n|1129
|player|p2|mauryof|clerk|1016
|gen|9
|tier|[Gen 9] VGC 2025 Reg H (Bo3)
|rated|
|rule|Species Clause: Limit one of each Pokémon
|rule|Item Clause: Limit 1 of each item
|clearpoke
|poke|p1|Volcarona, L50, M|
|poke|p1|Gholdengo, L50|
|poke|p1|Salamence, L50, F|
|poke|p1|Ursaluna-Bloodmoon, L50, M|
|poke|p1|Grimmsnarl, L50, M|
|poke|p1|Archaludon, L50, M|
|poke|p2|Gastrodon-East, L50, F|
|poke|p2|Passimian, L50, M|
|poke|p2|Torkoal, L50, F|
|poke|p2|Indeedee-F, L50, F|
|poke|p2|Exeggutor, L50, F|
|poke|p2|Incineroar, L50, F|
|teampreview|4
|showteam|p1|Volcarona||SitrusBerry|FlameBody|HeatWave,StruggleBug,WillOWisp,Protect|||M|||50|,,,,,Water]Gholdengo||ChoiceSpecs|GoodasGold|MakeItRain,ShadowBall,Thunderbolt,Trick||||||50|,,,,,Steel]Salamence||AguavBerry|Intimidate|RockSlide,DualWingbeat,Tailwind,Protect|||F|||50|,,,,,Steel]Ursaluna-Bloodmoon||LifeOrb|MindsEye|HyperVoice,BloodMoon,Protect,EarthPower|||M|||50|,,,,,Ground]Grimmsnarl||LightClay|Prankster|ThunderWave,LightScreen,Reflect,SpiritBreak|||M|||50|,,,,,Ghost]Archaludon||AssaultVest|Stamina|Snarl,FlashCannon,BodyPress,DracoMeteor|||M|||50|,,,,,Grass
|showteam|p2|Gastrodon-East||SitrusBerry|StormDrain|Protect,Recover,EarthPower,IceBeam|||F|||50|,,,,,Ground]Passimian||PsychicSeed|Defiant|Curse,DrainPunch,KnockOff,IronHead|||M|||50|,,,,,Steel]Torkoal||EjectPack|Drought|Overheat,Protect,Eruption,HelpingHand|||F|||50|,,,,,Fire]Indeedee-F||SafetyGoggles|PsychicSurge|FollowMe,HelpingHand,Psybeam,TrickRoom|||F|||50|,,,,,Fairy]Exeggutor||LifeOrb|Chlorophyll|ExpandingForce,TrickRoom,GigaDrain,Protect|||F|||50|,,,,,Psychic]Incineroar||AssaultVest|Intimidate|FlareBlitz,FakeOut,Uturn,KnockOff|||F|||50|,,,,,Bug
|inactive|Battle timer is ON: inactive players will automatically lose when time's up. (requested by mauryof)
|inactive|electrictopi has 60 seconds left.
|inactive|mauryof has 60 seconds left.
|inactive|electrictopi has 30 seconds left.
|inactive|electrictopi has 20 seconds left.
|
|t:|1757839880
|teamsize|p1|4
|teamsize|p2|4
|start
|switch|p1a: Volcarona|Volcarona, L50, M|100/100
|switch|p1b: Grimmsnarl|Grimmsnarl, L50, M|100/100
|switch|p2a: Gastrodon|Gastrodon-East, L50, F|100/100
|switch|p2b: Torkoal|Torkoal, L50, F|100/100
|-weather|SunnyDay|[from] ability: Drought|[of] p2b: Torkoal
|turn|1
|inactive|mauryof has 30 seconds left.
|inactive|mauryof has 20 seconds left.
|
|t:|1757839918
|move|p1b: Grimmsnarl|Light Screen|p1b: Grimmsnarl
|-sidestart|p1: electrictopi|move: Light Screen
|move|p1a: Volcarona|Struggle Bug|p2a: Gastrodon|[spread] p2a,p2b
|-resisted|p2b: Torkoal
|-damage|p2a: Gastrodon|85/100
|-damage|p2b: Torkoal|90/100
|-unboost|p2a: Gastrodon|spa|1
|-unboost|p2b: Torkoal|spa|1
|-enditem|p2b: Torkoal|Eject Pack
|
|t:|1757839930
|switch|p2b: Exeggutor|Exeggutor, L50, F|100/100
|move|p2a: Gastrodon|Earth Power|p1b: Grimmsnarl
|-damage|p1b: Grimmsnarl|84/100
|
|-weather|SunnyDay|[upkeep]
|upkeep
|turn|2
|
|t:|1757839943
|switch|p2a: Indeedee|Indeedee-F, L50, F|100/100
|-fieldstart|move: Psychic Terrain|[from] ability: Psychic Surge|[of] p2a: Indeedee
|-terastallize|p2b: Exeggutor|Psychic
|move|p1b: Grimmsnarl|Thunder Wave|p2b: Exeggutor
|-activate|p2b: Exeggutor|move: Psychic Terrain
|move|p2b: Exeggutor|Expanding Force|p1b: Grimmsnarl|[spread] p1a
|-immune|p1b: Grimmsnarl
|-damage|p1a: Volcarona|42/100
|-enditem|p1a: Volcarona|Sitrus Berry|[eat]
|-heal|p1a: Volcarona|66/100|[from] item: Sitrus Berry
|-damage|p2b: Exeggutor|91/100|[from] item: Life Orb
|move|p1a: Volcarona|Struggle Bug|p2a: Indeedee|[spread] p2a,p2b
|-supereffective|p2a: Indeedee
|-supereffective|p2b: Exeggutor
|-damage|p2a: Indeedee|73/100
|-damage|p2b: Exeggutor|47/100
|-unboost|p2a: Indeedee|spa|1
|-unboost|p2b: Exeggutor|spa|1
|
|-weather|SunnyDay|[upkeep]
|upkeep
|turn|3
|inactive|mauryof has 30 seconds left.
|
|t:|1757839970
|switch|p2b: Gastrodon|Gastrodon-East, L50, F|85/100
|switch|p1b: Archaludon|Archaludon, L50, M|100/100
|move|p1a: Volcarona|Struggle Bug|p2a: Indeedee|[spread] p2a,p2b
|-supereffective|p2a: Indeedee
|-damage|p2a: Indeedee|45/100
|-damage|p2b: Gastrodon|69/100
|-unboost|p2a: Indeedee|spa|1
|-unboost|p2b: Gastrodon|spa|1
|move|p2a: Indeedee|Psybeam|p1a: Volcarona
|-damage|p1a: Volcarona|58/100
|
|-weather|SunnyDay|[upkeep]
|upkeep
|turn|4
|
|t:|1757839994
|switch|p2a: Torkoal|Torkoal, L50, F|90/100
|move|p1b: Archaludon|Snarl|p2a: Torkoal|[spread] p2a,p2b
|-damage|p2a: Torkoal|72/100
|-damage|p2b: Gastrodon|58/100
|-unboost|p2a: Torkoal|spa|1
|-unboost|p2b: Gastrodon|spa|1
|move|p1a: Volcarona|Struggle Bug|p2b: Gastrodon|[spread] p2a,p2b
|-resisted|p2a: Torkoal
|-damage|p2a: Torkoal|61/100
|-damage|p2b: Gastrodon|43/100
|-unboost|p2a: Torkoal|spa|1
|-unboost|p2b: Gastrodon|spa|1
|-enditem|p2b: Gastrodon|Sitrus Berry|[eat]
|-heal|p2b: Gastrodon|68/100|[from] item: Sitrus Berry
|move|p2b: Gastrodon|Earth Power|p1b: Archaludon
|-supereffective|p1b: Archaludon
|-damage|p1b: Archaludon|83/100
|-ability|p1b: Archaludon|Stamina|boost
|-boost|p1b: Archaludon|def|1
|
|-weather|SunnyDay|[upkeep]
|upkeep
|turn|5
|inactive|electrictopi has 30 seconds left.
|inactive|mauryof has 30 seconds left.
|inactive|mauryof has 20 seconds left.
|inactive|mauryof has 15 seconds left.
|inactive|mauryof has 10 seconds left.
|inactive|mauryof has 5 seconds left.
|
|t:|1757840045
|move|p1b: Archaludon|Snarl|p2b: Gastrodon|[spread] p2a,p2b
|-damage|p2a: Torkoal|43/100
|-damage|p2b: Gastrodon|55/100
|-unboost|p2a: Torkoal|spa|1
|-unboost|p2b: Gastrodon|spa|1
|move|p1a: Volcarona|Struggle Bug|p2a: Torkoal|[spread] p2a,p2b
|-resisted|p2a: Torkoal
|-damage|p2a: Torkoal|33/100
|-damage|p2b: Gastrodon|39/100
|-unboost|p2a: Torkoal|spa|1
|-unboost|p2b: Gastrodon|spa|1
|move|p2b: Gastrodon|Earth Power|p1b: Archaludon
|-supereffective|p1b: Archaludon
|-damage|p1b: Archaludon|72/100
|-ability|p1b: Archaludon|Stamina|boost
|-boost|p1b: Archaludon|def|1
|move|p2a: Torkoal|Overheat|p1b: Archaludon
|-damage|p1b: Archaludon|53/100
|-unboost|p2a: Torkoal|spa|2
|-ability|p1b: Archaludon|Stamina|boost
|-boost|p1b: Archaludon|def|1
|
|-weather|none
|upkeep
|turn|6
|
|t:|1757840069
|move|p2b: Gastrodon|Protect|p2b: Gastrodon
|-singleturn|p2b: Gastrodon|Protect
|move|p2a: Torkoal|Protect|p2a: Torkoal
|-singleturn|p2a: Torkoal|Protect
|move|p1b: Archaludon|Body Press|p2b: Gastrodon
|-activate|p2b: Gastrodon|move: Protect
|move|p1a: Volcarona|Struggle Bug|p2a: Torkoal|[spread] 
|-activate|p2a: Torkoal|move: Protect
|-activate|p2b: Gastrodon|move: Protect
|
|-fieldend|move: Psychic Terrain
|upkeep
|turn|7
|inactive|mauryof has 30 seconds left.
|
|t:|1757840094
|switch|p2a: Indeedee|Indeedee-F, L50, F|45/100
|-fieldstart|move: Psychic Terrain|[from] ability: Psychic Surge|[of] p2a: Indeedee
|move|p1b: Archaludon|Body Press|p2b: Gastrodon
|-damage|p2b: Gastrodon|0 fnt
|faint|p2b: Gastrodon
|move|p1a: Volcarona|Struggle Bug|p2a: Indeedee
|-supereffective|p2a: Indeedee
|-damage|p2a: Indeedee|7/100
|-unboost|p2a: Indeedee|spa|1
|
|upkeep
|
|t:|1757840107
|switch|p2b: Exeggutor|Exeggutor, L50, F, tera:Psychic|47/100
|turn|8
|
|t:|1757840127
|switch|p2a: Torkoal|Torkoal, L50, F|33/100
|-weather|SunnyDay|[from] ability: Drought|[of] p2a: Torkoal
|move|p2b: Exeggutor|Protect|p2b: Exeggutor
|-singleturn|p2b: Exeggutor|Protect
|move|p1b: Archaludon|Body Press|p2b: Exeggutor
|-activate|p2b: Exeggutor|move: Protect
|move|p1a: Volcarona|Struggle Bug|p2a: Torkoal|[spread] p2a
|-activate|p2b: Exeggutor|move: Protect
|-resisted|p2a: Torkoal
|-damage|p2a: Torkoal|21/100
|-unboost|p2a: Torkoal|spa|1
|
|-weather|SunnyDay|[upkeep]
|-sideend|p1: electrictopi|move: Light Screen
|upkeep
|turn|9
|inactive|electrictopi has 30 seconds left.
|inactive|electrictopi has 20 seconds left.
|
|t:|1757840166
|move|p2a: Torkoal|Helping Hand|p2b: Exeggutor
|-singleturn|p2b: Exeggutor|Helping Hand|[of] p2a: Torkoal
|move|p2b: Exeggutor|Expanding Force|p1a: Volcarona|[spread] p1a,p1b
|-resisted|p1b: Archaludon
|-damage|p1a: Volcarona|0 fnt
|-damage|p1b: Archaludon|0 fnt
|faint|p1a: Volcarona
|faint|p1b: Archaludon
|-damage|p2b: Exeggutor|37/100|[from] item: Life Orb
|
|-weather|SunnyDay|[upkeep]
|upkeep
|
|t:|1757840173
|switch|p1b: Grimmsnarl|Grimmsnarl, L50, M|84/100
|switch|p1a: Ursaluna|Ursaluna-Bloodmoon, L50, M|100/100
|turn|10
|inactive|mauryof has 30 seconds left.
|inactive|mauryof has 20 seconds left.
|inactive|mauryof has 15 seconds left.
|inactive|mauryof has 10 seconds left.
|
|t:|1757840222
|move|p2a: Torkoal|Helping Hand|p2b: Exeggutor
|-singleturn|p2b: Exeggutor|Helping Hand|[of] p2a: Torkoal
|move|p1a: Ursaluna|Protect|p1a: Ursaluna
|-singleturn|p1a: Ursaluna|Protect
|move|p2b: Exeggutor|Giga Drain|p1a: Ursaluna
|-activate|p1a: Ursaluna|move: Protect
|move|p1b: Grimmsnarl|Spirit Break|p2b: Exeggutor
|-damage|p2b: Exeggutor|0 fnt
|faint|p2b: Exeggutor
|
|-weather|SunnyDay|[upkeep]
|upkeep
|
|t:|1757840235
|switch|p2b: Indeedee|Indeedee-F, L50, F|7/100
|turn|11
|-message|mauryof forfeited.
|
|win|electrictopi
|l|☆mauryof
|player|p2|
||mauryof is ready for game 2.
||electrictopi is ready for game 2.
|uhtml|next|Next: Game 2 of 3
