|j|☆WildTamer
|j|☆Senli
|html|WildTamerSenli    
|uhtml|bestof|Game 1 of a best-of-3
|t:|1785925037
|gametype|doubles
|player|p1|WildTamer|102|1034
|player|p2|Senli|florian-bb|1089
|gen|9
|tier|[Gen 9 Champions] VGC 2026 Reg M-B (Bo3)
|rated|
|rule|Species Clause: Limit one of each Pokémon
|rule|Item Clause: Limit 1 of each item
|clearpoke
|poke|p1|Greninja, L50, F|
|poke|p1|Ninetales-Alola, L50, F|
|poke|p1|Sneasler, L50, M|
|poke|p1|Scizor, L50, M|
|poke|p1|Glimmora, L50, M|
|poke|p1|Incineroar, L50, F|
|poke|p2|Raichu, L50, M, shiny|
|poke|p2|Staraptor, L50, M|
|poke|p2|Arcanine-Hisui, L50, M, shiny|
|poke|p2|Farigiraf, L50, F, shiny|
|poke|p2|Sylveon, L50, F|
|poke|p2|Kingambit, L50, M|
|teampreview|4
|showteam|p1|Greninja||Greninjite|Protean|Blizzard,Surf,DarkPulse,Protect|Naive||F|||50|]Ninetales-Alola||OccaBerry|SnowWarning|AuroraVeil,FreezeDry,Protect,Blizzard|Timid||F|||50|]Sneasler||WhiteHerb|Unburden|DireClaw,CloseCombat,Protect,FakeOut|Adamant||M|||50|]Scizor||Scizorite|Technician|BulletPunch,SwordsDance,BugBite,Protect|Adamant||M|||50|]Glimmora||FocusSash|ToxicDebris|EnergyBall,PowerGem,SludgeBomb,EarthPower|Modest||M|||50|]Incineroar||SitrusBerry|Intimidate|FakeOut,FlareBlitz,ThroatChop,PartingShot|Impish||F|||50|
|showteam|p2|Raichu||RaichuniteY|LightningRod|ZapCannon,FocusBlast,FakeOut,Protect|Timid||M|||50|]Staraptor||Staraptite|Intimidate|CloseCombat,DualWingbeat,Tailwind,Protect|Jolly||M|||50|]Arcanine-Hisui||FocusSash|RockHead|FlareBlitz,HeadSmash,ExtremeSpeed,Protect|Jolly||M|||50|]Farigiraf||SitrusBerry|ArmorTail|Psychic,HelpingHand,TrickRoom,Protect|Calm||F|||50|]Sylveon||FairyFeather|Pixilate|HyperVoice,QuickAttack,HyperBeam,Detect|Modest||F|||50|]Kingambit||LifeOrb|Defiant|KowtowCleave,SuckerPunch,SwordsDance,Protect|Adamant||M|||50|
|inactive|Battle timer is ON: inactive players will automatically lose when time's up. (requested by Senli)
|inactive|WildTamer has 60 seconds left.
|inactive|Senli has 60 seconds left.
|
|t:|1785925091
|teamsize|p1|4
|teamsize|p2|4
|start
|switch|p1a: Scizor|Scizor, L50, M|100/100
|switch|p1b: Sneasler|Sneasler, L50, M|100/100
|switch|p2a: Raichu|Raichu, L50, M, shiny|100/100
|switch|p2b: Staraptor|Staraptor, L50, M|100/100
|-ability|p2b: Staraptor|Intimidate|boost
|-unboost|p1a: Scizor|atk|1
|-unboost|p1b: Sneasler|atk|1
|-enditem|p1b: Sneasler|White Herb
|-clearnegativeboost|p1b: Sneasler|[silent]
|turn|1
|
|t:|1785925113
|detailschange|p2a: Raichu|Raichu-Mega-Y, L50, M, shiny
|-mega|p2a: Raichu|Raichu|Raichunite Y
|detailschange|p1a: Scizor|Scizor-Mega, L50, M
|-mega|p1a: Scizor|Scizor|Scizorite
|move|p1b: Sneasler|Fake Out|p2b: Staraptor
|-damage|p2b: Staraptor|81/100
|move|p2a: Raichu|Fake Out|p1b: Sneasler
|-damage|p1b: Sneasler|89/100
|cant|p2b: Staraptor|flinch
|move|p1a: Scizor|Swords Dance|p1a: Scizor
|-boost|p1a: Scizor|atk|2
|
|upkeep
|turn|2
|inactive|WildTamer has 30 seconds left.
|inactive|WildTamer has 20 seconds left.
|inactive|WildTamer has 15 seconds left.
|
|t:|1785925155
|move|p1a: Scizor|Protect|p1a: Scizor
|-singleturn|p1a: Scizor|Protect
|move|p1b: Sneasler|Close Combat|p2a: Raichu
|-damage|p2a: Raichu|0 fnt
|-unboost|p1b: Sneasler|def|1
|-unboost|p1b: Sneasler|spd|1
|faint|p2a: Raichu
|move|p2b: Staraptor|Tailwind|p2b: Staraptor
|-sidestart|p2: Senli|move: Tailwind
|
|upkeep
|
|t:|1785925165
|switch|p2a: Farigiraf|Farigiraf, L50, F, shiny|100/100
|turn|3
|
|t:|1785925185
|move|p2b: Staraptor|Close Combat|p1a: Scizor
|-damage|p1a: Scizor|74/100
|-unboost|p2b: Staraptor|def|1
|-unboost|p2b: Staraptor|spd|1
|move|p1b: Sneasler|Dire Claw|p2a: Farigiraf
|-damage|p2a: Farigiraf|63/100
|move|p2a: Farigiraf|Psychic|p1b: Sneasler
|-supereffective|p1b: Sneasler|2
|-damage|p1b: Sneasler|0 fnt
|faint|p1b: Sneasler
|move|p1a: Scizor|Bug Bite|p2a: Farigiraf
|-supereffective|p2a: Farigiraf|1
|-damage|p2a: Farigiraf|0 fnt
|-enditem|p2a: Farigiraf|Sitrus Berry|[from] stealeat|[move] Bug Bite|[of] p1a: Scizor
|-heal|p1a: Scizor|98/100|[from] item: Sitrus Berry
|faint|p2a: Farigiraf
|
|upkeep
|
|t:|1785925202
|switch|p1b: Glimmora|Glimmora, L50, M|100/100
|switch|p2a: Kingambit|Kingambit, L50, M|100/100
|turn|4
|
|t:|1785925220
|move|p1a: Scizor|Bullet Punch|p2b: Staraptor
|-damage|p2b: Staraptor|0 fnt
|faint|p2b: Staraptor
|move|p2a: Kingambit|Swords Dance|p2a: Kingambit
|-boost|p2a: Kingambit|atk|2
|move|p1b: Glimmora|Earth Power|p2a: Kingambit
|-supereffective|p2a: Kingambit|1
|-damage|p2a: Kingambit|30/100
|
|upkeep
|turn|5
|
|t:|1785925239
|move|p2a: Kingambit|Sucker Punch|p1b: Glimmora
|-enditem|p1b: Glimmora|Focus Sash
|-damage|p1b: Glimmora|1/100
|-activate|p1b: Glimmora|ability: Toxic Debris
|-sidestart|p2: Senli|move: Toxic Spikes
|-damage|p2a: Kingambit|20/100y|[from] item: Life Orb
|move|p1a: Scizor|Bullet Punch|p2a: Kingambit
|-resisted|p2a: Kingambit|1
|-damage|p2a: Kingambit|1/100
|move|p1b: Glimmora|Earth Power|p2a: Kingambit
|-supereffective|p2a: Kingambit|1
|-damage|p2a: Kingambit|0 fnt
|faint|p2a: Kingambit
|
|win|WildTamer
||WildTamer is ready for game 2.
|inactive|Senli has 30 seconds to confirm battle start!
||Senli is ready for game 2.
|uhtml|next|Next: Game 2 of 3
|l|☆WildTamer
|player|p1|
