|j|‽leonidos1
|j|☆zaharba
|html|leonidos1zaharba    
|uhtml|bestof|Game 2 of a best-of-3
|t:|1783191190
|gametype|doubles
|player|p1|leonidos1|2|1114
|player|p2|zaharba|170|1158
|gen|9
|tier|[Gen 9 Champions] VGC 2026 Reg M-B (Bo3)
|rated|
|rule|Species Clause: Limit one of each Pokémon
|rule|Item Clause: Limit 1 of each item
|clearpoke
|poke|p1|Charizard, L50, M|
|poke|p1|Incineroar, L50, F|
|poke|p1|Garchomp, L50, M|
|poke|p1|Farigiraf, L50, F|
|poke|p1|Sylveon, L50, M|
|poke|p1|Venusaur, L50, M|
|poke|p2|Raichu, L50, M, shiny|
|poke|p2|Vivillon, L50, F|
|poke|p2|Ninetales-Alola, L50, F, shiny|
|poke|p2|Tyranitar, L50, M|
|poke|p2|Basculegion-F, L50, F|
|poke|p2|Talonflame, L50, F|
|teampreview|4
|showteam|p1|Charizard||CharizarditeY|Blaze|WeatherBall,HeatWave,SolarBeam,Protect|Modest||M|||50|]Incineroar||SitrusBerry|Intimidate|FakeOut,FlareBlitz,DarkestLariat,PartingShot|Adamant||F|||50|]Garchomp||LifeOrb|RoughSkin|DragonClaw,RockSlide,Earthquake,Protect|Jolly||M|||50|]Farigiraf||ColburBerry|ArmorTail|TwinBeam,Thunderbolt,HelpingHand,TrickRoom|Sassy||F|||50|]Sylveon||FairyFeather|Pixilate|HyperVoice,HyperBeam,QuickAttack,Protect|Quiet||M|||50|]Venusaur||FocusSash|Chlorophyll|SleepPowder,EnergyBall,SludgeBomb,Protect|Modest||M|||50|
|showteam|p2|Raichu||RaichuniteY|LightningRod|FocusBlast,ZapCannon,UpperHand,FakeOut|Timid||M|||50|]Vivillon||ChoiceScarf|CompoundEyes|SleepPowder,RagePowder,Hurricane,Tailwind|Timid||F|||50|]Ninetales-Alola||NeverMeltIce|SnowWarning|Protect,FreezeDry,Blizzard,Encore|Timid||F|||50|]Tyranitar||ExpertBelt|SandStream|RockSlide,HighHorsepower,Protect,DragonDance|Adamant||M|||50|]Basculegion-F||SpellTag|Adaptability|Protect,Hex,HydroPump,MuddyWater|Modest||F|||50|]Talonflame||LifeOrb|GaleWings|Whirlwind,BraveBird,Overheat,Tailwind|Naive||F|||50|
|inactive|Battle timer is ON: inactive players will automatically lose when time's up. (requested by zaharba)
|inactive|leonidos1 has 60 seconds left.
|
|t:|1783191231
|teamsize|p1|4
|teamsize|p2|4
|start
|switch|p1a: Charizard|Charizard, L50, M|100/100
|switch|p1b: Incineroar|Incineroar, L50, F|100/100
|switch|p2a: Raichu|Raichu, L50, M, shiny|100/100
|switch|p2b: Vivillon|Vivillon, L50, F|100/100
|-ability|p1b: Incineroar|Intimidate|boost
|-unboost|p2a: Raichu|atk|1
|-unboost|p2b: Vivillon|atk|1
|turn|1
|inactive|leonidos1 has 30 seconds left.
|
|t:|1783191263
|switch|p1b: Venusaur|Venusaur, L50, M|100/100
|detailschange|p1a: Charizard|Charizard-Mega-Y, L50, M
|-mega|p1a: Charizard|Charizard|Charizardite Y
|-weather|SunnyDay|[from] ability: Drought|[of] p1a: Charizard
|move|p1a: Charizard|Protect|p1a: Charizard
|-singleturn|p1a: Charizard|Protect
|move|p2a: Raichu|Fake Out|p1b: Venusaur
|-damage|p1b: Venusaur|92/100
|move|p2b: Vivillon|Sleep Powder|p1a: Charizard
|-activate|p1a: Charizard|move: Protect
|
|-weather|SunnyDay|[upkeep]
|upkeep
|turn|2
|
|t:|1783191286
|switch|p2b: Tyranitar|Tyranitar, L50, M|100/100
|-weather|Sandstorm|[from] ability: Sand Stream|[of] p2b: Tyranitar
|switch|p1a: Garchomp|Garchomp, L50, M|100/100
|detailschange|p2a: Raichu|Raichu-Mega-Y, L50, M, shiny
|-mega|p2a: Raichu|Raichu|Raichunite Y
|move|p2a: Raichu|Zap Cannon|p1a: Garchomp
|-immune|p1a: Garchomp
|move|p1b: Venusaur|Sludge Bomb|p2b: Tyranitar
|-resisted|p2b: Tyranitar|1
|-damage|p2b: Tyranitar|86/100
|
|-weather|Sandstorm|[upkeep]
|-damage|p2a: Raichu|94/100|[from] Sandstorm
|-damage|p1b: Venusaur|86/100|[from] Sandstorm
|upkeep
|turn|3
|inactive|leonidos1 has 30 seconds left.
|
|t:|1783191314
|switch|p2b: Vivillon|Vivillon, L50, F|100/100
|move|p1b: Venusaur|Protect|p1b: Venusaur
|-singleturn|p1b: Venusaur|Protect
|move|p2a: Raichu|Zap Cannon|p1b: Venusaur
|-activate|p1b: Venusaur|move: Protect
|move|p1a: Garchomp|Earthquake|p2a: Raichu|[spread] p2a
|-activate|p1b: Venusaur|move: Protect
|-immune|p2b: Vivillon
|-supereffective|p2a: Raichu|1
|-damage|p2a: Raichu|0 fnt
|faint|p2a: Raichu
|-damage|p1a: Garchomp|90/100|[from] item: Life Orb
|
|-weather|Sandstorm|[upkeep]
|-damage|p2b: Vivillon|94/100|[from] Sandstorm
|-damage|p1b: Venusaur|80/100|[from] Sandstorm
|upkeep
|
|t:|1783191331
|switch|p2a: Ninetales|Ninetales-Alola, L50, F, shiny|100/100
|-weather|Snowscape|[from] ability: Snow Warning|[of] p2a: Ninetales
|turn|4
|
|t:|1783191344
|switch|p1a: Charizard|Charizard-Mega-Y, L50, M|100/100
|-weather|SunnyDay|[from] ability: Drought|[of] p1a: Charizard
|move|p1b: Venusaur|Sleep Powder|p2b: Vivillon
|-status|p2b: Vivillon|slp|[from] move: Sleep Powder
|cant|p2b: Vivillon|slp
|move|p2a: Ninetales|Blizzard|p1b: Venusaur|[spread] p1a
|-miss|p2a: Ninetales|p1b: Venusaur
|-damage|p1a: Charizard|65/100
|
|-weather|SunnyDay|[upkeep]
|upkeep
|turn|5
|inactive|zaharba has 30 seconds left.
|
|t:|1783191369
|move|p1b: Venusaur|Sleep Powder|p2a: Ninetales|[miss]
|-miss|p1b: Venusaur|p2a: Ninetales
|-curestatus|p2b: Vivillon|slp|[msg]
|move|p2b: Vivillon|Sleep Powder|p1a: Charizard
|-status|p1a: Charizard|slp|[from] move: Sleep Powder
|move|p2a: Ninetales|Blizzard|p1a: Charizard|[spread] p1a,p1b
|-supereffective|p1b: Venusaur|1
|-damage|p1a: Charizard|28/100 slp
|-damage|p1b: Venusaur|0 fnt
|faint|p1b: Venusaur
|cant|p1a: Charizard|slp
|
|-weather|SunnyDay|[upkeep]
|upkeep
|
|t:|1783191383
|switch|p1b: Incineroar|Incineroar, L50, F|100/100
|-ability|p1b: Incineroar|Intimidate|boost
|-unboost|p2a: Ninetales|atk|1
|-unboost|p2b: Vivillon|atk|1
|turn|6
|
|t:|1783191394
|switch|p2b: Tyranitar|Tyranitar, L50, M|86/100
|-weather|Sandstorm|[from] ability: Sand Stream|[of] p2b: Tyranitar
|move|p2a: Ninetales|Protect|p2a: Ninetales
|-singleturn|p2a: Ninetales|Protect
|cant|p1a: Charizard|slp
|move|p1b: Incineroar|Fake Out|p2b: Tyranitar
|-resisted|p2b: Tyranitar|1
|-damage|p2b: Tyranitar|81/100
|
|-weather|Sandstorm|[upkeep]
|-damage|p2a: Ninetales|94/100|[from] Sandstorm
|-damage|p1a: Charizard|22/100 slp|[from] Sandstorm
|-damage|p1b: Incineroar|94/100|[from] Sandstorm
|upkeep
|turn|7
|inactive|zaharba has 30 seconds left.
|
|t:|1783191420
|switch|p2a: Vivillon|Vivillon, L50, F|94/100
|-curestatus|p1a: Charizard|slp|[msg]
|move|p1a: Charizard|Protect|p1a: Charizard
|-singleturn|p1a: Charizard|Protect
|move|p2b: Tyranitar|Dragon Dance|p2b: Tyranitar
|-boost|p2b: Tyranitar|atk|1
|-boost|p2b: Tyranitar|spe|1
|move|p1b: Incineroar|Parting Shot|p2b: Tyranitar
|-unboost|p2b: Tyranitar|atk|1
|-unboost|p2b: Tyranitar|spa|1
|
|t:|1783191430
|switch|p1b: Garchomp|Garchomp, L50, M|90/100|[from] Parting Shot
|
|-weather|Sandstorm|[upkeep]
|-damage|p2a: Vivillon|88/100|[from] Sandstorm
|-damage|p1a: Charizard|16/100|[from] Sandstorm
|upkeep
|turn|8
|
|t:|1783191444
|switch|p1a: Incineroar|Incineroar, L50, F|94/100
|-ability|p1a: Incineroar|Intimidate|boost
|-unboost|p2a: Vivillon|atk|1
|-unboost|p2b: Tyranitar|atk|1
|move|p1b: Garchomp|Protect|p1b: Garchomp
|-singleturn|p1b: Garchomp|Protect
|move|p2b: Tyranitar|Protect|p2b: Tyranitar
|-singleturn|p2b: Tyranitar|Protect
|move|p2a: Vivillon|Sleep Powder|p1a: Incineroar
|-status|p1a: Incineroar|slp|[from] move: Sleep Powder
|
|-weather|Sandstorm|[upkeep]
|-damage|p2a: Vivillon|82/100|[from] Sandstorm
|-damage|p1a: Incineroar|88/100 slp|[from] Sandstorm
|upkeep
|turn|9
|inactive|leonidos1 has 30 seconds left.
|
|t:|1783191477
|move|p2a: Vivillon|Sleep Powder|p1b: Garchomp
|-status|p1b: Garchomp|slp|[from] move: Sleep Powder
|move|p2b: Tyranitar|Dragon Dance|p2b: Tyranitar
|-boost|p2b: Tyranitar|atk|1
|-boost|p2b: Tyranitar|spe|1
|cant|p1b: Garchomp|slp
|cant|p1a: Incineroar|slp
|
|-weather|Sandstorm|[upkeep]
|-damage|p2a: Vivillon|76/100|[from] Sandstorm
|-damage|p1a: Incineroar|82/100 slp|[from] Sandstorm
|upkeep
|turn|10
|
|t:|1783191493
|switch|p2a: Ninetales|Ninetales-Alola, L50, F, shiny|94/100
|-weather|Snowscape|[from] ability: Snow Warning|[of] p2a: Ninetales
|switch|p1b: Charizard|Charizard-Mega-Y, L50, M|16/100
|-weather|SunnyDay|[from] ability: Drought|[of] p1b: Charizard
|move|p2b: Tyranitar|Rock Slide|p1a: Incineroar|[spread] p1b
|-miss|p2b: Tyranitar|p1a: Incineroar
|-supereffective|p1b: Charizard|2
|-damage|p1b: Charizard|0 fnt
|faint|p1b: Charizard
|-curestatus|p1a: Incineroar|slp|[msg]
|move|p1a: Incineroar|Flare Blitz|p2a: Ninetales
|-supereffective|p2a: Ninetales|1
|-damage|p2a: Ninetales|0 fnt
|faint|p2a: Ninetales
|-damage|p1a: Incineroar|58/100|[from] Recoil
|
|-weather|SunnyDay|[upkeep]
|upkeep
|
|t:|1783191512
|switch|p2a: Vivillon|Vivillon, L50, F|76/100
|switch|p1b: Garchomp|Garchomp, L50, M|90/100 slp
|turn|11
|
|t:|1783191524
|move|p2a: Vivillon|Sleep Powder|p1a: Incineroar
|-status|p1a: Incineroar|slp|[from] move: Sleep Powder
|move|p2b: Tyranitar|Dragon Dance|p2b: Tyranitar
|-boost|p2b: Tyranitar|atk|1
|-boost|p2b: Tyranitar|spe|1
|cant|p1b: Garchomp|slp
|cant|p1a: Incineroar|slp
|
|-weather|SunnyDay|[upkeep]
|upkeep
|turn|12
|
|t:|1783191546
|move|p2b: Tyranitar|High Horsepower|p1b: Garchomp
|-damage|p1b: Garchomp|38/100 slp
|-damage|p2b: Tyranitar|69/100|[from] ability: Rough Skin|[of] p1b: Garchomp
|move|p2a: Vivillon|Sleep Powder|p1b: Garchomp
|-fail|p1b: Garchomp|slp
|-curestatus|p1b: Garchomp|slp|[msg]
|move|p1b: Garchomp|Rock Slide|p2b: Tyranitar|[spread] p2a,p2b
|-supereffective|p2a: Vivillon|2
|-damage|p2a: Vivillon|0 fnt
|-damage|p2b: Tyranitar|47/100
|faint|p2a: Vivillon
|-damage|p1b: Garchomp|29/100|[from] item: Life Orb
|-curestatus|p1a: Incineroar|slp|[msg]
|move|p1a: Incineroar|Parting Shot|p2b: Tyranitar
|-unboost|p2b: Tyranitar|atk|1
|-unboost|p2b: Tyranitar|spa|1
|
|-weather|SunnyDay|[upkeep]
|upkeep
|turn|13
|
|t:|1783191567
|move|p2b: Tyranitar|Protect|p2b: Tyranitar
|-singleturn|p2b: Tyranitar|Protect
|move|p1b: Garchomp|Protect|p1b: Garchomp
|-singleturn|p1b: Garchomp|Protect
|move|p1a: Incineroar|Flare Blitz|p2b: Tyranitar
|-activate|p2b: Tyranitar|move: Protect
|
|-weather|SunnyDay|[upkeep]
|upkeep
|turn|14
|
|t:|1783191581
|move|p1b: Garchomp|Protect|p1b: Garchomp
|-singleturn|p1b: Garchomp|Protect
|move|p2b: Tyranitar|High Horsepower|p1b: Garchomp
|-activate|p1b: Garchomp|move: Protect
|move|p1a: Incineroar|Flare Blitz|p2b: Tyranitar
|-resisted|p2b: Tyranitar|1
|-damage|p2b: Tyranitar|9/100
|-damage|p1a: Incineroar|46/100|[from] Recoil
|-enditem|p1a: Incineroar|Sitrus Berry|[eat]
|-heal|p1a: Incineroar|71/100|[from] item: Sitrus Berry
|
|-weather|none
|upkeep
|turn|15
|
|t:|1783191598
|move|p2b: Tyranitar|Rock Slide|p1a: Incineroar|[spread] p1a
|-miss|p2b: Tyranitar|p1b: Garchomp
|-supereffective|p1a: Incineroar|1
|-damage|p1a: Incineroar|9/100
|move|p1b: Garchomp|Dragon Claw|p2b: Tyranitar
|-damage|p2b: Tyranitar|0 fnt
|faint|p2b: Tyranitar
|-damage|p1b: Garchomp|19/100|[from] item: Life Orb
|
|win|leonidos1
|raw|leonidos1's rating: 1114 → 1142(+28 for winning)
|raw|zaharba's rating: 1158 → 1130(-28 for losing)
|l|‽leonidos1
|player|p1|
|j|‽leonidos1
|player|p1|leonidos1|2|
