|j|☆cheesebiscuit12
|j|☆jiggyjagga
|html|cheesebiscuit12jiggyjagga    
|uhtml|bestof|Game 1 of a best-of-3
|t:|1784306636
|gametype|doubles
|player|p1|cheesebiscuit12|266|
|player|p2|jiggyjagga|1|
|gen|9
|tier|[Gen 9 Champions] VGC 2026 Reg M-B (Bo3)
|rule|Species Clause: Limit one of each Pokémon
|rule|Item Clause: Limit 1 of each item
|clearpoke
|poke|p1|Gardevoir, L50, M|
|poke|p1|Whimsicott, L50, M|
|poke|p1|Arcanine, L50, M|
|poke|p1|Metagross, L50|
|poke|p1|Azumarill, L50, F|
|poke|p1|Golurk, L50|
|poke|p2|Dragapult, L50, F, shiny|
|poke|p2|Sylveon, L50, F|
|poke|p2|Aggron, L50, M|
|poke|p2|Slowking-Galar, L50, M|
|poke|p2|Grimmsnarl, L50, M, shiny|
|poke|p2|Lopunny, L50, F, shiny|
|teampreview|4
|showteam|p1|Gardevoir||Gardevoirite|Telepathy|MistyExplosion,HyperVoice,Psyshock,FocusBlast|Hasty||M|||50|]Whimsicott||FocusSash|Prankster|Switcheroo,BeatUp,Tailwind,MistyTerrain|Jolly||M|||50|]Arcanine||LifeOrb|Justified|ExtremeSpeed,FlareBlitz,WildCharge,Overheat|Hasty||M|||50|]Metagross||Leftovers|ClearBody|Explosion,CosmicPower,BodyPress,MeteorMash|Serious|||||50|]Azumarill||SitrusBerry|HugePower|BellyDrum,AquaJet,MistyExplosion,Protect|Adamant||F|||50|]Golurk||ColburBerry|Klutz|StealthRock,Earthquake,ShadowPunch,IcePunch|Adamant|||||50|
|showteam|p2|Dragapult||SilkScarf|ClearBody|DragonDarts,Reflect,Round,Protect|Adamant||F|||50|]Sylveon||FairyFeather|Pixilate|HyperVoice,QuickAttack,Round,Detect|Modest||F|||50|]Aggron||Aggronite|Sturdy|HeavySlam,BodyPress,RockSlide,Protect|Brave||M|||50|]Slowking-Galar|||Regenerator|TrickRoom,Flamethrower,Psychic,ChillyReception|Quiet||M|||50|]Grimmsnarl||FocusSash|Prankster|FakeOut,PartingShot,SpiritBreak,SuckerPunch|Adamant||M|||50|]Lopunny||ChoiceScarf|Limber|FakeOut,AfterYou,CloseCombat,Switcheroo|Jolly||F|||50|
|
|t:|1784306661
|teamsize|p1|4
|teamsize|p2|4
|start
|switch|p1a: Gardevoir|Gardevoir, L50, M|100/100
|switch|p1b: Azumarill|Azumarill, L50, F|100/100
|switch|p2a: Aggron|Aggron, L50, M|100/100
|switch|p2b: Lopunny|Lopunny, L50, F, shiny|100/100
|turn|1
|
|t:|1784306671
|detailschange|p1a: Gardevoir|Gardevoir-Mega, L50, M
|-mega|p1a: Gardevoir|Gardevoir|Gardevoirite
|detailschange|p2a: Aggron|Aggron-Mega, L50, M
|-mega|p2a: Aggron|Aggron|Aggronite
|move|p2b: Lopunny|After You|p2a: Aggron
|-activate|p2a: Aggron|move: After You
|move|p2a: Aggron|Heavy Slam|p1a: Gardevoir
|-supereffective|p1a: Gardevoir|1
|-damage|p1a: Gardevoir|0 fnt
|faint|p1a: Gardevoir
|move|p1b: Azumarill|Belly Drum|p1b: Azumarill
|-damage|p1b: Azumarill|50/100g
|-setboost|p1b: Azumarill|atk|6|[from] move: Belly Drum
|
|upkeep
|
|t:|1784306682
|switch|p1a: Arcanine|Arcanine, L50, M|100/100
|turn|2
|
|t:|1784306693
|move|p1b: Azumarill|Aqua Jet|p2a: Aggron
|-damage|p2a: Aggron|47/100
|move|p2b: Lopunny|After You|p2a: Aggron
|-activate|p2a: Aggron|move: After You
|move|p2a: Aggron|Heavy Slam|p1b: Azumarill
|-damage|p1b: Azumarill|0 fnt
|faint|p1b: Azumarill
|move|p1a: Arcanine|Flare Blitz|p2a: Aggron
|-supereffective|p2a: Aggron|1
|-damage|p2a: Aggron|0 fnt
|faint|p2a: Aggron
|-damage|p1a: Arcanine|84/100|[from] Recoil
|-damage|p1a: Arcanine|74/100|[from] item: Life Orb
|
|upkeep
|
|t:|1784306705
|switch|p1b: Metagross|Metagross, L50|100/100
|switch|p2a: Dragapult|Dragapult, L50, F, shiny|100/100
|turn|3
|
|t:|1784306731
|switch|p2b: Grimmsnarl|Grimmsnarl, L50, M, shiny|100/100
|move|p2a: Dragapult|Protect|p2a: Dragapult
|-singleturn|p2a: Dragapult|Protect
|move|p1a: Arcanine|Overheat|p2a: Dragapult
|-activate|p2a: Dragapult|move: Protect
|move|p1b: Metagross|Body Press|p2b: Grimmsnarl
|-damage|p2b: Grimmsnarl|68/100
|
|upkeep
|turn|4
|
|t:|1784306747
|move|p2b: Grimmsnarl|Fake Out|p1b: Metagross
|-resisted|p1b: Metagross|1
|-damage|p1b: Metagross|94/100
|move|p1a: Arcanine|Extreme Speed|p2b: Grimmsnarl
|-damage|p2b: Grimmsnarl|27/100
|-damage|p1a: Arcanine|64/100|[from] item: Life Orb
|move|p2a: Dragapult|Dragon Darts|p1a: Arcanine
|-damage|p1a: Arcanine|28/100
|-anim|p2a: Dragapult|Dragon Darts|p1b: Metagross
|-resisted|p1b: Metagross|1
|-damage|p1b: Metagross|83/100
|cant|p1b: Metagross|flinch
|
|-heal|p1b: Metagross|89/100|[from] item: Leftovers
|upkeep
|turn|5
|
|t:|1784306770
|move|p1a: Arcanine|Extreme Speed|p2b: Grimmsnarl
|-damage|p2b: Grimmsnarl|0 fnt
|faint|p2b: Grimmsnarl
|-damage|p1a: Arcanine|18/100|[from] item: Life Orb
|move|p2a: Dragapult|Dragon Darts|p1a: Arcanine
|-damage|p1a: Arcanine|0 fnt
|-anim|p2a: Dragapult|Dragon Darts|p1b: Metagross
|-resisted|p1b: Metagross|1
|-damage|p1b: Metagross|79/100
|faint|p1a: Arcanine
|move|p1b: Metagross|Explosion|p2a: Dragapult
|-immune|p2a: Dragapult
|faint|p1b: Metagross
|
|win|jiggyjagga
|inactive|cheesebiscuit12 has 30 seconds to confirm battle start!
|inactive|jiggyjagga has 30 seconds to confirm battle start!
||jiggyjagga is ready for game 2.
||cheesebiscuit12 is ready for game 2.
|uhtml|next|Next: Game 2 of 3
|l|☆jiggyjagga
|player|p2|
|j|☆jiggyjagga
|player|p2|jiggyjagga|1|
