|j|☆schleorge
|j|☆crudo de fava
|html|schleorgecrudo de fava    
|uhtml|bestof|Game 3 of a best-of-3
|t:|1757798848
|gametype|doubles
|player|p1|schleorge|bianca|1403
|player|p2|crudo de fava|ingo|1451
|gen|9
|tier|[Gen 9] VGC 2025 Reg H (Bo3)
|rated|
|rule|Species Clause: Limit one of each Pokémon
|rule|Item Clause: Limit 1 of each item
|clearpoke
|poke|p1|Sneasler, L50, F|
|poke|p1|Indeedee, L50, M|
|poke|p1|Ursaluna-Bloodmoon, L50, M|
|poke|p1|Electabuzz, L50, F|
|poke|p1|Incineroar, L50, F|
|poke|p1|Talonflame, L50, M|
|poke|p2|Dragonite, L50, M|
|poke|p2|Gholdengo, L50|
|poke|p2|Archaludon, L50, F|
|poke|p2|Pelipper, L50, F|
|poke|p2|Ursaluna, L50, M|
|poke|p2|Sinistcha, L50|
|teampreview|4
|showteam|p1|Sneasler||PsychicSeed|Unburden|CloseCombat,DireClaw,ThroatChop,Protect|||F|||50|,,,,,Dark]Indeedee||FocusSash|PsychicSurge|ExpandingForce,TrickRoom,HelpingHand,Protect|||M|||50|,,,,,Psychic]Ursaluna-Bloodmoon||LifeOrb|MindsEye|BloodMoon,HyperVoice,EarthPower,Protect|||M|||50|,,,,,Normal]Electabuzz||Eviolite|VitalSpirit|Electroweb,FollowMe,Taunt,Protect|||F|||50|,,,,,Dragon]Incineroar||SafetyGoggles|Intimidate|FlareBlitz,KnockOff,PartingShot,FakeOut|||F|||50|,,,,,Ghost]Talonflame||CovertCloak|GaleWings|FlareBlitz,DualWingbeat,WillOWisp,Tailwind|||M|||50|,,,,,Fairy
|showteam|p2|Dragonite||LoadedDice|Multiscale|ScaleShot,Tailwind,Haze,Protect|||M|||50|,,,,,Fairy]Gholdengo||ChoiceScarf|GoodasGold|MakeItRain,ShadowBall,Trick,PowerGem||||||50|,,,,,Flying]Archaludon||AssaultVest|Stamina|ElectroShot,FlashCannon,BodyPress,Snarl|||F|||50|,,,,,Bug]Pelipper||SafetyGoggles|Drizzle|MuddyWater,Hurricane,Tailwind,Protect|||F|||50|,,,,,Ground]Ursaluna||FlameOrb|Guts|Earthquake,Facade,HeadlongRush,Protect|||M|||50|,,,,,Ghost]Sinistcha||SitrusBerry|Hospitality|MatchaGotcha,RagePowder,TrickRoom,LifeDew||||||50|,,,,,Dark
|inactive|Battle timer is ON: inactive players will automatically lose when time's up. (requested by schleorge)
|
|t:|1757798868
|teamsize|p1|4
|teamsize|p2|4
|start
|switch|p1a: Ursaluna|Ursaluna-Bloodmoon, L50, M|100/100
|switch|p1b: Electabuzz|Electabuzz, L50, F|100/100
|switch|p2a: Dragonite|Dragonite, L50, M|100/100
|switch|p2b: Gholdengo|Gholdengo, L50|100/100
|turn|1
|
|t:|1757798877
|switch|p2b: Sinistcha|Sinistcha, L50|100/100
|-terastallize|p1a: Ursaluna|Normal
|move|p2a: Dragonite|Protect|p2a: Dragonite
|-singleturn|p2a: Dragonite|Protect
|move|p1b: Electabuzz|Electroweb|p2a: Dragonite|[spread] p2b
|-activate|p2a: Dragonite|move: Protect
|-resisted|p2b: Sinistcha
|-crit|p2b: Sinistcha
|-damage|p2b: Sinistcha|92/100
|-unboost|p2b: Sinistcha|spe|1
|move|p1a: Ursaluna|Blood Moon|p2a: Dragonite
|-activate|p2a: Dragonite|move: Protect
|
|upkeep
|turn|2
|inactive|schleorge has 30 seconds left.
|
|t:|1757798904
|move|p1b: Electabuzz|Taunt|p2b: Sinistcha
|-start|p2b: Sinistcha|move: Taunt
|move|p2a: Dragonite|Scale Shot|p1a: Ursaluna
|-damage|p1a: Ursaluna|90/100
|-damage|p1a: Ursaluna|79/100
|-damage|p1a: Ursaluna|69/100
|-damage|p1a: Ursaluna|59/100
|-damage|p1a: Ursaluna|49/100
|-hitcount|p1a: Ursaluna|5
|-unboost|p2a: Dragonite|def|1
|-boost|p2a: Dragonite|spe|1
|move|p1a: Ursaluna|Hyper Voice|p2b: Sinistcha|[spread] p2a,p2b
|-damage|p2a: Dragonite|71/100
|-damage|p2b: Sinistcha|33/100
|-enditem|p2b: Sinistcha|Sitrus Berry|[eat]
|-heal|p2b: Sinistcha|58/100|[from] item: Sitrus Berry
|-damage|p1a: Ursaluna|39/100|[from] item: Life Orb
|move|p2b: Sinistcha|Matcha Gotcha|p1b: Electabuzz|[spread] p1b
|-miss|p2b: Sinistcha|p1a: Ursaluna
|-damage|p1b: Electabuzz|81/100
|-heal|p2b: Sinistcha|67/100|[from] drain|[of] p1b: Electabuzz
|
|upkeep
|turn|3
|inactive|crudo de fava has 30 seconds left.
|inactive|crudo de fava has 20 seconds left.
|inactive|schleorge has 30 seconds left.
|inactive|crudo de fava has 15 seconds left.
|inactive|crudo de fava has 10 seconds left.
|inactive|schleorge has 20 seconds left.
|inactive|schleorge has 15 seconds left.
|
|t:|1757798965
|switch|p1b: Indeedee|Indeedee, L50, M|100/100
|-fieldstart|move: Psychic Terrain|[from] ability: Psychic Surge|[of] p1b: Indeedee
|switch|p2b: Archaludon|Archaludon, L50, F|100/100
|move|p2a: Dragonite|Protect|p2a: Dragonite
|-singleturn|p2a: Dragonite|Protect
|move|p1a: Ursaluna|Hyper Voice|p2b: Archaludon|[spread] p2b
|-activate|p2a: Dragonite|move: Protect
|-resisted|p2b: Archaludon
|-damage|p2b: Archaludon|71/100
|-ability|p2b: Archaludon|Stamina|boost
|-boost|p2b: Archaludon|def|1
|-damage|p1a: Ursaluna|30/100|[from] item: Life Orb
|
|upkeep
|turn|4
|
|t:|1757798981
|move|p1a: Ursaluna|Protect|p1a: Ursaluna
|-singleturn|p1a: Ursaluna|Protect
|move|p2a: Dragonite|Scale Shot|p1b: Indeedee
|-damage|p1b: Indeedee|73/100
|-damage|p1b: Indeedee|48/100
|-damage|p1b: Indeedee|20/100
|-damage|p1b: Indeedee|0 fnt
|faint|p1b: Indeedee
|-hitcount|p1: Indeedee|4
|-unboost|p2a: Dragonite|def|1
|-boost|p2a: Dragonite|spe|1
|move|p2b: Archaludon|Body Press|p1a: Ursaluna
|-activate|p1a: Ursaluna|move: Protect
|
|upkeep
|
|t:|1757798983
|switch|p1b: Sneasler|Sneasler, L50, F|100/100
|-enditem|p1b: Sneasler|Psychic Seed
|-boost|p1b: Sneasler|spd|1|[from] item: Psychic Seed
|turn|5
|inactive|crudo de fava has 30 seconds left.
|
|t:|1757799016
|switch|p2b: Sinistcha|Sinistcha, L50|67/100
|-heal|p2a: Dragonite|96/100|[from] ability: Hospitality|[of] p2b: Sinistcha
|switch|p1a: Electabuzz|Electabuzz, L50, F|81/100
|move|p1b: Sneasler|Dire Claw|p2a: Dragonite
|-damage|p2a: Dragonite|19/100
|move|p2a: Dragonite|Scale Shot|p1b: Sneasler
|-crit|p1b: Sneasler
|-damage|p1b: Sneasler|68/100
|-damage|p1b: Sneasler|44/100
|-damage|p1b: Sneasler|22/100
|-crit|p1b: Sneasler
|-damage|p1b: Sneasler|0 fnt
|faint|p1b: Sneasler
|-hitcount|p1: Sneasler|4
|-unboost|p2a: Dragonite|def|1
|-boost|p2a: Dragonite|spe|1
|
|upkeep
|-message|schleorge forfeited.
|
|win|crudo de fava
|raw|schleorge's rating: 1403 → 1386(-17 for losing)
|raw|crudo de fava's rating: 1451 → 1468(+17 for winning)
|l|☆schleorge
|player|p1|
