|j|☆Zdog2015
|j|☆zhz2021
|html|Zdog2015zhz2021    
|uhtml|bestof|Game 3 of a best-of-3
|t:|1784205101
|gametype|doubles
|player|p1|Zdog2015|1|1104
|player|p2|zhz2021|169|1108
|gen|9
|tier|[Gen 9 Champions] VGC 2026 Reg M-B (Bo3)
|rated|
|rule|Species Clause: Limit one of each Pokémon
|rule|Item Clause: Limit 1 of each item
|clearpoke
|poke|p1|Kingambit, L50, F|
|poke|p1|Whimsicott, L50, M|
|poke|p1|Basculegion, L50, M|
|poke|p1|Garchomp, L50, M|
|poke|p1|Charizard, L50, M|
|poke|p1|Floette-Eternal, L50, F|
|poke|p2|Orthworm, L50, M|
|poke|p2|Incineroar, L50, F|
|poke|p2|Garchomp, L50, M|
|poke|p2|Basculegion, L50, M|
|poke|p2|Gholdengo, L50|
|poke|p2|Delphox, L50, M|
|teampreview|4
|showteam|p1|Kingambit||ChopleBerry|Defiant|KowtowCleave,LowKick,SuckerPunch,Protect|Adamant||F|||50|]Whimsicott||FocusSash|Prankster|Moonblast,Tailwind,Encore,Protect|Timid||M|||50|]Basculegion||MysticWater|Adaptability|WaveCrash,LastRespects,AquaJet,Protect|Adamant||M|||50|]Garchomp||LifeOrb|RoughSkin|DragonClaw,RockSlide,Earthquake,Protect|Jolly||M|||50|]Charizard||CharizarditeY|Blaze|WeatherBall,HeatWave,SolarBeam,Protect|Modest||M|||50|]Floette-Eternal||Floettite|FlowerVeil|Moonblast,DazzlingGleam,LightofRuin,Protect|Timid||F|||50|
|showteam|p2|Orthworm||SitrusBerry|EarthEater|BodyPress,HelpingHand,ShedTail,Protect|Relaxed||M|||50|]Incineroar||ChopleBerry|Intimidate|FakeOut,PartingShot,DarkestLariat,FlareBlitz|Sassy||F|||50|]Garchomp||LifeOrb|RoughSkin|RockSlide,Earthquake,StompingTantrum,Protect|Jolly||M|||50|]Basculegion||ChoiceScarf|Adaptability|AquaJet,LastRespects,WaveCrash,FlipTurn|Adamant||M|||50|]Gholdengo||MetalCoat|GoodasGold|MakeItRain,NastyPlot,Protect,ShadowBall|Modest|||||50|]Delphox||Delphoxite|Blaze|NastyPlot,Protect,HeatWave,Psyshock|Timid||M|||50|
|
|t:|1784205124
|teamsize|p1|4
|teamsize|p2|4
|start
|switch|p1a: Whimsicott|Whimsicott, L50, M|100/100
|switch|p1b: Floette|Floette-Eternal, L50, F|100/100
|switch|p2a: Garchomp|Garchomp, L50, M|100/100
|switch|p2b: Orthworm|Orthworm, L50, M|100/100
|turn|1
|
|t:|1784205141
|switch|p2a: Incineroar|Incineroar, L50, F|100/100
|-ability|p2a: Incineroar|Intimidate|boost
|-block|p1a: Whimsicott|ability: Flower Veil|[of] p1b: Floette
|-unboost|p1b: Floette|atk|1
|move|p1a: Whimsicott|Tailwind|p1a: Whimsicott
|-sidestart|p1: Zdog2015|move: Tailwind
|move|p1b: Floette|Moonblast|p2a: Incineroar
|-damage|p2a: Incineroar|63/100
|move|p2b: Orthworm|Shed Tail|p2b: Orthworm
|-start|p2b: Orthworm|Substitute|[from] move: Shed Tail
|-damage|p2b: Orthworm|50/100y
|-enditem|p2b: Orthworm|Sitrus Berry|[eat]
|-heal|p2b: Orthworm|75/100|[from] item: Sitrus Berry
|
|t:|1784205161
|switch|p2b: Basculegion|Basculegion, L50, M|100/100|[from] Shed Tail
|
|upkeep
|turn|2
|
|t:|1784205181
|detailschange|p1b: Floette|Floette-Mega, L50, F
|-mega|p1b: Floette|Floette|Floettite
|-ability|p1b: Floette|Fairy Aura
|move|p1b: Floette|Protect|p1b: Floette
|-singleturn|p1b: Floette|Protect
|move|p2a: Incineroar|Fake Out|p1a: Whimsicott
|-damage|p1a: Whimsicott|84/100
|cant|p1a: Whimsicott|flinch
|move|p2b: Basculegion|Wave Crash|p1b: Floette
|-activate|p1b: Floette|move: Protect
|
|upkeep
|turn|3
|inactive|Battle timer is ON: inactive players will automatically lose when time's up. (requested by zhz2021)
|
|t:|1784205199
|switch|p1b: Basculegion|Basculegion, L50, M|100/100
|move|p1a: Whimsicott|Moonblast|p2b: Basculegion
|-end|p2b: Basculegion|Substitute
|move|p2b: Basculegion|Wave Crash|p1b: Basculegion
|-resisted|p1b: Basculegion|1
|-damage|p1b: Basculegion|53/100
|-damage|p2b: Basculegion|84/100|[from] Recoil
|move|p2a: Incineroar|Flare Blitz|p1b: Basculegion
|-resisted|p1b: Basculegion|1
|-damage|p1b: Basculegion|24/100
|-damage|p2a: Incineroar|54/100|[from] Recoil
|
|upkeep
|turn|4
|
|t:|1784205215
|move|p1a: Whimsicott|Moonblast|p2b: Basculegion
|-damage|p2b: Basculegion|44/100
|move|p1b: Basculegion|Last Respects|p2b: Basculegion
|-supereffective|p2b: Basculegion|1
|-damage|p2b: Basculegion|0 fnt
|faint|p2b: Basculegion
|move|p2a: Incineroar|Flare Blitz|p1a: Whimsicott
|-supereffective|p1a: Whimsicott|1
|-damage|p1a: Whimsicott|0 fnt
|faint|p1a: Whimsicott
|-damage|p2a: Incineroar|35/100|[from] Recoil
|
|-sideend|p1: Zdog2015|move: Tailwind
|upkeep
|
|t:|1784205231
|switch|p1a: Kingambit|Kingambit, L50, F|100/100
|switch|p2b: Garchomp|Garchomp, L50, M|100/100
|turn|5
|
|t:|1784205242
|switch|p2a: Orthworm|Orthworm, L50, M|75/100
|move|p2b: Garchomp|Earthquake|p1b: Basculegion|[spread] p1a,p1b
|-heal|p2a: Orthworm|100/100|[from] ability: Earth Eater|[of] p2b: Garchomp
|-supereffective|p1a: Kingambit|1
|-damage|p1a: Kingambit|20/100y
|-damage|p1b: Basculegion|0 fnt
|faint|p1b: Basculegion
|-damage|p2b: Garchomp|90/100|[from] item: Life Orb
|move|p1a: Kingambit|Low Kick|p2a: Orthworm
|-supereffective|p2a: Orthworm|1
|-damage|p2a: Orthworm|40/100
|
|upkeep
|
|t:|1784205254
|switch|p1b: Floette|Floette-Mega, L50, F|100/100
|-ability|p1b: Floette|Fairy Aura
|turn|6
|
|t:|1784205263
|move|p1a: Kingambit|Protect|p1a: Kingambit
|-singleturn|p1a: Kingambit|Protect
|move|p2b: Garchomp|Earthquake|p1a: Kingambit|[spread] p1b
|-activate|p1a: Kingambit|move: Protect
|-heal|p2a: Orthworm|65/100|[from] ability: Earth Eater|[of] p2b: Garchomp
|-damage|p1b: Floette|33/100
|-damage|p2b: Garchomp|80/100|[from] item: Life Orb
|move|p1b: Floette|Moonblast|p2b: Garchomp
|-supereffective|p2b: Garchomp|1
|-damage|p2b: Garchomp|0 fnt
|faint|p2b: Garchomp
|move|p2a: Orthworm|Shed Tail|p2a: Orthworm
|-start|p2a: Orthworm|Substitute|[from] move: Shed Tail
|-damage|p2a: Orthworm|15/100
|
|t:|1784205269
|switch|p2a: Incineroar|Incineroar, L50, F|35/100|[from] Shed Tail
|-ability|p2a: Incineroar|Intimidate|boost
|-unboost|p1a: Kingambit|atk|1
|-ability|p1a: Kingambit|Defiant|boost
|-boost|p1a: Kingambit|atk|2
|-unboost|p1b: Floette|atk|1
|
|upkeep
|
|t:|1784205272
|switch|p2b: Orthworm|Orthworm, L50, M|15/100
|turn|7
|
|t:|1784205295
|move|p1b: Floette|Protect|p1b: Floette
|-singleturn|p1b: Floette|Protect
|move|p2b: Orthworm|Protect|p2b: Orthworm
|-singleturn|p2b: Orthworm|Protect
|move|p1a: Kingambit|Sucker Punch|p2a: Incineroar
|-resisted|p2a: Incineroar|1
|-end|p2a: Incineroar|Substitute
|move|p2a: Incineroar|Flare Blitz|p1a: Kingambit
|-supereffective|p1a: Kingambit|1
|-damage|p1a: Kingambit|0 fnt
|faint|p1a: Kingambit
|-damage|p2a: Incineroar|28/100|[from] Recoil
|
|upkeep
|turn|8
|
|t:|1784205311
|move|p1b: Floette|Dazzling Gleam|p2b: Orthworm|[spread] p2a,p2b
|-resisted|p2b: Orthworm|1
|-damage|p2a: Incineroar|0 fnt
|-damage|p2b: Orthworm|0 fnt
|faint|p2a: Incineroar
|faint|p2b: Orthworm
|
|win|Zdog2015
|raw|Zdog2015's rating: 1104 → 1129(+25 for winning)
|raw|zhz2021's rating: 1108 → 1083(-25 for losing)
