|j|☆shungung my wife
|j|☆138mysx
|html|shungung my wife138mysx    
|uhtml|bestof|Game 3 of a best-of-3
|t:|1786136744
|gametype|doubles
|player|p1|shungung my wife|2|
|player|p2|138mysx|266|
|gen|9
|tier|[Gen 9 Champions] VGC 2026 Reg M-B (Bo3)
|rule|Species Clause: Limit one of each Pokémon
|rule|Item Clause: Limit 1 of each item
|clearpoke
|poke|p1|Sneasler, L50, F|
|poke|p1|Ninetales, L50, M|
|poke|p1|Chandelure, L50, M|
|poke|p1|Whimsicott, L50, M|
|poke|p1|Basculegion, L50, M|
|poke|p1|Chimecho, L50, F|
|poke|p2|Scovillain, L50, M|
|poke|p2|Umbreon, L50, M|
|poke|p2|Gengar, L50, M|
|poke|p2|Blastoise, L50, F|
|poke|p2|Oranguru, L50, M|
|poke|p2|Kommo-o, L50, M|
|teampreview|4
|showteam|p1|Sneasler||WhiteHerb|Unburden|CloseCombat,DireClaw,Protect,FakeOut|Adamant||F|||50|]Ninetales||Charcoal|Drought|WeatherBall,Protect,SolarBeam,HelpingHand|Timid||M|||50|]Chandelure||Chandelurite|FlashFire|CalmMind,Protect,HeatWave,ShadowBall|Quiet||M|||50|]Whimsicott||FocusSash|Prankster|Moonblast,Protect,Encore,Tailwind|Bold||M|||50|]Basculegion||ChoiceScarf|Adaptability|WaveCrash,LastRespects,AquaJet,FlipTurn|Jolly||M|||50|]Chimecho||Chimechite|Levitate|Imprison,TrickRoom,Protect,Psychic|Sassy||F|||50|
|showteam|p2|Scovillain||ChoiceScarf|Chlorophyll|ZenHeadbutt,LeafStorm,Flamethrower,RagePowder|Modest||M|||50|]Umbreon||SitrusBerry|InnerFocus|BabyDollEyes,Snarl,HelpingHand,FoulPlay|Calm||M|||50|]Gengar||Gengarite|CursedBody|ShadowBall,SludgeBomb,Psychic,Protect|Timid||M|||50|]Blastoise||Blastoisinite|RainDish|FakeOut,WaterSpout,MuddyWater,DarkPulse|Quiet||F|||50|]Oranguru||MentalHerb|InnerFocus|RainDance,TrickRoom,Instruct,Thunder|Relaxed||M|||50|]Kommo-o||LifeOrb|Bulletproof|Earthquake,StompingTantrum,PoisonJab,Protect|Brave||M|||50|
|j| n8_dawgg
|j| ObiWon Kobe
|j| ssooner
|
|t:|1786136842
|teamsize|p1|4
|teamsize|p2|4
|start
|switch|p1a: Whimsicott|Whimsicott, L50, M|100/100
|switch|p1b: Sneasler|Sneasler, L50, F|100/100
|switch|p2a: Blastoise|Blastoise, L50, F|100/100
|switch|p2b: Scovillain|Scovillain, L50, M|100/100
|turn|1
|j| JareMase
|
|t:|1786136894
|detailschange|p2a: Blastoise|Blastoise-Mega, L50, F
|-mega|p2a: Blastoise|Blastoise|Blastoisinite
|move|p1a: Whimsicott|Tailwind|p1a: Whimsicott
|-sidestart|p1: shungung my wife|move: Tailwind
|move|p1b: Sneasler|Dire Claw|p2b: Scovillain
|-supereffective|p2b: Scovillain|1
|-damage|p2b: Scovillain|0 fnt
|faint|p2b: Scovillain
|move|p2a: Blastoise|Water Spout|p1a: Whimsicott|[spread] p1a,p1b
|-resisted|p1a: Whimsicott|1
|-damage|p1a: Whimsicott|53/100
|-damage|p1b: Sneasler|10/100
|
|upkeep
|
|t:|1786136905
|switch|p2b: Oranguru|Oranguru, L50, M|100/100
|turn|2
|
|t:|1786136931
|switch|p1a: Chimecho|Chimecho, L50, F|100/100
|switch|p2a: Fearless|Kommo-o, L50, M|100/100
|move|p1b: Sneasler|Protect|p1b: Sneasler
|-singleturn|p1b: Sneasler|Protect
|move|p2b: Oranguru|Trick Room|p2b: Oranguru
|-fieldstart|move: Trick Room|[of] p2b: Oranguru
|
|upkeep
|turn|3
|
|t:|1786136983
|switch|p1b: Whimsicott|Whimsicott, L50, M|53/100
|move|p2a: Fearless|Earthquake|p1a: Chimecho|[spread] p2b,p1b
|-immune|p1a: Chimecho|[from] ability: Levitate
|-resisted|p1b: Whimsicott|1
|-damage|p2b: Oranguru|70/100
|-damage|p1b: Whimsicott|40/100
|-damage|p2a: Fearless|90/100|[from] item: Life Orb
|move|p2b: Oranguru|Trick Room|p2b: Oranguru
|-fieldend|move: Trick Room
|move|p1a: Chimecho|Trick Room|p1a: Chimecho
|-fieldstart|move: Trick Room|[of] p1a: Chimecho
|
|upkeep
|turn|4
|
|t:|1786137023
|switch|p2b: Blastoise|Blastoise-Mega, L50, F|100/100
|move|p1b: Whimsicott|Encore||[still]
|-fail|p1b: Whimsicott
|move|p2a: Fearless|Poison Jab|p1b: Whimsicott
|-supereffective|p1b: Whimsicott|2
|-damage|p1b: Whimsicott|0 fnt
|faint|p1b: Whimsicott
|-damage|p2a: Fearless|80/100|[from] item: Life Orb
|move|p1a: Chimecho|Psychic|p2a: Fearless
|-supereffective|p2a: Fearless|1
|-damage|p2a: Fearless|28/100
|
|-sideend|p1: shungung my wife|move: Tailwind
|upkeep
|
|t:|1786137036
|switch|p1b: Sneasler|Sneasler, L50, F|10/100
|turn|5
|
|t:|1786137059
|move|p1b: Sneasler|Protect|p1b: Sneasler
|-singleturn|p1b: Sneasler|Protect
|move|p2b: Blastoise|Dark Pulse|p1a: Chimecho
|-supereffective|p1a: Chimecho|1
|-damage|p1a: Chimecho|30/100
|move|p2a: Fearless|Stomping Tantrum|p1b: Sneasler
|-activate|p1b: Sneasler|move: Protect
|move|p1a: Chimecho|Trick Room|p1a: Chimecho
|-fieldend|move: Trick Room
|
|upkeep
|turn|6
|
|t:|1786137077
|detailschange|p1a: Chimecho|Chimecho-Mega, L50, F
|-mega|p1a: Chimecho|Chimecho|Chimechite
|move|p2a: Fearless|Protect|p2a: Fearless
|-singleturn|p2a: Fearless|Protect
|move|p1b: Sneasler|Close Combat|p2b: Blastoise
|-crit|p2b: Blastoise
|-damage|p2b: Blastoise|9/100
|-unboost|p1b: Sneasler|def|1
|-unboost|p1b: Sneasler|spd|1
|-enditem|p1b: Sneasler|White Herb
|-clearnegativeboost|p1b: Sneasler|[silent]
|move|p2b: Blastoise|Water Spout|p1b: Sneasler|[spread] p1a,p1b
|-damage|p1a: Chimecho|26/100
|-damage|p1b: Sneasler|1/100
|move|p1a: Chimecho|Psychic|p2a: Fearless
|-activate|p2a: Fearless|move: Protect
|
|upkeep
|turn|7
|c|☆138mysx|Vabbé il crit
|
|t:|1786137174
|switch|p2a: Oranguru|Oranguru, L50, M|70/100
|move|p1b: Sneasler|Dire Claw|p2b: Blastoise
|-damage|p2b: Blastoise|0 fnt
|faint|p2b: Blastoise
|move|p1a: Chimecho|Psychic|p2a: Oranguru
|-resisted|p2a: Oranguru|1
|-damage|p2a: Oranguru|53/100
|
|upkeep
|
|t:|1786137182
|switch|p2b: Fearless|Kommo-o, L50, M|28/100
|turn|8
|
|t:|1786137218
|move|p2b: Fearless|Protect|p2b: Fearless
|-singleturn|p2b: Fearless|Protect
|move|p1b: Sneasler|Close Combat|p2a: Oranguru
|-damage|p2a: Oranguru|0 fnt
|-unboost|p1b: Sneasler|def|1
|-unboost|p1b: Sneasler|spd|1
|faint|p2a: Oranguru
|move|p1a: Chimecho|Psychic|p2b: Fearless
|-activate|p2b: Fearless|move: Protect
|
|upkeep
|turn|9
|
|t:|1786137232
|move|p1b: Sneasler|Dire Claw|p2b: Fearless
|-damage|p2b: Fearless|0 fnt
|faint|p2b: Fearless
|
|win|shungung my wife
