|j|☆ironstandseternal
|j|☆Mario3x
|html|ironstandseternalMario3x    
|uhtml|bestof|Game 1 of a best-of-3
|t:|1757937395
|gametype|doubles
|player|p1|ironstandseternal|flint|1248
|player|p2|Mario3x|169|1329
|gen|9
|tier|[Gen 9] VGC 2025 Reg H (Bo3)
|rated|
|rule|Species Clause: Limit one of each Pokémon
|rule|Item Clause: Limit 1 of each item
|clearpoke
|poke|p1|Amoonguss, L50, M|
|poke|p1|Incineroar, L50, F|
|poke|p1|Archaludon, L50, F|
|poke|p1|Pelipper, L50, M|
|poke|p1|Gholdengo, L50|
|poke|p1|Basculegion, L50, M|
|poke|p2|Whimsicott, L50, F|
|poke|p2|Ursaluna-Bloodmoon, L50, M|
|poke|p2|Annihilape, L50, M|
|poke|p2|Incineroar, L50, M|
|poke|p2|Charizard, L50, M|
|poke|p2|Rillaboom, L50, M|
|teampreview|4
|showteam|p1|Amoonguss||SitrusBerry|Regenerator|PollenPuff,Spore,RagePowder,Protect|||M|||50|,,,,,Psychic]Incineroar||SafetyGoggles|Intimidate|FlareBlitz,KnockOff,PartingShot,FakeOut|||F|||50|,,,,,Water]Archaludon||AssaultVest|Stamina|FlashCannon,DracoMeteor,ElectroShot,BodyPress|||F|||50|,,,,,Fighting]Pelipper||FocusSash|Drizzle|WeatherBall,Hurricane,Tailwind,Protect|||M|||50|,,,,,Ghost]Gholdengo||LifeOrb|GoodasGold|MakeItRain,ShadowBall,NastyPlot,Protect||||||50|,,,,,Flying]Basculegion||ChoiceBand|SwiftSwim|WaveCrash,LastRespects,FlipTurn,AquaJet|||M|||50|,,,,,Water
|showteam|p2|Whimsicott||CovertCloak|Prankster|Moonblast,Tailwind,Encore,SunnyDay|||F|||50|,,,,,Ghost]Ursaluna-Bloodmoon||LifeOrb|MindsEye|BloodMoon,HyperVoice,EarthPower,Protect|||M|||50|,,,,,Poison]Annihilape||Leftovers|Defiant|DrainPunch,RageFist,BulkUp,Protect|||M|||50|,,,,,Water]Incineroar||SafetyGoggles|Intimidate|FakeOut,FlareBlitz,KnockOff,PartingShot|||M|||50|,,,,,Ghost]Charizard||ChoiceSpecs|SolarPower|HeatWave,Overheat,AirSlash,DragonPulse|||M|||50|,,,,,Ghost]Rillaboom||AssaultVest|GrassySurge|FakeOut,WoodHammer,HighHorsepower,GrassyGlide|||M|||50|,,,,,Water
|
|t:|1757937453
|teamsize|p1|4
|teamsize|p2|4
|start
|switch|p1a: Archaludon|Archaludon, L50, F|100/100
|switch|p1b: Gholdengo|Gholdengo, L50|100/100
|switch|p2a: Whimsicott|Whimsicott, L50, F|100/100
|switch|p2b: Annihilape|Annihilape, L50, M|100/100
|turn|1
|l|☆ironstandseternal
|player|p1|
|j|☆ironstandseternal
|player|p1|ironstandseternal|flint|
|
|t:|1757937507
|switch|p2a: Incineroar|Incineroar, L50, M|100/100
|-ability|p2a: Incineroar|Intimidate|boost
|-unboost|p1a: Archaludon|atk|1
|-unboost|p1b: Gholdengo|atk|1
|-terastallize|p2b: Annihilape|Water
|move|p2b: Annihilape|Bulk Up|p2b: Annihilape
|-boost|p2b: Annihilape|atk|1
|-boost|p2b: Annihilape|def|1
|move|p1b: Gholdengo|Nasty Plot|p1b: Gholdengo
|-boost|p1b: Gholdengo|spa|2
|move|p1a: Archaludon|Flash Cannon|p2a: Incineroar
|-resisted|p2a: Incineroar
|-damage|p2a: Incineroar|83/100
|
|upkeep
|turn|2
|
|t:|1757937540
|-terastallize|p1a: Archaludon|Fighting
|move|p1b: Gholdengo|Protect|p1b: Gholdengo
|-singleturn|p1b: Gholdengo|Protect
|move|p2b: Annihilape|Rage Fist|p1b: Gholdengo
|-activate|p1b: Gholdengo|move: Protect
|move|p1a: Archaludon|Body Press|p2a: Incineroar
|-supereffective|p2a: Incineroar
|-damage|p2a: Incineroar|20/100
|move|p2a: Incineroar|Parting Shot|p1a: Archaludon
|-unboost|p1a: Archaludon|atk|1
|-unboost|p1a: Archaludon|spa|1
|
|t:|1757937553
|switch|p2a: Whimsicott|Whimsicott, L50, F|100/100|[from] Parting Shot
|
|upkeep
|turn|3
|
|t:|1757937589
|move|p2a: Whimsicott|Tailwind|p2a: Whimsicott
|-sidestart|p2: Mario3x|move: Tailwind
|move|p2b: Annihilape|Rage Fist|p1b: Gholdengo
|-supereffective|p1b: Gholdengo
|-damage|p1b: Gholdengo|39/100
|move|p1b: Gholdengo|Shadow Ball|p2b: Annihilape
|-damage|p2b: Annihilape|11/100
|-damage|p1b: Gholdengo|29/100|[from] item: Life Orb
|move|p1a: Archaludon|Flash Cannon|p2a: Whimsicott
|-supereffective|p2a: Whimsicott
|-damage|p2a: Whimsicott|20/100
|
|-heal|p2b: Annihilape|17/100|[from] item: Leftovers
|upkeep
|turn|4
|
|t:|1757937627
|move|p1b: Gholdengo|Protect|p1b: Gholdengo
|-singleturn|p1b: Gholdengo|Protect
|move|p2a: Whimsicott|Moonblast|p1a: Archaludon
|-supereffective|p1a: Archaludon
|-damage|p1a: Archaludon|47/100
|-ability|p1a: Archaludon|Stamina|boost
|-boost|p1a: Archaludon|def|1
|move|p2b: Annihilape|Drain Punch|p1a: Archaludon
|-damage|p1a: Archaludon|26/100
|-heal|p2b: Annihilape|26/100|[from] drain|[of] p1a: Archaludon
|-ability|p1a: Archaludon|Stamina|boost
|-boost|p1a: Archaludon|def|1
|move|p1a: Archaludon|Draco Meteor|p2b: Annihilape
|-damage|p2b: Annihilape|0 fnt
|-unboost|p1a: Archaludon|spa|2
|faint|p2b: Annihilape
|
|upkeep
|
|t:|1757937643
|switch|p2b: Ursaluna|Ursaluna-Bloodmoon, L50, M|100/100
|turn|5
|
|t:|1757937686
|move|p2a: Whimsicott|Moonblast|p1b: Gholdengo
|-resisted|p1b: Gholdengo
|-damage|p1b: Gholdengo|11/100
|-unboost|p1b: Gholdengo|spa|1
|move|p2b: Ursaluna|Hyper Voice|p1a: Archaludon|[spread] p1a,p1b
|-resisted|p1b: Gholdengo
|-damage|p1a: Archaludon|0 fnt
|-damage|p1b: Gholdengo|0 fnt
|faint|p1a: Archaludon
|faint|p1b: Gholdengo
|-damage|p2b: Ursaluna|91/100|[from] item: Life Orb
|
|upkeep
|
|t:|1757937693
|switch|p1b: Basculegion|Basculegion, L50, M|100/100
|switch|p1a: Pelipper|Pelipper, L50, M|100/100
|-weather|RainDance|[from] ability: Drizzle|[of] p1a: Pelipper
|turn|6
|
|t:|1757937719
|move|p2a: Whimsicott|Sunny Day|p2a: Whimsicott
|-weather|SunnyDay
|move|p2b: Ursaluna|Blood Moon|p1b: Basculegion
|-crit|p1b: Basculegion
|-damage|p1b: Basculegion|0 fnt
|faint|p1b: Basculegion
|-damage|p2b: Ursaluna|81/100|[from] item: Life Orb
|move|p1a: Pelipper|Weather Ball|p2a: Whimsicott
|-supereffective|p2a: Whimsicott
|-damage|p2a: Whimsicott|0 fnt
|faint|p2a: Whimsicott
|
|-weather|SunnyDay|[upkeep]
|-sideend|p2: Mario3x|move: Tailwind
|upkeep
|l|☆Mario3x
|player|p2|
|j|☆Mario3x
|player|p2|Mario3x|169|
|
|t:|1757937765
|switch|p2a: Incineroar|Incineroar, L50, M|20/100
|-ability|p2a: Incineroar|Intimidate|boost
|-unboost|p1a: Pelipper|atk|1
|turn|7
|
|t:|1757937776
|move|p1a: Pelipper|Protect|p1a: Pelipper
|-singleturn|p1a: Pelipper|Protect
|move|p2a: Incineroar|Fake Out|p1a: Pelipper
|-activate|p1a: Pelipper|move: Protect
|move|p2b: Ursaluna|Hyper Voice|p1a: Pelipper
|-activate|p1a: Pelipper|move: Protect
|
|-weather|SunnyDay|[upkeep]
|upkeep
|turn|8
|
|t:|1757937788
|move|p1a: Pelipper|Weather Ball|p2a: Incineroar
|-resisted|p2a: Incineroar
|-damage|p2a: Incineroar|0 fnt
|faint|p2a: Incineroar
|move|p2b: Ursaluna|Blood Moon|p1a: Pelipper
|-enditem|p1a: Pelipper|Focus Sash
|-damage|p1a: Pelipper|1/100
|-damage|p2b: Ursaluna|71/100|[from] item: Life Orb
|
|-weather|SunnyDay|[upkeep]
|upkeep
|turn|9
|
|t:|1757937807
|move|p1a: Pelipper|Protect|p1a: Pelipper
|-singleturn|p1a: Pelipper|Protect
|move|p2b: Ursaluna|Hyper Voice|p1a: Pelipper
|-activate|p1a: Pelipper|move: Protect
|
|-weather|SunnyDay|[upkeep]
|upkeep
|turn|10
|
|t:|1757937821
|move|p1a: Pelipper|Weather Ball|p2b: Ursaluna
|-damage|p2b: Ursaluna|14/100
|move|p2b: Ursaluna|Hyper Voice|p1a: Pelipper
|-damage|p1a: Pelipper|0 fnt
|faint|p1a: Pelipper
|-damage|p2b: Ursaluna|5/100|[from] item: Life Orb
|
|win|Mario3x
|l|☆Mario3x
|player|p2|
|inactive|ironstandseternal has 30 seconds to confirm battle start!
|inactive|Mario3x has 30 seconds to confirm battle start!
||Mario3x is ready for game 2.
||ironstandseternal is ready for game 2.
|uhtml|next|Next: Game 2 of 3
