|j|☆hermit5
|j|☆cantilevervcg
|html|hermit5cantilevervcg    
|uhtml|bestof|Game 1 of a best-of-3
|t:|1756152694
|gametype|doubles
|player|p1|hermit5|red|1062
|player|p2|cantilevervcg|veteranf|1025
|gen|9
|tier|[Gen 9] VGC 2025 Reg H (Bo3)
|rated|
|rule|Species Clause: Limit one of each Pokémon
|rule|Item Clause: Limit 1 of each item
|clearpoke
|poke|p1|Dragonite, L50, F|
|poke|p1|Sneasler, L50, M|
|poke|p1|Indeedee-F, L50, F|
|poke|p1|Ursaluna-Bloodmoon, L50, M|
|poke|p1|Amoonguss, L50, F|
|poke|p1|Incineroar, L50, M|
|poke|p2|Farigiraf, L50, F|
|poke|p2|Ursaluna-Bloodmoon, L50, M|
|poke|p2|Incineroar, L50, F|
|poke|p2|Archaludon, L50, M|
|poke|p2|Ninetales-Alola, L50, M|
|poke|p2|Annihilape, L50, M|
|teampreview|4
|showteam|p1|Dragonite||LoadedDice|Multiscale|ScaleShot,Protect,Haze,ExtremeSpeed|||F|||50|,,,,,Fairy]Sneasler||PsychicSeed|Unburden|Coaching,CloseCombat,DireClaw,Protect|||M|||50|,,,,,Flying]Indeedee-F||FocusSash|PsychicSurge|FollowMe,TrickRoom,HelpingHand,Psychic|||F|||50|,,,,,Fairy]Ursaluna-Bloodmoon||LifeOrb|MindsEye|HyperVoice,BloodMoon,EarthPower,Protect|||M|||50|,,,,,Normal]Amoonguss||SitrusBerry|Regenerator|PollenPuff,Spore,RagePowder,Protect|||F|||50|,,,,,Water]Incineroar||SafetyGoggles|Intimidate|FakeOut,KnockOff,FlareBlitz,PartingShot|||M|||50|,,,,,Ghost
|showteam|p2|Farigiraf||ThroatSpray|ArmorTail|TrickRoom,Psychic,HyperVoice,Protect|||F|||50|,,,,,Fairy]Ursaluna-Bloodmoon||AssaultVest|MindsEye|EarthPower,BloodMoon,HyperVoice,VacuumWave|||M|||50|,,,,,Ghost]Incineroar||SafetyGoggles|Intimidate|FlareBlitz,KnockOff,PartingShot,FakeOut|||F|||50|,,,,,Ghost]Archaludon||PowerHerb|Stalwart|FlashCannon,DragonPulse,ElectroShot,Protect|||M|||50|,,,,,Stellar]Ninetales-Alola||CovertCloak|SnowWarning|Blizzard,AuroraVeil,Encore,Protect|||M|||50|,,,,,Water]Annihilape||ChoiceScarf|Defiant|CloseCombat,FinalGambit,RageFist,Uturn|||M|||50|,,,,,Grass
|inactive|Battle timer is ON: inactive players will automatically lose when time's up. (requested by cantilevervcg)
|inactive|hermit5 has 60 seconds left.
|c|☆cantilevervcg|glhf
|inactive|hermit5 has 30 seconds left.
|inactive|hermit5 has 20 seconds left.
|
|t:|1756152766
|teamsize|p1|4
|teamsize|p2|4
|start
|switch|p1a: Dragonite|Dragonite, L50, F, shiny|100/100
|switch|p1b: Sneasler|Sneasler, L50, M|100/100
|switch|p2a: Incineroar|Incineroar, L50, F|100/100
|switch|p2b: Archaludon|Archaludon, L50, M|100/100
|-ability|p2a: Incineroar|Intimidate|boost
|-unboost|p1a: Dragonite|atk|1
|-unboost|p1b: Sneasler|atk|1
|turn|1
|
|t:|1756152786
|move|p1b: Sneasler|Protect|p1b: Sneasler
|-singleturn|p1b: Sneasler|Protect
|move|p1a: Dragonite|Protect|p1a: Dragonite
|-singleturn|p1a: Dragonite|Protect
|move|p2a: Incineroar|Fake Out|p1a: Dragonite
|-activate|p1a: Dragonite|move: Protect
|move|p2b: Archaludon|Electro Shot||[still]
|-prepare|p2b: Archaludon|Electro Shot
|-boost|p2b: Archaludon|spa|1
|-enditem|p2b: Archaludon|Power Herb
|-anim|p2b: Archaludon|Electro Shot|p1b: Sneasler
|-activate|p1b: Sneasler|move: Protect
|
|upkeep
|turn|2
|inactive|hermit5 has 30 seconds left.
|
|t:|1756152815
|-terastallize|p1a: Dragonite|Fairy
|move|p2b: Archaludon|Protect|p2b: Archaludon
|-singleturn|p2b: Archaludon|Protect
|move|p1b: Sneasler|Close Combat|p2b: Archaludon
|-activate|p2b: Archaludon|move: Protect
|move|p1a: Dragonite|Scale Shot|p2b: Archaludon
|-activate|p2b: Archaludon|move: Protect
|move|p2a: Incineroar|Parting Shot|p1b: Sneasler
|-unboost|p1b: Sneasler|atk|1
|-unboost|p1b: Sneasler|spa|1
|
|t:|1756152825
|switch|p2a: Ninetales|Ninetales-Alola, L50, M|100/100|[from] Parting Shot
|-weather|Snowscape|[from] ability: Snow Warning|[of] p2a: Ninetales
|
|-weather|Snowscape|[upkeep]
|upkeep
|turn|3
|
|t:|1756152846
|move|p1b: Sneasler|Coaching|p1a: Dragonite
|-boost|p1a: Dragonite|atk|1
|-boost|p1a: Dragonite|def|1
|move|p2a: Ninetales|Aurora Veil|p2a: Ninetales
|-sidestart|p2: cantilevervcg|move: Aurora Veil
|move|p2b: Archaludon|Flash Cannon|p1a: Dragonite
|-supereffective|p1a: Dragonite
|-damage|p1a: Dragonite|32/100
|-unboost|p1a: Dragonite|spd|1
|move|p1a: Dragonite|Scale Shot|p2b: Archaludon
|-damage|p2b: Archaludon|92/100
|-damage|p2b: Archaludon|84/100
|-damage|p2b: Archaludon|74/100
|-damage|p2b: Archaludon|65/100
|-hitcount|p2b: Archaludon|4
|-unboost|p1a: Dragonite|def|1
|-boost|p1a: Dragonite|spe|1
|
|-weather|Snowscape|[upkeep]
|upkeep
|turn|4
|
|t:|1756152869
|move|p1a: Dragonite|Protect|p1a: Dragonite
|-singleturn|p1a: Dragonite|Protect
|move|p2b: Archaludon|Protect|p2b: Archaludon
|-singleturn|p2b: Archaludon|Protect
|move|p1b: Sneasler|Close Combat|p2b: Archaludon
|-activate|p2b: Archaludon|move: Protect
|move|p2a: Ninetales|Blizzard|p1a: Dragonite|[spread] p1b
|-activate|p1a: Dragonite|move: Protect
|-damage|p1b: Sneasler|69/100
|
|-weather|Snowscape|[upkeep]
|upkeep
|turn|5
|inactive|hermit5 has 30 seconds left.
|inactive|hermit5 has 20 seconds left.
|
|t:|1756152905
|move|p1a: Dragonite|Scale Shot|p2b: Archaludon
|-damage|p2b: Archaludon|57/100
|-damage|p2b: Archaludon|48/100
|-damage|p2b: Archaludon|39/100
|-damage|p2b: Archaludon|30/100
|-hitcount|p2b: Archaludon|4
|-unboost|p1a: Dragonite|def|1
|-boost|p1a: Dragonite|spe|1
|move|p1b: Sneasler|Close Combat|p2b: Archaludon
|-supereffective|p2b: Archaludon
|-damage|p2b: Archaludon|0 fnt
|-unboost|p1b: Sneasler|def|1
|-unboost|p1b: Sneasler|spd|1
|faint|p2b: Archaludon
|move|p2a: Ninetales|Blizzard|p1b: Sneasler|[spread] p1a,p1b
|-damage|p1a: Dragonite|0 fnt
|-damage|p1b: Sneasler|19/100
|faint|p1a: Dragonite
|
|-weather|Snowscape|[upkeep]
|upkeep
|
|t:|1756152926
|switch|p2b: Annihilape|Annihilape, L50, M|100/100
|switch|p1a: Ursaluna|Ursaluna-Bloodmoon, L50, M|100/100
|turn|6
|
|t:|1756152943
|move|p2b: Annihilape|Close Combat|p1a: Ursaluna
|-supereffective|p1a: Ursaluna
|-damage|p1a: Ursaluna|38/100
|-unboost|p2b: Annihilape|def|1
|-unboost|p2b: Annihilape|spd|1
|move|p1b: Sneasler|Dire Claw|p2a: Ninetales
|-supereffective|p2a: Ninetales
|-damage|p2a: Ninetales|80/100
|move|p2a: Ninetales|Blizzard|p1a: Ursaluna|[spread] p1a,p1b
|-supereffective|p1a: Ursaluna
|-damage|p1a: Ursaluna|0 fnt
|-damage|p1b: Sneasler|0 fnt
|faint|p1a: Ursaluna
|faint|p1b: Sneasler
|
|-weather|none
|upkeep
|
|t:|1756152961
|switch|p1b: Amoonguss|Amoonguss, L50, F, shiny|100/100
|turn|7
|
|t:|1756152971
|move|p2b: Annihilape|Close Combat|p1b: Amoonguss
|-resisted|p1b: Amoonguss
|-damage|p1b: Amoonguss|81/100
|-unboost|p2b: Annihilape|def|1
|-unboost|p2b: Annihilape|spd|1
|move|p2a: Ninetales|Blizzard|p1b: Amoonguss
|-supereffective|p1b: Amoonguss
|-damage|p1b: Amoonguss|29/100
|-enditem|p1b: Amoonguss|Sitrus Berry|[eat]
|-heal|p1b: Amoonguss|54/100|[from] item: Sitrus Berry
|move|p1b: Amoonguss|Pollen Puff|p2b: Annihilape
|-resisted|p2b: Annihilape
|-damage|p2b: Annihilape|95/100
|
|-sideend|p2: cantilevervcg|move: Aurora Veil
|upkeep
|turn|8
|
|t:|1756152988
|move|p2b: Annihilape|Close Combat|p1b: Amoonguss
|-resisted|p1b: Amoonguss
|-damage|p1b: Amoonguss|35/100
|-unboost|p2b: Annihilape|def|1
|-unboost|p2b: Annihilape|spd|1
|move|p2a: Ninetales|Blizzard|p1b: Amoonguss
|-supereffective|p1b: Amoonguss
|-damage|p1b: Amoonguss|0 fnt
|faint|p1b: Amoonguss
|
|win|cantilevervcg
||cantilevervcg is ready for game 2.
||hermit5 is ready for game 2.
|uhtml|next|Next: Game 2 of 3
|l|☆cantilevervcg
|player|p2|
