|j|☆VyersFGC
|j|☆natsukivgc
|html|VyersFGCnatsukivgc    
|uhtml|bestof|Game 2 of a best-of-3
|t:|1785419920
|gametype|doubles
|player|p1|VyersFGC|pokemonranger|1227
|player|p2|natsukivgc|265|1172
|gen|9
|tier|[Gen 9 Champions] VGC 2026 Reg M-B (Bo3)
|rated|
|rule|Species Clause: Limit one of each Pokémon
|rule|Item Clause: Limit 1 of each item
|clearpoke
|poke|p1|Raichu, L50, F|
|poke|p1|Ninetales-Alola, L50, M|
|poke|p1|Archaludon, L50, F|
|poke|p1|Azumarill, L50, F|
|poke|p1|Incineroar, L50, M|
|poke|p1|Aerodactyl, L50, M|
|poke|p2|Charizard, L50, M|
|poke|p2|Sneasler, L50, M|
|poke|p2|Kingambit, L50, F|
|poke|p2|Dragonite, L50, F|
|poke|p2|Floette-Eternal, L50, F|
|poke|p2|Whimsicott, L50, M|
|teampreview|4
|showteam|p1|Raichu||RaichuniteY|LightningRod|ZapCannon,Protect,UpperHand,FocusBlast|Timid||F|||50|]Ninetales-Alola||LightClay|SnowWarning|Blizzard,FreezeDry,AuroraVeil,Protect|Modest||M|||50|]Archaludon||Leftovers|Stamina|ElectroShot,Protect,DragonPulse,FlashCannon|Modest||F|||50|]Azumarill||SitrusBerry|HugePower|Liquidation,Protect,AquaJet,PlayRough|Adamant||F|||50|]Incineroar||BlackGlasses|Intimidate|DarkestLariat,FakeOut,FlareBlitz,Protect|Brave||M|||50|]Aerodactyl||FocusSash|Unnerve|RockSlide,DualWingbeat,WideGuard,Tailwind|Jolly||M|||50|
|showteam|p2|Charizard||CharizarditeY|Blaze|HeatWave,SolarBeam,WeatherBall,Protect|Modest||M|||50|]Sneasler||WhiteHerb|Unburden|CloseCombat,DireClaw,FakeOut,Coaching|Jolly||M|||50|]Kingambit||BlackGlasses|Defiant|KowtowCleave,SuckerPunch,SwordsDance,Protect|Adamant||F|||50|]Dragonite||LifeOrb|InnerFocus|DragonClaw,LowKick,ExtremeSpeed,Protect|Adamant||F|||50|]Floette-Eternal||Floettite|FlowerVeil|Moonblast,DazzlingGleam,LightofRuin,Protect|Modest||F|||50|]Whimsicott||FocusSash|Prankster|Moonblast,Tailwind,Encore,Protect|Timid||M|||50|
|inactive|Battle timer is ON: inactive players will automatically lose when time's up. (requested by VyersFGC)
|
|t:|1785419957
|teamsize|p1|4
|teamsize|p2|4
|start
|switch|p1a: Raichu|Raichu, L50, F|100/100
|switch|p1b: Incineroar|Incineroar, L50, M|100/100
|switch|p2a: Sneasler|Sneasler, L50, M|100/100
|switch|p2b: Floette|Floette-Eternal, L50, F|100/100
|-ability|p1b: Incineroar|Intimidate|boost
|-unboost|p2a: Sneasler|atk|1
|-unboost|p2b: Floette|atk|1
|-enditem|p2a: Sneasler|White Herb
|-clearnegativeboost|p2a: Sneasler|[silent]
|turn|1
|inactive|natsukivgc has 30 seconds left.
|
|t:|1785419989
|detailschange|p1a: Raichu|Raichu-Mega-Y, L50, F
|-mega|p1a: Raichu|Raichu|Raichunite Y
|detailschange|p2b: Floette|Floette-Mega, L50, F
|-mega|p2b: Floette|Floette|Floettite
|-ability|p2b: Floette|Fairy Aura
|move|p1b: Incineroar|Fake Out|p2b: Floette
|-damage|p2b: Floette|80/100
|move|p2a: Sneasler|Close Combat|p1b: Incineroar
|-supereffective|p1b: Incineroar|1
|-damage|p1b: Incineroar|0 fnt
|-unboost|p2a: Sneasler|def|1
|-unboost|p2a: Sneasler|spd|1
|faint|p1b: Incineroar
|move|p1a: Raichu|Zap Cannon|p2a: Sneasler
|-damage|p2a: Sneasler|0 fnt
|faint|p2a: Sneasler
|cant|p2b: Floette|flinch
|
|upkeep
|
|t:|1785420007
|switch|p2a: Dragonite|Dragonite, L50, F|100/100
|switch|p1b: Azumarill|Azumarill, L50, F|100/100
|turn|2
|
|t:|1785420032
|move|p1a: Raichu|Zap Cannon|p2b: Floette
|-damage|p2b: Floette|26/100
|-status|p2b: Floette|par
|move|p2a: Dragonite|Dragon Claw|p1a: Raichu
|-damage|p1a: Raichu|9/100
|-damage|p2a: Dragonite|90/100|[from] item: Life Orb
|move|p2b: Floette|Light of Ruin|p1b: Azumarill
|-crit|p1b: Azumarill
|-damage|p1b: Azumarill|0 fnt
|faint|p1b: Azumarill
|-damage|p2b: Floette|0 fnt|[from] Recoil
|faint|p2b: Floette
|
|upkeep
|
|t:|1785420047
|switch|p2b: Kingambit|Kingambit, L50, F|100/100
|switch|p1b: Archaludon|Archaludon, L50, F|100/100
|turn|3
|
|t:|1785420067
|move|p1a: Raichu|Protect|p1a: Raichu
|-singleturn|p1a: Raichu|Protect
|move|p2b: Kingambit|Sucker Punch||[still]
|-fail|p2b: Kingambit
|move|p2a: Dragonite|Low Kick|p1b: Archaludon
|-supereffective|p1b: Archaludon|1
|-damage|p1b: Archaludon|40/100
|-ability|p1b: Archaludon|Stamina|boost
|-boost|p1b: Archaludon|def|1
|-damage|p2a: Dragonite|81/100|[from] item: Life Orb
|move|p1b: Archaludon|Dragon Pulse|p2a: Dragonite
|-supereffective|p2a: Dragonite|1
|-damage|p2a: Dragonite|1/100
|
|-heal|p1b: Archaludon|46/100|[from] item: Leftovers
|upkeep
|turn|4
|inactive|VyersFGC has 30 seconds left.
|
|t:|1785420099
|move|p1a: Raichu|Upper Hand||[still]
|-fail|p1a: Raichu
|move|p2b: Kingambit|Sucker Punch||[still]
|-fail|p2b: Kingambit
|move|p2a: Dragonite|Dragon Claw|p1b: Archaludon
|-damage|p1b: Archaludon|14/100
|-ability|p1b: Archaludon|Stamina|boost
|-boost|p1b: Archaludon|def|1
|-damage|p2a: Dragonite|0 fnt|[from] item: Life Orb
|faint|p2a: Dragonite
|move|p1b: Archaludon|Dragon Pulse|p2b: Kingambit
|-resisted|p2b: Kingambit|1
|-damage|p2b: Kingambit|82/100
|
|-heal|p1b: Archaludon|20/100y|[from] item: Leftovers
|upkeep
|turn|5
|inactive|VyersFGC has 30 seconds left.
|
|t:|1785420125
|move|p1a: Raichu|Focus Blast|p2b: Kingambit
|-supereffective|p2b: Kingambit|2
|-damage|p2b: Kingambit|0 fnt
|faint|p2b: Kingambit
|
|win|VyersFGC
|raw|VyersFGC's rating: 1227 → 1248(+21 for winning)
|raw|natsukivgc's rating: 1172 → 1151(-21 for losing)
