|j|☆ToastedArt
|j|☆leothebardo
|html|ToastedArtleothebardo    
|uhtml|bestof|Game 1 of a best-of-3
|t:|1784498764
|gametype|doubles
|player|p1|ToastedArt|iris|1127
|player|p2|leothebardo|hilbert|1050
|gen|9
|tier|[Gen 9 Champions] VGC 2026 Reg M-B (Bo3)
|rated|
|rule|Species Clause: Limit one of each Pokémon
|rule|Item Clause: Limit 1 of each item
|clearpoke
|poke|p1|Falinks, L50, shiny|
|poke|p1|Incineroar, L50, F|
|poke|p1|Basculegion, L50, M|
|poke|p1|Sneasler, L50, F|
|poke|p1|Vanilluxe, L50, M, shiny|
|poke|p1|Dragonite, L50, F|
|poke|p2|Gengar, L50, M, shiny|
|poke|p2|Incineroar, L50, M, shiny|
|poke|p2|Tinkaton, L50, F|
|poke|p2|Altaria, L50, F|
|poke|p2|Kingambit, L50, M|
|poke|p2|Annihilape, L50, F|
|teampreview|4
|showteam|p1|Falinks||Falinksite|Defiant|NoRetreat,CloseCombat,RockSlide,Protect|Adamant|||||50|]Incineroar||PasshoBerry|Intimidate|FakeOut,FlareBlitz,ThroatChop,PartingShot|Impish||F|||50|]Basculegion||SitrusBerry|Adaptability|WaveCrash,LastRespects,AquaJet,Protect|Adamant||M|||50|]Sneasler||FocusSash|PoisonTouch|PoisonJab,CloseCombat,FakeOut,Coaching|Jolly||F|||50|]Vanilluxe||ChoiceScarf|SnowWarning|Blizzard,FreezeDry,IcyWind,SheerCold|Modest||M|||50|]Dragonite||LifeOrb|InnerFocus|DragonClaw,ExtremeSpeed,ThunderPunch,Tailwind|Adamant||F|||50|
|showteam|p2|Gengar||Gengarite|CursedBody|ShadowBall,Disable,PerishSong,Protect|Bold||M|||50|]Incineroar||PasshoBerry|Intimidate|FakeOut,FlareBlitz,PartingShot,Protect|Impish||M|||50|]Tinkaton||ShucaBerry|MoldBreaker|FakeOut,GigatonHammer,Encore,Protect|Impish||F|||50|]Altaria||Leftovers|CloudNine|FireSpin,PerishSong,WillOWisp,Protect|Bold||F|||50|]Kingambit||BlackGlasses|Defiant|KowtowCleave,SuckerPunch,SwordsDance,Protect|Adamant||M|||50|]Annihilape||ChoiceScarf|Defiant|CloseCombat,PhantomForce,IcePunch,Uturn|Jolly||F|||50|
|inactive|Battle timer is ON: inactive players will automatically lose when time's up. (requested by ToastedArt)
|inactive|ToastedArt has 60 seconds left.
|inactive|leothebardo has 60 seconds left.
|inactive|ToastedArt has 30 seconds left.
|inactive|ToastedArt has 20 seconds left.
|inactive|ToastedArt has 15 seconds left.
|inactive|ToastedArt has 10 seconds left.
|inactive|ToastedArt has 5 seconds left.
|
|t:|1784498850
|teamsize|p1|4
|teamsize|p2|4
|start
|switch|p1a: Sneasler|Sneasler, L50, F|100/100
|switch|p1b: Incineroar|Incineroar, L50, F|100/100
|switch|p2a: Gengar|Gengar, L50, M, shiny|100/100
|switch|p2b: Incineroar|Incineroar, L50, M, shiny|100/100
|-ability|p1b: Incineroar|Intimidate|boost
|-unboost|p2a: Gengar|atk|1
|-unboost|p2b: Incineroar|atk|1
|-ability|p2b: Incineroar|Intimidate|boost
|-unboost|p1a: Sneasler|atk|1
|-unboost|p1b: Incineroar|atk|1
|turn|1
|inactive|leothebardo has 30 seconds left.
|inactive|ToastedArt has 30 seconds left.
|inactive|leothebardo has 20 seconds left.
|
|t:|1784498888
|detailschange|p2a: Gengar|Gengar-Mega, L50, M, shiny
|-mega|p2a: Gengar|Gengar|Gengarite
|move|p1a: Sneasler|Fake Out|p2b: Incineroar
|-damage|p2b: Incineroar|93/100
|-status|p2b: Incineroar|psn|[from] ability: Poison Touch|[of] p1a: Sneasler
|cant|p2b: Incineroar|flinch
|move|p2a: Gengar|Perish Song|p2a: Gengar
|-start|p1a: Sneasler|perish3|[silent]
|-start|p1b: Incineroar|perish3|[silent]
|-start|p2a: Gengar|perish3|[silent]
|-start|p2b: Incineroar|perish3|[silent]
|-fieldactivate|move: Perish Song
|move|p1b: Incineroar|Throat Chop|p2a: Gengar
|-supereffective|p2a: Gengar|1
|-damage|p2a: Gengar|60/100
|-start|p2a: Gengar|Throat Chop|[silent]
|
|-damage|p2b: Incineroar|81/100 psn|[from] psn
|-start|p1a: Sneasler|perish3
|-start|p2a: Gengar|perish3
|-start|p1b: Incineroar|perish3
|-start|p2b: Incineroar|perish3
|upkeep
|turn|2
|inactive|leothebardo has 30 seconds left.
|inactive|ToastedArt has 30 seconds left.
|inactive|leothebardo has 20 seconds left.
|inactive|leothebardo has 15 seconds left.
|
|t:|1784498933
|move|p2a: Gengar|Protect|p2a: Gengar
|-singleturn|p2a: Gengar|Protect
|move|p2b: Incineroar|Protect|p2b: Incineroar
|-singleturn|p2b: Incineroar|Protect
|move|p1a: Sneasler|Close Combat|p2b: Incineroar
|-activate|p2b: Incineroar|move: Protect
|move|p1b: Incineroar|Parting Shot|p1a: Sneasler
|-unboost|p1a: Sneasler|atk|1
|-unboost|p1a: Sneasler|spa|1
|
|t:|1784498942
|switch|p1b: Basculegion|Basculegion, L50, M|100/100|[from] Parting Shot
|
|-damage|p2b: Incineroar|68/100 psn|[from] psn
|-end|p2a: Gengar|Throat Chop|[silent]
|-start|p1a: Sneasler|perish2
|-start|p2a: Gengar|perish2
|-start|p2b: Incineroar|perish2
|upkeep
|turn|3
|
|t:|1784498960
|switch|p2a: Tinkaton|Tinkaton, L50, F|100/100
|-ability|p2a: Tinkaton|Mold Breaker
|move|p1a: Sneasler|Coaching|p1b: Basculegion
|-boost|p1b: Basculegion|atk|1
|-boost|p1b: Basculegion|def|1
|move|p1b: Basculegion|Last Respects|p2a: Tinkaton
|-damage|p2a: Tinkaton|61/100
|move|p2b: Incineroar|Parting Shot|p1b: Basculegion
|-unboost|p1b: Basculegion|atk|1
|-unboost|p1b: Basculegion|spa|1
|
|t:|1784498972
|switch|p2b: Gengar|Gengar-Mega, L50, M, shiny|60/100|[from] Parting Shot
|
|-start|p1a: Sneasler|perish1
|upkeep
|turn|4
|
|t:|1784498990
|move|p2b: Gengar|Protect|p2b: Gengar
|-singleturn|p2b: Gengar|Protect
|move|p2a: Tinkaton|Protect|p2a: Tinkaton
|-singleturn|p2a: Tinkaton|Protect
|move|p1a: Sneasler|Coaching|p1b: Basculegion
|-boost|p1b: Basculegion|atk|1
|-boost|p1b: Basculegion|def|1
|move|p1b: Basculegion|Last Respects|p2b: Gengar
|-activate|p2b: Gengar|move: Protect
|
|-start|p1a: Sneasler|perish0
|faint|p1a: Sneasler
|upkeep
|
|t:|1784498996
|switch|p1a: Incineroar|Incineroar, L50, F|100/100
|-ability|p1a: Incineroar|Intimidate|boost
|-unboost|p2a: Tinkaton|atk|1
|-unboost|p2b: Gengar|atk|1
|turn|5
|inactive|leothebardo has 30 seconds left.
|
|t:|1784499022
|switch|p2b: Incineroar|Incineroar, L50, M, shiny|68/100 psn
|-ability|p2b: Incineroar|Intimidate|boost
|-unboost|p1a: Incineroar|atk|1
|-unboost|p1b: Basculegion|atk|1
|switch|p2a: Annihilape|Annihilape, L50, F|100/100
|move|p1b: Basculegion|Wave Crash|p2b: Incineroar
|-supereffective|p2b: Incineroar|1
|-enditem|p2b: Incineroar|Passho Berry|[eat]
|-enditem|p2b: Incineroar|Passho Berry|[weaken]
|-damage|p2b: Incineroar|16/100 psn
|-damage|p1b: Basculegion|82/100|[from] Recoil
|move|p1a: Incineroar|Throat Chop|p2b: Incineroar
|-resisted|p2b: Incineroar|1
|-damage|p2b: Incineroar|9/100 psn
|-start|p2b: Incineroar|Throat Chop|[silent]
|
|-damage|p2b: Incineroar|0 fnt|[from] psn
|faint|p2b: Incineroar
|upkeep
|
|t:|1784499044
|switch|p2b: Tinkaton|Tinkaton, L50, F|61/100
|-ability|p2b: Tinkaton|Mold Breaker
|turn|6
|
|t:|1784499062
|move|p2b: Tinkaton|Fake Out|p1a: Incineroar
|-damage|p1a: Incineroar|94/100
|move|p2a: Annihilape|Phantom Force||[still]
|-prepare|p2a: Annihilape|Phantom Force
|move|p1b: Basculegion|Last Respects|p2a: Annihilape|[miss]
|-miss|p1b: Basculegion|p2a: Annihilape
|cant|p1a: Incineroar|flinch
|
|upkeep
|turn|7
|
|t:|1784499073
|move|p2a: Annihilape|Phantom Force|p1b: Basculegion|[from] lockedmove
|-supereffective|p1b: Basculegion|1
|-damage|p1b: Basculegion|28/100
|-enditem|p1b: Basculegion|Sitrus Berry|[eat]
|-heal|p1b: Basculegion|53/100|[from] item: Sitrus Berry
|move|p2b: Tinkaton|Gigaton Hammer|p1b: Basculegion
|-resisted|p1b: Basculegion|1
|-damage|p1b: Basculegion|40/100
|move|p1b: Basculegion|Last Respects|p2a: Annihilape
|-supereffective|p2a: Annihilape|1
|-damage|p2a: Annihilape|0 fnt
|faint|p2a: Annihilape
|move|p1a: Incineroar|Flare Blitz|p2b: Tinkaton
|-supereffective|p2b: Tinkaton|1
|-damage|p2b: Tinkaton|11/100
|-status|p2b: Tinkaton|brn
|-damage|p1a: Incineroar|78/100|[from] Recoil
|
|-damage|p2b: Tinkaton|5/100 brn|[from] brn
|upkeep
|
|t:|1784499086
|switch|p2a: Gengar|Gengar-Mega, L50, M, shiny|60/100
|turn|8
|
|t:|1784499099
|move|p1b: Basculegion|Protect|p1b: Basculegion
|-singleturn|p1b: Basculegion|Protect
|move|p2a: Gengar|Disable|p1b: Basculegion
|-activate|p1b: Basculegion|move: Protect
|move|p2b: Tinkaton|Encore|p1a: Incineroar
|-start|p1a: Incineroar|Encore
|move|p1a: Incineroar|Flare Blitz|p2b: Tinkaton
|-supereffective|p2b: Tinkaton|1
|-damage|p2b: Tinkaton|0 fnt
|faint|p2b: Tinkaton
|-damage|p1a: Incineroar|77/100|[from] Recoil
|
|upkeep
|turn|9
|
|t:|1784499116
|move|p2a: Gengar|Shadow Ball|p1b: Basculegion
|-supereffective|p1b: Basculegion|1
|-damage|p1b: Basculegion|0 fnt
|faint|p1b: Basculegion
|move|p1a: Incineroar|Flare Blitz|p2a: Gengar
|-damage|p2a: Gengar|31/100
|-damage|p1a: Incineroar|69/100|[from] Recoil
|
|upkeep
|
|t:|1784499119
|switch|p1b: Falinks|Falinks, L50, shiny|100/100
|turn|10
|
|t:|1784499135
|detailschange|p1b: Falinks|Falinks-Mega, L50, shiny
|-mega|p1b: Falinks|Falinks|Falinksite
|move|p2a: Gengar|Shadow Ball|p1b: Falinks
|-damage|p1b: Falinks|33/100
|move|p1b: Falinks|Rock Slide|p2a: Gengar
|-damage|p2a: Gengar|7/100
|move|p1a: Incineroar|Flare Blitz|p2a: Gengar
|-damage|p2a: Gengar|0 fnt
|faint|p2a: Gengar
|-damage|p1a: Incineroar|67/100|[from] Recoil
|
|win|ToastedArt
