|j|☆aqoursfan1
|j|☆castoriceball
|html|aqoursfan1castoriceball    
|uhtml|bestof|Game 2 of a best-of-3
|t:|1785640078
|gametype|doubles
|player|p1|aqoursfan1|anabel-gen7|1192
|player|p2|castoriceball|miku-flying|1318
|gen|9
|tier|[Gen 9 Champions] VGC 2026 Reg M-B (Bo3)
|rated|
|rule|Species Clause: Limit one of each Pokémon
|rule|Item Clause: Limit 1 of each item
|clearpoke
|poke|p1|Raichu, L50, F|
|poke|p1|Gengar, L50, M|
|poke|p1|Incineroar, L50, F|
|poke|p1|Ninetales-Alola, L50, F, shiny|
|poke|p1|Volcarona, L50, F, shiny|
|poke|p1|Kommo-o, L50, M|
|poke|p2|Raichu, L50, F, shiny|
|poke|p2|Mamoswine, L50, M|
|poke|p2|Basculegion, L50, M, shiny|
|poke|p2|Farigiraf, L50, M|
|poke|p2|Sylveon, L50, F|
|poke|p2|Torkoal, L50, M|
|teampreview|4
|showteam|p1|Raichu||RaichuniteX|LightningRod|VoltTackle,VoltSwitch,FakeOut,Protect|Jolly||F|||50|]Gengar||Gengarite|CursedBody|ShadowBall,SludgeBomb,Substitute,Protect|Modest||M|||50|]Incineroar||PasshoBerry|Intimidate|FlareBlitz,ThroatChop,PartingShot,FakeOut|Adamant||F|||50|]Ninetales-Alola||ChoiceScarf|SnowWarning|Blizzard,FreezeDry,IcyWind,Moonblast|Timid||F|||50|]Volcarona||SitrusBerry|FlameBody|Flamethrower,StruggleBug,RagePowder,Protect|Bold||F|||50|]Kommo-o||Leftovers|Soundproof|ClangingScales,AuraSphere,ClangorousSoul,Protect|Modest||M|||50|
|showteam|p2|Raichu||RaichuniteY|LightningRod|ZapCannon,FocusBlast,FakeOut,Protect|Timid||F|||50|]Mamoswine||LifeOrb|Oblivious|IcicleCrash,HighHorsepower,IceShard,Protect|Adamant||M|||50|]Basculegion||ChoiceScarf|Adaptability|LastRespects,WaveCrash,AquaJet,FlipTurn|Jolly||M|||50|]Farigiraf||SitrusBerry|ArmorTail|Psychic,HelpingHand,TrickRoom,Protect|Bold||M|||50|]Sylveon||FairyFeather|Pixilate|HyperVoice,QuickAttack,HyperBeam,Detect|Modest||F|||50|]Torkoal||Charcoal|Drought|Eruption,WeatherBall,SolarBeam,Protect|Quiet||M|||50|
|inactive|Battle timer is ON: inactive players will automatically lose when time's up. (requested by aqoursfan1)
|inactive|castoriceball has 60 seconds left.
|inactive|castoriceball has 30 seconds left.
|
|t:|1785640146
|teamsize|p1|4
|teamsize|p2|4
|start
|switch|p1a: Kommo-o|Kommo-o, L50, M|100/100
|switch|p1b: Incineroar|Incineroar, L50, F|100/100
|switch|p2a: WolfeyFriendReal|Farigiraf, L50, M|100/100
|switch|p2b: WHYYCHU|Raichu, L50, F, shiny|100/100
|-ability|p1b: Incineroar|Intimidate|boost
|-unboost|p2a: WolfeyFriendReal|atk|1
|-unboost|p2b: WHYYCHU|atk|1
|turn|1
|
|t:|1785640165
|detailschange|p2b: WHYYCHU|Raichu-Mega-Y, L50, F, shiny
|-mega|p2b: WHYYCHU|Raichu|Raichunite Y
|move|p2a: WolfeyFriendReal|Helping Hand|p2b: WHYYCHU
|-singleturn|p2b: WHYYCHU|Helping Hand|[of] p2a: WolfeyFriendReal
|move|p2b: WHYYCHU|Focus Blast|p1b: Incineroar
|-supereffective|p1b: Incineroar|1
|-damage|p1b: Incineroar|0 fnt
|faint|p1b: Incineroar
|move|p1a: Kommo-o|Clanging Scales|p2b: WHYYCHU|[spread] p2a,p2b
|-damage|p2a: WolfeyFriendReal|59/100
|-damage|p2b: WHYYCHU|52/100
|-unboost|p1a: Kommo-o|def|1
|
|upkeep
|
|t:|1785640177
|switch|p1b: Volcarona|Volcarona, L50, F, shiny|100/100
|turn|2
|
|t:|1785640185
|move|p1a: Kommo-o|Protect|p1a: Kommo-o
|-singleturn|p1a: Kommo-o|Protect
|move|p2b: WHYYCHU|Zap Cannon|p1b: Volcarona
|-damage|p1b: Volcarona|43/100
|-status|p1b: Volcarona|par
|-enditem|p1b: Volcarona|Sitrus Berry|[eat]
|-heal|p1b: Volcarona|68/100 par|[from] item: Sitrus Berry
|move|p1b: Volcarona|Struggle Bug|p2b: WHYYCHU|[spread] p2a,p2b
|-supereffective|p2a: WolfeyFriendReal|1
|-damage|p2a: WolfeyFriendReal|24/100
|-damage|p2b: WHYYCHU|30/100
|-unboost|p2a: WolfeyFriendReal|spa|1
|-unboost|p2b: WHYYCHU|spa|1
|-enditem|p2a: WolfeyFriendReal|Sitrus Berry|[eat]
|-heal|p2a: WolfeyFriendReal|49/100|[from] item: Sitrus Berry
|move|p2a: WolfeyFriendReal|Trick Room|p2a: WolfeyFriendReal
|-fieldstart|move: Trick Room|[of] p2a: WolfeyFriendReal
|
|upkeep
|turn|3
|
|t:|1785640201
|switch|p1a: Raichu|Raichu, L50, F|100/100
|cant|p1b: Volcarona|par
|move|p2a: WolfeyFriendReal|Psychic|p1a: Raichu
|-damage|p1a: Raichu|67/100
|move|p2b: WHYYCHU|Zap Cannon|p1a: Raichu
|-activate|p1a: Raichu|ability: Lightning Rod
|-ability|p1a: Raichu|Lightning Rod|boost
|-boost|p1a: Raichu|spa|1
|
|upkeep
|turn|4
|
|t:|1785640211
|move|p2a: WolfeyFriendReal|Helping Hand|p2b: WHYYCHU
|-singleturn|p2b: WHYYCHU|Helping Hand|[of] p2a: WolfeyFriendReal
|move|p1a: Raichu|Protect|p1a: Raichu
|-singleturn|p1a: Raichu|Protect
|move|p1b: Volcarona|Flamethrower|p2b: WHYYCHU
|-damage|p2b: WHYYCHU|0 fnt
|faint|p2b: WHYYCHU
|
|upkeep
|
|t:|1785640217
|switch|p2b: turtle|Torkoal, L50, M|100/100
|-weather|SunnyDay|[from] ability: Drought|[of] p2b: turtle
|turn|5
|
|t:|1785640225
|switch|p1a: Kommo-o|Kommo-o, L50, M|100/100
|move|p2b: turtle|Eruption|p1b: Volcarona|[spread] p1a,p1b
|-resisted|p1a: Kommo-o|1
|-damage|p1a: Kommo-o|52/100
|-damage|p1b: Volcarona|0 fnt
|faint|p1b: Volcarona
|move|p2a: WolfeyFriendReal|Psychic|p1a: Kommo-o
|-supereffective|p1a: Kommo-o|1
|-damage|p1a: Kommo-o|1/100
|-unboost|p1a: Kommo-o|spd|1
|
|-weather|SunnyDay|[upkeep]
|-heal|p1a: Kommo-o|7/100|[from] item: Leftovers
|upkeep
|
|t:|1785640232
|switch|p1b: Raichu|Raichu, L50, F|67/100
|turn|6
|
|t:|1785640235
|switch|p2a: budget floette|Sylveon, L50, F|100/100
|move|p1a: Kommo-o|Protect|p1a: Kommo-o
|-singleturn|p1a: Kommo-o|Protect
|move|p1b: Raichu|Protect|p1b: Raichu
|-singleturn|p1b: Raichu|Protect
|move|p2b: turtle|Eruption|p1a: Kommo-o|[spread] 
|-activate|p1a: Kommo-o|move: Protect
|-activate|p1b: Raichu|move: Protect
|
|-weather|SunnyDay|[upkeep]
|-heal|p1a: Kommo-o|13/100|[from] item: Leftovers
|-fieldend|move: Trick Room
|upkeep
|turn|7
|
|t:|1785640242
|detailschange|p1b: Raichu|Raichu-Mega-X, L50, F
|-mega|p1b: Raichu|Raichu|Raichunite X
|-fieldstart|move: Electric Terrain|[from] ability: Electric Surge|[of] p1b: Raichu
|move|p1a: Kommo-o|Protect|p1a: Kommo-o
|-singleturn|p1a: Kommo-o|Protect
|move|p2a: budget floette|Quick Attack|p1a: Kommo-o
|-activate|p1a: Kommo-o|move: Protect
|move|p1b: Raichu|Volt Tackle|p2b: turtle
|-damage|p2b: turtle|44/100
|-damage|p1b: Raichu|45/100|[from] Recoil
|move|p2b: turtle|Weather Ball|p1b: Raichu
|-damage|p1b: Raichu|0 fnt
|faint|p1b: Raichu
|
|-weather|SunnyDay|[upkeep]
|-heal|p1a: Kommo-o|19/100|[from] item: Leftovers
|upkeep
|turn|8
|
|t:|1785640253
|move|p2a: budget floette|Quick Attack|p1a: Kommo-o
|-supereffective|p1a: Kommo-o|2
|-damage|p1a: Kommo-o|0 fnt
|faint|p1a: Kommo-o
|
|win|castoriceball
||aqoursfan1 is ready for game 3.
