|j|☆bipen78
|j|☆Mountainman46
|html|bipen78Mountainman46    
|uhtml|bestof|Game 1 of a best-of-3
|t:|1757732364
|gametype|doubles
|player|p1|bipen78|guitarist|1112
|player|p2|Mountainman46|101|1183
|gen|9
|tier|[Gen 9] VGC 2025 Reg H (Bo3)
|rated|
|rule|Species Clause: Limit one of each Pokémon
|rule|Item Clause: Limit 1 of each item
|clearpoke
|poke|p1|Sneasler, L50, M|
|poke|p1|Annihilape, L50, F|
|poke|p1|Ursaluna, L50, F|
|poke|p1|Gholdengo, L50|
|poke|p1|Indeedee-F, L50, F|
|poke|p1|Incineroar, L50, M|
|poke|p2|Pelipper, L50, F|
|poke|p2|Archaludon, L50, F|
|poke|p2|Electabuzz, L50, M|
|poke|p2|Basculegion, L50, M|
|poke|p2|Rillaboom, L50, F|
|poke|p2|Incineroar, L50, M|
|teampreview|4
|showteam|p1|Sneasler||FocusSash|PoisonTouch|DireClaw,Protect,FakeOut,CloseCombat|||M|||50|,,,,,Flying]Annihilape||ChoiceScarf|InnerFocus|FinalGambit,RageFist,Uturn,CloseCombat|||F|||50|,,,,,Ghost]Ursaluna||FlameOrb|Guts|Protect,Facade,HeadlongRush,Earthquake|||F|||50|,,,,,Normal]Gholdengo||LifeOrb|GoodasGold|MakeItRain,ShadowBall,Protect,NastyPlot||||||50|,,,,,Steel]Indeedee-F||SitrusBerry|PsychicSurge|FollowMe,Protect,TrickRoom,Psychic|||F|||50|,,,,,Water]Incineroar||SafetyGoggles|Intimidate|FakeOut,PartingShot,FlareBlitz,KnockOff|||M|||50|,,,,,Bug
|showteam|p2|Pelipper||FocusSash|Drizzle|Hurricane,Tailwind,WeatherBall,Protect|||F|||50|,,,,,Stellar]Archaludon||AssaultVest|Stamina|BodyPress,ElectroShot,FlashCannon,DragonPulse|||F|||50|,,,,,Bug]Electabuzz||Eviolite|VitalSpirit|RainDance,FollowMe,Electroweb,Taunt|||M|||50|,,,,,Ghost]Basculegion||ChoiceBand|SwiftSwim|WaveCrash,AquaJet,LastRespects,FlipTurn|||M|||50|,,,,,Grass]Rillaboom||LoadedDice|GrassySurge|GrassyGlide,BulletSeed,FakeOut,HighHorsepower|||F|||50|,,,,,Fire]Incineroar||SafetyGoggles|Intimidate|FakeOut,PartingShot,KnockOff,FlareBlitz|||M|||50|,,,,,Ghost
|inactive|Battle timer is ON: inactive players will automatically lose when time's up. (requested by Mountainman46)
|inactive|bipen78 also wants the timer to be on.
|inactive|bipen78 has 60 seconds left.
|inactive|Mountainman46 has 60 seconds left.
|
|t:|1757732423
|teamsize|p1|4
|teamsize|p2|4
|start
|switch|p1a: Indeedee|Indeedee-F, L50, F|100/100
|switch|p1b: Sneasler|Sneasler, L50, M|100/100
|switch|p2a: Rillaboom|Rillaboom, L50, F|100/100
|switch|p2b: Basculegion|Basculegion, L50, M|100/100
|-fieldstart|move: Grassy Terrain|[from] ability: Grassy Surge|[of] p2a: Rillaboom
|-fieldstart|move: Psychic Terrain|[from] ability: Psychic Surge|[of] p1a: Indeedee
|turn|1
|inactive|bipen78 has 30 seconds left.
|inactive|Mountainman46 has 30 seconds left.
|inactive|bipen78 has 20 seconds left.
|inactive|Mountainman46 has 20 seconds left.
|inactive|bipen78 has 15 seconds left.
|inactive|Mountainman46 has 15 seconds left.
|inactive|Mountainman46 has 10 seconds left.
|
|t:|1757732469
|switch|p2a: Pelipper|Pelipper, L50, F|100/100
|-weather|RainDance|[from] ability: Drizzle|[of] p2a: Pelipper
|move|p1a: Indeedee|Follow Me|p1a: Indeedee
|-singleturn|p1a: Indeedee|move: Follow Me
|move|p2b: Basculegion|Wave Crash|p1a: Indeedee
|-damage|p1a: Indeedee|0 fnt
|faint|p1a: Indeedee
|-damage|p2b: Basculegion|71/100|[from] Recoil
|move|p1b: Sneasler|Dire Claw|p2a: Pelipper
|-damage|p2a: Pelipper|50/100
|
|-weather|RainDance|[upkeep]
|upkeep
|inactive|bipen78 has 30 seconds left.
|
|t:|1757732495
|switch|p1a: Gholdengo|Gholdengo, L50|100/100
|turn|2
|inactive|Mountainman46 has 30 seconds left.
|
|t:|1757732527
|move|p1b: Sneasler|Protect|p1b: Sneasler
|-singleturn|p1b: Sneasler|Protect
|move|p2a: Pelipper|Protect|p2a: Pelipper
|-singleturn|p2a: Pelipper|Protect
|move|p1a: Gholdengo|Protect|p1a: Gholdengo
|-singleturn|p1a: Gholdengo|Protect
|move|p2b: Basculegion|Wave Crash|p1a: Gholdengo
|-activate|p1a: Gholdengo|move: Protect
|
|-weather|RainDance|[upkeep]
|upkeep
|turn|3
|
|t:|1757732549
|move|p2b: Basculegion|Wave Crash|p1a: Gholdengo
|-damage|p1a: Gholdengo|0 fnt
|faint|p1a: Gholdengo
|-damage|p2b: Basculegion|40/100|[from] Recoil
|move|p1b: Sneasler|Dire Claw|p2a: Pelipper
|-damage|p2a: Pelipper|0 fnt
|faint|p2a: Pelipper
|
|-weather|RainDance|[upkeep]
|upkeep
|
|t:|1757732561
|switch|p2a: Rillaboom|Rillaboom, L50, F|100/100
|switch|p1a: Ursaluna|Ursaluna, L50, F|100/100
|-fieldstart|move: Grassy Terrain|[from] ability: Grassy Surge|[of] p2a: Rillaboom
|turn|4
|
|t:|1757732579
|move|p1b: Sneasler|Protect|p1b: Sneasler
|-singleturn|p1b: Sneasler|Protect
|move|p1a: Ursaluna|Protect|p1a: Ursaluna
|-singleturn|p1a: Ursaluna|Protect
|move|p2a: Rillaboom|Grassy Glide|p1b: Sneasler
|-activate|p1b: Sneasler|move: Protect
|move|p2b: Basculegion|Wave Crash|p1b: Sneasler
|-activate|p1b: Sneasler|move: Protect
|
|-weather|RainDance|[upkeep]
|-heal|p2b: Basculegion|47/100|[from] Grassy Terrain
|-status|p1a: Ursaluna|brn|[from] item: Flame Orb
|upkeep
|turn|5
|
|t:|1757732601
|-terastallize|p1a: Ursaluna|Normal
|move|p2a: Rillaboom|Grassy Glide|p1b: Sneasler
|-resisted|p1b: Sneasler
|-damage|p1b: Sneasler|67/100
|move|p2b: Basculegion|Wave Crash|p1a: Ursaluna
|-damage|p1a: Ursaluna|3/100 brn
|-damage|p2b: Basculegion|8/100|[from] Recoil
|move|p1b: Sneasler|Dire Claw|p2a: Rillaboom
|-supereffective|p2a: Rillaboom
|-damage|p2a: Rillaboom|20/100
|-status|p2a: Rillaboom|psn
|move|p1a: Ursaluna|Headlong Rush|p2b: Basculegion
|-damage|p2b: Basculegion|0 fnt
|-unboost|p1a: Ursaluna|def|1
|-unboost|p1a: Ursaluna|spd|1
|faint|p2b: Basculegion
|
|-weather|none
|-heal|p1b: Sneasler|72/100|[from] Grassy Terrain
|-heal|p2a: Rillaboom|26/100 psn|[from] Grassy Terrain
|-heal|p1a: Ursaluna|9/100 brn|[from] Grassy Terrain
|-damage|p2a: Rillaboom|13/100 psn|[from] psn
|-damage|p1a: Ursaluna|3/100 brn|[from] brn
|upkeep
|
|t:|1757732625
|switch|p2b: Archaludon|Archaludon, L50, F|100/100
|turn|6
|
|t:|1757732647
|-terastallize|p2b: Archaludon|Bug
|move|p1a: Ursaluna|Protect|p1a: Ursaluna
|-singleturn|p1a: Ursaluna|Protect
|move|p2a: Rillaboom|Grassy Glide|p1a: Ursaluna
|-activate|p1a: Ursaluna|move: Protect
|move|p1b: Sneasler|Close Combat|p2b: Archaludon
|-resisted|p2b: Archaludon
|-crit|p2b: Archaludon
|-damage|p2b: Archaludon|66/100
|-unboost|p1b: Sneasler|def|1
|-unboost|p1b: Sneasler|spd|1
|-ability|p2b: Archaludon|Stamina|boost
|-boost|p2b: Archaludon|def|1
|move|p2b: Archaludon|Dragon Pulse|p1b: Sneasler
|-damage|p1b: Sneasler|0 fnt
|faint|p1b: Sneasler
|
|-heal|p2a: Rillaboom|19/100 psn|[from] Grassy Terrain
|-heal|p2b: Archaludon|73/100|[from] Grassy Terrain
|-heal|p1a: Ursaluna|9/100 brn|[from] Grassy Terrain
|-damage|p2a: Rillaboom|7/100 psn|[from] psn
|-damage|p1a: Ursaluna|3/100 brn|[from] brn
|upkeep
|turn|7
|inactive|Mountainman46 has 30 seconds left.
|
|t:|1757732676
|move|p1a: Ursaluna|Protect|p1a: Ursaluna
|-singleturn|p1a: Ursaluna|Protect
|move|p2a: Rillaboom|Grassy Glide|p1a: Ursaluna
|-activate|p1a: Ursaluna|move: Protect
|move|p2b: Archaludon|Dragon Pulse|p1a: Ursaluna
|-activate|p1a: Ursaluna|move: Protect
|
|-heal|p2a: Rillaboom|13/100 psn|[from] Grassy Terrain
|-heal|p2b: Archaludon|79/100|[from] Grassy Terrain
|-heal|p1a: Ursaluna|9/100 brn|[from] Grassy Terrain
|-damage|p2a: Rillaboom|0 fnt|[from] psn
|faint|p2a: Rillaboom
|-damage|p1a: Ursaluna|3/100 brn|[from] brn
|upkeep
|turn|8
|
|t:|1757732692
|move|p2b: Archaludon|Dragon Pulse|p1a: Ursaluna
|-damage|p1a: Ursaluna|0 fnt
|faint|p1a: Ursaluna
|
|win|Mountainman46
||bipen78 is ready for game 2.
||Mountainman46 is ready for game 2.
|uhtml|next|Next: Game 2 of 3
|l|☆bipen78
|player|p1|
