|j|☆MiroKart 8 deluxe
|j|☆Farigi no Raf
|html|MiroKart 8 deluxeFarigi no Raf    
|uhtml|bestof|Game 3 of a best-of-3
|t:|1757079004
|gametype|doubles
|player|p1|MiroKart 8 deluxe|265|1331
|player|p2|Farigi no Raf|vince|1389
|gen|9
|tier|[Gen 9] VGC 2025 Reg H (Bo3)
|rated|
|rule|Species Clause: Limit one of each Pokémon
|rule|Item Clause: Limit 1 of each item
|clearpoke
|poke|p1|Rillaboom, L50, F|
|poke|p1|Kingambit, L50, F|
|poke|p1|Dragapult, L50, F|
|poke|p1|Sneasler, L50, M|
|poke|p1|Primarina, L50, M|
|poke|p1|Electabuzz, L50, F|
|poke|p2|Dragonite, L50, F|
|poke|p2|Gholdengo, L50|
|poke|p2|Sneasler, L50, F|
|poke|p2|Rillaboom, L50, M|
|poke|p2|Ursaluna-Bloodmoon, L50, M|
|poke|p2|Magmar, L50, F|
|teampreview|4
|showteam|p1|Rillaboom||AssaultVest|GrassySurge|FakeOut,GrassyGlide,WoodHammer,Uturn|||F|||50|,,,,,Fire]Kingambit||SafetyGoggles|Defiant|KowtowCleave,SuckerPunch,SwordsDance,Protect|||F|||50|,,,,,Dark]Dragapult||ChoiceBand|ClearBody|DragonDarts,Outrage,Uturn,PhantomForce|||F|||50|,,,,,Dragon]Sneasler||FocusSash|PoisonTouch|DireClaw,CloseCombat,FakeOut,Protect|||M|||50|,,,,,Stellar]Primarina||ThroatSpray|LiquidVoice|HyperVoice,Moonblast,Haze,Protect|||M|||50|,,,,,Poison]Electabuzz||Eviolite|VitalSpirit|FollowMe,Taunt,Electroweb,Protect|||F|||50|,,,,,Fairy
|showteam|p2|Dragonite||LoadedDice|Multiscale|ScaleShot,Tailwind,ExtremeSpeed,Protect|||F|||50|,,,,,Fairy]Gholdengo||LifeOrb|GoodasGold|MakeItRain,ShadowBall,NastyPlot,Protect||||||50|,,,,,Water]Sneasler||FocusSash|PoisonTouch|CloseCombat,DireClaw,Coaching,FakeOut|||F|||50|,,,,,Ghost]Rillaboom||AssaultVest|GrassySurge|WoodHammer,FakeOut,GrassyGlide,HighHorsepower|||M|||50|,,,,,Fire]Ursaluna-Bloodmoon||SilkScarf|MindsEye|HyperVoice,EarthPower,BloodMoon,Protect|||M|||50|,,,,,Water]Magmar||Eviolite|VitalSpirit|FollowMe,BurningJealousy,ClearSmog,Protect|||F|||50|,,,,,Dragon
|
|t:|1757079016
|teamsize|p1|4
|teamsize|p2|4
|start
|switch|p1a: Dragapult|Dragapult, L50, F|100/100
|switch|p1b: Sneasler|Sneasler, L50, M|100/100
|switch|p2a: Sneasler|Sneasler, L50, F|100/100
|switch|p2b: Dragonite|Dragonite, L50, F|100/100
|turn|1
|inactive|Battle timer is ON: inactive players will automatically lose when time's up. (requested by MiroKart 8 deluxe)
|
|t:|1757079043
|-terastallize|p1a: Dragapult|Dragon
|move|p2a: Sneasler|Fake Out|p1b: Sneasler
|-damage|p1b: Sneasler|78/100
|cant|p1b: Sneasler|flinch
|move|p1a: Dragapult|Dragon Darts|p2a: Sneasler
|-crit|p2a: Sneasler
|-enditem|p2a: Sneasler|Focus Sash
|-damage|p2a: Sneasler|1/100
|-anim|p1a: Dragapult|Dragon Darts|p2b: Dragonite
|-supereffective|p2b: Dragonite
|-damage|p2b: Dragonite|46/100
|move|p2b: Dragonite|Scale Shot|p1a: Dragapult|[miss]
|-miss|p2b: Dragonite|p1a: Dragapult
|
|upkeep
|turn|2
|
|t:|1757079066
|switch|p1b: Electabuzz|Electabuzz, L50, F|100/100
|move|p2b: Dragonite|Protect|p2b: Dragonite
|-singleturn|p2b: Dragonite|Protect
|move|p1a: Dragapult|Dragon Darts|p2a: Sneasler
|-damage|p2a: Sneasler|0 fnt
|faint|p2a: Sneasler
|
|upkeep
|
|t:|1757079070
|switch|p2a: Gholdengo|Gholdengo, L50|100/100
|turn|3
|
|t:|1757079089
|-terastallize|p2b: Dragonite|Fairy
|move|p1a: Dragapult|Dragon Darts|p2a: Gholdengo
|-resisted|p2a: Gholdengo
|-damage|p2a: Gholdengo|75/100
|-anim|p1a: Dragapult|Dragon Darts|p2a: Gholdengo
|-resisted|p2a: Gholdengo
|-damage|p2a: Gholdengo|48/100
|move|p2a: Gholdengo|Nasty Plot|p2a: Gholdengo
|-boost|p2a: Gholdengo|spa|2
|move|p2b: Dragonite|Scale Shot|p1a: Dragapult
|-supereffective|p1a: Dragapult
|-damage|p1a: Dragapult|61/100
|-supereffective|p1a: Dragapult
|-damage|p1a: Dragapult|21/100
|-supereffective|p1a: Dragapult
|-damage|p1a: Dragapult|0 fnt
|faint|p1a: Dragapult
|-hitcount|p1: Dragapult|3
|-unboost|p2b: Dragonite|def|1
|-boost|p2b: Dragonite|spe|1
|move|p1b: Electabuzz|Electroweb|p2a: Gholdengo|[spread] p2a,p2b
|-damage|p2a: Gholdengo|34/100
|-damage|p2b: Dragonite|31/100
|-unboost|p2a: Gholdengo|spe|1
|-unboost|p2b: Dragonite|spe|1
|
|upkeep
|inactive|MiroKart 8 deluxe has 30 seconds left.
|
|t:|1757079118
|switch|p1a: Primarina|Primarina, L50, M|100/100
|turn|4
|
|t:|1757079128
|move|p2a: Gholdengo|Protect|p2a: Gholdengo
|-singleturn|p2a: Gholdengo|Protect
|move|p1a: Primarina|Protect|p1a: Primarina
|-singleturn|p1a: Primarina|Protect
|move|p2b: Dragonite|Tailwind|p2b: Dragonite
|-sidestart|p2: Farigi no Raf|move: Tailwind
|move|p1b: Electabuzz|Electroweb|p2a: Gholdengo|[spread] p2b
|-activate|p2a: Gholdengo|move: Protect
|-damage|p2b: Dragonite|17/100
|-unboost|p2b: Dragonite|spe|1
|
|upkeep
|turn|5
|
|t:|1757079143
|switch|p1a: Sneasler|Sneasler, L50, M|78/100
|move|p2b: Dragonite|Extreme Speed|p1a: Sneasler
|-damage|p1a: Sneasler|28/100
|move|p2a: Gholdengo|Make It Rain|p1b: Electabuzz|[spread] p1a,p1b
|-resisted|p1b: Electabuzz
|-damage|p1a: Sneasler|0 fnt
|-damage|p1b: Electabuzz|63/100
|-unboost|p2a: Gholdengo|spa|1
|faint|p1a: Sneasler
|-damage|p2a: Gholdengo|25/100|[from] item: Life Orb
|move|p1b: Electabuzz|Electroweb|p2a: Gholdengo|[spread] p2a,p2b
|-damage|p2a: Gholdengo|9/100
|-damage|p2b: Dragonite|2/100
|-unboost|p2a: Gholdengo|spe|1
|-unboost|p2b: Dragonite|spe|1
|
|upkeep
|
|t:|1757079162
|switch|p1a: Primarina|Primarina, L50, M|100/100
|turn|6
|inactive|Farigi no Raf has 30 seconds left.
|
|t:|1757079189
|move|p2a: Gholdengo|Protect|p2a: Gholdengo
|-singleturn|p2a: Gholdengo|Protect
|move|p2b: Dragonite|Protect|p2b: Dragonite
|-singleturn|p2b: Dragonite|Protect
|move|p1b: Electabuzz|Protect|p1b: Electabuzz
|-singleturn|p1b: Electabuzz|Protect
|move|p1a: Primarina|Hyper Voice|p2a: Gholdengo|[spread] 
|-activate|p2a: Gholdengo|move: Protect
|-activate|p2b: Dragonite|move: Protect
|
|upkeep
|turn|7
|inactive|MiroKart 8 deluxe has 30 seconds left.
|inactive|Farigi no Raf has 30 seconds left.
|inactive|MiroKart 8 deluxe has 20 seconds left.
|
|t:|1757079224
|move|p2b: Dragonite|Extreme Speed|p1a: Primarina
|-damage|p1a: Primarina|71/100
|move|p2a: Gholdengo|Make It Rain|p1b: Electabuzz|[spread] p1a,p1b
|-resisted|p1b: Electabuzz
|-damage|p1a: Primarina|0 fnt
|-damage|p1b: Electabuzz|34/100
|-unboost|p2a: Gholdengo|spa|1
|faint|p1a: Primarina
|-damage|p2a: Gholdengo|0 fnt|[from] item: Life Orb
|faint|p2a: Gholdengo
|move|p1b: Electabuzz|Electroweb|p2b: Dragonite
|-damage|p2b: Dragonite|0 fnt
|faint|p2b: Dragonite
|
|-sideend|p2: Farigi no Raf|move: Tailwind
|upkeep
|
|t:|1757079232
|switch|p2b: Magmar|Magmar, L50, F|100/100
|turn|8
|
|t:|1757079239
|move|p1b: Electabuzz|Electroweb|p2b: Magmar
|-damage|p2b: Magmar|85/100
|-unboost|p2b: Magmar|spe|1
|move|p2b: Magmar|Burning Jealousy|p1b: Electabuzz
|-damage|p1b: Electabuzz|14/100
|
|upkeep
|turn|9
|
|t:|1757079246
|move|p1b: Electabuzz|Electroweb|p2b: Magmar
|-crit|p2b: Magmar
|-damage|p2b: Magmar|63/100
|-unboost|p2b: Magmar|spe|1
|move|p2b: Magmar|Burning Jealousy|p1b: Electabuzz
|-damage|p1b: Electabuzz|0 fnt
|faint|p1b: Electabuzz
|
|win|Farigi no Raf
|raw|MiroKart 8 deluxe's rating: 1331 → 1314(-17 for losing)
|raw|Farigi no Raf's rating: 1389 → 1406(+17 for winning)
