|j|☆sum1dum
|j|☆titojuanalvapor33
|html|sum1dumtitojuanalvapor33    
|uhtml|bestof|Game 1 of a best-of-3
|t:|1783184547
|gametype|doubles
|player|p1|sum1dum|rosa|1262
|player|p2|titojuanalvapor33|102|1194
|gen|9
|tier|[Gen 9 Champions] VGC 2026 Reg M-B (Bo3)
|rated|
|rule|Species Clause: Limit one of each Pokémon
|rule|Item Clause: Limit 1 of each item
|clearpoke
|poke|p1|Gliscor, L50, M|
|poke|p1|Primarina, L50, F|
|poke|p1|Metagross, L50|
|poke|p1|Ninetales-Alola, L50, F|
|poke|p1|Incineroar, L50, M|
|poke|p1|Sinistcha, L50|
|poke|p2|Maushold, L50|
|poke|p2|Pyroar, L50, M|
|poke|p2|Sylveon, L50, M|
|poke|p2|Aegislash, L50, M|
|poke|p2|Venusaur, L50, F|
|poke|p2|Aerodactyl, L50, F|
|teampreview|4
|showteam|p1|Gliscor||LifeOrb|HyperCutter|DualWingbeat,HighHorsepower,Protect,RockSlide|Jolly||M|||50|]Primarina||Leftovers|LiquidVoice|CalmMind,HyperVoice,Moonblast,Protect|Modest||F|||50|]Metagross||Metagrossite|ClearBody|BulletPunch,IronHead,Protect,PsychicFangs|Jolly|||||50|]Ninetales-Alola||LightClay|SnowWarning|AuroraVeil,FreezeDry,Moonblast,Protect|Timid||F|||50|]Incineroar||ChopleBerry|Intimidate|FakeOut,FlareBlitz,DarkestLariat,PartingShot|Impish||M|||50|]Sinistcha||SitrusBerry|Hospitality|MatchaGotcha,Protect,LifeDew,RagePowder|Bold|||||50|
|showteam|p2|Maushold||ChopleBerry|FriendGuard|SunnyDay,FollowMe,SuperFang,Protect|Jolly|||||50|]Pyroar||Pyroarite|Moxie|Yawn,HeatWave,Overheat,Protect|Timid||M|||50|]Sylveon||FairyFeather|Pixilate|HyperVoice,HyperBeam,Protect,QuickAttack|Modest||M|||50|]Aegislash||SpellTag|StanceChange|Poltergeist,ShadowSneak,SacredSword,KingsShield|Adamant||M|||50|]Venusaur||LifeOrb|Chlorophyll|EnergyBall,SludgeBomb,EarthPower,Protect|Modest||F|||50|]Aerodactyl||Aerodactylite|Unnerve|Tailwind,IceFang,RockSlide,Protect|Jolly||F|||50|
|inactive|Battle timer is ON: inactive players will automatically lose when time's up. (requested by sum1dum)
|inactive|titojuanalvapor33 also wants the timer to be on.
|inactive|sum1dum has 60 seconds left.
|inactive|titojuanalvapor33 has 60 seconds left.
|inactive|titojuanalvapor33 has 30 seconds left.
|
|t:|1783184615
|teamsize|p1|4
|teamsize|p2|4
|start
|switch|p1a: Justice|Incineroar, L50, M|100/100
|switch|p1b: Bravery|Gliscor, L50, M|100/100
|switch|p2a: Aerodactyl|Aerodactyl, L50, F|100/100
|switch|p2b: Pyroar|Pyroar, L50, M|100/100
|-ability|p2a: Aerodactyl|Unnerve
|-ability|p1a: Justice|Intimidate|boost
|-unboost|p2a: Aerodactyl|atk|1
|-unboost|p2b: Pyroar|atk|1
|turn|1
|inactive|titojuanalvapor33 has 30 seconds left.
|
|t:|1783184642
|detailschange|p2b: Pyroar|Pyroar-Mega, L50, M
|-mega|p2b: Pyroar|Pyroar|Pyroarite
|move|p2a: Aerodactyl|Protect|p2a: Aerodactyl
|-singleturn|p2a: Aerodactyl|Protect
|move|p2b: Pyroar|Protect|p2b: Pyroar
|-singleturn|p2b: Pyroar|Protect
|move|p1a: Justice|Fake Out|p2a: Aerodactyl
|-activate|p2a: Aerodactyl|move: Protect
|move|p1b: Bravery|High Horsepower|p2b: Pyroar
|-activate|p2b: Pyroar|move: Protect
|
|upkeep
|turn|2
|inactive|titojuanalvapor33 has 30 seconds left.
|
|t:|1783184675
|switch|p1b: Patience|Primarina, L50, F|100/100
|move|p2a: Aerodactyl|Ice Fang|p1b: Patience
|-resisted|p1b: Patience|1
|-crit|p1b: Patience
|-damage|p1b: Patience|86/100
|move|p2b: Pyroar|Heat Wave|p1b: Patience|[spread] p1a
|-miss|p2b: Pyroar|p1b: Patience
|-resisted|p1a: Justice|1
|-damage|p1a: Justice|80/100
|move|p1a: Justice|Parting Shot|p2b: Pyroar
|-unboost|p2b: Pyroar|atk|1
|-unboost|p2b: Pyroar|spa|1
|
|t:|1783184678
|switch|p1a: Bravery|Gliscor, L50, M|100/100|[from] Parting Shot
|
|-heal|p1b: Patience|91/100|[from] item: Leftovers
|upkeep
|turn|3
|inactive|titojuanalvapor33 has 30 seconds left.
|
|t:|1783184718
|move|p2b: Pyroar|Protect|p2b: Pyroar
|-singleturn|p2b: Pyroar|Protect
|move|p1a: Bravery|Protect|p1a: Bravery
|-singleturn|p1a: Bravery|Protect
|move|p2a: Aerodactyl|Tailwind|p2a: Aerodactyl
|-sidestart|p2: titojuanalvapor33|move: Tailwind
|move|p1b: Patience|Hyper Voice|p2a: Aerodactyl|[spread] p2a
|-activate|p2b: Pyroar|move: Protect
|-supereffective|p2a: Aerodactyl|1
|-damage|p2a: Aerodactyl|11/100
|
|-heal|p1b: Patience|97/100|[from] item: Leftovers
|upkeep
|turn|4
|
|t:|1783184740
|switch|p2b: Sylveon|Sylveon, L50, M|100/100
|switch|p1a: Justice|Incineroar, L50, M|80/100
|-ability|p1a: Justice|Intimidate|boost
|-unboost|p2a: Aerodactyl|atk|1
|-unboost|p2b: Sylveon|atk|1
|move|p2a: Aerodactyl|Ice Fang|p1a: Justice
|-resisted|p1a: Justice|1
|-damage|p1a: Justice|77/100
|move|p1b: Patience|Hyper Voice|p2b: Sylveon|[spread] p2a,p2b
|-supereffective|p2a: Aerodactyl|1
|-damage|p2a: Aerodactyl|0 fnt
|-damage|p2b: Sylveon|70/100
|faint|p2a: Aerodactyl
|
|-heal|p1b: Patience|100/100|[from] item: Leftovers
|upkeep
|
|t:|1783184757
|switch|p2a: Aegislash|Aegislash, L50, M|100/100
|turn|5
|inactive|titojuanalvapor33 has 30 seconds left.
|
|t:|1783184784
|move|p2b: Sylveon|Hyper Beam|p1a: Justice
|-damage|p1a: Justice|0 fnt
|-mustrecharge|p2b: Sylveon
|faint|p1a: Justice
|-formechange|p2a: Aegislash|Aegislash-Blade|
|move|p2a: Aegislash|Poltergeist|p1b: Patience
|-activate|p1b: Patience|move: Poltergeist|Leftovers
|-damage|p1b: Patience|22/100
|move|p1b: Patience|Calm Mind|p1b: Patience
|-boost|p1b: Patience|spa|1
|-boost|p1b: Patience|spd|1
|
|-heal|p1b: Patience|28/100|[from] item: Leftovers
|upkeep
|
|t:|1783184796
|switch|p1a: Perserverance|Metagross, L50|100/100
|turn|6
|
|t:|1783184806
|detailschange|p1a: Perserverance|Metagross-Mega, L50
|-mega|p1a: Perserverance|Metagross|Metagrossite
|-formechange|p2a: Aegislash|Aegislash|
|move|p2a: Aegislash|King's Shield|p2a: Aegislash
|-singleturn|p2a: Aegislash|Protect
|move|p1b: Patience|Protect|p1b: Patience
|-singleturn|p1b: Patience|Protect
|cant|p2b: Sylveon|recharge
|move|p1a: Perserverance|Iron Head|p2b: Sylveon
|-supereffective|p2b: Sylveon|1
|-damage|p2b: Sylveon|0 fnt
|faint|p2b: Sylveon
|
|-heal|p1b: Patience|34/100|[from] item: Leftovers
|-sideend|p2: titojuanalvapor33|move: Tailwind
|upkeep
|
|t:|1783184819
|switch|p2b: Pyroar|Pyroar-Mega, L50, M|100/100
|turn|7
|inactive|sum1dum has 30 seconds left.
|inactive|titojuanalvapor33 has 30 seconds left.
|
|t:|1783184857
|-formechange|p2a: Aegislash|Aegislash-Blade|
|move|p2a: Aegislash|Shadow Sneak|p1b: Patience
|-damage|p1b: Patience|6/100
|move|p2b: Pyroar|Heat Wave|p1a: Perserverance|[spread] p1a,p1b
|-supereffective|p1a: Perserverance|1
|-resisted|p1b: Patience|1
|-damage|p1a: Perserverance|0 fnt
|-damage|p1b: Patience|0 fnt
|faint|p1a: Perserverance
|faint|p1b: Patience
|
|upkeep
|
|t:|1783184861
|switch|p1a: Bravery|Gliscor, L50, M|100/100
|turn|8
|-message|sum1dum forfeited.
|
|win|titojuanalvapor33
