|j|☆Xeroxyx
|j|☆Baxter1357924680
|html|XeroxyxBaxter1357924680    
|uhtml|bestof|Game 3 of a best-of-3
|t:|1783372050
|gametype|doubles
|player|p1|Xeroxyx|hilbert|
|player|p2|Baxter1357924680|101|
|gen|9
|tier|[Gen 9 Champions] VGC 2026 Reg M-B (Bo3)
|rule|Species Clause: Limit one of each Pokémon
|rule|Item Clause: Limit 1 of each item
|clearpoke
|poke|p1|Gholdengo, L50|
|poke|p1|Incineroar, L50, M|
|poke|p1|Basculegion, L50, M|
|poke|p1|Garchomp, L50, F|
|poke|p1|Charizard, L50, F|
|poke|p1|Whimsicott, L50, M|
|poke|p2|Aegislash, L50, M, shiny|
|poke|p2|Lucario, L50, M, shiny|
|poke|p2|Dragonite, L50, M, shiny|
|poke|p2|Ditto, L50, shiny|
|poke|p2|Annihilape, L50, M, shiny|
|poke|p2|Greninja, L50, M, shiny|
|teampreview|4
|showteam|p1|Gholdengo||SpellTag|GoodasGold|MakeItRain,ShadowBall,NastyPlot,Protect|Modest|||||50|]Incineroar||SitrusBerry|Intimidate|PartingShot,FlareBlitz,ThroatChop,FakeOut|Impish||M|||50|]Basculegion||ChoiceScarf|Adaptability|WaveCrash,LastRespects,AquaJet,FlipTurn|Jolly||M|||50|]Garchomp||LifeOrb|RoughSkin|Earthquake,DragonClaw,RockSlide,Protect|Jolly||F|||50|]Charizard||CharizarditeY|Blaze|HeatWave,SolarBeam,WeatherBall,Protect|Modest||F|||50|]Whimsicott||FocusSash|Prankster|Tailwind,Encore,Moonblast,Protect|Timid||M|||50|
|showteam|p2|Aegislash||Leftovers|StanceChange|RockSlide,SacredSword,AirSlash,CloseCombat|Serious||M|||50|]Lucario||Lucarionite|InnerFocus|Agility,CrossChop,ThunderPunch,BlazeKick|Serious||M|||50|]Dragonite||Dragoninite|Multiscale|DracoMeteor,Flamethrower,Superpower,StoneEdge|Serious||M|||50|]Ditto||ExpertBelt|Imposter|Transform|Serious|||||50|]Annihilape||ChoiceScarf|VitalSpirit|BrickBreak,CloseCombat,CrossChop,RockSlide|Serious||M|||50|]Greninja||Greninjite|Protean|Liquidation,WaterShuriken,QuickAttack,FlipTurn|Serious||M|||50|
|j| M00ncell
|
|t:|1783372091
|teamsize|p1|4
|teamsize|p2|4
|start
|switch|p1a: Basculegion|Basculegion, L50, M|100/100
|switch|p1b: Incineroar|Incineroar, L50, M|100/100
|switch|p2a: Dragonite|Dragonite, L50, M, shiny|100/100
|switch|p2b: Greninja|Greninja, L50, M, shiny|100/100
|-ability|p1b: Incineroar|Intimidate|boost
|-unboost|p2a: Dragonite|atk|1
|-unboost|p2b: Greninja|atk|1
|turn|1
|c|☆Xeroxyx|glhf
|c|☆Baxter1357924680|glhf
|c|☆Baxter1357924680|mooncell is watching lol
|c|☆Xeroxyx|that he is
|j| coggs's
|
|t:|1783372125
|move|p1b: Incineroar|Fake Out|p2b: Greninja
|-damage|p2b: Greninja|84/100
|move|p1a: Basculegion|Flip Turn|p2a: Dragonite
|-resisted|p2a: Dragonite|1
|-damage|p2a: Dragonite|90/100
|
|t:|1783372133
|switch|p1a: Charizard|Charizard, L50, F|100/100|[from] Flip Turn
|cant|p2b: Greninja|flinch
|move|p2a: Dragonite|Superpower|p1b: Incineroar
|-supereffective|p1b: Incineroar|1
|-damage|p1b: Incineroar|59/100
|-unboost|p2a: Dragonite|atk|1
|-unboost|p2a: Dragonite|def|1
|
|upkeep
|turn|2
|
|t:|1783372162
|detailschange|p1a: Charizard|Charizard-Mega-Y, L50, F
|-mega|p1a: Charizard|Charizard|Charizardite Y
|-weather|SunnyDay|[from] ability: Drought|[of] p1a: Charizard
|move|p2b: Greninja|Liquidation|p1b: Incineroar
|-start|p2b: Greninja|typechange|Water|[from] ability: Protean
|-supereffective|p1b: Incineroar|1
|-damage|p1b: Incineroar|43/100
|-enditem|p1b: Incineroar|Sitrus Berry|[eat]
|-heal|p1b: Incineroar|68/100|[from] item: Sitrus Berry
|move|p1a: Charizard|Solar Beam||[still]
|-prepare|p1a: Charizard|Solar Beam
|-anim|p1a: Charizard|Solar Beam|p2b: Greninja
|-supereffective|p2b: Greninja|1
|-damage|p2b: Greninja|0 fnt
|faint|p2b: Greninja
|move|p2a: Dragonite|Stone Edge|p1a: Charizard
|-supereffective|p1a: Charizard|2
|-damage|p1a: Charizard|24/100
|move|p1b: Incineroar|Parting Shot|p2a: Dragonite
|-unboost|p2a: Dragonite|atk|1
|-unboost|p2a: Dragonite|spa|1
|
|t:|1783372183
|switch|p1b: Garchomp|Garchomp, L50, F|100/100|[from] Parting Shot
|
|-weather|SunnyDay|[upkeep]
|upkeep
|
|t:|1783372199
|switch|p2b: Ditto|Ditto, L50, shiny|100/100
|-transform|p2b: Ditto|p1a: Charizard|[from] ability: Imposter
|turn|3
|
|t:|1783372219
|detailschange|p2a: Dragonite|Dragonite-Mega, L50, M, shiny
|-mega|p2a: Dragonite|Dragonite|Dragoninite
|move|p1a: Charizard|Protect|p1a: Charizard
|-singleturn|p1a: Charizard|Protect
|move|p1b: Garchomp|Rock Slide|p2a: Dragonite|[spread] p2a,p2b
|-supereffective|p2a: Dragonite|1
|-supereffective|p2b: Ditto|2
|-damage|p2a: Dragonite|24/100
|-damage|p2b: Ditto|0 fnt
|faint|p2b: Ditto
|-damage|p1b: Garchomp|90/100|[from] item: Life Orb
|cant|p2a: Dragonite|flinch
|
|-weather|SunnyDay|[upkeep]
|upkeep
|c|☆Xeroxyx|nice
|
|t:|1783372231
|switch|p2b: Annihilape|Annihilape, L50, M, shiny|100/100
|turn|4
|
|t:|1783372255
|move|p1b: Garchomp|Protect|p1b: Garchomp
|-singleturn|p1b: Garchomp|Protect
|move|p2b: Annihilape|Rock Slide|p1a: Charizard|[spread] p1a
|-activate|p1b: Garchomp|move: Protect
|-supereffective|p1a: Charizard|2
|-damage|p1a: Charizard|0 fnt
|faint|p1a: Charizard
|move|p2a: Dragonite|Stone Edge|p1b: Garchomp
|-activate|p1b: Garchomp|move: Protect
|
|-weather|SunnyDay|[upkeep]
|upkeep
|
|t:|1783372270
|switch|p1a: Incineroar|Incineroar, L50, M|68/100
|-ability|p1a: Incineroar|Intimidate|boost
|-unboost|p2a: Dragonite|atk|1
|-unboost|p2b: Annihilape|atk|1
|turn|5
|
|t:|1783372284
|move|p1a: Incineroar|Fake Out|p2a: Dragonite
|-damage|p2a: Dragonite|10/100
|move|p2b: Annihilape|Rock Slide|p1a: Incineroar|[spread] p1a,p1b
|-supereffective|p1a: Incineroar|1
|-resisted|p1b: Garchomp|1
|-damage|p1a: Incineroar|50/100g
|-damage|p1b: Garchomp|84/100
|move|p1b: Garchomp|Dragon Claw|p2b: Annihilape
|-damage|p2b: Annihilape|41/100
|-damage|p1b: Garchomp|75/100|[from] item: Life Orb
|cant|p2a: Dragonite|flinch
|
|-weather|SunnyDay|[upkeep]
|upkeep
|turn|6
|c|☆Xeroxyx|speedy annihilape, huh
|c|☆Baxter1357924680|why did that do like no damage
|
|t:|1783372303
|move|p2b: Annihilape|Rock Slide|p1b: Garchomp|[spread] p1a,p1b
|-supereffective|p1a: Incineroar|1
|-resisted|p1b: Garchomp|1
|-crit|p1b: Garchomp
|-damage|p1a: Incineroar|33/100
|-damage|p1b: Garchomp|63/100
|move|p1b: Garchomp|Dragon Claw|p2b: Annihilape
|-damage|p2b: Annihilape|0 fnt
|faint|p2b: Annihilape
|-damage|p1b: Garchomp|53/100|[from] item: Life Orb
|move|p2a: Dragonite|Draco Meteor|p1b: Garchomp
|-supereffective|p1b: Garchomp|1
|-damage|p1b: Garchomp|0 fnt
|-unboost|p2a: Dragonite|spa|2
|faint|p1b: Garchomp
|move|p1a: Incineroar|Throat Chop|p2a: Dragonite
|-damage|p2a: Dragonite|0 fnt
|faint|p2a: Dragonite
|
|win|Xeroxyx
|c|☆Xeroxyx|ggwp
|c| coggs's|wow
|c|☆Xeroxyx|could be your ev spread?
|c|☆Baxter1357924680|gg
|l| coggs's
