|j|☆Cecho8
|j|☆CuboX11n
|html|Cecho8CuboX11n    
|uhtml|bestof|Game 2 of a best-of-3
|t:|1757768172
|gametype|doubles
|player|p1|Cecho8|shadowtriad|1346
|player|p2|CuboX11n|crasherwake|1320
|gen|9
|tier|[Gen 9] VGC 2025 Reg H (Bo3)
|rated|
|rule|Species Clause: Limit one of each Pokémon
|rule|Item Clause: Limit 1 of each item
|clearpoke
|poke|p1|Archaludon, L50, F|
|poke|p1|Pelipper, L50, F|
|poke|p1|Ursaluna, L50, M|
|poke|p1|Sinistcha, L50|
|poke|p1|Dragonite, L50, M|
|poke|p1|Gholdengo, L50|
|poke|p2|Hydreigon, L50, F|
|poke|p2|Magmar, L50, F|
|poke|p2|Rillaboom, L50, M|
|poke|p2|Tauros-Paldea-Aqua, L50, M|
|poke|p2|Ursaluna-Bloodmoon, L50, M|
|poke|p2|Sneasler, L50, F|
|teampreview|4
|showteam|p1|Archaludon||AssaultVest|Stamina|ElectroShot,DragonPulse,BodyPress,Snarl|||F|||50|,,,,,Bug]Pelipper||FocusSash|Drizzle|WeatherBall,Hurricane,Tailwind,Protect|||F|||50|,,,,,Ghost]Ursaluna||FlameOrb|Guts|HeadlongRush,Earthquake,Facade,Protect|||M|||50|,,,,,Ghost]Sinistcha||SitrusBerry|Hospitality|RagePowder,LifeDew,MatchaGotcha,TrickRoom||||||50|,,,,,Dark]Dragonite||LoadedDice|Multiscale|ScaleShot,Tailwind,Haze,Protect|||M|||50|,,,,,Fairy]Gholdengo||ChoiceScarf|GoodasGold|MakeItRain,ShadowBall,TeraBlast,Trick||||||50|,,,,,Water
|showteam|p2|Hydreigon||ScopeLens|Levitate|DracoMeteor,HeatWave,FocusEnergy,Protect|||F|||50|,,,,,Fire]Magmar||Eviolite|VitalSpirit|HeatWave,Taunt,FollowMe,Protect|||F|||50|,,,,,Ghost]Rillaboom||AssaultVest|GrassySurge|WoodHammer,GrassyGlide,Uturn,FakeOut|||M|||50|,,,,,Water]Tauros-Paldea-Aqua||MirrorHerb|Intimidate|WaveCrash,AquaJet,CloseCombat,Protect|||M|||50|,,,,,Water]Ursaluna-Bloodmoon||Leftovers|MindsEye|BloodMoon,EarthPower,CalmMind,Protect|||M|||50|,,,,,Poison]Sneasler||GrassySeed|Unburden|Coaching,FakeOut,CloseCombat,DireClaw|||F|||50|,,,,,Stellar
|inactive|Battle timer is ON: inactive players will automatically lose when time's up. (requested by CuboX11n)
|
|t:|1757768202
|teamsize|p1|4
|teamsize|p2|4
|start
|switch|p1a: Pelipper|Pelipper, L50, F|100/100
|switch|p1b: Archaludon|Archaludon, L50, F|100/100
|switch|p2a: Sneasler|Sneasler, L50, F|100/100
|switch|p2b: Ursaluna|Ursaluna-Bloodmoon, L50, M|100/100
|-weather|RainDance|[from] ability: Drizzle|[of] p1a: Pelipper
|turn|1
|inactive|Cecho8 has 30 seconds left.
|inactive|Cecho8 has 20 seconds left.
|
|t:|1757768241
|-terastallize|p1b: Archaludon|Bug
|-terastallize|p2b: Ursaluna|Poison
|move|p2a: Sneasler|Fake Out|p1a: Pelipper
|-damage|p1a: Pelipper|81/100
|cant|p1a: Pelipper|flinch
|move|p1b: Archaludon|Electro Shot||[still]
|-prepare|p1b: Archaludon|Electro Shot
|-boost|p1b: Archaludon|spa|1
|-anim|p1b: Archaludon|Electro Shot|p2a: Sneasler
|-damage|p2a: Sneasler|24/100
|move|p2b: Ursaluna|Calm Mind|p2b: Ursaluna
|-boost|p2b: Ursaluna|spa|1
|-boost|p2b: Ursaluna|spd|1
|
|-weather|RainDance|[upkeep]
|upkeep
|turn|2
|inactive|Cecho8 has 30 seconds left.
|
|t:|1757768268
|move|p1a: Pelipper|Protect|p1a: Pelipper
|-singleturn|p1a: Pelipper|Protect
|move|p2a: Sneasler|Coaching|p2b: Ursaluna
|-boost|p2b: Ursaluna|atk|1
|-boost|p2b: Ursaluna|def|1
|move|p1b: Archaludon|Electro Shot||[still]
|-prepare|p1b: Archaludon|Electro Shot
|-boost|p1b: Archaludon|spa|1
|-anim|p1b: Archaludon|Electro Shot|p2b: Ursaluna
|-crit|p2b: Ursaluna
|-damage|p2b: Ursaluna|0 fnt
|faint|p2b: Ursaluna
|
|-weather|RainDance|[upkeep]
|upkeep
|
|t:|1757768275
|switch|p2b: Tauros|Tauros-Paldea-Aqua, L50, M|100/100
|-ability|p2b: Tauros|Intimidate|boost
|-unboost|p1a: Pelipper|atk|1
|-unboost|p1b: Archaludon|atk|1
|turn|3
|
|t:|1757768292
|move|p2a: Sneasler|Coaching|p2b: Tauros
|-boost|p2b: Tauros|atk|1
|-boost|p2b: Tauros|def|1
|move|p2b: Tauros|Wave Crash|p1b: Archaludon
|-damage|p1b: Archaludon|14/100
|-ability|p1b: Archaludon|Stamina|boost
|-boost|p1b: Archaludon|def|1
|-damage|p2b: Tauros|65/100|[from] Recoil
|-enditem|p2b: Tauros|Mirror Herb
|-boost|p2b: Tauros|def|1|[from] item: Mirror Herb
|move|p1a: Pelipper|Tailwind|p1a: Pelipper
|-sidestart|p1: Cecho8|move: Tailwind
|move|p1b: Archaludon|Electro Shot||[still]
|-prepare|p1b: Archaludon|Electro Shot
|-boost|p1b: Archaludon|spa|1
|-anim|p1b: Archaludon|Electro Shot|p2a: Sneasler
|-damage|p2a: Sneasler|0 fnt
|faint|p2a: Sneasler
|
|-weather|RainDance|[upkeep]
|upkeep
|
|t:|1757768298
|switch|p2a: Rillaboom|Rillaboom, L50, M|100/100
|-fieldstart|move: Grassy Terrain|[from] ability: Grassy Surge|[of] p2a: Rillaboom
|turn|4
|
|t:|1757768319
|move|p2a: Rillaboom|Fake Out|p1a: Pelipper
|-damage|p1a: Pelipper|63/100
|move|p2b: Tauros|Aqua Jet|p1b: Archaludon
|-damage|p1b: Archaludon|0 fnt
|faint|p1b: Archaludon
|cant|p1a: Pelipper|flinch
|
|-weather|RainDance|[upkeep]
|-heal|p2b: Tauros|71/100|[from] Grassy Terrain
|upkeep
|
|t:|1757768336
|switch|p1b: Dragonite|Dragonite, L50, M|100/100
|turn|5
|
|t:|1757768345
|move|p2b: Tauros|Protect|p2b: Tauros
|-singleturn|p2b: Tauros|Protect
|move|p1b: Dragonite|Scale Shot|p2a: Rillaboom
|-damage|p2a: Rillaboom|84/100
|-damage|p2a: Rillaboom|69/100
|-damage|p2a: Rillaboom|54/100
|-damage|p2a: Rillaboom|39/100
|-hitcount|p2a: Rillaboom|4
|-unboost|p1b: Dragonite|def|1
|-boost|p1b: Dragonite|spe|1
|move|p1a: Pelipper|Hurricane|p2a: Rillaboom
|-supereffective|p2a: Rillaboom
|-damage|p2a: Rillaboom|0 fnt
|faint|p2a: Rillaboom
|
|-weather|none
|-heal|p2b: Tauros|76/100|[from] Grassy Terrain
|upkeep
|turn|6
|-message|CuboX11n forfeited.
|
|win|Cecho8
|l|☆CuboX11n
|player|p2|
||CuboX11n is ready for game 3.
||Cecho8 is ready for game 3.
|uhtml|next|Next: Game 3 of 3
|l|☆Cecho8
|player|p1|
