|j|☆T8McRae
|j|☆szilagyigyuszi
|html|T8McRaeszilagyigyuszi    
|uhtml|bestof|Game 3 of a best-of-3
|t:|1755542552
|gametype|doubles
|player|p1|T8McRae|169|1166
|player|p2|szilagyigyuszi|102|1284
|gen|9
|tier|[Gen 9] VGC 2025 Reg H (Bo3)
|rated|
|rule|Species Clause: Limit one of each Pokémon
|rule|Item Clause: Limit 1 of each item
|clearpoke
|poke|p1|Maushold, L50|
|poke|p1|Annihilape, L50, F|
|poke|p1|Gholdengo, L50|
|poke|p1|Dragonite, L50, M|
|poke|p1|Garchomp, L50, M|
|poke|p1|Ninetales-Alola, L50, F|
|poke|p2|Charizard, L50, M|
|poke|p2|Torkoal, L50, M|
|poke|p2|Porygon2, L50|
|poke|p2|Incineroar, L50, M|
|poke|p2|Jumpluff, L50, M|
|poke|p2|Ursaluna, L50, F|
|teampreview|4
|showteam|p1|Maushold||WideLens|FriendGuard|PopulationBomb,BeatUp,FollowMe,Protect||||||50|,,,,,Ghost]Annihilape||SafetyGoggles|Defiant|RageFist,DrainPunch,BulkUp,Protect|||F|||50|,,,,,Fire]Gholdengo||Leftovers|GoodasGold|MakeItRain,ShadowBall,NastyPlot,Protect||||||50|,,,,,Water]Dragonite||LoadedDice|Multiscale|ScaleShot,Tailwind,Haze,Protect|||M|||50|,,,,,Fairy]Garchomp||LifeOrb|RoughSkin|StompingTantrum,Earthquake,DragonClaw,Protect|||M|||50|,,,,,Ground]Ninetales-Alola||LightClay|SnowWarning|Blizzard,AuroraVeil,FreezeDry,Protect|||F|||50|,,,,,Water
|showteam|p2|Charizard||ChoiceSpecs|SolarPower|HeatWave,Overheat,WeatherBall,AirSlash|||M|||50|,,,,,Ghost]Torkoal||EjectPack|Drought|Eruption,Overheat,HelpingHand,Protect|||M|||50|,,,,,Fire]Porygon2||Eviolite|Download|TeraBlast,IceBeam,Recover,TrickRoom||||||50|,,,,,Fighting]Incineroar||SitrusBerry|Intimidate|FlareBlitz,KnockOff,FakeOut,PartingShot|||M|||50|,,,,,Ghost]Jumpluff||CovertCloak|Chlorophyll|SleepPowder,SunnyDay,RagePowder,Tailwind|||M|||50|,,,,,Water]Ursaluna||FlameOrb|Guts|HeadlongRush,Facade,Earthquake,Protect|||F|||50|,,,,,Ghost
|
|t:|1755542565
|teamsize|p1|4
|teamsize|p2|4
|start
|switch|p1a: Maushold|Maushold, L50|100/100
|switch|p1b: Gholdengo|Gholdengo, L50|100/100
|switch|p2a: Porygon2|Porygon2, L50|100/100
|switch|p2b: Charizard|Charizard, L50, M|100/100
|-ability|p2a: Porygon2|Download|boost
|-boost|p2a: Porygon2|atk|1
|turn|1
|inactive|Battle timer is ON: inactive players will automatically lose when time's up. (requested by T8McRae)
|inactive|szilagyigyuszi has 60 seconds left.
|inactive|szilagyigyuszi has 30 seconds left.
|
|t:|1755542655
|-terastallize|p2b: Charizard|Ghost
|-terastallize|p1b: Gholdengo|Water
|move|p1a: Maushold|Population Bomb|p2b: Charizard
|-immune|p2b: Charizard
|move|p2b: Charizard|Heat Wave|p1a: Maushold|[spread] p1a,p1b
|-resisted|p1b: Gholdengo
|-crit|p1b: Gholdengo
|-damage|p1a: Maushold|25/100
|-damage|p1b: Gholdengo|67/100
|move|p1b: Gholdengo|Nasty Plot|p1b: Gholdengo
|-boost|p1b: Gholdengo|spa|2
|move|p2a: Porygon2|Trick Room|p2a: Porygon2
|-fieldstart|move: Trick Room|[of] p2a: Porygon2
|
|-heal|p1b: Gholdengo|73/100|[from] item: Leftovers
|upkeep
|turn|2
|inactive|T8McRae has 30 seconds left.
|inactive|szilagyigyuszi has 30 seconds left.
|inactive|szilagyigyuszi has 20 seconds left.
|inactive|szilagyigyuszi has 15 seconds left.
|inactive|szilagyigyuszi has 10 seconds left.
|inactive|szilagyigyuszi has 5 seconds left.
|
|t:|1755542708
|move|p1a: Maushold|Protect|p1a: Maushold
|-singleturn|p1a: Maushold|Protect
|move|p2a: Porygon2|Ice Beam|p1a: Maushold
|-activate|p1a: Maushold|move: Protect
|move|p1b: Gholdengo|Make It Rain|p2b: Charizard|[spread] p2a,p2b
|-damage|p2a: Porygon2|37/100
|-damage|p2b: Charizard|0 fnt
|-unboost|p1b: Gholdengo|spa|1
|faint|p2b: Charizard
|
|-heal|p1b: Gholdengo|79/100|[from] item: Leftovers
|upkeep
|
|t:|1755542723
|switch|p2b: Torkoal|Torkoal, L50, M|100/100
|-weather|SunnyDay|[from] ability: Drought|[of] p2b: Torkoal
|turn|3
|
|t:|1755542737
|move|p1a: Maushold|Protect||[still]
|-fail|p1a: Maushold
|move|p2b: Torkoal|Eruption|p1a: Maushold|[spread] p1a,p1b
|-resisted|p1b: Gholdengo
|-damage|p1a: Maushold|0 fnt
|-damage|p1b: Gholdengo|49/100
|faint|p1a: Maushold
|move|p2a: Porygon2|Recover|p2a: Porygon2
|-heal|p2a: Porygon2|87/100
|move|p1b: Gholdengo|Shadow Ball|p2b: Torkoal
|-damage|p2b: Torkoal|22/100
|-unboost|p2b: Torkoal|spd|1
|-enditem|p2b: Torkoal|Eject Pack
|
|t:|1755542751
|switch|p2b: Ursaluna|Ursaluna, L50, F|100/100
|
|-weather|SunnyDay|[upkeep]
|-heal|p1b: Gholdengo|55/100|[from] item: Leftovers
|-status|p2b: Ursaluna|brn|[from] item: Flame Orb
|upkeep
|inactive|T8McRae has 30 seconds left.
|
|t:|1755542783
|switch|p1a: Annihilape|Annihilape, L50, F|100/100
|turn|4
|inactive|szilagyigyuszi has 30 seconds left.
|inactive|szilagyigyuszi has 20 seconds left.
|inactive|szilagyigyuszi has 15 seconds left.
|inactive|szilagyigyuszi has 10 seconds left.
|inactive|szilagyigyuszi has 5 seconds left.
|
|t:|1755542836
|move|p2a: Porygon2|Ice Beam|p1a: Annihilape
|-damage|p1a: Annihilape|75/100
|move|p2b: Ursaluna|Facade|p1b: Gholdengo
|-damage|p1b: Gholdengo|0 fnt
|faint|p1b: Gholdengo
|move|p1a: Annihilape|Bulk Up|p1a: Annihilape
|-boost|p1a: Annihilape|atk|1
|-boost|p1a: Annihilape|def|1
|
|-weather|SunnyDay|[upkeep]
|-damage|p2b: Ursaluna|95/100 brn|[from] brn
|upkeep
|
|t:|1755542846
|switch|p1b: Garchomp|Garchomp, L50, M|100/100
|turn|5
|inactive|szilagyigyuszi has 30 seconds left.
|inactive|szilagyigyuszi has 20 seconds left.
|
|t:|1755542882
|move|p1b: Garchomp|Protect|p1b: Garchomp
|-singleturn|p1b: Garchomp|Protect
|move|p2a: Porygon2|Ice Beam|p1b: Garchomp
|-activate|p1b: Garchomp|move: Protect
|move|p2b: Ursaluna|Facade|p1b: Garchomp
|-activate|p1b: Garchomp|move: Protect
|move|p1a: Annihilape|Drain Punch|p2b: Ursaluna
|-supereffective|p2b: Ursaluna
|-damage|p2b: Ursaluna|27/100 brn
|-heal|p1a: Annihilape|100/100|[from] drain|[of] p2b: Ursaluna
|
|-weather|SunnyDay|[upkeep]
|-damage|p2b: Ursaluna|21/100 brn|[from] brn
|-fieldend|move: Trick Room
|upkeep
|turn|6
|
|t:|1755542899
|move|p2b: Ursaluna|Protect|p2b: Ursaluna
|-singleturn|p2b: Ursaluna|Protect
|move|p1b: Garchomp|Earthquake|p2b: Ursaluna|[spread] p1a,p2a
|-activate|p2b: Ursaluna|move: Protect
|-damage|p1a: Annihilape|66/100
|-damage|p2a: Porygon2|56/100
|-damage|p1b: Garchomp|91/100|[from] item: Life Orb
|move|p1a: Annihilape|Drain Punch|p2a: Porygon2
|-supereffective|p2a: Porygon2
|-crit|p2a: Porygon2
|-damage|p2a: Porygon2|0 fnt
|-heal|p1a: Annihilape|91/100|[from] drain|[of] p2a: Porygon2
|faint|p2a: Porygon2
|
|-weather|SunnyDay|[upkeep]
|-damage|p2b: Ursaluna|15/100 brn|[from] brn
|upkeep
|
|t:|1755542910
|switch|p2a: Torkoal|Torkoal, L50, M|22/100
|turn|7
|-message|szilagyigyuszi forfeited.
|
|win|T8McRae
|raw|T8McRae's rating: 1166 → 1199(+33 for winning)
|raw|szilagyigyuszi's rating: 1284 → 1251(-33 for losing)
|c|☆szilagyigyuszi|Gg
|l|☆szilagyigyuszi
|player|p2|
