|j|☆policho98
|j|☆furnoz
|html|policho98furnoz    
|uhtml|bestof|Game 1 of a best-of-3
|t:|1757672771
|gametype|doubles
|player|p1|policho98|pokemonranger|1098
|player|p2|furnoz|102|1201
|gen|9
|tier|[Gen 9] VGC 2025 Reg H (Bo3)
|rated|
|rule|Species Clause: Limit one of each Pokémon
|rule|Item Clause: Limit 1 of each item
|clearpoke
|poke|p1|Gengar, L50, M|
|poke|p1|Sylveon, L50, M|
|poke|p1|Garchomp, L50, M|
|poke|p1|Kingambit, L50, M|
|poke|p1|Torkoal, L50, F|
|poke|p1|Whimsicott, L50, M|
|poke|p2|Espeon, L50, M|
|poke|p2|Indeedee-F, L50, F|
|poke|p2|Pelipper, L50, M|
|poke|p2|Basculegion, L50, M|
|poke|p2|Archaludon, L50, M|
|poke|p2|Gallade, L50, M|
|teampreview|4
|showteam|p1|Gengar||FocusSash|CursedBody|SludgeBomb,ShadowBall,Haze,Protect|||M|||50|,,,,,Stellar]Sylveon||ExpertBelt|Pixilate|HyperBeam,HyperVoice,Moonblast,Protect|||M|||50|,,,,,Steel]Garchomp||LifeOrb|RoughSkin|StompingTantrum,DragonClaw,SwordsDance,Protect|||M|||50|,,,,,Fire]Kingambit||AssaultVest|Defiant|SuckerPunch,KowtowCleave,IronHead,LowKick|||M|||50|,,,,,Fire]Torkoal||Charcoal|Drought|Eruption,HeatWave,EarthPower,SolarBeam|||F|||50|,,,,,Grass]Whimsicott||CovertCloak|Prankster|SunnyDay,Moonblast,Tailwind,Encore|||M|||50|,,,,,Water
|showteam|p2|Espeon||TwistedSpoon|MagicBounce|ExpandingForce,Psychic,DazzlingGleam,Protect|||M|||50|,,,,,Psychic]Indeedee-F||PsychicSeed|PsychicSurge|FollowMe,DazzlingGleam,TrickRoom,HelpingHand|||F|||50|,,,,,Grass]Pelipper||FocusSash|Drizzle|WeatherBall,Hurricane,WideGuard,Tailwind|||M|||50|,,,,,Ghost]Basculegion||ChoiceScarf|Adaptability|WaveCrash,FlipTurn,LastRespects,TeraBlast|||M|||50|,,,,,Fighting]Archaludon||AssaultVest|Stamina|ElectroShot,BodyPress,FlashCannon,DracoMeteor|||M|||50|,,,,,Fairy]Gallade||ClearAmulet|Sharpness|SacredSword,PsychoCut,NightSlash,Protect|||M|||50|,,,,,Dark
|
|t:|1757672802
|teamsize|p1|4
|teamsize|p2|4
|start
|switch|p1a: Sylveon|Sylveon, L50, M|100/100
|switch|p1b: Garchomp|Garchomp, L50, M|100/100
|switch|p2a: Espeon|Espeon, L50, M|100/100
|switch|p2b: Gallade|Gallade, L50, M|100/100
|turn|1
|
|t:|1757672822
|switch|p2b: Indeedee|Indeedee-F, L50, F|100/100
|-fieldstart|move: Psychic Terrain|[from] ability: Psychic Surge|[of] p2b: Indeedee
|-enditem|p2b: Indeedee|Psychic Seed
|-boost|p2b: Indeedee|spd|1|[from] item: Psychic Seed
|-terastallize|p2a: Espeon|Psychic
|move|p2a: Espeon|Expanding Force|p1b: Garchomp|[spread] p1a,p1b
|-damage|p1a: Sylveon|23/100
|-damage|p1b: Garchomp|0 fnt
|faint|p1b: Garchomp
|move|p1a: Sylveon|Hyper Voice|p2a: Espeon|[spread] p2a,p2b
|-damage|p2a: Espeon|47/100
|-damage|p2b: Indeedee|73/100
|
|upkeep
|
|t:|1757672835
|switch|p1b: Gengar|Gengar, L50, M|100/100
|turn|2
|
|t:|1757672849
|move|p1a: Sylveon|Protect|p1a: Sylveon
|-singleturn|p1a: Sylveon|Protect
|move|p2b: Indeedee|Follow Me|p2b: Indeedee
|-singleturn|p2b: Indeedee|move: Follow Me
|move|p1b: Gengar|Shadow Ball|p2b: Indeedee
|-immune|p2b: Indeedee
|move|p2a: Espeon|Expanding Force|p1a: Sylveon|[spread] p1b
|-activate|p1a: Sylveon|move: Protect
|-supereffective|p1b: Gengar
|-enditem|p1b: Gengar|Focus Sash
|-damage|p1b: Gengar|1/100
|-start|p2a: Espeon|Disable|Expanding Force|[from] ability: Cursed Body|[of] p1b: Gengar
|
|upkeep
|turn|3
|
|t:|1757672873
|move|p2b: Indeedee|Follow Me|p2b: Indeedee
|-singleturn|p2b: Indeedee|move: Follow Me
|move|p1b: Gengar|Sludge Bomb|p2b: Indeedee
|-damage|p2b: Indeedee|45/100
|move|p2a: Espeon|Dazzling Gleam|p1a: Sylveon|[spread] p1a,p1b
|-resisted|p1b: Gengar
|-damage|p1a: Sylveon|6/100
|-damage|p1b: Gengar|0 fnt
|faint|p1b: Gengar
|move|p1a: Sylveon|Hyper Voice|p2b: Indeedee|[spread] p2a,p2b
|-damage|p2a: Espeon|0 fnt
|-damage|p2b: Indeedee|19/100
|faint|p2a: Espeon
|
|upkeep
|
|t:|1757672884
|switch|p2a: Gallade|Gallade, L50, M|100/100
|switch|p1b: Torkoal|Torkoal, L50, F|100/100
|-weather|SunnyDay|[from] ability: Drought|[of] p1b: Torkoal
|turn|4
|
|t:|1757672896
|switch|p2b: Pelipper|Pelipper, L50, M|100/100
|-weather|RainDance|[from] ability: Drizzle|[of] p2b: Pelipper
|move|p2a: Gallade|Protect|p2a: Gallade
|-singleturn|p2a: Gallade|Protect
|move|p1a: Sylveon|Protect|p1a: Sylveon
|-singleturn|p1a: Sylveon|Protect
|move|p1b: Torkoal|Heat Wave|p2a: Gallade|[spread] p2b
|-activate|p2a: Gallade|move: Protect
|-resisted|p2b: Pelipper
|-damage|p2b: Pelipper|85/100
|
|-weather|RainDance|[upkeep]
|upkeep
|turn|5
|
|t:|1757672919
|-terastallize|p1b: Torkoal|Grass
|move|p2b: Pelipper|Weather Ball|p1a: Sylveon
|-damage|p1a: Sylveon|0 fnt
|faint|p1a: Sylveon
|move|p2a: Gallade|Psycho Cut|p1b: Torkoal
|-damage|p1b: Torkoal|46/100
|move|p1b: Torkoal|Earth Power|p2a: Gallade
|-damage|p2a: Gallade|77/100
|
|-weather|RainDance|[upkeep]
|-fieldend|move: Psychic Terrain
|upkeep
|turn|6
|
|t:|1757672931
|move|p2b: Pelipper|Hurricane|p1b: Torkoal
|-supereffective|p1b: Torkoal
|-damage|p1b: Torkoal|0 fnt
|faint|p1b: Torkoal
|
|win|furnoz
||policho98 is ready for game 2.
|inactive|furnoz has 30 seconds to confirm battle start!
||furnoz is ready for game 2.
|uhtml|next|Next: Game 2 of 3
|l|☆furnoz
|player|p2|
|l|☆policho98
|player|p1|
