|j|☆kmde
|j|☆r1999 larper
|html|kmder1999 larper    
|uhtml|bestof|Game 2 of a best-of-3
|t:|1785345648
|gametype|doubles
|player|p1|kmde|266|1045
|player|p2|r1999 larper|lucas|1129
|gen|9
|tier|[Gen 9 Champions] VGC 2026 Reg M-B (Bo3)
|rated|
|rule|Species Clause: Limit one of each Pokémon
|rule|Item Clause: Limit 1 of each item
|clearpoke
|poke|p1|Weavile, L50, F|
|poke|p1|Sinistcha, L50|
|poke|p1|Blastoise, L50, F|
|poke|p1|Incineroar, L50, M|
|poke|p1|Maushold-Four, L50|
|poke|p1|Floette-Eternal, L50, F|
|poke|p2|Hydreigon, L50, F|
|poke|p2|Blaziken, L50, M|
|poke|p2|Chimecho, L50, M|
|poke|p2|Rotom-Wash, L50|
|poke|p2|Sinistcha, L50|
|poke|p2|Rhyperior, L50, M|
|teampreview|4
|showteam|p1|Weavile||FocusSash|Pickpocket|FakeOut,TripleAxel,Feint,UpperHand|Jolly||F|||50|]Sinistcha||OccaBerry|Hospitality|MatchaGotcha,RagePowder,Imprison,TrickRoom|Bold|||||50|]Blastoise||Blastoisinite|Torrent|WaterSpout,DarkPulse,ShellSmash,Protect|Modest||F|||50|]Incineroar||SitrusBerry|Intimidate|FakeOut,FlareBlitz,PartingShot,HelpingHand|Careful||M|||50|]Maushold-Four||ChopleBerry|FriendGuard|Feint,FollowMe,Protect,RainDance|Jolly|||||50|]Floette-Eternal||Floettite|FlowerVeil|DazzlingGleam,CalmMind,Moonblast,Protect|Timid||F|||50|
|showteam|p2|Hydreigon||ChoiceScarf|Levitate|EarthPower,DracoMeteor,DarkPulse,Snarl|Modest||F|||50|]Blaziken||Blazikenite|SpeedBoost|FlareBlitz,CloseCombat,Detect,RockSlide|Adamant||M|||50|]Chimecho||Chimechite|Levitate|Psyshock,ShadowBall,Protect,CalmMind|Quiet||M|||50|]Rotom-Wash||Leftovers|Levitate|HydroPump,VoltSwitch,WillOWisp,Thunderbolt|Bold|||||50|]Sinistcha||SitrusBerry|Hospitality|Protect,MatchaGotcha,TrickRoom,RagePowder|Bold|||||50|]Rhyperior||PasshoBerry|SolidRock|Earthquake,RockSlide,Protect,Crunch|Sassy||M|||50|
|inactive|Battle timer is ON: inactive players will automatically lose when time's up. (requested by r1999 larper)
|
|t:|1785345667
|teamsize|p1|4
|teamsize|p2|4
|start
|switch|p1a: Blastoise|Blastoise, L50, F|100/100
|switch|p1b: Incineroar|Incineroar, L50, M|100/100
|switch|p2a: Rotom|Rotom-Wash, L50|100/100
|switch|p2b: Chimecho|Chimecho, L50, M|100/100
|-ability|p1b: Incineroar|Intimidate|boost
|-unboost|p2a: Rotom|atk|1
|-unboost|p2b: Chimecho|atk|1
|turn|1
|
|t:|1785345683
|detailschange|p1a: Blastoise|Blastoise-Mega, L50, F
|-mega|p1a: Blastoise|Blastoise|Blastoisinite
|detailschange|p2b: Chimecho|Chimecho-Mega, L50, M
|-mega|p2b: Chimecho|Chimecho|Chimechite
|move|p1b: Incineroar|Fake Out|p2a: Rotom
|-damage|p2a: Rotom|89/100
|cant|p2a: Rotom|flinch
|move|p1a: Blastoise|Water Spout|p2a: Rotom|[spread] p2a,p2b
|-resisted|p2a: Rotom|1
|-damage|p2a: Rotom|57/100
|-damage|p2b: Chimecho|50/100g
|move|p2b: Chimecho|Calm Mind|p2b: Chimecho
|-boost|p2b: Chimecho|spa|1
|-boost|p2b: Chimecho|spd|1
|
|-heal|p2a: Rotom|63/100|[from] item: Leftovers
|upkeep
|turn|2
|inactive|r1999 larper has 30 seconds left.
|inactive|r1999 larper has 20 seconds left.
|inactive|r1999 larper has 15 seconds left.
|inactive|r1999 larper has 10 seconds left.
|
|t:|1785345730
|move|p1a: Blastoise|Protect|p1a: Blastoise
|-singleturn|p1a: Blastoise|Protect
|move|p2b: Chimecho|Protect|p2b: Chimecho
|-singleturn|p2b: Chimecho|Protect
|move|p2a: Rotom|Volt Switch|p1b: Incineroar
|-damage|p1b: Incineroar|81/100
|
|t:|1785345734
|switch|p2a: Sinistcha|Sinistcha, L50|100/100|[from] Volt Switch
|-heal|p2b: Chimecho|75/100|[from] ability: Hospitality|[of] p2a: Sinistcha
|move|p1b: Incineroar|Parting Shot|p2b: Chimecho
|-activate|p2b: Chimecho|move: Protect
|
|upkeep
|turn|3
|
|t:|1785345749
|move|p1a: Blastoise|Dark Pulse|p2a: Sinistcha
|-supereffective|p2a: Sinistcha|1
|-crit|p2a: Sinistcha
|-damage|p2a: Sinistcha|0 fnt
|faint|p2a: Sinistcha
|move|p1b: Incineroar|Flare Blitz|p2b: Chimecho
|-supereffective|p2b: Chimecho|1
|-damage|p2b: Chimecho|0 fnt
|faint|p2b: Chimecho
|-damage|p1b: Incineroar|59/100|[from] Recoil
|
|upkeep
|
|t:|1785345755
|switch|p2a: Rhyperior|Rhyperior, L50, M|100/100
|switch|p2b: Rotom|Rotom-Wash, L50|63/100
|turn|4
|
|t:|1785345766
|switch|p1b: Maushold|Maushold-Four, L50|100/100
|move|p1a: Blastoise|Protect|p1a: Blastoise
|-singleturn|p1a: Blastoise|Protect
|move|p2b: Rotom|Thunderbolt|p1a: Blastoise
|-activate|p1a: Blastoise|move: Protect
|move|p2a: Rhyperior|Earthquake|p1b: Maushold|[spread] p1b
|-activate|p1a: Blastoise|move: Protect
|-immune|p2b: Rotom|[from] ability: Levitate
|-damage|p1b: Maushold|43/100
|
|-heal|p2b: Rotom|69/100|[from] item: Leftovers
|upkeep
|turn|5
|
|t:|1785345774
|move|p1b: Maushold|Follow Me|p1b: Maushold
|-singleturn|p1b: Maushold|move: Follow Me
|move|p2b: Rotom|Thunderbolt|p1b: Maushold
|-crit|p1b: Maushold
|-damage|p1b: Maushold|0 fnt
|faint|p1b: Maushold
|move|p1a: Blastoise|Water Spout|p2b: Rotom|[spread] p2a,p2b
|-supereffective|p2a: Rhyperior|2
|-enditem|p2a: Rhyperior|Passho Berry|[eat]
|-enditem|p2a: Rhyperior|Passho Berry|[weaken]
|-resisted|p2b: Rotom|1
|-damage|p2a: Rhyperior|10/100
|-damage|p2b: Rotom|38/100
|move|p2a: Rhyperior|Earthquake|p1a: Blastoise|[spread] p1a
|-immune|p2b: Rotom|[from] ability: Levitate
|-damage|p1a: Blastoise|67/100
|
|-heal|p2b: Rotom|44/100|[from] item: Leftovers
|upkeep
|
|t:|1785345777
|switch|p1b: Sinistcha|Sinistcha, L50|100/100
|-heal|p1a: Blastoise|92/100|[from] ability: Hospitality|[of] p1b: Sinistcha
|turn|6
|
|t:|1785345792
|move|p1b: Sinistcha|Rage Powder|p1b: Sinistcha
|-singleturn|p1b: Sinistcha|move: Rage Powder
|move|p2b: Rotom|Thunderbolt|p1b: Sinistcha
|-resisted|p1b: Sinistcha|1
|-damage|p1b: Sinistcha|81/100
|move|p1a: Blastoise|Water Spout|p2b: Rotom|[spread] p2a,p2b
|-supereffective|p2a: Rhyperior|2
|-crit|p2a: Rhyperior
|-resisted|p2b: Rotom|1
|-damage|p2a: Rhyperior|0 fnt
|-damage|p2b: Rotom|15/100
|faint|p2a: Rhyperior
|
|-heal|p2b: Rotom|21/100|[from] item: Leftovers
|upkeep
|turn|7
|
|t:|1785345799
|move|p1b: Sinistcha|Rage Powder|p1b: Sinistcha
|-singleturn|p1b: Sinistcha|move: Rage Powder
|move|p2b: Rotom|Hydro Pump|p1b: Sinistcha
|-resisted|p1b: Sinistcha|1
|-damage|p1b: Sinistcha|59/100
|move|p1a: Blastoise|Dark Pulse|p2b: Rotom
|-damage|p2b: Rotom|0 fnt
|faint|p2b: Rotom
|
|win|kmde
|raw|kmde's rating: 1045 → 1086(+41 for winning)
|raw|r1999 larper's rating: 1129 → 1098(-31 for losing)
