|j|☆Awesome10billion
|j|☆arkanolovecocaina
|html|Awesome10billionarkanolovecocaina    
|uhtml|bestof|Game 1 of a best-of-3
|t:|1757791809
|gametype|doubles
|player|p1|Awesome10billion|169|1077
|player|p2|arkanolovecocaina|miku-ground|1098
|gen|9
|tier|[Gen 9] VGC 2025 Reg H (Bo3)
|rated|
|rule|Species Clause: Limit one of each Pokémon
|rule|Item Clause: Limit 1 of each item
|clearpoke
|poke|p1|Ursaluna-Bloodmoon, L50, M|
|poke|p1|Farigiraf, L50, F|
|poke|p1|Archaludon, L50, F|
|poke|p1|Annihilape, L50, M|
|poke|p1|Whimsicott, L50, M|
|poke|p1|Indeedee, L50, M|
|poke|p2|Quilava, L50, M|
|poke|p2|Annihilape, L50, F|
|poke|p2|Kingambit, L50, F|
|poke|p2|Clefable, L50, M|
|poke|p2|Gyarados, L50, M|
|poke|p2|Hydreigon, L50, M|
|teampreview|4
|showteam|p1|Ursaluna-Bloodmoon||LifeOrb|MindsEye|EarthPower,BloodMoon,HyperVoice,Protect|||M|||50|,,,,,Normal]Farigiraf||ThroatSpray|ArmorTail|Protect,Psychic,TrickRoom,HyperVoice|||F|||50|,,,,,Grass]Archaludon||AssaultVest|Stamina|FlashCannon,Thunderbolt,BodyPress,DragonPulse|||F|||50|,,,,,Fighting]Annihilape||SafetyGoggles|Defiant|RageFist,CloseCombat,Protect,FinalGambit|||M|||50|,,,,,Fairy]Whimsicott||CovertCloak|Prankster|Moonblast,Tailwind,BeatUp,Taunt|||M|||50|,,,,,Dark]Indeedee||ChoiceScarf|PsychicSurge|ExpandingForce,DazzlingGleam,Psychic,HyperVoice|||M|||50|,,,,,Poison
|showteam|p2|Quilava||Eviolite|FlashFire|Protect,Howl,WillOWisp,TemperFlare|||M|||50|,,,,,Dragon]Annihilape||Leftovers|Defiant|Protect,BulkUp,RageFist,DrainPunch|||F|||50|,,,,,Grass]Kingambit||AssaultVest|Defiant|SuckerPunch,KowtowCleave,IronHead,LowKick|||F|||50|,,,,,Fire]Clefable||SitrusBerry|Unaware|Protect,SkillSwap,FollowMe,Moonblast|||M|||50|,,,,,Water]Gyarados||SafetyGoggles|Intimidate|Taunt,Waterfall,ThunderWave,DragonTail|||M|||50|,,,,,Electric]Hydreigon||ChoiceScarf|Levitate|DracoMeteor,Snarl,DarkPulse,Flamethrower|||M|||50|,,,,,Water
|inactive|Battle timer is ON: inactive players will automatically lose when time's up. (requested by Awesome10billion)
|inactive|Awesome10billion has 60 seconds left.
|inactive|arkanolovecocaina has 60 seconds left.
|j| sam smithy
|inactive|Awesome10billion has 30 seconds left.
|
|t:|1757791875
|teamsize|p1|4
|teamsize|p2|4
|start
|switch|p1a: Indeedee|Indeedee, L50, M|100/100
|switch|p1b: Annihilape|Annihilape, L50, M|100/100
|switch|p2a: Yonki DLuffy|Annihilape, L50, F|100/100
|switch|p2b: Ñami|Clefable, L50, M|100/100
|-fieldstart|move: Psychic Terrain|[from] ability: Psychic Surge|[of] p1a: Indeedee
|turn|1
|inactive|Awesome10billion has 30 seconds left.
|inactive|Awesome10billion has 20 seconds left.
|inactive|Awesome10billion has 15 seconds left.
|inactive|Awesome10billion has 10 seconds left.
|inactive|Awesome10billion has 5 seconds left.
|
|t:|1757791928
|move|p2a: Yonki DLuffy|Protect|p2a: Yonki DLuffy
|-singleturn|p2a: Yonki DLuffy|Protect
|move|p2b: Ñami|Protect|p2b: Ñami
|-singleturn|p2b: Ñami|Protect
|move|p1a: Indeedee|Expanding Force|p2b: Ñami|[spread] 
|-activate|p2a: Yonki DLuffy|move: Protect
|-activate|p2b: Ñami|move: Protect
|move|p1b: Annihilape|Rage Fist|p2b: Ñami
|-activate|p2b: Ñami|move: Protect
|
|upkeep
|turn|2
|inactive|Awesome10billion has 30 seconds left.
|
|t:|1757791960
|switch|p2a: DavyDXebec|Hydreigon, L50, M|100/100
|move|p1a: Indeedee|Expanding Force|p2b: Ñami|[spread] p2b
|-immune|p2a: DavyDXebec
|-damage|p2b: Ñami|57/100
|move|p1b: Annihilape|Rage Fist|p2a: DavyDXebec
|-resisted|p2a: DavyDXebec
|-damage|p2a: DavyDXebec|90/100
|move|p2b: Ñami|Moonblast|p1b: Annihilape
|-supereffective|p1b: Annihilape
|-damage|p1b: Annihilape|42/100
|
|upkeep
|turn|3
|
|t:|1757791983
|-terastallize|p1a: Indeedee|Poison
|move|p2b: Ñami|Follow Me|p2b: Ñami
|-singleturn|p2b: Ñami|move: Follow Me
|move|p2a: DavyDXebec|Dark Pulse|p1b: Annihilape
|-damage|p1b: Annihilape|5/100
|move|p1a: Indeedee|Expanding Force|p2a: DavyDXebec|[spread] p2b
|-immune|p2a: DavyDXebec
|-damage|p2b: Ñami|7/100
|-enditem|p2b: Ñami|Sitrus Berry|[eat]
|-heal|p2b: Ñami|32/100|[from] item: Sitrus Berry
|move|p1b: Annihilape|Close Combat|p2b: Ñami
|-resisted|p2b: Ñami
|-damage|p2b: Ñami|11/100
|-unboost|p1b: Annihilape|def|1
|-unboost|p1b: Annihilape|spd|1
|
|upkeep
|turn|4
|
|t:|1757792000
|switch|p2b: RoronoaPorro|Kingambit, L50, F|100/100
|move|p1b: Annihilape|Protect|p1b: Annihilape
|-singleturn|p1b: Annihilape|Protect
|move|p2a: DavyDXebec|Dark Pulse|p1b: Annihilape
|-activate|p1b: Annihilape|move: Protect
|move|p1a: Indeedee|Expanding Force|p2b: RoronoaPorro|[spread] 
|-immune|p2a: DavyDXebec
|-immune|p2b: RoronoaPorro
|
|upkeep
|turn|5
|
|t:|1757792024
|switch|p1a: Archaludon|Archaludon, L50, F|100/100
|move|p2a: DavyDXebec|Dark Pulse|p1b: Annihilape
|-damage|p1b: Annihilape|0 fnt
|faint|p1b: Annihilape
|move|p2b: RoronoaPorro|Iron Head|p1a: Archaludon
|-resisted|p1a: Archaludon
|-damage|p1a: Archaludon|82/100
|-ability|p1a: Archaludon|Stamina|boost
|-boost|p1a: Archaludon|def|1
|
|-fieldend|move: Psychic Terrain
|upkeep
|
|t:|1757792035
|switch|p1b: Indeedee|Indeedee, L50, M, tera:Poison|100/100
|-fieldstart|move: Psychic Terrain|[from] ability: Psychic Surge|[of] p1b: Indeedee
|turn|6
|inactive|arkanolovecocaina has 30 seconds left.
|inactive|arkanolovecocaina has 20 seconds left.
|inactive|arkanolovecocaina has 15 seconds left.
|inactive|arkanolovecocaina has 10 seconds left.
|inactive|arkanolovecocaina has 5 seconds left.
|
|t:|1757792085
|switch|p2b: Ñami|Clefable, L50, M|11/100
|-terastallize|p2a: DavyDXebec|Water
|move|p2a: DavyDXebec|Dark Pulse|p1b: Indeedee
|-damage|p1b: Indeedee|52/100
|move|p1b: Indeedee|Dazzling Gleam|p2a: DavyDXebec|[spread] p2a,p2b
|-damage|p2a: DavyDXebec|73/100
|-damage|p2b: Ñami|0 fnt
|faint|p2b: Ñami
|move|p1a: Archaludon|Body Press|p2a: DavyDXebec
|-damage|p2a: DavyDXebec|31/100
|
|upkeep
|
|t:|1757792096
|switch|p2b: Yonki DLuffy|Annihilape, L50, F|100/100
|turn|7
|
|t:|1757792111
|move|p2a: DavyDXebec|Dark Pulse|p1a: Archaludon
|-damage|p1a: Archaludon|38/100
|-ability|p1a: Archaludon|Stamina|boost
|-boost|p1a: Archaludon|def|1
|move|p1b: Indeedee|Dazzling Gleam|p2b: Yonki DLuffy|[spread] p2a,p2b
|-supereffective|p2b: Yonki DLuffy
|-damage|p2a: DavyDXebec|14/100
|-damage|p2b: Yonki DLuffy|71/100
|cant|p1a: Archaludon|flinch
|move|p2b: Yonki DLuffy|Rage Fist|p1b: Indeedee
|-damage|p1b: Indeedee|0 fnt
|faint|p1b: Indeedee
|
|-heal|p2b: Yonki DLuffy|77/100|[from] item: Leftovers
|upkeep
|
|t:|1757792125
|switch|p1b: Ursaluna|Ursaluna-Bloodmoon, L50, M|100/100
|turn|8
|
|t:|1757792140
|move|p2b: Yonki DLuffy|Protect|p2b: Yonki DLuffy
|-singleturn|p2b: Yonki DLuffy|Protect
|move|p2a: DavyDXebec|Dark Pulse|p1a: Archaludon
|-damage|p1a: Archaludon|0 fnt
|faint|p1a: Archaludon
|move|p1b: Ursaluna|Hyper Voice|p2b: Yonki DLuffy|[spread] p2a
|-activate|p2b: Yonki DLuffy|move: Protect
|-damage|p2a: DavyDXebec|0 fnt
|faint|p2a: DavyDXebec
|-damage|p1b: Ursaluna|91/100|[from] item: Life Orb
|
|-heal|p2b: Yonki DLuffy|83/100|[from] item: Leftovers
|upkeep
|
|t:|1757792154
|switch|p2a: RoronoaPorro|Kingambit, L50, F|100/100
|turn|9
|
|t:|1757792160
|move|p2b: Yonki DLuffy|Drain Punch|p1b: Ursaluna
|-supereffective|p1b: Ursaluna
|-damage|p1b: Ursaluna|37/100
|-heal|p2b: Yonki DLuffy|100/100|[from] drain|[of] p1b: Ursaluna
|move|p1b: Ursaluna|Earth Power|p2a: RoronoaPorro
|-supereffective|p2a: RoronoaPorro
|-damage|p2a: RoronoaPorro|11/100
|-damage|p1b: Ursaluna|27/100|[from] item: Life Orb
|move|p2a: RoronoaPorro|Low Kick|p1b: Ursaluna
|-supereffective|p1b: Ursaluna
|-damage|p1b: Ursaluna|0 fnt
|faint|p1b: Ursaluna
|
|win|arkanolovecocaina
|inactive|Awesome10billion has 30 seconds to confirm battle start!
|inactive|arkanolovecocaina has 30 seconds to confirm battle start!
||Awesome10billion is ready for game 2.
||arkanolovecocaina is ready for game 2.
|uhtml|next|Next: Game 2 of 3
