|j|☆veryreally
|j|☆psychic system
|html|veryreallypsychic system    
|uhtml|bestof|Game 2 of a best-of-3
|t:|1757854221
|gametype|doubles
|player|p1|veryreally|2|1127
|player|p2|psychic system|dawn|1141
|gen|9
|tier|[Gen 9] VGC 2025 Reg H (Bo3)
|rated|
|rule|Species Clause: Limit one of each Pokémon
|rule|Item Clause: Limit 1 of each item
|clearpoke
|poke|p1|Baxcalibur, L50, F|
|poke|p1|Dondozo, L50, M|
|poke|p1|Kingambit, L50, M|
|poke|p1|Rillaboom, L50, M|
|poke|p1|Sneasler, L50, F|
|poke|p1|Volcarona, L50, M|
|poke|p2|Incineroar, L50, M|
|poke|p2|Florges, L50, F|
|poke|p2|Amoonguss, L50, F|
|poke|p2|Pelipper, L50, M|
|poke|p2|Garchomp, L50, F|
|poke|p2|Rillaboom, L50, F|
|teampreview|4
|showteam|p1|Baxcalibur||LoadedDice|ThermalExchange|IcicleSpear,ScaleShot,Protect,IceShard|||F|||50|,,,,,Ghost]Dondozo||Leftovers|Unaware|Liquidation,Fissure,Protect,Yawn|||M|||50|,,,,,Bug]Kingambit||SafetyGoggles|Defiant|KowtowCleave,SuckerPunch,Protect,SwordsDance|||M|||50|,,,,,Dark]Rillaboom||AssaultVest|GrassySurge|FakeOut,GrassyGlide,HighHorsepower,WoodHammer|||M|||50|,,,,,Water]Sneasler||FocusSash|Unburden|DireClaw,CloseCombat,Protect,Coaching|||F|||50|,,,,,Stellar]Volcarona||CovertCloak|FlameBody|HeatWave,TeraBlast,RagePowder,QuiverDance|||M|||50|,,,,,Fairy
|showteam|p2|Incineroar||SafetyGoggles|Intimidate|FakeOut,KnockOff,FlareBlitz,PartingShot|||M|||50|,,,,,Ghost]Florges||Leftovers|FlowerVeil|Moonblast,DazzlingGleam,CalmMind,Protect|||F|||50|,,,,,Poison]Amoonguss||SitrusBerry|Regenerator|ClearSmog,Spore,PollenPuff,RagePowder|||F|||50|,,,,,Water]Pelipper||ChoiceScarf|Drizzle|MuddyWater,Hurricane,Tailwind,WeatherBall|||M|||50|,,,,,Water]Garchomp||LifeOrb|RoughSkin|StompingTantrum,DragonClaw,Earthquake,Protect|||F|||50|,,,,,Poison]Rillaboom||AssaultVest|GrassySurge|DrumBeating,GrassyGlide,HighHorsepower,FakeOut|||F|||50|,,,,,Fire
|inactive|Battle timer is ON: inactive players will automatically lose when time's up. (requested by psychic system)
|inactive|veryreally has 60 seconds left.
|inactive|psychic system has 60 seconds left.
|
|t:|1757854264
|teamsize|p1|4
|teamsize|p2|4
|start
|switch|p1a: Rillaboom|Rillaboom, L50, M|100/100
|switch|p1b: Baxcalibur|Baxcalibur, L50, F|100/100
|switch|p2a: Florges|Florges, L50, F|100/100
|switch|p2b: Amoonguss|Amoonguss, L50, F|100/100
|-fieldstart|move: Grassy Terrain|[from] ability: Grassy Surge|[of] p1a: Rillaboom
|turn|1
|inactive|psychic system has 30 seconds left.
|
|t:|1757854292
|switch|p2b: Incineroar|Incineroar, L50, M|100/100
|-ability|p2b: Incineroar|Intimidate|boost
|-unboost|p1a: Rillaboom|atk|1
|-unboost|p1b: Baxcalibur|atk|1
|move|p1a: Rillaboom|Fake Out|p2a: Florges
|-damage|p2a: Florges|91/100
|move|p1b: Baxcalibur|Icicle Spear|p2b: Incineroar
|-resisted|p2b: Incineroar
|-damage|p2b: Incineroar|96/100
|-resisted|p2b: Incineroar
|-damage|p2b: Incineroar|92/100
|-resisted|p2b: Incineroar
|-damage|p2b: Incineroar|87/100
|-resisted|p2b: Incineroar
|-damage|p2b: Incineroar|83/100
|-resisted|p2b: Incineroar
|-damage|p2b: Incineroar|78/100
|-hitcount|p2b: Incineroar|5
|cant|p2a: Florges|flinch
|
|-heal|p2a: Florges|97/100|[from] Grassy Terrain
|-heal|p2a: Florges|100/100|[from] item: Leftovers
|-heal|p2b: Incineroar|84/100|[from] Grassy Terrain
|upkeep
|turn|2
|inactive|psychic system has 30 seconds left.
|
|t:|1757854323
|switch|p1b: Dondozo|Dondozo, L50, M|100/100
|move|p1a: Rillaboom|High Horsepower|p2b: Incineroar
|-supereffective|p2b: Incineroar
|-damage|p2b: Incineroar|45/100
|move|p2a: Florges|Calm Mind|p2a: Florges
|-boost|p2a: Florges|spa|1
|-boost|p2a: Florges|spd|1
|move|p2b: Incineroar|Parting Shot|p1a: Rillaboom
|-unboost|p1a: Rillaboom|atk|1
|-unboost|p1a: Rillaboom|spa|1
|
|t:|1757854334
|switch|p2b: Amoonguss|Amoonguss, L50, F|100/100|[from] Parting Shot
|
|upkeep
|turn|3
|
|t:|1757854357
|switch|p1a: Baxcalibur|Baxcalibur, L50, F|100/100
|move|p2a: Florges|Dazzling Gleam|p1a: Baxcalibur|[spread] p1a,p1b
|-supereffective|p1a: Baxcalibur
|-damage|p1a: Baxcalibur|24/100
|-damage|p1b: Dondozo|84/100
|move|p1b: Dondozo|Yawn|p2b: Amoonguss
|-block|p2b: Amoonguss|ability: Flower Veil|[of] p2a: Florges
|move|p2b: Amoonguss|Spore|p1b: Dondozo
|-status|p1b: Dondozo|slp|[from] move: Spore
|
|-heal|p1a: Baxcalibur|31/100|[from] Grassy Terrain
|-heal|p1b: Dondozo|90/100 slp|[from] Grassy Terrain
|-heal|p1b: Dondozo|96/100 slp|[from] item: Leftovers
|upkeep
|turn|4
|
|t:|1757854375
|switch|p2b: Incineroar|Incineroar, L50, M|45/100
|-ability|p2b: Incineroar|Intimidate|boost
|-unboost|p1a: Baxcalibur|atk|1
|-unboost|p1b: Dondozo|atk|1
|move|p1a: Baxcalibur|Icicle Spear|p2b: Incineroar
|-resisted|p2b: Incineroar
|-damage|p2b: Incineroar|40/100
|-resisted|p2b: Incineroar
|-crit|p2b: Incineroar
|-damage|p2b: Incineroar|30/100
|-resisted|p2b: Incineroar
|-damage|p2b: Incineroar|25/100
|-resisted|p2b: Incineroar
|-damage|p2b: Incineroar|21/100
|-resisted|p2b: Incineroar
|-damage|p2b: Incineroar|17/100
|-hitcount|p2b: Incineroar|5
|move|p2a: Florges|Dazzling Gleam|p1a: Baxcalibur|[spread] p1a,p1b
|-supereffective|p1a: Baxcalibur
|-damage|p1a: Baxcalibur|0 fnt
|-damage|p1b: Dondozo|79/100 slp
|faint|p1a: Baxcalibur
|cant|p1b: Dondozo|slp
|
|-heal|p2b: Incineroar|23/100|[from] Grassy Terrain
|-heal|p1b: Dondozo|85/100 slp|[from] Grassy Terrain
|-heal|p1b: Dondozo|91/100 slp|[from] item: Leftovers
|upkeep
|
|t:|1757854378
|switch|p1a: Rillaboom|Rillaboom, L50, M|100/100
|turn|5
|inactive|psychic system has 30 seconds left.
|
|t:|1757854407
|move|p2b: Incineroar|Fake Out|p1a: Rillaboom
|-damage|p1a: Rillaboom|89/100
|cant|p1a: Rillaboom|flinch
|move|p2a: Florges|Moonblast|p1a: Rillaboom
|-damage|p1a: Rillaboom|51/100
|-unboost|p1a: Rillaboom|spa|1
|cant|p1b: Dondozo|slp
|
|-heal|p1a: Rillaboom|57/100|[from] Grassy Terrain
|-heal|p2b: Incineroar|29/100|[from] Grassy Terrain
|-heal|p1b: Dondozo|97/100 slp|[from] Grassy Terrain
|-heal|p1b: Dondozo|100/100 slp|[from] item: Leftovers
|-fieldend|move: Grassy Terrain
|upkeep
|turn|6
|
|t:|1757854426
|switch|p2b: Amoonguss|Amoonguss, L50, F|100/100
|move|p1a: Rillaboom|High Horsepower|p2b: Amoonguss
|-damage|p2b: Amoonguss|74/100
|move|p2a: Florges|Moonblast|p1a: Rillaboom
|-damage|p1a: Rillaboom|16/100
|cant|p1b: Dondozo|slp
|
|upkeep
|turn|7
|
|t:|1757854438
|switch|p1a: Kingambit|Kingambit, L50, M|100/100
|move|p2a: Florges|Dazzling Gleam|p1a: Kingambit|[spread] p1a,p1b
|-damage|p1a: Kingambit|61/100
|-damage|p1b: Dondozo|83/100 slp
|-curestatus|p1b: Dondozo|slp|[msg]
|move|p1b: Dondozo|Yawn|p2a: Florges
|-start|p2a: Florges|move: Yawn|[of] p1b: Dondozo
|move|p2b: Amoonguss|Spore|p1b: Dondozo
|-status|p1b: Dondozo|slp|[from] move: Spore
|
|-heal|p1b: Dondozo|89/100 slp|[from] item: Leftovers
|upkeep
|turn|8
|-message|veryreally forfeited.
|
|win|psychic system
|raw|veryreally's rating: 1127 → 1103(-24 for losing)
|raw|psychic system's rating: 1141 → 1165(+24 for winning)
|l|☆veryreally
|player|p1|
