|j|☆ground tera
|j|☆ToastedArt
|html|ground teraToastedArt    
|uhtml|bestof|Game 1 of a best-of-3
|t:|1784316241
|gametype|doubles
|player|p1|ground tera|2|1191
|player|p2|ToastedArt|iris|1160
|gen|9
|tier|[Gen 9 Champions] VGC 2026 Reg M-B (Bo3)
|rated|
|rule|Species Clause: Limit one of each Pokémon
|rule|Item Clause: Limit 1 of each item
|clearpoke
|poke|p1|Garchomp, L50, F|
|poke|p1|Venusaur, L50, F|
|poke|p1|Incineroar, L50, M|
|poke|p1|Charizard, L50, F|
|poke|p1|Toxapex, L50, F|
|poke|p1|Annihilape, L50, F|
|poke|p2|Sinistcha, L50, shiny|
|poke|p2|Hydreigon, L50, M, shiny|
|poke|p2|Sneasler, L50, M|
|poke|p2|Talonflame, L50, F, shiny|
|poke|p2|Gholdengo, L50|
|poke|p2|Falinks, L50, shiny|
|teampreview|4
|showteam|p1|Garchomp||ChoiceScarf|RoughSkin|Earthquake,DragonClaw,StompingTantrum,RockSlide|Adamant||F|||50|]Venusaur||LifeOrb|Chlorophyll|SolarBeam,SludgeBomb,EarthPower,Protect|Modest||F|||50|]Incineroar||SitrusBerry|Intimidate|FlareBlitz,ThroatChop,FakeOut,PartingShot|Impish||M|||50|]Charizard||CharizarditeY|Blaze|HeatWave,WeatherBall,HelpingHand,Protect|Modest||F|||50|]Toxapex||Leftovers|Regenerator|Infestation,Toxic,WideGuard,BanefulBunker|Bold||F|||50|]Annihilape||FocusSash|Defiant|CloseCombat,PhantomForce,RockTomb,Protect|Jolly||F|||50|
|showteam|p2|Sinistcha||SitrusBerry|Hospitality|MatchaGotcha,LifeDew,RagePowder,Imprison|Bold|||||50|]Hydreigon||ChoiceScarf|Levitate|Snarl,DarkPulse,EarthPower,DracoMeteor|Modest||M|||50|]Sneasler||FocusSash|PoisonTouch|FakeOut,PoisonJab,CloseCombat,QuickGuard|Jolly||M|||50|]Talonflame||SharpBeak|GaleWings|Tailwind,Acrobatics,DualWingbeat,Taunt|Jolly||F|||50|]Gholdengo||LifeOrb|GoodasGold|ShadowBall,MakeItRain,NastyPlot,PowerGem|Timid|||||50|]Falinks||Falinksite|Defiant|NoRetreat,SwordsDance,CloseCombat,Protect|Adamant|||||50|
|inactive|Battle timer is ON: inactive players will automatically lose when time's up. (requested by ToastedArt)
|inactive|ground tera also wants the timer to be on.
|inactive|ground tera has 60 seconds left.
|inactive|ToastedArt has 60 seconds left.
|inactive|ground tera has 30 seconds left.
|inactive|ToastedArt has 30 seconds left.
|inactive|ToastedArt has 20 seconds left.
|inactive|ToastedArt has 15 seconds left.
|inactive|ToastedArt has 10 seconds left.
|inactive|ToastedArt has 5 seconds left.
|
|t:|1784316329
|teamsize|p1|4
|teamsize|p2|4
|start
|switch|p1a: Charizard|Charizard, L50, F|100/100
|switch|p1b: Toxapex|Toxapex, L50, F|100/100
|switch|p2a: Talonflame|Talonflame, L50, F, shiny|100/100
|switch|p2b: Hydreigon|Hydreigon, L50, M, shiny|100/100
|turn|1
|
|t:|1784316353
|detailschange|p1a: Charizard|Charizard-Mega-Y, L50, F
|-mega|p1a: Charizard|Charizard|Charizardite Y
|-weather|SunnyDay|[from] ability: Drought|[of] p1a: Charizard
|move|p2b: Hydreigon|Draco Meteor|p1a: Charizard
|-damage|p1a: Charizard|38/100
|-unboost|p2b: Hydreigon|spa|2
|move|p2a: Talonflame|Taunt|p1b: Toxapex
|-start|p1b: Toxapex|move: Taunt
|move|p1a: Charizard|Weather Ball|p2a: Talonflame
|-resisted|p2a: Talonflame|1
|-damage|p2a: Talonflame|28/100
|move|p1b: Toxapex|Infestation|p2b: Hydreigon
|-supereffective|p2b: Hydreigon|1
|-damage|p2b: Hydreigon|92/100
|-activate|p2b: Hydreigon|move: Infestation|[of] p1b: Toxapex
|
|-weather|SunnyDay|[upkeep]
|-damage|p2b: Hydreigon|80/100|[from] move: Infestation|[partiallytrapped]
|upkeep
|turn|2
|
|t:|1784316371
|move|p1a: Charizard|Protect|p1a: Charizard
|-singleturn|p1a: Charizard|Protect
|move|p2b: Hydreigon|Draco Meteor|p1a: Charizard
|-activate|p1a: Charizard|move: Protect
|move|p2a: Talonflame|Tailwind|p2a: Talonflame
|-sidestart|p2: ToastedArt|move: Tailwind
|move|p1b: Toxapex|Infestation|p2a: Talonflame
|-resisted|p2a: Talonflame|2
|-damage|p2a: Talonflame|27/100
|-activate|p2a: Talonflame|move: Infestation|[of] p1b: Toxapex
|
|-weather|SunnyDay|[upkeep]
|-damage|p2b: Hydreigon|68/100|[from] move: Infestation|[partiallytrapped]
|-damage|p2a: Talonflame|14/100|[from] move: Infestation|[partiallytrapped]
|upkeep
|turn|3
|inactive|ToastedArt has 30 seconds left.
|inactive|ToastedArt has 20 seconds left.
|
|t:|1784316411
|move|p1a: Charizard|Helping Hand|p1b: Toxapex
|-singleturn|p1b: Toxapex|Helping Hand|[of] p1a: Charizard
|move|p2b: Hydreigon|Draco Meteor|p1a: Charizard
|-damage|p1a: Charizard|8/100
|-unboost|p2b: Hydreigon|spa|2
|move|p2a: Talonflame|Dual Wingbeat|p1a: Charizard|[miss]
|-miss|p2a: Talonflame|p1a: Charizard
|move|p1b: Toxapex|Infestation|p2b: Hydreigon
|-supereffective|p2b: Hydreigon|1
|-damage|p2b: Hydreigon|58/100
|
|-weather|SunnyDay|[upkeep]
|-damage|p2b: Hydreigon|46/100|[from] move: Infestation|[partiallytrapped]
|-damage|p2a: Talonflame|2/100|[from] move: Infestation|[partiallytrapped]
|-end|p1b: Toxapex|move: Taunt
|upkeep
|turn|4
|inactive|ground tera has 30 seconds left.
|inactive|ToastedArt has 30 seconds left.
|
|t:|1784316444
|move|p1a: Charizard|Protect|p1a: Charizard
|-singleturn|p1a: Charizard|Protect
|move|p1b: Toxapex|Baneful Bunker|p1b: Toxapex
|-singleturn|p1b: Toxapex|move: Protect
|move|p2b: Hydreigon|Draco Meteor|p1a: Charizard
|-activate|p1a: Charizard|move: Protect
|move|p2a: Talonflame|Dual Wingbeat|p1a: Charizard
|-activate|p1a: Charizard|move: Protect
|
|-weather|SunnyDay|[upkeep]
|-damage|p2b: Hydreigon|33/100|[from] move: Infestation|[partiallytrapped]
|-damage|p2a: Talonflame|0 fnt|[from] move: Infestation|[partiallytrapped]
|faint|p2a: Talonflame
|upkeep
|
|t:|1784316450
|switch|p2a: Gholdengo|Gholdengo, L50|100/100
|turn|5
|
|t:|1784316467
|move|p1a: Charizard|Helping Hand|p1b: Toxapex
|-singleturn|p1b: Toxapex|Helping Hand|[of] p1a: Charizard
|move|p2b: Hydreigon|Draco Meteor|p1a: Charizard
|-damage|p1a: Charizard|0 fnt
|-unboost|p2b: Hydreigon|spa|2
|faint|p1a: Charizard
|move|p2a: Gholdengo|Nasty Plot|p2a: Gholdengo
|-boost|p2a: Gholdengo|spa|2
|move|p1b: Toxapex|Infestation|p2a: Gholdengo
|-resisted|p2a: Gholdengo|2
|-damage|p2a: Gholdengo|98/100
|-activate|p2a: Gholdengo|move: Infestation|[of] p1b: Toxapex
|
|-weather|none
|-damage|p2b: Hydreigon|21/100|[from] move: Infestation|[partiallytrapped]
|-damage|p2a: Gholdengo|86/100|[from] move: Infestation|[partiallytrapped]
|-sideend|p2: ToastedArt|move: Tailwind
|upkeep
|
|t:|1784316490
|switch|p1a: Annihilape|Annihilape, L50, F|100/100
|turn|6
|
|t:|1784316508
|move|p1b: Toxapex|Baneful Bunker|p1b: Toxapex
|-singleturn|p1b: Toxapex|move: Protect
|move|p2b: Hydreigon|Draco Meteor|p1a: Annihilape
|-damage|p1a: Annihilape|80/100
|move|p1a: Annihilape|Phantom Force||[still]
|-prepare|p1a: Annihilape|Phantom Force
|move|p2a: Gholdengo|Shadow Ball|p1a: Annihilape|[miss]
|-miss|p2a: Gholdengo|p1a: Annihilape
|
|-end|p2b: Hydreigon|Infestation|[partiallytrapped]
|-damage|p2a: Gholdengo|74/100|[from] move: Infestation|[partiallytrapped]
|upkeep
|turn|7
|
|t:|1784316524
|switch|p2a: Sinistcha|Sinistcha, L50, shiny|100/100
|-heal|p2b: Hydreigon|46/100|[from] ability: Hospitality|[of] p2a: Sinistcha
|move|p2b: Hydreigon|Draco Meteor|p1a: Annihilape|[miss]
|-miss|p2b: Hydreigon|p1a: Annihilape
|move|p1a: Annihilape|Phantom Force|p2a: Sinistcha|[from] lockedmove
|-supereffective|p2a: Sinistcha|1
|-damage|p2a: Sinistcha|28/100
|-enditem|p2a: Sinistcha|Sitrus Berry|[eat]
|-heal|p2a: Sinistcha|52/100|[from] item: Sitrus Berry
|move|p1b: Toxapex|Infestation|p2b: Hydreigon
|-supereffective|p2b: Hydreigon|1
|-damage|p2b: Hydreigon|39/100
|-activate|p2b: Hydreigon|move: Infestation|[of] p1b: Toxapex
|
|-damage|p2b: Hydreigon|26/100|[from] move: Infestation|[partiallytrapped]
|upkeep
|turn|8
|
|t:|1784316541
|move|p2b: Hydreigon|Draco Meteor|p1a: Annihilape
|-crit|p1a: Annihilape
|-damage|p1a: Annihilape|0 fnt
|faint|p1a: Annihilape
|move|p2a: Sinistcha|Matcha Gotcha|p1b: Toxapex
|-damage|p1b: Toxapex|73/100
|-heal|p2a: Sinistcha|64/100|[from] drain|[of] p1b: Toxapex
|move|p1b: Toxapex|Toxic|p2b: Hydreigon
|-status|p2b: Hydreigon|tox
|
|-heal|p1b: Toxapex|78/100|[from] item: Leftovers
|-damage|p2b: Hydreigon|20/100y tox|[from] psn
|-damage|p2b: Hydreigon|8/100 tox|[from] move: Infestation|[partiallytrapped]
|upkeep
|
|t:|1784316545
|switch|p1a: Garchomp|Garchomp, L50, F|100/100
|turn|9
|
|t:|1784316569
|move|p1a: Garchomp|Stomping Tantrum|p2a: Sinistcha
|-resisted|p2a: Sinistcha|1
|-damage|p2a: Sinistcha|48/100
|-activate|p2b: Hydreigon|move: Struggle
|move|p2b: Hydreigon|Struggle|p1b: Toxapex
|-damage|p1b: Toxapex|71/100
|-damage|p2b: Hydreigon|0 fnt|[from] recoil
|faint|p2b: Hydreigon
|move|p2a: Sinistcha|Life Dew|p2a: Sinistcha
|-heal|p2a: Sinistcha|73/100
|move|p1b: Toxapex|Infestation|p2a: Sinistcha
|-damage|p2a: Sinistcha|70/100
|-activate|p2a: Sinistcha|move: Infestation|[of] p1b: Toxapex
|
|-heal|p1b: Toxapex|77/100|[from] item: Leftovers
|-damage|p2a: Sinistcha|57/100|[from] move: Infestation|[partiallytrapped]
|upkeep
|
|t:|1784316572
|switch|p2b: Gholdengo|Gholdengo, L50|74/100
|turn|10
|
|t:|1784316593
|move|p2a: Sinistcha|Rage Powder|p2a: Sinistcha
|-singleturn|p2a: Sinistcha|move: Rage Powder
|move|p1a: Garchomp|Stomping Tantrum|p2a: Sinistcha
|-resisted|p2a: Sinistcha|1
|-damage|p2a: Sinistcha|42/100
|move|p2b: Gholdengo|Shadow Ball|p1a: Garchomp
|-damage|p1a: Garchomp|44/100
|-damage|p2b: Gholdengo|64/100|[from] item: Life Orb
|move|p1b: Toxapex|Toxic|p2a: Sinistcha
|-status|p2a: Sinistcha|tox
|
|-heal|p1b: Toxapex|82/100|[from] item: Leftovers
|-damage|p2a: Sinistcha|36/100 tox|[from] psn
|-damage|p2a: Sinistcha|24/100 tox|[from] move: Infestation|[partiallytrapped]
|upkeep
|turn|11
|
|t:|1784316610
|move|p2a: Sinistcha|Rage Powder|p2a: Sinistcha
|-singleturn|p2a: Sinistcha|move: Rage Powder
|move|p1a: Garchomp|Stomping Tantrum|p2a: Sinistcha
|-resisted|p2a: Sinistcha|1
|-damage|p2a: Sinistcha|8/100 tox
|move|p2b: Gholdengo|Shadow Ball|p1a: Garchomp
|-damage|p1a: Garchomp|0 fnt
|faint|p1a: Garchomp
|-damage|p2b: Gholdengo|54/100|[from] item: Life Orb
|move|p1b: Toxapex|Infestation|p2a: Sinistcha
|-damage|p2a: Sinistcha|5/100 tox
|
|-heal|p1b: Toxapex|88/100|[from] item: Leftovers
|-damage|p2a: Sinistcha|0 fnt|[from] psn
|faint|p2a: Sinistcha
|upkeep
|turn|12
|
|t:|1784316619
|move|p2b: Gholdengo|Nasty Plot|p2b: Gholdengo
|-boost|p2b: Gholdengo|spa|2
|move|p1b: Toxapex|Infestation|p2b: Gholdengo
|-resisted|p2b: Gholdengo|2
|-damage|p2b: Gholdengo|54/100
|-activate|p2b: Gholdengo|move: Infestation|[of] p1b: Toxapex
|
|-heal|p1b: Toxapex|94/100|[from] item: Leftovers
|-damage|p2b: Gholdengo|42/100|[from] move: Infestation|[partiallytrapped]
|upkeep
|turn|13
|
|t:|1784316631
|move|p2b: Gholdengo|Shadow Ball|p1b: Toxapex
|-damage|p1b: Toxapex|8/100
|-unboost|p1b: Toxapex|spd|1
|-damage|p2b: Gholdengo|32/100|[from] item: Life Orb
|move|p1b: Toxapex|Infestation|p2b: Gholdengo
|-resisted|p2b: Gholdengo|2
|-damage|p2b: Gholdengo|31/100
|
|-heal|p1b: Toxapex|14/100|[from] item: Leftovers
|-damage|p2b: Gholdengo|19/100|[from] move: Infestation|[partiallytrapped]
|upkeep
|turn|14
|
|t:|1784316641
|move|p1b: Toxapex|Baneful Bunker|p1b: Toxapex
|-singleturn|p1b: Toxapex|move: Protect
|move|p2b: Gholdengo|Shadow Ball|p1b: Toxapex
|-activate|p1b: Toxapex|move: Protect
|
|-heal|p1b: Toxapex|20/100y|[from] item: Leftovers
|-damage|p2b: Gholdengo|7/100|[from] move: Infestation|[partiallytrapped]
|upkeep
|turn|15
|
|t:|1784316646
|move|p1b: Toxapex|Baneful Bunker|p1b: Toxapex
|-singleturn|p1b: Toxapex|move: Protect
|move|p2b: Gholdengo|Shadow Ball|p1b: Toxapex
|-activate|p1b: Toxapex|move: Protect
|
|-heal|p1b: Toxapex|26/100|[from] item: Leftovers
|-damage|p2b: Gholdengo|0 fnt|[from] move: Infestation|[partiallytrapped]
|faint|p2b: Gholdengo
|
|win|ground tera
