|j|☆Saladcookies
|j|☆wingblade33
|html|Saladcookieswingblade33    
|uhtml|bestof|Game 3 of a best-of-3
|t:|1784303193
|gametype|doubles
|player|p1|Saladcookies|janitor|1133
|player|p2|wingblade33|170|1282
|gen|9
|tier|[Gen 9 Champions] VGC 2026 Reg M-B (Bo3)
|rated|
|rule|Species Clause: Limit one of each Pokémon
|rule|Item Clause: Limit 1 of each item
|clearpoke
|poke|p1|Sneasler, L50, M|
|poke|p1|Blastoise, L50, M|
|poke|p1|Maushold, L50|
|poke|p1|Incineroar, L50, M|
|poke|p1|Delphox, L50, F|
|poke|p1|Sinistcha, L50|
|poke|p2|Tyranitar, L50, M|
|poke|p2|Incineroar, L50, F|
|poke|p2|Sinistcha, L50|
|poke|p2|Gholdengo, L50|
|poke|p2|Excadrill, L50, F|
|poke|p2|Staraptor, L50, M|
|teampreview|4
|showteam|p1|Sneasler||FocusSash|PoisonTouch|PoisonJab,CloseCombat,FakeOut,QuickGuard|Jolly||M|||50|]Blastoise||Blastoisinite|RainDish|DarkPulse,WaterSpout,ShellSmash,Protect|Modest||M|||50|]Maushold||ChopleBerry|FriendGuard|Feint,FollowMe,Taunt,Protect|Impish|||||50|]Incineroar||SitrusBerry|Intimidate|FlareBlitz,ThroatChop,PartingShot,FakeOut|Careful||M|||50|]Delphox||Delphoxite|Blaze|HeatWave,NastyPlot,Psychic,Protect|Modest||F|||50|]Sinistcha||KasibBerry|Hospitality|MatchaGotcha,RagePowder,TrickRoom,Protect|Bold|||||50|
|showteam|p2|Tyranitar||Tyranitarite|SandStream|KnockOff,DragonDance,RockSlide,Protect|Adamant||M|||50|]Incineroar||SitrusBerry|Intimidate|FakeOut,PartingShot,DarkestLariat,FlareBlitz|Careful||F|||50|]Sinistcha||KasibBerry|Hospitality|MatchaGotcha,Protect,RagePowder,TrickRoom|Calm|||||50|]Gholdengo||LifeOrb|GoodasGold|MakeItRain,ShadowBall,NastyPlot,Protect|Modest|||||50|]Excadrill||FocusSash|SandRush|HighHorsepower,IronHead,RockSlide,Protect|Adamant||F|||50|]Staraptor||Staraptite|Intimidate|CloseCombat,BraveBird,Roost,Protect|Jolly||M|||50|
|inactive|Battle timer is ON: inactive players will automatically lose when time's up. (requested by wingblade33)
|
|t:|1784303223
|teamsize|p1|4
|teamsize|p2|4
|start
|switch|p1a: Sneasler|Sneasler, L50, M|100/100
|switch|p1b: Blastoise|Blastoise, L50, M|100/100
|switch|p2a: Sinistcha|Sinistcha, L50|100/100
|switch|p2b: Gholdengo|Gholdengo, L50|100/100
|turn|1
|
|t:|1784303247
|move|p1b: Blastoise|Protect|p1b: Blastoise
|-singleturn|p1b: Blastoise|Protect
|move|p1a: Sneasler|Poison Jab|p2a: Sinistcha
|-damage|p2a: Sinistcha|61/100
|-status|p2a: Sinistcha|psn|[from] ability: Poison Touch|[of] p1a: Sneasler
|move|p2b: Gholdengo|Shadow Ball|p1a: Sneasler
|-damage|p1a: Sneasler|25/100
|-damage|p2b: Gholdengo|90/100|[from] item: Life Orb
|move|p2a: Sinistcha|Matcha Gotcha|p1a: Sneasler|[spread] p1a
|-activate|p1b: Blastoise|move: Protect
|-resisted|p1a: Sneasler|1
|-damage|p1a: Sneasler|10/100
|-heal|p2a: Sinistcha|67/100 psn|[from] drain|[of] p1a: Sneasler
|
|-damage|p2a: Sinistcha|55/100 psn|[from] psn
|upkeep
|turn|2
|inactive|wingblade33 has 30 seconds left.
|
|t:|1784303273
|switch|p1a: Maushold|Maushold, L50|100/100
|detailschange|p1b: Blastoise|Blastoise-Mega, L50, M
|-mega|p1b: Blastoise|Blastoise|Blastoisinite
|move|p1b: Blastoise|Dark Pulse|p2b: Gholdengo
|-supereffective|p2b: Gholdengo|1
|-damage|p2b: Gholdengo|0 fnt
|faint|p2b: Gholdengo
|move|p2a: Sinistcha|Matcha Gotcha|p1b: Blastoise|[spread] p1a,p1b
|-supereffective|p1b: Blastoise|1
|-damage|p1a: Maushold|68/100
|-heal|p2a: Sinistcha|71/100 psn|[from] drain|[of] p1a: Maushold
|-damage|p1b: Blastoise|61/100
|-heal|p2a: Sinistcha|88/100 psn|[from] drain|[of] p1b: Blastoise
|-status|p1a: Maushold|brn
|
|-damage|p2a: Sinistcha|76/100 psn|[from] psn
|-damage|p1a: Maushold|62/100 brn|[from] brn
|upkeep
|inactive|wingblade33 has 30 seconds left.
|
|t:|1784303308
|switch|p2b: Staraptor|Staraptor, L50, M|100/100
|-ability|p2b: Staraptor|Intimidate|boost
|-unboost|p1a: Maushold|atk|1
|-unboost|p1b: Blastoise|atk|1
|turn|3
|
|t:|1784303323
|switch|p1a: Sinistcha|Sinistcha, L50|100/100
|-heal|p1b: Blastoise|85/100|[from] ability: Hospitality|[of] p1a: Sinistcha
|switch|p2a: Incineroar|Incineroar, L50, F|100/100
|-ability|p2a: Incineroar|Intimidate|boost
|-unboost|p1a: Sinistcha|atk|1
|-unboost|p1b: Blastoise|atk|1
|detailschange|p2b: Staraptor|Staraptor-Mega, L50, M
|-mega|p2b: Staraptor|Staraptor|Staraptite
|move|p2b: Staraptor|Close Combat|p1b: Blastoise
|-damage|p1b: Blastoise|16/100
|-boost|p2b: Staraptor|def|1
|-boost|p2b: Staraptor|spd|1
|move|p1b: Blastoise|Dark Pulse|p2a: Incineroar
|-resisted|p2a: Incineroar|1
|-damage|p2a: Incineroar|83/100
|
|upkeep
|turn|4
|inactive|Saladcookies has 30 seconds left.
|inactive|wingblade33 has 30 seconds left.
|
|t:|1784303357
|switch|p1a: Maushold|Maushold, L50|62/100 brn
|move|p2a: Incineroar|Fake Out|p1b: Blastoise
|-damage|p1b: Blastoise|7/100
|move|p2b: Staraptor|Brave Bird|p1a: Maushold
|-crit|p1a: Maushold
|-damage|p1a: Maushold|0 fnt
|faint|p1a: Maushold
|-damage|p2b: Staraptor|77/100|[from] Recoil
|cant|p1b: Blastoise|flinch
|
|upkeep
|
|t:|1784303361
|switch|p1a: Sinistcha|Sinistcha, L50|100/100
|-heal|p1b: Blastoise|31/100|[from] ability: Hospitality|[of] p1a: Sinistcha
|turn|5
|
|t:|1784303384
|switch|p1a: Sneasler|Sneasler, L50, M|10/100
|move|p1b: Blastoise|Protect|p1b: Blastoise
|-singleturn|p1b: Blastoise|Protect
|move|p2b: Staraptor|Brave Bird|p1b: Blastoise
|-activate|p1b: Blastoise|move: Protect
|move|p2a: Incineroar|Darkest Lariat|p1a: Sneasler
|-resisted|p1a: Sneasler|1
|-damage|p1a: Sneasler|0 fnt
|faint|p1a: Sneasler
|
|upkeep
|
|t:|1784303386
|switch|p1a: Sinistcha|Sinistcha, L50|100/100
|-heal|p1b: Blastoise|56/100|[from] ability: Hospitality|[of] p1a: Sinistcha
|turn|6
|
|t:|1784303400
|move|p1a: Sinistcha|Protect|p1a: Sinistcha
|-singleturn|p1a: Sinistcha|Protect
|move|p2b: Staraptor|Brave Bird|p1b: Blastoise
|-damage|p1b: Blastoise|0 fnt
|faint|p1b: Blastoise
|-damage|p2b: Staraptor|59/100|[from] Recoil
|move|p2a: Incineroar|Darkest Lariat|p1a: Sinistcha
|-activate|p1a: Sinistcha|move: Protect
|
|upkeep
|turn|7
|c|☆Saladcookies|gg
|-message|Saladcookies forfeited.
|
|win|wingblade33
|raw|Saladcookies's rating: 1133 → 1118(-15 for losing)
|raw|wingblade33's rating: 1282 → 1297(+15 for winning)
|c|☆wingblade33|gg
|l|☆Saladcookies
|player|p1|
