|j|☆Mtwo178
|j|☆LozzArcher
|html|Mtwo178LozzArcher    
|uhtml|bestof|Game 1 of a best-of-3
|t:|1756404069
|gametype|doubles
|player|p1|Mtwo178|marlon|1054
|player|p2|LozzArcher|ghetsis|1085
|gen|9
|tier|[Gen 9] VGC 2025 Reg H (Bo3)
|rated|
|rule|Species Clause: Limit one of each Pokémon
|rule|Item Clause: Limit 1 of each item
|clearpoke
|poke|p1|Metagross, L50|
|poke|p1|Rillaboom, L50, F|
|poke|p1|Incineroar, L50, F|
|poke|p1|Volcarona, L50, M|
|poke|p1|Amoonguss, L50, M|
|poke|p1|Smeargle, L50, M|
|poke|p2|Archaludon, L50, M|
|poke|p2|Pelipper, L50, F|
|poke|p2|Gholdengo, L50|
|poke|p2|Basculegion, L50, M|
|poke|p2|Incineroar, L50, M|
|poke|p2|Amoonguss, L50, M|
|teampreview|4
|showteam|p1|Metagross||ChoiceBand|ClearBody|HeavySlam,PsychicFangs,IcePunch,StompingTantrum||||||50|,,,,,Water]Rillaboom||AssaultVest|GrassySurge|FakeOut,GrassyGlide,WoodHammer,Uturn|||F|||50|,,,,,Fire]Incineroar||SafetyGoggles|Intimidate|FakeOut,KnockOff,FlareBlitz,PartingShot|||F|||50|,,,,,Ghost]Volcarona||GrassySeed|FlameBody|QuiverDance,StruggleBug,FieryDance,Protect|||M|||50|,,,,,Steel]Amoonguss||RockyHelmet|Regenerator|RagePowder,Spore,PollenPuff,Protect|||M|||50|,,,,,Water]Smeargle||FocusSash|Moody|FakeOut,Spore,FollowMe,Decorate|||M|||50|,,,,,Ghost
|showteam|p2|Archaludon||AssaultVest|Stamina|ElectroShot,DracoMeteor,BodyPress,FlashCannon|||M|||50|,,,,,Grass]Pelipper||FocusSash|Drizzle|Hurricane,WeatherBall,Tailwind,Protect|||F|||50|,,,,,Stellar]Gholdengo||LifeOrb|GoodasGold|MakeItRain,ShadowBall,NastyPlot,Protect||||||50|,,,,,Water]Basculegion||ChoiceBand|SwiftSwim|FlipTurn,WaveCrash,LastRespects,AquaJet|||M|||50|,,,,,Grass]Incineroar||SafetyGoggles|Intimidate|FakeOut,KnockOff,FlareBlitz,PartingShot|||M|||50|,,,,,Ghost]Amoonguss||SitrusBerry|Regenerator|Spore,RagePowder,PollenPuff,Protect|||M|||50|,,,,,Water
|inactive|Battle timer is ON: inactive players will automatically lose when time's up. (requested by Mtwo178)
|inactive|LozzArcher has 60 seconds left.
|inactive|LozzArcher has 30 seconds left.
|
|t:|1756404137
|teamsize|p1|4
|teamsize|p2|4
|start
|switch|p1a: Smeargle|Smeargle, L50, M|100/100
|switch|p1b: Metagross|Metagross, L50|100/100
|switch|p2a: Basculegion|Basculegion, L50, M, shiny|100/100
|switch|p2b: Pelipper|Pelipper, L50, F, shiny|100/100
|-weather|RainDance|[from] ability: Drizzle|[of] p2b: Pelipper
|turn|1
|inactive|Mtwo178 has 30 seconds left.
|inactive|LozzArcher has 30 seconds left.
|
|t:|1756404171
|move|p1a: Smeargle|Fake Out|p2b: Pelipper
|-damage|p2b: Pelipper|93/100
|move|p2a: Basculegion|Flip Turn|p1a: Smeargle
|-enditem|p1a: Smeargle|Focus Sash
|-damage|p1a: Smeargle|1/100
|
|t:|1756404181
|switch|p2a: Archaludon|Archaludon, L50, M|100/100|[from] Flip Turn
|cant|p2b: Pelipper|flinch
|move|p1b: Metagross|Psychic Fangs|p2a: Archaludon
|-resisted|p2a: Archaludon
|-damage|p2a: Archaludon|74/100
|-ability|p2a: Archaludon|Stamina|boost
|-boost|p2a: Archaludon|def|1
|
|-weather|RainDance|[upkeep]
|-ability|p1a: Smeargle|Moody|boost
|-boost|p1a: Smeargle|spd|2
|-unboost|p1a: Smeargle|atk|1
|upkeep
|turn|2
|inactive|Mtwo178 has 30 seconds left.
|inactive|LozzArcher has 30 seconds left.
|
|t:|1756404210
|switch|p1a: Rillaboom|Rillaboom, L50, F|100/100
|-fieldstart|move: Grassy Terrain|[from] ability: Grassy Surge|[of] p1a: Rillaboom
|move|p2b: Pelipper|Weather Ball|p1a: Rillaboom
|-resisted|p1a: Rillaboom
|-damage|p1a: Rillaboom|72/100
|move|p2a: Archaludon|Body Press|p1b: Metagross
|-damage|p1b: Metagross|74/100
|move|p1b: Metagross|Psychic Fangs|p2b: Pelipper
|-damage|p2b: Pelipper|3/100
|
|-weather|RainDance|[upkeep]
|-heal|p1a: Rillaboom|78/100|[from] Grassy Terrain
|-heal|p2a: Archaludon|80/100|[from] Grassy Terrain
|-heal|p1b: Metagross|80/100|[from] Grassy Terrain
|upkeep
|turn|3
|inactive|Mtwo178 has 30 seconds left.
|inactive|LozzArcher has 30 seconds left.
|inactive|Mtwo178 has 20 seconds left.
|inactive|Mtwo178 has 15 seconds left.
|
|t:|1756404253
|switch|p2b: Amoonguss|Amoonguss, L50, M, shiny|100/100
|move|p1a: Rillaboom|Grassy Glide|p2b: Amoonguss
|-resisted|p2b: Amoonguss
|-damage|p2b: Amoonguss|93/100
|move|p2a: Archaludon|Electro Shot||[still]
|-prepare|p2a: Archaludon|Electro Shot
|-boost|p2a: Archaludon|spa|1
|-anim|p2a: Archaludon|Electro Shot|p1b: Metagross
|-damage|p1b: Metagross|10/100
|move|p1b: Metagross|Psychic Fangs|p2a: Archaludon
|-resisted|p2a: Archaludon
|-damage|p2a: Archaludon|61/100
|-ability|p2a: Archaludon|Stamina|boost
|-boost|p2a: Archaludon|def|1
|
|-weather|RainDance|[upkeep]
|-heal|p1a: Rillaboom|83/100|[from] Grassy Terrain
|-heal|p2a: Archaludon|67/100|[from] Grassy Terrain
|-heal|p1b: Metagross|15/100|[from] Grassy Terrain
|-heal|p2b: Amoonguss|99/100|[from] Grassy Terrain
|upkeep
|turn|4
|inactive|Mtwo178 has 30 seconds left.
|inactive|LozzArcher has 30 seconds left.
|inactive|Mtwo178 has 20 seconds left.
|inactive|Mtwo178 has 15 seconds left.
|
|t:|1756404295
|switch|p1b: Amoonguss|Amoonguss, L50, M|100/100
|move|p1a: Rillaboom|Wood Hammer|p2a: Archaludon
|-resisted|p2a: Archaludon
|-damage|p2a: Archaludon|59/100
|-ability|p2a: Archaludon|Stamina|boost
|-boost|p2a: Archaludon|def|1
|-damage|p1a: Rillaboom|80/100|[from] Recoil
|move|p2a: Archaludon|Electro Shot||[still]
|-prepare|p2a: Archaludon|Electro Shot
|-boost|p2a: Archaludon|spa|1
|-anim|p2a: Archaludon|Electro Shot|p1b: Amoonguss
|-resisted|p1b: Amoonguss
|-damage|p1b: Amoonguss|69/100
|move|p2b: Amoonguss|Pollen Puff|p2a: Archaludon
|-heal|p2a: Archaludon|100/100
|
|-weather|RainDance|[upkeep]
|-heal|p1a: Rillaboom|86/100|[from] Grassy Terrain
|-heal|p2b: Amoonguss|100/100|[from] Grassy Terrain
|-heal|p1b: Amoonguss|75/100|[from] Grassy Terrain
|upkeep
|turn|5
|inactive|LozzArcher has 30 seconds left.
|inactive|LozzArcher has 20 seconds left.
|inactive|LozzArcher has 15 seconds left.
|inactive|LozzArcher has 10 seconds left.
|
|t:|1756404342
|-terastallize|p2a: Archaludon|Grass
|move|p1a: Rillaboom|U-turn|p2b: Amoonguss
|-damage|p2b: Amoonguss|83/100
|
|t:|1756404352
|switch|p1a: Smeargle|Smeargle, L50, M|1/100|[from] U-turn
|move|p2a: Archaludon|Electro Shot||[still]
|-prepare|p2a: Archaludon|Electro Shot
|-boost|p2a: Archaludon|spa|1
|-anim|p2a: Archaludon|Electro Shot|p1a: Smeargle
|-damage|p1a: Smeargle|0 fnt
|faint|p1a: Smeargle
|move|p2b: Amoonguss|Pollen Puff|p2a: Archaludon
|move|p1b: Amoonguss|Spore|p2a: Archaludon
|-immune|p2a: Archaludon
|
|-weather|none
|-heal|p2b: Amoonguss|89/100|[from] Grassy Terrain
|-heal|p1b: Amoonguss|81/100|[from] Grassy Terrain
|upkeep
|
|t:|1756404355
|switch|p1a: Rillaboom|Rillaboom, L50, F|86/100
|turn|6
|-message|Mtwo178 forfeited.
|
|win|LozzArcher
|l|☆Mtwo178
|player|p1|
||LozzArcher is ready for game 2.
|raw|Mtwo178's rating: 1054 → 1038(-16 for losing)
|raw|LozzArcher's rating: 1085 → 1110(+25 for winning)
