|j|☆vert1go0329
|j|☆houseofpros
|html|vert1go0329houseofpros    
|uhtml|bestof|Game 1 of a best-of-3
|t:|1757110502
|gametype|doubles
|player|p1|vert1go0329|169|1000
|player|p2|houseofpros|lucas-gen4pt|1034
|gen|9
|tier|[Gen 9] VGC 2025 Reg H (Bo3)
|rated|
|rule|Species Clause: Limit one of each Pokémon
|rule|Item Clause: Limit 1 of each item
|clearpoke
|poke|p1|Pelipper, L50, M|
|poke|p1|Archaludon, L50, F|
|poke|p1|Annihilape, L50, F|
|poke|p1|Maushold, L50|
|poke|p1|Rillaboom, L50, F|
|poke|p1|Basculegion, L50, M|
|poke|p2|Amoonguss, L50, M|
|poke|p2|Goodra-Hisui, L50, F|
|poke|p2|Politoed, L50, M|
|poke|p2|Ludicolo, L50, F|
|poke|p2|Scizor, L50, M|
|poke|p2|Tauros-Paldea-Aqua, L50, M|
|teampreview|4
|showteam|p1|Pelipper||FocusSash|Drizzle|WeatherBall,Hurricane,WideGuard,Tailwind|||M|||50|,,,,,Ghost]Archaludon||AssaultVest|Stamina|ElectroShot,DracoMeteor,FlashCannon,BodyPress|||F|||50|,,,,,Grass]Annihilape||SafetyGoggles|Defiant|RageFist,DrainPunch,BulkUp,Protect|||F|||50|,,,,,Fire]Maushold||SitrusBerry|FriendGuard|BeatUp,FollowMe,Taunt,Protect||||||50|,,,,,Ghost]Rillaboom||MiracleSeed|GrassySurge|FakeOut,GrassyGlide,WoodHammer,Uturn|||F|||50|,,,,,Fire]Basculegion||ChoiceBand|SwiftSwim|WaveCrash,AquaJet,LastRespects,FlipTurn|||M|||50|,,,,,Water
|showteam|p2|Amoonguss||RockyHelmet|Regenerator|Spore,RagePowder,PollenPuff,LeafStorm|||M|||50|,,,,,Bug]Goodra-Hisui||AssaultVest|SapSipper|HydroPump,DracoMeteor,HeavySlam,DragonPulse|||F|||50|,,,,,Stellar]Politoed||SitrusBerry|Drizzle|Protect,WeatherBall,HelpingHand,PerishSong|||M|||50|,,,,,Grass]Ludicolo||MysticWater|SwiftSwim|FakeOut,HydroPump,EnergyBall,Protect|||F|||50|,,,,,Stellar]Scizor||ClearAmulet|Technician|KnockOff,BulletPunch,BugBite,Protect|||M|||50|,,,,,Stellar]Tauros-Paldea-Aqua||SafetyGoggles|Intimidate|AquaJet,CloseCombat,WaveCrash,Protect|||M|||50|,,,,,Fighting
|inactive|Battle timer is ON: inactive players will automatically lose when time's up. (requested by vert1go0329)
|inactive|houseofpros has 60 seconds left.
|inactive|houseofpros has 30 seconds left.
|inactive|houseofpros has 20 seconds left.
|inactive|houseofpros has 15 seconds left.
|inactive|houseofpros has 10 seconds left.
|inactive|houseofpros has 5 seconds left.
|
|t:|1757110589
|teamsize|p1|4
|teamsize|p2|4
|start
|switch|p1a: Annihilape|Annihilape, L50, F|100/100
|switch|p1b: Pelipper|Pelipper, L50, M|100/100
|switch|p2a: Ludicolo|Ludicolo, L50, F|100/100
|switch|p2b: Politoed|Politoed, L50, M|100/100
|-weather|RainDance|[from] ability: Drizzle|[of] p1b: Pelipper
|turn|1
|
|t:|1757110606
|move|p2a: Ludicolo|Fake Out|p1b: Pelipper
|-damage|p1b: Pelipper|92/100
|move|p1a: Annihilape|Bulk Up|p1a: Annihilape
|-boost|p1a: Annihilape|atk|1
|-boost|p1a: Annihilape|def|1
|cant|p1b: Pelipper|flinch
|move|p2b: Politoed|Weather Ball|p1b: Pelipper
|-resisted|p1b: Pelipper
|-damage|p1b: Pelipper|45/100
|
|-weather|RainDance|[upkeep]
|upkeep
|turn|2
|inactive|houseofpros has 30 seconds left.
|
|t:|1757110637
|move|p2b: Politoed|Helping Hand|p2a: Ludicolo
|-singleturn|p2a: Ludicolo|Helping Hand|[of] p2b: Politoed
|move|p2a: Ludicolo|Hydro Pump|p1a: Annihilape
|-damage|p1a: Annihilape|7/100
|move|p1a: Annihilape|Bulk Up|p1a: Annihilape
|-boost|p1a: Annihilape|atk|1
|-boost|p1a: Annihilape|def|1
|move|p1b: Pelipper|Hurricane|p2a: Ludicolo
|-supereffective|p2a: Ludicolo
|-crit|p2a: Ludicolo
|-damage|p2a: Ludicolo|0 fnt
|faint|p2a: Ludicolo
|
|-weather|RainDance|[upkeep]
|upkeep
|
|t:|1757110647
|switch|p2a: Scizor|Scizor, L50, M|100/100
|turn|3
|
|t:|1757110658
|move|p1a: Annihilape|Protect|p1a: Annihilape
|-singleturn|p1a: Annihilape|Protect
|move|p2a: Scizor|Bullet Punch|p1a: Annihilape
|-activate|p1a: Annihilape|move: Protect
|move|p1b: Pelipper|Tailwind|p1b: Pelipper
|-sidestart|p1: vert1go0329|move: Tailwind
|move|p2b: Politoed|Weather Ball|p1b: Pelipper
|-resisted|p1b: Pelipper
|-damage|p1b: Pelipper|0 fnt
|faint|p1b: Pelipper
|
|-weather|RainDance|[upkeep]
|upkeep
|
|t:|1757110675
|switch|p1b: Basculegion|Basculegion, L50, M|100/100
|turn|4
|inactive|houseofpros has 30 seconds left.
|
|t:|1757110708
|-terastallize|p1a: Annihilape|Fire
|-terastallize|p2b: Politoed|Grass
|move|p2a: Scizor|Protect|p2a: Scizor
|-singleturn|p2a: Scizor|Protect
|move|p1b: Basculegion|Last Respects|p2b: Politoed
|-crit|p2b: Politoed
|-damage|p2b: Politoed|4/100
|-enditem|p2b: Politoed|Sitrus Berry|[eat]
|-heal|p2b: Politoed|29/100|[from] item: Sitrus Berry
|move|p1a: Annihilape|Drain Punch|p2a: Scizor
|-activate|p2a: Scizor|move: Protect
|move|p2b: Politoed|Weather Ball|p1a: Annihilape
|-supereffective|p1a: Annihilape
|-damage|p1a: Annihilape|0 fnt
|faint|p1a: Annihilape
|
|-weather|RainDance|[upkeep]
|upkeep
|
|t:|1757110716
|switch|p1a: Archaludon|Archaludon, L50, F, shiny|100/100
|turn|5
|inactive|houseofpros has 30 seconds left.
|
|t:|1757110742
|switch|p2b: Goodra|Goodra-Hisui, L50, F, shiny|100/100
|move|p1b: Basculegion|Last Respects|p2b: Goodra
|-damage|p2b: Goodra|5/100
|move|p1a: Archaludon|Electro Shot||[still]
|-prepare|p1a: Archaludon|Electro Shot
|-boost|p1a: Archaludon|spa|1
|-anim|p1a: Archaludon|Electro Shot|p2a: Scizor
|-damage|p2a: Scizor|36/100
|move|p2a: Scizor|Knock Off|p1b: Basculegion
|-supereffective|p1b: Basculegion
|-damage|p1b: Basculegion|1/100
|-enditem|p1b: Basculegion|Choice Band|[from] move: Knock Off|[of] p2a: Scizor
|
|-weather|none
|upkeep
|turn|6
|inactive|vert1go0329 has 30 seconds left.
|inactive|houseofpros has 30 seconds left.
|
|t:|1757110774
|move|p1b: Basculegion|Aqua Jet|p2b: Goodra
|-resisted|p2b: Goodra
|-damage|p2b: Goodra|0 fnt
|faint|p2b: Goodra
|move|p2a: Scizor|Bullet Punch|p1b: Basculegion
|-resisted|p1b: Basculegion
|-damage|p1b: Basculegion|0 fnt
|faint|p1b: Basculegion
|move|p1a: Archaludon|Flash Cannon|p2a: Scizor
|-resisted|p2a: Scizor
|-damage|p2a: Scizor|7/100
|
|-sideend|p1: vert1go0329|move: Tailwind
|upkeep
|
|t:|1757110782
|switch|p2b: Politoed|Politoed, L50, M, tera:Grass|29/100
|-weather|RainDance|[from] ability: Drizzle|[of] p2b: Politoed
|turn|7
|
|t:|1757110794
|move|p1a: Archaludon|Body Press|p2a: Scizor
|-damage|p2a: Scizor|0 fnt
|faint|p2a: Scizor
|move|p2b: Politoed|Perish Song|p2b: Politoed
|-start|p1a: Archaludon|perish3|[silent]
|-start|p2b: Politoed|perish3|[silent]
|-fieldactivate|move: Perish Song
|
|-weather|RainDance|[upkeep]
|-start|p1a: Archaludon|perish3
|-start|p2b: Politoed|perish3
|upkeep
|turn|8
|
|t:|1757110805
|move|p2b: Politoed|Protect|p2b: Politoed
|-singleturn|p2b: Politoed|Protect
|move|p1a: Archaludon|Electro Shot||[still]
|-prepare|p1a: Archaludon|Electro Shot
|-boost|p1a: Archaludon|spa|1
|-anim|p1a: Archaludon|Electro Shot|p2b: Politoed
|-activate|p2b: Politoed|move: Protect
|
|-weather|RainDance|[upkeep]
|-start|p1a: Archaludon|perish2
|-start|p2b: Politoed|perish2
|upkeep
|turn|9
|
|t:|1757110814
|move|p2b: Politoed|Protect||[still]
|-fail|p2b: Politoed
|move|p1a: Archaludon|Electro Shot||[still]
|-prepare|p1a: Archaludon|Electro Shot
|-boost|p1a: Archaludon|spa|1
|-anim|p1a: Archaludon|Electro Shot|p2b: Politoed
|-resisted|p2b: Politoed
|-damage|p2b: Politoed|0 fnt
|faint|p2b: Politoed
|
|win|vert1go0329
||vert1go0329 is ready for game 2.
||houseofpros is ready for game 2.
|uhtml|next|Next: Game 2 of 3
