|j|☆lure shell
|j|☆Capravolante97
|html|lure shellCapravolante97    
|uhtml|bestof|Game 1 of a best-of-3
|t:|1756658716
|gametype|doubles
|player|p1|lure shell|steven|1373
|player|p2|Capravolante97|102|1389
|gen|9
|tier|[Gen 9] VGC 2025 Reg H (Bo3)
|rated|
|rule|Species Clause: Limit one of each Pokémon
|rule|Item Clause: Limit 1 of each item
|clearpoke
|poke|p1|Whimsicott, L50, F|
|poke|p1|Indeedee, L50, M|
|poke|p1|Sneasler, L50, M|
|poke|p1|Ursaluna-Bloodmoon, L50, M|
|poke|p1|Archaludon, L50, F|
|poke|p1|Gholdengo, L50|
|poke|p2|Grimmsnarl, L50, M|
|poke|p2|Gholdengo, L50|
|poke|p2|Rillaboom, L50, M|
|poke|p2|Incineroar, L50, F|
|poke|p2|Annihilape, L50, F|
|poke|p2|Sinistcha-Masterpiece, L50|
|teampreview|4
|showteam|p1|Whimsicott||CovertCloak|Prankster|Moonblast,Taunt,Tailwind,FakeTears|||F|||50|,,,,,Water]Indeedee||FocusSash|PsychicSurge|ExpandingForce,TeraBlast,Imprison,TrickRoom|||M|||50|,,,,,Psychic]Sneasler||PsychicSeed|Unburden|CloseCombat,DireClaw,ThroatChop,Protect|||M|||50|,,,,,Dark]Ursaluna-Bloodmoon||LifeOrb|MindsEye|HyperVoice,BloodMoon,EarthPower,Protect|||M|||50|,,,,,Normal]Archaludon||PowerHerb|Stalwart|ElectroShot,DragonPulse,Thunderbolt,Protect|||F|||50|,,,,,Electric]Gholdengo||MetalCoat|GoodasGold|MakeItRain,NastyPlot,ShadowBall,Protect||||||50|,,,,,Steel
|showteam|p2|Grimmsnarl||LightClay|Prankster|Reflect,LightScreen,ThunderWave,SpiritBreak|||M|||50|,,,,,Ghost]Gholdengo||GrassySeed|GoodasGold|MakeItRain,ShadowBall,NastyPlot,Protect||||||50|,,,,,Water]Rillaboom||AssaultVest|GrassySurge|HighHorsepower,WoodHammer,GrassyGlide,FakeOut|||M|||50|,,,,,Water]Incineroar||SitrusBerry|Intimidate|FakeOut,KnockOff,FlareBlitz,PartingShot|||F|||50|,,,,,Grass]Annihilape||SafetyGoggles|Defiant|RageFist,Protect,DrainPunch,BulkUp|||F|||50|,,,,,Fire]Sinistcha-Masterpiece||RockyHelmet|Hospitality|MatchaGotcha,RagePowder,TrickRoom,Curse||||||50|,,,,,Dark
|c|☆Capravolante97|Oddio oddio di nuovo
|c|☆lure shell|nooooo doppio setupper capravolante
|
|t:|1756658790
|teamsize|p1|4
|teamsize|p2|4
|start
|switch|p1a: Ursaluna|Ursaluna-Bloodmoon, L50, M|100/100
|switch|p1b: Whimsicott|Whimsicott, L50, F|100/100
|switch|p2a: Grimmsnarl|Grimmsnarl, L50, M|100/100
|switch|p2b: Gholdengo|Gholdengo, L50, shiny|100/100
|turn|1
|
|t:|1756658848
|switch|p2b: Rillaboom|Rillaboom, L50, M|100/100
|-fieldstart|move: Grassy Terrain|[from] ability: Grassy Surge|[of] p2b: Rillaboom
|move|p1b: Whimsicott|Tailwind|p1b: Whimsicott
|-sidestart|p1: lure shell|move: Tailwind
|move|p1a: Ursaluna|Blood Moon|p2a: Grimmsnarl
|-damage|p2a: Grimmsnarl|5/100
|-damage|p1a: Ursaluna|91/100|[from] item: Life Orb
|move|p2a: Grimmsnarl|Spirit Break|p1a: Ursaluna
|-damage|p1a: Ursaluna|70/100
|-unboost|p1a: Ursaluna|spa|1
|
|-heal|p1a: Ursaluna|76/100|[from] Grassy Terrain
|-heal|p2a: Grimmsnarl|11/100|[from] Grassy Terrain
|upkeep
|turn|2
|
|t:|1756658880
|switch|p1a: Gholdengo|Gholdengo, L50|100/100
|move|p1b: Whimsicott|Fake Tears|p2b: Rillaboom
|-unboost|p2b: Rillaboom|spd|2
|move|p2a: Grimmsnarl|Light Screen|p2a: Grimmsnarl
|-sidestart|p2: Capravolante97|move: Light Screen
|move|p2b: Rillaboom|Wood Hammer|p1a: Gholdengo
|-resisted|p1a: Gholdengo
|-damage|p1a: Gholdengo|56/100
|-damage|p2b: Rillaboom|88/100|[from] Recoil
|
|-heal|p1a: Gholdengo|62/100|[from] Grassy Terrain
|-heal|p2b: Rillaboom|94/100|[from] Grassy Terrain
|-heal|p2a: Grimmsnarl|17/100|[from] Grassy Terrain
|upkeep
|turn|3
|
|t:|1756658916
|move|p1a: Gholdengo|Protect|p1a: Gholdengo
|-singleturn|p1a: Gholdengo|Protect
|move|p2a: Grimmsnarl|Reflect|p2a: Grimmsnarl
|-sidestart|p2: Capravolante97|Reflect
|move|p1b: Whimsicott|Moonblast|p2b: Rillaboom
|-damage|p2b: Rillaboom|66/100
|-unboost|p2b: Rillaboom|spa|1
|move|p2b: Rillaboom|High Horsepower|p1a: Gholdengo
|-activate|p1a: Gholdengo|move: Protect
|
|-heal|p1a: Gholdengo|68/100|[from] Grassy Terrain
|-heal|p2b: Rillaboom|72/100|[from] Grassy Terrain
|-heal|p2a: Grimmsnarl|23/100|[from] Grassy Terrain
|upkeep
|turn|4
|
|t:|1756658934
|switch|p1a: Ursaluna|Ursaluna-Bloodmoon, L50, M|76/100
|switch|p2b: Incineroar|Incineroar, L50, F|100/100
|-ability|p2b: Incineroar|Intimidate|boost
|-unboost|p1a: Ursaluna|atk|1
|-unboost|p1b: Whimsicott|atk|1
|move|p1b: Whimsicott|Moonblast|p2b: Incineroar
|-damage|p2b: Incineroar|82/100
|move|p2a: Grimmsnarl|Spirit Break|p1b: Whimsicott
|-damage|p1b: Whimsicott|70/100
|
|-heal|p1b: Whimsicott|76/100|[from] Grassy Terrain
|-heal|p1a: Ursaluna|81/100|[from] Grassy Terrain
|-heal|p2b: Incineroar|88/100|[from] Grassy Terrain
|-heal|p2a: Grimmsnarl|29/100|[from] Grassy Terrain
|-sideend|p1: lure shell|move: Tailwind
|upkeep
|turn|5
|
|t:|1756658976
|move|p1b: Whimsicott|Tailwind|p1b: Whimsicott
|-sidestart|p1: lure shell|move: Tailwind
|move|p1a: Ursaluna|Hyper Voice|p2a: Grimmsnarl|[spread] p2a,p2b
|-damage|p2a: Grimmsnarl|0 fnt
|-damage|p2b: Incineroar|56/100
|faint|p2a: Grimmsnarl
|-damage|p1a: Ursaluna|72/100|[from] item: Life Orb
|move|p2b: Incineroar|Flare Blitz|p1b: Whimsicott
|-supereffective|p1b: Whimsicott
|-damage|p1b: Whimsicott|0 fnt
|faint|p1b: Whimsicott
|-damage|p2b: Incineroar|35/100|[from] Recoil
|-enditem|p2b: Incineroar|Sitrus Berry|[eat]
|-heal|p2b: Incineroar|60/100|[from] item: Sitrus Berry
|
|-heal|p1a: Ursaluna|78/100|[from] Grassy Terrain
|-heal|p2b: Incineroar|66/100|[from] Grassy Terrain
|-fieldend|move: Grassy Terrain
|upkeep
|
|t:|1756658990
|switch|p1b: Archaludon|Archaludon, L50, F|100/100
|switch|p2a: Rillaboom|Rillaboom, L50, M|72/100
|-fieldstart|move: Grassy Terrain|[from] ability: Grassy Surge|[of] p2a: Rillaboom
|turn|6
|
|t:|1756659002
|move|p1b: Archaludon|Protect|p1b: Archaludon
|-singleturn|p1b: Archaludon|Protect
|move|p1a: Ursaluna|Protect|p1a: Ursaluna
|-singleturn|p1a: Ursaluna|Protect
|move|p2a: Rillaboom|Fake Out|p1a: Ursaluna
|-activate|p1a: Ursaluna|move: Protect
|move|p2b: Incineroar|Parting Shot|p1b: Archaludon
|-activate|p1b: Archaludon|move: Protect
|
|-heal|p1a: Ursaluna|84/100|[from] Grassy Terrain
|-heal|p2a: Rillaboom|78/100|[from] Grassy Terrain
|-heal|p2b: Incineroar|72/100|[from] Grassy Terrain
|upkeep
|turn|7
|
|t:|1756659034
|switch|p1b: Gholdengo|Gholdengo, L50|68/100
|-terastallize|p1a: Ursaluna|Normal
|-terastallize|p2b: Incineroar|Grass
|move|p1a: Ursaluna|Blood Moon|p2a: Rillaboom
|-damage|p2a: Rillaboom|0 fnt
|faint|p2a: Rillaboom
|-damage|p1a: Ursaluna|74/100|[from] item: Life Orb
|move|p2b: Incineroar|Knock Off|p1b: Gholdengo
|-supereffective|p1b: Gholdengo
|-damage|p1b: Gholdengo|0 fnt
|-enditem|p1b: Gholdengo|Metal Coat|[from] move: Knock Off|[of] p2b: Incineroar
|faint|p1b: Gholdengo
|
|-heal|p1a: Ursaluna|80/100|[from] Grassy Terrain
|-heal|p2b: Incineroar|78/100|[from] Grassy Terrain
|upkeep
|
|t:|1756659051
|switch|p1b: Archaludon|Archaludon, L50, F|100/100
|switch|p2a: Gholdengo|Gholdengo, L50, shiny|100/100
|-enditem|p2a: Gholdengo|Grassy Seed
|-boost|p2a: Gholdengo|def|1|[from] item: Grassy Seed
|turn|8
|
|t:|1756659088
|move|p2a: Gholdengo|Protect|p2a: Gholdengo
|-singleturn|p2a: Gholdengo|Protect
|move|p1b: Archaludon|Electro Shot||[still]
|-prepare|p1b: Archaludon|Electro Shot
|-boost|p1b: Archaludon|spa|1
|-enditem|p1b: Archaludon|Power Herb
|-anim|p1b: Archaludon|Electro Shot|p2b: Incineroar
|-resisted|p2b: Incineroar
|-damage|p2b: Incineroar|54/100
|move|p1a: Ursaluna|Earth Power|p2a: Gholdengo
|-activate|p2a: Gholdengo|move: Protect
|move|p2b: Incineroar|Knock Off|p1b: Archaludon
|-damage|p1b: Archaludon|75/100
|
|-heal|p1b: Archaludon|81/100|[from] Grassy Terrain
|-heal|p1a: Ursaluna|86/100|[from] Grassy Terrain
|-heal|p2b: Incineroar|60/100|[from] Grassy Terrain
|-sideend|p1: lure shell|move: Tailwind
|upkeep
|turn|9
|
|t:|1756659115
|move|p1b: Archaludon|Protect|p1b: Archaludon
|-singleturn|p1b: Archaludon|Protect
|move|p1a: Ursaluna|Protect|p1a: Ursaluna
|-singleturn|p1a: Ursaluna|Protect
|move|p2a: Gholdengo|Make It Rain|p1b: Archaludon|[spread] 
|-activate|p1a: Ursaluna|move: Protect
|-activate|p1b: Archaludon|move: Protect
|move|p2b: Incineroar|Knock Off|p1a: Ursaluna
|-activate|p1a: Ursaluna|move: Protect
|
|-heal|p1b: Archaludon|87/100|[from] Grassy Terrain
|-heal|p1a: Ursaluna|92/100|[from] Grassy Terrain
|-heal|p2b: Incineroar|66/100|[from] Grassy Terrain
|-sideend|p2: Capravolante97|move: Light Screen
|upkeep
|turn|10
|
|t:|1756659151
|move|p1b: Archaludon|Dragon Pulse|p2b: Incineroar
|-damage|p2b: Incineroar|0 fnt
|faint|p2b: Incineroar
|move|p2a: Gholdengo|Make It Rain|p1b: Archaludon|[spread] p1a,p1b
|-crit|p1a: Ursaluna
|-resisted|p1b: Archaludon
|-damage|p1a: Ursaluna|3/100
|-damage|p1b: Archaludon|54/100
|-unboost|p2a: Gholdengo|spa|1
|move|p1a: Ursaluna|Earth Power|p2a: Gholdengo
|-supereffective|p2a: Gholdengo
|-damage|p2a: Gholdengo|0 fnt
|faint|p2a: Gholdengo
|-damage|p1a: Ursaluna|0 fnt|[from] item: Life Orb
|faint|p1a: Ursaluna
|
|win|lure shell
||lure shell is ready for game 2.
|inactive|Capravolante97 has 30 seconds to confirm battle start!
||Capravolante97 is ready for game 2.
|uhtml|next|Next: Game 2 of 3
