|j|☆asmrticuno
|j|☆onlyembers
|html|asmrticunoonlyembers    
|uhtml|bestof|Game 3 of a best-of-3
|t:|1782239247
|gametype|doubles
|player|p1|asmrticuno|roughneck-gen4|
|player|p2|onlyembers|taunie|
|gen|9
|tier|[Gen 9 Champions] VGC 2026 Reg M-B (Bo3)
|rule|Species Clause: Limit one of each Pokémon
|rule|Item Clause: Limit 1 of each item
|clearpoke
|poke|p1|Pyroar, L50, M|
|poke|p1|Sylveon, L50, F, shiny|
|poke|p1|Manectric, L50, M|
|poke|p1|Gyarados, L50, M, shiny|
|poke|p1|Zoroark-Hisui, L50, F, shiny|
|poke|p1|Whimsicott, L50, F|
|poke|p2|Torkoal, L50, M|
|poke|p2|Venusaur, L50, F|
|poke|p2|Farigiraf, L50, M|
|poke|p2|Scrafty, L50, F|
|poke|p2|Mamoswine, L50, F|
|poke|p2|Pyroar, L50, M|
|teampreview|4
|showteam|p1|Pyroar||Pyroarite|Unnerve|HeatWave,Round,WillOWisp,Protect|Timid||M|||50|]Sylveon||FairyFeather|Pixilate|HyperVoice,Round,WeatherBall,Detect|Modest||F|||50|]Manectric||Manectite|LightningRod|VoltSwitch,Snarl,Round,Protect|Timid||M|||50|]Gyarados||Leftovers|Intimidate|Waterfall,PowerWhip,DragonDance,Protect|Adamant||M|||50|]Zoroark-Hisui||ChoiceScarf|Illusion|HyperVoice,Round,BitterMalice,Flamethrower|Modest||F|||50|]Whimsicott||FocusSash|Prankster|Moonblast,Tailwind,SunnyDay,Protect|Timid||F|||50|
|showteam|p2|Torkoal||HeatRock|Drought|Eruption,WeatherBall,HelpingHand,Protect|Quiet||M|||50|]Venusaur||LifeOrb|Chlorophyll|EnergyBall,SludgeBomb,EarthPower,Protect|Modest||F|||50|]Farigiraf||SitrusBerry|ArmorTail|Psychic,Thunderbolt,TrickRoom,Protect|Quiet||M|||50|]Scrafty||Scraftinite|Intimidate|KnockOff,IcePunch,DrainPunch,FakeOut|Adamant||F|||50|]Mamoswine||FocusSash|Oblivious|HighHorsepower,RockSlide,IceShard,Protect|Jolly||F|||50|]Pyroar||Pyroarite|Unnerve|HeatWave,Overheat,Yawn,Protect|Timid||M|||50|
|j| Mark o silva
|inactive|Battle timer is ON: inactive players will automatically lose when time's up. (requested by onlyembers)
|j| Cobra Mawi
|inactive|asmrticuno has 60 seconds left.
|
|t:|1782239300
|teamsize|p1|4
|teamsize|p2|4
|start
|switch|p1a: Sylveon|Sylveon, L50, F, shiny|100/100
|switch|p1b: Pyroar|Pyroar, L50, M|100/100
|switch|p2a: Scrafty|Scrafty, L50, F|100/100
|switch|p2b: Farigiraf|Farigiraf, L50, M|100/100
|-ability|p1b: Pyroar|Unnerve
|-ability|p2a: Scrafty|Intimidate|boost
|-unboost|p1a: Sylveon|atk|1
|-unboost|p1b: Pyroar|atk|1
|turn|1
|inactive|asmrticuno has 30 seconds left.
|
|t:|1782239327
|detailschange|p1b: Pyroar|Pyroar-Mega, L50, M
|-mega|p1b: Pyroar|Pyroar|Pyroarite
|detailschange|p2a: Scrafty|Scrafty-Mega, L50, F
|-mega|p2a: Scrafty|Scrafty|Scraftinite
|-ability|p2a: Scrafty|Intimidate|boost
|-unboost|p1a: Sylveon|atk|1
|-unboost|p1b: Pyroar|atk|1
|move|p2a: Scrafty|Fake Out|p1a: Sylveon
|-immune|p1a: Sylveon
|move|p1a: Sylveon|Round|p2b: Farigiraf
|-damage|p2b: Farigiraf|70/100
|move|p1b: Pyroar|Round|p2b: Farigiraf|[from] move: Round
|-damage|p2b: Farigiraf|13/100
|-enditem|p2b: Farigiraf|Sitrus Berry|[eat]
|-heal|p2b: Farigiraf|38/100|[from] item: Sitrus Berry
|move|p2b: Farigiraf|Trick Room|p2b: Farigiraf
|-fieldstart|move: Trick Room|[of] p2b: Farigiraf
|
|upkeep
|turn|2
|inactive|asmrticuno has 30 seconds left.
|inactive|onlyembers has 30 seconds left.
|inactive|asmrticuno has 20 seconds left.
|inactive|asmrticuno has 15 seconds left.
|inactive|asmrticuno has 10 seconds left.
|
|t:|1782239376
|switch|p1b: Sylveon|Sylveon, L50, F, shiny|100/100
|move|p2b: Farigiraf|Thunderbolt|p1a: Sylveon
|-damage|p1a: Sylveon|50/100g
|replace|p1a: Zoroark|Zoroark-Hisui, L50, F, shiny
|-end|p1a: Zoroark|Illusion
|move|p2a: Scrafty|Drain Punch|p1b: Sylveon
|-resisted|p1b: Sylveon|1
|-damage|p1b: Sylveon|74/100
|move|p1a: Zoroark|Round|p2b: Farigiraf
|-damage|p2b: Farigiraf|8/100
|
|upkeep
|turn|3
|inactive|asmrticuno has 30 seconds left.
|inactive|onlyembers has 30 seconds left.
|inactive|asmrticuno has 20 seconds left.
|
|t:|1782239413
|move|p2b: Farigiraf|Protect|p2b: Farigiraf
|-singleturn|p2b: Farigiraf|Protect
|move|p1b: Sylveon|Hyper Voice|p2a: Scrafty|[spread] p2a
|-activate|p2b: Farigiraf|move: Protect
|-supereffective|p2a: Scrafty|2
|-damage|p2a: Scrafty|0 fnt
|faint|p2a: Scrafty
|move|p1a: Zoroark|Round|p2b: Farigiraf
|-activate|p2b: Farigiraf|move: Protect
|
|upkeep
|
|t:|1782239423
|switch|p2a: Torkoal|Torkoal, L50, M|100/100
|-weather|SunnyDay|[from] ability: Drought|[of] p2a: Torkoal
|turn|4
|inactive|asmrticuno has 30 seconds left.
|inactive|onlyembers has 30 seconds left.
|inactive|asmrticuno has 20 seconds left.
|inactive|onlyembers has 20 seconds left.
|inactive|asmrticuno has 15 seconds left.
|inactive|asmrticuno has 10 seconds left.
|
|t:|1782239469
|move|p1b: Sylveon|Detect|p1b: Sylveon
|-singleturn|p1b: Sylveon|Protect
|move|p2a: Torkoal|Eruption|p1a: Zoroark|[spread] p1a
|-activate|p1b: Sylveon|move: Protect
|-damage|p1a: Zoroark|0 fnt
|faint|p1a: Zoroark
|move|p2b: Farigiraf|Psychic|p1b: Sylveon
|-activate|p1b: Sylveon|move: Protect
|
|-weather|SunnyDay|[upkeep]
|upkeep
|
|t:|1782239483
|switch|p1a: Pyroar|Pyroar-Mega, L50, M|100/100
|turn|5
|
|t:|1782239494
|move|p1a: Pyroar|Protect|p1a: Pyroar
|-singleturn|p1a: Pyroar|Protect
|move|p2a: Torkoal|Eruption|p1a: Pyroar|[spread] p1b
|-activate|p1a: Pyroar|move: Protect
|-damage|p1b: Sylveon|25/100
|move|p2b: Farigiraf|Psychic|p1b: Sylveon
|-damage|p1b: Sylveon|0 fnt
|faint|p1b: Sylveon
|
|-weather|SunnyDay|[upkeep]
|-fieldend|move: Trick Room
|upkeep
|
|t:|1782239505
|switch|p1b: Gyarados|Gyarados, L50, M, shiny|100/100
|-ability|p1b: Gyarados|Intimidate|boost
|-unboost|p2a: Torkoal|atk|1
|-unboost|p2b: Farigiraf|atk|1
|turn|6
|
|t:|1782239525
|move|p1a: Pyroar|Heat Wave|p2b: Farigiraf|[spread] p2a,p2b
|-resisted|p2a: Torkoal|1
|-damage|p2a: Torkoal|49/100
|-damage|p2b: Farigiraf|0 fnt
|faint|p2b: Farigiraf
|move|p1b: Gyarados|Waterfall|p2a: Torkoal
|-supereffective|p2a: Torkoal|1
|-damage|p2a: Torkoal|17/100
|move|p2a: Torkoal|Weather Ball|p1b: Gyarados
|-resisted|p1b: Gyarados|1
|-damage|p1b: Gyarados|69/100
|
|-weather|SunnyDay|[upkeep]
|-heal|p1b: Gyarados|75/100|[from] item: Leftovers
|upkeep
|
|t:|1782239538
|switch|p2b: Mamoswine|Mamoswine, L50, F|100/100
|turn|7
|inactive|asmrticuno has 30 seconds left.
|inactive|onlyembers has 30 seconds left.
|inactive|onlyembers has 20 seconds left.
|
|t:|1782239591
|move|p2a: Torkoal|Helping Hand|p2b: Mamoswine
|-singleturn|p2b: Mamoswine|Helping Hand|[of] p2a: Torkoal
|move|p1a: Pyroar|Heat Wave|p2a: Torkoal|[spread] p2a,p2b
|-resisted|p2a: Torkoal|1
|-supereffective|p2b: Mamoswine|1
|-damage|p2a: Torkoal|0 fnt
|-enditem|p2b: Mamoswine|Focus Sash
|-damage|p2b: Mamoswine|1/100
|faint|p2a: Torkoal
|move|p2b: Mamoswine|Rock Slide|p1a: Pyroar|[spread] p1a,p1b
|-supereffective|p1a: Pyroar|1
|-supereffective|p1b: Gyarados|1
|-damage|p1a: Pyroar|37/100
|-damage|p1b: Gyarados|1/100
|move|p1b: Gyarados|Waterfall|p2b: Mamoswine
|-supereffective|p2b: Mamoswine|1
|-damage|p2b: Mamoswine|0 fnt
|faint|p2b: Mamoswine
|
|win|asmrticuno
|l| Cobra Mawi
|c|☆onlyembers|ggs
|c|☆asmrticuno|GG
