|j|☆HasselFreeVGC
|j|☆Dibraldinho13
|html|HasselFreeVGCDibraldinho13    
|uhtml|bestof|Game 2 of a best-of-3
|t:|1756243059
|gametype|doubles
|player|p1|HasselFreeVGC|hassel|1116
|player|p2|Dibraldinho13|102|1144
|gen|9
|tier|[Gen 9] VGC 2025 Reg H (Bo3)
|rated|
|rule|Species Clause: Limit one of each Pokémon
|rule|Item Clause: Limit 1 of each item
|clearpoke
|poke|p1|Samurott-Hisui, L50, M|
|poke|p1|Magmar, L50, M|
|poke|p1|Gholdengo, L50|
|poke|p1|Dragonite, L50, M|
|poke|p1|Annihilape, L50, M|
|poke|p1|Ninetales-Alola, L50, F|
|poke|p2|Gholdengo, L50|
|poke|p2|Amoonguss, L50, F|
|poke|p2|Basculegion, L50, M|
|poke|p2|Pelipper, L50, F|
|poke|p2|Incineroar, L50, M|
|poke|p2|Archaludon, L50, M|
|teampreview|4
|showteam|p1|Samurott-Hisui||ScopeLens|Sharpness|AquaCutter,NightSlash,SacredSword,Protect|||M|||50|,,,,,Ghost]Magmar||Eviolite|VitalSpirit|HeatWave,ClearSmog,FollowMe,Protect|||M|||50|,,,,,Ghost]Gholdengo||IronPlate|GoodasGold|MakeItRain,ShadowBall,NastyPlot,Protect||||||50|,,,,,Dragon]Dragonite||LoadedDice|Multiscale|ScaleShot,StompingTantrum,Tailwind,Protect|||M|||50|,,,,,Ground]Annihilape||SafetyGoggles|VitalSpirit|CloseCombat,RageFist,FinalGambit,Coaching|||M|||50|,,,,,Fairy]Ninetales-Alola||FocusSash|SnowWarning|Blizzard,IcyWind,Encore,AuroraVeil|||F|||50|,,,,,Ghost
|showteam|p2|Gholdengo||LifeOrb|GoodasGold|MakeItRain,ShadowBall,NastyPlot,Protect||||||50|,,,,,Dragon]Amoonguss||SitrusBerry|Regenerator|Spore,RagePowder,PollenPuff,Protect|||F|||50|,,,,,Dark]Basculegion||ChoiceBand|SwiftSwim|WaveCrash,FlipTurn,LastRespects,AquaJet|||M|||50|,,,,,Water]Pelipper||FocusSash|Drizzle|WeatherBall,Hurricane,Tailwind,Protect|||F|||50|,,,,,Ghost]Incineroar||ChopleBerry|Intimidate|KnockOff,Taunt,Uturn,FakeOut|||M|||50|,,,,,Ghost]Archaludon||AssaultVest|Stamina|ElectroShot,FlashCannon,DracoMeteor,BodyPress|||M|||50|,,,,,Grass
|
|t:|1756243112
|teamsize|p1|4
|teamsize|p2|4
|start
|switch|p1a: Dragonite|Dragonite, L50, M|100/100
|switch|p1b: Samurott|Samurott-Hisui, L50, M, shiny|100/100
|switch|p2a: Pelipper|Pelipper, L50, F|100/100
|switch|p2b: Basculegion|Basculegion, L50, M|100/100
|-weather|RainDance|[from] ability: Drizzle|[of] p2a: Pelipper
|turn|1
|inactive|Battle timer is ON: inactive players will automatically lose when time's up. (requested by Dibraldinho13)
|
|t:|1756243171
|move|p2b: Basculegion|Flip Turn|p1b: Samurott
|-resisted|p1b: Samurott
|-damage|p1b: Samurott|65/100
|
|t:|1756243176
|switch|p2b: Amoonguss|Amoonguss, L50, F|100/100|[from] Flip Turn
|move|p1a: Dragonite|Scale Shot|p2a: Pelipper
|-damage|p2a: Pelipper|81/100
|-damage|p2a: Pelipper|60/100
|-damage|p2a: Pelipper|42/100
|-damage|p2a: Pelipper|23/100
|-hitcount|p2a: Pelipper|4
|-unboost|p1a: Dragonite|def|1
|-boost|p1a: Dragonite|spe|1
|move|p2a: Pelipper|Tailwind|p2a: Pelipper
|-sidestart|p2: Dibraldinho13|move: Tailwind
|move|p1b: Samurott|Night Slash|p2b: Amoonguss
|-crit|p2b: Amoonguss
|-damage|p2b: Amoonguss|38/100
|-enditem|p2b: Amoonguss|Sitrus Berry|[eat]
|-heal|p2b: Amoonguss|63/100|[from] item: Sitrus Berry
|
|-weather|RainDance|[upkeep]
|upkeep
|turn|2
|inactive|HasselFreeVGC has 30 seconds left.
|inactive|Dibraldinho13 has 30 seconds left.
|inactive|HasselFreeVGC has 20 seconds left.
|inactive|HasselFreeVGC has 15 seconds left.
|inactive|HasselFreeVGC has 10 seconds left.
|
|t:|1756243222
|switch|p2a: Archaludon|Archaludon, L50, M|100/100
|move|p1a: Dragonite|Scale Shot|p2b: Amoonguss
|-damage|p2b: Amoonguss|51/100
|-damage|p2b: Amoonguss|39/100
|-damage|p2b: Amoonguss|27/100
|-damage|p2b: Amoonguss|15/100
|-hitcount|p2b: Amoonguss|4
|-unboost|p1a: Dragonite|def|1
|-boost|p1a: Dragonite|spe|1
|move|p1b: Samurott|Night Slash|p2b: Amoonguss
|-damage|p2b: Amoonguss|0 fnt
|faint|p2b: Amoonguss
|
|-weather|RainDance|[upkeep]
|upkeep
|
|t:|1756243242
|switch|p2b: Basculegion|Basculegion, L50, M|100/100
|turn|3
|inactive|HasselFreeVGC has 30 seconds left.
|inactive|HasselFreeVGC has 20 seconds left.
|inactive|HasselFreeVGC has 15 seconds left.
|inactive|HasselFreeVGC has 10 seconds left.
|inactive|Dibraldinho13 has 30 seconds left.
|inactive|HasselFreeVGC has 5 seconds left.
|
|t:|1756243296
|move|p1b: Samurott|Protect|p1b: Samurott
|-singleturn|p1b: Samurott|Protect
|move|p2b: Basculegion|Flip Turn|p1a: Dragonite
|-resisted|p1a: Dragonite
|-damage|p1a: Dragonite|60/100
|
|t:|1756243301
|switch|p2b: Pelipper|Pelipper, L50, F|23/100|[from] Flip Turn
|move|p1a: Dragonite|Scale Shot|p2b: Pelipper
|-damage|p2b: Pelipper|3/100
|-damage|p2b: Pelipper|0 fnt
|faint|p2b: Pelipper
|-hitcount|p2: Pelipper|2
|-unboost|p1a: Dragonite|def|1
|-boost|p1a: Dragonite|spe|1
|move|p2a: Archaludon|Electro Shot||[still]
|-prepare|p2a: Archaludon|Electro Shot
|-boost|p2a: Archaludon|spa|1
|-anim|p2a: Archaludon|Electro Shot|p1b: Samurott
|-activate|p1b: Samurott|move: Protect
|
|-weather|RainDance|[upkeep]
|upkeep
|
|t:|1756243315
|switch|p2b: Basculegion|Basculegion, L50, M|100/100
|turn|4
|inactive|Dibraldinho13 has 30 seconds left.
|inactive|Dibraldinho13 has 20 seconds left.
|inactive|Dibraldinho13 has 15 seconds left.
|inactive|Dibraldinho13 has 10 seconds left.
|
|t:|1756243363
|switch|p1b: Gholdengo|Gholdengo, L50|100/100
|move|p1a: Dragonite|Protect|p1a: Dragonite
|-singleturn|p1a: Dragonite|Protect
|move|p2b: Basculegion|Last Respects|p1a: Dragonite
|-activate|p1a: Dragonite|move: Protect
|move|p2a: Archaludon|Flash Cannon|p1b: Gholdengo
|-resisted|p1b: Gholdengo
|-damage|p1b: Gholdengo|72/100
|
|-weather|RainDance|[upkeep]
|-sideend|p2: Dibraldinho13|move: Tailwind
|upkeep
|turn|5
|inactive|HasselFreeVGC has 30 seconds left.
|inactive|Dibraldinho13 has 30 seconds left.
|
|t:|1756243393
|-terastallize|p2b: Basculegion|Water
|move|p1a: Dragonite|Tailwind|p1a: Dragonite
|-sidestart|p1: HasselFreeVGC|move: Tailwind
|move|p1b: Gholdengo|Shadow Ball|p2a: Archaludon
|-damage|p2a: Archaludon|70/100
|-ability|p2a: Archaludon|Stamina|boost
|-boost|p2a: Archaludon|def|1
|move|p2b: Basculegion|Last Respects|p1a: Dragonite
|-damage|p1a: Dragonite|0 fnt
|faint|p1a: Dragonite
|move|p2a: Archaludon|Electro Shot||[still]
|-prepare|p2a: Archaludon|Electro Shot
|-boost|p2a: Archaludon|spa|1
|-anim|p2a: Archaludon|Electro Shot|p1b: Gholdengo
|-damage|p1b: Gholdengo|0 fnt
|faint|p1b: Gholdengo
|
|-weather|none
|upkeep
|
|t:|1756243407
|switch|p1b: Samurott|Samurott-Hisui, L50, M, shiny|65/100
|switch|p1a: Annihilape|Annihilape, L50, M|100/100
|turn|6
|inactive|HasselFreeVGC has 30 seconds left.
|inactive|Dibraldinho13 has 30 seconds left.
|
|t:|1756243441
|move|p1a: Annihilape|Coaching|p1b: Samurott
|-boost|p1b: Samurott|atk|1
|-boost|p1b: Samurott|def|1
|move|p1b: Samurott|Night Slash|p2b: Basculegion
|-crit|p2b: Basculegion
|-damage|p2b: Basculegion|0 fnt
|faint|p2b: Basculegion
|move|p2a: Archaludon|Draco Meteor|p1a: Annihilape|[miss]
|-miss|p2a: Archaludon|p1a: Annihilape
|
|upkeep
|turn|7
|-message|Dibraldinho13 forfeited.
|
|win|HasselFreeVGC
|raw|HasselFreeVGC's rating: 1116 → 1143(+27 for winning)
|raw|Dibraldinho13's rating: 1144 → 1117(-27 for losing)
|l|☆Dibraldinho13
|player|p2|
|j|☆Dibraldinho13
|player|p2|Dibraldinho13|102|
