|j|☆hugoggg
|j|☆b1kope
|html|hugogggb1kope    
|uhtml|bestof|Game 3 of a best-of-3
|t:|1783595401
|gametype|doubles
|player|p1|hugoggg|1|1101
|player|p2|b1kope|101|1304
|gen|9
|tier|[Gen 9 Champions] VGC 2026 Reg M-B (Bo3)
|rated|
|rule|Species Clause: Limit one of each Pokémon
|rule|Item Clause: Limit 1 of each item
|clearpoke
|poke|p1|Meowstic, L50, M|
|poke|p1|Overqwil, L50, M|
|poke|p1|Sableye, L50, F|
|poke|p1|Delphox, L50, M|
|poke|p1|Sneasler, L50, M|
|poke|p1|Falinks, L50|
|poke|p2|Gengar, L50, M|
|poke|p2|Volcarona, L50, F|
|poke|p2|Sinistcha-Masterpiece, L50|
|poke|p2|Tyranitar, L50, F|
|poke|p2|Dragalge, L50, M|
|poke|p2|Excadrill, L50, M|
|teampreview|4
|showteam|p1|Meowstic||BrightPowder|Prankster|FakeOut,SunnyDay,Yawn,LightScreen|Careful||M|||50|]Overqwil||Leftovers|Intimidate|BarbBarrage,Minimize,Stockpile,Protect|Careful||M|||50|]Sableye||LightClay|Prankster|LightScreen,Reflect,Encore,Disable|Bold||F|||50|]Delphox||Delphoxite|Blaze|HeatWave,StoredPower,PsychUp,Protect|Timid||M|||50|]Sneasler||FocusSash|PoisonTouch|CloseCombat,DireClaw,QuickGuard,FakeOut|Jolly||M|||50|]Falinks||SitrusBerry|BattleArmor|BodyPress,PsychUp,Rest,ThroatChop|Impish|||||50|
|showteam|p2|Gengar||Gengarite|CursedBody|ShadowBall,SludgeBomb,WillOWisp,Disable|Timid||M|||50|]Volcarona||Leftovers|FlameBody|QuiverDance,HeatWave,GigaDrain,Protect|Bold||F|||50|]Sinistcha-Masterpiece||OccaBerry|Hospitality|RagePowder,MatchaGotcha,TrickRoom,Protect|Modest|||||50|]Tyranitar||Tyranitarite|SandStream|RockSlide,LowKick,IcePunch,Protect|Adamant||F|||50|]Dragalge||LifeOrb|Adaptability|SludgeBomb,DracoMeteor,Scald,Protect|Quiet||M|||50|]Excadrill||FocusSash|SandRush|HighHorsepower,IronHead,Protect,RockSlide|Adamant||M|||50|
|
|t:|1783595439
|teamsize|p1|4
|teamsize|p2|4
|start
|switch|p1a: Overqwil|Overqwil, L50, M|100/100
|switch|p1b: Sableye|Sableye, L50, F|100/100
|switch|p2a: Excadrill|Excadrill, L50, M|100/100
|switch|p2b: Volcarona|Volcarona, L50, F|100/100
|-ability|p1a: Overqwil|Intimidate|boost
|-unboost|p2a: Excadrill|atk|1
|-unboost|p2b: Volcarona|atk|1
|turn|1
|
|t:|1783595466
|move|p1b: Sableye|Reflect|p1b: Sableye
|-sidestart|p1: hugoggg|Reflect
|move|p2a: Excadrill|High Horsepower|p1a: Overqwil
|-supereffective|p1a: Overqwil|1
|-damage|p1a: Overqwil|52/100
|move|p2b: Volcarona|Quiver Dance|p2b: Volcarona
|-boost|p2b: Volcarona|spa|1
|-boost|p2b: Volcarona|spd|1
|-boost|p2b: Volcarona|spe|1
|move|p1a: Overqwil|Minimize|p1a: Overqwil
|-boost|p1a: Overqwil|evasion|2
|
|-heal|p1a: Overqwil|58/100|[from] item: Leftovers
|upkeep
|turn|2
|
|t:|1783595486
|move|p1a: Overqwil|Protect|p1a: Overqwil
|-singleturn|p1a: Overqwil|Protect
|move|p1b: Sableye|Encore|p2b: Volcarona
|-start|p2b: Volcarona|Encore
|move|p2b: Volcarona|Quiver Dance|p2b: Volcarona
|-boost|p2b: Volcarona|spa|1
|-boost|p2b: Volcarona|spd|1
|-boost|p2b: Volcarona|spe|1
|move|p2a: Excadrill|High Horsepower|p1a: Overqwil
|-activate|p1a: Overqwil|move: Protect
|
|-heal|p1a: Overqwil|64/100|[from] item: Leftovers
|upkeep
|turn|3
|
|t:|1783595502
|move|p1b: Sableye|Disable|p2a: Excadrill
|-start|p2a: Excadrill|Disable|High Horsepower
|move|p2b: Volcarona|Quiver Dance|p2b: Volcarona
|-boost|p2b: Volcarona|spa|1
|-boost|p2b: Volcarona|spd|1
|-boost|p2b: Volcarona|spe|1
|cant|p2a: Excadrill|Disable|High Horsepower
|move|p1a: Overqwil|Minimize|p1a: Overqwil
|-boost|p1a: Overqwil|evasion|2
|
|-heal|p1a: Overqwil|70/100|[from] item: Leftovers
|upkeep
|turn|4
|
|t:|1783595515
|move|p1b: Sableye|Disable|p2b: Volcarona
|-start|p2b: Volcarona|Disable|Quiver Dance
|cant|p2b: Volcarona|Disable|Quiver Dance
|move|p2a: Excadrill|Iron Head|p1a: Overqwil|[miss]
|-miss|p2a: Excadrill|p1a: Overqwil
|move|p1a: Overqwil|Minimize|p1a: Overqwil
|-boost|p1a: Overqwil|evasion|2
|
|-heal|p1a: Overqwil|77/100|[from] item: Leftovers
|-end|p2b: Volcarona|Encore
|upkeep
|turn|5
|c|☆b1kope|ong u trash
|
|t:|1783595556
|move|p1b: Sableye|Light Screen|p1b: Sableye
|-sidestart|p1: hugoggg|move: Light Screen
|move|p2b: Volcarona|Heat Wave|p1b: Sableye|[spread] p1b
|-miss|p2b: Volcarona|p1a: Overqwil
|-damage|p1b: Sableye|19/100
|move|p2a: Excadrill|Iron Head|p1a: Overqwil|[miss]
|-miss|p2a: Excadrill|p1a: Overqwil
|move|p1a: Overqwil|Minimize|p1a: Overqwil
|-boost|p1a: Overqwil|evasion|0
|
|-heal|p1a: Overqwil|83/100|[from] item: Leftovers
|upkeep
|turn|6
|
|t:|1783595581
|move|p1b: Sableye|Disable||[still]
|-fail|p1b: Sableye
|move|p2b: Volcarona|Heat Wave|p1a: Overqwil|[spread] p1b
|-miss|p2b: Volcarona|p1a: Overqwil
|-damage|p1b: Sableye|0 fnt
|faint|p1b: Sableye
|move|p2a: Excadrill|Iron Head|p1a: Overqwil|[miss]
|-miss|p2a: Excadrill|p1a: Overqwil
|move|p1a: Overqwil|Stockpile|p1a: Overqwil
|-start|p1a: Overqwil|stockpile1
|-boost|p1a: Overqwil|def|1
|-boost|p1a: Overqwil|spd|1
|
|-heal|p1a: Overqwil|89/100|[from] item: Leftovers
|-end|p2a: Excadrill|Disable
|upkeep
|
|t:|1783595595
|switch|p1b: Delphox|Delphox, L50, M|100/100
|turn|7
|
|t:|1783595604
|detailschange|p1b: Delphox|Delphox-Mega, L50, M
|-mega|p1b: Delphox|Delphox|Delphoxite
|move|p2b: Volcarona|Heat Wave|p1a: Overqwil|[spread] p1b
|-miss|p2b: Volcarona|p1a: Overqwil
|-resisted|p1b: Delphox|1
|-damage|p1b: Delphox|80/100
|move|p1b: Delphox|Psych Up|p1a: Overqwil
|-copyboost|p1b: Delphox|p1a: Overqwil|[from] move: Psych Up
|move|p2a: Excadrill|Rock Slide|p1a: Overqwil|[spread] 
|-miss|p2a: Excadrill|p1a: Overqwil
|-miss|p2a: Excadrill|p1b: Delphox
|move|p1a: Overqwil|Stockpile|p1a: Overqwil
|-start|p1a: Overqwil|stockpile2
|-boost|p1a: Overqwil|def|1
|-boost|p1a: Overqwil|spd|1
|
|-heal|p1a: Overqwil|95/100|[from] item: Leftovers
|-end|p2b: Volcarona|Disable
|upkeep
|turn|8
|
|t:|1783595616
|move|p2b: Volcarona|Quiver Dance|p2b: Volcarona
|-boost|p2b: Volcarona|spa|1
|-boost|p2b: Volcarona|spd|1
|-boost|p2b: Volcarona|spe|1
|move|p1b: Delphox|Heat Wave|p2b: Volcarona|[spread] p2b
|-miss|p1b: Delphox|p2a: Excadrill
|-damage|p2b: Volcarona|87/100
|move|p2a: Excadrill|Rock Slide|p1b: Delphox|[spread] 
|-miss|p2a: Excadrill|p1a: Overqwil
|-miss|p2a: Excadrill|p1b: Delphox
|move|p1a: Overqwil|Barb Barrage|p2b: Volcarona
|-damage|p2b: Volcarona|65/100
|
|-heal|p2b: Volcarona|71/100|[from] item: Leftovers
|-heal|p1a: Overqwil|100/100|[from] item: Leftovers
|-sideend|p1: hugoggg|Reflect
|upkeep
|turn|9
|
|t:|1783595635
|move|p2b: Volcarona|Quiver Dance|p2b: Volcarona
|-boost|p2b: Volcarona|spa|1
|-boost|p2b: Volcarona|spd|1
|-boost|p2b: Volcarona|spe|1
|move|p1b: Delphox|Heat Wave|p2a: Excadrill|[spread] p2a,p2b
|-supereffective|p2a: Excadrill|1
|-damage|p2a: Excadrill|1/100
|-damage|p2b: Volcarona|62/100
|move|p2a: Excadrill|Rock Slide|p1b: Delphox|[spread] p1a,p1b
|-supereffective|p1b: Delphox|1
|-damage|p1a: Overqwil|93/100
|-damage|p1b: Delphox|57/100
|cant|p1a: Overqwil|flinch
|
|-heal|p2b: Volcarona|68/100|[from] item: Leftovers
|-heal|p1a: Overqwil|100/100|[from] item: Leftovers
|upkeep
|turn|10
|
|t:|1783595650
|move|p2b: Volcarona|Giga Drain|p1b: Delphox
|-resisted|p1b: Delphox|1
|-damage|p1b: Delphox|42/100
|-heal|p2b: Volcarona|75/100|[from] drain|[of] p1b: Delphox
|move|p1b: Delphox|Stored Power|p2b: Volcarona
|-damage|p2b: Volcarona|51/100
|move|p2a: Excadrill|Rock Slide|p1b: Delphox|[spread] p1b
|-miss|p2a: Excadrill|p1a: Overqwil
|-supereffective|p1b: Delphox|1
|-damage|p1b: Delphox|16/100
|move|p1a: Overqwil|Barb Barrage|p2b: Volcarona
|-damage|p2b: Volcarona|29/100
|
|-heal|p2b: Volcarona|35/100|[from] item: Leftovers
|upkeep
|turn|11
|
|t:|1783595669
|move|p2b: Volcarona|Protect|p2b: Volcarona
|-singleturn|p2b: Volcarona|Protect
|move|p1b: Delphox|Heat Wave|p2b: Volcarona|[spread] p2a
|-activate|p2b: Volcarona|move: Protect
|-supereffective|p2a: Excadrill|1
|-crit|p2a: Excadrill
|-damage|p2a: Excadrill|0 fnt
|faint|p2a: Excadrill
|move|p1a: Overqwil|Barb Barrage|p2b: Volcarona
|-activate|p2b: Volcarona|move: Protect
|
|-heal|p2b: Volcarona|42/100|[from] item: Leftovers
|upkeep
|
|t:|1783595675
|switch|p2a: Tyranitar|Tyranitar, L50, F|100/100
|-weather|Sandstorm|[from] ability: Sand Stream|[of] p2a: Tyranitar
|turn|12
|
|t:|1783595683
|detailschange|p2a: Tyranitar|Tyranitar-Mega, L50, F
|-mega|p2a: Tyranitar|Tyranitar|Tyranitarite
|move|p2b: Volcarona|Giga Drain|p1b: Delphox|[miss]
|-miss|p2b: Volcarona|p1b: Delphox
|move|p1b: Delphox|Heat Wave|p2a: Tyranitar|[spread] p2b
|-miss|p1b: Delphox|p2a: Tyranitar
|-damage|p2b: Volcarona|32/100
|move|p1a: Overqwil|Barb Barrage|p2b: Volcarona
|-damage|p2b: Volcarona|11/100
|-status|p2b: Volcarona|psn
|move|p2a: Tyranitar|Rock Slide|p1a: Overqwil|[spread] 
|-miss|p2a: Tyranitar|p1a: Overqwil
|-miss|p2a: Tyranitar|p1b: Delphox
|
|-weather|Sandstorm|[upkeep]
|-damage|p2b: Volcarona|5/100 psn|[from] Sandstorm
|-damage|p1b: Delphox|10/100|[from] Sandstorm
|-damage|p1a: Overqwil|93/100|[from] Sandstorm
|-heal|p2b: Volcarona|11/100 psn|[from] item: Leftovers
|-heal|p1a: Overqwil|100/100|[from] item: Leftovers
|-damage|p2b: Volcarona|0 fnt|[from] psn
|faint|p2b: Volcarona
|-sideend|p1: hugoggg|move: Light Screen
|upkeep
|
|t:|1783595694
|switch|p2b: Gengar|Gengar, L50, M|100/100
|turn|13
|
|t:|1783595707
|move|p1b: Delphox|Stored Power|p2b: Gengar
|-supereffective|p2b: Gengar|1
|-damage|p2b: Gengar|0 fnt
|faint|p2b: Gengar
|move|p1a: Overqwil|Barb Barrage|p2a: Tyranitar
|-resisted|p2a: Tyranitar|1
|-damage|p2a: Tyranitar|92/100
|-status|p2a: Tyranitar|psn
|move|p2a: Tyranitar|Rock Slide|p1b: Delphox|[spread] p1a
|-miss|p2a: Tyranitar|p1b: Delphox
|-damage|p1a: Overqwil|81/100
|
|-weather|Sandstorm|[upkeep]
|-damage|p1b: Delphox|4/100|[from] Sandstorm
|-damage|p1a: Overqwil|75/100|[from] Sandstorm
|-heal|p1a: Overqwil|81/100|[from] item: Leftovers
|-damage|p2a: Tyranitar|80/100 psn|[from] psn
|upkeep
|turn|14
|c|☆b1kope|ur mum sucks dicks a lot
|n|‽b1kope|b1kope
|c|~|/log b1kope was locked from talking by Artemis. (☆b1kope: ur mum sucks dicks a lot)
|c|~|/raw This action was done automatically. Want to learn more about the AI? Visit the information thread.
|c|☆hugoggg|xd
|inactive|Battle timer is ON: inactive players will automatically lose when time's up. (requested by b1kope)
|inactive|b1kope has 60 seconds left.
|inactive|b1kope has 30 seconds left.
|inactive|b1kope has 20 seconds left.
|inactive|b1kope has 15 seconds left.
|inactive|b1kope has 10 seconds left.
|inactive|b1kope has 5 seconds left.
|
|t:|1783595835
|move|p2a: Tyranitar|Protect|p2a: Tyranitar
|-singleturn|p2a: Tyranitar|Protect
|move|p1b: Delphox|Heat Wave|p2a: Tyranitar
|-activate|p2a: Tyranitar|move: Protect
|move|p1a: Overqwil|Barb Barrage|p2a: Tyranitar
|-activate|p2a: Tyranitar|move: Protect
|
|-weather|Sandstorm|[upkeep]
|-damage|p1b: Delphox|0 fnt|[from] Sandstorm
|-damage|p1a: Overqwil|75/100|[from] Sandstorm
|faint|p1b: Delphox
|-heal|p1a: Overqwil|81/100|[from] item: Leftovers
|-damage|p2a: Tyranitar|68/100 psn|[from] psn
|upkeep
|
|t:|1783595848
|switch|p1b: Falinks|Falinks, L50|100/100
|turn|15
|inactive|b1kope has 30 seconds left.
|inactive|b1kope has 20 seconds left.
|inactive|b1kope has 15 seconds left.
|inactive|b1kope has 10 seconds left.
|inactive|b1kope has 5 seconds left.
|inactiveoff|Battle timer is now OFF.
|inactive|Battle timer is ON: inactive players will automatically lose when time's up. (requested by hugoggg)
|inactive|b1kope has 30 seconds left.
|inactive|b1kope has 20 seconds left.
|inactive|b1kope has 15 seconds left.
|inactive|b1kope has 10 seconds left.
|inactive|b1kope has 5 seconds left.
|
|t:|1783595969
|move|p2a: Tyranitar|Protect||[still]
|-fail|p2a: Tyranitar
|move|p1a: Overqwil|Barb Barrage|p2a: Tyranitar
|-resisted|p2a: Tyranitar|1
|-damage|p2a: Tyranitar|55/100 psn
|move|p1b: Falinks|Body Press|p2a: Tyranitar
|-supereffective|p2a: Tyranitar|2
|-damage|p2a: Tyranitar|0 fnt
|faint|p2a: Tyranitar
|
|win|hugoggg
|raw|hugoggg's rating: 1101 → 1139(+38 for winning)
|raw|b1kope's rating: 1304 → 1273(-31 for losing)
|c|☆hugoggg|ggwp!
