|j|☆lerry27
|j|☆houseofnerdz
|html|lerry27houseofnerdz    
|uhtml|bestof|Game 1 of a best-of-3
|t:|1782509656
|gametype|doubles
|player|p1|lerry27|brycen|1040
|player|p2|houseofnerdz|1|1091
|gen|9
|tier|[Gen 9 Champions] VGC 2026 Reg M-B (Bo3)
|rated|
|rule|Species Clause: Limit one of each Pokémon
|rule|Item Clause: Limit 1 of each item
|clearpoke
|poke|p1|Gengar, L50, M, shiny|
|poke|p1|Maushold-Four, L50|
|poke|p1|Blastoise, L50, M|
|poke|p1|Sinistcha, L50|
|poke|p1|Politoed, L50, F, shiny|
|poke|p1|Incineroar, L50, M, shiny|
|poke|p2|Hydreigon, L50, F|
|poke|p2|Garchomp, L50, M|
|poke|p2|Metagross, L50|
|poke|p2|Charizard, L50, F|
|poke|p2|Grimmsnarl, L50, M|
|poke|p2|Toxapex, L50, M|
|teampreview|4
|showteam|p1|Gengar||Gengarite|CursedBody|SludgeBomb,PerishSong,ShadowBall,Protect|Modest||M|||50|]Maushold-Four||ChopleBerry|FriendGuard|FollowMe,HelpingHand,Uturn,Protect|Impish|||||50|]Blastoise||Blastoisinite|Torrent|WaterSpout,DarkPulse,ShellSmash,Protect|Modest||M|||50|]Sinistcha||KasibBerry|Hospitality|LifeDew,MatchaGotcha,RagePowder,Protect|Bold|||||50|]Politoed||SitrusBerry|Drizzle|PerishSong,Protect,WeatherBall,IceBeam|Calm||F|||50|]Incineroar||PasshoBerry|Intimidate|FakeOut,ThroatChop,PartingShot,Protect|Careful||M|||50|
|showteam|p2|Hydreigon||ChoiceScarf|Levitate|HeatWave,DarkPulse,DracoMeteor,Snarl|Modest||F|||50|]Garchomp||SitrusBerry|RoughSkin|Earthquake,RockSlide,DragonClaw,Protect|Adamant||M|||50|]Metagross||Metagrossite|ClearBody|IronHead,HammerArm,BulletPunch,Protect|Adamant|||||50|]Charizard||CharizarditeY|Blaze|Protect,HeatWave,SolarBeam,WeatherBall|Timid||F|||50|]Grimmsnarl||RoseliBerry|Prankster|FakeOut,FoulPlay,Reflect,PartingShot|Sassy||M|||50|]Toxapex||Leftovers|Regenerator|Infestation,Toxic,BanefulBunker,WideGuard|Bold||M|||50|
|
|t:|1782509696
|teamsize|p1|4
|teamsize|p2|4
|start
|switch|p1a: Incineroar|Incineroar, L50, M, shiny|100/100
|switch|p1b: Gengar|Gengar, L50, M, shiny|100/100
|switch|p2a: Grimmsnarl|Grimmsnarl, L50, M|100/100
|switch|p2b: Toxapex|Toxapex, L50, M|100/100
|-ability|p1a: Incineroar|Intimidate|boost
|-unboost|p2a: Grimmsnarl|atk|1
|-unboost|p2b: Toxapex|atk|1
|turn|1
|
|t:|1782509728
|detailschange|p1b: Gengar|Gengar-Mega, L50, M, shiny
|-mega|p1b: Gengar|Gengar|Gengarite
|move|p1a: Incineroar|Fake Out|p2b: Toxapex
|-damage|p2b: Toxapex|92/100
|move|p2a: Grimmsnarl|Parting Shot|p1b: Gengar
|-unboost|p1b: Gengar|atk|1
|-unboost|p1b: Gengar|spa|1
|
|t:|1782509737
|switch|p2a: Garchomp|Garchomp, L50, M|100/100|[from] Parting Shot
|move|p1b: Gengar|Perish Song|p1b: Gengar
|-start|p1a: Incineroar|perish3|[silent]
|-start|p1b: Gengar|perish3|[silent]
|-start|p2a: Garchomp|perish3|[silent]
|-start|p2b: Toxapex|perish3|[silent]
|-fieldactivate|move: Perish Song
|cant|p2b: Toxapex|flinch
|
|-heal|p2b: Toxapex|98/100|[from] item: Leftovers
|-start|p1b: Gengar|perish3
|-start|p2a: Garchomp|perish3
|-start|p1a: Incineroar|perish3
|-start|p2b: Toxapex|perish3
|upkeep
|turn|2
|
|t:|1782509776
|move|p1b: Gengar|Protect|p1b: Gengar
|-singleturn|p1b: Gengar|Protect
|move|p1a: Incineroar|Protect|p1a: Incineroar
|-singleturn|p1a: Incineroar|Protect
|move|p2b: Toxapex|Wide Guard|p2b: Toxapex
|-singleturn|p2b: Toxapex|Wide Guard
|move|p2a: Garchomp|Earthquake|p1b: Gengar|[spread] 
|-activate|p2b: Toxapex|move: Wide Guard
|-activate|p1a: Incineroar|move: Protect
|-activate|p1b: Gengar|move: Protect
|
|-heal|p2b: Toxapex|100/100|[from] item: Leftovers
|-start|p1b: Gengar|perish2
|-start|p2a: Garchomp|perish2
|-start|p1a: Incineroar|perish2
|-start|p2b: Toxapex|perish2
|upkeep
|turn|3
|
|t:|1782509800
|switch|p1b: Maushold|Maushold-Four, L50|100/100
|move|p2b: Toxapex|Wide Guard|p2b: Toxapex
|-singleturn|p2b: Toxapex|Wide Guard
|move|p2a: Garchomp|Earthquake|p1b: Maushold|[spread] p1a,p1b
|-activate|p2b: Toxapex|move: Wide Guard
|-supereffective|p1a: Incineroar|1
|-damage|p1a: Incineroar|48/100
|-damage|p1b: Maushold|67/100
|move|p1a: Incineroar|Parting Shot|p2b: Toxapex
|-unboost|p2b: Toxapex|atk|1
|-unboost|p2b: Toxapex|spa|1
|
|t:|1782509813
|switch|p1a: Gengar|Gengar-Mega, L50, M, shiny|100/100|[from] Parting Shot
|
|-start|p2a: Garchomp|perish1
|-start|p2b: Toxapex|perish1
|upkeep
|turn|4
|
|t:|1782509826
|move|p1a: Gengar|Protect|p1a: Gengar
|-singleturn|p1a: Gengar|Protect
|move|p1b: Maushold|Protect|p1b: Maushold
|-singleturn|p1b: Maushold|Protect
|move|p2a: Garchomp|Rock Slide|p1b: Maushold|[spread] 
|-activate|p1a: Gengar|move: Protect
|-activate|p1b: Maushold|move: Protect
|move|p2b: Toxapex|Infestation|p1b: Maushold
|-activate|p1b: Maushold|move: Protect
|
|-start|p2a: Garchomp|perish0
|-start|p2b: Toxapex|perish0
|faint|p2a: Garchomp
|faint|p2b: Toxapex
|upkeep
|
|t:|1782509830
|switch|p2a: Metagross|Metagross, L50|100/100
|switch|p2b: Grimmsnarl|Grimmsnarl, L50, M|100/100
|turn|5
|
|t:|1782509852
|detailschange|p2a: Metagross|Metagross-Mega, L50
|-mega|p2a: Metagross|Metagross|Metagrossite
|move|p1b: Maushold|Follow Me|p1b: Maushold
|-singleturn|p1b: Maushold|move: Follow Me
|move|p2b: Grimmsnarl|Parting Shot|p1b: Maushold
|-unboost|p1b: Maushold|atk|1
|-unboost|p1b: Maushold|spa|1
|move|p1a: Gengar|Perish Song|p1a: Gengar
|-start|p1a: Gengar|perish3|[silent]
|-start|p1b: Maushold|perish3|[silent]
|-start|p2a: Metagross|perish3|[silent]
|-start|p2b: Grimmsnarl|perish3|[silent]
|-fieldactivate|move: Perish Song
|move|p2a: Metagross|Iron Head|p1b: Maushold
|-damage|p1b: Maushold|12/100
|
|-start|p1a: Gengar|perish3
|-start|p1b: Maushold|perish3
|-start|p2a: Metagross|perish3
|-start|p2b: Grimmsnarl|perish3
|upkeep
|turn|6
|
|t:|1782509896
|move|p1a: Gengar|Protect|p1a: Gengar
|-singleturn|p1a: Gengar|Protect
|move|p1b: Maushold|Protect|p1b: Maushold
|-singleturn|p1b: Maushold|Protect
|move|p2a: Metagross|Hammer Arm|p1b: Maushold
|-activate|p1b: Maushold|move: Protect
|move|p2b: Grimmsnarl|Foul Play|p1a: Gengar
|-activate|p1a: Gengar|move: Protect
|
|-start|p1a: Gengar|perish2
|-start|p2a: Metagross|perish2
|-start|p1b: Maushold|perish2
|-start|p2b: Grimmsnarl|perish2
|upkeep
|turn|7
|
|t:|1782509924
|switch|p1a: Incineroar|Incineroar, L50, M, shiny|48/100
|-ability|p1a: Incineroar|Intimidate|boost
|-unboost|p2a: Metagross|atk|1
|-unboost|p2b: Grimmsnarl|atk|1
|move|p1b: Maushold|U-turn|p2a: Metagross
|-damage|p2a: Metagross|93/100
|
|t:|1782509932
|switch|p1b: Politoed|Politoed, L50, F, shiny|100/100|[from] U-turn
|-weather|RainDance|[from] ability: Drizzle|[of] p1b: Politoed
|move|p2a: Metagross|Hammer Arm|p1b: Politoed
|-crit|p1b: Politoed
|-damage|p1b: Politoed|7/100
|-unboost|p2a: Metagross|spe|1
|-enditem|p1b: Politoed|Sitrus Berry|[eat]
|-heal|p1b: Politoed|32/100|[from] item: Sitrus Berry
|move|p2b: Grimmsnarl|Foul Play|p1a: Incineroar
|-resisted|p1a: Incineroar|1
|-damage|p1a: Incineroar|31/100
|
|-weather|RainDance|[upkeep]
|-start|p2a: Metagross|perish1
|-start|p2b: Grimmsnarl|perish1
|upkeep
|turn|8
|
|t:|1782509950
|move|p1a: Incineroar|Protect|p1a: Incineroar
|-singleturn|p1a: Incineroar|Protect
|move|p1b: Politoed|Protect|p1b: Politoed
|-singleturn|p1b: Politoed|Protect
|move|p2a: Metagross|Hammer Arm|p1a: Incineroar
|-activate|p1a: Incineroar|move: Protect
|move|p2b: Grimmsnarl|Foul Play|p1b: Politoed
|-activate|p1b: Politoed|move: Protect
|
|-weather|RainDance|[upkeep]
|-start|p2a: Metagross|perish0
|-start|p2b: Grimmsnarl|perish0
|faint|p2a: Metagross
|faint|p2b: Grimmsnarl
|
|win|lerry27
||houseofnerdz is ready for game 2.
|l|☆houseofnerdz
|player|p2|
|inactive|lerry27 has 30 seconds to confirm battle start!
||lerry27 is ready for game 2.
|uhtml|next|Next: Game 2 of 3
