|j|☆komsu
|j|☆origin_enjoyer
|html|komsuorigin_enjoyer    
|uhtml|bestof|Game 1 of a best-of-3
|t:|1784147759
|gametype|doubles
|player|p1|komsu|gambler|1230
|player|p2|origin_enjoyer|dawn|1160
|gen|9
|tier|[Gen 9 Champions] VGC 2026 Reg M-B (Bo3)
|rated|
|rule|Species Clause: Limit one of each Pokémon
|rule|Item Clause: Limit 1 of each item
|clearpoke
|poke|p1|Kingambit, L50, M|
|poke|p1|Charizard, L50, F|
|poke|p1|Aerodactyl, L50, M|
|poke|p1|Farigiraf, L50, M|
|poke|p1|Garchomp, L50, M|
|poke|p1|Sylveon, L50, M|
|poke|p2|Staraptor, L50, M, shiny|
|poke|p2|Eelektross, L50, F|
|poke|p2|Garchomp, L50, F|
|poke|p2|Empoleon, L50, M|
|poke|p2|Whimsicott, L50, M|
|poke|p2|Sableye, L50, F|
|teampreview|4
|showteam|p1|Kingambit||FocusSash|Defiant|KowtowCleave,IronHead,SuckerPunch,LowKick|Adamant||M|||50|]Charizard||CharizarditeY|Blaze|HeatWave,SolarBeam,WeatherBall,Protect|Modest||F|||50|]Aerodactyl||Aerodactylite|Unnerve|RockSlide,DualWingbeat,IceFang,Tailwind|Jolly||M|||50|]Farigiraf||SitrusBerry|ArmorTail|Psychic,Thunderbolt,TrickRoom,Protect|Bold||M|||50|]Garchomp||LifeOrb|RoughSkin|Earthquake,DragonClaw,RockSlide,Protect|Jolly||M|||50|]Sylveon||FairyFeather|Pixilate|HyperVoice,HyperBeam,QuickAttack,Protect|Modest||M|||50|
|showteam|p2|Staraptor||Staraptite|Intimidate|CloseCombat,BraveBird,Protect,Roost|Jolly||M|||50|]Eelektross||Eelektrossite|Levitate|Protect,Thunderbolt,Flamethrower,Discharge|Modest||F|||50|]Garchomp||LifeOrb|RoughSkin|Protect,DragonClaw,Earthquake,RockSlide|Jolly||F|||50|]Empoleon||SitrusBerry|Competitive|Protect,HydroPump,FlashCannon,IceBeam|Quiet||M|||50|]Whimsicott||FocusSash|Prankster|Tailwind,Moonblast,Protect,Charm|Bold||M|||50|]Sableye||RoseliBerry|Prankster|FakeOut,Quash,LightScreen,Encore|Impish||F|||50|
|c|☆origin_enjoyer|glhf
|
|t:|1784147837
|teamsize|p1|4
|teamsize|p2|4
|start
|switch|p1a: Farigiraf|Farigiraf, L50, M|100/100
|switch|p1b: Kingambit|Kingambit, L50, M|100/100
|switch|p2a: keroro|Garchomp, L50, F|100/100
|switch|p2b: guillermeta|Whimsicott, L50, M|100/100
|turn|1
|
|t:|1784147873
|switch|p1b: Sylveon|Sylveon, L50, M|100/100
|move|p2a: keroro|Earthquake|p1a: Farigiraf|[spread] p2b,p1a,p1b
|-resisted|p2b: guillermeta|1
|-damage|p2b: guillermeta|78/100
|-damage|p1a: Farigiraf|57/100
|-damage|p1b: Sylveon|42/100
|-damage|p2a: keroro|90/100|[from] item: Life Orb
|move|p2b: guillermeta|Moonblast|p1b: Sylveon
|-damage|p1b: Sylveon|17/100
|move|p1a: Farigiraf|Trick Room|p1a: Farigiraf
|-fieldstart|move: Trick Room|[of] p1a: Farigiraf
|
|upkeep
|turn|2
|
|t:|1784147922
|switch|p2a: Scalion|Empoleon, L50, M|100/100
|move|p1a: Farigiraf|Thunderbolt|p2a: Scalion
|-supereffective|p2a: Scalion|1
|-damage|p2a: Scalion|60/100
|move|p1b: Sylveon|Hyper Voice|p2a: Scalion|[spread] p2a,p2b
|-resisted|p2a: Scalion|1
|-damage|p2a: Scalion|36/100
|-damage|p2b: guillermeta|17/100
|-enditem|p2a: Scalion|Sitrus Berry|[eat]
|-heal|p2a: Scalion|61/100|[from] item: Sitrus Berry
|move|p2b: guillermeta|Moonblast|p1b: Sylveon
|-damage|p1b: Sylveon|0 fnt
|faint|p1b: Sylveon
|
|upkeep
|
|t:|1784147938
|switch|p1b: Kingambit|Kingambit, L50, M|100/100
|turn|3
|
|t:|1784147965
|move|p1b: Kingambit|Sucker Punch|p2a: Scalion
|-damage|p2a: Scalion|21/100
|move|p2a: Scalion|Hydro Pump|p1b: Kingambit
|-damage|p1b: Kingambit|35/100
|move|p1a: Farigiraf|Thunderbolt|p2a: Scalion
|-supereffective|p2a: Scalion|1
|-damage|p2a: Scalion|0 fnt
|faint|p2a: Scalion
|move|p2b: guillermeta|Moonblast|p1b: Kingambit
|-damage|p1b: Kingambit|6/100
|
|upkeep
|
|t:|1784147981
|switch|p2a: keroro|Garchomp, L50, F|90/100
|turn|4
|
|t:|1784148023
|move|p2b: guillermeta|Protect|p2b: guillermeta
|-singleturn|p2b: guillermeta|Protect
|move|p1b: Kingambit|Sucker Punch||[still]
|-fail|p1b: Kingambit
|move|p1a: Farigiraf|Psychic|p2a: keroro
|-damage|p2a: keroro|54/100
|move|p2a: keroro|Earthquake|p1a: Farigiraf|[spread] p1a,p1b
|-activate|p2b: guillermeta|move: Protect
|-supereffective|p1b: Kingambit|1
|-damage|p1a: Farigiraf|14/100
|-damage|p1b: Kingambit|0 fnt
|-enditem|p1a: Farigiraf|Sitrus Berry|[eat]
|-heal|p1a: Farigiraf|39/100|[from] item: Sitrus Berry
|faint|p1b: Kingambit
|-damage|p2a: keroro|44/100|[from] item: Life Orb
|
|upkeep
|
|t:|1784148037
|switch|p1b: Aerodactyl|Aerodactyl, L50, M|100/100
|-ability|p1b: Aerodactyl|Unnerve
|turn|5
|
|t:|1784148063
|detailschange|p1b: Aerodactyl|Aerodactyl-Mega, L50, M
|-mega|p1b: Aerodactyl|Aerodactyl|Aerodactylite
|move|p2b: guillermeta|Tailwind|p2b: guillermeta
|-sidestart|p2: origin_enjoyer|move: Tailwind
|move|p1a: Farigiraf|Psychic|p2b: guillermeta
|-damage|p2b: guillermeta|0 fnt
|faint|p2b: guillermeta
|move|p1b: Aerodactyl|Ice Fang|p2a: keroro
|-supereffective|p2a: keroro|2
|-damage|p2a: keroro|0 fnt
|-damage|p1b: Aerodactyl|87/100|[from] ability: Rough Skin|[of] p2a: keroro
|faint|p2a: keroro
|
|-fieldend|move: Trick Room
|upkeep
|
|t:|1784148072
|switch|p2b: Marty the Martian|Eelektross, L50, F|100/100
|turn|6
|
|t:|1784148087
|detailschange|p2b: Marty the Martian|Eelektross-Mega, L50, F
|-mega|p2b: Marty the Martian|Eelektross|Eelektrossite
|move|p1b: Aerodactyl|Rock Slide|p2b: Marty the Martian
|-damage|p2b: Marty the Martian|64/100
|move|p2b: Marty the Martian|Discharge|p1a: Farigiraf|[spread] p1a,p1b
|-supereffective|p1b: Aerodactyl|1
|-damage|p1a: Farigiraf|7/100
|-damage|p1b: Aerodactyl|17/100
|-status|p1b: Aerodactyl|par
|move|p1a: Farigiraf|Trick Room|p1a: Farigiraf
|-fieldstart|move: Trick Room|[of] p1a: Farigiraf
|
|upkeep
|turn|7
|
|t:|1784148101
|move|p1a: Farigiraf|Psychic|p2b: Marty the Martian
|-damage|p2b: Marty the Martian|29/100
|move|p1b: Aerodactyl|Rock Slide|p2b: Marty the Martian
|-damage|p2b: Marty the Martian|0 fnt
|faint|p2b: Marty the Martian
|
|win|komsu
||origin_enjoyer is ready for game 2.
|inactive|komsu has 30 seconds to confirm battle start!
||komsu is ready for game 2.
|uhtml|next|Next: Game 2 of 3
