|j|☆HeracrossVGC
|j|☆CrusaderJCM
|html|HeracrossVGCCrusaderJCM    
|uhtml|bestof|Game 2 of a best-of-3
|t:|1757000918
|gametype|doubles
|player|p1|HeracrossVGC|169|1270
|player|p2|CrusaderJCM|170|1343
|gen|9
|tier|[Gen 9] VGC 2025 Reg H (Bo3)
|rated|
|rule|Species Clause: Limit one of each Pokémon
|rule|Item Clause: Limit 1 of each item
|clearpoke
|poke|p1|Gholdengo, L50|
|poke|p1|Sneasler, L50, M|
|poke|p1|Rillaboom, L50, F|
|poke|p1|Dragonite, L50, M|
|poke|p1|Ninetales-Alola, L50, M|
|poke|p1|Arcanine-Hisui, L50, F|
|poke|p2|Farigiraf, L50, F|
|poke|p2|Ursaluna-Bloodmoon, L50, M|
|poke|p2|Incineroar, L50, M|
|poke|p2|Electabuzz, L50, M|
|poke|p2|Salamence, L50, F|
|poke|p2|Sneasler, L50, M|
|teampreview|4
|showteam|p1|Gholdengo||GrassySeed|GoodasGold|NastyPlot,MakeItRain,ShadowBall,Protect||||||50|,,,,,Water]Sneasler||WhiteHerb|Unburden|CloseCombat,DireClaw,Coaching,Protect|||M|||50|,,,,,Ghost]Rillaboom||AssaultVest|GrassySurge|FakeOut,GrassyGlide,DrumBeating,HighHorsepower|||F|||50|,,,,,Fire]Dragonite||LoadedDice|Multiscale|ScaleShot,Haze,Tailwind,Protect|||M|||50|,,,,,Steel]Ninetales-Alola||FocusSash|SnowWarning|Blizzard,IcyWind,Encore,AuroraVeil|||M|||50|,,,,,Ghost]Arcanine-Hisui||ClearAmulet|Intimidate|RockSlide,FlareBlitz,ExtremeSpeed,Protect|||F|||50|,,,,,Water
|showteam|p2|Farigiraf||ThroatSpray|ArmorTail|HyperVoice,Psychic,TrickRoom,Protect|||F|||50|,,,,,Water]Ursaluna-Bloodmoon||LifeOrb|MindsEye|BloodMoon,EarthPower,HyperVoice,Protect|||M|||50|,,,,,Normal]Incineroar||SafetyGoggles|Intimidate|FakeOut,FlareBlitz,KnockOff,PartingShot|||M|||50|,,,,,Ghost]Electabuzz||Eviolite|VitalSpirit|FollowMe,Thunderbolt,Taunt,Protect|||M|||50|,,,,,Dragon]Salamence||CovertCloak|Intimidate|Tailwind,AirSlash,DracoMeteor,Protect|||F|||50|,,,,,Fairy]Sneasler||FocusSash|Unburden|FakeOut,CloseCombat,DireClaw,Protect|||M|||50|,,,,,Ghost
|inactive|Battle timer is ON: inactive players will automatically lose when time's up. (requested by CrusaderJCM)
|
|t:|1757001001
|teamsize|p1|4
|teamsize|p2|4
|start
|switch|p1a: Dragonite|Dragonite, L50, M|100/100
|switch|p1b: Arcanine|Arcanine-Hisui, L50, F|100/100
|switch|p2a: Incineroar|Incineroar, L50, M|100/100
|switch|p2b: Farigiraf|Farigiraf, L50, F|100/100
|-ability|p1b: Arcanine|Intimidate|boost
|-unboost|p2a: Incineroar|atk|1
|-unboost|p2b: Farigiraf|atk|1
|-ability|p2a: Incineroar|Intimidate|boost
|-unboost|p1a: Dragonite|atk|1
|-fail|p1b: Arcanine|unboost|[from] item: Clear Amulet|[of] p1b: Arcanine
|turn|1
|
|t:|1757001022
|switch|p1a: Gholdengo|Gholdengo, L50|100/100
|move|p2a: Incineroar|Fake Out|p1b: Arcanine
|-resisted|p1b: Arcanine
|-damage|p1b: Arcanine|95/100
|cant|p1b: Arcanine|flinch
|move|p2b: Farigiraf|Trick Room|p2b: Farigiraf
|-fieldstart|move: Trick Room|[of] p2b: Farigiraf
|
|upkeep
|turn|2
|inactive|HeracrossVGC has 30 seconds left.
|inactive|CrusaderJCM has 30 seconds left.
|
|t:|1757001056
|switch|p2a: Ursaluna|Ursaluna-Bloodmoon, L50, M|100/100
|move|p2b: Farigiraf|Hyper Voice|p1a: Gholdengo|[spread] p1b
|-immune|p1a: Gholdengo
|-resisted|p1b: Arcanine
|-damage|p1b: Arcanine|76/100
|-enditem|p2b: Farigiraf|Throat Spray
|-boost|p2b: Farigiraf|spa|1|[from] item: Throat Spray
|move|p1a: Gholdengo|Make It Rain|p2b: Farigiraf|[spread] p2a,p2b
|-damage|p2a: Ursaluna|49/100
|-damage|p2b: Farigiraf|63/100
|-unboost|p1a: Gholdengo|spa|1
|move|p1b: Arcanine|Rock Slide|p2a: Ursaluna|[spread] p2a,p2b
|-resisted|p2a: Ursaluna
|-damage|p2a: Ursaluna|39/100
|-damage|p2b: Farigiraf|33/100
|
|upkeep
|turn|3
|inactive|HeracrossVGC has 30 seconds left.
|inactive|HeracrossVGC has 20 seconds left.
|inactive|HeracrossVGC has 15 seconds left.
|inactive|HeracrossVGC has 10 seconds left.
|inactive|HeracrossVGC has 5 seconds left.
|
|t:|1757001108
|move|p2a: Ursaluna|Protect|p2a: Ursaluna
|-singleturn|p2a: Ursaluna|Protect
|move|p2b: Farigiraf|Psychic|p1b: Arcanine
|-damage|p1b: Arcanine|0 fnt
|faint|p1b: Arcanine
|move|p1a: Gholdengo|Make It Rain|p2b: Farigiraf|[spread] p2b
|-activate|p2a: Ursaluna|move: Protect
|-damage|p2b: Farigiraf|3/100
|-unboost|p1a: Gholdengo|spa|1
|
|upkeep
|
|t:|1757001116
|switch|p1b: Ninetales|Ninetales-Alola, L50, M|100/100
|-weather|Snowscape|[from] ability: Snow Warning|[of] p1b: Ninetales
|turn|4
|inactive|HeracrossVGC has 30 seconds left.
|inactive|HeracrossVGC has 20 seconds left.
|inactive|HeracrossVGC has 15 seconds left.
|
|t:|1757001159
|-terastallize|p2a: Ursaluna|Normal
|move|p2a: Ursaluna|Hyper Voice|p1b: Ninetales|[spread] p1a,p1b
|-resisted|p1a: Gholdengo
|-damage|p1a: Gholdengo|65/100
|-damage|p1b: Ninetales|20/100
|-damage|p2a: Ursaluna|30/100|[from] item: Life Orb
|move|p2b: Farigiraf|Psychic|p1b: Ninetales
|-damage|p1b: Ninetales|0 fnt
|faint|p1b: Ninetales
|move|p1a: Gholdengo|Nasty Plot|p1a: Gholdengo
|-boost|p1a: Gholdengo|spa|2
|
|-weather|Snowscape|[upkeep]
|upkeep
|
|t:|1757001168
|switch|p1b: Dragonite|Dragonite, L50, M|100/100
|turn|5
|inactive|HeracrossVGC has 30 seconds left.
|
|t:|1757001203
|switch|p2a: Incineroar|Incineroar, L50, M|100/100
|-ability|p2a: Incineroar|Intimidate|boost
|-unboost|p1a: Gholdengo|atk|1
|-unboost|p1b: Dragonite|atk|1
|move|p1a: Gholdengo|Protect|p1a: Gholdengo
|-singleturn|p1a: Gholdengo|Protect
|move|p2b: Farigiraf|Psychic|p1b: Dragonite
|-damage|p1b: Dragonite|66/100
|move|p1b: Dragonite|Scale Shot|p2a: Incineroar
|-damage|p2a: Incineroar|91/100
|-damage|p2a: Incineroar|82/100
|-damage|p2a: Incineroar|72/100
|-damage|p2a: Incineroar|63/100
|-hitcount|p2a: Incineroar|4
|-unboost|p1b: Dragonite|def|1
|-boost|p1b: Dragonite|spe|1
|
|-weather|Snowscape|[upkeep]
|-fieldend|move: Trick Room
|upkeep
|turn|6
|
|t:|1757001225
|switch|p2a: Ursaluna|Ursaluna-Bloodmoon, L50, M, tera:Normal|30/100
|-terastallize|p1a: Gholdengo|Water
|move|p2b: Farigiraf|Protect|p2b: Farigiraf
|-singleturn|p2b: Farigiraf|Protect
|move|p1b: Dragonite|Scale Shot|p2b: Farigiraf
|-activate|p2b: Farigiraf|move: Protect
|move|p1a: Gholdengo|Nasty Plot|p1a: Gholdengo
|-boost|p1a: Gholdengo|spa|2
|
|-weather|Snowscape|[upkeep]
|upkeep
|turn|7
|inactive|HeracrossVGC has 30 seconds left.
|
|t:|1757001260
|move|p2a: Ursaluna|Protect|p2a: Ursaluna
|-singleturn|p2a: Ursaluna|Protect
|move|p1b: Dragonite|Scale Shot|p2a: Ursaluna
|-activate|p2a: Ursaluna|move: Protect
|move|p1a: Gholdengo|Nasty Plot|p1a: Gholdengo
|-boost|p1a: Gholdengo|spa|2
|move|p2b: Farigiraf|Trick Room|p2b: Farigiraf
|-fieldstart|move: Trick Room|[of] p2b: Farigiraf
|
|-weather|Snowscape|[upkeep]
|upkeep
|turn|8
|inactive|HeracrossVGC has 30 seconds left.
|
|t:|1757001285
|move|p1a: Gholdengo|Protect|p1a: Gholdengo
|-singleturn|p1a: Gholdengo|Protect
|move|p2a: Ursaluna|Hyper Voice|p1b: Dragonite|[spread] p1b
|-activate|p1a: Gholdengo|move: Protect
|-damage|p1b: Dragonite|0 fnt
|faint|p1b: Dragonite
|-damage|p2a: Ursaluna|20/100|[from] item: Life Orb
|move|p2b: Farigiraf|Hyper Voice|p1a: Gholdengo
|-activate|p1a: Gholdengo|move: Protect
|
|-weather|none
|upkeep
|turn|9
|-message|HeracrossVGC forfeited.
|
|win|CrusaderJCM
||HeracrossVGC is ready for game 3.
