|j|☆PINGAS67PINGAS
|j|☆sturmkitten69
|html|PINGAS67PINGASsturmkitten69    
|uhtml|bestof|Game 1 of a best-of-3
|t:|1784090144
|gametype|doubles
|player|p1|PINGAS67PINGAS|2|1143
|player|p2|sturmkitten69|fisherman-gen4|1175
|gen|9
|tier|[Gen 9 Champions] VGC 2026 Reg M-B (Bo3)
|rated|
|rule|Species Clause: Limit one of each Pokémon
|rule|Item Clause: Limit 1 of each item
|clearpoke
|poke|p1|Staraptor, L50, M|
|poke|p1|Incineroar, L50, F|
|poke|p1|Sinistcha, L50|
|poke|p1|Gholdengo, L50|
|poke|p1|Arcanine-Hisui, L50, M|
|poke|p1|Ninetales-Alola, L50, F|
|poke|p2|Blastoise, L50, M|
|poke|p2|Farigiraf, L50, F, shiny|
|poke|p2|Basculegion, L50, M|
|poke|p2|Aerodactyl, L50, M|
|poke|p2|Rotom-Heat, L50|
|poke|p2|Garchomp, L50, M|
|teampreview|4
|showteam|p1|Staraptor||Staraptite|Intimidate|BraveBird,CloseCombat,Roost,Protect|Jolly||M|||50|]Incineroar||SitrusBerry|Intimidate|FlareBlitz,DarkestLariat,PartingShot,FakeOut|Careful||F|||50|]Sinistcha||ColburBerry|Hospitality|MatchaGotcha,RagePowder,StrengthSap,TrickRoom|Calm|||||50|]Gholdengo||LifeOrb|GoodasGold|MakeItRain,ShadowBall,NastyPlot,Protect|Modest|||||50|]Arcanine-Hisui||FocusSash|RockHead|HeadSmash,FlareBlitz,ExtremeSpeed,Protect|Jolly||M|||50|]Ninetales-Alola||NeverMeltIce|SnowWarning|Blizzard,FreezeDry,AuroraVeil,Protect|Timid||F|||50|
|showteam|p2|Blastoise||Blastoisinite|Torrent|AuraSphere,DarkPulse,FakeOut,WaterSpout|Modest||M|||50|]Farigiraf||SitrusBerry|ArmorTail|RainDance,Thunderbolt,HelpingHand,TrickRoom|Bold||F|||50|]Basculegion||FocusSash|Adaptability|LastRespects,WaveCrash,Protect,AquaJet|Adamant||M|||50|]Aerodactyl||Aerodactylite|Unnerve|RockSlide,Protect,Tailwind,DualWingbeat|Jolly||M|||50|]Rotom-Heat||ChoiceScarf|Levitate|Overheat,VoltSwitch,Thunderbolt,WillOWisp|Timid|||||50|]Garchomp||LifeOrb|RoughSkin|RockSlide,Earthquake,DragonClaw,Protect|Jolly||M|||50|
|inactive|Battle timer is ON: inactive players will automatically lose when time's up. (requested by PINGAS67PINGAS)
|inactive|sturmkitten69 has 60 seconds left.
|inactive|sturmkitten69 has 30 seconds left.
|inactive|sturmkitten69 has 20 seconds left.
|inactive|sturmkitten69 has 15 seconds left.
|inactive|sturmkitten69 has 10 seconds left.
|
|t:|1784090331
|teamsize|p1|4
|teamsize|p2|4
|start
|switch|p1a: Staraptor|Staraptor, L50, M|100/100
|switch|p1b: Incineroar|Incineroar, L50, F|100/100
|switch|p2a: Aerodactyl|Aerodactyl, L50, M|100/100
|switch|p2b: Rotom|Rotom-Heat, L50|100/100
|-ability|p2a: Aerodactyl|Unnerve
|-ability|p1a: Staraptor|Intimidate|boost
|-unboost|p2a: Aerodactyl|atk|1
|-unboost|p2b: Rotom|atk|1
|-ability|p1b: Incineroar|Intimidate|boost
|-unboost|p2a: Aerodactyl|atk|1
|-unboost|p2b: Rotom|atk|1
|turn|1
|inactive|PINGAS67PINGAS has 30 seconds left.
|
|t:|1784090356
|detailschange|p1a: Staraptor|Staraptor-Mega, L50, M
|-mega|p1a: Staraptor|Staraptor|Staraptite
|move|p2a: Aerodactyl|Protect|p2a: Aerodactyl
|-singleturn|p2a: Aerodactyl|Protect
|move|p1b: Incineroar|Fake Out|p2b: Rotom
|-damage|p2b: Rotom|86/100
|cant|p2b: Rotom|flinch
|move|p1a: Staraptor|Close Combat|p2a: Aerodactyl
|-activate|p2a: Aerodactyl|move: Protect
|
|upkeep
|turn|2
|
|t:|1784090380
|switch|p1a: Arcanine|Arcanine-Hisui, L50, M|100/100
|detailschange|p2a: Aerodactyl|Aerodactyl-Mega, L50, M
|-mega|p2a: Aerodactyl|Aerodactyl|Aerodactylite
|move|p2b: Rotom|Will-O-Wisp|p1a: Arcanine
|-immune|p1a: Arcanine
|move|p2a: Aerodactyl|Dual Wingbeat|p1a: Arcanine
|-resisted|p1a: Arcanine|1
|-damage|p1a: Arcanine|91/100
|-resisted|p1a: Arcanine|1
|-damage|p1a: Arcanine|82/100
|-hitcount|p1a: Arcanine|2
|move|p1b: Incineroar|Darkest Lariat|p2b: Rotom
|-damage|p2b: Rotom|44/100
|
|upkeep
|turn|3
|
|t:|1784090402
|switch|p2b: Garchomp|Garchomp, L50, M|100/100
|move|p2a: Aerodactyl|Protect|p2a: Aerodactyl
|-singleturn|p2a: Aerodactyl|Protect
|move|p1a: Arcanine|Head Smash|p2a: Aerodactyl
|-activate|p2a: Aerodactyl|move: Protect
|move|p1b: Incineroar|Parting Shot|p2b: Garchomp
|-unboost|p2b: Garchomp|atk|1
|-unboost|p2b: Garchomp|spa|1
|
|t:|1784090409
|switch|p1b: Staraptor|Staraptor-Mega, L50, M|100/100|[from] Parting Shot
|
|upkeep
|turn|4
|
|t:|1784090429
|move|p1a: Arcanine|Protect|p1a: Arcanine
|-singleturn|p1a: Arcanine|Protect
|move|p2a: Aerodactyl|Dual Wingbeat|p1b: Staraptor
|-supereffective|p1b: Staraptor|1
|-damage|p1b: Staraptor|70/100
|-supereffective|p1b: Staraptor|1
|-damage|p1b: Staraptor|39/100
|-hitcount|p1b: Staraptor|2
|move|p1b: Staraptor|Close Combat|p2a: Aerodactyl
|-damage|p2a: Aerodactyl|10/100
|-boost|p1b: Staraptor|def|1
|-boost|p1b: Staraptor|spd|1
|move|p2b: Garchomp|Earthquake|p1b: Staraptor|[spread] 
|-activate|p1a: Arcanine|move: Protect
|-immune|p2a: Aerodactyl
|-immune|p1b: Staraptor
|
|upkeep
|turn|5
|
|t:|1784090450
|move|p1a: Arcanine|Extreme Speed|p2a: Aerodactyl
|-resisted|p2a: Aerodactyl|1
|-damage|p2a: Aerodactyl|0 fnt
|faint|p2a: Aerodactyl
|move|p1b: Staraptor|Roost|p1b: Staraptor
|-heal|p1b: Staraptor|89/100
|-singleturn|p1b: Staraptor|move: Roost
|move|p2b: Garchomp|Rock Slide|p1b: Staraptor|[spread] p1a,p1b
|-supereffective|p1a: Arcanine|1
|-resisted|p1b: Staraptor|1
|-damage|p1a: Arcanine|43/100
|-damage|p1b: Staraptor|83/100
|-damage|p2b: Garchomp|90/100|[from] item: Life Orb
|
|upkeep
|
|t:|1784090465
|switch|p2a: Rotom|Rotom-Heat, L50|44/100
|turn|6
|
|t:|1784090482
|move|p1b: Staraptor|Protect|p1b: Staraptor
|-singleturn|p1b: Staraptor|Protect
|move|p1a: Arcanine|Extreme Speed|p2a: Rotom
|-damage|p2a: Rotom|9/100
|move|p2a: Rotom|Will-O-Wisp|p1b: Staraptor
|-activate|p1b: Staraptor|move: Protect
|move|p2b: Garchomp|Rock Slide|p1b: Staraptor|[spread] p1a
|-activate|p1b: Staraptor|move: Protect
|-supereffective|p1a: Arcanine|1
|-damage|p1a: Arcanine|5/100
|-damage|p2b: Garchomp|80/100|[from] item: Life Orb
|
|upkeep
|turn|7
|
|t:|1784090498
|switch|p2a: Basculegion|Basculegion, L50, M|100/100
|move|p1a: Arcanine|Extreme Speed|p2a: Basculegion
|-immune|p2a: Basculegion
|move|p1b: Staraptor|Close Combat|p2b: Garchomp
|-damage|p2b: Garchomp|22/100
|-boost|p1b: Staraptor|def|1
|-boost|p1b: Staraptor|spd|1
|-damage|p1b: Staraptor|70/100|[from] ability: Rough Skin|[of] p2b: Garchomp
|move|p2b: Garchomp|Rock Slide|p1a: Arcanine|[spread] p1a,p1b
|-supereffective|p1a: Arcanine|1
|-crit|p1a: Arcanine
|-damage|p1a: Arcanine|0 fnt
|-damage|p1b: Staraptor|61/100
|faint|p1a: Arcanine
|-damage|p2b: Garchomp|12/100|[from] item: Life Orb
|
|upkeep
|
|t:|1784090521
|switch|p1a: Gholdengo|Gholdengo, L50|100/100
|turn|8
|inactive|PINGAS67PINGAS has 30 seconds left.
|inactive|PINGAS67PINGAS has 20 seconds left.
|
|t:|1784090559
|switch|p2a: Rotom|Rotom-Heat, L50|9/100
|move|p1b: Staraptor|Brave Bird|p2a: Rotom
|-resisted|p2a: Rotom|1
|-damage|p2a: Rotom|0 fnt
|faint|p2a: Rotom
|-damage|p1b: Staraptor|58/100|[from] Recoil
|move|p2b: Garchomp|Earthquake|p1a: Gholdengo|[spread] p1a
|-immune|p1b: Staraptor
|-supereffective|p1a: Gholdengo|1
|-damage|p1a: Gholdengo|23/100
|-damage|p2b: Garchomp|2/100|[from] item: Life Orb
|move|p1a: Gholdengo|Make It Rain|p2b: Garchomp
|-damage|p2b: Garchomp|0 fnt
|-unboost|p1a: Gholdengo|spa|2
|faint|p2b: Garchomp
|-damage|p1a: Gholdengo|14/100|[from] item: Life Orb
|
|upkeep
|inactive|sturmkitten69 has 30 seconds left.
|
|t:|1784090586
|switch|p2a: Basculegion|Basculegion, L50, M|100/100
|turn|9
|
|t:|1784090594
|move|p2a: Basculegion|Aqua Jet|p1b: Staraptor
|-damage|p1b: Staraptor|42/100
|move|p1b: Staraptor|Roost|p1b: Staraptor
|-heal|p1b: Staraptor|92/100
|-singleturn|p1b: Staraptor|move: Roost
|move|p1a: Gholdengo|Shadow Ball|p2a: Basculegion
|-supereffective|p2a: Basculegion|1
|-damage|p2a: Basculegion|28/100
|-damage|p1a: Gholdengo|4/100|[from] item: Life Orb
|
|upkeep
|turn|10
|-message|sturmkitten69 forfeited.
|
|win|PINGAS67PINGAS
|l|☆sturmkitten69
|player|p2|
||PINGAS67PINGAS is ready for game 2.
||sturmkitten69 is ready for game 2.
|uhtml|next|Next: Game 2 of 3
|l|☆PINGAS67PINGAS
|player|p1|
|j|☆sturmkitten69
|player|p2|sturmkitten69|fisherman-gen4|
