|j|☆the rainy mouse
|j|☆Gozante
|html|the rainy mouseGozante    
|uhtml|bestof|Game 1 of a best-of-3
|t:|1785769094
|gametype|doubles
|player|p1|the rainy mouse|pokemaniac|1396
|player|p2|Gozante|2|1537
|gen|9
|tier|[Gen 9 Champions] VGC 2026 Reg M-B (Bo3)
|rated|
|rule|Species Clause: Limit one of each Pokémon
|rule|Item Clause: Limit 1 of each item
|clearpoke
|poke|p1|Charizard, L50, M|
|poke|p1|Garchomp, L50, M|
|poke|p1|Incineroar, L50, F|
|poke|p1|Venusaur, L50, F|
|poke|p1|Toxapex, L50, M|
|poke|p1|Annihilape, L50, M|
|poke|p2|Floette-Eternal, L50, F|
|poke|p2|Delphox, L50, M|
|poke|p2|Sneasler, L50, M|
|poke|p2|Incineroar, L50, M|
|poke|p2|Kingambit, L50, F|
|poke|p2|Sinistcha, L50|
|teampreview|4
|showteam|p1|Charizard||CharizarditeY|Blaze|WeatherBall,HeatWave,AncientPower,Protect|Modest||M|||50|]Garchomp||ChoiceScarf|RoughSkin|RockSlide,DragonClaw,Earthquake,StompingTantrum|Adamant||M|||50|]Incineroar||SitrusBerry|Intimidate|FlareBlitz,FakeOut,DarkestLariat,PartingShot|Impish||F|||50|]Venusaur||LifeOrb|Chlorophyll|SludgeBomb,LeafStorm,EarthPower,Protect|Modest||F|||50|]Toxapex||Leftovers|Regenerator|Infestation,Toxic,WideGuard,BanefulBunker|Bold||M|||50|]Annihilape||FocusSash|Defiant|CloseCombat,PhantomForce,RockTomb,Protect|Adamant||M|||50|
|showteam|p2|Floette-Eternal||Floettite|FlowerVeil|Protect,CalmMind,DazzlingGleam,Moonblast|Modest||F|||50|]Delphox||Delphoxite|Blaze|Protect,NastyPlot,Psychic,HeatWave|Modest||M|||50|]Sneasler||FocusSash|PoisonTouch|FakeOut,PoisonJab,CloseCombat,RockTomb|Jolly||M|||50|]Incineroar||SitrusBerry|Intimidate|FakeOut,ThroatChop,PartingShot,FlareBlitz|Careful||M|||50|]Kingambit||LifeOrb|Defiant|Protect,SwordsDance,SuckerPunch,KowtowCleave|Adamant||F|||50|]Sinistcha||ColburBerry|Hospitality|Protect,TrickRoom,RagePowder,MatchaGotcha|Bold|||||50|
|inactive|Battle timer is ON: inactive players will automatically lose when time's up. (requested by the rainy mouse)
|
|t:|1785769111
|teamsize|p1|4
|teamsize|p2|4
|start
|switch|p1a: Annihilape|Annihilape, L50, M|100/100
|switch|p1b: Incineroar|Incineroar, L50, F|100/100
|switch|p2a: Sneasler|Sneasler, L50, M|100/100
|switch|p2b: Delphox|Delphox, L50, M|100/100
|-ability|p1b: Incineroar|Intimidate|boost
|-unboost|p2a: Sneasler|atk|1
|-unboost|p2b: Delphox|atk|1
|turn|1
|
|t:|1785769136
|detailschange|p2b: Delphox|Delphox-Mega, L50, M
|-mega|p2b: Delphox|Delphox|Delphoxite
|move|p2a: Sneasler|Fake Out|p1b: Incineroar
|-damage|p1b: Incineroar|92/100
|-status|p1b: Incineroar|psn|[from] ability: Poison Touch|[of] p2a: Sneasler
|cant|p1b: Incineroar|flinch
|move|p2b: Delphox|Heat Wave|p1a: Annihilape|[spread] p1a,p1b
|-crit|p1a: Annihilape
|-resisted|p1b: Incineroar|1
|-damage|p1a: Annihilape|30/100
|-damage|p1b: Incineroar|74/100 psn
|-status|p1a: Annihilape|brn
|move|p1a: Annihilape|Phantom Force||[still]
|-prepare|p1a: Annihilape|Phantom Force
|
|-damage|p1b: Incineroar|62/100 psn|[from] psn
|-damage|p1a: Annihilape|24/100 brn|[from] brn
|upkeep
|turn|2
|inactive|Gozante has 30 seconds left.
|
|t:|1785769163
|switch|p1b: Toxapex|Toxapex, L50, M|100/100
|move|p2a: Sneasler|Close Combat|p1b: Toxapex
|-resisted|p1b: Toxapex|1
|-damage|p1b: Toxapex|87/100
|-unboost|p2a: Sneasler|def|1
|-unboost|p2a: Sneasler|spd|1
|move|p2b: Delphox|Heat Wave|p1a: Annihilape|[spread] p1b
|-miss|p2b: Delphox|p1a: Annihilape
|-resisted|p1b: Toxapex|1
|-damage|p1b: Toxapex|70/100
|move|p1a: Annihilape|Phantom Force|p2b: Delphox|[from] lockedmove
|-supereffective|p2b: Delphox|1
|-damage|p2b: Delphox|36/100
|
|-heal|p1b: Toxapex|75/100|[from] item: Leftovers
|-damage|p1a: Annihilape|18/100 brn|[from] brn
|upkeep
|turn|3
|
|t:|1785769184
|switch|p2a: Sinistcha|Sinistcha, L50|100/100
|-heal|p2b: Delphox|61/100|[from] ability: Hospitality|[of] p2a: Sinistcha
|-heal|p1b: Toxapex|100/100|[from] ability: Regenerator|[silent]
|switch|p1b: Incineroar|Incineroar, L50, F|62/100 psn
|-ability|p1b: Incineroar|Intimidate|boost
|-unboost|p2a: Sinistcha|atk|1
|-unboost|p2b: Delphox|atk|1
|move|p2b: Delphox|Heat Wave|p1a: Annihilape|[spread] p1a,p1b
|-resisted|p1b: Incineroar|1
|-damage|p1a: Annihilape|0 fnt
|-damage|p1b: Incineroar|44/100 psn
|-enditem|p1b: Incineroar|Sitrus Berry|[eat]
|-heal|p1b: Incineroar|69/100 psn|[from] item: Sitrus Berry
|faint|p1a: Annihilape
|
|-damage|p1b: Incineroar|56/100 psn|[from] psn
|upkeep
|
|t:|1785769187
|switch|p1a: Charizard|Charizard, L50, M|100/100
|turn|4
|
|t:|1785769207
|switch|p2a: Incineroar|Incineroar, L50, M|100/100
|-ability|p2a: Incineroar|Intimidate|boost
|-unboost|p1a: Charizard|atk|1
|-unboost|p1b: Incineroar|atk|1
|detailschange|p1a: Charizard|Charizard-Mega-Y, L50, M
|-mega|p1a: Charizard|Charizard|Charizardite Y
|-weather|SunnyDay|[from] ability: Drought|[of] p1a: Charizard
|move|p2b: Delphox|Protect|p2b: Delphox
|-singleturn|p2b: Delphox|Protect
|move|p1a: Charizard|Heat Wave|p2a: Incineroar|[spread] 
|-activate|p2b: Delphox|move: Protect
|-miss|p1a: Charizard|p2a: Incineroar
|move|p1b: Incineroar|Parting Shot|p2b: Delphox
|-activate|p2b: Delphox|move: Protect
|
|-weather|SunnyDay|[upkeep]
|-damage|p1b: Incineroar|44/100 psn|[from] psn
|upkeep
|turn|5
|-message|the rainy mouse forfeited.
|
|win|Gozante
||the rainy mouse is ready for game 2.
||Gozante is ready for game 2.
|uhtml|next|Next: Game 2 of 3
|l|☆Gozante
|player|p2|
