|j|☆amtgc
|j|☆atrixmj
|html|amtgcatrixmj    
|uhtml|bestof|Game 1 of a best-of-3
|t:|1782462176
|gametype|doubles
|player|p1|amtgc|102|1170
|player|p2|atrixmj|may|1337
|gen|9
|tier|[Gen 9 Champions] VGC 2026 Reg M-B (Bo3)
|rated|
|rule|Species Clause: Limit one of each Pokémon
|rule|Item Clause: Limit 1 of each item
|clearpoke
|poke|p1|Kingambit, L50, M|
|poke|p1|Charizard, L50, M|
|poke|p1|Basculegion, L50, M|
|poke|p1|Sylveon, L50, F|
|poke|p1|Garchomp, L50, F|
|poke|p1|Whimsicott, L50, F, shiny|
|poke|p2|Aerodactyl, L50, M|
|poke|p2|Kingambit, L50, F|
|poke|p2|Sylveon, L50, F|
|poke|p2|Farigiraf, L50, M|
|poke|p2|Charizard, L50, F, shiny|
|poke|p2|Garchomp, L50, M|
|teampreview|4
|showteam|p1|Kingambit||ChopleBerry|Defiant|SuckerPunch,KowtowCleave,Protect,IronHead|Adamant||M|||50|]Charizard||CharizarditeY|Blaze|HeatWave,WeatherBall,SolarBeam,Protect|Modest||M|||50|]Basculegion||ChoiceScarf|Adaptability|LastRespects,AquaJet,WaveCrash,Protect|Adamant||M|||50|]Sylveon||FairyFeather|Pixilate|HyperVoice,QuickAttack,HyperBeam,Detect|Modest||F|||50|]Garchomp||LifeOrb|RoughSkin|RockSlide,DragonClaw,Protect,StompingTantrum|Jolly||F|||50|]Whimsicott||FocusSash|Prankster|Moonblast,SunnyDay,Tailwind,Encore|Calm||F|||50|
|showteam|p2|Aerodactyl||Aerodactylite|RockHead|RockSlide,Tailwind,WideGuard,IceFang|Jolly||M|||50|]Kingambit||FocusSash|Defiant|SuckerPunch,IronHead,KowtowCleave,LowKick|Adamant||F|||50|]Sylveon||FairyFeather|Pixilate|HyperVoice,Moonblast,QuickAttack,Detect|Quiet||F|||50|]Farigiraf||TwistedSpoon|ArmorTail|TwinBeam,HyperVoice,TrickRoom,Protect|Quiet||M|||50|]Charizard||CharizarditeY|SolarPower|HeatWave,WeatherBall,Protect,SolarBeam|Modest||F|||50|]Garchomp||LifeOrb|RoughSkin|DragonClaw,Earthquake,StompingTantrum,Protect|Jolly||M|||50|
|inactive|Battle timer is ON: inactive players will automatically lose when time's up. (requested by atrixmj)
|inactive|amtgc has 60 seconds left.
|
|t:|1782462215
|teamsize|p1|4
|teamsize|p2|4
|start
|switch|p1a: Garchomp|Garchomp, L50, F|100/100
|switch|p1b: Maddy|Whimsicott, L50, F, shiny|100/100
|switch|p2a: Aerodactyl|Aerodactyl, L50, M|100/100
|switch|p2b: Charizard|Charizard, L50, F, shiny|100/100
|turn|1
|
|t:|1782462235
|detailschange|p2b: Charizard|Charizard-Mega-Y, L50, F, shiny
|-mega|p2b: Charizard|Charizard|Charizardite Y
|-weather|SunnyDay|[from] ability: Drought|[of] p2b: Charizard
|move|p2a: Aerodactyl|Wide Guard|p2a: Aerodactyl
|-singleturn|p2a: Aerodactyl|Wide Guard
|move|p1b: Maddy|Tailwind|p1b: Maddy
|-sidestart|p1: amtgc|move: Tailwind
|move|p1a: Garchomp|Dragon Claw|p2b: Charizard
|-damage|p2b: Charizard|36/100
|-damage|p1a: Garchomp|90/100|[from] item: Life Orb
|move|p2b: Charizard|Heat Wave|p1b: Maddy|[spread] p1a,p1b
|-resisted|p1a: Garchomp|1
|-supereffective|p1b: Maddy|1
|-damage|p1a: Garchomp|52/100
|-enditem|p1b: Maddy|Focus Sash
|-damage|p1b: Maddy|1/100
|
|-weather|SunnyDay|[upkeep]
|upkeep
|turn|2
|
|t:|1782462255
|switch|p2b: Sylveon|Sylveon, L50, F|100/100
|move|p2a: Aerodactyl|Wide Guard|p2a: Aerodactyl
|-singleturn|p2a: Aerodactyl|Wide Guard
|move|p1b: Maddy|Encore|p2a: Aerodactyl
|-start|p2a: Aerodactyl|Encore
|move|p1a: Garchomp|Dragon Claw|p2b: Sylveon
|-immune|p2b: Sylveon
|
|-weather|SunnyDay|[upkeep]
|upkeep
|turn|3
|
|t:|1782462279
|switch|p1b: Charizard|Charizard, L50, M|100/100
|switch|p2a: Farigiraf|Farigiraf, L50, M|100/100
|move|p1a: Garchomp|Protect|p1a: Garchomp
|-singleturn|p1a: Garchomp|Protect
|move|p2b: Sylveon|Detect||[still]
|-fail|p2b: Sylveon
|
|-weather|SunnyDay|[upkeep]
|upkeep
|turn|4
|
|t:|1782462303
|switch|p2b: Aerodactyl|Aerodactyl, L50, M|100/100
|detailschange|p1b: Charizard|Charizard-Mega-Y, L50, M
|-mega|p1b: Charizard|Charizard|Charizardite Y
|move|p2a: Farigiraf|Protect|p2a: Farigiraf
|-singleturn|p2a: Farigiraf|Protect
|move|p1a: Garchomp|Stomping Tantrum|p2b: Aerodactyl
|-immune|p2b: Aerodactyl
|move|p1b: Charizard|Weather Ball|p2b: Aerodactyl
|-resisted|p2b: Aerodactyl|1
|-damage|p2b: Aerodactyl|38/100
|
|-weather|SunnyDay|[upkeep]
|-sideend|p1: amtgc|move: Tailwind
|upkeep
|turn|5
|
|t:|1782462317
|move|p1b: Charizard|Protect|p1b: Charizard
|-singleturn|p1b: Charizard|Protect
|move|p2b: Aerodactyl|Rock Slide|p1b: Charizard|[spread] p1a
|-activate|p1b: Charizard|move: Protect
|-resisted|p1a: Garchomp|1
|-damage|p1a: Garchomp|41/100
|move|p1a: Garchomp|Dragon Claw|p2b: Aerodactyl
|-damage|p2b: Aerodactyl|0 fnt
|faint|p2b: Aerodactyl
|-damage|p1a: Garchomp|31/100|[from] item: Life Orb
|move|p2a: Farigiraf|Trick Room|p2a: Farigiraf
|-fieldstart|move: Trick Room|[of] p2a: Farigiraf
|
|-weather|none
|upkeep
|
|t:|1782462320
|switch|p2b: Sylveon|Sylveon, L50, F|100/100
|turn|6
|inactive|amtgc has 30 seconds left.
|inactive|amtgc has 20 seconds left.
|inactive|amtgc has 15 seconds left.
|inactive|amtgc has 10 seconds left.
|
|t:|1782462366
|switch|p1b: Sylveon|Sylveon, L50, F|100/100
|move|p1a: Garchomp|Protect|p1a: Garchomp
|-singleturn|p1a: Garchomp|Protect
|move|p2a: Farigiraf|Twin Beam|p1b: Sylveon
|-damage|p1b: Sylveon|84/100
|-damage|p1b: Sylveon|70/100
|-hitcount|p1b: Sylveon|2
|move|p2b: Sylveon|Hyper Voice|p1a: Garchomp|[spread] p1b
|-activate|p1a: Garchomp|move: Protect
|-damage|p1b: Sylveon|34/100
|
|upkeep
|turn|7
|
|t:|1782462378
|switch|p1a: Charizard|Charizard-Mega-Y, L50, M|100/100
|-weather|SunnyDay|[from] ability: Drought|[of] p1a: Charizard
|move|p1b: Sylveon|Detect|p1b: Sylveon
|-singleturn|p1b: Sylveon|Protect
|move|p2a: Farigiraf|Hyper Voice|p1b: Sylveon|[spread] p1a
|-activate|p1b: Sylveon|move: Protect
|-damage|p1a: Charizard|72/100
|move|p2b: Sylveon|Hyper Voice|p1b: Sylveon|[spread] p1a
|-activate|p1b: Sylveon|move: Protect
|-resisted|p1a: Charizard|1
|-damage|p1a: Charizard|48/100
|
|-weather|SunnyDay|[upkeep]
|upkeep
|turn|8
|
|t:|1782462387
|move|p2a: Farigiraf|Twin Beam|p1a: Charizard
|-damage|p1a: Charizard|28/100
|-damage|p1a: Charizard|8/100
|-hitcount|p1a: Charizard|2
|move|p2b: Sylveon|Hyper Voice|p1a: Charizard|[spread] p1a,p1b
|-resisted|p1a: Charizard|1
|-damage|p1a: Charizard|0 fnt
|-damage|p1b: Sylveon|0 fnt
|faint|p1a: Charizard
|faint|p1b: Sylveon
|
|-weather|SunnyDay|[upkeep]
|upkeep
|
|t:|1782462390
|switch|p1b: Maddy|Whimsicott, L50, F, shiny|1/100
|switch|p1a: Garchomp|Garchomp, L50, F|31/100
|turn|9
|-message|amtgc forfeited.
|
|win|atrixmj
|l|☆amtgc
|player|p1|
||amtgc is ready for game 2.
