|j|☆Jakobtc
|j|☆Koraidon goat
|html|JakobtcKoraidon goat    
|uhtml|bestof|Game 2 of a best-of-3
|t:|1785032223
|gametype|doubles
|player|p1|Jakobtc|riley|1211
|player|p2|Koraidon goat|drayden|1324
|gen|9
|tier|[Gen 9 Champions] VGC 2026 Reg M-B (Bo3)
|rated|
|rule|Species Clause: Limit one of each Pokémon
|rule|Item Clause: Limit 1 of each item
|clearpoke
|poke|p1|Floette-Eternal, L50, F|
|poke|p1|Kangaskhan, L50, F|
|poke|p1|Azumarill, L50, M|
|poke|p1|Sinistcha, L50|
|poke|p1|Incineroar, L50, M|
|poke|p1|Annihilape, L50, F|
|poke|p2|Blaziken, L50, M|
|poke|p2|Froslass, L50, F, shiny|
|poke|p2|Kingambit, L50, M|
|poke|p2|Lycanroc-Dusk, L50, F, shiny|
|poke|p2|Toxapex, L50, M, shiny|
|poke|p2|Dragonite, L50, M|
|teampreview|4
|showteam|p1|Floette-Eternal||Floettite|FlowerVeil|Moonblast,DazzlingGleam,LightofRuin,Protect|Timid||F|||50|]Kangaskhan||Kangaskhanite|EarlyBird|FakeOut,DrainPunch,IcePunch,DoubleEdge|Adamant||F|||50|]Azumarill||SitrusBerry|HugePower|AquaJet,PlayRough,BellyDrum,Protect|Adamant||M|||50|]Sinistcha||ColburBerry|Hospitality|MatchaGotcha,RagePowder,TrickRoom,Protect|Bold|||||50|]Incineroar||ChopleBerry|Intimidate|FakeOut,FlareBlitz,ThroatChop,PartingShot|Bold||M|||50|]Annihilape||Leftovers|Defiant|RageFist,DrainPunch,BulkUp,Protect|Adamant||F|||50|
|showteam|p2|Blaziken||Blazikenite|SpeedBoost|FlareBlitz,CloseCombat,RockTomb,Detect|Adamant||M|||50|]Froslass||Froslassite|SnowCloak|Blizzard,ShadowBall,AuroraVeil,Protect|Modest||F|||50|]Kingambit||BlackGlasses|Defiant|KowtowCleave,SuckerPunch,SwordsDance,Protect|Adamant||M|||50|]Lycanroc-Dusk||FocusSash|ToughClaws|RockSlide,Accelerock,PsychicFangs,Protect|Adamant||F|||50|]Toxapex||Leftovers|Regenerator|BanefulBunker,Infestation,WideGuard,Toxic|Bold||M|||50|]Dragonite||LifeOrb|InnerFocus|DragonClaw,ExtremeSpeed,LowKick,Protect|Adamant||M|||50|
|inactive|Battle timer is ON: inactive players will automatically lose when time's up. (requested by Jakobtc)
|inactive|Koraidon goat also wants the timer to be on.
|inactive|Jakobtc has 60 seconds left.
|
|t:|1785032258
|teamsize|p1|4
|teamsize|p2|4
|start
|switch|p1a: Kangaskhan|Kangaskhan, L50, F|100/100
|switch|p1b: Azumarill|Azumarill, L50, M|100/100
|switch|p2a: Froslass|Froslass, L50, F, shiny|100/100
|switch|p2b: Toxapex|Toxapex, L50, M, shiny|100/100
|turn|1
|inactive|Koraidon goat has 30 seconds left.
|
|t:|1785032287
|detailschange|p2a: Froslass|Froslass-Mega, L50, F, shiny
|-mega|p2a: Froslass|Froslass|Froslassite
|-weather|Snowscape|[from] ability: Snow Warning|[of] p2a: Froslass
|move|p1a: Kangaskhan|Fake Out|p2a: Froslass
|-immune|p2a: Froslass
|move|p2a: Froslass|Shadow Ball|p1b: Azumarill
|-damage|p1b: Azumarill|44/100
|-enditem|p1b: Azumarill|Sitrus Berry|[eat]
|-heal|p1b: Azumarill|69/100|[from] item: Sitrus Berry
|move|p1b: Azumarill|Belly Drum|p1b: Azumarill
|-damage|p1b: Azumarill|19/100
|-setboost|p1b: Azumarill|atk|6|[from] move: Belly Drum
|move|p2b: Toxapex|Infestation|p1a: Kangaskhan
|-damage|p1a: Kangaskhan|96/100
|-activate|p1a: Kangaskhan|move: Infestation|[of] p2b: Toxapex
|
|-weather|Snowscape|[upkeep]
|-damage|p1a: Kangaskhan|84/100|[from] move: Infestation|[partiallytrapped]
|upkeep
|turn|2
|inactive|Jakobtc has 30 seconds left.
|inactive|Koraidon goat has 30 seconds left.
|
|t:|1785032320
|detailschange|p1a: Kangaskhan|Kangaskhan-Mega, L50, F
|-mega|p1a: Kangaskhan|Kangaskhan|Kangaskhanite
|move|p2a: Froslass|Protect|p2a: Froslass
|-singleturn|p2a: Froslass|Protect
|move|p1b: Azumarill|Protect|p1b: Azumarill
|-singleturn|p1b: Azumarill|Protect
|move|p1a: Kangaskhan|Double-Edge|p2b: Toxapex
|-damage|p2b: Toxapex|53/100
|-damage|p2b: Toxapex|41/100
|-hitcount|p2b: Toxapex|2
|-damage|p1a: Kangaskhan|70/100|[from] Recoil
|move|p2b: Toxapex|Toxic|p1b: Azumarill
|-activate|p1b: Azumarill|move: Protect
|
|-weather|Snowscape|[upkeep]
|-heal|p2b: Toxapex|47/100|[from] item: Leftovers
|-damage|p1a: Kangaskhan|58/100|[from] move: Infestation|[partiallytrapped]
|upkeep
|turn|3
|
|t:|1785032344
|move|p1b: Azumarill|Aqua Jet|p2a: Froslass
|-damage|p2a: Froslass|0 fnt
|faint|p2a: Froslass
|move|p1a: Kangaskhan|Drain Punch|p2b: Toxapex
|-resisted|p2b: Toxapex|1
|-damage|p2b: Toxapex|38/100
|-heal|p1a: Kangaskhan|61/100|[from] drain|[of] p2b: Toxapex
|-resisted|p2b: Toxapex|1
|-damage|p2b: Toxapex|36/100
|-heal|p1a: Kangaskhan|62/100|[from] drain|[of] p2b: Toxapex
|-hitcount|p2b: Toxapex|2
|move|p2b: Toxapex|Toxic|p1a: Kangaskhan
|-status|p1a: Kangaskhan|tox
|
|-weather|Snowscape|[upkeep]
|-heal|p2b: Toxapex|42/100|[from] item: Leftovers
|-damage|p1a: Kangaskhan|56/100 tox|[from] psn
|-damage|p1a: Kangaskhan|43/100 tox|[from] move: Infestation|[partiallytrapped]
|upkeep
|
|t:|1785032362
|switch|p2a: Kingambit|Kingambit, L50, M|100/100
|turn|4
|
|t:|1785032385
|move|p2a: Kingambit|Sucker Punch|p1a: Kangaskhan
|-damage|p1a: Kangaskhan|5/100 tox
|move|p1b: Azumarill|Aqua Jet|p2a: Kingambit
|-damage|p2a: Kingambit|22/100
|move|p1a: Kangaskhan|Double-Edge|p2b: Toxapex
|-damage|p2b: Toxapex|0 fnt
|faint|p2b: Toxapex
|-damage|p1a: Kangaskhan|0 fnt|[from] Recoil
|faint|p1a: Kangaskhan
|
|-weather|Snowscape|[upkeep]
|upkeep
|
|t:|1785032398
|switch|p1a: Sinistcha|Sinistcha, L50|100/100
|switch|p2b: Dragonite|Dragonite, L50, M|100/100
|-heal|p1b: Azumarill|44/100|[from] ability: Hospitality|[of] p1a: Sinistcha
|turn|5
|
|t:|1785032405
|move|p2b: Dragonite|Extreme Speed|p1b: Azumarill
|-damage|p1b: Azumarill|3/100
|-damage|p2b: Dragonite|90/100|[from] item: Life Orb
|move|p1a: Sinistcha|Rage Powder|p1a: Sinistcha
|-singleturn|p1a: Sinistcha|move: Rage Powder
|move|p1b: Azumarill|Play Rough|p2b: Dragonite
|-supereffective|p2b: Dragonite|1
|-damage|p2b: Dragonite|0 fnt
|faint|p2b: Dragonite
|move|p2a: Kingambit|Kowtow Cleave|p1a: Sinistcha
|-supereffective|p1a: Sinistcha|1
|-crit|p1a: Sinistcha
|-enditem|p1a: Sinistcha|Colbur Berry|[eat]
|-enditem|p1a: Sinistcha|Colbur Berry|[weaken]
|-damage|p1a: Sinistcha|24/100
|
|-weather|none
|upkeep
|turn|6
|-message|Koraidon goat forfeited.
|raw|Jakobtc's rating: 1211 → 1244(+33 for winning)
|raw|Koraidon goat's rating: 1324 → 1298(-26 for losing)
|
|win|Jakobtc
|l|☆Koraidon goat
|player|p2|
