|j|☆Gurrasnurra5
|j|☆new mental
|html|Gurrasnurra5new mental    
|uhtml|bestof|Game 1 of a best-of-3
|t:|1784718903
|gametype|doubles
|player|p1|Gurrasnurra5|102|1326
|player|p2|new mental|volkner|1230
|gen|9
|tier|[Gen 9 Champions] VGC 2026 Reg M-B (Bo3)
|rated|
|rule|Species Clause: Limit one of each Pokémon
|rule|Item Clause: Limit 1 of each item
|clearpoke
|poke|p1|Whimsicott, L50, M|
|poke|p1|Floette-Eternal, L50, F|
|poke|p1|Hydreigon, L50, F|
|poke|p1|Incineroar, L50, M|
|poke|p1|Gholdengo, L50|
|poke|p1|Sneasler, L50, F|
|poke|p2|Charizard, L50, F|
|poke|p2|Garchomp, L50, F|
|poke|p2|Incineroar, L50, M|
|poke|p2|Venusaur, L50, M|
|poke|p2|Toxapex, L50, M|
|poke|p2|Sylveon, L50, F|
|teampreview|4
|showteam|p1|Whimsicott||FairyFeather|Prankster|Moonblast,Encore,Tailwind,Protect|Timid||M|||50|]Floette-Eternal||Floettite|FlowerVeil|Moonblast,DazzlingGleam,CalmMind,Protect|Timid||F|||50|]Hydreigon||ChoiceScarf|Levitate|DracoMeteor,Snarl,EarthPower,DarkPulse|Modest||F|||50|]Incineroar||SitrusBerry|Intimidate|FakeOut,PartingShot,FlareBlitz,ThroatChop|Careful||M|||50|]Gholdengo||FocusSash|GoodasGold|MakeItRain,ShadowBall,PowerGem,Protect|Modest|||||50|]Sneasler||LifeOrb|PoisonTouch|FakeOut,CloseCombat,DireClaw,Protect|Jolly||F|||50|
|showteam|p2|Charizard||CharizarditeY|SolarPower|WeatherBall,HeatWave,AncientPower,Protect|Modest||F|||50|]Garchomp||ChoiceScarf|RoughSkin|RockSlide,DragonClaw,Earthquake,StompingTantrum|Adamant||F|||50|]Incineroar||SitrusBerry|Intimidate|FlareBlitz,FakeOut,DarkestLariat,PartingShot|Impish||M|||50|]Venusaur||LifeOrb|Chlorophyll|SludgeBomb,SolarBeam,EarthPower,Protect|Modest||M|||50|]Toxapex||Leftovers|Regenerator|Infestation,Toxic,WideGuard,BanefulBunker|Bold||M|||50|]Sylveon||FairyFeather|Pixilate|HyperVoice,QuickAttack,Yawn,Detect|Modest||F|||50|
|
|t:|1784718946
|teamsize|p1|4
|teamsize|p2|4
|start
|switch|p1a: Sneasler|Sneasler, L50, F|100/100
|switch|p1b: Floette|Floette-Eternal, L50, F|100/100
|switch|p2a: Toxapex|Toxapex, L50, M|100/100
|switch|p2b: Sylveon|Sylveon, L50, F|100/100
|turn|1
|
|t:|1784718962
|detailschange|p1b: Floette|Floette-Mega, L50, F
|-mega|p1b: Floette|Floette|Floettite
|-ability|p1b: Floette|Fairy Aura
|move|p2b: Sylveon|Detect|p2b: Sylveon
|-singleturn|p2b: Sylveon|Protect
|move|p1a: Sneasler|Fake Out|p2a: Toxapex
|-damage|p2a: Toxapex|87/100
|-damage|p1a: Sneasler|90/100|[from] item: Life Orb
|move|p1b: Floette|Calm Mind|p1b: Floette
|-boost|p1b: Floette|spa|1
|-boost|p1b: Floette|spd|1
|cant|p2a: Toxapex|flinch
|
|-heal|p2a: Toxapex|93/100|[from] item: Leftovers
|upkeep
|turn|2
|
|t:|1784718972
|switch|p2b: Charizard|Charizard, L50, F|100/100
|move|p1b: Floette|Protect|p1b: Floette
|-singleturn|p1b: Floette|Protect
|move|p1a: Sneasler|Dire Claw|p2b: Charizard
|-damage|p2b: Charizard|48/100
|-status|p2b: Charizard|psn
|-damage|p1a: Sneasler|81/100|[from] item: Life Orb
|move|p2a: Toxapex|Toxic|p1b: Floette
|-activate|p1b: Floette|move: Protect
|
|-heal|p2a: Toxapex|99/100|[from] item: Leftovers
|-damage|p2b: Charizard|36/100 psn|[from] psn
|upkeep
|turn|3
|
|t:|1784718992
|move|p2b: Charizard|Protect|p2b: Charizard
|-singleturn|p2b: Charizard|Protect
|move|p1a: Sneasler|Dire Claw|p2b: Charizard
|-activate|p2b: Charizard|move: Protect
|move|p1b: Floette|Moonblast|p2a: Toxapex
|-resisted|p2a: Toxapex|1
|-damage|p2a: Toxapex|64/100
|move|p2a: Toxapex|Toxic|p1b: Floette
|-status|p1b: Floette|tox
|
|-heal|p2a: Toxapex|70/100|[from] item: Leftovers
|-damage|p1b: Floette|93/100 tox|[from] psn
|-damage|p2b: Charizard|23/100 psn|[from] psn
|upkeep
|turn|4
|
|t:|1784719003
|detailschange|p2b: Charizard|Charizard-Mega-Y, L50, F
|-mega|p2b: Charizard|Charizard|Charizardite Y
|-weather|SunnyDay|[from] ability: Drought|[of] p2b: Charizard
|move|p1a: Sneasler|Close Combat|p2a: Toxapex
|-resisted|p2a: Toxapex|1
|-damage|p2a: Toxapex|45/100
|-unboost|p1a: Sneasler|def|1
|-unboost|p1a: Sneasler|spd|1
|-damage|p1a: Sneasler|71/100|[from] item: Life Orb
|move|p1b: Floette|Dazzling Gleam|p2b: Charizard|[spread] p2a,p2b
|-resisted|p2a: Toxapex|1
|-resisted|p2b: Charizard|1
|-damage|p2a: Toxapex|24/100
|-damage|p2b: Charizard|0 fnt
|faint|p2b: Charizard
|move|p2a: Toxapex|Infestation|p1b: Floette
|-resisted|p1b: Floette|1
|-damage|p1b: Floette|93/100 tox
|-activate|p1b: Floette|move: Infestation|[of] p2a: Toxapex
|
|-weather|SunnyDay|[upkeep]
|-heal|p2a: Toxapex|30/100|[from] item: Leftovers
|-damage|p1b: Floette|81/100 tox|[from] psn
|-damage|p1b: Floette|68/100 tox|[from] move: Infestation|[partiallytrapped]
|upkeep
|
|t:|1784719014
|switch|p2b: Sylveon|Sylveon, L50, F|100/100
|turn|5
|
|t:|1784719021
|-heal|p2a: Toxapex|63/100|[from] ability: Regenerator|[silent]
|switch|p2a: Garchomp|Garchomp, L50, F|100/100
|move|p2b: Sylveon|Detect|p2b: Sylveon
|-singleturn|p2b: Sylveon|Protect
|move|p1a: Sneasler|Dire Claw|p2b: Sylveon
|-activate|p2b: Sylveon|move: Protect
|move|p1b: Floette|Moonblast|p2a: Garchomp
|-supereffective|p2a: Garchomp|1
|-damage|p2a: Garchomp|0 fnt
|faint|p2a: Garchomp
|
|-weather|SunnyDay|[upkeep]
|-damage|p1b: Floette|50/100g tox|[from] psn
|-end|p1b: Floette|Infestation|[partiallytrapped]|[silent]
|upkeep
|
|t:|1784719023
|switch|p2a: Toxapex|Toxapex, L50, M|63/100
|turn|6
|
|t:|1784719034
|move|p1a: Sneasler|Dire Claw|p2b: Sylveon
|-supereffective|p2b: Sylveon|1
|-damage|p2b: Sylveon|0 fnt
|faint|p2b: Sylveon
|-damage|p1a: Sneasler|62/100|[from] item: Life Orb
|move|p1b: Floette|Dazzling Gleam|p2a: Toxapex
|-resisted|p2a: Toxapex|1
|-damage|p2a: Toxapex|33/100
|move|p2a: Toxapex|Infestation|p1a: Sneasler
|-resisted|p1a: Sneasler|2
|-damage|p1a: Sneasler|61/100
|-activate|p1a: Sneasler|move: Infestation|[of] p2a: Toxapex
|
|-weather|SunnyDay|[upkeep]
|-heal|p2a: Toxapex|39/100|[from] item: Leftovers
|-damage|p1b: Floette|26/100 tox|[from] psn
|-damage|p1a: Sneasler|49/100|[from] move: Infestation|[partiallytrapped]
|upkeep
|turn|7
|
|t:|1784719046
|move|p2a: Toxapex|Baneful Bunker|p2a: Toxapex
|-singleturn|p2a: Toxapex|move: Protect
|move|p1a: Sneasler|Close Combat|p2a: Toxapex
|-activate|p2a: Toxapex|move: Protect
|move|p1b: Floette|Moonblast|p2a: Toxapex
|-activate|p2a: Toxapex|move: Protect
|
|-weather|SunnyDay|[upkeep]
|-heal|p2a: Toxapex|45/100|[from] item: Leftovers
|-damage|p1b: Floette|0 fnt|[from] psn
|faint|p1b: Floette
|-damage|p1a: Sneasler|37/100|[from] move: Infestation|[partiallytrapped]
|upkeep
|
|t:|1784719050
|switch|p1b: Gholdengo|Gholdengo, L50|100/100
|turn|8
|
|t:|1784719067
|move|p1a: Sneasler|Close Combat|p2a: Toxapex
|-resisted|p2a: Toxapex|1
|-damage|p2a: Toxapex|18/100
|-unboost|p1a: Sneasler|def|1
|-unboost|p1a: Sneasler|spd|1
|-damage|p1a: Sneasler|27/100|[from] item: Life Orb
|move|p1b: Gholdengo|Shadow Ball|p2a: Toxapex
|-damage|p2a: Toxapex|0 fnt
|faint|p2a: Toxapex
|
|win|Gurrasnurra5
