|j|☆nanahachisan
|j|☆BenBen84
|html|nanahachisanBenBen84    
|uhtml|bestof|Game 2 of a best-of-3
|t:|1785591716
|gametype|doubles
|player|p1|nanahachisan|1|
|player|p2|BenBen84|unknown|
|gen|9
|tier|[Gen 9 Champions] VGC 2026 Reg M-B (Bo3)
|rule|Species Clause: Limit one of each Pokémon
|rule|Item Clause: Limit 1 of each item
|clearpoke
|poke|p1|Whimsicott, L50, M|
|poke|p1|Glimmora, L50, M|
|poke|p1|Delphox, L50, F|
|poke|p1|Garchomp, L50, F|
|poke|p1|Kingambit, L50, F|
|poke|p1|Staraptor, L50, F|
|poke|p2|Delphox, L50, F, shiny|
|poke|p2|Floette-Eternal, L50, F|
|poke|p2|Incineroar, L50, F, shiny|
|poke|p2|Sinistcha, L50, shiny|
|poke|p2|Sneasler, L50, F, shiny|
|poke|p2|Kingambit, L50, F, shiny|
|teampreview|4
|showteam|p1|Whimsicott||OccaBerry|Prankster|Moonblast,Charm,Tailwind,LightScreen|Timid||M|||50|]Glimmora||FocusSash|ToxicDebris|SludgeBomb,PowerGem,EarthPower,SpikyShield|Modest||M|||50|]Delphox||Delphoxite|Blaze|HeatWave,Psychic,Substitute,Protect|Timid||F|||50|]Garchomp||ChoiceScarf|RoughSkin|Earthquake,DragonClaw,RockSlide,StompingTantrum|Adamant||F|||50|]Kingambit||ChopleBerry|Defiant|IronHead,KowtowCleave,SuckerPunch,LowKick|Adamant||F|||50|]Staraptor||Staraptite|Intimidate|BraveBird,CloseCombat,Roost,Protect|Jolly||F|||50|
|showteam|p2|Delphox||Delphoxite|Blaze|HeatWave,Psyshock,NastyPlot,Protect|Timid||F|||50|]Floette-Eternal||Floettite|FlowerVeil|DazzlingGleam,DrainingKiss,CalmMind,Protect|Timid||F|||50|]Incineroar||SitrusBerry|Intimidate|FlareBlitz,HelpingHand,PartingShot,FakeOut|Impish||F|||50|]Sinistcha||OccaBerry|Hospitality|MatchaGotcha,TrickRoom,RagePowder,Protect|Bold|||||50|]Sneasler||FocusSash|PoisonTouch|DireClaw,CloseCombat,FakeOut,QuickGuard|Jolly||F|||50|]Kingambit||BlackGlasses|Defiant|KowtowCleave,SuckerPunch,SwordsDance,Protect|Adamant||F|||50|
|j| Jason0103
|j| Phoenix Burner
|j| 86test
|j| Mirrorer
|j| otenkoz
|j| Manimo_1126
|j| goodryan2630
|j| zuutokei2
|j| smallYEEAA
|j| Edward0516
|l| Edward0516
|j| Edward0516
|j| sky yeh
|
|t:|1785591800
|teamsize|p1|4
|teamsize|p2|4
|start
|switch|p1a: Whimsicott|Whimsicott, L50, M|100/100
|switch|p1b: Glimmora|Glimmora, L50, M|100/100
|switch|p2a: Delphox|Delphox, L50, F, shiny|100/100
|switch|p2b: Incineroar|Incineroar, L50, F, shiny|100/100
|-ability|p2b: Incineroar|Intimidate|boost
|-unboost|p1a: Whimsicott|atk|1
|-unboost|p1b: Glimmora|atk|1
|turn|1
|
|t:|1785591839
|detailschange|p2a: Delphox|Delphox-Mega, L50, F, shiny
|-mega|p2a: Delphox|Delphox|Delphoxite
|move|p2b: Incineroar|Fake Out|p1b: Glimmora
|-resisted|p1b: Glimmora|1
|-damage|p1b: Glimmora|93/100
|-activate|p1b: Glimmora|ability: Toxic Debris
|-sidestart|p2: BenBen84|move: Toxic Spikes
|move|p1a: Whimsicott|Light Screen|p1a: Whimsicott
|-sidestart|p1: nanahachisan|move: Light Screen
|move|p2a: Delphox|Nasty Plot|p2a: Delphox
|-boost|p2a: Delphox|spa|2
|cant|p1b: Glimmora|flinch
|
|upkeep
|turn|2
|
|t:|1785591859
|move|p2a: Delphox|Protect|p2a: Delphox
|-singleturn|p2a: Delphox|Protect
|move|p1b: Glimmora|Spiky Shield|p1b: Glimmora
|-singleturn|p1b: Glimmora|move: Protect
|move|p1a: Whimsicott|Tailwind|p1a: Whimsicott
|-sidestart|p1: nanahachisan|move: Tailwind
|move|p2b: Incineroar|Parting Shot|p1b: Glimmora
|-activate|p1b: Glimmora|move: Protect
|
|upkeep
|turn|3
|j| iono_1118
|
|t:|1785591886
|switch|p1a: Garchomp|Garchomp, L50, F|100/100
|move|p1b: Glimmora|Power Gem|p2a: Delphox
|-supereffective|p2a: Delphox|1
|-damage|p2a: Delphox|22/100
|move|p2a: Delphox|Psyshock|p1b: Glimmora
|-supereffective|p1b: Glimmora|1
|-crit|p1b: Glimmora
|-damage|p1b: Glimmora|0 fnt
|faint|p1b: Glimmora
|move|p2b: Incineroar|Parting Shot|p1a: Garchomp
|-unboost|p1a: Garchomp|atk|1
|-unboost|p1a: Garchomp|spa|1
|
|t:|1785591898
|switch|p2b: Sinistcha|Sinistcha, L50, shiny|100/100|[from] Parting Shot
|-status|p2b: Sinistcha|psn
|-heal|p2a: Delphox|47/100|[from] ability: Hospitality|[of] p2b: Sinistcha
|
|-damage|p2b: Sinistcha|87/100 psn|[from] psn
|upkeep
|
|t:|1785591910
|switch|p1b: Staraptor|Staraptor, L50, F|100/100
|-ability|p1b: Staraptor|Intimidate|boost
|-unboost|p2a: Delphox|atk|1
|-unboost|p2b: Sinistcha|atk|1
|turn|4
|
|t:|1785591942
|switch|p1a: Whimsicott|Whimsicott, L50, M|100/100
|move|p2b: Sinistcha|Rage Powder|p2b: Sinistcha
|-singleturn|p2b: Sinistcha|move: Rage Powder
|move|p1b: Staraptor|Brave Bird|p2b: Sinistcha
|-supereffective|p2b: Sinistcha|1
|-damage|p2b: Sinistcha|8/100 psn
|-damage|p1b: Staraptor|75/100|[from] Recoil
|move|p2a: Delphox|Psyshock|p1a: Whimsicott
|-damage|p1a: Whimsicott|41/100
|
|-damage|p2b: Sinistcha|0 fnt|[from] psn
|faint|p2b: Sinistcha
|upkeep
|
|t:|1785591956
|switch|p2b: Incineroar|Incineroar, L50, F, shiny|100/100
|-status|p2b: Incineroar|psn
|-ability|p2b: Incineroar|Intimidate|boost
|-unboost|p1a: Whimsicott|atk|1
|-unboost|p1b: Staraptor|atk|1
|turn|5
|
|t:|1785591994
|move|p1b: Staraptor|Protect|p1b: Staraptor
|-singleturn|p1b: Staraptor|Protect
|move|p2a: Delphox|Protect|p2a: Delphox
|-singleturn|p2a: Delphox|Protect
|move|p1a: Whimsicott|Moonblast|p2a: Delphox
|-activate|p2a: Delphox|move: Protect
|move|p2b: Incineroar|Parting Shot|p1a: Whimsicott
|-unboost|p1a: Whimsicott|atk|1
|-unboost|p1a: Whimsicott|spa|1
|
|t:|1785592004
|switch|p2b: Sneasler|Sneasler, L50, F, shiny|100/100|[from] Parting Shot
|-sideend|p2: BenBen84|move: Toxic Spikes|[of] p2b: Sneasler
|
|-sideend|p1: nanahachisan|move: Light Screen
|-sideend|p1: nanahachisan|move: Tailwind
|upkeep
|turn|6
|
|t:|1785592041
|move|p2b: Sneasler|Fake Out|p1a: Whimsicott
|-damage|p1a: Whimsicott|26/100
|-status|p1a: Whimsicott|psn|[from] ability: Poison Touch|[of] p2b: Sneasler
|cant|p1a: Whimsicott|flinch
|move|p2a: Delphox|Heat Wave|p1b: Staraptor|[spread] p1b
|-miss|p2a: Delphox|p1a: Whimsicott
|-damage|p1b: Staraptor|0 fnt
|faint|p1b: Staraptor
|
|-damage|p1a: Whimsicott|14/100 psn|[from] psn
|upkeep
|
|t:|1785592046
|switch|p1b: Garchomp|Garchomp, L50, F|100/100
|turn|7
|
|t:|1785592082
|switch|p2b: Incineroar|Incineroar, L50, F, shiny|100/100 psn
|-ability|p2b: Incineroar|Intimidate|boost
|-unboost|p1a: Whimsicott|atk|1
|-unboost|p1b: Garchomp|atk|1
|move|p2a: Delphox|Protect|p2a: Delphox
|-singleturn|p2a: Delphox|Protect
|move|p1a: Whimsicott|Charm|p2b: Incineroar
|-hint|Since gen 7, Dark is immune to Prankster moves.
|-immune|p2b: Incineroar
|move|p1b: Garchomp|Dragon Claw|p2a: Delphox
|-activate|p2a: Delphox|move: Protect
|
|-damage|p1a: Whimsicott|2/100 psn|[from] psn
|-damage|p2b: Incineroar|87/100 psn|[from] psn
|upkeep
|turn|8
|
|t:|1785592101
|move|p2b: Incineroar|Fake Out|p1b: Garchomp
|-damage|p1b: Garchomp|90/100
|-damage|p2b: Incineroar|75/100 psn|[from] ability: Rough Skin|[of] p1b: Garchomp
|cant|p1b: Garchomp|flinch
|move|p2a: Delphox|Heat Wave|p1b: Garchomp|[spread] p1a,p1b
|-supereffective|p1a: Whimsicott|1
|-enditem|p1a: Whimsicott|Occa Berry|[eat]
|-enditem|p1a: Whimsicott|Occa Berry|[weaken]
|-resisted|p1b: Garchomp|1
|-damage|p1a: Whimsicott|0 fnt
|-damage|p1b: Garchomp|50/100g
|faint|p1a: Whimsicott
|
|-damage|p2b: Incineroar|62/100 psn|[from] psn
|upkeep
|turn|9
|
|t:|1785592119
|move|p2a: Delphox|Protect|p2a: Delphox
|-singleturn|p2a: Delphox|Protect
|move|p1b: Garchomp|Dragon Claw|p2a: Delphox
|-activate|p2a: Delphox|move: Protect
|move|p2b: Incineroar|Parting Shot|p1b: Garchomp
|-unboost|p1b: Garchomp|atk|1
|-unboost|p1b: Garchomp|spa|1
|
|t:|1785592127
|switch|p2b: Sneasler|Sneasler, L50, F, shiny|100/100|[from] Parting Shot
|
|upkeep
|turn|10
|
|t:|1785592133
|move|p2b: Sneasler|Fake Out|p1b: Garchomp
|-damage|p1b: Garchomp|37/100
|-damage|p2b: Sneasler|87/100|[from] ability: Rough Skin|[of] p1b: Garchomp
|cant|p1b: Garchomp|flinch
|move|p2a: Delphox|Psyshock|p1b: Garchomp
|-damage|p1b: Garchomp|0 fnt
|faint|p1b: Garchomp
|
|win|BenBen84
|l| sky yeh
|c|☆nanahachisan|謝謝指教
|l| Phoenix Burner
|c|☆BenBen84|謝謝指教
|l| zuutokei2
|l| Mirrorer
|l| Jason0103
|j| sky yeh
|l| Edward0516
|l| Manimo_1126
|l| sky yeh
|l| otenkoz
|l| 86test
|j| Vtl loser
|l| Vtl loser
|l| iono_1118
|l|☆nanahachisan
|player|p1|
