|j|☆FabioVelho
|j|☆cartulo
|html|FabioVelhocartulo    
|uhtml|bestof|Game 1 of a best-of-3
|t:|1782326691
|gametype|doubles
|player|p1|FabioVelho|sage|
|player|p2|cartulo|blue|
|gen|9
|tier|[Gen 9 Champions] VGC 2026 Reg M-B (Bo3)
|rule|Species Clause: Limit one of each Pokémon
|rule|Item Clause: Limit 1 of each item
|clearpoke
|poke|p1|Metagross, L50|
|poke|p1|Kommo-o, L50, F|
|poke|p1|Sylveon, L50, F|
|poke|p1|Aerodactyl, L50, M|
|poke|p1|Incineroar, L50, F|
|poke|p1|Milotic, L50, F|
|poke|p2|Torkoal, L50, M|
|poke|p2|Oranguru, L50, M|
|poke|p2|Sinistcha, L50|
|poke|p2|Golurk, L50|
|poke|p2|Trevenant, L50, M|
|poke|p2|Snorlax, L50, F, shiny|
|teampreview|4
|showteam|p1|Metagross||Metagrossite|ClearBody|IronHead,PsychicFangs,StompingTantrum,Protect|Adamant|||||50|]Kommo-o||Leftovers|Soundproof|ClangingScales,AuraSphere,ClangorousSoul,Protect|Modest||F|||50|]Sylveon||FairyFeather|Pixilate|HyperVoice,HyperBeam,QuickAttack,Detect|Modest||F|||50|]Aerodactyl||Aerodactylite|Unnerve|RockSlide,DualWingbeat,Tailwind,Protect|Jolly||M|||50|]Incineroar||PasshoBerry|Intimidate|FlareBlitz,ThroatChop,PartingShot,FakeOut|Careful||F|||50|]Milotic||SitrusBerry|Competitive|Scald,IcyWind,LifeDew,Protect|Modest||F|||50|
|showteam|p2|Torkoal||Charcoal|Drought|Eruption,HeatWave,EarthPower,Protect|Quiet||M|||50|]Oranguru||MentalHerb|InnerFocus|Psychic,Instruct,TrickRoom,SkillSwap|Quiet||M|||50|]Sinistcha||OccaBerry|Hospitality|MatchaGotcha,RagePowder,LifeDew,TrickRoom|Bold|||||50|]Golurk||Golurkite|IronFist|Poltergeist,RockSlide,PsychUp,Protect|Brave|||||50|]Trevenant||FocusSash|Frisk|HornLeech,RockSlide,PsychUp,TrickRoom|Brave||M|||50|]Snorlax||SitrusBerry|ThickFat|BodySlam,HammerArm,BellyDrum,Protect|Brave||F|||50|
|inactive|Battle timer is ON: inactive players will automatically lose when time's up. (requested by cartulo)
|
|t:|1782326713
|teamsize|p1|4
|teamsize|p2|4
|start
|switch|p1a: Aerodactyl|Aerodactyl, L50, M|100/100
|switch|p1b: Sylveon|Sylveon, L50, F|100/100
|switch|p2a: Sagazinha UwU|Snorlax, L50, F, shiny|100/100
|switch|p2b: Oranguru|Oranguru, L50, M|100/100
|-ability|p1a: Aerodactyl|Unnerve
|turn|1
|
|t:|1782326731
|detailschange|p1a: Aerodactyl|Aerodactyl-Mega, L50, M
|-mega|p1a: Aerodactyl|Aerodactyl|Aerodactylite
|move|p1a: Aerodactyl|Dual Wingbeat|p2a: Sagazinha UwU
|-damage|p2a: Sagazinha UwU|74/100
|-damage|p2a: Sagazinha UwU|50/100g
|-hitcount|p2a: Sagazinha UwU|2
|move|p1b: Sylveon|Hyper Voice|p2b: Oranguru|[spread] p2a,p2b
|-crit|p2b: Oranguru
|-damage|p2a: Sagazinha UwU|24/100
|-damage|p2b: Oranguru|40/100
|-enditem|p2a: Sagazinha UwU|Sitrus Berry|[eat]
|-heal|p2a: Sagazinha UwU|49/100|[from] item: Sitrus Berry
|move|p2a: Sagazinha UwU|Belly Drum||[still]
|-fail|p2a: Sagazinha UwU
|move|p2b: Oranguru|Trick Room|p2b: Oranguru
|-fieldstart|move: Trick Room|[of] p2b: Oranguru
|
|upkeep
|turn|2
|inactive|FabioVelho has 30 seconds left.
|
|t:|1782326763
|move|p1a: Aerodactyl|Protect|p1a: Aerodactyl
|-singleturn|p1a: Aerodactyl|Protect
|move|p2a: Sagazinha UwU|Hammer Arm|p1a: Aerodactyl
|-activate|p1a: Aerodactyl|move: Protect
|move|p2b: Oranguru|Instruct|p2a: Sagazinha UwU
|-singleturn|p2a: Sagazinha UwU|move: Instruct|[of] p2b: Oranguru
|move|p2a: Sagazinha UwU|Hammer Arm|p1a: Aerodactyl
|-activate|p1a: Aerodactyl|move: Protect
|move|p1b: Sylveon|Hyper Voice|p2a: Sagazinha UwU|[spread] p2a,p2b
|-damage|p2a: Sagazinha UwU|22/100
|-damage|p2b: Oranguru|0 fnt
|faint|p2b: Oranguru
|
|upkeep
|
|t:|1782326768
|switch|p2b: Torkoal|Torkoal, L50, M|100/100
|-weather|SunnyDay|[from] ability: Drought|[of] p2b: Torkoal
|turn|3
|inactive|FabioVelho has 30 seconds left.
|
|t:|1782326796
|move|p1b: Sylveon|Detect|p1b: Sylveon
|-singleturn|p1b: Sylveon|Protect
|move|p2b: Torkoal|Eruption|p1a: Aerodactyl|[spread] p1a
|-activate|p1b: Sylveon|move: Protect
|-resisted|p1a: Aerodactyl|1
|-damage|p1a: Aerodactyl|48/100
|move|p2a: Sagazinha UwU|Hammer Arm|p1a: Aerodactyl
|-damage|p1a: Aerodactyl|11/100
|-unboost|p2a: Sagazinha UwU|spe|1
|move|p1a: Aerodactyl|Rock Slide|p2b: Torkoal|[spread] p2a,p2b
|-supereffective|p2b: Torkoal|1
|-damage|p2a: Sagazinha UwU|0 fnt
|-damage|p2b: Torkoal|55/100
|faint|p2a: Sagazinha UwU
|
|-weather|SunnyDay|[upkeep]
|upkeep
|
|t:|1782326803
|switch|p2a: Golurk|Golurk, L50|100/100
|turn|4
|
|t:|1782326816
|detailschange|p2a: Golurk|Golurk-Mega, L50
|-mega|p2a: Golurk|Golurk|Golurkite
|move|p1a: Aerodactyl|Protect|p1a: Aerodactyl
|-singleturn|p1a: Aerodactyl|Protect
|move|p2b: Torkoal|Heat Wave|p1a: Aerodactyl|[spread] p1b
|-activate|p1a: Aerodactyl|move: Protect
|-damage|p1b: Sylveon|52/100
|move|p2a: Golurk|Poltergeist|p1b: Sylveon
|-activate|p1b: Sylveon|move: Poltergeist|Fairy Feather
|-damage|p1b: Sylveon|0 fnt
|faint|p1b: Sylveon
|
|-weather|SunnyDay|[upkeep]
|upkeep
|
|t:|1782326832
|switch|p1b: Milotic|Milotic, L50, F|100/100
|turn|5
|
|t:|1782326836
|switch|p1a: Incineroar|Incineroar, L50, F|100/100
|-ability|p1a: Incineroar|Intimidate|boost
|-unboost|p2a: Golurk|atk|1
|-unboost|p2b: Torkoal|atk|1
|move|p2b: Torkoal|Heat Wave|p1a: Incineroar|[spread] p1a,p1b
|-resisted|p1a: Incineroar|1
|-resisted|p1b: Milotic|1
|-crit|p1b: Milotic
|-damage|p1a: Incineroar|78/100
|-damage|p1b: Milotic|69/100
|move|p2a: Golurk|Poltergeist|p1b: Milotic
|-activate|p1b: Milotic|move: Poltergeist|Sitrus Berry
|-damage|p1b: Milotic|22/100
|-enditem|p1b: Milotic|Sitrus Berry|[eat]
|-heal|p1b: Milotic|47/100|[from] item: Sitrus Berry
|move|p1b: Milotic|Icy Wind|p2b: Torkoal|[spread] p2a,p2b
|-supereffective|p2a: Golurk|1
|-resisted|p2b: Torkoal|1
|-damage|p2a: Golurk|78/100
|-damage|p2b: Torkoal|48/100
|-unboost|p2a: Golurk|spe|1
|-unboost|p2b: Torkoal|spe|1
|
|-weather|SunnyDay|[upkeep]
|-fieldend|move: Trick Room
|upkeep
|turn|6
|
|t:|1782326860
|move|p1b: Milotic|Life Dew|p1b: Milotic|[spread] p1a,p1b
|-heal|p1a: Incineroar|100/100
|-heal|p1b: Milotic|72/100
|move|p1a: Incineroar|Parting Shot|p2a: Golurk
|-unboost|p2a: Golurk|atk|1
|-unboost|p2a: Golurk|spa|1
|
|t:|1782326867
|switch|p1a: Aerodactyl|Aerodactyl-Mega, L50, M|11/100|[from] Parting Shot
|move|p2a: Golurk|Rock Slide|p1a: Aerodactyl|[spread] p1a,p1b
|-supereffective|p1a: Aerodactyl|1
|-damage|p1a: Aerodactyl|0 fnt
|-damage|p1b: Milotic|60/100
|faint|p1a: Aerodactyl
|move|p2b: Torkoal|Earth Power|p1b: Milotic
|-damage|p1b: Milotic|42/100
|
|-weather|SunnyDay|[upkeep]
|upkeep
|
|t:|1782326875
|switch|p1a: Incineroar|Incineroar, L50, F|100/100
|-ability|p1a: Incineroar|Intimidate|boost
|-unboost|p2a: Golurk|atk|1
|-unboost|p2b: Torkoal|atk|1
|turn|7
|
|t:|1782326888
|move|p1b: Milotic|Scald|p2a: Golurk
|-supereffective|p2a: Golurk|1
|-damage|p2a: Golurk|51/100
|-status|p2a: Golurk|brn
|move|p1a: Incineroar|Throat Chop|p2a: Golurk
|-supereffective|p2a: Golurk|1
|-damage|p2a: Golurk|0 fnt
|faint|p2a: Golurk
|move|p2b: Torkoal|Earth Power|p1a: Incineroar
|-supereffective|p1a: Incineroar|1
|-damage|p1a: Incineroar|58/100
|
|-weather|none
|upkeep
|turn|8
|
|t:|1782326901
|move|p1b: Milotic|Scald|p2b: Torkoal
|-supereffective|p2b: Torkoal|1
|-damage|p2b: Torkoal|0 fnt
|faint|p2b: Torkoal
|
|win|FabioVelho
