|j|☆AmpedHer01
|j|☆iloveships
|html|AmpedHer01iloveships    
|uhtml|bestof|Game 2 of a best-of-3
|t:|1785339127
|gametype|doubles
|player|p1|AmpedHer01|nate|1103
|player|p2|iloveships|emmet|1136
|gen|9
|tier|[Gen 9 Champions] VGC 2026 Reg M-B (Bo3)
|rated|
|rule|Species Clause: Limit one of each Pokémon
|rule|Item Clause: Limit 1 of each item
|clearpoke
|poke|p1|Whimsicott, L50, F|
|poke|p1|Dragapult, L50, M, shiny|
|poke|p1|Overqwil, L50, M|
|poke|p1|Grimmsnarl, L50, M|
|poke|p1|Staraptor, L50, M, shiny|
|poke|p1|Sinistcha, L50|
|poke|p2|Charizard, L50, F, shiny|
|poke|p2|Garchomp, L50, M|
|poke|p2|Incineroar, L50, M|
|poke|p2|Sylveon, L50, F, shiny|
|poke|p2|Aerodactyl, L50, F|
|poke|p2|Farigiraf, L50, M|
|teampreview|4
|showteam|p1|Whimsicott||MentalHerb|Prankster|Tailwind,Charm,DazzlingGleam,GigaDrain|Timid||F|||50|]Dragapult||LifeOrb|Infiltrator|ThunderWave,SuckerPunch,DragonClaw,PhantomForce|Jolly||M|||50|]Overqwil||SitrusBerry|Intimidate|Haze,Toxic,Crunch,BarbBarrage|Careful||M|||50|]Grimmsnarl||WhiteHerb|Prankster|PartingShot,ScaryFace,FirePunch,SpiritBreak|Adamant||M|||50|]Staraptor||Staraptite|Intimidate|Protect,CloseCombat,DualWingbeat,Uturn|Adamant||M|||50|]Sinistcha||Leftovers|Hospitality|StrengthSap,RagePowder,MatchaGotcha,Scald|Modest|||||50|
|showteam|p2|Charizard||CharizarditeY|Blaze|HeatWave,WeatherBall,SolarBeam,Protect|Modest||F|||50|]Garchomp||LifeOrb|RoughSkin|Earthquake,StompingTantrum,DragonClaw,Protect|Jolly||M|||50|]Incineroar||SitrusBerry|Intimidate|FakeOut,FlareBlitz,ThroatChop,PartingShot|Careful||M|||50|]Sylveon||FairyFeather|Pixilate|HyperVoice,QuickAttack,Moonblast,Detect|Modest||F|||50|]Aerodactyl||FocusSash|Unnerve|RockSlide,Protect,Tailwind,WideGuard|Jolly||F|||50|]Farigiraf||ColburBerry|ArmorTail|TwinBeam,Thunderbolt,TrickRoom,HelpingHand|Relaxed||M|||50|
|inactive|Battle timer is ON: inactive players will automatically lose when time's up. (requested by iloveships)
|
|t:|1785339152
|teamsize|p1|4
|teamsize|p2|4
|start
|switch|p1a: Grimmsnarl|Grimmsnarl, L50, M|100/100
|switch|p1b: Overqwil|Overqwil, L50, M|100/100
|switch|p2a: Aerodactyl|Aerodactyl, L50, F|100/100
|switch|p2b: Sylveon|Sylveon, L50, F, shiny|100/100
|-ability|p2a: Aerodactyl|Unnerve
|-ability|p1b: Overqwil|Intimidate|boost
|-unboost|p2a: Aerodactyl|atk|1
|-unboost|p2b: Sylveon|atk|1
|turn|1
|inactive|AmpedHer01 has 30 seconds left.
|inactive|iloveships has 30 seconds left.
|inactive|AmpedHer01 has 20 seconds left.
|inactive|AmpedHer01 has 15 seconds left.
|
|t:|1785339192
|switch|p2b: Garchomp|Garchomp, L50, M|100/100
|move|p1a: Grimmsnarl|Scary Face|p2b: Garchomp
|-unboost|p2b: Garchomp|spe|2
|move|p2a: Aerodactyl|Rock Slide|p1a: Grimmsnarl|[spread] p1a,p1b
|-damage|p1a: Grimmsnarl|80/100
|-damage|p1b: Overqwil|85/100
|move|p1b: Overqwil|Toxic|p2b: Garchomp
|-status|p2b: Garchomp|tox
|
|-damage|p2b: Garchomp|94/100 tox|[from] psn
|upkeep
|turn|2
|
|t:|1785339213
|move|p2a: Aerodactyl|Tailwind|p2a: Aerodactyl
|-sidestart|p2: iloveships|move: Tailwind
|move|p2b: Garchomp|Earthquake|p1a: Grimmsnarl|[spread] p1a,p1b
|-immune|p2a: Aerodactyl
|-supereffective|p1b: Overqwil|1
|-damage|p1a: Grimmsnarl|21/100
|-damage|p1b: Overqwil|0 fnt
|faint|p1b: Overqwil
|-damage|p2b: Garchomp|84/100 tox|[from] item: Life Orb
|move|p1a: Grimmsnarl|Spirit Break|p2b: Garchomp
|-supereffective|p2b: Garchomp|1
|-damage|p2b: Garchomp|0 fnt
|-damage|p1a: Grimmsnarl|9/100|[from] ability: Rough Skin|[of] p2b: Garchomp
|faint|p2b: Garchomp
|
|upkeep
|
|t:|1785339228
|switch|p2b: Sylveon|Sylveon, L50, F, shiny|100/100
|switch|p1b: Staraptor|Staraptor, L50, M, shiny|100/100
|-ability|p1b: Staraptor|Intimidate|boost
|-unboost|p2a: Aerodactyl|atk|1
|-unboost|p2b: Sylveon|atk|1
|turn|3
|
|t:|1785339251
|switch|p2a: Charizard|Charizard, L50, F, shiny|100/100
|detailschange|p1b: Staraptor|Staraptor-Mega, L50, M, shiny
|-mega|p1b: Staraptor|Staraptor|Staraptite
|move|p1a: Grimmsnarl|Parting Shot|p2b: Sylveon
|-unboost|p2b: Sylveon|atk|1
|-unboost|p2b: Sylveon|spa|1
|
|t:|1785339258
|switch|p1a: Sinistcha|Sinistcha, L50|100/100|[from] Parting Shot
|move|p2b: Sylveon|Hyper Voice|p1a: Sinistcha|[spread] p1a,p1b
|-supereffective|p1b: Staraptor|1
|-damage|p1a: Sinistcha|62/100
|-damage|p1b: Staraptor|29/100
|move|p1b: Staraptor|Dual Wingbeat|p2b: Sylveon
|-damage|p2b: Sylveon|74/100
|-damage|p2b: Sylveon|44/100
|-hitcount|p2b: Sylveon|2
|
|-heal|p1a: Sinistcha|69/100|[from] item: Leftovers
|upkeep
|turn|4
|
|t:|1785339282
|switch|p1a: Grimmsnarl|Grimmsnarl, L50, M|9/100
|detailschange|p2a: Charizard|Charizard-Mega-Y, L50, F, shiny
|-mega|p2a: Charizard|Charizard|Charizardite Y
|-weather|SunnyDay|[from] ability: Drought|[of] p2a: Charizard
|move|p1b: Staraptor|Protect|p1b: Staraptor
|-singleturn|p1b: Staraptor|Protect
|move|p2a: Charizard|Heat Wave|p1b: Staraptor|[spread] p1a
|-activate|p1b: Staraptor|move: Protect
|-damage|p1a: Grimmsnarl|0 fnt
|faint|p1a: Grimmsnarl
|move|p2b: Sylveon|Hyper Voice|p1b: Staraptor
|-activate|p1b: Staraptor|move: Protect
|
|-weather|SunnyDay|[upkeep]
|upkeep
|
|t:|1785339296
|switch|p1a: Sinistcha|Sinistcha, L50|69/100
|-heal|p1b: Staraptor|54/100|[from] ability: Hospitality|[of] p1a: Sinistcha
|turn|5
|
|t:|1785339314
|move|p2a: Charizard|Heat Wave|p1b: Staraptor|[spread] p1a,p1b
|-supereffective|p1a: Sinistcha|1
|-damage|p1a: Sinistcha|0 fnt
|-damage|p1b: Staraptor|0 fnt
|faint|p1a: Sinistcha
|faint|p1b: Staraptor
|
|win|iloveships
|raw|AmpedHer01's rating: 1103 → 1080(-23 for losing)
|raw|iloveships's rating: 1136 → 1159(+23 for winning)
