|j|☆VicSaus53
|j|☆ScottieVGC
|html|VicSaus53ScottieVGC    
|uhtml|bestof|Game 2 of a best-of-3
|t:|1782595076
|gametype|doubles
|player|p1|VicSaus53|giovanni|1111
|player|p2|ScottieVGC|101|1097
|gen|9
|tier|[Gen 9 Champions] VGC 2026 Reg M-B (Bo3)
|rated|
|rule|Species Clause: Limit one of each Pokémon
|rule|Item Clause: Limit 1 of each item
|clearpoke
|poke|p1|Raichu, L50, F|
|poke|p1|Ceruledge, L50, M|
|poke|p1|Farigiraf, L50, M|
|poke|p1|Torkoal, L50, M|
|poke|p1|Vileplume, L50, F|
|poke|p1|Scrafty, L50, M|
|poke|p2|Swampert, L50, F|
|poke|p2|Sableye, L50, F|
|poke|p2|Metagross, L50|
|poke|p2|Talonflame, L50, F|
|poke|p2|Archaludon, L50, F|
|poke|p2|Sylveon, L50, M|
|teampreview|4
|showteam|p1|Raichu||RaichuniteY|LightningRod|ZapCannon,FocusBlast,FakeOut,Protect|Timid||F|||50|]Ceruledge||LifeOrb|FlashFire|BitterBlade,ShadowSneak,BulkUp,Protect|Adamant||M|||50|]Farigiraf||ColburBerry|ArmorTail|TwinBeam,Thunderbolt,HelpingHand,TrickRoom|Relaxed||M|||50|]Torkoal||Charcoal|Drought|Eruption,WeatherBall,HelpingHand,Protect|Quiet||M|||50|]Vileplume||FocusSash|Chlorophyll|LeafStorm,SludgeBomb,SleepPowder,AfterYou|Timid||F|||50|]Scrafty||Scraftinite|Intimidate|DrainPunch,KnockOff,IcePunch,FakeOut|Brave||M|||50|
|showteam|p2|Swampert||Swampertite|Torrent|Waterfall,Earthquake,IcePunch,Protect|Adamant||F|||50|]Sableye||MentalHerb|Prankster|RainDance,WillOWisp,FakeOut,Quash|Careful||F|||50|]Metagross||Metagrossite|ClearBody|PsychicFangs,MeteorMash,RockSlide,Protect|Jolly|||||50|]Talonflame||SitrusBerry|GaleWings|Tailwind,FlareBlitz,DualWingbeat,Roost|Impish||F|||50|]Archaludon||LifeOrb|Stamina|ElectroShot,DracoMeteor,FlashCannon,Protect|Timid||F|||50|]Sylveon||Leftovers|Pixilate|HyperVoice,QuickAttack,Protect,Yawn|Calm||M|||50|
|
|t:|1782595099
|teamsize|p1|4
|teamsize|p2|4
|start
|switch|p1a: Ceruledge|Ceruledge, L50, M|100/100
|switch|p1b: Vileplume|Vileplume, L50, F|100/100
|switch|p2a: Sableye|Sableye, L50, F|100/100
|switch|p2b: Swampert|Swampert, L50, F|100/100
|turn|1
|
|t:|1782595117
|switch|p1a: Farigiraf|Farigiraf, L50, M|100/100
|detailschange|p2b: Swampert|Swampert-Mega, L50, F
|-mega|p2b: Swampert|Swampert|Swampertite
|move|p2a: Sableye|Fake Out||[still]
|cant|p1a: Farigiraf|ability: Armor Tail|Fake Out|[of] p2a: Sableye
|move|p2b: Swampert|Waterfall|p1a: Farigiraf
|-damage|p1a: Farigiraf|56/100
|move|p1b: Vileplume|Leaf Storm|p2b: Swampert
|-supereffective|p2b: Swampert|2
|-damage|p2b: Swampert|0 fnt
|-unboost|p1b: Vileplume|spa|2
|faint|p2b: Swampert
|
|upkeep
|
|t:|1782595131
|switch|p2b: Archaludon|Archaludon, L50, F|100/100
|turn|2
|
|t:|1782595141
|switch|p1a: Ceruledge|Ceruledge, L50, M|100/100
|move|p2a: Sableye|Rain Dance|p2a: Sableye
|-weather|RainDance
|move|p2b: Archaludon|Electro Shot||[still]
|-prepare|p2b: Archaludon|Electro Shot
|-boost|p2b: Archaludon|spa|1
|-anim|p2b: Archaludon|Electro Shot|p1a: Ceruledge
|-damage|p1a: Ceruledge|28/100
|-damage|p2b: Archaludon|90/100|[from] item: Life Orb
|move|p1b: Vileplume|Sleep Powder|p2a: Sableye
|-status|p2a: Sableye|slp|[from] move: Sleep Powder
|
|-weather|RainDance|[upkeep]
|upkeep
|turn|3
|
|t:|1782595179
|switch|p1b: Torkoal|Torkoal, L50, M|100/100
|-weather|SunnyDay|[from] ability: Drought|[of] p1b: Torkoal
|switch|p2a: Sylveon|Sylveon, L50, M|100/100
|move|p2b: Archaludon|Electro Shot||[still]
|-prepare|p2b: Archaludon|Electro Shot
|-boost|p2b: Archaludon|spa|1
|move|p1a: Ceruledge|Bitter Blade|p2a: Sylveon
|-damage|p2a: Sylveon|0 fnt
|-heal|p1a: Ceruledge|88/100|[from] drain|[of] p2a: Sylveon
|faint|p2a: Sylveon
|-damage|p1a: Ceruledge|78/100|[from] item: Life Orb
|
|-weather|SunnyDay|[upkeep]
|upkeep
|
|t:|1782595193
|switch|p2a: Sableye|Sableye, L50, F|100/100 slp
|turn|4
|
|t:|1782595207
|cant|p2a: Sableye|slp
|move|p2b: Archaludon|Electro Shot|p1a: Ceruledge|[from] lockedmove
|-damage|p1a: Ceruledge|0 fnt
|faint|p1a: Ceruledge
|-damage|p2b: Archaludon|80/100|[from] item: Life Orb
|move|p1b: Torkoal|Eruption|p2b: Archaludon|[spread] p2a,p2b
|-damage|p2a: Sableye|12/100 slp
|-damage|p2b: Archaludon|0 fnt
|faint|p2b: Archaludon
|
|-weather|SunnyDay|[upkeep]
|upkeep
|
|t:|1782595222
|switch|p1a: Vileplume|Vileplume, L50, F|100/100
|turn|5
|
|t:|1782595228
|move|p1b: Torkoal|Helping Hand|p1a: Vileplume
|-singleturn|p1a: Vileplume|Helping Hand|[of] p1b: Torkoal
|-curestatus|p2a: Sableye|slp|[msg]
|move|p2a: Sableye|Will-O-Wisp|p1a: Vileplume
|-status|p1a: Vileplume|brn
|move|p1a: Vileplume|Sludge Bomb|p2a: Sableye
|-resisted|p2a: Sableye|1
|-damage|p2a: Sableye|0 fnt
|faint|p2a: Sableye
|
|win|VicSaus53
||ScottieVGC is ready for game 3.
||VicSaus53 is ready for game 3.
|uhtml|next|Next: Game 3 of 3
|l|☆ScottieVGC
|player|p2|
