|j|☆AtomicTwilight
|j|☆ceruleancrow
|html|AtomicTwilightceruleancrow    
|uhtml|bestof|Game 2 of a best-of-3
|t:|1783538061
|gametype|doubles
|player|p1|AtomicTwilight|canari|
|player|p2|ceruleancrow|266|
|gen|9
|tier|[Gen 9 Champions] VGC 2026 Reg M-B (Bo3)
|rule|Species Clause: Limit one of each Pokémon
|rule|Item Clause: Limit 1 of each item
|clearpoke
|poke|p1|Greninja, L50, M|
|poke|p1|Slowking-Galar, L50, F|
|poke|p1|Rotom-Frost, L50|
|poke|p1|Klefki, L50, M|
|poke|p1|Krookodile, L50, M|
|poke|p1|Floette-Eternal, L50, F|
|poke|p2|Steelix, L50, F|
|poke|p2|Hydrapple, L50, M|
|poke|p2|Cofagrigus, L50, F|
|poke|p2|Hippowdon, L50, M|
|poke|p2|Chandelure, L50, M|
|poke|p2|Ariados, L50, F|
|teampreview|4
|showteam|p1|Greninja||Greninjite|Protean|Blizzard,DarkPulse,Extrasensory,Protect|Modest||M|||50|]Slowking-Galar||Leftovers|Regenerator|ChillyReception,Protect,Toxic,ChillingWater|Calm||F|||50|]Rotom-Frost||ChoiceScarf|Levitate|VoltSwitch,Blizzard,Discharge,Electroweb|Timid|||||50|]Klefki||FocusSash|Prankster|ThunderWave,Reflect,LightScreen,DazzlingGleam|Timid||M|||50|]Krookodile||LifeOrb|Intimidate|Earthquake,KnockOff,CloseCombat,Protect|Jolly||M|||50|]Floette-Eternal||FairyFeather|FlowerVeil|Protect,DazzlingGleam,Moonblast,LightofRuin|Timid||F|||50|
|showteam|p2|Steelix||Steelixite|Sturdy|Protect,HeavySlam,RockSlide,HighHorsepower|Brave||F|||50|]Hydrapple||LifeOrb|Regenerator|Protect,FickleBeam,GigaDrain,PollenPuff|Quiet||M|||50|]Cofagrigus||MentalHerb|Mummy|Protect,TrickRoom,WillOWisp,NightShade|Relaxed||F|||50|]Hippowdon||Leftovers|SandStream|Protect,Yawn,SlackOff,HighHorsepower|Relaxed||M|||50|]Chandelure||Chandelurite|FlashFire|Protect,HeatWave,ShadowBall,TrickRoom|Modest||M|||50|]Ariados||CobaBerry|Insomnia|RagePowder,Electroweb,KnockOff,AcidSpray|Sassy||F|||50|
|
|t:|1783538132
|teamsize|p1|4
|teamsize|p2|4
|start
|switch|p1a: Krookodile|Krookodile, L50, M|100/100
|switch|p1b: Rotom|Rotom-Frost, L50|100/100
|switch|p2a: Ariados|Ariados, L50, F|100/100
|switch|p2b: Chandelure|Chandelure, L50, M|100/100
|-ability|p1a: Krookodile|Intimidate|boost
|-unboost|p2a: Ariados|atk|1
|-unboost|p2b: Chandelure|atk|1
|turn|1
|
|t:|1783538170
|move|p2b: Chandelure|Protect|p2b: Chandelure
|-singleturn|p2b: Chandelure|Protect
|move|p1b: Rotom|Discharge|p2b: Chandelure|[spread] p2a
|-activate|p2b: Chandelure|move: Protect
|-immune|p1a: Krookodile
|-damage|p2a: Ariados|74/100
|-status|p2a: Ariados|par
|move|p1a: Krookodile|Earthquake|p2a: Ariados|[spread] p2a
|-activate|p2b: Chandelure|move: Protect
|-immune|p1b: Rotom|[from] ability: Levitate
|-damage|p2a: Ariados|16/100 par
|-damage|p1a: Krookodile|90/100|[from] item: Life Orb
|move|p2a: Ariados|Knock Off|p1a: Krookodile
|-resisted|p1a: Krookodile|1
|-damage|p1a: Krookodile|81/100
|-enditem|p1a: Krookodile|Life Orb|[from] move: Knock Off|[of] p2a: Ariados
|
|upkeep
|turn|2
|
|t:|1783538238
|detailschange|p2b: Chandelure|Chandelure-Mega, L50, M
|-mega|p2b: Chandelure|Chandelure|Chandelurite
|move|p2a: Ariados|Rage Powder|p2a: Ariados
|-singleturn|p2a: Ariados|move: Rage Powder
|move|p1b: Rotom|Discharge|p2b: Chandelure|[spread] p2a,p2b
|-immune|p1a: Krookodile
|-crit|p2b: Chandelure
|-damage|p2a: Ariados|0 fnt
|-damage|p2b: Chandelure|56/100
|faint|p2a: Ariados
|move|p1a: Krookodile|Earthquake|p2b: Chandelure|[spread] p2b
|-immune|p1b: Rotom|[from] ability: Levitate
|-supereffective|p2b: Chandelure|1
|-damage|p2b: Chandelure|0 fnt
|faint|p2b: Chandelure
|
|upkeep
|
|t:|1783538251
|switch|p2b: Steelix|Steelix, L50, F|100/100
|switch|p2a: Hippowdon|Hippowdon, L50, M|100/100
|-weather|Sandstorm|[from] ability: Sand Stream|[of] p2a: Hippowdon
|turn|3
|
|t:|1783538284
|switch|p1b: Slowking|Slowking-Galar, L50, F|100/100
|move|p2b: Steelix|Protect|p2b: Steelix
|-singleturn|p2b: Steelix|Protect
|move|p1a: Krookodile|Close Combat|p2b: Steelix
|-activate|p2b: Steelix|move: Protect
|move|p2a: Hippowdon|Yawn|p1a: Krookodile
|-start|p1a: Krookodile|move: Yawn|[of] p2a: Hippowdon
|
|-weather|Sandstorm|[upkeep]
|-damage|p1b: Slowking|94/100|[from] Sandstorm
|-heal|p1b: Slowking|100/100|[from] item: Leftovers
|upkeep
|turn|4
|
|t:|1783538312
|switch|p1a: Rotom|Rotom-Frost, L50|100/100
|move|p2b: Steelix|Protect|p2b: Steelix
|-singleturn|p2b: Steelix|Protect
|move|p2a: Hippowdon|High Horsepower|p1b: Slowking
|-supereffective|p1b: Slowking|1
|-damage|p1b: Slowking|22/100
|move|p1b: Slowking|Toxic|p2a: Hippowdon
|-status|p2a: Hippowdon|tox
|
|-weather|Sandstorm|[upkeep]
|-damage|p1a: Rotom|94/100|[from] Sandstorm
|-damage|p1b: Slowking|16/100|[from] Sandstorm
|-heal|p1b: Slowking|22/100|[from] item: Leftovers
|-damage|p2a: Hippowdon|93/100 tox|[from] psn
|upkeep
|turn|5
|
|t:|1783538365
|-heal|p1b: Slowking|55/100|[from] ability: Regenerator|[silent]
|switch|p1b: Krookodile|Krookodile, L50, M|81/100
|-ability|p1b: Krookodile|Intimidate|boost
|-unboost|p2a: Hippowdon|atk|1
|-unboost|p2b: Steelix|atk|1
|move|p1a: Rotom|Blizzard|p2b: Steelix|[spread] p2a,p2b
|-supereffective|p2a: Hippowdon|1
|-damage|p2a: Hippowdon|28/100 tox
|-damage|p2b: Steelix|50/100g
|move|p2a: Hippowdon|High Horsepower|p1b: Krookodile
|-damage|p1b: Krookodile|53/100
|move|p2b: Steelix|Heavy Slam|p1b: Krookodile
|-damage|p1b: Krookodile|15/100
|
|-weather|Sandstorm|[upkeep]
|-damage|p1a: Rotom|88/100|[from] Sandstorm
|-heal|p2a: Hippowdon|34/100 tox|[from] item: Leftovers
|-damage|p2a: Hippowdon|22/100 tox|[from] psn
|upkeep
|turn|6
|
|t:|1783538405
|move|p1a: Rotom|Blizzard|p2b: Steelix|[spread] p2a
|-miss|p1a: Rotom|p2b: Steelix
|-supereffective|p2a: Hippowdon|1
|-damage|p2a: Hippowdon|0 fnt
|faint|p2a: Hippowdon
|move|p1b: Krookodile|Earthquake|p2b: Steelix|[spread] p2b
|-immune|p1a: Rotom|[from] ability: Levitate
|-supereffective|p2b: Steelix|1
|-crit|p2b: Steelix
|-damage|p2b: Steelix|0 fnt
|faint|p2b: Steelix
|
|win|AtomicTwilight
|c|☆ceruleancrow|gg
|inactive|AtomicTwilight has 30 seconds to confirm battle start!
|inactive|ceruleancrow has 30 seconds to confirm battle start!
||ceruleancrow is ready for game 3.
|c|☆AtomicTwilight|gg
||AtomicTwilight is ready for game 3.
|uhtml|next|Next: Game 3 of 3
|l|☆ceruleancrow
|player|p2|
