|j|☆Quill86
|j|☆dragonboy2100
|html|Quill86dragonboy2100    
|uhtml|bestof|Game 2 of a best-of-3
|t:|1756779324
|gametype|doubles
|player|p1|Quill86|lucas|1312
|player|p2|dragonboy2100|sage|1179
|gen|9
|tier|[Gen 9] VGC 2025 Reg H (Bo3)
|rated|
|rule|Species Clause: Limit one of each Pokémon
|rule|Item Clause: Limit 1 of each item
|clearpoke
|poke|p1|Indeedee-F, L50, F|
|poke|p1|Gallade, L50, M|
|poke|p1|Torkoal, L50, M|
|poke|p1|Ursaluna, L50, M|
|poke|p1|Hatterene, L50, F|
|poke|p1|Smeargle, L50, M|
|poke|p2|Corviknight, L50, F|
|poke|p2|Indeedee, L50, M|
|poke|p2|Sinistcha, L50|
|poke|p2|Tyranitar, L50, F|
|poke|p2|Excadrill, L50, M|
|poke|p2|Sneasler, L50, F|
|teampreview|4
|showteam|p1|Indeedee-F||PsychicSeed|PsychicSurge|FollowMe,TrickRoom,HelpingHand,DazzlingGleam|||F|||50|,,,,,Fairy]Gallade||ClearAmulet|Sharpness|SacredSword,WideGuard,TrickRoom,PsychoCut|||M|||50|,,,,,Grass]Torkoal||ChoiceSpecs|Drought|Eruption,WeatherBall,EarthPower,HeatWave|||M|||50|,,,,,Fire]Ursaluna||FlameOrb|Guts|Protect,HeadlongRush,Facade,Earthquake|||M|||50|,,,,,Ghost]Hatterene||LifeOrb|MagicBounce|DazzlingGleam,ExpandingForce,MysticalFire,TrickRoom|||F|||50|,,,,,Fire]Smeargle||FocusSash|Moody|FakeOut,Spore,Instruct,FollowMe|||M|||50|,,,,,Ghost
|showteam|p2|Corviknight||PsychicSeed|MirrorArmor|BraveBird,PowerTrip,BulkUp,Roost|||F|||50|,,,,,Water]Indeedee||ChoiceScarf|PsychicSurge|ExpandingForce,TeraBlast,Protect,Trick|||M|||50|,,,,,Psychic]Sinistcha||SitrusBerry|Hospitality|MatchaGotcha,ShadowBall,RagePowder,Protect||||||50|,,,,,Water]Tyranitar||AssaultVest|SandStream|RockSlide,KnockOff,LowKick,TeraBlast|||F|||50|,,,,,Flying]Excadrill||FocusSash|SandRush|Earthquake,IronHead,SwordsDance,Protect|||M|||50|,,,,,Ground]Sneasler||WhiteHerb|Unburden|CloseCombat,DireClaw,Coaching,FakeOut|||F|||50|,,,,,Flying
|inactive|Battle timer is ON: inactive players will automatically lose when time's up. (requested by dragonboy2100)
|
|t:|1756779349
|teamsize|p1|4
|teamsize|p2|4
|start
|switch|p1a: Indeedee|Indeedee-F, L50, F|100/100
|switch|p1b: Gallade|Gallade, L50, M|100/100
|switch|p2a: Excadrill|Excadrill, L50, M|100/100
|switch|p2b: Sneasler|Sneasler, L50, F|100/100
|-fieldstart|move: Psychic Terrain|[from] ability: Psychic Surge|[of] p1a: Indeedee
|-enditem|p1a: Indeedee|Psychic Seed
|-boost|p1a: Indeedee|spd|1|[from] item: Psychic Seed
|turn|1
|
|t:|1756779356
|move|p1b: Gallade|Wide Guard|p1b: Gallade
|-singleturn|p1b: Gallade|Wide Guard
|move|p2b: Sneasler|Close Combat|p1a: Indeedee
|-damage|p1a: Indeedee|37/100
|-unboost|p2b: Sneasler|def|1
|-unboost|p2b: Sneasler|spd|1
|-enditem|p2b: Sneasler|White Herb
|-clearnegativeboost|p2b: Sneasler|[silent]
|move|p2a: Excadrill|Iron Head|p1a: Indeedee
|-damage|p1a: Indeedee|0 fnt
|faint|p1a: Indeedee
|
|upkeep
|
|t:|1756779378
|switch|p1a: Hatterene|Hatterene, L50, F|100/100
|turn|2
|
|t:|1756779391
|-terastallize|p1a: Hatterene|Fire
|move|p1b: Gallade|Wide Guard|p1b: Gallade
|-singleturn|p1b: Gallade|Wide Guard
|move|p2b: Sneasler|Dire Claw|p1b: Gallade
|-damage|p1b: Gallade|40/100
|move|p2a: Excadrill|Iron Head|p1b: Gallade
|-damage|p1b: Gallade|0 fnt
|faint|p1b: Gallade
|move|p1a: Hatterene|Trick Room|p1a: Hatterene
|-fieldstart|move: Trick Room|[of] p1a: Hatterene
|
|upkeep
|
|t:|1756779401
|switch|p1b: Torkoal|Torkoal, L50, M|100/100
|-weather|SunnyDay|[from] ability: Drought|[of] p1b: Torkoal
|turn|3
|
|t:|1756779408
|move|p2a: Excadrill|Protect|p2a: Excadrill
|-singleturn|p2a: Excadrill|Protect
|move|p1b: Torkoal|Heat Wave|p2b: Sneasler|[spread] p2b
|-activate|p2a: Excadrill|move: Protect
|-damage|p2b: Sneasler|13/100
|-status|p2b: Sneasler|brn
|move|p1a: Hatterene|Dazzling Gleam|p2b: Sneasler|[spread] p2b
|-activate|p2a: Excadrill|move: Protect
|-damage|p2b: Sneasler|0 fnt
|faint|p2b: Sneasler
|-damage|p1a: Hatterene|91/100|[from] item: Life Orb
|
|-weather|SunnyDay|[upkeep]
|upkeep
|
|t:|1756779410
|switch|p2b: Tyranitar|Tyranitar, L50, F|100/100
|-weather|Sandstorm|[from] ability: Sand Stream|[of] p2b: Tyranitar
|turn|4
|
|t:|1756779429
|move|p1b: Torkoal|Heat Wave|p2a: Excadrill|[spread] p2a,p2b
|-supereffective|p2a: Excadrill
|-resisted|p2b: Tyranitar
|-enditem|p2a: Excadrill|Focus Sash
|-damage|p2a: Excadrill|1/100
|-damage|p2b: Tyranitar|93/100
|move|p1a: Hatterene|Dazzling Gleam|p2b: Tyranitar|[spread] p2a,p2b
|-resisted|p2a: Excadrill
|-supereffective|p2b: Tyranitar
|-damage|p2a: Excadrill|0 fnt
|-damage|p2b: Tyranitar|61/100
|faint|p2a: Excadrill
|-damage|p1a: Hatterene|81/100|[from] item: Life Orb
|move|p2b: Tyranitar|Rock Slide|p1b: Torkoal|[spread] p1a,p1b
|-supereffective|p1a: Hatterene
|-supereffective|p1b: Torkoal
|-damage|p1a: Hatterene|15/100
|-damage|p1b: Torkoal|49/100
|
|-weather|Sandstorm|[upkeep]
|-damage|p1b: Torkoal|42/100|[from] Sandstorm
|-damage|p1a: Hatterene|9/100|[from] Sandstorm
|upkeep
|
|t:|1756779441
|switch|p2a: Sinistcha|Sinistcha, L50|100/100
|-heal|p2b: Tyranitar|86/100|[from] ability: Hospitality|[of] p2a: Sinistcha
|turn|5
|
|t:|1756779449
|-terastallize|p2a: Sinistcha|Water
|move|p1b: Torkoal|Heat Wave|p2a: Sinistcha|[spread] p2b
|-miss|p1b: Torkoal|p2a: Sinistcha
|-resisted|p2b: Tyranitar
|-damage|p2b: Tyranitar|78/100
|move|p1a: Hatterene|Dazzling Gleam|p2a: Sinistcha|[spread] p2a,p2b
|-supereffective|p2b: Tyranitar
|-damage|p2a: Sinistcha|56/100
|-damage|p2b: Tyranitar|44/100
|-damage|p1a: Hatterene|0 fnt|[from] item: Life Orb
|faint|p1a: Hatterene
|move|p2b: Tyranitar|Knock Off|p1b: Torkoal
|-damage|p1b: Torkoal|0 fnt
|-enditem|p1b: Torkoal|Choice Specs|[from] move: Knock Off|[of] p2b: Tyranitar
|faint|p1b: Torkoal
|
|win|dragonboy2100
|raw|Quill86's rating: 1312 → 1285(-27 for losing)
|raw|dragonboy2100's rating: 1179 → 1213(+34 for winning)
