|j|☆Mythicallegand
|j|☆x-3 demon
|html|Mythicallegandx-3 demon    
|uhtml|bestof|Game 1 of a best-of-3
|t:|1756771998
|gametype|doubles
|player|p1|Mythicallegand|iris|1145
|player|p2|x-3 demon|boarder-gen2|1170
|gen|9
|tier|[Gen 9] VGC 2025 Reg H (Bo3)
|rated|
|rule|Species Clause: Limit one of each Pokémon
|rule|Item Clause: Limit 1 of each item
|clearpoke
|poke|p1|Typhlosion-Hisui, L50, M|
|poke|p1|Garchomp, L50, M|
|poke|p1|Whimsicott, L50, F|
|poke|p1|Farigiraf, L50, F|
|poke|p1|Archaludon, L50, F|
|poke|p1|Talonflame, L50, M|
|poke|p2|Dragonite, L50, F|
|poke|p2|Sinistcha, L50|
|poke|p2|Ursaluna, L50, F|
|poke|p2|Gholdengo, L50|
|poke|p2|Incineroar, L50, M|
|poke|p2|Ninetales-Alola, L50, F|
|teampreview|4
|showteam|p1|Typhlosion-Hisui||ChoiceSpecs|Blaze|Eruption,ShadowBall,Overheat,HeatWave|||M|||50|,,,,,Grass]Garchomp||ClearAmulet|RoughSkin|StompingTantrum,Earthquake,Protect,DragonClaw|||M|||50|,,,,,Ground]Whimsicott||FocusSash|Prankster|Tailwind,Moonblast,Encore,FakeTears|||F|||50|,,,,,Ghost]Farigiraf||ThroatSpray|ArmorTail|Psychic,HyperVoice,TrickRoom,Imprison|||F|||50|,,,,,Fairy]Archaludon||PowerHerb|Sturdy|ElectroShot,Protect,FlashCannon,DragonPulse|||F|||50|,,,,,Fairy]Talonflame||ChoiceBand|GaleWings|DualWingbeat,BraveBird,Uturn,TemperFlare|||M|||50|,,,,,Ghost
|showteam|p2|Dragonite||LoadedDice|Multiscale|ScaleShot,Haze,Tailwind,Protect|||F|||50|,,,,,Fairy]Sinistcha||SitrusBerry|Hospitality|MatchaGotcha,LifeDew,RagePowder,TrickRoom||||||50|,,,,,Water]Ursaluna||FlameOrb|Guts|HeadlongRush,Earthquake,Facade,Protect|||F|||50|,,,,,Ghost]Gholdengo||LifeOrb|GoodasGold|MakeItRain,ShadowBall,NastyPlot,Protect||||||50|,,,,,Water]Incineroar||AssaultVest|Intimidate|FlareBlitz,KnockOff,FakeOut,Uturn|||M|||50|,,,,,Grass]Ninetales-Alola||FocusSash|SnowWarning|IcyWind,FreezeDry,Encore,AuroraVeil|||F|||50|,,,,,Ghost
|inactive|Battle timer is ON: inactive players will automatically lose when time's up. (requested by Mythicallegand)
|
|t:|1756772052
|teamsize|p1|4
|teamsize|p2|4
|start
|switch|p1a: Typhlosion|Typhlosion-Hisui, L50, M|100/100
|switch|p1b: Whimsicott|Whimsicott, L50, F|100/100
|switch|p2a: Dragonite|Dragonite, L50, F|100/100
|switch|p2b: Ninetales|Ninetales-Alola, L50, F|100/100
|-weather|Snowscape|[from] ability: Snow Warning|[of] p2b: Ninetales
|turn|1
|inactive|Mythicallegand has 30 seconds left.
|
|t:|1756772078
|switch|p2b: Incineroar|Incineroar, L50, M|100/100
|-ability|p2b: Incineroar|Intimidate|boost
|-unboost|p1a: Typhlosion|atk|1
|-unboost|p1b: Whimsicott|atk|1
|move|p1b: Whimsicott|Fake Tears|p2a: Dragonite
|-unboost|p2a: Dragonite|spd|2
|move|p1a: Typhlosion|Eruption|p2a: Dragonite|[spread] p2a,p2b
|-resisted|p2a: Dragonite
|-resisted|p2b: Incineroar
|-damage|p2a: Dragonite|60/100
|-damage|p2b: Incineroar|73/100
|move|p2a: Dragonite|Scale Shot|p1a: Typhlosion|[miss]
|-miss|p2a: Dragonite|p1a: Typhlosion
|
|-weather|Snowscape|[upkeep]
|upkeep
|turn|2
|inactive|x-3 demon has 30 seconds left.
|
|t:|1756772104
|-terastallize|p1b: Whimsicott|Ghost
|move|p2a: Dragonite|Protect|p2a: Dragonite
|-singleturn|p2a: Dragonite|Protect
|move|p1b: Whimsicott|Moonblast|p2b: Incineroar
|-damage|p2b: Incineroar|54/100
|move|p1a: Typhlosion|Eruption|p2b: Incineroar|[spread] p2b
|-activate|p2a: Dragonite|move: Protect
|-resisted|p2b: Incineroar
|-damage|p2b: Incineroar|29/100
|move|p2b: Incineroar|Knock Off|p1a: Typhlosion
|-supereffective|p1a: Typhlosion
|-damage|p1a: Typhlosion|0 fnt
|-enditem|p1a: Typhlosion|Choice Specs|[from] move: Knock Off|[of] p2b: Incineroar
|faint|p1a: Typhlosion
|
|-weather|Snowscape|[upkeep]
|upkeep
|
|t:|1756772119
|switch|p1a: Archaludon|Archaludon, L50, F|100/100
|turn|3
|
|t:|1756772142
|switch|p2a: Ursaluna|Ursaluna, L50, F, shiny|100/100
|move|p1b: Whimsicott|Encore||[still]
|-fail|p1b: Whimsicott
|move|p1a: Archaludon|Electro Shot||[still]
|-prepare|p1a: Archaludon|Electro Shot
|-boost|p1a: Archaludon|spa|1
|-enditem|p1a: Archaludon|Power Herb
|-anim|p1a: Archaludon|Electro Shot|p2b: Incineroar
|-damage|p2b: Incineroar|0 fnt
|faint|p2b: Incineroar
|
|-weather|Snowscape|[upkeep]
|-status|p2a: Ursaluna|brn|[from] item: Flame Orb
|upkeep
|
|t:|1756772156
|switch|p2b: Ninetales|Ninetales-Alola, L50, F|100/100
|turn|4
|inactive|x-3 demon has 30 seconds left.
|
|t:|1756772188
|move|p1b: Whimsicott|Fake Tears|p2a: Ursaluna
|-unboost|p2a: Ursaluna|spd|2
|move|p2b: Ninetales|Icy Wind|p1a: Archaludon|[spread] p1b
|-miss|p2b: Ninetales|p1a: Archaludon
|-damage|p1b: Whimsicott|79/100
|-unboost|p1b: Whimsicott|spe|1
|move|p1a: Archaludon|Dragon Pulse|p2a: Ursaluna
|-damage|p2a: Ursaluna|0 fnt
|faint|p2a: Ursaluna
|
|-weather|Snowscape|[upkeep]
|upkeep
|
|t:|1756772200
|switch|p2a: Dragonite|Dragonite, L50, F|60/100
|turn|5
|
|t:|1756772224
|-terastallize|p2a: Dragonite|Fairy
|move|p1b: Whimsicott|Tailwind|p1b: Whimsicott
|-sidestart|p1: Mythicallegand|move: Tailwind
|move|p1a: Archaludon|Flash Cannon|p2a: Dragonite
|-supereffective|p2a: Dragonite
|-damage|p2a: Dragonite|0 fnt
|faint|p2a: Dragonite
|move|p2b: Ninetales|Encore|p1a: Archaludon
|-start|p1a: Archaludon|Encore
|
|-weather|none
|upkeep
|turn|6
|-message|x-3 demon forfeited.
|
|win|Mythicallegand
||x-3 demon is ready for game 2.
||Mythicallegand is ready for game 2.
|uhtml|next|Next: Game 2 of 3
|l|☆Mythicallegand
|player|p1|
