|j|☆BasedRen
|j|☆Threazoenine
|html|BasedRenThreazoenine    
|uhtml|bestof|Game 1 of a best-of-3
|t:|1756497416
|gametype|doubles
|player|p1|BasedRen|1|1057
|player|p2|Threazoenine|265|1000
|gen|9
|tier|[Gen 9] VGC 2025 Reg H (Bo3)
|rated|
|rule|Species Clause: Limit one of each Pokémon
|rule|Item Clause: Limit 1 of each item
|clearpoke
|poke|p1|Garchomp, L50, M|
|poke|p1|Blaziken, L50, F|
|poke|p1|Ceruledge, L50, F|
|poke|p1|Primarina, L50, F|
|poke|p1|Murkrow, L50, F|
|poke|p1|Zoroark-Hisui, L50, F|
|poke|p2|Tyranitar, L50, F|
|poke|p2|Excadrill, L50, M|
|poke|p2|Incineroar, L50, M|
|poke|p2|Hydrapple, L50, M|
|poke|p2|Primarina, L50, F|
|poke|p2|Volcarona, L50, M|
|teampreview|4
|showteam|p1|Garchomp||SafetyGoggles|RoughSkin|Earthquake,DragonClaw,Protect,BrickBreak|||M|||50|,,,,,Ground]Blaziken||FocusSash|SpeedBoost|Coaching,Protect,Overheat,AuraSphere|||F|||50|,,,,,Flying]Ceruledge||ClearAmulet|FlashFire|BitterBlade,SolarBlade,ShadowSneak,CloseCombat|||F|||50|,,,,,Grass]Primarina||ThroatSpray|LiquidVoice|Moonblast,HyperVoice,MistyTerrain,Protect|||F|||50|,,,,,Fairy]Murkrow||Eviolite|Prankster|Tailwind,FoulPlay,Haze,SunnyDay|||F|||50|,,,,,Ghost]Zoroark-Hisui||ChoiceSpecs|Illusion|BitterMalice,HyperVoice,HyperBeam,FocusBlast|||F|||50|,,,,,Normal
|showteam|p2|Tyranitar||AssaultVest|SandStream|KnockOff,RockSlide,TeraBlast,LowKick|||F|||50|,,,,,Flying]Excadrill||ClearAmulet|SandRush|IronHead,SwordsDance,Protect,HighHorsepower|||M|||50|,,,,,Ghost]Incineroar||SafetyGoggles|Intimidate|KnockOff,FlareBlitz,PartingShot,FakeOut|||M|||50|,,,,,Ghost]Hydrapple||Leftovers|Regenerator|FickleBeam,Yawn,PollenPuff,GigaDrain|||M|||50|,,,,,Fairy]Primarina||ThroatSpray|LiquidVoice|HyperVoice,Moonblast,Protect,Haze|||F|||50|,,,,,Dragon]Volcarona||RockyHelmet|FlameBody|HeatWave,QuiverDance,Protect,GigaDrain|||M|||50|,,,,,Grass
|inactive|Battle timer is ON: inactive players will automatically lose when time's up. (requested by BasedRen)
|inactive|Threazoenine has 60 seconds left.
|
|t:|1756497470
|teamsize|p1|4
|teamsize|p2|4
|start
|switch|p1a: Murkrow|Murkrow, L50, F|100/100
|switch|p1b: Ceruledge|Ceruledge, L50, F|100/100
|switch|p2a: Primarina|Primarina, L50, F|100/100
|switch|p2b: Incineroar|Incineroar, L50, M|100/100
|-ability|p2b: Incineroar|Intimidate|boost
|-unboost|p1a: Murkrow|atk|1
|-fail|p1b: Ceruledge|unboost|[from] item: Clear Amulet|[of] p1b: Ceruledge
|turn|1
|inactive|Threazoenine has 30 seconds left.
|inactive|BasedRen has 30 seconds left.
|inactive|BasedRen has 20 seconds left.
|inactive|BasedRen has 15 seconds left.
|inactive|BasedRen has 10 seconds left.
|
|t:|1756497521
|-terastallize|p1a: Murkrow|Ghost
|-terastallize|p2a: Primarina|Dragon
|move|p1a: Murkrow|Sunny Day|p1a: Murkrow
|-weather|SunnyDay
|move|p1b: Ceruledge|Solar Blade||[still]
|-prepare|p1b: Ceruledge|Solar Blade
|-anim|p1b: Ceruledge|Solar Blade|p2a: Primarina
|-resisted|p2a: Primarina
|-damage|p2a: Primarina|73/100
|move|p2a: Primarina|Hyper Voice|p1b: Ceruledge|[spread] p1a,p1b
|-supereffective|p1b: Ceruledge
|-damage|p1a: Murkrow|79/100
|-damage|p1b: Ceruledge|59/100
|-enditem|p2a: Primarina|Throat Spray
|-boost|p2a: Primarina|spa|1|[from] item: Throat Spray
|move|p2b: Incineroar|Knock Off|p1b: Ceruledge
|-supereffective|p1b: Ceruledge
|-damage|p1b: Ceruledge|0 fnt
|-enditem|p1b: Ceruledge|Clear Amulet|[from] move: Knock Off|[of] p2b: Incineroar
|faint|p1b: Ceruledge
|
|-weather|SunnyDay|[upkeep]
|upkeep
|
|t:|1756497538
|switch|p1b: Primarina|Primarina, L50, F|100/100
|turn|2
|
|t:|1756497560
|switch|p2a: Tyranitar|Tyranitar, L50, F|100/100
|-weather|Sandstorm|[from] ability: Sand Stream|[of] p2a: Tyranitar
|move|p1a: Murkrow|Haze|p1a: Murkrow
|-clearallboost
|move|p1b: Primarina|Hyper Voice|p2b: Incineroar|[spread] p2a,p2b
|-supereffective|p2a: Tyranitar
|-supereffective|p2b: Incineroar
|-damage|p2a: Tyranitar|77/100
|-damage|p2b: Incineroar|61/100
|-enditem|p1b: Primarina|Throat Spray
|-boost|p1b: Primarina|spa|1|[from] item: Throat Spray
|move|p2b: Incineroar|Knock Off|p1a: Murkrow
|-supereffective|p1a: Murkrow
|-damage|p1a: Murkrow|7/100
|-enditem|p1a: Murkrow|Eviolite|[from] move: Knock Off|[of] p2b: Incineroar
|
|-weather|Sandstorm|[upkeep]
|-damage|p1a: Murkrow|1/100|[from] Sandstorm
|-damage|p1b: Primarina|95/100|[from] Sandstorm
|upkeep
|turn|3
|inactive|BasedRen has 30 seconds left.
|inactive|Threazoenine has 30 seconds left.
|
|t:|1756497589
|move|p1a: Murkrow|Sunny Day|p1a: Murkrow
|-weather|SunnyDay
|move|p1b: Primarina|Moonblast|p2a: Tyranitar
|-supereffective|p2a: Tyranitar
|-damage|p2a: Tyranitar|1/100
|move|p2a: Tyranitar|Rock Slide|p1a: Murkrow|[spread] p1a,p1b
|-damage|p1a: Murkrow|0 fnt
|-damage|p1b: Primarina|64/100
|faint|p1a: Murkrow
|move|p2b: Incineroar|Parting Shot|p1b: Primarina
|-unboost|p1b: Primarina|atk|1
|-unboost|p1b: Primarina|spa|1
|
|t:|1756497606
|switch|p2b: Hydrapple|Hydrapple, L50, M|100/100|[from] Parting Shot
|
|-weather|SunnyDay|[upkeep]
|upkeep
|
|t:|1756497611
|switch|p1a: Blaziken|Blaziken, L50, F, shiny|100/100
|turn|4
|inactive|Threazoenine has 30 seconds left.
|
|t:|1756497638
|switch|p2a: Incineroar|Incineroar, L50, M|61/100
|-ability|p2a: Incineroar|Intimidate|boost
|-unboost|p1a: Blaziken|atk|1
|-unboost|p1b: Primarina|atk|1
|move|p1a: Blaziken|Overheat|p2b: Hydrapple
|-damage|p2b: Hydrapple|12/100
|-unboost|p1a: Blaziken|spa|2
|move|p1b: Primarina|Hyper Voice|p2a: Incineroar|[spread] p2a,p2b
|-supereffective|p2a: Incineroar
|-resisted|p2b: Hydrapple
|-crit|p2b: Hydrapple
|-damage|p2a: Incineroar|42/100
|-damage|p2b: Hydrapple|8/100
|move|p2b: Hydrapple|Yawn|p1b: Primarina
|-start|p1b: Primarina|move: Yawn|[of] p2b: Hydrapple
|
|-weather|SunnyDay|[upkeep]
|-heal|p2b: Hydrapple|14/100|[from] item: Leftovers
|-ability|p1a: Blaziken|Speed Boost|boost
|-boost|p1a: Blaziken|spe|1
|upkeep
|turn|5
|inactive|BasedRen has 30 seconds left.
|
|t:|1756497670
|switch|p2b: Primarina|Primarina, L50, F, tera:Dragon|73/100
|move|p2a: Incineroar|Fake Out|p1b: Primarina
|-damage|p1b: Primarina|53/100
|move|p1a: Blaziken|Overheat|p2b: Primarina
|-resisted|p2b: Primarina
|-damage|p2b: Primarina|51/100
|-unboost|p1a: Blaziken|spa|2
|cant|p1b: Primarina|flinch
|
|-weather|SunnyDay|[upkeep]
|-end|p1b: Primarina|move: Yawn|[silent]
|-status|p1b: Primarina|slp
|-ability|p1a: Blaziken|Speed Boost|boost
|-boost|p1a: Blaziken|spe|1
|upkeep
|turn|6
|inactive|Threazoenine has 30 seconds left.
|
|t:|1756497695
|move|p1a: Blaziken|Aura Sphere|p2a: Incineroar
|-supereffective|p2a: Incineroar
|-damage|p2a: Incineroar|24/100
|cant|p1b: Primarina|slp
|move|p2b: Primarina|Moonblast|p1b: Primarina
|-damage|p1b: Primarina|6/100 slp
|move|p2a: Incineroar|Flare Blitz|p1b: Primarina
|-resisted|p1b: Primarina
|-damage|p1b: Primarina|0 fnt
|faint|p1b: Primarina
|-damage|p2a: Incineroar|22/100|[from] Recoil
|
|-weather|SunnyDay|[upkeep]
|-ability|p1a: Blaziken|Speed Boost|boost
|-boost|p1a: Blaziken|spe|1
|upkeep
|turn|7
|-message|BasedRen forfeited.
|
|win|Threazoenine
|l|☆BasedRen
|player|p1|
||BasedRen is ready for game 2.
|inactive|Threazoenine has 30 seconds to confirm battle start!
||Threazoenine is ready for game 2.
|uhtml|next|Next: Game 2 of 3
