|j|☆TobiYume
|j|☆markusme100
|html|TobiYumemarkusme100    
|uhtml|bestof|Game 2 of a best-of-3
|t:|1756729404
|gametype|doubles
|player|p1|TobiYume|roxie|1174
|player|p2|markusme100|hiker-gen4|1110
|gen|9
|tier|[Gen 9] VGC 2025 Reg H (Bo3)
|rated|
|rule|Species Clause: Limit one of each Pokémon
|rule|Item Clause: Limit 1 of each item
|clearpoke
|poke|p1|Decidueye-Hisui, L50, M|
|poke|p1|Sylveon, L50, F|
|poke|p1|Talonflame, L50, F|
|poke|p1|Tyranitar, L50, M|
|poke|p1|Garchomp, L50, M|
|poke|p1|Gholdengo, L50|
|poke|p2|Garchomp, L50, M|
|poke|p2|Gholdengo, L50|
|poke|p2|Sneasler, L50, M|
|poke|p2|Dragonite, L50, F|
|poke|p2|Incineroar, L50, F|
|poke|p2|Whimsicott, L50, M|
|teampreview|4
|showteam|p1|Decidueye-Hisui||RazorClaw|Scrappy|TripleArrows,LeafBlade,SuckerPunch,Protect|||M|||50|,,,,,Fire]Sylveon||ThroatSpray|Pixilate|HyperVoice,HyperBeam,TeraBlast,Protect|||F|||50|,,,,,Water]Talonflame||CovertCloak|GaleWings|Tailwind,WillOWisp,BraveBird,Taunt|||F|||50|,,,,,Grass]Tyranitar||AssaultVest|SandStream|RockSlide,KnockOff,TeraBlast,LowKick|||M|||50|,,,,,Flying]Garchomp||LifeOrb|RoughSkin|DragonClaw,StompingTantrum,Earthquake,Protect|||M|||50|,,,,,Steel]Gholdengo||Leftovers|GoodasGold|MakeItRain,ShadowBall,NastyPlot,Protect||||||50|,,,,,Dragon
|showteam|p2|Garchomp||LifeOrb|RoughSkin|Protect,Earthquake,StompingTantrum,DragonClaw|||M|||50|,,,,,Ground]Gholdengo||ChoiceSpecs|GoodasGold|Thunderbolt,MakeItRain,ShadowBall,Trick||||||50|,,,,,Steel]Sneasler||WhiteHerb|Unburden|FakeOut,Protect,CloseCombat,DireClaw|||M|||50|,,,,,Stellar]Dragonite||ChoiceBand|InnerFocus|Outrage,ExtremeSpeed,IceSpinner,StompingTantrum|||F|||50|,,,,,Normal]Incineroar||AssaultVest|Intimidate|FakeOut,KnockOff,FlareBlitz,Uturn|||F|||50|,,,,,Grass]Whimsicott||FocusSash|Prankster|Protect,Tailwind,Moonblast,Encore|||M|||50|,,,,,Ghost
|
|t:|1756729425
|teamsize|p1|4
|teamsize|p2|4
|start
|switch|p1a: Elie|Talonflame, L50, F|100/100
|switch|p1b: Lloyd|Garchomp, L50, M|100/100
|switch|p2a: Gholdengo|Gholdengo, L50|100/100
|switch|p2b: Whimsicott|Whimsicott, L50, M|100/100
|turn|1
|
|t:|1756729459
|switch|p2a: Dragonite|Dragonite, L50, F|100/100
|move|p2b: Whimsicott|Tailwind|p2b: Whimsicott
|-sidestart|p2: markusme100|move: Tailwind
|move|p1a: Elie|Tailwind|p1a: Elie
|-sidestart|p1: TobiYume|move: Tailwind
|move|p1b: Lloyd|Stomping Tantrum|p2a: Dragonite
|-immune|p2a: Dragonite
|
|upkeep
|turn|2
|
|t:|1756729490
|switch|p1b: Kloe|Sylveon, L50, F, shiny|100/100
|move|p2b: Whimsicott|Encore||[still]
|-fail|p2b: Whimsicott
|move|p1a: Elie|Will-O-Wisp|p2a: Dragonite
|-status|p2a: Dragonite|brn
|move|p2a: Dragonite|Outrage|p1b: Kloe
|-immune|p1b: Kloe
|
|-damage|p2a: Dragonite|94/100 brn|[from] brn
|upkeep
|turn|3
|
|t:|1756729513
|switch|p2a: Gholdengo|Gholdengo, L50|100/100
|move|p2b: Whimsicott|Encore|p1a: Elie
|-start|p1a: Elie|Encore
|move|p1a: Elie|Will-O-Wisp|p2b: Whimsicott
|-status|p2b: Whimsicott|brn
|move|p1b: Kloe|Hyper Voice|p2a: Gholdengo|[spread] p2a,p2b
|-resisted|p2a: Gholdengo
|-damage|p2a: Gholdengo|77/100
|-damage|p2b: Whimsicott|31/100 brn
|-enditem|p1b: Kloe|Throat Spray
|-boost|p1b: Kloe|spa|1|[from] item: Throat Spray
|
|-damage|p2b: Whimsicott|25/100 brn|[from] brn
|upkeep
|turn|4
|
|t:|1756729542
|switch|p1a: Wazy|Gholdengo, L50|100/100
|-terastallize|p2a: Gholdengo|Steel
|-terastallize|p1b: Kloe|Water
|move|p2b: Whimsicott|Moonblast|p1a: Wazy
|-resisted|p1a: Wazy
|-damage|p1a: Wazy|85/100
|move|p2a: Gholdengo|Make It Rain|p1a: Wazy|[spread] p1a,p1b
|-resisted|p1a: Wazy
|-crit|p1a: Wazy
|-resisted|p1b: Kloe
|-damage|p1a: Wazy|15/100
|-damage|p1b: Kloe|68/100
|-unboost|p2a: Gholdengo|spa|1
|move|p1b: Kloe|Tera Blast|p2a: Gholdengo|[anim] Tera Blast Water
|-damage|p2a: Gholdengo|3/100
|
|-heal|p1a: Wazy|21/100|[from] item: Leftovers
|-damage|p2b: Whimsicott|20/100 brn|[from] brn
|-sideend|p1: TobiYume|move: Tailwind
|-sideend|p2: markusme100|move: Tailwind
|upkeep
|turn|5
|
|t:|1756729562
|switch|p1a: Elie|Talonflame, L50, F|100/100
|move|p2b: Whimsicott|Tailwind|p2b: Whimsicott
|-sidestart|p2: markusme100|move: Tailwind
|move|p2a: Gholdengo|Make It Rain|p1a: Elie|[spread] p1a,p1b
|-resisted|p1a: Elie
|-resisted|p1b: Kloe
|-damage|p1a: Elie|60/100
|-damage|p1b: Kloe|44/100
|-unboost|p2a: Gholdengo|spa|1
|move|p1b: Kloe|Hyper Voice|p2b: Whimsicott|[spread] p2a,p2b
|-resisted|p2a: Gholdengo
|-damage|p2a: Gholdengo|0 fnt
|-damage|p2b: Whimsicott|0 fnt
|faint|p2a: Gholdengo
|faint|p2b: Whimsicott
|
|upkeep
|
|t:|1756729572
|switch|p2b: Dragonite|Dragonite, L50, F|94/100 brn
|switch|p2a: Sneasler|Sneasler, L50, M|100/100
|turn|6
|
|t:|1756729580
|move|p2a: Sneasler|Fake Out|p1a: Elie
|-damage|p1a: Elie|44/100
|move|p2b: Dragonite|Outrage|p1a: Elie
|-damage|p1a: Elie|0 fnt
|faint|p1a: Elie
|move|p1b: Kloe|Hyper Voice|p2b: Dragonite|[spread] p2a,p2b
|-supereffective|p2b: Dragonite
|-damage|p2a: Sneasler|11/100
|-damage|p2b: Dragonite|0 fnt
|faint|p2b: Dragonite
|
|upkeep
|
|t:|1756729588
|switch|p1a: Wazy|Gholdengo, L50|21/100
|turn|7
|
|t:|1756729594
|move|p2a: Sneasler|Dire Claw|p1b: Kloe
|-damage|p1b: Kloe|0 fnt
|faint|p1b: Kloe
|move|p1a: Wazy|Shadow Ball|p2a: Sneasler
|-damage|p2a: Sneasler|0 fnt
|faint|p2a: Sneasler
|
|win|TobiYume
|raw|TobiYume's rating: 1174 → 1194(+20 for winning)
|raw|markusme100's rating: 1110 → 1090(-20 for losing)
|l|☆markusme100
|player|p2|
