|j|☆Imaglaceonmain1
|j|☆jolethebowl
|html|Imaglaceonmain1jolethebowl    
|uhtml|bestof|Game 2 of a best-of-3
|t:|1785115153
|gametype|doubles
|player|p1|Imaglaceonmain1|265|
|player|p2|jolethebowl|whitney|
|gen|9
|tier|[Gen 9 Champions] VGC 2026 Reg M-B (Bo3)
|rule|Species Clause: Limit one of each Pokémon
|rule|Item Clause: Limit 1 of each item
|clearpoke
|poke|p1|Staraptor, L50, M|
|poke|p1|Grimmsnarl, L50, M|
|poke|p1|Pidgeot, L50, F|
|poke|p1|Machamp, L50, M|
|poke|p1|Gholdengo, L50|
|poke|p1|Torterra, L50, F|
|poke|p2|Beartic, L50, M|
|poke|p2|Slowking, L50, M|
|poke|p2|Incineroar, L50, F|
|poke|p2|Clefable, L50, M|
|poke|p2|Lucario, L50, M|
|poke|p2|Gengar, L50, M|
|teampreview|4
|showteam|p1|Staraptor||Staraptite|Intimidate|AirSlash,CloseCombat,Protect,Uturn|Naive||M|||50|]Grimmsnarl||LightClay|Prankster|LightScreen,Reflect,DarkPulse,PartingShot|Sassy||M|||50|]Pidgeot||MuscleBand|KeenEye|QuickAttack,Tailwind,DualWingbeat,SteelWing|Jolly||F|||50|]Machamp||KingsRock|Guts|HighHorsepower,IcePunch,KnockOff,DrainPunch|Adamant||M|||50|]Gholdengo||MetalCoat|GoodasGold|IronHead,ShadowBall,Thunderbolt,ConfuseRay|Naive|||||50|]Torterra||MiracleSeed|Overgrow|EarthPower,GigaDrain,Crunch,IronHead|Brave||F|||50|
|showteam|p2|Beartic||ExpertBelt|SnowCloak|IcicleCrash,CloseCombat,Protect,Liquidation|Serious||M|||50|]Slowking||Leftovers|Oblivious|Psychic,Scald,SlackOff,TrickRoom|Serious||M|||50|]Incineroar||SitrusBerry|Intimidate|FakeOut,FlareBlitz,PartingShot,DarkestLariat|Serious||F|||50|]Clefable||Clefablite|CuteCharm|FollowMe,HelpingHand,Protect,Moonblast|Serious||M|||50|]Lucario||FocusSash|Justified|CloseCombat,BulletPunch,Protect,ExtremeSpeed|Serious||M|||50|]Gengar||Gengarite|CursedBody|SludgeBomb,ShadowBall,Protect,BrickBreak|Serious||M|||50|
|j| Leafeon Main?
|
|t:|1785115250
|teamsize|p1|4
|teamsize|p2|4
|start
|switch|p1a: Integral|Staraptor, L50, M|100/100
|switch|p1b: Tetration|Grimmsnarl, L50, M|100/100
|switch|p2a: Gengar|Gengar, L50, M|100/100
|switch|p2b: Slowking|Slowking, L50, M|100/100
|-ability|p1a: Integral|Intimidate|boost
|-unboost|p2a: Gengar|atk|1
|-fail|p2b: Slowking|unboost|Attack|[from] ability: Oblivious|[of] p2b: Slowking
|turn|1
|
|t:|1785115286
|detailschange|p1a: Integral|Staraptor-Mega, L50, M
|-mega|p1a: Integral|Staraptor|Staraptite
|move|p1b: Tetration|Parting Shot|p1a: Integral
|-boost|p1a: Integral|atk|1
|-boost|p1a: Integral|spa|1
|
|t:|1785115291
|switch|p1b: Quadratic|Gholdengo, L50|100/100|[from] Parting Shot
|move|p1a: Integral|U-turn|p2b: Slowking
|-supereffective|p2b: Slowking|1
|-damage|p2b: Slowking|29/100
|
|t:|1785115299
|switch|p1a: Tetration|Grimmsnarl, L50, M|100/100|[from] U-turn
|move|p2a: Gengar|Sludge Bomb|p1b: Quadratic
|-immune|p1b: Quadratic
|move|p2b: Slowking|Scald|p1a: Tetration
|-damage|p1a: Tetration|79/100
|
|-heal|p2b: Slowking|35/100|[from] item: Leftovers
|upkeep
|turn|2
|
|t:|1785115336
|move|p1b: Quadratic|Thunderbolt|p2b: Slowking
|-supereffective|p2b: Slowking|1
|-damage|p2b: Slowking|0 fnt
|faint|p2b: Slowking
|move|p2a: Gengar|Shadow Ball|p1b: Quadratic
|-supereffective|p1b: Quadratic|1
|-damage|p1b: Quadratic|6/100
|move|p1a: Tetration|Dark Pulse|p2a: Gengar
|-supereffective|p2a: Gengar|1
|-damage|p2a: Gengar|21/100
|-start|p1a: Tetration|Disable|Dark Pulse|[from] ability: Cursed Body|[of] p2a: Gengar
|
|upkeep
|
|t:|1785115355
|switch|p2b: Incineroar|Incineroar, L50, F|100/100
|-ability|p2b: Incineroar|Intimidate|boost
|-unboost|p1a: Tetration|atk|1
|-unboost|p1b: Quadratic|atk|1
|turn|3
|
|t:|1785115375
|move|p2a: Gengar|Protect|p2a: Gengar
|-singleturn|p2a: Gengar|Protect
|move|p1a: Tetration|Reflect|p1a: Tetration
|-sidestart|p1: Imaglaceonmain1|Reflect
|move|p1b: Quadratic|Shadow Ball|p2a: Gengar
|-activate|p2a: Gengar|move: Protect
|move|p2b: Incineroar|Flare Blitz|p1b: Quadratic
|-supereffective|p1b: Quadratic|1
|-damage|p1b: Quadratic|0 fnt
|faint|p1b: Quadratic
|-damage|p2b: Incineroar|98/100|[from] Recoil
|
|upkeep
|
|t:|1785115387
|switch|p1b: Integral|Staraptor-Mega, L50, M|100/100
|turn|4
|
|t:|1785115415
|move|p2a: Gengar|Protect|p2a: Gengar
|-singleturn|p2a: Gengar|Protect
|move|p1a: Tetration|Light Screen|p1a: Tetration
|-sidestart|p1: Imaglaceonmain1|move: Light Screen
|move|p1b: Integral|Close Combat|p2b: Incineroar
|-supereffective|p2b: Incineroar|1
|-damage|p2b: Incineroar|0 fnt
|-boost|p1b: Integral|def|1
|-boost|p1b: Integral|spd|1
|faint|p2b: Incineroar
|
|upkeep
|
|t:|1785115427
|switch|p2b: Clefable|Clefable, L50, M|100/100
|turn|5
|
|t:|1785115443
|move|p1a: Tetration|Parting Shot|p1b: Integral
|-boost|p1b: Integral|atk|1
|-boost|p1b: Integral|spa|1
|
|t:|1785115446
|switch|p1a: Polynomial|Machamp, L50, M|100/100|[from] Parting Shot
|move|p1b: Integral|Air Slash|p2a: Gengar
|-damage|p2a: Gengar|0 fnt
|-start|p1b: Integral|Disable|Air Slash|[from] ability: Cursed Body|[of] p2a: Gengar
|faint|p2a: Gengar
|move|p2b: Clefable|Moonblast|p1b: Integral
|-supereffective|p1b: Integral|1
|-damage|p1b: Integral|57/100
|-boost|p1b: Integral|spa|1
|
|upkeep
|turn|6
|
|t:|1785115466
|move|p1b: Integral|Protect|p1b: Integral
|-singleturn|p1b: Integral|Protect
|move|p2b: Clefable|Moonblast|p1b: Integral
|-activate|p1b: Integral|move: Protect
|move|p1a: Polynomial|Ice Punch|p2b: Clefable
|-damage|p2b: Clefable|62/100
|
|upkeep
|turn|7
|
|t:|1785115487
|move|p1b: Integral|Close Combat|p2b: Clefable
|-resisted|p2b: Clefable|1
|-damage|p2b: Clefable|0 fnt
|-boost|p1b: Integral|def|1
|-boost|p1b: Integral|spd|1
|faint|p2b: Clefable
|
|win|Imaglaceonmain1
|l| Leafeon Main?
|l|☆jolethebowl
|player|p2|
