|j|☆Grogguu
|j|☆jony_vgc
|html|Grogguujony_vgc    
|uhtml|bestof|Game 2 of a best-of-3
|t:|1756346111
|gametype|doubles
|player|p1|Grogguu|zinzolin|1103
|player|p2|jony_vgc|wattson|1000
|gen|9
|tier|[Gen 9] VGC 2025 Reg H (Bo3)
|rated|
|rule|Species Clause: Limit one of each Pokémon
|rule|Item Clause: Limit 1 of each item
|clearpoke
|poke|p1|Sneasler, L50, F|
|poke|p1|Dragapult, L50, F|
|poke|p1|Primarina, L50, F|
|poke|p1|Rillaboom, L50, F|
|poke|p1|Kingambit, L50, F|
|poke|p1|Magmar, L50, F|
|poke|p2|Archaludon, L50, M|
|poke|p2|Salamence, L50, M|
|poke|p2|Basculegion-F, L50, F|
|poke|p2|Gastrodon-East, L50, F|
|poke|p2|Meowscarada, L50, M|
|poke|p2|Clodsire, L50, F|
|teampreview|4
|showteam|p1|Sneasler||WhiteHerb|Unburden|CloseCombat,DireClaw,Coaching,Protect|||F|||50|,,,,,Stellar]Dragapult||ChoiceBand|ClearBody|DragonDarts,TeraBlast,PhantomForce,Uturn|||F|||50|,,,,,Ghost]Primarina||SitrusBerry|LiquidVoice|HyperVoice,Moonblast,Haze,Protect|||F|||50|,,,,,Water]Rillaboom||AssaultVest|GrassySurge|WoodHammer,GrassyGlide,KnockOff,FakeOut|||F|||50|,,,,,Fire]Kingambit||BlackGlasses|Defiant|KowtowCleave,SuckerPunch,SwordsDance,Protect|||F|||50|,,,,,Ghost]Magmar||Eviolite|VitalSpirit|Overheat,WillOWisp,FollowMe,Protect|||F|||50|,,,,,Ghost
|showteam|p2|Archaludon||PowerHerb|Sturdy|ElectroShot,Protect,FlashCannon,DracoMeteor|||M|||50|,,,,,Electric]Salamence||CovertCloak|Intimidate|Tailwind,Earthquake,DragonClaw,DragonCheer|||M|||50|,,,,,Steel]Basculegion-F||LifeOrb|Adaptability|Surf,MuddyWater,ShadowBall,Protect|||F|||50|,,,,,Water]Gastrodon-East||Leftovers|StormDrain|IceBeam,MirrorCoat,Recover,EarthPower|||F|||50|,,,,,Fire]Meowscarada||WideLens|Protean|PetalBlizzard,Uturn,KnockOff,TripleAxel|||M|||50|,,,,,Stellar]Clodsire||BlackSludge|Unaware|Toxic,Recover,Haze,RainDance|||F|||50|,,,,,Poison
|inactive|Battle timer is ON: inactive players will automatically lose when time's up. (requested by Grogguu)
|
|t:|1756346155
|teamsize|p1|4
|teamsize|p2|4
|start
|switch|p1a: Kingambit|Kingambit, L50, F|100/100
|switch|p1b: Magmar|Magmar, L50, F|100/100
|switch|p2a: Archaludon|Archaludon, L50, M|100/100
|switch|p2b: Clodsire|Clodsire, L50, F|100/100
|turn|1
|
|t:|1756346174
|-terastallize|p2a: Archaludon|Electric
|move|p1b: Magmar|Follow Me|p1b: Magmar
|-singleturn|p1b: Magmar|move: Follow Me
|move|p2a: Archaludon|Electro Shot||[still]
|-prepare|p2a: Archaludon|Electro Shot
|-boost|p2a: Archaludon|spa|1
|-enditem|p2a: Archaludon|Power Herb
|-anim|p2a: Archaludon|Electro Shot|p1b: Magmar
|-damage|p1b: Magmar|15/100
|move|p1a: Kingambit|Swords Dance|p1a: Kingambit
|-boost|p1a: Kingambit|atk|2
|move|p2b: Clodsire|Rain Dance|p2b: Clodsire
|-weather|RainDance
|
|-weather|RainDance|[upkeep]
|upkeep
|turn|2
|
|t:|1756346188
|move|p2a: Archaludon|Protect|p2a: Archaludon
|-singleturn|p2a: Archaludon|Protect
|move|p1a: Kingambit|Sucker Punch||[still]
|-fail|p1a: Kingambit
|move|p1b: Magmar|Will-O-Wisp|p2b: Clodsire
|-status|p2b: Clodsire|brn
|move|p2b: Clodsire|Haze|p2b: Clodsire
|-clearallboost
|
|-weather|RainDance|[upkeep]
|-damage|p2b: Clodsire|94/100 brn|[from] brn
|upkeep
|turn|3
|
|t:|1756346205
|move|p2a: Archaludon|Electro Shot||[still]
|-prepare|p2a: Archaludon|Electro Shot
|-boost|p2a: Archaludon|spa|1
|-anim|p2a: Archaludon|Electro Shot|p1a: Kingambit
|-damage|p1a: Kingambit|6/100
|move|p1b: Magmar|Will-O-Wisp|p2b: Clodsire
|-fail|p2b: Clodsire|brn
|move|p1a: Kingambit|Kowtow Cleave|p2a: Archaludon
|-damage|p2a: Archaludon|49/100
|move|p2b: Clodsire|Toxic|p1b: Magmar
|-status|p1b: Magmar|tox
|
|-weather|RainDance|[upkeep]
|-heal|p2b: Clodsire|100/100 brn|[from] item: Black Sludge
|-damage|p1b: Magmar|9/100 tox|[from] psn
|-damage|p2b: Clodsire|94/100 brn|[from] brn
|upkeep
|turn|4
|inactive|jony_vgc has 30 seconds left.
|inactive|Grogguu has 30 seconds left.
|inactive|jony_vgc has 20 seconds left.
|inactive|jony_vgc has 15 seconds left.
|
|t:|1756346253
|switch|p2b: Gastrodon|Gastrodon-East, L50, F|100/100
|move|p2a: Archaludon|Protect|p2a: Archaludon
|-singleturn|p2a: Archaludon|Protect
|move|p1a: Kingambit|Sucker Punch||[still]
|-fail|p1a: Kingambit
|move|p1b: Magmar|Will-O-Wisp|p2a: Archaludon
|-activate|p2a: Archaludon|move: Protect
|
|-weather|RainDance|[upkeep]
|-damage|p1b: Magmar|0 fnt|[from] psn
|faint|p1b: Magmar
|upkeep
|
|t:|1756346260
|switch|p1b: Rillaboom|Rillaboom, L50, F|100/100
|-fieldstart|move: Grassy Terrain|[from] ability: Grassy Surge|[of] p1b: Rillaboom
|turn|5
|
|t:|1756346273
|switch|p2b: Clodsire|Clodsire, L50, F|94/100 brn
|move|p1b: Rillaboom|Grassy Glide|p2b: Clodsire
|-damage|p2b: Clodsire|66/100 brn
|move|p1a: Kingambit|Sucker Punch|p2a: Archaludon
|-damage|p2a: Archaludon|11/100
|move|p2a: Archaludon|Electro Shot||[still]
|-prepare|p2a: Archaludon|Electro Shot
|-boost|p2a: Archaludon|spa|1
|-anim|p2a: Archaludon|Electro Shot|p1a: Kingambit
|-damage|p1a: Kingambit|0 fnt
|faint|p1a: Kingambit
|
|-weather|none
|-heal|p2a: Archaludon|17/100|[from] Grassy Terrain
|-heal|p2b: Clodsire|72/100 brn|[from] Grassy Terrain
|-heal|p2b: Clodsire|78/100 brn|[from] item: Black Sludge
|-damage|p2b: Clodsire|72/100 brn|[from] brn
|upkeep
|
|t:|1756346275
|switch|p1a: Sneasler|Sneasler, L50, F|100/100
|turn|6
|
|t:|1756346296
|move|p1a: Sneasler|Close Combat|p2a: Archaludon
|-damage|p2a: Archaludon|0 fnt
|-unboost|p1a: Sneasler|def|1
|-unboost|p1a: Sneasler|spd|1
|faint|p2a: Archaludon
|-enditem|p1a: Sneasler|White Herb
|-clearnegativeboost|p1a: Sneasler|[silent]
|move|p1b: Rillaboom|Wood Hammer|p2b: Clodsire
|-damage|p2b: Clodsire|7/100 brn
|-damage|p1b: Rillaboom|76/100|[from] Recoil
|move|p2b: Clodsire|Toxic|p1b: Rillaboom
|-status|p1b: Rillaboom|tox
|
|-heal|p1b: Rillaboom|82/100 tox|[from] Grassy Terrain
|-heal|p2b: Clodsire|13/100 brn|[from] Grassy Terrain
|-heal|p2b: Clodsire|20/100 brn|[from] item: Black Sludge
|-damage|p1b: Rillaboom|76/100 tox|[from] psn
|-damage|p2b: Clodsire|13/100 brn|[from] brn
|upkeep
|
|t:|1756346304
|switch|p2a: Meowscarada|Meowscarada, L50, M|100/100
|turn|7
|inactive|jony_vgc has 30 seconds left.
|
|t:|1756346333
|-terastallize|p1a: Sneasler|Stellar
|move|p1b: Rillaboom|Grassy Glide|p2b: Clodsire
|-damage|p2b: Clodsire|0 fnt
|faint|p2b: Clodsire
|move|p1a: Sneasler|Dire Claw|p2a: Meowscarada
|-supereffective|p2a: Meowscarada
|-damage|p2a: Meowscarada|0 fnt
|faint|p2a: Meowscarada
|
|-heal|p1b: Rillaboom|82/100 tox|[from] Grassy Terrain
|-damage|p1b: Rillaboom|70/100 tox|[from] psn
|upkeep
|
|t:|1756346343
|switch|p2b: Gastrodon|Gastrodon-East, L50, F|100/100
|turn|8
|
|t:|1756346350
|move|p1b: Rillaboom|Grassy Glide|p2b: Gastrodon
|-supereffective|p2b: Gastrodon
|-damage|p2b: Gastrodon|0 fnt
|faint|p2b: Gastrodon
|
|win|Grogguu
|raw|Grogguu's rating: 1103 → 1121(+18 for winning)
|raw|jony_vgc's rating: 1000 → 1000(+0 for losing)
|l|☆jony_vgc
|player|p2|
