|j|☆TransGirlChomp1
|j|☆sbhaga34
|html|TransGirlChomp1sbhaga34    
|uhtml|bestof|Game 1 of a best-of-3
|t:|1784666822
|gametype|doubles
|player|p1|TransGirlChomp1|pokemonbreederf|1418
|player|p2|sbhaga34|hugh|1317
|gen|9
|tier|[Gen 9 Champions] VGC 2026 Reg M-B (Bo3)
|rated|
|rule|Species Clause: Limit one of each Pokémon
|rule|Item Clause: Limit 1 of each item
|clearpoke
|poke|p1|Garchomp, L50, F|
|poke|p1|Tyranitar, L50, F|
|poke|p1|Gholdengo, L50|
|poke|p1|Venusaur, L50, M|
|poke|p1|Incineroar, L50, M|
|poke|p1|Talonflame, L50, F|
|poke|p2|Excadrill, L50, M|
|poke|p2|Tyranitar, L50, M|
|poke|p2|Corviknight, L50, F|
|poke|p2|Rotom-Wash, L50|
|poke|p2|Chandelure, L50, M|
|poke|p2|Scovillain, L50, F|
|teampreview|4
|showteam|p1|Garchomp||Garchompite|SandVeil|EarthPower,DragonPulse,PowerGem,Protect|Modest||F|||50|]Tyranitar||ChoiceScarf|SandStream|RockSlide,KnockOff,LowKick,IcyWind|Jolly||F|||50|]Gholdengo||LifeOrb|GoodasGold|MakeItRain,ShadowBall,NastyPlot,Protect|Modest|||||50|]Venusaur||Venusaurite|Chlorophyll|GigaDrain,SludgeBomb,SleepPowder,Protect|Modest||M|||50|]Incineroar||PasshoBerry|Intimidate|FakeOut,FlareBlitz,ThroatChop,PartingShot|Careful||M|||50|]Talonflame||SharpBeak|GaleWings|BraveBird,FlareBlitz,Tailwind,QuickGuard|Jolly||F|||50|
|showteam|p2|Excadrill||FocusSash|SandRush|Earthquake,IronHead,SwordsDance,Protect|Adamant||M|||50|]Tyranitar||Tyranitarite|SandStream|RockSlide,KnockOff,LowKick,Protect|Adamant||M|||50|]Corviknight||SharpBeak|MirrorArmor|BraveBird,Tailwind,BulkUp,Roost|Careful||F|||50|]Rotom-Wash||ChoiceScarf|Levitate|VoltSwitch,Thunderbolt,Electroweb,HydroPump|Timid|||||50|]Chandelure||ShucaBerry|FlashFire|HeatWave,ShadowBall,TrickRoom,Protect|Modest||M|||50|]Scovillain||Scovillainite|Chlorophyll|RagePowder,Overheat,GigaDrain,Protect|Calm||F|||50|
|inactive|Battle timer is ON: inactive players will automatically lose when time's up. (requested by TransGirlChomp1)
|inactive|TransGirlChomp1 has 60 seconds left.
|inactive|sbhaga34 has 60 seconds left.
|inactive|sbhaga34 has 30 seconds left.
|
|t:|1784666888
|teamsize|p1|4
|teamsize|p2|4
|start
|switch|p1a: Venusaur|Venusaur, L50, M|100/100
|switch|p1b: Incineroar|Incineroar, L50, M|100/100
|switch|p2a: Corviknight|Corviknight, L50, F|100/100
|switch|p2b: Chandelure|Chandelure, L50, M|100/100
|-ability|p1b: Incineroar|Intimidate|boost
|-ability|p2a: Corviknight|Mirror Armor
|-unboost|p1b: Incineroar|atk|1
|-unboost|p2b: Chandelure|atk|1
|turn|1
|
|t:|1784666911
|switch|p1a: Gholdengo|Gholdengo, L50|100/100
|move|p2b: Chandelure|Heat Wave|p1b: Incineroar|[spread] p1a,p1b
|-supereffective|p1a: Gholdengo|1
|-resisted|p1b: Incineroar|1
|-damage|p1a: Gholdengo|8/100
|-damage|p1b: Incineroar|82/100
|move|p2a: Corviknight|Tailwind|p2a: Corviknight
|-sidestart|p2: sbhaga34|move: Tailwind
|move|p1b: Incineroar|Throat Chop|p2b: Chandelure
|-supereffective|p2b: Chandelure|1
|-damage|p2b: Chandelure|53/100
|-start|p2b: Chandelure|Throat Chop|[silent]
|
|upkeep
|turn|2
|
|t:|1784666927
|switch|p2b: Rotom|Rotom-Wash, L50|100/100
|switch|p1a: Tyranitar|Tyranitar, L50, F|100/100
|-weather|Sandstorm|[from] ability: Sand Stream|[of] p1a: Tyranitar
|move|p2a: Corviknight|Bulk Up|p2a: Corviknight
|-boost|p2a: Corviknight|atk|1
|-boost|p2a: Corviknight|def|1
|move|p1b: Incineroar|Flare Blitz|p2a: Corviknight
|-supereffective|p2a: Corviknight|1
|-damage|p2a: Corviknight|66/100
|-damage|p1b: Incineroar|71/100|[from] Recoil
|
|-weather|Sandstorm|[upkeep]
|-damage|p2b: Rotom|94/100|[from] Sandstorm
|-damage|p1b: Incineroar|65/100|[from] Sandstorm
|upkeep
|turn|3
|inactive|sbhaga34 has 30 seconds left.
|
|t:|1784666952
|move|p2b: Rotom|Volt Switch|p1a: Tyranitar
|-damage|p1a: Tyranitar|80/100
|
|t:|1784666956
|switch|p2b: Chandelure|Chandelure, L50, M|53/100|[from] Volt Switch
|move|p2a: Corviknight|Brave Bird|p1b: Incineroar
|-damage|p1b: Incineroar|0 fnt
|faint|p1b: Incineroar
|-damage|p2a: Corviknight|44/100|[from] Recoil
|move|p1a: Tyranitar|Rock Slide|p2a: Corviknight|[spread] p2a,p2b
|-crit|p2a: Corviknight
|-supereffective|p2b: Chandelure|1
|-damage|p2a: Corviknight|6/100
|-damage|p2b: Chandelure|0 fnt
|faint|p2b: Chandelure
|
|-weather|Sandstorm|[upkeep]
|upkeep
|
|t:|1784666966
|switch|p2b: Excadrill|Excadrill, L50, M|100/100
|switch|p1b: Venusaur|Venusaur, L50, M|100/100
|turn|4
|inactive|sbhaga34 has 30 seconds left.
|
|t:|1784666992
|detailschange|p1b: Venusaur|Venusaur-Mega, L50, M
|-mega|p1b: Venusaur|Venusaur|Venusaurite
|move|p2b: Excadrill|Earthquake|p1b: Venusaur|[spread] p1a,p1b
|-immune|p2a: Corviknight
|-supereffective|p1a: Tyranitar|1
|-damage|p1a: Tyranitar|0 fnt
|-damage|p1b: Venusaur|63/100
|faint|p1a: Tyranitar
|move|p2a: Corviknight|Roost|p2a: Corviknight
|-heal|p2a: Corviknight|56/100
|-singleturn|p2a: Corviknight|move: Roost
|move|p1b: Venusaur|Giga Drain|p2b: Excadrill
|-damage|p2b: Excadrill|51/100
|-heal|p1b: Venusaur|87/100|[from] drain|[of] p2b: Excadrill
|
|-weather|Sandstorm|[upkeep]
|-damage|p1b: Venusaur|81/100|[from] Sandstorm
|-sideend|p2: sbhaga34|move: Tailwind
|upkeep
|
|t:|1784667001
|switch|p1a: Gholdengo|Gholdengo, L50|8/100
|turn|5
|
|t:|1784667007
|move|p1a: Gholdengo|Protect|p1a: Gholdengo
|-singleturn|p1a: Gholdengo|Protect
|move|p2b: Excadrill|Earthquake|p1a: Gholdengo|[spread] p1b
|-activate|p1a: Gholdengo|move: Protect
|-immune|p2a: Corviknight
|-damage|p1b: Venusaur|47/100
|move|p1b: Venusaur|Giga Drain|p2b: Excadrill
|-damage|p2b: Excadrill|0 fnt
|-heal|p1b: Venusaur|73/100|[from] drain|[of] p2b: Excadrill
|faint|p2b: Excadrill
|move|p2a: Corviknight|Tailwind|p2a: Corviknight
|-sidestart|p2: sbhaga34|move: Tailwind
|
|-weather|Sandstorm|[upkeep]
|-damage|p1b: Venusaur|67/100|[from] Sandstorm
|upkeep
|
|t:|1784667015
|switch|p2b: Rotom|Rotom-Wash, L50|94/100
|turn|6
|-message|TransGirlChomp1 forfeited.
|
|win|sbhaga34
