|j|☆M00ncell
|j|☆Sculked
|html|M00ncellSculked    
|uhtml|bestof|Game 1 of a best-of-3
|t:|1783327712
|gametype|doubles
|player|p1|M00ncell|plasmagrunt|
|player|p2|Sculked|will|
|gen|9
|tier|[Gen 9 Champions] VGC 2026 Reg M-B (Bo3)
|rule|Species Clause: Limit one of each Pokémon
|rule|Item Clause: Limit 1 of each item
|clearpoke
|poke|p1|Staraptor, L50, M|
|poke|p1|Whimsicott, L50, F|
|poke|p1|Garchomp, L50, M|
|poke|p1|Basculegion, L50, M|
|poke|p1|Incineroar, L50, F|
|poke|p1|Charizard, L50, F|
|poke|p2|Blastoise, L50, F|
|poke|p2|Meowstic, L50, M|
|poke|p2|Raichu, L50, F|
|poke|p2|Dragonite, L50, F|
|poke|p2|Farigiraf, L50, M, shiny|
|poke|p2|Staraptor, L50, F, shiny|
|teampreview|4
|showteam|p1|Staraptor||Staraptite|Intimidate|CloseCombat,BraveBird,Protect,Roost|Jolly||M|||50|]Whimsicott||FocusSash|Prankster|Moonblast,Tailwind,Encore,Protect|Timid||F|||50|]Garchomp||LifeOrb|RoughSkin|DragonClaw,Protect,Earthquake,RockSlide|Jolly||M|||50|]Basculegion||ChoiceScarf|Adaptability|LastRespects,AquaJet,WaveCrash,FlipTurn|Adamant||M|||50|]Incineroar||SitrusBerry|Intimidate|FakeOut,PartingShot,FlareBlitz,ThroatChop|Careful||F|||50|]Charizard||CharizarditeY|Blaze|Protect,HeatWave,SolarBeam,WeatherBall|Modest||F|||50|
|showteam|p2|Blastoise||WhiteHerb|RainDish|ShellSmash,TerrainPulse,AuraSphere,Protect|Modest||F|||50|]Meowstic||BrightPowder|Prankster|PsychicTerrain,ExpandingForce,BatonPass,CalmMind|Modest||M|||50|]Raichu||RaichuniteY|LightningRod|ZapCannon,Discharge,Protect,FocusBlast|Bold||F|||50|]Dragonite||LifeOrb|Multiscale|IceSpinner,DragonDance,ExtremeSpeed,Earthquake|Jolly||F|||50|]Farigiraf||SitrusBerry|CudChew|PsychicTerrain,EnergyBall,ExpandingForce,Wish|Bold||M|||50|]Staraptor||BlackBelt|Intimidate|CloseCombat,Roost,SteelWing,BlazeKick|Jolly||F|||50|
|
|t:|1783327814
|teamsize|p1|4
|teamsize|p2|4
|start
|switch|p1a: Incineroar|Incineroar, L50, F|100/100
|switch|p1b: Garchomp|Garchomp, L50, M|100/100
|switch|p2a: Meowstic|Meowstic, L50, M|100/100
|switch|p2b: Ryu|Blastoise, L50, F|100/100
|-ability|p1a: Incineroar|Intimidate|boost
|-unboost|p2a: Meowstic|atk|1
|-unboost|p2b: Ryu|atk|1
|-enditem|p2b: Ryu|White Herb
|-clearnegativeboost|p2b: Ryu|[silent]
|turn|1
|
|t:|1783327864
|move|p1a: Incineroar|Fake Out|p2a: Meowstic
|-damage|p2a: Meowstic|87/100
|cant|p2a: Meowstic|flinch
|move|p1b: Garchomp|Rock Slide|p2b: Ryu|[spread] p2a,p2b
|-damage|p2a: Meowstic|56/100
|-damage|p2b: Ryu|74/100
|-damage|p1b: Garchomp|90/100|[from] item: Life Orb
|move|p2b: Ryu|Aura Sphere|p1a: Incineroar
|-supereffective|p1a: Incineroar|1
|-damage|p1a: Incineroar|64/100
|
|upkeep
|turn|2
|
|t:|1783327913
|move|p2a: Meowstic|Calm Mind|p2a: Meowstic
|-boost|p2a: Meowstic|spa|1
|-boost|p2a: Meowstic|spd|1
|move|p1b: Garchomp|Dragon Claw|p2a: Meowstic
|-damage|p2a: Meowstic|0 fnt
|faint|p2a: Meowstic
|-damage|p1b: Garchomp|80/100|[from] item: Life Orb
|move|p2b: Ryu|Aura Sphere|p1a: Incineroar
|-supereffective|p1a: Incineroar|1
|-damage|p1a: Incineroar|32/100
|-enditem|p1a: Incineroar|Sitrus Berry|[eat]
|-heal|p1a: Incineroar|57/100|[from] item: Sitrus Berry
|move|p1a: Incineroar|Parting Shot|p2b: Ryu
|-unboost|p2b: Ryu|atk|1
|-unboost|p2b: Ryu|spa|1
|
|t:|1783327929
|switch|p1a: Whimsicott|Whimsicott, L50, F|100/100|[from] Parting Shot
|
|upkeep
|
|t:|1783327954
|switch|p2a: Rhubarb|Farigiraf, L50, M, shiny|100/100
|turn|3
|
|t:|1783327972
|move|p2b: Ryu|Protect|p2b: Ryu
|-singleturn|p2b: Ryu|Protect
|move|p1a: Whimsicott|Encore|p2b: Ryu
|-activate|p2b: Ryu|move: Protect
|move|p1b: Garchomp|Dragon Claw|p2a: Rhubarb
|-damage|p2a: Rhubarb|49/100
|-enditem|p2a: Rhubarb|Sitrus Berry|[eat]
|-heal|p2a: Rhubarb|74/100|[from] item: Sitrus Berry
|-damage|p1b: Garchomp|70/100|[from] item: Life Orb
|move|p2a: Rhubarb|Wish|p2a: Rhubarb
|
|upkeep
|turn|4
|
|t:|1783327990
|switch|p2b: Garuda|Dragonite, L50, F|100/100
|move|p1a: Whimsicott|Encore||[still]
|-fail|p1a: Whimsicott
|move|p1b: Garchomp|Dragon Claw|p2a: Rhubarb
|-damage|p2a: Rhubarb|25/100
|-damage|p1b: Garchomp|60/100|[from] item: Life Orb
|move|p2a: Rhubarb|Psychic Terrain|p2a: Rhubarb
|-fieldstart|move: Psychic Terrain
|
|-heal|p2a: Rhubarb|75/100|[from] move: Wish|[wisher] Rhubarb
|-activate|p2a: Rhubarb|ability: Cud Chew
|-enditem|p2a: Rhubarb|Sitrus Berry|[eat]
|-heal|p2a: Rhubarb|100/100|[from] item: Sitrus Berry
|upkeep
|turn|5
|
|t:|1783328013
|move|p1a: Whimsicott|Encore|p2a: Rhubarb
|-activate|p2a: Rhubarb|move: Psychic Terrain
|move|p1b: Garchomp|Rock Slide|p2b: Garuda|[spread] p2a,p2b
|-supereffective|p2b: Garuda|1
|-damage|p2a: Rhubarb|75/100
|-damage|p2b: Garuda|73/100
|-damage|p1b: Garchomp|50/100g|[from] item: Life Orb
|move|p2b: Garuda|Ice Spinner|p1a: Whimsicott
|-supereffective|p1a: Whimsicott|1
|-enditem|p1a: Whimsicott|Focus Sash
|-damage|p1a: Whimsicott|1/100
|-fieldend|move: Psychic Terrain
|-damage|p2b: Garuda|64/100|[from] item: Life Orb
|move|p2a: Rhubarb|Expanding Force|p1b: Garchomp
|-damage|p1b: Garchomp|19/100
|
|upkeep
|turn|6
|
|t:|1783328043
|move|p2b: Garuda|Extreme Speed|p1a: Whimsicott
|-damage|p1a: Whimsicott|0 fnt
|faint|p1a: Whimsicott
|-damage|p2b: Garuda|54/100|[from] item: Life Orb
|move|p1b: Garchomp|Dragon Claw|p2a: Rhubarb
|-damage|p2a: Rhubarb|20/100y
|-damage|p1b: Garchomp|9/100|[from] item: Life Orb
|move|p2a: Rhubarb|Energy Ball|p1b: Garchomp
|-damage|p1b: Garchomp|0 fnt
|faint|p1b: Garchomp
|
|upkeep
|
|t:|1783328054
|switch|p1a: Incineroar|Incineroar, L50, F|57/100
|switch|p1b: Charizard|Charizard, L50, F|100/100
|-ability|p1a: Incineroar|Intimidate|boost
|-unboost|p2a: Rhubarb|atk|1
|-unboost|p2b: Garuda|atk|1
|turn|7
|
|t:|1783328086
|detailschange|p1b: Charizard|Charizard-Mega-Y, L50, F
|-mega|p1b: Charizard|Charizard|Charizardite Y
|-weather|SunnyDay|[from] ability: Drought|[of] p1b: Charizard
|move|p1a: Incineroar|Fake Out|p2b: Garuda
|-damage|p2b: Garuda|41/100
|cant|p2b: Garuda|flinch
|move|p1b: Charizard|Heat Wave|p2a: Rhubarb|[spread] p2a,p2b
|-resisted|p2b: Garuda|1
|-damage|p2a: Rhubarb|0 fnt
|-damage|p2b: Garuda|7/100
|faint|p2a: Rhubarb
|
|-weather|SunnyDay|[upkeep]
|upkeep
|
|t:|1783328097
|switch|p2a: Ryu|Blastoise, L50, F|74/100
|turn|8
|
|t:|1783328113
|move|p2b: Garuda|Extreme Speed|p1b: Charizard
|-crit|p1b: Charizard
|-damage|p1b: Charizard|49/100
|-damage|p2b: Garuda|0 fnt|[from] item: Life Orb
|faint|p2b: Garuda
|move|p1b: Charizard|Heat Wave|p2a: Ryu
|-resisted|p2a: Ryu|1
|-damage|p2a: Ryu|35/100
|move|p2a: Ryu|Shell Smash|p2a: Ryu
|-unboost|p2a: Ryu|def|1
|-unboost|p2a: Ryu|spd|1
|-boost|p2a: Ryu|atk|2
|-boost|p2a: Ryu|spa|2
|-boost|p2a: Ryu|spe|2
|move|p1a: Incineroar|Parting Shot|p2a: Ryu
|-unboost|p2a: Ryu|atk|1
|-unboost|p2a: Ryu|spa|1
|
|-weather|SunnyDay|[upkeep]
|upkeep
|turn|9
|
|t:|1783328143
|move|p2a: Ryu|Terrain Pulse|p1b: Charizard
|-damage|p1b: Charizard|32/100
|move|p1b: Charizard|Solar Beam||[still]
|-prepare|p1b: Charizard|Solar Beam
|-anim|p1b: Charizard|Solar Beam|p2a: Ryu
|-supereffective|p2a: Ryu|1
|-damage|p2a: Ryu|0 fnt
|faint|p2a: Ryu
|
|win|M00ncell
||Sculked is ready for game 2.
||M00ncell is ready for game 2.
|uhtml|next|Next: Game 2 of 3
