|j|☆Eldrazii
|j|☆glitterckvamp
|html|Eldraziiglitterckvamp    
|uhtml|bestof|Game 2 of a best-of-3
|t:|1757782291
|gametype|doubles
|player|p1|Eldrazii|blue-masters2|
|player|p2|glitterckvamp|artist-gen4|
|gen|9
|tier|[Gen 9] VGC 2025 Reg H (Bo3)
|rule|Species Clause: Limit one of each Pokémon
|rule|Item Clause: Limit 1 of each item
|clearpoke
|poke|p1|Ninetales-Alola, L50, F|
|poke|p1|Sneasler, L50, M|
|poke|p1|Ceruledge, L50, M|
|poke|p1|Rillaboom, L50, M|
|poke|p1|Primarina, L50, F|
|poke|p1|Hydreigon, L50, M|
|poke|p2|Kingambit, L50, M|
|poke|p2|Mimikyu, L50, F|
|poke|p2|Ursaluna-Bloodmoon, L50, M|
|poke|p2|Sneasler, L50, M|
|poke|p2|Volcarona, L50, F|
|poke|p2|Farigiraf, L50, F|
|teampreview|4
|showteam|p1|Ninetales-Alola||CovertCloak|SnowWarning|Blizzard,AuroraVeil,Encore,Protect|||F|||50|,,,,,Poison]Sneasler||FocusSash|Unburden|DireClaw,CloseCombat,Coaching,Protect|||M|||50|,,,,,Ghost]Ceruledge||ClearAmulet|FlashFire|BitterBlade,Poltergeist,BulkUp,Protect|||M|||50|,,,,,Grass]Rillaboom||AssaultVest|GrassySurge|FakeOut,GrassyGlide,DrumBeating,HighHorsepower|||M|||50|,,,,,Fire]Primarina||ThroatSpray|LiquidVoice|HyperVoice,Moonblast,Haze,Protect|||F|||50|,,,,,Steel]Hydreigon||LifeOrb|Levitate|DracoMeteor,EarthPower,Tailwind,DarkPulse|||M|||50|,,,,,Ghost
|showteam|p2|Kingambit||SafetyGoggles|Defiant|KowtowCleave,SuckerPunch,SwordsDance,Protect|||M|||50|,,,,,Dark]Mimikyu||LifeOrb|Disguise|TrickRoom,ShadowClaw,WoodHammer,DrainPunch|||F|||50|,,,,,Grass]Ursaluna-Bloodmoon||SilkScarf|MindsEye|BloodMoon,EarthPower,Protect,HyperVoice|||M|||50|,,,,,Normal]Sneasler||WhiteHerb|Unburden|DireClaw,Taunt,CloseCombat,Coaching|||M|||50|,,,,,Dark]Volcarona||Leftovers|FlameBody|Flamethrower,BugBuzz,QuiverDance,Protect|||F|||50|,,,,,Dragon]Farigiraf||CovertCloak|ArmorTail|HelpingHand,Imprison,TrickRoom,TwinBeam|||F|||50|,,,,,Fairy
|inactive|Battle timer is ON: inactive players will automatically lose when time's up. (requested by Eldrazii)
|
|t:|1757782313
|teamsize|p1|4
|teamsize|p2|4
|start
|switch|p1a: Sneasler|Sneasler, L50, M|100/100
|switch|p1b: Rillaboom|Rillaboom, L50, M|100/100
|switch|p2a: Flip Pilf|Farigiraf, L50, F, shiny|100/100
|switch|p2b: Dead Moon|Ursaluna-Bloodmoon, L50, M|100/100
|-fieldstart|move: Grassy Terrain|[from] ability: Grassy Surge|[of] p1b: Rillaboom
|turn|1
|
|t:|1757782333
|-terastallize|p2b: Dead Moon|Normal
|move|p1a: Sneasler|Dire Claw|p2a: Flip Pilf
|-damage|p2a: Flip Pilf|62/100
|move|p1b: Rillaboom|Drum Beating|p2a: Flip Pilf
|-damage|p2a: Flip Pilf|12/100
|move|p2b: Dead Moon|Hyper Voice|p1b: Rillaboom|[spread] p1a,p1b
|-damage|p1a: Sneasler|11/100
|-damage|p1b: Rillaboom|50/100
|move|p2a: Flip Pilf|Trick Room|p2a: Flip Pilf
|-fieldstart|move: Trick Room|[of] p2a: Flip Pilf
|
|-heal|p2a: Flip Pilf|18/100|[from] Grassy Terrain
|-heal|p1b: Rillaboom|57/100|[from] Grassy Terrain
|-heal|p1a: Sneasler|17/100|[from] Grassy Terrain
|upkeep
|turn|2
|
|t:|1757782347
|move|p2a: Flip Pilf|Helping Hand|p2b: Dead Moon
|-singleturn|p2b: Dead Moon|Helping Hand|[of] p2a: Flip Pilf
|move|p1a: Sneasler|Protect|p1a: Sneasler
|-singleturn|p1a: Sneasler|Protect
|move|p2b: Dead Moon|Hyper Voice|p1b: Rillaboom|[spread] p1b
|-activate|p1a: Sneasler|move: Protect
|-crit|p1b: Rillaboom
|-damage|p1b: Rillaboom|0 fnt
|faint|p1b: Rillaboom
|
|-heal|p2a: Flip Pilf|24/100|[from] Grassy Terrain
|-heal|p1a: Sneasler|22/100|[from] Grassy Terrain
|upkeep
|
|t:|1757782363
|switch|p1b: Primarina|Primarina, L50, F|100/100
|turn|3
|inactive|glitterckvamp has 30 seconds left.
|
|t:|1757782392
|move|p2a: Flip Pilf|Helping Hand|p2b: Dead Moon
|-singleturn|p2b: Dead Moon|Helping Hand|[of] p2a: Flip Pilf
|move|p1b: Primarina|Protect|p1b: Primarina
|-singleturn|p1b: Primarina|Protect
|move|p2b: Dead Moon|Blood Moon|p1b: Primarina
|-activate|p1b: Primarina|move: Protect
|move|p1a: Sneasler|Coaching|p1b: Primarina
|-boost|p1b: Primarina|atk|1
|-boost|p1b: Primarina|def|1
|
|-heal|p2a: Flip Pilf|30/100|[from] Grassy Terrain
|-heal|p1a: Sneasler|28/100|[from] Grassy Terrain
|upkeep
|turn|4
|
|t:|1757782413
|move|p2a: Flip Pilf|Helping Hand|p2b: Dead Moon
|-singleturn|p2b: Dead Moon|Helping Hand|[of] p2a: Flip Pilf
|move|p2b: Dead Moon|Hyper Voice|p1a: Sneasler|[spread] p1a,p1b
|-damage|p1a: Sneasler|0 fnt
|-damage|p1b: Primarina|19/100
|faint|p1a: Sneasler
|move|p1b: Primarina|Hyper Voice|p2b: Dead Moon|[spread] p2a,p2b
|-damage|p2a: Flip Pilf|0 fnt
|-damage|p2b: Dead Moon|64/100
|faint|p2a: Flip Pilf
|-enditem|p1b: Primarina|Throat Spray
|-boost|p1b: Primarina|spa|1|[from] item: Throat Spray
|
|-heal|p2b: Dead Moon|70/100|[from] Grassy Terrain
|-heal|p1b: Primarina|25/100|[from] Grassy Terrain
|upkeep
|
|t:|1757782422
|switch|p2a: Vegas|Kingambit, L50, M, shiny|100/100
|switch|p1a: Ceruledge|Ceruledge, L50, M, shiny|100/100
|turn|5
|
|t:|1757782442
|-terastallize|p1a: Ceruledge|Grass
|move|p1b: Primarina|Protect|p1b: Primarina
|-singleturn|p1b: Primarina|Protect
|move|p2a: Vegas|Swords Dance|p2a: Vegas
|-boost|p2a: Vegas|atk|2
|move|p2b: Dead Moon|Hyper Voice|p1b: Primarina|[spread] p1a
|-activate|p1b: Primarina|move: Protect
|-damage|p1a: Ceruledge|47/100
|move|p1a: Ceruledge|Bitter Blade|p2a: Vegas
|-supereffective|p2a: Vegas
|-damage|p2a: Vegas|28/100
|-heal|p1a: Ceruledge|85/100|[from] drain|[of] p2a: Vegas
|
|-heal|p2a: Vegas|34/100|[from] Grassy Terrain
|-heal|p2b: Dead Moon|75/100|[from] Grassy Terrain
|-heal|p1b: Primarina|31/100|[from] Grassy Terrain
|-heal|p1a: Ceruledge|91/100|[from] Grassy Terrain
|-fieldend|move: Trick Room
|-fieldend|move: Grassy Terrain
|upkeep
|turn|6
|
|t:|1757782463
|move|p2a: Vegas|Protect|p2a: Vegas
|-singleturn|p2a: Vegas|Protect
|move|p1a: Ceruledge|Bitter Blade|p2a: Vegas
|-activate|p2a: Vegas|move: Protect
|move|p1b: Primarina|Moonblast|p2b: Dead Moon
|-damage|p2b: Dead Moon|0 fnt
|faint|p2b: Dead Moon
|
|upkeep
|
|t:|1757782468
|switch|p2b: Hellfire|Volcarona, L50, F|100/100
|turn|7
|
|t:|1757782483
|move|p1b: Primarina|Protect|p1b: Primarina
|-singleturn|p1b: Primarina|Protect
|move|p2a: Vegas|Sucker Punch||[still]
|-fail|p2a: Vegas
|move|p2b: Hellfire|Bug Buzz|p1a: Ceruledge
|-supereffective|p1a: Ceruledge
|-damage|p1a: Ceruledge|8/100
|move|p1a: Ceruledge|Bitter Blade|p2a: Vegas
|-supereffective|p2a: Vegas
|-damage|p2a: Vegas|0 fnt
|-heal|p1a: Ceruledge|25/100|[from] drain|[of] p2a: Vegas
|faint|p2a: Vegas
|
|upkeep
|turn|8
|
|t:|1757782499
|move|p1a: Ceruledge|Protect|p1a: Ceruledge
|-singleturn|p1a: Ceruledge|Protect
|move|p2b: Hellfire|Bug Buzz|p1b: Primarina
|-resisted|p1b: Primarina
|-damage|p1b: Primarina|15/100
|move|p1b: Primarina|Hyper Voice|p2b: Hellfire
|-supereffective|p2b: Hellfire
|-damage|p2b: Hellfire|0 fnt
|faint|p2b: Hellfire
|
|win|Eldrazii
|c|☆glitterckvamp|gg
|c|☆Eldrazii|gg
