|j|☆poukayak
|j|☆nowerd
|html|poukayaknowerd    
|uhtml|bestof|Game 1 of a best-of-3
|t:|1785007485
|gametype|doubles
|player|p1|poukayak|266|
|player|p2|nowerd|169|
|gen|9
|tier|[Gen 9 Champions] VGC 2026 Reg M-B (Bo3)
|rule|Species Clause: Limit one of each Pokémon
|rule|Item Clause: Limit 1 of each item
|clearpoke
|poke|p1|Raichu, L50, M|
|poke|p1|Gholdengo, L50|
|poke|p1|Incineroar, L50, M|
|poke|p1|Aggron, L50, F|
|poke|p1|Whimsicott, L50, M|
|poke|p1|Primarina, L50, F|
|poke|p2|Altaria, L50, M|
|poke|p2|Dragalge, L50, F|
|poke|p2|Archaludon, L50, F|
|poke|p2|Scizor, L50, M|
|poke|p2|Hatterene, L50, F|
|poke|p2|Lycanroc-Dusk, L50, M|
|teampreview|4
|showteam|p1|Raichu||RaichuniteY|LightningRod|FakeOut,ZapCannon,FocusBlast,Protect|Hasty||M|||50|]Gholdengo||WhiteHerb|GoodasGold|MakeItRain,NastyPlot,Protect,ShadowBall|Modest|||||50|]Incineroar||SitrusBerry|Intimidate|FakeOut,FlareBlitz,PartingShot,DarkestLariat|Adamant||M|||50|]Aggron||Aggronite|Sturdy|BodyPress,IronDefense,HeavySlam,Protect|Careful||F|||50|]Whimsicott||FocusSash|Prankster|Encore,TrickRoom,Tailwind,Moonblast|Timid||M|||50|]Primarina||LifeOrb|LiquidVoice|HyperVoice,Moonblast,Protect,EnergyBall|Modest||F|||50|
|showteam|p2|Altaria||RoseliBerry|CloudNine|Endeavor,DragonCheer,WillOWisp,Haze|Careful||M|||50|]Dragalge||Dragalgite|PoisonPoint|DracoMeteor,SludgeBomb,HydroPump,Protect|Quiet||F|||50|]Archaludon||ScopeLens|Stamina|DracoMeteor,FlashCannon,AuraSphere,Protect|Modest||F|||50|]Scizor||LifeOrb|Technician|BulletPunch,BugBite,Trailblaze,SwordsDance|Adamant||M|||50|]Hatterene||BabiriBerry|MagicBounce|DazzlingGleam,Psychic,MysticalFire,Nuzzle|Quiet||F|||50|]Lycanroc-Dusk||FocusSash|ToughClaws|Accelerock,CloseCombat,PsychicFangs,Taunt|Jolly||M|||50|
|c|☆poukayak|Eres mi ídolo por llevar a dragalge
|c|☆nowerd|Gracias a ver cómo va
|j| andrukarman
|c| andrukarman|olaa
|c| andrukarman|gl hf
|j| santiastidias27
|l|☆poukayak
|player|p1|
|l| santiastidias27
|j|☆poukayak
|player|p1|poukayak|266|
|c| andrukarman|ya pueden iniciar
|
|t:|1785007607
|teamsize|p1|4
|teamsize|p2|4
|start
|switch|p1a: Incineroar|Incineroar, L50, M|100/100
|switch|p1b: Gholdengo|Gholdengo, L50|100/100
|switch|p2a: Porista|Altaria, L50, M|100/100
|switch|p2b: Durando|Archaludon, L50, F|100/100
|-ability|p2a: Porista|Cloud Nine
|-ability|p1a: Incineroar|Intimidate|boost
|-unboost|p2a: Porista|atk|1
|-unboost|p2b: Durando|atk|1
|turn|1
|
|t:|1785007636
|move|p1a: Incineroar|Fake Out|p2a: Porista
|-damage|p2a: Porista|88/100
|move|p2b: Durando|Aura Sphere|p1a: Incineroar
|-supereffective|p1a: Incineroar|1
|-damage|p1a: Incineroar|51/100
|move|p1b: Gholdengo|Nasty Plot|p1b: Gholdengo
|-boost|p1b: Gholdengo|spa|2
|cant|p2a: Porista|flinch
|
|upkeep
|turn|2
|
|t:|1785007677
|switch|p1a: Whimsicott|Whimsicott, L50, M|100/100
|move|p2b: Durando|Draco Meteor|p1b: Gholdengo
|-resisted|p1b: Gholdengo|1
|-crit|p1b: Gholdengo
|-damage|p1b: Gholdengo|48/100
|-unboost|p2b: Durando|spa|2
|move|p1b: Gholdengo|Shadow Ball|p2b: Durando
|-damage|p2b: Durando|0 fnt
|faint|p2b: Durando
|move|p2a: Porista|Dragon Cheer|p2: Durando|[notarget]
|-fail|p2a: Porista
|
|upkeep
|c| andrukarman|critico
|
|t:|1785007706
|switch|p2b: Malge|Dragalge, L50, F|100/100
|turn|3
|c|☆poukayak|Seguramente iba periscopio teniendo en cuenta dragon cherr
|
|t:|1785007738
|detailschange|p2b: Malge|Dragalge-Mega, L50, F
|-mega|p2b: Malge|Dragalge|Dragalgite
|move|p1a: Whimsicott|Tailwind|p1a: Whimsicott
|-sidestart|p1: poukayak|move: Tailwind
|move|p1b: Gholdengo|Make It Rain|p2a: Porista|[spread] p2a,p2b
|-crit|p2a: Porista
|-damage|p2a: Porista|0 fnt
|-damage|p2b: Malge|30/100
|-unboost|p1b: Gholdengo|spa|2
|faint|p2a: Porista
|move|p2b: Malge|Draco Meteor|p1b: Gholdengo
|-resisted|p1b: Gholdengo|1
|-damage|p1b: Gholdengo|8/100
|-unboost|p2b: Malge|spa|2
|
|upkeep
|c| andrukarman|uy
|
|t:|1785007754
|switch|p2a: Rockerito|Lycanroc-Dusk, L50, M|100/100
|turn|4
|
|t:|1785007770
|switch|p1b: Incineroar|Incineroar, L50, M|51/100
|-ability|p1b: Incineroar|Intimidate|boost
|-unboost|p2a: Rockerito|atk|1
|-unboost|p2b: Malge|atk|1
|move|p2a: Rockerito|Accelerock|p1b: Incineroar
|-supereffective|p1b: Incineroar|1
|-damage|p1b: Incineroar|20/100y
|-enditem|p1b: Incineroar|Sitrus Berry|[eat]
|-heal|p1b: Incineroar|45/100|[from] item: Sitrus Berry
|move|p1a: Whimsicott|Moonblast|p2b: Malge
|-damage|p2b: Malge|12/100
|move|p2b: Malge|Sludge Bomb|p1a: Whimsicott
|-supereffective|p1a: Whimsicott|2
|-enditem|p1a: Whimsicott|Focus Sash
|-damage|p1a: Whimsicott|1/100
|
|upkeep
|turn|5
|
|t:|1785007800
|move|p2b: Malge|Protect|p2b: Malge
|-singleturn|p2b: Malge|Protect
|move|p1b: Incineroar|Fake Out|p2b: Malge
|-activate|p2b: Malge|move: Protect
|move|p1a: Whimsicott|Tailwind||[still]
|-fail|p1a: Whimsicott
|move|p2a: Rockerito|Accelerock|p1a: Whimsicott
|-damage|p1a: Whimsicott|0 fnt
|faint|p1a: Whimsicott
|
|upkeep
|c| andrukarman|uy troll
|c|☆poukayak|Uepa vaya troleada
|
|t:|1785007819
|switch|p1a: Aggron|Aggron, L50, F|100/100
|turn|6
|
|t:|1785007834
|detailschange|p1a: Aggron|Aggron-Mega, L50, F
|-mega|p1a: Aggron|Aggron|Aggronite
|move|p2a: Rockerito|Close Combat|p1a: Aggron
|-supereffective|p1a: Aggron|1
|-damage|p1a: Aggron|77/100
|-unboost|p2a: Rockerito|def|1
|-unboost|p2a: Rockerito|spd|1
|move|p1b: Incineroar|Darkest Lariat|p2b: Malge
|-damage|p2b: Malge|0 fnt
|faint|p2b: Malge
|move|p1a: Aggron|Iron Defense|p1a: Aggron
|-boost|p1a: Aggron|def|2
|
|-sideend|p1: poukayak|move: Tailwind
|upkeep
|turn|7
|
|t:|1785007859
|move|p2a: Rockerito|Close Combat|p1b: Incineroar
|-supereffective|p1b: Incineroar|1
|-damage|p1b: Incineroar|0 fnt
|-unboost|p2a: Rockerito|def|1
|-unboost|p2a: Rockerito|spd|1
|faint|p1b: Incineroar
|move|p1a: Aggron|Body Press|p2a: Rockerito
|-supereffective|p2a: Rockerito|1
|-enditem|p2a: Rockerito|Focus Sash
|-damage|p2a: Rockerito|1/100
|
|upkeep
|
|t:|1785007862
|switch|p1b: Gholdengo|Gholdengo, L50|8/100
|turn|8
|
|t:|1785007872
|move|p1b: Gholdengo|Protect|p1b: Gholdengo
|-singleturn|p1b: Gholdengo|Protect
|move|p2a: Rockerito|Accelerock|p1b: Gholdengo
|-activate|p1b: Gholdengo|move: Protect
|move|p1a: Aggron|Body Press|p2a: Rockerito
|-supereffective|p2a: Rockerito|1
|-damage|p2a: Rockerito|0 fnt
|faint|p2a: Rockerito
|
|win|poukayak
||nowerd is ready for game 2.
||poukayak is ready for game 2.
|uhtml|next|Next: Game 2 of 3
|c| andrukarman|wp
