|j|☆KatKraydel
|j|☆Pyos
|html|KatKraydelPyos    
|uhtml|bestof|Game 2 of a best-of-3
|t:|1785365991
|gametype|doubles
|player|p1|KatKraydel|lebanne|1309
|player|p2|Pyos|tulip|1216
|gen|9
|tier|[Gen 9 Champions] VGC 2026 Reg M-B (Bo3)
|rated|
|rule|Species Clause: Limit one of each Pokémon
|rule|Item Clause: Limit 1 of each item
|clearpoke
|poke|p1|Torkoal, L50, F, shiny|
|poke|p1|Farigiraf, L50, F, shiny|
|poke|p1|Sylveon, L50, F, shiny|
|poke|p1|Kingambit, L50, F|
|poke|p1|Kangaskhan, L50, F|
|poke|p1|Basculegion, L50, M|
|poke|p2|Garchomp, L50, F|
|poke|p2|Venusaur, L50, F|
|poke|p2|Incineroar, L50, M|
|poke|p2|Charizard, L50, F|
|poke|p2|Toxapex, L50, F|
|poke|p2|Annihilape, L50, F|
|teampreview|4
|showteam|p1|Torkoal||Charcoal|Drought|Eruption,HeatWave,WeatherBall,Protect|Quiet||F|||50|]Farigiraf||SitrusBerry|ArmorTail|HyperVoice,Psychic,TrickRoom,Protect|Relaxed||F|||50|]Sylveon||LifeOrb|Pixilate|HyperVoice,HyperBeam,QuickAttack,Protect|Quiet||F|||50|]Kingambit||OccaBerry|Defiant|KowtowCleave,SuckerPunch,LowKick,IronHead|Brave||F|||50|]Kangaskhan||Kangaskhanite|Scrappy|FakeOut,DoubleEdge,LowKick,SuckerPunch|Adamant||F|||50|]Basculegion||ChoiceScarf|Adaptability|WaveCrash,LastRespects,AquaJet,FlipTurn|Jolly||M|||50|
|showteam|p2|Garchomp||ChoiceScarf|RoughSkin|Earthquake,RockSlide,DragonClaw,StompingTantrum|Adamant||F|||50|]Venusaur||LifeOrb|Chlorophyll|SludgeBomb,SolarBeam,EarthPower,Protect|Modest||F|||50|]Incineroar||SitrusBerry|Intimidate|FakeOut,FlareBlitz,ThroatChop,PartingShot|Impish||M|||50|]Charizard||CharizarditeY|Blaze|HeatWave,WeatherBall,Protect,HelpingHand|Modest||F|||50|]Toxapex||Leftovers|Regenerator|Infestation,Toxic,WideGuard,BanefulBunker|Impish||F|||50|]Annihilape||FocusSash|Defiant|CloseCombat,PhantomForce,RockTomb,Protect|Jolly||F|||50|
|
|t:|1785366034
|teamsize|p1|4
|teamsize|p2|4
|start
|switch|p1a: Jumpsuit|Farigiraf, L50, F, shiny|100/100
|switch|p1b: Lipslap|Kangaskhan, L50, F|100/100
|switch|p2a: Charizard|Charizard, L50, F|100/100
|switch|p2b: Incineroar|Incineroar, L50, M|100/100
|-ability|p2b: Incineroar|Intimidate|boost
|-unboost|p1a: Jumpsuit|atk|1
|-fail|p1b: Lipslap|unboost|Attack|[from] ability: Scrappy|[of] p1b: Lipslap
|turn|1
|
|t:|1785366052
|detailschange|p2a: Charizard|Charizard-Mega-Y, L50, F
|-mega|p2a: Charizard|Charizard|Charizardite Y
|-weather|SunnyDay|[from] ability: Drought|[of] p2a: Charizard
|detailschange|p1b: Lipslap|Kangaskhan-Mega, L50, F
|-mega|p1b: Lipslap|Kangaskhan|Kangaskhanite
|move|p1b: Lipslap|Fake Out|p2a: Charizard
|-damage|p2a: Charizard|78/100
|-damage|p2a: Charizard|73/100
|-hitcount|p2a: Charizard|2
|cant|p2a: Charizard|flinch
|move|p2b: Incineroar|Throat Chop|p1a: Jumpsuit
|-supereffective|p1a: Jumpsuit|1
|-damage|p1a: Jumpsuit|54/100
|-start|p1a: Jumpsuit|Throat Chop|[silent]
|move|p1a: Jumpsuit|Trick Room|p1a: Jumpsuit
|-fieldstart|move: Trick Room|[of] p1a: Jumpsuit
|
|-weather|SunnyDay|[upkeep]
|upkeep
|turn|2
|
|t:|1785366101
|switch|p1a: Porcelain|Kingambit, L50, F|100/100
|move|p2a: Charizard|Protect|p2a: Charizard
|-singleturn|p2a: Charizard|Protect
|move|p2b: Incineroar|Flare Blitz|p1a: Porcelain
|-supereffective|p1a: Porcelain|1
|-enditem|p1a: Porcelain|Occa Berry|[eat]
|-enditem|p1a: Porcelain|Occa Berry|[weaken]
|-damage|p1a: Porcelain|47/100
|-damage|p2b: Incineroar|82/100|[from] Recoil
|move|p1b: Lipslap|Double-Edge|p2a: Charizard
|-activate|p2a: Charizard|move: Protect
|
|-weather|SunnyDay|[upkeep]
|upkeep
|turn|3
|
|t:|1785366118
|switch|p2a: Toxapex|Toxapex, L50, F|100/100
|move|p1b: Lipslap|Sucker Punch|p2b: Incineroar
|-resisted|p2b: Incineroar|1
|-damage|p2b: Incineroar|72/100
|-resisted|p2b: Incineroar|1
|-damage|p2b: Incineroar|69/100
|-hitcount|p2b: Incineroar|2
|move|p1a: Porcelain|Low Kick|p2b: Incineroar
|-supereffective|p2b: Incineroar|1
|-damage|p2b: Incineroar|22/100
|-enditem|p2b: Incineroar|Sitrus Berry|[eat]
|-heal|p2b: Incineroar|47/100|[from] item: Sitrus Berry
|move|p2b: Incineroar|Flare Blitz|p1a: Porcelain
|-supereffective|p1a: Porcelain|1
|-damage|p1a: Porcelain|0 fnt
|faint|p1a: Porcelain
|-damage|p2b: Incineroar|31/100|[from] Recoil
|
|-weather|SunnyDay|[upkeep]
|upkeep
|
|t:|1785366130
|switch|p1a: Jumpsuit|Farigiraf, L50, F, shiny|54/100
|turn|4
|
|t:|1785366158
|switch|p2b: Annihilape|Annihilape, L50, F|100/100
|move|p2a: Toxapex|Infestation|p1b: Lipslap
|-damage|p1b: Lipslap|97/100
|-activate|p1b: Lipslap|move: Infestation|[of] p2a: Toxapex
|move|p1a: Jumpsuit|Psychic|p2a: Toxapex
|-supereffective|p2a: Toxapex|1
|-damage|p2a: Toxapex|46/100
|move|p1b: Lipslap|Double-Edge|p2b: Annihilape
|-immune|p2b: Annihilape
|
|-weather|SunnyDay|[upkeep]
|-heal|p2a: Toxapex|52/100|[from] item: Leftovers
|-damage|p1b: Lipslap|85/100|[from] move: Infestation|[partiallytrapped]
|upkeep
|turn|5
|
|t:|1785366201
|switch|p2b: Incineroar|Incineroar, L50, M|31/100
|-ability|p2b: Incineroar|Intimidate|boost
|-unboost|p1a: Jumpsuit|atk|1
|-unboost|p1b: Lipslap|atk|1
|move|p1b: Lipslap|Sucker Punch||[still]
|-fail|p1b: Lipslap
|move|p2a: Toxapex|Toxic|p1b: Lipslap
|-status|p1b: Lipslap|tox
|move|p1a: Jumpsuit|Psychic|p2b: Incineroar
|-immune|p2b: Incineroar
|
|-weather|none
|-heal|p2a: Toxapex|57/100|[from] item: Leftovers
|-damage|p1b: Lipslap|79/100 tox|[from] psn
|-damage|p1b: Lipslap|66/100 tox|[from] move: Infestation|[partiallytrapped]
|-fieldend|move: Trick Room
|upkeep
|turn|6
|
|t:|1785366223
|-heal|p2a: Toxapex|91/100|[from] ability: Regenerator|[silent]
|switch|p2a: Charizard|Charizard-Mega-Y, L50, F|73/100
|-weather|SunnyDay|[from] ability: Drought|[of] p2a: Charizard
|move|p1b: Lipslap|Double-Edge|p2b: Incineroar
|-damage|p2b: Incineroar|1/100
|-damage|p2b: Incineroar|0 fnt
|faint|p2b: Incineroar
|-hitcount|p2: Incineroar|2
|-damage|p1b: Lipslap|57/100 tox|[from] Recoil
|move|p1a: Jumpsuit|Psychic|p2a: Charizard
|-damage|p2a: Charizard|40/100
|
|-weather|SunnyDay|[upkeep]
|-damage|p1b: Lipslap|44/100 tox|[from] psn
|-end|p1b: Lipslap|Infestation|[partiallytrapped]|[silent]
|upkeep
|
|t:|1785366238
|switch|p2b: Annihilape|Annihilape, L50, F|100/100
|turn|7
|
|t:|1785366246
|move|p1b: Lipslap|Sucker Punch|p2a: Charizard
|-damage|p2a: Charizard|22/100
|-damage|p2a: Charizard|18/100
|-hitcount|p2a: Charizard|2
|move|p2b: Annihilape|Close Combat|p1b: Lipslap
|-supereffective|p1b: Lipslap|1
|-damage|p1b: Lipslap|0 fnt
|-unboost|p2b: Annihilape|def|1
|-unboost|p2b: Annihilape|spd|1
|faint|p1b: Lipslap
|move|p2a: Charizard|Weather Ball|p1a: Jumpsuit
|-damage|p1a: Jumpsuit|0 fnt
|faint|p1a: Jumpsuit
|
|-weather|SunnyDay|[upkeep]
|upkeep
|
|t:|1785366252
|switch|p1a: Space Girl|Sylveon, L50, F, shiny|100/100
|turn|8
|
|t:|1785366269
|move|p2b: Annihilape|Phantom Force||[still]
|-prepare|p2b: Annihilape|Phantom Force
|move|p2a: Charizard|Weather Ball|p1a: Space Girl
|-damage|p1a: Space Girl|34/100
|move|p1a: Space Girl|Hyper Voice|p2b: Annihilape|[spread] p2a
|-miss|p1a: Space Girl|p2b: Annihilape
|-resisted|p2a: Charizard|1
|-damage|p2a: Charizard|0 fnt
|faint|p2a: Charizard
|-damage|p1a: Space Girl|24/100|[from] item: Life Orb
|
|-weather|SunnyDay|[upkeep]
|upkeep
|
|t:|1785366280
|switch|p2a: Toxapex|Toxapex, L50, F|91/100
|turn|9
|-message|KatKraydel forfeited.
|
|win|Pyos
||Pyos is ready for game 3.
