|j|☆Invoker Kuzan
|j|☆astro narc
|html|Invoker Kuzanastro narc    
|uhtml|bestof|Game 1 of a best-of-3
|t:|1756258032
|gametype|doubles
|player|p1|Invoker Kuzan|marnie-masters3|1127
|player|p2|astro narc|170|1044
|gen|9
|tier|[Gen 9] VGC 2025 Reg H (Bo3)
|rated|
|rule|Species Clause: Limit one of each Pokémon
|rule|Item Clause: Limit 1 of each item
|clearpoke
|poke|p1|Indeedee-F, L50, F|
|poke|p1|Hatterene, L50, F|
|poke|p1|Gallade, L50, M|
|poke|p1|Ursaluna, L50, M|
|poke|p1|Lilligant-Hisui, L50, F|
|poke|p1|Torkoal, L50, M|
|poke|p2|Ursaluna, L50, M|
|poke|p2|Porygon2, L50|
|poke|p2|Amoonguss, L50, F|
|poke|p2|Dragapult, L50, F|
|poke|p2|Gholdengo, L50|
|poke|p2|Sneasler, L50, F|
|teampreview|4
|showteam|p1|Indeedee-F||PsychicSeed|PsychicSurge|TrickRoom,FollowMe,HelpingHand,DazzlingGleam|||F|||50|,,,,,Fire]Hatterene||LifeOrb|MagicBounce|ExpandingForce,TrickRoom,DazzlingGleam,Protect|||F|||50|,,,,,Psychic]Gallade||ClearAmulet|Sharpness|PsychoCut,TrickRoom,SacredSword,WideGuard|||M|||50|,,,,,Grass]Ursaluna||FlameOrb|Guts|HeadlongRush,Facade,SwordsDance,Protect|||M|||50|,,,,,Ghost]Lilligant-Hisui||FocusSash|Chlorophyll|SolarBlade,SleepPowder,CloseCombat,AfterYou|||F|||50|,,,,,Ghost]Torkoal||ChoiceSpecs|Drought|Eruption,HeatWave,WeatherBall,EarthPower|||M|||50|,,,,,Fire
|showteam|p2|Ursaluna||FlameOrb|Guts|Earthquake,Protect,HeadlongRush,Facade|||M|||50|,,,,,Ghost]Porygon2||Eviolite|Trace|TeraBlast,IceBeam,Recover,TrickRoom||||||50|,,,,,Ghost]Amoonguss||RockyHelmet|Regenerator|RagePowder,Spore,PollenPuff,Protect|||F|||50|,,,,,Water]Dragapult||ChoiceBand|ClearBody|DragonDarts,Uturn,SuckerPunch,PhantomForce|||F|||50|,,,,,Dragon]Gholdengo||LifeOrb|GoodasGold|MakeItRain,NastyPlot,Protect,DazzlingGleam||||||50|,,,,,Fairy]Sneasler||FocusSash|PoisonTouch|DireClaw,CloseCombat,Protect,FakeOut|||F|||50|,,,,,Ghost
|inactive|Battle timer is ON: inactive players will automatically lose when time's up. (requested by Invoker Kuzan)
|
|t:|1756258072
|teamsize|p1|4
|teamsize|p2|4
|start
|switch|p1a: Lilligant|Lilligant-Hisui, L50, F, shiny|100/100
|switch|p1b: Torkoal|Torkoal, L50, M, shiny|100/100
|switch|p2a: Sneasler|Sneasler, L50, F|100/100
|switch|p2b: Amoonguss|Amoonguss, L50, F|100/100
|-weather|SunnyDay|[from] ability: Drought|[of] p1b: Torkoal
|turn|1
|inactive|Invoker Kuzan has 30 seconds left.
|inactive|Invoker Kuzan has 20 seconds left.
|
|t:|1756258111
|-terastallize|p2b: Amoonguss|Water
|move|p1a: Lilligant|Sleep Powder|p2a: Sneasler|[miss]
|-miss|p1a: Lilligant|p2a: Sneasler
|move|p2a: Sneasler|Dire Claw|p1a: Lilligant
|-supereffective|p1a: Lilligant
|-enditem|p1a: Lilligant|Focus Sash
|-damage|p1a: Lilligant|1/100
|-status|p1a: Lilligant|par
|move|p2b: Amoonguss|Spore|p1b: Torkoal
|-status|p1b: Torkoal|slp|[from] move: Spore
|cant|p1b: Torkoal|slp
|
|-weather|SunnyDay|[upkeep]
|upkeep
|turn|2
|
|t:|1756258135
|switch|p1a: Ursaluna|Ursaluna, L50, M, shiny|100/100
|move|p2a: Sneasler|Close Combat|p1b: Torkoal
|-damage|p1b: Torkoal|50/100 slp
|-unboost|p2a: Sneasler|def|1
|-unboost|p2a: Sneasler|spd|1
|move|p2b: Amoonguss|Pollen Puff|p1a: Ursaluna
|-damage|p1a: Ursaluna|83/100
|-curestatus|p1b: Torkoal|slp|[msg]
|move|p1b: Torkoal|Eruption|p2b: Amoonguss|[spread] p2a,p2b
|-resisted|p2b: Amoonguss
|-enditem|p2a: Sneasler|Focus Sash
|-damage|p2a: Sneasler|1/100
|-damage|p2b: Amoonguss|75/100
|
|-weather|SunnyDay|[upkeep]
|-status|p1a: Ursaluna|brn|[from] item: Flame Orb
|upkeep
|turn|3
|inactive|astro narc has 30 seconds left.
|
|t:|1756258162
|move|p2a: Sneasler|Close Combat|p1b: Torkoal
|-damage|p1b: Torkoal|0 fnt
|-unboost|p2a: Sneasler|def|1
|-unboost|p2a: Sneasler|spd|1
|faint|p1b: Torkoal
|move|p1a: Ursaluna|Facade|p2b: Amoonguss
|-damage|p2b: Amoonguss|0 fnt
|-damage|p1a: Ursaluna|67/100 brn|[from] item: Rocky Helmet|[of] p2b: Amoonguss
|faint|p2b: Amoonguss
|
|-weather|SunnyDay|[upkeep]
|-damage|p1a: Ursaluna|61/100 brn|[from] brn
|upkeep
|inactive|Invoker Kuzan has 30 seconds left.
|inactive|astro narc has 30 seconds left.
|inactive|Invoker Kuzan has 20 seconds left.
|inactive|Invoker Kuzan has 15 seconds left.
|
|t:|1756258206
|switch|p2b: Ursaluna|Ursaluna, L50, M|100/100
|switch|p1b: Indeedee|Indeedee-F, L50, F, shiny|100/100
|-fieldstart|move: Psychic Terrain|[from] ability: Psychic Surge|[of] p1b: Indeedee
|-enditem|p1b: Indeedee|Psychic Seed
|-boost|p1b: Indeedee|spd|1|[from] item: Psychic Seed
|turn|4
|inactive|Invoker Kuzan has 30 seconds left.
|
|t:|1756258233
|move|p1b: Indeedee|Follow Me|p1b: Indeedee
|-singleturn|p1b: Indeedee|move: Follow Me
|move|p2a: Sneasler|Dire Claw|p1b: Indeedee
|-damage|p1b: Indeedee|62/100
|move|p1a: Ursaluna|Swords Dance|p1a: Ursaluna
|-boost|p1a: Ursaluna|atk|2
|move|p2b: Ursaluna|Earthquake|p1b: Indeedee|[spread] p2a,p1a,p1b
|-supereffective|p2a: Sneasler
|-damage|p2a: Sneasler|0 fnt
|-damage|p1a: Ursaluna|28/100 brn
|-damage|p1b: Indeedee|15/100
|faint|p2a: Sneasler
|
|-weather|SunnyDay|[upkeep]
|-damage|p1a: Ursaluna|22/100 brn|[from] brn
|-status|p2b: Ursaluna|brn|[from] item: Flame Orb
|upkeep
|
|t:|1756258248
|switch|p2a: Gholdengo|Gholdengo, L50|100/100
|turn|5
|
|t:|1756258260
|move|p1a: Ursaluna|Protect|p1a: Ursaluna
|-singleturn|p1a: Ursaluna|Protect
|move|p2a: Gholdengo|Make It Rain|p1a: Ursaluna|[spread] p1b
|-activate|p1a: Ursaluna|move: Protect
|-damage|p1b: Indeedee|0 fnt
|-unboost|p2a: Gholdengo|spa|1
|faint|p1b: Indeedee
|-damage|p2a: Gholdengo|91/100|[from] item: Life Orb
|move|p2b: Ursaluna|Earthquake|p1a: Ursaluna|[spread] p2a
|-activate|p1a: Ursaluna|move: Protect
|-supereffective|p2a: Gholdengo
|-damage|p2a: Gholdengo|0 fnt
|faint|p2a: Gholdengo
|
|-weather|none
|-damage|p1a: Ursaluna|16/100 brn|[from] brn
|-damage|p2b: Ursaluna|95/100 brn|[from] brn
|upkeep
|
|t:|1756258263
|switch|p1b: Lilligant|Lilligant-Hisui, L50, F, shiny|1/100 par
|turn|6
|
|t:|1756258278
|move|p1b: Lilligant|After You|p1a: Ursaluna
|-activate|p1a: Ursaluna|move: After You
|move|p1a: Ursaluna|Headlong Rush|p2b: Ursaluna
|-damage|p2b: Ursaluna|0 fnt
|-unboost|p1a: Ursaluna|def|1
|-unboost|p1a: Ursaluna|spd|1
|faint|p2b: Ursaluna
|
|win|Invoker Kuzan
||Invoker Kuzan is ready for game 2.
|inactive|astro narc has 30 seconds to confirm battle start!
||astro narc is ready for game 2.
|uhtml|next|Next: Game 2 of 3
|l|☆astro narc
|player|p2|
