|j|☆buggybrain
|j|☆CrystalGem02
|html|buggybrainCrystalGem02    
|uhtml|bestof|Game 3 of a best-of-3
|t:|1756749535
|gametype|doubles
|player|p1|buggybrain|hiker-gen4|1223
|player|p2|CrystalGem02|valerie|1334
|gen|9
|tier|[Gen 9] VGC 2025 Reg H (Bo3)
|rated|
|rule|Species Clause: Limit one of each Pokémon
|rule|Item Clause: Limit 1 of each item
|clearpoke
|poke|p1|Sneasler, L50, F|
|poke|p1|Dragapult, L50, F|
|poke|p1|Primarina, L50, F|
|poke|p1|Rillaboom, L50, F|
|poke|p1|Kingambit, L50, M|
|poke|p1|Magmar, L50, F|
|poke|p2|Toedscruel, L50, F|
|poke|p2|Weezing-Galar, L50, F|
|poke|p2|Corviknight, L50, F|
|poke|p2|Pawmot, L50, F|
|poke|p2|Garchomp, L50, F|
|poke|p2|Typhlosion-Hisui, L50, M|
|teampreview|4
|showteam|p1|Sneasler||FocusSash|PoisonTouch|CloseCombat,DireClaw,FakeOut,Protect|||F|||50|,,,,,Stellar]Dragapult||ChoiceBand|ClearBody|DragonDarts,TeraBlast,PhantomForce,Uturn|||F|||50|,,,,,Ghost]Primarina||SitrusBerry|LiquidVoice|HyperVoice,Moonblast,Haze,Protect|||F|||50|,,,,,Water]Rillaboom||AssaultVest|GrassySurge|WoodHammer,GrassyGlide,HighHorsepower,FakeOut|||F|||50|,,,,,Fire]Kingambit||BlackGlasses|Defiant|KowtowCleave,SuckerPunch,SwordsDance,Protect|||M|||50|,,,,,Ghost]Magmar||Eviolite|VitalSpirit|Overheat,WillOWisp,FollowMe,Protect|||F|||50|,,,,,Ghost
|showteam|p2|Toedscruel||CovertCloak|MyceliumMight|EarthPower,AcidSpray,Spore,RagePowder|||F|||50|,,,,,Water]Weezing-Galar||ChoiceSpecs|NeutralizingGas|SludgeBomb,StrangeSteam,DazzlingGleam,Flamethrower|||F|||50|,,,,,Fire]Corviknight||SitrusBerry|MirrorArmor|BraveBird,Tailwind,Roost,Protect|||F|||50|,,,,,Dragon]Pawmot||FocusSash|NaturalCure|CloseCombat,DoubleShock,FakeOut,Protect|||F|||50|,,,,,Electric]Garchomp||LifeOrb|RoughSkin|DragonClaw,StompingTantrum,Earthquake,Protect|||F|||50|,,,,,Ground]Typhlosion-Hisui||ChoiceScarf|Blaze|Eruption,HeatWave,ShadowBall,SleepTalk|||M|||50|,,,,,Fire
|inactive|Battle timer is ON: inactive players will automatically lose when time's up. (requested by CrystalGem02)
|inactive|CrystalGem02 has 60 seconds left.
|inactive|buggybrain has 60 seconds left.
|inactive|CrystalGem02 has 30 seconds left.
|inactive|CrystalGem02 has 20 seconds left.
|inactive|CrystalGem02 has 15 seconds left.
|inactive|buggybrain has 30 seconds left.
|inactive|buggybrain has 20 seconds left.
|inactive|buggybrain has 15 seconds left.
|inactive|buggybrain has 10 seconds left.
|
|t:|1756749649
|teamsize|p1|4
|teamsize|p2|4
|start
|switch|p1a: Sneasler|Sneasler, L50, F|100/100
|switch|p1b: Dragapult|Dragapult, L50, F|100/100
|switch|p2a: Corviknight|Corviknight, L50, F|100/100
|switch|p2b: Garchomp|Garchomp, L50, F|100/100
|turn|1
|inactive|buggybrain has 30 seconds left.
|inactive|CrystalGem02 has 30 seconds left.
|inactive|CrystalGem02 has 20 seconds left.
|
|t:|1756749688
|-terastallize|p2b: Garchomp|Ground
|move|p1a: Sneasler|Protect|p1a: Sneasler
|-singleturn|p1a: Sneasler|Protect
|move|p1b: Dragapult|Phantom Force||[still]
|-prepare|p1b: Dragapult|Phantom Force
|move|p2b: Garchomp|Earthquake|p1b: Dragapult|[spread] 
|-miss|p2b: Garchomp|p1b: Dragapult
|-activate|p1a: Sneasler|move: Protect
|-immune|p2a: Corviknight
|move|p2a: Corviknight|Tailwind|p2a: Corviknight
|-sidestart|p2: CrystalGem02|move: Tailwind
|
|upkeep
|turn|2
|inactive|buggybrain has 30 seconds left.
|inactive|buggybrain has 20 seconds left.
|inactive|buggybrain has 15 seconds left.
|inactive|buggybrain has 10 seconds left.
|inactive|buggybrain has 5 seconds left.
|
|t:|1756749739
|switch|p1a: Rillaboom|Rillaboom, L50, F|100/100
|-fieldstart|move: Grassy Terrain|[from] ability: Grassy Surge|[of] p1a: Rillaboom
|move|p2b: Garchomp|Dragon Claw|p1a: Rillaboom
|-damage|p1a: Rillaboom|48/100
|-damage|p2b: Garchomp|91/100|[from] item: Life Orb
|move|p1b: Dragapult|Phantom Force|p2b: Garchomp|[from] lockedmove
|-damage|p2b: Garchomp|21/100
|-damage|p1b: Dragapult|88/100|[from] ability: Rough Skin|[of] p2b: Garchomp
|move|p2a: Corviknight|Brave Bird|p1a: Rillaboom
|-supereffective|p1a: Rillaboom
|-crit|p1a: Rillaboom
|-damage|p1a: Rillaboom|0 fnt
|faint|p1a: Rillaboom
|-damage|p2a: Corviknight|85/100|[from] Recoil
|
|-heal|p2b: Garchomp|27/100|[from] Grassy Terrain
|-heal|p1b: Dragapult|94/100|[from] Grassy Terrain
|upkeep
|
|t:|1756749754
|switch|p1a: Sneasler|Sneasler, L50, F|100/100
|turn|3
|inactive|buggybrain has 30 seconds left.
|inactive|CrystalGem02 has 30 seconds left.
|inactive|buggybrain has 20 seconds left.
|inactive|buggybrain has 15 seconds left.
|
|t:|1756749798
|move|p2b: Garchomp|Dragon Claw|p1b: Dragapult
|-supereffective|p1b: Dragapult
|-damage|p1b: Dragapult|0 fnt
|faint|p1b: Dragapult
|-damage|p2b: Garchomp|17/100|[from] item: Life Orb
|move|p2a: Corviknight|Brave Bird|p1a: Sneasler
|-supereffective|p1a: Sneasler
|-enditem|p1a: Sneasler|Focus Sash
|-damage|p1a: Sneasler|1/100
|-damage|p2a: Corviknight|60/100|[from] Recoil
|move|p1a: Sneasler|Dire Claw|p2b: Garchomp
|-resisted|p2b: Garchomp
|-damage|p2b: Garchomp|0 fnt
|-damage|p1a: Sneasler|0 fnt|[from] ability: Rough Skin|[of] p2b: Garchomp
|faint|p2b: Garchomp
|faint|p1a: Sneasler
|
|upkeep
|
|t:|1756749819
|switch|p1b: Magmar|Magmar, L50, F|100/100
|switch|p2b: Pawmot|Pawmot, L50, F|100/100
|turn|4
|
|t:|1756749829
|move|p1b: Magmar|Protect|p1b: Magmar
|-singleturn|p1b: Magmar|Protect
|move|p2b: Pawmot|Fake Out|p1b: Magmar
|-activate|p1b: Magmar|move: Protect
|move|p2a: Corviknight|Brave Bird|p1b: Magmar
|-activate|p1b: Magmar|move: Protect
|
|-sideend|p2: CrystalGem02|move: Tailwind
|upkeep
|turn|5
|
|t:|1756749840
|-terastallize|p1b: Magmar|Ghost
|move|p2b: Pawmot|Close Combat|p1b: Magmar
|-immune|p1b: Magmar
|move|p1b: Magmar|Will-O-Wisp|p2b: Pawmot
|-status|p2b: Pawmot|brn
|move|p2a: Corviknight|Brave Bird|p1b: Magmar
|-damage|p1b: Magmar|64/100
|-damage|p2a: Corviknight|50/100|[from] Recoil
|-enditem|p2a: Corviknight|Sitrus Berry|[eat]
|-heal|p2a: Corviknight|75/100|[from] item: Sitrus Berry
|
|-heal|p1b: Magmar|70/100|[from] Grassy Terrain
|-damage|p2b: Pawmot|94/100 brn|[from] brn
|upkeep
|turn|6
|
|t:|1756749852
|move|p1b: Magmar|Protect|p1b: Magmar
|-singleturn|p1b: Magmar|Protect
|move|p2b: Pawmot|Double Shock|p1b: Magmar
|-activate|p1b: Magmar|move: Protect
|move|p2a: Corviknight|Brave Bird|p1b: Magmar
|-activate|p1b: Magmar|move: Protect
|
|-heal|p2b: Pawmot|100/100 brn|[from] Grassy Terrain
|-heal|p1b: Magmar|75/100|[from] Grassy Terrain
|-damage|p2b: Pawmot|94/100 brn|[from] brn
|-fieldend|move: Grassy Terrain
|upkeep
|turn|7
|
|t:|1756749859
|move|p2b: Pawmot|Double Shock|p1b: Magmar
|-damage|p1b: Magmar|52/100
|-start|p2b: Pawmot|typechange|???/Fighting|[from] move: Double Shock
|move|p1b: Magmar|Will-O-Wisp|p2a: Corviknight
|-status|p2a: Corviknight|brn
|move|p2a: Corviknight|Brave Bird|p1b: Magmar
|-damage|p1b: Magmar|35/100
|-damage|p2a: Corviknight|70/100 brn|[from] Recoil
|
|-damage|p2b: Pawmot|88/100 brn|[from] brn
|-damage|p2a: Corviknight|64/100 brn|[from] brn
|upkeep
|turn|8
|
|t:|1756749877
|-curestatus|p2b: Pawmot|brn|[from] ability: Natural Cure
|switch|p2b: Typhlosion|Typhlosion-Hisui, L50, M|100/100
|move|p1b: Magmar|Overheat|p2b: Typhlosion
|-resisted|p2b: Typhlosion
|-damage|p2b: Typhlosion|68/100
|-unboost|p1b: Magmar|spa|2
|move|p2a: Corviknight|Brave Bird|p1b: Magmar
|-damage|p1b: Magmar|16/100
|-damage|p2a: Corviknight|59/100 brn|[from] Recoil
|
|-damage|p2a: Corviknight|53/100 brn|[from] brn
|upkeep
|turn|9
|
|t:|1756749886
|move|p2b: Typhlosion|Shadow Ball|p1b: Magmar
|-supereffective|p1b: Magmar
|-damage|p1b: Magmar|0 fnt
|faint|p1b: Magmar
|
|win|CrystalGem02
|raw|buggybrain's rating: 1223 → 1206(-17 for losing)
|raw|CrystalGem02's rating: 1334 → 1348(+14 for winning)
