|j|☆fosa25
|j|☆walruslord777
|html|fosa25walruslord777    
|uhtml|bestof|Game 3 of a best-of-3
|t:|1756484930
|gametype|doubles
|player|p1|fosa25|psychicf|1079
|player|p2|walruslord777|camper|1018
|gen|9
|tier|[Gen 9] VGC 2025 Reg H (Bo3)
|rated|
|rule|Species Clause: Limit one of each Pokémon
|rule|Item Clause: Limit 1 of each item
|clearpoke
|poke|p1|Hatterene, L50, F|
|poke|p1|Torkoal, L50, M|
|poke|p1|Armarouge, L50, M|
|poke|p1|Gallade, L50, M|
|poke|p1|Indeedee-F, L50, F|
|poke|p1|Ursaluna, L50, F|
|poke|p2|Farigiraf, L50, M|
|poke|p2|Salamence, L50, F|
|poke|p2|Gholdengo, L50|
|poke|p2|Ursaluna, L50, M|
|poke|p2|Incineroar, L50, M|
|poke|p2|Rillaboom, L50, F|
|teampreview|4
|showteam|p1|Hatterene||LifeOrb|MagicBounce|ExpandingForce,DazzlingGleam,TrickRoom,Psychic|||F|||50|,,,,,Psychic]Torkoal||Charcoal|Drought|Eruption,WeatherBall,Protect,Yawn|||M|||50|,,,,,Fire]Armarouge||PowerHerb|FlashFire|MeteorBeam,TrickRoom,ExpandingForce,ArmorCannon|||M|||50|,,,,,Grass]Gallade||ClearAmulet|Sharpness|SacredSword,PsychoCut,WideGuard,TrickRoom|||M|||50|,,,,,Fire]Indeedee-F||SafetyGoggles|PsychicSurge|FollowMe,HelpingHand,TrickRoom,AlluringVoice|||F|||50|,,,,,Fairy]Ursaluna||FlameOrb|Guts|Facade,HeadlongRush,Roar,Protect|||F|||50|,,,,,Fairy
|showteam|p2|Farigiraf||MentalHerb|ArmorTail|TrickRoom,Protect,HyperVoice,HelpingHand|||M|||50|,,,,,Fairy]Salamence||CovertCloak|Intimidate|Tailwind,DracoMeteor,Flamethrower,Protect|||F|||50|,,,,,Fire]Gholdengo||LifeOrb|GoodasGold|MakeItRain,ShadowBall,Protect,NastyPlot||||||50|,,,,,Water]Ursaluna||FlameOrb|Guts|Facade,HeadlongRush,Earthquake,Protect|||M|||50|,,,,,Ghost]Incineroar||SafetyGoggles|Intimidate|FakeOut,PartingShot,KnockOff,HelpingHand|||M|||50|,,,,,Ghost]Rillaboom||AssaultVest|GrassySurge|FakeOut,GrassyGlide,Uturn,WoodHammer|||F|||50|,,,,,Poison
|inactive|Battle timer is ON: inactive players will automatically lose when time's up. (requested by fosa25)
|
|t:|1756484936
|teamsize|p1|4
|teamsize|p2|4
|start
|switch|p1a: Indeedee|Indeedee-F, L50, F|100/100
|switch|p1b: Armarouge|Armarouge, L50, M|100/100
|switch|p2a: Pressure|Gholdengo, L50|100/100
|switch|p2b: Goat|Incineroar, L50, M|100/100
|-fieldstart|move: Psychic Terrain|[from] ability: Psychic Surge|[of] p1a: Indeedee
|-ability|p2b: Goat|Intimidate|boost
|-unboost|p1a: Indeedee|atk|1
|-unboost|p1b: Armarouge|atk|1
|turn|1
|
|t:|1756484946
|switch|p1a: Torkoal|Torkoal, L50, M|100/100
|-weather|SunnyDay|[from] ability: Drought|[of] p1a: Torkoal
|move|p2a: Pressure|Nasty Plot|p2a: Pressure
|-boost|p2a: Pressure|spa|2
|move|p2b: Goat|Parting Shot|p1b: Armarouge
|-unboost|p1b: Armarouge|atk|1
|-unboost|p1b: Armarouge|spa|1
|
|t:|1756484957
|switch|p2b: Okboomer|Rillaboom, L50, F|100/100|[from] Parting Shot
|-fieldstart|move: Grassy Terrain|[from] ability: Grassy Surge|[of] p2b: Okboomer
|move|p1b: Armarouge|Trick Room|p1b: Armarouge
|-fieldstart|move: Trick Room|[of] p1b: Armarouge
|
|-weather|SunnyDay|[upkeep]
|upkeep
|turn|2
|inactive|walruslord777 has 30 seconds left.
|inactive|walruslord777 has 20 seconds left.
|inactive|walruslord777 has 15 seconds left.
|inactive|walruslord777 has 10 seconds left.
|
|t:|1756485008
|-terastallize|p1a: Torkoal|Fire
|-terastallize|p2a: Pressure|Water
|move|p2b: Okboomer|Fake Out|p1a: Torkoal
|-damage|p1a: Torkoal|88/100
|cant|p1a: Torkoal|flinch
|move|p1b: Armarouge|Meteor Beam||[still]
|-prepare|p1b: Armarouge|Meteor Beam
|-boost|p1b: Armarouge|spa|1
|-enditem|p1b: Armarouge|Power Herb
|-anim|p1b: Armarouge|Meteor Beam|p2b: Okboomer
|-damage|p2b: Okboomer|65/100
|move|p2a: Pressure|Shadow Ball|p1a: Torkoal
|-damage|p1a: Torkoal|0 fnt
|faint|p1a: Torkoal
|-damage|p2a: Pressure|91/100|[from] item: Life Orb
|
|-weather|SunnyDay|[upkeep]
|-heal|p2b: Okboomer|71/100|[from] Grassy Terrain
|-heal|p2a: Pressure|97/100|[from] Grassy Terrain
|upkeep
|
|t:|1756485017
|switch|p1a: Indeedee|Indeedee-F, L50, F|100/100
|-fieldstart|move: Psychic Terrain|[from] ability: Psychic Surge|[of] p1a: Indeedee
|turn|3
|inactive|walruslord777 has 30 seconds left.
|inactive|walruslord777 has 20 seconds left.
|inactive|walruslord777 has 15 seconds left.
|
|t:|1756485058
|switch|p2b: Goat|Incineroar, L50, M|100/100
|-ability|p2b: Goat|Intimidate|boost
|-unboost|p1a: Indeedee|atk|1
|-unboost|p1b: Armarouge|atk|1
|switch|p1a: Ursaluna|Ursaluna, L50, F|100/100
|move|p2a: Pressure|Protect|p2a: Pressure
|-singleturn|p2a: Pressure|Protect
|move|p1b: Armarouge|Expanding Force|p2a: Pressure|[spread] 
|-activate|p2a: Pressure|move: Protect
|-immune|p2b: Goat
|
|-weather|SunnyDay|[upkeep]
|-status|p1a: Ursaluna|brn|[from] item: Flame Orb
|upkeep
|turn|4
|inactive|walruslord777 has 30 seconds left.
|inactive|walruslord777 has 20 seconds left.
|inactive|walruslord777 has 15 seconds left.
|inactive|walruslord777 has 10 seconds left.
|inactive|walruslord777 has 5 seconds left.
|
|t:|1756485113
|move|p1a: Ursaluna|Facade|p2b: Goat
|-damage|p2b: Goat|0 fnt
|faint|p2b: Goat
|move|p1b: Armarouge|Expanding Force|p2a: Pressure
|-damage|p2a: Pressure|7/100
|move|p2a: Pressure|Make It Rain|p1b: Armarouge|[spread] p1a,p1b
|-resisted|p1b: Armarouge
|-damage|p1a: Ursaluna|0 fnt
|-damage|p1b: Armarouge|39/100
|-unboost|p2a: Pressure|spa|1
|faint|p1a: Ursaluna
|-damage|p2a: Pressure|0 fnt|[from] item: Life Orb
|faint|p2a: Pressure
|
|-weather|SunnyDay|[upkeep]
|upkeep
|
|t:|1756485132
|switch|p1a: Indeedee|Indeedee-F, L50, F|100/100
|switch|p2b: Okboomer|Rillaboom, L50, F|71/100
|switch|p2a: Fearme|Ursaluna, L50, M|100/100
|-fieldstart|move: Grassy Terrain|[from] ability: Grassy Surge|[of] p2b: Okboomer
|-fieldstart|move: Psychic Terrain|[from] ability: Psychic Surge|[of] p1a: Indeedee
|turn|5
|
|t:|1756485153
|move|p2a: Fearme|Protect|p2a: Fearme
|-singleturn|p2a: Fearme|Protect
|move|p1a: Indeedee|Follow Me|p1a: Indeedee
|-singleturn|p1a: Indeedee|move: Follow Me
|move|p1b: Armarouge|Expanding Force|p2a: Fearme|[spread] p2b
|-activate|p2a: Fearme|move: Protect
|-damage|p2b: Okboomer|20/100
|move|p2b: Okboomer|Wood Hammer|p1a: Indeedee
|-damage|p1a: Indeedee|35/100
|-damage|p2b: Okboomer|2/100|[from] Recoil
|
|-weather|none
|-fieldend|move: Trick Room
|-status|p2a: Fearme|brn|[from] item: Flame Orb
|upkeep
|turn|6
|
|t:|1756485166
|move|p1a: Indeedee|Helping Hand|p1b: Armarouge
|-singleturn|p1b: Armarouge|Helping Hand|[of] p1a: Indeedee
|move|p2b: Okboomer|U-turn|p1b: Armarouge
|-damage|p1b: Armarouge|15/100
|move|p1b: Armarouge|Expanding Force|p2b: Okboomer|[spread] p2a,p2b
|-damage|p2a: Fearme|16/100 brn
|-damage|p2b: Okboomer|0 fnt
|faint|p2b: Okboomer
|move|p2a: Fearme|Earthquake|p1b: Armarouge|[spread] p1a,p1b
|-supereffective|p1b: Armarouge
|-damage|p1a: Indeedee|0 fnt
|-damage|p1b: Armarouge|0 fnt
|faint|p1a: Indeedee
|faint|p1b: Armarouge
|
|win|walruslord777
|raw|fosa25's rating: 1079 → 1053(-26 for losing)
|raw|walruslord777's rating: 1018 → 1062(+44 for winning)
|l|☆walruslord777
|player|p2|
