|j|☆latios66
|j|☆KodeBeast0526
|html|latios66KodeBeast0526    
|uhtml|bestof|Game 2 of a best-of-3
|t:|1756598028
|gametype|doubles
|player|p1|latios66|2|1126
|player|p2|KodeBeast0526|sailor|1108
|gen|9
|tier|[Gen 9] VGC 2025 Reg H (Bo3)
|rated|
|rule|Species Clause: Limit one of each Pokémon
|rule|Item Clause: Limit 1 of each item
|clearpoke
|poke|p1|Sneasler, L50, F|
|poke|p1|Indeedee, L50, M|
|poke|p1|Talonflame, L50, M|
|poke|p1|Gholdengo, L50|
|poke|p1|Tatsugiri, L50, F|
|poke|p1|Dondozo, L50, M|
|poke|p2|Sneasler, L50, F|
|poke|p2|Excadrill, L50, F|
|poke|p2|Tyranitar, L50, F|
|poke|p2|Indeedee-F, L50, F|
|poke|p2|Gholdengo, L50|
|poke|p2|Dragonite, L50, F|
|teampreview|4
|showteam|p1|Sneasler||PsychicSeed|Unburden|DireClaw,CloseCombat,ThroatChop,AcidSpray|||F|||50|,,,,,Dark]Indeedee||FocusSash|PsychicSurge|HelpingHand,Protect,ExpandingForce,TrickRoom|||M|||50|,,,,,Psychic]Talonflame||CovertCloak|GaleWings|FlareBlitz,Tailwind,DualWingbeat,Protect|||M|||50|,,,,,Stellar]Gholdengo||LifeOrb|GoodasGold|NastyPlot,Protect,MakeItRain,ShadowBall||||||50|,,,,,Steel]Tatsugiri||ChoiceScarf|Commander|DracoMeteor,MuddyWater,IcyWind,DragonPulse|||F|||50|,,,,,Ghost]Dondozo||Leftovers|Unaware|WaveCrash,OrderUp,Earthquake,Protect|||M|||50|,,,,,Steel
|showteam|p2|Sneasler||WhiteHerb|Unburden|CloseCombat,DireClaw,FakeOut,ThroatChop|||F|||50|,,,,,Flying]Excadrill||FocusSash|SandRush|Earthquake,IronHead,SwordsDance,Protect|||F|||50|,,,,,Ground]Tyranitar||AssaultVest|SandStream|RockSlide,KnockOff,LowKick,TeraBlast|||F|||50|,,,,,Flying]Indeedee-F||SafetyGoggles|PsychicSurge|DazzlingGleam,FollowMe,HelpingHand,TrickRoom|||F|||50|,,,,,Fairy]Gholdengo||LifeOrb|GoodasGold|MakeItRain,ShadowBall,NastyPlot,Protect||||||50|,,,,,Water]Dragonite||LoadedDice|Multiscale|ScaleShot,ExtremeSpeed,Haze,Tailwind|||F|||50|,,,,,Fairy
|inactive|Battle timer is ON: inactive players will automatically lose when time's up. (requested by KodeBeast0526)
|
|t:|1756598054
|teamsize|p1|4
|teamsize|p2|4
|start
|switch|p1a: Tatsugiri|Tatsugiri, L50, F|100/100
|switch|p1b: Talonflame|Talonflame, L50, M|100/100
|switch|p2a: Dragonite|Dragonite, L50, F, shiny|100/100
|switch|p2b: Sneasler|Sneasler, L50, F, shiny|100/100
|turn|1
|inactive|KodeBeast0526 has 30 seconds left.
|
|t:|1756598081
|move|p2b: Sneasler|Fake Out|p1a: Tatsugiri
|-damage|p1a: Tatsugiri|74/100
|move|p1b: Talonflame|Dual Wingbeat|p2a: Dragonite
|-damage|p2a: Dragonite|92/100
|-damage|p2a: Dragonite|74/100
|-hitcount|p2a: Dragonite|2
|cant|p1a: Tatsugiri|flinch
|move|p2a: Dragonite|Scale Shot|p1a: Tatsugiri|[miss]
|-miss|p2a: Dragonite|p1a: Tatsugiri
|
|upkeep
|turn|2
|
|t:|1756598102
|switch|p1a: Gholdengo|Gholdengo, L50|100/100
|-terastallize|p2b: Sneasler|Flying
|-terastallize|p1b: Talonflame|Stellar
|move|p1b: Talonflame|Dual Wingbeat|p2b: Sneasler
|-damage|p2b: Sneasler|66/100
|-damage|p2b: Sneasler|28/100
|-hitcount|p2b: Sneasler|2
|move|p2b: Sneasler|Dire Claw|p1b: Talonflame
|-damage|p1b: Talonflame|27/100
|move|p2a: Dragonite|Scale Shot|p1a: Gholdengo|[miss]
|-miss|p2a: Dragonite|p1a: Gholdengo
|
|upkeep
|turn|3
|inactive|latios66 has 30 seconds left.
|inactive|latios66 has 20 seconds left.
|
|t:|1756598139
|move|p1a: Gholdengo|Protect|p1a: Gholdengo
|-singleturn|p1a: Gholdengo|Protect
|move|p2a: Dragonite|Extreme Speed|p1b: Talonflame
|-damage|p1b: Talonflame|0 fnt
|faint|p1b: Talonflame
|move|p2b: Sneasler|Throat Chop|p1a: Gholdengo
|-activate|p1a: Gholdengo|move: Protect
|
|upkeep
|
|t:|1756598146
|switch|p1b: Tatsugiri|Tatsugiri, L50, F|74/100
|turn|4
|
|t:|1756598161
|move|p1b: Tatsugiri|Icy Wind|p2b: Sneasler|[spread] p2a,p2b
|-supereffective|p2a: Dragonite
|-supereffective|p2b: Sneasler
|-damage|p2a: Dragonite|14/100
|-damage|p2b: Sneasler|0 fnt
|-unboost|p2a: Dragonite|spe|1
|faint|p2b: Sneasler
|move|p1a: Gholdengo|Shadow Ball|p2a: Dragonite
|-damage|p2a: Dragonite|0 fnt
|faint|p2a: Dragonite
|-damage|p1a: Gholdengo|91/100|[from] item: Life Orb
|
|upkeep
|
|t:|1756598165
|switch|p2b: Tyranitar|Tyranitar, L50, F, shiny|100/100
|switch|p2a: Excadrill|Excadrill, L50, F, shiny|100/100
|-weather|Sandstorm|[from] ability: Sand Stream|[of] p2b: Tyranitar
|turn|5
|
|t:|1756598181
|switch|p1a: Dondozo|Dondozo, L50, M|100/100
|-activate|p1b: Tatsugiri|ability: Commander|[of] p1a: Dondozo
|-boost|p1a: Dondozo|atk|2
|-boost|p1a: Dondozo|spa|2
|-boost|p1a: Dondozo|spe|2
|-boost|p1a: Dondozo|def|2
|-boost|p1a: Dondozo|spd|2
|move|p2a: Excadrill|Iron Head|p1b: Tatsugiri|[miss]
|-miss|p2a: Excadrill|p1b: Tatsugiri
|move|p2b: Tyranitar|Knock Off|p1a: Dondozo
|-damage|p1a: Dondozo|84/100
|-enditem|p1a: Dondozo|Leftovers|[from] move: Knock Off|[of] p2b: Tyranitar
|
|-weather|Sandstorm|[upkeep]
|-damage|p1b: Tatsugiri|68/100|[from] Sandstorm
|-damage|p1a: Dondozo|78/100|[from] Sandstorm
|upkeep
|turn|6
|
|t:|1756598196
|move|p2a: Excadrill|Swords Dance|p2a: Excadrill
|-boost|p2a: Excadrill|atk|2
|move|p1a: Dondozo|Earthquake|p2a: Excadrill|[spread] p2a,p2b
|-miss|p1a: Dondozo|p1b: Tatsugiri
|-supereffective|p2a: Excadrill
|-supereffective|p2b: Tyranitar
|-enditem|p2a: Excadrill|Focus Sash
|-damage|p2a: Excadrill|1/100
|-damage|p2b: Tyranitar|29/100
|move|p2b: Tyranitar|Low Kick|p1a: Dondozo
|-damage|p1a: Dondozo|65/100
|
|-weather|Sandstorm|[upkeep]
|-damage|p1b: Tatsugiri|63/100|[from] Sandstorm
|-damage|p1a: Dondozo|59/100|[from] Sandstorm
|upkeep
|turn|7
|
|t:|1756598217
|move|p2a: Excadrill|Protect|p2a: Excadrill
|-singleturn|p2a: Excadrill|Protect
|move|p1a: Dondozo|Order Up|p2a: Excadrill
|-activate|p2a: Excadrill|move: Protect
|move|p2b: Tyranitar|Low Kick|p1a: Dondozo
|-damage|p1a: Dondozo|46/100
|
|-weather|Sandstorm|[upkeep]
|-damage|p1b: Tatsugiri|57/100|[from] Sandstorm
|-damage|p1a: Dondozo|40/100|[from] Sandstorm
|upkeep
|turn|8
|
|t:|1756598236
|move|p1a: Dondozo|Protect|p1a: Dondozo
|-singleturn|p1a: Dondozo|Protect
|move|p2a: Excadrill|Earthquake|p1a: Dondozo|[spread] p2b
|-miss|p2a: Excadrill|p1b: Tatsugiri
|-activate|p1a: Dondozo|move: Protect
|-supereffective|p2b: Tyranitar
|-damage|p2b: Tyranitar|0 fnt
|faint|p2b: Tyranitar
|
|-weather|Sandstorm|[upkeep]
|-damage|p1b: Tatsugiri|52/100|[from] Sandstorm
|-damage|p1a: Dondozo|34/100|[from] Sandstorm
|upkeep
|turn|9
|
|t:|1756598250
|move|p2a: Excadrill|Earthquake|p1b: Tatsugiri|[spread] p1a
|-miss|p2a: Excadrill|p1b: Tatsugiri
|-damage|p1a: Dondozo|21/100
|move|p1a: Dondozo|Order Up|p2a: Excadrill
|-resisted|p2a: Excadrill
|-damage|p2a: Excadrill|0 fnt
|faint|p2a: Excadrill
|
|win|latios66
||KodeBeast0526 is ready for game 3.
