|j|☆25th_mang
|j|☆itsmako psoe
|html|25th_mangitsmako psoe    
|uhtml|bestof|Game 2 of a best-of-3
|t:|1782406605
|gametype|doubles
|player|p1|25th_mang|ballguy|1191
|player|p2|itsmako psoe|benga|1092
|gen|9
|tier|[Gen 9 Champions] VGC 2026 Reg M-B (Bo3)
|rated|
|rule|Species Clause: Limit one of each Pokémon
|rule|Item Clause: Limit 1 of each item
|clearpoke
|poke|p1|Crabominable, L50, M|
|poke|p1|Farigiraf, L50, M|
|poke|p1|Incineroar, L50, F|
|poke|p1|Archaludon, L50, M|
|poke|p1|Pelipper, L50, M|
|poke|p1|Sinistcha, L50|
|poke|p2|Basculegion, L50, M|
|poke|p2|Whimsicott, L50, M|
|poke|p2|Sinistcha, L50|
|poke|p2|Raichu, L50, F|
|poke|p2|Kingambit, L50, M|
|poke|p2|Garchomp, L50, F|
|teampreview|4
|showteam|p1|Crabominable||Crabominite|HyperCutter|IceHammer,DrainPunch,Protect,ThunderPunch|Brave||M|||50|]Farigiraf||MentalHerb|ArmorTail|TrickRoom,Psychic,HyperVoice,HelpingHand|Relaxed||M|||50|]Incineroar||Charcoal|Intimidate|FakeOut,FlareBlitz,Assurance,Snarl|Adamant||F|||50|]Archaludon||Magnet|Stalwart|ElectroShot,AuraSphere,DracoMeteor,Protect|Quiet||M|||50|]Pelipper||SharpBeak|Drizzle|Hurricane,WeatherBall,WideGuard,Protect|Modest||M|||50|]Sinistcha||SitrusBerry|Hospitality|MatchaGotcha,RagePowder,LifeDew,TrickRoom|Relaxed|||||50|
|showteam|p2|Basculegion||ChoiceScarf|Adaptability|LastRespects,IceFang,WaveCrash,AquaJet|Adamant||M|||50|]Whimsicott||FocusSash|Prankster|Tailwind,Moonblast,Encore,Protect|Timid||M|||50|]Sinistcha||SitrusBerry|Hospitality|MatchaGotcha,RagePowder,TrickRoom,LifeDew|Calm|||||50|]Raichu||RaichuniteY|LightningRod|Protect,ZapCannon,FocusBlast,NastyPlot|Modest||F|||50|]Kingambit||BlackGlasses|Defiant|SuckerPunch,KowtowCleave,Protect,SwordsDance|Careful||M|||50|]Garchomp||LifeOrb|RoughSkin|Earthquake,RockSlide,Protect,DragonClaw|Adamant||F|||50|
|inactive|Battle timer is ON: inactive players will automatically lose when time's up. (requested by 25th_mang)
|inactive|itsmako psoe also wants the timer to be on.
|
|t:|1782406623
|teamsize|p1|4
|teamsize|p2|4
|start
|switch|p1a: My1stFlip|Farigiraf, L50, M|100/100
|switch|p1b: My1stRoar|Incineroar, L50, F|100/100
|switch|p2a: Sinistcha|Sinistcha, L50|100/100
|switch|p2b: Kingambit|Kingambit, L50, M|100/100
|-ability|p1b: My1stRoar|Intimidate|boost
|-unboost|p2a: Sinistcha|atk|1
|-unboost|p2b: Kingambit|atk|1
|-ability|p2b: Kingambit|Defiant|boost
|-boost|p2b: Kingambit|atk|2
|turn|1
|
|t:|1782406648
|move|p1a: My1stFlip|Helping Hand|p1b: My1stRoar
|-singleturn|p1b: My1stRoar|Helping Hand|[of] p1a: My1stFlip
|move|p2a: Sinistcha|Matcha Gotcha|p1b: My1stRoar|[spread] p1a,p1b
|-resisted|p1b: My1stRoar|1
|-damage|p1a: My1stFlip|76/100
|-damage|p1b: My1stRoar|88/100
|move|p1b: My1stRoar|Flare Blitz|p2b: Kingambit
|-supereffective|p2b: Kingambit|1
|-damage|p2b: Kingambit|0 fnt
|faint|p2b: Kingambit
|-damage|p1b: My1stRoar|53/100|[from] Recoil
|
|upkeep
|
|t:|1782406654
|switch|p2b: Raichu|Raichu, L50, F|100/100
|turn|2
|inactive|25th_mang has 30 seconds left.
|
|t:|1782406680
|detailschange|p2b: Raichu|Raichu-Mega-Y, L50, F
|-mega|p2b: Raichu|Raichu|Raichunite Y
|move|p2b: Raichu|Focus Blast|p1b: My1stRoar
|-supereffective|p1b: My1stRoar|1
|-damage|p1b: My1stRoar|0 fnt
|faint|p1b: My1stRoar
|move|p2a: Sinistcha|Matcha Gotcha|p1a: My1stFlip
|-damage|p1a: My1stFlip|46/100
|-status|p1a: My1stFlip|brn
|move|p1a: My1stFlip|Trick Room|p1a: My1stFlip
|-fieldstart|move: Trick Room|[of] p1a: My1stFlip
|
|-damage|p1a: My1stFlip|40/100 brn|[from] brn
|upkeep
|
|t:|1782406688
|switch|p1b: Doomscroll|Archaludon, L50, M|100/100
|turn|3
|
|t:|1782406707
|move|p1a: My1stFlip|Helping Hand|p1b: Doomscroll
|-singleturn|p1b: Doomscroll|Helping Hand|[of] p1a: My1stFlip
|move|p1b: Doomscroll|Draco Meteor|p2b: Raichu
|-damage|p2b: Raichu|0 fnt
|-unboost|p1b: Doomscroll|spa|2
|faint|p2b: Raichu
|move|p2a: Sinistcha|Trick Room|p2a: Sinistcha
|-fieldend|move: Trick Room
|
|-damage|p1a: My1stFlip|34/100 brn|[from] brn
|upkeep
|
|t:|1782406710
|switch|p2b: Whimsicott|Whimsicott, L50, M|100/100
|turn|4
|inactive|25th_mang has 30 seconds left.
|
|t:|1782406737
|switch|p1a: Stup!b|Pelipper, L50, M|100/100
|-weather|RainDance|[from] ability: Drizzle|[of] p1a: Stup!b
|move|p2b: Whimsicott|Moonblast|p1a: Stup!b
|-damage|p1a: Stup!b|47/100
|move|p2a: Sinistcha|Matcha Gotcha|p1a: Stup!b|[spread] p1b
|-miss|p2a: Sinistcha|p1a: Stup!b
|-resisted|p1b: Doomscroll|2
|-damage|p1b: Doomscroll|93/100
|move|p1b: Doomscroll|Electro Shot||[still]
|-prepare|p1b: Doomscroll|Electro Shot
|-boost|p1b: Doomscroll|spa|1
|-anim|p1b: Doomscroll|Electro Shot|p2a: Sinistcha
|-resisted|p2a: Sinistcha|1
|-damage|p2a: Sinistcha|81/100
|
|-weather|RainDance|[upkeep]
|upkeep
|turn|5
|inactive|25th_mang has 30 seconds left.
|
|t:|1782406766
|move|p1a: Stup!b|Protect|p1a: Stup!b
|-singleturn|p1a: Stup!b|Protect
|move|p2b: Whimsicott|Moonblast|p1a: Stup!b
|-activate|p1a: Stup!b|move: Protect
|move|p2a: Sinistcha|Matcha Gotcha|p1b: Doomscroll|[spread] p1b
|-activate|p1a: Stup!b|move: Protect
|-resisted|p1b: Doomscroll|2
|-damage|p1b: Doomscroll|86/100
|-heal|p2a: Sinistcha|84/100|[from] drain|[of] p1b: Doomscroll
|-status|p1b: Doomscroll|brn
|move|p1b: Doomscroll|Electro Shot||[still]
|-prepare|p1b: Doomscroll|Electro Shot
|-boost|p1b: Doomscroll|spa|1
|-anim|p1b: Doomscroll|Electro Shot|p2a: Sinistcha
|-resisted|p2a: Sinistcha|1
|-damage|p2a: Sinistcha|56/100
|
|-weather|RainDance|[upkeep]
|-damage|p1b: Doomscroll|80/100 brn|[from] brn
|upkeep
|turn|6
|inactive|25th_mang has 30 seconds left.
|
|t:|1782406794
|switch|p1a: My1stFlip|Farigiraf, L50, M|34/100 brn
|move|p2b: Whimsicott|Moonblast|p1a: My1stFlip
|-damage|p1a: My1stFlip|4/100 brn
|-unboost|p1a: My1stFlip|spa|1
|move|p2a: Sinistcha|Matcha Gotcha|p1a: My1stFlip|[spread] p1a,p1b
|-resisted|p1b: Doomscroll|2
|-damage|p1a: My1stFlip|0 fnt
|-heal|p2a: Sinistcha|59/100|[from] drain|[of] p1a: My1stFlip
|-damage|p1b: Doomscroll|73/100 brn
|-heal|p2a: Sinistcha|63/100|[from] drain|[of] p1b: Doomscroll
|faint|p1a: My1stFlip
|move|p1b: Doomscroll|Electro Shot||[still]
|-prepare|p1b: Doomscroll|Electro Shot
|-boost|p1b: Doomscroll|spa|1
|-anim|p1b: Doomscroll|Electro Shot|p2a: Sinistcha
|-resisted|p2a: Sinistcha|1
|-damage|p2a: Sinistcha|21/100
|-enditem|p2a: Sinistcha|Sitrus Berry|[eat]
|-heal|p2a: Sinistcha|46/100|[from] item: Sitrus Berry
|
|-weather|RainDance|[upkeep]
|-damage|p1b: Doomscroll|67/100 brn|[from] brn
|upkeep
|
|t:|1782406818
|switch|p1a: Stup!b|Pelipper, L50, M|47/100
|turn|7
|
|t:|1782406830
|move|p1a: Stup!b|Protect|p1a: Stup!b
|-singleturn|p1a: Stup!b|Protect
|move|p2b: Whimsicott|Moonblast|p1b: Doomscroll
|-damage|p1b: Doomscroll|25/100 brn
|move|p2a: Sinistcha|Matcha Gotcha|p1b: Doomscroll|[spread] p1b
|-activate|p1a: Stup!b|move: Protect
|-resisted|p1b: Doomscroll|2
|-damage|p1b: Doomscroll|18/100 brn
|-heal|p2a: Sinistcha|50/100g|[from] drain|[of] p1b: Doomscroll
|move|p1b: Doomscroll|Electro Shot||[still]
|-prepare|p1b: Doomscroll|Electro Shot
|-boost|p1b: Doomscroll|spa|1
|-anim|p1b: Doomscroll|Electro Shot|p2b: Whimsicott
|-resisted|p2b: Whimsicott|1
|-damage|p2b: Whimsicott|10/100
|
|-weather|RainDance|[upkeep]
|-damage|p1b: Doomscroll|12/100 brn|[from] brn
|upkeep
|turn|8
|inactive|25th_mang has 30 seconds left.
|
|t:|1782406859
|move|p1b: Doomscroll|Protect|p1b: Doomscroll
|-singleturn|p1b: Doomscroll|Protect
|move|p2b: Whimsicott|Moonblast|p1b: Doomscroll
|-activate|p1b: Doomscroll|move: Protect
|move|p2a: Sinistcha|Matcha Gotcha|p1b: Doomscroll|[spread] p1a
|-activate|p1b: Doomscroll|move: Protect
|-damage|p1a: Stup!b|12/100
|-heal|p2a: Sinistcha|67/100|[from] drain|[of] p1a: Stup!b
|move|p1a: Stup!b|Hurricane|p2a: Sinistcha
|-supereffective|p2a: Sinistcha|1
|-damage|p2a: Sinistcha|0 fnt
|faint|p2a: Sinistcha
|
|-weather|none
|-damage|p1b: Doomscroll|6/100 brn|[from] brn
|upkeep
|turn|9
|
|t:|1782406876
|move|p2b: Whimsicott|Protect|p2b: Whimsicott
|-singleturn|p2b: Whimsicott|Protect
|move|p1b: Doomscroll|Aura Sphere|p2b: Whimsicott
|-activate|p2b: Whimsicott|move: Protect
|move|p1a: Stup!b|Weather Ball|p2b: Whimsicott
|-activate|p2b: Whimsicott|move: Protect
|
|-damage|p1b: Doomscroll|0 fnt|[from] brn
|faint|p1b: Doomscroll
|upkeep
|turn|10
|
|t:|1782406880
|move|p2b: Whimsicott|Moonblast|p1a: Stup!b
|-damage|p1a: Stup!b|0 fnt
|faint|p1a: Stup!b
|
|win|itsmako psoe
|raw|25th_mang's rating: 1191 → 1160(-31 for losing)
|raw|itsmako psoe's rating: 1111 → 1142(+31 for winning)
|c|☆itsmako psoe|lol
|l|☆25th_mang
|player|p1|
