|j|☆Booger_papi
|j|☆standardamerican
|html|Booger_papistandardamerican    
|uhtml|bestof|Game 1 of a best-of-3
|t:|1784810644
|gametype|doubles
|player|p1|Booger_papi|tate|1085
|player|p2|standardamerican|169|1184
|gen|9
|tier|[Gen 9 Champions] VGC 2026 Reg M-B (Bo3)
|rated|
|rule|Species Clause: Limit one of each Pokémon
|rule|Item Clause: Limit 1 of each item
|clearpoke
|poke|p1|Zoroark-Hisui, L50, M, shiny|
|poke|p1|Slowking-Galar, L50, F, shiny|
|poke|p1|Raichu, L50, M, shiny|
|poke|p1|Whimsicott, L50, F, shiny|
|poke|p1|Ninetales-Alola, L50, F, shiny|
|poke|p1|Sinistcha-Masterpiece, L50|
|poke|p2|Sinistcha, L50|
|poke|p2|Incineroar, L50, F|
|poke|p2|Milotic, L50, F|
|poke|p2|Raichu, L50, F|
|poke|p2|Gardevoir, L50, F|
|poke|p2|Ceruledge, L50, M|
|teampreview|4
|showteam|p1|Zoroark-Hisui||FocusSash|Illusion|IcyWind,BitterMalice,HyperVoice,Protect|Timid||M|||50|]Slowking-Galar||LightClay|CuriousMedicine|ChillyReception,Blizzard,ChillingWater,TrickRoom|Quiet||F|||50|]Raichu||RaichuniteY|LightningRod|ZapCannon,FocusBlast,VoltSwitch,FakeOut|Timid||M|||50|]Whimsicott||MentalHerb|Prankster|Encore,Tailwind,Moonblast,Memento|Bold||F|||50|]Ninetales-Alola||BabiriBerry|SnowCloak|AuroraVeil,Blizzard,Protect,CalmMind|Timid||F|||50|]Sinistcha-Masterpiece||Leftovers|Hospitality|LifeDew,Protect,MatchaGotcha,RagePowder|Bold|||||50|
|showteam|p2|Sinistcha||KasibBerry|Hospitality|MatchaGotcha,Imprison,RagePowder,Protect|Bold|||||50|]Incineroar||SitrusBerry|Intimidate|FlareBlitz,DarkestLariat,FakeOut,PartingShot|Careful||F|||50|]Milotic||Leftovers|Competitive|MuddyWater,Coil,Hypnosis,Protect|Calm||F|||50|]Raichu||RaichuniteY|LightningRod|ZapCannon,FocusBlast,FakeOut,Protect|Timid||F|||50|]Gardevoir||Gardevoirite|Trace|HyperVoice,Psyshock,TrickRoom,Protect|Modest||F|||50|]Ceruledge||ColburBerry|FlashFire|BitterBlade,ShadowSneak,BulkUp,Protect|Adamant||M|||50|
|c|☆Booger_papi|gl
|c|☆standardamerican|same!
|
|t:|1784810706
|teamsize|p1|4
|teamsize|p2|4
|start
|switch|p1a: Raichu|Raichu, L50, M, shiny|100/100
|switch|p1b: Whimsicott|Whimsicott, L50, F, shiny|100/100
|switch|p2a: Gardevoir|Gardevoir, L50, F|100/100
|switch|p2b: Ceruledge|Ceruledge, L50, M|100/100
|-ability|p2a: Gardevoir|Lightning Rod|Trace|[from] ability: Trace|[of] p1a: Raichu
|turn|1
|
|t:|1784810738
|switch|p1a: Sinistcha|Sinistcha-Masterpiece, L50|100/100
|switch|p2b: Milotic|Milotic, L50, F|100/100
|detailschange|p2a: Gardevoir|Gardevoir-Mega, L50, F
|-mega|p2a: Gardevoir|Gardevoir|Gardevoirite
|move|p1b: Whimsicott|Tailwind|p1b: Whimsicott
|-sidestart|p1: Booger_papi|move: Tailwind
|move|p2a: Gardevoir|Trick Room|p2a: Gardevoir
|-fieldstart|move: Trick Room|[of] p2a: Gardevoir
|
|upkeep
|turn|2
|
|t:|1784810769
|switch|p2b: Ceruledge|Ceruledge, L50, M|100/100
|switch|p2a: Incineroar|Incineroar, L50, F|100/100
|-ability|p2a: Incineroar|Intimidate|boost
|-unboost|p1a: Sinistcha|atk|1
|-unboost|p1b: Whimsicott|atk|1
|move|p1b: Whimsicott|Encore|p2a: Incineroar
|-hint|Since gen 7, Dark is immune to Prankster moves.
|-immune|p2a: Incineroar
|move|p1a: Sinistcha|Bitter Malice|p2a: Incineroar
|-resisted|p2a: Incineroar|1
|-damage|p2a: Incineroar|85/100
|-unboost|p2a: Incineroar|atk|1
|
|upkeep
|turn|3
|
|t:|1784810806
|move|p1a: Sinistcha|Protect|p1a: Sinistcha
|-singleturn|p1a: Sinistcha|Protect
|move|p2a: Incineroar|Darkest Lariat|p1a: Sinistcha
|-activate|p1a: Sinistcha|move: Protect
|move|p2b: Ceruledge|Bitter Blade|p1a: Sinistcha
|-activate|p1a: Sinistcha|move: Protect
|move|p1b: Whimsicott|Moonblast|p2a: Incineroar
|-damage|p2a: Incineroar|62/100
|
|upkeep
|turn|4
|
|t:|1784810855
|move|p2a: Incineroar|Darkest Lariat|p1a: Sinistcha
|-supereffective|p1a: Sinistcha|1
|-damage|p1a: Sinistcha|12/100
|replace|p1a: Zoroark|Zoroark-Hisui, L50, M, shiny
|-end|p1a: Zoroark|Illusion
|move|p2b: Ceruledge|Bitter Blade|p1a: Zoroark
|-damage|p1a: Zoroark|0 fnt
|faint|p1a: Zoroark
|move|p1b: Whimsicott|Moonblast|p2a: Incineroar
|-damage|p2a: Incineroar|40/100
|-enditem|p2a: Incineroar|Sitrus Berry|[eat]
|-heal|p2a: Incineroar|65/100|[from] item: Sitrus Berry
|
|-sideend|p1: Booger_papi|move: Tailwind
|upkeep
|
|t:|1784810869
|switch|p1a: Raichu|Raichu, L50, M, shiny|100/100
|turn|5
|
|t:|1784810892
|detailschange|p1a: Raichu|Raichu-Mega-Y, L50, M, shiny
|-mega|p1a: Raichu|Raichu|Raichunite Y
|move|p2a: Incineroar|Flare Blitz|p1b: Whimsicott
|-supereffective|p1b: Whimsicott|1
|-damage|p1b: Whimsicott|27/100
|-damage|p2a: Incineroar|49/100|[from] Recoil
|move|p2b: Ceruledge|Bitter Blade|p1b: Whimsicott
|-supereffective|p1b: Whimsicott|1
|-damage|p1b: Whimsicott|0 fnt
|faint|p1b: Whimsicott
|move|p1a: Raichu|Volt Switch|p2a: Incineroar
|-crit|p2a: Incineroar
|-damage|p2a: Incineroar|0 fnt
|faint|p2a: Incineroar
|
|t:|1784810904
|switch|p1a: Sinistcha|Sinistcha-Masterpiece, L50|100/100|[from] Volt Switch
|
|-fieldend|move: Trick Room
|upkeep
|
|t:|1784810912
|switch|p1b: Raichu|Raichu-Mega-Y, L50, M, shiny|100/100
|switch|p2a: Gardevoir|Gardevoir-Mega, L50, F|100/100
|turn|6
|
|t:|1784810928
|move|p2a: Gardevoir|Protect|p2a: Gardevoir
|-singleturn|p2a: Gardevoir|Protect
|move|p2b: Ceruledge|Protect|p2b: Ceruledge
|-singleturn|p2b: Ceruledge|Protect
|move|p1b: Raichu|Fake Out|p2a: Gardevoir
|-activate|p2a: Gardevoir|move: Protect
|move|p1a: Sinistcha|Matcha Gotcha|p2a: Gardevoir|[spread] 
|-activate|p2a: Gardevoir|move: Protect
|-activate|p2b: Ceruledge|move: Protect
|
|upkeep
|turn|7
|
|t:|1784810945
|move|p1a: Sinistcha|Rage Powder|p1a: Sinistcha
|-singleturn|p1a: Sinistcha|move: Rage Powder
|move|p1b: Raichu|Zap Cannon|p2b: Ceruledge
|-damage|p2b: Ceruledge|23/100
|-status|p2b: Ceruledge|par
|move|p2b: Ceruledge|Bitter Blade|p1a: Sinistcha
|-supereffective|p1a: Sinistcha|1
|-damage|p1a: Sinistcha|32/100
|-heal|p2b: Ceruledge|56/100 par|[from] drain|[of] p1a: Sinistcha
|move|p2a: Gardevoir|Trick Room|p2a: Gardevoir
|-fieldstart|move: Trick Room|[of] p2a: Gardevoir
|
|-heal|p1a: Sinistcha|38/100|[from] item: Leftovers
|upkeep
|turn|8
|-message|Booger_papi forfeited.
|
|win|standardamerican
|l|☆Booger_papi
|player|p1|
