|j|☆svsdfsdf
|j|☆toqjosh
|html|svsdfsdftoqjosh    
|uhtml|bestof|Game 3 of a best-of-3
|t:|1784791767
|gametype|doubles
|player|p1|svsdfsdf|101|1048
|player|p2|toqjosh|pokemonranger-gen4|1165
|gen|9
|tier|[Gen 9 Champions] VGC 2026 Reg M-B (Bo3)
|rated|
|rule|Species Clause: Limit one of each Pokémon
|rule|Item Clause: Limit 1 of each item
|clearpoke
|poke|p1|Pelipper, L50, M|
|poke|p1|Archaludon, L50, F|
|poke|p1|Swampert, L50, F|
|poke|p1|Sinistcha, L50|
|poke|p1|Grimmsnarl, L50, M|
|poke|p1|Maushold-Four, L50|
|poke|p2|Slowbro, L50, M|
|poke|p2|Delphox, L50, M|
|poke|p2|Decidueye-Hisui, L50, F|
|poke|p2|Aerodactyl, L50, M|
|poke|p2|Sinistcha, L50|
|poke|p2|Garchomp, L50, M|
|teampreview|4
|showteam|p1|Pelipper||FocusSash|Drizzle|WeatherBall,Hurricane,Protect,Tailwind|Modest||M|||50|]Archaludon||Leftovers|Stamina|DragonPulse,FlashCannon,ElectroShot,Protect|Calm||F|||50|]Swampert||Swampertite|Torrent|WaveCrash,HighHorsepower,IcePunch,Protect|Adamant||F|||50|]Sinistcha||SitrusBerry|Hospitality|MatchaGotcha,LifeDew,TrickRoom,RagePowder|Bold|||||50|]Grimmsnarl||LightClay|Prankster|PartingShot,LightScreen,Reflect,SpiritBreak|Impish||M|||50|]Maushold-Four||WideLens|Technician|PopulationBomb,RainDance,FollowMe,Protect|Jolly|||||50|
|showteam|p2|Slowbro||Slowbronite|Regenerator|SlackOff,Scald,Protect,BodyPress|Calm||M|||50|]Delphox||Delphoxite|Blaze|HeatWave,Psychic,Protect,DazzlingGleam|Modest||M|||50|]Decidueye-Hisui||ScopeLens|Scrappy|TripleArrows,LeafBlade,Protect,RockTomb|Adamant||F|||50|]Aerodactyl||FocusSash|Unnerve|Tailwind,RockSlide,WideGuard,Taunt|Jolly||M|||50|]Sinistcha||ColburBerry|Hospitality|MatchaGotcha,RagePowder,TrickRoom,Protect|Calm|||||50|]Garchomp||LifeOrb|RoughSkin|Protect,Earthquake,RockTomb,DragonClaw|Adamant||M|||50|
|inactive|Battle timer is ON: inactive players will automatically lose when time's up. (requested by svsdfsdf)
|
|t:|1784791787
|teamsize|p1|4
|teamsize|p2|4
|start
|switch|p1a: Archaludon|Archaludon, L50, F|100/100
|switch|p1b: Pelipper|Pelipper, L50, M|100/100
|switch|p2a: Slowbro|Slowbro, L50, M|100/100
|switch|p2b: Aerodactyl|Aerodactyl, L50, M|100/100
|-ability|p2b: Aerodactyl|Unnerve
|-weather|RainDance|[from] ability: Drizzle|[of] p1b: Pelipper
|turn|1
|
|t:|1784791798
|detailschange|p2a: Slowbro|Slowbro-Mega, L50, M
|-mega|p2a: Slowbro|Slowbro|Slowbronite
|move|p2b: Aerodactyl|Rock Slide|p1b: Pelipper|[spread] p1a,p1b
|-resisted|p1a: Archaludon|1
|-supereffective|p1b: Pelipper|1
|-damage|p1a: Archaludon|90/100
|-damage|p1b: Pelipper|38/100
|-ability|p1a: Archaludon|Stamina|boost
|-boost|p1a: Archaludon|def|1
|move|p1a: Archaludon|Electro Shot||[still]
|-prepare|p1a: Archaludon|Electro Shot
|-boost|p1a: Archaludon|spa|1
|-anim|p1a: Archaludon|Electro Shot|p2a: Slowbro
|-supereffective|p2a: Slowbro|1
|-damage|p2a: Slowbro|8/100
|cant|p1b: Pelipper|flinch
|move|p2a: Slowbro|Body Press|p1a: Archaludon
|-supereffective|p1a: Archaludon|1
|-damage|p1a: Archaludon|54/100
|-ability|p1a: Archaludon|Stamina|boost
|-boost|p1a: Archaludon|def|1
|
|-weather|RainDance|[upkeep]
|-heal|p1a: Archaludon|60/100|[from] item: Leftovers
|upkeep
|turn|2
|inactive|svsdfsdf has 30 seconds left.
|
|t:|1784791824
|switch|p1b: Sinistcha|Sinistcha, L50|100/100
|-heal|p1a: Archaludon|85/100|[from] ability: Hospitality|[of] p1b: Sinistcha
|move|p2a: Slowbro|Protect|p2a: Slowbro
|-singleturn|p2a: Slowbro|Protect
|move|p2b: Aerodactyl|Rock Slide|p1a: Archaludon|[spread] p1b
|-miss|p2b: Aerodactyl|p1a: Archaludon
|-damage|p1b: Sinistcha|79/100
|move|p1a: Archaludon|Electro Shot||[still]
|-prepare|p1a: Archaludon|Electro Shot
|-boost|p1a: Archaludon|spa|1
|-anim|p1a: Archaludon|Electro Shot|p2b: Aerodactyl
|-supereffective|p2b: Aerodactyl|1
|-enditem|p2b: Aerodactyl|Focus Sash
|-damage|p2b: Aerodactyl|1/100
|
|-weather|RainDance|[upkeep]
|-heal|p1a: Archaludon|91/100|[from] item: Leftovers
|upkeep
|turn|3
|
|t:|1784791846
|switch|p2a: Garchomp|Garchomp, L50, M|100/100
|move|p2b: Aerodactyl|Tailwind|p2b: Aerodactyl
|-sidestart|p2: toqjosh|move: Tailwind
|move|p1a: Archaludon|Electro Shot||[still]
|-prepare|p1a: Archaludon|Electro Shot
|-boost|p1a: Archaludon|spa|1
|-anim|p1a: Archaludon|Electro Shot|p2a: Garchomp
|-immune|p2a: Garchomp
|move|p1b: Sinistcha|Trick Room|p1b: Sinistcha
|-fieldstart|move: Trick Room|[of] p1b: Sinistcha
|
|-weather|RainDance|[upkeep]
|-heal|p1a: Archaludon|97/100|[from] item: Leftovers
|upkeep
|turn|4
|inactive|svsdfsdf has 30 seconds left.
|inactive|svsdfsdf has 20 seconds left.
|inactive|svsdfsdf has 15 seconds left.
|inactive|svsdfsdf has 10 seconds left.
|inactive|svsdfsdf has 5 seconds left.
|
|t:|1784791901
|move|p2b: Aerodactyl|Wide Guard|p2b: Aerodactyl
|-singleturn|p2b: Aerodactyl|Wide Guard
|move|p1b: Sinistcha|Matcha Gotcha|p2b: Aerodactyl|[spread] 
|-activate|p2a: Garchomp|move: Wide Guard
|-activate|p2b: Aerodactyl|move: Wide Guard
|move|p1a: Archaludon|Dragon Pulse|p2b: Aerodactyl
|-damage|p2b: Aerodactyl|0 fnt
|faint|p2b: Aerodactyl
|move|p2a: Garchomp|Earthquake|p1b: Sinistcha|[spread] p1a,p1b
|-supereffective|p1a: Archaludon|1
|-resisted|p1b: Sinistcha|1
|-damage|p1a: Archaludon|59/100
|-damage|p1b: Sinistcha|60/100
|-ability|p1a: Archaludon|Stamina|boost
|-boost|p1a: Archaludon|def|1
|-damage|p2a: Garchomp|90/100|[from] item: Life Orb
|
|-weather|RainDance|[upkeep]
|-heal|p1a: Archaludon|66/100|[from] item: Leftovers
|upkeep
|
|t:|1784791913
|switch|p2b: Slowbro|Slowbro-Mega, L50, M|8/100
|turn|5
|
|t:|1784791925
|move|p1b: Sinistcha|Matcha Gotcha|p2a: Garchomp|[spread] p2b
|-miss|p1b: Sinistcha|p2a: Garchomp
|-supereffective|p2b: Slowbro|1
|-damage|p2b: Slowbro|0 fnt
|-heal|p1b: Sinistcha|65/100|[from] drain|[of] p2b: Slowbro
|faint|p2b: Slowbro
|move|p1a: Archaludon|Dragon Pulse|p2a: Garchomp
|-supereffective|p2a: Garchomp|1
|-damage|p2a: Garchomp|0 fnt
|faint|p2a: Garchomp
|
|-weather|none
|-heal|p1a: Archaludon|72/100|[from] item: Leftovers
|upkeep
|
|t:|1784791932
|switch|p2b: Decidueye|Decidueye-Hisui, L50, F|100/100
|turn|6
|
|t:|1784791948
|move|p2b: Decidueye|Protect|p2b: Decidueye
|-singleturn|p2b: Decidueye|Protect
|move|p1b: Sinistcha|Life Dew|p1b: Sinistcha|[spread] p1a,p1b
|-heal|p1a: Archaludon|97/100
|-heal|p1b: Sinistcha|90/100
|move|p1a: Archaludon|Dragon Pulse|p2b: Decidueye
|-activate|p2b: Decidueye|move: Protect
|
|-heal|p1a: Archaludon|100/100|[from] item: Leftovers
|-sideend|p2: toqjosh|move: Tailwind
|upkeep
|turn|7
|
|t:|1784791965
|move|p2b: Decidueye|Triple Arrows|p1a: Archaludon
|-supereffective|p1a: Archaludon|1
|-damage|p1a: Archaludon|73/100
|-unboost|p1a: Archaludon|def|1
|-ability|p1a: Archaludon|Stamina|boost
|-boost|p1a: Archaludon|def|1
|move|p1b: Sinistcha|Matcha Gotcha|p2b: Decidueye
|-resisted|p2b: Decidueye|1
|-damage|p2b: Decidueye|85/100
|-heal|p1b: Sinistcha|97/100|[from] drain|[of] p2b: Decidueye
|move|p1a: Archaludon|Dragon Pulse|p2b: Decidueye
|-damage|p2b: Decidueye|8/100
|
|-heal|p1a: Archaludon|80/100|[from] item: Leftovers
|-fieldend|move: Trick Room
|upkeep
|turn|8
|-message|toqjosh forfeited.
|raw|svsdfsdf's rating: 1048 → 1091(+43 for winning)
|raw|toqjosh's rating: 1165 → 1132(-33 for losing)
|
|win|svsdfsdf
