|j|☆Trafalgar-Froakie
|j|☆Wooperdooperpooper
|html|Trafalgar-FroakieWooperdooperpooper    
|uhtml|bestof|Game 1 of a best-of-3
|t:|1756743252
|gametype|doubles
|player|p1|Trafalgar-Froakie|marshal|1050
|player|p2|Wooperdooperpooper|169|1165
|gen|9
|tier|[Gen 9] VGC 2025 Reg H (Bo3)
|rated|
|rule|Species Clause: Limit one of each Pokémon
|rule|Item Clause: Limit 1 of each item
|clearpoke
|poke|p1|Archaludon, L50, F|
|poke|p1|Pelipper, L50, M|
|poke|p1|Sinistcha, L50|
|poke|p1|Ursaluna, L50, M|
|poke|p1|Dragonite, L50, M|
|poke|p1|Gholdengo, L50|
|poke|p2|Charizard, L50, M|
|poke|p2|Indeedee-F, L50, F|
|poke|p2|Ursaluna, L50, M|
|poke|p2|Torkoal, L50, F|
|poke|p2|Gallade, L50, M|
|poke|p2|Hatterene, L50, F|
|teampreview|4
|showteam|p1|Archaludon||AssaultVest|Stamina|FlashCannon,BodyPress,ElectroShot,Snarl|||F|||50|,,,,,Fighting]Pelipper||FocusSash|Drizzle|Hurricane,MuddyWater,Tailwind,WideGuard|||M|||50|,,,,,Ghost]Sinistcha||SitrusBerry|Hospitality|MatchaGotcha,RagePowder,LifeDew,TrickRoom||||||50|,,,,,Dark]Ursaluna||FlameOrb|Guts|Facade,HeadlongRush,Earthquake,Protect|||M|||50|,,,,,Ghost]Dragonite||LoadedDice|Multiscale|Tailwind,Haze,ScaleShot,Protect|||M|||50|,,,,,Fairy]Gholdengo||ChoiceScarf|GoodasGold|MakeItRain,ShadowBall,TeraBlast,Trick||||||50|,,,,,Water
|showteam|p2|Charizard||ChoiceScarf|SolarPower|HeatWave,Overheat,WeatherBall,ScorchingSands|||M|||50|,,,,,Fire]Indeedee-F||SafetyGoggles|PsychicSurge|DazzlingGleam,FollowMe,TrickRoom,HelpingHand|||F|||50|,,,,,Water]Ursaluna||FlameOrb|Guts|HeadlongRush,Facade,RockSlide,Protect|||M|||50|,,,,,Dragon]Torkoal||Charcoal|Drought|Eruption,Overheat,HelpingHand,Protect|||F|||50|,,,,,Fire]Gallade||ClearAmulet|Sharpness|SacredSword,PsychoCut,TrickRoom,WideGuard|||M|||50|,,,,,Grass]Hatterene||LifeOrb|MagicBounce|ExpandingForce,DazzlingGleam,TrickRoom,Protect|||F|||50|,,,,,Water
|inactive|Battle timer is ON: inactive players will automatically lose when time's up. (requested by Wooperdooperpooper)
|inactive|Trafalgar-Froakie has 60 seconds left.
|inactive|Trafalgar-Froakie has 30 seconds left.
|inactive|Trafalgar-Froakie has 20 seconds left.
|inactive|Trafalgar-Froakie has 15 seconds left.
|inactive|Trafalgar-Froakie has 10 seconds left.
|inactive|Trafalgar-Froakie has 5 seconds left.
|
|t:|1756743341
|teamsize|p1|4
|teamsize|p2|4
|start
|switch|p1a: Ursaluna|Ursaluna, L50, M|100/100
|switch|p1b: Dragonite|Dragonite, L50, M|100/100
|switch|p2a: Gallade|Gallade, L50, M|100/100
|switch|p2b: Indeedee|Indeedee-F, L50, F, shiny|100/100
|-fieldstart|move: Psychic Terrain|[from] ability: Psychic Surge|[of] p2b: Indeedee
|turn|1
|inactive|Trafalgar-Froakie has 30 seconds left.
|inactive|Wooperdooperpooper has 30 seconds left.
|
|t:|1756743367
|move|p1a: Ursaluna|Protect|p1a: Ursaluna
|-singleturn|p1a: Ursaluna|Protect
|move|p2b: Indeedee|Follow Me|p2b: Indeedee
|-singleturn|p2b: Indeedee|move: Follow Me
|move|p1b: Dragonite|Scale Shot|p2b: Indeedee
|-damage|p2b: Indeedee|86/100
|-damage|p2b: Indeedee|71/100
|-damage|p2b: Indeedee|56/100
|-damage|p2b: Indeedee|42/100
|-damage|p2b: Indeedee|29/100
|-hitcount|p2b: Indeedee|5
|-unboost|p1b: Dragonite|def|1
|-boost|p1b: Dragonite|spe|1
|move|p2a: Gallade|Trick Room|p2a: Gallade
|-fieldstart|move: Trick Room|[of] p2a: Gallade
|
|-status|p1a: Ursaluna|brn|[from] item: Flame Orb
|upkeep
|turn|2
|inactive|Trafalgar-Froakie has 30 seconds left.
|
|t:|1756743398
|-terastallize|p2a: Gallade|Grass
|move|p2b: Indeedee|Helping Hand|p2a: Gallade
|-singleturn|p2a: Gallade|Helping Hand|[of] p2b: Indeedee
|move|p2a: Gallade|Psycho Cut|p1a: Ursaluna
|-damage|p1a: Ursaluna|18/100 brn
|move|p1a: Ursaluna|Facade|p2a: Gallade
|-damage|p2a: Gallade|0 fnt
|faint|p2a: Gallade
|move|p1b: Dragonite|Scale Shot|p2b: Indeedee
|-damage|p2b: Indeedee|13/100
|-damage|p2b: Indeedee|0 fnt
|faint|p2b: Indeedee
|-hitcount|p2: Indeedee|2
|-unboost|p1b: Dragonite|def|1
|-boost|p1b: Dragonite|spe|1
|
|-damage|p1a: Ursaluna|12/100 brn|[from] brn
|upkeep
|
|t:|1756743406
|switch|p2a: Hatterene|Hatterene, L50, F|100/100
|switch|p2b: Ursaluna|Ursaluna, L50, M|100/100
|turn|3
|inactive|Trafalgar-Froakie has 30 seconds left.
|inactive|Trafalgar-Froakie has 20 seconds left.
|inactive|Trafalgar-Froakie has 15 seconds left.
|
|t:|1756743455
|move|p1a: Ursaluna|Protect|p1a: Ursaluna
|-singleturn|p1a: Ursaluna|Protect
|move|p2a: Hatterene|Expanding Force|p1b: Dragonite|[spread] p1b
|-activate|p1a: Ursaluna|move: Protect
|-damage|p1b: Dragonite|56/100
|-damage|p2a: Hatterene|91/100|[from] item: Life Orb
|move|p2b: Ursaluna|Facade|p1b: Dragonite
|-damage|p1b: Dragonite|0 fnt
|faint|p1b: Dragonite
|
|-damage|p1a: Ursaluna|6/100 brn|[from] brn
|-status|p2b: Ursaluna|brn|[from] item: Flame Orb
|upkeep
|
|t:|1756743468
|switch|p1b: Pelipper|Pelipper, L50, M|100/100
|-weather|RainDance|[from] ability: Drizzle|[of] p1b: Pelipper
|turn|4
|inactive|Trafalgar-Froakie has 30 seconds left.
|inactive|Trafalgar-Froakie has 20 seconds left.
|
|t:|1756743504
|move|p2a: Hatterene|Protect|p2a: Hatterene
|-singleturn|p2a: Hatterene|Protect
|move|p2b: Ursaluna|Protect|p2b: Ursaluna
|-singleturn|p2b: Ursaluna|Protect
|move|p1b: Pelipper|Wide Guard|p1b: Pelipper
|-singleturn|p1b: Pelipper|Wide Guard
|move|p1a: Ursaluna|Facade|p2b: Ursaluna
|-activate|p2b: Ursaluna|move: Protect
|
|-weather|RainDance|[upkeep]
|-damage|p2b: Ursaluna|95/100 brn|[from] brn
|-damage|p1a: Ursaluna|0 fnt|[from] brn
|faint|p1a: Ursaluna
|upkeep
|
|t:|1756743516
|switch|p1a: Archaludon|Archaludon, L50, F|100/100
|turn|5
|
|t:|1756743535
|-terastallize|p1a: Archaludon|Fighting
|move|p1b: Pelipper|Wide Guard|p1b: Pelipper
|-singleturn|p1b: Pelipper|Wide Guard
|move|p2a: Hatterene|Expanding Force|p1a: Archaludon|[spread] 
|-activate|p1a: Archaludon|move: Wide Guard
|-activate|p1b: Pelipper|move: Wide Guard
|move|p2b: Ursaluna|Facade|p1a: Archaludon
|-damage|p1a: Archaludon|25/100
|-ability|p1a: Archaludon|Stamina|boost
|-boost|p1a: Archaludon|def|1
|move|p1a: Archaludon|Body Press|p2b: Ursaluna
|-supereffective|p2b: Ursaluna
|-damage|p2b: Ursaluna|0 fnt
|faint|p2b: Ursaluna
|
|-weather|RainDance|[upkeep]
|-fieldend|move: Trick Room
|-fieldend|move: Psychic Terrain
|upkeep
|turn|6
|-message|Wooperdooperpooper forfeited.
|
|win|Trafalgar-Froakie
|l|☆Wooperdooperpooper
|player|p2|
||Wooperdooperpooper is ready for game 2.
|inactive|Trafalgar-Froakie has 30 seconds to confirm battle start!
||Trafalgar-Froakie is ready for game 2.
|uhtml|next|Next: Game 2 of 3
