|j|☆MarkusVgc
|j|☆efwefwefwefweifier
|html|MarkusVgcefwefwefwefweifier    
|uhtml|bestof|Game 3 of a best-of-3
|t:|1784175450
|gametype|doubles
|player|p1|MarkusVgc|marshal|1114
|player|p2|efwefwefwefweifier|clown|1192
|gen|9
|tier|[Gen 9 Champions] VGC 2026 Reg M-B (Bo3)
|rated|
|rule|Species Clause: Limit one of each Pokémon
|rule|Item Clause: Limit 1 of each item
|clearpoke
|poke|p1|Charizard, L50, F|
|poke|p1|Metagross, L50|
|poke|p1|Garchomp, L50, M|
|poke|p1|Hydreigon, L50, M|
|poke|p1|Whimsicott, L50, M|
|poke|p1|Basculegion, L50, M|
|poke|p2|Armarouge, L50, F|
|poke|p2|Sinistcha, L50|
|poke|p2|Floette-Eternal, L50, F|
|poke|p2|Incineroar, L50, F, shiny|
|poke|p2|Sneasler, L50, M|
|poke|p2|Hydreigon, L50, M|
|teampreview|4
|showteam|p1|Charizard||CharizarditeY|Blaze|HeatWave,WeatherBall,SolarBeam,Protect|Timid||F|||50|]Metagross||Metagrossite|ClearBody|IronHead,PsychicFangs,IcePunch,Protect|Jolly|||||50|]Garchomp||LifeOrb|RoughSkin|StompingTantrum,Earthquake,RockSlide,Protect|Jolly||M|||50|]Hydreigon||HabanBerry|Levitate|DarkPulse,DracoMeteor,HeatWave,Protect|Modest||M|||50|]Whimsicott||FocusSash|Prankster|Moonblast,Tailwind,LightScreen,Tickle|Timid||M|||50|]Basculegion||ChoiceScarf|Adaptability|WaveCrash,FlipTurn,AquaJet,LastRespects|Adamant||M|||50|
|showteam|p2|Armarouge||ColburBerry|FlashFire|HeatWave,Psychic,CalmMind,Protect|Modest||F|||50|]Sinistcha||KasibBerry|Hospitality|MatchaGotcha,RagePowder,LifeDew,TrickRoom|Calm|||||50|]Floette-Eternal||Floettite|FlowerVeil|DazzlingGleam,DrainingKiss,CalmMind,Protect|Modest||F|||50|]Incineroar||SitrusBerry|Intimidate|FlareBlitz,DarkestLariat,FakeOut,PartingShot|Impish||F|||50|]Sneasler||FocusSash|PoisonTouch|CloseCombat,PoisonJab,FakeOut,QuickGuard|Jolly||M|||50|]Hydreigon||ChoiceScarf|Levitate|DracoMeteor,DarkPulse,Snarl,EarthPower|Modest||M|||50|
|inactive|Battle timer is ON: inactive players will automatically lose when time's up. (requested by efwefwefwefweifier)
|inactive|MarkusVgc has 60 seconds left.
|inactive|efwefwefwefweifier has 60 seconds left.
|inactive|MarkusVgc has 30 seconds left.
|inactive|MarkusVgc has 20 seconds left.
|inactive|MarkusVgc has 15 seconds left.
|inactive|MarkusVgc has 10 seconds left.
|inactive|MarkusVgc has 5 seconds left.
|
|t:|1784175541
|teamsize|p1|4
|teamsize|p2|4
|start
|switch|p1a: Whimsicott|Whimsicott, L50, M|100/100
|switch|p1b: Garchomp|Garchomp, L50, M|100/100
|switch|p2a: Pasta Blasta|Armarouge, L50, F|100/100
|switch|p2b: Bartholomews|Hydreigon, L50, M|100/100
|turn|1
|inactive|MarkusVgc has 30 seconds left.
|inactive|efwefwefwefweifier has 30 seconds left.
|
|t:|1784175571
|switch|p2b: Merry Berry|Incineroar, L50, F, shiny|100/100
|-ability|p2b: Merry Berry|Intimidate|boost
|-unboost|p1a: Whimsicott|atk|1
|-unboost|p1b: Garchomp|atk|1
|move|p1b: Garchomp|Protect|p1b: Garchomp
|-singleturn|p1b: Garchomp|Protect
|move|p1a: Whimsicott|Tailwind|p1a: Whimsicott
|-sidestart|p1: MarkusVgc|move: Tailwind
|move|p2a: Pasta Blasta|Heat Wave|p1b: Garchomp|[spread] p1a
|-activate|p1b: Garchomp|move: Protect
|-supereffective|p1a: Whimsicott|1
|-enditem|p1a: Whimsicott|Focus Sash
|-damage|p1a: Whimsicott|1/100
|
|upkeep
|turn|2
|inactive|MarkusVgc has 30 seconds left.
|inactive|efwefwefwefweifier has 30 seconds left.
|inactive|MarkusVgc has 20 seconds left.
|
|t:|1784175606
|switch|p1b: Hydreigon|Hydreigon, L50, M|100/100
|move|p2b: Merry Berry|Fake Out|p1a: Whimsicott
|-damage|p1a: Whimsicott|0 fnt
|faint|p1a: Whimsicott
|move|p2a: Pasta Blasta|Psychic|p1b: Hydreigon
|-immune|p1b: Hydreigon
|
|upkeep
|
|t:|1784175616
|switch|p1a: Garchomp|Garchomp, L50, M|100/100
|turn|3
|inactive|efwefwefwefweifier has 30 seconds left.
|
|t:|1784175644
|switch|p2a: Bartholomews|Hydreigon, L50, M|100/100
|move|p1a: Garchomp|Earthquake|p2a: Bartholomews|[spread] p2b
|-immune|p1b: Hydreigon|[from] ability: Levitate
|-immune|p2a: Bartholomews|[from] ability: Levitate
|-supereffective|p2b: Merry Berry|1
|-damage|p2b: Merry Berry|22/100
|-enditem|p2b: Merry Berry|Sitrus Berry|[eat]
|-heal|p2b: Merry Berry|47/100|[from] item: Sitrus Berry
|-damage|p1a: Garchomp|90/100|[from] item: Life Orb
|move|p1b: Hydreigon|Dark Pulse|p2a: Bartholomews
|-resisted|p2a: Bartholomews|1
|-damage|p2a: Bartholomews|71/100
|move|p2b: Merry Berry|Parting Shot|p1b: Hydreigon
|-unboost|p1b: Hydreigon|atk|1
|-unboost|p1b: Hydreigon|spa|1
|inactive|efwefwefwefweifier has 30 seconds left.
|
|t:|1784175677
|switch|p2b: Spinny Sinny|Sinistcha, L50|100/100|[from] Parting Shot
|-heal|p2a: Bartholomews|96/100|[from] ability: Hospitality|[of] p2b: Spinny Sinny
|
|upkeep
|turn|4
|inactive|MarkusVgc has 30 seconds left.
|inactive|efwefwefwefweifier has 30 seconds left.
|inactive|MarkusVgc has 20 seconds left.
|inactive|efwefwefwefweifier has 20 seconds left.
|inactive|MarkusVgc has 15 seconds left.
|inactive|efwefwefwefweifier has 15 seconds left.
|inactive|MarkusVgc has 10 seconds left.
|
|t:|1784175724
|switch|p1b: Charizard|Charizard, L50, F|100/100
|switch|p2a: Merry Berry|Incineroar, L50, F, shiny|47/100
|-ability|p2a: Merry Berry|Intimidate|boost
|-unboost|p1a: Garchomp|atk|1
|-unboost|p1b: Charizard|atk|1
|move|p1a: Garchomp|Rock Slide|p2b: Spinny Sinny|[spread] p2a,p2b
|-supereffective|p2a: Merry Berry|1
|-damage|p2a: Merry Berry|23/100
|-damage|p2b: Spinny Sinny|83/100
|-damage|p1a: Garchomp|80/100|[from] item: Life Orb
|move|p2b: Spinny Sinny|Matcha Gotcha|p1b: Charizard|[spread] p1a,p1b
|-resisted|p1b: Charizard|2
|-damage|p1a: Garchomp|52/100
|-heal|p2b: Spinny Sinny|98/100|[from] drain|[of] p1a: Garchomp
|-damage|p1b: Charizard|92/100
|-heal|p2b: Spinny Sinny|100/100|[from] drain|[of] p1b: Charizard
|-status|p1a: Garchomp|brn
|
|-damage|p1a: Garchomp|46/100 brn|[from] brn
|-sideend|p1: MarkusVgc|move: Tailwind
|upkeep
|turn|5
|inactive|MarkusVgc has 30 seconds left.
|inactive|efwefwefwefweifier has 30 seconds left.
|inactive|MarkusVgc has 20 seconds left.
|inactive|efwefwefwefweifier has 20 seconds left.
|
|t:|1784175760
|switch|p2b: Bartholomews|Hydreigon, L50, M|96/100
|move|p1b: Charizard|Protect|p1b: Charizard
|-singleturn|p1b: Charizard|Protect
|move|p2a: Merry Berry|Fake Out|p1b: Charizard
|-activate|p1b: Charizard|move: Protect
|move|p1a: Garchomp|Earthquake|p2b: Bartholomews|[spread] p2a
|-activate|p1b: Charizard|move: Protect
|-immune|p2b: Bartholomews|[from] ability: Levitate
|-supereffective|p2a: Merry Berry|1
|-damage|p2a: Merry Berry|0 fnt
|faint|p2a: Merry Berry
|-damage|p1a: Garchomp|36/100 brn|[from] item: Life Orb
|
|-damage|p1a: Garchomp|30/100 brn|[from] brn
|upkeep
|
|t:|1784175770
|switch|p2a: Pasta Blasta|Armarouge, L50, F|100/100
|turn|6
|inactive|MarkusVgc has 30 seconds left.
|inactive|MarkusVgc has 20 seconds left.
|inactive|MarkusVgc has 15 seconds left.
|inactive|MarkusVgc has 10 seconds left.
|inactive|MarkusVgc has 5 seconds left.
|
|t:|1784175825
|move|p2b: Bartholomews|Snarl|p1a: Garchomp|[spread] p1a,p1b
|-damage|p1a: Garchomp|5/100 brn
|-damage|p1b: Charizard|61/100
|-unboost|p1a: Garchomp|spa|1
|-unboost|p1b: Charizard|spa|1
|move|p1a: Garchomp|Stomping Tantrum|p2a: Pasta Blasta
|-supereffective|p2a: Pasta Blasta|1
|-damage|p2a: Pasta Blasta|66/100
|-damage|p1a: Garchomp|0 fnt|[from] item: Life Orb
|faint|p1a: Garchomp
|move|p1b: Charizard|Heat Wave|p2b: Bartholomews|[spread] p2b
|-start|p2a: Pasta Blasta|ability: Flash Fire
|-resisted|p2b: Bartholomews|1
|-damage|p2b: Bartholomews|85/100
|move|p2a: Pasta Blasta|Calm Mind|p2a: Pasta Blasta
|-boost|p2a: Pasta Blasta|spa|1
|-boost|p2a: Pasta Blasta|spd|1
|
|upkeep
|inactive|MarkusVgc has 30 seconds left.
|
|t:|1784175858
|switch|p1a: Hydreigon|Hydreigon, L50, M|100/100
|turn|7
|inactive|MarkusVgc has 30 seconds left.
|inactive|MarkusVgc has 20 seconds left.
|inactive|MarkusVgc has 15 seconds left.
|inactive|MarkusVgc has 10 seconds left.
|inactive|MarkusVgc has 5 seconds left.
|
|t:|1784175913
|move|p2a: Pasta Blasta|Protect|p2a: Pasta Blasta
|-singleturn|p2a: Pasta Blasta|Protect
|move|p2b: Bartholomews|Snarl|p1b: Charizard|[spread] p1a,p1b
|-resisted|p1a: Hydreigon|1
|-damage|p1a: Hydreigon|87/100
|-damage|p1b: Charizard|30/100
|-unboost|p1a: Hydreigon|spa|1
|-unboost|p1b: Charizard|spa|1
|move|p1b: Charizard|Heat Wave|p2b: Bartholomews|[spread] p2b
|-activate|p2a: Pasta Blasta|move: Protect
|-resisted|p2b: Bartholomews|1
|-damage|p2b: Bartholomews|71/100
|move|p1a: Hydreigon|Dark Pulse|p2a: Pasta Blasta
|-activate|p2a: Pasta Blasta|move: Protect
|
|upkeep
|turn|8
|inactive|MarkusVgc has 30 seconds left.
|inactive|MarkusVgc has 20 seconds left.
|inactive|MarkusVgc has 15 seconds left.
|inactive|MarkusVgc has 10 seconds left.
|inactive|MarkusVgc has 5 seconds left.
|
|t:|1784175968
|switch|p2b: Spinny Sinny|Sinistcha, L50|100/100
|-heal|p2a: Pasta Blasta|91/100|[from] ability: Hospitality|[of] p2b: Spinny Sinny
|move|p1b: Charizard|Heat Wave|p2b: Spinny Sinny|[spread] p2b
|-immune|p2a: Pasta Blasta|[from] ability: Flash Fire
|-supereffective|p2b: Spinny Sinny|1
|-damage|p2b: Spinny Sinny|58/100
|move|p1a: Hydreigon|Dark Pulse|p2b: Spinny Sinny
|-supereffective|p2b: Spinny Sinny|1
|-damage|p2b: Spinny Sinny|7/100
|move|p2a: Pasta Blasta|Heat Wave|p1a: Hydreigon|[spread] p1a,p1b
|-resisted|p1a: Hydreigon|1
|-resisted|p1b: Charizard|1
|-damage|p1a: Hydreigon|35/100
|-damage|p1b: Charizard|0 fnt
|faint|p1b: Charizard
|
|upkeep
|turn|9
|
|t:|1784175992
|move|p1a: Hydreigon|Dark Pulse|p2a: Pasta Blasta
|-supereffective|p2a: Pasta Blasta|1
|-enditem|p2a: Pasta Blasta|Colbur Berry|[eat]
|-enditem|p2a: Pasta Blasta|Colbur Berry|[weaken]
|-damage|p2a: Pasta Blasta|68/100
|cant|p2a: Pasta Blasta|flinch
|move|p2b: Spinny Sinny|Life Dew|p2b: Spinny Sinny|[spread] p2a,p2b
|-heal|p2a: Pasta Blasta|93/100
|-heal|p2b: Spinny Sinny|32/100
|
|upkeep
|turn|10
|inactive|MarkusVgc has 30 seconds left.
|inactive|MarkusVgc has 20 seconds left.
|inactive|MarkusVgc has 15 seconds left.
|inactive|MarkusVgc has 10 seconds left.
|inactive|MarkusVgc has 5 seconds left.
|-message|MarkusVgc lost due to inactivity.
|
|win|efwefwefwefweifier
|raw|MarkusVgc's rating: 1114 → 1095(-19 for losing)
|raw|efwefwefwefweifier's rating: 1192 → 1211(+19 for winning)
|l|☆MarkusVgc
|player|p1|
