|j|☆Gen4lover2
|j|☆nikolasnaiz
|html|Gen4lover2nikolasnaiz    
|uhtml|bestof|Game 3 of a best-of-3
|t:|1785753296
|gametype|doubles
|player|p1|Gen4lover2|wallace|1095
|player|p2|nikolasnaiz|266|1226
|gen|9
|tier|[Gen 9 Champions] VGC 2026 Reg M-B (Bo3)
|rated|
|rule|Species Clause: Limit one of each Pokémon
|rule|Item Clause: Limit 1 of each item
|clearpoke
|poke|p1|Tyranitar, L50, M|
|poke|p1|Excadrill, L50, F|
|poke|p1|Staraptor, L50, F|
|poke|p1|Milotic, L50, F|
|poke|p1|Gholdengo, L50|
|poke|p1|Sinistcha-Masterpiece, L50|
|poke|p2|Excadrill, L50, F|
|poke|p2|Tyranitar, L50, M|
|poke|p2|Sneasler, L50, M|
|poke|p2|Incineroar, L50, F|
|poke|p2|Froslass, L50, F|
|poke|p2|Sinistcha, L50|
|teampreview|4
|showteam|p1|Tyranitar||Tyranitarite|SandStream|RockSlide,KnockOff,LowKick,Protect|Adamant||M|||50|]Excadrill||FocusSash|SandRush|HighHorsepower,IronHead,RockSlide,Protect|Adamant||F|||50|]Staraptor||Staraptite|Intimidate|BraveBird,CloseCombat,Tailwind,Protect|Jolly||F|||50|]Milotic||SitrusBerry|Competitive|Scald,IceBeam,Recover,Protect|Modest||F|||50|]Gholdengo||LifeOrb|GoodasGold|MakeItRain,ShadowBall,NastyPlot,Protect|Modest|||||50|]Sinistcha-Masterpiece||ColburBerry|Hospitality|MatchaGotcha,RagePowder,TrickRoom,Protect|Relaxed|||||50|
|showteam|p2|Excadrill||FocusSash|SandRush|HighHorsepower,IronHead,RockSlide,Protect|Adamant||F|||50|]Tyranitar||Tyranitarite|SandStream|RockSlide,KnockOff,DragonDance,Protect|Adamant||M|||50|]Sneasler||WhiteHerb|Unburden|CloseCombat,DireClaw,FakeOut,Coaching|Jolly||M|||50|]Incineroar||SitrusBerry|Intimidate|FlareBlitz,FakeOut,PartingShot,HelpingHand|Impish||F|||50|]Froslass||Froslassite|CursedBody|Blizzard,ShadowBall,NastyPlot,Protect|Timid||F|||50|]Sinistcha||ColburBerry|Hospitality|LeafStorm,ShadowBall,RagePowder,Protect|Bold|||||50|
|inactive|Battle timer is ON: inactive players will automatically lose when time's up. (requested by Gen4lover2)
|
|t:|1785753320
|teamsize|p1|4
|teamsize|p2|4
|start
|switch|p1a: Tyranitar|Tyranitar, L50, M|100/100
|switch|p1b: Excadrill|Excadrill, L50, F|100/100
|switch|p2a: Froslass|Froslass, L50, F|100/100
|switch|p2b: Sneasler|Sneasler, L50, M|100/100
|-weather|Sandstorm|[from] ability: Sand Stream|[of] p1a: Tyranitar
|turn|1
|
|t:|1785753340
|move|p1b: Excadrill|Protect|p1b: Excadrill
|-singleturn|p1b: Excadrill|Protect
|move|p1a: Tyranitar|Protect|p1a: Tyranitar
|-singleturn|p1a: Tyranitar|Protect
|move|p2b: Sneasler|Close Combat|p1a: Tyranitar
|-activate|p1a: Tyranitar|move: Protect
|move|p2a: Froslass|Blizzard|p1b: Excadrill|[spread] 
|-activate|p1a: Tyranitar|move: Protect
|-activate|p1b: Excadrill|move: Protect
|
|-weather|Sandstorm|[upkeep]
|-damage|p2b: Sneasler|94/100|[from] Sandstorm
|-damage|p2a: Froslass|94/100|[from] Sandstorm
|upkeep
|turn|2
|
|t:|1785753360
|detailschange|p1a: Tyranitar|Tyranitar-Mega, L50, M
|-mega|p1a: Tyranitar|Tyranitar|Tyranitarite
|move|p2a: Froslass|Protect|p2a: Froslass
|-singleturn|p2a: Froslass|Protect
|move|p1b: Excadrill|High Horsepower|p2b: Sneasler
|-supereffective|p2b: Sneasler|1
|-damage|p2b: Sneasler|0 fnt
|faint|p2b: Sneasler
|move|p1a: Tyranitar|Rock Slide|p2a: Froslass
|-activate|p2a: Froslass|move: Protect
|
|-weather|Sandstorm|[upkeep]
|-damage|p2a: Froslass|88/100|[from] Sandstorm
|upkeep
|
|t:|1785753372
|switch|p2b: Tyranitar|Tyranitar, L50, M|100/100
|turn|3
|
|t:|1785753380
|switch|p1a: Staraptor|Staraptor, L50, F|100/100
|-ability|p1a: Staraptor|Intimidate|boost
|-unboost|p2a: Froslass|atk|1
|-unboost|p2b: Tyranitar|atk|1
|detailschange|p2a: Froslass|Froslass-Mega, L50, F
|-mega|p2a: Froslass|Froslass|Froslassite
|-weather|Snowscape|[from] ability: Snow Warning|[of] p2a: Froslass
|move|p1b: Excadrill|Protect|p1b: Excadrill
|-singleturn|p1b: Excadrill|Protect
|move|p2a: Froslass|Blizzard|p1b: Excadrill|[spread] p1a
|-activate|p1b: Excadrill|move: Protect
|-supereffective|p1a: Staraptor|1
|-damage|p1a: Staraptor|0 fnt
|faint|p1a: Staraptor
|move|p2b: Tyranitar|Dragon Dance|p2b: Tyranitar
|-boost|p2b: Tyranitar|atk|1
|-boost|p2b: Tyranitar|spe|1
|
|-weather|Snowscape|[upkeep]
|upkeep
|
|t:|1785753396
|switch|p1a: Tyranitar|Tyranitar-Mega, L50, M|100/100
|-weather|Sandstorm|[from] ability: Sand Stream|[of] p1a: Tyranitar
|turn|4
|inactive|nikolasnaiz has 30 seconds left.
|inactive|nikolasnaiz has 20 seconds left.
|inactive|nikolasnaiz has 15 seconds left.
|inactive|nikolasnaiz has 10 seconds left.
|
|t:|1785753442
|switch|p2a: Sinistcha|Sinistcha, L50|100/100
|move|p1b: Excadrill|Iron Head|p2a: Sinistcha
|-damage|p2a: Sinistcha|62/100
|move|p2b: Tyranitar|Rock Slide|p1a: Tyranitar|[spread] p1a,p1b
|-resisted|p1b: Excadrill|2
|-damage|p1a: Tyranitar|82/100
|-damage|p1b: Excadrill|90/100
|move|p1a: Tyranitar|Low Kick|p2b: Tyranitar
|-supereffective|p2b: Tyranitar|2
|-damage|p2b: Tyranitar|0 fnt
|faint|p2b: Tyranitar
|
|-weather|Sandstorm|[upkeep]
|-damage|p2a: Sinistcha|56/100|[from] Sandstorm
|upkeep
|
|t:|1785753450
|switch|p2b: Froslass|Froslass-Mega, L50, F|88/100
|-weather|Snowscape|[from] ability: Snow Warning|[of] p2b: Froslass
|turn|5
|
|t:|1785753467
|switch|p1a: Gholdengo|Gholdengo, L50|100/100
|move|p1b: Excadrill|Protect|p1b: Excadrill
|-singleturn|p1b: Excadrill|Protect
|move|p2b: Froslass|Nasty Plot|p2b: Froslass
|-boost|p2b: Froslass|spa|2
|move|p2a: Sinistcha|Leaf Storm|p1a: Gholdengo
|-resisted|p1a: Gholdengo|1
|-damage|p1a: Gholdengo|69/100
|-unboost|p2a: Sinistcha|spa|2
|
|-weather|Snowscape|[upkeep]
|upkeep
|turn|6
|
|t:|1785753483
|switch|p1a: Tyranitar|Tyranitar-Mega, L50, M|82/100
|-weather|Sandstorm|[from] ability: Sand Stream|[of] p1a: Tyranitar
|move|p2a: Sinistcha|Rage Powder|p2a: Sinistcha
|-singleturn|p2a: Sinistcha|move: Rage Powder
|move|p1b: Excadrill|Iron Head|p2a: Sinistcha
|-damage|p2a: Sinistcha|12/100
|move|p2b: Froslass|Shadow Ball|p1b: Excadrill
|-damage|p1b: Excadrill|0 fnt
|faint|p1b: Excadrill
|
|-weather|Sandstorm|[upkeep]
|-damage|p2b: Froslass|82/100|[from] Sandstorm
|-damage|p2a: Sinistcha|6/100|[from] Sandstorm
|upkeep
|
|t:|1785753494
|switch|p1b: Gholdengo|Gholdengo, L50|69/100
|turn|7
|
|t:|1785753503
|move|p1b: Gholdengo|Protect|p1b: Gholdengo
|-singleturn|p1b: Gholdengo|Protect
|move|p2b: Froslass|Shadow Ball|p1b: Gholdengo
|-activate|p1b: Gholdengo|move: Protect
|move|p1a: Tyranitar|Rock Slide|p2b: Froslass|[spread] p2a,p2b
|-supereffective|p2b: Froslass|1
|-damage|p2a: Sinistcha|0 fnt
|-damage|p2b: Froslass|0 fnt
|faint|p2a: Sinistcha
|faint|p2b: Froslass
|
|win|Gen4lover2
|raw|Gen4lover2's rating: 1095 → 1130(+35 for winning)
|raw|nikolasnaiz's rating: 1226 → 1192(-34 for losing)
