|j|☆ivt1234
|j|☆monkeychese
|html|ivt1234monkeychese    
|uhtml|bestof|Game 2 of a best-of-3
|t:|1783701978
|gametype|doubles
|player|p1|ivt1234|candice|1051
|player|p2|monkeychese|lucas|1129
|gen|9
|tier|[Gen 9 Champions] VGC 2026 Reg M-B (Bo3)
|rated|
|rule|Species Clause: Limit one of each Pokémon
|rule|Item Clause: Limit 1 of each item
|clearpoke
|poke|p1|Banette, L50, F|
|poke|p1|Whimsicott, L50, M|
|poke|p1|Politoed, L50, M|
|poke|p1|Overqwil, L50, F|
|poke|p1|Incineroar, L50, M|
|poke|p1|Archaludon, L50, M|
|poke|p2|Charizard, L50, F|
|poke|p2|Milotic, L50, M|
|poke|p2|Tsareena, L50, F|
|poke|p2|Sableye, L50, M|
|poke|p2|Tyranitar, L50, F|
|poke|p2|Sneasler, L50, M|
|teampreview|4
|showteam|p1|Banette||Banettite|Insomnia|Poltergeist,WillOWisp,DestinyBond,Protect|Adamant||F|||50|]Whimsicott||FocusSash|Prankster|Tailwind,Encore,Moonblast,Protect|Bold||M|||50|]Politoed||SitrusBerry|Drizzle|WeatherBall,Protect,PerishSong,IcyWind|Calm||M|||50|]Overqwil||LifeOrb|SwiftSwim|BarbBarrage,Protect,GunkShot,ThroatChop|Adamant||F|||50|]Incineroar||ChopleBerry|Intimidate|Protect,FakeOut,PartingShot,ThroatChop|Impish||M|||50|]Archaludon||Leftovers|Stamina|ElectroShot,FlashCannon,Protect,DragonPulse|Modest||M|||50|
|showteam|p2|Charizard||CharizarditeX|Blaze|FlareBlitz,WillOWisp,Roost,Protect|Jolly||F|||50|]Milotic||Leftovers|Competitive|Scald,Recover,IcyWind,Protect|Modest||M|||50|]Tsareena||ChoiceScarf|QueenlyMajesty|TropKick,TripleAxel,LowKick,Uturn|Jolly||F|||50|]Sableye||RoseliBerry|Prankster|ThunderWave,LightScreen,FakeOut,Reflect|Bold||M|||50|]Tyranitar||FocusSash|SandStream|RockSlide,KnockOff,DragonDance,Protect|Jolly||F|||50|]Sneasler||WhiteHerb|Unburden|CloseCombat,DireClaw,FakeOut,Protect|Jolly||M|||50|
|inactive|Battle timer is ON: inactive players will automatically lose when time's up. (requested by ivt1234)
|
|t:|1783702000
|teamsize|p1|4
|teamsize|p2|4
|start
|switch|p1a: Banette|Banette, L50, F|100/100
|switch|p1b: Incineroar|Incineroar, L50, M|100/100
|switch|p2a: Tyranitar|Tyranitar, L50, F|100/100
|switch|p2b: Sableye|Sableye, L50, M|100/100
|-weather|Sandstorm|[from] ability: Sand Stream|[of] p2a: Tyranitar
|-ability|p1b: Incineroar|Intimidate|boost
|-unboost|p2a: Tyranitar|atk|1
|-unboost|p2b: Sableye|atk|1
|turn|1
|inactive|ivt1234 has 30 seconds left.
|inactive|ivt1234 has 20 seconds left.
|
|t:|1783702036
|detailschange|p1a: Banette|Banette-Mega, L50, F
|-mega|p1a: Banette|Banette|Banettite
|move|p2a: Tyranitar|Protect|p2a: Tyranitar
|-singleturn|p2a: Tyranitar|Protect
|move|p1b: Incineroar|Fake Out|p2b: Sableye
|-immune|p2b: Sableye
|move|p2b: Sableye|Reflect|p2b: Sableye
|-sidestart|p2: monkeychese|Reflect
|move|p1a: Banette|Poltergeist|p2a: Tyranitar
|-activate|p2a: Tyranitar|move: Protect
|
|-weather|Sandstorm|[upkeep]
|-damage|p1a: Banette|94/100|[from] Sandstorm
|-damage|p1b: Incineroar|94/100|[from] Sandstorm
|-damage|p2b: Sableye|94/100|[from] Sandstorm
|upkeep
|turn|2
|
|t:|1783702060
|move|p1a: Banette|Protect|p1a: Banette
|-singleturn|p1a: Banette|Protect
|move|p2b: Sableye|Thunder Wave|p1a: Banette
|-activate|p1a: Banette|move: Protect
|move|p2a: Tyranitar|Knock Off|p1a: Banette
|-activate|p1a: Banette|move: Protect
|move|p1b: Incineroar|Parting Shot|p2a: Tyranitar
|-unboost|p2a: Tyranitar|atk|1
|-unboost|p2a: Tyranitar|spa|1
|
|t:|1783702070
|switch|p1b: Politoed|Politoed, L50, M|100/100|[from] Parting Shot
|-weather|RainDance|[from] ability: Drizzle|[of] p1b: Politoed
|
|-weather|RainDance|[upkeep]
|upkeep
|turn|3
|inactive|ivt1234 has 30 seconds left.
|
|t:|1783702097
|switch|p2a: Tsareena|Tsareena, L50, F|100/100
|switch|p1a: Incineroar|Incineroar, L50, M|94/100
|-ability|p1a: Incineroar|Intimidate|boost
|-unboost|p2a: Tsareena|atk|1
|-unboost|p2b: Sableye|atk|1
|move|p2b: Sableye|Thunder Wave|p1a: Incineroar
|-hint|Since gen 7, Dark is immune to Prankster moves.
|-immune|p1a: Incineroar
|move|p1b: Politoed|Weather Ball|p2a: Tsareena
|-resisted|p2a: Tsareena|1
|-damage|p2a: Tsareena|72/100
|
|-weather|RainDance|[upkeep]
|upkeep
|turn|4
|
|t:|1783702107
|move|p1a: Incineroar|Fake Out||[still]
|cant|p2a: Tsareena|ability: Queenly Majesty|Fake Out|[of] p1a: Incineroar
|move|p2b: Sableye|Light Screen|p2b: Sableye
|-sidestart|p2: monkeychese|move: Light Screen
|move|p2a: Tsareena|Trop Kick|p1b: Politoed
|-supereffective|p1b: Politoed|1
|-damage|p1b: Politoed|43/100
|-unboost|p1b: Politoed|atk|1
|-enditem|p1b: Politoed|Sitrus Berry|[eat]
|-heal|p1b: Politoed|68/100|[from] item: Sitrus Berry
|move|p1b: Politoed|Icy Wind|p2a: Tsareena|[spread] p2a,p2b
|-supereffective|p2a: Tsareena|1
|-damage|p2a: Tsareena|57/100
|-damage|p2b: Sableye|85/100
|-unboost|p2a: Tsareena|spe|1
|-unboost|p2b: Sableye|spe|1
|
|-weather|RainDance|[upkeep]
|upkeep
|turn|5
|inactive|ivt1234 has 30 seconds left.
|
|t:|1783702139
|switch|p1b: Archaludon|Archaludon, L50, M|100/100
|switch|p2b: Sneasler|Sneasler, L50, M|100/100
|move|p2a: Tsareena|Trop Kick|p1b: Archaludon
|-resisted|p1b: Archaludon|2
|-damage|p1b: Archaludon|94/100
|-unboost|p1b: Archaludon|atk|1
|-ability|p1b: Archaludon|Stamina|boost
|-boost|p1b: Archaludon|def|1
|move|p1a: Incineroar|Parting Shot|p2a: Tsareena
|-unboost|p2a: Tsareena|atk|1
|-unboost|p2a: Tsareena|spa|1
|inactive|ivt1234 has 30 seconds left.
|
|t:|1783702167
|switch|p1a: Banette|Banette-Mega, L50, F|94/100|[from] Parting Shot
|
|-weather|RainDance|[upkeep]
|-heal|p1b: Archaludon|100/100|[from] item: Leftovers
|-sideend|p2: monkeychese|Reflect
|upkeep
|turn|6
|inactive|ivt1234 has 30 seconds left.
|
|t:|1783702192
|switch|p2a: Sableye|Sableye, L50, M|85/100
|move|p2b: Sneasler|Close Combat|p1b: Archaludon
|-supereffective|p1b: Archaludon|1
|-damage|p1b: Archaludon|36/100
|-unboost|p2b: Sneasler|def|1
|-unboost|p2b: Sneasler|spd|1
|-ability|p1b: Archaludon|Stamina|boost
|-boost|p1b: Archaludon|def|1
|-enditem|p2b: Sneasler|White Herb
|-clearnegativeboost|p2b: Sneasler|[silent]
|move|p1b: Archaludon|Electro Shot||[still]
|-prepare|p1b: Archaludon|Electro Shot
|-boost|p1b: Archaludon|spa|1
|-anim|p1b: Archaludon|Electro Shot|p2b: Sneasler
|-damage|p2b: Sneasler|40/100
|move|p1a: Banette|Poltergeist||[still]
|-fail|p1a: Banette
|
|-weather|none
|-heal|p1b: Archaludon|42/100|[from] item: Leftovers
|upkeep
|turn|7
|inactive|ivt1234 has 30 seconds left.
|inactive|ivt1234 has 20 seconds left.
|
|t:|1783702228
|switch|p1a: Politoed|Politoed, L50, M|68/100
|-weather|RainDance|[from] ability: Drizzle|[of] p1a: Politoed
|move|p1b: Archaludon|Protect|p1b: Archaludon
|-singleturn|p1b: Archaludon|Protect
|move|p2a: Sableye|Thunder Wave|p1a: Politoed
|-status|p1a: Politoed|par
|move|p2b: Sneasler|Close Combat|p1b: Archaludon
|-activate|p1b: Archaludon|move: Protect
|
|-weather|RainDance|[upkeep]
|-heal|p1b: Archaludon|48/100|[from] item: Leftovers
|upkeep
|turn|8
|inactive|ivt1234 has 30 seconds left.
|inactive|ivt1234 has 20 seconds left.
|
|t:|1783702265
|switch|p2a: Tyranitar|Tyranitar, L50, F|100/100
|-weather|Sandstorm|[from] ability: Sand Stream|[of] p2a: Tyranitar
|move|p2b: Sneasler|Close Combat|p1b: Archaludon
|-supereffective|p1b: Archaludon|1
|-damage|p1b: Archaludon|2/100
|-unboost|p2b: Sneasler|def|1
|-unboost|p2b: Sneasler|spd|1
|-ability|p1b: Archaludon|Stamina|boost
|-boost|p1b: Archaludon|def|1
|move|p1b: Archaludon|Electro Shot||[still]
|-prepare|p1b: Archaludon|Electro Shot
|-boost|p1b: Archaludon|spa|1
|move|p1a: Politoed|Weather Ball|p2b: Sneasler
|-resisted|p2b: Sneasler|1
|-damage|p2b: Sneasler|25/100
|
|-weather|Sandstorm|[upkeep]
|-damage|p2b: Sneasler|19/100|[from] Sandstorm
|-damage|p1a: Politoed|62/100 par|[from] Sandstorm
|-heal|p1b: Archaludon|8/100|[from] item: Leftovers
|-sideend|p2: monkeychese|move: Light Screen
|upkeep
|turn|9
|inactive|ivt1234 has 30 seconds left.
|
|t:|1783702299
|switch|p1a: Incineroar|Incineroar, L50, M|94/100
|-ability|p1a: Incineroar|Intimidate|boost
|-unboost|p2a: Tyranitar|atk|1
|-unboost|p2b: Sneasler|atk|1
|move|p2b: Sneasler|Protect|p2b: Sneasler
|-singleturn|p2b: Sneasler|Protect
|move|p2a: Tyranitar|Dragon Dance|p2a: Tyranitar
|-boost|p2a: Tyranitar|atk|1
|-boost|p2a: Tyranitar|spe|1
|move|p1b: Archaludon|Electro Shot|p2a: Tyranitar|[from] lockedmove
|-damage|p2a: Tyranitar|45/100
|
|-weather|Sandstorm|[upkeep]
|-damage|p2b: Sneasler|14/100|[from] Sandstorm
|-damage|p1a: Incineroar|88/100|[from] Sandstorm
|-heal|p1b: Archaludon|14/100|[from] item: Leftovers
|upkeep
|turn|10
|inactive|ivt1234 has 30 seconds left.
|
|t:|1783702330
|switch|p1b: Politoed|Politoed, L50, M|62/100 par
|-weather|RainDance|[from] ability: Drizzle|[of] p1b: Politoed
|move|p1a: Incineroar|Fake Out|p2b: Sneasler
|-damage|p2b: Sneasler|0 fnt
|faint|p2b: Sneasler
|move|p2a: Tyranitar|Knock Off|p1b: Politoed
|-damage|p1b: Politoed|32/100 par
|
|-weather|RainDance|[upkeep]
|upkeep
|
|t:|1783702339
|switch|p2b: Tsareena|Tsareena, L50, F|57/100
|turn|11
|
|t:|1783702362
|move|p2b: Tsareena|Low Kick|p1a: Incineroar
|-supereffective|p1a: Incineroar|1
|-enditem|p1a: Incineroar|Chople Berry|[eat]
|-enditem|p1a: Incineroar|Chople Berry|[weaken]
|-damage|p1a: Incineroar|66/100
|move|p2a: Tyranitar|Rock Slide|p1b: Politoed|[spread] p1a
|-miss|p2a: Tyranitar|p1b: Politoed
|-supereffective|p1a: Incineroar|1
|-damage|p1a: Incineroar|20/100y
|move|p1a: Incineroar|Parting Shot|p2a: Tyranitar
|-unboost|p2a: Tyranitar|atk|1
|-unboost|p2a: Tyranitar|spa|1
|
|t:|1783702378
|switch|p1a: Banette|Banette-Mega, L50, F|94/100|[from] Parting Shot
|move|p1b: Politoed|Weather Ball|p2a: Tyranitar
|-supereffective|p2a: Tyranitar|1
|-damage|p2a: Tyranitar|0 fnt
|faint|p2a: Tyranitar
|
|-weather|RainDance|[upkeep]
|upkeep
|
|t:|1783702384
|switch|p2a: Sableye|Sableye, L50, M|85/100
|turn|12
|-message|monkeychese forfeited.
|
|win|ivt1234
|l|☆monkeychese
|player|p2|
||monkeychese is ready for game 3.
|inactive|ivt1234 has 30 seconds to confirm battle start!
