|j|☆viaggioingiappone
|j|☆Mandy's cendy
|html|viaggioingiapponeMandy's cendy    
|uhtml|bestof|Game 2 of a best-of-3
|t:|1756151032
|gametype|doubles
|player|p1|viaggioingiappone|crasherwake|
|player|p2|Mandy's cendy|iris-gen5bw2|
|gen|9
|tier|[Gen 9] VGC 2025 Reg H (Bo3)
|rule|Species Clause: Limit one of each Pokémon
|rule|Item Clause: Limit 1 of each item
|clearpoke
|poke|p1|Dragonite, L50, M|
|poke|p1|Gholdengo, L50|
|poke|p1|Ursaluna-Bloodmoon, L50, M|
|poke|p1|Whimsicott, L50, F|
|poke|p1|Archaludon, L50, M|
|poke|p1|Incineroar, L50, F|
|poke|p2|Ursaluna, L50, F|
|poke|p2|Sinistcha-Masterpiece, L50|
|poke|p2|Archaludon, L50, F|
|poke|p2|Pelipper, L50, F|
|poke|p2|Dragonite, L50, M|
|poke|p2|Gholdengo, L50|
|teampreview|4
|showteam|p1|Dragonite||LoadedDice|Multiscale|ScaleShot,ExtremeSpeed,Haze,Protect|||M|||50|,,,,,Fairy]Gholdengo||ChoiceSpecs|GoodasGold|MakeItRain,ShadowBall,Trick,PowerGem||||||50|,,,,,Steel]Ursaluna-Bloodmoon||AssaultVest|MindsEye|BloodMoon,EarthPower,HyperVoice,VacuumWave|||M|||50|,,,,,Water]Whimsicott||CovertCloak|Prankster|Tailwind,Moonblast,FakeTears,Encore|||F|||50|,,,,,Fire]Archaludon||PowerHerb|Sturdy|ElectroShot,FlashCannon,DracoMeteor,Protect|||M|||50|,,,,,Stellar]Incineroar||MirrorHerb|Intimidate|FakeOut,PartingShot,KnockOff,FlareBlitz|||F|||50|,,,,,Grass
|showteam|p2|Ursaluna||FlameOrb|Guts|Facade,Earthquake,HeadlongRush,Protect|||F|||50|,,,,,Ghost]Sinistcha-Masterpiece||SitrusBerry|Hospitality|MatchaGotcha,TrickRoom,LifeDew,RagePowder||||||50|,,,,,Water]Archaludon||AssaultVest|Stamina|BodyPress,FlashCannon,ElectroShot,Snarl|||F|||50|,,,,,Grass]Pelipper||FocusSash|Drizzle|Tailwind,WeatherBall,Hurricane,Protect|||F|||50|,,,,,Stellar]Dragonite||LoadedDice|Multiscale|ScaleShot,Haze,Protect,ExtremeSpeed|||M|||50|,,,,,Fairy]Gholdengo||ChoiceScarf|GoodasGold|MakeItRain,ShadowBall,Trick,Thunderbolt||||||50|,,,,,Flying
|inactive|Battle timer is ON: inactive players will automatically lose when time's up. (requested by Mandy's cendy)
|inactive|viaggioingiappone has 60 seconds left.
|inactive|Mandy's cendy has 60 seconds left.
|
|t:|1756151091
|teamsize|p1|4
|teamsize|p2|4
|start
|switch|p1a: Tornadus??!|Whimsicott, L50, F|100/100
|switch|p1b: Rafa Leao|Gholdengo, L50|100/100
|switch|p2a: Pelipper|Pelipper, L50, F|100/100
|switch|p2b: Archaludon|Archaludon, L50, F, shiny|100/100
|-weather|RainDance|[from] ability: Drizzle|[of] p2a: Pelipper
|turn|1
|inactive|Mandy's cendy has 30 seconds left.
|inactive|Mandy's cendy has 20 seconds left.
|
|t:|1756151129
|move|p1a: Tornadus??!|Tailwind|p1a: Tornadus??!
|-sidestart|p1: viaggioingiappone|move: Tailwind
|move|p1b: Rafa Leao|Make It Rain|p2a: Pelipper|[spread] p2a,p2b
|-resisted|p2a: Pelipper
|-resisted|p2b: Archaludon
|-damage|p2a: Pelipper|37/100
|-damage|p2b: Archaludon|66/100
|-unboost|p1b: Rafa Leao|spa|1
|-ability|p2b: Archaludon|Stamina|boost
|-boost|p2b: Archaludon|def|1
|move|p2b: Archaludon|Snarl|p1b: Rafa Leao|[spread] p1a,p1b
|-resisted|p1a: Tornadus??!
|-supereffective|p1b: Rafa Leao
|-damage|p1a: Tornadus??!|94/100
|-damage|p1b: Rafa Leao|72/100
|-unboost|p1b: Rafa Leao|spa|1
|move|p2a: Pelipper|Tailwind|p2a: Pelipper
|-sidestart|p2: Mandy's cendy|move: Tailwind
|
|-weather|RainDance|[upkeep]
|upkeep
|turn|2
|inactive|viaggioingiappone has 30 seconds left.
|inactive|Mandy's cendy has 30 seconds left.
|inactive|Mandy's cendy has 20 seconds left.
|inactive|Mandy's cendy has 15 seconds left.
|inactive|Mandy's cendy has 10 seconds left.
|
|t:|1756151177
|move|p1a: Tornadus??!|Fake Tears|p2b: Archaludon
|-unboost|p2b: Archaludon|spd|2
|move|p2b: Archaludon|Electro Shot||[still]
|-prepare|p2b: Archaludon|Electro Shot
|-boost|p2b: Archaludon|spa|1
|-anim|p2b: Archaludon|Electro Shot|p1b: Rafa Leao
|-crit|p1b: Rafa Leao
|-damage|p1b: Rafa Leao|0 fnt
|faint|p1b: Rafa Leao
|move|p2a: Pelipper|Hurricane|p1a: Tornadus??!
|-supereffective|p1a: Tornadus??!
|-damage|p1a: Tornadus??!|0 fnt
|faint|p1a: Tornadus??!
|
|-weather|RainDance|[upkeep]
|upkeep
|
|t:|1756151191
|switch|p1a: Silver Gate|Archaludon, L50, M|100/100
|switch|p1b: Porno|Dragonite, L50, M, shiny|100/100
|turn|3
|inactive|Mandy's cendy has 30 seconds left.
|inactive|Mandy's cendy has 20 seconds left.
|inactive|Mandy's cendy has 15 seconds left.
|inactive|Mandy's cendy has 10 seconds left.
|inactive|Mandy's cendy has 5 seconds left.
|
|t:|1756151245
|-terastallize|p1a: Silver Gate|Stellar
|move|p2b: Archaludon|Flash Cannon|p1b: Porno
|-damage|p1b: Porno|70/100
|move|p1a: Silver Gate|Electro Shot||[still]
|-prepare|p1a: Silver Gate|Electro Shot
|-boost|p1a: Silver Gate|spa|1
|-anim|p1a: Silver Gate|Electro Shot|p2b: Archaludon
|-resisted|p2b: Archaludon
|-damage|p2b: Archaludon|0 fnt
|faint|p2b: Archaludon
|move|p1b: Porno|Scale Shot|p2a: Pelipper
|-crit|p2a: Pelipper
|-damage|p2a: Pelipper|5/100
|-damage|p2a: Pelipper|0 fnt
|faint|p2a: Pelipper
|-hitcount|p2: Pelipper|2
|-unboost|p1b: Porno|def|1
|-boost|p1b: Porno|spe|1
|
|-weather|RainDance|[upkeep]
|upkeep
|
|t:|1756151253
|switch|p2b: Gholdengo|Gholdengo, L50|100/100
|switch|p2a: Dragonite|Dragonite, L50, M|100/100
|turn|4
|inactive|viaggioingiappone has 30 seconds left.
|inactive|Mandy's cendy has 30 seconds left.
|inactive|Mandy's cendy has 20 seconds left.
|inactive|Mandy's cendy has 15 seconds left.
|
|t:|1756151296
|-terastallize|p2a: Dragonite|Fairy
|move|p1b: Porno|Protect|p1b: Porno
|-singleturn|p1b: Porno|Protect
|move|p2b: Gholdengo|Make It Rain|p1a: Silver Gate|[spread] p1a
|-activate|p1b: Porno|move: Protect
|-resisted|p1a: Silver Gate
|-damage|p1a: Silver Gate|64/100
|-unboost|p2b: Gholdengo|spa|1
|move|p1a: Silver Gate|Electro Shot||[still]
|-prepare|p1a: Silver Gate|Electro Shot
|-boost|p1a: Silver Gate|spa|1
|-anim|p1a: Silver Gate|Electro Shot|p2b: Gholdengo
|-damage|p2b: Gholdengo|0 fnt
|faint|p2b: Gholdengo
|move|p2a: Dragonite|Scale Shot|p1a: Silver Gate
|-damage|p1a: Silver Gate|52/100
|-damage|p1a: Silver Gate|39/100
|-damage|p1a: Silver Gate|28/100
|-crit|p1a: Silver Gate
|-damage|p1a: Silver Gate|7/100
|-damage|p1a: Silver Gate|0 fnt
|faint|p1a: Silver Gate
|-hitcount|p1: Silver Gate|5
|-unboost|p2a: Dragonite|def|1
|-boost|p2a: Dragonite|spe|1
|
|-weather|RainDance|[upkeep]
|-sideend|p1: viaggioingiappone|move: Tailwind
|-sideend|p2: Mandy's cendy|move: Tailwind
|upkeep
|turn|5
|inactive|viaggioingiappone has 30 seconds left.
|
|t:|1756151326
|move|p1b: Porno|Extreme Speed|p2a: Dragonite
|-damage|p2a: Dragonite|73/100
|move|p2a: Dragonite|Scale Shot|p1b: Porno
|-supereffective|p1b: Porno
|-damage|p1b: Porno|15/100
|-supereffective|p1b: Porno
|-damage|p1b: Porno|0 fnt
|faint|p1b: Porno
|-hitcount|p1: Porno|2
|
|win|Mandy's cendy
|c|☆viaggioingiappone|davvero sfigato sta partita
||Mandy's cendy is ready for game 3.
|inactive|viaggioingiappone has 30 seconds to confirm battle start!
||viaggioingiappone is ready for game 3.
|uhtml|next|Next: Game 3 of 3
