|j|☆liludragonbossetti
|j|☆Ronansting
|html|liludragonbossettiRonansting    
|uhtml|bestof|Game 3 of a best-of-3
|t:|1755418174
|gametype|doubles
|player|p1|liludragonbossetti|interviewers|1310
|player|p2|Ronansting|baker|1414
|gen|9
|tier|[Gen 9] VGC 2025 Reg H (Bo3)
|rated|
|rule|Species Clause: Limit one of each Pokémon
|rule|Item Clause: Limit 1 of each item
|clearpoke
|poke|p1|Gholdengo, L50|
|poke|p1|Sneasler, L50, M|
|poke|p1|Rillaboom, L50, M|
|poke|p1|Dragonite, L50, M|
|poke|p1|Ninetales-Alola, L50, F|
|poke|p1|Arcanine-Hisui, L50, M|
|poke|p2|Archaludon, L50, F|
|poke|p2|Pelipper, L50, M|
|poke|p2|Indeedee, L50, M|
|poke|p2|Amoonguss, L50, F|
|poke|p2|Basculegion, L50, M|
|poke|p2|Hydreigon, L50, M|
|teampreview|4
|showteam|p1|Gholdengo||GrassySeed|GoodasGold|NastyPlot,MakeItRain,ShadowBall,Protect||||||50|,,,,,Water]Sneasler||WhiteHerb|Unburden|CloseCombat,DireClaw,Coaching,Protect|||M|||50|,,,,,Ghost]Rillaboom||AssaultVest|GrassySurge|FakeOut,GrassyGlide,DrumBeating,HighHorsepower|||M|||50|,,,,,Fire]Dragonite||LoadedDice|Multiscale|ScaleShot,Haze,StompingTantrum,Protect|||M|||50|,,,,,Ground]Ninetales-Alola||FocusSash|SnowWarning|Blizzard,IcyWind,Encore,AuroraVeil|||F|||50|,,,,,Ghost]Arcanine-Hisui||ClearAmulet|Intimidate|RockSlide,FlareBlitz,ExtremeSpeed,Protect|||M|||50|,,,,,Water
|showteam|p2|Archaludon||AssaultVest|Stamina|ElectroShot,DracoMeteor,BodyPress,FlashCannon|||F|||50|,,,,,Grass]Pelipper||FocusSash|Drizzle|WeatherBall,Hurricane,Tailwind,Protect|||M|||50|,,,,,Ghost]Indeedee||ChoiceScarf|PsychicSurge|ExpandingForce,TeraBlast,Trick,DazzlingGleam|||M|||50|,,,,,Ground]Amoonguss||SitrusBerry|Regenerator|Spore,SludgeBomb,Protect,RagePowder|||F|||50|,,,,,Water]Basculegion||ChoiceBand|SwiftSwim|FlipTurn,WaveCrash,LastRespects,AquaJet|||M|||50|,,,,,Poison]Hydreigon||CovertCloak|Levitate|Taunt,Snarl,DracoMeteor,EarthPower|||M|||50|,,,,,Fairy
|
|t:|1755418216
|teamsize|p1|4
|teamsize|p2|4
|start
|switch|p1a: Rillaboom|Rillaboom, L50, M|100/100
|switch|p1b: Sneasler|Sneasler, L50, M|100/100
|switch|p2a: Empire|Basculegion, L50, M|100/100
|switch|p2b: Schmooner|Amoonguss, L50, F|100/100
|-fieldstart|move: Grassy Terrain|[from] ability: Grassy Surge|[of] p1a: Rillaboom
|turn|1
|j| rodjilius
|
|t:|1755418256
|switch|p2a: Arching|Archaludon, L50, F|100/100
|move|p1b: Sneasler|Protect|p1b: Sneasler
|-singleturn|p1b: Sneasler|Protect
|move|p1a: Rillaboom|Grassy Glide|p2a: Arching
|-resisted|p2a: Arching
|-crit|p2a: Arching
|-damage|p2a: Arching|92/100
|-ability|p2a: Arching|Stamina|boost
|-boost|p2a: Arching|def|1
|move|p2b: Schmooner|Spore|p1b: Sneasler
|-activate|p1b: Sneasler|move: Protect
|
|-heal|p2a: Arching|98/100|[from] Grassy Terrain
|upkeep
|turn|2
|
|t:|1755418274
|move|p2b: Schmooner|Rage Powder|p2b: Schmooner
|-singleturn|p2b: Schmooner|move: Rage Powder
|move|p1b: Sneasler|Dire Claw|p2b: Schmooner
|-damage|p2b: Schmooner|64/100
|move|p1a: Rillaboom|High Horsepower|p2a: Arching
|-supereffective|p2a: Arching
|-damage|p2a: Arching|70/100
|-ability|p2a: Arching|Stamina|boost
|-boost|p2a: Arching|def|1
|move|p2a: Arching|Flash Cannon|p1b: Sneasler
|-crit|p1b: Sneasler
|-damage|p1b: Sneasler|37/100
|
|-heal|p1b: Sneasler|43/100|[from] Grassy Terrain
|-heal|p2a: Arching|76/100|[from] Grassy Terrain
|-heal|p2b: Schmooner|70/100|[from] Grassy Terrain
|upkeep
|turn|3
|
|t:|1755418293
|switch|p1b: Gholdengo|Gholdengo, L50|100/100
|-enditem|p1b: Gholdengo|Grassy Seed
|-boost|p1b: Gholdengo|def|1|[from] item: Grassy Seed
|move|p1a: Rillaboom|High Horsepower|p2a: Arching
|-supereffective|p2a: Arching
|-damage|p2a: Arching|52/100
|-ability|p2a: Arching|Stamina|boost
|-boost|p2a: Arching|def|1
|move|p2a: Arching|Body Press|p1a: Rillaboom
|-damage|p1a: Rillaboom|41/100
|move|p2b: Schmooner|Spore|p1b: Gholdengo
|-immune|p1b: Gholdengo|[from] ability: Good as Gold
|
|-heal|p1a: Rillaboom|47/100|[from] Grassy Terrain
|-heal|p2a: Arching|58/100|[from] Grassy Terrain
|-heal|p2b: Schmooner|76/100|[from] Grassy Terrain
|upkeep
|turn|4
|j| Slug Tries VGC
|l| Slug Tries VGC
|
|t:|1755418341
|switch|p1a: Ninetales|Ninetales-Alola, L50, F|100/100
|-weather|Snowscape|[from] ability: Snow Warning|[of] p1a: Ninetales
|switch|p2b: Smellypper|Pelipper, L50, M|100/100
|-weather|RainDance|[from] ability: Drizzle|[of] p2b: Smellypper
|move|p1b: Gholdengo|Nasty Plot|p1b: Gholdengo
|-boost|p1b: Gholdengo|spa|2
|move|p2a: Arching|Electro Shot||[still]
|-prepare|p2a: Arching|Electro Shot
|-boost|p2a: Arching|spa|1
|-anim|p2a: Arching|Electro Shot|p1b: Gholdengo
|-damage|p1b: Gholdengo|43/100
|
|-weather|RainDance|[upkeep]
|-heal|p1b: Gholdengo|49/100|[from] Grassy Terrain
|-heal|p2a: Arching|65/100|[from] Grassy Terrain
|upkeep
|turn|5
|
|t:|1755418370
|-terastallize|p1b: Gholdengo|Water
|move|p1a: Ninetales|Icy Wind|p2a: Arching|[spread] p2a,p2b
|-damage|p2a: Arching|54/100
|-damage|p2b: Smellypper|74/100
|-unboost|p2a: Arching|spe|1
|-unboost|p2b: Smellypper|spe|1
|-ability|p2a: Arching|Stamina|boost
|-boost|p2a: Arching|def|1
|move|p1b: Gholdengo|Shadow Ball|p2a: Arching
|-damage|p2a: Arching|2/100
|-ability|p2a: Arching|Stamina|boost
|-boost|p2a: Arching|def|1
|move|p2b: Smellypper|Tailwind|p2b: Smellypper
|-sidestart|p2: Ronansting|move: Tailwind
|move|p2a: Arching|Electro Shot||[still]
|-prepare|p2a: Arching|Electro Shot
|-boost|p2a: Arching|spa|1
|-anim|p2a: Arching|Electro Shot|p1b: Gholdengo
|-supereffective|p1b: Gholdengo
|-damage|p1b: Gholdengo|0 fnt
|faint|p1b: Gholdengo
|
|-weather|RainDance|[upkeep]
|-heal|p2a: Arching|8/100|[from] Grassy Terrain
|-fieldend|move: Grassy Terrain
|upkeep
|
|t:|1755418384
|switch|p1b: Rillaboom|Rillaboom, L50, M|47/100
|-fieldstart|move: Grassy Terrain|[from] ability: Grassy Surge|[of] p1b: Rillaboom
|turn|6
|
|t:|1755418398
|move|p1b: Rillaboom|Fake Out|p2a: Arching
|-resisted|p2a: Arching
|-damage|p2a: Arching|7/100
|-ability|p2a: Arching|Stamina|boost
|-boost|p2a: Arching|def|1
|move|p1a: Ninetales|Icy Wind|p2b: Smellypper|[spread] p2a,p2b
|-damage|p2a: Arching|0 fnt
|-damage|p2b: Smellypper|45/100
|-unboost|p2b: Smellypper|spe|1
|faint|p2a: Arching
|move|p2b: Smellypper|Weather Ball|p1a: Ninetales
|-damage|p1a: Ninetales|10/100
|
|-weather|RainDance|[upkeep]
|-heal|p1a: Ninetales|16/100|[from] Grassy Terrain
|-heal|p1b: Rillaboom|53/100|[from] Grassy Terrain
|upkeep
|
|t:|1755418411
|switch|p2a: Empire|Basculegion, L50, M|100/100
|turn|7
|
|t:|1755418441
|switch|p1a: Sneasler|Sneasler, L50, M|43/100
|-terastallize|p2a: Empire|Poison
|move|p2a: Empire|Last Respects|p1b: Rillaboom
|-damage|p1b: Rillaboom|0 fnt
|faint|p1b: Rillaboom
|move|p2b: Smellypper|Hurricane|p1a: Sneasler
|-supereffective|p1a: Sneasler
|-damage|p1a: Sneasler|0 fnt
|faint|p1a: Sneasler
|
|-weather|RainDance|[upkeep]
|upkeep
|
|t:|1755418448
|switch|p1b: Ninetales|Ninetales-Alola, L50, F|16/100
|-weather|Snowscape|[from] ability: Snow Warning|[of] p1b: Ninetales
|turn|8
|c|☆Ronansting|gg
|c|☆liludragonbossetti|gg
|
|t:|1755418459
|switch|p2b: Schmooner|Amoonguss, L50, F|100/100
|move|p2a: Empire|Last Respects|p1b: Ninetales
|-damage|p1b: Ninetales|0 fnt
|faint|p1b: Ninetales
|
|win|Ronansting
|raw|liludragonbossetti's rating: 1310 → 1296(-14 for losing)
|raw|Ronansting's rating: 1414 → 1428(+14 for winning)
|l| rodjilius
|l|☆liludragonbossetti
|player|p1|
