|j|☆colemarcusvgc
|j|☆Pier (Champion)
|html|colemarcusvgcPier (Champion)    
|uhtml|bestof|Game 2 of a best-of-3
|t:|1757795051
|gametype|doubles
|player|p1|colemarcusvgc|n|1089
|player|p2|Pier (Champion)|cynthia-gen4|1106
|gen|9
|tier|[Gen 9] VGC 2025 Reg H (Bo3)
|rated|
|rule|Species Clause: Limit one of each Pokémon
|rule|Item Clause: Limit 1 of each item
|clearpoke
|poke|p1|Indeedee-F, L50, F|
|poke|p1|Hatterene, L50, F|
|poke|p1|Gallade, L50, M|
|poke|p1|Ursaluna, L50, M|
|poke|p1|Torkoal, L50, F|
|poke|p1|Zoroark-Hisui, L50, F|
|poke|p2|Annihilape, L50, F|
|poke|p2|Sinistcha, L50|
|poke|p2|Maushold-Four, L50|
|poke|p2|Klefki, L50, M|
|poke|p2|Ursaluna-Bloodmoon, L50, M|
|poke|p2|Ninetales-Alola, L50, F|
|teampreview|4
|showteam|p1|Indeedee-F||PsychicSeed|PsychicSurge|TrickRoom,FollowMe,HelpingHand,DazzlingGleam|||F|||50|,,,,,Fire]Hatterene||TwistedSpoon|MagicBounce|ExpandingForce,TrickRoom,DazzlingGleam,Protect|||F|||50|,,,,,Water]Gallade||ClearAmulet|Sharpness|SacredSword,PsychoCut,TrickRoom,WideGuard|||M|||50|,,,,,Grass]Ursaluna||FlameOrb|Guts|HeadlongRush,Facade,Earthquake,Protect|||M|||50|,,,,,Ghost]Torkoal||ChoiceSpecs|Drought|Eruption,HeatWave,WeatherBall,EarthPower|||F|||50|,,,,,Fire]Zoroark-Hisui||FocusSash|Illusion|HyperVoice,BitterMalice,Snarl,Taunt|||F|||50|,,,,,Stellar
|showteam|p2|Annihilape||Leftovers|Defiant|Protect,BulkUp,DrainPunch,RageFist|||F|||50|,,,,,Fire]Sinistcha||SitrusBerry|Hospitality|MatchaGotcha,TrickRoom,LifeDew,RagePowder||||||50|,,,,,Water]Maushold-Four||SafetyGoggles|FriendGuard|FollowMe,Taunt,BeatUp,Protect||||||50|,,,,,Ghost]Klefki||LightClay|Prankster|Reflect,LightScreen,MistyTerrain,DazzlingGleam|||M|||50|,,,,,Ghost]Ursaluna-Bloodmoon||AssaultVest|MindsEye|BloodMoon,HyperVoice,EarthPower,VacuumWave|||M|||50|,,,,,Water]Ninetales-Alola||FocusSash|SnowWarning|Protect,Encore,FreezeDry,Blizzard|||F|||50|,,,,,Ghost
|inactive|Battle timer is ON: inactive players will automatically lose when time's up. (requested by Pier (Champion))
|inactive|colemarcusvgc also wants the timer to be on.
|inactive|colemarcusvgc has 60 seconds left.
|
|t:|1757795084
|teamsize|p1|4
|teamsize|p2|4
|start
|switch|p1a: Ursaluna|Ursaluna, L50, M|100/100
|switch|p1b: Gallade|Gallade, L50, M|100/100
|switch|p2a: Annihilape|Annihilape, L50, F|100/100
|switch|p2b: Klefki|Klefki, L50, M|100/100
|turn|1
|inactive|colemarcusvgc has 30 seconds left.
|inactive|colemarcusvgc has 20 seconds left.
|
|t:|1757795120
|move|p2b: Klefki|Reflect|p2b: Klefki
|-sidestart|p2: Pier (Champion)|Reflect
|move|p1a: Ursaluna|Taunt|p2b: Klefki
|-start|p2b: Klefki|move: Taunt
|move|p2a: Annihilape|Bulk Up|p2a: Annihilape
|-boost|p2a: Annihilape|atk|1
|-boost|p2a: Annihilape|def|1
|move|p1b: Gallade|Psycho Cut|p2a: Annihilape
|-supereffective|p2a: Annihilape
|-damage|p2a: Annihilape|50/100
|
|-heal|p2a: Annihilape|56/100|[from] item: Leftovers
|upkeep
|turn|2
|inactive|colemarcusvgc has 30 seconds left.
|
|t:|1757795152
|switch|p2b: Maushold|Maushold-Four, L50|100/100
|-terastallize|p1a: Ursaluna|Stellar
|move|p1a: Ursaluna|Bitter Malice|p2a: Annihilape
|-supereffective|p2a: Annihilape
|-damage|p2a: Annihilape|0 fnt
|faint|p2a: Annihilape
|move|p1b: Gallade|Sacred Sword|p2b: Maushold
|-supereffective|p2b: Maushold
|-damage|p2b: Maushold|0 fnt
|faint|p2b: Maushold
|
|upkeep
|
|t:|1757795166
|switch|p2b: Klefki|Klefki, L50, M|100/100
|switch|p2a: Ursaluna|Ursaluna-Bloodmoon, L50, M|100/100
|turn|3
|inactive|colemarcusvgc has 30 seconds left.
|
|t:|1757795194
|-terastallize|p2a: Ursaluna|Water
|move|p2b: Klefki|Light Screen|p2b: Klefki
|-sidestart|p2: Pier (Champion)|move: Light Screen
|move|p1a: Ursaluna|Taunt|p2b: Klefki
|-start|p2b: Klefki|move: Taunt
|move|p1b: Gallade|Sacred Sword|p2a: Ursaluna
|-damage|p2a: Ursaluna|67/100
|move|p2a: Ursaluna|Hyper Voice|p1a: Ursaluna|[spread] p1a,p1b
|-damage|p1a: Ursaluna|26/100
|-damage|p1b: Gallade|67/100
|replace|p1a: Zoroark|Zoroark-Hisui, L50, F
|-end|p1a: Zoroark|Illusion
|
|upkeep
|turn|4
|inactive|colemarcusvgc has 30 seconds left.
|
|t:|1757795219
|move|p1b: Gallade|Wide Guard|p1b: Gallade
|-singleturn|p1b: Gallade|Wide Guard
|move|p2a: Ursaluna|Vacuum Wave|p1a: Zoroark
|-supereffective|p1a: Zoroark
|-damage|p1a: Zoroark|0 fnt
|faint|p1a: Zoroark
|move|p2b: Klefki|Dazzling Gleam|p1b: Gallade
|-activate|p1b: Gallade|move: Wide Guard
|
|upkeep
|
|t:|1757795226
|switch|p1a: Indeedee|Indeedee-F, L50, F|100/100
|-fieldstart|move: Psychic Terrain|[from] ability: Psychic Surge|[of] p1a: Indeedee
|-enditem|p1a: Indeedee|Psychic Seed
|-boost|p1a: Indeedee|spd|1|[from] item: Psychic Seed
|turn|5
|
|t:|1757795238
|move|p1a: Indeedee|Follow Me|p1a: Indeedee
|-singleturn|p1a: Indeedee|move: Follow Me
|move|p2b: Klefki|Dazzling Gleam|p1b: Gallade|[spread] p1a,p1b
|-supereffective|p1b: Gallade
|-damage|p1a: Indeedee|89/100
|-damage|p1b: Gallade|35/100
|move|p2a: Ursaluna|Hyper Voice|p1a: Indeedee|[spread] p1a,p1b
|-crit|p1b: Gallade
|-damage|p1a: Indeedee|63/100
|-damage|p1b: Gallade|0 fnt
|faint|p1b: Gallade
|
|upkeep
|
|t:|1757795247
|switch|p1b: Ursaluna|Ursaluna, L50, M|100/100
|turn|6
|inactive|Pier (Champion) has 30 seconds left.
|
|t:|1757795279
|move|p1a: Indeedee|Helping Hand|p1b: Ursaluna
|-singleturn|p1b: Ursaluna|Helping Hand|[of] p1a: Indeedee
|move|p2b: Klefki|Dazzling Gleam|p1a: Indeedee|[spread] p1a,p1b
|-damage|p1a: Indeedee|51/100
|-damage|p1b: Ursaluna|85/100
|move|p2a: Ursaluna|Hyper Voice|p1b: Ursaluna|[spread] p1a,p1b
|-damage|p1a: Indeedee|28/100
|-damage|p1b: Ursaluna|50/100
|move|p1b: Ursaluna|Earthquake|p2b: Klefki|[spread] p1a,p2a,p2b
|-supereffective|p2b: Klefki
|-damage|p1a: Indeedee|0 fnt
|-damage|p2a: Ursaluna|34/100
|-damage|p2b: Klefki|0 fnt
|faint|p1a: Indeedee
|faint|p2b: Klefki
|
|-status|p1b: Ursaluna|brn|[from] item: Flame Orb
|upkeep
|turn|7
|
|t:|1757795304
|move|p2a: Ursaluna|Blood Moon|p1b: Ursaluna
|-damage|p1b: Ursaluna|0 fnt
|faint|p1b: Ursaluna
|
|win|Pier (Champion)
|raw|colemarcusvgc's rating: 1089 → 1067(-22 for losing)
|raw|Pier (Champion)'s rating: 1106 → 1130(+24 for winning)
|c|☆Pier (Champion)|gg
