|j|☆boncuss
|j|☆djgrooves213
|html|boncussdjgrooves213    
|uhtml|bestof|Game 3 of a best-of-3
|t:|1757758200
|gametype|doubles
|player|p1|boncuss|wattson|1261
|player|p2|djgrooves213|zinnia|1169
|gen|9
|tier|[Gen 9] VGC 2025 Reg H (Bo3)
|rated|
|rule|Species Clause: Limit one of each Pokémon
|rule|Item Clause: Limit 1 of each item
|clearpoke
|poke|p1|Braviary-Hisui, L50, M|
|poke|p1|Pelipper, L50, F|
|poke|p1|Archaludon, L50, F|
|poke|p1|Basculegion, L50, M|
|poke|p1|Sableye, L50, M|
|poke|p1|Pincurchin, L50, M|
|poke|p2|Golduck, L50, M|
|poke|p2|Dondozo, L50, M|
|poke|p2|Tatsugiri, L50, M|
|poke|p2|Basculegion, L50, M|
|poke|p2|Pelipper, L50, M|
|poke|p2|Kilowattrel, L50, M|
|teampreview|4
|showteam|p1|Braviary-Hisui||LifeOrb|SheerForce|Hurricane,Psychic,TeraBlast,Protect|||M|||50|,,,,,Stellar]Pelipper||FocusSash|Drizzle|WeatherBall,Hurricane,Tailwind,Protect|||F|||50|,,,,,Stellar]Archaludon||AssaultVest|Stamina|ElectroShot,FlashCannon,DragonPulse,BodyPress|||F|||50|,,,,,Bug]Basculegion||ChoiceBand|SwiftSwim|WaveCrash,FlipTurn,LastRespects,PsychicFangs|||M|||50|,,,,,Water]Sableye||EjectButton|Prankster|FakeOut,RainDance,Quash,WillOWisp|||M|||50|,,,,,Normal]Pincurchin||SitrusBerry|ElectricSurge|Discharge,Thunderbolt,HydroPump,SuckerPunch|||M|||50|,,,,,Electric
|showteam|p2|Golduck||CovertCloak|SwiftSwim|SimpleBeam,IceBeam,Taunt,HydroPump|||M|||50|,,,,,Grass]Dondozo||ClearAmulet|Unaware|Substitute,OrderUp,Rest,Liquidation|||M|||50|,,,,,Dragon]Tatsugiri||FocusSash|Commander|DracoMeteor,IcyWind,MuddyWater,DragonPulse|||M|||50|,,,,,Water]Basculegion||LifeOrb|SwiftSwim|AquaJet,WaveCrash,LastRespects,Protect|||M|||50|,,,,,Ghost]Pelipper||SitrusBerry|Drizzle|WeatherBall,Hurricane,WideGuard,Protect|||M|||50|,,,,,Grass]Kilowattrel||SafetyGoggles|Competitive|WeatherBall,Thunder,Hurricane,Tailwind|||M|||50|,,,,,Ghost
|inactive|Battle timer is ON: inactive players will automatically lose when time's up. (requested by boncuss)
|
|t:|1757758217
|teamsize|p1|4
|teamsize|p2|4
|start
|switch|p1a: Pelipper|Pelipper, L50, F|100/100
|switch|p1b: Archaludon|Archaludon, L50, F|100/100
|switch|p2a: Duck|Golduck, L50, M, shiny|100/100
|switch|p2b: You know the rules|Dondozo, L50, M, shiny|100/100
|-weather|RainDance|[from] ability: Drizzle|[of] p1a: Pelipper
|turn|1
|inactive|boncuss has 30 seconds left.
|
|t:|1757758249
|-terastallize|p2b: You know the rules|Dragon
|move|p2a: Duck|Simple Beam|p2b: You know the rules
|-ability|p2b: You know the rules|Simple|Unaware|[from] move: Simple Beam
|move|p1a: Pelipper|Tailwind|p1a: Pelipper
|-sidestart|p1: boncuss|move: Tailwind
|move|p1b: Archaludon|Electro Shot||[still]
|-prepare|p1b: Archaludon|Electro Shot
|-boost|p1b: Archaludon|spa|1
|-anim|p1b: Archaludon|Electro Shot|p2b: You know the rules
|-resisted|p2b: You know the rules
|-damage|p2b: You know the rules|69/100
|move|p2b: You know the rules|Substitute|p2b: You know the rules
|-start|p2b: You know the rules|Substitute
|-damage|p2b: You know the rules|44/100
|
|-weather|RainDance|[upkeep]
|upkeep
|turn|2
|
|t:|1757758271
|switch|p2a: And so do I|Tatsugiri, L50, M, shiny|100/100
|-activate|p2a: And so do I|ability: Commander|[of] p2b: You know the rules
|-boost|p2b: You know the rules|atk|4
|-boost|p2b: You know the rules|spa|4
|-boost|p2b: You know the rules|spe|4
|-boost|p2b: You know the rules|def|4
|-boost|p2b: You know the rules|spd|4
|move|p1a: Pelipper|Hurricane|p2b: You know the rules
|-activate|p2b: You know the rules|move: Substitute|[damage]
|move|p1b: Archaludon|Dragon Pulse|p2b: You know the rules
|-supereffective|p2b: You know the rules
|-end|p2b: You know the rules|Substitute
|move|p2b: You know the rules|Order Up|p1b: Archaludon
|-damage|p1b: Archaludon|32/100
|-ability|p1b: Archaludon|Stamina|boost
|-boost|p1b: Archaludon|def|1
|-boost|p2b: You know the rules|atk|2
|
|-weather|RainDance|[upkeep]
|upkeep
|turn|3
|
|t:|1757758292
|-terastallize|p1a: Pelipper|Stellar
|move|p1a: Pelipper|Hurricane|p2b: You know the rules
|-damage|p2b: You know the rules|25/100
|-start|p2b: You know the rules|confusion
|move|p1b: Archaludon|Dragon Pulse|p2b: You know the rules
|-supereffective|p2b: You know the rules
|-damage|p2b: You know the rules|0 fnt
|faint|p2b: You know the rules
|
|-weather|RainDance|[upkeep]
|upkeep
|
|t:|1757758300
|switch|p2b: Now Say Goodbye|Basculegion, L50, M, shiny|100/100
|turn|4
|inactive|djgrooves213 has 30 seconds left.
|inactive|djgrooves213 has 20 seconds left.
|
|t:|1757758335
|move|p2b: Now Say Goodbye|Protect|p2b: Now Say Goodbye
|-singleturn|p2b: Now Say Goodbye|Protect
|move|p1a: Pelipper|Hurricane|p2b: Now Say Goodbye
|-activate|p2b: Now Say Goodbye|move: Protect
|move|p1b: Archaludon|Electro Shot||[still]
|-prepare|p1b: Archaludon|Electro Shot
|-boost|p1b: Archaludon|spa|1
|-anim|p1b: Archaludon|Electro Shot|p2a: And so do I
|-enditem|p2a: And so do I|Focus Sash
|-damage|p2a: And so do I|1/100
|move|p2a: And so do I|Dragon Pulse|p1a: Pelipper
|-damage|p1a: Pelipper|25/100
|
|-weather|RainDance|[upkeep]
|-sideend|p1: boncuss|move: Tailwind
|upkeep
|turn|5
|
|t:|1757758347
|move|p2b: Now Say Goodbye|Last Respects|p1a: Pelipper
|-damage|p1a: Pelipper|0 fnt
|faint|p1a: Pelipper
|-damage|p2b: Now Say Goodbye|91/100|[from] item: Life Orb
|move|p2a: And so do I|Draco Meteor|p1b: Archaludon
|-damage|p1b: Archaludon|0 fnt
|-unboost|p2a: And so do I|spa|2
|faint|p1b: Archaludon
|
|-weather|none
|upkeep
|
|t:|1757758352
|switch|p1a: Braviary|Braviary-Hisui, L50, M|100/100
|switch|p1b: Basculegion|Basculegion, L50, M|100/100
|turn|6
|
|t:|1757758367
|switch|p2a: Duck|Golduck, L50, M, shiny|100/100
|move|p1a: Braviary|Protect|p1a: Braviary
|-singleturn|p1a: Braviary|Protect
|move|p2b: Now Say Goodbye|Last Respects|p1b: Basculegion
|-supereffective|p1b: Basculegion
|-damage|p1b: Basculegion|0 fnt
|faint|p1b: Basculegion
|-damage|p2b: Now Say Goodbye|81/100|[from] item: Life Orb
|
|upkeep
|turn|7
|
|t:|1757758378
|move|p2b: Now Say Goodbye|Last Respects|p1a: Braviary
|-supereffective|p1a: Braviary
|-damage|p1a: Braviary|0 fnt
|faint|p1a: Braviary
|-damage|p2b: Now Say Goodbye|71/100|[from] item: Life Orb
|
|win|djgrooves213
|raw|boncuss's rating: 1261 → 1230(-31 for losing)
|raw|djgrooves213's rating: 1169 → 1200(+31 for winning)
|l|☆boncuss
|player|p1|
|l|☆djgrooves213
|player|p2|
