|j|â˜†memeberserk
|j|â˜†lillyrosethedemon
|html|memeberserklillyrosethedemon    
|uhtml|bestof|Game 2 of a best-of-3
|t:|1783733717
|gametype|doubles
|player|p1|memeberserk|lance|1201
|player|p2|lillyrosethedemon|madame|1226
|gen|9
|tier|[Gen 9 Champions] VGC 2026 Reg M-B (Bo3)
|rated|
|rule|Species Clause: Limit one of each PokÃ©mon
|rule|Item Clause: Limit 1 of each item
|clearpoke
|poke|p1|Grimmsnarl, L50, M|
|poke|p1|Toxapex, L50, F|
|poke|p1|Sinistcha, L50|
|poke|p1|Aerodactyl, L50, F|
|poke|p1|Charizard, L50, M|
|poke|p1|Farigiraf, L50, F|
|poke|p2|Garchomp, L50, M|
|poke|p2|Milotic, L50, M|
|poke|p2|Staraptor, L50, M|
|poke|p2|Gholdengo, L50|
|poke|p2|Sinistcha, L50|
|poke|p2|Rotom-Heat, L50|
|teampreview|4
|showteam|p1|Grimmsnarl||LightClay|Prankster|LightScreen,Reflect,PartingShot,SpiritBreak|Careful||M|||50|]Toxapex||Leftovers|Regenerator|Infestation,Toxic,BanefulBunker,WideGuard|Bold||F|||50|]Sinistcha||ColburBerry|Hospitality|MatchaGotcha,Protect,RagePowder,ShadowBall|Bold|||||50|]Aerodactyl||Aerodactylite|Pressure|IceFang,Tailwind,RockSlide,Protect|Jolly||F|||50|]Charizard||CharizarditeY|Blaze|HeatWave,Protect,WeatherBall,SolarBeam|Timid||M|||50|]Farigiraf||SitrusBerry|ArmorTail|Thunderbolt,TwinBeam,TrickRoom,Roar|Quiet||F|||50|
|showteam|p2|Garchomp||LifeOrb|RoughSkin|RockSlide,StompingTantrum,DragonClaw,Protect|Jolly||M|||50|]Milotic||Leftovers|Competitive|MuddyWater,Hypnosis,Coil,Protect|Calm||M|||50|]Staraptor||Staraptite|Intimidate|BraveBird,CloseCombat,Protect,Tailwind|Jolly||M|||50|]Gholdengo||SitrusBerry|GoodasGold|NastyPlot,ShadowBall,MakeItRain,Protect|Modest|||||50|]Sinistcha||KasibBerry|Hospitality|MatchaGotcha,TrickRoom,RagePowder,Protect|Relaxed|||||50|]Rotom-Heat||ChoiceScarf|Levitate|Electroweb,VoltSwitch,Overheat,Thunder|Timid|||||50|
|inactive|Battle timer is ON: inactive players will automatically lose when time's up. (requested by memeberserk)
|
|t:|1783733735
|teamsize|p1|4
|teamsize|p2|4
|start
|switch|p1a: Aerodactyl|Aerodactyl, L50, F|100/100
|switch|p1b: Charizard|Charizard, L50, M|100/100
|switch|p2a: Garchomp|Garchomp, L50, M|100/100
|switch|p2b: Rotom|Rotom-Heat, L50|100/100
|-ability|p1a: Aerodactyl|Pressure
|turn|1
|inactive|memeberserk has 30 seconds left.
|inactive|memeberserk has 20 seconds left.
|
|t:|1783733772
|detailschange|p1b: Charizard|Charizard-Mega-Y, L50, M
|-mega|p1b: Charizard|Charizard|Charizardite Y
|-weather|SunnyDay|[from] ability: Drought|[of] p1b: Charizard
|move|p2b: Rotom|Electroweb|p1b: Charizard|[spread] p1b
|-miss|p2b: Rotom|p1a: Aerodactyl
|-supereffective|p1b: Charizard|1
|-damage|p1b: Charizard|68/100
|-unboost|p1b: Charizard|spe|1
|move|p1a: Aerodactyl|Rock Slide|p2a: Garchomp|[spread] p2a,p2b
|-resisted|p2a: Garchomp|1
|-supereffective|p2b: Rotom|1
|-damage|p2a: Garchomp|88/100
|-damage|p2b: Rotom|27/100
|cant|p2a: Garchomp|flinch
|move|p1b: Charizard|Heat Wave|p2a: Garchomp|[spread] p2a,p2b
|-resisted|p2a: Garchomp|1
|-resisted|p2b: Rotom|1
|-damage|p2a: Garchomp|56/100
|-damage|p2b: Rotom|0 fnt
|-status|p2a: Garchomp|brn
|faint|p2b: Rotom
|
|-weather|SunnyDay|[upkeep]
|-damage|p2a: Garchomp|50/100g brn|[from] brn
|upkeep
|c|â˜†memeberserk|tsss
|inactive|lillyrosethedemon has 30 seconds left.
|c|â˜†lillyrosethedemon|bro this has been happing all day WTF
|
|t:|1783733805
|switch|p2b: Staraptor|Staraptor, L50, M|100/100
|-ability|p2b: Staraptor|Intimidate|boost
|-unboost|p1a: Aerodactyl|atk|1
|-unboost|p1b: Charizard|atk|1
|turn|2
|c|â˜†memeberserk|JAJAJA
|c|â˜†memeberserk|im sorry
|c|â˜†lillyrosethedemon|it fine i blame the game
|
|t:|1783733826
|detailschange|p2b: Staraptor|Staraptor-Mega, L50, M
|-mega|p2b: Staraptor|Staraptor|Staraptite
|move|p1a: Aerodactyl|Tailwind|p1a: Aerodactyl
|-sidestart|p1: memeberserk|move: Tailwind
|move|p1b: Charizard|Heat Wave|p2a: Garchomp|[spread] p2a,p2b
|-resisted|p2a: Garchomp|1
|-damage|p2a: Garchomp|18/100 brn
|-damage|p2b: Staraptor|28/100
|move|p2b: Staraptor|Tailwind|p2b: Staraptor
|-sidestart|p2: lillyrosethedemon|move: Tailwind
|move|p2a: Garchomp|Rock Slide|p1b: Charizard|[spread] p1a,p1b
|-supereffective|p1a: Aerodactyl|1
|-supereffective|p1b: Charizard|2
|-damage|p1a: Aerodactyl|57/100
|-damage|p1b: Charizard|2/100
|-damage|p2a: Garchomp|8/100 brn|[from] item: Life Orb
|
|-weather|SunnyDay|[upkeep]
|-damage|p2a: Garchomp|2/100 brn|[from] brn
|upkeep
|turn|3
|inactive|lillyrosethedemon has 30 seconds left.
|
|t:|1783733854
|switch|p1b: Toxapex|Toxapex, L50, F|100/100
|move|p2b: Staraptor|Protect|p2b: Staraptor
|-singleturn|p2b: Staraptor|Protect
|move|p1a: Aerodactyl|Rock Slide|p2b: Staraptor|[spread] p2a
|-activate|p2b: Staraptor|move: Protect
|-resisted|p2a: Garchomp|1
|-damage|p2a: Garchomp|0 fnt
|faint|p2a: Garchomp
|
|-weather|SunnyDay|[upkeep]
|upkeep
|
|t:|1783733864
|switch|p2a: Gholdengo|Gholdengo, L50|100/100
|turn|4
|
|t:|1783733871
|move|p1a: Aerodactyl|Protect|p1a: Aerodactyl
|-singleturn|p1a: Aerodactyl|Protect
|move|p2b: Staraptor|Close Combat|p1a: Aerodactyl
|-activate|p1a: Aerodactyl|move: Protect
|move|p2a: Gholdengo|Nasty Plot|p2a: Gholdengo
|-boost|p2a: Gholdengo|spa|2
|move|p1b: Toxapex|Toxic|p2b: Staraptor
|-status|p2b: Staraptor|tox
|
|-weather|SunnyDay|[upkeep]
|-damage|p2b: Staraptor|23/100 tox|[from] psn
|upkeep
|turn|5
|c|â˜†lillyrosethedemon|gg
|inactive|memeberserk has 30 seconds left.
|inactive|memeberserk has 20 seconds left.
|c|â˜†lillyrosethedemon|perfect turn one destroyed
|inactive|memeberserk has 15 seconds left.
|inactive|memeberserk has 10 seconds left.
|inactive|memeberserk has 5 seconds left.
|
|t:|1783733923
|switch|p1a: Grimmsnarl|Grimmsnarl, L50, M|100/100
|move|p1b: Toxapex|Baneful Bunker|p1b: Toxapex
|-singleturn|p1b: Toxapex|move: Protect
|move|p2b: Staraptor|Close Combat|p1a: Grimmsnarl
|-damage|p1a: Grimmsnarl|24/100
|-boost|p2b: Staraptor|def|1
|-boost|p2b: Staraptor|spd|1
|move|p2a: Gholdengo|Shadow Ball|p1b: Toxapex
|-activate|p1b: Toxapex|move: Protect
|
|-weather|none
|-damage|p2b: Staraptor|11/100 tox|[from] psn
|-sideend|p2: lillyrosethedemon|move: Tailwind
|-sideend|p1: memeberserk|move: Tailwind
|upkeep
|turn|6
|inactive|lillyrosethedemon has 30 seconds left.
|inactive|lillyrosethedemon has 20 seconds left.
|
|t:|1783733958
|move|p1a: Grimmsnarl|Light Screen|p1a: Grimmsnarl
|-sidestart|p1: memeberserk|move: Light Screen
|move|p2b: Staraptor|Tailwind|p2b: Staraptor
|-sidestart|p2: lillyrosethedemon|move: Tailwind
|move|p2a: Gholdengo|Shadow Ball|p1a: Grimmsnarl
|-resisted|p1a: Grimmsnarl|1
|-damage|p1a: Grimmsnarl|3/100
|move|p1b: Toxapex|Infestation|p2a: Gholdengo
|-resisted|p2a: Gholdengo|2
|-damage|p2a: Gholdengo|99/100
|-activate|p2a: Gholdengo|move: Infestation|[of] p1b: Toxapex
|
|-damage|p2b: Staraptor|0 fnt|[from] psn
|faint|p2b: Staraptor
|-damage|p2a: Gholdengo|87/100|[from] move: Infestation|[partiallytrapped]
|upkeep
|turn|7
|
|t:|1783733976
|move|p1b: Toxapex|Wide Guard|p1b: Toxapex
|-singleturn|p1b: Toxapex|Wide Guard
|move|p2a: Gholdengo|Shadow Ball|p1a: Grimmsnarl
|-resisted|p1a: Grimmsnarl|1
|-damage|p1a: Grimmsnarl|0 fnt
|faint|p1a: Grimmsnarl
|
|-damage|p2a: Gholdengo|74/100|[from] move: Infestation|[partiallytrapped]
|upkeep
|
|t:|1783733988
|switch|p1a: Aerodactyl|Aerodactyl, L50, F|57/100
|-ability|p1a: Aerodactyl|Pressure
|turn|8
|
|t:|1783733995
|move|p1a: Aerodactyl|Protect|p1a: Aerodactyl
|-singleturn|p1a: Aerodactyl|Protect
|move|p2a: Gholdengo|Shadow Ball|p1a: Aerodactyl
|-activate|p1a: Aerodactyl|move: Protect
|move|p1b: Toxapex|Infestation|p2a: Gholdengo
|-resisted|p2a: Gholdengo|2
|-damage|p2a: Gholdengo|74/100
|
|-damage|p2a: Gholdengo|61/100|[from] move: Infestation|[partiallytrapped]
|upkeep
|turn|9
|
|t:|1783734015
|move|p2a: Gholdengo|Shadow Ball|p1a: Aerodactyl
|-damage|p1a: Aerodactyl|0 fnt
|faint|p1a: Aerodactyl
|move|p1b: Toxapex|Infestation|p2a: Gholdengo
|-resisted|p2a: Gholdengo|2
|-damage|p2a: Gholdengo|61/100
|
|-damage|p2a: Gholdengo|48/100|[from] move: Infestation|[partiallytrapped]
|-sideend|p2: lillyrosethedemon|move: Tailwind
|upkeep
|-enditem|p2a: Gholdengo|Sitrus Berry|[eat]
|-heal|p2a: Gholdengo|73/100|[from] item: Sitrus Berry
|
|t:|1783734024
|switch|p1a: Charizard|Charizard-Mega-Y, L50, M|2/100
|-weather|SunnyDay|[from] ability: Drought|[of] p1a: Charizard
|turn|10
|
|t:|1783734036
|move|p2a: Gholdengo|Protect|p2a: Gholdengo
|-singleturn|p2a: Gholdengo|Protect
|move|p1a: Charizard|Weather Ball|p2a: Gholdengo
|-activate|p2a: Gholdengo|move: Protect
|move|p1b: Toxapex|Infestation|p2a: Gholdengo
|-activate|p2a: Gholdengo|move: Protect
|
|-weather|SunnyDay|[upkeep]
|-end|p2a: Gholdengo|Infestation|[partiallytrapped]
|upkeep
|turn|11
|c|â˜†memeberserk|gg
|c|â˜†lillyrosethedemon|5 protect into heat wave miss lets go
|
|t:|1783734054
|move|p2a: Gholdengo|Protect||[still]
|-fail|p2a: Gholdengo
|move|p1a: Charizard|Weather Ball|p2a: Gholdengo
|-supereffective|p2a: Gholdengo|1
|-damage|p2a: Gholdengo|0 fnt
|faint|p2a: Gholdengo
|
|win|memeberserk
|raw|memeberserk's rating: 1201 → 1228(+27 for winning)
|raw|lillyrosethedemon's rating: 1226 → 1199(-27 for losing)
|l|â˜†lillyrosethedemon
|player|p2|
|j|â˜†lillyrosethedemon
|player|p2|lillyrosethedemon|madame|
|l|â˜†memeberserk
|player|p1|
