|j|☆mpe22
|j|☆testdigi
|html|mpe22testdigi    
|uhtml|bestof|Game 1 of a best-of-3
|t:|1785152953
|gametype|doubles
|player|p1|mpe22|2|1117
|player|p2|testdigi|169|1175
|gen|9
|tier|[Gen 9 Champions] VGC 2026 Reg M-B (Bo3)
|rated|
|rule|Species Clause: Limit one of each Pokémon
|rule|Item Clause: Limit 1 of each item
|clearpoke
|poke|p1|Sharpedo, L50, M|
|poke|p1|Pinsir, L50, M|
|poke|p1|Lycanroc-Dusk, L50, F|
|poke|p1|Goodra-Hisui, L50, F|
|poke|p1|Whimsicott, L50, F|
|poke|p1|Sneasler, L50, M|
|poke|p2|Raichu, L50, M|
|poke|p2|Toxapex, L50, F|
|poke|p2|Mamoswine, L50, F|
|poke|p2|Sylveon, L50, M|
|poke|p2|Corviknight, L50, F|
|poke|p2|Basculegion, L50, M|
|teampreview|4
|showteam|p1|Sharpedo||Sharpedonite|SpeedBoost|Crunch,IceFang,Protect,Liquidation|Adamant||M|||50|]Pinsir||Pinsirite|HyperCutter|BodySlam,CloseCombat,SwordsDance,Protect|Adamant||M|||50|]Lycanroc-Dusk||ExpertBelt|ToughClaws|Accelerock,FireFang,PlayRough,Protect|Adamant||F|||50|]Goodra-Hisui||ShucaBerry|Gooey|Shelter,BodyPress,DragonTail,FlashCannon|Sassy||F|||50|]Whimsicott||FocusSash|Prankster|Moonblast,Tailwind,EnergyBall,Encore|Timid||F|||50|]Sneasler||LifeOrb|PoisonTouch|CloseCombat,DireClaw,Coaching,Protect|Jolly||M|||50|
|showteam|p2|Raichu||RaichuniteY|LightningRod|ZapCannon,FocusBlast,FakeOut,Protect|Timid||M|||50|]Toxapex||Leftovers|Regenerator|Infestation,Toxic,Recover,BanefulBunker|Relaxed||F|||50|]Mamoswine||LifeOrb|Oblivious|StompingTantrum,IceShard,RockSlide,Protect|Adamant||F|||50|]Sylveon||FairyFeather|Pixilate|HyperVoice,QuickAttack,Yawn,Detect|Modest||M|||50|]Corviknight||OccaBerry|MirrorArmor|IronHead,BraveBird,Tailwind,Protect|Adamant||F|||50|]Basculegion||FocusSash|Adaptability|LastRespects,Liquidation,AquaJet,Protect|Jolly||M|||50|
|
|t:|1785152983
|teamsize|p1|4
|teamsize|p2|4
|start
|switch|p1a: Sharpedo|Sharpedo, L50, M|100/100
|switch|p1b: Whimsicott|Whimsicott, L50, F|100/100
|switch|p2a: Corviknight|Corviknight, L50, F|100/100
|switch|p2b: Toxapex|Toxapex, L50, F|100/100
|turn|1
|
|t:|1785153008
|detailschange|p1a: Sharpedo|Sharpedo-Mega, L50, M
|-mega|p1a: Sharpedo|Sharpedo|Sharpedonite
|move|p1b: Whimsicott|Tailwind|p1b: Whimsicott
|-sidestart|p1: mpe22|move: Tailwind
|move|p1a: Sharpedo|Crunch|p2a: Corviknight
|-damage|p2a: Corviknight|41/100
|-ability|p2a: Corviknight|Mirror Armor
|-unboost|p1a: Sharpedo|def|1
|move|p2a: Corviknight|Iron Head|p1b: Whimsicott
|-supereffective|p1b: Whimsicott|1
|-enditem|p1b: Whimsicott|Focus Sash
|-damage|p1b: Whimsicott|1/100
|move|p2b: Toxapex|Toxic|p1a: Sharpedo
|-status|p1a: Sharpedo|tox
|
|-damage|p1a: Sharpedo|93/100 tox|[from] psn
|upkeep
|turn|2
|
|t:|1785153029
|move|p2a: Corviknight|Protect|p2a: Corviknight
|-singleturn|p2a: Corviknight|Protect
|move|p1b: Whimsicott|Encore|p2b: Toxapex
|-start|p2b: Toxapex|Encore
|move|p1a: Sharpedo|Crunch|p2b: Toxapex
|-damage|p2b: Toxapex|54/100
|move|p2b: Toxapex|Toxic|p1a: Sharpedo
|-fail|p1a: Sharpedo|tox
|
|-heal|p2b: Toxapex|59/100|[from] item: Leftovers
|-damage|p1a: Sharpedo|81/100 tox|[from] psn
|upkeep
|turn|3
|
|t:|1785153047
|move|p1b: Whimsicott|Energy Ball|p2b: Toxapex
|-damage|p2b: Toxapex|35/100
|move|p1a: Sharpedo|Crunch|p2a: Corviknight
|-damage|p2a: Corviknight|0 fnt
|faint|p2a: Corviknight
|move|p2b: Toxapex|Toxic|p1b: Whimsicott
|-status|p1b: Whimsicott|tox
|
|-heal|p2b: Toxapex|40/100|[from] item: Leftovers
|-damage|p1b: Whimsicott|0 fnt|[from] psn
|faint|p1b: Whimsicott
|-damage|p1a: Sharpedo|63/100 tox|[from] psn
|upkeep
|
|t:|1785153057
|switch|p1b: Sneasler|Sneasler, L50, M|100/100
|switch|p2a: Raichu|Raichu, L50, M|100/100
|turn|4
|
|t:|1785153088
|-heal|p2b: Toxapex|73/100|[from] ability: Regenerator|[silent]
|switch|p2b: Basculegion|Basculegion, L50, M|100/100
|detailschange|p2a: Raichu|Raichu-Mega-Y, L50, M
|-mega|p2a: Raichu|Raichu|Raichunite Y
|move|p2a: Raichu|Fake Out|p1a: Sharpedo
|-damage|p1a: Sharpedo|42/100 tox
|move|p1b: Sneasler|Coaching|p1a: Sharpedo
|-boost|p1a: Sharpedo|atk|1
|-boost|p1a: Sharpedo|def|1
|cant|p1a: Sharpedo|flinch
|
|-damage|p1a: Sharpedo|18/100 tox|[from] psn
|-sideend|p1: mpe22|move: Tailwind
|upkeep
|turn|5
|
|t:|1785153106
|move|p2a: Raichu|Protect|p2a: Raichu
|-singleturn|p2a: Raichu|Protect
|move|p2b: Basculegion|Protect|p2b: Basculegion
|-singleturn|p2b: Basculegion|Protect
|move|p1b: Sneasler|Close Combat|p2a: Raichu
|-activate|p2a: Raichu|move: Protect
|move|p1a: Sharpedo|Crunch|p2b: Basculegion
|-activate|p2b: Basculegion|move: Protect
|
|-damage|p1a: Sharpedo|0 fnt|[from] psn
|faint|p1a: Sharpedo
|upkeep
|
|t:|1785153110
|switch|p1a: Goodra|Goodra-Hisui, L50, F|100/100
|turn|6
|
|t:|1785153143
|switch|p2b: Toxapex|Toxapex, L50, F|73/100
|move|p1b: Sneasler|Protect|p1b: Sneasler
|-singleturn|p1b: Sneasler|Protect
|move|p2a: Raichu|Focus Blast|p1a: Goodra
|-supereffective|p1a: Goodra|1
|-damage|p1a: Goodra|48/100
|move|p1a: Goodra|Dragon Tail|p2b: Toxapex
|-damage|p2b: Toxapex|60/100
|-heal|p2b: Toxapex|93/100|[from] ability: Regenerator|[silent]
|drag|p2b: Basculegion|Basculegion, L50, M|100/100
|
|upkeep
|turn|7
|
|t:|1785153165
|switch|p2b: Toxapex|Toxapex, L50, F|93/100
|move|p2a: Raichu|Zap Cannon|p1b: Sneasler
|-damage|p1b: Sneasler|21/100
|-status|p1b: Sneasler|par
|cant|p1b: Sneasler|par
|move|p1a: Goodra|Dragon Tail|p2b: Toxapex
|-damage|p2b: Toxapex|78/100
|-heal|p2b: Toxapex|100/100|[from] ability: Regenerator|[silent]
|drag|p2b: Basculegion|Basculegion, L50, M|100/100
|
|upkeep
|turn|8
|l|☆mpe22
|player|p1|
|inactive|Battle timer is ON: inactive players will automatically lose when time's up. (requested by testdigi)
|inactive|mpe22 has 30 seconds to reconnect!
|inactive|mpe22 has 20 seconds to reconnect!
|inactive|mpe22 has 15 seconds to reconnect!
|inactive|mpe22 has 10 seconds to reconnect!
|inactive|mpe22 has 5 seconds to reconnect!
|-message|mpe22 lost due to inactivity.
|
|win|testdigi
