|j|☆PerryAgent
|j|☆JoshSketch
|html|PerryAgentJoshSketch    
|uhtml|bestof|Game 2 of a best-of-3
|t:|1756569019
|gametype|doubles
|player|p1|PerryAgent|169|1111
|player|p2|JoshSketch|101|1000
|gen|9
|tier|[Gen 9] VGC 2025 Reg H (Bo3)
|rated|
|rule|Species Clause: Limit one of each Pokémon
|rule|Item Clause: Limit 1 of each item
|clearpoke
|poke|p1|Typhlosion-Hisui, L50, M|
|poke|p1|Whimsicott, L50, F|
|poke|p1|Ursaluna-Bloodmoon, L50, M|
|poke|p1|Primarina, L50, F|
|poke|p1|Meowscarada, L50, M|
|poke|p1|Farigiraf, L50, F|
|poke|p2|Gholdengo, L50|
|poke|p2|Archaludon, L50, M|
|poke|p2|Pelipper, L50, M|
|poke|p2|Annihilape, L50, M|
|poke|p2|Maushold, L50|
|poke|p2|Basculegion, L50, M|
|teampreview|4
|showteam|p1|Typhlosion-Hisui||Charcoal|Blaze|Eruption,HeatWave,ShadowBall,Protect|||M|||50|,,,,,Fire]Whimsicott||CovertCloak|Prankster|Tailwind,Moonblast,SunnyDay,Encore|||F|||50|,,,,,Dark]Ursaluna-Bloodmoon||LifeOrb|MindsEye|HyperVoice,BloodMoon,EarthPower,Protect|||M|||50|,,,,,Normal]Primarina||ThroatSpray|LiquidVoice|Moonblast,HyperVoice,Haze,Protect|||F|||50|,,,,,Grass]Meowscarada||FocusSash|Protean|FlowerTrick,KnockOff,Uturn,Protect|||M|||50|,,,,,Grass]Farigiraf||SafetyGoggles|ArmorTail|PsychicNoise,HyperVoice,HelpingHand,TrickRoom|||F|||50|,,,,,Fire
|showteam|p2|Gholdengo||LifeOrb|GoodasGold|Protect,NastyPlot,MakeItRain,ShadowBall||||||50|,,,,,Water]Archaludon||AssaultVest|Stamina|BodyPress,ElectroShot,FlashCannon,DracoMeteor|||M|||50|,,,,,Fighting]Pelipper||FocusSash|Drizzle|Tailwind,Hurricane,WeatherBall,Protect|||M|||50|,,,,,Grass]Annihilape||SafetyGoggles|Defiant|RageFist,BulkUp,CloseCombat,Protect|||M|||50|,,,,,Fairy]Maushold||WideLens|FriendGuard|BeatUp,FollowMe,Protect,Taunt||||||50|,,,,,Normal]Basculegion||ChoiceBand|SwiftSwim|WaveCrash,AquaJet,LastRespects,FlipTurn|||M|||50|,,,,,Grass
|inactive|Battle timer is ON: inactive players will automatically lose when time's up. (requested by PerryAgent)
|inactive|JoshSketch has 60 seconds left.
|
|t:|1756569080
|teamsize|p1|4
|teamsize|p2|4
|start
|switch|p1a: Whimsicott|Whimsicott, L50, F|100/100
|switch|p1b: Typhlosion|Typhlosion-Hisui, L50, M|100/100
|switch|p2a: Pelipper|Pelipper, L50, M|100/100
|switch|p2b: Basculegion|Basculegion, L50, M, shiny|100/100
|-weather|RainDance|[from] ability: Drizzle|[of] p2a: Pelipper
|turn|1
|
|t:|1756569105
|-terastallize|p1b: Typhlosion|Fire
|move|p1a: Whimsicott|Sunny Day|p1a: Whimsicott
|-weather|SunnyDay
|move|p1b: Typhlosion|Eruption|p2b: Basculegion|[spread] p2a,p2b
|-resisted|p2a: Pelipper
|-resisted|p2b: Basculegion
|-enditem|p2a: Pelipper|Focus Sash
|-damage|p2a: Pelipper|1/100
|-damage|p2b: Basculegion|18/100
|move|p2b: Basculegion|Flip Turn|p1b: Typhlosion
|-supereffective|p1b: Typhlosion
|-crit|p1b: Typhlosion
|-damage|p1b: Typhlosion|0 fnt
|faint|p1b: Typhlosion
|
|t:|1756569118
|switch|p2b: Archaludon|Archaludon, L50, M|100/100|[from] Flip Turn
|move|p2a: Pelipper|Hurricane|p1a: Whimsicott
|-supereffective|p1a: Whimsicott
|-damage|p1a: Whimsicott|0 fnt
|faint|p1a: Whimsicott
|
|-weather|SunnyDay|[upkeep]
|upkeep
|
|t:|1756569125
|switch|p1a: Ursaluna|Ursaluna-Bloodmoon, L50, M|100/100
|switch|p1b: Primarina|Primarina, L50, F|100/100
|turn|2
|inactive|JoshSketch has 30 seconds left.
|
|t:|1756569151
|-terastallize|p2b: Archaludon|Fighting
|move|p2a: Pelipper|Tailwind|p2a: Pelipper
|-sidestart|p2: JoshSketch|move: Tailwind
|move|p2b: Archaludon|Flash Cannon|p1a: Ursaluna
|-damage|p1a: Ursaluna|40/100
|move|p1a: Ursaluna|Earth Power|p2b: Archaludon
|-damage|p2b: Archaludon|47/100
|-ability|p2b: Archaludon|Stamina|boost
|-boost|p2b: Archaludon|def|1
|-damage|p1a: Ursaluna|31/100|[from] item: Life Orb
|move|p1b: Primarina|Hyper Voice|p2b: Archaludon|[spread] p2a,p2b
|-resisted|p2a: Pelipper
|-damage|p2a: Pelipper|0 fnt
|-damage|p2b: Archaludon|33/100
|-ability|p2b: Archaludon|Stamina|boost
|-boost|p2b: Archaludon|def|1
|faint|p2a: Pelipper
|-enditem|p1b: Primarina|Throat Spray
|-boost|p1b: Primarina|spa|1|[from] item: Throat Spray
|
|-weather|SunnyDay|[upkeep]
|upkeep
|
|t:|1756569166
|switch|p2a: Basculegion|Basculegion, L50, M, shiny|18/100
|turn|3
|
|t:|1756569174
|move|p2a: Basculegion|Aqua Jet|p1a: Ursaluna
|-supereffective|p1a: Ursaluna
|-crit|p1a: Ursaluna
|-damage|p1a: Ursaluna|0 fnt
|faint|p1a: Ursaluna
|move|p2b: Archaludon|Flash Cannon|p1b: Primarina
|-damage|p1b: Primarina|64/100
|-unboost|p1b: Primarina|spd|1
|move|p1b: Primarina|Hyper Voice|p2b: Archaludon|[spread] p2a,p2b
|-resisted|p2a: Basculegion
|-damage|p2a: Basculegion|3/100
|-damage|p2b: Archaludon|10/100
|-ability|p2b: Archaludon|Stamina|boost
|-boost|p2b: Archaludon|def|1
|
|-weather|SunnyDay|[upkeep]
|upkeep
|turn|4
|
|t:|1756569191
|move|p1b: Primarina|Protect|p1b: Primarina
|-singleturn|p1b: Primarina|Protect
|move|p2a: Basculegion|Aqua Jet|p1b: Primarina
|-activate|p1b: Primarina|move: Protect
|move|p2b: Archaludon|Flash Cannon|p1b: Primarina
|-activate|p1b: Primarina|move: Protect
|
|-weather|SunnyDay|[upkeep]
|upkeep
|turn|5
|
|t:|1756569197
|move|p2a: Basculegion|Aqua Jet|p1b: Primarina
|-resisted|p1b: Primarina
|-damage|p1b: Primarina|56/100
|move|p2b: Archaludon|Flash Cannon|p1b: Primarina
|-damage|p1b: Primarina|4/100
|move|p1b: Primarina|Hyper Voice|p2b: Archaludon|[spread] p2a,p2b
|-resisted|p2a: Basculegion
|-damage|p2a: Basculegion|0 fnt
|-damage|p2b: Archaludon|0 fnt
|faint|p2a: Basculegion
|faint|p2b: Archaludon
|
|-weather|none
|-sideend|p2: JoshSketch|move: Tailwind
|upkeep
|
|t:|1756569204
|switch|p2b: Gholdengo|Gholdengo, L50|100/100
|turn|6
|
|t:|1756569210
|move|p2b: Gholdengo|Make It Rain|p1b: Primarina
|-damage|p1b: Primarina|0 fnt
|-unboost|p2b: Gholdengo|spa|1
|faint|p1b: Primarina
|-damage|p2b: Gholdengo|91/100|[from] item: Life Orb
|
|win|JoshSketch
|raw|PerryAgent's rating: 1111 → 1078(-33 for losing)
|raw|JoshSketch's rating: 1000 → 1052(+52 for winning)
|l|☆PerryAgent
|player|p1|
