|j|☆Joker113
|j|☆Bauxas23
|html|Joker113Bauxas23    
|uhtml|bestof|Game 1 of a best-of-3
|t:|1757766594
|gametype|doubles
|player|p1|Joker113|170|1038
|player|p2|Bauxas23|2|1067
|gen|9
|tier|[Gen 9] VGC 2025 Reg H (Bo3)
|rated|
|rule|Species Clause: Limit one of each Pokémon
|rule|Item Clause: Limit 1 of each item
|clearpoke
|poke|p1|Farigiraf, L50, F|
|poke|p1|Amoonguss, L50, F|
|poke|p1|Ursaluna, L50, M|
|poke|p1|Gholdengo, L50|
|poke|p1|Incineroar, L50, M|
|poke|p1|Slowbro, L50, M|
|poke|p2|Vivillon-Fancy, L50, F|
|poke|p2|Garchomp, L50, F|
|poke|p2|Primarina, L50, F|
|poke|p2|Incineroar, L50, F|
|poke|p2|Gholdengo, L50|
|poke|p2|Porygon2, L50|
|teampreview|4
|showteam|p1|Farigiraf||ThroatSpray|ArmorTail|TrickRoom,Psychic,HelpingHand,HyperVoice|||F|||50|,,,,,Grass]Amoonguss||SitrusBerry|Regenerator|SludgeBomb,RagePowder,Spore,Protect|||F|||50|,,,,,Water]Ursaluna||FlameOrb|Guts|Earthquake,Facade,HeadlongRush,Protect|||M|||50|,,,,,Ghost]Gholdengo||FocusSash|GoodasGold|MakeItRain,ShadowBall,NastyPlot,Protect||||||50|,,,,,Steel]Incineroar||CovertCloak|Intimidate|FlareBlitz,FakeOut,KnockOff,PartingShot|||M|||50|,,,,,Water]Slowbro||RockyHelmet|Regenerator|BodyPress,HealPulse,MuddyWater,IronDefense|||M|||50|,,,,,Fighting
|showteam|p2|Vivillon-Fancy||FocusSash|CompoundEyes|Hurricane,SleepPowder,RagePowder,Protect|||F|||50|,,,,,Ghost]Garchomp||LifeOrb|RoughSkin|Earthquake,DragonClaw,StompingTantrum,Protect|||F|||50|,,,,,Water]Primarina||SitrusBerry|LiquidVoice|HyperVoice,Moonblast,Haze,Protect|||F|||50|,,,,,Grass]Incineroar||SafetyGoggles|Intimidate|FakeOut,FlareBlitz,PartingShot,KnockOff|||F|||50|,,,,,Ghost]Gholdengo||MetalCoat|GoodasGold|MakeItRain,ShadowBall,NastyPlot,Protect||||||50|,,,,,Dragon]Porygon2||Eviolite|Download|TeraBlast,IceBeam,Recover,TrickRoom||||||50|,,,,,Fighting
|inactive|Battle timer is ON: inactive players will automatically lose when time's up. (requested by Joker113)
|
|t:|1757766625
|teamsize|p1|4
|teamsize|p2|4
|start
|switch|p1a: Incineroar|Incineroar, L50, M|100/100
|switch|p1b: Farigiraf|Farigiraf, L50, F|100/100
|switch|p2a: Yukari|Vivillon-Fancy, L50, F|100/100
|switch|p2b: Junpei|Garchomp, L50, F|100/100
|-ability|p1a: Incineroar|Intimidate|boost
|-unboost|p2a: Yukari|atk|1
|-unboost|p2b: Junpei|atk|1
|turn|1
|inactive|Joker113 has 30 seconds left.
|inactive|Bauxas23 has 30 seconds left.
|
|t:|1757766652
|-terastallize|p2a: Yukari|Ghost
|move|p2b: Junpei|Protect|p2b: Junpei
|-singleturn|p2b: Junpei|Protect
|move|p1a: Incineroar|Fake Out|p2a: Yukari
|-immune|p2a: Yukari
|move|p2a: Yukari|Sleep Powder|p1b: Farigiraf
|-status|p1b: Farigiraf|slp|[from] move: Sleep Powder
|cant|p1b: Farigiraf|slp
|
|upkeep
|turn|2
|inactive|Joker113 has 30 seconds left.
|
|t:|1757766677
|-terastallize|p1a: Incineroar|Water
|move|p2b: Junpei|Earthquake|p1b: Farigiraf|[spread] p2a,p1a,p1b
|-damage|p2a: Yukari|40/100
|-damage|p1a: Incineroar|69/100
|-damage|p1b: Farigiraf|66/100 slp
|-damage|p2b: Junpei|91/100|[from] item: Life Orb
|move|p2a: Yukari|Sleep Powder|p1a: Incineroar
|-status|p1a: Incineroar|slp|[from] move: Sleep Powder
|cant|p1a: Incineroar|slp
|-curestatus|p1b: Farigiraf|slp|[msg]
|move|p1b: Farigiraf|Trick Room|p1b: Farigiraf
|-fieldstart|move: Trick Room|[of] p1b: Farigiraf
|
|upkeep
|turn|3
|inactive|Bauxas23 has 30 seconds left.
|
|t:|1757766710
|switch|p1a: Ursaluna|Ursaluna, L50, M|100/100
|move|p1b: Farigiraf|Psychic|p2a: Yukari
|-damage|p2a: Yukari|0 fnt
|faint|p2a: Yukari
|move|p2b: Junpei|Dragon Claw|p1b: Farigiraf
|-damage|p1b: Farigiraf|24/100
|-damage|p2b: Junpei|81/100|[from] item: Life Orb
|
|-status|p1a: Ursaluna|brn|[from] item: Flame Orb
|upkeep
|
|t:|1757766724
|switch|p2a: Akihiko|Incineroar, L50, F|100/100
|-ability|p2a: Akihiko|Intimidate|boost
|-unboost|p1a: Ursaluna|atk|1
|-unboost|p1b: Farigiraf|atk|1
|turn|4
|
|t:|1757766742
|switch|p1a: Incineroar|Incineroar, L50, M, tera:Water|69/100 slp
|-ability|p1a: Incineroar|Intimidate|boost
|-unboost|p2a: Akihiko|atk|1
|-unboost|p2b: Junpei|atk|1
|move|p2a: Akihiko|Fake Out||[still]
|cant|p1b: Farigiraf|ability: Armor Tail|Fake Out|[of] p2a: Akihiko
|move|p1b: Farigiraf|Hyper Voice|p2a: Akihiko|[spread] p2a,p2b
|-damage|p2a: Akihiko|70/100
|-damage|p2b: Junpei|42/100
|-enditem|p1b: Farigiraf|Throat Spray
|-boost|p1b: Farigiraf|spa|1|[from] item: Throat Spray
|move|p2b: Junpei|Stomping Tantrum|p1a: Incineroar
|-damage|p1a: Incineroar|44/100 slp
|-damage|p2b: Junpei|32/100|[from] item: Life Orb
|
|upkeep
|turn|5
|inactive|Bauxas23 has 30 seconds left.
|
|t:|1757766772
|switch|p2b: Mitsuru|Primarina, L50, F|100/100
|move|p1b: Farigiraf|Hyper Voice|p2b: Mitsuru|[spread] p2a,p2b
|-damage|p2a: Akihiko|25/100
|-damage|p2b: Mitsuru|57/100
|cant|p1a: Incineroar|slp
|move|p2a: Akihiko|Knock Off|p1b: Farigiraf
|-supereffective|p1b: Farigiraf
|-damage|p1b: Farigiraf|0 fnt
|faint|p1b: Farigiraf
|
|upkeep
|
|t:|1757766778
|switch|p1b: Ursaluna|Ursaluna, L50, M|100/100 brn
|turn|6
|
|t:|1757766800
|move|p2b: Mitsuru|Protect|p2b: Mitsuru
|-singleturn|p2b: Mitsuru|Protect
|move|p1b: Ursaluna|Facade|p2a: Akihiko
|-damage|p2a: Akihiko|0 fnt
|faint|p2a: Akihiko
|-curestatus|p1a: Incineroar|slp|[msg]
|move|p1a: Incineroar|Parting Shot|p2b: Mitsuru
|-activate|p2b: Mitsuru|move: Protect
|
|-damage|p1b: Ursaluna|95/100 brn|[from] brn
|-fieldend|move: Trick Room
|upkeep
|
|t:|1757766812
|switch|p2a: Junpei|Garchomp, L50, F|32/100
|turn|7
|
|t:|1757766839
|move|p1b: Ursaluna|Protect|p1b: Ursaluna
|-singleturn|p1b: Ursaluna|Protect
|move|p2a: Junpei|Dragon Claw|p1b: Ursaluna
|-activate|p1b: Ursaluna|move: Protect
|move|p2b: Mitsuru|Hyper Voice|p1a: Incineroar|[spread] p1a
|-activate|p1b: Ursaluna|move: Protect
|-resisted|p1a: Incineroar
|-damage|p1a: Incineroar|27/100
|move|p1a: Incineroar|Parting Shot|p2b: Mitsuru
|-unboost|p2b: Mitsuru|atk|1
|-unboost|p2b: Mitsuru|spa|1
|
|t:|1757766851
|switch|p1a: Gholdengo|Gholdengo, L50|100/100|[from] Parting Shot
|
|-damage|p1b: Ursaluna|89/100 brn|[from] brn
|upkeep
|turn|8
|
|t:|1757766863
|switch|p1b: Incineroar|Incineroar, L50, M, tera:Water|27/100
|-ability|p1b: Incineroar|Intimidate|boost
|-unboost|p2a: Junpei|atk|1
|-unboost|p2b: Mitsuru|atk|1
|move|p1a: Gholdengo|Protect|p1a: Gholdengo
|-singleturn|p1a: Gholdengo|Protect
|move|p2a: Junpei|Stomping Tantrum|p1a: Gholdengo
|-activate|p1a: Gholdengo|move: Protect
|move|p2b: Mitsuru|Hyper Voice|p1a: Gholdengo|[spread] p1b
|-activate|p1a: Gholdengo|move: Protect
|-resisted|p1b: Incineroar
|-crit|p1b: Incineroar
|-damage|p1b: Incineroar|4/100
|
|upkeep
|turn|9
|
|t:|1757766878
|move|p2a: Junpei|Protect|p2a: Junpei
|-singleturn|p2a: Junpei|Protect
|move|p2b: Mitsuru|Protect|p2b: Mitsuru
|-singleturn|p2b: Mitsuru|Protect
|move|p1b: Incineroar|Fake Out|p2a: Junpei
|-activate|p2a: Junpei|move: Protect
|move|p1a: Gholdengo|Make It Rain|p2a: Junpei|[spread] 
|-activate|p2a: Junpei|move: Protect
|-activate|p2b: Mitsuru|move: Protect
|
|upkeep
|turn|10
|inactive|Bauxas23 has 30 seconds left.
|
|t:|1757766907
|move|p2a: Junpei|Stomping Tantrum|p1a: Gholdengo
|-supereffective|p1a: Gholdengo
|-damage|p1a: Gholdengo|40/100
|-damage|p2a: Junpei|22/100|[from] item: Life Orb
|move|p2b: Mitsuru|Hyper Voice|p1a: Gholdengo|[spread] p1a,p1b
|-resisted|p1b: Incineroar
|-damage|p1a: Gholdengo|15/100
|-damage|p1b: Incineroar|0 fnt
|faint|p1b: Incineroar
|move|p1a: Gholdengo|Make It Rain|p2a: Junpei|[spread] p2a,p2b
|-damage|p2a: Junpei|0 fnt
|-damage|p2b: Mitsuru|10/100
|-unboost|p1a: Gholdengo|spa|1
|-enditem|p2b: Mitsuru|Sitrus Berry|[eat]
|-heal|p2b: Mitsuru|35/100|[from] item: Sitrus Berry
|faint|p2a: Junpei
|
|upkeep
|
|t:|1757766924
|switch|p1b: Ursaluna|Ursaluna, L50, M|89/100 brn
|turn|11
|
|t:|1757766931
|move|p2b: Mitsuru|Protect|p2b: Mitsuru
|-singleturn|p2b: Mitsuru|Protect
|move|p1a: Gholdengo|Make It Rain|p2b: Mitsuru
|-activate|p2b: Mitsuru|move: Protect
|move|p1b: Ursaluna|Facade|p2b: Mitsuru
|-activate|p2b: Mitsuru|move: Protect
|
|-damage|p1b: Ursaluna|83/100 brn|[from] brn
|upkeep
|turn|12
|
|t:|1757766943
|move|p2b: Mitsuru|Hyper Voice|p1b: Ursaluna|[spread] p1a,p1b
|-supereffective|p1b: Ursaluna
|-crit|p1b: Ursaluna
|-damage|p1a: Gholdengo|0 fnt
|-damage|p1b: Ursaluna|0 fnt
|faint|p1a: Gholdengo
|faint|p1b: Ursaluna
|
|win|Bauxas23
||Joker113 is ready for game 2.
||Bauxas23 is ready for game 2.
|uhtml|next|Next: Game 2 of 3
