|j|☆Sedrav
|j|☆Daniw9
|html|SedravDaniw9    
|uhtml|bestof|Game 3 of a best-of-3
|t:|1756936914
|gametype|doubles
|player|p1|Sedrav|265|1262
|player|p2|Daniw9|265|1272
|gen|9
|tier|[Gen 9] VGC 2025 Reg H (Bo3)
|rated|
|rule|Species Clause: Limit one of each Pokémon
|rule|Item Clause: Limit 1 of each item
|clearpoke
|poke|p1|Garchomp, L50, M|
|poke|p1|Talonflame, L50, M|
|poke|p1|Gholdengo, L50|
|poke|p1|Tyranitar, L50, F|
|poke|p1|Amoonguss, L50, F|
|poke|p1|Milotic, L50, F|
|poke|p2|Garchomp, L50, F|
|poke|p2|Tyranitar, L50, M|
|poke|p2|Indeedee-F, L50, F|
|poke|p2|Gardevoir, L50, F|
|poke|p2|Sneasler, L50, M|
|poke|p2|Talonflame, L50, M|
|teampreview|4
|showteam|p1|Garchomp||LifeOrb|RoughSkin|DragonClaw,StompingTantrum,Earthquake,Protect|||M|||50|,,,,,Fairy]Talonflame||CovertCloak|GaleWings|BraveBird,Tailwind,WillOWisp,Taunt|||M|||50|,,,,,Grass]Gholdengo||MetalCoat|GoodasGold|MakeItRain,ShadowBall,NastyPlot,Protect||||||50|,,,,,Flying]Tyranitar||AssaultVest|SandStream|RockSlide,KnockOff,LowKick,TeraBlast|||F|||50|,,,,,Flying]Amoonguss||SitrusBerry|Regenerator|Spore,RagePowder,PollenPuff,Protect|||F|||50|,,,,,Water]Milotic||SafetyGoggles|Competitive|Scald,IcyWind,Haze,Protect|||F|||50|,,,,,Dragon
|showteam|p2|Garchomp||ClearAmulet|SandVeil|Earthquake,StompingTantrum,Protect,DragonClaw|||F|||50|,,,,,Steel]Tyranitar||AssaultVest|SandStream|RockSlide,TeraBlast,KnockOff,LowKick|||M|||50|,,,,,Flying]Indeedee-F||SafetyGoggles|PsychicSurge|DazzlingGleam,TrickRoom,FollowMe,HelpingHand|||F|||50|,,,,,Water]Gardevoir||ChoiceScarf|Telepathy|IcyWind,Moonblast,ExpandingForce,MysticalFire|||F|||50|,,,,,Fire]Sneasler||PsychicSeed|Unburden|CloseCombat,DireClaw,Protect,ThroatChop|||M|||50|,,,,,Dark]Talonflame||CovertCloak|GaleWings|Tailwind,DualWingbeat,FlareBlitz,Taunt|||M|||50|,,,,,Flying
|inactive|Battle timer is ON: inactive players will automatically lose when time's up. (requested by Sedrav)
|inactive|Sedrav has 60 seconds left.
|inactive|Daniw9 has 60 seconds left.
|inactive|Daniw9 has 30 seconds left.
|
|t:|1756936998
|teamsize|p1|4
|teamsize|p2|4
|start
|switch|p1a: Milotic|Milotic, L50, F|100/100
|switch|p1b: Gholdengo|Gholdengo, L50|100/100
|switch|p2a: Indeedee|Indeedee-F, L50, F|100/100
|switch|p2b: Gardevoir|Gardevoir, L50, F|100/100
|-fieldstart|move: Psychic Terrain|[from] ability: Psychic Surge|[of] p2a: Indeedee
|turn|1
|inactive|Sedrav has 30 seconds left.
|
|t:|1756937025
|-terastallize|p2b: Gardevoir|Fire
|move|p2a: Indeedee|Follow Me|p2a: Indeedee
|-singleturn|p2a: Indeedee|move: Follow Me
|move|p2b: Gardevoir|Expanding Force|p1b: Gholdengo|[spread] p1a,p1b
|-resisted|p1b: Gholdengo
|-damage|p1a: Milotic|51/100
|-damage|p1b: Gholdengo|67/100
|move|p1b: Gholdengo|Make It Rain|p2b: Gardevoir|[spread] p2a,p2b
|-resisted|p2b: Gardevoir
|-damage|p2a: Indeedee|50/100
|-damage|p2b: Gardevoir|73/100
|-unboost|p1b: Gholdengo|spa|1
|move|p1a: Milotic|Scald|p2a: Indeedee
|-damage|p2a: Indeedee|22/100
|-status|p2a: Indeedee|brn
|
|-damage|p2a: Indeedee|16/100 brn|[from] brn
|upkeep
|turn|2
|inactive|Sedrav has 30 seconds left.
|inactive|Sedrav has 20 seconds left.
|
|t:|1756937062
|switch|p1b: Tyranitar|Tyranitar, L50, F|100/100
|-weather|Sandstorm|[from] ability: Sand Stream|[of] p1b: Tyranitar
|move|p2a: Indeedee|Helping Hand|p2b: Gardevoir
|-singleturn|p2b: Gardevoir|Helping Hand|[of] p2a: Indeedee
|move|p1a: Milotic|Protect|p1a: Milotic
|-singleturn|p1a: Milotic|Protect
|move|p2b: Gardevoir|Expanding Force|p1a: Milotic|[spread] 
|-activate|p1a: Milotic|move: Protect
|-immune|p1b: Tyranitar
|
|-weather|Sandstorm|[upkeep]
|-damage|p2b: Gardevoir|66/100|[from] Sandstorm
|-damage|p2a: Indeedee|10/100 brn|[from] brn
|upkeep
|turn|3
|inactive|Sedrav has 30 seconds left.
|
|t:|1756937089
|switch|p2b: Garchomp|Garchomp, L50, F|100/100
|switch|p1a: Gholdengo|Gholdengo, L50|67/100
|move|p2a: Indeedee|Follow Me|p2a: Indeedee
|-singleturn|p2a: Indeedee|move: Follow Me
|move|p1b: Tyranitar|Rock Slide|p2b: Garchomp|[spread] p2a,p2b
|-resisted|p2b: Garchomp
|-damage|p2a: Indeedee|0 fnt
|-damage|p2b: Garchomp|86/100
|faint|p2a: Indeedee
|
|-weather|Sandstorm|[upkeep]
|upkeep
|
|t:|1756937101
|switch|p2a: Gardevoir|Gardevoir, L50, F, tera:Fire|66/100
|turn|4
|inactive|Sedrav has 30 seconds left.
|
|t:|1756937134
|-terastallize|p1b: Tyranitar|Flying
|move|p1a: Gholdengo|Protect|p1a: Gholdengo
|-singleturn|p1a: Gholdengo|Protect
|move|p2a: Gardevoir|Moonblast|p1b: Tyranitar
|-damage|p1b: Tyranitar|72/100
|move|p2b: Garchomp|Earthquake|p1b: Tyranitar|[spread] 
|-activate|p1a: Gholdengo|move: Protect
|-activate|p2a: Gardevoir|ability: Telepathy
|-immune|p1b: Tyranitar
|move|p1b: Tyranitar|Rock Slide|p2b: Garchomp|[spread] p2b
|-miss|p1b: Tyranitar|p2a: Gardevoir
|-resisted|p2b: Garchomp
|-damage|p2b: Garchomp|72/100
|
|-weather|Sandstorm|[upkeep]
|-damage|p2a: Gardevoir|60/100|[from] Sandstorm
|-damage|p1b: Tyranitar|67/100|[from] Sandstorm
|upkeep
|turn|5
|
|t:|1756937156
|move|p2a: Gardevoir|Moonblast|p1b: Tyranitar
|-damage|p1b: Tyranitar|38/100
|move|p2b: Garchomp|Earthquake|p1b: Tyranitar|[spread] p1a
|-activate|p2a: Gardevoir|ability: Telepathy
|-immune|p1b: Tyranitar
|-supereffective|p1a: Gholdengo
|-damage|p1a: Gholdengo|0 fnt
|faint|p1a: Gholdengo
|move|p1b: Tyranitar|Rock Slide|p2a: Gardevoir|[spread] p2a,p2b
|-supereffective|p2a: Gardevoir
|-resisted|p2b: Garchomp
|-damage|p2a: Gardevoir|0 fnt
|-damage|p2b: Garchomp|57/100
|faint|p2a: Gardevoir
|
|-weather|Sandstorm|[upkeep]
|-damage|p1b: Tyranitar|32/100|[from] Sandstorm
|-fieldend|move: Psychic Terrain
|upkeep
|
|t:|1756937173
|switch|p1a: Garchomp|Garchomp, L50, M|100/100
|switch|p2a: Talonflame|Talonflame, L50, M|100/100
|turn|6
|inactive|Sedrav has 30 seconds left.
|inactive|Sedrav has 20 seconds left.
|inactive|Sedrav has 15 seconds left.
|inactive|Sedrav has 10 seconds left.
|inactive|Sedrav has 5 seconds left.
|
|t:|1756937228
|move|p2a: Talonflame|Tailwind|p2a: Talonflame
|-sidestart|p2: Daniw9|move: Tailwind
|move|p2b: Garchomp|Dragon Claw|p1a: Garchomp
|-supereffective|p1a: Garchomp
|-damage|p1a: Garchomp|3/100
|-damage|p2b: Garchomp|45/100|[from] ability: Rough Skin|[of] p1a: Garchomp
|move|p1a: Garchomp|Dragon Claw|p2b: Garchomp
|-supereffective|p2b: Garchomp
|-damage|p2b: Garchomp|0 fnt
|faint|p2b: Garchomp
|-damage|p1a: Garchomp|0 fnt|[from] item: Life Orb
|faint|p1a: Garchomp
|move|p1b: Tyranitar|Rock Slide|p2a: Talonflame
|-supereffective|p2a: Talonflame
|-damage|p2a: Talonflame|0 fnt
|faint|p2a: Talonflame
|
|win|Sedrav
|raw|Sedrav's rating: 1262 → 1288(+26 for winning)
|raw|Daniw9's rating: 1272 → 1246(-26 for losing)
|l|☆Sedrav
|player|p1|
