|j|☆new mental
|j|☆il mule
|html|new mentalil mule    
|uhtml|bestof|Game 2 of a best-of-3
|t:|1783331520
|gametype|doubles
|player|p1|new mental|volkner|1420
|player|p2|il mule|169|1486
|gen|9
|tier|[Gen 9 Champions] VGC 2026 Reg M-B (Bo3)
|rated|
|rule|Species Clause: Limit one of each Pokémon
|rule|Item Clause: Limit 1 of each item
|clearpoke
|poke|p1|Aerodactyl, L50, F|
|poke|p1|Garchomp, L50, F|
|poke|p1|Kingambit, L50, F|
|poke|p1|Charizard, L50, F|
|poke|p1|Sylveon, L50, F|
|poke|p1|Farigiraf, L50, F|
|poke|p2|Excadrill, L50, F|
|poke|p2|Tyranitar, L50, M|
|poke|p2|Sneasler, L50, M|
|poke|p2|Incineroar, L50, M|
|poke|p2|Froslass, L50, F|
|poke|p2|Sinistcha, L50|
|teampreview|4
|showteam|p1|Aerodactyl||Aerodactylite|Unnerve|IceFang,RockSlide,Tailwind,DualWingbeat|Jolly||F|||50|]Garchomp||LifeOrb|RoughSkin|DragonClaw,StompingTantrum,Earthquake,Protect|Jolly||F|||50|]Kingambit||FocusSash|Defiant|SuckerPunch,KowtowCleave,IronHead,LowKick|Adamant||F|||50|]Charizard||CharizarditeY|SolarPower|Protect,HeatWave,SolarBeam,WeatherBall|Timid||F|||50|]Sylveon||FairyFeather|Pixilate|Protect,HyperVoice,HyperBeam,QuickAttack|Modest||F|||50|]Farigiraf||SitrusBerry|ArmorTail|TrickRoom,Thunderbolt,Psychic,Roar|Bold||F|||50|
|showteam|p2|Excadrill||FocusSash|SandRush|HighHorsepower,RockSlide,IronHead,Protect|Adamant||F|||50|]Tyranitar||Tyranitarite|SandStream|KnockOff,RockSlide,DragonDance,Protect|Adamant||M|||50|]Sneasler||WhiteHerb|Unburden|CloseCombat,DireClaw,Coaching,FakeOut|Jolly||M|||50|]Incineroar||SitrusBerry|Intimidate|FlareBlitz,HelpingHand,PartingShot,FakeOut|Impish||M|||50|]Froslass||Froslassite|CursedBody|Blizzard,ShadowBall,NastyPlot,Protect|Timid||F|||50|]Sinistcha||ColburBerry|Hospitality|MatchaGotcha,ShadowBall,RagePowder,Protect|Bold|||||50|
|j| lakaka siuuu
|j| Tridello
|inactive|Battle timer is ON: inactive players will automatically lose when time's up. (requested by il mule)
|inactive|new mental has 60 seconds left.
|inactive|new mental has 30 seconds left.
|inactive|new mental has 20 seconds left.
|
|t:|1783331615
|teamsize|p1|4
|teamsize|p2|4
|start
|switch|p1a: Kingambit|Kingambit, L50, F|100/100
|switch|p1b: Charizard|Charizard, L50, F|100/100
|switch|p2a: odi et amo|Froslass, L50, F|100/100
|switch|p2b: Sabotage|Sneasler, L50, M|100/100
|turn|1
|
|t:|1783331638
|detailschange|p1b: Charizard|Charizard-Mega-Y, L50, F
|-mega|p1b: Charizard|Charizard|Charizardite Y
|-weather|SunnyDay|[from] ability: Drought|[of] p1b: Charizard
|move|p2b: Sabotage|Close Combat|p1a: Kingambit
|-supereffective|p1a: Kingambit|2
|-enditem|p1a: Kingambit|Focus Sash
|-damage|p1a: Kingambit|1/100
|-unboost|p2b: Sabotage|def|1
|-unboost|p2b: Sabotage|spd|1
|-enditem|p2b: Sabotage|White Herb
|-clearnegativeboost|p2b: Sabotage|[silent]
|move|p2a: odi et amo|Shadow Ball|p1a: Kingambit
|-resisted|p1a: Kingambit|1
|-damage|p1a: Kingambit|0 fnt
|faint|p1a: Kingambit
|move|p1b: Charizard|Heat Wave|p2a: odi et amo|[spread] p2a,p2b
|-supereffective|p2a: odi et amo|1
|-crit|p2a: odi et amo
|-damage|p2a: odi et amo|0 fnt
|-damage|p2b: Sabotage|33/100
|faint|p2a: odi et amo
|
|-weather|SunnyDay|[upkeep]
|upkeep
|
|t:|1783331659
|switch|p2a: Quando provo|Tyranitar, L50, M|100/100
|switch|p1a: Farigiraf|Farigiraf, L50, F|100/100
|-weather|Sandstorm|[from] ability: Sand Stream|[of] p2a: Quando provo
|turn|2
|
|t:|1783331678
|detailschange|p2a: Quando provo|Tyranitar-Mega, L50, M
|-mega|p2a: Quando provo|Tyranitar|Tyranitarite
|move|p1b: Charizard|Protect|p1b: Charizard
|-singleturn|p1b: Charizard|Protect
|move|p2b: Sabotage|Coaching|p2a: Quando provo
|-boost|p2a: Quando provo|atk|1
|-boost|p2a: Quando provo|def|1
|move|p2a: Quando provo|Knock Off|p1a: Farigiraf
|-supereffective|p1a: Farigiraf|1
|-damage|p1a: Farigiraf|0 fnt
|-enditem|p1a: Farigiraf|Sitrus Berry|[from] move: Knock Off|[of] p2a: Quando provo
|faint|p1a: Farigiraf
|
|-weather|Sandstorm|[upkeep]
|-damage|p2b: Sabotage|27/100|[from] Sandstorm
|-damage|p1b: Charizard|93/100|[from] Sandstorm
|upkeep
|
|t:|1783331686
|switch|p1a: Sylveon|Sylveon, L50, F|100/100
|turn|3
|
|t:|1783331690
|switch|p2b: Sidy|Incineroar, L50, M|100/100
|-ability|p2b: Sidy|Intimidate|boost
|-unboost|p1a: Sylveon|atk|1
|-unboost|p1b: Charizard|atk|1
|move|p2a: Quando provo|Protect|p2a: Quando provo
|-singleturn|p2a: Quando provo|Protect
|move|p1b: Charizard|Heat Wave|p2a: Quando provo|[spread] p2b
|-activate|p2a: Quando provo|move: Protect
|-resisted|p2b: Sidy|1
|-damage|p2b: Sidy|83/100
|move|p1a: Sylveon|Hyper Voice|p2a: Quando provo|[spread] p2b
|-activate|p2a: Quando provo|move: Protect
|-damage|p2b: Sidy|38/100
|-enditem|p2b: Sidy|Sitrus Berry|[eat]
|-heal|p2b: Sidy|63/100|[from] item: Sitrus Berry
|
|-weather|Sandstorm|[upkeep]
|-damage|p1b: Charizard|87/100|[from] Sandstorm
|-damage|p1a: Sylveon|93/100|[from] Sandstorm
|-damage|p2b: Sidy|57/100|[from] Sandstorm
|upkeep
|turn|4
|
|t:|1783331704
|move|p1b: Charizard|Protect|p1b: Charizard
|-singleturn|p1b: Charizard|Protect
|move|p1a: Sylveon|Protect|p1a: Sylveon
|-singleturn|p1a: Sylveon|Protect
|move|p2b: Sidy|Fake Out|p1a: Sylveon
|-activate|p1a: Sylveon|move: Protect
|move|p2a: Quando provo|Dragon Dance|p2a: Quando provo
|-boost|p2a: Quando provo|atk|1
|-boost|p2a: Quando provo|spe|1
|
|-weather|Sandstorm|[upkeep]
|-damage|p1b: Charizard|81/100|[from] Sandstorm
|-damage|p1a: Sylveon|87/100|[from] Sandstorm
|-damage|p2b: Sidy|51/100|[from] Sandstorm
|upkeep
|turn|5
|
|t:|1783331713
|move|p2a: Quando provo|Protect|p2a: Quando provo
|-singleturn|p2a: Quando provo|Protect
|move|p1b: Charizard|Weather Ball|p2b: Sidy
|-supereffective|p2b: Sidy|1
|-damage|p2b: Sidy|0 fnt
|faint|p2b: Sidy
|move|p1a: Sylveon|Hyper Beam|p2a: Quando provo
|-activate|p2a: Quando provo|move: Protect
|
|-weather|Sandstorm|[upkeep]
|-damage|p1b: Charizard|75/100|[from] Sandstorm
|-damage|p1a: Sylveon|81/100|[from] Sandstorm
|upkeep
|
|t:|1783331717
|switch|p2b: Sabotage|Sneasler, L50, M|27/100
|turn|6
|
|t:|1783331728
|move|p2b: Sabotage|Fake Out|p1a: Sylveon
|-damage|p1a: Sylveon|68/100
|move|p2a: Quando provo|Rock Slide|p1a: Sylveon|[spread] p1a,p1b
|-supereffective|p1b: Charizard|2
|-damage|p1a: Sylveon|0 fnt
|-damage|p1b: Charizard|0 fnt
|faint|p1a: Sylveon
|faint|p1b: Charizard
|
|win|il mule
|raw|new mental's rating: 1420 → 1404(-16 for losing)
|raw|il mule's rating: 1486 → 1502(+16 for winning)
|c|☆new mental|gg
|c|☆il mule|gg
