|j|☆GoofyGifts
|j|☆PlayzNSlayz
|html|GoofyGiftsPlayzNSlayz    
|uhtml|bestof|Game 1 of a best-of-3
|t:|1756959546
|gametype|doubles
|player|p1|GoofyGifts|blue|
|player|p2|PlayzNSlayz|parasollady|
|gen|9
|tier|[Gen 9] VGC 2025 Reg H (Bo3)
|rule|Species Clause: Limit one of each Pokémon
|rule|Item Clause: Limit 1 of each item
|clearpoke
|poke|p1|Indeedee, L50, M|
|poke|p1|Drifblim, L50, M|
|poke|p1|Volcarona, L50, F|
|poke|p1|Kommo-o, L50, M|
|poke|p1|Toxtricity, L50, M|
|poke|p1|Hydreigon, L50, M|
|poke|p2|Lilligant-Hisui, L50, F|
|poke|p2|Ursaluna, L50, F|
|poke|p2|Hatterene, L50, F|
|poke|p2|Indeedee-F, L50, F|
|poke|p2|Gallade, L50, M|
|poke|p2|Torkoal, L50, F|
|teampreview|4
|showteam|p1|Indeedee||FocusSash|PsychicSurge|ExpandingForce,TeraBlast,Imprison,TrickRoom|||M|||50|,,,,,Ground]Drifblim||PsychicSeed|Unburden|Acrobatics,WillOWisp,StrengthSap,Tailwind|||M|||50|,,,,,Grass]Volcarona||LifeOrb|FlameBody|BugBuzz,HeatWave,TeraBlast,Protect|||F|||50|,,,,,Fairy]Kommo-o||Leftovers|Soundproof|BodyPress,Flamethrower,IronDefense,Protect|||M|||50|,,,,,Fire]Toxtricity||ChoiceSpecs|PunkRock|Overdrive,Boomburst,SludgeBomb,VoltSwitch|||M|||50|,,,,,Normal]Hydreigon||AssaultVest|Levitate|DarkPulse,DracoMeteor,EarthPower,Snarl|||M|||50|,,,,,Ghost
|showteam|p2|Lilligant-Hisui||FocusSash|Chlorophyll|SolarBlade,CloseCombat,SleepPowder,AfterYou|||F|||50|,,,,,Ghost]Ursaluna||FlameOrb|Guts|Facade,HeadlongRush,Earthquake,Protect|||F|||50|,,,,,Ghost]Hatterene||LifeOrb|MagicBounce|ExpandingForce,DazzlingGleam,TeraBlast,TrickRoom|||F|||50|,,,,,Fire]Indeedee-F||PsychicSeed|PsychicSurge|FollowMe,HelpingHand,TrickRoom,Psyshock|||F|||50|,,,,,Water]Gallade||ClearAmulet|Sharpness|SacredSword,PsychoCut,WideGuard,TrickRoom|||M|||50|,,,,,Grass]Torkoal||ChoiceSpecs|Drought|Eruption,HeatWave,WeatherBall,EarthPower|||F|||50|,,,,,Fire
|
|t:|1756959573
|teamsize|p1|4
|teamsize|p2|4
|start
|switch|p1a: King dedede|Indeedee, L50, M|100/100
|switch|p1b: Grooker|Toxtricity, L50, M, shiny|100/100
|switch|p2a: Gallade|Gallade, L50, M|100/100
|switch|p2b: Lilligant|Lilligant-Hisui, L50, F|100/100
|-fieldstart|move: Psychic Terrain|[from] ability: Psychic Surge|[of] p1a: King dedede
|turn|1
|
|t:|1756959614
|switch|p1a: Medic|Drifblim, L50, M|100/100
|-enditem|p1a: Medic|Psychic Seed
|-boost|p1a: Medic|spd|1|[from] item: Psychic Seed
|-terastallize|p1b: Grooker|Normal
|move|p2b: Lilligant|After You|p2a: Gallade
|-activate|p2a: Gallade|move: After You
|move|p2a: Gallade|Trick Room|p2a: Gallade
|-fieldstart|move: Trick Room|[of] p2a: Gallade
|move|p1b: Grooker|Boomburst|p2a: Gallade|[spread] p2a,p2b
|-immune|p1a: Medic
|-damage|p2a: Gallade|3/100
|-enditem|p2b: Lilligant|Focus Sash
|-damage|p2b: Lilligant|1/100
|
|upkeep
|turn|2
|
|t:|1756959642
|move|p2a: Gallade|Wide Guard|p2a: Gallade
|-singleturn|p2a: Gallade|Wide Guard
|move|p1b: Grooker|Boomburst|p2b: Lilligant|[spread] 
|-activate|p2a: Gallade|move: Wide Guard
|-activate|p2b: Lilligant|move: Wide Guard
|-immune|p1a: Medic
|move|p2b: Lilligant|Sleep Powder|p1b: Grooker
|-status|p1b: Grooker|slp|[from] move: Sleep Powder
|move|p1a: Medic|Acrobatics|p2a: Gallade
|-supereffective|p2a: Gallade
|-damage|p2a: Gallade|0 fnt
|faint|p2a: Gallade
|
|upkeep
|
|t:|1756959657
|switch|p2a: Indeedee|Indeedee-F, L50, F|100/100
|-enditem|p2a: Indeedee|Psychic Seed
|-boost|p2a: Indeedee|spd|1|[from] item: Psychic Seed
|turn|3
|
|t:|1756959672
|move|p2a: Indeedee|Psyshock|p1b: Grooker
|-damage|p1b: Grooker|47/100 slp
|cant|p1b: Grooker|slp
|move|p2b: Lilligant|Solar Blade||[still]
|-prepare|p2b: Lilligant|Solar Blade
|move|p1a: Medic|Acrobatics|p2b: Lilligant
|-supereffective|p2b: Lilligant
|-damage|p2b: Lilligant|0 fnt
|faint|p2b: Lilligant
|
|upkeep
|
|t:|1756959684
|switch|p2b: Ursaluna|Ursaluna, L50, F|100/100
|turn|4
|
|t:|1756959718
|switch|p1b: Bowser|Hydreigon, L50, M|100/100
|move|p2b: Ursaluna|Protect|p2b: Ursaluna
|-singleturn|p2b: Ursaluna|Protect
|move|p2a: Indeedee|Psyshock|p1a: Medic
|-damage|p1a: Medic|64/100
|move|p1a: Medic|Acrobatics|p2b: Ursaluna
|-activate|p2b: Ursaluna|move: Protect
|
|-status|p2b: Ursaluna|brn|[from] item: Flame Orb
|upkeep
|turn|5
|
|t:|1756959743
|move|p2a: Indeedee|Helping Hand|p2b: Ursaluna
|-singleturn|p2b: Ursaluna|Helping Hand|[of] p2a: Indeedee
|move|p2b: Ursaluna|Facade|p1b: Bowser
|-damage|p1b: Bowser|0 fnt
|faint|p1b: Bowser
|move|p1a: Medic|Strength Sap|p2a: Indeedee
|-unboost|p2a: Indeedee|atk|1
|-heal|p1a: Medic|88/100
|
|-damage|p2b: Ursaluna|95/100 brn|[from] brn
|-fieldend|move: Trick Room
|-fieldend|move: Psychic Terrain
|upkeep
|
|t:|1756959758
|switch|p1b: King dedede|Indeedee, L50, M|100/100
|-fieldstart|move: Psychic Terrain|[from] ability: Psychic Surge|[of] p1b: King dedede
|turn|6
|
|t:|1756959776
|-terastallize|p2a: Indeedee|Water
|move|p1a: Medic|Acrobatics|p2a: Indeedee
|-damage|p2a: Indeedee|69/100
|move|p1b: King dedede|Expanding Force|p2b: Ursaluna|[spread] p2a,p2b
|-damage|p2a: Indeedee|36/100
|-damage|p2b: Ursaluna|49/100 brn
|move|p2a: Indeedee|Psyshock|p1a: Medic
|-damage|p1a: Medic|49/100
|move|p2b: Ursaluna|Facade|p1b: King dedede
|-enditem|p1b: King dedede|Focus Sash
|-damage|p1b: King dedede|1/100
|
|-damage|p2b: Ursaluna|43/100 brn|[from] brn
|upkeep
|turn|7
|
|t:|1756959800
|move|p1a: Medic|Tailwind|p1a: Medic
|-sidestart|p1: GoofyGifts|move: Tailwind
|move|p1b: King dedede|Expanding Force|p2b: Ursaluna|[spread] p2a,p2b
|-damage|p2a: Indeedee|0 fnt
|-damage|p2b: Ursaluna|0 fnt
|faint|p2a: Indeedee
|faint|p2b: Ursaluna
|
|win|GoofyGifts
||GoofyGifts is ready for game 2.
||PlayzNSlayz is ready for game 2.
|uhtml|next|Next: Game 2 of 3
|l|☆PlayzNSlayz
|player|p2|
|l|☆GoofyGifts
|player|p1|
|j|☆GoofyGifts
|player|p1|GoofyGifts|blue|
