|j|☆Beanybag
|j|☆vjunixyt
|html|Beanybagvjunixyt    
|uhtml|bestof|Game 2 of a best-of-3
|t:|1783046444
|gametype|doubles
|player|p1|Beanybag|102|1187
|player|p2|vjunixyt|169|1175
|gen|9
|tier|[Gen 9 Champions] VGC 2026 Reg M-B (Bo3)
|rated|
|rule|Species Clause: Limit one of each Pokémon
|rule|Item Clause: Limit 1 of each item
|clearpoke
|poke|p1|Ampharos, L50, F|
|poke|p1|Lopunny, L50, F|
|poke|p1|Grimmsnarl, L50, M|
|poke|p1|Bellibolt, L50, F|
|poke|p1|Sinistcha, L50|
|poke|p1|Toxapex, L50, F|
|poke|p2|Grimmsnarl, L50, M|
|poke|p2|Swampert, L50, M|
|poke|p2|Pelipper, L50, M|
|poke|p2|Archaludon, L50, F|
|poke|p2|Metagross, L50|
|poke|p2|Sinistcha-Masterpiece, L50|
|teampreview|4
|showteam|p1|Ampharos||Ampharosite|Static|CottonGuard,ParabolicCharge,DragonPulse,Protect|Sassy||F|||50|]Lopunny||Lopunnite|Limber|FakeOut,CloseCombat,SwordsDance,BrutalSwing|Jolly||F|||50|]Grimmsnarl||SitrusBerry|Prankster|FakeOut,PartingShot,SpiritBreak,LightScreen|Brave||M|||50|]Bellibolt||ShucaBerry|Electromorphosis|Soak,Toxic,VoltSwitch,SlackOff|Relaxed||F|||50|]Sinistcha||FocusSash|Hospitality|MatchaGotcha,RagePowder,Protect,TrickRoom|Quiet|||||50|]Toxapex||Leftovers|Merciless|BanefulBunker,Stockpile,Recover,PoisonJab|Careful||F|||50|
|showteam|p2|Grimmsnarl||LightClay|Prankster|PartingShot,Reflect,LightScreen,FoulPlay|Calm||M|||50|]Swampert||Swampertite|Torrent|WaveCrash,Earthquake,IcePunch,Protect|Adamant||M|||50|]Pelipper||SitrusBerry|Drizzle|Hurricane,WeatherBall,Tailwind,WideGuard|Modest||M|||50|]Archaludon||Leftovers|Stamina|ElectroShot,DragonPulse,Protect,FlashCannon|Modest||F|||50|]Metagross||Metagrossite|ClearBody|IronDefense,PsychicFangs,BodyPress,Protect|Jolly|||||50|]Sinistcha-Masterpiece||CobaBerry|Hospitality|RagePowder,MatchaGotcha,TrickRoom,Protect|Relaxed|||||50|
|
|t:|1783046465
|teamsize|p1|4
|teamsize|p2|4
|start
|switch|p1a: Grimmsnarl|Grimmsnarl, L50, M|100/100
|switch|p1b: Sinistcha|Sinistcha, L50|100/100
|switch|p2a: Metagross|Metagross, L50|100/100
|switch|p2b: Sinistcha|Sinistcha-Masterpiece, L50|100/100
|turn|1
|
|t:|1783046482
|detailschange|p2a: Metagross|Metagross-Mega, L50
|-mega|p2a: Metagross|Metagross|Metagrossite
|move|p1a: Grimmsnarl|Fake Out|p2a: Metagross
|-resisted|p2a: Metagross|1
|-damage|p2a: Metagross|94/100
|cant|p2a: Metagross|flinch
|move|p1b: Sinistcha|Matcha Gotcha|p2a: Metagross|[spread] p2a,p2b
|-resisted|p2a: Metagross|1
|-resisted|p2b: Sinistcha|1
|-damage|p2a: Metagross|78/100
|-damage|p2b: Sinistcha|84/100
|move|p2b: Sinistcha|Matcha Gotcha|p1b: Sinistcha|[spread] p1a,p1b
|-resisted|p1b: Sinistcha|1
|-damage|p1a: Grimmsnarl|73/100
|-heal|p2b: Sinistcha|99/100|[from] drain|[of] p1a: Grimmsnarl
|-damage|p1b: Sinistcha|84/100
|-heal|p2b: Sinistcha|100/100|[from] drain|[of] p1b: Sinistcha
|-status|p1a: Grimmsnarl|brn
|
|-damage|p1a: Grimmsnarl|67/100 brn|[from] brn
|upkeep
|turn|2
|
|t:|1783046509
|move|p1a: Grimmsnarl|Parting Shot|p2a: Metagross
|-unboost|p2a: Metagross|atk|1
|-unboost|p2a: Metagross|spa|1
|
|t:|1783046513
|switch|p1a: Bellibolt|Bellibolt, L50, F|100/100|[from] Parting Shot
|move|p2a: Metagross|Psychic Fangs|p1b: Sinistcha
|-damage|p1b: Sinistcha|47/100
|move|p2b: Sinistcha|Matcha Gotcha|p1b: Sinistcha|[spread] p1a,p1b
|-crit|p1a: Bellibolt
|-resisted|p1b: Sinistcha|1
|-damage|p1a: Bellibolt|67/100
|-damage|p1b: Sinistcha|32/100
|-status|p1b: Sinistcha|brn
|-start|p1a: Bellibolt|Charge|Matcha Gotcha|[from] ability: Electromorphosis
|move|p1b: Sinistcha|Trick Room|p1b: Sinistcha
|-fieldstart|move: Trick Room|[of] p1b: Sinistcha
|
|-damage|p1b: Sinistcha|25/100 brn|[from] brn
|upkeep
|turn|3
|
|t:|1783046529
|switch|p2a: Pelipper|Pelipper, L50, M|100/100
|-weather|RainDance|[from] ability: Drizzle|[of] p2a: Pelipper
|move|p1a: Bellibolt|Soak|p2a: Pelipper
|-start|p2a: Pelipper|typechange|Water
|move|p1b: Sinistcha|Matcha Gotcha|p2b: Sinistcha|[spread] p2a
|-miss|p1b: Sinistcha|p2b: Sinistcha
|-supereffective|p2a: Pelipper|1
|-damage|p2a: Pelipper|16/100
|-heal|p1b: Sinistcha|65/100 brn|[from] drain|[of] p2a: Pelipper
|-enditem|p2a: Pelipper|Sitrus Berry|[eat]
|-heal|p2a: Pelipper|40/100|[from] item: Sitrus Berry
|move|p2b: Sinistcha|Matcha Gotcha|p1b: Sinistcha|[spread] p1a,p1b
|-resisted|p1b: Sinistcha|1
|-damage|p1a: Bellibolt|43/100
|-damage|p1b: Sinistcha|50/100y brn
|-start|p1a: Bellibolt|Charge|Matcha Gotcha|[from] ability: Electromorphosis
|
|-weather|RainDance|[upkeep]
|-damage|p1b: Sinistcha|43/100 brn|[from] brn
|upkeep
|turn|4
|
|t:|1783046537
|move|p1a: Bellibolt|Soak|p2b: Sinistcha
|-start|p2b: Sinistcha|typechange|Water
|move|p1b: Sinistcha|Matcha Gotcha|p2b: Sinistcha|[spread] p2a,p2b
|-supereffective|p2a: Pelipper|1
|-supereffective|p2b: Sinistcha|1
|-damage|p2a: Pelipper|0 fnt
|-heal|p1b: Sinistcha|62/100 brn|[from] drain|[of] p2a: Pelipper
|-damage|p2b: Sinistcha|39/100
|-heal|p1b: Sinistcha|93/100 brn|[from] drain|[of] p2b: Sinistcha
|faint|p2a: Pelipper
|move|p2b: Sinistcha|Matcha Gotcha|p1b: Sinistcha|[spread] p1a,p1b
|-resisted|p1b: Sinistcha|1
|-crit|p1b: Sinistcha
|-damage|p1a: Bellibolt|26/100
|-heal|p2b: Sinistcha|49/100|[from] drain|[of] p1a: Bellibolt
|-damage|p1b: Sinistcha|77/100 brn
|-heal|p2b: Sinistcha|57/100|[from] drain|[of] p1b: Sinistcha
|-start|p1a: Bellibolt|Charge|Matcha Gotcha|[from] ability: Electromorphosis
|
|-weather|RainDance|[upkeep]
|-damage|p1b: Sinistcha|71/100 brn|[from] brn
|upkeep
|
|t:|1783046545
|switch|p2a: Metagross|Metagross-Mega, L50|78/100
|turn|5
|
|t:|1783046555
|move|p2b: Sinistcha|Protect|p2b: Sinistcha
|-singleturn|p2b: Sinistcha|Protect
|move|p1a: Bellibolt|Soak|p2a: Metagross
|-start|p2a: Metagross|typechange|Water
|move|p1b: Sinistcha|Matcha Gotcha|p2a: Metagross|[spread] p2a
|-activate|p2b: Sinistcha|move: Protect
|-supereffective|p2a: Metagross|1
|-damage|p2a: Metagross|18/100
|-heal|p1b: Sinistcha|100/100 brn|[from] drain|[of] p2a: Metagross
|move|p2a: Metagross|Psychic Fangs|p1b: Sinistcha
|-damage|p1b: Sinistcha|59/100 brn
|
|-weather|RainDance|[upkeep]
|-damage|p1b: Sinistcha|53/100 brn|[from] brn
|upkeep
|turn|6
|
|t:|1783046570
|switch|p2a: Archaludon|Archaludon, L50, F|100/100
|move|p2b: Sinistcha|Protect|p2b: Sinistcha
|-singleturn|p2b: Sinistcha|Protect
|move|p1a: Bellibolt|Slack Off|p1a: Bellibolt
|-heal|p1a: Bellibolt|77/100
|move|p1b: Sinistcha|Matcha Gotcha|p2b: Sinistcha|[spread] 
|-activate|p2b: Sinistcha|move: Protect
|-miss|p1b: Sinistcha|p2a: Archaludon
|
|-weather|RainDance|[upkeep]
|-damage|p1b: Sinistcha|47/100 brn|[from] brn
|-fieldend|move: Trick Room
|upkeep
|turn|7
|
|t:|1783046592
|switch|p1b: Grimmsnarl|Grimmsnarl, L50, M|67/100 brn
|move|p2a: Archaludon|Electro Shot||[still]
|-prepare|p2a: Archaludon|Electro Shot
|-boost|p2a: Archaludon|spa|1
|-anim|p2a: Archaludon|Electro Shot|p1b: Grimmsnarl
|-damage|p1b: Grimmsnarl|0 fnt
|faint|p1b: Grimmsnarl
|move|p2b: Sinistcha|Matcha Gotcha|p1a: Bellibolt
|-damage|p1a: Bellibolt|55/100
|-heal|p2b: Sinistcha|70/100|[from] drain|[of] p1a: Bellibolt
|-start|p1a: Bellibolt|Charge|Matcha Gotcha|[from] ability: Electromorphosis
|move|p1a: Bellibolt|Soak|p2a: Archaludon
|-start|p2a: Archaludon|typechange|Water
|
|-weather|none
|upkeep
|
|t:|1783046606
|switch|p1b: Sinistcha|Sinistcha, L50|47/100 brn
|-heal|p1a: Bellibolt|80/100|[from] ability: Hospitality|[of] p1b: Sinistcha
|turn|8
|
|t:|1783046620
|move|p2a: Archaludon|Dragon Pulse|p1b: Sinistcha
|-crit|p1b: Sinistcha
|-damage|p1b: Sinistcha|0 fnt
|faint|p1b: Sinistcha
|move|p2b: Sinistcha|Matcha Gotcha|p1a: Bellibolt
|-damage|p1a: Bellibolt|59/100
|-heal|p2b: Sinistcha|83/100|[from] drain|[of] p1a: Bellibolt
|-status|p1a: Bellibolt|brn
|-start|p1a: Bellibolt|Charge|Matcha Gotcha|[from] ability: Electromorphosis
|move|p1a: Bellibolt|Volt Switch|p2a: Archaludon
|-supereffective|p2a: Archaludon|1
|-damage|p2a: Archaludon|0 fnt
|faint|p2a: Archaludon
|-end|p1a: Bellibolt|Charge|[silent]
|
|t:|1783046624
|switch|p1a: Ampharos|Ampharos, L50, F|100/100|[from] Volt Switch
|
|upkeep
|
|t:|1783046627
|switch|p2a: Metagross|Metagross-Mega, L50|18/100
|switch|p1b: Bellibolt|Bellibolt, L50, F|59/100 brn
|turn|9
|
|t:|1783046644
|detailschange|p1a: Ampharos|Ampharos-Mega, L50, F
|-mega|p1a: Ampharos|Ampharos|Ampharosite
|-ability|p1a: Ampharos|Mold Breaker
|move|p2b: Sinistcha|Protect|p2b: Sinistcha
|-singleturn|p2b: Sinistcha|Protect
|move|p2a: Metagross|Psychic Fangs|p1a: Ampharos
|-damage|p1a: Ampharos|43/100
|move|p1a: Ampharos|Parabolic Charge|p2a: Metagross|[spread] p1b,p2a
|-activate|p2b: Sinistcha|move: Protect
|-resisted|p1b: Bellibolt|1
|-damage|p1b: Bellibolt|45/100 brn
|-heal|p1a: Ampharos|50/100g|[from] drain|[of] p1b: Bellibolt
|-damage|p2a: Metagross|0 fnt
|-heal|p1a: Ampharos|58/100|[from] drain|[of] p2a: Metagross
|-start|p1b: Bellibolt|Charge|Parabolic Charge|[from] ability: Electromorphosis
|faint|p2a: Metagross
|move|p1b: Bellibolt|Volt Switch|p2b: Sinistcha
|-activate|p2b: Sinistcha|move: Protect
|-end|p1b: Bellibolt|Charge|[silent]
|
|-damage|p1b: Bellibolt|39/100 brn|[from] brn
|upkeep
|turn|10
|
|t:|1783046654
|move|p2b: Sinistcha|Matcha Gotcha|p1b: Bellibolt|[spread] p1a,p1b
|-resisted|p1a: Ampharos|1
|-damage|p1a: Ampharos|53/100
|-heal|p2b: Sinistcha|86/100|[from] drain|[of] p1a: Ampharos
|-damage|p1b: Bellibolt|24/100 brn
|-heal|p2b: Sinistcha|95/100|[from] drain|[of] p1b: Bellibolt
|-status|p1a: Ampharos|brn
|-start|p1b: Bellibolt|Charge|Matcha Gotcha|[from] ability: Electromorphosis
|move|p1a: Ampharos|Parabolic Charge|p2b: Sinistcha|[spread] p1b,p2b
|-resisted|p1b: Bellibolt|1
|-supereffective|p2b: Sinistcha|1
|-damage|p1b: Bellibolt|12/100 brn
|-heal|p1a: Ampharos|60/100 brn|[from] drain|[of] p1b: Bellibolt
|-damage|p2b: Sinistcha|48/100
|-heal|p1a: Ampharos|81/100 brn|[from] drain|[of] p2b: Sinistcha
|-start|p1b: Bellibolt|Charge|Parabolic Charge|[from] ability: Electromorphosis
|move|p1b: Bellibolt|Volt Switch|p2b: Sinistcha
|-supereffective|p2b: Sinistcha|1
|-damage|p2b: Sinistcha|0 fnt
|faint|p2b: Sinistcha
|-end|p1b: Bellibolt|Charge|[silent]
|
|win|Beanybag
|raw|Beanybag's rating: 1187 → 1211(+24 for winning)
|raw|vjunixyt's rating: 1175 → 1151(-24 for losing)
