|j|☆satandagiii2005
|j|☆jumbomumbomb
|html|satandagiii2005jumbomumbomb    
|uhtml|bestof|Game 2 of a best-of-3
|t:|1782513872
|gametype|doubles
|player|p1|satandagiii2005|byron|1076
|player|p2|jumbomumbomb|2|1138
|gen|9
|tier|[Gen 9 Champions] VGC 2026 Reg M-B (Bo3)
|rated|
|rule|Species Clause: Limit one of each Pokémon
|rule|Item Clause: Limit 1 of each item
|clearpoke
|poke|p1|Grimmsnarl, L50, M|
|poke|p1|Swampert, L50, M|
|poke|p1|Pelipper, L50, M|
|poke|p1|Archaludon, L50, M|
|poke|p1|Sinistcha, L50|
|poke|p1|Metagross, L50|
|poke|p2|Sinistcha, L50|
|poke|p2|Swampert, L50, F|
|poke|p2|Pelipper, L50, M|
|poke|p2|Eelektross, L50, M|
|poke|p2|Incineroar, L50, F|
|poke|p2|Sneasler, L50, F|
|teampreview|4
|showteam|p1|Grimmsnarl||LightClay|Prankster|FoulPlay,PartingShot,Reflect,LightScreen|Calm||M|||50|]Swampert||Swampertite|Damp|WaveCrash,Earthquake,IcePunch,Protect|Adamant||M|||50|]Pelipper||SitrusBerry|Drizzle|Hurricane,WeatherBall,Tailwind,WideGuard|Modest||M|||50|]Archaludon||Leftovers|Stamina|ElectroShot,DragonPulse,FlashCannon,Protect|Modest||M|||50|]Sinistcha||CobaBerry|Hospitality|MatchaGotcha,RagePowder,TrickRoom,Protect|Relaxed|||||50|]Metagross||Metagrossite|ClearBody|IronHead,PsychicFangs,BodyPress,Protect|Jolly|||||50|
|showteam|p2|Sinistcha||LumBerry|Hospitality|Protect,TrickRoom,MatchaGotcha,RagePowder|Relaxed|||||50|]Swampert||Swampertite|Torrent|Protect,Earthquake,SmackDown,Liquidation|Adamant||F|||50|]Pelipper||Leftovers|Drizzle|Protect,WideGuard,Hurricane,Tailwind|Bold||M|||50|]Eelektross||LifeOrb|Levitate|Protect,Discharge,VoltSwitch,GigaDrain|Modest||M|||50|]Incineroar||SitrusBerry|Intimidate|FakeOut,FlareBlitz,PartingShot,DarkestLariat|Adamant||F|||50|]Sneasler||ExpertBelt|Pressure|FakeOut,CloseCombat,DireClaw,Taunt|Jolly||F|||50|
|inactive|Battle timer is ON: inactive players will automatically lose when time's up. (requested by satandagiii2005)
|
|t:|1782513901
|teamsize|p1|4
|teamsize|p2|4
|start
|switch|p1a: Grimmsnarl|Grimmsnarl, L50, M|100/100
|switch|p1b: Archaludon|Archaludon, L50, M|100/100
|switch|p2a: Swampert|Swampert, L50, F|100/100
|switch|p2b: Incineroar|Incineroar, L50, F|100/100
|-ability|p2b: Incineroar|Intimidate|boost
|-unboost|p1a: Grimmsnarl|atk|1
|-unboost|p1b: Archaludon|atk|1
|turn|1
|inactive|satandagiii2005 has 30 seconds left.
|inactive|jumbomumbomb has 30 seconds left.
|inactive|satandagiii2005 has 20 seconds left.
|inactive|satandagiii2005 has 15 seconds left.
|inactive|satandagiii2005 has 10 seconds left.
|
|t:|1782513950
|switch|p2b: Eelektross|Eelektross, L50, M|100/100
|detailschange|p2a: Swampert|Swampert-Mega, L50, F
|-mega|p2a: Swampert|Swampert|Swampertite
|move|p1b: Archaludon|Protect|p1b: Archaludon
|-singleturn|p1b: Archaludon|Protect
|move|p1a: Grimmsnarl|Parting Shot|p2b: Eelektross
|-unboost|p2b: Eelektross|atk|1
|-unboost|p2b: Eelektross|spa|1
|
|t:|1782513960
|switch|p1a: Sinistcha|Sinistcha, L50|100/100|[from] Parting Shot
|move|p2a: Swampert|Earthquake|p1b: Archaludon|[spread] p1a
|-activate|p1b: Archaludon|move: Protect
|-immune|p2b: Eelektross|[from] ability: Levitate
|-resisted|p1a: Sinistcha|1
|-damage|p1a: Sinistcha|81/100
|
|upkeep
|turn|2
|inactive|satandagiii2005 has 30 seconds left.
|
|t:|1782513986
|switch|p1b: Grimmsnarl|Grimmsnarl, L50, M|100/100
|switch|p2a: Incineroar|Incineroar, L50, F|100/100
|-ability|p2a: Incineroar|Intimidate|boost
|-unboost|p1a: Sinistcha|atk|1
|-unboost|p1b: Grimmsnarl|atk|1
|move|p1a: Sinistcha|Matcha Gotcha|p2b: Eelektross|[spread] p2a
|-miss|p1a: Sinistcha|p2b: Eelektross
|-resisted|p2a: Incineroar|1
|-damage|p2a: Incineroar|88/100
|-heal|p1a: Sinistcha|88/100|[from] drain|[of] p2a: Incineroar
|move|p2b: Eelektross|Volt Switch|p1a: Sinistcha
|-resisted|p1a: Sinistcha|1
|-damage|p1a: Sinistcha|73/100
|-damage|p2b: Eelektross|90/100|[from] item: Life Orb
|
|t:|1782514006
|switch|p2b: Swampert|Swampert-Mega, L50, F|100/100|[from] Volt Switch
|
|upkeep
|turn|3
|
|t:|1782514015
|move|p2b: Swampert|Protect|p2b: Swampert
|-singleturn|p2b: Swampert|Protect
|move|p1b: Grimmsnarl|Parting Shot|p2a: Incineroar
|-hint|Since gen 7, Dark is immune to Prankster moves.
|-immune|p2a: Incineroar
|move|p1a: Sinistcha|Matcha Gotcha|p2a: Incineroar|[spread] p2a
|-activate|p2b: Swampert|move: Protect
|-resisted|p2a: Incineroar|1
|-damage|p2a: Incineroar|76/100
|-heal|p1a: Sinistcha|80/100|[from] drain|[of] p2a: Incineroar
|move|p2a: Incineroar|Flare Blitz|p1a: Sinistcha
|-supereffective|p1a: Sinistcha|1
|-damage|p1a: Sinistcha|0 fnt
|faint|p1a: Sinistcha
|-damage|p2a: Incineroar|53/100|[from] Recoil
|
|upkeep
|
|t:|1782514031
|switch|p1a: Archaludon|Archaludon, L50, M|100/100
|turn|4
|
|t:|1782514041
|switch|p2a: Eelektross|Eelektross, L50, M|90/100
|move|p1b: Grimmsnarl|Parting Shot|p2b: Swampert
|-unboost|p2b: Swampert|atk|1
|-unboost|p2b: Swampert|spa|1
|
|t:|1782514047
|switch|p1b: Pelipper|Pelipper, L50, M|100/100|[from] Parting Shot
|-weather|RainDance|[from] ability: Drizzle|[of] p1b: Pelipper
|move|p2b: Swampert|Earthquake|p1a: Archaludon|[spread] p1a
|-immune|p2a: Eelektross|[from] ability: Levitate
|-immune|p1b: Pelipper
|-supereffective|p1a: Archaludon|1
|-damage|p1a: Archaludon|56/100
|-ability|p1a: Archaludon|Stamina|boost
|-boost|p1a: Archaludon|def|1
|move|p1a: Archaludon|Dragon Pulse|p2b: Swampert
|-damage|p2b: Swampert|62/100
|
|-weather|RainDance|[upkeep]
|-heal|p1a: Archaludon|62/100|[from] item: Leftovers
|upkeep
|turn|5
|
|t:|1782514070
|move|p2b: Swampert|Protect|p2b: Swampert
|-singleturn|p2b: Swampert|Protect
|move|p1b: Pelipper|Wide Guard|p1b: Pelipper
|-singleturn|p1b: Pelipper|Wide Guard
|move|p1a: Archaludon|Electro Shot||[still]
|-prepare|p1a: Archaludon|Electro Shot
|-boost|p1a: Archaludon|spa|1
|-anim|p1a: Archaludon|Electro Shot|p2a: Eelektross
|-resisted|p2a: Eelektross|1
|-damage|p2a: Eelektross|54/100
|move|p2a: Eelektross|Volt Switch|p1b: Pelipper
|-supereffective|p1b: Pelipper|2
|-damage|p1b: Pelipper|0 fnt
|faint|p1b: Pelipper
|-damage|p2a: Eelektross|45/100|[from] item: Life Orb
|
|t:|1782514085
|switch|p2a: Sinistcha|Sinistcha, L50|100/100|[from] Volt Switch
|-heal|p2b: Swampert|87/100|[from] ability: Hospitality|[of] p2a: Sinistcha
|
|-weather|RainDance|[upkeep]
|-heal|p1a: Archaludon|68/100|[from] item: Leftovers
|upkeep
|
|t:|1782514092
|switch|p1b: Grimmsnarl|Grimmsnarl, L50, M|100/100
|turn|6
|
|t:|1782514116
|switch|p2b: Incineroar|Incineroar, L50, F|53/100
|-ability|p2b: Incineroar|Intimidate|boost
|-unboost|p1a: Archaludon|atk|1
|-unboost|p1b: Grimmsnarl|atk|1
|move|p2a: Sinistcha|Rage Powder|p2a: Sinistcha
|-singleturn|p2a: Sinistcha|move: Rage Powder
|move|p1b: Grimmsnarl|Reflect|p1b: Grimmsnarl
|-sidestart|p1: satandagiii2005|Reflect
|move|p1a: Archaludon|Electro Shot||[still]
|-prepare|p1a: Archaludon|Electro Shot
|-boost|p1a: Archaludon|spa|1
|-anim|p1a: Archaludon|Electro Shot|p2a: Sinistcha
|-resisted|p2a: Sinistcha|1
|-crit|p2a: Sinistcha
|-damage|p2a: Sinistcha|22/100
|
|-weather|RainDance|[upkeep]
|-heal|p1a: Archaludon|74/100|[from] item: Leftovers
|upkeep
|turn|7
|
|t:|1782514139
|switch|p2a: Swampert|Swampert-Mega, L50, F|87/100
|move|p2b: Incineroar|Fake Out|p1b: Grimmsnarl
|-damage|p1b: Grimmsnarl|90/100
|move|p1a: Archaludon|Electro Shot||[still]
|-prepare|p1a: Archaludon|Electro Shot
|-boost|p1a: Archaludon|spa|1
|-anim|p1a: Archaludon|Electro Shot|p2b: Incineroar
|-damage|p2b: Incineroar|0 fnt
|faint|p2b: Incineroar
|cant|p1b: Grimmsnarl|flinch
|
|-weather|RainDance|[upkeep]
|-heal|p1a: Archaludon|80/100|[from] item: Leftovers
|upkeep
|
|t:|1782514153
|switch|p2b: Sinistcha|Sinistcha, L50|22/100
|-heal|p2a: Swampert|100/100|[from] ability: Hospitality|[of] p2b: Sinistcha
|turn|8
|
|t:|1782514165
|move|p2b: Sinistcha|Protect|p2b: Sinistcha
|-singleturn|p2b: Sinistcha|Protect
|move|p1b: Grimmsnarl|Parting Shot|p2a: Swampert
|-unboost|p2a: Swampert|atk|1
|-unboost|p2a: Swampert|spa|1
|move|p2a: Swampert|Liquidation|p1b: Grimmsnarl
|-damage|p1b: Grimmsnarl|54/100
|move|p1a: Archaludon|Electro Shot||[still]
|-prepare|p1a: Archaludon|Electro Shot
|-boost|p1a: Archaludon|spa|1
|-anim|p1a: Archaludon|Electro Shot|p2b: Sinistcha
|-activate|p2b: Sinistcha|move: Protect
|
|-weather|none
|-heal|p1a: Archaludon|86/100|[from] item: Leftovers
|upkeep
|turn|9
|inactive|jumbomumbomb has 30 seconds left.
|
|t:|1782514197
|switch|p2b: Eelektross|Eelektross, L50, M|45/100
|move|p1b: Grimmsnarl|Parting Shot|p2a: Swampert
|-unboost|p2a: Swampert|atk|1
|-unboost|p2a: Swampert|spa|1
|move|p1a: Archaludon|Dragon Pulse|p2a: Swampert
|-damage|p2a: Swampert|0 fnt
|faint|p2a: Swampert
|
|-heal|p1a: Archaludon|92/100|[from] item: Leftovers
|upkeep
|-message|jumbomumbomb forfeited.
|
|win|satandagiii2005
|raw|satandagiii2005's rating: 1076 → 1110(+34 for winning)
|raw|jumbomumbomb's rating: 1138 → 1109(-29 for losing)
|l|☆jumbomumbomb
|player|p2|
|c|☆satandagiii2005|gg
