|j|☆Chochito Pelao
|j|☆Atc13
|html|Chochito PelaoAtc13    
|uhtml|bestof|Game 1 of a best-of-3
|t:|1784705655
|gametype|doubles
|player|p1|Chochito Pelao|striker|1092
|player|p2|Atc13|102|1077
|gen|9
|tier|[Gen 9 Champions] VGC 2026 Reg M-B (Bo3)
|rated|
|rule|Species Clause: Limit one of each Pokémon
|rule|Item Clause: Limit 1 of each item
|clearpoke
|poke|p1|Floette-Eternal, L50, F|
|poke|p1|Incineroar, L50, F|
|poke|p1|Sinistcha-Masterpiece, L50, shiny|
|poke|p1|Aerodactyl, L50, M|
|poke|p1|Kingambit, L50, M|
|poke|p1|Garchomp, L50, F|
|poke|p2|Charizard, L50, F|
|poke|p2|Sylveon, L50, F|
|poke|p2|Oranguru, L50, F|
|poke|p2|Scrafty, L50, F|
|poke|p2|Corviknight, L50, M|
|poke|p2|Sinistcha, L50|
|teampreview|4
|showteam|p1|Floette-Eternal||Floettite|FlowerVeil|Moonblast,DazzlingGleam,CalmMind,Protect|Modest||F|||50|]Incineroar||SitrusBerry|Intimidate|FakeOut,PartingShot,ThroatChop,FlareBlitz|Careful||F|||50|]Sinistcha-Masterpiece||Leftovers|Hospitality|MatchaGotcha,TrickRoom,RagePowder,Protect|Bold|||||50|]Aerodactyl||Aerodactylite|Unnerve|IceFang,RockSlide,Tailwind,DualWingbeat|Jolly||M|||50|]Kingambit||FocusSash|Defiant|IronHead,SuckerPunch,KowtowCleave,LowKick|Adamant||M|||50|]Garchomp||LifeOrb|RoughSkin|Protect,DragonClaw,Earthquake,RockSlide|Jolly||F|||50|
|showteam|p2|Charizard||CharizarditeX|Blaze|BreakingSwipe,FlareBlitz,Protect,IronTail|Adamant||F|||50|]Sylveon||FairyFeather|Pixilate|HyperVoice,CalmMind,Yawn,Protect|Modest||F|||50|]Oranguru||FocusSash|InnerFocus|TrickRoom,Psychic,Instruct,Protect|Bold||F|||50|]Scrafty||Scraftinite|Intimidate|UpperHand,KnockOff,FakeOut,Protect|Adamant||F|||50|]Corviknight||SharpBeak|MirrorArmor|Roost,BulkUp,BraveBird,Tailwind|Careful||M|||50|]Sinistcha||KasibBerry|Hospitality|LifeDew,MatchaGotcha,RagePowder,Protect|Calm|||||50|
|
|t:|1784705705
|teamsize|p1|4
|teamsize|p2|4
|start
|switch|p1a: Aerodactyl|Aerodactyl, L50, M|100/100
|switch|p1b: Floette|Floette-Eternal, L50, F|100/100
|switch|p2a: Scrafty|Scrafty, L50, F|100/100
|switch|p2b: Sinistcha|Sinistcha, L50|100/100
|-ability|p1a: Aerodactyl|Unnerve
|-ability|p2a: Scrafty|Intimidate|boost
|-unboost|p1a: Aerodactyl|atk|1
|-unboost|p1b: Floette|atk|1
|turn|1
|
|t:|1784705732
|switch|p2b: Corviknight|Corviknight, L50, M|100/100
|detailschange|p1b: Floette|Floette-Mega, L50, F
|-mega|p1b: Floette|Floette|Floettite
|-ability|p1b: Floette|Fairy Aura
|move|p2a: Scrafty|Fake Out|p1a: Aerodactyl
|-resisted|p1a: Aerodactyl|1
|-damage|p1a: Aerodactyl|90/100
|cant|p1a: Aerodactyl|flinch
|move|p1b: Floette|Calm Mind|p1b: Floette
|-boost|p1b: Floette|spa|1
|-boost|p1b: Floette|spd|1
|
|upkeep
|turn|2
|
|t:|1784705754
|switch|p2a: Charizard|Charizard, L50, F|100/100
|move|p1a: Aerodactyl|Rock Slide|p2a: Charizard|[spread] p2b
|-miss|p1a: Aerodactyl|p2a: Charizard
|-damage|p2b: Corviknight|88/100
|move|p1b: Floette|Dazzling Gleam|p2b: Corviknight|[spread] p2a,p2b
|-resisted|p2a: Charizard|1
|-resisted|p2b: Corviknight|1
|-damage|p2a: Charizard|63/100
|-damage|p2b: Corviknight|61/100
|move|p2b: Corviknight|Bulk Up|p2b: Corviknight
|-boost|p2b: Corviknight|atk|1
|-boost|p2b: Corviknight|def|1
|
|upkeep
|turn|3
|
|t:|1784705777
|switch|p2b: Sinistcha|Sinistcha, L50|100/100
|-heal|p2a: Charizard|88/100|[from] ability: Hospitality|[of] p2b: Sinistcha
|detailschange|p2a: Charizard|Charizard-Mega-X, L50, F
|-mega|p2a: Charizard|Charizard|Charizardite X
|move|p1a: Aerodactyl|Tailwind|p1a: Aerodactyl
|-sidestart|p1: Chochito Pelao|move: Tailwind
|move|p1b: Floette|Dazzling Gleam|p2a: Charizard|[spread] p2a,p2b
|-damage|p2a: Charizard|14/100
|-damage|p2b: Sinistcha|34/100
|move|p2a: Charizard|Iron Tail|p1b: Floette|[miss]
|-miss|p2a: Charizard|p1b: Floette
|
|upkeep
|turn|4
|
|t:|1784705799
|switch|p1a: Incineroar|Incineroar, L50, F|100/100
|-ability|p1a: Incineroar|Intimidate|boost
|-unboost|p2a: Charizard|atk|1
|-unboost|p2b: Sinistcha|atk|1
|switch|p2a: Corviknight|Corviknight, L50, M|61/100
|move|p1b: Floette|Dazzling Gleam|p2a: Corviknight|[spread] p2a,p2b
|-resisted|p2a: Corviknight|1
|-damage|p2a: Corviknight|34/100
|-damage|p2b: Sinistcha|0 fnt
|faint|p2b: Sinistcha
|
|upkeep
|inactive|Battle timer is ON: inactive players will automatically lose when time's up. (requested by Chochito Pelao)
|
|t:|1784705816
|switch|p2b: Charizard|Charizard-Mega-X, L50, F|14/100
|turn|5
|
|t:|1784705821
|move|p2b: Charizard|Protect|p2b: Charizard
|-singleturn|p2b: Charizard|Protect
|move|p1a: Incineroar|Fake Out|p2a: Corviknight
|-resisted|p2a: Corviknight|1
|-damage|p2a: Corviknight|30/100
|move|p1b: Floette|Dazzling Gleam|p2a: Corviknight|[spread] p2a
|-activate|p2b: Charizard|move: Protect
|-resisted|p2a: Corviknight|1
|-damage|p2a: Corviknight|2/100
|cant|p2a: Corviknight|flinch
|
|upkeep
|turn|6
|-message|Atc13 forfeited.
|raw|Chochito Pelao's rating: 1092 → 1117(+25 for winning)
|raw|Atc13's rating: 1077 → 1056(-21 for losing)
|
|win|Chochito Pelao
