|j|☆hexagonfoot
|j|☆HLS_Filipe
|html|hexagonfootHLS_Filipe    
|uhtml|bestof|Game 1 of a best-of-3
|t:|1756651821
|gametype|doubles
|player|p1|hexagonfoot|caitlin|1250
|player|p2|HLS_Filipe|hilbert-wonderlauncher|1245
|gen|9
|tier|[Gen 9] VGC 2025 Reg H (Bo3)
|rated|
|rule|Species Clause: Limit one of each Pokémon
|rule|Item Clause: Limit 1 of each item
|clearpoke
|poke|p1|Kingambit, L50, M|
|poke|p1|Primarina, L50, M|
|poke|p1|Sneasler, L50, M|
|poke|p1|Magmar, L50, F|
|poke|p1|Rillaboom, L50, M|
|poke|p1|Dragapult, L50, F|
|poke|p2|Excadrill, L50, F|
|poke|p2|Tyranitar, L50, M|
|poke|p2|Emboar, L50, F|
|poke|p2|Indeedee-F, L50, F|
|poke|p2|Hatterene, L50, F|
|poke|p2|Gyarados, L50, M|
|teampreview|4
|showteam|p1|Kingambit||BlackGlasses|Defiant|KowtowCleave,SuckerPunch,SwordsDance,Protect|||M|||50|,,,,,Ghost]Primarina||SitrusBerry|LiquidVoice|HyperVoice,Moonblast,Haze,Protect|||M|||50|,,,,,Water]Sneasler||FocusSash|PoisonTouch|CloseCombat,DireClaw,FakeOut,Protect|||M|||50|,,,,,Stellar]Magmar||Eviolite|VitalSpirit|Overheat,WillOWisp,FollowMe,Protect|||F|||50|,,,,,Ghost]Rillaboom||AssaultVest|GrassySurge|WoodHammer,GrassyGlide,HighHorsepower,FakeOut|||M|||50|,,,,,Fire]Dragapult||ChoiceBand|ClearBody|DragonDarts,PhantomForce,TeraBlast,Uturn|||F|||50|,,,,,Ghost
|showteam|p2|Excadrill||FocusSash|SandRush|HighHorsepower,IronHead,Protect,SwordsDance|||F|||50|,,,,,Stellar]Tyranitar||AssaultVest|SandStream|RockSlide,KnockOff,TeraBlast,IceBeam|||M|||50|,,,,,Flying]Emboar||ClearAmulet|Reckless|FlareBlitz,CloseCombat,Protect,WildCharge|||F|||50|,,,,,Grass]Indeedee-F||SafetyGoggles|PsychicSurge|FollowMe,TrickRoom,HelpingHand,Psychic|||F|||50|,,,,,Fairy]Hatterene||LifeOrb|MagicBounce|ExpandingForce,DazzlingGleam,MysticalFire,TrickRoom|||F|||50|,,,,,Fire]Gyarados||CovertCloak|Intimidate|Waterfall,Protect,ThunderWave,Taunt|||M|||50|,,,,,Steel
|inactive|Battle timer is ON: inactive players will automatically lose when time's up. (requested by HLS_Filipe)
|inactive|hexagonfoot has 60 seconds left.
|inactive|hexagonfoot has 30 seconds left.
|
|t:|1756651891
|teamsize|p1|4
|teamsize|p2|4
|start
|switch|p1a: Syon Lane|Magmar, L50, F|100/100
|switch|p1b: Headstone Lane|Dragapult, L50, F|100/100
|switch|p2a: Excadrill|Excadrill, L50, F|100/100
|switch|p2b: Tyranitar|Tyranitar, L50, M|100/100
|-weather|Sandstorm|[from] ability: Sand Stream|[of] p2b: Tyranitar
|turn|1
|
|t:|1756651913
|switch|p1b: Hampstead Heath|Rillaboom, L50, M|100/100
|-fieldstart|move: Grassy Terrain|[from] ability: Grassy Surge|[of] p1b: Hampstead Heath
|-terastallize|p1a: Syon Lane|Ghost
|move|p2a: Excadrill|High Horsepower|p1b: Hampstead Heath
|-resisted|p1b: Hampstead Heath
|-crit|p1b: Hampstead Heath
|-damage|p1b: Hampstead Heath|61/100
|move|p1a: Syon Lane|Will-O-Wisp|p2b: Tyranitar
|-status|p2b: Tyranitar|brn
|move|p2b: Tyranitar|Rock Slide|p1b: Hampstead Heath|[spread] p1a,p1b
|-crit|p1b: Hampstead Heath
|-damage|p1a: Syon Lane|90/100
|-damage|p1b: Hampstead Heath|40/100
|
|-weather|Sandstorm|[upkeep]
|-damage|p1a: Syon Lane|84/100|[from] Sandstorm
|-damage|p1b: Hampstead Heath|33/100|[from] Sandstorm
|-heal|p1a: Syon Lane|90/100|[from] Grassy Terrain
|-heal|p1b: Hampstead Heath|40/100|[from] Grassy Terrain
|-damage|p2b: Tyranitar|95/100 brn|[from] brn
|upkeep
|turn|2
|inactive|hexagonfoot has 30 seconds left.
|inactive|HLS_Filipe has 30 seconds left.
|inactive|hexagonfoot has 20 seconds left.
|inactive|hexagonfoot has 15 seconds left.
|inactive|hexagonfoot has 10 seconds left.
|
|t:|1756651958
|switch|p2a: Emboar|Emboar, L50, F|100/100
|move|p1a: Syon Lane|Will-O-Wisp|p2a: Emboar
|-immune|p2a: Emboar
|move|p1b: Hampstead Heath|Wood Hammer|p2b: Tyranitar
|-supereffective|p2b: Tyranitar
|-damage|p2b: Tyranitar|0 fnt
|faint|p2b: Tyranitar
|-damage|p1b: Hampstead Heath|7/100|[from] Recoil
|
|-weather|Sandstorm|[upkeep]
|-damage|p1a: Syon Lane|84/100|[from] Sandstorm
|-damage|p1b: Hampstead Heath|1/100|[from] Sandstorm
|-damage|p2a: Emboar|94/100|[from] Sandstorm
|-heal|p1a: Syon Lane|90/100|[from] Grassy Terrain
|-heal|p1b: Hampstead Heath|7/100|[from] Grassy Terrain
|-heal|p2a: Emboar|100/100|[from] Grassy Terrain
|upkeep
|
|t:|1756651973
|switch|p2b: Gyarados|Gyarados, L50, M|100/100
|-ability|p2b: Gyarados|Intimidate|boost
|-unboost|p1a: Syon Lane|atk|1
|-unboost|p1b: Hampstead Heath|atk|1
|turn|3
|inactive|hexagonfoot has 30 seconds left.
|
|t:|1756652003
|move|p1a: Syon Lane|Follow Me|p1a: Syon Lane
|-singleturn|p1a: Syon Lane|move: Follow Me
|move|p1b: Hampstead Heath|Wood Hammer|p2b: Gyarados
|-damage|p2b: Gyarados|47/100
|-damage|p1b: Hampstead Heath|0 fnt|[from] Recoil
|faint|p1b: Hampstead Heath
|move|p2b: Gyarados|Taunt|p1a: Syon Lane
|-start|p1a: Syon Lane|move: Taunt
|move|p2a: Emboar|Flare Blitz|p1a: Syon Lane
|-damage|p1a: Syon Lane|21/100
|-damage|p2a: Emboar|82/100|[from] Recoil
|
|-weather|Sandstorm|[upkeep]
|-damage|p1a: Syon Lane|16/100|[from] Sandstorm
|-damage|p2b: Gyarados|41/100|[from] Sandstorm
|-damage|p2a: Emboar|76/100|[from] Sandstorm
|-heal|p1a: Syon Lane|21/100|[from] Grassy Terrain
|-heal|p2a: Emboar|82/100|[from] Grassy Terrain
|upkeep
|
|t:|1756652016
|switch|p1b: Headstone Lane|Dragapult, L50, F|100/100
|turn|4
|
|t:|1756652036
|switch|p1a: Seven Kings|Kingambit, L50, M|100/100
|-terastallize|p2b: Gyarados|Steel
|move|p1b: Headstone Lane|Dragon Darts|p2a: Emboar
|-damage|p2a: Emboar|40/100
|-anim|p1b: Headstone Lane|Dragon Darts|p2b: Gyarados
|-resisted|p2b: Gyarados
|-damage|p2b: Gyarados|24/100
|move|p2b: Gyarados|Waterfall|p1a: Seven Kings
|-damage|p1a: Seven Kings|71/100
|move|p2a: Emboar|Flare Blitz|p1b: Headstone Lane
|-resisted|p1b: Headstone Lane
|-damage|p1b: Headstone Lane|50/100
|-damage|p2a: Emboar|27/100|[from] Recoil
|
|-weather|Sandstorm|[upkeep]
|-damage|p1b: Headstone Lane|43/100|[from] Sandstorm
|-damage|p2a: Emboar|21/100|[from] Sandstorm
|-heal|p1b: Headstone Lane|50/100|[from] Grassy Terrain
|-heal|p2b: Gyarados|30/100|[from] Grassy Terrain
|-heal|p2a: Emboar|27/100|[from] Grassy Terrain
|-heal|p1a: Seven Kings|77/100|[from] Grassy Terrain
|upkeep
|turn|5
|inactive|HLS_Filipe has 30 seconds left.
|
|t:|1756652061
|move|p1a: Seven Kings|Sucker Punch||[still]
|-fail|p1a: Seven Kings
|move|p1b: Headstone Lane|Dragon Darts|p2a: Emboar
|-damage|p2a: Emboar|0 fnt
|-anim|p1b: Headstone Lane|Dragon Darts|p2b: Gyarados
|-resisted|p2b: Gyarados
|-damage|p2b: Gyarados|10/100
|faint|p2a: Emboar
|move|p2b: Gyarados|Thunder Wave|p1b: Headstone Lane
|-status|p1b: Headstone Lane|par
|
|-weather|none
|-heal|p2b: Gyarados|16/100|[from] Grassy Terrain
|-heal|p1b: Headstone Lane|56/100 par|[from] Grassy Terrain
|-heal|p1a: Seven Kings|83/100|[from] Grassy Terrain
|-fieldend|move: Grassy Terrain
|upkeep
|
|t:|1756652066
|switch|p2a: Excadrill|Excadrill, L50, F|100/100
|turn|6
|inactive|hexagonfoot has 30 seconds left.
|
|t:|1756652101
|move|p2b: Gyarados|Protect|p2b: Gyarados
|-singleturn|p2b: Gyarados|Protect
|move|p1a: Seven Kings|Sucker Punch|p2a: Excadrill
|-damage|p2a: Excadrill|31/100
|move|p2a: Excadrill|High Horsepower|p1a: Seven Kings
|-supereffective|p1a: Seven Kings
|-damage|p1a: Seven Kings|3/100
|move|p1b: Headstone Lane|Dragon Darts|p2a: Excadrill
|-resisted|p2a: Excadrill
|-damage|p2a: Excadrill|3/100
|-anim|p1b: Headstone Lane|Dragon Darts|p2a: Excadrill
|-resisted|p2a: Excadrill
|-damage|p2a: Excadrill|0 fnt
|faint|p2a: Excadrill
|
|upkeep
|turn|7
|
|t:|1756652113
|move|p1a: Seven Kings|Sucker Punch|p2b: Gyarados
|-damage|p2b: Gyarados|0 fnt
|faint|p2b: Gyarados
|
|win|hexagonfoot
||HLS_Filipe is ready for game 2.
||hexagonfoot is ready for game 2.
|uhtml|next|Next: Game 2 of 3
|l|☆HLS_Filipe
|player|p2|
