|j|☆gordon1357924681
|j|☆KodeBeast0526
|html|gordon1357924681KodeBeast0526    
|uhtml|bestof|Game 1 of a best-of-3
|t:|1784816077
|gametype|doubles
|player|p1|gordon1357924681|idol|1094
|player|p2|KodeBeast0526|hiker|1186
|gen|9
|tier|[Gen 9 Champions] VGC 2026 Reg M-B (Bo3)
|rated|
|rule|Species Clause: Limit one of each Pokémon
|rule|Item Clause: Limit 1 of each item
|clearpoke
|poke|p1|Politoed, L50, F|
|poke|p1|Gengar, L50, F|
|poke|p1|Incineroar, L50, F|
|poke|p1|Sinistcha, L50|
|poke|p1|Blastoise, L50, F|
|poke|p1|Sneasler, L50, M, shiny|
|poke|p2|Tyranitar, L50, F|
|poke|p2|Excadrill, L50, F|
|poke|p2|Milotic, L50, F|
|poke|p2|Sinistcha, L50|
|poke|p2|Staraptor, L50, M|
|poke|p2|Gholdengo, L50|
|teampreview|4
|showteam|p1|Politoed||SitrusBerry|Drizzle|Protect,PerishSong,WeatherBall,Encore|Bold||F|||50|]Gengar||Gengarite|CursedBody|PerishSong,Protect,ShadowBall,Disable|Timid||F|||50|]Incineroar||PasshoBerry|Intimidate|Protect,PartingShot,DarkestLariat,FakeOut|Bold||F|||50|]Sinistcha||ColburBerry|Hospitality|MatchaGotcha,Protect,RagePowder,TrickRoom|Calm|||||50|]Blastoise||Blastoisinite|RainDish|WaterSpout,DarkPulse,ShellSmash,Protect|Modest||F|||50|]Sneasler||FocusSash|PoisonTouch|CloseCombat,PoisonJab,FakeOut,Protect|Jolly||M|||50|
|showteam|p2|Tyranitar||Tyranitarite|SandStream|KnockOff,RockSlide,HighHorsepower,Protect|Jolly||F|||50|]Excadrill||FocusSash|SandRush|Earthquake,IronHead,RockSlide,Protect|Adamant||F|||50|]Milotic||SitrusBerry|Competitive|Scald,IcyWind,Haze,Protect|Calm||F|||50|]Sinistcha||ColburBerry|Hospitality|MatchaGotcha,ShadowBall,Protect,RagePowder|Bold|||||50|]Staraptor||Staraptite|Intimidate|CloseCombat,BraveBird,Tailwind,Protect|Jolly||M|||50|]Gholdengo||LifeOrb|GoodasGold|MakeItRain,ShadowBall,NastyPlot,Protect|Modest|||||50|
|
|t:|1784816102
|teamsize|p1|4
|teamsize|p2|4
|start
|switch|p1a: Blastoise|Blastoise, L50, F|100/100
|switch|p1b: Sneasler|Sneasler, L50, M, shiny|100/100
|switch|p2a: Tyranitar|Tyranitar, L50, F|100/100
|switch|p2b: Excadrill|Excadrill, L50, F|100/100
|-weather|Sandstorm|[from] ability: Sand Stream|[of] p2a: Tyranitar
|turn|1
|
|t:|1784816135
|detailschange|p1a: Blastoise|Blastoise-Mega, L50, F
|-mega|p1a: Blastoise|Blastoise|Blastoisinite
|detailschange|p2a: Tyranitar|Tyranitar-Mega, L50, F
|-mega|p2a: Tyranitar|Tyranitar|Tyranitarite
|move|p1b: Sneasler|Fake Out|p2b: Excadrill
|-resisted|p2b: Excadrill|1
|-damage|p2b: Excadrill|90/100
|cant|p2b: Excadrill|flinch
|move|p2a: Tyranitar|High Horsepower|p1b: Sneasler
|-supereffective|p1b: Sneasler|1
|-enditem|p1b: Sneasler|Focus Sash
|-damage|p1b: Sneasler|1/100
|move|p1a: Blastoise|Water Spout|p2b: Excadrill|[spread] p2a,p2b
|-supereffective|p2a: Tyranitar|1
|-supereffective|p2b: Excadrill|1
|-damage|p2a: Tyranitar|34/100
|-damage|p2b: Excadrill|0 fnt
|faint|p2b: Excadrill
|
|-weather|Sandstorm|[upkeep]
|-damage|p1b: Sneasler|0 fnt|[from] Sandstorm
|-damage|p1a: Blastoise|94/100|[from] Sandstorm
|faint|p1b: Sneasler
|upkeep
|
|t:|1784816164
|switch|p1b: Incineroar|Incineroar, L50, F|100/100
|switch|p2b: Sinistcha|Sinistcha, L50|100/100
|-ability|p1b: Incineroar|Intimidate|boost
|-unboost|p2a: Tyranitar|atk|1
|-unboost|p2b: Sinistcha|atk|1
|-heal|p2a: Tyranitar|59/100|[from] ability: Hospitality|[of] p2b: Sinistcha
|turn|2
|
|t:|1784816188
|move|p1b: Incineroar|Fake Out|p2a: Tyranitar
|-resisted|p2a: Tyranitar|1
|-damage|p2a: Tyranitar|56/100
|cant|p2a: Tyranitar|flinch
|move|p1a: Blastoise|Dark Pulse|p2b: Sinistcha
|-supereffective|p2b: Sinistcha|1
|-enditem|p2b: Sinistcha|Colbur Berry|[eat]
|-enditem|p2b: Sinistcha|Colbur Berry|[weaken]
|-damage|p2b: Sinistcha|52/100
|move|p2b: Sinistcha|Matcha Gotcha|p1b: Incineroar|[spread] p1a,p1b
|-supereffective|p1a: Blastoise|1
|-resisted|p1b: Incineroar|1
|-damage|p1a: Blastoise|44/100
|-heal|p2b: Sinistcha|74/100|[from] drain|[of] p1a: Blastoise
|-damage|p1b: Incineroar|89/100
|-heal|p2b: Sinistcha|81/100|[from] drain|[of] p1b: Incineroar
|-status|p1a: Blastoise|brn
|
|-weather|Sandstorm|[upkeep]
|-damage|p1a: Blastoise|38/100 brn|[from] Sandstorm
|-damage|p2b: Sinistcha|75/100|[from] Sandstorm
|-damage|p1b: Incineroar|83/100|[from] Sandstorm
|-damage|p1a: Blastoise|32/100 brn|[from] brn
|upkeep
|turn|3
|
|t:|1784816218
|switch|p2a: Gholdengo|Gholdengo, L50|100/100
|move|p1a: Blastoise|Protect|p1a: Blastoise
|-singleturn|p1a: Blastoise|Protect
|move|p2b: Sinistcha|Protect|p2b: Sinistcha
|-singleturn|p2b: Sinistcha|Protect
|move|p1b: Incineroar|Darkest Lariat|p2b: Sinistcha
|-activate|p2b: Sinistcha|move: Protect
|
|-weather|Sandstorm|[upkeep]
|-damage|p1a: Blastoise|26/100 brn|[from] Sandstorm
|-damage|p2b: Sinistcha|69/100|[from] Sandstorm
|-damage|p1b: Incineroar|77/100|[from] Sandstorm
|-damage|p1a: Blastoise|21/100 brn|[from] brn
|upkeep
|turn|4
|
|t:|1784816245
|switch|p1b: Sinistcha|Sinistcha, L50|100/100
|-heal|p1a: Blastoise|46/100 brn|[from] ability: Hospitality|[of] p1b: Sinistcha
|move|p1a: Blastoise|Dark Pulse|p2b: Sinistcha
|-supereffective|p2b: Sinistcha|1
|-damage|p2b: Sinistcha|0 fnt
|faint|p2b: Sinistcha
|move|p2a: Gholdengo|Make It Rain|p1a: Blastoise|[spread] p1a,p1b
|-resisted|p1a: Blastoise|1
|-damage|p1a: Blastoise|20/100y brn
|-damage|p1b: Sinistcha|45/100
|-unboost|p2a: Gholdengo|spa|2
|-damage|p2a: Gholdengo|90/100|[from] item: Life Orb
|
|-weather|Sandstorm|[upkeep]
|-damage|p1a: Blastoise|14/100 brn|[from] Sandstorm
|-damage|p1b: Sinistcha|38/100|[from] Sandstorm
|-damage|p1a: Blastoise|8/100 brn|[from] brn
|upkeep
|
|t:|1784816253
|switch|p2b: Tyranitar|Tyranitar-Mega, L50, F|56/100
|turn|5
|
|t:|1784816286
|move|p1b: Sinistcha|Protect|p1b: Sinistcha
|-singleturn|p1b: Sinistcha|Protect
|move|p2b: Tyranitar|Rock Slide|p1a: Blastoise|[spread] p1a
|-activate|p1b: Sinistcha|move: Protect
|-crit|p1a: Blastoise
|-damage|p1a: Blastoise|0 fnt
|faint|p1a: Blastoise
|move|p2a: Gholdengo|Nasty Plot|p2a: Gholdengo
|-boost|p2a: Gholdengo|spa|2
|
|-weather|none
|upkeep
|
|t:|1784816298
|switch|p1a: Incineroar|Incineroar, L50, F|77/100
|-ability|p1a: Incineroar|Intimidate|boost
|-unboost|p2a: Gholdengo|atk|1
|-unboost|p2b: Tyranitar|atk|1
|turn|6
|
|t:|1784816312
|move|p2b: Tyranitar|Protect|p2b: Tyranitar
|-singleturn|p2b: Tyranitar|Protect
|move|p1a: Incineroar|Fake Out|p2b: Tyranitar
|-activate|p2b: Tyranitar|move: Protect
|move|p2a: Gholdengo|Shadow Ball|p1b: Sinistcha
|-supereffective|p1b: Sinistcha|1
|-damage|p1b: Sinistcha|0 fnt
|faint|p1b: Sinistcha
|-damage|p2a: Gholdengo|80/100|[from] item: Life Orb
|
|upkeep
|turn|7
|
|t:|1784816327
|move|p2b: Tyranitar|Knock Off|p1a: Incineroar
|-resisted|p1a: Incineroar|1
|-damage|p1a: Incineroar|62/100
|-enditem|p1a: Incineroar|Passho Berry|[from] move: Knock Off|[of] p2b: Tyranitar
|move|p2a: Gholdengo|Make It Rain|p1a: Incineroar
|-resisted|p1a: Incineroar|1
|-damage|p1a: Incineroar|31/100
|-unboost|p2a: Gholdengo|spa|2
|-damage|p2a: Gholdengo|71/100|[from] item: Life Orb
|move|p1a: Incineroar|Darkest Lariat|p2a: Gholdengo
|-supereffective|p2a: Gholdengo|1
|-damage|p2a: Gholdengo|14/100
|
|upkeep
|turn|8
|
|t:|1784816343
|move|p2b: Tyranitar|High Horsepower|p1a: Incineroar
|-supereffective|p1a: Incineroar|1
|-damage|p1a: Incineroar|0 fnt
|faint|p1a: Incineroar
|
|win|KodeBeast0526
