|j|☆NathanaelW19
|j|☆trompanueva
|html|NathanaelW19trompanueva    
|uhtml|bestof|Game 3 of a best-of-3
|t:|1783863060
|gametype|doubles
|player|p1|NathanaelW19|169|1093
|player|p2|trompanueva|tate|1198
|gen|9
|tier|[Gen 9 Champions] VGC 2026 Reg M-B (Bo3)
|rated|
|rule|Species Clause: Limit one of each Pokémon
|rule|Item Clause: Limit 1 of each item
|clearpoke
|poke|p1|Gengar, L50, F, shiny|
|poke|p1|Kangaskhan, L50, F|
|poke|p1|Gholdengo, L50|
|poke|p1|Incineroar, L50, F, shiny|
|poke|p1|Politoed, L50, F, shiny|
|poke|p1|Aerodactyl, L50, M|
|poke|p2|Charizard, L50, M|
|poke|p2|Garchomp, L50, M|
|poke|p2|Sylveon, L50, F|
|poke|p2|Farigiraf, L50, F|
|poke|p2|Kingambit, L50, M|
|poke|p2|Aerodactyl, L50, M|
|teampreview|4
|showteam|p1|Gengar||Gengarite|CursedBody|SludgeBomb,ShadowBall,PerishSong,Protect|Modest||F|||50|]Kangaskhan||Kangaskhanite|Scrappy|FakeOut,DoubleEdge,BrickBreak,Protect|Jolly||F|||50|]Gholdengo||LifeOrb|GoodasGold|MakeItRain,PowerGem,ShadowBall,Protect|Modest|||||50|]Incineroar||SitrusBerry|Intimidate|FakeOut,DarkestLariat,PartingShot,Protect|Relaxed||F|||50|]Politoed||Leftovers|Drizzle|WeatherBall,Encore,PerishSong,Protect|Calm||F|||50|]Aerodactyl||FocusSash|Unnerve|Tailwind,RockSlide,DualWingbeat,Protect|Jolly||M|||50|
|showteam|p2|Charizard||CharizarditeY|SolarPower|Protect,HeatWave,SolarBeam,WeatherBall|Modest||M|||50|]Garchomp||LifeOrb|RoughSkin|Protect,DragonClaw,Earthquake,RockSlide|Jolly||M|||50|]Sylveon||FairyFeather|Pixilate|Detect,HyperVoice,HyperBeam,QuickAttack|Modest||F|||50|]Farigiraf||SitrusBerry|ArmorTail|TrickRoom,TwinBeam,Thunderbolt,Roar|Bold||F|||50|]Kingambit||FocusSash|Defiant|IronHead,SuckerPunch,KowtowCleave,LowKick|Adamant||M|||50|]Aerodactyl||Aerodactylite|Unnerve|Tailwind,DualWingbeat,RockSlide,IceFang|Jolly||M|||50|
|inactive|Battle timer is ON: inactive players will automatically lose when time's up. (requested by NathanaelW19)
|
|t:|1783863082
|teamsize|p1|4
|teamsize|p2|4
|start
|switch|p1a: Aerodactyl|Aerodactyl, L50, M|100/100
|switch|p1b: Kangaskhan|Kangaskhan, L50, F|100/100
|switch|p2a: Farigiraf|Farigiraf, L50, F|100/100
|switch|p2b: Charizard|Charizard, L50, M|100/100
|-ability|p1a: Aerodactyl|Unnerve
|turn|1
|
|t:|1783863098
|detailschange|p1b: Kangaskhan|Kangaskhan-Mega, L50, F
|-mega|p1b: Kangaskhan|Kangaskhan|Kangaskhanite
|detailschange|p2b: Charizard|Charizard-Mega-Y, L50, M
|-mega|p2b: Charizard|Charizard|Charizardite Y
|-weather|SunnyDay|[from] ability: Drought|[of] p2b: Charizard
|move|p2b: Charizard|Protect|p2b: Charizard
|-singleturn|p2b: Charizard|Protect
|move|p1a: Aerodactyl|Rock Slide|p2a: Farigiraf|[spread] p2a
|-activate|p2b: Charizard|move: Protect
|-damage|p2a: Farigiraf|79/100
|move|p1b: Kangaskhan|Double-Edge|p2a: Farigiraf
|-damage|p2a: Farigiraf|30/100
|-damage|p2a: Farigiraf|18/100
|-hitcount|p2a: Farigiraf|2
|-damage|p1b: Kangaskhan|76/100|[from] Recoil
|move|p2a: Farigiraf|Trick Room|p2a: Farigiraf
|-fieldstart|move: Trick Room|[of] p2a: Farigiraf
|
|-weather|SunnyDay|[upkeep]
|upkeep
|turn|2
|
|t:|1783863112
|switch|p2b: Sylveon|Sylveon, L50, F|100/100
|move|p2a: Farigiraf|Thunderbolt|p1a: Aerodactyl
|-supereffective|p1a: Aerodactyl|1
|-damage|p1a: Aerodactyl|31/100
|move|p1b: Kangaskhan|Double-Edge|p2b: Sylveon
|-damage|p2b: Sylveon|31/100
|-damage|p2b: Sylveon|14/100
|-hitcount|p2b: Sylveon|2
|-damage|p1b: Kangaskhan|50/100y|[from] Recoil
|move|p1a: Aerodactyl|Rock Slide|p2b: Sylveon|[spread] p2a,p2b
|-damage|p2a: Farigiraf|0 fnt
|-damage|p2b: Sylveon|0 fnt
|faint|p2a: Farigiraf
|faint|p2b: Sylveon
|
|-weather|SunnyDay|[upkeep]
|upkeep
|
|t:|1783863119
|switch|p2a: Kingambit|Kingambit, L50, M|100/100
|switch|p2b: Charizard|Charizard-Mega-Y, L50, M|100/100
|turn|3
|inactive|NathanaelW19 has 30 seconds left.
|
|t:|1783863146
|switch|p1b: Politoed|Politoed, L50, F, shiny|100/100
|-weather|RainDance|[from] ability: Drizzle|[of] p1b: Politoed
|move|p2a: Kingambit|Low Kick|p1b: Politoed
|-damage|p1b: Politoed|79/100
|move|p2b: Charizard|Weather Ball|p1a: Aerodactyl
|-supereffective|p1a: Aerodactyl|1
|-damage|p1a: Aerodactyl|0 fnt
|faint|p1a: Aerodactyl
|
|-weather|RainDance|[upkeep]
|-heal|p1b: Politoed|85/100|[from] item: Leftovers
|upkeep
|
|t:|1783863156
|switch|p1a: Kangaskhan|Kangaskhan-Mega, L50, F|50/100y
|turn|4
|
|t:|1783863169
|move|p2b: Charizard|Protect|p2b: Charizard
|-singleturn|p2b: Charizard|Protect
|move|p1a: Kangaskhan|Fake Out|p2a: Kingambit
|-resisted|p2a: Kingambit|1
|-damage|p2a: Kingambit|91/100
|-resisted|p2a: Kingambit|1
|-damage|p2a: Kingambit|89/100
|-hitcount|p2a: Kingambit|2
|move|p1b: Politoed|Perish Song|p1b: Politoed
|-start|p1a: Kangaskhan|perish3|[silent]
|-start|p1b: Politoed|perish3|[silent]
|-start|p2a: Kingambit|perish3|[silent]
|-start|p2b: Charizard|perish3|[silent]
|-fieldactivate|move: Perish Song
|cant|p2a: Kingambit|flinch
|
|-weather|RainDance|[upkeep]
|-heal|p1b: Politoed|91/100|[from] item: Leftovers
|-start|p1b: Politoed|perish3
|-start|p2a: Kingambit|perish3
|-start|p2b: Charizard|perish3
|-start|p1a: Kangaskhan|perish3
|upkeep
|turn|5
|-message|trompanueva forfeited.
|
|win|NathanaelW19
|raw|NathanaelW19's rating: 1093 → 1127(+34 for winning)
|raw|trompanueva's rating: 1198 → 1166(-32 for losing)
|l|☆trompanueva
|player|p2|
