|j|☆AceTrainerJimothy3
|j|☆thisisaladderteam
|html|AceTrainerJimothy3thisisaladderteam    
|uhtml|bestof|Game 2 of a best-of-3
|t:|1782459530
|gametype|doubles
|player|p1|AceTrainerJimothy3|aaron|1111
|player|p2|thisisaladderteam|guzma|1250
|gen|9
|tier|[Gen 9 Champions] VGC 2026 Reg M-B (Bo3)
|rated|
|rule|Species Clause: Limit one of each Pokémon
|rule|Item Clause: Limit 1 of each item
|clearpoke
|poke|p1|Gengar, L50, F|
|poke|p1|Incineroar, L50, F|
|poke|p1|Garchomp, L50, M|
|poke|p1|Whimsicott, L50, F|
|poke|p1|Staraptor, L50, M|
|poke|p1|Milotic, L50, M|
|poke|p2|Sceptile, L50, F, shiny|
|poke|p2|Rotom-Heat, L50, shiny|
|poke|p2|Toxapex, L50, M, shiny|
|poke|p2|Incineroar, L50, M, shiny|
|poke|p2|Garchomp, L50, F|
|poke|p2|Gholdengo, L50|
|teampreview|4
|showteam|p1|Gengar||Gengarite|CursedBody|ShadowBall,SludgeBomb,PerishSong,Protect|Modest||F|||50|]Incineroar||SitrusBerry|Intimidate|FakeOut,PartingShot,FlareBlitz,ThroatChop|Bold||F|||50|]Garchomp||LifeOrb|RoughSkin|RockSlide,Protect,DragonClaw,StompingTantrum|Adamant||M|||50|]Whimsicott||FocusSash|Prankster|Moonblast,Charm,Encore,Tailwind|Modest||F|||50|]Staraptor||Staraptite|Intimidate|CloseCombat,Roost,Protect,BraveBird|Careful||M|||50|]Milotic||Leftovers|Competitive|Hypnosis,Coil,MuddyWater,Recover|Bold||M|||50|
|showteam|p2|Sceptile||Sceptilite|Overgrow|Detect,EnergyBall,DragonPulse,EarthPower|Timid||F|||50|]Rotom-Heat||ChoiceScarf|Levitate|Discharge,Electroweb,Overheat,WillOWisp|Timid|||||50|]Toxapex||Leftovers|Regenerator|BanefulBunker,Infestation,Toxic,WideGuard|Bold||M|||50|]Incineroar||SitrusBerry|Intimidate|FakeOut,PartingShot,ThroatChop,FlareBlitz|Careful||M|||50|]Garchomp||LifeOrb|RoughSkin|Protect,RockSlide,Earthquake,DragonClaw|Jolly||F|||50|]Gholdengo||KasibBerry|GoodasGold|Protect,NastyPlot,ShadowBall,MakeItRain|Modest|||||50|
|inactive|Battle timer is ON: inactive players will automatically lose when time's up. (requested by thisisaladderteam)
|inactive|AceTrainerJimothy3 also wants the timer to be on.
|inactive|thisisaladderteam has 60 seconds left.
|
|t:|1782459575
|teamsize|p1|4
|teamsize|p2|4
|start
|switch|p1a: Gengar|Gengar, L50, F|100/100
|switch|p1b: Incineroar|Incineroar, L50, F|100/100
|switch|p2a: Gholdengo|Gholdengo, L50|100/100
|switch|p2b: Toxapex|Toxapex, L50, M, shiny|100/100
|-ability|p1b: Incineroar|Intimidate|boost
|-unboost|p2a: Gholdengo|atk|1
|-unboost|p2b: Toxapex|atk|1
|turn|1
|inactive|AceTrainerJimothy3 has 30 seconds left.
|inactive|AceTrainerJimothy3 has 20 seconds left.
|
|t:|1782459610
|switch|p2b: Incineroar|Incineroar, L50, M, shiny|100/100
|-ability|p2b: Incineroar|Intimidate|boost
|-unboost|p1a: Gengar|atk|1
|-unboost|p1b: Incineroar|atk|1
|detailschange|p1a: Gengar|Gengar-Mega, L50, F
|-mega|p1a: Gengar|Gengar|Gengarite
|move|p2a: Gholdengo|Protect|p2a: Gholdengo
|-singleturn|p2a: Gholdengo|Protect
|move|p1a: Gengar|Perish Song|p1a: Gengar
|-start|p1a: Gengar|perish3|[silent]
|-start|p1b: Incineroar|perish3|[silent]
|-immune|p2a: Gholdengo|[from] ability: Good as Gold
|-start|p2b: Incineroar|perish3|[silent]
|-fieldactivate|move: Perish Song
|move|p1b: Incineroar|Parting Shot|p2a: Gholdengo
|-activate|p2a: Gholdengo|move: Protect
|
|-start|p1a: Gengar|perish3
|-start|p2b: Incineroar|perish3
|-start|p1b: Incineroar|perish3
|upkeep
|turn|2
|inactive|AceTrainerJimothy3 has 30 seconds left.
|
|t:|1782459639
|move|p2b: Incineroar|Fake Out|p1b: Incineroar
|-damage|p1b: Incineroar|91/100
|move|p1a: Gengar|Shadow Ball|p2a: Gholdengo
|-supereffective|p2a: Gholdengo|1
|-enditem|p2a: Gholdengo|Kasib Berry|[eat]
|-enditem|p2a: Gholdengo|Kasib Berry|[weaken]
|-damage|p2a: Gholdengo|35/100
|-unboost|p2a: Gholdengo|spd|1
|move|p2a: Gholdengo|Shadow Ball|p1a: Gengar
|-supereffective|p1a: Gengar|1
|-damage|p1a: Gengar|0 fnt
|faint|p1a: Gengar
|cant|p1b: Incineroar|flinch
|
|-start|p2b: Incineroar|perish2
|-start|p1b: Incineroar|perish2
|upkeep
|
|t:|1782459660
|switch|p1a: Garchomp|Garchomp, L50, M|100/100
|turn|3
|
|t:|1782459677
|switch|p2a: Toxapex|Toxapex, L50, M, shiny|100/100
|move|p1a: Garchomp|Stomping Tantrum|p2a: Toxapex
|-supereffective|p2a: Toxapex|1
|-damage|p2a: Toxapex|25/100
|-damage|p1a: Garchomp|90/100|[from] item: Life Orb
|move|p2b: Incineroar|Parting Shot|p1a: Garchomp
|-unboost|p1a: Garchomp|atk|1
|-unboost|p1a: Garchomp|spa|1
|
|t:|1782459686
|switch|p2b: Gholdengo|Gholdengo, L50|35/100|[from] Parting Shot
|move|p1b: Incineroar|Parting Shot|p2b: Gholdengo
|-immune|p2b: Gholdengo|[from] ability: Good as Gold
|
|-heal|p2a: Toxapex|31/100|[from] item: Leftovers
|-start|p1b: Incineroar|perish1
|upkeep
|turn|4
|
|t:|1782459705
|switch|p1b: Whimsicott|Whimsicott, L50, F|100/100
|-heal|p2a: Toxapex|64/100|[from] ability: Regenerator|[silent]
|switch|p2a: Incineroar|Incineroar, L50, M, shiny|100/100
|-ability|p2a: Incineroar|Intimidate|boost
|-unboost|p1a: Garchomp|atk|1
|-unboost|p1b: Whimsicott|atk|1
|move|p1a: Garchomp|Stomping Tantrum|p2b: Gholdengo
|-supereffective|p2b: Gholdengo|1
|-damage|p2b: Gholdengo|0 fnt
|faint|p2b: Gholdengo
|-damage|p1a: Garchomp|80/100|[from] item: Life Orb
|
|upkeep
|
|t:|1782459716
|switch|p2b: Toxapex|Toxapex, L50, M, shiny|64/100
|turn|5
|
|t:|1782459734
|switch|p1a: Incineroar|Incineroar, L50, F|91/100
|-ability|p1a: Incineroar|Intimidate|boost
|-unboost|p2a: Incineroar|atk|1
|-unboost|p2b: Toxapex|atk|1
|move|p2a: Incineroar|Fake Out|p1a: Incineroar
|-damage|p1a: Incineroar|85/100
|move|p1b: Whimsicott|Charm|p2a: Incineroar
|-hint|Since gen 7, Dark is immune to Prankster moves.
|-immune|p2a: Incineroar
|move|p2b: Toxapex|Toxic|p1b: Whimsicott
|-status|p1b: Whimsicott|tox
|
|-heal|p2b: Toxapex|70/100|[from] item: Leftovers
|-damage|p1b: Whimsicott|94/100 tox|[from] psn
|upkeep
|turn|6
|inactive|AceTrainerJimothy3 has 30 seconds left.
|inactive|AceTrainerJimothy3 has 20 seconds left.
|
|t:|1782459773
|move|p1b: Whimsicott|Moonblast|p2a: Incineroar
|-damage|p2a: Incineroar|71/100
|move|p2a: Incineroar|Parting Shot|p1a: Incineroar
|-unboost|p1a: Incineroar|atk|1
|-unboost|p1a: Incineroar|spa|1
|
|t:|1782459778
|switch|p2a: Sceptile|Sceptile, L50, F, shiny|100/100|[from] Parting Shot
|move|p1a: Incineroar|Parting Shot|p2a: Sceptile
|-unboost|p2a: Sceptile|atk|1
|-unboost|p2a: Sceptile|spa|1
|
|t:|1782459785
|switch|p1a: Garchomp|Garchomp, L50, M|80/100|[from] Parting Shot
|move|p2b: Toxapex|Infestation|p1b: Whimsicott
|-damage|p1b: Whimsicott|89/100 tox
|-activate|p1b: Whimsicott|move: Infestation|[of] p2b: Toxapex
|
|-heal|p2b: Toxapex|75/100|[from] item: Leftovers
|-damage|p1b: Whimsicott|77/100 tox|[from] psn
|-damage|p1b: Whimsicott|64/100 tox|[from] move: Infestation|[partiallytrapped]
|upkeep
|turn|7
|inactive|AceTrainerJimothy3 has 30 seconds left.
|
|t:|1782459816
|switch|p2a: Incineroar|Incineroar, L50, M, shiny|71/100
|-ability|p2a: Incineroar|Intimidate|boost
|-unboost|p1a: Garchomp|atk|1
|-unboost|p1b: Whimsicott|atk|1
|move|p1b: Whimsicott|Moonblast|p2a: Incineroar
|-damage|p2a: Incineroar|40/100
|-enditem|p2a: Incineroar|Sitrus Berry|[eat]
|-heal|p2a: Incineroar|64/100|[from] item: Sitrus Berry
|move|p1a: Garchomp|Dragon Claw|p2a: Incineroar
|-damage|p2a: Incineroar|27/100
|-damage|p1a: Garchomp|70/100|[from] item: Life Orb
|move|p2b: Toxapex|Toxic|p1a: Garchomp
|-status|p1a: Garchomp|tox
|
|-heal|p2b: Toxapex|81/100|[from] item: Leftovers
|-damage|p1b: Whimsicott|47/100 tox|[from] psn
|-damage|p1a: Garchomp|64/100 tox|[from] psn
|-damage|p1b: Whimsicott|35/100 tox|[from] move: Infestation|[partiallytrapped]
|upkeep
|turn|8
|inactive|AceTrainerJimothy3 has 30 seconds left.
|
|t:|1782459845
|switch|p1a: Incineroar|Incineroar, L50, F|85/100
|-ability|p1a: Incineroar|Intimidate|boost
|-unboost|p2a: Incineroar|atk|1
|-unboost|p2b: Toxapex|atk|1
|move|p2a: Incineroar|Fake Out|p1b: Whimsicott
|-damage|p1b: Whimsicott|23/100 tox
|cant|p1b: Whimsicott|flinch
|move|p2b: Toxapex|Infestation|p1a: Incineroar
|-damage|p1a: Incineroar|82/100
|-activate|p1a: Incineroar|move: Infestation|[of] p2b: Toxapex
|
|-heal|p2b: Toxapex|87/100|[from] item: Leftovers
|-damage|p1b: Whimsicott|0 fnt|[from] psn
|faint|p1b: Whimsicott
|-damage|p1a: Incineroar|70/100|[from] move: Infestation|[partiallytrapped]
|upkeep
|
|t:|1782459863
|switch|p1b: Garchomp|Garchomp, L50, M|64/100 tox
|turn|9
|
|t:|1782459875
|move|p1a: Incineroar|Fake Out|p2a: Incineroar
|-damage|p2a: Incineroar|18/100
|move|p1b: Garchomp|Dragon Claw|p2a: Incineroar
|-damage|p2a: Incineroar|0 fnt
|faint|p2a: Incineroar
|-damage|p1b: Garchomp|55/100 tox|[from] item: Life Orb
|move|p2b: Toxapex|Toxic|p1a: Incineroar
|-status|p1a: Incineroar|tox
|
|-heal|p2b: Toxapex|92/100|[from] item: Leftovers
|-damage|p1b: Garchomp|49/100 tox|[from] psn
|-damage|p1a: Incineroar|64/100 tox|[from] psn
|-damage|p1a: Incineroar|51/100 tox|[from] move: Infestation|[partiallytrapped]
|upkeep
|
|t:|1782459887
|switch|p2a: Sceptile|Sceptile, L50, F, shiny|100/100
|turn|10
|
|t:|1782459897
|detailschange|p2a: Sceptile|Sceptile-Mega, L50, F, shiny
|-mega|p2a: Sceptile|Sceptile|Sceptilite
|move|p2a: Sceptile|Dragon Pulse|p1b: Garchomp
|-supereffective|p1b: Garchomp|1
|-damage|p1b: Garchomp|0 fnt
|faint|p1b: Garchomp
|move|p1a: Incineroar|Flare Blitz|p2a: Sceptile
|-damage|p2a: Sceptile|32/100
|-status|p2a: Sceptile|brn
|-damage|p1a: Incineroar|35/100 tox|[from] Recoil
|-enditem|p1a: Incineroar|Sitrus Berry|[eat]
|-heal|p1a: Incineroar|60/100 tox|[from] item: Sitrus Berry
|move|p2b: Toxapex|Infestation|p1a: Incineroar
|-damage|p1a: Incineroar|57/100 tox
|
|-heal|p2b: Toxapex|98/100|[from] item: Leftovers
|-damage|p1a: Incineroar|45/100 tox|[from] psn
|-damage|p2a: Sceptile|26/100 brn|[from] brn
|-damage|p1a: Incineroar|33/100 tox|[from] move: Infestation|[partiallytrapped]
|upkeep
|turn|11
|
|t:|1782459918
|move|p2b: Toxapex|Wide Guard|p2b: Toxapex
|-singleturn|p2b: Toxapex|Wide Guard
|move|p2a: Sceptile|Earth Power|p1a: Incineroar
|-supereffective|p1a: Incineroar|1
|-damage|p1a: Incineroar|0 fnt
|faint|p1a: Incineroar
|
|win|thisisaladderteam
|raw|AceTrainerJimothy3's rating: 1111 → 1096(-15 for losing)
|raw|thisisaladderteam's rating: 1250 → 1265(+15 for winning)
