|j|☆The.JuanMa
|j|☆bubu45
|html|The.JuanMabubu45    
|uhtml|bestof|Game 2 of a best-of-3
|t:|1786053288
|gametype|doubles
|player|p1|The.JuanMa|265|1109
|player|p2|bubu45|roughneck-gen4|1051
|gen|9
|tier|[Gen 9 Champions] VGC 2026 Reg M-B (Bo3)
|rated|
|rule|Species Clause: Limit one of each Pokémon
|rule|Item Clause: Limit 1 of each item
|clearpoke
|poke|p1|Whimsicott, L50, M, shiny|
|poke|p1|Floette-Eternal, L50, F|
|poke|p1|Charizard, L50, M, shiny|
|poke|p1|Basculegion, L50, M|
|poke|p1|Glimmora, L50, M, shiny|
|poke|p1|Garchomp, L50, F|
|poke|p2|Spiritomb, L50, M|
|poke|p2|Blastoise, L50, F|
|poke|p2|Torkoal, L50, F|
|poke|p2|Hatterene, L50, F|
|poke|p2|Sableye, L50, M|
|poke|p2|Abomasnow, L50, F|
|teampreview|4
|showteam|p1|Whimsicott||FairyFeather|Prankster|Protect,Encore,Tailwind,Moonblast|Timid||M|||50|]Floette-Eternal||Floettite|FlowerVeil|Moonblast,DazzlingGleam,LightofRuin,Protect|Modest||F|||50|]Charizard||CharizarditeY|Blaze|Protect,HeatWave,SolarBeam,WeatherBall|Modest||M|||50|]Basculegion||ColburBerry|Adaptability|Protect,WaveCrash,LastRespects,AquaJet|Adamant||M|||50|]Glimmora||FocusSash|ToxicDebris|SpikyShield,PowerGem,SludgeBomb,EarthPower|Modest||M|||50|]Garchomp||SitrusBerry|RoughSkin|StompingTantrum,DragonClaw,Earthquake,Protect|Adamant||F|||50|
|showteam|p2|Spiritomb||RoseliBerry|Infiltrator|TrickRoom,WillOWisp,Protect,Hex|Modest||M|||50|]Blastoise||Blastoisinite|Torrent|MuddyWater,Protect,ShellSmash,DarkPulse|Modest||F|||50|]Torkoal||Charcoal|Drought|HeatWave,Eruption,Protect,EarthPower|Modest||F|||50|]Hatterene||Leftovers|MagicBounce|Psychic,TrickRoom,DazzlingGleam,Protect|Calm||F|||50|]Sableye||SitrusBerry|Prankster|Snarl,FakeOut,RainDance,Quash|Serious||M|||50|]Abomasnow||Abomasite|SnowWarning|Blizzard,AuroraVeil,GigaDrain,Protect|Quiet||F|||50|
|inactive|Battle timer is ON: inactive players will automatically lose when time's up. (requested by The.JuanMa)
|
|t:|1786053332
|teamsize|p1|4
|teamsize|p2|4
|start
|switch|p1a: Algodoncio|Whimsicott, L50, M, shiny|100/100
|switch|p1b: Alcachofa|Glimmora, L50, M, shiny|100/100
|switch|p2a: Hatterene|Hatterene, L50, F|100/100
|switch|p2b: Spiritomb|Spiritomb, L50, M|100/100
|turn|1
|inactive|The.JuanMa has 30 seconds left.
|inactive|bubu45 has 30 seconds left.
|
|t:|1786053360
|move|p1a: Algodoncio|Moonblast|p2b: Spiritomb
|-supereffective|p2b: Spiritomb|1
|-enditem|p2b: Spiritomb|Roseli Berry|[eat]
|-enditem|p2b: Spiritomb|Roseli Berry|[weaken]
|-damage|p2b: Spiritomb|57/100
|move|p1b: Alcachofa|Sludge Bomb|p2a: Hatterene
|-supereffective|p2a: Hatterene|1
|-damage|p2a: Hatterene|3/100
|move|p2b: Spiritomb|Will-O-Wisp|p1a: Algodoncio|[miss]
|-miss|p2b: Spiritomb|p1a: Algodoncio
|move|p2a: Hatterene|Trick Room|p2a: Hatterene
|-fieldstart|move: Trick Room|[of] p2a: Hatterene
|
|-heal|p2a: Hatterene|9/100|[from] item: Leftovers
|upkeep
|turn|2
|inactive|The.JuanMa has 30 seconds left.
|
|t:|1786053392
|move|p1a: Algodoncio|Encore|p2a: Hatterene
|move|p2a: Hatterene|Encore||[from] ability: Magic Bounce|[still]
|-fail|p2a: Hatterene
|move|p2a: Hatterene|Psychic|p1b: Alcachofa
|-supereffective|p1b: Alcachofa|1
|-enditem|p1b: Alcachofa|Focus Sash
|-damage|p1b: Alcachofa|1/100
|-unboost|p1b: Alcachofa|spd|1
|move|p2b: Spiritomb|Will-O-Wisp|p1b: Alcachofa
|-status|p1b: Alcachofa|brn
|move|p1b: Alcachofa|Power Gem|p2b: Spiritomb
|-damage|p2b: Spiritomb|8/100
|
|-heal|p2a: Hatterene|15/100|[from] item: Leftovers
|-damage|p1b: Alcachofa|0 fnt|[from] brn
|faint|p1b: Alcachofa
|upkeep
|
|t:|1786053411
|switch|p1b: Salmoni|Basculegion, L50, M|100/100
|turn|3
|
|t:|1786053428
|move|p1b: Salmoni|Aqua Jet|p2b: Spiritomb
|-crit|p2b: Spiritomb
|-damage|p2b: Spiritomb|0 fnt
|faint|p2b: Spiritomb
|move|p2a: Hatterene|Dazzling Gleam|p1a: Algodoncio|[spread] p1a,p1b
|-damage|p1a: Algodoncio|48/100
|-damage|p1b: Salmoni|66/100
|move|p1a: Algodoncio|Moonblast|p2a: Hatterene
|-damage|p2a: Hatterene|0 fnt
|faint|p2a: Hatterene
|
|upkeep
|
|t:|1786053440
|switch|p2a: Torkoal|Torkoal, L50, F|100/100
|switch|p2b: Blastoise|Blastoise, L50, F|100/100
|-weather|SunnyDay|[from] ability: Drought|[of] p2a: Torkoal
|turn|4
|inactive|The.JuanMa has 30 seconds left.
|
|t:|1786053470
|detailschange|p2b: Blastoise|Blastoise-Mega, L50, F
|-mega|p2b: Blastoise|Blastoise|Blastoisinite
|move|p1a: Algodoncio|Protect|p1a: Algodoncio
|-singleturn|p1a: Algodoncio|Protect
|move|p1b: Salmoni|Aqua Jet|p2a: Torkoal
|-supereffective|p2a: Torkoal|1
|-damage|p2a: Torkoal|80/100
|move|p2a: Torkoal|Eruption|p1a: Algodoncio|[spread] p1b
|-activate|p1a: Algodoncio|move: Protect
|-resisted|p1b: Salmoni|1
|-damage|p1b: Salmoni|34/100
|move|p2b: Blastoise|Dark Pulse|p1b: Salmoni
|-supereffective|p1b: Salmoni|1
|-enditem|p1b: Salmoni|Colbur Berry|[eat]
|-enditem|p1b: Salmoni|Colbur Berry|[weaken]
|-damage|p1b: Salmoni|0 fnt
|faint|p1b: Salmoni
|
|-weather|SunnyDay|[upkeep]
|upkeep
|
|t:|1786053486
|switch|p1b: Vampirim|Charizard, L50, M, shiny|100/100
|turn|5
|
|t:|1786053510
|move|p1b: Vampirim|Protect|p1b: Vampirim
|-singleturn|p1b: Vampirim|Protect
|move|p2a: Torkoal|Eruption|p1a: Algodoncio|[spread] p1a
|-activate|p1b: Vampirim|move: Protect
|-supereffective|p1a: Algodoncio|1
|-damage|p1a: Algodoncio|0 fnt
|faint|p1a: Algodoncio
|move|p2b: Blastoise|Dark Pulse|p1b: Vampirim
|-activate|p1b: Vampirim|move: Protect
|
|-weather|SunnyDay|[upkeep]
|-fieldend|move: Trick Room
|upkeep
|turn|6
|
|t:|1786053532
|detailschange|p1b: Vampirim|Charizard-Mega-Y, L50, M, shiny
|-mega|p1b: Vampirim|Charizard|Charizardite Y
|move|p2b: Blastoise|Protect|p2b: Blastoise
|-singleturn|p2b: Blastoise|Protect
|move|p1b: Vampirim|Solar Beam||[still]
|-prepare|p1b: Vampirim|Solar Beam
|-anim|p1b: Vampirim|Solar Beam|p2b: Blastoise
|-activate|p2b: Blastoise|move: Protect
|move|p2a: Torkoal|Eruption|p1b: Vampirim
|-resisted|p1b: Vampirim|1
|-damage|p1b: Vampirim|57/100
|
|-weather|SunnyDay|[upkeep]
|upkeep
|turn|7
|
|t:|1786053553
|move|p2b: Blastoise|Protect|p2b: Blastoise
|-singleturn|p2b: Blastoise|Protect
|move|p1b: Vampirim|Solar Beam||[still]
|-prepare|p1b: Vampirim|Solar Beam
|-anim|p1b: Vampirim|Solar Beam|p2b: Blastoise
|-activate|p2b: Blastoise|move: Protect
|move|p2a: Torkoal|Eruption|p1b: Vampirim
|-resisted|p1b: Vampirim|1
|-damage|p1b: Vampirim|16/100
|
|-weather|SunnyDay|[upkeep]
|upkeep
|turn|8
|-message|The.JuanMa forfeited.
|
|win|bubu45
|l|☆The.JuanMa
|player|p1|
||The.JuanMa is ready for game 3.
||bubu45 is ready for game 3.
|uhtml|next|Next: Game 3 of 3
|j|☆The.JuanMa
|player|p1|The.JuanMa|265|
