|j|☆ancientson
|j|☆KARTIK2627
|html|ancientsonKARTIK2627    
|uhtml|bestof|Game 2 of a best-of-3
|t:|1757175086
|gametype|doubles
|player|p1|ancientson|n|1031
|player|p2|KARTIK2627|170|1074
|gen|9
|tier|[Gen 9] VGC 2025 Reg H (Bo3)
|rated|
|rule|Species Clause: Limit one of each Pokémon
|rule|Item Clause: Limit 1 of each item
|clearpoke
|poke|p1|Dragapult, L50, M|
|poke|p1|Gholdengo, L50|
|poke|p1|Murkrow, L50, M|
|poke|p1|Sneasler, L50, F|
|poke|p1|Armarouge, L50, M|
|poke|p1|Indeedee-F, L50, F|
|poke|p2|Archaludon, L50, F|
|poke|p2|Pelipper, L50, F|
|poke|p2|Gholdengo, L50|
|poke|p2|Basculegion, L50, M|
|poke|p2|Amoonguss, L50, M|
|poke|p2|Incineroar, L50, F|
|teampreview|4
|showteam|p1|Dragapult||LifeOrb|ClearBody|DragonDarts,Uturn,PhantomForce,SuckerPunch|||M|||50|,,,,,Dragon]Gholdengo||Leftovers|GoodasGold|Protect,ShadowBall,MakeItRain,NastyPlot||||||50|,,,,,Fighting]Murkrow||Eviolite|Prankster|FoulPlay,Tailwind,Haze,SunnyDay|||M|||50|,,,,,Dark]Sneasler||PsychicSeed|Unburden|DireClaw,CloseCombat,Protect,ThroatChop|||F|||50|,,,,,Dark]Armarouge||CovertCloak|FlashFire|ExpandingForce,HeatWave,Protect,TeraBlast|||M|||50|,,,,,Fighting]Indeedee-F||RockyHelmet|PsychicSurge|FollowMe,HelpingHand,TrickRoom,Psychic|||F|||50|,,,,,Dark
|showteam|p2|Archaludon||AssaultVest|Stamina|DracoMeteor,FlashCannon,ElectroShot,BodyPress|||F|||50|,,,,,Grass]Pelipper||FocusSash|Drizzle|Protect,WeatherBall,Hurricane,Tailwind|||F|||50|,,,,,Stellar]Gholdengo||LifeOrb|GoodasGold|Protect,MakeItRain,ShadowBall,NastyPlot||||||50|,,,,,Water]Basculegion||ChoiceBand|SwiftSwim|FlipTurn,WaveCrash,AquaJet,LastRespects|||M|||50|,,,,,Grass]Amoonguss||SitrusBerry|Regenerator|Spore,RagePowder,PollenPuff,Protect|||M|||50|,,,,,Water]Incineroar||SafetyGoggles|Intimidate|FlareBlitz,KnockOff,PartingShot,FakeOut|||F|||50|,,,,,Ghost
|inactive|Battle timer is ON: inactive players will automatically lose when time's up. (requested by ancientson)
|
|t:|1757175135
|teamsize|p1|4
|teamsize|p2|4
|start
|switch|p1a: Murkrow|Murkrow, L50, M|100/100
|switch|p1b: Armarouge|Armarouge, L50, M|100/100
|switch|p2a: Pelipper|Pelipper, L50, F, shiny|100/100
|switch|p2b: Incineroar|Incineroar, L50, F|100/100
|-weather|RainDance|[from] ability: Drizzle|[of] p2a: Pelipper
|-ability|p2b: Incineroar|Intimidate|boost
|-unboost|p1a: Murkrow|atk|1
|-unboost|p1b: Armarouge|atk|1
|turn|1
|inactive|ancientson has 30 seconds left.
|inactive|ancientson has 20 seconds left.
|inactive|ancientson has 15 seconds left.
|inactive|ancientson has 10 seconds left.
|
|t:|1757175183
|switch|p1b: Aurelios|Gholdengo, L50|100/100
|move|p2b: Incineroar|Fake Out|p1a: Murkrow
|-damage|p1a: Murkrow|86/100
|cant|p1a: Murkrow|flinch
|move|p2a: Pelipper|Weather Ball|p1b: Aurelios
|-damage|p1b: Aurelios|31/100
|
|-weather|RainDance|[upkeep]
|-heal|p1b: Aurelios|37/100|[from] item: Leftovers
|upkeep
|turn|2
|inactive|ancientson has 30 seconds left.
|
|t:|1757175209
|move|p1b: Aurelios|Protect|p1b: Aurelios
|-singleturn|p1b: Aurelios|Protect
|move|p2a: Pelipper|Protect|p2a: Pelipper
|-singleturn|p2a: Pelipper|Protect
|move|p1a: Murkrow|Tailwind|p1a: Murkrow
|-sidestart|p1: ancientson|move: Tailwind
|move|p2b: Incineroar|Flare Blitz|p1b: Aurelios
|-activate|p1b: Aurelios|move: Protect
|
|-weather|RainDance|[upkeep]
|-heal|p1b: Aurelios|43/100|[from] item: Leftovers
|upkeep
|turn|3
|inactive|KARTIK2627 has 30 seconds left.
|
|t:|1757175237
|switch|p1b: Indeedee|Indeedee-F, L50, F|100/100
|-fieldstart|move: Psychic Terrain|[from] ability: Psychic Surge|[of] p1b: Indeedee
|move|p1a: Murkrow|Foul Play|p2b: Incineroar
|-resisted|p2b: Incineroar
|-damage|p2b: Incineroar|82/100
|move|p2a: Pelipper|Weather Ball|p1b: Indeedee
|-damage|p1b: Indeedee|36/100
|move|p2b: Incineroar|Parting Shot|p1b: Indeedee
|-unboost|p1b: Indeedee|atk|1
|-unboost|p1b: Indeedee|spa|1
|
|t:|1757175253
|switch|p2b: Archaludon|Archaludon, L50, F, shiny|100/100|[from] Parting Shot
|
|-weather|RainDance|[upkeep]
|upkeep
|turn|4
|
|t:|1757175272
|move|p1a: Murkrow|Sunny Day|p1a: Murkrow
|-weather|SunnyDay
|move|p1b: Indeedee|Psychic|p2a: Pelipper
|-damage|p2a: Pelipper|56/100
|move|p2b: Archaludon|Electro Shot||[still]
|-prepare|p2b: Archaludon|Electro Shot
|-boost|p2b: Archaludon|spa|1
|move|p2a: Pelipper|Tailwind|p2a: Pelipper
|-sidestart|p2: KARTIK2627|move: Tailwind
|
|-weather|SunnyDay|[upkeep]
|upkeep
|turn|5
|
|t:|1757175294
|switch|p2a: Incineroar|Incineroar, L50, F|82/100
|-ability|p2a: Incineroar|Intimidate|boost
|-unboost|p1a: Murkrow|atk|1
|-unboost|p1b: Indeedee|atk|1
|move|p1a: Murkrow|Haze|p1a: Murkrow
|-clearallboost
|move|p2b: Archaludon|Electro Shot|p1a: Murkrow|[from] lockedmove
|-supereffective|p1a: Murkrow
|-damage|p1a: Murkrow|12/100
|move|p1b: Indeedee|Psychic|p2a: Incineroar
|-immune|p2a: Incineroar
|
|-weather|SunnyDay|[upkeep]
|-sideend|p1: ancientson|move: Tailwind
|upkeep
|turn|6
|inactive|KARTIK2627 has 30 seconds left.
|
|t:|1757175324
|switch|p1a: Armarouge|Armarouge, L50, M|100/100
|move|p2b: Archaludon|Flash Cannon|p1b: Indeedee
|-damage|p1b: Indeedee|0 fnt
|faint|p1b: Indeedee
|move|p2a: Incineroar|Knock Off|p1a: Armarouge
|-supereffective|p1a: Armarouge
|-damage|p1a: Armarouge|15/100
|-enditem|p1a: Armarouge|Covert Cloak|[from] move: Knock Off|[of] p2a: Incineroar
|
|-weather|SunnyDay|[upkeep]
|upkeep
|
|t:|1757175342
|switch|p1b: Murkrow|Murkrow, L50, M|12/100
|turn|7
|
|t:|1757175365
|switch|p2b: Pelipper|Pelipper, L50, F, shiny|56/100
|-weather|RainDance|[from] ability: Drizzle|[of] p2b: Pelipper
|-terastallize|p1a: Armarouge|Fighting
|move|p1b: Murkrow|Tailwind|p1b: Murkrow
|-sidestart|p1: ancientson|move: Tailwind
|move|p2a: Incineroar|Knock Off|p1b: Murkrow
|-resisted|p1b: Murkrow
|-damage|p1b: Murkrow|0 fnt
|-enditem|p1b: Murkrow|Eviolite|[from] move: Knock Off|[of] p2a: Incineroar
|faint|p1b: Murkrow
|move|p1a: Armarouge|Tera Blast|p2b: Pelipper|[anim] Tera Blast Fighting
|-resisted|p2b: Pelipper
|-damage|p2b: Pelipper|22/100
|
|-weather|RainDance|[upkeep]
|-sideend|p2: KARTIK2627|move: Tailwind
|-fieldend|move: Psychic Terrain
|upkeep
|
|t:|1757175380
|switch|p1b: Aurelios|Gholdengo, L50|43/100
|turn|8
|inactive|ancientson has 30 seconds left.
|
|t:|1757175411
|move|p1b: Aurelios|Shadow Ball|p2b: Pelipper
|-damage|p2b: Pelipper|0 fnt
|faint|p2b: Pelipper
|move|p1a: Armarouge|Tera Blast|p2a: Incineroar|[anim] Tera Blast Fighting
|-supereffective|p2a: Incineroar
|-damage|p2a: Incineroar|1/100
|move|p2a: Incineroar|Knock Off|p1b: Aurelios
|-supereffective|p1b: Aurelios
|-damage|p1b: Aurelios|0 fnt
|-enditem|p1b: Aurelios|Leftovers|[from] move: Knock Off|[of] p2a: Incineroar
|faint|p1b: Aurelios
|
|-weather|RainDance|[upkeep]
|upkeep
|
|t:|1757175426
|switch|p2b: Archaludon|Archaludon, L50, F, shiny|100/100
|turn|9
|
|t:|1757175439
|switch|p2b: Amoonguss|Amoonguss, L50, M, shiny|100/100
|move|p1a: Armarouge|Protect|p1a: Armarouge
|-singleturn|p1a: Armarouge|Protect
|move|p2a: Incineroar|Flare Blitz|p1a: Armarouge
|-activate|p1a: Armarouge|move: Protect
|
|-weather|RainDance|[upkeep]
|upkeep
|turn|10
|
|t:|1757175453
|move|p2b: Amoonguss|Rage Powder|p2b: Amoonguss
|-singleturn|p2b: Amoonguss|move: Rage Powder
|move|p1a: Armarouge|Expanding Force|p2b: Amoonguss
|-supereffective|p2b: Amoonguss
|-damage|p2b: Amoonguss|31/100
|-enditem|p2b: Amoonguss|Sitrus Berry|[eat]
|-heal|p2b: Amoonguss|56/100|[from] item: Sitrus Berry
|move|p2a: Incineroar|Flare Blitz|p1a: Armarouge
|-start|p1a: Armarouge|ability: Flash Fire
|
|-weather|RainDance|[upkeep]
|-sideend|p1: ancientson|move: Tailwind
|upkeep
|turn|11
|
|t:|1757175471
|-terastallize|p2b: Amoonguss|Water
|move|p1a: Armarouge|Protect|p1a: Armarouge
|-singleturn|p1a: Armarouge|Protect
|move|p2a: Incineroar|Knock Off|p1a: Armarouge
|-activate|p1a: Armarouge|move: Protect
|move|p2b: Amoonguss|Spore|p1a: Armarouge
|-activate|p1a: Armarouge|move: Protect
|
|-weather|none
|upkeep
|turn|12
|
|t:|1757175483
|move|p2a: Incineroar|Knock Off|p1a: Armarouge
|-resisted|p1a: Armarouge
|-damage|p1a: Armarouge|0 fnt
|faint|p1a: Armarouge
|
|win|KARTIK2627
