|j|☆naibot2814
|j|☆i miss my miraidon
|html|naibot2814i miss my miraidon    
|uhtml|bestof|Game 2 of a best-of-3
|t:|1783720458
|gametype|doubles
|player|p1|naibot2814|ghetsis|1333
|player|p2|i miss my miraidon|170|1473
|gen|9
|tier|[Gen 9 Champions] VGC 2026 Reg M-B (Bo3)
|rated|
|rule|Species Clause: Limit one of each Pokémon
|rule|Item Clause: Limit 1 of each item
|clearpoke
|poke|p1|Blastoise, L50, M|
|poke|p1|Incineroar, L50, M|
|poke|p1|Sneasler, L50, M|
|poke|p1|Sinistcha, L50|
|poke|p1|Kingambit, L50, M, shiny|
|poke|p1|Floette-Eternal, L50, F|
|poke|p2|Venusaur, L50, M|
|poke|p2|Mamoswine, L50, M|
|poke|p2|Charizard, L50, F|
|poke|p2|Garchomp, L50, F|
|poke|p2|Incineroar, L50, M|
|poke|p2|Toxapex, L50, M|
|teampreview|4
|showteam|p1|Blastoise||Blastoisinite|Torrent|WaterSpout,DarkPulse,ShellSmash,Protect|Modest||M|||50|]Incineroar||SitrusBerry|Intimidate|FakeOut,FlareBlitz,DarkestLariat,PartingShot|Careful||M|||50|]Sneasler||FocusSash|PoisonTouch|FakeOut,CloseCombat,PoisonJab,RockTomb|Jolly||M|||50|]Sinistcha||KasibBerry|Hospitality|MatchaGotcha,TrickRoom,RagePowder,Protect|Bold|||||50|]Kingambit||BlackGlasses|Defiant|KowtowCleave,SuckerPunch,SwordsDance,Protect|Adamant||M|||50|]Floette-Eternal||Floettite|FlowerVeil|DrainingKiss,DazzlingGleam,CalmMind,Protect|Modest||F|||50|
|showteam|p2|Venusaur||LifeOrb|Chlorophyll|SolarBeam,SludgeBomb,EarthPower,Protect|Modest||M|||50|]Mamoswine||FocusSash|Oblivious|HighHorsepower,RockTomb,IceShard,Protect|Jolly||M|||50|]Charizard||CharizarditeY|Blaze|HeatWave,WeatherBall,HelpingHand,Protect|Modest||F|||50|]Garchomp||ChoiceScarf|RoughSkin|Earthquake,DragonClaw,RockSlide,IronHead|Adamant||F|||50|]Incineroar||SitrusBerry|Intimidate|FlareBlitz,DarkestLariat,FakeOut,PartingShot|Careful||M|||50|]Toxapex||Leftovers|Regenerator|Infestation,Toxic,BanefulBunker,WideGuard|Bold||M|||50|
|
|t:|1783720475
|teamsize|p1|4
|teamsize|p2|4
|start
|switch|p1a: Blastoise|Blastoise, L50, M|100/100
|switch|p1b: Sneasler|Sneasler, L50, M|100/100
|switch|p2a: Charizard|Charizard, L50, F|100/100
|switch|p2b: Garchomp|Garchomp, L50, F|100/100
|turn|1
|
|t:|1783720516
|switch|p2b: Venusaur|Venusaur, L50, M|100/100
|detailschange|p2a: Charizard|Charizard-Mega-Y, L50, F
|-mega|p2a: Charizard|Charizard|Charizardite Y
|-weather|SunnyDay|[from] ability: Drought|[of] p2a: Charizard
|move|p1a: Blastoise|Protect|p1a: Blastoise
|-singleturn|p1a: Blastoise|Protect
|move|p1b: Sneasler|Rock Tomb|p2a: Charizard
|-supereffective|p2a: Charizard|2
|-damage|p2a: Charizard|27/100
|-unboost|p2a: Charizard|spe|1
|move|p2a: Charizard|Heat Wave|p1b: Sneasler|[spread] p1b
|-activate|p1a: Blastoise|move: Protect
|-damage|p1b: Sneasler|22/100
|-status|p1b: Sneasler|brn
|
|-weather|SunnyDay|[upkeep]
|-damage|p1b: Sneasler|16/100 brn|[from] brn
|upkeep
|turn|2
|
|t:|1783720531
|switch|p1a: Incineroar|Incineroar, L50, M|100/100
|-ability|p1a: Incineroar|Intimidate|boost
|-unboost|p2a: Charizard|atk|1
|-unboost|p2b: Venusaur|atk|1
|switch|p2a: Garchomp|Garchomp, L50, F|100/100
|move|p2b: Venusaur|Solar Beam||[still]
|-prepare|p2b: Venusaur|Solar Beam
|-anim|p2b: Venusaur|Solar Beam|p1a: Incineroar
|-resisted|p1a: Incineroar|1
|-damage|p1a: Incineroar|69/100
|-damage|p2b: Venusaur|90/100|[from] item: Life Orb
|move|p1b: Sneasler|Rock Tomb|p2b: Venusaur
|-damage|p2b: Venusaur|76/100
|-unboost|p2b: Venusaur|spe|1
|
|-weather|SunnyDay|[upkeep]
|-damage|p1b: Sneasler|10/100 brn|[from] brn
|upkeep
|turn|3
|
|t:|1783720559
|switch|p1b: Blastoise|Blastoise, L50, M|100/100
|move|p2b: Venusaur|Protect|p2b: Venusaur
|-singleturn|p2b: Venusaur|Protect
|move|p1a: Incineroar|Fake Out|p2a: Garchomp
|-damage|p2a: Garchomp|89/100
|-damage|p1a: Incineroar|56/100|[from] ability: Rough Skin|[of] p2a: Garchomp
|cant|p2a: Garchomp|flinch
|
|-weather|SunnyDay|[upkeep]
|upkeep
|turn|4
|
|t:|1783720572
|switch|p2b: Charizard|Charizard-Mega-Y, L50, F|27/100
|switch|p1a: Sneasler|Sneasler, L50, M|10/100 brn
|move|p1b: Blastoise|Protect|p1b: Blastoise
|-singleturn|p1b: Blastoise|Protect
|move|p2a: Garchomp|Earthquake|p1b: Blastoise|[spread] p1a
|-activate|p1b: Blastoise|move: Protect
|-immune|p2b: Charizard
|-supereffective|p1a: Sneasler|1
|-damage|p1a: Sneasler|0 fnt
|faint|p1a: Sneasler
|
|-weather|SunnyDay|[upkeep]
|upkeep
|
|t:|1783720574
|switch|p1a: Incineroar|Incineroar, L50, M|56/100
|-ability|p1a: Incineroar|Intimidate|boost
|-unboost|p2a: Garchomp|atk|1
|-unboost|p2b: Charizard|atk|1
|turn|5
|
|t:|1783720580
|switch|p2b: Toxapex|Toxapex, L50, M|100/100
|detailschange|p1b: Blastoise|Blastoise-Mega, L50, M
|-mega|p1b: Blastoise|Blastoise|Blastoisinite
|move|p1a: Incineroar|Fake Out|p2a: Garchomp
|-damage|p2a: Garchomp|77/100
|-damage|p1a: Incineroar|44/100|[from] ability: Rough Skin|[of] p2a: Garchomp
|-enditem|p1a: Incineroar|Sitrus Berry|[eat]
|-heal|p1a: Incineroar|69/100|[from] item: Sitrus Berry
|cant|p2a: Garchomp|flinch
|move|p1b: Blastoise|Shell Smash|p1b: Blastoise
|-unboost|p1b: Blastoise|def|1
|-unboost|p1b: Blastoise|spd|1
|-boost|p1b: Blastoise|atk|2
|-boost|p1b: Blastoise|spa|2
|-boost|p1b: Blastoise|spe|2
|
|-weather|none
|upkeep
|turn|6
|
|t:|1783720593
|switch|p2a: Charizard|Charizard-Mega-Y, L50, F|27/100
|-weather|SunnyDay|[from] ability: Drought|[of] p2a: Charizard
|move|p1b: Blastoise|Dark Pulse|p2a: Charizard
|-damage|p2a: Charizard|0 fnt
|faint|p2a: Charizard
|move|p1a: Incineroar|Parting Shot|p2b: Toxapex
|-unboost|p2b: Toxapex|atk|1
|-unboost|p2b: Toxapex|spa|1
|
|t:|1783720597
|switch|p1a: Sinistcha|Sinistcha, L50|100/100|[from] Parting Shot
|move|p2b: Toxapex|Toxic|p1b: Blastoise
|-status|p1b: Blastoise|tox
|
|-weather|SunnyDay|[upkeep]
|-damage|p1b: Blastoise|94/100 tox|[from] psn
|upkeep
|
|t:|1783720604
|switch|p2a: Venusaur|Venusaur, L50, M|76/100
|turn|7
|
|t:|1783720614
|switch|p1a: Incineroar|Incineroar, L50, M|69/100
|-ability|p1a: Incineroar|Intimidate|boost
|-unboost|p2a: Venusaur|atk|1
|-unboost|p2b: Toxapex|atk|1
|move|p2a: Venusaur|Solar Beam||[still]
|-prepare|p2a: Venusaur|Solar Beam
|-anim|p2a: Venusaur|Solar Beam|p1b: Blastoise
|-supereffective|p1b: Blastoise|1
|-damage|p1b: Blastoise|0 fnt
|faint|p1b: Blastoise
|-damage|p2a: Venusaur|67/100|[from] item: Life Orb
|move|p2b: Toxapex|Toxic|p1a: Incineroar
|-status|p1a: Incineroar|tox
|
|-weather|SunnyDay|[upkeep]
|-damage|p1a: Incineroar|63/100 tox|[from] psn
|upkeep
|-message|naibot2814 forfeited.
|
|win|i miss my miraidon
|l|☆naibot2814
|player|p1|
||naibot2814 is ready for game 3.
||i miss my miraidon is ready for game 3.
|uhtml|next|Next: Game 3 of 3
|l|☆i miss my miraidon
|player|p2|
|j|☆naibot2814
|player|p1|naibot2814|ghetsis|
