|j|☆Youax55
|j|☆morphiusdoorphius
|html|Youax55morphiusdoorphius    
|uhtml|bestof|Game 1 of a best-of-3
|t:|1784241428
|gametype|doubles
|player|p1|Youax55|nate|
|player|p2|morphiusdoorphius|linebacker|
|gen|9
|tier|[Gen 9 Champions] VGC 2026 Reg M-B (Bo3)
|rule|Species Clause: Limit one of each Pokémon
|rule|Item Clause: Limit 1 of each item
|clearpoke
|poke|p1|Arcanine-Hisui, L50, F|
|poke|p1|Pidgeot, L50, F|
|poke|p1|Weavile, L50, M|
|poke|p1|Ariados, L50, F|
|poke|p1|Hawlucha, L50, M|
|poke|p1|Vanilluxe, L50, M|
|poke|p2|Charizard, L50, M|
|poke|p2|Talonflame, L50, F|
|poke|p2|Primarina, L50, F|
|poke|p2|Kingambit, L50, M|
|poke|p2|Kleavor, L50, F|
|poke|p2|Scrafty, L50, M|
|teampreview|4
|showteam|p1|Arcanine-Hisui||MuscleBand|Intimidate|RockSlide,ExtremeSpeed,FlareBlitz,Protect|Jolly||F|||50|]Pidgeot||Pidgeotite|BigPecks|Hurricane,HeatWave,Tailwind,Protect|Modest||F|||50|]Weavile||FocusSash|Pressure|FakeOut,KnockOff,TripleAxel,Protect|Jolly||M|||50|]Ariados||ChartiBerry|Insomnia|RagePowder,StringShot,SuckerPunch,Protect|Impish||F|||50|]Hawlucha||Hawluchanite|Limber|Entrainment,Protect,DrainPunch,DualWingbeat|Jolly||M|||50|]Vanilluxe||ChoiceScarf|SnowWarning|FlashCannon,Blizzard,IcyWind,SheerCold|Bold||M|||50|
|showteam|p2|Charizard||CharizarditeY|Blaze|HeatWave,Protect,WeatherBall,SolarBeam|Modest||M|||50|]Talonflame||FocusSash|GaleWings|Tailwind,Protect,FlareBlitz,BraveBird|Jolly||F|||50|]Primarina||MysticWater|LiquidVoice|IceBeam,Moonblast,Protect,HyperVoice|Naive||F|||50|]Kingambit||ChopleBerry|Defiant|IronHead,Protect,SuckerPunch,SwordsDance|Adamant||M|||50|]Kleavor||WideLens|Sharpness|StoneAxe,XScissor,RockSlide,Protect|Adamant||F|||50|]Scrafty||Scraftinite|Intimidate|SuperFang,FakeOut,Protect,CloseCombat|Adamant||M|||50|
|j| budster16
|j| ChocoHammy
|
|t:|1784241471
|teamsize|p1|4
|teamsize|p2|4
|start
|switch|p1a: Arcanine|Arcanine-Hisui, L50, F|100/100
|switch|p1b: Weavile|Weavile, L50, M|100/100
|switch|p2a: Kleavor|Kleavor, L50, F|100/100
|switch|p2b: Talonflame|Talonflame, L50, F|100/100
|-ability|p1b: Weavile|Pressure
|-ability|p1a: Arcanine|Intimidate|boost
|-unboost|p2a: Kleavor|atk|1
|-unboost|p2b: Talonflame|atk|1
|turn|1
|
|t:|1784241489
|move|p2b: Talonflame|Protect|p2b: Talonflame
|-singleturn|p2b: Talonflame|Protect
|move|p2a: Kleavor|Protect|p2a: Kleavor
|-singleturn|p2a: Kleavor|Protect
|move|p1b: Weavile|Fake Out|p2b: Talonflame
|-activate|p2b: Talonflame|move: Protect
|move|p1a: Arcanine|Rock Slide|p2b: Talonflame|[spread] 
|-activate|p2a: Kleavor|move: Protect
|-activate|p2b: Talonflame|move: Protect
|
|upkeep
|turn|2
|
|t:|1784241531
|move|p2b: Talonflame|Tailwind|p2b: Talonflame
|-sidestart|p2: morphiusdoorphius|move: Tailwind
|move|p2a: Kleavor|Stone Axe|p1b: Weavile
|-supereffective|p1b: Weavile|1
|-enditem|p1b: Weavile|Focus Sash
|-damage|p1b: Weavile|1/100
|-sidestart|p1: Youax55|move: Stealth Rock
|move|p1b: Weavile|Knock Off|p2a: Kleavor
|-damage|p2a: Kleavor|40/100
|-enditem|p2a: Kleavor|Wide Lens|[from] move: Knock Off|[of] p1b: Weavile
|move|p1a: Arcanine|Rock Slide|p2b: Talonflame|[spread] p2a,p2b
|-supereffective|p2a: Kleavor|1
|-supereffective|p2b: Talonflame|2
|-damage|p2a: Kleavor|0 fnt
|-enditem|p2b: Talonflame|Focus Sash
|-damage|p2b: Talonflame|1/100
|faint|p2a: Kleavor
|
|upkeep
|j| Dylan Jenson
|
|t:|1784241554
|switch|p2a: Primarina|Primarina, L50, F|100/100
|turn|3
|
|t:|1784241571
|switch|p1a: Ariados|Ariados, L50, F|100/100
|-damage|p1a: Ariados|75/100|[from] Stealth Rock
|move|p2b: Talonflame|Protect|p2b: Talonflame
|-singleturn|p2b: Talonflame|Protect
|move|p1b: Weavile|Protect|p1b: Weavile
|-singleturn|p1b: Weavile|Protect
|move|p2a: Primarina|Hyper Voice|p1b: Weavile|[spread] p1a
|-activate|p1b: Weavile|move: Protect
|-damage|p1a: Ariados|28/100
|
|upkeep
|turn|4
|
|t:|1784241598
|switch|p2b: Charizard|Charizard, L50, M|100/100
|move|p1a: Ariados|Sucker Punch||[still]
|-fail|p1a: Ariados
|move|p2a: Primarina|Hyper Voice|p1a: Ariados|[spread] p1a,p1b
|-damage|p1a: Ariados|0 fnt
|-damage|p1b: Weavile|0 fnt
|faint|p1a: Ariados
|faint|p1b: Weavile
|
|upkeep
|
|t:|1784241606
|switch|p1b: Pidgeot|Pidgeot, L50, F|100/100
|switch|p1a: Arcanine|Arcanine-Hisui, L50, F|100/100
|-damage|p1b: Pidgeot|75/100|[from] Stealth Rock
|-damage|p1a: Arcanine|75/100|[from] Stealth Rock
|-ability|p1a: Arcanine|Intimidate|boost
|-unboost|p2a: Primarina|atk|1
|-unboost|p2b: Charizard|atk|1
|turn|5
|
|t:|1784241659
|detailschange|p1b: Pidgeot|Pidgeot-Mega, L50, F
|-mega|p1b: Pidgeot|Pidgeot|Pidgeotite
|move|p1a: Arcanine|Protect|p1a: Arcanine
|-singleturn|p1a: Arcanine|Protect
|move|p2b: Charizard|Heat Wave|p1a: Arcanine|[spread] p1b
|-activate|p1a: Arcanine|move: Protect
|-damage|p1b: Pidgeot|30/100
|move|p2a: Primarina|Hyper Voice|p1b: Pidgeot|[spread] p1b
|-activate|p1a: Arcanine|move: Protect
|-damage|p1b: Pidgeot|0 fnt
|faint|p1b: Pidgeot
|
|-sideend|p2: morphiusdoorphius|move: Tailwind
|upkeep
|turn|6
|
|t:|1784241684
|switch|p2b: Talonflame|Talonflame, L50, F|1/100
|move|p1a: Arcanine|Rock Slide|p2a: Primarina|[spread] p2a,p2b
|-supereffective|p2b: Talonflame|2
|-damage|p2a: Primarina|57/100
|-damage|p2b: Talonflame|0 fnt
|faint|p2b: Talonflame
|move|p2a: Primarina|Hyper Voice|p1a: Arcanine
|-supereffective|p1a: Arcanine|2
|-damage|p1a: Arcanine|0 fnt
|faint|p1a: Arcanine
|
|win|morphiusdoorphius
||Youax55 is ready for game 2.
||morphiusdoorphius is ready for game 2.
|uhtml|next|Next: Game 2 of 3
