|j|☆monkeychese
|j|☆Mashuno
|html|monkeycheseMashuno    
|uhtml|bestof|Game 1 of a best-of-3
|t:|1784071454
|gametype|doubles
|player|p1|monkeychese|lucas|1068
|player|p2|Mashuno|harlequin|1140
|gen|9
|tier|[Gen 9 Champions] VGC 2026 Reg M-B (Bo3)
|rated|
|rule|Species Clause: Limit one of each Pokémon
|rule|Item Clause: Limit 1 of each item
|clearpoke
|poke|p1|Charizard, L50, F|
|poke|p1|Milotic, L50, F|
|poke|p1|Incineroar, L50, M|
|poke|p1|Sneasler, L50, M|
|poke|p1|Sinistcha, L50|
|poke|p1|Floette-Eternal, L50, F|
|poke|p2|Pelipper, L50, F|
|poke|p2|Archaludon, L50, F|
|poke|p2|Blastoise, L50, F|
|poke|p2|Sinistcha, L50|
|poke|p2|Sableye, L50, F|
|poke|p2|Sneasler, L50, F|
|teampreview|4
|showteam|p1|Charizard||CharizarditeX|Blaze|FlareBlitz,BreakingSwipe,DragonDance,Protect|Adamant||F|||50|]Milotic||Leftovers|Competitive|Scald,Recover,IcyWind,Protect|Modest||F|||50|]Incineroar||SitrusBerry|Intimidate|DarkestLariat,HelpingHand,PartingShot,FakeOut|Impish||M|||50|]Sneasler||WhiteHerb|Unburden|DireClaw,CloseCombat,FakeOut,Coaching|Jolly||M|||50|]Sinistcha||CobaBerry|Hospitality|MatchaGotcha,RagePowder,LifeDew,TrickRoom|Modest|||||50|]Floette-Eternal||Floettite|FlowerVeil|DazzlingGleam,Moonblast,LightofRuin,Protect|Timid||F|||50|
|showteam|p2|Pelipper||FocusSash|Drizzle|WeatherBall,Hurricane,Tailwind,RainDance|Modest||F|||50|]Archaludon||Leftovers|Stamina|Protect,DracoMeteor,FlashCannon,ElectroShot|Modest||F|||50|]Blastoise||Blastoisinite|RainDish|Protect,FakeOut,WaterSpout,DarkPulse|Modest||F|||50|]Sinistcha||SitrusBerry|Hospitality|MatchaGotcha,RagePowder,LifeDew,TrickRoom|Bold|||||50|]Sableye||LightClay|Prankster|FoulPlay,LightScreen,Reflect,RainDance|Impish||F|||50|]Sneasler||WhiteHerb|Unburden|FakeOut,DireClaw,CloseCombat,RockSlide|Jolly||F|||50|
|c|☆Mashuno|gl hf <3
|inactive|Battle timer is ON: inactive players will automatically lose when time's up. (requested by monkeychese)
|
|t:|1784071506
|teamsize|p1|4
|teamsize|p2|4
|start
|switch|p1a: Milotic|Milotic, L50, F|100/100
|switch|p1b: Sneasler|Sneasler, L50, M|100/100
|switch|p2a: Blastoise|Blastoise, L50, F|100/100
|switch|p2b: Sableye|Sableye, L50, F|100/100
|turn|1
|inactive|Mashuno has 30 seconds left.
|
|t:|1784071531
|switch|p2a: Junketsu|Archaludon, L50, F|100/100
|move|p1b: Sneasler|Fake Out|p2a: Junketsu
|-resisted|p2a: Junketsu|1
|-damage|p2a: Junketsu|94/100
|-ability|p2a: Junketsu|Stamina|boost
|-boost|p2a: Junketsu|def|1
|move|p2b: Sableye|Light Screen|p2b: Sableye
|-sidestart|p2: Mashuno|move: Light Screen
|move|p1a: Milotic|Icy Wind|p2b: Sableye|[spread] p2a,p2b
|-damage|p2a: Junketsu|85/100
|-damage|p2b: Sableye|91/100
|-unboost|p2a: Junketsu|spe|1
|-unboost|p2b: Sableye|spe|1
|-ability|p2a: Junketsu|Stamina|boost
|-boost|p2a: Junketsu|def|1
|
|-heal|p2a: Junketsu|92/100|[from] item: Leftovers
|upkeep
|turn|2
|inactive|Mashuno has 30 seconds left.
|
|t:|1784071558
|move|p2a: Junketsu|Protect|p2a: Junketsu
|-singleturn|p2a: Junketsu|Protect
|move|p2b: Sableye|Reflect|p2b: Sableye
|-sidestart|p2: Mashuno|Reflect
|move|p1b: Sneasler|Close Combat|p2a: Junketsu
|-activate|p2a: Junketsu|move: Protect
|move|p1a: Milotic|Scald|p2a: Junketsu
|-activate|p2a: Junketsu|move: Protect
|
|-heal|p2a: Junketsu|98/100|[from] item: Leftovers
|upkeep
|turn|3
|
|t:|1784071573
|move|p2b: Sableye|Rain Dance|p2b: Sableye
|-weather|RainDance
|move|p1b: Sneasler|Close Combat|p2a: Junketsu
|-supereffective|p2a: Junketsu|1
|-damage|p2a: Junketsu|69/100
|-unboost|p1b: Sneasler|def|1
|-unboost|p1b: Sneasler|spd|1
|-ability|p2a: Junketsu|Stamina|boost
|-boost|p2a: Junketsu|def|1
|-enditem|p1b: Sneasler|White Herb
|-clearnegativeboost|p1b: Sneasler|[silent]
|move|p1a: Milotic|Scald|p2a: Junketsu
|-resisted|p2a: Junketsu|1
|-damage|p2a: Junketsu|50/100g
|-ability|p2a: Junketsu|Stamina|boost
|-boost|p2a: Junketsu|def|1
|move|p2a: Junketsu|Electro Shot||[still]
|-prepare|p2a: Junketsu|Electro Shot
|-boost|p2a: Junketsu|spa|1
|-anim|p2a: Junketsu|Electro Shot|p1a: Milotic
|-supereffective|p1a: Milotic|1
|-damage|p1a: Milotic|19/100
|
|-weather|RainDance|[upkeep]
|-heal|p1a: Milotic|25/100|[from] item: Leftovers
|-heal|p2a: Junketsu|56/100|[from] item: Leftovers
|upkeep
|turn|4
|
|t:|1784071595
|move|p1a: Milotic|Protect|p1a: Milotic
|-singleturn|p1a: Milotic|Protect
|move|p2a: Junketsu|Protect|p2a: Junketsu
|-singleturn|p2a: Junketsu|Protect
|move|p1b: Sneasler|Close Combat|p2a: Junketsu
|-activate|p2a: Junketsu|move: Protect
|move|p2b: Sableye|Foul Play|p1b: Sneasler
|-resisted|p1b: Sneasler|1
|-damage|p1b: Sneasler|59/100
|
|-weather|RainDance|[upkeep]
|-heal|p1a: Milotic|31/100|[from] item: Leftovers
|-heal|p2a: Junketsu|63/100|[from] item: Leftovers
|upkeep
|turn|5
|
|t:|1784071614
|move|p1b: Sneasler|Close Combat|p2a: Junketsu
|-supereffective|p2a: Junketsu|1
|-crit|p2a: Junketsu
|-damage|p2a: Junketsu|0 fnt
|-unboost|p1b: Sneasler|def|1
|-unboost|p1b: Sneasler|spd|1
|faint|p2a: Junketsu
|move|p1a: Milotic|Scald|p2b: Sableye
|-damage|p2b: Sableye|52/100
|-status|p2b: Sableye|brn
|move|p2b: Sableye|Foul Play|p1b: Sneasler
|-resisted|p1b: Sneasler|1
|-damage|p1b: Sneasler|28/100
|
|-weather|RainDance|[upkeep]
|-heal|p1a: Milotic|37/100|[from] item: Leftovers
|-damage|p2b: Sableye|46/100 brn|[from] brn
|upkeep
|
|t:|1784071635
|switch|p2a: Blastoise|Blastoise, L50, F|100/100
|turn|6
|
|t:|1784071655
|switch|p2b: Kocho|Sneasler, L50, F|100/100
|move|p2a: Blastoise|Protect|p2a: Blastoise
|-singleturn|p2a: Blastoise|Protect
|move|p1b: Sneasler|Close Combat|p2a: Blastoise
|-activate|p2a: Blastoise|move: Protect
|move|p1a: Milotic|Scald|p2a: Blastoise
|-activate|p2a: Blastoise|move: Protect
|
|-weather|RainDance|[upkeep]
|-heal|p1a: Milotic|43/100|[from] item: Leftovers
|upkeep
|turn|7
|
|t:|1784071675
|detailschange|p2a: Blastoise|Blastoise-Mega, L50, F
|-mega|p2a: Blastoise|Blastoise|Blastoisinite
|move|p2b: Kocho|Fake Out|p1b: Sneasler
|-damage|p1b: Sneasler|0 fnt
|faint|p1b: Sneasler
|move|p2a: Blastoise|Dark Pulse|p1a: Milotic
|-damage|p1a: Milotic|14/100
|move|p1a: Milotic|Scald|p2b: Kocho
|-damage|p2b: Kocho|55/100
|-status|p2b: Kocho|brn
|
|-weather|none
|-heal|p1a: Milotic|20/100y|[from] item: Leftovers
|-damage|p2b: Kocho|49/100 brn|[from] brn
|upkeep
|
|t:|1784071684
|switch|p1b: Floette|Floette-Eternal, L50, F|100/100
|turn|8
|
|t:|1784071699
|detailschange|p1b: Floette|Floette-Mega, L50, F
|-mega|p1b: Floette|Floette|Floettite
|-ability|p1b: Floette|Fairy Aura
|move|p2b: Kocho|Dire Claw|p1b: Floette
|-supereffective|p1b: Floette|1
|-damage|p1b: Floette|43/100
|move|p1b: Floette|Light of Ruin|p2a: Blastoise
|-damage|p2a: Blastoise|30/100
|-damage|p1b: Floette|2/100|[from] Recoil
|move|p2a: Blastoise|Water Spout|p1a: Milotic|[spread] p1a,p1b
|-resisted|p1a: Milotic|1
|-damage|p1a: Milotic|13/100
|-damage|p1b: Floette|0 fnt
|faint|p1b: Floette
|move|p1a: Milotic|Scald|p2b: Kocho
|-damage|p2b: Kocho|21/100 brn
|
|-heal|p1a: Milotic|19/100|[from] item: Leftovers
|-damage|p2b: Kocho|15/100 brn|[from] brn
|-sideend|p2: Mashuno|move: Light Screen
|upkeep
|
|t:|1784071708
|switch|p1b: Sinistcha|Sinistcha, L50|100/100
|-heal|p1a: Milotic|44/100|[from] ability: Hospitality|[of] p1b: Sinistcha
|turn|9
|
|t:|1784071729
|switch|p2b: Sableye|Sableye, L50, F|46/100 brn
|move|p1a: Milotic|Protect|p1a: Milotic
|-singleturn|p1a: Milotic|Protect
|move|p2a: Blastoise|Dark Pulse|p1b: Sinistcha
|-supereffective|p1b: Sinistcha|1
|-damage|p1b: Sinistcha|0 fnt
|faint|p1b: Sinistcha
|
|-heal|p1a: Milotic|50/100g|[from] item: Leftovers
|-damage|p2b: Sableye|40/100 brn|[from] brn
|-sideend|p2: Mashuno|Reflect
|upkeep
|turn|10
|
|t:|1784071743
|move|p2b: Sableye|Light Screen|p2b: Sableye
|-sidestart|p2: Mashuno|move: Light Screen
|move|p2a: Blastoise|Dark Pulse|p1a: Milotic
|-damage|p1a: Milotic|19/100
|cant|p1a: Milotic|flinch
|
|-heal|p1a: Milotic|25/100|[from] item: Leftovers
|-damage|p2b: Sableye|35/100 brn|[from] brn
|upkeep
|turn|11
|c|☆monkeychese|ggs i gotta go
|c|☆Mashuno|ggs
|c|☆monkeychese|oh yeah sorry for no saying glhf back
|c|☆Mashuno|nah dw lol
|c|☆monkeychese|i wasn't checking chat since i was on my phone
|c|☆Mashuno|u good
|inactive|monkeychese has 30 seconds left.
|c|☆monkeychese|alright
|c|☆Mashuno|ggs :)
|c|☆monkeychese|cya man
|c|☆monkeychese|ggs:)
|inactive|monkeychese has 20 seconds left.
|inactive|monkeychese has 15 seconds left.
|-message|monkeychese forfeited.
|raw|monkeychese's rating: 1068 → 1052(-16 for losing)
|raw|Mashuno's rating: 1140 → 1160(+20 for winning)
|
|win|Mashuno
|l|☆monkeychese
|player|p1|
