|j|☆radombattle88
|j|☆spellbreakvgc
|html|radombattle88spellbreakvgc    
|uhtml|bestof|Game 2 of a best-of-3
|t:|1756151008
|gametype|doubles
|player|p1|radombattle88|n|1087
|player|p2|spellbreakvgc|lance|1104
|gen|9
|tier|[Gen 9] VGC 2025 Reg H (Bo3)
|rated|
|rule|Species Clause: Limit one of each Pokémon
|rule|Item Clause: Limit 1 of each item
|clearpoke
|poke|p1|Annihilape, L50, M|
|poke|p1|Ninetales-Alola, L50, F|
|poke|p1|Talonflame, L50, M|
|poke|p1|Garchomp, L50, M|
|poke|p1|Vivillon-Tundra, L50, F|
|poke|p1|Gholdengo, L50|
|poke|p2|Whimsicott, L50, F|
|poke|p2|Typhlosion-Hisui, L50, F|
|poke|p2|Dragapult, L50, F|
|poke|p2|Sneasler, L50, M|
|poke|p2|Indeedee, L50, M|
|poke|p2|Electabuzz, L50, F|
|teampreview|4
|showteam|p1|Annihilape||SafetyGoggles|Defiant|RageFist,DrainPunch,BulkUp,Protect|||M|||50|,,,,,Water]Ninetales-Alola||CovertCloak|SnowWarning|Blizzard,FreezeDry,AuroraVeil,Protect|||F|||50|,,,,,Ice]Talonflame||SkyPlate|GaleWings|DualWingbeat,Tailwind,WillOWisp,Protect|||M|||50|,,,,,Ghost]Garchomp||LifeOrb|RoughSkin|Earthquake,StompingTantrum,DragonClaw,Protect|||M|||50|,,,,,Steel]Vivillon-Tundra||FocusSash|CompoundEyes|SleepPowder,Hurricane,RagePowder,Protect|||F|||50|,,,,,Ghost]Gholdengo||IronPlate|GoodasGold|MakeItRain,ShadowBall,NastyPlot,Protect||||||50|,,,,,Steel
|showteam|p2|Whimsicott||CovertCloak|Prankster|Tailwind,SunnyDay,Encore,Moonblast|||F|||50|,,,,,Ghost]Typhlosion-Hisui||ChoiceSpecs|Blaze|Eruption,HeatWave,ShadowBall,FocusBlast|||F|||50|,,,,,Fire]Dragapult||ChoiceBand|ClearBody|DragonDarts,Outrage,PhantomForce,Uturn|||F|||50|,,,,,Dragon]Sneasler||PsychicSeed|Unburden|DireClaw,CloseCombat,ThroatChop,Protect|||M|||50|,,,,,Fighting]Indeedee||FocusSash|PsychicSurge|ExpandingForce,TeraBlast,TrickRoom,Imprison|||M|||50|,,,,,Psychic]Electabuzz||Eviolite|VitalSpirit|Electroweb,FollowMe,Taunt,Protect|||F|||50|,,,,,Ghost
|inactive|Battle timer is ON: inactive players will automatically lose when time's up. (requested by spellbreakvgc)
|inactive|radombattle88 has 60 seconds left.
|inactive|spellbreakvgc has 60 seconds left.
|
|t:|1756151060
|teamsize|p1|4
|teamsize|p2|4
|start
|switch|p1a: Talonflame|Talonflame, L50, M|100/100
|switch|p1b: Garchomp|Garchomp, L50, M|100/100
|switch|p2a: Whimsicott|Whimsicott, L50, F|100/100
|switch|p2b: Dragapult|Dragapult, L50, F|100/100
|turn|1
|
|t:|1756151084
|-terastallize|p2a: Whimsicott|Ghost
|-terastallize|p1b: Garchomp|Steel
|move|p1a: Talonflame|Dual Wingbeat|p2a: Whimsicott
|-damage|p2a: Whimsicott|71/100
|-damage|p2a: Whimsicott|45/100
|-hitcount|p2a: Whimsicott|2
|move|p2a: Whimsicott|Tailwind|p2a: Whimsicott
|-sidestart|p2: spellbreakvgc|move: Tailwind
|move|p2b: Dragapult|Dragon Darts|p1a: Talonflame
|-crit|p1a: Talonflame
|-damage|p1a: Talonflame|4/100
|-anim|p2b: Dragapult|Dragon Darts|p1b: Garchomp
|-resisted|p1b: Garchomp
|-damage|p1b: Garchomp|79/100
|move|p1b: Garchomp|Earthquake|p2a: Whimsicott|[spread] p2a,p2b
|-immune|p1a: Talonflame
|-damage|p2a: Whimsicott|0 fnt
|-damage|p2b: Dragapult|24/100
|faint|p2a: Whimsicott
|-damage|p1b: Garchomp|69/100|[from] item: Life Orb
|
|upkeep
|
|t:|1756151106
|switch|p2a: Typhlosion|Typhlosion-Hisui, L50, F|100/100
|turn|2
|
|t:|1756151116
|move|p1b: Garchomp|Protect|p1b: Garchomp
|-singleturn|p1b: Garchomp|Protect
|move|p2b: Dragapult|Dragon Darts|p1a: Talonflame
|-damage|p1a: Talonflame|0 fnt
|faint|p1a: Talonflame
|move|p2a: Typhlosion|Eruption|p1b: Garchomp
|-activate|p1b: Garchomp|move: Protect
|
|upkeep
|
|t:|1756151127
|switch|p1a: Vivillon|Vivillon-Tundra, L50, F|100/100
|turn|3
|
|t:|1756151141
|move|p1a: Vivillon|Protect|p1a: Vivillon
|-singleturn|p1a: Vivillon|Protect
|move|p2b: Dragapult|Dragon Darts|p1b: Garchomp
|-resisted|p1b: Garchomp
|-damage|p1b: Garchomp|50/100
|-anim|p2b: Dragapult|Dragon Darts|p1b: Garchomp
|-resisted|p1b: Garchomp
|-damage|p1b: Garchomp|31/100
|move|p2a: Typhlosion|Eruption|p1a: Vivillon|[spread] p1b
|-activate|p1a: Vivillon|move: Protect
|-supereffective|p1b: Garchomp
|-damage|p1b: Garchomp|0 fnt
|faint|p1b: Garchomp
|
|upkeep
|
|t:|1756151146
|switch|p1b: Gholdengo|Gholdengo, L50|100/100
|turn|4
|
|t:|1756151155
|move|p1a: Vivillon|Protect||[still]
|-fail|p1a: Vivillon
|move|p1b: Gholdengo|Protect|p1b: Gholdengo
|-singleturn|p1b: Gholdengo|Protect
|move|p2b: Dragapult|Dragon Darts|p1a: Vivillon
|-damage|p1a: Vivillon|24/100
|-anim|p2b: Dragapult|Dragon Darts|p1a: Vivillon
|-damage|p1a: Vivillon|0 fnt
|faint|p1a: Vivillon
|move|p2a: Typhlosion|Eruption|p1b: Gholdengo
|-activate|p1b: Gholdengo|move: Protect
|
|-sideend|p2: spellbreakvgc|move: Tailwind
|upkeep
|turn|5
|
|t:|1756151166
|move|p2b: Dragapult|Dragon Darts|p1b: Gholdengo
|-resisted|p1b: Gholdengo
|-damage|p1b: Gholdengo|78/100
|-anim|p2b: Dragapult|Dragon Darts|p1b: Gholdengo
|-resisted|p1b: Gholdengo
|-damage|p1b: Gholdengo|56/100
|move|p1b: Gholdengo|Shadow Ball|p2a: Typhlosion
|-supereffective|p2a: Typhlosion
|-damage|p2a: Typhlosion|0 fnt
|faint|p2a: Typhlosion
|
|upkeep
|
|t:|1756151174
|switch|p2a: Sneasler|Sneasler, L50, M|100/100
|turn|6
|
|t:|1756151179
|move|p2b: Dragapult|Dragon Darts|p1b: Gholdengo
|-resisted|p1b: Gholdengo
|-damage|p1b: Gholdengo|34/100
|-anim|p2b: Dragapult|Dragon Darts|p1b: Gholdengo
|-resisted|p1b: Gholdengo
|-damage|p1b: Gholdengo|8/100
|move|p2a: Sneasler|Throat Chop|p1b: Gholdengo
|-supereffective|p1b: Gholdengo
|-damage|p1b: Gholdengo|0 fnt
|faint|p1b: Gholdengo
|
|win|spellbreakvgc
||spellbreakvgc is ready for game 3.
||radombattle88 is ready for game 3.
|uhtml|next|Next: Game 3 of 3
