|j|☆sbhaga34
|j|☆alexander1111
|html|sbhaga34alexander1111    
|uhtml|bestof|Game 2 of a best-of-3
|t:|1784229810
|gametype|doubles
|player|p1|sbhaga34|hugh|1293
|player|p2|alexander1111|preschooler|1368
|gen|9
|tier|[Gen 9 Champions] VGC 2026 Reg M-B (Bo3)
|rated|
|rule|Species Clause: Limit one of each Pokémon
|rule|Item Clause: Limit 1 of each item
|clearpoke
|poke|p1|Excadrill, L50, F|
|poke|p1|Tyranitar, L50, M|
|poke|p1|Corviknight, L50, M|
|poke|p1|Rotom-Wash, L50|
|poke|p1|Chandelure, L50, M|
|poke|p1|Clefable, L50, F|
|poke|p2|Milotic, L50, F|
|poke|p2|Maushold-Four, L50|
|poke|p2|Charizard, L50, M, shiny|
|poke|p2|Whimsicott, L50, F, shiny|
|poke|p2|Kingambit, L50, M|
|poke|p2|Garchomp, L50, F|
|teampreview|4
|showteam|p1|Excadrill||FocusSash|SandRush|Earthquake,IronHead,SwordsDance,Protect|Adamant||F|||50|]Tyranitar||Tyranitarite|SandStream|RockSlide,KnockOff,LowKick,Protect|Adamant||M|||50|]Corviknight||SharpBeak|MirrorArmor|BraveBird,Tailwind,BulkUp,Roost|Careful||M|||50|]Rotom-Wash||ChoiceScarf|Levitate|VoltSwitch,Thunderbolt,Electroweb,HydroPump|Timid|||||50|]Chandelure||ShucaBerry|FlashFire|HeatWave,ShadowBall,TrickRoom,Protect|Modest||M|||50|]Clefable||Clefablite|MagicGuard|FollowMe,Moonblast,HealPulse,Protect|Modest||F|||50|
|showteam|p2|Milotic||SitrusBerry|Competitive|Scald,IceBeam,HelpingHand,Protect|Modest||F|||50|]Maushold-Four||WideLens|Technician|PopulationBomb,FollowMe,Protect,SunnyDay|Jolly|||||50|]Charizard||CharizarditeY|Blaze|SolarBeam,HeatWave,WeatherBall,Protect|Timid||M|||50|]Whimsicott||FocusSash|Prankster|Tailwind,Moonblast,Protect,Encore|Timid||F|||50|]Kingambit||ChopleBerry|Defiant|KowtowCleave,SuckerPunch,IronHead,LowKick|Adamant||M|||50|]Garchomp||LifeOrb|RoughSkin|RockSlide,Earthquake,DragonClaw,Protect|Jolly||F|||50|
|inactive|Battle timer is ON: inactive players will automatically lose when time's up. (requested by sbhaga34)
|
|t:|1784229902
|teamsize|p1|4
|teamsize|p2|4
|start
|switch|p1a: Rotom|Rotom-Wash, L50|100/100
|switch|p1b: Chandelure|Chandelure, L50, M|100/100
|switch|p2a: Garchomp|Garchomp, L50, F|100/100
|switch|p2b: Whimsicott|Whimsicott, L50, F, shiny|100/100
|turn|1
|
|t:|1784229924
|move|p2b: Whimsicott|Protect|p2b: Whimsicott
|-singleturn|p2b: Whimsicott|Protect
|move|p1a: Rotom|Volt Switch|p2b: Whimsicott
|-activate|p2b: Whimsicott|move: Protect
|move|p2a: Garchomp|Rock Slide|p1b: Chandelure|[spread] p1a
|-miss|p2a: Garchomp|p1b: Chandelure
|-damage|p1a: Rotom|75/100
|-damage|p2a: Garchomp|90/100|[from] item: Life Orb
|move|p1b: Chandelure|Trick Room|p1b: Chandelure
|-fieldstart|move: Trick Room|[of] p1b: Chandelure
|
|upkeep
|turn|2
|inactive|alexander1111 has 30 seconds left.
|inactive|alexander1111 has 20 seconds left.
|
|t:|1784229960
|switch|p1b: Corviknight|Corviknight, L50, M|100/100
|move|p2b: Whimsicott|Encore||[still]
|-fail|p2b: Whimsicott
|move|p2a: Garchomp|Rock Slide|p1b: Corviknight|[spread] p1a,p1b
|-crit|p1a: Rotom
|-damage|p1a: Rotom|33/100
|-damage|p1b: Corviknight|80/100
|-damage|p2a: Garchomp|80/100|[from] item: Life Orb
|move|p1a: Rotom|Volt Switch|p2b: Whimsicott
|-resisted|p2b: Whimsicott|1
|-damage|p2b: Whimsicott|78/100
|
|t:|1784229973
|switch|p1a: Chandelure|Chandelure, L50, M|100/100|[from] Volt Switch
|
|upkeep
|turn|3
|
|t:|1784229996
|move|p2b: Whimsicott|Protect|p2b: Whimsicott
|-singleturn|p2b: Whimsicott|Protect
|move|p1b: Corviknight|Brave Bird|p2a: Garchomp
|-crit|p2a: Garchomp
|-damage|p2a: Garchomp|14/100
|-damage|p1b: Corviknight|68/100|[from] ability: Rough Skin|[of] p2a: Garchomp
|-damage|p1b: Corviknight|47/100|[from] Recoil
|move|p1a: Chandelure|Heat Wave|p2b: Whimsicott|[spread] p2a
|-activate|p2b: Whimsicott|move: Protect
|-resisted|p2a: Garchomp|1
|-damage|p2a: Garchomp|0 fnt
|faint|p2a: Garchomp
|
|upkeep
|
|t:|1784230010
|switch|p2a: Kingambit|Kingambit, L50, M|100/100
|turn|4
|
|t:|1784230035
|switch|p2b: Charizard|Charizard, L50, M, shiny|100/100
|move|p1a: Chandelure|Protect|p1a: Chandelure
|-singleturn|p1a: Chandelure|Protect
|move|p2a: Kingambit|Kowtow Cleave|p1a: Chandelure
|-activate|p1a: Chandelure|move: Protect
|move|p1b: Corviknight|Brave Bird|p2b: Charizard
|-damage|p2b: Charizard|29/100
|-damage|p1b: Corviknight|28/100|[from] Recoil
|
|upkeep
|turn|5
|
|t:|1784230057
|switch|p1a: Tyranitar|Tyranitar, L50, M|100/100
|-weather|Sandstorm|[from] ability: Sand Stream|[of] p1a: Tyranitar
|move|p2b: Charizard|Protect|p2b: Charizard
|-singleturn|p2b: Charizard|Protect
|move|p2a: Kingambit|Kowtow Cleave|p1a: Tyranitar
|-resisted|p1a: Tyranitar|1
|-damage|p1a: Tyranitar|81/100
|move|p1b: Corviknight|Tailwind|p1b: Corviknight
|-sidestart|p1: sbhaga34|move: Tailwind
|
|-weather|Sandstorm|[upkeep]
|-damage|p2b: Charizard|23/100|[from] Sandstorm
|-fieldend|move: Trick Room
|upkeep
|turn|6
|inactive|sbhaga34 has 30 seconds left.
|inactive|alexander1111 has 30 seconds left.
|inactive|alexander1111 has 20 seconds left.
|inactive|sbhaga34 has 20 seconds left.
|inactive|alexander1111 has 15 seconds left.
|inactive|sbhaga34 has 15 seconds left.
|
|t:|1784230104
|switch|p2b: Whimsicott|Whimsicott, L50, F, shiny|78/100
|move|p1a: Tyranitar|Protect|p1a: Tyranitar
|-singleturn|p1a: Tyranitar|Protect
|move|p1b: Corviknight|Brave Bird|p2b: Whimsicott
|-supereffective|p2b: Whimsicott|1
|-damage|p2b: Whimsicott|0 fnt
|faint|p2b: Whimsicott
|-damage|p1b: Corviknight|10/100|[from] Recoil
|move|p2a: Kingambit|Low Kick|p1a: Tyranitar
|-activate|p1a: Tyranitar|move: Protect
|
|-weather|Sandstorm|[upkeep]
|upkeep
|
|t:|1784230111
|switch|p2b: Charizard|Charizard, L50, M, shiny|23/100
|turn|7
|
|t:|1784230124
|switch|p1a: Rotom|Rotom-Wash, L50|33/100
|move|p2b: Charizard|Protect|p2b: Charizard
|-singleturn|p2b: Charizard|Protect
|move|p2a: Kingambit|Sucker Punch||[still]
|-fail|p2a: Kingambit
|move|p1b: Corviknight|Roost|p1b: Corviknight
|-heal|p1b: Corviknight|60/100
|-singleturn|p1b: Corviknight|move: Roost
|
|-weather|Sandstorm|[upkeep]
|-damage|p1a: Rotom|28/100|[from] Sandstorm
|-damage|p2b: Charizard|17/100|[from] Sandstorm
|upkeep
|turn|8
|-message|alexander1111 forfeited.
|
|win|sbhaga34
|raw|sbhaga34's rating: 1293 → 1323(+30 for winning)
|raw|alexander1111's rating: 1368 → 1344(-24 for losing)
