|j|☆raksbach123
|j|☆LyricSum
|html|raksbach123LyricSum    
|uhtml|bestof|Game 1 of a best-of-3
|t:|1784716752
|gametype|doubles
|player|p1|raksbach123|102|1176
|player|p2|LyricSum|veteran|1226
|gen|9
|tier|[Gen 9 Champions] VGC 2026 Reg M-B (Bo3)
|rated|
|rule|Species Clause: Limit one of each Pokémon
|rule|Item Clause: Limit 1 of each item
|clearpoke
|poke|p1|Incineroar, L50, F|
|poke|p1|Kingambit, L50, F|
|poke|p1|Sinistcha, L50|
|poke|p1|Sneasler, L50, M|
|poke|p1|Blastoise, L50, M|
|poke|p1|Delphox, L50, M|
|poke|p2|Froslass, L50, F, shiny|
|poke|p2|Sneasler, L50, M, shiny|
|poke|p2|Lycanroc-Dusk, L50, M, shiny|
|poke|p2|Whimsicott, L50, F, shiny|
|poke|p2|Maushold-Four, L50, shiny|
|poke|p2|Hydreigon, L50, M, shiny|
|teampreview|4
|showteam|p1|Incineroar||SitrusBerry|Intimidate|FakeOut,FlareBlitz,ThroatChop,PartingShot|Impish||F|||50|]Kingambit||BlackGlasses|Defiant|KowtowCleave,SuckerPunch,SwordsDance,Protect|Adamant||F|||50|]Sinistcha||OccaBerry|Hospitality|MatchaGotcha,RagePowder,TrickRoom,Protect|Relaxed|||||50|]Sneasler||FocusSash|PoisonTouch|FakeOut,CloseCombat,PoisonJab,QuickGuard|Jolly||M|||50|]Blastoise||Blastoisinite|RainDish|WaterSpout,DarkPulse,ShellSmash,Protect|Modest||M|||50|]Delphox||Delphoxite|Blaze|HeatWave,Psychic,NastyPlot,Protect|Timid||M|||50|
|showteam|p2|Froslass||Froslassite|CursedBody|NastyPlot,Blizzard,ShadowBall,Protect|Timid||F|||50|]Sneasler||WhiteHerb|Unburden|FakeOut,CloseCombat,DireClaw,Protect|Adamant||M|||50|]Lycanroc-Dusk||FocusSash|ToughClaws|Accelerock,RockSlide,CloseCombat,Protect|Jolly||M|||50|]Whimsicott||FairyFeather|Prankster|Tailwind,Moonblast,Encore,Protect|Timid||F|||50|]Maushold-Four||ChopleBerry|FriendGuard|SuperFang,FollowMe,Taunt,Protect|Timid|||||50|]Hydreigon||LifeOrb|Levitate|DarkPulse,Snarl,HeatWave,Protect|Modest||M|||50|
|inactive|Battle timer is ON: inactive players will automatically lose when time's up. (requested by LyricSum)
|inactive|raksbach123 also wants the timer to be on.
|
|t:|1784716778
|teamsize|p1|4
|teamsize|p2|4
|start
|switch|p1a: Incineroar|Incineroar, L50, F|100/100
|switch|p1b: Sneasler|Sneasler, L50, M|100/100
|switch|p2a: Mickey Mice|Maushold-Four, L50, shiny|100/100
|switch|p2b: Hail Hydra|Hydreigon, L50, M, shiny|100/100
|-ability|p1a: Incineroar|Intimidate|boost
|-unboost|p2a: Mickey Mice|atk|1
|-unboost|p2b: Hail Hydra|atk|1
|turn|1
|
|t:|1784716796
|move|p2b: Hail Hydra|Protect|p2b: Hail Hydra
|-singleturn|p2b: Hail Hydra|Protect
|move|p1a: Incineroar|Fake Out|p2a: Mickey Mice
|-damage|p2a: Mickey Mice|86/100
|move|p1b: Sneasler|Close Combat|p2b: Hail Hydra
|-activate|p2b: Hail Hydra|move: Protect
|cant|p2a: Mickey Mice|flinch
|
|upkeep
|turn|2
|
|t:|1784716810
|move|p2a: Mickey Mice|Follow Me|p2a: Mickey Mice
|-singleturn|p2a: Mickey Mice|move: Follow Me
|move|p1b: Sneasler|Close Combat|p2a: Mickey Mice
|-supereffective|p2a: Mickey Mice|1
|-enditem|p2a: Mickey Mice|Chople Berry|[eat]
|-enditem|p2a: Mickey Mice|Chople Berry|[weaken]
|-damage|p2a: Mickey Mice|6/100
|-unboost|p1b: Sneasler|def|1
|-unboost|p1b: Sneasler|spd|1
|-status|p2a: Mickey Mice|psn|[from] ability: Poison Touch|[of] p1b: Sneasler
|move|p2b: Hail Hydra|Heat Wave|p1a: Incineroar|[spread] p1b
|-miss|p2b: Hail Hydra|p1a: Incineroar
|-damage|p1b: Sneasler|21/100
|-damage|p2b: Hail Hydra|90/100|[from] item: Life Orb
|move|p1a: Incineroar|Parting Shot|p2a: Mickey Mice
|-unboost|p2a: Mickey Mice|atk|1
|-unboost|p2a: Mickey Mice|spa|1
|
|t:|1784716827
|switch|p1a: Sinistcha|Sinistcha, L50|100/100|[from] Parting Shot
|-heal|p1b: Sneasler|46/100|[from] ability: Hospitality|[of] p1a: Sinistcha
|
|-damage|p2a: Mickey Mice|0 fnt|[from] psn
|faint|p2a: Mickey Mice
|upkeep
|
|t:|1784716831
|switch|p2a: Stuffed|Whimsicott, L50, F, shiny|100/100
|turn|3
|
|t:|1784716844
|switch|p1a: Incineroar|Incineroar, L50, F|100/100
|-ability|p1a: Incineroar|Intimidate|boost
|-unboost|p2a: Stuffed|atk|1
|-unboost|p2b: Hail Hydra|atk|1
|move|p2a: Stuffed|Tailwind|p2a: Stuffed
|-sidestart|p2: LyricSum|move: Tailwind
|move|p2b: Hail Hydra|Heat Wave|p1a: Incineroar|[spread] p1a,p1b
|-resisted|p1a: Incineroar|1
|-damage|p1a: Incineroar|85/100
|-damage|p1b: Sneasler|0 fnt
|faint|p1b: Sneasler
|-damage|p2b: Hail Hydra|80/100|[from] item: Life Orb
|
|upkeep
|
|t:|1784716858
|switch|p1b: Sinistcha|Sinistcha, L50|100/100
|-heal|p1a: Incineroar|100/100|[from] ability: Hospitality|[of] p1b: Sinistcha
|turn|4
|
|t:|1784716867
|move|p2a: Stuffed|Moonblast|p1a: Incineroar
|-damage|p1a: Incineroar|60/100
|-unboost|p1a: Incineroar|spa|1
|move|p2b: Hail Hydra|Dark Pulse|p1b: Sinistcha
|-supereffective|p1b: Sinistcha|1
|-damage|p1b: Sinistcha|0 fnt
|faint|p1b: Sinistcha
|-damage|p2b: Hail Hydra|70/100|[from] item: Life Orb
|move|p1a: Incineroar|Flare Blitz|p2a: Stuffed
|-supereffective|p2a: Stuffed|1
|-damage|p2a: Stuffed|0 fnt
|faint|p2a: Stuffed
|-damage|p1a: Incineroar|37/100|[from] Recoil
|-enditem|p1a: Incineroar|Sitrus Berry|[eat]
|-heal|p1a: Incineroar|62/100|[from] item: Sitrus Berry
|
|upkeep
|
|t:|1784716882
|switch|p2a: Bluey|Lycanroc-Dusk, L50, M, shiny|100/100
|switch|p1b: Kingambit|Kingambit, L50, F|100/100
|turn|5
|
|t:|1784716899
|move|p2a: Bluey|Close Combat|p1a: Incineroar
|-supereffective|p1a: Incineroar|1
|-damage|p1a: Incineroar|0 fnt
|-unboost|p2a: Bluey|def|1
|-unboost|p2a: Bluey|spd|1
|faint|p1a: Incineroar
|move|p2b: Hail Hydra|Heat Wave|p1b: Kingambit
|-supereffective|p1b: Kingambit|1
|-damage|p1b: Kingambit|28/100
|-damage|p2b: Hail Hydra|60/100|[from] item: Life Orb
|move|p1b: Kingambit|Kowtow Cleave|p2a: Bluey
|-enditem|p2a: Bluey|Focus Sash
|-damage|p2a: Bluey|1/100
|
|upkeep
|turn|6
|
|t:|1784716914
|move|p1b: Kingambit|Sucker Punch|p2a: Bluey
|-damage|p2a: Bluey|0 fnt
|faint|p2a: Bluey
|move|p2b: Hail Hydra|Heat Wave|p1b: Kingambit
|-supereffective|p1b: Kingambit|1
|-damage|p1b: Kingambit|0 fnt
|faint|p1b: Kingambit
|-damage|p2b: Hail Hydra|51/100|[from] item: Life Orb
|
|win|LyricSum
