|j|Ōśåronansting
|j|Ōśåbelinvgc
|html|ronanstingbelinvgc    
|uhtml|bestof|Game 3 of a best-of-3
|t:|1756214365
|gametype|doubles
|player|p1|ronansting|baker|1368
|player|p2|belinvgc|170|1289
|gen|9
|tier|[Gen 9] VGC 2025 Reg H (Bo3)
|rated|
|rule|Species Clause: Limit one of each Pok├®mon
|rule|Item Clause: Limit 1 of each item
|clearpoke
|poke|p1|Archaludon, L50, M|
|poke|p1|Pelipper, L50, M|
|poke|p1|Indeedee, L50, M|
|poke|p1|Amoonguss, L50, M|
|poke|p1|Basculegion, L50, M|
|poke|p1|Hydreigon, L50, F|
|poke|p2|Ursaluna-Bloodmoon, L50, M|
|poke|p2|Sinistcha, L50|
|poke|p2|Rillaboom, L50, F|
|poke|p2|Incineroar, L50, F|
|poke|p2|Sneasler, L50, M|
|poke|p2|Kingambit, L50, M|
|teampreview|4
|showteam|p1|Archaludon||AssaultVest|Stamina|ElectroShot,DracoMeteor,BodyPress,FlashCannon|||M|||50|,,,,,Grass]Pelipper||FocusSash|Drizzle|WeatherBall,Hurricane,Tailwind,Protect|||M|||50|,,,,,Ghost]Indeedee||ChoiceScarf|PsychicSurge|ExpandingForce,TeraBlast,Trick,DazzlingGleam|||M|||50|,,,,,Ground]Amoonguss||SitrusBerry|Regenerator|Spore,SludgeBomb,Protect,RagePowder|||M|||50|,,,,,Water]Basculegion||ChoiceBand|SwiftSwim|FlipTurn,WaveCrash,LastRespects,AquaJet|||M|||50|,,,,,Poison]Hydreigon||CovertCloak|Levitate|Taunt,Snarl,DracoMeteor,EarthPower|||F|||50|,,,,,Fairy
|showteam|p2|Ursaluna-Bloodmoon||Leftovers|MindsEye|BloodMoon,EarthPower,CalmMind,Protect|||M|||50|,,,,,Water]Sinistcha||SitrusBerry|Hospitality|MatchaGotcha,RagePowder,LifeDew,TrickRoom||||||50|,,,,,Water]Rillaboom||AssaultVest|GrassySurge|GrassyGlide,DrumBeating,Uturn,FakeOut|||F|||50|,,,,,Fire]Incineroar||FigyBerry|Intimidate|FlareBlitz,KnockOff,PartingShot,FakeOut|||F|||50|,,,,,Grass]Sneasler||GrassySeed|Unburden|DireClaw,CloseCombat,Taunt,Protect|||M|||50|,,,,,Stellar]Kingambit||SafetyGoggles|Defiant|KowtowCleave,SuckerPunch,SwordsDance,Protect|||M|||50|,,,,,Dark
|
|t:|1756214401
|teamsize|p1|4
|teamsize|p2|4
|start
|switch|p1a: Arching|Archaludon, L50, M|100/100
|switch|p1b: Smellypper|Pelipper, L50, M|100/100
|switch|p2a: Ursaluna|Ursaluna-Bloodmoon, L50, M|100/100
|switch|p2b: Rillaboom|Rillaboom, L50, F, shiny|100/100
|-fieldstart|move: Grassy Terrain|[from] ability: Grassy Surge|[of] p2b: Rillaboom
|-weather|RainDance|[from] ability: Drizzle|[of] p1b: Smellypper
|turn|1
|
|t:|1756214426
|move|p2b: Rillaboom|Drum Beating|p1b: Smellypper
|-damage|p1b: Smellypper|25/100
|-unboost|p1b: Smellypper|spe|1
|move|p1a: Arching|Electro Shot||[still]
|-prepare|p1a: Arching|Electro Shot
|-boost|p1a: Arching|spa|1
|-anim|p1a: Arching|Electro Shot|p2b: Rillaboom
|-resisted|p2b: Rillaboom
|-damage|p2b: Rillaboom|73/100
|move|p2a: Ursaluna|Blood Moon|p1b: Smellypper
|-damage|p1b: Smellypper|0 fnt
|faint|p1b: Smellypper
|
|-weather|RainDance|[upkeep]
|-heal|p2b: Rillaboom|79/100|[from] Grassy Terrain
|upkeep
|
|t:|1756214438
|switch|p1b: Goodee|Indeedee, L50, M|100/100
|-fieldstart|move: Psychic Terrain|[from] ability: Psychic Surge|[of] p1b: Goodee
|turn|2
|
|t:|1756214454
|switch|p2b: Kingambit|Kingambit, L50, M, shiny|100/100
|move|p2a: Ursaluna|Protect|p2a: Ursaluna
|-singleturn|p2a: Ursaluna|Protect
|move|p1b: Goodee|Expanding Force|p2b: Kingambit|[spread] 
|-activate|p2a: Ursaluna|move: Protect
|-immune|p2b: Kingambit
|move|p1a: Arching|Electro Shot||[still]
|-prepare|p1a: Arching|Electro Shot
|-boost|p1a: Arching|spa|1
|-anim|p1a: Arching|Electro Shot|p2b: Kingambit
|-damage|p2b: Kingambit|24/100
|
|-weather|RainDance|[upkeep]
|upkeep
|turn|3
|
|t:|1756214476
|switch|p1b: Empire|Basculegion, L50, M|100/100
|switch|p2a: Rillaboom|Rillaboom, L50, F, shiny|79/100
|-fieldstart|move: Grassy Terrain|[from] ability: Grassy Surge|[of] p2a: Rillaboom
|-terastallize|p1a: Arching|Grass
|move|p2b: Kingambit|Sucker Punch||[still]
|-fail|p2b: Kingambit
|move|p1a: Arching|Electro Shot||[still]
|-prepare|p1a: Arching|Electro Shot
|-boost|p1a: Arching|spa|1
|-anim|p1a: Arching|Electro Shot|p2b: Kingambit
|-damage|p2b: Kingambit|0 fnt
|faint|p2b: Kingambit
|
|-weather|RainDance|[upkeep]
|-heal|p2a: Rillaboom|85/100|[from] Grassy Terrain
|upkeep
|
|t:|1756214482
|switch|p2b: Sneasler|Sneasler, L50, M|100/100
|-enditem|p2b: Sneasler|Grassy Seed
|-boost|p2b: Sneasler|def|1|[from] item: Grassy Seed
|turn|4
|
|t:|1756214503
|-terastallize|p2b: Sneasler|Stellar
|move|p2b: Sneasler|Dire Claw|p1a: Arching
|-supereffective|p1a: Arching
|-damage|p1a: Arching|13/100
|-status|p1a: Arching|par
|-ability|p1a: Arching|Stamina|boost
|-boost|p1a: Arching|def|1
|move|p1b: Empire|Wave Crash|p2b: Sneasler
|-damage|p2b: Sneasler|0 fnt
|faint|p2b: Sneasler
|-damage|p1b: Empire|73/100|[from] Recoil
|move|p2a: Rillaboom|U-turn|p1a: Arching
|-supereffective|p1a: Arching
|-damage|p1a: Arching|0 fnt
|faint|p1a: Arching
|
|t:|1756214513
|switch|p2a: Ursaluna|Ursaluna-Bloodmoon, L50, M|100/100|[from] U-turn
|
|-weather|RainDance|[upkeep]
|-heal|p1b: Empire|80/100|[from] Grassy Terrain
|upkeep
|
|t:|1756214522
|switch|p2b: Rillaboom|Rillaboom, L50, F, shiny|85/100
|switch|p1a: Goodee|Indeedee, L50, M|100/100
|-fieldstart|move: Psychic Terrain|[from] ability: Psychic Surge|[of] p1a: Goodee
|-fieldstart|move: Grassy Terrain|[from] ability: Grassy Surge|[of] p2b: Rillaboom
|turn|5
|
|t:|1756214535
|move|p2b: Rillaboom|Grassy Glide|p1b: Empire
|-supereffective|p1b: Empire
|-damage|p1b: Empire|0 fnt
|faint|p1b: Empire
|move|p1a: Goodee|Trick|p2b: Rillaboom
|-activate|p1a: Goodee|move: Trick|[of] p2b: Rillaboom
|-item|p2b: Rillaboom|Choice Scarf|[from] move: Trick
|-item|p1a: Goodee|Assault Vest|[from] move: Trick
|move|p2a: Ursaluna|Blood Moon|p1a: Goodee
|-damage|p1a: Goodee|38/100
|
|-weather|none
|-heal|p2b: Rillaboom|91/100|[from] Grassy Terrain
|-heal|p1a: Goodee|45/100|[from] Grassy Terrain
|upkeep
|turn|6
|c|Ōśåbelinvgc|Ggs man
|c|Ōśåronansting|gg
|c|Ōśåronansting|you hitting the 12% roll + draco miss is rough
|
|t:|1756214551
|move|p2b: Rillaboom|Grassy Glide|p1a: Goodee
|-damage|p1a: Goodee|0 fnt
|faint|p1a: Goodee
|
|win|belinvgc
|raw|ronansting's rating: 1368 → 1344(-24 for losing)
|raw|belinvgc's rating: 1289 → 1320(+31 for winning)
|c|Ōśåbelinvgc|I know, i'm sorry
|c|Ōśåbelinvgc|I play my cards
|c|Ōśåronansting|yeah it just sucks
|c|Ōśåronansting|esp cause rilla killed basc with glide too
|c|Ōśåbelinvgc|You play better 1 and 2 game
|c|Ōśåbelinvgc|My rilla is 252 +
|c|Ōśåbelinvgc|Is higher probability to kill
|c|Ōśåronansting|yeah
|c|Ōśåronansting|6.3% chance to kill
|c|Ōśåronansting|i am 4 hp 60 def
|c|Ōśåbelinvgc|Oh ok
|c|Ōśåbelinvgc|I had not to say
|c|Ōśåbelinvgc|G1 modest peli bait me
|c|Ōśåbelinvgc|My sini resist 90 % the timid and 40 the modest
|c|Ōśåronansting|fair
|c|Ōśåronansting|tho i doubled into it there
|l|Ōśåbelinvgc
|player|p2|
|j|Ōśåbelinvgc
|player|p2|belinvgc|170|
