|j|☆precisiondepicasso
|j|☆aygguan
|html|precisiondepicassoaygguan    
|uhtml|bestof|Game 2 of a best-of-3
|t:|1782410933
|gametype|doubles
|player|p1|precisiondepicasso|cyclistf-gen4|1173
|player|p2|aygguan|1|1167
|gen|9
|tier|[Gen 9 Champions] VGC 2026 Reg M-B (Bo3)
|rated|
|rule|Species Clause: Limit one of each Pokémon
|rule|Item Clause: Limit 1 of each item
|clearpoke
|poke|p1|Aerodactyl, L50, M|
|poke|p1|Garchomp, L50, F|
|poke|p1|Kingambit, L50, M|
|poke|p1|Charizard, L50, M|
|poke|p1|Sylveon, L50, M|
|poke|p1|Farigiraf, L50, F|
|poke|p2|Swampert, L50, F|
|poke|p2|Venusaur, L50, F|
|poke|p2|Pelipper, L50, M|
|poke|p2|Grimmsnarl, L50, M|
|poke|p2|Basculegion, L50, M|
|poke|p2|Archaludon, L50, M|
|teampreview|4
|showteam|p1|Aerodactyl||Aerodactylite|Unnerve|IceFang,RockSlide,Tailwind,DualWingbeat|Jolly||M|||50|]Garchomp||LifeOrb|RoughSkin|DragonClaw,StompingTantrum,Earthquake,Protect|Jolly||F|||50|]Kingambit||FocusSash|Defiant|SuckerPunch,KowtowCleave,IronHead,LowKick|Adamant||M|||50|]Charizard||CharizarditeY|Blaze|Protect,WeatherBall,HeatWave,SolarBeam|Modest||M|||50|]Sylveon||FairyFeather|Pixilate|Protect,HyperVoice,HyperBeam,QuickAttack|Modest||M|||50|]Farigiraf||SitrusBerry|ArmorTail|TrickRoom,Thunderbolt,Roar,TwinBeam|Bold||F|||50|
|showteam|p2|Swampert||Swampertite|Torrent|WaveCrash,Earthquake,IcePunch,Protect|Adamant||F|||50|]Venusaur||Venusaurite|Chlorophyll|SludgeBomb,GigaDrain,EarthPower,Protect|Modest||F|||50|]Pelipper||LifeOrb|Drizzle|Hurricane,WeatherBall,Tailwind,Protect|Modest||M|||50|]Grimmsnarl||LightClay|Prankster|Reflect,LightScreen,PartingShot,SpiritBreak|Careful||M|||50|]Basculegion||ChoiceScarf|Adaptability|WaveCrash,LastRespects,AquaJet,FlipTurn|Jolly||M|||50|]Archaludon||Leftovers|Stamina|ElectroShot,DragonPulse,FlashCannon,Protect|Modest||M|||50|
|inactive|Battle timer is ON: inactive players will automatically lose when time's up. (requested by precisiondepicasso)
|inactive|precisiondepicasso has 60 seconds left.
|
|t:|1782410982
|teamsize|p1|4
|teamsize|p2|4
|start
|switch|p1a: Farigiraf|Farigiraf, L50, F|100/100
|switch|p1b: Sylveon|Sylveon, L50, M|100/100
|switch|p2a: Grimmsnarl|Grimmsnarl, L50, M|100/100
|switch|p2b: Archaludon|Archaludon, L50, M|100/100
|turn|1
|
|t:|1782410995
|move|p2a: Grimmsnarl|Light Screen|p2a: Grimmsnarl
|-sidestart|p2: aygguan|move: Light Screen
|move|p2b: Archaludon|Flash Cannon|p1b: Sylveon
|-supereffective|p1b: Sylveon|1
|-damage|p1b: Sylveon|38/100
|move|p1b: Sylveon|Hyper Voice|p2b: Archaludon|[spread] p2a,p2b
|-supereffective|p2a: Grimmsnarl|1
|-damage|p2a: Grimmsnarl|46/100
|-damage|p2b: Archaludon|68/100
|-ability|p2b: Archaludon|Stamina|boost
|-boost|p2b: Archaludon|def|1
|move|p1a: Farigiraf|Trick Room|p1a: Farigiraf
|-fieldstart|move: Trick Room|[of] p1a: Farigiraf
|
|-heal|p2b: Archaludon|74/100|[from] item: Leftovers
|upkeep
|turn|2
|
|t:|1782411015
|move|p2a: Grimmsnarl|Reflect|p2a: Grimmsnarl
|-sidestart|p2: aygguan|Reflect
|move|p1a: Farigiraf|Thunderbolt|p2a: Grimmsnarl
|-damage|p2a: Grimmsnarl|33/100
|move|p1b: Sylveon|Hyper Beam|p2b: Archaludon
|-damage|p2b: Archaludon|0 fnt
|-mustrecharge|p1b: Sylveon
|faint|p2b: Archaludon
|
|upkeep
|
|t:|1782411023
|switch|p2b: Pelipper|Pelipper, L50, M|100/100
|-weather|RainDance|[from] ability: Drizzle|[of] p2b: Pelipper
|turn|3
|
|t:|1782411032
|move|p1a: Farigiraf|Thunderbolt|p2b: Pelipper
|-supereffective|p2b: Pelipper|2
|-damage|p2b: Pelipper|5/100
|move|p2a: Grimmsnarl|Spirit Break|p1b: Sylveon
|-damage|p1b: Sylveon|1/100
|-unboost|p1b: Sylveon|spa|1
|cant|p1b: Sylveon|recharge
|move|p2b: Pelipper|Weather Ball|p1b: Sylveon
|-crit|p1b: Sylveon
|-damage|p1b: Sylveon|0 fnt
|faint|p1b: Sylveon
|-damage|p2b: Pelipper|0 fnt|[from] item: Life Orb
|faint|p2b: Pelipper
|
|-weather|RainDance|[upkeep]
|upkeep
|
|t:|1782411049
|switch|p1b: Kingambit|Kingambit, L50, M|100/100
|switch|p2b: Swampert|Swampert, L50, F|100/100
|turn|4
|
|t:|1782411062
|detailschange|p2b: Swampert|Swampert-Mega, L50, F
|-mega|p2b: Swampert|Swampert|Swampertite
|move|p2a: Grimmsnarl|Spirit Break|p1a: Farigiraf
|-damage|p1a: Farigiraf|77/100
|-unboost|p1a: Farigiraf|spa|1
|move|p1a: Farigiraf|Twin Beam|p2b: Swampert
|-damage|p2b: Swampert|94/100
|-damage|p2b: Swampert|87/100
|-hitcount|p2b: Swampert|2
|move|p1b: Kingambit|Iron Head|p2a: Grimmsnarl
|-supereffective|p2a: Grimmsnarl|1
|-damage|p2a: Grimmsnarl|0 fnt
|faint|p2a: Grimmsnarl
|move|p2b: Swampert|Wave Crash|p1b: Kingambit
|-damage|p1b: Kingambit|1/100
|-damage|p2b: Swampert|57/100|[from] Recoil
|
|-weather|RainDance|[upkeep]
|upkeep
|turn|5
|
|t:|1782411083
|move|p2b: Swampert|Protect|p2b: Swampert
|-singleturn|p2b: Swampert|Protect
|move|p1a: Farigiraf|Twin Beam|p2b: Swampert
|-activate|p2b: Swampert|move: Protect
|move|p1b: Kingambit|Kowtow Cleave|p2b: Swampert
|-activate|p2b: Swampert|move: Protect
|
|-weather|RainDance|[upkeep]
|-fieldend|move: Trick Room
|upkeep
|turn|6
|
|t:|1782411091
|move|p1b: Kingambit|Sucker Punch|p2b: Swampert
|-damage|p2b: Swampert|33/100
|move|p2b: Swampert|Earthquake|p1a: Farigiraf|[spread] p1a,p1b
|-supereffective|p1b: Kingambit|1
|-damage|p1a: Farigiraf|41/100
|-damage|p1b: Kingambit|0 fnt
|-enditem|p1a: Farigiraf|Sitrus Berry|[eat]
|-heal|p1a: Farigiraf|66/100|[from] item: Sitrus Berry
|faint|p1b: Kingambit
|move|p1a: Farigiraf|Twin Beam|p2b: Swampert
|-damage|p2b: Swampert|27/100
|-damage|p2b: Swampert|20/100y
|-hitcount|p2b: Swampert|2
|
|-weather|RainDance|[upkeep]
|upkeep
|
|t:|1782411104
|switch|p1b: Charizard|Charizard, L50, M|100/100
|turn|7
|
|t:|1782411114
|detailschange|p1b: Charizard|Charizard-Mega-Y, L50, M
|-mega|p1b: Charizard|Charizard|Charizardite Y
|-weather|SunnyDay|[from] ability: Drought|[of] p1b: Charizard
|move|p1b: Charizard|Solar Beam||[still]
|-prepare|p1b: Charizard|Solar Beam
|-anim|p1b: Charizard|Solar Beam|p2b: Swampert
|-supereffective|p2b: Swampert|2
|-damage|p2b: Swampert|0 fnt
|faint|p2b: Swampert
|
|win|precisiondepicasso
|l|☆aygguan
|player|p2|
||aygguan is ready for game 3.
||precisiondepicasso is ready for game 3.
|uhtml|next|Next: Game 3 of 3
