|j|☆fly butterfly fly
|j|☆azumzen
|html|fly butterfly flyazumzen    
|uhtml|bestof|Game 1 of a best-of-3
|t:|1785597455
|gametype|doubles
|player|p1|fly butterfly fly|265|1175
|player|p2|azumzen|steven|1154
|gen|9
|tier|[Gen 9 Champions] VGC 2026 Reg M-B (Bo3)
|rated|
|rule|Species Clause: Limit one of each Pokémon
|rule|Item Clause: Limit 1 of each item
|clearpoke
|poke|p1|Kangaskhan, L50, F|
|poke|p1|Farigiraf, L50, F|
|poke|p1|Torkoal, L50, F|
|poke|p1|Venusaur, L50, F|
|poke|p1|Kommo-o, L50, M|
|poke|p1|Pyroar, L50, F|
|poke|p2|Mawile, L50, F, shiny|
|poke|p2|Eelektross, L50, M|
|poke|p2|Whimsicott, L50, M|
|poke|p2|Kingambit, L50, F, shiny|
|poke|p2|Garchomp, L50, F|
|poke|p2|Incineroar, L50, M|
|teampreview|4
|showteam|p1|Kangaskhan||SilkScarf|Scrappy|FakeOut,LastResort|Adamant||F|||50|]Farigiraf||ColburBerry|ArmorTail|Psychic,Thunderbolt,HelpingHand,TrickRoom|Bold||F|||50|]Torkoal||Charcoal|Drought|Eruption,WeatherBall,HelpingHand,Protect|Quiet||F|||50|]Venusaur||LifeOrb|Chlorophyll|SolarBeam,SludgeBomb,EarthPower,Protect|Modest||F|||50|]Kommo-o||HabanBerry|Overcoat|ClangingScales,AuraSphere,ClangorousSoul,Protect|Modest||M|||50|]Pyroar||Pyroarite|Unnerve|HeatWave,Overheat,ScorchingSands,Protect|Timid||F|||50|
|showteam|p2|Mawile||Mawilite|HyperCutter|SuckerPunch,PlayRough,SwordsDance,Protect|Adamant||F|||50|]Eelektross||Eelektrossite|Levitate|Thunderbolt,GigaDrain,RockSlide,Protect|Quiet||M|||50|]Whimsicott||FocusSash|Prankster|Tailwind,Encore,Moonblast,TrickRoom|Timid||M|||50|]Kingambit||BlackGlasses|Defiant|IronHead,Protect,SuckerPunch,KowtowCleave|Adamant||F|||50|]Garchomp||LifeOrb|RoughSkin|DragonClaw,RockSlide,Earthquake,Protect|Adamant||F|||50|]Incineroar||ShucaBerry|Intimidate|FlareBlitz,FakeOut,ThroatChop,PartingShot|Relaxed||M|||50|
|
|t:|1785597523
|teamsize|p1|4
|teamsize|p2|4
|start
|switch|p1a: Kangaskhan|Kangaskhan, L50, F|100/100
|switch|p1b: Farigiraf|Farigiraf, L50, F|100/100
|switch|p2a: Incineroar|Incineroar, L50, M|100/100
|switch|p2b: Garchomp|Garchomp, L50, F|100/100
|-ability|p2a: Incineroar|Intimidate|boost
|-fail|p1a: Kangaskhan|unboost|Attack|[from] ability: Scrappy|[of] p1a: Kangaskhan
|-unboost|p1b: Farigiraf|atk|1
|turn|1
|
|t:|1785597569
|move|p1a: Kangaskhan|Fake Out|p2b: Garchomp
|-damage|p2b: Garchomp|80/100
|-damage|p1a: Kangaskhan|87/100|[from] ability: Rough Skin|[of] p2b: Garchomp
|cant|p2b: Garchomp|flinch
|move|p2a: Incineroar|Throat Chop|p1b: Farigiraf
|-supereffective|p1b: Farigiraf|1
|-enditem|p1b: Farigiraf|Colbur Berry|[eat]
|-enditem|p1b: Farigiraf|Colbur Berry|[weaken]
|-damage|p1b: Farigiraf|74/100
|-start|p1b: Farigiraf|Throat Chop|[silent]
|move|p1b: Farigiraf|Trick Room|p1b: Farigiraf
|-fieldstart|move: Trick Room|[of] p1b: Farigiraf
|
|upkeep
|turn|2
|
|t:|1785597598
|move|p1b: Farigiraf|Helping Hand|p1a: Kangaskhan
|-singleturn|p1a: Kangaskhan|Helping Hand|[of] p1b: Farigiraf
|move|p2b: Garchomp|Protect|p2b: Garchomp
|-singleturn|p2b: Garchomp|Protect
|move|p2a: Incineroar|Parting Shot|p1b: Farigiraf
|-unboost|p1b: Farigiraf|atk|1
|-unboost|p1b: Farigiraf|spa|1
|
|t:|1785597606
|switch|p2a: Eelektross|Eelektross, L50, M|100/100|[from] Parting Shot
|move|p1a: Kangaskhan|Last Resort|p2b: Garchomp
|-activate|p2b: Garchomp|move: Protect
|
|-end|p1b: Farigiraf|Throat Chop|[silent]
|upkeep
|turn|3
|
|t:|1785597636
|move|p1b: Farigiraf|Helping Hand|p1a: Kangaskhan
|-singleturn|p1a: Kangaskhan|Helping Hand|[of] p1b: Farigiraf
|move|p2a: Eelektross|Thunderbolt|p1b: Farigiraf
|-damage|p1b: Farigiraf|29/100
|move|p1a: Kangaskhan|Last Resort|p2b: Garchomp
|-damage|p2b: Garchomp|0 fnt
|-damage|p1a: Kangaskhan|75/100|[from] ability: Rough Skin|[of] p2b: Garchomp
|faint|p2b: Garchomp
|
|upkeep
|
|t:|1785597673
|switch|p2b: Incineroar|Incineroar, L50, M|100/100
|-ability|p2b: Incineroar|Intimidate|boost
|-fail|p1a: Kangaskhan|unboost|Attack|[from] ability: Scrappy|[of] p1a: Kangaskhan
|-unboost|p1b: Farigiraf|atk|1
|turn|4
|
|t:|1785597714
|switch|p1b: Torkoal|Torkoal, L50, F|100/100
|-weather|SunnyDay|[from] ability: Drought|[of] p1b: Torkoal
|detailschange|p2a: Eelektross|Eelektross-Mega, L50, M
|-mega|p2a: Eelektross|Eelektross|Eelektrossite
|move|p2b: Incineroar|Flare Blitz|p1a: Kangaskhan
|-damage|p1a: Kangaskhan|7/100
|-damage|p2b: Incineroar|76/100|[from] Recoil
|move|p2a: Eelektross|Thunderbolt|p1a: Kangaskhan
|-damage|p1a: Kangaskhan|0 fnt
|faint|p1a: Kangaskhan
|-ability|p2a: Eelektross|Eelevate|boost
|-boost|p2a: Eelektross|spa|1
|
|-weather|SunnyDay|[upkeep]
|upkeep
|
|t:|1785597729
|switch|p1a: Farigiraf|Farigiraf, L50, F|29/100
|turn|5
|
|t:|1785597753
|switch|p1b: Venusaur|Venusaur, L50, F|100/100
|move|p2b: Incineroar|Throat Chop|p1b: Venusaur
|-damage|p1b: Venusaur|59/100
|-start|p1b: Venusaur|Throat Chop|[silent]
|move|p1a: Farigiraf|Thunderbolt|p2b: Incineroar
|-damage|p2b: Incineroar|58/100
|-status|p2b: Incineroar|par
|move|p2a: Eelektross|Thunderbolt|p1b: Venusaur
|-resisted|p1b: Venusaur|1
|-damage|p1b: Venusaur|15/100
|
|-weather|SunnyDay|[upkeep]
|-fieldend|move: Trick Room
|upkeep
|turn|6
|
|t:|1785597799
|move|p1b: Venusaur|Earth Power|p2b: Incineroar
|-supereffective|p2b: Incineroar|1
|-enditem|p2b: Incineroar|Shuca Berry|[eat]
|-enditem|p2b: Incineroar|Shuca Berry|[weaken]
|-damage|p2b: Incineroar|27/100 par
|-damage|p1b: Venusaur|6/100|[from] item: Life Orb
|move|p2a: Eelektross|Rock Slide|p1b: Venusaur|[spread] p1a,p1b
|-damage|p1a: Farigiraf|16/100
|-damage|p1b: Venusaur|0 fnt
|faint|p1b: Venusaur
|-ability|p2a: Eelektross|Eelevate|boost
|-boost|p2a: Eelektross|spa|1
|move|p2b: Incineroar|Parting Shot|p1a: Farigiraf
|-unboost|p1a: Farigiraf|atk|1
|-unboost|p1a: Farigiraf|spa|1
|
|t:|1785597825
|switch|p2b: Whimsicott|Whimsicott, L50, M|100/100|[from] Parting Shot
|cant|p1a: Farigiraf|flinch
|
|-weather|SunnyDay|[upkeep]
|upkeep
|
|t:|1785597832
|switch|p1b: Torkoal|Torkoal, L50, F|100/100
|turn|7
|
|t:|1785597861
|move|p1b: Torkoal|Protect|p1b: Torkoal
|-singleturn|p1b: Torkoal|Protect
|move|p2b: Whimsicott|Tailwind|p2b: Whimsicott
|-sidestart|p2: azumzen|move: Tailwind
|move|p2a: Eelektross|Thunderbolt|p1a: Farigiraf
|-damage|p1a: Farigiraf|0 fnt
|faint|p1a: Farigiraf
|-ability|p2a: Eelektross|Eelevate|boost
|-boost|p2a: Eelektross|spa|1
|
|-weather|SunnyDay|[upkeep]
|upkeep
|turn|8
|-message|fly butterfly fly forfeited.
|
|win|azumzen
