|j|☆vincy18
|j|☆moth.o
|html|vincy18moth.o    
|uhtml|bestof|Game 2 of a best-of-3
|t:|1756545706
|gametype|doubles
|player|p1|vincy18|will|1129
|player|p2|moth.o|roxie|1146
|gen|9
|tier|[Gen 9] VGC 2025 Reg H (Bo3)
|rated|
|rule|Species Clause: Limit one of each Pokémon
|rule|Item Clause: Limit 1 of each item
|clearpoke
|poke|p1|Annihilape, L50, F|
|poke|p1|Whimsicott, L50, M|
|poke|p1|Gholdengo, L50|
|poke|p1|Electabuzz, L50, F|
|poke|p1|Pelipper, L50, M|
|poke|p1|Sneasler, L50, F|
|poke|p2|Arcanine-Hisui, L50, F|
|poke|p2|Indeedee-F, L50, F|
|poke|p2|Gallade, L50, M|
|poke|p2|Gholdengo, L50|
|poke|p2|Whimsicott, L50, M|
|poke|p2|Hydreigon, L50, M|
|teampreview|4
|showteam|p1|Annihilape||SafetyGoggles|Defiant|RageFist,DrainPunch,BulkUp,Protect|||F|||50|,,,,,Fire]Whimsicott||CovertCloak|Prankster|Tailwind,BeatUp,Encore,Moonblast|||M|||50|,,,,,Ghost]Gholdengo||LifeOrb|GoodasGold|NastyPlot,Protect,ShadowBall,MakeItRain||||||50|,,,,,Water]Electabuzz||Eviolite|VitalSpirit|FollowMe,Protect,Electroweb,Taunt|||F|||50|,,,,,Ghost]Pelipper||FocusSash|Drizzle|Hurricane,WeatherBall,Tailwind,Protect|||M|||50|,,,,,Grass]Sneasler||MirrorHerb|Unburden|FakeOut,DireClaw,CloseCombat,ThroatChop|||F|||50|,,,,,Stellar
|showteam|p2|Arcanine-Hisui||SafetyGoggles|Intimidate|Protect,RockSlide,FlareBlitz,ExtremeSpeed|||F|||50|,,,,,Fairy]Indeedee-F||SitrusBerry|PsychicSurge|TrickRoom,FollowMe,Psychic,HelpingHand|||F|||50|,,,,,Fairy]Gallade||LifeOrb|Sharpness|Protect,ThroatChop,SacredSword,PsychoCut|||M|||50|,,,,,Grass]Gholdengo||ChoiceSpecs|GoodasGold|MakeItRain,ShadowBall,PowerGem,Thunderbolt||||||50|,,,,,Steel]Whimsicott||CovertCloak|Prankster|Uturn,Moonblast,Encore,Tailwind|||M|||50|,,,,,Dark]Hydreigon||AssaultVest|Levitate|Uturn,Snarl,DarkPulse,DracoMeteor|||M|||50|,,,,,Ghost
|inactive|Battle timer is ON: inactive players will automatically lose when time's up. (requested by vincy18)
|inactive|moth.o has 60 seconds left.
|
|t:|1756545741
|teamsize|p1|4
|teamsize|p2|4
|start
|switch|p1a: Electabuzz|Electabuzz, L50, F|100/100
|switch|p1b: Gholdengo|Gholdengo, L50|100/100
|switch|p2a: Meigallo|Whimsicott, L50, M, shiny|100/100
|switch|p2b: Galantería|Gallade, L50, M, shiny|100/100
|turn|1
|
|t:|1756545762
|move|p2a: Meigallo|Moonblast|p1a: Electabuzz
|-damage|p1a: Electabuzz|79/100
|move|p1b: Gholdengo|Nasty Plot|p1b: Gholdengo
|-boost|p1b: Gholdengo|spa|2
|move|p1a: Electabuzz|Electroweb|p2b: Galantería|[spread] p2a,p2b
|-resisted|p2a: Meigallo
|-damage|p2a: Meigallo|91/100
|-damage|p2b: Galantería|85/100
|-unboost|p2b: Galantería|spe|1
|move|p2b: Galantería|Psycho Cut|p1a: Electabuzz
|-damage|p1a: Electabuzz|26/100
|-damage|p2b: Galantería|75/100|[from] item: Life Orb
|
|upkeep
|turn|2
|
|t:|1756545782
|move|p2a: Meigallo|Tailwind|p2a: Meigallo
|-sidestart|p2: moth.o|move: Tailwind
|move|p2b: Galantería|Psycho Cut|p1a: Electabuzz
|-damage|p1a: Electabuzz|0 fnt
|faint|p1a: Electabuzz
|-damage|p2b: Galantería|66/100|[from] item: Life Orb
|move|p1b: Gholdengo|Make It Rain|p2b: Galantería|[spread] p2a,p2b
|-supereffective|p2a: Meigallo
|-damage|p2a: Meigallo|0 fnt
|-damage|p2b: Galantería|0 fnt
|-unboost|p1b: Gholdengo|spa|1
|faint|p2a: Meigallo
|faint|p2b: Galantería
|-damage|p1b: Gholdengo|91/100|[from] item: Life Orb
|
|upkeep
|
|t:|1756545804
|switch|p2a: Farrapos|Hydreigon, L50, M, shiny|100/100
|switch|p1a: Pelipper|Pelipper, L50, M|100/100
|switch|p2b: Gholdengo|Gholdengo, L50|100/100
|-weather|RainDance|[from] ability: Drizzle|[of] p1a: Pelipper
|turn|3
|
|t:|1756545825
|-terastallize|p2b: Gholdengo|Steel
|-terastallize|p1b: Gholdengo|Water
|move|p2a: Farrapos|Snarl|p1b: Gholdengo|[spread] p1a,p1b
|-damage|p1a: Pelipper|72/100
|-damage|p1b: Gholdengo|70/100
|-unboost|p1a: Pelipper|spa|1
|-unboost|p1b: Gholdengo|spa|1
|move|p2b: Gholdengo|Shadow Ball|p1a: Pelipper
|-damage|p1a: Pelipper|0 fnt
|faint|p1a: Pelipper
|move|p1b: Gholdengo|Make It Rain|p2a: Farrapos|[spread] p2a,p2b
|-resisted|p2b: Gholdengo
|-damage|p2a: Farrapos|59/100
|-damage|p2b: Gholdengo|63/100
|-unboost|p1b: Gholdengo|spa|1
|-damage|p1b: Gholdengo|60/100|[from] item: Life Orb
|
|-weather|RainDance|[upkeep]
|upkeep
|
|t:|1756545837
|switch|p1a: Annihilape|Annihilape, L50, F|100/100
|turn|4
|
|t:|1756545852
|move|p1a: Annihilape|Protect|p1a: Annihilape
|-singleturn|p1a: Annihilape|Protect
|move|p2a: Farrapos|Snarl|p1b: Gholdengo|[spread] p1b
|-activate|p1a: Annihilape|move: Protect
|-damage|p1b: Gholdengo|39/100
|-unboost|p1b: Gholdengo|spa|1
|move|p2b: Gholdengo|Shadow Ball|p1a: Annihilape
|-activate|p1a: Annihilape|move: Protect
|move|p1b: Gholdengo|Shadow Ball|p2b: Gholdengo
|-damage|p2b: Gholdengo|34/100
|-unboost|p2b: Gholdengo|spd|1
|-damage|p1b: Gholdengo|30/100|[from] item: Life Orb
|
|-weather|RainDance|[upkeep]
|upkeep
|turn|5
|
|t:|1756545873
|move|p1a: Annihilape|Protect||[still]
|-fail|p1a: Annihilape
|move|p1b: Gholdengo|Protect|p1b: Gholdengo
|-singleturn|p1b: Gholdengo|Protect
|move|p2a: Farrapos|Dark Pulse|p1b: Gholdengo
|-activate|p1b: Gholdengo|move: Protect
|move|p2b: Gholdengo|Shadow Ball|p1a: Annihilape
|-supereffective|p1a: Annihilape
|-damage|p1a: Annihilape|0 fnt
|faint|p1a: Annihilape
|
|-weather|RainDance|[upkeep]
|-sideend|p2: moth.o|move: Tailwind
|upkeep
|turn|6
|
|t:|1756545892
|move|p2a: Farrapos|Dark Pulse|p1b: Gholdengo
|-damage|p1b: Gholdengo|0 fnt
|faint|p1b: Gholdengo
|
|win|moth.o
||vincy18 is ready for game 3.
||moth.o is ready for game 3.
|uhtml|next|Next: Game 3 of 3
|l|☆vincy18
|player|p1|
|l|☆moth.o
|player|p2|
|j|☆moth.o
|player|p2|moth.o|roxie|
