|j|☆Arthuro145
|j|☆2BStellar
|html|Arthuro1452BStellar    
|uhtml|bestof|Game 1 of a best-of-3
|t:|1785945647
|gametype|doubles
|player|p1|Arthuro145|170|1189
|player|p2|2BStellar|hilbert-wonderlauncher|1167
|gen|9
|tier|[Gen 9 Champions] VGC 2026 Reg M-B (Bo3)
|rated|
|rule|Species Clause: Limit one of each Pokémon
|rule|Item Clause: Limit 1 of each item
|clearpoke
|poke|p1|Scovillain, L50, M|
|poke|p1|Froslass, L50, F|
|poke|p1|Lycanroc-Dusk, L50, F|
|poke|p1|Basculegion, L50, M|
|poke|p1|Sneasler, L50, M|
|poke|p1|Kingambit, L50, F|
|poke|p2|Sylveon, L50, F, shiny|
|poke|p2|Garchomp, L50, M, shiny|
|poke|p2|Kingambit, L50, M, shiny|
|poke|p2|Charizard, L50, M, shiny|
|poke|p2|Aerodactyl, L50, M, shiny|
|poke|p2|Farigiraf, L50, F, shiny|
|teampreview|4
|showteam|p1|Scovillain||Scovillainite|Moody|Overheat,RagePowder,Protect,GigaDrain|Bold||M|||50|]Froslass||Froslassite|SnowCloak|Blizzard,ShadowBall,Protect,AuroraVeil|Timid||F|||50|]Lycanroc-Dusk||FocusSash|ToughClaws|Accelerock,RockSlide,CloseCombat,Protect|Jolly||F|||50|]Basculegion||ColburBerry|Adaptability|Protect,WaveCrash,AquaJet,LastRespects|Adamant||M|||50|]Sneasler||WhiteHerb|Unburden|FakeOut,DireClaw,CloseCombat,Protect|Jolly||M|||50|]Kingambit||BlackGlasses|Defiant|KowtowCleave,SuckerPunch,SwordsDance,Protect|Adamant||F|||50|
|showteam|p2|Sylveon||FairyFeather|Pixilate|Detect,HyperVoice,QuickAttack,HyperBeam|Modest||F|||50|]Garchomp||ChoiceScarf|RoughSkin|StompingTantrum,Earthquake,DragonClaw,StoneEdge|Adamant||M|||50|]Kingambit||LifeOrb|Defiant|SuckerPunch,KowtowCleave,IronHead,BrickBreak|Adamant||M|||50|]Charizard||CharizarditeY|Blaze|Protect,HeatWave,SolarBeam,WeatherBall|Modest||M|||50|]Aerodactyl||Aerodactylite|RockHead|Tailwind,RockSlide,WideGuard,DualWingbeat|Jolly||M|||50|]Farigiraf||SitrusBerry|ArmorTail|Protect,Thunderbolt,TwinBeam,TrickRoom|Bold||F|||50|
|inactive|Battle timer is ON: inactive players will automatically lose when time's up. (requested by Arthuro145)
|inactive|2BStellar has 60 seconds left.
|
|t:|1785945721
|teamsize|p1|4
|teamsize|p2|4
|start
|switch|p1a: Froslass|Froslass, L50, F|100/100
|switch|p1b: Lycanroc|Lycanroc-Dusk, L50, F|100/100
|switch|p2a: giraf|Farigiraf, L50, F, shiny|100/100
|switch|p2b: e4e5f4|Kingambit, L50, M, shiny|100/100
|turn|1
|
|t:|1785945742
|switch|p2b: WHEEEE|Sylveon, L50, F, shiny|100/100
|detailschange|p1a: Froslass|Froslass-Mega, L50, F
|-mega|p1a: Froslass|Froslass|Froslassite
|-weather|Snowscape|[from] ability: Snow Warning|[of] p1a: Froslass
|move|p1a: Froslass|Aurora Veil|p1a: Froslass
|-sidestart|p1: Arthuro145|move: Aurora Veil
|move|p1b: Lycanroc|Close Combat|p2b: WHEEEE
|-resisted|p2b: WHEEEE|1
|-crit|p2b: WHEEEE
|-damage|p2b: WHEEEE|66/100
|-unboost|p1b: Lycanroc|def|1
|-unboost|p1b: Lycanroc|spd|1
|move|p2a: giraf|Trick Room|p2a: giraf
|-fieldstart|move: Trick Room|[of] p2a: giraf
|
|-weather|Snowscape|[upkeep]
|upkeep
|turn|2
|
|t:|1785945765
|switch|p1b: Basculegion|Basculegion, L50, M|100/100
|move|p2a: giraf|Twin Beam|p1b: Basculegion
|-damage|p1b: Basculegion|89/100
|-damage|p1b: Basculegion|79/100
|-hitcount|p1b: Basculegion|2
|move|p2b: WHEEEE|Hyper Voice|p1a: Froslass|[spread] p1a,p1b
|-damage|p1a: Froslass|70/100
|-damage|p1b: Basculegion|52/100
|move|p1a: Froslass|Blizzard|p2b: WHEEEE|[spread] p2a,p2b
|-damage|p2a: giraf|62/100
|-damage|p2b: WHEEEE|34/100
|
|-weather|Snowscape|[upkeep]
|upkeep
|turn|3
|
|t:|1785945788
|move|p2a: giraf|Thunderbolt|p1b: Basculegion
|-supereffective|p1b: Basculegion|1
|-crit|p1b: Basculegion
|-damage|p1b: Basculegion|0 fnt
|faint|p1b: Basculegion
|move|p2b: WHEEEE|Hyper Voice|p1a: Froslass
|-damage|p1a: Froslass|32/100
|move|p1a: Froslass|Blizzard|p2a: giraf|[spread] p2a,p2b
|-damage|p2a: giraf|29/100
|-damage|p2b: WHEEEE|5/100
|-enditem|p2a: giraf|Sitrus Berry|[eat]
|-heal|p2a: giraf|54/100|[from] item: Sitrus Berry
|
|-weather|Snowscape|[upkeep]
|upkeep
|
|t:|1785945792
|switch|p1b: Kingambit|Kingambit, L50, F|100/100
|turn|4
|inactive|Arthuro145 has 30 seconds left.
|inactive|2BStellar has 30 seconds left.
|
|t:|1785945825
|move|p2a: giraf|Protect|p2a: giraf
|-singleturn|p2a: giraf|Protect
|move|p1b: Kingambit|Swords Dance|p1b: Kingambit
|-boost|p1b: Kingambit|atk|2
|move|p2b: WHEEEE|Hyper Voice|p1a: Froslass|[spread] p1a,p1b
|-crit|p1b: Kingambit
|-damage|p1a: Froslass|2/100
|-damage|p1b: Kingambit|31/100
|move|p1a: Froslass|Blizzard|p2b: WHEEEE|[spread] p2b
|-activate|p2a: giraf|move: Protect
|-damage|p2b: WHEEEE|0 fnt
|faint|p2b: WHEEEE
|
|-weather|Snowscape|[upkeep]
|upkeep
|
|t:|1785945838
|switch|p2b: zzzzzz|Charizard, L50, M, shiny|100/100
|turn|5
|c|☆Arthuro145|Chill with the crits
|
|t:|1785945863
|switch|p2a: e4e5f4|Kingambit, L50, M, shiny|100/100
|move|p2b: zzzzzz|Protect|p2b: zzzzzz
|-singleturn|p2b: zzzzzz|Protect
|move|p1b: Kingambit|Kowtow Cleave|p2a: e4e5f4
|-resisted|p2a: e4e5f4|1
|-damage|p2a: e4e5f4|52/100
|move|p1a: Froslass|Blizzard|p2b: zzzzzz|[spread] p2a
|-activate|p2b: zzzzzz|move: Protect
|-resisted|p2a: e4e5f4|1
|-damage|p2a: e4e5f4|29/100
|
|-weather|none
|-sideend|p1: Arthuro145|move: Aurora Veil
|-fieldend|move: Trick Room
|upkeep
|turn|6
|inactive|Arthuro145 has 30 seconds left.
|inactive|2BStellar has 30 seconds left.
|
|t:|1785945895
|detailschange|p2b: zzzzzz|Charizard-Mega-Y, L50, M, shiny
|-mega|p2b: zzzzzz|Charizard|Charizardite Y
|-weather|SunnyDay|[from] ability: Drought|[of] p2b: zzzzzz
|move|p1b: Kingambit|Protect|p1b: Kingambit
|-singleturn|p1b: Kingambit|Protect
|move|p2a: e4e5f4|Sucker Punch|p1a: Froslass
|-supereffective|p1a: Froslass|1
|-damage|p1a: Froslass|0 fnt
|faint|p1a: Froslass
|-damage|p2a: e4e5f4|20/100y|[from] item: Life Orb
|move|p2b: zzzzzz|Heat Wave|p1b: Kingambit
|-activate|p1b: Kingambit|move: Protect
|
|-weather|SunnyDay|[upkeep]
|upkeep
|
|t:|1785945899
|switch|p1a: Lycanroc|Lycanroc-Dusk, L50, F|100/100
|turn|7
|
|t:|1785945922
|switch|p2a: giraf|Farigiraf, L50, F, shiny|54/100
|move|p1a: Lycanroc|Rock Slide|p2a: giraf|[spread] p2a,p2b
|-supereffective|p2b: zzzzzz|2
|-damage|p2a: giraf|33/100
|-damage|p2b: zzzzzz|1/100
|move|p2b: zzzzzz|Heat Wave|p1a: Lycanroc|[spread] p1a,p1b
|-resisted|p1a: Lycanroc|1
|-supereffective|p1b: Kingambit|1
|-damage|p1a: Lycanroc|47/100
|-damage|p1b: Kingambit|0 fnt
|faint|p1b: Kingambit
|
|-weather|SunnyDay|[upkeep]
|upkeep
|turn|8
|inactive|Arthuro145 has 30 seconds left.
|inactive|Arthuro145 has 20 seconds left.
|inactive|Arthuro145 has 15 seconds left.
|inactive|Arthuro145 has 10 seconds left.
|inactive|Arthuro145 has 5 seconds left.
|
|t:|1785945977
|move|p1a: Lycanroc|Accelerock||[still]
|cant|p2a: giraf|ability: Armor Tail|Accelerock|[of] p1a: Lycanroc
|move|p2b: zzzzzz|Solar Beam||[still]
|-prepare|p2b: zzzzzz|Solar Beam
|-anim|p2b: zzzzzz|Solar Beam|p1a: Lycanroc
|-supereffective|p1a: Lycanroc|1
|-damage|p1a: Lycanroc|0 fnt
|faint|p1a: Lycanroc
|
|win|2BStellar
||2BStellar is ready for game 2.
|inactive|Arthuro145 has 30 seconds to confirm battle start!
|inactive|Arthuro145 has 20 seconds to confirm battle start!
|inactive|Arthuro145 has 10 seconds to confirm battle start!
||Arthuro145 is ready for game 2.
|uhtml|next|Next: Game 2 of 3
|l|☆Arthuro145
|player|p1|
