|j|☆Leodess
|j|☆daarpavgc
|html|Leodessdaarpavgc    
|uhtml|bestof|Game 2 of a best-of-3
|t:|1757848860
|gametype|doubles
|player|p1|Leodess|blue|1100
|player|p2|daarpavgc|101|1045
|gen|9
|tier|[Gen 9] VGC 2025 Reg H (Bo3)
|rated|
|rule|Species Clause: Limit one of each Pokémon
|rule|Item Clause: Limit 1 of each item
|clearpoke
|poke|p1|Porygon2, L50|
|poke|p1|Torkoal, L50, M|
|poke|p1|Jumpluff, L50, M|
|poke|p1|Charizard, L50, M|
|poke|p1|Ursaluna, L50, M|
|poke|p1|Incineroar, L50, M|
|poke|p2|Malamar, L50, M|
|poke|p2|Dondozo, L50, M|
|poke|p2|Glimmora, L50, F|
|poke|p2|Incineroar, L50, M|
|poke|p2|Arboliva, L50, F|
|poke|p2|Dragonite, L50, M|
|teampreview|4
|showteam|p1|Porygon2||Eviolite|Download|TeraBlast,TrickRoom,Recover,IceBeam||||||50|,,,,,Ghost]Torkoal||ChoiceSpecs|Drought|Eruption,HeatWave,WeatherBall,EarthPower|||M|||50|,,,,,Fire]Jumpluff||CovertCloak|Chlorophyll|RagePowder,Tailwind,SunnyDay,SleepPowder|||M|||50|,,,,,Water]Charizard||Charcoal|SolarPower|WeatherBall,HeatWave,Protect,SolarBeam|||M|||50|,,,,,Grass]Ursaluna||FlameOrb|Guts|Facade,Earthquake,HeadlongRush,Protect|||M|||50|,,,,,Ghost]Incineroar||AssaultVest|Intimidate|FlareBlitz,FakeOut,KnockOff,Uturn|||M|||50|,,,,,Water
|showteam|p2|Malamar||SitrusBerry|Contrary|Superpower,Protect,KnockOff,Taunt|||M|||50|,,,,,Fighting]Dondozo||Leftovers|Unaware|Bulldoze,WaveCrash,Avalanche,Protect|||M|||50|,,,,,Grass]Glimmora||FocusSash|ToxicDebris|SpikyShield,MortalSpin,EarthPower,SludgeBomb|||F|||50|,,,,,Flying]Incineroar||AssaultVest|Intimidate|Uturn,FakeOut,FlareBlitz,KnockOff|||M|||50|,,,,,Ghost]Arboliva||LifeOrb|SeedSower|GigaDrain,HyperVoice,EarthPower,Protect|||F|||50|,,,,,Fairy]Dragonite||LoadedDice|Multiscale|Tailwind,ScaleShot,ExtremeSpeed,Haze|||M|||50|,,,,,Fairy
|
|t:|1757848920
|teamsize|p1|4
|teamsize|p2|4
|start
|switch|p1a: Jumpluff|Jumpluff, L50, M|100/100
|switch|p1b: Charizard|Charizard, L50, M|100/100
|switch|p2a: Arboliva|Arboliva, L50, F, shiny|100/100
|switch|p2b: Malamar|Malamar, L50, M, shiny|100/100
|turn|1
|
|t:|1757848942
|switch|p2a: Dondozo|Dondozo, L50, M|100/100
|move|p2b: Malamar|Protect|p2b: Malamar
|-singleturn|p2b: Malamar|Protect
|move|p1a: Jumpluff|Sunny Day|p1a: Jumpluff
|-weather|SunnyDay
|move|p1b: Charizard|Heat Wave|p2b: Malamar|[spread] p2a
|-activate|p2b: Malamar|move: Protect
|-resisted|p2a: Dondozo
|-damage|p2a: Dondozo|57/100
|-status|p2a: Dondozo|brn
|
|-weather|SunnyDay|[upkeep]
|-damage|p1b: Charizard|88/100|[from] ability: Solar Power|[of] p1b: Charizard
|-heal|p2a: Dondozo|63/100 brn|[from] item: Leftovers
|-damage|p2a: Dondozo|57/100 brn|[from] brn
|upkeep
|turn|2
|
|t:|1757848974
|move|p1a: Jumpluff|Sleep Powder|p2b: Malamar
|-status|p2b: Malamar|slp|[from] move: Sleep Powder
|move|p1b: Charizard|Weather Ball|p2a: Dondozo
|-resisted|p2a: Dondozo
|-damage|p2a: Dondozo|3/100 brn
|cant|p2b: Malamar|slp
|move|p2a: Dondozo|Avalanche|p1a: Jumpluff
|-supereffective|p1a: Jumpluff
|-damage|p1a: Jumpluff|60/100
|
|-weather|SunnyDay|[upkeep]
|-damage|p1b: Charizard|76/100|[from] ability: Solar Power|[of] p1b: Charizard
|-heal|p2a: Dondozo|9/100 brn|[from] item: Leftovers
|-damage|p2a: Dondozo|3/100 brn|[from] brn
|upkeep
|turn|3
|
|t:|1757849007
|move|p1a: Jumpluff|Tailwind|p1a: Jumpluff
|-sidestart|p1: Leodess|move: Tailwind
|move|p1b: Charizard|Heat Wave|p2a: Dondozo|[spread] p2b
|-miss|p1b: Charizard|p2a: Dondozo
|-damage|p2b: Malamar|0 fnt
|faint|p2b: Malamar
|move|p2a: Dondozo|Wave Crash|p1b: Charizard
|-supereffective|p1b: Charizard
|-damage|p1b: Charizard|46/100
|-damage|p2a: Dondozo|0 fnt|[from] Recoil
|faint|p2a: Dondozo
|
|-weather|SunnyDay|[upkeep]
|-damage|p1b: Charizard|33/100|[from] ability: Solar Power|[of] p1b: Charizard
|upkeep
|
|t:|1757849010
|switch|p2b: Arboliva|Arboliva, L50, F, shiny|100/100
|switch|p2a: Dragonite|Dragonite, L50, M, shiny|100/100
|turn|4
|
|t:|1757849042
|move|p1a: Jumpluff|Rage Powder|p1a: Jumpluff
|-singleturn|p1a: Jumpluff|move: Rage Powder
|move|p2a: Dragonite|Extreme Speed|p1a: Jumpluff
|-crit|p1a: Jumpluff
|-damage|p1a: Jumpluff|5/100
|move|p1b: Charizard|Weather Ball|p2b: Arboliva
|-supereffective|p2b: Arboliva
|-damage|p2b: Arboliva|0 fnt
|-fieldstart|move: Grassy Terrain|[from] ability: Seed Sower|[of] p2b: Arboliva
|faint|p2b: Arboliva
|
|-weather|SunnyDay|[upkeep]
|-damage|p1b: Charizard|21/100|[from] ability: Solar Power|[of] p1b: Charizard
|upkeep
|turn|5
|
|t:|1757849055
|move|p2a: Dragonite|Extreme Speed|p1b: Charizard
|-damage|p1b: Charizard|0 fnt
|faint|p1b: Charizard
|move|p1a: Jumpluff|Sleep Powder|p2a: Dragonite
|-status|p2a: Dragonite|slp|[from] move: Sleep Powder
|
|-weather|none
|upkeep
|
|t:|1757849060
|switch|p1b: Porygon2|Porygon2, L50|100/100
|-ability|p1b: Porygon2|Download|boost
|-boost|p1b: Porygon2|atk|1
|turn|6
|
|t:|1757849077
|-terastallize|p2a: Dragonite|Fairy
|move|p1a: Jumpluff|Rage Powder|p1a: Jumpluff
|-singleturn|p1a: Jumpluff|move: Rage Powder
|cant|p2a: Dragonite|slp
|move|p1b: Porygon2|Ice Beam|p2a: Dragonite
|-damage|p2a: Dragonite|89/100 slp
|
|-heal|p2a: Dragonite|95/100 slp|[from] Grassy Terrain
|-sideend|p1: Leodess|move: Tailwind
|upkeep
|turn|7
|
|t:|1757849092
|move|p1a: Jumpluff|Rage Powder|p1a: Jumpluff
|-singleturn|p1a: Jumpluff|move: Rage Powder
|cant|p2a: Dragonite|slp
|move|p1b: Porygon2|Tera Blast|p2a: Dragonite
|-damage|p2a: Dragonite|68/100 slp
|
|-heal|p2a: Dragonite|74/100 slp|[from] Grassy Terrain
|upkeep
|turn|8
|
|t:|1757849102
|move|p1a: Jumpluff|Rage Powder|p1a: Jumpluff
|-singleturn|p1a: Jumpluff|move: Rage Powder
|-curestatus|p2a: Dragonite|slp|[msg]
|move|p2a: Dragonite|Extreme Speed|p1a: Jumpluff
|-damage|p1a: Jumpluff|0 fnt
|faint|p1a: Jumpluff
|move|p1b: Porygon2|Tera Blast|p2a: Dragonite
|-damage|p2a: Dragonite|45/100
|
|-heal|p2a: Dragonite|51/100|[from] Grassy Terrain
|-fieldend|move: Grassy Terrain
|upkeep
|
|t:|1757849107
|switch|p1a: Ursaluna|Ursaluna, L50, M|100/100
|turn|9
|
|t:|1757849119
|move|p1a: Ursaluna|Protect|p1a: Ursaluna
|-singleturn|p1a: Ursaluna|Protect
|move|p2a: Dragonite|Extreme Speed|p1b: Porygon2
|-damage|p1b: Porygon2|84/100
|move|p1b: Porygon2|Tera Blast|p2a: Dragonite
|-damage|p2a: Dragonite|23/100
|
|-status|p1a: Ursaluna|brn|[from] item: Flame Orb
|upkeep
|turn|10
|
|t:|1757849126
|move|p2a: Dragonite|Scale Shot|p1a: Ursaluna
|-damage|p1a: Ursaluna|90/100 brn
|-damage|p1a: Ursaluna|80/100 brn
|-damage|p1a: Ursaluna|70/100 brn
|-damage|p1a: Ursaluna|60/100 brn
|-damage|p1a: Ursaluna|49/100 brn
|-hitcount|p1a: Ursaluna|5
|-unboost|p2a: Dragonite|def|1
|-boost|p2a: Dragonite|spe|1
|move|p1a: Ursaluna|Facade|p2a: Dragonite
|-damage|p2a: Dragonite|0 fnt
|faint|p2a: Dragonite
|
|win|Leodess
||Leodess is ready for game 3.
||daarpavgc is ready for game 3.
|uhtml|next|Next: Game 3 of 3
|l|☆daarpavgc
|player|p2|
|l|☆Leodess
|player|p1|
