|j|☆TeyVgc
|j|☆chaoskiwi
|html|TeyVgcchaoskiwi    
|uhtml|bestof|Game 1 of a best-of-3
|t:|1784091159
|gametype|doubles
|player|p1|TeyVgc|rood|1228
|player|p2|chaoskiwi|volkner|1235
|gen|9
|tier|[Gen 9 Champions] VGC 2026 Reg M-B (Bo3)
|rated|
|rule|Species Clause: Limit one of each Pokémon
|rule|Item Clause: Limit 1 of each item
|clearpoke
|poke|p1|Raichu, L50, M|
|poke|p1|Sinistcha, L50|
|poke|p1|Ceruledge, L50, M|
|poke|p1|Milotic, L50, F|
|poke|p1|Incineroar, L50, M|
|poke|p1|Floette-Eternal, L50, F|
|poke|p2|Swampert, L50, M|
|poke|p2|Pelipper, L50, F|
|poke|p2|Sinistcha, L50|
|poke|p2|Milotic, L50, F|
|poke|p2|Kingambit, L50, M|
|poke|p2|Garchomp, L50, M|
|teampreview|4
|showteam|p1|Raichu||RaichuniteY|LightningRod|ZapCannon,FocusBlast,FakeOut,Protect|Timid||M|||50|]Sinistcha||KasibBerry|Hospitality|MatchaGotcha,Protect,RagePowder,TrickRoom|Relaxed|||||50|]Ceruledge||ColburBerry|FlashFire|BitterBlade,ShadowSneak,BulkUp,Protect|Adamant||M|||50|]Milotic||Leftovers|Competitive|MuddyWater,Coil,Hypnosis,Recover|Calm||F|||50|]Incineroar||SitrusBerry|Intimidate|FlareBlitz,ThroatChop,FakeOut,PartingShot|Impish||M|||50|]Floette-Eternal||Floettite|FlowerVeil|CalmMind,Protect,Moonblast,DazzlingGleam|Modest||F|||50|
|showteam|p2|Swampert||Swampertite|Torrent|WaveCrash,HighHorsepower,IcePunch,Protect|Adamant||M|||50|]Pelipper||FocusSash|Drizzle|WeatherBall,Hurricane,WideGuard,Protect|Modest||F|||50|]Sinistcha||SitrusBerry|Hospitality|MatchaGotcha,LifeDew,RagePowder,Imprison|Bold|||||50|]Milotic||Leftovers|Competitive|MuddyWater,Hypnosis,Coil,Protect|Calm||F|||50|]Kingambit||ChopleBerry|Defiant|KowtowCleave,SuckerPunch,IronHead,Protect|Brave||M|||50|]Garchomp||LifeOrb|RoughSkin|RockSlide,Earthquake,DragonClaw,Protect|Jolly||M|||50|
|inactive|Battle timer is ON: inactive players will automatically lose when time's up. (requested by chaoskiwi)
|inactive|TeyVgc has 60 seconds left.
|
|t:|1784091195
|teamsize|p1|4
|teamsize|p2|4
|start
|switch|p1a: Floette|Floette-Eternal, L50, F|100/100
|switch|p1b: Sinistcha|Sinistcha, L50|100/100
|switch|p2a: Milotic|Milotic, L50, F|100/100
|switch|p2b: Swampert|Swampert, L50, M|100/100
|turn|1
|inactive|chaoskiwi has 30 seconds left.
|
|t:|1784091224
|switch|p2b: Sinistcha|Sinistcha, L50|100/100
|detailschange|p1a: Floette|Floette-Mega, L50, F
|-mega|p1a: Floette|Floette|Floettite
|-ability|p1a: Floette|Fairy Aura
|move|p2a: Milotic|Protect|p2a: Milotic
|-singleturn|p2a: Milotic|Protect
|move|p1a: Floette|Dazzling Gleam|p2a: Milotic|[spread] p2b
|-activate|p2a: Milotic|move: Protect
|-damage|p2b: Sinistcha|59/100
|move|p1b: Sinistcha|Matcha Gotcha|p2a: Milotic|[spread] p2b
|-activate|p2a: Milotic|move: Protect
|-resisted|p2b: Sinistcha|1
|-damage|p2b: Sinistcha|47/100
|-enditem|p2b: Sinistcha|Sitrus Berry|[eat]
|-heal|p2b: Sinistcha|72/100|[from] item: Sitrus Berry
|
|upkeep
|turn|2
|
|t:|1784091245
|move|p1a: Floette|Dazzling Gleam|p2b: Sinistcha|[spread] p2a,p2b
|-damage|p2a: Milotic|71/100
|-damage|p2b: Sinistcha|29/100
|move|p2a: Milotic|Coil|p2a: Milotic
|-boost|p2a: Milotic|atk|1
|-boost|p2a: Milotic|def|1
|-boost|p2a: Milotic|accuracy|1
|move|p2b: Sinistcha|Imprison|p2b: Sinistcha
|-start|p2b: Sinistcha|move: Imprison
|cant|p1b: Sinistcha|move: Imprison|Matcha Gotcha
|
|-heal|p2a: Milotic|77/100|[from] item: Leftovers
|upkeep
|turn|3
|inactive|TeyVgc has 30 seconds left.
|inactive|TeyVgc has 20 seconds left.
|inactive|chaoskiwi has 30 seconds left.
|
|t:|1784091285
|switch|p1b: Ceruledge|Ceruledge, L50, M|100/100
|move|p1a: Floette|Calm Mind|p1a: Floette
|-boost|p1a: Floette|spa|1
|-boost|p1a: Floette|spd|1
|move|p2a: Milotic|Coil|p2a: Milotic
|-boost|p2a: Milotic|atk|1
|-boost|p2a: Milotic|def|1
|-boost|p2a: Milotic|accuracy|1
|move|p2b: Sinistcha|Life Dew|p2b: Sinistcha|[spread] p2a,p2b
|-heal|p2a: Milotic|100/100
|-heal|p2b: Sinistcha|55/100
|
|upkeep
|turn|4
|inactive|TeyVgc has 30 seconds left.
|
|t:|1784091311
|switch|p2b: Swampert|Swampert, L50, M|100/100
|move|p1b: Ceruledge|Protect|p1b: Ceruledge
|-singleturn|p1b: Ceruledge|Protect
|move|p1a: Floette|Dazzling Gleam|p2a: Milotic|[spread] p2a,p2b
|-damage|p2a: Milotic|58/100
|-damage|p2b: Swampert|41/100
|move|p2a: Milotic|Hypnosis|p1a: Floette
|-status|p1a: Floette|slp|[from] move: Hypnosis
|
|-heal|p2a: Milotic|64/100|[from] item: Leftovers
|upkeep
|turn|5
|
|t:|1784091326
|switch|p1b: Sinistcha|Sinistcha, L50|100/100
|detailschange|p2b: Swampert|Swampert-Mega, L50, M
|-mega|p2b: Swampert|Swampert|Swampertite
|cant|p1a: Floette|slp
|move|p2a: Milotic|Muddy Water|p1b: Sinistcha|[spread] p1a,p1b
|-resisted|p1b: Sinistcha|1
|-damage|p1a: Floette|89/100 slp
|-damage|p1b: Sinistcha|89/100
|move|p2b: Swampert|Ice Punch|p1b: Sinistcha
|-supereffective|p1b: Sinistcha|1
|-damage|p1b: Sinistcha|34/100
|
|-heal|p2a: Milotic|70/100|[from] item: Leftovers
|upkeep
|turn|6
|
|t:|1784091348
|move|p1b: Sinistcha|Protect|p1b: Sinistcha
|-singleturn|p1b: Sinistcha|Protect
|cant|p1a: Floette|slp
|move|p2a: Milotic|Muddy Water|p1b: Sinistcha|[spread] p1a
|-activate|p1b: Sinistcha|move: Protect
|-damage|p1a: Floette|79/100 slp
|move|p2b: Swampert|Wave Crash|p1b: Sinistcha
|-activate|p1b: Sinistcha|move: Protect
|
|-heal|p2a: Milotic|76/100|[from] item: Leftovers
|upkeep
|turn|7
|
|t:|1784091361
|move|p2b: Swampert|Protect|p2b: Swampert
|-singleturn|p2b: Swampert|Protect
|-curestatus|p1a: Floette|slp|[msg]
|move|p1a: Floette|Dazzling Gleam|p2a: Milotic|[spread] p2a
|-activate|p2b: Swampert|move: Protect
|-damage|p2a: Milotic|35/100
|move|p2a: Milotic|Hypnosis|p1a: Floette
|-status|p1a: Floette|slp|[from] move: Hypnosis
|move|p1b: Sinistcha|Matcha Gotcha|p2b: Swampert|[spread] p2a
|-activate|p2b: Swampert|move: Protect
|-supereffective|p2a: Milotic|1
|-crit|p2a: Milotic
|-damage|p2a: Milotic|0 fnt
|-heal|p1b: Sinistcha|55/100|[from] drain|[of] p2a: Milotic
|faint|p2a: Milotic
|
|upkeep
|
|t:|1784091372
|switch|p2a: Sinistcha|Sinistcha, L50|55/100
|-heal|p2b: Swampert|66/100|[from] ability: Hospitality|[of] p2a: Sinistcha
|turn|8
|
|t:|1784091381
|switch|p1b: Incineroar|Incineroar, L50, M|100/100
|-ability|p1b: Incineroar|Intimidate|boost
|-unboost|p2a: Sinistcha|atk|1
|-unboost|p2b: Swampert|atk|1
|cant|p1a: Floette|slp
|move|p2b: Swampert|Wave Crash|p1a: Floette
|-damage|p1a: Floette|34/100 slp
|-damage|p2b: Swampert|50/100g|[from] Recoil
|move|p2a: Sinistcha|Imprison|p2a: Sinistcha
|-start|p2a: Sinistcha|move: Imprison
|
|upkeep
|turn|9
|
|t:|1784091396
|switch|p2a: Pelipper|Pelipper, L50, F|100/100
|-weather|RainDance|[from] ability: Drizzle|[of] p2a: Pelipper
|switch|p1b: Sinistcha|Sinistcha, L50|55/100
|-heal|p1a: Floette|59/100 slp|[from] ability: Hospitality|[of] p1b: Sinistcha
|move|p2b: Swampert|Wave Crash|p1b: Sinistcha
|-resisted|p1b: Sinistcha|1
|-damage|p1b: Sinistcha|23/100
|-damage|p2b: Swampert|40/100|[from] Recoil
|-curestatus|p1a: Floette|slp|[msg]
|move|p1a: Floette|Dazzling Gleam|p2b: Swampert|[spread] p2a,p2b
|-enditem|p2a: Pelipper|Focus Sash
|-damage|p2a: Pelipper|1/100
|-damage|p2b: Swampert|0 fnt
|faint|p2b: Swampert
|
|-weather|RainDance|[upkeep]
|upkeep
|
|t:|1784091403
|switch|p2b: Sinistcha|Sinistcha, L50|55/100
|-heal|p2a: Pelipper|25/100|[from] ability: Hospitality|[of] p2b: Sinistcha
|turn|10
|
|t:|1784091418
|move|p2a: Pelipper|Wide Guard|p2a: Pelipper
|-singleturn|p2a: Pelipper|Wide Guard
|move|p1a: Floette|Dazzling Gleam|p2b: Sinistcha|[spread] 
|-activate|p2a: Pelipper|move: Wide Guard
|-activate|p2b: Sinistcha|move: Wide Guard
|move|p2b: Sinistcha|Matcha Gotcha|p1b: Sinistcha|[spread] p1b
|-miss|p2b: Sinistcha|p1a: Floette
|-resisted|p1b: Sinistcha|1
|-damage|p1b: Sinistcha|10/100
|-heal|p2b: Sinistcha|61/100|[from] drain|[of] p1b: Sinistcha
|move|p1b: Sinistcha|Matcha Gotcha|p2b: Sinistcha|[spread] 
|-activate|p2a: Pelipper|move: Wide Guard
|-activate|p2b: Sinistcha|move: Wide Guard
|
|-weather|RainDance|[upkeep]
|upkeep
|turn|11
|inactive|TeyVgc has 30 seconds left.
|inactive|chaoskiwi has 30 seconds left.
|
|t:|1784091450
|move|p2a: Pelipper|Protect||[still]
|-fail|p2a: Pelipper
|move|p1a: Floette|Moonblast|p2b: Sinistcha
|-damage|p2b: Sinistcha|0 fnt
|faint|p2b: Sinistcha
|move|p1b: Sinistcha|Matcha Gotcha|p2a: Pelipper
|-damage|p2a: Pelipper|0 fnt
|-heal|p1b: Sinistcha|20/100y|[from] drain|[of] p2a: Pelipper
|faint|p2a: Pelipper
|
|win|TeyVgc
