|j|☆Aki nakaha
|j|☆Imanol Alguacil
|html|Aki nakahaImanol Alguacil    
|uhtml|bestof|Game 2 of a best-of-3
|t:|1756728200
|gametype|doubles
|player|p1|Aki nakaha|lucas|1000
|player|p2|Imanol Alguacil|hiker-gen7|1045
|gen|9
|tier|[Gen 9] VGC 2025 Reg H (Bo3)
|rated|
|rule|Species Clause: Limit one of each Pokémon
|rule|Item Clause: Limit 1 of each item
|clearpoke
|poke|p1|Annihilape, L50, M|
|poke|p1|Sneasler, L50, M|
|poke|p1|Rillaboom, L50, M|
|poke|p1|Incineroar, L50, M|
|poke|p1|Amoonguss, L50, M|
|poke|p1|Blaziken, L50, M|
|poke|p2|Murkrow, L50, F|
|poke|p2|Gholdengo, L50|
|poke|p2|Slowking-Galar, L50, M|
|poke|p2|Sinistcha, L50|
|poke|p2|Ursaluna, L50, F|
|poke|p2|Kingambit, L50, F|
|teampreview|4
|showteam|p1|Annihilape||Leftovers|Defiant|DrainPunch,RageFist,BulkUp,Protect|||M|||50|,,,,,Fire]Sneasler||FocusSash|PoisonTouch|DireClaw,CloseCombat,Protect,FakeOut|||M|||50|,,,,,Stellar]Rillaboom||AssaultVest|GrassySurge|WoodHammer,DrumBeating,Uturn,FakeOut|||M|||50|,,,,,Poison]Incineroar||CovertCloak|Intimidate|FlareBlitz,KnockOff,PartingShot,FakeOut|||M|||50|,,,,,Fire]Amoonguss||RockyHelmet|Regenerator|Spore,RagePowder,PollenPuff,Protect|||M|||50|,,,,,Water]Blaziken||MentalHerb|SpeedBoost|Detect,Coaching,BulkUp,BatonPass|||M|||50|,,,,,Electric
|showteam|p2|Murkrow||Eviolite|Prankster|Tailwind,Haze,FeatherDance,RainDance|||F|||50|,,,,,Ghost]Gholdengo||ChoiceSpecs|GoodasGold|MakeItRain,Trick,ShadowBall,Thunderbolt||||||50|,,,,,Steel]Slowking-Galar||LifeOrb|CuriousMedicine|Protect,SludgeBomb,Psychic,Flamethrower|||M|||50|,,,,,Poison]Sinistcha||SitrusBerry|Hospitality|RagePowder,MatchaGotcha,TrickRoom,StrengthSap||||||50|,,,,,Dark]Ursaluna||FlameOrb|Guts|Protect,Facade,Earthquake,HeadlongRush|||F|||50|,,,,,Ghost]Kingambit||BlackGlasses|Defiant|Protect,SuckerPunch,KowtowCleave,SwordsDance|||F|||50|,,,,,Dark
|inactive|Battle timer is ON: inactive players will automatically lose when time's up. (requested by Aki nakaha)
|inactive|Imanol Alguacil also wants the timer to be on.
|j| Ferchoxx
|
|t:|1756728225
|teamsize|p1|4
|teamsize|p2|4
|start
|switch|p1a: Incineroar|Incineroar, L50, M|100/100
|switch|p1b: Sneasler|Sneasler, L50, M|100/100
|switch|p2a: Caldo de Puchero|Murkrow, L50, F|100/100
|switch|p2b: Mejillones|Gholdengo, L50|100/100
|-ability|p1a: Incineroar|Intimidate|boost
|-unboost|p2a: Caldo de Puchero|atk|1
|-unboost|p2b: Mejillones|atk|1
|turn|1
|inactive|Imanol Alguacil has 30 seconds left.
|inactive|Imanol Alguacil has 20 seconds left.
|inactive|Imanol Alguacil has 15 seconds left.
|
|t:|1756728267
|switch|p2b: Cúrcuma|Slowking-Galar, L50, M|100/100
|-clearboost|p2a: Caldo de Puchero|[from] ability: Curious Medicine|[of] p2b: Cúrcuma
|-terastallize|p1a: Incineroar|Fire
|move|p1b: Sneasler|Fake Out|p2a: Caldo de Puchero
|-damage|p2a: Caldo de Puchero|89/100
|-status|p2a: Caldo de Puchero|psn|[from] ability: Poison Touch|[of] p1b: Sneasler
|cant|p2a: Caldo de Puchero|flinch
|move|p1a: Incineroar|Flare Blitz|p2b: Cúrcuma
|-damage|p2b: Cúrcuma|28/100
|-damage|p1a: Incineroar|81/100|[from] Recoil
|
|-damage|p2a: Caldo de Puchero|77/100 psn|[from] psn
|upkeep
|turn|2
|inactive|Aki nakaha has 30 seconds left.
|
|t:|1756728293
|move|p1b: Sneasler|Protect|p1b: Sneasler
|-singleturn|p1b: Sneasler|Protect
|move|p2a: Caldo de Puchero|Tailwind|p2a: Caldo de Puchero
|-sidestart|p2: Imanol Alguacil|move: Tailwind
|move|p2b: Cúrcuma|Sludge Bomb|p1a: Incineroar
|-damage|p1a: Incineroar|32/100
|-damage|p2b: Cúrcuma|19/100|[from] item: Life Orb
|move|p1a: Incineroar|Flare Blitz|p2a: Caldo de Puchero
|-damage|p2a: Caldo de Puchero|19/100 psn
|-damage|p1a: Incineroar|16/100|[from] Recoil
|
|-damage|p2a: Caldo de Puchero|7/100 psn|[from] psn
|upkeep
|turn|3
|
|t:|1756728311
|switch|p1a: Rillaboom|Rillaboom, L50, M|100/100
|-fieldstart|move: Grassy Terrain|[from] ability: Grassy Surge|[of] p1a: Rillaboom
|move|p2a: Caldo de Puchero|Feather Dance|p1b: Sneasler
|-unboost|p1b: Sneasler|atk|2
|move|p1b: Sneasler|Dire Claw|p2a: Caldo de Puchero
|-damage|p2a: Caldo de Puchero|0 fnt
|faint|p2a: Caldo de Puchero
|move|p2b: Cúrcuma|Psychic|p1a: Rillaboom
|-damage|p1a: Rillaboom|61/100
|-damage|p2b: Cúrcuma|9/100|[from] item: Life Orb
|
|-heal|p2b: Cúrcuma|15/100|[from] Grassy Terrain
|-heal|p1a: Rillaboom|67/100|[from] Grassy Terrain
|upkeep
|
|t:|1756728321
|switch|p2a: Sal gorda|Sinistcha, L50|100/100
|-heal|p2b: Cúrcuma|40/100|[from] ability: Hospitality|[of] p2a: Sal gorda
|turn|4
|inactive|Aki nakaha has 30 seconds left.
|inactive|Aki nakaha has 20 seconds left.
|
|t:|1756728358
|switch|p2a: Mejillones|Gholdengo, L50|100/100
|move|p2b: Cúrcuma|Protect|p2b: Cúrcuma
|-singleturn|p2b: Cúrcuma|Protect
|move|p1b: Sneasler|Close Combat|p2b: Cúrcuma
|-activate|p2b: Cúrcuma|move: Protect
|move|p1a: Rillaboom|Drum Beating|p2b: Cúrcuma
|-activate|p2b: Cúrcuma|move: Protect
|
|-heal|p2b: Cúrcuma|46/100|[from] Grassy Terrain
|-heal|p1a: Rillaboom|72/100|[from] Grassy Terrain
|upkeep
|turn|5
|
|t:|1756728375
|-terastallize|p2a: Mejillones|Steel
|move|p2a: Mejillones|Make It Rain|p1b: Sneasler|[spread] p1a,p1b
|-damage|p1a: Rillaboom|0 fnt
|-enditem|p1b: Sneasler|Focus Sash
|-damage|p1b: Sneasler|1/100
|-unboost|p2a: Mejillones|spa|1
|faint|p1a: Rillaboom
|move|p1b: Sneasler|Dire Claw|p2b: Cúrcuma
|-resisted|p2b: Cúrcuma
|-damage|p2b: Cúrcuma|34/100
|move|p2b: Cúrcuma|Psychic|p1b: Sneasler
|-supereffective|p1b: Sneasler
|-damage|p1b: Sneasler|0 fnt
|faint|p1b: Sneasler
|-damage|p2b: Cúrcuma|24/100|[from] item: Life Orb
|
|-heal|p2b: Cúrcuma|30/100|[from] Grassy Terrain
|-sideend|p2: Imanol Alguacil|move: Tailwind
|upkeep
|
|t:|1756728380
|switch|p1b: Incineroar|Incineroar, L50, M, tera:Fire|16/100
|switch|p1a: Annihilape|Annihilape, L50, M|100/100
|-ability|p1b: Incineroar|Intimidate|boost
|-unboost|p2a: Mejillones|atk|1
|-unboost|p2b: Cúrcuma|atk|1
|turn|6
|
|t:|1756728400
|switch|p2a: Sal gorda|Sinistcha, L50|100/100
|-heal|p2b: Cúrcuma|55/100|[from] ability: Hospitality|[of] p2a: Sal gorda
|move|p2b: Cúrcuma|Protect|p2b: Cúrcuma
|-singleturn|p2b: Cúrcuma|Protect
|move|p1a: Annihilape|Drain Punch|p2a: Sal gorda
|-immune|p2a: Sal gorda
|move|p1b: Incineroar|Flare Blitz|p2b: Cúrcuma
|-activate|p2b: Cúrcuma|move: Protect
|
|-heal|p2b: Cúrcuma|61/100|[from] Grassy Terrain
|-heal|p1b: Incineroar|22/100|[from] Grassy Terrain
|upkeep
|turn|7
|inactive|Imanol Alguacil has 30 seconds left.
|
|t:|1756728433
|move|p1a: Annihilape|Bulk Up|p1a: Annihilape
|-boost|p1a: Annihilape|atk|1
|-boost|p1a: Annihilape|def|1
|move|p2a: Sal gorda|Strength Sap|p1b: Incineroar
|-unboost|p1b: Incineroar|atk|1
|move|p2b: Cúrcuma|Psychic|p1a: Annihilape
|-supereffective|p1a: Annihilape
|-crit|p1a: Annihilape
|-damage|p1a: Annihilape|0 fnt
|faint|p1a: Annihilape
|-damage|p2b: Cúrcuma|51/100|[from] item: Life Orb
|move|p1b: Incineroar|Parting Shot|p2b: Cúrcuma
|-unboost|p2b: Cúrcuma|atk|1
|-unboost|p2b: Cúrcuma|spa|1
|
|-heal|p2b: Cúrcuma|57/100|[from] Grassy Terrain
|-heal|p1b: Incineroar|28/100|[from] Grassy Terrain
|-fieldend|move: Grassy Terrain
|upkeep
|turn|8
|inactive|Aki nakaha has 30 seconds left.
|-message|Aki nakaha forfeited.
|
|win|Imanol Alguacil
|raw|Aki nakaha's rating: 1000 → 1000(+0 for losing)
|raw|Imanol Alguacil's rating: 1045 → 1074(+29 for winning)
|l|☆Aki nakaha
|player|p1|
|l| Ferchoxx
