|j|☆lillyrosethedemon
|j|☆jamchi
|html|lillyrosethedemonjamchi    
|uhtml|bestof|Game 2 of a best-of-3
|t:|1755051472
|gametype|doubles
|player|p1|lillyrosethedemon|parasollady|1207
|player|p2|jamchi|backpacker|1132
|gen|9
|tier|[Gen 9] VGC 2025 Reg H (Bo3)
|rated|
|rule|Species Clause: Limit one of each Pokémon
|rule|Item Clause: Limit 1 of each item
|clearpoke
|poke|p1|Primarina, L50, F|
|poke|p1|Incineroar, L50, M|
|poke|p1|Farigiraf, L50, F|
|poke|p1|Conkeldurr, L50, F|
|poke|p1|Amoonguss, L50, F|
|poke|p1|Gholdengo, L50|
|poke|p2|Whimsicott, L50, F|
|poke|p2|Meowscarada, L50, F|
|poke|p2|Ursaluna-Bloodmoon, L50, M|
|poke|p2|Typhlosion-Hisui, L50, F|
|poke|p2|Farigiraf, L50, F|
|poke|p2|Sneasler, L50, F|
|teampreview|4
|showteam|p1|Primarina||Leftovers|LiquidVoice|Haze,HyperVoice,Moonblast,Protect|||F|||50|,,,,,Water]Incineroar||SafetyGoggles|Intimidate|FakeOut,FlareBlitz,KnockOff,PartingShot|||M|||50|,,,,,Ghost]Farigiraf||ThroatSpray|ArmorTail|HyperVoice,PsychicNoise,Protect,TrickRoom|||F|||50|,,,,,Fairy]Conkeldurr||FlameOrb|Guts|DrainPunch,Protect,MachPunch,KnockOff|||F|||50|,,,,,Fire]Amoonguss||SitrusBerry|Regenerator|RagePowder,Protect,SludgeBomb,Spore|||F|||50|,,,,,Water]Gholdengo||ChoiceSpecs|GoodasGold|MakeItRain,ShadowBall,Thunderbolt,Trick||||||50|,,,,,Steel
|showteam|p2|Whimsicott||CovertCloak|Prankster|Tailwind,Moonblast,Encore,SunnyDay|||F|||50|,,,,,Steel]Meowscarada||FocusSash|Overgrow|FlowerTrick,KnockOff,Taunt,Protect|||F|||50|,,,,,Stellar]Ursaluna-Bloodmoon||LifeOrb|MindsEye|BloodMoon,HyperVoice,EarthPower,Protect|||M|||50|,,,,,Normal]Typhlosion-Hisui||ChoiceSpecs|Blaze|Eruption,HeatWave,Overheat,ShadowBall|||F|||50|,,,,,Fire]Farigiraf||ThroatSpray|ArmorTail|HyperVoice,TwinBeam,Protect,TrickRoom|||F|||50|,,,,,Water]Sneasler||WhiteHerb|Unburden|DireClaw,CloseCombat,ThroatChop,Protect|||F|||50|,,,,,Dark
|inactive|Battle timer is ON: inactive players will automatically lose when time's up. (requested by jamchi)
|j| teamthief420
|inactive|lillyrosethedemon has 60 seconds left.
|inactive|lillyrosethedemon has 30 seconds left.
|
|t:|1755051534
|teamsize|p1|4
|teamsize|p2|4
|start
|switch|p1a: Amoonguss|Amoonguss, L50, F|100/100
|switch|p1b: Farigiraf|Farigiraf, L50, F|100/100
|switch|p2a: Typhlosion|Typhlosion-Hisui, L50, F|100/100
|switch|p2b: Ursaluna|Ursaluna-Bloodmoon, L50, M|100/100
|turn|1
|inactive|lillyrosethedemon has 30 seconds left.
|
|t:|1755051560
|-terastallize|p2b: Ursaluna|Normal
|-terastallize|p1a: Amoonguss|Water
|move|p2a: Typhlosion|Eruption|p1b: Farigiraf|[spread] p1a,p1b
|-resisted|p1a: Amoonguss
|-damage|p1a: Amoonguss|71/100
|-damage|p1b: Farigiraf|26/100
|move|p2b: Ursaluna|Hyper Voice|p1a: Amoonguss|[spread] p1a,p1b
|-damage|p1a: Amoonguss|15/100
|-damage|p1b: Farigiraf|0 fnt
|-enditem|p1a: Amoonguss|Sitrus Berry|[eat]
|-heal|p1a: Amoonguss|40/100|[from] item: Sitrus Berry
|faint|p1b: Farigiraf
|-damage|p2b: Ursaluna|91/100|[from] item: Life Orb
|move|p1a: Amoonguss|Spore|p2b: Ursaluna
|-status|p2b: Ursaluna|slp|[from] move: Spore
|
|upkeep
|
|t:|1755051575
|switch|p1b: Primarina|Primarina, L50, F|100/100
|turn|2
|inactive|jamchi has 30 seconds left.
|
|t:|1755051605
|switch|p2a: Farigiraf|Farigiraf, L50, F, shiny|100/100
|cant|p2b: Ursaluna|slp
|move|p1b: Primarina|Hyper Voice|p2a: Farigiraf|[spread] p2a,p2b
|-damage|p2a: Farigiraf|67/100
|-damage|p2b: Ursaluna|45/100 slp
|move|p1a: Amoonguss|Sludge Bomb|p2b: Ursaluna
|-damage|p2b: Ursaluna|6/100 slp
|
|upkeep
|turn|3
|inactive|lillyrosethedemon has 30 seconds left.
|
|t:|1755051630
|move|p1a: Amoonguss|Rage Powder|p1a: Amoonguss
|-singleturn|p1a: Amoonguss|move: Rage Powder
|cant|p2b: Ursaluna|slp
|move|p2a: Farigiraf|Hyper Voice|p1b: Primarina|[spread] p1a,p1b
|-damage|p1a: Amoonguss|16/100
|-damage|p1b: Primarina|76/100
|-enditem|p2a: Farigiraf|Throat Spray
|-boost|p2a: Farigiraf|spa|1|[from] item: Throat Spray
|move|p1b: Primarina|Hyper Voice|p2a: Farigiraf|[spread] p2a,p2b
|-damage|p2a: Farigiraf|33/100
|-damage|p2b: Ursaluna|0 fnt
|faint|p2b: Ursaluna
|
|-heal|p1b: Primarina|82/100|[from] item: Leftovers
|upkeep
|
|t:|1755051642
|switch|p2b: Meowscarada|Meowscarada, L50, F|100/100
|turn|4
|inactive|lillyrosethedemon has 30 seconds left.
|inactive|lillyrosethedemon has 20 seconds left.
|
|t:|1755051682
|move|p2b: Meowscarada|Flower Trick|p1b: Primarina
|-supereffective|p1b: Primarina
|-crit|p1b: Primarina
|-damage|p1b: Primarina|0 fnt
|faint|p1b: Primarina
|move|p2a: Farigiraf|Hyper Voice|p1a: Amoonguss
|-damage|p1a: Amoonguss|0 fnt
|faint|p1a: Amoonguss
|
|upkeep
|
|t:|1755051696
|switch|p1b: Conkeldurr|Conkeldurr, L50, F|100/100
|turn|5
|
|t:|1755051704
|move|p1b: Conkeldurr|Protect|p1b: Conkeldurr
|-singleturn|p1b: Conkeldurr|Protect
|move|p2b: Meowscarada|Flower Trick|p1b: Conkeldurr
|-activate|p1b: Conkeldurr|move: Protect
|move|p2a: Farigiraf|Twin Beam|p1b: Conkeldurr
|-activate|p1b: Conkeldurr|move: Protect
|
|-status|p1b: Conkeldurr|brn|[from] item: Flame Orb
|upkeep
|turn|6
|
|t:|1755051715
|move|p2b: Meowscarada|Flower Trick|p1b: Conkeldurr
|-crit|p1b: Conkeldurr
|-damage|p1b: Conkeldurr|56/100 brn
|move|p2a: Farigiraf|Twin Beam|p1b: Conkeldurr
|-supereffective|p1b: Conkeldurr
|-damage|p1b: Conkeldurr|10/100 brn
|-supereffective|p1b: Conkeldurr
|-damage|p1b: Conkeldurr|0 fnt
|faint|p1b: Conkeldurr
|-hitcount|p1: Conkeldurr|2
|
|win|jamchi
|raw|lillyrosethedemon's rating: 1207 → 1177(-30 for losing)
|raw|jamchi's rating: 1132 → 1162(+30 for winning)
|l| teamthief420
