|j|☆BVSelf
|j|☆lordtentacle69
|html|BVSelflordtentacle69    
|uhtml|bestof|Game 2 of a best-of-3
|t:|1783753496
|gametype|doubles
|player|p1|BVSelf|juan|1430
|player|p2|lordtentacle69|corbeau|1423
|gen|9
|tier|[Gen 9 Champions] VGC 2026 Reg M-B (Bo3)
|rated|
|rule|Species Clause: Limit one of each Pokémon
|rule|Item Clause: Limit 1 of each item
|clearpoke
|poke|p1|Torkoal, L50, F|
|poke|p1|Venusaur, L50, M|
|poke|p1|Farigiraf, L50, F|
|poke|p1|Scrafty, L50, M|
|poke|p1|Mamoswine, L50, F|
|poke|p1|Pyroar, L50, M|
|poke|p2|Delphox, L50, M|
|poke|p2|Incineroar, L50, F|
|poke|p2|Maushold-Four, L50|
|poke|p2|Sinistcha, L50|
|poke|p2|Sneasler, L50, F|
|poke|p2|Blastoise, L50, M|
|teampreview|4
|showteam|p1|Torkoal||HeatRock|Drought|Eruption,WeatherBall,HelpingHand,Protect|Quiet||F|||50|]Venusaur||LifeOrb|Chlorophyll|EnergyBall,SludgeBomb,EarthPower,Protect|Modest||M|||50|]Farigiraf||SitrusBerry|ArmorTail|Psychic,Thunderbolt,TrickRoom,Protect|Bold||F|||50|]Scrafty||Scraftinite|Intimidate|KnockOff,DrainPunch,IcePunch,FakeOut|Adamant||M|||50|]Mamoswine||FocusSash|Oblivious|HighHorsepower,RockSlide,IceShard,Protect|Adamant||F|||50|]Pyroar||Pyroarite|Unnerve|HeatWave,Overheat,Yawn,Protect|Timid||M|||50|
|showteam|p2|Delphox||Delphoxite|Blaze|HeatWave,Psychic,NastyPlot,Protect|Timid||M|||50|]Incineroar||SitrusBerry|Intimidate|FakeOut,PartingShot,FlareBlitz,ThroatChop|Impish||F|||50|]Maushold-Four||ChopleBerry|FriendGuard|Feint,HelpingHand,Protect,FollowMe|Impish|||||50|]Sinistcha||KasibBerry|Hospitality|Protect,MatchaGotcha,TrickRoom,RagePowder|Bold|||||50|]Sneasler||FocusSash|PoisonTouch|CloseCombat,PoisonJab,QuickGuard,FakeOut|Adamant||F|||50|]Blastoise||Blastoisinite|RainDish|Protect,WaterSpout,DarkPulse,ShellSmash|Modest||M|||50|
|
|t:|1783753539
|teamsize|p1|4
|teamsize|p2|4
|start
|switch|p1a: Pyroar|Pyroar, L50, M|100/100
|switch|p1b: Scrafty|Scrafty, L50, M|100/100
|switch|p2a: Delphox|Delphox, L50, M|100/100
|switch|p2b: Gochujang|Incineroar, L50, F|100/100
|-ability|p1a: Pyroar|Unnerve
|-ability|p2b: Gochujang|Intimidate|boost
|-unboost|p1a: Pyroar|atk|1
|-unboost|p1b: Scrafty|atk|1
|-ability|p1b: Scrafty|Intimidate|boost
|-unboost|p2a: Delphox|atk|1
|-unboost|p2b: Gochujang|atk|1
|turn|1
|
|t:|1783753554
|detailschange|p2a: Delphox|Delphox-Mega, L50, M
|-mega|p2a: Delphox|Delphox|Delphoxite
|detailschange|p1b: Scrafty|Scrafty-Mega, L50, M
|-mega|p1b: Scrafty|Scrafty|Scraftinite
|-ability|p1b: Scrafty|Intimidate|boost
|-unboost|p2a: Delphox|atk|1
|-unboost|p2b: Gochujang|atk|1
|move|p2b: Gochujang|Fake Out|p1b: Scrafty
|-damage|p1b: Scrafty|95/100
|cant|p1b: Scrafty|flinch
|move|p2a: Delphox|Psychic|p1a: Pyroar
|-damage|p1a: Pyroar|25/100
|move|p1a: Pyroar|Yawn|p2a: Delphox
|-start|p2a: Delphox|move: Yawn|[of] p1a: Pyroar
|
|upkeep
|turn|2
|
|t:|1783753577
|switch|p2a: MMCH|Maushold-Four, L50|100/100
|switch|p1a: Mamoswine|Mamoswine, L50, F|100/100
|move|p2b: Gochujang|Parting Shot|p1b: Scrafty
|-unboost|p1b: Scrafty|atk|1
|-unboost|p1b: Scrafty|spa|1
|
|t:|1783753584
|switch|p2b: Delphox|Delphox-Mega, L50, M|100/100|[from] Parting Shot
|move|p1b: Scrafty|Knock Off|p2b: Delphox
|-supereffective|p2b: Delphox|1
|-damage|p2b: Delphox|66/100
|
|upkeep
|turn|3
|
|t:|1783753596
|move|p2a: MMCH|Feint|p1a: Mamoswine
|-damage|p1a: Mamoswine|88/100
|move|p2b: Delphox|Heat Wave|p1b: Scrafty|[spread] p1a
|-miss|p2b: Delphox|p1b: Scrafty
|-supereffective|p1a: Mamoswine|1
|-damage|p1a: Mamoswine|0 fnt
|faint|p1a: Mamoswine
|move|p1b: Scrafty|Drain Punch|p2b: Delphox
|-resisted|p2b: Delphox|1
|-damage|p2b: Delphox|56/100
|-heal|p1b: Scrafty|100/100|[from] drain|[of] p2b: Delphox
|
|upkeep
|
|t:|1783753605
|switch|p1a: Farigiraf|Farigiraf, L50, F|100/100
|turn|4
|
|t:|1783753622
|switch|p1b: Pyroar|Pyroar, L50, M|25/100
|-ability|p1b: Pyroar|Unnerve
|move|p2a: MMCH|Helping Hand|p2b: Delphox
|-singleturn|p2b: Delphox|Helping Hand|[of] p2a: MMCH
|move|p2b: Delphox|Heat Wave|p1a: Farigiraf|[spread] 
|-miss|p2b: Delphox|p1a: Farigiraf
|-miss|p2b: Delphox|p1b: Pyroar
|move|p1a: Farigiraf|Trick Room|p1a: Farigiraf
|-fieldstart|move: Trick Room|[of] p1a: Farigiraf
|
|upkeep
|turn|5
|
|t:|1783753637
|switch|p2b: Gochujang|Incineroar, L50, F|100/100
|-ability|p2b: Gochujang|Intimidate|boost
|-unboost|p1a: Farigiraf|atk|1
|-unboost|p1b: Pyroar|atk|1
|move|p2a: MMCH|Protect|p2a: MMCH
|-singleturn|p2a: MMCH|Protect
|move|p1a: Farigiraf|Psychic|p2b: Gochujang
|-immune|p2b: Gochujang
|move|p1b: Pyroar|Heat Wave|p2b: Gochujang|[spread] p2b
|-activate|p2a: MMCH|move: Protect
|-resisted|p2b: Gochujang|1
|-damage|p2b: Gochujang|89/100
|
|upkeep
|turn|6
|
|t:|1783753663
|switch|p2a: Delphox|Delphox-Mega, L50, M|56/100
|switch|p1b: Scrafty|Scrafty-Mega, L50, M|100/100
|-ability|p1b: Scrafty|Intimidate|boost
|-unboost|p2a: Delphox|atk|1
|-unboost|p2b: Gochujang|atk|1
|move|p1a: Farigiraf|Protect|p1a: Farigiraf
|-singleturn|p1a: Farigiraf|Protect
|move|p2b: Gochujang|Flare Blitz|p1b: Scrafty
|-damage|p1b: Scrafty|75/100
|-damage|p2b: Gochujang|82/100|[from] Recoil
|
|upkeep
|turn|7
|
|t:|1783753682
|move|p2a: Delphox|Protect|p2a: Delphox
|-singleturn|p2a: Delphox|Protect
|move|p1a: Farigiraf|Thunderbolt|p2b: Gochujang
|-damage|p2b: Gochujang|62/100
|move|p1b: Scrafty|Drain Punch|p2b: Gochujang
|-supereffective|p2b: Gochujang|1
|-damage|p2b: Gochujang|0 fnt
|-heal|p1b: Scrafty|100/100|[from] drain|[of] p2b: Gochujang
|faint|p2b: Gochujang
|
|upkeep
|
|t:|1783753693
|switch|p2b: MMCH|Maushold-Four, L50|100/100
|turn|8
|
|t:|1783753707
|move|p2b: MMCH|Follow Me|p2b: MMCH
|-singleturn|p2b: MMCH|move: Follow Me
|move|p1a: Farigiraf|Psychic|p2b: MMCH
|-damage|p2b: MMCH|61/100
|move|p1b: Scrafty|Knock Off|p2b: MMCH
|-damage|p2b: MMCH|5/100
|-enditem|p2b: MMCH|Chople Berry|[from] move: Knock Off|[of] p1b: Scrafty
|move|p2a: Delphox|Nasty Plot|p2a: Delphox
|-boost|p2a: Delphox|spa|2
|
|-fieldend|move: Trick Room
|upkeep
|turn|9
|
|t:|1783753719
|switch|p1b: Pyroar|Pyroar, L50, M|25/100
|-ability|p1b: Pyroar|Unnerve
|move|p2b: MMCH|Helping Hand|p2a: Delphox
|-singleturn|p2a: Delphox|Helping Hand|[of] p2b: MMCH
|move|p2a: Delphox|Heat Wave|p1b: Pyroar|[spread] p1a,p1b
|-resisted|p1b: Pyroar|1
|-damage|p1a: Farigiraf|0 fnt
|-damage|p1b: Pyroar|0 fnt
|faint|p1a: Farigiraf
|faint|p1b: Pyroar
|
|upkeep
|
|t:|1783753731
|switch|p1a: Scrafty|Scrafty-Mega, L50, M|100/100
|-ability|p1a: Scrafty|Intimidate|boost
|-unboost|p2a: Delphox|atk|1
|-unboost|p2b: MMCH|atk|1
|turn|10
|
|t:|1783753736
|move|p2a: Delphox|Protect|p2a: Delphox
|-singleturn|p2a: Delphox|Protect
|move|p2b: MMCH|Protect|p2b: MMCH
|-singleturn|p2b: MMCH|Protect
|move|p1a: Scrafty|Knock Off|p2a: Delphox
|-activate|p2a: Delphox|move: Protect
|
|upkeep
|turn|11
|
|t:|1783753743
|move|p2b: MMCH|Helping Hand|p2a: Delphox
|-singleturn|p2a: Delphox|Helping Hand|[of] p2b: MMCH
|move|p2a: Delphox|Heat Wave|p1a: Scrafty
|-damage|p1a: Scrafty|0 fnt
|faint|p1a: Scrafty
|
|win|lordtentacle69
|raw|BVSelf's rating: 1430 → 1410(-20 for losing)
|raw|lordtentacle69's rating: 1423 → 1443(+20 for winning)
|l|☆lordtentacle69
|player|p2|
