|j|☆Soraarara
|j|☆breloomb01
|html|Soraararabreloomb01    
|uhtml|bestof|Game 1 of a best-of-3
|t:|1757726018
|gametype|doubles
|player|p1|Soraarara|102|1195
|player|p2|breloomb01|2|1342
|gen|9
|tier|[Gen 9] VGC 2025 Reg H (Bo3)
|rated|
|rule|Species Clause: Limit one of each Pokémon
|rule|Item Clause: Limit 1 of each item
|clearpoke
|poke|p1|Ursaluna, L50, M|
|poke|p1|Jumpluff, L50, F|
|poke|p1|Charizard, L50, M|
|poke|p1|Torkoal, L50, F|
|poke|p1|Incineroar, L50, F|
|poke|p1|Porygon2, L50|
|poke|p2|Amoonguss, L50, F|
|poke|p2|Pelipper, L50, M|
|poke|p2|Archaludon, L50, F|
|poke|p2|Basculegion, L50, M|
|poke|p2|Gholdengo, L50|
|poke|p2|Weavile, L50, M|
|teampreview|4
|showteam|p1|Ursaluna||FlameOrb|Guts|HeadlongRush,Facade,Earthquake,Protect|||M|||50|,,,,,Ghost]Jumpluff||CovertCloak|Chlorophyll|SleepPowder,SunnyDay,Tailwind,RagePowder|||F|||50|,,,,,Water]Charizard||ChoiceSpecs|SolarPower|AirSlash,HeatWave,Overheat,WeatherBall|||M|||50|,,,,,Ghost]Torkoal||EjectPack|Drought|HelpingHand,Eruption,Overheat,Protect|||F|||50|,,,,,Fire]Incineroar||SitrusBerry|Intimidate|FakeOut,FlareBlitz,KnockOff,PartingShot|||F|||50|,,,,,Ghost]Porygon2||Eviolite|Download|TeraBlast,IceBeam,Recover,TrickRoom||||||50|,,,,,Fighting
|showteam|p2|Amoonguss||CovertCloak|Regenerator|PollenPuff,RagePowder,Spore,ClearSmog|||F|||50|,,,,,Water]Pelipper||SafetyGoggles|Drizzle|WeatherBall,Hurricane,Tailwind,Protect|||M|||50|,,,,,Ghost]Archaludon||AssaultVest|Stamina|DragonPulse,ElectroShot,FlashCannon,BodyPress|||F|||50|,,,,,Bug]Basculegion||ChoiceBand|SwiftSwim|WaveCrash,AquaJet,LastRespects,FlipTurn|||M|||50|,,,,,Fairy]Gholdengo||MetalCoat|GoodasGold|MakeItRain,NastyPlot,ShadowBall,Protect||||||50|,,,,,Water]Weavile||FocusSash|Pickpocket|FakeOut,TripleAxel,KnockOff,Taunt|||M|||50|,,,,,Ghost
|inactive|Battle timer is ON: inactive players will automatically lose when time's up. (requested by Soraarara)
|inactive|Soraarara has 60 seconds left.
|inactive|Soraarara has 30 seconds left.
|
|t:|1757726085
|teamsize|p1|4
|teamsize|p2|4
|start
|switch|p1a: Charizard|Charizard, L50, M|100/100
|switch|p1b: Torkoal|Torkoal, L50, F|100/100
|switch|p2a: Weavile|Weavile, L50, M|100/100
|switch|p2b: Amoonguss|Amoonguss, L50, F|100/100
|-weather|SunnyDay|[from] ability: Drought|[of] p1b: Torkoal
|turn|1
|inactive|Soraarara has 30 seconds left.
|inactive|breloomb01 has 30 seconds left.
|
|t:|1757726125
|-terastallize|p2b: Amoonguss|Water
|move|p2a: Weavile|Knock Off|p1a: Charizard
|-damage|p1a: Charizard|34/100
|-enditem|p1a: Charizard|Choice Specs|[from] move: Knock Off|[of] p2a: Weavile
|move|p1a: Charizard|Weather Ball|p2a: Weavile
|-supereffective|p2a: Weavile
|-enditem|p2a: Weavile|Focus Sash
|-damage|p2a: Weavile|1/100
|move|p2b: Amoonguss|Spore|p1b: Torkoal
|-status|p1b: Torkoal|slp|[from] move: Spore
|cant|p1b: Torkoal|slp
|
|-weather|SunnyDay|[upkeep]
|-damage|p1a: Charizard|21/100|[from] ability: Solar Power|[of] p1a: Charizard
|upkeep
|turn|2
|inactive|Soraarara has 30 seconds left.
|inactive|Soraarara has 20 seconds left.
|
|t:|1757726163
|move|p2a: Weavile|Knock Off|p1b: Torkoal
|-damage|p1b: Torkoal|65/100 slp
|-enditem|p1b: Torkoal|Eject Pack|[from] move: Knock Off|[of] p2a: Weavile
|move|p1a: Charizard|Heat Wave|p2a: Weavile|[spread] p2a,p2b
|-supereffective|p2a: Weavile
|-resisted|p2b: Amoonguss
|-damage|p2a: Weavile|0 fnt
|-damage|p2b: Amoonguss|72/100
|faint|p2a: Weavile
|move|p2b: Amoonguss|Spore|p1a: Charizard
|-status|p1a: Charizard|slp|[from] move: Spore
|-curestatus|p1b: Torkoal|slp|[msg]
|move|p1b: Torkoal|Eruption|p2b: Amoonguss
|-resisted|p2b: Amoonguss
|-damage|p2b: Amoonguss|46/100
|
|-weather|SunnyDay|[upkeep]
|-damage|p1a: Charizard|9/100 slp|[from] ability: Solar Power|[of] p1a: Charizard
|upkeep
|
|t:|1757726176
|switch|p2a: Gholdengo|Gholdengo, L50|100/100
|turn|3
|
|t:|1757726192
|cant|p1a: Charizard|slp
|move|p2a: Gholdengo|Nasty Plot|p2a: Gholdengo
|-boost|p2a: Gholdengo|spa|2
|move|p2b: Amoonguss|Spore|p1b: Torkoal
|-status|p1b: Torkoal|slp|[from] move: Spore
|cant|p1b: Torkoal|slp
|
|-weather|SunnyDay|[upkeep]
|-damage|p1a: Charizard|0 fnt|[from] ability: Solar Power|[of] p1a: Charizard
|faint|p1a: Charizard
|upkeep
|
|t:|1757726214
|switch|p1a: Ursaluna|Ursaluna, L50, M|100/100
|turn|4
|inactive|breloomb01 has 30 seconds left.
|
|t:|1757726242
|switch|p1b: Porygon2|Porygon2, L50|100/100
|-ability|p1b: Porygon2|Download|boost
|-boost|p1b: Porygon2|atk|1
|move|p2a: Gholdengo|Protect|p2a: Gholdengo
|-singleturn|p2a: Gholdengo|Protect
|move|p1a: Ursaluna|Protect|p1a: Ursaluna
|-singleturn|p1a: Ursaluna|Protect
|move|p2b: Amoonguss|Spore|p1a: Ursaluna
|-activate|p1a: Ursaluna|move: Protect
|
|-weather|SunnyDay|[upkeep]
|-status|p1a: Ursaluna|brn|[from] item: Flame Orb
|upkeep
|turn|5
|inactive|Soraarara has 30 seconds left.
|inactive|Soraarara has 20 seconds left.
|inactive|Soraarara has 15 seconds left.
|inactive|Soraarara has 10 seconds left.
|
|t:|1757726289
|move|p2a: Gholdengo|Make It Rain|p1b: Porygon2|[spread] p1a,p1b
|-damage|p1a: Ursaluna|0 fnt
|-damage|p1b: Porygon2|27/100
|-unboost|p2a: Gholdengo|spa|1
|faint|p1a: Ursaluna
|move|p1b: Porygon2|Tera Blast|p2b: Amoonguss
|-damage|p2b: Amoonguss|18/100
|move|p2b: Amoonguss|Spore|p1b: Porygon2
|-status|p1b: Porygon2|slp|[from] move: Spore
|
|-weather|none
|upkeep
|
|t:|1757726298
|switch|p1a: Torkoal|Torkoal, L50, F|65/100 slp
|-weather|SunnyDay|[from] ability: Drought|[of] p1a: Torkoal
|turn|6
|
|t:|1757726303
|switch|p2b: Pelipper|Pelipper, L50, M|100/100
|-weather|RainDance|[from] ability: Drizzle|[of] p2b: Pelipper
|move|p2a: Gholdengo|Make It Rain|p1b: Porygon2|[spread] p1a,p1b
|-resisted|p1a: Torkoal
|-damage|p1a: Torkoal|5/100 slp
|-damage|p1b: Porygon2|0 fnt
|-unboost|p2a: Gholdengo|spa|1
|faint|p1b: Porygon2
|cant|p1a: Torkoal|slp
|
|-weather|RainDance|[upkeep]
|upkeep
|turn|7
|
|t:|1757726310
|move|p2a: Gholdengo|Shadow Ball|p1a: Torkoal
|-damage|p1a: Torkoal|0 fnt
|faint|p1a: Torkoal
|
|win|breloomb01
