|j|☆Darkip_8
|j|☆gundot
|html|Darkip_8gundot    
|uhtml|bestof|Game 1 of a best-of-3
|t:|1783522424
|gametype|doubles
|player|p1|Darkip_8|102|1176
|player|p2|gundot|169|1119
|gen|9
|tier|[Gen 9 Champions] VGC 2026 Reg M-B (Bo3)
|rated|
|rule|Species Clause: Limit one of each Pokémon
|rule|Item Clause: Limit 1 of each item
|clearpoke
|poke|p1|Staraptor, L50, F|
|poke|p1|Excadrill, L50, F|
|poke|p1|Tyranitar, L50, F|
|poke|p1|Sinistcha, L50|
|poke|p1|Milotic, L50, M|
|poke|p1|Gholdengo, L50|
|poke|p2|Charizard, L50, F, shiny|
|poke|p2|Whimsicott, L50, F|
|poke|p2|Farigiraf, L50, F, shiny|
|poke|p2|Garchomp, L50, M|
|poke|p2|Mawile, L50, F, shiny|
|poke|p2|Basculegion, L50, M|
|teampreview|4
|showteam|p1|Staraptor||Staraptite|Intimidate|BraveBird,CloseCombat,Tailwind,Protect|Jolly||F|||50|]Excadrill||FocusSash|SandRush|HighHorsepower,Protect,RockSlide,IronHead|Adamant||F|||50|]Tyranitar||Tyranitarite|SandStream|KnockOff,LowKick,Protect,RockSlide|Adamant||F|||50|]Sinistcha||SitrusBerry|Hospitality|MatchaGotcha,RagePowder,TrickRoom,Protect|Relaxed|||||50|]Milotic||Leftovers|Competitive|Scald,IceBeam,IcyWind,Protect|Modest||M|||50|]Gholdengo||LifeOrb|GoodasGold|MakeItRain,NastyPlot,ShadowBall,Protect|Modest|||||50|
|showteam|p2|Charizard||CharizarditeY|SolarPower|HeatWave,WeatherBall,SolarBeam,Protect|Modest||F|||50|]Whimsicott||FocusSash|Prankster|Moonblast,Tailwind,Encore,Protect|Timid||F|||50|]Farigiraf||SitrusBerry|ArmorTail|Psychic,Thunderbolt,TrickRoom,HelpingHand|Modest||F|||50|]Garchomp||LifeOrb|RoughSkin|Earthquake,DragonClaw,RockSlide,Protect|Jolly||M|||50|]Mawile||Mawilite|HyperCutter|PlayRough,RockSlide,SuckerPunch,Protect|Adamant||F|||50|]Basculegion||MysticWater|Adaptability|WaveCrash,AquaJet,LastRespects,Protect|Adamant||M|||50|
|inactive|Battle timer is ON: inactive players will automatically lose when time's up. (requested by gundot)
|inactive|Darkip_8 has 60 seconds left.
|inactive|gundot has 60 seconds left.
|inactive|Darkip_8 has 30 seconds left.
|inactive|Darkip_8 has 20 seconds left.
|inactive|Darkip_8 has 15 seconds left.
|inactive|Darkip_8 has 10 seconds left.
|inactive|Darkip_8 has 5 seconds left.
|
|t:|1783522510
|teamsize|p1|4
|teamsize|p2|4
|start
|switch|p1a: Staraptor|Staraptor, L50, F|100/100
|switch|p1b: Tyranitar|Tyranitar, L50, F|100/100
|switch|p2a: Whimsicott|Whimsicott, L50, F|100/100
|switch|p2b: Basculegion|Basculegion, L50, M|100/100
|-ability|p1a: Staraptor|Intimidate|boost
|-unboost|p2a: Whimsicott|atk|1
|-unboost|p2b: Basculegion|atk|1
|-weather|Sandstorm|[from] ability: Sand Stream|[of] p1b: Tyranitar
|turn|1
|inactive|Darkip_8 has 30 seconds left.
|
|t:|1783522545
|detailschange|p1a: Staraptor|Staraptor-Mega, L50, F
|-mega|p1a: Staraptor|Staraptor|Staraptite
|move|p2a: Whimsicott|Tailwind|p2a: Whimsicott
|-sidestart|p2: gundot|move: Tailwind
|move|p2b: Basculegion|Wave Crash|p1a: Staraptor
|-damage|p1a: Staraptor|29/100
|-damage|p2b: Basculegion|81/100|[from] Recoil
|move|p1a: Staraptor|Close Combat|p2a: Whimsicott
|-resisted|p2a: Whimsicott|1
|-damage|p2a: Whimsicott|51/100
|-boost|p1a: Staraptor|def|1
|-boost|p1a: Staraptor|spd|1
|move|p1b: Tyranitar|Knock Off|p2b: Basculegion
|-supereffective|p2b: Basculegion|1
|-damage|p2b: Basculegion|0 fnt
|-enditem|p2b: Basculegion|Mystic Water|[from] move: Knock Off|[of] p1b: Tyranitar
|faint|p2b: Basculegion
|
|-weather|Sandstorm|[upkeep]
|-damage|p2a: Whimsicott|45/100|[from] Sandstorm
|-damage|p1a: Staraptor|23/100|[from] Sandstorm
|upkeep
|
|t:|1783522559
|switch|p2b: Charizard|Charizard, L50, F, shiny|100/100
|turn|2
|
|t:|1783522573
|switch|p1b: Milotic|Milotic, L50, M|100/100
|detailschange|p2b: Charizard|Charizard-Mega-Y, L50, F, shiny
|-mega|p2b: Charizard|Charizard|Charizardite Y
|-weather|SunnyDay|[from] ability: Drought|[of] p2b: Charizard
|move|p2a: Whimsicott|Moonblast|p1b: Milotic
|-damage|p1b: Milotic|75/100
|move|p2b: Charizard|Heat Wave|p1b: Milotic|[spread] p1a,p1b
|-resisted|p1b: Milotic|1
|-damage|p1a: Staraptor|0 fnt
|-damage|p1b: Milotic|54/100
|faint|p1a: Staraptor
|
|-weather|SunnyDay|[upkeep]
|-heal|p1b: Milotic|60/100|[from] item: Leftovers
|upkeep
|
|t:|1783522583
|switch|p1a: Tyranitar|Tyranitar, L50, F|100/100
|-weather|Sandstorm|[from] ability: Sand Stream|[of] p1a: Tyranitar
|turn|3
|
|t:|1783522600
|switch|p1a: Excadrill|Excadrill, L50, F|100/100
|move|p2a: Whimsicott|Moonblast|p1a: Excadrill
|-resisted|p1a: Excadrill|1
|-damage|p1a: Excadrill|78/100
|move|p2b: Charizard|Solar Beam||[still]
|-prepare|p2b: Charizard|Solar Beam
|move|p1b: Milotic|Icy Wind|p2a: Whimsicott|[spread] p2a,p2b
|-supereffective|p2a: Whimsicott|1
|-damage|p2a: Whimsicott|5/100
|-damage|p2b: Charizard|89/100
|-unboost|p2a: Whimsicott|spe|1
|-unboost|p2b: Charizard|spe|1
|
|-weather|Sandstorm|[upkeep]
|-damage|p2a: Whimsicott|0 fnt|[from] Sandstorm
|-damage|p2b: Charizard|83/100|[from] Sandstorm
|-damage|p1b: Milotic|54/100|[from] Sandstorm
|faint|p2a: Whimsicott
|-heal|p1b: Milotic|60/100|[from] item: Leftovers
|upkeep
|
|t:|1783522603
|switch|p2a: Garchomp|Garchomp, L50, M|100/100
|turn|4
|
|t:|1783522625
|move|p1a: Excadrill|Protect|p1a: Excadrill
|-singleturn|p1a: Excadrill|Protect
|move|p1b: Milotic|Protect|p1b: Milotic
|-singleturn|p1b: Milotic|Protect
|move|p2a: Garchomp|Earthquake|p1b: Milotic|[spread] 
|-activate|p1a: Excadrill|move: Protect
|-activate|p1b: Milotic|move: Protect
|-immune|p2b: Charizard
|move|p2b: Charizard|Solar Beam|p1a: Excadrill|[from] lockedmove
|-activate|p1a: Excadrill|move: Protect
|
|-weather|Sandstorm|[upkeep]
|-damage|p2b: Charizard|77/100|[from] Sandstorm
|-damage|p1b: Milotic|54/100|[from] Sandstorm
|-heal|p1b: Milotic|60/100|[from] item: Leftovers
|-sideend|p2: gundot|move: Tailwind
|upkeep
|turn|5
|
|t:|1783522634
|move|p1a: Excadrill|Rock Slide|p2b: Charizard|[spread] p2a,p2b
|-resisted|p2a: Garchomp|1
|-crit|p2a: Garchomp
|-supereffective|p2b: Charizard|2
|-damage|p2a: Garchomp|83/100
|-damage|p2b: Charizard|0 fnt
|faint|p2b: Charizard
|move|p2a: Garchomp|Earthquake|p1a: Excadrill|[spread] p1a,p1b
|-supereffective|p1a: Excadrill|1
|-damage|p1a: Excadrill|0 fnt
|-damage|p1b: Milotic|13/100
|faint|p1a: Excadrill
|-damage|p2a: Garchomp|74/100|[from] item: Life Orb
|move|p1b: Milotic|Ice Beam|p2a: Garchomp
|-supereffective|p2a: Garchomp|2
|-damage|p2a: Garchomp|0 fnt
|faint|p2a: Garchomp
|
|win|Darkip_8
||gundot is ready for game 2.
|inactive|Darkip_8 has 30 seconds to confirm battle start!
||Darkip_8 is ready for game 2.
|uhtml|next|Next: Game 2 of 3
