|j|Ōśåcastoriceball
|j|ŌśåBillie Eiscue
|html|castoriceballBillie Eiscue    
|uhtml|bestof|Game 1 of a best-of-3
|t:|1783724497
|gametype|doubles
|player|p1|castoriceball|miku-flying|
|player|p2|Billie Eiscue|lebanne|
|gen|9
|tier|[Gen 9 Champions] VGC 2026 Reg M-B (Bo3)
|rule|Species Clause: Limit one of each Pok├®mon
|rule|Item Clause: Limit 1 of each item
|clearpoke
|poke|p1|Garchomp, L50, F|
|poke|p1|Floette-Eternal, L50, F|
|poke|p1|Talonflame, L50, F|
|poke|p1|Rotom-Wash, L50, shiny|
|poke|p1|Ceruledge, L50, F|
|poke|p1|Sneasler, L50, M|
|poke|p2|Torkoal, L50, F, shiny|
|poke|p2|Farigiraf, L50, F, shiny|
|poke|p2|Sylveon, L50, M, shiny|
|poke|p2|Kingambit, L50, F|
|poke|p2|Kangaskhan, L50, F|
|poke|p2|Basculegion, L50, M|
|teampreview|4
|showteam|p1|Garchomp||LifeOrb|RoughSkin|DragonClaw,Earthquake,RockSlide,Protect|Adamant||F|||50|]Floette-Eternal||Floettite|FlowerVeil|Moonblast,DazzlingGleam,LightofRuin,Protect|Modest||F|||50|]Talonflame||SharpBeak|GaleWings|Tailwind,DualWingbeat,QuickGuard,Protect|Jolly||F|||50|]Rotom-Wash||Magnet|Levitate|Thunderbolt,HydroPump,Electroweb,Protect|Modest|||||50|]Ceruledge||ColburBerry|FlashFire|Poltergeist,BitterBlade,ShadowSneak,Protect|Adamant||F|||50|]Sneasler||FocusSash|PoisonTouch|FakeOut,CloseCombat,DireClaw,Feint|Adamant||M|||50|
|showteam|p2|Torkoal||Charcoal|Drought|Eruption,HeatWave,WeatherBall,Protect|Quiet||F|||50|]Farigiraf||SitrusBerry|ArmorTail|HyperVoice,Psychic,TrickRoom,Protect|Relaxed||F|||50|]Sylveon||LifeOrb|Pixilate|HyperVoice,HyperBeam,QuickAttack,Protect|Quiet||M|||50|]Kingambit||OccaBerry|Defiant|KowtowCleave,SuckerPunch,LowKick,IronHead|Brave||F|||50|]Kangaskhan||Kangaskhanite|Scrappy|FakeOut,DoubleEdge,LowKick,SuckerPunch|Adamant||F|||50|]Basculegion||ChoiceScarf|Adaptability|WaveCrash,LastRespects,AquaJet,FlipTurn|Adamant||M|||50|
|
|t:|1783724540
|teamsize|p1|4
|teamsize|p2|4
|start
|switch|p1a: Snoobler|Sneasler, L50, M|100/100
|switch|p1b: $70 flutter|Floette-Eternal, L50, F|100/100
|switch|p2a: fishing with you|Basculegion, L50, M|100/100
|switch|p2b: Jumpsuit|Farigiraf, L50, F, shiny|100/100
|turn|1
|j| not_a_penguin81
|
|t:|1783724566
|detailschange|p1b: $70 flutter|Floette-Mega, L50, F
|-mega|p1b: $70 flutter|Floette|Floettite
|-ability|p1b: $70 flutter|Fairy Aura
|move|p1b: $70 flutter|Protect|p1b: $70 flutter
|-singleturn|p1b: $70 flutter|Protect
|move|p2a: fishing with you|Wave Crash|p1b: $70 flutter
|-activate|p1b: $70 flutter|move: Protect
|move|p1a: Snoobler|Dire Claw|p2b: Jumpsuit
|-damage|p2b: Jumpsuit|64/100
|-status|p2b: Jumpsuit|psn
|move|p2b: Jumpsuit|Trick Room|p2b: Jumpsuit
|-fieldstart|move: Trick Room|[of] p2b: Jumpsuit
|
|-damage|p2b: Jumpsuit|51/100 psn|[from] psn
|upkeep
|turn|2
|
|t:|1783724597
|switch|p2a: Space Girl|Sylveon, L50, M, shiny|100/100
|move|p2b: Jumpsuit|Psychic|p1a: Snoobler
|-supereffective|p1a: Snoobler|2
|-enditem|p1a: Snoobler|Focus Sash
|-damage|p1a: Snoobler|1/100
|move|p1b: $70 flutter|Light of Ruin|p2a: Space Girl
|-damage|p2a: Space Girl|13/100
|-damage|p1b: $70 flutter|43/100|[from] Recoil
|move|p1a: Snoobler|Close Combat|p2b: Jumpsuit
|-damage|p2b: Jumpsuit|1/100 psn
|-unboost|p1a: Snoobler|def|1
|-unboost|p1a: Snoobler|spd|1
|-enditem|p2b: Jumpsuit|Sitrus Berry|[eat]
|-heal|p2b: Jumpsuit|25/100 psn|[from] item: Sitrus Berry
|
|-damage|p2b: Jumpsuit|12/100 psn|[from] psn
|upkeep
|turn|3
|c| not_a_penguin81|w sitrus
|c|Ōśåcastoriceball|L sitrus
|
|t:|1783724630
|switch|p1a: Swords4Hands|Ceruledge, L50, F|100/100
|move|p1b: $70 flutter|Protect|p1b: $70 flutter
|-singleturn|p1b: $70 flutter|Protect
|move|p2a: Space Girl|Hyper Voice|p1a: Swords4Hands|[spread] p1a
|-activate|p1b: $70 flutter|move: Protect
|-resisted|p1a: Swords4Hands|1
|-damage|p1a: Swords4Hands|66/100
|-damage|p2a: Space Girl|3/100|[from] item: Life Orb
|move|p2b: Jumpsuit|Hyper Voice|p1b: $70 flutter|[spread] 
|-activate|p1b: $70 flutter|move: Protect
|-immune|p1a: Swords4Hands
|
|-damage|p2b: Jumpsuit|1/100 psn|[from] psn
|upkeep
|turn|4
|c|Ōśåcastoriceball|WHY DOES IT LIVE?
|c| not_a_penguin81|LMFAO
|
|t:|1783724649
|switch|p2b: fishing with you|Basculegion, L50, M|100/100
|switch|p1b: Snoobler|Sneasler, L50, M|1/100
|move|p1a: Swords4Hands|Protect|p1a: Swords4Hands
|-singleturn|p1a: Swords4Hands|Protect
|move|p2a: Space Girl|Hyper Voice|p1b: Snoobler|[spread] p1b
|-activate|p1a: Swords4Hands|move: Protect
|-damage|p1b: Snoobler|0 fnt
|faint|p1b: Snoobler
|-damage|p2a: Space Girl|0 fnt|[from] item: Life Orb
|faint|p2a: Space Girl
|
|upkeep
|
|t:|1783724665
|switch|p2a: Porcelain|Kingambit, L50, F|100/100
|switch|p1b: Laundry List|Rotom-Wash, L50, shiny|100/100
|turn|5
|
|t:|1783724680
|switch|p2a: Jumpsuit|Farigiraf, L50, F, shiny|1/100 psn
|move|p1a: Swords4Hands|Bitter Blade|p2a: Jumpsuit
|-damage|p2a: Jumpsuit|0 fnt
|-heal|p1a: Swords4Hands|67/100|[from] drain|[of] p2a: Jumpsuit
|faint|p2a: Jumpsuit
|move|p1b: Laundry List|Thunderbolt|p2b: fishing with you
|-supereffective|p2b: fishing with you|1
|-damage|p2b: fishing with you|0 fnt
|faint|p2b: fishing with you
|
|-fieldend|move: Trick Room
|upkeep
|c|ŌśåBillie Eiscue|lemme finish my ladder set
|c|Ōśåcastoriceball|LMAOOO
|c|Ōśåcastoriceball|ALR
|
|t:|1783724730
|switch|p2b: Porcelain|Kingambit, L50, F|100/100
|turn|6
|
|t:|1783724749
|move|p2b: Porcelain|Sucker Punch|p1a: Swords4Hands
|-supereffective|p1a: Swords4Hands|1
|-enditem|p1a: Swords4Hands|Colbur Berry|[eat]
|-enditem|p1a: Swords4Hands|Colbur Berry|[weaken]
|-damage|p1a: Swords4Hands|25/100
|move|p1b: Laundry List|Thunderbolt|p2b: Porcelain
|-damage|p2b: Porcelain|52/100
|move|p1a: Swords4Hands|Bitter Blade|p2b: Porcelain
|-supereffective|p2b: Porcelain|1
|-enditem|p2b: Porcelain|Occa Berry|[eat]
|-enditem|p2b: Porcelain|Occa Berry|[weaken]
|-damage|p2b: Porcelain|14/100
|-heal|p1a: Swords4Hands|46/100|[from] drain|[of] p2b: Porcelain
|
|upkeep
|turn|7
|
|t:|1783724762
|move|p1a: Swords4Hands|Shadow Sneak|p2b: Porcelain
|-resisted|p2b: Porcelain|1
|-damage|p2b: Porcelain|6/100
|move|p2b: Porcelain|Sucker Punch||[still]
|-fail|p2b: Porcelain
|move|p1b: Laundry List|Thunderbolt|p2b: Porcelain
|-damage|p2b: Porcelain|0 fnt
|faint|p2b: Porcelain
|
|win|castoriceball
