|j|☆ttvmoxiie
|j|☆Sabasvgc
|html|ttvmoxiieSabasvgc    
|uhtml|bestof|Game 2 of a best-of-3
|t:|1757793019
|gametype|doubles
|player|p1|ttvmoxiie|steven|1161
|player|p2|Sabasvgc|170|1288
|gen|9
|tier|[Gen 9] VGC 2025 Reg H (Bo3)
|rated|
|rule|Species Clause: Limit one of each Pokémon
|rule|Item Clause: Limit 1 of each item
|clearpoke
|poke|p1|Dragonite, L50, M|
|poke|p1|Gholdengo, L50|
|poke|p1|Rillaboom, L50, M|
|poke|p1|Ursaluna-Bloodmoon, L50, M|
|poke|p1|Annihilape, L50, M|
|poke|p1|Maushold-Four, L50|
|poke|p2|Dondozo, L50, F|
|poke|p2|Tatsugiri-Droopy, L50, F|
|poke|p2|Slaking, L50, F|
|poke|p2|Weezing, L50, F|
|poke|p2|Garchomp, L50, F|
|poke|p2|Kilowattrel, L50, M|
|teampreview|4
|showteam|p1|Dragonite||LoadedDice|Multiscale|Haze,Protect,Tailwind,ScaleShot|||M|||50|,,,,,Fairy]Gholdengo||LifeOrb|GoodasGold|Protect,NastyPlot,MakeItRain,ShadowBall||||||50|,,,,,Water]Rillaboom||MiracleSeed|GrassySurge|GrassyGlide,WoodHammer,FakeOut,HighHorsepower|||M|||50|,,,,,Fire]Ursaluna-Bloodmoon||AssaultVest|MindsEye|BloodMoon,HyperVoice,EarthPower,VacuumWave|||M|||50|,,,,,Water]Annihilape||SitrusBerry|Defiant|RageFist,DrainPunch,BulkUp,Protect|||M|||50|,,,,,Fire]Maushold-Four||FocusSash|FriendGuard|SuperFang,FollowMe,BeatUp,Protect||||||50|,,,,,Ghost
|showteam|p2|Dondozo||Leftovers|Unaware|Protect,OrderUp,BodyPress,RockSlide|||F|||50|,,,,,Grass]Tatsugiri-Droopy||ChoiceScarf|Commander|HelpingHand,IcyWind,MuddyWater,DracoMeteor|||F|||50|,,,,,Steel]Slaking||SitrusBerry|Truant|PlayRough,HighHorsepower,KnockOff,Protect|||F|||50|,,,,,Fairy]Weezing||RockyHelmet|NeutralizingGas|Protect,Taunt,WillOWisp,SludgeBomb|||F|||50|,,,,,Flying]Garchomp||LifeOrb|RoughSkin|Earthquake,StompingTantrum,DragonClaw,Protect|||F|||50|,,,,,Ground]Kilowattrel||FocusSash|Competitive|Discharge,Tailwind,AirSlash,Protect|||M|||50|,,,,,Ghost
|inactive|Battle timer is ON: inactive players will automatically lose when time's up. (requested by Sabasvgc)
|inactiveoff|Battle timer is now OFF.
|
|t:|1757793044
|teamsize|p1|4
|teamsize|p2|4
|start
|switch|p1a: Dragonite|Dragonite, L50, M|100/100
|switch|p1b: Ursaluna|Ursaluna-Bloodmoon, L50, M|100/100
|switch|p2a: Garchomp|Garchomp, L50, F, shiny|100/100
|switch|p2b: Kilowattrel|Kilowattrel, L50, M, shiny|100/100
|turn|1
|inactive|Battle timer is ON: inactive players will automatically lose when time's up. (requested by ttvmoxiie)
|inactive|Sabasvgc has 30 seconds left.
|inactive|Sabasvgc has 20 seconds left.
|inactive|Sabasvgc has 15 seconds left.
|inactive|Sabasvgc has 10 seconds left.
|
|t:|1757793091
|move|p2a: Garchomp|Protect|p2a: Garchomp
|-singleturn|p2a: Garchomp|Protect
|move|p2b: Kilowattrel|Tailwind|p2b: Kilowattrel
|-sidestart|p2: Sabasvgc|move: Tailwind
|move|p1a: Dragonite|Tailwind|p1a: Dragonite
|-sidestart|p1: ttvmoxiie|move: Tailwind
|move|p1b: Ursaluna|Hyper Voice|p2b: Kilowattrel|[spread] p2b
|-activate|p2a: Garchomp|move: Protect
|-damage|p2b: Kilowattrel|29/100
|
|upkeep
|turn|2
|inactive|Sabasvgc has 30 seconds left.
|
|t:|1757793125
|move|p2b: Kilowattrel|Discharge|p1a: Dragonite|[spread] p1a
|-immune|p2a: Garchomp
|-immune|p1b: Ursaluna
|-damage|p1a: Dragonite|88/100
|move|p2a: Garchomp|Dragon Claw|p1a: Dragonite
|-supereffective|p1a: Dragonite
|-damage|p1a: Dragonite|0 fnt
|faint|p1a: Dragonite
|-damage|p2a: Garchomp|91/100|[from] item: Life Orb
|move|p1b: Ursaluna|Hyper Voice|p2b: Kilowattrel|[spread] p2a,p2b
|-crit|p2b: Kilowattrel
|-damage|p2a: Garchomp|52/100
|-damage|p2b: Kilowattrel|0 fnt
|faint|p2b: Kilowattrel
|
|upkeep
|
|t:|1757793144
|switch|p2b: Weezing|Weezing, L50, F, shiny|100/100
|switch|p1a: Rillaboom|Rillaboom, L50, M|100/100
|-ability|p2b: Weezing|Neutralizing Gas
|turn|3
|inactive|Sabasvgc has 30 seconds left.
|inactive|Sabasvgc has 20 seconds left.
|inactive|Sabasvgc has 15 seconds left.
|
|t:|1757793188
|switch|p2a: Slaking|Slaking, L50, F, shiny|100/100
|-terastallize|p2b: Weezing|Flying
|move|p1a: Rillaboom|Fake Out|p2a: Slaking
|-damage|p2a: Slaking|89/100
|move|p2b: Weezing|Sludge Bomb|p1a: Rillaboom
|-supereffective|p1a: Rillaboom
|-damage|p1a: Rillaboom|36/100
|move|p1b: Ursaluna|Blood Moon|p2b: Weezing
|-damage|p2b: Weezing|29/100
|
|upkeep
|turn|4
|inactive|ttvmoxiie has 30 seconds left.
|inactive|Sabasvgc has 30 seconds left.
|inactive|ttvmoxiie has 20 seconds left.
|inactive|Sabasvgc has 20 seconds left.
|inactive|ttvmoxiie has 15 seconds left.
|inactive|Sabasvgc has 15 seconds left.
|inactive|Sabasvgc has 10 seconds left.
|
|t:|1757793237
|move|p2b: Weezing|Protect|p2b: Weezing
|-singleturn|p2b: Weezing|Protect
|move|p2a: Slaking|High Horsepower|p1a: Rillaboom
|-resisted|p1a: Rillaboom
|-damage|p1a: Rillaboom|15/100
|move|p1a: Rillaboom|Wood Hammer|p2a: Slaking
|-damage|p2a: Slaking|26/100
|-enditem|p2a: Slaking|Sitrus Berry|[eat]
|-heal|p2a: Slaking|51/100|[from] item: Sitrus Berry
|-damage|p1a: Rillaboom|0 fnt|[from] Recoil
|faint|p1a: Rillaboom
|move|p1b: Ursaluna|Hyper Voice|p2b: Weezing|[spread] p2a
|-activate|p2b: Weezing|move: Protect
|-damage|p2a: Slaking|14/100
|
|-sideend|p1: ttvmoxiie|move: Tailwind
|-sideend|p2: Sabasvgc|move: Tailwind
|upkeep
|
|t:|1757793253
|switch|p1a: Gholdengo|Gholdengo, L50|100/100
|turn|5
|inactive|Sabasvgc has 30 seconds left.
|
|t:|1757793278
|move|p1b: Ursaluna|Vacuum Wave|p2a: Slaking
|-supereffective|p2a: Slaking
|-damage|p2a: Slaking|0 fnt
|faint|p2a: Slaking
|move|p1a: Gholdengo|Nasty Plot|p1a: Gholdengo
|-boost|p1a: Gholdengo|spa|2
|move|p2b: Weezing|Will-O-Wisp|p1a: Gholdengo|[miss]
|-miss|p2b: Weezing|p1a: Gholdengo
|
|upkeep
|
|t:|1757793291
|switch|p2a: Garchomp|Garchomp, L50, F, shiny|52/100
|turn|6
|
|t:|1757793311
|-terastallize|p1a: Gholdengo|Water
|move|p2a: Garchomp|Earthquake|p1a: Gholdengo|[spread] p1a,p1b
|-immune|p2b: Weezing
|-damage|p1a: Gholdengo|49/100
|-damage|p1b: Ursaluna|65/100
|-damage|p2a: Garchomp|42/100|[from] item: Life Orb
|move|p1a: Gholdengo|Shadow Ball|p2a: Garchomp
|-damage|p2a: Garchomp|0 fnt
|faint|p2a: Garchomp
|-damage|p1a: Gholdengo|39/100|[from] item: Life Orb
|move|p2b: Weezing|Sludge Bomb|p1b: Ursaluna
|-resisted|p1b: Ursaluna
|-crit|p1b: Ursaluna
|-damage|p1b: Ursaluna|51/100
|move|p1b: Ursaluna|Hyper Voice|p2b: Weezing
|-damage|p2b: Weezing|0 fnt
|faint|p2b: Weezing
|-end|p2b: Weezing|ability: Neutralizing Gas
|
|win|ttvmoxiie
|raw|ttvmoxiie's rating: 1161 → 1195(+34 for winning)
|raw|Sabasvgc's rating: 1288 → 1254(-34 for losing)
|l|☆Sabasvgc
|player|p2|
|c|☆ttvmoxiie|ghg
