|j|☆Yinobo
|j|☆lux raymundi
|html|Yinobolux raymundi    
|uhtml|bestof|Game 1 of a best-of-3
|t:|1786119610
|gametype|doubles
|player|p1|Yinobo|lucas|1336
|player|p2|lux raymundi|265|1272
|gen|9
|tier|[Gen 9 Champions] VGC 2026 Reg M-B (Bo3)
|rated|
|rule|Species Clause: Limit one of each Pokémon
|rule|Item Clause: Limit 1 of each item
|clearpoke
|poke|p1|Charizard, L50, M, shiny|
|poke|p1|Garchomp, L50, M, shiny|
|poke|p1|Sylveon, L50, M, shiny|
|poke|p1|Incineroar, L50, M, shiny|
|poke|p1|Toxapex, L50, F, shiny|
|poke|p1|Venusaur, L50, M, shiny|
|poke|p2|Sneasler, L50, M|
|poke|p2|Blastoise, L50, M|
|poke|p2|Kingambit, L50, M|
|poke|p2|Incineroar, L50, M|
|poke|p2|Delphox, L50, F|
|poke|p2|Sinistcha, L50|
|teampreview|4
|showteam|p1|Charizard||CharizarditeY|Blaze|Protect,WeatherBall,AncientPower,HeatWave|Modest||M|||50|]Garchomp||ChoiceScarf|RoughSkin|StompingTantrum,RockSlide,Earthquake,DragonClaw|Adamant||M|||50|]Sylveon||FairyFeather|Pixilate|Detect,Yawn,QuickAttack,HyperVoice|Modest||M|||50|]Incineroar||SitrusBerry|Intimidate|FlareBlitz,PartingShot,DarkestLariat,FakeOut|Impish||M|||50|]Toxapex||Leftovers|Regenerator|BanefulBunker,WideGuard,Toxic,Infestation|Bold||F|||50|]Venusaur||LifeOrb|Chlorophyll|Protect,EarthPower,SludgeBomb,LeafStorm|Modest||M|||50|
|showteam|p2|Sneasler||FocusSash|PoisonTouch|PoisonJab,CloseCombat,FakeOut,QuickGuard|Jolly||M|||50|]Blastoise||Blastoisinite|RainDish|DarkPulse,WaterSpout,ShellSmash,Protect|Modest||M|||50|]Kingambit||BlackGlasses|Defiant|KowtowCleave,SuckerPunch,SwordsDance,Protect|Adamant||M|||50|]Incineroar||SitrusBerry|Intimidate|FlareBlitz,ThroatChop,PartingShot,FakeOut|Careful||M|||50|]Delphox||Delphoxite|Blaze|HeatWave,NastyPlot,Psychic,Protect|Timid||F|||50|]Sinistcha||KasibBerry|Hospitality|MatchaGotcha,RagePowder,TrickRoom,Protect|Bold|||||50|
|inactive|Battle timer is ON: inactive players will automatically lose when time's up. (requested by Yinobo)
|inactive|Yinobo has 60 seconds left.
|inactive|Yinobo has 30 seconds left.
|inactive|Yinobo has 20 seconds left.
|inactive|Yinobo has 15 seconds left.
|
|t:|1786119686
|teamsize|p1|4
|teamsize|p2|4
|start
|switch|p1a: Garchomp|Garchomp, L50, M, shiny|100/100
|switch|p1b: Charizard|Charizard, L50, M, shiny|100/100
|switch|p2a: Sneasler|Sneasler, L50, M|100/100
|switch|p2b: Delphox|Delphox, L50, F|100/100
|turn|1
|inactive|Yinobo has 30 seconds left.
|inactive|Yinobo has 20 seconds left.
|inactive|Yinobo has 15 seconds left.
|inactive|Yinobo has 10 seconds left.
|
|t:|1786119733
|detailschange|p2b: Delphox|Delphox-Mega, L50, F
|-mega|p2b: Delphox|Delphox|Delphoxite
|detailschange|p1b: Charizard|Charizard-Mega-Y, L50, M, shiny
|-mega|p1b: Charizard|Charizard|Charizardite Y
|-weather|SunnyDay|[from] ability: Drought|[of] p1b: Charizard
|move|p2a: Sneasler|Fake Out|p1a: Garchomp
|-damage|p1a: Garchomp|86/100
|-damage|p2a: Sneasler|87/100|[from] ability: Rough Skin|[of] p1a: Garchomp
|cant|p1a: Garchomp|flinch
|move|p2b: Delphox|Nasty Plot|p2b: Delphox
|-boost|p2b: Delphox|spa|2
|move|p1b: Charizard|Heat Wave|p2a: Sneasler|[spread] p2a,p2b
|-resisted|p2b: Delphox|1
|-damage|p2a: Sneasler|0 fnt
|-damage|p2b: Delphox|70/100
|faint|p2a: Sneasler
|
|-weather|SunnyDay|[upkeep]
|upkeep
|
|t:|1786119749
|switch|p2a: Incineroar|Incineroar, L50, M|100/100
|-ability|p2a: Incineroar|Intimidate|boost
|-unboost|p1a: Garchomp|atk|1
|-unboost|p1b: Charizard|atk|1
|turn|2
|
|t:|1786119764
|move|p2a: Incineroar|Fake Out|p1a: Garchomp
|-damage|p1a: Garchomp|76/100
|-damage|p2a: Incineroar|87/100|[from] ability: Rough Skin|[of] p1a: Garchomp
|cant|p1a: Garchomp|flinch
|move|p2b: Delphox|Psychic|p1a: Garchomp
|-damage|p1a: Garchomp|0 fnt
|faint|p1a: Garchomp
|move|p1b: Charizard|Ancient Power|p2b: Delphox
|-supereffective|p2b: Delphox|1
|-damage|p2b: Delphox|19/100
|
|-weather|SunnyDay|[upkeep]
|upkeep
|
|t:|1786119782
|switch|p1a: Incineroar|Incineroar, L50, M, shiny|100/100
|-ability|p1a: Incineroar|Intimidate|boost
|-unboost|p2a: Incineroar|atk|1
|-unboost|p2b: Delphox|atk|1
|turn|3
|
|t:|1786119792
|switch|p2a: Sinistcha|Sinistcha, L50|100/100
|-heal|p2b: Delphox|44/100|[from] ability: Hospitality|[of] p2a: Sinistcha
|move|p2b: Delphox|Protect|p2b: Delphox
|-singleturn|p2b: Delphox|Protect
|move|p1b: Charizard|Ancient Power|p2a: Sinistcha
|-damage|p2a: Sinistcha|77/100
|-boost|p1b: Charizard|atk|1
|-boost|p1b: Charizard|def|1
|-boost|p1b: Charizard|spa|1
|-boost|p1b: Charizard|spd|1
|-boost|p1b: Charizard|spe|1
|move|p1a: Incineroar|Flare Blitz|p2a: Sinistcha
|-supereffective|p2a: Sinistcha|1
|-damage|p2a: Sinistcha|0 fnt
|faint|p2a: Sinistcha
|-damage|p1a: Incineroar|77/100|[from] Recoil
|
|-weather|SunnyDay|[upkeep]
|upkeep
|
|t:|1786119808
|switch|p2a: Incineroar|Incineroar, L50, M|87/100
|-ability|p2a: Incineroar|Intimidate|boost
|-unboost|p1a: Incineroar|atk|1
|-unboost|p1b: Charizard|atk|1
|turn|4
|
|t:|1786119824
|move|p1b: Charizard|Protect|p1b: Charizard
|-singleturn|p1b: Charizard|Protect
|move|p2a: Incineroar|Fake Out|p1a: Incineroar
|-damage|p1a: Incineroar|68/100
|move|p2b: Delphox|Psychic|p1b: Charizard
|-activate|p1b: Charizard|move: Protect
|cant|p1a: Incineroar|flinch
|
|-weather|SunnyDay|[upkeep]
|upkeep
|turn|5
|inactive|Yinobo has 30 seconds left.
|
|t:|1786119858
|move|p2b: Delphox|Protect|p2b: Delphox
|-singleturn|p2b: Delphox|Protect
|move|p1b: Charizard|Ancient Power|p2a: Incineroar
|-supereffective|p2a: Incineroar|1
|-damage|p2a: Incineroar|32/100
|-enditem|p2a: Incineroar|Sitrus Berry|[eat]
|-heal|p2a: Incineroar|56/100|[from] item: Sitrus Berry
|move|p2a: Incineroar|Throat Chop|p1b: Charizard
|-damage|p1b: Charizard|74/100
|-start|p1b: Charizard|Throat Chop|[silent]
|move|p1a: Incineroar|Flare Blitz|p2a: Incineroar
|-resisted|p2a: Incineroar|1
|-damage|p2a: Incineroar|35/100
|-damage|p1a: Incineroar|61/100|[from] Recoil
|
|-weather|none
|upkeep
|turn|6
|
|t:|1786119877
|move|p1b: Charizard|Ancient Power|p2b: Delphox
|-supereffective|p2b: Delphox|1
|-damage|p2b: Delphox|0 fnt
|faint|p2b: Delphox
|move|p2a: Incineroar|Throat Chop|p1a: Incineroar
|-resisted|p1a: Incineroar|1
|-damage|p1a: Incineroar|48/100
|-start|p1a: Incineroar|Throat Chop|[silent]
|-enditem|p1a: Incineroar|Sitrus Berry|[eat]
|-heal|p1a: Incineroar|73/100|[from] item: Sitrus Berry
|move|p1a: Incineroar|Darkest Lariat|p2a: Incineroar
|-resisted|p2a: Incineroar|1
|-damage|p2a: Incineroar|25/100
|
|-end|p1b: Charizard|Throat Chop|[silent]
|upkeep
|turn|7
|-message|lux raymundi forfeited.
|
|win|Yinobo
||lux raymundi is ready for game 2.
||Yinobo is ready for game 2.
|uhtml|next|Next: Game 2 of 3
