|j|☆CTM_Charion
|j|☆denaby
|html|CTM_Chariondenaby    
|uhtml|bestof|Game 3 of a best-of-3
|t:|1782665295
|gametype|doubles
|player|p1|CTM_Charion|chase|
|player|p2|denaby|sage|
|gen|9
|tier|[Gen 9 Champions] VGC 2026 Reg M-B (Bo3)
|rule|Species Clause: Limit one of each Pokémon
|rule|Item Clause: Limit 1 of each item
|clearpoke
|poke|p1|Delphox, L50, M|
|poke|p1|Staraptor, L50, M|
|poke|p1|Clefable, L50, F|
|poke|p1|Sinistcha-Masterpiece, L50|
|poke|p1|Basculegion, L50, M|
|poke|p1|Kingambit, L50, F|
|poke|p2|Charizard, L50, F|
|poke|p2|Whimsicott, L50, M|
|poke|p2|Metagross, L50|
|poke|p2|Garchomp, L50, F|
|poke|p2|Kingambit, L50, M|
|poke|p2|Sylveon, L50, F|
|teampreview|4
|showteam|p1|Delphox||Delphoxite|Blaze|HeatWave,Psychic,NastyPlot,Protect|Timid||M|||50|]Staraptor||Staraptite|Intimidate|CloseCombat,BraveBird,Roost,Protect|Jolly||M|||50|]Clefable||SitrusBerry|Unaware|Moonblast,FollowMe,Protect,HelpingHand|Bold||F|||50|]Sinistcha-Masterpiece||ColburBerry|Hospitality|MatchaGotcha,RagePowder,LifeDew,Protect|Bold|||||50|]Basculegion||ChoiceScarf|Adaptability|WaveCrash,AquaJet,LastRespects,PsychicFangs|Adamant||M|||50|]Kingambit||FocusSash|Defiant|IronHead,KowtowCleave,SuckerPunch,Protect|Adamant||F|||50|
|showteam|p2|Charizard||CharizarditeY|Blaze|WeatherBall,HeatWave,SolarBeam,Protect|Modest||F|||50|]Whimsicott||FocusSash|Prankster|Moonblast,Tailwind,Encore,Protect|Timid||M|||50|]Metagross||Metagrossite|ClearBody|IronHead,PsychicFangs,BodyPress,Protect|Jolly|||||50|]Garchomp||LifeOrb|RoughSkin|DragonClaw,StompingTantrum,RockTomb,Protect|Jolly||F|||50|]Kingambit||BlackGlasses|Defiant|SuckerPunch,KowtowCleave,IronHead,Protect|Adamant||M|||50|]Sylveon||FairyFeather|Pixilate|QuickAttack,HyperBeam,HyperVoice,Detect|Modest||F|||50|
|inactive|Battle timer is ON: inactive players will automatically lose when time's up. (requested by CTM_Charion)
|inactive|denaby has 60 seconds left.
|
|t:|1782665369
|teamsize|p1|4
|teamsize|p2|4
|start
|switch|p1a: Delphox|Delphox, L50, M|100/100
|switch|p1b: Clefable|Clefable, L50, F|100/100
|switch|p2a: Sylveon|Sylveon, L50, F|100/100
|switch|p2b: Charizard|Charizard, L50, F|100/100
|turn|1
|inactive|CTM_Charion has 30 seconds left.
|inactive|denaby has 30 seconds left.
|
|t:|1782665412
|detailschange|p1a: Delphox|Delphox-Mega, L50, M
|-mega|p1a: Delphox|Delphox|Delphoxite
|detailschange|p2b: Charizard|Charizard-Mega-Y, L50, F
|-mega|p2b: Charizard|Charizard|Charizardite Y
|-weather|SunnyDay|[from] ability: Drought|[of] p2b: Charizard
|move|p1a: Delphox|Nasty Plot|p1a: Delphox
|-boost|p1a: Delphox|spa|2
|move|p2b: Charizard|Heat Wave|p1b: Clefable|[spread] p1a,p1b
|-resisted|p1a: Delphox|1
|-damage|p1a: Delphox|71/100
|-damage|p1b: Clefable|43/100
|-enditem|p1b: Clefable|Sitrus Berry|[eat]
|-heal|p1b: Clefable|68/100|[from] item: Sitrus Berry
|move|p2a: Sylveon|Hyper Voice|p1b: Clefable|[spread] p1a,p1b
|-resisted|p1a: Delphox|1
|-damage|p1a: Delphox|50/100y
|-damage|p1b: Clefable|26/100
|move|p1b: Clefable|Moonblast|p2a: Sylveon
|-damage|p2a: Sylveon|72/100
|
|-weather|SunnyDay|[upkeep]
|upkeep
|turn|2
|inactive|CTM_Charion has 30 seconds left.
|inactive|denaby has 30 seconds left.
|
|t:|1782665442
|switch|p1b: Sinistcha|Sinistcha-Masterpiece, L50|100/100
|-heal|p1a: Delphox|74/100|[from] ability: Hospitality|[of] p1b: Sinistcha
|move|p1a: Delphox|Protect|p1a: Delphox
|-singleturn|p1a: Delphox|Protect
|move|p2a: Sylveon|Detect|p2a: Sylveon
|-singleturn|p2a: Sylveon|Protect
|move|p2b: Charizard|Heat Wave|p1b: Sinistcha|[spread] p1b
|-activate|p1a: Delphox|move: Protect
|-supereffective|p1b: Sinistcha|1
|-damage|p1b: Sinistcha|0 fnt
|faint|p1b: Sinistcha
|
|-weather|SunnyDay|[upkeep]
|upkeep
|
|t:|1782665453
|switch|p1b: Clefable|Clefable, L50, F|26/100
|turn|3
|
|t:|1782665468
|switch|p2a: Garchomp|Garchomp, L50, F|100/100
|move|p1a: Delphox|Heat Wave|p2a: Garchomp|[spread] p2a,p2b
|-resisted|p2a: Garchomp|1
|-resisted|p2b: Charizard|1
|-damage|p2a: Garchomp|32/100
|-damage|p2b: Charizard|49/100
|move|p2b: Charizard|Heat Wave|p1b: Clefable|[spread] p1a,p1b
|-resisted|p1a: Delphox|1
|-damage|p1a: Delphox|50/100y
|-damage|p1b: Clefable|0 fnt
|faint|p1b: Clefable
|
|-weather|SunnyDay|[upkeep]
|upkeep
|
|t:|1782665475
|switch|p1b: Kingambit|Kingambit, L50, F|100/100
|turn|4
|
|t:|1782665494
|move|p2a: Garchomp|Protect|p2a: Garchomp
|-singleturn|p2a: Garchomp|Protect
|move|p2b: Charizard|Protect|p2b: Charizard
|-singleturn|p2b: Charizard|Protect
|move|p1b: Kingambit|Sucker Punch||[still]
|-fail|p1b: Kingambit
|move|p1a: Delphox|Heat Wave|p2a: Garchomp|[spread] 
|-activate|p2a: Garchomp|move: Protect
|-activate|p2b: Charizard|move: Protect
|
|-weather|SunnyDay|[upkeep]
|upkeep
|turn|5
|
|t:|1782665515
|move|p1b: Kingambit|Sucker Punch|p2b: Charizard
|-damage|p2b: Charizard|5/100
|move|p1a: Delphox|Heat Wave|p2b: Charizard|[spread] p2a,p2b
|-resisted|p2a: Garchomp|1
|-resisted|p2b: Charizard|1
|-damage|p2a: Garchomp|0 fnt
|-damage|p2b: Charizard|0 fnt
|faint|p2a: Garchomp
|faint|p2b: Charizard
|
|-weather|none
|upkeep
|
|t:|1782665523
|switch|p2a: Kingambit|Kingambit, L50, M|100/100
|switch|p2b: Sylveon|Sylveon, L50, F|72/100
|turn|6
|
|t:|1782665546
|move|p1a: Delphox|Protect|p1a: Delphox
|-singleturn|p1a: Delphox|Protect
|move|p2a: Kingambit|Protect|p2a: Kingambit
|-singleturn|p2a: Kingambit|Protect
|move|p1b: Kingambit|Iron Head|p2b: Sylveon
|-supereffective|p2b: Sylveon|1
|-damage|p2b: Sylveon|0 fnt
|faint|p2b: Sylveon
|
|upkeep
|turn|7
|c|☆denaby|gg
|
|t:|1782665568
|move|p2a: Kingambit|Sucker Punch||[still]
|-fail|p2a: Kingambit
|move|p1a: Delphox|Nasty Plot|p1a: Delphox
|-boost|p1a: Delphox|spa|2
|move|p1b: Kingambit|Iron Head|p2a: Kingambit
|-resisted|p2a: Kingambit|1
|-damage|p2a: Kingambit|82/100
|
|upkeep
|turn|8
|
|t:|1782665579
|move|p1a: Delphox|Protect|p1a: Delphox
|-singleturn|p1a: Delphox|Protect
|move|p2a: Kingambit|Sucker Punch||[still]
|-fail|p2a: Kingambit
|move|p1b: Kingambit|Iron Head|p2a: Kingambit
|-resisted|p2a: Kingambit|1
|-crit|p2a: Kingambit
|-damage|p2a: Kingambit|58/100
|
|upkeep
|turn|9
|
|t:|1782665596
|move|p2a: Kingambit|Sucker Punch|p1a: Delphox
|-supereffective|p1a: Delphox|1
|-damage|p1a: Delphox|0 fnt
|faint|p1a: Delphox
|move|p1b: Kingambit|Iron Head|p2a: Kingambit
|-resisted|p2a: Kingambit|1
|-damage|p2a: Kingambit|42/100
|
|upkeep
|turn|10
|
|t:|1782665605
|move|p1b: Kingambit|Iron Head|p2a: Kingambit
|-resisted|p2a: Kingambit|1
|-damage|p2a: Kingambit|26/100
|move|p2a: Kingambit|Kowtow Cleave|p1b: Kingambit
|-resisted|p1b: Kingambit|1
|-damage|p1b: Kingambit|72/100
|
|upkeep
|turn|11
|
|t:|1782665612
|move|p1b: Kingambit|Iron Head|p2a: Kingambit
|-resisted|p2a: Kingambit|1
|-damage|p2a: Kingambit|8/100
|move|p2a: Kingambit|Kowtow Cleave|p1b: Kingambit
|-resisted|p1b: Kingambit|1
|-damage|p1b: Kingambit|47/100
|
|upkeep
|turn|12
|
|t:|1782665619
|move|p2a: Kingambit|Sucker Punch|p1b: Kingambit
|-resisted|p1b: Kingambit|1
|-damage|p1b: Kingambit|25/100
|move|p1b: Kingambit|Iron Head|p2a: Kingambit
|-resisted|p2a: Kingambit|1
|-damage|p2a: Kingambit|0 fnt
|faint|p2a: Kingambit
|
|win|CTM_Charion
|c|☆CTM_Charion|Gggs
|c|☆CTM_Charion|muy bien jugado
|c|☆denaby|gg
