|j|☆hackervgc
|j|☆Olciax34
|html|hackervgcOlciax34    
|uhtml|bestof|Game 1 of a best-of-3
|t:|1784289247
|gametype|doubles
|player|p1|hackervgc|ingo|1274
|player|p2|Olciax34|clair|1237
|gen|9
|tier|[Gen 9 Champions] VGC 2026 Reg M-B (Bo3)
|rated|
|rule|Species Clause: Limit one of each Pokémon
|rule|Item Clause: Limit 1 of each item
|clearpoke
|poke|p1|Farigiraf, L50, F|
|poke|p1|Gholdengo, L50|
|poke|p1|Primarina, L50, F|
|poke|p1|Blaziken, L50, F|
|poke|p1|Whimsicott, L50, F|
|poke|p1|Scovillain, L50, M|
|poke|p2|Garchomp, L50, F|
|poke|p2|Whimsicott, L50, F|
|poke|p2|Aegislash, L50, F|
|poke|p2|Incineroar, L50, M|
|poke|p2|Charizard, L50, F|
|poke|p2|Floette-Eternal, L50, F|
|teampreview|4
|showteam|p1|Farigiraf||SitrusBerry|ArmorTail|TwinBeam,TrickRoom,HelpingHand,Protect|Bold||F|||50|]Gholdengo||MetalCoat|GoodasGold|MakeItRain,ShadowBall,NastyPlot,Protect|Modest|||||50|]Primarina||LifeOrb|LiquidVoice|HyperVoice,Moonblast,Protect,ShadowBall|Modest||F|||50|]Blaziken||Blazikenite|SpeedBoost|CloseCombat,FlareBlitz,RockSlide,Protect|Adamant||F|||50|]Whimsicott||FocusSash|Prankster|Moonblast,Tailwind,Encore,Protect|Timid||F|||50|]Scovillain||Scovillainite|Chlorophyll|Overheat,RagePowder,GigaDrain,Protect|Bold||M|||50|
|showteam|p2|Garchomp||LifeOrb|RoughSkin|RockSlide,Earthquake,DragonClaw,Protect|Jolly||F|||50|]Whimsicott||FocusSash|Prankster|Moonblast,Tailwind,Encore,Protect|Timid||F|||50|]Aegislash||SpellTag|StanceChange|Poltergeist,IronHead,WideGuard,KingsShield|Adamant||F|||50|]Incineroar||SitrusBerry|Intimidate|FakeOut,ThroatChop,FlareBlitz,PartingShot|Careful||M|||50|]Charizard||CharizarditeY|SolarPower|HeatWave,WeatherBall,SolarBeam,Protect|Modest||F|||50|]Floette-Eternal||Floettite|FlowerVeil|Moonblast,DrainingKiss,CalmMind,Protect|Modest||F|||50|
|inactive|Battle timer is ON: inactive players will automatically lose when time's up. (requested by Olciax34)
|inactive|hackervgc has 60 seconds left.
|
|t:|1784289287
|teamsize|p1|4
|teamsize|p2|4
|start
|switch|p1a: Farigiraf|Farigiraf, L50, F|100/100
|switch|p1b: Gholdengo|Gholdengo, L50|100/100
|switch|p2a: Aegislash|Aegislash, L50, F|100/100
|switch|p2b: Floette|Floette-Eternal, L50, F|100/100
|turn|1
|inactive|hackervgc has 30 seconds left.
|
|t:|1784289315
|switch|p2b: Incineroar|Incineroar, L50, M|100/100
|-ability|p2b: Incineroar|Intimidate|boost
|-unboost|p1a: Farigiraf|atk|1
|-unboost|p1b: Gholdengo|atk|1
|move|p1b: Gholdengo|Make It Rain|p2b: Incineroar|[spread] p2a,p2b
|-resisted|p2a: Aegislash|1
|-resisted|p2b: Incineroar|1
|-damage|p2a: Aegislash|81/100
|-damage|p2b: Incineroar|77/100
|-unboost|p1b: Gholdengo|spa|2
|-formechange|p2a: Aegislash|Aegislash-Blade|
|move|p2a: Aegislash|Poltergeist|p1b: Gholdengo|[miss]
|-miss|p2a: Aegislash|p1b: Gholdengo
|move|p1a: Farigiraf|Trick Room|p1a: Farigiraf
|-fieldstart|move: Trick Room|[of] p1a: Farigiraf
|
|upkeep
|turn|2
|
|t:|1784289334
|move|p1a: Farigiraf|Protect|p1a: Farigiraf
|-singleturn|p1a: Farigiraf|Protect
|move|p2a: Aegislash|Poltergeist|p1b: Gholdengo
|-activate|p1b: Gholdengo|move: Poltergeist|Metal Coat
|-supereffective|p1b: Gholdengo|1
|-damage|p1b: Gholdengo|0 fnt
|faint|p1b: Gholdengo
|move|p2b: Incineroar|Parting Shot|p1a: Farigiraf
|-activate|p1a: Farigiraf|move: Protect
|
|upkeep
|
|t:|1784289338
|switch|p1b: Primarina|Primarina, L50, F|100/100
|turn|3
|inactive|Olciax34 has 30 seconds left.
|inactive|Olciax34 has 20 seconds left.
|
|t:|1784289375
|move|p1a: Farigiraf|Helping Hand|p1b: Primarina
|-singleturn|p1b: Primarina|Helping Hand|[of] p1a: Farigiraf
|move|p2a: Aegislash|Wide Guard|p2a: Aegislash
|-singleturn|p2a: Aegislash|Wide Guard
|move|p2b: Incineroar|Parting Shot|p1b: Primarina
|-unboost|p1b: Primarina|atk|1
|-unboost|p1b: Primarina|spa|1
|
|t:|1784289392
|switch|p2b: Floette|Floette-Eternal, L50, F|100/100|[from] Parting Shot
|move|p1b: Primarina|Shadow Ball|p2a: Aegislash
|-supereffective|p2a: Aegislash|1
|-crit|p2a: Aegislash
|-damage|p2a: Aegislash|0 fnt
|faint|p2a: Aegislash
|-damage|p1b: Primarina|90/100|[from] item: Life Orb
|
|upkeep
|
|t:|1784289402
|switch|p2a: Incineroar|Incineroar, L50, M|77/100
|-ability|p2a: Incineroar|Intimidate|boost
|-unboost|p1a: Farigiraf|atk|1
|-unboost|p1b: Primarina|atk|1
|turn|4
|
|t:|1784289418
|detailschange|p2b: Floette|Floette-Mega, L50, F
|-mega|p2b: Floette|Floette|Floettite
|-ability|p2b: Floette|Fairy Aura
|move|p1a: Farigiraf|Helping Hand|p1b: Primarina
|-singleturn|p1b: Primarina|Helping Hand|[of] p1a: Farigiraf
|move|p2a: Incineroar|Parting Shot|p1b: Primarina
|-unboost|p1b: Primarina|atk|1
|-unboost|p1b: Primarina|spa|1
|
|t:|1784289425
|switch|p2a: Garchomp|Garchomp, L50, F|100/100|[from] Parting Shot
|move|p1b: Primarina|Moonblast|p2b: Floette
|-damage|p2b: Floette|47/100
|-damage|p1b: Primarina|80/100|[from] item: Life Orb
|move|p2b: Floette|Calm Mind|p2b: Floette
|-boost|p2b: Floette|spa|1
|-boost|p2b: Floette|spd|1
|
|upkeep
|turn|5
|
|t:|1784289438
|move|p1a: Farigiraf|Helping Hand|p1b: Primarina
|-singleturn|p1b: Primarina|Helping Hand|[of] p1a: Farigiraf
|move|p2b: Floette|Protect|p2b: Floette
|-singleturn|p2b: Floette|Protect
|move|p2a: Garchomp|Protect|p2a: Garchomp
|-singleturn|p2a: Garchomp|Protect
|move|p1b: Primarina|Moonblast|p2b: Floette
|-activate|p2b: Floette|move: Protect
|
|-fieldend|move: Trick Room
|upkeep
|turn|6
|inactive|hackervgc has 30 seconds left.
|inactive|Olciax34 has 30 seconds left.
|inactive|hackervgc has 20 seconds left.
|inactive|hackervgc has 15 seconds left.
|inactive|hackervgc has 10 seconds left.
|inactive|hackervgc has 5 seconds left.
|
|t:|1784289488
|move|p2a: Garchomp|Rock Slide|p1a: Farigiraf|[spread] p1a,p1b
|-damage|p1a: Farigiraf|78/100
|-damage|p1b: Primarina|52/100
|-damage|p2a: Garchomp|90/100|[from] item: Life Orb
|move|p2b: Floette|Draining Kiss|p1a: Farigiraf
|-damage|p1a: Farigiraf|25/100
|-heal|p2b: Floette|100/100|[from] drain|[of] p1a: Farigiraf
|-enditem|p1a: Farigiraf|Sitrus Berry|[eat]
|-heal|p1a: Farigiraf|50/100g|[from] item: Sitrus Berry
|move|p1b: Primarina|Moonblast|p2a: Garchomp
|-supereffective|p2a: Garchomp|1
|-damage|p2a: Garchomp|0 fnt
|faint|p2a: Garchomp
|-damage|p1b: Primarina|42/100|[from] item: Life Orb
|cant|p1a: Farigiraf|flinch
|
|upkeep
|
|t:|1784289503
|switch|p2a: Incineroar|Incineroar, L50, M|77/100
|-ability|p2a: Incineroar|Intimidate|boost
|-unboost|p1a: Farigiraf|atk|1
|-unboost|p1b: Primarina|atk|1
|turn|7
|
|t:|1784289521
|switch|p1a: Blaziken|Blaziken, L50, F|100/100
|move|p1b: Primarina|Protect|p1b: Primarina
|-singleturn|p1b: Primarina|Protect
|move|p2b: Floette|Moonblast|p1b: Primarina
|-activate|p1b: Primarina|move: Protect
|move|p2a: Incineroar|Throat Chop|p1a: Blaziken
|-resisted|p1a: Blaziken|1
|-damage|p1a: Blaziken|75/100
|-start|p1a: Blaziken|Throat Chop|[silent]
|
|upkeep
|turn|8
|
|t:|1784289543
|move|p1a: Blaziken|Protect|p1a: Blaziken
|-singleturn|p1a: Blaziken|Protect
|move|p2b: Floette|Draining Kiss|p1a: Blaziken
|-activate|p1a: Blaziken|move: Protect
|move|p1b: Primarina|Hyper Voice|p2a: Incineroar|[spread] p2a,p2b
|-supereffective|p2a: Incineroar|1
|-damage|p2a: Incineroar|41/100
|-damage|p2b: Floette|88/100
|-enditem|p2a: Incineroar|Sitrus Berry|[eat]
|-heal|p2a: Incineroar|66/100|[from] item: Sitrus Berry
|-damage|p1b: Primarina|33/100|[from] item: Life Orb
|move|p2a: Incineroar|Parting Shot|p1a: Blaziken
|-activate|p1a: Blaziken|move: Protect
|
|-end|p1a: Blaziken|Throat Chop|[silent]
|-ability|p1a: Blaziken|Speed Boost|boost
|-boost|p1a: Blaziken|spe|1
|upkeep
|turn|9
|inactive|hackervgc has 30 seconds left.
|
|t:|1784289570
|detailschange|p1a: Blaziken|Blaziken-Mega, L50, F
|-mega|p1a: Blaziken|Blaziken|Blazikenite
|move|p1a: Blaziken|Flare Blitz|p2b: Floette
|-damage|p2b: Floette|6/100
|-damage|p1a: Blaziken|48/100|[from] Recoil
|move|p2b: Floette|Draining Kiss|p1a: Blaziken
|-damage|p1a: Blaziken|0 fnt
|-heal|p2b: Floette|42/100|[from] drain|[of] p1a: Blaziken
|faint|p1a: Blaziken
|move|p1b: Primarina|Hyper Voice|p2a: Incineroar|[spread] p2a,p2b
|-supereffective|p2a: Incineroar|1
|-damage|p2a: Incineroar|23/100
|-damage|p2b: Floette|29/100
|-damage|p1b: Primarina|23/100|[from] item: Life Orb
|move|p2a: Incineroar|Throat Chop|p1b: Primarina
|-resisted|p1b: Primarina|1
|-damage|p1b: Primarina|4/100
|-start|p1b: Primarina|Throat Chop|[silent]
|
|upkeep
|
|t:|1784289576
|switch|p1a: Farigiraf|Farigiraf, L50, F|50/100g
|turn|10
|inactive|hackervgc has 30 seconds left.
|
|t:|1784289605
|move|p1b: Primarina|Protect|p1b: Primarina
|-singleturn|p1b: Primarina|Protect
|move|p2b: Floette|Draining Kiss|p1a: Farigiraf
|-damage|p1a: Farigiraf|0 fnt
|-heal|p2b: Floette|83/100|[from] drain|[of] p1a: Farigiraf
|faint|p1a: Farigiraf
|move|p2a: Incineroar|Throat Chop|p1b: Primarina
|-activate|p1b: Primarina|move: Protect
|
|-end|p1b: Primarina|Throat Chop|[silent]
|upkeep
|turn|11
|
|t:|1784289618
|move|p2b: Floette|Draining Kiss|p1b: Primarina
|-damage|p1b: Primarina|0 fnt
|-heal|p2b: Floette|87/100|[from] drain|[of] p1b: Primarina
|faint|p1b: Primarina
|
|win|Olciax34
||Olciax34 is ready for game 2.
||hackervgc is ready for game 2.
|uhtml|next|Next: Game 2 of 3
|l|☆hackervgc
|player|p1|
