|j|☆SZJE
|j|☆daemian_x
|html|SZJEdaemian_x    
|uhtml|bestof|Game 1 of a best-of-3
|t:|1785370663
|gametype|doubles
|player|p1|SZJE|101|1052
|player|p2|daemian_x|blue|1185
|gen|9
|tier|[Gen 9 Champions] VGC 2026 Reg M-B (Bo3)
|rated|
|rule|Species Clause: Limit one of each Pokémon
|rule|Item Clause: Limit 1 of each item
|clearpoke
|poke|p1|Gengar, L50, M|
|poke|p1|Incineroar, L50, M|
|poke|p1|Politoed, L50, F|
|poke|p1|Kingambit, L50, F|
|poke|p1|Kommo-o, L50, F|
|poke|p1|Farigiraf, L50, F|
|poke|p2|Tyranitar, L50, M|
|poke|p2|Excadrill, L50, M|
|poke|p2|Gholdengo, L50|
|poke|p2|Milotic, L50, M|
|poke|p2|Sinistcha, L50|
|poke|p2|Staraptor, L50, F|
|teampreview|4
|showteam|p1|Gengar||Gengarite|CursedBody|SludgeBomb,PerishSong,Disable,Protect|Timid||M|||50|]Incineroar||SitrusBerry|Intimidate|FakeOut,Protect,FlareBlitz,PartingShot|Careful||M|||50|]Politoed||Leftovers|Drizzle|MuddyWater,PerishSong,Encore,Protect|Calm||F|||50|]Kingambit||ChopleBerry|Defiant|Protect,SuckerPunch,KowtowCleave,LowKick|Adamant||F|||50|]Kommo-o||DragonFang|Soundproof|ClangingScales,ClangorousSoul,AuraSphere,Protect|Modest||F|||50|]Farigiraf||ColburBerry|ArmorTail|HyperVoice,Psychic,Protect,TrickRoom|Modest||F|||50|
|showteam|p2|Tyranitar||Tyranitarite|SandStream|RockSlide,KnockOff,LowKick,Protect|Adamant||M|||50|]Excadrill||FocusSash|SandRush|RockSlide,IronHead,Protect,Earthquake|Adamant||M|||50|]Gholdengo||LifeOrb|GoodasGold|MakeItRain,ShadowBall,NastyPlot,Protect|Modest|||||50|]Milotic||SitrusBerry|Competitive|Scald,IceBeam,Recover,Protect|Modest||M|||50|]Sinistcha||ColburBerry|Hospitality|MatchaGotcha,RagePowder,StrengthSap,Protect|Bold|||||50|]Staraptor||Staraptite|Intimidate|CloseCombat,BraveBird,Tailwind,Protect|Jolly||F|||50|
|
|t:|1785370706
|teamsize|p1|4
|teamsize|p2|4
|start
|switch|p1a: Incineroar|Incineroar, L50, M|100/100
|switch|p1b: Kommo-o|Kommo-o, L50, F|100/100
|switch|p2a: Gholdengo|Gholdengo, L50|100/100
|switch|p2b: Sinistcha|Sinistcha, L50|100/100
|-ability|p1a: Incineroar|Intimidate|boost
|-unboost|p2a: Gholdengo|atk|1
|-unboost|p2b: Sinistcha|atk|1
|turn|1
|
|t:|1785370748
|move|p1b: Kommo-o|Protect|p1b: Kommo-o
|-singleturn|p1b: Kommo-o|Protect
|move|p2b: Sinistcha|Rage Powder|p2b: Sinistcha
|-singleturn|p2b: Sinistcha|move: Rage Powder
|move|p2a: Gholdengo|Shadow Ball|p1b: Kommo-o
|-activate|p1b: Kommo-o|move: Protect
|move|p1a: Incineroar|Flare Blitz|p2b: Sinistcha
|-supereffective|p2b: Sinistcha|1
|-damage|p2b: Sinistcha|25/100
|-damage|p1a: Incineroar|78/100|[from] Recoil
|
|upkeep
|turn|2
|
|t:|1785370769
|switch|p1b: Farigiraf|Farigiraf, L50, F|100/100
|switch|p2b: Milotic|Milotic, L50, M|100/100
|move|p2a: Gholdengo|Make It Rain|p1b: Farigiraf|[spread] p1b
|-miss|p2a: Gholdengo|p1a: Incineroar
|-damage|p1b: Farigiraf|34/100
|-unboost|p2a: Gholdengo|spa|2
|-damage|p2a: Gholdengo|90/100|[from] item: Life Orb
|move|p1a: Incineroar|Flare Blitz|p2a: Gholdengo
|-supereffective|p2a: Gholdengo|1
|-damage|p2a: Gholdengo|0 fnt
|faint|p2a: Gholdengo
|-damage|p1a: Incineroar|51/100|[from] Recoil
|
|upkeep
|
|t:|1785370785
|switch|p2a: Excadrill|Excadrill, L50, M|100/100
|turn|3
|
|t:|1785370797
|move|p2b: Milotic|Protect|p2b: Milotic
|-singleturn|p2b: Milotic|Protect
|move|p1a: Incineroar|Protect|p1a: Incineroar
|-singleturn|p1a: Incineroar|Protect
|move|p2a: Excadrill|Earthquake|p1a: Incineroar|[spread] p1b
|-activate|p2b: Milotic|move: Protect
|-activate|p1a: Incineroar|move: Protect
|-damage|p1b: Farigiraf|0 fnt
|faint|p1b: Farigiraf
|
|upkeep
|
|t:|1785370811
|switch|p1b: Kommo-o|Kommo-o, L50, F|100/100
|turn|4
|
|t:|1785370835
|move|p2a: Excadrill|Earthquake|p1b: Kommo-o|[spread] p2b,p1a,p1b
|-supereffective|p1a: Incineroar|1
|-damage|p2b: Milotic|54/100
|-damage|p1a: Incineroar|0 fnt
|-damage|p1b: Kommo-o|54/100
|faint|p1a: Incineroar
|move|p1b: Kommo-o|Aura Sphere|p2a: Excadrill
|-supereffective|p2a: Excadrill|1
|-enditem|p2a: Excadrill|Focus Sash
|-damage|p2a: Excadrill|1/100
|move|p2b: Milotic|Scald|p1b: Kommo-o
|-resisted|p1b: Kommo-o|1
|-damage|p1b: Kommo-o|35/100
|
|upkeep
|
|t:|1785370849
|switch|p1a: Politoed|Politoed, L50, F|100/100
|-weather|RainDance|[from] ability: Drizzle|[of] p1a: Politoed
|turn|5
|
|t:|1785370869
|switch|p2a: Sinistcha|Sinistcha, L50|25/100
|-heal|p2b: Milotic|79/100|[from] ability: Hospitality|[of] p2a: Sinistcha
|move|p1b: Kommo-o|Protect|p1b: Kommo-o
|-singleturn|p1b: Kommo-o|Protect
|move|p2b: Milotic|Ice Beam|p1b: Kommo-o
|-activate|p1b: Kommo-o|move: Protect
|move|p1a: Politoed|Muddy Water|p2b: Milotic|[spread] p2a,p2b
|-resisted|p2a: Sinistcha|1
|-resisted|p2b: Milotic|1
|-damage|p2a: Sinistcha|10/100
|-damage|p2b: Milotic|68/100
|-unboost|p2a: Sinistcha|accuracy|1
|-unboost|p2b: Milotic|accuracy|1
|-ability|p2b: Milotic|Competitive|boost
|-boost|p2b: Milotic|spa|2
|
|-weather|RainDance|[upkeep]
|upkeep
|turn|6
|
|t:|1785370895
|move|p1b: Kommo-o|Clanging Scales|p2b: Milotic|[spread] p2a,p2b
|-damage|p2a: Sinistcha|0 fnt
|-damage|p2b: Milotic|35/100
|-enditem|p2b: Milotic|Sitrus Berry|[eat]
|-heal|p2b: Milotic|60/100|[from] item: Sitrus Berry
|faint|p2a: Sinistcha
|-unboost|p1b: Kommo-o|def|1
|move|p2b: Milotic|Ice Beam|p1b: Kommo-o
|-supereffective|p1b: Kommo-o|1
|-crit|p1b: Kommo-o
|-damage|p1b: Kommo-o|0 fnt
|faint|p1b: Kommo-o
|move|p1a: Politoed|Muddy Water|p2b: Milotic|[miss]
|-miss|p1a: Politoed|p2b: Milotic
|
|-weather|RainDance|[upkeep]
|upkeep
|
|t:|1785370908
|switch|p2a: Excadrill|Excadrill, L50, M|1/100
|turn|7
|
|t:|1785370919
|move|p2a: Excadrill|Rock Slide|p1a: Politoed
|-damage|p1a: Politoed|65/100
|move|p2b: Milotic|Scald|p1a: Politoed
|-resisted|p1a: Politoed|1
|-damage|p1a: Politoed|30/100
|cant|p1a: Politoed|flinch
|
|-weather|RainDance|[upkeep]
|-heal|p1a: Politoed|37/100|[from] item: Leftovers
|upkeep
|turn|8
|
|t:|1785370935
|move|p2a: Excadrill|Rock Slide|p1a: Politoed
|-damage|p1a: Politoed|6/100
|move|p2b: Milotic|Scald|p1a: Politoed
|-resisted|p1a: Politoed|1
|-damage|p1a: Politoed|0 fnt
|faint|p1a: Politoed
|
|win|daemian_x
||SZJE is ready for game 2.
||daemian_x is ready for game 2.
|uhtml|next|Next: Game 2 of 3
|l|☆SZJE
|player|p1|
