|j|☆mickhunter
|j|☆anonymous_snorlax
|html|mickhunteranonymous_snorlax    
|uhtml|bestof|Game 3 of a best-of-3
|t:|1784198798
|gametype|doubles
|player|p1|mickhunter|101|1082
|player|p2|anonymous_snorlax|1|1087
|gen|9
|tier|[Gen 9 Champions] VGC 2026 Reg M-B (Bo3)
|rated|
|rule|Species Clause: Limit one of each Pokémon
|rule|Item Clause: Limit 1 of each item
|clearpoke
|poke|p1|Sneasler, L50, M|
|poke|p1|Kingambit, L50, M|
|poke|p1|Incineroar, L50, M|
|poke|p1|Delphox, L50, F|
|poke|p1|Sinistcha, L50|
|poke|p1|Sylveon, L50, M|
|poke|p2|Malamar, L50, M|
|poke|p2|Maushold, L50|
|poke|p2|Mawile, L50, F|
|poke|p2|Sinistcha, L50|
|poke|p2|Whimsicott, L50, M|
|poke|p2|Incineroar, L50, M|
|teampreview|4
|showteam|p1|Sneasler||FocusSash|PoisonTouch|PoisonJab,CloseCombat,FakeOut,QuickGuard|Jolly||M|||50|]Kingambit||BlackGlasses|Defiant|KowtowCleave,SuckerPunch,SwordsDance,Protect|Adamant||M|||50|]Incineroar||SitrusBerry|Intimidate|FlareBlitz,ThroatChop,PartingShot,FakeOut|Careful||M|||50|]Delphox||Delphoxite|Blaze|HeatWave,NastyPlot,Psyshock,Protect|Modest||F|||50|]Sinistcha||KasibBerry|Hospitality|MatchaGotcha,RagePowder,TrickRoom,Protect|Bold|||||50|]Sylveon||FairyFeather|Pixilate|HyperVoice,QuickAttack,HyperBeam,Detect|Modest||M|||50|
|showteam|p2|Malamar||Malamarite|Contrary|Superpower,KnockOff,TrickRoom,Protect|Adamant||M|||50|]Maushold||WideLens|Technician|PopulationBomb,FollowMe,Feint,Protect|Jolly|||||50|]Mawile||Mawilite|HyperCutter|PlayRough,RockSlide,SuckerPunch,Protect|Brave||F|||50|]Sinistcha||ColburBerry|Hospitality|MatchaGotcha,LifeDew,RagePowder,Protect|Calm|||||50|]Whimsicott||FocusSash|Prankster|Moonblast,Tailwind,Charm,FakeTears|Modest||M|||50|]Incineroar||LifeOrb|Intimidate|FlareBlitz,DarkestLariat,PartingShot,FakeOut|Brave||M|||50|
|inactive|Battle timer is ON: inactive players will automatically lose when time's up. (requested by anonymous_snorlax)
|inactive|anonymous_snorlax has 60 seconds left.
|
|t:|1784198839
|teamsize|p1|4
|teamsize|p2|4
|start
|switch|p1a: Incineroar|Incineroar, L50, M|100/100
|switch|p1b: Kingambit|Kingambit, L50, M|100/100
|switch|p2a: Malamar|Malamar, L50, M|100/100
|switch|p2b: Incineroar|Incineroar, L50, M|100/100
|-ability|p1a: Incineroar|Intimidate|boost
|-boost|p2a: Malamar|atk|1
|-unboost|p2b: Incineroar|atk|1
|-ability|p2b: Incineroar|Intimidate|boost
|-unboost|p1a: Incineroar|atk|1
|-unboost|p1b: Kingambit|atk|1
|-ability|p1b: Kingambit|Defiant|boost
|-boost|p1b: Kingambit|atk|2
|turn|1
|inactive|mickhunter has 30 seconds left.
|inactive|anonymous_snorlax has 30 seconds left.
|inactive|mickhunter has 20 seconds left.
|inactive|anonymous_snorlax has 20 seconds left.
|inactive|mickhunter has 15 seconds left.
|
|t:|1784198879
|switch|p1b: Sinistcha|Sinistcha, L50|100/100
|detailschange|p2a: Malamar|Malamar-Mega, L50, M
|-mega|p2a: Malamar|Malamar|Malamarite
|move|p2a: Malamar|Protect|p2a: Malamar
|-singleturn|p2a: Malamar|Protect
|move|p1a: Incineroar|Fake Out|p2a: Malamar
|-activate|p2a: Malamar|move: Protect
|move|p2b: Incineroar|Flare Blitz|p1b: Sinistcha
|-supereffective|p1b: Sinistcha|1
|-damage|p1b: Sinistcha|10/100
|-damage|p2b: Incineroar|73/100|[from] Recoil
|-damage|p2b: Incineroar|64/100|[from] item: Life Orb
|
|upkeep
|turn|2
|
|t:|1784198901
|move|p1b: Sinistcha|Protect|p1b: Sinistcha
|-singleturn|p1b: Sinistcha|Protect
|move|p2a: Malamar|Knock Off|p1b: Sinistcha
|-activate|p1b: Sinistcha|move: Protect
|move|p1a: Incineroar|Parting Shot|p2b: Incineroar
|-unboost|p2b: Incineroar|atk|1
|-unboost|p2b: Incineroar|spa|1
|
|t:|1784198908
|switch|p1a: Sylveon|Sylveon, L50, M|100/100|[from] Parting Shot
|move|p2b: Incineroar|Flare Blitz|p1a: Sylveon
|-damage|p1a: Sylveon|57/100
|-damage|p2b: Incineroar|51/100|[from] Recoil
|-damage|p2b: Incineroar|41/100|[from] item: Life Orb
|
|upkeep
|turn|3
|
|t:|1784198924
|switch|p1b: Incineroar|Incineroar, L50, M|100/100
|-ability|p1b: Incineroar|Intimidate|boost
|-boost|p2a: Malamar|atk|1
|-unboost|p2b: Incineroar|atk|1
|move|p2a: Malamar|Protect|p2a: Malamar
|-singleturn|p2a: Malamar|Protect
|move|p1a: Sylveon|Hyper Voice|p2b: Incineroar|[spread] p2b
|-activate|p2a: Malamar|move: Protect
|-damage|p2b: Incineroar|3/100
|move|p2b: Incineroar|Flare Blitz|p1b: Incineroar
|-resisted|p1b: Incineroar|1
|-damage|p1b: Incineroar|82/100
|-damage|p2b: Incineroar|0 fnt|[from] Recoil
|faint|p2b: Incineroar
|
|upkeep
|
|t:|1784198938
|switch|p2b: Maushold|Maushold, L50|100/100
|turn|4
|
|t:|1784198951
|switch|p1a: Sinistcha|Sinistcha, L50|10/100
|-heal|p1b: Incineroar|100/100|[from] ability: Hospitality|[of] p1a: Sinistcha
|move|p1b: Incineroar|Fake Out|p2a: Malamar
|-crit|p2a: Malamar
|-damage|p2a: Malamar|85/100
|move|p2b: Maushold|Population Bomb|p1a: Sinistcha
|-immune|p1a: Sinistcha
|cant|p2a: Malamar|flinch
|
|upkeep
|turn|5
|inactive|mickhunter has 30 seconds left.
|inactive|anonymous_snorlax has 30 seconds left.
|inactive|mickhunter has 20 seconds left.
|inactive|mickhunter has 15 seconds left.
|inactive|mickhunter has 10 seconds left.
|inactive|mickhunter has 5 seconds left.
|
|t:|1784199003
|move|p2b: Maushold|Population Bomb|p1b: Incineroar
|-damage|p1b: Incineroar|89/100
|-damage|p1b: Incineroar|77/100
|-damage|p1b: Incineroar|65/100
|-damage|p1b: Incineroar|53/100
|-damage|p1b: Incineroar|43/100
|-enditem|p1b: Incineroar|Sitrus Berry|[eat]
|-heal|p1b: Incineroar|67/100|[from] item: Sitrus Berry
|-damage|p1b: Incineroar|55/100
|-damage|p1b: Incineroar|44/100
|-damage|p1b: Incineroar|32/100
|-damage|p1b: Incineroar|21/100
|-damage|p1b: Incineroar|9/100
|-hitcount|p1b: Incineroar|10
|move|p2a: Malamar|Knock Off|p1a: Sinistcha
|-supereffective|p1a: Sinistcha|1
|-damage|p1a: Sinistcha|0 fnt
|-enditem|p1a: Sinistcha|Kasib Berry|[from] move: Knock Off|[of] p2a: Malamar
|faint|p1a: Sinistcha
|move|p1b: Incineroar|Flare Blitz|p2a: Malamar
|-damage|p2a: Malamar|36/100
|-damage|p1b: Incineroar|0 fnt|[from] Recoil
|faint|p1b: Incineroar
|
|upkeep
|
|t:|1784199027
|switch|p1b: Kingambit|Kingambit, L50, M|100/100
|switch|p1a: Sylveon|Sylveon, L50, M|57/100
|turn|6
|
|t:|1784199037
|move|p2a: Malamar|Protect|p2a: Malamar
|-singleturn|p2a: Malamar|Protect
|move|p2b: Maushold|Population Bomb|p1a: Sylveon
|-damage|p1a: Sylveon|46/100
|-damage|p1a: Sylveon|35/100
|-damage|p1a: Sylveon|23/100
|-damage|p1a: Sylveon|12/100
|-damage|p1a: Sylveon|1/100
|-damage|p1a: Sylveon|0 fnt
|faint|p1a: Sylveon
|-hitcount|p1: Sylveon|6
|move|p1b: Kingambit|Swords Dance|p1b: Kingambit
|-boost|p1b: Kingambit|atk|2
|
|upkeep
|turn|7
|
|t:|1784199053
|move|p2b: Maushold|Follow Me|p2b: Maushold
|-singleturn|p2b: Maushold|move: Follow Me
|move|p2a: Malamar|Superpower|p1b: Kingambit
|-supereffective|p1b: Kingambit|2
|-damage|p1b: Kingambit|0 fnt
|-boost|p2a: Malamar|atk|1
|-boost|p2a: Malamar|def|1
|faint|p1b: Kingambit
|
|win|anonymous_snorlax
|raw|mickhunter's rating: 1082 → 1060(-22 for losing)
|raw|anonymous_snorlax's rating: 1087 → 1114(+27 for winning)
