|j|Ōśåtoxiccroc12
|j|Ōśåleilinoone
|html|toxiccroc12leilinoone    
|uhtml|bestof|Game 2 of a best-of-3
|t:|1783877925
|gametype|doubles
|player|p1|toxiccroc12|2|1062
|player|p2|leilinoone|1|1110
|gen|9
|tier|[Gen 9 Champions] VGC 2026 Reg M-B (Bo3)
|rated|
|rule|Species Clause: Limit one of each Pok├®mon
|rule|Item Clause: Limit 1 of each item
|clearpoke
|poke|p1|Floette-Eternal, L50, F|
|poke|p1|Incineroar, L50, M|
|poke|p1|Sinistcha, L50|
|poke|p1|Delphox, L50, F|
|poke|p1|Sneasler, L50, M|
|poke|p1|Kingambit, L50, M|
|poke|p2|Gyarados, L50, M|
|poke|p2|Garchomp, L50, F|
|poke|p2|Raichu, L50, F|
|poke|p2|Incineroar, L50, F|
|poke|p2|Sinistcha, L50|
|poke|p2|Ninetales-Alola, L50, M|
|teampreview|4
|showteam|p1|Floette-Eternal||Floettite|FlowerVeil|DazzlingGleam,DrainingKiss,CalmMind,Protect|Modest||F|||50|]Incineroar||SitrusBerry|Intimidate|FlareBlitz,FakeOut,PartingShot,HelpingHand|Impish||M|||50|]Sinistcha||OccaBerry|Hospitality|MatchaGotcha,RagePowder,TrickRoom,Protect|Relaxed|||||50|]Delphox||Delphoxite|Blaze|HeatWave,Psyshock,NastyPlot,Protect|Timid||F|||50|]Sneasler||FocusSash|PoisonTouch|PoisonJab,CloseCombat,FakeOut,QuickGuard|Jolly||M|||50|]Kingambit||BlackGlasses|Defiant|KowtowCleave,SuckerPunch,SwordsDance,Protect|Adamant||M|||50|
|showteam|p2|Gyarados||Gyaradosite|Intimidate|Waterfall,LashOut,DragonDance,Protect|Adamant||M|||50|]Garchomp||LifeOrb|RoughSkin|DragonClaw,StompingTantrum,RockSlide,Protect|Jolly||F|||50|]Raichu||RaichuniteX|LightningRod|Nuzzle,RisingVoltage,FakeOut,Protect|Timid||F|||50|]Incineroar||SitrusBerry|Intimidate|FlareBlitz,CloseCombat,FakeOut,PartingShot|Brave||F|||50|]Sinistcha||CobaBerry|Hospitality|MatchaGotcha,TrickRoom,Imprison,Protect|Quiet|||||50|]Ninetales-Alola||FocusSash|SnowWarning|Blizzard,AuroraVeil,IcyWind,Encore|Timid||M|||50|
|c|Ōśåtoxiccroc12|I'm still trying to learn m-b so I'm playing meta slop
|c|Ōśåleilinoone|makes sense
|c|Ōśåleilinoone|its a good idea to get better at the game, but im happy being mid lol
|c|Ōśåtoxiccroc12|I've tried making my own stuff work but I just need to play the game more
|c|Ōśåtoxiccroc12|But props to you for making ur own team
|
|t:|1783878043
|teamsize|p1|4
|teamsize|p2|4
|start
|switch|p1a: Incineroar|Incineroar, L50, M|100/100
|switch|p1b: Delphox|Delphox, L50, F|100/100
|switch|p2a: Ninetales|Ninetales-Alola, L50, M|100/100
|switch|p2b: Raichu|Raichu, L50, F|100/100
|-weather|Snowscape|[from] ability: Snow Warning|[of] p2a: Ninetales
|-ability|p1a: Incineroar|Intimidate|boost
|-unboost|p2a: Ninetales|atk|1
|-unboost|p2b: Raichu|atk|1
|turn|1
|
|t:|1783878089
|detailschange|p1b: Delphox|Delphox-Mega, L50, F
|-mega|p1b: Delphox|Delphox|Delphoxite
|move|p2b: Raichu|Fake Out|p1a: Incineroar
|-damage|p1a: Incineroar|96/100
|cant|p1a: Incineroar|flinch
|move|p1b: Delphox|Heat Wave|p2a: Ninetales|[spread] p2a,p2b
|-supereffective|p2a: Ninetales|1
|-damage|p2a: Ninetales|7/100
|-damage|p2b: Raichu|39/100
|move|p2a: Ninetales|Aurora Veil|p2a: Ninetales
|-sidestart|p2: leilinoone|move: Aurora Veil
|
|-weather|Snowscape|[upkeep]
|upkeep
|turn|2
|
|t:|1783878156
|switch|p2a: Incineroar|Incineroar, L50, F|100/100
|-ability|p2a: Incineroar|Intimidate|boost
|-unboost|p1a: Incineroar|atk|1
|-unboost|p1b: Delphox|atk|1
|move|p1b: Delphox|Nasty Plot|p1b: Delphox
|-boost|p1b: Delphox|spa|2
|move|p2b: Raichu|Nuzzle|p1b: Delphox
|-damage|p1b: Delphox|94/100
|-status|p1b: Delphox|par
|move|p1a: Incineroar|Flare Blitz|p2a: Incineroar
|-resisted|p2a: Incineroar|1
|-crit|p2a: Incineroar
|-damage|p2a: Incineroar|67/100
|-damage|p1a: Incineroar|86/100|[from] Recoil
|
|-weather|Snowscape|[upkeep]
|upkeep
|turn|3
|
|t:|1783878208
|move|p2b: Raichu|Nuzzle|p1a: Incineroar
|-damage|p1a: Incineroar|82/100
|-status|p1a: Incineroar|par
|move|p1b: Delphox|Heat Wave|p2b: Raichu|[spread] p2a,p2b
|-resisted|p2a: Incineroar|1
|-damage|p2a: Incineroar|40/100
|-damage|p2b: Raichu|0 fnt
|-enditem|p2a: Incineroar|Sitrus Berry|[eat]
|-heal|p2a: Incineroar|65/100|[from] item: Sitrus Berry
|faint|p2b: Raichu
|move|p2a: Incineroar|Parting Shot|p1b: Delphox
|-unboost|p1b: Delphox|atk|1
|-unboost|p1b: Delphox|spa|1
|
|t:|1783878224
|switch|p2a: Garchomp|Garchomp, L50, F|100/100|[from] Parting Shot
|move|p1a: Incineroar|Parting Shot|p2a: Garchomp
|-unboost|p2a: Garchomp|atk|1
|-unboost|p2a: Garchomp|spa|1
|
|t:|1783878235
|switch|p1a: Sinistcha|Sinistcha, L50|100/100|[from] Parting Shot
|-heal|p1b: Delphox|100/100 par|[from] ability: Hospitality|[of] p1a: Sinistcha
|
|-weather|Snowscape|[upkeep]
|upkeep
|
|t:|1783878242
|switch|p2b: Incineroar|Incineroar, L50, F|65/100
|-ability|p2b: Incineroar|Intimidate|boost
|-unboost|p1a: Sinistcha|atk|1
|-unboost|p1b: Delphox|atk|1
|turn|4
|
|t:|1783878276
|switch|p1a: Sneasler|Sneasler, L50, M|100/100
|move|p1b: Delphox|Protect|p1b: Delphox
|-singleturn|p1b: Delphox|Protect
|move|p2a: Garchomp|Rock Slide|p1a: Sneasler|[spread] p1a
|-activate|p1b: Delphox|move: Protect
|-resisted|p1a: Sneasler|1
|-damage|p1a: Sneasler|86/100
|-damage|p2a: Garchomp|90/100|[from] item: Life Orb
|move|p2b: Incineroar|Flare Blitz|p1a: Sneasler
|-damage|p1a: Sneasler|0 fnt
|faint|p1a: Sneasler
|-damage|p2b: Incineroar|41/100|[from] Recoil
|
|-weather|Snowscape|[upkeep]
|upkeep
|
|t:|1783878288
|switch|p1a: Incineroar|Incineroar, L50, M|82/100 par
|-ability|p1a: Incineroar|Intimidate|boost
|-unboost|p2a: Garchomp|atk|1
|-unboost|p2b: Incineroar|atk|1
|turn|5
|
|t:|1783878320
|switch|p2a: Ninetales|Ninetales-Alola, L50, M|7/100
|move|p1a: Incineroar|Fake Out|p2b: Incineroar
|-damage|p2b: Incineroar|34/100
|move|p1b: Delphox|Psyshock|p2a: Ninetales
|-damage|p2a: Ninetales|0 fnt
|faint|p2a: Ninetales
|cant|p2b: Incineroar|flinch
|
|-weather|none
|-sideend|p2: leilinoone|move: Aurora Veil
|upkeep
|
|t:|1783878331
|switch|p2a: Garchomp|Garchomp, L50, F|90/100
|turn|6
|
|t:|1783878363
|move|p1a: Incineroar|Helping Hand|p1b: Delphox
|-singleturn|p1b: Delphox|Helping Hand|[of] p1a: Incineroar
|move|p2a: Garchomp|Rock Slide|p1a: Incineroar|[spread] p1a,p1b
|-supereffective|p1a: Incineroar|1
|-supereffective|p1b: Delphox|1
|-damage|p1a: Incineroar|39/100 par
|-damage|p1b: Delphox|36/100 par
|-enditem|p1a: Incineroar|Sitrus Berry|[eat]
|-heal|p1a: Incineroar|64/100 par|[from] item: Sitrus Berry
|-damage|p2a: Garchomp|80/100|[from] item: Life Orb
|cant|p1b: Delphox|par
|move|p2b: Incineroar|Close Combat|p1a: Incineroar
|-supereffective|p1a: Incineroar|1
|-damage|p1a: Incineroar|23/100 par
|-unboost|p2b: Incineroar|def|1
|-unboost|p2b: Incineroar|spd|1
|
|upkeep
|turn|7
|c|Ōśåtoxiccroc12|gg
|c|Ōśåleilinoone|gg wp
|
|t:|1783878388
|switch|p1a: Sinistcha|Sinistcha, L50|100/100
|-heal|p1b: Delphox|60/100 par|[from] ability: Hospitality|[of] p1a: Sinistcha
|move|p2a: Garchomp|Dragon Claw|p1b: Delphox
|-damage|p1b: Delphox|0 fnt
|faint|p1b: Delphox
|-damage|p2a: Garchomp|70/100|[from] item: Life Orb
|move|p2b: Incineroar|Close Combat|p1a: Sinistcha
|-immune|p1a: Sinistcha
|
|upkeep
|
|t:|1783878397
|switch|p1b: Incineroar|Incineroar, L50, M|23/100 par
|-ability|p1b: Incineroar|Intimidate|boost
|-unboost|p2a: Garchomp|atk|1
|-unboost|p2b: Incineroar|atk|1
|turn|8
|c|Ōśåleilinoone|its not over
|
|t:|1783878422
|move|p2a: Garchomp|Protect|p2a: Garchomp
|-singleturn|p2a: Garchomp|Protect
|move|p1b: Incineroar|Fake Out|p2b: Incineroar
|-damage|p2b: Incineroar|19/100
|move|p1a: Sinistcha|Matcha Gotcha|p2a: Garchomp|[spread] p2b
|-activate|p2a: Garchomp|move: Protect
|-resisted|p2b: Incineroar|1
|-damage|p2b: Incineroar|2/100
|cant|p2b: Incineroar|flinch
|
|upkeep
|turn|9
|c|Ōśåtoxiccroc12|yeah maybe
|
|t:|1783878455
|move|p1b: Incineroar|Helping Hand|p1a: Sinistcha
|-singleturn|p1a: Sinistcha|Helping Hand|[of] p1b: Incineroar
|move|p2a: Garchomp|Rock Slide|p1a: Sinistcha|[spread] p1a,p1b
|-supereffective|p1b: Incineroar|1
|-damage|p1a: Sinistcha|87/100
|-damage|p1b: Incineroar|0 fnt
|faint|p1b: Incineroar
|-damage|p2a: Garchomp|61/100|[from] item: Life Orb
|move|p1a: Sinistcha|Matcha Gotcha|p2b: Incineroar|[spread] p2a
|-miss|p1a: Sinistcha|p2b: Incineroar
|-damage|p2a: Garchomp|21/100
|-heal|p1a: Sinistcha|100/100|[from] drain|[of] p2a: Garchomp
|move|p2b: Incineroar|Flare Blitz|p1a: Sinistcha
|-supereffective|p1a: Sinistcha|1
|-enditem|p1a: Sinistcha|Occa Berry|[eat]
|-enditem|p1a: Sinistcha|Occa Berry|[weaken]
|-damage|p1a: Sinistcha|74/100
|-damage|p2b: Incineroar|0 fnt|[from] Recoil
|faint|p2b: Incineroar
|
|upkeep
|turn|10
|
|t:|1783878484
|move|p2a: Garchomp|Rock Slide|p1a: Sinistcha
|-damage|p1a: Sinistcha|56/100
|-damage|p2a: Garchomp|11/100|[from] item: Life Orb
|cant|p1a: Sinistcha|flinch
|
|upkeep
|turn|11
|
|t:|1783878493
|move|p2a: Garchomp|Dragon Claw|p1a: Sinistcha
|-damage|p1a: Sinistcha|30/100
|-damage|p2a: Garchomp|2/100|[from] item: Life Orb
|move|p1a: Sinistcha|Matcha Gotcha|p2a: Garchomp
|-damage|p2a: Garchomp|0 fnt
|-heal|p1a: Sinistcha|31/100|[from] drain|[of] p2a: Garchomp
|faint|p2a: Garchomp
|
|win|toxiccroc12
||leilinoone is ready for game 3.
|c|Ōśåtoxiccroc12|oh wow
|inactive|toxiccroc12 has 30 seconds to confirm battle start!
|c|Ōśåleilinoone|yeah
