|j|☆Quill86
|j|☆STL Donductor
|html|Quill86STL Donductor    
|uhtml|bestof|Game 3 of a best-of-3
|t:|1757908557
|gametype|doubles
|player|p1|Quill86|lucas|1211
|player|p2|STL Donductor|hilbert|1345
|gen|9
|tier|[Gen 9] VGC 2025 Reg H (Bo3)
|rated|
|rule|Species Clause: Limit one of each Pokémon
|rule|Item Clause: Limit 1 of each item
|clearpoke
|poke|p1|Incineroar, L50, F|
|poke|p1|Gholdengo, L50|
|poke|p1|Ursaluna-Bloodmoon, L50, M|
|poke|p1|Indeedee-F, L50, F|
|poke|p1|Gallade, L50, M|
|poke|p1|Torkoal, L50, M|
|poke|p2|Slaking, L50, F|
|poke|p2|Weezing, L50, F|
|poke|p2|Sneasler, L50, F|
|poke|p2|Indeedee, L50, M|
|poke|p2|Dondozo, L50, F|
|poke|p2|Tatsugiri, L50, F|
|teampreview|4
|showteam|p1|Incineroar||SafetyGoggles|Intimidate|FakeOut,FlareBlitz,KnockOff,PartingShot|||F|||50|,,,,,Ghost]Gholdengo||SitrusBerry|GoodasGold|MakeItRain,ShadowBall,NastyPlot,Protect||||||50|,,,,,Water]Ursaluna-Bloodmoon||LifeOrb|MindsEye|BloodMoon,HyperVoice,EarthPower,Protect|||M|||50|,,,,,Normal]Indeedee-F||PsychicSeed|PsychicSurge|FollowMe,TrickRoom,HelpingHand,DazzlingGleam|||F|||50|,,,,,Fairy]Gallade||ClearAmulet|Sharpness|SacredSword,PsychoCut,WideGuard,TrickRoom|||M|||50|,,,,,Grass]Torkoal||Charcoal|Drought|Eruption,WeatherBall,Yawn,Protect|||M|||50|,,,,,Fire
|showteam|p2|Slaking||ChoiceBand|Truant|DoubleEdge,KnockOff,HighHorsepower,Earthquake|||F|||50|,,,,,Ghost]Weezing||CovertCloak|NeutralizingGas|SludgeBomb,PoisonGas,Taunt,Protect|||F|||50|,,,,,Flying]Sneasler||PsychicSeed|Unburden|DireClaw,CloseCombat,ThroatChop,Protect|||F|||50|,,,,,Dark]Indeedee||FocusSash|PsychicSurge|ExpandingForce,TeraBlast,HelpingHand,Protect|||M|||50|,,,,,Psychic]Dondozo||Leftovers|Unaware|WaveCrash,Earthquake,OrderUp,Protect|||F|||50|,,,,,Grass]Tatsugiri||SafetyGoggles|Commander|DracoMeteor,MuddyWater,HelpingHand,Protect|||F|||50|,,,,,Fairy
|inactive|Battle timer is ON: inactive players will automatically lose when time's up. (requested by STL Donductor)
|
|t:|1757908568
|teamsize|p1|4
|teamsize|p2|4
|start
|switch|p1a: Incineroar|Incineroar, L50, F|100/100
|switch|p1b: Gholdengo|Gholdengo, L50|100/100
|switch|p2a: Slaking|Slaking, L50, F|100/100
|switch|p2b: Weezing|Weezing, L50, F|100/100
|-ability|p2b: Weezing|Neutralizing Gas
|turn|1
|inactive|STL Donductor has 30 seconds left.
|
|t:|1757908598
|-terastallize|p2a: Slaking|Ghost
|move|p2a: Slaking|Knock Off|p1b: Gholdengo
|-supereffective|p1b: Gholdengo
|-damage|p1b: Gholdengo|2/100
|-enditem|p1b: Gholdengo|Sitrus Berry|[from] move: Knock Off|[of] p2a: Slaking
|move|p1b: Gholdengo|Nasty Plot|p1b: Gholdengo
|-boost|p1b: Gholdengo|spa|2
|move|p1a: Incineroar|Parting Shot|p2a: Slaking
|-unboost|p2a: Slaking|atk|1
|-unboost|p2a: Slaking|spa|1
|
|t:|1757908618
|switch|p1a: Torkoal|Torkoal, L50, M|100/100|[from] Parting Shot
|move|p2b: Weezing|Taunt|p1a: Torkoal
|-start|p1a: Torkoal|move: Taunt
|
|upkeep
|turn|2
|inactive|STL Donductor has 30 seconds left.
|inactive|Quill86 has 30 seconds left.
|inactive|STL Donductor has 20 seconds left.
|
|t:|1757908656
|switch|p1a: Incineroar|Incineroar, L50, F|100/100
|move|p1b: Gholdengo|Protect|p1b: Gholdengo
|-singleturn|p1b: Gholdengo|Protect
|move|p2a: Slaking|Knock Off|p1b: Gholdengo
|-activate|p1b: Gholdengo|move: Protect
|move|p2b: Weezing|Sludge Bomb|p1a: Incineroar
|-damage|p1a: Incineroar|75/100
|
|upkeep
|turn|3
|inactive|STL Donductor has 30 seconds left.
|inactive|STL Donductor has 20 seconds left.
|inactive|STL Donductor has 15 seconds left.
|
|t:|1757908697
|move|p2a: Slaking|Knock Off|p1b: Gholdengo
|-supereffective|p1b: Gholdengo
|-damage|p1b: Gholdengo|0 fnt
|faint|p1b: Gholdengo
|move|p1a: Incineroar|Knock Off|p2a: Slaking
|-supereffective|p2a: Slaking
|-damage|p2a: Slaking|41/100
|-enditem|p2a: Slaking|Choice Band|[from] move: Knock Off|[of] p1a: Incineroar
|move|p2b: Weezing|Taunt|p1a: Incineroar
|-start|p1a: Incineroar|move: Taunt
|
|upkeep
|
|t:|1757908706
|switch|p1b: Torkoal|Torkoal, L50, M|100/100
|turn|4
|inactive|STL Donductor has 30 seconds left.
|
|t:|1757908735
|move|p2a: Slaking|Knock Off|p1b: Torkoal
|-damage|p1b: Torkoal|81/100
|-enditem|p1b: Torkoal|Charcoal|[from] move: Knock Off|[of] p2a: Slaking
|move|p1a: Incineroar|Knock Off|p2a: Slaking
|-supereffective|p2a: Slaking
|-damage|p2a: Slaking|0 fnt
|faint|p2a: Slaking
|move|p2b: Weezing|Poison Gas|p1a: Incineroar|[spread] p1a,p1b
|-status|p1a: Incineroar|psn
|-status|p1b: Torkoal|psn
|move|p1b: Torkoal|Yawn|p2b: Weezing
|-start|p2b: Weezing|move: Yawn|[of] p1b: Torkoal
|
|-damage|p1a: Incineroar|63/100 psn|[from] psn
|-damage|p1b: Torkoal|68/100 psn|[from] psn
|upkeep
|
|t:|1757908748
|switch|p2a: Dondozo|Dondozo, L50, F, shiny|100/100
|turn|5
|
|t:|1757908755
|switch|p1a: Gallade|Gallade, L50, M|100/100
|-end|p2b: Weezing|ability: Neutralizing Gas
|-weather|SunnyDay|[from] ability: Drought|[of] p1b: Torkoal
|switch|p2b: Tatsugiri|Tatsugiri, L50, F, shiny|100/100
|-activate|p2b: Tatsugiri|ability: Commander|[of] p2a: Dondozo
|-boost|p2a: Dondozo|atk|2
|-boost|p2a: Dondozo|spa|2
|-boost|p2a: Dondozo|spe|2
|-boost|p2a: Dondozo|def|2
|-boost|p2a: Dondozo|spd|2
|move|p2a: Dondozo|Earthquake|p1a: Gallade|[spread] p1a,p1b
|-miss|p2a: Dondozo|p2b: Tatsugiri
|-supereffective|p1b: Torkoal
|-damage|p1a: Gallade|35/100
|-damage|p1b: Torkoal|3/100 psn
|move|p1b: Torkoal|Yawn|p2a: Dondozo
|-start|p2a: Dondozo|move: Yawn|[of] p1b: Torkoal
|
|-weather|SunnyDay|[upkeep]
|-damage|p1b: Torkoal|0 fnt|[from] psn
|faint|p1b: Torkoal
|upkeep
|
|t:|1757908762
|switch|p1b: Incineroar|Incineroar, L50, F|63/100 psn
|-ability|p1b: Incineroar|Intimidate|boost
|-unboost|p2a: Dondozo|atk|1
|-unboost|p2b: Tatsugiri|atk|1
|turn|6
|
|t:|1757908784
|move|p1b: Incineroar|Fake Out|p2a: Dondozo
|-damage|p2a: Dondozo|97/100
|cant|p2a: Dondozo|flinch
|move|p1a: Gallade|Trick Room|p1a: Gallade
|-fieldstart|move: Trick Room|[of] p1a: Gallade
|
|-weather|SunnyDay|[upkeep]
|-heal|p2a: Dondozo|100/100|[from] item: Leftovers
|-damage|p1b: Incineroar|50/100 psn|[from] psn
|-end|p2a: Dondozo|move: Yawn|[silent]
|-status|p2a: Dondozo|slp
|upkeep
|turn|7
|
|t:|1757908799
|move|p1a: Gallade|Sacred Sword|p2a: Dondozo
|-damage|p2a: Dondozo|52/100 slp
|move|p1b: Incineroar|Knock Off|p2a: Dondozo
|-damage|p2a: Dondozo|39/100 slp
|-enditem|p2a: Dondozo|Leftovers|[from] move: Knock Off|[of] p1b: Incineroar
|cant|p2a: Dondozo|slp
|
|-weather|SunnyDay|[upkeep]
|-damage|p1b: Incineroar|38/100 psn|[from] psn
|upkeep
|turn|8
|
|t:|1757908809
|cant|p2a: Dondozo|slp
|move|p1a: Gallade|Sacred Sword|p2a: Dondozo
|-damage|p2a: Dondozo|0 fnt
|faint|p2a: Dondozo
|move|p1b: Incineroar|Knock Off|p2b: Tatsugiri
|-damage|p2b: Tatsugiri|35/100
|-enditem|p2b: Tatsugiri|Safety Goggles|[from] move: Knock Off|[of] p1b: Incineroar
|
|-weather|SunnyDay|[upkeep]
|-damage|p1b: Incineroar|26/100 psn|[from] psn
|upkeep
|
|t:|1757908820
|switch|p2a: Weezing|Weezing, L50, F|100/100
|-ability|p2a: Weezing|Neutralizing Gas
|turn|9
|
|t:|1757908841
|move|p2b: Tatsugiri|Protect|p2b: Tatsugiri
|-singleturn|p2b: Tatsugiri|Protect
|move|p1a: Gallade|Psycho Cut|p2a: Weezing
|-supereffective|p2a: Weezing
|-damage|p2a: Weezing|37/100
|move|p2a: Weezing|Sludge Bomb|p1a: Gallade
|-damage|p1a: Gallade|11/100
|move|p1b: Incineroar|Knock Off|p2b: Tatsugiri
|-activate|p2b: Tatsugiri|move: Protect
|
|-weather|none
|-damage|p1b: Incineroar|13/100 psn|[from] psn
|upkeep
|turn|10
|
|t:|1757908863
|move|p2a: Weezing|Protect|p2a: Weezing
|-singleturn|p2a: Weezing|Protect
|move|p2b: Tatsugiri|Protect||[still]
|-fail|p2b: Tatsugiri
|move|p1a: Gallade|Psycho Cut|p2a: Weezing
|-activate|p2a: Weezing|move: Protect
|move|p1b: Incineroar|Knock Off|p2b: Tatsugiri
|-damage|p2b: Tatsugiri|0 fnt
|faint|p2b: Tatsugiri
|
|-damage|p1b: Incineroar|1/100 psn|[from] psn
|-fieldend|move: Trick Room
|upkeep
|turn|11
|
|t:|1757908880
|move|p1b: Incineroar|Flare Blitz|p2a: Weezing
|-damage|p2a: Weezing|0 fnt
|faint|p2a: Weezing
|-end|p2a: Weezing|ability: Neutralizing Gas
|-damage|p1b: Incineroar|0 fnt|[from] Recoil
|faint|p1b: Incineroar
|
|win|Quill86
|raw|Quill86's rating: 1211 → 1245(+34 for winning)
|raw|STL Donductor's rating: 1345 → 1318(-27 for losing)
|c|☆Quill86|ggs
