|j|☆honeybadgergms1994
|j|☆brute bonn
|html|honeybadgergms1994brute bonn    
|uhtml|bestof|Game 1 of a best-of-3
|t:|1757856088
|gametype|doubles
|player|p1|honeybadgergms1994|266|1002
|player|p2|brute bonn|266|1000
|gen|9
|tier|[Gen 9] VGC 2025 Reg H (Bo3)
|rated|
|rule|Species Clause: Limit one of each Pokémon
|rule|Item Clause: Limit 1 of each item
|clearpoke
|poke|p1|Tyranitar, L50, M|
|poke|p1|Excadrill, L50, M|
|poke|p1|Amoonguss, L50, M|
|poke|p1|Salamence, L50, M|
|poke|p1|Rotom-Heat, L50|
|poke|p1|Primarina, L50, M|
|poke|p2|Espathra, L50, F|
|poke|p2|Slaking, L50, F|
|poke|p2|Basculegion, L50, M|
|poke|p2|Weezing, L50, F|
|poke|p2|Pelipper, L50, F|
|poke|p2|Archaludon, L50, M|
|teampreview|4
|showteam|p1|Tyranitar||AssaultVest|SandStream|RockSlide,KnockOff,TeraBlast,LowKick|||M|||50|,,,,,Flying]Excadrill||ClearAmulet|SandRush|Earthquake,IronHead,RockSlide,Protect|||M|||50|,,,,,Ground]Amoonguss||SitrusBerry|Regenerator|RagePowder,PollenPuff,Spore,Protect|||M|||50|,,,,,Water]Salamence||LifeOrb|Intimidate|AirSlash,DracoMeteor,Tailwind,Protect|||M|||50|,,,,,Poison]Rotom-Heat||SafetyGoggles|Levitate|Overheat,Thunderbolt,WillOWisp,Protect||||||50|,,,,,Electric]Primarina||ThroatSpray|LiquidVoice|Moonblast,HyperVoice,Haze,Protect|||M|||50|,,,,,Grass
|showteam|p2|Espathra||CovertCloak|SpeedBoost|SkillSwap,ExpandingForce,DazzlingGleam,Protect|||F|||50|,,,,,Steel]Slaking||SitrusBerry|Truant|Protect,GunkShot,BodySlam,DrainPunch|||F|||50|,,,,,Fighting]Basculegion||AbilityShield|SwiftSwim|AquaJet,LastRespects,WaveCrash,FlipTurn|||M|||50|,,,,,Water]Weezing||RockyHelmet|NeutralizingGas|Protect,Flamethrower,SludgeWave,SludgeBomb|||F|||50|,,,,,Flying]Pelipper||AssaultVest|Drizzle|Hurricane,IcyWind,Tailwind,WideGuard|||F|||50|,,,,,Water]Archaludon||PowerHerb|Stamina|ElectroShot,BodyPress,Protect,DracoMeteor|||M|||50|,,,,,Electric
|
|t:|1757856160
|teamsize|p1|4
|teamsize|p2|4
|start
|switch|p1a: Amoonguss|Amoonguss, L50, M|100/100
|switch|p1b: Salamence|Salamence, L50, M|100/100
|switch|p2a: Slaking|Slaking, L50, F|100/100
|switch|p2b: Espathra|Espathra, L50, F|100/100
|-ability|p1b: Salamence|Intimidate|boost
|-unboost|p2a: Slaking|atk|1
|-unboost|p2b: Espathra|atk|1
|turn|1
|
|t:|1757856183
|move|p2b: Espathra|Protect|p2b: Espathra
|-singleturn|p2b: Espathra|Protect
|move|p1b: Salamence|Protect|p1b: Salamence
|-singleturn|p1b: Salamence|Protect
|move|p2a: Slaking|Protect|p2a: Slaking
|-singleturn|p2a: Slaking|Protect
|move|p1a: Amoonguss|Spore|p2b: Espathra
|-activate|p2b: Espathra|move: Protect
|
|-ability|p2b: Espathra|Speed Boost|boost
|-boost|p2b: Espathra|spe|1
|upkeep
|turn|2
|
|t:|1757856226
|-terastallize|p1b: Salamence|Poison
|move|p2b: Espathra|Skill Swap|p2a: Slaking
|-activate|p2b: Espathra|move: Skill Swap|||[of] p2a: Slaking
|move|p1b: Salamence|Tailwind|p1b: Salamence
|-sidestart|p1: honeybadgergms1994|move: Tailwind
|move|p2a: Slaking|Body Slam|p1b: Salamence
|-damage|p1b: Salamence|51/100
|move|p1a: Amoonguss|Spore|p2b: Espathra
|-status|p2b: Espathra|slp|[from] move: Spore
|
|-ability|p2a: Slaking|Speed Boost|boost
|-boost|p2a: Slaking|spe|1
|upkeep
|turn|3
|
|t:|1757856261
|move|p2a: Slaking|Protect|p2a: Slaking
|-singleturn|p2a: Slaking|Protect
|move|p1a: Amoonguss|Rage Powder|p1a: Amoonguss
|-singleturn|p1a: Amoonguss|move: Rage Powder
|move|p1b: Salamence|Draco Meteor|p2a: Slaking
|-activate|p2a: Slaking|move: Protect
|cant|p2b: Espathra|slp
|
|-ability|p2a: Slaking|Speed Boost|boost
|-boost|p2a: Slaking|spe|1
|upkeep
|turn|4
|
|t:|1757856283
|move|p1b: Salamence|Draco Meteor|p2b: Espathra
|-damage|p2b: Espathra|0 fnt
|-unboost|p1b: Salamence|spa|2
|faint|p2b: Espathra
|-damage|p1b: Salamence|41/100|[from] item: Life Orb
|move|p2a: Slaking|Gunk Shot|p1a: Amoonguss
|-damage|p1a: Amoonguss|73/100
|move|p1a: Amoonguss|Spore|p2a: Slaking
|-status|p2a: Slaking|slp|[from] move: Spore
|
|-ability|p2a: Slaking|Speed Boost|boost
|-boost|p2a: Slaking|spe|1
|upkeep
|
|t:|1757856309
|switch|p2b: Pelipper|Pelipper, L50, F|100/100
|-weather|RainDance|[from] ability: Drizzle|[of] p2b: Pelipper
|turn|5
|
|t:|1757856331
|switch|p2a: Basculegion|Basculegion, L50, M|100/100
|move|p1b: Salamence|Protect|p1b: Salamence
|-singleturn|p1b: Salamence|Protect
|move|p1a: Amoonguss|Protect|p1a: Amoonguss
|-singleturn|p1a: Amoonguss|Protect
|move|p2b: Pelipper|Icy Wind|p1a: Amoonguss|[spread] 
|-activate|p1a: Amoonguss|move: Protect
|-activate|p1b: Salamence|move: Protect
|
|-weather|RainDance|[upkeep]
|-sideend|p1: honeybadgergms1994|move: Tailwind
|upkeep
|turn|6
|
|t:|1757856370
|-terastallize|p2a: Basculegion|Water
|move|p1a: Amoonguss|Rage Powder|p1a: Amoonguss
|-singleturn|p1a: Amoonguss|move: Rage Powder
|move|p2a: Basculegion|Last Respects|p1a: Amoonguss
|-damage|p1a: Amoonguss|36/100
|-enditem|p1a: Amoonguss|Sitrus Berry|[eat]
|-heal|p1a: Amoonguss|61/100|[from] item: Sitrus Berry
|move|p1b: Salamence|Tailwind|p1b: Salamence
|-sidestart|p1: honeybadgergms1994|move: Tailwind
|move|p2b: Pelipper|Hurricane|p1a: Amoonguss
|-supereffective|p1a: Amoonguss
|-damage|p1a: Amoonguss|0 fnt
|faint|p1a: Amoonguss
|
|-weather|RainDance|[upkeep]
|upkeep
|
|t:|1757856390
|switch|p1a: Rotom|Rotom-Heat, L50|100/100
|turn|7
|
|t:|1757856402
|move|p2a: Basculegion|Aqua Jet|p1b: Salamence
|-damage|p1b: Salamence|0 fnt
|faint|p1b: Salamence
|move|p1a: Rotom|Thunderbolt|p2a: Basculegion
|-supereffective|p2a: Basculegion
|-damage|p2a: Basculegion|5/100
|move|p2b: Pelipper|Icy Wind|p1a: Rotom
|-resisted|p1a: Rotom
|-damage|p1a: Rotom|94/100
|-unboost|p1a: Rotom|spe|1
|
|-weather|RainDance|[upkeep]
|upkeep
|
|t:|1757856415
|switch|p1b: Primarina|Primarina, L50, M|100/100
|turn|8
|
|t:|1757856434
|move|p1a: Rotom|Protect|p1a: Rotom
|-singleturn|p1a: Rotom|Protect
|move|p2a: Basculegion|Flip Turn|p1a: Rotom
|-activate|p1a: Rotom|move: Protect
|move|p1b: Primarina|Moonblast|p2a: Basculegion
|-damage|p2a: Basculegion|0 fnt
|faint|p2a: Basculegion
|move|p2b: Pelipper|Hurricane|p1b: Primarina
|-damage|p1b: Primarina|68/100
|
|-weather|RainDance|[upkeep]
|upkeep
|
|t:|1757856444
|switch|p2a: Slaking|Slaking, L50, F|100/100 slp
|turn|9
|
|t:|1757856474
|move|p1b: Primarina|Moonblast|p2a: Slaking
|-damage|p2a: Slaking|59/100 slp
|move|p1a: Rotom|Thunderbolt|p2b: Pelipper
|-supereffective|p2b: Pelipper
|-damage|p2b: Pelipper|0 fnt
|faint|p2b: Pelipper
|cant|p2a: Slaking|slp
|
|-weather|none
|-sideend|p1: honeybadgergms1994|move: Tailwind
|upkeep
|turn|10
|
|t:|1757856491
|-curestatus|p2a: Slaking|slp|[msg]
|move|p2a: Slaking|Gunk Shot|p1b: Primarina
|-supereffective|p1b: Primarina
|-damage|p1b: Primarina|0 fnt
|faint|p1b: Primarina
|move|p1a: Rotom|Overheat|p2a: Slaking
|-damage|p2a: Slaking|4/100
|-unboost|p1a: Rotom|spa|2
|-enditem|p2a: Slaking|Sitrus Berry|[eat]
|-heal|p2a: Slaking|28/100|[from] item: Sitrus Berry
|
|upkeep
|turn|11
|c|☆brute bonn|gg
|
|t:|1757856508
|cant|p2a: Slaking|ability: Truant
|move|p1a: Rotom|Overheat|p2a: Slaking
|-crit|p2a: Slaking
|-damage|p2a: Slaking|0 fnt
|-unboost|p1a: Rotom|spa|2
|faint|p2a: Slaking
|
|win|honeybadgergms1994
||brute bonn is ready for game 2.
|inactive|honeybadgergms1994 has 30 seconds to confirm battle start!
||honeybadgergms1994 is ready for game 2.
|uhtml|next|Next: Game 2 of 3
