|j|☆trevyah
|j|☆bruGno
|html|trevyahbruGno    
|uhtml|bestof|Game 2 of a best-of-3
|t:|1786116189
|gametype|doubles
|player|p1|trevyah|trevor|1495
|player|p2|bruGno|ash-kalos|1399
|gen|9
|tier|[Gen 9 Champions] VGC 2026 Reg M-B (Bo3)
|rated|
|rule|Species Clause: Limit one of each Pokémon
|rule|Item Clause: Limit 1 of each item
|clearpoke
|poke|p1|Lycanroc-Dusk, L50, F, shiny|
|poke|p1|Kingambit, L50, M, shiny|
|poke|p1|Dragonite, L50, F, shiny|
|poke|p1|Ninetales-Alola, L50, F, shiny|
|poke|p1|Gengar, L50, M, shiny|
|poke|p1|Incineroar, L50, F, shiny|
|poke|p2|Venusaur, L50, M|
|poke|p2|Charizard, L50, M|
|poke|p2|Grimmsnarl, L50, M|
|poke|p2|Archaludon, L50, F|
|poke|p2|Pelipper, L50, F|
|poke|p2|Swampert, L50, F|
|teampreview|4
|showteam|p1|Lycanroc-Dusk||FocusSash|ToughClaws|RockSlide,CloseCombat,Accelerock,Protect|Jolly||F|||50|]Kingambit||BlackGlasses|Defiant|KowtowCleave,IronHead,SuckerPunch,Protect|Adamant||M|||50|]Dragonite||LifeOrb|InnerFocus|DragonClaw,Superpower,ExtremeSpeed,Protect|Adamant||F|||50|]Ninetales-Alola||ChoiceScarf|SnowWarning|Blizzard,FreezeDry,IcyWind,Encore|Timid||F|||50|]Gengar||Gengarite|CursedBody|ShadowBall,SludgeBomb,PerishSong,Protect|Modest||M|||50|]Incineroar||SitrusBerry|Intimidate|FlareBlitz,PartingShot,FakeOut,Protect|Relaxed||F|||50|
|showteam|p2|Venusaur||FocusSash|Chlorophyll|SludgeBomb,EarthPower,SleepPowder,Protect|Modest||M|||50|]Charizard||CharizarditeY|Blaze|Protect,HeatWave,SolarBeam,WeatherBall|Modest||M|||50|]Grimmsnarl||LightClay|Prankster|SpiritBreak,LightScreen,Reflect,PartingShot|Sassy||M|||50|]Archaludon||Leftovers|Stamina|ElectroShot,DragonPulse,FlashCannon,Protect|Calm||F|||50|]Pelipper||SitrusBerry|Drizzle|Hurricane,WeatherBall,Tailwind,WideGuard|Modest||F|||50|]Swampert||Swampertite|Torrent|WaveCrash,Earthquake,IcePunch,Protect|Adamant||F|||50|
|inactive|Battle timer is ON: inactive players will automatically lose when time's up. (requested by trevyah)
|inactive|bruGno has 60 seconds left.
|inactive|bruGno has 30 seconds left.
|inactive|bruGno has 20 seconds left.
|inactive|bruGno has 15 seconds left.
|
|t:|1786116273
|teamsize|p1|4
|teamsize|p2|4
|start
|switch|p1a: Begged|Incineroar, L50, F, shiny|100/100
|switch|p1b: Expectations|Gengar, L50, M, shiny|100/100
|switch|p2a: Pelipper|Pelipper, L50, F|100/100
|switch|p2b: Swampert|Swampert, L50, F|100/100
|-weather|RainDance|[from] ability: Drizzle|[of] p2a: Pelipper
|-ability|p1a: Begged|Intimidate|boost
|-unboost|p2a: Pelipper|atk|1
|-unboost|p2b: Swampert|atk|1
|turn|1
|
|t:|1786116291
|switch|p1a: The Cure|Ninetales-Alola, L50, F, shiny|100/100
|-weather|Snowscape|[from] ability: Snow Warning|[of] p1a: The Cure
|detailschange|p1b: Expectations|Gengar-Mega, L50, M, shiny
|-mega|p1b: Expectations|Gengar|Gengarite
|detailschange|p2b: Swampert|Swampert-Mega, L50, F
|-mega|p2b: Swampert|Swampert|Swampertite
|move|p1b: Expectations|Protect|p1b: Expectations
|-singleturn|p1b: Expectations|Protect
|move|p2b: Swampert|Earthquake|p1b: Expectations|[spread] p1a
|-activate|p1b: Expectations|move: Protect
|-immune|p2a: Pelipper
|-damage|p1a: The Cure|73/100
|move|p2a: Pelipper|Weather Ball|p1a: The Cure
|-resisted|p1a: The Cure|1
|-damage|p1a: The Cure|60/100
|
|-weather|Snowscape|[upkeep]
|upkeep
|turn|2
|inactive|trevyah has 30 seconds left.
|inactive|bruGno has 30 seconds left.
|inactive|trevyah has 20 seconds left.
|
|t:|1786116331
|move|p1a: The Cure|Freeze-Dry|p2b: Swampert
|-supereffective|p2b: Swampert|2
|-damage|p2b: Swampert|8/100
|move|p1b: Expectations|Sludge Bomb|p2a: Pelipper
|-damage|p2a: Pelipper|34/100
|-enditem|p2a: Pelipper|Sitrus Berry|[eat]
|-heal|p2a: Pelipper|59/100|[from] item: Sitrus Berry
|move|p2b: Swampert|Earthquake|p1b: Expectations|[spread] p1a,p1b
|-immune|p2a: Pelipper
|-supereffective|p1b: Expectations|1
|-damage|p1a: The Cure|35/100
|-damage|p1b: Expectations|22/100
|move|p2a: Pelipper|Tailwind|p2a: Pelipper
|-sidestart|p2: bruGno|move: Tailwind
|
|-weather|Snowscape|[upkeep]
|upkeep
|turn|3
|
|t:|1786116355
|switch|p1b: Begged|Incineroar, L50, F, shiny|100/100
|-ability|p1b: Begged|Intimidate|boost
|-unboost|p2a: Pelipper|atk|1
|-unboost|p2b: Swampert|atk|1
|move|p1a: The Cure|Freeze-Dry|p2b: Swampert
|-supereffective|p2b: Swampert|2
|-damage|p2b: Swampert|0 fnt
|faint|p2b: Swampert
|move|p2a: Pelipper|Weather Ball|p1b: Begged
|-resisted|p1b: Begged|1
|-damage|p1b: Begged|90/100
|
|-weather|Snowscape|[upkeep]
|upkeep
|
|t:|1786116364
|switch|p2b: Archaludon|Archaludon, L50, F|100/100
|turn|4
|
|t:|1786116375
|switch|p2a: Venusaur|Venusaur, L50, M|100/100
|move|p1b: Begged|Fake Out|p2b: Archaludon
|-resisted|p2b: Archaludon|1
|-damage|p2b: Archaludon|96/100
|-ability|p2b: Archaludon|Stamina|boost
|-boost|p2b: Archaludon|def|1
|move|p1a: The Cure|Freeze-Dry|p2a: Venusaur
|-supereffective|p2a: Venusaur|1
|-damage|p2a: Venusaur|46/100
|cant|p2b: Archaludon|flinch
|
|-weather|Snowscape|[upkeep]
|-heal|p2b: Archaludon|100/100|[from] item: Leftovers
|upkeep
|turn|5
|inactive|trevyah has 30 seconds left.
|inactive|bruGno has 30 seconds left.
|inactive|trevyah has 20 seconds left.
|
|t:|1786116413
|switch|p1a: my way|Lycanroc-Dusk, L50, F, shiny|100/100
|move|p2a: Venusaur|Earth Power|p1b: Begged
|-supereffective|p1b: Begged|1
|-damage|p1b: Begged|42/100
|-unboost|p1b: Begged|spd|1
|-enditem|p1b: Begged|Sitrus Berry|[eat]
|-heal|p1b: Begged|67/100|[from] item: Sitrus Berry
|move|p2b: Archaludon|Flash Cannon|p1a: my way
|-supereffective|p1a: my way|1
|-enditem|p1a: my way|Focus Sash
|-damage|p1a: my way|1/100
|move|p1b: Begged|Parting Shot|p2b: Archaludon
|-unboost|p2b: Archaludon|atk|1
|-unboost|p2b: Archaludon|spa|1
|
|t:|1786116418
|switch|p1b: Expectations|Gengar-Mega, L50, M, shiny|22/100|[from] Parting Shot
|
|-weather|none
|-sideend|p2: bruGno|move: Tailwind
|upkeep
|turn|6
|inactive|bruGno has 30 seconds left.
|inactive|bruGno has 20 seconds left.
|inactive|bruGno has 15 seconds left.
|
|t:|1786116460
|move|p1b: Expectations|Protect|p1b: Expectations
|-singleturn|p1b: Expectations|Protect
|move|p1a: my way|Protect|p1a: my way
|-singleturn|p1a: my way|Protect
|move|p2a: Venusaur|Earth Power|p1b: Expectations
|-activate|p1b: Expectations|move: Protect
|move|p2b: Archaludon|Flash Cannon|p1a: my way
|-activate|p1a: my way|move: Protect
|
|upkeep
|turn|7
|inactive|bruGno has 30 seconds left.
|
|t:|1786116487
|move|p1b: Expectations|Sludge Bomb|p2a: Venusaur
|-damage|p2a: Venusaur|0 fnt
|faint|p2a: Venusaur
|move|p1a: my way|Close Combat|p2b: Archaludon
|-supereffective|p2b: Archaludon|1
|-damage|p2b: Archaludon|49/100
|-unboost|p1a: my way|def|1
|-unboost|p1a: my way|spd|1
|-ability|p2b: Archaludon|Stamina|boost
|-boost|p2b: Archaludon|def|1
|move|p2b: Archaludon|Flash Cannon|p1a: my way
|-supereffective|p1a: my way|1
|-damage|p1a: my way|0 fnt
|faint|p1a: my way
|
|-heal|p2b: Archaludon|55/100|[from] item: Leftovers
|upkeep
|
|t:|1786116502
|switch|p1a: Begged|Incineroar, L50, F, shiny|67/100
|switch|p2a: Pelipper|Pelipper, L50, F|59/100
|-weather|RainDance|[from] ability: Drizzle|[of] p2a: Pelipper
|-ability|p1a: Begged|Intimidate|boost
|-unboost|p2a: Pelipper|atk|1
|-unboost|p2b: Archaludon|atk|1
|turn|8
|
|t:|1786116524
|move|p1a: Begged|Fake Out|p2b: Archaludon
|-resisted|p2b: Archaludon|1
|-damage|p2b: Archaludon|53/100
|-ability|p2b: Archaludon|Stamina|boost
|-boost|p2b: Archaludon|def|1
|move|p1b: Expectations|Sludge Bomb|p2a: Pelipper
|-damage|p2a: Pelipper|0 fnt
|faint|p2a: Pelipper
|cant|p2b: Archaludon|flinch
|
|-weather|RainDance|[upkeep]
|-heal|p2b: Archaludon|59/100|[from] item: Leftovers
|upkeep
|turn|9
|
|t:|1786116542
|move|p1b: Expectations|Perish Song|p1b: Expectations
|-start|p1a: Begged|perish3|[silent]
|-start|p1b: Expectations|perish3|[silent]
|-start|p2b: Archaludon|perish3|[silent]
|-fieldactivate|move: Perish Song
|move|p2b: Archaludon|Flash Cannon|p1a: Begged
|-resisted|p1a: Begged|1
|-crit|p1a: Begged
|-damage|p1a: Begged|44/100
|move|p1a: Begged|Parting Shot|p2b: Archaludon
|-unboost|p2b: Archaludon|atk|1
|-unboost|p2b: Archaludon|spa|1
|
|t:|1786116549
|switch|p1a: The Cure|Ninetales-Alola, L50, F, shiny|35/100|[from] Parting Shot
|-weather|Snowscape|[from] ability: Snow Warning|[of] p1a: The Cure
|
|-weather|Snowscape|[upkeep]
|-heal|p2b: Archaludon|65/100|[from] item: Leftovers
|-start|p1b: Expectations|perish3
|-start|p2b: Archaludon|perish3
|upkeep
|turn|10
|
|t:|1786116555
|move|p1a: The Cure|Blizzard|p2b: Archaludon
|-damage|p2b: Archaludon|31/100
|-status|p2b: Archaludon|frz
|-ability|p2b: Archaludon|Stamina|boost
|-boost|p2b: Archaludon|def|1
|move|p1b: Expectations|Shadow Ball|p2b: Archaludon
|-damage|p2b: Archaludon|0 fnt
|faint|p2b: Archaludon
|
|win|trevyah
|raw|trevyah's rating: 1495 → 1510(+15 for winning)
|raw|bruGno's rating: 1399 → 1384(-15 for losing)
