|j|☆Archanile
|j|☆igres17
|html|Archanileigres17    
|uhtml|bestof|Game 2 of a best-of-3
|t:|1757926156
|gametype|doubles
|player|p1|Archanile|hilbert|1108
|player|p2|igres17|265|1189
|gen|9
|tier|[Gen 9] VGC 2025 Reg H (Bo3)
|rated|
|rule|Species Clause: Limit one of each Pokémon
|rule|Item Clause: Limit 1 of each item
|clearpoke
|poke|p1|Dragonite, L50, F|
|poke|p1|Ursaluna-Bloodmoon, L50, M|
|poke|p1|Gholdengo, L50|
|poke|p1|Maushold-Four, L50|
|poke|p1|Annihilape, L50, F|
|poke|p1|Rillaboom, L50, F|
|poke|p2|Politoed, L50, F|
|poke|p2|Gothitelle, L50, F|
|poke|p2|Incineroar, L50, F|
|poke|p2|Amoonguss, L50, F|
|poke|p2|Kingdra, L50, M|
|poke|p2|Archaludon, L50, F|
|teampreview|4
|showteam|p1|Dragonite||LoadedDice|Multiscale|ScaleShot,Tailwind,Haze,Protect|||F|||50|,,,,,Fairy]Ursaluna-Bloodmoon||AssaultVest|MindsEye|BloodMoon,EarthPower,HyperVoice,VacuumWave|||M|||50|,,,,,Water]Gholdengo||LifeOrb|GoodasGold|MakeItRain,ShadowBall,NastyPlot,Protect||||||50|,,,,,Dragon]Maushold-Four||FocusSash|FriendGuard|Taunt,FollowMe,BeatUp,Protect||||||50|,,,,,Ghost]Annihilape||SitrusBerry|Defiant|RageFist,DrainPunch,BulkUp,Protect|||F|||50|,,,,,Fire]Rillaboom||MiracleSeed|GrassySurge|WoodHammer,GrassyGlide,HighHorsepower,FakeOut|||F|||50|,,,,,Fire
|showteam|p2|Politoed||Leftovers|Drizzle|Protect,WeatherBall,PerishSong,Encore|||F|||50|,,,,,Grass]Gothitelle||SitrusBerry|ShadowTag|Protect,Psychic,FakeOut,TrickRoom|||F|||50|,,,,,Dark]Incineroar||SafetyGoggles|Intimidate|Protect,KnockOff,FakeOut,PartingShot|||F|||50|,,,,,Ghost]Amoonguss||EjectButton|Regenerator|Protect,RagePowder,PollenPuff,Spore|||F|||50|,,,,,Fairy]Kingdra||LifeOrb|SwiftSwim|Protect,WeatherBall,DracoMeteor,MuddyWater|||M|||50|,,,,,Stellar]Archaludon||PowerHerb|Sturdy|Protect,ElectroShot,DragonPulse,FlashCannon|||F|||50|,,,,,Electric
|inactive|Battle timer is ON: inactive players will automatically lose when time's up. (requested by igres17)
|inactive|Archanile has 60 seconds left.
|
|t:|1757926202
|teamsize|p1|4
|teamsize|p2|4
|start
|switch|p1a: Dragonite|Dragonite, L50, F|100/100
|switch|p1b: Rillaboom|Rillaboom, L50, F|100/100
|switch|p2a: Politoed|Politoed, L50, F|100/100
|switch|p2b: Kingdra|Kingdra, L50, M|100/100
|-fieldstart|move: Grassy Terrain|[from] ability: Grassy Surge|[of] p1b: Rillaboom
|-weather|RainDance|[from] ability: Drizzle|[of] p2a: Politoed
|turn|1
|
|t:|1757926223
|switch|p2b: Incineroar|Incineroar, L50, F|100/100
|-ability|p2b: Incineroar|Intimidate|boost
|-unboost|p1a: Dragonite|atk|1
|-unboost|p1b: Rillaboom|atk|1
|-terastallize|p1a: Dragonite|Fairy
|move|p2a: Politoed|Protect|p2a: Politoed
|-singleturn|p2a: Politoed|Protect
|move|p1a: Dragonite|Scale Shot|p2b: Incineroar
|-damage|p2b: Incineroar|92/100
|-damage|p2b: Incineroar|82/100
|-crit|p2b: Incineroar
|-damage|p2b: Incineroar|62/100
|-damage|p2b: Incineroar|52/100
|-hitcount|p2b: Incineroar|4
|-unboost|p1a: Dragonite|def|1
|-boost|p1a: Dragonite|spe|1
|move|p1b: Rillaboom|Wood Hammer|p2a: Politoed
|-activate|p2a: Politoed|move: Protect
|
|-weather|RainDance|[upkeep]
|-heal|p2b: Incineroar|58/100|[from] Grassy Terrain
|upkeep
|turn|2
|inactive|Archanile has 30 seconds left.
|inactive|igres17 has 30 seconds left.
|inactive|Archanile has 20 seconds left.
|inactive|igres17 has 20 seconds left.
|inactive|Archanile has 15 seconds left.
|inactive|igres17 has 15 seconds left.
|
|t:|1757926265
|move|p1a: Dragonite|Protect|p1a: Dragonite
|-singleturn|p1a: Dragonite|Protect
|move|p2b: Incineroar|Protect|p2b: Incineroar
|-singleturn|p2b: Incineroar|Protect
|move|p1b: Rillaboom|High Horsepower|p2a: Politoed
|-damage|p2a: Politoed|77/100
|move|p2a: Politoed|Encore|p1a: Dragonite
|-activate|p1a: Dragonite|move: Protect
|
|-weather|RainDance|[upkeep]
|-heal|p2a: Politoed|83/100|[from] Grassy Terrain
|-heal|p2a: Politoed|89/100|[from] item: Leftovers
|-heal|p2b: Incineroar|64/100|[from] Grassy Terrain
|upkeep
|turn|3
|inactive|igres17 has 30 seconds left.
|
|t:|1757926294
|switch|p1b: Ursaluna|Ursaluna-Bloodmoon, L50, M|100/100
|switch|p2a: Archaludon|Archaludon, L50, F|100/100
|move|p1a: Dragonite|Tailwind|p1a: Dragonite
|-sidestart|p1: Archanile|move: Tailwind
|move|p2b: Incineroar|Parting Shot|p1a: Dragonite
|-unboost|p1a: Dragonite|atk|1
|-unboost|p1a: Dragonite|spa|1
|
|t:|1757926304
|switch|p2b: Kingdra|Kingdra, L50, M|100/100|[from] Parting Shot
|
|-weather|RainDance|[upkeep]
|upkeep
|turn|4
|inactive|Archanile has 30 seconds left.
|inactive|Archanile has 20 seconds left.
|inactive|igres17 has 30 seconds left.
|inactive|Archanile has 15 seconds left.
|
|t:|1757926347
|switch|p1b: Rillaboom|Rillaboom, L50, F|100/100
|move|p1a: Dragonite|Scale Shot|p2b: Kingdra
|-supereffective|p2b: Kingdra
|-damage|p2b: Kingdra|81/100
|-supereffective|p2b: Kingdra
|-damage|p2b: Kingdra|61/100
|-supereffective|p2b: Kingdra
|-damage|p2b: Kingdra|44/100
|-supereffective|p2b: Kingdra
|-damage|p2b: Kingdra|24/100
|-supereffective|p2b: Kingdra
|-damage|p2b: Kingdra|6/100
|-hitcount|p2b: Kingdra|5
|-unboost|p1a: Dragonite|def|1
|-boost|p1a: Dragonite|spe|1
|move|p2b: Kingdra|Weather Ball|p1b: Rillaboom
|-resisted|p1b: Rillaboom
|-damage|p1b: Rillaboom|53/100
|-damage|p2b: Kingdra|0 fnt|[from] item: Life Orb
|faint|p2b: Kingdra
|move|p2a: Archaludon|Electro Shot||[still]
|-prepare|p2a: Archaludon|Electro Shot
|-boost|p2a: Archaludon|spa|1
|-anim|p2a: Archaludon|Electro Shot|p1b: Rillaboom
|-resisted|p1b: Rillaboom
|-damage|p1b: Rillaboom|18/100
|
|-weather|RainDance|[upkeep]
|-heal|p1b: Rillaboom|24/100|[from] Grassy Terrain
|upkeep
|
|t:|1757926354
|switch|p2b: Incineroar|Incineroar, L50, F|64/100
|-ability|p2b: Incineroar|Intimidate|boost
|-unboost|p1a: Dragonite|atk|1
|-unboost|p1b: Rillaboom|atk|1
|turn|5
|inactive|Archanile has 30 seconds left.
|inactive|Archanile has 20 seconds left.
|
|t:|1757926391
|switch|p1a: Gholdengo|Gholdengo, L50|100/100
|move|p2b: Incineroar|Fake Out|p1a: Gholdengo
|-immune|p1a: Gholdengo
|move|p1b: Rillaboom|High Horsepower|p2b: Incineroar
|-supereffective|p2b: Incineroar
|-damage|p2b: Incineroar|27/100
|move|p2a: Archaludon|Electro Shot||[still]
|-prepare|p2a: Archaludon|Electro Shot
|-boost|p2a: Archaludon|spa|1
|-anim|p2a: Archaludon|Electro Shot|p1a: Gholdengo
|-damage|p1a: Gholdengo|0 fnt
|faint|p1a: Gholdengo
|
|-weather|none
|-heal|p1b: Rillaboom|30/100|[from] Grassy Terrain
|-heal|p2b: Incineroar|33/100|[from] Grassy Terrain
|-fieldend|move: Grassy Terrain
|upkeep
|
|t:|1757926408
|switch|p1a: Ursaluna|Ursaluna-Bloodmoon, L50, M|100/100
|turn|6
|
|t:|1757926427
|switch|p1b: Dragonite|Dragonite, L50, F, tera:Fairy|100/100
|move|p1a: Ursaluna|Blood Moon|p2b: Incineroar
|-crit|p2b: Incineroar
|-damage|p2b: Incineroar|0 fnt
|faint|p2b: Incineroar
|move|p2a: Archaludon|Dragon Pulse|p1a: Ursaluna
|-damage|p1a: Ursaluna|43/100
|
|-sideend|p1: Archanile|move: Tailwind
|upkeep
|
|t:|1757926434
|switch|p2b: Politoed|Politoed, L50, F|89/100
|-weather|RainDance|[from] ability: Drizzle|[of] p2b: Politoed
|turn|7
|inactive|Archanile has 30 seconds left.
|
|t:|1757926464
|switch|p1a: Rillaboom|Rillaboom, L50, F|30/100
|-fieldstart|move: Grassy Terrain|[from] ability: Grassy Surge|[of] p1a: Rillaboom
|move|p2a: Archaludon|Flash Cannon|p1b: Dragonite
|-supereffective|p1b: Dragonite
|-damage|p1b: Dragonite|21/100
|move|p1b: Dragonite|Scale Shot|p2a: Archaludon
|-damage|p2a: Archaludon|88/100
|-damage|p2a: Archaludon|76/100
|-damage|p2a: Archaludon|64/100
|-damage|p2a: Archaludon|50/100
|-hitcount|p2a: Archaludon|4
|-unboost|p1b: Dragonite|def|1
|-boost|p1b: Dragonite|spe|1
|move|p2b: Politoed|Weather Ball|p1a: Rillaboom
|-resisted|p1a: Rillaboom
|-damage|p1a: Rillaboom|6/100
|
|-weather|RainDance|[upkeep]
|-heal|p1b: Dragonite|27/100|[from] Grassy Terrain
|-heal|p2a: Archaludon|57/100|[from] Grassy Terrain
|-heal|p1a: Rillaboom|12/100|[from] Grassy Terrain
|-heal|p2b: Politoed|95/100|[from] Grassy Terrain
|-heal|p2b: Politoed|100/100|[from] item: Leftovers
|upkeep
|turn|8
|inactive|Archanile has 30 seconds left.
|
|t:|1757926495
|-terastallize|p2b: Politoed|Grass
|move|p2a: Archaludon|Protect|p2a: Archaludon
|-singleturn|p2a: Archaludon|Protect
|move|p1b: Dragonite|Tailwind|p1b: Dragonite
|-sidestart|p1: Archanile|move: Tailwind
|move|p1a: Rillaboom|High Horsepower|p2a: Archaludon
|-activate|p2a: Archaludon|move: Protect
|move|p2b: Politoed|Weather Ball|p1b: Dragonite
|-damage|p1b: Dragonite|0 fnt
|faint|p1b: Dragonite
|
|-weather|RainDance|[upkeep]
|-heal|p1a: Rillaboom|18/100|[from] Grassy Terrain
|-heal|p2a: Archaludon|63/100|[from] Grassy Terrain
|upkeep
|
|t:|1757926504
|switch|p1b: Ursaluna|Ursaluna-Bloodmoon, L50, M|43/100
|turn|9
|inactive|Archanile has 30 seconds left.
|inactive|Archanile has 20 seconds left.
|inactive|Archanile has 15 seconds left.
|
|t:|1757926544
|move|p1a: Rillaboom|Wood Hammer|p2b: Politoed
|-resisted|p2b: Politoed
|-damage|p2b: Politoed|55/100
|-damage|p1a: Rillaboom|3/100|[from] Recoil
|move|p1b: Ursaluna|Blood Moon|p2b: Politoed
|-damage|p2b: Politoed|0 fnt
|faint|p2b: Politoed
|move|p2a: Archaludon|Dragon Pulse|p1b: Ursaluna
|-damage|p1b: Ursaluna|0 fnt
|faint|p1b: Ursaluna
|
|-weather|RainDance|[upkeep]
|-heal|p1a: Rillaboom|9/100|[from] Grassy Terrain
|-heal|p2a: Archaludon|69/100|[from] Grassy Terrain
|upkeep
|turn|10
|
|t:|1757926558
|move|p2a: Archaludon|Protect|p2a: Archaludon
|-singleturn|p2a: Archaludon|Protect
|move|p1a: Rillaboom|High Horsepower|p2a: Archaludon
|-activate|p2a: Archaludon|move: Protect
|
|-weather|RainDance|[upkeep]
|-heal|p1a: Rillaboom|15/100|[from] Grassy Terrain
|-heal|p2a: Archaludon|75/100|[from] Grassy Terrain
|upkeep
|turn|11
|
|t:|1757926563
|move|p1a: Rillaboom|High Horsepower|p2a: Archaludon
|-supereffective|p2a: Archaludon
|-damage|p2a: Archaludon|20/100
|move|p2a: Archaludon|Dragon Pulse|p1a: Rillaboom
|-damage|p1a: Rillaboom|0 fnt
|faint|p1a: Rillaboom
|
|win|igres17
|raw|Archanile's rating: 1108 → 1089(-19 for losing)
|raw|igres17's rating: 1189 → 1208(+19 for winning)
