|j|☆jeanryupr
|j|☆aaronballs
|html|jeanryupraaronballs    
|uhtml|bestof|Game 2 of a best-of-3
|t:|1785173099
|gametype|doubles
|player|p1|jeanryupr|265|1160
|player|p2|aaronballs|266|1088
|gen|9
|tier|[Gen 9 Champions] VGC 2026 Reg M-B (Bo3)
|rated|
|rule|Species Clause: Limit one of each Pokémon
|rule|Item Clause: Limit 1 of each item
|clearpoke
|poke|p1|Staraptor, L50, M|
|poke|p1|Glimmora, L50, F|
|poke|p1|Whimsicott, L50, F|
|poke|p1|Kingambit, L50, M|
|poke|p1|Garchomp, L50, M|
|poke|p1|Delphox, L50, M|
|poke|p2|Lopunny, L50, F|
|poke|p2|Talonflame, L50, F|
|poke|p2|Basculegion, L50, M|
|poke|p2|Gholdengo, L50|
|poke|p2|Raichu, L50, F|
|poke|p2|Whimsicott, L50, M|
|teampreview|4
|showteam|p1|Staraptor||Staraptite|Intimidate|CloseCombat,BraveBird,Roost,Protect|Jolly||M|||50|]Glimmora||FocusSash|ToxicDebris|PowerGem,SludgeBomb,EarthPower,SpikyShield|Modest||F|||50|]Whimsicott||OccaBerry|Prankster|Tailwind,Moonblast,Charm,LightScreen|Timid||F|||50|]Kingambit||ChopleBerry|Defiant|KowtowCleave,IronHead,LowKick,SuckerPunch|Adamant||M|||50|]Garchomp||ChoiceScarf|RoughSkin|Earthquake,DragonClaw,RockSlide,StompingTantrum|Adamant||M|||50|]Delphox||Delphoxite|Blaze|HeatWave,Psychic,Encore,Protect|Timid||M|||50|
|showteam|p2|Lopunny||Lopunnite|CuteCharm|FakeOut,CloseCombat,Encore,GigaImpact|Adamant||F|||50|]Talonflame||SharpBeak|GaleWings|BraveBird,Tailwind,Protect,FlareBlitz|Adamant||F|||50|]Basculegion||MysticWater|Adaptability|WaveCrash,LastRespects,AquaJet,Protect|Adamant||M|||50|]Gholdengo||LifeOrb|GoodasGold|NastyPlot,Protect,MakeItRain,ShadowBall|Modest|||||50|]Raichu||RaichuniteY|Static|ZapCannon,FocusBlast,FakeOut,Protect|Modest||F|||50|]Whimsicott||FocusSash|Prankster|Encore,Tailwind,Moonblast,Protect|Modest||M|||50|
|inactive|Battle timer is ON: inactive players will automatically lose when time's up. (requested by aaronballs)
|
|t:|1785173128
|teamsize|p1|4
|teamsize|p2|4
|start
|switch|p1a: Delphox|Delphox, L50, M|100/100
|switch|p1b: Whimsicott|Whimsicott, L50, F|100/100
|switch|p2a: Raichu|Raichu, L50, F|100/100
|switch|p2b: Whimsicott|Whimsicott, L50, M|100/100
|turn|1
|inactive|aaronballs has 30 seconds left.
|inactive|aaronballs has 20 seconds left.
|inactive|aaronballs has 15 seconds left.
|inactive|aaronballs has 10 seconds left.
|inactive|aaronballs has 5 seconds left.
|
|t:|1785173179
|switch|p1a: Garchomp|Garchomp, L50, M|100/100
|detailschange|p2a: Raichu|Raichu-Mega-Y, L50, F
|-mega|p2a: Raichu|Raichu|Raichunite Y
|move|p2a: Raichu|Fake Out|p1b: Whimsicott
|-damage|p1b: Whimsicott|92/100
|move|p2b: Whimsicott|Tailwind|p2b: Whimsicott
|-sidestart|p2: aaronballs|move: Tailwind
|cant|p1b: Whimsicott|flinch
|
|upkeep
|turn|2
|
|t:|1785173203
|move|p2a: Raichu|Protect|p2a: Raichu
|-singleturn|p2a: Raichu|Protect
|move|p1b: Whimsicott|Tailwind|p1b: Whimsicott
|-sidestart|p1: jeanryupr|move: Tailwind
|move|p1a: Garchomp|Earthquake|p2a: Raichu|[spread] p1b,p2b
|-activate|p2a: Raichu|move: Protect
|-resisted|p1b: Whimsicott|1
|-resisted|p2b: Whimsicott|1
|-damage|p1b: Whimsicott|74/100
|-damage|p2b: Whimsicott|68/100
|move|p2b: Whimsicott|Moonblast|p1a: Garchomp
|-supereffective|p1a: Garchomp|1
|-damage|p1a: Garchomp|18/100
|
|upkeep
|turn|3
|inactive|aaronballs has 30 seconds left.
|
|t:|1785173233
|switch|p2a: Basculegion|Basculegion, L50, M|100/100
|move|p1a: Garchomp|Earthquake|p2b: Whimsicott|[spread] p1b,p2a,p2b
|-resisted|p1b: Whimsicott|1
|-resisted|p2b: Whimsicott|1
|-damage|p1b: Whimsicott|55/100
|-damage|p2a: Basculegion|55/100
|-damage|p2b: Whimsicott|40/100
|move|p2b: Whimsicott|Moonblast|p1a: Garchomp
|-supereffective|p1a: Garchomp|1
|-damage|p1a: Garchomp|0 fnt
|faint|p1a: Garchomp
|move|p1b: Whimsicott|Moonblast|p2b: Whimsicott
|-damage|p2b: Whimsicott|0 fnt
|faint|p2b: Whimsicott
|
|upkeep
|
|t:|1785173249
|switch|p2b: Raichu|Raichu-Mega-Y, L50, F|100/100
|switch|p1a: Kingambit|Kingambit, L50, M|100/100
|turn|4
|
|t:|1785173265
|move|p2b: Raichu|Fake Out|p1a: Kingambit
|-resisted|p1a: Kingambit|1
|-damage|p1a: Kingambit|97/100
|move|p1b: Whimsicott|Light Screen|p1b: Whimsicott
|-sidestart|p1: jeanryupr|move: Light Screen
|move|p2a: Basculegion|Last Respects|p1b: Whimsicott
|-damage|p1b: Whimsicott|0 fnt
|faint|p1b: Whimsicott
|cant|p1a: Kingambit|flinch
|
|-sideend|p2: aaronballs|move: Tailwind
|upkeep
|
|t:|1785173274
|switch|p1b: Delphox|Delphox, L50, M|100/100
|turn|5
|inactive|jeanryupr has 30 seconds left.
|inactive|aaronballs has 30 seconds left.
|
|t:|1785173308
|detailschange|p1b: Delphox|Delphox-Mega, L50, M
|-mega|p1b: Delphox|Delphox|Delphoxite
|move|p2a: Basculegion|Aqua Jet|p1b: Delphox
|-supereffective|p1b: Delphox|1
|-damage|p1b: Delphox|0 fnt
|faint|p1b: Delphox
|move|p2b: Raichu|Focus Blast|p1a: Kingambit
|-supereffective|p1a: Kingambit|2
|-enditem|p1a: Kingambit|Chople Berry|[eat]
|-enditem|p1a: Kingambit|Chople Berry|[weaken]
|-damage|p1a: Kingambit|33/100
|move|p1a: Kingambit|Kowtow Cleave|p2a: Basculegion
|-supereffective|p2a: Basculegion|1
|-damage|p2a: Basculegion|0 fnt
|faint|p2a: Basculegion
|
|-sideend|p1: jeanryupr|move: Tailwind
|upkeep
|
|t:|1785173324
|switch|p2a: Gholdengo|Gholdengo, L50|100/100
|turn|6
|
|t:|1785173332
|move|p1a: Kingambit|Sucker Punch|p2b: Raichu
|-damage|p2b: Raichu|39/100
|move|p2b: Raichu|Focus Blast|p1a: Kingambit
|-supereffective|p1a: Kingambit|2
|-damage|p1a: Kingambit|0 fnt
|faint|p1a: Kingambit
|
|win|aaronballs
