|j|☆Quanimint
|j|☆Lamburrito
|html|QuanimintLamburrito    
|uhtml|bestof|Game 2 of a best-of-3
|t:|1782351999
|gametype|doubles
|player|p1|Quanimint|170|1110
|player|p2|Lamburrito|marlon|1137
|gen|9
|tier|[Gen 9 Champions] VGC 2026 Reg M-B (Bo3)
|rated|
|rule|Species Clause: Limit one of each Pokémon
|rule|Item Clause: Limit 1 of each item
|clearpoke
|poke|p1|Pelipper, L50, F|
|poke|p1|Metagross, L50|
|poke|p1|Archaludon, L50, M|
|poke|p1|Grimmsnarl, L50, M|
|poke|p1|Swampert, L50, M|
|poke|p1|Sinistcha, L50|
|poke|p2|Scrafty, L50, M, shiny|
|poke|p2|Runerigus, L50, F|
|poke|p2|Reuniclus, L50, M, shiny|
|poke|p2|Blastoise, L50, M, shiny|
|poke|p2|Staraptor, L50, F, shiny|
|poke|p2|Scizor, L50, M|
|teampreview|4
|showteam|p1|Pelipper||FocusSash|Drizzle|WeatherBall,Hurricane,Tailwind,Protect|Timid||F|||50|]Metagross||Metagrossite|ClearBody|PsychicFangs,IronHead,BulletPunch,Protect|Adamant|||||50|]Archaludon||Leftovers|Stamina|ElectroShot,FlashCannon,DracoMeteor,Protect|Bold||M|||50|]Grimmsnarl||LightClay|Prankster|SpiritBreak,Reflect,LightScreen,PartingShot|Careful||M|||50|]Swampert||Swampertite|Torrent|WaveCrash,Earthquake,IcePunch,Protect|Adamant||M|||50|]Sinistcha||SitrusBerry|Hospitality|MatchaGotcha,LifeDew,RagePowder,TrickRoom|Bold|||||50|
|showteam|p2|Scrafty||Scraftinite|Intimidate|Crunch,CloseCombat,Coaching,Protect|Brave||M|||50|]Runerigus||ColburBerry|WanderingSpirit|EarthPower,WillOWisp,Protect,TrickRoom|Relaxed||F|||50|]Reuniclus||LifeOrb|MagicGuard|Psychic,Superpower,RainDance,TrickRoom|Quiet||M|||50|]Blastoise||Blastoisinite|Torrent|WaterSpout,DarkPulse,Protect,ShellSmash|Modest||M|||50|]Staraptor||ChoiceScarf|Intimidate|FinalGambit,DualWingbeat,CloseCombat,Tailwind|Jolly||F|||50|]Scizor||SitrusBerry|Technician|BulletPunch,BugBite,QuickGuard,Protect|Adamant||M|||50|
|inactive|Battle timer is ON: inactive players will automatically lose when time's up. (requested by Quanimint)
|
|t:|1782352041
|teamsize|p1|4
|teamsize|p2|4
|start
|switch|p1a: Metagross|Metagross, L50|100/100
|switch|p1b: Grimmsnarl|Grimmsnarl, L50, M|100/100
|switch|p2a: Callum|Scrafty, L50, M, shiny|100/100
|switch|p2b: Zoro|Scizor, L50, M|100/100
|-ability|p2a: Callum|Intimidate|boost
|-fail|p1a: Metagross|unboost|[from] ability: Clear Body|[of] p1a: Metagross
|-unboost|p1b: Grimmsnarl|atk|1
|turn|1
|inactive|Quanimint has 30 seconds left.
|inactive|Quanimint has 20 seconds left.
|
|t:|1782352080
|detailschange|p1a: Metagross|Metagross-Mega, L50
|-mega|p1a: Metagross|Metagross|Metagrossite
|detailschange|p2a: Callum|Scrafty-Mega, L50, M, shiny
|-mega|p2a: Callum|Scrafty|Scraftinite
|-ability|p2a: Callum|Intimidate|boost
|-unboost|p1a: Metagross|atk|1
|-unboost|p1b: Grimmsnarl|atk|1
|move|p2b: Zoro|Bullet Punch|p1b: Grimmsnarl
|-supereffective|p1b: Grimmsnarl|1
|-damage|p1b: Grimmsnarl|24/100
|move|p1a: Metagross|Psychic Fangs|p2b: Zoro
|-resisted|p2b: Zoro|1
|-damage|p2b: Zoro|76/100
|move|p1b: Grimmsnarl|Spirit Break|p2a: Callum
|-supereffective|p2a: Callum|2
|-damage|p2a: Callum|52/100
|-unboost|p2a: Callum|spa|1
|move|p2a: Callum|Coaching|p2b: Zoro
|-boost|p2b: Zoro|atk|1
|-boost|p2b: Zoro|def|1
|
|upkeep
|turn|2
|inactive|Quanimint has 30 seconds left.
|inactive|Lamburrito has 30 seconds left.
|inactive|Quanimint has 20 seconds left.
|
|t:|1782352116
|switch|p1b: Pelipper|Pelipper, L50, F|100/100
|-weather|RainDance|[from] ability: Drizzle|[of] p1b: Pelipper
|move|p2b: Zoro|Protect|p2b: Zoro
|-singleturn|p2b: Zoro|Protect
|move|p1a: Metagross|Iron Head|p2a: Callum
|-damage|p2a: Callum|17/100
|move|p2a: Callum|Coaching|p2b: Zoro
|-boost|p2b: Zoro|atk|1
|-boost|p2b: Zoro|def|1
|
|-weather|RainDance|[upkeep]
|upkeep
|turn|3
|
|t:|1782352141
|switch|p2a: Cursed Tool|Runerigus, L50, F|100/100
|move|p1a: Metagross|Bullet Punch|p2a: Cursed Tool
|-damage|p2a: Cursed Tool|83/100
|-activate|p1a: Metagross|Skill Swap|Wandering Spirit|Tough Claws|[of] p2a: Cursed Tool
|move|p2b: Zoro|Bullet Punch|p1b: Pelipper
|-resisted|p1b: Pelipper|1
|-damage|p1b: Pelipper|53/100
|move|p1b: Pelipper|Weather Ball|p2b: Zoro
|-damage|p2b: Zoro|8/100
|-enditem|p2b: Zoro|Sitrus Berry|[eat]
|-heal|p2b: Zoro|33/100|[from] item: Sitrus Berry
|
|-weather|RainDance|[upkeep]
|upkeep
|turn|4
|inactive|Quanimint has 30 seconds left.
|
|t:|1782352166
|switch|p1a: Sinistcha|Sinistcha, L50|100/100
|-heal|p1b: Pelipper|77/100|[from] ability: Hospitality|[of] p1a: Sinistcha
|switch|p2a: Callum|Scrafty-Mega, L50, M, shiny|17/100
|-ability|p2a: Callum|Intimidate|boost
|-unboost|p1a: Sinistcha|atk|1
|-unboost|p1b: Pelipper|atk|1
|move|p2b: Zoro|Protect|p2b: Zoro
|-singleturn|p2b: Zoro|Protect
|move|p1b: Pelipper|Weather Ball|p2b: Zoro
|-activate|p2b: Zoro|move: Protect
|
|-weather|RainDance|[upkeep]
|upkeep
|turn|5
|inactive|Lamburrito has 30 seconds left.
|
|t:|1782352192
|move|p1a: Sinistcha|Rage Powder|p1a: Sinistcha
|-singleturn|p1a: Sinistcha|move: Rage Powder
|move|p2b: Zoro|Bullet Punch|p1a: Sinistcha
|-damage|p1a: Sinistcha|45/100
|-enditem|p1a: Sinistcha|Sitrus Berry|[eat]
|-heal|p1a: Sinistcha|70/100|[from] item: Sitrus Berry
|move|p1b: Pelipper|Weather Ball|p2b: Zoro
|-damage|p2b: Zoro|0 fnt
|faint|p2b: Zoro
|move|p2a: Callum|Crunch|p1a: Sinistcha
|-supereffective|p1a: Sinistcha|1
|-damage|p1a: Sinistcha|0 fnt
|faint|p1a: Sinistcha
|
|-weather|RainDance|[upkeep]
|upkeep
|
|t:|1782352209
|switch|p1a: Metagross|Metagross-Mega, L50|100/100
|switch|p2b: Blake|Blastoise, L50, M, shiny|100/100
|turn|6
|
|t:|1782352225
|switch|p2a: Cursed Tool|Runerigus, L50, F|83/100
|move|p1a: Metagross|Protect|p1a: Metagross
|-singleturn|p1a: Metagross|Protect
|move|p2b: Blake|Protect|p2b: Blake
|-singleturn|p2b: Blake|Protect
|move|p1b: Pelipper|Tailwind|p1b: Pelipper
|-sidestart|p1: Quanimint|move: Tailwind
|
|-weather|none
|upkeep
|turn|7
|
|t:|1782352249
|switch|p2b: Callum|Scrafty-Mega, L50, M, shiny|17/100
|-ability|p2b: Callum|Intimidate|boost
|-unboost|p1a: Metagross|atk|1
|-unboost|p1b: Pelipper|atk|1
|move|p1a: Metagross|Psychic Fangs|p2b: Callum
|-immune|p2b: Callum
|move|p1b: Pelipper|Hurricane|p2b: Callum
|-supereffective|p2b: Callum|1
|-damage|p2b: Callum|0 fnt
|faint|p2b: Callum
|move|p2a: Cursed Tool|Will-O-Wisp|p1a: Metagross
|-status|p1a: Metagross|brn
|
|-damage|p1a: Metagross|94/100 brn|[from] brn
|upkeep
|
|t:|1782352263
|switch|p2b: Blake|Blastoise, L50, M, shiny|100/100
|turn|8
|
|t:|1782352282
|move|p2b: Blake|Protect|p2b: Blake
|-singleturn|p2b: Blake|Protect
|move|p1a: Metagross|Psychic Fangs|p2b: Blake
|-activate|p2b: Blake|move: Protect
|move|p1b: Pelipper|Hurricane|p2b: Blake
|-activate|p2b: Blake|move: Protect
|move|p2a: Cursed Tool|Trick Room|p2a: Cursed Tool
|-fieldstart|move: Trick Room|[of] p2a: Cursed Tool
|
|-damage|p1a: Metagross|88/100 brn|[from] brn
|upkeep
|turn|9
|
|t:|1782352304
|move|p2a: Cursed Tool|Earth Power|p1a: Metagross
|-supereffective|p1a: Metagross|1
|-damage|p1a: Metagross|49/100 brn
|move|p2b: Blake|Dark Pulse|p1b: Pelipper
|-damage|p1b: Pelipper|34/100
|move|p1b: Pelipper|Hurricane|p2b: Blake|[miss]
|-miss|p1b: Pelipper|p2b: Blake
|move|p1a: Metagross|Psychic Fangs|p2b: Blake
|-damage|p2b: Blake|77/100
|
|-damage|p1a: Metagross|43/100 brn|[from] brn
|-sideend|p1: Quanimint|move: Tailwind
|upkeep
|turn|10
|-message|Quanimint forfeited.
|raw|Quanimint's rating: 1110 → 1087(-23 for losing)
|raw|Lamburrito's rating: 1137 → 1160(+23 for winning)
|
|win|Lamburrito
|l|☆Quanimint
|player|p1|
