|j|☆DrXJ13
|j|☆Scraggys jorts
|html|DrXJ13Scraggys jorts    
|uhtml|bestof|Game 2 of a best-of-3
|t:|1783265392
|gametype|doubles
|player|p1|DrXJ13|cyrus|1283
|player|p2|Scraggys jorts|266|1183
|gen|9
|tier|[Gen 9 Champions] VGC 2026 Reg M-B (Bo3)
|rated|
|rule|Species Clause: Limit one of each Pokémon
|rule|Item Clause: Limit 1 of each item
|clearpoke
|poke|p1|Froslass, L50, F|
|poke|p1|Sneasler, L50, F|
|poke|p1|Kingambit, L50, M|
|poke|p1|Scovillain, L50, F|
|poke|p1|Basculegion, L50, M|
|poke|p1|Lycanroc-Dusk, L50, M|
|poke|p2|Lopunny, L50, M|
|poke|p2|Sylveon, L50, F|
|poke|p2|Talonflame, L50, M|
|poke|p2|Basculegion, L50, M|
|poke|p2|Metagross, L50|
|poke|p2|Garchomp, L50, M|
|teampreview|4
|showteam|p1|Froslass||Froslassite|CursedBody|Blizzard,ShadowBall,AuroraVeil,Protect|Modest||F|||50|]Sneasler||WhiteHerb|Unburden|FakeOut,CloseCombat,DireClaw,Protect|Jolly||F|||50|]Kingambit||BlackGlasses|Defiant|SwordsDance,SuckerPunch,Protect,KowtowCleave|Adamant||M|||50|]Scovillain||Scovillainite|Moody|Overheat,GigaDrain,RagePowder,Protect|Bold||F|||50|]Basculegion||ChoiceScarf|Adaptability|AquaJet,FlipTurn,WaveCrash,LastRespects|Jolly||M|||50|]Lycanroc-Dusk||FocusSash|ToughClaws|Accelerock,CloseCombat,RockSlide,Protect|Adamant||M|||50|
|showteam|p2|Lopunny||Lopunnite|CuteCharm|CloseCombat,GigaImpact,FakeOut,Encore|Jolly||M|||50|]Sylveon||FairyFeather|Pixilate|HyperVoice,HyperBeam,QuickAttack,Detect|Modest||F|||50|]Talonflame|||GaleWings|Acrobatics,FlareBlitz,Tailwind,Protect|Adamant||M|||50|]Basculegion||FocusSash|Adaptability|Liquidation,LastRespects,AquaJet,Protect|Adamant||M|||50|]Metagross||Metagrossite|ClearBody|IronHead,PsychicFangs,IcePunch,Protect|Adamant|||||50|]Garchomp||LifeOrb|RoughSkin|StompingTantrum,RockSlide,DragonClaw,Protect|Adamant||M|||50|
|inactive|Battle timer is ON: inactive players will automatically lose when time's up. (requested by DrXJ13)
|
|t:|1783265408
|teamsize|p1|4
|teamsize|p2|4
|start
|switch|p1a: Scovillain|Scovillain, L50, F|100/100
|switch|p1b: Lycanroc|Lycanroc-Dusk, L50, M|100/100
|switch|p2a: Talonflame|Talonflame, L50, M|100/100
|switch|p2b: Sylveon|Sylveon, L50, F|100/100
|turn|1
|
|t:|1783265429
|detailschange|p1a: Scovillain|Scovillain-Mega, L50, F
|-mega|p1a: Scovillain|Scovillain|Scovillainite
|move|p1b: Lycanroc|Protect|p1b: Lycanroc
|-singleturn|p1b: Lycanroc|Protect
|move|p2b: Sylveon|Detect|p2b: Sylveon
|-singleturn|p2b: Sylveon|Protect
|move|p2a: Talonflame|Acrobatics|p1a: Scovillain
|-supereffective|p1a: Scovillain|1
|-damage|p1a: Scovillain|4/100
|-immune|p2a: Talonflame
|move|p1a: Scovillain|Overheat|p2b: Sylveon
|-activate|p2b: Sylveon|move: Protect
|
|upkeep
|turn|2
|
|t:|1783265448
|move|p1a: Scovillain|Protect|p1a: Scovillain
|-singleturn|p1a: Scovillain|Protect
|move|p2a: Talonflame|Tailwind|p2a: Talonflame
|-sidestart|p2: Scraggys jorts|move: Tailwind
|move|p2b: Sylveon|Hyper Voice|p1a: Scovillain|[spread] p1b
|-activate|p1a: Scovillain|move: Protect
|-damage|p1b: Lycanroc|25/100
|move|p1b: Lycanroc|Rock Slide|p2b: Sylveon|[spread] p2a,p2b
|-supereffective|p2a: Talonflame|2
|-damage|p2a: Talonflame|0 fnt
|-damage|p2b: Sylveon|66/100
|faint|p2a: Talonflame
|
|upkeep
|
|t:|1783265466
|switch|p2a: Lopunny|Lopunny, L50, M|100/100
|turn|3
|
|t:|1783265475
|detailschange|p2a: Lopunny|Lopunny-Mega, L50, M
|-mega|p2a: Lopunny|Lopunny|Lopunnite
|move|p1b: Lycanroc|Protect|p1b: Lycanroc
|-singleturn|p1b: Lycanroc|Protect
|move|p2a: Lopunny|Fake Out|p1b: Lycanroc
|-activate|p1b: Lycanroc|move: Protect
|move|p2b: Sylveon|Hyper Voice|p1b: Lycanroc|[spread] p1a
|-activate|p1b: Lycanroc|move: Protect
|-resisted|p1a: Scovillain|1
|-damage|p1a: Scovillain|0 fnt
|-status|p2b: Sylveon|brn|[from] ability: Spicy Spray|[of] p1a: Scovillain
|faint|p1a: Scovillain
|
|-damage|p2b: Sylveon|60/100 brn|[from] brn
|upkeep
|
|t:|1783265496
|switch|p1a: Basculegion|Basculegion, L50, M|100/100
|turn|4
|
|t:|1783265510
|move|p1b: Lycanroc|Accelerock|p2b: Sylveon
|-damage|p2b: Sylveon|30/100 brn
|move|p2a: Lopunny|Close Combat|p1a: Basculegion
|-damage|p1a: Basculegion|21/100
|-unboost|p2a: Lopunny|def|1
|-unboost|p2a: Lopunny|spd|1
|move|p1a: Basculegion|Wave Crash|p2a: Lopunny
|-damage|p2a: Lopunny|0 fnt
|faint|p2a: Lopunny
|-damage|p1a: Basculegion|0 fnt|[from] Recoil
|faint|p1a: Basculegion
|move|p2b: Sylveon|Hyper Voice|p1b: Lycanroc
|-damage|p1b: Lycanroc|0 fnt
|faint|p1b: Lycanroc
|
|-damage|p2b: Sylveon|24/100 brn|[from] brn
|upkeep
|
|t:|1783265527
|switch|p2a: Basculegion|Basculegion, L50, M|100/100
|switch|p1b: Kingambit|Kingambit, L50, M|100/100
|turn|5
|
|t:|1783265535
|move|p1b: Kingambit|Protect|p1b: Kingambit
|-singleturn|p1b: Kingambit|Protect
|move|p2a: Basculegion|Liquidation|p1b: Kingambit
|-activate|p1b: Kingambit|move: Protect
|move|p2b: Sylveon|Hyper Beam|p1b: Kingambit
|-activate|p1b: Kingambit|move: Protect
|
|-damage|p2b: Sylveon|18/100 brn|[from] brn
|-sideend|p2: Scraggys jorts|move: Tailwind
|upkeep
|turn|6
|
|t:|1783265545
|move|p1b: Kingambit|Sucker Punch|p2b: Sylveon
|-resisted|p2b: Sylveon|1
|-damage|p2b: Sylveon|0 fnt
|faint|p2b: Sylveon
|move|p2a: Basculegion|Liquidation|p1b: Kingambit
|-damage|p1b: Kingambit|55/100
|
|upkeep
|turn|7
|
|t:|1783265555
|move|p2a: Basculegion|Liquidation|p1b: Kingambit
|-damage|p1b: Kingambit|12/100
|move|p1b: Kingambit|Kowtow Cleave|p2a: Basculegion
|-supereffective|p2a: Basculegion|1
|-enditem|p2a: Basculegion|Focus Sash
|-damage|p2a: Basculegion|1/100
|
|upkeep
|turn|8
|
|t:|1783265564
|move|p2a: Basculegion|Aqua Jet|p1b: Kingambit
|-damage|p1b: Kingambit|0 fnt
|faint|p1b: Kingambit
|
|win|Scraggys jorts
