|j|☆Shaymin frohawk
|j|☆Digao19
|html|Shaymin frohawkDigao19    
|uhtml|bestof|Game 2 of a best-of-3
|t:|1786114348
|gametype|doubles
|player|p1|Shaymin frohawk|101|1078
|player|p2|Digao19|266|1212
|gen|9
|tier|[Gen 9 Champions] VGC 2026 Reg M-B (Bo3)
|rated|
|rule|Species Clause: Limit one of each Pokémon
|rule|Item Clause: Limit 1 of each item
|clearpoke
|poke|p1|Raichu, L50, M|
|poke|p1|Staraptor, L50, F|
|poke|p1|Arcanine-Hisui, L50, M|
|poke|p1|Sylveon, L50, F|
|poke|p1|Farigiraf, L50, M|
|poke|p1|Kingambit, L50, F|
|poke|p2|Charizard, L50, M, shiny|
|poke|p2|Venusaur, L50, F|
|poke|p2|Grimmsnarl, L50, M|
|poke|p2|Archaludon, L50, F|
|poke|p2|Pelipper, L50, F|
|poke|p2|Swampert, L50, F|
|teampreview|4
|showteam|p1|Raichu||RaichuniteY|LightningRod|ZapCannon,FocusBlast,FakeOut,Protect|Hasty||M|||50|]Staraptor||Staraptite|Intimidate|DualWingbeat,CloseCombat,Tailwind,Protect|Jolly||F|||50|]Arcanine-Hisui||FocusSash|RockHead|FlareBlitz,HeadSmash,ExtremeSpeed,Protect|Jolly||M|||50|]Sylveon||FairyFeather|Pixilate|HyperBeam,HyperVoice,QuickAttack,Detect|Modest||F|||50|]Farigiraf||SitrusBerry|ArmorTail|TrickRoom,Protect,Psychic,HelpingHand|Calm||M|||50|]Kingambit||LifeOrb|Defiant|KowtowCleave,SuckerPunch,Protect,SwordsDance|Adamant||F|||50|
|showteam|p2|Charizard||CharizarditeY|Blaze|HeatWave,Hurricane,WeatherBall,Protect|Modest||M|||50|]Venusaur||FocusSash|Chlorophyll|LeafStorm,SludgeBomb,SleepPowder,Protect|Timid||F|||50|]Grimmsnarl||LightClay|Prankster|SpiritBreak,PartingShot,LightScreen,Reflect|Careful||M|||50|]Archaludon||Leftovers|Stamina|ElectroShot,DragonPulse,FlashCannon,Protect|Bold||F|||50|]Pelipper||SitrusBerry|Drizzle|WeatherBall,Hurricane,Tailwind,WideGuard|Modest||F|||50|]Swampert||Swampertite|Damp|WaveCrash,Earthquake,IcePunch,Protect|Adamant||F|||50|
|inactive|Battle timer is ON: inactive players will automatically lose when time's up. (requested by Shaymin frohawk)
|inactive|Digao19 has 60 seconds left.
|
|t:|1786114478
|teamsize|p1|4
|teamsize|p2|4
|start
|switch|p1a: Staraptor|Staraptor, L50, F|100/100
|switch|p1b: Raichu|Raichu, L50, M|100/100
|switch|p2a: Grimmsnarl|Grimmsnarl, L50, M|100/100
|switch|p2b: Archaludon|Archaludon, L50, F|100/100
|-ability|p1a: Staraptor|Intimidate|boost
|-unboost|p2a: Grimmsnarl|atk|1
|-unboost|p2b: Archaludon|atk|1
|turn|1
|inactive|Digao19 has 30 seconds left.
|inactive|Digao19 has 20 seconds left.
|inactive|Digao19 has 15 seconds left.
|inactive|Digao19 has 10 seconds left.
|inactive|Digao19 has 5 seconds left.
|
|t:|1786114531
|detailschange|p1a: Staraptor|Staraptor-Mega, L50, F
|-mega|p1a: Staraptor|Staraptor|Staraptite
|move|p2b: Archaludon|Protect|p2b: Archaludon
|-singleturn|p2b: Archaludon|Protect
|move|p1b: Raichu|Fake Out|p2a: Grimmsnarl
|-damage|p2a: Grimmsnarl|89/100
|cant|p2a: Grimmsnarl|flinch
|move|p1a: Staraptor|Close Combat|p2a: Grimmsnarl
|-damage|p2a: Grimmsnarl|30/100
|-boost|p1a: Staraptor|def|1
|-boost|p1a: Staraptor|spd|1
|
|upkeep
|turn|2
|inactive|Shaymin frohawk has 30 seconds left.
|inactive|Digao19 has 30 seconds left.
|inactive|Digao19 has 20 seconds left.
|inactive|Digao19 has 15 seconds left.
|
|t:|1786114572
|switch|p1b: Sylveon|Sylveon, L50, F|100/100
|switch|p2b: Swampert|Swampert, L50, F|100/100
|move|p2a: Grimmsnarl|Reflect|p2a: Grimmsnarl
|-sidestart|p2: Digao19|Reflect
|move|p1a: Staraptor|Tailwind|p1a: Staraptor
|-sidestart|p1: Shaymin frohawk|move: Tailwind
|
|upkeep
|turn|3
|inactive|Digao19 has 30 seconds left.
|inactive|Digao19 has 20 seconds left.
|inactive|Digao19 has 15 seconds left.
|inactive|Digao19 has 10 seconds left.
|inactive|Digao19 has 5 seconds left.
|
|t:|1786114623
|detailschange|p2b: Swampert|Swampert-Mega, L50, F
|-mega|p2b: Swampert|Swampert|Swampertite
|move|p2b: Swampert|Protect|p2b: Swampert
|-singleturn|p2b: Swampert|Protect
|move|p2a: Grimmsnarl|Light Screen|p2a: Grimmsnarl
|-sidestart|p2: Digao19|move: Light Screen
|move|p1a: Staraptor|Close Combat|p2b: Swampert
|-activate|p2b: Swampert|move: Protect
|move|p1b: Sylveon|Hyper Voice|p2a: Grimmsnarl|[spread] p2a
|-activate|p2b: Swampert|move: Protect
|-supereffective|p2a: Grimmsnarl|1
|-damage|p2a: Grimmsnarl|0 fnt
|faint|p2a: Grimmsnarl
|
|upkeep
|inactive|Digao19 has 30 seconds left.
|inactive|Digao19 has 20 seconds left.
|
|t:|1786114660
|switch|p2a: Pelipper|Pelipper, L50, F|100/100
|-weather|RainDance|[from] ability: Drizzle|[of] p2a: Pelipper
|turn|4
|
|t:|1786114673
|move|p1a: Staraptor|Close Combat|p2b: Swampert
|-damage|p2b: Swampert|61/100
|-boost|p1a: Staraptor|def|1
|-boost|p1a: Staraptor|spd|1
|move|p2b: Swampert|Wave Crash|p1b: Sylveon
|-damage|p1b: Sylveon|0 fnt
|faint|p1b: Sylveon
|-damage|p2b: Swampert|29/100|[from] Recoil
|move|p2a: Pelipper|Tailwind|p2a: Pelipper
|-sidestart|p2: Digao19|move: Tailwind
|
|-weather|RainDance|[upkeep]
|upkeep
|
|t:|1786114689
|switch|p1b: Kingambit|Kingambit, L50, F|100/100
|turn|5
|inactive|Digao19 has 30 seconds left.
|inactive|Digao19 has 20 seconds left.
|
|t:|1786114729
|switch|p2b: Archaludon|Archaludon, L50, F|100/100
|move|p1a: Staraptor|Close Combat|p2b: Archaludon
|-supereffective|p2b: Archaludon|1
|-damage|p2b: Archaludon|50/100g
|-boost|p1a: Staraptor|def|1
|-boost|p1a: Staraptor|spd|1
|-ability|p2b: Archaludon|Stamina|boost
|-boost|p2b: Archaludon|def|1
|move|p2a: Pelipper|Hurricane|p1a: Staraptor
|-supereffective|p1a: Staraptor|1
|-damage|p1a: Staraptor|60/100
|-start|p1a: Staraptor|confusion
|move|p1b: Kingambit|Swords Dance|p1b: Kingambit
|-boost|p1b: Kingambit|atk|2
|
|-weather|RainDance|[upkeep]
|-heal|p2b: Archaludon|56/100|[from] item: Leftovers
|-sideend|p1: Shaymin frohawk|move: Tailwind
|upkeep
|turn|6
|inactive|Shaymin frohawk has 30 seconds left.
|inactive|Digao19 has 30 seconds left.
|inactive|Shaymin frohawk has 20 seconds left.
|inactive|Digao19 has 20 seconds left.
|inactive|Digao19 has 15 seconds left.
|inactive|Shaymin frohawk has 15 seconds left.
|inactive|Digao19 has 10 seconds left.
|inactive|Shaymin frohawk has 10 seconds left.
|inactive|Digao19 has 5 seconds left.
|inactive|Shaymin frohawk has 5 seconds left.
|
|t:|1786114784
|move|p1b: Kingambit|Sucker Punch|p2a: Pelipper
|-damage|p2a: Pelipper|21/100
|-enditem|p2a: Pelipper|Sitrus Berry|[eat]
|-heal|p2a: Pelipper|45/100|[from] item: Sitrus Berry
|-damage|p1b: Kingambit|90/100|[from] item: Life Orb
|move|p2b: Archaludon|Electro Shot||[still]
|-prepare|p2b: Archaludon|Electro Shot
|-boost|p2b: Archaludon|spa|1
|-anim|p2b: Archaludon|Electro Shot|p1b: Kingambit
|-damage|p1b: Kingambit|38/100
|move|p2a: Pelipper|Hurricane|p1a: Staraptor
|-supereffective|p1a: Staraptor|1
|-damage|p1a: Staraptor|20/100r
|-activate|p1a: Staraptor|confusion
|move|p1a: Staraptor|Close Combat|p2b: Archaludon
|-supereffective|p2b: Archaludon|1
|-damage|p2b: Archaludon|21/100
|-boost|p1a: Staraptor|def|1
|-boost|p1a: Staraptor|spd|1
|-ability|p2b: Archaludon|Stamina|boost
|-boost|p2b: Archaludon|def|1
|
|-weather|RainDance|[upkeep]
|-heal|p2b: Archaludon|27/100|[from] item: Leftovers
|upkeep
|turn|7
|inactive|Shaymin frohawk has 30 seconds left.
|inactive|Digao19 has 30 seconds left.
|inactive|Digao19 has 20 seconds left.
|inactive|Digao19 has 15 seconds left.
|inactive|Digao19 has 10 seconds left.
|inactive|Digao19 has 5 seconds left.
|
|t:|1786114839
|-end|p1a: Staraptor|confusion
|move|p1a: Staraptor|Protect|p1a: Staraptor
|-singleturn|p1a: Staraptor|Protect
|move|p1b: Kingambit|Protect|p1b: Kingambit
|-singleturn|p1b: Kingambit|Protect
|move|p2b: Archaludon|Electro Shot||[still]
|-prepare|p2b: Archaludon|Electro Shot
|-boost|p2b: Archaludon|spa|1
|-anim|p2b: Archaludon|Electro Shot|p1b: Kingambit
|-activate|p1b: Kingambit|move: Protect
|move|p2a: Pelipper|Weather Ball|p1b: Kingambit
|-activate|p1b: Kingambit|move: Protect
|
|-weather|RainDance|[upkeep]
|-heal|p2b: Archaludon|33/100|[from] item: Leftovers
|-sideend|p2: Digao19|move: Tailwind
|upkeep
|turn|8
|inactive|Digao19 has 30 seconds left.
|inactive|Digao19 has 20 seconds left.
|
|t:|1786114876
|move|p1a: Staraptor|Dual Wingbeat|p2a: Pelipper
|-damage|p2a: Pelipper|31/100
|-damage|p2a: Pelipper|18/100
|-hitcount|p2a: Pelipper|2
|move|p2b: Archaludon|Electro Shot||[still]
|-prepare|p2b: Archaludon|Electro Shot
|-boost|p2b: Archaludon|spa|1
|-anim|p2b: Archaludon|Electro Shot|p1b: Kingambit
|-damage|p1b: Kingambit|0 fnt
|faint|p1b: Kingambit
|move|p2a: Pelipper|Tailwind|p2a: Pelipper
|-sidestart|p2: Digao19|move: Tailwind
|
|-weather|none
|-heal|p2b: Archaludon|40/100|[from] item: Leftovers
|upkeep
|
|t:|1786114884
|switch|p1b: Raichu|Raichu, L50, M|100/100
|turn|9
|
|t:|1786114908
|switch|p2a: Swampert|Swampert-Mega, L50, F|29/100
|move|p1b: Raichu|Fake Out|p2b: Archaludon
|-resisted|p2b: Archaludon|1
|-damage|p2b: Archaludon|38/100
|-ability|p2b: Archaludon|Stamina|boost
|-boost|p2b: Archaludon|def|1
|cant|p2b: Archaludon|flinch
|move|p1a: Staraptor|Tailwind|p1a: Staraptor
|-sidestart|p1: Shaymin frohawk|move: Tailwind
|
|-heal|p2b: Archaludon|45/100|[from] item: Leftovers
|-sideend|p2: Digao19|Reflect
|upkeep
|turn|10
|inactive|Digao19 has 30 seconds left.
|inactive|Digao19 has 20 seconds left.
|inactive|Shaymin frohawk has 30 seconds left.
|inactive|Digao19 has 15 seconds left.
|inactive|Digao19 has 10 seconds left.
|inactive|Digao19 has 5 seconds left.
|
|t:|1786114946
|switch|p2b: Pelipper|Pelipper, L50, F|18/100
|-weather|RainDance|[from] ability: Drizzle|[of] p2b: Pelipper
|move|p2a: Swampert|Ice Punch|p1a: Staraptor
|-supereffective|p1a: Staraptor|1
|-damage|p1a: Staraptor|0 fnt
|faint|p1a: Staraptor
|move|p1b: Raichu|Focus Blast|p2a: Swampert|[miss]
|-miss|p1b: Raichu|p2a: Swampert
|
|-weather|RainDance|[upkeep]
|-sideend|p2: Digao19|move: Light Screen
|upkeep
|turn|11
|inactive|Digao19 has 5 seconds left this turn.
|-message|Digao19 lost due to inactivity.
|
|win|Shaymin frohawk
