|j|☆certified urgl
|j|☆Schroombert
|html|certified urglSchroombert    
|uhtml|bestof|Game 1 of a best-of-3
|t:|1756638987
|gametype|doubles
|player|p1|certified urgl|1|1399
|player|p2|Schroombert|rancher|1303
|gen|9
|tier|[Gen 9] VGC 2025 Reg H (Bo3)
|rated|
|rule|Species Clause: Limit one of each Pokémon
|rule|Item Clause: Limit 1 of each item
|clearpoke
|poke|p1|Gholdengo, L50|
|poke|p1|Sneasler, L50, M|
|poke|p1|Rillaboom, L50, M|
|poke|p1|Dragonite, L50, F|
|poke|p1|Ninetales-Alola, L50, F|
|poke|p1|Arcanine-Hisui, L50, M|
|poke|p2|Tyranitar, L50, M|
|poke|p2|Kilowattrel, L50, M|
|poke|p2|Garchomp, L50, F|
|poke|p2|Archaludon, L50, M|
|poke|p2|Sneasler, L50, F|
|poke|p2|Indeedee, L50, M|
|teampreview|4
|showteam|p1|Gholdengo||GrassySeed|GoodasGold|NastyPlot,MakeItRain,ShadowBall,Protect||||||50|,,,,,Dragon]Sneasler||WhiteHerb|Unburden|CloseCombat,DireClaw,Coaching,Protect|||M|||50|,,,,,Ghost]Rillaboom||AssaultVest|GrassySurge|FakeOut,GrassyGlide,DrumBeating,HighHorsepower|||M|||50|,,,,,Fire]Dragonite||LoadedDice|Multiscale|ScaleShot,StompingTantrum,Tailwind,Protect|||F|||50|,,,,,Ground]Ninetales-Alola||FocusSash|SnowWarning|Blizzard,IcyWind,Encore,AuroraVeil|||F|||50|,,,,,Ghost]Arcanine-Hisui||ClearAmulet|Intimidate|RockSlide,FlareBlitz,ExtremeSpeed,Protect|||M|||50|,,,,,Water
|showteam|p2|Tyranitar||AssaultVest|SandStream|KnockOff,RockSlide,LowKick,TeraBlast|||M|||50|,,,,,Flying]Kilowattrel||CovertCloak|Competitive|Thunderbolt,AirSlash,Electroweb,Tailwind|||M|||50|,,,,,Grass]Garchomp||LifeOrb|SandVeil|Earthquake,DragonClaw,StompingTantrum,Protect|||F|||50|,,,,,Steel]Archaludon||PowerHerb|Sturdy|ElectroShot,DracoMeteor,FlashCannon,Protect|||M|||50|,,,,,Stellar]Sneasler||PsychicSeed|Unburden|CloseCombat,DireClaw,ThroatChop,Protect|||F|||50|,,,,,Dark]Indeedee||FocusSash|PsychicSurge|ExpandingForce,TeraBlast,Imprison,TrickRoom|||M|||50|,,,,,Ground
|inactive|Battle timer is ON: inactive players will automatically lose when time's up. (requested by Schroombert)
|inactive|certified urgl also wants the timer to be on.
|inactive|certified urgl has 60 seconds left.
|inactive|Schroombert has 60 seconds left.
|
|t:|1756639029
|teamsize|p1|4
|teamsize|p2|4
|start
|switch|p1a: Rillaboom|Rillaboom, L50, M|100/100
|switch|p1b: Gholdengo|Gholdengo, L50|100/100
|switch|p2a: Sneasler|Sneasler, L50, F|100/100
|switch|p2b: Tyranitar|Tyranitar, L50, M, shiny|100/100
|-fieldstart|move: Grassy Terrain|[from] ability: Grassy Surge|[of] p1a: Rillaboom
|-enditem|p1b: Gholdengo|Grassy Seed
|-boost|p1b: Gholdengo|def|1|[from] item: Grassy Seed
|-weather|Sandstorm|[from] ability: Sand Stream|[of] p2b: Tyranitar
|turn|1
|inactive|Schroombert has 30 seconds left.
|inactive|certified urgl has 30 seconds left.
|
|t:|1756639064
|switch|p1a: Ninetales|Ninetales-Alola, L50, F|100/100
|-weather|Snowscape|[from] ability: Snow Warning|[of] p1a: Ninetales
|switch|p2b: Indeedee|Indeedee, L50, M|100/100
|-fieldstart|move: Psychic Terrain|[from] ability: Psychic Surge|[of] p2b: Indeedee
|-enditem|p2a: Sneasler|Psychic Seed
|-boost|p2a: Sneasler|spd|1|[from] item: Psychic Seed
|move|p2a: Sneasler|Dire Claw|p1a: Ninetales
|-supereffective|p1a: Ninetales
|-damage|p1a: Ninetales|12/100
|-status|p1a: Ninetales|slp
|move|p1b: Gholdengo|Nasty Plot|p1b: Gholdengo
|-boost|p1b: Gholdengo|spa|2
|
|-weather|Snowscape|[upkeep]
|upkeep
|turn|2
|inactive|Schroombert has 30 seconds left.
|
|t:|1756639091
|switch|p1a: Rillaboom|Rillaboom, L50, M|100/100
|-fieldstart|move: Grassy Terrain|[from] ability: Grassy Surge|[of] p1a: Rillaboom
|switch|p2b: Tyranitar|Tyranitar, L50, M, shiny|100/100
|-weather|Sandstorm|[from] ability: Sand Stream|[of] p2b: Tyranitar
|-terastallize|p2a: Sneasler|Dark
|move|p2a: Sneasler|Throat Chop|p1b: Gholdengo
|-supereffective|p1b: Gholdengo
|-damage|p1b: Gholdengo|50/100
|-start|p1b: Gholdengo|Throat Chop|[silent]
|move|p1b: Gholdengo|Make It Rain|p2a: Sneasler|[spread] p2a,p2b
|-crit|p2a: Sneasler
|-supereffective|p2b: Tyranitar
|-damage|p2a: Sneasler|0 fnt
|-damage|p2b: Tyranitar|25/100
|-unboost|p1b: Gholdengo|spa|1
|faint|p2a: Sneasler
|
|-weather|Sandstorm|[upkeep]
|-damage|p1a: Rillaboom|95/100|[from] Sandstorm
|-heal|p1a: Rillaboom|100/100|[from] Grassy Terrain
|-heal|p1b: Gholdengo|57/100|[from] Grassy Terrain
|-heal|p2b: Tyranitar|31/100|[from] Grassy Terrain
|upkeep
|inactive|Schroombert has 30 seconds left.
|
|t:|1756639117
|switch|p2a: Archaludon|Archaludon, L50, M, shiny|100/100
|turn|3
|
|t:|1756639130
|move|p2a: Archaludon|Protect|p2a: Archaludon
|-singleturn|p2a: Archaludon|Protect
|move|p1b: Gholdengo|Protect|p1b: Gholdengo
|-singleturn|p1b: Gholdengo|Protect
|move|p1a: Rillaboom|Drum Beating|p2a: Archaludon
|-activate|p2a: Archaludon|move: Protect
|move|p2b: Tyranitar|Knock Off|p1a: Rillaboom
|-damage|p1a: Rillaboom|50/100
|-enditem|p1a: Rillaboom|Assault Vest|[from] move: Knock Off|[of] p2b: Tyranitar
|
|-weather|Sandstorm|[upkeep]
|-damage|p1a: Rillaboom|44/100|[from] Sandstorm
|-heal|p1a: Rillaboom|50/100|[from] Grassy Terrain
|-heal|p1b: Gholdengo|63/100|[from] Grassy Terrain
|-heal|p2b: Tyranitar|37/100|[from] Grassy Terrain
|-end|p1b: Gholdengo|Throat Chop|[silent]
|upkeep
|turn|4
|
|t:|1756639153
|-terastallize|p1b: Gholdengo|Dragon
|move|p2a: Archaludon|Electro Shot||[still]
|-prepare|p2a: Archaludon|Electro Shot
|-boost|p2a: Archaludon|spa|1
|-enditem|p2a: Archaludon|Power Herb
|-anim|p2a: Archaludon|Electro Shot|p1b: Gholdengo
|-resisted|p1b: Gholdengo
|-damage|p1b: Gholdengo|32/100
|move|p1a: Rillaboom|Drum Beating|p2a: Archaludon
|-resisted|p2a: Archaludon
|-damage|p2a: Archaludon|91/100
|-unboost|p2a: Archaludon|spe|1
|move|p1b: Gholdengo|Make It Rain|p2b: Tyranitar|[spread] p2a,p2b
|-resisted|p2a: Archaludon
|-supereffective|p2b: Tyranitar
|-damage|p2a: Archaludon|43/100
|-damage|p2b: Tyranitar|0 fnt
|-unboost|p1b: Gholdengo|spa|1
|faint|p2b: Tyranitar
|
|-weather|Sandstorm|[upkeep]
|-damage|p1a: Rillaboom|44/100|[from] Sandstorm
|-damage|p1b: Gholdengo|25/100|[from] Sandstorm
|-heal|p1a: Rillaboom|50/100|[from] Grassy Terrain
|-heal|p1b: Gholdengo|32/100|[from] Grassy Terrain
|-heal|p2a: Archaludon|49/100|[from] Grassy Terrain
|upkeep
|
|t:|1756639168
|switch|p2b: Indeedee|Indeedee, L50, M|100/100
|-fieldstart|move: Psychic Terrain|[from] ability: Psychic Surge|[of] p2b: Indeedee
|turn|5
|
|t:|1756639186
|switch|p1a: Ninetales|Ninetales-Alola, L50, F|12/100 slp
|-weather|Snowscape|[from] ability: Snow Warning|[of] p1a: Ninetales
|move|p1b: Gholdengo|Protect|p1b: Gholdengo
|-singleturn|p1b: Gholdengo|Protect
|move|p2b: Indeedee|Expanding Force|p1a: Ninetales|[spread] p1a
|-activate|p1b: Gholdengo|move: Protect
|-damage|p1a: Ninetales|0 fnt
|faint|p1a: Ninetales
|move|p2a: Archaludon|Flash Cannon|p1b: Gholdengo
|-activate|p1b: Gholdengo|move: Protect
|
|-weather|Snowscape|[upkeep]
|upkeep
|
|t:|1756639195
|switch|p1a: Rillaboom|Rillaboom, L50, M|50/100
|-fieldstart|move: Grassy Terrain|[from] ability: Grassy Surge|[of] p1a: Rillaboom
|turn|6
|
|t:|1756639218
|move|p1a: Rillaboom|Fake Out|p2b: Indeedee
|-damage|p2b: Indeedee|72/100
|cant|p2b: Indeedee|flinch
|move|p1b: Gholdengo|Make It Rain|p2a: Archaludon|[spread] p2a,p2b
|-resisted|p2a: Archaludon
|-damage|p2a: Archaludon|14/100
|-damage|p2b: Indeedee|15/100
|-unboost|p1b: Gholdengo|spa|1
|move|p2a: Archaludon|Flash Cannon|p1b: Gholdengo
|-damage|p1b: Gholdengo|0 fnt
|faint|p1b: Gholdengo
|
|-weather|Snowscape|[upkeep]
|-heal|p2b: Indeedee|20/100|[from] Grassy Terrain
|-heal|p1a: Rillaboom|56/100|[from] Grassy Terrain
|-heal|p2a: Archaludon|20/100|[from] Grassy Terrain
|upkeep
|
|t:|1756639225
|switch|p1b: Sneasler|Sneasler, L50, M|100/100
|turn|7
|
|t:|1756639239
|move|p1a: Rillaboom|Grassy Glide|p2b: Indeedee
|-damage|p2b: Indeedee|0 fnt
|faint|p2b: Indeedee
|move|p1b: Sneasler|Close Combat|p2a: Archaludon
|-supereffective|p2a: Archaludon
|-damage|p2a: Archaludon|0 fnt
|-unboost|p1b: Sneasler|def|1
|-unboost|p1b: Sneasler|spd|1
|faint|p2a: Archaludon
|-enditem|p1b: Sneasler|White Herb
|-clearnegativeboost|p1b: Sneasler|[silent]
|
|win|certified urgl
