|j|☆r4ka
|j|☆Pati_Patout
|html|r4kaPati_Patout    
|uhtml|bestof|Game 2 of a best-of-3
|t:|1756834261
|gametype|doubles
|player|p1|r4ka|102|1086
|player|p2|Pati_Patout|unknown|1106
|gen|9
|tier|[Gen 9] VGC 2025 Reg H (Bo3)
|rated|
|rule|Species Clause: Limit one of each Pokémon
|rule|Item Clause: Limit 1 of each item
|clearpoke
|poke|p1|Rillaboom, L50, F|
|poke|p1|Dragonite, L50, M|
|poke|p1|Sneasler, L50, M|
|poke|p1|Kingambit, L50, M|
|poke|p1|Electabuzz, L50, M|
|poke|p1|Volcarona, L50, F|
|poke|p2|Incineroar, L50, F|
|poke|p2|Gholdengo, L50|
|poke|p2|Archaludon, L50, F|
|poke|p2|Pelipper, L50, M|
|poke|p2|Basculegion, L50, M|
|poke|p2|Amoonguss, L50, F|
|teampreview|4
|showteam|p1|Rillaboom||AssaultVest|GrassySurge|FakeOut,HighHorsepower,WoodHammer,GrassyGlide|||F|||50|,,,,,Fire]Dragonite||LoadedDice|Multiscale|ExtremeSpeed,ScaleShot,Protect,Haze|||M|||50|,,,,,Steel]Sneasler||FocusSash|PoisonTouch|DireClaw,CloseCombat,FakeOut,Coaching|||M|||50|,,,,,Stellar]Kingambit||BlackGlasses|Defiant|KowtowCleave,SuckerPunch,SwordsDance,Protect|||M|||50|,,,,,Dark]Electabuzz||Eviolite|VitalSpirit|Thunderbolt,Taunt,Protect,FollowMe|||M|||50|,,,,,Ghost]Volcarona||Leftovers|FlameBody|HeatWave,TeraBlast,QuiverDance,Protect|||F|||50|,,,,,Fairy
|showteam|p2|Incineroar||SafetyGoggles|Intimidate|FlareBlitz,KnockOff,PartingShot,FakeOut|||F|||50|,,,,,Ghost]Gholdengo||LifeOrb|GoodasGold|MakeItRain,ShadowBall,NastyPlot,Protect||||||50|,,,,,Water]Archaludon||AssaultVest|Stamina|FlashCannon,DracoMeteor,BodyPress,ElectroShot|||F|||50|,,,,,Grass]Pelipper||FocusSash|Drizzle|Protect,WeatherBall,Hurricane,Tailwind|||M|||50|,,,,,Water]Basculegion||ChoiceBand|SwiftSwim|WaveCrash,LastRespects,AquaJet,FlipTurn|||M|||50|,,,,,Grass]Amoonguss||SitrusBerry|Regenerator|PollenPuff,Spore,RagePowder,Protect|||F|||50|,,,,,Water
|
|t:|1756834284
|teamsize|p1|4
|teamsize|p2|4
|start
|switch|p1a: Rillaboom|Rillaboom, L50, F|100/100
|switch|p1b: Volcarona|Volcarona, L50, F|100/100
|switch|p2a: Pelipper|Pelipper, L50, M|100/100
|switch|p2b: Basculegion|Basculegion, L50, M|100/100
|-weather|RainDance|[from] ability: Drizzle|[of] p2a: Pelipper
|-fieldstart|move: Grassy Terrain|[from] ability: Grassy Surge|[of] p1a: Rillaboom
|turn|1
|
|t:|1756834307
|switch|p2b: Gholdengo|Gholdengo, L50|100/100
|move|p1b: Volcarona|Protect|p1b: Volcarona
|-singleturn|p1b: Volcarona|Protect
|move|p2a: Pelipper|Protect|p2a: Pelipper
|-singleturn|p2a: Pelipper|Protect
|move|p1a: Rillaboom|Wood Hammer|p2b: Gholdengo
|-resisted|p2b: Gholdengo
|-damage|p2b: Gholdengo|55/100
|-damage|p1a: Rillaboom|88/100|[from] Recoil
|
|-weather|RainDance|[upkeep]
|-heal|p2b: Gholdengo|61/100|[from] Grassy Terrain
|-heal|p1a: Rillaboom|94/100|[from] Grassy Terrain
|upkeep
|turn|2
|
|t:|1756834330
|switch|p1b: Electabuzz|Electabuzz, L50, M|100/100
|move|p2b: Gholdengo|Make It Rain|p1b: Electabuzz|[spread] p1a,p1b
|-resisted|p1b: Electabuzz
|-damage|p1a: Rillaboom|50/100
|-damage|p1b: Electabuzz|78/100
|-unboost|p2b: Gholdengo|spa|1
|-damage|p2b: Gholdengo|51/100|[from] item: Life Orb
|move|p2a: Pelipper|Hurricane|p1b: Electabuzz
|-resisted|p1b: Electabuzz
|-damage|p1b: Electabuzz|60/100
|-start|p1b: Electabuzz|confusion
|move|p1a: Rillaboom|High Horsepower|p2b: Gholdengo
|-supereffective|p2b: Gholdengo
|-crit|p2b: Gholdengo
|-damage|p2b: Gholdengo|0 fnt
|faint|p2b: Gholdengo
|
|-weather|RainDance|[upkeep]
|-heal|p1b: Electabuzz|65/100|[from] Grassy Terrain
|-heal|p1a: Rillaboom|55/100|[from] Grassy Terrain
|upkeep
|
|t:|1756834367
|switch|p2b: Basculegion|Basculegion, L50, M|100/100
|turn|3
|j| floor tank
|l| floor tank
|
|t:|1756834402
|-terastallize|p2b: Basculegion|Grass
|move|p1a: Rillaboom|Grassy Glide|p2a: Pelipper
|-damage|p2a: Pelipper|55/100
|move|p2b: Basculegion|Flip Turn|p1b: Electabuzz
|-damage|p1b: Electabuzz|9/100
|
|t:|1756834409
|switch|p2b: Amoonguss|Amoonguss, L50, F|100/100|[from] Flip Turn
|-activate|p1b: Electabuzz|confusion
|-damage|p1b: Electabuzz|2/100|[from] confusion
|move|p2a: Pelipper|Hurricane|p1a: Rillaboom
|-supereffective|p1a: Rillaboom
|-damage|p1a: Rillaboom|0 fnt
|faint|p1a: Rillaboom
|
|-weather|RainDance|[upkeep]
|-heal|p1b: Electabuzz|8/100|[from] Grassy Terrain
|upkeep
|
|t:|1756834422
|switch|p1a: Sneasler|Sneasler, L50, M|100/100
|turn|4
|
|t:|1756834438
|move|p1a: Sneasler|Fake Out|p2b: Amoonguss
|-damage|p2b: Amoonguss|89/100
|cant|p2b: Amoonguss|flinch
|-end|p1b: Electabuzz|confusion
|move|p1b: Electabuzz|Thunderbolt|p2a: Pelipper
|-supereffective|p2a: Pelipper
|-crit|p2a: Pelipper
|-damage|p2a: Pelipper|0 fnt
|faint|p2a: Pelipper
|
|-weather|RainDance|[upkeep]
|-heal|p1b: Electabuzz|14/100|[from] Grassy Terrain
|-heal|p2b: Amoonguss|95/100|[from] Grassy Terrain
|upkeep
|
|t:|1756834444
|switch|p2a: Basculegion|Basculegion, L50, M, tera:Grass|100/100
|turn|5
|
|t:|1756834470
|switch|p1a: Volcarona|Volcarona, L50, F|100/100
|move|p1b: Electabuzz|Follow Me|p1b: Electabuzz
|-singleturn|p1b: Electabuzz|move: Follow Me
|move|p2a: Basculegion|Wave Crash|p1b: Electabuzz
|-crit|p1b: Electabuzz
|-damage|p1b: Electabuzz|0 fnt
|faint|p1b: Electabuzz
|-damage|p2a: Basculegion|96/100|[from] Recoil
|move|p2b: Amoonguss|Spore|p1a: Volcarona
|-status|p1a: Volcarona|slp|[from] move: Spore
|
|-weather|none
|-heal|p2a: Basculegion|100/100|[from] Grassy Terrain
|-heal|p2b: Amoonguss|100/100|[from] Grassy Terrain
|-fieldend|move: Grassy Terrain
|upkeep
|
|t:|1756834483
|switch|p1b: Sneasler|Sneasler, L50, M|100/100
|turn|6
|
|t:|1756834505
|-terastallize|p1b: Sneasler|Stellar
|move|p2b: Amoonguss|Rage Powder|p2b: Amoonguss
|-singleturn|p2b: Amoonguss|move: Rage Powder
|move|p1b: Sneasler|Dire Claw|p2b: Amoonguss
|-crit|p2b: Amoonguss
|-damage|p2b: Amoonguss|40/100
|-enditem|p2b: Amoonguss|Sitrus Berry|[eat]
|-heal|p2b: Amoonguss|65/100|[from] item: Sitrus Berry
|cant|p1a: Volcarona|slp
|move|p2a: Basculegion|Wave Crash|p1a: Volcarona
|-supereffective|p1a: Volcarona
|-damage|p1a: Volcarona|0 fnt
|-status|p2a: Basculegion|brn|[from] ability: Flame Body|[of] p1a: Volcarona
|faint|p1a: Volcarona
|-damage|p2a: Basculegion|71/100 brn|[from] Recoil
|
|-damage|p2a: Basculegion|65/100 brn|[from] brn
|upkeep
|turn|7
|
|t:|1756834522
|move|p2b: Amoonguss|Rage Powder|p2b: Amoonguss
|-singleturn|p2b: Amoonguss|move: Rage Powder
|move|p1b: Sneasler|Dire Claw|p2b: Amoonguss
|-damage|p2b: Amoonguss|33/100
|-status|p2b: Amoonguss|slp
|move|p2a: Basculegion|Wave Crash|p1b: Sneasler
|-damage|p1b: Sneasler|29/100
|-damage|p2a: Basculegion|46/100 brn|[from] Recoil
|
|-damage|p2a: Basculegion|39/100 brn|[from] brn
|upkeep
|turn|8
|
|t:|1756834536
|cant|p2b: Amoonguss|slp
|move|p1b: Sneasler|Dire Claw|p2a: Basculegion
|-supereffective|p2a: Basculegion
|-damage|p2a: Basculegion|0 fnt
|faint|p2a: Basculegion
|
|upkeep
|turn|9
|
|t:|1756834550
|move|p1b: Sneasler|Dire Claw|p2b: Amoonguss
|-damage|p2b: Amoonguss|2/100 slp
|cant|p2b: Amoonguss|slp
|
|upkeep
|turn|10
|
|t:|1756834556
|move|p1b: Sneasler|Dire Claw|p2b: Amoonguss
|-damage|p2b: Amoonguss|0 fnt
|faint|p2b: Amoonguss
|
|win|r4ka
|raw|r4ka's rating: 1086 → 1115(+29 for winning)
|raw|Pati_Patout's rating: 1106 → 1080(-26 for losing)
|l|☆Pati_Patout
|player|p2|
