|j|☆ToastedArt
|j|☆plsbringregi
|html|ToastedArtplsbringregi    
|uhtml|bestof|Game 1 of a best-of-3
|t:|1784485523
|gametype|doubles
|player|p1|ToastedArt|clemont|1169
|player|p2|plsbringregi|265|1240
|gen|9
|tier|[Gen 9 Champions] VGC 2026 Reg M-B (Bo3)
|rated|
|rule|Species Clause: Limit one of each Pokémon
|rule|Item Clause: Limit 1 of each item
|clearpoke
|poke|p1|Falinks, L50, shiny|
|poke|p1|Incineroar, L50, F|
|poke|p1|Basculegion, L50, M|
|poke|p1|Sneasler, L50, M|
|poke|p1|Vanilluxe, L50, F, shiny|
|poke|p1|Dragonite, L50, M|
|poke|p2|Ninetales-Alola, L50, M|
|poke|p2|Incineroar, L50, F|
|poke|p2|Sinistcha, L50|
|poke|p2|Raichu, L50, M|
|poke|p2|Basculegion, L50, M|
|poke|p2|Corviknight, L50, F|
|teampreview|4
|showteam|p1|Falinks||Falinksite|Defiant|NoRetreat,CloseCombat,RockSlide,Protect|Adamant|||||50|]Incineroar||PasshoBerry|Intimidate|FakeOut,FlareBlitz,ThroatChop,PartingShot|Impish||F|||50|]Basculegion||SitrusBerry|Adaptability|WaveCrash,LastRespects,AquaJet,Protect|Adamant||M|||50|]Sneasler||FocusSash|PoisonTouch|PoisonJab,CloseCombat,FakeOut,Coaching|Jolly||M|||50|]Vanilluxe||ChoiceScarf|SnowWarning|Blizzard,FreezeDry,IcyWind,SheerCold|Modest||F|||50|]Dragonite||LifeOrb|InnerFocus|DragonClaw,ExtremeSpeed,ThunderPunch,Tailwind|Adamant||M|||50|
|showteam|p2|Ninetales-Alola||FocusSash|SnowWarning|Blizzard,Encore,FreezeDry,Protect|Timid||M|||50|]Incineroar||SitrusBerry|Intimidate|FlareBlitz,ThroatChop,FakeOut,PartingShot|Careful||F|||50|]Sinistcha||KasibBerry|Hospitality|MatchaGotcha,RagePowder,TrickRoom,Protect|Bold|||||50|]Raichu||RaichuniteY|LightningRod|ZapCannon,FocusBlast,FakeOut,Protect|Timid||M|||50|]Basculegion||MysticWater|Adaptability|WaveCrash,LastRespects,Substitute,Protect|Adamant||M|||50|]Corviknight||Leftovers|MirrorArmor|BraveBird,BodyPress,BulkUp,Roost|Careful||F|||50|
|inactive|Battle timer is ON: inactive players will automatically lose when time's up. (requested by ToastedArt)
|inactive|ToastedArt has 60 seconds left.
|inactive|plsbringregi has 60 seconds left.
|inactive|ToastedArt has 30 seconds left.
|inactive|plsbringregi has 30 seconds left.
|inactive|ToastedArt has 20 seconds left.
|
|t:|1784485595
|teamsize|p1|4
|teamsize|p2|4
|start
|switch|p1a: Falinks|Falinks, L50, shiny|100/100
|switch|p1b: Sneasler|Sneasler, L50, M|100/100
|switch|p2a: Raichu|Raichu, L50, M|100/100
|switch|p2b: Basculegion|Basculegion, L50, M|100/100
|turn|1
|inactive|ToastedArt has 30 seconds left.
|inactive|ToastedArt has 20 seconds left.
|inactive|ToastedArt has 15 seconds left.
|
|t:|1784485636
|detailschange|p2a: Raichu|Raichu-Mega-Y, L50, M
|-mega|p2a: Raichu|Raichu|Raichunite Y
|detailschange|p1a: Falinks|Falinks-Mega, L50, shiny
|-mega|p1a: Falinks|Falinks|Falinksite
|move|p1a: Falinks|Protect|p1a: Falinks
|-singleturn|p1a: Falinks|Protect
|move|p2a: Raichu|Fake Out|p1a: Falinks
|-activate|p1a: Falinks|move: Protect
|move|p1b: Sneasler|Fake Out|p2a: Raichu
|-damage|p2a: Raichu|76/100
|-status|p2a: Raichu|psn|[from] ability: Poison Touch|[of] p1b: Sneasler
|move|p2b: Basculegion|Wave Crash|p1b: Sneasler
|-enditem|p1b: Sneasler|Focus Sash
|-damage|p1b: Sneasler|1/100
|-damage|p2b: Basculegion|75/100|[from] Recoil
|
|-damage|p2a: Raichu|64/100 psn|[from] psn
|upkeep
|turn|2
|
|t:|1784485656
|switch|p1a: Incineroar|Incineroar, L50, F|100/100
|-ability|p1a: Incineroar|Intimidate|boost
|-unboost|p2a: Raichu|atk|1
|-unboost|p2b: Basculegion|atk|1
|switch|p2b: Sinistcha|Sinistcha, L50|100/100
|-heal|p2a: Raichu|89/100 psn|[from] ability: Hospitality|[of] p2b: Sinistcha
|move|p2a: Raichu|Zap Cannon|p1a: Incineroar
|-damage|p1a: Incineroar|35/100
|-status|p1a: Incineroar|par
|move|p1b: Sneasler|Close Combat|p2a: Raichu
|-damage|p2a: Raichu|1/100 psn
|-unboost|p1b: Sneasler|def|1
|-unboost|p1b: Sneasler|spd|1
|
|-damage|p2a: Raichu|0 fnt|[from] psn
|faint|p2a: Raichu
|upkeep
|
|t:|1784485671
|switch|p2a: Basculegion|Basculegion, L50, M|75/100
|turn|3
|
|t:|1784485681
|switch|p1a: Basculegion|Basculegion, L50, M|100/100
|move|p1b: Sneasler|Coaching|p1a: Basculegion
|-boost|p1a: Basculegion|atk|1
|-boost|p1a: Basculegion|def|1
|move|p2a: Basculegion|Wave Crash|p1a: Basculegion
|-resisted|p1a: Basculegion|1
|-damage|p1a: Basculegion|55/100
|-damage|p2a: Basculegion|60/100|[from] Recoil
|move|p2b: Sinistcha|Matcha Gotcha|p1a: Basculegion|[spread] p1a,p1b
|-supereffective|p1a: Basculegion|1
|-resisted|p1b: Sneasler|1
|-damage|p1a: Basculegion|11/100
|-damage|p1b: Sneasler|0 fnt
|-enditem|p1a: Basculegion|Sitrus Berry|[eat]
|-heal|p1a: Basculegion|36/100|[from] item: Sitrus Berry
|faint|p1b: Sneasler
|
|upkeep
|
|t:|1784485698
|switch|p1b: Incineroar|Incineroar, L50, F|35/100 par
|-ability|p1b: Incineroar|Intimidate|boost
|-unboost|p2a: Basculegion|atk|1
|-unboost|p2b: Sinistcha|atk|1
|turn|4
|
|t:|1784485717
|switch|p2a: Incineroar|Incineroar, L50, F|100/100
|-ability|p2a: Incineroar|Intimidate|boost
|-unboost|p1a: Basculegion|atk|1
|-unboost|p1b: Incineroar|atk|1
|move|p1a: Basculegion|Protect|p1a: Basculegion
|-singleturn|p1a: Basculegion|Protect
|move|p2b: Sinistcha|Matcha Gotcha|p1a: Basculegion|[spread] p1b
|-activate|p1a: Basculegion|move: Protect
|-resisted|p1b: Incineroar|1
|-damage|p1b: Incineroar|24/100 par
|cant|p1b: Incineroar|par
|
|upkeep
|turn|5
|
|t:|1784485736
|move|p2a: Incineroar|Fake Out|p1b: Incineroar
|-damage|p1b: Incineroar|16/100 par
|move|p1a: Basculegion|Wave Crash|p2a: Incineroar
|-supereffective|p2a: Incineroar|1
|-damage|p2a: Incineroar|0 fnt
|faint|p2a: Incineroar
|-damage|p1a: Basculegion|3/100|[from] Recoil
|move|p2b: Sinistcha|Matcha Gotcha|p1b: Incineroar|[spread] p1a,p1b
|-supereffective|p1a: Basculegion|1
|-resisted|p1b: Incineroar|1
|-damage|p1a: Basculegion|0 fnt
|-damage|p1b: Incineroar|5/100 par
|faint|p1a: Basculegion
|cant|p1b: Incineroar|flinch
|
|upkeep
|
|t:|1784485748
|switch|p1a: Falinks|Falinks-Mega, L50, shiny|100/100
|switch|p2a: Basculegion|Basculegion, L50, M|60/100
|turn|6
|
|t:|1784485757
|move|p1a: Falinks|No Retreat|p1a: Falinks
|-boost|p1a: Falinks|atk|1
|-boost|p1a: Falinks|def|1
|-boost|p1a: Falinks|spa|1
|-boost|p1a: Falinks|spd|1
|-boost|p1a: Falinks|spe|1
|-start|p1a: Falinks|move: No Retreat
|move|p2a: Basculegion|Last Respects|p1a: Falinks
|-damage|p1a: Falinks|31/100
|move|p2b: Sinistcha|Matcha Gotcha|p1b: Incineroar|[spread] p1a,p1b
|-resisted|p1b: Incineroar|1
|-damage|p1a: Falinks|8/100
|-damage|p1b: Incineroar|0 fnt
|-status|p1a: Falinks|brn
|faint|p1b: Incineroar
|
|-damage|p1a: Falinks|2/100 brn|[from] brn
|upkeep
|turn|7
|-message|ToastedArt forfeited.
|
|win|plsbringregi
