|j|☆stewiie25
|j|☆dawnenen
|html|stewiie25dawnenen    
|uhtml|bestof|Game 1 of a best-of-3
|t:|1784827226
|gametype|doubles
|player|p1|stewiie25|102|1155
|player|p2|dawnenen|galacticgruntf|1161
|gen|9
|tier|[Gen 9 Champions] VGC 2026 Reg M-B (Bo3)
|rated|
|rule|Species Clause: Limit one of each Pokémon
|rule|Item Clause: Limit 1 of each item
|clearpoke
|poke|p1|Farigiraf, L50, F|
|poke|p1|Vivillon-Pokeball, L50, M|
|poke|p1|Sylveon, L50, M|
|poke|p1|Camerupt, L50, F|
|poke|p1|Kingambit, L50, M|
|poke|p1|Drampa, L50, F|
|poke|p2|Grimmsnarl, L50, M|
|poke|p2|Venusaur, L50, M|
|poke|p2|Pelipper, L50, M|
|poke|p2|Archaludon, L50, M|
|poke|p2|Charizard, L50, M|
|poke|p2|Basculegion, L50, M|
|teampreview|4
|showteam|p1|Farigiraf||SitrusBerry|ArmorTail|HelpingHand,TwinBeam,TrickRoom,Thunderbolt|Quiet||F|||50|]Vivillon-Pokeball||ChoiceScarf|CompoundEyes|StunSpore,Hurricane,BugBuzz,SleepPowder|Timid||M|||50|]Sylveon||LifeOrb|Pixilate|CalmMind,HyperVoice,HyperBeam,Protect|Modest||M|||50|]Camerupt||Cameruptite|SolidRock|Protect,HeatWave,Eruption,EarthPower|Quiet||F|||50|]Kingambit||ChopleBerry|Defiant|SwordsDance,LowKick,KowtowCleave,SuckerPunch|Brave||M|||50|]Drampa||Drampanite|CloudNine|HyperVoice,DragonPulse,IceBeam,EarthPower|Quiet||F|||50|
|showteam|p2|Grimmsnarl||LightClay|Prankster|SpiritBreak,Reflect,LightScreen,PartingShot|Careful||M|||50|]Venusaur||FocusSash|Chlorophyll|SludgeBomb,EarthPower,SleepPowder,Protect|Modest||M|||50|]Pelipper||SitrusBerry|Drizzle|WeatherBall,Hurricane,Tailwind,WideGuard|Modest||M|||50|]Archaludon||Leftovers|Stamina|DragonPulse,FlashCannon,ElectroShot,Protect|Modest||M|||50|]Charizard||CharizarditeY|Blaze|HeatWave,SolarBeam,WeatherBall,Protect|Modest||M|||50|]Basculegion||ChoiceScarf|Adaptability|WaveCrash,FlipTurn,LastRespects,AquaJet|Jolly||M|||50|
|inactive|Battle timer is ON: inactive players will automatically lose when time's up. (requested by dawnenen)
|inactive|stewiie25 has 60 seconds left.
|inactive|dawnenen has 60 seconds left.
|
|t:|1784827278
|teamsize|p1|4
|teamsize|p2|4
|start
|switch|p1a: Farigiraf|Farigiraf, L50, F|100/100
|switch|p1b: Drampa|Drampa, L50, F|100/100
|switch|p2a: Venusaur|Venusaur, L50, M|100/100
|switch|p2b: Charizard|Charizard, L50, M|100/100
|-ability|p1b: Drampa|Cloud Nine
|turn|1
|inactive|stewiie25 has 30 seconds left.
|inactive|dawnenen has 30 seconds left.
|
|t:|1784827304
|switch|p2b: Basculegion|Basculegion, L50, M|100/100
|detailschange|p1b: Drampa|Drampa-Mega, L50, F
|-mega|p1b: Drampa|Drampa|Drampanite
|move|p1a: Farigiraf|Helping Hand|p1b: Drampa
|-singleturn|p1b: Drampa|Helping Hand|[of] p1a: Farigiraf
|move|p2a: Venusaur|Sleep Powder|p1b: Drampa
|-status|p1b: Drampa|slp|[from] move: Sleep Powder
|cant|p1b: Drampa|slp
|
|upkeep
|turn|2
|
|t:|1784827329
|move|p2b: Basculegion|Wave Crash|p1a: Farigiraf
|-damage|p1a: Farigiraf|22/100
|-enditem|p1a: Farigiraf|Sitrus Berry|[eat]
|-heal|p1a: Farigiraf|46/100|[from] item: Sitrus Berry
|-damage|p2b: Basculegion|72/100|[from] Recoil
|move|p2a: Venusaur|Sleep Powder|p1a: Farigiraf
|-status|p1a: Farigiraf|slp|[from] move: Sleep Powder
|-curestatus|p1b: Drampa|slp|[msg]
|move|p1b: Drampa|Hyper Voice|p2b: Basculegion|[spread] p2a
|-immune|p2b: Basculegion
|-damage|p2a: Venusaur|47/100
|cant|p1a: Farigiraf|slp
|
|upkeep
|turn|3
|
|t:|1784827348
|move|p2b: Basculegion|Wave Crash|p1a: Farigiraf
|-damage|p1a: Farigiraf|0 fnt
|faint|p1a: Farigiraf
|-damage|p2b: Basculegion|55/100|[from] Recoil
|move|p2a: Venusaur|Sleep Powder|p1b: Drampa
|-status|p1b: Drampa|slp|[from] move: Sleep Powder
|cant|p1b: Drampa|slp
|
|upkeep
|
|t:|1784827357
|switch|p1a: Kingambit|Kingambit, L50, M|100/100
|turn|4
|
|t:|1784827369
|switch|p2b: Charizard|Charizard, L50, M|100/100
|move|p2a: Venusaur|Sleep Powder|p1a: Kingambit
|-status|p1a: Kingambit|slp|[from] move: Sleep Powder
|cant|p1a: Kingambit|slp
|-curestatus|p1b: Drampa|slp|[msg]
|move|p1b: Drampa|Ice Beam|p2a: Venusaur
|-supereffective|p2a: Venusaur|1
|-damage|p2a: Venusaur|0 fnt
|faint|p2a: Venusaur
|
|upkeep
|
|t:|1784827383
|switch|p2a: Pelipper|Pelipper, L50, M|100/100
|-weather|RainDance|[from] ability: Drizzle|[of] p2a: Pelipper
|turn|5
|
|t:|1784827400
|detailschange|p2b: Charizard|Charizard-Mega-Y, L50, M
|-mega|p2b: Charizard|Charizard|Charizardite Y
|-weather|SunnyDay|[from] ability: Drought|[of] p2b: Charizard
|cant|p1a: Kingambit|slp
|move|p2b: Charizard|Heat Wave|p1b: Drampa|[spread] p1a,p1b
|-supereffective|p1a: Kingambit|1
|-resisted|p1b: Drampa|1
|-damage|p1a: Kingambit|0 fnt
|-damage|p1b: Drampa|73/100
|faint|p1a: Kingambit
|move|p2a: Pelipper|Tailwind|p2a: Pelipper
|-sidestart|p2: dawnenen|move: Tailwind
|move|p1b: Drampa|Dragon Pulse|p2b: Charizard
|-damage|p2b: Charizard|47/100
|
|-weather|SunnyDay|[upkeep]
|upkeep
|
|t:|1784827407
|switch|p1a: Sylveon|Sylveon, L50, M|100/100
|turn|6
|
|t:|1784827424
|move|p2a: Pelipper|Wide Guard|p2a: Pelipper
|-singleturn|p2a: Pelipper|Wide Guard
|move|p2b: Charizard|Heat Wave|p1a: Sylveon|[spread] p1b
|-miss|p2b: Charizard|p1a: Sylveon
|-resisted|p1b: Drampa|1
|-damage|p1b: Drampa|45/100
|-ability|p1b: Drampa|Berserk|boost
|-boost|p1b: Drampa|spa|1
|move|p1a: Sylveon|Hyper Beam|p2a: Pelipper
|-damage|p2a: Pelipper|0 fnt
|-mustrecharge|p1a: Sylveon
|faint|p2a: Pelipper
|-damage|p1a: Sylveon|90/100|[from] item: Life Orb
|move|p1b: Drampa|Dragon Pulse|p2b: Charizard
|-damage|p2b: Charizard|0 fnt
|faint|p2b: Charizard
|
|-weather|SunnyDay|[upkeep]
|upkeep
|
|t:|1784827444
|switch|p2a: Basculegion|Basculegion, L50, M|55/100
|turn|7
|
|t:|1784827459
|move|p2a: Basculegion|Wave Crash|p1b: Drampa
|-resisted|p1b: Drampa|1
|-damage|p1b: Drampa|29/100
|-damage|p2a: Basculegion|50/100g|[from] Recoil
|cant|p1a: Sylveon|recharge
|move|p1b: Drampa|Dragon Pulse|p2a: Basculegion
|-damage|p2a: Basculegion|0 fnt
|faint|p2a: Basculegion
|
|win|stewiie25
||stewiie25 is ready for game 2.
||dawnenen is ready for game 2.
|uhtml|next|Next: Game 2 of 3
