|j|☆itbeasher
|j|☆jirufell
|html|itbeasherjirufell    
|uhtml|bestof|Game 2 of a best-of-3
|t:|1757773246
|gametype|doubles
|player|p1|itbeasher|169|1162
|player|p2|jirufell|acetrainerf|1172
|gen|9
|tier|[Gen 9] VGC 2025 Reg H (Bo3)
|rated|
|rule|Species Clause: Limit one of each Pokémon
|rule|Item Clause: Limit 1 of each item
|clearpoke
|poke|p1|Dondozo, L50, M|
|poke|p1|Tatsugiri, L50, M|
|poke|p1|Whimsicott, L50, M|
|poke|p1|Ursaluna-Bloodmoon, L50, M|
|poke|p1|Indeedee, L50, M|
|poke|p1|Sneasler, L50, F|
|poke|p2|Incineroar, L50, M|
|poke|p2|Ursaluna, L50, M|
|poke|p2|Pelipper, L50, F|
|poke|p2|Sinistcha, L50|
|poke|p2|Archaludon, L50, M|
|poke|p2|Dragonite, L50, F|
|teampreview|4
|showteam|p1|Dondozo||Leftovers|Unaware|Protect,HeavySlam,WaveCrash,OrderUp|||M|||50|,,,,,Steel]Tatsugiri||FocusSash|Commander|MuddyWater,DracoMeteor,IcyWind,Protect|||M|||50|,,,,,Fairy]Whimsicott||CovertCloak|Prankster|Moonblast,Tailwind,HelpingHand,LightScreen|||M|||50|,,,,,Water]Ursaluna-Bloodmoon||LifeOrb|MindsEye|Protect,HyperVoice,BloodMoon,EarthPower|||M|||50|,,,,,Normal]Indeedee||ChoiceScarf|PsychicSurge|SkillSwap,Trick,ExpandingForce,TeraBlast|||M|||50|,,,,,Psychic]Sneasler||PsychicSeed|Unburden|Protect,DireClaw,CloseCombat,ThroatChop|||F|||50|,,,,,Dark
|showteam|p2|Incineroar||SafetyGoggles|Intimidate|FlareBlitz,KnockOff,FakeOut,PartingShot|||M|||50|,,,,,Ghost]Ursaluna||FlameOrb|Guts|Protect,Facade,HeadlongRush,Earthquake|||M|||50|,,,,,Psychic]Pelipper||FocusSash|Drizzle|Protect,MuddyWater,Hurricane,Tailwind|||F|||50|,,,,,Ground]Sinistcha||SitrusBerry|Hospitality|MatchaGotcha,LifeDew,RagePowder,TrickRoom||||||50|,,,,,Dark]Archaludon||AssaultVest|Stamina|FlashCannon,BodyPress,ElectroShot,Snarl|||M|||50|,,,,,Bug]Dragonite||LoadedDice|Multiscale|Protect,ScaleShot,Tailwind,Haze|||F|||50|,,,,,Steel
|inactive|Battle timer is ON: inactive players will automatically lose when time's up. (requested by itbeasher)
|
|t:|1757773293
|teamsize|p1|4
|teamsize|p2|4
|start
|switch|p1a: Indeedee|Indeedee, L50, M|100/100
|switch|p1b: Sneasler|Sneasler, L50, F|100/100
|switch|p2a: Dragonite|Dragonite, L50, F|100/100
|switch|p2b: Incineroar|Incineroar, L50, M|100/100
|-fieldstart|move: Psychic Terrain|[from] ability: Psychic Surge|[of] p1a: Indeedee
|-enditem|p1b: Sneasler|Psychic Seed
|-boost|p1b: Sneasler|spd|1|[from] item: Psychic Seed
|-ability|p2b: Incineroar|Intimidate|boost
|-unboost|p1a: Indeedee|atk|1
|-unboost|p1b: Sneasler|atk|1
|turn|1
|
|t:|1757773317
|move|p2a: Dragonite|Protect|p2a: Dragonite
|-singleturn|p2a: Dragonite|Protect
|move|p1b: Sneasler|Close Combat|p2b: Incineroar
|-supereffective|p2b: Incineroar
|-damage|p2b: Incineroar|14/100
|-unboost|p1b: Sneasler|def|1
|-unboost|p1b: Sneasler|spd|1
|move|p1a: Indeedee|Tera Blast|p2b: Incineroar
|-damage|p2b: Incineroar|0 fnt
|faint|p2b: Incineroar
|
|upkeep
|
|t:|1757773325
|switch|p2b: Sinistcha|Sinistcha, L50|100/100
|turn|2
|inactive|jirufell has 30 seconds left.
|
|t:|1757773363
|-terastallize|p1a: Indeedee|Psychic
|move|p1b: Sneasler|Throat Chop|p2b: Sinistcha
|-supereffective|p2b: Sinistcha
|-damage|p2b: Sinistcha|60/100
|-start|p2b: Sinistcha|Throat Chop|[silent]
|move|p1a: Indeedee|Tera Blast|p2b: Sinistcha|[anim] Tera Blast Psychic
|-damage|p2b: Sinistcha|2/100
|-enditem|p2b: Sinistcha|Sitrus Berry|[eat]
|-heal|p2b: Sinistcha|27/100|[from] item: Sitrus Berry
|move|p2a: Dragonite|Scale Shot|p1b: Sneasler
|-damage|p1b: Sneasler|64/100
|-damage|p1b: Sneasler|22/100
|-damage|p1b: Sneasler|0 fnt
|faint|p1b: Sneasler
|-hitcount|p1: Sneasler|3
|-unboost|p2a: Dragonite|def|1
|-boost|p2a: Dragonite|spe|1
|move|p2b: Sinistcha|Matcha Gotcha|p1a: Indeedee
|-crit|p1a: Indeedee
|-damage|p1a: Indeedee|38/100
|-heal|p2b: Sinistcha|51/100|[from] drain|[of] p1a: Indeedee
|
|upkeep
|
|t:|1757773372
|switch|p1b: Whimsicott|Whimsicott, L50, M|100/100
|turn|3
|inactive|jirufell has 30 seconds left.
|inactive|jirufell has 20 seconds left.
|inactive|jirufell has 15 seconds left.
|
|t:|1757773413
|move|p1b: Whimsicott|Tailwind|p1b: Whimsicott
|-sidestart|p1: itbeasher|move: Tailwind
|move|p1a: Indeedee|Tera Blast|p2b: Sinistcha|[anim] Tera Blast Psychic
|-damage|p2b: Sinistcha|0 fnt
|faint|p2b: Sinistcha
|move|p2a: Dragonite|Scale Shot|p1a: Indeedee
|-crit|p1a: Indeedee
|-damage|p1a: Indeedee|0 fnt
|faint|p1a: Indeedee
|-hitcount|p1: Indeedee|1
|-unboost|p2a: Dragonite|def|1
|-boost|p2a: Dragonite|spe|1
|
|upkeep
|
|t:|1757773420
|switch|p1a: Ursaluna|Ursaluna-Bloodmoon, L50, M|100/100
|switch|p2b: Ursaluna|Ursaluna, L50, M, shiny|100/100
|turn|4
|
|t:|1757773445
|move|p1b: Whimsicott|Moonblast|p2a: Dragonite
|-supereffective|p2a: Dragonite
|-damage|p2a: Dragonite|70/100
|move|p2a: Dragonite|Scale Shot|p1a: Ursaluna|[miss]
|-miss|p2a: Dragonite|p1a: Ursaluna
|move|p1a: Ursaluna|Blood Moon|p2a: Dragonite
|-damage|p2a: Dragonite|0 fnt
|faint|p2a: Dragonite
|-damage|p1a: Ursaluna|91/100|[from] item: Life Orb
|move|p2b: Ursaluna|Earthquake|p1a: Ursaluna|[spread] p1a,p1b
|-resisted|p1b: Whimsicott
|-damage|p1a: Ursaluna|56/100
|-damage|p1b: Whimsicott|74/100
|
|-status|p2b: Ursaluna|brn|[from] item: Flame Orb
|upkeep
|turn|5
|
|t:|1757773465
|move|p1a: Ursaluna|Protect|p1a: Ursaluna
|-singleturn|p1a: Ursaluna|Protect
|move|p1b: Whimsicott|Moonblast|p2b: Ursaluna
|-crit|p2b: Ursaluna
|-damage|p2b: Ursaluna|66/100 brn
|move|p2b: Ursaluna|Facade|p1a: Ursaluna
|-activate|p1a: Ursaluna|move: Protect
|
|-damage|p2b: Ursaluna|60/100 brn|[from] brn
|-fieldend|move: Psychic Terrain
|upkeep
|turn|6
|-message|jirufell forfeited.
|
|win|itbeasher
|raw|itbeasher's rating: 1162 → 1188(+26 for winning)
|raw|jirufell's rating: 1172 → 1146(-26 for losing)
|l|☆jirufell
|player|p2|
