|j|☆Tedi2002
|j|☆Lukanuevo
|html|Tedi2002Lukanuevo    
|uhtml|bestof|Game 2 of a best-of-3
|t:|1785492123
|gametype|doubles
|player|p1|Tedi2002|red|1289
|player|p2|Lukanuevo|colress|1220
|gen|9
|tier|[Gen 9 Champions] VGC 2026 Reg M-B (Bo3)
|rated|
|rule|Species Clause: Limit one of each Pokémon
|rule|Item Clause: Limit 1 of each item
|clearpoke
|poke|p1|Raichu, L50, M|
|poke|p1|Blaziken, L50, M|
|poke|p1|Ninetales-Alola, L50, F|
|poke|p1|Incineroar, L50, M|
|poke|p1|Basculegion, L50, M|
|poke|p1|Kingambit, L50, M|
|poke|p2|Charizard, L50, M|
|poke|p2|Kingambit, L50, M|
|poke|p2|Sylveon, L50, M|
|poke|p2|Garchomp, L50, F|
|poke|p2|Aerodactyl, L50, M|
|poke|p2|Farigiraf, L50, M|
|teampreview|4
|showteam|p1|Raichu||RaichuniteY|LightningRod|ZapCannon,FocusBlast,FakeOut,Protect|Timid||M|||50|]Blaziken||Blazikenite|SpeedBoost|FlareBlitz,CloseCombat,RockSlide,Detect|Adamant||M|||50|]Ninetales-Alola||NeverMeltIce|SnowWarning|Blizzard,FreezeDry,AuroraVeil,Protect|Timid||F|||50|]Incineroar||ChopleBerry|Intimidate|DarkestLariat,FlareBlitz,FakeOut,PartingShot|Adamant||M|||50|]Basculegion||ChoiceScarf|SwiftSwim|WaveCrash,FlipTurn,AquaJet,LastRespects|Jolly||M|||50|]Kingambit||LifeOrb|Defiant|KowtowCleave,SuckerPunch,IronHead,Protect|Adamant||M|||50|
|showteam|p2|Charizard||CharizarditeY|Blaze|HeatWave,WeatherBall,SolarBeam,Protect|Modest||M|||50|]Kingambit||FocusSash|Defiant|KowtowCleave,IronHead,LowKick,SuckerPunch|Adamant||M|||50|]Sylveon||FairyFeather|Pixilate|HyperVoice,HyperBeam,QuickAttack,Detect|Modest||M|||50|]Garchomp||LifeOrb|RoughSkin|DragonClaw,Earthquake,RockSlide,Protect|Jolly||F|||50|]Aerodactyl||Aerodactylite|Unnerve|DualWingbeat,RockSlide,IceFang,Tailwind|Jolly||M|||50|]Farigiraf||SitrusBerry|ArmorTail|Psychic,Thunderbolt,TrickRoom,Protect|Bold||M|||50|
|inactive|Battle timer is ON: inactive players will automatically lose when time's up. (requested by Tedi2002)
|inactive|Lukanuevo has 60 seconds left.
|
|t:|1785492159
|teamsize|p1|4
|teamsize|p2|4
|start
|switch|p1a: Raichu|Raichu, L50, M|100/100
|switch|p1b: Kingambit|Kingambit, L50, M|100/100
|switch|p2a: Farigiraf|Farigiraf, L50, M|100/100
|switch|p2b: Sylveon|Sylveon, L50, M|100/100
|turn|1
|inactive|Tedi2002 has 30 seconds left.
|
|t:|1785492185
|detailschange|p1a: Raichu|Raichu-Mega-Y, L50, M
|-mega|p1a: Raichu|Raichu|Raichunite Y
|move|p1a: Raichu|Zap Cannon|p2b: Sylveon
|-damage|p2b: Sylveon|45/100
|-status|p2b: Sylveon|par
|move|p1b: Kingambit|Kowtow Cleave|p2a: Farigiraf
|-supereffective|p2a: Farigiraf|1
|-damage|p2a: Farigiraf|6/100
|-enditem|p2a: Farigiraf|Sitrus Berry|[eat]
|-heal|p2a: Farigiraf|31/100|[from] item: Sitrus Berry
|-damage|p1b: Kingambit|90/100|[from] item: Life Orb
|move|p2b: Sylveon|Hyper Beam|p1b: Kingambit
|-damage|p1b: Kingambit|0 fnt
|-mustrecharge|p2b: Sylveon
|faint|p1b: Kingambit
|move|p2a: Farigiraf|Trick Room|p2a: Farigiraf
|-fieldstart|move: Trick Room|[of] p2a: Farigiraf
|
|upkeep
|
|t:|1785492195
|switch|p1b: Incineroar|Incineroar, L50, M|100/100
|-ability|p1b: Incineroar|Intimidate|boost
|-unboost|p2a: Farigiraf|atk|1
|-unboost|p2b: Sylveon|atk|1
|turn|2
|
|t:|1785492213
|move|p2a: Farigiraf|Protect|p2a: Farigiraf
|-singleturn|p2a: Farigiraf|Protect
|cant|p2b: Sylveon|recharge
|move|p1b: Incineroar|Darkest Lariat|p2a: Farigiraf
|-activate|p2a: Farigiraf|move: Protect
|move|p1a: Raichu|Zap Cannon|p2b: Sylveon
|-damage|p2b: Sylveon|0 fnt
|faint|p2b: Sylveon
|
|upkeep
|
|t:|1785492228
|switch|p2b: Charizard|Charizard, L50, M|100/100
|turn|3
|
|t:|1785492249
|detailschange|p2b: Charizard|Charizard-Mega-Y, L50, M
|-mega|p2b: Charizard|Charizard|Charizardite Y
|-weather|SunnyDay|[from] ability: Drought|[of] p2b: Charizard
|move|p2a: Farigiraf|Protect||[still]
|-fail|p2a: Farigiraf
|move|p1a: Raichu|Protect|p1a: Raichu
|-singleturn|p1a: Raichu|Protect
|move|p1b: Incineroar|Darkest Lariat|p2a: Farigiraf
|-supereffective|p2a: Farigiraf|1
|-damage|p2a: Farigiraf|0 fnt
|faint|p2a: Farigiraf
|move|p2b: Charizard|Weather Ball|p1a: Raichu
|-activate|p1a: Raichu|move: Protect
|
|-weather|SunnyDay|[upkeep]
|upkeep
|
|t:|1785492259
|switch|p2a: Kingambit|Kingambit, L50, M|100/100
|turn|4
|
|t:|1785492282
|switch|p1a: Ninetales|Ninetales-Alola, L50, F|100/100
|-weather|Snowscape|[from] ability: Snow Warning|[of] p1a: Ninetales
|move|p1b: Incineroar|Flare Blitz|p2a: Kingambit
|-supereffective|p2a: Kingambit|1
|-enditem|p2a: Kingambit|Focus Sash
|-damage|p2a: Kingambit|1/100
|-damage|p1b: Incineroar|69/100|[from] Recoil
|move|p2a: Kingambit|Low Kick|p1b: Incineroar
|-supereffective|p1b: Incineroar|1
|-enditem|p1b: Incineroar|Chople Berry|[eat]
|-enditem|p1b: Incineroar|Chople Berry|[weaken]
|-damage|p1b: Incineroar|45/100
|move|p2b: Charizard|Weather Ball|p1a: Ninetales
|-resisted|p1a: Ninetales|1
|-damage|p1a: Ninetales|79/100
|
|-weather|Snowscape|[upkeep]
|upkeep
|turn|5
|inactive|Tedi2002 has 30 seconds left.
|
|t:|1785492307
|move|p1a: Ninetales|Protect|p1a: Ninetales
|-singleturn|p1a: Ninetales|Protect
|move|p1b: Incineroar|Flare Blitz|p2a: Kingambit
|-supereffective|p2a: Kingambit|1
|-damage|p2a: Kingambit|0 fnt
|faint|p2a: Kingambit
|-damage|p1b: Incineroar|45/100|[from] Recoil
|move|p2b: Charizard|Heat Wave|p1a: Ninetales|[spread] p1b
|-activate|p1a: Ninetales|move: Protect
|-resisted|p1b: Incineroar|1
|-damage|p1b: Incineroar|27/100
|
|-weather|Snowscape|[upkeep]
|-fieldend|move: Trick Room
|upkeep
|turn|6
|
|t:|1785492320
|move|p1a: Ninetales|Aurora Veil|p1a: Ninetales
|-sidestart|p1: Tedi2002|move: Aurora Veil
|move|p2b: Charizard|Heat Wave|p1b: Incineroar|[spread] p1a,p1b
|-supereffective|p1a: Ninetales|1
|-resisted|p1b: Incineroar|1
|-damage|p1a: Ninetales|12/100
|-damage|p1b: Incineroar|15/100
|-status|p1a: Ninetales|brn
|move|p1b: Incineroar|Parting Shot|p2b: Charizard
|-unboost|p2b: Charizard|atk|1
|-unboost|p2b: Charizard|spa|1
|
|t:|1785492329
|switch|p1b: Raichu|Raichu-Mega-Y, L50, M|100/100|[from] Parting Shot
|
|-weather|Snowscape|[upkeep]
|-damage|p1a: Ninetales|6/100 brn|[from] brn
|upkeep
|turn|7
|
|t:|1785492335
|switch|p1a: Incineroar|Incineroar, L50, M|15/100
|-ability|p1a: Incineroar|Intimidate|boost
|-unboost|p2b: Charizard|atk|1
|move|p1b: Raichu|Fake Out|p2b: Charizard
|-damage|p2b: Charizard|91/100
|cant|p2b: Charizard|flinch
|
|-weather|Snowscape|[upkeep]
|upkeep
|turn|8
|
|t:|1785492345
|move|p1a: Incineroar|Fake Out|p2b: Charizard
|-damage|p2b: Charizard|80/100
|move|p1b: Raichu|Zap Cannon|p2b: Charizard
|-supereffective|p2b: Charizard|1
|-damage|p2b: Charizard|0 fnt
|faint|p2b: Charizard
|
|win|Tedi2002
||Tedi2002 is ready for game 3.
