|j|☆1700 for rogue
|j|☆Mortipherus
|html|1700 for rogueMortipherus    
|uhtml|bestof|Game 2 of a best-of-3
|t:|1756723861
|gametype|doubles
|player|p1|1700 for rogue|scientist-gen4|1195
|player|p2|Mortipherus|biker-gen4|1262
|gen|9
|tier|[Gen 9] VGC 2025 Reg H (Bo3)
|rated|
|rule|Species Clause: Limit one of each Pokémon
|rule|Item Clause: Limit 1 of each item
|clearpoke
|poke|p1|Grimmsnarl, L50, M|
|poke|p1|Baxcalibur, L50, F|
|poke|p1|Amoonguss, L50, F|
|poke|p1|Primarina, L50, F|
|poke|p1|Incineroar, L50, F|
|poke|p1|Corviknight, L50, M|
|poke|p2|Hydrapple, L50, F|
|poke|p2|Arcanine-Hisui, L50, M|
|poke|p2|Gholdengo, L50|
|poke|p2|Electabuzz, L50, F|
|poke|p2|Indeedee, L50, M|
|poke|p2|Sneasler, L50, F|
|teampreview|4
|showteam|p1|Grimmsnarl||LightClay|Prankster|LightScreen,Reflect,SpiritBreak,Taunt|||M|||50|,,,,,Ghost]Baxcalibur||LoadedDice|ThermalExchange|IcicleSpear,GlaiveRush,DragonDance,Protect|||F|||50|,,,,,Fire]Amoonguss||CovertCloak|Regenerator|PollenPuff,Spore,RagePowder,Protect|||F|||50|,,,,,Water]Primarina||ThroatSpray|LiquidVoice|HyperVoice,Moonblast,CalmMind,Protect|||F|||50|,,,,,Steel]Incineroar||SitrusBerry|Intimidate|KnockOff,FlareBlitz,FakeOut,PartingShot|||F|||50|,,,,,Ghost]Corviknight||Leftovers|MirrorArmor|Roost,BulkUp,PowerTrip,BraveBird|||M|||50|,,,,,Water
|showteam|p2|Hydrapple||AssaultVest|Regenerator|FickleBeam,EnergyBall,EarthPower,BreakingSwipe|||F|||50|,,,,,Ground]Arcanine-Hisui||ClearAmulet|Intimidate|Protect,ExtremeSpeed,FlareBlitz,RockSlide|||M|||50|,,,,,Grass]Gholdengo||LifeOrb|GoodasGold|Protect,NastyPlot,MakeItRain,ShadowBall||||||50|,,,,,Flying]Electabuzz||Eviolite|VitalSpirit|Protect,FollowMe,Taunt,Electroweb|||F|||50|,,,,,Dragon]Indeedee||FocusSash|PsychicSurge|Protect,TrickRoom,ExpandingForce,TeraBlast|||M|||50|,,,,,Ground]Sneasler||PsychicSeed|Unburden|Protect,ThroatChop,DireClaw,CloseCombat|||F|||50|,,,,,Dark
|inactive|Battle timer is ON: inactive players will automatically lose when time's up. (requested by 1700 for rogue)
|
|t:|1756723880
|teamsize|p1|4
|teamsize|p2|4
|start
|switch|p1a: funny cat|Incineroar, L50, F|100/100
|switch|p1b: Baxcalibur|Baxcalibur, L50, F|100/100
|switch|p2a: Electabuzz|Electabuzz, L50, F|100/100
|switch|p2b: Gholdengo|Gholdengo, L50|100/100
|-ability|p1a: funny cat|Intimidate|boost
|-unboost|p2a: Electabuzz|atk|1
|-unboost|p2b: Gholdengo|atk|1
|turn|1
|
|t:|1756723901
|-terastallize|p1b: Baxcalibur|Fire
|move|p2a: Electabuzz|Follow Me|p2a: Electabuzz
|-singleturn|p2a: Electabuzz|move: Follow Me
|move|p1b: Baxcalibur|Dragon Dance|p1b: Baxcalibur
|-boost|p1b: Baxcalibur|atk|1
|-boost|p1b: Baxcalibur|spe|1
|move|p2b: Gholdengo|Nasty Plot|p2b: Gholdengo
|-boost|p2b: Gholdengo|spa|2
|move|p1a: funny cat|Knock Off|p2a: Electabuzz
|-damage|p2a: Electabuzz|67/100
|-enditem|p2a: Electabuzz|Eviolite|[from] move: Knock Off|[of] p1a: funny cat
|
|upkeep
|turn|2
|
|t:|1756723913
|move|p2b: Gholdengo|Protect|p2b: Gholdengo
|-singleturn|p2b: Gholdengo|Protect
|move|p1b: Baxcalibur|Icicle Spear|p2a: Electabuzz
|-crit|p2a: Electabuzz
|-damage|p2a: Electabuzz|33/100
|-damage|p2a: Electabuzz|6/100
|-damage|p2a: Electabuzz|0 fnt
|faint|p2a: Electabuzz
|-hitcount|p2: Electabuzz|3
|move|p1a: funny cat|Knock Off|p2b: Gholdengo
|-activate|p2b: Gholdengo|move: Protect
|
|upkeep
|
|t:|1756723926
|switch|p2a: Indeedee|Indeedee, L50, M|100/100
|-fieldstart|move: Psychic Terrain|[from] ability: Psychic Surge|[of] p2a: Indeedee
|turn|3
|
|t:|1756723944
|move|p1b: Baxcalibur|Icicle Spear|p2a: Indeedee
|-damage|p2a: Indeedee|63/100
|-damage|p2a: Indeedee|19/100
|-damage|p2a: Indeedee|0 fnt
|faint|p2a: Indeedee
|-hitcount|p2: Indeedee|3
|move|p2b: Gholdengo|Make It Rain|p1b: Baxcalibur|[spread] p1a,p1b
|-resisted|p1a: funny cat
|-resisted|p1b: Baxcalibur
|-damage|p1a: funny cat|53/100
|-damage|p1b: Baxcalibur|46/100
|-unboost|p2b: Gholdengo|spa|1
|-damage|p2b: Gholdengo|91/100|[from] item: Life Orb
|move|p1a: funny cat|Knock Off|p2b: Gholdengo
|-supereffective|p2b: Gholdengo
|-damage|p2b: Gholdengo|6/100
|-enditem|p2b: Gholdengo|Life Orb|[from] move: Knock Off|[of] p1a: funny cat
|
|upkeep
|
|t:|1756723946
|switch|p2a: Sneasler|Sneasler, L50, F|100/100
|-enditem|p2a: Sneasler|Psychic Seed
|-boost|p2a: Sneasler|spd|1|[from] item: Psychic Seed
|turn|4
|
|t:|1756723971
|move|p1b: Baxcalibur|Protect|p1b: Baxcalibur
|-singleturn|p1b: Baxcalibur|Protect
|move|p2a: Sneasler|Close Combat|p1a: funny cat
|-supereffective|p1a: funny cat
|-damage|p1a: funny cat|0 fnt
|-unboost|p2a: Sneasler|def|1
|-unboost|p2a: Sneasler|spd|1
|faint|p1a: funny cat
|move|p2b: Gholdengo|Shadow Ball|p1b: Baxcalibur
|-activate|p1b: Baxcalibur|move: Protect
|
|upkeep
|
|t:|1756723977
|switch|p1a: Grimmsnarl|Grimmsnarl, L50, M|100/100
|turn|5
|
|t:|1756723990
|move|p1a: Grimmsnarl|Reflect|p1a: Grimmsnarl
|-sidestart|p1: 1700 for rogue|Reflect
|move|p2a: Sneasler|Dire Claw|p1b: Baxcalibur
|-damage|p1b: Baxcalibur|22/100
|move|p1b: Baxcalibur|Icicle Spear|p2b: Gholdengo
|-resisted|p2b: Gholdengo
|-damage|p2b: Gholdengo|0 fnt
|faint|p2b: Gholdengo
|-hitcount|p2: Gholdengo|1
|
|upkeep
|turn|6
|
|t:|1756724001
|move|p2a: Sneasler|Dire Claw|p1b: Baxcalibur
|-damage|p1b: Baxcalibur|0 fnt
|faint|p1b: Baxcalibur
|move|p1a: Grimmsnarl|Spirit Break|p2a: Sneasler
|-damage|p2a: Sneasler|32/100
|-unboost|p2a: Sneasler|spa|1
|
|upkeep
|
|t:|1756724009
|switch|p1b: Primarina|Primarina, L50, F|100/100
|turn|7
|
|t:|1756724021
|move|p2a: Sneasler|Dire Claw|p1b: Primarina
|-supereffective|p1b: Primarina
|-damage|p1b: Primarina|32/100
|move|p1b: Primarina|Hyper Voice|p2a: Sneasler
|-damage|p2a: Sneasler|0 fnt
|faint|p2a: Sneasler
|-enditem|p1b: Primarina|Throat Spray
|
|win|1700 for rogue
|raw|1700 for rogue's rating: 1195 → 1225(+30 for winning)
|raw|Mortipherus's rating: 1262 → 1232(-30 for losing)
