|j|☆Novacast
|j|☆whatshamidt
|html|Novacastwhatshamidt    
|uhtml|bestof|Game 1 of a best-of-3
|t:|1757030700
|gametype|doubles
|player|p1|Novacast|mars|
|player|p2|whatshamidt|102|
|gen|9
|tier|[Gen 9] VGC 2025 Reg H (Bo3)
|rule|Species Clause: Limit one of each Pokémon
|rule|Item Clause: Limit 1 of each item
|clearpoke
|poke|p1|Ambipom, L50, M|
|poke|p1|Archaludon, L50, F|
|poke|p1|Annihilape, L50, M|
|poke|p1|Pelipper, L50, M|
|poke|p1|Basculegion, L50, M|
|poke|p1|Amoonguss, L50, F|
|poke|p2|Rillaboom, L50, F|
|poke|p2|Pelipper, L50, F|
|poke|p2|Basculegion, L50, M|
|poke|p2|Gallade, L50, M|
|poke|p2|Garchomp, L50, F|
|poke|p2|Gholdengo, L50|
|teampreview|4
|showteam|p1|Ambipom||WideLens|Technician|DoubleHit,TripleAxel,FakeOut,Uturn|||M|||50|,,,,,Ghost]Archaludon||AssaultVest|Stamina|ElectroShot,FlashCannon,DragonPulse,BodyPress|||F|||50|,,,,,Bug]Annihilape||FocusSash|Defiant|CloseCombat,RageFist,FinalGambit,Taunt|||M|||50|,,,,,Water]Pelipper||CovertCloak|Drizzle|WeatherBall,Hurricane,Tailwind,Protect|||M|||50|,,,,,Ghost]Basculegion||LifeOrb|SwiftSwim|WaveCrash,AquaJet,LastRespects,Protect|||M|||50|,,,,,Water]Amoonguss||SitrusBerry|Regenerator|PollenPuff,RagePowder,Spore,Protect|||F|||50|,,,,,Water
|showteam|p2|Rillaboom||AssaultVest|GrassySurge|FakeOut,GrassyGlide,WoodHammer,Uturn|||F|||50|,,,,,Fire]Pelipper||FocusSash|Drizzle|Protect,Hurricane,WeatherBall,Tailwind|||F|||50|,,,,,Ghost]Basculegion||ChoiceBand|SwiftSwim|AquaJet,WaveCrash,LastRespects,TeraBlast|||M|||50|,,,,,Grass]Gallade||CovertCloak|Sharpness|WideGuard,TrickRoom,SacredSword,PsychoCut|||M|||50|,,,,,Normal]Garchomp||LifeOrb|RoughSkin|Earthquake,DragonClaw,StompingTantrum,Protect|||F|||50|,,,,,Ground]Gholdengo||Leftovers|GoodasGold|Protect,NastyPlot,MakeItRain,ShadowBall||||||50|,,,,,Steel
|c|☆whatshamidt|glhf!
|c|☆Novacast|glhf
|j| motorcycle brrr
|c|☆Novacast|do you want timer?
|l| motorcycle brrr
|j| unovarydrake
|c|☆whatshamidt|sure
|inactive|Battle timer is ON: inactive players will automatically lose when time's up. (requested by Novacast)
|c| unovarydrake|gl gamers
|inactive|Novacast has 60 seconds left.
|
|t:|1757030816
|teamsize|p1|4
|teamsize|p2|4
|start
|switch|p1a: Ambipom|Ambipom, L50, M, shiny|100/100
|switch|p1b: Annihilape|Annihilape, L50, M, shiny|100/100
|switch|p2a: Garchomp|Garchomp, L50, F|100/100
|switch|p2b: Pelipper|Pelipper, L50, F|100/100
|-weather|RainDance|[from] ability: Drizzle|[of] p2b: Pelipper
|turn|1
|inactive|Novacast has 30 seconds left.
|inactive|whatshamidt has 30 seconds left.
|j| darthmorton
|inactive|Novacast has 20 seconds left.
|inactive|whatshamidt has 20 seconds left.
|inactive|Novacast has 15 seconds left.
|inactive|whatshamidt has 15 seconds left.
|inactive|Novacast has 10 seconds left.
|inactive|whatshamidt has 10 seconds left.
|
|t:|1757030865
|switch|p2b: Basculegion|Basculegion, L50, M, shiny|100/100
|move|p2a: Garchomp|Protect|p2a: Garchomp
|-singleturn|p2a: Garchomp|Protect
|move|p1a: Ambipom|Fake Out|p2b: Basculegion
|-immune|p2b: Basculegion
|move|p1b: Annihilape|Close Combat|p2a: Garchomp
|-activate|p2a: Garchomp|move: Protect
|
|-weather|RainDance|[upkeep]
|upkeep
|turn|2
|inactive|Novacast has 30 seconds left.
|
|t:|1757030894
|move|p2b: Basculegion|Wave Crash|p1a: Ambipom
|-damage|p1a: Ambipom|0 fnt
|faint|p1a: Ambipom
|-damage|p2b: Basculegion|75/100|[from] Recoil
|move|p2a: Garchomp|Dragon Claw|p1b: Annihilape
|-damage|p1b: Annihilape|47/100
|-damage|p2a: Garchomp|91/100|[from] item: Life Orb
|move|p1b: Annihilape|Rage Fist|p2b: Basculegion
|-supereffective|p2b: Basculegion
|-damage|p2b: Basculegion|0 fnt
|faint|p2b: Basculegion
|
|-weather|RainDance|[upkeep]
|upkeep
|inactive|Novacast has 30 seconds left.
|
|t:|1757030920
|switch|p1a: Archaludon|Archaludon, L50, F, shiny|100/100
|switch|p2b: Pelipper|Pelipper, L50, F|100/100
|turn|3
|inactive|Novacast has 30 seconds left.
|inactive|Novacast has 20 seconds left.
|
|t:|1757030955
|-terastallize|p1a: Archaludon|Bug
|move|p2a: Garchomp|Earthquake|p1a: Archaludon|[spread] p1a,p1b
|-immune|p2b: Pelipper
|-resisted|p1a: Archaludon
|-damage|p1a: Archaludon|84/100
|-damage|p1b: Annihilape|0 fnt
|-ability|p1a: Archaludon|Stamina|boost
|-boost|p1a: Archaludon|def|1
|faint|p1b: Annihilape
|-damage|p2a: Garchomp|81/100|[from] item: Life Orb
|move|p1a: Archaludon|Dragon Pulse|p2a: Garchomp
|-supereffective|p2a: Garchomp
|-damage|p2a: Garchomp|0 fnt
|faint|p2a: Garchomp
|move|p2b: Pelipper|Tailwind|p2b: Pelipper
|-sidestart|p2: whatshamidt|move: Tailwind
|
|-weather|RainDance|[upkeep]
|upkeep
|l| unovarydrake
|
|t:|1757030966
|switch|p2a: Gholdengo|Gholdengo, L50|100/100
|switch|p1b: Pelipper|Pelipper, L50, M|100/100
|turn|4
|inactive|Novacast has 30 seconds left.
|
|t:|1757030998
|move|p2a: Gholdengo|Nasty Plot|p2a: Gholdengo
|-boost|p2a: Gholdengo|spa|2
|move|p2b: Pelipper|Hurricane|p1a: Archaludon
|-supereffective|p1a: Archaludon
|-damage|p1a: Archaludon|19/100
|-ability|p1a: Archaludon|Stamina|boost
|-boost|p1a: Archaludon|def|1
|move|p1a: Archaludon|Electro Shot||[still]
|-prepare|p1a: Archaludon|Electro Shot
|-boost|p1a: Archaludon|spa|1
|-anim|p1a: Archaludon|Electro Shot|p2a: Gholdengo
|-damage|p2a: Gholdengo|39/100
|move|p1b: Pelipper|Weather Ball|p2a: Gholdengo
|-damage|p2a: Gholdengo|0 fnt
|faint|p2a: Gholdengo
|
|-weather|RainDance|[upkeep]
|upkeep
|turn|5
|
|t:|1757031015
|move|p2b: Pelipper|Hurricane|p1a: Archaludon
|-supereffective|p1a: Archaludon
|-damage|p1a: Archaludon|0 fnt
|faint|p1a: Archaludon
|move|p1b: Pelipper|Hurricane|p2b: Pelipper
|-damage|p2b: Pelipper|28/100
|
|-weather|none
|upkeep
|turn|6
|l| darthmorton
|inactive|Novacast has 30 seconds left.
|
|t:|1757031041
|move|p1b: Pelipper|Protect|p1b: Pelipper
|-singleturn|p1b: Pelipper|Protect
|move|p2b: Pelipper|Hurricane|p1b: Pelipper
|-activate|p1b: Pelipper|move: Protect
|
|-sideend|p2: whatshamidt|move: Tailwind
|upkeep
|turn|7
|j| Jasmine124
|
|t:|1757031056
|-terastallize|p2b: Pelipper|Ghost
|move|p1b: Pelipper|Weather Ball|p2b: Pelipper
|-immune|p2b: Pelipper
|move|p2b: Pelipper|Hurricane|p1b: Pelipper|[miss]
|-miss|p2b: Pelipper|p1b: Pelipper
|
|upkeep
|turn|8
|
|t:|1757031068
|move|p1b: Pelipper|Hurricane|p2b: Pelipper
|-damage|p2b: Pelipper|0 fnt
|faint|p2b: Pelipper
|
|win|Novacast
||Novacast is ready for game 2.
||whatshamidt is ready for game 2.
|uhtml|next|Next: Game 2 of 3
|j| TalonMasterJ
|j| shmeaty420
|l| shmeaty420
|l| TalonMasterJ
