|j|☆xxsismoxx
|j|☆matildoshow
|html|xxsismoxxmatildoshow    
|uhtml|bestof|Game 1 of a best-of-3
|t:|1782574511
|gametype|doubles
|player|p1|xxsismoxx|lance|
|player|p2|matildoshow|swimmer-gen4|
|gen|9
|tier|[Gen 9 Champions] VGC 2026 Reg M-B (Bo3)
|rule|Species Clause: Limit one of each Pokémon
|rule|Item Clause: Limit 1 of each item
|clearpoke
|poke|p1|Aerodactyl, L50, F|
|poke|p1|Garchomp, L50, M, shiny|
|poke|p1|Kingambit, L50, F, shiny|
|poke|p1|Charizard, L50, M, shiny|
|poke|p1|Sylveon, L50, F, shiny|
|poke|p1|Farigiraf, L50, F|
|poke|p2|Froslass, L50, F|
|poke|p2|Lycanroc-Dusk, L50, M|
|poke|p2|Sneasler, L50, M|
|poke|p2|Kingambit, L50, M|
|poke|p2|Scovillain, L50, F|
|poke|p2|Basculegion, L50, M|
|teampreview|4
|showteam|p1|Aerodactyl||Aerodactylite|Unnerve|IceFang,RockSlide,Tailwind,DualWingbeat|Jolly||F|||50|]Garchomp||LifeOrb|RoughSkin|DragonClaw,StompingTantrum,Earthquake,Protect|Jolly||M|||50|]Kingambit||FocusSash|Defiant|SuckerPunch,KowtowCleave,IronHead,LowKick|Adamant||F|||50|]Charizard||CharizarditeY|Blaze|Protect,WeatherBall,HeatWave,SolarBeam|Modest||M|||50|]Sylveon||FairyFeather|Pixilate|Protect,HyperVoice,HyperBeam,QuickAttack|Modest||F|||50|]Farigiraf||SitrusBerry|ArmorTail|TrickRoom,Thunderbolt,Roar,Psychic|Bold||F|||50|
|showteam|p2|Froslass||Froslassite|CursedBody|Protect,Blizzard,ShadowBall,AuroraVeil|Modest||F|||50|]Lycanroc-Dusk||FocusSash|ToughClaws|Protect,Accelerock,CloseCombat,RockSlide|Adamant||M|||50|]Sneasler||WhiteHerb|Unburden|Protect,DireClaw,FakeOut,CloseCombat|Adamant||M|||50|]Kingambit||BlackGlasses|Defiant|Protect,KowtowCleave,SuckerPunch,SwordsDance|Adamant||M|||50|]Scovillain||Scovillainite|Moody|Protect,GigaDrain,RagePowder,Overheat|Bold||F|||50|]Basculegion||SitrusBerry|Adaptability|Protect,WaveCrash,AquaJet,LastRespects|Adamant||M|||50|
|
|t:|1782574606
|teamsize|p1|4
|teamsize|p2|4
|start
|switch|p1a: Aerodactyl|Aerodactyl, L50, F|100/100
|switch|p1b: Kingambit|Kingambit, L50, F, shiny|100/100
|switch|p2a: Froslass|Froslass, L50, F|100/100
|switch|p2b: Sneasler|Sneasler, L50, M|100/100
|-ability|p1a: Aerodactyl|Unnerve
|turn|1
|
|t:|1782574656
|switch|p1a: Farigiraf|Farigiraf, L50, F|100/100
|detailschange|p2a: Froslass|Froslass-Mega, L50, F
|-mega|p2a: Froslass|Froslass|Froslassite
|-weather|Snowscape|[from] ability: Snow Warning|[of] p2a: Froslass
|move|p2b: Sneasler|Fake Out||[still]
|cant|p1a: Farigiraf|ability: Armor Tail|Fake Out|[of] p2b: Sneasler
|move|p2a: Froslass|Aurora Veil|p2a: Froslass
|-sidestart|p2: matildoshow|move: Aurora Veil
|move|p1b: Kingambit|Kowtow Cleave|p2a: Froslass
|-supereffective|p2a: Froslass|1
|-damage|p2a: Froslass|40/100
|
|-weather|Snowscape|[upkeep]
|upkeep
|turn|2
|
|t:|1782574694
|switch|p2a: Lycanroc|Lycanroc-Dusk, L50, M|100/100
|switch|p1b: Sylveon|Sylveon, L50, F, shiny|100/100
|move|p2b: Sneasler|Close Combat|p1b: Sylveon
|-resisted|p1b: Sylveon|1
|-damage|p1b: Sylveon|67/100
|-unboost|p2b: Sneasler|def|1
|-unboost|p2b: Sneasler|spd|1
|-enditem|p2b: Sneasler|White Herb
|-clearnegativeboost|p2b: Sneasler|[silent]
|move|p1a: Farigiraf|Trick Room|p1a: Farigiraf
|-fieldstart|move: Trick Room|[of] p1a: Farigiraf
|
|-weather|Snowscape|[upkeep]
|upkeep
|turn|3
|
|t:|1782574718
|move|p2b: Sneasler|Protect|p2b: Sneasler
|-singleturn|p2b: Sneasler|Protect
|move|p1a: Farigiraf|Psychic|p2b: Sneasler
|-activate|p2b: Sneasler|move: Protect
|move|p1b: Sylveon|Hyper Voice|p2a: Lycanroc|[spread] p2a
|-activate|p2b: Sneasler|move: Protect
|-damage|p2a: Lycanroc|48/100
|move|p2a: Lycanroc|Rock Slide|p1a: Farigiraf|[spread] p1a,p1b
|-damage|p1a: Farigiraf|78/100
|-damage|p1b: Sylveon|31/100
|
|-weather|Snowscape|[upkeep]
|upkeep
|turn|4
|
|t:|1782574762
|move|p2a: Lycanroc|Protect|p2a: Lycanroc
|-singleturn|p2a: Lycanroc|Protect
|move|p1a: Farigiraf|Psychic|p2b: Sneasler
|-supereffective|p2b: Sneasler|2
|-damage|p2b: Sneasler|0 fnt
|faint|p2b: Sneasler
|move|p1b: Sylveon|Hyper Voice|p2a: Lycanroc
|-activate|p2a: Lycanroc|move: Protect
|
|-weather|Snowscape|[upkeep]
|upkeep
|
|t:|1782574771
|switch|p2b: Basculegion|Basculegion, L50, M|100/100
|turn|5
|
|t:|1782574797
|move|p1a: Farigiraf|Thunderbolt|p2b: Basculegion
|-supereffective|p2b: Basculegion|1
|-damage|p2b: Basculegion|70/100
|move|p1b: Sylveon|Hyper Voice|p2b: Basculegion|[spread] p2a,p2b
|-damage|p2a: Lycanroc|0 fnt
|-damage|p2b: Basculegion|38/100
|-enditem|p2b: Basculegion|Sitrus Berry|[eat]
|-heal|p2b: Basculegion|63/100|[from] item: Sitrus Berry
|faint|p2a: Lycanroc
|move|p2b: Basculegion|Last Respects|p1b: Sylveon
|-damage|p1b: Sylveon|0 fnt
|faint|p1b: Sylveon
|
|-weather|none
|-sideend|p2: matildoshow|move: Aurora Veil
|upkeep
|
|t:|1782574817
|switch|p1b: Aerodactyl|Aerodactyl, L50, F|100/100
|switch|p2a: Froslass|Froslass-Mega, L50, F|40/100
|-ability|p1b: Aerodactyl|Unnerve
|-weather|Snowscape|[from] ability: Snow Warning|[of] p2a: Froslass
|turn|6
|
|t:|1782574829
|detailschange|p1b: Aerodactyl|Aerodactyl-Mega, L50, F
|-mega|p1b: Aerodactyl|Aerodactyl|Aerodactylite
|move|p2b: Basculegion|Protect|p2b: Basculegion
|-singleturn|p2b: Basculegion|Protect
|move|p1a: Farigiraf|Thunderbolt|p2b: Basculegion
|-activate|p2b: Basculegion|move: Protect
|move|p2a: Froslass|Blizzard|p1b: Aerodactyl|[spread] p1a,p1b
|-supereffective|p1b: Aerodactyl|1
|-damage|p1a: Farigiraf|38/100
|-damage|p1b: Aerodactyl|7/100
|-enditem|p1a: Farigiraf|Sitrus Berry|[eat]
|-heal|p1a: Farigiraf|63/100|[from] item: Sitrus Berry
|move|p1b: Aerodactyl|Tailwind|p1b: Aerodactyl
|-sidestart|p1: xxsismoxx|move: Tailwind
|
|-weather|Snowscape|[upkeep]
|-fieldend|move: Trick Room
|upkeep
|turn|7
|
|t:|1782574861
|move|p1b: Aerodactyl|Rock Slide|p2b: Basculegion|[spread] p2a,p2b
|-supereffective|p2a: Froslass|1
|-damage|p2a: Froslass|0 fnt
|-damage|p2b: Basculegion|31/100
|faint|p2a: Froslass
|move|p1a: Farigiraf|Thunderbolt|p2b: Basculegion
|-supereffective|p2b: Basculegion|1
|-damage|p2b: Basculegion|0 fnt
|faint|p2b: Basculegion
|
|win|xxsismoxx
|l|☆xxsismoxx
|player|p1|
|inactive|xxsismoxx has 30 seconds to confirm battle start!
|inactive|matildoshow has 30 seconds to confirm battle start!
||xxsismoxx is ready for game 2.
|l|☆matildoshow
|player|p2|
|inactive|matildoshow has 20 seconds to confirm battle start!
|inactive|matildoshow has 10 seconds to confirm battle start!
|uhtml|next|Next: Game 2 of 3
|j|☆xxsismoxx
|player|p1|xxsismoxx|lance|
