|j|☆papsi_jr
|j|☆breloomb01
|html|papsi_jrbreloomb01    
|uhtml|bestof|Game 2 of a best-of-3
|t:|1785452218
|gametype|doubles
|player|p1|papsi_jr|harlequin|1050
|player|p2|breloomb01|roughneck|1229
|gen|9
|tier|[Gen 9 Champions] VGC 2026 Reg M-B (Bo3)
|rated|
|rule|Species Clause: Limit one of each Pokémon
|rule|Item Clause: Limit 1 of each item
|clearpoke
|poke|p1|Araquanid, L50, F, shiny|
|poke|p1|Froslass, L50, F|
|poke|p1|Kingambit, L50, F|
|poke|p1|Sneasler, L50, M, shiny|
|poke|p1|Talonflame, L50, M|
|poke|p1|Tsareena, L50, F|
|poke|p2|Floette-Eternal, L50, F|
|poke|p2|Incineroar, L50, F|
|poke|p2|Sinistcha, L50|
|poke|p2|Garchomp, L50, M|
|poke|p2|Sneasler, L50, F|
|poke|p2|Rotom-Wash, L50|
|teampreview|4
|showteam|p1|Araquanid||SitrusBerry|WaterBubble|Liquidation,Infestation,IcyWind,WideGuard|Adamant||F|||50|]Froslass||Froslassite|SnowCloak|Blizzard,ShadowBall,AuroraVeil,Protect|Timid||F|||50|]Kingambit||BlackGlasses|Defiant|KowtowCleave,IronHead,SuckerPunch,Protect|Adamant||F|||50|]Sneasler||WhiteHerb|Unburden|CloseCombat,FakeOut,Feint,Protect|Jolly||M|||50|]Talonflame||SharpBeak|GaleWings|DualWingbeat,Tailwind,Taunt,QuickGuard|Jolly||M|||50|]Tsareena||ChoiceScarf|QueenlyMajesty|TropKick,TripleAxel,LowKick,Uturn|Jolly||F|||50|
|showteam|p2|Floette-Eternal||Floettite|FlowerVeil|DrainingKiss,DazzlingGleam,CalmMind,Protect|Modest||F|||50|]Incineroar||SitrusBerry|Intimidate|FakeOut,FlareBlitz,ThroatChop,PartingShot|Careful||F|||50|]Sinistcha||KasibBerry|Hospitality|Protect,RagePowder,MatchaGotcha,TrickRoom|Calm|||||50|]Garchomp||LifeOrb|RoughSkin|Earthquake,DragonClaw,RockSlide,Protect|Jolly||M|||50|]Sneasler||FocusSash|PoisonTouch|FakeOut,DireClaw,CloseCombat,Protect|Jolly||F|||50|]Rotom-Wash||Leftovers|Levitate|HydroPump,Protect,WillOWisp,Electroweb|Bold|||||50|
|inactive|Battle timer is ON: inactive players will automatically lose when time's up. (requested by papsi_jr)
|inactive|papsi_jr has 60 seconds left.
|
|t:|1785452255
|teamsize|p1|4
|teamsize|p2|4
|start
|switch|p1a: Sneasler|Sneasler, L50, M, shiny|100/100
|switch|p1b: Froslass|Froslass, L50, F|100/100
|switch|p2a: Floette|Floette-Eternal, L50, F|100/100
|switch|p2b: Rotom|Rotom-Wash, L50|100/100
|turn|1
|
|t:|1785452276
|detailschange|p1b: Froslass|Froslass-Mega, L50, F
|-mega|p1b: Froslass|Froslass|Froslassite
|-weather|Snowscape|[from] ability: Snow Warning|[of] p1b: Froslass
|detailschange|p2a: Floette|Floette-Mega, L50, F
|-mega|p2a: Floette|Floette|Floettite
|-ability|p2a: Floette|Fairy Aura
|move|p1a: Sneasler|Fake Out|p2a: Floette
|-damage|p2a: Floette|85/100
|move|p1b: Froslass|Aurora Veil|p1b: Froslass
|-sidestart|p1: papsi_jr|move: Aurora Veil
|cant|p2a: Floette|flinch
|move|p2b: Rotom|Electroweb|p1b: Froslass|[spread] p1a,p1b
|-damage|p1a: Sneasler|87/100
|-damage|p1b: Froslass|87/100
|-unboost|p1a: Sneasler|spe|1
|-unboost|p1b: Froslass|spe|1
|-enditem|p1a: Sneasler|White Herb
|-clearnegativeboost|p1a: Sneasler|[silent]
|
|-weather|Snowscape|[upkeep]
|upkeep
|turn|2
|
|t:|1785452299
|switch|p1a: Araquanid|Araquanid, L50, F, shiny|100/100
|move|p1b: Froslass|Protect|p1b: Froslass
|-singleturn|p1b: Froslass|Protect
|move|p2a: Floette|Calm Mind|p2a: Floette
|-boost|p2a: Floette|spa|1
|-boost|p2a: Floette|spd|1
|move|p2b: Rotom|Will-O-Wisp|p1a: Araquanid
|-immune|p1a: Araquanid|[from] ability: Water Bubble
|
|-weather|Snowscape|[upkeep]
|upkeep
|turn|3
|
|t:|1785452316
|switch|p2b: Incineroar|Incineroar, L50, F|100/100
|-ability|p2b: Incineroar|Intimidate|boost
|-unboost|p1a: Araquanid|atk|1
|-unboost|p1b: Froslass|atk|1
|move|p2a: Floette|Calm Mind|p2a: Floette
|-boost|p2a: Floette|spa|1
|-boost|p2a: Floette|spd|1
|move|p1b: Froslass|Blizzard|p2b: Incineroar|[spread] p2a,p2b
|-resisted|p2b: Incineroar|1
|-damage|p2a: Floette|70/100
|-damage|p2b: Incineroar|84/100
|-status|p2b: Incineroar|frz
|move|p1a: Araquanid|Icy Wind|p2b: Incineroar|[spread] p2a,p2b
|-resisted|p2b: Incineroar|1
|-damage|p2a: Floette|68/100
|-damage|p2b: Incineroar|82/100 frz
|-unboost|p2a: Floette|spe|1
|-unboost|p2b: Incineroar|spe|1
|
|-weather|Snowscape|[upkeep]
|upkeep
|turn|4
|
|t:|1785452335
|move|p1b: Froslass|Blizzard|p2a: Floette|[spread] p2a,p2b
|-resisted|p2b: Incineroar|1
|-crit|p2b: Incineroar
|-damage|p2a: Floette|53/100
|-damage|p2b: Incineroar|56/100 frz
|move|p2a: Floette|Draining Kiss|p1a: Araquanid
|-damage|p1a: Araquanid|57/100
|-heal|p2a: Floette|83/100|[from] drain|[of] p1a: Araquanid
|move|p1a: Araquanid|Infestation|p2a: Floette
|-resisted|p2a: Floette|1
|-damage|p2a: Floette|83/100
|-activate|p2a: Floette|move: Infestation|[of] p1a: Araquanid
|-curestatus|p2b: Incineroar|frz|[from] move: Flare Blitz
|move|p2b: Incineroar|Flare Blitz|p1a: Araquanid
|-damage|p1a: Araquanid|40/100
|-enditem|p1a: Araquanid|Sitrus Berry|[eat]
|-heal|p1a: Araquanid|65/100|[from] item: Sitrus Berry
|-damage|p2b: Incineroar|51/100|[from] Recoil
|
|-weather|Snowscape|[upkeep]
|-damage|p2a: Floette|71/100|[from] move: Infestation|[partiallytrapped]
|upkeep
|turn|5
|
|t:|1785452360
|switch|p2b: Sinistcha|Sinistcha, L50|100/100
|-heal|p2a: Floette|96/100|[from] ability: Hospitality|[of] p2b: Sinistcha
|move|p1b: Froslass|Blizzard|p2b: Sinistcha|[spread] p2a,p2b
|-supereffective|p2b: Sinistcha|1
|-damage|p2a: Floette|80/100
|-damage|p2b: Sinistcha|17/100
|-status|p2b: Sinistcha|frz
|move|p2a: Floette|Draining Kiss|p1a: Araquanid
|-damage|p1a: Araquanid|26/100
|-heal|p2a: Floette|100/100|[from] drain|[of] p1a: Araquanid
|move|p1a: Araquanid|Liquidation|p2b: Sinistcha
|-resisted|p2b: Sinistcha|1
|-damage|p2b: Sinistcha|2/100 frz
|
|-weather|none
|-damage|p2a: Floette|87/100|[from] move: Infestation|[partiallytrapped]
|-sideend|p1: papsi_jr|move: Aurora Veil
|upkeep
|turn|6
|
|t:|1785452378
|switch|p2b: Rotom|Rotom-Wash, L50|100/100
|move|p1b: Froslass|Blizzard|p2b: Rotom|[spread] 
|-miss|p1b: Froslass|p2a: Floette
|-miss|p1b: Froslass|p2b: Rotom
|move|p2a: Floette|Dazzling Gleam|p1a: Araquanid|[spread] p1a,p1b
|-crit|p1b: Froslass
|-damage|p1a: Araquanid|0 fnt
|-damage|p1b: Froslass|0 fnt
|faint|p1a: Araquanid
|faint|p1b: Froslass
|
|-end|p2a: Floette|Infestation|[partiallytrapped]|[silent]
|upkeep
|-message|papsi_jr forfeited.
|
|win|breloomb01
|raw|papsi_jr's rating: 1050 → 1041(-9 for losing)
|raw|breloomb01's rating: 1229 → 1242(+13 for winning)
|l|☆papsi_jr
|player|p1|
