|j|☆That_Leek
|j|☆pitty boi
|html|That_Leekpitty boi    
|uhtml|bestof|Game 2 of a best-of-3
|t:|1782198339
|gametype|doubles
|player|p1|That_Leek|blue-masters|1026
|player|p2|pitty boi|266|1021
|gen|9
|tier|[Gen 9 Champions] VGC 2026 Reg M-B (Bo3)
|rated|
|rule|Species Clause: Limit one of each Pokémon
|rule|Item Clause: Limit 1 of each item
|clearpoke
|poke|p1|Mawile, L50, F|
|poke|p1|Maushold-Four, L50|
|poke|p1|Delphox, L50, M|
|poke|p1|Annihilape, L50, F|
|poke|p1|Garchomp, L50, F|
|poke|p1|Farigiraf, L50, F|
|poke|p2|Raichu, L50, F|
|poke|p2|Floette-Eternal, L50, F|
|poke|p2|Whimsicott, L50, F|
|poke|p2|Garchomp, L50, F|
|poke|p2|Basculegion, L50, M|
|poke|p2|Gholdengo, L50|
|teampreview|4
|showteam|p1|Mawile||Mawilite|HyperCutter|PlayRough,SuckerPunch,IronHead,Protect|Adamant||F|||50|]Maushold-Four||FocusSash|FriendGuard|BeatUp,Protect,SuperFang,FollowMe|Jolly|||||50|]Delphox||Delphoxite|Blaze|NastyPlot,Protect,HeatWave,Psyshock|Timid||M|||50|]Annihilape||Leftovers|Defiant|RageFist,Protect,DrainPunch,BulkUp|Jolly||F|||50|]Garchomp||LifeOrb|RoughSkin|Earthquake,Protect,DragonClaw,RockSlide|Jolly||F|||50|]Farigiraf||SitrusBerry|ArmorTail|TrickRoom,Psychic,Protect,Thunderbolt|Modest||F|||50|
|showteam|p2|Raichu||RaichuniteY|LightningRod|ZapCannon,FocusBlast,FakeOut,Protect|Modest||F|||50|]Floette-Eternal||Floettite|FlowerVeil|Protect,Moonblast,DazzlingGleam,LightofRuin|Modest||F|||50|]Whimsicott||FocusSash|Prankster|Protect,Tailwind,Encore,Moonblast|Timid||F|||50|]Garchomp||SitrusBerry|RoughSkin|RockSlide,DragonClaw,StompingTantrum,Protect|Adamant||F|||50|]Basculegion||MysticWater|Adaptability|Protect,WaveCrash,LastRespects,AquaJet|Adamant||M|||50|]Gholdengo||LifeOrb|GoodasGold|MakeItRain,ShadowBall,NastyPlot,Protect|Modest|||||50|
|inactive|Battle timer is ON: inactive players will automatically lose when time's up. (requested by pitty boi)
|
|t:|1782198353
|teamsize|p1|4
|teamsize|p2|4
|start
|switch|p1a: Delphox|Delphox, L50, M|100/100
|switch|p1b: Maushold|Maushold-Four, L50|100/100
|switch|p2a: Gholdengo|Gholdengo, L50|100/100
|switch|p2b: Floette|Floette-Eternal, L50, F|100/100
|turn|1
|
|t:|1782198369
|switch|p2a: Garchomp|Garchomp, L50, F|100/100
|detailschange|p2b: Floette|Floette-Mega, L50, F
|-mega|p2b: Floette|Floette|Floettite
|-ability|p2b: Floette|Fairy Aura
|move|p1a: Delphox|Protect|p1a: Delphox
|-singleturn|p1a: Delphox|Protect
|move|p1b: Maushold|Super Fang|p2b: Floette
|-damage|p2b: Floette|50/100g
|move|p2b: Floette|Moonblast|p1b: Maushold
|-enditem|p1b: Maushold|Focus Sash
|-damage|p1b: Maushold|1/100
|
|upkeep
|turn|2
|
|t:|1782198385
|detailschange|p1a: Delphox|Delphox-Mega, L50, M
|-mega|p1a: Delphox|Delphox|Delphoxite
|move|p2b: Floette|Protect|p2b: Floette
|-singleturn|p2b: Floette|Protect
|move|p1b: Maushold|Follow Me|p1b: Maushold
|-singleturn|p1b: Maushold|move: Follow Me
|move|p1a: Delphox|Heat Wave|p2b: Floette|[spread] p2a
|-activate|p2b: Floette|move: Protect
|-resisted|p2a: Garchomp|1
|-damage|p2a: Garchomp|80/100
|move|p2a: Garchomp|Rock Slide|p1b: Maushold|[spread] p1a,p1b
|-supereffective|p1a: Delphox|1
|-damage|p1a: Delphox|59/100
|-damage|p1b: Maushold|0 fnt
|faint|p1b: Maushold
|
|upkeep
|
|t:|1782198392
|switch|p1b: Garchomp|Garchomp, L50, F|100/100
|turn|3
|inactive|pitty boi has 30 seconds left.
|
|t:|1782198420
|switch|p2b: Basculegion|Basculegion, L50, M|100/100
|move|p1a: Delphox|Psyshock|p2b: Basculegion
|-damage|p2b: Basculegion|50/100g
|move|p1b: Garchomp|Dragon Claw|p2a: Garchomp
|-supereffective|p2a: Garchomp|1
|-damage|p2a: Garchomp|0 fnt
|-damage|p1b: Garchomp|87/100|[from] ability: Rough Skin|[of] p2a: Garchomp
|faint|p2a: Garchomp
|-damage|p1b: Garchomp|77/100|[from] item: Life Orb
|
|upkeep
|
|t:|1782198430
|switch|p2a: Floette|Floette-Mega, L50, F|50/100g
|-ability|p2a: Floette|Fairy Aura
|turn|4
|
|t:|1782198436
|switch|p1b: Farigiraf|Farigiraf, L50, F|100/100
|move|p2b: Basculegion|Aqua Jet||[still]
|cant|p1b: Farigiraf|ability: Armor Tail|Aqua Jet|[of] p2b: Basculegion
|move|p1a: Delphox|Psyshock|p2b: Basculegion
|-damage|p2b: Basculegion|0 fnt
|faint|p2b: Basculegion
|move|p2a: Floette|Dazzling Gleam|p1a: Delphox|[spread] p1a,p1b
|-resisted|p1a: Delphox|1
|-damage|p1a: Delphox|35/100
|-damage|p1b: Farigiraf|44/100
|-enditem|p1b: Farigiraf|Sitrus Berry|[eat]
|-heal|p1b: Farigiraf|69/100|[from] item: Sitrus Berry
|
|upkeep
|
|t:|1782198447
|switch|p2b: Gholdengo|Gholdengo, L50|100/100
|turn|5
|
|t:|1782198452
|move|p1a: Delphox|Psyshock|p2a: Floette
|-damage|p2a: Floette|0 fnt
|faint|p2a: Floette
|move|p2b: Gholdengo|Shadow Ball|p1a: Delphox
|-supereffective|p1a: Delphox|1
|-damage|p1a: Delphox|0 fnt
|faint|p1a: Delphox
|-damage|p2b: Gholdengo|90/100|[from] item: Life Orb
|move|p1b: Farigiraf|Psychic|p2b: Gholdengo
|-resisted|p2b: Gholdengo|1
|-damage|p2b: Gholdengo|70/100
|
|upkeep
|
|t:|1782198454
|switch|p1a: Garchomp|Garchomp, L50, F|77/100
|turn|6
|-message|pitty boi forfeited.
|
|win|That_Leek
|raw|That_Leek's rating: 1026 → 1062(+36 for winning)
|raw|pitty boi's rating: 1021 → 1008(-13 for losing)
|l|☆pitty boi
|player|p2|
