|j|☆Pardigrado
|j|☆Panexeri
|html|PardigradoPanexeri    
|uhtml|bestof|Game 2 of a best-of-3
|t:|1756931387
|gametype|doubles
|player|p1|Pardigrado|hala|1083
|player|p2|Panexeri|guitarist|1000
|gen|9
|tier|[Gen 9] VGC 2025 Reg H (Bo3)
|rated|
|rule|Species Clause: Limit one of each Pokémon
|rule|Item Clause: Limit 1 of each item
|clearpoke
|poke|p1|Excadrill, L50, M|
|poke|p1|Sneasler, L50, F|
|poke|p1|Indeedee, L50, M|
|poke|p1|Annihilape, L50, F|
|poke|p1|Tyranitar, L50, F|
|poke|p1|Corviknight, L50, M|
|poke|p2|Rillaboom, L50, M|
|poke|p2|Dragonite, L50, F|
|poke|p2|Sneasler, L50, M|
|poke|p2|Kingambit, L50, F|
|poke|p2|Electabuzz, L50, F|
|poke|p2|Volcarona, L50, M|
|teampreview|4
|showteam|p1|Excadrill||FocusSash|SandRush|IronHead,HighHorsepower,Earthquake,Protect|||M|||50|,,,,,Stellar]Sneasler||PsychicSeed|Unburden|DireClaw,CloseCombat,ThroatChop,Protect|||F|||50|,,,,,Dark]Indeedee||ChoiceScarf|PsychicSurge|ExpandingForce,TeraBlast,Protect,Trick|||M|||50|,,,,,Psychic]Annihilape||SafetyGoggles|Defiant|CloseCombat,FinalGambit,RageFist,Taunt|||F|||50|,,,,,Water]Tyranitar||AssaultVest|SandStream|RockSlide,KnockOff,LowKick,TeraBlast|||F|||50|,,,,,Flying]Corviknight||Leftovers|MirrorArmor|Tailwind,Roost,BulkUp,BraveBird|||M|||50|,,,,,Dragon
|showteam|p2|Rillaboom||AssaultVest|GrassySurge|FakeOut,HighHorsepower,WoodHammer,GrassyGlide|||M|||50|,,,,,Fire]Dragonite||LoadedDice|Multiscale|ExtremeSpeed,ScaleShot,Protect,Haze|||F|||50|,,,,,Steel]Sneasler||FocusSash|PoisonTouch|DireClaw,CloseCombat,FakeOut,Coaching|||M|||50|,,,,,Stellar]Kingambit||BlackGlasses|Defiant|KowtowCleave,SuckerPunch,SwordsDance,Protect|||F|||50|,,,,,Dark]Electabuzz||Eviolite|VitalSpirit|Thunderbolt,Taunt,FollowMe,Protect|||F|||50|,,,,,Ghost]Volcarona||Leftovers|FlameBody|HeatWave,TeraBlast,QuiverDance,Protect|||M|||50|,,,,,Fairy
|inactive|Battle timer is ON: inactive players will automatically lose when time's up. (requested by Panexeri)
|
|t:|1756931472
|teamsize|p1|4
|teamsize|p2|4
|start
|switch|p1a: Sneasler|Sneasler, L50, F|100/100
|switch|p1b: Indeedee|Indeedee, L50, M|100/100
|switch|p2a: Rillaboom|Rillaboom, L50, M|100/100
|switch|p2b: Volcarona|Volcarona, L50, M|100/100
|-fieldstart|move: Psychic Terrain|[from] ability: Psychic Surge|[of] p1b: Indeedee
|-enditem|p1a: Sneasler|Psychic Seed
|-boost|p1a: Sneasler|spd|1|[from] item: Psychic Seed
|-fieldstart|move: Grassy Terrain|[from] ability: Grassy Surge|[of] p2a: Rillaboom
|turn|1
|inactive|Panexeri has 30 seconds left.
|
|t:|1756931505
|switch|p2b: Electabuzz|Electabuzz, L50, F|100/100
|move|p1a: Sneasler|Dire Claw|p2a: Rillaboom
|-supereffective|p2a: Rillaboom
|-damage|p2a: Rillaboom|22/100
|-status|p2a: Rillaboom|par
|move|p1b: Indeedee|Trick|p2b: Electabuzz
|-activate|p1b: Indeedee|move: Trick|[of] p2b: Electabuzz
|-item|p2b: Electabuzz|Choice Scarf|[from] move: Trick
|-item|p1b: Indeedee|Eviolite|[from] move: Trick
|move|p2a: Rillaboom|High Horsepower|p1a: Sneasler
|-supereffective|p1a: Sneasler
|-crit|p1a: Sneasler
|-damage|p1a: Sneasler|0 fnt
|faint|p1a: Sneasler
|
|-heal|p2a: Rillaboom|28/100 par|[from] Grassy Terrain
|upkeep
|
|t:|1756931521
|switch|p1a: Tyranitar|Tyranitar, L50, F|100/100
|-weather|Sandstorm|[from] ability: Sand Stream|[of] p1a: Tyranitar
|turn|2
|
|t:|1756931533
|switch|p1b: Excadrill|Excadrill, L50, M|100/100
|move|p2a: Rillaboom|Grassy Glide|p1a: Tyranitar
|-supereffective|p1a: Tyranitar
|-damage|p1a: Tyranitar|47/100
|move|p2b: Electabuzz|Thunderbolt|p1a: Tyranitar
|-damage|p1a: Tyranitar|37/100
|move|p1a: Tyranitar|Rock Slide|p2b: Electabuzz|[spread] p2a,p2b
|-damage|p2a: Rillaboom|0 fnt
|-damage|p2b: Electabuzz|65/100
|faint|p2a: Rillaboom
|
|-weather|Sandstorm|[upkeep]
|-damage|p2b: Electabuzz|59/100|[from] Sandstorm
|-heal|p2b: Electabuzz|65/100|[from] Grassy Terrain
|-heal|p1a: Tyranitar|43/100|[from] Grassy Terrain
|upkeep
|
|t:|1756931546
|switch|p2a: Volcarona|Volcarona, L50, M|100/100
|turn|3
|
|t:|1756931563
|switch|p1a: Indeedee|Indeedee, L50, M|100/100
|-fieldstart|move: Psychic Terrain|[from] ability: Psychic Surge|[of] p1a: Indeedee
|-terastallize|p2a: Volcarona|Fairy
|move|p1b: Excadrill|Earthquake|p2b: Electabuzz|[spread] p1a,p2a,p2b
|-supereffective|p2b: Electabuzz
|-damage|p1a: Indeedee|3/100
|-damage|p2a: Volcarona|50/100
|-damage|p2b: Electabuzz|0 fnt
|faint|p2b: Electabuzz
|move|p2a: Volcarona|Heat Wave|p1a: Indeedee|[spread] p1a
|-miss|p2a: Volcarona|p1b: Excadrill
|-damage|p1a: Indeedee|0 fnt
|faint|p1a: Indeedee
|
|-weather|Sandstorm|[upkeep]
|-damage|p2a: Volcarona|44/100|[from] Sandstorm
|-heal|p2a: Volcarona|50/100|[from] item: Leftovers
|upkeep
|
|t:|1756931580
|switch|p1a: Tyranitar|Tyranitar, L50, F|43/100
|switch|p2b: Sneasler|Sneasler, L50, M|100/100
|turn|4
|inactive|Panexeri has 30 seconds left.
|inactive|Pardigrado has 30 seconds left.
|
|t:|1756931612
|-terastallize|p1a: Tyranitar|Flying
|move|p2a: Volcarona|Protect|p2a: Volcarona
|-singleturn|p2a: Volcarona|Protect
|move|p1b: Excadrill|Earthquake|p2b: Sneasler|[spread] p2b
|-activate|p2a: Volcarona|move: Protect
|-immune|p1a: Tyranitar
|-supereffective|p2b: Sneasler
|-enditem|p2b: Sneasler|Focus Sash
|-damage|p2b: Sneasler|1/100
|move|p2b: Sneasler|Close Combat|p1b: Excadrill
|-supereffective|p1b: Excadrill
|-enditem|p1b: Excadrill|Focus Sash
|-damage|p1b: Excadrill|1/100
|-unboost|p2b: Sneasler|def|1
|-unboost|p2b: Sneasler|spd|1
|move|p1a: Tyranitar|Tera Blast|p2b: Sneasler|[anim] Tera Blast Flying
|-supereffective|p2b: Sneasler
|-damage|p2b: Sneasler|0 fnt
|faint|p2b: Sneasler
|
|-weather|Sandstorm|[upkeep]
|-damage|p2a: Volcarona|44/100|[from] Sandstorm
|-damage|p1a: Tyranitar|37/100|[from] Sandstorm
|-heal|p2a: Volcarona|50/100|[from] item: Leftovers
|upkeep
|turn|5
|
|t:|1756931634
|move|p1b: Excadrill|Iron Head|p2a: Volcarona
|-supereffective|p2a: Volcarona
|-damage|p2a: Volcarona|0 fnt
|faint|p2a: Volcarona
|
|win|Pardigrado
||Panexeri is ready for game 3.
|inactive|Pardigrado has 30 seconds to confirm battle start!
||Pardigrado is ready for game 3.
|uhtml|next|Next: Game 3 of 3
|l|☆Pardigrado
|player|p1|
