|j|☆Beeetch
|j|☆FilthyJonhy
|html|BeeetchFilthyJonhy    
|uhtml|bestof|Game 3 of a best-of-3
|t:|1757198919
|gametype|doubles
|player|p1|Beeetch|beauty-gen4dp|1203
|player|p2|FilthyJonhy|birdkeeper|1080
|gen|9
|tier|[Gen 9] VGC 2025 Reg H (Bo3)
|rated|
|rule|Species Clause: Limit one of each Pokémon
|rule|Item Clause: Limit 1 of each item
|clearpoke
|poke|p1|Excadrill, L50, M|
|poke|p1|Tyranitar, L50, M|
|poke|p1|Sneasler, L50, F|
|poke|p1|Indeedee, L50, M|
|poke|p1|Corviknight, L50, F|
|poke|p1|Annihilape, L50, M|
|poke|p2|Murkrow, L50, M|
|poke|p2|Ninetales-Alola, L50, M|
|poke|p2|Arcanine-Hisui, L50, F|
|poke|p2|Sneasler, L50, F|
|poke|p2|Indeedee, L50, M|
|poke|p2|Ursaluna-Bloodmoon, L50, M|
|teampreview|4
|showteam|p1|Excadrill||FocusSash|SandRush|IronHead,HighHorsepower,Earthquake,Protect|||M|||50|,,,,,Stellar]Tyranitar||AssaultVest|SandStream|RockSlide,KnockOff,TeraBlast,LowKick|||M|||50|,,,,,Flying]Sneasler||PsychicSeed|Unburden|DireClaw,CloseCombat,ThroatChop,Protect|||F|||50|,,,,,Dark]Indeedee||ChoiceScarf|PsychicSurge|ExpandingForce,TeraBlast,Protect,Trick|||M|||50|,,,,,Psychic]Corviknight||Leftovers|MirrorArmor|BraveBird,BulkUp,Roost,Tailwind|||F|||50|,,,,,Dragon]Annihilape||SafetyGoggles|Defiant|CloseCombat,FinalGambit,RageFist,Taunt|||M|||50|,,,,,Water
|showteam|p2|Murkrow||Eviolite|Prankster|Haze,Tailwind,Taunt,Uturn|||M|||50|,,,,,Electric]Ninetales-Alola||LightClay|SnowWarning|AuroraVeil,HelpingHand,Blizzard,FreezeDry|||M|||50|,,,,,Steel]Arcanine-Hisui||ChoiceBand|Intimidate|RockSlide,ExtremeSpeed,FlareBlitz,CloseCombat|||F|||50|,,,,,Grass]Sneasler||PsychicSeed|Unburden|Protect,CloseCombat,DireClaw,ThroatChop|||F|||50|,,,,,Dark]Indeedee||FocusSash|PsychicSurge|ExpandingForce,TeraBlast,TrickRoom,Imprison|||M|||50|,,,,,Fighting]Ursaluna-Bloodmoon||LifeOrb|MindsEye|BloodMoon,HyperVoice,EarthPower,Protect|||M|||50|,,,,,Normal
|j| Train to Tofoten
|
|t:|1757198976
|teamsize|p1|4
|teamsize|p2|4
|start
|switch|p1a: Excadrill|Excadrill, L50, M, shiny|100/100
|switch|p1b: Annihilape|Annihilape, L50, M|100/100
|switch|p2a: Sneasler|Sneasler, L50, F|100/100
|switch|p2b: Indeedee|Indeedee, L50, M|100/100
|-fieldstart|move: Psychic Terrain|[from] ability: Psychic Surge|[of] p2b: Indeedee
|-enditem|p2a: Sneasler|Psychic Seed
|-boost|p2a: Sneasler|spd|1|[from] item: Psychic Seed
|turn|1
|
|t:|1757199006
|switch|p1b: Tyranitar|Tyranitar, L50, M, shiny|100/100
|-weather|Sandstorm|[from] ability: Sand Stream|[of] p1b: Tyranitar
|move|p1a: Excadrill|Protect|p1a: Excadrill
|-singleturn|p1a: Excadrill|Protect
|move|p2a: Sneasler|Close Combat|p1a: Excadrill
|-activate|p1a: Excadrill|move: Protect
|move|p2b: Indeedee|Expanding Force|p1b: Tyranitar|[spread] 
|-activate|p1a: Excadrill|move: Protect
|-immune|p1b: Tyranitar
|
|-weather|Sandstorm|[upkeep]
|-damage|p2a: Sneasler|95/100|[from] Sandstorm
|-damage|p2b: Indeedee|95/100|[from] Sandstorm
|upkeep
|turn|2
|
|t:|1757199037
|-terastallize|p2b: Indeedee|Fighting
|-terastallize|p1b: Tyranitar|Flying
|move|p2a: Sneasler|Close Combat|p1a: Excadrill
|-supereffective|p1a: Excadrill
|-enditem|p1a: Excadrill|Focus Sash
|-damage|p1a: Excadrill|1/100
|-unboost|p2a: Sneasler|def|1
|-unboost|p2a: Sneasler|spd|1
|move|p1a: Excadrill|Earthquake|p2b: Indeedee|[spread] p2a,p2b
|-immune|p1b: Tyranitar
|-supereffective|p2a: Sneasler
|-damage|p2a: Sneasler|0 fnt
|-damage|p2b: Indeedee|11/100
|faint|p2a: Sneasler
|move|p2b: Indeedee|Tera Blast|p1b: Tyranitar|[anim] Tera Blast Fighting
|-resisted|p1b: Tyranitar
|-damage|p1b: Tyranitar|89/100
|move|p1b: Tyranitar|Tera Blast|p2b: Indeedee|[anim] Tera Blast Flying
|-supereffective|p2b: Indeedee
|-damage|p2b: Indeedee|0 fnt
|faint|p2b: Indeedee
|
|-weather|Sandstorm|[upkeep]
|-damage|p1b: Tyranitar|83/100|[from] Sandstorm
|upkeep
|
|t:|1757199062
|switch|p2a: Ninetales|Ninetales-Alola, L50, M|100/100
|switch|p2b: Arcanine|Arcanine-Hisui, L50, F|100/100
|-weather|Snowscape|[from] ability: Snow Warning|[of] p2a: Ninetales
|-ability|p2b: Arcanine|Intimidate|boost
|-unboost|p1a: Excadrill|atk|1
|-unboost|p1b: Tyranitar|atk|1
|turn|3
|
|t:|1757199075
|switch|p1b: Annihilape|Annihilape, L50, M|100/100
|move|p1a: Excadrill|Protect|p1a: Excadrill
|-singleturn|p1a: Excadrill|Protect
|move|p2a: Ninetales|Aurora Veil|p2a: Ninetales
|-sidestart|p2: FilthyJonhy|move: Aurora Veil
|move|p2b: Arcanine|Rock Slide|p1a: Excadrill|[spread] p1b
|-activate|p1a: Excadrill|move: Protect
|-resisted|p1b: Annihilape
|-damage|p1b: Annihilape|80/100
|
|-weather|Snowscape|[upkeep]
|upkeep
|turn|4
|
|t:|1757199091
|switch|p1b: Tyranitar|Tyranitar, L50, M, shiny, tera:Flying|83/100
|-weather|Sandstorm|[from] ability: Sand Stream|[of] p1b: Tyranitar
|move|p2a: Ninetales|Helping Hand|p2b: Arcanine
|-singleturn|p2b: Arcanine|Helping Hand|[of] p2a: Ninetales
|move|p1a: Excadrill|Earthquake|p2b: Arcanine|[spread] p2a,p2b
|-immune|p1b: Tyranitar
|-supereffective|p2b: Arcanine
|-damage|p2a: Ninetales|79/100
|-damage|p2b: Arcanine|16/100
|move|p2b: Arcanine|Rock Slide|p1b: Tyranitar|[spread] p1a,p1b
|-resisted|p1a: Excadrill
|-supereffective|p1b: Tyranitar
|-damage|p1a: Excadrill|0 fnt
|-damage|p1b: Tyranitar|0 fnt
|faint|p1a: Excadrill
|faint|p1b: Tyranitar
|
|-weather|Sandstorm|[upkeep]
|-damage|p2a: Ninetales|73/100|[from] Sandstorm
|upkeep
|
|t:|1757199107
|switch|p1a: Indeedee|Indeedee, L50, M, shiny|100/100
|switch|p1b: Annihilape|Annihilape, L50, M|80/100
|turn|5
|
|t:|1757199116
|move|p2a: Ninetales|Helping Hand|p2b: Arcanine
|-singleturn|p2b: Arcanine|Helping Hand|[of] p2a: Ninetales
|move|p1a: Indeedee|Expanding Force|p2b: Arcanine|[spread] p2a,p2b
|-damage|p2a: Ninetales|38/100
|-damage|p2b: Arcanine|0 fnt
|faint|p2b: Arcanine
|move|p1b: Annihilape|Rage Fist|p2a: Ninetales
|-damage|p2a: Ninetales|2/100
|
|-weather|Sandstorm|[upkeep]
|-damage|p1a: Indeedee|95/100|[from] Sandstorm
|-damage|p2a: Ninetales|0 fnt|[from] Sandstorm
|faint|p2a: Ninetales
|
|win|Beeetch
|raw|Beeetch's rating: 1203 → 1220(+17 for winning)
|raw|FilthyJonhy's rating: 1080 → 1065(-15 for losing)
