|j|☆HowDz2
|j|☆JeremiahTheGreat
|html|HowDz2JeremiahTheGreat    
|uhtml|bestof|Game 2 of a best-of-3
|t:|1784135316
|gametype|doubles
|player|p1|HowDz2|lance|
|player|p2|JeremiahTheGreat|101|
|gen|9
|tier|[Gen 9 Champions] VGC 2026 Reg M-B (Bo3)
|rule|Species Clause: Limit one of each Pokémon
|rule|Item Clause: Limit 1 of each item
|clearpoke
|poke|p1|Sableye, L50, F|
|poke|p1|Gengar, L50, M|
|poke|p1|Slurpuff, L50, M|
|poke|p1|Scizor, L50, F|
|poke|p1|Feraligatr, L50, F|
|poke|p1|Simisage, L50, F|
|poke|p2|Flareon, L50, M|
|poke|p2|Garbodor, L50, M|
|poke|p2|Sinistcha, L50|
|poke|p2|Tauros, L50, M|
|poke|p2|Audino, L50, F|
|poke|p2|Gyarados, L50, M|
|teampreview|4
|showteam|p1|Sableye||SitrusBerry|Prankster|Gravity,Detect,FakeOut,SunnyDay|Careful||F|||50|]Gengar||Gengarite|CursedBody|Thunderbolt,FocusBlast,ShadowBall,Psychic|Modest||M|||50|]Slurpuff||WhiteHerb|Unburden|Flamethrower,CalmMind,Thunderbolt,Protect|Modest||M|||50|]Scizor||Scizorite|Technician|BulletPunch,Uturn,CloseCombat,SwordsDance|Adamant||F|||50|]Feraligatr||LifeOrb|SheerForce|StompingTantrum,AquaJet,Protect,Roar|Adamant||F|||50|]Simisage||FocusSash|Overgrow|FakeOut,FocusBlast,LeafStorm,GunkShot|Naive||F|||50|
|showteam|p2|Flareon||Charcoal|Guts|FlareBlitz,Superpower,WillOWisp,Detect|Adamant||M|||50|]Garbodor||Leftovers|Aftermath|GunkShot,BodyPress,Curse,Protect|Impish||M|||50|]Sinistcha||KasibBerry|Hospitality|MatchaGotcha,TrickRoom,RagePowder,ShadowBall|Quiet|||||50|]Tauros||ChoiceScarf|Intimidate|ThroatChop,CloseCombat,Flamethrower,RagingBull|Adamant||M|||50|]Audino||Audinite|Healer|Entrainment,LightScreen,Reflect,DazzlingGleam|Calm||F|||50|]Gyarados||Gyaradosite|Intimidate|Crunch,DragonDance,TemperFlare,Protect|Adamant||M|||50|
|
|t:|1784135399
|teamsize|p1|4
|teamsize|p2|4
|start
|switch|p1a: Slurpuff|Slurpuff, L50, M|100/100
|switch|p1b: Scizor|Scizor, L50, F|100/100
|switch|p2a: Flareon|Flareon, L50, M|100/100
|switch|p2b: Tauros|Tauros, L50, M|100/100
|-ability|p2b: Tauros|Intimidate|boost
|-unboost|p1a: Slurpuff|atk|1
|-unboost|p1b: Scizor|atk|1
|-enditem|p1a: Slurpuff|White Herb
|-clearnegativeboost|p1a: Slurpuff|[silent]
|turn|1
|
|t:|1784135459
|switch|p2b: Gyarados|Gyarados, L50, M|100/100
|-ability|p2b: Gyarados|Intimidate|boost
|-unboost|p1a: Slurpuff|atk|1
|-unboost|p1b: Scizor|atk|1
|move|p1a: Slurpuff|Calm Mind|p1a: Slurpuff
|-boost|p1a: Slurpuff|spa|1
|-boost|p1a: Slurpuff|spd|1
|move|p1b: Scizor|U-turn|p2a: Flareon
|-resisted|p2a: Flareon|1
|-damage|p2a: Flareon|84/100
|
|t:|1784135468
|switch|p1b: Feraligatr|Feraligatr, L50, F|100/100|[from] U-turn
|move|p2a: Flareon|Flare Blitz|p1a: Slurpuff
|-damage|p1a: Slurpuff|9/100
|-damage|p2a: Flareon|51/100|[from] Recoil
|
|upkeep
|turn|2
|
|t:|1784135489
|move|p1a: Slurpuff|Thunderbolt|p2b: Gyarados
|-supereffective|p2b: Gyarados|2
|-damage|p2b: Gyarados|0 fnt
|faint|p2b: Gyarados
|move|p1b: Feraligatr|Stomping Tantrum|p2a: Flareon
|-supereffective|p2a: Flareon|1
|-damage|p2a: Flareon|0 fnt
|faint|p2a: Flareon
|-damage|p1b: Feraligatr|90/100|[from] item: Life Orb
|
|upkeep
|
|t:|1784135499
|switch|p2b: Tauros|Tauros, L50, M|100/100
|switch|p2a: Sinistcha|Sinistcha, L50|100/100
|-ability|p2b: Tauros|Intimidate|boost
|-unboost|p1a: Slurpuff|atk|1
|-unboost|p1b: Feraligatr|atk|1
|turn|3
|
|t:|1784135527
|move|p1b: Feraligatr|Aqua Jet|p2b: Tauros
|-damage|p2b: Tauros|81/100
|-damage|p1b: Feraligatr|80/100|[from] item: Life Orb
|move|p2b: Tauros|Flamethrower|p1b: Feraligatr
|-resisted|p1b: Feraligatr|1
|-damage|p1b: Feraligatr|72/100
|-status|p1b: Feraligatr|brn
|move|p1a: Slurpuff|Flamethrower|p2a: Sinistcha
|-supereffective|p2a: Sinistcha|1
|-damage|p2a: Sinistcha|33/100
|move|p2a: Sinistcha|Matcha Gotcha|p1a: Slurpuff|[spread] p1a,p1b
|-supereffective|p1b: Feraligatr|1
|-damage|p1a: Slurpuff|0 fnt
|-heal|p2a: Sinistcha|38/100|[from] drain|[of] p1a: Slurpuff
|-damage|p1b: Feraligatr|0 fnt
|-heal|p2a: Sinistcha|72/100|[from] drain|[of] p1b: Feraligatr
|faint|p1a: Slurpuff
|faint|p1b: Feraligatr
|
|upkeep
|
|t:|1784135546
|switch|p1b: Gengar|Gengar, L50, M|100/100
|switch|p1a: Scizor|Scizor, L50, F|100/100
|turn|4
|
|t:|1784135598
|detailschange|p1b: Gengar|Gengar-Mega, L50, M
|-mega|p1b: Gengar|Gengar|Gengarite
|move|p1a: Scizor|Bullet Punch|p2a: Sinistcha
|-damage|p2a: Sinistcha|41/100
|move|p2b: Tauros|Flamethrower|p1a: Scizor
|-supereffective|p1a: Scizor|2
|-damage|p1a: Scizor|38/100
|move|p1b: Gengar|Shadow Ball|p2a: Sinistcha
|-supereffective|p2a: Sinistcha|1
|-enditem|p2a: Sinistcha|Kasib Berry|[eat]
|-enditem|p2a: Sinistcha|Kasib Berry|[weaken]
|-damage|p2a: Sinistcha|0 fnt
|faint|p2a: Sinistcha
|
|upkeep
|turn|5
|
|t:|1784135614
|move|p1a: Scizor|Bullet Punch|p2b: Tauros
|-damage|p2b: Tauros|41/100
|move|p2b: Tauros|Flamethrower|p1a: Scizor
|-supereffective|p1a: Scizor|2
|-damage|p1a: Scizor|0 fnt
|faint|p1a: Scizor
|move|p1b: Gengar|Psychic|p2b: Tauros
|-damage|p2b: Tauros|0 fnt
|faint|p2b: Tauros
|
|win|HowDz2
