|j|☆Karwyn
|j|☆rizzlerfrogg
|html|Karwynrizzlerfrogg    
|uhtml|bestof|Game 1 of a best-of-3
|t:|1783253902
|gametype|doubles
|player|p1|Karwyn|cynthia-gen4|
|player|p2|rizzlerfrogg|101|
|gen|9
|tier|[Gen 9 Champions] VGC 2026 Reg M-B (Bo3)
|rule|Species Clause: Limit one of each Pokémon
|rule|Item Clause: Limit 1 of each item
|clearpoke
|poke|p1|Floette-Eternal, L50, F|
|poke|p1|Aerodactyl, L50, F|
|poke|p1|Incineroar, L50, F|
|poke|p1|Garchomp, L50, F|
|poke|p1|Sneasler, L50, F|
|poke|p1|Basculegion, L50, M|
|poke|p2|Espathra, L50, M|
|poke|p2|Sylveon, L50, F|
|poke|p2|Charizard, L50, F|
|poke|p2|Maushold-Four, L50|
|poke|p2|Basculegion, L50, M|
|poke|p2|Whimsicott, L50, M|
|teampreview|4
|showteam|p1|Floette-Eternal||Floettite|FlowerVeil|LightofRuin,DazzlingGleam,Moonblast,Protect|Modest||F|||50|]Aerodactyl||FocusSash|Unnerve|DualWingbeat,RockSlide,Tailwind,Protect|Jolly||F|||50|]Incineroar||SitrusBerry|Intimidate|FlareBlitz,FakeOut,HelpingHand,PartingShot|Careful||F|||50|]Garchomp||LifeOrb|RoughSkin|Earthquake,DragonClaw,RockSlide,Protect|Jolly||F|||50|]Sneasler||WhiteHerb|Unburden|CloseCombat,DireClaw,RockSlide,Protect|Adamant||F|||50|]Basculegion||ChoiceScarf|Adaptability|WaveCrash,LastRespects,FlipTurn,AquaJet|Jolly||M|||50|
|showteam|p2|Espathra||QuickClaw|SpeedBoost|BatonPass,CalmMind,LuminaCrash,Substitute|Timid||M|||50|]Sylveon||FairyFeather|Pixilate|HyperVoice,Protect,Substitute,CalmMind|Modest||F|||50|]Charizard||CharizarditeY|Blaze|HeatWave,WeatherBall,Roost,SolarBeam|Timid||F|||50|]Maushold-Four||KingsRock|Technician|SuperFang,TidyUp,HelpingHand,FollowMe|Adamant|||||50|]Basculegion||ChoiceScarf|Adaptability|WaveCrash,LastRespects,AquaJet,FlipTurn|Adamant||M|||50|]Whimsicott||FocusSash|Prankster|Tailwind,Moonblast,Encore,WorrySeed|Bold||M|||50|
|
|t:|1783253938
|teamsize|p1|4
|teamsize|p2|4
|start
|switch|p1a: Sneasler|Sneasler, L50, F|100/100
|switch|p1b: Aerodactyl|Aerodactyl, L50, F|100/100
|switch|p2a: Plant|Whimsicott, L50, M|100/100
|switch|p2b: Joyful Family|Maushold-Four, L50|100/100
|-ability|p1b: Aerodactyl|Unnerve
|turn|1
|
|t:|1783253978
|move|p2b: Joyful Family|Follow Me|p2b: Joyful Family
|-singleturn|p2b: Joyful Family|move: Follow Me
|move|p2a: Plant|Tailwind|p2a: Plant
|-sidestart|p2: rizzlerfrogg|move: Tailwind
|move|p1b: Aerodactyl|Tailwind|p1b: Aerodactyl
|-sidestart|p1: Karwyn|move: Tailwind
|move|p1a: Sneasler|Dire Claw|p2b: Joyful Family
|-damage|p2b: Joyful Family|43/100
|
|upkeep
|turn|2
|
|t:|1783254010
|move|p2a: Plant|Worry Seed|p1a: Sneasler
|-ability|p1a: Sneasler|Insomnia|Unburden|[from] move: Worry Seed
|move|p1b: Aerodactyl|Rock Slide|p2b: Joyful Family|[spread] p2a,p2b
|-damage|p2a: Plant|73/100
|-damage|p2b: Joyful Family|6/100
|move|p1a: Sneasler|Dire Claw|p2a: Plant
|-supereffective|p2a: Plant|2
|-damage|p2a: Plant|0 fnt
|faint|p2a: Plant
|move|p2b: Joyful Family|Super Fang|p1b: Aerodactyl
|-damage|p1b: Aerodactyl|50/100g
|
|upkeep
|
|t:|1783254026
|switch|p2a: Fat Fish|Basculegion, L50, M|100/100
|turn|3
|
|t:|1783254045
|move|p2b: Joyful Family|Helping Hand|p2a: Fat Fish
|-singleturn|p2a: Fat Fish|Helping Hand|[of] p2b: Joyful Family
|move|p1b: Aerodactyl|Protect|p1b: Aerodactyl
|-singleturn|p1b: Aerodactyl|Protect
|move|p2a: Fat Fish|Last Respects|p1a: Sneasler
|-damage|p1a: Sneasler|0 fnt
|faint|p1a: Sneasler
|
|upkeep
|
|t:|1783254060
|switch|p1a: Basculegion|Basculegion, L50, M|100/100
|turn|4
|
|t:|1783254065
|move|p2b: Joyful Family|Follow Me|p2b: Joyful Family
|-singleturn|p2b: Joyful Family|move: Follow Me
|move|p1a: Basculegion|Last Respects|p2b: Joyful Family
|-immune|p2b: Joyful Family
|move|p1b: Aerodactyl|Rock Slide|p2b: Joyful Family|[spread] p2a,p2b
|-damage|p2a: Fat Fish|68/100
|-damage|p2b: Joyful Family|0 fnt
|faint|p2b: Joyful Family
|cant|p2a: Fat Fish|flinch
|
|-sideend|p2: rizzlerfrogg|move: Tailwind
|-sideend|p1: Karwyn|move: Tailwind
|upkeep
|
|t:|1783254076
|switch|p2b: Spiky Dragon|Charizard, L50, F|100/100
|turn|5
|
|t:|1783254091
|detailschange|p2b: Spiky Dragon|Charizard-Mega-Y, L50, F
|-mega|p2b: Spiky Dragon|Charizard|Charizardite Y
|-weather|SunnyDay|[from] ability: Drought|[of] p2b: Spiky Dragon
|move|p1a: Basculegion|Last Respects|p2a: Fat Fish
|-supereffective|p2a: Fat Fish|1
|-damage|p2a: Fat Fish|0 fnt
|faint|p2a: Fat Fish
|move|p1b: Aerodactyl|Rock Slide|p2b: Spiky Dragon
|-supereffective|p2b: Spiky Dragon|2
|-damage|p2b: Spiky Dragon|0 fnt
|faint|p2b: Spiky Dragon
|
|win|Karwyn
|inactive|Karwyn has 30 seconds to confirm battle start!
|inactive|rizzlerfrogg has 30 seconds to confirm battle start!
||rizzlerfrogg is ready for game 2.
||Karwyn is ready for game 2.
|uhtml|next|Next: Game 2 of 3
|l|☆rizzlerfrogg
|player|p2|
