|j|☆SuperStain
|j|☆TheFitZz35
|html|SuperStainTheFitZz35    
|uhtml|bestof|Game 3 of a best-of-3
|t:|1784208396
|gametype|doubles
|player|p1|SuperStain|169|1040
|player|p2|TheFitZz35|swimmer-gen4|1051
|gen|9
|tier|[Gen 9 Champions] VGC 2026 Reg M-B (Bo3)
|rated|
|rule|Species Clause: Limit one of each Pokémon
|rule|Item Clause: Limit 1 of each item
|clearpoke
|poke|p1|Klefki, L50, M, shiny|
|poke|p1|Greninja, L50, M|
|poke|p1|Pelipper, L50, F|
|poke|p1|Archaludon, L50, F|
|poke|p1|Scovillain, L50, F|
|poke|p1|Espeon, L50, M|
|poke|p2|Blastoise, L50, F|
|poke|p2|Pelipper, L50, M|
|poke|p2|Incineroar, L50, M|
|poke|p2|Gengar, L50, M|
|poke|p2|Manectric, L50, F|
|poke|p2|Farigiraf, L50, M|
|teampreview|4
|showteam|p1|Klefki||MentalHerb|Prankster|DazzlingGleam,Reflect,RainDance,SunnyDay|Calm||M|||50|]Greninja||LifeOrb|Protean|WeatherBall,IceBeam,DarkPulse,Protect|Timid||M|||50|]Pelipper||SitrusBerry|Drizzle|WeatherBall,Hurricane,Tailwind,WideGuard|Calm||F|||50|]Archaludon||ChopleBerry|Stamina|ElectroShot,FlashCannon,DragonPulse,Protect|Modest||F|||50|]Scovillain|||Chlorophyll|FlareBlitz,SeedBomb,StompingTantrum,Protect|Adamant||F|||50|]Espeon||FocusSash|MagicBounce|Psyshock,WeatherBall,AlluringVoice,Detect|Timid||M|||50|
|showteam|p2|Blastoise||Blastoisinite|Torrent|ShellSmash,WaterSpout,Protect,AuraSphere|Modest||F|||50|]Pelipper||DampRock|Drizzle|WeatherBall,HelpingHand,Protect,Hurricane|Rash||M|||50|]Incineroar||MentalHerb|Intimidate|FakeOut,PartingShot,FlareBlitz,DarkestLariat|Impish||M|||50|]Gengar||LifeOrb|CursedBody|Protect,ShadowBall,SludgeWave,IcyWind|Modest||M|||50|]Manectric||FocusSash|LightningRod|Thunder,Protect,HyperVoice,Discharge|Modest||F|||50|]Farigiraf||SitrusBerry|ArmorTail|HelpingHand,Thunderbolt,TrickRoom,Psychic|Modest||M|||50|
|inactive|Battle timer is ON: inactive players will automatically lose when time's up. (requested by SuperStain)
|inactive|SuperStain has 60 seconds left.
|
|t:|1784208440
|teamsize|p1|4
|teamsize|p2|4
|start
|switch|p1a: Pelipper|Pelipper, L50, F|100/100
|switch|p1b: Archaludon|Archaludon, L50, F|100/100
|switch|p2a: Incineroar|Incineroar, L50, M|100/100
|switch|p2b: Farigiraf|Farigiraf, L50, M|100/100
|-weather|RainDance|[from] ability: Drizzle|[of] p1a: Pelipper
|-ability|p2a: Incineroar|Intimidate|boost
|-unboost|p1a: Pelipper|atk|1
|-unboost|p1b: Archaludon|atk|1
|turn|1
|
|t:|1784208462
|move|p2a: Incineroar|Fake Out|p1b: Archaludon
|-resisted|p1b: Archaludon|1
|-damage|p1b: Archaludon|94/100
|-ability|p1b: Archaludon|Stamina|boost
|-boost|p1b: Archaludon|def|1
|cant|p1b: Archaludon|flinch
|move|p1a: Pelipper|Weather Ball|p2a: Incineroar
|-supereffective|p2a: Incineroar|1
|-damage|p2a: Incineroar|0 fnt
|faint|p2a: Incineroar
|move|p2b: Farigiraf|Trick Room|p2b: Farigiraf
|-fieldstart|move: Trick Room|[of] p2b: Farigiraf
|
|-weather|RainDance|[upkeep]
|upkeep
|
|t:|1784208478
|switch|p2a: Blastoise|Blastoise, L50, F|100/100
|turn|2
|
|t:|1784208493
|detailschange|p2a: Blastoise|Blastoise-Mega, L50, F
|-mega|p2a: Blastoise|Blastoise|Blastoisinite
|move|p1a: Pelipper|Wide Guard|p1a: Pelipper
|-singleturn|p1a: Pelipper|Wide Guard
|move|p2b: Farigiraf|Thunderbolt|p1a: Pelipper
|-supereffective|p1a: Pelipper|2
|-damage|p1a: Pelipper|0 fnt
|faint|p1a: Pelipper
|move|p2a: Blastoise|Aura Sphere|p1b: Archaludon
|-supereffective|p1b: Archaludon|1
|-enditem|p1b: Archaludon|Chople Berry|[eat]
|-enditem|p1b: Archaludon|Chople Berry|[weaken]
|-damage|p1b: Archaludon|38/100
|-ability|p1b: Archaludon|Stamina|boost
|-boost|p1b: Archaludon|def|1
|move|p1b: Archaludon|Dragon Pulse|p2a: Blastoise
|-damage|p2a: Blastoise|49/100
|
|-weather|RainDance|[upkeep]
|upkeep
|
|t:|1784208515
|switch|p1a: Greninja|Greninja, L50, M|100/100
|turn|3
|
|t:|1784208529
|move|p1b: Archaludon|Protect|p1b: Archaludon
|-singleturn|p1b: Archaludon|Protect
|move|p1a: Greninja|Protect|p1a: Greninja
|-start|p1a: Greninja|typechange|Normal|[from] ability: Protean
|-singleturn|p1a: Greninja|Protect
|move|p2b: Farigiraf|Thunderbolt|p1a: Greninja
|-activate|p1a: Greninja|move: Protect
|move|p2a: Blastoise|Aura Sphere|p1b: Archaludon
|-activate|p1b: Archaludon|move: Protect
|
|-weather|RainDance|[upkeep]
|upkeep
|turn|4
|inactive|SuperStain has 30 seconds left.
|inactive|TheFitZz35 has 30 seconds left.
|inactive|SuperStain has 20 seconds left.
|inactive|TheFitZz35 has 20 seconds left.
|inactive|TheFitZz35 has 15 seconds left.
|
|t:|1784208571
|switch|p1b: Klefki|Klefki, L50, M, shiny|100/100
|move|p2b: Farigiraf|Thunderbolt|p1a: Greninja
|-damage|p1a: Greninja|52/100
|move|p2a: Blastoise|Aura Sphere|p1b: Klefki
|-damage|p1b: Klefki|56/100
|move|p1a: Greninja|Dark Pulse|p2a: Blastoise
|-damage|p2a: Blastoise|16/100
|-damage|p1a: Greninja|42/100|[from] item: Life Orb
|
|-weather|RainDance|[upkeep]
|upkeep
|turn|5
|inactive|TheFitZz35 has 30 seconds left.
|
|t:|1784208601
|move|p1a: Greninja|Protect|p1a: Greninja
|-singleturn|p1a: Greninja|Protect
|move|p2b: Farigiraf|Thunderbolt|p1b: Klefki
|-damage|p1b: Klefki|30/100
|move|p1b: Klefki|Dazzling Gleam|p2b: Farigiraf|[spread] p2a,p2b
|-damage|p2a: Blastoise|0 fnt
|-damage|p2b: Farigiraf|81/100
|faint|p2a: Blastoise
|
|-weather|none
|-fieldend|move: Trick Room
|upkeep
|
|t:|1784208610
|switch|p2a: Pelipper|Pelipper, L50, M|100/100
|-weather|RainDance|[from] ability: Drizzle|[of] p2a: Pelipper
|turn|6
|
|t:|1784208628
|switch|p1a: Archaludon|Archaludon, L50, F|38/100
|move|p2a: Pelipper|Weather Ball|p1b: Klefki
|-damage|p1b: Klefki|0 fnt
|faint|p1b: Klefki
|move|p2b: Farigiraf|Thunderbolt|p1a: Archaludon
|-resisted|p1a: Archaludon|1
|-damage|p1a: Archaludon|22/100
|-ability|p1a: Archaludon|Stamina|boost
|-boost|p1a: Archaludon|def|1
|
|-weather|RainDance|[upkeep]
|upkeep
|
|t:|1784208630
|switch|p1b: Greninja|Greninja, L50, M|42/100
|turn|7
|inactive|TheFitZz35 has 30 seconds left.
|inactive|SuperStain has 30 seconds left.
|
|t:|1784208665
|move|p1b: Greninja|Weather Ball|p2b: Farigiraf
|-start|p1b: Greninja|typechange|Water|[from] ability: Protean
|-damage|p2b: Farigiraf|0 fnt
|faint|p2b: Farigiraf
|-damage|p1b: Greninja|33/100|[from] item: Life Orb
|move|p2a: Pelipper|Weather Ball|p1a: Archaludon
|-resisted|p1a: Archaludon|1
|-damage|p1a: Archaludon|0 fnt
|faint|p1a: Archaludon
|
|-weather|RainDance|[upkeep]
|upkeep
|turn|8
|
|t:|1784208684
|move|p1b: Greninja|Weather Ball|p2a: Pelipper
|-resisted|p2a: Pelipper|1
|-damage|p2a: Pelipper|16/100
|-damage|p1b: Greninja|24/100|[from] item: Life Orb
|move|p2a: Pelipper|Weather Ball|p1b: Greninja
|-resisted|p1b: Greninja|1
|-damage|p1b: Greninja|0 fnt
|faint|p1b: Greninja
|
|win|TheFitZz35
|raw|SuperStain's rating: 1040 → 1025(-15 for losing)
|raw|TheFitZz35's rating: 1051 → 1082(+31 for winning)
|c|☆SuperStain|gg
|c|☆TheFitZz35|ggs
