|j|☆avalos jr
|j|☆Divine Monkey King
|html|avalos jrDivine Monkey King    
|uhtml|bestof|Game 2 of a best-of-3
|t:|1783266763
|gametype|doubles
|player|p1|avalos jr|miku-ghost|1148
|player|p2|Divine Monkey King|2|1117
|gen|9
|tier|[Gen 9 Champions] VGC 2026 Reg M-B (Bo3)
|rated|
|rule|Species Clause: Limit one of each Pokémon
|rule|Item Clause: Limit 1 of each item
|clearpoke
|poke|p1|Floette-Eternal, L50, F|
|poke|p1|Incineroar, L50, F, shiny|
|poke|p1|Sinistcha, L50, shiny|
|poke|p1|Garchomp, L50, M, shiny|
|poke|p1|Whimsicott, L50, F, shiny|
|poke|p1|Delphox, L50, F, shiny|
|poke|p2|Tyranitar, L50, M, shiny|
|poke|p2|Aerodactyl, L50, M, shiny|
|poke|p2|Pelipper, L50, M, shiny|
|poke|p2|Basculegion, L50, M, shiny|
|poke|p2|Beedrill, L50, M, shiny|
|poke|p2|Annihilape, L50, M, shiny|
|teampreview|4
|showteam|p1|Floette-Eternal||Floettite|FlowerVeil|DrainingKiss,DazzlingGleam,CalmMind,Protect|Modest||F|||50|]Incineroar||Charcoal|Intimidate|FakeOut,ThroatChop,FlareBlitz,PartingShot|Adamant||F|||50|]Sinistcha||KasibBerry|Hospitality|MatchaGotcha,RagePowder,LifeDew,TrickRoom|Bold|||||50|]Garchomp||LifeOrb|RoughSkin|RockTomb,Earthquake,DragonClaw,Protect|Jolly||M|||50|]Whimsicott||FairyFeather|Prankster|Moonblast,Tailwind,Encore,Protect|Timid||F|||50|]Delphox||Delphoxite|Blaze|HeatWave,Psychic,NastyPlot,Protect|Timid||F|||50|
|showteam|p2|Tyranitar||Tyranitarite|SandStream|BrickBreak,KnockOff,Protect,RockSlide|Adamant||M|||50|]Aerodactyl||FocusSash|Unnerve|DualWingbeat,IronHead,Protect,Tailwind|Jolly||M|||50|]Pelipper||WacanBerry|Drizzle|Hurricane,IceBeam,Protect,WeatherBall|Calm||M|||50|]Basculegion||MysticWater|SwiftSwim|AquaJet,FlipTurn,LastRespects,Protect|Adamant||M|||50|]Beedrill||Beedrillite|Sniper|PoisonJab,Protect,Uturn,FellStinger|Jolly||M|||50|]Annihilape||Leftovers|Defiant|BulkUp,DrainPunch,FirePunch,ThunderPunch|Adamant||M|||50|
|inactive|Battle timer is ON: inactive players will automatically lose when time's up. (requested by avalos jr)
|inactive|Divine Monkey King has 60 seconds left.
|
|t:|1783266806
|teamsize|p1|4
|teamsize|p2|4
|start
|switch|p1a: Dandelion|Floette-Eternal, L50, F|100/100
|switch|p1b: Mr. Meow|Incineroar, L50, F, shiny|100/100
|switch|p2a: Basculegion|Basculegion, L50, M, shiny|100/100
|switch|p2b: Pelipper|Pelipper, L50, M, shiny|100/100
|-weather|RainDance|[from] ability: Drizzle|[of] p2b: Pelipper
|-ability|p1b: Mr. Meow|Intimidate|boost
|-unboost|p2a: Basculegion|atk|1
|-unboost|p2b: Pelipper|atk|1
|turn|1
|
|t:|1783266829
|detailschange|p1a: Dandelion|Floette-Mega, L50, F
|-mega|p1a: Dandelion|Floette|Floettite
|-ability|p1a: Dandelion|Fairy Aura
|move|p2a: Basculegion|Flip Turn|p1b: Mr. Meow
|-supereffective|p1b: Mr. Meow|1
|-crit|p1b: Mr. Meow
|-damage|p1b: Mr. Meow|0 fnt
|faint|p1b: Mr. Meow
|
|t:|1783266851
|switch|p2a: Beedrill|Beedrill, L50, M, shiny|100/100|[from] Flip Turn
|move|p1a: Dandelion|Draining Kiss|p2a: Beedrill
|-resisted|p2a: Beedrill|1
|-damage|p2a: Beedrill|68/100
|move|p2b: Pelipper|Weather Ball|p1a: Dandelion
|-damage|p1a: Dandelion|54/100
|
|-weather|RainDance|[upkeep]
|upkeep
|
|t:|1783266856
|switch|p1b: Jet|Garchomp, L50, M, shiny|100/100
|turn|2
|
|t:|1783266871
|detailschange|p2a: Beedrill|Beedrill-Mega, L50, M, shiny
|-mega|p2a: Beedrill|Beedrill|Beedrillite
|move|p2a: Beedrill|Protect|p2a: Beedrill
|-singleturn|p2a: Beedrill|Protect
|move|p1a: Dandelion|Protect|p1a: Dandelion
|-singleturn|p1a: Dandelion|Protect
|move|p1b: Jet|Rock Tomb|p2a: Beedrill
|-activate|p2a: Beedrill|move: Protect
|move|p2b: Pelipper|Ice Beam|p1b: Jet
|-supereffective|p1b: Jet|2
|-damage|p1b: Jet|2/100
|
|-weather|RainDance|[upkeep]
|upkeep
|turn|3
|
|t:|1783266889
|switch|p1a: Beri|Sinistcha, L50, shiny|100/100
|-heal|p1b: Jet|27/100|[from] ability: Hospitality|[of] p1a: Beri
|move|p2a: Beedrill|Fell Stinger|p1b: Jet
|-damage|p1b: Jet|0 fnt
|-damage|p2a: Beedrill|56/100|[from] ability: Rough Skin|[of] p1b: Jet
|faint|p1b: Jet
|-boost|p2a: Beedrill|atk|3
|move|p2b: Pelipper|Weather Ball|p1a: Beri
|-resisted|p1a: Beri|1
|-damage|p1a: Beri|71/100
|
|-weather|RainDance|[upkeep]
|upkeep
|
|t:|1783266896
|switch|p1b: Dandelion|Floette-Mega, L50, F|54/100
|-ability|p1b: Dandelion|Fairy Aura
|turn|4
|
|t:|1783266904
|move|p2a: Beedrill|Protect|p2a: Beedrill
|-singleturn|p2a: Beedrill|Protect
|move|p1a: Beri|Rage Powder|p1a: Beri
|-singleturn|p1a: Beri|move: Rage Powder
|move|p1b: Dandelion|Dazzling Gleam|p2a: Beedrill|[spread] p2b
|-activate|p2a: Beedrill|move: Protect
|-damage|p2b: Pelipper|47/100
|move|p2b: Pelipper|Hurricane|p1a: Beri
|-supereffective|p1a: Beri|1
|-damage|p1a: Beri|0 fnt
|faint|p1a: Beri
|
|-weather|RainDance|[upkeep]
|upkeep
|turn|5
|-message|avalos jr forfeited.
|
|win|Divine Monkey King
||avalos jr is ready for game 3.
