|j|☆standardamerican
|j|☆Tgufycuch
|html|standardamericanTgufycuch    
|uhtml|bestof|Game 1 of a best-of-3
|t:|1784796462
|gametype|doubles
|player|p1|standardamerican|169|1137
|player|p2|Tgufycuch|roark|1000
|gen|9
|tier|[Gen 9 Champions] VGC 2026 Reg M-B (Bo3)
|rated|
|rule|Species Clause: Limit one of each Pokémon
|rule|Item Clause: Limit 1 of each item
|clearpoke
|poke|p1|Sinistcha, L50|
|poke|p1|Incineroar, L50, F|
|poke|p1|Milotic, L50, M|
|poke|p1|Raichu, L50, F|
|poke|p1|Gardevoir, L50, F|
|poke|p1|Ceruledge, L50, F|
|poke|p2|Aerodactyl, L50, F|
|poke|p2|Glimmora, L50, F|
|poke|p2|Gholdengo, L50|
|poke|p2|Meganium, L50, M|
|poke|p2|Garchomp, L50, F|
|poke|p2|Sableye, L50, F|
|teampreview|4
|showteam|p1|Sinistcha||KasibBerry|Hospitality|MatchaGotcha,Imprison,RagePowder,Protect|Bold|||||50|]Incineroar||SitrusBerry|Intimidate|FlareBlitz,DarkestLariat,FakeOut,PartingShot|Careful||F|||50|]Milotic||Leftovers|Competitive|MuddyWater,Coil,Hypnosis,Protect|Calm||M|||50|]Raichu||RaichuniteY|LightningRod|ZapCannon,FocusBlast,FakeOut,Protect|Timid||F|||50|]Gardevoir||Gardevoirite|Trace|HyperVoice,Psyshock,TrickRoom,Protect|Modest||F|||50|]Ceruledge||ColburBerry|FlashFire|BitterBlade,ShadowSneak,BulkUp,Protect|Adamant||F|||50|
|showteam|p2|Aerodactyl||WideLens|RockHead|DualWingbeat,RockTomb,Roost,WideGuard|Jolly||F|||50|]Glimmora||Glimmoranite|ToxicDebris|EarthPower,PowerGem,SpikyShield,SludgeBomb|Timid||F|||50|]Gholdengo||WhiteHerb|GoodasGold|MakeItRain,ShadowBall,NastyPlot,DazzlingGleam|Timid|||||50|]Meganium||Meganiumite|Overgrow|DazzlingGleam,WeatherBall,Protect,SolarBeam|Timid||M|||50|]Garchomp||ChoiceScarf|RoughSkin|DragonClaw,Earthquake,Protect,RockSlide|Jolly||F|||50|]Sableye||FocusSash|Prankster|RainDance,FakeOut,Encore,FoulPlay|Impish||F|||50|
|inactive|Battle timer is ON: inactive players will automatically lose when time's up. (requested by Tgufycuch)
|inactive|standardamerican has 60 seconds left.
|
|t:|1784796519
|teamsize|p1|4
|teamsize|p2|4
|start
|switch|p1a: Incineroar|Incineroar, L50, F|100/100
|switch|p1b: Raichu|Raichu, L50, F|100/100
|switch|p2a: Garchomp|Garchomp, L50, F|100/100
|switch|p2b: Sableye|Sableye, L50, F|100/100
|-ability|p1a: Incineroar|Intimidate|boost
|-unboost|p2a: Garchomp|atk|1
|-unboost|p2b: Sableye|atk|1
|turn|1
|inactive|standardamerican has 30 seconds left.
|
|t:|1784796550
|detailschange|p1b: Raichu|Raichu-Mega-Y, L50, F
|-mega|p1b: Raichu|Raichu|Raichunite Y
|move|p1a: Incineroar|Fake Out|p2a: Garchomp
|-damage|p2a: Garchomp|89/100
|-damage|p1a: Incineroar|87/100|[from] ability: Rough Skin|[of] p2a: Garchomp
|move|p2b: Sableye|Fake Out|p1a: Incineroar
|-damage|p1a: Incineroar|83/100
|cant|p2a: Garchomp|flinch
|move|p1b: Raichu|Zap Cannon|p2b: Sableye
|-damage|p2b: Sableye|8/100
|-status|p2b: Sableye|par
|
|upkeep
|turn|2
|inactive|standardamerican has 30 seconds left.
|
|t:|1784796576
|switch|p1b: Sinistcha|Sinistcha, L50|100/100
|-heal|p1a: Incineroar|100/100|[from] ability: Hospitality|[of] p1b: Sinistcha
|move|p2b: Sableye|Encore||[still]
|-fail|p2b: Sableye
|move|p2a: Garchomp|Earthquake|p1a: Incineroar|[spread] p2b,p1a,p1b
|-supereffective|p1a: Incineroar|1
|-resisted|p1b: Sinistcha|1
|-damage|p2b: Sableye|0 fnt
|-damage|p1a: Incineroar|58/100
|-damage|p1b: Sinistcha|89/100
|faint|p2b: Sableye
|move|p1a: Incineroar|Parting Shot|p2a: Garchomp
|-unboost|p2a: Garchomp|atk|1
|-unboost|p2a: Garchomp|spa|1
|
|t:|1784796591
|switch|p1a: Ceruledge|Ceruledge, L50, F|100/100|[from] Parting Shot
|
|upkeep
|
|t:|1784796595
|switch|p2b: Gholdengo|Gholdengo, L50|100/100
|turn|3
|inactive|standardamerican has 30 seconds left.
|inactive|standardamerican has 20 seconds left.
|
|t:|1784796632
|move|p1b: Sinistcha|Rage Powder|p1b: Sinistcha
|-singleturn|p1b: Sinistcha|move: Rage Powder
|move|p2a: Garchomp|Earthquake|p1b: Sinistcha|[spread] p2b,p1a,p1b
|-supereffective|p2b: Gholdengo|1
|-supereffective|p1a: Ceruledge|1
|-resisted|p1b: Sinistcha|1
|-damage|p2b: Gholdengo|59/100
|-damage|p1a: Ceruledge|60/100
|-damage|p1b: Sinistcha|82/100
|move|p2b: Gholdengo|Shadow Ball|p1b: Sinistcha
|-supereffective|p1b: Sinistcha|1
|-enditem|p1b: Sinistcha|Kasib Berry|[eat]
|-enditem|p1b: Sinistcha|Kasib Berry|[weaken]
|-damage|p1b: Sinistcha|40/100
|move|p1a: Ceruledge|Bulk Up|p1a: Ceruledge
|-boost|p1a: Ceruledge|atk|1
|-boost|p1a: Ceruledge|def|1
|
|upkeep
|turn|4
|
|t:|1784796652
|move|p1b: Sinistcha|Rage Powder|p1b: Sinistcha
|-singleturn|p1b: Sinistcha|move: Rage Powder
|move|p2a: Garchomp|Earthquake|p1b: Sinistcha|[spread] p2b,p1a,p1b
|-supereffective|p2b: Gholdengo|1
|-supereffective|p1a: Ceruledge|1
|-resisted|p1b: Sinistcha|1
|-damage|p2b: Gholdengo|18/100
|-damage|p1a: Ceruledge|30/100
|-damage|p1b: Sinistcha|32/100
|move|p2b: Gholdengo|Shadow Ball|p1b: Sinistcha
|-supereffective|p1b: Sinistcha|1
|-damage|p1b: Sinistcha|0 fnt
|faint|p1b: Sinistcha
|move|p1a: Ceruledge|Bitter Blade|p2b: Gholdengo
|-supereffective|p2b: Gholdengo|1
|-damage|p2b: Gholdengo|0 fnt
|-heal|p1a: Ceruledge|38/100|[from] drain|[of] p2b: Gholdengo
|faint|p2b: Gholdengo
|
|upkeep
|
|t:|1784796663
|switch|p2b: Meganium|Meganium, L50, M|100/100
|switch|p1b: Incineroar|Incineroar, L50, F|58/100
|-ability|p1b: Incineroar|Intimidate|boost
|-unboost|p2a: Garchomp|atk|1
|-unboost|p2b: Meganium|atk|1
|turn|5
|inactive|standardamerican has 30 seconds left.
|
|t:|1784796690
|detailschange|p2b: Meganium|Meganium-Mega, L50, M
|-mega|p2b: Meganium|Meganium|Meganiumite
|move|p1b: Incineroar|Fake Out|p2b: Meganium
|-crit|p2b: Meganium
|-damage|p2b: Meganium|82/100
|move|p2a: Garchomp|Earthquake|p1b: Incineroar|[spread] p2b,p1a,p1b
|-resisted|p2b: Meganium|1
|-supereffective|p1a: Ceruledge|1
|-supereffective|p1b: Incineroar|1
|-damage|p2b: Meganium|74/100
|-damage|p1a: Ceruledge|14/100
|-damage|p1b: Incineroar|33/100
|-enditem|p1b: Incineroar|Sitrus Berry|[eat]
|-heal|p1b: Incineroar|58/100|[from] item: Sitrus Berry
|cant|p2b: Meganium|flinch
|move|p1a: Ceruledge|Bitter Blade|p2a: Garchomp
|-resisted|p2a: Garchomp|1
|-damage|p2a: Garchomp|53/100
|-heal|p1a: Ceruledge|32/100|[from] drain|[of] p2a: Garchomp
|-damage|p1a: Ceruledge|20/100y|[from] ability: Rough Skin|[of] p2a: Garchomp
|
|upkeep
|turn|6
|inactive|standardamerican has 30 seconds left.
|
|t:|1784796723
|move|p2b: Meganium|Protect|p2b: Meganium
|-singleturn|p2b: Meganium|Protect
|move|p1a: Ceruledge|Protect|p1a: Ceruledge
|-singleturn|p1a: Ceruledge|Protect
|move|p2a: Garchomp|Earthquake|p1b: Incineroar|[spread] p1b
|-activate|p2b: Meganium|move: Protect
|-activate|p1a: Ceruledge|move: Protect
|-supereffective|p1b: Incineroar|1
|-damage|p1b: Incineroar|31/100
|move|p1b: Incineroar|Parting Shot|p2b: Meganium
|-activate|p2b: Meganium|move: Protect
|
|upkeep
|turn|7
|inactive|standardamerican has 30 seconds left.
|
|t:|1784796756
|switch|p1b: Raichu|Raichu-Mega-Y, L50, F|100/100
|move|p2a: Garchomp|Earthquake|p1b: Raichu|[spread] p2b,p1a,p1b
|-resisted|p2b: Meganium|1
|-supereffective|p1a: Ceruledge|1
|-supereffective|p1b: Raichu|1
|-damage|p2b: Meganium|66/100
|-damage|p1a: Ceruledge|0 fnt
|-damage|p1b: Raichu|56/100
|faint|p1a: Ceruledge
|move|p2b: Meganium|Dazzling Gleam|p1b: Raichu
|-damage|p1b: Raichu|0 fnt
|faint|p1b: Raichu
|
|upkeep
|
|t:|1784796763
|switch|p1b: Incineroar|Incineroar, L50, F|31/100
|-ability|p1b: Incineroar|Intimidate|boost
|-unboost|p2a: Garchomp|atk|1
|-unboost|p2b: Meganium|atk|1
|turn|8
|
|t:|1784796768
|move|p2a: Garchomp|Earthquake|p1b: Incineroar|[spread] p2b,p1b
|-resisted|p2b: Meganium|1
|-supereffective|p1b: Incineroar|1
|-damage|p2b: Meganium|59/100
|-damage|p1b: Incineroar|9/100
|move|p2b: Meganium|Solar Beam||[still]
|-prepare|p2b: Meganium|Solar Beam
|-activate|p2b: Meganium|ability: Mega Sol
|-anim|p2b: Meganium|Solar Beam|p1b: Incineroar
|-resisted|p1b: Incineroar|1
|-damage|p1b: Incineroar|0 fnt
|faint|p1b: Incineroar
|
|win|Tgufycuch
|l|☆Tgufycuch
|player|p2|
|inactive|standardamerican has 30 seconds to confirm battle start!
|inactive|Tgufycuch has 30 seconds to confirm battle start!
||standardamerican is ready for game 2.
