|j|☆Theelvisboy1
|j|☆Zyennai
|html|Theelvisboy1Zyennai    
|uhtml|bestof|Game 2 of a best-of-3
|t:|1784954042
|gametype|doubles
|player|p1|Theelvisboy1|cynthia|
|player|p2|Zyennai|cynthia-gen4|
|gen|9
|tier|[Gen 9 Champions] VGC 2026 Reg M-B (Bo3)
|rule|Species Clause: Limit one of each Pokémon
|rule|Item Clause: Limit 1 of each item
|clearpoke
|poke|p1|Rhyperior, L50, F|
|poke|p1|Leafeon, L50, M, shiny|
|poke|p1|Torkoal, L50, F|
|poke|p1|Pelipper, L50, M|
|poke|p1|Dragonite, L50, F|
|poke|p1|Absol, L50, F|
|poke|p2|Overqwil, L50, M|
|poke|p2|Klefki, L50, F|
|poke|p2|Sableye, L50, F|
|poke|p2|Meowstic, L50, M|
|poke|p2|Gengar, L50, F|
|poke|p2|Toxapex, L50, M|
|teampreview|4
|showteam|p1|Rhyperior||PasshoBerry|LightningRod|RockSlide,SupercellSlam,Earthquake,HammerArm|Brave||F|||50|]Leafeon||LifeOrb|Chlorophyll|SolarBlade,XScissor,KnockOff,Yawn|Adamant||M|||50|]Torkoal||HeatRock|Drought|StealthRock,RockSlide,HeatWave,WillOWisp|Sassy||F|||50|]Pelipper||DampRock|Drizzle|Protect,Uturn,Tailwind,Hurricane|Bold||M|||50|]Dragonite||ChoiceScarf|Multiscale|HeatWave,Hurricane,Thunder,Surf|Modest||F|||50|]Absol||Absolite|Pressure|SwordsDance,PlayRough,NightSlash,SuckerPunch|Adamant||F|||50|
|showteam|p2|Overqwil||Leftovers|Intimidate|BarbBarrage,Minimize,Stockpile,Protect|Careful||M|||50|]Klefki||SitrusBerry|Prankster|DrainingKiss,CalmMind,PsychUp,Substitute|Calm||F|||50|]Sableye||Sablenite|Prankster|DarkPulse,DazzlingGleam,Protect,Quash|Careful||F|||50|]Meowstic||BrightPowder|Prankster|FakeOut,SkillSwap,SunnyDay,RainDance|Bold||M|||50|]Gengar||Gengarite|CursedBody|PerishSong,Disable,ShadowBall,Protect|Timid||F|||50|]Toxapex||QuickClaw|Regenerator|Infestation,Toxic,WideGuard,BanefulBunker|Bold||M|||50|
|inactive|Battle timer is ON: inactive players will automatically lose when time's up. (requested by Zyennai)
|
|t:|1784954067
|teamsize|p1|4
|teamsize|p2|4
|start
|switch|p1a: Aesc the Saviour|Absol, L50, F|100/100
|switch|p1b: Castoria|Dragonite, L50, F|100/100
|switch|p2a: Gengar|Gengar, L50, F|100/100
|switch|p2b: Meowstic|Meowstic, L50, M|100/100
|-ability|p1a: Aesc the Saviour|Pressure
|turn|1
|inactive|Zyennai has 30 seconds left.
|
|t:|1784954094
|detailschange|p2a: Gengar|Gengar-Mega, L50, F
|-mega|p2a: Gengar|Gengar|Gengarite
|detailschange|p1a: Aesc the Saviour|Absol-Mega, L50, F
|-mega|p1a: Aesc the Saviour|Absol|Absolite
|move|p2b: Meowstic|Fake Out|p1a: Aesc the Saviour
|-damage|p1a: Aesc the Saviour|90/100
|move|p1b: Castoria|Hurricane|p2a: Gengar
|-damage|p2a: Gengar|52/100
|move|p2a: Gengar|Perish Song|p2a: Gengar
|-start|p1a: Aesc the Saviour|perish3|[silent]
|-start|p1b: Castoria|perish3|[silent]
|-start|p2a: Gengar|perish3|[silent]
|-start|p2b: Meowstic|perish3|[silent]
|-fieldactivate|move: Perish Song
|cant|p1a: Aesc the Saviour|flinch
|
|-start|p1b: Castoria|perish3
|-start|p2a: Gengar|perish3
|-start|p1a: Aesc the Saviour|perish3
|-start|p2b: Meowstic|perish3
|upkeep
|turn|2
|inactive|Theelvisboy1 has 30 seconds left.
|inactive|Zyennai has 30 seconds left.
|
|t:|1784954128
|move|p2a: Gengar|Protect|p2a: Gengar
|-singleturn|p2a: Gengar|Protect
|move|p2b: Meowstic|Skill Swap|p1b: Castoria
|-activate|p2b: Meowstic|Skill Swap|Multiscale|Prankster|[of] p1b: Castoria
|move|p1b: Castoria|Hurricane|p2a: Gengar
|-activate|p2a: Gengar|move: Protect
|move|p1a: Aesc the Saviour|Night Slash|p2b: Meowstic
|-supereffective|p2b: Meowstic|1
|-damage|p2b: Meowstic|59/100
|
|-start|p1b: Castoria|perish2
|-start|p2a: Gengar|perish2
|-start|p1a: Aesc the Saviour|perish2
|-start|p2b: Meowstic|perish2
|upkeep
|turn|3
|inactive|Zyennai has 30 seconds left.
|inactive|Zyennai has 20 seconds left.
|inactive|Zyennai has 15 seconds left.
|inactiveoff|Battle timer is now OFF.
|
|t:|1784954223
|switch|p2a: Toxapex|Toxapex, L50, M|100/100
|switch|p2b: Overqwil|Overqwil, L50, M|100/100
|-ability|p2b: Overqwil|Intimidate|boost
|-unboost|p1a: Aesc the Saviour|atk|1
|-unboost|p1b: Castoria|atk|1
|move|p1b: Castoria|Hurricane|p2a: Toxapex
|-damage|p2a: Toxapex|61/100
|move|p1a: Aesc the Saviour|Night Slash|p2a: Toxapex
|-damage|p2a: Toxapex|42/100
|
|-start|p1b: Castoria|perish1
|-start|p1a: Aesc the Saviour|perish1
|upkeep
|turn|4
|-activate|p2a: Toxapex|item: Quick Claw
|
|t:|1784954248
|switch|p1b: Woodwose|Rhyperior, L50, F|100/100
|switch|p1a: Morgan|Pelipper, L50, M|100/100
|-weather|RainDance|[from] ability: Drizzle|[of] p1a: Morgan
|move|p2a: Toxapex|Toxic|p1a: Morgan
|-status|p1a: Morgan|tox
|move|p2b: Overqwil|Minimize|p2b: Overqwil
|-boost|p2b: Overqwil|evasion|2
|
|-weather|RainDance|[upkeep]
|-damage|p1a: Morgan|94/100 tox|[from] psn
|upkeep
|turn|5
|
|t:|1784954282
|-heal|p2a: Toxapex|75/100|[from] ability: Regenerator|[silent]
|switch|p2a: Meowstic|Meowstic, L50, M|59/100
|move|p2b: Overqwil|Minimize|p2b: Overqwil
|-boost|p2b: Overqwil|evasion|2
|move|p1a: Morgan|Hurricane|p2b: Overqwil
|-damage|p2b: Overqwil|57/100
|move|p1b: Woodwose|Earthquake|p2b: Overqwil|[spread] p2a,p2b
|-immune|p1a: Morgan
|-supereffective|p2b: Overqwil|1
|-damage|p2a: Meowstic|14/100
|-damage|p2b: Overqwil|0 fnt
|faint|p2b: Overqwil
|
|-weather|RainDance|[upkeep]
|-damage|p1a: Morgan|82/100 tox|[from] psn
|upkeep
|
|t:|1784954299
|switch|p2b: Toxapex|Toxapex, L50, M|75/100
|turn|6
|
|t:|1784954359
|move|p2a: Meowstic|Fake Out|p1b: Woodwose
|-resisted|p1b: Woodwose|1
|-damage|p1b: Woodwose|98/100
|move|p1a: Morgan|Hurricane|p2a: Meowstic
|-damage|p2a: Meowstic|0 fnt
|faint|p2a: Meowstic
|move|p2b: Toxapex|Toxic|p1b: Woodwose
|-status|p1b: Woodwose|tox
|cant|p1b: Woodwose|flinch
|
|-weather|RainDance|[upkeep]
|-damage|p1a: Morgan|64/100 tox|[from] psn
|-damage|p1b: Woodwose|92/100 tox|[from] psn
|upkeep
|
|t:|1784954370
|switch|p2a: Gengar|Gengar-Mega, L50, F|52/100
|turn|7
|-activate|p2b: Toxapex|item: Quick Claw
|
|t:|1784954390
|move|p2b: Toxapex|Wide Guard|p2b: Toxapex
|-singleturn|p2b: Toxapex|Wide Guard
|move|p2a: Gengar|Disable|p1a: Morgan
|-start|p1a: Morgan|Disable|Hurricane
|cant|p1a: Morgan|Disable|Hurricane
|move|p1b: Woodwose|Earthquake|p2a: Gengar|[spread] 
|-activate|p2a: Gengar|move: Wide Guard
|-activate|p2b: Toxapex|move: Wide Guard
|-immune|p1a: Morgan
|
|-weather|RainDance|[upkeep]
|-damage|p1a: Morgan|40/100 tox|[from] psn
|-damage|p1b: Woodwose|80/100 tox|[from] psn
|upkeep
|turn|8
|
|t:|1784954432
|move|p1a: Morgan|Protect|p1a: Morgan
|-singleturn|p1a: Morgan|Protect
|move|p2b: Toxapex|Wide Guard|p2b: Toxapex
|-singleturn|p2b: Toxapex|Wide Guard
|move|p2a: Gengar|Disable|p1b: Woodwose
|-start|p1b: Woodwose|Disable|Earthquake
|move|p1b: Woodwose|Supercell Slam|p2b: Toxapex
|-supereffective|p2b: Toxapex|1
|-damage|p2b: Toxapex|18/100
|
|-weather|RainDance|[upkeep]
|-damage|p1a: Morgan|10/100 tox|[from] psn
|-damage|p1b: Woodwose|63/100 tox|[from] psn
|upkeep
|turn|9
|
|t:|1784954459
|move|p2a: Gengar|Protect|p2a: Gengar
|-singleturn|p2a: Gengar|Protect
|move|p2b: Toxapex|Baneful Bunker||[still]
|-fail|p2b: Toxapex
|move|p1a: Morgan|Tailwind|p1a: Morgan
|-sidestart|p1: Theelvisboy1|move: Tailwind
|move|p1b: Woodwose|Rock Slide|p2b: Toxapex|[spread] p2b
|-activate|p2a: Gengar|move: Protect
|-crit|p2b: Toxapex
|-damage|p2b: Toxapex|0 fnt
|faint|p2b: Toxapex
|
|-weather|RainDance|[upkeep]
|-damage|p1a: Morgan|0 fnt|[from] psn
|faint|p1a: Morgan
|-damage|p1b: Woodwose|39/100 tox|[from] psn
|upkeep
|
|t:|1784954478
|switch|p1a: Castoria|Dragonite, L50, F|100/100
|turn|10
|
|t:|1784954509
|move|p2a: Gengar|Protect||[still]
|-fail|p2a: Gengar
|move|p1a: Castoria|Thunder|p1b: Woodwose
|-activate|p1b: Woodwose|ability: Lightning Rod
|-ability|p1b: Woodwose|Lightning Rod|boost
|-boost|p1b: Woodwose|spa|1
|move|p1b: Woodwose|Rock Slide|p2a: Gengar
|-damage|p2a: Gengar|0 fnt
|faint|p2a: Gengar
|
|win|Theelvisboy1
|inactive|Theelvisboy1 has 30 seconds to confirm battle start!
|inactive|Zyennai has 30 seconds to confirm battle start!
|inactive|Theelvisboy1 has 20 seconds to confirm battle start!
|inactive|Zyennai has 20 seconds to confirm battle start!
||Theelvisboy1 is ready for game 3.
||Zyennai is ready for game 3.
|uhtml|next|Next: Game 3 of 3
|l|☆Theelvisboy1
|player|p1|
