|j|☆Jboys1970
|j|☆JuanGuerrero09
|html|Jboys1970JuanGuerrero09    
|uhtml|bestof|Game 1 of a best-of-3
|t:|1757238952
|gametype|doubles
|player|p1|Jboys1970|169|1150
|player|p2|JuanGuerrero09|265|1076
|gen|9
|tier|[Gen 9] VGC 2025 Reg H (Bo3)
|rated|
|rule|Species Clause: Limit one of each Pokémon
|rule|Item Clause: Limit 1 of each item
|clearpoke
|poke|p1|Incineroar, L50, M|
|poke|p1|Kingambit, L50, M|
|poke|p1|Dragonite, L50, F|
|poke|p1|Gastrodon, L50, F|
|poke|p1|Sinistcha, L50|
|poke|p1|Electabuzz, L50, M|
|poke|p2|Sneasler, L50, M|
|poke|p2|Indeedee, L50, M|
|poke|p2|Tyranitar, L50, M|
|poke|p2|Excadrill, L50, M|
|poke|p2|Gholdengo, L50|
|poke|p2|Incineroar, L50, M|
|teampreview|4
|showteam|p1|Incineroar||RockyHelmet|Intimidate|FakeOut,KnockOff,PartingShot,FlareBlitz|||M|||50|,,,,,Ghost]Kingambit||BlackGlasses|Defiant|Protect,SuckerPunch,KowtowCleave,SwordsDance|||M|||50|,,,,,Dark]Dragonite||ChoiceBand|Multiscale|IceSpinner,ExtremeSpeed,StompingTantrum,TeraBlast|||F|||50|,,,,,Flying]Gastrodon||SitrusBerry|StormDrain|Protect,IceBeam,EarthPower,MuddyWater|||F|||50|,,,,,Grass]Sinistcha||Leftovers|Hospitality|RagePowder,TrickRoom,MatchaGotcha,LifeDew||||||50|,,,,,Poison]Electabuzz||Eviolite|VitalSpirit|FollowMe,HelpingHand,Taunt,Thunderbolt|||M|||50|,,,,,Water
|showteam|p2|Sneasler||PsychicSeed|Unburden|CloseCombat,DireClaw,ThroatChop,Protect|||M|||50|,,,,,Stellar]Indeedee||ChoiceScarf|PsychicSurge|ExpandingForce,TeraBlast,Trick,Protect|||M|||50|,,,,,Fire]Tyranitar||AssaultVest|SandStream|RockSlide,KnockOff,TeraBlast,LowKick|||M|||50|,,,,,Flying]Excadrill||FocusSash|SandRush|HighHorsepower,Earthquake,IronHead,Protect|||M|||50|,,,,,Ground]Gholdengo||MetalCoat|GoodasGold|ShadowBall,Protect,MakeItRain,NastyPlot||||||50|,,,,,Water]Incineroar||SafetyGoggles|Intimidate|FakeOut,KnockOff,FlareBlitz,PartingShot|||M|||50|,,,,,Ghost
|
|t:|1757239005
|teamsize|p1|4
|teamsize|p2|4
|start
|switch|p1a: Incineroar|Incineroar, L50, M|100/100
|switch|p1b: Sinistcha|Sinistcha, L50|100/100
|switch|p2a: Indeedee|Indeedee, L50, M|100/100
|switch|p2b: Tyranitar|Tyranitar, L50, M|100/100
|-fieldstart|move: Psychic Terrain|[from] ability: Psychic Surge|[of] p2a: Indeedee
|-ability|p1a: Incineroar|Intimidate|boost
|-unboost|p2a: Indeedee|atk|1
|-unboost|p2b: Tyranitar|atk|1
|-weather|Sandstorm|[from] ability: Sand Stream|[of] p2b: Tyranitar
|turn|1
|
|t:|1757239030
|-terastallize|p2a: Indeedee|Fire
|move|p2a: Indeedee|Tera Blast|p1b: Sinistcha|[anim] Tera Blast Fire
|-supereffective|p1b: Sinistcha
|-damage|p1b: Sinistcha|35/100
|move|p1a: Incineroar|Knock Off|p2a: Indeedee
|-damage|p2a: Indeedee|11/100
|-enditem|p2a: Indeedee|Choice Scarf|[from] move: Knock Off|[of] p1a: Incineroar
|move|p2b: Tyranitar|Rock Slide|p1a: Incineroar|[spread] p1a,p1b
|-supereffective|p1a: Incineroar
|-damage|p1a: Incineroar|61/100
|-damage|p1b: Sinistcha|14/100
|move|p1b: Sinistcha|Trick Room|p1b: Sinistcha
|-fieldstart|move: Trick Room|[of] p1b: Sinistcha
|
|-weather|Sandstorm|[upkeep]
|-damage|p1b: Sinistcha|8/100|[from] Sandstorm
|-damage|p1a: Incineroar|55/100|[from] Sandstorm
|-damage|p2a: Indeedee|5/100|[from] Sandstorm
|-heal|p1b: Sinistcha|14/100|[from] item: Leftovers
|upkeep
|turn|2
|
|t:|1757239072
|move|p2a: Indeedee|Protect|p2a: Indeedee
|-singleturn|p2a: Indeedee|Protect
|move|p2b: Tyranitar|Low Kick|p1b: Sinistcha
|-immune|p1b: Sinistcha
|move|p1b: Sinistcha|Matcha Gotcha|p2a: Indeedee|[spread] 
|-activate|p2a: Indeedee|move: Protect
|-miss|p1b: Sinistcha|p2b: Tyranitar
|move|p1a: Incineroar|Knock Off|p2b: Tyranitar
|-resisted|p2b: Tyranitar
|-damage|p2b: Tyranitar|85/100
|-enditem|p2b: Tyranitar|Assault Vest|[from] move: Knock Off|[of] p1a: Incineroar
|
|-weather|Sandstorm|[upkeep]
|-damage|p1b: Sinistcha|8/100|[from] Sandstorm
|-damage|p1a: Incineroar|49/100|[from] Sandstorm
|-damage|p2a: Indeedee|0 fnt|[from] Sandstorm
|faint|p2a: Indeedee
|-heal|p1b: Sinistcha|14/100|[from] item: Leftovers
|upkeep
|
|t:|1757239094
|switch|p2a: Excadrill|Excadrill, L50, M|100/100
|turn|3
|
|t:|1757239107
|move|p2a: Excadrill|Protect|p2a: Excadrill
|-singleturn|p2a: Excadrill|Protect
|move|p2b: Tyranitar|Knock Off|p1b: Sinistcha
|-supereffective|p1b: Sinistcha
|-damage|p1b: Sinistcha|0 fnt
|-enditem|p1b: Sinistcha|Leftovers|[from] move: Knock Off|[of] p2b: Tyranitar
|faint|p1b: Sinistcha
|move|p1a: Incineroar|Parting Shot|p2a: Excadrill
|-activate|p2a: Excadrill|move: Protect
|
|-weather|Sandstorm|[upkeep]
|-damage|p1a: Incineroar|43/100|[from] Sandstorm
|upkeep
|
|t:|1757239113
|switch|p1b: Gastrodon|Gastrodon, L50, F|100/100
|turn|4
|
|t:|1757239132
|move|p1b: Gastrodon|Muddy Water|p2a: Excadrill|[spread] p2a,p2b
|-supereffective|p2a: Excadrill
|-supereffective|p2b: Tyranitar
|-damage|p2a: Excadrill|23/100
|-damage|p2b: Tyranitar|52/100
|move|p2b: Tyranitar|Low Kick|p1a: Incineroar
|-supereffective|p1a: Incineroar
|-damage|p1a: Incineroar|8/100
|-damage|p2b: Tyranitar|36/100|[from] item: Rocky Helmet|[of] p1a: Incineroar
|move|p1a: Incineroar|Parting Shot|p2a: Excadrill
|-unboost|p2a: Excadrill|atk|1
|-unboost|p2a: Excadrill|spa|1
|
|t:|1757239142
|switch|p1a: Kingambit|Kingambit, L50, M|100/100|[from] Parting Shot
|move|p2a: Excadrill|High Horsepower|p1a: Kingambit
|-supereffective|p1a: Kingambit
|-damage|p1a: Kingambit|47/100
|
|-weather|Sandstorm|[upkeep]
|upkeep
|turn|5
|
|t:|1757239164
|move|p2a: Excadrill|Protect|p2a: Excadrill
|-singleturn|p2a: Excadrill|Protect
|move|p1b: Gastrodon|Muddy Water|p2b: Tyranitar|[spread] p2b
|-activate|p2a: Excadrill|move: Protect
|-supereffective|p2b: Tyranitar
|-damage|p2b: Tyranitar|4/100
|move|p1a: Kingambit|Swords Dance|p1a: Kingambit
|-boost|p1a: Kingambit|atk|2
|move|p2b: Tyranitar|Low Kick|p1a: Kingambit
|-supereffective|p1a: Kingambit
|-damage|p1a: Kingambit|0 fnt
|faint|p1a: Kingambit
|
|-weather|none
|-fieldend|move: Trick Room
|-fieldend|move: Psychic Terrain
|upkeep
|
|t:|1757239175
|switch|p1a: Incineroar|Incineroar, L50, M|8/100
|-ability|p1a: Incineroar|Intimidate|boost
|-unboost|p2a: Excadrill|atk|1
|-unboost|p2b: Tyranitar|atk|1
|turn|6
|
|t:|1757239194
|move|p2a: Excadrill|Protect|p2a: Excadrill
|-singleturn|p2a: Excadrill|Protect
|move|p1a: Incineroar|Fake Out|p2a: Excadrill
|-activate|p2a: Excadrill|move: Protect
|move|p2b: Tyranitar|Knock Off|p1b: Gastrodon
|-damage|p1b: Gastrodon|70/100
|-enditem|p1b: Gastrodon|Sitrus Berry|[from] move: Knock Off|[of] p2b: Tyranitar
|move|p1b: Gastrodon|Muddy Water|p2b: Tyranitar|[spread] p2b
|-activate|p2a: Excadrill|move: Protect
|-supereffective|p2b: Tyranitar
|-damage|p2b: Tyranitar|0 fnt
|faint|p2b: Tyranitar
|
|upkeep
|
|t:|1757239207
|switch|p2b: Sneasler|Sneasler, L50, M|100/100
|turn|7
|
|t:|1757239222
|move|p2b: Sneasler|Protect|p2b: Sneasler
|-singleturn|p2b: Sneasler|Protect
|move|p2a: Excadrill|Earthquake|p1b: Gastrodon|[spread] p1a,p1b
|-activate|p2b: Sneasler|move: Protect
|-supereffective|p1a: Incineroar
|-damage|p1a: Incineroar|0 fnt
|-damage|p1b: Gastrodon|47/100
|faint|p1a: Incineroar
|move|p1b: Gastrodon|Muddy Water|p2b: Sneasler|[spread] 
|-activate|p2b: Sneasler|move: Protect
|-miss|p1b: Gastrodon|p2a: Excadrill
|
|upkeep
|turn|8
|
|t:|1757239240
|move|p2b: Sneasler|Dire Claw|p1b: Gastrodon
|-resisted|p1b: Gastrodon
|-damage|p1b: Gastrodon|22/100
|-status|p1b: Gastrodon|slp
|move|p2a: Excadrill|Iron Head|p1b: Gastrodon
|-resisted|p1b: Gastrodon
|-damage|p1b: Gastrodon|10/100 slp
|cant|p1b: Gastrodon|slp
|
|upkeep
|turn|9
|-message|Jboys1970 forfeited.
|
|win|JuanGuerrero09
