|j|☆nomikidvgc
|j|☆Klefastra
|html|nomikidvgcKlefastra    
|uhtml|bestof|Game 2 of a best-of-3
|t:|1783013442
|gametype|doubles
|player|p1|nomikidvgc|265|
|player|p2|Klefastra|shauntal|
|gen|9
|tier|[Gen 9 Champions] VGC 2026 Reg M-B (Bo3)
|rule|Species Clause: Limit one of each Pokémon
|rule|Item Clause: Limit 1 of each item
|clearpoke
|poke|p1|Delphox, L50, F|
|poke|p1|Sneasler, L50, F|
|poke|p1|Floette-Eternal, L50, F|
|poke|p1|Incineroar, L50, F|
|poke|p1|Kingambit, L50, M|
|poke|p1|Sinistcha, L50|
|poke|p2|Staraptor, L50, M|
|poke|p2|Glimmora, L50, F|
|poke|p2|Whimsicott, L50, F|
|poke|p2|Sinistcha, L50|
|poke|p2|Ninetales-Alola, L50, F|
|poke|p2|Hydreigon, L50, F|
|teampreview|4
|showteam|p1|Delphox||Delphoxite|Blaze|Protect,Psyshock,HeatWave,NastyPlot|Timid||F|||50|]Sneasler||FocusSash|PoisonTouch|QuickGuard,CloseCombat,FakeOut,DireClaw|Jolly||F|||50|]Floette-Eternal||Floettite|FlowerVeil|Protect,DazzlingGleam,CalmMind,Moonblast|Timid||F|||50|]Incineroar||SitrusBerry|Intimidate|ThroatChop,FlareBlitz,PartingShot,FakeOut|Impish||F|||50|]Kingambit||BlackGlasses|Defiant|Protect,KowtowCleave,SuckerPunch,SwordsDance|Adamant||M|||50|]Sinistcha||KasibBerry|Hospitality|Protect,TrickRoom,MatchaGotcha,RagePowder|Relaxed|||||50|
|showteam|p2|Staraptor||Staraptite|Intimidate|Roost,CloseCombat,BraveBird,Protect|Adamant||M|||50|]Glimmora||Glimmoranite|ToxicDebris|PowerGem,SludgeBomb,EarthPower,SpikyShield|Timid||F|||50|]Whimsicott||FocusSash|Prankster|Tailwind,Charm,Moonblast,Protect|Timid||F|||50|]Sinistcha||SitrusBerry|Hospitality|StrengthSap,Protect,MatchaGotcha,RagePowder|Calm|||||50|]Ninetales-Alola||LightClay|SnowWarning|AuroraVeil,Blizzard,Moonblast,Protect|Timid||F|||50|]Hydreigon||ChoiceScarf|Levitate|DracoMeteor,DarkPulse,Snarl,EarthPower|Modest||F|||50|
|j| Autin Mago
|j| NorfOrSomething
|j| LunarMageMystia
|
|t:|1783013475
|teamsize|p1|4
|teamsize|p2|4
|start
|switch|p1a: Floette|Floette-Eternal, L50, F|100/100
|switch|p1b: Incineroar|Incineroar, L50, F|100/100
|switch|p2a: Glimmora|Glimmora, L50, F|100/100
|switch|p2b: Whimsicott|Whimsicott, L50, F|100/100
|-ability|p1b: Incineroar|Intimidate|boost
|-unboost|p2a: Glimmora|atk|1
|-unboost|p2b: Whimsicott|atk|1
|turn|1
|
|t:|1783013508
|detailschange|p1a: Floette|Floette-Mega, L50, F
|-mega|p1a: Floette|Floette|Floettite
|-ability|p1a: Floette|Fairy Aura
|detailschange|p2a: Glimmora|Glimmora-Mega, L50, F
|-mega|p2a: Glimmora|Glimmora|Glimmoranite
|move|p1b: Incineroar|Fake Out|p2a: Glimmora
|-resisted|p2a: Glimmora|1
|-damage|p2a: Glimmora|94/100
|move|p2b: Whimsicott|Tailwind|p2b: Whimsicott
|-sidestart|p2: Klefastra|move: Tailwind
|cant|p2a: Glimmora|flinch
|move|p1a: Floette|Calm Mind|p1a: Floette
|-boost|p1a: Floette|spa|1
|-boost|p1a: Floette|spd|1
|
|upkeep
|turn|2
|
|t:|1783013528
|move|p1a: Floette|Protect|p1a: Floette
|-singleturn|p1a: Floette|Protect
|move|p2b: Whimsicott|Moonblast|p1a: Floette
|-activate|p1a: Floette|move: Protect
|move|p2a: Glimmora|Sludge Bomb|p1a: Floette
|-activate|p1a: Floette|move: Protect
|move|p1b: Incineroar|Parting Shot|p2a: Glimmora
|-unboost|p2a: Glimmora|atk|1
|-unboost|p2a: Glimmora|spa|1
|
|t:|1783013543
|switch|p1b: Sneasler|Sneasler, L50, F|100/100|[from] Parting Shot
|
|upkeep
|turn|3
|
|t:|1783013552
|switch|p2a: Ninetales|Ninetales-Alola, L50, F|100/100
|-weather|Snowscape|[from] ability: Snow Warning|[of] p2a: Ninetales
|move|p1b: Sneasler|Fake Out|p2a: Ninetales
|-damage|p2a: Ninetales|85/100
|move|p2b: Whimsicott|Charm|p1b: Sneasler
|-unboost|p1b: Sneasler|atk|2
|move|p1a: Floette|Calm Mind|p1a: Floette
|-boost|p1a: Floette|spa|1
|-boost|p1a: Floette|spd|1
|
|-weather|Snowscape|[upkeep]
|upkeep
|turn|4
|
|t:|1783013566
|switch|p1b: Incineroar|Incineroar, L50, F|100/100
|-ability|p1b: Incineroar|Intimidate|boost
|-unboost|p2a: Ninetales|atk|1
|-unboost|p2b: Whimsicott|atk|1
|move|p1a: Floette|Protect|p1a: Floette
|-singleturn|p1a: Floette|Protect
|move|p2b: Whimsicott|Moonblast|p1a: Floette
|-activate|p1a: Floette|move: Protect
|move|p2a: Ninetales|Aurora Veil|p2a: Ninetales
|-sidestart|p2: Klefastra|move: Aurora Veil
|
|-weather|Snowscape|[upkeep]
|-sideend|p2: Klefastra|move: Tailwind
|upkeep
|turn|5
|
|t:|1783013580
|move|p1b: Incineroar|Fake Out|p2b: Whimsicott
|-damage|p2b: Whimsicott|89/100
|cant|p2b: Whimsicott|flinch
|move|p2a: Ninetales|Blizzard|p1a: Floette|[spread] p1a,p1b
|-resisted|p1b: Incineroar|1
|-damage|p1a: Floette|86/100
|-damage|p1b: Incineroar|85/100
|move|p1a: Floette|Dazzling Gleam|p2b: Whimsicott|[spread] p2a,p2b
|-damage|p2a: Ninetales|17/100
|-damage|p2b: Whimsicott|5/100
|
|-weather|Snowscape|[upkeep]
|upkeep
|turn|6
|
|t:|1783013601
|move|p2b: Whimsicott|Tailwind|p2b: Whimsicott
|-sidestart|p2: Klefastra|move: Tailwind
|move|p2a: Ninetales|Moonblast|p1a: Floette
|-damage|p1a: Floette|67/100
|move|p1a: Floette|Dazzling Gleam|p2b: Whimsicott|[spread] p2a,p2b
|-damage|p2a: Ninetales|0 fnt
|-damage|p2b: Whimsicott|0 fnt
|faint|p2a: Ninetales
|faint|p2b: Whimsicott
|move|p1b: Incineroar|Flare Blitz|p2: Ninetales|[notarget]
|-fail|p1b: Incineroar
|
|-weather|Snowscape|[upkeep]
|upkeep
|
|t:|1783013610
|switch|p2b: Hydreigon|Hydreigon, L50, F|100/100
|switch|p2a: Glimmora|Glimmora-Mega, L50, F|94/100
|turn|7
|
|t:|1783013629
|switch|p1b: Sinistcha|Sinistcha, L50|100/100
|-heal|p1a: Floette|92/100|[from] ability: Hospitality|[of] p1b: Sinistcha
|move|p1a: Floette|Protect|p1a: Floette
|-singleturn|p1a: Floette|Protect
|move|p2b: Hydreigon|Earth Power|p1a: Floette
|-activate|p1a: Floette|move: Protect
|move|p2a: Glimmora|Sludge Bomb|p1a: Floette
|-activate|p1a: Floette|move: Protect
|
|-weather|none
|upkeep
|turn|8
|
|t:|1783013642
|move|p1b: Sinistcha|Rage Powder|p1b: Sinistcha
|-singleturn|p1b: Sinistcha|move: Rage Powder
|move|p2b: Hydreigon|Earth Power|p1b: Sinistcha
|-resisted|p1b: Sinistcha|1
|-damage|p1b: Sinistcha|83/100
|move|p2a: Glimmora|Sludge Bomb|p1b: Sinistcha
|-damage|p1b: Sinistcha|5/100
|-status|p1b: Sinistcha|psn
|move|p1a: Floette|Dazzling Gleam|p2b: Hydreigon|[spread] p2a,p2b
|-resisted|p2a: Glimmora|1
|-supereffective|p2b: Hydreigon|2
|-damage|p2a: Glimmora|62/100
|-damage|p2b: Hydreigon|0 fnt
|faint|p2b: Hydreigon
|
|-damage|p1b: Sinistcha|0 fnt|[from] psn
|faint|p1b: Sinistcha
|upkeep
|l| Autin Mago
|
|t:|1783013653
|switch|p1b: Sneasler|Sneasler, L50, F|100/100
|turn|9
|
|t:|1783013659
|switch|p1b: Incineroar|Incineroar, L50, F|85/100
|-ability|p1b: Incineroar|Intimidate|boost
|-unboost|p2a: Glimmora|atk|1
|move|p1a: Floette|Protect|p1a: Floette
|-singleturn|p1a: Floette|Protect
|move|p2a: Glimmora|Sludge Bomb|p1a: Floette
|-activate|p1a: Floette|move: Protect
|
|-sideend|p2: Klefastra|move: Tailwind
|upkeep
|turn|10
|
|t:|1783013669
|move|p2a: Glimmora|Spiky Shield|p2a: Glimmora
|-singleturn|p2a: Glimmora|move: Protect
|move|p1b: Incineroar|Fake Out|p2a: Glimmora
|-activate|p2a: Glimmora|move: Protect
|-damage|p1b: Incineroar|72/100|[from] Spiky Shield|[of] p2a: Glimmora
|move|p1a: Floette|Moonblast|p2a: Glimmora
|-activate|p2a: Glimmora|move: Protect
|
|upkeep
|turn|11
|
|t:|1783013674
|move|p1a: Floette|Protect|p1a: Floette
|-singleturn|p1a: Floette|Protect
|move|p2a: Glimmora|Sludge Bomb|p1a: Floette
|-activate|p1a: Floette|move: Protect
|move|p1b: Incineroar|Parting Shot|p2a: Glimmora
|-unboost|p2a: Glimmora|atk|1
|-unboost|p2a: Glimmora|spa|1
|
|t:|1783013680
|switch|p1b: Sneasler|Sneasler, L50, F|100/100|[from] Parting Shot
|
|-sideend|p2: Klefastra|move: Aurora Veil
|upkeep
|turn|12
|
|t:|1783013690
|move|p1b: Sneasler|Close Combat|p2a: Glimmora
|-damage|p2a: Glimmora|0 fnt
|-unboost|p1b: Sneasler|def|1
|-unboost|p1b: Sneasler|spd|1
|faint|p2a: Glimmora
|
|win|nomikidvgc
|c|☆nomikidvgc|ggwp
|c|☆Klefastra|gg
|l| LunarMageMystia
|l|☆nomikidvgc
|player|p1|
|l| NorfOrSomething
