|j|☆LinkLegends11
|j|☆KChiefs7
|html|LinkLegends11KChiefs7    
|uhtml|bestof|Game 1 of a best-of-3
|t:|1757008876
|gametype|doubles
|player|p1|LinkLegends11|miku-water|1133
|player|p2|KChiefs7|swimmer-gen4|1090
|gen|9
|tier|[Gen 9] VGC 2025 Reg H (Bo3)
|rated|
|rule|Species Clause: Limit one of each Pokémon
|rule|Item Clause: Limit 1 of each item
|clearpoke
|poke|p1|Archaludon, L50, M|
|poke|p1|Maushold, L50|
|poke|p1|Annihilape, L50, F|
|poke|p1|Pelipper, L50, M|
|poke|p1|Sneasler, L50, F|
|poke|p1|Primarina, L50, F|
|poke|p2|Ursaluna, L50, M|
|poke|p2|Gholdengo, L50|
|poke|p2|Flamigo, L50, M|
|poke|p2|Amoonguss, L50, F|
|poke|p2|Porygon2, L50|
|poke|p2|Incineroar, L50, M|
|teampreview|4
|showteam|p1|Archaludon||AssaultVest|Stamina|ElectroShot,DragonPulse,FlashCannon,BodyPress|||M|||50|,,,,,Grass]Maushold||SafetyGoggles|FriendGuard|BeatUp,Protect,FollowMe,SuperFang||||||50|,,,,,Ghost]Annihilape||SitrusBerry|Defiant|RageFist,Protect,DrainPunch,BulkUp|||F|||50|,,,,,Fire]Pelipper||FocusSash|Drizzle|WeatherBall,Hurricane,Protect,Tailwind|||M|||50|,,,,,Stellar]Sneasler||ClearAmulet|PoisonTouch|DireClaw,CloseCombat,ThroatChop,FakeOut|||F|||50|,,,,,Stellar]Primarina||LifeOrb|LiquidVoice|HyperVoice,Moonblast,Protect,Haze|||F|||50|,,,,,Poison
|showteam|p2|Ursaluna||FlameOrb|Guts|Facade,HeadlongRush,Earthquake,Protect|||M|||50|,,,,,Ghost]Gholdengo||LifeOrb|GoodasGold|MakeItRain,ShadowBall,NastyPlot,Protect||||||50|,,,,,Water]Flamigo||FocusSash|Scrappy|Detect,CloseCombat,WideGuard,DualWingbeat|||M|||50|,,,,,Ghost]Amoonguss||CovertCloak|Regenerator|RagePowder,Spore,PollenPuff,ClearSmog|||F|||50|,,,,,Fairy]Porygon2||Eviolite|Download|TeraBlast,IceBeam,Recover,TrickRoom||||||50|,,,,,Fighting]Incineroar||SafetyGoggles|Intimidate|FlareBlitz,KnockOff,FakeOut,PartingShot|||M|||50|,,,,,Ghost
|inactive|Battle timer is ON: inactive players will automatically lose when time's up. (requested by KChiefs7)
|inactive|LinkLegends11 also wants the timer to be on.
|inactive|LinkLegends11 has 60 seconds left.
|inactive|KChiefs7 has 60 seconds left.
|inactive|KChiefs7 has 30 seconds left.
|
|t:|1757008940
|teamsize|p1|4
|teamsize|p2|4
|start
|switch|p1a: Sneasler|Sneasler, L50, F|100/100
|switch|p1b: Archaludon|Archaludon, L50, M|100/100
|switch|p2a: Flamigo|Flamigo, L50, M|100/100
|switch|p2b: Amoonguss|Amoonguss, L50, F|100/100
|turn|1
|inactive|KChiefs7 has 30 seconds left.
|inactive|KChiefs7 has 20 seconds left.
|
|t:|1757008977
|move|p2a: Flamigo|Detect|p2a: Flamigo
|-singleturn|p2a: Flamigo|Protect
|move|p1a: Sneasler|Fake Out|p2a: Flamigo
|-activate|p2a: Flamigo|move: Protect
|move|p1b: Archaludon|Dragon Pulse|p2a: Flamigo
|-activate|p2a: Flamigo|move: Protect
|move|p2b: Amoonguss|Spore|p1a: Sneasler
|-status|p1a: Sneasler|slp|[from] move: Spore
|
|upkeep
|turn|2
|
|t:|1757009000
|switch|p1a: Pelipper|Pelipper, L50, M|100/100
|-weather|RainDance|[from] ability: Drizzle|[of] p1a: Pelipper
|move|p2a: Flamigo|Dual Wingbeat|p1a: Pelipper
|-damage|p1a: Pelipper|72/100
|-damage|p1a: Pelipper|45/100
|-hitcount|p1a: Pelipper|2
|move|p1b: Archaludon|Electro Shot||[still]
|-prepare|p1b: Archaludon|Electro Shot
|-boost|p1b: Archaludon|spa|1
|-anim|p1b: Archaludon|Electro Shot|p2a: Flamigo
|-supereffective|p2a: Flamigo
|-enditem|p2a: Flamigo|Focus Sash
|-damage|p2a: Flamigo|1/100
|move|p2b: Amoonguss|Spore|p1b: Archaludon
|-status|p1b: Archaludon|slp|[from] move: Spore
|
|-weather|RainDance|[upkeep]
|upkeep
|turn|3
|inactive|KChiefs7 has 30 seconds left.
|
|t:|1757009031
|switch|p2b: Ursaluna|Ursaluna, L50, M|100/100
|move|p1a: Pelipper|Protect|p1a: Pelipper
|-singleturn|p1a: Pelipper|Protect
|move|p2a: Flamigo|Dual Wingbeat|p1a: Pelipper
|-activate|p1a: Pelipper|move: Protect
|cant|p1b: Archaludon|slp
|
|-weather|RainDance|[upkeep]
|-status|p2b: Ursaluna|brn|[from] item: Flame Orb
|upkeep
|turn|4
|inactive|LinkLegends11 has 30 seconds left.
|
|t:|1757009062
|move|p2a: Flamigo|Dual Wingbeat|p1a: Pelipper
|-damage|p1a: Pelipper|18/100
|-damage|p1a: Pelipper|0 fnt
|faint|p1a: Pelipper
|-hitcount|p1: Pelipper|2
|-curestatus|p1b: Archaludon|slp|[msg]
|move|p1b: Archaludon|Dragon Pulse|p2a: Flamigo
|-damage|p2a: Flamigo|0 fnt
|faint|p2a: Flamigo
|move|p2b: Ursaluna|Earthquake|p1b: Archaludon
|-supereffective|p1b: Archaludon
|-damage|p1b: Archaludon|0 fnt
|faint|p1b: Archaludon
|
|-weather|RainDance|[upkeep]
|-damage|p2b: Ursaluna|95/100 brn|[from] brn
|upkeep
|
|t:|1757009080
|switch|p2a: Gholdengo|Gholdengo, L50|100/100
|switch|p1a: Sneasler|Sneasler, L50, F|100/100 slp
|switch|p1b: Primarina|Primarina, L50, F|100/100
|turn|5
|
|t:|1757009104
|cant|p1a: Sneasler|slp
|move|p2a: Gholdengo|Nasty Plot|p2a: Gholdengo
|-boost|p2a: Gholdengo|spa|2
|move|p1b: Primarina|Hyper Voice|p2b: Ursaluna|[spread] p2a,p2b
|-supereffective|p2b: Ursaluna
|-damage|p2a: Gholdengo|15/100
|-damage|p2b: Ursaluna|0 fnt
|faint|p2b: Ursaluna
|-damage|p1b: Primarina|91/100|[from] item: Life Orb
|
|-weather|RainDance|[upkeep]
|upkeep
|
|t:|1757009112
|switch|p2b: Amoonguss|Amoonguss, L50, F|100/100
|turn|6
|
|t:|1757009127
|-terastallize|p1a: Sneasler|Stellar
|move|p2b: Amoonguss|Rage Powder|p2b: Amoonguss
|-singleturn|p2b: Amoonguss|move: Rage Powder
|-curestatus|p1a: Sneasler|slp|[msg]
|move|p1a: Sneasler|Throat Chop|p2b: Amoonguss
|-damage|p2b: Amoonguss|73/100
|move|p2a: Gholdengo|Make It Rain|p1a: Sneasler|[spread] p1a,p1b
|-damage|p1a: Sneasler|0 fnt
|-damage|p1b: Primarina|0 fnt
|-unboost|p2a: Gholdengo|spa|1
|faint|p1a: Sneasler
|faint|p1b: Primarina
|-damage|p2a: Gholdengo|6/100|[from] item: Life Orb
|
|win|KChiefs7
||LinkLegends11 is ready for game 2.
|inactive|KChiefs7 has 30 seconds to confirm battle start!
||KChiefs7 is ready for game 2.
|uhtml|next|Next: Game 2 of 3
|l|☆LinkLegends11
|player|p1|
