|j|☆salmoncashew
|j|☆aletito
|html|salmoncashewaletito    
|uhtml|bestof|Game 3 of a best-of-3
|t:|1783732739
|gametype|doubles
|player|p1|salmoncashew|caitlin|1197
|player|p2|aletito|170|1113
|gen|9
|tier|[Gen 9 Champions] VGC 2026 Reg M-B (Bo3)
|rated|
|rule|Species Clause: Limit one of each Pokémon
|rule|Item Clause: Limit 1 of each item
|clearpoke
|poke|p1|Whimsicott, L50, F|
|poke|p1|Sneasler, L50, F|
|poke|p1|Basculegion, L50, M|
|poke|p1|Incineroar, L50, M, shiny|
|poke|p1|Pyroar, L50, F, shiny|
|poke|p1|Garchomp, L50, M|
|poke|p2|Charizard, L50, M|
|poke|p2|Sylveon, L50, F|
|poke|p2|Incineroar, L50, F|
|poke|p2|Aerodactyl, L50, F|
|poke|p2|Metagross, L50|
|poke|p2|Garchomp, L50, M|
|teampreview|4
|showteam|p1|Whimsicott||FocusSash|Prankster|Protect,Tailwind,SunnyDay,Moonblast|Timid||F|||50|]Sneasler||WhiteHerb|Unburden|Protect,CloseCombat,ThroatChop,GunkShot|Adamant||F|||50|]Basculegion||ChoiceScarf|Adaptability|LastRespects,FlipTurn,WaveCrash,AquaJet|Jolly||M|||50|]Incineroar||SitrusBerry|Intimidate|FakeOut,PartingShot,ThroatChop,FlareBlitz|Adamant||M|||50|]Pyroar||Pyroarite|Unnerve|Protect,HeatWave,Overheat,SolarBeam|Timid||F|||50|]Garchomp||LifeOrb|RoughSkin|Earthquake,DragonClaw,StompingTantrum,Protect|Adamant||M|||50|
|showteam|p2|Charizard||CharizarditeY|Blaze|HeatWave,WeatherBall,SolarBeam,Protect|Timid||M|||50|]Sylveon||FairyFeather|Pixilate|HyperBeam,QuickAttack,Detect,HyperVoice|Modest||F|||50|]Incineroar||SitrusBerry|Intimidate|FlareBlitz,DarkestLariat,FakeOut,PartingShot|Careful||F|||50|]Aerodactyl||FocusSash|Unnerve|Protect,Tailwind,DualWingbeat,RockSlide|Jolly||F|||50|]Metagross||Metagrossite|ClearBody|BulletPunch,BodyPress,PsychicFangs,Protect|Adamant|||||50|]Garchomp||LifeOrb|RoughSkin|Protect,RockSlide,Earthquake,DragonClaw|Jolly||M|||50|
|inactive|Battle timer is ON: inactive players will automatically lose when time's up. (requested by salmoncashew)
|l|☆aletito
|inactive|aletito disconnected and has a minute to reconnect!
|player|p2|
|inactive|aletito has 30 seconds to reconnect!
|j|☆aletito
|inactive|aletito reconnected and has 30 seconds left.
|player|p2|aletito|170|
|inactive|aletito has 20 seconds left.
|inactive|aletito has 15 seconds left.
|
|t:|1783732820
|teamsize|p1|4
|teamsize|p2|4
|start
|switch|p1a: Incineroar|Incineroar, L50, M, shiny|100/100
|switch|p1b: Whimsicott|Whimsicott, L50, F|100/100
|switch|p2a: Aerodactyl|Aerodactyl, L50, F|100/100
|switch|p2b: Sylveon|Sylveon, L50, F|100/100
|-ability|p2a: Aerodactyl|Unnerve
|-ability|p1a: Incineroar|Intimidate|boost
|-unboost|p2a: Aerodactyl|atk|1
|-unboost|p2b: Sylveon|atk|1
|turn|1
|
|t:|1783732840
|switch|p2a: Incineroar|Incineroar, L50, F|100/100
|-ability|p2a: Incineroar|Intimidate|boost
|-unboost|p1a: Incineroar|atk|1
|-unboost|p1b: Whimsicott|atk|1
|move|p1b: Whimsicott|Tailwind|p1b: Whimsicott
|-sidestart|p1: salmoncashew|move: Tailwind
|move|p1a: Incineroar|Throat Chop|p2b: Sylveon
|-resisted|p2b: Sylveon|1
|-damage|p2b: Sylveon|84/100
|-start|p2b: Sylveon|Throat Chop|[silent]
|cant|p2b: Sylveon|move: Throat Chop
|
|upkeep
|turn|2
|
|t:|1783732855
|switch|p1b: Pyroar|Pyroar, L50, F, shiny|100/100
|-ability|p1b: Pyroar|Unnerve
|move|p1a: Incineroar|Parting Shot|p2a: Incineroar
|-unboost|p2a: Incineroar|atk|1
|-unboost|p2a: Incineroar|spa|1
|
|t:|1783732862
|switch|p1a: Whimsicott|Whimsicott, L50, F|100/100|[from] Parting Shot
|move|p2b: Sylveon|Hyper Beam|p1a: Whimsicott
|-enditem|p1a: Whimsicott|Focus Sash
|-damage|p1a: Whimsicott|1/100
|-mustrecharge|p2b: Sylveon
|move|p2a: Incineroar|Flare Blitz|p1b: Pyroar
|-resisted|p1b: Pyroar|1
|-damage|p1b: Pyroar|76/100
|-damage|p2a: Incineroar|93/100|[from] Recoil
|
|-end|p2b: Sylveon|Throat Chop|[silent]
|upkeep
|turn|3
|
|t:|1783732872
|detailschange|p1b: Pyroar|Pyroar-Mega, L50, F, shiny
|-mega|p1b: Pyroar|Pyroar|Pyroarite
|move|p1b: Pyroar|Heat Wave|p2b: Sylveon|[spread] p2a,p2b
|-resisted|p2a: Incineroar|1
|-damage|p2a: Incineroar|71/100
|-damage|p2b: Sylveon|42/100
|move|p1a: Whimsicott|Moonblast|p2a: Incineroar
|-damage|p2a: Incineroar|50/100g
|cant|p2b: Sylveon|recharge
|move|p2a: Incineroar|Parting Shot|p1b: Pyroar
|-unboost|p1b: Pyroar|atk|1
|-unboost|p1b: Pyroar|spa|1
|
|t:|1783732883
|switch|p2a: Aerodactyl|Aerodactyl, L50, F|100/100|[from] Parting Shot
|-ability|p2a: Aerodactyl|Unnerve
|
|upkeep
|turn|4
|
|t:|1783732893
|switch|p1a: Incineroar|Incineroar, L50, M, shiny|100/100
|-ability|p1a: Incineroar|Intimidate|boost
|-unboost|p2a: Aerodactyl|atk|1
|-unboost|p2b: Sylveon|atk|1
|move|p2b: Sylveon|Quick Attack|p1a: Incineroar
|-damage|p1a: Incineroar|93/100
|move|p1b: Pyroar|Heat Wave|p2b: Sylveon|[spread] p2a,p2b
|-resisted|p2a: Aerodactyl|1
|-damage|p2a: Aerodactyl|73/100
|-damage|p2b: Sylveon|13/100
|move|p2a: Aerodactyl|Tailwind|p2a: Aerodactyl
|-sidestart|p2: aletito|move: Tailwind
|
|-sideend|p1: salmoncashew|move: Tailwind
|upkeep
|turn|5
|
|t:|1783732918
|switch|p1b: Basculegion|Basculegion, L50, M|100/100
|switch|p2b: Incineroar|Incineroar, L50, F|50/100g
|-ability|p2b: Incineroar|Intimidate|boost
|-unboost|p1a: Incineroar|atk|1
|-unboost|p1b: Basculegion|atk|1
|move|p2a: Aerodactyl|Rock Slide|p1a: Incineroar|[spread] p1a,p1b
|-supereffective|p1a: Incineroar|1
|-damage|p1a: Incineroar|54/100
|-damage|p1b: Basculegion|77/100
|move|p1a: Incineroar|Throat Chop|p2a: Aerodactyl
|-damage|p2a: Aerodactyl|24/100
|-start|p2a: Aerodactyl|Throat Chop|[silent]
|
|upkeep
|turn|6
|inactive|salmoncashew has 30 seconds left.
|
|t:|1783732944
|switch|p1b: Pyroar|Pyroar-Mega, L50, F, shiny|76/100
|move|p2a: Aerodactyl|Protect|p2a: Aerodactyl
|-singleturn|p2a: Aerodactyl|Protect
|move|p2b: Incineroar|Darkest Lariat|p1b: Pyroar
|-damage|p1b: Pyroar|35/100
|move|p1a: Incineroar|Parting Shot|p2b: Incineroar
|-unboost|p2b: Incineroar|atk|1
|-unboost|p2b: Incineroar|spa|1
|
|t:|1783732950
|switch|p1a: Whimsicott|Whimsicott, L50, F|1/100|[from] Parting Shot
|
|-end|p2a: Aerodactyl|Throat Chop|[silent]
|upkeep
|turn|7
|
|t:|1783732967
|move|p1b: Pyroar|Protect|p1b: Pyroar
|-singleturn|p1b: Pyroar|Protect
|move|p1a: Whimsicott|Tailwind|p1a: Whimsicott
|-sidestart|p1: salmoncashew|move: Tailwind
|move|p2a: Aerodactyl|Rock Slide|p1b: Pyroar|[spread] p1a
|-activate|p1b: Pyroar|move: Protect
|-damage|p1a: Whimsicott|0 fnt
|faint|p1a: Whimsicott
|move|p2b: Incineroar|Parting Shot|p1b: Pyroar
|-activate|p1b: Pyroar|move: Protect
|
|-sideend|p2: aletito|move: Tailwind
|upkeep
|
|t:|1783732978
|switch|p1a: Basculegion|Basculegion, L50, M|77/100
|turn|8
|
|t:|1783732994
|move|p2a: Aerodactyl|Protect|p2a: Aerodactyl
|-singleturn|p2a: Aerodactyl|Protect
|move|p1a: Basculegion|Flip Turn|p2b: Incineroar
|-supereffective|p2b: Incineroar|1
|-damage|p2b: Incineroar|0 fnt
|faint|p2b: Incineroar
|
|t:|1783733000
|switch|p1a: Incineroar|Incineroar, L50, M, shiny|54/100|[from] Flip Turn
|-ability|p1a: Incineroar|Intimidate|boost
|-unboost|p2a: Aerodactyl|atk|1
|move|p1b: Pyroar|Heat Wave|p2a: Aerodactyl
|-activate|p2a: Aerodactyl|move: Protect
|
|upkeep
|
|t:|1783733006
|switch|p2b: Charizard|Charizard, L50, M|100/100
|turn|9
|
|t:|1783733016
|move|p2b: Charizard|Protect|p2b: Charizard
|-singleturn|p2b: Charizard|Protect
|move|p1a: Incineroar|Fake Out|p2b: Charizard
|-activate|p2b: Charizard|move: Protect
|move|p1b: Pyroar|Heat Wave|p2a: Aerodactyl|[spread] p2a
|-activate|p2b: Charizard|move: Protect
|-resisted|p2a: Aerodactyl|1
|-damage|p2a: Aerodactyl|0 fnt
|faint|p2a: Aerodactyl
|
|upkeep
|
|t:|1783733023
|switch|p2a: Sylveon|Sylveon, L50, F|13/100
|turn|10
|inactive|aletito has 30 seconds left.
|
|t:|1783733049
|detailschange|p2b: Charizard|Charizard-Mega-Y, L50, M
|-mega|p2b: Charizard|Charizard|Charizardite Y
|-weather|SunnyDay|[from] ability: Drought|[of] p2b: Charizard
|move|p1b: Pyroar|Heat Wave|p2b: Charizard|[spread] p2a,p2b
|-resisted|p2b: Charizard|1
|-damage|p2a: Sylveon|0 fnt
|-damage|p2b: Charizard|63/100
|faint|p2a: Sylveon
|move|p1a: Incineroar|Throat Chop|p2b: Charizard
|-damage|p2b: Charizard|12/100
|-start|p2b: Charizard|Throat Chop|[silent]
|move|p2b: Charizard|Heat Wave|p1b: Pyroar|[spread] p1a,p1b
|-resisted|p1a: Incineroar|1
|-resisted|p1b: Pyroar|1
|-damage|p1a: Incineroar|20/100y
|-damage|p1b: Pyroar|0 fnt
|-enditem|p1a: Incineroar|Sitrus Berry|[eat]
|-heal|p1a: Incineroar|45/100|[from] item: Sitrus Berry
|faint|p1b: Pyroar
|
|-weather|SunnyDay|[upkeep]
|-sideend|p1: salmoncashew|move: Tailwind
|upkeep
|
|t:|1783733055
|switch|p1b: Basculegion|Basculegion, L50, M|77/100
|turn|11
|-message|aletito forfeited.
|
|win|salmoncashew
|raw|salmoncashew's rating: 1197 → 1216(+19 for winning)
|raw|aletito's rating: 1113 → 1094(-19 for losing)
|l|☆aletito
|player|p2|
