|j|☆juaquiness
|j|☆C0ozer
|html|juaquinessC0ozer    
|uhtml|bestof|Game 1 of a best-of-3
|t:|1785161671
|gametype|doubles
|player|p1|juaquiness|1|1265
|player|p2|C0ozer|lucas|1202
|gen|9
|tier|[Gen 9 Champions] VGC 2026 Reg M-B (Bo3)
|rated|
|rule|Species Clause: Limit one of each Pokémon
|rule|Item Clause: Limit 1 of each item
|clearpoke
|poke|p1|Floette-Eternal, L50, F|
|poke|p1|Basculegion, L50, M|
|poke|p1|Garchomp, L50, F|
|poke|p1|Charizard, L50, F|
|poke|p1|Whimsicott, L50, M|
|poke|p1|Kingambit, L50, F|
|poke|p2|Charizard, L50, M|
|poke|p2|Garchomp, L50, F|
|poke|p2|Whimsicott, L50, F|
|poke|p2|Tsareena, L50, F|
|poke|p2|Incineroar, L50, M|
|poke|p2|Basculegion, L50, M|
|teampreview|4
|showteam|p1|Floette-Eternal||Floettite|FlowerVeil|Protect,LightofRuin,Moonblast,DazzlingGleam|Modest||F|||50|]Basculegion||ChoiceScarf|Adaptability|LastRespects,AquaJet,FlipTurn,WaveCrash|Jolly||M|||50|]Garchomp||LifeOrb|RoughSkin|Protect,StompingTantrum,DragonClaw,Earthquake|Jolly||F|||50|]Charizard||CharizarditeY|Blaze|Protect,WeatherBall,HeatWave,SolarBeam|Modest||F|||50|]Whimsicott||FairyFeather|Prankster|Tailwind,Encore,Moonblast,Protect|Timid||M|||50|]Kingambit||FocusSash|Defiant|SuckerPunch,KowtowCleave,LowKick,IronHead|Adamant||F|||50|
|showteam|p2|Charizard||CharizarditeY|Blaze|HeatWave,WeatherBall,SolarBeam,Protect|Modest||M|||50|]Garchomp||LifeOrb|RoughSkin|Earthquake,RockSlide,DragonClaw,Protect|Jolly||F|||50|]Whimsicott||FocusSash|Prankster|Moonblast,Tailwind,Encore,Protect|Timid||F|||50|]Tsareena||WideLens|QueenlyMajesty|TripleAxel,PowerWhip,KnockOff,Protect|Jolly||F|||50|]Incineroar||SitrusBerry|Intimidate|FakeOut,FlareBlitz,ThroatChop,PartingShot|Impish||M|||50|]Basculegion||MysticWater|Adaptability|LastRespects,AquaJet,WaveCrash,Protect|Adamant||M|||50|
|inactive|Battle timer is ON: inactive players will automatically lose when time's up. (requested by C0ozer)
|inactive|juaquiness has 60 seconds left.
|inactive|C0ozer has 60 seconds left.
|inactive|juaquiness has 30 seconds left.
|inactive|juaquiness has 20 seconds left.
|inactive|juaquiness has 15 seconds left.
|inactive|juaquiness has 10 seconds left.
|
|t:|1785161755
|teamsize|p1|4
|teamsize|p2|4
|start
|switch|p1a: Basculegion|Basculegion, L50, M|100/100
|switch|p1b: Whimsicott|Whimsicott, L50, M|100/100
|switch|p2a: Floofy|Whimsicott, L50, F|100/100
|switch|p2b: HIgh EQ|Garchomp, L50, F|100/100
|turn|1
|
|t:|1785161776
|move|p2b: HIgh EQ|Protect|p2b: HIgh EQ
|-singleturn|p2b: HIgh EQ|Protect
|move|p2a: Floofy|Tailwind|p2a: Floofy
|-sidestart|p2: C0ozer|move: Tailwind
|move|p1b: Whimsicott|Tailwind|p1b: Whimsicott
|-sidestart|p1: juaquiness|move: Tailwind
|move|p1a: Basculegion|Flip Turn|p2b: HIgh EQ
|-activate|p2b: HIgh EQ|move: Protect
|
|upkeep
|turn|2
|
|t:|1785161787
|switch|p2b: Farigiraf +|Tsareena, L50, F|100/100
|move|p2a: Floofy|Encore|p1b: Whimsicott
|-start|p1b: Whimsicott|Encore
|move|p1b: Whimsicott|Tailwind||[still]
|-fail|p1b: Whimsicott
|move|p1a: Basculegion|Flip Turn|p2b: Farigiraf +
|-resisted|p2b: Farigiraf +|1
|-damage|p2b: Farigiraf +|77/100
|
|t:|1785161794
|switch|p1a: Kingambit|Kingambit, L50, F|100/100|[from] Flip Turn
|
|upkeep
|turn|3
|inactive|C0ozer has 30 seconds left.
|
|t:|1785161821
|switch|p1b: Basculegion|Basculegion, L50, M|100/100
|move|p2a: Floofy|Moonblast|p1a: Kingambit
|-damage|p1a: Kingambit|58/100
|-unboost|p1a: Kingambit|spa|1
|-ability|p1a: Kingambit|Defiant|boost
|-boost|p1a: Kingambit|atk|2
|move|p2b: Farigiraf +|Power Whip|p1b: Basculegion
|-supereffective|p1b: Basculegion|1
|-damage|p1b: Basculegion|0 fnt
|faint|p1b: Basculegion
|move|p1a: Kingambit|Iron Head|p2a: Floofy
|-supereffective|p2a: Floofy|1
|-enditem|p2a: Floofy|Focus Sash
|-damage|p2a: Floofy|1/100
|
|upkeep
|
|t:|1785161835
|switch|p1b: Floette|Floette-Eternal, L50, F|100/100
|turn|4
|
|t:|1785161847
|detailschange|p1b: Floette|Floette-Mega, L50, F
|-mega|p1b: Floette|Floette|Floettite
|-ability|p1b: Floette|Fairy Aura
|move|p2a: Floofy|Protect|p2a: Floofy
|-singleturn|p2a: Floofy|Protect
|move|p1b: Floette|Dazzling Gleam|p2a: Floofy|[spread] p2b
|-activate|p2a: Floofy|move: Protect
|-damage|p2b: Farigiraf +|14/100
|move|p2b: Farigiraf +|Power Whip|p1b: Floette
|-damage|p1b: Floette|29/100
|move|p1a: Kingambit|Kowtow Cleave|p2b: Farigiraf +
|-damage|p2b: Farigiraf +|0 fnt
|faint|p2b: Farigiraf +
|
|-sideend|p2: C0ozer|move: Tailwind
|-sideend|p1: juaquiness|move: Tailwind
|upkeep
|
|t:|1785161870
|switch|p2b: HIgh EQ|Garchomp, L50, F|100/100
|turn|5
|
|t:|1785161892
|move|p2a: Floofy|Tailwind|p2a: Floofy
|-sidestart|p2: C0ozer|move: Tailwind
|move|p1a: Kingambit|Sucker Punch|p2b: HIgh EQ
|-damage|p2b: HIgh EQ|18/100
|-damage|p1a: Kingambit|46/100|[from] ability: Rough Skin|[of] p2b: HIgh EQ
|move|p2b: HIgh EQ|Earthquake|p1a: Kingambit|[spread] p2a,p1a,p1b
|-resisted|p2a: Floofy|1
|-supereffective|p1a: Kingambit|1
|-damage|p2a: Floofy|0 fnt
|-damage|p1a: Kingambit|0 fnt
|-damage|p1b: Floette|0 fnt
|faint|p2a: Floofy
|faint|p1a: Kingambit
|faint|p1b: Floette
|-damage|p2b: HIgh EQ|8/100|[from] item: Life Orb
|
|upkeep
|
|t:|1785161904
|switch|p2a: Chariyard|Charizard, L50, M|100/100
|switch|p1b: Whimsicott|Whimsicott, L50, M|100/100
|turn|6
|
|t:|1785161914
|detailschange|p2a: Chariyard|Charizard-Mega-Y, L50, M
|-mega|p2a: Chariyard|Charizard|Charizardite Y
|-weather|SunnyDay|[from] ability: Drought|[of] p2a: Chariyard
|move|p2b: HIgh EQ|Earthquake|p1b: Whimsicott|[spread] p1b
|-immune|p2a: Chariyard
|-resisted|p1b: Whimsicott|1
|-damage|p1b: Whimsicott|65/100
|-damage|p2b: HIgh EQ|0 fnt|[from] item: Life Orb
|faint|p2b: HIgh EQ
|move|p2a: Chariyard|Weather Ball|p1b: Whimsicott
|-supereffective|p1b: Whimsicott|1
|-damage|p1b: Whimsicott|0 fnt
|faint|p1b: Whimsicott
|
|win|C0ozer
||juaquiness is ready for game 2.
|inactive|C0ozer has 30 seconds to confirm battle start!
