|j|☆TheBallistic1
|j|☆I_HATE_BABAGANOUSH
|html|TheBallistic1I_HATE_BABAGANOUSH    
|uhtml|bestof|Game 1 of a best-of-3
|t:|1757650321
|gametype|doubles
|player|p1|TheBallistic1|101|1085
|player|p2|I_HATE_BABAGANOUSH|ghetsis|1139
|gen|9
|tier|[Gen 9] VGC 2025 Reg H (Bo3)
|rated|
|rule|Species Clause: Limit one of each Pokémon
|rule|Item Clause: Limit 1 of each item
|clearpoke
|poke|p1|Indeedee, L50, M|
|poke|p1|Sneasler, L50, M|
|poke|p1|Tyranitar, L50, M|
|poke|p1|Excadrill, L50, F|
|poke|p2|Dragonite, L50, F|
|poke|p2|Sneasler, L50, F|
|poke|p2|Rillaboom, L50, F|
|poke|p2|Kingambit, L50, M|
|poke|p2|Arcanine-Hisui, L50, F|
|poke|p2|Primarina, L50, F|
|teampreview|4
|showteam|p1|Indeedee||ChoiceScarf|PsychicSurge|ExpandingForce,DazzlingGleam,Trick,TeraBlast|||M|||50|,,,,,Ground]Sneasler||PsychicSeed|Unburden|Uturn,DireClaw,CloseCombat,ThroatChop|||M|||50|,,,,,Dark]Tyranitar||AssaultVest|SandStream|RockSlide,KnockOff,LowKick,TeraBlast|||M|||50|,,,,,Flying]Excadrill||FocusSash|SandRush|Protect,IronHead,HighHorsepower,Earthquake|||F|||50|,,,,,Ground
|showteam|p2|Dragonite||LoadedDice|Multiscale|ScaleShot,StompingTantrum,Tailwind,Protect|||F|||50|,,,,,Ground]Sneasler||FocusSash|Unburden|DireClaw,CloseCombat,Coaching,Protect|||F|||50|,,,,,Ghost]Rillaboom||AssaultVest|GrassySurge|FakeOut,GrassyGlide,WoodHammer,HighHorsepower|||F|||50|,,,,,Fire]Kingambit||SafetyGoggles|Defiant|KowtowCleave,SuckerPunch,SwordsDance,Protect|||M|||50|,,,,,Dark]Arcanine-Hisui||ClearAmulet|Intimidate|RockSlide,FlareBlitz,ExtremeSpeed,Protect|||F|||50|,,,,,Water]Primarina||ChoiceSpecs|LiquidVoice|HyperVoice,Moonblast,DazzlingGleam,Haze|||F|||50|,,,,,Poison
|inactive|Battle timer is ON: inactive players will automatically lose when time's up. (requested by TheBallistic1)
|inactive|I_HATE_BABAGANOUSH has 60 seconds left.
|inactive|I_HATE_BABAGANOUSH has 30 seconds left.
|inactive|I_HATE_BABAGANOUSH has 20 seconds left.
|inactive|I_HATE_BABAGANOUSH has 15 seconds left.
|inactive|I_HATE_BABAGANOUSH has 10 seconds left.
|inactive|I_HATE_BABAGANOUSH has 5 seconds left.
|
|t:|1757650406
|teamsize|p1|4
|teamsize|p2|4
|start
|switch|p1a: Tyranitar|Tyranitar, L50, M|100/100
|switch|p1b: Excadrill|Excadrill, L50, F|100/100
|switch|p2a: Rillaboom|Rillaboom, L50, F|100/100
|switch|p2b: Dragonite|Dragonite, L50, F|100/100
|-fieldstart|move: Grassy Terrain|[from] ability: Grassy Surge|[of] p2a: Rillaboom
|-weather|Sandstorm|[from] ability: Sand Stream|[of] p1a: Tyranitar
|turn|1
|inactive|TheBallistic1 has 30 seconds left.
|inactive|TheBallistic1 has 20 seconds left.
|inactive|TheBallistic1 has 15 seconds left.
|
|t:|1757650447
|switch|p1b: Indeedee|Indeedee, L50, M|100/100
|-fieldstart|move: Psychic Terrain|[from] ability: Psychic Surge|[of] p1b: Indeedee
|move|p2a: Rillaboom|Fake Out|p1a: Tyranitar
|-activate|p1a: Tyranitar|move: Psychic Terrain
|move|p2b: Dragonite|Scale Shot|p1b: Indeedee
|-damage|p1b: Indeedee|74/100
|-damage|p1b: Indeedee|43/100
|-damage|p1b: Indeedee|14/100
|-damage|p1b: Indeedee|0 fnt
|faint|p1b: Indeedee
|-hitcount|p1: Indeedee|4
|-unboost|p2b: Dragonite|def|1
|-boost|p2b: Dragonite|spe|1
|move|p1a: Tyranitar|Knock Off|p2a: Rillaboom
|-damage|p2a: Rillaboom|51/100
|-enditem|p2a: Rillaboom|Assault Vest|[from] move: Knock Off|[of] p1a: Tyranitar
|
|-weather|Sandstorm|[upkeep]
|-damage|p2b: Dragonite|95/100|[from] Sandstorm
|-damage|p2a: Rillaboom|45/100|[from] Sandstorm
|upkeep
|
|t:|1757650468
|switch|p1b: Sneasler|Sneasler, L50, M, shiny|100/100
|-enditem|p1b: Sneasler|Psychic Seed
|-boost|p1b: Sneasler|spd|1|[from] item: Psychic Seed
|turn|2
|
|t:|1757650492
|switch|p2a: Arcanine|Arcanine-Hisui, L50, F|100/100
|-ability|p2a: Arcanine|Intimidate|boost
|-unboost|p1a: Tyranitar|atk|1
|-unboost|p1b: Sneasler|atk|1
|move|p1b: Sneasler|U-turn|p2a: Arcanine
|-resisted|p2a: Arcanine
|-damage|p2a: Arcanine|89/100
|
|t:|1757650499
|switch|p1b: Excadrill|Excadrill, L50, F|100/100|[from] U-turn
|move|p2b: Dragonite|Stomping Tantrum|p1b: Excadrill
|-supereffective|p1b: Excadrill
|-damage|p1b: Excadrill|28/100
|move|p1a: Tyranitar|Rock Slide|p2b: Dragonite|[spread] p2a,p2b
|-supereffective|p2a: Arcanine
|-supereffective|p2b: Dragonite
|-damage|p2a: Arcanine|38/100
|-damage|p2b: Dragonite|25/100
|
|-weather|Sandstorm|[upkeep]
|-damage|p2b: Dragonite|19/100|[from] Sandstorm
|upkeep
|turn|3
|
|t:|1757650518
|-terastallize|p1a: Tyranitar|Flying
|move|p1b: Excadrill|Earthquake|p2a: Arcanine|[spread] p2a
|-immune|p1a: Tyranitar
|-immune|p2b: Dragonite
|-supereffective|p2a: Arcanine
|-damage|p2a: Arcanine|0 fnt
|faint|p2a: Arcanine
|move|p2b: Dragonite|Tailwind|p2b: Dragonite
|-sidestart|p2: I_HATE_BABAGANOUSH|move: Tailwind
|move|p1a: Tyranitar|Rock Slide|p2b: Dragonite
|-supereffective|p2b: Dragonite
|-damage|p2b: Dragonite|0 fnt
|faint|p2b: Dragonite
|
|-weather|Sandstorm|[upkeep]
|-damage|p1a: Tyranitar|95/100|[from] Sandstorm
|upkeep
|
|t:|1757650529
|switch|p2a: Rillaboom|Rillaboom, L50, F|45/100
|switch|p2b: Primarina|Primarina, L50, F|100/100
|-fieldstart|move: Grassy Terrain|[from] ability: Grassy Surge|[of] p2a: Rillaboom
|turn|4
|inactive|I_HATE_BABAGANOUSH has 30 seconds left.
|
|t:|1757650555
|move|p2a: Rillaboom|Fake Out|p1b: Excadrill
|-resisted|p1b: Excadrill
|-damage|p1b: Excadrill|19/100
|cant|p1b: Excadrill|flinch
|move|p2b: Primarina|Hyper Voice|p1a: Tyranitar|[spread] p1a,p1b
|-supereffective|p1b: Excadrill
|-damage|p1a: Tyranitar|60/100
|-damage|p1b: Excadrill|0 fnt
|faint|p1b: Excadrill
|move|p1a: Tyranitar|Tera Blast|p2a: Rillaboom|[anim] Tera Blast Flying
|-supereffective|p2a: Rillaboom
|-damage|p2a: Rillaboom|0 fnt
|faint|p2a: Rillaboom
|
|-weather|Sandstorm|[upkeep]
|-damage|p2b: Primarina|94/100|[from] Sandstorm
|-damage|p1a: Tyranitar|54/100|[from] Sandstorm
|-heal|p2b: Primarina|100/100|[from] Grassy Terrain
|upkeep
|
|t:|1757650570
|switch|p1b: Sneasler|Sneasler, L50, M, shiny|100/100
|turn|5
|
|t:|1757650581
|-terastallize|p2b: Primarina|Poison
|move|p2b: Primarina|Hyper Voice|p1b: Sneasler|[spread] p1a,p1b
|-damage|p1a: Tyranitar|20/100
|-damage|p1b: Sneasler|34/100
|move|p1b: Sneasler|Dire Claw|p2b: Primarina
|-resisted|p2b: Primarina
|-damage|p2b: Primarina|73/100
|move|p1a: Tyranitar|Knock Off|p2b: Primarina
|-damage|p2b: Primarina|30/100
|-enditem|p2b: Primarina|Choice Specs|[from] move: Knock Off|[of] p1a: Tyranitar
|
|-weather|none
|-heal|p2b: Primarina|36/100|[from] Grassy Terrain
|-heal|p1b: Sneasler|40/100|[from] Grassy Terrain
|upkeep
|turn|6
|
|t:|1757650600
|move|p2b: Primarina|Hyper Voice|p1a: Tyranitar|[spread] p1a,p1b
|-damage|p1a: Tyranitar|0 fnt
|-damage|p1b: Sneasler|0 fnt
|faint|p1a: Tyranitar
|faint|p1b: Sneasler
|
|win|I_HATE_BABAGANOUSH
