|j|☆Er Yayo
|j|☆Gi1796
|html|Er YayoGi1796    
|uhtml|bestof|Game 3 of a best-of-3
|t:|1756849177
|gametype|doubles
|player|p1|Er Yayo|170|1214
|player|p2|Gi1796|266|1223
|gen|9
|tier|[Gen 9] VGC 2025 Reg H (Bo3)
|rated|
|rule|Species Clause: Limit one of each Pokémon
|rule|Item Clause: Limit 1 of each item
|clearpoke
|poke|p1|Porygon2, L50|
|poke|p1|Charizard, L50, F|
|poke|p1|Jumpluff, L50, F|
|poke|p1|Torkoal, L50, F|
|poke|p1|Ursaluna, L50, M|
|poke|p1|Incineroar, L50, F|
|poke|p2|Sneasler, L50, F|
|poke|p2|Indeedee, L50, M|
|poke|p2|Annihilape, L50, F|
|poke|p2|Tyranitar, L50, M|
|poke|p2|Excadrill, L50, M|
|poke|p2|Corviknight, L50, M|
|teampreview|4
|showteam|p1|Porygon2||Eviolite|Download|TeraBlast,IceBeam,TrickRoom,Recover||||||50|,,,,,Fighting]Charizard||ChoiceSpecs|SolarPower|HeatWave,Overheat,WeatherBall,AirSlash|||F|||50|,,,,,Ghost]Jumpluff||CovertCloak|Chlorophyll|Tailwind,SleepPowder,SunnyDay,RagePowder|||F|||50|,,,,,Dark]Torkoal||EjectPack|Drought|Eruption,Overheat,HelpingHand,Protect|||F|||50|,,,,,Fire]Ursaluna||FlameOrb|Guts|Facade,HeadlongRush,Earthquake,Protect|||M|||50|,,,,,Ghost]Incineroar||SitrusBerry|Intimidate|FlareBlitz,KnockOff,PartingShot,FakeOut|||F|||50|,,,,,Ghost
|showteam|p2|Sneasler||PsychicSeed|Unburden|CloseCombat,DireClaw,ThroatChop,Protect|||F|||50|,,,,,Dark]Indeedee||ChoiceScarf|PsychicSurge|ExpandingForce,TeraBlast,Trick,DazzlingGleam|||M|||50|,,,,,Psychic]Annihilape||SafetyGoggles|Defiant|CloseCombat,RageFist,Taunt,FinalGambit|||F|||50|,,,,,Water]Tyranitar||AssaultVest|SandStream|RockSlide,KnockOff,TeraBlast,LowKick|||M|||50|,,,,,Flying]Excadrill||FocusSash|SandRush|HighHorsepower,Earthquake,IronHead,Protect|||M|||50|,,,,,Stellar]Corviknight||Leftovers|MirrorArmor|BraveBird,BulkUp,Tailwind,Roost|||M|||50|,,,,,Dragon
|inactive|Battle timer is ON: inactive players will automatically lose when time's up. (requested by Gi1796)
|inactive|Gi1796 has 60 seconds left.
|
|t:|1756849227
|teamsize|p1|4
|teamsize|p2|4
|start
|switch|p1a: Jumpluff|Jumpluff, L50, F|100/100
|switch|p1b: Charizard|Charizard, L50, F|100/100
|switch|p2a: Annihilape|Annihilape, L50, F|100/100
|switch|p2b: Indeedee|Indeedee, L50, M|100/100
|-fieldstart|move: Psychic Terrain|[from] ability: Psychic Surge|[of] p2b: Indeedee
|turn|1
|inactive|Gi1796 has 30 seconds left.
|
|t:|1756849262
|switch|p1b: Torkoal|Torkoal, L50, F|100/100
|-weather|SunnyDay|[from] ability: Drought|[of] p1b: Torkoal
|-terastallize|p2a: Annihilape|Water
|move|p1a: Jumpluff|Tailwind|p1a: Jumpluff
|-sidestart|p1: Er Yayo|move: Tailwind
|move|p2b: Indeedee|Expanding Force|p1a: Jumpluff|[spread] p1a,p1b
|-damage|p1a: Jumpluff|39/100
|-damage|p1b: Torkoal|26/100
|move|p2a: Annihilape|Taunt|p1a: Jumpluff
|-start|p1a: Jumpluff|move: Taunt
|
|-weather|SunnyDay|[upkeep]
|upkeep
|turn|2
|inactive|Gi1796 has 30 seconds left.
|
|t:|1756849296
|-activate|p1a: Jumpluff|move: Struggle
|move|p1a: Jumpluff|Struggle|p2b: Indeedee
|-damage|p2b: Indeedee|89/100
|-damage|p1a: Jumpluff|14/100|[from] recoil
|move|p2b: Indeedee|Expanding Force|p1b: Torkoal|[spread] p1a,p1b
|-damage|p1a: Jumpluff|0 fnt
|-damage|p1b: Torkoal|0 fnt
|faint|p1a: Jumpluff
|faint|p1b: Torkoal
|move|p2a: Annihilape|Close Combat|p1: Jumpluff|[notarget]
|-fail|p2a: Annihilape
|
|-weather|SunnyDay|[upkeep]
|upkeep
|
|t:|1756849306
|switch|p1a: Charizard|Charizard, L50, F|100/100
|switch|p1b: Ursaluna|Ursaluna, L50, M|100/100
|turn|3
|inactive|Gi1796 has 30 seconds left.
|
|t:|1756849341
|switch|p2a: Tyranitar|Tyranitar, L50, M|100/100
|-weather|Sandstorm|[from] ability: Sand Stream|[of] p2a: Tyranitar
|-terastallize|p1b: Ursaluna|Ghost
|move|p1a: Charizard|Heat Wave|p2b: Indeedee|[spread] p2a,p2b
|-resisted|p2a: Tyranitar
|-damage|p2a: Tyranitar|88/100
|-damage|p2b: Indeedee|21/100
|move|p2b: Indeedee|Expanding Force|p1b: Ursaluna|[spread] p1a,p1b
|-damage|p1a: Charizard|24/100
|-damage|p1b: Ursaluna|42/100
|move|p1b: Ursaluna|Earthquake|p2a: Tyranitar|[spread] p2a,p2b
|-immune|p1a: Charizard
|-supereffective|p2a: Tyranitar
|-damage|p2a: Tyranitar|6/100
|-damage|p2b: Indeedee|0 fnt
|faint|p2b: Indeedee
|
|-weather|Sandstorm|[upkeep]
|-damage|p1a: Charizard|18/100|[from] Sandstorm
|-damage|p1b: Ursaluna|36/100|[from] Sandstorm
|-status|p1b: Ursaluna|brn|[from] item: Flame Orb
|upkeep
|
|t:|1756849364
|switch|p2b: Sneasler|Sneasler, L50, F|100/100
|-enditem|p2b: Sneasler|Psychic Seed
|-boost|p2b: Sneasler|spd|1|[from] item: Psychic Seed
|turn|4
|
|t:|1756849380
|move|p2b: Sneasler|Protect|p2b: Sneasler
|-singleturn|p2b: Sneasler|Protect
|move|p1a: Charizard|Heat Wave|p2a: Tyranitar|[spread] p2a
|-activate|p2b: Sneasler|move: Protect
|-resisted|p2a: Tyranitar
|-damage|p2a: Tyranitar|0 fnt
|faint|p2a: Tyranitar
|move|p1b: Ursaluna|Earthquake|p2b: Sneasler|[spread] 
|-activate|p2b: Sneasler|move: Protect
|-immune|p1a: Charizard
|
|-weather|Sandstorm|[upkeep]
|-damage|p2b: Sneasler|95/100|[from] Sandstorm
|-damage|p1a: Charizard|12/100|[from] Sandstorm
|-damage|p1b: Ursaluna|31/100 brn|[from] Sandstorm
|-damage|p1b: Ursaluna|25/100 brn|[from] brn
|-sideend|p1: Er Yayo|move: Tailwind
|upkeep
|
|t:|1756849384
|switch|p2a: Annihilape|Annihilape, L50, F, tera:Water|100/100
|turn|5
|
|t:|1756849397
|move|p2b: Sneasler|Dire Claw|p1a: Charizard
|-damage|p1a: Charizard|0 fnt
|faint|p1a: Charizard
|move|p2a: Annihilape|Rage Fist|p1b: Ursaluna
|-supereffective|p1b: Ursaluna
|-damage|p1b: Ursaluna|0 fnt
|faint|p1b: Ursaluna
|
|win|Gi1796
|raw|Er Yayo's rating: 1214 → 1190(-24 for losing)
|raw|Gi1796's rating: 1223 → 1247(+24 for winning)
|l|☆Er Yayo
|player|p1|
