|j|☆nhuttien26
|j|☆storm2326
|html|nhuttien26storm2326    
|uhtml|bestof|Game 1 of a best-of-3
|t:|1783261708
|gametype|doubles
|player|p1|nhuttien26|101|1021
|player|p2|storm2326|veteran|1133
|gen|9
|tier|[Gen 9 Champions] VGC 2026 Reg M-B (Bo3)
|rated|
|rule|Species Clause: Limit one of each Pokémon
|rule|Item Clause: Limit 1 of each item
|clearpoke
|poke|p1|Charizard, L50, M|
|poke|p1|Whimsicott, L50, M|
|poke|p1|Garchomp, L50, M|
|poke|p1|Sneasler, L50, M|
|poke|p1|Venusaur, L50, M|
|poke|p1|Toxapex, L50, F|
|poke|p2|Mawile, L50, F|
|poke|p2|Farigiraf, L50, F|
|poke|p2|Drampa, L50, M|
|poke|p2|Kleavor, L50, F|
|poke|p2|Araquanid, L50, M|
|poke|p2|Incineroar, L50, F|
|teampreview|4
|showteam|p1|Charizard||CharizarditeY|Blaze|WeatherBall,HeatWave,SolarBeam,Protect|Timid||M|||50|]Whimsicott||FocusSash|Prankster|SunnyDay,Moonblast,Tailwind,Encore|Bold||M|||50|]Garchomp||LifeOrb|RoughSkin|Earthquake,RockSlide,ScaleShot,Protect|Jolly||M|||50|]Sneasler||WhiteHerb|Unburden|CloseCombat,DireClaw,FakeOut,Protect|Adamant||M|||50|]Venusaur||WideLens|Chlorophyll|SleepPowder,GigaDrain,SludgeBomb,Protect|Modest||M|||50|]Toxapex||Leftovers|Regenerator|BanefulBunker,Infestation,Toxic,WideGuard|Bold||F|||50|
|showteam|p2|Mawile||Mawilite|HyperCutter|RockSlide,PlayRough,SuckerPunch,SwordsDance|Brave||F|||50|]Farigiraf||SitrusBerry|ArmorTail|Thunderbolt,HelpingHand,Psychic,TrickRoom|Modest||F|||50|]Drampa||Drampanite|CloudNine|EarthPower,HyperVoice,Thunderbolt,Protect|Quiet||M|||50|]Kleavor||FocusSash|Swarm|StoneAxe,CloseCombat,Feint,XScissor|Brave||F|||50|]Araquanid||MysticWater|WaterBubble|Surf,HydroPump,MirrorCoat,Endeavor|Quiet||M|||50|]Incineroar||LifeOrb|Intimidate|CloseCombat,FlareBlitz,FakeOut,ThroatChop|Brave||F|||50|
|
|t:|1783261738
|teamsize|p1|4
|teamsize|p2|4
|start
|switch|p1a: Sneasler|Sneasler, L50, M|100/100
|switch|p1b: Charizard|Charizard, L50, M|100/100
|switch|p2a: Drampa|Drampa, L50, M|100/100
|switch|p2b: Farigiraf|Farigiraf, L50, F|100/100
|-ability|p2a: Drampa|Cloud Nine
|turn|1
|
|t:|1783261774
|detailschange|p1b: Charizard|Charizard-Mega-Y, L50, M
|-mega|p1b: Charizard|Charizard|Charizardite Y
|-weather|SunnyDay|[from] ability: Drought|[of] p1b: Charizard
|move|p2a: Drampa|Protect|p2a: Drampa
|-singleturn|p2a: Drampa|Protect
|move|p1a: Sneasler|Close Combat|p1b: Charizard
|-resisted|p1b: Charizard|1
|-damage|p1b: Charizard|51/100
|-unboost|p1a: Sneasler|def|1
|-unboost|p1a: Sneasler|spd|1
|-enditem|p1a: Sneasler|White Herb
|-clearnegativeboost|p1a: Sneasler|[silent]
|move|p1b: Charizard|Heat Wave|p2a: Drampa|[spread] p2b
|-activate|p2a: Drampa|move: Protect
|-damage|p2b: Farigiraf|61/100
|move|p2b: Farigiraf|Trick Room|p2b: Farigiraf
|-fieldstart|move: Trick Room|[of] p2b: Farigiraf
|
|-weather|SunnyDay|[upkeep]
|upkeep
|turn|2
|
|t:|1783261814
|switch|p1a: Toxapex|Toxapex, L50, F|100/100
|move|p1b: Charizard|Protect|p1b: Charizard
|-singleturn|p1b: Charizard|Protect
|move|p2a: Drampa|Thunderbolt|p1b: Charizard
|-activate|p1b: Charizard|move: Protect
|move|p2b: Farigiraf|Psychic|p1a: Toxapex
|-supereffective|p1a: Toxapex|1
|-damage|p1a: Toxapex|37/100
|
|-weather|SunnyDay|[upkeep]
|-heal|p1a: Toxapex|43/100|[from] item: Leftovers
|upkeep
|turn|3
|
|t:|1783261837
|switch|p2b: Incineroar|Incineroar, L50, F|100/100
|-ability|p2b: Incineroar|Intimidate|boost
|-unboost|p1a: Toxapex|atk|1
|-unboost|p1b: Charizard|atk|1
|move|p2a: Drampa|Thunderbolt|p1a: Toxapex
|-supereffective|p1a: Toxapex|1
|-damage|p1a: Toxapex|0 fnt
|faint|p1a: Toxapex
|move|p1b: Charizard|Heat Wave|p2a: Drampa|[spread] p2a,p2b
|-resisted|p2a: Drampa|1
|-resisted|p2b: Incineroar|1
|-damage|p2a: Drampa|81/100
|-damage|p2b: Incineroar|77/100
|
|-weather|SunnyDay|[upkeep]
|upkeep
|
|t:|1783261852
|switch|p1a: Sneasler|Sneasler, L50, M|100/100
|turn|4
|
|t:|1783261865
|move|p2b: Incineroar|Fake Out|p1a: Sneasler
|-damage|p1a: Sneasler|66/100
|-damage|p2b: Incineroar|67/100|[from] item: Life Orb
|move|p2a: Drampa|Thunderbolt|p1b: Charizard
|-supereffective|p1b: Charizard|1
|-damage|p1b: Charizard|0 fnt
|faint|p1b: Charizard
|cant|p1a: Sneasler|flinch
|
|-weather|SunnyDay|[upkeep]
|upkeep
|
|t:|1783261877
|switch|p1b: Garchomp|Garchomp, L50, M|100/100
|turn|5
|
|t:|1783261885
|move|p2a: Drampa|Earth Power|p1a: Sneasler
|-supereffective|p1a: Sneasler|1
|-damage|p1a: Sneasler|0 fnt
|faint|p1a: Sneasler
|move|p2b: Incineroar|Flare Blitz|p1b: Garchomp
|-resisted|p1b: Garchomp|1
|-damage|p1b: Garchomp|55/100
|-damage|p2b: Incineroar|55/100|[from] ability: Rough Skin|[of] p1b: Garchomp
|-damage|p2b: Incineroar|42/100|[from] Recoil
|-damage|p2b: Incineroar|32/100|[from] item: Life Orb
|move|p1b: Garchomp|Rock Slide|p2a: Drampa|[spread] p2a,p2b
|-supereffective|p2b: Incineroar|1
|-damage|p2a: Drampa|51/100
|-damage|p2b: Incineroar|0 fnt
|faint|p2b: Incineroar
|-damage|p1b: Garchomp|45/100|[from] item: Life Orb
|
|-weather|none
|-fieldend|move: Trick Room
|upkeep
|
|t:|1783261893
|switch|p2b: Mawile|Mawile, L50, F|100/100
|turn|6
|
|t:|1783261908
|detailschange|p2b: Mawile|Mawile-Mega, L50, F
|-mega|p2b: Mawile|Mawile|Mawilite
|move|p2b: Mawile|Sucker Punch|p1b: Garchomp
|-damage|p1b: Garchomp|1/100
|-damage|p2b: Mawile|87/100|[from] ability: Rough Skin|[of] p1b: Garchomp
|move|p1b: Garchomp|Earthquake|p2b: Mawile|[spread] p2a,p2b
|-supereffective|p2b: Mawile|1
|-damage|p2a: Drampa|0 fnt
|-damage|p2b: Mawile|0 fnt
|faint|p2a: Drampa
|faint|p2b: Mawile
|-damage|p1b: Garchomp|0 fnt|[from] item: Life Orb
|faint|p1b: Garchomp
|
|win|storm2326
|inactive|nhuttien26 has 30 seconds to confirm battle start!
|inactive|storm2326 has 30 seconds to confirm battle start!
|raw|nhuttien26's rating: 1021 → 1012(-9 for losing)
|raw|storm2326's rating: 1133 → 1150(+17 for winning)
|l|☆nhuttien26
|player|p1|
