|j|☆mikelpoyarzabal
|j|☆rowletspin
|html|mikelpoyarzabalrowletspin    
|uhtml|bestof|Game 1 of a best-of-3
|t:|1785339607
|gametype|doubles
|player|p1|mikelpoyarzabal|arven-s|1279
|player|p2|rowletspin|265|1364
|gen|9
|tier|[Gen 9 Champions] VGC 2026 Reg M-B (Bo3)
|rated|
|rule|Species Clause: Limit one of each Pokémon
|rule|Item Clause: Limit 1 of each item
|clearpoke
|poke|p1|Gengar, L50, F|
|poke|p1|Swampert, L50, F|
|poke|p1|Incineroar, L50, F|
|poke|p1|Politoed, L50, F|
|poke|p1|Archaludon, L50, M|
|poke|p1|Vivillon, L50, M|
|poke|p2|Arcanine-Hisui, L50, M|
|poke|p2|Staraptor, L50, M|
|poke|p2|Farigiraf, L50, F|
|poke|p2|Sylveon, L50, F|
|poke|p2|Kingambit, L50, M|
|poke|p2|Raichu, L50, F|
|teampreview|4
|showteam|p1|Gengar||Gengarite|CursedBody|ShadowBall,SludgeBomb,Protect,PerishSong|Timid||F|||50|]Swampert||Swampertite|Torrent|WaveCrash,Earthquake,IcePunch,Protect|Adamant||F|||50|]Incineroar||PasshoBerry|Intimidate|ThroatChop,PartingShot,FakeOut,Protect|Sassy||F|||50|]Politoed||SitrusBerry|Drizzle|WeatherBall,PerishSong,Encore,Protect|Calm||F|||50|]Archaludon||Leftovers|Stamina|DragonPulse,FlashCannon,ElectroShot,Protect|Bold||M|||50|]Vivillon||FocusSash|CompoundEyes|Hurricane,SleepPowder,RagePowder,Protect|Timid||M|||50|
|showteam|p2|Arcanine-Hisui||FocusSash|RockHead|Protect,ExtremeSpeed,HeadSmash,FlareBlitz|Jolly||M|||50|]Staraptor||Staraptite|Intimidate|Tailwind,Protect,CloseCombat,BraveBird|Jolly||M|||50|]Farigiraf||SitrusBerry|ArmorTail|Protect,TwinBeam,TrickRoom,HelpingHand|Calm||F|||50|]Sylveon||FairyFeather|Pixilate|Protect,HyperBeam,HyperVoice,QuickAttack|Modest||F|||50|]Kingambit||LifeOrb|Defiant|Protect,KowtowCleave,SwordsDance,SuckerPunch|Adamant||M|||50|]Raichu||RaichuniteY|LightningRod|Protect,ZapCannon,FakeOut,FocusBlast|Timid||F|||50|
|inactive|Battle timer is ON: inactive players will automatically lose when time's up. (requested by mikelpoyarzabal)
|inactive|rowletspin also wants the timer to be on.
|
|t:|1785339630
|teamsize|p1|4
|teamsize|p2|4
|start
|switch|p1a: Vivillon|Vivillon, L50, M|100/100
|switch|p1b: Swampert|Swampert, L50, F|100/100
|switch|p2a: Staraptor|Staraptor, L50, M|100/100
|switch|p2b: Kingambit|Kingambit, L50, M|100/100
|-ability|p2a: Staraptor|Intimidate|boost
|-unboost|p1a: Vivillon|atk|1
|-unboost|p1b: Swampert|atk|1
|turn|1
|
|t:|1785339645
|detailschange|p2a: Staraptor|Staraptor-Mega, L50, M
|-mega|p2a: Staraptor|Staraptor|Staraptite
|detailschange|p1b: Swampert|Swampert-Mega, L50, F
|-mega|p1b: Swampert|Swampert|Swampertite
|move|p2a: Staraptor|Close Combat|p1a: Vivillon
|-resisted|p1a: Vivillon|2
|-damage|p1a: Vivillon|72/100
|-boost|p2a: Staraptor|def|1
|-boost|p2a: Staraptor|spd|1
|move|p1a: Vivillon|Sleep Powder|p2a: Staraptor
|-status|p2a: Staraptor|slp|[from] move: Sleep Powder
|move|p1b: Swampert|Earthquake|p2b: Kingambit|[spread] p2b
|-immune|p1a: Vivillon
|-immune|p2a: Staraptor
|-supereffective|p2b: Kingambit|1
|-damage|p2b: Kingambit|49/100
|move|p2b: Kingambit|Kowtow Cleave|p1b: Swampert
|-damage|p1b: Swampert|45/100
|-damage|p2b: Kingambit|39/100|[from] item: Life Orb
|
|upkeep
|turn|2
|
|t:|1785339670
|switch|p1b: Archaludon|Archaludon, L50, M|100/100
|move|p2b: Kingambit|Protect|p2b: Kingambit
|-singleturn|p2b: Kingambit|Protect
|cant|p2a: Staraptor|slp
|move|p1a: Vivillon|Sleep Powder|p2b: Kingambit
|-activate|p2b: Kingambit|move: Protect
|
|upkeep
|turn|3
|inactive|mikelpoyarzabal has 30 seconds left.
|inactive|rowletspin has 30 seconds left.
|inactive|mikelpoyarzabal has 20 seconds left.
|
|t:|1785339706
|switch|p1a: Politoed|Politoed, L50, F|100/100
|-weather|RainDance|[from] ability: Drizzle|[of] p1a: Politoed
|move|p2b: Kingambit|Sucker Punch|p1b: Archaludon
|-damage|p1b: Archaludon|68/100
|-ability|p1b: Archaludon|Stamina|boost
|-boost|p1b: Archaludon|def|1
|-damage|p2b: Kingambit|30/100|[from] item: Life Orb
|cant|p2a: Staraptor|slp
|move|p1b: Archaludon|Electro Shot||[still]
|-prepare|p1b: Archaludon|Electro Shot
|-boost|p1b: Archaludon|spa|1
|-anim|p1b: Archaludon|Electro Shot|p2a: Staraptor
|-supereffective|p2a: Staraptor|1
|-damage|p2a: Staraptor|32/100 slp
|
|-weather|RainDance|[upkeep]
|-heal|p1b: Archaludon|74/100|[from] item: Leftovers
|upkeep
|turn|4
|
|t:|1785339725
|move|p1b: Archaludon|Protect|p1b: Archaludon
|-singleturn|p1b: Archaludon|Protect
|move|p2b: Kingambit|Sucker Punch|p1a: Politoed
|-damage|p1a: Politoed|55/100
|-damage|p2b: Kingambit|20/100y|[from] item: Life Orb
|-curestatus|p2a: Staraptor|slp|[msg]
|move|p2a: Staraptor|Close Combat|p1a: Politoed
|-damage|p1a: Politoed|5/100
|-boost|p2a: Staraptor|def|1
|-boost|p2a: Staraptor|spd|1
|-enditem|p1a: Politoed|Sitrus Berry|[eat]
|-heal|p1a: Politoed|30/100|[from] item: Sitrus Berry
|move|p1a: Politoed|Weather Ball|p2a: Staraptor
|-damage|p2a: Staraptor|7/100
|
|-weather|RainDance|[upkeep]
|-heal|p1b: Archaludon|80/100|[from] item: Leftovers
|upkeep
|turn|5
|
|t:|1785339744
|switch|p1a: Vivillon|Vivillon, L50, M|72/100
|move|p2b: Kingambit|Protect|p2b: Kingambit
|-singleturn|p2b: Kingambit|Protect
|move|p2a: Staraptor|Tailwind|p2a: Staraptor
|-sidestart|p2: rowletspin|move: Tailwind
|move|p1b: Archaludon|Electro Shot||[still]
|-prepare|p1b: Archaludon|Electro Shot
|-boost|p1b: Archaludon|spa|1
|-anim|p1b: Archaludon|Electro Shot|p2a: Staraptor
|-supereffective|p2a: Staraptor|1
|-crit|p2a: Staraptor
|-damage|p2a: Staraptor|0 fnt
|faint|p2a: Staraptor
|
|-weather|RainDance|[upkeep]
|-heal|p1b: Archaludon|86/100|[from] item: Leftovers
|upkeep
|
|t:|1785339749
|switch|p2a: Sylveon|Sylveon, L50, F|100/100
|turn|6
|
|t:|1785339771
|move|p2b: Kingambit|Kowtow Cleave|p1a: Vivillon
|-damage|p1a: Vivillon|0 fnt
|faint|p1a: Vivillon
|-damage|p2b: Kingambit|11/100|[from] item: Life Orb
|move|p2a: Sylveon|Hyper Beam|p1b: Archaludon
|-damage|p1b: Archaludon|0 fnt
|-mustrecharge|p2a: Sylveon
|faint|p1b: Archaludon
|
|-weather|RainDance|[upkeep]
|upkeep
|
|t:|1785339778
|switch|p1a: Swampert|Swampert-Mega, L50, F|45/100
|switch|p1b: Politoed|Politoed, L50, F|30/100
|turn|7
|
|t:|1785339790
|move|p2b: Kingambit|Sucker Punch|p1b: Politoed
|-damage|p1b: Politoed|0 fnt
|faint|p1b: Politoed
|-damage|p2b: Kingambit|1/100|[from] item: Life Orb
|move|p1a: Swampert|Wave Crash|p2a: Sylveon
|-damage|p2a: Sylveon|0 fnt
|faint|p2a: Sylveon
|-damage|p1a: Swampert|12/100|[from] Recoil
|
|-weather|none
|upkeep
|-message|mikelpoyarzabal forfeited.
|
|win|rowletspin
