|j|☆ParroTiest
|j|☆SeeYouInSf
|html|ParroTiestSeeYouInSf    
|uhtml|bestof|Game 3 of a best-of-3
|t:|1756407789
|gametype|doubles
|player|p1|ParroTiest|wallace|1157
|player|p2|SeeYouInSf|unknown|1238
|gen|9
|tier|[Gen 9] VGC 2025 Reg H (Bo3)
|rated|
|rule|Species Clause: Limit one of each Pokémon
|rule|Item Clause: Limit 1 of each item
|clearpoke
|poke|p1|Grimmsnarl, L50, M|
|poke|p1|Ursaluna-Bloodmoon, L50, M|
|poke|p1|Farigiraf, L50, F|
|poke|p1|Gholdengo, L50|
|poke|p1|Rillaboom, L50, F|
|poke|p1|Volcarona, L50, M|
|poke|p2|Amoonguss, L50, F|
|poke|p2|Gholdengo, L50|
|poke|p2|Porygon2, L50|
|poke|p2|Incineroar, L50, F|
|poke|p2|Ursaluna, L50, F|
|poke|p2|Tyranitar, L50, M|
|teampreview|4
|showteam|p1|Grimmsnarl||LightClay|Prankster|Reflect,LightScreen,SpiritBreak,Taunt|||M|||50|,,,,,Ghost]Ursaluna-Bloodmoon||LifeOrb|MindsEye|BloodMoon,HyperVoice,EarthPower,Protect|||M|||50|,,,,,Normal]Farigiraf||ThroatSpray|ArmorTail|HyperVoice,Psychic,TrickRoom,Protect|||F|||50|,,,,,Fairy]Gholdengo||ChoiceSpecs|GoodasGold|MakeItRain,ShadowBall,PowerGem,Trick||||||50|,,,,,Water]Rillaboom||AssaultVest|GrassySurge|FakeOut,WoodHammer,GrassyGlide,Uturn|||F|||50|,,,,,Fire]Volcarona||Leftovers|FlameBody|QuiverDance,HeatWave,GigaDrain,Protect|||M|||50|,,,,,Grass
|showteam|p2|Amoonguss||RockyHelmet|Regenerator|Spore,RagePowder,PollenPuff,Protect|||F|||50|,,,,,Water]Gholdengo||LifeOrb|GoodasGold|MakeItRain,ShadowBall,NastyPlot,Protect||||||50|,,,,,Dragon]Porygon2||Eviolite|Download|TeraBlast,TrickRoom,Recover,IceBeam||||||50|,,,,,Fighting]Incineroar||SafetyGoggles|Intimidate|PartingShot,KnockOff,FlareBlitz,FakeOut|||F|||50|,,,,,Ghost]Ursaluna||FlameOrb|Guts|Facade,HeadlongRush,Substitute,Protect|||F|||50|,,,,,Ghost]Tyranitar||AssaultVest|SandStream|LowKick,TeraBlast,RockSlide,KnockOff|||M|||50|,,,,,Fairy
|inactive|Battle timer is ON: inactive players will automatically lose when time's up. (requested by ParroTiest)
|inactive|SeeYouInSf also wants the timer to be on.
|inactive|SeeYouInSf has 60 seconds left.
|
|t:|1756407847
|teamsize|p1|4
|teamsize|p2|4
|start
|switch|p1a: gremlin|Grimmsnarl, L50, M, shiny|100/100
|switch|p1b: instakill button|Ursaluna-Bloodmoon, L50, M|100/100
|switch|p2a: Gholdengo|Gholdengo, L50|100/100
|switch|p2b: Tyranitar|Tyranitar, L50, M|100/100
|-weather|Sandstorm|[from] ability: Sand Stream|[of] p2b: Tyranitar
|turn|1
|inactive|ParroTiest has 30 seconds left.
|inactive|SeeYouInSf has 30 seconds left.
|
|t:|1756407874
|move|p1a: gremlin|Light Screen|p1a: gremlin
|-sidestart|p1: ParroTiest|move: Light Screen
|move|p2a: Gholdengo|Nasty Plot|p2a: Gholdengo
|-boost|p2a: Gholdengo|spa|2
|move|p2b: Tyranitar|Low Kick|p1b: instakill button
|-supereffective|p1b: instakill button
|-damage|p1b: instakill button|35/100
|move|p1b: instakill button|Earth Power|p2a: Gholdengo
|-supereffective|p2a: Gholdengo
|-damage|p2a: Gholdengo|0 fnt
|faint|p2a: Gholdengo
|-damage|p1b: instakill button|25/100|[from] item: Life Orb
|
|-weather|Sandstorm|[upkeep]
|-damage|p1a: gremlin|95/100|[from] Sandstorm
|upkeep
|
|t:|1756407890
|switch|p2a: Incineroar|Incineroar, L50, F|100/100
|-ability|p2a: Incineroar|Intimidate|boost
|-unboost|p1a: gremlin|atk|1
|-unboost|p1b: instakill button|atk|1
|turn|2
|
|t:|1756407914
|-terastallize|p2b: Tyranitar|Fairy
|move|p1b: instakill button|Protect|p1b: instakill button
|-singleturn|p1b: instakill button|Protect
|move|p2a: Incineroar|Fake Out|p1a: gremlin
|-damage|p1a: gremlin|83/100
|cant|p1a: gremlin|flinch
|move|p2b: Tyranitar|Tera Blast|p1a: gremlin|[anim] Tera Blast Fairy
|-supereffective|p1a: gremlin
|-damage|p1a: gremlin|0 fnt
|faint|p1a: gremlin
|
|-weather|Sandstorm|[upkeep]
|-damage|p2b: Tyranitar|95/100|[from] Sandstorm
|upkeep
|
|t:|1756407923
|switch|p1a: monke|Rillaboom, L50, F|100/100
|-fieldstart|move: Grassy Terrain|[from] ability: Grassy Surge|[of] p1a: monke
|turn|3
|inactive|SeeYouInSf has 30 seconds left.
|
|t:|1756407953
|switch|p1b: quarters|Gholdengo, L50|100/100
|move|p1a: monke|Fake Out|p2a: Incineroar
|-damage|p2a: Incineroar|89/100
|cant|p2a: Incineroar|flinch
|move|p2b: Tyranitar|Low Kick|p1b: quarters
|-immune|p1b: quarters
|
|-weather|Sandstorm|[upkeep]
|-damage|p1a: monke|95/100|[from] Sandstorm
|-damage|p2b: Tyranitar|89/100|[from] Sandstorm
|-heal|p1a: monke|100/100|[from] Grassy Terrain
|-heal|p2a: Incineroar|95/100|[from] Grassy Terrain
|-heal|p2b: Tyranitar|95/100|[from] Grassy Terrain
|upkeep
|turn|4
|inactive|ParroTiest has 30 seconds left.
|inactive|SeeYouInSf has 30 seconds left.
|inactive|ParroTiest has 20 seconds left.
|inactive|SeeYouInSf has 20 seconds left.
|inactive|ParroTiest has 15 seconds left.
|
|t:|1756407997
|switch|p2b: Ursaluna|Ursaluna, L50, F|100/100
|-terastallize|p1b: quarters|Water
|move|p1b: quarters|Power Gem|p2a: Incineroar
|-supereffective|p2a: Incineroar
|-damage|p2a: Incineroar|11/100
|move|p1a: monke|Wood Hammer|p2b: Ursaluna
|-supereffective|p2b: Ursaluna
|-crit|p2b: Ursaluna
|-damage|p2b: Ursaluna|0 fnt
|faint|p2b: Ursaluna
|-damage|p1a: monke|63/100|[from] Recoil
|move|p2a: Incineroar|Flare Blitz|p1a: monke
|-supereffective|p1a: monke
|-damage|p1a: monke|0 fnt
|faint|p1a: monke
|-damage|p2a: Incineroar|0 fnt|[from] Recoil
|faint|p2a: Incineroar
|
|-weather|Sandstorm|[upkeep]
|-damage|p1b: quarters|94/100|[from] Sandstorm
|-heal|p1b: quarters|100/100|[from] Grassy Terrain
|upkeep
|
|t:|1756408013
|switch|p1a: instakill button|Ursaluna-Bloodmoon, L50, M|25/100
|switch|p2a: Tyranitar|Tyranitar, L50, M, tera:Fairy|95/100
|turn|5
|inactive|SeeYouInSf has 30 seconds left.
|
|t:|1756408052
|move|p1a: instakill button|Protect|p1a: instakill button
|-singleturn|p1a: instakill button|Protect
|move|p1b: quarters|Power Gem|p2a: Tyranitar
|-crit|p2a: Tyranitar
|-damage|p2a: Tyranitar|53/100
|move|p2a: Tyranitar|Rock Slide|p1a: instakill button|[spread] p1b
|-activate|p1a: instakill button|move: Protect
|-damage|p1b: quarters|67/100
|
|-weather|none
|-heal|p1b: quarters|74/100|[from] Grassy Terrain
|-heal|p2a: Tyranitar|58/100|[from] Grassy Terrain
|-heal|p1a: instakill button|31/100|[from] Grassy Terrain
|upkeep
|turn|6
|
|t:|1756408067
|move|p1b: quarters|Power Gem|p2a: Tyranitar
|-damage|p2a: Tyranitar|30/100
|move|p2a: Tyranitar|Rock Slide|p1b: quarters|[spread] p1a,p1b
|-resisted|p1a: instakill button
|-damage|p1a: instakill button|20/100
|-damage|p1b: quarters|38/100
|move|p1a: instakill button|Blood Moon|p2a: Tyranitar
|-damage|p2a: Tyranitar|0 fnt
|faint|p2a: Tyranitar
|-damage|p1a: instakill button|10/100|[from] item: Life Orb
|
|win|ParroTiest
|raw|ParroTiest's rating: 1157 → 1188(+31 for winning)
|raw|SeeYouInSf's rating: 1238 → 1207(-31 for losing)
|c|☆SeeYouInSf|ggs
|l|☆ParroTiest
|player|p1|
