|j|☆IngeVGC
|j|☆jonas.weevil
|html|IngeVGCjonas.weevil    
|uhtml|bestof|Game 1 of a best-of-3
|t:|1785879311
|gametype|doubles
|player|p1|IngeVGC|fisherman-gen4|1492
|player|p2|jonas.weevil|170|1411
|gen|9
|tier|[Gen 9 Champions] VGC 2026 Reg M-B (Bo3)
|rated|
|rule|Species Clause: Limit one of each Pokémon
|rule|Item Clause: Limit 1 of each item
|clearpoke
|poke|p1|Aerodactyl, L50, F|
|poke|p1|Kingambit, L50, M, shiny|
|poke|p1|Farigiraf, L50, F, shiny|
|poke|p1|Charizard, L50, F, shiny|
|poke|p1|Sylveon, L50, F, shiny|
|poke|p1|Garchomp, L50, M|
|poke|p2|Delphox, L50, M, shiny|
|poke|p2|Incineroar, L50, F|
|poke|p2|Sinistcha-Masterpiece, L50|
|poke|p2|Sneasler, L50, F|
|poke|p2|Floette-Eternal, L50, F|
|poke|p2|Kingambit, L50, M|
|teampreview|4
|showteam|p1|Aerodactyl||Aerodactylite|Unnerve|IceFang,DualWingbeat,RockSlide,Tailwind|Jolly||F|||50|]Kingambit||FocusSash|Defiant|KowtowCleave,IronHead,SuckerPunch,LowKick|Adamant||M|||50|]Farigiraf||SitrusBerry|ArmorTail|TrickRoom,Psychic,Thunderbolt,Roar|Bold||F|||50|]Charizard||CharizarditeY|SolarPower|HeatWave,WeatherBall,SolarBeam,Protect|Modest||F|||50|]Sylveon||FairyFeather|Pixilate|Detect,HyperVoice,HyperBeam,QuickAttack|Modest||F|||50|]Garchomp||LifeOrb|RoughSkin|Protect,DragonClaw,Earthquake,StompingTantrum|Jolly||M|||50|
|showteam|p2|Delphox||Delphoxite|Blaze|Psychic,HeatWave,NastyPlot,Protect|Timid||M|||50|]Incineroar||SitrusBerry|Intimidate|FlareBlitz,ThroatChop,PartingShot,FakeOut|Careful||F|||50|]Sinistcha-Masterpiece||OccaBerry|Hospitality|MatchaGotcha,RagePowder,TrickRoom,Protect|Bold|||||50|]Sneasler||FocusSash|PoisonTouch|CloseCombat,PoisonJab,QuickGuard,FakeOut|Jolly||F|||50|]Floette-Eternal||Floettite|FlowerVeil|DrainingKiss,DazzlingGleam,CalmMind,Protect|Timid||F|||50|]Kingambit||LifeOrb|Defiant|KowtowCleave,SuckerPunch,SwordsDance,Protect|Adamant||M|||50|
|l|☆IngeVGC
|player|p1|
|j|☆IngeVGC
|player|p1|IngeVGC|fisherman-gen4|
|inactive|Battle timer is ON: inactive players will automatically lose when time's up. (requested by IngeVGC)
|inactive|jonas.weevil has 60 seconds left.
|inactive|jonas.weevil has 30 seconds left.
|inactive|jonas.weevil has 20 seconds left.
|inactive|jonas.weevil has 15 seconds left.
|inactive|jonas.weevil has 10 seconds left.
|inactive|jonas.weevil has 5 seconds left.
|
|t:|1785879495
|teamsize|p1|4
|teamsize|p2|4
|start
|switch|p1a: Aerodactyl|Aerodactyl, L50, F|100/100
|switch|p1b: Kingambit|Kingambit, L50, M, shiny|100/100
|switch|p2a: Vans|Delphox, L50, M, shiny|100/100
|switch|p2b: Benjamin|Incineroar, L50, F|100/100
|-ability|p1a: Aerodactyl|Unnerve
|-ability|p2b: Benjamin|Intimidate|boost
|-unboost|p1a: Aerodactyl|atk|1
|-unboost|p1b: Kingambit|atk|1
|-ability|p1b: Kingambit|Defiant|boost
|-boost|p1b: Kingambit|atk|2
|turn|1
|inactive|jonas.weevil has 30 seconds left.
|
|t:|1785879527
|switch|p1a: Farigiraf|Farigiraf, L50, F, shiny|100/100
|switch|p2a: Rogan|Kingambit, L50, M|100/100
|move|p1b: Kingambit|Low Kick|p2b: Benjamin
|-supereffective|p2b: Benjamin|1
|-damage|p2b: Benjamin|16/100
|-enditem|p2b: Benjamin|Sitrus Berry|[eat]
|-heal|p2b: Benjamin|41/100|[from] item: Sitrus Berry
|move|p2b: Benjamin|Flare Blitz|p1b: Kingambit
|-supereffective|p1b: Kingambit|1
|-damage|p1b: Kingambit|25/100
|-damage|p2b: Benjamin|19/100|[from] Recoil
|
|upkeep
|turn|2
|inactive|IngeVGC has 30 seconds left.
|inactive|jonas.weevil has 30 seconds left.
|inactive|IngeVGC has 20 seconds left.
|inactive|jonas.weevil has 20 seconds left.
|inactive|IngeVGC has 15 seconds left.
|inactive|jonas.weevil has 15 seconds left.
|inactive|IngeVGC has 10 seconds left.
|
|t:|1785879573
|switch|p2a: Vans|Delphox, L50, M, shiny|100/100
|move|p1b: Kingambit|Low Kick|p2b: Benjamin
|-supereffective|p2b: Benjamin|1
|-damage|p2b: Benjamin|0 fnt
|faint|p2b: Benjamin
|move|p1a: Farigiraf|Thunderbolt|p2a: Vans
|-crit|p2a: Vans
|-damage|p2a: Vans|68/100
|
|upkeep
|
|t:|1785879583
|switch|p2b: Zuck|Sneasler, L50, F|100/100
|turn|3
|
|t:|1785879599
|detailschange|p2a: Vans|Delphox-Mega, L50, M, shiny
|-mega|p2a: Vans|Delphox|Delphoxite
|move|p1b: Kingambit|Sucker Punch|p2b: Zuck
|-resisted|p2b: Zuck|1
|-damage|p2b: Zuck|44/100
|move|p2a: Vans|Heat Wave|p1a: Farigiraf|[spread] p1a,p1b
|-supereffective|p1b: Kingambit|1
|-damage|p1a: Farigiraf|68/100
|-damage|p1b: Kingambit|0 fnt
|faint|p1b: Kingambit
|move|p2b: Zuck|Close Combat|p1a: Farigiraf
|-damage|p1a: Farigiraf|21/100
|-unboost|p2b: Zuck|def|1
|-unboost|p2b: Zuck|spd|1
|-status|p1a: Farigiraf|psn|[from] ability: Poison Touch|[of] p2b: Zuck
|-enditem|p1a: Farigiraf|Sitrus Berry|[eat]
|-heal|p1a: Farigiraf|46/100 psn|[from] item: Sitrus Berry
|move|p1a: Farigiraf|Psychic|p2b: Zuck
|-supereffective|p2b: Zuck|2
|-damage|p2b: Zuck|0 fnt
|faint|p2b: Zuck
|
|-damage|p1a: Farigiraf|34/100 psn|[from] psn
|upkeep
|
|t:|1785879618
|switch|p2b: Rogan|Kingambit, L50, M|100/100
|switch|p1b: Garchomp|Garchomp, L50, M|100/100
|turn|4
|
|t:|1785879630
|move|p2a: Vans|Protect|p2a: Vans
|-singleturn|p2a: Vans|Protect
|move|p2b: Rogan|Protect|p2b: Rogan
|-singleturn|p2b: Rogan|Protect
|move|p1b: Garchomp|Stomping Tantrum|p2b: Rogan
|-activate|p2b: Rogan|move: Protect
|move|p1a: Farigiraf|Thunderbolt|p2b: Rogan
|-activate|p2b: Rogan|move: Protect
|
|-damage|p1a: Farigiraf|22/100 psn|[from] psn
|upkeep
|turn|5
|
|t:|1785879650
|move|p2a: Vans|Heat Wave|p1a: Farigiraf|[spread] p1a,p1b
|-resisted|p1b: Garchomp|1
|-damage|p1a: Farigiraf|0 fnt
|-damage|p1b: Garchomp|79/100
|faint|p1a: Farigiraf
|move|p1b: Garchomp|Stomping Tantrum|p2b: Rogan
|-supereffective|p2b: Rogan|1
|-damage|p2b: Rogan|28/100
|-damage|p1b: Garchomp|69/100|[from] item: Life Orb
|move|p2b: Rogan|Kowtow Cleave|p1b: Garchomp
|-damage|p1b: Garchomp|1/100
|-damage|p2b: Rogan|16/100|[from] ability: Rough Skin|[of] p1b: Garchomp
|-damage|p2b: Rogan|6/100|[from] item: Life Orb
|
|upkeep
|
|t:|1785879657
|switch|p1a: Aerodactyl|Aerodactyl, L50, F|100/100
|-ability|p1a: Aerodactyl|Unnerve
|turn|6
|
|t:|1785879679
|detailschange|p1a: Aerodactyl|Aerodactyl-Mega, L50, F
|-mega|p1a: Aerodactyl|Aerodactyl|Aerodactylite
|move|p2b: Rogan|Sucker Punch|p1a: Aerodactyl
|-damage|p1a: Aerodactyl|37/100
|-damage|p2b: Rogan|0 fnt|[from] item: Life Orb
|faint|p2b: Rogan
|move|p1a: Aerodactyl|Rock Slide|p2a: Vans
|-supereffective|p2a: Vans|1
|-damage|p2a: Vans|0 fnt
|faint|p2a: Vans
|
|win|IngeVGC
||jonas.weevil is ready for game 2.
||IngeVGC is ready for game 2.
|uhtml|next|Next: Game 2 of 3
