|j|☆FosaNando
|j|☆PokeLucho
|html|FosaNandoPokeLucho    
|uhtml|bestof|Game 1 of a best-of-3
|t:|1756701607
|gametype|doubles
|player|p1|FosaNando|pokefan|
|player|p2|PokeLucho|170|
|gen|9
|tier|[Gen 9] VGC 2025 Reg H (Bo3)
|rule|Species Clause: Limit one of each Pokémon
|rule|Item Clause: Limit 1 of each item
|clearpoke
|poke|p1|Indeedee, L50, M|
|poke|p1|Sneasler, L50, F|
|poke|p1|Excadrill, L50, M|
|poke|p1|Magmar, L50, M|
|poke|p1|Corviknight, L50, M|
|poke|p1|Tyranitar, L50, M|
|poke|p2|Electabuzz, L50, F|
|poke|p2|Kingambit, L50, F|
|poke|p2|Rillaboom, L50, M|
|poke|p2|Sneasler, L50, F|
|poke|p2|Volcarona, L50, M|
|poke|p2|Dragonite, L50, M|
|teampreview|4
|showteam|p1|Indeedee||ChoiceScarf|PsychicSurge|ExpandingForce,TeraBlast,Trick,Protect|||M|||50|,,,,,Psychic]Sneasler||WhiteHerb|Unburden|FakeOut,CloseCombat,DireClaw,Coaching|||F|||50|,,,,,Flying]Excadrill||FocusSash|SandRush|Earthquake,IronHead,SwordsDance,Protect|||M|||50|,,,,,Ground]Magmar||Eviolite|VitalSpirit|HeatWave,FollowMe,WillOWisp,Protect|||M|||50|,,,,,Flying]Corviknight||PsychicSeed|MirrorArmor|BraveBird,PowerTrip,BulkUp,Roost|||M|||50|,,,,,Water]Tyranitar||AssaultVest|SandStream|RockSlide,KnockOff,LowKick,TeraBlast|||M|||50|,,,,,Flying
|showteam|p2|Electabuzz||Eviolite|VitalSpirit|Thunderbolt,Taunt,FollowMe,Protect|||F|||50|,,,,,Ghost]Kingambit||BlackGlasses|Defiant|KowtowCleave,SuckerPunch,SwordsDance,Protect|||F|||50|,,,,,Dark]Rillaboom||AssaultVest|GrassySurge|FakeOut,HighHorsepower,WoodHammer,GrassyGlide|||M|||50|,,,,,Fire]Sneasler||FocusSash|PoisonTouch|DireClaw,CloseCombat,FakeOut,Coaching|||F|||50|,,,,,Stellar]Volcarona||Leftovers|FlameBody|HeatWave,TeraBlast,QuiverDance,Protect|||M|||50|,,,,,Fairy]Dragonite||LoadedDice|Multiscale|ExtremeSpeed,ScaleShot,Protect,Haze|||M|||50|,,,,,Steel
|inactive|Battle timer is ON: inactive players will automatically lose when time's up. (requested by FosaNando)
|inactive|FosaNando has 60 seconds left.
|inactive|PokeLucho has 60 seconds left.
|inactive|FosaNando has 30 seconds left.
|inactive|PokeLucho has 30 seconds left.
|inactive|FosaNando has 20 seconds left.
|inactive|PokeLucho has 20 seconds left.
|inactive|FosaNando has 15 seconds left.
|inactive|PokeLucho has 15 seconds left.
|inactive|FosaNando has 10 seconds left.
|inactive|PokeLucho has 10 seconds left.
|inactive|PokeLucho has 5 seconds left.
|
|t:|1756701723
|teamsize|p1|4
|teamsize|p2|4
|start
|switch|p1a: Magmar|Magmar, L50, M|100/100
|switch|p1b: Excadrill|Excadrill, L50, M|100/100
|switch|p2a: Sneasler|Sneasler, L50, F|100/100
|switch|p2b: Volcarona|Volcarona, L50, M|100/100
|turn|1
|inactive|PokeLucho has 30 seconds left.
|inactive|PokeLucho has 20 seconds left.
|
|t:|1756701760
|move|p1b: Excadrill|Protect|p1b: Excadrill
|-singleturn|p1b: Excadrill|Protect
|move|p2a: Sneasler|Close Combat|p1b: Excadrill
|-activate|p1b: Excadrill|move: Protect
|move|p2b: Volcarona|Quiver Dance|p2b: Volcarona
|-boost|p2b: Volcarona|spa|1
|-boost|p2b: Volcarona|spd|1
|-boost|p2b: Volcarona|spe|1
|move|p1a: Magmar|Will-O-Wisp|p2a: Sneasler
|-status|p2a: Sneasler|brn
|
|-damage|p2a: Sneasler|95/100 brn|[from] brn
|upkeep
|turn|2
|
|t:|1756701782
|-terastallize|p2b: Volcarona|Fairy
|-terastallize|p1b: Excadrill|Ground
|move|p1a: Magmar|Follow Me|p1a: Magmar
|-singleturn|p1a: Magmar|move: Follow Me
|move|p2b: Volcarona|Heat Wave|p1b: Excadrill|[spread] p1a,p1b
|-resisted|p1a: Magmar
|-damage|p1a: Magmar|79/100
|-damage|p1b: Excadrill|22/100
|move|p2a: Sneasler|Coaching|p2b: Volcarona
|-boost|p2b: Volcarona|atk|1
|-boost|p2b: Volcarona|def|1
|move|p1b: Excadrill|Swords Dance|p1b: Excadrill
|-boost|p1b: Excadrill|atk|2
|
|-damage|p2a: Sneasler|89/100 brn|[from] brn
|upkeep
|turn|3
|
|t:|1756701803
|switch|p2a: Rillaboom|Rillaboom, L50, M|100/100
|-fieldstart|move: Grassy Terrain|[from] ability: Grassy Surge|[of] p2a: Rillaboom
|move|p1b: Excadrill|Protect|p1b: Excadrill
|-singleturn|p1b: Excadrill|Protect
|move|p2b: Volcarona|Heat Wave|p1b: Excadrill|[spread] p1a
|-activate|p1b: Excadrill|move: Protect
|-resisted|p1a: Magmar
|-damage|p1a: Magmar|58/100
|move|p1a: Magmar|Will-O-Wisp|p2b: Volcarona
|-status|p2b: Volcarona|brn
|
|-heal|p1b: Excadrill|28/100|[from] Grassy Terrain
|-heal|p1a: Magmar|64/100|[from] Grassy Terrain
|-damage|p2b: Volcarona|94/100 brn|[from] brn
|upkeep
|turn|4
|inactive|FosaNando has 30 seconds left.
|inactive|PokeLucho has 30 seconds left.
|inactive|PokeLucho has 20 seconds left.
|
|t:|1756701841
|switch|p2a: Dragonite|Dragonite, L50, M|100/100
|move|p1b: Excadrill|Protect|p1b: Excadrill
|-singleturn|p1b: Excadrill|Protect
|move|p2b: Volcarona|Heat Wave|p1a: Magmar|[spread] p1a
|-activate|p1b: Excadrill|move: Protect
|-resisted|p1a: Magmar
|-damage|p1a: Magmar|44/100
|move|p1a: Magmar|Will-O-Wisp|p2a: Dragonite
|-status|p2a: Dragonite|brn
|
|-heal|p2b: Volcarona|100/100 brn|[from] Grassy Terrain
|-heal|p1b: Excadrill|34/100|[from] Grassy Terrain
|-heal|p1a: Magmar|50/100|[from] Grassy Terrain
|-damage|p2b: Volcarona|94/100 brn|[from] brn
|-damage|p2a: Dragonite|94/100 brn|[from] brn
|upkeep
|turn|5
|inactive|PokeLucho has 30 seconds left.
|
|t:|1756701868
|move|p2b: Volcarona|Protect|p2b: Volcarona
|-singleturn|p2b: Volcarona|Protect
|move|p1a: Magmar|Protect|p1a: Magmar
|-singleturn|p1a: Magmar|Protect
|move|p1b: Excadrill|Iron Head|p2b: Volcarona
|-activate|p2b: Volcarona|move: Protect
|move|p2a: Dragonite|Scale Shot|p1b: Excadrill
|-damage|p1b: Excadrill|24/100
|-damage|p1b: Excadrill|14/100
|-damage|p1b: Excadrill|4/100
|-damage|p1b: Excadrill|0 fnt
|faint|p1b: Excadrill
|-hitcount|p1: Excadrill|4
|-unboost|p2a: Dragonite|def|1
|-boost|p2a: Dragonite|spe|1
|
|-heal|p2b: Volcarona|100/100 brn|[from] Grassy Terrain
|-heal|p1a: Magmar|55/100|[from] Grassy Terrain
|-damage|p2b: Volcarona|94/100 brn|[from] brn
|-damage|p2a: Dragonite|88/100 brn|[from] brn
|upkeep
|
|t:|1756701875
|switch|p1b: Sneasler|Sneasler, L50, F|100/100
|turn|6
|inactive|PokeLucho has 30 seconds left.
|inactive|PokeLucho has 20 seconds left.
|inactive|PokeLucho has 15 seconds left.
|inactive|PokeLucho has 10 seconds left.
|inactive|PokeLucho has 5 seconds left.
|
|t:|1756701930
|switch|p1a: Indeedee|Indeedee, L50, M|100/100
|-fieldstart|move: Psychic Terrain|[from] ability: Psychic Surge|[of] p1a: Indeedee
|move|p2b: Volcarona|Heat Wave|p1a: Indeedee|[spread] p1b
|-miss|p2b: Volcarona|p1a: Indeedee
|-damage|p1b: Sneasler|30/100
|move|p2a: Dragonite|Scale Shot|p1b: Sneasler
|-damage|p1b: Sneasler|17/100
|-damage|p1b: Sneasler|5/100
|-damage|p1b: Sneasler|0 fnt
|faint|p1b: Sneasler
|-hitcount|p1: Sneasler|3
|-unboost|p2a: Dragonite|def|1
|-boost|p2a: Dragonite|spe|1
|
|-heal|p2b: Volcarona|100/100 brn|[from] item: Leftovers
|-damage|p2a: Dragonite|82/100 brn|[from] brn
|-damage|p2b: Volcarona|94/100 brn|[from] brn
|upkeep
|
|t:|1756701940
|switch|p1b: Magmar|Magmar, L50, M|55/100
|turn|7
|inactive|PokeLucho has 30 seconds left.
|inactive|PokeLucho has 20 seconds left.
|inactive|PokeLucho has 15 seconds left.
|
|t:|1756701984
|switch|p2a: Rillaboom|Rillaboom, L50, M|100/100
|-fieldstart|move: Grassy Terrain|[from] ability: Grassy Surge|[of] p2a: Rillaboom
|move|p1a: Indeedee|Expanding Force|p2a: Rillaboom
|-damage|p2a: Rillaboom|71/100
|move|p2b: Volcarona|Tera Blast|p1a: Indeedee|[anim] Tera Blast Fairy
|-damage|p1a: Indeedee|10/100
|move|p1b: Magmar|Heat Wave|p2a: Rillaboom|[spread] p2a,p2b
|-supereffective|p2a: Rillaboom
|-damage|p2a: Rillaboom|34/100
|-damage|p2b: Volcarona|80/100 brn
|
|-heal|p1a: Indeedee|16/100|[from] Grassy Terrain
|-heal|p2b: Volcarona|86/100 brn|[from] Grassy Terrain
|-heal|p2b: Volcarona|93/100 brn|[from] item: Leftovers
|-heal|p1b: Magmar|61/100|[from] Grassy Terrain
|-heal|p2a: Rillaboom|39/100|[from] Grassy Terrain
|-damage|p2b: Volcarona|86/100 brn|[from] brn
|upkeep
|turn|8
|
|t:|1756702004
|move|p1a: Indeedee|Expanding Force|p2a: Rillaboom
|-damage|p2a: Rillaboom|12/100
|move|p2b: Volcarona|Heat Wave|p1a: Indeedee|[spread] p1a,p1b
|-resisted|p1b: Magmar
|-damage|p1a: Indeedee|0 fnt
|-damage|p1b: Magmar|39/100
|faint|p1a: Indeedee
|move|p1b: Magmar|Heat Wave|p2a: Rillaboom|[spread] p2a,p2b
|-supereffective|p2a: Rillaboom
|-damage|p2a: Rillaboom|0 fnt
|-damage|p2b: Volcarona|72/100 brn
|faint|p2a: Rillaboom
|
|-heal|p2b: Volcarona|79/100 brn|[from] Grassy Terrain
|-heal|p2b: Volcarona|85/100 brn|[from] item: Leftovers
|-heal|p1b: Magmar|44/100|[from] Grassy Terrain
|-damage|p2b: Volcarona|79/100 brn|[from] brn
|upkeep
|
|t:|1756702023
|switch|p2a: Dragonite|Dragonite, L50, M|82/100 brn
|turn|9
|
|t:|1756702028
|move|p1b: Magmar|Protect|p1b: Magmar
|-singleturn|p1b: Magmar|Protect
|move|p2b: Volcarona|Tera Blast|p1b: Magmar|[anim] Tera Blast Fairy
|-activate|p1b: Magmar|move: Protect
|move|p2a: Dragonite|Scale Shot|p1b: Magmar
|-activate|p1b: Magmar|move: Protect
|
|-heal|p2b: Volcarona|85/100 brn|[from] Grassy Terrain
|-heal|p2b: Volcarona|91/100 brn|[from] item: Leftovers
|-heal|p1b: Magmar|50/100|[from] Grassy Terrain
|-damage|p2b: Volcarona|85/100 brn|[from] brn
|-damage|p2a: Dragonite|76/100 brn|[from] brn
|upkeep
|turn|10
|
|t:|1756702041
|move|p2b: Volcarona|Tera Blast|p1b: Magmar|[anim] Tera Blast Fairy
|-resisted|p1b: Magmar
|-damage|p1b: Magmar|27/100
|move|p1b: Magmar|Heat Wave|p2a: Dragonite|[spread] p2a,p2b
|-resisted|p2a: Dragonite
|-damage|p2a: Dragonite|64/100 brn
|-damage|p2b: Volcarona|71/100 brn
|move|p2a: Dragonite|Scale Shot|p1b: Magmar
|-damage|p1b: Magmar|20/100
|-damage|p1b: Magmar|15/100
|-damage|p1b: Magmar|9/100
|-damage|p1b: Magmar|2/100
|-damage|p1b: Magmar|0 fnt
|faint|p1b: Magmar
|-hitcount|p1: Magmar|5
|
|win|PokeLucho
||FosaNando is ready for game 2.
|inactive|PokeLucho has 30 seconds to confirm battle start!
||PokeLucho is ready for game 2.
|uhtml|next|Next: Game 2 of 3
