|j|☆vglabmty
|j|☆breloomb01
|html|vglabmtybreloomb01    
|uhtml|bestof|Game 1 of a best-of-3
|t:|1785357299
|gametype|doubles
|player|p1|vglabmty|266|1183
|player|p2|breloomb01|roughneck|1217
|gen|9
|tier|[Gen 9 Champions] VGC 2026 Reg M-B (Bo3)
|rated|
|rule|Species Clause: Limit one of each Pokémon
|rule|Item Clause: Limit 1 of each item
|clearpoke
|poke|p1|Glimmora, L50, M|
|poke|p1|Farigiraf, L50, M|
|poke|p1|Tyranitar, L50, M|
|poke|p1|Froslass, L50, F|
|poke|p1|Sneasler, L50, M|
|poke|p1|Kingambit, L50, M|
|poke|p2|Floette-Eternal, L50, F|
|poke|p2|Incineroar, L50, F|
|poke|p2|Sinistcha, L50|
|poke|p2|Garchomp, L50, F|
|poke|p2|Sneasler, L50, M|
|poke|p2|Rotom-Wash, L50|
|teampreview|4
|showteam|p1|Glimmora||FocusSash|ToxicDebris|SpikyShield,PowerGem,EarthPower,SludgeBomb|Modest||M|||50|]Farigiraf||SitrusBerry|ArmorTail|HelpingHand,GrassKnot,TwinBeam,Protect|Relaxed||M|||50|]Tyranitar||Tyranitarite|SandStream|BodyPress,KnockOff,RockSlide,Protect|Adamant||M|||50|]Froslass||Froslassite|CursedBody|Thunderbolt,Protect,Blizzard,ShadowBall|Timid||F|||50|]Sneasler||WhiteHerb|Unburden|FakeOut,DireClaw,CloseCombat,NightSlash|Adamant||M|||50|]Kingambit||BlackGlasses|Defiant|Protect,IronHead,SuckerPunch,KowtowCleave|Adamant||M|||50|
|showteam|p2|Floette-Eternal||Floettite|FlowerVeil|DrainingKiss,DazzlingGleam,CalmMind,Protect|Modest||F|||50|]Incineroar||SitrusBerry|Intimidate|FakeOut,FlareBlitz,ThroatChop,PartingShot|Careful||F|||50|]Sinistcha||KasibBerry|Hospitality|Protect,RagePowder,MatchaGotcha,TrickRoom|Calm|||||50|]Garchomp||LifeOrb|RoughSkin|Earthquake,DragonClaw,RockSlide,Protect|Jolly||F|||50|]Sneasler||FocusSash|PoisonTouch|FakeOut,DireClaw,CloseCombat,Protect|Jolly||M|||50|]Rotom-Wash||Leftovers|Levitate|HydroPump,Protect,WillOWisp,Electroweb|Bold|||||50|
|
|t:|1785357335
|teamsize|p1|4
|teamsize|p2|4
|start
|switch|p1a: Farigiraf|Farigiraf, L50, M|100/100
|switch|p1b: Sneasler|Sneasler, L50, M|100/100
|switch|p2a: Rotom|Rotom-Wash, L50|100/100
|switch|p2b: Incineroar|Incineroar, L50, F|100/100
|-ability|p2b: Incineroar|Intimidate|boost
|-unboost|p1a: Farigiraf|atk|1
|-unboost|p1b: Sneasler|atk|1
|-enditem|p1b: Sneasler|White Herb
|-clearnegativeboost|p1b: Sneasler|[silent]
|turn|1
|
|t:|1785357349
|move|p1a: Farigiraf|Helping Hand|p1b: Sneasler
|-singleturn|p1b: Sneasler|Helping Hand|[of] p1a: Farigiraf
|move|p1b: Sneasler|Close Combat|p2a: Rotom
|-damage|p2a: Rotom|9/100
|-unboost|p1b: Sneasler|def|1
|-unboost|p1b: Sneasler|spd|1
|move|p2a: Rotom|Will-O-Wisp|p1b: Sneasler
|-status|p1b: Sneasler|brn
|move|p2b: Incineroar|Parting Shot|p1a: Farigiraf
|-unboost|p1a: Farigiraf|atk|1
|-unboost|p1a: Farigiraf|spa|1
|
|t:|1785357354
|switch|p2b: Sinistcha|Sinistcha, L50|100/100|[from] Parting Shot
|-heal|p2a: Rotom|33/100|[from] ability: Hospitality|[of] p2b: Sinistcha
|
|-heal|p2a: Rotom|39/100|[from] item: Leftovers
|-damage|p1b: Sneasler|94/100 brn|[from] brn
|upkeep
|turn|2
|
|t:|1785357375
|switch|p1b: Kingambit|Kingambit, L50, M|100/100
|switch|p2a: Incineroar|Incineroar, L50, F|100/100
|-ability|p2a: Incineroar|Intimidate|boost
|-unboost|p1a: Farigiraf|atk|1
|-unboost|p1b: Kingambit|atk|1
|-ability|p1b: Kingambit|Defiant|boost
|-boost|p1b: Kingambit|atk|2
|move|p2b: Sinistcha|Matcha Gotcha|p1a: Farigiraf|[spread] p1a,p1b
|-resisted|p1b: Kingambit|1
|-damage|p1a: Farigiraf|75/100
|-damage|p1b: Kingambit|88/100
|move|p1a: Farigiraf|Twin Beam|p2b: Sinistcha
|-damage|p2b: Sinistcha|89/100
|-damage|p2b: Sinistcha|79/100
|-hitcount|p2b: Sinistcha|2
|
|upkeep
|turn|3
|
|t:|1785357402
|switch|p2b: Rotom|Rotom-Wash, L50|39/100
|move|p1b: Kingambit|Protect|p1b: Kingambit
|-singleturn|p1b: Kingambit|Protect
|move|p2a: Incineroar|Flare Blitz|p1b: Kingambit
|-activate|p1b: Kingambit|move: Protect
|move|p1a: Farigiraf|Twin Beam|p2b: Rotom
|-damage|p2b: Rotom|29/100
|-crit|p2b: Rotom
|-damage|p2b: Rotom|3/100
|-hitcount|p2b: Rotom|2
|
|-heal|p2b: Rotom|9/100|[from] item: Leftovers
|upkeep
|turn|4
|
|t:|1785357437
|switch|p1b: Sneasler|Sneasler, L50, M|94/100 brn
|move|p2b: Rotom|Will-O-Wisp|p1b: Sneasler
|-fail|p1b: Sneasler|brn
|move|p2a: Incineroar|Throat Chop|p1a: Farigiraf
|-supereffective|p1a: Farigiraf|1
|-damage|p1a: Farigiraf|29/100
|-start|p1a: Farigiraf|Throat Chop|[silent]
|-enditem|p1a: Farigiraf|Sitrus Berry|[eat]
|-heal|p1a: Farigiraf|54/100|[from] item: Sitrus Berry
|move|p1a: Farigiraf|Twin Beam|p2b: Rotom
|-damage|p2b: Rotom|0 fnt
|faint|p2b: Rotom
|-hitcount|p2: Rotom|1
|
|-damage|p1b: Sneasler|88/100 brn|[from] brn
|upkeep
|
|t:|1785357449
|switch|p2b: Sinistcha|Sinistcha, L50|79/100
|turn|5
|
|t:|1785357456
|move|p1a: Farigiraf|Protect|p1a: Farigiraf
|-singleturn|p1a: Farigiraf|Protect
|move|p1b: Sneasler|Dire Claw|p2b: Sinistcha
|-damage|p2b: Sinistcha|58/100
|move|p2b: Sinistcha|Matcha Gotcha|p1a: Farigiraf|[spread] p1b
|-activate|p1a: Farigiraf|move: Protect
|-resisted|p1b: Sneasler|1
|-damage|p1b: Sneasler|71/100 brn
|-heal|p2b: Sinistcha|66/100|[from] drain|[of] p1b: Sneasler
|move|p2a: Incineroar|Flare Blitz|p1b: Sneasler
|-damage|p1b: Sneasler|0 fnt
|faint|p1b: Sneasler
|-damage|p2a: Incineroar|81/100|[from] Recoil
|
|-end|p1a: Farigiraf|Throat Chop|[silent]
|upkeep
|
|t:|1785357478
|switch|p1b: Froslass|Froslass, L50, F|100/100
|turn|6
|
|t:|1785357491
|move|p1b: Froslass|Protect|p1b: Froslass
|-singleturn|p1b: Froslass|Protect
|move|p2b: Sinistcha|Protect|p2b: Sinistcha
|-singleturn|p2b: Sinistcha|Protect
|move|p2a: Incineroar|Flare Blitz|p1b: Froslass
|-activate|p1b: Froslass|move: Protect
|move|p1a: Farigiraf|Twin Beam|p2b: Sinistcha
|-activate|p2b: Sinistcha|move: Protect
|
|upkeep
|turn|7
|
|t:|1785357508
|detailschange|p1b: Froslass|Froslass-Mega, L50, F
|-mega|p1b: Froslass|Froslass|Froslassite
|-weather|Snowscape|[from] ability: Snow Warning|[of] p1b: Froslass
|move|p1a: Farigiraf|Helping Hand|p1b: Froslass
|-singleturn|p1b: Froslass|Helping Hand|[of] p1a: Farigiraf
|move|p1b: Froslass|Blizzard|p2b: Sinistcha|[spread] p2a,p2b
|-resisted|p2a: Incineroar|1
|-supereffective|p2b: Sinistcha|1
|-damage|p2a: Incineroar|55/100
|-damage|p2b: Sinistcha|0 fnt
|faint|p2b: Sinistcha
|move|p2a: Incineroar|Flare Blitz|p1b: Froslass
|-supereffective|p1b: Froslass|1
|-damage|p1b: Froslass|0 fnt
|faint|p1b: Froslass
|-damage|p2a: Incineroar|31/100|[from] Recoil
|-enditem|p2a: Incineroar|Sitrus Berry|[eat]
|-heal|p2a: Incineroar|55/100|[from] item: Sitrus Berry
|
|-weather|Snowscape|[upkeep]
|upkeep
|
|t:|1785357524
|switch|p1b: Kingambit|Kingambit, L50, M|88/100
|switch|p2b: Garchomp|Garchomp, L50, F|100/100
|turn|8
|
|t:|1785357543
|move|p1a: Farigiraf|Helping Hand|p1b: Kingambit
|-singleturn|p1b: Kingambit|Helping Hand|[of] p1a: Farigiraf
|move|p2b: Garchomp|Protect|p2b: Garchomp
|-singleturn|p2b: Garchomp|Protect
|move|p1b: Kingambit|Sucker Punch||[still]
|-fail|p1b: Kingambit
|move|p2a: Incineroar|Flare Blitz|p1b: Kingambit
|-supereffective|p1b: Kingambit|1
|-crit|p1b: Kingambit
|-damage|p1b: Kingambit|0 fnt
|faint|p1b: Kingambit
|-damage|p2a: Incineroar|26/100|[from] Recoil
|
|-weather|Snowscape|[upkeep]
|upkeep
|turn|9
|-message|vglabmty forfeited.
|
|win|breloomb01
|l|☆vglabmty
|player|p1|
||vglabmty is ready for game 2.
|inactive|breloomb01 has 30 seconds to confirm battle start!
||breloomb01 is ready for game 2.
|uhtml|next|Next: Game 2 of 3
