|j|☆onxlaughtvgc
|j|☆Susername
|html|onxlaughtvgcSusername    
|uhtml|bestof|Game 1 of a best-of-3
|t:|1757826857
|gametype|doubles
|player|p1|onxlaughtvgc|veteran|1113
|player|p2|Susername|102|1034
|gen|9
|tier|[Gen 9] VGC 2025 Reg H (Bo3)
|rated|
|rule|Species Clause: Limit one of each Pokémon
|rule|Item Clause: Limit 1 of each item
|clearpoke
|poke|p1|Kleavor, L50, M|
|poke|p1|Tyranitar, L50, M|
|poke|p1|Excadrill, L50, M|
|poke|p1|Garchomp, L50, M|
|poke|p1|Klefki, L50, F|
|poke|p1|Clodsire, L50, F|
|poke|p2|Ceruledge, L50, F|
|poke|p2|Salamence, L50, F|
|poke|p2|Magmar, L50, M|
|poke|p2|Tauros-Paldea-Aqua, L50, M|
|poke|p2|Glimmora, L50, F|
|poke|p2|Decidueye-Hisui, L50, F|
|teampreview|4
|showteam|p1|Kleavor||ChoiceBand|Sharpness|StoneAxe,AerialAce,NightSlash,CloseCombat|||M|||50|,,,,,Ghost]Tyranitar||AssaultVest|SandStream|RockSlide,KnockOff,LowKick,TeraBlast|||M|||50|,,,,,Flying]Excadrill||FocusSash|SandRush|Earthquake,RockSlide,IronHead,Protect|||M|||50|,,,,,Ground]Garchomp||BrightPowder|SandVeil|StompingTantrum,RockSlide,SwordsDance,Protect|||M|||50|,,,,,Fire]Klefki||LightClay|Prankster|Reflect,ThunderWave,DrainingKiss,LightScreen|||F|||50|,,,,,Water]Clodsire||Leftovers|WaterAbsorb|Curse,Protect,StompingTantrum,GunkShot|||F|||50|,,,,,Fire
|showteam|p2|Ceruledge||ClearAmulet|FlashFire|BitterBlade,ShadowSneak,SwordsDance,Protect|||F|||50|,,,,,Grass]Salamence||CovertCloak|Intimidate|DracoMeteor,HeatWave,Tailwind,Protect|||F|||50|,,,,,Dark]Magmar||Eviolite|VitalSpirit|LavaPlume,FollowMe,HelpingHand,Protect|||M|||50|,,,,,Water]Tauros-Paldea-Aqua||MirrorHerb|Intimidate|CloseCombat,RagingBull,WildCharge,Protect|||M|||50|,,,,,Fire]Glimmora||PowerHerb|ToxicDebris|MeteorBeam,SludgeBomb,EarthPower,Protect|||F|||50|,,,,,Grass]Decidueye-Hisui||LifeOrb|Scrappy|LeafBlade,TripleArrows,Tailwind,Protect|||F|||50|,,,,,Dark
|inactive|Battle timer is ON: inactive players will automatically lose when time's up. (requested by Susername)
|inactive|onxlaughtvgc has 60 seconds left.
|inactive|Susername has 60 seconds left.
|
|t:|1757826897
|teamsize|p1|4
|teamsize|p2|4
|start
|switch|p1a: Tyranitar|Tyranitar, L50, M|100/100
|switch|p1b: Clodsire|Clodsire, L50, F|100/100
|switch|p2a: Decidueye|Decidueye-Hisui, L50, F|100/100
|switch|p2b: Tauros|Tauros-Paldea-Aqua, L50, M|100/100
|-ability|p2b: Tauros|Intimidate|boost
|-unboost|p1a: Tyranitar|atk|1
|-unboost|p1b: Clodsire|atk|1
|-weather|Sandstorm|[from] ability: Sand Stream|[of] p1a: Tyranitar
|turn|1
|inactive|onxlaughtvgc has 30 seconds left.
|inactive|Susername has 30 seconds left.
|
|t:|1757826923
|switch|p1a: Klefki|Klefki, L50, F|100/100
|move|p2b: Tauros|Close Combat|p1a: Klefki
|-damage|p1a: Klefki|46/100
|-unboost|p2b: Tauros|def|1
|-unboost|p2b: Tauros|spd|1
|move|p2a: Decidueye|Leaf Blade|p1b: Clodsire
|-damage|p1b: Clodsire|59/100
|-damage|p2a: Decidueye|91/100|[from] item: Life Orb
|move|p1b: Clodsire|Curse|p1b: Clodsire
|-unboost|p1b: Clodsire|spe|1
|-boost|p1b: Clodsire|atk|1
|-boost|p1b: Clodsire|def|1
|-enditem|p2b: Tauros|Mirror Herb
|-boost|p2b: Tauros|atk|1|[from] item: Mirror Herb
|-boost|p2b: Tauros|def|1|[from] item: Mirror Herb
|
|-weather|Sandstorm|[upkeep]
|-damage|p2b: Tauros|94/100|[from] Sandstorm
|-damage|p2a: Decidueye|85/100|[from] Sandstorm
|-heal|p1b: Clodsire|65/100|[from] item: Leftovers
|upkeep
|turn|2
|inactive|onxlaughtvgc has 30 seconds left.
|inactive|onxlaughtvgc has 20 seconds left.
|
|t:|1757826958
|move|p1a: Klefki|Reflect|p1a: Klefki
|-sidestart|p1: onxlaughtvgc|Reflect
|move|p2b: Tauros|Raging Bull|p1a: Klefki
|-sideend|p1: onxlaughtvgc|Reflect
|-damage|p1a: Klefki|0 fnt
|faint|p1a: Klefki
|move|p2a: Decidueye|Triple Arrows|p1b: Clodsire
|-resisted|p1b: Clodsire
|-damage|p1b: Clodsire|50/100
|-damage|p2a: Decidueye|75/100|[from] item: Life Orb
|move|p1b: Clodsire|Gunk Shot|p2a: Decidueye|[miss]
|-miss|p1b: Clodsire|p2a: Decidueye
|
|-weather|Sandstorm|[upkeep]
|-damage|p2b: Tauros|88/100|[from] Sandstorm
|-damage|p2a: Decidueye|69/100|[from] Sandstorm
|-heal|p1b: Clodsire|57/100|[from] item: Leftovers
|upkeep
|
|t:|1757826977
|switch|p1a: Tyranitar|Tyranitar, L50, M|100/100
|turn|3
|
|t:|1757826987
|-terastallize|p1a: Tyranitar|Flying
|move|p2b: Tauros|Protect|p2b: Tauros
|-singleturn|p2b: Tauros|Protect
|move|p2a: Decidueye|Protect|p2a: Decidueye
|-singleturn|p2a: Decidueye|Protect
|move|p1a: Tyranitar|Tera Blast|p2b: Tauros|[anim] Tera Blast Flying
|-activate|p2b: Tauros|move: Protect
|move|p1b: Clodsire|Curse|p1b: Clodsire
|-unboost|p1b: Clodsire|spe|1
|-boost|p1b: Clodsire|atk|1
|-boost|p1b: Clodsire|def|1
|
|-weather|Sandstorm|[upkeep]
|-damage|p2b: Tauros|82/100|[from] Sandstorm
|-damage|p2a: Decidueye|63/100|[from] Sandstorm
|-damage|p1a: Tyranitar|95/100|[from] Sandstorm
|-heal|p1b: Clodsire|63/100|[from] item: Leftovers
|upkeep
|turn|4
|
|t:|1757827010
|move|p2b: Tauros|Wild Charge|p1a: Tyranitar
|-supereffective|p1a: Tyranitar
|-damage|p1a: Tyranitar|24/100
|-damage|p2b: Tauros|58/100|[from] Recoil
|move|p2a: Decidueye|Leaf Blade|p1b: Clodsire
|-damage|p1b: Clodsire|40/100
|-damage|p2a: Decidueye|53/100|[from] item: Life Orb
|move|p1a: Tyranitar|Tera Blast|p2b: Tauros|[anim] Tera Blast Flying
|-supereffective|p2b: Tauros
|-damage|p2b: Tauros|0 fnt
|faint|p2b: Tauros
|move|p1b: Clodsire|Gunk Shot|p2a: Decidueye
|-supereffective|p2a: Decidueye
|-damage|p2a: Decidueye|0 fnt
|faint|p2a: Decidueye
|
|-weather|Sandstorm|[upkeep]
|-damage|p1a: Tyranitar|18/100|[from] Sandstorm
|-heal|p1b: Clodsire|46/100|[from] item: Leftovers
|upkeep
|
|t:|1757827017
|switch|p2b: Ceruledge|Ceruledge, L50, F|100/100
|switch|p2a: Salamence|Salamence, L50, F|100/100
|-ability|p2a: Salamence|Intimidate|boost
|-unboost|p1a: Tyranitar|atk|1
|-unboost|p1b: Clodsire|atk|1
|turn|5
|inactive|onxlaughtvgc has 30 seconds left.
|inactive|onxlaughtvgc has 20 seconds left.
|inactive|onxlaughtvgc has 15 seconds left.
|inactive|onxlaughtvgc has 10 seconds left.
|inactive|onxlaughtvgc has 5 seconds left.
|
|t:|1757827069
|move|p2a: Salamence|Draco Meteor|p1b: Clodsire
|-damage|p1b: Clodsire|14/100
|-unboost|p2a: Salamence|spa|2
|move|p2b: Ceruledge|Bitter Blade|p1a: Tyranitar
|-damage|p1a: Tyranitar|0 fnt
|faint|p1a: Tyranitar
|move|p1b: Clodsire|Gunk Shot|p2a: Salamence
|-damage|p2a: Salamence|65/100
|
|-weather|none
|-heal|p1b: Clodsire|20/100|[from] item: Leftovers
|upkeep
|
|t:|1757827081
|switch|p1a: Kleavor|Kleavor, L50, M|100/100
|turn|6
|
|t:|1757827093
|move|p2a: Salamence|Protect|p2a: Salamence
|-singleturn|p2a: Salamence|Protect
|move|p2b: Ceruledge|Protect|p2b: Ceruledge
|-singleturn|p2b: Ceruledge|Protect
|move|p1b: Clodsire|Protect|p1b: Clodsire
|-singleturn|p1b: Clodsire|Protect
|move|p1a: Kleavor|Stone Axe|p2b: Ceruledge
|-activate|p2b: Ceruledge|move: Protect
|
|-heal|p1b: Clodsire|26/100|[from] item: Leftovers
|upkeep
|turn|7
|
|t:|1757827110
|-terastallize|p2b: Ceruledge|Grass
|move|p2a: Salamence|Heat Wave|p1a: Kleavor|[spread] p1a
|-miss|p2a: Salamence|p1b: Clodsire
|-damage|p1a: Kleavor|85/100
|move|p1a: Kleavor|Stone Axe|p2b: Ceruledge
|-damage|p2b: Ceruledge|0 fnt
|-sidestart|p2: Susername|move: Stealth Rock
|faint|p2b: Ceruledge
|move|p1b: Clodsire|Stomping Tantrum|p2a: Salamence
|-immune|p2a: Salamence
|
|-heal|p1b: Clodsire|33/100|[from] item: Leftovers
|upkeep
|turn|8
|-message|Susername forfeited.
|
|win|onxlaughtvgc
|l|☆Susername
|player|p2|
||Susername is ready for game 2.
||onxlaughtvgc is ready for game 2.
|uhtml|next|Next: Game 2 of 3
|l|☆onxlaughtvgc
|player|p1|
