|j|☆jurginhio
|j|☆CrystalGem02
|html|jurginhioCrystalGem02    
|uhtml|bestof|Game 3 of a best-of-3
|t:|1757851447
|gametype|doubles
|player|p1|jurginhio|flint|1155
|player|p2|CrystalGem02|valerie|1442
|gen|9
|tier|[Gen 9] VGC 2025 Reg H (Bo3)
|rated|
|rule|Species Clause: Limit one of each Pokémon
|rule|Item Clause: Limit 1 of each item
|clearpoke
|poke|p1|Kommo-o, L50, M|
|poke|p1|Gholdengo, L50|
|poke|p1|Sneasler, L50, M|
|poke|p1|Rillaboom, L50, F|
|poke|p1|Electabuzz, L50, M|
|poke|p1|Dondozo, L50, M|
|poke|p2|Pelipper, L50, M|
|poke|p2|Comfey, L50, F|
|poke|p2|Archaludon, L50, M|
|poke|p2|Weezing-Galar, L50, F|
|poke|p2|Kingdra, L50, F|
|poke|p2|Toedscruel, L50, M|
|teampreview|4
|showteam|p1|Kommo-o||ThroatSpray|Soundproof|ClangingScales,ClangorousSoul,Flamethrower,Protect|||M|||50|,,,,,Fire]Gholdengo||ChoiceSpecs|GoodasGold|MakeItRain,ShadowBall,DazzlingGleam,PowerGem||||||50|,,,,,Fairy]Sneasler||FocusSash|Unburden|FakeOut,DireClaw,CloseCombat,Protect|||M|||50|,,,,,Stellar]Rillaboom||AssaultVest|GrassySurge|FakeOut,GrassyGlide,WoodHammer,HighHorsepower|||F|||50|,,,,,Fire]Electabuzz||Eviolite|VitalSpirit|Electroweb,FollowMe,Taunt,Protect|||M|||50|,,,,,Grass]Dondozo||Leftovers|Unaware|WaveCrash,Yawn,Fissure,Protect|||M|||50|,,,,,Flying
|showteam|p2|Pelipper||ChoiceScarf|Drizzle|WeatherBall,Hurricane,Uturn,Tailwind|||M|||50|,,,,,Ghost]Comfey||SafetyGoggles|Triage|DrainingKiss,FloralHealing,LightScreen,Protect|||F|||50|,,,,,Steel]Archaludon||AssaultVest|Stamina|ElectroShot,FlashCannon,BodyPress,Snarl|||M|||50|,,,,,Grass]Weezing-Galar||SitrusBerry|NeutralizingGas|SludgeBomb,DazzlingGleam,Taunt,Protect|||F|||50|,,,,,Ghost]Kingdra||LifeOrb|SwiftSwim|WeatherBall,DracoMeteor,Surf,Protect|||F|||50|,,,,,Steel]Toedscruel||CovertCloak|MyceliumMight|EarthPower,BulletSeed,Spore,Protect|||M|||50|,,,,,Water
|inactive|Battle timer is ON: inactive players will automatically lose when time's up. (requested by jurginhio)
|
|t:|1757851470
|teamsize|p1|4
|teamsize|p2|4
|start
|switch|p1a: Sneasler|Sneasler, L50, M|100/100
|switch|p1b: Kommo-o|Kommo-o, L50, M, shiny|100/100
|switch|p2a: Pelipper|Pelipper, L50, M, shiny|100/100
|switch|p2b: Archaludon|Archaludon, L50, M|100/100
|-weather|RainDance|[from] ability: Drizzle|[of] p2a: Pelipper
|turn|1
|inactive|jurginhio has 30 seconds left.
|inactive|jurginhio has 20 seconds left.
|inactive|jurginhio has 15 seconds left.
|
|t:|1757851510
|switch|p1b: Dondozo|Dondozo, L50, M|100/100
|-terastallize|p1a: Sneasler|Stellar
|move|p2a: Pelipper|Hurricane|p1b: Dondozo
|-damage|p1b: Dondozo|69/100
|move|p1a: Sneasler|Close Combat|p2b: Archaludon
|-supereffective|p2b: Archaludon
|-damage|p2b: Archaludon|0 fnt
|-unboost|p1a: Sneasler|def|1
|-unboost|p1a: Sneasler|spd|1
|faint|p2b: Archaludon
|
|-weather|RainDance|[upkeep]
|-heal|p1b: Dondozo|75/100|[from] item: Leftovers
|upkeep
|
|t:|1757851520
|switch|p2b: Kingdra|Kingdra, L50, F, shiny|100/100
|turn|2
|
|t:|1757851534
|switch|p1a: Electabuzz|Electabuzz, L50, M|100/100
|move|p2b: Kingdra|Draco Meteor|p1b: Dondozo
|-damage|p1b: Dondozo|17/100
|-unboost|p2b: Kingdra|spa|2
|-damage|p2b: Kingdra|91/100|[from] item: Life Orb
|move|p2a: Pelipper|Hurricane|p1b: Dondozo
|-damage|p1b: Dondozo|0 fnt
|faint|p1b: Dondozo
|
|-weather|RainDance|[upkeep]
|upkeep
|
|t:|1757851549
|switch|p1b: Kommo-o|Kommo-o, L50, M, shiny|100/100
|turn|3
|inactive|CrystalGem02 has 30 seconds left.
|inactive|jurginhio has 30 seconds left.
|inactive|CrystalGem02 has 20 seconds left.
|inactive|CrystalGem02 has 15 seconds left.
|
|t:|1757851589
|switch|p2a: Comfey|Comfey, L50, F, shiny|100/100
|move|p1a: Electabuzz|Follow Me|p1a: Electabuzz
|-singleturn|p1a: Electabuzz|move: Follow Me
|move|p2b: Kingdra|Draco Meteor|p1a: Electabuzz
|-damage|p1a: Electabuzz|67/100
|-unboost|p2b: Kingdra|spa|2
|-damage|p2b: Kingdra|82/100|[from] item: Life Orb
|move|p1b: Kommo-o|Clangorous Soul|p1b: Kommo-o
|-boost|p1b: Kommo-o|atk|1
|-boost|p1b: Kommo-o|def|1
|-boost|p1b: Kommo-o|spa|1
|-boost|p1b: Kommo-o|spd|1
|-boost|p1b: Kommo-o|spe|1
|-damage|p1b: Kommo-o|68/100
|-enditem|p1b: Kommo-o|Throat Spray
|-boost|p1b: Kommo-o|spa|1|[from] item: Throat Spray
|
|-weather|RainDance|[upkeep]
|upkeep
|turn|4
|
|t:|1757851612
|move|p2b: Kingdra|Protect|p2b: Kingdra
|-singleturn|p2b: Kingdra|Protect
|move|p1b: Kommo-o|Protect|p1b: Kommo-o
|-singleturn|p1b: Kommo-o|Protect
|move|p1a: Electabuzz|Electroweb|p2a: Comfey|[spread] p2a
|-activate|p2b: Kingdra|move: Protect
|-damage|p2a: Comfey|87/100
|-unboost|p2a: Comfey|spe|1
|move|p2a: Comfey|Light Screen|p2a: Comfey
|-sidestart|p2: CrystalGem02|move: Light Screen
|
|-weather|RainDance|[upkeep]
|upkeep
|turn|5
|
|t:|1757851636
|-terastallize|p2b: Kingdra|Steel
|move|p2a: Comfey|Draining Kiss|p1b: Kommo-o
|-supereffective|p1b: Kommo-o
|-damage|p1b: Kommo-o|24/100
|-heal|p2a: Comfey|100/100|[from] drain|[of] p1b: Kommo-o
|move|p2b: Kingdra|Draco Meteor|p1b: Kommo-o
|-supereffective|p1b: Kommo-o
|-damage|p1b: Kommo-o|0 fnt
|-unboost|p2b: Kingdra|spa|2
|faint|p1b: Kommo-o
|-damage|p2b: Kingdra|72/100|[from] item: Life Orb
|move|p1a: Electabuzz|Electroweb|p2b: Kingdra|[spread] p2a,p2b
|-damage|p2a: Comfey|92/100
|-damage|p2b: Kingdra|63/100
|-unboost|p2a: Comfey|spe|1
|-unboost|p2b: Kingdra|spe|1
|
|-weather|none
|upkeep
|
|t:|1757851646
|switch|p1b: Sneasler|Sneasler, L50, M, tera:Stellar|100/100
|turn|6
|
|t:|1757851667
|move|p2a: Comfey|Draining Kiss|p1b: Sneasler
|-damage|p1b: Sneasler|77/100
|-heal|p2a: Comfey|100/100|[from] drain|[of] p1b: Sneasler
|move|p1b: Sneasler|Dire Claw|p2a: Comfey
|-supereffective|p2a: Comfey
|-damage|p2a: Comfey|0 fnt
|faint|p2a: Comfey
|move|p1a: Electabuzz|Electroweb|p2b: Kingdra
|-damage|p2b: Kingdra|49/100
|-unboost|p2b: Kingdra|spe|1
|move|p2b: Kingdra|Draco Meteor|p1a: Electabuzz
|-damage|p1a: Electabuzz|52/100
|-damage|p2b: Kingdra|40/100|[from] item: Life Orb
|
|upkeep
|
|t:|1757851680
|switch|p2a: Pelipper|Pelipper, L50, M, shiny|100/100
|-weather|RainDance|[from] ability: Drizzle|[of] p2a: Pelipper
|turn|7
|
|t:|1757851702
|move|p1b: Sneasler|Protect|p1b: Sneasler
|-singleturn|p1b: Sneasler|Protect
|move|p2a: Pelipper|Weather Ball|p1a: Electabuzz
|-damage|p1a: Electabuzz|2/100
|move|p1a: Electabuzz|Electroweb|p2b: Kingdra|[spread] p2a,p2b
|-supereffective|p2a: Pelipper
|-damage|p2a: Pelipper|36/100
|-damage|p2b: Kingdra|29/100
|-unboost|p2a: Pelipper|spe|1
|-unboost|p2b: Kingdra|spe|1
|move|p2b: Kingdra|Surf|p1b: Sneasler|[spread] p2a,p1a
|-activate|p1b: Sneasler|move: Protect
|-resisted|p2a: Pelipper
|-damage|p2a: Pelipper|28/100
|-damage|p1a: Electabuzz|0 fnt
|faint|p1a: Electabuzz
|-damage|p2b: Kingdra|19/100|[from] item: Life Orb
|
|-weather|RainDance|[upkeep]
|upkeep
|turn|8
|
|t:|1757851723
|move|p1b: Sneasler|Dire Claw|p2a: Pelipper
|-damage|p2a: Pelipper|0 fnt
|faint|p2a: Pelipper
|move|p2b: Kingdra|Weather Ball|p1b: Sneasler
|-damage|p1b: Sneasler|44/100
|-damage|p2b: Kingdra|10/100|[from] item: Life Orb
|
|-weather|RainDance|[upkeep]
|-sideend|p2: CrystalGem02|move: Light Screen
|upkeep
|turn|9
|c|☆jurginhio|gg
|-message|CrystalGem02 forfeited.
|
|win|jurginhio
|raw|jurginhio's rating: 1155 → 1197(+42 for winning)
|raw|CrystalGem02's rating: 1442 → 1408(-34 for losing)
|l|☆CrystalGem02
|player|p2|
|l|☆jurginhio
|player|p1|
