|j|☆marcusquinn
|j|☆Yinzo
|html|marcusquinnYinzo    
|uhtml|bestof|Game 3 of a best-of-3
|t:|1755785926
|gametype|doubles
|player|p1|marcusquinn|hilbert-wonderlauncher|1363
|player|p2|Yinzo|101|1432
|gen|9
|tier|[Gen 9] VGC 2025 Reg H (Bo3)
|rated|
|rule|Species Clause: Limit one of each Pokémon
|rule|Item Clause: Limit 1 of each item
|clearpoke
|poke|p1|Archaludon, L50, F|
|poke|p1|Porygon2, L50|
|poke|p1|Incineroar, L50, M|
|poke|p1|Ursaluna, L50, F|
|poke|p1|Sneasler, L50, M|
|poke|p1|Dragonite, L50, F|
|poke|p2|Amoonguss, L50, M|
|poke|p2|Ursaluna, L50, M|
|poke|p2|Incineroar, L50, M|
|poke|p2|Bronzong, L50|
|poke|p2|Porygon2, L50|
|poke|p2|Torkoal, L50, M|
|teampreview|4
|showteam|p1|Archaludon||PowerHerb|Sturdy|Protect,ElectroShot,DracoMeteor,FlashCannon|||F|||50|,,,,,Electric]Porygon2||Eviolite|Download|TeraBlast,IceBeam,Recover,TrickRoom||||||50|,,,,,Fighting]Incineroar||SitrusBerry|Intimidate|FlareBlitz,KnockOff,FakeOut,PartingShot|||M|||50|,,,,,Ghost]Ursaluna||FlameOrb|Guts|HeadlongRush,Facade,Earthquake,Protect|||F|||50|,,,,,Ghost]Sneasler||FocusSash|Unburden|Protect,CloseCombat,DireClaw,ThroatChop|||M|||50|,,,,,Stellar]Dragonite||LoadedDice|Multiscale|ScaleShot,Tailwind,Haze,Protect|||F|||50|,,,,,Steel
|showteam|p2|Amoonguss||SitrusBerry|Regenerator|PollenPuff,Spore,RagePowder,Protect|||M|||50|,,,,,Water]Ursaluna||FlameOrb|Guts|Facade,HeadlongRush,Earthquake,Protect|||M|||50|,,,,,Ghost]Incineroar||AssaultVest|Intimidate|FlareBlitz,KnockOff,Uturn,FakeOut|||M|||50|,,,,,Grass]Bronzong||SafetyGoggles|Levitate|IceSpinner,BodyPress,TrickRoom,SunnyDay||||||50|,,,,,Water]Porygon2||Eviolite|Download|TeraBlast,Thunderbolt,Protect,TrickRoom||||||50|,,,,,Fighting]Torkoal||Charcoal|Drought|Eruption,WeatherBall,ClearSmog,Protect|||M|||50|,,,,,Ghost
|inactive|Battle timer is ON: inactive players will automatically lose when time's up. (requested by Yinzo)
|inactive|marcusquinn also wants the timer to be on.
|inactive|marcusquinn has 60 seconds left.
|inactive|Yinzo has 60 seconds left.
|
|t:|1755785957
|teamsize|p1|4
|teamsize|p2|4
|start
|switch|p1a: Porygon2|Porygon2, L50, shiny|100/100
|switch|p1b: Incineroar|Incineroar, L50, M, shiny|100/100
|switch|p2a: Bronzong|Bronzong, L50|100/100
|switch|p2b: Incineroar|Incineroar, L50, M, shiny|100/100
|-ability|p1b: Incineroar|Intimidate|boost
|-unboost|p2a: Bronzong|atk|1
|-unboost|p2b: Incineroar|atk|1
|-ability|p2b: Incineroar|Intimidate|boost
|-unboost|p1a: Porygon2|atk|1
|-unboost|p1b: Incineroar|atk|1
|-ability|p1a: Porygon2|Download|boost
|-boost|p1a: Porygon2|atk|1
|turn|1
|inactive|marcusquinn has 30 seconds left.
|inactive|marcusquinn has 20 seconds left.
|
|t:|1755785996
|-terastallize|p1a: Porygon2|Fighting
|move|p1b: Incineroar|Fake Out|p2a: Bronzong
|-resisted|p2a: Bronzong
|-damage|p2a: Bronzong|98/100
|move|p2b: Incineroar|Fake Out|p1b: Incineroar
|-damage|p1b: Incineroar|92/100
|move|p1a: Porygon2|Tera Blast|p2b: Incineroar|[anim] Tera Blast Fighting
|-supereffective|p2b: Incineroar
|-damage|p2b: Incineroar|56/100
|cant|p2a: Bronzong|flinch
|
|upkeep
|turn|2
|inactive|Yinzo has 30 seconds left.
|
|t:|1755786028
|move|p1b: Incineroar|Knock Off|p2a: Bronzong
|-supereffective|p2a: Bronzong
|-damage|p2a: Bronzong|48/100
|-enditem|p2a: Bronzong|Safety Goggles|[from] move: Knock Off|[of] p1b: Incineroar
|move|p2b: Incineroar|U-turn|p1b: Incineroar
|-damage|p1b: Incineroar|78/100
|
|t:|1755786038
|switch|p2b: Amoonguss|Amoonguss, L50, M|100/100|[from] U-turn
|move|p1a: Porygon2|Tera Blast|p2a: Bronzong|[anim] Tera Blast Fighting
|-damage|p2a: Bronzong|18/100
|move|p2a: Bronzong|Trick Room|p2a: Bronzong
|-fieldstart|move: Trick Room|[of] p2a: Bronzong
|
|upkeep
|turn|3
|inactive|marcusquinn has 30 seconds left.
|
|t:|1755786066
|move|p2a: Bronzong|Body Press|p1b: Incineroar
|-supereffective|p1b: Incineroar
|-damage|p1b: Incineroar|35/100
|-enditem|p1b: Incineroar|Sitrus Berry|[eat]
|-heal|p1b: Incineroar|59/100|[from] item: Sitrus Berry
|move|p2b: Amoonguss|Spore|p1a: Porygon2
|-status|p1a: Porygon2|slp|[from] move: Spore
|move|p1b: Incineroar|Parting Shot|p2b: Amoonguss
|-unboost|p2b: Amoonguss|atk|1
|-unboost|p2b: Amoonguss|spa|1
|
|t:|1755786075
|switch|p1b: Ursaluna|Ursaluna, L50, F|100/100|[from] Parting Shot
|cant|p1a: Porygon2|slp
|
|-status|p1b: Ursaluna|brn|[from] item: Flame Orb
|upkeep
|turn|4
|
|t:|1755786089
|switch|p2a: Incineroar|Incineroar, L50, M, shiny|56/100
|-ability|p2a: Incineroar|Intimidate|boost
|-unboost|p1a: Porygon2|atk|1
|-unboost|p1b: Ursaluna|atk|1
|move|p2b: Amoonguss|Pollen Puff|p2a: Incineroar
|-heal|p2a: Incineroar|100/100
|cant|p1a: Porygon2|slp
|move|p1b: Ursaluna|Facade|p2a: Incineroar
|-damage|p2a: Incineroar|29/100
|
|-damage|p1b: Ursaluna|95/100 brn|[from] brn
|upkeep
|turn|5
|inactive|Yinzo has 30 seconds left.
|
|t:|1755786117
|move|p1b: Ursaluna|Protect|p1b: Ursaluna
|-singleturn|p1b: Ursaluna|Protect
|move|p2a: Incineroar|Fake Out|p1a: Porygon2
|-damage|p1a: Porygon2|92/100 slp
|move|p2b: Amoonguss|Pollen Puff|p2a: Incineroar
|-heal|p2a: Incineroar|79/100
|-curestatus|p1a: Porygon2|slp|[msg]
|cant|p1a: Porygon2|flinch
|
|-damage|p1b: Ursaluna|89/100 brn|[from] brn
|upkeep
|turn|6
|inactive|marcusquinn has 30 seconds left.
|inactive|marcusquinn has 20 seconds left.
|
|t:|1755786155
|move|p2b: Amoonguss|Spore|p1a: Porygon2
|-status|p1a: Porygon2|slp|[from] move: Spore
|cant|p1a: Porygon2|slp
|move|p2a: Incineroar|U-turn|p1b: Ursaluna
|-damage|p1b: Ursaluna|72/100 brn
|
|t:|1755786162
|switch|p2a: Bronzong|Bronzong, L50|18/100|[from] U-turn
|move|p1b: Ursaluna|Facade|p2b: Amoonguss
|-damage|p2b: Amoonguss|33/100
|-enditem|p2b: Amoonguss|Sitrus Berry|[eat]
|-heal|p2b: Amoonguss|58/100|[from] item: Sitrus Berry
|
|-damage|p1b: Ursaluna|66/100 brn|[from] brn
|-fieldend|move: Trick Room
|upkeep
|turn|7
|
|t:|1755786185
|switch|p2b: Incineroar|Incineroar, L50, M, shiny|79/100
|-ability|p2b: Incineroar|Intimidate|boost
|-unboost|p1a: Porygon2|atk|1
|-unboost|p1b: Ursaluna|atk|1
|switch|p2a: Ursaluna|Ursaluna, L50, M|100/100
|move|p1b: Ursaluna|Facade|p2a: Ursaluna
|-damage|p2a: Ursaluna|51/100
|cant|p1a: Porygon2|slp
|
|-damage|p1b: Ursaluna|61/100 brn|[from] brn
|-status|p2a: Ursaluna|brn|[from] item: Flame Orb
|upkeep
|turn|8
|inactive|Yinzo has 30 seconds left.
|
|t:|1755786215
|switch|p1b: Incineroar|Incineroar, L50, M, shiny|59/100
|-ability|p1b: Incineroar|Intimidate|boost
|-unboost|p2a: Ursaluna|atk|1
|-unboost|p2b: Incineroar|atk|1
|-terastallize|p2a: Ursaluna|Ghost
|move|p2b: Incineroar|Knock Off|p1a: Porygon2
|-resisted|p1a: Porygon2
|-damage|p1a: Porygon2|82/100 slp
|-enditem|p1a: Porygon2|Eviolite|[from] move: Knock Off|[of] p2b: Incineroar
|cant|p1a: Porygon2|slp
|move|p2a: Ursaluna|Facade|p1a: Porygon2
|-damage|p1a: Porygon2|3/100 slp
|
|-damage|p2a: Ursaluna|45/100 brn|[from] brn
|upkeep
|turn|9
|inactive|marcusquinn has 30 seconds left.
|inactive|Yinzo has 30 seconds left.
|inactive|marcusquinn has 20 seconds left.
|inactive|marcusquinn has 15 seconds left.
|
|t:|1755786257
|switch|p2a: Amoonguss|Amoonguss, L50, M|91/100
|move|p1b: Incineroar|Parting Shot|p2b: Incineroar
|-unboost|p2b: Incineroar|atk|1
|-unboost|p2b: Incineroar|spa|1
|
|t:|1755786265
|switch|p1b: Ursaluna|Ursaluna, L50, F|61/100 brn|[from] Parting Shot
|move|p2b: Incineroar|U-turn|p1a: Porygon2
|-resisted|p1a: Porygon2
|-crit|p1a: Porygon2
|-damage|p1a: Porygon2|0 fnt
|faint|p1a: Porygon2
|
|t:|1755786273
|switch|p2b: Bronzong|Bronzong, L50|18/100|[from] U-turn
|
|-damage|p1b: Ursaluna|55/100 brn|[from] brn
|upkeep
|
|t:|1755786283
|switch|p1a: Incineroar|Incineroar, L50, M, shiny|59/100
|-ability|p1a: Incineroar|Intimidate|boost
|-unboost|p2a: Amoonguss|atk|1
|-unboost|p2b: Bronzong|atk|1
|turn|10
|inactive|Yinzo has 30 seconds left.
|
|t:|1755786311
|switch|p2b: Incineroar|Incineroar, L50, M, shiny|79/100
|-ability|p2b: Incineroar|Intimidate|boost
|-unboost|p1a: Incineroar|atk|1
|-unboost|p1b: Ursaluna|atk|1
|move|p1a: Incineroar|Fake Out|p2a: Amoonguss
|-damage|p2a: Amoonguss|85/100
|move|p1b: Ursaluna|Facade|p2b: Incineroar
|-damage|p2b: Incineroar|2/100
|cant|p2a: Amoonguss|flinch
|
|-damage|p1b: Ursaluna|49/100 brn|[from] brn
|upkeep
|turn|11
|inactive|marcusquinn has 30 seconds left.
|inactive|Yinzo has 30 seconds left.
|inactive|marcusquinn has 20 seconds left.
|inactive|marcusquinn has 15 seconds left.
|
|t:|1755786355
|move|p2b: Incineroar|Fake Out|p1b: Ursaluna
|-damage|p1b: Ursaluna|38/100 brn
|move|p1a: Incineroar|Flare Blitz|p2a: Amoonguss
|-supereffective|p2a: Amoonguss
|-damage|p2a: Amoonguss|25/100
|-damage|p1a: Incineroar|38/100|[from] Recoil
|cant|p1b: Ursaluna|flinch
|move|p2a: Amoonguss|Spore|p1a: Incineroar
|-status|p1a: Incineroar|slp|[from] move: Spore
|
|-damage|p1b: Ursaluna|32/100 brn|[from] brn
|upkeep
|turn|12
|inactive|Yinzo has 30 seconds left.
|
|t:|1755786380
|move|p2a: Amoonguss|Protect|p2a: Amoonguss
|-singleturn|p2a: Amoonguss|Protect
|cant|p1a: Incineroar|slp
|move|p1b: Ursaluna|Earthquake|p2b: Incineroar|[spread] p1a,p2b
|-activate|p2a: Amoonguss|move: Protect
|-supereffective|p1a: Incineroar
|-supereffective|p2b: Incineroar
|-damage|p1a: Incineroar|0 fnt
|-damage|p2b: Incineroar|0 fnt
|faint|p1a: Incineroar
|faint|p2b: Incineroar
|
|-damage|p1b: Ursaluna|27/100 brn|[from] brn
|upkeep
|
|t:|1755786394
|switch|p1a: Archaludon|Archaludon, L50, F|100/100
|switch|p2b: Bronzong|Bronzong, L50|18/100
|turn|13
|inactive|marcusquinn has 30 seconds left.
|inactive|Yinzo has 30 seconds left.
|inactive|Yinzo has 20 seconds left.
|inactive|Yinzo has 15 seconds left.
|
|t:|1755786435
|move|p2a: Amoonguss|Rage Powder|p2a: Amoonguss
|-singleturn|p2a: Amoonguss|move: Rage Powder
|move|p1a: Archaludon|Electro Shot||[still]
|-prepare|p1a: Archaludon|Electro Shot
|-boost|p1a: Archaludon|spa|1
|-enditem|p1a: Archaludon|Power Herb
|-anim|p1a: Archaludon|Electro Shot|p2a: Amoonguss
|-resisted|p2a: Amoonguss
|-damage|p2a: Amoonguss|0 fnt
|faint|p2a: Amoonguss
|move|p1b: Ursaluna|Facade|p2b: Bronzong
|-resisted|p2b: Bronzong
|-damage|p2b: Bronzong|0 fnt
|faint|p2b: Bronzong
|
|-damage|p1b: Ursaluna|21/100 brn|[from] brn
|upkeep
|
|t:|1755786451
|switch|p2b: Ursaluna|Ursaluna, L50, M, tera:Ghost|45/100 brn
|turn|14
|c|☆marcusquinn|ggs
|
|t:|1755786459
|move|p1a: Archaludon|Flash Cannon|p2b: Ursaluna
|-damage|p2b: Ursaluna|0 fnt
|faint|p2b: Ursaluna
|
|win|marcusquinn
|raw|marcusquinn's rating: 1363 → 1387(+24 for winning)
|raw|Yinzo's rating: 1432 → 1408(-24 for losing)
|c|☆Yinzo|Ggs!
|l|☆Yinzo
|player|p2|
