|j|☆girasolia
|j|☆timmytheglueeater
|html|girasoliatimmytheglueeater    
|uhtml|bestof|Game 2 of a best-of-3
|t:|1757629916
|gametype|doubles
|player|p1|girasolia|dawn-gen4pt|1331
|player|p2|timmytheglueeater|101|1319
|gen|9
|tier|[Gen 9] VGC 2025 Reg H (Bo3)
|rated|
|rule|Species Clause: Limit one of each Pokémon
|rule|Item Clause: Limit 1 of each item
|clearpoke
|poke|p1|Delphox, L50, F|
|poke|p1|Indeedee-F, L50, F|
|poke|p1|Ursaluna, L50, M|
|poke|p1|Porygon2, L50|
|poke|p1|Torkoal, L50, F|
|poke|p1|Dragonite, L50, F|
|poke|p2|Dondozo, L50, M|
|poke|p2|Tatsugiri, L50, M|
|poke|p2|Ninetales-Alola, L50, F|
|poke|p2|Pawmot, L50, M|
|poke|p2|Gholdengo, L50|
|poke|p2|Corviknight, L50, F|
|teampreview|4
|showteam|p1|Delphox||FocusSash|Blaze|ExpandingForce,HeatWave,DazzlingGleam,Protect|||F|||50|,,,,,Stellar]Indeedee-F||PsychicSeed|PsychicSurge|Psychic,FollowMe,TrickRoom,HelpingHand|||F|||50|,,,,,Fairy]Ursaluna||FlameOrb|Guts|Facade,HeadlongRush,Earthquake,Protect|||M|||50|,,,,,Ghost]Porygon2||Eviolite|Download|TeraBlast,IceBeam,TrickRoom,Recover||||||50|,,,,,Fighting]Torkoal||Charcoal|Drought|Eruption,Flamethrower,HelpingHand,Protect|||F|||50|,,,,,Fire]Dragonite||LoadedDice|Multiscale|ScaleShot,Haze,Tailwind,Protect|||F|||50|,,,,,Steel
|showteam|p2|Dondozo||Leftovers|Unaware|WaveCrash,OrderUp,Earthquake,Protect|||M|||50|,,,,,Steel]Tatsugiri||ChoiceScarf|Commander|MuddyWater,DracoMeteor,DragonPulse,IcyWind|||M|||50|,,,,,Ghost]Ninetales-Alola||LightClay|SnowWarning|Blizzard,FreezeDry,AuroraVeil,Protect|||F|||50|,,,,,Ghost]Pawmot||FocusSash|NaturalCure|DoubleShock,CloseCombat,FakeOut,Coaching|||M|||50|,,,,,Electric]Gholdengo||ChoiceSpecs|GoodasGold|MakeItRain,ShadowBall,PowerGem,Trick||||||50|,,,,,Steel]Corviknight||SitrusBerry|MirrorArmor|BraveBird,BulkUp,Tailwind,Roost|||F|||50|,,,,,Dragon
|inactive|Battle timer is ON: inactive players will automatically lose when time's up. (requested by timmytheglueeater)
|inactive|girasolia also wants the timer to be on.
|inactive|girasolia has 60 seconds left.
|inactive|timmytheglueeater has 60 seconds left.
|inactive|girasolia has 30 seconds left.
|inactive|girasolia has 20 seconds left.
|
|t:|1757629987
|teamsize|p1|4
|teamsize|p2|4
|start
|switch|p1a: Delphox|Delphox, L50, F|100/100
|switch|p1b: Torkoal|Torkoal, L50, F|100/100
|switch|p2a: Ninetales|Ninetales-Alola, L50, F|100/100
|switch|p2b: Pawmot|Pawmot, L50, M|100/100
|-weather|Snowscape|[from] ability: Snow Warning|[of] p2a: Ninetales
|-weather|SunnyDay|[from] ability: Drought|[of] p1b: Torkoal
|turn|1
|inactive|girasolia has 30 seconds left.
|
|t:|1757630012
|switch|p2a: Dondozo|Dondozo, L50, M|100/100
|switch|p2b: Tatsugiri|Tatsugiri, L50, M|100/100
|-activate|p2b: Tatsugiri|ability: Commander|[of] p2a: Dondozo
|-boost|p2a: Dondozo|atk|2
|-boost|p2a: Dondozo|spa|2
|-boost|p2a: Dondozo|spe|2
|-boost|p2a: Dondozo|def|2
|-boost|p2a: Dondozo|spd|2
|move|p1a: Delphox|Protect|p1a: Delphox
|-singleturn|p1a: Delphox|Protect
|move|p1b: Torkoal|Eruption|p2a: Dondozo|[spread] p2a
|-miss|p1b: Torkoal|p2b: Tatsugiri
|-resisted|p2a: Dondozo
|-damage|p2a: Dondozo|81/100
|
|-weather|SunnyDay|[upkeep]
|-heal|p2a: Dondozo|87/100|[from] item: Leftovers
|upkeep
|turn|2
|inactive|girasolia has 30 seconds left.
|inactive|girasolia has 20 seconds left.
|inactive|girasolia has 15 seconds left.
|inactive|girasolia has 10 seconds left.
|
|t:|1757630057
|move|p1b: Torkoal|Protect|p1b: Torkoal
|-singleturn|p1b: Torkoal|Protect
|move|p2a: Dondozo|Order Up|p1b: Torkoal
|-activate|p1b: Torkoal|move: Protect
|move|p1a: Delphox|Heat Wave|p2a: Dondozo|[spread] p2a
|-miss|p1a: Delphox|p2b: Tatsugiri
|-resisted|p2a: Dondozo
|-damage|p2a: Dondozo|74/100
|
|-weather|SunnyDay|[upkeep]
|-heal|p2a: Dondozo|81/100|[from] item: Leftovers
|upkeep
|turn|3
|
|t:|1757630082
|switch|p1b: Indeedee|Indeedee-F, L50, F|100/100
|-fieldstart|move: Psychic Terrain|[from] ability: Psychic Surge|[of] p1b: Indeedee
|-enditem|p1b: Indeedee|Psychic Seed
|-boost|p1b: Indeedee|spd|1|[from] item: Psychic Seed
|move|p2a: Dondozo|Earthquake|p1a: Delphox|[spread] p1a,p1b
|-miss|p2a: Dondozo|p2b: Tatsugiri
|-supereffective|p1a: Delphox
|-crit|p1a: Delphox
|-enditem|p1a: Delphox|Focus Sash
|-damage|p1a: Delphox|1/100
|-damage|p1b: Indeedee|57/100
|move|p1a: Delphox|Expanding Force|p2b: Tatsugiri|[spread] p2a
|-miss|p1a: Delphox|p2b: Tatsugiri
|-damage|p2a: Dondozo|51/100
|
|-weather|SunnyDay|[upkeep]
|-heal|p2a: Dondozo|57/100|[from] item: Leftovers
|upkeep
|turn|4
|inactive|girasolia has 30 seconds left.
|
|t:|1757630108
|move|p1a: Delphox|Protect|p1a: Delphox
|-singleturn|p1a: Delphox|Protect
|move|p2a: Dondozo|Order Up|p1b: Indeedee
|-damage|p1b: Indeedee|13/100
|-boost|p2a: Dondozo|atk|1
|move|p1b: Indeedee|Trick Room|p1b: Indeedee
|-fieldstart|move: Trick Room|[of] p1b: Indeedee
|
|-weather|SunnyDay|[upkeep]
|-heal|p2a: Dondozo|63/100|[from] item: Leftovers
|upkeep
|turn|5
|
|t:|1757630128
|move|p1b: Indeedee|Helping Hand|p1a: Delphox
|-singleturn|p1a: Delphox|Helping Hand|[of] p1b: Indeedee
|move|p1a: Delphox|Expanding Force|p2b: Tatsugiri|[spread] p2a
|-miss|p1a: Delphox|p2b: Tatsugiri
|-damage|p2a: Dondozo|24/100
|move|p2a: Dondozo|Earthquake|p1a: Delphox|[spread] p1a,p1b
|-miss|p2a: Dondozo|p2b: Tatsugiri
|-supereffective|p1a: Delphox
|-damage|p1a: Delphox|0 fnt
|-damage|p1b: Indeedee|0 fnt
|faint|p1a: Delphox
|faint|p1b: Indeedee
|
|-weather|none
|-heal|p2a: Dondozo|31/100|[from] item: Leftovers
|upkeep
|
|t:|1757630137
|switch|p1b: Torkoal|Torkoal, L50, F|100/100
|switch|p1a: Dragonite|Dragonite, L50, F|100/100
|-weather|SunnyDay|[from] ability: Drought|[of] p1b: Torkoal
|turn|6
|inactive|timmytheglueeater has 30 seconds left.
|inactive|girasolia has 30 seconds left.
|
|t:|1757630179
|move|p1b: Torkoal|Protect|p1b: Torkoal
|-singleturn|p1b: Torkoal|Protect
|move|p2a: Dondozo|Protect|p2a: Dondozo
|-singleturn|p2a: Dondozo|Protect
|move|p1a: Dragonite|Haze|p1a: Dragonite
|-clearallboost
|
|-weather|SunnyDay|[upkeep]
|-heal|p2a: Dondozo|37/100|[from] item: Leftovers
|upkeep
|turn|7
|
|t:|1757630198
|-terastallize|p1b: Torkoal|Fire
|move|p1b: Torkoal|Eruption|p2b: Tatsugiri|[spread] p2a
|-miss|p1b: Torkoal|p2b: Tatsugiri
|-resisted|p2a: Dondozo
|-damage|p2a: Dondozo|0 fnt
|faint|p2a: Dondozo
|move|p1a: Dragonite|Scale Shot|p2b: Tatsugiri
|-supereffective|p2b: Tatsugiri
|-damage|p2b: Tatsugiri|42/100
|-supereffective|p2b: Tatsugiri
|-damage|p2b: Tatsugiri|0 fnt
|faint|p2b: Tatsugiri
|-hitcount|p2: Tatsugiri|2
|-unboost|p1a: Dragonite|def|1
|-boost|p1a: Dragonite|spe|1
|
|-weather|SunnyDay|[upkeep]
|-fieldend|move: Psychic Terrain
|upkeep
|inactive|timmytheglueeater has 30 seconds left.
|
|t:|1757630230
|switch|p2a: Pawmot|Pawmot, L50, M|100/100
|switch|p2b: Ninetales|Ninetales-Alola, L50, F|100/100
|-weather|Snowscape|[from] ability: Snow Warning|[of] p2b: Ninetales
|turn|8
|
|t:|1757630248
|-terastallize|p2a: Pawmot|Electric
|move|p1a: Dragonite|Protect|p1a: Dragonite
|-singleturn|p1a: Dragonite|Protect
|move|p1b: Torkoal|Eruption|p2a: Pawmot|[spread] p2a,p2b
|-supereffective|p2b: Ninetales
|-enditem|p2a: Pawmot|Focus Sash
|-damage|p2a: Pawmot|1/100
|-damage|p2b: Ninetales|0 fnt
|faint|p2b: Ninetales
|move|p2a: Pawmot|Double Shock|p1b: Torkoal
|-damage|p1b: Torkoal|45/100
|-start|p2a: Pawmot|typechange|Electric|[from] move: Double Shock
|
|-weather|Snowscape|[upkeep]
|-fieldend|move: Trick Room
|upkeep
|turn|9
|-message|timmytheglueeater forfeited.
|
|win|girasolia
|l|☆timmytheglueeater
|player|p2|
||girasolia is ready for game 3.
||timmytheglueeater is ready for game 3.
|uhtml|next|Next: Game 3 of 3
