|j|☆viatles
|j|☆zefhkb505
|html|viatleszefhkb505    
|uhtml|bestof|Game 2 of a best-of-3
|t:|1783567085
|gametype|doubles
|player|p1|viatles|hiker|1111
|player|p2|zefhkb505|hilbert|1231
|gen|9
|tier|[Gen 9 Champions] VGC 2026 Reg M-B (Bo3)
|rated|
|rule|Species Clause: Limit one of each Pokémon
|rule|Item Clause: Limit 1 of each item
|clearpoke
|poke|p1|Beedrill, L50, F, shiny|
|poke|p1|Corviknight, L50, M|
|poke|p1|Hydreigon, L50, F|
|poke|p1|Sableye, L50, M|
|poke|p1|Talonflame, L50, F, shiny|
|poke|p1|Glimmora, L50, M|
|poke|p2|Corviknight, L50, F|
|poke|p2|Raichu, L50, M|
|poke|p2|Ninetales-Alola, L50, F|
|poke|p2|Ceruledge, L50, M|
|poke|p2|Sinistcha, L50|
|poke|p2|Kingambit, L50, F|
|teampreview|4
|showteam|p1|Beedrill||Beedrillite|Sniper|Uturn,DrillRun,PoisonJab,Protect|Jolly||F|||50|]Corviknight||Leftovers|MirrorArmor|BodyPress,BraveBird,IronHead,Roost|Impish||M|||50|]Hydreigon||ChoiceScarf|Levitate|DracoMeteor,DarkPulse,HeatWave,EarthPower|Modest||F|||50|]Sableye||RoseliBerry|Prankster|FakeOut,FoulPlay,RainDance,Quash|Sassy||M|||50|]Talonflame||SharpBeak|GaleWings|DualWingbeat,Tailwind,Protect,WillOWisp|Jolly||F|||50|]Glimmora||FocusSash|ToxicDebris|PowerGem,SludgeBomb,EarthPower,SpikyShield|Modest||M|||50|
|showteam|p2|Corviknight||Leftovers|MirrorArmor|BodyPress,BraveBird,BulkUp,Roost|Careful||F|||50|]Raichu||RaichuniteY|LightningRod|FakeOut,ZapCannon,FocusBlast,Protect|Timid||M|||50|]Ninetales-Alola||LightClay|SnowWarning|FreezeDry,Moonblast,AuroraVeil,Protect|Timid||F|||50|]Ceruledge||LifeOrb|FlashFire|BitterBlade,SwordsDance,ShadowSneak,Protect|Adamant||M|||50|]Sinistcha||CobaBerry|Hospitality|LifeDew,TrickRoom,RagePowder,MatchaGotcha|Relaxed|||||50|]Kingambit||FocusSash|Defiant|KowtowCleave,SwordsDance,SuckerPunch,Protect|Adamant||F|||50|
|inactive|Battle timer is ON: inactive players will automatically lose when time's up. (requested by viatles)
|
|t:|1783567103
|teamsize|p1|4
|teamsize|p2|4
|start
|switch|p1a: Scatter|Talonflame, L50, F, shiny|100/100
|switch|p1b: Glimmora|Glimmora, L50, M|100/100
|switch|p2a: Corviknight|Corviknight, L50, F|100/100
|switch|p2b: Sinistcha|Sinistcha, L50|100/100
|turn|1
|
|t:|1783567119
|move|p1a: Scatter|Dual Wingbeat|p2b: Sinistcha
|-supereffective|p2b: Sinistcha|1
|-enditem|p2b: Sinistcha|Coba Berry|[eat]
|-enditem|p2b: Sinistcha|Coba Berry|[weaken]
|-damage|p2b: Sinistcha|85/100
|-supereffective|p2b: Sinistcha|1
|-damage|p2b: Sinistcha|58/100
|-hitcount|p2b: Sinistcha|2
|move|p1b: Glimmora|Sludge Bomb|p2b: Sinistcha
|-damage|p2b: Sinistcha|6/100
|-status|p2b: Sinistcha|psn
|move|p2a: Corviknight|Bulk Up|p2a: Corviknight
|-boost|p2a: Corviknight|atk|1
|-boost|p2a: Corviknight|def|1
|move|p2b: Sinistcha|Trick Room|p2b: Sinistcha
|-fieldstart|move: Trick Room|[of] p2b: Sinistcha
|
|-damage|p2b: Sinistcha|0 fnt|[from] psn
|faint|p2b: Sinistcha
|upkeep
|
|t:|1783567142
|switch|p2b: Ninetales|Ninetales-Alola, L50, F|100/100
|-weather|Snowscape|[from] ability: Snow Warning|[of] p2b: Ninetales
|turn|2
|
|t:|1783567154
|move|p2b: Ninetales|Protect|p2b: Ninetales
|-singleturn|p2b: Ninetales|Protect
|move|p2a: Corviknight|Bulk Up|p2a: Corviknight
|-boost|p2a: Corviknight|atk|1
|-boost|p2a: Corviknight|def|1
|move|p1b: Glimmora|Power Gem|p2b: Ninetales
|-activate|p2b: Ninetales|move: Protect
|move|p1a: Scatter|Will-O-Wisp|p2a: Corviknight
|-status|p2a: Corviknight|brn
|
|-weather|Snowscape|[upkeep]
|-damage|p2a: Corviknight|94/100 brn|[from] brn
|upkeep
|turn|3
|
|t:|1783567176
|switch|p1a: Corviknight|Corviknight, L50, M|100/100
|move|p1b: Glimmora|Spiky Shield|p1b: Glimmora
|-singleturn|p1b: Glimmora|move: Protect
|move|p2a: Corviknight|Brave Bird|p1b: Glimmora
|-activate|p1b: Glimmora|move: Protect
|-damage|p2a: Corviknight|81/100 brn|[from] Spiky Shield|[of] p1b: Glimmora
|move|p2b: Ninetales|Aurora Veil|p2b: Ninetales
|-sidestart|p2: zefhkb505|move: Aurora Veil
|
|-weather|Snowscape|[upkeep]
|-heal|p2a: Corviknight|87/100 brn|[from] item: Leftovers
|-damage|p2a: Corviknight|81/100 brn|[from] brn
|upkeep
|turn|4
|
|t:|1783567197
|move|p2a: Corviknight|Bulk Up|p2a: Corviknight
|-boost|p2a: Corviknight|atk|1
|-boost|p2a: Corviknight|def|1
|move|p1a: Corviknight|Iron Head|p2b: Ninetales
|-supereffective|p2b: Ninetales|2
|-damage|p2b: Ninetales|40/100
|move|p1b: Glimmora|Power Gem|p2a: Corviknight
|-damage|p2a: Corviknight|60/100 brn
|cant|p2b: Ninetales|flinch
|
|-weather|Snowscape|[upkeep]
|-heal|p2a: Corviknight|65/100 brn|[from] item: Leftovers
|-damage|p2a: Corviknight|60/100 brn|[from] brn
|upkeep
|turn|5
|
|t:|1783567216
|move|p1b: Glimmora|Spiky Shield|p1b: Glimmora
|-singleturn|p1b: Glimmora|move: Protect
|move|p2b: Ninetales|Protect|p2b: Ninetales
|-singleturn|p2b: Ninetales|Protect
|move|p2a: Corviknight|Bulk Up|p2a: Corviknight
|-boost|p2a: Corviknight|atk|1
|-boost|p2a: Corviknight|def|1
|move|p1a: Corviknight|Iron Head|p2b: Ninetales
|-activate|p2b: Ninetales|move: Protect
|
|-weather|Snowscape|[upkeep]
|-heal|p2a: Corviknight|65/100 brn|[from] item: Leftovers
|-damage|p2a: Corviknight|60/100 brn|[from] brn
|-fieldend|move: Trick Room
|upkeep
|turn|6
|
|t:|1783567235
|move|p2b: Ninetales|Moonblast|p1b: Glimmora
|-resisted|p1b: Glimmora|1
|-damage|p1b: Glimmora|78/100
|move|p1b: Glimmora|Power Gem|p2b: Ninetales
|-supereffective|p2b: Ninetales|1
|-damage|p2b: Ninetales|0 fnt
|faint|p2b: Ninetales
|move|p1a: Corviknight|Iron Head|p2a: Corviknight
|-resisted|p2a: Corviknight|1
|-damage|p2a: Corviknight|57/100 brn
|cant|p2a: Corviknight|flinch
|
|-weather|none
|-heal|p2a: Corviknight|62/100 brn|[from] item: Leftovers
|-damage|p2a: Corviknight|57/100 brn|[from] brn
|upkeep
|
|t:|1783567249
|switch|p2b: Raichu|Raichu, L50, M|100/100
|turn|7
|
|t:|1783567265
|detailschange|p2b: Raichu|Raichu-Mega-Y, L50, M
|-mega|p2b: Raichu|Raichu|Raichunite Y
|move|p1b: Glimmora|Spiky Shield|p1b: Glimmora
|-singleturn|p1b: Glimmora|move: Protect
|move|p2b: Raichu|Zap Cannon|p1b: Glimmora
|-activate|p1b: Glimmora|move: Protect
|move|p2a: Corviknight|Roost|p2a: Corviknight
|-heal|p2a: Corviknight|100/100 brn
|-singleturn|p2a: Corviknight|move: Roost
|move|p1a: Corviknight|Body Press|p2b: Raichu
|-damage|p2b: Raichu|60/100
|
|-damage|p2a: Corviknight|94/100 brn|[from] brn
|upkeep
|turn|8
|inactive|viatles has 30 seconds left.
|
|t:|1783567293
|move|p2b: Raichu|Zap Cannon|p1b: Glimmora
|-damage|p1b: Glimmora|0 fnt
|faint|p1b: Glimmora
|move|p1a: Corviknight|Iron Head|p2a: Corviknight
|-resisted|p2a: Corviknight|1
|-damage|p2a: Corviknight|91/100 brn
|cant|p2a: Corviknight|flinch
|
|-heal|p2a: Corviknight|97/100 brn|[from] item: Leftovers
|-damage|p2a: Corviknight|91/100 brn|[from] brn
|upkeep
|
|t:|1783567303
|switch|p1b: Scatter|Talonflame, L50, F, shiny|100/100
|turn|9
|
|t:|1783567313
|move|p1b: Scatter|Dual Wingbeat|p2b: Raichu
|-resisted|p2b: Raichu|1
|-damage|p2b: Raichu|47/100
|-resisted|p2b: Raichu|1
|-damage|p2b: Raichu|34/100
|-hitcount|p2b: Raichu|2
|move|p2b: Raichu|Zap Cannon|p1a: Corviknight
|-supereffective|p1a: Corviknight|1
|-damage|p1a: Corviknight|0 fnt
|faint|p1a: Corviknight
|move|p2a: Corviknight|Brave Bird|p1b: Scatter
|-damage|p1b: Scatter|3/100
|-damage|p2a: Corviknight|66/100 brn|[from] Recoil
|
|-heal|p2a: Corviknight|72/100 brn|[from] item: Leftovers
|-damage|p2a: Corviknight|66/100 brn|[from] brn
|upkeep
|
|t:|1783567328
|switch|p1a: Hydreigon|Hydreigon, L50, F|100/100
|turn|10
|
|t:|1783567339
|move|p1a: Hydreigon|Heat Wave|p2a: Corviknight|[spread] p2a,p2b
|-supereffective|p2a: Corviknight|1
|-damage|p2a: Corviknight|37/100 brn
|-damage|p2b: Raichu|3/100
|move|p2b: Raichu|Focus Blast|p1a: Hydreigon
|-supereffective|p1a: Hydreigon|1
|-damage|p1a: Hydreigon|0 fnt
|faint|p1a: Hydreigon
|move|p1b: Scatter|Dual Wingbeat|p2a: Corviknight
|-resisted|p2a: Corviknight|1
|-crit|p2a: Corviknight
|-damage|p2a: Corviknight|26/100 brn
|-resisted|p2a: Corviknight|1
|-damage|p2a: Corviknight|24/100 brn
|-hitcount|p2a: Corviknight|2
|move|p2a: Corviknight|Body Press|p1b: Scatter
|-resisted|p1b: Scatter|1
|-damage|p1b: Scatter|0 fnt
|faint|p1b: Scatter
|
|win|zefhkb505
||zefhkb505 is ready for game 3.
