|j|☆Moonlight Flutter
|j|☆Quyt_DZ
|html|Moonlight FlutterQuyt_DZ    
|uhtml|bestof|Game 1 of a best-of-3
|t:|1783170819
|gametype|doubles
|player|p1|Moonlight Flutter|miku-flying|
|player|p2|Quyt_DZ|acetrainersnowf|
|gen|9
|tier|[Gen 9 Champions] VGC 2026 Reg M-B (Bo3)
|rule|Species Clause: Limit one of each Pokémon
|rule|Item Clause: Limit 1 of each item
|clearpoke
|poke|p1|Sinistcha, L50|
|poke|p1|Incineroar, L50, M|
|poke|p1|Milotic, L50, M|
|poke|p1|Raichu, L50, F|
|poke|p1|Ceruledge, L50, M|
|poke|p1|Mawile, L50, M, shiny|
|poke|p2|Vanilluxe, L50, F, shiny|
|poke|p2|Raichu, L50, M, shiny|
|poke|p2|Dragonite, L50, F, shiny|
|poke|p2|Sneasler, L50, M, shiny|
|poke|p2|Torkoal, L50, M, shiny|
|poke|p2|Incineroar, L50, M|
|teampreview|4
|showteam|p1|Sinistcha||FocusSash|Hospitality|MatchaGotcha,LifeDew,RagePowder,Protect|Relaxed|||||50|]Incineroar||SitrusBerry|Intimidate|FlareBlitz,ThroatChop,FakeOut,PartingShot|Impish||M|||50|]Milotic||Leftovers|Competitive|MuddyWater,Coil,Hypnosis,Protect|Calm||M|||50|]Raichu||RaichuniteY|LightningRod|ZapCannon,FocusBlast,FakeOut,Protect|Timid||F|||50|]Ceruledge||ColburBerry|FlashFire|BitterBlade,ShadowSneak,BulkUp,Protect|Adamant||M|||50|]Mawile||Mawilite|HyperCutter|PlayRough,SuckerPunch,SwordsDance,Protect|Adamant||M|||50|
|showteam|p2|Vanilluxe||ChoiceScarf|SnowWarning|Blizzard,FreezeDry,IcyWind,SheerCold|Modest||F|||50|]Raichu||RaichuniteY|LightningRod|ZapCannon,FocusBlast,Substitute,Protect|Timid||M|||50|]Dragonite||DragonFang|Multiscale|DragonClaw,ExtremeSpeed,LowKick,Protect|Adamant||F|||50|]Sneasler||FocusSash|PoisonTouch|PoisonJab,CloseCombat,Protect,FakeOut|Jolly||M|||50|]Torkoal||Leftovers|Drought|WeatherBall,Yawn,Protect,HeatWave|Relaxed||M|||50|]Incineroar||SitrusBerry|Intimidate|FlareBlitz,ThroatChop,PartingShot,FakeOut|Adamant||M|||50|
|inactive|Battle timer is ON: inactive players will automatically lose when time's up. (requested by Moonlight Flutter)
|
|t:|1783170865
|teamsize|p1|4
|teamsize|p2|4
|start
|switch|p1a: Milotic|Milotic, L50, M|100/100
|switch|p1b: Ceruledge|Ceruledge, L50, M|100/100
|switch|p2a: Raichu|Raichu, L50, M, shiny|100/100
|switch|p2b: Sneasler|Sneasler, L50, M, shiny|100/100
|turn|1
|inactive|Quyt_DZ has 30 seconds left.
|
|t:|1783170893
|switch|p1a: Raichu|Raichu, L50, F|100/100
|detailschange|p2a: Raichu|Raichu-Mega-Y, L50, M, shiny
|-mega|p2a: Raichu|Raichu|Raichunite Y
|move|p2b: Sneasler|Fake Out|p1a: Raichu
|-damage|p1a: Raichu|77/100
|move|p2a: Raichu|Substitute|p2a: Raichu
|-start|p2a: Raichu|Substitute
|-damage|p2a: Raichu|75/100
|move|p1b: Ceruledge|Bulk Up|p1b: Ceruledge
|-boost|p1b: Ceruledge|atk|1
|-boost|p1b: Ceruledge|def|1
|
|upkeep
|turn|2
|
|t:|1783170912
|move|p1a: Raichu|Protect|p1a: Raichu
|-singleturn|p1a: Raichu|Protect
|move|p2a: Raichu|Zap Cannon|p1a: Raichu
|-activate|p1a: Raichu|ability: Lightning Rod
|-activate|p1a: Raichu|move: Protect
|move|p2b: Sneasler|Close Combat|p1a: Raichu
|-activate|p1a: Raichu|move: Protect
|move|p1b: Ceruledge|Bitter Blade|p2b: Sneasler
|-enditem|p2b: Sneasler|Focus Sash
|-damage|p2b: Sneasler|1/100
|
|upkeep
|turn|3
|
|t:|1783170927
|move|p1b: Ceruledge|Shadow Sneak|p2b: Sneasler
|-damage|p2b: Sneasler|0 fnt
|faint|p2b: Sneasler
|move|p2a: Raichu|Focus Blast|p1a: Raichu
|-damage|p1a: Raichu|18/100
|move|p1a: Raichu|Focus Blast|p2a: Raichu
|-end|p2a: Raichu|Substitute
|
|upkeep
|
|t:|1783170933
|switch|p2b: Incineroar|Incineroar, L50, M|100/100
|-ability|p2b: Incineroar|Intimidate|boost
|-unboost|p1a: Raichu|atk|1
|-unboost|p1b: Ceruledge|atk|1
|turn|4
|inactive|Quyt_DZ has 30 seconds left.
|
|t:|1783170966
|switch|p1a: Incineroar|Incineroar, L50, M|100/100
|-ability|p1a: Incineroar|Intimidate|boost
|-unboost|p2a: Raichu|atk|1
|-unboost|p2b: Incineroar|atk|1
|move|p2a: Raichu|Protect|p2a: Raichu
|-singleturn|p2a: Raichu|Protect
|move|p1b: Ceruledge|Bitter Blade|p2a: Raichu
|-activate|p2a: Raichu|move: Protect
|move|p2b: Incineroar|Throat Chop|p1b: Ceruledge
|-supereffective|p1b: Ceruledge|1
|-enditem|p1b: Ceruledge|Colbur Berry|[eat]
|-enditem|p1b: Ceruledge|Colbur Berry|[weaken]
|-damage|p1b: Ceruledge|81/100
|-start|p1b: Ceruledge|Throat Chop|[silent]
|
|upkeep
|turn|5
|
|t:|1783170985
|switch|p2a: Torkoal|Torkoal, L50, M, shiny|100/100
|-weather|SunnyDay|[from] ability: Drought|[of] p2a: Torkoal
|move|p1a: Incineroar|Fake Out|p2a: Torkoal
|-damage|p2a: Torkoal|92/100
|move|p1b: Ceruledge|Bitter Blade|p2a: Torkoal
|-resisted|p2a: Torkoal|1
|-damage|p2a: Torkoal|66/100
|-heal|p1b: Ceruledge|93/100|[from] drain|[of] p2a: Torkoal
|move|p2b: Incineroar|Parting Shot|p1b: Ceruledge
|-unboost|p1b: Ceruledge|atk|1
|-unboost|p1b: Ceruledge|spa|1
|
|t:|1783170998
|switch|p2b: Raichu|Raichu-Mega-Y, L50, M, shiny|75/100|[from] Parting Shot
|
|-weather|SunnyDay|[upkeep]
|-heal|p2a: Torkoal|72/100|[from] item: Leftovers
|-end|p1b: Ceruledge|Throat Chop|[silent]
|upkeep
|turn|6
|
|t:|1783171020
|switch|p2b: Incineroar|Incineroar, L50, M|100/100
|-ability|p2b: Incineroar|Intimidate|boost
|-unboost|p1a: Incineroar|atk|1
|-unboost|p1b: Ceruledge|atk|1
|switch|p1a: Raichu|Raichu, L50, F|18/100
|move|p1b: Ceruledge|Bitter Blade|p2b: Incineroar
|-resisted|p2b: Incineroar|1
|-damage|p2b: Incineroar|82/100
|-heal|p1b: Ceruledge|100/100|[from] drain|[of] p2b: Incineroar
|move|p2a: Torkoal|Yawn|p1b: Ceruledge
|-start|p1b: Ceruledge|move: Yawn|[of] p2a: Torkoal
|
|-weather|SunnyDay|[upkeep]
|-heal|p2a: Torkoal|78/100|[from] item: Leftovers
|upkeep
|turn|7
|
|t:|1783171044
|switch|p1b: Incineroar|Incineroar, L50, M|100/100
|-ability|p1b: Incineroar|Intimidate|boost
|-unboost|p2a: Torkoal|atk|1
|-unboost|p2b: Incineroar|atk|1
|move|p1a: Raichu|Protect|p1a: Raichu
|-singleturn|p1a: Raichu|Protect
|move|p2b: Incineroar|Fake Out|p1a: Raichu
|-activate|p1a: Raichu|move: Protect
|move|p2a: Torkoal|Yawn|p1b: Incineroar
|-start|p1b: Incineroar|move: Yawn|[of] p2a: Torkoal
|
|-weather|SunnyDay|[upkeep]
|-heal|p2a: Torkoal|85/100|[from] item: Leftovers
|upkeep
|turn|8
|inactive|Moonlight Flutter has 30 seconds left.
|inactive|Quyt_DZ has 30 seconds left.
|
|t:|1783171071
|detailschange|p1a: Raichu|Raichu-Mega-Y, L50, F
|-mega|p1a: Raichu|Raichu|Raichunite Y
|move|p1a: Raichu|Zap Cannon|p2a: Torkoal
|-damage|p2a: Torkoal|13/100
|-status|p2a: Torkoal|par
|move|p1b: Incineroar|Parting Shot|p2b: Incineroar
|-unboost|p2b: Incineroar|atk|1
|-unboost|p2b: Incineroar|spa|1
|
|t:|1783171078
|switch|p1b: Milotic|Milotic, L50, M|100/100|[from] Parting Shot
|move|p2b: Incineroar|Parting Shot|p1b: Milotic
|-unboost|p1b: Milotic|atk|1
|-ability|p1b: Milotic|Competitive|boost
|-boost|p1b: Milotic|spa|2
|-unboost|p1b: Milotic|spa|1
|-ability|p1b: Milotic|Competitive|boost
|-boost|p1b: Milotic|spa|2
|
|t:|1783171088
|switch|p2b: Raichu|Raichu-Mega-Y, L50, M, shiny|75/100|[from] Parting Shot
|move|p2a: Torkoal|Yawn|p1a: Raichu
|-start|p1a: Raichu|move: Yawn|[of] p2a: Torkoal
|
|-weather|SunnyDay|[upkeep]
|-heal|p2a: Torkoal|19/100 par|[from] item: Leftovers
|upkeep
|turn|9
|
|t:|1783171108
|switch|p1a: Ceruledge|Ceruledge, L50, M|100/100
|switch|p2a: Incineroar|Incineroar, L50, M|82/100
|-ability|p2a: Incineroar|Intimidate|boost
|-unboost|p1a: Ceruledge|atk|1
|-unboost|p1b: Milotic|atk|1
|-ability|p1b: Milotic|Competitive|boost
|-boost|p1b: Milotic|spa|2
|move|p1b: Milotic|Protect|p1b: Milotic
|-singleturn|p1b: Milotic|Protect
|move|p2b: Raichu|Zap Cannon|p1b: Milotic
|-activate|p1b: Milotic|move: Protect
|
|-weather|none
|upkeep
|turn|10
|
|t:|1783171121
|move|p2a: Incineroar|Fake Out|p1b: Milotic
|-damage|p1b: Milotic|88/100
|move|p2b: Raichu|Zap Cannon|p1a: Ceruledge
|-damage|p1a: Ceruledge|33/100
|-status|p1a: Ceruledge|par
|cant|p1b: Milotic|flinch
|move|p1a: Ceruledge|Bitter Blade|p2b: Raichu
|-damage|p2b: Raichu|18/100
|-heal|p1a: Ceruledge|56/100 par|[from] drain|[of] p2b: Raichu
|
|-heal|p1b: Milotic|94/100|[from] item: Leftovers
|upkeep
|turn|11
|
|t:|1783171140
|move|p1a: Ceruledge|Shadow Sneak|p2b: Raichu
|-damage|p2b: Raichu|0 fnt
|faint|p2b: Raichu
|move|p1b: Milotic|Muddy Water|p2a: Incineroar
|-supereffective|p2a: Incineroar|1
|-damage|p2a: Incineroar|0 fnt
|faint|p2a: Incineroar
|
|-heal|p1b: Milotic|100/100|[from] item: Leftovers
|upkeep
|
|t:|1783171144
|switch|p2b: Torkoal|Torkoal, L50, M, shiny|19/100 par
|-weather|SunnyDay|[from] ability: Drought|[of] p2b: Torkoal
|turn|12
|
|t:|1783171147
|move|p1b: Milotic|Muddy Water|p2b: Torkoal
|-supereffective|p2b: Torkoal|1
|-damage|p2b: Torkoal|0 fnt
|faint|p2b: Torkoal
|
|win|Moonlight Flutter
||Moonlight Flutter is ready for game 2.
||Quyt_DZ is ready for game 2.
|uhtml|next|Next: Game 2 of 3
