|j|☆Mclovingods
|j|☆mimomomomu
|html|Mclovingodsmimomomomu    
|uhtml|bestof|Game 3 of a best-of-3
|t:|1782335424
|gametype|doubles
|player|p1|Mclovingods|102|1069
|player|p2|mimomomomu|nate|1069
|gen|9
|tier|[Gen 9 Champions] VGC 2026 Reg M-B (Bo3)
|rated|
|rule|Species Clause: Limit one of each Pokémon
|rule|Item Clause: Limit 1 of each item
|clearpoke
|poke|p1|Delphox, L50, M|
|poke|p1|Basculegion, L50, M|
|poke|p1|Sinistcha, L50|
|poke|p1|Incineroar, L50, M|
|poke|p1|Garchomp, L50, F|
|poke|p1|Staraptor, L50, M|
|poke|p2|Dragalge, L50, F|
|poke|p2|Grimmsnarl, L50, M|
|poke|p2|Incineroar, L50, M|
|poke|p2|Sinistcha, L50|
|poke|p2|Eelektross, L50, M|
|poke|p2|Hydreigon, L50, M|
|teampreview|4
|showteam|p1|Delphox||Delphoxite|Blaze|NastyPlot,HeatWave,Psychic,Protect|Timid||M|||50|]Basculegion||MysticWater|Adaptability|WaveCrash,AquaJet,LastRespects,Protect|Jolly||M|||50|]Sinistcha||CobaBerry|Hospitality|MatchaGotcha,RagePowder,LifeDew,TrickRoom|Calm|||||50|]Incineroar||SitrusBerry|Intimidate|FakeOut,PartingShot,FlareBlitz,DarkestLariat|Careful||M|||50|]Garchomp||LifeOrb|RoughSkin|Earthquake,DragonClaw,RockSlide,Protect|Jolly||F|||50|]Staraptor||Staraptite|Intimidate|CloseCombat,BraveBird,Protect,Roost|Jolly||M|||50|
|showteam|p2|Dragalge||Dragalgite|Adaptability|DracoMeteor,SludgeBomb,Protect,Haze|Modest||F|||50|]Grimmsnarl||LightClay|Prankster|SpiritBreak,PartingShot,LightScreen,Reflect|Careful||M|||50|]Incineroar||SitrusBerry|Intimidate|FlareBlitz,ThroatChop,PartingShot,FakeOut|Careful||M|||50|]Sinistcha||CobaBerry|Hospitality|MatchaGotcha,LifeDew,RagePowder,TrickRoom|Sassy|||||50|]Eelektross||Eelektrossite|Levitate|Thunderbolt,Discharge,GigaDrain,Protect|Modest||M|||50|]Hydreigon||FocusSash|Levitate|DracoMeteor,Snarl,EarthPower,Protect|Timid||M|||50|
|
|t:|1782335451
|teamsize|p1|4
|teamsize|p2|4
|start
|switch|p1a: Staraptor|Staraptor, L50, M|100/100
|switch|p1b: Sinistcha|Sinistcha, L50|100/100
|switch|p2a: Incineroar|Incineroar, L50, M|100/100
|switch|p2b: Sinistcha|Sinistcha, L50|100/100
|-ability|p1a: Staraptor|Intimidate|boost
|-unboost|p2a: Incineroar|atk|1
|-unboost|p2b: Sinistcha|atk|1
|-ability|p2a: Incineroar|Intimidate|boost
|-unboost|p1a: Staraptor|atk|1
|-unboost|p1b: Sinistcha|atk|1
|turn|1
|
|t:|1782335478
|switch|p1b: Basculegion|Basculegion, L50, M|100/100
|detailschange|p1a: Staraptor|Staraptor-Mega, L50, M
|-mega|p1a: Staraptor|Staraptor|Staraptite
|move|p1a: Staraptor|Protect|p1a: Staraptor
|-singleturn|p1a: Staraptor|Protect
|move|p2a: Incineroar|Fake Out|p1a: Staraptor
|-activate|p1a: Staraptor|move: Protect
|move|p2b: Sinistcha|Matcha Gotcha|p1a: Staraptor|[spread] p1b
|-activate|p1a: Staraptor|move: Protect
|-supereffective|p1b: Basculegion|1
|-damage|p1b: Basculegion|47/100
|
|upkeep
|turn|2
|inactive|Battle timer is ON: inactive players will automatically lose when time's up. (requested by Mclovingods)
|
|t:|1782335522
|switch|p2a: Dragalge|Dragalge, L50, F|100/100
|move|p1a: Staraptor|Brave Bird|p2b: Sinistcha
|-supereffective|p2b: Sinistcha|1
|-enditem|p2b: Sinistcha|Coba Berry|[eat]
|-enditem|p2b: Sinistcha|Coba Berry|[weaken]
|-damage|p2b: Sinistcha|60/100
|-damage|p1a: Staraptor|85/100|[from] Recoil
|move|p1b: Basculegion|Last Respects|p2b: Sinistcha
|-supereffective|p2b: Sinistcha|1
|-damage|p2b: Sinistcha|2/100
|move|p2b: Sinistcha|Trick Room|p2b: Sinistcha
|-fieldstart|move: Trick Room|[of] p2b: Sinistcha
|
|upkeep
|turn|3
|
|t:|1782335544
|switch|p1a: Sinistcha|Sinistcha, L50|100/100
|-heal|p1b: Basculegion|72/100|[from] ability: Hospitality|[of] p1a: Sinistcha
|move|p1b: Basculegion|Aqua Jet|p2b: Sinistcha
|-resisted|p2b: Sinistcha|1
|-damage|p2b: Sinistcha|0 fnt
|faint|p2b: Sinistcha
|move|p2a: Dragalge|Sludge Bomb|p1a: Sinistcha
|-damage|p1a: Sinistcha|47/100
|
|upkeep
|
|t:|1782335554
|switch|p2b: Incineroar|Incineroar, L50, M|100/100
|-ability|p2b: Incineroar|Intimidate|boost
|-unboost|p1a: Sinistcha|atk|1
|-unboost|p1b: Basculegion|atk|1
|turn|4
|
|t:|1782335568
|switch|p1b: Garchomp|Garchomp, L50, F|100/100
|move|p2a: Dragalge|Sludge Bomb|p1a: Sinistcha
|-damage|p1a: Sinistcha|3/100
|-status|p1a: Sinistcha|psn
|move|p2b: Incineroar|Throat Chop|p1b: Garchomp
|-damage|p1b: Garchomp|70/100
|-start|p1b: Garchomp|Throat Chop|[silent]
|-damage|p2b: Incineroar|87/100|[from] ability: Rough Skin|[of] p1b: Garchomp
|move|p1a: Sinistcha|Trick Room|p1a: Sinistcha
|-fieldend|move: Trick Room
|
|-damage|p1a: Sinistcha|0 fnt|[from] psn
|faint|p1a: Sinistcha
|upkeep
|
|t:|1782335580
|switch|p1a: Basculegion|Basculegion, L50, M|72/100
|turn|5
|inactive|mimomomomu has 30 seconds left.
|inactive|mimomomomu has 20 seconds left.
|
|t:|1782335618
|switch|p2a: Grimmsnarl|Grimmsnarl, L50, M|100/100
|move|p1b: Garchomp|Rock Slide|p2b: Incineroar|[spread] p2a
|-miss|p1b: Garchomp|p2b: Incineroar
|-damage|p2a: Grimmsnarl|73/100
|-damage|p1b: Garchomp|61/100|[from] item: Life Orb
|move|p1a: Basculegion|Last Respects|p2a: Grimmsnarl
|-resisted|p2a: Grimmsnarl|1
|-damage|p2a: Grimmsnarl|44/100
|move|p2b: Incineroar|Parting Shot|p1a: Basculegion
|-unboost|p1a: Basculegion|atk|1
|-unboost|p1a: Basculegion|spa|1
|
|t:|1782335631
|switch|p2b: Dragalge|Dragalge, L50, F|100/100|[from] Parting Shot
|
|-end|p1b: Garchomp|Throat Chop|[silent]
|upkeep
|turn|6
|
|t:|1782335642
|move|p1b: Garchomp|Protect|p1b: Garchomp
|-singleturn|p1b: Garchomp|Protect
|move|p2b: Dragalge|Protect|p2b: Dragalge
|-singleturn|p2b: Dragalge|Protect
|move|p2a: Grimmsnarl|Parting Shot|p1b: Garchomp
|-activate|p1b: Garchomp|move: Protect
|move|p1a: Basculegion|Wave Crash|p2a: Grimmsnarl
|-damage|p2a: Grimmsnarl|0 fnt
|faint|p2a: Grimmsnarl
|-damage|p1a: Basculegion|56/100|[from] Recoil
|
|upkeep
|
|t:|1782335653
|switch|p2a: Incineroar|Incineroar, L50, M|87/100
|-ability|p2a: Incineroar|Intimidate|boost
|-unboost|p1a: Basculegion|atk|1
|-unboost|p1b: Garchomp|atk|1
|turn|7
|
|t:|1782335667
|switch|p1b: Staraptor|Staraptor-Mega, L50, M|85/100
|move|p1a: Basculegion|Protect|p1a: Basculegion
|-singleturn|p1a: Basculegion|Protect
|move|p2a: Incineroar|Fake Out|p1b: Staraptor
|-damage|p1b: Staraptor|73/100
|move|p2b: Dragalge|Draco Meteor|p1b: Staraptor
|-damage|p1b: Staraptor|0 fnt
|-unboost|p2b: Dragalge|spa|2
|faint|p1b: Staraptor
|
|upkeep
|
|t:|1782335676
|switch|p1b: Garchomp|Garchomp, L50, F|61/100
|turn|8
|
|t:|1782335700
|detailschange|p2b: Dragalge|Dragalge-Mega, L50, F
|-mega|p2b: Dragalge|Dragalge|Dragalgite
|move|p1b: Garchomp|Rock Slide|p2b: Dragalge|[spread] p2a,p2b
|-supereffective|p2a: Incineroar|1
|-damage|p2a: Incineroar|44/100
|-damage|p2b: Dragalge|77/100
|-enditem|p2a: Incineroar|Sitrus Berry|[eat]
|-heal|p2a: Incineroar|68/100|[from] item: Sitrus Berry
|-damage|p1b: Garchomp|51/100|[from] item: Life Orb
|move|p1a: Basculegion|Wave Crash|p2a: Incineroar
|-supereffective|p2a: Incineroar|1
|-damage|p2a: Incineroar|0 fnt
|faint|p2a: Incineroar
|-damage|p1a: Basculegion|33/100|[from] Recoil
|cant|p2b: Dragalge|flinch
|
|upkeep
|turn|9
|-message|mimomomomu forfeited.
|
|win|Mclovingods
|raw|Mclovingods's rating: 1069 → 1099(+30 for winning)
|raw|mimomomomu's rating: 1069 → 1049(-20 for losing)
|l|☆mimomomomu
|player|p2|
|c|☆Mclovingods|gg
