|j|☆plsbringregi
|j|☆new mental
|html|plsbringreginew mental    
|uhtml|bestof|Game 2 of a best-of-3
|t:|1784476788
|gametype|doubles
|player|p1|plsbringregi|265|1286
|player|p2|new mental|volkner|1244
|gen|9
|tier|[Gen 9 Champions] VGC 2026 Reg M-B (Bo3)
|rated|
|rule|Species Clause: Limit one of each Pokémon
|rule|Item Clause: Limit 1 of each item
|clearpoke
|poke|p1|Ninetales-Alola, L50, F|
|poke|p1|Incineroar, L50, M|
|poke|p1|Sinistcha, L50|
|poke|p1|Raichu, L50, M|
|poke|p1|Aerodactyl, L50, M|
|poke|p1|Kingambit, L50, F|
|poke|p2|Aerodactyl, L50, F|
|poke|p2|Garchomp, L50, F|
|poke|p2|Kingambit, L50, M|
|poke|p2|Charizard, L50, M|
|poke|p2|Sylveon, L50, F|
|poke|p2|Farigiraf, L50, F|
|teampreview|4
|showteam|p1|Ninetales-Alola||FocusSash|SnowWarning|Blizzard,Encore,FreezeDry,Protect|Timid||F|||50|]Incineroar||SitrusBerry|Intimidate|FlareBlitz,ThroatChop,FakeOut,PartingShot|Careful||M|||50|]Sinistcha||KasibBerry|Hospitality|MatchaGotcha,RagePowder,TrickRoom,Protect|Bold|||||50|]Raichu||RaichuniteY|LightningRod|ZapCannon,FocusBlast,FakeOut,Protect|Timid||M|||50|]Aerodactyl||Aerodactylite|Unnerve|RockSlide,DualWingbeat,WideGuard,Tailwind|Jolly||M|||50|]Kingambit||BlackGlasses|Defiant|KowtowCleave,SuckerPunch,SwordsDance,Protect|Adamant||F|||50|
|showteam|p2|Aerodactyl||Aerodactylite|Unnerve|IceFang,RockSlide,Tailwind,DualWingbeat|Jolly||F|||50|]Garchomp||LifeOrb|RoughSkin|DragonClaw,RockSlide,Earthquake,Protect|Jolly||F|||50|]Kingambit||FocusSash|Defiant|SuckerPunch,KowtowCleave,IronHead,LowKick|Adamant||M|||50|]Charizard||CharizarditeY|SolarPower|Protect,WeatherBall,HeatWave,SolarBeam|Modest||M|||50|]Sylveon||FairyFeather|Pixilate|Protect,HyperVoice,HyperBeam,QuickAttack|Modest||F|||50|]Farigiraf||SitrusBerry|ArmorTail|TrickRoom,Thunderbolt,Roar,Psychic|Bold||F|||50|
|inactive|Battle timer is ON: inactive players will automatically lose when time's up. (requested by new mental)
|
|t:|1784476809
|teamsize|p1|4
|teamsize|p2|4
|start
|switch|p1a: Raichu|Raichu, L50, M|100/100
|switch|p1b: Sinistcha|Sinistcha, L50|100/100
|switch|p2a: Aerodactyl|Aerodactyl, L50, F|100/100
|switch|p2b: Kingambit|Kingambit, L50, M|100/100
|-ability|p2a: Aerodactyl|Unnerve
|turn|1
|
|t:|1784476830
|detailschange|p2a: Aerodactyl|Aerodactyl-Mega, L50, F
|-mega|p2a: Aerodactyl|Aerodactyl|Aerodactylite
|detailschange|p1a: Raichu|Raichu-Mega-Y, L50, M
|-mega|p1a: Raichu|Raichu|Raichunite Y
|move|p2a: Aerodactyl|Tailwind|p2a: Aerodactyl
|-sidestart|p2: new mental|move: Tailwind
|move|p2b: Kingambit|Kowtow Cleave|p1b: Sinistcha
|-supereffective|p1b: Sinistcha|1
|-damage|p1b: Sinistcha|14/100
|move|p1a: Raichu|Focus Blast|p2b: Kingambit
|-supereffective|p2b: Kingambit|2
|-enditem|p2b: Kingambit|Focus Sash
|-damage|p2b: Kingambit|1/100
|move|p1b: Sinistcha|Matcha Gotcha|p2a: Aerodactyl|[spread] p2a,p2b
|-resisted|p2b: Kingambit|1
|-crit|p2b: Kingambit
|-damage|p2a: Aerodactyl|70/100
|-heal|p1b: Sinistcha|28/100|[from] drain|[of] p2a: Aerodactyl
|-damage|p2b: Kingambit|0 fnt
|-heal|p1b: Sinistcha|29/100|[from] drain|[of] p2b: Kingambit
|faint|p2b: Kingambit
|
|upkeep
|
|t:|1784476838
|switch|p2b: Garchomp|Garchomp, L50, F|100/100
|turn|2
|inactive|plsbringregi has 30 seconds left.
|
|t:|1784476864
|switch|p1b: Kingambit|Kingambit, L50, F|100/100
|move|p1a: Raichu|Protect|p1a: Raichu
|-singleturn|p1a: Raichu|Protect
|move|p2a: Aerodactyl|Rock Slide|p1a: Raichu|[spread] p1b
|-activate|p1a: Raichu|move: Protect
|-resisted|p1b: Kingambit|1
|-damage|p1b: Kingambit|90/100
|move|p2b: Garchomp|Earthquake|p1a: Raichu|[spread] p1b
|-activate|p1a: Raichu|move: Protect
|-immune|p2a: Aerodactyl
|-supereffective|p1b: Kingambit|1
|-damage|p1b: Kingambit|17/100
|-damage|p2b: Garchomp|90/100|[from] item: Life Orb
|
|upkeep
|turn|3
|
|t:|1784476882
|switch|p1a: Sinistcha|Sinistcha, L50|29/100
|-heal|p1b: Kingambit|42/100|[from] ability: Hospitality|[of] p1a: Sinistcha
|move|p1b: Kingambit|Sucker Punch|p2a: Aerodactyl
|-damage|p2a: Aerodactyl|21/100
|move|p2a: Aerodactyl|Rock Slide|p1b: Kingambit|[spread] p1a,p1b
|-resisted|p1b: Kingambit|1
|-damage|p1a: Sinistcha|7/100
|-damage|p1b: Kingambit|32/100
|move|p2b: Garchomp|Earthquake|p1a: Sinistcha|[spread] p1a,p1b
|-immune|p2a: Aerodactyl
|-resisted|p1a: Sinistcha|1
|-supereffective|p1b: Kingambit|1
|-damage|p1a: Sinistcha|0 fnt
|-damage|p1b: Kingambit|0 fnt
|faint|p1a: Sinistcha
|faint|p1b: Kingambit
|-damage|p2b: Garchomp|80/100|[from] item: Life Orb
|
|upkeep
|
|t:|1784476888
|switch|p1a: Raichu|Raichu-Mega-Y, L50, M|100/100
|switch|p1b: Ninetales|Ninetales-Alola, L50, F|100/100
|-weather|Snowscape|[from] ability: Snow Warning|[of] p1b: Ninetales
|turn|4
|
|t:|1784476912
|move|p1a: Raichu|Protect|p1a: Raichu
|-singleturn|p1a: Raichu|Protect
|move|p2a: Aerodactyl|Rock Slide|p1b: Ninetales|[spread] p1b
|-activate|p1a: Raichu|move: Protect
|-supereffective|p1b: Ninetales|1
|-damage|p1b: Ninetales|50/100g
|move|p2b: Garchomp|Earthquake|p1a: Raichu|[spread] p1b
|-activate|p1a: Raichu|move: Protect
|-immune|p2a: Aerodactyl
|-damage|p1b: Ninetales|0 fnt
|faint|p1b: Ninetales
|-damage|p2b: Garchomp|70/100|[from] item: Life Orb
|
|-weather|Snowscape|[upkeep]
|-sideend|p2: new mental|move: Tailwind
|upkeep
|turn|5
|-message|plsbringregi forfeited.
|
|win|new mental
|raw|plsbringregi's rating: 1286 → 1258(-28 for losing)
|raw|new mental's rating: 1244 → 1272(+28 for winning)
|l|☆plsbringregi
|player|p1|
