|j|☆Fayzginger
|j|☆PerishingSongVGC
|html|FayzgingerPerishingSongVGC    
|uhtml|bestof|Game 1 of a best-of-3
|t:|1757657462
|gametype|doubles
|player|p1|Fayzginger|101|1166
|player|p2|PerishingSongVGC|266|1047
|gen|9
|tier|[Gen 9] VGC 2025 Reg H (Bo3)
|rated|
|rule|Species Clause: Limit one of each Pokémon
|rule|Item Clause: Limit 1 of each item
|clearpoke
|poke|p1|Tyranitar, L50, F|
|poke|p1|Garchomp, L50, M|
|poke|p1|Indeedee, L50, M|
|poke|p1|Sneasler, L50, M|
|poke|p1|Talonflame, L50, M|
|poke|p1|Electabuzz, L50, M|
|poke|p2|Gothitelle, L50, M|
|poke|p2|Politoed, L50, F|
|poke|p2|Incineroar, L50, M|
|poke|p2|Flamigo, L50, F|
|poke|p2|Amoonguss, L50, M|
|poke|p2|Archaludon, L50, F|
|teampreview|4
|showteam|p1|Tyranitar||AssaultVest|SandStream|TeraBlast,KnockOff,RockSlide,LowKick|||F|||50|,,,,,Flying]Garchomp||LifeOrb|RoughSkin|Protect,DragonClaw,StompingTantrum,Earthquake|||M|||50|,,,,,Ground]Indeedee||ChoiceScarf|PsychicSurge|ExpandingForce,TeraBlast,Trick,Protect|||M|||50|,,,,,Psychic]Sneasler||PsychicSeed|Unburden|Protect,CloseCombat,DireClaw,ThroatChop|||M|||50|,,,,,Dark]Talonflame||CovertCloak|GaleWings|FlareBlitz,BraveBird,Tailwind,WillOWisp|||M|||50|,,,,,Grass]Electabuzz||Eviolite|VitalSpirit|FollowMe,Thunderbolt,Protect,Taunt|||M|||50|,,,,,Fairy
|showteam|p2|Gothitelle||SitrusBerry|ShadowTag|Psychic,Hypnosis,FakeOut,Protect|||M|||50|,,,,,Dragon]Politoed||MentalHerb|Drizzle|MuddyWater,Haze,PerishSong,Protect|||F|||50|,,,,,Grass]Incineroar||CovertCloak|Intimidate|FakeOut,PartingShot,KnockOff,FlareBlitz|||M|||50|,,,,,Ghost]Flamigo||FocusSash|Scrappy|CloseCombat,BraveBird,WideGuard,Protect|||F|||50|,,,,,Steel]Amoonguss||RockyHelmet|Regenerator|PollenPuff,Spore,RagePowder,Protect|||M|||50|,,,,,Dark]Archaludon||PowerHerb|Sturdy|ElectroShot,DracoMeteor,FlashCannon,Protect|||F|||50|,,,,,Steel
|
|t:|1757657508
|teamsize|p1|4
|teamsize|p2|4
|start
|switch|p1a: Electabuzz|Electabuzz, L50, M, shiny|100/100
|switch|p1b: Fart Smella|Sneasler, L50, M, shiny|100/100
|switch|p2a: Incineroar|Incineroar, L50, M|100/100
|switch|p2b: Politoed|Politoed, L50, F|100/100
|-weather|RainDance|[from] ability: Drizzle|[of] p2b: Politoed
|-ability|p2a: Incineroar|Intimidate|boost
|-unboost|p1a: Electabuzz|atk|1
|-unboost|p1b: Fart Smella|atk|1
|turn|1
|
|t:|1757657517
|switch|p1b: Tyranitar|Tyranitar, L50, F, shiny|100/100
|-weather|Sandstorm|[from] ability: Sand Stream|[of] p1b: Tyranitar
|move|p1a: Electabuzz|Taunt|p2b: Politoed
|-start|p2b: Politoed|move: Taunt
|-enditem|p2b: Politoed|Mental Herb
|-end|p2b: Politoed|move: Taunt
|move|p2b: Politoed|Perish Song|p2b: Politoed
|-start|p1a: Electabuzz|perish3|[silent]
|-start|p1b: Tyranitar|perish3|[silent]
|-start|p2a: Incineroar|perish3|[silent]
|-start|p2b: Politoed|perish3|[silent]
|-fieldactivate|move: Perish Song
|move|p2a: Incineroar|Parting Shot|p1b: Tyranitar
|-unboost|p1b: Tyranitar|atk|1
|-unboost|p1b: Tyranitar|spa|1
|
|t:|1757657529
|switch|p2a: Gothitelle|Gothitelle, L50, M|100/100|[from] Parting Shot
|
|-weather|Sandstorm|[upkeep]
|-damage|p1a: Electabuzz|95/100|[from] Sandstorm
|-damage|p2b: Politoed|95/100|[from] Sandstorm
|-damage|p2a: Gothitelle|95/100|[from] Sandstorm
|-start|p1a: Electabuzz|perish3
|-start|p1b: Tyranitar|perish3
|-start|p2b: Politoed|perish3
|upkeep
|turn|2
|
|t:|1757657545
|move|p2b: Politoed|Protect|p2b: Politoed
|-singleturn|p2b: Politoed|Protect
|move|p2a: Gothitelle|Fake Out|p1b: Tyranitar
|-resisted|p1b: Tyranitar
|-damage|p1b: Tyranitar|98/100
|move|p1a: Electabuzz|Thunderbolt|p2b: Politoed
|-activate|p2b: Politoed|move: Protect
|cant|p1b: Tyranitar|flinch
|
|-weather|Sandstorm|[upkeep]
|-damage|p1a: Electabuzz|89/100|[from] Sandstorm
|-damage|p2b: Politoed|89/100|[from] Sandstorm
|-damage|p2a: Gothitelle|89/100|[from] Sandstorm
|-start|p1a: Electabuzz|perish2
|-start|p1b: Tyranitar|perish2
|-start|p2b: Politoed|perish2
|upkeep
|turn|3
|
|t:|1757657578
|switch|p2b: Incineroar|Incineroar, L50, M|100/100
|-ability|p2b: Incineroar|Intimidate|boost
|-unboost|p1a: Electabuzz|atk|1
|-unboost|p1b: Tyranitar|atk|1
|move|p2a: Gothitelle|Protect|p2a: Gothitelle
|-singleturn|p2a: Gothitelle|Protect
|move|p1a: Electabuzz|Thunderbolt|p2b: Incineroar
|-damage|p2b: Incineroar|79/100
|move|p1b: Tyranitar|Rock Slide|p2b: Incineroar|[spread] p2b
|-activate|p2a: Gothitelle|move: Protect
|-supereffective|p2b: Incineroar
|-damage|p2b: Incineroar|52/100
|
|-weather|Sandstorm|[upkeep]
|-damage|p1a: Electabuzz|83/100|[from] Sandstorm
|-damage|p2a: Gothitelle|83/100|[from] Sandstorm
|-damage|p2b: Incineroar|46/100|[from] Sandstorm
|-start|p1a: Electabuzz|perish1
|-start|p1b: Tyranitar|perish1
|upkeep
|turn|4
|
|t:|1757657604
|switch|p2a: Politoed|Politoed, L50, F|89/100
|-weather|RainDance|[from] ability: Drizzle|[of] p2a: Politoed
|move|p2b: Incineroar|Fake Out|p1b: Tyranitar
|-resisted|p1b: Tyranitar
|-damage|p1b: Tyranitar|93/100
|move|p1a: Electabuzz|Thunderbolt|p2a: Politoed
|-supereffective|p2a: Politoed
|-damage|p2a: Politoed|30/100
|cant|p1b: Tyranitar|flinch
|
|-weather|RainDance|[upkeep]
|-start|p1a: Electabuzz|perish0
|-start|p1b: Tyranitar|perish0
|upkeep
|faint|p1a: Electabuzz
|faint|p1b: Tyranitar
|
|t:|1757657608
|switch|p1a: Smart Fella|Indeedee, L50, M, shiny|100/100
|switch|p1b: Fart Smella|Sneasler, L50, M, shiny|100/100
|-fieldstart|move: Psychic Terrain|[from] ability: Psychic Surge|[of] p1a: Smart Fella
|-enditem|p1b: Fart Smella|Psychic Seed
|-boost|p1b: Fart Smella|spd|1|[from] item: Psychic Seed
|turn|5
|
|t:|1757657643
|switch|p2b: Gothitelle|Gothitelle, L50, M|83/100
|-terastallize|p1a: Smart Fella|Psychic
|move|p1b: Fart Smella|Close Combat|p2b: Gothitelle
|-resisted|p2b: Gothitelle
|-damage|p2b: Gothitelle|55/100
|-unboost|p1b: Fart Smella|def|1
|-unboost|p1b: Fart Smella|spd|1
|move|p1a: Smart Fella|Expanding Force|p2a: Politoed|[spread] p2a,p2b
|-resisted|p2b: Gothitelle
|-crit|p2b: Gothitelle
|-damage|p2a: Politoed|0 fnt
|-damage|p2b: Gothitelle|7/100
|-enditem|p2b: Gothitelle|Sitrus Berry|[eat]
|-heal|p2b: Gothitelle|32/100|[from] item: Sitrus Berry
|faint|p2a: Politoed
|
|-weather|RainDance|[upkeep]
|upkeep
|
|t:|1757657660
|switch|p2a: Incineroar|Incineroar, L50, M|46/100
|-ability|p2a: Incineroar|Intimidate|boost
|-unboost|p1a: Smart Fella|atk|1
|-unboost|p1b: Fart Smella|atk|1
|turn|6
|
|t:|1757657686
|switch|p2a: Archaludon|Archaludon, L50, F|100/100
|move|p1b: Fart Smella|Close Combat|p2a: Archaludon
|-supereffective|p2a: Archaludon
|-damage|p2a: Archaludon|19/100
|-unboost|p1b: Fart Smella|def|1
|-unboost|p1b: Fart Smella|spd|1
|move|p1a: Smart Fella|Expanding Force|p2b: Gothitelle|[spread] p2a,p2b
|-resisted|p2a: Archaludon
|-resisted|p2b: Gothitelle
|-damage|p2a: Archaludon|0 fnt
|-damage|p2b: Gothitelle|0 fnt
|faint|p2a: Archaludon
|faint|p2b: Gothitelle
|
|-weather|RainDance|[upkeep]
|upkeep
|
|t:|1757657696
|switch|p2b: Incineroar|Incineroar, L50, M|46/100
|-ability|p2b: Incineroar|Intimidate|boost
|-unboost|p1a: Smart Fella|atk|1
|-unboost|p1b: Fart Smella|atk|1
|turn|7
|
|t:|1757657701
|move|p1b: Fart Smella|Close Combat|p2b: Incineroar
|-supereffective|p2b: Incineroar
|-damage|p2b: Incineroar|0 fnt
|-unboost|p1b: Fart Smella|def|1
|-unboost|p1b: Fart Smella|spd|1
|faint|p2b: Incineroar
|
|win|Fayzginger
||PerishingSongVGC is ready for game 2.
||Fayzginger is ready for game 2.
|uhtml|next|Next: Game 2 of 3
|l|☆PerishingSongVGC
|player|p2|
