|j|☆Professor_J93
|j|☆Gancelot
|html|Professor_J93Gancelot    
|uhtml|bestof|Game 2 of a best-of-3
|t:|1783538218
|gametype|doubles
|player|p1|Professor_J93|n|1279
|player|p2|Gancelot|morty|1365
|gen|9
|tier|[Gen 9 Champions] VGC 2026 Reg M-B (Bo3)
|rated|
|rule|Species Clause: Limit one of each Pokémon
|rule|Item Clause: Limit 1 of each item
|clearpoke
|poke|p1|Eelektross, L50, M|
|poke|p1|Talonflame, L50, M|
|poke|p1|Garchomp, L50, F|
|poke|p1|Mawile, L50, M|
|poke|p1|Sinistcha, L50|
|poke|p1|Sneasler, L50, F|
|poke|p2|Garchomp, L50, F|
|poke|p2|Venusaur, L50, F|
|poke|p2|Incineroar, L50, M|
|poke|p2|Charizard, L50, M|
|poke|p2|Toxapex, L50, M|
|poke|p2|Annihilape, L50, M|
|teampreview|4
|showteam|p1|Eelektross||Eelektrossite|Levitate|Thunderbolt,GigaDrain,DragonPulse,Protect|Modest||M|||50|]Talonflame||LifeOrb|GaleWings|BraveBird,Overheat,Tailwind,Protect|Naive||M|||50|]Garchomp||FocusSash|RoughSkin|DragonClaw,Earthquake,RockSlide,Protect|Jolly||F|||50|]Mawile||Mawilite|Intimidate|IronHead,PlayRough,SuckerPunch,Protect|Adamant||M|||50|]Sinistcha||KasibBerry|Hospitality|MatchaGotcha,RagePowder,TrickRoom,Protect|Bold|||||50|]Sneasler||WhiteHerb|Unburden|DireClaw,CloseCombat,FakeOut,Protect|Adamant||F|||50|
|showteam|p2|Garchomp||ChoiceScarf|RoughSkin|Earthquake,RockSlide,DragonClaw,StompingTantrum|Adamant||F|||50|]Venusaur||LifeOrb|Chlorophyll|SludgeBomb,SolarBeam,EarthPower,Protect|Modest||F|||50|]Incineroar||SitrusBerry|Intimidate|FakeOut,FlareBlitz,ThroatChop,PartingShot|Impish||M|||50|]Charizard||CharizarditeY|Blaze|HeatWave,WeatherBall,Protect,HelpingHand|Modest||M|||50|]Toxapex||Leftovers|Regenerator|Infestation,Toxic,WideGuard,BanefulBunker|Impish||M|||50|]Annihilape||FocusSash|Defiant|CloseCombat,PhantomForce,RockTomb,Protect|Jolly||M|||50|
|inactive|Battle timer is ON: inactive players will automatically lose when time's up. (requested by Gancelot)
|
|t:|1783538240
|teamsize|p1|4
|teamsize|p2|4
|start
|switch|p1a: Eelektross|Eelektross, L50, M|100/100
|switch|p1b: Talonflame|Talonflame, L50, M|100/100
|switch|p2a: Annihilape|Annihilape, L50, M|100/100
|switch|p2b: Charizard|Charizard, L50, M|100/100
|turn|1
|
|t:|1783538252
|detailschange|p2b: Charizard|Charizard-Mega-Y, L50, M
|-mega|p2b: Charizard|Charizard|Charizardite Y
|-weather|SunnyDay|[from] ability: Drought|[of] p2b: Charizard
|detailschange|p1a: Eelektross|Eelektross-Mega, L50, M
|-mega|p1a: Eelektross|Eelektross|Eelektrossite
|move|p1b: Talonflame|Tailwind|p1b: Talonflame
|-sidestart|p1: Professor_J93|move: Tailwind
|move|p1a: Eelektross|Thunderbolt|p2b: Charizard
|-supereffective|p2b: Charizard|1
|-damage|p2b: Charizard|12/100
|move|p2a: Annihilape|Phantom Force||[still]
|-prepare|p2a: Annihilape|Phantom Force
|move|p2b: Charizard|Weather Ball|p1a: Eelektross
|-damage|p1a: Eelektross|10/100
|
|-weather|SunnyDay|[upkeep]
|upkeep
|turn|2
|inactive|Professor_J93 has 30 seconds left.
|
|t:|1783538277
|switch|p1b: Sinistcha|Sinistcha, L50|100/100
|-heal|p1a: Eelektross|35/100|[from] ability: Hospitality|[of] p1b: Sinistcha
|move|p2b: Charizard|Protect|p2b: Charizard
|-singleturn|p2b: Charizard|Protect
|move|p1a: Eelektross|Giga Drain|p1b: Sinistcha
|-resisted|p1b: Sinistcha|1
|-damage|p1b: Sinistcha|84/100
|-heal|p1a: Eelektross|42/100|[from] drain|[of] p1b: Sinistcha
|move|p2a: Annihilape|Phantom Force|p1b: Sinistcha|[from] lockedmove
|-supereffective|p1b: Sinistcha|1
|-enditem|p1b: Sinistcha|Kasib Berry|[eat]
|-enditem|p1b: Sinistcha|Kasib Berry|[weaken]
|-damage|p1b: Sinistcha|50/100y
|
|-weather|SunnyDay|[upkeep]
|upkeep
|turn|3
|inactive|Gancelot has 30 seconds left.
|
|t:|1783538304
|switch|p2b: Venusaur|Venusaur, L50, F|100/100
|move|p1b: Sinistcha|Rage Powder|p1b: Sinistcha
|-singleturn|p1b: Sinistcha|move: Rage Powder
|move|p1a: Eelektross|Thunderbolt|p2b: Venusaur
|-resisted|p2b: Venusaur|1
|-damage|p2b: Venusaur|69/100
|move|p2a: Annihilape|Phantom Force||[still]
|-prepare|p2a: Annihilape|Phantom Force
|
|-weather|SunnyDay|[upkeep]
|upkeep
|turn|4
|
|t:|1783538326
|switch|p1a: Garchomp|Garchomp, L50, F|100/100
|move|p2b: Venusaur|Protect|p2b: Venusaur
|-singleturn|p2b: Venusaur|Protect
|move|p1b: Sinistcha|Matcha Gotcha|p2a: Annihilape|[spread] 
|-miss|p1b: Sinistcha|p2a: Annihilape
|-activate|p2b: Venusaur|move: Protect
|move|p2a: Annihilape|Phantom Force|p1a: Garchomp|[from] lockedmove
|-crit|p1a: Garchomp
|-damage|p1a: Garchomp|39/100
|-damage|p2a: Annihilape|87/100|[from] ability: Rough Skin|[of] p1a: Garchomp
|
|-weather|SunnyDay|[upkeep]
|-sideend|p1: Professor_J93|move: Tailwind
|upkeep
|turn|5
|inactive|Gancelot has 30 seconds left.
|inactive|Gancelot has 20 seconds left.
|
|t:|1783538362
|switch|p1b: Talonflame|Talonflame, L50, M|100/100
|move|p2b: Venusaur|Sludge Bomb|p1b: Talonflame
|-damage|p1b: Talonflame|2/100
|-damage|p2b: Venusaur|59/100|[from] item: Life Orb
|move|p1a: Garchomp|Earthquake|p2b: Venusaur|[spread] p2a,p2b
|-immune|p1b: Talonflame
|-damage|p2a: Annihilape|40/100
|-damage|p2b: Venusaur|14/100
|move|p2a: Annihilape|Phantom Force||[still]
|-prepare|p2a: Annihilape|Phantom Force
|
|-weather|none
|upkeep
|turn|6
|
|t:|1783538385
|switch|p2b: Garchomp|Garchomp, L50, F|100/100
|move|p1b: Talonflame|Tailwind|p1b: Talonflame
|-sidestart|p1: Professor_J93|move: Tailwind
|move|p1a: Garchomp|Earthquake|p2a: Annihilape|[spread] p2b
|-miss|p1a: Garchomp|p2a: Annihilape
|-immune|p1b: Talonflame
|-damage|p2b: Garchomp|61/100
|move|p2a: Annihilape|Phantom Force|p1a: Garchomp|[from] lockedmove
|-damage|p1a: Garchomp|0 fnt
|-damage|p2a: Annihilape|27/100|[from] ability: Rough Skin|[of] p1a: Garchomp
|faint|p1a: Garchomp
|
|upkeep
|
|t:|1783538396
|switch|p1a: Eelektross|Eelektross-Mega, L50, M|42/100
|turn|7
|
|t:|1783538409
|move|p2a: Annihilape|Protect|p2a: Annihilape
|-singleturn|p2a: Annihilape|Protect
|move|p1b: Talonflame|Brave Bird|p2b: Garchomp
|-damage|p2b: Garchomp|11/100
|-damage|p1b: Talonflame|0 fnt|[from] ability: Rough Skin|[of] p2b: Garchomp
|faint|p1b: Talonflame
|move|p2b: Garchomp|Dragon Claw|p1a: Eelektross
|-crit|p1a: Eelektross
|-damage|p1a: Eelektross|0 fnt
|faint|p1a: Eelektross
|
|upkeep
|
|t:|1783538415
|switch|p1b: Sinistcha|Sinistcha, L50|50/100y
|turn|8
|
|t:|1783538425
|switch|p2b: Charizard|Charizard-Mega-Y, L50, M|12/100
|-weather|SunnyDay|[from] ability: Drought|[of] p2b: Charizard
|move|p1b: Sinistcha|Matcha Gotcha|p2a: Annihilape|[spread] p2a,p2b
|-resisted|p2b: Charizard|2
|-damage|p2a: Annihilape|0 fnt
|-heal|p1b: Sinistcha|64/100|[from] drain|[of] p2a: Annihilape
|-damage|p2b: Charizard|8/100
|-heal|p1b: Sinistcha|67/100|[from] drain|[of] p2b: Charizard
|faint|p2a: Annihilape
|
|-weather|SunnyDay|[upkeep]
|upkeep
|
|t:|1783538431
|switch|p2a: Venusaur|Venusaur, L50, F|14/100
|turn|9
|-message|Professor_J93 forfeited.
|
|win|Gancelot
