|j|☆Mirokart 8 Deluxe
|j|☆Yunobo7
|html|Mirokart 8 DeluxeYunobo7    
|uhtml|bestof|Game 2 of a best-of-3
|t:|1757690549
|gametype|doubles
|player|p1|Mirokart 8 Deluxe|169|1454
|player|p2|Yunobo7|266|1364
|gen|9
|tier|[Gen 9] VGC 2025 Reg H (Bo3)
|rated|
|rule|Species Clause: Limit one of each Pokémon
|rule|Item Clause: Limit 1 of each item
|clearpoke
|poke|p1|Rillaboom, L50, F|
|poke|p1|Kingambit, L50, F|
|poke|p1|Dragapult, L50, F|
|poke|p1|Sneasler, L50, M|
|poke|p1|Primarina, L50, M|
|poke|p1|Electabuzz, L50, F|
|poke|p2|Glimmora, L50, F|
|poke|p2|Maushold-Four, L50|
|poke|p2|Incineroar, L50, M|
|poke|p2|Rillaboom, L50, M|
|poke|p2|Dondozo, L50, M|
|poke|p2|Sneasler, L50, M|
|teampreview|4
|showteam|p1|Rillaboom||AssaultVest|GrassySurge|FakeOut,GrassyGlide,WoodHammer,HighHorsepower|||F|||50|,,,,,Fire]Kingambit||SafetyGoggles|Defiant|KowtowCleave,SuckerPunch,SwordsDance,Protect|||F|||50|,,,,,Ghost]Dragapult||ChoiceBand|ClearBody|DragonDarts,Outrage,Uturn,PhantomForce|||F|||50|,,,,,Dragon]Sneasler||FocusSash|Unburden|DireClaw,CloseCombat,FakeOut,Protect|||M|||50|,,,,,Stellar]Primarina||ThroatSpray|LiquidVoice|HyperVoice,Moonblast,Haze,Protect|||M|||50|,,,,,Poison]Electabuzz||Eviolite|VitalSpirit|FollowMe,Taunt,Electroweb,Protect|||F|||50|,,,,,Fairy
|showteam|p2|Glimmora||PowerHerb|ToxicDebris|MeteorBeam,EarthPower,SludgeBomb,SpikyShield|||F|||50|,,,,,Grass]Maushold-Four||WideLens|Technician|PopulationBomb,FollowMe,Taunt,Protect||||||50|,,,,,Ghost]Incineroar||SafetyGoggles|Intimidate|FlareBlitz,PartingShot,KnockOff,FakeOut|||M|||50|,,,,,Ghost]Rillaboom||AssaultVest|GrassySurge|WoodHammer,HighHorsepower,GrassyGlide,FakeOut|||M|||50|,,,,,Fire]Dondozo||Leftovers|Unaware|WaveCrash,Yawn,Fissure,Protect|||M|||50|,,,,,Grass]Sneasler||GrassySeed|Unburden|DireClaw,Acrobatics,CloseCombat,Protect|||M|||50|,,,,,Flying
|inactive|Battle timer is ON: inactive players will automatically lose when time's up. (requested by Yunobo7)
|inactive|Yunobo7 has 60 seconds left.
|
|t:|1757690580
|teamsize|p1|4
|teamsize|p2|4
|start
|switch|p1a: Sneasler|Sneasler, L50, M|100/100
|switch|p1b: Dragapult|Dragapult, L50, F|100/100
|switch|p2a: Glimmora|Glimmora, L50, F, shiny|100/100
|switch|p2b: Maushold|Maushold-Four, L50, shiny|100/100
|turn|1
|
|t:|1757690594
|switch|p1a: Kingambit|Kingambit, L50, F|100/100
|-terastallize|p1b: Dragapult|Dragon
|move|p2b: Maushold|Protect|p2b: Maushold
|-singleturn|p2b: Maushold|Protect
|move|p2a: Glimmora|Spiky Shield|p2a: Glimmora
|-singleturn|p2a: Glimmora|move: Protect
|move|p1b: Dragapult|Dragon Darts|p2a: Glimmora
|-activate|p2b: Maushold|move: Protect
|
|upkeep
|turn|2
|
|t:|1757690604
|move|p2b: Maushold|Follow Me|p2b: Maushold
|-singleturn|p2b: Maushold|move: Follow Me
|move|p1a: Kingambit|Sucker Punch||[still]
|-fail|p1a: Kingambit
|move|p1b: Dragapult|Dragon Darts|p2b: Maushold
|-damage|p2b: Maushold|10/100
|-anim|p1b: Dragapult|Dragon Darts|p2b: Maushold
|-damage|p2b: Maushold|0 fnt
|faint|p2b: Maushold
|move|p2a: Glimmora|Meteor Beam||[still]
|-prepare|p2a: Glimmora|Meteor Beam
|-boost|p2a: Glimmora|spa|1
|-enditem|p2a: Glimmora|Power Herb
|-anim|p2a: Glimmora|Meteor Beam|p1b: Dragapult
|-crit|p1b: Dragapult
|-damage|p1b: Dragapult|0 fnt
|faint|p1b: Dragapult
|
|upkeep
|
|t:|1757690612
|switch|p1b: Sneasler|Sneasler, L50, M|100/100
|switch|p2b: Dondozo|Dondozo, L50, M, shiny|100/100
|turn|3
|
|t:|1757690625
|switch|p1a: Electabuzz|Electabuzz, L50, F|100/100
|move|p1b: Sneasler|Dire Claw|p2b: Dondozo
|-damage|p2b: Dondozo|72/100
|-status|p2b: Dondozo|psn
|move|p2a: Glimmora|Earth Power|p1a: Electabuzz
|-supereffective|p1a: Electabuzz
|-crit|p1a: Electabuzz
|-damage|p1a: Electabuzz|11/100
|-unboost|p1a: Electabuzz|spd|1
|move|p2b: Dondozo|Wave Crash|p1a: Electabuzz
|-damage|p1a: Electabuzz|0 fnt
|faint|p1a: Electabuzz
|-damage|p2b: Dondozo|70/100 psn|[from] Recoil
|
|-heal|p2b: Dondozo|76/100 psn|[from] item: Leftovers
|-damage|p2b: Dondozo|64/100 psn|[from] psn
|upkeep
|
|t:|1757690639
|switch|p1a: Kingambit|Kingambit, L50, F|100/100
|turn|4
|
|t:|1757690657
|move|p1b: Sneasler|Protect|p1b: Sneasler
|-singleturn|p1b: Sneasler|Protect
|move|p2a: Glimmora|Spiky Shield|p2a: Glimmora
|-singleturn|p2a: Glimmora|move: Protect
|move|p1a: Kingambit|Protect|p1a: Kingambit
|-singleturn|p1a: Kingambit|Protect
|move|p2b: Dondozo|Wave Crash|p1b: Sneasler
|-activate|p1b: Sneasler|move: Protect
|
|-heal|p2b: Dondozo|70/100 psn|[from] item: Leftovers
|-damage|p2b: Dondozo|58/100 psn|[from] psn
|upkeep
|turn|5
|
|t:|1757690670
|move|p1a: Kingambit|Sucker Punch||[still]
|-fail|p1a: Kingambit
|move|p1b: Sneasler|Close Combat|p2b: Dondozo
|-damage|p2b: Dondozo|20/100 psn
|-unboost|p1b: Sneasler|def|1
|-unboost|p1b: Sneasler|spd|1
|move|p2a: Glimmora|Earth Power|p1a: Kingambit
|-supereffective|p1a: Kingambit
|-damage|p1a: Kingambit|7/100
|move|p2b: Dondozo|Yawn|p1a: Kingambit
|-start|p1a: Kingambit|move: Yawn|[of] p2b: Dondozo
|
|-heal|p2b: Dondozo|26/100 psn|[from] item: Leftovers
|-damage|p2b: Dondozo|14/100 psn|[from] psn
|upkeep
|turn|6
|
|t:|1757690682
|move|p2a: Glimmora|Spiky Shield|p2a: Glimmora
|-singleturn|p2a: Glimmora|move: Protect
|move|p1a: Kingambit|Sucker Punch||[still]
|-fail|p1a: Kingambit
|move|p1b: Sneasler|Close Combat|p2a: Glimmora
|-activate|p2a: Glimmora|move: Protect
|-damage|p1b: Sneasler|88/100|[from] Spiky Shield|[of] p2a: Glimmora
|move|p2b: Dondozo|Wave Crash|p1b: Sneasler
|-damage|p1b: Sneasler|22/100
|-damage|p2b: Dondozo|0 fnt|[from] Recoil
|faint|p2b: Dondozo
|
|-end|p1a: Kingambit|move: Yawn|[silent]
|-status|p1a: Kingambit|slp
|upkeep
|
|t:|1757690684
|switch|p2b: Incineroar|Incineroar, L50, M, shiny|100/100
|-ability|p2b: Incineroar|Intimidate|boost
|-unboost|p1a: Kingambit|atk|1
|-ability|p1a: Kingambit|Defiant|boost
|-boost|p1a: Kingambit|atk|2
|-unboost|p1b: Sneasler|atk|1
|turn|7
|
|t:|1757690693
|-terastallize|p2b: Incineroar|Ghost
|move|p1b: Sneasler|Protect|p1b: Sneasler
|-singleturn|p1b: Sneasler|Protect
|cant|p1a: Kingambit|slp
|move|p2a: Glimmora|Earth Power|p1b: Sneasler
|-activate|p1b: Sneasler|move: Protect
|move|p2b: Incineroar|Knock Off|p1a: Kingambit
|-resisted|p1a: Kingambit
|-damage|p1a: Kingambit|0 fnt
|-enditem|p1a: Kingambit|Safety Goggles|[from] move: Knock Off|[of] p2b: Incineroar
|faint|p1a: Kingambit
|
|upkeep
|turn|8
|
|t:|1757690705
|move|p1b: Sneasler|Close Combat|p2a: Glimmora
|-damage|p2a: Glimmora|44/100
|-unboost|p1b: Sneasler|def|1
|-unboost|p1b: Sneasler|spd|1
|-activate|p2a: Glimmora|ability: Toxic Debris
|-sidestart|p1: Mirokart 8 Deluxe|move: Toxic Spikes
|move|p2a: Glimmora|Earth Power|p1b: Sneasler
|-supereffective|p1b: Sneasler
|-damage|p1b: Sneasler|0 fnt
|faint|p1b: Sneasler
|
|win|Yunobo7
|raw|Mirokart 8 Deluxe's rating: 1454 → 1429(-25 for losing)
|raw|Yunobo7's rating: 1364 → 1389(+25 for winning)
|l|☆Mirokart 8 Deluxe
|player|p1|
|l|☆Yunobo7
|player|p2|
|j|☆Yunobo7
|player|p2|Yunobo7|266|
