|j|☆strifesada
|j|☆TopekaMelon
|html|strifesadaTopekaMelon    
|uhtml|bestof|Game 1 of a best-of-3
|t:|1783901540
|gametype|doubles
|player|p1|strifesada|piers|1280
|player|p2|TopekaMelon|sabrina|1243
|gen|9
|tier|[Gen 9 Champions] VGC 2026 Reg M-B (Bo3)
|rated|
|rule|Species Clause: Limit one of each Pokémon
|rule|Item Clause: Limit 1 of each item
|clearpoke
|poke|p1|Raichu, L50, M|
|poke|p1|Incineroar, L50, M|
|poke|p1|Sylveon, L50, F|
|poke|p1|Whimsicott, L50, M|
|poke|p1|Basculegion, L50, M|
|poke|p1|Metagross, L50|
|poke|p2|Farigiraf, L50, F|
|poke|p2|Torkoal, L50, M|
|poke|p2|Incineroar, L50, M|
|poke|p2|Vivillon-Elegant, L50, M|
|poke|p2|Gardevoir, L50, M|
|poke|p2|Mudsdale, L50, M|
|teampreview|4
|showteam|p1|Raichu||RaichuniteY|LightningRod|ZapCannon,FocusBlast,FakeOut,Protect|Timid||M|||50|]Incineroar||Charcoal|Intimidate|FlareBlitz,DarkestLariat,FakeOut,PartingShot|Brave||M|||50|]Sylveon||FairyFeather|Pixilate|HyperVoice,CalmMind,QuickAttack,Protect|Modest||F|||50|]Whimsicott||FocusSash|Prankster|EnergyBall,Encore,Protect,Tailwind|Timid||M|||50|]Basculegion||LifeOrb|Adaptability|WaveCrash,LastRespects,Protect,AquaJet|Adamant||M|||50|]Metagross||Metagrossite|ClearBody|MeteorMash,RockSlide,PsychicFangs,Protect|Jolly|||||50|
|showteam|p2|Farigiraf||SitrusBerry|ArmorTail|Protect,TrickRoom,Thunderbolt,Psychic|Sassy||F|||50|]Torkoal||Charcoal|Drought|Protect,SolarBeam,WeatherBall,Eruption|Quiet||M|||50|]Incineroar||WhiteHerb|Intimidate|FlareBlitz,DarkestLariat,CloseCombat,FakeOut|Brave||M|||50|]Vivillon-Elegant||FocusSash|CompoundEyes|Protect,RagePowder,SleepPowder,Hurricane|Timid||M|||50|]Gardevoir||Gardevoirite|Telepathy|Protect,TrickRoom,Psychic,HyperVoice|Quiet||M|||50|]Mudsdale||LifeOrb|InnerFocus|Earthquake,HighHorsepower,HeavySlam,RockSlide|Brave||M|||50|
|inactive|Battle timer is ON: inactive players will automatically lose when time's up. (requested by TopekaMelon)
|inactive|strifesada has 60 seconds left.
|inactive|strifesada has 30 seconds left.
|inactive|strifesada has 20 seconds left.
|
|t:|1783901642
|teamsize|p1|4
|teamsize|p2|4
|start
|switch|p1a: Metagross|Metagross, L50|100/100
|switch|p1b: Sylveon|Sylveon, L50, F|100/100
|switch|p2a: Incineroar|Incineroar, L50, M|100/100
|switch|p2b: Farigiraf|Farigiraf, L50, F|100/100
|-ability|p2a: Incineroar|Intimidate|boost
|-fail|p1a: Metagross|unboost|[from] ability: Clear Body|[of] p1a: Metagross
|-unboost|p1b: Sylveon|atk|1
|turn|1
|inactive|TopekaMelon has 30 seconds left.
|inactive|TopekaMelon has 20 seconds left.
|
|t:|1783901679
|detailschange|p1a: Metagross|Metagross-Mega, L50
|-mega|p1a: Metagross|Metagross|Metagrossite
|move|p2a: Incineroar|Fake Out|p1b: Sylveon
|-damage|p1b: Sylveon|84/100
|move|p1a: Metagross|Rock Slide|p2a: Incineroar|[spread] p2a,p2b
|-supereffective|p2a: Incineroar|1
|-damage|p2a: Incineroar|60/100
|-damage|p2b: Farigiraf|78/100
|cant|p1b: Sylveon|flinch
|move|p2b: Farigiraf|Trick Room|p2b: Farigiraf
|-fieldstart|move: Trick Room|[of] p2b: Farigiraf
|
|upkeep
|turn|2
|inactive|TopekaMelon has 30 seconds left.
|
|t:|1783901710
|switch|p2b: Mudsdale|Mudsdale, L50, M|100/100
|switch|p1a: Incineroar|Incineroar, L50, M|100/100
|-ability|p1a: Incineroar|Intimidate|boost
|-unboost|p2a: Incineroar|atk|1
|-fail|p2b: Mudsdale|unboost|Attack|[from] ability: Inner Focus|[of] p2b: Mudsdale
|-enditem|p2a: Incineroar|White Herb
|-clearnegativeboost|p2a: Incineroar|[silent]
|move|p2a: Incineroar|Flare Blitz|p1b: Sylveon
|-damage|p1b: Sylveon|5/100
|-damage|p2a: Incineroar|37/100|[from] Recoil
|move|p1b: Sylveon|Calm Mind|p1b: Sylveon
|-boost|p1b: Sylveon|spa|1
|-boost|p1b: Sylveon|spd|1
|
|upkeep
|turn|3
|inactive|TopekaMelon has 30 seconds left.
|
|t:|1783901738
|switch|p2a: Farigiraf|Farigiraf, L50, F|78/100
|move|p1b: Sylveon|Protect|p1b: Sylveon
|-singleturn|p1b: Sylveon|Protect
|move|p2b: Mudsdale|Earthquake|p1a: Incineroar|[spread] p2a,p1a
|-activate|p1b: Sylveon|move: Protect
|-supereffective|p1a: Incineroar|1
|-damage|p2a: Farigiraf|28/100
|-damage|p1a: Incineroar|0 fnt
|-enditem|p2a: Farigiraf|Sitrus Berry|[eat]
|-heal|p2a: Farigiraf|53/100|[from] item: Sitrus Berry
|faint|p1a: Incineroar
|-damage|p2b: Mudsdale|90/100|[from] item: Life Orb
|
|upkeep
|
|t:|1783901749
|switch|p1a: Basculegion|Basculegion, L50, M|100/100
|turn|4
|
|t:|1783901768
|move|p2b: Mudsdale|High Horsepower|p1a: Basculegion
|-damage|p1a: Basculegion|23/100
|-damage|p2b: Mudsdale|80/100|[from] item: Life Orb
|move|p2a: Farigiraf|Thunderbolt|p1a: Basculegion
|-supereffective|p1a: Basculegion|1
|-damage|p1a: Basculegion|0 fnt
|faint|p1a: Basculegion
|move|p1b: Sylveon|Hyper Voice|p2b: Mudsdale|[spread] p2a,p2b
|-damage|p2a: Farigiraf|0 fnt
|-damage|p2b: Mudsdale|14/100
|faint|p2a: Farigiraf
|
|upkeep
|
|t:|1783901784
|switch|p2a: Torkoal|Torkoal, L50, M|100/100
|switch|p1a: Metagross|Metagross-Mega, L50|100/100
|-weather|SunnyDay|[from] ability: Drought|[of] p2a: Torkoal
|turn|5
|
|t:|1783901791
|switch|p2b: Incineroar|Incineroar, L50, M|37/100
|-ability|p2b: Incineroar|Intimidate|boost
|-unboost|p1a: Metagross|atk|1
|-unboost|p1b: Sylveon|atk|1
|move|p1b: Sylveon|Protect|p1b: Sylveon
|-singleturn|p1b: Sylveon|Protect
|move|p1a: Metagross|Protect|p1a: Metagross
|-singleturn|p1a: Metagross|Protect
|move|p2a: Torkoal|Eruption|p1b: Sylveon|[spread] 
|-activate|p1a: Metagross|move: Protect
|-activate|p1b: Sylveon|move: Protect
|
|-weather|SunnyDay|[upkeep]
|-fieldend|move: Trick Room
|upkeep
|turn|6
|
|t:|1783901812
|move|p2b: Incineroar|Fake Out|p1b: Sylveon
|-damage|p1b: Sylveon|0 fnt
|faint|p1b: Sylveon
|move|p1a: Metagross|Psychic Fangs|p2a: Torkoal
|-damage|p2a: Torkoal|71/100
|move|p2a: Torkoal|Weather Ball|p1a: Metagross
|-supereffective|p1a: Metagross|1
|-damage|p1a: Metagross|0 fnt
|faint|p1a: Metagross
|
|win|TopekaMelon
||strifesada is ready for game 2.
||TopekaMelon is ready for game 2.
|uhtml|next|Next: Game 2 of 3
|l|☆strifesada
|player|p1|
