|j|☆BEAST_AK_XYZ
|j|☆Divine Monkey King
|html|BEAST_AK_XYZDivine Monkey King    
|uhtml|bestof|Game 2 of a best-of-3
|t:|1782571508
|gametype|doubles
|player|p1|BEAST_AK_XYZ|lucas|1135
|player|p2|Divine Monkey King|rocketgrunt|1058
|gen|9
|tier|[Gen 9 Champions] VGC 2026 Reg M-B (Bo3)
|rated|
|rule|Species Clause: Limit one of each Pokémon
|rule|Item Clause: Limit 1 of each item
|clearpoke
|poke|p1|Staraptor, L50, F|
|poke|p1|Raichu, L50, M|
|poke|p1|Annihilape, L50, F|
|poke|p1|Whimsicott, L50, F|
|poke|p1|Basculegion, L50, M|
|poke|p1|Gholdengo, L50|
|poke|p2|Whimsicott, L50, F, shiny|
|poke|p2|Lucario, L50, M, shiny|
|poke|p2|Pelipper, L50, M, shiny|
|poke|p2|Beedrill, L50, M, shiny|
|poke|p2|Annihilape, L50, M, shiny|
|poke|p2|Basculegion, L50, M, shiny|
|teampreview|4
|showteam|p1|Staraptor||Staraptite|Intimidate|CloseCombat,BraveBird,Roost,Protect|Adamant||F|||50|]Raichu||RaichuniteY|Static|ZapCannon,FocusBlast,AlluringVoice,FakeOut|Timid||M|||50|]Annihilape||Leftovers|Defiant|RageFist,BulkUp,DrainPunch,FirePunch|Careful||F|||50|]Whimsicott||FocusSash|Prankster|Tailwind,Charm,Moonblast,Encore|Bold||F|||50|]Basculegion||ChoiceScarf|Adaptability|FlipTurn,WaveCrash,AquaJet,LastRespects|Jolly||M|||50|]Gholdengo||LifeOrb|GoodasGold|NastyPlot,ShadowBall,MakeItRain,Protect|Timid|||||50|
|showteam|p2|Whimsicott||FocusSash|Prankster|Encore,Protect,Tailwind,BeatUp|Serious||F|||50|]Lucario||Lucarionite|Justified|Crunch,DrainPunch,PoisonJab,Protect|Jolly||M|||50|]Pelipper||SitrusBerry|Drizzle|Hurricane,IceBeam,Protect,WeatherBall|Timid||M|||50|]Beedrill||Beedrillite|Sniper|DrillRun,PoisonJab,Protect,FellStinger|Jolly||M|||50|]Annihilape||Leftovers|Defiant|BulkUp,DrainPunch,RageFist,RockSlide|Adamant||M|||50|]Basculegion||MysticWater|SwiftSwim|AquaJet,FlipTurn,LastRespects,Protect|Adamant||M|||50|
|inactive|Battle timer is ON: inactive players will automatically lose when time's up. (requested by BEAST_AK_XYZ)
|
|t:|1782571551
|teamsize|p1|4
|teamsize|p2|4
|start
|switch|p1a: Gholdengo|Gholdengo, L50|100/100
|switch|p1b: Annihilape|Annihilape, L50, F|100/100
|switch|p2a: Whimsicott|Whimsicott, L50, F, shiny|100/100
|switch|p2b: Pelipper|Pelipper, L50, M, shiny|100/100
|-weather|RainDance|[from] ability: Drizzle|[of] p2b: Pelipper
|turn|1
|
|t:|1782571573
|move|p2a: Whimsicott|Tailwind|p2a: Whimsicott
|-sidestart|p2: Divine Monkey King|move: Tailwind
|move|p2b: Pelipper|Hurricane|p1b: Annihilape
|-supereffective|p1b: Annihilape|1
|-damage|p1b: Annihilape|35/100
|move|p1a: Gholdengo|Make It Rain|p2a: Whimsicott|[spread] p2a,p2b
|-supereffective|p2a: Whimsicott|1
|-resisted|p2b: Pelipper|1
|-enditem|p2a: Whimsicott|Focus Sash
|-damage|p2a: Whimsicott|1/100
|-damage|p2b: Pelipper|58/100
|-unboost|p1a: Gholdengo|spa|2
|-damage|p1a: Gholdengo|90/100|[from] item: Life Orb
|move|p1b: Annihilape|Bulk Up|p1b: Annihilape
|-boost|p1b: Annihilape|atk|1
|-boost|p1b: Annihilape|def|1
|
|-weather|RainDance|[upkeep]
|-heal|p1b: Annihilape|42/100|[from] item: Leftovers
|upkeep
|turn|2
|
|t:|1782571592
|move|p2a: Whimsicott|Protect|p2a: Whimsicott
|-singleturn|p2a: Whimsicott|Protect
|move|p2b: Pelipper|Hurricane|p1b: Annihilape
|-supereffective|p1b: Annihilape|1
|-crit|p1b: Annihilape
|-damage|p1b: Annihilape|0 fnt
|faint|p1b: Annihilape
|move|p1a: Gholdengo|Make It Rain|p2b: Pelipper|[spread] p2b
|-activate|p2a: Whimsicott|move: Protect
|-resisted|p2b: Pelipper|1
|-damage|p2b: Pelipper|38/100
|-unboost|p1a: Gholdengo|spa|2
|-enditem|p2b: Pelipper|Sitrus Berry|[eat]
|-heal|p2b: Pelipper|62/100|[from] item: Sitrus Berry
|-damage|p1a: Gholdengo|80/100|[from] item: Life Orb
|
|-weather|RainDance|[upkeep]
|upkeep
|
|t:|1782571603
|switch|p1b: Staraptor|Staraptor, L50, F|100/100
|-ability|p1b: Staraptor|Intimidate|boost
|-unboost|p2a: Whimsicott|atk|1
|-unboost|p2b: Pelipper|atk|1
|turn|3
|
|t:|1782571614
|switch|p1a: Basculegion|Basculegion, L50, M|100/100
|detailschange|p1b: Staraptor|Staraptor-Mega, L50, F
|-mega|p1b: Staraptor|Staraptor|Staraptite
|move|p2a: Whimsicott|Protect|p2a: Whimsicott
|-singleturn|p2a: Whimsicott|Protect
|move|p1b: Staraptor|Protect|p1b: Staraptor
|-singleturn|p1b: Staraptor|Protect
|move|p2b: Pelipper|Hurricane|p1b: Staraptor
|-activate|p1b: Staraptor|move: Protect
|
|-weather|RainDance|[upkeep]
|upkeep
|turn|4
|
|t:|1782571636
|switch|p2a: Basculegion|Basculegion, L50, M, shiny|100/100
|move|p1a: Basculegion|Last Respects|p2b: Pelipper
|-damage|p2b: Pelipper|0 fnt
|faint|p2b: Pelipper
|move|p1b: Staraptor|Close Combat|p2a: Basculegion
|-immune|p2a: Basculegion
|
|-weather|RainDance|[upkeep]
|-sideend|p2: Divine Monkey King|move: Tailwind
|upkeep
|
|t:|1782571645
|switch|p2b: Whimsicott|Whimsicott, L50, F, shiny|1/100
|turn|5
|
|t:|1782571655
|move|p2b: Whimsicott|Tailwind|p2b: Whimsicott
|-sidestart|p2: Divine Monkey King|move: Tailwind
|move|p2a: Basculegion|Last Respects|p1a: Basculegion
|-supereffective|p1a: Basculegion|1
|-damage|p1a: Basculegion|0 fnt
|faint|p1a: Basculegion
|move|p1b: Staraptor|Close Combat|p2b: Whimsicott
|-resisted|p2b: Whimsicott|1
|-damage|p2b: Whimsicott|0 fnt
|-boost|p1b: Staraptor|def|1
|-boost|p1b: Staraptor|spd|1
|faint|p2b: Whimsicott
|
|-weather|none
|upkeep
|
|t:|1782571664
|switch|p2b: Lucario|Lucario, L50, M, shiny|100/100
|switch|p1a: Gholdengo|Gholdengo, L50|80/100
|turn|6
|inactive|Divine Monkey King has 30 seconds left.
|
|t:|1782571692
|detailschange|p2b: Lucario|Lucario-Mega, L50, M, shiny
|-mega|p2b: Lucario|Lucario|Lucarionite
|move|p2b: Lucario|Poison Jab|p1b: Staraptor
|-damage|p1b: Staraptor|78/100
|move|p2a: Basculegion|Last Respects|p1a: Gholdengo
|-supereffective|p1a: Gholdengo|1
|-damage|p1a: Gholdengo|0 fnt
|faint|p1a: Gholdengo
|move|p1b: Staraptor|Close Combat|p2b: Lucario
|-supereffective|p2b: Lucario|1
|-damage|p2b: Lucario|0 fnt
|-boost|p1b: Staraptor|def|1
|-boost|p1b: Staraptor|spd|1
|faint|p2b: Lucario
|
|upkeep
|turn|7
|
|t:|1782571709
|move|p2a: Basculegion|Last Respects|p1b: Staraptor
|-damage|p1b: Staraptor|15/100
|move|p1b: Staraptor|Brave Bird|p2a: Basculegion
|-damage|p2a: Basculegion|1/100
|-damage|p1b: Staraptor|0 fnt|[from] Recoil
|faint|p1b: Staraptor
|
|win|Divine Monkey King
|raw|BEAST_AK_XYZ's rating: 1135 → 1105(-30 for losing)
|raw|Divine Monkey King's rating: 1058 → 1096(+38 for winning)
|l|☆BEAST_AK_XYZ
|player|p1|
