|j|☆123something
|j|☆branefx
|html|123somethingbranefx    
|uhtml|bestof|Game 2 of a best-of-3
|t:|1755574392
|gametype|doubles
|player|p1|123something|1|1302
|player|p2|branefx|scientist-gen4dp|1189
|gen|9
|tier|[Gen 9] VGC 2025 Reg H (Bo3)
|rated|
|rule|Species Clause: Limit one of each Pokémon
|rule|Item Clause: Limit 1 of each item
|clearpoke
|poke|p1|Garchomp, L50, M|
|poke|p1|Weezing-Galar, L50, F|
|poke|p1|Archaludon, L50, M|
|poke|p1|Gholdengo, L50|
|poke|p1|Talonflame, L50, F|
|poke|p1|Annihilape, L50, F|
|poke|p2|Typhlosion-Hisui, L50, F|
|poke|p2|Indeedee-F, L50, F|
|poke|p2|Hatterene, L50, F|
|poke|p2|Sneasler, L50, M|
|poke|p2|Torkoal, L50, M|
|poke|p2|Ursaluna, L50, F|
|teampreview|4
|showteam|p1|Garchomp||LifeOrb|RoughSkin|DragonClaw,Earthquake,StompingTantrum,Protect|||M|||50|,,,,,Ground]Weezing-Galar||FocusSash|NeutralizingGas|Protect,SludgeBomb,Taunt,StrangeSteam|||F|||50|,,,,,Flying]Archaludon||PowerHerb|Sturdy|ElectroShot,Thunderbolt,DracoMeteor,Protect|||M|||50|,,,,,Electric]Gholdengo||ChoiceSpecs|GoodasGold|ShadowBall,DazzlingGleam,PowerGem,MakeItRain||||||50|,,,,,Fairy]Talonflame||CovertCloak|GaleWings|Tailwind,DualWingbeat,WillOWisp,FlareBlitz|||F|||50|,,,,,Stellar]Annihilape||AssaultVest|Defiant|CloseCombat,RageFist,FinalGambit,IcePunch|||F|||50|,,,,,Grass
|showteam|p2|Typhlosion-Hisui||ChoiceScarf|Frisk|Eruption,HeatWave,ShadowBall,WillOWisp|||F|||50|,,,,,Fire]Indeedee-F||FocusSash|PsychicSurge|FollowMe,HelpingHand,TrickRoom,Psychic|||F|||50|,,,,,Steel]Hatterene||LifeOrb|MagicBounce|ExpandingForce,DazzlingGleam,TrickRoom,Protect|||F|||50|,,,,,Psychic]Sneasler||PsychicSeed|Unburden|DireClaw,CloseCombat,ThroatChop,Protect|||M|||50|,,,,,Dark]Torkoal||ChoiceSpecs|Drought|Eruption,HeatWave,WeatherBall,EarthPower|||M|||50|,,,,,Fire]Ursaluna||FlameOrb|Guts|Facade,Earthquake,HeadlongRush,Protect|||F|||50|,,,,,Ghost
|inactive|Battle timer is ON: inactive players will automatically lose when time's up. (requested by branefx)
|inactive|123something has 60 seconds left.
|inactive|123something has 30 seconds left.
|
|t:|1755574456
|teamsize|p1|4
|teamsize|p2|4
|start
|switch|p1a: Garchomp|Garchomp, L50, M|100/100
|switch|p1b: Weezing|Weezing-Galar, L50, F|100/100
|switch|p2a: Indeedee|Indeedee-F, L50, F|100/100
|switch|p2b: Hatterene|Hatterene, L50, F|100/100
|-ability|p1b: Weezing|Neutralizing Gas
|turn|1
|inactive|branefx has 30 seconds left.
|
|t:|1755574482
|-terastallize|p1b: Weezing|Flying
|move|p2a: Indeedee|Follow Me|p2a: Indeedee
|-singleturn|p2a: Indeedee|move: Follow Me
|move|p1a: Garchomp|Earthquake|p2a: Indeedee|[spread] p2a,p2b
|-immune|p1b: Weezing
|-damage|p2a: Indeedee|51/100
|-damage|p2b: Hatterene|47/100
|-damage|p1a: Garchomp|91/100|[from] item: Life Orb
|move|p1b: Weezing|Taunt|p2a: Indeedee
|-start|p2a: Indeedee|move: Taunt
|move|p2b: Hatterene|Trick Room|p2b: Hatterene
|-fieldstart|move: Trick Room|[of] p2b: Hatterene
|
|upkeep
|turn|2
|
|t:|1755574502
|switch|p2b: Ursaluna|Ursaluna, L50, F|100/100
|move|p1a: Garchomp|Protect|p1a: Garchomp
|-singleturn|p1a: Garchomp|Protect
|move|p2a: Indeedee|Psychic|p1b: Weezing
|-damage|p1b: Weezing|54/100
|move|p1b: Weezing|Sludge Bomb|p2b: Ursaluna
|-resisted|p2b: Ursaluna
|-damage|p2b: Ursaluna|83/100
|
|-status|p2b: Ursaluna|brn|[from] item: Flame Orb
|upkeep
|turn|3
|
|t:|1755574523
|move|p2b: Ursaluna|Facade|p1a: Garchomp
|-damage|p1a: Garchomp|1/100
|move|p2a: Indeedee|Psychic|p1a: Garchomp
|-damage|p1a: Garchomp|0 fnt
|faint|p1a: Garchomp
|move|p1b: Weezing|Strange Steam|p2b: Ursaluna
|-damage|p2b: Ursaluna|49/100 brn
|
|-damage|p2b: Ursaluna|43/100 brn|[from] brn
|upkeep
|
|t:|1755574539
|switch|p1a: Annihilape|Annihilape, L50, F|100/100
|turn|4
|
|t:|1755574559
|switch|p2a: Torkoal|Torkoal, L50, M|100/100
|move|p2b: Ursaluna|Headlong Rush|p1a: Annihilape
|-damage|p1a: Annihilape|58/100
|-unboost|p2b: Ursaluna|def|1
|-unboost|p2b: Ursaluna|spd|1
|move|p1b: Weezing|Strange Steam|p2b: Ursaluna
|-damage|p2b: Ursaluna|0 fnt
|faint|p2b: Ursaluna
|move|p1a: Annihilape|Close Combat|p2a: Torkoal
|-damage|p2a: Torkoal|55/100
|-unboost|p1a: Annihilape|def|1
|-unboost|p1a: Annihilape|spd|1
|
|upkeep
|
|t:|1755574567
|switch|p2b: Hatterene|Hatterene, L50, F|47/100
|turn|5
|
|t:|1755574578
|switch|p1a: Archaludon|Archaludon, L50, M|100/100
|-terastallize|p2a: Torkoal|Fire
|move|p1b: Weezing|Protect|p1b: Weezing
|-singleturn|p1b: Weezing|Protect
|move|p2a: Torkoal|Heat Wave|p1b: Weezing|[spread] p1a
|-activate|p1b: Weezing|move: Protect
|-damage|p1a: Archaludon|13/100
|move|p2b: Hatterene|Dazzling Gleam|p1b: Weezing|[spread] p1a
|-activate|p1b: Weezing|move: Protect
|-damage|p1a: Archaludon|0 fnt
|faint|p1a: Archaludon
|-damage|p2b: Hatterene|38/100|[from] item: Life Orb
|
|-fieldend|move: Trick Room
|upkeep
|
|t:|1755574585
|switch|p1a: Annihilape|Annihilape, L50, F|58/100
|turn|6
|inactive|123something has 30 seconds left.
|inactive|123something has 20 seconds left.
|inactive|123something has 15 seconds left.
|inactive|123something has 10 seconds left.
|
|t:|1755574632
|switch|p2b: Indeedee|Indeedee-F, L50, F|51/100
|move|p1a: Annihilape|Rage Fist|p2b: Indeedee
|-immune|p2b: Indeedee
|move|p1b: Weezing|Sludge Bomb|p2a: Torkoal
|-damage|p2a: Torkoal|0 fnt
|faint|p2a: Torkoal
|
|upkeep
|
|t:|1755574642
|switch|p2a: Hatterene|Hatterene, L50, F|38/100
|turn|7
|inactive|branefx has 30 seconds left.
|
|t:|1755574674
|move|p2b: Indeedee|Helping Hand|p2a: Hatterene
|-singleturn|p2a: Hatterene|Helping Hand|[of] p2b: Indeedee
|move|p1a: Annihilape|Close Combat|p2b: Indeedee
|-damage|p2b: Indeedee|0 fnt
|-unboost|p1a: Annihilape|def|1
|-unboost|p1a: Annihilape|spd|1
|faint|p2b: Indeedee
|move|p1b: Weezing|Sludge Bomb|p2a: Hatterene
|-supereffective|p2a: Hatterene
|-damage|p2a: Hatterene|0 fnt
|faint|p2a: Hatterene
|
|win|123something
|raw|123something's rating: 1302 → 1316(+14 for winning)
|raw|branefx's rating: 1189 → 1172(-17 for losing)
