|j|☆testdigi
|j|☆Lamorza69
|html|testdigiLamorza69    
|uhtml|bestof|Game 1 of a best-of-3
|t:|1785337469
|gametype|doubles
|player|p1|testdigi|169|1124
|player|p2|Lamorza69|cynthia-gen4|1040
|gen|9
|tier|[Gen 9 Champions] VGC 2026 Reg M-B (Bo3)
|rated|
|rule|Species Clause: Limit one of each Pokémon
|rule|Item Clause: Limit 1 of each item
|clearpoke
|poke|p1|Tyranitar, L50, F|
|poke|p1|Excadrill, L50, F|
|poke|p1|Gholdengo, L50, shiny|
|poke|p1|Milotic, L50, M, shiny|
|poke|p1|Sinistcha, L50|
|poke|p1|Staraptor, L50, M|
|poke|p2|Floette-Eternal, L50, F|
|poke|p2|Sylveon, L50, M|
|poke|p2|Garchomp, L50, F|
|poke|p2|Sinistcha, L50|
|poke|p2|Sableye, L50, F|
|poke|p2|Incineroar, L50, M|
|teampreview|4
|showteam|p1|Tyranitar||Tyranitarite|SandStream|RockSlide,KnockOff,LowKick,Protect|Jolly||F|||50|]Excadrill||FocusSash|SandRush|HighHorsepower,IronHead,RockSlide,Protect|Adamant||F|||50|]Gholdengo||LifeOrb|GoodasGold|ShadowBall,MakeItRain,NastyPlot,Protect|Modest|||||50|]Milotic||Leftovers|Competitive|Scald,Recover,IcyWind,Protect|Calm||M|||50|]Sinistcha||ColburBerry|Hospitality|MatchaGotcha,LifeDew,RagePowder,Protect|Bold|||||50|]Staraptor||Staraptite|Intimidate|CloseCombat,BraveBird,Tailwind,Protect|Jolly||M|||50|
|showteam|p2|Floette-Eternal||Floettite|FlowerVeil|HelpingHand,Protect,CalmMind,DazzlingGleam|Bold||F|||50|]Sylveon||LifeOrb|Pixilate|HyperVoice,HyperBeam,QuickAttack,Protect|Modest||M|||50|]Garchomp||MuscleBand|RoughSkin|Earthquake,DragonClaw,HelpingHand,Protect|Jolly||F|||50|]Sinistcha||SitrusBerry|Hospitality|MatchaGotcha,LifeDew,RagePowder,Protect|Modest|||||50|]Sableye||Audinite|Prankster|Disable,Encore,Trick,HelpingHand|Sassy||F|||50|]Incineroar||ExpertBelt|Intimidate|FlareBlitz,DarkestLariat,PartingShot,Protect|Jolly||M|||50|
|inactive|Battle timer is ON: inactive players will automatically lose when time's up. (requested by Lamorza69)
|inactive|testdigi has 60 seconds left.
|
|t:|1785337551
|teamsize|p1|4
|teamsize|p2|4
|start
|switch|p1a: Tyranitar|Tyranitar, L50, F|100/100
|switch|p1b: Excadrill|Excadrill, L50, F|100/100
|switch|p2a: TheNuke|Floette-Eternal, L50, F|100/100
|switch|p2b: Flinchmaster|Incineroar, L50, M|100/100
|-ability|p2b: Flinchmaster|Intimidate|boost
|-unboost|p1a: Tyranitar|atk|1
|-unboost|p1b: Excadrill|atk|1
|-weather|Sandstorm|[from] ability: Sand Stream|[of] p1a: Tyranitar
|turn|1
|
|t:|1785337566
|switch|p1b: Gholdengo|Gholdengo, L50, shiny|100/100
|switch|p2b: Sliding Rocks|Garchomp, L50, F|100/100
|detailschange|p1a: Tyranitar|Tyranitar-Mega, L50, F
|-mega|p1a: Tyranitar|Tyranitar|Tyranitarite
|detailschange|p2a: TheNuke|Floette-Mega, L50, F
|-mega|p2a: TheNuke|Floette|Floettite
|-ability|p2a: TheNuke|Fairy Aura
|move|p1a: Tyranitar|Low Kick|p2b: Sliding Rocks
|-damage|p2b: Sliding Rocks|78/100
|-damage|p1a: Tyranitar|87/100|[from] ability: Rough Skin|[of] p2b: Sliding Rocks
|move|p2a: TheNuke|Dazzling Gleam|p1b: Gholdengo|[spread] p1a,p1b
|-supereffective|p1a: Tyranitar|1
|-resisted|p1b: Gholdengo|1
|-damage|p1a: Tyranitar|38/100
|-damage|p1b: Gholdengo|75/100
|
|-weather|Sandstorm|[upkeep]
|-damage|p2a: TheNuke|94/100|[from] Sandstorm
|upkeep
|turn|2
|inactive|testdigi has 30 seconds left.
|inactive|Lamorza69 has 30 seconds left.
|
|t:|1785337595
|move|p2b: Sliding Rocks|Earthquake|p1a: Tyranitar|[spread] p2a,p1a,p1b
|-supereffective|p1a: Tyranitar|1
|-supereffective|p1b: Gholdengo|1
|-damage|p2a: TheNuke|55/100
|-damage|p1a: Tyranitar|0 fnt
|-damage|p1b: Gholdengo|0 fnt
|faint|p1a: Tyranitar
|faint|p1b: Gholdengo
|move|p2a: TheNuke|Dazzling Gleam|p1: Tyranitar|[notarget]
|-fail|p2a: TheNuke
|
|-weather|Sandstorm|[upkeep]
|-damage|p2a: TheNuke|49/100|[from] Sandstorm
|upkeep
|
|t:|1785337600
|switch|p1b: Milotic|Milotic, L50, M, shiny|100/100
|switch|p1a: Excadrill|Excadrill, L50, F|100/100
|turn|3
|
|t:|1785337615
|move|p1a: Excadrill|Protect|p1a: Excadrill
|-singleturn|p1a: Excadrill|Protect
|move|p2a: TheNuke|Protect|p2a: TheNuke
|-singleturn|p2a: TheNuke|Protect
|move|p2b: Sliding Rocks|Earthquake|p1a: Excadrill|[spread] p1b
|-activate|p2a: TheNuke|move: Protect
|-activate|p1a: Excadrill|move: Protect
|-damage|p1b: Milotic|60/100
|move|p1b: Milotic|Icy Wind|p2b: Sliding Rocks|[spread] p2b
|-activate|p2a: TheNuke|move: Protect
|-supereffective|p2b: Sliding Rocks|2
|-damage|p2b: Sliding Rocks|26/100
|-unboost|p2b: Sliding Rocks|spe|1
|
|-weather|Sandstorm|[upkeep]
|-damage|p2a: TheNuke|43/100|[from] Sandstorm
|-damage|p1b: Milotic|54/100|[from] Sandstorm
|-heal|p1b: Milotic|60/100|[from] item: Leftovers
|upkeep
|turn|4
|inactive|Lamorza69 has 30 seconds left.
|
|t:|1785337642
|move|p1a: Excadrill|Iron Head|p2a: TheNuke
|-supereffective|p2a: TheNuke|1
|-damage|p2a: TheNuke|0 fnt
|faint|p2a: TheNuke
|move|p2b: Sliding Rocks|Earthquake|p1a: Excadrill|[spread] p1a,p1b
|-supereffective|p1a: Excadrill|1
|-enditem|p1a: Excadrill|Focus Sash
|-damage|p1a: Excadrill|1/100
|-damage|p1b: Milotic|19/100
|move|p1b: Milotic|Icy Wind|p2b: Sliding Rocks
|-supereffective|p2b: Sliding Rocks|2
|-damage|p2b: Sliding Rocks|0 fnt
|faint|p2b: Sliding Rocks
|
|-weather|Sandstorm|[upkeep]
|-damage|p1b: Milotic|13/100|[from] Sandstorm
|-heal|p1b: Milotic|19/100|[from] item: Leftovers
|upkeep
|
|t:|1785337662
|switch|p2b: Flinchmaster|Incineroar, L50, M|100/100
|switch|p2a: ShadowBall|Sinistcha, L50|100/100
|-ability|p2b: Flinchmaster|Intimidate|boost
|-unboost|p1a: Excadrill|atk|1
|-unboost|p1b: Milotic|atk|1
|-ability|p1b: Milotic|Competitive|boost
|-boost|p1b: Milotic|spa|2
|turn|5
|
|t:|1785337678
|move|p1a: Excadrill|Protect|p1a: Excadrill
|-singleturn|p1a: Excadrill|Protect
|move|p2b: Flinchmaster|Protect|p2b: Flinchmaster
|-singleturn|p2b: Flinchmaster|Protect
|move|p1b: Milotic|Protect|p1b: Milotic
|-singleturn|p1b: Milotic|Protect
|move|p2a: ShadowBall|Matcha Gotcha|p1a: Excadrill|[spread] 
|-activate|p1a: Excadrill|move: Protect
|-activate|p1b: Milotic|move: Protect
|
|-weather|none
|-heal|p1b: Milotic|25/100|[from] item: Leftovers
|upkeep
|turn|6
|inactive|Lamorza69 has 30 seconds left.
|
|t:|1785337703
|move|p1a: Excadrill|High Horsepower|p2b: Flinchmaster
|-supereffective|p2b: Flinchmaster|1
|-damage|p2b: Flinchmaster|17/100
|move|p2b: Flinchmaster|Parting Shot|p1b: Milotic
|-unboost|p1b: Milotic|atk|1
|-ability|p1b: Milotic|Competitive|boost
|-boost|p1b: Milotic|spa|2
|-unboost|p1b: Milotic|spa|1
|-ability|p1b: Milotic|Competitive|boost
|-boost|p1b: Milotic|spa|2
|move|p1b: Milotic|Recover|p1b: Milotic
|-heal|p1b: Milotic|75/100
|move|p2a: ShadowBall|Matcha Gotcha|p1b: Milotic|[spread] p1a,p1b
|-supereffective|p1b: Milotic|1
|-damage|p1a: Excadrill|0 fnt
|-damage|p1b: Milotic|38/100
|faint|p1a: Excadrill
|
|-heal|p1b: Milotic|44/100|[from] item: Leftovers
|upkeep
|turn|7
|inactive|Lamorza69 has 30 seconds left.
|
|t:|1785337729
|move|p2b: Flinchmaster|Darkest Lariat|p1b: Milotic
|-damage|p1b: Milotic|4/100
|move|p1b: Milotic|Icy Wind|p2b: Flinchmaster|[spread] p2a,p2b
|-supereffective|p2a: ShadowBall|1
|-resisted|p2b: Flinchmaster|1
|-damage|p2a: ShadowBall|13/100
|-damage|p2b: Flinchmaster|0 fnt
|-unboost|p2a: ShadowBall|spe|1
|-enditem|p2a: ShadowBall|Sitrus Berry|[eat]
|-heal|p2a: ShadowBall|38/100|[from] item: Sitrus Berry
|faint|p2b: Flinchmaster
|move|p2a: ShadowBall|Matcha Gotcha|p1b: Milotic
|-supereffective|p1b: Milotic|1
|-damage|p1b: Milotic|0 fnt
|-heal|p2a: ShadowBall|41/100|[from] drain|[of] p1b: Milotic
|faint|p1b: Milotic
|
|win|Lamorza69
||testdigi is ready for game 2.
|inactive|Lamorza69 has 30 seconds to confirm battle start!
|inactive|Lamorza69 has 20 seconds to confirm battle start!
||Lamorza69 is ready for game 2.
|uhtml|next|Next: Game 2 of 3
