|j|☆phuc_lamvgc
|j|☆Draikenos
|html|phuc_lamvgcDraikenos    
|uhtml|bestof|Game 1 of a best-of-3
|t:|1783345866
|gametype|doubles
|player|p1|phuc_lamvgc|miku-ghost|1078
|player|p2|Draikenos|102|1071
|gen|9
|tier|[Gen 9 Champions] VGC 2026 Reg M-B (Bo3)
|rated|
|rule|Species Clause: Limit one of each Pokémon
|rule|Item Clause: Limit 1 of each item
|clearpoke
|poke|p1|Pyroar, L50, M, shiny|
|poke|p1|Sylveon, L50, M|
|poke|p1|Farigiraf, L50, M, shiny|
|poke|p1|Incineroar, L50, M, shiny|
|poke|p1|Torkoal, L50, M, shiny|
|poke|p1|Vileplume, L50, M, shiny|
|poke|p2|Charizard, L50, M, shiny|
|poke|p2|Aerodactyl, L50, M|
|poke|p2|Sylveon, L50, M|
|poke|p2|Kingambit, L50, M, shiny|
|poke|p2|Farigiraf, L50, M, shiny|
|poke|p2|Garchomp, L50, M, shiny|
|teampreview|4
|showteam|p1|Pyroar||Pyroarite|Unnerve|Overheat,SolarBeam,HeatWave,Protect|Timid||M|||50|]Sylveon||FairyFeather|Pixilate|HyperBeam,HyperVoice,QuickAttack,Protect|Quiet||M|||50|]Farigiraf||SitrusBerry|ArmorTail|HelpingHand,TrickRoom,Psychic,Thunderbolt|Relaxed||M|||50|]Incineroar||WhiteHerb|Intimidate|FakeOut,FlareBlitz,DarkestLariat,CloseCombat|Brave||M|||50|]Torkoal||Charcoal|Drought|WeatherBall,Eruption,HelpingHand,Protect|Quiet||M|||50|]Vileplume||FocusSash|Chlorophyll|SolarBeam,SleepPowder,SludgeBomb,AfterYou|Timid||M|||50|
|showteam|p2|Charizard||CharizarditeY|Blaze|Protect,HeatWave,SolarBeam,WeatherBall|Modest||M|||50|]Aerodactyl||Aerodactylite|Unnerve|RockSlide,DualWingbeat,IceFang,Tailwind|Jolly||M|||50|]Sylveon||FairyFeather|Pixilate|Detect,HyperVoice,HyperBeam,QuickAttack|Modest||M|||50|]Kingambit||FocusSash|Defiant|KowtowCleave,IronHead,SuckerPunch,LowKick|Adamant||M|||50|]Farigiraf||SitrusBerry|ArmorTail|TwinBeam,Thunderbolt,Roar,TrickRoom|Bold||M|||50|]Garchomp||LifeOrb|RoughSkin|Protect,DragonClaw,StompingTantrum,Earthquake|Jolly||M|||50|
|inactive|Battle timer is ON: inactive players will automatically lose when time's up. (requested by phuc_lamvgc)
|inactive|Draikenos has 60 seconds left.
|inactive|Draikenos has 30 seconds left.
|inactive|Draikenos has 20 seconds left.
|inactive|Draikenos has 15 seconds left.
|inactive|Draikenos has 10 seconds left.
|
|t:|1783345990
|teamsize|p1|4
|teamsize|p2|4
|start
|switch|p1a: Farigiraf|Farigiraf, L50, M, shiny|100/100
|switch|p1b: Incineroar|Incineroar, L50, M, shiny|100/100
|switch|p2a: Aerodactyl|Aerodactyl, L50, M|100/100
|switch|p2b: Kingambit|Kingambit, L50, M, shiny|100/100
|-ability|p2a: Aerodactyl|Unnerve
|-ability|p1b: Incineroar|Intimidate|boost
|-unboost|p2a: Aerodactyl|atk|1
|-unboost|p2b: Kingambit|atk|1
|-ability|p2b: Kingambit|Defiant|boost
|-boost|p2b: Kingambit|atk|2
|turn|1
|inactive|Draikenos has 30 seconds left.
|inactive|Draikenos has 20 seconds left.
|inactive|Draikenos has 15 seconds left.
|inactive|Draikenos has 10 seconds left.
|inactive|Draikenos has 5 seconds left.
|
|t:|1783346041
|detailschange|p2a: Aerodactyl|Aerodactyl-Mega, L50, M
|-mega|p2a: Aerodactyl|Aerodactyl|Aerodactylite
|move|p2a: Aerodactyl|Rock Slide|p1a: Farigiraf|[spread] p1a,p1b
|-supereffective|p1b: Incineroar|1
|-damage|p1a: Farigiraf|86/100
|-damage|p1b: Incineroar|63/100
|move|p2b: Kingambit|Low Kick|p1b: Incineroar
|-supereffective|p1b: Incineroar|1
|-damage|p1b: Incineroar|0 fnt
|faint|p1b: Incineroar
|move|p1a: Farigiraf|Trick Room|p1a: Farigiraf
|-fieldstart|move: Trick Room|[of] p1a: Farigiraf
|
|upkeep
|
|t:|1783346055
|switch|p1b: Sylveon|Sylveon, L50, M|100/100
|turn|2
|inactive|Draikenos has 30 seconds left.
|inactive|phuc_lamvgc has 30 seconds left.
|inactive|Draikenos has 20 seconds left.
|inactive|Draikenos has 15 seconds left.
|inactive|Draikenos has 10 seconds left.
|
|t:|1783346104
|switch|p2b: Farigiraf|Farigiraf, L50, M, shiny|100/100
|move|p1b: Sylveon|Protect|p1b: Sylveon
|-singleturn|p1b: Sylveon|Protect
|move|p1a: Farigiraf|Thunderbolt|p2b: Farigiraf
|-damage|p2b: Farigiraf|79/100
|move|p2a: Aerodactyl|Dual Wingbeat|p1b: Sylveon
|-activate|p1b: Sylveon|move: Protect
|
|upkeep
|turn|3
|inactive|Draikenos has 30 seconds left.
|inactive|Draikenos has 20 seconds left.
|inactive|Draikenos has 15 seconds left.
|inactive|Draikenos has 10 seconds left.
|inactive|Draikenos has 5 seconds left.
|
|t:|1783346156
|move|p1a: Farigiraf|Helping Hand|p1b: Sylveon
|-singleturn|p1b: Sylveon|Helping Hand|[of] p1a: Farigiraf
|move|p1b: Sylveon|Hyper Voice|p2b: Farigiraf|[spread] p2a,p2b
|-damage|p2a: Aerodactyl|27/100
|-damage|p2b: Farigiraf|20/100r
|-enditem|p2b: Farigiraf|Sitrus Berry|[eat]
|-heal|p2b: Farigiraf|45/100|[from] item: Sitrus Berry
|move|p2a: Aerodactyl|Rock Slide|p1a: Farigiraf|[spread] p1a,p1b
|-damage|p1a: Farigiraf|72/100
|-damage|p1b: Sylveon|81/100
|move|p2b: Farigiraf|Roar|p1b: Sylveon
|drag|p1b: Pyroar|Pyroar, L50, M, shiny|100/100
|-ability|p1b: Pyroar|Unnerve
|
|upkeep
|turn|4
|inactive|Draikenos has 30 seconds left.
|inactive|Draikenos has 20 seconds left.
|inactive|Draikenos has 15 seconds left.
|inactive|Draikenos has 10 seconds left.
|inactive|Draikenos has 5 seconds left.
|
|t:|1783346207
|switch|p2a: Garchomp|Garchomp, L50, M, shiny|100/100
|detailschange|p1b: Pyroar|Pyroar-Mega, L50, M, shiny
|-mega|p1b: Pyroar|Pyroar|Pyroarite
|move|p1b: Pyroar|Protect|p1b: Pyroar
|-singleturn|p1b: Pyroar|Protect
|move|p1a: Farigiraf|Thunderbolt|p2a: Garchomp
|-immune|p2a: Garchomp
|move|p2b: Farigiraf|Thunderbolt|p1a: Farigiraf
|-damage|p1a: Farigiraf|50/100g
|
|upkeep
|turn|5
|
|t:|1783346226
|switch|p1a: Sylveon|Sylveon, L50, M|81/100
|move|p2a: Garchomp|Protect|p2a: Garchomp
|-singleturn|p2a: Garchomp|Protect
|move|p2b: Farigiraf|Thunderbolt|p1a: Sylveon
|-damage|p1a: Sylveon|64/100
|move|p1b: Pyroar|Heat Wave|p2a: Garchomp|[spread] p2b
|-activate|p2a: Garchomp|move: Protect
|-damage|p2b: Farigiraf|0 fnt
|faint|p2b: Farigiraf
|
|-fieldend|move: Trick Room
|upkeep
|
|t:|1783346243
|switch|p2b: Kingambit|Kingambit, L50, M, shiny|100/100
|turn|6
|
|t:|1783346252
|move|p1b: Pyroar|Heat Wave|p2b: Kingambit|[spread] p2a,p2b
|-resisted|p2a: Garchomp|1
|-supereffective|p2b: Kingambit|1
|-damage|p2a: Garchomp|68/100
|-enditem|p2b: Kingambit|Focus Sash
|-damage|p2b: Kingambit|1/100
|-status|p2a: Garchomp|brn
|move|p2a: Garchomp|Stomping Tantrum|p1b: Pyroar
|-supereffective|p1b: Pyroar|1
|-damage|p1b: Pyroar|40/100
|-damage|p2a: Garchomp|59/100 brn|[from] item: Life Orb
|move|p2b: Kingambit|Iron Head|p1a: Sylveon
|-supereffective|p1a: Sylveon|1
|-damage|p1a: Sylveon|0 fnt
|faint|p1a: Sylveon
|
|-damage|p2a: Garchomp|53/100 brn|[from] brn
|upkeep
|
|t:|1783346256
|switch|p1a: Farigiraf|Farigiraf, L50, M, shiny|50/100g
|turn|7
|inactive|Draikenos has 30 seconds left.
|inactive|Draikenos has 20 seconds left.
|
|t:|1783346294
|move|p1a: Farigiraf|Helping Hand|p1b: Pyroar
|-singleturn|p1b: Pyroar|Helping Hand|[of] p1a: Farigiraf
|move|p1b: Pyroar|Heat Wave|p2b: Kingambit|[spread] p2a,p2b
|-resisted|p2a: Garchomp|1
|-supereffective|p2b: Kingambit|1
|-damage|p2a: Garchomp|5/100 brn
|-damage|p2b: Kingambit|0 fnt
|faint|p2b: Kingambit
|move|p2a: Garchomp|Dragon Claw|p1a: Farigiraf
|-damage|p1a: Farigiraf|29/100
|-enditem|p1a: Farigiraf|Sitrus Berry|[eat]
|-heal|p1a: Farigiraf|54/100|[from] item: Sitrus Berry
|-damage|p2a: Garchomp|0 fnt|[from] item: Life Orb
|faint|p2a: Garchomp
|
|upkeep
|
|t:|1783346310
|switch|p2b: Aerodactyl|Aerodactyl-Mega, L50, M|27/100
|turn|8
|
|t:|1783346315
|move|p1b: Pyroar|Protect|p1b: Pyroar
|-singleturn|p1b: Pyroar|Protect
|move|p2b: Aerodactyl|Rock Slide|p1a: Farigiraf|[spread] p1a
|-activate|p1b: Pyroar|move: Protect
|-damage|p1a: Farigiraf|34/100
|move|p1a: Farigiraf|Thunderbolt|p2b: Aerodactyl
|-supereffective|p2b: Aerodactyl|1
|-damage|p2b: Aerodactyl|0 fnt
|faint|p2b: Aerodactyl
|
|win|phuc_lamvgc
||phuc_lamvgc is ready for game 2.
|inactive|Draikenos has 30 seconds to confirm battle start!
||Draikenos is ready for game 2.
|uhtml|next|Next: Game 2 of 3
|l|☆Draikenos
|player|p2|
