|j|☆ttsui234
|j|☆luckycricket0326
|html|ttsui234luckycricket0326    
|uhtml|bestof|Game 2 of a best-of-3
|t:|1785335422
|gametype|doubles
|player|p1|ttsui234|266|
|player|p2|luckycricket0326|102|
|gen|9
|tier|[Gen 9 Champions] VGC 2026 Reg M-B (Bo3)
|rule|Species Clause: Limit one of each Pokémon
|rule|Item Clause: Limit 1 of each item
|clearpoke
|poke|p1|Charizard, L50, F|
|poke|p1|Basculegion, L50, M|
|poke|p1|Kingambit, L50, M, shiny|
|poke|p1|Ninetales-Alola, L50, F|
|poke|p1|Kommo-o, L50, M|
|poke|p1|Whimsicott, L50, F|
|poke|p2|Vivillon-Marine, L50, M|
|poke|p2|Raichu, L50, M|
|poke|p2|Farigiraf, L50, F|
|poke|p2|Vanilluxe, L50, M|
|poke|p2|Garchomp, L50, M|
|poke|p2|Camerupt, L50, M, shiny|
|teampreview|4
|showteam|p1|Charizard||CharizarditeY|Blaze|HeatWave,WeatherBall,SolarBeam,Protect|Modest||F|||50|]Basculegion||ChoiceScarf|Adaptability|LastRespects,WaveCrash,AquaJet,FlipTurn|Jolly||M|||50|]Kingambit||ChopleBerry|Defiant|KowtowCleave,IronHead,SuckerPunch,Protect|Adamant||M|||50|]Ninetales-Alola||NeverMeltIce|SnowWarning|Blizzard,FreezeDry,Encore,Protect|Timid||F|||50|]Kommo-o||LifeOrb|Overcoat|AuraSphere,ClangingScales,VacuumWave,Protect|Modest||M|||50|]Whimsicott||FocusSash|Prankster|Tailwind,Moonblast,Encore,Protect|Timid||F|||50|
|showteam|p2|Vivillon-Marine||FocusSash|CompoundEyes|SleepPowder,Hurricane,RagePowder,Protect|Timid||M|||50|]Raichu||RaichuniteY|LightningRod|ZapCannon,FocusBlast,FakeOut,Protect|Timid||M|||50|]Farigiraf||ColburBerry|ArmorTail|PsychicFangs,Thunderbolt,TrickRoom,HelpingHand|Bold||F|||50|]Vanilluxe||NeverMeltIce|SnowWarning|Blizzard,FreezeDry,Protect,IceShard|Quiet||M|||50|]Garchomp||LifeOrb|RoughSkin|DragonClaw,Earthquake,RockSlide,Protect|Jolly||M|||50|]Camerupt||Cameruptite|SolidRock|HeatWave,EarthPower,Protect,AncientPower|Quiet||M|||50|
|inactive|Battle timer is ON: inactive players will automatically lose when time's up. (requested by luckycricket0326)
|inactive|ttsui234 has 60 seconds left.
|
|t:|1785335483
|teamsize|p1|4
|teamsize|p2|4
|start
|switch|p1a: Ninetales|Ninetales-Alola, L50, F|100/100
|switch|p1b: Kommo-o|Kommo-o, L50, M|100/100
|switch|p2a: Farigiraf|Farigiraf, L50, F|100/100
|switch|p2b: Vivillon|Vivillon-Marine, L50, M|100/100
|-weather|Snowscape|[from] ability: Snow Warning|[of] p1a: Ninetales
|turn|1
|inactive|luckycricket0326 has 30 seconds left.
|inactive|luckycricket0326 has 20 seconds left.
|inactive|luckycricket0326 has 15 seconds left.
|inactive|luckycricket0326 has 10 seconds left.
|
|t:|1785335529
|move|p1b: Kommo-o|Protect|p1b: Kommo-o
|-singleturn|p1b: Kommo-o|Protect
|move|p1a: Ninetales|Blizzard|p2a: Farigiraf|[spread] p2a,p2b
|-supereffective|p2b: Vivillon|1
|-damage|p2a: Farigiraf|65/100
|-enditem|p2b: Vivillon|Focus Sash
|-damage|p2b: Vivillon|1/100
|move|p2b: Vivillon|Sleep Powder|p1a: Ninetales
|-status|p1a: Ninetales|slp|[from] move: Sleep Powder
|move|p2a: Farigiraf|Trick Room|p2a: Farigiraf
|-fieldstart|move: Trick Room|[of] p2a: Farigiraf
|
|-weather|Snowscape|[upkeep]
|upkeep
|turn|2
|inactive|luckycricket0326 has 30 seconds left.
|
|t:|1785335561
|move|p2a: Farigiraf|Psychic Fangs|p1b: Kommo-o
|-supereffective|p1b: Kommo-o|1
|-damage|p1b: Kommo-o|48/100
|move|p1b: Kommo-o|Clanging Scales|p2a: Farigiraf|[spread] p2a,p2b
|-damage|p2a: Farigiraf|16/100
|-damage|p2b: Vivillon|0 fnt
|faint|p2b: Vivillon
|-unboost|p1b: Kommo-o|def|1
|-damage|p1b: Kommo-o|38/100|[from] item: Life Orb
|cant|p1a: Ninetales|slp
|
|-weather|Snowscape|[upkeep]
|upkeep
|
|t:|1785335575
|switch|p2b: Camerupt|Camerupt, L50, M, shiny|100/100
|turn|3
|
|t:|1785335594
|switch|p2a: Vanilluxe|Vanilluxe, L50, M|100/100
|switch|p1b: Basculegion|Basculegion, L50, M|100/100
|detailschange|p2b: Camerupt|Camerupt-Mega, L50, M, shiny
|-mega|p2b: Camerupt|Camerupt|Cameruptite
|-curestatus|p1a: Ninetales|slp|[msg]
|move|p1a: Ninetales|Protect|p1a: Ninetales
|-singleturn|p1a: Ninetales|Protect
|move|p2b: Camerupt|Heat Wave|p1a: Ninetales|[spread] p1b
|-activate|p1a: Ninetales|move: Protect
|-resisted|p1b: Basculegion|1
|-damage|p1b: Basculegion|69/100
|
|-weather|Snowscape|[upkeep]
|upkeep
|turn|4
|inactive|ttsui234 has 30 seconds left.
|inactive|ttsui234 has 20 seconds left.
|inactive|ttsui234 has 15 seconds left.
|inactive|ttsui234 has 10 seconds left.
|inactive|ttsui234 has 5 seconds left.
|
|t:|1785335649
|switch|p1a: Kommo-o|Kommo-o, L50, M|38/100
|move|p1b: Basculegion|Aqua Jet|p2b: Camerupt
|-supereffective|p2b: Camerupt|2
|-crit|p2b: Camerupt
|-damage|p2b: Camerupt|0 fnt
|faint|p2b: Camerupt
|move|p2a: Vanilluxe|Freeze-Dry|p1b: Basculegion
|-supereffective|p1b: Basculegion|1
|-damage|p1b: Basculegion|0 fnt
|faint|p1b: Basculegion
|
|-weather|Snowscape|[upkeep]
|upkeep
|
|t:|1785335663
|switch|p2b: Farigiraf|Farigiraf, L50, F|16/100
|switch|p1b: Kingambit|Kingambit, L50, M, shiny|100/100
|turn|5
|
|t:|1785335681
|move|p2b: Farigiraf|Helping Hand|p2a: Vanilluxe
|-singleturn|p2a: Vanilluxe|Helping Hand|[of] p2b: Farigiraf
|move|p1a: Kommo-o|Protect|p1a: Kommo-o
|-singleturn|p1a: Kommo-o|Protect
|move|p1b: Kingambit|Kowtow Cleave|p2b: Farigiraf
|-supereffective|p2b: Farigiraf|1
|-enditem|p2b: Farigiraf|Colbur Berry|[eat]
|-enditem|p2b: Farigiraf|Colbur Berry|[weaken]
|-damage|p2b: Farigiraf|0 fnt
|faint|p2b: Farigiraf
|move|p2a: Vanilluxe|Blizzard|p1b: Kingambit|[spread] p1b
|-activate|p1a: Kommo-o|move: Protect
|-resisted|p1b: Kingambit|1
|-damage|p1b: Kingambit|63/100
|
|-weather|none
|-fieldend|move: Trick Room
|upkeep
|turn|6
|
|t:|1785335699
|move|p1a: Kommo-o|Vacuum Wave|p2a: Vanilluxe
|-supereffective|p2a: Vanilluxe|1
|-damage|p2a: Vanilluxe|47/100
|-damage|p1a: Kommo-o|28/100|[from] item: Life Orb
|move|p2a: Vanilluxe|Blizzard|p1b: Kingambit|[spread] p1b
|-miss|p2a: Vanilluxe|p1a: Kommo-o
|-resisted|p1b: Kingambit|1
|-damage|p1b: Kingambit|40/100
|move|p1b: Kingambit|Iron Head|p2a: Vanilluxe
|-supereffective|p2a: Vanilluxe|1
|-damage|p2a: Vanilluxe|0 fnt
|faint|p2a: Vanilluxe
|
|win|ttsui234
|l|☆luckycricket0326
|player|p2|
|l|☆ttsui234
|player|p1|
|j|☆ttsui234
|player|p1|ttsui234|266|
