|j|☆5NitesAtTrickRoom
|j|☆luijingames
|html|5NitesAtTrickRoomluijingames    
|uhtml|bestof|Game 3 of a best-of-3
|t:|1757213462
|gametype|doubles
|player|p1|5NitesAtTrickRoom|hexmaniac-gen6|1076
|player|p2|luijingames|bugcatcher-gen4dp|1075
|gen|9
|tier|[Gen 9] VGC 2025 Reg H (Bo3)
|rated|
|rule|Species Clause: Limit one of each Pokémon
|rule|Item Clause: Limit 1 of each item
|clearpoke
|poke|p1|Indeedee-F, L50, F|
|poke|p1|Armarouge, L50, F|
|poke|p1|Dragonite, L50, M|
|poke|p1|Ursaluna, L50, M|
|poke|p1|Whimsicott, L50, M|
|poke|p1|Blastoise, L50, M|
|poke|p2|Sneasler, L50, F|
|poke|p2|Primarina, L50, F|
|poke|p2|Kingambit, L50, M|
|poke|p2|Rillaboom, L50, M|
|poke|p2|Electabuzz, L50, M|
|poke|p2|Dragapult, L50, F|
|teampreview|4
|showteam|p1|Indeedee-F||SafetyGoggles|PsychicSurge|FollowMe,HelpingHand,TrickRoom,DazzlingGleam|||F|||50|,,,,,Water]Armarouge||PowerHerb|FlashFire|MeteorBeam,ExpandingForce,ArmorCannon,TrickRoom|||F|||50|,,,,,Grass]Dragonite||ChoiceBand|InnerFocus|ExtremeSpeed,Outrage,LowKick,TeraBlast|||M|||50|,,,,,Flying]Ursaluna||FlameOrb|Guts|Earthquake,HeadlongRush,Facade,Protect|||M|||50|,,,,,Ghost]Whimsicott||CovertCloak|Prankster|Moonblast,Tailwind,HelpingHand,Encore|||M|||50|,,,,,Water]Blastoise||ChoiceSpecs|Torrent|WaterSpout,HydroPump,IceBeam,DarkPulse|||M|||50|,,,,,Water
|showteam|p2|Sneasler||FocusSash|PoisonTouch|DireClaw,CloseCombat,Protect,FakeOut|||F|||50|,,,,,Stellar]Primarina||ThroatSpray|LiquidVoice|Protect,HyperVoice,Moonblast,Haze|||F|||50|,,,,,Poison]Kingambit||BlackGlasses|Defiant|KowtowCleave,SwordsDance,SuckerPunch,Protect|||M|||50|,,,,,Dark]Rillaboom||AssaultVest|GrassySurge|WoodHammer,Uturn,GrassyGlide,FakeOut|||M|||50|,,,,,Fire]Electabuzz||Eviolite|VitalSpirit|Electroweb,Taunt,Protect,FollowMe|||M|||50|,,,,,Fairy]Dragapult||ChoiceBand|ClearBody|DragonDarts,Uturn,PhantomForce,Outrage|||F|||50|,,,,,Dragon
|inactive|Battle timer is ON: inactive players will automatically lose when time's up. (requested by 5NitesAtTrickRoom)
|
|t:|1757213486
|teamsize|p1|4
|teamsize|p2|4
|start
|switch|p1a: Whimsicott|Whimsicott, L50, M, shiny|100/100
|switch|p1b: Dragonite|Dragonite, L50, M|100/100
|switch|p2a: Sneasler|Sneasler, L50, F|100/100
|switch|p2b: Dragapult|Dragapult, L50, F|100/100
|turn|1
|
|t:|1757213511
|switch|p2b: Kingambit|Kingambit, L50, M|100/100
|-terastallize|p1b: Dragonite|Flying
|move|p1a: Whimsicott|Tailwind|p1a: Whimsicott
|-sidestart|p1: 5NitesAtTrickRoom|move: Tailwind
|move|p1b: Dragonite|Tera Blast|p2b: Kingambit|[anim] Tera Blast Flying
|-resisted|p2b: Kingambit
|-damage|p2b: Kingambit|67/100
|move|p2a: Sneasler|Dire Claw|p1a: Whimsicott
|-supereffective|p1a: Whimsicott
|-damage|p1a: Whimsicott|0 fnt
|faint|p1a: Whimsicott
|
|upkeep
|
|t:|1757213516
|switch|p1a: Blastoise|Blastoise, L50, M|100/100
|turn|2
|
|t:|1757213542
|move|p2a: Sneasler|Protect|p2a: Sneasler
|-singleturn|p2a: Sneasler|Protect
|move|p2b: Kingambit|Protect|p2b: Kingambit
|-singleturn|p2b: Kingambit|Protect
|move|p1a: Blastoise|Water Spout|p2a: Sneasler|[spread] 
|-activate|p2a: Sneasler|move: Protect
|-activate|p2b: Kingambit|move: Protect
|move|p1b: Dragonite|Tera Blast|p2b: Kingambit|[anim] Tera Blast Flying
|-activate|p2b: Kingambit|move: Protect
|
|upkeep
|turn|3
|inactive|luijingames has 30 seconds left.
|
|t:|1757213568
|move|p2b: Kingambit|Sucker Punch|p1b: Dragonite
|-damage|p1b: Dragonite|45/100
|move|p1a: Blastoise|Water Spout|p2a: Sneasler|[spread] p2a,p2b
|-enditem|p2a: Sneasler|Focus Sash
|-damage|p2a: Sneasler|1/100
|-damage|p2b: Kingambit|0 fnt
|faint|p2b: Kingambit
|move|p1b: Dragonite|Tera Blast|p2a: Sneasler|[anim] Tera Blast Flying
|-supereffective|p2a: Sneasler
|-damage|p2a: Sneasler|0 fnt
|faint|p2a: Sneasler
|
|upkeep
|
|t:|1757213581
|switch|p2a: Dragapult|Dragapult, L50, F|100/100
|switch|p2b: Primarina|Primarina, L50, F|100/100
|turn|4
|inactive|luijingames has 30 seconds left.
|
|t:|1757213609
|move|p1a: Blastoise|Water Spout|p2a: Dragapult|[spread] p2a,p2b
|-resisted|p2a: Dragapult
|-crit|p2a: Dragapult
|-resisted|p2b: Primarina
|-damage|p2a: Dragapult|24/100
|-damage|p2b: Primarina|72/100
|move|p1b: Dragonite|Tera Blast|p2a: Dragapult|[anim] Tera Blast Flying
|-damage|p2a: Dragapult|0 fnt
|faint|p2a: Dragapult
|move|p2b: Primarina|Hyper Voice|p1b: Dragonite|[spread] p1a,p1b
|-resisted|p1a: Blastoise
|-damage|p1a: Blastoise|83/100
|-damage|p1b: Dragonite|12/100
|-enditem|p2b: Primarina|Throat Spray
|-boost|p2b: Primarina|spa|1|[from] item: Throat Spray
|
|-sideend|p1: 5NitesAtTrickRoom|move: Tailwind
|upkeep
|turn|5
|
|t:|1757213624
|move|p1a: Blastoise|Water Spout|p2b: Primarina
|-resisted|p2b: Primarina
|-damage|p2b: Primarina|40/100
|move|p1b: Dragonite|Tera Blast|p2b: Primarina|[anim] Tera Blast Flying
|-damage|p2b: Primarina|0 fnt
|faint|p2b: Primarina
|
|win|5NitesAtTrickRoom
|raw|5NitesAtTrickRoom's rating: 1076 → 1105(+29 for winning)
|raw|luijingames's rating: 1075 → 1054(-21 for losing)
