|j|☆kariuus
|j|☆WASHINGTONGARGACHA
|html|kariuusWASHINGTONGARGACHA    
|uhtml|bestof|Game 2 of a best-of-3
|t:|1756464726
|gametype|doubles
|player|p1|kariuus|2|1000
|player|p2|WASHINGTONGARGACHA|265|1088
|gen|9
|tier|[Gen 9] VGC 2025 Reg H (Bo3)
|rated|
|rule|Species Clause: Limit one of each Pokémon
|rule|Item Clause: Limit 1 of each item
|clearpoke
|poke|p1|Annihilape, L50, M|
|poke|p1|Sinistcha, L50|
|poke|p1|Ursaluna, L50, M|
|poke|p1|Pelipper, L50, F|
|poke|p1|Maushold, L50|
|poke|p1|Archaludon, L50, F|
|poke|p2|Gholdengo, L50|
|poke|p2|Ursaluna, L50, M|
|poke|p2|Archaludon, L50, M|
|poke|p2|Murkrow, L50, F|
|poke|p2|Farigiraf, L50, F|
|poke|p2|Palafin, L50, F|
|teampreview|4
|showteam|p1|Annihilape||Leftovers|Defiant|DrainPunch,RageFist,BulkUp,Protect|||M|||50|,,,,,Water]Sinistcha||SitrusBerry|Hospitality|MatchaGotcha,RagePowder,LifeDew,Protect||||||50|,,,,,Water]Ursaluna||FlameOrb|Guts|Facade,HeadlongRush,Earthquake,Protect|||M|||50|,,,,,Ghost]Pelipper||FocusSash|Drizzle|WeatherBall,Protect,Tailwind,Hurricane|||F|||50|,,,,,Ghost]Maushold||SafetyGoggles|FriendGuard|Taunt,BeatUp,FollowMe,Protect||||||50|,,,,,Ghost]Archaludon||AssaultVest|Stamina|DracoMeteor,ElectroShot,Snarl,BodyPress|||F|||50|,,,,,Bug
|showteam|p2|Gholdengo||SitrusBerry|GoodasGold|ShadowBall,MakeItRain,NastyPlot,Protect||||||50|,,,,,Water]Ursaluna||FlameOrb|Guts|Facade,Earthquake,Protect,HeadlongRush|||M|||50|,,,,,Ghost]Archaludon||PowerHerb|Stamina|ElectroShot,FlashCannon,DracoMeteor,Protect|||M|||50|,,,,,Grass]Murkrow||Eviolite|Prankster|Tailwind,RainDance,FoulPlay,Haze|||F|||50|,,,,,Dark]Farigiraf||ThroatSpray|ArmorTail|HyperVoice,TrickRoom,Psychic,Protect|||F|||50|,,,,,Fairy]Palafin||MysticWater|ZerotoHero|FlipTurn,Protect,JetPunch,WaveCrash|||F|||50|,,,,,Water
|
|t:|1756464759
|teamsize|p1|4
|teamsize|p2|4
|start
|switch|p1a: Maushold|Maushold, L50|100/100
|switch|p1b: Archaludon|Archaludon, L50, F|100/100
|switch|p2a: Murkrow|Murkrow, L50, F|100/100
|switch|p2b: Palafin|Palafin, L50, F|100/100
|turn|1
|
|t:|1756464789
|switch|p2a: Ursaluna|Ursaluna, L50, M|100/100
|move|p1a: Maushold|Beat Up|p1b: Archaludon
|-crit|p1b: Archaludon
|-damage|p1b: Archaludon|98/100
|-ability|p1b: Archaludon|Stamina|boost
|-boost|p1b: Archaludon|def|1
|-damage|p1b: Archaludon|97/100
|-ability|p1b: Archaludon|Stamina|boost
|-boost|p1b: Archaludon|def|1
|-damage|p1b: Archaludon|96/100
|-ability|p1b: Archaludon|Stamina|boost
|-boost|p1b: Archaludon|def|1
|-damage|p1b: Archaludon|96/100
|-ability|p1b: Archaludon|Stamina|boost
|-boost|p1b: Archaludon|def|1
|-hitcount|p1b: Archaludon|4
|move|p2b: Palafin|Flip Turn|p1a: Maushold
|-crit|p1a: Maushold
|-damage|p1a: Maushold|48/100
|
|t:|1756464805
|detailschange|p2b: Palafin|Palafin-Hero, L50, F
|switch|p2b: Murkrow|Murkrow, L50, F|100/100|[from] Flip Turn
|move|p1b: Archaludon|Electro Shot||[still]
|-prepare|p1b: Archaludon|Electro Shot
|-boost|p1b: Archaludon|spa|1
|
|-status|p2a: Ursaluna|brn|[from] item: Flame Orb
|upkeep
|turn|2
|
|t:|1756464848
|move|p1a: Maushold|Protect|p1a: Maushold
|-singleturn|p1a: Maushold|Protect
|move|p2b: Murkrow|Haze|p2b: Murkrow
|-clearallboost
|move|p1b: Archaludon|Electro Shot|p2a: Ursaluna|[from] lockedmove
|-immune|p2a: Ursaluna
|move|p2a: Ursaluna|Earthquake|p1b: Archaludon|[spread] p1b
|-activate|p1a: Maushold|move: Protect
|-immune|p2b: Murkrow
|-supereffective|p1b: Archaludon
|-damage|p1b: Archaludon|18/100
|-ability|p1b: Archaludon|Stamina|boost
|-boost|p1b: Archaludon|def|1
|
|-damage|p2a: Ursaluna|94/100 brn|[from] brn
|upkeep
|turn|3
|
|t:|1756464876
|move|p2b: Murkrow|Tailwind|p2b: Murkrow
|-sidestart|p2: WASHINGTONGARGACHA|move: Tailwind
|move|p1a: Maushold|Beat Up|p1b: Archaludon
|-damage|p1b: Archaludon|17/100
|-ability|p1b: Archaludon|Stamina|boost
|-boost|p1b: Archaludon|def|1
|-damage|p1b: Archaludon|16/100
|-ability|p1b: Archaludon|Stamina|boost
|-boost|p1b: Archaludon|def|1
|-damage|p1b: Archaludon|15/100
|-ability|p1b: Archaludon|Stamina|boost
|-boost|p1b: Archaludon|def|1
|-damage|p1b: Archaludon|15/100
|-ability|p1b: Archaludon|Stamina|boost
|-boost|p1b: Archaludon|def|1
|-hitcount|p1b: Archaludon|4
|move|p2a: Ursaluna|Earthquake|p1b: Archaludon|[spread] p1a,p1b
|-immune|p2b: Murkrow
|-supereffective|p1b: Archaludon
|-damage|p1a: Maushold|0 fnt
|-damage|p1b: Archaludon|0 fnt
|faint|p1a: Maushold
|faint|p1b: Archaludon
|
|-damage|p2a: Ursaluna|88/100 brn|[from] brn
|upkeep
|
|t:|1756464896
|switch|p1a: Pelipper|Pelipper, L50, F|100/100
|switch|p1b: Annihilape|Annihilape, L50, M|100/100
|-weather|RainDance|[from] ability: Drizzle|[of] p1a: Pelipper
|turn|4
|
|t:|1756464911
|move|p2b: Murkrow|Foul Play|p1b: Annihilape
|-crit|p1b: Annihilape
|-damage|p1b: Annihilape|46/100
|move|p2a: Ursaluna|Facade|p1a: Pelipper
|-enditem|p1a: Pelipper|Focus Sash
|-damage|p1a: Pelipper|1/100
|move|p1b: Annihilape|Bulk Up|p1b: Annihilape
|-boost|p1b: Annihilape|atk|1
|-boost|p1b: Annihilape|def|1
|move|p1a: Pelipper|Weather Ball|p2a: Ursaluna
|-supereffective|p2a: Ursaluna
|-damage|p2a: Ursaluna|1/100 brn
|
|-weather|RainDance|[upkeep]
|-heal|p1b: Annihilape|52/100|[from] item: Leftovers
|-damage|p2a: Ursaluna|0 fnt|[from] brn
|faint|p2a: Ursaluna
|upkeep
|
|t:|1756464935
|switch|p2a: Palafin|Palafin-Hero, L50, F|100/100
|-activate|p2a: Palafin|ability: Zero to Hero
|turn|5
|
|t:|1756464957
|-terastallize|p2a: Palafin|Water
|move|p2b: Murkrow|Haze|p2b: Murkrow
|-clearallboost
|move|p2a: Palafin|Wave Crash|p1b: Annihilape
|-damage|p1b: Annihilape|0 fnt
|faint|p1b: Annihilape
|-damage|p2a: Palafin|80/100|[from] Recoil
|move|p1a: Pelipper|Weather Ball|p2b: Murkrow
|-crit|p2b: Murkrow
|-damage|p2b: Murkrow|41/100
|
|-weather|RainDance|[upkeep]
|upkeep
|turn|6
|-message|kariuus forfeited.
|
|win|WASHINGTONGARGACHA
|raw|kariuus's rating: 1000 → 1000(+0 for losing)
|raw|WASHINGTONGARGACHA's rating: 1088 → 1108(+20 for winning)
