|j|☆L4luck
|j|☆cynthia's grippers
|html|L4luckcynthia's grippers    
|uhtml|bestof|Game 1 of a best-of-3
|t:|1783025439
|gametype|doubles
|player|p1|L4luck|265|1107
|player|p2|cynthia's grippers|cynthia|1180
|gen|9
|tier|[Gen 9 Champions] VGC 2026 Reg M-B (Bo3)
|rated|
|rule|Species Clause: Limit one of each Pokémon
|rule|Item Clause: Limit 1 of each item
|clearpoke
|poke|p1|Froslass, L50, F|
|poke|p1|Garchomp, L50, M|
|poke|p1|Milotic, L50, F|
|poke|p1|Whimsicott, L50, M|
|poke|p1|Sneasler, L50, F|
|poke|p1|Volcarona, L50, F|
|poke|p2|Klefki, L50, F|
|poke|p2|Overqwil, L50, M|
|poke|p2|Meowstic, L50, M|
|poke|p2|Sneasler, L50, M|
|poke|p2|Delphox, L50, F|
|poke|p2|Sableye, L50, F|
|teampreview|4
|showteam|p1|Froslass||Froslassite|SnowCloak|Blizzard,Thunderbolt,ShadowBall,Protect|Timid||F|||50|]Garchomp||LifeOrb|RoughSkin|StompingTantrum,DragonClaw,RockSlide,Protect|Jolly||M|||50|]Milotic||Leftovers|Competitive|MuddyWater,IcyWind,Protect,LifeDew|Modest||F|||50|]Whimsicott||FocusSash|Prankster|Moonblast,Tailwind,Encore,StunSpore|Bold||M|||50|]Sneasler||WhiteHerb|Unburden|CloseCombat,DireClaw,FakeOut,Protect|Adamant||F|||50|]Volcarona||SitrusBerry|FlameBody|FireBlast,BugBuzz,Protect,StruggleBug|Timid||F|||50|
|showteam|p2|Klefki||SitrusBerry|Prankster|DrainingKiss,CalmMind,Substitute,PsychUp|Bold||F|||50|]Overqwil||Leftovers|Intimidate|BarbBarrage,Stockpile,Minimize,Protect|Impish||M|||50|]Meowstic||BrightPowder|Prankster|Yawn,SkillSwap,SunnyDay,FakeOut|Bold||M|||50|]Sneasler||FocusSash|PoisonTouch|PoisonJab,CloseCombat,QuickGuard,FakeOut|Jolly||M|||50|]Delphox||Delphoxite|Blaze|HeatWave,StoredPower,PsychUp,Protect|Timid||F|||50|]Sableye||Sablenite|Prankster|FoulPlay,DarkPulse,PainSplit,PsychUp|Sassy||F|||50|
|
|t:|1783025463
|teamsize|p1|4
|teamsize|p2|4
|start
|switch|p1a: Milotic|Milotic, L50, F|100/100
|switch|p1b: Sneasler|Sneasler, L50, F|100/100
|switch|p2a: Overqwil|Overqwil, L50, M|100/100
|switch|p2b: Meowstic|Meowstic, L50, M|100/100
|-ability|p2a: Overqwil|Intimidate|boost
|-unboost|p1a: Milotic|atk|1
|-ability|p1a: Milotic|Competitive|boost
|-boost|p1a: Milotic|spa|2
|-unboost|p1b: Sneasler|atk|1
|-enditem|p1b: Sneasler|White Herb
|-clearnegativeboost|p1b: Sneasler|[silent]
|turn|1
|
|t:|1783025492
|move|p1b: Sneasler|Fake Out|p2a: Overqwil
|-damage|p2a: Overqwil|86/100
|move|p2b: Meowstic|Skill Swap|p2a: Overqwil
|-activate|p2b: Meowstic|Skill Swap|||[of] p2a: Overqwil
|-ability|p2b: Meowstic|Intimidate|boost
|-unboost|p1a: Milotic|atk|1
|-ability|p1a: Milotic|Competitive|boost
|-boost|p1a: Milotic|spa|2
|-unboost|p1b: Sneasler|atk|1
|cant|p2a: Overqwil|flinch
|move|p1a: Milotic|Muddy Water|p2b: Meowstic|[spread] p2b
|-miss|p1a: Milotic|p2a: Overqwil
|-damage|p2b: Meowstic|0 fnt
|faint|p2b: Meowstic
|
|-heal|p2a: Overqwil|93/100|[from] item: Leftovers
|upkeep
|
|t:|1783025501
|switch|p2b: Klefki|Klefki, L50, F|100/100
|turn|2
|
|t:|1783025509
|move|p2a: Overqwil|Minimize|p2a: Overqwil
|-boost|p2a: Overqwil|evasion|2
|move|p2b: Klefki|Psych Up|p2a: Overqwil
|-copyboost|p2b: Klefki|p2a: Overqwil|[from] move: Psych Up
|move|p1b: Sneasler|Close Combat|p2a: Overqwil
|-damage|p2a: Overqwil|54/100
|-unboost|p1b: Sneasler|def|1
|-unboost|p1b: Sneasler|spd|1
|move|p1a: Milotic|Muddy Water|p2b: Klefki|[spread] 
|-miss|p1a: Milotic|p2a: Overqwil
|-miss|p1a: Milotic|p2b: Klefki
|
|-heal|p2a: Overqwil|60/100|[from] item: Leftovers
|upkeep
|turn|3
|
|t:|1783025521
|switch|p1b: Whimsicott|Whimsicott, L50, M|100/100
|move|p2a: Overqwil|Minimize|p2a: Overqwil
|-boost|p2a: Overqwil|evasion|2
|move|p2b: Klefki|Calm Mind|p2b: Klefki
|-boost|p2b: Klefki|spa|1
|-boost|p2b: Klefki|spd|1
|move|p1a: Milotic|Muddy Water|p2b: Klefki|[spread] 
|-miss|p1a: Milotic|p2a: Overqwil
|-miss|p1a: Milotic|p2b: Klefki
|
|-heal|p2a: Overqwil|66/100|[from] item: Leftovers
|upkeep
|turn|4
|
|t:|1783025532
|move|p1b: Whimsicott|Tailwind|p1b: Whimsicott
|-sidestart|p1: L4luck|move: Tailwind
|move|p2a: Overqwil|Minimize|p2a: Overqwil
|-boost|p2a: Overqwil|evasion|2
|move|p2b: Klefki|Psych Up|p2a: Overqwil
|-copyboost|p2b: Klefki|p2a: Overqwil|[from] move: Psych Up
|move|p1a: Milotic|Muddy Water|p2a: Overqwil|[spread] p2a,p2b
|-damage|p2a: Overqwil|0 fnt
|-damage|p2b: Klefki|0 fnt
|faint|p2a: Overqwil
|faint|p2b: Klefki
|
|upkeep
|
|t:|1783025542
|switch|p2b: Sableye|Sableye, L50, F|100/100
|turn|5
|c|☆L4luck|lmao
|c|☆cynthia's grippers|i guess
|c|☆cynthia's grippers|when i click muddy water double miss when you have 3x evasion double hit
|
|t:|1783025576
|detailschange|p2b: Sableye|Sableye-Mega, L50, F
|-mega|p2b: Sableye|Sableye|Sablenite
|move|p1b: Whimsicott|Moonblast|p2b: Sableye
|-supereffective|p2b: Sableye|1
|-damage|p2b: Sableye|54/100
|move|p1a: Milotic|Muddy Water|p2b: Sableye
|-damage|p2b: Sableye|0 fnt
|faint|p2b: Sableye
|
|win|L4luck
||cynthia's grippers is ready for game 2.
|inactive|L4luck has 30 seconds to confirm battle start!
||L4luck is ready for game 2.
|uhtml|next|Next: Game 2 of 3
|l|☆cynthia's grippers
|player|p2|
