|j|☆lebakeogoat
|j|☆quailfish
|html|lebakeogoatquailfish    
|uhtml|bestof|Game 3 of a best-of-3
|t:|1784802333
|gametype|doubles
|player|p1|lebakeogoat|morty-masters|1040
|player|p2|quailfish|1|1164
|gen|9
|tier|[Gen 9 Champions] VGC 2026 Reg M-B (Bo3)
|rated|
|rule|Species Clause: Limit one of each Pokémon
|rule|Item Clause: Limit 1 of each item
|clearpoke
|poke|p1|Drampa, L50, F, shiny|
|poke|p1|Oranguru, L50, F, shiny|
|poke|p1|Cofagrigus, L50, F, shiny|
|poke|p1|Torkoal, L50, F|
|poke|p1|Sinistcha-Masterpiece, L50, shiny|
|poke|p1|Snorlax, L50, F|
|poke|p2|Swampert, L50, M|
|poke|p2|Pelipper, L50, F|
|poke|p2|Grimmsnarl, L50, M|
|poke|p2|Orthworm, L50, F|
|poke|p2|Chimecho, L50, M|
|poke|p2|Dragapult, L50, M|
|teampreview|4
|showteam|p1|Drampa||Drampanite|Berserk|HyperVoice,DragonPulse,CalmMind,Protect|Modest||F|||50|]Oranguru||ColburBerry|InnerFocus|TrickRoom,ChillingWater,Yawn,Instruct|Sassy||F|||50|]Cofagrigus||SitrusBerry|Mummy|ShadowBall,WillOWisp,DestinyBond,TrickRoom|Sassy||F|||50|]Torkoal||Charcoal|Drought|Eruption,SolarBeam,EarthPower,SludgeBomb|Modest||F|||50|]Sinistcha-Masterpiece||FocusSash|Hospitality|LifeDew,RagePowder,StrengthSap,ShadowBall|Modest|||||50|]Snorlax||Leftovers|Immunity|Curse,BodyPress,BodySlam,Crunch|Adamant||F|||50|
|showteam|p2|Swampert||Swampertite|Torrent|Earthquake,WaveCrash,Protect,FlipTurn|Adamant||M|||50|]Pelipper||ExpertBelt|Drizzle|Hurricane,Protect,MuddyWater,Tailwind|Bold||F|||50|]Grimmsnarl||LightClay|Prankster|PartingShot,Reflect,LightScreen,FakeOut|Careful||M|||50|]Orthworm||SitrusBerry|EarthEater|Protect,ShedTail,RockTomb,BodyPress|Impish||F|||50|]Chimecho||Chimechite|Levitate|Gravity,Psychic,Protect,Hypnosis|Modest||M|||50|]Dragapult||Leftovers|ClearBody|DragonDarts,WillOWisp,PhantomForce,Disable|Jolly||M|||50|
|inactive|Battle timer is ON: inactive players will automatically lose when time's up. (requested by lebakeogoat)
|inactive|quailfish has 60 seconds left.
|
|t:|1784802377
|teamsize|p1|4
|teamsize|p2|4
|start
|switch|p1a: Cofagrigus|Cofagrigus, L50, F, shiny|100/100
|switch|p1b: Drampa|Drampa, L50, F, shiny|100/100
|switch|p2a: Orthworm|Orthworm, L50, F|100/100
|switch|p2b: Chimecho|Chimecho, L50, M|100/100
|turn|1
|inactive|lebakeogoat has 30 seconds left.
|inactive|quailfish has 30 seconds left.
|
|t:|1784802413
|switch|p2b: Grimmsnarl|Grimmsnarl, L50, M|100/100
|detailschange|p1b: Drampa|Drampa-Mega, L50, F, shiny
|-mega|p1b: Drampa|Drampa|Drampanite
|move|p2a: Orthworm|Body Press|p1b: Drampa
|-supereffective|p1b: Drampa|1
|-damage|p1b: Drampa|49/100
|-ability|p1b: Drampa|Berserk|boost
|-boost|p1b: Drampa|spa|1
|move|p1b: Drampa|Calm Mind|p1b: Drampa
|-boost|p1b: Drampa|spa|1
|-boost|p1b: Drampa|spd|1
|move|p1a: Cofagrigus|Trick Room|p1a: Cofagrigus
|-fieldstart|move: Trick Room|[of] p1a: Cofagrigus
|
|upkeep
|turn|2
|
|t:|1784802430
|move|p2b: Grimmsnarl|Light Screen|p2b: Grimmsnarl
|-sidestart|p2: quailfish|move: Light Screen
|move|p1a: Cofagrigus|Will-O-Wisp|p2a: Orthworm
|-status|p2a: Orthworm|brn
|move|p1b: Drampa|Hyper Voice|p2a: Orthworm|[spread] p2a,p2b
|-resisted|p2a: Orthworm|1
|-damage|p2a: Orthworm|66/100 brn
|-damage|p2b: Grimmsnarl|44/100
|move|p2a: Orthworm|Body Press|p1b: Drampa
|-supereffective|p1b: Drampa|1
|-damage|p1b: Drampa|25/100
|
|-damage|p2a: Orthworm|59/100 brn|[from] brn
|upkeep
|turn|3
|
|t:|1784802453
|move|p2b: Grimmsnarl|Parting Shot|p1b: Drampa
|-unboost|p1b: Drampa|atk|1
|-unboost|p1b: Drampa|spa|1
|
|t:|1784802458
|switch|p2b: Chimecho|Chimecho, L50, M|100/100|[from] Parting Shot
|move|p1a: Cofagrigus|Shadow Ball|p2a: Orthworm
|-damage|p2a: Orthworm|37/100 brn
|-enditem|p2a: Orthworm|Sitrus Berry|[eat]
|-heal|p2a: Orthworm|62/100 brn|[from] item: Sitrus Berry
|move|p1b: Drampa|Hyper Voice|p2a: Orthworm|[spread] p2a,p2b
|-resisted|p2a: Orthworm|1
|-damage|p2a: Orthworm|35/100 brn
|-damage|p2b: Chimecho|62/100
|move|p2a: Orthworm|Body Press|p1b: Drampa
|-supereffective|p1b: Drampa|1
|-damage|p1b: Drampa|1/100
|
|-damage|p2a: Orthworm|28/100 brn|[from] brn
|upkeep
|turn|4
|inactive|quailfish has 30 seconds left.
|
|t:|1784802489
|detailschange|p2b: Chimecho|Chimecho-Mega, L50, M
|-mega|p2b: Chimecho|Chimecho|Chimechite
|move|p2b: Chimecho|Protect|p2b: Chimecho
|-singleturn|p2b: Chimecho|Protect
|move|p1a: Cofagrigus|Shadow Ball|p2b: Chimecho
|-activate|p2b: Chimecho|move: Protect
|move|p1b: Drampa|Hyper Voice|p2b: Chimecho|[spread] p2a
|-activate|p2b: Chimecho|move: Protect
|-resisted|p2a: Orthworm|1
|-damage|p2a: Orthworm|3/100 brn
|move|p2a: Orthworm|Body Press|p1b: Drampa
|-supereffective|p1b: Drampa|1
|-damage|p1b: Drampa|0 fnt
|faint|p1b: Drampa
|
|-damage|p2a: Orthworm|0 fnt|[from] brn
|faint|p2a: Orthworm
|upkeep
|
|t:|1784802511
|switch|p1b: Snorlax|Snorlax, L50, F|100/100
|switch|p2a: Grimmsnarl|Grimmsnarl, L50, M|44/100
|turn|5
|
|t:|1784802529
|switch|p2b: Dragapult|Dragapult, L50, M|100/100
|move|p2a: Grimmsnarl|Fake Out|p1b: Snorlax
|-damage|p1b: Snorlax|89/100
|move|p1a: Cofagrigus|Shadow Ball|p2b: Dragapult
|-supereffective|p2b: Dragapult|1
|-crit|p2b: Dragapult
|-damage|p2b: Dragapult|12/100
|cant|p1b: Snorlax|flinch
|
|-heal|p1b: Snorlax|95/100|[from] item: Leftovers
|-heal|p2b: Dragapult|18/100|[from] item: Leftovers
|-fieldend|move: Trick Room
|upkeep
|turn|6
|inactive|lebakeogoat has 30 seconds left.
|
|t:|1784802556
|move|p2a: Grimmsnarl|Parting Shot|p1b: Snorlax
|-unboost|p1b: Snorlax|atk|1
|-unboost|p1b: Snorlax|spa|1
|
|t:|1784802559
|switch|p2a: Chimecho|Chimecho-Mega, L50, M|62/100|[from] Parting Shot
|move|p2b: Dragapult|Phantom Force||[still]
|-prepare|p2b: Dragapult|Phantom Force
|move|p1b: Snorlax|Curse|p1b: Snorlax
|-unboost|p1b: Snorlax|spe|1
|-boost|p1b: Snorlax|atk|1
|-boost|p1b: Snorlax|def|1
|move|p1a: Cofagrigus|Trick Room|p1a: Cofagrigus
|-fieldstart|move: Trick Room|[of] p1a: Cofagrigus
|
|-heal|p1b: Snorlax|100/100|[from] item: Leftovers
|-heal|p2b: Dragapult|25/100|[from] item: Leftovers
|upkeep
|turn|7
|
|t:|1784802576
|move|p2a: Chimecho|Protect|p2a: Chimecho
|-singleturn|p2a: Chimecho|Protect
|move|p1b: Snorlax|Crunch|p2b: Dragapult|[miss]
|-miss|p1b: Snorlax|p2b: Dragapult
|move|p1a: Cofagrigus|Shadow Ball|p2a: Chimecho
|-activate|p2a: Chimecho|move: Protect
|move|p2b: Dragapult|Phantom Force|p1a: Cofagrigus|[from] lockedmove
|-supereffective|p1a: Cofagrigus|1
|-damage|p1a: Cofagrigus|45/100
|-activate|p1a: Cofagrigus|ability: Mummy|p2b: Dragapult|[ability] Clear Body
|-enditem|p1a: Cofagrigus|Sitrus Berry|[eat]
|-heal|p1a: Cofagrigus|70/100|[from] item: Sitrus Berry
|
|-heal|p2b: Dragapult|31/100|[from] item: Leftovers
|upkeep
|turn|8
|
|t:|1784802601
|move|p1b: Snorlax|Curse|p1b: Snorlax
|-unboost|p1b: Snorlax|spe|1
|-boost|p1b: Snorlax|atk|1
|-boost|p1b: Snorlax|def|1
|move|p1a: Cofagrigus|Shadow Ball|p2b: Dragapult
|-supereffective|p2b: Dragapult|1
|-crit|p2b: Dragapult
|-damage|p2b: Dragapult|0 fnt
|faint|p2b: Dragapult
|move|p2a: Chimecho|Psychic|p1a: Cofagrigus
|-damage|p1a: Cofagrigus|33/100
|
|upkeep
|
|t:|1784802613
|switch|p2b: Grimmsnarl|Grimmsnarl, L50, M|44/100
|turn|9
|
|t:|1784802625
|move|p2a: Chimecho|Protect|p2a: Chimecho
|-singleturn|p2a: Chimecho|Protect
|move|p2b: Grimmsnarl|Fake Out|p1b: Snorlax
|-damage|p1b: Snorlax|94/100
|cant|p1b: Snorlax|flinch
|move|p1a: Cofagrigus|Shadow Ball|p2a: Chimecho
|-activate|p2a: Chimecho|move: Protect
|
|-heal|p1b: Snorlax|100/100|[from] item: Leftovers
|-sideend|p2: quailfish|move: Light Screen
|upkeep
|turn|10
|inactive|quailfish has 30 seconds left.
|
|t:|1784802653
|move|p2b: Grimmsnarl|Light Screen|p2b: Grimmsnarl
|-sidestart|p2: quailfish|move: Light Screen
|move|p1b: Snorlax|Crunch|p2a: Chimecho
|-supereffective|p2a: Chimecho|1
|-damage|p2a: Chimecho|0 fnt
|faint|p2a: Chimecho
|move|p1a: Cofagrigus|Shadow Ball|p2b: Grimmsnarl
|-resisted|p2b: Grimmsnarl|1
|-damage|p2b: Grimmsnarl|36/100
|
|-fieldend|move: Trick Room
|upkeep
|turn|11
|-message|quailfish forfeited.
|
|win|lebakeogoat
|raw|lebakeogoat's rating: 1040 → 1086(+46 for winning)
|raw|quailfish's rating: 1164 → 1130(-34 for losing)
|l|☆quailfish
|player|p2|
