|j|鈽唗oxiccroc12
|j|鈽唋eilinoone
|html|toxiccroc12leilinoone    
|uhtml|bestof|Game 1 of a best-of-3
|t:|1783877306
|gametype|doubles
|player|p1|toxiccroc12|2|1062
|player|p2|leilinoone|1|1110
|gen|9
|tier|[Gen 9 Champions] VGC 2026 Reg M-B (Bo3)
|rated|
|rule|Species Clause: Limit one of each Pok茅mon
|rule|Item Clause: Limit 1 of each item
|clearpoke
|poke|p1|Floette-Eternal, L50, F|
|poke|p1|Incineroar, L50, M|
|poke|p1|Sinistcha, L50|
|poke|p1|Delphox, L50, F|
|poke|p1|Sneasler, L50, M|
|poke|p1|Kingambit, L50, M|
|poke|p2|Gyarados, L50, M|
|poke|p2|Garchomp, L50, M|
|poke|p2|Raichu, L50, M|
|poke|p2|Incineroar, L50, M|
|poke|p2|Sinistcha, L50|
|poke|p2|Ninetales-Alola, L50, F|
|teampreview|4
|showteam|p1|Floette-Eternal||Floettite|FlowerVeil|DazzlingGleam,DrainingKiss,CalmMind,Protect|Modest||F|||50|]Incineroar||SitrusBerry|Intimidate|FlareBlitz,FakeOut,PartingShot,HelpingHand|Impish||M|||50|]Sinistcha||OccaBerry|Hospitality|MatchaGotcha,RagePowder,TrickRoom,Protect|Relaxed|||||50|]Delphox||Delphoxite|Blaze|HeatWave,Psyshock,NastyPlot,Protect|Timid||F|||50|]Sneasler||FocusSash|PoisonTouch|PoisonJab,CloseCombat,FakeOut,QuickGuard|Jolly||M|||50|]Kingambit||BlackGlasses|Defiant|KowtowCleave,SuckerPunch,SwordsDance,Protect|Adamant||M|||50|
|showteam|p2|Gyarados||Gyaradosite|Intimidate|Waterfall,LashOut,DragonDance,Protect|Adamant||M|||50|]Garchomp||LifeOrb|RoughSkin|DragonClaw,StompingTantrum,RockSlide,Protect|Jolly||M|||50|]Raichu||RaichuniteX|LightningRod|Nuzzle,RisingVoltage,FakeOut,Protect|Timid||M|||50|]Incineroar||SitrusBerry|Intimidate|FlareBlitz,CloseCombat,FakeOut,PartingShot|Brave||M|||50|]Sinistcha||CobaBerry|Hospitality|MatchaGotcha,TrickRoom,Imprison,Protect|Quiet|||||50|]Ninetales-Alola||FocusSash|SnowWarning|Blizzard,AuroraVeil,IcyWind,Encore|Timid||F|||50|
|
|t:|1783877381
|teamsize|p1|4
|teamsize|p2|4
|start
|switch|p1a: Floette|Floette-Eternal, L50, F|100/100
|switch|p1b: Incineroar|Incineroar, L50, M|100/100
|switch|p2a: Ninetales|Ninetales-Alola, L50, F|100/100
|switch|p2b: Incineroar|Incineroar, L50, M|100/100
|-weather|Snowscape|[from] ability: Snow Warning|[of] p2a: Ninetales
|-ability|p1b: Incineroar|Intimidate|boost
|-unboost|p2a: Ninetales|atk|1
|-unboost|p2b: Incineroar|atk|1
|-ability|p2b: Incineroar|Intimidate|boost
|-unboost|p1a: Floette|atk|1
|-unboost|p1b: Incineroar|atk|1
|turn|1
|
|t:|1783877433
|detailschange|p1a: Floette|Floette-Mega, L50, F
|-mega|p1a: Floette|Floette|Floettite
|-ability|p1a: Floette|Fairy Aura
|move|p1b: Incineroar|Fake Out|p2a: Ninetales
|-damage|p2a: Ninetales|92/100
|move|p2b: Incineroar|Fake Out|p1a: Floette
|-damage|p1a: Floette|89/100
|cant|p2a: Ninetales|flinch
|cant|p1a: Floette|flinch
|
|-weather|Snowscape|[upkeep]
|upkeep
|turn|2
|
|t:|1783877467
|switch|p1b: Sneasler|Sneasler, L50, M|100/100
|move|p2a: Ninetales|Encore||[still]
|-fail|p2a: Ninetales
|move|p1a: Floette|Calm Mind|p1a: Floette
|-boost|p1a: Floette|spa|1
|-boost|p1a: Floette|spd|1
|move|p2b: Incineroar|Parting Shot|p1a: Floette
|-unboost|p1a: Floette|atk|1
|-unboost|p1a: Floette|spa|1
|
|t:|1783877486
|switch|p2b: Raichu|Raichu, L50, M|100/100|[from] Parting Shot
|
|-weather|Snowscape|[upkeep]
|upkeep
|turn|3
|
|t:|1783877558
|move|p1a: Floette|Protect|p1a: Floette
|-singleturn|p1a: Floette|Protect
|move|p2b: Raichu|Fake Out|p1b: Sneasler
|-damage|p1b: Sneasler|85/100
|cant|p1b: Sneasler|flinch
|move|p2a: Ninetales|Encore|p1a: Floette
|-activate|p1a: Floette|move: Protect
|
|-weather|Snowscape|[upkeep]
|upkeep
|turn|4
|
|t:|1783877579
|switch|p2a: Incineroar|Incineroar, L50, M|100/100
|-ability|p2a: Incineroar|Intimidate|boost
|-unboost|p1a: Floette|atk|1
|-unboost|p1b: Sneasler|atk|1
|switch|p1a: Incineroar|Incineroar, L50, M|100/100
|-ability|p1a: Incineroar|Intimidate|boost
|-unboost|p2a: Incineroar|atk|1
|-unboost|p2b: Raichu|atk|1
|move|p1b: Sneasler|Poison Jab|p2a: Incineroar
|-damage|p2a: Incineroar|71/100
|move|p2b: Raichu|Nuzzle|p1a: Incineroar
|-damage|p1a: Incineroar|96/100
|-status|p1a: Incineroar|par
|
|-weather|Snowscape|[upkeep]
|upkeep
|turn|5
|
|t:|1783877665
|detailschange|p2b: Raichu|Raichu-Mega-X, L50, M
|-mega|p2b: Raichu|Raichu|Raichunite X
|-fieldstart|move: Electric Terrain|[from] ability: Electric Surge|[of] p2b: Raichu
|move|p2a: Incineroar|Fake Out|p1b: Sneasler
|-damage|p1b: Sneasler|70/100
|cant|p1b: Sneasler|flinch
|move|p2b: Raichu|Rising Voltage|p1b: Sneasler
|-hint|Rising Voltage's BP doubled on grounded target.
|-damage|p1b: Sneasler|0 fnt
|faint|p1b: Sneasler
|move|p1a: Incineroar|Parting Shot|p2b: Raichu
|-unboost|p2b: Raichu|atk|1
|-unboost|p2b: Raichu|spa|1
|
|t:|1783877677
|switch|p1a: Floette|Floette-Mega, L50, F|89/100|[from] Parting Shot
|-ability|p1a: Floette|Fairy Aura
|
|-weather|none
|upkeep
|
|t:|1783877682
|switch|p1b: Incineroar|Incineroar, L50, M|96/100 par
|-ability|p1b: Incineroar|Intimidate|boost
|-unboost|p2a: Incineroar|atk|1
|-unboost|p2b: Raichu|atk|1
|turn|6
|
|t:|1783877699
|move|p1b: Incineroar|Fake Out|p2b: Raichu
|-damage|p2b: Raichu|87/100
|cant|p2b: Raichu|flinch
|move|p1a: Floette|Calm Mind|p1a: Floette
|-boost|p1a: Floette|spa|1
|-boost|p1a: Floette|spd|1
|move|p2a: Incineroar|Parting Shot|p1b: Incineroar
|-unboost|p1b: Incineroar|atk|1
|-unboost|p1b: Incineroar|spa|1
|
|t:|1783877709
|switch|p2a: Ninetales|Ninetales-Alola, L50, F|92/100|[from] Parting Shot
|-weather|Snowscape|[from] ability: Snow Warning|[of] p2a: Ninetales
|
|-weather|Snowscape|[upkeep]
|upkeep
|turn|7
|
|t:|1783877738
|switch|p2b: Garchomp|Garchomp, L50, M|100/100
|move|p1b: Incineroar|Helping Hand|p1a: Floette
|-singleturn|p1a: Floette|Helping Hand|[of] p1b: Incineroar
|move|p2a: Ninetales|Encore|p1a: Floette
|-start|p1a: Floette|Encore
|move|p1a: Floette|Calm Mind|p1a: Floette
|-boost|p1a: Floette|spa|1
|-boost|p1a: Floette|spd|1
|
|-weather|Snowscape|[upkeep]
|upkeep
|turn|8
|
|t:|1783877758
|switch|p1b: Sinistcha|Sinistcha, L50|100/100
|-heal|p1a: Floette|100/100|[from] ability: Hospitality|[of] p1b: Sinistcha
|move|p2a: Ninetales|Aurora Veil|p2a: Ninetales
|-sidestart|p2: leilinoone|move: Aurora Veil
|move|p2b: Garchomp|Stomping Tantrum|p1a: Floette
|-damage|p1a: Floette|44/100
|-damage|p2b: Garchomp|90/100|[from] item: Life Orb
|move|p1a: Floette|Calm Mind|p1a: Floette
|-boost|p1a: Floette|spa|1
|-boost|p1a: Floette|spd|1
|
|-weather|Snowscape|[upkeep]
|upkeep
|turn|9
|
|t:|1783877774
|move|p1b: Sinistcha|Rage Powder|p1b: Sinistcha
|-singleturn|p1b: Sinistcha|move: Rage Powder
|move|p2a: Ninetales|Blizzard|p1a: Floette|[spread] p1a,p1b
|-supereffective|p1b: Sinistcha|1
|-damage|p1a: Floette|33/100
|-damage|p1b: Sinistcha|31/100
|-status|p1a: Floette|frz
|move|p2b: Garchomp|Rock Slide|p1a: Floette|[spread] p1a,p1b
|-damage|p1a: Floette|3/100 frz
|-damage|p1b: Sinistcha|12/100
|-damage|p2b: Garchomp|80/100|[from] item: Life Orb
|cant|p1a: Floette|frz
|
|-weather|Snowscape|[upkeep]
|-end|p1a: Floette|Encore
|-fieldend|move: Electric Terrain
|upkeep
|turn|10
|c|鈽唗oxiccroc12|dang
|
|t:|1783877799
|switch|p1b: Incineroar|Incineroar, L50, M|96/100 par
|-ability|p1b: Incineroar|Intimidate|boost
|-unboost|p2a: Ninetales|atk|1
|-unboost|p2b: Garchomp|atk|1
|cant|p1a: Floette|frz
|move|p2a: Ninetales|Blizzard|p1a: Floette|[spread] p1a,p1b
|-resisted|p1b: Incineroar|1
|-damage|p1a: Floette|0 fnt
|-damage|p1b: Incineroar|81/100 par
|faint|p1a: Floette
|move|p2b: Garchomp|Stomping Tantrum|p1b: Incineroar
|-supereffective|p1b: Incineroar|1
|-damage|p1b: Incineroar|31/100 par
|-enditem|p1b: Incineroar|Sitrus Berry|[eat]
|-heal|p1b: Incineroar|56/100 par|[from] item: Sitrus Berry
|-damage|p2b: Garchomp|70/100|[from] item: Life Orb
|
|-weather|none
|upkeep
|c|鈽唋eilinoone|didn't matter
|
|t:|1783877808
|switch|p1a: Sinistcha|Sinistcha, L50|12/100
|-heal|p1b: Incineroar|81/100 par|[from] ability: Hospitality|[of] p1a: Sinistcha
|turn|11
|c|鈽唋eilinoone|or maybe a little
|c|鈽唗oxiccroc12|wait did u build this team urself I've never seen it
|c|鈽唋eilinoone|yes I did!
|c|鈽唗oxiccroc12|nice
|c|鈽唋eilinoone|Thanks
|c|鈽唋eilinoone|its maybe not the best but it was fun building it
|
|t:|1783877884
|switch|p2a: Incineroar|Incineroar, L50, M|71/100
|-ability|p2a: Incineroar|Intimidate|boost
|-unboost|p1a: Sinistcha|atk|1
|-unboost|p1b: Incineroar|atk|1
|move|p2b: Garchomp|Protect|p2b: Garchomp
|-singleturn|p2b: Garchomp|Protect
|move|p1b: Incineroar|Fake Out|p2b: Garchomp
|-activate|p2b: Garchomp|move: Protect
|move|p1a: Sinistcha|Matcha Gotcha|p2a: Incineroar|[spread] p2a
|-activate|p2b: Garchomp|move: Protect
|-resisted|p2a: Incineroar|1
|-damage|p2a: Incineroar|63/100
|-heal|p1a: Sinistcha|16/100|[from] drain|[of] p2a: Incineroar
|
|upkeep
|turn|12
|
|t:|1783877901
|move|p2b: Garchomp|Dragon Claw|p1a: Sinistcha
|-damage|p1a: Sinistcha|0 fnt
|faint|p1a: Sinistcha
|-damage|p2b: Garchomp|61/100|[from] item: Life Orb
|move|p2a: Incineroar|Close Combat|p1b: Incineroar
|-supereffective|p1b: Incineroar|1
|-damage|p1b: Incineroar|17/100 par
|-unboost|p2a: Incineroar|def|1
|-unboost|p2a: Incineroar|spd|1
|move|p1b: Incineroar|Flare Blitz|p2b: Garchomp
|-resisted|p2b: Garchomp|1
|-damage|p2b: Garchomp|49/100
|-damage|p1b: Incineroar|4/100 par|[from] ability: Rough Skin|[of] p2b: Garchomp
|-damage|p1b: Incineroar|1/100 par|[from] Recoil
|
|-sideend|p2: leilinoone|move: Aurora Veil
|upkeep
|turn|13
|
|t:|1783877912
|move|p2b: Garchomp|Dragon Claw|p1b: Incineroar
|-damage|p1b: Incineroar|0 fnt
|faint|p1b: Incineroar
|-damage|p2b: Garchomp|40/100|[from] item: Life Orb
|
|win|leilinoone
||leilinoone is ready for game 2.
