|j|☆kdan_7
|j|☆JNEST
|html|kdan_7JNEST    
|uhtml|bestof|Game 1 of a best-of-3
|t:|1756420662
|gametype|doubles
|player|p1|kdan_7|shauntal|1282
|player|p2|JNEST|veteran-gen4|1243
|gen|9
|tier|[Gen 9] VGC 2025 Reg H (Bo3)
|rated|
|rule|Species Clause: Limit one of each Pokémon
|rule|Item Clause: Limit 1 of each item
|clearpoke
|poke|p1|Amoonguss, L50, M|
|poke|p1|Sneasler, L50, F|
|poke|p1|Gholdengo, L50|
|poke|p1|Incineroar, L50, M|
|poke|p1|Ursaluna-Bloodmoon, L50, M|
|poke|p1|Dragonite, L50, F|
|poke|p2|Weezing, L50, M|
|poke|p2|Indeedee, L50, M|
|poke|p2|Ursaluna-Bloodmoon, L50, M|
|poke|p2|Annihilape, L50, M|
|poke|p2|Tyranitar, L50, M|
|poke|p2|Corviknight, L50, M|
|teampreview|4
|showteam|p1|Amoonguss||SitrusBerry|Regenerator|RagePowder,Spore,PollenPuff,Protect|||M|||50|,,,,,Psychic]Sneasler||FocusSash|Unburden|Protect,DireClaw,CloseCombat,ThroatChop|||F|||50|,,,,,Stellar]Gholdengo||LifeOrb|GoodasGold|Protect,MakeItRain,ShadowBall,NastyPlot||||||50|,,,,,Water]Incineroar||SafetyGoggles|Intimidate|KnockOff,PartingShot,FlareBlitz,FakeOut|||M|||50|,,,,,Ghost]Ursaluna-Bloodmoon||AssaultVest|MindsEye|BloodMoon,EarthPower,VacuumWave,HyperVoice|||M|||50|,,,,,Water]Dragonite||LoadedDice|Multiscale|ScaleShot,Tailwind,Haze,Protect|||F|||50|,,,,,Fairy
|showteam|p2|Weezing||SitrusBerry|NeutralizingGas|Protect,Taunt,WillOWisp,SludgeBomb|||M|||50|,,,,,Ghost]Indeedee||ChoiceScarf|PsychicSurge|ExpandingForce,TeraBlast,Trick,HyperVoice|||M|||50|,,,,,Fighting]Ursaluna-Bloodmoon||LifeOrb|MindsEye|Protect,HyperVoice,EarthPower,BloodMoon|||M|||50|,,,,,Normal]Annihilape||SafetyGoggles|Defiant|Taunt,RageFist,CloseCombat,FinalGambit|||M|||50|,,,,,Fairy]Tyranitar||AssaultVest|SandStream|RockSlide,KnockOff,TeraBlast,LowKick|||M|||50|,,,,,Flying]Corviknight||Leftovers|MirrorArmor|BraveBird,Tailwind,Roost,BulkUp|||M|||50|,,,,,Dragon
|inactive|Battle timer is ON: inactive players will automatically lose when time's up. (requested by JNEST)
|
|t:|1756420684
|teamsize|p1|4
|teamsize|p2|4
|start
|switch|p1a: Golden Wind|Dragonite, L50, F|100/100
|switch|p1b: Say Cheese|Gholdengo, L50|100/100
|switch|p2a: Indeedee|Indeedee, L50, M|100/100
|switch|p2b: Annihilape|Annihilape, L50, M|100/100
|-fieldstart|move: Psychic Terrain|[from] ability: Psychic Surge|[of] p2a: Indeedee
|turn|1
|
|t:|1756420702
|-terastallize|p2b: Annihilape|Fairy
|move|p1b: Say Cheese|Protect|p1b: Say Cheese
|-singleturn|p1b: Say Cheese|Protect
|move|p2a: Indeedee|Expanding Force|p1b: Say Cheese|[spread] p1a
|-activate|p1b: Say Cheese|move: Protect
|-damage|p1a: Golden Wind|71/100
|move|p2b: Annihilape|Rage Fist|p1b: Say Cheese
|-activate|p1b: Say Cheese|move: Protect
|move|p1a: Golden Wind|Tailwind|p1a: Golden Wind
|-sidestart|p1: kdan_7|move: Tailwind
|
|upkeep
|turn|2
|
|t:|1756420725
|switch|p2b: Corviknight|Corviknight, L50, M|100/100
|move|p1b: Say Cheese|Make It Rain|p2b: Corviknight|[spread] p2a,p2b
|-resisted|p2b: Corviknight
|-damage|p2a: Indeedee|25/100
|-damage|p2b: Corviknight|70/100
|-unboost|p1b: Say Cheese|spa|1
|-damage|p1b: Say Cheese|91/100|[from] item: Life Orb
|move|p1a: Golden Wind|Scale Shot|p2a: Indeedee
|-damage|p2a: Indeedee|0 fnt
|faint|p2a: Indeedee
|-hitcount|p2: Indeedee|1
|-unboost|p1a: Golden Wind|def|1
|-boost|p1a: Golden Wind|spe|1
|
|-heal|p2b: Corviknight|76/100|[from] item: Leftovers
|upkeep
|
|t:|1756420734
|switch|p2a: Tyranitar|Tyranitar, L50, M|100/100
|-weather|Sandstorm|[from] ability: Sand Stream|[of] p2a: Tyranitar
|turn|3
|
|t:|1756420747
|-terastallize|p1b: Say Cheese|Water
|move|p1a: Golden Wind|Scale Shot|p2a: Tyranitar
|-damage|p2a: Tyranitar|87/100
|-damage|p2a: Tyranitar|75/100
|-damage|p2a: Tyranitar|62/100
|-damage|p2a: Tyranitar|49/100
|-damage|p2a: Tyranitar|35/100
|-hitcount|p2a: Tyranitar|5
|-unboost|p1a: Golden Wind|def|1
|-boost|p1a: Golden Wind|spe|1
|move|p1b: Say Cheese|Nasty Plot|p1b: Say Cheese
|-boost|p1b: Say Cheese|spa|2
|move|p2a: Tyranitar|Rock Slide|p1a: Golden Wind|[spread] p1a,p1b
|-supereffective|p1a: Golden Wind
|-damage|p1a: Golden Wind|0 fnt
|-damage|p1b: Say Cheese|61/100
|faint|p1a: Golden Wind
|move|p2b: Corviknight|Tailwind|p2b: Corviknight
|-sidestart|p2: JNEST|move: Tailwind
|
|-weather|Sandstorm|[upkeep]
|-damage|p1b: Say Cheese|55/100|[from] Sandstorm
|-heal|p2b: Corviknight|82/100|[from] item: Leftovers
|upkeep
|
|t:|1756420764
|switch|p1a: Tony|Ursaluna-Bloodmoon, L50, M|100/100
|turn|4
|
|t:|1756420773
|move|p1a: Tony|Vacuum Wave|p2a: Tyranitar
|-activate|p2a: Tyranitar|move: Psychic Terrain
|move|p1b: Say Cheese|Shadow Ball|p2b: Corviknight
|-damage|p2b: Corviknight|10/100
|-ability|p2b: Corviknight|Mirror Armor
|-unboost|p1b: Say Cheese|spd|1
|-damage|p1b: Say Cheese|45/100|[from] item: Life Orb
|move|p2a: Tyranitar|Knock Off|p1b: Say Cheese
|-damage|p1b: Say Cheese|0 fnt
|-enditem|p1b: Say Cheese|Life Orb|[from] move: Knock Off|[of] p2a: Tyranitar
|faint|p1b: Say Cheese
|move|p2b: Corviknight|Brave Bird|p1a: Tony
|-damage|p1a: Tony|62/100
|-damage|p2b: Corviknight|0 fnt|[from] Recoil
|faint|p2b: Corviknight
|
|-weather|Sandstorm|[upkeep]
|-sideend|p1: kdan_7|move: Tailwind
|upkeep
|
|t:|1756420786
|switch|p1b: 8|Sneasler, L50, F|100/100
|switch|p2b: Annihilape|Annihilape, L50, M, tera:Fairy|100/100
|turn|5
|
|t:|1756420795
|move|p2b: Annihilape|Final Gambit|p1b: 8
|-enditem|p1b: 8|Focus Sash
|-damage|p1b: 8|1/100
|faint|p2b: Annihilape
|move|p1b: 8|Dire Claw|p2a: Tyranitar
|-resisted|p2a: Tyranitar
|-damage|p2a: Tyranitar|15/100
|move|p2a: Tyranitar|Low Kick|p1a: Tony
|-supereffective|p1a: Tony
|-damage|p1a: Tony|0 fnt
|faint|p1a: Tony
|
|-weather|Sandstorm|[upkeep]
|-damage|p1b: 8|0 fnt|[from] Sandstorm
|faint|p1b: 8
|
|win|JNEST
|inactive|kdan_7 has 30 seconds to confirm battle start!
|inactive|JNEST has 30 seconds to confirm battle start!
||kdan_7 is ready for game 2.
