|j|☆MiniBerg10
|j|☆Paco o Paqui
|html|MiniBerg10Paco o Paqui    
|uhtml|bestof|Game 1 of a best-of-3
|t:|1757666312
|gametype|doubles
|player|p1|MiniBerg10|lucas-gen4pt|1097
|player|p2|Paco o Paqui|2|1032
|gen|9
|tier|[Gen 9] VGC 2025 Reg H (Bo3)
|rated|
|rule|Species Clause: Limit one of each Pokémon
|rule|Item Clause: Limit 1 of each item
|clearpoke
|poke|p1|Charizard, L50, F|
|poke|p1|Torkoal, L50, M|
|poke|p1|Farigiraf, L50, F|
|poke|p1|Whimsicott, L50, M|
|poke|p1|Electabuzz, L50, F|
|poke|p1|Ursaluna-Bloodmoon, L50, M|
|poke|p2|Archaludon, L50, F|
|poke|p2|Pelipper, L50, M|
|poke|p2|Basculegion, L50, M|
|poke|p2|Sinistcha, L50|
|poke|p2|Electrode-Hisui, L50|
|poke|p2|Ursaluna, L50, M|
|teampreview|4
|showteam|p1|Charizard||ChoiceScarf|SolarPower|HeatWave,Overheat,WeatherBall,AirSlash|||F|||50|,,,,,Ghost]Torkoal||Charcoal|Drought|Eruption,WeatherBall,EarthPower,Protect|||M|||50|,,,,,Fire]Farigiraf||ThroatSpray|ArmorTail|HyperVoice,Psychic,HelpingHand,TrickRoom|||F|||50|,,,,,Dark]Whimsicott||CovertCloak|Prankster|EnergyBall,Encore,Tailwind,Protect|||M|||50|,,,,,Grass]Electabuzz||Eviolite|VitalSpirit|Thunderbolt,Taunt,FollowMe,HelpingHand|||F|||50|,,,,,Water]Ursaluna-Bloodmoon||LifeOrb|MindsEye|BloodMoon,HyperVoice,EarthPower,Protect|||M|||50|,,,,,Normal
|showteam|p2|Archaludon||AssaultVest|Stamina|DragonPulse,FlashCannon,ElectroShot,BodyPress|||F|||50|,,,,,Bug]Pelipper||FocusSash|Drizzle|WeatherBall,Hurricane,Tailwind,Protect|||M|||50|,,,,,Stellar]Basculegion||LifeOrb|SwiftSwim|WaveCrash,LastRespects,AquaJet,Protect|||M|||50|,,,,,Grass]Sinistcha||SitrusBerry|Hospitality|MatchaGotcha,RagePowder,StrengthSap,TrickRoom||||||50|,,,,,Fire]Electrode-Hisui||LoadedDice|Soundproof|BulletSeed,Electroweb,Taunt,WorrySeed||||||50|,,,,,Ghost]Ursaluna||FlameOrb|Guts|Facade,HeadlongRush,Earthquake,Protect|||M|||50|,,,,,Normal
|inactive|Battle timer is ON: inactive players will automatically lose when time's up. (requested by Paco o Paqui)
|inactive|Paco o Paqui has 60 seconds left.
|
|t:|1757666357
|teamsize|p1|4
|teamsize|p2|4
|start
|switch|p1a: Farigiraf|Farigiraf, L50, F|100/100
|switch|p1b: Electabuzz|Electabuzz, L50, F|100/100
|switch|p2a: Sinistcha|Sinistcha, L50|100/100
|switch|p2b: Ursaluna|Ursaluna, L50, M, shiny|100/100
|turn|1
|inactive|Paco o Paqui has 30 seconds left.
|inactive|Paco o Paqui has 20 seconds left.
|inactive|Paco o Paqui has 15 seconds left.
|
|t:|1757666400
|move|p1b: Electabuzz|Taunt|p2a: Sinistcha
|-start|p2a: Sinistcha|move: Taunt
|move|p2a: Sinistcha|Matcha Gotcha|p1b: Electabuzz|[spread] p1a,p1b
|-damage|p1a: Farigiraf|79/100
|-damage|p1b: Electabuzz|82/100
|move|p2b: Ursaluna|Headlong Rush|p1b: Electabuzz
|-supereffective|p1b: Electabuzz
|-damage|p1b: Electabuzz|0 fnt
|-unboost|p2b: Ursaluna|def|1
|-unboost|p2b: Ursaluna|spd|1
|faint|p1b: Electabuzz
|move|p1a: Farigiraf|Trick Room|p1a: Farigiraf
|-fieldstart|move: Trick Room|[of] p1a: Farigiraf
|
|-status|p2b: Ursaluna|brn|[from] item: Flame Orb
|upkeep
|
|t:|1757666410
|switch|p1b: Torkoal|Torkoal, L50, M|100/100
|-weather|SunnyDay|[from] ability: Drought|[of] p1b: Torkoal
|turn|2
|
|t:|1757666429
|switch|p2b: Pelipper|Pelipper, L50, M|100/100
|-weather|RainDance|[from] ability: Drizzle|[of] p2b: Pelipper
|switch|p1a: Ursaluna|Ursaluna-Bloodmoon, L50, M|100/100
|switch|p2a: Basculegion|Basculegion, L50, M|100/100
|-terastallize|p1b: Torkoal|Fire
|move|p1b: Torkoal|Eruption|p2b: Pelipper|[spread] p2a,p2b
|-resisted|p2a: Basculegion
|-resisted|p2b: Pelipper
|-damage|p2a: Basculegion|76/100
|-damage|p2b: Pelipper|64/100
|
|-weather|RainDance|[upkeep]
|upkeep
|turn|3
|inactive|Paco o Paqui has 30 seconds left.
|inactive|Paco o Paqui has 20 seconds left.
|inactive|Paco o Paqui has 15 seconds left.
|inactive|Paco o Paqui has 10 seconds left.
|inactive|Paco o Paqui has 5 seconds left.
|
|t:|1757666483
|switch|p1b: Farigiraf|Farigiraf, L50, F|79/100
|move|p1a: Ursaluna|Hyper Voice|p2b: Pelipper|[spread] p2a,p2b
|-damage|p2a: Basculegion|23/100
|-damage|p2b: Pelipper|0 fnt
|faint|p2b: Pelipper
|-damage|p1a: Ursaluna|91/100|[from] item: Life Orb
|move|p2a: Basculegion|Wave Crash|p1a: Ursaluna
|-supereffective|p1a: Ursaluna
|-damage|p1a: Ursaluna|0 fnt
|faint|p1a: Ursaluna
|-damage|p2a: Basculegion|0 fnt|[from] Recoil
|faint|p2a: Basculegion
|
|-weather|RainDance|[upkeep]
|upkeep
|
|t:|1757666495
|switch|p1a: Torkoal|Torkoal, L50, M, tera:Fire|100/100
|switch|p2b: Ursaluna|Ursaluna, L50, M, shiny|100/100 brn
|switch|p2a: Sinistcha|Sinistcha, L50|100/100
|-weather|SunnyDay|[from] ability: Drought|[of] p1a: Torkoal
|turn|4
|
|t:|1757666511
|-terastallize|p2a: Sinistcha|Fire
|move|p1b: Farigiraf|Helping Hand|p1a: Torkoal
|-singleturn|p1a: Torkoal|Helping Hand|[of] p1b: Farigiraf
|move|p2b: Ursaluna|Protect|p2b: Ursaluna
|-singleturn|p2b: Ursaluna|Protect
|move|p1a: Torkoal|Eruption|p2a: Sinistcha|[spread] p2a
|-activate|p2b: Ursaluna|move: Protect
|-resisted|p2a: Sinistcha
|-damage|p2a: Sinistcha|12/100
|-enditem|p2a: Sinistcha|Sitrus Berry|[eat]
|-heal|p2a: Sinistcha|37/100|[from] item: Sitrus Berry
|move|p2a: Sinistcha|Trick Room|p2a: Sinistcha
|-fieldend|move: Trick Room
|
|-weather|SunnyDay|[upkeep]
|-damage|p2b: Ursaluna|95/100 brn|[from] brn
|upkeep
|turn|5
|inactive|MiniBerg10 has 30 seconds left.
|
|t:|1757666544
|move|p1b: Farigiraf|Hyper Voice|p2b: Ursaluna|[spread] p2a,p2b
|-damage|p2a: Sinistcha|15/100
|-damage|p2b: Ursaluna|74/100 brn
|-enditem|p1b: Farigiraf|Throat Spray
|-boost|p1b: Farigiraf|spa|1|[from] item: Throat Spray
|move|p2b: Ursaluna|Facade|p1b: Farigiraf
|-damage|p1b: Farigiraf|0 fnt
|faint|p1b: Farigiraf
|move|p1a: Torkoal|Weather Ball|p2b: Ursaluna
|-damage|p2b: Ursaluna|0 fnt
|faint|p2b: Ursaluna
|move|p2a: Sinistcha|Trick Room|p2a: Sinistcha
|-fieldstart|move: Trick Room|[of] p2a: Sinistcha
|
|-weather|SunnyDay|[upkeep]
|upkeep
|turn|6
|inactive|Paco o Paqui has 30 seconds left.
|l|☆Paco o Paqui
|inactive|Paco o Paqui disconnected and has a minute to reconnect!
|player|p2|
|inactive|Paco o Paqui has 20 seconds left.
|inactive|Paco o Paqui has 15 seconds left.
|inactive|Paco o Paqui has 10 seconds left.
|inactive|Paco o Paqui has 5 seconds left.
|-message|Paco o Paqui lost due to inactivity.
|
|win|MiniBerg10
|inactive|MiniBerg10 has 30 seconds to confirm battle start!
|inactive|Paco o Paqui has 25 seconds to reconnect!
||MiniBerg10 is ready for game 2.
|inactive|Paco o Paqui has 15 seconds to reconnect!
|inactive|Paco o Paqui has 5 seconds to reconnect!
|uhtml|next|Next: Game 2 of 3
