|j|☆Iceman5687
|j|☆qiuqiuchan
|html|Iceman5687qiuqiuchan    
|uhtml|bestof|Game 3 of a best-of-3
|t:|1784004956
|gametype|doubles
|player|p1|Iceman5687|265|1184
|player|p2|qiuqiuchan|101|1217
|gen|9
|tier|[Gen 9 Champions] VGC 2026 Reg M-B (Bo3)
|rated|
|rule|Species Clause: Limit one of each Pokémon
|rule|Item Clause: Limit 1 of each item
|clearpoke
|poke|p1|Whimsicott, L50, F|
|poke|p1|Basculegion, L50, M|
|poke|p1|Kingambit, L50, F|
|poke|p1|Floette-Eternal, L50, F|
|poke|p1|Garchomp, L50, M|
|poke|p1|Charizard, L50, F|
|poke|p2|Floette-Eternal, L50, F|
|poke|p2|Sinistcha, L50|
|poke|p2|Sneasler, L50, M|
|poke|p2|Incineroar, L50, M|
|poke|p2|Blastoise, L50, F|
|poke|p2|Kingambit, L50, F|
|teampreview|4
|showteam|p1|Whimsicott||FocusSash|Prankster|Protect,Moonblast,Tailwind,Encore|Timid||F|||50|]Basculegion||MysticWater|Adaptability|WaveCrash,Protect,LastRespects,AquaJet|Adamant||M|||50|]Kingambit||ChopleBerry|Defiant|KowtowCleave,LowKick,SuckerPunch,IronHead|Adamant||F|||50|]Floette-Eternal||Floettite|FlowerVeil|DazzlingGleam,Moonblast,LightofRuin,Protect|Timid||F|||50|]Garchomp||LifeOrb|RoughSkin|Protect,StompingTantrum,DragonClaw,RockSlide|Jolly||M|||50|]Charizard||CharizarditeY|Blaze|HeatWave,SolarBeam,WeatherBall,Protect|Modest||F|||50|
|showteam|p2|Floette-Eternal||Floettite|FlowerVeil|CalmMind,DrainingKiss,Protect,DazzlingGleam|Modest||F|||50|]Sinistcha||OccaBerry|Hospitality|LifeDew,RagePowder,MatchaGotcha,Protect|Bold|||||50|]Sneasler||FocusSash|Unburden|CloseCombat,DireClaw,RockSlide,FakeOut|Jolly||M|||50|]Incineroar||SitrusBerry|Intimidate|FlareBlitz,DarkestLariat,PartingShot,FakeOut|Impish||M|||50|]Blastoise||Blastoisinite|RainDish|WaterSpout,DarkPulse,ShellSmash,Protect|Modest||F|||50|]Kingambit||LifeOrb|Defiant|KowtowCleave,SuckerPunch,SwordsDance,Protect|Adamant||F|||50|
|inactive|Battle timer is ON: inactive players will automatically lose when time's up. (requested by qiuqiuchan)
|inactive|Iceman5687 has 60 seconds left.
|
|t:|1784005000
|teamsize|p1|4
|teamsize|p2|4
|start
|switch|p1a: Whimsicott|Whimsicott, L50, F|100/100
|switch|p1b: Kingambit|Kingambit, L50, F|100/100
|switch|p2a: Floette|Floette-Eternal, L50, F|100/100
|switch|p2b: Incineroar|Incineroar, L50, M|100/100
|-ability|p2b: Incineroar|Intimidate|boost
|-unboost|p1a: Whimsicott|atk|1
|-unboost|p1b: Kingambit|atk|1
|-ability|p1b: Kingambit|Defiant|boost
|-boost|p1b: Kingambit|atk|2
|turn|1
|
|t:|1784005012
|detailschange|p2a: Floette|Floette-Mega, L50, F
|-mega|p2a: Floette|Floette|Floettite
|-ability|p2a: Floette|Fairy Aura
|move|p2b: Incineroar|Fake Out|p1b: Kingambit
|-resisted|p1b: Kingambit|1
|-crit|p1b: Kingambit
|-damage|p1b: Kingambit|93/100
|move|p1a: Whimsicott|Tailwind|p1a: Whimsicott
|-sidestart|p1: Iceman5687|move: Tailwind
|move|p2a: Floette|Dazzling Gleam|p1a: Whimsicott|[spread] p1a,p1b
|-damage|p1a: Whimsicott|31/100
|-damage|p1b: Kingambit|54/100
|cant|p1b: Kingambit|flinch
|
|upkeep
|turn|2
|
|t:|1784005024
|switch|p2a: Sinistcha|Sinistcha, L50|100/100
|move|p1a: Whimsicott|Moonblast|p2b: Incineroar
|-damage|p2b: Incineroar|71/100
|move|p1b: Kingambit|Iron Head|p2a: Sinistcha
|-damage|p2a: Sinistcha|45/100
|move|p2b: Incineroar|Flare Blitz|p1b: Kingambit
|-supereffective|p1b: Kingambit|1
|-damage|p1b: Kingambit|0 fnt
|faint|p1b: Kingambit
|-damage|p2b: Incineroar|53/100|[from] Recoil
|
|upkeep
|
|t:|1784005031
|switch|p1b: Charizard|Charizard, L50, F|100/100
|turn|3
|
|t:|1784005043
|detailschange|p1b: Charizard|Charizard-Mega-Y, L50, F
|-mega|p1b: Charizard|Charizard|Charizardite Y
|-weather|SunnyDay|[from] ability: Drought|[of] p1b: Charizard
|move|p2a: Sinistcha|Protect|p2a: Sinistcha
|-singleturn|p2a: Sinistcha|Protect
|move|p1a: Whimsicott|Moonblast|p2b: Incineroar
|-damage|p2b: Incineroar|22/100
|-enditem|p2b: Incineroar|Sitrus Berry|[eat]
|-heal|p2b: Incineroar|47/100|[from] item: Sitrus Berry
|move|p1b: Charizard|Heat Wave|p2b: Incineroar|[spread] p2b
|-activate|p2a: Sinistcha|move: Protect
|-resisted|p2b: Incineroar|1
|-damage|p2b: Incineroar|20/100y
|move|p2b: Incineroar|Parting Shot|p1b: Charizard
|-unboost|p1b: Charizard|atk|1
|-unboost|p1b: Charizard|spa|1
|
|t:|1784005050
|switch|p2b: Floette|Floette-Mega, L50, F|100/100|[from] Parting Shot
|-ability|p2b: Floette|Fairy Aura
|
|-weather|SunnyDay|[upkeep]
|upkeep
|turn|4
|
|t:|1784005058
|switch|p2a: Incineroar|Incineroar, L50, M|20/100y
|-ability|p2a: Incineroar|Intimidate|boost
|-unboost|p1a: Whimsicott|atk|1
|-unboost|p1b: Charizard|atk|1
|move|p1a: Whimsicott|Protect|p1a: Whimsicott
|-singleturn|p1a: Whimsicott|Protect
|move|p1b: Charizard|Heat Wave|p2b: Floette|[spread] p2a,p2b
|-resisted|p2a: Incineroar|1
|-damage|p2a: Incineroar|2/100
|-damage|p2b: Floette|68/100
|-status|p2b: Floette|brn
|move|p2b: Floette|Dazzling Gleam|p1b: Charizard|[spread] p1b
|-activate|p1a: Whimsicott|move: Protect
|-resisted|p1b: Charizard|1
|-damage|p1b: Charizard|80/100
|
|-weather|SunnyDay|[upkeep]
|-damage|p2b: Floette|62/100 brn|[from] brn
|-sideend|p1: Iceman5687|move: Tailwind
|upkeep
|turn|5
|
|t:|1784005074
|move|p1a: Whimsicott|Protect||[still]
|-fail|p1a: Whimsicott
|move|p2a: Incineroar|Fake Out|p1a: Whimsicott
|-damage|p1a: Whimsicott|14/100
|move|p2b: Floette|Dazzling Gleam|p1b: Charizard|[spread] p1a,p1b
|-resisted|p1b: Charizard|1
|-damage|p1a: Whimsicott|0 fnt
|-damage|p1b: Charizard|60/100
|faint|p1a: Whimsicott
|move|p1b: Charizard|Weather Ball|p2b: Floette
|-damage|p2b: Floette|21/100 brn
|
|-weather|SunnyDay|[upkeep]
|-damage|p2b: Floette|15/100 brn|[from] brn
|upkeep
|
|t:|1784005078
|switch|p1a: Garchomp|Garchomp, L50, M|100/100
|turn|6
|
|t:|1784005093
|move|p2b: Floette|Protect|p2b: Floette
|-singleturn|p2b: Floette|Protect
|move|p1a: Garchomp|Stomping Tantrum|p2b: Floette
|-activate|p2b: Floette|move: Protect
|move|p1b: Charizard|Weather Ball|p2a: Incineroar
|-resisted|p2a: Incineroar|1
|-damage|p2a: Incineroar|0 fnt
|faint|p2a: Incineroar
|
|-weather|SunnyDay|[upkeep]
|-damage|p2b: Floette|9/100 brn|[from] brn
|upkeep
|inactive|qiuqiuchan has 30 seconds left.
|
|t:|1784005120
|switch|p2a: Sneasler|Sneasler, L50, M|100/100
|turn|7
|
|t:|1784005133
|move|p1a: Garchomp|Protect|p1a: Garchomp
|-singleturn|p1a: Garchomp|Protect
|move|p2a: Sneasler|Rock Slide|p1a: Garchomp|[spread] p1b
|-activate|p1a: Garchomp|move: Protect
|-supereffective|p1b: Charizard|2
|-damage|p1b: Charizard|0 fnt
|faint|p1b: Charizard
|move|p2b: Floette|Draining Kiss|p1a: Garchomp
|-activate|p1a: Garchomp|move: Protect
|
|-weather|none
|-damage|p2b: Floette|3/100 brn|[from] brn
|upkeep
|turn|8
|
|t:|1784005146
|move|p2a: Sneasler|Rock Slide|p1a: Garchomp
|-resisted|p1a: Garchomp|1
|-crit|p1a: Garchomp
|-damage|p1a: Garchomp|78/100
|move|p1a: Garchomp|Rock Slide|p2b: Floette|[spread] p2a,p2b
|-resisted|p2a: Sneasler|1
|-damage|p2a: Sneasler|80/100
|-damage|p2b: Floette|0 fnt
|faint|p2b: Floette
|-damage|p1a: Garchomp|69/100|[from] item: Life Orb
|
|upkeep
|
|t:|1784005153
|switch|p2b: Sinistcha|Sinistcha, L50|45/100
|-heal|p2a: Sneasler|100/100|[from] ability: Hospitality|[of] p2b: Sinistcha
|turn|9
|-message|Iceman5687 forfeited.
|
|win|qiuqiuchan
|raw|Iceman5687's rating: 1184 → 1161(-23 for losing)
|raw|qiuqiuchan's rating: 1217 → 1240(+23 for winning)
