|j|☆buaazin
|j|☆precisiondepicasso
|html|buaazinprecisiondepicasso    
|uhtml|bestof|Game 1 of a best-of-3
|t:|1782408097
|gametype|doubles
|player|p1|buaazin|265|1099
|player|p2|precisiondepicasso|cyclistf-gen4|1100
|gen|9
|tier|[Gen 9 Champions] VGC 2026 Reg M-B (Bo3)
|rated|
|rule|Species Clause: Limit one of each Pokémon
|rule|Item Clause: Limit 1 of each item
|clearpoke
|poke|p1|Swampert, L50, F|
|poke|p1|Pelipper, L50, M|
|poke|p1|Clefable, L50, F|
|poke|p1|Sableye, L50, F|
|poke|p1|Archaludon, L50, M|
|poke|p1|Decidueye, L50, F, shiny|
|poke|p2|Aerodactyl, L50, M|
|poke|p2|Garchomp, L50, F|
|poke|p2|Kingambit, L50, M|
|poke|p2|Charizard, L50, M|
|poke|p2|Sylveon, L50, F|
|poke|p2|Farigiraf, L50, F|
|teampreview|4
|showteam|p1|Swampert||Swampertite|Torrent|WaveCrash,Earthquake,IcePunch,Protect|Adamant||F|||50|]Pelipper||FocusSash|Drizzle|Hurricane,WeatherBall,Protect,WideGuard|Modest||M|||50|]Clefable||SitrusBerry|Unaware|Moonblast,Protect,FollowMe,LifeDew|Bold||F|||50|]Sableye||RoseliBerry|Prankster|NightShade,WillOWisp,RainDance,Safeguard|Bold||F|||50|]Archaludon||Leftovers|Stamina|DragonPulse,FlashCannon,ElectroShot,Protect|Calm||M|||50|]Decidueye||LifeOrb|LongReach|BraveBird,LeafBlade,ShadowSneak,Protect|Adamant||F|||50|
|showteam|p2|Aerodactyl||Aerodactylite|Unnerve|IceFang,RockSlide,Tailwind,DualWingbeat|Jolly||M|||50|]Garchomp||LifeOrb|RoughSkin|DragonClaw,StompingTantrum,Earthquake,Protect|Jolly||F|||50|]Kingambit||FocusSash|Defiant|SuckerPunch,KowtowCleave,IronHead,LowKick|Adamant||M|||50|]Charizard||CharizarditeY|Blaze|Protect,WeatherBall,HeatWave,SolarBeam|Modest||M|||50|]Sylveon||FairyFeather|Pixilate|Protect,HyperVoice,HyperBeam,QuickAttack|Modest||F|||50|]Farigiraf||SitrusBerry|ArmorTail|TrickRoom,Thunderbolt,Roar,TwinBeam|Bold||F|||50|
|inactive|Battle timer is ON: inactive players will automatically lose when time's up. (requested by precisiondepicasso)
|inactive|buaazin has 60 seconds left.
|inactive|precisiondepicasso has 60 seconds left.
|
|t:|1782408156
|teamsize|p1|4
|teamsize|p2|4
|start
|switch|p1a: Archaludon|Archaludon, L50, M|100/100
|switch|p1b: Pelipper|Pelipper, L50, M|100/100
|switch|p2a: Farigiraf|Farigiraf, L50, F|100/100
|switch|p2b: Sylveon|Sylveon, L50, F|100/100
|-weather|RainDance|[from] ability: Drizzle|[of] p1b: Pelipper
|turn|1
|
|t:|1782408179
|move|p1b: Pelipper|Wide Guard|p1b: Pelipper
|-singleturn|p1b: Pelipper|Wide Guard
|move|p1a: Archaludon|Electro Shot||[still]
|-prepare|p1a: Archaludon|Electro Shot
|-boost|p1a: Archaludon|spa|1
|-anim|p1a: Archaludon|Electro Shot|p2a: Farigiraf
|-damage|p2a: Farigiraf|48/100
|-enditem|p2a: Farigiraf|Sitrus Berry|[eat]
|-heal|p2a: Farigiraf|73/100|[from] item: Sitrus Berry
|move|p2b: Sylveon|Hyper Voice|p1b: Pelipper|[spread] 
|-activate|p1a: Archaludon|move: Wide Guard
|-activate|p1b: Pelipper|move: Wide Guard
|move|p2a: Farigiraf|Trick Room|p2a: Farigiraf
|-fieldstart|move: Trick Room|[of] p2a: Farigiraf
|
|-weather|RainDance|[upkeep]
|upkeep
|turn|2
|inactive|buaazin has 30 seconds left.
|
|t:|1782408210
|move|p1a: Archaludon|Protect|p1a: Archaludon
|-singleturn|p1a: Archaludon|Protect
|move|p2a: Farigiraf|Thunderbolt|p1b: Pelipper
|-supereffective|p1b: Pelipper|2
|-enditem|p1b: Pelipper|Focus Sash
|-damage|p1b: Pelipper|1/100
|move|p2b: Sylveon|Hyper Beam|p1a: Archaludon
|-activate|p1a: Archaludon|move: Protect
|move|p1b: Pelipper|Hurricane|p2a: Farigiraf
|-damage|p2a: Farigiraf|26/100
|
|-weather|RainDance|[upkeep]
|upkeep
|turn|3
|inactive|buaazin has 30 seconds left.
|
|t:|1782408236
|move|p1b: Pelipper|Protect|p1b: Pelipper
|-singleturn|p1b: Pelipper|Protect
|move|p2a: Farigiraf|Thunderbolt|p1b: Pelipper
|-activate|p1b: Pelipper|move: Protect
|move|p2b: Sylveon|Hyper Beam|p1a: Archaludon
|-damage|p1a: Archaludon|8/100
|-mustrecharge|p2b: Sylveon
|-ability|p1a: Archaludon|Stamina|boost
|-boost|p1a: Archaludon|def|1
|move|p1a: Archaludon|Flash Cannon|p2b: Sylveon
|-supereffective|p2b: Sylveon|1
|-damage|p2b: Sylveon|19/100
|-unboost|p2b: Sylveon|spd|1
|
|-weather|RainDance|[upkeep]
|-heal|p1a: Archaludon|15/100|[from] item: Leftovers
|upkeep
|turn|4
|inactive|buaazin has 30 seconds left.
|inactive|buaazin has 20 seconds left.
|
|t:|1782408274
|switch|p1b: Sableye|Sableye, L50, F|100/100
|move|p2a: Farigiraf|Twin Beam|p1b: Sableye
|-immune|p1b: Sableye
|cant|p2b: Sylveon|recharge
|move|p1a: Archaludon|Flash Cannon|p2b: Sylveon
|-supereffective|p2b: Sylveon|1
|-damage|p2b: Sylveon|0 fnt
|faint|p2b: Sylveon
|
|-weather|RainDance|[upkeep]
|-heal|p1a: Archaludon|21/100|[from] item: Leftovers
|upkeep
|
|t:|1782408286
|switch|p2b: Kingambit|Kingambit, L50, M|100/100
|turn|5
|inactive|buaazin has 30 seconds left.
|
|t:|1782408315
|move|p1a: Archaludon|Protect|p1a: Archaludon
|-singleturn|p1a: Archaludon|Protect
|move|p1b: Sableye|Night Shade|p2b: Kingambit
|-damage|p2b: Kingambit|71/100
|move|p2a: Farigiraf|Twin Beam|p1a: Archaludon
|-activate|p1a: Archaludon|move: Protect
|move|p2b: Kingambit|Kowtow Cleave|p1b: Sableye
|-damage|p1b: Sableye|35/100
|
|-weather|none
|-heal|p1a: Archaludon|27/100|[from] item: Leftovers
|-fieldend|move: Trick Room
|upkeep
|turn|6
|
|t:|1782408338
|switch|p1b: Pelipper|Pelipper, L50, M|1/100
|-weather|RainDance|[from] ability: Drizzle|[of] p1b: Pelipper
|move|p1a: Archaludon|Dragon Pulse|p2a: Farigiraf
|-damage|p2a: Farigiraf|0 fnt
|faint|p2a: Farigiraf
|move|p2b: Kingambit|Kowtow Cleave|p1b: Pelipper
|-damage|p1b: Pelipper|0 fnt
|faint|p1b: Pelipper
|
|-weather|RainDance|[upkeep]
|-heal|p1a: Archaludon|33/100|[from] item: Leftovers
|upkeep
|
|t:|1782408350
|switch|p1b: Swampert|Swampert, L50, F|100/100
|switch|p2a: Charizard|Charizard, L50, M|100/100
|turn|7
|inactive|buaazin has 30 seconds left.
|inactive|precisiondepicasso has 30 seconds left.
|
|t:|1782408379
|detailschange|p2a: Charizard|Charizard-Mega-Y, L50, M
|-mega|p2a: Charizard|Charizard|Charizardite Y
|-weather|SunnyDay|[from] ability: Drought|[of] p2a: Charizard
|detailschange|p1b: Swampert|Swampert-Mega, L50, F
|-mega|p1b: Swampert|Swampert|Swampertite
|move|p1b: Swampert|Protect|p1b: Swampert
|-singleturn|p1b: Swampert|Protect
|move|p2a: Charizard|Solar Beam||[still]
|-prepare|p2a: Charizard|Solar Beam
|-anim|p2a: Charizard|Solar Beam|p1b: Swampert
|-activate|p1b: Swampert|move: Protect
|move|p1a: Archaludon|Dragon Pulse|p2a: Charizard
|-damage|p2a: Charizard|50/100g
|move|p2b: Kingambit|Low Kick|p1a: Archaludon
|-supereffective|p1a: Archaludon|1
|-damage|p1a: Archaludon|1/100
|-ability|p1a: Archaludon|Stamina|boost
|-boost|p1a: Archaludon|def|1
|
|-weather|SunnyDay|[upkeep]
|-heal|p1a: Archaludon|7/100|[from] item: Leftovers
|upkeep
|turn|8
|inactive|buaazin has 30 seconds left.
|inactive|precisiondepicasso has 30 seconds left.
|
|t:|1782408410
|switch|p1b: Sableye|Sableye, L50, F|35/100
|move|p2a: Charizard|Weather Ball|p1a: Archaludon
|-damage|p1a: Archaludon|0 fnt
|faint|p1a: Archaludon
|move|p2b: Kingambit|Kowtow Cleave|p1b: Sableye
|-damage|p1b: Sableye|0 fnt
|faint|p1b: Sableye
|
|-weather|SunnyDay|[upkeep]
|upkeep
|-message|precisiondepicasso forfeited.
|
|win|buaazin
|inactive|buaazin has 30 seconds to confirm battle start!
|inactive|precisiondepicasso has 30 seconds to confirm battle start!
||precisiondepicasso is ready for game 2.
|l|☆buaazin
|player|p1|
|inactive|buaazin has 20 seconds to confirm battle start!
|inactive|buaazin has 10 seconds to confirm battle start!
|uhtml|next|Next: Game 2 of 3
