|j|☆yuanee
|j|☆wenniao
|html|yuaneewenniao    
|uhtml|bestof|Game 2 of a best-of-3
|t:|1783770126
|gametype|doubles
|player|p1|yuanee|2|
|player|p2|wenniao|266|
|gen|9
|tier|[Gen 9 Champions] VGC 2026 Reg M-B (Bo3)
|rule|Species Clause: Limit one of each Pokémon
|rule|Item Clause: Limit 1 of each item
|clearpoke
|poke|p1|Aerodactyl, L50, M|
|poke|p1|Kingambit, L50, M|
|poke|p1|Sylveon, L50, F|
|poke|p1|Garchomp, L50, M|
|poke|p1|Charizard, L50, M|
|poke|p1|Farigiraf, L50, F|
|poke|p2|Gengar, L50, M|
|poke|p2|Scrafty, L50, M|
|poke|p2|Snorlax, L50, F|
|poke|p2|Incineroar, L50, M|
|poke|p2|Ninetales-Alola, L50, M|
|poke|p2|Dragonite, L50, M|
|teampreview|4
|showteam|p1|Aerodactyl||Aerodactylite|Unnerve|RockSlide,IceFang,Tailwind,WideGuard|Jolly||M|||50|]Kingambit||FocusSash|Defiant|KowtowCleave,SuckerPunch,IronHead,Protect|Adamant||M|||50|]Sylveon||FairyFeather|Pixilate|Detect,HyperVoice,HyperBeam,QuickAttack|Modest||F|||50|]Garchomp||LifeOrb|RoughSkin|Earthquake,DragonClaw,StompingTantrum,Protect|Jolly||M|||50|]Charizard||CharizarditeY|Blaze|Protect,HeatWave,SolarBeam,WeatherBall|Modest||M|||50|]Farigiraf||SitrusBerry|ArmorTail|TwinBeam,Thunderbolt,TrickRoom,Protect|Modest||F|||50|
|showteam|p2|Gengar||Gengarite|CursedBody|Protect,PerishSong,SludgeBomb,ShadowBall|Modest||M|||50|]Scrafty||Scraftinite|Intimidate|Protect,CloseCombat,FakeOut,KnockOff|Careful||M|||50|]Snorlax||Leftovers|ThickFat|Protect,DoubleEdge,Yawn,HighHorsepower|Relaxed||F|||50|]Incineroar||SitrusBerry|Intimidate|Protect,FakeOut,FlareBlitz,PartingShot|Relaxed||M|||50|]Ninetales-Alola||FocusSash|SnowWarning|Protect,Encore,Disable,Blizzard|Timid||M|||50|]Dragonite||DragonFang|Multiscale|Protect,DragonClaw,LowKick,ExtremeSpeed|Adamant||M|||50|
|l|☆yuanee
|player|p1|
|j|☆yuanee
|player|p1|yuanee|2|
|
|t:|1783770185
|teamsize|p1|4
|teamsize|p2|4
|start
|switch|p1a: Aerodactyl|Aerodactyl, L50, M|100/100
|switch|p1b: Kingambit|Kingambit, L50, M|100/100
|switch|p2a: Gengar|Gengar, L50, M|100/100
|switch|p2b: Incineroar|Incineroar, L50, M|100/100
|-ability|p1a: Aerodactyl|Unnerve
|-ability|p2b: Incineroar|Intimidate|boost
|-unboost|p1a: Aerodactyl|atk|1
|-unboost|p1b: Kingambit|atk|1
|-ability|p1b: Kingambit|Defiant|boost
|-boost|p1b: Kingambit|atk|2
|turn|1
|
|t:|1783770226
|detailschange|p1a: Aerodactyl|Aerodactyl-Mega, L50, M
|-mega|p1a: Aerodactyl|Aerodactyl|Aerodactylite
|detailschange|p2a: Gengar|Gengar-Mega, L50, M
|-mega|p2a: Gengar|Gengar|Gengarite
|move|p2b: Incineroar|Fake Out|p1b: Kingambit
|-resisted|p1b: Kingambit|1
|-damage|p1b: Kingambit|95/100
|cant|p1b: Kingambit|flinch
|move|p1a: Aerodactyl|Tailwind|p1a: Aerodactyl
|-sidestart|p1: yuanee|move: Tailwind
|move|p2a: Gengar|Shadow Ball|p1a: Aerodactyl
|-damage|p1a: Aerodactyl|55/100
|-unboost|p1a: Aerodactyl|spd|1
|
|upkeep
|turn|2
|
|t:|1783770269
|move|p2a: Gengar|Protect|p2a: Gengar
|-singleturn|p2a: Gengar|Protect
|move|p1a: Aerodactyl|Rock Slide|p2b: Incineroar|[spread] p2b
|-activate|p2a: Gengar|move: Protect
|-supereffective|p2b: Incineroar|1
|-damage|p2b: Incineroar|70/100
|move|p1b: Kingambit|Kowtow Cleave|p2a: Gengar
|-activate|p2a: Gengar|move: Protect
|move|p2b: Incineroar|Flare Blitz|p1b: Kingambit
|-supereffective|p1b: Kingambit|1
|-damage|p1b: Kingambit|19/100
|-damage|p2b: Incineroar|46/100|[from] Recoil
|-enditem|p2b: Incineroar|Sitrus Berry|[eat]
|-heal|p2b: Incineroar|71/100|[from] item: Sitrus Berry
|
|upkeep
|turn|3
|
|t:|1783770332
|switch|p2a: Snorlax|Snorlax, L50, F|100/100
|move|p1b: Kingambit|Protect|p1b: Kingambit
|-singleturn|p1b: Kingambit|Protect
|move|p1a: Aerodactyl|Rock Slide|p2a: Snorlax|[spread] p2a,p2b
|-supereffective|p2b: Incineroar|1
|-damage|p2a: Snorlax|88/100
|-damage|p2b: Incineroar|43/100
|move|p2b: Incineroar|Flare Blitz|p1b: Kingambit
|-activate|p1b: Kingambit|move: Protect
|
|-heal|p2a: Snorlax|94/100|[from] item: Leftovers
|upkeep
|turn|4
|
|t:|1783770376
|switch|p1a: Sylveon|Sylveon, L50, F|100/100
|switch|p1b: Garchomp|Garchomp, L50, M|100/100
|switch|p2b: Gengar|Gengar-Mega, L50, M|100/100
|move|p2a: Snorlax|High Horsepower|p1b: Garchomp
|-damage|p1b: Garchomp|75/100
|-damage|p2a: Snorlax|82/100|[from] ability: Rough Skin|[of] p1b: Garchomp
|
|-heal|p2a: Snorlax|88/100|[from] item: Leftovers
|-sideend|p1: yuanee|move: Tailwind
|upkeep
|turn|5
|
|t:|1783770426
|switch|p2a: Incineroar|Incineroar, L50, M|43/100
|-ability|p2a: Incineroar|Intimidate|boost
|-unboost|p1a: Sylveon|atk|1
|-unboost|p1b: Garchomp|atk|1
|move|p2b: Gengar|Protect|p2b: Gengar
|-singleturn|p2b: Gengar|Protect
|move|p1b: Garchomp|Stomping Tantrum|p2a: Incineroar
|-supereffective|p2a: Incineroar|1
|-damage|p2a: Incineroar|0 fnt
|faint|p2a: Incineroar
|-damage|p1b: Garchomp|65/100|[from] item: Life Orb
|move|p1a: Sylveon|Hyper Voice|p2b: Gengar
|-activate|p2b: Gengar|move: Protect
|
|upkeep
|
|t:|1783770437
|switch|p2a: Ninetales|Ninetales-Alola, L50, M|100/100
|-weather|Snowscape|[from] ability: Snow Warning|[of] p2a: Ninetales
|turn|6
|
|t:|1783770476
|move|p2a: Ninetales|Blizzard|p1a: Sylveon|[spread] p1a,p1b
|-supereffective|p1b: Garchomp|2
|-crit|p1b: Garchomp
|-damage|p1a: Sylveon|77/100
|-damage|p1b: Garchomp|0 fnt
|-status|p1a: Sylveon|frz
|faint|p1b: Garchomp
|move|p2b: Gengar|Sludge Bomb|p1a: Sylveon
|-supereffective|p1a: Sylveon|1
|-damage|p1a: Sylveon|0 fnt
|faint|p1a: Sylveon
|
|-weather|Snowscape|[upkeep]
|upkeep
|
|t:|1783770491
|switch|p1b: Kingambit|Kingambit, L50, M|19/100
|switch|p1a: Aerodactyl|Aerodactyl-Mega, L50, M|55/100
|turn|7
|
|t:|1783770553
|move|p2b: Gengar|Protect|p2b: Gengar
|-singleturn|p2b: Gengar|Protect
|move|p1a: Aerodactyl|Rock Slide|p2b: Gengar|[spread] p2a
|-activate|p2b: Gengar|move: Protect
|-supereffective|p2a: Ninetales|1
|-damage|p2a: Ninetales|43/100
|cant|p2a: Ninetales|flinch
|move|p1b: Kingambit|Iron Head|p2a: Ninetales
|-supereffective|p2a: Ninetales|2
|-damage|p2a: Ninetales|0 fnt
|faint|p2a: Ninetales
|
|-weather|Snowscape|[upkeep]
|upkeep
|
|t:|1783770564
|switch|p2a: Snorlax|Snorlax, L50, F|88/100
|turn|8
|
|t:|1783770583
|move|p1a: Aerodactyl|Tailwind|p1a: Aerodactyl
|-sidestart|p1: yuanee|move: Tailwind
|move|p1b: Kingambit|Kowtow Cleave|p2b: Gengar
|-supereffective|p2b: Gengar|1
|-damage|p2b: Gengar|0 fnt
|faint|p2b: Gengar
|move|p2a: Snorlax|High Horsepower|p1b: Kingambit
|-supereffective|p1b: Kingambit|1
|-damage|p1b: Kingambit|0 fnt
|faint|p1b: Kingambit
|
|-weather|Snowscape|[upkeep]
|-heal|p2a: Snorlax|94/100|[from] item: Leftovers
|upkeep
|turn|9
|
|t:|1783770598
|move|p2a: Snorlax|Protect|p2a: Snorlax
|-singleturn|p2a: Snorlax|Protect
|move|p1a: Aerodactyl|Rock Slide|p2a: Snorlax
|-activate|p2a: Snorlax|move: Protect
|
|-weather|Snowscape|[upkeep]
|-heal|p2a: Snorlax|100/100|[from] item: Leftovers
|upkeep
|turn|10
|
|t:|1783770604
|move|p1a: Aerodactyl|Rock Slide|p2a: Snorlax|[miss]
|-miss|p1a: Aerodactyl|p2a: Snorlax
|move|p2a: Snorlax|Yawn|p1a: Aerodactyl
|-start|p1a: Aerodactyl|move: Yawn|[of] p2a: Snorlax
|
|-weather|none
|upkeep
|turn|11
|
|t:|1783770611
|move|p2a: Snorlax|Protect|p2a: Snorlax
|-singleturn|p2a: Snorlax|Protect
|move|p1a: Aerodactyl|Rock Slide|p2a: Snorlax
|-activate|p2a: Snorlax|move: Protect
|
|-end|p1a: Aerodactyl|move: Yawn|[silent]
|-status|p1a: Aerodactyl|slp
|-sideend|p1: yuanee|move: Tailwind
|upkeep
|turn|12
|
|t:|1783770615
|cant|p1a: Aerodactyl|slp
|move|p2a: Snorlax|Double-Edge|p1a: Aerodactyl
|-resisted|p1a: Aerodactyl|1
|-damage|p1a: Aerodactyl|30/100 slp
|-damage|p2a: Snorlax|94/100|[from] Recoil
|
|-heal|p2a: Snorlax|100/100|[from] item: Leftovers
|upkeep
|turn|13
|
|t:|1783770618
|cant|p1a: Aerodactyl|slp
|move|p2a: Snorlax|Double-Edge|p1a: Aerodactyl
|-resisted|p1a: Aerodactyl|1
|-damage|p1a: Aerodactyl|7/100 slp
|-damage|p2a: Snorlax|94/100|[from] Recoil
|
|-heal|p2a: Snorlax|100/100|[from] item: Leftovers
|upkeep
|turn|14
|
|t:|1783770623
|-curestatus|p1a: Aerodactyl|slp|[msg]
|move|p1a: Aerodactyl|Rock Slide|p2a: Snorlax
|-damage|p2a: Snorlax|74/100
|move|p2a: Snorlax|Double-Edge|p1a: Aerodactyl
|-resisted|p1a: Aerodactyl|1
|-crit|p1a: Aerodactyl
|-damage|p1a: Aerodactyl|0 fnt
|faint|p1a: Aerodactyl
|-damage|p2a: Snorlax|72/100|[from] Recoil
|
|win|wenniao
