|j|☆ENDERTYTAR
|j|☆ghostboydillon
|html|ENDERTYTARghostboydillon    
|uhtml|bestof|Game 1 of a best-of-3
|t:|1785948465
|gametype|doubles
|player|p1|ENDERTYTAR|170|1106
|player|p2|ghostboydillon|gambler|1000
|gen|9
|tier|[Gen 9 Champions] VGC 2026 Reg M-B (Bo3)
|rated|
|rule|Species Clause: Limit one of each Pokémon
|rule|Item Clause: Limit 1 of each item
|clearpoke
|poke|p1|Charizard, L50, M|
|poke|p1|Milotic, L50, M|
|poke|p1|Grimmsnarl, L50, M|
|poke|p1|Sinistcha, L50|
|poke|p1|Incineroar, L50, F|
|poke|p1|Floette-Eternal, L50, F|
|poke|p2|Aggron, L50, F|
|poke|p2|Pelipper, L50, F|
|poke|p2|Appletun, L50, M|
|poke|p2|Annihilape, L50, F|
|poke|p2|Bellibolt, L50, F|
|poke|p2|Glimmora, L50, M|
|teampreview|4
|showteam|p1|Charizard||CharizarditeX|Blaze|Protect,DragonRush,FlareBlitz,DragonDance|Adamant||M|||50|]Milotic||Leftovers|Competitive|Coil,MuddyWater,Hypnosis,Protect|Calm||M|||50|]Grimmsnarl||LightClay|Prankster|LightScreen,Reflect,SpiritBreak,PartingShot|Impish||M|||50|]Sinistcha||ColburBerry|Hospitality|MatchaGotcha,TrickRoom,RagePowder,Protect|Calm|||||50|]Incineroar||SitrusBerry|Intimidate|FakeOut,FlareBlitz,PartingShot,ThroatChop|Adamant||F|||50|]Floette-Eternal||Floettite|FlowerVeil|Protect,Moonblast,DazzlingGleam,CalmMind|Modest||F|||50|
|showteam|p2|Aggron||Aggronite|Sturdy|HeavySlam,BodyPress,IronDefense,Protect|Impish||F|||50|]Pelipper||WacanBerry|Drizzle|Hurricane,WaterPulse,Tailwind,Protect|Bold||F|||50|]Appletun||SitrusBerry|ThickFat|AppleAcid,LeechSeed,Recover,Protect|Calm||M|||50|]Annihilape||LumBerry|Defiant|Earthquake,CrossChop,RageFist,Protect|Adamant||F|||50|]Bellibolt||ShucaBerry|Electromorphosis|Thunderbolt,Electroweb,MuddyWater,Protect|Bold||F|||50|]Glimmora||FocusSash|ToxicDebris|ToxicSpikes,StealthRock,DazzlingGleam,SpikyShield|Timid||M|||50|
|inactive|Battle timer is ON: inactive players will automatically lose when time's up. (requested by ghostboydillon)
|
|t:|1785948494
|teamsize|p1|4
|teamsize|p2|4
|start
|switch|p1a: Floette|Floette-Eternal, L50, F|100/100
|switch|p1b: Grimmsnarl|Grimmsnarl, L50, M|100/100
|switch|p2a: Bellibolt|Bellibolt, L50, F|100/100
|switch|p2b: Pelipper|Pelipper, L50, F|100/100
|-weather|RainDance|[from] ability: Drizzle|[of] p2b: Pelipper
|turn|1
|inactive|ENDERTYTAR has 30 seconds left.
|
|t:|1785948523
|detailschange|p1a: Floette|Floette-Mega, L50, F
|-mega|p1a: Floette|Floette|Floettite
|-ability|p1a: Floette|Fairy Aura
|move|p1b: Grimmsnarl|Light Screen|p1b: Grimmsnarl
|-sidestart|p1: ENDERTYTAR|move: Light Screen
|move|p1a: Floette|Calm Mind|p1a: Floette
|-boost|p1a: Floette|spa|1
|-boost|p1a: Floette|spd|1
|move|p2b: Pelipper|Tailwind|p2b: Pelipper
|-sidestart|p2: ghostboydillon|move: Tailwind
|move|p2a: Bellibolt|Electroweb|p1b: Grimmsnarl|[spread] p1a,p1b
|-damage|p1a: Floette|94/100
|-damage|p1b: Grimmsnarl|89/100
|-unboost|p1a: Floette|spe|1
|-unboost|p1b: Grimmsnarl|spe|1
|
|-weather|RainDance|[upkeep]
|upkeep
|turn|2
|inactive|ghostboydillon has 30 seconds left.
|
|t:|1785948555
|move|p1b: Grimmsnarl|Reflect|p1b: Grimmsnarl
|-sidestart|p1: ENDERTYTAR|Reflect
|move|p2b: Pelipper|Water Pulse|p1a: Floette
|-damage|p1a: Floette|83/100
|move|p2a: Bellibolt|Thunderbolt|p1a: Floette
|-damage|p1a: Floette|69/100
|-status|p1a: Floette|par
|move|p1a: Floette|Calm Mind|p1a: Floette
|-boost|p1a: Floette|spa|1
|-boost|p1a: Floette|spd|1
|
|-weather|RainDance|[upkeep]
|upkeep
|turn|3
|
|t:|1785948570
|move|p1b: Grimmsnarl|Parting Shot|p2b: Pelipper
|-unboost|p2b: Pelipper|atk|1
|-unboost|p2b: Pelipper|spa|1
|
|t:|1785948573
|switch|p1b: Sinistcha|Sinistcha, L50|100/100|[from] Parting Shot
|-heal|p1a: Floette|94/100 par|[from] ability: Hospitality|[of] p1b: Sinistcha
|move|p2b: Pelipper|Water Pulse|p1a: Floette
|-damage|p1a: Floette|89/100 par
|move|p2a: Bellibolt|Thunderbolt|p1a: Floette
|-damage|p1a: Floette|79/100 par
|move|p1a: Floette|Calm Mind|p1a: Floette
|-boost|p1a: Floette|spa|1
|-boost|p1a: Floette|spd|1
|
|-weather|RainDance|[upkeep]
|upkeep
|turn|4
|
|t:|1785948590
|move|p2b: Pelipper|Water Pulse|p1a: Floette
|-crit|p1a: Floette
|-damage|p1a: Floette|43/100 par
|move|p2a: Bellibolt|Thunderbolt|p1a: Floette
|-damage|p1a: Floette|35/100 par
|move|p1a: Floette|Calm Mind|p1a: Floette
|-boost|p1a: Floette|spa|1
|-boost|p1a: Floette|spd|1
|move|p1b: Sinistcha|Trick Room|p1b: Sinistcha
|-fieldstart|move: Trick Room|[of] p1b: Sinistcha
|
|-weather|RainDance|[upkeep]
|-sideend|p2: ghostboydillon|move: Tailwind
|upkeep
|turn|5
|inactive|ghostboydillon has 30 seconds left.
|inactive|ghostboydillon has 20 seconds left.
|inactive|ghostboydillon has 15 seconds left.
|inactive|ghostboydillon has 10 seconds left.
|inactive|ghostboydillon has 5 seconds left.
|
|t:|1785948645
|switch|p1b: Grimmsnarl|Grimmsnarl, L50, M|89/100
|move|p1a: Floette|Dazzling Gleam|p2a: Bellibolt|[spread] p2a,p2b
|-damage|p2a: Bellibolt|0 fnt
|-damage|p2b: Pelipper|0 fnt
|faint|p2a: Bellibolt
|faint|p2b: Pelipper
|
|-weather|none
|upkeep
|-message|ghostboydillon forfeited.
|raw|ENDERTYTAR's rating: 1106 → 1124(+18 for winning)
|raw|ghostboydillon's rating: 1000 → 1000(+0 for losing)
|
|win|ENDERTYTAR
|l|☆ghostboydillon
|player|p2|
