|j|☆javivaarela
|j|☆dodovgc
|html|javivaareladodovgc    
|uhtml|bestof|Game 1 of a best-of-3
|t:|1782729933
|gametype|doubles
|player|p1|javivaarela|266|
|player|p2|dodovgc|170|
|gen|9
|tier|[Gen 9 Champions] VGC 2026 Reg M-B (Bo3)
|rule|Species Clause: Limit one of each Pokémon
|rule|Item Clause: Limit 1 of each item
|clearpoke
|poke|p1|Blaziken, L50, M|
|poke|p1|Hydreigon, L50, F|
|poke|p1|Basculegion, L50, M|
|poke|p1|Whimsicott, L50, M|
|poke|p1|Farigiraf, L50, F|
|poke|p1|Metagross, L50|
|poke|p2|Excadrill, L50, M|
|poke|p2|Tyranitar, L50, F|
|poke|p2|Scovillain, L50, M|
|poke|p2|Staraptor, L50, F|
|poke|p2|Grimmsnarl, L50, M, shiny|
|poke|p2|Gholdengo, L50|
|teampreview|4
|showteam|p1|Blaziken||Blazikenite|SpeedBoost|Detect,RockSlide,CloseCombat,FlareBlitz|Adamant||M|||50|]Hydreigon||ChoiceScarf|Levitate|DracoMeteor,Snarl,EarthPower,DarkPulse|Modest||F|||50|]Basculegion||LifeOrb|Adaptability|Protect,WaveCrash,LastRespects,AquaJet|Adamant||M|||50|]Whimsicott||FocusSash|Prankster|Protect,Moonblast,EnergyBall,Tailwind|Timid||M|||50|]Farigiraf||SitrusBerry|ArmorTail|Psychic,Thunderbolt,Roar,TrickRoom|Bold||F|||50|]Metagross||Metagrossite|ClearBody|Protect,PsychicFangs,IronHead,StompingTantrum|Jolly|||||50|
|showteam|p2|Excadrill||FocusSash|SandRush|HighHorsepower,IronHead,RockSlide,Protect|Adamant||M|||50|]Tyranitar||ChoiceScarf|SandStream|RockSlide,KnockOff,IcePunch,LowKick|Adamant||F|||50|]Scovillain||Scovillainite|Chlorophyll|Protect,RagePowder,LeechSeed,Overheat|Bold||M|||50|]Staraptor||Staraptite|Intimidate|BraveBird,CloseCombat,Roost,Protect|Jolly||F|||50|]Grimmsnarl||LightClay|Prankster|SpiritBreak,Reflect,LightScreen,PartingShot|Careful||M|||50|]Gholdengo||MetalCoat|GoodasGold|MakeItRain,ShadowBall,NastyPlot,Protect|Modest|||||50|
|c|☆javivaarela|glhf
|c|☆dodovgc|suerte!
|
|t:|1782730000
|teamsize|p1|4
|teamsize|p2|4
|start
|switch|p1a: Blaziken|Blaziken, L50, M|100/100
|switch|p1b: Whimsicott|Whimsicott, L50, M|100/100
|switch|p2a: Staraptor|Staraptor, L50, F|100/100
|switch|p2b: Grimmsnarl|Grimmsnarl, L50, M, shiny|100/100
|-ability|p2a: Staraptor|Intimidate|boost
|-unboost|p1a: Blaziken|atk|1
|-unboost|p1b: Whimsicott|atk|1
|turn|1
|
|t:|1782730045
|switch|p1a: Basculegion|Basculegion, L50, M|100/100
|detailschange|p2a: Staraptor|Staraptor-Mega, L50, F
|-mega|p2a: Staraptor|Staraptor|Staraptite
|move|p1b: Whimsicott|Moonblast|p2b: Grimmsnarl
|-supereffective|p2b: Grimmsnarl|1
|-damage|p2b: Grimmsnarl|39/100
|move|p2a: Staraptor|Brave Bird|p1b: Whimsicott
|-supereffective|p1b: Whimsicott|1
|-enditem|p1b: Whimsicott|Focus Sash
|-damage|p1b: Whimsicott|1/100
|-damage|p2a: Staraptor|73/100|[from] Recoil
|move|p2b: Grimmsnarl|Spirit Break|p1b: Whimsicott
|-damage|p1b: Whimsicott|0 fnt
|faint|p1b: Whimsicott
|
|upkeep
|
|t:|1782730054
|switch|p1b: Blaziken|Blaziken, L50, M|100/100
|turn|2
|
|t:|1782730066
|switch|p1b: Farigiraf|Farigiraf, L50, F|100/100
|move|p2b: Grimmsnarl|Reflect|p2b: Grimmsnarl
|-sidestart|p2: dodovgc|Reflect
|move|p2a: Staraptor|Close Combat|p1b: Farigiraf
|-damage|p1b: Farigiraf|46/100
|-boost|p2a: Staraptor|def|1
|-boost|p2a: Staraptor|spd|1
|-enditem|p1b: Farigiraf|Sitrus Berry|[eat]
|-heal|p1b: Farigiraf|71/100|[from] item: Sitrus Berry
|move|p1a: Basculegion|Wave Crash|p2a: Staraptor
|-damage|p2a: Staraptor|27/100
|-damage|p1a: Basculegion|86/100|[from] Recoil
|-damage|p1a: Basculegion|77/100|[from] item: Life Orb
|
|upkeep
|turn|3
|
|t:|1782730127
|move|p1a: Basculegion|Protect|p1a: Basculegion
|-singleturn|p1a: Basculegion|Protect
|move|p2b: Grimmsnarl|Parting Shot|p2a: Staraptor
|-boost|p2a: Staraptor|atk|1
|-boost|p2a: Staraptor|spa|1
|
|t:|1782730148
|switch|p2b: Tyranitar|Tyranitar, L50, F|100/100|[from] Parting Shot
|-weather|Sandstorm|[from] ability: Sand Stream|[of] p2b: Tyranitar
|move|p2a: Staraptor|Brave Bird|p1a: Basculegion
|-activate|p1a: Basculegion|move: Protect
|move|p1b: Farigiraf|Roar|p2a: Staraptor
|drag|p2a: Excadrill|Excadrill, L50, M|100/100
|
|-weather|Sandstorm|[upkeep]
|-damage|p1a: Basculegion|71/100|[from] Sandstorm
|-damage|p1b: Farigiraf|65/100|[from] Sandstorm
|upkeep
|turn|4
|
|t:|1782730218
|move|p1a: Basculegion|Aqua Jet|p2a: Excadrill
|-supereffective|p2a: Excadrill|1
|-damage|p2a: Excadrill|31/100
|-damage|p1a: Basculegion|61/100|[from] item: Life Orb
|move|p2a: Excadrill|High Horsepower|p1b: Farigiraf
|-damage|p1b: Farigiraf|22/100
|move|p2b: Tyranitar|Knock Off|p1a: Basculegion
|-supereffective|p1a: Basculegion|1
|-damage|p1a: Basculegion|0 fnt
|-enditem|p1a: Basculegion|Life Orb|[from] move: Knock Off|[of] p2b: Tyranitar
|faint|p1a: Basculegion
|move|p1b: Farigiraf|Psychic|p2a: Excadrill
|-resisted|p2a: Excadrill|1
|-damage|p2a: Excadrill|9/100
|
|-weather|Sandstorm|[upkeep]
|-damage|p1b: Farigiraf|16/100|[from] Sandstorm
|upkeep
|
|t:|1782730226
|switch|p1a: Blaziken|Blaziken, L50, M|100/100
|turn|5
|
|t:|1782730242
|move|p1a: Blaziken|Detect|p1a: Blaziken
|-singleturn|p1a: Blaziken|Protect
|move|p2a: Excadrill|High Horsepower|p1a: Blaziken
|-activate|p1a: Blaziken|move: Protect
|move|p2b: Tyranitar|Knock Off|p1b: Farigiraf
|-supereffective|p1b: Farigiraf|1
|-damage|p1b: Farigiraf|0 fnt
|faint|p1b: Farigiraf
|
|-weather|Sandstorm|[upkeep]
|-damage|p1a: Blaziken|94/100|[from] Sandstorm
|-ability|p1a: Blaziken|Speed Boost|boost
|-boost|p1a: Blaziken|spe|1
|upkeep
|turn|6
|
|t:|1782730263
|switch|p2b: Grimmsnarl|Grimmsnarl, L50, M, shiny|39/100
|detailschange|p1a: Blaziken|Blaziken-Mega, L50, M
|-mega|p1a: Blaziken|Blaziken|Blazikenite
|move|p2a: Excadrill|Protect|p2a: Excadrill
|-singleturn|p2a: Excadrill|Protect
|move|p1a: Blaziken|Close Combat|p2b: Grimmsnarl
|-damage|p2b: Grimmsnarl|0 fnt
|-unboost|p1a: Blaziken|def|1
|-unboost|p1a: Blaziken|spd|1
|faint|p2b: Grimmsnarl
|
|-weather|Sandstorm|[upkeep]
|-damage|p1a: Blaziken|88/100|[from] Sandstorm
|-ability|p1a: Blaziken|Speed Boost|boost
|-boost|p1a: Blaziken|spe|1
|upkeep
|
|t:|1782730289
|switch|p2b: Staraptor|Staraptor-Mega, L50, F|27/100
|turn|7
|
|t:|1782730316
|move|p1a: Blaziken|Close Combat|p2a: Excadrill
|-supereffective|p2a: Excadrill|1
|-damage|p2a: Excadrill|0 fnt
|-unboost|p1a: Blaziken|def|1
|-unboost|p1a: Blaziken|spd|1
|faint|p2a: Excadrill
|move|p2b: Staraptor|Brave Bird|p1a: Blaziken
|-supereffective|p1a: Blaziken|1
|-damage|p1a: Blaziken|0 fnt
|faint|p1a: Blaziken
|-damage|p2b: Staraptor|0 fnt|[from] Recoil
|faint|p2b: Staraptor
|
|win|dodovgc
||javivaarela is ready for game 2.
|inactive|dodovgc has 30 seconds to confirm battle start!
||dodovgc is ready for game 2.
|uhtml|next|Next: Game 2 of 3
|l|☆dodovgc
|player|p2|
|j|☆dodovgc
|player|p2|dodovgc|170|
