|j|☆andiom123
|j|☆Sr. del Almidon
|html|andiom123Sr. del Almidon    
|uhtml|bestof|Game 2 of a best-of-3
|t:|1785382775
|gametype|doubles
|player|p1|andiom123|red|1162
|player|p2|Sr. del Almidon|265|1186
|gen|9
|tier|[Gen 9 Champions] VGC 2026 Reg M-B (Bo3)
|rated|
|rule|Species Clause: Limit one of each Pokémon
|rule|Item Clause: Limit 1 of each item
|clearpoke
|poke|p1|Incineroar, L50, F|
|poke|p1|Farigiraf, L50, F|
|poke|p1|Sylveon, L50, F|
|poke|p1|Torkoal, L50, M|
|poke|p1|Kangaskhan, L50, F|
|poke|p1|Mudsdale, L50, M|
|poke|p2|Farigiraf, L50, F|
|poke|p2|Camerupt, L50, F|
|poke|p2|Sylveon, L50, M|
|poke|p2|Torkoal, L50, F|
|poke|p2|Scrafty, L50, M|
|poke|p2|Avalugg-Hisui, L50, M|
|teampreview|4
|showteam|p1|Incineroar||MuscleBand|Intimidate|ThroatChop,FlareBlitz,FakeOut,PartingShot|Brave||F|||50|]Farigiraf||SitrusBerry|ArmorTail|FoulPlay,PsychicNoise,TrickRoom,HelpingHand|Relaxed||F|||50|]Sylveon||FairyFeather|Pixilate|HyperVoice,HyperBeam,Yawn,Detect|Modest||F|||50|]Torkoal||Charcoal|Drought|Eruption,EarthPower,Flamethrower,Protect|Quiet||M|||50|]Kangaskhan||Kangaskhanite|Scrappy|DoubleEdge,FakeOut,IcePunch,HammerArm|Brave||F|||50|]Mudsdale||LifeOrb|InnerFocus|HighHorsepower,Earthquake,RockSlide,HeavySlam|Brave||M|||50|
|showteam|p2|Farigiraf||SitrusBerry|ArmorTail|TrickRoom,HyperVoice,HelpingHand,Psychic|Quiet||F|||50|]Camerupt||Cameruptite|MagmaArmor|Eruption,HeatWave,EarthPower,Protect|Modest||F|||50|]Sylveon||FairyFeather|Pixilate|HyperVoice,HyperBeam,Protect,QuickAttack|Quiet||M|||50|]Torkoal||Charcoal|Drought|Eruption,HeatWave,SolarBeam,Protect|Modest||F|||50|]Scrafty||LifeOrb|Intimidate|CloseCombat,KnockOff,FakeOut,Protect|Adamant||M|||50|]Avalugg-Hisui||WideLens|Sturdy|RockSlide,MountainGale,BodyPress,Protect|Adamant||M|||50|
|inactive|Battle timer is ON: inactive players will automatically lose when time's up. (requested by Sr. del Almidon)
|
|t:|1785382787
|teamsize|p1|4
|teamsize|p2|4
|start
|switch|p1a: Kangaskhan|Kangaskhan, L50, F|100/100
|switch|p1b: Sylveon|Sylveon, L50, F|100/100
|switch|p2a: Scrafty|Scrafty, L50, M|100/100
|switch|p2b: Farigiraf|Farigiraf, L50, F|100/100
|-ability|p2a: Scrafty|Intimidate|boost
|-fail|p1a: Kangaskhan|unboost|Attack|[from] ability: Scrappy|[of] p1a: Kangaskhan
|-unboost|p1b: Sylveon|atk|1
|turn|1
|
|t:|1785382811
|detailschange|p1a: Kangaskhan|Kangaskhan-Mega, L50, F
|-mega|p1a: Kangaskhan|Kangaskhan|Kangaskhanite
|move|p2a: Scrafty|Fake Out|p1a: Kangaskhan
|-damage|p1a: Kangaskhan|85/100
|-damage|p2a: Scrafty|90/100|[from] item: Life Orb
|cant|p1a: Kangaskhan|flinch
|move|p1b: Sylveon|Hyper Voice|p2a: Scrafty|[spread] p2a,p2b
|-supereffective|p2a: Scrafty|2
|-damage|p2a: Scrafty|0 fnt
|-damage|p2b: Farigiraf|53/100
|faint|p2a: Scrafty
|move|p2b: Farigiraf|Trick Room|p2b: Farigiraf
|-fieldstart|move: Trick Room|[of] p2b: Farigiraf
|
|upkeep
|
|t:|1785382833
|switch|p2a: Torkoal|Torkoal, L50, F|100/100
|-weather|SunnyDay|[from] ability: Drought|[of] p2a: Torkoal
|turn|2
|
|t:|1785382849
|move|p2b: Farigiraf|Helping Hand|p2a: Torkoal
|-singleturn|p2a: Torkoal|Helping Hand|[of] p2b: Farigiraf
|move|p1b: Sylveon|Detect|p1b: Sylveon
|-singleturn|p1b: Sylveon|Protect
|move|p2a: Torkoal|Eruption|p1a: Kangaskhan|[spread] p1a
|-activate|p1b: Sylveon|move: Protect
|-damage|p1a: Kangaskhan|0 fnt
|faint|p1a: Kangaskhan
|
|-weather|SunnyDay|[upkeep]
|upkeep
|
|t:|1785382865
|switch|p1a: Incineroar|Incineroar, L50, F|100/100
|-ability|p1a: Incineroar|Intimidate|boost
|-unboost|p2a: Torkoal|atk|1
|-unboost|p2b: Farigiraf|atk|1
|turn|3
|
|t:|1785382875
|move|p2b: Farigiraf|Helping Hand|p2a: Torkoal
|-singleturn|p2a: Torkoal|Helping Hand|[of] p2b: Farigiraf
|move|p2a: Torkoal|Eruption|p1a: Incineroar|[spread] p1a,p1b
|-resisted|p1a: Incineroar|1
|-damage|p1a: Incineroar|42/100
|-damage|p1b: Sylveon|4/100
|move|p1a: Incineroar|Parting Shot|p2a: Torkoal
|-unboost|p2a: Torkoal|atk|1
|-unboost|p2a: Torkoal|spa|1
|
|t:|1785382885
|switch|p1a: Mudsdale|Mudsdale, L50, M|100/100|[from] Parting Shot
|move|p1b: Sylveon|Hyper Voice|p2b: Farigiraf|[spread] p2a,p2b
|-resisted|p2a: Torkoal|1
|-damage|p2a: Torkoal|70/100
|-damage|p2b: Farigiraf|9/100
|-enditem|p2b: Farigiraf|Sitrus Berry|[eat]
|-heal|p2b: Farigiraf|34/100|[from] item: Sitrus Berry
|
|-weather|SunnyDay|[upkeep]
|upkeep
|turn|4
|
|t:|1785382901
|switch|p2b: Camerupt|Camerupt, L50, F|100/100
|move|p1b: Sylveon|Detect|p1b: Sylveon
|-singleturn|p1b: Sylveon|Protect
|move|p2a: Torkoal|Eruption|p1a: Mudsdale|[spread] p1a
|-activate|p1b: Sylveon|move: Protect
|-damage|p1a: Mudsdale|60/100
|move|p1a: Mudsdale|Earthquake|p2a: Torkoal|[spread] p2a,p2b
|-activate|p1b: Sylveon|move: Protect
|-supereffective|p2a: Torkoal|1
|-supereffective|p2b: Camerupt|1
|-damage|p2a: Torkoal|0 fnt
|-damage|p2b: Camerupt|0 fnt
|faint|p2a: Torkoal
|faint|p2b: Camerupt
|-damage|p1a: Mudsdale|51/100|[from] item: Life Orb
|
|-weather|SunnyDay|[upkeep]
|upkeep
|
|t:|1785382921
|switch|p2b: Farigiraf|Farigiraf, L50, F|34/100
|turn|5
|
|t:|1785382928
|move|p1a: Mudsdale|High Horsepower|p2b: Farigiraf|[miss]
|-miss|p1a: Mudsdale|p2b: Farigiraf
|move|p2b: Farigiraf|Hyper Voice|p1b: Sylveon|[spread] p1a,p1b
|-damage|p1a: Mudsdale|17/100
|-damage|p1b: Sylveon|0 fnt
|faint|p1b: Sylveon
|
|-weather|SunnyDay|[upkeep]
|-fieldend|move: Trick Room
|upkeep
|
|t:|1785382935
|switch|p1b: Incineroar|Incineroar, L50, F|42/100
|-ability|p1b: Incineroar|Intimidate|boost
|-unboost|p2b: Farigiraf|atk|1
|turn|6
|
|t:|1785382941
|move|p1b: Incineroar|Throat Chop|p2b: Farigiraf
|-supereffective|p2b: Farigiraf|1
|-damage|p2b: Farigiraf|0 fnt
|faint|p2b: Farigiraf
|
|win|andiom123
|raw|andiom123's rating: 1162 → 1189(+27 for winning)
|raw|Sr. del Almidon's rating: 1186 → 1159(-27 for losing)
|l|☆Sr. del Almidon
|player|p2|
