|j|☆BeauLavorre
|j|☆WASHINGTONGARGACHA
|html|BeauLavorreWASHINGTONGARGACHA    
|uhtml|bestof|Game 1 of a best-of-3
|t:|1757853000
|gametype|doubles
|player|p1|BeauLavorre|rocketgruntf|1018
|player|p2|WASHINGTONGARGACHA|169|1120
|gen|9
|tier|[Gen 9] VGC 2025 Reg H (Bo3)
|rated|
|rule|Species Clause: Limit one of each Pokémon
|rule|Item Clause: Limit 1 of each item
|clearpoke
|poke|p1|Mimikyu, L50, F|
|poke|p1|Lilligant-Hisui, L50, F|
|poke|p1|Torkoal, L50, F|
|poke|p1|Talonflame, L50, F|
|poke|p1|Indeedee-F, L50, F|
|poke|p1|Armarouge, L50, M|
|poke|p2|Typhlosion-Hisui, L50, M|
|poke|p2|Whimsicott, L50, F|
|poke|p2|Dragapult, L50, M|
|poke|p2|Torkoal, L50, M|
|poke|p2|Lilligant-Hisui, L50, F|
|poke|p2|Electabuzz, L50, M|
|teampreview|4
|showteam|p1|Mimikyu||LifeOrb|Disguise|PlayRough,Protect,ShadowSneak,TrickRoom|||F|||50|,,,,,Fairy]Lilligant-Hisui||FocusSash|Chlorophyll|CloseCombat,SleepPowder,AfterYou,SolarBlade|||F|||50|,,,,,Fighting]Torkoal||EjectPack|Drought|EarthPower,Eruption,Overheat,Protect|||F|||50|,,,,,Fire]Talonflame||CovertCloak|GaleWings|DualWingbeat,FlareBlitz,Tailwind,SunnyDay|||F|||50|,,,,,Fire]Indeedee-F||RockyHelmet|PsychicSurge|TrickRoom,FollowMe,HelpingHand,AlluringVoice|||F|||50|,,,,,Fairy]Armarouge||PsychicSeed|FlashFire|ArmorCannon,ExpandingForce,Protect,WideGuard|||M|||50|,,,,,Dragon
|showteam|p2|Typhlosion-Hisui||ChoiceSpecs|Blaze|HeatWave,Eruption,ShadowBall,FocusPunch|||M|||50|,,,,,Fire]Whimsicott||CovertCloak|Prankster|Tailwind,Moonblast,SunnyDay,Encore|||F|||50|,,,,,Water]Dragapult||ChoiceBand|ClearBody|Uturn,DragonTail,DragonDarts,PhantomForce|||M|||50|,,,,,Dragon]Torkoal||LifeOrb|Drought|HeatWave,Eruption,Protect,WeatherBall|||M|||50|,,,,,Fire]Lilligant-Hisui||FocusSash|Chlorophyll|CloseCombat,SleepPowder,AfterYou,LeafBlade|||F|||50|,,,,,Ghost]Electabuzz||Eviolite|VitalSpirit|FollowMe,Taunt,Electroweb,Protect|||M|||50|,,,,,Grass
|inactive|Battle timer is ON: inactive players will automatically lose when time's up. (requested by BeauLavorre)
|
|t:|1757853081
|teamsize|p1|4
|teamsize|p2|4
|start
|switch|p1a: Indeedee|Indeedee-F, L50, F|100/100
|switch|p1b: Armarouge|Armarouge, L50, M|100/100
|switch|p2a: Whimsicott|Whimsicott, L50, F|100/100
|switch|p2b: Dragapult|Dragapult, L50, M|100/100
|-fieldstart|move: Psychic Terrain|[from] ability: Psychic Surge|[of] p1a: Indeedee
|-enditem|p1b: Armarouge|Psychic Seed
|-boost|p1b: Armarouge|spd|1|[from] item: Psychic Seed
|turn|1
|inactive|BeauLavorre has 30 seconds left.
|inactive|WASHINGTONGARGACHA has 30 seconds left.
|
|t:|1757853110
|switch|p2b: Torkoal|Torkoal, L50, M|100/100
|-weather|SunnyDay|[from] ability: Drought|[of] p2b: Torkoal
|move|p1b: Armarouge|Protect|p1b: Armarouge
|-singleturn|p1b: Armarouge|Protect
|move|p2a: Whimsicott|Moonblast|p1b: Armarouge
|-activate|p1b: Armarouge|move: Protect
|move|p1a: Indeedee|Trick Room|p1a: Indeedee
|-fieldstart|move: Trick Room|[of] p1a: Indeedee
|
|-weather|SunnyDay|[upkeep]
|upkeep
|turn|2
|inactive|BeauLavorre has 30 seconds left.
|
|t:|1757853143
|-terastallize|p2b: Torkoal|Fire
|move|p1a: Indeedee|Follow Me|p1a: Indeedee
|-singleturn|p1a: Indeedee|move: Follow Me
|move|p2a: Whimsicott|Encore|p1a: Indeedee
|-activate|p1a: Indeedee|move: Psychic Terrain
|move|p2b: Torkoal|Weather Ball|p1a: Indeedee
|-damage|p1a: Indeedee|1/100
|-damage|p2b: Torkoal|91/100|[from] item: Life Orb
|move|p1b: Armarouge|Expanding Force|p2b: Torkoal|[spread] p2a,p2b
|-crit|p2a: Whimsicott
|-damage|p2a: Whimsicott|0 fnt
|-damage|p2b: Torkoal|2/100
|faint|p2a: Whimsicott
|
|-weather|SunnyDay|[upkeep]
|upkeep
|
|t:|1757853157
|switch|p2a: Electabuzz|Electabuzz, L50, M|100/100
|turn|3
|
|t:|1757853181
|move|p2b: Torkoal|Protect|p2b: Torkoal
|-singleturn|p2b: Torkoal|Protect
|move|p1a: Indeedee|Follow Me|p1a: Indeedee
|-singleturn|p1a: Indeedee|move: Follow Me
|move|p1b: Armarouge|Expanding Force|p2a: Electabuzz|[spread] p2a
|-activate|p2b: Torkoal|move: Protect
|-damage|p2a: Electabuzz|51/100
|move|p2a: Electabuzz|Electroweb|p1a: Indeedee|[spread] p1a,p1b
|-damage|p1a: Indeedee|0 fnt
|-damage|p1b: Armarouge|92/100
|-unboost|p1b: Armarouge|spe|1
|faint|p1a: Indeedee
|
|-weather|SunnyDay|[upkeep]
|upkeep
|
|t:|1757853194
|switch|p1a: Torkoal|Torkoal, L50, F|100/100
|turn|4
|
|t:|1757853218
|-terastallize|p1a: Torkoal|Fire
|move|p2a: Electabuzz|Protect|p2a: Electabuzz
|-singleturn|p2a: Electabuzz|Protect
|move|p1a: Torkoal|Earth Power|p2a: Electabuzz
|-activate|p2a: Electabuzz|move: Protect
|move|p2b: Torkoal|Weather Ball|p1a: Torkoal
|-resisted|p1a: Torkoal
|-damage|p1a: Torkoal|32/100
|-damage|p2b: Torkoal|0 fnt|[from] item: Life Orb
|faint|p2b: Torkoal
|move|p1b: Armarouge|Expanding Force|p2a: Electabuzz
|-activate|p2a: Electabuzz|move: Protect
|
|-weather|SunnyDay|[upkeep]
|upkeep
|
|t:|1757853231
|switch|p2b: Dragapult|Dragapult, L50, M|100/100
|turn|5
|
|t:|1757853242
|move|p2a: Electabuzz|Follow Me|p2a: Electabuzz
|-singleturn|p2a: Electabuzz|move: Follow Me
|move|p1a: Torkoal|Overheat|p2a: Electabuzz
|-damage|p2a: Electabuzz|0 fnt
|-unboost|p1a: Torkoal|spa|2
|faint|p2a: Electabuzz
|-enditem|p1a: Torkoal|Eject Pack
|
|t:|1757853249
|switch|p1a: Mimikyu|Mimikyu, L50, F|100/100
|move|p1b: Armarouge|Expanding Force|p2b: Dragapult
|-damage|p2b: Dragapult|0 fnt
|faint|p2b: Dragapult
|
|win|BeauLavorre
