|j|☆bioraza
|j|☆starpekka121
|html|biorazastarpekka121    
|uhtml|bestof|Game 1 of a best-of-3
|t:|1782307302
|gametype|doubles
|player|p1|bioraza|n-masters|1060
|player|p2|starpekka121|101|1049
|gen|9
|tier|[Gen 9 Champions] VGC 2026 Reg M-B (Bo3)
|rated|
|rule|Species Clause: Limit one of each Pokémon
|rule|Item Clause: Limit 1 of each item
|clearpoke
|poke|p1|Charizard, L50, M|
|poke|p1|Venusaur, L50, M|
|poke|p1|Garchomp, L50, F|
|poke|p1|Incineroar, L50, M|
|poke|p1|Malamar, L50, M|
|poke|p1|Gholdengo, L50|
|poke|p2|Metagross, L50, shiny|
|poke|p2|Farigiraf, L50, F|
|poke|p2|Incineroar, L50, M, shiny|
|poke|p2|Eelektross, L50, M, shiny|
|poke|p2|Primarina, L50, M|
|poke|p2|Sneasler, L50, F, shiny|
|teampreview|4
|showteam|p1|Charizard||CharizarditeY|Blaze|HeatWave,SolarBeam,WeatherBall,Protect|Modest||M|||50|]Venusaur||WideLens|Chlorophyll|SleepPowder,SludgeBomb,GigaDrain,Protect|Timid||M|||50|]Garchomp||LifeOrb|RoughSkin|Earthquake,RockSlide,Protect,DragonClaw|Jolly||F|||50|]Incineroar||SitrusBerry|Intimidate|FakeOut,FlareBlitz,PartingShot,ThroatChop|Sassy||M|||50|]Malamar||Malamarite|Contrary|Superpower,KnockOff,PsychoCut,Protect|Careful||M|||50|]Gholdengo||ChoiceScarf|GoodasGold|Psychic,ShadowBall,MakeItRain,PowerGem|Modest|||||50|
|showteam|p2|Metagross||Leftovers|ClearBody|Protect,IronHead,StompingTantrum,ThunderPunch|Brave|||||50|]Farigiraf||ColburBerry|ArmorTail|TrickRoom,HelpingHand,Psychic,Protect|Sassy||F|||50|]Incineroar||SitrusBerry|Intimidate|FakeOut,PartingShot,DarkestLariat,FlareBlitz|Adamant||M|||50|]Eelektross||Eelektrossite|Levitate|Flamethrower,Protect,Thunderbolt,GigaDrain|Quiet||M|||50|]Primarina||FairyFeather|LiquidVoice|CalmMind,HyperVoice,Protect,Moonblast|Modest||M|||50|]Sneasler||FocusSash|PoisonTouch|CloseCombat,DireClaw,Protect,FakeOut|Jolly||F|||50|
|inactive|Battle timer is ON: inactive players will automatically lose when time's up. (requested by bioraza)
|inactive|starpekka121 has 60 seconds left.
|
|t:|1782307336
|teamsize|p1|4
|teamsize|p2|4
|start
|switch|p1a: Incineroar|Incineroar, L50, M|100/100
|switch|p1b: Malamar|Malamar, L50, M|100/100
|switch|p2a: Eelektross|Eelektross, L50, M, shiny|100/100
|switch|p2b: Farigiraf|Farigiraf, L50, F|100/100
|-ability|p1a: Incineroar|Intimidate|boost
|-unboost|p2a: Eelektross|atk|1
|-unboost|p2b: Farigiraf|atk|1
|turn|1
|
|t:|1782307361
|detailschange|p1b: Malamar|Malamar-Mega, L50, M
|-mega|p1b: Malamar|Malamar|Malamarite
|detailschange|p2a: Eelektross|Eelektross-Mega, L50, M, shiny
|-mega|p2a: Eelektross|Eelektross|Eelektrossite
|move|p2b: Farigiraf|Protect|p2b: Farigiraf
|-singleturn|p2b: Farigiraf|Protect
|move|p1b: Malamar|Superpower|p2b: Farigiraf
|-activate|p2b: Farigiraf|move: Protect
|move|p2a: Eelektross|Thunderbolt|p1b: Malamar
|-damage|p1b: Malamar|68/100
|move|p1a: Incineroar|Parting Shot|p2a: Eelektross
|-unboost|p2a: Eelektross|atk|1
|-unboost|p2a: Eelektross|spa|1
|
|t:|1782307376
|switch|p1a: Venusaur|Venusaur, L50, M|100/100|[from] Parting Shot
|
|upkeep
|turn|2
|
|t:|1782307393
|switch|p2a: Metagross|Metagross, L50, shiny|100/100
|switch|p2b: Sneasler|Sneasler, L50, F, shiny|100/100
|move|p1a: Venusaur|Sleep Powder|p2a: Metagross
|-status|p2a: Metagross|slp|[from] move: Sleep Powder
|move|p1b: Malamar|Superpower|p2b: Sneasler
|-resisted|p2b: Sneasler|1
|-crit|p2b: Sneasler
|-damage|p2b: Sneasler|61/100
|-boost|p1b: Malamar|atk|1
|-boost|p1b: Malamar|def|1
|
|upkeep
|turn|3
|inactive|bioraza has 30 seconds left.
|
|t:|1782307423
|move|p2b: Sneasler|Fake Out|p1b: Malamar
|-damage|p1b: Malamar|59/100
|move|p1a: Venusaur|Sleep Powder|p2b: Sneasler
|-status|p2b: Sneasler|slp|[from] move: Sleep Powder
|cant|p1b: Malamar|flinch
|cant|p2a: Metagross|slp
|
|upkeep
|turn|4
|
|t:|1782307441
|switch|p2b: Eelektross|Eelektross-Mega, L50, M, shiny|100/100
|move|p1a: Venusaur|Giga Drain|p2a: Metagross
|-resisted|p2a: Metagross|1
|-damage|p2a: Metagross|85/100 slp
|move|p1b: Malamar|Superpower|p2a: Metagross
|-damage|p2a: Metagross|50/100g slp
|-boost|p1b: Malamar|atk|1
|-boost|p1b: Malamar|def|1
|-curestatus|p2a: Metagross|slp|[msg]
|move|p2a: Metagross|Iron Head|p1a: Venusaur
|-damage|p1a: Venusaur|47/100
|
|-heal|p2a: Metagross|56/100|[from] item: Leftovers
|upkeep
|turn|5
|
|t:|1782307463
|move|p2a: Metagross|Protect|p2a: Metagross
|-singleturn|p2a: Metagross|Protect
|move|p1a: Venusaur|Sleep Powder|p2b: Eelektross
|-status|p2b: Eelektross|slp|[from] move: Sleep Powder
|move|p1b: Malamar|Knock Off|p2a: Metagross
|-activate|p2a: Metagross|move: Protect
|cant|p2b: Eelektross|slp
|
|-heal|p2a: Metagross|62/100|[from] item: Leftovers
|upkeep
|turn|6
|inactive|starpekka121 has 30 seconds left.
|
|t:|1782307496
|move|p1a: Venusaur|Giga Drain|p2b: Eelektross
|-damage|p2b: Eelektross|68/100 slp
|-heal|p1a: Venusaur|65/100|[from] drain|[of] p2b: Eelektross
|move|p1b: Malamar|Knock Off|p2a: Metagross
|-supereffective|p2a: Metagross|1
|-damage|p2a: Metagross|0 fnt
|-enditem|p2a: Metagross|Leftovers|[from] move: Knock Off|[of] p1b: Malamar
|faint|p2a: Metagross
|cant|p2b: Eelektross|slp
|
|upkeep
|
|t:|1782307506
|switch|p2a: Farigiraf|Farigiraf, L50, F|100/100
|turn|7
|
|t:|1782307514
|move|p2a: Farigiraf|Protect|p2a: Farigiraf
|-singleturn|p2a: Farigiraf|Protect
|move|p1a: Venusaur|Giga Drain|p2b: Eelektross
|-damage|p2b: Eelektross|39/100 slp
|-heal|p1a: Venusaur|81/100|[from] drain|[of] p2b: Eelektross
|move|p1b: Malamar|Superpower|p2b: Eelektross
|-damage|p2b: Eelektross|0 fnt
|-boost|p1b: Malamar|atk|1
|-boost|p1b: Malamar|def|1
|faint|p2b: Eelektross
|
|upkeep
|
|t:|1782307524
|switch|p2b: Sneasler|Sneasler, L50, F, shiny|61/100 slp
|turn|8
|-message|starpekka121 forfeited.
|raw|bioraza's rating: 1060 → 1090(+30 for winning)
|raw|starpekka121's rating: 1049 → 1032(-17 for losing)
|
|win|bioraza
|l|☆starpekka121
|player|p2|
