|j|☆streeza
|j|☆sloth96
|html|streezasloth96    
|uhtml|bestof|Game 2 of a best-of-3
|t:|1784807171
|gametype|doubles
|player|p1|streeza|265|
|player|p2|sloth96|170|
|gen|9
|tier|[Gen 9 Champions] VGC 2026 Reg M-B (Bo3)
|rule|Species Clause: Limit one of each Pokémon
|rule|Item Clause: Limit 1 of each item
|clearpoke
|poke|p1|Eelektross, L50, F|
|poke|p1|Tsareena, L50, F|
|poke|p1|Metagross, L50|
|poke|p1|Whimsicott, L50, M|
|poke|p1|Palafin, L50, F|
|poke|p1|Gliscor, L50, F|
|poke|p2|Sneasler, L50, F|
|poke|p2|Typhlosion, L50, F|
|poke|p2|Bellibolt, L50, F|
|poke|p2|Venusaur, L50, F|
|poke|p2|Charizard, L50, F|
|poke|p2|Aerodactyl, L50, M|
|teampreview|4
|showteam|p1|Eelektross||Eelektrossite|Levitate|RockSlide,SupercellSlam,FirePunch,Protect|Adamant||F|||50|]Tsareena||QuickClaw|QueenlyMajesty|TropKick,ZenHeadbutt,Protect,Uturn|Adamant||F|||50|]Metagross||Metagrossite|ClearBody|PsychicFangs,IcePunch,StompingTantrum,Protect|Adamant|||||50|]Whimsicott||FocusSash|Prankster|Encore,Tailwind,Taunt,Moonblast|Timid||M|||50|]Palafin||MysticWater|ZerotoHero|FlipTurn,RainDance,WaveCrash,JetPunch|Jolly||F|||50|]Gliscor||ChoiceScarf|HyperCutter|RockSlide,Earthquake,DualWingbeat,Protect|Adamant||F|||50|
|showteam|p2|Sneasler||WhiteHerb|PoisonTouch|CloseCombat,DireClaw,FakeOut,Protect|Lonely||F|||50|]Typhlosion||Charcoal|Blaze|HeatWave,ShadowBall,Protect,PlayRough|Modest||F|||50|]Bellibolt||Leftovers|Electromorphosis|Discharge,Electroweb,ParabolicCharge,Protect|Modest||F|||50|]Venusaur||LifeOrb|Chlorophyll|GigaDrain,Protect,SolarBeam,SludgeWave|Serious||F|||50|]Charizard||CharizarditeY|Blaze|WeatherBall,HeatWave,Protect,SolarBeam|Modest||F|||50|]Aerodactyl||FocusSash|RockHead|Tailwind,RockSlide,Earthquake,Protect|Jolly||M|||50|
|
|t:|1784807222
|teamsize|p1|4
|teamsize|p2|4
|start
|switch|p1a: Eelektross|Eelektross, L50, F|100/100
|switch|p1b: Whimsicott|Whimsicott, L50, M|100/100
|switch|p2a: Charizard|Charizard, L50, F|100/100
|switch|p2b: Venusaur|Venusaur, L50, F|100/100
|turn|1
|
|t:|1784807238
|detailschange|p2a: Charizard|Charizard-Mega-Y, L50, F
|-mega|p2a: Charizard|Charizard|Charizardite Y
|-weather|SunnyDay|[from] ability: Drought|[of] p2a: Charizard
|detailschange|p1a: Eelektross|Eelektross-Mega, L50, F
|-mega|p1a: Eelektross|Eelektross|Eelektrossite
|move|p2a: Charizard|Protect|p2a: Charizard
|-singleturn|p2a: Charizard|Protect
|move|p1b: Whimsicott|Taunt|p2b: Venusaur
|-start|p2b: Venusaur|move: Taunt
|move|p2b: Venusaur|Sludge Wave|p1b: Whimsicott|[spread] p1a,p1b
|-activate|p2a: Charizard|move: Protect
|-supereffective|p1b: Whimsicott|2
|-damage|p1a: Eelektross|55/100
|-enditem|p1b: Whimsicott|Focus Sash
|-damage|p1b: Whimsicott|1/100
|-damage|p2b: Venusaur|90/100|[from] item: Life Orb
|move|p1a: Eelektross|Supercell Slam|p2a: Charizard
|-activate|p2a: Charizard|move: Protect
|-damage|p1a: Eelektross|5/100|[from] supercellslam
|
|-weather|SunnyDay|[upkeep]
|upkeep
|turn|2
|
|t:|1784807274
|move|p1b: Whimsicott|Tailwind|p1b: Whimsicott
|-sidestart|p1: streeza|move: Tailwind
|move|p1a: Eelektross|Supercell Slam|p2a: Charizard
|-supereffective|p2a: Charizard|1
|-damage|p2a: Charizard|0 fnt
|faint|p2a: Charizard
|-ability|p1a: Eelektross|Eelevate|boost
|-boost|p1a: Eelektross|atk|1
|move|p2b: Venusaur|Giga Drain|p1a: Eelektross
|-damage|p1a: Eelektross|0 fnt
|-heal|p2b: Venusaur|93/100|[from] drain|[of] p1a: Eelektross
|faint|p1a: Eelektross
|-damage|p2b: Venusaur|83/100|[from] item: Life Orb
|
|-weather|SunnyDay|[upkeep]
|upkeep
|
|t:|1784807292
|switch|p2a: Sneasler|Sneasler, L50, F|100/100
|switch|p1a: Palafin|Palafin, L50, F|100/100
|turn|3
|
|t:|1784807310
|move|p2a: Sneasler|Fake Out|p1a: Palafin
|-damage|p1a: Palafin|77/100
|move|p1b: Whimsicott|Moonblast|p2a: Sneasler
|-damage|p2a: Sneasler|51/100
|cant|p1a: Palafin|flinch
|move|p2b: Venusaur|Solar Beam||[still]
|-prepare|p2b: Venusaur|Solar Beam
|-anim|p2b: Venusaur|Solar Beam|p1a: Palafin
|-supereffective|p1a: Palafin|1
|-damage|p1a: Palafin|0 fnt
|faint|p1a: Palafin
|-damage|p2b: Venusaur|73/100|[from] item: Life Orb
|
|-weather|SunnyDay|[upkeep]
|-end|p2b: Venusaur|move: Taunt
|upkeep
|
|t:|1784807323
|switch|p1a: Tsareena|Tsareena, L50, F|100/100
|turn|4
|
|t:|1784807343
|move|p2a: Sneasler|Protect|p2a: Sneasler
|-singleturn|p2a: Sneasler|Protect
|move|p1b: Whimsicott|Encore|p2a: Sneasler
|-activate|p2a: Sneasler|move: Protect
|move|p1a: Tsareena|U-turn|p2b: Venusaur
|-damage|p2b: Venusaur|47/100
|move|p2b: Venusaur|Sludge Wave|p1b: Whimsicott|[spread] p1a,p1b
|-activate|p2a: Sneasler|move: Protect
|-supereffective|p1a: Tsareena|1
|-supereffective|p1b: Whimsicott|2
|-damage|p1a: Tsareena|2/100
|-damage|p1b: Whimsicott|0 fnt
|faint|p1b: Whimsicott
|-damage|p2b: Venusaur|37/100|[from] item: Life Orb
|
|-weather|SunnyDay|[upkeep]
|upkeep
|turn|5
|
|t:|1784807370
|move|p1a: Tsareena|Zen Headbutt|p2a: Sneasler
|-supereffective|p2a: Sneasler|2
|-damage|p2a: Sneasler|0 fnt
|faint|p2a: Sneasler
|move|p2b: Venusaur|Giga Drain|p1a: Tsareena
|-resisted|p1a: Tsareena|1
|-damage|p1a: Tsareena|0 fnt
|-heal|p2b: Venusaur|39/100|[from] drain|[of] p1a: Tsareena
|faint|p1a: Tsareena
|-damage|p2b: Venusaur|29/100|[from] item: Life Orb
|
|win|sloth96
