|j|☆starling01
|j|☆pagoose chase
|html|starling01pagoose chase    
|uhtml|bestof|Game 2 of a best-of-3
|t:|1757631226
|gametype|doubles
|player|p1|starling01|miku-flying|1173
|player|p2|pagoose chase|roxanne-gen6|1063
|gen|9
|tier|[Gen 9] VGC 2025 Reg H (Bo3)
|rated|
|rule|Species Clause: Limit one of each Pokémon
|rule|Item Clause: Limit 1 of each item
|clearpoke
|poke|p1|Incineroar, L50, M|
|poke|p1|Rillaboom, L50, F|
|poke|p1|Ursaluna-Bloodmoon, L50, M|
|poke|p1|Sneasler, L50, F|
|poke|p1|Dragonite, L50, M|
|poke|p1|Gholdengo, L50|
|poke|p2|Gliscor, L50, M|
|poke|p2|Tyranitar, L50, M|
|poke|p2|Rillaboom, L50, M|
|poke|p2|Gholdengo, L50|
|poke|p2|Electabuzz, L50, M|
|poke|p2|Sneasler, L50, F|
|teampreview|4
|showteam|p1|Incineroar||SafetyGoggles|Intimidate|FlareBlitz,KnockOff,FakeOut,PartingShot|||M|||50|,,,,,Ghost]Rillaboom||AssaultVest|GrassySurge|WoodHammer,HighHorsepower,GrassyGlide,FakeOut|||F|||50|,,,,,Fire]Ursaluna-Bloodmoon||Leftovers|MindsEye|BloodMoon,EarthPower,CalmMind,Protect|||M|||50|,,,,,Electric]Sneasler||FocusSash|PoisonTouch|CloseCombat,DireClaw,FakeOut,Coaching|||F|||50|,,,,,Ghost]Dragonite||LoadedDice|Multiscale|ScaleShot,Tailwind,Haze,Protect|||M|||50|,,,,,Steel]Gholdengo||LifeOrb|GoodasGold|MakeItRain,ShadowBall,NastyPlot,Protect||||||50|,,,,,Water
|showteam|p2|Gliscor||ToxicOrb|PoisonHeal|DualWingbeat,HighHorsepower,Tailwind,Protect|||M|||50|,,,,,Water]Tyranitar||AssaultVest|SandStream|RockSlide,KnockOff,LowKick,TeraBlast|||M|||50|,,,,,Flying]Rillaboom||MiracleSeed|GrassySurge|FakeOut,GrassyGlide,WoodHammer,Uturn|||M|||50|,,,,,Fire]Gholdengo||LifeOrb|GoodasGold|MakeItRain,ShadowBall,NastyPlot,Protect||||||50|,,,,,Water]Electabuzz||Eviolite|VitalSpirit|FollowMe,Electroweb,Taunt,Protect|||M|||50|,,,,,Ghost]Sneasler||CovertCloak|PoisonTouch|FakeOut,CloseCombat,DireClaw,Coaching|||F|||50|,,,,,Dark
|inactive|Battle timer is ON: inactive players will automatically lose when time's up. (requested by starling01)
|
|t:|1757631248
|teamsize|p1|4
|teamsize|p2|4
|start
|switch|p1a: Incineroar|Incineroar, L50, M|100/100
|switch|p1b: Ursaluna|Ursaluna-Bloodmoon, L50, M|100/100
|switch|p2a: Electabuzz|Electabuzz, L50, M|100/100
|switch|p2b: Gliscor|Gliscor, L50, M|100/100
|-ability|p1a: Incineroar|Intimidate|boost
|-unboost|p2a: Electabuzz|atk|1
|-unboost|p2b: Gliscor|atk|1
|turn|1
|
|t:|1757631264
|-terastallize|p2a: Electabuzz|Ghost
|move|p2b: Gliscor|Protect|p2b: Gliscor
|-singleturn|p2b: Gliscor|Protect
|move|p1b: Ursaluna|Protect|p1b: Ursaluna
|-singleturn|p1b: Ursaluna|Protect
|move|p2a: Electabuzz|Taunt|p1b: Ursaluna
|-activate|p1b: Ursaluna|move: Protect
|move|p1a: Incineroar|Parting Shot|p2b: Gliscor
|-activate|p2b: Gliscor|move: Protect
|
|-status|p2b: Gliscor|tox|[from] item: Toxic Orb
|upkeep
|turn|2
|j| Arkhept
|l| Arkhept
|
|t:|1757631284
|move|p2a: Electabuzz|Taunt|p1b: Ursaluna
|-start|p1b: Ursaluna|move: Taunt
|move|p2b: Gliscor|High Horsepower|p1a: Incineroar
|-supereffective|p1a: Incineroar
|-damage|p1a: Incineroar|46/100
|move|p1a: Incineroar|Parting Shot|p2b: Gliscor
|-unboost|p2b: Gliscor|atk|1
|-unboost|p2b: Gliscor|spa|1
|
|t:|1757631294
|switch|p1a: Rillaboom|Rillaboom, L50, F|100/100|[from] Parting Shot
|-fieldstart|move: Grassy Terrain|[from] ability: Grassy Surge|[of] p1a: Rillaboom
|move|p1b: Ursaluna|Blood Moon|p2a: Electabuzz
|-damage|p2a: Electabuzz|38/100
|
|-heal|p2a: Electabuzz|44/100|[from] Grassy Terrain
|upkeep
|turn|3
|
|t:|1757631311
|switch|p1b: Incineroar|Incineroar, L50, M|46/100
|-ability|p1b: Incineroar|Intimidate|boost
|-unboost|p2a: Electabuzz|atk|1
|-unboost|p2b: Gliscor|atk|1
|move|p2a: Electabuzz|Electroweb|p1a: Rillaboom|[spread] p1a,p1b
|-resisted|p1a: Rillaboom
|-crit|p1a: Rillaboom
|-damage|p1a: Rillaboom|92/100
|-damage|p1b: Incineroar|36/100
|-unboost|p1a: Rillaboom|spe|1
|-unboost|p1b: Incineroar|spe|1
|move|p2b: Gliscor|Dual Wingbeat|p1a: Rillaboom
|-supereffective|p1a: Rillaboom
|-damage|p1a: Rillaboom|76/100
|-supereffective|p1a: Rillaboom
|-damage|p1a: Rillaboom|61/100
|-hitcount|p1a: Rillaboom|2
|move|p1a: Rillaboom|Wood Hammer|p2a: Electabuzz
|-damage|p2a: Electabuzz|0 fnt
|faint|p2a: Electabuzz
|-damage|p1a: Rillaboom|49/100|[from] Recoil
|
|-heal|p1a: Rillaboom|55/100|[from] Grassy Terrain
|-heal|p1b: Incineroar|42/100|[from] Grassy Terrain
|upkeep
|
|t:|1757631315
|switch|p2a: Sneasler|Sneasler, L50, F|100/100
|turn|4
|inactive|starling01 has 30 seconds left.
|
|t:|1757631346
|switch|p2b: Gholdengo|Gholdengo, L50|100/100
|-terastallize|p1a: Rillaboom|Fire
|move|p2a: Sneasler|Dire Claw|p1a: Rillaboom
|-damage|p1a: Rillaboom|8/100
|-status|p1a: Rillaboom|par
|move|p1b: Incineroar|Parting Shot|p2a: Sneasler
|-unboost|p2a: Sneasler|atk|1
|-unboost|p2a: Sneasler|spa|1
|
|t:|1757631356
|switch|p1b: Ursaluna|Ursaluna-Bloodmoon, L50, M|100/100|[from] Parting Shot
|move|p1a: Rillaboom|High Horsepower|p2a: Sneasler
|-supereffective|p2a: Sneasler
|-damage|p2a: Sneasler|0 fnt
|faint|p2a: Sneasler
|
|-heal|p1a: Rillaboom|14/100 par|[from] Grassy Terrain
|upkeep
|
|t:|1757631358
|switch|p2a: Gliscor|Gliscor, L50, M|100/100 tox
|turn|5
|
|t:|1757631373
|switch|p1a: Incineroar|Incineroar, L50, M|42/100
|-ability|p1a: Incineroar|Intimidate|boost
|-unboost|p2a: Gliscor|atk|1
|-unboost|p2b: Gholdengo|atk|1
|move|p2a: Gliscor|High Horsepower|p1b: Ursaluna
|-damage|p1b: Ursaluna|78/100
|move|p2b: Gholdengo|Make It Rain|p1b: Ursaluna|[spread] p1a,p1b
|-resisted|p1a: Incineroar
|-damage|p1a: Incineroar|16/100
|-damage|p1b: Ursaluna|10/100
|-unboost|p2b: Gholdengo|spa|1
|-damage|p2b: Gholdengo|91/100|[from] item: Life Orb
|move|p1b: Ursaluna|Calm Mind|p1b: Ursaluna
|-boost|p1b: Ursaluna|spa|1
|-boost|p1b: Ursaluna|spd|1
|
|-heal|p2b: Gholdengo|97/100|[from] Grassy Terrain
|-heal|p1a: Incineroar|22/100|[from] Grassy Terrain
|-heal|p1b: Ursaluna|16/100|[from] Grassy Terrain
|-heal|p1b: Ursaluna|22/100|[from] item: Leftovers
|upkeep
|turn|6
|inactive|starling01 has 30 seconds left.
|
|t:|1757631402
|switch|p1a: Rillaboom|Rillaboom, L50, F, tera:Fire|14/100 par
|move|p1b: Ursaluna|Protect|p1b: Ursaluna
|-singleturn|p1b: Ursaluna|Protect
|move|p2a: Gliscor|High Horsepower|p1b: Ursaluna
|-activate|p1b: Ursaluna|move: Protect
|move|p2b: Gholdengo|Make It Rain|p1a: Rillaboom|[spread] p1a
|-activate|p1b: Ursaluna|move: Protect
|-resisted|p1a: Rillaboom
|-damage|p1a: Rillaboom|0 fnt
|-unboost|p2b: Gholdengo|spa|1
|faint|p1a: Rillaboom
|-damage|p2b: Gholdengo|87/100|[from] item: Life Orb
|
|-heal|p2b: Gholdengo|93/100|[from] Grassy Terrain
|-heal|p1b: Ursaluna|28/100|[from] Grassy Terrain
|-heal|p1b: Ursaluna|34/100|[from] item: Leftovers
|-fieldend|move: Grassy Terrain
|upkeep
|
|t:|1757631414
|switch|p1a: Incineroar|Incineroar, L50, M|22/100
|-ability|p1a: Incineroar|Intimidate|boost
|-unboost|p2a: Gliscor|atk|1
|-unboost|p2b: Gholdengo|atk|1
|turn|7
|
|t:|1757631422
|move|p2b: Gholdengo|Protect|p2b: Gholdengo
|-singleturn|p2b: Gholdengo|Protect
|move|p1a: Incineroar|Fake Out|p2a: Gliscor
|-damage|p2a: Gliscor|89/100 tox
|cant|p2a: Gliscor|flinch
|move|p1b: Ursaluna|Earth Power|p2b: Gholdengo
|-activate|p2b: Gholdengo|move: Protect
|
|-heal|p1b: Ursaluna|41/100|[from] item: Leftovers
|-heal|p2a: Gliscor|100/100 tox|[from] ability: Poison Heal
|upkeep
|turn|8
|
|t:|1757631432
|switch|p1a: Sneasler|Sneasler, L50, F|100/100
|move|p1b: Ursaluna|Protect|p1b: Ursaluna
|-singleturn|p1b: Ursaluna|Protect
|move|p2a: Gliscor|High Horsepower|p1b: Ursaluna
|-activate|p1b: Ursaluna|move: Protect
|move|p2b: Gholdengo|Make It Rain|p1a: Sneasler|[spread] p1a
|-activate|p1b: Ursaluna|move: Protect
|-damage|p1a: Sneasler|58/100
|-unboost|p2b: Gholdengo|spa|1
|-damage|p2b: Gholdengo|83/100|[from] item: Life Orb
|
|-heal|p1b: Ursaluna|47/100|[from] item: Leftovers
|upkeep
|turn|9
|
|t:|1757631449
|move|p1a: Sneasler|Fake Out|p2a: Gliscor
|-damage|p2a: Gliscor|86/100 tox
|cant|p2a: Gliscor|flinch
|move|p2b: Gholdengo|Nasty Plot|p2b: Gholdengo
|-boost|p2b: Gholdengo|spa|2
|move|p1b: Ursaluna|Blood Moon|p2a: Gliscor
|-damage|p2a: Gliscor|0 fnt
|faint|p2a: Gliscor
|
|-heal|p1b: Ursaluna|53/100|[from] item: Leftovers
|upkeep
|turn|10
|
|t:|1757631463
|move|p1b: Ursaluna|Protect|p1b: Ursaluna
|-singleturn|p1b: Ursaluna|Protect
|move|p1a: Sneasler|Dire Claw|p2b: Gholdengo
|-immune|p2b: Gholdengo
|move|p2b: Gholdengo|Make It Rain|p1b: Ursaluna|[spread] p1a
|-activate|p1b: Ursaluna|move: Protect
|-damage|p1a: Sneasler|0 fnt
|-unboost|p2b: Gholdengo|spa|1
|faint|p1a: Sneasler
|-damage|p2b: Gholdengo|73/100|[from] item: Life Orb
|
|-heal|p1b: Ursaluna|59/100|[from] item: Leftovers
|upkeep
|
|t:|1757631465
|switch|p1a: Incineroar|Incineroar, L50, M|22/100
|-ability|p1a: Incineroar|Intimidate|boost
|-unboost|p2b: Gholdengo|atk|1
|turn|11
|c|☆pagoose chase|That's a crazy play
|c|☆pagoose chase|Gg
|-message|pagoose chase forfeited.
|
|win|starling01
|raw|starling01's rating: 1173 → 1190(+17 for winning)
|raw|pagoose chase's rating: 1063 → 1050(-13 for losing)
