|j|☆NoitUK_VGC
|j|☆iljob
|html|NoitUK_VGCiljob    
|uhtml|bestof|Game 2 of a best-of-3
|t:|1783870611
|gametype|doubles
|player|p1|NoitUK_VGC|102|1175
|player|p2|iljob|169|1083
|gen|9
|tier|[Gen 9 Champions] VGC 2026 Reg M-B (Bo3)
|rated|
|rule|Species Clause: Limit one of each Pokémon
|rule|Item Clause: Limit 1 of each item
|clearpoke
|poke|p1|Archaludon, L50, M|
|poke|p1|Swampert, L50, M|
|poke|p1|Pelipper, L50, F|
|poke|p1|Sableye, L50, M|
|poke|p1|Kingambit, L50, F|
|poke|p1|Clefable, L50, M|
|poke|p2|Charizard, L50, F|
|poke|p2|Sylveon, L50, M|
|poke|p2|Incineroar, L50, F|
|poke|p2|Farigiraf, L50, M|
|poke|p2|Sinistcha-Masterpiece, L50|
|poke|p2|Basculegion, L50, M|
|teampreview|4
|showteam|p1|Archaludon||Leftovers|Stamina|Protect,ElectroShot,FlashCannon,DragonPulse|Modest||M|||50|]Swampert||Swampertite|Torrent|Protect,WaveCrash,Earthquake,IcePunch|Adamant||M|||50|]Pelipper||SitrusBerry|Drizzle|WideGuard,WeatherBall,Hurricane,Tailwind|Bold||F|||50|]Sableye||RoseliBerry|Prankster|Encore,Disable,WillOWisp,RainDance|Relaxed||M|||50|]Kingambit||ChopleBerry|Defiant|KowtowCleave,SuckerPunch,IronHead,LowKick|Adamant||F|||50|]Clefable||Clefablite|Unaware|Protect,Moonblast,LifeDew,FollowMe|Bold||M|||50|
|showteam|p2|Charizard||CharizarditeX|Blaze|FlareBlitz,DragonClaw,DragonDance,Protect|Adamant||F|||50|]Sylveon||FairyFeather|Pixilate|HyperBeam,HyperVoice,QuickAttack,Protect|Modest||M|||50|]Incineroar||ExpertBelt|Intimidate|FlareBlitz,DarkestLariat,FakeOut,PartingShot|Adamant||F|||50|]Farigiraf||Leftovers|ArmorTail|HyperVoice,Psychic,TrickRoom,Protect|Modest||M|||50|]Sinistcha-Masterpiece||SitrusBerry|Hospitality|MatchaGotcha,RagePowder,LifeDew,Protect|Modest|||||50|]Basculegion||ChoiceScarf|Adaptability|AquaJet,LastRespects,WaveCrash,FlipTurn|Jolly||M|||50|
|inactive|Battle timer is ON: inactive players will automatically lose when time's up. (requested by iljob)
|
|t:|1783870637
|teamsize|p1|4
|teamsize|p2|4
|start
|switch|p1a: Archaludon|Archaludon, L50, M|100/100
|switch|p1b: Sableye|Sableye, L50, M|100/100
|switch|p2a: Sylveon|Sylveon, L50, M|100/100
|switch|p2b: Basculegion|Basculegion, L50, M|100/100
|turn|1
|inactive|iljob has 30 seconds left.
|
|t:|1783870663
|move|p1a: Archaludon|Protect|p1a: Archaludon
|-singleturn|p1a: Archaludon|Protect
|move|p1b: Sableye|Will-O-Wisp|p2b: Basculegion
|-status|p2b: Basculegion|brn
|move|p2b: Basculegion|Flip Turn|p1b: Sableye
|-crit|p1b: Sableye
|-damage|p1b: Sableye|64/100
|
|t:|1783870671
|switch|p2b: Incineroar|Incineroar, L50, F|100/100|[from] Flip Turn
|-ability|p2b: Incineroar|Intimidate|boost
|-unboost|p1a: Archaludon|atk|1
|-unboost|p1b: Sableye|atk|1
|move|p2a: Sylveon|Hyper Beam|p1a: Archaludon
|-activate|p1a: Archaludon|move: Protect
|
|upkeep
|turn|2
|
|t:|1783870683
|switch|p1a: Clefable|Clefable, L50, M|100/100
|move|p2b: Incineroar|Fake Out|p1a: Clefable
|-damage|p1a: Clefable|89/100
|move|p1b: Sableye|Encore|p2a: Sylveon
|-start|p2a: Sylveon|Encore
|move|p2a: Sylveon|Hyper Beam|p1a: Clefable
|-damage|p1a: Clefable|0 fnt
|-mustrecharge|p2a: Sylveon
|faint|p1a: Clefable
|
|upkeep
|
|t:|1783870693
|switch|p1a: Archaludon|Archaludon, L50, M|100/100
|turn|3
|
|t:|1783870706
|move|p1b: Sableye|Rain Dance|p1b: Sableye
|-weather|RainDance
|move|p1a: Archaludon|Electro Shot||[still]
|-prepare|p1a: Archaludon|Electro Shot
|-boost|p1a: Archaludon|spa|1
|-anim|p1a: Archaludon|Electro Shot|p2b: Incineroar
|-damage|p2b: Incineroar|49/100
|cant|p2a: Sylveon|recharge
|move|p2b: Incineroar|Flare Blitz|p1a: Archaludon
|-damage|p1a: Archaludon|80/100
|-status|p1a: Archaludon|brn
|-ability|p1a: Archaludon|Stamina|boost
|-boost|p1a: Archaludon|def|1
|-damage|p2b: Incineroar|43/100|[from] Recoil
|
|-weather|RainDance|[upkeep]
|-heal|p1a: Archaludon|86/100 brn|[from] item: Leftovers
|-damage|p1a: Archaludon|80/100 brn|[from] brn
|upkeep
|turn|4
|
|t:|1783870725
|switch|p2b: Basculegion|Basculegion, L50, M|100/100 brn
|move|p1b: Sableye|Disable|p2a: Sylveon
|-start|p2a: Sylveon|Disable|Hyper Beam
|move|p1a: Archaludon|Electro Shot||[still]
|-prepare|p1a: Archaludon|Electro Shot
|-boost|p1a: Archaludon|spa|1
|-anim|p1a: Archaludon|Electro Shot|p2b: Basculegion
|-supereffective|p2b: Basculegion|1
|-damage|p2b: Basculegion|0 fnt
|faint|p2b: Basculegion
|cant|p2a: Sylveon|Disable|Hyper Beam
|
|-weather|RainDance|[upkeep]
|-heal|p1a: Archaludon|86/100 brn|[from] item: Leftovers
|-damage|p1a: Archaludon|80/100 brn|[from] brn
|-end|p2a: Sylveon|Encore
|upkeep
|
|t:|1783870737
|switch|p2b: Incineroar|Incineroar, L50, F|43/100
|-ability|p2b: Incineroar|Intimidate|boost
|-unboost|p1a: Archaludon|atk|1
|-unboost|p1b: Sableye|atk|1
|turn|5
|
|t:|1783870759
|move|p2b: Incineroar|Fake Out|p1a: Archaludon
|-resisted|p1a: Archaludon|1
|-damage|p1a: Archaludon|77/100 brn
|-ability|p1a: Archaludon|Stamina|boost
|-boost|p1a: Archaludon|def|1
|move|p1b: Sableye|Encore|p2a: Sylveon
|-start|p2a: Sylveon|Encore
|cant|p1a: Archaludon|flinch
|cant|p2a: Sylveon|Disable|Hyper Beam
|
|-weather|RainDance|[upkeep]
|-heal|p1a: Archaludon|83/100 brn|[from] item: Leftovers
|-damage|p1a: Archaludon|77/100 brn|[from] brn
|upkeep
|turn|6
|inactive|NoitUK_VGC has 30 seconds left.
|
|t:|1783870785
|switch|p2a: Sinistcha|Sinistcha-Masterpiece, L50|100/100
|-heal|p2b: Incineroar|67/100|[from] ability: Hospitality|[of] p2a: Sinistcha
|move|p1b: Sableye|Will-O-Wisp|p2a: Sinistcha
|-status|p2a: Sinistcha|brn
|move|p1a: Archaludon|Electro Shot||[still]
|-prepare|p1a: Archaludon|Electro Shot
|-boost|p1a: Archaludon|spa|1
|-anim|p1a: Archaludon|Electro Shot|p2b: Incineroar
|-damage|p2b: Incineroar|0 fnt
|faint|p2b: Incineroar
|
|-weather|RainDance|[upkeep]
|-heal|p1a: Archaludon|83/100 brn|[from] item: Leftovers
|-damage|p1a: Archaludon|77/100 brn|[from] brn
|-damage|p2a: Sinistcha|93/100 brn|[from] brn
|upkeep
|
|t:|1783870797
|switch|p2b: Sylveon|Sylveon, L50, M|100/100
|turn|7
|
|t:|1783870812
|move|p1a: Archaludon|Protect|p1a: Archaludon
|-singleturn|p1a: Archaludon|Protect
|move|p1b: Sableye|Disable||[still]
|-fail|p1b: Sableye
|move|p2a: Sinistcha|Matcha Gotcha|p1b: Sableye|[spread] p1b
|-activate|p1a: Archaludon|move: Protect
|-damage|p1b: Sableye|32/100
|-heal|p2a: Sinistcha|100/100 brn|[from] drain|[of] p1b: Sableye
|move|p2b: Sylveon|Hyper Voice|p1b: Sableye|[spread] p1b
|-activate|p1a: Archaludon|move: Protect
|-supereffective|p1b: Sableye|1
|-enditem|p1b: Sableye|Roseli Berry|[eat]
|-enditem|p1b: Sableye|Roseli Berry|[weaken]
|-damage|p1b: Sableye|0 fnt
|faint|p1b: Sableye
|
|-weather|none
|-heal|p1a: Archaludon|83/100 brn|[from] item: Leftovers
|-damage|p1a: Archaludon|77/100 brn|[from] brn
|-damage|p2a: Sinistcha|93/100 brn|[from] brn
|upkeep
|
|t:|1783870830
|switch|p1b: Kingambit|Kingambit, L50, F|100/100
|turn|8
|
|t:|1783870854
|move|p2a: Sinistcha|Rage Powder|p2a: Sinistcha
|-singleturn|p2a: Sinistcha|move: Rage Powder
|move|p1a: Archaludon|Dragon Pulse|p2a: Sinistcha
|-damage|p2a: Sinistcha|0 fnt
|faint|p2a: Sinistcha
|move|p2b: Sylveon|Hyper Beam|p1a: Archaludon|[miss]
|-miss|p2b: Sylveon|p1a: Archaludon
|move|p1b: Kingambit|Iron Head|p2b: Sylveon
|-supereffective|p2b: Sylveon|1
|-damage|p2b: Sylveon|0 fnt
|faint|p2b: Sylveon
|
|win|NoitUK_VGC
|raw|NoitUK_VGC's rating: 1175 → 1194(+19 for winning)
|raw|iljob's rating: 1083 → 1066(-17 for losing)
|l|☆iljob
|player|p2|
