|j|☆pollonetor
|j|☆placeholder2007
|html|pollonetorplaceholder2007    
|uhtml|bestof|Game 1 of a best-of-3
|t:|1756780241
|gametype|doubles
|player|p1|pollonetor|170|1049
|player|p2|placeholder2007|2|1000
|gen|9
|tier|[Gen 9] VGC 2025 Reg H (Bo3)
|rated|
|rule|Species Clause: Limit one of each Pokémon
|rule|Item Clause: Limit 1 of each item
|clearpoke
|poke|p1|Snorlax, L50, M|
|poke|p1|Indeedee-F, L50, F|
|poke|p1|Armarouge, L50, M|
|poke|p1|Primarina, L50, F|
|poke|p1|Sneasler, L50, F|
|poke|p1|Meowscarada, L50, M|
|poke|p2|Vivillon-Fancy, L50, F|
|poke|p2|Garchomp, L50, M|
|poke|p2|Primarina, L50, M|
|poke|p2|Incineroar, L50, M|
|poke|p2|Gholdengo, L50|
|poke|p2|Porygon2, L50|
|teampreview|4
|showteam|p1|Snorlax||WikiBerry|Gluttony|Curse,Recycle,Crunch,BodySlam|||M|||50|,,,,,Dragon]Indeedee-F||SafetyGoggles|PsychicSurge|FollowMe,TrickRoom,HealPulse,Psychic|||F|||50|,,,,,Ghost]Armarouge||LifeOrb|FlashFire|ExpandingForce,ArmorCannon,TrickRoom,Protect|||M|||50|,,,,,Grass]Primarina||ThroatSpray|LiquidVoice|LifeDew,Protect,HyperVoice,Moonblast|||F|||50|,,,,,Poison]Sneasler||PsychicSeed|Unburden|FakeOut,DireClaw,CloseCombat,Coaching|||F|||50|,,,,,Fighting]Meowscarada||FocusSash|Overgrow|Uturn,TrickRoom,FlowerTrick,FoulPlay|||M|||50|,,,,,Grass
|showteam|p2|Vivillon-Fancy||FocusSash|CompoundEyes|Hurricane,SleepPowder,RagePowder,Protect|||F|||50|,,,,,Ghost]Garchomp||LifeOrb|RoughSkin|Earthquake,DragonClaw,StompingTantrum,Protect|||M|||50|,,,,,Water]Primarina||SitrusBerry|LiquidVoice|HyperVoice,Moonblast,Haze,Protect|||M|||50|,,,,,Grass]Incineroar||SafetyGoggles|Intimidate|FakeOut,FlareBlitz,PartingShot,KnockOff|||M|||50|,,,,,Ghost]Gholdengo||MetalCoat|GoodasGold|MakeItRain,ShadowBall,NastyPlot,Protect||||||50|,,,,,Dragon]Porygon2||Eviolite|Download|TeraBlast,IceBeam,Recover,TrickRoom||||||50|,,,,,Fighting
|
|t:|1756780268
|teamsize|p1|4
|teamsize|p2|4
|start
|switch|p1a: Sneasler|Sneasler, L50, F|100/100
|switch|p1b: Snorlax|Snorlax, L50, M, shiny|100/100
|switch|p2a: DJ Lethal|Incineroar, L50, M, shiny|100/100
|switch|p2b: Fred Durst|Vivillon-Fancy, L50, F|100/100
|-ability|p2a: DJ Lethal|Intimidate|boost
|-unboost|p1a: Sneasler|atk|1
|-unboost|p1b: Snorlax|atk|1
|turn|1
|
|t:|1756780289
|move|p1a: Sneasler|Fake Out|p2a: DJ Lethal
|-damage|p2a: DJ Lethal|92/100
|cant|p2a: DJ Lethal|flinch
|move|p2b: Fred Durst|Sleep Powder|p1a: Sneasler
|-status|p1a: Sneasler|slp|[from] move: Sleep Powder
|move|p1b: Snorlax|Curse|p1b: Snorlax
|-unboost|p1b: Snorlax|spe|1
|-boost|p1b: Snorlax|atk|1
|-boost|p1b: Snorlax|def|1
|
|upkeep
|turn|2
|
|t:|1756780330
|switch|p1a: Indeedee|Indeedee-F, L50, F, shiny|100/100
|-fieldstart|move: Psychic Terrain|[from] ability: Psychic Surge|[of] p1a: Indeedee
|move|p2b: Fred Durst|Hurricane|p1a: Indeedee
|-damage|p1a: Indeedee|56/100
|-start|p1a: Indeedee|confusion
|move|p2a: DJ Lethal|Knock Off|p1b: Snorlax
|-damage|p1b: Snorlax|79/100
|-enditem|p1b: Snorlax|Wiki Berry|[from] move: Knock Off|[of] p2a: DJ Lethal
|move|p1b: Snorlax|Curse|p1b: Snorlax
|-unboost|p1b: Snorlax|spe|1
|-boost|p1b: Snorlax|atk|1
|-boost|p1b: Snorlax|def|1
|
|upkeep
|turn|3
|
|t:|1756780351
|move|p2b: Fred Durst|Hurricane|p1a: Indeedee
|-damage|p1a: Indeedee|19/100
|move|p2a: DJ Lethal|Parting Shot|p1b: Snorlax
|-unboost|p1b: Snorlax|atk|1
|-unboost|p1b: Snorlax|spa|1
|
|t:|1756780359
|switch|p2a: Sam Rivers|Gholdengo, L50|100/100|[from] Parting Shot
|move|p1b: Snorlax|Curse|p1b: Snorlax
|-unboost|p1b: Snorlax|spe|1
|-boost|p1b: Snorlax|atk|1
|-boost|p1b: Snorlax|def|1
|-activate|p1a: Indeedee|confusion
|-damage|p1a: Indeedee|15/100|[from] confusion
|
|upkeep
|turn|4
|
|t:|1756780383
|move|p2b: Fred Durst|Sleep Powder|p1b: Snorlax
|-status|p1b: Snorlax|slp|[from] move: Sleep Powder
|move|p2a: Sam Rivers|Make It Rain|p1b: Snorlax|[spread] p1a,p1b
|-crit|p1a: Indeedee
|-damage|p1a: Indeedee|0 fnt
|-damage|p1b: Snorlax|49/100 slp
|-unboost|p2a: Sam Rivers|spa|1
|faint|p1a: Indeedee
|cant|p1b: Snorlax|slp
|
|upkeep
|
|t:|1756780390
|switch|p1a: Armarouge|Armarouge, L50, M|100/100
|turn|5
|
|t:|1756780397
|move|p1a: Armarouge|Protect|p1a: Armarouge
|-singleturn|p1a: Armarouge|Protect
|move|p2b: Fred Durst|Rage Powder|p2b: Fred Durst
|-singleturn|p2b: Fred Durst|move: Rage Powder
|move|p2a: Sam Rivers|Shadow Ball|p1a: Armarouge
|-activate|p1a: Armarouge|move: Protect
|cant|p1b: Snorlax|slp
|
|upkeep
|turn|6
|
|t:|1756780416
|-terastallize|p1a: Armarouge|Grass
|move|p2b: Fred Durst|Rage Powder|p2b: Fred Durst
|-singleturn|p2b: Fred Durst|move: Rage Powder
|move|p2a: Sam Rivers|Shadow Ball|p1a: Armarouge
|-damage|p1a: Armarouge|75/100
|-unboost|p1a: Armarouge|spd|1
|move|p1a: Armarouge|Expanding Force|p2a: Sam Rivers|[spread] p2a,p2b
|-resisted|p2a: Sam Rivers
|-damage|p2a: Sam Rivers|55/100
|-enditem|p2b: Fred Durst|Focus Sash
|-damage|p2b: Fred Durst|1/100
|-damage|p1a: Armarouge|65/100|[from] item: Life Orb
|-curestatus|p1b: Snorlax|slp|[msg]
|move|p1b: Snorlax|Recycle||[still]
|-fail|p1b: Snorlax
|
|-fieldend|move: Psychic Terrain
|upkeep
|turn|7
|
|t:|1756780439
|move|p1a: Armarouge|Protect|p1a: Armarouge
|-singleturn|p1a: Armarouge|Protect
|move|p2b: Fred Durst|Rage Powder|p2b: Fred Durst
|-singleturn|p2b: Fred Durst|move: Rage Powder
|move|p2a: Sam Rivers|Make It Rain|p1b: Snorlax|[spread] p1b
|-activate|p1a: Armarouge|move: Protect
|-damage|p1b: Snorlax|29/100
|-unboost|p2a: Sam Rivers|spa|1
|move|p1b: Snorlax|Crunch|p2b: Fred Durst
|-damage|p2b: Fred Durst|0 fnt
|faint|p2b: Fred Durst
|
|upkeep
|
|t:|1756780452
|switch|p2b: DJ Lethal|Incineroar, L50, M, shiny|92/100
|-ability|p2b: DJ Lethal|Intimidate|boost
|-unboost|p1a: Armarouge|atk|1
|-unboost|p1b: Snorlax|atk|1
|turn|8
|
|t:|1756780474
|switch|p1a: Sneasler|Sneasler, L50, F|100/100 slp
|move|p2a: Sam Rivers|Protect|p2a: Sam Rivers
|-singleturn|p2a: Sam Rivers|Protect
|move|p2b: DJ Lethal|Fake Out|p1a: Sneasler
|-damage|p1a: Sneasler|86/100 slp
|move|p1b: Snorlax|Crunch|p2a: Sam Rivers
|-activate|p2a: Sam Rivers|move: Protect
|
|upkeep
|turn|9
|
|t:|1756780490
|switch|p2a: John Otto|Primarina, L50, M, shiny|100/100
|cant|p1a: Sneasler|slp
|move|p2b: DJ Lethal|Flare Blitz|p1a: Sneasler
|-damage|p1a: Sneasler|19/100 slp
|-damage|p2b: DJ Lethal|72/100|[from] Recoil
|move|p1b: Snorlax|Crunch|p2a: John Otto
|-resisted|p2a: John Otto
|-damage|p2a: John Otto|85/100
|-unboost|p2a: John Otto|def|1
|
|upkeep
|turn|10
|
|t:|1756780513
|cant|p1a: Sneasler|slp
|move|p2a: John Otto|Hyper Voice|p1b: Snorlax|[spread] p1a,p1b
|-damage|p1a: Sneasler|0 fnt
|-damage|p1b: Snorlax|9/100
|faint|p1a: Sneasler
|move|p2b: DJ Lethal|Flare Blitz|p1b: Snorlax
|-damage|p1b: Snorlax|0 fnt
|faint|p1b: Snorlax
|-damage|p2b: DJ Lethal|69/100|[from] Recoil
|
|upkeep
|
|t:|1756780519
|switch|p1b: Armarouge|Armarouge, L50, M, tera:Grass|65/100
|turn|11
|-message|pollonetor forfeited.
|
|win|placeholder2007
|l|☆pollonetor
|player|p1|
|j|☆pollonetor
|player|p1|pollonetor|170|
