|j|☆KodeBeast0526
|j|☆soratami
|html|KodeBeast0526soratami    
|uhtml|bestof|Game 1 of a best-of-3
|t:|1783616324
|gametype|doubles
|player|p1|KodeBeast0526|hiker|1098
|player|p2|soratami|ethan|1183
|gen|9
|tier|[Gen 9 Champions] VGC 2026 Reg M-B (Bo3)
|rated|
|rule|Species Clause: Limit one of each Pokémon
|rule|Item Clause: Limit 1 of each item
|clearpoke
|poke|p1|Aerodactyl, L50, M|
|poke|p1|Kingambit, L50, M|
|poke|p1|Sylveon, L50, M|
|poke|p1|Garchomp, L50, M|
|poke|p1|Charizard, L50, M|
|poke|p1|Incineroar, L50, M|
|poke|p2|Pelipper, L50, F|
|poke|p2|Basculegion, L50, M|
|poke|p2|Archaludon, L50, F|
|poke|p2|Incineroar, L50, M|
|poke|p2|Maushold, L50|
|poke|p2|Gardevoir, L50, F|
|teampreview|4
|showteam|p1|Aerodactyl||Aerodactylite|Unnerve|RockSlide,IceFang,Tailwind,WideGuard|Jolly||M|||50|]Kingambit||FocusSash|Defiant|KowtowCleave,SuckerPunch,IronHead,Protect|Adamant||M|||50|]Sylveon||FairyFeather|Pixilate|Detect,HyperVoice,HyperBeam,QuickAttack|Modest||M|||50|]Garchomp||LifeOrb|RoughSkin|Earthquake,DragonClaw,StompingTantrum,Protect|Jolly||M|||50|]Charizard||CharizarditeY|Blaze|Protect,HeatWave,SolarBeam,WeatherBall|Modest||M|||50|]Incineroar||SitrusBerry|Intimidate|DarkestLariat,FlareBlitz,FakeOut,PartingShot|Impish||M|||50|
|showteam|p2|Pelipper||FocusSash|Drizzle|WeatherBall,Hurricane,Tailwind,Protect|Jolly||F|||50|]Basculegion||ChoiceScarf|Adaptability|AquaJet,WaveCrash,FlipTurn,LastRespects|Jolly||M|||50|]Archaludon||Leftovers|Stamina|ElectroShot,FlashCannon,DracoMeteor,Protect|Modest||F|||50|]Incineroar||SitrusBerry|Intimidate|FakeOut,ThroatChop,FlareBlitz,PartingShot|Impish||M|||50|]Maushold||ChopleBerry|FriendGuard|Feint,SuperFang,FollowMe,Protect|Jolly|||||50|]Gardevoir||Gardevoirite|Synchronize|HyperVoice,Psychic,Thunderbolt,Protect|Modest||F|||50|
|inactive|Battle timer is ON: inactive players will automatically lose when time's up. (requested by soratami)
|inactive|KodeBeast0526 has 60 seconds left.
|
|t:|1783616363
|teamsize|p1|4
|teamsize|p2|4
|start
|switch|p1a: Kingambit|Kingambit, L50, M|100/100
|switch|p1b: Sylveon|Sylveon, L50, M|100/100
|switch|p2a: Maushold|Maushold, L50|100/100
|switch|p2b: Gardevoir|Gardevoir, L50, F|100/100
|turn|1
|
|t:|1783616383
|detailschange|p2b: Gardevoir|Gardevoir-Mega, L50, F
|-mega|p2b: Gardevoir|Gardevoir|Gardevoirite
|move|p2a: Maushold|Super Fang|p1a: Kingambit
|-damage|p1a: Kingambit|50/100y
|move|p2b: Gardevoir|Hyper Voice|p1b: Sylveon|[spread] p1a,p1b
|-damage|p1a: Kingambit|0 fnt
|-damage|p1b: Sylveon|53/100
|faint|p1a: Kingambit
|move|p1b: Sylveon|Hyper Voice|p2a: Maushold|[spread] p2a,p2b
|-damage|p2a: Maushold|50/100g
|-damage|p2b: Gardevoir|68/100
|
|upkeep
|
|t:|1783616390
|switch|p1a: Aerodactyl|Aerodactyl, L50, M|100/100
|-ability|p1a: Aerodactyl|Unnerve
|turn|2
|
|t:|1783616403
|detailschange|p1a: Aerodactyl|Aerodactyl-Mega, L50, M
|-mega|p1a: Aerodactyl|Aerodactyl|Aerodactylite
|move|p1a: Aerodactyl|Rock Slide|p2b: Gardevoir|[spread] p2a,p2b
|-damage|p2a: Maushold|21/100
|-damage|p2b: Gardevoir|31/100
|move|p2a: Maushold|Super Fang|p1b: Sylveon
|-damage|p1b: Sylveon|27/100
|move|p2b: Gardevoir|Psychic|p1b: Sylveon
|-damage|p1b: Sylveon|0 fnt
|faint|p1b: Sylveon
|
|upkeep
|
|t:|1783616413
|switch|p1b: Charizard|Charizard, L50, M|100/100
|turn|3
|
|t:|1783616429
|switch|p2b: Incineroar|Incineroar, L50, M|100/100
|-ability|p2b: Incineroar|Intimidate|boost
|-unboost|p1a: Aerodactyl|atk|1
|-unboost|p1b: Charizard|atk|1
|move|p2a: Maushold|Protect|p2a: Maushold
|-singleturn|p2a: Maushold|Protect
|move|p1a: Aerodactyl|Rock Slide|p2a: Maushold|[spread] p2b
|-activate|p2a: Maushold|move: Protect
|-supereffective|p2b: Incineroar|1
|-damage|p2b: Incineroar|81/100
|move|p1b: Charizard|Heat Wave|p2a: Maushold|[spread] p2b
|-activate|p2a: Maushold|move: Protect
|-resisted|p2b: Incineroar|1
|-damage|p2b: Incineroar|70/100
|
|upkeep
|turn|4
|inactive|soratami has 30 seconds left.
|
|t:|1783616458
|move|p2b: Incineroar|Fake Out|p1a: Aerodactyl
|-resisted|p1a: Aerodactyl|1
|-damage|p1a: Aerodactyl|93/100
|cant|p1a: Aerodactyl|flinch
|move|p2a: Maushold|Super Fang|p1a: Aerodactyl
|-damage|p1a: Aerodactyl|46/100
|move|p1b: Charizard|Heat Wave|p2b: Incineroar|[spread] p2a,p2b
|-resisted|p2b: Incineroar|1
|-damage|p2a: Maushold|0 fnt
|-damage|p2b: Incineroar|60/100
|faint|p2a: Maushold
|
|upkeep
|
|t:|1783616471
|switch|p2a: Basculegion|Basculegion, L50, M|100/100
|turn|5
|
|t:|1783616481
|move|p2a: Basculegion|Wave Crash|p1a: Aerodactyl
|-supereffective|p1a: Aerodactyl|1
|-damage|p1a: Aerodactyl|0 fnt
|faint|p1a: Aerodactyl
|-damage|p2a: Basculegion|85/100|[from] Recoil
|move|p1b: Charizard|Solar Beam||[still]
|-prepare|p1b: Charizard|Solar Beam
|move|p2b: Incineroar|Throat Chop|p1b: Charizard
|-damage|p1b: Charizard|69/100
|-start|p1b: Charizard|Throat Chop|[silent]
|
|upkeep
|turn|6
|
|t:|1783616494
|move|p2a: Basculegion|Wave Crash|p1b: Charizard
|-supereffective|p1b: Charizard|1
|-damage|p1b: Charizard|0 fnt
|faint|p1b: Charizard
|-damage|p2a: Basculegion|64/100|[from] Recoil
|
|win|soratami
||KodeBeast0526 is ready for game 2.
||soratami is ready for game 2.
|uhtml|next|Next: Game 2 of 3
