|j|☆reki el magias
|j|☆randomguy1114s
|html|reki el magiasrandomguy1114s    
|uhtml|bestof|Game 2 of a best-of-3
|t:|1756844829
|gametype|doubles
|player|p1|reki el magias|170|1188
|player|p2|randomguy1114s|lillie-masters|1206
|gen|9
|tier|[Gen 9] VGC 2025 Reg H (Bo3)
|rated|
|rule|Species Clause: Limit one of each Pokémon
|rule|Item Clause: Limit 1 of each item
|clearpoke
|poke|p1|Tyranitar, L50, F|
|poke|p1|Excadrill, L50, M|
|poke|p1|Volcarona, L50, F|
|poke|p1|Corviknight, L50, M|
|poke|p1|Indeedee, L50, M|
|poke|p1|Houndstone, L50, M|
|poke|p2|Garchomp, L50, F|
|poke|p2|Kingambit, L50, M|
|poke|p2|Sneasler, L50, F|
|poke|p2|Talonflame, L50, M|
|poke|p2|Primarina, L50, M|
|poke|p2|Sinistcha, L50|
|teampreview|4
|showteam|p1|Tyranitar||AssaultVest|SandStream|RockSlide,KnockOff,TeraBlast,BrickBreak|||F|||50|,,,,,Flying]Excadrill||FocusSash|SandRush|Protect,HighHorsepower,Earthquake,IronHead|||M|||50|,,,,,Stellar]Volcarona||SitrusBerry|FlameBody|Protect,FieryDance,StruggleBug,QuiverDance|||F|||50|,,,,,Dragon]Corviknight||PsychicSeed|MirrorArmor|BraveBird,PowerTrip,BulkUp,Roost|||M|||50|,,,,,Dragon]Indeedee||ChoiceScarf|PsychicSurge|ExpandingForce,TeraBlast,Protect,Trick|||M|||50|,,,,,Psychic]Houndstone||LifeOrb|SandRush|LastRespects,ShadowSneak,Protect,WillOWisp|||M|||50|,,,,,Ghost
|showteam|p2|Garchomp||LifeOrb|RoughSkin|Earthquake,DragonClaw,StompingTantrum,Protect|||F|||50|,,,,,Steel]Kingambit||SafetyGoggles|Defiant|SuckerPunch,SwordsDance,KowtowCleave,Protect|||M|||50|,,,,,Dark]Sneasler||FocusSash|Unburden|CloseCombat,DireClaw,FakeOut,Protect|||F|||50|,,,,,Stellar]Talonflame||ClearAmulet|GaleWings|DualWingbeat,Tailwind,Uturn,Protect|||M|||50|,,,,,Ghost]Primarina||ThroatSpray|LiquidVoice|Haze,HyperVoice,Moonblast,Protect|||M|||50|,,,,,Poison]Sinistcha||MentalHerb|Hospitality|RagePowder,TrickRoom,MatchaGotcha,Protect||||||50|,,,,,Water
|inactive|Battle timer is ON: inactive players will automatically lose when time's up. (requested by reki el magias)
|
|t:|1756844850
|teamsize|p1|4
|teamsize|p2|4
|start
|switch|p1a: Tyranitar|Tyranitar, L50, F|100/100
|switch|p1b: Volcarona|Volcarona, L50, F|100/100
|switch|p2a: Sneasler|Sneasler, L50, F, shiny|100/100
|switch|p2b: Kingambit|Kingambit, L50, M, shiny|100/100
|-weather|Sandstorm|[from] ability: Sand Stream|[of] p1a: Tyranitar
|turn|1
|inactive|reki el magias has 30 seconds left.
|inactive|randomguy1114s has 30 seconds left.
|inactive|randomguy1114s has 20 seconds left.
|
|t:|1756844887
|-terastallize|p1a: Tyranitar|Flying
|-terastallize|p2b: Kingambit|Dark
|move|p2a: Sneasler|Close Combat|p1a: Tyranitar
|-resisted|p1a: Tyranitar
|-damage|p1a: Tyranitar|72/100
|-unboost|p2a: Sneasler|def|1
|-unboost|p2a: Sneasler|spd|1
|move|p1b: Volcarona|Fiery Dance|p2b: Kingambit
|-damage|p2b: Kingambit|59/100
|move|p1a: Tyranitar|Tera Blast|p2a: Sneasler|[anim] Tera Blast Flying
|-supereffective|p2a: Sneasler
|-enditem|p2a: Sneasler|Focus Sash
|-damage|p2a: Sneasler|1/100
|move|p2b: Kingambit|Swords Dance|p2b: Kingambit
|-boost|p2b: Kingambit|atk|2
|
|-weather|Sandstorm|[upkeep]
|-damage|p2a: Sneasler|0 fnt|[from] Sandstorm
|-damage|p1b: Volcarona|95/100|[from] Sandstorm
|-damage|p1a: Tyranitar|65/100|[from] Sandstorm
|faint|p2a: Sneasler
|upkeep
|
|t:|1756844902
|switch|p2a: Sinistcha|Sinistcha, L50, shiny|100/100
|-heal|p2b: Kingambit|84/100|[from] ability: Hospitality|[of] p2a: Sinistcha
|turn|2
|
|t:|1756844918
|move|p2b: Kingambit|Sucker Punch|p1a: Tyranitar
|-damage|p1a: Tyranitar|0 fnt
|faint|p1a: Tyranitar
|move|p1b: Volcarona|Struggle Bug|p2a: Sinistcha|[spread] p2a,p2b
|-supereffective|p2b: Kingambit
|-damage|p2a: Sinistcha|84/100
|-damage|p2b: Kingambit|48/100
|-unboost|p2a: Sinistcha|spa|1
|-unboost|p2b: Kingambit|spa|1
|-ability|p2b: Kingambit|Defiant|boost
|-boost|p2b: Kingambit|atk|2
|move|p2a: Sinistcha|Trick Room|p2a: Sinistcha
|-fieldstart|move: Trick Room|[of] p2a: Sinistcha
|
|-weather|Sandstorm|[upkeep]
|-damage|p2a: Sinistcha|78/100|[from] Sandstorm
|-damage|p1b: Volcarona|89/100|[from] Sandstorm
|upkeep
|
|t:|1756844928
|switch|p1a: Excadrill|Excadrill, L50, M, shiny|100/100
|turn|3
|
|t:|1756844935
|move|p2b: Kingambit|Protect|p2b: Kingambit
|-singleturn|p2b: Kingambit|Protect
|move|p1b: Volcarona|Protect|p1b: Volcarona
|-singleturn|p1b: Volcarona|Protect
|move|p2a: Sinistcha|Matcha Gotcha|p1b: Volcarona|[spread] 
|-activate|p1b: Volcarona|move: Protect
|-miss|p2a: Sinistcha|p1a: Excadrill
|move|p1a: Excadrill|Earthquake|p2b: Kingambit|[spread] p2a
|-activate|p1b: Volcarona|move: Protect
|-activate|p2b: Kingambit|move: Protect
|-resisted|p2a: Sinistcha
|-crit|p2a: Sinistcha
|-damage|p2a: Sinistcha|48/100
|
|-weather|Sandstorm|[upkeep]
|-damage|p2a: Sinistcha|42/100|[from] Sandstorm
|-damage|p1b: Volcarona|83/100|[from] Sandstorm
|upkeep
|turn|4
|
|t:|1756844950
|switch|p1b: Corviknight|Corviknight, L50, M|100/100
|move|p2b: Kingambit|Kowtow Cleave|p1a: Excadrill
|-enditem|p1a: Excadrill|Focus Sash
|-damage|p1a: Excadrill|1/100
|move|p2a: Sinistcha|Matcha Gotcha|p1a: Excadrill|[spread] p1a,p1b
|-resisted|p1b: Corviknight
|-damage|p1a: Excadrill|0 fnt
|-heal|p2a: Sinistcha|43/100|[from] drain|[of] p1a: Excadrill
|-damage|p1b: Corviknight|97/100
|-heal|p2a: Sinistcha|45/100|[from] drain|[of] p1b: Corviknight
|faint|p1a: Excadrill
|
|-weather|Sandstorm|[upkeep]
|-damage|p2a: Sinistcha|39/100|[from] Sandstorm
|upkeep
|
|t:|1756844955
|switch|p1a: Volcarona|Volcarona, L50, F|83/100
|turn|5
|-message|reki el magias forfeited.
|
|win|randomguy1114s
|raw|reki el magias's rating: 1188 → 1164(-24 for losing)
|raw|randomguy1114s's rating: 1206 → 1230(+24 for winning)
|l|☆reki el magias
|player|p1|
