|j|☆svendeer
|j|☆iliasdelm
|html|svendeeriliasdelm    
|uhtml|bestof|Game 2 of a best-of-3
|t:|1756575120
|gametype|doubles
|player|p1|svendeer|1|1162
|player|p2|iliasdelm|gambler|1221
|gen|9
|tier|[Gen 9] VGC 2025 Reg H (Bo3)
|rated|
|rule|Species Clause: Limit one of each Pokémon
|rule|Item Clause: Limit 1 of each item
|clearpoke
|poke|p1|Archaludon, L50, F|
|poke|p1|Dragonite, L50, M|
|poke|p1|Pelipper, L50, F|
|poke|p1|Ursaluna, L50, F|
|poke|p1|Sinistcha, L50|
|poke|p1|Gholdengo, L50|
|poke|p2|Primarina, L50, M|
|poke|p2|Incineroar, L50, M|
|poke|p2|Gholdengo, L50|
|poke|p2|Ursaluna, L50, M|
|poke|p2|Amoonguss, L50, M|
|poke|p2|Porygon2, L50|
|teampreview|4
|showteam|p1|Archaludon||AssaultVest|Stamina|FlashCannon,BodyPress,ElectroShot,DracoMeteor|||F|||50|,,,,,Fighting]Dragonite||LoadedDice|Multiscale|ScaleShot,Tailwind,Haze,Protect|||M|||50|,,,,,Fairy]Pelipper||FocusSash|Drizzle|MuddyWater,Hurricane,Tailwind,Protect|||F|||50|,,,,,Ghost]Ursaluna||FlameOrb|Guts|Facade,HeadlongRush,Earthquake,Protect|||F|||50|,,,,,Ghost]Sinistcha||SitrusBerry|Hospitality|MatchaGotcha,LifeDew,RagePowder,TrickRoom||||||50|,,,,,Dark]Gholdengo||Leftovers|GoodasGold|Protect,NastyPlot,MakeItRain,ShadowBall||||||50|,,,,,Fairy
|showteam|p2|Primarina||ThroatSpray|LiquidVoice|HyperVoice,Moonblast,Haze,Protect|||M|||50|,,,,,Poison]Incineroar||AssaultVest|Intimidate|FlareBlitz,KnockOff,FakeOut,Uturn|||M|||50|,,,,,Grass]Gholdengo||LifeOrb|GoodasGold|MakeItRain,ShadowBall,NastyPlot,Protect||||||50|,,,,,Water]Ursaluna||FlameOrb|Guts|Facade,HeadlongRush,Protect,Substitute|||M|||50|,,,,,Ghost]Amoonguss||SitrusBerry|Regenerator|PollenPuff,Spore,RagePowder,GigaDrain|||M|||50|,,,,,Electric]Porygon2||Eviolite|Download|IceBeam,TeraBlast,Recover,TrickRoom||||||50|,,,,,Fighting
|
|t:|1756575159
|teamsize|p1|4
|teamsize|p2|4
|start
|switch|p1a: Sinistcha|Sinistcha, L50|100/100
|switch|p1b: Gholdengo|Gholdengo, L50|100/100
|switch|p2a: Incineroar|Incineroar, L50, M|100/100
|switch|p2b: Gholdengo|Gholdengo, L50|100/100
|-ability|p2a: Incineroar|Intimidate|boost
|-unboost|p1a: Sinistcha|atk|1
|-unboost|p1b: Gholdengo|atk|1
|turn|1
|
|t:|1756575180
|move|p1b: Gholdengo|Make It Rain|p2a: Incineroar|[spread] p2a,p2b
|-resisted|p2a: Incineroar
|-resisted|p2b: Gholdengo
|-damage|p2a: Incineroar|87/100
|-damage|p2b: Gholdengo|78/100
|-unboost|p1b: Gholdengo|spa|1
|move|p2b: Gholdengo|Nasty Plot|p2b: Gholdengo
|-boost|p2b: Gholdengo|spa|2
|move|p1a: Sinistcha|Matcha Gotcha|p2b: Gholdengo|[spread] p2a,p2b
|-resisted|p2a: Incineroar
|-resisted|p2b: Gholdengo
|-damage|p2a: Incineroar|80/100
|-damage|p2b: Gholdengo|66/100
|move|p2a: Incineroar|Flare Blitz|p1a: Sinistcha
|-supereffective|p1a: Sinistcha
|-damage|p1a: Sinistcha|6/100
|-enditem|p1a: Sinistcha|Sitrus Berry|[eat]
|-heal|p1a: Sinistcha|31/100|[from] item: Sitrus Berry
|-damage|p2a: Incineroar|52/100|[from] Recoil
|
|upkeep
|turn|2
|
|t:|1756575210
|-terastallize|p2b: Gholdengo|Water
|move|p1b: Gholdengo|Shadow Ball|p2b: Gholdengo
|-damage|p2b: Gholdengo|41/100
|move|p2b: Gholdengo|Make It Rain|p1b: Gholdengo|[spread] p1a,p1b
|-resisted|p1b: Gholdengo
|-damage|p1a: Sinistcha|0 fnt
|-damage|p1b: Gholdengo|45/100
|-unboost|p2b: Gholdengo|spa|1
|faint|p1a: Sinistcha
|-damage|p2b: Gholdengo|31/100|[from] item: Life Orb
|move|p2a: Incineroar|Knock Off|p1b: Gholdengo
|-supereffective|p1b: Gholdengo
|-damage|p1b: Gholdengo|0 fnt
|-enditem|p1b: Gholdengo|Leftovers|[from] move: Knock Off|[of] p2a: Incineroar
|faint|p1b: Gholdengo
|
|upkeep
|
|t:|1756575219
|switch|p1b: Pelipper|Pelipper, L50, F|100/100
|switch|p1a: Ursaluna|Ursaluna, L50, F|100/100
|-weather|RainDance|[from] ability: Drizzle|[of] p1b: Pelipper
|turn|3
|
|t:|1756575240
|switch|p2a: Primarina|Primarina, L50, M|100/100
|move|p1b: Pelipper|Protect|p1b: Pelipper
|-singleturn|p1b: Pelipper|Protect
|move|p2b: Gholdengo|Make It Rain|p1b: Pelipper|[spread] p1a
|-activate|p1b: Pelipper|move: Protect
|-damage|p1a: Ursaluna|20/100
|-unboost|p2b: Gholdengo|spa|1
|-damage|p2b: Gholdengo|21/100|[from] item: Life Orb
|move|p1a: Ursaluna|Earthquake|p2a: Primarina|[spread] p2a,p2b
|-activate|p1b: Pelipper|move: Protect
|-damage|p2a: Primarina|49/100
|-damage|p2b: Gholdengo|0 fnt
|faint|p2b: Gholdengo
|
|-weather|RainDance|[upkeep]
|-status|p1a: Ursaluna|brn|[from] item: Flame Orb
|upkeep
|
|t:|1756575256
|switch|p2b: Incineroar|Incineroar, L50, M|52/100
|-ability|p2b: Incineroar|Intimidate|boost
|-unboost|p1a: Ursaluna|atk|1
|-unboost|p1b: Pelipper|atk|1
|turn|4
|
|t:|1756575281
|-terastallize|p1b: Pelipper|Ghost
|move|p1b: Pelipper|Tailwind|p1b: Pelipper
|-sidestart|p1: svendeer|move: Tailwind
|move|p1a: Ursaluna|Facade|p2a: Primarina
|-damage|p2a: Primarina|0 fnt
|faint|p2a: Primarina
|move|p2b: Incineroar|Knock Off|p1b: Pelipper
|-supereffective|p1b: Pelipper
|-enditem|p1b: Pelipper|Focus Sash
|-damage|p1b: Pelipper|1/100
|
|-weather|RainDance|[upkeep]
|-damage|p1a: Ursaluna|14/100 brn|[from] brn
|upkeep
|
|t:|1756575286
|switch|p2a: Porygon2|Porygon2, L50|100/100
|-ability|p2a: Porygon2|Download|boost
|-boost|p2a: Porygon2|spa|1
|turn|5
|
|t:|1756575309
|move|p1b: Pelipper|Muddy Water|p2a: Porygon2|[spread] p2a
|-miss|p1b: Pelipper|p2b: Incineroar
|-damage|p2a: Porygon2|74/100
|-unboost|p2a: Porygon2|accuracy|1
|move|p1a: Ursaluna|Facade|p2a: Porygon2
|-damage|p2a: Porygon2|23/100
|move|p2b: Incineroar|Flare Blitz|p1a: Ursaluna
|-damage|p1a: Ursaluna|0 fnt
|faint|p1a: Ursaluna
|-damage|p2b: Incineroar|47/100|[from] Recoil
|move|p2a: Porygon2|Tera Blast|p1b: Pelipper
|-immune|p1b: Pelipper
|
|-weather|RainDance|[upkeep]
|upkeep
|turn|6
|
|t:|1756575326
|move|p1b: Pelipper|Muddy Water|p2a: Porygon2|[spread] p2a,p2b
|-supereffective|p2b: Incineroar
|-damage|p2a: Porygon2|0 fnt
|-damage|p2b: Incineroar|0 fnt
|faint|p2a: Porygon2
|faint|p2b: Incineroar
|
|win|svendeer
|raw|svendeer's rating: 1162 → 1191(+29 for winning)
|raw|iliasdelm's rating: 1221 → 1192(-29 for losing)
