|j|☆Bman3111
|j|☆eriksp
|html|Bman3111eriksp    
|uhtml|bestof|Game 1 of a best-of-3
|t:|1783817609
|gametype|doubles
|player|p1|Bman3111|elesa-masters|
|player|p2|eriksp|cynthia-masters4|
|gen|9
|tier|[Gen 9 Champions] VGC 2026 Reg M-B (Bo3)
|rule|Species Clause: Limit one of each Pokémon
|rule|Item Clause: Limit 1 of each item
|clearpoke
|poke|p1|Grimmsnarl, L50, M|
|poke|p1|Swampert, L50, F|
|poke|p1|Pelipper, L50, M|
|poke|p1|Archaludon, L50, M|
|poke|p1|Venusaur, L50, F|
|poke|p1|Basculegion, L50, M|
|poke|p2|Floette-Eternal, L50, F|
|poke|p2|Charizard, L50, M|
|poke|p2|Whimsicott, L50, F|
|poke|p2|Garchomp, L50, M|
|poke|p2|Basculegion, L50, M|
|poke|p2|Kingambit, L50, M|
|teampreview|4
|showteam|p1|Grimmsnarl||LightClay|Prankster|FakeOut,Reflect,LightScreen,PartingShot|Impish||M|||50|]Swampert||Swampertite|Torrent|WaveCrash,Earthquake,IcePunch,Protect|Adamant||F|||50|]Pelipper||FocusSash|Drizzle|WeatherBall,Hurricane,Tailwind,Protect|Timid||M|||50|]Archaludon||Leftovers|Stamina|ElectroShot,DragonPulse,FlashCannon,Protect|Calm||M|||50|]Venusaur||Venusaurite|Chlorophyll|GigaDrain,SludgeBomb,EarthPower,Protect|Modest||F|||50|]Basculegion||ChoiceScarf|Adaptability|WaveCrash,LastRespects,AquaJet,FlipTurn|Jolly||M|||50|
|showteam|p2|Floette-Eternal||Floettite|FlowerVeil|Moonblast,DazzlingGleam,LightofRuin,Protect|Modest||F|||50|]Charizard||CharizarditeY|Blaze|HeatWave,WeatherBall,SolarBeam,Protect|Timid||M|||50|]Whimsicott||FocusSash|Prankster|Moonblast,Tailwind,Encore,Protect|Timid||F|||50|]Garchomp||LifeOrb|RoughSkin|DragonClaw,Earthquake,Protect,RockSlide|Jolly||M|||50|]Basculegion||MysticWater|Adaptability|WaveCrash,LastRespects,AquaJet,Protect|Adamant||M|||50|]Kingambit||ChopleBerry|Defiant|KowtowCleave,IronHead,SuckerPunch,LowKick|Adamant||M|||50|
|inactive|Battle timer is ON: inactive players will automatically lose when time's up. (requested by Bman3111)
|l|☆Bman3111
|inactive|Bman3111 disconnected and has 300 seconds to reconnect!
|player|p1|
|j|☆Bman3111
|inactive|Bman3111 reconnected and has 90 seconds left.
|player|p1|Bman3111|elesa-masters|
|inactiveoff|Battle timer is now OFF.
|c|☆Bman3111|Glhf
|c|☆eriksp|hf
|c|☆Bman3111|I’m on mobile so that’s all ur getting from me
|c|☆eriksp|i need the luck so ty
|
|t:|1783817687
|teamsize|p1|4
|teamsize|p2|4
|start
|switch|p1a: Grimmsnarl|Grimmsnarl, L50, M|100/100
|switch|p1b: Venusaur|Venusaur, L50, F|100/100
|switch|p2a: Garchomp|Garchomp, L50, M|100/100
|switch|p2b: Kingambit|Kingambit, L50, M|100/100
|turn|1
|
|t:|1783817700
|detailschange|p1b: Venusaur|Venusaur-Mega, L50, F
|-mega|p1b: Venusaur|Venusaur|Venusaurite
|move|p1a: Grimmsnarl|Fake Out|p2b: Kingambit
|-resisted|p2b: Kingambit|1
|-damage|p2b: Kingambit|95/100
|move|p2a: Garchomp|Dragon Claw|p1b: Venusaur
|-damage|p1b: Venusaur|59/100
|-damage|p2a: Garchomp|90/100|[from] item: Life Orb
|move|p1b: Venusaur|Earth Power|p2b: Kingambit
|-supereffective|p2b: Kingambit|1
|-damage|p2b: Kingambit|37/100
|cant|p2b: Kingambit|flinch
|
|upkeep
|turn|2
|
|t:|1783817714
|move|p1b: Venusaur|Protect|p1b: Venusaur
|-singleturn|p1b: Venusaur|Protect
|move|p1a: Grimmsnarl|Reflect|p1a: Grimmsnarl
|-sidestart|p1: Bman3111|Reflect
|move|p2b: Kingambit|Sucker Punch||[still]
|-fail|p2b: Kingambit
|move|p2a: Garchomp|Earthquake|p1a: Grimmsnarl|[spread] p2b,p1a
|-activate|p1b: Venusaur|move: Protect
|-supereffective|p2b: Kingambit|1
|-crit|p2b: Kingambit
|-damage|p2b: Kingambit|0 fnt
|-damage|p1a: Grimmsnarl|69/100
|faint|p2b: Kingambit
|-damage|p2a: Garchomp|80/100|[from] item: Life Orb
|
|upkeep
|
|t:|1783817719
|switch|p2b: Floette|Floette-Eternal, L50, F|100/100
|turn|3
|
|t:|1783817726
|detailschange|p2b: Floette|Floette-Mega, L50, F
|-mega|p2b: Floette|Floette|Floettite
|-ability|p2b: Floette|Fairy Aura
|move|p1a: Grimmsnarl|Light Screen|p1a: Grimmsnarl
|-sidestart|p1: Bman3111|move: Light Screen
|move|p2a: Garchomp|Dragon Claw|p1b: Venusaur
|-damage|p1b: Venusaur|28/100
|-damage|p2a: Garchomp|70/100|[from] item: Life Orb
|move|p2b: Floette|Moonblast|p1b: Venusaur
|-resisted|p1b: Venusaur|1
|-damage|p1b: Venusaur|6/100
|move|p1b: Venusaur|Sludge Bomb|p2b: Floette
|-supereffective|p2b: Floette|1
|-damage|p2b: Floette|26/100
|
|upkeep
|turn|4
|
|t:|1783817741
|move|p1b: Venusaur|Protect|p1b: Venusaur
|-singleturn|p1b: Venusaur|Protect
|move|p1a: Grimmsnarl|Parting Shot|p2a: Garchomp
|-unboost|p2a: Garchomp|atk|1
|-unboost|p2a: Garchomp|spa|1
|
|t:|1783817744
|switch|p1a: Basculegion|Basculegion, L50, M|100/100|[from] Parting Shot
|move|p2a: Garchomp|Dragon Claw|p1b: Venusaur
|-activate|p1b: Venusaur|move: Protect
|move|p2b: Floette|Moonblast|p1a: Basculegion
|-damage|p1a: Basculegion|44/100
|-unboost|p1a: Basculegion|spa|1
|
|upkeep
|turn|5
|
|t:|1783817767
|switch|p1b: Pelipper|Pelipper, L50, M|100/100
|-weather|RainDance|[from] ability: Drizzle|[of] p1b: Pelipper
|move|p2b: Floette|Protect|p2b: Floette
|-singleturn|p2b: Floette|Protect
|move|p1a: Basculegion|Flip Turn|p2a: Garchomp
|-damage|p2a: Garchomp|18/100
|-damage|p1a: Basculegion|32/100|[from] ability: Rough Skin|[of] p2a: Garchomp
|
|t:|1783817776
|switch|p1a: Grimmsnarl|Grimmsnarl, L50, M|69/100|[from] Flip Turn
|move|p2a: Garchomp|Earthquake|p1a: Grimmsnarl|[spread] p1a
|-activate|p2b: Floette|move: Protect
|-immune|p1b: Pelipper
|-damage|p1a: Grimmsnarl|46/100
|-damage|p2a: Garchomp|8/100|[from] item: Life Orb
|
|-weather|RainDance|[upkeep]
|upkeep
|turn|6
|
|t:|1783817788
|move|p1a: Grimmsnarl|Fake Out|p2b: Floette
|-damage|p2b: Floette|12/100
|move|p2a: Garchomp|Dragon Claw|p1b: Pelipper
|-damage|p1b: Pelipper|69/100
|-damage|p2a: Garchomp|0 fnt|[from] item: Life Orb
|faint|p2a: Garchomp
|cant|p2b: Floette|flinch
|move|p1b: Pelipper|Tailwind|p1b: Pelipper
|-sidestart|p1: Bman3111|move: Tailwind
|
|-weather|RainDance|[upkeep]
|upkeep
|
|t:|1783817791
|switch|p2a: Whimsicott|Whimsicott, L50, F|100/100
|turn|7
|
|t:|1783817798
|switch|p1b: Venusaur|Venusaur-Mega, L50, F|6/100
|move|p2a: Whimsicott|Encore||[still]
|-fail|p2a: Whimsicott
|move|p1a: Grimmsnarl|Parting Shot|p2b: Floette
|-unboost|p2b: Floette|atk|1
|-unboost|p2b: Floette|spa|1
|
|t:|1783817801
|switch|p1a: Pelipper|Pelipper, L50, M|69/100|[from] Parting Shot
|move|p2b: Floette|Moonblast|p1a: Pelipper
|-damage|p1a: Pelipper|4/100
|
|-weather|RainDance|[upkeep]
|upkeep
|turn|8
|
|t:|1783817809
|move|p2a: Whimsicott|Tailwind|p2a: Whimsicott
|-sidestart|p2: eriksp|move: Tailwind
|move|p2b: Floette|Dazzling Gleam|p1a: Pelipper|[spread] p1a,p1b
|-resisted|p1b: Venusaur|1
|-damage|p1a: Pelipper|0 fnt
|-damage|p1b: Venusaur|0 fnt
|faint|p1a: Pelipper
|faint|p1b: Venusaur
|
|-weather|RainDance|[upkeep]
|upkeep
|
|t:|1783817811
|switch|p1a: Grimmsnarl|Grimmsnarl, L50, M|46/100
|switch|p1b: Basculegion|Basculegion, L50, M|32/100
|turn|9
|c|☆eriksp|grimmsnarl actually makes me wanna kms
|
|t:|1783817820
|move|p2a: Whimsicott|Protect|p2a: Whimsicott
|-singleturn|p2a: Whimsicott|Protect
|move|p2b: Floette|Protect|p2b: Floette
|-singleturn|p2b: Floette|Protect
|move|p1a: Grimmsnarl|Fake Out|p2a: Whimsicott
|-activate|p2a: Whimsicott|move: Protect
|move|p1b: Basculegion|Last Respects|p2a: Whimsicott
|-activate|p2a: Whimsicott|move: Protect
|
|-weather|none
|-sideend|p1: Bman3111|Reflect
|-sideend|p1: Bman3111|move: Tailwind
|upkeep
|turn|10
|
|t:|1783817828
|move|p1a: Grimmsnarl|Parting Shot|p2b: Floette
|-unboost|p2b: Floette|atk|1
|-unboost|p2b: Floette|spa|1
|move|p2a: Whimsicott|Moonblast|p1b: Basculegion
|-damage|p1b: Basculegion|0 fnt
|faint|p1b: Basculegion
|move|p2b: Floette|Moonblast|p1a: Grimmsnarl
|-supereffective|p1a: Grimmsnarl|1
|-damage|p1a: Grimmsnarl|0 fnt
|faint|p1a: Grimmsnarl
|
|win|eriksp
