|j|☆ApeEnjoyerr
|j|☆timmytheglueeater
|html|ApeEnjoyerrtimmytheglueeater    
|uhtml|bestof|Game 1 of a best-of-3
|t:|1757639418
|gametype|doubles
|player|p1|ApeEnjoyerr|li|1198
|player|p2|timmytheglueeater|101|1310
|gen|9
|tier|[Gen 9] VGC 2025 Reg H (Bo3)
|rated|
|rule|Species Clause: Limit one of each Pokémon
|rule|Item Clause: Limit 1 of each item
|clearpoke
|poke|p1|Pelipper, L50, F|
|poke|p1|Basculegion, L50, M|
|poke|p1|Incineroar, L50, F|
|poke|p1|Archaludon, L50, M|
|poke|p1|Sinistcha, L50|
|poke|p1|Ursaluna, L50, M|
|poke|p2|Amoonguss, L50, M|
|poke|p2|Dragonite, L50, F|
|poke|p2|Excadrill, L50, F|
|poke|p2|Gholdengo, L50|
|poke|p2|Gyarados, L50, M|
|poke|p2|Tyranitar, L50, F|
|teampreview|4
|showteam|p1|Pelipper||FocusSash|Drizzle|Hurricane,WeatherBall,Tailwind,Protect|||F|||50|,,,,,Stellar]Basculegion||ChoiceBand|SwiftSwim|WaveCrash,LastRespects,AquaJet,FlipTurn|||M|||50|,,,,,Water]Incineroar||SafetyGoggles|Intimidate|KnockOff,FakeOut,Taunt,PartingShot|||F|||50|,,,,,Flying]Archaludon||AssaultVest|Stamina|ElectroShot,DragonPulse,FlashCannon,BodyPress|||M|||50|,,,,,Bug]Sinistcha||SitrusBerry|Hospitality|MatchaGotcha,RagePowder,LifeDew,TrickRoom||||||50|,,,,,Water]Ursaluna||FlameOrb|Guts|HeadlongRush,Facade,Earthquake,Protect|||M|||50|,,,,,Ghost
|showteam|p2|Amoonguss||SitrusBerry|Regenerator|RagePowder,Spore,SludgeBomb,Protect|||M|||50|,,,,,Water]Dragonite||LoadedDice|InnerFocus|ScaleShot,LowKick,Tailwind,Haze|||F|||50|,,,,,Fairy]Excadrill||FocusSash|SandRush|Protect,HighHorsepower,Earthquake,IronHead|||F|||50|,,,,,Ghost]Gholdengo||LifeOrb|GoodasGold|MakeItRain,NastyPlot,Protect,ShadowBall||||||50|,,,,,Dragon]Gyarados||SafetyGoggles|Intimidate|Waterfall,ThunderWave,Taunt,Protect|||M|||50|,,,,,Steel]Tyranitar||AssaultVest|SandStream|RockSlide,KnockOff,LowKick,TeraBlast|||F|||50|,,,,,Flying
|inactive|Battle timer is ON: inactive players will automatically lose when time's up. (requested by timmytheglueeater)
|inactiveoff|Battle timer is now OFF.
|inactive|Battle timer is ON: inactive players will automatically lose when time's up. (requested by timmytheglueeater)
|inactive|ApeEnjoyerr has 60 seconds left.
|inactive|timmytheglueeater has 60 seconds left.
|inactiveoff|Battle timer is now OFF.
|j| ArKaneVGC
|c|☆ApeEnjoyerr|oranguru
|c|☆timmytheglueeater|rillaboom
|c|☆ApeEnjoyerr|passimian
|c|☆timmytheglueeater|annihilape
|c|☆ApeEnjoyerr|darmanitan
|c|☆timmytheglueeater|ambipom
|c|☆ApeEnjoyerr|grookey
|c|☆timmytheglueeater|infernape
|c|☆ApeEnjoyerr|pansage
|
|t:|1757639630
|teamsize|p1|4
|teamsize|p2|4
|start
|switch|p1a: Basculegion|Basculegion, L50, M|100/100
|switch|p1b: Incineroar|Incineroar, L50, F|100/100
|switch|p2a: Dragonite|Dragonite, L50, F|100/100
|switch|p2b: Amoonguss|Amoonguss, L50, M|100/100
|-ability|p1b: Incineroar|Intimidate|boost
|-fail|p2a: Dragonite|unboost|Attack|[from] ability: Inner Focus|[of] p2a: Dragonite
|-unboost|p2b: Amoonguss|atk|1
|turn|1
|
|t:|1757639699
|move|p2a: Dragonite|Scale Shot|p1b: Incineroar
|-damage|p1b: Incineroar|87/100
|-damage|p1b: Incineroar|70/100
|-damage|p1b: Incineroar|55/100
|-damage|p1b: Incineroar|39/100
|-damage|p1b: Incineroar|24/100
|-hitcount|p1b: Incineroar|5
|-unboost|p2a: Dragonite|def|1
|-boost|p2a: Dragonite|spe|1
|move|p1a: Basculegion|Flip Turn|p2a: Dragonite
|-resisted|p2a: Dragonite
|-damage|p2a: Dragonite|60/100
|
|t:|1757639711
|switch|p1a: Sinistcha|Sinistcha, L50|100/100|[from] Flip Turn
|-heal|p1b: Incineroar|49/100|[from] ability: Hospitality|[of] p1a: Sinistcha
|move|p1b: Incineroar|Knock Off|p2a: Dragonite
|-damage|p2a: Dragonite|0 fnt
|-enditem|p2a: Dragonite|Loaded Dice|[from] move: Knock Off|[of] p1b: Incineroar
|faint|p2a: Dragonite
|move|p2b: Amoonguss|Sludge Bomb|p1b: Incineroar
|-damage|p1b: Incineroar|24/100
|
|upkeep
|
|t:|1757639721
|switch|p2a: Tyranitar|Tyranitar, L50, F|100/100
|-weather|Sandstorm|[from] ability: Sand Stream|[of] p2a: Tyranitar
|turn|2
|
|t:|1757639762
|-terastallize|p1a: Sinistcha|Water
|move|p1b: Incineroar|Parting Shot|p2a: Tyranitar
|-unboost|p2a: Tyranitar|atk|1
|-unboost|p2a: Tyranitar|spa|1
|
|t:|1757639767
|switch|p1b: Pelipper|Pelipper, L50, F|100/100|[from] Parting Shot
|-weather|RainDance|[from] ability: Drizzle|[of] p1b: Pelipper
|move|p2a: Tyranitar|Knock Off|p1a: Sinistcha
|-damage|p1a: Sinistcha|67/100
|-enditem|p1a: Sinistcha|Sitrus Berry|[from] move: Knock Off|[of] p2a: Tyranitar
|move|p1a: Sinistcha|Matcha Gotcha|p2b: Amoonguss|[spread] p2a,p2b
|-supereffective|p2a: Tyranitar
|-resisted|p2b: Amoonguss
|-damage|p2a: Tyranitar|69/100
|-heal|p1a: Sinistcha|84/100|[from] drain|[of] p2a: Tyranitar
|-damage|p2b: Amoonguss|95/100
|-heal|p1a: Sinistcha|88/100|[from] drain|[of] p2b: Amoonguss
|move|p2b: Amoonguss|Sludge Bomb|p1b: Pelipper
|-damage|p1b: Pelipper|56/100
|
|-weather|RainDance|[upkeep]
|upkeep
|turn|3
|l| ArKaneVGC
|j| ArKaneVGC
|
|t:|1757639813
|switch|p1b: Incineroar|Incineroar, L50, F|24/100
|-ability|p1b: Incineroar|Intimidate|boost
|-unboost|p2a: Tyranitar|atk|1
|-unboost|p2b: Amoonguss|atk|1
|move|p2b: Amoonguss|Rage Powder|p2b: Amoonguss
|-singleturn|p2b: Amoonguss|move: Rage Powder
|move|p2a: Tyranitar|Rock Slide|p1b: Incineroar|[spread] p1a,p1b
|-supereffective|p1b: Incineroar
|-damage|p1a: Sinistcha|73/100
|-damage|p1b: Incineroar|0 fnt
|faint|p1b: Incineroar
|move|p1a: Sinistcha|Matcha Gotcha|p2b: Amoonguss|[spread] p2a,p2b
|-supereffective|p2a: Tyranitar
|-resisted|p2b: Amoonguss
|-damage|p2a: Tyranitar|41/100
|-heal|p1a: Sinistcha|89/100|[from] drain|[of] p2a: Tyranitar
|-damage|p2b: Amoonguss|90/100
|-heal|p1a: Sinistcha|93/100|[from] drain|[of] p2b: Amoonguss
|
|-weather|RainDance|[upkeep]
|upkeep
|
|t:|1757639827
|switch|p1b: Basculegion|Basculegion, L50, M|100/100
|turn|4
|
|t:|1757639855
|move|p1b: Basculegion|Flip Turn|p2a: Tyranitar
|-supereffective|p2a: Tyranitar
|-damage|p2a: Tyranitar|0 fnt
|faint|p2a: Tyranitar
|
|t:|1757639859
|switch|p1b: Pelipper|Pelipper, L50, F|56/100|[from] Flip Turn
|move|p1a: Sinistcha|Matcha Gotcha|p2b: Amoonguss
|-resisted|p2b: Amoonguss
|-damage|p2b: Amoonguss|83/100
|-heal|p1a: Sinistcha|97/100|[from] drain|[of] p2b: Amoonguss
|move|p2b: Amoonguss|Spore|p1b: Pelipper
|-status|p1b: Pelipper|slp|[from] move: Spore
|
|-weather|RainDance|[upkeep]
|upkeep
|
|t:|1757639872
|switch|p2a: Gholdengo|Gholdengo, L50|100/100
|turn|5
|
|t:|1757639893
|move|p2a: Gholdengo|Nasty Plot|p2a: Gholdengo
|-boost|p2a: Gholdengo|spa|2
|cant|p1b: Pelipper|slp
|move|p1a: Sinistcha|Matcha Gotcha|p2a: Gholdengo|[spread] p2b
|-miss|p1a: Sinistcha|p2a: Gholdengo
|-resisted|p2b: Amoonguss
|-damage|p2b: Amoonguss|77/100
|-heal|p1a: Sinistcha|100/100|[from] drain|[of] p2b: Amoonguss
|move|p2b: Amoonguss|Sludge Bomb|p1b: Pelipper
|-damage|p1b: Pelipper|6/100 slp
|
|-weather|RainDance|[upkeep]
|upkeep
|turn|6
|
|t:|1757639914
|switch|p1b: Basculegion|Basculegion, L50, M|100/100
|-terastallize|p2a: Gholdengo|Dragon
|move|p2a: Gholdengo|Shadow Ball|p1a: Sinistcha
|-damage|p1a: Sinistcha|10/100
|-damage|p2a: Gholdengo|91/100|[from] item: Life Orb
|move|p1a: Sinistcha|Life Dew||[still]|[spread] p1a,p1b
|-heal|p1a: Sinistcha|35/100
|-fail|p1b: Basculegion|heal
|move|p2b: Amoonguss|Sludge Bomb|p1b: Basculegion
|-resisted|p1b: Basculegion
|-damage|p1b: Basculegion|85/100
|-status|p1b: Basculegion|psn
|
|-weather|none
|-damage|p1b: Basculegion|73/100 psn|[from] psn
|upkeep
|turn|7
|
|t:|1757639950
|switch|p1a: Pelipper|Pelipper, L50, F|6/100 slp
|-weather|RainDance|[from] ability: Drizzle|[of] p1a: Pelipper
|move|p2b: Amoonguss|Rage Powder|p2b: Amoonguss
|-singleturn|p2b: Amoonguss|move: Rage Powder
|move|p1b: Basculegion|Last Respects|p2b: Amoonguss
|-damage|p2b: Amoonguss|11/100
|-enditem|p2b: Amoonguss|Sitrus Berry|[eat]
|-heal|p2b: Amoonguss|36/100|[from] item: Sitrus Berry
|move|p2a: Gholdengo|Make It Rain|p1a: Pelipper|[spread] p1a,p1b
|-resisted|p1a: Pelipper
|-resisted|p1b: Basculegion
|-damage|p1a: Pelipper|0 fnt
|-damage|p1b: Basculegion|8/100 psn
|-unboost|p2a: Gholdengo|spa|1
|faint|p1a: Pelipper
|-damage|p2a: Gholdengo|81/100|[from] item: Life Orb
|
|-weather|RainDance|[upkeep]
|-damage|p1b: Basculegion|0 fnt|[from] psn
|faint|p1b: Basculegion
|upkeep
|
|t:|1757639962
|switch|p1b: Sinistcha|Sinistcha, L50, tera:Water|35/100
|turn|8
|
|t:|1757639982
|move|p2a: Gholdengo|Protect|p2a: Gholdengo
|-singleturn|p2a: Gholdengo|Protect
|move|p2b: Amoonguss|Protect|p2b: Amoonguss
|-singleturn|p2b: Amoonguss|Protect
|move|p1b: Sinistcha|Trick Room|p1b: Sinistcha
|-fieldstart|move: Trick Room|[of] p1b: Sinistcha
|
|-weather|RainDance|[upkeep]
|upkeep
|turn|9
|
|t:|1757639991
|move|p2b: Amoonguss|Spore|p1b: Sinistcha
|-status|p1b: Sinistcha|slp|[from] move: Spore
|cant|p1b: Sinistcha|slp
|move|p2a: Gholdengo|Shadow Ball|p1b: Sinistcha
|-damage|p1b: Sinistcha|0 fnt
|faint|p1b: Sinistcha
|-damage|p2a: Gholdengo|71/100|[from] item: Life Orb
|
|win|timmytheglueeater
||timmytheglueeater is ready for game 2.
||ApeEnjoyerr is ready for game 2.
|uhtml|next|Next: Game 2 of 3
|l| ArKaneVGC
|l|☆ApeEnjoyerr
|player|p1|
|j|☆ApeEnjoyerr
|player|p1|ApeEnjoyerr|li|
|l|☆ApeEnjoyerr
|player|p1|
|l|☆timmytheglueeater
|player|p2|
|j|☆ApeEnjoyerr
|player|p1|ApeEnjoyerr|li|
