|j|☆sturmkitten69
|j|☆TradersJoe
|html|sturmkitten69TradersJoe    
|uhtml|bestof|Game 2 of a best-of-3
|t:|1784089159
|gametype|doubles
|player|p1|sturmkitten69|fisherman-gen4|1139
|player|p2|TradersJoe|102|1297
|gen|9
|tier|[Gen 9 Champions] VGC 2026 Reg M-B (Bo3)
|rated|
|rule|Species Clause: Limit one of each Pokémon
|rule|Item Clause: Limit 1 of each item
|clearpoke
|poke|p1|Blastoise, L50, M|
|poke|p1|Farigiraf, L50, F, shiny|
|poke|p1|Basculegion, L50, M|
|poke|p1|Aerodactyl, L50, F|
|poke|p1|Rotom-Heat, L50|
|poke|p1|Garchomp, L50, M|
|poke|p2|Charizard, L50, M|
|poke|p2|Venusaur, L50, F|
|poke|p2|Pelipper, L50, F|
|poke|p2|Basculegion, L50, M|
|poke|p2|Incineroar, L50, F|
|poke|p2|Kingambit, L50, F|
|teampreview|4
|showteam|p1|Blastoise||Blastoisinite|Torrent|AuraSphere,DarkPulse,FakeOut,WaterSpout|Modest||M|||50|]Farigiraf||SitrusBerry|ArmorTail|RainDance,Thunderbolt,HelpingHand,TrickRoom|Bold||F|||50|]Basculegion||FocusSash|Adaptability|LastRespects,WaveCrash,Protect,AquaJet|Adamant||M|||50|]Aerodactyl||Aerodactylite|Unnerve|RockSlide,Protect,Tailwind,DualWingbeat|Jolly||F|||50|]Rotom-Heat||ChoiceScarf|Levitate|Overheat,VoltSwitch,Thunderbolt,WillOWisp|Timid|||||50|]Garchomp||LifeOrb|RoughSkin|RockSlide,Earthquake,DragonClaw,Protect|Jolly||M|||50|
|showteam|p2|Charizard||CharizarditeY|Blaze|Protect,HeatWave,WeatherBall,SolarBeam|Modest||M|||50|]Venusaur||FocusSash|Chlorophyll|Protect,SleepPowder,EarthPower,SludgeBomb|Modest||F|||50|]Pelipper||SitrusBerry|Drizzle|WideGuard,Tailwind,WeatherBall,Hurricane|Modest||F|||50|]Basculegion||ChoiceScarf|Adaptability|WaveCrash,AquaJet,FlipTurn,LastRespects|Jolly||M|||50|]Incineroar||PasshoBerry|Intimidate|FakeOut,PartingShot,HelpingHand,FlareBlitz|Careful||F|||50|]Kingambit||LifeOrb|Defiant|Protect,SwordsDance,SuckerPunch,KowtowCleave|Adamant||F|||50|
|inactive|Battle timer is ON: inactive players will automatically lose when time's up. (requested by TradersJoe)
|inactive|TradersJoe has 60 seconds left.
|
|t:|1784089203
|teamsize|p1|4
|teamsize|p2|4
|start
|switch|p1a: Aerodactyl|Aerodactyl, L50, F|100/100
|switch|p1b: Rotom|Rotom-Heat, L50|100/100
|switch|p2a: Basculegion|Basculegion, L50, M|100/100
|switch|p2b: Incineroar|Incineroar, L50, F|100/100
|-ability|p1a: Aerodactyl|Unnerve
|-ability|p2b: Incineroar|Intimidate|boost
|-unboost|p1a: Aerodactyl|atk|1
|-unboost|p1b: Rotom|atk|1
|turn|1
|
|t:|1784089224
|switch|p1a: Farigiraf|Farigiraf, L50, F, shiny|100/100
|move|p2b: Incineroar|Fake Out||[still]
|cant|p1a: Farigiraf|ability: Armor Tail|Fake Out|[of] p2b: Incineroar
|move|p1b: Rotom|Volt Switch|p2a: Basculegion
|-supereffective|p2a: Basculegion|1
|-damage|p2a: Basculegion|32/100
|
|t:|1784089236
|switch|p1b: Aerodactyl|Aerodactyl, L50, F|100/100|[from] Volt Switch
|-ability|p1b: Aerodactyl|Unnerve
|move|p2a: Basculegion|Flip Turn|p1b: Aerodactyl
|-supereffective|p1b: Aerodactyl|1
|-damage|p1b: Aerodactyl|0 fnt
|faint|p1b: Aerodactyl
|
|t:|1784089239
|switch|p2a: Kingambit|Kingambit, L50, F|100/100|[from] Flip Turn
|
|upkeep
|
|t:|1784089246
|switch|p1b: Rotom|Rotom-Heat, L50|100/100
|turn|2
|
|t:|1784089264
|switch|p1a: Basculegion|Basculegion, L50, M|100/100
|switch|p2b: Pelipper|Pelipper, L50, F|100/100
|-weather|RainDance|[from] ability: Drizzle|[of] p2b: Pelipper
|move|p1b: Rotom|Will-O-Wisp|p2a: Kingambit
|-status|p2a: Kingambit|brn
|move|p2a: Kingambit|Kowtow Cleave|p1a: Basculegion
|-supereffective|p1a: Basculegion|1
|-damage|p1a: Basculegion|22/100
|-damage|p2a: Kingambit|90/100 brn|[from] item: Life Orb
|
|-weather|RainDance|[upkeep]
|-damage|p2a: Kingambit|83/100 brn|[from] brn
|upkeep
|turn|3
|inactive|sturmkitten69 has 30 seconds left.
|inactive|TradersJoe has 30 seconds left.
|inactive|TradersJoe has 20 seconds left.
|inactive|sturmkitten69 has 20 seconds left.
|inactive|TradersJoe has 15 seconds left.
|
|t:|1784089307
|switch|p1b: Farigiraf|Farigiraf, L50, F, shiny|100/100
|move|p1a: Basculegion|Aqua Jet|p2a: Kingambit
|-crit|p2a: Kingambit
|-damage|p2a: Kingambit|28/100 brn
|move|p2b: Pelipper|Weather Ball|p1b: Farigiraf
|-damage|p1b: Farigiraf|53/100
|move|p2a: Kingambit|Kowtow Cleave|p1b: Farigiraf
|-supereffective|p1b: Farigiraf|1
|-damage|p1b: Farigiraf|0 fnt
|faint|p1b: Farigiraf
|-damage|p2a: Kingambit|18/100 brn|[from] item: Life Orb
|
|-weather|RainDance|[upkeep]
|-damage|p2a: Kingambit|12/100 brn|[from] brn
|upkeep
|
|t:|1784089321
|switch|p1b: Rotom|Rotom-Heat, L50|100/100
|turn|4
|inactive|sturmkitten69 has 30 seconds left.
|
|t:|1784089348
|switch|p2a: Incineroar|Incineroar, L50, F|100/100
|-ability|p2a: Incineroar|Intimidate|boost
|-unboost|p1a: Basculegion|atk|1
|-unboost|p1b: Rotom|atk|1
|move|p1a: Basculegion|Aqua Jet|p2a: Incineroar
|-supereffective|p2a: Incineroar|1
|-enditem|p2a: Incineroar|Passho Berry|[eat]
|-enditem|p2a: Incineroar|Passho Berry|[weaken]
|-damage|p2a: Incineroar|76/100
|move|p1b: Rotom|Thunderbolt|p2b: Pelipper
|-supereffective|p2b: Pelipper|2
|-damage|p2b: Pelipper|0 fnt
|faint|p2b: Pelipper
|
|-weather|RainDance|[upkeep]
|upkeep
|
|t:|1784089364
|switch|p2b: Basculegion|Basculegion, L50, M|32/100
|turn|5
|
|t:|1784089385
|move|p2a: Incineroar|Helping Hand|p2b: Basculegion
|-singleturn|p2b: Basculegion|Helping Hand|[of] p2a: Incineroar
|move|p2b: Basculegion|Aqua Jet|p1b: Rotom
|-supereffective|p1b: Rotom|1
|-damage|p1b: Rotom|0 fnt
|faint|p1b: Rotom
|move|p1a: Basculegion|Aqua Jet|p2b: Basculegion
|-resisted|p2b: Basculegion|1
|-damage|p2b: Basculegion|13/100
|
|-weather|RainDance|[upkeep]
|upkeep
|turn|6
|
|t:|1784089397
|move|p2a: Incineroar|Helping Hand|p2b: Basculegion
|-singleturn|p2b: Basculegion|Helping Hand|[of] p2a: Incineroar
|move|p2b: Basculegion|Aqua Jet|p1a: Basculegion
|-resisted|p1a: Basculegion|1
|-damage|p1a: Basculegion|0 fnt
|faint|p1a: Basculegion
|
|win|TradersJoe
||TradersJoe is ready for game 3.
||sturmkitten69 is ready for game 3.
|uhtml|next|Next: Game 3 of 3
|l|☆TradersJoe
|player|p2|
