|j|☆Farei Jr VGC
|j|☆epic17x
|html|Farei Jr VGCepic17x    
|uhtml|bestof|Game 2 of a best-of-3
|t:|1756683594
|gametype|doubles
|player|p1|Farei Jr VGC|hiker-gen7|1454
|player|p2|epic17x|steven|1324
|gen|9
|tier|[Gen 9] VGC 2025 Reg H (Bo3)
|rated|
|rule|Species Clause: Limit one of each Pokémon
|rule|Item Clause: Limit 1 of each item
|clearpoke
|poke|p1|Maushold-Four, L50|
|poke|p1|Annihilape, L50, F|
|poke|p1|Rillaboom, L50, F|
|poke|p1|Klefki, L50, M|
|poke|p1|Volcarona, L50, M|
|poke|p1|Tyranitar, L50, F|
|poke|p2|Ninetales-Alola, L50, F|
|poke|p2|Rillaboom, L50, F|
|poke|p2|Magmar, L50, M|
|poke|p2|Sneasler, L50, M|
|poke|p2|Kingambit, L50, M|
|poke|p2|Basculegion, L50, M|
|teampreview|4
|showteam|p1|Maushold-Four||SafetyGoggles|FriendGuard|Protect,BeatUp,Taunt,FollowMe||||||50|,,,,,Ghost]Annihilape||Leftovers|Defiant|Protect,RageFist,BulkUp,DrainPunch|||F|||50|,,,,,Fire]Rillaboom||MeadowPlate|GrassySurge|FakeOut,WoodHammer,GrassyGlide,Uturn|||F|||50|,,,,,Grass]Klefki||LightClay|Prankster|Reflect,LightScreen,ThunderWave,DazzlingGleam|||M|||50|,,,,,Water]Volcarona||GrassySeed|FlameBody|Protect,GigaDrain,QuiverDance,HeatWave|||M|||50|,,,,,Grass]Tyranitar||AssaultVest|SandStream|TeraBlast,RockSlide,LowKick,KnockOff|||F|||50|,,,,,Flying
|showteam|p2|Ninetales-Alola||NeverMeltIce|SnowWarning|Blizzard,FreezeDry,Encore,Protect|||F|||50|,,,,,Ghost]Rillaboom||AssaultVest|GrassySurge|WoodHammer,FakeOut,Uturn,GrassyGlide|||F|||50|,,,,,Ghost]Magmar||Eviolite|VitalSpirit|Protect,HeatWave,WillOWisp,FollowMe|||M|||50|,,,,,Ghost]Sneasler||FocusSash|PoisonTouch|FakeOut,DireClaw,CloseCombat,Protect|||M|||50|,,,,,Ghost]Kingambit||BlackGlasses|Defiant|KowtowCleave,SwordsDance,SuckerPunch,Protect|||M|||50|,,,,,Fire]Basculegion||ChoiceScarf|Adaptability|WaveCrash,FlipTurn,TeraBlast,LastRespects|||M|||50|,,,,,Fighting
|inactive|Battle timer is ON: inactive players will automatically lose when time's up. (requested by epic17x)
|inactive|Farei Jr VGC also wants the timer to be on.
|
|t:|1756683605
|teamsize|p1|4
|teamsize|p2|4
|start
|switch|p1a: Klefki|Klefki, L50, M|100/100
|switch|p1b: Annihilape|Annihilape, L50, F|100/100
|switch|p2a: Magmar|Magmar, L50, M|100/100
|switch|p2b: Kingambit|Kingambit, L50, M|100/100
|turn|1
|
|t:|1756683615
|-terastallize|p1b: Annihilape|Fire
|move|p1a: Klefki|Light Screen|p1a: Klefki
|-sidestart|p1: Farei Jr VGC|move: Light Screen
|move|p1b: Annihilape|Bulk Up|p1b: Annihilape
|-boost|p1b: Annihilape|atk|1
|-boost|p1b: Annihilape|def|1
|move|p2a: Magmar|Will-O-Wisp|p1b: Annihilape
|-immune|p1b: Annihilape
|move|p2b: Kingambit|Swords Dance|p2b: Kingambit
|-boost|p2b: Kingambit|atk|2
|
|upkeep
|turn|2
|
|t:|1756683627
|move|p2a: Magmar|Follow Me|p2a: Magmar
|-singleturn|p2a: Magmar|move: Follow Me
|move|p1a: Klefki|Reflect|p1a: Klefki
|-sidestart|p1: Farei Jr VGC|Reflect
|move|p1b: Annihilape|Bulk Up|p1b: Annihilape
|-boost|p1b: Annihilape|atk|1
|-boost|p1b: Annihilape|def|1
|move|p2b: Kingambit|Swords Dance|p2b: Kingambit
|-boost|p2b: Kingambit|atk|2
|
|upkeep
|turn|3
|
|t:|1756683635
|move|p2a: Magmar|Follow Me|p2a: Magmar
|-singleturn|p2a: Magmar|move: Follow Me
|move|p1a: Klefki|Thunder Wave|p2a: Magmar
|-status|p2a: Magmar|par
|move|p1b: Annihilape|Bulk Up|p1b: Annihilape
|-boost|p1b: Annihilape|atk|1
|-boost|p1b: Annihilape|def|1
|move|p2b: Kingambit|Kowtow Cleave|p1b: Annihilape
|-damage|p1b: Annihilape|48/100
|
|-heal|p1b: Annihilape|54/100|[from] item: Leftovers
|upkeep
|turn|4
|
|t:|1756683648
|switch|p1a: Rillaboom|Rillaboom, L50, F|100/100
|-fieldstart|move: Grassy Terrain|[from] ability: Grassy Surge|[of] p1a: Rillaboom
|move|p2a: Magmar|Follow Me|p2a: Magmar
|-singleturn|p2a: Magmar|move: Follow Me
|move|p1b: Annihilape|Bulk Up|p1b: Annihilape
|-boost|p1b: Annihilape|atk|1
|-boost|p1b: Annihilape|def|1
|move|p2b: Kingambit|Kowtow Cleave|p1b: Annihilape
|-damage|p1b: Annihilape|11/100
|
|-heal|p1b: Annihilape|17/100|[from] Grassy Terrain
|-heal|p1b: Annihilape|23/100|[from] item: Leftovers
|upkeep
|turn|5
|
|t:|1756683664
|switch|p2a: Sneasler|Sneasler, L50, M|100/100
|move|p2b: Kingambit|Protect|p2b: Kingambit
|-singleturn|p2b: Kingambit|Protect
|move|p1a: Rillaboom|Fake Out|p2b: Kingambit
|-activate|p2b: Kingambit|move: Protect
|move|p1b: Annihilape|Drain Punch|p2a: Sneasler
|-resisted|p2a: Sneasler
|-damage|p2a: Sneasler|19/100
|-heal|p1b: Annihilape|53/100|[from] drain|[of] p2a: Sneasler
|
|-heal|p2a: Sneasler|25/100|[from] Grassy Terrain
|-heal|p1b: Annihilape|60/100|[from] Grassy Terrain
|-heal|p1b: Annihilape|66/100|[from] item: Leftovers
|upkeep
|turn|6
|
|t:|1756683678
|switch|p1a: Klefki|Klefki, L50, M|100/100
|move|p1b: Annihilape|Protect|p1b: Annihilape
|-singleturn|p1b: Annihilape|Protect
|move|p2a: Sneasler|Fake Out|p1b: Annihilape
|-activate|p1b: Annihilape|move: Protect
|move|p2b: Kingambit|Kowtow Cleave|p1a: Klefki
|-resisted|p1a: Klefki
|-damage|p1a: Klefki|45/100
|
|-heal|p2a: Sneasler|31/100|[from] Grassy Terrain
|-heal|p1b: Annihilape|72/100|[from] Grassy Terrain
|-heal|p1b: Annihilape|78/100|[from] item: Leftovers
|-heal|p1a: Klefki|51/100|[from] Grassy Terrain
|upkeep
|turn|7
|inactive|epic17x has 30 seconds left.
|inactive|epic17x has 20 seconds left.
|
|t:|1756683715
|move|p2a: Sneasler|Protect|p2a: Sneasler
|-singleturn|p2a: Sneasler|Protect
|move|p1a: Klefki|Thunder Wave|p2a: Sneasler
|-activate|p2a: Sneasler|move: Protect
|move|p1b: Annihilape|Drain Punch|p2a: Sneasler
|-activate|p2a: Sneasler|move: Protect
|move|p2b: Kingambit|Kowtow Cleave|p1a: Klefki
|-resisted|p1a: Klefki
|-damage|p1a: Klefki|0 fnt
|faint|p1a: Klefki
|
|-heal|p2a: Sneasler|37/100|[from] Grassy Terrain
|-heal|p1b: Annihilape|85/100|[from] Grassy Terrain
|-heal|p1b: Annihilape|91/100|[from] item: Leftovers
|upkeep
|
|t:|1756683720
|switch|p1a: Volcarona|Volcarona, L50, M|100/100
|-enditem|p1a: Volcarona|Grassy Seed
|-boost|p1a: Volcarona|def|1|[from] item: Grassy Seed
|turn|8
|
|t:|1756683740
|switch|p2a: Magmar|Magmar, L50, M|100/100 par
|move|p2b: Kingambit|Protect|p2b: Kingambit
|-singleturn|p2b: Kingambit|Protect
|move|p1b: Annihilape|Drain Punch|p2a: Magmar
|-damage|p2a: Magmar|33/100 par
|-heal|p1b: Annihilape|100/100|[from] drain|[of] p2a: Magmar
|move|p1a: Volcarona|Heat Wave|p2a: Magmar|[spread] p2a
|-activate|p2b: Kingambit|move: Protect
|-resisted|p2a: Magmar
|-damage|p2a: Magmar|20/100 par
|
|-heal|p2a: Magmar|26/100 par|[from] Grassy Terrain
|-sideend|p1: Farei Jr VGC|move: Light Screen
|-fieldend|move: Grassy Terrain
|upkeep
|turn|9
|inactive|Farei Jr VGC has 30 seconds left.
|
|t:|1756683772
|-terastallize|p2b: Kingambit|Fire
|cant|p2a: Magmar|par
|move|p1b: Annihilape|Bulk Up|p1b: Annihilape
|-boost|p1b: Annihilape|atk|1
|-boost|p1b: Annihilape|def|1
|move|p1a: Volcarona|Quiver Dance|p1a: Volcarona
|-boost|p1a: Volcarona|spa|1
|-boost|p1a: Volcarona|spd|1
|-boost|p1a: Volcarona|spe|1
|move|p2b: Kingambit|Kowtow Cleave|p1a: Volcarona
|-damage|p1a: Volcarona|17/100
|
|-sideend|p1: Farei Jr VGC|Reflect
|upkeep
|turn|10
|
|t:|1756683792
|move|p2a: Magmar|Follow Me|p2a: Magmar
|-singleturn|p2a: Magmar|move: Follow Me
|move|p1a: Volcarona|Heat Wave|p2a: Magmar|[spread] p2a
|-miss|p1a: Volcarona|p2b: Kingambit
|-resisted|p2a: Magmar
|-damage|p2a: Magmar|3/100 par
|move|p1b: Annihilape|Rage Fist|p2a: Magmar
|-damage|p2a: Magmar|0 fnt
|faint|p2a: Magmar
|move|p2b: Kingambit|Kowtow Cleave|p1a: Volcarona
|-damage|p1a: Volcarona|0 fnt
|faint|p1a: Volcarona
|
|upkeep
|
|t:|1756683800
|switch|p1a: Rillaboom|Rillaboom, L50, F|100/100
|switch|p2a: Sneasler|Sneasler, L50, M|37/100
|-fieldstart|move: Grassy Terrain|[from] ability: Grassy Surge|[of] p1a: Rillaboom
|turn|11
|
|t:|1756683811
|move|p2a: Sneasler|Fake Out|p1b: Annihilape
|-damage|p1b: Annihilape|96/100
|-status|p1b: Annihilape|psn|[from] ability: Poison Touch|[of] p2a: Sneasler
|move|p1a: Rillaboom|Fake Out|p2b: Kingambit
|-damage|p2b: Kingambit|87/100
|cant|p1b: Annihilape|flinch
|cant|p2b: Kingambit|flinch
|
|-heal|p2a: Sneasler|42/100|[from] Grassy Terrain
|-heal|p1b: Annihilape|100/100 psn|[from] Grassy Terrain
|-heal|p2b: Kingambit|93/100|[from] Grassy Terrain
|-damage|p1b: Annihilape|88/100 psn|[from] psn
|upkeep
|turn|12
|
|t:|1756683827
|move|p2b: Kingambit|Protect|p2b: Kingambit
|-singleturn|p2b: Kingambit|Protect
|move|p1a: Rillaboom|Grassy Glide|p2a: Sneasler
|-resisted|p2a: Sneasler
|-damage|p2a: Sneasler|5/100
|move|p2a: Sneasler|Dire Claw|p1a: Rillaboom
|-supereffective|p1a: Rillaboom
|-damage|p1a: Rillaboom|18/100
|-status|p1a: Rillaboom|psn
|move|p1b: Annihilape|Rage Fist|p2b: Kingambit
|-activate|p2b: Kingambit|move: Protect
|
|-heal|p2a: Sneasler|11/100|[from] Grassy Terrain
|-heal|p1b: Annihilape|94/100 psn|[from] Grassy Terrain
|-heal|p1b: Annihilape|100/100 psn|[from] item: Leftovers
|-heal|p1a: Rillaboom|24/100 psn|[from] Grassy Terrain
|-heal|p2b: Kingambit|99/100|[from] Grassy Terrain
|-damage|p1b: Annihilape|88/100 psn|[from] psn
|-damage|p1a: Rillaboom|12/100 psn|[from] psn
|upkeep
|turn|13
|
|t:|1756683847
|move|p2a: Sneasler|Protect|p2a: Sneasler
|-singleturn|p2a: Sneasler|Protect
|move|p1a: Rillaboom|Grassy Glide|p2a: Sneasler
|-activate|p2a: Sneasler|move: Protect
|move|p2b: Kingambit|Sucker Punch|p1b: Annihilape
|-damage|p1b: Annihilape|46/100 psn
|move|p1b: Annihilape|Rage Fist|p2b: Kingambit
|-damage|p2b: Kingambit|0 fnt
|faint|p2b: Kingambit
|
|-heal|p2a: Sneasler|17/100|[from] Grassy Terrain
|-heal|p1b: Annihilape|52/100 psn|[from] Grassy Terrain
|-heal|p1b: Annihilape|59/100 psn|[from] item: Leftovers
|-heal|p1a: Rillaboom|18/100 psn|[from] Grassy Terrain
|-damage|p1b: Annihilape|46/100 psn|[from] psn
|-damage|p1a: Rillaboom|6/100 psn|[from] psn
|upkeep
|
|t:|1756683864
|switch|p2b: Basculegion|Basculegion, L50, M|100/100
|turn|14
|
|t:|1756683884
|move|p1a: Rillaboom|Grassy Glide|p2a: Sneasler
|-resisted|p2a: Sneasler
|-damage|p2a: Sneasler|0 fnt
|faint|p2a: Sneasler
|move|p2b: Basculegion|Wave Crash|p1b: Annihilape
|-supereffective|p1b: Annihilape
|-damage|p1b: Annihilape|0 fnt
|faint|p1b: Annihilape
|-damage|p2b: Basculegion|85/100|[from] Recoil
|
|-heal|p2b: Basculegion|91/100|[from] Grassy Terrain
|-heal|p1a: Rillaboom|12/100 psn|[from] Grassy Terrain
|-damage|p1a: Rillaboom|0 fnt|[from] psn
|faint|p1a: Rillaboom
|
|win|epic17x
||Farei Jr VGC is ready for game 3.
|inactive|epic17x has 30 seconds to confirm battle start!
||epic17x is ready for game 3.
|uhtml|next|Next: Game 3 of 3
|l|☆Farei Jr VGC
|player|p1|
