|j|☆randomguy1114s
|j|☆predahound
|html|randomguy1114spredahound    
|uhtml|bestof|Game 1 of a best-of-3
|t:|1756274160
|gametype|doubles
|player|p1|randomguy1114s|lillie-masters|1206
|player|p2|predahound|volkner|1122
|gen|9
|tier|[Gen 9] VGC 2025 Reg H (Bo3)
|rated|
|rule|Species Clause: Limit one of each Pokémon
|rule|Item Clause: Limit 1 of each item
|clearpoke
|poke|p1|Arcanine-Hisui, L50, F|
|poke|p1|Dragonite, L50, M|
|poke|p1|Indeedee, L50, M|
|poke|p1|Sneasler, L50, M|
|poke|p1|Amoonguss, L50, M|
|poke|p1|Ninetales-Alola, L50, M|
|poke|p2|Rillaboom, L50, M|
|poke|p2|Pelipper, L50, F|
|poke|p2|Archaludon, L50, F|
|poke|p2|Basculegion, L50, M|
|poke|p2|Incineroar, L50, M|
|poke|p2|Farigiraf, L50, M|
|teampreview|4
|showteam|p1|Arcanine-Hisui||ClearAmulet|Intimidate|RockSlide,FlareBlitz,ExtremeSpeed,Protect|||F|||50|,,,,,Water]Dragonite||LoadedDice|Multiscale|ScaleShot,StompingTantrum,Tailwind,Protect|||M|||50|,,,,,Ground]Indeedee||FocusSash|PsychicSurge|ExpandingForce,TrickRoom,Imprison,HelpingHand|||M|||50|,,,,,Psychic]Sneasler||PsychicSeed|Unburden|CloseCombat,DireClaw,ThroatChop,Protect|||M|||50|,,,,,Dark]Amoonguss||RockyHelmet|Regenerator|RagePowder,PollenPuff,Spore,Protect|||M|||50|,,,,,Water]Ninetales-Alola||ChoiceSpecs|SnowWarning|Blizzard,IcyWind,Moonblast,FreezeDry|||M|||50|,,,,,Ice
|showteam|p2|Rillaboom||MiracleSeed|GrassySurge|FakeOut,GrassyGlide,Uturn,Protect|||M|||50|,,,,,Fire]Pelipper||FocusSash|Drizzle|MuddyWater,Hurricane,Tailwind,Protect|||F|||50|,,,,,Ground]Archaludon||AssaultVest|Stamina|ElectroShot,BodyPress,Snarl,FlashCannon|||F|||50|,,,,,Fairy]Basculegion||ChoiceBand|SwiftSwim|FlipTurn,LastRespects,WaveCrash,IceFang|||M|||50|,,,,,Grass]Incineroar||FigyBerry|Intimidate|FakeOut,KnockOff,PartingShot,WillOWisp|||M|||50|,,,,,Dragon]Farigiraf||SitrusBerry|ArmorTail|PsychicNoise,HyperVoice,TrickRoom,HelpingHand|||M|||50|,,,,,Fairy
|
|t:|1756274216
|teamsize|p1|4
|teamsize|p2|4
|start
|switch|p1a: Dragonite|Dragonite, L50, M|100/100
|switch|p1b: menacetosociety|Sneasler, L50, M, shiny|100/100
|switch|p2a: Incineroar|Incineroar, L50, M|100/100
|switch|p2b: Archaludon|Archaludon, L50, F|100/100
|-ability|p2a: Incineroar|Intimidate|boost
|-unboost|p1a: Dragonite|atk|1
|-unboost|p1b: menacetosociety|atk|1
|turn|1
|
|t:|1756274244
|switch|p1a: Indeedee|Indeedee, L50, M, shiny|100/100
|-fieldstart|move: Psychic Terrain|[from] ability: Psychic Surge|[of] p1a: Indeedee
|-enditem|p1b: menacetosociety|Psychic Seed
|-boost|p1b: menacetosociety|spd|1|[from] item: Psychic Seed
|switch|p2b: Rillaboom|Rillaboom, L50, M|100/100
|-fieldstart|move: Grassy Terrain|[from] ability: Grassy Surge|[of] p2b: Rillaboom
|move|p2a: Incineroar|Fake Out|p1b: menacetosociety
|-damage|p1b: menacetosociety|84/100
|cant|p1b: menacetosociety|flinch
|
|-heal|p1b: menacetosociety|90/100|[from] Grassy Terrain
|upkeep
|turn|2
|
|t:|1756274270
|switch|p1a: chillingly cruel|Ninetales-Alola, L50, M|100/100
|-weather|Snowscape|[from] ability: Snow Warning|[of] p1a: chillingly cruel
|move|p1b: menacetosociety|Protect|p1b: menacetosociety
|-singleturn|p1b: menacetosociety|Protect
|move|p2b: Rillaboom|Fake Out|p1b: menacetosociety
|-activate|p1b: menacetosociety|move: Protect
|move|p2a: Incineroar|Will-O-Wisp|p1b: menacetosociety
|-activate|p1b: menacetosociety|move: Protect
|
|-weather|Snowscape|[upkeep]
|-heal|p1b: menacetosociety|96/100|[from] Grassy Terrain
|upkeep
|turn|3
|
|t:|1756274283
|switch|p2b: Pelipper|Pelipper, L50, F|100/100
|-weather|RainDance|[from] ability: Drizzle|[of] p2b: Pelipper
|move|p1b: menacetosociety|Close Combat|p2a: Incineroar
|-supereffective|p2a: Incineroar
|-damage|p2a: Incineroar|13/100
|-unboost|p1b: menacetosociety|def|1
|-unboost|p1b: menacetosociety|spd|1
|-enditem|p2a: Incineroar|Figy Berry|[eat]
|-heal|p2a: Incineroar|46/100|[from] item: Figy Berry
|move|p1a: chillingly cruel|Blizzard|p2a: Incineroar|[spread] p2a,p2b
|-resisted|p2a: Incineroar
|-damage|p2a: Incineroar|29/100
|-damage|p2b: Pelipper|21/100
|move|p2a: Incineroar|Will-O-Wisp|p1b: menacetosociety
|-status|p1b: menacetosociety|brn
|
|-weather|RainDance|[upkeep]
|-heal|p1b: menacetosociety|100/100 brn|[from] Grassy Terrain
|-heal|p2a: Incineroar|35/100|[from] Grassy Terrain
|-damage|p1b: menacetosociety|94/100 brn|[from] brn
|upkeep
|turn|4
|
|t:|1756274313
|switch|p1a: Indeedee|Indeedee, L50, M, shiny|100/100
|-fieldstart|move: Psychic Terrain|[from] ability: Psychic Surge|[of] p1a: Indeedee
|switch|p2b: Rillaboom|Rillaboom, L50, M|100/100
|-fieldstart|move: Grassy Terrain|[from] ability: Grassy Surge|[of] p2b: Rillaboom
|switch|p2a: Archaludon|Archaludon, L50, F|100/100
|move|p1b: menacetosociety|Dire Claw|p2b: Rillaboom
|-supereffective|p2b: Rillaboom
|-damage|p2b: Rillaboom|72/100
|
|-weather|RainDance|[upkeep]
|-heal|p1b: menacetosociety|100/100 brn|[from] Grassy Terrain
|-heal|p2b: Rillaboom|78/100|[from] Grassy Terrain
|-damage|p1b: menacetosociety|94/100 brn|[from] brn
|upkeep
|turn|5
|
|t:|1756274342
|switch|p1a: chillingly cruel|Ninetales-Alola, L50, M|100/100
|-weather|Snowscape|[from] ability: Snow Warning|[of] p1a: chillingly cruel
|move|p1b: menacetosociety|Dire Claw|p2b: Rillaboom
|-supereffective|p2b: Rillaboom
|-damage|p2b: Rillaboom|50/100
|move|p2a: Archaludon|Electro Shot||[still]
|-prepare|p2a: Archaludon|Electro Shot
|-boost|p2a: Archaludon|spa|1
|move|p2b: Rillaboom|U-turn|p1a: chillingly cruel
|-resisted|p1a: chillingly cruel
|-damage|p1a: chillingly cruel|88/100
|
|t:|1756274355
|switch|p2b: Pelipper|Pelipper, L50, F|21/100|[from] U-turn
|-weather|RainDance|[from] ability: Drizzle|[of] p2b: Pelipper
|
|-weather|RainDance|[upkeep]
|-heal|p1b: menacetosociety|100/100 brn|[from] Grassy Terrain
|-heal|p1a: chillingly cruel|94/100|[from] Grassy Terrain
|-damage|p1b: menacetosociety|94/100 brn|[from] brn
|upkeep
|turn|6
|
|t:|1756274384
|switch|p1a: Indeedee|Indeedee, L50, M, shiny|100/100
|-fieldstart|move: Psychic Terrain|[from] ability: Psychic Surge|[of] p1a: Indeedee
|switch|p2b: Incineroar|Incineroar, L50, M|35/100
|-ability|p2b: Incineroar|Intimidate|boost
|-unboost|p1a: Indeedee|atk|1
|-unboost|p1b: menacetosociety|atk|1
|move|p1b: menacetosociety|Protect|p1b: menacetosociety
|-singleturn|p1b: menacetosociety|Protect
|move|p2a: Archaludon|Electro Shot|p1b: menacetosociety|[from] lockedmove
|-activate|p1b: menacetosociety|move: Protect
|
|-weather|RainDance|[upkeep]
|-damage|p1b: menacetosociety|88/100 brn|[from] brn
|upkeep
|turn|7
|
|t:|1756274410
|move|p1b: menacetosociety|Close Combat|p2a: Archaludon
|-supereffective|p2a: Archaludon
|-damage|p2a: Archaludon|77/100
|-unboost|p1b: menacetosociety|def|1
|-unboost|p1b: menacetosociety|spd|1
|-ability|p2a: Archaludon|Stamina|boost
|-boost|p2a: Archaludon|def|1
|move|p1a: Indeedee|Expanding Force|p2b: Incineroar|[spread] p2a
|-immune|p2b: Incineroar
|-resisted|p2a: Archaludon
|-damage|p2a: Archaludon|55/100
|-ability|p2a: Archaludon|Stamina|boost
|-boost|p2a: Archaludon|def|1
|move|p2a: Archaludon|Snarl|p1a: Indeedee|[spread] p1a,p1b
|-supereffective|p1a: Indeedee
|-resisted|p1b: menacetosociety
|-damage|p1a: Indeedee|45/100
|-damage|p1b: menacetosociety|68/100 brn
|-unboost|p1a: Indeedee|spa|1
|-unboost|p1b: menacetosociety|spa|1
|move|p2b: Incineroar|Parting Shot|p1a: Indeedee
|-unboost|p1a: Indeedee|atk|1
|-unboost|p1a: Indeedee|spa|1
|
|t:|1756274428
|switch|p2b: Rillaboom|Rillaboom, L50, M|50/100|[from] Parting Shot
|-fieldstart|move: Grassy Terrain|[from] ability: Grassy Surge|[of] p2b: Rillaboom
|
|-weather|RainDance|[upkeep]
|-heal|p1b: menacetosociety|75/100 brn|[from] Grassy Terrain
|-heal|p1a: Indeedee|50/100|[from] Grassy Terrain
|-heal|p2a: Archaludon|61/100|[from] Grassy Terrain
|-heal|p2b: Rillaboom|55/100|[from] Grassy Terrain
|-damage|p1b: menacetosociety|68/100 brn|[from] brn
|upkeep
|turn|8
|
|t:|1756274451
|switch|p1a: chillingly cruel|Ninetales-Alola, L50, M|94/100
|-weather|Snowscape|[from] ability: Snow Warning|[of] p1a: chillingly cruel
|switch|p2b: Incineroar|Incineroar, L50, M|35/100
|-ability|p2b: Incineroar|Intimidate|boost
|-unboost|p1a: chillingly cruel|atk|1
|-unboost|p1b: menacetosociety|atk|1
|move|p1b: menacetosociety|Close Combat|p2a: Archaludon
|-supereffective|p2a: Archaludon
|-damage|p2a: Archaludon|51/100
|-unboost|p1b: menacetosociety|def|1
|-unboost|p1b: menacetosociety|spd|1
|-ability|p2a: Archaludon|Stamina|boost
|-boost|p2a: Archaludon|def|1
|move|p2a: Archaludon|Electro Shot||[still]
|-prepare|p2a: Archaludon|Electro Shot
|-boost|p2a: Archaludon|spa|1
|
|-weather|Snowscape|[upkeep]
|-heal|p1b: menacetosociety|75/100 brn|[from] Grassy Terrain
|-heal|p1a: chillingly cruel|100/100|[from] Grassy Terrain
|-heal|p2a: Archaludon|57/100|[from] Grassy Terrain
|-heal|p2b: Incineroar|41/100|[from] Grassy Terrain
|-damage|p1b: menacetosociety|68/100 brn|[from] brn
|upkeep
|turn|9
|
|t:|1756274476
|switch|p1b: Indeedee|Indeedee, L50, M, shiny|50/100
|-fieldstart|move: Psychic Terrain|[from] ability: Psychic Surge|[of] p1b: Indeedee
|-terastallize|p1a: chillingly cruel|Ice
|move|p1a: chillingly cruel|Blizzard|p2b: Incineroar|[spread] p2a,p2b
|-resisted|p2b: Incineroar
|-damage|p2a: Archaludon|6/100
|-damage|p2b: Incineroar|18/100
|-status|p2b: Incineroar|frz
|-ability|p2a: Archaludon|Stamina|boost
|-boost|p2a: Archaludon|def|1
|move|p2a: Archaludon|Electro Shot|p1b: Indeedee|[from] lockedmove
|-damage|p1b: Indeedee|0 fnt
|faint|p1b: Indeedee
|cant|p2b: Incineroar|frz
|
|-weather|Snowscape|[upkeep]
|upkeep
|
|t:|1756274486
|switch|p1b: Dragonite|Dragonite, L50, M|100/100
|turn|10
|-message|predahound forfeited.
|
|win|randomguy1114s
|l|☆predahound
|player|p2|
||predahound is ready for game 2.
