|j|☆worldenddominat0r
|j|☆LekyS3
|html|worldenddominat0rLekyS3    
|uhtml|bestof|Game 2 of a best-of-3
|t:|1782607909
|gametype|doubles
|player|p1|worldenddominat0r|maid-gen6|1184
|player|p2|LekyS3|1|1259
|gen|9
|tier|[Gen 9 Champions] VGC 2026 Reg M-B (Bo3)
|rated|
|rule|Species Clause: Limit one of each Pokémon
|rule|Item Clause: Limit 1 of each item
|clearpoke
|poke|p1|Staraptor, L50, M|
|poke|p1|Maushold-Four, L50|
|poke|p1|Ninetales-Alola, L50, F|
|poke|p1|Delphox, L50, F|
|poke|p1|Basculegion, L50, M|
|poke|p1|Kingambit, L50, M|
|poke|p2|Sceptile, L50, F|
|poke|p2|Milotic, L50, F|
|poke|p2|Alcremie, L50, F|
|poke|p2|Rotom-Heat, L50|
|poke|p2|Sableye, L50, M|
|poke|p2|Beedrill, L50, F|
|teampreview|4
|showteam|p1|Staraptor||Staraptite|Intimidate|CloseCombat,BraveBird,Protect,Tailwind|Adamant||M|||50|]Maushold-Four||FocusSash|FriendGuard|SuperFang,Protect,FollowMe,Encore|Jolly|||||50|]Ninetales-Alola||NeverMeltIce|SnowWarning|Blizzard,FreezeDry,IcyWind,Protect|Timid||F|||50|]Delphox||Delphoxite|Blaze|HeatWave,Psyshock,Protect,Substitute|Timid||F|||50|]Basculegion||ChoiceScarf|Adaptability|WaveCrash,LastRespects,FlipTurn,AquaJet|Jolly||M|||50|]Kingambit||BlackGlasses|Defiant|KowtowCleave,SuckerPunch,IronHead,Protect|Adamant||M|||50|
|showteam|p2|Sceptile||Sceptilite|Overgrow|DragonPulse,GigaDrain,Protect,Substitute|Timid||F|||50|]Milotic||Leftovers|Competitive|Hypnosis,Coil,MuddyWater,Recover|Calm||F|||50|]Alcremie||FocusSash|AromaVeil|Decorate,AlluringVoice,Protect,Charm|Timid||F|||50|]Rotom-Heat||ChoiceScarf|Levitate|Discharge,Overheat,VoltSwitch,WillOWisp|Modest|||||50|]Sableye||Sablenite|Prankster|SkillSwap,FakeOut,Encore,Disable|Impish||M|||50|]Beedrill||Beedrillite|Sniper|Uturn,PoisonJab,DualWingbeat,DrillRun|Jolly||F|||50|
|inactive|Battle timer is ON: inactive players will automatically lose when time's up. (requested by worldenddominat0r)
|inactive|LekyS3 has 60 seconds left.
|
|t:|1782607961
|teamsize|p1|4
|teamsize|p2|4
|start
|switch|p1a: Basculegion|Basculegion, L50, M|100/100
|switch|p1b: Maushold|Maushold-Four, L50|100/100
|switch|p2a: Sceptile|Sceptile, L50, F|100/100
|switch|p2b: Sableye|Sableye, L50, M|100/100
|turn|1
|inactive|worldenddominat0r has 30 seconds left.
|inactive|worldenddominat0r has 20 seconds left.
|inactive|worldenddominat0r has 15 seconds left.
|inactive|worldenddominat0r has 10 seconds left.
|inactive|worldenddominat0r has 5 seconds left.
|
|t:|1782608016
|detailschange|p2a: Sceptile|Sceptile-Mega, L50, F
|-mega|p2a: Sceptile|Sceptile|Sceptilite
|move|p2b: Sableye|Fake Out|p1b: Maushold
|-damage|p1b: Maushold|90/100
|move|p2a: Sceptile|Giga Drain|p1a: Basculegion
|-supereffective|p1a: Basculegion|1
|-damage|p1a: Basculegion|30/100
|move|p1a: Basculegion|Wave Crash|p2a: Sceptile
|-resisted|p2a: Sceptile|2
|-damage|p2a: Sceptile|70/100
|-damage|p1a: Basculegion|22/100|[from] Recoil
|cant|p1b: Maushold|flinch
|
|upkeep
|turn|2
|
|t:|1782608039
|switch|p1a: Ninetales|Ninetales-Alola, L50, F|100/100
|-weather|Snowscape|[from] ability: Snow Warning|[of] p1a: Ninetales
|move|p2b: Sableye|Disable||[still]
|-fail|p2b: Sableye
|move|p2a: Sceptile|Giga Drain|p1b: Maushold
|-damage|p1b: Maushold|35/100
|-heal|p2a: Sceptile|100/100|[from] drain|[of] p1b: Maushold
|move|p1b: Maushold|Encore|p2b: Sableye
|-start|p2b: Sableye|Encore
|
|-weather|Snowscape|[upkeep]
|upkeep
|turn|3
|
|t:|1782608057
|switch|p2b: Milotic|Milotic, L50, F|100/100
|move|p2a: Sceptile|Protect|p2a: Sceptile
|-singleturn|p2a: Sceptile|Protect
|move|p1b: Maushold|Super Fang|p2a: Sceptile
|-activate|p2a: Sceptile|move: Protect
|move|p1a: Ninetales|Blizzard|p2b: Milotic|[spread] p2b
|-activate|p2a: Sceptile|move: Protect
|-resisted|p2b: Milotic|1
|-damage|p2b: Milotic|89/100
|
|-weather|Snowscape|[upkeep]
|-heal|p2b: Milotic|95/100|[from] item: Leftovers
|upkeep
|turn|4
|
|t:|1782608080
|switch|p2a: Sableye|Sableye, L50, M|100/100
|move|p1b: Maushold|Super Fang|p2b: Milotic
|-damage|p2b: Milotic|48/100
|move|p1a: Ninetales|Freeze-Dry|p2b: Milotic
|-supereffective|p2b: Milotic|1
|-damage|p2b: Milotic|12/100
|move|p2b: Milotic|Coil|p2b: Milotic
|-boost|p2b: Milotic|atk|1
|-boost|p2b: Milotic|def|1
|-boost|p2b: Milotic|accuracy|1
|
|-weather|Snowscape|[upkeep]
|-heal|p2b: Milotic|18/100|[from] item: Leftovers
|upkeep
|turn|5
|inactive|worldenddominat0r has 30 seconds left.
|inactive|LekyS3 has 30 seconds left.
|
|t:|1782608119
|move|p2a: Sableye|Disable|p1a: Ninetales
|-start|p1a: Ninetales|Disable|Freeze-Dry
|move|p1b: Maushold|Encore|p2b: Milotic
|-start|p2b: Milotic|Encore
|cant|p1a: Ninetales|Disable|Freeze-Dry
|move|p2b: Milotic|Coil|p2b: Milotic
|-boost|p2b: Milotic|atk|1
|-boost|p2b: Milotic|def|1
|-boost|p2b: Milotic|accuracy|1
|
|-weather|Snowscape|[upkeep]
|-heal|p2b: Milotic|24/100|[from] item: Leftovers
|upkeep
|turn|6
|
|t:|1782608137
|switch|p1b: Staraptor|Staraptor, L50, M|100/100
|-ability|p1b: Staraptor|Intimidate|boost
|-unboost|p2a: Sableye|atk|1
|-unboost|p2b: Milotic|atk|1
|-ability|p2b: Milotic|Competitive|boost
|-boost|p2b: Milotic|spa|2
|move|p2a: Sableye|Encore|p1a: Ninetales
|-start|p1a: Ninetales|Encore
|cant|p1a: Ninetales|Disable|Freeze-Dry
|move|p2b: Milotic|Coil|p2b: Milotic
|-boost|p2b: Milotic|atk|1
|-boost|p2b: Milotic|def|1
|-boost|p2b: Milotic|accuracy|1
|
|-weather|none
|-heal|p2b: Milotic|30/100|[from] item: Leftovers
|upkeep
|turn|7
|
|t:|1782608156
|switch|p1a: Basculegion|Basculegion, L50, M|22/100
|detailschange|p1b: Staraptor|Staraptor-Mega, L50, M
|-mega|p1b: Staraptor|Staraptor|Staraptite
|move|p2a: Sableye|Skill Swap|p1b: Staraptor
|-activate|p2a: Sableye|Skill Swap|Contrary|Prankster|[of] p1b: Staraptor
|move|p1b: Staraptor|Close Combat|p2b: Milotic
|-damage|p2b: Milotic|3/100
|-unboost|p1b: Staraptor|def|1
|-unboost|p1b: Staraptor|spd|1
|move|p2b: Milotic|Coil|p2b: Milotic
|-boost|p2b: Milotic|atk|1
|-boost|p2b: Milotic|def|1
|-boost|p2b: Milotic|accuracy|1
|
|-heal|p2b: Milotic|9/100|[from] item: Leftovers
|-end|p2b: Milotic|Encore
|upkeep
|turn|8
|
|t:|1782608180
|move|p1a: Basculegion|Flip Turn|p2a: Sableye
|-crit|p2a: Sableye
|-damage|p2a: Sableye|31/100
|
|t:|1782608183
|switch|p1a: Ninetales|Ninetales-Alola, L50, F|100/100|[from] Flip Turn
|-weather|Snowscape|[from] ability: Snow Warning|[of] p1a: Ninetales
|move|p1b: Staraptor|Close Combat|p2b: Milotic
|-damage|p2b: Milotic|0 fnt
|-unboost|p1b: Staraptor|def|1
|-unboost|p1b: Staraptor|spd|1
|faint|p2b: Milotic
|move|p2a: Sableye|Skill Swap|p2: Milotic|[notarget]
|-fail|p2a: Sableye
|
|-weather|Snowscape|[upkeep]
|upkeep
|
|t:|1782608197
|switch|p2b: Rotom|Rotom-Heat, L50|100/100
|turn|9
|inactive|worldenddominat0r has 30 seconds left.
|inactive|worldenddominat0r has 20 seconds left.
|inactive|worldenddominat0r has 15 seconds left.
|
|t:|1782608237
|switch|p1a: Basculegion|Basculegion, L50, M|22/100
|switch|p1b: Maushold|Maushold-Four, L50|35/100
|switch|p2a: Sceptile|Sceptile-Mega, L50, F|100/100
|move|p2b: Rotom|Overheat|p1a: Basculegion
|-resisted|p1a: Basculegion|1
|-damage|p1a: Basculegion|0 fnt
|-unboost|p2b: Rotom|spa|2
|faint|p1a: Basculegion
|
|-weather|Snowscape|[upkeep]
|upkeep
|
|t:|1782608247
|switch|p1a: Ninetales|Ninetales-Alola, L50, F|100/100
|turn|10
|
|t:|1782608262
|switch|p2b: Sableye|Sableye, L50, M|31/100
|move|p2a: Sceptile|Protect|p2a: Sceptile
|-singleturn|p2a: Sceptile|Protect
|move|p1b: Maushold|Super Fang|p2b: Sableye
|-immune|p2b: Sableye
|move|p1a: Ninetales|Blizzard|p2b: Sableye|[spread] p2b
|-activate|p2a: Sceptile|move: Protect
|-damage|p2b: Sableye|0 fnt
|faint|p2b: Sableye
|
|-weather|Snowscape|[upkeep]
|upkeep
|
|t:|1782608265
|switch|p2b: Rotom|Rotom-Heat, L50|100/100
|turn|11
|
|t:|1782608277
|move|p1b: Maushold|Follow Me|p1b: Maushold
|-singleturn|p1b: Maushold|move: Follow Me
|move|p2a: Sceptile|Dragon Pulse|p1b: Maushold
|-damage|p1b: Maushold|0 fnt
|faint|p1b: Maushold
|move|p2b: Rotom|Overheat|p1a: Ninetales
|-supereffective|p1a: Ninetales|1
|-damage|p1a: Ninetales|0 fnt
|-unboost|p2b: Rotom|spa|2
|faint|p1a: Ninetales
|
|-weather|Snowscape|[upkeep]
|upkeep
|
|t:|1782608283
|switch|p1a: Staraptor|Staraptor-Mega, L50, M|100/100
|turn|12
|
|t:|1782608306
|move|p2a: Sceptile|Substitute|p2a: Sceptile
|-start|p2a: Sceptile|Substitute
|-damage|p2a: Sceptile|75/100
|move|p2b: Rotom|Overheat|p1a: Staraptor
|-damage|p1a: Staraptor|66/100
|-unboost|p2b: Rotom|spa|2
|move|p1a: Staraptor|Close Combat|p2b: Rotom
|-damage|p2b: Rotom|5/100
|-boost|p1a: Staraptor|def|1
|-boost|p1a: Staraptor|spd|1
|
|-weather|none
|upkeep
|turn|13
|
|t:|1782608319
|move|p2a: Sceptile|Dragon Pulse|p1a: Staraptor
|-damage|p1a: Staraptor|34/100
|move|p2b: Rotom|Overheat|p1a: Staraptor
|-damage|p1a: Staraptor|18/100
|-unboost|p2b: Rotom|spa|2
|move|p1a: Staraptor|Close Combat|p2b: Rotom
|-damage|p2b: Rotom|0 fnt
|-boost|p1a: Staraptor|def|1
|-boost|p1a: Staraptor|spd|1
|faint|p2b: Rotom
|
|upkeep
|turn|14
|
|t:|1782608329
|move|p2a: Sceptile|Dragon Pulse|p1a: Staraptor
|-damage|p1a: Staraptor|0 fnt
|faint|p1a: Staraptor
|
|win|LekyS3
|raw|worldenddominat0r's rating: 1184 → 1164(-20 for losing)
|raw|LekyS3's rating: 1259 → 1279(+20 for winning)
|c|☆worldenddominat0r|GG
