|j|☆sorrysoda
|j|☆satoshi000
|html|sorrysodasatoshi000    
|uhtml|bestof|Game 2 of a best-of-3
|t:|1756787245
|gametype|doubles
|player|p1|sorrysoda|266|1194
|player|p2|satoshi000|265|1067
|gen|9
|tier|[Gen 9] VGC 2025 Reg H (Bo3)
|rated|
|rule|Species Clause: Limit one of each Pokémon
|rule|Item Clause: Limit 1 of each item
|clearpoke
|poke|p1|Gholdengo, L50|
|poke|p1|Sneasler, L50, M|
|poke|p1|Rillaboom, L50, M|
|poke|p1|Dragonite, L50, F|
|poke|p1|Ninetales-Alola, L50, F|
|poke|p1|Arcanine-Hisui, L50, M|
|poke|p2|Archaludon, L50, M|
|poke|p2|Grimmsnarl, L50, M|
|poke|p2|Basculegion, L50, M|
|poke|p2|Annihilape, L50, F|
|poke|p2|Pelipper, L50, M|
|poke|p2|Maushold, L50|
|teampreview|4
|showteam|p1|Gholdengo||GrassySeed|GoodasGold|NastyPlot,MakeItRain,ShadowBall,Protect||||||50|,,,,,Water]Sneasler||WhiteHerb|Unburden|CloseCombat,DireClaw,Coaching,Protect|||M|||50|,,,,,Ghost]Rillaboom||AssaultVest|GrassySurge|FakeOut,GrassyGlide,DrumBeating,HighHorsepower|||M|||50|,,,,,Fire]Dragonite||LoadedDice|Multiscale|ScaleShot,StompingTantrum,Tailwind,Protect|||F|||50|,,,,,Ground]Ninetales-Alola||FocusSash|SnowWarning|Blizzard,IcyWind,Hypnosis,AuroraVeil|||F|||50|,,,,,Ghost]Arcanine-Hisui||ChoiceScarf|Intimidate|RockSlide,FlareBlitz,WillOWisp,RockTomb|||M|||50|,,,,,Water
|showteam|p2|Archaludon||AssaultVest|Stamina|ElectroShot,DragonPulse,Snarl,BodyPress|||M|||50|,,,,,Grass]Grimmsnarl||LightClay|Prankster|SpiritBreak,LightScreen,Reflect,MistyTerrain|||M|||50|,,,,,Ghost]Basculegion||ChoiceScarf|Adaptability|WaveCrash,AquaJet,LastRespects,FlipTurn|||M|||50|,,,,,Water]Annihilape||SitrusBerry|Defiant|DrainPunch,RageFist,BulkUp,Protect|||F|||50|,,,,,Water]Pelipper||FocusSash|Drizzle|Hurricane,WeatherBall,Tailwind,Protect|||M|||50|,,,,,Stellar]Maushold||SafetyGoggles|FriendGuard|BeatUp,Taunt,FollowMe,Protect||||||50|,,,,,Fairy
|
|t:|1756787281
|teamsize|p1|4
|teamsize|p2|4
|start
|switch|p1a: Rillaboom|Rillaboom, L50, M|100/100
|switch|p1b: Gholdengo|Gholdengo, L50|100/100
|switch|p2a: Annihilape|Annihilape, L50, F, shiny|100/100
|switch|p2b: Grimmsnarl|Grimmsnarl, L50, M, shiny|100/100
|-fieldstart|move: Grassy Terrain|[from] ability: Grassy Surge|[of] p1a: Rillaboom
|-enditem|p1b: Gholdengo|Grassy Seed
|-boost|p1b: Gholdengo|def|1|[from] item: Grassy Seed
|turn|1
|
|t:|1756787300
|switch|p2b: Archaludon|Archaludon, L50, M, shiny|100/100
|-terastallize|p1b: Gholdengo|Water
|move|p1a: Rillaboom|Fake Out|p2b: Archaludon
|-resisted|p2b: Archaludon
|-damage|p2b: Archaludon|96/100
|-ability|p2b: Archaludon|Stamina|boost
|-boost|p2b: Archaludon|def|1
|move|p2a: Annihilape|Bulk Up|p2a: Annihilape
|-boost|p2a: Annihilape|atk|1
|-boost|p2a: Annihilape|def|1
|move|p1b: Gholdengo|Nasty Plot|p1b: Gholdengo
|-boost|p1b: Gholdengo|spa|2
|
|-heal|p2b: Archaludon|100/100|[from] Grassy Terrain
|upkeep
|turn|2
|
|t:|1756787339
|move|p2a: Annihilape|Protect|p2a: Annihilape
|-singleturn|p2a: Annihilape|Protect
|move|p1a: Rillaboom|Drum Beating|p2b: Archaludon
|-resisted|p2b: Archaludon
|-damage|p2b: Archaludon|94/100
|-unboost|p2b: Archaludon|spe|1
|-ability|p2b: Archaludon|Stamina|boost
|-boost|p2b: Archaludon|def|1
|move|p1b: Gholdengo|Shadow Ball|p2b: Archaludon
|-damage|p2b: Archaludon|41/100
|-ability|p2b: Archaludon|Stamina|boost
|-boost|p2b: Archaludon|def|1
|move|p2b: Archaludon|Body Press|p1b: Gholdengo
|-damage|p1b: Gholdengo|62/100
|
|-heal|p1b: Gholdengo|68/100|[from] Grassy Terrain
|-heal|p2b: Archaludon|47/100|[from] Grassy Terrain
|upkeep
|turn|3
|
|t:|1756787397
|switch|p2b: Grimmsnarl|Grimmsnarl, L50, M, shiny|100/100
|move|p1b: Gholdengo|Protect|p1b: Gholdengo
|-singleturn|p1b: Gholdengo|Protect
|move|p2a: Annihilape|Bulk Up|p2a: Annihilape
|-boost|p2a: Annihilape|atk|1
|-boost|p2a: Annihilape|def|1
|move|p1a: Rillaboom|Drum Beating|p2a: Annihilape
|-damage|p2a: Annihilape|74/100
|-unboost|p2a: Annihilape|spe|1
|-ability|p2a: Annihilape|Defiant|boost
|-boost|p2a: Annihilape|atk|2
|
|-heal|p1b: Gholdengo|74/100|[from] Grassy Terrain
|-heal|p2a: Annihilape|80/100|[from] Grassy Terrain
|upkeep
|turn|4
|
|t:|1756787433
|-terastallize|p2a: Annihilape|Water
|move|p2b: Grimmsnarl|Light Screen|p2b: Grimmsnarl
|-sidestart|p2: satoshi000|move: Light Screen
|move|p1a: Rillaboom|Drum Beating|p2a: Annihilape
|-supereffective|p2a: Annihilape
|-damage|p2a: Annihilape|27/100
|-unboost|p2a: Annihilape|spe|1
|-ability|p2a: Annihilape|Defiant|boost
|-boost|p2a: Annihilape|atk|2
|-enditem|p2a: Annihilape|Sitrus Berry|[eat]
|-heal|p2a: Annihilape|51/100|[from] item: Sitrus Berry
|move|p1b: Gholdengo|Make It Rain|p2b: Grimmsnarl|[spread] p2a,p2b
|-resisted|p2a: Annihilape
|-supereffective|p2b: Grimmsnarl
|-damage|p2a: Annihilape|25/100
|-damage|p2b: Grimmsnarl|0 fnt
|-unboost|p1b: Gholdengo|spa|1
|faint|p2b: Grimmsnarl
|move|p2a: Annihilape|Drain Punch|p1b: Gholdengo
|-damage|p1b: Gholdengo|0 fnt
|-heal|p2a: Annihilape|59/100|[from] drain|[of] p1b: Gholdengo
|faint|p1b: Gholdengo
|
|-heal|p2a: Annihilape|65/100|[from] Grassy Terrain
|upkeep
|
|t:|1756787461
|switch|p1b: Arcanine|Arcanine-Hisui, L50, M|100/100
|switch|p2b: Archaludon|Archaludon, L50, M, shiny|47/100
|-ability|p1b: Arcanine|Intimidate|boost
|-unboost|p2a: Annihilape|atk|1
|-ability|p2a: Annihilape|Defiant|boost
|-boost|p2a: Annihilape|atk|1
|-unboost|p2b: Archaludon|atk|1
|turn|5
|
|t:|1756787490
|move|p2a: Annihilape|Protect|p2a: Annihilape
|-singleturn|p2a: Annihilape|Protect
|move|p1b: Arcanine|Flare Blitz|p2b: Archaludon
|-damage|p2b: Archaludon|4/100
|-ability|p2b: Archaludon|Stamina|boost
|-boost|p2b: Archaludon|def|1
|-damage|p1b: Arcanine|85/100|[from] Recoil
|move|p1a: Rillaboom|Drum Beating|p2b: Archaludon
|-resisted|p2b: Archaludon
|-damage|p2b: Archaludon|0 fnt
|faint|p2b: Archaludon
|
|-heal|p1b: Arcanine|91/100|[from] Grassy Terrain
|-heal|p2a: Annihilape|71/100|[from] Grassy Terrain
|-fieldend|move: Grassy Terrain
|upkeep
|
|t:|1756787499
|switch|p2b: Basculegion|Basculegion, L50, M, shiny|100/100
|turn|6
|
|t:|1756787532
|move|p2b: Basculegion|Last Respects|p1a: Rillaboom
|-damage|p1a: Rillaboom|4/100
|move|p1b: Arcanine|Flare Blitz|p2a: Annihilape
|-resisted|p2a: Annihilape
|-damage|p2a: Annihilape|55/100
|-damage|p1b: Arcanine|85/100|[from] Recoil
|move|p1a: Rillaboom|Drum Beating|p2a: Annihilape
|-supereffective|p2a: Annihilape
|-damage|p2a: Annihilape|17/100
|-unboost|p2a: Annihilape|spe|1
|-boost|p2a: Annihilape|atk|0
|move|p2a: Annihilape|Drain Punch|p1b: Arcanine
|-supereffective|p1b: Arcanine
|-damage|p1b: Arcanine|0 fnt
|-heal|p2a: Annihilape|55/100|[from] drain|[of] p1b: Arcanine
|faint|p1b: Arcanine
|
|upkeep
|
|t:|1756787545
|switch|p1b: Ninetales|Ninetales-Alola, L50, F|100/100
|-weather|Snowscape|[from] ability: Snow Warning|[of] p1b: Ninetales
|turn|7
|
|t:|1756787563
|move|p2b: Basculegion|Last Respects|p1a: Rillaboom
|-damage|p1a: Rillaboom|0 fnt
|faint|p1a: Rillaboom
|move|p1b: Ninetales|Hypnosis|p2a: Annihilape
|-status|p2a: Annihilape|slp|[from] move: Hypnosis
|cant|p2a: Annihilape|slp
|
|-weather|Snowscape|[upkeep]
|upkeep
|turn|8
|
|t:|1756787577
|move|p2b: Basculegion|Last Respects|p1b: Ninetales
|-enditem|p1b: Ninetales|Focus Sash
|-damage|p1b: Ninetales|1/100
|move|p1b: Ninetales|Icy Wind|p2b: Basculegion|[spread] p2a,p2b
|-resisted|p2a: Annihilape
|-resisted|p2b: Basculegion
|-damage|p2a: Annihilape|50/100 slp
|-damage|p2b: Basculegion|95/100
|-unboost|p2a: Annihilape|spe|1
|-boost|p2a: Annihilape|atk|0
|-unboost|p2b: Basculegion|spe|1
|-curestatus|p2a: Annihilape|slp|[msg]
|move|p2a: Annihilape|Rage Fist|p1b: Ninetales
|-damage|p1b: Ninetales|0 fnt
|faint|p1b: Ninetales
|
|win|satoshi000
|raw|sorrysoda's rating: 1194 → 1160(-34 for losing)
|raw|satoshi000's rating: 1067 → 1107(+40 for winning)
|l|☆satoshi000
|player|p2|
