|j|☆doatzmgoatz
|j|☆Van (Dream)
|html|doatzmgoatzVan (Dream)    
|uhtml|bestof|Game 2 of a best-of-3
|t:|1785729857
|gametype|doubles
|player|p1|doatzmgoatz|1|
|player|p2|Van (Dream)|li|
|gen|9
|tier|[Gen 9 Champions] VGC 2026 Reg M-B (Bo3)
|rule|Species Clause: Limit one of each Pokémon
|rule|Item Clause: Limit 1 of each item
|clearpoke
|poke|p1|Gengar, L50, F|
|poke|p1|Incineroar, L50, M|
|poke|p1|Hydreigon, L50, M|
|poke|p1|Clefable, L50, M|
|poke|p1|Vaporeon, L50, M|
|poke|p1|Noivern, L50, F|
|poke|p2|Politoed, L50, F|
|poke|p2|Swampert, L50, F|
|poke|p2|Archaludon, L50, M|
|poke|p2|Gholdengo, L50|
|poke|p2|Scrafty, L50, M|
|poke|p2|Annihilape, L50, M|
|teampreview|4
|showteam|p1|Gengar||Gengarite|CursedBody|SludgeWave,ShadowBall,NastyPlot,Substitute|Timid||F|||50|]Incineroar||SitrusBerry|Intimidate|BrickBreak,Earthquake,PartingShot,FakeOut|Adamant||M|||50|]Hydreigon||LifeOrb|Levitate|EarthPower,DracoMeteor,DarkPulse,Uturn|Timid||M|||50|]Clefable||Leftovers|MagicGuard|FollowMe,LightScreen,DazzlingGleam,Gravity|Calm||M|||50|]Vaporeon||MysticWater|WaterAbsorb|Scald,Protect,RainDance,IceBeam|Bold||M|||50|]Noivern||ExpertBelt|Telepathy|Tailwind,Boomburst,Hurricane,Uturn|Timid||F|||50|
|showteam|p2|Politoed||DampRock|Drizzle|WeatherBall,IcyWind,HelpingHand,Protect|Bold||F|||50|]Swampert||Swampertite|Damp|Waterfall,Earthquake,IcePunch,Protect|Adamant||F|||50|]Archaludon||SitrusBerry|Stamina|ElectroShot,FlashCannon,DracoMeteor,Protect|Modest||M|||50|]Gholdengo||LifeOrb|GoodasGold|MakeItRain,ShadowBall,PowerGem,Protect|Modest|||||50|]Scrafty|||Intimidate|FakeOut,CloseCombat,KnockOff,Taunt|Adamant||M|||50|]Annihilape||LumBerry|Defiant|RageFist,DrainPunch,BulkUp,Protect|Adamant||M|||50|
|
|t:|1785729950
|teamsize|p1|4
|teamsize|p2|4
|start
|switch|p1a: Noivern|Noivern, L50, F|100/100
|switch|p1b: Gengar|Gengar, L50, F|100/100
|switch|p2a: Politoed|Politoed, L50, F|100/100
|switch|p2b: Swampert|Swampert, L50, F|100/100
|-weather|RainDance|[from] ability: Drizzle|[of] p2a: Politoed
|turn|1
|
|t:|1785729999
|detailschange|p1b: Gengar|Gengar-Mega, L50, F
|-mega|p1b: Gengar|Gengar|Gengarite
|detailschange|p2b: Swampert|Swampert-Mega, L50, F
|-mega|p2b: Swampert|Swampert|Swampertite
|move|p2b: Swampert|Earthquake|p1b: Gengar|[spread] p2a,p1b
|-immune|p1a: Noivern
|-supereffective|p1b: Gengar|1
|-damage|p2a: Politoed|59/100
|-damage|p1b: Gengar|0 fnt
|faint|p1b: Gengar
|move|p1a: Noivern|Boomburst|p2b: Swampert|[spread] p2a,p2b
|-damage|p2a: Politoed|37/100
|-damage|p2b: Swampert|76/100
|move|p2a: Politoed|Icy Wind|p1a: Noivern
|-supereffective|p1a: Noivern|2
|-damage|p1a: Noivern|40/100
|-unboost|p1a: Noivern|spe|1
|
|-weather|RainDance|[upkeep]
|upkeep
|
|t:|1785730020
|switch|p1b: Hydreigon|Hydreigon, L50, M|100/100
|turn|2
|
|t:|1785730073
|move|p2b: Swampert|Ice Punch|p1a: Noivern
|-supereffective|p1a: Noivern|2
|-crit|p1a: Noivern
|-damage|p1a: Noivern|0 fnt
|faint|p1a: Noivern
|move|p1b: Hydreigon|Dark Pulse|p2a: Politoed
|-damage|p2a: Politoed|0 fnt
|faint|p2a: Politoed
|-damage|p1b: Hydreigon|90/100|[from] item: Life Orb
|
|-weather|RainDance|[upkeep]
|upkeep
|
|t:|1785730084
|switch|p1a: Incineroar|Incineroar, L50, M|100/100
|switch|p2a: Gholdengo|Gholdengo, L50|100/100
|-ability|p1a: Incineroar|Intimidate|boost
|-unboost|p2a: Gholdengo|atk|1
|-unboost|p2b: Swampert|atk|1
|turn|3
|
|t:|1785730100
|move|p2b: Swampert|Ice Punch|p1b: Hydreigon
|-supereffective|p1b: Hydreigon|1
|-damage|p1b: Hydreigon|39/100
|move|p1b: Hydreigon|Dark Pulse|p2a: Gholdengo
|-supereffective|p2a: Gholdengo|1
|-damage|p2a: Gholdengo|0 fnt
|faint|p2a: Gholdengo
|-damage|p1b: Hydreigon|30/100|[from] item: Life Orb
|move|p1a: Incineroar|Earthquake|p2b: Swampert|[spread] p2b
|-immune|p1b: Hydreigon|[from] ability: Levitate
|-damage|p2b: Swampert|54/100
|
|-weather|RainDance|[upkeep]
|upkeep
|
|t:|1785730105
|switch|p2a: Scrafty|Scrafty, L50, M|100/100
|-ability|p2a: Scrafty|Intimidate|boost
|-unboost|p1a: Incineroar|atk|1
|-unboost|p1b: Hydreigon|atk|1
|turn|4
|
|t:|1785730126
|move|p2a: Scrafty|Fake Out|p1b: Hydreigon
|-damage|p1b: Hydreigon|16/100
|move|p2b: Swampert|Waterfall|p1b: Hydreigon
|-resisted|p1b: Hydreigon|1
|-damage|p1b: Hydreigon|0 fnt
|faint|p1b: Hydreigon
|move|p1a: Incineroar|Brick Break|p2a: Scrafty
|-supereffective|p2a: Scrafty|1
|-damage|p2a: Scrafty|65/100
|
|-weather|RainDance|[upkeep]
|upkeep
|turn|5
|
|t:|1785730139
|move|p2b: Swampert|Earthquake|p1a: Incineroar|[spread] p2a,p1a
|-supereffective|p1a: Incineroar|1
|-damage|p2a: Scrafty|34/100
|-damage|p1a: Incineroar|43/100
|-enditem|p1a: Incineroar|Sitrus Berry|[eat]
|-heal|p1a: Incineroar|68/100|[from] item: Sitrus Berry
|move|p1a: Incineroar|Brick Break|p2a: Scrafty
|-supereffective|p2a: Scrafty|1
|-damage|p2a: Scrafty|0 fnt
|faint|p2a: Scrafty
|
|-weather|RainDance|[upkeep]
|upkeep
|turn|6
|c|☆doatzmgoatz|this game was absolutely tragic
|c|☆Van (Dream)|lmao
|c|☆Van (Dream)|yea
|
|t:|1785730156
|move|p2b: Swampert|Waterfall|p1a: Incineroar
|-supereffective|p1a: Incineroar|1
|-damage|p1a: Incineroar|0 fnt
|faint|p1a: Incineroar
|
|win|Van (Dream)
|c|☆doatzmgoatz|gg
|l|☆doatzmgoatz
|player|p1|
