|j|☆horsecargo
|j|☆LPTesting1
|html|horsecargoLPTesting1    
|uhtml|bestof|Game 2 of a best-of-3
|t:|1756589902
|gametype|doubles
|player|p1|horsecargo|101|1070
|player|p2|LPTesting1|gentleman-gen4|1055
|gen|9
|tier|[Gen 9] VGC 2025 Reg H (Bo3)
|rated|
|rule|Species Clause: Limit one of each Pokémon
|rule|Item Clause: Limit 1 of each item
|clearpoke
|poke|p1|Primarina, L50, F|
|poke|p1|Sneasler, L50, F|
|poke|p1|Rillaboom, L50, F|
|poke|p1|Electabuzz, L50, M|
|poke|p1|Arcanine-Hisui, L50, F|
|poke|p1|Whimsicott, L50, F|
|poke|p2|Maushold, L50|
|poke|p2|Annihilape, L50, M|
|poke|p2|Sinistcha, L50|
|poke|p2|Pelipper, L50, F|
|poke|p2|Archaludon, L50, M|
|poke|p2|Incineroar, L50, M|
|teampreview|4
|showteam|p1|Primarina||ThroatSpray|LiquidVoice|HyperVoice,Moonblast,Haze,Protect|||F|||50|,,,,,Poison]Sneasler||GrassySeed|Unburden|DireClaw,CloseCombat,Protect,ThroatChop|||F|||50|,,,,,Dark]Rillaboom||AssaultVest|GrassySurge|FakeOut,GrassyGlide,WoodHammer,HighHorsepower|||F|||50|,,,,,Fire]Electabuzz||Eviolite|VitalSpirit|FollowMe,HelpingHand,Protect,Thunderbolt|||M|||50|,,,,,Ghost]Arcanine-Hisui||ChoiceBand|Intimidate|FlareBlitz,CloseCombat,ExtremeSpeed,RockSlide|||F|||50|,,,,,Grass]Whimsicott||FocusSash|Prankster|Tailwind,Encore,SunnyDay,Moonblast|||F|||50|,,,,,Ghost
|showteam|p2|Maushold||SafetyGoggles|FriendGuard|BeatUp,Taunt,FollowMe,Protect||||||50|,,,,,Ghost]Annihilape||Leftovers|Defiant|RageFist,DrainPunch,BulkUp,Protect|||M|||50|,,,,,Grass]Sinistcha||RockyHelmet|Hospitality|MatchaGotcha,LifeDew,TrickRoom,RagePowder||||||50|,,,,,Water]Pelipper||FocusSash|Drizzle|WeatherBall,Hurricane,Tailwind,WideGuard|||F|||50|,,,,,Ghost]Archaludon||AssaultVest|Stamina|ElectroShot,DragonPulse,FlashCannon,BodyPress|||M|||50|,,,,,Grass]Incineroar||SitrusBerry|Intimidate|FlareBlitz,KnockOff,PartingShot,FakeOut|||M|||50|,,,,,Grass
|
|t:|1756589969
|teamsize|p1|4
|teamsize|p2|4
|start
|switch|p1a: Rillaboom|Rillaboom, L50, F|100/100
|switch|p1b: Electabuzz|Electabuzz, L50, M|100/100
|switch|p2a: Maushold|Maushold, L50|100/100
|switch|p2b: Annihilape|Annihilape, L50, M|100/100
|-fieldstart|move: Grassy Terrain|[from] ability: Grassy Surge|[of] p1a: Rillaboom
|turn|1
|
|t:|1756590001
|move|p1a: Rillaboom|Fake Out|p2a: Maushold
|-damage|p2a: Maushold|81/100
|cant|p2a: Maushold|flinch
|move|p2b: Annihilape|Bulk Up|p2b: Annihilape
|-boost|p2b: Annihilape|atk|1
|-boost|p2b: Annihilape|def|1
|move|p1b: Electabuzz|Thunderbolt|p2a: Maushold
|-damage|p2a: Maushold|46/100
|
|-heal|p2a: Maushold|52/100|[from] Grassy Terrain
|upkeep
|turn|2
|
|t:|1756590035
|move|p1b: Electabuzz|Helping Hand|p1a: Rillaboom
|-singleturn|p1a: Rillaboom|Helping Hand|[of] p1b: Electabuzz
|move|p2a: Maushold|Protect|p2a: Maushold
|-singleturn|p2a: Maushold|Protect
|move|p1a: Rillaboom|Grassy Glide|p2a: Maushold
|-activate|p2a: Maushold|move: Protect
|move|p2b: Annihilape|Drain Punch|p1b: Electabuzz
|-damage|p1b: Electabuzz|62/100
|
|-heal|p2a: Maushold|58/100|[from] Grassy Terrain
|-heal|p1b: Electabuzz|68/100|[from] Grassy Terrain
|upkeep
|turn|3
|
|t:|1756590050
|switch|p2a: Sinistcha|Sinistcha, L50|100/100
|move|p1b: Electabuzz|Helping Hand|p1a: Rillaboom
|-singleturn|p1a: Rillaboom|Helping Hand|[of] p1b: Electabuzz
|move|p1a: Rillaboom|Grassy Glide|p2a: Sinistcha
|-resisted|p2a: Sinistcha
|-damage|p2a: Sinistcha|81/100
|-damage|p1a: Rillaboom|84/100|[from] item: Rocky Helmet|[of] p2a: Sinistcha
|move|p2b: Annihilape|Bulk Up|p2b: Annihilape
|-boost|p2b: Annihilape|atk|1
|-boost|p2b: Annihilape|def|1
|
|-heal|p1a: Rillaboom|90/100|[from] Grassy Terrain
|-heal|p1b: Electabuzz|74/100|[from] Grassy Terrain
|-heal|p2a: Sinistcha|88/100|[from] Grassy Terrain
|upkeep
|turn|4
|
|t:|1756590081
|switch|p1a: Sneasler|Sneasler, L50, F|100/100
|-enditem|p1a: Sneasler|Grassy Seed
|-boost|p1a: Sneasler|def|1|[from] item: Grassy Seed
|move|p1b: Electabuzz|Follow Me|p1b: Electabuzz
|-singleturn|p1b: Electabuzz|move: Follow Me
|move|p2b: Annihilape|Drain Punch|p1b: Electabuzz
|-damage|p1b: Electabuzz|25/100
|move|p2a: Sinistcha|Matcha Gotcha|p1a: Sneasler|[spread] p1a,p1b
|-resisted|p1a: Sneasler
|-damage|p1a: Sneasler|77/100
|-heal|p2a: Sinistcha|98/100|[from] drain|[of] p1a: Sneasler
|-damage|p1b: Electabuzz|0 fnt
|-heal|p2a: Sinistcha|100/100|[from] drain|[of] p1b: Electabuzz
|faint|p1b: Electabuzz
|
|-heal|p1a: Sneasler|83/100|[from] Grassy Terrain
|upkeep
|
|t:|1756590092
|switch|p1b: Arcanine|Arcanine-Hisui, L50, F|100/100
|-ability|p1b: Arcanine|Intimidate|boost
|-unboost|p2a: Sinistcha|atk|1
|-unboost|p2b: Annihilape|atk|1
|-ability|p2b: Annihilape|Defiant|boost
|-boost|p2b: Annihilape|atk|2
|turn|5
|
|t:|1756590119
|-terastallize|p1b: Arcanine|Grass
|-terastallize|p2a: Sinistcha|Water
|move|p1a: Sneasler|Dire Claw|p2b: Annihilape
|-resisted|p2b: Annihilape
|-damage|p2b: Annihilape|90/100
|-status|p2b: Annihilape|psn
|move|p1b: Arcanine|Flare Blitz|p2b: Annihilape
|-damage|p2b: Annihilape|49/100 psn
|-damage|p1b: Arcanine|84/100|[from] Recoil
|move|p2b: Annihilape|Drain Punch|p1a: Sneasler
|-resisted|p1a: Sneasler
|-damage|p1a: Sneasler|39/100
|-heal|p2b: Annihilape|66/100 psn|[from] drain|[of] p1a: Sneasler
|move|p2a: Sinistcha|Matcha Gotcha|p1a: Sneasler|[spread] p1a
|-miss|p2a: Sinistcha|p1b: Arcanine
|-resisted|p1a: Sneasler
|-damage|p1a: Sneasler|17/100
|
|-heal|p1a: Sneasler|23/100|[from] Grassy Terrain
|-heal|p1b: Arcanine|90/100|[from] Grassy Terrain
|-heal|p2b: Annihilape|72/100 psn|[from] Grassy Terrain
|-heal|p2b: Annihilape|78/100 psn|[from] item: Leftovers
|-damage|p2b: Annihilape|66/100 psn|[from] psn
|-fieldend|move: Grassy Terrain
|upkeep
|turn|6
|
|t:|1756590144
|move|p2b: Annihilape|Protect|p2b: Annihilape
|-singleturn|p2b: Annihilape|Protect
|move|p1a: Sneasler|Dire Claw|p2a: Sinistcha
|-crit|p2a: Sinistcha
|-damage|p2a: Sinistcha|52/100
|-damage|p1a: Sneasler|7/100|[from] item: Rocky Helmet|[of] p2a: Sinistcha
|move|p1b: Arcanine|Flare Blitz|p2b: Annihilape
|-activate|p2b: Annihilape|move: Protect
|move|p2a: Sinistcha|Trick Room|p2a: Sinistcha
|-fieldstart|move: Trick Room|[of] p2a: Sinistcha
|
|-heal|p2b: Annihilape|72/100 psn|[from] item: Leftovers
|-damage|p2b: Annihilape|60/100 psn|[from] psn
|upkeep
|turn|7
|-message|horsecargo forfeited.
|
|win|LPTesting1
|raw|horsecargo's rating: 1070 → 1049(-21 for losing)
|raw|LPTesting1's rating: 1055 → 1088(+33 for winning)
|l|☆horsecargo
|player|p1|
