|j|☆merr123
|j|☆AsukaHikaru
|html|merr123AsukaHikaru    
|uhtml|bestof|Game 2 of a best-of-3
|t:|1782264273
|gametype|doubles
|player|p1|merr123|170|1071
|player|p2|AsukaHikaru|volkner|1182
|gen|9
|tier|[Gen 9 Champions] VGC 2026 Reg M-B (Bo3)
|rated|
|rule|Species Clause: Limit one of each Pokémon
|rule|Item Clause: Limit 1 of each item
|clearpoke
|poke|p1|Sneasler, L50, M|
|poke|p1|Staraptor, L50, F|
|poke|p1|Manectric, L50, F|
|poke|p1|Sinistcha, L50|
|poke|p1|Kingambit, L50, F|
|poke|p1|Mamoswine, L50, F|
|poke|p2|Maushold-Four, L50|
|poke|p2|Talonflame, L50, F|
|poke|p2|Gardevoir, L50, M|
|poke|p2|Basculegion, L50, M|
|poke|p2|Hydreigon, L50, F|
|poke|p2|Garchomp, L50, M|
|teampreview|4
|showteam|p1|Sneasler||FocusSash|PoisonTouch|FakeOut,CloseCombat,DireClaw,Coaching|Jolly||M|||50|]Staraptor||Staraptite|Intimidate|CloseCombat,BraveBird,Tailwind,Protect|Adamant||F|||50|]Manectric||Manectite|LightningRod|Thunderbolt,Snarl,VoltSwitch,Protect|Timid||F|||50|]Sinistcha||SitrusBerry|Hospitality|MatchaGotcha,RagePowder,TrickRoom,Protect|Calm|||||50|]Kingambit||BlackGlasses|Defiant|SwordsDance,KowtowCleave,SuckerPunch,Protect|Adamant||F|||50|]Mamoswine||ChoiceScarf|Oblivious|IcicleCrash,Earthquake,IceShard,HighHorsepower|Jolly||F|||50|
|showteam|p2|Maushold-Four||WideLens|Technician|Protect,PopulationBomb,FollowMe,SuperFang|Jolly|||||50|]Talonflame|||GaleWings|Protect,Acrobatics,FlareBlitz,Tailwind|Jolly||F|||50|]Gardevoir||Gardevoirite|Trace|Protect,Psychic,HyperVoice,TrickRoom|Modest||M|||50|]Basculegion||FocusSash|Adaptability|Protect,Liquidation,LastRespects,AquaJet|Adamant||M|||50|]Hydreigon||ChoiceScarf|Levitate|DarkPulse,Snarl,DracoMeteor,HeatWave|Modest||F|||50|]Garchomp||LifeOrb|RoughSkin|Protect,DragonClaw,StompingTantrum,RockSlide|Jolly||M|||50|
|inactive|Battle timer is ON: inactive players will automatically lose when time's up. (requested by merr123)
|
|t:|1782264292
|teamsize|p1|4
|teamsize|p2|4
|start
|switch|p1a: Sneasler|Sneasler, L50, M|100/100
|switch|p1b: Kingambit|Kingambit, L50, F|100/100
|switch|p2a: Talonflame|Talonflame, L50, F|100/100
|switch|p2b: Gardevoir|Gardevoir, L50, M|100/100
|-ability|p2b: Gardevoir|Defiant|Trace|[from] ability: Trace|[of] p1b: Kingambit
|turn|1
|
|t:|1782264305
|switch|p2b: Garchomp|Garchomp, L50, M|100/100
|move|p2a: Talonflame|Protect|p2a: Talonflame
|-singleturn|p2a: Talonflame|Protect
|move|p1a: Sneasler|Fake Out|p2b: Garchomp
|-damage|p2b: Garchomp|86/100
|-damage|p1a: Sneasler|87/100|[from] ability: Rough Skin|[of] p2b: Garchomp
|-status|p2b: Garchomp|psn|[from] ability: Poison Touch|[of] p1a: Sneasler
|move|p1b: Kingambit|Swords Dance|p1b: Kingambit
|-boost|p1b: Kingambit|atk|2
|
|-damage|p2b: Garchomp|74/100 psn|[from] psn
|upkeep
|turn|2
|inactive|merr123 has 30 seconds left.
|
|t:|1782264333
|move|p1b: Kingambit|Protect|p1b: Kingambit
|-singleturn|p1b: Kingambit|Protect
|move|p2a: Talonflame|Tailwind|p2a: Talonflame
|-sidestart|p2: AsukaHikaru|move: Tailwind
|move|p2b: Garchomp|Stomping Tantrum|p1b: Kingambit
|-activate|p1b: Kingambit|move: Protect
|move|p1a: Sneasler|Coaching|p1b: Kingambit
|-boost|p1b: Kingambit|atk|1
|-boost|p1b: Kingambit|def|1
|
|-damage|p2b: Garchomp|62/100 psn|[from] psn
|upkeep
|turn|3
|
|t:|1782264354
|move|p1b: Kingambit|Sucker Punch|p2b: Garchomp
|-damage|p2b: Garchomp|0 fnt
|-damage|p1b: Kingambit|87/100|[from] ability: Rough Skin|[of] p2b: Garchomp
|faint|p2b: Garchomp
|move|p2a: Talonflame|Flare Blitz|p1b: Kingambit
|-supereffective|p1b: Kingambit|1
|-damage|p1b: Kingambit|37/100
|-damage|p2a: Talonflame|78/100|[from] Recoil
|move|p1a: Sneasler|Dire Claw|p2a: Talonflame
|-damage|p2a: Talonflame|19/100
|-status|p2a: Talonflame|slp
|
|upkeep
|
|t:|1782264366
|switch|p2b: Basculegion|Basculegion, L50, M|100/100
|turn|4
|
|t:|1782264378
|switch|p1a: Sinistcha|Sinistcha, L50|100/100
|-heal|p1b: Kingambit|62/100|[from] ability: Hospitality|[of] p1a: Sinistcha
|move|p1b: Kingambit|Protect|p1b: Kingambit
|-singleturn|p1b: Kingambit|Protect
|cant|p2a: Talonflame|slp
|move|p2b: Basculegion|Liquidation|p1b: Kingambit
|-activate|p1b: Kingambit|move: Protect
|
|upkeep
|turn|5
|
|t:|1782264398
|move|p1a: Sinistcha|Rage Powder|p1a: Sinistcha
|-singleturn|p1a: Sinistcha|move: Rage Powder
|move|p1b: Kingambit|Sucker Punch|p2a: Talonflame
|-damage|p2a: Talonflame|0 fnt
|faint|p2a: Talonflame
|move|p2b: Basculegion|Last Respects|p1a: Sinistcha
|-supereffective|p1a: Sinistcha|1
|-damage|p1a: Sinistcha|0 fnt
|faint|p1a: Sinistcha
|
|-sideend|p2: AsukaHikaru|move: Tailwind
|upkeep
|
|t:|1782264406
|switch|p2a: Gardevoir|Gardevoir, L50, M|100/100
|switch|p1a: Manectric|Manectric, L50, F|100/100
|-ability|p2a: Gardevoir|Lightning Rod|Trace|[from] ability: Trace|[of] p1a: Manectric
|turn|6
|
|t:|1782264431
|detailschange|p1a: Manectric|Manectric-Mega, L50, F
|-mega|p1a: Manectric|Manectric|Manectite
|-ability|p1a: Manectric|Intimidate|boost
|-unboost|p2a: Gardevoir|atk|1
|-unboost|p2b: Basculegion|atk|1
|move|p2a: Gardevoir|Protect|p2a: Gardevoir
|-singleturn|p2a: Gardevoir|Protect
|move|p1b: Kingambit|Protect|p1b: Kingambit
|-singleturn|p1b: Kingambit|Protect
|move|p1a: Manectric|Snarl|p2b: Basculegion|[spread] p2b
|-activate|p2a: Gardevoir|move: Protect
|-supereffective|p2b: Basculegion|1
|-damage|p2b: Basculegion|63/100
|-unboost|p2b: Basculegion|spa|1
|move|p2b: Basculegion|Last Respects|p1a: Manectric
|-damage|p1a: Manectric|6/100
|
|upkeep
|turn|7
|
|t:|1782264449
|detailschange|p2a: Gardevoir|Gardevoir-Mega, L50, M
|-mega|p2a: Gardevoir|Gardevoir|Gardevoirite
|move|p2b: Basculegion|Aqua Jet|p1a: Manectric
|-damage|p1a: Manectric|0 fnt
|faint|p1a: Manectric
|move|p1b: Kingambit|Sucker Punch|p2a: Gardevoir
|-damage|p2a: Gardevoir|0 fnt
|faint|p2a: Gardevoir
|
|upkeep
|
|t:|1782264454
|switch|p1a: Sneasler|Sneasler, L50, M|87/100
|turn|8
|-message|AsukaHikaru forfeited.
|
|win|merr123
||merr123 is ready for game 3.
||AsukaHikaru is ready for game 3.
|uhtml|next|Next: Game 3 of 3
