|j|☆pkrstar7777
|j|☆FundipYoshi
|html|pkrstar7777FundipYoshi    
|uhtml|bestof|Game 3 of a best-of-3
|t:|1783031554
|gametype|doubles
|player|p1|pkrstar7777|265|
|player|p2|FundipYoshi|101|
|gen|9
|tier|[Gen 9 Champions] VGC 2026 Reg M-B (Bo3)
|rule|Species Clause: Limit one of each Pokémon
|rule|Item Clause: Limit 1 of each item
|clearpoke
|poke|p1|Garchomp, L50, M|
|poke|p1|Rotom-Heat, L50|
|poke|p1|Gyarados, L50, F|
|poke|p1|Serperior, L50, F|
|poke|p1|Medicham, L50, M|
|poke|p1|Raichu-Alola, L50, M|
|poke|p2|Incineroar, L50, M|
|poke|p2|Feraligatr, L50, F|
|poke|p2|Ninetales-Alola, L50, F|
|poke|p2|Beartic, L50, M|
|poke|p2|Espeon, L50, F|
|poke|p2|Decidueye, L50, M|
|teampreview|4
|showteam|p1|Garchomp||YacheBerry|RoughSkin|DragonClaw,Earthquake,IronHead,Protect|Adamant||M|||50|]Rotom-Heat||SitrusBerry|Levitate|Thunderbolt,Overheat,WillOWisp,Protect|Modest|||||50|]Gyarados||Leftovers|Intimidate|DragonDance,Waterfall,ScaleShot,Protect|Adamant||F|||50|]Serperior||LightClay|Contrary|LightScreen,LeafStorm,Reflect,Protect|Timid||F|||50|]Medicham||Medichamite|PurePower|CloseCombat,BulletPunch,FakeOut,Protect|Adamant||M|||50|]Raichu-Alola||FocusSash|SurgeSurfer|FakeOut,Encore,Thunderbolt,Charm|Timid||M|||50|
|showteam|p2|Incineroar||SitrusBerry|Intimidate|PartingShot,FakeOut,WillOWisp,DarkestLariat|Impish||M|||50|]Feraligatr||Feraligite|Torrent|BodySlam,Liquidation,DragonDance,Protect|Adamant||F|||50|]Ninetales-Alola||FocusSash|SnowWarning|Moonblast,FreezeDry,Disable,Protect|Timid||F|||50|]Beartic||LifeOrb|SlushRush|Liquidation,IcicleCrash,Encore,Protect|Adamant||M|||50|]Espeon||TwistedSpoon|MagicBounce|Psychic,Safeguard,ThunderWave,Protect|Timid||F|||50|]Decidueye||OccaBerry|LongReach|Tailwind,SpiritShackle,ShadowSneak,Protect|Adamant||M|||50|
|
|t:|1783031568
|teamsize|p1|4
|teamsize|p2|4
|start
|switch|p1a: Rotom|Rotom-Heat, L50|100/100
|switch|p1b: Gyarados|Gyarados, L50, F|100/100
|switch|p2a: Ninetales|Ninetales-Alola, L50, F|100/100
|switch|p2b: Beartic|Beartic, L50, M|100/100
|-weather|Snowscape|[from] ability: Snow Warning|[of] p2a: Ninetales
|-ability|p1b: Gyarados|Intimidate|boost
|-unboost|p2a: Ninetales|atk|1
|-unboost|p2b: Beartic|atk|1
|turn|1
|
|t:|1783031623
|switch|p1b: Medicham|Medicham, L50, M|100/100
|move|p2b: Beartic|Protect|p2b: Beartic
|-singleturn|p2b: Beartic|Protect
|move|p2a: Ninetales|Moonblast|p1b: Medicham
|-supereffective|p1b: Medicham|1
|-damage|p1b: Medicham|0 fnt
|faint|p1b: Medicham
|move|p1a: Rotom|Overheat|p2a: Ninetales
|-supereffective|p2a: Ninetales|1
|-enditem|p2a: Ninetales|Focus Sash
|-damage|p2a: Ninetales|1/100
|-unboost|p1a: Rotom|spa|2
|
|-weather|Snowscape|[upkeep]
|upkeep
|
|t:|1783031639
|switch|p1b: Gyarados|Gyarados, L50, F|100/100
|-ability|p1b: Gyarados|Intimidate|boost
|-unboost|p2a: Ninetales|atk|1
|-unboost|p2b: Beartic|atk|1
|turn|2
|
|t:|1783031657
|switch|p2b: Feraligatr|Feraligatr, L50, F|100/100
|switch|p2a: Incineroar|Incineroar, L50, M|100/100
|-ability|p2a: Incineroar|Intimidate|boost
|-unboost|p1a: Rotom|atk|1
|-unboost|p1b: Gyarados|atk|1
|move|p1b: Gyarados|Dragon Dance|p1b: Gyarados
|-boost|p1b: Gyarados|atk|1
|-boost|p1b: Gyarados|spe|1
|move|p1a: Rotom|Will-O-Wisp|p2b: Feraligatr|[miss]
|-miss|p1a: Rotom|p2b: Feraligatr
|
|-weather|Snowscape|[upkeep]
|upkeep
|turn|3
|
|t:|1783031698
|detailschange|p2b: Feraligatr|Feraligatr-Mega, L50, F
|-mega|p2b: Feraligatr|Feraligatr|Feraligite
|move|p2a: Incineroar|Fake Out|p1b: Gyarados
|-crit|p1b: Gyarados
|-damage|p1b: Gyarados|78/100
|cant|p1b: Gyarados|flinch
|move|p2b: Feraligatr|Dragon Dance|p2b: Feraligatr
|-boost|p2b: Feraligatr|atk|1
|-boost|p2b: Feraligatr|spe|1
|move|p1a: Rotom|Will-O-Wisp|p2b: Feraligatr
|-status|p2b: Feraligatr|brn
|
|-weather|Snowscape|[upkeep]
|-heal|p1b: Gyarados|84/100|[from] item: Leftovers
|-damage|p2b: Feraligatr|94/100 brn|[from] brn
|upkeep
|turn|4
|
|t:|1783031763
|switch|p1b: Garchomp|Garchomp, L50, M|100/100
|move|p2b: Feraligatr|Liquidation|p1a: Rotom
|-supereffective|p1a: Rotom|1
|-damage|p1a: Rotom|6/100
|-enditem|p1a: Rotom|Sitrus Berry|[eat]
|-heal|p1a: Rotom|31/100|[from] item: Sitrus Berry
|move|p1a: Rotom|Will-O-Wisp|p2a: Incineroar|[miss]
|-miss|p1a: Rotom|p2a: Incineroar
|move|p2a: Incineroar|Will-O-Wisp|p1b: Garchomp
|-status|p1b: Garchomp|brn
|
|-weather|Snowscape|[upkeep]
|-damage|p2b: Feraligatr|88/100 brn|[from] brn
|-damage|p1b: Garchomp|93/100 brn|[from] brn
|upkeep
|turn|5
|
|t:|1783031800
|switch|p1b: Gyarados|Gyarados, L50, F|84/100
|-ability|p1b: Gyarados|Intimidate|boost
|-unboost|p2a: Incineroar|atk|1
|-unboost|p2b: Feraligatr|atk|1
|move|p2b: Feraligatr|Body Slam|p1b: Gyarados
|-damage|p1b: Gyarados|40/100
|move|p1a: Rotom|Will-O-Wisp|p2a: Incineroar|[miss]
|-miss|p1a: Rotom|p2a: Incineroar
|move|p2a: Incineroar|Parting Shot|p1a: Rotom
|-unboost|p1a: Rotom|atk|1
|-unboost|p1a: Rotom|spa|1
|
|t:|1783031813
|switch|p2a: Beartic|Beartic, L50, M|100/100|[from] Parting Shot
|
|-weather|none
|-heal|p1b: Gyarados|46/100|[from] item: Leftovers
|-damage|p2b: Feraligatr|82/100 brn|[from] brn
|upkeep
|turn|6
|
|t:|1783031854
|switch|p1a: Garchomp|Garchomp, L50, M|93/100 brn
|switch|p2a: Incineroar|Incineroar, L50, M|100/100
|-ability|p2a: Incineroar|Intimidate|boost
|-unboost|p1a: Garchomp|atk|1
|-unboost|p1b: Gyarados|atk|1
|move|p2b: Feraligatr|Liquidation|p1a: Garchomp
|-damage|p1a: Garchomp|68/100 brn
|-damage|p2b: Feraligatr|70/100 brn|[from] ability: Rough Skin|[of] p1a: Garchomp
|move|p1b: Gyarados|Dragon Dance|p1b: Gyarados
|-boost|p1b: Gyarados|atk|1
|-boost|p1b: Gyarados|spe|1
|
|-heal|p1b: Gyarados|52/100|[from] item: Leftovers
|-damage|p2b: Feraligatr|64/100 brn|[from] brn
|-damage|p1a: Garchomp|62/100 brn|[from] brn
|upkeep
|turn|7
|
|t:|1783031901
|move|p1b: Gyarados|Protect|p1b: Gyarados
|-singleturn|p1b: Gyarados|Protect
|move|p1a: Garchomp|Protect|p1a: Garchomp
|-singleturn|p1a: Garchomp|Protect
|move|p2a: Incineroar|Fake Out|p1b: Gyarados
|-activate|p1b: Gyarados|move: Protect
|move|p2b: Feraligatr|Body Slam|p1a: Garchomp
|-activate|p1a: Garchomp|move: Protect
|
|-heal|p1b: Gyarados|58/100|[from] item: Leftovers
|-damage|p2b: Feraligatr|58/100 brn|[from] brn
|-damage|p1a: Garchomp|56/100 brn|[from] brn
|upkeep
|turn|8
|
|t:|1783031990
|switch|p1a: Rotom|Rotom-Heat, L50|31/100
|switch|p2a: Beartic|Beartic, L50, M|100/100
|move|p1b: Gyarados|Dragon Dance|p1b: Gyarados
|-boost|p1b: Gyarados|atk|1
|-boost|p1b: Gyarados|spe|1
|move|p2b: Feraligatr|Body Slam|p1a: Rotom
|-damage|p1a: Rotom|0 fnt
|faint|p1a: Rotom
|
|-heal|p1b: Gyarados|63/100|[from] item: Leftovers
|-damage|p2b: Feraligatr|52/100 brn|[from] brn
|upkeep
|
|t:|1783032006
|switch|p1a: Garchomp|Garchomp, L50, M|56/100 brn
|turn|9
|
|t:|1783032057
|switch|p2a: Incineroar|Incineroar, L50, M|100/100
|-ability|p2a: Incineroar|Intimidate|boost
|-unboost|p1a: Garchomp|atk|1
|-unboost|p1b: Gyarados|atk|1
|move|p1b: Gyarados|Waterfall|p2a: Incineroar
|-supereffective|p2a: Incineroar|1
|-damage|p2a: Incineroar|34/100
|-enditem|p2a: Incineroar|Sitrus Berry|[eat]
|-heal|p2a: Incineroar|59/100|[from] item: Sitrus Berry
|move|p2b: Feraligatr|Dragon Dance|p2b: Feraligatr
|-boost|p2b: Feraligatr|atk|1
|-boost|p2b: Feraligatr|spe|1
|move|p1a: Garchomp|Earthquake|p2a: Incineroar|[spread] p2a,p2b
|-immune|p1b: Gyarados
|-supereffective|p2a: Incineroar|1
|-damage|p2a: Incineroar|36/100
|-damage|p2b: Feraligatr|41/100 brn
|
|-heal|p1b: Gyarados|69/100|[from] item: Leftovers
|-damage|p2b: Feraligatr|35/100 brn|[from] brn
|-damage|p1a: Garchomp|50/100g brn|[from] brn
|upkeep
|turn|10
|
|t:|1783032108
|switch|p2a: Beartic|Beartic, L50, M|100/100
|move|p1b: Gyarados|Protect|p1b: Gyarados
|-singleturn|p1b: Gyarados|Protect
|move|p1a: Garchomp|Protect|p1a: Garchomp
|-singleturn|p1a: Garchomp|Protect
|move|p2b: Feraligatr|Body Slam|p1a: Garchomp
|-activate|p1a: Garchomp|move: Protect
|
|-heal|p1b: Gyarados|75/100|[from] item: Leftovers
|-damage|p2b: Feraligatr|29/100 brn|[from] brn
|-damage|p1a: Garchomp|44/100 brn|[from] brn
|upkeep
|turn|11
|
|t:|1783032134
|switch|p2a: Incineroar|Incineroar, L50, M|36/100
|-ability|p2a: Incineroar|Intimidate|boost
|-unboost|p1a: Garchomp|atk|1
|-unboost|p1b: Gyarados|atk|1
|move|p1b: Gyarados|Waterfall|p2a: Incineroar
|-supereffective|p2a: Incineroar|1
|-damage|p2a: Incineroar|0 fnt
|faint|p2a: Incineroar
|move|p2b: Feraligatr|Body Slam|p1a: Garchomp
|-supereffective|p1a: Garchomp|1
|-damage|p1a: Garchomp|0 fnt
|-damage|p2b: Feraligatr|17/100 brn|[from] ability: Rough Skin|[of] p1a: Garchomp
|faint|p1a: Garchomp
|
|-heal|p1b: Gyarados|81/100|[from] item: Leftovers
|-damage|p2b: Feraligatr|11/100 brn|[from] brn
|upkeep
|
|t:|1783032151
|switch|p2a: Ninetales|Ninetales-Alola, L50, F|1/100
|-weather|Snowscape|[from] ability: Snow Warning|[of] p2a: Ninetales
|turn|12
|
|t:|1783032190
|move|p1b: Gyarados|Protect|p1b: Gyarados
|-singleturn|p1b: Gyarados|Protect
|move|p2a: Ninetales|Protect|p2a: Ninetales
|-singleturn|p2a: Ninetales|Protect
|move|p2b: Feraligatr|Body Slam|p1b: Gyarados
|-activate|p1b: Gyarados|move: Protect
|
|-weather|Snowscape|[upkeep]
|-heal|p1b: Gyarados|87/100|[from] item: Leftovers
|-damage|p2b: Feraligatr|5/100 brn|[from] brn
|upkeep
|turn|13
|
|t:|1783032212
|move|p1b: Gyarados|Waterfall|p2a: Ninetales
|-damage|p2a: Ninetales|0 fnt
|faint|p2a: Ninetales
|move|p2b: Feraligatr|Body Slam|p1b: Gyarados
|-damage|p1b: Gyarados|24/100
|-status|p1b: Gyarados|par
|
|-weather|Snowscape|[upkeep]
|-heal|p1b: Gyarados|30/100 par|[from] item: Leftovers
|-damage|p2b: Feraligatr|0 fnt|[from] brn
|faint|p2b: Feraligatr
|upkeep
|
|t:|1783032230
|switch|p2a: Beartic|Beartic, L50, M|100/100
|turn|14
|
|t:|1783032251
|move|p1b: Gyarados|Protect|p1b: Gyarados
|-singleturn|p1b: Gyarados|Protect
|move|p2a: Beartic|Icicle Crash|p1b: Gyarados
|-activate|p1b: Gyarados|move: Protect
|
|-weather|Snowscape|[upkeep]
|-heal|p1b: Gyarados|36/100 par|[from] item: Leftovers
|upkeep
|turn|15
|
|t:|1783032276
|move|p2a: Beartic|Icicle Crash|p1b: Gyarados
|-damage|p1b: Gyarados|0 fnt
|faint|p1b: Gyarados
|-damage|p2a: Beartic|90/100|[from] item: Life Orb
|
|win|FundipYoshi
|l|☆pkrstar7777
|player|p1|
