|j|☆fsucia
|j|☆Cm3112
|html|fsuciaCm3112    
|uhtml|bestof|Game 2 of a best-of-3
|t:|1756229160
|gametype|doubles
|player|p1|fsucia|266|1379
|player|p2|Cm3112|1|1239
|gen|9
|tier|[Gen 9] VGC 2025 Reg H (Bo3)
|rated|
|rule|Species Clause: Limit one of each Pokémon
|rule|Item Clause: Limit 1 of each item
|clearpoke
|poke|p1|Incineroar, L50, M|
|poke|p1|Dragonite, L50, M|
|poke|p1|Amoonguss, L50, M|
|poke|p1|Gholdengo, L50|
|poke|p1|Ursaluna, L50, M|
|poke|p1|Annihilape, L50, M|
|poke|p2|Pelipper, L50, F|
|poke|p2|Archaludon, L50, M|
|poke|p2|Annihilape, L50, F|
|poke|p2|Maushold-Four, L50|
|poke|p2|Sinistcha-Masterpiece, L50|
|poke|p2|Basculegion, L50, M|
|teampreview|4
|showteam|p1|Incineroar||SafetyGoggles|Intimidate|FakeOut,KnockOff,FlareBlitz,PartingShot|||M|||50|,,,,,Water]Dragonite||LoadedDice|Multiscale|Protect,Tailwind,ExtremeSpeed,ScaleShot|||M|||50|,,,,,Steel]Amoonguss||SitrusBerry|Regenerator|RagePowder,Spore,PollenPuff,Protect|||M|||50|,,,,,Water]Gholdengo||LifeOrb|GoodasGold|Protect,NastyPlot,ShadowBall,MakeItRain||||||50|,,,,,Water]Ursaluna||FlameOrb|Guts|Protect,HeadlongRush,Earthquake,Facade|||M|||50|,,,,,Ghost]Annihilape||FocusSash|Defiant|Taunt,RageFist,Protect,CloseCombat|||M|||50|,,,,,Fire
|showteam|p2|Pelipper||FocusSash|Drizzle|MuddyWater,Hurricane,WideGuard,Protect|||F|||50|,,,,,Grass]Archaludon||AssaultVest|Stamina|FlashCannon,ElectroShot,DracoMeteor,BodyPress|||M|||50|,,,,,Fairy]Annihilape||SafetyGoggles|Defiant|DrainPunch,RageFist,BulkUp,Protect|||F|||50|,,,,,Water]Maushold-Four||WideLens|Technician|PopulationBomb,BeatUp,FollowMe,Protect||||||50|,,,,,Ghost]Sinistcha-Masterpiece||RockyHelmet|Hospitality|MatchaGotcha,RagePowder,ShadowBall,TrickRoom||||||50|,,,,,Dark]Basculegion||ChoiceBand|SwiftSwim|WaveCrash,FlipTurn,AquaJet,LastRespects|||M|||50|,,,,,Water
|inactive|Battle timer is ON: inactive players will automatically lose when time's up. (requested by Cm3112)
|
|t:|1756229179
|teamsize|p1|4
|teamsize|p2|4
|start
|switch|p1a: Amoonguss|Amoonguss, L50, M|100/100
|switch|p1b: Dragonite|Dragonite, L50, M|100/100
|switch|p2a: Maushold|Maushold-Four, L50|100/100
|switch|p2b: Annihilape|Annihilape, L50, F|100/100
|turn|1
|
|t:|1756229196
|move|p1a: Amoonguss|Rage Powder|p1a: Amoonguss
|-singleturn|p1a: Amoonguss|move: Rage Powder
|move|p2a: Maushold|Population Bomb|p1a: Amoonguss|[miss]
|-miss|p2a: Maushold|p1a: Amoonguss
|move|p2b: Annihilape|Bulk Up|p2b: Annihilape
|-boost|p2b: Annihilape|atk|1
|-boost|p2b: Annihilape|def|1
|move|p1b: Dragonite|Scale Shot|p2a: Maushold
|-damage|p2a: Maushold|78/100
|-damage|p2a: Maushold|54/100
|-damage|p2a: Maushold|31/100
|-damage|p2a: Maushold|8/100
|-hitcount|p2a: Maushold|4
|-unboost|p1b: Dragonite|def|1
|-boost|p1b: Dragonite|spe|1
|
|upkeep
|turn|2
|
|t:|1756229220
|switch|p1a: Annihilape|Annihilape, L50, M|100/100
|move|p2a: Maushold|Protect|p2a: Maushold
|-singleturn|p2a: Maushold|Protect
|move|p1b: Dragonite|Scale Shot|p2a: Maushold
|-activate|p2a: Maushold|move: Protect
|move|p2b: Annihilape|Rage Fist|p1b: Dragonite
|-damage|p1b: Dragonite|78/100
|
|upkeep
|turn|3
|
|t:|1756229236
|move|p2a: Maushold|Follow Me|p2a: Maushold
|-singleturn|p2a: Maushold|move: Follow Me
|move|p1b: Dragonite|Scale Shot|p2a: Maushold
|-damage|p2a: Maushold|0 fnt
|faint|p2a: Maushold
|-hitcount|p2: Maushold|1
|-unboost|p1b: Dragonite|def|1
|-boost|p1b: Dragonite|spe|1
|move|p2b: Annihilape|Bulk Up|p2b: Annihilape
|-boost|p2b: Annihilape|atk|1
|-boost|p2b: Annihilape|def|1
|move|p1a: Annihilape|Taunt|p2b: Annihilape
|-start|p2b: Annihilape|move: Taunt
|
|upkeep
|
|t:|1756229252
|switch|p2a: Pelipper|Pelipper, L50, F|100/100
|-weather|RainDance|[from] ability: Drizzle|[of] p2a: Pelipper
|turn|4
|
|t:|1756229259
|move|p2a: Pelipper|Protect|p2a: Pelipper
|-singleturn|p2a: Pelipper|Protect
|move|p1b: Dragonite|Tailwind|p1b: Dragonite
|-sidestart|p1: fsucia|move: Tailwind
|move|p1a: Annihilape|Taunt|p2a: Pelipper
|-activate|p2a: Pelipper|move: Protect
|move|p2b: Annihilape|Rage Fist|p1b: Dragonite
|-damage|p1b: Dragonite|0 fnt
|faint|p1b: Dragonite
|
|-weather|RainDance|[upkeep]
|upkeep
|
|t:|1756229264
|switch|p1b: Gholdengo|Gholdengo, L50|100/100
|turn|5
|
|t:|1756229279
|-terastallize|p1b: Gholdengo|Water
|-terastallize|p2b: Annihilape|Water
|move|p1b: Gholdengo|Shadow Ball|p2a: Pelipper
|-damage|p2a: Pelipper|6/100
|-damage|p1b: Gholdengo|90/100|[from] item: Life Orb
|move|p1a: Annihilape|Rage Fist|p2a: Pelipper
|-damage|p2a: Pelipper|0 fnt
|faint|p2a: Pelipper
|move|p2b: Annihilape|Rage Fist|p1b: Gholdengo
|-damage|p1b: Gholdengo|52/100
|
|-weather|RainDance|[upkeep]
|upkeep
|
|t:|1756229292
|switch|p2a: Basculegion|Basculegion, L50, M|100/100
|turn|6
|
|t:|1756229304
|switch|p1b: Amoonguss|Amoonguss, L50, M|100/100
|move|p2a: Basculegion|Aqua Jet|p1b: Amoonguss
|-resisted|p1b: Amoonguss
|-damage|p1b: Amoonguss|79/100
|move|p1a: Annihilape|Rage Fist|p2a: Basculegion
|-supereffective|p2a: Basculegion
|-damage|p2a: Basculegion|32/100
|move|p2b: Annihilape|Rage Fist|p1b: Amoonguss
|-damage|p1b: Amoonguss|49/100
|-enditem|p1b: Amoonguss|Sitrus Berry|[eat]
|-heal|p1b: Amoonguss|74/100|[from] item: Sitrus Berry
|
|-weather|RainDance|[upkeep]
|-end|p2b: Annihilape|move: Taunt
|upkeep
|turn|7
|
|t:|1756229323
|move|p1b: Amoonguss|Protect|p1b: Amoonguss
|-singleturn|p1b: Amoonguss|Protect
|move|p2a: Basculegion|Aqua Jet|p1a: Annihilape
|-damage|p1a: Annihilape|50/100
|move|p1a: Annihilape|Rage Fist|p2a: Basculegion
|-supereffective|p2a: Basculegion
|-crit|p2a: Basculegion
|-damage|p2a: Basculegion|0 fnt
|faint|p2a: Basculegion
|move|p2b: Annihilape|Rage Fist|p1a: Annihilape
|-supereffective|p1a: Annihilape
|-damage|p1a: Annihilape|0 fnt
|faint|p1a: Annihilape
|
|-weather|RainDance|[upkeep]
|-sideend|p1: fsucia|move: Tailwind
|upkeep
|
|t:|1756229335
|switch|p1a: Gholdengo|Gholdengo, L50, tera:Water|52/100
|turn|8
|
|t:|1756229340
|move|p2b: Annihilape|Rage Fist|p1a: Gholdengo
|-damage|p1a: Gholdengo|13/100
|move|p1a: Gholdengo|Nasty Plot|p1a: Gholdengo
|-boost|p1a: Gholdengo|spa|2
|move|p1b: Amoonguss|Pollen Puff|p1a: Gholdengo
|-heal|p1a: Gholdengo|63/100
|
|-weather|none
|upkeep
|turn|9
|
|t:|1756229347
|move|p2b: Annihilape|Rage Fist|p1a: Gholdengo
|-damage|p1a: Gholdengo|19/100
|move|p1a: Gholdengo|Nasty Plot|p1a: Gholdengo
|-boost|p1a: Gholdengo|spa|2
|move|p1b: Amoonguss|Pollen Puff|p1a: Gholdengo
|-heal|p1a: Gholdengo|69/100
|
|upkeep
|turn|10
|
|t:|1756229357
|move|p2b: Annihilape|Bulk Up|p2b: Annihilape
|-boost|p2b: Annihilape|atk|1
|-boost|p2b: Annihilape|def|1
|move|p1a: Gholdengo|Shadow Ball|p2b: Annihilape
|-damage|p2b: Annihilape|0 fnt
|faint|p2b: Annihilape
|-damage|p1a: Gholdengo|59/100|[from] item: Life Orb
|
|win|fsucia
