|j|☆huntr/x rumi
|j|☆dominicex
|html|huntr/x rumidominicex    
|uhtml|bestof|Game 3 of a best-of-3
|t:|1755667446
|gametype|doubles
|player|p1|huntr/x rumi|acetrainerf|1322
|player|p2|dominicex|pokemonranger-gen4|1489
|gen|9
|tier|[Gen 9] VGC 2025 Reg H (Bo3)
|rated|
|rule|Species Clause: Limit one of each Pokémon
|rule|Item Clause: Limit 1 of each item
|clearpoke
|poke|p1|Whimsicott, L50, F|
|poke|p1|Ursaluna-Bloodmoon, L50, M|
|poke|p1|Gholdengo, L50|
|poke|p1|Sneasler, L50, M|
|poke|p1|Incineroar, L50, M|
|poke|p2|Kilowattrel, L50, M|
|poke|p2|Amoonguss, L50, M|
|poke|p2|Incineroar, L50, F|
|poke|p2|Porygon2, L50|
|poke|p2|Gholdengo, L50|
|poke|p2|Ursaluna, L50, M|
|teampreview|4
|showteam|p1|Whimsicott||FocusSash|Prankster|Protect,Tailwind,Moonblast,Encore|||F|||50|,,,,,Ghost]Ursaluna-Bloodmoon||LifeOrb|MindsEye|Protect,HyperVoice,BloodMoon,EarthPower|||M|||50|,,,,,Normal]Gholdengo||ChoiceSpecs|GoodasGold|MakeItRain,ShadowBall,Protect,Trick||||||50|,,,,,Steel]Sneasler||WhiteHerb|Unburden|Protect,ThroatChop,DireClaw,CloseCombat|||M|||50|,,,,,Stellar]Incineroar||SafetyGoggles|Intimidate|FakeOut,FlareBlitz,KnockOff,PartingShot|||M|||50|,,,,,Ghost
|showteam|p2|Kilowattrel||FocusSash|Competitive|Thunderbolt,AirSlash,Tailwind,Protect|||M|||50|,,,,,Ghost]Amoonguss||SitrusBerry|Regenerator|PollenPuff,Spore,RagePowder,Protect|||M|||50|,,,,,Water]Incineroar||SafetyGoggles|Intimidate|FakeOut,FlareBlitz,KnockOff,PartingShot|||F|||50|,,,,,Ghost]Porygon2||Eviolite|Download|TeraBlast,IceBeam,Recover,TrickRoom||||||50|,,,,,Fighting]Gholdengo||MetalCoat|GoodasGold|MakeItRain,ShadowBall,NastyPlot,Protect||||||50|,,,,,Flying]Ursaluna||FlameOrb|Guts|Facade,HeadlongRush,Earthquake,Protect|||M|||50|,,,,,Ghost
|
|t:|1755667476
|teamsize|p1|4
|teamsize|p2|4
|start
|switch|p1a: Whimsicott|Whimsicott, L50, F, shiny|100/100
|switch|p1b: Ursaluna|Ursaluna-Bloodmoon, L50, M|100/100
|switch|p2a: Incineroar|Incineroar, L50, F|100/100
|switch|p2b: Porygon2|Porygon2, L50|100/100
|-ability|p2a: Incineroar|Intimidate|boost
|-unboost|p1a: Whimsicott|atk|1
|-unboost|p1b: Ursaluna|atk|1
|-ability|p2b: Porygon2|Download|boost
|-boost|p2b: Porygon2|spa|1
|turn|1
|
|t:|1755667485
|switch|p1a: Incineroar|Incineroar, L50, M|100/100
|-ability|p1a: Incineroar|Intimidate|boost
|-unboost|p2a: Incineroar|atk|1
|-unboost|p2b: Porygon2|atk|1
|move|p1b: Ursaluna|Protect|p1b: Ursaluna
|-singleturn|p1b: Ursaluna|Protect
|move|p2a: Incineroar|Fake Out|p1b: Ursaluna
|-activate|p1b: Ursaluna|move: Protect
|move|p2b: Porygon2|Trick Room|p2b: Porygon2
|-fieldstart|move: Trick Room|[of] p2b: Porygon2
|
|upkeep
|turn|2
|
|t:|1755667514
|switch|p2a: Ursaluna|Ursaluna, L50, M|100/100
|-terastallize|p2b: Porygon2|Fighting
|-terastallize|p1b: Ursaluna|Normal
|move|p1a: Incineroar|Fake Out|p2b: Porygon2
|-damage|p2b: Porygon2|93/100
|cant|p2b: Porygon2|flinch
|move|p1b: Ursaluna|Blood Moon|p2a: Ursaluna
|-damage|p2a: Ursaluna|0 fnt
|faint|p2a: Ursaluna
|-damage|p1b: Ursaluna|91/100|[from] item: Life Orb
|
|upkeep
|
|t:|1755667525
|switch|p2a: Gholdengo|Gholdengo, L50|100/100
|turn|3
|
|t:|1755667540
|move|p1b: Ursaluna|Protect|p1b: Ursaluna
|-singleturn|p1b: Ursaluna|Protect
|move|p1a: Incineroar|Parting Shot|p2b: Porygon2
|-unboost|p2b: Porygon2|atk|1
|-unboost|p2b: Porygon2|spa|1
|
|t:|1755667546
|switch|p1a: Sneasler|Sneasler, L50, M, shiny|100/100|[from] Parting Shot
|move|p2b: Porygon2|Tera Blast|p1a: Sneasler|[anim] Tera Blast Fighting
|-resisted|p1a: Sneasler
|-damage|p1a: Sneasler|79/100
|move|p2a: Gholdengo|Nasty Plot|p2a: Gholdengo
|-boost|p2a: Gholdengo|spa|2
|
|upkeep
|turn|4
|
|t:|1755667568
|move|p2a: Gholdengo|Protect|p2a: Gholdengo
|-singleturn|p2a: Gholdengo|Protect
|move|p2b: Porygon2|Tera Blast|p1b: Ursaluna|[anim] Tera Blast Fighting
|-supereffective|p1b: Ursaluna
|-damage|p1b: Ursaluna|4/100
|move|p1b: Ursaluna|Earth Power|p2a: Gholdengo
|-activate|p2a: Gholdengo|move: Protect
|move|p1a: Sneasler|Dire Claw|p2b: Porygon2
|-damage|p2b: Porygon2|68/100
|
|upkeep
|turn|5
|
|t:|1755667597
|move|p1b: Ursaluna|Protect|p1b: Ursaluna
|-singleturn|p1b: Ursaluna|Protect
|move|p2b: Porygon2|Ice Beam|p1b: Ursaluna
|-activate|p1b: Ursaluna|move: Protect
|move|p2a: Gholdengo|Make It Rain|p1a: Sneasler|[spread] p1a
|-activate|p1b: Ursaluna|move: Protect
|-damage|p1a: Sneasler|0 fnt
|-unboost|p2a: Gholdengo|spa|1
|faint|p1a: Sneasler
|
|-fieldend|move: Trick Room
|upkeep
|
|t:|1755667601
|switch|p1a: Whimsicott|Whimsicott, L50, F, shiny|100/100
|turn|6
|
|t:|1755667628
|move|p2a: Gholdengo|Protect|p2a: Gholdengo
|-singleturn|p2a: Gholdengo|Protect
|move|p1a: Whimsicott|Tailwind|p1a: Whimsicott
|-sidestart|p1: huntr/x rumi|move: Tailwind
|move|p1b: Ursaluna|Earth Power|p2a: Gholdengo
|-activate|p2a: Gholdengo|move: Protect
|move|p2b: Porygon2|Trick Room|p2b: Porygon2
|-fieldstart|move: Trick Room|[of] p2b: Porygon2
|
|upkeep
|turn|7
|
|t:|1755667635
|switch|p2b: Incineroar|Incineroar, L50, F|100/100
|-ability|p2b: Incineroar|Intimidate|boost
|-unboost|p1a: Whimsicott|atk|1
|-unboost|p1b: Ursaluna|atk|1
|move|p1a: Whimsicott|Encore|p2b: Incineroar
|-hint|Since gen 7, Dark is immune to Prankster moves.
|-immune|p2b: Incineroar
|move|p2a: Gholdengo|Make It Rain|p1b: Ursaluna|[spread] p1a,p1b
|-supereffective|p1a: Whimsicott
|-enditem|p1a: Whimsicott|Focus Sash
|-damage|p1a: Whimsicott|1/100
|-damage|p1b: Ursaluna|0 fnt
|-unboost|p2a: Gholdengo|spa|1
|faint|p1b: Ursaluna
|
|upkeep
|c|☆huntr/x rumi|wow
|c|☆huntr/x rumi|very slow
|
|t:|1755667651
|switch|p1b: Incineroar|Incineroar, L50, M|100/100
|-ability|p1b: Incineroar|Intimidate|boost
|-unboost|p2a: Gholdengo|atk|1
|-unboost|p2b: Incineroar|atk|1
|turn|8
|c|☆dominicex|you have tailwind up
|c|☆huntr/x rumi|oh
|c|☆huntr/x rumi|LOL
|c|☆huntr/x rumi|nvm ggs
|c|☆dominicex|ggs
|
|t:|1755667672
|move|p1a: Whimsicott|Protect|p1a: Whimsicott
|-singleturn|p1a: Whimsicott|Protect
|move|p2b: Incineroar|Fake Out|p1b: Incineroar
|-damage|p1b: Incineroar|94/100
|move|p2a: Gholdengo|Make It Rain|p1a: Whimsicott|[spread] p1b
|-activate|p1a: Whimsicott|move: Protect
|-resisted|p1b: Incineroar
|-damage|p1b: Incineroar|69/100
|-unboost|p2a: Gholdengo|spa|1
|cant|p1b: Incineroar|flinch
|
|upkeep
|turn|9
|
|t:|1755667694
|move|p1a: Whimsicott|Protect|p1a: Whimsicott
|-singleturn|p1a: Whimsicott|Protect
|move|p2b: Incineroar|Parting Shot|p1b: Incineroar
|-unboost|p1b: Incineroar|atk|1
|-unboost|p1b: Incineroar|spa|1
|
|t:|1755667698
|switch|p2b: Porygon2|Porygon2, L50, tera:Fighting|68/100|[from] Parting Shot
|-ability|p2b: Porygon2|Download|boost
|-boost|p2b: Porygon2|spa|1
|move|p2a: Gholdengo|Make It Rain|p1a: Whimsicott|[spread] p1b
|-activate|p1a: Whimsicott|move: Protect
|-resisted|p1b: Incineroar
|-damage|p1b: Incineroar|52/100
|-unboost|p2a: Gholdengo|spa|1
|move|p1b: Incineroar|Flare Blitz|p2a: Gholdengo
|-supereffective|p2a: Gholdengo
|-damage|p2a: Gholdengo|38/100
|-damage|p1b: Incineroar|36/100|[from] Recoil
|
|-sideend|p1: huntr/x rumi|move: Tailwind
|upkeep
|turn|10
|
|t:|1755667714
|move|p1b: Incineroar|Flare Blitz|p2a: Gholdengo
|-supereffective|p2a: Gholdengo
|-damage|p2a: Gholdengo|0 fnt
|faint|p2a: Gholdengo
|-damage|p1b: Incineroar|25/100|[from] Recoil
|move|p2b: Porygon2|Tera Blast|p1b: Incineroar|[anim] Tera Blast Fighting
|-supereffective|p1b: Incineroar
|-damage|p1b: Incineroar|0 fnt
|faint|p1b: Incineroar
|move|p1a: Whimsicott|Moonblast|p2b: Porygon2
|-supereffective|p2b: Porygon2
|-damage|p2b: Porygon2|21/100
|
|-fieldend|move: Trick Room
|upkeep
|
|t:|1755667721
|switch|p2a: Incineroar|Incineroar, L50, F|100/100
|-ability|p2a: Incineroar|Intimidate|boost
|-unboost|p1a: Whimsicott|atk|1
|turn|11
|-message|huntr/x rumi forfeited.
|
|win|dominicex
|raw|huntr/x rumi's rating: 1322 → 1311(-11 for losing)
|raw|dominicex's rating: 1489 → 1500(+11 for winning)
|l|☆dominicex
|player|p2|
