|j|☆new mental
|j|☆belinvgc
|html|new mentalbelinvgc    
|uhtml|bestof|Game 2 of a best-of-3
|t:|1784464426
|gametype|doubles
|player|p1|new mental|volkner|1219
|player|p2|belinvgc|102|1199
|gen|9
|tier|[Gen 9 Champions] VGC 2026 Reg M-B (Bo3)
|rated|
|rule|Species Clause: Limit one of each Pokémon
|rule|Item Clause: Limit 1 of each item
|clearpoke
|poke|p1|Aerodactyl, L50, F|
|poke|p1|Garchomp, L50, F|
|poke|p1|Kingambit, L50, M|
|poke|p1|Charizard, L50, M|
|poke|p1|Sylveon, L50, F|
|poke|p1|Farigiraf, L50, M|
|poke|p2|Swampert, L50, M|
|poke|p2|Pelipper, L50, M|
|poke|p2|Archaludon, L50, M|
|poke|p2|Venusaur, L50, F|
|poke|p2|Maushold-Four, L50|
|poke|p2|Gholdengo, L50|
|teampreview|4
|showteam|p1|Aerodactyl||Aerodactylite|Unnerve|IceFang,RockSlide,Tailwind,DualWingbeat|Jolly||F|||50|]Garchomp||LifeOrb|RoughSkin|DragonClaw,RockSlide,Earthquake,Protect|Jolly||F|||50|]Kingambit||FocusSash|Defiant|SuckerPunch,KowtowCleave,IronHead,LowKick|Adamant||M|||50|]Charizard||CharizarditeY|SolarPower|Protect,WeatherBall,HeatWave,SolarBeam|Modest||M|||50|]Sylveon||FairyFeather|Pixilate|Protect,HyperVoice,HyperBeam,QuickAttack|Modest||F|||50|]Farigiraf||SitrusBerry|ArmorTail|TrickRoom,Thunderbolt,Roar,Psychic|Bold||M|||50|
|showteam|p2|Swampert||Swampertite|Torrent|WaveCrash,HighHorsepower,IcePunch,Protect|Adamant||M|||50|]Pelipper||SitrusBerry|Drizzle|WeatherBall,Hurricane,Tailwind,WideGuard|Modest||M|||50|]Archaludon||Leftovers|Stamina|ElectroShot,DragonPulse,FlashCannon,Protect|Calm||M|||50|]Venusaur||Venusaurite|Chlorophyll|GigaDrain,EarthPower,SludgeBomb,Protect|Modest||F|||50|]Maushold-Four||FocusSash|FriendGuard|FollowMe,SuperFang,RainDance,Protect|Timid|||||50|]Gholdengo||LifeOrb|GoodasGold|MakeItRain,ShadowBall,NastyPlot,Protect|Modest|||||50|
|
|t:|1784464441
|teamsize|p1|4
|teamsize|p2|4
|start
|switch|p1a: Charizard|Charizard, L50, M|100/100
|switch|p1b: Garchomp|Garchomp, L50, F|100/100
|switch|p2a: Venusaur|Venusaur, L50, F|100/100
|switch|p2b: Maushold|Maushold-Four, L50|100/100
|turn|1
|inactive|Battle timer is ON: inactive players will automatically lose when time's up. (requested by new mental)
|
|t:|1784464477
|detailschange|p2a: Venusaur|Venusaur-Mega, L50, F
|-mega|p2a: Venusaur|Venusaur|Venusaurite
|move|p2b: Maushold|Rain Dance|p2b: Maushold
|-weather|RainDance
|move|p1b: Garchomp|Earthquake|p2b: Maushold|[spread] p2a,p2b
|-immune|p1a: Charizard
|-damage|p2a: Venusaur|69/100
|-damage|p2b: Maushold|39/100
|-damage|p1b: Garchomp|90/100|[from] item: Life Orb
|move|p1a: Charizard|Heat Wave|p2a: Venusaur|[spread] p2b
|-miss|p1a: Charizard|p2a: Venusaur
|-damage|p2b: Maushold|23/100
|move|p2a: Venusaur|Giga Drain|p1b: Garchomp
|-damage|p1b: Garchomp|43/100
|-heal|p2a: Venusaur|92/100|[from] drain|[of] p1b: Garchomp
|
|-weather|RainDance|[upkeep]
|upkeep
|turn|2
|inactive|new mental has 30 seconds left.
|
|t:|1784464508
|move|p2b: Maushold|Protect|p2b: Maushold
|-singleturn|p2b: Maushold|Protect
|move|p1a: Charizard|Protect|p1a: Charizard
|-singleturn|p1a: Charizard|Protect
|move|p2a: Venusaur|Protect|p2a: Venusaur
|-singleturn|p2a: Venusaur|Protect
|move|p1b: Garchomp|Earthquake|p2a: Venusaur|[spread] 
|-activate|p1a: Charizard|move: Protect
|-activate|p2a: Venusaur|move: Protect
|-activate|p2b: Maushold|move: Protect
|
|-weather|RainDance|[upkeep]
|upkeep
|turn|3
|
|t:|1784464532
|move|p1b: Garchomp|Protect|p1b: Garchomp
|-singleturn|p1b: Garchomp|Protect
|move|p2b: Maushold|Rain Dance||[still]
|-fail|p2b: Maushold
|move|p1a: Charizard|Weather Ball|p2b: Maushold
|-damage|p2b: Maushold|0 fnt
|faint|p2b: Maushold
|move|p2a: Venusaur|Giga Drain|p1b: Garchomp
|-activate|p1b: Garchomp|move: Protect
|
|-weather|RainDance|[upkeep]
|upkeep
|
|t:|1784464548
|switch|p2b: Archaludon|Archaludon, L50, M|100/100
|turn|4
|
|t:|1784464564
|switch|p1b: Farigiraf|Farigiraf, L50, M|100/100
|move|p1a: Charizard|Protect|p1a: Charizard
|-singleturn|p1a: Charizard|Protect
|move|p2b: Archaludon|Protect|p2b: Archaludon
|-singleturn|p2b: Archaludon|Protect
|move|p2a: Venusaur|Giga Drain|p1b: Farigiraf
|-damage|p1b: Farigiraf|66/100
|-heal|p2a: Venusaur|100/100|[from] drain|[of] p1b: Farigiraf
|
|-weather|RainDance|[upkeep]
|upkeep
|turn|5
|inactive|new mental has 30 seconds left.
|
|t:|1784464591
|detailschange|p1a: Charizard|Charizard-Mega-Y, L50, M
|-mega|p1a: Charizard|Charizard|Charizardite Y
|-weather|SunnyDay|[from] ability: Drought|[of] p1a: Charizard
|move|p2a: Venusaur|Protect|p2a: Venusaur
|-singleturn|p2a: Venusaur|Protect
|move|p1a: Charizard|Weather Ball|p2b: Archaludon
|-damage|p2b: Archaludon|15/100
|-ability|p2b: Archaludon|Stamina|boost
|-boost|p2b: Archaludon|def|1
|move|p2b: Archaludon|Electro Shot||[still]
|-prepare|p2b: Archaludon|Electro Shot
|-boost|p2b: Archaludon|spa|1
|move|p1b: Farigiraf|Psychic|p2a: Venusaur
|-activate|p2a: Venusaur|move: Protect
|
|-weather|SunnyDay|[upkeep]
|-heal|p2b: Archaludon|21/100|[from] item: Leftovers
|upkeep
|turn|6
|
|t:|1784464615
|switch|p2a: Pelipper|Pelipper, L50, M|100/100
|-weather|RainDance|[from] ability: Drizzle|[of] p2a: Pelipper
|move|p1a: Charizard|Weather Ball|p2b: Archaludon
|-resisted|p2b: Archaludon|1
|-crit|p2b: Archaludon
|-damage|p2b: Archaludon|0 fnt
|faint|p2b: Archaludon
|move|p1b: Farigiraf|Thunderbolt|p2a: Pelipper
|-supereffective|p2a: Pelipper|2
|-damage|p2a: Pelipper|0 fnt
|faint|p2a: Pelipper
|
|-weather|RainDance|[upkeep]
|upkeep
|
|t:|1784464623
|switch|p2a: Venusaur|Venusaur-Mega, L50, F|100/100
|turn|7
|
|t:|1784464631
|switch|p1a: Garchomp|Garchomp, L50, F|43/100
|move|p2a: Venusaur|Sludge Bomb|p1a: Garchomp
|-resisted|p1a: Garchomp|1
|-damage|p1a: Garchomp|17/100
|-status|p1a: Garchomp|psn
|move|p1b: Farigiraf|Psychic|p2a: Venusaur
|-supereffective|p2a: Venusaur|1
|-damage|p2a: Venusaur|47/100
|
|-weather|RainDance|[upkeep]
|-damage|p1a: Garchomp|5/100 psn|[from] psn
|upkeep
|turn|8
|
|t:|1784464641
|move|p1a: Garchomp|Dragon Claw|p2a: Venusaur
|-damage|p2a: Venusaur|5/100
|-damage|p1a: Garchomp|0 fnt|[from] item: Life Orb
|faint|p1a: Garchomp
|move|p2a: Venusaur|Sludge Bomb|p1b: Farigiraf
|-damage|p1b: Farigiraf|26/100
|-enditem|p1b: Farigiraf|Sitrus Berry|[eat]
|-heal|p1b: Farigiraf|51/100|[from] item: Sitrus Berry
|move|p1b: Farigiraf|Psychic|p2a: Venusaur
|-supereffective|p2a: Venusaur|1
|-damage|p2a: Venusaur|0 fnt
|faint|p2a: Venusaur
|
|win|new mental
|raw|new mental's rating: 1219 → 1243(+24 for winning)
|raw|belinvgc's rating: 1199 → 1175(-24 for losing)
