|j|☆mirokartlivehc
|j|☆TheCrazyMonkey14
|html|mirokartlivehcTheCrazyMonkey14    
|uhtml|bestof|Game 2 of a best-of-3
|t:|1756330744
|gametype|doubles
|player|p1|mirokartlivehc|lucas|1079
|player|p2|TheCrazyMonkey14|benga|1000
|gen|9
|tier|[Gen 9] VGC 2025 Reg H (Bo3)
|rated|
|rule|Species Clause: Limit one of each Pokémon
|rule|Item Clause: Limit 1 of each item
|clearpoke
|poke|p1|Dragapult, L50, M|
|poke|p1|Volcarona, L50, F|
|poke|p1|Annihilape, L50, M|
|poke|p1|Clodsire, L50, F|
|poke|p1|Gastrodon-East, L50, F|
|poke|p1|Sinistcha, L50|
|poke|p2|Ursaluna-Bloodmoon, L50, M|
|poke|p2|Gholdengo, L50|
|poke|p2|Dragonite, L50, F|
|poke|p2|Sneasler, L50, M|
|poke|p2|Incineroar, L50, F|
|poke|p2|Amoonguss, L50, M|
|teampreview|4
|showteam|p1|Dragapult||SafetyGoggles|ClearBody|DragonDarts,PhantomForce,WillOWisp,Protect|||M|||50|,,,,,Steel]Volcarona||CovertCloak|FlameBody|FieryDance,StruggleBug,Tailwind,QuiverDance|||F|||50|,,,,,Water]Annihilape||ChoiceScarf|Defiant|FinalGambit,CloseCombat,RageFist,Coaching|||M|||50|,,,,,Stellar]Clodsire||Leftovers|WaterAbsorb|PoisonJab,StompingTantrum,Curse,Protect|||F|||50|,,,,,Fire]Gastrodon-East||SitrusBerry|StormDrain|EarthPower,IceBeam,Yawn,Protect|||F|||50|,,,,,Normal]Sinistcha||MentalHerb|Hospitality|MatchaGotcha,ShadowBall,RagePowder,TrickRoom||||||50|,,,,,Dark
|showteam|p2|Ursaluna-Bloodmoon||AssaultVest|MindsEye|BloodMoon,EarthPower,VacuumWave,HyperVoice|||M|||50|,,,,,Water]Gholdengo||LifeOrb|GoodasGold|Protect,MakeItRain,ShadowBall,NastyPlot||||||50|,,,,,Water]Dragonite||LoadedDice|Multiscale|ScaleShot,Tailwind,Haze,Protect|||F|||50|,,,,,Fairy]Sneasler||FocusSash|Unburden|Protect,DireClaw,CloseCombat,ThroatChop|||M|||50|,,,,,Stellar]Incineroar||SafetyGoggles|Intimidate|KnockOff,PartingShot,FlareBlitz,FakeOut|||F|||50|,,,,,Ghost]Amoonguss||SitrusBerry|Regenerator|RagePowder,Spore,PollenPuff,Protect|||M|||50|,,,,,Psychic
|
|t:|1756330761
|teamsize|p1|4
|teamsize|p2|4
|start
|switch|p1a: Annihilape|Annihilape, L50, M|100/100
|switch|p1b: Dragapult|Dragapult, L50, M|100/100
|switch|p2a: Incineroar|Incineroar, L50, F|100/100
|switch|p2b: Dragonite|Dragonite, L50, F|100/100
|-ability|p2a: Incineroar|Intimidate|boost
|-unboost|p1a: Annihilape|atk|1
|-ability|p1a: Annihilape|Defiant|boost
|-boost|p1a: Annihilape|atk|2
|-fail|p1b: Dragapult|unboost|[from] ability: Clear Body|[of] p1b: Dragapult
|turn|1
|
|t:|1756330787
|-terastallize|p1b: Dragapult|Steel
|move|p2b: Dragonite|Protect|p2b: Dragonite
|-singleturn|p2b: Dragonite|Protect
|move|p1a: Annihilape|Close Combat|p2a: Incineroar
|-supereffective|p2a: Incineroar
|-damage|p2a: Incineroar|0 fnt
|-unboost|p1a: Annihilape|def|1
|-unboost|p1a: Annihilape|spd|1
|faint|p2a: Incineroar
|move|p1b: Dragapult|Will-O-Wisp|p2b: Dragonite
|-activate|p2b: Dragonite|move: Protect
|
|upkeep
|
|t:|1756330799
|switch|p2a: Sneasler|Sneasler, L50, M|100/100
|turn|2
|inactive|Battle timer is ON: inactive players will automatically lose when time's up. (requested by TheCrazyMonkey14)
|
|t:|1756330839
|move|p1a: Annihilape|Close Combat|p2a: Sneasler
|-resisted|p2a: Sneasler
|-damage|p2a: Sneasler|40/100
|-unboost|p1a: Annihilape|def|1
|-unboost|p1a: Annihilape|spd|1
|move|p1b: Dragapult|Dragon Darts|p2a: Sneasler
|-damage|p2a: Sneasler|0 fnt
|-anim|p1b: Dragapult|Dragon Darts|p2b: Dragonite
|-supereffective|p2b: Dragonite
|-damage|p2b: Dragonite|72/100
|faint|p2a: Sneasler
|move|p2b: Dragonite|Tailwind|p2b: Dragonite
|-sidestart|p2: TheCrazyMonkey14|move: Tailwind
|
|upkeep
|
|t:|1756330851
|switch|p2a: Ursaluna|Ursaluna-Bloodmoon, L50, M|100/100
|turn|3
|
|t:|1756330875
|switch|p1a: Gastrodon|Gastrodon-East, L50, F|100/100
|move|p2b: Dragonite|Scale Shot|p1a: Gastrodon
|-damage|p1a: Gastrodon|86/100
|-crit|p1a: Gastrodon
|-damage|p1a: Gastrodon|64/100
|-damage|p1a: Gastrodon|48/100
|-enditem|p1a: Gastrodon|Sitrus Berry|[eat]
|-heal|p1a: Gastrodon|73/100|[from] item: Sitrus Berry
|-damage|p1a: Gastrodon|59/100
|-hitcount|p1a: Gastrodon|4
|-unboost|p2b: Dragonite|def|1
|-boost|p2b: Dragonite|spe|1
|move|p1b: Dragapult|Dragon Darts|p2b: Dragonite
|-supereffective|p2b: Dragonite
|-damage|p2b: Dragonite|0 fnt
|-anim|p1b: Dragapult|Dragon Darts|p2a: Ursaluna
|-damage|p2a: Ursaluna|83/100
|faint|p2b: Dragonite
|move|p2a: Ursaluna|Hyper Voice|p1a: Gastrodon|[spread] p1a,p1b
|-resisted|p1b: Dragapult
|-damage|p1a: Gastrodon|24/100
|-damage|p1b: Dragapult|80/100
|
|upkeep
|turn|4
|
|t:|1756330898
|move|p1b: Dragapult|Dragon Darts|p2a: Ursaluna
|-damage|p2a: Ursaluna|67/100
|-anim|p1b: Dragapult|Dragon Darts|p2a: Ursaluna
|-damage|p2a: Ursaluna|50/100
|move|p2a: Ursaluna|Earth Power|p1b: Dragapult
|-supereffective|p1b: Dragapult
|-crit|p1b: Dragapult
|-damage|p1b: Dragapult|0 fnt
|faint|p1b: Dragapult
|move|p1a: Gastrodon|Ice Beam|p2a: Ursaluna
|-supereffective|p2a: Ursaluna
|-damage|p2a: Ursaluna|15/100
|
|upkeep
|
|t:|1756330911
|switch|p1b: Annihilape|Annihilape, L50, M|100/100
|turn|5
|
|t:|1756330917
|-terastallize|p2a: Ursaluna|Water
|move|p1b: Annihilape|Close Combat|p2a: Ursaluna
|-damage|p2a: Ursaluna|0 fnt
|-unboost|p1b: Annihilape|def|1
|-unboost|p1b: Annihilape|spd|1
|faint|p2a: Ursaluna
|
|win|mirokartlivehc
||TheCrazyMonkey14 is ready for game 3.
||mirokartlivehc is ready for game 3.
|uhtml|next|Next: Game 3 of 3
|l|☆mirokartlivehc
|player|p1|
