|j|☆The_Shawdoin
|j|☆Rotomdegelo
|html|The_ShawdoinRotomdegelo    
|uhtml|bestof|Game 2 of a best-of-3
|t:|1783277538
|gametype|doubles
|player|p1|The_Shawdoin|caitlin|1158
|player|p2|Rotomdegelo|medium|1022
|gen|9
|tier|[Gen 9 Champions] VGC 2026 Reg M-B (Bo3)
|rated|
|rule|Species Clause: Limit one of each Pokémon
|rule|Item Clause: Limit 1 of each item
|clearpoke
|poke|p1|Grimmsnarl, L50, M|
|poke|p1|Basculegion, L50, M|
|poke|p1|Pelipper, L50, F|
|poke|p1|Archaludon, L50, M|
|poke|p1|Swampert, L50, F|
|poke|p1|Aerodactyl, L50, F|
|poke|p2|Blaziken, L50, F|
|poke|p2|Clefable, L50, M|
|poke|p2|Meowscarada, L50, F|
|poke|p2|Basculegion, L50, M|
|poke|p2|Beedrill, L50, M|
|poke|p2|Whimsicott, L50, F|
|teampreview|4
|showteam|p1|Grimmsnarl||LightClay|Prankster|SpiritBreak,Reflect,LightScreen,PartingShot|Careful||M|||50|]Basculegion||ChoiceScarf|Adaptability|WaveCrash,LastRespects,AquaJet,FlipTurn|Jolly||M|||50|]Pelipper||SitrusBerry|Drizzle|Hurricane,WeatherBall,Tailwind,WideGuard|Modest||F|||50|]Archaludon||Leftovers|Stamina|FlashCannon,DragonPulse,ElectroShot,Protect|Modest||M|||50|]Swampert||Swampertite|Damp|WaveCrash,Earthquake,IcePunch,Protect|Adamant||F|||50|]Aerodactyl||Aerodactylite|Unnerve|RockSlide,DualWingbeat,IceFang,Tailwind|Jolly||F|||50|
|showteam|p2|Blaziken||Blazikenite|SpeedBoost|SwordsDance,BlazeKick,HighJumpKick,Protect|Adamant||F|||50|]Clefable||SitrusBerry|Unaware|FollowMe,Moonlight,CosmicPower,ThunderWave|Calm||M|||50|]Meowscarada||LifeOrb|Protean|TripleAxel,FlowerTrick,Uturn,ShadowClaw|Jolly||F|||50|]Basculegion||ChoiceScarf|Adaptability|AquaJet,FlipTurn,LastRespects,WaveCrash|Jolly||M|||50|]Beedrill||Beedrillite|Swarm|Lunge,PoisonJab,Protect,DrillRun|Jolly||M|||50|]Whimsicott||FocusSash|Prankster|Tailwind,Encore,Taunt,LeechSeed|Bold||F|||50|
|inactive|Battle timer is ON: inactive players will automatically lose when time's up. (requested by The_Shawdoin)
|
|t:|1783277561
|teamsize|p1|4
|teamsize|p2|4
|start
|switch|p1a: Pelipper|Pelipper, L50, F|100/100
|switch|p1b: Swampert|Swampert, L50, F|100/100
|switch|p2a: Beedrill|Beedrill, L50, M|100/100
|switch|p2b: Whimsicott|Whimsicott, L50, F|100/100
|-weather|RainDance|[from] ability: Drizzle|[of] p1a: Pelipper
|turn|1
|
|t:|1783277578
|detailschange|p2a: Beedrill|Beedrill-Mega, L50, M
|-mega|p2a: Beedrill|Beedrill|Beedrillite
|detailschange|p1b: Swampert|Swampert-Mega, L50, F
|-mega|p1b: Swampert|Swampert|Swampertite
|move|p2b: Whimsicott|Tailwind|p2b: Whimsicott
|-sidestart|p2: Rotomdegelo|move: Tailwind
|move|p2a: Beedrill|Lunge|p1b: Swampert
|-damage|p1b: Swampert|44/100
|-unboost|p1b: Swampert|atk|1
|move|p1b: Swampert|Wave Crash|p2a: Beedrill
|-damage|p2a: Beedrill|0 fnt
|faint|p2a: Beedrill
|-damage|p1b: Swampert|19/100|[from] Recoil
|move|p1a: Pelipper|Hurricane|p2b: Whimsicott
|-supereffective|p2b: Whimsicott|1
|-enditem|p2b: Whimsicott|Focus Sash
|-damage|p2b: Whimsicott|1/100
|
|-weather|RainDance|[upkeep]
|upkeep
|
|t:|1783277588
|switch|p2a: Meowscarada|Meowscarada, L50, F|100/100
|turn|2
|inactive|Rotomdegelo has 30 seconds left.
|inactive|Rotomdegelo has 20 seconds left.
|
|t:|1783277626
|move|p1b: Swampert|Protect|p1b: Swampert
|-singleturn|p1b: Swampert|Protect
|move|p2b: Whimsicott|Leech Seed|p1a: Pelipper
|-start|p1a: Pelipper|move: Leech Seed
|move|p2a: Meowscarada|Triple Axel|p1b: Swampert
|-start|p2a: Meowscarada|typechange|Ice|[from] ability: Protean
|-activate|p1b: Swampert|move: Protect
|move|p1a: Pelipper|Hurricane|p2a: Meowscarada
|-damage|p2a: Meowscarada|40/100
|
|-weather|RainDance|[upkeep]
|-damage|p1a: Pelipper|88/100|[from] Leech Seed|[of] p2b: Whimsicott
|-heal|p2b: Whimsicott|12/100|[silent]
|upkeep
|turn|3
|inactive|Rotomdegelo has 30 seconds left.
|
|t:|1783277654
|switch|p1b: Archaludon|Archaludon, L50, M|100/100
|move|p2b: Whimsicott|Taunt|p1a: Pelipper
|-start|p1a: Pelipper|move: Taunt
|move|p2a: Meowscarada|Triple Axel|p1b: Archaludon
|-damage|p1b: Archaludon|90/100
|-ability|p1b: Archaludon|Stamina|boost
|-boost|p1b: Archaludon|def|1
|-crit|p1b: Archaludon
|-damage|p1b: Archaludon|63/100
|-ability|p1b: Archaludon|Stamina|boost
|-boost|p1b: Archaludon|def|1
|-crit|p1b: Archaludon
|-damage|p1b: Archaludon|21/100
|-ability|p1b: Archaludon|Stamina|boost
|-boost|p1b: Archaludon|def|1
|-hitcount|p1b: Archaludon|3
|-damage|p2a: Meowscarada|30/100|[from] item: Life Orb
|move|p1a: Pelipper|Weather Ball|p2a: Meowscarada
|-damage|p2a: Meowscarada|0 fnt
|faint|p2a: Meowscarada
|
|-weather|RainDance|[upkeep]
|-heal|p1b: Archaludon|27/100|[from] item: Leftovers
|-damage|p1a: Pelipper|76/100|[from] Leech Seed|[of] p2b: Whimsicott
|-heal|p2b: Whimsicott|24/100|[silent]
|upkeep
|
|t:|1783277661
|switch|p2a: Basculegion|Basculegion, L50, M|100/100
|turn|4
|
|t:|1783277682
|move|p2b: Whimsicott|Encore||[still]
|-fail|p2b: Whimsicott
|move|p2a: Basculegion|Last Respects|p1b: Archaludon
|-crit|p1b: Archaludon
|-damage|p1b: Archaludon|0 fnt
|faint|p1b: Archaludon
|move|p1a: Pelipper|Hurricane|p2b: Whimsicott
|-supereffective|p2b: Whimsicott|1
|-damage|p2b: Whimsicott|0 fnt
|faint|p2b: Whimsicott
|
|-weather|RainDance|[upkeep]
|-sideend|p2: Rotomdegelo|move: Tailwind
|upkeep
|inactive|The_Shawdoin has 30 seconds left.
|c|☆The_Shawdoin|that triple crit is crazy
|
|t:|1783277716
|switch|p1b: Basculegion|Basculegion, L50, M|100/100
|turn|5
|
|t:|1783277720
|move|p2a: Basculegion|Last Respects|p1b: Basculegion
|-supereffective|p1b: Basculegion|1
|-damage|p1b: Basculegion|0 fnt
|faint|p1b: Basculegion
|move|p1a: Pelipper|Hurricane|p2a: Basculegion
|-damage|p2a: Basculegion|54/100
|-start|p2a: Basculegion|confusion
|
|-weather|none
|-end|p1a: Pelipper|move: Taunt
|upkeep
|
|t:|1783277728
|switch|p1b: Swampert|Swampert-Mega, L50, F|19/100
|turn|6
|
|t:|1783277736
|-activate|p2a: Basculegion|confusion
|move|p2a: Basculegion|Last Respects|p1b: Swampert
|-damage|p1b: Swampert|0 fnt
|faint|p1b: Swampert
|move|p1a: Pelipper|Hurricane|p2a: Basculegion|[miss]
|-miss|p1a: Pelipper|p2a: Basculegion
|
|upkeep
|turn|7
|
|t:|1783277743
|-end|p2a: Basculegion|confusion
|move|p2a: Basculegion|Last Respects|p1a: Pelipper
|-damage|p1a: Pelipper|0 fnt
|faint|p1a: Pelipper
|
|win|Rotomdegelo
|raw|The_Shawdoin's rating: 1158 → 1124(-34 for losing)
|raw|Rotomdegelo's rating: 1022 → 1072(+50 for winning)
|l|☆Rotomdegelo
|player|p2|
