|j|☆voidgod050
|j|☆KUTF1
|html|voidgod050KUTF1    
|uhtml|bestof|Game 1 of a best-of-3
|t:|1782685048
|gametype|doubles
|player|p1|voidgod050|richboy-gen4|1000
|player|p2|KUTF1|pokemonbreederf-gen4|1053
|gen|9
|tier|[Gen 9 Champions] VGC 2026 Reg M-B (Bo3)
|rated|
|rule|Species Clause: Limit one of each Pokémon
|rule|Item Clause: Limit 1 of each item
|clearpoke
|poke|p1|Dragapult, L50, M, shiny|
|poke|p1|Sylveon, L50, M, shiny|
|poke|p1|Toxapex, L50, M, shiny|
|poke|p1|Gengar, L50, M, shiny|
|poke|p1|Alakazam, L50, M, shiny|
|poke|p1|Palafin, L50, M, shiny|
|poke|p2|Raichu, L50, M|
|poke|p2|Clefable, L50, F|
|poke|p2|Mamoswine, L50, F|
|poke|p2|Ditto, L50|
|poke|p2|Musharna, L50, M|
|poke|p2|Whimsicott, L50, F|
|teampreview|4
|showteam|p1|Dragapult||MentalHerb|CursedBody|Round,DragonPulse,Agility,ShadowBall|Modest||M|||50|]Sylveon||FairyFeather|Pixilate|Round,HyperVoice,Detect,HyperBeam|Modest||M|||50|]Toxapex||SitrusBerry|Regenerator|BanefulBunker,Infestation,WideGuard,ChillingWater|Modest||M|||50|]Gengar||Gengarite|CursedBody|Venoshock,ShadowBall,Disable,NastyPlot|Timid||M|||50|]Alakazam||Alakazite|Synchronize|CalmMind,Encore,Psychic,Round|Timid||M|||50|]Palafin||MysticWater|ZerotoHero|JetPunch,Agility,Waterfall,Protect|Adamant||M|||50|
|showteam|p2|Raichu||RaichuniteY|LightningRod|ZapCannon,Protect,FakeOut,FocusBlast|Timid||M|||50|]Clefable||Clefablite|MagicGuard|DazzlingGleam,Protect,CalmMind,Flamethrower|Modest||F|||50|]Mamoswine||FocusSash|Oblivious|Earthquake,Protect,IcicleCrash,IceShard|Jolly||F|||50|]Ditto||ChoiceScarf|Imposter|Transform|Bold|||||50|]Musharna||ColburBerry|Telepathy|Psychic,Protect,TrickRoom,Moonblast|Relaxed||M|||50|]Whimsicott||MentalHerb|Prankster|Moonblast,Encore,Tailwind,Taunt|Timid||F|||50|
|inactive|Battle timer is ON: inactive players will automatically lose when time's up. (requested by KUTF1)
|inactive|voidgod050 also wants the timer to be on.
|
|t:|1782685074
|teamsize|p1|4
|teamsize|p2|4
|start
|switch|p1a: Alakazam|Alakazam, L50, M, shiny|100/100
|switch|p1b: Sylveon|Sylveon, L50, M, shiny|100/100
|switch|p2a: 100 Rats|Raichu, L50, M|100/100
|switch|p2b: Whimsi|Whimsicott, L50, F|100/100
|turn|1
|inactive|voidgod050 no longer wants the timer on, but the timer is staying on because kutf1 still does.
|
|t:|1782685097
|detailschange|p1a: Alakazam|Alakazam-Mega, L50, M, shiny
|-mega|p1a: Alakazam|Alakazam|Alakazite
|-ability|p1a: Alakazam|Lightning Rod|Trace|[from] ability: Trace|[of] p2a: 100 Rats
|detailschange|p2a: 100 Rats|Raichu-Mega-Y, L50, M
|-mega|p2a: 100 Rats|Raichu|Raichunite Y
|move|p2a: 100 Rats|Fake Out|p1b: Sylveon
|-damage|p1b: Sylveon|90/100
|move|p1a: Alakazam|Round|p2b: Whimsi
|-damage|p2b: Whimsi|64/100
|cant|p1b: Sylveon|flinch
|move|p2b: Whimsi|Moonblast|p1a: Alakazam
|-damage|p1a: Alakazam|62/100
|
|upkeep
|turn|2
|
|t:|1782685122
|switch|p2a: Chiba|Mamoswine, L50, F|100/100
|move|p1a: Alakazam|Round|p2b: Whimsi
|-damage|p2b: Whimsi|25/100
|move|p1b: Sylveon|Round|p2a: Chiba|[from] move: Round
|-enditem|p2a: Chiba|Focus Sash
|-damage|p2a: Chiba|1/100
|move|p2b: Whimsi|Moonblast|p1a: Alakazam
|-damage|p1a: Alakazam|25/100
|
|upkeep
|turn|3
|
|t:|1782685145
|move|p2b: Whimsi|Encore|p1b: Sylveon
|-start|p1b: Sylveon|Encore
|move|p2a: Chiba|Ice Shard|p1a: Alakazam
|-damage|p1a: Alakazam|0 fnt
|faint|p1a: Alakazam
|move|p1b: Sylveon|Round|p2a: Chiba
|-damage|p2a: Chiba|0 fnt
|faint|p2a: Chiba
|
|upkeep
|
|t:|1782685159
|switch|p1a: Toxapex|Toxapex, L50, M, shiny|100/100
|switch|p2a: Derple|Ditto, L50|100/100
|-transform|p2a: Derple|p1b: Sylveon|[from] ability: Imposter
|turn|4
|
|t:|1782685173
|move|p2b: Whimsi|Taunt|p1a: Toxapex
|-start|p1a: Toxapex|move: Taunt
|move|p2a: Derple|Hyper Voice|p1a: Toxapex|[spread] p1a,p1b
|-resisted|p1a: Toxapex|1
|-crit|p1b: Sylveon
|-damage|p1a: Toxapex|82/100
|-damage|p1b: Sylveon|44/100
|move|p1b: Sylveon|Round|p2b: Whimsi
|-damage|p2b: Whimsi|0 fnt
|faint|p2b: Whimsi
|move|p1a: Toxapex|Infestation|p2a: Derple
|-resisted|p2a: Derple|1
|-damage|p2a: Derple|98/100
|-activate|p2a: Derple|move: Infestation|[of] p1a: Toxapex
|
|-damage|p2a: Derple|85/100|[from] move: Infestation|[partiallytrapped]
|upkeep
|
|t:|1782685175
|switch|p2b: 100 Rats|Raichu-Mega-Y, L50, M|100/100
|turn|5
|
|t:|1782685199
|move|p2b: 100 Rats|Zap Cannon|p1a: Toxapex
|-supereffective|p1a: Toxapex|1
|-damage|p1a: Toxapex|0 fnt
|faint|p1a: Toxapex
|move|p2a: Derple|Hyper Voice|p1b: Sylveon
|-damage|p1b: Sylveon|4/100
|move|p1b: Sylveon|Round|p2b: 100 Rats
|-damage|p2b: 100 Rats|36/100
|
|-end|p2a: Derple|Infestation|[partiallytrapped]|[silent]
|-end|p1b: Sylveon|Encore
|upkeep
|
|t:|1782685211
|switch|p1a: Gengar|Gengar, L50, M, shiny|100/100
|turn|6
|
|t:|1782685225
|move|p2b: 100 Rats|Zap Cannon|p1a: Gengar
|-damage|p1a: Gengar|0 fnt
|faint|p1a: Gengar
|move|p2a: Derple|Hyper Voice|p1b: Sylveon
|-damage|p1b: Sylveon|0 fnt
|faint|p1b: Sylveon
|
|win|KUTF1
||voidgod050 is ready for game 2.
|inactive|KUTF1 has 30 seconds to confirm battle start!
