|j|☆boonanar
|j|☆pagoose chase
|html|boonanarpagoose chase    
|uhtml|bestof|Game 2 of a best-of-3
|t:|1756675002
|gametype|doubles
|player|p1|boonanar|winona|1055
|player|p2|pagoose chase|roxanne-gen6|1042
|gen|9
|tier|[Gen 9] VGC 2025 Reg H (Bo3)
|rated|
|rule|Species Clause: Limit one of each Pokémon
|rule|Item Clause: Limit 1 of each item
|clearpoke
|poke|p1|Sneasler, L50, F|
|poke|p1|Dragapult, L50, M|
|poke|p1|Rillaboom, L50, F|
|poke|p1|Electabuzz, L50, F|
|poke|p1|Kingambit, L50, M|
|poke|p1|Primarina, L50, F|
|poke|p2|Gliscor, L50, M|
|poke|p2|Tyranitar, L50, F|
|poke|p2|Rillaboom, L50, M|
|poke|p2|Gholdengo, L50|
|poke|p2|Electabuzz, L50, F|
|poke|p2|Dragonite, L50, M|
|teampreview|4
|showteam|p1|Sneasler||FocusSash|Unburden|FakeOut,DireClaw,CloseCombat,Protect|||F|||50|,,,,,Stellar]Dragapult||ChoiceBand|ClearBody|DragonDarts,PhantomForce,Uturn,TeraBlast|||M|||50|,,,,,Ghost]Rillaboom||AssaultVest|GrassySurge|FakeOut,WoodHammer,GrassyGlide,HighHorsepower|||F|||50|,,,,,Fire]Electabuzz||Eviolite|VitalSpirit|Thunderbolt,FollowMe,Taunt,Protect|||F|||50|,,,,,Ghost]Kingambit||BlackGlasses|Defiant|KowtowCleave,SuckerPunch,SwordsDance,Protect|||M|||50|,,,,,Ghost]Primarina||LifeOrb|LiquidVoice|HyperVoice,Moonblast,Haze,Protect|||F|||50|,,,,,Water
|showteam|p2|Gliscor||ToxicOrb|PoisonHeal|DualWingbeat,HighHorsepower,Tailwind,Protect|||M|||50|,,,,,Water]Tyranitar||AssaultVest|SandStream|RockSlide,KnockOff,LowKick,TeraBlast|||F|||50|,,,,,Flying]Rillaboom||MiracleSeed|GrassySurge|FakeOut,GrassyGlide,WoodHammer,Uturn|||M|||50|,,,,,Fire]Gholdengo||LifeOrb|GoodasGold|MakeItRain,ShadowBall,NastyPlot,Protect||||||50|,,,,,Water]Electabuzz||Eviolite|VitalSpirit|FollowMe,Electroweb,Taunt,Protect|||F|||50|,,,,,Ghost]Dragonite||LoadedDice|Multiscale|ScaleShot,StompingTantrum,Haze,Protect|||M|||50|,,,,,Steel
|inactive|Battle timer is ON: inactive players will automatically lose when time's up. (requested by boonanar)
|
|t:|1756675030
|teamsize|p1|4
|teamsize|p2|4
|start
|switch|p1a: Dragapult|Dragapult, L50, M|100/100
|switch|p1b: Sneasler|Sneasler, L50, F|100/100
|switch|p2a: Dragonite|Dragonite, L50, M|100/100
|switch|p2b: Gliscor|Gliscor, L50, M|100/100
|turn|1
|
|t:|1756675043
|move|p2b: Gliscor|Protect|p2b: Gliscor
|-singleturn|p2b: Gliscor|Protect
|move|p2a: Dragonite|Protect|p2a: Dragonite
|-singleturn|p2a: Dragonite|Protect
|move|p1b: Sneasler|Fake Out|p2a: Dragonite
|-activate|p2a: Dragonite|move: Protect
|move|p1a: Dragapult|Phantom Force||[still]
|-prepare|p1a: Dragapult|Phantom Force
|
|-status|p2b: Gliscor|tox|[from] item: Toxic Orb
|upkeep
|turn|2
|
|t:|1756675049
|move|p1b: Sneasler|Protect|p1b: Sneasler
|-singleturn|p1b: Sneasler|Protect
|move|p1a: Dragapult|Phantom Force|p2b: Gliscor|[from] lockedmove
|-damage|p2b: Gliscor|32/100 tox
|move|p2b: Gliscor|Tailwind|p2b: Gliscor
|-sidestart|p2: pagoose chase|move: Tailwind
|move|p2a: Dragonite|Scale Shot|p1b: Sneasler
|-activate|p1b: Sneasler|move: Protect
|
|-heal|p2b: Gliscor|44/100 tox|[from] ability: Poison Heal
|upkeep
|turn|3
|
|t:|1756675061
|switch|p1b: Primarina|Primarina, L50, F|100/100
|move|p2b: Gliscor|High Horsepower|p1a: Dragapult
|-damage|p1a: Dragapult|43/100
|move|p2a: Dragonite|Scale Shot|p1b: Primarina
|-immune|p1b: Primarina
|move|p1a: Dragapult|Phantom Force||[still]
|-prepare|p1a: Dragapult|Phantom Force
|
|-heal|p2b: Gliscor|56/100 tox|[from] ability: Poison Heal
|upkeep
|turn|4
|
|t:|1756675076
|switch|p2b: Electabuzz|Electabuzz, L50, F|100/100
|move|p2a: Dragonite|Protect|p2a: Dragonite
|-singleturn|p2a: Dragonite|Protect
|move|p1a: Dragapult|Phantom Force|p2b: Electabuzz|[from] lockedmove
|-damage|p2b: Electabuzz|55/100
|move|p1b: Primarina|Hyper Voice|p2b: Electabuzz|[spread] p2b
|-activate|p2a: Dragonite|move: Protect
|-damage|p2b: Electabuzz|21/100
|-damage|p1b: Primarina|91/100|[from] item: Life Orb
|
|upkeep
|turn|5
|
|t:|1756675083
|move|p2a: Dragonite|Scale Shot|p1a: Dragapult
|-supereffective|p1a: Dragapult
|-damage|p1a: Dragapult|0 fnt
|faint|p1a: Dragapult
|-hitcount|p1: Dragapult|1
|-unboost|p2a: Dragonite|def|1
|-boost|p2a: Dragonite|spe|1
|move|p2b: Electabuzz|Electroweb|p1b: Primarina
|-supereffective|p1b: Primarina
|-damage|p1b: Primarina|57/100
|-unboost|p1b: Primarina|spe|1
|move|p1b: Primarina|Hyper Voice|p2b: Electabuzz|[spread] p2a,p2b
|-resisted|p2a: Dragonite
|-crit|p2a: Dragonite
|-crit|p2b: Electabuzz
|-damage|p2a: Dragonite|84/100
|-damage|p2b: Electabuzz|0 fnt
|faint|p2b: Electabuzz
|-damage|p1b: Primarina|48/100|[from] item: Life Orb
|
|-sideend|p2: pagoose chase|move: Tailwind
|upkeep
|
|t:|1756675088
|switch|p1a: Kingambit|Kingambit, L50, M|100/100
|switch|p2b: Gliscor|Gliscor, L50, M|56/100 tox
|turn|6
|
|t:|1756675112
|-terastallize|p1a: Kingambit|Ghost
|move|p1a: Kingambit|Sucker Punch|p2a: Dragonite
|-damage|p2a: Dragonite|6/100
|move|p2a: Dragonite|Stomping Tantrum|p1b: Primarina
|-damage|p1b: Primarina|20/100
|move|p2b: Gliscor|High Horsepower|p1b: Primarina
|-damage|p1b: Primarina|0 fnt
|faint|p1b: Primarina
|
|-heal|p2b: Gliscor|68/100 tox|[from] ability: Poison Heal
|upkeep
|
|t:|1756675122
|switch|p1b: Sneasler|Sneasler, L50, F|100/100
|turn|7
|
|t:|1756675136
|move|p1b: Sneasler|Fake Out|p2b: Gliscor
|-damage|p2b: Gliscor|54/100 tox
|move|p2a: Dragonite|Scale Shot|p1a: Kingambit
|-damage|p1a: Kingambit|89/100
|-damage|p1a: Kingambit|78/100
|-damage|p1a: Kingambit|67/100
|-damage|p1a: Kingambit|56/100
|-damage|p1a: Kingambit|46/100
|-hitcount|p1a: Kingambit|5
|-unboost|p2a: Dragonite|def|1
|-boost|p2a: Dragonite|spe|1
|cant|p2b: Gliscor|flinch
|move|p1a: Kingambit|Swords Dance|p1a: Kingambit
|-boost|p1a: Kingambit|atk|2
|
|-heal|p2b: Gliscor|66/100 tox|[from] ability: Poison Heal
|upkeep
|turn|8
|
|t:|1756675152
|move|p1a: Kingambit|Sucker Punch|p2b: Gliscor
|-damage|p2b: Gliscor|0 fnt
|faint|p2b: Gliscor
|move|p2a: Dragonite|Scale Shot|p1a: Kingambit
|-damage|p1a: Kingambit|35/100
|-damage|p1a: Kingambit|23/100
|-damage|p1a: Kingambit|12/100
|-damage|p1a: Kingambit|0 fnt
|faint|p1a: Kingambit
|-hitcount|p1: Kingambit|4
|-unboost|p2a: Dragonite|def|1
|-boost|p2a: Dragonite|spe|1
|move|p1b: Sneasler|Dire Claw|p2a: Dragonite
|-damage|p2a: Dragonite|0 fnt
|faint|p2a: Dragonite
|
|upkeep
|
|t:|1756675155
|switch|p2b: Rillaboom|Rillaboom, L50, M|100/100
|-fieldstart|move: Grassy Terrain|[from] ability: Grassy Surge|[of] p2b: Rillaboom
|turn|9
|
|t:|1756675157
|move|p2b: Rillaboom|Fake Out|p1b: Sneasler
|-damage|p1b: Sneasler|73/100
|cant|p1b: Sneasler|flinch
|
|-heal|p1b: Sneasler|79/100|[from] Grassy Terrain
|upkeep
|turn|10
|
|t:|1756675162
|-terastallize|p2b: Rillaboom|Fire
|move|p1b: Sneasler|Protect|p1b: Sneasler
|-singleturn|p1b: Sneasler|Protect
|move|p2b: Rillaboom|Wood Hammer|p1b: Sneasler
|-activate|p1b: Sneasler|move: Protect
|
|-heal|p1b: Sneasler|84/100|[from] Grassy Terrain
|upkeep
|turn|11
|
|t:|1756675173
|move|p1b: Sneasler|Close Combat|p2b: Rillaboom
|-damage|p2b: Rillaboom|47/100
|-unboost|p1b: Sneasler|def|1
|-unboost|p1b: Sneasler|spd|1
|move|p2b: Rillaboom|Wood Hammer|p1b: Sneasler
|-resisted|p1b: Sneasler
|-damage|p1b: Sneasler|0 fnt
|faint|p1b: Sneasler
|-damage|p2b: Rillaboom|26/100|[from] Recoil
|
|win|pagoose chase
|raw|boonanar's rating: 1055 → 1036(-19 for losing)
|raw|pagoose chase's rating: 1042 → 1077(+35 for winning)
|l|☆boonanar
|player|p1|
