|j|☆Adriatic Tides
|j|☆jiiito44
|html|Adriatic Tidesjiiito44    
|uhtml|bestof|Game 3 of a best-of-3
|t:|1784766451
|gametype|doubles
|player|p1|Adriatic Tides|leon|1189
|player|p2|jiiito44|1|1286
|gen|9
|tier|[Gen 9 Champions] VGC 2026 Reg M-B (Bo3)
|rated|
|rule|Species Clause: Limit one of each Pokémon
|rule|Item Clause: Limit 1 of each item
|clearpoke
|poke|p1|Tyranitar, L50, M|
|poke|p1|Excadrill, L50, M|
|poke|p1|Delphox, L50, M|
|poke|p1|Sinistcha, L50|
|poke|p1|Rotom-Wash, L50|
|poke|p1|Incineroar, L50, M|
|poke|p2|Incineroar, L50, F|
|poke|p2|Blastoise, L50, F|
|poke|p2|Maushold, L50|
|poke|p2|Sinistcha, L50|
|poke|p2|Sneasler, L50, M|
|poke|p2|Delphox, L50, F|
|teampreview|4
|showteam|p1|Tyranitar||Tyranitarite|SandStream|KnockOff,RockSlide,Protect,LowKick|Adamant||M|||50|]Excadrill||FocusSash|SandRush|Protect,Earthquake,IronHead,RockSlide|Adamant||M|||50|]Delphox||Delphoxite|Blaze|NastyPlot,HeatWave,Psyshock,Protect|Timid||M|||50|]Sinistcha||ColburBerry|Hospitality|TrickRoom,MatchaGotcha,Protect,RagePowder|Bold|||||50|]Rotom-Wash||Leftovers|Levitate|Electroweb,HydroPump,Protect,Thunderbolt|Modest|||||50|]Incineroar||SitrusBerry|Intimidate|FakeOut,FlareBlitz,PartingShot,ThroatChop|Careful||M|||50|
|showteam|p2|Incineroar||SitrusBerry|Intimidate|FakeOut,FlareBlitz,ThroatChop,PartingShot|Impish||F|||50|]Blastoise||Blastoisinite|Torrent|Protect,ShellSmash,DarkPulse,WaterSpout|Modest||F|||50|]Maushold||ChopleBerry|FriendGuard|Protect,SuperFang,FollowMe,Feint|Impish|||||50|]Sinistcha||KasibBerry|Hospitality|Protect,RagePowder,LifeDew,MatchaGotcha|Bold|||||50|]Sneasler||FocusSash|PoisonTouch|FakeOut,QuickGuard,PoisonJab,CloseCombat|Jolly||M|||50|]Delphox||Delphoxite|Blaze|Protect,NastyPlot,Psyshock,HeatWave|Timid||F|||50|
|
|t:|1784766498
|teamsize|p1|4
|teamsize|p2|4
|start
|switch|p1a: Incineroar|Incineroar, L50, M|100/100
|switch|p1b: Rotom|Rotom-Wash, L50|100/100
|switch|p2a: Sneasler|Sneasler, L50, M|100/100
|switch|p2b: Incineroar|Incineroar, L50, F|100/100
|-ability|p2b: Incineroar|Intimidate|boost
|-unboost|p1a: Incineroar|atk|1
|-unboost|p1b: Rotom|atk|1
|-ability|p1a: Incineroar|Intimidate|boost
|-unboost|p2a: Sneasler|atk|1
|-unboost|p2b: Incineroar|atk|1
|turn|1
|
|t:|1784766515
|switch|p1b: Sinistcha|Sinistcha, L50|100/100
|move|p2a: Sneasler|Fake Out|p1a: Incineroar
|-damage|p1a: Incineroar|91/100
|move|p2b: Incineroar|Parting Shot|p1b: Sinistcha
|-unboost|p1b: Sinistcha|atk|1
|-unboost|p1b: Sinistcha|spa|1
|
|t:|1784766527
|switch|p2b: Blastoise|Blastoise, L50, F|100/100|[from] Parting Shot
|cant|p1a: Incineroar|flinch
|
|upkeep
|turn|2
|
|t:|1784766555
|switch|p2a: Incineroar|Incineroar, L50, F|100/100
|-ability|p2a: Incineroar|Intimidate|boost
|-unboost|p1a: Incineroar|atk|1
|-unboost|p1b: Sinistcha|atk|1
|move|p2b: Blastoise|Protect|p2b: Blastoise
|-singleturn|p2b: Blastoise|Protect
|move|p1b: Sinistcha|Matcha Gotcha|p2b: Blastoise|[spread] p2a
|-activate|p2b: Blastoise|move: Protect
|-resisted|p2a: Incineroar|1
|-damage|p2a: Incineroar|92/100
|move|p1a: Incineroar|Parting Shot|p2b: Blastoise
|-activate|p2b: Blastoise|move: Protect
|
|upkeep
|turn|3
|
|t:|1784766581
|detailschange|p2b: Blastoise|Blastoise-Mega, L50, F
|-mega|p2b: Blastoise|Blastoise|Blastoisinite
|move|p2b: Blastoise|Water Spout|p1a: Incineroar|[spread] p1a,p1b
|-supereffective|p1a: Incineroar|1
|-resisted|p1b: Sinistcha|1
|-damage|p1a: Incineroar|0 fnt
|-damage|p1b: Sinistcha|62/100
|faint|p1a: Incineroar
|move|p1b: Sinistcha|Matcha Gotcha|p2b: Blastoise|[spread] p2a,p2b
|-resisted|p2a: Incineroar|1
|-supereffective|p2b: Blastoise|1
|-damage|p2a: Incineroar|85/100
|-heal|p1b: Sinistcha|67/100|[from] drain|[of] p2a: Incineroar
|-damage|p2b: Blastoise|67/100
|-heal|p1b: Sinistcha|81/100|[from] drain|[of] p2b: Blastoise
|move|p2a: Incineroar|Parting Shot|p1b: Sinistcha
|-unboost|p1b: Sinistcha|atk|1
|-unboost|p1b: Sinistcha|spa|1
|
|t:|1784766597
|switch|p2a: Sinistcha|Sinistcha, L50|100/100|[from] Parting Shot
|-heal|p2b: Blastoise|92/100|[from] ability: Hospitality|[of] p2a: Sinistcha
|
|upkeep
|
|t:|1784766601
|switch|p1a: Rotom|Rotom-Wash, L50|100/100
|turn|4
|
|t:|1784766608
|switch|p2b: Incineroar|Incineroar, L50, F|85/100
|-ability|p2b: Incineroar|Intimidate|boost
|-unboost|p1a: Rotom|atk|1
|-unboost|p1b: Sinistcha|atk|1
|move|p1a: Rotom|Electroweb|p2a: Sinistcha|[spread] p2a,p2b
|-resisted|p2a: Sinistcha|1
|-crit|p2a: Sinistcha
|-damage|p2a: Sinistcha|88/100
|-damage|p2b: Incineroar|71/100
|-unboost|p2a: Sinistcha|spe|1
|-unboost|p2b: Incineroar|spe|1
|move|p1b: Sinistcha|Matcha Gotcha|p2a: Sinistcha|[spread] p2a,p2b
|-resisted|p2a: Sinistcha|1
|-resisted|p2b: Incineroar|1
|-damage|p2a: Sinistcha|82/100
|-heal|p1b: Sinistcha|84/100|[from] drain|[of] p2a: Sinistcha
|-damage|p2b: Incineroar|66/100
|-heal|p1b: Sinistcha|88/100|[from] drain|[of] p2b: Incineroar
|move|p2a: Sinistcha|Matcha Gotcha|p1b: Sinistcha|[spread] p1b
|-miss|p2a: Sinistcha|p1a: Rotom
|-resisted|p1b: Sinistcha|1
|-damage|p1b: Sinistcha|74/100
|-heal|p2a: Sinistcha|88/100|[from] drain|[of] p1b: Sinistcha
|
|upkeep
|turn|5
|
|t:|1784766642
|switch|p1a: Delphox|Delphox, L50, M|100/100
|move|p1b: Sinistcha|Protect|p1b: Sinistcha
|-singleturn|p1b: Sinistcha|Protect
|move|p2a: Sinistcha|Rage Powder|p2a: Sinistcha
|-singleturn|p2a: Sinistcha|move: Rage Powder
|move|p2b: Incineroar|Parting Shot|p1a: Delphox
|-unboost|p1a: Delphox|atk|1
|-unboost|p1a: Delphox|spa|1
|
|t:|1784766654
|switch|p2b: Blastoise|Blastoise-Mega, L50, F|92/100|[from] Parting Shot
|
|upkeep
|turn|6
|
|t:|1784766676
|switch|p2a: Incineroar|Incineroar, L50, F|66/100
|-ability|p2a: Incineroar|Intimidate|boost
|-unboost|p1a: Delphox|atk|1
|-unboost|p1b: Sinistcha|atk|1
|detailschange|p1a: Delphox|Delphox-Mega, L50, M
|-mega|p1a: Delphox|Delphox|Delphoxite
|move|p1a: Delphox|Heat Wave|p2a: Incineroar|[spread] p2a,p2b
|-resisted|p2a: Incineroar|1
|-resisted|p2b: Blastoise|1
|-damage|p2a: Incineroar|54/100
|-damage|p2b: Blastoise|79/100
|move|p2b: Blastoise|Dark Pulse|p1b: Sinistcha
|-supereffective|p1b: Sinistcha|1
|-enditem|p1b: Sinistcha|Colbur Berry|[eat]
|-enditem|p1b: Sinistcha|Colbur Berry|[weaken]
|-damage|p1b: Sinistcha|24/100
|move|p1b: Sinistcha|Matcha Gotcha|p2b: Blastoise|[spread] p2a,p2b
|-resisted|p2a: Incineroar|1
|-supereffective|p2b: Blastoise|1
|-crit|p2b: Blastoise
|-damage|p2a: Incineroar|48/100
|-heal|p1b: Sinistcha|28/100|[from] drain|[of] p2a: Incineroar
|-damage|p2b: Blastoise|10/100
|-heal|p1b: Sinistcha|58/100|[from] drain|[of] p2b: Blastoise
|-enditem|p2a: Incineroar|Sitrus Berry|[eat]
|-heal|p2a: Incineroar|73/100|[from] item: Sitrus Berry
|
|upkeep
|turn|7
|
|t:|1784766723
|switch|p1a: Rotom|Rotom-Wash, L50|100/100
|move|p1b: Sinistcha|Protect|p1b: Sinistcha
|-singleturn|p1b: Sinistcha|Protect
|move|p2a: Incineroar|Fake Out|p1a: Rotom
|-damage|p1a: Rotom|88/100
|move|p2b: Blastoise|Shell Smash|p2b: Blastoise
|-unboost|p2b: Blastoise|def|1
|-unboost|p2b: Blastoise|spd|1
|-boost|p2b: Blastoise|atk|2
|-boost|p2b: Blastoise|spa|2
|-boost|p2b: Blastoise|spe|2
|
|-heal|p1a: Rotom|94/100|[from] item: Leftovers
|upkeep
|turn|8
|l|☆Adriatic Tides
|player|p1|
|j|☆Adriatic Tides
|player|p1|Adriatic Tides|leon|
|inactive|Battle timer is ON: inactive players will automatically lose when time's up. (requested by jiiito44)
|
|t:|1784766787
|move|p1b: Sinistcha|Rage Powder|p1b: Sinistcha
|-singleturn|p1b: Sinistcha|move: Rage Powder
|move|p2b: Blastoise|Dark Pulse|p1b: Sinistcha
|-supereffective|p1b: Sinistcha|1
|-damage|p1b: Sinistcha|0 fnt
|faint|p1b: Sinistcha
|move|p1a: Rotom|Electroweb|p2b: Blastoise|[spread] p2a,p2b
|-supereffective|p2b: Blastoise|1
|-damage|p2a: Incineroar|58/100
|-damage|p2b: Blastoise|0 fnt
|-unboost|p2a: Incineroar|spe|1
|faint|p2b: Blastoise
|move|p2a: Incineroar|Parting Shot|p1a: Rotom
|-unboost|p1a: Rotom|atk|1
|-unboost|p1a: Rotom|spa|1
|inactive|jiiito44 has 30 seconds left.
|inactive|jiiito44 has 20 seconds left.
|
|t:|1784766826
|switch|p2a: Sneasler|Sneasler, L50, M|100/100|[from] Parting Shot
|
|-heal|p1a: Rotom|100/100|[from] item: Leftovers
|upkeep
|
|t:|1784766832
|switch|p2b: Incineroar|Incineroar, L50, F|58/100
|switch|p1b: Delphox|Delphox-Mega, L50, M|100/100
|-ability|p2b: Incineroar|Intimidate|boost
|-unboost|p1a: Rotom|atk|1
|-unboost|p1b: Delphox|atk|1
|turn|9
|
|t:|1784766849
|move|p1b: Delphox|Protect|p1b: Delphox
|-singleturn|p1b: Delphox|Protect
|move|p2b: Incineroar|Fake Out|p1a: Rotom
|-crit|p1a: Rotom
|-damage|p1a: Rotom|81/100
|move|p2a: Sneasler|Poison Jab|p1a: Rotom
|-damage|p1a: Rotom|39/100
|-status|p1a: Rotom|psn|[from] ability: Poison Touch|[of] p2a: Sneasler
|cant|p1a: Rotom|flinch
|
|-heal|p1a: Rotom|45/100 psn|[from] item: Leftovers
|-damage|p1a: Rotom|33/100 psn|[from] psn
|upkeep
|turn|10
|
|t:|1784766874
|move|p1b: Delphox|Psyshock|p2a: Sneasler
|-supereffective|p2a: Sneasler|2
|-enditem|p2a: Sneasler|Focus Sash
|-damage|p2a: Sneasler|1/100
|move|p2a: Sneasler|Poison Jab|p1a: Rotom
|-damage|p1a: Rotom|0 fnt
|faint|p1a: Rotom
|move|p2b: Incineroar|Parting Shot|p1b: Delphox
|-unboost|p1b: Delphox|atk|1
|-unboost|p1b: Delphox|spa|1
|
|t:|1784766883
|switch|p2b: Sinistcha|Sinistcha, L50|88/100|[from] Parting Shot
|-heal|p2a: Sneasler|25/100|[from] ability: Hospitality|[of] p2b: Sinistcha
|
|upkeep
|turn|11
|
|t:|1784766903
|switch|p2b: Incineroar|Incineroar, L50, F|58/100
|-ability|p2b: Incineroar|Intimidate|boost
|-unboost|p1b: Delphox|atk|1
|move|p1b: Delphox|Heat Wave|p2b: Incineroar|[spread] p2a,p2b
|-resisted|p2b: Incineroar|1
|-damage|p2a: Sneasler|0 fnt
|-damage|p2b: Incineroar|44/100
|faint|p2a: Sneasler
|
|upkeep
|
|t:|1784766910
|switch|p2a: Sinistcha|Sinistcha, L50|88/100
|-heal|p2b: Incineroar|69/100|[from] ability: Hospitality|[of] p2a: Sinistcha
|turn|12
|
|t:|1784766914
|move|p2b: Incineroar|Fake Out|p1b: Delphox
|-crit|p1b: Delphox
|-damage|p1b: Delphox|77/100
|cant|p1b: Delphox|flinch
|move|p2a: Sinistcha|Life Dew|p2a: Sinistcha|[spread] p2a,p2b
|-heal|p2a: Sinistcha|100/100
|-heal|p2b: Incineroar|94/100
|
|upkeep
|turn|13
|
|t:|1784766925
|move|p1b: Delphox|Heat Wave|p2b: Incineroar|[spread] p2a,p2b
|-supereffective|p2a: Sinistcha|1
|-resisted|p2b: Incineroar|1
|-damage|p2a: Sinistcha|42/100
|-damage|p2b: Incineroar|82/100
|-status|p2a: Sinistcha|brn
|move|p2a: Sinistcha|Matcha Gotcha|p1b: Delphox
|-resisted|p1b: Delphox|1
|-damage|p1b: Delphox|61/100
|-heal|p2a: Sinistcha|50/100y brn|[from] drain|[of] p1b: Delphox
|move|p2b: Incineroar|Throat Chop|p1b: Delphox
|-supereffective|p1b: Delphox|1
|-damage|p1b: Delphox|0 fnt
|faint|p1b: Delphox
|
|win|jiiito44
|raw|Adriatic Tides's rating: 1189 → 1171(-18 for losing)
|raw|jiiito44's rating: 1286 → 1304(+18 for winning)
|l|☆jiiito44
|player|p2|
