|j|☆iannaVi
|j|☆master 792
|html|iannaVimaster 792    
|uhtml|bestof|Game 1 of a best-of-3
|t:|1784492526
|gametype|doubles
|player|p1|iannaVi|cheren-gen5bw2|1095
|player|p2|master 792|red|1248
|gen|9
|tier|[Gen 9 Champions] VGC 2026 Reg M-B (Bo3)
|rated|
|rule|Species Clause: Limit one of each Pokémon
|rule|Item Clause: Limit 1 of each item
|clearpoke
|poke|p1|Venusaur, L50, M|
|poke|p1|Farigiraf, L50, F|
|poke|p1|Aerodactyl, L50, F|
|poke|p1|Torkoal, L50, F|
|poke|p1|Incineroar, L50, M|
|poke|p1|Mawile, L50, F|
|poke|p2|Blastoise, L50, F|
|poke|p2|Delphox, L50, M|
|poke|p2|Incineroar, L50, F|
|poke|p2|Sneasler, L50, F|
|poke|p2|Sinistcha, L50, shiny|
|poke|p2|Maushold-Four, L50|
|teampreview|4
|showteam|p1|Venusaur||LifeOrb|Chlorophyll|SolarBeam,EarthPower,SludgeBomb,SleepPowder|Modest||M|||50|]Farigiraf||SitrusBerry|ArmorTail|TwinBeam,Thunderbolt,HelpingHand,TrickRoom|Relaxed||F|||50|]Aerodactyl||Aerodactylite|Unnerve|IceFang,DualWingbeat,RockSlide,IronHead|Adamant||F|||50|]Torkoal||Charcoal|Drought|HelpingHand,Eruption,Yawn,Protect|Relaxed||F|||50|]Incineroar||MuscleBand|Intimidate|FakeOut,FlareBlitz,CloseCombat,ThroatChop|Adamant||M|||50|]Mawile||Mawilite|HyperCutter|PlayRough,SuckerPunch,SwordsDance,Protect|Adamant||F|||50|
|showteam|p2|Blastoise||Blastoisinite|RainDish|WaterSpout,DarkPulse,ShellSmash,Protect|Modest||F|||50|]Delphox||Delphoxite|Blaze|HeatWave,Psychic,NastyPlot,Protect|Timid||M|||50|]Incineroar||SitrusBerry|Intimidate|FakeOut,PartingShot,FlareBlitz,ThroatChop|Impish||F|||50|]Sneasler||FocusSash|PoisonTouch|FakeOut,DireClaw,CloseCombat,QuickGuard|Jolly||F|||50|]Sinistcha||OccaBerry|Hospitality|MatchaGotcha,LifeDew,RagePowder,Protect|Bold|||||50|]Maushold-Four||ChopleBerry|FriendGuard|FollowMe,SuperFang,Protect,Taunt|Impish|||||50|
|j| Kantesu
|
|t:|1784492585
|teamsize|p1|4
|teamsize|p2|4
|start
|switch|p1a: Torkoal|Torkoal, L50, F|100/100
|switch|p1b: Aerodactyl|Aerodactyl, L50, F|100/100
|switch|p2a: Disney|Maushold-Four, L50|100/100
|switch|p2b: Iaisy|Blastoise, L50, F|100/100
|-ability|p1b: Aerodactyl|Unnerve
|-weather|SunnyDay|[from] ability: Drought|[of] p1a: Torkoal
|turn|1
|inactive|Battle timer is ON: inactive players will automatically lose when time's up. (requested by master 792)
|
|t:|1784492618
|detailschange|p1b: Aerodactyl|Aerodactyl-Mega, L50, F
|-mega|p1b: Aerodactyl|Aerodactyl|Aerodactylite
|detailschange|p2b: Iaisy|Blastoise-Mega, L50, F
|-mega|p2b: Iaisy|Blastoise|Blastoisinite
|move|p1b: Aerodactyl|Rock Slide|p2a: Disney|[spread] p2a
|-miss|p1b: Aerodactyl|p2b: Iaisy
|-damage|p2a: Disney|65/100
|move|p2a: Disney|Taunt|p1a: Torkoal
|-start|p1a: Torkoal|move: Taunt
|move|p2b: Iaisy|Shell Smash|p2b: Iaisy
|-unboost|p2b: Iaisy|def|1
|-unboost|p2b: Iaisy|spd|1
|-boost|p2b: Iaisy|atk|2
|-boost|p2b: Iaisy|spa|2
|-boost|p2b: Iaisy|spe|2
|move|p1a: Torkoal|Eruption|p2a: Disney|[spread] p2a,p2b
|-resisted|p2b: Iaisy|1
|-damage|p2a: Disney|0 fnt
|-damage|p2b: Iaisy|60/100
|faint|p2a: Disney
|
|-weather|SunnyDay|[upkeep]
|upkeep
|
|t:|1784492626
|switch|p2a: Leo|Incineroar, L50, F|100/100
|-ability|p2a: Leo|Intimidate|boost
|-unboost|p1a: Torkoal|atk|1
|-unboost|p1b: Aerodactyl|atk|1
|turn|2
|
|t:|1784492651
|switch|p1a: Farigiraf|Farigiraf, L50, F|100/100
|move|p2b: Iaisy|Dark Pulse|p1a: Farigiraf
|-supereffective|p1a: Farigiraf|1
|-damage|p1a: Farigiraf|0 fnt
|faint|p1a: Farigiraf
|move|p1b: Aerodactyl|Rock Slide|p2a: Leo|[spread] p2a,p2b
|-supereffective|p2a: Leo|1
|-damage|p2a: Leo|64/100
|-damage|p2b: Iaisy|27/100
|move|p2a: Leo|Parting Shot|p1b: Aerodactyl
|-unboost|p1b: Aerodactyl|atk|1
|-unboost|p1b: Aerodactyl|spa|1
|
|t:|1784492660
|switch|p2a: Garras|Sneasler, L50, F|100/100|[from] Parting Shot
|
|-weather|SunnyDay|[upkeep]
|upkeep
|
|t:|1784492667
|switch|p1a: Venusaur|Venusaur, L50, M|100/100
|turn|3
|
|t:|1784492686
|move|p2a: Garras|Fake Out|p1a: Venusaur
|-damage|p1a: Venusaur|83/100
|move|p2b: Iaisy|Dark Pulse|p1b: Aerodactyl
|-damage|p1b: Aerodactyl|0 fnt
|faint|p1b: Aerodactyl
|cant|p1a: Venusaur|flinch
|
|-weather|SunnyDay|[upkeep]
|upkeep
|
|t:|1784492694
|switch|p1b: Torkoal|Torkoal, L50, F|100/100
|turn|4
|
|t:|1784492709
|switch|p2a: Leo|Incineroar, L50, F|64/100
|-ability|p2a: Leo|Intimidate|boost
|-unboost|p1a: Venusaur|atk|1
|-unboost|p1b: Torkoal|atk|1
|move|p2b: Iaisy|Protect|p2b: Iaisy
|-singleturn|p2b: Iaisy|Protect
|move|p1a: Venusaur|Solar Beam||[still]
|-prepare|p1a: Venusaur|Solar Beam
|-anim|p1a: Venusaur|Solar Beam|p2b: Iaisy
|-activate|p2b: Iaisy|move: Protect
|move|p1b: Torkoal|Eruption|p2a: Leo|[spread] p2a
|-activate|p2b: Iaisy|move: Protect
|-resisted|p2a: Leo|1
|-damage|p2a: Leo|37/100
|-enditem|p2a: Leo|Sitrus Berry|[eat]
|-heal|p2a: Leo|62/100|[from] item: Sitrus Berry
|
|-weather|SunnyDay|[upkeep]
|upkeep
|turn|5
|inactive|iannaVi has 30 seconds left.
|
|t:|1784492741
|move|p2a: Leo|Fake Out|p1a: Venusaur
|-damage|p1a: Venusaur|72/100
|move|p2b: Iaisy|Dark Pulse|p1a: Venusaur
|-damage|p1a: Venusaur|0 fnt
|faint|p1a: Venusaur
|move|p1b: Torkoal|Yawn|p2b: Iaisy
|-start|p2b: Iaisy|move: Yawn|[of] p1b: Torkoal
|
|-weather|none
|upkeep
|turn|6
|-message|iannaVi forfeited.
|
|win|master 792
|l|☆iannaVi
|player|p1|
||master 792 is ready for game 2.
||iannaVi is ready for game 2.
|uhtml|next|Next: Game 2 of 3
|l| Kantesu
