|j|☆jgvs2710
|j|☆master 792
|html|jgvs2710master 792    
|uhtml|bestof|Game 3 of a best-of-3
|t:|1783741516
|gametype|doubles
|player|p1|jgvs2710|lucas|1062
|player|p2|master 792|red|1000
|gen|9
|tier|[Gen 9 Champions] VGC 2026 Reg M-B (Bo3)
|rated|
|rule|Species Clause: Limit one of each Pokémon
|rule|Item Clause: Limit 1 of each item
|clearpoke
|poke|p1|Basculegion, L50, M|
|poke|p1|Garchomp, L50, F|
|poke|p1|Pyroar, L50, F|
|poke|p1|Torkoal, L50, F|
|poke|p1|Venusaur, L50, F|
|poke|p1|Aerodactyl, L50, F|
|poke|p2|Blastoise, L50, M|
|poke|p2|Incineroar, L50, F|
|poke|p2|Kingambit, L50, F|
|poke|p2|Sneasler, L50, M|
|poke|p2|Sinistcha, L50|
|poke|p2|Delphox, L50, M|
|teampreview|4
|showteam|p1|Basculegion||MuscleBand|Adaptability|AquaJet,LastRespects,WaveCrash,Protect|Adamant||M|||50|]Garchomp||LifeOrb|RoughSkin|DragonClaw,StompingTantrum,RockSlide,Protect|Jolly||F|||50|]Pyroar||Pyroarite|Unnerve|HeatWave,Overheat,Protect,SolarBeam|Timid||F|||50|]Torkoal||HeatRock|Drought|HeatWave,Yawn,Protect,HelpingHand|Relaxed||F|||50|]Venusaur||FocusSash|Chlorophyll|Protect,LeafStorm,SludgeBomb,SleepPowder|Modest||F|||50|]Aerodactyl||Aerodactylite|Unnerve|Tailwind,IceFang,RockSlide,DualWingbeat|Jolly||F|||50|
|showteam|p2|Blastoise||Blastoisinite|RainDish|ShellSmash,WaterSpout,DarkPulse,Protect|Modest||M|||50|]Incineroar||SitrusBerry|Intimidate|FlareBlitz,FakeOut,PartingShot,HelpingHand|Impish||F|||50|]Kingambit||BlackGlasses|Defiant|KowtowCleave,Protect,SwordsDance,SuckerPunch|Adamant||F|||50|]Sneasler||FocusSash|PoisonTouch|DireClaw,CloseCombat,FakeOut,QuickGuard|Jolly||M|||50|]Sinistcha||OccaBerry|Hospitality|MatchaGotcha,Protect,TrickRoom,RagePowder|Bold|||||50|]Delphox||Delphoxite|Blaze|HeatWave,Psyshock,NastyPlot,Protect|Timid||M|||50|
|
|t:|1783741535
|teamsize|p1|4
|teamsize|p2|4
|start
|switch|p1a: Torkoal|Torkoal, L50, F|100/100
|switch|p1b: Venusaur|Venusaur, L50, F|100/100
|switch|p2a: Incineroar|Incineroar, L50, F|100/100
|switch|p2b: Delphox|Delphox, L50, M|100/100
|-ability|p2a: Incineroar|Intimidate|boost
|-unboost|p1a: Torkoal|atk|1
|-unboost|p1b: Venusaur|atk|1
|-weather|SunnyDay|[from] ability: Drought|[of] p1a: Torkoal
|turn|1
|
|t:|1783741545
|detailschange|p2b: Delphox|Delphox-Mega, L50, M
|-mega|p2b: Delphox|Delphox|Delphoxite
|move|p2a: Incineroar|Fake Out|p1a: Torkoal
|-damage|p1a: Torkoal|92/100
|move|p1b: Venusaur|Sleep Powder|p2b: Delphox|[miss]
|-miss|p1b: Venusaur|p2b: Delphox
|move|p2b: Delphox|Heat Wave|p1a: Torkoal|[spread] p1a
|-miss|p2b: Delphox|p1b: Venusaur
|-resisted|p1a: Torkoal|1
|-damage|p1a: Torkoal|62/100
|cant|p1a: Torkoal|flinch
|
|-weather|SunnyDay|[upkeep]
|upkeep
|turn|2
|
|t:|1783741558
|move|p1b: Venusaur|Sleep Powder|p2b: Delphox
|-status|p2b: Delphox|slp|[from] move: Sleep Powder
|cant|p2b: Delphox|slp
|move|p2a: Incineroar|Flare Blitz|p1b: Venusaur
|-supereffective|p1b: Venusaur|1
|-enditem|p1b: Venusaur|Focus Sash
|-damage|p1b: Venusaur|1/100
|-damage|p2a: Incineroar|74/100|[from] Recoil
|move|p1a: Torkoal|Yawn|p2a: Incineroar
|-start|p2a: Incineroar|move: Yawn|[of] p1a: Torkoal
|
|-weather|SunnyDay|[upkeep]
|upkeep
|turn|3
|
|t:|1783741571
|switch|p1b: Pyroar|Pyroar, L50, F|100/100
|-ability|p1b: Pyroar|Unnerve
|switch|p2a: Sneasler|Sneasler, L50, M|100/100
|-curestatus|p2b: Delphox|slp|[msg]
|move|p2b: Delphox|Heat Wave|p1a: Torkoal|[spread] p1b
|-miss|p2b: Delphox|p1a: Torkoal
|-resisted|p1b: Pyroar|1
|-damage|p1b: Pyroar|50/100g
|move|p1a: Torkoal|Heat Wave|p2b: Delphox|[spread] p2a,p2b
|-resisted|p2b: Delphox|1
|-damage|p2a: Sneasler|55/100
|-damage|p2b: Delphox|85/100
|-status|p2a: Sneasler|brn
|
|-weather|SunnyDay|[upkeep]
|-damage|p2a: Sneasler|49/100 brn|[from] brn
|upkeep
|turn|4
|
|t:|1783741593
|move|p1b: Pyroar|Protect|p1b: Pyroar
|-singleturn|p1b: Pyroar|Protect
|move|p2a: Sneasler|Fake Out|p1a: Torkoal
|-damage|p1a: Torkoal|57/100
|move|p2b: Delphox|Nasty Plot|p2b: Delphox
|-boost|p2b: Delphox|spa|2
|cant|p1a: Torkoal|flinch
|
|-weather|SunnyDay|[upkeep]
|-damage|p2a: Sneasler|43/100 brn|[from] brn
|upkeep
|turn|5
|
|t:|1783741604
|switch|p1b: Venusaur|Venusaur, L50, F|1/100
|move|p2b: Delphox|Heat Wave|p1b: Venusaur|[spread] p1a,p1b
|-resisted|p1a: Torkoal|1
|-supereffective|p1b: Venusaur|1
|-damage|p1a: Torkoal|0 fnt
|-damage|p1b: Venusaur|0 fnt
|faint|p1a: Torkoal
|faint|p1b: Venusaur
|move|p2a: Sneasler|Close Combat|p1: Torkoal|[notarget]
|-fail|p2a: Sneasler
|
|-weather|SunnyDay|[upkeep]
|-damage|p2a: Sneasler|38/100 brn|[from] brn
|upkeep
|
|t:|1783741607
|switch|p1b: Pyroar|Pyroar, L50, F|50/100g
|switch|p1a: Garchomp|Garchomp, L50, F|100/100
|-ability|p1b: Pyroar|Unnerve
|turn|6
|
|t:|1783741625
|detailschange|p1b: Pyroar|Pyroar-Mega, L50, F
|-mega|p1b: Pyroar|Pyroar|Pyroarite
|move|p1b: Pyroar|Protect|p1b: Pyroar
|-singleturn|p1b: Pyroar|Protect
|move|p2b: Delphox|Psyshock|p1a: Garchomp
|-damage|p1a: Garchomp|6/100
|move|p2a: Sneasler|Close Combat|p1b: Pyroar
|-activate|p1b: Pyroar|move: Protect
|move|p1a: Garchomp|Rock Slide|p2b: Delphox|[spread] p2a,p2b
|-resisted|p2a: Sneasler|1
|-supereffective|p2b: Delphox|1
|-damage|p2a: Sneasler|16/100 brn
|-damage|p2b: Delphox|6/100
|-damage|p1a: Garchomp|0 fnt|[from] item: Life Orb
|faint|p1a: Garchomp
|
|-weather|SunnyDay|[upkeep]
|-damage|p2a: Sneasler|10/100 brn|[from] brn
|upkeep
|turn|7
|-message|jgvs2710 forfeited.
|
|win|master 792
|raw|jgvs2710's rating: 1062 → 1039(-23 for losing)
|raw|master 792's rating: 1000 → 1047(+47 for winning)
|l|☆jgvs2710
|player|p1|
