|j|☆lerry27
|j|☆houseofnerdz
|html|lerry27houseofnerdz    
|uhtml|bestof|Game 2 of a best-of-3
|t:|1782509966
|gametype|doubles
|player|p1|lerry27|brycen|1040
|player|p2|houseofnerdz|1|1091
|gen|9
|tier|[Gen 9 Champions] VGC 2026 Reg M-B (Bo3)
|rated|
|rule|Species Clause: Limit one of each Pokémon
|rule|Item Clause: Limit 1 of each item
|clearpoke
|poke|p1|Gengar, L50, M, shiny|
|poke|p1|Maushold-Four, L50|
|poke|p1|Blastoise, L50, F|
|poke|p1|Sinistcha, L50|
|poke|p1|Politoed, L50, F, shiny|
|poke|p1|Incineroar, L50, M, shiny|
|poke|p2|Hydreigon, L50, F|
|poke|p2|Garchomp, L50, M|
|poke|p2|Metagross, L50|
|poke|p2|Charizard, L50, F|
|poke|p2|Grimmsnarl, L50, M|
|poke|p2|Toxapex, L50, M|
|teampreview|4
|showteam|p1|Gengar||Gengarite|CursedBody|SludgeBomb,PerishSong,ShadowBall,Protect|Modest||M|||50|]Maushold-Four||ChopleBerry|FriendGuard|FollowMe,HelpingHand,Uturn,Protect|Impish|||||50|]Blastoise||Blastoisinite|Torrent|WaterSpout,DarkPulse,ShellSmash,Protect|Modest||F|||50|]Sinistcha||KasibBerry|Hospitality|LifeDew,MatchaGotcha,RagePowder,Protect|Bold|||||50|]Politoed||SitrusBerry|Drizzle|PerishSong,Protect,WeatherBall,IceBeam|Calm||F|||50|]Incineroar||PasshoBerry|Intimidate|FakeOut,ThroatChop,PartingShot,Protect|Careful||M|||50|
|showteam|p2|Hydreigon||ChoiceScarf|Levitate|HeatWave,DarkPulse,DracoMeteor,Snarl|Modest||F|||50|]Garchomp||SitrusBerry|RoughSkin|Earthquake,RockSlide,DragonClaw,Protect|Adamant||M|||50|]Metagross||Metagrossite|ClearBody|IronHead,HammerArm,BulletPunch,Protect|Adamant|||||50|]Charizard||CharizarditeY|Blaze|Protect,HeatWave,SolarBeam,WeatherBall|Timid||F|||50|]Grimmsnarl||RoseliBerry|Prankster|FakeOut,FoulPlay,Reflect,PartingShot|Sassy||M|||50|]Toxapex||Leftovers|Regenerator|Infestation,Toxic,BanefulBunker,WideGuard|Bold||M|||50|
|
|t:|1782509997
|teamsize|p1|4
|teamsize|p2|4
|start
|switch|p1a: Incineroar|Incineroar, L50, M, shiny|100/100
|switch|p1b: Gengar|Gengar, L50, M, shiny|100/100
|switch|p2a: Hydreigon|Hydreigon, L50, F|100/100
|switch|p2b: Garchomp|Garchomp, L50, M|100/100
|-ability|p1a: Incineroar|Intimidate|boost
|-unboost|p2a: Hydreigon|atk|1
|-unboost|p2b: Garchomp|atk|1
|turn|1
|
|t:|1782510009
|detailschange|p1b: Gengar|Gengar-Mega, L50, M, shiny
|-mega|p1b: Gengar|Gengar|Gengarite
|move|p1a: Incineroar|Fake Out|p2a: Hydreigon
|-damage|p2a: Hydreigon|89/100
|cant|p2a: Hydreigon|flinch
|move|p1b: Gengar|Perish Song|p1b: Gengar
|-start|p1a: Incineroar|perish3|[silent]
|-start|p1b: Gengar|perish3|[silent]
|-start|p2a: Hydreigon|perish3|[silent]
|-start|p2b: Garchomp|perish3|[silent]
|-fieldactivate|move: Perish Song
|move|p2b: Garchomp|Earthquake|p1a: Incineroar|[spread] p1a,p1b
|-immune|p2a: Hydreigon|[from] ability: Levitate
|-supereffective|p1a: Incineroar|1
|-supereffective|p1b: Gengar|1
|-damage|p1a: Incineroar|52/100
|-damage|p1b: Gengar|40/100
|
|-start|p2a: Hydreigon|perish3
|-start|p1b: Gengar|perish3
|-start|p2b: Garchomp|perish3
|-start|p1a: Incineroar|perish3
|upkeep
|turn|2
|
|t:|1782510033
|move|p1b: Gengar|Protect|p1b: Gengar
|-singleturn|p1b: Gengar|Protect
|move|p1a: Incineroar|Protect|p1a: Incineroar
|-singleturn|p1a: Incineroar|Protect
|move|p2a: Hydreigon|Draco Meteor|p1a: Incineroar
|-activate|p1a: Incineroar|move: Protect
|move|p2b: Garchomp|Earthquake|p1a: Incineroar|[spread] 
|-activate|p1a: Incineroar|move: Protect
|-activate|p1b: Gengar|move: Protect
|-immune|p2a: Hydreigon|[from] ability: Levitate
|
|-start|p2a: Hydreigon|perish2
|-start|p1b: Gengar|perish2
|-start|p2b: Garchomp|perish2
|-start|p1a: Incineroar|perish2
|upkeep
|turn|3
|
|t:|1782510058
|switch|p1b: Maushold|Maushold-Four, L50|100/100
|move|p2a: Hydreigon|Draco Meteor|p1a: Incineroar
|-damage|p1a: Incineroar|10/100
|-unboost|p2a: Hydreigon|spa|2
|move|p2b: Garchomp|Earthquake|p1a: Incineroar|[spread] p1a,p1b
|-immune|p2a: Hydreigon|[from] ability: Levitate
|-supereffective|p1a: Incineroar|1
|-damage|p1a: Incineroar|0 fnt
|-damage|p1b: Maushold|76/100
|faint|p1a: Incineroar
|
|-start|p2a: Hydreigon|perish1
|-start|p2b: Garchomp|perish1
|upkeep
|
|t:|1782510069
|switch|p1a: Gengar|Gengar-Mega, L50, M, shiny|40/100
|turn|4
|
|t:|1782510075
|move|p1a: Gengar|Protect|p1a: Gengar
|-singleturn|p1a: Gengar|Protect
|move|p1b: Maushold|Protect|p1b: Maushold
|-singleturn|p1b: Maushold|Protect
|move|p2a: Hydreigon|Draco Meteor|p1a: Gengar
|-activate|p1a: Gengar|move: Protect
|move|p2b: Garchomp|Earthquake|p1b: Maushold|[spread] 
|-activate|p1a: Gengar|move: Protect
|-activate|p1b: Maushold|move: Protect
|-immune|p2a: Hydreigon|[from] ability: Levitate
|
|-start|p2a: Hydreigon|perish0
|-start|p2b: Garchomp|perish0
|faint|p2a: Hydreigon
|faint|p2b: Garchomp
|upkeep
|
|t:|1782510078
|switch|p2a: Metagross|Metagross, L50|100/100
|switch|p2b: Charizard|Charizard, L50, F|100/100
|turn|5
|
|t:|1782510105
|detailschange|p2b: Charizard|Charizard-Mega-Y, L50, F
|-mega|p2b: Charizard|Charizard|Charizardite Y
|-weather|SunnyDay|[from] ability: Drought|[of] p2b: Charizard
|move|p1b: Maushold|Follow Me|p1b: Maushold
|-singleturn|p1b: Maushold|move: Follow Me
|move|p2a: Metagross|Bullet Punch|p1b: Maushold
|-damage|p1b: Maushold|56/100
|move|p2b: Charizard|Heat Wave|p1a: Gengar|[spread] p1b
|-miss|p2b: Charizard|p1a: Gengar
|-damage|p1b: Maushold|0 fnt
|faint|p1b: Maushold
|move|p1a: Gengar|Perish Song|p1a: Gengar
|-start|p1a: Gengar|perish3|[silent]
|-start|p2a: Metagross|perish3|[silent]
|-start|p2b: Charizard|perish3|[silent]
|-fieldactivate|move: Perish Song
|
|-weather|SunnyDay|[upkeep]
|-start|p2b: Charizard|perish3
|-start|p1a: Gengar|perish3
|-start|p2a: Metagross|perish3
|upkeep
|
|t:|1782510114
|switch|p1b: Politoed|Politoed, L50, F, shiny|100/100
|-weather|RainDance|[from] ability: Drizzle|[of] p1b: Politoed
|turn|6
|
|t:|1782510133
|move|p2b: Charizard|Protect|p2b: Charizard
|-singleturn|p2b: Charizard|Protect
|move|p1a: Gengar|Protect|p1a: Gengar
|-singleturn|p1a: Gengar|Protect
|move|p2a: Metagross|Iron Head|p1b: Politoed
|-resisted|p1b: Politoed|1
|-damage|p1b: Politoed|74/100
|move|p1b: Politoed|Weather Ball|p2b: Charizard
|-activate|p2b: Charizard|move: Protect
|
|-weather|RainDance|[upkeep]
|-start|p2b: Charizard|perish2
|-start|p1a: Gengar|perish2
|-start|p2a: Metagross|perish2
|upkeep
|turn|7
|
|t:|1782510144
|move|p2b: Charizard|Solar Beam||[still]
|-prepare|p2b: Charizard|Solar Beam
|move|p1a: Gengar|Shadow Ball|p2a: Metagross
|-supereffective|p2a: Metagross|1
|-damage|p2a: Metagross|4/100
|move|p2a: Metagross|Iron Head|p1a: Gengar
|-damage|p1a: Gengar|0 fnt
|faint|p1a: Gengar
|move|p1b: Politoed|Weather Ball|p2b: Charizard
|-supereffective|p2b: Charizard|1
|-damage|p2b: Charizard|8/100
|
|-weather|RainDance|[upkeep]
|-start|p2b: Charizard|perish1
|-start|p2a: Metagross|perish1
|upkeep
|turn|8
|
|t:|1782510159
|move|p1b: Politoed|Protect|p1b: Politoed
|-singleturn|p1b: Politoed|Protect
|move|p2b: Charizard|Solar Beam|p1b: Politoed|[from] lockedmove
|-activate|p1b: Politoed|move: Protect
|move|p2a: Metagross|Hammer Arm|p1b: Politoed
|-activate|p1b: Politoed|move: Protect
|
|-weather|RainDance|[upkeep]
|-start|p2b: Charizard|perish0
|-start|p2a: Metagross|perish0
|faint|p2b: Charizard
|faint|p2a: Metagross
|
|win|lerry27
|raw|lerry27's rating: 1040 → 1079(+39 for winning)
|raw|houseofnerdz's rating: 1091 → 1064(-27 for losing)
|l|☆houseofnerdz
|player|p2|
