|j|☆the crimson craig
|j|☆altdotcom
|html|the crimson craigaltdotcom    
|uhtml|bestof|Game 1 of a best-of-3
|t:|1782450047
|gametype|doubles
|player|p1|the crimson craig|marshal|1303
|player|p2|altdotcom|waitress|1401
|gen|9
|tier|[Gen 9 Champions] VGC 2026 Reg M-B (Bo3)
|rated|
|rule|Species Clause: Limit one of each Pokémon
|rule|Item Clause: Limit 1 of each item
|clearpoke
|poke|p1|Charizard, L50, F|
|poke|p1|Gholdengo, L50|
|poke|p1|Floette-Eternal, L50, F|
|poke|p1|Basculegion, L50, M|
|poke|p1|Garchomp, L50, F|
|poke|p1|Grimmsnarl, L50, M|
|poke|p2|Pyroar, L50, F, shiny|
|poke|p2|Whimsicott, L50, F|
|poke|p2|Zoroark-Hisui, L50, M, shiny|
|poke|p2|Sylveon, L50, M|
|poke|p2|Kingambit, L50, F|
|poke|p2|Raichu, L50, M|
|teampreview|4
|showteam|p1|Charizard||CharizarditeY|Blaze|HeatWave,WeatherBall,SolarBeam,Protect|Modest||F|||50|]Gholdengo||LifeOrb|GoodasGold|MakeItRain,ShadowBall,PowerGem,Protect|Modest|||||50|]Floette-Eternal||Floettite|FlowerVeil|Moonblast,DazzlingGleam,LightofRuin,Protect|Modest||F|||50|]Basculegion||ChoiceScarf|Adaptability|WaveCrash,FlipTurn,LastRespects,AquaJet|Jolly||M|||50|]Garchomp||SitrusBerry|RoughSkin|StompingTantrum,DragonClaw,RockSlide,Protect|Adamant||F|||50|]Grimmsnarl||LightClay|Prankster|SpiritBreak,PartingShot,Reflect,LightScreen|Careful||M|||50|
|showteam|p2|Pyroar||Pyroarite|Rivalry|HeatWave,Overheat,SolarBeam,Protect|Modest||F|||50|]Whimsicott||FocusSash|Prankster|Tailwind,Moonblast,Encore,SunnyDay|Timid||F|||50|]Zoroark-Hisui||LifeOrb|Illusion|HyperVoice,ShadowBall,IcyWind,GrassKnot|Timid||M|||50|]Sylveon||FairyFeather|Pixilate|HyperVoice,HyperBeam,QuickAttack,Detect|Modest||M|||50|]Kingambit||BlackGlasses|Defiant|KowtowCleave,SuckerPunch,SwordsDance,Protect|Adamant||F|||50|]Raichu||RaichuniteY|LightningRod|FakeOut,ZapCannon,FocusBlast,Encore|Timid||M|||50|
|inactive|Battle timer is ON: inactive players will automatically lose when time's up. (requested by the crimson craig)
|
|t:|1782450073
|teamsize|p1|4
|teamsize|p2|4
|start
|switch|p1a: On Sight|Garchomp, L50, F|100/100
|switch|p1b: Slur Slinger|Grimmsnarl, L50, M|100/100
|switch|p2a: Pyroar|Pyroar, L50, F, shiny|100/100
|switch|p2b: Whimsicott|Whimsicott, L50, F|100/100
|turn|1
|
|t:|1782450086
|move|p2a: Pyroar|Protect|p2a: Pyroar
|-singleturn|p2a: Pyroar|Protect
|move|p1a: On Sight|Protect|p1a: On Sight
|-singleturn|p1a: On Sight|Protect
|move|p1b: Slur Slinger|Light Screen|p1b: Slur Slinger
|-sidestart|p1: the crimson craig|move: Light Screen
|move|p2b: Whimsicott|Icy Wind|p1a: On Sight|[spread] 
|-activate|p1a: On Sight|move: Protect
|-miss|p2b: Whimsicott|p1b: Slur Slinger
|
|upkeep
|turn|2
|
|t:|1782450109
|switch|p2a: Whimsicott|Whimsicott, L50, F|100/100
|switch|p1a: Eye Candy|Basculegion, L50, M|100/100
|move|p1b: Slur Slinger|Parting Shot|p2b: Whimsicott
|-unboost|p2b: Whimsicott|atk|1
|-unboost|p2b: Whimsicott|spa|1
|
|t:|1782450117
|switch|p1b: Charizard|Charizard, L50, F|100/100|[from] Parting Shot
|move|p2b: Whimsicott|Hyper Voice|p1a: Eye Candy|[spread] p1b
|-immune|p1a: Eye Candy
|-damage|p1b: Charizard|76/100
|-damage|p2b: Whimsicott|90/100|[from] item: Life Orb
|
|upkeep
|turn|3
|inactive|altdotcom has 30 seconds left.
|
|t:|1782450146
|switch|p1a: Slur Slinger|Grimmsnarl, L50, M|100/100
|detailschange|p1b: Charizard|Charizard-Mega-Y, L50, F
|-mega|p1b: Charizard|Charizard|Charizardite Y
|-weather|SunnyDay|[from] ability: Drought|[of] p1b: Charizard
|move|p2a: Whimsicott|Tailwind|p2a: Whimsicott
|-sidestart|p2: altdotcom|move: Tailwind
|move|p2b: Whimsicott|Hyper Voice|p1b: Charizard|[spread] p1a,p1b
|-damage|p1a: Slur Slinger|84/100
|-damage|p1b: Charizard|59/100
|-damage|p2b: Whimsicott|80/100|[from] item: Life Orb
|move|p1b: Charizard|Heat Wave|p2b: Whimsicott|[spread] p2a,p2b
|-supereffective|p2a: Whimsicott|1
|-crit|p2b: Whimsicott
|-enditem|p2a: Whimsicott|Focus Sash
|-damage|p2a: Whimsicott|1/100
|-damage|p2b: Whimsicott|0 fnt
|replace|p2b: Zoroark|Zoroark-Hisui, L50, M, shiny
|-end|p2b: Zoroark|Illusion
|faint|p2b: Zoroark
|
|-weather|SunnyDay|[upkeep]
|upkeep
|
|t:|1782450157
|switch|p2b: Pyroar|Pyroar, L50, F, shiny|100/100
|turn|4
|
|t:|1782450179
|detailschange|p2b: Pyroar|Pyroar-Mega, L50, F, shiny
|-mega|p2b: Pyroar|Pyroar|Pyroarite
|move|p1a: Slur Slinger|Parting Shot|p2b: Pyroar
|-unboost|p2b: Pyroar|atk|1
|-unboost|p2b: Pyroar|spa|1
|
|t:|1782450192
|switch|p1a: Eye Candy|Basculegion, L50, M|100/100|[from] Parting Shot
|move|p2a: Whimsicott|Moonblast|p1a: Eye Candy
|-damage|p1a: Eye Candy|72/100
|move|p2b: Pyroar|Heat Wave|p1a: Eye Candy|[spread] p1a,p1b
|-resisted|p1a: Eye Candy|1
|-resisted|p1b: Charizard|1
|-damage|p1a: Eye Candy|50/100g
|-damage|p1b: Charizard|42/100
|move|p1b: Charizard|Heat Wave|p2a: Whimsicott|[spread] p2a,p2b
|-supereffective|p2a: Whimsicott|1
|-resisted|p2b: Pyroar|1
|-damage|p2a: Whimsicott|0 fnt
|-damage|p2b: Pyroar|57/100
|faint|p2a: Whimsicott
|
|-weather|SunnyDay|[upkeep]
|upkeep
|
|t:|1782450202
|switch|p2a: Kingambit|Kingambit, L50, F|100/100
|turn|5
|
|t:|1782450224
|move|p2b: Pyroar|Protect|p2b: Pyroar
|-singleturn|p2b: Pyroar|Protect
|move|p2a: Kingambit|Sucker Punch|p1b: Charizard
|-crit|p1b: Charizard
|-damage|p1b: Charizard|0 fnt
|faint|p1b: Charizard
|move|p1a: Eye Candy|Wave Crash|p2b: Pyroar
|-activate|p2b: Pyroar|move: Protect
|
|-weather|SunnyDay|[upkeep]
|upkeep
|
|t:|1782450230
|switch|p1b: On Sight|Garchomp, L50, F|100/100
|turn|6
|
|t:|1782450252
|switch|p1a: Slur Slinger|Grimmsnarl, L50, M|84/100
|move|p1b: On Sight|Protect|p1b: On Sight
|-singleturn|p1b: On Sight|Protect
|move|p2a: Kingambit|Sucker Punch||[still]
|-fail|p2a: Kingambit
|move|p2b: Pyroar|Overheat|p1b: On Sight
|-activate|p1b: On Sight|move: Protect
|
|-weather|SunnyDay|[upkeep]
|-sideend|p2: altdotcom|move: Tailwind
|upkeep
|turn|7
|
|t:|1782450272
|move|p1a: Slur Slinger|Reflect|p1a: Slur Slinger
|-sidestart|p1: the crimson craig|Reflect
|move|p2b: Pyroar|Heat Wave|p1b: On Sight|[spread] p1a,p1b
|-resisted|p1b: On Sight|1
|-damage|p1a: Slur Slinger|47/100
|-damage|p1b: On Sight|81/100
|move|p1b: On Sight|Stomping Tantrum|p2a: Kingambit
|-supereffective|p2a: Kingambit|1
|-damage|p2a: Kingambit|46/100
|move|p2a: Kingambit|Swords Dance|p2a: Kingambit
|-boost|p2a: Kingambit|atk|2
|
|-weather|none
|upkeep
|turn|8
|inactive|altdotcom has 30 seconds left.
|
|t:|1782450300
|move|p2a: Kingambit|Sucker Punch|p1b: On Sight
|-damage|p1b: On Sight|27/100
|-damage|p2a: Kingambit|34/100|[from] ability: Rough Skin|[of] p1b: On Sight
|-enditem|p1b: On Sight|Sitrus Berry|[eat]
|-heal|p1b: On Sight|51/100|[from] item: Sitrus Berry
|move|p2b: Pyroar|Heat Wave|p1b: On Sight|[spread] p1a,p1b
|-resisted|p1b: On Sight|1
|-damage|p1a: Slur Slinger|23/100
|-damage|p1b: On Sight|39/100
|move|p1b: On Sight|Stomping Tantrum|p2a: Kingambit
|-supereffective|p2a: Kingambit|1
|-damage|p2a: Kingambit|0 fnt
|faint|p2a: Kingambit
|move|p1a: Slur Slinger|Spirit Break|p2b: Pyroar
|-resisted|p2b: Pyroar|1
|-damage|p2b: Pyroar|38/100
|-unboost|p2b: Pyroar|spa|1
|
|-sideend|p1: the crimson craig|move: Light Screen
|upkeep
|turn|9
|-message|altdotcom forfeited.
|
|win|the crimson craig
|l|☆altdotcom
|player|p2|
