|j|☆CappyTJ5
|j|☆Mynameisralsei
|html|CappyTJ5Mynameisralsei    
|uhtml|bestof|Game 1 of a best-of-3
|t:|1757027180
|gametype|doubles
|player|p1|CappyTJ5|170|1000
|player|p2|Mynameisralsei|colress|1041
|gen|9
|tier|[Gen 9] VGC 2025 Reg H (Bo3)
|rated|
|rule|Species Clause: Limit one of each Pokémon
|rule|Item Clause: Limit 1 of each item
|clearpoke
|poke|p1|Sneasler, L50, F|
|poke|p1|Incineroar, L50, M|
|poke|p1|Dragonite, L50, M|
|poke|p1|Gholdengo, L50|
|poke|p1|Amoonguss, L50, F|
|poke|p1|Ursaluna-Bloodmoon, L50, M|
|poke|p2|Archaludon, L50, M|
|poke|p2|Basculegion, L50, M|
|poke|p2|Pelipper, L50, F|
|poke|p2|Amoonguss, L50, M|
|poke|p2|Incineroar, L50, F|
|poke|p2|Maushold, L50|
|teampreview|4
|showteam|p1|Sneasler||FocusSash|Unburden|Protect,DireClaw,CloseCombat,ThroatChop|||F|||50|,,,,,Stellar]Incineroar||SafetyGoggles|Intimidate|KnockOff,FlareBlitz,PartingShot,FakeOut|||M|||50|,,,,,Ghost]Dragonite||LoadedDice|Multiscale|Protect,ScaleShot,Tailwind,Haze|||M|||50|,,,,,Fairy]Gholdengo||LifeOrb|GoodasGold|Protect,MakeItRain,ShadowBall,NastyPlot||||||50|,,,,,Water]Amoonguss||SitrusBerry|Regenerator|Protect,Spore,PollenPuff,RagePowder|||F|||50|,,,,,Water]Ursaluna-Bloodmoon||AssaultVest|MindsEye|HyperVoice,BloodMoon,EarthPower,VacuumWave|||M|||50|,,,,,Water
|showteam|p2|Archaludon||AssaultVest|Stamina|ElectroShot,DragonPulse,FlashCannon,BodyPress|||M|||50|,,,,,Grass]Basculegion||MysticWater|SwiftSwim|Protect,WaveCrash,AquaJet,LastRespects|||M|||50|,,,,,Water]Pelipper||FocusSash|Drizzle|Hurricane,WeatherBall,Tailwind,Protect|||F|||50|,,,,,Ghost]Amoonguss||SitrusBerry|Regenerator|Spore,RagePowder,PollenPuff,ClearSmog|||M|||50|,,,,,Water]Incineroar||SafetyGoggles|Intimidate|FakeOut,FlareBlitz,KnockOff,PartingShot|||F|||50|,,,,,Ghost]Maushold||WideLens|Technician|PopulationBomb,FollowMe,Taunt,Protect||||||50|,,,,,Grass
|inactive|Battle timer is ON: inactive players will automatically lose when time's up. (requested by CappyTJ5)
|inactive|CappyTJ5 has 60 seconds left.
|inactive|Mynameisralsei has 60 seconds left.
|
|t:|1757027231
|teamsize|p1|4
|teamsize|p2|4
|start
|switch|p1a: Dragonite|Dragonite, L50, M|100/100
|switch|p1b: Ursaluna|Ursaluna-Bloodmoon, L50, M|100/100
|switch|p2a: Pelipper|Pelipper, L50, F|100/100
|switch|p2b: Basculegion|Basculegion, L50, M|100/100
|-weather|RainDance|[from] ability: Drizzle|[of] p2a: Pelipper
|turn|1
|inactive|CappyTJ5 has 30 seconds left.
|
|t:|1757027264
|-terastallize|p1b: Ursaluna|Water
|move|p2b: Basculegion|Protect|p2b: Basculegion
|-singleturn|p2b: Basculegion|Protect
|move|p1a: Dragonite|Tailwind|p1a: Dragonite
|-sidestart|p1: CappyTJ5|move: Tailwind
|move|p1b: Ursaluna|Hyper Voice|p2a: Pelipper|[spread] p2a
|-activate|p2b: Basculegion|move: Protect
|-damage|p2a: Pelipper|38/100
|move|p2a: Pelipper|Weather Ball|p1b: Ursaluna
|-resisted|p1b: Ursaluna
|-damage|p1b: Ursaluna|79/100
|
|-weather|RainDance|[upkeep]
|upkeep
|turn|2
|
|t:|1757027284
|switch|p2b: Archaludon|Archaludon, L50, M|100/100
|move|p1a: Dragonite|Scale Shot|p2a: Pelipper|[miss]
|-miss|p1a: Dragonite|p2a: Pelipper
|move|p1b: Ursaluna|Blood Moon|p2b: Archaludon
|-resisted|p2b: Archaludon
|-crit|p2b: Archaludon
|-damage|p2b: Archaludon|50/100
|-ability|p2b: Archaludon|Stamina|boost
|-boost|p2b: Archaludon|def|1
|move|p2a: Pelipper|Tailwind|p2a: Pelipper
|-sidestart|p2: Mynameisralsei|move: Tailwind
|
|-weather|RainDance|[upkeep]
|upkeep
|turn|3
|
|t:|1757027304
|move|p1a: Dragonite|Scale Shot|p2b: Archaludon
|-damage|p2b: Archaludon|43/100
|-ability|p2b: Archaludon|Stamina|boost
|-boost|p2b: Archaludon|def|1
|-damage|p2b: Archaludon|37/100
|-ability|p2b: Archaludon|Stamina|boost
|-boost|p2b: Archaludon|def|1
|-damage|p2b: Archaludon|32/100
|-ability|p2b: Archaludon|Stamina|boost
|-boost|p2b: Archaludon|def|1
|-damage|p2b: Archaludon|28/100
|-ability|p2b: Archaludon|Stamina|boost
|-boost|p2b: Archaludon|def|1
|-damage|p2b: Archaludon|25/100
|-ability|p2b: Archaludon|Stamina|boost
|-boost|p2b: Archaludon|def|1
|-hitcount|p2b: Archaludon|5
|-unboost|p1a: Dragonite|def|1
|-boost|p1a: Dragonite|spe|1
|move|p2a: Pelipper|Hurricane|p1a: Dragonite
|-damage|p1a: Dragonite|74/100
|move|p2b: Archaludon|Electro Shot||[still]
|-prepare|p2b: Archaludon|Electro Shot
|-boost|p2b: Archaludon|spa|1
|-anim|p2b: Archaludon|Electro Shot|p1b: Ursaluna
|-supereffective|p1b: Ursaluna
|-damage|p1b: Ursaluna|0 fnt
|faint|p1b: Ursaluna
|
|-weather|RainDance|[upkeep]
|upkeep
|
|t:|1757027319
|switch|p1b: Gholdengo|Gholdengo, L50|100/100
|turn|4
|inactive|CappyTJ5 has 30 seconds left.
|
|t:|1757027354
|move|p1a: Dragonite|Haze|p1a: Dragonite
|-clearallboost
|move|p1b: Gholdengo|Shadow Ball|p2a: Pelipper
|-damage|p2a: Pelipper|0 fnt
|faint|p2a: Pelipper
|-damage|p1b: Gholdengo|91/100|[from] item: Life Orb
|move|p2b: Archaludon|Dragon Pulse|p1a: Dragonite
|-supereffective|p1a: Dragonite
|-damage|p1a: Dragonite|0 fnt
|faint|p1a: Dragonite
|
|-weather|RainDance|[upkeep]
|-sideend|p1: CappyTJ5|move: Tailwind
|upkeep
|
|t:|1757027365
|switch|p1a: Sneasler|Sneasler, L50, F|100/100
|switch|p2a: Basculegion|Basculegion, L50, M|100/100
|turn|5
|
|t:|1757027375
|move|p1a: Sneasler|Protect|p1a: Sneasler
|-singleturn|p1a: Sneasler|Protect
|move|p1b: Gholdengo|Protect|p1b: Gholdengo
|-singleturn|p1b: Gholdengo|Protect
|move|p2a: Basculegion|Aqua Jet|p1a: Sneasler
|-activate|p1a: Sneasler|move: Protect
|move|p2b: Archaludon|Electro Shot||[still]
|-prepare|p2b: Archaludon|Electro Shot
|-boost|p2b: Archaludon|spa|1
|-anim|p2b: Archaludon|Electro Shot|p1b: Gholdengo
|-activate|p1b: Gholdengo|move: Protect
|
|-weather|none
|-sideend|p2: Mynameisralsei|move: Tailwind
|upkeep
|turn|6
|inactive|CappyTJ5 has 30 seconds left.
|inactive|Mynameisralsei has 30 seconds left.
|inactive|CappyTJ5 has 20 seconds left.
|
|t:|1757027411
|move|p1a: Sneasler|Close Combat|p2b: Archaludon
|-supereffective|p2b: Archaludon
|-damage|p2b: Archaludon|0 fnt
|-unboost|p1a: Sneasler|def|1
|-unboost|p1a: Sneasler|spd|1
|faint|p2b: Archaludon
|move|p1b: Gholdengo|Shadow Ball|p2a: Basculegion
|-supereffective|p2a: Basculegion
|-damage|p2a: Basculegion|0 fnt
|faint|p2a: Basculegion
|-damage|p1b: Gholdengo|82/100|[from] item: Life Orb
|
|upkeep
|
|t:|1757027416
|switch|p2a: Amoonguss|Amoonguss, L50, M, shiny|100/100
|turn|7
|
|t:|1757027428
|move|p1a: Sneasler|Dire Claw|p2a: Amoonguss
|-damage|p2a: Amoonguss|69/100
|-status|p2a: Amoonguss|slp
|move|p1b: Gholdengo|Nasty Plot|p1b: Gholdengo
|-boost|p1b: Gholdengo|spa|2
|cant|p2a: Amoonguss|slp
|
|upkeep
|turn|8
|-message|Mynameisralsei forfeited.
|
|win|CappyTJ5
|l|☆Mynameisralsei
|player|p2|
