|j|☆Storm2184
|j|☆MR. HEROW
|html|Storm2184MR. HEROW    
|uhtml|bestof|Game 1 of a best-of-3
|t:|1756401353
|gametype|doubles
|player|p1|Storm2184|102|1058
|player|p2|MR. HEROW|266|1096
|gen|9
|tier|[Gen 9] VGC 2025 Reg H (Bo3)
|rated|
|rule|Species Clause: Limit one of each Pokémon
|rule|Item Clause: Limit 1 of each item
|clearpoke
|poke|p1|Indeedee-F, L50, F|
|poke|p1|Amoonguss, L50, F|
|poke|p1|Torkoal, L50, M|
|poke|p1|Rabsca, L50, F|
|poke|p1|Ursaluna, L50, M|
|poke|p1|Armarouge, L50, F|
|poke|p2|Overqwil, L50, M|
|poke|p2|Indeedee-F, L50, F|
|poke|p2|Blastoise, L50, F|
|poke|p2|Garchomp, L50, F|
|poke|p2|Politoed, L50, F|
|poke|p2|Archaludon, L50, M|
|teampreview|4
|showteam|p1|Indeedee-F||SafetyGoggles|PsychicSurge|TrickRoom,FollowMe,HelpingHand,DazzlingGleam|||F|||50|,,,,,Fairy]Amoonguss||RockyHelmet|Regenerator|Spore,PollenPuff,RagePowder,Protect|||F|||50|,,,,,Water]Torkoal||Charcoal|Drought|Protect,SolarBeam,LavaPlume,Eruption|||M|||50|,,,,,Fire]Rabsca||FocusSash|Telepathy|RevivalBlessing,StruggleBug,ExpandingForce,TrickRoom|||F|||50|,,,,,Psychic]Ursaluna||FlameOrb|Guts|Facade,HeadlongRush,Earthquake,Protect|||M|||50|,,,,,Ghost]Armarouge||LifeOrb|FlashFire|ExpandingForce,ArmorCannon,WideGuard,Protect|||F|||50|,,,,,Grass
|showteam|p2|Overqwil||Leftovers|SwiftSwim|Toxic,ToxicSpikes,Acupressure,BarbBarrage|||M|||50|,,,,,Ghost]Indeedee-F||MentalHerb|PsychicSurge|Psychic,FollowMe,Protect,HelpingHand|||F|||50|,,,,,Grass]Blastoise||WhiteHerb|RainDish|WaterSpout,Surf,Protect,ShellSmash|||F|||50|,,,,,Grass]Garchomp||ChoiceScarf|RoughSkin|DragonClaw,Earthquake,Dig,RockSlide|||F|||50|,,,,,Fire]Politoed||DampRock|Drizzle|PerishSong,Protect,IcyWind,WeatherBall|||F|||50|,,,,,Flying]Archaludon||AssaultVest|Stamina|ElectroShot,DracoMeteor,FlashCannon,BodyPress|||M|||50|,,,,,Electric
|inactive|Battle timer is ON: inactive players will automatically lose when time's up. (requested by Storm2184)
|inactive|MR. HEROW has 60 seconds left.
|c|☆Storm2184|glhf
|c|☆MR. HEROW|GLHF
|
|t:|1756401401
|teamsize|p1|4
|teamsize|p2|4
|start
|switch|p1a: Rabsca|Rabsca, L50, F|100/100
|switch|p1b: Indeedee|Indeedee-F, L50, F|100/100
|switch|p2a: Blastoise|Blastoise, L50, F|100/100
|switch|p2b: Archaludon|Archaludon, L50, M|100/100
|-fieldstart|move: Psychic Terrain|[from] ability: Psychic Surge|[of] p1b: Indeedee
|turn|1
|inactive|Storm2184 has 30 seconds left.
|inactive|MR. HEROW has 30 seconds left.
|
|t:|1756401434
|move|p1b: Indeedee|Follow Me|p1b: Indeedee
|-singleturn|p1b: Indeedee|move: Follow Me
|move|p2b: Archaludon|Electro Shot||[still]
|-prepare|p2b: Archaludon|Electro Shot
|-boost|p2b: Archaludon|spa|1
|move|p2a: Blastoise|Water Spout|p1a: Rabsca|[spread] p1a,p1b
|-damage|p1a: Rabsca|61/100
|-damage|p1b: Indeedee|70/100
|move|p1a: Rabsca|Trick Room|p1a: Rabsca
|-fieldstart|move: Trick Room|[of] p1a: Rabsca
|
|upkeep
|turn|2
|
|t:|1756401452
|switch|p2a: Politoed|Politoed, L50, F|100/100
|-weather|RainDance|[from] ability: Drizzle|[of] p2a: Politoed
|move|p1b: Indeedee|Follow Me|p1b: Indeedee
|-singleturn|p1b: Indeedee|move: Follow Me
|move|p1a: Rabsca|Expanding Force|p2a: Politoed|[spread] p2a,p2b
|-resisted|p2b: Archaludon
|-damage|p2a: Politoed|59/100
|-damage|p2b: Archaludon|77/100
|-ability|p2b: Archaludon|Stamina|boost
|-boost|p2b: Archaludon|def|1
|move|p2b: Archaludon|Electro Shot|p1b: Indeedee|[from] lockedmove
|-damage|p1b: Indeedee|17/100
|
|-weather|RainDance|[upkeep]
|upkeep
|turn|3
|
|t:|1756401470
|move|p1b: Indeedee|Follow Me|p1b: Indeedee
|-singleturn|p1b: Indeedee|move: Follow Me
|move|p1a: Rabsca|Expanding Force|p2a: Politoed|[spread] p2a,p2b
|-resisted|p2b: Archaludon
|-damage|p2a: Politoed|19/100
|-damage|p2b: Archaludon|53/100
|-ability|p2b: Archaludon|Stamina|boost
|-boost|p2b: Archaludon|def|1
|move|p2a: Politoed|Weather Ball|p1b: Indeedee
|-damage|p1b: Indeedee|0 fnt
|faint|p1b: Indeedee
|move|p2b: Archaludon|Electro Shot||[still]
|-prepare|p2b: Archaludon|Electro Shot
|-boost|p2b: Archaludon|spa|1
|-anim|p2b: Archaludon|Electro Shot|p1a: Rabsca
|-damage|p1a: Rabsca|0 fnt
|faint|p1a: Rabsca
|
|-weather|RainDance|[upkeep]
|upkeep
|
|t:|1756401484
|switch|p1a: Armarouge|Armarouge, L50, F|100/100
|switch|p1b: Torkoal|Torkoal, L50, M|100/100
|-weather|SunnyDay|[from] ability: Drought|[of] p1b: Torkoal
|turn|4
|
|t:|1756401498
|switch|p2a: Indeedee|Indeedee-F, L50, F|100/100
|-terastallize|p2b: Archaludon|Electric
|move|p1b: Torkoal|Eruption|p2b: Archaludon|[spread] p2a,p2b
|-damage|p2a: Indeedee|15/100
|-damage|p2b: Archaludon|0 fnt
|faint|p2b: Archaludon
|move|p1a: Armarouge|Expanding Force|p2a: Indeedee
|-resisted|p2a: Indeedee
|-crit|p2a: Indeedee
|-damage|p2a: Indeedee|0 fnt
|faint|p2a: Indeedee
|-damage|p1a: Armarouge|91/100|[from] item: Life Orb
|
|-weather|SunnyDay|[upkeep]
|upkeep
|
|t:|1756401501
|switch|p2b: Blastoise|Blastoise, L50, F|100/100
|switch|p2a: Politoed|Politoed, L50, F|19/100
|-weather|RainDance|[from] ability: Drizzle|[of] p2a: Politoed
|turn|5
|inactive|Storm2184 has 30 seconds left.
|inactive|MR. HEROW has 30 seconds left.
|
|t:|1756401533
|move|p2a: Politoed|Protect|p2a: Politoed
|-singleturn|p2a: Politoed|Protect
|move|p2b: Blastoise|Protect|p2b: Blastoise
|-singleturn|p2b: Blastoise|Protect
|move|p1b: Torkoal|Solar Beam||[still]
|-prepare|p1b: Torkoal|Solar Beam
|move|p1a: Armarouge|Expanding Force|p2b: Blastoise|[spread] 
|-activate|p2a: Politoed|move: Protect
|-activate|p2b: Blastoise|move: Protect
|
|-weather|RainDance|[upkeep]
|-fieldend|move: Trick Room
|-fieldend|move: Psychic Terrain
|upkeep
|turn|6
|
|t:|1756401555
|-terastallize|p1a: Armarouge|Grass
|move|p2b: Blastoise|Water Spout|p1b: Torkoal|[spread] p1a,p1b
|-resisted|p1a: Armarouge
|-supereffective|p1b: Torkoal
|-damage|p1a: Armarouge|58/100
|-damage|p1b: Torkoal|0 fnt
|faint|p1b: Torkoal
|move|p1a: Armarouge|Expanding Force|p2a: Politoed
|-damage|p2a: Politoed|0 fnt
|faint|p2a: Politoed
|-damage|p1a: Armarouge|48/100|[from] item: Life Orb
|
|-weather|RainDance|[upkeep]
|upkeep
|turn|7
|
|t:|1756401570
|move|p2b: Blastoise|Shell Smash|p2b: Blastoise
|-unboost|p2b: Blastoise|def|1
|-unboost|p2b: Blastoise|spd|1
|-boost|p2b: Blastoise|atk|2
|-boost|p2b: Blastoise|spa|2
|-boost|p2b: Blastoise|spe|2
|-enditem|p2b: Blastoise|White Herb
|-clearnegativeboost|p2b: Blastoise|[silent]
|move|p1a: Armarouge|Expanding Force|p2b: Blastoise
|-damage|p2b: Blastoise|49/100
|-damage|p1a: Armarouge|38/100|[from] item: Life Orb
|
|-weather|RainDance|[upkeep]
|-heal|p2b: Blastoise|55/100|[from] ability: Rain Dish
|upkeep
|turn|8
|inactive|Storm2184 has 30 seconds left.
|inactive|Storm2184 has 20 seconds left.
|
|t:|1756401608
|move|p1a: Armarouge|Protect|p1a: Armarouge
|-singleturn|p1a: Armarouge|Protect
|move|p2b: Blastoise|Surf|p1a: Armarouge
|-activate|p1a: Armarouge|move: Protect
|
|-weather|RainDance|[upkeep]
|-heal|p2b: Blastoise|61/100|[from] ability: Rain Dish
|upkeep
|turn|9
|
|t:|1756401619
|move|p1a: Armarouge|Wide Guard|p1a: Armarouge
|-singleturn|p1a: Armarouge|Wide Guard
|move|p2b: Blastoise|Water Spout|p1a: Armarouge
|-activate|p1a: Armarouge|move: Wide Guard
|
|-weather|RainDance|[upkeep]
|-heal|p2b: Blastoise|67/100|[from] ability: Rain Dish
|upkeep
|turn|10
|
|t:|1756401629
|move|p1a: Armarouge|Wide Guard|p1a: Armarouge
|-singleturn|p1a: Armarouge|Wide Guard
|move|p2b: Blastoise|Water Spout|p1a: Armarouge
|-activate|p1a: Armarouge|move: Wide Guard
|
|-weather|RainDance|[upkeep]
|-heal|p2b: Blastoise|73/100|[from] ability: Rain Dish
|upkeep
|turn|11
|
|t:|1756401637
|move|p2b: Blastoise|Surf|p1a: Armarouge
|-resisted|p1a: Armarouge
|-damage|p1a: Armarouge|0 fnt
|faint|p1a: Armarouge
|
|win|MR. HEROW
