|j|☆Twiz94
|j|☆stewiie25
|html|Twiz94stewiie25    
|uhtml|bestof|Game 1 of a best-of-3
|t:|1757935125
|gametype|doubles
|player|p1|Twiz94|266|1178
|player|p2|stewiie25|169|1105
|gen|9
|tier|[Gen 9] VGC 2025 Reg H (Bo3)
|rated|
|rule|Species Clause: Limit one of each Pokémon
|rule|Item Clause: Limit 1 of each item
|clearpoke
|poke|p1|Typhlosion-Hisui, L50, M|
|poke|p1|Ursaluna, L50, F|
|poke|p1|Indeedee-F, L50, F|
|poke|p1|Torkoal, L50, F|
|poke|p1|Sneasler, L50, M|
|poke|p1|Murkrow, L50, M|
|poke|p2|Meowscarada, L50, F|
|poke|p2|Baxcalibur, L50, F|
|poke|p2|Gholdengo, L50|
|poke|p2|Garganacl, L50, F|
|poke|p2|Tauros-Paldea-Aqua, L50, M|
|poke|p2|Mimikyu, L50, F|
|teampreview|4
|showteam|p1|Typhlosion-Hisui||ChoiceSpecs|Blaze|Eruption,HeatWave,Overheat,ShadowBall|||M|||50|,,,,,Fire]Ursaluna||FlameOrb|Guts|Protect,Facade,HeadlongRush,Earthquake|||F|||50|,,,,,Poison]Indeedee-F||SafetyGoggles|PsychicSurge|Protect,HelpingHand,FollowMe,TrickRoom|||F|||50|,,,,,Fairy]Torkoal||EjectPack|Drought|Protect,HelpingHand,Eruption,Overheat|||F|||50|,,,,,Flying]Sneasler||PsychicSeed|Unburden|Protect,DireClaw,CloseCombat,ThroatChop|||M|||50|,,,,,Dark]Murkrow||Eviolite|Prankster|Tailwind,SunnyDay,Haze,IcyWind|||M|||50|,,,,,Ghost
|showteam|p2|Meowscarada||FocusSash|Overgrow|Protect,FlowerTrick,SuckerPunch,KnockOff|||F|||50|,,,,,Grass]Baxcalibur||LoadedDice|ThermalExchange|Protect,IcicleSpear,IceShard,GlaiveRush|||F|||50|,,,,,Water]Gholdengo||ChoiceSpecs|GoodasGold|MakeItRain,FocusBlast,PowerGem,ShadowBall||||||50|,,,,,Steel]Garganacl||Leftovers|PurifyingSalt|Protect,WideGuard,SaltCure,Recover|||F|||50|,,,,,Poison]Tauros-Paldea-Aqua||SitrusBerry|Intimidate|Protect,AquaJet,WaveCrash,CloseCombat|||M|||50|,,,,,Fighting]Mimikyu||LifeOrb|Disguise|Protect,ShadowClaw,DrainPunch,PlayRough|||F|||50|,,,,,Ghost
|inactive|Battle timer is ON: inactive players will automatically lose when time's up. (requested by Twiz94)
|inactive|Twiz94 has 60 seconds left.
|inactive|stewiie25 has 60 seconds left.
|inactive|Twiz94 has 30 seconds left.
|inactive|Twiz94 has 20 seconds left.
|inactive|Twiz94 has 15 seconds left.
|inactive|Twiz94 has 10 seconds left.
|inactive|Twiz94 has 5 seconds left.
|
|t:|1757935219
|teamsize|p1|4
|teamsize|p2|4
|start
|switch|p1a: Murkrow|Murkrow, L50, M, shiny|100/100
|switch|p1b: Sneasler|Sneasler, L50, M, shiny|100/100
|switch|p2a: Mimikyu|Mimikyu, L50, F|100/100
|switch|p2b: Meowscarada|Meowscarada, L50, F|100/100
|turn|1
|
|t:|1757935241
|move|p1b: Sneasler|Protect|p1b: Sneasler
|-singleturn|p1b: Sneasler|Protect
|move|p2b: Meowscarada|Knock Off|p1a: Murkrow
|-resisted|p1a: Murkrow
|-damage|p1a: Murkrow|76/100
|-enditem|p1a: Murkrow|Eviolite|[from] move: Knock Off|[of] p2b: Meowscarada
|move|p2a: Mimikyu|Play Rough|p1a: Murkrow
|-supereffective|p1a: Murkrow
|-damage|p1a: Murkrow|0 fnt
|faint|p1a: Murkrow
|-damage|p2a: Mimikyu|91/100|[from] item: Life Orb
|
|upkeep
|
|t:|1757935251
|switch|p1a: Indeedee|Indeedee-F, L50, F, shiny|100/100
|-fieldstart|move: Psychic Terrain|[from] ability: Psychic Surge|[of] p1a: Indeedee
|-enditem|p1b: Sneasler|Psychic Seed
|-boost|p1b: Sneasler|spd|1|[from] item: Psychic Seed
|turn|2
|inactive|Twiz94 has 30 seconds left.
|
|t:|1757935279
|-terastallize|p1a: Indeedee|Fairy
|move|p1a: Indeedee|Follow Me|p1a: Indeedee
|-singleturn|p1a: Indeedee|move: Follow Me
|move|p1b: Sneasler|Dire Claw|p2b: Meowscarada
|-supereffective|p2b: Meowscarada
|-enditem|p2b: Meowscarada|Focus Sash
|-damage|p2b: Meowscarada|1/100
|move|p2b: Meowscarada|Knock Off|p1a: Indeedee
|-resisted|p1a: Indeedee
|-damage|p1a: Indeedee|80/100
|-enditem|p1a: Indeedee|Safety Goggles|[from] move: Knock Off|[of] p2b: Meowscarada
|move|p2a: Mimikyu|Drain Punch|p1a: Indeedee
|-resisted|p1a: Indeedee
|-damage|p1a: Indeedee|68/100
|-heal|p2a: Mimikyu|98/100|[from] drain|[of] p1a: Indeedee
|-damage|p2a: Mimikyu|88/100|[from] item: Life Orb
|
|upkeep
|turn|3
|inactive|Twiz94 has 30 seconds left.
|
|t:|1757935312
|move|p2b: Meowscarada|Protect|p2b: Meowscarada
|-singleturn|p2b: Meowscarada|Protect
|move|p1a: Indeedee|Protect|p1a: Indeedee
|-singleturn|p1a: Indeedee|Protect
|move|p1b: Sneasler|Dire Claw|p2b: Meowscarada
|-activate|p2b: Meowscarada|move: Protect
|move|p2a: Mimikyu|Play Rough|p1a: Indeedee
|-activate|p1a: Indeedee|move: Protect
|
|upkeep
|turn|4
|
|t:|1757935334
|move|p1a: Indeedee|Follow Me|p1a: Indeedee
|-singleturn|p1a: Indeedee|move: Follow Me
|move|p1b: Sneasler|Dire Claw|p2a: Mimikyu
|-activate|p2a: Mimikyu|ability: Disguise
|-damage|p2a: Mimikyu|88/100
|-status|p2a: Mimikyu|psn
|detailschange|p2a: Mimikyu|Mimikyu-Busted, L50, F
|-damage|p2a: Mimikyu|76/100 psn|[from] pokemon: Mimikyu-Busted
|move|p2b: Meowscarada|Flower Trick|p1a: Indeedee
|-crit|p1a: Indeedee
|-damage|p1a: Indeedee|0 fnt
|faint|p1a: Indeedee
|move|p2a: Mimikyu|Drain Punch|p1b: Sneasler
|-resisted|p1b: Sneasler
|-damage|p1b: Sneasler|81/100
|-heal|p2a: Mimikyu|88/100 psn|[from] drain|[of] p1b: Sneasler
|-damage|p2a: Mimikyu|78/100 psn|[from] item: Life Orb
|
|-damage|p2a: Mimikyu|66/100 psn|[from] psn
|upkeep
|
|t:|1757935341
|switch|p1a: Typhlosion|Typhlosion-Hisui, L50, M, shiny|100/100
|turn|5
|
|t:|1757935362
|move|p1b: Sneasler|Dire Claw|p2b: Meowscarada
|-supereffective|p2b: Meowscarada
|-damage|p2b: Meowscarada|0 fnt
|faint|p2b: Meowscarada
|move|p1a: Typhlosion|Eruption|p2a: Mimikyu
|-damage|p2a: Mimikyu|0 fnt
|faint|p2a: Mimikyu
|
|upkeep
|
|t:|1757935365
|switch|p2b: Garganacl|Garganacl, L50, F|100/100
|switch|p2a: Tauros|Tauros-Paldea-Aqua, L50, M|100/100
|-ability|p2a: Tauros|Intimidate|boost
|-unboost|p1a: Typhlosion|atk|1
|-unboost|p1b: Sneasler|atk|1
|turn|6
|
|t:|1757935388
|-terastallize|p2b: Garganacl|Poison
|move|p2b: Garganacl|Wide Guard|p2b: Garganacl
|-singleturn|p2b: Garganacl|Wide Guard
|move|p1b: Sneasler|Dire Claw|p2a: Tauros
|-damage|p2a: Tauros|73/100
|-status|p2a: Tauros|par
|move|p1a: Typhlosion|Eruption|p2b: Garganacl|[spread] 
|-activate|p2a: Tauros|move: Wide Guard
|-activate|p2b: Garganacl|move: Wide Guard
|move|p2a: Tauros|Wave Crash|p1b: Sneasler
|-damage|p1b: Sneasler|6/100
|-damage|p2a: Tauros|50/100 par|[from] Recoil
|-enditem|p2a: Tauros|Sitrus Berry|[eat]
|-heal|p2a: Tauros|75/100 par|[from] item: Sitrus Berry
|
|-fieldend|move: Psychic Terrain
|upkeep
|turn|7
|inactive|Twiz94 has 30 seconds left.
|
|t:|1757935420
|move|p1b: Sneasler|Protect|p1b: Sneasler
|-singleturn|p1b: Sneasler|Protect
|move|p2b: Garganacl|Wide Guard|p2b: Garganacl
|-singleturn|p2b: Garganacl|Wide Guard
|move|p2a: Tauros|Aqua Jet|p1b: Sneasler
|-activate|p1b: Sneasler|move: Protect
|move|p1a: Typhlosion|Eruption|p2a: Tauros|[spread] 
|-activate|p2a: Tauros|move: Wide Guard
|-activate|p2b: Garganacl|move: Wide Guard
|
|upkeep
|turn|8
|inactive|Twiz94 has 30 seconds left.
|
|t:|1757935446
|move|p2b: Garganacl|Wide Guard|p2b: Garganacl
|-singleturn|p2b: Garganacl|Wide Guard
|cant|p2a: Tauros|par
|move|p1b: Sneasler|Dire Claw|p2b: Garganacl
|-resisted|p2b: Garganacl
|-damage|p2b: Garganacl|93/100
|move|p1a: Typhlosion|Eruption|p2b: Garganacl|[spread] 
|-activate|p2a: Tauros|move: Wide Guard
|-activate|p2b: Garganacl|move: Wide Guard
|
|-heal|p2b: Garganacl|99/100|[from] item: Leftovers
|upkeep
|turn|9
|inactive|Twiz94 has 30 seconds left.
|
|t:|1757935479
|move|p2b: Garganacl|Wide Guard|p2b: Garganacl
|-singleturn|p2b: Garganacl|Wide Guard
|cant|p2a: Tauros|par
|move|p1b: Sneasler|Dire Claw|p2b: Garganacl
|-resisted|p2b: Garganacl
|-damage|p2b: Garganacl|89/100
|move|p1a: Typhlosion|Eruption|p2a: Tauros|[spread] 
|-activate|p2a: Tauros|move: Wide Guard
|-activate|p2b: Garganacl|move: Wide Guard
|
|-heal|p2b: Garganacl|95/100|[from] item: Leftovers
|upkeep
|turn|10
|c|☆stewiie25|gg
|
|t:|1757935499
|move|p2b: Garganacl|Wide Guard|p2b: Garganacl
|-singleturn|p2b: Garganacl|Wide Guard
|move|p2a: Tauros|Aqua Jet|p1b: Sneasler
|-crit|p1b: Sneasler
|-damage|p1b: Sneasler|0 fnt
|faint|p1b: Sneasler
|move|p1a: Typhlosion|Eruption|p2a: Tauros|[spread] 
|-activate|p2a: Tauros|move: Wide Guard
|-activate|p2b: Garganacl|move: Wide Guard
|
|-heal|p2b: Garganacl|100/100|[from] item: Leftovers
|upkeep
|turn|11
|-message|Twiz94 forfeited.
|
|win|stewiie25
|l|☆Twiz94
|player|p1|
||stewiie25 is ready for game 2.
||Twiz94 is ready for game 2.
|uhtml|next|Next: Game 2 of 3
