|j|☆Harry Koekenpan
|j|☆KodeBeast0526
|html|Harry KoekenpanKodeBeast0526    
|uhtml|bestof|Game 2 of a best-of-3
|t:|1756206827
|gametype|doubles
|player|p1|Harry Koekenpan|265|1169
|player|p2|KodeBeast0526|wattson|1115
|gen|9
|tier|[Gen 9] VGC 2025 Reg H (Bo3)
|rated|
|rule|Species Clause: Limit one of each Pokémon
|rule|Item Clause: Limit 1 of each item
|clearpoke
|poke|p1|Typhlosion-Hisui, L50, F|
|poke|p1|Murkrow, L50, F|
|poke|p1|Muk-Alola, L50, M|
|poke|p1|Smeargle, L50, F|
|poke|p1|Rillaboom, L50, F|
|poke|p1|Flamigo, L50, F|
|poke|p2|Indeedee-F, L50, F|
|poke|p2|Hatterene, L50, F|
|poke|p2|Gallade, L50, M|
|poke|p2|Ursaluna, L50, M|
|poke|p2|Lilligant-Hisui, L50, F|
|poke|p2|Torkoal, L50, M|
|teampreview|4
|showteam|p1|Typhlosion-Hisui||ChoiceSpecs|Blaze|Eruption,ShadowBall,Overheat,HeatWave|||F|||50|,,,,,Fire]Murkrow||Eviolite|Prankster|Tailwind,Taunt,SunnyDay,FoulPlay|||F|||50|,,,,,Ghost]Muk-Alola||Leftovers|PowerofAlchemy|Minimize,PoisonFang,KnockOff,Protect|||M|||50|,,,,,Ghost]Smeargle||FocusSash|Moody|FollowMe,FakeOut,SpikyShield,Explosion|||F|||50|,,,,,Ghost]Rillaboom||AssaultVest|GrassySurge|WoodHammer,GrassyGlide,FakeOut,HighHorsepower|||F|||50|,,,,,Fire]Flamigo||LifeOrb|Costar|CloseCombat,BraveBird,Taunt,Detect|||F|||50|,,,,,Ghost
|showteam|p2|Indeedee-F||PsychicSeed|PsychicSurge|TrickRoom,FollowMe,HelpingHand,DazzlingGleam|||F|||50|,,,,,Fire]Hatterene||LifeOrb|MagicBounce|ExpandingForce,TrickRoom,DazzlingGleam,Protect|||F|||50|,,,,,Psychic]Gallade||ClearAmulet|Sharpness|PsychoCut,TrickRoom,SacredSword,WideGuard|||M|||50|,,,,,Grass]Ursaluna||FlameOrb|Guts|HeadlongRush,Facade,SwordsDance,Protect|||M|||50|,,,,,Ghost]Lilligant-Hisui||FocusSash|Chlorophyll|SolarBlade,SleepPowder,CloseCombat,AfterYou|||F|||50|,,,,,Ghost]Torkoal||ChoiceSpecs|Drought|Eruption,HeatWave,WeatherBall,EarthPower|||M|||50|,,,,,Fire
|inactive|Battle timer is ON: inactive players will automatically lose when time's up. (requested by Harry Koekenpan)
|
|t:|1756206849
|teamsize|p1|4
|teamsize|p2|4
|start
|switch|p1a: Muk|Muk-Alola, L50, M|100/100
|switch|p1b: Smeargle|Smeargle, L50, F|100/100
|switch|p2a: Lilligant|Lilligant-Hisui, L50, F, shiny|100/100
|switch|p2b: Torkoal|Torkoal, L50, M, shiny|100/100
|-weather|SunnyDay|[from] ability: Drought|[of] p2b: Torkoal
|turn|1
|
|t:|1756206868
|switch|p2b: Indeedee|Indeedee-F, L50, F, shiny|100/100
|-fieldstart|move: Psychic Terrain|[from] ability: Psychic Surge|[of] p2b: Indeedee
|-enditem|p2b: Indeedee|Psychic Seed
|-boost|p2b: Indeedee|spd|1|[from] item: Psychic Seed
|move|p1a: Muk|Protect|p1a: Muk
|-singleturn|p1a: Muk|Protect
|move|p2a: Lilligant|Sleep Powder|p1a: Muk
|-activate|p1a: Muk|move: Protect
|move|p1b: Smeargle|Explosion|p2a: Lilligant|[spread] p2a,p2b
|-activate|p1a: Muk|move: Protect
|-damage|p2a: Lilligant|35/100
|-damage|p2b: Indeedee|66/100
|faint|p1b: Smeargle
|-ability|p1a: Muk|Moody|Power of Alchemy|[from] ability: Power of Alchemy|[of] p1b: Smeargle
|
|-weather|SunnyDay|[upkeep]
|-ability|p1a: Muk|Moody|boost
|-boost|p1a: Muk|def|2
|-unboost|p1a: Muk|spd|1
|upkeep
|
|t:|1756206888
|switch|p1b: Rillaboom|Rillaboom, L50, F|100/100
|-fieldstart|move: Grassy Terrain|[from] ability: Grassy Surge|[of] p1b: Rillaboom
|turn|2
|
|t:|1756206902
|switch|p2b: Torkoal|Torkoal, L50, M, shiny|100/100
|-terastallize|p2a: Lilligant|Ghost
|move|p1b: Rillaboom|Fake Out|p2a: Lilligant
|-immune|p2a: Lilligant
|move|p2a: Lilligant|Sleep Powder|p1a: Muk
|-status|p1a: Muk|slp|[from] move: Sleep Powder
|cant|p1a: Muk|slp
|
|-weather|SunnyDay|[upkeep]
|-heal|p2a: Lilligant|41/100|[from] Grassy Terrain
|-ability|p1a: Muk|Moody|boost
|-boost|p1a: Muk|spd|2
|-unboost|p1a: Muk|spa|1
|upkeep
|turn|3
|inactive|Harry Koekenpan has 30 seconds left.
|
|t:|1756206929
|switch|p2b: Indeedee|Indeedee-F, L50, F, shiny|66/100
|-fieldstart|move: Psychic Terrain|[from] ability: Psychic Surge|[of] p2b: Indeedee
|-terastallize|p1b: Rillaboom|Fire
|move|p2a: Lilligant|Close Combat|p1a: Muk
|-damage|p1a: Muk|74/100 slp
|-unboost|p2a: Lilligant|def|1
|-unboost|p2a: Lilligant|spd|1
|move|p1b: Rillaboom|High Horsepower|p2b: Indeedee
|-damage|p2b: Indeedee|34/100
|cant|p1a: Muk|slp
|
|-weather|SunnyDay|[upkeep]
|-heal|p1a: Muk|80/100 slp|[from] item: Leftovers
|-ability|p1a: Muk|Moody|boost
|-boost|p1a: Muk|spa|2
|-unboost|p1a: Muk|spd|1
|upkeep
|turn|4
|inactive|Harry Koekenpan has 30 seconds left.
|
|t:|1756206957
|move|p2b: Indeedee|Helping Hand|p2a: Lilligant
|-singleturn|p2a: Lilligant|Helping Hand|[of] p2b: Indeedee
|move|p2a: Lilligant|Close Combat|p1a: Muk
|-damage|p1a: Muk|39/100 slp
|-unboost|p2a: Lilligant|def|1
|-unboost|p2a: Lilligant|spd|1
|move|p1b: Rillaboom|Grassy Glide|p2a: Lilligant
|-damage|p2a: Lilligant|0 fnt
|faint|p2a: Lilligant
|cant|p1a: Muk|slp
|
|-weather|SunnyDay|[upkeep]
|-heal|p1a: Muk|45/100 slp|[from] item: Leftovers
|-ability|p1a: Muk|Moody|boost
|-boost|p1a: Muk|spe|2
|-unboost|p1a: Muk|atk|1
|upkeep
|
|t:|1756206969
|switch|p2a: Torkoal|Torkoal, L50, M, shiny|100/100
|turn|5
|
|t:|1756206994
|switch|p2a: Hatterene|Hatterene, L50, F, shiny|100/100
|-curestatus|p1a: Muk|slp|[msg]
|move|p1a: Muk|Minimize|p1a: Muk
|-boost|p1a: Muk|evasion|2
|move|p1b: Rillaboom|High Horsepower|p2a: Hatterene
|-damage|p2a: Hatterene|63/100
|move|p2b: Indeedee|Trick Room|p2b: Indeedee
|-fieldstart|move: Trick Room|[of] p2b: Indeedee
|
|-weather|none
|-heal|p1a: Muk|51/100|[from] item: Leftovers
|-ability|p1a: Muk|Moody|boost
|-boost|p1a: Muk|spe|2
|-unboost|p1a: Muk|def|1
|upkeep
|turn|6
|
|t:|1756207018
|move|p2a: Hatterene|Dazzling Gleam|p1a: Muk|[spread] p1a,p1b
|-resisted|p1b: Rillaboom
|-crit|p1b: Rillaboom
|-damage|p1a: Muk|23/100
|-damage|p1b: Rillaboom|73/100
|-damage|p2a: Hatterene|54/100|[from] item: Life Orb
|move|p2b: Indeedee|Dazzling Gleam|p1b: Rillaboom|[spread] p1a,p1b
|-resisted|p1b: Rillaboom
|-damage|p1a: Muk|13/100
|-damage|p1b: Rillaboom|68/100
|move|p1b: Rillaboom|Wood Hammer|p2a: Hatterene
|-damage|p2a: Hatterene|0 fnt
|faint|p2a: Hatterene
|-damage|p1b: Rillaboom|55/100|[from] Recoil
|move|p1a: Muk|Minimize|p1a: Muk
|-boost|p1a: Muk|evasion|2
|
|-heal|p1a: Muk|19/100|[from] item: Leftovers
|-ability|p1a: Muk|Moody|boost
|-boost|p1a: Muk|def|2
|-unboost|p1a: Muk|spa|1
|upkeep
|
|t:|1756207026
|switch|p2a: Torkoal|Torkoal, L50, M, shiny|100/100
|-weather|SunnyDay|[from] ability: Drought|[of] p2a: Torkoal
|turn|7
|
|t:|1756207045
|move|p1a: Muk|Protect|p1a: Muk
|-singleturn|p1a: Muk|Protect
|move|p2a: Torkoal|Eruption|p1b: Rillaboom|[spread] p1b
|-activate|p1a: Muk|move: Protect
|-resisted|p1b: Rillaboom
|-damage|p1b: Rillaboom|14/100
|move|p2b: Indeedee|Dazzling Gleam|p1a: Muk|[spread] p1b
|-activate|p1a: Muk|move: Protect
|-resisted|p1b: Rillaboom
|-damage|p1b: Rillaboom|9/100
|move|p1b: Rillaboom|High Horsepower|p2a: Torkoal
|-supereffective|p2a: Torkoal
|-damage|p2a: Torkoal|45/100
|
|-weather|SunnyDay|[upkeep]
|-heal|p1a: Muk|25/100|[from] item: Leftovers
|-fieldend|move: Psychic Terrain
|-ability|p1a: Muk|Moody|boost
|-boost|p1a: Muk|spa|2
|-unboost|p1a: Muk|atk|1
|upkeep
|turn|8
|inactive|Harry Koekenpan has 30 seconds left.
|
|t:|1756207072
|move|p2a: Torkoal|Eruption|p1b: Rillaboom|[spread] p1a,p1b
|-resisted|p1b: Rillaboom
|-damage|p1a: Muk|0 fnt
|-damage|p1b: Rillaboom|0 fnt
|faint|p1a: Muk
|faint|p1b: Rillaboom
|move|p2b: Indeedee|Dazzling Gleam|p1: Muk|[notarget]
|-fail|p2b: Indeedee
|
|-weather|SunnyDay|[upkeep]
|upkeep
|
|t:|1756207084
|switch|p1b: Flamigo|Flamigo, L50, F|100/100
|turn|9
|
|t:|1756207092
|move|p1b: Flamigo|Detect|p1b: Flamigo
|-singleturn|p1b: Flamigo|Protect
|move|p2a: Torkoal|Eruption|p1b: Flamigo
|-activate|p1b: Flamigo|move: Protect
|move|p2b: Indeedee|Dazzling Gleam|p1b: Flamigo
|-activate|p1b: Flamigo|move: Protect
|
|-weather|SunnyDay|[upkeep]
|-fieldend|move: Trick Room
|upkeep
|turn|10
|
|t:|1756207105
|move|p1b: Flamigo|Brave Bird|p2a: Torkoal
|-damage|p2a: Torkoal|0 fnt
|faint|p2a: Torkoal
|-damage|p1b: Flamigo|84/100|[from] Recoil
|-damage|p1b: Flamigo|75/100|[from] item: Life Orb
|move|p2b: Indeedee|Dazzling Gleam|p1b: Flamigo
|-supereffective|p1b: Flamigo
|-damage|p1b: Flamigo|21/100
|
|-weather|SunnyDay|[upkeep]
|upkeep
|turn|11
|
|t:|1756207117
|move|p1b: Flamigo|Brave Bird|p2b: Indeedee
|-damage|p2b: Indeedee|0 fnt
|faint|p2b: Indeedee
|-damage|p1b: Flamigo|9/100|[from] Recoil
|-damage|p1b: Flamigo|0 fnt|[from] item: Life Orb
|faint|p1b: Flamigo
|
|win|Harry Koekenpan
|raw|Harry Koekenpan's rating: 1169 → 1190(+21 for winning)
|raw|KodeBeast0526's rating: 1115 → 1094(-21 for losing)
|c|☆KodeBeast0526|Youre so annoying
|l|☆Harry Koekenpan
|player|p1|
|l|☆KodeBeast0526
|player|p2|
|j|☆Harry Koekenpan
|player|p1|Harry Koekenpan|265|
