|j|☆T.anh88
|j|☆wownowthatsneat
|html|T.anh88wownowthatsneat    
|uhtml|bestof|Game 1 of a best-of-3
|t:|1783906594
|gametype|doubles
|player|p1|T.anh88|170|1000
|player|p2|wownowthatsneat|ghetsis|1040
|gen|9
|tier|[Gen 9 Champions] VGC 2026 Reg M-B (Bo3)
|rated|
|rule|Species Clause: Limit one of each Pokémon
|rule|Item Clause: Limit 1 of each item
|clearpoke
|poke|p1|Staraptor, L50, F|
|poke|p1|Serperior, L50, M|
|poke|p1|Blaziken, L50, F|
|poke|p1|Scolipede, L50, M|
|poke|p1|Espathra, L50, M|
|poke|p1|Grimmsnarl, L50, M|
|poke|p2|Crabominable, L50, M|
|poke|p2|Mimikyu, L50, M|
|poke|p2|Vivillon, L50, F|
|poke|p2|Araquanid, L50, F|
|poke|p2|Incineroar, L50, F|
|poke|p2|Slowbro-Galar, L50, M|
|teampreview|4
|showteam|p1|Staraptor||Staraptite|Intimidate|CloseCombat,BraveBird,Roost,Protect|Adamant||F|||50|]Serperior||LifeOrb|Contrary|LeafStorm,GigaDrain,Reflect,Taunt|Modest||M|||50|]Blaziken||FocusSash|SpeedBoost|BatonPass,Protect,SwordsDance,BraveBird|Jolly||F|||50|]Scolipede||Scolipite|SpeedBoost|PoisonJab,RockSlide,SwordsDance,SteelRoller|Adamant||M|||50|]Espathra||Leftovers|SpeedBoost|BatonPass,LuminaCrash,CalmMind,Protect|Timid||M|||50|]Grimmsnarl||LightClay|Prankster|PartingShot,Taunt,LightScreen,SpiritBreak|Serious||M|||50|
|showteam|p2|Crabominable||Crabominite|HyperCutter|IceHammer,DrainPunch,ThunderPunch,Protect|Brave||M|||50|]Mimikyu||MentalHerb|Disguise|TrickRoom,WillOWisp,PlayRough,ShadowSneak|Sassy||M|||50|]Vivillon||FocusSash|FriendGuard|PollenPuff,RagePowder,SleepPowder,Protect|Serious||F|||50|]Araquanid||MysticWater|WaterBubble|Liquidation,LeechLife,Protect,WideGuard|Sassy||F|||50|]Incineroar||SitrusBerry|Intimidate|DarkestLariat,PartingShot,FakeOut,FlareBlitz|Sassy||F|||50|]Slowbro-Galar||Leftovers|Regenerator|Protect,Psychic,TrickRoom,ShellSideArm|Quiet||M|||50|
|
|t:|1783906670
|teamsize|p1|4
|teamsize|p2|4
|start
|switch|p1a: Grimmsnarl|Grimmsnarl, L50, M|100/100
|switch|p1b: Blaziken|Blaziken, L50, F|100/100
|switch|p2a: Box|Crabominable, L50, M|100/100
|switch|p2b: Bag|Mimikyu, L50, M|100/100
|turn|1
|
|t:|1783906693
|detailschange|p2a: Box|Crabominable-Mega, L50, M
|-mega|p2a: Box|Crabominable|Crabominite
|move|p2a: Box|Protect|p2a: Box
|-singleturn|p2a: Box|Protect
|move|p1a: Grimmsnarl|Light Screen|p1a: Grimmsnarl
|-sidestart|p1: T.anh88|move: Light Screen
|move|p1b: Blaziken|Swords Dance|p1b: Blaziken
|-boost|p1b: Blaziken|atk|2
|move|p2b: Bag|Trick Room|p2b: Bag
|-fieldstart|move: Trick Room|[of] p2b: Bag
|
|-ability|p1b: Blaziken|Speed Boost|boost
|-boost|p1b: Blaziken|spe|1
|upkeep
|turn|2
|
|t:|1783906724
|move|p1b: Blaziken|Protect|p1b: Blaziken
|-singleturn|p1b: Blaziken|Protect
|move|p1a: Grimmsnarl|Parting Shot|p2a: Box
|-unboost|p2a: Box|atk|1
|-unboost|p2a: Box|spa|1
|
|t:|1783906739
|switch|p1a: Scolipede|Scolipede, L50, M|100/100|[from] Parting Shot
|move|p2b: Bag|Shadow Sneak|p1b: Blaziken
|-activate|p1b: Blaziken|move: Protect
|move|p2a: Box|Drain Punch|p1b: Blaziken
|-activate|p1b: Blaziken|move: Protect
|
|-ability|p1b: Blaziken|Speed Boost|boost
|-boost|p1b: Blaziken|spe|1
|upkeep
|turn|3
|
|t:|1783906771
|move|p1b: Blaziken|Protect||[still]
|-fail|p1b: Blaziken
|move|p2a: Box|Drain Punch|p1b: Blaziken
|-damage|p1b: Blaziken|42/100
|move|p2b: Bag|Play Rough|p1b: Blaziken
|-damage|p1b: Blaziken|0 fnt
|faint|p1b: Blaziken
|move|p1a: Scolipede|Rock Slide|p2a: Box|[spread] p2a,p2b
|-damage|p2a: Box|86/100
|-activate|p2b: Bag|ability: Disguise
|-damage|p2b: Bag|100/100
|detailschange|p2b: Bag|Mimikyu-Busted, L50, M
|-damage|p2b: Bag|87/100|[from] pokemon: Mimikyu-Busted
|
|-ability|p1a: Scolipede|Speed Boost|boost
|-boost|p1a: Scolipede|spe|1
|upkeep
|
|t:|1783906818
|switch|p1b: Grimmsnarl|Grimmsnarl, L50, M|100/100
|turn|4
|
|t:|1783906830
|switch|p2a: Pringles can|Slowbro-Galar, L50, M|100/100
|move|p1b: Grimmsnarl|Spirit Break|p2b: Bag
|-damage|p2b: Bag|43/100
|-unboost|p2b: Bag|spa|1
|move|p2b: Bag|Will-O-Wisp|p1a: Scolipede
|-status|p1a: Scolipede|brn
|move|p1a: Scolipede|Swords Dance|p1a: Scolipede
|-boost|p1a: Scolipede|atk|2
|
|-damage|p1a: Scolipede|94/100 brn|[from] brn
|-ability|p1a: Scolipede|Speed Boost|boost
|-boost|p1a: Scolipede|spe|1
|upkeep
|turn|5
|
|t:|1783906874
|move|p1b: Grimmsnarl|Taunt|p2a: Pringles can
|-start|p2a: Pringles can|move: Taunt
|move|p2a: Pringles can|Shell Side Arm|p1b: Grimmsnarl|[anim] Shell Side Arm Special
|-supereffective|p1b: Grimmsnarl|1
|-damage|p1b: Grimmsnarl|38/100
|-hint|Special Shell Side Arm
|move|p2b: Bag|Play Rough|p1b: Grimmsnarl
|-supereffective|p1b: Grimmsnarl|1
|-damage|p1b: Grimmsnarl|0 fnt
|faint|p1b: Grimmsnarl
|move|p1a: Scolipede|Rock Slide|p2a: Pringles can|[spread] p2a,p2b
|-damage|p2a: Pringles can|84/100
|-damage|p2b: Bag|17/100
|
|-heal|p2a: Pringles can|90/100|[from] item: Leftovers
|-damage|p1a: Scolipede|88/100 brn|[from] brn
|-fieldend|move: Trick Room
|-ability|p1a: Scolipede|Speed Boost|boost
|-boost|p1a: Scolipede|spe|1
|upkeep
|
|t:|1783906915
|switch|p1b: Staraptor|Staraptor, L50, F|100/100
|-ability|p1b: Staraptor|Intimidate|boost
|-unboost|p2a: Pringles can|atk|1
|-unboost|p2b: Bag|atk|1
|turn|6
|
|t:|1783906933
|-heal|p2a: Pringles can|100/100|[from] ability: Regenerator|[silent]
|switch|p2a: Vase|Vivillon, L50, F|100/100
|move|p1a: Scolipede|Rock Slide|p2a: Vase|[spread] p2a,p2b
|-supereffective|p2a: Vase|2
|-enditem|p2a: Vase|Focus Sash
|-damage|p2a: Vase|1/100
|-damage|p2b: Bag|1/100
|move|p1b: Staraptor|Brave Bird|p2b: Bag
|-damage|p2b: Bag|0 fnt
|faint|p2b: Bag
|-damage|p1b: Staraptor|99/100|[from] Recoil
|
|-damage|p1a: Scolipede|82/100 brn|[from] brn
|-ability|p1a: Scolipede|Speed Boost|boost
|-boost|p1a: Scolipede|spe|1
|upkeep
|
|t:|1783906951
|switch|p2b: Pringles can|Slowbro-Galar, L50, M|100/100
|turn|7
|
|t:|1783906988
|move|p1b: Staraptor|Protect|p1b: Staraptor
|-singleturn|p1b: Staraptor|Protect
|move|p2a: Vase|Protect|p2a: Vase
|-singleturn|p2a: Vase|Protect
|move|p1a: Scolipede|Rock Slide|p2a: Vase|[spread] p2b
|-activate|p2a: Vase|move: Protect
|-damage|p2b: Pringles can|89/100
|move|p2b: Pringles can|Trick Room|p2b: Pringles can
|-fieldstart|move: Trick Room|[of] p2b: Pringles can
|
|-heal|p2b: Pringles can|95/100|[from] item: Leftovers
|-damage|p1a: Scolipede|76/100 brn|[from] brn
|-ability|p1a: Scolipede|Speed Boost|boost
|-boost|p1a: Scolipede|spe|1
|upkeep
|turn|8
|
|t:|1783907035
|move|p2b: Pringles can|Protect|p2b: Pringles can
|-singleturn|p2b: Pringles can|Protect
|move|p1b: Staraptor|Protect|p1b: Staraptor
|-singleturn|p1b: Staraptor|Protect
|move|p2a: Vase|Sleep Powder|p1b: Staraptor
|-activate|p1b: Staraptor|move: Protect
|move|p1a: Scolipede|Rock Slide|p2a: Vase|[spread] p2a
|-activate|p2b: Pringles can|move: Protect
|-supereffective|p2a: Vase|2
|-damage|p2a: Vase|0 fnt
|faint|p2a: Vase
|
|-heal|p2b: Pringles can|100/100|[from] item: Leftovers
|-damage|p1a: Scolipede|70/100 brn|[from] brn
|-sideend|p1: T.anh88|move: Light Screen
|-ability|p1a: Scolipede|Speed Boost|boost
|-boost|p1a: Scolipede|spe|1
|upkeep
|
|t:|1783907054
|switch|p2a: Box|Crabominable-Mega, L50, M|86/100
|turn|9
|
|t:|1783907067
|move|p2b: Pringles can|Psychic|p1b: Staraptor
|-damage|p1b: Staraptor|45/100
|move|p2a: Box|Ice Hammer|p1b: Staraptor
|-supereffective|p1b: Staraptor|1
|-damage|p1b: Staraptor|0 fnt
|-unboost|p2a: Box|spe|1
|faint|p1b: Staraptor
|move|p1a: Scolipede|Rock Slide|p2b: Pringles can|[spread] p2a,p2b
|-damage|p2a: Box|75/100
|-damage|p2b: Pringles can|84/100
|
|-heal|p2b: Pringles can|90/100|[from] item: Leftovers
|-damage|p1a: Scolipede|64/100 brn|[from] brn
|upkeep
|turn|10
|-message|T.anh88 forfeited.
|
|win|wownowthatsneat
|l|☆T.anh88
|player|p1|
||wownowthatsneat is ready for game 2.
|raw|T.anh88's rating: 1000 → 1000(+0 for losing)
|raw|wownowthatsneat's rating: 1040 → 1070(+30 for winning)
