|j|☆f77SceptileTruther
|j|☆B33 R33tt4
|html|f77SceptileTrutherB33 R33tt4    
|uhtml|bestof|Game 2 of a best-of-3
|t:|1784130735
|gametype|doubles
|player|p1|f77SceptileTruther|ethan|1184
|player|p2|B33 R33tt4|266|1228
|gen|9
|tier|[Gen 9 Champions] VGC 2026 Reg M-B (Bo3)
|rated|
|rule|Species Clause: Limit one of each Pokémon
|rule|Item Clause: Limit 1 of each item
|clearpoke
|poke|p1|Sceptile, L50, M|
|poke|p1|Rotom-Heat, L50|
|poke|p1|Basculegion, L50, M|
|poke|p1|Aerodactyl, L50, M|
|poke|p1|Garchomp, L50, M|
|poke|p1|Floette-Eternal, L50, F|
|poke|p2|Blaziken, L50, M, shiny|
|poke|p2|Whimsicott, L50, F, shiny|
|poke|p2|Kingambit, L50, M, shiny|
|poke|p2|Basculegion, L50, M, shiny|
|poke|p2|Sylveon, L50, M, shiny|
|poke|p2|Raichu, L50, M, shiny|
|teampreview|4
|showteam|p1|Sceptile||Sceptilite|Overgrow|LeafStorm,DragonPulse,EarthPower,Detect|Timid||M|||50|]Rotom-Heat||ChoiceScarf|Levitate|Thunderbolt,Overheat,VoltSwitch,Discharge|Timid|||||50|]Basculegion||SitrusBerry|Adaptability|WaveCrash,LastRespects,AquaJet,Protect|Adamant||M|||50|]Aerodactyl||FocusSash|Unnerve|RockSlide,DualWingbeat,Tailwind,WideGuard|Jolly||M|||50|]Garchomp||LifeOrb|RoughSkin|DragonClaw,Earthquake,RockSlide,Protect|Jolly||M|||50|]Floette-Eternal||Floettite|FlowerVeil|Moonblast,DazzlingGleam,LightofRuin,Protect|Timid||F|||50|
|showteam|p2|Blaziken||Blazikenite|SpeedBoost|FlareBlitz,CloseCombat,Protect,RockSlide|Adamant||M|||50|]Whimsicott||FocusSash|Prankster|Moonblast,Tailwind,Encore,Protect|Timid||F|||50|]Kingambit||LifeOrb|Defiant|KowtowCleave,Protect,IronHead,SuckerPunch|Adamant||M|||50|]Basculegion||ChoiceScarf|Adaptability|WaveCrash,FlipTurn,LastRespects,AquaJet|Jolly||M|||50|]Sylveon||FairyFeather|Pixilate|HyperVoice,Moonblast,HelpingHand,Protect|Modest||M|||50|]Raichu||RaichuniteY|LightningRod|ZapCannon,FocusBlast,GrassKnot,Protect|Timid||M|||50|
|
|t:|1784130749
|teamsize|p1|4
|teamsize|p2|4
|start
|switch|p1a: Aerodactyl|Aerodactyl, L50, M|100/100
|switch|p1b: Garchomp|Garchomp, L50, M|100/100
|switch|p2a: Whimsicott|Whimsicott, L50, F, shiny|100/100
|switch|p2b: Basculegion|Basculegion, L50, M, shiny|100/100
|-ability|p1a: Aerodactyl|Unnerve
|turn|1
|
|t:|1784130768
|move|p2a: Whimsicott|Tailwind|p2a: Whimsicott
|-sidestart|p2: B33 R33tt4|move: Tailwind
|move|p2b: Basculegion|Flip Turn|p1a: Aerodactyl
|-supereffective|p1a: Aerodactyl|1
|-enditem|p1a: Aerodactyl|Focus Sash
|-damage|p1a: Aerodactyl|1/100
|
|t:|1784130778
|switch|p2b: Blaziken|Blaziken, L50, M, shiny|100/100|[from] Flip Turn
|move|p1a: Aerodactyl|Dual Wingbeat|p2a: Whimsicott
|-supereffective|p2a: Whimsicott|1
|-damage|p2a: Whimsicott|41/100
|-supereffective|p2a: Whimsicott|1
|-damage|p2a: Whimsicott|0 fnt
|faint|p2a: Whimsicott
|-hitcount|p2: Whimsicott|2
|move|p1b: Garchomp|Earthquake|p2b: Blaziken|[spread] p2b
|-immune|p1a: Aerodactyl
|-supereffective|p2b: Blaziken|1
|-damage|p2b: Blaziken|0 fnt
|faint|p2b: Blaziken
|-damage|p1b: Garchomp|90/100|[from] item: Life Orb
|
|upkeep
|
|t:|1784130792
|switch|p2a: Basculegion|Basculegion, L50, M, shiny|100/100
|switch|p2b: Sylveon|Sylveon, L50, M, shiny|100/100
|turn|2
|inactive|Battle timer is ON: inactive players will automatically lose when time's up. (requested by B33 R33tt4)
|
|t:|1784130828
|move|p1b: Garchomp|Protect|p1b: Garchomp
|-singleturn|p1b: Garchomp|Protect
|move|p2a: Basculegion|Last Respects|p1a: Aerodactyl
|-damage|p1a: Aerodactyl|0 fnt
|faint|p1a: Aerodactyl
|move|p2b: Sylveon|Moonblast|p1b: Garchomp
|-activate|p1b: Garchomp|move: Protect
|
|upkeep
|
|t:|1784130835
|switch|p1a: Floette|Floette-Eternal, L50, F|100/100
|turn|3
|
|t:|1784130842
|switch|p1b: Basculegion|Basculegion, L50, M|100/100
|detailschange|p1a: Floette|Floette-Mega, L50, F
|-mega|p1a: Floette|Floette|Floettite
|-ability|p1a: Floette|Fairy Aura
|move|p1a: Floette|Protect|p1a: Floette
|-singleturn|p1a: Floette|Protect
|move|p2a: Basculegion|Last Respects|p1a: Floette
|-activate|p1a: Floette|move: Protect
|move|p2b: Sylveon|Moonblast|p1b: Basculegion
|-damage|p1b: Basculegion|10/100
|-enditem|p1b: Basculegion|Sitrus Berry|[eat]
|-heal|p1b: Basculegion|35/100|[from] item: Sitrus Berry
|
|upkeep
|turn|4
|
|t:|1784130864
|move|p2b: Sylveon|Helping Hand|p2a: Basculegion
|-singleturn|p2a: Basculegion|Helping Hand|[of] p2b: Sylveon
|move|p1b: Basculegion|Protect|p1b: Basculegion
|-singleturn|p1b: Basculegion|Protect
|move|p2a: Basculegion|Last Respects|p1a: Floette
|-damage|p1a: Floette|0 fnt
|faint|p1a: Floette
|
|-sideend|p2: B33 R33tt4|move: Tailwind
|upkeep
|
|t:|1784130870
|switch|p1a: Garchomp|Garchomp, L50, M|90/100
|turn|5
|
|t:|1784130876
|move|p1b: Basculegion|Aqua Jet|p2b: Sylveon
|-damage|p2b: Sylveon|68/100
|move|p2a: Basculegion|Last Respects|p1b: Basculegion
|-supereffective|p1b: Basculegion|1
|-damage|p1b: Basculegion|0 fnt
|faint|p1b: Basculegion
|move|p1a: Garchomp|Earthquake|p2a: Basculegion|[spread] p2a,p2b
|-damage|p2a: Basculegion|46/100
|-damage|p2b: Sylveon|6/100
|-damage|p1a: Garchomp|80/100|[from] item: Life Orb
|move|p2b: Sylveon|Hyper Voice|p1a: Garchomp
|-supereffective|p1a: Garchomp|1
|-damage|p1a: Garchomp|0 fnt
|faint|p1a: Garchomp
|
|win|B33 R33tt4
|raw|f77SceptileTruther's rating: 1184 → 1162(-22 for losing)
|raw|B33 R33tt4's rating: 1228 → 1250(+22 for winning)
|c|☆B33 R33tt4|gg
