|j|☆deans milk
|j|☆PreparationHHH
|html|deans milkPreparationHHH    
|uhtml|bestof|Game 2 of a best-of-3
|t:|1757782738
|gametype|doubles
|player|p1|deans milk|2|1142
|player|p2|PreparationHHH|zinzolin|1223
|gen|9
|tier|[Gen 9] VGC 2025 Reg H (Bo3)
|rated|
|rule|Species Clause: Limit one of each Pokémon
|rule|Item Clause: Limit 1 of each item
|clearpoke
|poke|p1|Archaludon, L50, M|
|poke|p1|Kingdra, L50, F|
|poke|p1|Politoed, L50, F|
|poke|p1|Incineroar, L50, M|
|poke|p1|Gothitelle, L50, F|
|poke|p1|Amoonguss, L50, F|
|poke|p2|Toedscruel, L50, M|
|poke|p2|Weezing-Galar, L50, M|
|poke|p2|Pelipper, L50, M|
|poke|p2|Archaludon, L50, M|
|poke|p2|Comfey, L50, M|
|poke|p2|Kingdra, L50, M|
|teampreview|4
|showteam|p1|Archaludon||PowerHerb|Sturdy|Protect,ElectroShot,FlashCannon,DragonPulse|||M|||50|,,,,,Electric]Kingdra||LifeOrb|SwiftSwim|Protect,DracoMeteor,WeatherBall,MuddyWater|||F|||50|,,,,,Stellar]Politoed||Leftovers|Drizzle|Protect,WeatherBall,PerishSong,Encore|||F|||50|,,,,,Grass]Incineroar||SafetyGoggles|Intimidate|FakeOut,KnockOff,PartingShot,Protect|||M|||50|,,,,,Ghost]Gothitelle||SitrusBerry|ShadowTag|Protect,Psychic,FakeOut,TrickRoom|||F|||50|,,,,,Dark]Amoonguss||EjectButton|Regenerator|Protect,RagePowder,Spore,PollenPuff|||F|||50|,,,,,Fairy
|showteam|p2|Toedscruel||CovertCloak|MyceliumMight|Spore,BulletSeed,Protect,EarthPower|||M|||50|,,,,,Water]Weezing-Galar||SitrusBerry|NeutralizingGas|StrangeSteam,Taunt,SludgeBomb,Protect|||M|||50|,,,,,Ghost]Pelipper||ChoiceScarf|Drizzle|WeatherBall,Hurricane,Tailwind,Uturn|||M|||50|,,,,,Ghost]Archaludon||AssaultVest|Stamina|ElectroShot,Snarl,BodyPress,FlashCannon|||M|||50|,,,,,Grass]Comfey||SafetyGoggles|Triage|DrainingKiss,FloralHealing,LightScreen,Protect|||M|||50|,,,,,Steel]Kingdra||LifeOrb|SwiftSwim|WeatherBall,Surf,DracoMeteor,Protect|||M|||50|,,,,,Steel
|
|t:|1757782766
|teamsize|p1|4
|teamsize|p2|4
|start
|switch|p1a: Politoed|Politoed, L50, F|100/100
|switch|p1b: Amoonguss|Amoonguss, L50, F|100/100
|switch|p2a: Weezing|Weezing-Galar, L50, M|100/100
|switch|p2b: Toedscruel|Toedscruel, L50, M|100/100
|-ability|p2a: Weezing|Neutralizing Gas
|turn|1
|inactive|Battle timer is ON: inactive players will automatically lose when time's up. (requested by deans milk)
|
|t:|1757782787
|move|p1a: Politoed|Protect|p1a: Politoed
|-singleturn|p1a: Politoed|Protect
|move|p2b: Toedscruel|Spore|p1a: Politoed
|-activate|p1a: Politoed|move: Protect
|move|p2a: Weezing|Taunt|p1b: Amoonguss
|-start|p1b: Amoonguss|move: Taunt
|cant|p1b: Amoonguss|move: Taunt|Spore
|
|upkeep
|turn|2
|
|t:|1757782808
|switch|p1b: Archaludon|Archaludon, L50, M|100/100
|-terastallize|p1a: Politoed|Grass
|move|p2b: Toedscruel|Bullet Seed|p1a: Politoed
|-resisted|p1a: Politoed
|-damage|p1a: Politoed|98/100
|-resisted|p1a: Politoed
|-crit|p1a: Politoed
|-damage|p1a: Politoed|94/100
|-resisted|p1a: Politoed
|-damage|p1a: Politoed|91/100
|-resisted|p1a: Politoed
|-damage|p1a: Politoed|89/100
|-hitcount|p1a: Politoed|4
|move|p2a: Weezing|Sludge Bomb|p1b: Archaludon
|-immune|p1b: Archaludon
|move|p1a: Politoed|Perish Song|p1a: Politoed
|-start|p1a: Politoed|perish3|[silent]
|-start|p1b: Archaludon|perish3|[silent]
|-start|p2a: Weezing|perish3|[silent]
|-start|p2b: Toedscruel|perish3|[silent]
|-fieldactivate|move: Perish Song
|
|-heal|p1a: Politoed|95/100|[from] item: Leftovers
|-start|p2b: Toedscruel|perish3
|-start|p1b: Archaludon|perish3
|-start|p2a: Weezing|perish3
|-start|p1a: Politoed|perish3
|upkeep
|turn|3
|inactive|deans milk has 30 seconds left.
|inactive|PreparationHHH has 30 seconds left.
|inactive|PreparationHHH has 20 seconds left.
|
|t:|1757782846
|switch|p2b: Archaludon|Archaludon, L50, M|100/100
|move|p1b: Archaludon|Electro Shot||[still]
|-prepare|p1b: Archaludon|Electro Shot
|-boost|p1b: Archaludon|spa|1
|-enditem|p1b: Archaludon|Power Herb
|-anim|p1b: Archaludon|Electro Shot|p2a: Weezing
|-damage|p2a: Weezing|29/100
|-enditem|p2a: Weezing|Sitrus Berry|[eat]
|-heal|p2a: Weezing|54/100|[from] item: Sitrus Berry
|move|p2a: Weezing|Strange Steam|p1b: Archaludon
|-damage|p1b: Archaludon|58/100
|move|p1a: Politoed|Encore||[still]
|-fail|p1a: Politoed
|
|-heal|p1a: Politoed|100/100|[from] item: Leftovers
|-start|p1b: Archaludon|perish2
|-start|p2a: Weezing|perish2
|-start|p1a: Politoed|perish2
|upkeep
|turn|4
|inactive|deans milk has 30 seconds left.
|inactive|PreparationHHH has 30 seconds left.
|inactive|deans milk has 20 seconds left.
|inactive|PreparationHHH has 20 seconds left.
|
|t:|1757782885
|switch|p1b: Amoonguss|Amoonguss, L50, F|100/100
|switch|p1a: Gothitelle|Gothitelle, L50, F|100/100
|move|p2a: Weezing|Taunt|p1a: Gothitelle
|-start|p1a: Gothitelle|move: Taunt
|move|p2b: Archaludon|Body Press|p1b: Amoonguss
|-resisted|p1b: Amoonguss
|-crit|p1b: Amoonguss
|-damage|p1b: Amoonguss|86/100
|-enditem|p1b: Amoonguss|Eject Button
|
|t:|1757782897
|switch|p1b: Politoed|Politoed, L50, F, tera:Grass|100/100
|
|-start|p2a: Weezing|perish1
|upkeep
|turn|5
|inactive|PreparationHHH has 30 seconds left.
|
|t:|1757782926
|move|p1a: Gothitelle|Fake Out|p2b: Archaludon
|-resisted|p2b: Archaludon
|-damage|p2b: Archaludon|98/100
|move|p2a: Weezing|Taunt|p1b: Politoed
|-start|p1b: Politoed|move: Taunt
|cant|p2b: Archaludon|flinch
|cant|p1b: Politoed|move: Taunt|Perish Song
|
|-start|p2a: Weezing|perish0
|upkeep
|faint|p2a: Weezing
|-end|p2a: Weezing|ability: Neutralizing Gas
|-weather|RainDance|[from] ability: Drizzle|[of] p1b: Politoed
|
|t:|1757782941
|switch|p2a: Comfey|Comfey, L50, M|100/100
|turn|6
|
|t:|1757782955
|switch|p1b: Archaludon|Archaludon, L50, M|58/100
|switch|p1a: Amoonguss|Amoonguss, L50, F|86/100
|move|p2a: Comfey|Light Screen|p2a: Comfey
|-sidestart|p2: PreparationHHH|move: Light Screen
|move|p2b: Archaludon|Electro Shot||[still]
|-prepare|p2b: Archaludon|Electro Shot
|-boost|p2b: Archaludon|spa|1
|-anim|p2b: Archaludon|Electro Shot|p1a: Amoonguss
|-resisted|p1a: Amoonguss
|-damage|p1a: Amoonguss|59/100
|
|-weather|RainDance|[upkeep]
|upkeep
|turn|7
|inactive|PreparationHHH has 30 seconds left.
|
|t:|1757782988
|-terastallize|p2b: Archaludon|Grass
|move|p1b: Archaludon|Protect|p1b: Archaludon
|-singleturn|p1b: Archaludon|Protect
|move|p2a: Comfey|Draining Kiss|p1b: Archaludon
|-activate|p1b: Archaludon|move: Protect
|move|p2b: Archaludon|Snarl|p1b: Archaludon|[spread] p1a
|-activate|p1b: Archaludon|move: Protect
|-damage|p1a: Amoonguss|43/100
|-unboost|p1a: Amoonguss|spa|1
|move|p1a: Amoonguss|Spore|p2b: Archaludon
|-immune|p2b: Archaludon
|
|-weather|RainDance|[upkeep]
|upkeep
|turn|8
|inactive|deans milk has 30 seconds left.
|
|t:|1757783016
|switch|p1b: Politoed|Politoed, L50, F, tera:Grass|100/100
|move|p2a: Comfey|Draining Kiss|p1b: Politoed
|-damage|p1b: Politoed|88/100
|move|p1a: Amoonguss|Rage Powder|p1a: Amoonguss
|-singleturn|p1a: Amoonguss|move: Rage Powder
|move|p2b: Archaludon|Electro Shot||[still]
|-prepare|p2b: Archaludon|Electro Shot
|-boost|p2b: Archaludon|spa|1
|-anim|p2b: Archaludon|Electro Shot|p1a: Amoonguss
|-resisted|p1a: Amoonguss
|-damage|p1a: Amoonguss|4/100
|
|-weather|RainDance|[upkeep]
|-heal|p1b: Politoed|94/100|[from] item: Leftovers
|upkeep
|turn|9
|inactive|PreparationHHH has 30 seconds left.
|
|t:|1757783051
|switch|p1a: Gothitelle|Gothitelle, L50, F|100/100
|move|p2a: Comfey|Draining Kiss|p1b: Politoed
|-damage|p1b: Politoed|82/100
|move|p2b: Archaludon|Electro Shot||[still]
|-prepare|p2b: Archaludon|Electro Shot
|-boost|p2b: Archaludon|spa|1
|-anim|p2b: Archaludon|Electro Shot|p1b: Politoed
|-resisted|p1b: Politoed
|-damage|p1b: Politoed|39/100
|move|p1b: Politoed|Perish Song|p1b: Politoed
|-start|p1a: Gothitelle|perish3|[silent]
|-start|p1b: Politoed|perish3|[silent]
|-start|p2a: Comfey|perish3|[silent]
|-start|p2b: Archaludon|perish3|[silent]
|-fieldactivate|move: Perish Song
|
|-weather|RainDance|[upkeep]
|-heal|p1b: Politoed|45/100|[from] item: Leftovers
|-start|p2a: Comfey|perish3
|-start|p2b: Archaludon|perish3
|-start|p1b: Politoed|perish3
|-start|p1a: Gothitelle|perish3
|upkeep
|turn|10
|inactive|deans milk has 30 seconds left.
|
|t:|1757783083
|switch|p1b: Amoonguss|Amoonguss, L50, F|37/100
|move|p2a: Comfey|Draining Kiss|p1a: Gothitelle
|-damage|p1a: Gothitelle|89/100
|move|p1a: Gothitelle|Fake Out|p2b: Archaludon
|-damage|p2b: Archaludon|94/100
|-ability|p2b: Archaludon|Stamina|boost
|-boost|p2b: Archaludon|def|1
|cant|p2b: Archaludon|flinch
|
|-weather|none
|-start|p2a: Comfey|perish2
|-start|p2b: Archaludon|perish2
|-start|p1a: Gothitelle|perish2
|-sideend|p2: PreparationHHH|move: Light Screen
|upkeep
|turn|11
|
|t:|1757783108
|move|p1a: Gothitelle|Protect|p1a: Gothitelle
|-singleturn|p1a: Gothitelle|Protect
|move|p1b: Amoonguss|Protect|p1b: Amoonguss
|-singleturn|p1b: Amoonguss|Protect
|move|p2a: Comfey|Draining Kiss|p1a: Gothitelle
|-activate|p1a: Gothitelle|move: Protect
|move|p2b: Archaludon|Snarl|p1b: Amoonguss|[spread] 
|-activate|p1a: Gothitelle|move: Protect
|-activate|p1b: Amoonguss|move: Protect
|
|-start|p2a: Comfey|perish1
|-start|p2b: Archaludon|perish1
|-start|p1a: Gothitelle|perish1
|upkeep
|turn|12
|inactive|deans milk has 30 seconds left.
|
|t:|1757783141
|switch|p1a: Archaludon|Archaludon, L50, M|58/100
|move|p2a: Comfey|Draining Kiss|p1a: Archaludon
|-damage|p1a: Archaludon|37/100
|move|p2b: Archaludon|Snarl|p1b: Amoonguss|[spread] p1a,p1b
|-damage|p1a: Archaludon|0 fnt
|-damage|p1b: Amoonguss|9/100
|-unboost|p1b: Amoonguss|spa|1
|faint|p1a: Archaludon
|move|p1b: Amoonguss|Spore|p2a: Comfey
|-activate|p2a: Comfey|item: Safety Goggles|Spore
|
|-start|p2a: Comfey|perish0
|-start|p2b: Archaludon|perish0
|upkeep
|faint|p2a: Comfey
|faint|p2b: Archaludon
|
|t:|1757783158
|switch|p1a: Politoed|Politoed, L50, F, tera:Grass|45/100
|switch|p2a: Toedscruel|Toedscruel, L50, M|100/100
|-weather|RainDance|[from] ability: Drizzle|[of] p1a: Politoed
|turn|13
|-message|PreparationHHH forfeited.
|
|win|deans milk
|raw|deans milk's rating: 1142 → 1173(+31 for winning)
|raw|PreparationHHH's rating: 1223 → 1192(-31 for losing)
|l|☆deans milk
|player|p1|
