|j|☆Chandeliere
|j|☆Jasondddd
|html|ChandeliereJasondddd    
|uhtml|bestof|Game 3 of a best-of-3
|t:|1756705976
|gametype|doubles
|player|p1|Chandeliere|ethan|1239
|player|p2|Jasondddd|2|1271
|gen|9
|tier|[Gen 9] VGC 2025 Reg H (Bo3)
|rated|
|rule|Species Clause: Limit one of each Pokémon
|rule|Item Clause: Limit 1 of each item
|clearpoke
|poke|p1|Ninetales-Alola, L50, F|
|poke|p1|Gholdengo, L50|
|poke|p1|Garchomp, L50, F|
|poke|p1|Incineroar, L50, F|
|poke|p1|Sneasler, L50, M|
|poke|p1|Vivillon-Pokeball, L50, M|
|poke|p2|Volcarona, L50, F|
|poke|p2|Electabuzz, L50, M|
|poke|p2|Kingambit, L50, M|
|poke|p2|Rillaboom, L50, M|
|poke|p2|Quaquaval, L50, F|
|poke|p2|Murkrow, L50, F|
|teampreview|4
|showteam|p1|Ninetales-Alola||LightClay|SnowWarning|AuroraVeil,Blizzard,FreezeDry,Protect|||F|||50|,,,,,Ghost]Gholdengo||LifeOrb|GoodasGold|MakeItRain,ShadowBall,NastyPlot,Protect||||||50|,,,,,Water]Garchomp||ClearAmulet|RoughSkin|Earthquake,StompingTantrum,DragonClaw,Protect|||F|||50|,,,,,Ground]Incineroar||SafetyGoggles|Intimidate|FakeOut,KnockOff,FlareBlitz,PartingShot|||F|||50|,,,,,Ghost]Sneasler||WhiteHerb|Unburden|Coaching,CloseCombat,DireClaw,Protect|||M|||50|,,,,,Ghost]Vivillon-Pokeball||FocusSash|CompoundEyes|SleepPowder,Hurricane,Tailwind,Protect|||M|||50|,,,,,Ghost
|showteam|p2|Volcarona||CovertCloak|FlameBody|Protect,QuiverDance,HeatWave,TeraBlast|||F|||50|,,,,,Dragon]Electabuzz||Eviolite|VitalSpirit|Protect,Thunderbolt,Taunt,FollowMe|||M|||50|,,,,,Fairy]Kingambit||SafetyGoggles|Defiant|Protect,SwordsDance,SuckerPunch,KowtowCleave|||M|||50|,,,,,Dark]Rillaboom||AssaultVest|GrassySurge|FakeOut,GrassyGlide,WoodHammer,Uturn|||M|||50|,,,,,Fire]Quaquaval||ChoiceScarf|Moxie|CloseCombat,AquaJet,WaveCrash,FlipTurn|||F|||50|,,,,,Water]Murkrow||FocusSash|Prankster|Protect,FoulPlay,Tailwind,Haze|||F|||50|,,,,,Ghost
|
|t:|1756706020
|teamsize|p1|4
|teamsize|p2|4
|start
|switch|p1a: Vivillon|Vivillon-Pokeball, L50, M|100/100
|switch|p1b: Ninetales|Ninetales-Alola, L50, F|100/100
|switch|p2a: Rillaboom|Rillaboom, L50, M|100/100
|switch|p2b: Volcarona|Volcarona, L50, F|100/100
|-weather|Snowscape|[from] ability: Snow Warning|[of] p1b: Ninetales
|-fieldstart|move: Grassy Terrain|[from] ability: Grassy Surge|[of] p2a: Rillaboom
|turn|1
|
|t:|1756706036
|switch|p2b: Kingambit|Kingambit, L50, M|100/100
|-terastallize|p1a: Vivillon|Ghost
|move|p1b: Ninetales|Aurora Veil|p1b: Ninetales
|-sidestart|p1: Chandeliere|move: Aurora Veil
|move|p1a: Vivillon|Sleep Powder|p2b: Kingambit
|-activate|p2b: Kingambit|item: Safety Goggles|Sleep Powder
|move|p2a: Rillaboom|U-turn|p1a: Vivillon
|-resisted|p1a: Vivillon
|-damage|p1a: Vivillon|85/100
|
|t:|1756706047
|switch|p2a: Volcarona|Volcarona, L50, F|100/100|[from] U-turn
|
|-weather|Snowscape|[upkeep]
|-heal|p1a: Vivillon|91/100|[from] Grassy Terrain
|upkeep
|turn|2
|
|t:|1756706062
|switch|p1b: Garchomp|Garchomp, L50, F|100/100
|move|p1a: Vivillon|Protect|p1a: Vivillon
|-singleturn|p1a: Vivillon|Protect
|move|p2a: Volcarona|Protect|p2a: Volcarona
|-singleturn|p2a: Volcarona|Protect
|move|p2b: Kingambit|Kowtow Cleave|p1a: Vivillon
|-activate|p1a: Vivillon|move: Protect
|
|-weather|Snowscape|[upkeep]
|-heal|p1a: Vivillon|97/100|[from] Grassy Terrain
|upkeep
|turn|3
|
|t:|1756706083
|switch|p1a: Sneasler|Sneasler, L50, M|100/100
|switch|p2a: Rillaboom|Rillaboom, L50, M|100/100
|-terastallize|p2b: Kingambit|Dark
|move|p1b: Garchomp|Stomping Tantrum|p2b: Kingambit
|-damage|p2b: Kingambit|73/100
|move|p2b: Kingambit|Kowtow Cleave|p1a: Sneasler
|-resisted|p1a: Sneasler
|-damage|p1a: Sneasler|71/100
|
|-weather|Snowscape|[upkeep]
|-heal|p1a: Sneasler|77/100|[from] Grassy Terrain
|-heal|p2b: Kingambit|79/100|[from] Grassy Terrain
|upkeep
|turn|4
|
|t:|1756706104
|move|p2a: Rillaboom|Fake Out|p1a: Sneasler
|-damage|p1a: Sneasler|65/100
|cant|p1a: Sneasler|flinch
|move|p1b: Garchomp|Dragon Claw|p2b: Kingambit
|-damage|p2b: Kingambit|50/100
|move|p2b: Kingambit|Swords Dance|p2b: Kingambit
|-boost|p2b: Kingambit|atk|2
|
|-weather|Snowscape|[upkeep]
|-heal|p1a: Sneasler|71/100|[from] Grassy Terrain
|-heal|p2b: Kingambit|56/100|[from] Grassy Terrain
|upkeep
|turn|5
|
|t:|1756706130
|move|p2b: Kingambit|Protect|p2b: Kingambit
|-singleturn|p2b: Kingambit|Protect
|move|p1a: Sneasler|Coaching|p1b: Garchomp
|-boost|p1b: Garchomp|atk|1
|-boost|p1b: Garchomp|def|1
|move|p1b: Garchomp|Dragon Claw|p2b: Kingambit
|-activate|p2b: Kingambit|move: Protect
|move|p2a: Rillaboom|Wood Hammer|p1a: Sneasler
|-resisted|p1a: Sneasler
|-damage|p1a: Sneasler|31/100
|-damage|p2a: Rillaboom|90/100|[from] Recoil
|
|-weather|none
|-heal|p1a: Sneasler|37/100|[from] Grassy Terrain
|-heal|p2a: Rillaboom|96/100|[from] Grassy Terrain
|-heal|p2b: Kingambit|61/100|[from] Grassy Terrain
|-fieldend|move: Grassy Terrain
|upkeep
|turn|6
|
|t:|1756706150
|move|p2b: Kingambit|Sucker Punch|p1b: Garchomp
|-damage|p1b: Garchomp|52/100
|-damage|p2b: Kingambit|49/100|[from] ability: Rough Skin|[of] p1b: Garchomp
|move|p1a: Sneasler|Coaching|p1b: Garchomp
|-boost|p1b: Garchomp|atk|1
|-boost|p1b: Garchomp|def|1
|move|p1b: Garchomp|Dragon Claw|p2b: Kingambit
|-damage|p2b: Kingambit|0 fnt
|faint|p2b: Kingambit
|move|p2a: Rillaboom|Wood Hammer|p1b: Garchomp
|-damage|p1b: Garchomp|31/100
|-damage|p2a: Rillaboom|84/100|[from] ability: Rough Skin|[of] p1b: Garchomp
|-damage|p2a: Rillaboom|77/100|[from] Recoil
|
|upkeep
|
|t:|1756706167
|switch|p2b: Quaquaval|Quaquaval, L50, F|100/100
|turn|7
|
|t:|1756706194
|move|p2b: Quaquaval|Wave Crash|p1b: Garchomp
|-damage|p1b: Garchomp|9/100
|-damage|p2b: Quaquaval|88/100|[from] ability: Rough Skin|[of] p1b: Garchomp
|-damage|p2b: Quaquaval|80/100|[from] Recoil
|move|p1a: Sneasler|Dire Claw|p2a: Rillaboom
|-supereffective|p2a: Rillaboom
|-damage|p2a: Rillaboom|0 fnt
|faint|p2a: Rillaboom
|move|p1b: Garchomp|Dragon Claw|p2b: Quaquaval
|-damage|p2b: Quaquaval|0 fnt
|faint|p2b: Quaquaval
|
|upkeep
|
|t:|1756706209
|switch|p2b: Volcarona|Volcarona, L50, F|100/100
|turn|8
|c|☆Jasondddd|Gg
|
|t:|1756706221
|move|p1a: Sneasler|Dire Claw|p2b: Volcarona
|-damage|p2b: Volcarona|47/100
|move|p1b: Garchomp|Dragon Claw|p2b: Volcarona
|-damage|p2b: Volcarona|0 fnt
|faint|p2b: Volcarona
|
|win|Chandeliere
|raw|Chandeliere's rating: 1239 → 1266(+27 for winning)
|raw|Jasondddd's rating: 1271 → 1244(-27 for losing)
|c|☆Chandeliere|gg
