|j|☆lobitooooo
|j|☆julielovesfroslass
|html|lobitooooojulielovesfroslass    
|uhtml|bestof|Game 1 of a best-of-3
|t:|1784681001
|gametype|doubles
|player|p1|lobitooooo|linebacker|1264
|player|p2|julielovesfroslass|waitress|1132
|gen|9
|tier|[Gen 9 Champions] VGC 2026 Reg M-B (Bo3)
|rated|
|rule|Species Clause: Limit one of each Pokémon
|rule|Item Clause: Limit 1 of each item
|clearpoke
|poke|p1|Venusaur, L50, F|
|poke|p1|Staraptor, L50, M|
|poke|p1|Tyranitar, L50, F|
|poke|p1|Excadrill, L50, M|
|poke|p1|Houndstone, L50, M|
|poke|p1|Rotom-Wash, L50|
|poke|p2|Charizard, L50, F, shiny|
|poke|p2|Metagross, L50|
|poke|p2|Hydreigon, L50, M|
|poke|p2|Incineroar, L50, M|
|poke|p2|Toxapex, L50, F|
|poke|p2|Annihilape, L50, F|
|teampreview|4
|showteam|p1|Venusaur||Venusaurite|Chlorophyll|Protect,SludgeBomb,EarthPower,SleepPowder|Modest||F|||50|]Staraptor||Staraptite|Intimidate|Protect,BraveBird,Tailwind,CloseCombat|Jolly||M|||50|]Tyranitar||ChoiceScarf|SandStream|IcePunch,KnockOff,LowKick,RockSlide|Jolly||F|||50|]Excadrill||FocusSash|SandRush|IronHead,RockSlide,Protect,Earthquake|Adamant||M|||50|]Houndstone||SitrusBerry|SandRush|AllySwitch,Protect,WillOWisp,LastRespects|Adamant||M|||50|]Rotom-Wash||Magnet|Levitate|Protect,HydroPump,VoltSwitch,Thunderbolt|Modest|||||50|
|showteam|p2|Charizard||CharizarditeY|Blaze|HeatWave,WeatherBall,SolarBeam,Protect|Modest||F|||50|]Metagross||Metagrossite|ClearBody|PsychicFangs,BulletPunch,IcePunch,Protect|Jolly|||||50|]Hydreigon||ChoiceScarf|Levitate|DarkPulse,DracoMeteor,Snarl,EarthPower|Modest||M|||50|]Incineroar||SitrusBerry|Intimidate|FlareBlitz,ThroatChop,PartingShot,FakeOut|Impish||M|||50|]Toxapex||Leftovers|Regenerator|Infestation,Toxic,WideGuard,BanefulBunker|Relaxed||F|||50|]Annihilape||FocusSash|Defiant|PhantomForce,CloseCombat,RockTomb,Protect|Jolly||F|||50|
|inactive|Battle timer is ON: inactive players will automatically lose when time's up. (requested by julielovesfroslass)
|
|t:|1784681030
|teamsize|p1|4
|teamsize|p2|4
|start
|switch|p1a: Rotom|Rotom-Wash, L50|100/100
|switch|p1b: Staraptor|Staraptor, L50, M|100/100
|switch|p2a: Metagross|Metagross, L50|100/100
|switch|p2b: Incineroar|Incineroar, L50, M|100/100
|-ability|p1b: Staraptor|Intimidate|boost
|-fail|p2a: Metagross|unboost|[from] ability: Clear Body|[of] p2a: Metagross
|-unboost|p2b: Incineroar|atk|1
|-ability|p2b: Incineroar|Intimidate|boost
|-unboost|p1a: Rotom|atk|1
|-unboost|p1b: Staraptor|atk|1
|turn|1
|inactive|julielovesfroslass has 30 seconds left.
|inactive|julielovesfroslass has 20 seconds left.
|
|t:|1784681070
|switch|p1b: Tyranitar|Tyranitar, L50, F|100/100
|-weather|Sandstorm|[from] ability: Sand Stream|[of] p1b: Tyranitar
|detailschange|p2a: Metagross|Metagross-Mega, L50
|-mega|p2a: Metagross|Metagross|Metagrossite
|move|p2b: Incineroar|Fake Out|p1a: Rotom
|-damage|p1a: Rotom|92/100
|move|p2a: Metagross|Psychic Fangs|p1a: Rotom
|-damage|p1a: Rotom|29/100
|cant|p1a: Rotom|flinch
|
|-weather|Sandstorm|[upkeep]
|-damage|p1a: Rotom|24/100|[from] Sandstorm
|-damage|p2b: Incineroar|94/100|[from] Sandstorm
|upkeep
|turn|2
|inactive|lobitooooo has 30 seconds left.
|inactive|lobitooooo has 20 seconds left.
|
|t:|1784681109
|move|p2a: Metagross|Protect|p2a: Metagross
|-singleturn|p2a: Metagross|Protect
|move|p1b: Tyranitar|Low Kick|p2b: Incineroar
|-supereffective|p2b: Incineroar|1
|-damage|p2b: Incineroar|51/100
|move|p1a: Rotom|Volt Switch|p2a: Metagross
|-activate|p2a: Metagross|move: Protect
|move|p2b: Incineroar|Parting Shot|p1b: Tyranitar
|-unboost|p1b: Tyranitar|atk|1
|-unboost|p1b: Tyranitar|spa|1
|
|t:|1784681120
|switch|p2b: Toxapex|Toxapex, L50, F|100/100|[from] Parting Shot
|
|-weather|Sandstorm|[upkeep]
|-damage|p1a: Rotom|18/100|[from] Sandstorm
|-damage|p2b: Toxapex|94/100|[from] Sandstorm
|-heal|p2b: Toxapex|100/100|[from] item: Leftovers
|upkeep
|turn|3
|
|t:|1784681134
|switch|p1b: Staraptor|Staraptor, L50, M|100/100
|-ability|p1b: Staraptor|Intimidate|boost
|-unboost|p2a: Metagross|atk|1
|-unboost|p2b: Toxapex|atk|1
|switch|p2a: Incineroar|Incineroar, L50, M|51/100
|-ability|p2a: Incineroar|Intimidate|boost
|-unboost|p1a: Rotom|atk|1
|-unboost|p1b: Staraptor|atk|1
|move|p1a: Rotom|Volt Switch|p2a: Incineroar
|-damage|p2a: Incineroar|17/100
|-enditem|p2a: Incineroar|Sitrus Berry|[eat]
|-heal|p2a: Incineroar|42/100|[from] item: Sitrus Berry
|
|t:|1784681147
|switch|p1a: Excadrill|Excadrill, L50, M|100/100|[from] Volt Switch
|move|p2b: Toxapex|Infestation|p1b: Staraptor
|-resisted|p1b: Staraptor|1
|-damage|p1b: Staraptor|97/100
|-activate|p1b: Staraptor|move: Infestation|[of] p2b: Toxapex
|
|-weather|Sandstorm|[upkeep]
|-damage|p1b: Staraptor|92/100|[from] Sandstorm
|-damage|p2a: Incineroar|36/100|[from] Sandstorm
|-damage|p2b: Toxapex|94/100|[from] Sandstorm
|-heal|p2b: Toxapex|100/100|[from] item: Leftovers
|-damage|p1b: Staraptor|79/100|[from] move: Infestation|[partiallytrapped]
|upkeep
|turn|4
|
|t:|1784681165
|move|p1a: Excadrill|Protect|p1a: Excadrill
|-singleturn|p1a: Excadrill|Protect
|move|p2a: Incineroar|Fake Out|p1a: Excadrill
|-activate|p1a: Excadrill|move: Protect
|move|p1b: Staraptor|Tailwind|p1b: Staraptor
|-sidestart|p1: lobitooooo|move: Tailwind
|move|p2b: Toxapex|Toxic|p1b: Staraptor
|-status|p1b: Staraptor|tox
|
|-weather|Sandstorm|[upkeep]
|-damage|p1b: Staraptor|74/100 tox|[from] Sandstorm
|-damage|p2a: Incineroar|30/100|[from] Sandstorm
|-damage|p2b: Toxapex|94/100|[from] Sandstorm
|-heal|p2b: Toxapex|100/100|[from] item: Leftovers
|-damage|p1b: Staraptor|68/100 tox|[from] psn
|-damage|p1b: Staraptor|56/100 tox|[from] move: Infestation|[partiallytrapped]
|upkeep
|turn|5
|
|t:|1784681185
|switch|p2a: Annihilape|Annihilape, L50, F|100/100
|detailschange|p1b: Staraptor|Staraptor-Mega, L50, M
|-mega|p1b: Staraptor|Staraptor|Staraptite
|move|p2b: Toxapex|Wide Guard|p2b: Toxapex
|-singleturn|p2b: Toxapex|Wide Guard
|move|p1a: Excadrill|Earthquake|p2b: Toxapex|[spread] 
|-activate|p2a: Annihilape|move: Wide Guard
|-activate|p2b: Toxapex|move: Wide Guard
|-immune|p1b: Staraptor
|move|p1b: Staraptor|Close Combat|p2a: Annihilape
|-immune|p2a: Annihilape
|
|-weather|none
|-damage|p1b: Staraptor|44/100 tox|[from] psn
|-damage|p1b: Staraptor|32/100 tox|[from] move: Infestation|[partiallytrapped]
|upkeep
|turn|6
|
|t:|1784681206
|move|p1a: Excadrill|Protect|p1a: Excadrill
|-singleturn|p1a: Excadrill|Protect
|move|p2a: Annihilape|Protect|p2a: Annihilape
|-singleturn|p2a: Annihilape|Protect
|move|p1b: Staraptor|Brave Bird|p2a: Annihilape
|-activate|p2a: Annihilape|move: Protect
|move|p2b: Toxapex|Infestation|p1a: Excadrill
|-activate|p1a: Excadrill|move: Protect
|
|-damage|p1b: Staraptor|14/100 tox|[from] psn
|-damage|p1b: Staraptor|2/100 tox|[from] move: Infestation|[partiallytrapped]
|upkeep
|turn|7
|
|t:|1784681222
|switch|p2a: Metagross|Metagross-Mega, L50|100/100
|move|p2b: Toxapex|Wide Guard|p2b: Toxapex
|-singleturn|p2b: Toxapex|Wide Guard
|move|p1b: Staraptor|Brave Bird|p2a: Metagross
|-resisted|p2a: Metagross|1
|-damage|p2a: Metagross|85/100
|-damage|p1b: Staraptor|0 fnt|[from] Recoil
|faint|p1b: Staraptor
|move|p1a: Excadrill|Earthquake|p2b: Toxapex|[spread] 
|-activate|p2a: Metagross|move: Wide Guard
|-activate|p2b: Toxapex|move: Wide Guard
|
|-sideend|p1: lobitooooo|move: Tailwind
|upkeep
|
|t:|1784681238
|switch|p1b: Tyranitar|Tyranitar, L50, F|100/100
|-weather|Sandstorm|[from] ability: Sand Stream|[of] p1b: Tyranitar
|turn|8
|
|t:|1784681253
|switch|p2a: Incineroar|Incineroar, L50, M|30/100
|-ability|p2a: Incineroar|Intimidate|boost
|-unboost|p1a: Excadrill|atk|1
|-unboost|p1b: Tyranitar|atk|1
|move|p1a: Excadrill|Earthquake|p2b: Toxapex|[spread] p1b,p2a,p2b
|-supereffective|p1b: Tyranitar|1
|-supereffective|p2a: Incineroar|1
|-supereffective|p2b: Toxapex|1
|-damage|p1b: Tyranitar|48/100
|-damage|p2a: Incineroar|0 fnt
|-damage|p2b: Toxapex|57/100
|faint|p2a: Incineroar
|move|p1b: Tyranitar|Low Kick|p2b: Toxapex
|-resisted|p2b: Toxapex|1
|-crit|p2b: Toxapex
|-damage|p2b: Toxapex|50/100g
|move|p2b: Toxapex|Infestation|p1a: Excadrill
|-resisted|p1a: Excadrill|1
|-damage|p1a: Excadrill|97/100
|-activate|p1a: Excadrill|move: Infestation|[of] p2b: Toxapex
|
|-weather|Sandstorm|[upkeep]
|-damage|p2b: Toxapex|45/100|[from] Sandstorm
|-heal|p2b: Toxapex|50/100g|[from] item: Leftovers
|-damage|p1a: Excadrill|85/100|[from] move: Infestation|[partiallytrapped]
|upkeep
|
|t:|1784681266
|switch|p2a: Annihilape|Annihilape, L50, F|100/100
|turn|9
|
|t:|1784681289
|switch|p1b: Rotom|Rotom-Wash, L50|18/100
|move|p1a: Excadrill|Earthquake|p2a: Annihilape|[spread] p2a,p2b
|-immune|p1b: Rotom|[from] ability: Levitate
|-supereffective|p2b: Toxapex|1
|-damage|p2a: Annihilape|64/100
|-damage|p2b: Toxapex|12/100
|move|p2a: Annihilape|Close Combat|p1a: Excadrill
|-supereffective|p1a: Excadrill|1
|-damage|p1a: Excadrill|0 fnt
|-unboost|p2a: Annihilape|def|1
|-unboost|p2a: Annihilape|spd|1
|faint|p1a: Excadrill
|move|p2b: Toxapex|Infestation|p1b: Rotom
|-damage|p1b: Rotom|14/100
|-activate|p1b: Rotom|move: Infestation|[of] p2b: Toxapex
|
|-weather|Sandstorm|[upkeep]
|-damage|p2a: Annihilape|58/100|[from] Sandstorm
|-damage|p1b: Rotom|8/100|[from] Sandstorm
|-damage|p2b: Toxapex|7/100|[from] Sandstorm
|-heal|p2b: Toxapex|12/100|[from] item: Leftovers
|-damage|p1b: Rotom|0 fnt|[from] move: Infestation|[partiallytrapped]
|faint|p1b: Rotom
|upkeep
|
|t:|1784681313
|switch|p1b: Tyranitar|Tyranitar, L50, F|48/100
|turn|10
|
|t:|1784681318
|move|p1b: Tyranitar|Knock Off|p2b: Toxapex
|-damage|p2b: Toxapex|0 fnt
|-enditem|p2b: Toxapex|Leftovers|[from] move: Knock Off|[of] p1b: Tyranitar
|faint|p2b: Toxapex
|move|p2a: Annihilape|Close Combat|p1b: Tyranitar
|-supereffective|p1b: Tyranitar|2
|-damage|p1b: Tyranitar|0 fnt
|-unboost|p2a: Annihilape|def|1
|-unboost|p2a: Annihilape|spd|1
|faint|p1b: Tyranitar
|
|win|julielovesfroslass
