|j|☆MiroKart 8 deluxe
|j|☆Farigi no Raf
|html|MiroKart 8 deluxeFarigi no Raf    
|uhtml|bestof|Game 2 of a best-of-3
|t:|1757078792
|gametype|doubles
|player|p1|MiroKart 8 deluxe|265|1331
|player|p2|Farigi no Raf|vince|1389
|gen|9
|tier|[Gen 9] VGC 2025 Reg H (Bo3)
|rated|
|rule|Species Clause: Limit one of each Pokémon
|rule|Item Clause: Limit 1 of each item
|clearpoke
|poke|p1|Rillaboom, L50, F|
|poke|p1|Kingambit, L50, F|
|poke|p1|Dragapult, L50, F|
|poke|p1|Sneasler, L50, M|
|poke|p1|Primarina, L50, M|
|poke|p1|Electabuzz, L50, F|
|poke|p2|Dragonite, L50, F|
|poke|p2|Gholdengo, L50|
|poke|p2|Sneasler, L50, F|
|poke|p2|Rillaboom, L50, M|
|poke|p2|Ursaluna-Bloodmoon, L50, M|
|poke|p2|Magmar, L50, F|
|teampreview|4
|showteam|p1|Rillaboom||AssaultVest|GrassySurge|FakeOut,GrassyGlide,WoodHammer,Uturn|||F|||50|,,,,,Fire]Kingambit||SafetyGoggles|Defiant|KowtowCleave,SuckerPunch,SwordsDance,Protect|||F|||50|,,,,,Dark]Dragapult||ChoiceBand|ClearBody|DragonDarts,Outrage,Uturn,PhantomForce|||F|||50|,,,,,Dragon]Sneasler||FocusSash|PoisonTouch|DireClaw,CloseCombat,FakeOut,Protect|||M|||50|,,,,,Stellar]Primarina||ThroatSpray|LiquidVoice|HyperVoice,Moonblast,Haze,Protect|||M|||50|,,,,,Poison]Electabuzz||Eviolite|VitalSpirit|FollowMe,Taunt,Electroweb,Protect|||F|||50|,,,,,Fairy
|showteam|p2|Dragonite||LoadedDice|Multiscale|ScaleShot,Tailwind,ExtremeSpeed,Protect|||F|||50|,,,,,Fairy]Gholdengo||LifeOrb|GoodasGold|MakeItRain,ShadowBall,NastyPlot,Protect||||||50|,,,,,Water]Sneasler||FocusSash|PoisonTouch|CloseCombat,DireClaw,Coaching,FakeOut|||F|||50|,,,,,Ghost]Rillaboom||AssaultVest|GrassySurge|WoodHammer,FakeOut,GrassyGlide,HighHorsepower|||M|||50|,,,,,Fire]Ursaluna-Bloodmoon||SilkScarf|MindsEye|HyperVoice,EarthPower,BloodMoon,Protect|||M|||50|,,,,,Water]Magmar||Eviolite|VitalSpirit|FollowMe,BurningJealousy,ClearSmog,Protect|||F|||50|,,,,,Dragon
|
|t:|1757078813
|teamsize|p1|4
|teamsize|p2|4
|start
|switch|p1a: Dragapult|Dragapult, L50, F|100/100
|switch|p1b: Sneasler|Sneasler, L50, M|100/100
|switch|p2a: Sneasler|Sneasler, L50, F|100/100
|switch|p2b: Dragonite|Dragonite, L50, F|100/100
|turn|1
|
|t:|1757078833
|move|p1b: Sneasler|Protect|p1b: Sneasler
|-singleturn|p1b: Sneasler|Protect
|move|p2a: Sneasler|Fake Out|p1b: Sneasler
|-activate|p1b: Sneasler|move: Protect
|move|p1a: Dragapult|Dragon Darts|p2a: Sneasler
|-damage|p2a: Sneasler|33/100
|-anim|p1a: Dragapult|Dragon Darts|p2b: Dragonite
|-supereffective|p2b: Dragonite
|-crit|p2b: Dragonite
|-damage|p2b: Dragonite|43/100
|move|p2b: Dragonite|Scale Shot|p1b: Sneasler
|-activate|p1b: Sneasler|move: Protect
|
|upkeep
|turn|2
|inactive|Battle timer is ON: inactive players will automatically lose when time's up. (requested by MiroKart 8 deluxe)
|
|t:|1757078863
|move|p2b: Dragonite|Protect|p2b: Dragonite
|-singleturn|p2b: Dragonite|Protect
|move|p1a: Dragapult|Dragon Darts|p2a: Sneasler
|-damage|p2a: Sneasler|0 fnt
|faint|p2a: Sneasler
|move|p1b: Sneasler|Dire Claw|p2b: Dragonite
|-activate|p2b: Dragonite|move: Protect
|
|upkeep
|
|t:|1757078865
|switch|p2a: Magmar|Magmar, L50, F|100/100
|turn|3
|
|t:|1757078890
|switch|p1a: Electabuzz|Electabuzz, L50, F|100/100
|move|p1b: Sneasler|Protect|p1b: Sneasler
|-singleturn|p1b: Sneasler|Protect
|move|p2a: Magmar|Follow Me|p2a: Magmar
|-singleturn|p2a: Magmar|move: Follow Me
|move|p2b: Dragonite|Scale Shot|p1a: Electabuzz
|-damage|p1a: Electabuzz|88/100
|-damage|p1a: Electabuzz|75/100
|-damage|p1a: Electabuzz|63/100
|-damage|p1a: Electabuzz|50/100
|-hitcount|p1a: Electabuzz|4
|-unboost|p2b: Dragonite|def|1
|-boost|p2b: Dragonite|spe|1
|
|upkeep
|turn|4
|
|t:|1757078906
|switch|p1b: Primarina|Primarina, L50, M|100/100
|-terastallize|p1a: Electabuzz|Fairy
|move|p2a: Magmar|Follow Me|p2a: Magmar
|-singleturn|p2a: Magmar|move: Follow Me
|move|p2b: Dragonite|Scale Shot|p1a: Electabuzz
|-immune|p1a: Electabuzz
|move|p1a: Electabuzz|Electroweb|p2b: Dragonite|[spread] p2a,p2b
|-damage|p2a: Magmar|90/100
|-damage|p2b: Dragonite|28/100
|-unboost|p2a: Magmar|spe|1
|-unboost|p2b: Dragonite|spe|1
|
|upkeep
|turn|5
|
|t:|1757078921
|move|p2b: Dragonite|Tailwind|p2b: Dragonite
|-sidestart|p2: Farigi no Raf|move: Tailwind
|move|p2a: Magmar|Burning Jealousy|p1b: Primarina|[spread] p1a,p1b
|-resisted|p1b: Primarina
|-damage|p1a: Electabuzz|38/100
|-damage|p1b: Primarina|92/100
|move|p1a: Electabuzz|Electroweb|p2b: Dragonite|[spread] p2a,p2b
|-damage|p2a: Magmar|80/100
|-damage|p2b: Dragonite|13/100
|-unboost|p2a: Magmar|spe|1
|-unboost|p2b: Dragonite|spe|1
|move|p1b: Primarina|Hyper Voice|p2a: Magmar|[spread] p2a,p2b
|-supereffective|p2a: Magmar
|-resisted|p2b: Dragonite
|-damage|p2a: Magmar|30/100
|-damage|p2b: Dragonite|0 fnt
|faint|p2b: Dragonite
|-enditem|p1b: Primarina|Throat Spray
|-boost|p1b: Primarina|spa|1|[from] item: Throat Spray
|
|upkeep
|
|t:|1757078926
|switch|p2b: Ursaluna|Ursaluna-Bloodmoon, L50, M|100/100
|turn|6
|inactive|MiroKart 8 deluxe has 30 seconds left.
|inactive|MiroKart 8 deluxe has 20 seconds left.
|inactive|MiroKart 8 deluxe has 15 seconds left.
|inactive|MiroKart 8 deluxe has 10 seconds left.
|
|t:|1757078972
|-terastallize|p2b: Ursaluna|Water
|move|p1a: Electabuzz|Follow Me|p1a: Electabuzz
|-singleturn|p1a: Electabuzz|move: Follow Me
|move|p2b: Ursaluna|Hyper Voice|p1b: Primarina|[spread] p1a,p1b
|-damage|p1a: Electabuzz|6/100
|-damage|p1b: Primarina|55/100
|move|p2a: Magmar|Clear Smog|p1a: Electabuzz
|-supereffective|p1a: Electabuzz
|-damage|p1a: Electabuzz|0 fnt
|-clearboost|p1a: Electabuzz
|faint|p1a: Electabuzz
|move|p1b: Primarina|Hyper Voice|p2a: Magmar|[spread] p2a,p2b
|-supereffective|p2a: Magmar
|-resisted|p2b: Ursaluna
|-damage|p2a: Magmar|0 fnt
|-damage|p2b: Ursaluna|72/100
|faint|p2a: Magmar
|
|upkeep
|
|t:|1757078990
|switch|p1a: Sneasler|Sneasler, L50, M|100/100
|turn|7
|
|t:|1757078993
|move|p1a: Sneasler|Fake Out|p2b: Ursaluna
|-damage|p2b: Ursaluna|60/100
|-status|p2b: Ursaluna|psn|[from] ability: Poison Touch|[of] p1a: Sneasler
|cant|p2b: Ursaluna|flinch
|move|p1b: Primarina|Moonblast|p2b: Ursaluna
|-damage|p2b: Ursaluna|0 fnt
|faint|p2b: Ursaluna
|
|win|MiroKart 8 deluxe
