|j|☆Metallicmadness
|j|☆Sonja Hilmer
|html|MetallicmadnessSonja Hilmer    
|uhtml|bestof|Game 3 of a best-of-3
|t:|1755827203
|gametype|doubles
|player|p1|Metallicmadness|byron|1368
|player|p2|Sonja Hilmer|lady|1581
|gen|9
|tier|[Gen 9] VGC 2025 Reg H (Bo3)
|rated|
|rule|Species Clause: Limit one of each Pokémon
|rule|Item Clause: Limit 1 of each item
|clearpoke
|poke|p1|Annihilape, L50, F|
|poke|p1|Kilowattrel, L50, M|
|poke|p1|Politoed, L50, F|
|poke|p1|Rillaboom, L50, M|
|poke|p1|Archaludon, L50, M|
|poke|p1|Incineroar, L50, F|
|poke|p2|Dachsbun, L50, M|
|poke|p2|Typhlosion-Hisui, L50, F|
|poke|p2|Kingambit, L50, M|
|poke|p2|Whimsicott, L50, M|
|poke|p2|Rillaboom, L50, M|
|poke|p2|Torkoal, L50, F|
|teampreview|4
|showteam|p1|Annihilape||Leftovers|Defiant|RageFist,BulkUp,Protect,DrainPunch|||F|||50|,,,,,Fire]Kilowattrel||FocusSash|Competitive|Hurricane,Tailwind,Discharge,Protect|||M|||50|,,,,,Electric]Politoed||SitrusBerry|Drizzle|MuddyWater,IceBeam,Protect,EarthPower|||F|||50|,,,,,Ground]Rillaboom||LoadedDice|GrassySurge|FakeOut,BulletSeed,HighHorsepower,GrassyGlide|||M|||50|,,,,,Stellar]Archaludon||AssaultVest|Stamina|BodyPress,DragonPulse,ElectroShot,FlashCannon|||M|||50|,,,,,Grass]Incineroar||SafetyGoggles|Intimidate|FakeOut,PartingShot,WillOWisp,KnockOff|||F|||50|,,,,,Ghost
|showteam|p2|Dachsbun||Leftovers|WellBakedBody|BodyPress,Snarl,HelpingHand,Protect|||M|||50|,,,,,Steel]Typhlosion-Hisui||ChoiceSpecs|Blaze|Eruption,LavaPlume,WillOWisp,ShadowBall|||F|||50|,,,,,Fire]Kingambit||SafetyGoggles|Defiant|Protect,KowtowCleave,SuckerPunch,SwordsDance|||M|||50|,,,,,Dark]Whimsicott||CovertCloak|Prankster|Moonblast,Tailwind,SunnyDay,Encore|||M|||50|,,,,,Steel]Rillaboom||AssaultVest|GrassySurge|WoodHammer,GrassyGlide,FakeOut,HighHorsepower|||M|||50|,,,,,Water]Torkoal||SitrusBerry|Drought|HeatWave,LavaPlume,ClearSmog,Protect|||F|||50|,,,,,Fairy
|inactive|Battle timer is ON: inactive players will automatically lose when time's up. (requested by Metallicmadness)
|inactive|Sonja Hilmer also wants the timer to be on.
|
|t:|1755827232
|teamsize|p1|4
|teamsize|p2|4
|start
|switch|p1a: Rillaboom|Rillaboom, L50, M|100/100
|switch|p1b: Politoed|Politoed, L50, F|100/100
|switch|p2a: Typhlosion|Typhlosion-Hisui, L50, F|100/100
|switch|p2b: Whimsicott|Whimsicott, L50, M|100/100
|-fieldstart|move: Grassy Terrain|[from] ability: Grassy Surge|[of] p1a: Rillaboom
|-weather|RainDance|[from] ability: Drizzle|[of] p1b: Politoed
|turn|1
|
|t:|1755827251
|switch|p1a: Incineroar|Incineroar, L50, F|100/100
|-ability|p1a: Incineroar|Intimidate|boost
|-unboost|p2a: Typhlosion|atk|1
|-unboost|p2b: Whimsicott|atk|1
|move|p2b: Whimsicott|Sunny Day|p2b: Whimsicott
|-weather|SunnyDay
|move|p2a: Typhlosion|Eruption|p1b: Politoed|[spread] p1a,p1b
|-resisted|p1a: Incineroar
|-resisted|p1b: Politoed
|-damage|p1a: Incineroar|50/100
|-damage|p1b: Politoed|41/100
|-enditem|p1b: Politoed|Sitrus Berry|[eat]
|-heal|p1b: Politoed|66/100|[from] item: Sitrus Berry
|move|p1b: Politoed|Earth Power|p2a: Typhlosion
|-supereffective|p2a: Typhlosion
|-damage|p2a: Typhlosion|32/100
|
|-weather|SunnyDay|[upkeep]
|-heal|p2a: Typhlosion|38/100|[from] Grassy Terrain
|-heal|p1b: Politoed|72/100|[from] Grassy Terrain
|-heal|p1a: Incineroar|56/100|[from] Grassy Terrain
|upkeep
|turn|2
|inactive|Metallicmadness has 30 seconds left.
|inactive|Sonja Hilmer has 30 seconds left.
|inactive|Metallicmadness has 20 seconds left.
|
|t:|1755827291
|switch|p2a: Dachsbun|Dachsbun, L50, M|100/100
|move|p1b: Politoed|Protect|p1b: Politoed
|-singleturn|p1b: Politoed|Protect
|move|p2b: Whimsicott|Moonblast|p1a: Incineroar
|-damage|p1a: Incineroar|38/100
|-unboost|p1a: Incineroar|spa|1
|move|p1a: Incineroar|Parting Shot|p2a: Dachsbun
|-unboost|p2a: Dachsbun|atk|1
|-unboost|p2a: Dachsbun|spa|1
|
|t:|1755827306
|switch|p1a: Rillaboom|Rillaboom, L50, M|100/100|[from] Parting Shot
|
|-weather|SunnyDay|[upkeep]
|-heal|p1b: Politoed|78/100|[from] Grassy Terrain
|upkeep
|turn|3
|
|t:|1755827320
|switch|p1b: Archaludon|Archaludon, L50, M|100/100
|move|p2b: Whimsicott|Encore||[still]
|-fail|p2b: Whimsicott
|move|p1a: Rillaboom|Bullet Seed|p1b: Archaludon
|-resisted|p1b: Archaludon
|-damage|p1b: Archaludon|97/100
|-ability|p1b: Archaludon|Stamina|boost
|-boost|p1b: Archaludon|def|1
|-resisted|p1b: Archaludon
|-damage|p1b: Archaludon|95/100
|-ability|p1b: Archaludon|Stamina|boost
|-boost|p1b: Archaludon|def|1
|-resisted|p1b: Archaludon
|-damage|p1b: Archaludon|93/100
|-ability|p1b: Archaludon|Stamina|boost
|-boost|p1b: Archaludon|def|1
|-resisted|p1b: Archaludon
|-damage|p1b: Archaludon|92/100
|-ability|p1b: Archaludon|Stamina|boost
|-boost|p1b: Archaludon|def|1
|-resisted|p1b: Archaludon
|-damage|p1b: Archaludon|91/100
|-ability|p1b: Archaludon|Stamina|boost
|-boost|p1b: Archaludon|def|1
|-hitcount|p1b: Archaludon|5
|move|p2a: Dachsbun|Body Press|p1b: Archaludon
|-supereffective|p1b: Archaludon
|-damage|p1b: Archaludon|80/100
|-ability|p1b: Archaludon|Stamina|boost
|-boost|p1b: Archaludon|def|1
|
|-weather|SunnyDay|[upkeep]
|-heal|p1b: Archaludon|86/100|[from] Grassy Terrain
|upkeep
|turn|4
|inactive|Metallicmadness has 30 seconds left.
|
|t:|1755827353
|switch|p2b: Typhlosion|Typhlosion-Hisui, L50, F|38/100
|move|p2a: Dachsbun|Protect|p2a: Dachsbun
|-singleturn|p2a: Dachsbun|Protect
|move|p1a: Rillaboom|Bullet Seed|p2a: Dachsbun
|-activate|p2a: Dachsbun|move: Protect
|move|p1b: Archaludon|Body Press|p2a: Dachsbun
|-activate|p2a: Dachsbun|move: Protect
|
|-weather|SunnyDay|[upkeep]
|-heal|p2b: Typhlosion|44/100|[from] Grassy Terrain
|-heal|p1b: Archaludon|92/100|[from] Grassy Terrain
|upkeep
|turn|5
|
|t:|1755827369
|switch|p1a: Politoed|Politoed, L50, F|78/100
|-weather|RainDance|[from] ability: Drizzle|[of] p1a: Politoed
|move|p2b: Typhlosion|Lava Plume|p1b: Archaludon|[spread] p1a,p1b
|-ability|p2a: Dachsbun|Well-Baked Body|boost
|-boost|p2a: Dachsbun|def|2
|-resisted|p1a: Politoed
|-damage|p1a: Politoed|69/100
|-damage|p1b: Archaludon|76/100
|move|p1b: Archaludon|Electro Shot||[still]
|-prepare|p1b: Archaludon|Electro Shot
|-boost|p1b: Archaludon|spa|1
|-anim|p1b: Archaludon|Electro Shot|p2b: Typhlosion
|-damage|p2b: Typhlosion|0 fnt
|faint|p2b: Typhlosion
|move|p2a: Dachsbun|Body Press|p1a: Politoed
|-damage|p1a: Politoed|2/100
|
|-weather|RainDance|[upkeep]
|-heal|p1b: Archaludon|82/100|[from] Grassy Terrain
|-heal|p1a: Politoed|8/100|[from] Grassy Terrain
|-fieldend|move: Grassy Terrain
|upkeep
|
|t:|1755827395
|switch|p2b: Whimsicott|Whimsicott, L50, M|100/100
|turn|6
|
|t:|1755827412
|move|p2a: Dachsbun|Protect|p2a: Dachsbun
|-singleturn|p2a: Dachsbun|Protect
|move|p2b: Whimsicott|Encore|p1b: Archaludon
|-start|p1b: Archaludon|Encore
|move|p1b: Archaludon|Electro Shot||[still]
|-prepare|p1b: Archaludon|Electro Shot
|-boost|p1b: Archaludon|spa|1
|-anim|p1b: Archaludon|Electro Shot|p2b: Whimsicott
|-resisted|p2b: Whimsicott
|-damage|p2b: Whimsicott|56/100
|move|p1a: Politoed|Ice Beam|p2b: Whimsicott
|-supereffective|p2b: Whimsicott
|-crit|p2b: Whimsicott
|-damage|p2b: Whimsicott|0 fnt
|faint|p2b: Whimsicott
|
|-weather|RainDance|[upkeep]
|upkeep
|
|t:|1755827424
|switch|p2b: Rillaboom|Rillaboom, L50, M|100/100
|-fieldstart|move: Grassy Terrain|[from] ability: Grassy Surge|[of] p2b: Rillaboom
|turn|7
|
|t:|1755827431
|move|p1a: Politoed|Protect|p1a: Politoed
|-singleturn|p1a: Politoed|Protect
|move|p2b: Rillaboom|Fake Out|p1b: Archaludon
|-resisted|p1b: Archaludon
|-crit|p1b: Archaludon
|-damage|p1b: Archaludon|75/100
|cant|p1b: Archaludon|flinch
|move|p2a: Dachsbun|Body Press|p1a: Politoed
|-activate|p1a: Politoed|move: Protect
|
|-weather|RainDance|[upkeep]
|-heal|p1b: Archaludon|81/100|[from] Grassy Terrain
|-heal|p1a: Politoed|14/100|[from] Grassy Terrain
|upkeep
|turn|8
|inactive|Sonja Hilmer has 30 seconds left.
|
|t:|1755827457
|switch|p1a: Rillaboom|Rillaboom, L50, M|100/100
|move|p2a: Dachsbun|Protect|p2a: Dachsbun
|-singleturn|p2a: Dachsbun|Protect
|move|p1b: Archaludon|Electro Shot||[still]
|-prepare|p1b: Archaludon|Electro Shot
|-boost|p1b: Archaludon|spa|1
|-anim|p1b: Archaludon|Electro Shot|p2a: Dachsbun
|-activate|p2a: Dachsbun|move: Protect
|move|p2b: Rillaboom|High Horsepower|p1b: Archaludon
|-supereffective|p1b: Archaludon
|-damage|p1b: Archaludon|69/100
|
|-weather|RainDance|[upkeep]
|-heal|p1b: Archaludon|75/100|[from] Grassy Terrain
|-end|p1b: Archaludon|Encore
|upkeep
|turn|9
|
|t:|1755827475
|-terastallize|p2a: Dachsbun|Steel
|move|p2a: Dachsbun|Protect||[still]
|-fail|p2a: Dachsbun
|move|p1a: Rillaboom|Fake Out|p2a: Dachsbun
|-resisted|p2a: Dachsbun
|-crit|p2a: Dachsbun
|-damage|p2a: Dachsbun|91/100
|move|p1b: Archaludon|Electro Shot||[still]
|-prepare|p1b: Archaludon|Electro Shot
|-boost|p1b: Archaludon|spa|1
|-anim|p1b: Archaludon|Electro Shot|p2a: Dachsbun
|-damage|p2a: Dachsbun|0 fnt
|faint|p2a: Dachsbun
|move|p2b: Rillaboom|High Horsepower|p1b: Archaludon
|-supereffective|p1b: Archaludon
|-damage|p1b: Archaludon|62/100
|
|-weather|none
|-heal|p1b: Archaludon|69/100|[from] Grassy Terrain
|upkeep
|turn|10
|-message|Sonja Hilmer forfeited.
|
|win|Metallicmadness
|raw|Metallicmadness's rating: 1368 → 1399(+31 for winning)
|raw|Sonja Hilmer's rating: 1581 → 1550(-31 for losing)
|l|☆Sonja Hilmer
|player|p2|
|c|☆Metallicmadness|Gg
