|j|☆homerj71
|j|☆Lorido
|html|homerj71Lorido    
|uhtml|bestof|Game 3 of a best-of-3
|t:|1785866013
|gametype|doubles
|player|p1|homerj71|266|
|player|p2|Lorido|266|
|gen|9
|tier|[Gen 9 Champions] VGC 2026 Reg M-B (Bo3)
|rule|Species Clause: Limit one of each Pokémon
|rule|Item Clause: Limit 1 of each item
|clearpoke
|poke|p1|Charizard, L50, M, shiny|
|poke|p1|Garchomp, L50, F|
|poke|p1|Whimsicott, L50, M, shiny|
|poke|p1|Basculegion, L50, M|
|poke|p1|Kingambit, L50, F, shiny|
|poke|p1|Floette-Eternal, L50, F|
|poke|p2|Delphox, L50, M|
|poke|p2|Sneasler, L50, F|
|poke|p2|Incineroar, L50, M|
|poke|p2|Floette-Eternal, L50, F|
|poke|p2|Kingambit, L50, F|
|poke|p2|Sinistcha, L50|
|teampreview|4
|showteam|p1|Charizard||CharizarditeY|Blaze|HeatWave,SolarBeam,WeatherBall,Protect|Modest||M|||50|]Garchomp||SitrusBerry|RoughSkin|DragonClaw,Earthquake,RockSlide,PoisonJab|Jolly||F|||50|]Whimsicott||FocusSash|Prankster|Moonblast,Tailwind,Encore,Protect|Timid||M|||50|]Basculegion||LifeOrb|Adaptability|WaveCrash,AquaJet,Protect,LastRespects|Adamant||M|||50|]Kingambit||BlackGlasses|Defiant|KowtowCleave,SuckerPunch,IronHead,Protect|Adamant||F|||50|]Floette-Eternal||Floettite|FlowerVeil|Moonblast,DazzlingGleam,LightofRuin,Protect|Timid||F|||50|
|showteam|p2|Delphox||Delphoxite|Blaze|HeatWave,Psychic,NastyPlot,Protect|Timid||M|||50|]Sneasler||FocusSash|PoisonTouch|CloseCombat,PoisonJab,FakeOut,QuickGuard|Jolly||F|||50|]Incineroar||SitrusBerry|Intimidate|FlareBlitz,DarkestLariat,FakeOut,PartingShot|Careful||M|||50|]Floette-Eternal||Floettite|FlowerVeil|DazzlingGleam,DrainingKiss,CalmMind,Protect|Bold||F|||50|]Kingambit||BlackGlasses|Defiant|KowtowCleave,SuckerPunch,SwordsDance,Protect|Adamant||F|||50|]Sinistcha||OccaBerry|Hospitality|MatchaGotcha,RagePowder,TrickRoom,Protect|Bold|||||50|
|inactive|Battle timer is ON: inactive players will automatically lose when time's up. (requested by homerj71)
|inactive|Lorido has 60 seconds left.
|inactive|Lorido has 30 seconds left.
|
|t:|1785866075
|teamsize|p1|4
|teamsize|p2|4
|start
|switch|p1a: Garchomp|Garchomp, L50, F|100/100
|switch|p1b: Kingambit|Kingambit, L50, F, shiny|100/100
|switch|p2a: Floette|Floette-Eternal, L50, F|100/100
|switch|p2b: Sinistcha|Sinistcha, L50|100/100
|turn|1
|inactive|homerj71 has 30 seconds left.
|inactive|homerj71 has 20 seconds left.
|
|t:|1785866111
|switch|p2b: Incineroar|Incineroar, L50, M|100/100
|-ability|p2b: Incineroar|Intimidate|boost
|-unboost|p1a: Garchomp|atk|1
|-unboost|p1b: Kingambit|atk|1
|-ability|p1b: Kingambit|Defiant|boost
|-boost|p1b: Kingambit|atk|2
|detailschange|p2a: Floette|Floette-Mega, L50, F
|-mega|p2a: Floette|Floette|Floettite
|-ability|p2a: Floette|Fairy Aura
|move|p1a: Garchomp|Rock Slide|p2a: Floette|[spread] p2a
|-miss|p1a: Garchomp|p2b: Incineroar
|-damage|p2a: Floette|89/100
|move|p2a: Floette|Calm Mind|p2a: Floette
|-boost|p2a: Floette|spa|1
|-boost|p2a: Floette|spd|1
|move|p1b: Kingambit|Kowtow Cleave|p2b: Incineroar
|-resisted|p2b: Incineroar|1
|-damage|p2b: Incineroar|64/100
|
|upkeep
|turn|2
|inactive|homerj71 has 30 seconds left.
|inactive|Lorido has 30 seconds left.
|inactive|homerj71 has 20 seconds left.
|inactive|Lorido has 20 seconds left.
|
|t:|1785866149
|switch|p2b: Sinistcha|Sinistcha, L50|100/100
|-heal|p2a: Floette|100/100|[from] ability: Hospitality|[of] p2b: Sinistcha
|move|p1a: Garchomp|Poison Jab|p2a: Floette
|-supereffective|p2a: Floette|1
|-damage|p2a: Floette|71/100
|move|p2a: Floette|Draining Kiss|p1b: Kingambit
|-damage|p1b: Kingambit|57/100
|-heal|p2a: Floette|100/100|[from] drain|[of] p1b: Kingambit
|move|p1b: Kingambit|Iron Head|p2a: Floette
|-supereffective|p2a: Floette|1
|-damage|p2a: Floette|0 fnt
|faint|p2a: Floette
|
|upkeep
|
|t:|1785866163
|switch|p2a: Sneasler|Sneasler, L50, F|100/100
|turn|3
|
|t:|1785866175
|switch|p2b: Incineroar|Incineroar, L50, M|64/100
|-ability|p2b: Incineroar|Intimidate|boost
|-unboost|p1a: Garchomp|atk|1
|-unboost|p1b: Kingambit|atk|1
|-ability|p1b: Kingambit|Defiant|boost
|-boost|p1b: Kingambit|atk|2
|move|p1b: Kingambit|Protect|p1b: Kingambit
|-singleturn|p1b: Kingambit|Protect
|move|p2a: Sneasler|Close Combat|p1b: Kingambit
|-activate|p1b: Kingambit|move: Protect
|move|p1a: Garchomp|Earthquake|p2b: Incineroar|[spread] p2a,p2b
|-activate|p1b: Kingambit|move: Protect
|-supereffective|p2a: Sneasler|1
|-supereffective|p2b: Incineroar|1
|-damage|p2a: Sneasler|41/100
|-damage|p2b: Incineroar|30/100
|-enditem|p2b: Incineroar|Sitrus Berry|[eat]
|-heal|p2b: Incineroar|55/100|[from] item: Sitrus Berry
|
|upkeep
|turn|4
|
|t:|1785866200
|switch|p2a: Sinistcha|Sinistcha, L50|100/100
|-heal|p2b: Incineroar|80/100|[from] ability: Hospitality|[of] p2a: Sinistcha
|switch|p1a: Basculegion|Basculegion, L50, M|100/100
|move|p1b: Kingambit|Sucker Punch||[still]
|-fail|p1b: Kingambit
|move|p2b: Incineroar|Flare Blitz|p1b: Kingambit
|-supereffective|p1b: Kingambit|1
|-damage|p1b: Kingambit|0 fnt
|faint|p1b: Kingambit
|-damage|p2b: Incineroar|60/100|[from] Recoil
|
|upkeep
|
|t:|1785866202
|switch|p1b: Garchomp|Garchomp, L50, F|100/100
|turn|5
|
|t:|1785866226
|move|p1b: Garchomp|Dragon Claw|p2b: Incineroar
|-crit|p2b: Incineroar
|-damage|p2b: Incineroar|7/100
|move|p1a: Basculegion|Last Respects|p2a: Sinistcha
|-supereffective|p2a: Sinistcha|1
|-damage|p2a: Sinistcha|0 fnt
|faint|p2a: Sinistcha
|-damage|p1a: Basculegion|90/100|[from] item: Life Orb
|move|p2b: Incineroar|Parting Shot|p1a: Basculegion
|-unboost|p1a: Basculegion|atk|1
|-unboost|p1a: Basculegion|spa|1
|
|t:|1785866232
|switch|p2b: Sneasler|Sneasler, L50, F|41/100|[from] Parting Shot
|
|upkeep
|
|t:|1785866234
|switch|p2a: Incineroar|Incineroar, L50, M|7/100
|-ability|p2a: Incineroar|Intimidate|boost
|-unboost|p1a: Basculegion|atk|1
|-unboost|p1b: Garchomp|atk|1
|turn|6
|
|t:|1785866241
|move|p2b: Sneasler|Poison Jab|p1a: Basculegion
|-resisted|p1a: Basculegion|1
|-damage|p1a: Basculegion|69/100
|-status|p1a: Basculegion|psn|[from] ability: Poison Touch|[of] p2b: Sneasler
|move|p1b: Garchomp|Rock Slide|p2b: Sneasler|[spread] p2b
|-miss|p1b: Garchomp|p2a: Incineroar
|-resisted|p2b: Sneasler|1
|-damage|p2b: Sneasler|32/100
|move|p1a: Basculegion|Wave Crash|p2b: Sneasler
|-damage|p2b: Sneasler|0 fnt
|faint|p2b: Sneasler
|-damage|p1a: Basculegion|60/100 psn|[from] Recoil
|-damage|p1a: Basculegion|50/100g psn|[from] item: Life Orb
|move|p2a: Incineroar|Darkest Lariat|p1a: Basculegion
|-supereffective|p1a: Basculegion|1
|-damage|p1a: Basculegion|0 fnt
|faint|p1a: Basculegion
|
|upkeep
|
|t:|1785866251
|switch|p1a: Floette|Floette-Eternal, L50, F|100/100
|turn|7
|
|t:|1785866258
|detailschange|p1a: Floette|Floette-Mega, L50, F
|-mega|p1a: Floette|Floette|Floettite
|-ability|p1a: Floette|Fairy Aura
|move|p1b: Garchomp|Dragon Claw|p2a: Incineroar
|-damage|p2a: Incineroar|0 fnt
|faint|p2a: Incineroar
|
|win|homerj71
