|j|☆efwefwefwefweifier
|j|☆AtrixMJ
|html|efwefwefwefweifierAtrixMJ    
|uhtml|bestof|Game 1 of a best-of-3
|t:|1785661208
|gametype|doubles
|player|p1|efwefwefwefweifier|clown|1371
|player|p2|AtrixMJ|may|1373
|gen|9
|tier|[Gen 9 Champions] VGC 2026 Reg M-B (Bo3)
|rated|
|rule|Species Clause: Limit one of each Pokémon
|rule|Item Clause: Limit 1 of each item
|clearpoke
|poke|p1|Blastoise, L50, F, shiny|
|poke|p1|Sinistcha, L50|
|poke|p1|Incineroar, L50, F, shiny|
|poke|p1|Sneasler, L50, F|
|poke|p1|Hydreigon, L50, M, shiny|
|poke|p1|Delphox, L50, M|
|poke|p2|Venusaur, L50, F, shiny|
|poke|p2|Farigiraf, L50, M, shiny|
|poke|p2|Incineroar, L50, M|
|poke|p2|Charizard, L50, F, shiny|
|poke|p2|Grimmsnarl, L50, M|
|poke|p2|Garchomp, L50, F, shiny|
|teampreview|4
|showteam|p1|Blastoise||Blastoisinite|RainDish|WaterSpout,DarkPulse,ShellSmash,Protect|Modest||F|||50|]Sinistcha||KasibBerry|Hospitality|MatchaGotcha,RagePowder,TrickRoom,LifeDew|Calm|||||50|]Incineroar||SitrusBerry|Intimidate|FlareBlitz,DarkestLariat,FakeOut,PartingShot|Careful||F|||50|]Sneasler||FocusSash|PoisonTouch|CloseCombat,PoisonJab,FakeOut,QuickGuard|Jolly||F|||50|]Hydreigon||ChoiceScarf|Levitate|DracoMeteor,DarkPulse,Snarl,EarthPower|Modest||M|||50|]Delphox||Delphoxite|Blaze|HeatWave,Psyshock,NastyPlot,Protect|Timid||M|||50|
|showteam|p2|Venusaur||LifeOrb|Chlorophyll|SludgeBomb,SolarBeam,SleepPowder,Protect|Timid||F|||50|]Farigiraf||TwistedSpoon|ArmorTail|HyperVoice,TwinBeam,TrickRoom,Protect|Quiet||M|||50|]Incineroar||Charcoal|Intimidate|FlareBlitz,DarkestLariat,FakeOut,PartingShot|Adamant||M|||50|]Charizard||CharizarditeY|Blaze|HeatWave,WeatherBall,Protect,HelpingHand|Modest||F|||50|]Grimmsnarl||LightClay|Prankster|SpiritBreak,FakeOut,PartingShot,LightScreen|Adamant||M|||50|]Garchomp||Garchompite|RoughSkin|StompingTantrum,DragonClaw,Earthquake,Protect|Adamant||F|||50|
|inactive|Battle timer is ON: inactive players will automatically lose when time's up. (requested by efwefwefwefweifier)
|inactive|efwefwefwefweifier has 60 seconds left.
|inactive|efwefwefwefweifier has 30 seconds left.
|inactive|efwefwefwefweifier has 20 seconds left.
|
|t:|1785661279
|teamsize|p1|4
|teamsize|p2|4
|start
|switch|p1a: Poison Foison|Sneasler, L50, F|100/100
|switch|p1b: Bartholomews|Hydreigon, L50, M, shiny|100/100
|switch|p2a: Venusaur|Venusaur, L50, F, shiny|100/100
|switch|p2b: HEATWAVES|Charizard, L50, F, shiny|100/100
|turn|1
|
|t:|1785661304
|move|p2a: Venusaur|Protect|p2a: Venusaur
|-singleturn|p2a: Venusaur|Protect
|move|p2b: HEATWAVES|Protect|p2b: HEATWAVES
|-singleturn|p2b: HEATWAVES|Protect
|move|p1a: Poison Foison|Fake Out|p2a: Venusaur
|-activate|p2a: Venusaur|move: Protect
|move|p1b: Bartholomews|Snarl|p2b: HEATWAVES|[spread] 
|-activate|p2a: Venusaur|move: Protect
|-activate|p2b: HEATWAVES|move: Protect
|
|upkeep
|turn|2
|
|t:|1785661320
|detailschange|p2b: HEATWAVES|Charizard-Mega-Y, L50, F, shiny
|-mega|p2b: HEATWAVES|Charizard|Charizardite Y
|-weather|SunnyDay|[from] ability: Drought|[of] p2b: HEATWAVES
|move|p2a: Venusaur|Sleep Powder|p1b: Bartholomews
|-status|p1b: Bartholomews|slp|[from] move: Sleep Powder
|cant|p1b: Bartholomews|slp
|move|p1a: Poison Foison|Poison Jab|p2b: HEATWAVES
|-damage|p2b: HEATWAVES|50/100g
|move|p2b: HEATWAVES|Heat Wave|p1b: Bartholomews|[spread] p1a,p1b
|-resisted|p1b: Bartholomews|1
|-damage|p1a: Poison Foison|15/100
|-damage|p1b: Bartholomews|60/100 slp
|
|-weather|SunnyDay|[upkeep]
|upkeep
|turn|3
|
|t:|1785661337
|switch|p1a: Merry Berry|Incineroar, L50, F, shiny|100/100
|-ability|p1a: Merry Berry|Intimidate|boost
|-unboost|p2a: Venusaur|atk|1
|-unboost|p2b: HEATWAVES|atk|1
|switch|p2b: Incineroar|Incineroar, L50, M|100/100
|-ability|p2b: Incineroar|Intimidate|boost
|-unboost|p1a: Merry Berry|atk|1
|-unboost|p1b: Bartholomews|atk|1
|move|p2a: Venusaur|Sludge Bomb|p1a: Merry Berry
|-damage|p1a: Merry Berry|59/100
|-damage|p2a: Venusaur|90/100|[from] item: Life Orb
|cant|p1b: Bartholomews|slp
|
|-weather|SunnyDay|[upkeep]
|upkeep
|turn|4
|
|t:|1785661362
|move|p2b: Incineroar|Fake Out|p1a: Merry Berry
|-damage|p1a: Merry Berry|48/100
|-enditem|p1a: Merry Berry|Sitrus Berry|[eat]
|-heal|p1a: Merry Berry|72/100|[from] item: Sitrus Berry
|move|p2a: Venusaur|Sludge Bomb|p1b: Bartholomews
|-damage|p1b: Bartholomews|0 fnt
|faint|p1b: Bartholomews
|-damage|p2a: Venusaur|80/100|[from] item: Life Orb
|cant|p1a: Merry Berry|flinch
|
|-weather|SunnyDay|[upkeep]
|upkeep
|
|t:|1785661371
|switch|p1b: Poison Foison|Sneasler, L50, F|15/100
|turn|5
|
|t:|1785661381
|switch|p2b: OVERTAKEN|Farigiraf, L50, M, shiny|100/100
|move|p1b: Poison Foison|Fake Out||[still]
|cant|p2b: OVERTAKEN|ability: Armor Tail|Fake Out|[of] p1b: Poison Foison
|move|p2a: Venusaur|Sludge Bomb|p1b: Poison Foison
|-resisted|p1b: Poison Foison|1
|-damage|p1b: Poison Foison|0 fnt
|faint|p1b: Poison Foison
|-damage|p2a: Venusaur|71/100|[from] item: Life Orb
|move|p1a: Merry Berry|Parting Shot|p2b: OVERTAKEN
|-unboost|p2b: OVERTAKEN|atk|1
|-unboost|p2b: OVERTAKEN|spa|1
|
|t:|1785661385
|switch|p1a: Macho Nacho|Delphox, L50, M|100/100|[from] Parting Shot
|
|-weather|SunnyDay|[upkeep]
|upkeep
|
|t:|1785661387
|switch|p1b: Merry Berry|Incineroar, L50, F, shiny|72/100
|-ability|p1b: Merry Berry|Intimidate|boost
|-unboost|p2a: Venusaur|atk|1
|-unboost|p2b: OVERTAKEN|atk|1
|turn|6
|inactive|efwefwefwefweifier has 30 seconds left.
|
|t:|1785661412
|detailschange|p1a: Macho Nacho|Delphox-Mega, L50, M
|-mega|p1a: Macho Nacho|Delphox|Delphoxite
|move|p2a: Venusaur|Sludge Bomb|p1a: Macho Nacho
|-damage|p1a: Macho Nacho|54/100
|-damage|p2a: Venusaur|61/100|[from] item: Life Orb
|move|p1a: Macho Nacho|Nasty Plot|p1a: Macho Nacho
|-boost|p1a: Macho Nacho|spa|2
|move|p1b: Merry Berry|Darkest Lariat|p2b: OVERTAKEN
|-supereffective|p2b: OVERTAKEN|1
|-damage|p2b: OVERTAKEN|33/100
|move|p2b: OVERTAKEN|Trick Room|p2b: OVERTAKEN
|-fieldstart|move: Trick Room|[of] p2b: OVERTAKEN
|
|-weather|none
|upkeep
|turn|7
|
|t:|1785661430
|move|p2b: OVERTAKEN|Protect|p2b: OVERTAKEN
|-singleturn|p2b: OVERTAKEN|Protect
|move|p1b: Merry Berry|Flare Blitz|p2a: Venusaur
|-supereffective|p2a: Venusaur|1
|-damage|p2a: Venusaur|0 fnt
|faint|p2a: Venusaur
|-damage|p1b: Merry Berry|56/100|[from] Recoil
|move|p1a: Macho Nacho|Psyshock|p2b: OVERTAKEN
|-activate|p2b: OVERTAKEN|move: Protect
|
|upkeep
|
|t:|1785661433
|switch|p2a: Incineroar|Incineroar, L50, M|100/100
|-ability|p2a: Incineroar|Intimidate|boost
|-unboost|p1a: Macho Nacho|atk|1
|-unboost|p1b: Merry Berry|atk|1
|turn|8
|
|t:|1785661444
|move|p1a: Macho Nacho|Protect|p1a: Macho Nacho
|-singleturn|p1a: Macho Nacho|Protect
|move|p2b: OVERTAKEN|Hyper Voice|p1b: Merry Berry|[spread] p1b
|-activate|p1a: Macho Nacho|move: Protect
|-damage|p1b: Merry Berry|40/100
|move|p1b: Merry Berry|Parting Shot|p2a: Incineroar
|-unboost|p2a: Incineroar|atk|1
|-unboost|p2a: Incineroar|spa|1
|move|p2a: Incineroar|Darkest Lariat|p1a: Macho Nacho
|-activate|p1a: Macho Nacho|move: Protect
|
|upkeep
|turn|9
|
|t:|1785661460
|move|p2b: OVERTAKEN|Hyper Voice|p1a: Macho Nacho|[spread] p1a,p1b
|-damage|p1a: Macho Nacho|36/100
|-damage|p1b: Merry Berry|25/100
|move|p1b: Merry Berry|Darkest Lariat|p2a: Incineroar
|-resisted|p2a: Incineroar|1
|-damage|p2a: Incineroar|89/100
|move|p2a: Incineroar|Darkest Lariat|p1a: Macho Nacho
|-supereffective|p1a: Macho Nacho|1
|-damage|p1a: Macho Nacho|0 fnt
|faint|p1a: Macho Nacho
|
|upkeep
|turn|10
|-message|efwefwefwefweifier forfeited.
|
|win|AtrixMJ
|l|☆efwefwefwefweifier
|player|p1|
||AtrixMJ is ready for game 2.
||efwefwefwefweifier is ready for game 2.
|uhtml|next|Next: Game 2 of 3
|l|☆AtrixMJ
|player|p2|
|j|☆efwefwefwefweifier
|player|p1|efwefwefwefweifier|clown|
