|j|☆jonas.weevil
|j|☆spernerslemma
|html|jonas.weevilspernerslemma    
|uhtml|bestof|Game 3 of a best-of-3
|t:|1784577594
|gametype|doubles
|player|p1|jonas.weevil|170|1378
|player|p2|spernerslemma|pokekid|1363
|gen|9
|tier|[Gen 9 Champions] VGC 2026 Reg M-B (Bo3)
|rated|
|rule|Species Clause: Limit one of each Pokémon
|rule|Item Clause: Limit 1 of each item
|clearpoke
|poke|p1|Torkoal, L50, M, shiny|
|poke|p1|Venusaur, L50, F|
|poke|p1|Pyroar, L50, M, shiny|
|poke|p1|Scrafty, L50, F|
|poke|p1|Sylveon, L50, M, shiny|
|poke|p1|Farigiraf, L50, M|
|poke|p2|Swampert, L50, F|
|poke|p2|Grimmsnarl, L50, M|
|poke|p2|Archaludon, L50, M|
|poke|p2|Pelipper, L50, M|
|poke|p2|Venusaur, L50, M|
|poke|p2|Sneasler, L50, F|
|teampreview|4
|showteam|p1|Torkoal||Charcoal|Drought|Eruption,WeatherBall,HelpingHand,Protect|Quiet||M|||50|]Venusaur||FocusSash|Chlorophyll|LeafStorm,SludgeBomb,SleepPowder,Protect|Modest||F|||50|]Pyroar||Pyroarite|Unnerve|Overheat,HeatWave,SolarBeam,Protect|Timid||M|||50|]Scrafty||Scraftinite|Intimidate|CloseCombat,KnockOff,StoneEdge,FakeOut|Brave||F|||50|]Sylveon||LifeOrb|Pixilate|HyperVoice,HyperBeam,QuickAttack,Detect|Quiet||M|||50|]Farigiraf||SitrusBerry|ArmorTail|Psychic,Thunderbolt,HelpingHand,TrickRoom|Relaxed||M|||50|
|showteam|p2|Swampert||Swampertite|Torrent|WaveCrash,Protect,HighHorsepower,IcePunch|Adamant||F|||50|]Grimmsnarl||LightClay|Prankster|SpiritBreak,Reflect,LightScreen,PartingShot|Careful||M|||50|]Archaludon||Leftovers|Stamina|ElectroShot,DragonPulse,FlashCannon,Protect|Modest||M|||50|]Pelipper||SitrusBerry|Drizzle|WeatherBall,Hurricane,Tailwind,Protect|Modest||M|||50|]Venusaur||Venusaurite|Chlorophyll|SludgeBomb,Protect,GigaDrain,EarthPower|Modest||M|||50|]Sneasler||FocusSash|PoisonTouch|FakeOut,PoisonJab,CloseCombat,Protect|Jolly||F|||50|
|inactive|Battle timer is ON: inactive players will automatically lose when time's up. (requested by spernerslemma)
|inactive|jonas.weevil has 60 seconds left.
|inactive|jonas.weevil has 30 seconds left.
|inactive|jonas.weevil has 20 seconds left.
|inactive|jonas.weevil has 15 seconds left.
|inactive|jonas.weevil has 10 seconds left.
|inactive|jonas.weevil has 5 seconds left.
|
|t:|1784577693
|teamsize|p1|4
|teamsize|p2|4
|start
|switch|p1a: Scrafty|Scrafty, L50, F|100/100
|switch|p1b: Stasi|Farigiraf, L50, M|100/100
|switch|p2a: Venusaur|Venusaur, L50, M|100/100
|switch|p2b: Grimmsnarl|Grimmsnarl, L50, M|100/100
|-ability|p1a: Scrafty|Intimidate|boost
|-unboost|p2a: Venusaur|atk|1
|-unboost|p2b: Grimmsnarl|atk|1
|turn|1
|inactive|spernerslemma has 30 seconds left.
|inactive|spernerslemma has 20 seconds left.
|inactive|spernerslemma has 15 seconds left.
|
|t:|1784577734
|detailschange|p2a: Venusaur|Venusaur-Mega, L50, M
|-mega|p2a: Venusaur|Venusaur|Venusaurite
|detailschange|p1a: Scrafty|Scrafty-Mega, L50, F
|-mega|p1a: Scrafty|Scrafty|Scraftinite
|-ability|p1a: Scrafty|Intimidate|boost
|-unboost|p2a: Venusaur|atk|1
|-unboost|p2b: Grimmsnarl|atk|1
|move|p1a: Scrafty|Fake Out|p2b: Grimmsnarl
|-damage|p2b: Grimmsnarl|84/100
|move|p2a: Venusaur|Sludge Bomb|p1b: Stasi
|-damage|p1b: Stasi|62/100
|cant|p2b: Grimmsnarl|flinch
|move|p1b: Stasi|Trick Room|p1b: Stasi
|-fieldstart|move: Trick Room|[of] p1b: Stasi
|
|upkeep
|turn|2
|inactive|jonas.weevil has 30 seconds left.
|inactive|jonas.weevil has 20 seconds left.
|inactive|jonas.weevil has 15 seconds left.
|
|t:|1784577774
|move|p2b: Grimmsnarl|Light Screen|p2b: Grimmsnarl
|-sidestart|p2: spernerslemma|move: Light Screen
|move|p1b: Stasi|Psychic|p2a: Venusaur
|-supereffective|p2a: Venusaur|1
|-damage|p2a: Venusaur|60/100
|move|p1a: Scrafty|Close Combat|p2b: Grimmsnarl
|-damage|p2b: Grimmsnarl|15/100
|-unboost|p1a: Scrafty|def|1
|-unboost|p1a: Scrafty|spd|1
|move|p2a: Venusaur|Sludge Bomb|p1a: Scrafty
|-damage|p1a: Scrafty|41/100
|
|upkeep
|turn|3
|inactive|jonas.weevil has 30 seconds left.
|inactive|spernerslemma has 30 seconds left.
|inactive|jonas.weevil has 20 seconds left.
|inactive|jonas.weevil has 15 seconds left.
|inactive|jonas.weevil has 10 seconds left.
|
|t:|1784577820
|move|p2b: Grimmsnarl|Reflect|p2b: Grimmsnarl
|-sidestart|p2: spernerslemma|Reflect
|move|p1b: Stasi|Psychic|p2a: Venusaur
|-supereffective|p2a: Venusaur|1
|-damage|p2a: Venusaur|21/100
|move|p1a: Scrafty|Knock Off|p2b: Grimmsnarl
|-resisted|p2b: Grimmsnarl|2
|-damage|p2b: Grimmsnarl|5/100
|-enditem|p2b: Grimmsnarl|Light Clay|[from] move: Knock Off|[of] p1a: Scrafty
|move|p2a: Venusaur|Giga Drain|p1b: Stasi
|-damage|p1b: Stasi|30/100
|-heal|p2a: Venusaur|40/100|[from] drain|[of] p1b: Stasi
|-enditem|p1b: Stasi|Sitrus Berry|[eat]
|-heal|p1b: Stasi|55/100|[from] item: Sitrus Berry
|
|upkeep
|turn|4
|inactive|jonas.weevil has 30 seconds left.
|
|t:|1784577848
|move|p2a: Venusaur|Protect|p2a: Venusaur
|-singleturn|p2a: Venusaur|Protect
|move|p1b: Stasi|Psychic|p2a: Venusaur
|-activate|p2a: Venusaur|move: Protect
|move|p1a: Scrafty|Close Combat|p2b: Grimmsnarl
|-damage|p2b: Grimmsnarl|0 fnt
|-unboost|p1a: Scrafty|def|1
|-unboost|p1a: Scrafty|spd|1
|faint|p2b: Grimmsnarl
|
|upkeep
|
|t:|1784577867
|switch|p2b: Archaludon|Archaludon, L50, M|100/100
|turn|5
|
|t:|1784577881
|switch|p1a: Venusaur|Venusaur, L50, F|100/100
|switch|p2a: Pelipper|Pelipper, L50, M|100/100
|-weather|RainDance|[from] ability: Drizzle|[of] p2a: Pelipper
|move|p1b: Stasi|Psychic|p2a: Pelipper
|-crit|p2a: Pelipper
|-damage|p2a: Pelipper|37/100
|-enditem|p2a: Pelipper|Sitrus Berry|[eat]
|-heal|p2a: Pelipper|62/100|[from] item: Sitrus Berry
|move|p2b: Archaludon|Electro Shot||[still]
|-prepare|p2b: Archaludon|Electro Shot
|-boost|p2b: Archaludon|spa|1
|-anim|p2b: Archaludon|Electro Shot|p1b: Stasi
|-damage|p1b: Stasi|0 fnt
|faint|p1b: Stasi
|
|-weather|RainDance|[upkeep]
|-fieldend|move: Trick Room
|upkeep
|
|t:|1784577895
|switch|p1b: Napalm|Torkoal, L50, M, shiny|100/100
|-weather|SunnyDay|[from] ability: Drought|[of] p1b: Napalm
|turn|6
|inactive|jonas.weevil has 30 seconds left.
|inactive|spernerslemma has 30 seconds left.
|inactive|spernerslemma has 20 seconds left.
|inactive|jonas.weevil has 20 seconds left.
|inactive|spernerslemma has 15 seconds left.
|inactive|jonas.weevil has 15 seconds left.
|inactive|spernerslemma has 10 seconds left.
|inactive|spernerslemma has 5 seconds left.
|
|t:|1784577947
|move|p1a: Venusaur|Sleep Powder|p2b: Archaludon
|-status|p2b: Archaludon|slp|[from] move: Sleep Powder
|cant|p2b: Archaludon|slp
|move|p2a: Pelipper|Weather Ball|p1a: Venusaur
|-supereffective|p1a: Venusaur|1
|-damage|p1a: Venusaur|18/100
|move|p1b: Napalm|Eruption|p2a: Pelipper|[spread] p2a,p2b
|-resisted|p2a: Pelipper|1
|-damage|p2a: Pelipper|27/100
|-damage|p2b: Archaludon|39/100 slp
|-ability|p2b: Archaludon|Stamina|boost
|-boost|p2b: Archaludon|def|1
|
|-weather|SunnyDay|[upkeep]
|-heal|p2b: Archaludon|46/100 slp|[from] item: Leftovers
|upkeep
|turn|7
|inactive|jonas.weevil has 30 seconds left.
|inactive|spernerslemma has 30 seconds left.
|inactive|jonas.weevil has 20 seconds left.
|inactive|spernerslemma has 20 seconds left.
|inactive|jonas.weevil has 15 seconds left.
|inactive|spernerslemma has 15 seconds left.
|
|t:|1784577991
|move|p2a: Pelipper|Protect|p2a: Pelipper
|-singleturn|p2a: Pelipper|Protect
|move|p1a: Venusaur|Sludge Bomb|p2a: Pelipper
|-activate|p2a: Pelipper|move: Protect
|cant|p2b: Archaludon|slp
|move|p1b: Napalm|Weather Ball|p2b: Archaludon
|-crit|p2b: Archaludon
|-damage|p2b: Archaludon|0 fnt
|faint|p2b: Archaludon
|
|-weather|SunnyDay|[upkeep]
|upkeep
|
|t:|1784578000
|switch|p2b: Venusaur|Venusaur-Mega, L50, M|40/100
|turn|8
|inactive|jonas.weevil has 30 seconds left.
|
|t:|1784578027
|move|p1a: Venusaur|Sludge Bomb|p2a: Pelipper
|-damage|p2a: Pelipper|0 fnt
|faint|p2a: Pelipper
|move|p2b: Venusaur|Earth Power|p1b: Napalm
|-supereffective|p1b: Napalm|1
|-damage|p1b: Napalm|18/100
|move|p1b: Napalm|Eruption|p2b: Venusaur
|-supereffective|p2b: Venusaur|1
|-damage|p2b: Venusaur|29/100
|
|-weather|SunnyDay|[upkeep]
|upkeep
|turn|9
|-message|spernerslemma forfeited.
|
|win|jonas.weevil
|raw|jonas.weevil's rating: 1378 → 1397(+19 for winning)
|raw|spernerslemma's rating: 1363 → 1344(-19 for losing)
