|j|☆Testeolondo
|j|☆Huasometa
|html|TesteolondoHuasometa    
|uhtml|bestof|Game 2 of a best-of-3
|t:|1783740123
|gametype|doubles
|player|p1|Testeolondo|169|
|player|p2|Huasometa|elesa|
|gen|9
|tier|[Gen 9 Champions] VGC 2026 Reg M-B (Bo3)
|rule|Species Clause: Limit one of each Pokémon
|rule|Item Clause: Limit 1 of each item
|clearpoke
|poke|p1|Garchomp, L50, F|
|poke|p1|Charizard, L50, F|
|poke|p1|Incineroar, L50, F|
|poke|p1|Aerodactyl, L50, M|
|poke|p1|Sylveon, L50, F|
|poke|p1|Farigiraf, L50, F|
|poke|p2|Chandelure, L50, M|
|poke|p2|Kangaskhan, L50, F|
|poke|p2|Sylveon, L50, F|
|poke|p2|Kingambit, L50, F|
|poke|p2|Rotom-Wash, L50|
|poke|p2|Venusaur, L50, F|
|teampreview|4
|showteam|p1|Garchomp||LifeOrb|RoughSkin|DragonClaw,Earthquake,StompingTantrum,Protect|Jolly||F|||50|]Charizard||CharizarditeY|Blaze|WeatherBall,HeatWave,SolarBeam,Protect|Timid||F|||50|]Incineroar||Charcoal|Intimidate|FlareBlitz,DarkestLariat,PartingShot,FakeOut|Adamant||F|||50|]Aerodactyl||FocusSash|Unnerve|RockSlide,Tailwind,WideGuard,Protect|Jolly||M|||50|]Sylveon||FairyFeather|Pixilate|HyperVoice,QuickAttack,Yawn,Detect|Modest||F|||50|]Farigiraf||SitrusBerry|ArmorTail|Psychic,HelpingHand,TrickRoom,Protect|Sassy||F|||50|
|showteam|p2|Chandelure||FocusSash|FlashFire|HeatWave,ShadowBall,TrickRoom,Taunt|Quiet||M|||50|]Kangaskhan||Kangaskhanite|InnerFocus|FakeOut,DoubleEdge,SuckerPunch,HammerArm|Brave||F|||50|]Sylveon||FairyFeather|Pixilate|HyperVoice,Protect,HyperBeam,QuickAttack|Quiet||F|||50|]Kingambit||BlackGlasses|Defiant|KowtowCleave,SuckerPunch,IronHead,Protect|Brave||F|||50|]Rotom-Wash||SitrusBerry|Levitate|ThunderWave,VoltSwitch,HydroPump,Protect|Calm|||||50|]Venusaur||Venusaurite|Chlorophyll|EarthPower,SleepPowder,GigaDrain,Protect|Modest||F|||50|
|l|☆Testeolondo
|player|p1|
|j|☆Testeolondo
|player|p1|Testeolondo|169|
|
|t:|1783740232
|teamsize|p1|4
|teamsize|p2|4
|start
|switch|p1a: Farigiraf|Farigiraf, L50, F|100/100
|switch|p1b: Sylveon|Sylveon, L50, F|100/100
|switch|p2a: Chandelure|Chandelure, L50, M|100/100
|switch|p2b: Kangaskhan|Kangaskhan, L50, F|100/100
|turn|1
|
|t:|1783740267
|switch|p1a: Incineroar|Incineroar, L50, F|100/100
|-ability|p1a: Incineroar|Intimidate|boost
|-unboost|p2a: Chandelure|atk|1
|-fail|p2b: Kangaskhan|unboost|Attack|[from] ability: Inner Focus|[of] p2b: Kangaskhan
|detailschange|p2b: Kangaskhan|Kangaskhan-Mega, L50, F
|-mega|p2b: Kangaskhan|Kangaskhan|Kangaskhanite
|move|p1b: Sylveon|Detect|p1b: Sylveon
|-singleturn|p1b: Sylveon|Protect
|move|p2b: Kangaskhan|Double-Edge|p1b: Sylveon
|-activate|p1b: Sylveon|move: Protect
|move|p2a: Chandelure|Trick Room|p2a: Chandelure
|-fieldstart|move: Trick Room|[of] p2a: Chandelure
|
|upkeep
|turn|2
|
|t:|1783740336
|move|p1a: Incineroar|Fake Out|p2b: Kangaskhan
|-damage|p2b: Kangaskhan|89/100
|move|p1b: Sylveon|Hyper Voice|p2a: Chandelure|[spread] p2a,p2b
|-resisted|p2a: Chandelure|1
|-damage|p2a: Chandelure|71/100
|-damage|p2b: Kangaskhan|49/100
|move|p2a: Chandelure|Heat Wave|p1a: Incineroar|[spread] p1a,p1b
|-resisted|p1a: Incineroar|1
|-damage|p1a: Incineroar|81/100
|-damage|p1b: Sylveon|65/100
|cant|p2b: Kangaskhan|flinch
|
|upkeep
|turn|3
|
|t:|1783740378
|switch|p2a: Kingambit|Kingambit, L50, F|100/100
|move|p1a: Incineroar|Darkest Lariat|p2a: Kingambit
|-resisted|p2a: Kingambit|1
|-damage|p2a: Kingambit|82/100
|move|p1b: Sylveon|Hyper Voice|p2b: Kangaskhan|[spread] p2a,p2b
|-damage|p2a: Kingambit|30/100
|-damage|p2b: Kangaskhan|5/100
|move|p2b: Kangaskhan|Double-Edge|p1b: Sylveon
|-damage|p1b: Sylveon|0 fnt
|faint|p1b: Sylveon
|-damage|p2b: Kangaskhan|0 fnt|[from] Recoil
|faint|p2b: Kangaskhan
|
|upkeep
|
|t:|1783740411
|switch|p1b: Charizard|Charizard, L50, F|100/100
|switch|p2b: Rotom|Rotom-Wash, L50|100/100
|turn|4
|
|t:|1783740506
|detailschange|p1b: Charizard|Charizard-Mega-Y, L50, F
|-mega|p1b: Charizard|Charizard|Charizardite Y
|-weather|SunnyDay|[from] ability: Drought|[of] p1b: Charizard
|move|p2a: Kingambit|Protect|p2a: Kingambit
|-singleturn|p2a: Kingambit|Protect
|move|p1b: Charizard|Protect|p1b: Charizard
|-singleturn|p1b: Charizard|Protect
|move|p1a: Incineroar|Flare Blitz|p2a: Kingambit
|-activate|p2a: Kingambit|move: Protect
|move|p2b: Rotom|Volt Switch|p1b: Charizard
|-activate|p1b: Charizard|move: Protect
|
|-weather|SunnyDay|[upkeep]
|upkeep
|turn|5
|
|t:|1783740542
|switch|p1b: Farigiraf|Farigiraf, L50, F|100/100
|move|p2a: Kingambit|Kowtow Cleave|p1b: Farigiraf
|-supereffective|p1b: Farigiraf|1
|-damage|p1b: Farigiraf|0 fnt
|faint|p1b: Farigiraf
|move|p1a: Incineroar|Flare Blitz|p2a: Kingambit
|-supereffective|p2a: Kingambit|1
|-damage|p2a: Kingambit|0 fnt
|faint|p2a: Kingambit
|-damage|p1a: Incineroar|70/100|[from] Recoil
|move|p2b: Rotom|Volt Switch|p1a: Incineroar
|-damage|p1a: Incineroar|48/100
|
|t:|1783740550
|switch|p2b: Chandelure|Chandelure, L50, M|71/100|[from] Volt Switch
|
|-weather|SunnyDay|[upkeep]
|-fieldend|move: Trick Room
|upkeep
|
|t:|1783740561
|switch|p1b: Charizard|Charizard-Mega-Y, L50, F|100/100
|switch|p2a: Rotom|Rotom-Wash, L50|100/100
|turn|6
|
|t:|1783740613
|move|p1b: Charizard|Solar Beam||[still]
|-prepare|p1b: Charizard|Solar Beam
|-anim|p1b: Charizard|Solar Beam|p2a: Rotom
|-supereffective|p2a: Rotom|1
|-damage|p2a: Rotom|24/100
|-enditem|p2a: Rotom|Sitrus Berry|[eat]
|-heal|p2a: Rotom|49/100|[from] item: Sitrus Berry
|move|p2a: Rotom|Hydro Pump|p1a: Incineroar
|-supereffective|p1a: Incineroar|1
|-damage|p1a: Incineroar|14/100
|move|p2b: Chandelure|Heat Wave|p1b: Charizard|[spread] p1a,p1b
|-resisted|p1a: Incineroar|1
|-resisted|p1b: Charizard|1
|-damage|p1a: Incineroar|0 fnt
|-damage|p1b: Charizard|65/100
|faint|p1a: Incineroar
|
|-weather|SunnyDay|[upkeep]
|upkeep
|turn|7
|
|t:|1783740637
|move|p2a: Rotom|Protect|p2a: Rotom
|-singleturn|p2a: Rotom|Protect
|move|p1b: Charizard|Solar Beam||[still]
|-prepare|p1b: Charizard|Solar Beam
|-anim|p1b: Charizard|Solar Beam|p2b: Chandelure
|-resisted|p2b: Chandelure|1
|-damage|p2b: Chandelure|43/100
|move|p2b: Chandelure|Trick Room|p2b: Chandelure
|-fieldstart|move: Trick Room|[of] p2b: Chandelure
|
|-weather|SunnyDay|[upkeep]
|upkeep
|turn|8
|
|t:|1783740655
|move|p2b: Chandelure|Shadow Ball|p1b: Charizard
|-damage|p1b: Charizard|18/100
|move|p2a: Rotom|Volt Switch|p1b: Charizard
|-supereffective|p1b: Charizard|1
|-damage|p1b: Charizard|0 fnt
|faint|p1b: Charizard
|
|win|Huasometa
