|j|☆spyjus
|j|☆Crowy09
|html|spyjusCrowy09    
|uhtml|bestof|Game 2 of a best-of-3
|t:|1786155303
|gametype|doubles
|player|p1|spyjus|2|1022
|player|p2|Crowy09|chuck|1099
|gen|9
|tier|[Gen 9 Champions] VGC 2026 Reg M-B (Bo3)
|rated|
|rule|Species Clause: Limit one of each Pokémon
|rule|Item Clause: Limit 1 of each item
|clearpoke
|poke|p1|Heracross, L50, F|
|poke|p1|Whimsicott, L50, F|
|poke|p1|Typhlosion, L50, M|
|poke|p1|Samurott-Hisui, L50, M|
|poke|p1|Meganium, L50, F|
|poke|p1|Gyarados, L50, M|
|poke|p2|Annihilape, L50, M|
|poke|p2|Charizard, L50, M|
|poke|p2|Toxapex, L50, F|
|poke|p2|Metagross, L50|
|poke|p2|Incineroar, L50, M|
|poke|p2|Hydreigon, L50, M|
|teampreview|4
|showteam|p1|Heracross||Heracronite|Guts|RockBlast,PinMissile,BulletSeed,Protect|Adamant||F|||50|]Whimsicott||FocusSash|Prankster|Tailwind,Encore,ShadowBall,Protect|Bold||F|||50|]Typhlosion||LifeOrb|FlashFire|Eruption,Extrasensory,ShadowBall,Protect|Timid||M|||50|]Samurott-Hisui||ScopeLens|Sharpness|AquaCutter,SacredSword,FocusEnergy,Protect|Jolly||M|||50|]Meganium||Meganiumite|Overgrow|SolarBeam,WeatherBall,Synthesis,Protect|Timid||F|||50|]Gyarados||Leftovers|Intimidate|DragonDance,AquaTail,StoneEdge,Protect|Adamant||M|||50|
|showteam|p2|Annihilape||FocusSash|Defiant|PhantomForce,CloseCombat,RockTomb,Protect|Adamant||M|||50|]Charizard||CharizarditeY|Blaze|HeatWave,WeatherBall,SolarBeam,Protect|Modest||M|||50|]Toxapex||Leftovers|Regenerator|Toxic,Infestation,WideGuard,BanefulBunker|Bold||F|||50|]Metagross||Metagrossite|ClearBody|BulletPunch,PsychicFangs,StompingTantrum,Protect|Jolly|||||50|]Incineroar||SitrusBerry|Intimidate|FlareBlitz,ThroatChop,PartingShot,FakeOut|Impish||M|||50|]Hydreigon||ChoiceScarf|Levitate|DarkPulse,DracoMeteor,Snarl,HeatWave|Modest||M|||50|
|inactive|Battle timer is ON: inactive players will automatically lose when time's up. (requested by spyjus)
|inactive|spyjus has 60 seconds left.
|inactive|Crowy09 has 60 seconds left.
|
|t:|1786155344
|teamsize|p1|4
|teamsize|p2|4
|start
|switch|p1a: Samurott|Samurott-Hisui, L50, M|100/100
|switch|p1b: Meganium|Meganium, L50, F|100/100
|switch|p2a: Incineroar|Incineroar, L50, M|100/100
|switch|p2b: Toxapex|Toxapex, L50, F|100/100
|-ability|p2a: Incineroar|Intimidate|boost
|-unboost|p1a: Samurott|atk|1
|-unboost|p1b: Meganium|atk|1
|turn|1
|
|t:|1786155365
|move|p1b: Meganium|Protect|p1b: Meganium
|-singleturn|p1b: Meganium|Protect
|move|p2a: Incineroar|Fake Out|p1a: Samurott
|-damage|p1a: Samurott|86/100
|cant|p1a: Samurott|flinch
|move|p2b: Toxapex|Infestation|p1b: Meganium
|-activate|p1b: Meganium|move: Protect
|
|upkeep
|turn|2
|inactive|spyjus has 30 seconds left.
|
|t:|1786155391
|switch|p1a: Gyarados|Gyarados, L50, M|100/100
|-ability|p1a: Gyarados|Intimidate|boost
|-unboost|p2a: Incineroar|atk|1
|-unboost|p2b: Toxapex|atk|1
|switch|p1b: Typhlosion|Typhlosion, L50, M|100/100
|move|p2a: Incineroar|Flare Blitz|p1b: Typhlosion
|-start|p1b: Typhlosion|ability: Flash Fire
|move|p2b: Toxapex|Toxic|p1a: Gyarados
|-status|p1a: Gyarados|tox
|
|-damage|p1a: Gyarados|94/100 tox|[from] psn
|upkeep
|turn|3
|inactive|spyjus has 30 seconds left.
|
|t:|1786155419
|move|p2b: Toxapex|Wide Guard|p2b: Toxapex
|-singleturn|p2b: Toxapex|Wide Guard
|move|p1b: Typhlosion|Eruption|p2b: Toxapex|[spread] 
|-activate|p2a: Incineroar|move: Wide Guard
|-activate|p2b: Toxapex|move: Wide Guard
|move|p1a: Gyarados|Dragon Dance|p1a: Gyarados
|-boost|p1a: Gyarados|atk|1
|-boost|p1a: Gyarados|spe|1
|move|p2a: Incineroar|Parting Shot|p1b: Typhlosion
|-unboost|p1b: Typhlosion|atk|1
|-unboost|p1b: Typhlosion|spa|1
|
|t:|1786155432
|switch|p2a: Annihilape|Annihilape, L50, M|100/100|[from] Parting Shot
|
|-heal|p1a: Gyarados|100/100 tox|[from] item: Leftovers
|-damage|p1a: Gyarados|88/100 tox|[from] psn
|upkeep
|turn|4
|inactive|spyjus has 30 seconds left.
|inactive|Crowy09 has 30 seconds left.
|
|t:|1786155461
|move|p2a: Annihilape|Protect|p2a: Annihilape
|-singleturn|p2a: Annihilape|Protect
|move|p1a: Gyarados|Aqua Tail|p2a: Annihilape
|-activate|p2a: Annihilape|move: Protect
|move|p1b: Typhlosion|Extrasensory|p2b: Toxapex
|-supereffective|p2b: Toxapex|1
|-damage|p2b: Toxapex|63/100
|-damage|p1b: Typhlosion|90/100|[from] item: Life Orb
|move|p2b: Toxapex|Toxic|p1b: Typhlosion
|-status|p1b: Typhlosion|tox
|
|-heal|p1a: Gyarados|94/100 tox|[from] item: Leftovers
|-heal|p2b: Toxapex|69/100|[from] item: Leftovers
|-damage|p1a: Gyarados|76/100 tox|[from] psn
|-damage|p1b: Typhlosion|84/100 tox|[from] psn
|upkeep
|turn|5
|inactive|spyjus has 30 seconds left.
|
|t:|1786155492
|switch|p2a: Incineroar|Incineroar, L50, M|100/100
|-ability|p2a: Incineroar|Intimidate|boost
|-unboost|p1a: Gyarados|atk|1
|-unboost|p1b: Typhlosion|atk|1
|move|p2b: Toxapex|Baneful Bunker|p2b: Toxapex
|-singleturn|p2b: Toxapex|move: Protect
|move|p1a: Gyarados|Stone Edge|p2a: Incineroar
|-supereffective|p2a: Incineroar|1
|-damage|p2a: Incineroar|41/100
|-enditem|p2a: Incineroar|Sitrus Berry|[eat]
|-heal|p2a: Incineroar|66/100|[from] item: Sitrus Berry
|move|p1b: Typhlosion|Eruption|p2b: Toxapex|[spread] p2a
|-activate|p2b: Toxapex|move: Protect
|-resisted|p2a: Incineroar|1
|-damage|p2a: Incineroar|40/100
|-damage|p1b: Typhlosion|74/100 tox|[from] item: Life Orb
|
|-heal|p1a: Gyarados|82/100 tox|[from] item: Leftovers
|-heal|p2b: Toxapex|75/100|[from] item: Leftovers
|-damage|p1a: Gyarados|59/100 tox|[from] psn
|-damage|p1b: Typhlosion|63/100 tox|[from] psn
|upkeep
|turn|6
|inactive|spyjus has 30 seconds left.
|inactive|spyjus has 20 seconds left.
|
|t:|1786155528
|-end|p1b: Typhlosion|ability: Flash Fire|[silent]
|switch|p1b: Samurott|Samurott-Hisui, L50, M|86/100
|move|p2a: Incineroar|Fake Out|p1a: Gyarados
|-damage|p1a: Gyarados|46/100 tox
|cant|p1a: Gyarados|flinch
|move|p2b: Toxapex|Infestation|p1b: Samurott
|-supereffective|p1b: Samurott|1
|-damage|p1b: Samurott|76/100
|-activate|p1b: Samurott|move: Infestation|[of] p2b: Toxapex
|
|-heal|p1a: Gyarados|52/100 tox|[from] item: Leftovers
|-heal|p2b: Toxapex|80/100|[from] item: Leftovers
|-damage|p1a: Gyarados|23/100 tox|[from] psn
|-damage|p1b: Samurott|64/100|[from] move: Infestation|[partiallytrapped]
|upkeep
|turn|7
|inactive|Crowy09 has 30 seconds left.
|
|t:|1786155559
|switch|p1a: Meganium|Meganium, L50, F|100/100
|switch|p2a: Annihilape|Annihilape, L50, M|100/100
|move|p1b: Samurott|Focus Energy|p1b: Samurott
|-start|p1b: Samurott|move: Focus Energy
|move|p2b: Toxapex|Toxic|p1b: Samurott
|-status|p1b: Samurott|tox
|
|-heal|p2b: Toxapex|86/100|[from] item: Leftovers
|-damage|p1b: Samurott|58/100 tox|[from] psn
|-damage|p1b: Samurott|46/100 tox|[from] move: Infestation|[partiallytrapped]
|upkeep
|turn|8
|inactive|spyjus has 30 seconds left.
|
|t:|1786155590
|detailschange|p1a: Meganium|Meganium-Mega, L50, F
|-mega|p1a: Meganium|Meganium|Meganiumite
|move|p2a: Annihilape|Protect|p2a: Annihilape
|-singleturn|p2a: Annihilape|Protect
|move|p2b: Toxapex|Baneful Bunker|p2b: Toxapex
|-singleturn|p2b: Toxapex|move: Protect
|move|p1b: Samurott|Aqua Cutter|p2a: Annihilape
|-activate|p2a: Annihilape|move: Protect
|move|p1a: Meganium|Solar Beam||[still]
|-prepare|p1a: Meganium|Solar Beam
|-activate|p1a: Meganium|ability: Mega Sol
|-anim|p1a: Meganium|Solar Beam|p2b: Toxapex
|-activate|p2b: Toxapex|move: Protect
|
|-heal|p2b: Toxapex|92/100|[from] item: Leftovers
|-damage|p1b: Samurott|34/100 tox|[from] psn
|-damage|p1b: Samurott|22/100 tox|[from] move: Infestation|[partiallytrapped]
|upkeep
|turn|9
|inactive|Crowy09 has 30 seconds left.
|
|t:|1786155617
|switch|p2a: Incineroar|Incineroar, L50, M|40/100
|-ability|p2a: Incineroar|Intimidate|boost
|-unboost|p1a: Meganium|atk|1
|-unboost|p1b: Samurott|atk|1
|move|p1b: Samurott|Sacred Sword|p2b: Toxapex
|-resisted|p2b: Toxapex|1
|-crit|p2b: Toxapex
|-damage|p2b: Toxapex|73/100
|move|p1a: Meganium|Solar Beam||[still]
|-prepare|p1a: Meganium|Solar Beam
|-activate|p1a: Meganium|ability: Mega Sol
|-anim|p1a: Meganium|Solar Beam|p2b: Toxapex
|-damage|p2b: Toxapex|24/100
|move|p2b: Toxapex|Toxic|p1a: Meganium
|-status|p1a: Meganium|tox
|
|-heal|p2b: Toxapex|30/100|[from] item: Leftovers
|-damage|p1b: Samurott|4/100 tox|[from] psn
|-damage|p1a: Meganium|94/100 tox|[from] psn
|-damage|p1b: Samurott|0 fnt|[from] move: Infestation|[partiallytrapped]
|faint|p1b: Samurott
|upkeep
|
|t:|1786155638
|switch|p1b: Gyarados|Gyarados, L50, M|23/100 tox
|-ability|p1b: Gyarados|Intimidate|boost
|-unboost|p2a: Incineroar|atk|1
|-unboost|p2b: Toxapex|atk|1
|turn|10
|inactive|spyjus has 30 seconds left.
|
|t:|1786155669
|-heal|p2b: Toxapex|63/100|[from] ability: Regenerator|[silent]
|switch|p2b: Metagross|Metagross, L50|100/100
|move|p2a: Incineroar|Fake Out|p1b: Gyarados
|-damage|p1b: Gyarados|13/100 tox
|move|p1a: Meganium|Solar Beam||[still]
|-prepare|p1a: Meganium|Solar Beam
|-activate|p1a: Meganium|ability: Mega Sol
|-anim|p1a: Meganium|Solar Beam|p2b: Metagross
|-resisted|p2b: Metagross|1
|-damage|p2b: Metagross|56/100
|cant|p1b: Gyarados|flinch
|
|-heal|p1b: Gyarados|19/100 tox|[from] item: Leftovers
|-damage|p1a: Meganium|82/100 tox|[from] psn
|-damage|p1b: Gyarados|13/100 tox|[from] psn
|upkeep
|turn|11
|inactive|Crowy09 has 30 seconds left.
|
|t:|1786155695
|switch|p2a: Toxapex|Toxapex, L50, F|63/100
|detailschange|p2b: Metagross|Metagross-Mega, L50
|-mega|p2b: Metagross|Metagross|Metagrossite
|move|p2b: Metagross|Bullet Punch|p1a: Meganium
|-supereffective|p1a: Meganium|1
|-damage|p1a: Meganium|20/100y tox
|move|p1a: Meganium|Weather Ball|p2b: Metagross
|-supereffective|p2b: Metagross|1
|-damage|p2b: Metagross|0 fnt
|faint|p2b: Metagross
|move|p1b: Gyarados|Stone Edge|p2a: Toxapex
|-damage|p2a: Toxapex|37/100
|
|-heal|p1b: Gyarados|19/100 tox|[from] item: Leftovers
|-heal|p2a: Toxapex|43/100|[from] item: Leftovers
|-damage|p1a: Meganium|3/100 tox|[from] psn
|-damage|p1b: Gyarados|8/100 tox|[from] psn
|upkeep
|
|t:|1786155713
|switch|p2b: Annihilape|Annihilape, L50, M|100/100
|turn|12
|
|t:|1786155732
|move|p2b: Annihilape|Protect|p2b: Annihilape
|-singleturn|p2b: Annihilape|Protect
|move|p2a: Toxapex|Baneful Bunker|p2a: Toxapex
|-singleturn|p2a: Toxapex|move: Protect
|move|p1a: Meganium|Synthesis|p1a: Meganium
|-activate|p1a: Meganium|ability: Mega Sol
|-heal|p1a: Meganium|70/100 tox
|move|p1b: Gyarados|Stone Edge|p2a: Toxapex
|-activate|p2a: Toxapex|move: Protect
|
|-heal|p1b: Gyarados|13/100 tox|[from] item: Leftovers
|-heal|p2a: Toxapex|49/100|[from] item: Leftovers
|-damage|p1a: Meganium|47/100 tox|[from] psn
|-damage|p1b: Gyarados|0 fnt|[from] psn
|faint|p1b: Gyarados
|upkeep
|
|t:|1786155739
|switch|p1b: Typhlosion|Typhlosion, L50, M|63/100 tox
|turn|13
|inactive|spyjus has 30 seconds left.
|inactive|Crowy09 has 30 seconds left.
|
|t:|1786155774
|-heal|p2a: Toxapex|82/100|[from] ability: Regenerator|[silent]
|switch|p2a: Incineroar|Incineroar, L50, M|40/100
|-ability|p2a: Incineroar|Intimidate|boost
|-unboost|p1a: Meganium|atk|1
|-unboost|p1b: Typhlosion|atk|1
|move|p1b: Typhlosion|Shadow Ball|p2b: Annihilape
|-supereffective|p2b: Annihilape|1
|-damage|p2b: Annihilape|30/100
|-damage|p1b: Typhlosion|53/100 tox|[from] item: Life Orb
|move|p1a: Meganium|Solar Beam||[still]
|-prepare|p1a: Meganium|Solar Beam
|-activate|p1a: Meganium|ability: Mega Sol
|-anim|p1a: Meganium|Solar Beam|p2b: Annihilape
|-damage|p2b: Annihilape|0 fnt
|faint|p2b: Annihilape
|
|-damage|p1b: Typhlosion|47/100 tox|[from] psn
|-damage|p1a: Meganium|18/100 tox|[from] psn
|upkeep
|
|t:|1786155790
|switch|p2b: Toxapex|Toxapex, L50, F|82/100
|turn|14
|
|t:|1786155815
|move|p2b: Toxapex|Baneful Bunker|p2b: Toxapex
|-singleturn|p2b: Toxapex|move: Protect
|move|p2a: Incineroar|Fake Out|p1a: Meganium
|-damage|p1a: Meganium|8/100 tox
|move|p1b: Typhlosion|Extrasensory|p2b: Toxapex
|-activate|p2b: Toxapex|move: Protect
|cant|p1a: Meganium|flinch
|
|-heal|p2b: Toxapex|87/100|[from] item: Leftovers
|-damage|p1b: Typhlosion|36/100 tox|[from] psn
|-damage|p1a: Meganium|0 fnt|[from] psn
|faint|p1a: Meganium
|upkeep
|turn|15
|-message|spyjus forfeited.
|
|win|Crowy09
|raw|spyjus's rating: 1022 → 1012(-10 for losing)
|raw|Crowy09's rating: 1099 → 1119(+20 for winning)
|l|☆spyjus
|player|p1|
