|j|☆epic17x
|j|☆PaniniWeenie
|html|epic17xPaniniWeenie    
|uhtml|bestof|Game 2 of a best-of-3
|t:|1756048681
|gametype|doubles
|player|p1|epic17x|steven|1203
|player|p2|PaniniWeenie|pokemaniac|1312
|gen|9
|tier|[Gen 9] VGC 2025 Reg H (Bo3)
|rated|
|rule|Species Clause: Limit one of each Pokémon
|rule|Item Clause: Limit 1 of each item
|clearpoke
|poke|p1|Ninetales-Alola, L50, M|
|poke|p1|Rillaboom, L50, M|
|poke|p1|Magmar, L50, M|
|poke|p1|Sneasler, L50, F|
|poke|p1|Kingambit, L50, M|
|poke|p1|Basculegion, L50, M|
|poke|p2|Dragonite, L50, M|
|poke|p2|Sneasler, L50, F|
|poke|p2|Rillaboom, L50, F|
|poke|p2|Volcarona, L50, M|
|poke|p2|Kingambit, L50, F|
|poke|p2|Electabuzz, L50, M|
|teampreview|4
|showteam|p1|Ninetales-Alola||NeverMeltIce|SnowWarning|Blizzard,FreezeDry,Encore,Protect|||M|||50|,,,,,Ghost]Rillaboom||AssaultVest|GrassySurge|WoodHammer,FakeOut,Uturn,GrassyGlide|||M|||50|,,,,,Ghost]Magmar||Eviolite|VitalSpirit|Protect,HeatWave,WillOWisp,FollowMe|||M|||50|,,,,,Ghost]Sneasler||FocusSash|PoisonTouch|FakeOut,DireClaw,CloseCombat,Protect|||F|||50|,,,,,Ghost]Kingambit||BlackGlasses|Defiant|KowtowCleave,SwordsDance,SuckerPunch,Protect|||M|||50|,,,,,Fire]Basculegion||ChoiceScarf|Adaptability|WaveCrash,FlipTurn,TeraBlast,LastRespects|||M|||50|,,,,,Fighting
|showteam|p2|Dragonite||LoadedDice|Multiscale|ScaleShot,ExtremeSpeed,Haze,Protect|||M|||50|,,,,,Steel]Sneasler||FocusSash|Pressure|FakeOut,CloseCombat,DireClaw,Coaching|||F|||50|,,,,,Ghost]Rillaboom||AssaultVest|GrassySurge|WoodHammer,GrassyGlide,FakeOut,HighHorsepower|||F|||50|,,,,,Ground]Volcarona||Leftovers|FlameBody|HeatWave,TeraBlast,QuiverDance,Protect|||M|||50|,,,,,Fairy]Kingambit||BlackGlasses|Defiant|SwordsDance,KowtowCleave,SuckerPunch,Protect|||F|||50|,,,,,Dark]Electabuzz||Eviolite|Static|FollowMe,Thunderbolt,Taunt,Protect|||M|||50|,,,,,Dragon
|inactive|Battle timer is ON: inactive players will automatically lose when time's up. (requested by epic17x)
|inactive|PaniniWeenie has 60 seconds left.
|
|t:|1756048726
|teamsize|p1|4
|teamsize|p2|4
|start
|switch|p1a: Ninetales|Ninetales-Alola, L50, M|100/100
|switch|p1b: Sneasler|Sneasler, L50, F|100/100
|switch|p2a: Rillaboom|Rillaboom, L50, F|100/100
|switch|p2b: Volcarona|Volcarona, L50, M|100/100
|-weather|Snowscape|[from] ability: Snow Warning|[of] p1a: Ninetales
|-fieldstart|move: Grassy Terrain|[from] ability: Grassy Surge|[of] p2a: Rillaboom
|turn|1
|
|t:|1756048743
|switch|p1a: Magmar|Magmar, L50, M|100/100
|move|p1b: Sneasler|Fake Out|p2b: Volcarona
|-damage|p2b: Volcarona|82/100
|-status|p1b: Sneasler|brn|[from] ability: Flame Body|[of] p2b: Volcarona
|move|p2a: Rillaboom|Fake Out|p1b: Sneasler
|-crit|p1b: Sneasler
|-damage|p1b: Sneasler|65/100 brn
|cant|p2b: Volcarona|flinch
|
|-weather|Snowscape|[upkeep]
|-heal|p1b: Sneasler|71/100 brn|[from] Grassy Terrain
|-heal|p2b: Volcarona|89/100|[from] Grassy Terrain
|-heal|p2b: Volcarona|95/100|[from] item: Leftovers
|-damage|p1b: Sneasler|65/100 brn|[from] brn
|upkeep
|turn|2
|
|t:|1756048763
|-terastallize|p2a: Rillaboom|Ground
|move|p1b: Sneasler|Dire Claw|p2b: Volcarona
|-damage|p2b: Volcarona|68/100
|move|p2b: Volcarona|Quiver Dance|p2b: Volcarona
|-boost|p2b: Volcarona|spa|1
|-boost|p2b: Volcarona|spd|1
|-boost|p2b: Volcarona|spe|1
|move|p1a: Magmar|Heat Wave|p2b: Volcarona|[spread] p2a,p2b
|-damage|p2a: Rillaboom|84/100
|-damage|p2b: Volcarona|53/100
|move|p2a: Rillaboom|High Horsepower|p1a: Magmar
|-supereffective|p1a: Magmar
|-damage|p1a: Magmar|29/100
|
|-weather|Snowscape|[upkeep]
|-heal|p2b: Volcarona|59/100|[from] Grassy Terrain
|-heal|p2b: Volcarona|65/100|[from] item: Leftovers
|-heal|p1b: Sneasler|71/100 brn|[from] Grassy Terrain
|-heal|p1a: Magmar|35/100|[from] Grassy Terrain
|-heal|p2a: Rillaboom|90/100|[from] Grassy Terrain
|-damage|p1b: Sneasler|65/100 brn|[from] brn
|upkeep
|turn|3
|inactive|epic17x has 30 seconds left.
|inactive|epic17x has 20 seconds left.
|
|t:|1756048804
|move|p1b: Sneasler|Protect|p1b: Sneasler
|-singleturn|p1b: Sneasler|Protect
|move|p2b: Volcarona|Heat Wave|p1b: Sneasler|[spread] p1a
|-activate|p1b: Sneasler|move: Protect
|-resisted|p1a: Magmar
|-damage|p1a: Magmar|13/100
|move|p1a: Magmar|Will-O-Wisp|p2a: Rillaboom
|-status|p2a: Rillaboom|brn
|move|p2a: Rillaboom|High Horsepower|p1a: Magmar
|-supereffective|p1a: Magmar
|-damage|p1a: Magmar|0 fnt
|faint|p1a: Magmar
|
|-weather|Snowscape|[upkeep]
|-heal|p2b: Volcarona|71/100|[from] Grassy Terrain
|-heal|p2b: Volcarona|78/100|[from] item: Leftovers
|-heal|p1b: Sneasler|71/100 brn|[from] Grassy Terrain
|-heal|p2a: Rillaboom|96/100 brn|[from] Grassy Terrain
|-damage|p1b: Sneasler|65/100 brn|[from] brn
|-damage|p2a: Rillaboom|90/100 brn|[from] brn
|upkeep
|
|t:|1756048817
|switch|p1a: Kingambit|Kingambit, L50, M|100/100
|turn|4
|
|t:|1756048823
|-terastallize|p1a: Kingambit|Fire
|move|p2b: Volcarona|Heat Wave|p1a: Kingambit|[spread] p1a,p1b
|-resisted|p1a: Kingambit
|-damage|p1a: Kingambit|73/100
|-damage|p1b: Sneasler|0 fnt
|faint|p1b: Sneasler
|move|p2a: Rillaboom|High Horsepower|p1a: Kingambit
|-supereffective|p1a: Kingambit
|-damage|p1a: Kingambit|33/100
|move|p1a: Kingambit|Kowtow Cleave|p2b: Volcarona
|-damage|p2b: Volcarona|0 fnt
|faint|p2b: Volcarona
|
|-weather|Snowscape|[upkeep]
|-heal|p2a: Rillaboom|96/100 brn|[from] Grassy Terrain
|-heal|p1a: Kingambit|39/100|[from] Grassy Terrain
|-damage|p2a: Rillaboom|90/100 brn|[from] brn
|upkeep
|
|t:|1756048836
|switch|p1b: Ninetales|Ninetales-Alola, L50, M|100/100
|switch|p2b: Kingambit|Kingambit, L50, F|100/100
|turn|5
|
|t:|1756048853
|move|p1a: Kingambit|Sucker Punch|p2a: Rillaboom
|-damage|p2a: Rillaboom|46/100 brn
|move|p1b: Ninetales|Blizzard|p2a: Rillaboom|[spread] p2a,p2b
|-supereffective|p2a: Rillaboom
|-resisted|p2b: Kingambit
|-crit|p2b: Kingambit
|-damage|p2a: Rillaboom|0 fnt
|-damage|p2b: Kingambit|73/100
|faint|p2a: Rillaboom
|move|p2b: Kingambit|Kowtow Cleave|p1a: Kingambit
|-damage|p1a: Kingambit|0 fnt
|faint|p1a: Kingambit
|
|-weather|none
|-heal|p2b: Kingambit|79/100|[from] Grassy Terrain
|-fieldend|move: Grassy Terrain
|upkeep
|
|t:|1756048864
|switch|p2a: Electabuzz|Electabuzz, L50, M|100/100
|turn|6
|-message|epic17x forfeited.
|
|win|PaniniWeenie
|raw|epic17x's rating: 1203 → 1186(-17 for losing)
|raw|PaniniWeenie's rating: 1312 → 1326(+14 for winning)
|l|☆PaniniWeenie
|player|p2|
|j|☆PaniniWeenie
|player|p2|PaniniWeenie|pokemaniac|
|l|☆PaniniWeenie
|player|p2|
