|j|☆yizhongchang
|j|☆Eggy’sDad
|html|yizhongchangEggy’sDad    
|uhtml|bestof|Game 1 of a best-of-3
|t:|1785420111
|gametype|doubles
|player|p1|yizhongchang|102|
|player|p2|Eggy’sDad|101|
|gen|9
|tier|[Gen 9 Champions] VGC 2026 Reg M-B (Bo3)
|rule|Species Clause: Limit one of each Pokémon
|rule|Item Clause: Limit 1 of each item
|clearpoke
|poke|p1|Charizard, L50, F|
|poke|p1|Archaludon, L50, M|
|poke|p1|Politoed, L50, F|
|poke|p1|Basculegion, L50, M|
|poke|p1|Venusaur, L50, F|
|poke|p1|Aerodactyl, L50, M|
|poke|p2|Pyroar, L50, F|
|poke|p2|Whimsicott, L50, M|
|poke|p2|Ninetales, L50, M|
|poke|p2|Farigiraf, L50, M|
|poke|p2|Basculegion, L50, M|
|poke|p2|Floette-Eternal, L50, F|
|teampreview|4
|showteam|p1|Charizard||CharizarditeY|Blaze|HeatWave,WeatherBall,SolarBeam,Protect|Modest||F|||50|]Archaludon||Leftovers|Stamina|FlashCannon,ElectroShot,DragonPulse,Protect|Calm||M|||50|]Politoed||SitrusBerry|Drizzle|WeatherBall,PerishSong,IcyWind,Protect|Bold||F|||50|]Basculegion||FocusSash|Adaptability|Liquidation,AquaJet,LastRespects,Protect|Jolly||M|||50|]Venusaur||LifeOrb|Chlorophyll|SludgeBomb,EarthPower,EnergyBall,Protect|Modest||F|||50|]Aerodactyl||Aerodactylite|Unnerve|RockSlide,DualWingbeat,Tailwind,Protect|Jolly||M|||50|
|showteam|p2|Pyroar||Pyroarite|Unnerve|HeatWave,SolarBeam,Overheat,Protect|Timid||F|||50|]Whimsicott||FocusSash|Prankster|Moonblast,Tailwind,SunnyDay,Protect|Timid||M|||50|]Ninetales||ChoiceScarf|Drought|Overheat,HeatWave,SolarBeam,FakeTears|Modest||M|||50|]Farigiraf||SitrusBerry|ArmorTail|Thunderbolt,TwinBeam,TrickRoom,HelpingHand|Bold||M|||50|]Basculegion||LifeOrb|Adaptability|WaveCrash,LastRespects,AquaJet,Protect|Adamant||M|||50|]Floette-Eternal||Floettite|FlowerVeil|Moonblast,DazzlingGleam,LightofRuin,Protect|Timid||F|||50|
|
|t:|1785420170
|teamsize|p1|4
|teamsize|p2|4
|start
|switch|p1a: Aerodactyl|Aerodactyl, L50, M|100/100
|switch|p1b: Venusaur|Venusaur, L50, F|100/100
|switch|p2a: Whimsicott|Whimsicott, L50, M|100/100
|switch|p2b: Basculegion|Basculegion, L50, M|100/100
|-ability|p1a: Aerodactyl|Unnerve
|turn|1
|
|t:|1785420211
|switch|p1a: Archaludon|Archaludon, L50, M|100/100
|move|p2a: Whimsicott|Protect|p2a: Whimsicott
|-singleturn|p2a: Whimsicott|Protect
|move|p1b: Venusaur|Sludge Bomb|p2a: Whimsicott
|-activate|p2a: Whimsicott|move: Protect
|move|p2b: Basculegion|Wave Crash|p1a: Archaludon
|-resisted|p1a: Archaludon|1
|-damage|p1a: Archaludon|58/100
|-ability|p1a: Archaludon|Stamina|boost
|-boost|p1a: Archaludon|def|1
|-damage|p2b: Basculegion|86/100|[from] Recoil
|-damage|p2b: Basculegion|76/100|[from] item: Life Orb
|
|-heal|p1a: Archaludon|65/100|[from] item: Leftovers
|upkeep
|turn|2
|
|t:|1785420270
|switch|p2b: Ninetales|Ninetales, L50, M|100/100
|-weather|SunnyDay|[from] ability: Drought|[of] p2b: Ninetales
|move|p1b: Venusaur|Sludge Bomb|p2a: Whimsicott
|-supereffective|p2a: Whimsicott|2
|-enditem|p2a: Whimsicott|Focus Sash
|-damage|p2a: Whimsicott|1/100
|-status|p2a: Whimsicott|psn
|-damage|p1b: Venusaur|90/100|[from] item: Life Orb
|move|p2a: Whimsicott|Moonblast|p1a: Archaludon
|-damage|p1a: Archaludon|28/100
|-ability|p1a: Archaludon|Stamina|boost
|-boost|p1a: Archaludon|def|1
|move|p1a: Archaludon|Flash Cannon|p2a: Whimsicott
|-supereffective|p2a: Whimsicott|1
|-damage|p2a: Whimsicott|0 fnt
|faint|p2a: Whimsicott
|
|-weather|SunnyDay|[upkeep]
|-heal|p1a: Archaludon|34/100|[from] item: Leftovers
|upkeep
|
|t:|1785420293
|switch|p2a: Pyroar|Pyroar, L50, F|100/100
|-ability|p2a: Pyroar|Unnerve
|turn|3
|
|t:|1785420317
|detailschange|p2a: Pyroar|Pyroar-Mega, L50, F
|-mega|p2a: Pyroar|Pyroar|Pyroarite
|move|p1a: Archaludon|Protect|p1a: Archaludon
|-singleturn|p1a: Archaludon|Protect
|move|p1b: Venusaur|Earth Power|p2a: Pyroar
|-supereffective|p2a: Pyroar|1
|-damage|p2a: Pyroar|9/100
|-damage|p1b: Venusaur|80/100|[from] item: Life Orb
|move|p2b: Ninetales|Fake Tears|p1b: Venusaur
|-unboost|p1b: Venusaur|spd|2
|move|p2a: Pyroar|Heat Wave|p1b: Venusaur|[spread] p1b
|-activate|p1a: Archaludon|move: Protect
|-supereffective|p1b: Venusaur|1
|-damage|p1b: Venusaur|0 fnt
|faint|p1b: Venusaur
|
|-weather|SunnyDay|[upkeep]
|-heal|p1a: Archaludon|41/100|[from] item: Leftovers
|upkeep
|
|t:|1785420329
|switch|p1b: Aerodactyl|Aerodactyl, L50, M|100/100
|-ability|p1b: Aerodactyl|Unnerve
|turn|4
|
|t:|1785420352
|switch|p2b: Basculegion|Basculegion, L50, M|76/100
|detailschange|p1b: Aerodactyl|Aerodactyl-Mega, L50, M
|-mega|p1b: Aerodactyl|Aerodactyl|Aerodactylite
|move|p1b: Aerodactyl|Tailwind|p1b: Aerodactyl
|-sidestart|p1: yizhongchang|move: Tailwind
|move|p1a: Archaludon|Dragon Pulse|p2a: Pyroar
|-damage|p2a: Pyroar|0 fnt
|faint|p2a: Pyroar
|
|-weather|SunnyDay|[upkeep]
|-heal|p1a: Archaludon|47/100|[from] item: Leftovers
|upkeep
|
|t:|1785420365
|switch|p2a: Ninetales|Ninetales, L50, M|100/100
|turn|5
|
|t:|1785420379
|switch|p1b: Politoed|Politoed, L50, F|100/100
|-weather|RainDance|[from] ability: Drizzle|[of] p1b: Politoed
|move|p1a: Archaludon|Electro Shot||[still]
|-prepare|p1a: Archaludon|Electro Shot
|-boost|p1a: Archaludon|spa|1
|-anim|p1a: Archaludon|Electro Shot|p2b: Basculegion
|-supereffective|p2b: Basculegion|1
|-damage|p2b: Basculegion|0 fnt
|faint|p2b: Basculegion
|move|p2a: Ninetales|Heat Wave|p1a: Archaludon|[spread] p1a,p1b
|-resisted|p1b: Politoed|1
|-damage|p1a: Archaludon|32/100
|-damage|p1b: Politoed|93/100
|-ability|p1a: Archaludon|Stamina|boost
|-boost|p1a: Archaludon|def|1
|
|-weather|RainDance|[upkeep]
|-heal|p1a: Archaludon|39/100|[from] item: Leftovers
|upkeep
|turn|6
|
|t:|1785420397
|move|p1a: Archaludon|Electro Shot||[still]
|-prepare|p1a: Archaludon|Electro Shot
|-boost|p1a: Archaludon|spa|1
|-anim|p1a: Archaludon|Electro Shot|p2a: Ninetales
|-damage|p2a: Ninetales|5/100
|move|p2a: Ninetales|Heat Wave|p1b: Politoed|[spread] p1a,p1b
|-resisted|p1b: Politoed|1
|-damage|p1a: Archaludon|23/100
|-damage|p1b: Politoed|87/100
|-status|p1b: Politoed|brn
|-ability|p1a: Archaludon|Stamina|boost
|-boost|p1a: Archaludon|def|1
|move|p1b: Politoed|Weather Ball|p2a: Ninetales
|-supereffective|p2a: Ninetales|1
|-damage|p2a: Ninetales|0 fnt
|faint|p2a: Ninetales
|
|win|yizhongchang
||Eggy’sDad is ready for game 2.
|inactive|yizhongchang has 30 seconds to confirm battle start!
||yizhongchang is ready for game 2.
|uhtml|next|Next: Game 2 of 3
|l|☆Eggy’sDad
|player|p2|
