|j|☆Chochito Pelao
|j|☆yomdillivcg
|html|Chochito Pelaoyomdillivcg    
|uhtml|bestof|Game 2 of a best-of-3
|t:|1785337211
|gametype|doubles
|player|p1|Chochito Pelao|striker|1291
|player|p2|yomdillivcg|hiker-gen4|1185
|gen|9
|tier|[Gen 9 Champions] VGC 2026 Reg M-B (Bo3)
|rated|
|rule|Species Clause: Limit one of each Pokémon
|rule|Item Clause: Limit 1 of each item
|clearpoke
|poke|p1|Tyranitar, L50, F|
|poke|p1|Excadrill, L50, M|
|poke|p1|Milotic, L50, M|
|poke|p1|Sinistcha, L50|
|poke|p1|Staraptor, L50, F|
|poke|p1|Gholdengo, L50|
|poke|p2|Ninetales-Alola, L50, F|
|poke|p2|Whimsicott, L50, F|
|poke|p2|Raichu, L50, M|
|poke|p2|Gholdengo, L50|
|poke|p2|Lucario, L50, M|
|poke|p2|Incineroar, L50, M|
|teampreview|4
|showteam|p1|Tyranitar||Tyranitarite|SandStream|KnockOff,RockSlide,HighHorsepower,Protect|Jolly||F|||50|]Excadrill||FocusSash|SandRush|Earthquake,IronHead,RockSlide,Protect|Adamant||M|||50|]Milotic||SitrusBerry|Competitive|Scald,IcyWind,IceBeam,Protect|Calm||M|||50|]Sinistcha||ColburBerry|Hospitality|MatchaGotcha,ShadowBall,Protect,RagePowder|Bold|||||50|]Staraptor||Staraptite|Intimidate|CloseCombat,BraveBird,Tailwind,Protect|Jolly||F|||50|]Gholdengo||LifeOrb|GoodasGold|MakeItRain,ShadowBall,NastyPlot,Protect|Modest|||||50|
|showteam|p2|Ninetales-Alola||NeverMeltIce|SnowWarning|Blizzard,FreezeDry,AuroraVeil,Protect|Timid||F|||50|]Whimsicott||FocusSash|Prankster|Moonblast,Tailwind,Encore,Protect|Timid||F|||50|]Raichu||RaichuniteY|LightningRod|FakeOut,FocusBlast,ZapCannon,VoltSwitch|Timid||M|||50|]Gholdengo||MetalCoat|GoodasGold|MakeItRain,ShadowBall,NastyPlot,Protect|Modest|||||50|]Lucario||LifeOrb|InnerFocus|AuraSphere,FlashCannon,Psychic,Protect|Modest||M|||50|]Incineroar||SitrusBerry|Intimidate|FakeOut,PartingShot,FlareBlitz,DarkestLariat|Adamant||M|||50|
|inactive|Battle timer is ON: inactive players will automatically lose when time's up. (requested by Chochito Pelao)
|inactive|Chochito Pelao has 60 seconds left.
|inactive|yomdillivcg has 60 seconds left.
|
|t:|1785337290
|teamsize|p1|4
|teamsize|p2|4
|start
|switch|p1a: Tyranitar|Tyranitar, L50, F|100/100
|switch|p1b: Excadrill|Excadrill, L50, M|100/100
|switch|p2a: Raichu|Raichu, L50, M|100/100
|switch|p2b: Incineroar|Incineroar, L50, M|100/100
|-weather|Sandstorm|[from] ability: Sand Stream|[of] p1a: Tyranitar
|-ability|p2b: Incineroar|Intimidate|boost
|-unboost|p1a: Tyranitar|atk|1
|-unboost|p1b: Excadrill|atk|1
|turn|1
|inactive|Chochito Pelao has 30 seconds left.
|inactive|Chochito Pelao has 20 seconds left.
|
|t:|1785337328
|switch|p2b: Whimsicott|Whimsicott, L50, F|100/100
|detailschange|p2a: Raichu|Raichu-Mega-Y, L50, M
|-mega|p2a: Raichu|Raichu|Raichunite Y
|detailschange|p1a: Tyranitar|Tyranitar-Mega, L50, F
|-mega|p1a: Tyranitar|Tyranitar|Tyranitarite
|move|p1b: Excadrill|Rock Slide|p2a: Raichu|[spread] p2a,p2b
|-damage|p2a: Raichu|73/100
|-damage|p2b: Whimsicott|77/100
|move|p2a: Raichu|Focus Blast|p1a: Tyranitar
|-supereffective|p1a: Tyranitar|2
|-damage|p1a: Tyranitar|4/100
|move|p1a: Tyranitar|High Horsepower|p2a: Raichu
|-supereffective|p2a: Raichu|1
|-damage|p2a: Raichu|0 fnt
|faint|p2a: Raichu
|
|-weather|Sandstorm|[upkeep]
|-damage|p2b: Whimsicott|71/100|[from] Sandstorm
|upkeep
|
|t:|1785337349
|switch|p2a: Incineroar|Incineroar, L50, M|100/100
|-ability|p2a: Incineroar|Intimidate|boost
|-unboost|p1a: Tyranitar|atk|1
|-unboost|p1b: Excadrill|atk|1
|turn|2
|
|t:|1785337373
|switch|p1b: Sinistcha|Sinistcha, L50|100/100
|-heal|p1a: Tyranitar|29/100|[from] ability: Hospitality|[of] p1b: Sinistcha
|move|p1a: Tyranitar|Protect|p1a: Tyranitar
|-singleturn|p1a: Tyranitar|Protect
|move|p2a: Incineroar|Fake Out|p1b: Sinistcha
|-immune|p1b: Sinistcha
|move|p2b: Whimsicott|Moonblast|p1a: Tyranitar
|-activate|p1a: Tyranitar|move: Protect
|
|-weather|Sandstorm|[upkeep]
|-damage|p2b: Whimsicott|65/100|[from] Sandstorm
|-damage|p1b: Sinistcha|94/100|[from] Sandstorm
|-damage|p2a: Incineroar|94/100|[from] Sandstorm
|upkeep
|turn|3
|
|t:|1785337397
|switch|p1a: Excadrill|Excadrill, L50, M|100/100
|move|p2b: Whimsicott|Moonblast|p1a: Excadrill
|-resisted|p1a: Excadrill|1
|-damage|p1a: Excadrill|77/100
|move|p1b: Sinistcha|Matcha Gotcha|p2a: Incineroar|[spread] p2a,p2b
|-resisted|p2a: Incineroar|1
|-resisted|p2b: Whimsicott|1
|-damage|p2a: Incineroar|83/100
|-heal|p1b: Sinistcha|100/100|[from] drain|[of] p2a: Incineroar
|-damage|p2b: Whimsicott|47/100
|-status|p2b: Whimsicott|brn
|move|p2a: Incineroar|Flare Blitz|p1b: Sinistcha
|-supereffective|p1b: Sinistcha|1
|-damage|p1b: Sinistcha|4/100
|-damage|p2a: Incineroar|56/100|[from] Recoil
|
|-weather|Sandstorm|[upkeep]
|-damage|p2b: Whimsicott|41/100 brn|[from] Sandstorm
|-damage|p1b: Sinistcha|0 fnt|[from] Sandstorm
|-damage|p2a: Incineroar|50/100g|[from] Sandstorm
|faint|p1b: Sinistcha
|-damage|p2b: Whimsicott|35/100 brn|[from] brn
|upkeep
|
|t:|1785337403
|switch|p1b: Milotic|Milotic, L50, M|100/100
|turn|4
|inactive|yomdillivcg has 30 seconds left.
|inactive|yomdillivcg has 20 seconds left.
|
|t:|1785337442
|move|p2b: Whimsicott|Tailwind|p2b: Whimsicott
|-sidestart|p2: yomdillivcg|move: Tailwind
|move|p1a: Excadrill|Earthquake|p2a: Incineroar|[spread] p1b,p2a,p2b
|-supereffective|p2a: Incineroar|1
|-resisted|p2b: Whimsicott|1
|-damage|p1b: Milotic|56/100
|-damage|p2a: Incineroar|0 fnt
|-damage|p2b: Whimsicott|4/100 brn
|faint|p2a: Incineroar
|move|p1b: Milotic|Icy Wind|p2b: Whimsicott
|-supereffective|p2b: Whimsicott|1
|-damage|p2b: Whimsicott|0 fnt
|faint|p2b: Whimsicott
|
|-weather|Sandstorm|[upkeep]
|-damage|p1b: Milotic|51/100|[from] Sandstorm
|upkeep
|
|t:|1785337455
|switch|p2b: Gholdengo|Gholdengo, L50|100/100
|turn|5
|
|t:|1785337479
|move|p2b: Gholdengo|Protect|p2b: Gholdengo
|-singleturn|p2b: Gholdengo|Protect
|move|p1a: Excadrill|Earthquake|p2b: Gholdengo|[spread] p1b
|-activate|p2b: Gholdengo|move: Protect
|-damage|p1b: Milotic|8/100
|-enditem|p1b: Milotic|Sitrus Berry|[eat]
|-heal|p1b: Milotic|33/100|[from] item: Sitrus Berry
|move|p1b: Milotic|Icy Wind|p2b: Gholdengo
|-activate|p2b: Gholdengo|move: Protect
|
|-weather|none
|upkeep
|turn|6
|
|t:|1785337498
|switch|p1b: Tyranitar|Tyranitar-Mega, L50, F|29/100
|-weather|Sandstorm|[from] ability: Sand Stream|[of] p1b: Tyranitar
|move|p1a: Excadrill|Earthquake|p2b: Gholdengo|[spread] p1b,p2b
|-supereffective|p1b: Tyranitar|1
|-supereffective|p2b: Gholdengo|1
|-damage|p1b: Tyranitar|0 fnt
|-damage|p2b: Gholdengo|12/100
|faint|p1b: Tyranitar
|move|p2b: Gholdengo|Nasty Plot|p2b: Gholdengo
|-boost|p2b: Gholdengo|spa|2
|
|-weather|Sandstorm|[upkeep]
|upkeep
|
|t:|1785337504
|switch|p1b: Milotic|Milotic, L50, M|33/100
|turn|7
|
|t:|1785337519
|move|p1b: Milotic|Protect|p1b: Milotic
|-singleturn|p1b: Milotic|Protect
|move|p1a: Excadrill|Earthquake|p2b: Gholdengo|[spread] p2b
|-activate|p1b: Milotic|move: Protect
|-supereffective|p2b: Gholdengo|1
|-damage|p2b: Gholdengo|0 fnt
|faint|p2b: Gholdengo
|
|win|Chochito Pelao
