|j|鈽咥lfaceb
|j|鈽咶reezyPop439
|html|AlfacebFreezyPop439    
|uhtml|bestof|Game 1 of a best-of-3
|t:|1782221512
|gametype|doubles
|player|p1|Alfaceb|pokefan|1073
|player|p2|FreezyPop439|collector|1115
|gen|9
|tier|[Gen 9 Champions] VGC 2026 Reg M-B (Bo3)
|rated|
|rule|Species Clause: Limit one of each Pok茅mon
|rule|Item Clause: Limit 1 of each item
|clearpoke
|poke|p1|Charizard, L50, F|
|poke|p1|Aerodactyl, L50, F|
|poke|p1|Venusaur, L50, F|
|poke|p1|Clefable, L50, F|
|poke|p1|Ninetales, L50, F|
|poke|p1|Raichu, L50, M, shiny|
|poke|p2|Garchomp, L50, M|
|poke|p2|Staraptor, L50, F|
|poke|p2|Grimmsnarl, L50, M|
|poke|p2|Gholdengo, L50|
|poke|p2|Maushold-Four, L50|
|poke|p2|Volcarona, L50, M|
|teampreview|4
|showteam|p1|Charizard||CharizarditeY|Blaze|HeatWave,SolarBeam,WeatherBall,Protect|Modest||F|||50|]Aerodactyl||FocusSash|Unnerve|DualWingbeat,RockSlide,Protect,Tailwind|Jolly||F|||50|]Venusaur||Leftovers|Chlorophyll|SleepPowder,SludgeBomb,GigaDrain,Protect|Modest||F|||50|]Clefable||FairyFeather|Unaware|CalmMind,Moonblast,LifeDew,HelpingHand|Modest||F|||50|]Ninetales||ChoiceScarf|Drought|FakeTears,WillOWisp,WeatherBall,Snarl|Timid||F|||50|]Raichu||RaichuniteY|LightningRod|FakeOut,Protect,ZapCannon,FocusBlast|Timid||M|||50|
|showteam|p2|Garchomp||LifeOrb|RoughSkin|Earthquake,DragonClaw,RockSlide,Protect|Jolly||M|||50|]Staraptor||Staraptite|Intimidate|BraveBird,CloseCombat,Roost,Protect|Jolly||F|||50|]Grimmsnarl||LightClay|Prankster|SpiritBreak,LightScreen,Reflect,PartingShot|Careful||M|||50|]Gholdengo||MetalCoat|GoodasGold|MakeItRain,ShadowBall,NastyPlot,Protect|Modest|||||50|]Maushold-Four||FocusSash|FriendGuard|FollowMe,Charm,SuperFang,Protect|Jolly|||||50|]Volcarona||ChartiBerry|FlameBody|HeatWave,StruggleBug,RagePowder,Tailwind|Timid||M|||50|
|j| Mister ZUser
|l|鈽咥lfaceb
|player|p1|
|j|鈽咥lfaceb
|player|p1|Alfaceb|pokefan|
|l| Mister ZUser
|l|鈽咥lfaceb
|player|p1|
|j|鈽咥lfaceb
|player|p1|Alfaceb|pokefan|
|inactive|Battle timer is ON: inactive players will automatically lose when time's up. (requested by FreezyPop439)
|inactive|Alfaceb has 60 seconds left.
|
|t:|1782221628
|teamsize|p1|4
|teamsize|p2|4
|start
|switch|p1a: Aerodactyl|Aerodactyl, L50, F|100/100
|switch|p1b: Ninetales|Ninetales, L50, F|100/100
|switch|p2a: Staraptor|Staraptor, L50, F|100/100
|switch|p2b: Volcarona|Volcarona, L50, M|100/100
|-ability|p1a: Aerodactyl|Unnerve
|-weather|SunnyDay|[from] ability: Drought|[of] p1b: Ninetales
|-ability|p2a: Staraptor|Intimidate|boost
|-unboost|p1a: Aerodactyl|atk|1
|-unboost|p1b: Ninetales|atk|1
|turn|1
|inactive|FreezyPop439 has 30 seconds left.
|
|t:|1782221655
|detailschange|p2a: Staraptor|Staraptor-Mega, L50, F
|-mega|p2a: Staraptor|Staraptor|Staraptite
|move|p1b: Ninetales|Will-O-Wisp|p2a: Staraptor
|-status|p2a: Staraptor|brn
|move|p1a: Aerodactyl|Rock Slide|p2a: Staraptor|[spread] p2a,p2b
|-supereffective|p2b: Volcarona|2
|-damage|p2a: Staraptor|84/100 brn
|-damage|p2b: Volcarona|24/100
|cant|p2a: Staraptor|flinch
|move|p2b: Volcarona|Tailwind|p2b: Volcarona
|-sidestart|p2: FreezyPop439|move: Tailwind
|
|-weather|SunnyDay|[upkeep]
|-damage|p2a: Staraptor|78/100 brn|[from] brn
|upkeep
|turn|2
|l|鈽咥lfaceb
|inactive|Alfaceb disconnected and has a minute to reconnect!
|player|p1|
|inactive|Alfaceb has 30 seconds left.
|inactive|FreezyPop439 has 30 seconds left.
|j|鈽咥lfaceb
|inactive|Alfaceb reconnected and has 25 seconds left.
|player|p1|Alfaceb|pokefan|
|inactive|Alfaceb has 20 seconds left.
|inactive|Alfaceb has 15 seconds left.
|
|t:|1782221698
|move|p1a: Aerodactyl|Protect|p1a: Aerodactyl
|-singleturn|p1a: Aerodactyl|Protect
|move|p2a: Staraptor|Close Combat|p1a: Aerodactyl
|-activate|p1a: Aerodactyl|move: Protect
|move|p2b: Volcarona|Heat Wave|p1a: Aerodactyl|[spread] p1b
|-activate|p1a: Aerodactyl|move: Protect
|-resisted|p1b: Ninetales|1
|-damage|p1b: Ninetales|73/100
|move|p1b: Ninetales|Will-O-Wisp|p2b: Volcarona
|-immune|p2b: Volcarona
|
|-weather|SunnyDay|[upkeep]
|-damage|p2a: Staraptor|72/100 brn|[from] brn
|upkeep
|turn|3
|
|t:|1782221719
|switch|p1a: Clefable|Clefable, L50, F|100/100
|move|p2a: Staraptor|Close Combat|p1a: Clefable
|-resisted|p1a: Clefable|1
|-damage|p1a: Clefable|86/100
|-boost|p2a: Staraptor|def|1
|-boost|p2a: Staraptor|spd|1
|move|p2b: Volcarona|Heat Wave|p1a: Clefable|[spread] p1a
|-miss|p2b: Volcarona|p1b: Ninetales
|-damage|p1a: Clefable|43/100
|move|p1b: Ninetales|Will-O-Wisp|p2b: Volcarona
|-immune|p2b: Volcarona
|
|-weather|SunnyDay|[upkeep]
|-damage|p2a: Staraptor|66/100 brn|[from] brn
|upkeep
|turn|4
|inactive|Alfaceb has 30 seconds left.
|
|t:|1782221746
|switch|p1b: Aerodactyl|Aerodactyl, L50, F|100/100
|-ability|p1b: Aerodactyl|Unnerve
|move|p2a: Staraptor|Close Combat|p1a: Clefable
|-resisted|p1a: Clefable|1
|-damage|p1a: Clefable|29/100
|-boost|p2a: Staraptor|def|1
|-boost|p2a: Staraptor|spd|1
|move|p2b: Volcarona|Heat Wave|p1a: Clefable|[spread] p1a,p1b
|-resisted|p1b: Aerodactyl|1
|-damage|p1a: Clefable|0 fnt
|-damage|p1b: Aerodactyl|66/100
|-status|p1b: Aerodactyl|brn
|faint|p1a: Clefable
|
|-weather|SunnyDay|[upkeep]
|-damage|p2a: Staraptor|60/100 brn|[from] brn
|-damage|p1b: Aerodactyl|61/100 brn|[from] brn
|-sideend|p2: FreezyPop439|move: Tailwind
|upkeep
|
|t:|1782221765
|switch|p1a: Raichu|Raichu, L50, M, shiny|100/100
|turn|5
|
|t:|1782221788
|detailschange|p1a: Raichu|Raichu-Mega-Y, L50, M, shiny
|-mega|p1a: Raichu|Raichu|Raichunite Y
|move|p2a: Staraptor|Protect|p2a: Staraptor
|-singleturn|p2a: Staraptor|Protect
|move|p1a: Raichu|Zap Cannon|p2a: Staraptor
|-activate|p2a: Staraptor|move: Protect
|move|p1b: Aerodactyl|Dual Wingbeat|p2b: Volcarona
|-supereffective|p2b: Volcarona|1
|-damage|p2b: Volcarona|0 fnt
|faint|p2b: Volcarona
|-hitcount|p2: Volcarona|1
|
|-weather|none
|-damage|p1b: Aerodactyl|55/100 brn|[from] brn
|-damage|p2a: Staraptor|54/100 brn|[from] brn
|upkeep
|l|鈽咥lfaceb
|inactive|Alfaceb disconnected and has a minute to reconnect!
|player|p1|
|j|鈽咥lfaceb
|inactive|Alfaceb reconnected.
|player|p1|Alfaceb|pokefan|
|
|t:|1782221811
|switch|p2b: Garchomp|Garchomp, L50, M|100/100
|turn|6
|l|鈽咥lfaceb
|inactive|Alfaceb disconnected and has a minute to reconnect!
|player|p1|
|j|鈽咥lfaceb
|inactive|Alfaceb reconnected and has 35 seconds left.
|player|p1|Alfaceb|pokefan|
|inactive|Alfaceb has 30 seconds left.
|
|t:|1782221842
|move|p1a: Raichu|Protect|p1a: Raichu
|-singleturn|p1a: Raichu|Protect
|move|p1b: Aerodactyl|Dual Wingbeat|p2a: Staraptor
|-supereffective|p2a: Staraptor|1
|-damage|p2a: Staraptor|46/100 brn
|-supereffective|p2a: Staraptor|1
|-damage|p2a: Staraptor|37/100 brn
|-hitcount|p2a: Staraptor|2
|move|p2a: Staraptor|Close Combat|p1b: Aerodactyl
|-damage|p1b: Aerodactyl|14/100 brn
|-boost|p2a: Staraptor|def|1
|-boost|p2a: Staraptor|spd|1
|move|p2b: Garchomp|Earthquake|p1b: Aerodactyl|[spread] 
|-activate|p1a: Raichu|move: Protect
|-immune|p2a: Staraptor
|-immune|p1b: Aerodactyl
|
|-damage|p1b: Aerodactyl|8/100 brn|[from] brn
|-damage|p2a: Staraptor|31/100 brn|[from] brn
|upkeep
|turn|7
|inactive|Alfaceb has 30 seconds left.
|inactive|FreezyPop439 has 30 seconds left.
|
|t:|1782221871
|move|p1a: Raichu|Focus Blast|p2b: Garchomp
|-damage|p2b: Garchomp|51/100
|move|p1b: Aerodactyl|Rock Slide|p2a: Staraptor|[spread] p2a,p2b
|-resisted|p2b: Garchomp|1
|-damage|p2a: Staraptor|27/100 brn
|-damage|p2b: Garchomp|45/100
|cant|p2a: Staraptor|flinch
|move|p2b: Garchomp|Rock Slide|p1a: Raichu|[spread] p1a,p1b
|-supereffective|p1b: Aerodactyl|1
|-damage|p1a: Raichu|51/100
|-damage|p1b: Aerodactyl|0 fnt
|faint|p1b: Aerodactyl
|-damage|p2b: Garchomp|35/100|[from] item: Life Orb
|
|-damage|p2a: Staraptor|21/100 brn|[from] brn
|upkeep
|
|t:|1782221888
|switch|p1b: Ninetales|Ninetales, L50, F|73/100
|-weather|SunnyDay|[from] ability: Drought|[of] p1b: Ninetales
|turn|8
|l|鈽咥lfaceb
|inactive|Alfaceb disconnected and has a minute to reconnect!
|player|p1|
|j|鈽咥lfaceb
|inactive|Alfaceb reconnected and has 35 seconds left.
|player|p1|Alfaceb|pokefan|
|inactive|Alfaceb has 30 seconds left.
|inactive|FreezyPop439 has 30 seconds left.
|
|t:|1782221921
|move|p2b: Garchomp|Protect|p2b: Garchomp
|-singleturn|p2b: Garchomp|Protect
|move|p1b: Ninetales|Weather Ball|p2a: Staraptor
|-damage|p2a: Staraptor|1/100 brn
|move|p1a: Raichu|Focus Blast|p2b: Garchomp
|-activate|p2b: Garchomp|move: Protect
|move|p2a: Staraptor|Close Combat|p1a: Raichu
|-damage|p1a: Raichu|0 fnt
|-boost|p2a: Staraptor|def|1
|-boost|p2a: Staraptor|spd|1
|faint|p1a: Raichu
|
|-weather|SunnyDay|[upkeep]
|-damage|p2a: Staraptor|0 fnt|[from] brn
|faint|p2a: Staraptor
|upkeep
|
|t:|1782221929
|switch|p2a: Maushold|Maushold-Four, L50|100/100
|turn|9
|
|t:|1782221945
|move|p2a: Maushold|Follow Me|p2a: Maushold
|-singleturn|p2a: Maushold|move: Follow Me
|move|p1b: Ninetales|Weather Ball|p2a: Maushold
|-damage|p2a: Maushold|38/100
|move|p2b: Garchomp|Earthquake|p1b: Ninetales|[spread] p2a,p1b
|-supereffective|p1b: Ninetales|1
|-damage|p2a: Maushold|0 fnt
|-damage|p1b: Ninetales|0 fnt
|faint|p2a: Maushold
|faint|p1b: Ninetales
|-damage|p2b: Garchomp|25/100|[from] item: Life Orb
|
|win|FreezyPop439
|inactive|Alfaceb has 30 seconds to confirm battle start!
|inactive|FreezyPop439 has 30 seconds to confirm battle start!
||Alfaceb is ready for game 2.
