|j|☆AlphaBravoCola
|j|☆Zekken2002
|html|AlphaBravoColaZekken2002    
|uhtml|bestof|Game 2 of a best-of-3
|t:|1784879720
|gametype|doubles
|player|p1|AlphaBravoCola|266|1031
|player|p2|Zekken2002|dawn|1012
|gen|9
|tier|[Gen 9 Champions] VGC 2026 Reg M-B (Bo3)
|rated|
|rule|Species Clause: Limit one of each Pokémon
|rule|Item Clause: Limit 1 of each item
|clearpoke
|poke|p1|Delphox, L50, M, shiny|
|poke|p1|Sneasler, L50, F, shiny|
|poke|p1|Greninja, L50, F|
|poke|p1|Aurorus, L50, M|
|poke|p1|Clefable, L50, M|
|poke|p1|Aerodactyl, L50, F, shiny|
|poke|p2|Umbreon, L50, M|
|poke|p2|Toxapex, L50, M|
|poke|p2|Corviknight, L50, M|
|poke|p2|Garganacl, L50, M|
|poke|p2|Sinistcha-Masterpiece, L50|
|poke|p2|Grimmsnarl, L50, M|
|teampreview|4
|showteam|p1|Delphox||Delphoxite|Blaze|CalmMind,Protect,HeatWave,Psychic|Modest||M|||50|]Sneasler||WhiteHerb|Unburden|DireClaw,CloseCombat,FakeOut,Protect|Adamant||F|||50|]Greninja||Greninjite|Protean|Blizzard,DarkPulse,Surf,Protect|Timid||F|||50|]Aurorus||ChopleBerry|SnowWarning|AuroraVeil,ThunderWave,Protect,AncientPower|Calm||M|||50|]Clefable||MentalHerb|MagicGuard|Protect,HelpingHand,FollowMe,SunnyDay|Calm||M|||50|]Aerodactyl||FocusSash|Unnerve|Tailwind,DualWingbeat,RockSlide,Earthquake|Jolly||F|||50|
|showteam|p2|Umbreon||Leftovers|Synchronize|Toxic,Moonlight,Snarl,Protect|Calm||M|||50|]Toxapex||BrightPowder|Regenerator|BanefulBunker,Toxic,Infestation,Recover|Bold||M|||50|]Corviknight||FocusSash|MirrorArmor|IronDefense,IronHead,BodyPress,Roost|Careful||M|||50|]Garganacl||RindoBerry|Sturdy|SaltCure,Protect,Recover,RockSlide|Impish||M|||50|]Sinistcha-Masterpiece||KasibBerry|Hospitality|StrengthSap,MatchaGotcha,RagePowder,Protect|Bold|||||50|]Grimmsnarl||LightClay|Prankster|Reflect,LightScreen,PartingShot,SpiritBreak|Careful||M|||50|
|inactive|Battle timer is ON: inactive players will automatically lose when time's up. (requested by Zekken2002)
|
|t:|1784879745
|teamsize|p1|4
|teamsize|p2|4
|start
|switch|p1a: Greninja|Greninja, L50, F|100/100
|switch|p1b: Aurorus|Aurorus, L50, M|100/100
|switch|p2a: Grimmsnarl|Grimmsnarl, L50, M|100/100
|switch|p2b: Umbreon|Umbreon, L50, M|100/100
|-weather|Snowscape|[from] ability: Snow Warning|[of] p1b: Aurorus
|turn|1
|
|t:|1784879766
|detailschange|p1a: Greninja|Greninja-Mega, L50, F
|-mega|p1a: Greninja|Greninja|Greninjite
|move|p2a: Grimmsnarl|Light Screen|p2a: Grimmsnarl
|-sidestart|p2: Zekken2002|move: Light Screen
|move|p1a: Greninja|Blizzard|p2b: Umbreon|[spread] p2a,p2b
|-start|p1a: Greninja|typechange|Ice|[from] ability: Protean
|-damage|p2a: Grimmsnarl|79/100
|-damage|p2b: Umbreon|84/100
|move|p2b: Umbreon|Toxic|p1a: Greninja
|-status|p1a: Greninja|tox
|move|p1b: Aurorus|Aurora Veil|p1b: Aurorus
|-sidestart|p1: AlphaBravoCola|move: Aurora Veil
|
|-weather|Snowscape|[upkeep]
|-heal|p2b: Umbreon|90/100|[from] item: Leftovers
|-damage|p1a: Greninja|93/100 tox|[from] psn
|upkeep
|turn|2
|inactive|AlphaBravoCola has 30 seconds left.
|
|t:|1784879801
|switch|p1b: Sneasler|Sneasler, L50, F, shiny|100/100
|move|p1a: Greninja|Blizzard|p2b: Umbreon|[spread] p2a,p2b
|-damage|p2a: Grimmsnarl|57/100
|-damage|p2b: Umbreon|76/100
|move|p2b: Umbreon|Toxic|p1b: Sneasler
|-immune|p1b: Sneasler
|move|p2a: Grimmsnarl|Spirit Break|p1a: Greninja
|-damage|p1a: Greninja|73/100 tox
|-unboost|p1a: Greninja|spa|1
|
|-weather|Snowscape|[upkeep]
|-heal|p2b: Umbreon|82/100|[from] item: Leftovers
|-damage|p1a: Greninja|61/100 tox|[from] psn
|upkeep
|turn|3
|
|t:|1784879826
|switch|p1a: Aerodactyl|Aerodactyl, L50, F, shiny|100/100
|-ability|p1a: Aerodactyl|Unnerve
|switch|p2b: Toxapex|Toxapex, L50, M|100/100
|move|p2a: Grimmsnarl|Reflect|p2a: Grimmsnarl
|-sidestart|p2: Zekken2002|Reflect
|move|p1b: Sneasler|Close Combat|p2b: Toxapex|[miss]
|-miss|p1b: Sneasler|p2b: Toxapex
|
|-weather|Snowscape|[upkeep]
|upkeep
|turn|4
|
|t:|1784879843
|move|p1b: Sneasler|Protect|p1b: Sneasler
|-singleturn|p1b: Sneasler|Protect
|move|p2a: Grimmsnarl|Parting Shot|p1a: Aerodactyl
|-unboost|p1a: Aerodactyl|atk|1
|-unboost|p1a: Aerodactyl|spa|1
|
|t:|1784879849
|switch|p2a: Garganacl|Garganacl, L50, M|100/100|[from] Parting Shot
|move|p1a: Aerodactyl|Earthquake|p2a: Garganacl|[spread] p2a,p2b
|-activate|p1b: Sneasler|move: Protect
|-supereffective|p2a: Garganacl|1
|-supereffective|p2b: Toxapex|1
|-damage|p2a: Garganacl|90/100
|-damage|p2b: Toxapex|89/100
|move|p2b: Toxapex|Toxic|p1a: Aerodactyl
|-status|p1a: Aerodactyl|tox
|
|-weather|Snowscape|[upkeep]
|-damage|p1a: Aerodactyl|94/100 tox|[from] psn
|upkeep
|turn|5
|
|t:|1784879869
|move|p2a: Garganacl|Protect|p2a: Garganacl
|-singleturn|p2a: Garganacl|Protect
|move|p1a: Aerodactyl|Tailwind|p1a: Aerodactyl
|-sidestart|p1: AlphaBravoCola|move: Tailwind
|move|p1b: Sneasler|Close Combat|p2a: Garganacl
|-activate|p2a: Garganacl|move: Protect
|move|p2b: Toxapex|Infestation|p1b: Sneasler
|-resisted|p1b: Sneasler|2
|-damage|p1b: Sneasler|99/100
|-activate|p1b: Sneasler|move: Infestation|[of] p2b: Toxapex
|
|-weather|none
|-damage|p1a: Aerodactyl|82/100 tox|[from] psn
|-damage|p1b: Sneasler|87/100|[from] move: Infestation|[partiallytrapped]
|-sideend|p1: AlphaBravoCola|move: Aurora Veil
|upkeep
|turn|6
|
|t:|1784879888
|switch|p1a: Aurorus|Aurorus, L50, M|100/100
|-weather|Snowscape|[from] ability: Snow Warning|[of] p1a: Aurorus
|switch|p2a: Grimmsnarl|Grimmsnarl, L50, M|57/100
|move|p1b: Sneasler|Close Combat|p2a: Grimmsnarl
|-damage|p2a: Grimmsnarl|1/100
|-unboost|p1b: Sneasler|def|1
|-unboost|p1b: Sneasler|spd|1
|-enditem|p1b: Sneasler|White Herb
|-clearnegativeboost|p1b: Sneasler|[silent]
|move|p2b: Toxapex|Infestation|p1a: Aurorus
|-damage|p1a: Aurorus|97/100
|-activate|p1a: Aurorus|move: Infestation|[of] p2b: Toxapex
|
|-weather|Snowscape|[upkeep]
|-damage|p1b: Sneasler|75/100|[from] move: Infestation|[partiallytrapped]
|-damage|p1a: Aurorus|85/100|[from] move: Infestation|[partiallytrapped]
|upkeep
|turn|7
|inactive|AlphaBravoCola has 30 seconds left.
|
|t:|1784879919
|move|p2a: Grimmsnarl|Parting Shot|p1b: Sneasler
|-unboost|p1b: Sneasler|atk|1
|-unboost|p1b: Sneasler|spa|1
|
|t:|1784879922
|switch|p2a: Umbreon|Umbreon, L50, M|82/100|[from] Parting Shot
|move|p1b: Sneasler|Dire Claw|p2a: Umbreon
|-damage|p2a: Umbreon|63/100
|move|p1a: Aurorus|Thunder Wave|p2b: Toxapex|[miss]
|-miss|p1a: Aurorus|p2b: Toxapex
|move|p2b: Toxapex|Toxic|p1a: Aurorus
|-status|p1a: Aurorus|tox
|
|-weather|Snowscape|[upkeep]
|-heal|p2a: Umbreon|69/100|[from] item: Leftovers
|-damage|p1a: Aurorus|79/100 tox|[from] psn
|-damage|p1b: Sneasler|63/100|[from] move: Infestation|[partiallytrapped]
|-damage|p1a: Aurorus|67/100 tox|[from] move: Infestation|[partiallytrapped]
|upkeep
|turn|8
|
|t:|1784879946
|move|p2a: Umbreon|Protect|p2a: Umbreon
|-singleturn|p2a: Umbreon|Protect
|move|p2b: Toxapex|Baneful Bunker|p2b: Toxapex
|-singleturn|p2b: Toxapex|move: Protect
|move|p1b: Sneasler|Close Combat|p2a: Umbreon
|-activate|p2a: Umbreon|move: Protect
|move|p1a: Aurorus|Thunder Wave|p2b: Toxapex
|-activate|p2b: Toxapex|move: Protect
|
|-weather|Snowscape|[upkeep]
|-heal|p2a: Umbreon|75/100|[from] item: Leftovers
|-damage|p1a: Aurorus|55/100 tox|[from] psn
|-damage|p1b: Sneasler|50/100g|[from] move: Infestation|[partiallytrapped]
|-damage|p1a: Aurorus|43/100 tox|[from] move: Infestation|[partiallytrapped]
|-sideend|p2: Zekken2002|move: Light Screen
|-sideend|p1: AlphaBravoCola|move: Tailwind
|upkeep
|turn|9
|
|t:|1784879967
|move|p1b: Sneasler|Close Combat|p2a: Umbreon
|-supereffective|p2a: Umbreon|1
|-damage|p2a: Umbreon|25/100
|-unboost|p1b: Sneasler|def|1
|-unboost|p1b: Sneasler|spd|1
|move|p2a: Umbreon|Moonlight|p2a: Umbreon
|-heal|p2a: Umbreon|50/100g
|move|p1a: Aurorus|Aurora Veil|p1a: Aurorus
|-sidestart|p1: AlphaBravoCola|move: Aurora Veil
|move|p2b: Toxapex|Recover|p2b: Toxapex
|-heal|p2b: Toxapex|100/100
|
|-weather|Snowscape|[upkeep]
|-heal|p2a: Umbreon|56/100|[from] item: Leftovers
|-damage|p1a: Aurorus|24/100 tox|[from] psn
|-end|p1b: Sneasler|Infestation|[partiallytrapped]
|-damage|p1a: Aurorus|12/100 tox|[from] move: Infestation|[partiallytrapped]
|upkeep
|turn|10
|inactive|AlphaBravoCola has 30 seconds left.
|
|t:|1784879996
|move|p2a: Umbreon|Protect|p2a: Umbreon
|-singleturn|p2a: Umbreon|Protect
|move|p1b: Sneasler|Dire Claw|p2b: Toxapex
|-resisted|p2b: Toxapex|1
|-damage|p2b: Toxapex|94/100
|move|p1a: Aurorus|Thunder Wave|p2b: Toxapex
|-status|p2b: Toxapex|par
|move|p2b: Toxapex|Infestation|p1b: Sneasler
|-resisted|p1b: Sneasler|2
|-damage|p1b: Sneasler|50/100g
|-activate|p1b: Sneasler|move: Infestation|[of] p2b: Toxapex
|
|-weather|none
|-heal|p2a: Umbreon|62/100|[from] item: Leftovers
|-damage|p1a: Aurorus|0 fnt|[from] psn
|faint|p1a: Aurorus
|-damage|p1b: Sneasler|38/100|[from] move: Infestation|[partiallytrapped]
|-sideend|p2: Zekken2002|Reflect
|upkeep
|
|t:|1784880015
|switch|p1a: Greninja|Greninja-Mega, L50, F|61/100 tox
|turn|11
|
|t:|1784880034
|move|p1b: Sneasler|Close Combat|p2a: Umbreon
|-supereffective|p2a: Umbreon|1
|-damage|p2a: Umbreon|0 fnt
|-unboost|p1b: Sneasler|def|1
|-unboost|p1b: Sneasler|spd|1
|faint|p2a: Umbreon
|move|p1a: Greninja|Dark Pulse|p2b: Toxapex
|-start|p1a: Greninja|typechange|Dark|[from] ability: Protean
|-damage|p2b: Toxapex|59/100 par
|move|p2b: Toxapex|Infestation|p1a: Greninja
|-supereffective|p1a: Greninja|1
|-damage|p1a: Greninja|55/100 tox
|-activate|p1a: Greninja|move: Infestation|[of] p2b: Toxapex
|
|-damage|p1a: Greninja|49/100 tox|[from] psn
|-damage|p1b: Sneasler|26/100|[from] move: Infestation|[partiallytrapped]
|-damage|p1a: Greninja|37/100 tox|[from] move: Infestation|[partiallytrapped]
|upkeep
|
|t:|1784880041
|switch|p2a: Grimmsnarl|Grimmsnarl, L50, M|1/100
|turn|12
|-message|AlphaBravoCola forfeited.
|
|win|Zekken2002
|raw|AlphaBravoCola's rating: 1031 → 1016(-15 for losing)
|raw|Zekken2002's rating: 1012 → 1052(+40 for winning)
|l|☆AlphaBravoCola
|player|p1|
