|j|☆master 792
|j|☆Mauricio0609!
|html|master 792Mauricio0609!    
|uhtml|bestof|Game 2 of a best-of-3
|t:|1784570859
|gametype|doubles
|player|p1|master 792|red|1214
|player|p2|Mauricio0609!|102|1091
|gen|9
|tier|[Gen 9 Champions] VGC 2026 Reg M-B (Bo3)
|rated|
|rule|Species Clause: Limit one of each Pokémon
|rule|Item Clause: Limit 1 of each item
|clearpoke
|poke|p1|Blastoise, L50, F|
|poke|p1|Delphox, L50, M|
|poke|p1|Incineroar, L50, F|
|poke|p1|Sneasler, L50, F|
|poke|p1|Sinistcha, L50, shiny|
|poke|p1|Maushold-Four, L50|
|poke|p2|Farigiraf, L50, M|
|poke|p2|Tyranitar, L50, M|
|poke|p2|Excadrill, L50, F|
|poke|p2|Raichu, L50, F|
|poke|p2|Milotic, L50, F|
|poke|p2|Ceruledge, L50, M|
|teampreview|4
|showteam|p1|Blastoise||Blastoisinite|RainDish|WaterSpout,DarkPulse,ShellSmash,Protect|Modest||F|||50|]Delphox||Delphoxite|Blaze|HeatWave,Psychic,NastyPlot,Protect|Timid||M|||50|]Incineroar||SitrusBerry|Intimidate|FakeOut,PartingShot,FlareBlitz,ThroatChop|Impish||F|||50|]Sneasler||FocusSash|PoisonTouch|FakeOut,DireClaw,CloseCombat,QuickGuard|Jolly||F|||50|]Sinistcha||OccaBerry|Hospitality|MatchaGotcha,LifeDew,RagePowder,Protect|Bold|||||50|]Maushold-Four||ChopleBerry|FriendGuard|FollowMe,SuperFang,Protect,Taunt|Impish|||||50|
|showteam|p2|Farigiraf||SitrusBerry|ArmorTail|Psychic,Roar,TrickRoom,HelpingHand|Modest||M|||50|]Tyranitar||Tyranitarite|SandStream|StoneEdge,Protect,KnockOff,LowKick|Adamant||M|||50|]Excadrill||FocusSash|SandRush|RockSlide,IronHead,Protect,HighHorsepower|Jolly||F|||50|]Raichu||RaichuniteY|LightningRod|GrassKnot,ZapCannon,FocusBlast,Protect|Timid||F|||50|]Milotic||Leftovers|Competitive|IcyWind,Protect,Haze,Scald|Bold||F|||50|]Ceruledge||ColburBerry|FlashFire|BitterBlade,BulkUp,ShadowSneak,Protect|Adamant||M|||50|
|
|t:|1784570883
|teamsize|p1|4
|teamsize|p2|4
|start
|switch|p1a: Iaisy|Blastoise, L50, F|100/100
|switch|p1b: Disney|Maushold-Four, L50|100/100
|switch|p2a: Ceruledge|Ceruledge, L50, M|100/100
|switch|p2b: Farigiraf|Farigiraf, L50, M|100/100
|turn|1
|
|t:|1784570898
|detailschange|p1a: Iaisy|Blastoise-Mega, L50, F
|-mega|p1a: Iaisy|Blastoise|Blastoisinite
|move|p2a: Ceruledge|Shadow Sneak|p1a: Iaisy
|-damage|p1a: Iaisy|81/100
|move|p1b: Disney|Taunt|p2b: Farigiraf
|-start|p2b: Farigiraf|move: Taunt
|move|p1a: Iaisy|Shell Smash|p1a: Iaisy
|-unboost|p1a: Iaisy|def|1
|-unboost|p1a: Iaisy|spd|1
|-boost|p1a: Iaisy|atk|2
|-boost|p1a: Iaisy|spa|2
|-boost|p1a: Iaisy|spe|2
|move|p2b: Farigiraf|Psychic|p1a: Iaisy
|-damage|p1a: Iaisy|36/100
|
|upkeep
|turn|2
|
|t:|1784570916
|move|p1b: Disney|Follow Me|p1b: Disney
|-singleturn|p1b: Disney|move: Follow Me
|move|p2a: Ceruledge|Shadow Sneak|p1b: Disney
|-immune|p1b: Disney
|move|p1a: Iaisy|Water Spout|p2b: Farigiraf|[spread] p2a,p2b
|-supereffective|p2a: Ceruledge|1
|-damage|p2a: Ceruledge|0 fnt
|-damage|p2b: Farigiraf|58/100
|faint|p2a: Ceruledge
|move|p2b: Farigiraf|Psychic|p1b: Disney
|-damage|p1b: Disney|51/100
|
|upkeep
|
|t:|1784570928
|switch|p2a: Tyranitar|Tyranitar, L50, M|100/100
|-weather|Sandstorm|[from] ability: Sand Stream|[of] p2a: Tyranitar
|turn|3
|
|t:|1784570939
|detailschange|p2a: Tyranitar|Tyranitar-Mega, L50, M
|-mega|p2a: Tyranitar|Tyranitar|Tyranitarite
|move|p1b: Disney|Follow Me|p1b: Disney
|-singleturn|p1b: Disney|move: Follow Me
|move|p1a: Iaisy|Water Spout|p2a: Tyranitar|[spread] p2a,p2b
|-supereffective|p2a: Tyranitar|1
|-damage|p2a: Tyranitar|47/100
|-damage|p2b: Farigiraf|16/100
|-enditem|p2b: Farigiraf|Sitrus Berry|[eat]
|-heal|p2b: Farigiraf|40/100|[from] item: Sitrus Berry
|move|p2a: Tyranitar|Knock Off|p1b: Disney
|-damage|p1b: Disney|0 fnt
|-enditem|p1b: Disney|Chople Berry|[from] move: Knock Off|[of] p2a: Tyranitar
|faint|p1b: Disney
|move|p2b: Farigiraf|Psychic|p1a: Iaisy
|-damage|p1a: Iaisy|0 fnt
|faint|p1a: Iaisy
|
|-weather|Sandstorm|[upkeep]
|-damage|p2b: Farigiraf|34/100|[from] Sandstorm
|-end|p2b: Farigiraf|move: Taunt
|upkeep
|
|t:|1784570946
|switch|p1b: Leo|Incineroar, L50, F|100/100
|switch|p1a: Te Chai|Sinistcha, L50, shiny|100/100
|-ability|p1b: Leo|Intimidate|boost
|-unboost|p2a: Tyranitar|atk|1
|-unboost|p2b: Farigiraf|atk|1
|turn|4
|
|t:|1784570973
|move|p2a: Tyranitar|Protect|p2a: Tyranitar
|-singleturn|p2a: Tyranitar|Protect
|move|p1b: Leo|Throat Chop|p2b: Farigiraf
|-supereffective|p2b: Farigiraf|1
|-damage|p2b: Farigiraf|0 fnt
|faint|p2b: Farigiraf
|move|p1a: Te Chai|Matcha Gotcha|p2a: Tyranitar
|-activate|p2a: Tyranitar|move: Protect
|
|-weather|Sandstorm|[upkeep]
|-damage|p1b: Leo|94/100|[from] Sandstorm
|-damage|p1a: Te Chai|93/100|[from] Sandstorm
|upkeep
|
|t:|1784570984
|switch|p2b: Excadrill|Excadrill, L50, F|100/100
|turn|5
|
|t:|1784570994
|move|p2b: Excadrill|Rock Slide|p1a: Te Chai|[spread] p1a
|-miss|p2b: Excadrill|p1b: Leo
|-damage|p1a: Te Chai|77/100
|move|p2a: Tyranitar|Stone Edge|p1b: Leo
|-supereffective|p1b: Leo|1
|-damage|p1b: Leo|13/100
|-enditem|p1b: Leo|Sitrus Berry|[eat]
|-heal|p1b: Leo|38/100|[from] item: Sitrus Berry
|move|p1b: Leo|Flare Blitz|p2b: Excadrill
|-supereffective|p2b: Excadrill|1
|-enditem|p2b: Excadrill|Focus Sash
|-damage|p2b: Excadrill|1/100
|-damage|p1b: Leo|8/100|[from] Recoil
|move|p1a: Te Chai|Matcha Gotcha|p2a: Tyranitar|[spread] p2a,p2b
|-supereffective|p2a: Tyranitar|1
|-damage|p2a: Tyranitar|19/100
|-heal|p1a: Te Chai|92/100|[from] drain|[of] p2a: Tyranitar
|-damage|p2b: Excadrill|0 fnt
|-heal|p1a: Te Chai|93/100|[from] drain|[of] p2b: Excadrill
|faint|p2b: Excadrill
|
|-weather|Sandstorm|[upkeep]
|-damage|p1b: Leo|2/100|[from] Sandstorm
|-damage|p1a: Te Chai|87/100|[from] Sandstorm
|upkeep
|turn|6
|
|t:|1784571014
|move|p2a: Tyranitar|Protect|p2a: Tyranitar
|-singleturn|p2a: Tyranitar|Protect
|move|p1b: Leo|Flare Blitz|p2a: Tyranitar
|-activate|p2a: Tyranitar|move: Protect
|move|p1a: Te Chai|Matcha Gotcha|p2a: Tyranitar
|-activate|p2a: Tyranitar|move: Protect
|
|-weather|Sandstorm|[upkeep]
|-damage|p1b: Leo|0 fnt|[from] Sandstorm
|-damage|p1a: Te Chai|80/100|[from] Sandstorm
|faint|p1b: Leo
|upkeep
|turn|7
|inactive|Battle timer is ON: inactive players will automatically lose when time's up. (requested by master 792)
|
|t:|1784571028
|move|p2a: Tyranitar|Knock Off|p1a: Te Chai
|-supereffective|p1a: Te Chai|1
|-damage|p1a: Te Chai|16/100
|-enditem|p1a: Te Chai|Occa Berry|[from] move: Knock Off|[of] p2a: Tyranitar
|move|p1a: Te Chai|Matcha Gotcha|p2a: Tyranitar
|-supereffective|p2a: Tyranitar|1
|-damage|p2a: Tyranitar|0 fnt
|-heal|p1a: Te Chai|28/100|[from] drain|[of] p2a: Tyranitar
|faint|p2a: Tyranitar
|
|win|master 792
|raw|master 792's rating: 1214 → 1231(+17 for winning)
|raw|Mauricio0609!'s rating: 1091 → 1075(-16 for losing)
|l|☆Mauricio0609!
|player|p2|
