|j|☆ZaxbysSauce
|j|☆heatvw
|html|ZaxbysSauceheatvw    
|uhtml|bestof|Game 2 of a best-of-3
|t:|1756522890
|gametype|doubles
|player|p1|ZaxbysSauce|burgh|1109
|player|p2|heatvw|170|1018
|gen|9
|tier|[Gen 9] VGC 2025 Reg H (Bo3)
|rated|
|rule|Species Clause: Limit one of each Pokémon
|rule|Item Clause: Limit 1 of each item
|clearpoke
|poke|p1|Pelipper, L50, F|
|poke|p1|Basculegion, L50, M|
|poke|p1|Archaludon, L50, F|
|poke|p1|Dragonite, L50, M|
|poke|p1|Farigiraf, L50, M|
|poke|p1|Magmortar, L50, M|
|poke|p2|Flamigo, L50, F|
|poke|p2|Ninetales-Alola, L50, M|
|poke|p2|Garchomp, L50, M|
|poke|p2|Incineroar, L50, F|
|poke|p2|Amoonguss, L50, M|
|poke|p2|Kingambit, L50, F|
|teampreview|4
|showteam|p1|Pelipper||FocusSash|Drizzle|Hurricane,WeatherBall,Tailwind,Protect|||F|||50|,,,,,Ghost]Basculegion||MysticWater|SwiftSwim|Protect,WaveCrash,AquaJet,LastRespects|||M|||50|,,,,,Water]Archaludon||AssaultVest|Stamina|ElectroShot,DragonPulse,FlashCannon,BodyPress|||F|||50|,,,,,Grass]Dragonite||ChoiceBand|InnerFocus|ExtremeSpeed,DragonClaw,AquaJet,AirSlash|||M|||50|,,,,,Normal]Farigiraf||SitrusBerry|ArmorTail|FoulPlay,TrickRoom,HelpingHand,PsychicNoise|||M|||50|,,,,,Fairy]Magmortar||Charcoal|VitalSpirit|Flamethrower,ScorchingSands,FollowMe,Protect|||M|||50|,,,,,Ground
|showteam|p2|Flamigo||ChoiceBand|Scrappy|Uturn,CloseCombat,BraveBird,Facade|||F|||50|,,,,,Stellar]Ninetales-Alola||FocusSash|SnowWarning|Protect,Encore,IcyWind,Blizzard|||M|||50|,,,,,Ghost]Garchomp||LifeOrb|RoughSkin|DragonClaw,StompingTantrum,Earthquake,Protect|||M|||50|,,,,,Ground]Incineroar||SafetyGoggles|Intimidate|FakeOut,FlareBlitz,KnockOff,PartingShot|||F|||50|,,,,,Ghost]Amoonguss||SitrusBerry|Regenerator|Spore,RagePowder,PollenPuff,Protect|||M|||50|,,,,,Water]Kingambit||AssaultVest|Defiant|KowtowCleave,IronHead,LowKick,SuckerPunch|||F|||50|,,,,,Fire
|inactive|Battle timer is ON: inactive players will automatically lose when time's up. (requested by heatvw)
|
|t:|1756522920
|teamsize|p1|4
|teamsize|p2|4
|start
|switch|p1a: Basculegion|Basculegion, L50, M|100/100
|switch|p1b: Magmortar|Magmortar, L50, M|100/100
|switch|p2a: Flamigo|Flamigo, L50, F, shiny|100/100
|switch|p2b: Ninetales|Ninetales-Alola, L50, M|100/100
|-weather|Snowscape|[from] ability: Snow Warning|[of] p2b: Ninetales
|turn|1
|inactive|heatvw has 30 seconds left.
|
|t:|1756522947
|switch|p1b: Pelipper|Pelipper, L50, F|100/100
|-weather|RainDance|[from] ability: Drizzle|[of] p1b: Pelipper
|move|p1a: Basculegion|Wave Crash|p2a: Flamigo
|-damage|p2a: Flamigo|0 fnt
|faint|p2a: Flamigo
|-damage|p1a: Basculegion|74/100|[from] Recoil
|move|p2b: Ninetales|Icy Wind|p1a: Basculegion|[spread] p1a,p1b
|-resisted|p1a: Basculegion
|-damage|p1a: Basculegion|64/100
|-damage|p1b: Pelipper|74/100
|-unboost|p1a: Basculegion|spe|1
|-unboost|p1b: Pelipper|spe|1
|
|-weather|RainDance|[upkeep]
|upkeep
|
|t:|1756522953
|switch|p2a: Kingambit|Kingambit, L50, F|100/100
|turn|2
|
|t:|1756522972
|switch|p1b: Farigiraf|Farigiraf, L50, M|100/100
|-terastallize|p1a: Basculegion|Water
|move|p2b: Ninetales|Blizzard|p1a: Basculegion|[spread] p1a,p1b
|-resisted|p1a: Basculegion
|-damage|p1a: Basculegion|45/100
|-damage|p1b: Farigiraf|68/100
|move|p1a: Basculegion|Wave Crash|p2a: Kingambit
|-damage|p2a: Kingambit|0 fnt
|faint|p2a: Kingambit
|-damage|p1a: Basculegion|12/100|[from] Recoil
|
|-weather|RainDance|[upkeep]
|upkeep
|
|t:|1756522984
|switch|p2a: Garchomp|Garchomp, L50, M, shiny|100/100
|turn|3
|inactive|ZaxbysSauce has 30 seconds left.
|
|t:|1756523011
|switch|p1a: Pelipper|Pelipper, L50, F|74/100
|move|p2a: Garchomp|Protect|p2a: Garchomp
|-singleturn|p2a: Garchomp|Protect
|move|p2b: Ninetales|Blizzard|p1a: Pelipper|[spread] p1a,p1b
|-damage|p1a: Pelipper|23/100
|-damage|p1b: Farigiraf|38/100
|-enditem|p1b: Farigiraf|Sitrus Berry|[eat]
|-heal|p1b: Farigiraf|63/100|[from] item: Sitrus Berry
|move|p1b: Farigiraf|Psychic Noise|p2b: Ninetales
|-damage|p2b: Ninetales|64/100
|-start|p2b: Ninetales|move: Heal Block
|
|-weather|RainDance|[upkeep]
|upkeep
|turn|4
|inactive|ZaxbysSauce has 30 seconds left.
|inactive|heatvw has 30 seconds left.
|inactive|ZaxbysSauce has 20 seconds left.
|inactive|heatvw has 20 seconds left.
|inactive|ZaxbysSauce has 15 seconds left.
|
|t:|1756523051
|switch|p1b: Magmortar|Magmortar, L50, M|100/100
|-terastallize|p2a: Garchomp|Ground
|move|p1a: Pelipper|Protect|p1a: Pelipper
|-singleturn|p1a: Pelipper|Protect
|move|p2b: Ninetales|Icy Wind|p1a: Pelipper|[spread] p1b
|-activate|p1a: Pelipper|move: Protect
|-resisted|p1b: Magmortar
|-damage|p1b: Magmortar|91/100
|-unboost|p1b: Magmortar|spe|1
|move|p2a: Garchomp|Stomping Tantrum|p1b: Magmortar
|-supereffective|p1b: Magmortar
|-damage|p1b: Magmortar|0 fnt
|faint|p1b: Magmortar
|-damage|p2a: Garchomp|91/100|[from] item: Life Orb
|
|-weather|RainDance|[upkeep]
|-end|p2b: Ninetales|move: Heal Block
|upkeep
|
|t:|1756523072
|switch|p1b: Basculegion|Basculegion, L50, M, tera:Water|12/100
|turn|5
|
|t:|1756523084
|switch|p1a: Farigiraf|Farigiraf, L50, M|63/100
|move|p2b: Ninetales|Protect|p2b: Ninetales
|-singleturn|p2b: Ninetales|Protect
|move|p1b: Basculegion|Wave Crash|p2b: Ninetales
|-activate|p2b: Ninetales|move: Protect
|move|p2a: Garchomp|Earthquake|p1b: Basculegion|[spread] p1a,p1b
|-activate|p2b: Ninetales|move: Protect
|-crit|p1b: Basculegion
|-damage|p1a: Farigiraf|11/100
|-damage|p1b: Basculegion|0 fnt
|faint|p1b: Basculegion
|-damage|p2a: Garchomp|81/100|[from] item: Life Orb
|
|-weather|none
|upkeep
|
|t:|1756523101
|switch|p1b: Pelipper|Pelipper, L50, F|23/100
|-weather|RainDance|[from] ability: Drizzle|[of] p1b: Pelipper
|turn|6
|
|t:|1756523118
|move|p2b: Ninetales|Icy Wind|p1a: Farigiraf|[spread] p1a,p1b
|-damage|p1a: Farigiraf|0 fnt
|-damage|p1b: Pelipper|0 fnt
|faint|p1a: Farigiraf
|faint|p1b: Pelipper
|
|win|heatvw
||ZaxbysSauce is ready for game 3.
||heatvw is ready for game 3.
|uhtml|next|Next: Game 3 of 3
|l|☆ZaxbysSauce
|player|p1|
