|j|☆winda claudia
|j|☆platanoso
|html|winda claudiaplatanoso    
|uhtml|bestof|Game 1 of a best-of-3
|t:|1785882028
|gametype|doubles
|player|p1|winda claudia|169|1248
|player|p2|platanoso|madame-gen4|1242
|gen|9
|tier|[Gen 9 Champions] VGC 2026 Reg M-B (Bo3)
|rated|
|rule|Species Clause: Limit one of each Pokémon
|rule|Item Clause: Limit 1 of each item
|clearpoke
|poke|p1|Staraptor, L50, M|
|poke|p1|Tyranitar, L50, M|
|poke|p1|Excadrill, L50, F|
|poke|p1|Milotic, L50, M|
|poke|p1|Gholdengo, L50|
|poke|p1|Sinistcha, L50|
|poke|p2|Floette-Eternal, L50, F|
|poke|p2|Sneasler, L50, M|
|poke|p2|Incineroar, L50, M|
|poke|p2|Sinistcha, L50|
|poke|p2|Delphox, L50, F|
|poke|p2|Garchomp, L50, M|
|teampreview|4
|showteam|p1|Staraptor||Staraptite|Intimidate|BraveBird,CloseCombat,Tailwind,Protect|Jolly||M|||50|]Tyranitar||Tyranitarite|SandStream|RockSlide,KnockOff,LowKick,Protect|Jolly||M|||50|]Excadrill||FocusSash|SandRush|HighHorsepower,IronHead,RockSlide,Protect|Adamant||F|||50|]Milotic||SitrusBerry|Competitive|Scald,IceBeam,IcyWind,Protect|Modest||M|||50|]Gholdengo||LifeOrb|GoodasGold|MakeItRain,ShadowBall,NastyPlot,Protect|Modest|||||50|]Sinistcha||ColburBerry|Hospitality|MatchaGotcha,RagePowder,TrickRoom,Protect|Calm|||||50|
|showteam|p2|Floette-Eternal||Floettite|FlowerVeil|DazzlingGleam,DrainingKiss,CalmMind,Protect|Modest||F|||50|]Sneasler||FocusSash|PoisonTouch|CloseCombat,PoisonJab,FakeOut,Protect|Jolly||M|||50|]Incineroar||SitrusBerry|Intimidate|FlareBlitz,DarkestLariat,PartingShot,FakeOut|Impish||M|||50|]Sinistcha||OccaBerry|Hospitality|MatchaGotcha,RagePowder,TrickRoom,Protect|Bold|||||50|]Delphox||Delphoxite|Blaze|Psychic,HeatWave,NastyPlot,Protect|Timid||F|||50|]Garchomp||ChoiceScarf|RoughSkin|DragonClaw,StompingTantrum,Earthquake,RockSlide|Adamant||M|||50|
|inactive|Battle timer is ON: inactive players will automatically lose when time's up. (requested by winda claudia)
|inactive|winda claudia has 60 seconds left.
|inactive|platanoso has 60 seconds left.
|inactive|platanoso has 30 seconds left.
|inactive|platanoso has 20 seconds left.
|inactive|platanoso has 15 seconds left.
|inactive|platanoso has 10 seconds left.
|
|t:|1785882110
|teamsize|p1|4
|teamsize|p2|4
|start
|switch|p1a: Gholdengo|Gholdengo, L50|100/100
|switch|p1b: Milotic|Milotic, L50, M|100/100
|switch|p2a: Incineroar|Incineroar, L50, M|100/100
|switch|p2b: Delphox|Delphox, L50, F|100/100
|-ability|p2a: Incineroar|Intimidate|boost
|-unboost|p1a: Gholdengo|atk|1
|-unboost|p1b: Milotic|atk|1
|-ability|p1b: Milotic|Competitive|boost
|-boost|p1b: Milotic|spa|2
|turn|1
|
|t:|1785882132
|detailschange|p2b: Delphox|Delphox-Mega, L50, F
|-mega|p2b: Delphox|Delphox|Delphoxite
|move|p2b: Delphox|Nasty Plot|p2b: Delphox
|-boost|p2b: Delphox|spa|2
|move|p1a: Gholdengo|Shadow Ball|p2b: Delphox
|-supereffective|p2b: Delphox|1
|-damage|p2b: Delphox|18/100
|-damage|p1a: Gholdengo|90/100|[from] item: Life Orb
|move|p1b: Milotic|Scald|p2b: Delphox
|-supereffective|p2b: Delphox|1
|-damage|p2b: Delphox|0 fnt
|faint|p2b: Delphox
|move|p2a: Incineroar|Darkest Lariat|p1b: Milotic
|-damage|p1b: Milotic|71/100
|
|upkeep
|
|t:|1785882146
|switch|p2b: Sinistcha|Sinistcha, L50|100/100
|turn|2
|
|t:|1785882160
|move|p1a: Gholdengo|Protect|p1a: Gholdengo
|-singleturn|p1a: Gholdengo|Protect
|move|p2b: Sinistcha|Protect|p2b: Sinistcha
|-singleturn|p2b: Sinistcha|Protect
|move|p1b: Milotic|Ice Beam|p2b: Sinistcha
|-activate|p2b: Sinistcha|move: Protect
|move|p2a: Incineroar|Flare Blitz|p1a: Gholdengo
|-activate|p1a: Gholdengo|move: Protect
|
|upkeep
|turn|3
|
|t:|1785882174
|switch|p2b: Sneasler|Sneasler, L50, M|100/100
|move|p1a: Gholdengo|Shadow Ball|p2b: Sneasler
|-damage|p2b: Sneasler|30/100
|-damage|p1a: Gholdengo|80/100|[from] item: Life Orb
|move|p1b: Milotic|Ice Beam|p2b: Sneasler
|-damage|p2b: Sneasler|0 fnt
|faint|p2b: Sneasler
|move|p2a: Incineroar|Flare Blitz|p1a: Gholdengo
|-supereffective|p1a: Gholdengo|1
|-damage|p1a: Gholdengo|7/100
|-damage|p2a: Incineroar|77/100|[from] Recoil
|
|upkeep
|
|t:|1785882183
|switch|p2b: Sinistcha|Sinistcha, L50|100/100
|-heal|p2a: Incineroar|100/100|[from] ability: Hospitality|[of] p2b: Sinistcha
|turn|4
|
|t:|1785882192
|move|p1a: Gholdengo|Make It Rain|p2a: Incineroar|[spread] p2a,p2b
|-resisted|p2a: Incineroar|1
|-damage|p2a: Incineroar|72/100
|-damage|p2b: Sinistcha|45/100
|-unboost|p1a: Gholdengo|spa|2
|-damage|p1a: Gholdengo|0 fnt|[from] item: Life Orb
|faint|p1a: Gholdengo
|move|p1b: Milotic|Scald|p2a: Incineroar
|-supereffective|p2a: Incineroar|1
|-damage|p2a: Incineroar|0 fnt
|faint|p2a: Incineroar
|move|p2b: Sinistcha|Matcha Gotcha|p1b: Milotic
|-supereffective|p1b: Milotic|1
|-damage|p1b: Milotic|24/100
|-heal|p2b: Sinistcha|72/100|[from] drain|[of] p1b: Milotic
|-enditem|p1b: Milotic|Sitrus Berry|[eat]
|-heal|p1b: Milotic|49/100|[from] item: Sitrus Berry
|
|upkeep
|
|t:|1785882204
|switch|p1a: Tyranitar|Tyranitar, L50, M|100/100
|-weather|Sandstorm|[from] ability: Sand Stream|[of] p1a: Tyranitar
|turn|5
|
|t:|1785882208
|move|p1a: Tyranitar|Knock Off|p2b: Sinistcha
|-supereffective|p2b: Sinistcha|1
|-damage|p2b: Sinistcha|0 fnt
|-enditem|p2b: Sinistcha|Occa Berry|[from] move: Knock Off|[of] p1a: Tyranitar
|faint|p2b: Sinistcha
|
|win|winda claudia
