|j|☆Como Se Dice Ben
|j|☆SlaymonSays
|html|Como Se Dice BenSlaymonSays    
|uhtml|bestof|Game 3 of a best-of-3
|t:|1757728651
|gametype|doubles
|player|p1|Como Se Dice Ben|benga|1292
|player|p2|SlaymonSays|101|1341
|gen|9
|tier|[Gen 9] VGC 2025 Reg H (Bo3)
|rated|
|rule|Species Clause: Limit one of each Pokémon
|rule|Item Clause: Limit 1 of each item
|clearpoke
|poke|p1|Baxcalibur, L50, M|
|poke|p1|Weezing-Galar, L50, F|
|poke|p1|Corviknight, L50, M|
|poke|p1|Typhlosion-Hisui, L50, M|
|poke|p1|Toedscruel, L50, F|
|poke|p1|Annihilape, L50, F|
|poke|p2|Dragonite, L50, F|
|poke|p2|Ursaluna-Bloodmoon, L50, M|
|poke|p2|Ninetales-Alola, L50, F|
|poke|p2|Rillaboom, L50, F|
|poke|p2|Incineroar, L50, F|
|poke|p2|Gholdengo, L50|
|teampreview|4
|showteam|p1|Baxcalibur||LifeOrb|ThermalExchange|GlaiveRush,IcicleCrash,IceShard,Protect|||M|||50|,,,,,Water]Weezing-Galar||ChoiceSpecs|NeutralizingGas|DazzlingGleam,SludgeBomb,StrangeSteam,Flamethrower|||F|||50|,,,,,Fire]Corviknight||SitrusBerry|MirrorArmor|BraveBird,Tailwind,Roost,Protect|||M|||50|,,,,,Dragon]Typhlosion-Hisui||ChoiceScarf|Blaze|Eruption,HeatWave,SleepTalk,ShadowBall|||M|||50|,,,,,Fire]Toedscruel||CovertCloak|MyceliumMight|Spore,AcidSpray,EarthPower,BulletSeed|||F|||50|,,,,,Poison]Annihilape||SafetyGoggles|Defiant|RageFist,CloseCombat,Coaching,Protect|||F|||50|,,,,,Stellar
|showteam|p2|Dragonite||LoadedDice|InnerFocus|ScaleShot,Haze,Tailwind,Protect|||F|||50|,,,,,Grass]Ursaluna-Bloodmoon||LifeOrb|MindsEye|BloodMoon,HyperVoice,EarthPower,Protect|||M|||50|,,,,,Normal]Ninetales-Alola||CovertCloak|SnowWarning|Blizzard,IcyWind,AuroraVeil,Encore|||F|||50|,,,,,Fire]Rillaboom||AssaultVest|GrassySurge|FakeOut,GrassyGlide,WoodHammer,HighHorsepower|||F|||50|,,,,,Fire]Incineroar||SafetyGoggles|Intimidate|FakeOut,FlareBlitz,KnockOff,WillOWisp|||F|||50|,,,,,Ghost]Gholdengo||Leftovers|GoodasGold|MakeItRain,ShadowBall,NastyPlot,Protect||||||50|,,,,,Water
|inactive|Battle timer is ON: inactive players will automatically lose when time's up. (requested by SlaymonSays)
|
|t:|1757728733
|teamsize|p1|4
|teamsize|p2|4
|start
|switch|p1a: Benjamin|Weezing-Galar, L50, F, shiny|100/100
|switch|p1b: OHOHO|Toedscruel, L50, F, shiny|100/100
|switch|p2a: Dragonite|Dragonite, L50, F|100/100
|switch|p2b: Ninetales|Ninetales-Alola, L50, F|100/100
|-ability|p1a: Benjamin|Neutralizing Gas
|turn|1
|inactive|Como Se Dice Ben has 30 seconds left.
|inactive|Como Se Dice Ben has 20 seconds left.
|
|t:|1757728770
|-terastallize|p1b: OHOHO|Poison
|-terastallize|p2a: Dragonite|Grass
|move|p2b: Ninetales|Blizzard|p1a: Benjamin|[spread] p1a
|-miss|p2b: Ninetales|p1b: OHOHO
|-damage|p1a: Benjamin|56/100
|move|p1b: OHOHO|Spore|p2b: Ninetales
|-status|p2b: Ninetales|slp|[from] move: Spore
|move|p2a: Dragonite|Scale Shot|p1b: OHOHO
|-damage|p1b: OHOHO|80/100
|-damage|p1b: OHOHO|62/100
|-damage|p1b: OHOHO|42/100
|-damage|p1b: OHOHO|23/100
|-damage|p1b: OHOHO|4/100
|-hitcount|p1b: OHOHO|5
|-unboost|p2a: Dragonite|def|1
|-boost|p2a: Dragonite|spe|1
|move|p1a: Benjamin|Sludge Bomb|p2a: Dragonite
|-supereffective|p2a: Dragonite
|-crit|p2a: Dragonite
|-damage|p2a: Dragonite|0 fnt
|faint|p2a: Dragonite
|
|upkeep
|inactive|SlaymonSays has 30 seconds left.
|
|t:|1757728796
|switch|p2a: Incineroar|Incineroar, L50, F|100/100
|turn|2
|
|t:|1757728817
|-end|p1a: Benjamin|ability: Neutralizing Gas
|-weather|Snowscape|[from] ability: Snow Warning|[of] p2b: Ninetales
|-ability|p2a: Incineroar|Intimidate|boost
|-unboost|p1a: Benjamin|atk|1
|-unboost|p1b: OHOHO|atk|1
|switch|p1a: NoEnemies|Annihilape, L50, F|100/100
|move|p2a: Incineroar|Fake Out|p1b: OHOHO
|-damage|p1b: OHOHO|0 fnt
|faint|p1b: OHOHO
|cant|p2b: Ninetales|slp
|
|-weather|Snowscape|[upkeep]
|upkeep
|
|t:|1757728832
|switch|p1b: Benjamin|Weezing-Galar, L50, F, shiny|56/100
|-ability|p1b: Benjamin|Neutralizing Gas
|turn|3
|inactive|Como Se Dice Ben has 30 seconds left.
|
|t:|1757728867
|-end|p1b: Benjamin|ability: Neutralizing Gas
|-ability|p2a: Incineroar|Intimidate|boost
|-unboost|p1a: NoEnemies|atk|1
|-ability|p1a: NoEnemies|Defiant|boost
|-boost|p1a: NoEnemies|atk|2
|-unboost|p1b: Benjamin|atk|1
|switch|p1b: Martin|Corviknight, L50, M|100/100
|switch|p2a: Gholdengo|Gholdengo, L50|100/100
|cant|p2b: Ninetales|slp
|move|p1a: NoEnemies|Coaching|p1b: Martin
|-boost|p1b: Martin|atk|1
|-boost|p1b: Martin|def|1
|
|-weather|Snowscape|[upkeep]
|upkeep
|turn|4
|
|t:|1757728888
|move|p1a: NoEnemies|Protect|p1a: NoEnemies
|-singleturn|p1a: NoEnemies|Protect
|-curestatus|p2b: Ninetales|slp|[msg]
|move|p2b: Ninetales|Blizzard|p1a: NoEnemies|[spread] p1b
|-activate|p1a: NoEnemies|move: Protect
|-damage|p1b: Martin|71/100
|move|p2a: Gholdengo|Shadow Ball|p1a: NoEnemies
|-activate|p1a: NoEnemies|move: Protect
|move|p1b: Martin|Tailwind|p1b: Martin
|-sidestart|p1: Como Se Dice Ben|move: Tailwind
|
|-weather|Snowscape|[upkeep]
|upkeep
|turn|5
|inactive|Como Se Dice Ben has 30 seconds left.
|inactive|SlaymonSays has 30 seconds left.
|
|t:|1757728916
|move|p1a: NoEnemies|Rage Fist|p2a: Gholdengo
|-supereffective|p2a: Gholdengo
|-damage|p2a: Gholdengo|31/100
|move|p1b: Martin|Brave Bird|p2a: Gholdengo
|-resisted|p2a: Gholdengo
|-damage|p2a: Gholdengo|2/100
|-damage|p1b: Martin|62/100|[from] Recoil
|move|p2b: Ninetales|Blizzard|p1b: Martin|[spread] p1a,p1b
|-damage|p1a: NoEnemies|66/100
|-damage|p1b: Martin|33/100
|-enditem|p1b: Martin|Sitrus Berry|[eat]
|-heal|p1b: Martin|58/100|[from] item: Sitrus Berry
|move|p2a: Gholdengo|Shadow Ball|p1a: NoEnemies
|-supereffective|p1a: NoEnemies
|-damage|p1a: NoEnemies|0 fnt
|faint|p1a: NoEnemies
|
|-weather|Snowscape|[upkeep]
|-heal|p2a: Gholdengo|8/100|[from] item: Leftovers
|upkeep
|
|t:|1757728931
|switch|p1a: Benjamin|Weezing-Galar, L50, F, shiny|56/100
|-ability|p1a: Benjamin|Neutralizing Gas
|turn|6
|inactive|Como Se Dice Ben has 30 seconds left.
|inactive|Como Se Dice Ben has 20 seconds left.
|inactive|Como Se Dice Ben has 15 seconds left.
|
|t:|1757728976
|switch|p2b: Incineroar|Incineroar, L50, F|100/100
|move|p1b: Martin|Roost|p1b: Martin
|-heal|p1b: Martin|100/100
|-singleturn|p1b: Martin|move: Roost
|move|p1a: Benjamin|Dazzling Gleam|p2a: Gholdengo|[spread] p2a,p2b
|-resisted|p2a: Gholdengo
|-damage|p2a: Gholdengo|0 fnt
|-damage|p2b: Incineroar|72/100
|faint|p2a: Gholdengo
|
|-weather|none
|upkeep
|
|t:|1757728986
|switch|p2a: Ninetales|Ninetales-Alola, L50, F|100/100
|turn|7
|
|t:|1757728999
|move|p2b: Incineroar|Fake Out|p1a: Benjamin
|-damage|p1a: Benjamin|45/100
|move|p1b: Martin|Brave Bird|p2a: Ninetales
|-damage|p2a: Ninetales|0 fnt
|faint|p2a: Ninetales
|-damage|p1b: Martin|76/100|[from] Recoil
|cant|p1a: Benjamin|flinch
|
|-sideend|p1: Como Se Dice Ben|move: Tailwind
|upkeep
|turn|8
|
|t:|1757729014
|move|p1b: Martin|Tailwind|p1b: Martin
|-sidestart|p1: Como Se Dice Ben|move: Tailwind
|move|p1a: Benjamin|Dazzling Gleam|p2b: Incineroar
|-damage|p2b: Incineroar|35/100
|move|p2b: Incineroar|Flare Blitz|p1a: Benjamin
|-damage|p1a: Benjamin|0 fnt
|faint|p1a: Benjamin
|-end|p1a: Benjamin|ability: Neutralizing Gas
|-ability|p2b: Incineroar|Intimidate|boost
|-ability|p1b: Martin|Mirror Armor
|-unboost|p2b: Incineroar|atk|1
|-damage|p2b: Incineroar|24/100|[from] Recoil
|
|upkeep
|turn|9
|
|t:|1757729022
|move|p1b: Martin|Brave Bird|p2b: Incineroar
|-damage|p2b: Incineroar|0 fnt
|faint|p2b: Incineroar
|-damage|p1b: Martin|69/100|[from] Recoil
|
|win|Como Se Dice Ben
|raw|Como Se Dice Ben's rating: 1292 → 1321(+29 for winning)
|raw|SlaymonSays's rating: 1341 → 1318(-23 for losing)
|l|☆SlaymonSays
|player|p2|
