|j|☆Acecard367
|j|☆lolgz
|html|Acecard367lolgz    
|uhtml|bestof|Game 1 of a best-of-3
|t:|1784163984
|gametype|doubles
|player|p1|Acecard367|gambler|
|player|p2|lolgz|dawn|
|gen|9
|tier|[Gen 9 Champions] VGC 2026 Reg M-B (Bo3)
|rule|Species Clause: Limit one of each Pokémon
|rule|Item Clause: Limit 1 of each item
|clearpoke
|poke|p1|Volcarona, L50, M|
|poke|p1|Scrafty, L50, M|
|poke|p1|Starmie, L50|
|poke|p1|Garganacl, L50, F|
|poke|p1|Audino, L50, M|
|poke|p1|Metagross, L50|
|poke|p2|Oranguru, L50, F|
|poke|p2|Gallade, L50, M|
|poke|p2|Sylveon, L50, M|
|poke|p2|Scizor, L50, F|
|poke|p2|Drampa, L50, F|
|poke|p2|Incineroar, L50, M|
|teampreview|4
|showteam|p1|Volcarona||Leftovers|FlameBody|QuiverDance,Protect,HeatWave,BugBuzz|Modest||M|||50|]Scrafty||WhiteHerb|Intimidate|Coaching,CloseCombat,KnockOff,FakeOut|Adamant||M|||50|]Starmie||FocusSash|NaturalCure|Protect,Scald,DazzlingGleam,TrickRoom|Modest|||||50|]Garganacl||SitrusBerry|ClearBody|RockSlide,HeavySlam,WideGuard,Recover|Brave||F|||50|]Audino||Audinite|Regenerator|DazzlingGleam,Yawn,TrickRoom,Encore|Calm||M|||50|]Metagross||Metagrossite|ClearBody|ShadowClaw,BodyPress,Protect,BulletPunch|Impish|||||50|
|showteam|p2|Oranguru||MentalHerb|InnerFocus|TrickRoom,Psychic,Taunt,Instruct|Relaxed||F|||50|]Gallade||IronBall|Sharpness|SacredSword,ShadowClaw,TrickRoom,RockSlide|Brave||M|||50|]Sylveon||FairyFeather|CuteCharm|HyperVoice,HyperBeam,Yawn,Protect|Quiet||M|||50|]Scizor||Scizorite|Technician|BulletPunch,DualWingbeat,SwordsDance,Protect|Brave||F|||50|]Drampa||WhiteHerb|Berserk|DracoMeteor,HyperVoice,EarthPower,Protect|Quiet||F|||50|]Incineroar||LifeOrb|Intimidate|FakeOut,PartingShot,CloseCombat,LashOut|Brave||M|||50|
|inactive|Battle timer is ON: inactive players will automatically lose when time's up. (requested by lolgz)
|c|☆Acecard367|oh wait timer?
|c|☆Acecard367|I was going to put the link in the chat first
|inactive|Acecard367 has 60 seconds left.
|inactive|lolgz has 60 seconds left.
|inactive|Acecard367 has 30 seconds left.
|inactive|lolgz has 30 seconds left.
|inactive|Acecard367 has 20 seconds left.
|inactive|Acecard367 has 15 seconds left.
|inactiveoff|Battle timer is now OFF.
|c|☆lolgz|ill start timer when game starts like normal vgc
|c|☆Acecard367|thanks
|j| Paycech
|c|☆Acecard367|gl
|
|t:|1784164101
|teamsize|p1|4
|teamsize|p2|4
|start
|switch|p1a: Volcarona|Volcarona, L50, M|100/100
|switch|p1b: Starmie|Starmie, L50|100/100
|switch|p2a: Oranguru|Oranguru, L50, F|100/100
|switch|p2b: Gallade|Gallade, L50, M|100/100
|turn|1
|inactive|Battle timer is ON: inactive players will automatically lose when time's up. (requested by Acecard367)
|l| Paycech
|c|☆lolgz|lowkeey screwed up its spoesed to be cts
|c|☆lolgz|but its fine
|inactive|lolgz has 30 seconds left.
|
|t:|1784164140
|switch|p1a: Scrafty|Scrafty, L50, M|100/100
|-ability|p1a: Scrafty|Intimidate|boost
|-fail|p2a: Oranguru|unboost|Attack|[from] ability: Inner Focus|[of] p2a: Oranguru
|-unboost|p2b: Gallade|atk|1
|move|p1b: Starmie|Dazzling Gleam|p2a: Oranguru|[spread] p2a,p2b
|-supereffective|p2b: Gallade|1
|-damage|p2a: Oranguru|84/100
|-damage|p2b: Gallade|63/100
|move|p2b: Gallade|Rock Slide|p1a: Scrafty|[spread] p1b
|-miss|p2b: Gallade|p1a: Scrafty
|-damage|p1b: Starmie|80/100
|move|p2a: Oranguru|Trick Room|p2a: Oranguru
|-fieldstart|move: Trick Room|[of] p2a: Oranguru
|
|upkeep
|turn|2
|
|t:|1784164164
|move|p2b: Gallade|Shadow Claw|p1b: Starmie
|-supereffective|p1b: Starmie|1
|-damage|p1b: Starmie|13/100
|move|p2a: Oranguru|Instruct|p2b: Gallade
|-singleturn|p2b: Gallade|move: Instruct|[of] p2a: Oranguru
|move|p2b: Gallade|Shadow Claw|p1b: Starmie
|-supereffective|p1b: Starmie|1
|-damage|p1b: Starmie|0 fnt
|faint|p1b: Starmie
|move|p1a: Scrafty|Knock Off|p2a: Oranguru
|-supereffective|p2a: Oranguru|1
|-damage|p2a: Oranguru|23/100
|-enditem|p2a: Oranguru|Mental Herb|[from] move: Knock Off|[of] p1a: Scrafty
|
|upkeep
|
|t:|1784164181
|switch|p1b: Garganacl|Garganacl, L50, F|100/100
|turn|3
|
|t:|1784164201
|switch|p1b: Volcarona|Volcarona, L50, M|100/100
|move|p2b: Gallade|Sacred Sword|p1a: Scrafty
|-supereffective|p1a: Scrafty|1
|-damage|p1a: Scrafty|3/100
|move|p2a: Oranguru|Instruct|p2b: Gallade
|-singleturn|p2b: Gallade|move: Instruct|[of] p2a: Oranguru
|move|p2b: Gallade|Sacred Sword|p1a: Scrafty
|-supereffective|p1a: Scrafty|1
|-damage|p1a: Scrafty|0 fnt
|faint|p1a: Scrafty
|
|upkeep
|
|t:|1784164213
|switch|p1a: Garganacl|Garganacl, L50, F|100/100
|turn|4
|
|t:|1784164221
|move|p1a: Garganacl|Wide Guard|p1a: Garganacl
|-singleturn|p1a: Garganacl|Wide Guard
|move|p2b: Gallade|Sacred Sword|p1a: Garganacl
|-supereffective|p1a: Garganacl|1
|-damage|p1a: Garganacl|18/100
|-enditem|p1a: Garganacl|Sitrus Berry|[eat]
|-heal|p1a: Garganacl|43/100|[from] item: Sitrus Berry
|move|p2a: Oranguru|Taunt|p1a: Garganacl
|-start|p1a: Garganacl|move: Taunt
|move|p1b: Volcarona|Quiver Dance|p1b: Volcarona
|-boost|p1b: Volcarona|spa|1
|-boost|p1b: Volcarona|spd|1
|-boost|p1b: Volcarona|spe|1
|
|upkeep
|turn|5
|
|t:|1784164241
|switch|p2a: Incineroar|Incineroar, L50, M|100/100
|-ability|p2a: Incineroar|Intimidate|boost
|-fail|p1a: Garganacl|unboost|[from] ability: Clear Body|[of] p1a: Garganacl
|-unboost|p1b: Volcarona|atk|1
|move|p1b: Volcarona|Protect|p1b: Volcarona
|-singleturn|p1b: Volcarona|Protect
|move|p2b: Gallade|Sacred Sword|p1a: Garganacl
|-supereffective|p1a: Garganacl|1
|-damage|p1a: Garganacl|0 fnt
|faint|p1a: Garganacl
|
|-fieldend|move: Trick Room
|upkeep
|turn|6
|
|t:|1784164265
|move|p1b: Volcarona|Protect|p1b: Volcarona
|-singleturn|p1b: Volcarona|Protect
|move|p2a: Incineroar|Fake Out|p1b: Volcarona
|-activate|p1b: Volcarona|move: Protect
|move|p2b: Gallade|Trick Room|p2b: Gallade
|-fieldstart|move: Trick Room|[of] p2b: Gallade
|
|upkeep
|turn|7
|
|t:|1784164278
|move|p2b: Gallade|Rock Slide|p1b: Volcarona
|-supereffective|p1b: Volcarona|2
|-damage|p1b: Volcarona|23/100
|move|p2a: Incineroar|Lash Out|p1b: Volcarona
|-damage|p1b: Volcarona|0 fnt
|faint|p1b: Volcarona
|-damage|p2a: Incineroar|90/100|[from] item: Life Orb
|
|win|lolgz
||lolgz is ready for game 2.
|inactive|Acecard367 has 30 seconds to confirm battle start!
||Acecard367 is ready for game 2.
|uhtml|next|Next: Game 2 of 3
|l|☆lolgz
|player|p2|
|j|☆lolgz
|player|p2|lolgz|dawn|
|l|☆lolgz
|player|p2|
|j|☆lolgz
|player|p2|lolgz|dawn|
|l|☆lolgz
|player|p2|
|l|☆Acecard367
|player|p1|
|j|☆Acecard367
|player|p1|Acecard367|gambler|
