|j|☆1OO% Jesus
|j|☆hopiumoncrack
|html|1OO% Jesushopiumoncrack    
|uhtml|bestof|Game 2 of a best-of-3
|t:|1783450811
|gametype|doubles
|player|p1|1OO% Jesus|lillie-z|1129
|player|p2|hopiumoncrack|265|1086
|gen|9
|tier|[Gen 9 Champions] VGC 2026 Reg M-B (Bo3)
|rated|
|rule|Species Clause: Limit one of each Pokémon
|rule|Item Clause: Limit 1 of each item
|clearpoke
|poke|p1|Delphox, L50, F|
|poke|p1|Sneasler, L50, M|
|poke|p1|Incineroar, L50, M|
|poke|p1|Sinistcha, L50|
|poke|p1|Maushold-Four, L50|
|poke|p1|Blastoise, L50, F|
|poke|p2|Tyranitar, L50, M|
|poke|p2|Garchomp, L50, M|
|poke|p2|Sinistcha, L50|
|poke|p2|Gardevoir, L50, M|
|poke|p2|Maushold, L50|
|poke|p2|Corviknight, L50, M|
|teampreview|4
|showteam|p1|Delphox||Delphoxite|Blaze|HeatWave,Psyshock,NastyPlot,Protect|Timid||F|||50|]Sneasler||FocusSash|PoisonTouch|CloseCombat,PoisonJab,FakeOut,QuickGuard|Jolly||M|||50|]Incineroar||SitrusBerry|Intimidate|FlareBlitz,ThroatChop,FakeOut,PartingShot|Impish||M|||50|]Sinistcha||OccaBerry|Hospitality|MatchaGotcha,RagePowder,LifeDew,Protect|Bold|||||50|]Maushold-Four||ChopleBerry|FriendGuard|FollowMe,Feint,HelpingHand,Protect|Impish|||||50|]Blastoise||Blastoisinite|RainDish|WaterSpout,DarkPulse,ShellSmash,Protect|Modest||F|||50|
|showteam|p2|Tyranitar||Tyranitarite|SandStream|KnockOff,RockSlide,LowKick,Protect|Adamant||M|||50|]Garchomp||LifeOrb|RoughSkin|Earthquake,DragonClaw,RockSlide,Protect|Jolly||M|||50|]Sinistcha||SitrusBerry|Hospitality|MatchaGotcha,RagePowder,TrickRoom,Protect|Relaxed|||||50|]Gardevoir||Gardevoirite|Synchronize|HyperVoice,Psyshock,TrickRoom,Protect|Quiet||M|||50|]Maushold||FocusSash|FriendGuard|SuperFang,Taunt,FollowMe,Protect|Impish|||||50|]Corviknight||Leftovers|MirrorArmor|BraveBird,IronHead,BulkUp,Roost|Careful||M|||50|
|
|t:|1783450864
|teamsize|p1|4
|teamsize|p2|4
|start
|switch|p1a: Delphox|Delphox, L50, F|100/100
|switch|p1b: Incineroar|Incineroar, L50, M|100/100
|switch|p2a: Garchomp|Garchomp, L50, M|100/100
|switch|p2b: Sinistcha|Sinistcha, L50|100/100
|-ability|p1b: Incineroar|Intimidate|boost
|-unboost|p2a: Garchomp|atk|1
|-unboost|p2b: Sinistcha|atk|1
|turn|1
|
|t:|1783450907
|detailschange|p1a: Delphox|Delphox-Mega, L50, F
|-mega|p1a: Delphox|Delphox|Delphoxite
|move|p1b: Incineroar|Fake Out|p2a: Garchomp
|-damage|p2a: Garchomp|90/100
|-damage|p1b: Incineroar|87/100|[from] ability: Rough Skin|[of] p2a: Garchomp
|move|p1a: Delphox|Nasty Plot|p1a: Delphox
|-boost|p1a: Delphox|spa|2
|cant|p2a: Garchomp|flinch
|move|p2b: Sinistcha|Trick Room|p2b: Sinistcha
|-fieldstart|move: Trick Room|[of] p2b: Sinistcha
|
|upkeep
|turn|2
|
|t:|1783450936
|switch|p2b: Maushold|Maushold, L50|100/100
|move|p1b: Incineroar|Parting Shot|p2a: Garchomp
|-unboost|p2a: Garchomp|atk|1
|-unboost|p2a: Garchomp|spa|1
|
|t:|1783450950
|switch|p1b: Sinistcha|Sinistcha, L50|100/100|[from] Parting Shot
|move|p2a: Garchomp|Rock Slide|p1a: Delphox|[spread] p1a,p1b
|-supereffective|p1a: Delphox|1
|-damage|p1a: Delphox|67/100
|-damage|p1b: Sinistcha|91/100
|-damage|p2a: Garchomp|80/100|[from] item: Life Orb
|cant|p1a: Delphox|flinch
|
|upkeep
|turn|3
|
|t:|1783450969
|switch|p2a: Tyranitar|Tyranitar, L50, M|100/100
|-weather|Sandstorm|[from] ability: Sand Stream|[of] p2a: Tyranitar
|move|p1a: Delphox|Protect|p1a: Delphox
|-singleturn|p1a: Delphox|Protect
|move|p1b: Sinistcha|Life Dew|p1b: Sinistcha|[spread] p1a,p1b
|-heal|p1a: Delphox|92/100
|-heal|p1b: Sinistcha|100/100
|move|p2b: Maushold|Taunt|p1b: Sinistcha
|-start|p1b: Sinistcha|move: Taunt
|
|-weather|Sandstorm|[upkeep]
|-damage|p1b: Sinistcha|93/100|[from] Sandstorm
|-damage|p2b: Maushold|93/100|[from] Sandstorm
|-damage|p1a: Delphox|86/100|[from] Sandstorm
|upkeep
|turn|4
|
|t:|1783450998
|switch|p1a: Incineroar|Incineroar, L50, M|87/100
|-ability|p1a: Incineroar|Intimidate|boost
|-unboost|p2a: Tyranitar|atk|1
|-unboost|p2b: Maushold|atk|1
|detailschange|p2a: Tyranitar|Tyranitar-Mega, L50, M
|-mega|p2a: Tyranitar|Tyranitar|Tyranitarite
|move|p2b: Maushold|Protect|p2b: Maushold
|-singleturn|p2b: Maushold|Protect
|move|p1b: Sinistcha|Matcha Gotcha|p2a: Tyranitar|[spread] p2a
|-activate|p2b: Maushold|move: Protect
|-supereffective|p2a: Tyranitar|1
|-damage|p2a: Tyranitar|82/100
|-heal|p1b: Sinistcha|100/100|[from] drain|[of] p2a: Tyranitar
|move|p2a: Tyranitar|Knock Off|p1a: Incineroar
|-resisted|p1a: Incineroar|1
|-damage|p1a: Incineroar|69/100
|-enditem|p1a: Incineroar|Sitrus Berry|[from] move: Knock Off|[of] p2a: Tyranitar
|
|-weather|Sandstorm|[upkeep]
|-damage|p1b: Sinistcha|93/100|[from] Sandstorm
|-damage|p1a: Incineroar|63/100|[from] Sandstorm
|-damage|p2b: Maushold|87/100|[from] Sandstorm
|upkeep
|turn|5
|
|t:|1783451030
|switch|p2a: Garchomp|Garchomp, L50, M|80/100
|move|p1a: Incineroar|Fake Out|p2b: Maushold
|-damage|p2b: Maushold|76/100
|move|p1b: Sinistcha|Matcha Gotcha|p2b: Maushold|[spread] p2a,p2b
|-damage|p2a: Garchomp|60/100
|-heal|p1b: Sinistcha|100/100|[from] drain|[of] p2a: Garchomp
|-damage|p2b: Maushold|48/100
|cant|p2b: Maushold|flinch
|
|-weather|Sandstorm|[upkeep]
|-damage|p1b: Sinistcha|93/100|[from] Sandstorm
|-damage|p1a: Incineroar|57/100|[from] Sandstorm
|-damage|p2b: Maushold|42/100|[from] Sandstorm
|-fieldend|move: Trick Room
|upkeep
|turn|6
|
|t:|1783451072
|switch|p2b: Sinistcha|Sinistcha, L50|100/100
|-heal|p2a: Garchomp|84/100|[from] ability: Hospitality|[of] p2b: Sinistcha
|move|p2a: Garchomp|Rock Slide|p1a: Incineroar|[spread] p1b
|-miss|p2a: Garchomp|p1a: Incineroar
|-damage|p1b: Sinistcha|73/100
|-damage|p2a: Garchomp|75/100|[from] item: Life Orb
|move|p1a: Incineroar|Parting Shot|p2a: Garchomp
|-unboost|p2a: Garchomp|atk|1
|-unboost|p2a: Garchomp|spa|1
|
|t:|1783451087
|switch|p1a: Delphox|Delphox-Mega, L50, F|86/100|[from] Parting Shot
|move|p1b: Sinistcha|Matcha Gotcha|p2a: Garchomp|[spread] p2a,p2b
|-resisted|p2b: Sinistcha|1
|-damage|p2a: Garchomp|49/100
|-heal|p1b: Sinistcha|87/100|[from] drain|[of] p2a: Garchomp
|-damage|p2b: Sinistcha|88/100
|-heal|p1b: Sinistcha|93/100|[from] drain|[of] p2b: Sinistcha
|
|-weather|Sandstorm|[upkeep]
|-damage|p1a: Delphox|80/100|[from] Sandstorm
|-damage|p1b: Sinistcha|87/100|[from] Sandstorm
|-damage|p2b: Sinistcha|82/100|[from] Sandstorm
|-end|p1b: Sinistcha|move: Taunt
|upkeep
|turn|7
|
|t:|1783451112
|move|p1a: Delphox|Heat Wave|p2a: Garchomp|[spread] p2a
|-miss|p1a: Delphox|p2b: Sinistcha
|-resisted|p2a: Garchomp|1
|-damage|p2a: Garchomp|28/100
|move|p2a: Garchomp|Rock Slide|p1b: Sinistcha|[spread] p1a,p1b
|-supereffective|p1a: Delphox|1
|-damage|p1a: Delphox|37/100
|-damage|p1b: Sinistcha|74/100
|-damage|p2a: Garchomp|18/100|[from] item: Life Orb
|cant|p1b: Sinistcha|flinch
|move|p2b: Sinistcha|Trick Room|p2b: Sinistcha
|-fieldstart|move: Trick Room|[of] p2b: Sinistcha
|
|-weather|none
|upkeep
|turn|8
|
|t:|1783451142
|move|p2b: Sinistcha|Matcha Gotcha|p1b: Sinistcha|[spread] p1a,p1b
|-resisted|p1a: Delphox|1
|-resisted|p1b: Sinistcha|1
|-damage|p1a: Delphox|26/100
|-heal|p2b: Sinistcha|87/100|[from] drain|[of] p1a: Delphox
|-damage|p1b: Sinistcha|62/100
|-heal|p2b: Sinistcha|93/100|[from] drain|[of] p1b: Sinistcha
|move|p1b: Sinistcha|Matcha Gotcha|p2a: Garchomp|[spread] p2a,p2b
|-resisted|p2b: Sinistcha|1
|-damage|p2a: Garchomp|0 fnt
|-heal|p1b: Sinistcha|71/100|[from] drain|[of] p2a: Garchomp
|-damage|p2b: Sinistcha|82/100
|-heal|p1b: Sinistcha|78/100|[from] drain|[of] p2b: Sinistcha
|faint|p2a: Garchomp
|move|p1a: Delphox|Heat Wave|p2b: Sinistcha
|-supereffective|p2b: Sinistcha|1
|-damage|p2b: Sinistcha|0 fnt
|faint|p2b: Sinistcha
|
|upkeep
|
|t:|1783451160
|switch|p2b: Maushold|Maushold, L50|42/100
|switch|p2a: Tyranitar|Tyranitar-Mega, L50, M|82/100
|-weather|Sandstorm|[from] ability: Sand Stream|[of] p2a: Tyranitar
|turn|9
|
|t:|1783451174
|switch|p1a: Incineroar|Incineroar, L50, M|57/100
|-ability|p1a: Incineroar|Intimidate|boost
|-unboost|p2a: Tyranitar|atk|1
|-unboost|p2b: Maushold|atk|1
|move|p1b: Sinistcha|Matcha Gotcha|p2a: Tyranitar|[spread] p2a,p2b
|-supereffective|p2a: Tyranitar|1
|-damage|p2a: Tyranitar|65/100
|-heal|p1b: Sinistcha|88/100|[from] drain|[of] p2a: Tyranitar
|-damage|p2b: Maushold|15/100
|-heal|p1b: Sinistcha|100/100|[from] drain|[of] p2b: Maushold
|-status|p2a: Tyranitar|brn
|move|p2a: Tyranitar|Knock Off|p1b: Sinistcha
|-supereffective|p1b: Sinistcha|1
|-damage|p1b: Sinistcha|67/100
|-enditem|p1b: Sinistcha|Occa Berry|[from] move: Knock Off|[of] p2a: Tyranitar
|move|p2b: Maushold|Taunt|p1a: Incineroar
|-start|p1a: Incineroar|move: Taunt
|
|-weather|Sandstorm|[upkeep]
|-damage|p1b: Sinistcha|61/100|[from] Sandstorm
|-damage|p1a: Incineroar|51/100|[from] Sandstorm
|-damage|p2b: Maushold|9/100|[from] Sandstorm
|-damage|p2a: Tyranitar|59/100 brn|[from] brn
|upkeep
|turn|10
|
|t:|1783451200
|move|p2b: Maushold|Protect|p2b: Maushold
|-singleturn|p2b: Maushold|Protect
|move|p1a: Incineroar|Fake Out|p2a: Tyranitar
|-resisted|p2a: Tyranitar|1
|-damage|p2a: Tyranitar|56/100 brn
|move|p1b: Sinistcha|Matcha Gotcha|p2a: Tyranitar|[spread] p2a
|-activate|p2b: Maushold|move: Protect
|-supereffective|p2a: Tyranitar|1
|-damage|p2a: Tyranitar|38/100 brn
|-heal|p1b: Sinistcha|71/100|[from] drain|[of] p2a: Tyranitar
|cant|p2a: Tyranitar|flinch
|
|-weather|Sandstorm|[upkeep]
|-damage|p1b: Sinistcha|65/100|[from] Sandstorm
|-damage|p1a: Incineroar|45/100|[from] Sandstorm
|-damage|p2b: Maushold|3/100|[from] Sandstorm
|-damage|p2a: Tyranitar|32/100 brn|[from] brn
|upkeep
|turn|11
|
|t:|1783451220
|move|p2b: Maushold|Follow Me|p2b: Maushold
|-singleturn|p2b: Maushold|move: Follow Me
|move|p1b: Sinistcha|Matcha Gotcha|p2b: Maushold|[spread] p2a,p2b
|-supereffective|p2a: Tyranitar|1
|-damage|p2a: Tyranitar|12/100 brn
|-heal|p1b: Sinistcha|77/100|[from] drain|[of] p2a: Tyranitar
|-damage|p2b: Maushold|0 fnt
|-heal|p1b: Sinistcha|79/100|[from] drain|[of] p2b: Maushold
|faint|p2b: Maushold
|move|p2a: Tyranitar|Knock Off|p1b: Sinistcha
|-supereffective|p1b: Sinistcha|1
|-damage|p1b: Sinistcha|55/100
|move|p1a: Incineroar|Flare Blitz|p2a: Tyranitar
|-resisted|p2a: Tyranitar|1
|-damage|p2a: Tyranitar|0 fnt
|faint|p2a: Tyranitar
|-damage|p1a: Incineroar|41/100|[from] Recoil
|
|win|1OO% Jesus
|raw|1OO% Jesus's rating: 1129 → 1151(+22 for winning)
|raw|hopiumoncrack's rating: 1086 → 1066(-20 for losing)
