|j|☆dont make me walk
|j|☆Xfede77
|html|dont make me walkXfede77    
|uhtml|bestof|Game 3 of a best-of-3
|t:|1756148415
|gametype|doubles
|player|p1|dont make me walk|red-masters3|1245
|player|p2|Xfede77|giovanni|1278
|gen|9
|tier|[Gen 9] VGC 2025 Reg H (Bo3)
|rated|
|rule|Species Clause: Limit one of each Pokémon
|rule|Item Clause: Limit 1 of each item
|clearpoke
|poke|p1|Murkrow, L50, F|
|poke|p1|Ursaluna-Bloodmoon, L50, M|
|poke|p1|Gholdengo, L50|
|poke|p1|Volcarona, L50, M|
|poke|p1|Rillaboom, L50, M|
|poke|p1|Clefable, L50, M|
|poke|p2|Amoonguss, L50, F|
|poke|p2|Ursaluna, L50, M|
|poke|p2|Hydreigon, L50, F|
|poke|p2|Incineroar, L50, M|
|poke|p2|Porygon2, L50|
|poke|p2|Gholdengo, L50|
|teampreview|4
|showteam|p1|Murkrow||Eviolite|Prankster|Tailwind,FoulPlay,Haze,SunnyDay|||F|||50|,,,,,Ghost]Ursaluna-Bloodmoon||LifeOrb|MindsEye|Protect,EarthPower,HyperVoice,BloodMoon|||M|||50|,,,,,Normal]Gholdengo||ChoiceSpecs|GoodasGold|MakeItRain,ShadowBall,Thunderbolt,Trick||||||50|,,,,,Steel]Volcarona||Leftovers|FlameBody|Protect,QuiverDance,StruggleBug,HeatWave|||M|||50|,,,,,Dragon]Rillaboom||AssaultVest|GrassySurge|FakeOut,HighHorsepower,GrassyGlide,WoodHammer|||M|||50|,,,,,Water]Clefable||SafetyGoggles|Unaware|Protect,FollowMe,LifeDew,Moonblast|||M|||50|,,,,,Steel
|showteam|p2|Amoonguss||RockyHelmet|Regenerator|PollenPuff,Spore,RagePowder,Protect|||F|||50|,,,,,Fairy]Ursaluna||FlameOrb|Guts|Facade,HeadlongRush,Earthquake,Protect|||M|||50|,,,,,Ghost]Hydreigon||SafetyGoggles|Levitate|DracoMeteor,Snarl,Tailwind,Protect|||F|||50|,,,,,Ghost]Incineroar||SitrusBerry|Intimidate|FakeOut,KnockOff,PartingShot,FlareBlitz|||M|||50|,,,,,Ghost]Porygon2||Eviolite|Download|TeraBlast,IceBeam,Recover,TrickRoom||||||50|,,,,,Fighting]Gholdengo||MetalCoat|GoodasGold|MakeItRain,ShadowBall,NastyPlot,Protect||||||50|,,,,,Water
|inactive|Battle timer is ON: inactive players will automatically lose when time's up. (requested by dont make me walk)
|inactive|dont make me walk has 60 seconds left.
|
|t:|1756148453
|teamsize|p1|4
|teamsize|p2|4
|start
|switch|p1a: Rillaboom|Rillaboom, L50, M, shiny|100/100
|switch|p1b: Volcarona|Volcarona, L50, M|100/100
|switch|p2a: Amoonguss|Amoonguss, L50, F|100/100
|switch|p2b: Porygon2|Porygon2, L50|100/100
|-fieldstart|move: Grassy Terrain|[from] ability: Grassy Surge|[of] p1a: Rillaboom
|-ability|p2b: Porygon2|Download|boost
|-boost|p2b: Porygon2|atk|1
|turn|1
|inactive|Xfede77 has 30 seconds left.
|
|t:|1756148484
|move|p2a: Amoonguss|Protect|p2a: Amoonguss
|-singleturn|p2a: Amoonguss|Protect
|move|p1a: Rillaboom|Fake Out|p2b: Porygon2
|-crit|p2b: Porygon2
|-damage|p2b: Porygon2|86/100
|move|p1b: Volcarona|Heat Wave|p2b: Porygon2|[spread] p2b
|-activate|p2a: Amoonguss|move: Protect
|-damage|p2b: Porygon2|66/100
|cant|p2b: Porygon2|flinch
|
|-heal|p2b: Porygon2|72/100|[from] Grassy Terrain
|upkeep
|turn|2
|
|t:|1756148506
|-terastallize|p2a: Amoonguss|Fairy
|move|p1b: Volcarona|Heat Wave|p2b: Porygon2|[spread] p2b
|-miss|p1b: Volcarona|p2a: Amoonguss
|-damage|p2b: Porygon2|53/100
|-status|p2b: Porygon2|brn
|move|p1a: Rillaboom|Wood Hammer|p2b: Porygon2
|-damage|p2b: Porygon2|1/100 brn
|-damage|p1a: Rillaboom|85/100|[from] Recoil
|move|p2b: Porygon2|Ice Beam|p1a: Rillaboom
|-supereffective|p1a: Rillaboom
|-damage|p1a: Rillaboom|48/100
|move|p2a: Amoonguss|Spore|p1b: Volcarona
|-status|p1b: Volcarona|slp|[from] move: Spore
|
|-heal|p1a: Rillaboom|54/100|[from] Grassy Terrain
|-heal|p2b: Porygon2|7/100 brn|[from] Grassy Terrain
|-damage|p2b: Porygon2|1/100 brn|[from] brn
|upkeep
|turn|3
|inactive|Xfede77 has 30 seconds left.
|
|t:|1756148532
|cant|p1b: Volcarona|slp
|move|p1a: Rillaboom|Wood Hammer|p2b: Porygon2
|-damage|p2b: Porygon2|0 fnt
|faint|p2b: Porygon2
|-damage|p1a: Rillaboom|53/100|[from] Recoil
|move|p2a: Amoonguss|Pollen Puff|p2: Porygon2|[notarget]
|-fail|p2a: Amoonguss
|
|-heal|p1a: Rillaboom|59/100|[from] Grassy Terrain
|upkeep
|
|t:|1756148537
|switch|p2b: Ursaluna|Ursaluna, L50, M|100/100
|turn|4
|
|t:|1756148552
|move|p2b: Ursaluna|Protect|p2b: Ursaluna
|-singleturn|p2b: Ursaluna|Protect
|-curestatus|p1b: Volcarona|slp|[msg]
|move|p1b: Volcarona|Quiver Dance|p1b: Volcarona
|-boost|p1b: Volcarona|spa|1
|-boost|p1b: Volcarona|spd|1
|-boost|p1b: Volcarona|spe|1
|move|p1a: Rillaboom|Wood Hammer|p2b: Ursaluna
|-activate|p2b: Ursaluna|move: Protect
|move|p2a: Amoonguss|Pollen Puff|p1a: Rillaboom
|-supereffective|p1a: Rillaboom
|-damage|p1a: Rillaboom|36/100
|
|-heal|p1a: Rillaboom|42/100|[from] Grassy Terrain
|-status|p2b: Ursaluna|brn|[from] item: Flame Orb
|upkeep
|turn|5
|
|t:|1756148575
|move|p2b: Ursaluna|Protect||[still]
|-fail|p2b: Ursaluna
|move|p1b: Volcarona|Heat Wave|p2b: Ursaluna|[spread] p2a,p2b
|-damage|p2a: Amoonguss|64/100
|-damage|p2b: Ursaluna|55/100 brn
|move|p1a: Rillaboom|Wood Hammer|p2b: Ursaluna
|-supereffective|p2b: Ursaluna
|-damage|p2b: Ursaluna|0 fnt
|faint|p2b: Ursaluna
|-damage|p1a: Rillaboom|21/100|[from] Recoil
|move|p2a: Amoonguss|Spore|p1b: Volcarona
|-status|p1b: Volcarona|slp|[from] move: Spore
|
|-heal|p1a: Rillaboom|27/100|[from] Grassy Terrain
|-heal|p2a: Amoonguss|70/100|[from] Grassy Terrain
|-fieldend|move: Grassy Terrain
|upkeep
|
|t:|1756148577
|switch|p2b: Gholdengo|Gholdengo, L50|100/100
|turn|6
|
|t:|1756148588
|switch|p1a: Clefable|Clefable, L50, M|100/100
|cant|p1b: Volcarona|slp
|move|p2b: Gholdengo|Nasty Plot|p2b: Gholdengo
|-boost|p2b: Gholdengo|spa|2
|move|p2a: Amoonguss|Pollen Puff|p1a: Clefable
|-resisted|p1a: Clefable
|-damage|p1a: Clefable|93/100
|
|upkeep
|turn|7
|
|t:|1756148602
|-terastallize|p1a: Clefable|Steel
|cant|p1b: Volcarona|slp
|move|p2b: Gholdengo|Shadow Ball|p1b: Volcarona
|-damage|p1b: Volcarona|53/100 slp
|move|p1a: Clefable|Life Dew|p1a: Clefable|[spread] p1a,p1b
|-heal|p1a: Clefable|100/100
|-heal|p1b: Volcarona|78/100 slp
|move|p2a: Amoonguss|Spore|p1a: Clefable
|-activate|p1a: Clefable|item: Safety Goggles|Spore
|
|-heal|p1b: Volcarona|84/100 slp|[from] item: Leftovers
|upkeep
|turn|8
|
|t:|1756148618
|move|p1a: Clefable|Follow Me|p1a: Clefable
|-singleturn|p1a: Clefable|move: Follow Me
|cant|p1b: Volcarona|slp
|move|p2b: Gholdengo|Make It Rain|p1b: Volcarona|[spread] p1a,p1b
|-resisted|p1a: Clefable
|-resisted|p1b: Volcarona
|-damage|p1a: Clefable|76/100
|-damage|p1b: Volcarona|49/100 slp
|-unboost|p2b: Gholdengo|spa|1
|move|p2a: Amoonguss|Spore|p1a: Clefable
|-activate|p1a: Clefable|item: Safety Goggles|Spore
|
|-heal|p1b: Volcarona|55/100 slp|[from] item: Leftovers
|upkeep
|turn|9
|
|t:|1756148637
|-curestatus|p1b: Volcarona|slp|[msg]
|move|p1b: Volcarona|Heat Wave|p2b: Gholdengo|[spread] p2b
|-miss|p1b: Volcarona|p2a: Amoonguss
|-supereffective|p2b: Gholdengo
|-damage|p2b: Gholdengo|7/100
|move|p2b: Gholdengo|Shadow Ball|p1b: Volcarona
|-damage|p1b: Volcarona|21/100
|move|p1a: Clefable|Life Dew|p1a: Clefable|[spread] p1a,p1b
|-heal|p1a: Clefable|100/100
|-heal|p1b: Volcarona|47/100
|move|p2a: Amoonguss|Pollen Puff|p1b: Volcarona
|-resisted|p1b: Volcarona
|-damage|p1b: Volcarona|41/100
|
|-heal|p1b: Volcarona|47/100|[from] item: Leftovers
|upkeep
|turn|10
|-message|Xfede77 forfeited.
|raw|dont make me walk's rating: 1245 → 1272(+27 for winning)
|raw|Xfede77's rating: 1278 → 1251(-27 for losing)
|
|win|dont make me walk
|l|☆Xfede77
|player|p2|
