|j|☆Dawsonschris
|j|☆washingtongargacha
|html|Dawsonschriswashingtongargacha    
|uhtml|bestof|Game 1 of a best-of-3
|t:|1757195047
|gametype|doubles
|player|p1|Dawsonschris|artist-gen4|1185
|player|p2|washingtongargacha|169|1167
|gen|9
|tier|[Gen 9] VGC 2025 Reg H (Bo3)
|rated|
|rule|Species Clause: Limit one of each Pokémon
|rule|Item Clause: Limit 1 of each item
|clearpoke
|poke|p1|Ursaluna-Bloodmoon, L50, M|
|poke|p1|Electabuzz, L50, M|
|poke|p1|Sneasler, L50, F|
|poke|p1|Indeedee, L50, M|
|poke|p1|Whimsicott, L50, F|
|poke|p1|Typhlosion-Hisui, L50, F|
|poke|p2|Talonflame, L50, M|
|poke|p2|Gholdengo, L50|
|poke|p2|Dragonite, L50, F|
|poke|p2|Archaludon, L50, M|
|poke|p2|Tyranitar, L50, F|
|poke|p2|Garchomp, L50, M|
|teampreview|4
|showteam|p1|Ursaluna-Bloodmoon||LifeOrb|MindsEye|Protect,BloodMoon,EarthPower,HyperVoice|||M|||50|,,,,,Normal]Electabuzz||Eviolite|VitalSpirit|FollowMe,Taunt,Electroweb,Protect|||M|||50|,,,,,Dragon]Sneasler||PsychicSeed|Unburden|ThroatChop,DireClaw,CloseCombat,Protect|||F|||50|,,,,,Dark]Indeedee||FocusSash|PsychicSurge|ExpandingForce,TrickRoom,HelpingHand,Protect|||M|||50|,,,,,Psychic]Whimsicott||CovertCloak|Prankster|Tailwind,Moonblast,Encore,SunnyDay|||F|||50|,,,,,Ghost]Typhlosion-Hisui||ChoiceSpecs|Blaze|Eruption,HeatWave,ShadowBall,Flamethrower|||F|||50|,,,,,Fire
|showteam|p2|Talonflame||CovertCloak|GaleWings|Tailwind,DualWingbeat,Taunt,FlareBlitz|||M|||50|,,,,,Ghost]Gholdengo||ChoiceSpecs|GoodasGold|MakeItRain,SteelBeam,ShadowBall,PowerGem||||||50|,,,,,Flying]Dragonite||LoadedDice|Multiscale|ScaleShot,IceSpinner,Haze,Protect|||F|||50|,,,,,Steel]Archaludon||PowerHerb|Sturdy|FlashCannon,ElectroShot,DracoMeteor,Protect|||M|||50|,,,,,Flying]Tyranitar||AssaultVest|SandStream|KnockOff,RockSlide,TeraBlast,LowKick|||F|||50|,,,,,Flying]Garchomp||LifeOrb|RoughSkin|DragonClaw,StompingTantrum,Earthquake,Protect|||M|||50|,,,,,Steel
|inactive|Battle timer is ON: inactive players will automatically lose when time's up. (requested by Dawsonschris)
|inactive|Dawsonschris has 60 seconds left.
|inactive|washingtongargacha has 60 seconds left.
|
|t:|1757195103
|teamsize|p1|4
|teamsize|p2|4
|start
|switch|p1a: Electabuzz|Electabuzz, L50, M|100/100
|switch|p1b: Ursaluna|Ursaluna-Bloodmoon, L50, M|100/100
|switch|p2a: Talonflame|Talonflame, L50, M|100/100
|switch|p2b: Garchomp|Garchomp, L50, M|100/100
|turn|1
|inactive|Dawsonschris has 30 seconds left.
|
|t:|1757195135
|move|p1a: Electabuzz|Follow Me|p1a: Electabuzz
|-singleturn|p1a: Electabuzz|move: Follow Me
|move|p2a: Talonflame|Taunt|p1a: Electabuzz
|-start|p1a: Electabuzz|move: Taunt
|move|p2b: Garchomp|Earthquake|p1b: Ursaluna|[spread] p1a,p1b
|-immune|p2a: Talonflame
|-supereffective|p1a: Electabuzz
|-damage|p1a: Electabuzz|0 fnt
|-damage|p1b: Ursaluna|61/100
|faint|p1a: Electabuzz
|-damage|p2b: Garchomp|91/100|[from] item: Life Orb
|move|p1b: Ursaluna|Blood Moon|p2a: Talonflame
|-damage|p2a: Talonflame|0 fnt
|faint|p2a: Talonflame
|-damage|p1b: Ursaluna|51/100|[from] item: Life Orb
|
|upkeep
|
|t:|1757195155
|switch|p2a: Tyranitar|Tyranitar, L50, F|100/100
|switch|p1a: Whimsicott|Whimsicott, L50, F|100/100
|-weather|Sandstorm|[from] ability: Sand Stream|[of] p2a: Tyranitar
|turn|2
|inactive|Dawsonschris has 30 seconds left.
|inactive|washingtongargacha has 30 seconds left.
|inactive|washingtongargacha has 20 seconds left.
|
|t:|1757195201
|-terastallize|p1a: Whimsicott|Ghost
|-terastallize|p2a: Tyranitar|Flying
|move|p1b: Ursaluna|Protect|p1b: Ursaluna
|-singleturn|p1b: Ursaluna|Protect
|move|p1a: Whimsicott|Sunny Day|p1a: Whimsicott
|-weather|SunnyDay
|move|p2b: Garchomp|Earthquake|p1a: Whimsicott|[spread] p1a
|-activate|p1b: Ursaluna|move: Protect
|-immune|p2a: Tyranitar
|-damage|p1a: Whimsicott|32/100
|-damage|p2b: Garchomp|81/100|[from] item: Life Orb
|move|p2a: Tyranitar|Low Kick|p1a: Whimsicott
|-immune|p1a: Whimsicott
|
|-weather|SunnyDay|[upkeep]
|upkeep
|turn|3
|inactive|Dawsonschris has 30 seconds left.
|
|t:|1757195234
|move|p1a: Whimsicott|Tailwind|p1a: Whimsicott
|-sidestart|p1: Dawsonschris|move: Tailwind
|move|p1b: Ursaluna|Blood Moon|p2a: Tyranitar
|-damage|p2a: Tyranitar|35/100
|-damage|p1b: Ursaluna|41/100|[from] item: Life Orb
|move|p2b: Garchomp|Dragon Claw|p1a: Whimsicott
|-damage|p1a: Whimsicott|0 fnt
|faint|p1a: Whimsicott
|-damage|p2b: Garchomp|71/100|[from] item: Life Orb
|move|p2a: Tyranitar|Low Kick|p1b: Ursaluna
|-supereffective|p1b: Ursaluna
|-damage|p1b: Ursaluna|0 fnt
|faint|p1b: Ursaluna
|
|-weather|SunnyDay|[upkeep]
|upkeep
|
|t:|1757195253
|switch|p1b: Typhlosion|Typhlosion-Hisui, L50, F|100/100
|turn|4
|
|t:|1757195265
|switch|p2a: Gholdengo|Gholdengo, L50|100/100
|move|p1b: Typhlosion|Eruption|p2a: Gholdengo|[spread] p2a,p2b
|-supereffective|p2a: Gholdengo
|-resisted|p2b: Garchomp
|-damage|p2a: Gholdengo|0 fnt
|-damage|p2b: Garchomp|0 fnt
|faint|p2a: Gholdengo
|faint|p2b: Garchomp
|
|-weather|SunnyDay|[upkeep]
|upkeep
|
|t:|1757195274
|switch|p2b: Tyranitar|Tyranitar, L50, F, tera:Flying|35/100
|-weather|Sandstorm|[from] ability: Sand Stream|[of] p2b: Tyranitar
|turn|5
|
|t:|1757195279
|move|p1b: Typhlosion|Eruption|p2b: Tyranitar
|-damage|p2b: Tyranitar|0 fnt
|faint|p2b: Tyranitar
|
|win|Dawsonschris
||washingtongargacha is ready for game 2.
