|j|☆WASHINGTONGARGACHA
|j|☆Paul Kalkbrenner
|html|WASHINGTONGARGACHAPaul Kalkbrenner    
|uhtml|bestof|Game 2 of a best-of-3
|t:|1756463879
|gametype|doubles
|player|p1|WASHINGTONGARGACHA|265|1118
|player|p2|Paul Kalkbrenner|266|1054
|gen|9
|tier|[Gen 9] VGC 2025 Reg H (Bo3)
|rated|
|rule|Species Clause: Limit one of each Pokémon
|rule|Item Clause: Limit 1 of each item
|clearpoke
|poke|p1|Gholdengo, L50|
|poke|p1|Ursaluna, L50, M|
|poke|p1|Archaludon, L50, M|
|poke|p1|Murkrow, L50, M|
|poke|p1|Farigiraf, L50, M|
|poke|p1|Palafin, L50, M|
|poke|p2|Gholdengo, L50|
|poke|p2|Whimsicott, L50, F|
|poke|p2|Incineroar, L50, M|
|poke|p2|Indeedee-F, L50, F|
|poke|p2|Dragonite, L50, F|
|poke|p2|Rillaboom, L50, M|
|teampreview|4
|showteam|p1|Gholdengo||SitrusBerry|GoodasGold|ShadowBall,MakeItRain,NastyPlot,Protect||||||50|,,,,,Water]Ursaluna||FlameOrb|Guts|Facade,Earthquake,Protect,HeadlongRush|||M|||50|,,,,,Ghost]Archaludon||PowerHerb|Stamina|ElectroShot,FlashCannon,DracoMeteor,Protect|||M|||50|,,,,,Grass]Murkrow||Eviolite|Prankster|Tailwind,RainDance,FoulPlay,Haze|||M|||50|,,,,,Dark]Farigiraf||ThroatSpray|ArmorTail|HyperVoice,TrickRoom,Psychic,Protect|||M|||50|,,,,,Fairy]Palafin||MysticWater|ZerotoHero|FlipTurn,Protect,JetPunch,WaveCrash|||M|||50|,,,,,Water
|showteam|p2|Gholdengo||Leftovers|GoodasGold|NastyPlot,MakeItRain,ShadowBall,Protect||||||50|,,,,,Steel]Whimsicott||FocusSash|Prankster|Tailwind,Encore,Moonblast,LightScreen|||F|||50|,,,,,Ghost]Incineroar||SitrusBerry|Intimidate|FakeOut,FlareBlitz,KnockOff,PartingShot|||M|||50|,,,,,Grass]Indeedee-F||RockyHelmet|PsychicSurge|Psychic,FollowMe,TrickRoom,Imprison|||F|||50|,,,,,Fairy]Dragonite||LifeOrb|InnerFocus|ExtremeSpeed,DragonClaw,AerialAce,Protect|||F|||50|,,,,,Normal]Rillaboom||AssaultVest|GrassySurge|FakeOut,GrassyGlide,WoodHammer,HighHorsepower|||M|||50|,,,,,Fire
|
|t:|1756463899
|teamsize|p1|4
|teamsize|p2|4
|start
|switch|p1a: Murkrow|Murkrow, L50, M|100/100
|switch|p1b: Ursaluna|Ursaluna, L50, M|100/100
|switch|p2a: Whimsicott|Whimsicott, L50, F|100/100
|switch|p2b: Incineroar|Incineroar, L50, M|100/100
|-ability|p2b: Incineroar|Intimidate|boost
|-unboost|p1a: Murkrow|atk|1
|-unboost|p1b: Ursaluna|atk|1
|turn|1
|
|t:|1756463940
|switch|p1a: Farigiraf|Farigiraf, L50, M|100/100
|move|p1b: Ursaluna|Protect|p1b: Ursaluna
|-singleturn|p1b: Ursaluna|Protect
|move|p2a: Whimsicott|Moonblast|p1a: Farigiraf
|-damage|p1a: Farigiraf|78/100
|-unboost|p1a: Farigiraf|spa|1
|move|p2b: Incineroar|Flare Blitz|p1a: Farigiraf
|-damage|p1a: Farigiraf|16/100
|-damage|p2b: Incineroar|78/100|[from] Recoil
|
|-status|p1b: Ursaluna|brn|[from] item: Flame Orb
|upkeep
|turn|2
|
|t:|1756463973
|move|p2a: Whimsicott|Moonblast|p1b: Ursaluna
|-damage|p1b: Ursaluna|73/100 brn
|-unboost|p1b: Ursaluna|spa|1
|move|p1b: Ursaluna|Facade|p2a: Whimsicott
|-damage|p2a: Whimsicott|7/100
|move|p2b: Incineroar|Knock Off|p1a: Farigiraf
|-supereffective|p1a: Farigiraf
|-damage|p1a: Farigiraf|0 fnt
|-enditem|p1a: Farigiraf|Throat Spray|[from] move: Knock Off|[of] p2b: Incineroar
|faint|p1a: Farigiraf
|
|-damage|p1b: Ursaluna|67/100 brn|[from] brn
|upkeep
|
|t:|1756463985
|switch|p1a: Murkrow|Murkrow, L50, M|100/100
|turn|3
|
|t:|1756463995
|switch|p2b: Rillaboom|Rillaboom, L50, M|100/100
|-fieldstart|move: Grassy Terrain|[from] ability: Grassy Surge|[of] p2b: Rillaboom
|move|p2a: Whimsicott|Tailwind|p2a: Whimsicott
|-sidestart|p2: Paul Kalkbrenner|move: Tailwind
|move|p1a: Murkrow|Tailwind|p1a: Murkrow
|-sidestart|p1: WASHINGTONGARGACHA|move: Tailwind
|move|p1b: Ursaluna|Earthquake|p2a: Whimsicott|[spread] p2a,p2b
|-immune|p1a: Murkrow
|-resisted|p2a: Whimsicott
|-resisted|p2b: Rillaboom
|-damage|p2a: Whimsicott|0 fnt
|-damage|p2b: Rillaboom|90/100
|faint|p2a: Whimsicott
|
|-heal|p2b: Rillaboom|96/100|[from] Grassy Terrain
|-heal|p1b: Ursaluna|73/100 brn|[from] Grassy Terrain
|-damage|p1b: Ursaluna|67/100 brn|[from] brn
|upkeep
|
|t:|1756464018
|switch|p2a: Incineroar|Incineroar, L50, M|78/100
|-ability|p2a: Incineroar|Intimidate|boost
|-unboost|p1a: Murkrow|atk|1
|-unboost|p1b: Ursaluna|atk|1
|turn|4
|
|t:|1756464033
|-terastallize|p1b: Ursaluna|Ghost
|move|p2b: Rillaboom|Grassy Glide|p1b: Ursaluna
|-damage|p1b: Ursaluna|41/100 brn
|move|p1a: Murkrow|Foul Play|p2b: Rillaboom
|-damage|p2b: Rillaboom|54/100
|move|p1b: Ursaluna|Headlong Rush|p2a: Incineroar
|-supereffective|p2a: Incineroar
|-damage|p2a: Incineroar|0 fnt
|-unboost|p1b: Ursaluna|def|1
|-unboost|p1b: Ursaluna|spd|1
|faint|p2a: Incineroar
|
|-heal|p2b: Rillaboom|60/100|[from] Grassy Terrain
|-heal|p1b: Ursaluna|47/100 brn|[from] Grassy Terrain
|-damage|p1b: Ursaluna|41/100 brn|[from] brn
|upkeep
|
|t:|1756464036
|switch|p2a: Gholdengo|Gholdengo, L50|100/100
|turn|5
|
|t:|1756464094
|-terastallize|p2a: Gholdengo|Steel
|move|p2a: Gholdengo|Make It Rain|p1b: Ursaluna|[spread] p1a,p1b
|-damage|p1a: Murkrow|44/100
|-damage|p1b: Ursaluna|0 fnt
|-unboost|p2a: Gholdengo|spa|1
|faint|p1b: Ursaluna
|move|p1a: Murkrow|Foul Play|p2b: Rillaboom
|-damage|p2b: Rillaboom|17/100
|move|p2b: Rillaboom|Wood Hammer|p1a: Murkrow
|-resisted|p1a: Murkrow
|-damage|p1a: Murkrow|0 fnt
|faint|p1a: Murkrow
|-damage|p2b: Rillaboom|6/100|[from] Recoil
|
|-heal|p2b: Rillaboom|12/100|[from] Grassy Terrain
|upkeep
|
|t:|1756464110
|switch|p1b: Archaludon|Archaludon, L50, M|100/100
|turn|6
|
|t:|1756464135
|move|p1b: Archaludon|Electro Shot||[still]
|-prepare|p1b: Archaludon|Electro Shot
|-boost|p1b: Archaludon|spa|1
|-enditem|p1b: Archaludon|Power Herb
|-anim|p1b: Archaludon|Electro Shot|p2b: Rillaboom
|-resisted|p2b: Rillaboom
|-damage|p2b: Rillaboom|0 fnt
|faint|p2b: Rillaboom
|move|p2a: Gholdengo|Nasty Plot|p2a: Gholdengo
|-boost|p2a: Gholdengo|spa|2
|
|-sideend|p1: WASHINGTONGARGACHA|move: Tailwind
|-sideend|p2: Paul Kalkbrenner|move: Tailwind
|upkeep
|turn|7
|
|t:|1756464157
|move|p1b: Archaludon|Electro Shot||[still]
|-prepare|p1b: Archaludon|Electro Shot
|-boost|p1b: Archaludon|spa|1
|move|p2a: Gholdengo|Nasty Plot|p2a: Gholdengo
|-boost|p2a: Gholdengo|spa|2
|
|-fieldend|move: Grassy Terrain
|upkeep
|turn|8
|
|t:|1756464166
|move|p2a: Gholdengo|Protect|p2a: Gholdengo
|-singleturn|p2a: Gholdengo|Protect
|move|p1b: Archaludon|Electro Shot|p2a: Gholdengo|[from] lockedmove
|-activate|p2a: Gholdengo|move: Protect
|
|upkeep
|turn|9
|
|t:|1756464187
|move|p1b: Archaludon|Draco Meteor|p2a: Gholdengo
|-resisted|p2a: Gholdengo
|-damage|p2a: Gholdengo|35/100
|-unboost|p1b: Archaludon|spa|2
|move|p2a: Gholdengo|Shadow Ball|p1b: Archaludon
|-damage|p1b: Archaludon|0 fnt
|faint|p1b: Archaludon
|
|win|Paul Kalkbrenner
