|j|☆Rorox641
|j|☆malo maalez
|html|Rorox641malo maalez    
|uhtml|bestof|Game 2 of a best-of-3
|t:|1756682936
|gametype|doubles
|player|p1|Rorox641|wulfric|1109
|player|p2|malo maalez|steven|1184
|gen|9
|tier|[Gen 9] VGC 2025 Reg H (Bo3)
|rated|
|rule|Species Clause: Limit one of each Pokémon
|rule|Item Clause: Limit 1 of each item
|clearpoke
|poke|p1|Archaludon, L50, M|
|poke|p1|Whimsicott, L50, F|
|poke|p1|Rillaboom, L50, M|
|poke|p1|Mamoswine, L50, F|
|poke|p1|Sneasler, L50, M|
|poke|p1|Arcanine-Hisui, L50, M|
|poke|p2|Sneasler, L50, F|
|poke|p2|Kingambit, L50, F|
|poke|p2|Dragonite, L50, M|
|poke|p2|Rillaboom, L50, F|
|poke|p2|Volcarona, L50, F|
|poke|p2|Electabuzz, L50, M|
|teampreview|4
|showteam|p1|Archaludon||PowerHerb|Stalwart|ElectroShot,Thunderbolt,DracoMeteor,Protect|||M|||50|,,,,,Electric]Whimsicott||FocusSash|Prankster|FakeTears,Tailwind,Encore,Moonblast|||F|||50|,,,,,Ghost]Rillaboom||AssaultVest|GrassySurge|FakeOut,GrassyGlide,WoodHammer,HighHorsepower|||M|||50|,,,,,Fire]Mamoswine||LoadedDice|Oblivious|IcicleSpear,HighHorsepower,IceShard,Protect|||F|||50|,,,,,Ghost]Sneasler||WhiteHerb|Unburden|CloseCombat,DireClaw,Coaching,Protect|||M|||50|,,,,,Ghost]Arcanine-Hisui||ClearAmulet|Intimidate|RockSlide,FlareBlitz,ExtremeSpeed,Protect|||M|||50|,,,,,Water
|showteam|p2|Sneasler||FocusSash|PoisonTouch|FakeOut,Coaching,CloseCombat,DireClaw|||F|||50|,,,,,Ghost]Kingambit||BlackGlasses|Defiant|KowtowCleave,SuckerPunch,SwordsDance,Protect|||F|||50|,,,,,Dark]Dragonite||LoadedDice|Multiscale|Protect,Haze,ScaleShot,ExtremeSpeed|||M|||50|,,,,,Fairy]Rillaboom||AssaultVest|GrassySurge|FakeOut,GrassyGlide,WoodHammer,HighHorsepower|||F|||50|,,,,,Fire]Volcarona||Leftovers|FlameBody|QuiverDance,Protect,TeraBlast,HeatWave|||F|||50|,,,,,Fairy]Electabuzz||Eviolite|VitalSpirit|Electroweb,FollowMe,Taunt,Protect|||M|||50|,,,,,Ghost
|inactive|Battle timer is ON: inactive players will automatically lose when time's up. (requested by Rorox641)
|inactive|malo maalez has 60 seconds left.
|
|t:|1756682983
|teamsize|p1|4
|teamsize|p2|4
|start
|switch|p1a: Archaludon|Archaludon, L50, M, shiny|100/100
|switch|p1b: Mamoswine|Mamoswine, L50, F, shiny|100/100
|switch|p2a: A Su Lugar|Electabuzz, L50, M, shiny|100/100
|switch|p2b: Tell Me|Sneasler, L50, F|100/100
|turn|1
|inactive|malo maalez has 30 seconds left.
|
|t:|1756683018
|-terastallize|p1b: Mamoswine|Ghost
|-terastallize|p2a: A Su Lugar|Ghost
|move|p2a: A Su Lugar|Follow Me|p2a: A Su Lugar
|-singleturn|p2a: A Su Lugar|move: Follow Me
|move|p2b: Tell Me|Close Combat|p1a: Archaludon
|-supereffective|p1a: Archaludon
|-damage|p1a: Archaludon|0 fnt
|-unboost|p2b: Tell Me|def|1
|-unboost|p2b: Tell Me|spd|1
|faint|p1a: Archaludon
|move|p1b: Mamoswine|High Horsepower|p2a: A Su Lugar|[miss]
|-miss|p1b: Mamoswine|p2a: A Su Lugar
|
|upkeep
|
|t:|1756683034
|switch|p1a: Arcanine|Arcanine-Hisui, L50, M, shiny|100/100
|-ability|p1a: Arcanine|Intimidate|boost
|-unboost|p2a: A Su Lugar|atk|1
|-unboost|p2b: Tell Me|atk|1
|turn|2
|
|t:|1756683049
|switch|p2b: She's At|Dragonite, L50, M|100/100
|move|p1a: Arcanine|Flare Blitz|p2a: A Su Lugar
|-damage|p2a: A Su Lugar|60/100
|-status|p2a: A Su Lugar|brn
|-damage|p1a: Arcanine|87/100|[from] Recoil
|move|p1b: Mamoswine|Icicle Spear|p2b: She's At
|-supereffective|p2b: She's At
|-damage|p2b: She's At|68/100
|-supereffective|p2b: She's At
|-damage|p2b: She's At|8/100
|-supereffective|p2b: She's At
|-damage|p2b: She's At|0 fnt
|faint|p2b: She's At
|-hitcount|p2: She's At|3
|move|p2a: A Su Lugar|Electroweb|p1b: Mamoswine|[spread] p1a,p1b
|-damage|p1a: Arcanine|70/100
|-damage|p1b: Mamoswine|81/100
|-unboost|p1b: Mamoswine|spe|1
|
|-damage|p2a: A Su Lugar|55/100 brn|[from] brn
|upkeep
|
|t:|1756683057
|switch|p2b: Where|Kingambit, L50, F|100/100
|turn|3
|inactive|Rorox641 has 30 seconds left.
|
|t:|1756683097
|move|p1b: Mamoswine|Protect|p1b: Mamoswine
|-singleturn|p1b: Mamoswine|Protect
|move|p2a: A Su Lugar|Follow Me|p2a: A Su Lugar
|-singleturn|p2a: A Su Lugar|move: Follow Me
|move|p1a: Arcanine|Flare Blitz|p2a: A Su Lugar
|-damage|p2a: A Su Lugar|9/100 brn
|-damage|p1a: Arcanine|54/100|[from] Recoil
|move|p2b: Where|Kowtow Cleave|p1a: Arcanine
|-damage|p1a: Arcanine|0 fnt
|faint|p1a: Arcanine
|
|-damage|p2a: A Su Lugar|3/100 brn|[from] brn
|upkeep
|
|t:|1756683110
|switch|p1a: Sneasler|Sneasler, L50, M, shiny|100/100
|turn|4
|
|t:|1756683128
|switch|p2a: Tell Me|Sneasler, L50, F|100/100
|move|p1b: Mamoswine|Protect|p1b: Mamoswine
|-singleturn|p1b: Mamoswine|Protect
|move|p2b: Where|Protect|p2b: Where
|-singleturn|p2b: Where|Protect
|move|p1a: Sneasler|Coaching|p1b: Mamoswine
|-boost|p1b: Mamoswine|atk|1
|-boost|p1b: Mamoswine|def|1
|
|upkeep
|turn|5
|inactive|Rorox641 has 30 seconds left.
|
|t:|1756683153
|move|p2a: Tell Me|Fake Out|p1a: Sneasler
|-damage|p1a: Sneasler|82/100
|move|p1b: Mamoswine|Ice Shard|p2a: Tell Me
|-damage|p2a: Tell Me|48/100
|cant|p1a: Sneasler|flinch
|move|p2b: Where|Kowtow Cleave|p1b: Mamoswine
|-supereffective|p1b: Mamoswine
|-damage|p1b: Mamoswine|0 fnt
|faint|p1b: Mamoswine
|
|upkeep
|turn|6
|
|t:|1756683177
|move|p2a: Tell Me|Close Combat|p1a: Sneasler
|-resisted|p1a: Sneasler
|-damage|p1a: Sneasler|38/100
|-unboost|p2a: Tell Me|def|1
|-unboost|p2a: Tell Me|spd|1
|move|p1a: Sneasler|Close Combat|p2b: Where
|-supereffective|p2b: Where
|-damage|p2b: Where|0 fnt
|-unboost|p1a: Sneasler|def|1
|-unboost|p1a: Sneasler|spd|1
|faint|p2b: Where
|-enditem|p1a: Sneasler|White Herb
|-clearnegativeboost|p1a: Sneasler|[silent]
|
|upkeep
|
|t:|1756683180
|switch|p2b: A Su Lugar|Electabuzz, L50, M, shiny, tera:Ghost|3/100 brn
|turn|7
|
|t:|1756683194
|move|p1a: Sneasler|Protect|p1a: Sneasler
|-singleturn|p1a: Sneasler|Protect
|move|p2b: A Su Lugar|Follow Me|p2b: A Su Lugar
|-singleturn|p2b: A Su Lugar|move: Follow Me
|move|p2a: Tell Me|Close Combat|p1a: Sneasler
|-activate|p1a: Sneasler|move: Protect
|
|-damage|p2b: A Su Lugar|0 fnt|[from] brn
|faint|p2b: A Su Lugar
|upkeep
|turn|8
|
|t:|1756683199
|move|p1a: Sneasler|Close Combat|p2a: Tell Me
|-resisted|p2a: Tell Me
|-damage|p2a: Tell Me|0 fnt
|-unboost|p1a: Sneasler|def|1
|-unboost|p1a: Sneasler|spd|1
|faint|p2a: Tell Me
|
|win|Rorox641
|raw|Rorox641's rating: 1109 → 1139(+30 for winning)
|raw|malo maalez's rating: 1184 → 1154(-30 for losing)
