|j|☆Autin Mago
|j|☆farbeaglefriday
|html|Autin Magofarbeaglefriday    
|uhtml|bestof|Game 2 of a best-of-3
|t:|1784675152
|gametype|doubles
|player|p1|Autin Mago|arezu|
|player|p2|farbeaglefriday|bugcatcher-gen4dp|
|gen|9
|tier|[Gen 9 Champions] VGC 2026 Reg M-B (Bo3)
|rule|Species Clause: Limit one of each Pokémon
|rule|Item Clause: Limit 1 of each item
|clearpoke
|poke|p1|Scizor, L50, M|
|poke|p1|Sylveon, L50, F|
|poke|p1|Scovillain, L50, F|
|poke|p1|Infernape, L50, M|
|poke|p1|Ninetales-Alola, L50, F|
|poke|p1|Tauros-Paldea-Aqua, L50, M|
|poke|p2|Farigiraf, L50, M|
|poke|p2|Toxicroak, L50, F|
|poke|p2|Kingambit, L50, F|
|poke|p2|Garbodor, L50, F|
|poke|p2|Altaria, L50, M|
|poke|p2|Floette-Eternal, L50, F|
|teampreview|4
|showteam|p1|Scizor||SilverPowder|Technician|Protect,CloseCombat,BugBite,BulletPunch|Brave||M|||50|]Sylveon||FairyFeather|Pixilate|Detect,Roar,HyperVoice,HyperBeam|Quiet||F|||50|]Scovillain||Scovillainite|Moody|Protect,RagePowder,Flamethrower,GigaDrain|Bold||F|||50|]Infernape||FocusSash|IronFist|Protect,FirePunch,CloseCombat,GunkShot|Timid||M|||50|]Ninetales-Alola||NeverMeltIce|SnowWarning|Protect,AuroraVeil,Moonblast,Blizzard|Timid||F|||50|]Tauros-Paldea-Aqua||MysticWater|Intimidate|Protect,WaveCrash,CloseCombat,BulkUp|Adamant||M|||50|
|showteam|p2|Farigiraf||TangaBerry|ArmorTail|NastyPlot,TrickRoom,ShadowBall,BatonPass|Quiet||M|||50|]Toxicroak||FocusSash|PoisonTouch|Coaching,FakeOut,CloseCombat,PoisonJab|Jolly||F|||50|]Kingambit||ChopleBerry|Defiant|BrickBreak,IronHead,SuckerPunch,Protect|Brave||F|||50|]Garbodor||LumBerry|Stench|DrainPunch,PoisonJab,Curse,Protect|Brave||F|||50|]Altaria||Altarianite|CloudNine|HeatWave,HyperVoice,Roost,Protect|Quiet||M|||50|]Floette-Eternal||Floettite|FlowerVeil|DrainingKiss,DazzlingGleam,CalmMind,Protect|Bold||F|||50|
|
|t:|1784675204
|teamsize|p1|4
|teamsize|p2|4
|start
|switch|p1a: Scizor|Scizor, L50, M|100/100
|switch|p1b: Scovillain|Scovillain, L50, F|100/100
|switch|p2a: Farigiraf|Farigiraf, L50, M|100/100
|switch|p2b: Toxicroak|Toxicroak, L50, F|100/100
|turn|1
|j| priest_of_talos
|
|t:|1784675227
|detailschange|p1b: Scovillain|Scovillain-Mega, L50, F
|-mega|p1b: Scovillain|Scovillain|Scovillainite
|move|p2b: Toxicroak|Coaching|p2a: Farigiraf
|-boost|p2a: Farigiraf|atk|1
|-boost|p2a: Farigiraf|def|1
|move|p1b: Scovillain|Flamethrower|p2a: Farigiraf
|-damage|p2a: Farigiraf|60/100
|move|p1a: Scizor|Bug Bite|p2a: Farigiraf
|-supereffective|p2a: Farigiraf|1
|-enditem|p2a: Farigiraf|Tanga Berry|[eat]
|-enditem|p2a: Farigiraf|Tanga Berry|[weaken]
|-damage|p2a: Farigiraf|24/100
|move|p2a: Farigiraf|Trick Room|p2a: Farigiraf
|-fieldstart|move: Trick Room|[of] p2a: Farigiraf
|
|upkeep
|turn|2
|
|t:|1784675249
|move|p2a: Farigiraf|Baton Pass|p2a: Farigiraf
|
|t:|1784675252
|switch|p2a: Garbodor|Garbodor, L50, F|100/100|[from] Baton Pass
|move|p1a: Scizor|Bug Bite|p2a: Garbodor
|-resisted|p2a: Garbodor|1
|-damage|p2a: Garbodor|77/100
|-enditem|p2a: Garbodor|Lum Berry|[from] stealeat|[move] Bug Bite|[of] p1a: Scizor
|move|p1b: Scovillain|Flamethrower|p2b: Toxicroak
|-crit|p2b: Toxicroak
|-damage|p2b: Toxicroak|9/100
|move|p2b: Toxicroak|Poison Jab|p1b: Scovillain
|-supereffective|p1b: Scovillain|1
|-damage|p1b: Scovillain|30/100
|-status|p1b: Scovillain|psn
|-status|p2b: Toxicroak|brn|[from] ability: Spicy Spray|[of] p1b: Scovillain
|
|-damage|p1b: Scovillain|18/100 psn|[from] psn
|-damage|p2b: Toxicroak|3/100 brn|[from] brn
|upkeep
|turn|3
|
|t:|1784675304
|move|p1a: Scizor|Bug Bite|p2b: Toxicroak
|-resisted|p2b: Toxicroak|2
|-damage|p2b: Toxicroak|0 fnt
|faint|p2b: Toxicroak
|move|p2a: Garbodor|Curse|p2a: Garbodor
|-unboost|p2a: Garbodor|spe|1
|-boost|p2a: Garbodor|atk|1
|-boost|p2a: Garbodor|def|1
|move|p1b: Scovillain|Flamethrower|p2a: Garbodor
|-damage|p2a: Garbodor|27/100
|
|-damage|p1b: Scovillain|5/100 psn|[from] psn
|upkeep
|
|t:|1784675307
|switch|p2b: Farigiraf|Farigiraf, L50, M|24/100
|turn|4
|
|t:|1784675339
|move|p1b: Scovillain|Rage Powder|p1b: Scovillain
|-singleturn|p1b: Scovillain|move: Rage Powder
|move|p2a: Garbodor|Drain Punch|p1b: Scovillain
|-damage|p1b: Scovillain|0 fnt
|-heal|p2a: Garbodor|29/100|[from] drain|[of] p1b: Scovillain
|-status|p2a: Garbodor|brn|[from] ability: Spicy Spray|[of] p1b: Scovillain
|faint|p1b: Scovillain
|move|p2b: Farigiraf|Shadow Ball|p1a: Scizor
|-damage|p1a: Scizor|68/100
|move|p1a: Scizor|Bug Bite|p2b: Farigiraf
|-supereffective|p2b: Farigiraf|1
|-damage|p2b: Farigiraf|0 fnt
|faint|p2b: Farigiraf
|
|-damage|p2a: Garbodor|24/100 brn|[from] brn
|upkeep
|
|t:|1784675362
|switch|p2b: Floette|Floette-Eternal, L50, F|100/100
|switch|p1b: Ninetales|Ninetales-Alola, L50, F|100/100
|-weather|Snowscape|[from] ability: Snow Warning|[of] p1b: Ninetales
|turn|5
|
|t:|1784675380
|detailschange|p2b: Floette|Floette-Mega, L50, F
|-mega|p2b: Floette|Floette|Floettite
|-ability|p2b: Floette|Fairy Aura
|move|p1b: Ninetales|Protect|p1b: Ninetales
|-singleturn|p1b: Ninetales|Protect
|move|p1a: Scizor|Bullet Punch|p2b: Floette
|-supereffective|p2b: Floette|1
|-damage|p2b: Floette|45/100
|move|p2a: Garbodor|Curse|p2a: Garbodor
|-unboost|p2a: Garbodor|spe|1
|-boost|p2a: Garbodor|atk|1
|-boost|p2a: Garbodor|def|1
|move|p2b: Floette|Calm Mind|p2b: Floette
|-boost|p2b: Floette|spa|1
|-boost|p2b: Floette|spd|1
|
|-weather|Snowscape|[upkeep]
|-damage|p2a: Garbodor|18/100 brn|[from] brn
|-fieldend|move: Trick Room
|upkeep
|turn|6
|
|t:|1784675408
|move|p2b: Floette|Protect|p2b: Floette
|-singleturn|p2b: Floette|Protect
|move|p1a: Scizor|Bullet Punch|p2b: Floette
|-activate|p2b: Floette|move: Protect
|move|p1b: Ninetales|Blizzard|p2a: Garbodor|[spread] p2a
|-activate|p2b: Floette|move: Protect
|-damage|p2a: Garbodor|0 fnt
|faint|p2a: Garbodor
|
|-weather|Snowscape|[upkeep]
|upkeep
|turn|7
|
|t:|1784675422
|move|p1a: Scizor|Bullet Punch|p2b: Floette
|-supereffective|p2b: Floette|1
|-damage|p2b: Floette|0 fnt
|faint|p2b: Floette
|
|win|Autin Mago
|l| priest_of_talos
|l|☆Autin Mago
|player|p1|
