|j|☆KingNoahC17
|j|☆kdan_7
|html|KingNoahC17kdan_7    
|uhtml|bestof|Game 2 of a best-of-3
|t:|1756265854
|gametype|doubles
|player|p1|KingNoahC17|alec-anime|1093
|player|p2|kdan_7|shauntal|1186
|gen|9
|tier|[Gen 9] VGC 2025 Reg H (Bo3)
|rated|
|rule|Species Clause: Limit one of each Pokémon
|rule|Item Clause: Limit 1 of each item
|clearpoke
|poke|p1|Hydreigon, L50, M|
|poke|p1|Corviknight, L50, F|
|poke|p1|Amoonguss, L50, F|
|poke|p1|Incineroar, L50, M|
|poke|p1|Garchomp, L50, F|
|poke|p1|Palafin, L50, M|
|poke|p2|Amoonguss, L50, F|
|poke|p2|Sneasler, L50, F|
|poke|p2|Gholdengo, L50|
|poke|p2|Incineroar, L50, M|
|poke|p2|Ursaluna-Bloodmoon, L50, M|
|poke|p2|Dragonite, L50, M|
|teampreview|4
|showteam|p1|Hydreigon||ChoiceSpecs|Levitate|HeatWave,DarkPulse,Snarl,DracoMeteor|||M|||50|,,,,,Ghost]Corviknight||CovertCloak|MirrorArmor|BraveBird,Roost,Tailwind,Taunt|||F|||50|,,,,,Dragon]Amoonguss||SitrusBerry|Regenerator|Spore,RagePowder,Protect,ClearSmog|||F|||50|,,,,,Water]Incineroar||SafetyGoggles|Intimidate|FakeOut,KnockOff,FlareBlitz,PartingShot|||M|||50|,,,,,Ghost]Garchomp||LifeOrb|RoughSkin|Protect,Earthquake,StompingTantrum,DragonClaw|||F|||50|,,,,,Ground]Palafin||MysticWater|ZerotoHero|WaveCrash,JetPunch,Protect,Haze|||M|||50|,,,,,Water
|showteam|p2|Amoonguss||SitrusBerry|Regenerator|RagePowder,Spore,PollenPuff,Protect|||F|||50|,,,,,Psychic]Sneasler||FocusSash|Unburden|Protect,DireClaw,CloseCombat,ThroatChop|||F|||50|,,,,,Stellar]Gholdengo||LifeOrb|GoodasGold|Protect,MakeItRain,ShadowBall,NastyPlot||||||50|,,,,,Water]Incineroar||SafetyGoggles|Intimidate|KnockOff,PartingShot,FlareBlitz,FakeOut|||M|||50|,,,,,Ghost]Ursaluna-Bloodmoon||AssaultVest|MindsEye|BloodMoon,EarthPower,VacuumWave,HyperVoice|||M|||50|,,,,,Water]Dragonite||LoadedDice|Multiscale|ScaleShot,Tailwind,Haze,Protect|||M|||50|,,,,,Fairy
|inactive|Battle timer is ON: inactive players will automatically lose when time's up. (requested by KingNoahC17)
|
|t:|1756265883
|teamsize|p1|4
|teamsize|p2|4
|start
|switch|p1a: Garchomp|Garchomp, L50, F|100/100
|switch|p1b: Corviknight|Corviknight, L50, F|100/100
|switch|p2a: Golden Wind|Dragonite, L50, M|100/100
|switch|p2b: Luffy|Incineroar, L50, M|100/100
|-ability|p2b: Luffy|Intimidate|boost
|-unboost|p1a: Garchomp|atk|1
|-ability|p1b: Corviknight|Mirror Armor
|-unboost|p2b: Luffy|atk|1
|turn|1
|
|t:|1756265906
|-terastallize|p1a: Garchomp|Ground
|move|p2b: Luffy|Fake Out|p1a: Garchomp
|-damage|p1a: Garchomp|92/100
|-damage|p2b: Luffy|88/100|[from] ability: Rough Skin|[of] p1a: Garchomp
|cant|p1a: Garchomp|flinch
|move|p2a: Golden Wind|Tailwind|p2a: Golden Wind
|-sidestart|p2: kdan_7|move: Tailwind
|move|p1b: Corviknight|Tailwind|p1b: Corviknight
|-sidestart|p1: KingNoahC17|move: Tailwind
|
|upkeep
|turn|2
|inactive|kdan_7 has 30 seconds left.
|inactive|kdan_7 has 20 seconds left.
|inactive|kdan_7 has 15 seconds left.
|inactive|kdan_7 has 10 seconds left.
|
|t:|1756265951
|-terastallize|p2a: Golden Wind|Fairy
|move|p1a: Garchomp|Stomping Tantrum|p2b: Luffy
|-supereffective|p2b: Luffy
|-damage|p2b: Luffy|0 fnt
|faint|p2b: Luffy
|-damage|p1a: Garchomp|83/100|[from] item: Life Orb
|move|p2a: Golden Wind|Scale Shot|p1a: Garchomp
|-damage|p1a: Garchomp|67/100
|-damage|p1a: Garchomp|51/100
|-damage|p1a: Garchomp|38/100
|-damage|p1a: Garchomp|21/100
|-damage|p1a: Garchomp|6/100
|-hitcount|p1a: Garchomp|5
|-unboost|p2a: Golden Wind|def|1
|-boost|p2a: Golden Wind|spe|1
|move|p1b: Corviknight|Brave Bird|p2a: Golden Wind
|-damage|p2a: Golden Wind|63/100
|-damage|p1b: Corviknight|90/100|[from] Recoil
|
|upkeep
|
|t:|1756265972
|switch|p2b: Say Cheese|Gholdengo, L50|100/100
|turn|3
|
|t:|1756265982
|switch|p1a: Incineroar|Incineroar, L50, M|100/100
|-ability|p1a: Incineroar|Intimidate|boost
|-unboost|p2a: Golden Wind|atk|1
|-unboost|p2b: Say Cheese|atk|1
|move|p2a: Golden Wind|Scale Shot|p1a: Incineroar
|-damage|p1a: Incineroar|90/100
|-damage|p1a: Incineroar|81/100
|-damage|p1a: Incineroar|70/100
|-damage|p1a: Incineroar|61/100
|-hitcount|p1a: Incineroar|4
|-unboost|p2a: Golden Wind|def|1
|-boost|p2a: Golden Wind|spe|1
|move|p2b: Say Cheese|Nasty Plot|p2b: Say Cheese
|-boost|p2b: Say Cheese|spa|2
|move|p1b: Corviknight|Brave Bird|p2a: Golden Wind
|-damage|p2a: Golden Wind|0 fnt
|faint|p2a: Golden Wind
|-damage|p1b: Corviknight|73/100|[from] Recoil
|
|upkeep
|
|t:|1756266003
|switch|p2a: 8|Sneasler, L50, F|100/100
|turn|4
|inactive|KingNoahC17 has 30 seconds left.
|
|t:|1756266035
|move|p2a: 8|Protect|p2a: 8
|-singleturn|p2a: 8|Protect
|move|p1a: Incineroar|Fake Out|p2a: 8
|-activate|p2a: 8|move: Protect
|move|p2b: Say Cheese|Shadow Ball|p1b: Corviknight
|-crit|p1b: Corviknight
|-damage|p1b: Corviknight|0 fnt
|faint|p1b: Corviknight
|-damage|p2b: Say Cheese|91/100|[from] item: Life Orb
|
|-sideend|p1: KingNoahC17|move: Tailwind
|-sideend|p2: kdan_7|move: Tailwind
|upkeep
|
|t:|1756266041
|switch|p1b: Amoonguss|Amoonguss, L50, F|100/100
|turn|5
|
|t:|1756266052
|move|p1b: Amoonguss|Protect|p1b: Amoonguss
|-singleturn|p1b: Amoonguss|Protect
|move|p2a: 8|Close Combat|p1a: Incineroar
|-supereffective|p1a: Incineroar
|-damage|p1a: Incineroar|0 fnt
|-unboost|p2a: 8|def|1
|-unboost|p2a: 8|spd|1
|faint|p1a: Incineroar
|move|p2b: Say Cheese|Make It Rain|p1b: Amoonguss
|-activate|p1b: Amoonguss|move: Protect
|
|upkeep
|
|t:|1756266054
|switch|p1a: Garchomp|Garchomp, L50, F, tera:Ground|6/100
|turn|6
|
|t:|1756266066
|move|p1b: Amoonguss|Rage Powder|p1b: Amoonguss
|-singleturn|p1b: Amoonguss|move: Rage Powder
|move|p2a: 8|Close Combat|p1b: Amoonguss
|-resisted|p1b: Amoonguss
|-damage|p1b: Amoonguss|75/100
|-unboost|p2a: 8|def|1
|-unboost|p2a: 8|spd|1
|move|p1a: Garchomp|Earthquake|p2a: 8|[spread] p1b,p2a,p2b
|-supereffective|p2a: 8
|-supereffective|p2b: Say Cheese
|-damage|p1b: Amoonguss|21/100
|-enditem|p2a: 8|Focus Sash
|-damage|p2a: 8|1/100
|-damage|p2b: Say Cheese|0 fnt
|-enditem|p1b: Amoonguss|Sitrus Berry|[eat]
|-heal|p1b: Amoonguss|46/100|[from] item: Sitrus Berry
|faint|p2b: Say Cheese
|-damage|p1a: Garchomp|0 fnt|[from] item: Life Orb
|faint|p1a: Garchomp
|
|upkeep
|turn|7
|
|t:|1756266084
|move|p1b: Amoonguss|Protect|p1b: Amoonguss
|-singleturn|p1b: Amoonguss|Protect
|move|p2a: 8|Dire Claw|p1b: Amoonguss
|-activate|p1b: Amoonguss|move: Protect
|
|upkeep
|turn|8
|
|t:|1756266088
|move|p2a: 8|Dire Claw|p1b: Amoonguss
|-damage|p1b: Amoonguss|10/100
|-status|p1b: Amoonguss|slp
|cant|p1b: Amoonguss|slp
|
|upkeep
|turn|9
|
|t:|1756266096
|cant|p1b: Amoonguss|slp
|move|p2a: 8|Dire Claw|p1b: Amoonguss
|-damage|p1b: Amoonguss|0 fnt
|faint|p1b: Amoonguss
|
|win|kdan_7
|raw|KingNoahC17's rating: 1093 → 1075(-18 for losing)
|raw|kdan_7's rating: 1186 → 1204(+18 for winning)
|l|☆kdan_7
|player|p2|
