|j|☆Sawadaburner
|j|☆castoriceball
|html|Sawadaburnercastoriceball    
|uhtml|bestof|Game 2 of a best-of-3
|t:|1784018787
|gametype|doubles
|player|p1|Sawadaburner|170|1325
|player|p2|castoriceball|miku-flying|1260
|gen|9
|tier|[Gen 9 Champions] VGC 2026 Reg M-B (Bo3)
|rated|
|rule|Species Clause: Limit one of each Pokémon
|rule|Item Clause: Limit 1 of each item
|clearpoke
|poke|p1|Charizard, L50, F|
|poke|p1|Grimmsnarl, L50, M|
|poke|p1|Pelipper, L50, M|
|poke|p1|Archaludon, L50, F|
|poke|p1|Basculegion, L50, M|
|poke|p1|Venusaur, L50, F|
|poke|p2|Garchomp, L50, F|
|poke|p2|Floette-Eternal, L50, F|
|poke|p2|Talonflame, L50, M|
|poke|p2|Rotom-Wash, L50, shiny|
|poke|p2|Sneasler, L50, M|
|poke|p2|Sinistcha, L50|
|teampreview|4
|showteam|p1|Charizard||CharizarditeY|Blaze|HeatWave,WeatherBall,SolarBeam,Protect|Modest||F|||50|]Grimmsnarl||LightClay|Prankster|SpiritBreak,Reflect,LightScreen,PartingShot|Sassy||M|||50|]Pelipper||SitrusBerry|Drizzle|WeatherBall,Hurricane,Tailwind,WideGuard|Modest||M|||50|]Archaludon||Leftovers|Stamina|FlashCannon,DragonPulse,ElectroShot,Protect|Calm||F|||50|]Basculegion||ChoiceScarf|Adaptability|WaveCrash,AquaJet,LastRespects,FlipTurn|Jolly||M|||50|]Venusaur||FocusSash|Chlorophyll|SludgeBomb,EarthPower,SleepPowder,Protect|Modest||F|||50|
|showteam|p2|Garchomp||LifeOrb|RoughSkin|DragonClaw,Earthquake,RockSlide,Protect|Adamant||F|||50|]Floette-Eternal||Floettite|FlowerVeil|Moonblast,DazzlingGleam,LightofRuin,Protect|Modest||F|||50|]Talonflame||SharpBeak|GaleWings|Tailwind,DualWingbeat,FlareBlitz,Protect|Jolly||M|||50|]Rotom-Wash||Magnet|Levitate|Thunderbolt,HydroPump,Electroweb,Protect|Modest|||||50|]Sneasler||FocusSash|PoisonTouch|FakeOut,CloseCombat,DireClaw,QuickGuard|Adamant||M|||50|]Sinistcha||MiracleSeed|Hospitality|TrickRoom,ShadowBall,RagePowder,MatchaGotcha|Modest|||||50|
|inactive|Battle timer is ON: inactive players will automatically lose when time's up. (requested by Sawadaburner)
|
|t:|1784018805
|teamsize|p1|4
|teamsize|p2|4
|start
|switch|p1a: Charizard|Charizard, L50, F|100/100
|switch|p1b: Venusaur|Venusaur, L50, F|100/100
|switch|p2a: Snoobler|Sneasler, L50, M|100/100
|switch|p2b: BIRDD|Talonflame, L50, M|100/100
|turn|1
|inactive|castoriceball has 30 seconds left.
|
|t:|1784018832
|switch|p1b: Archaludon|Archaludon, L50, F|100/100
|detailschange|p1a: Charizard|Charizard-Mega-Y, L50, F
|-mega|p1a: Charizard|Charizard|Charizardite Y
|-weather|SunnyDay|[from] ability: Drought|[of] p1a: Charizard
|move|p2a: Snoobler|Fake Out|p1b: Archaludon
|-resisted|p1b: Archaludon|1
|-damage|p1b: Archaludon|94/100
|-ability|p1b: Archaludon|Stamina|boost
|-boost|p1b: Archaludon|def|1
|move|p2b: BIRDD|Tailwind|p2b: BIRDD
|-sidestart|p2: castoriceball|move: Tailwind
|move|p1a: Charizard|Heat Wave|p2b: BIRDD|[spread] p2b
|-miss|p1a: Charizard|p2a: Snoobler
|-resisted|p2b: BIRDD|1
|-damage|p2b: BIRDD|54/100
|
|-weather|SunnyDay|[upkeep]
|-heal|p1b: Archaludon|100/100|[from] item: Leftovers
|upkeep
|turn|2
|
|t:|1784018849
|move|p2b: BIRDD|Dual Wingbeat|p1a: Charizard
|-damage|p1a: Charizard|80/100
|-damage|p1a: Charizard|60/100
|-hitcount|p1a: Charizard|2
|move|p2a: Snoobler|Dire Claw|p1a: Charizard
|-damage|p1a: Charizard|12/100
|move|p1a: Charizard|Heat Wave|p2b: BIRDD|[spread] p2a,p2b
|-resisted|p2b: BIRDD|1
|-damage|p2a: Snoobler|16/100
|-damage|p2b: BIRDD|8/100
|move|p1b: Archaludon|Dragon Pulse|p2a: Snoobler
|-damage|p2a: Snoobler|0 fnt
|faint|p2a: Snoobler
|
|-weather|SunnyDay|[upkeep]
|upkeep
|
|t:|1784018858
|switch|p2a: $70 flutter|Floette-Eternal, L50, F|100/100
|turn|3
|
|t:|1784018876
|switch|p1a: Pelipper|Pelipper, L50, M|100/100
|-weather|RainDance|[from] ability: Drizzle|[of] p1a: Pelipper
|detailschange|p2a: $70 flutter|Floette-Mega, L50, F
|-mega|p2a: $70 flutter|Floette|Floettite
|-ability|p2a: $70 flutter|Fairy Aura
|move|p2b: BIRDD|Dual Wingbeat|p1a: Pelipper
|-crit|p1a: Pelipper
|-damage|p1a: Pelipper|70/100
|-damage|p1a: Pelipper|50/100y
|-enditem|p1a: Pelipper|Sitrus Berry|[eat]
|-heal|p1a: Pelipper|74/100|[from] item: Sitrus Berry
|-hitcount|p1a: Pelipper|2
|move|p2a: $70 flutter|Light of Ruin|p1b: Archaludon
|-damage|p1b: Archaludon|0 fnt
|faint|p1b: Archaludon
|-damage|p2a: $70 flutter|36/100|[from] Recoil
|
|-weather|RainDance|[upkeep]
|upkeep
|
|t:|1784018881
|switch|p1b: Venusaur|Venusaur, L50, F|100/100
|turn|4
|
|t:|1784018894
|move|p1b: Venusaur|Protect|p1b: Venusaur
|-singleturn|p1b: Venusaur|Protect
|move|p2b: BIRDD|Dual Wingbeat|p1b: Venusaur
|-activate|p1b: Venusaur|move: Protect
|move|p2a: $70 flutter|Dazzling Gleam|p1a: Pelipper|[spread] p1a
|-activate|p1b: Venusaur|move: Protect
|-damage|p1a: Pelipper|10/100
|move|p1a: Pelipper|Tailwind|p1a: Pelipper
|-sidestart|p1: Sawadaburner|move: Tailwind
|
|-weather|RainDance|[upkeep]
|-sideend|p2: castoriceball|move: Tailwind
|upkeep
|turn|5
|
|t:|1784018907
|switch|p2b: Laundry List|Rotom-Wash, L50, shiny|100/100
|move|p2a: $70 flutter|Protect|p2a: $70 flutter
|-singleturn|p2a: $70 flutter|Protect
|move|p1b: Venusaur|Sludge Bomb|p2a: $70 flutter
|-activate|p2a: $70 flutter|move: Protect
|move|p1a: Pelipper|Weather Ball|p2b: Laundry List
|-resisted|p2b: Laundry List|1
|-crit|p2b: Laundry List
|-damage|p2b: Laundry List|55/100
|
|-weather|RainDance|[upkeep]
|upkeep
|turn|6
|
|t:|1784018921
|move|p1b: Venusaur|Sludge Bomb|p2a: $70 flutter
|-supereffective|p2a: $70 flutter|1
|-damage|p2a: $70 flutter|0 fnt
|faint|p2a: $70 flutter
|move|p1a: Pelipper|Weather Ball|p2b: Laundry List
|-resisted|p2b: Laundry List|1
|-damage|p2b: Laundry List|23/100
|move|p2b: Laundry List|Electroweb|p1b: Venusaur|[spread] p1a,p1b
|-supereffective|p1a: Pelipper|2
|-resisted|p1b: Venusaur|1
|-damage|p1a: Pelipper|0 fnt
|-damage|p1b: Venusaur|86/100
|-unboost|p1b: Venusaur|spe|1
|faint|p1a: Pelipper
|
|-weather|RainDance|[upkeep]
|upkeep
|
|t:|1784018927
|switch|p2a: BIRDD|Talonflame, L50, M|8/100
|switch|p1a: Charizard|Charizard-Mega-Y, L50, F|12/100
|-weather|SunnyDay|[from] ability: Drought|[of] p1a: Charizard
|turn|7
|
|t:|1784018937
|move|p2a: BIRDD|Protect|p2a: BIRDD
|-singleturn|p2a: BIRDD|Protect
|move|p2b: Laundry List|Protect|p2b: Laundry List
|-singleturn|p2b: Laundry List|Protect
|move|p1b: Venusaur|Sludge Bomb|p2a: BIRDD
|-activate|p2a: BIRDD|move: Protect
|move|p1a: Charizard|Solar Beam||[still]
|-prepare|p1a: Charizard|Solar Beam
|-anim|p1a: Charizard|Solar Beam|p2b: Laundry List
|-activate|p2b: Laundry List|move: Protect
|
|-weather|SunnyDay|[upkeep]
|-sideend|p1: Sawadaburner|move: Tailwind
|upkeep
|turn|8
|inactive|castoriceball has 30 seconds left.
|inactive|castoriceball has 20 seconds left.
|inactive|castoriceball has 15 seconds left.
|
|t:|1784018980
|move|p1a: Charizard|Protect|p1a: Charizard
|-singleturn|p1a: Charizard|Protect
|move|p2a: BIRDD|Flare Blitz|p1b: Venusaur
|-supereffective|p1b: Venusaur|1
|-damage|p1b: Venusaur|0 fnt
|faint|p1b: Venusaur
|-damage|p2a: BIRDD|0 fnt|[from] Recoil
|faint|p2a: BIRDD
|move|p2b: Laundry List|Thunderbolt|p1a: Charizard
|-activate|p1a: Charizard|move: Protect
|
|-weather|SunnyDay|[upkeep]
|upkeep
|turn|9
|
|t:|1784018989
|move|p2b: Laundry List|Protect|p2b: Laundry List
|-singleturn|p2b: Laundry List|Protect
|move|p1a: Charizard|Solar Beam||[still]
|-prepare|p1a: Charizard|Solar Beam
|-anim|p1a: Charizard|Solar Beam|p2b: Laundry List
|-activate|p2b: Laundry List|move: Protect
|
|-weather|SunnyDay|[upkeep]
|upkeep
|turn|10
|
|t:|1784018998
|move|p2b: Laundry List|Protect||[still]
|-fail|p2b: Laundry List
|move|p1a: Charizard|Solar Beam||[still]
|-prepare|p1a: Charizard|Solar Beam
|-anim|p1a: Charizard|Solar Beam|p2b: Laundry List
|-supereffective|p2b: Laundry List|1
|-damage|p2b: Laundry List|0 fnt
|faint|p2b: Laundry List
|
|win|Sawadaburner
||Sawadaburner is ready for game 3.
