|j|☆utbfd
|j|☆TeyVgc
|html|utbfdTeyVgc    
|uhtml|bestof|Game 2 of a best-of-3
|t:|1784056716
|gametype|doubles
|player|p1|utbfd|169|1242
|player|p2|TeyVgc|rood|1248
|gen|9
|tier|[Gen 9 Champions] VGC 2026 Reg M-B (Bo3)
|rated|
|rule|Species Clause: Limit one of each Pokémon
|rule|Item Clause: Limit 1 of each item
|clearpoke
|poke|p1|Swampert, L50, F|
|poke|p1|Sableye, L50, M|
|poke|p1|Archaludon, L50, M|
|poke|p1|Pelipper, L50, M|
|poke|p1|Mawile, L50, F|
|poke|p1|Farigiraf, L50, M|
|poke|p2|Raichu, L50, F|
|poke|p2|Sinistcha, L50|
|poke|p2|Ceruledge, L50, F|
|poke|p2|Milotic, L50, M|
|poke|p2|Incineroar, L50, F|
|poke|p2|Floette-Eternal, L50, F|
|teampreview|4
|showteam|p1|Swampert||Swampertite|Damp|WaveCrash,HighHorsepower,IcePunch,Protect|Adamant||F|||50|]Sableye||LightClay|Prankster|RainDance,LightScreen,Reflect,Quash|Bold||M|||50|]Archaludon||Leftovers|Stamina|ElectroShot,DragonPulse,FlashCannon,Protect|Calm||M|||50|]Pelipper||FocusSash|Drizzle|WeatherBall,Hurricane,Tailwind,Protect|Modest||M|||50|]Mawile||Mawilite|HyperCutter|PlayRough,SuckerPunch,SwordsDance,Protect|Brave||F|||50|]Farigiraf||ColburBerry|ArmorTail|TwinBeam,TrickRoom,AllySwitch,Protect|Relaxed||M|||50|
|showteam|p2|Raichu||RaichuniteY|LightningRod|ZapCannon,FocusBlast,FakeOut,Protect|Timid||F|||50|]Sinistcha||KasibBerry|Hospitality|MatchaGotcha,Protect,RagePowder,TrickRoom|Relaxed|||||50|]Ceruledge||ColburBerry|FlashFire|BitterBlade,ShadowSneak,BulkUp,Protect|Adamant||F|||50|]Milotic||Leftovers|Competitive|MuddyWater,Coil,Hypnosis,Recover|Calm||M|||50|]Incineroar||SitrusBerry|Intimidate|FlareBlitz,ThroatChop,FakeOut,PartingShot|Impish||F|||50|]Floette-Eternal||Floettite|FlowerVeil|CalmMind,Protect,Moonblast,DazzlingGleam|Modest||F|||50|
|inactive|Battle timer is ON: inactive players will automatically lose when time's up. (requested by utbfd)
|
|t:|1784056732
|teamsize|p1|4
|teamsize|p2|4
|start
|switch|p1a: Pocket Sand|Sableye, L50, M|100/100
|switch|p1b: BRIDGEMANIA|Archaludon, L50, M|100/100
|switch|p2a: Raichu|Raichu, L50, F|100/100
|switch|p2b: Floette|Floette-Eternal, L50, F|100/100
|turn|1
|
|t:|1784056746
|switch|p1b: fih.|Swampert, L50, F|100/100
|detailschange|p2b: Floette|Floette-Mega, L50, F
|-mega|p2b: Floette|Floette|Floettite
|-ability|p2b: Floette|Fairy Aura
|move|p2a: Raichu|Fake Out|p1b: fih.
|-damage|p1b: fih.|91/100
|move|p1a: Pocket Sand|Light Screen|p1a: Pocket Sand
|-sidestart|p1: utbfd|move: Light Screen
|move|p2b: Floette|Calm Mind|p2b: Floette
|-boost|p2b: Floette|spa|1
|-boost|p2b: Floette|spd|1
|
|upkeep
|turn|2
|
|t:|1784056768
|switch|p2a: Sinistcha|Sinistcha, L50|100/100
|detailschange|p1b: fih.|Swampert-Mega, L50, F
|-mega|p1b: fih.|Swampert|Swampertite
|move|p1a: Pocket Sand|Rain Dance|p1a: Pocket Sand
|-weather|RainDance
|move|p1b: fih.|Wave Crash|p2a: Sinistcha
|-resisted|p2a: Sinistcha|1
|-damage|p2a: Sinistcha|51/100
|-damage|p1b: fih.|77/100|[from] Recoil
|move|p2b: Floette|Calm Mind|p2b: Floette
|-boost|p2b: Floette|spa|1
|-boost|p2b: Floette|spd|1
|
|-weather|RainDance|[upkeep]
|upkeep
|turn|3
|
|t:|1784056785
|move|p2b: Floette|Protect|p2b: Floette
|-singleturn|p2b: Floette|Protect
|move|p1a: Pocket Sand|Reflect|p1a: Pocket Sand
|-sidestart|p1: utbfd|Reflect
|move|p1b: fih.|Ice Punch|p2a: Sinistcha
|-supereffective|p2a: Sinistcha|1
|-damage|p2a: Sinistcha|0 fnt
|faint|p2a: Sinistcha
|
|-weather|RainDance|[upkeep]
|upkeep
|
|t:|1784056793
|switch|p2a: Raichu|Raichu, L50, F|100/100
|turn|4
|
|t:|1784056802
|switch|p1a: BRIDGEMANIA|Archaludon, L50, M|100/100
|move|p1b: fih.|Protect|p1b: fih.
|-singleturn|p1b: fih.|Protect
|move|p2a: Raichu|Fake Out|p1b: fih.
|-activate|p1b: fih.|move: Protect
|move|p2b: Floette|Calm Mind|p2b: Floette
|-boost|p2b: Floette|spa|1
|-boost|p2b: Floette|spd|1
|
|-weather|RainDance|[upkeep]
|upkeep
|turn|5
|
|t:|1784056816
|move|p2b: Floette|Protect|p2b: Floette
|-singleturn|p2b: Floette|Protect
|move|p1b: fih.|Wave Crash|p2b: Floette
|-activate|p2b: Floette|move: Protect
|move|p2a: Raichu|Focus Blast|p1b: fih.
|-damage|p1b: fih.|62/100
|move|p1a: BRIDGEMANIA|Dragon Pulse|p2a: Raichu
|-damage|p2a: Raichu|50/100g
|
|-weather|RainDance|[upkeep]
|upkeep
|turn|6
|
|t:|1784056834
|switch|p2a: Milotic|Milotic, L50, M|100/100
|move|p2b: Floette|Protect||[still]
|-fail|p2b: Floette
|move|p1b: fih.|Wave Crash|p2b: Floette
|-damage|p2b: Floette|0 fnt
|faint|p2b: Floette
|-damage|p1b: fih.|31/100|[from] Recoil
|move|p1a: BRIDGEMANIA|Dragon Pulse|p2a: Milotic
|-damage|p2a: Milotic|78/100
|
|-weather|none
|-heal|p2a: Milotic|84/100|[from] item: Leftovers
|upkeep
|-message|TeyVgc forfeited.
|
|win|utbfd
|raw|utbfd's rating: 1242 → 1267(+25 for winning)
|raw|TeyVgc's rating: 1248 → 1223(-25 for losing)
