|j|☆irluke
|j|☆404elephants
|html|irluke404elephants    
|uhtml|bestof|Game 1 of a best-of-3
|t:|1785146526
|gametype|doubles
|player|p1|irluke|n|
|player|p2|404elephants|dawn|
|gen|9
|tier|[Gen 9 Champions] VGC 2026 Reg M-B (Bo3)
|rule|Species Clause: Limit one of each Pokémon
|rule|Item Clause: Limit 1 of each item
|clearpoke
|poke|p1|Tyranitar, L50, F|
|poke|p1|Excadrill, L50, F|
|poke|p1|Milotic, L50, M|
|poke|p1|Sinistcha, L50|
|poke|p1|Staraptor, L50, M|
|poke|p1|Gholdengo, L50|
|poke|p2|Pelipper, L50, F|
|poke|p2|Swampert, L50, M|
|poke|p2|Archaludon, L50, M|
|poke|p2|Sableye, L50, M|
|poke|p2|Sinistcha, L50|
|poke|p2|Metagross, L50|
|teampreview|4
|showteam|p1|Tyranitar||Tyranitarite|SandStream|RockSlide,KnockOff,HighHorsepower,Protect|Jolly||F|||50|]Excadrill||FocusSash|SandRush|RockSlide,Earthquake,IronHead,Protect|Jolly||F|||50|]Milotic||SitrusBerry|MarvelScale|Scald,IcyWind,Haze,Protect|Calm||M|||50|]Sinistcha||ColburBerry|Hospitality|MatchaGotcha,ShadowBall,RagePowder,Protect|Bold|||||50|]Staraptor||Staraptite|Intimidate|CloseCombat,DualWingbeat,Roost,Protect|Jolly||M|||50|]Gholdengo||LifeOrb|GoodasGold|MakeItRain,ShadowBall,NastyPlot,Protect|Modest|||||50|
|showteam|p2|Pelipper||FocusSash|Drizzle|Protect,WeatherBall,Tailwind,Hurricane|Modest||F|||50|]Swampert||Swampertite|Torrent|Protect,WaveCrash,Earthquake,HighHorsepower|Adamant||M|||50|]Archaludon||Leftovers|Stamina|Protect,ElectroShot,DracoMeteor,FlashCannon|Calm||M|||50|]Sableye||RoseliBerry|Prankster|FoulPlay,ThunderWave,LightScreen,RainDance|Sassy||M|||50|]Sinistcha||SitrusBerry|Hospitality|RagePowder,MatchaGotcha,TrickRoom,LifeDew|Bold|||||50|]Metagross||Metagrossite|ClearBody|Protect,IronHead,BodyPress,PsychicFangs|Jolly|||||50|
|inactive|Battle timer is ON: inactive players will automatically lose when time's up. (requested by 404elephants)
|c|☆irluke|glhf!
|inactiveoff|Battle timer is now OFF.
|c|☆404elephants|glhf
|j| ninjameerkat
|j| girlschoicebandcry
|j| 5wamp
|j| monsoonisbest
|l| 5wamp
|j| 5wamp
|
|t:|1785146597
|teamsize|p1|4
|teamsize|p2|4
|start
|switch|p1a: Staraptor|Staraptor, L50, M|100/100
|switch|p1b: Excadrill|Excadrill, L50, F|100/100
|switch|p2a: Sableye|Sableye, L50, M|100/100
|switch|p2b: Archaludon|Archaludon, L50, M|100/100
|-ability|p1a: Staraptor|Intimidate|boost
|-unboost|p2a: Sableye|atk|1
|-unboost|p2b: Archaludon|atk|1
|turn|1
|
|t:|1785146654
|switch|p1a: Sinistcha|Sinistcha, L50|100/100
|move|p2b: Archaludon|Protect|p2b: Archaludon
|-singleturn|p2b: Archaludon|Protect
|move|p2a: Sableye|Thunder Wave|p1a: Sinistcha
|-status|p1a: Sinistcha|par
|move|p1b: Excadrill|Earthquake|p2b: Archaludon|[spread] p1a,p2a
|-activate|p2b: Archaludon|move: Protect
|-resisted|p1a: Sinistcha|1
|-damage|p1a: Sinistcha|84/100 par
|-damage|p2a: Sableye|43/100
|
|upkeep
|turn|2
|l| 5wamp
|j| Cerebellibrarian
|j| 5wamp
|l| 5wamp
|
|t:|1785146696
|switch|p2a: Sinistcha|Sinistcha, L50|100/100
|move|p1b: Excadrill|Earthquake|p2a: Sinistcha|[spread] p1a,p2a,p2b
|-resisted|p1a: Sinistcha|1
|-resisted|p2a: Sinistcha|1
|-supereffective|p2b: Archaludon|1
|-damage|p1a: Sinistcha|68/100 par
|-damage|p2a: Sinistcha|84/100
|-damage|p2b: Archaludon|39/100
|-ability|p2b: Archaludon|Stamina|boost
|-boost|p2b: Archaludon|def|1
|move|p2b: Archaludon|Flash Cannon|p1a: Sinistcha
|-damage|p1a: Sinistcha|34/100 par
|-unboost|p1a: Sinistcha|spd|1
|move|p1a: Sinistcha|Shadow Ball|p2b: Archaludon
|-damage|p2b: Archaludon|10/100
|-unboost|p2b: Archaludon|spd|1
|-ability|p2b: Archaludon|Stamina|boost
|-boost|p2b: Archaludon|def|1
|
|-heal|p2b: Archaludon|16/100|[from] item: Leftovers
|upkeep
|turn|3
|j| 5wamp
|
|t:|1785146740
|move|p2b: Archaludon|Protect|p2b: Archaludon
|-singleturn|p2b: Archaludon|Protect
|move|p1b: Excadrill|Iron Head|p2a: Sinistcha
|-damage|p2a: Sinistcha|51/100
|move|p2a: Sinistcha|Life Dew|p2a: Sinistcha|[spread] p2a,p2b
|-heal|p2a: Sinistcha|76/100
|-heal|p2b: Archaludon|41/100
|cant|p1a: Sinistcha|par
|
|-heal|p2b: Archaludon|47/100|[from] item: Leftovers
|upkeep
|turn|4
|
|t:|1785146780
|move|p1b: Excadrill|Protect|p1b: Excadrill
|-singleturn|p1b: Excadrill|Protect
|move|p2b: Archaludon|Flash Cannon|p1a: Sinistcha
|-damage|p1a: Sinistcha|0 fnt
|faint|p1a: Sinistcha
|move|p2a: Sinistcha|Life Dew|p2a: Sinistcha|[spread] p2a,p2b
|-heal|p2a: Sinistcha|100/100
|-heal|p2b: Archaludon|72/100
|
|-heal|p2b: Archaludon|78/100|[from] item: Leftovers
|upkeep
|
|t:|1785146790
|switch|p1a: Staraptor|Staraptor, L50, M|100/100
|-ability|p1a: Staraptor|Intimidate|boost
|-unboost|p2a: Sinistcha|atk|1
|-unboost|p2b: Archaludon|atk|1
|turn|5
|j| FullCrimp
|
|t:|1785146819
|detailschange|p1a: Staraptor|Staraptor-Mega, L50, M
|-mega|p1a: Staraptor|Staraptor|Staraptite
|move|p2b: Archaludon|Protect|p2b: Archaludon
|-singleturn|p2b: Archaludon|Protect
|move|p1a: Staraptor|Dual Wingbeat|p2a: Sinistcha
|-supereffective|p2a: Sinistcha|1
|-damage|p2a: Sinistcha|68/100
|-supereffective|p2a: Sinistcha|1
|-crit|p2a: Sinistcha
|-damage|p2a: Sinistcha|23/100
|-enditem|p2a: Sinistcha|Sitrus Berry|[eat]
|-heal|p2a: Sinistcha|48/100|[from] item: Sitrus Berry
|-hitcount|p2a: Sinistcha|2
|move|p1b: Excadrill|Earthquake|p2a: Sinistcha|[spread] p2a
|-activate|p2b: Archaludon|move: Protect
|-immune|p1a: Staraptor
|-resisted|p2a: Sinistcha|1
|-damage|p2a: Sinistcha|33/100
|move|p2a: Sinistcha|Trick Room|p2a: Sinistcha
|-fieldstart|move: Trick Room|[of] p2a: Sinistcha
|
|-heal|p2b: Archaludon|84/100|[from] item: Leftovers
|upkeep
|turn|6
|
|t:|1785146865
|move|p2a: Sinistcha|Matcha Gotcha|p1a: Staraptor|[spread] p1a,p1b
|-resisted|p1a: Staraptor|1
|-crit|p1b: Excadrill
|-damage|p1a: Staraptor|88/100
|-heal|p2a: Sinistcha|39/100|[from] drain|[of] p1a: Staraptor
|-damage|p1b: Excadrill|51/100
|-heal|p2a: Sinistcha|65/100|[from] drain|[of] p1b: Excadrill
|move|p2b: Archaludon|Flash Cannon|p1a: Staraptor
|-damage|p1a: Staraptor|54/100
|move|p1b: Excadrill|Iron Head|p2a: Sinistcha
|-damage|p2a: Sinistcha|29/100
|move|p1a: Staraptor|Close Combat|p2b: Archaludon
|-supereffective|p2b: Archaludon|1
|-damage|p2b: Archaludon|44/100
|-boost|p1a: Staraptor|def|1
|-boost|p1a: Staraptor|spd|1
|-ability|p2b: Archaludon|Stamina|boost
|-boost|p2b: Archaludon|def|1
|
|-heal|p2b: Archaludon|50/100g|[from] item: Leftovers
|upkeep
|turn|7
|
|t:|1785146895
|move|p1b: Excadrill|Protect|p1b: Excadrill
|-singleturn|p1b: Excadrill|Protect
|move|p1a: Staraptor|Protect|p1a: Staraptor
|-singleturn|p1a: Staraptor|Protect
|move|p2a: Sinistcha|Life Dew|p2a: Sinistcha|[spread] p2a,p2b
|-heal|p2a: Sinistcha|54/100
|-heal|p2b: Archaludon|75/100
|move|p2b: Archaludon|Draco Meteor|p1a: Staraptor
|-activate|p1a: Staraptor|move: Protect
|
|-heal|p2b: Archaludon|81/100|[from] item: Leftovers
|upkeep
|turn|8
|
|t:|1785146943
|move|p2a: Sinistcha|Matcha Gotcha|p1a: Staraptor|[spread] p1a,p1b
|-resisted|p1a: Staraptor|1
|-crit|p1a: Staraptor
|-crit|p1b: Excadrill
|-damage|p1a: Staraptor|35/100
|-heal|p2a: Sinistcha|64/100|[from] drain|[of] p1a: Staraptor
|-damage|p1b: Excadrill|1/100
|-heal|p2a: Sinistcha|92/100|[from] drain|[of] p1b: Excadrill
|move|p2b: Archaludon|Flash Cannon|p1a: Staraptor
|-damage|p1a: Staraptor|10/100
|move|p1b: Excadrill|Earthquake|p2b: Archaludon|[spread] p2a,p2b
|-immune|p1a: Staraptor
|-resisted|p2a: Sinistcha|1
|-supereffective|p2b: Archaludon|1
|-damage|p2a: Sinistcha|76/100
|-damage|p2b: Archaludon|57/100
|-ability|p2b: Archaludon|Stamina|boost
|-boost|p2b: Archaludon|def|1
|move|p1a: Staraptor|Roost|p1a: Staraptor
|-heal|p1a: Staraptor|60/100
|-singleturn|p1a: Staraptor|move: Roost
|
|-heal|p2b: Archaludon|63/100|[from] item: Leftovers
|upkeep
|turn|9
|
|t:|1785146968
|move|p1b: Excadrill|Protect|p1b: Excadrill
|-singleturn|p1b: Excadrill|Protect
|move|p2a: Sinistcha|Life Dew|p2a: Sinistcha|[spread] p2a,p2b
|-heal|p2a: Sinistcha|100/100
|-heal|p2b: Archaludon|88/100
|move|p2b: Archaludon|Electro Shot||[still]
|-prepare|p2b: Archaludon|Electro Shot
|-boost|p2b: Archaludon|spa|1
|move|p1a: Staraptor|Roost|p1a: Staraptor
|-heal|p1a: Staraptor|100/100
|-singleturn|p1a: Staraptor|move: Roost
|
|-heal|p2b: Archaludon|94/100|[from] item: Leftovers
|-fieldend|move: Trick Room
|upkeep
|turn|10
|l| 5wamp
|
|t:|1785147014
|move|p1a: Staraptor|Dual Wingbeat|p2a: Sinistcha
|-supereffective|p2a: Sinistcha|1
|-damage|p2a: Sinistcha|68/100
|-supereffective|p2a: Sinistcha|1
|-damage|p2a: Sinistcha|36/100
|-hitcount|p2a: Sinistcha|2
|move|p1b: Excadrill|Earthquake|p2b: Archaludon|[spread] p2a,p2b
|-immune|p1a: Staraptor
|-resisted|p2a: Sinistcha|1
|-supereffective|p2b: Archaludon|1
|-damage|p2a: Sinistcha|19/100
|-damage|p2b: Archaludon|73/100
|-ability|p2b: Archaludon|Stamina|boost
|-boost|p2b: Archaludon|def|1
|move|p2b: Archaludon|Electro Shot|p1a: Staraptor|[from] lockedmove
|-supereffective|p1a: Staraptor|1
|-damage|p1a: Staraptor|23/100
|move|p2a: Sinistcha|Matcha Gotcha|p1b: Excadrill|[spread] 
|-miss|p2a: Sinistcha|p1a: Staraptor
|-miss|p2a: Sinistcha|p1b: Excadrill
|
|-heal|p2b: Archaludon|79/100|[from] item: Leftovers
|upkeep
|turn|11
|j| 5wamp
|l| 5wamp
|
|t:|1785147044
|move|p1a: Staraptor|Protect|p1a: Staraptor
|-singleturn|p1a: Staraptor|Protect
|move|p1b: Excadrill|Earthquake|p2a: Sinistcha|[spread] p2a,p2b
|-activate|p1a: Staraptor|move: Protect
|-resisted|p2a: Sinistcha|1
|-supereffective|p2b: Archaludon|1
|-damage|p2a: Sinistcha|5/100
|-damage|p2b: Archaludon|62/100
|-ability|p2b: Archaludon|Stamina|boost
|-boost|p2b: Archaludon|def|1
|move|p2b: Archaludon|Flash Cannon|p1b: Excadrill
|-resisted|p1b: Excadrill|1
|-damage|p1b: Excadrill|0 fnt
|faint|p1b: Excadrill
|move|p2a: Sinistcha|Trick Room|p2a: Sinistcha
|-fieldstart|move: Trick Room|[of] p2a: Sinistcha
|
|-heal|p2b: Archaludon|69/100|[from] item: Leftovers
|upkeep
|j| 5wamp
|
|t:|1785147058
|switch|p1b: Tyranitar|Tyranitar, L50, F|100/100
|-weather|Sandstorm|[from] ability: Sand Stream|[of] p1b: Tyranitar
|turn|12
|
|t:|1785147068
|move|p2a: Sinistcha|Life Dew|p2a: Sinistcha|[spread] p2a,p2b
|-heal|p2a: Sinistcha|30/100
|-heal|p2b: Archaludon|93/100
|move|p2b: Archaludon|Flash Cannon|p1a: Staraptor
|-damage|p1a: Staraptor|0 fnt
|faint|p1a: Staraptor
|move|p1b: Tyranitar|Rock Slide|p2b: Archaludon|[spread] p2a,p2b
|-resisted|p2b: Archaludon|1
|-damage|p2a: Sinistcha|7/100
|-damage|p2b: Archaludon|91/100
|
|-weather|Sandstorm|[upkeep]
|-damage|p2a: Sinistcha|1/100|[from] Sandstorm
|-heal|p2b: Archaludon|97/100|[from] item: Leftovers
|upkeep
|turn|13
|
|t:|1785147078
|move|p2a: Sinistcha|Matcha Gotcha|p1b: Tyranitar
|-supereffective|p1b: Tyranitar|1
|-damage|p1b: Tyranitar|55/100
|-heal|p2a: Sinistcha|26/100|[from] drain|[of] p1b: Tyranitar
|-status|p1b: Tyranitar|brn
|move|p2b: Archaludon|Flash Cannon|p1b: Tyranitar
|-supereffective|p1b: Tyranitar|1
|-damage|p1b: Tyranitar|0 fnt
|faint|p1b: Tyranitar
|
|win|404elephants
||irluke is ready for game 2.
||404elephants is ready for game 2.
|uhtml|next|Next: Game 2 of 3
|l| 5wamp
|j| 5wamp
|l| ninjameerkat
|l| Cerebellibrarian
|l| FullCrimp
|l|☆irluke
|player|p1|
|l| monsoonisbest
|j|☆irluke
|player|p1|irluke|n|
|l|☆irluke
|player|p1|
|j|☆irluke
|player|p1|irluke|n|
|l| 5wamp
|l|☆irluke
|player|p1|
|j|☆irluke
|player|p1|irluke|n|
|l|☆irluke
|player|p1|
