|j|☆Divine Monkey King
|j|☆sybaushowdown
|html|Divine Monkey Kingsybaushowdown    
|uhtml|bestof|Game 1 of a best-of-3
|t:|1782397530
|gametype|doubles
|player|p1|Divine Monkey King|rocketgrunt|1067
|player|p2|sybaushowdown|1|1028
|gen|9
|tier|[Gen 9 Champions] VGC 2026 Reg M-B (Bo3)
|rated|
|rule|Species Clause: Limit one of each Pokémon
|rule|Item Clause: Limit 1 of each item
|clearpoke
|poke|p1|Whimsicott, L50, F, shiny|
|poke|p1|Lucario, L50, M, shiny|
|poke|p1|Pelipper, L50, M, shiny|
|poke|p1|Beedrill, L50, M, shiny|
|poke|p1|Annihilape, L50, M, shiny|
|poke|p1|Basculegion, L50, M, shiny|
|poke|p2|Pyroar, L50, F|
|poke|p2|Staraptor, L50, F|
|poke|p2|Sneasler, L50, F|
|poke|p2|Whimsicott, L50, F|
|poke|p2|Basculegion, L50, M|
|poke|p2|Ninetales, L50, F|
|teampreview|4
|showteam|p1|Whimsicott||FocusSash|Prankster|Encore,Protect,Tailwind,BeatUp|Serious||F|||50|]Lucario||Lucarionite|Justified|Crunch,DrainPunch,PoisonJab,Protect|Jolly||M|||50|]Pelipper||SitrusBerry|Drizzle|Hurricane,IceBeam,Protect,WeatherBall|Timid||M|||50|]Beedrill||Beedrillite|Sniper|DrillRun,PoisonJab,Protect,FellStinger|Jolly||M|||50|]Annihilape||Leftovers|Defiant|BulkUp,DrainPunch,RockSlide,Taunt|Adamant||M|||50|]Basculegion||MysticWater|SwiftSwim|AquaJet,FlipTurn,LastRespects,Protect|Adamant||M|||50|
|showteam|p2|Pyroar||Pyroarite|Moxie|Protect,HyperVoice,HeatWave,Overheat|Timid||F|||50|]Staraptor||Staraptite|Intimidate|Protect,CloseCombat,BraveBird,QuickAttack|Jolly||F|||50|]Sneasler||WhiteHerb|Unburden|Protect,FakeOut,Toxic,CloseCombat|Jolly||F|||50|]Whimsicott||FocusSash|Prankster|Protect,Moonblast,Tailwind,Charm|Bold||F|||50|]Basculegion||ChoiceScarf|Adaptability|WaveCrash,LastRespects,AquaJet,FlipTurn|Jolly||M|||50|]Ninetales||PasshoBerry|Drought|Protect,HeatWave,SolarBeam,FakeTears|Timid||F|||50|
|l|☆Divine Monkey King
|player|p1|
|j|☆Divine Monkey King
|player|p1|Divine Monkey King|rocketgrunt|
|inactive|Battle timer is ON: inactive players will automatically lose when time's up. (requested by sybaushowdown)
|
|t:|1782397594
|teamsize|p1|4
|teamsize|p2|4
|start
|switch|p1a: Whimsicott|Whimsicott, L50, F, shiny|100/100
|switch|p1b: Basculegion|Basculegion, L50, M, shiny|100/100
|switch|p2a: Pyroar|Pyroar, L50, F|100/100
|switch|p2b: Whimsicott|Whimsicott, L50, F|100/100
|turn|1
|inactive|sybaushowdown has 30 seconds left.
|inactive|sybaushowdown has 20 seconds left.
|inactive|sybaushowdown has 15 seconds left.
|inactive|sybaushowdown has 10 seconds left.
|inactive|sybaushowdown has 5 seconds left.
|
|t:|1782397649
|move|p2b: Whimsicott|Protect|p2b: Whimsicott
|-singleturn|p2b: Whimsicott|Protect
|move|p2a: Pyroar|Protect|p2a: Pyroar
|-singleturn|p2a: Pyroar|Protect
|move|p1a: Whimsicott|Tailwind|p1a: Whimsicott
|-sidestart|p1: Divine Monkey King|move: Tailwind
|move|p1b: Basculegion|Aqua Jet|p2b: Whimsicott
|-activate|p2b: Whimsicott|move: Protect
|
|upkeep
|turn|2
|
|t:|1782397667
|switch|p2b: Ninetales|Ninetales, L50, F|100/100
|-weather|SunnyDay|[from] ability: Drought|[of] p2b: Ninetales
|detailschange|p2a: Pyroar|Pyroar-Mega, L50, F
|-mega|p2a: Pyroar|Pyroar|Pyroarite
|move|p1a: Whimsicott|Encore||[still]
|-fail|p1a: Whimsicott
|move|p1b: Basculegion|Aqua Jet|p2a: Pyroar
|-supereffective|p2a: Pyroar|1
|-damage|p2a: Pyroar|74/100
|move|p2a: Pyroar|Heat Wave|p1b: Basculegion|[spread] p1a,p1b
|-supereffective|p1a: Whimsicott|1
|-resisted|p1b: Basculegion|1
|-enditem|p1a: Whimsicott|Focus Sash
|-damage|p1a: Whimsicott|1/100
|-damage|p1b: Basculegion|51/100
|
|-weather|SunnyDay|[upkeep]
|upkeep
|turn|3
|
|t:|1782397690
|switch|p1a: Pelipper|Pelipper, L50, M, shiny|100/100
|-weather|RainDance|[from] ability: Drizzle|[of] p1a: Pelipper
|move|p1b: Basculegion|Flip Turn|p2a: Pyroar
|-supereffective|p2a: Pyroar|1
|-damage|p2a: Pyroar|0 fnt
|faint|p2a: Pyroar
|
|t:|1782397700
|switch|p1b: Whimsicott|Whimsicott, L50, F, shiny|1/100|[from] Flip Turn
|move|p2b: Ninetales|Solar Beam||[still]
|-prepare|p2b: Ninetales|Solar Beam
|
|-weather|RainDance|[upkeep]
|upkeep
|
|t:|1782397710
|switch|p2a: Whimsicott|Whimsicott, L50, F|100/100
|turn|4
|
|t:|1782397730
|move|p1b: Whimsicott|Protect|p1b: Whimsicott
|-singleturn|p1b: Whimsicott|Protect
|move|p2a: Whimsicott|Tailwind|p2a: Whimsicott
|-sidestart|p2: sybaushowdown|move: Tailwind
|move|p2b: Ninetales|Solar Beam|p1b: Whimsicott|[from] lockedmove
|-activate|p1b: Whimsicott|move: Protect
|move|p1a: Pelipper|Weather Ball|p2b: Ninetales
|-supereffective|p2b: Ninetales|1
|-enditem|p2b: Ninetales|Passho Berry|[eat]
|-enditem|p2b: Ninetales|Passho Berry|[weaken]
|-damage|p2b: Ninetales|19/100
|
|-weather|RainDance|[upkeep]
|-sideend|p1: Divine Monkey King|move: Tailwind
|upkeep
|turn|5
|inactive|Divine Monkey King has 30 seconds left.
|
|t:|1782397756
|move|p2b: Ninetales|Protect|p2b: Ninetales
|-singleturn|p2b: Ninetales|Protect
|move|p1b: Whimsicott|Tailwind|p1b: Whimsicott
|-sidestart|p1: Divine Monkey King|move: Tailwind
|move|p2a: Whimsicott|Moonblast|p1b: Whimsicott
|-damage|p1b: Whimsicott|0 fnt
|faint|p1b: Whimsicott
|move|p1a: Pelipper|Hurricane|p2a: Whimsicott
|-supereffective|p2a: Whimsicott|1
|-enditem|p2a: Whimsicott|Focus Sash
|-damage|p2a: Whimsicott|1/100
|-start|p2a: Whimsicott|confusion
|
|-weather|RainDance|[upkeep]
|upkeep
|
|t:|1782397780
|switch|p1b: Beedrill|Beedrill, L50, M, shiny|100/100
|turn|6
|inactive|sybaushowdown has 30 seconds left.
|
|t:|1782397813
|detailschange|p1b: Beedrill|Beedrill-Mega, L50, M, shiny
|-mega|p1b: Beedrill|Beedrill|Beedrillite
|move|p1b: Beedrill|Fell Stinger|p2a: Whimsicott
|-damage|p2a: Whimsicott|0 fnt
|faint|p2a: Whimsicott
|-boost|p1b: Beedrill|atk|3
|move|p2b: Ninetales|Fake Tears|p1a: Pelipper
|-unboost|p1a: Pelipper|spd|2
|move|p1a: Pelipper|Hurricane|p2b: Ninetales
|-damage|p2b: Ninetales|0 fnt
|faint|p2b: Ninetales
|
|-weather|RainDance|[upkeep]
|upkeep
|
|t:|1782397819
|switch|p2b: Basculegion|Basculegion, L50, M|100/100
|turn|7
|
|t:|1782397836
|move|p1b: Beedrill|Protect|p1b: Beedrill
|-singleturn|p1b: Beedrill|Protect
|move|p1a: Pelipper|Protect|p1a: Pelipper
|-singleturn|p1a: Pelipper|Protect
|move|p2b: Basculegion|Last Respects|p1b: Beedrill
|-activate|p1b: Beedrill|move: Protect
|
|-weather|none
|-sideend|p2: sybaushowdown|move: Tailwind
|upkeep
|turn|8
|inactive|Divine Monkey King has 30 seconds left.
|inactive|sybaushowdown has 30 seconds left.
|
|t:|1782397865
|move|p1b: Beedrill|Drill Run|p2b: Basculegion
|-damage|p2b: Basculegion|2/100
|move|p2b: Basculegion|Last Respects|p1b: Beedrill
|-damage|p1b: Beedrill|0 fnt
|faint|p1b: Beedrill
|move|p1a: Pelipper|Ice Beam|p2b: Basculegion
|-resisted|p2b: Basculegion|1
|-damage|p2b: Basculegion|0 fnt
|faint|p2b: Basculegion
|
|win|Divine Monkey King
||sybaushowdown is ready for game 2.
|inactive|Divine Monkey King has 30 seconds to confirm battle start!
|inactive|Divine Monkey King has 20 seconds to confirm battle start!
|inactive|Divine Monkey King has 10 seconds to confirm battle start!
|uhtml|next|Next: Game 2 of 3
|l|☆sybaushowdown
|player|p2|
