|j|‽czacho
|j|☆ChimpDoppio
|html|czachoChimpDoppio    
|uhtml|bestof|Game 3 of a best-of-3
|t:|1756910350
|gametype|doubles
|player|p1|czacho|falkner|1070
|player|p2|ChimpDoppio|ingo|1076
|gen|9
|tier|[Gen 9] VGC 2025 Reg H (Bo3)
|rated|
|rule|Species Clause: Limit one of each Pokémon
|rule|Item Clause: Limit 1 of each item
|clearpoke
|poke|p1|Archaludon, L50, F|
|poke|p1|Incineroar, L50, M|
|poke|p1|Pelipper, L50, F|
|poke|p1|Basculegion, L50, M|
|poke|p1|Rillaboom, L50, F|
|poke|p1|Reuniclus, L50, F|
|poke|p2|Porygon2, L50|
|poke|p2|Ursaluna, L50, M|
|poke|p2|Volcarona, L50, F|
|poke|p2|Grimmsnarl, L50, M|
|poke|p2|Annihilape, L50, M|
|poke|p2|Hydreigon, L50, F|
|teampreview|4
|showteam|p1|Archaludon||AssaultVest|Stamina|ElectroShot,FlashCannon,DragonPulse,BodyPress|||F|||50|,,,,,Grass]Incineroar||SafetyGoggles|Intimidate|FakeOut,KnockOff,PartingShot,WillOWisp|||M|||50|,,,,,Ghost]Pelipper||FocusSash|Drizzle|WeatherBall,Tailwind,Protect,Hurricane|||F|||50|,,,,,Ghost]Basculegion||MysticWater|SwiftSwim|WaveCrash,FlipTurn,LastRespects,Protect|||M|||50|,,,,,Water]Rillaboom||LoadedDice|GrassySurge|FakeOut,BulletSeed,Protect,GrassyGlide|||F|||50|,,,,,Fire]Reuniclus||LifeOrb|MagicGuard|TrickRoom,Protect,Psychic,TeraBlast|||F|||50|,,,,,Fighting
|showteam|p2|Porygon2||Eviolite|Download|IceBeam,TeraBlast,Recover,TrickRoom||||||50|,,,,,Flying]Ursaluna||FlameOrb|Guts|Facade,Earthquake,HeadlongRush,Protect|||M|||50|,,,,,Ghost]Volcarona||SitrusBerry|FlameBody|GigaDrain,HeatWave,QuiverDance,RagePowder|||F|||50|,,,,,Dragon]Grimmsnarl||LightClay|Prankster|SpiritBreak,Reflect,LightScreen,PartingShot|||M|||50|,,,,,Ghost]Annihilape||SafetyGoggles|Defiant|Protect,BulkUp,DrainPunch,RageFist|||M|||50|,,,,,Water]Hydreigon||AssaultVest|Levitate|DracoMeteor,DarkPulse,EarthPower,FlashCannon|||F|||50|,,,,,Steel
|inactive|Battle timer is ON: inactive players will automatically lose when time's up. (requested by ChimpDoppio)
|inactive|ChimpDoppio has 60 seconds left.
|inactive|czacho has 60 seconds left.
|inactive|ChimpDoppio has 30 seconds left.
|
|t:|1756910421
|teamsize|p1|4
|teamsize|p2|4
|start
|switch|p1a: Archaludon|Archaludon, L50, F|100/100
|switch|p1b: Pelipper|Pelipper, L50, F|100/100
|switch|p2a: Grimmsnarl|Grimmsnarl, L50, M|100/100
|switch|p2b: Volcarona|Volcarona, L50, F, shiny|100/100
|-weather|RainDance|[from] ability: Drizzle|[of] p1b: Pelipper
|turn|1
|inactive|ChimpDoppio has 30 seconds left.
|inactive|czacho has 30 seconds left.
|inactive|ChimpDoppio has 20 seconds left.
|inactive|ChimpDoppio has 15 seconds left.
|inactive|czacho has 20 seconds left.
|inactive|ChimpDoppio has 10 seconds left.
|
|t:|1756910469
|-terastallize|p2b: Volcarona|Dragon
|move|p2a: Grimmsnarl|Light Screen|p2a: Grimmsnarl
|-sidestart|p2: ChimpDoppio|move: Light Screen
|move|p1b: Pelipper|Weather Ball|p2b: Volcarona
|-resisted|p2b: Volcarona
|-damage|p2b: Volcarona|80/100
|move|p2b: Volcarona|Quiver Dance|p2b: Volcarona
|-boost|p2b: Volcarona|spa|1
|-boost|p2b: Volcarona|spd|1
|-boost|p2b: Volcarona|spe|1
|move|p1a: Archaludon|Dragon Pulse|p2b: Volcarona
|-supereffective|p2b: Volcarona
|-damage|p2b: Volcarona|49/100
|-enditem|p2b: Volcarona|Sitrus Berry|[eat]
|-heal|p2b: Volcarona|74/100|[from] item: Sitrus Berry
|
|-weather|RainDance|[upkeep]
|upkeep
|turn|2
|
|t:|1756910487
|switch|p1a: Incineroar|Incineroar, L50, M|100/100
|-ability|p1a: Incineroar|Intimidate|boost
|-unboost|p2a: Grimmsnarl|atk|1
|-unboost|p2b: Volcarona|atk|1
|move|p2a: Grimmsnarl|Parting Shot|p1a: Incineroar
|-hint|Since gen 7, Dark is immune to Prankster moves.
|-immune|p1a: Incineroar
|move|p2b: Volcarona|Quiver Dance|p2b: Volcarona
|-boost|p2b: Volcarona|spa|1
|-boost|p2b: Volcarona|spd|1
|-boost|p2b: Volcarona|spe|1
|move|p1b: Pelipper|Hurricane|p2b: Volcarona
|-crit|p2b: Volcarona
|-damage|p2b: Volcarona|10/100
|
|-weather|RainDance|[upkeep]
|upkeep
|turn|3
|inactive|czacho has 30 seconds left.
|
|t:|1756910519
|move|p1a: Incineroar|Fake Out|p2b: Volcarona
|-damage|p2b: Volcarona|0 fnt
|faint|p2b: Volcarona
|move|p2a: Grimmsnarl|Reflect|p2a: Grimmsnarl
|-sidestart|p2: ChimpDoppio|Reflect
|move|p1b: Pelipper|Tailwind|p1b: Pelipper
|-sidestart|p1: czacho|move: Tailwind
|
|-weather|RainDance|[upkeep]
|upkeep
|
|t:|1756910526
|switch|p2b: Hydreigon|Hydreigon, L50, F|100/100
|turn|4
|inactive|czacho has 30 seconds left.
|inactive|czacho has 20 seconds left.
|
|t:|1756910561
|move|p1b: Pelipper|Hurricane|p2b: Hydreigon
|-damage|p2b: Hydreigon|81/100
|-start|p2b: Hydreigon|confusion
|move|p1a: Incineroar|Parting Shot|p2b: Hydreigon
|-unboost|p2b: Hydreigon|atk|1
|-unboost|p2b: Hydreigon|spa|1
|
|t:|1756910567
|switch|p1a: Basculegion|Basculegion, L50, M|100/100|[from] Parting Shot
|-activate|p2b: Hydreigon|confusion
|move|p2b: Hydreigon|Earth Power|p1a: Basculegion
|-damage|p1a: Basculegion|78/100
|-unboost|p1a: Basculegion|spd|1
|move|p2a: Grimmsnarl|Spirit Break|p1b: Pelipper
|-damage|p1b: Pelipper|73/100
|-unboost|p1b: Pelipper|spa|1
|
|-weather|RainDance|[upkeep]
|upkeep
|turn|5
|
|t:|1756910590
|switch|p2b: Ursaluna|Ursaluna, L50, M|100/100
|move|p2a: Grimmsnarl|Parting Shot|p1a: Basculegion
|-unboost|p1a: Basculegion|atk|1
|-unboost|p1a: Basculegion|spa|1
|
|t:|1756910595
|switch|p2a: Hydreigon|Hydreigon, L50, F|81/100|[from] Parting Shot
|move|p1a: Basculegion|Wave Crash|p2a: Hydreigon
|-resisted|p2a: Hydreigon
|-damage|p2a: Hydreigon|61/100
|-damage|p1a: Basculegion|72/100|[from] Recoil
|move|p1b: Pelipper|Weather Ball|p2a: Hydreigon
|-resisted|p2a: Hydreigon
|-crit|p2a: Hydreigon
|-damage|p2a: Hydreigon|32/100
|
|-weather|none
|-status|p2b: Ursaluna|brn|[from] item: Flame Orb
|upkeep
|turn|6
|
|t:|1756910613
|switch|p1a: Incineroar|Incineroar, L50, M|100/100
|-ability|p1a: Incineroar|Intimidate|boost
|-unboost|p2a: Hydreigon|atk|1
|-unboost|p2b: Ursaluna|atk|1
|move|p1b: Pelipper|Protect|p1b: Pelipper
|-singleturn|p1b: Pelipper|Protect
|move|p2a: Hydreigon|Dark Pulse|p1a: Incineroar
|-resisted|p1a: Incineroar
|-damage|p1a: Incineroar|83/100
|move|p2b: Ursaluna|Facade|p1b: Pelipper
|-activate|p1b: Pelipper|move: Protect
|
|-damage|p2b: Ursaluna|95/100 brn|[from] brn
|-sideend|p1: czacho|move: Tailwind
|upkeep
|turn|7
|
|t:|1756910628
|switch|p1b: Basculegion|Basculegion, L50, M|72/100
|move|p1a: Incineroar|Fake Out|p2b: Ursaluna
|-damage|p2b: Ursaluna|90/100 brn
|move|p2a: Hydreigon|Earth Power|p1a: Incineroar
|-supereffective|p1a: Incineroar
|-damage|p1a: Incineroar|22/100
|cant|p2b: Ursaluna|flinch
|
|-damage|p2b: Ursaluna|84/100 brn|[from] brn
|upkeep
|turn|8
|
|t:|1756910650
|switch|p2b: Grimmsnarl|Grimmsnarl, L50, M|100/100
|move|p2a: Hydreigon|Dark Pulse|p1b: Basculegion
|-supereffective|p1b: Basculegion
|-damage|p1b: Basculegion|0 fnt
|faint|p1b: Basculegion
|move|p1a: Incineroar|Parting Shot|p2b: Grimmsnarl
|-unboost|p2b: Grimmsnarl|atk|1
|-unboost|p2b: Grimmsnarl|spa|1
|
|t:|1756910655
|switch|p1a: Archaludon|Archaludon, L50, F|100/100|[from] Parting Shot
|
|-sideend|p2: ChimpDoppio|move: Light Screen
|upkeep
|
|t:|1756910659
|switch|p1b: Pelipper|Pelipper, L50, F|73/100
|-weather|RainDance|[from] ability: Drizzle|[of] p1b: Pelipper
|turn|9
|inactive|czacho has 30 seconds left.
|
|t:|1756910692
|-terastallize|p1a: Archaludon|Grass
|move|p2b: Grimmsnarl|Light Screen|p2b: Grimmsnarl
|-sidestart|p2: ChimpDoppio|move: Light Screen
|move|p1b: Pelipper|Hurricane|p2a: Hydreigon
|-damage|p2a: Hydreigon|11/100
|move|p2a: Hydreigon|Draco Meteor|p1a: Archaludon
|-damage|p1a: Archaludon|54/100
|-unboost|p2a: Hydreigon|spa|2
|-ability|p1a: Archaludon|Stamina|boost
|-boost|p1a: Archaludon|def|1
|move|p1a: Archaludon|Electro Shot||[still]
|-prepare|p1a: Archaludon|Electro Shot
|-boost|p1a: Archaludon|spa|1
|-anim|p1a: Archaludon|Electro Shot|p2a: Hydreigon
|-resisted|p2a: Hydreigon
|-damage|p2a: Hydreigon|0 fnt
|faint|p2a: Hydreigon
|
|-weather|RainDance|[upkeep]
|upkeep
|
|t:|1756910705
|switch|p2a: Ursaluna|Ursaluna, L50, M|84/100 brn
|turn|10
|
|t:|1756910721
|switch|p1b: Incineroar|Incineroar, L50, M|22/100
|-ability|p1b: Incineroar|Intimidate|boost
|-unboost|p2a: Ursaluna|atk|1
|-unboost|p2b: Grimmsnarl|atk|1
|move|p2b: Grimmsnarl|Parting Shot|p1b: Incineroar
|-hint|Since gen 7, Dark is immune to Prankster moves.
|-immune|p1b: Incineroar
|move|p1a: Archaludon|Body Press|p2a: Ursaluna
|-supereffective|p2a: Ursaluna
|-damage|p2a: Ursaluna|52/100 brn
|move|p2a: Ursaluna|Facade|p1a: Archaludon
|-damage|p1a: Archaludon|14/100
|-ability|p1a: Archaludon|Stamina|boost
|-boost|p1a: Archaludon|def|1
|
|-weather|RainDance|[upkeep]
|-damage|p2a: Ursaluna|46/100 brn|[from] brn
|-sideend|p2: ChimpDoppio|Reflect
|upkeep
|turn|11
|
|t:|1756910737
|move|p2a: Ursaluna|Protect|p2a: Ursaluna
|-singleturn|p2a: Ursaluna|Protect
|move|p1b: Incineroar|Fake Out|p2b: Grimmsnarl
|-damage|p2b: Grimmsnarl|88/100
|cant|p2b: Grimmsnarl|flinch
|move|p1a: Archaludon|Body Press|p2a: Ursaluna
|-activate|p2a: Ursaluna|move: Protect
|
|-weather|RainDance|[upkeep]
|-damage|p2a: Ursaluna|40/100 brn|[from] brn
|upkeep
|turn|12
|
|t:|1756910760
|move|p1a: Archaludon|Body Press|p2a: Ursaluna
|-supereffective|p2a: Ursaluna
|-damage|p2a: Ursaluna|0 fnt
|faint|p2a: Ursaluna
|move|p2b: Grimmsnarl|Spirit Break|p1a: Archaludon
|-damage|p1a: Archaludon|8/100
|-unboost|p1a: Archaludon|spa|1
|-ability|p1a: Archaludon|Stamina|boost
|-boost|p1a: Archaludon|def|1
|move|p1b: Incineroar|Parting Shot|p2b: Grimmsnarl
|-unboost|p2b: Grimmsnarl|atk|1
|-unboost|p2b: Grimmsnarl|spa|1
|-message|ChimpDoppio forfeited.
|
|win|czacho
|raw|czacho's rating: 1070 → 1100(+30 for winning)
|raw|ChimpDoppio's rating: 1076 → 1054(-22 for losing)
|l|‽czacho
|player|p1|
