|j|☆raylof
|j|☆haosigismondi
|html|raylofHaoSigismondi    
|uhtml|bestof|Game 2 of a best-of-3
|t:|1757914554
|gametype|doubles
|player|p1|raylof|266|1283
|player|p2|haosigismondi|ethan|1278
|gen|9
|tier|[Gen 9] VGC 2025 Reg H (Bo3)
|rated|
|rule|Species Clause: Limit one of each Pokémon
|rule|Item Clause: Limit 1 of each item
|clearpoke
|poke|p1|Dragonite, L50, M|
|poke|p1|Ursaluna-Bloodmoon, L50, M|
|poke|p1|Gholdengo, L50|
|poke|p1|Incineroar, L50, F|
|poke|p1|Sneasler, L50, F|
|poke|p1|Rillaboom, L50, M|
|poke|p2|Gholdengo, L50|
|poke|p2|Amoonguss, L50, M|
|poke|p2|Basculegion, L50, M|
|poke|p2|Pelipper, L50, F|
|poke|p2|Incineroar, L50, M|
|poke|p2|Archaludon, L50, M|
|teampreview|4
|showteam|p1|Dragonite||LoadedDice|Multiscale|Protect,ScaleShot,Haze,Tailwind|||M|||50|,,,,,Fairy]Ursaluna-Bloodmoon||LifeOrb|MindsEye|HyperVoice,BloodMoon,EarthPower,Protect|||M|||50|,,,,,Water]Gholdengo||ChoiceScarf|GoodasGold|MakeItRain,ShadowBall,PowerGem,Trick||||||50|,,,,,Water]Incineroar||SafetyGoggles|Intimidate|FlareBlitz,KnockOff,FakeOut,PartingShot|||F|||50|,,,,,Ghost]Sneasler||GrassySeed|Unburden|Protect,Acrobatics,CloseCombat,SwordsDance|||F|||50|,,,,,Flying]Rillaboom||AssaultVest|GrassySurge|WoodHammer,GrassyGlide,HighHorsepower,FakeOut|||M|||50|,,,,,Fire
|showteam|p2|Gholdengo||LifeOrb|GoodasGold|MakeItRain,ShadowBall,NastyPlot,Protect||||||50|,,,,,Flying]Amoonguss||SitrusBerry|Regenerator|Spore,RagePowder,PollenPuff,ClearSmog|||M|||50|,,,,,Psychic]Basculegion||ChoiceBand|SwiftSwim|WaveCrash,FlipTurn,LastRespects,AquaJet|||M|||50|,,,,,Water]Pelipper||FocusSash|Drizzle|WeatherBall,Hurricane,Tailwind,Protect|||F|||50|,,,,,Ghost]Incineroar||SafetyGoggles|Intimidate|FlareBlitz,KnockOff,PartingShot,FakeOut|||M|||50|,,,,,Water]Archaludon||AssaultVest|Stamina|ElectroShot,FlashCannon,DracoMeteor,BodyPress|||M|||50|,,,,,Fighting
|inactive|Battle timer is ON: inactive players will automatically lose when time's up. (requested by haosigismondi)
|
|t:|1757914581
|teamsize|p1|4
|teamsize|p2|4
|start
|switch|p1a: Rillaboom|Rillaboom, L50, M|100/100
|switch|p1b: Dragonite|Dragonite, L50, M|100/100
|switch|p2a: Basculegion|Basculegion, L50, M|100/100
|switch|p2b: Pelipper|Pelipper, L50, F|100/100
|-fieldstart|move: Grassy Terrain|[from] ability: Grassy Surge|[of] p1a: Rillaboom
|-weather|RainDance|[from] ability: Drizzle|[of] p2b: Pelipper
|turn|1
|inactive|raylof has 30 seconds left.
|
|t:|1757914611
|switch|p2a: Incineroar|Incineroar, L50, M|100/100
|-ability|p2a: Incineroar|Intimidate|boost
|-unboost|p1a: Rillaboom|atk|1
|-unboost|p1b: Dragonite|atk|1
|switch|p1a: Incineroar|Incineroar, L50, F|100/100
|-ability|p1a: Incineroar|Intimidate|boost
|-unboost|p2a: Incineroar|atk|1
|-unboost|p2b: Pelipper|atk|1
|switch|p2b: Archaludon|Archaludon, L50, M|100/100
|move|p1b: Dragonite|Tailwind|p1b: Dragonite
|-sidestart|p1: raylof|move: Tailwind
|
|-weather|RainDance|[upkeep]
|upkeep
|turn|2
|
|t:|1757914636
|switch|p1b: Rillaboom|Rillaboom, L50, M|100/100
|move|p2a: Incineroar|Fake Out|p1b: Rillaboom
|-damage|p1b: Rillaboom|92/100
|move|p1a: Incineroar|Knock Off|p2b: Archaludon
|-damage|p2b: Archaludon|73/100
|-ability|p2b: Archaludon|Stamina|boost
|-boost|p2b: Archaludon|def|1
|-enditem|p2b: Archaludon|Assault Vest|[from] move: Knock Off|[of] p1a: Incineroar
|move|p2b: Archaludon|Electro Shot||[still]
|-prepare|p2b: Archaludon|Electro Shot
|-boost|p2b: Archaludon|spa|1
|-anim|p2b: Archaludon|Electro Shot|p1a: Incineroar
|-damage|p1a: Incineroar|41/100
|
|-weather|RainDance|[upkeep]
|-heal|p1b: Rillaboom|98/100|[from] Grassy Terrain
|-heal|p1a: Incineroar|47/100|[from] Grassy Terrain
|-heal|p2b: Archaludon|79/100|[from] Grassy Terrain
|upkeep
|turn|3
|inactive|raylof has 30 seconds left.
|
|t:|1757914668
|move|p1b: Rillaboom|High Horsepower|p2b: Archaludon
|-supereffective|p2b: Archaludon
|-damage|p2b: Archaludon|45/100
|-ability|p2b: Archaludon|Stamina|boost
|-boost|p2b: Archaludon|def|1
|move|p1a: Incineroar|Parting Shot|p2b: Archaludon
|-unboost|p2b: Archaludon|atk|1
|-unboost|p2b: Archaludon|spa|1
|
|t:|1757914676
|switch|p1a: Dragonite|Dragonite, L50, M|100/100|[from] Parting Shot
|move|p2b: Archaludon|Body Press|p1b: Rillaboom
|-damage|p1b: Rillaboom|55/100
|move|p2a: Incineroar|Knock Off|p1b: Rillaboom
|-damage|p1b: Rillaboom|30/100
|-enditem|p1b: Rillaboom|Assault Vest|[from] move: Knock Off|[of] p2a: Incineroar
|
|-weather|RainDance|[upkeep]
|-heal|p1b: Rillaboom|35/100|[from] Grassy Terrain
|-heal|p2b: Archaludon|51/100|[from] Grassy Terrain
|upkeep
|turn|4
|
|t:|1757914697
|-terastallize|p2b: Archaludon|Fighting
|move|p1a: Dragonite|Haze|p1a: Dragonite
|-clearallboost
|move|p1b: Rillaboom|High Horsepower|p2b: Archaludon
|-crit|p2b: Archaludon
|-damage|p2b: Archaludon|14/100
|-ability|p2b: Archaludon|Stamina|boost
|-boost|p2b: Archaludon|def|1
|move|p2b: Archaludon|Body Press|p1b: Rillaboom
|-damage|p1b: Rillaboom|0 fnt
|faint|p1b: Rillaboom
|move|p2a: Incineroar|Knock Off|p1a: Dragonite
|-damage|p1a: Dragonite|74/100
|-enditem|p1a: Dragonite|Loaded Dice|[from] move: Knock Off|[of] p2a: Incineroar
|
|-weather|RainDance|[upkeep]
|-heal|p2b: Archaludon|20/100|[from] Grassy Terrain
|-sideend|p1: raylof|move: Tailwind
|upkeep
|
|t:|1757914714
|switch|p1b: Gholdengo|Gholdengo, L50|100/100
|turn|5
|inactive|raylof has 30 seconds left.
|inactive|raylof has 20 seconds left.
|
|t:|1757914750
|-terastallize|p1b: Gholdengo|Water
|move|p1b: Gholdengo|Make It Rain|p2a: Incineroar|[spread] p2a,p2b
|-resisted|p2a: Incineroar
|-crit|p2b: Archaludon
|-damage|p2a: Incineroar|80/100
|-damage|p2b: Archaludon|0 fnt
|-unboost|p1b: Gholdengo|spa|1
|faint|p2b: Archaludon
|move|p1a: Dragonite|Tailwind|p1a: Dragonite
|-sidestart|p1: raylof|move: Tailwind
|move|p2a: Incineroar|Knock Off|p1b: Gholdengo
|-damage|p1b: Gholdengo|49/100
|-enditem|p1b: Gholdengo|Choice Scarf|[from] move: Knock Off|[of] p2a: Incineroar
|
|-weather|none
|-heal|p1b: Gholdengo|55/100|[from] Grassy Terrain
|-heal|p2a: Incineroar|86/100|[from] Grassy Terrain
|-fieldend|move: Grassy Terrain
|upkeep
|
|t:|1757914769
|switch|p2b: Pelipper|Pelipper, L50, F|100/100
|-weather|RainDance|[from] ability: Drizzle|[of] p2b: Pelipper
|turn|6
|inactive|raylof has 30 seconds left.
|inactive|raylof has 20 seconds left.
|inactive|raylof has 15 seconds left.
|
|t:|1757914814
|switch|p1b: Incineroar|Incineroar, L50, F|47/100
|-ability|p1b: Incineroar|Intimidate|boost
|-unboost|p2a: Incineroar|atk|1
|-unboost|p2b: Pelipper|atk|1
|move|p1a: Dragonite|Scale Shot|p2b: Pelipper
|-damage|p2b: Pelipper|82/100
|-damage|p2b: Pelipper|62/100
|-hitcount|p2b: Pelipper|2
|-unboost|p1a: Dragonite|def|1
|-boost|p1a: Dragonite|spe|1
|move|p2b: Pelipper|Hurricane|p1b: Incineroar
|-damage|p1b: Incineroar|0 fnt
|faint|p1b: Incineroar
|move|p2a: Incineroar|Parting Shot|p1a: Dragonite
|-unboost|p1a: Dragonite|atk|1
|-unboost|p1a: Dragonite|spa|1
|
|t:|1757914831
|switch|p2a: Basculegion|Basculegion, L50, M|100/100|[from] Parting Shot
|
|-weather|RainDance|[upkeep]
|upkeep
|
|t:|1757914834
|switch|p1b: Gholdengo|Gholdengo, L50, tera:Water|55/100
|turn|7
|
|t:|1757914858
|switch|p2a: Incineroar|Incineroar, L50, M|86/100
|-ability|p2a: Incineroar|Intimidate|boost
|-unboost|p1a: Dragonite|atk|1
|-unboost|p1b: Gholdengo|atk|1
|move|p1a: Dragonite|Scale Shot|p2b: Pelipper
|-damage|p2b: Pelipper|50/100
|-damage|p2b: Pelipper|41/100
|-hitcount|p2b: Pelipper|2
|-unboost|p1a: Dragonite|def|1
|-boost|p1a: Dragonite|spe|1
|move|p1b: Gholdengo|Shadow Ball|p2a: Incineroar
|-resisted|p2a: Incineroar
|-damage|p2a: Incineroar|67/100
|move|p2b: Pelipper|Tailwind|p2b: Pelipper
|-sidestart|p2: haosigismondi|move: Tailwind
|
|-weather|RainDance|[upkeep]
|upkeep
|turn|8
|inactive|raylof has 30 seconds left.
|inactive|haosigismondi has 30 seconds left.
|inactive|haosigismondi has 20 seconds left.
|inactive|haosigismondi has 15 seconds left.
|inactive|haosigismondi has 10 seconds left.
|
|t:|1757914903
|move|p2a: Incineroar|Fake Out|p1b: Gholdengo
|-crit|p1b: Gholdengo
|-damage|p1b: Gholdengo|34/100
|move|p1a: Dragonite|Scale Shot|p2b: Pelipper
|-damage|p2b: Pelipper|29/100
|-damage|p2b: Pelipper|20/100
|-damage|p2b: Pelipper|9/100
|-damage|p2b: Pelipper|0 fnt
|faint|p2b: Pelipper
|-hitcount|p2: Pelipper|4
|-unboost|p1a: Dragonite|def|1
|-boost|p1a: Dragonite|spe|1
|cant|p1b: Gholdengo|flinch
|
|-weather|RainDance|[upkeep]
|-sideend|p1: raylof|move: Tailwind
|upkeep
|
|t:|1757914921
|switch|p2b: Basculegion|Basculegion, L50, M|100/100
|turn|9
|
|t:|1757914939
|move|p2b: Basculegion|Wave Crash|p1b: Gholdengo
|-resisted|p1b: Gholdengo
|-damage|p1b: Gholdengo|0 fnt
|faint|p1b: Gholdengo
|-damage|p2b: Basculegion|91/100|[from] Recoil
|move|p1a: Dragonite|Scale Shot|p2b: Basculegion
|-damage|p2b: Basculegion|82/100
|-damage|p2b: Basculegion|72/100
|-damage|p2b: Basculegion|63/100
|-hitcount|p2b: Basculegion|3
|-unboost|p1a: Dragonite|def|1
|-boost|p1a: Dragonite|spe|1
|move|p2a: Incineroar|Knock Off|p1a: Dragonite
|-damage|p1a: Dragonite|0 fnt
|faint|p1a: Dragonite
|
|win|haosigismondi
|inactive|raylof has 30 seconds to confirm battle start!
|inactive|HaoSigismondi has 30 seconds to confirm battle start!
||raylof is ready for game 3.
|inactive|HaoSigismondi has 20 seconds to confirm battle start!
||HaoSigismondi is ready for game 3.
|uhtml|next|Next: Game 3 of 3
