|j|☆CJ Zeke
|j|☆ClumbsyLilBeach
|html|CJ ZekeClumbsyLilBeach    
|uhtml|bestof|Game 2 of a best-of-3
|t:|1785622988
|gametype|doubles
|player|p1|CJ Zeke|266|1000
|player|p2|ClumbsyLilBeach|jasmine|1066
|gen|9
|tier|[Gen 9 Champions] VGC 2026 Reg M-B (Bo3)
|rated|
|rule|Species Clause: Limit one of each Pokémon
|rule|Item Clause: Limit 1 of each item
|clearpoke
|poke|p1|Farigiraf, L50, F|
|poke|p1|Blastoise, L50, F|
|poke|p1|Sylveon, L50, F|
|poke|p1|Drampa, L50, M|
|poke|p1|Blaziken, L50, F|
|poke|p1|Maushold, L50|
|poke|p2|Swampert, L50, M|
|poke|p2|Pelipper, L50, F|
|poke|p2|Basculegion, L50, M|
|poke|p2|Slowbro, L50, F|
|poke|p2|Blastoise, L50, F|
|poke|p2|Milotic, L50, M|
|teampreview|4
|showteam|p1|Farigiraf||ColburBerry|ArmorTail|Psychic,HyperVoice,TrickRoom,Protect|Quiet||F|||50|]Blastoise||Blastoisinite|RainDish|WaterSpout,AuraSphere,DarkPulse,FakeOut|Quiet||F|||50|]Sylveon||FairyFeather|Pixilate|HyperVoice,HyperBeam,QuickAttack,MysticalFire|Quiet||F|||50|]Drampa||LifeOrb|CloudNine|DracoMeteor,HyperVoice,HeatWave,EnergyBall|Quiet||M|||50|]Blaziken||Blazikenite|SpeedBoost|FlareBlitz,CloseCombat,RockSlide,Detect|Adamant||F|||50|]Maushold||WideLens|Technician|FollowMe,Feint,PopulationBomb,Taunt|Adamant|||||50|
|showteam|p2|Swampert||Swampertite|Damp|Earthquake,Waterfall,BulkUp,Protect|Jolly||M|||50|]Pelipper||FocusSash|Drizzle|WideGuard,Tailwind,Hurricane,WeatherBall|Timid||F|||50|]Basculegion||ChoiceScarf|Adaptability|LastRespects,WaveCrash,FlipTurn,AquaJet|Jolly||M|||50|]Slowbro||Leftovers|Oblivious|TrickRoom,HealPulse,RainDance,Psychic|Relaxed||F|||50|]Blastoise||Blastoisinite|RainDish|FakeOut,Protect,WaterSpout,WaterPulse|Quiet||F|||50|]Milotic||SitrusBerry|Competitive|Protect,Scald,IceBeam,IcyWind|Modest||M|||50|
|inactive|Battle timer is ON: inactive players will automatically lose when time's up. (requested by ClumbsyLilBeach)
|
|t:|1785622998
|teamsize|p1|4
|teamsize|p2|4
|start
|switch|p1a: Maushold|Maushold, L50|100/100
|switch|p1b: Farigiraf|Farigiraf, L50, F|100/100
|switch|p2a: Pelipper|Pelipper, L50, F|100/100
|switch|p2b: Basculegion|Basculegion, L50, M|100/100
|-weather|RainDance|[from] ability: Drizzle|[of] p2a: Pelipper
|turn|1
|
|t:|1785623022
|move|p1a: Maushold|Follow Me|p1a: Maushold
|-singleturn|p1a: Maushold|move: Follow Me
|move|p2b: Basculegion|Wave Crash|p1a: Maushold
|-damage|p1a: Maushold|0 fnt
|faint|p1a: Maushold
|-damage|p2b: Basculegion|77/100|[from] Recoil
|move|p2a: Pelipper|Hurricane|p1b: Farigiraf
|-damage|p1b: Farigiraf|44/100
|-start|p1b: Farigiraf|confusion
|-activate|p1b: Farigiraf|confusion
|move|p1b: Farigiraf|Trick Room|p1b: Farigiraf
|-fieldstart|move: Trick Room|[of] p1b: Farigiraf
|
|-weather|RainDance|[upkeep]
|upkeep
|
|t:|1785623035
|switch|p1a: Drampa|Drampa, L50, M|100/100
|-ability|p1a: Drampa|Cloud Nine
|turn|2
|
|t:|1785623052
|switch|p1b: Blastoise|Blastoise, L50, F|100/100
|switch|p2a: Swampert|Swampert, L50, M|100/100
|move|p1a: Drampa|Energy Ball|p2b: Basculegion
|-supereffective|p2b: Basculegion|1
|-damage|p2b: Basculegion|4/100
|-damage|p1a: Drampa|90/100|[from] item: Life Orb
|move|p2b: Basculegion|Wave Crash|p1b: Blastoise
|-resisted|p1b: Blastoise|1
|-damage|p1b: Blastoise|61/100
|-damage|p2b: Basculegion|0 fnt|[from] Recoil
|faint|p2b: Basculegion
|
|-weather|RainDance|[upkeep]
|upkeep
|
|t:|1785623069
|switch|p2b: Milotic|Milotic, L50, M|100/100
|turn|3
|
|t:|1785623081
|move|p2a: Swampert|Protect|p2a: Swampert
|-singleturn|p2a: Swampert|Protect
|move|p1b: Blastoise|Fake Out|p2b: Milotic
|-damage|p2b: Milotic|91/100
|move|p1a: Drampa|Energy Ball|p2a: Swampert
|-activate|p2a: Swampert|move: Protect
|cant|p2b: Milotic|flinch
|
|-weather|RainDance|[upkeep]
|upkeep
|turn|4
|
|t:|1785623097
|switch|p2a: Pelipper|Pelipper, L50, F|100/100
|move|p1a: Drampa|Energy Ball|p2a: Pelipper
|-damage|p2a: Pelipper|34/100
|-damage|p1a: Drampa|80/100|[from] item: Life Orb
|move|p1b: Blastoise|Water Spout|p2b: Milotic|[spread] p2a,p2b
|-resisted|p2a: Pelipper|1
|-resisted|p2b: Milotic|1
|-damage|p2a: Pelipper|13/100
|-damage|p2b: Milotic|82/100
|move|p2b: Milotic|Ice Beam|p1a: Drampa
|-supereffective|p1a: Drampa|1
|-damage|p1a: Drampa|20/100y
|
|-weather|RainDance|[upkeep]
|upkeep
|turn|5
|inactive|ClumbsyLilBeach has 30 seconds left.
|inactive|ClumbsyLilBeach has 20 seconds left.
|inactive|ClumbsyLilBeach has 15 seconds left.
|
|t:|1785623140
|detailschange|p1b: Blastoise|Blastoise-Mega, L50, F
|-mega|p1b: Blastoise|Blastoise|Blastoisinite
|move|p1a: Drampa|Energy Ball|p2b: Milotic
|-supereffective|p2b: Milotic|1
|-damage|p2b: Milotic|19/100
|-enditem|p2b: Milotic|Sitrus Berry|[eat]
|-heal|p2b: Milotic|44/100|[from] item: Sitrus Berry
|-damage|p1a: Drampa|10/100|[from] item: Life Orb
|move|p1b: Blastoise|Dark Pulse|p2a: Pelipper
|-damage|p2a: Pelipper|0 fnt
|faint|p2a: Pelipper
|move|p2b: Milotic|Ice Beam|p1a: Drampa
|-supereffective|p1a: Drampa|1
|-damage|p1a: Drampa|0 fnt
|faint|p1a: Drampa
|
|-weather|none
|-fieldend|move: Trick Room
|upkeep
|
|t:|1785623157
|switch|p2a: Swampert|Swampert, L50, M|100/100
|switch|p1a: Farigiraf|Farigiraf, L50, F|44/100
|turn|6
|
|t:|1785623181
|detailschange|p2a: Swampert|Swampert-Mega, L50, M
|-mega|p2a: Swampert|Swampert|Swampertite
|move|p2a: Swampert|Waterfall|p1a: Farigiraf
|-damage|p1a: Farigiraf|0 fnt
|faint|p1a: Farigiraf
|move|p2b: Milotic|Scald|p1b: Blastoise
|-resisted|p1b: Blastoise|1
|-damage|p1b: Blastoise|45/100
|move|p1b: Blastoise|Water Spout|p2b: Milotic|[spread] p2a,p2b
|-resisted|p2b: Milotic|1
|-damage|p2a: Swampert|78/100
|-damage|p2b: Milotic|34/100
|
|upkeep
|turn|7
|
|t:|1785623198
|move|p2a: Swampert|Waterfall|p1b: Blastoise
|-resisted|p1b: Blastoise|1
|-damage|p1b: Blastoise|25/100
|move|p2b: Milotic|Scald|p1b: Blastoise
|-resisted|p1b: Blastoise|1
|-damage|p1b: Blastoise|7/100
|move|p1b: Blastoise|Aura Sphere|p2b: Milotic
|-damage|p2b: Milotic|4/100
|
|upkeep
|turn|8
|
|t:|1785623218
|move|p2a: Swampert|Waterfall|p1b: Blastoise
|-resisted|p1b: Blastoise|1
|-damage|p1b: Blastoise|0 fnt
|faint|p1b: Blastoise
|
|win|ClumbsyLilBeach
|raw|CJ Zeke's rating: 1000 → 1000(+0 for losing)
|raw|ClumbsyLilBeach's rating: 1066 → 1090(+24 for winning)
