|j|☆Checkmath
|j|☆TeyVgc
|html|CheckmathTeyVgc    
|uhtml|bestof|Game 1 of a best-of-3
|t:|1757108991
|gametype|doubles
|player|p1|Checkmath|1|1258
|player|p2|TeyVgc|101|1248
|gen|9
|tier|[Gen 9] VGC 2025 Reg H (Bo3)
|rated|
|rule|Species Clause: Limit one of each Pokémon
|rule|Item Clause: Limit 1 of each item
|clearpoke
|poke|p1|Ninetales-Alola, L50, M|
|poke|p1|Sneasler, L50, M|
|poke|p1|Electabuzz, L50, F|
|poke|p1|Rillaboom, L50, M|
|poke|p1|Volcarona, L50, M|
|poke|p1|Dragapult, L50, F|
|poke|p2|Gholdengo, L50|
|poke|p2|Dragonite, L50, M|
|poke|p2|Sneasler, L50, F|
|poke|p2|Incineroar, L50, F|
|poke|p2|Indeedee, L50, M|
|poke|p2|Gastrodon, L50, M|
|teampreview|4
|showteam|p1|Ninetales-Alola||LightClay|SnowWarning|AuroraVeil,Blizzard,Protect,Moonblast|||M|||50|,,,,,Ice]Sneasler||FocusSash|Unburden|CloseCombat,DireClaw,FakeOut,Protect|||M|||50|,,,,,Ghost]Electabuzz||Eviolite|VitalSpirit|FollowMe,Protect,Taunt,Electroweb|||F|||50|,,,,,Dragon]Rillaboom||AssaultVest|GrassySurge|FakeOut,GrassyGlide,Uturn,WoodHammer|||M|||50|,,,,,Fire]Volcarona||Leftovers|FlameBody|FieryDance,GigaDrain,QuiverDance,Protect|||M|||50|,,,,,Grass]Dragapult||ChoiceBand|ClearBody|DragonDarts,Uturn,TeraBlast,SuckerPunch|||F|||50|,,,,,Ghost
|showteam|p2|Gholdengo||LifeOrb|GoodasGold|Protect,MakeItRain,ShadowBall,NastyPlot||||||50|,,,,,Water]Dragonite||LoadedDice|Multiscale|ScaleShot,Tailwind,Haze,Protect|||M|||50|,,,,,Fairy]Sneasler||PsychicSeed|Unburden|Protect,DireClaw,CloseCombat,ThroatChop|||F|||50|,,,,,Dark]Incineroar||SafetyGoggles|Intimidate|KnockOff,PartingShot,FlareBlitz,FakeOut|||F|||50|,,,,,Ghost]Indeedee||FocusSash|PsychicSurge|ExpandingForce,TrickRoom,Imprison,TeraBlast|||M|||50|,,,,,Fighting]Gastrodon||Leftovers|StormDrain|EarthPower,Yawn,Recover,IceBeam|||M|||50|,,,,,Poison
|inactive|Battle timer is ON: inactive players will automatically lose when time's up. (requested by TeyVgc)
|
|t:|1757109058
|teamsize|p1|4
|teamsize|p2|4
|start
|switch|p1a: Volcarona|Volcarona, L50, M|100/100
|switch|p1b: Sneasler|Sneasler, L50, M|100/100
|switch|p2a: Dragonite|Dragonite, L50, M|100/100
|switch|p2b: Sneasler|Sneasler, L50, F|100/100
|turn|1
|inactive|Checkmath has 30 seconds left.
|inactive|TeyVgc has 30 seconds left.
|inactive|Checkmath has 20 seconds left.
|inactive|Checkmath has 15 seconds left.
|inactive|Checkmath has 10 seconds left.
|
|t:|1757109106
|switch|p2b: Incineroar|Incineroar, L50, F|100/100
|-ability|p2b: Incineroar|Intimidate|boost
|-unboost|p1a: Volcarona|atk|1
|-unboost|p1b: Sneasler|atk|1
|switch|p1a: Dragapult|Dragapult, L50, F|100/100
|move|p2a: Dragonite|Protect|p2a: Dragonite
|-singleturn|p2a: Dragonite|Protect
|move|p1b: Sneasler|Dire Claw|p2a: Dragonite
|-activate|p2a: Dragonite|move: Protect
|
|upkeep
|turn|2
|inactive|Checkmath has 30 seconds left.
|inactive|TeyVgc has 30 seconds left.
|inactive|Checkmath has 20 seconds left.
|inactive|Checkmath has 15 seconds left.
|inactive|Checkmath has 10 seconds left.
|
|t:|1757109155
|switch|p1b: Ninetales|Ninetales-Alola, L50, M|100/100
|-weather|Snowscape|[from] ability: Snow Warning|[of] p1b: Ninetales
|move|p2b: Incineroar|Fake Out|p1b: Ninetales
|-damage|p1b: Ninetales|88/100
|move|p1a: Dragapult|U-turn|p2a: Dragonite
|-resisted|p2a: Dragonite
|-damage|p2a: Dragonite|91/100
|
|t:|1757109164
|switch|p1a: Sneasler|Sneasler, L50, M|100/100|[from] U-turn
|move|p2a: Dragonite|Scale Shot|p1a: Sneasler
|-damage|p1a: Sneasler|74/100
|-damage|p1a: Sneasler|51/100
|-damage|p1a: Sneasler|25/100
|-damage|p1a: Sneasler|0 fnt
|faint|p1a: Sneasler
|-hitcount|p1: Sneasler|4
|-unboost|p2a: Dragonite|def|1
|-boost|p2a: Dragonite|spe|1
|
|-weather|Snowscape|[upkeep]
|upkeep
|
|t:|1757109183
|switch|p1a: Dragapult|Dragapult, L50, F|100/100
|turn|3
|inactive|Checkmath has 30 seconds left.
|
|t:|1757109210
|-terastallize|p2a: Dragonite|Fairy
|move|p1a: Dragapult|Dragon Darts|p2b: Incineroar
|-damage|p2b: Incineroar|66/100
|-anim|p1a: Dragapult|Dragon Darts|p2b: Incineroar
|-damage|p2b: Incineroar|32/100
|move|p2a: Dragonite|Tailwind|p2a: Dragonite
|-sidestart|p2: TeyVgc|move: Tailwind
|move|p2b: Incineroar|Flare Blitz|p1b: Ninetales
|-supereffective|p1b: Ninetales
|-damage|p1b: Ninetales|0 fnt
|faint|p1b: Ninetales
|-damage|p2b: Incineroar|10/100|[from] Recoil
|
|-weather|Snowscape|[upkeep]
|upkeep
|
|t:|1757109225
|switch|p1b: Volcarona|Volcarona, L50, M|100/100
|turn|4
|
|t:|1757109239
|move|p2a: Dragonite|Scale Shot|p1b: Volcarona
|-damage|p1b: Volcarona|83/100
|-damage|p1b: Volcarona|66/100
|-damage|p1b: Volcarona|50/100
|-damage|p1b: Volcarona|32/100
|-damage|p1b: Volcarona|16/100
|-hitcount|p1b: Volcarona|5
|-unboost|p2a: Dragonite|def|1
|-boost|p2a: Dragonite|spe|1
|move|p2b: Incineroar|Flare Blitz|p1b: Volcarona
|-damage|p1b: Volcarona|0 fnt
|faint|p1b: Volcarona
|-damage|p2b: Incineroar|5/100|[from] Recoil
|move|p1a: Dragapult|Dragon Darts|p2b: Incineroar
|-damage|p2b: Incineroar|0 fnt
|faint|p2b: Incineroar
|
|-weather|Snowscape|[upkeep]
|upkeep
|
|t:|1757109248
|switch|p2b: Indeedee|Indeedee, L50, M|100/100
|-fieldstart|move: Psychic Terrain|[from] ability: Psychic Surge|[of] p2b: Indeedee
|turn|5
|
|t:|1757109270
|move|p2a: Dragonite|Scale Shot|p1a: Dragapult
|-supereffective|p1a: Dragapult
|-damage|p1a: Dragapult|58/100
|-supereffective|p1a: Dragapult
|-damage|p1a: Dragapult|15/100
|-supereffective|p1a: Dragapult
|-damage|p1a: Dragapult|0 fnt
|faint|p1a: Dragapult
|-hitcount|p1: Dragapult|3
|
|win|TeyVgc
