|j|☆OreXis945
|j|☆Slackermaru
|html|OreXis945Slackermaru    
|uhtml|bestof|Game 3 of a best-of-3
|t:|1757860088
|gametype|doubles
|player|p1|OreXis945|101|1319
|player|p2|Slackermaru|workerice|1359
|gen|9
|tier|[Gen 9] VGC 2025 Reg H (Bo3)
|rated|
|rule|Species Clause: Limit one of each Pokémon
|rule|Item Clause: Limit 1 of each item
|clearpoke
|poke|p1|Politoed, L50, F|
|poke|p1|Incineroar, L50, F|
|poke|p1|Gothitelle, L50, M|
|poke|p1|Kingdra, L50, M|
|poke|p1|Archaludon, L50, M|
|poke|p1|Amoonguss, L50, M|
|poke|p2|Ursaluna, L50, M|
|poke|p2|Porygon2, L50|
|poke|p2|Incineroar, L50, M|
|poke|p2|Vivillon-Fancy, L50, F|
|poke|p2|Archaludon, L50, M|
|poke|p2|Primarina, L50, F|
|teampreview|4
|showteam|p1|Politoed||Leftovers|Drizzle|WeatherBall,Encore,PerishSong,Protect|||F|||50|,,,,,Grass]Incineroar||SafetyGoggles|Intimidate|KnockOff,PartingShot,FakeOut,Protect|||F|||50|,,,,,Ghost]Gothitelle||SitrusBerry|ShadowTag|Psychic,TrickRoom,FakeOut,Protect|||M|||50|,,,,,Dark]Kingdra||LifeOrb|SwiftSwim|MuddyWater,WeatherBall,DracoMeteor,Protect|||M|||50|,,,,,Stellar]Archaludon||PowerHerb|Sturdy|ElectroShot,DragonPulse,FlashCannon,Protect|||M|||50|,,,,,Electric]Amoonguss||EjectButton|Regenerator|PollenPuff,Spore,RagePowder,Protect|||M|||50|,,,,,Fairy
|showteam|p2|Ursaluna||FlameOrb|Guts|Protect,Earthquake,Facade,HeadlongRush|||M|||50|,,,,,Ghost]Porygon2||Eviolite|Download|TeraBlast,IceBeam,Recover,TrickRoom||||||50|,,,,,Fighting]Incineroar||AssaultVest|Intimidate|FlareBlitz,KnockOff,Uturn,FakeOut|||M|||50|,,,,,Grass]Vivillon-Fancy||FocusSash|CompoundEyes|Protect,Hurricane,Tailwind,SleepPowder|||F|||50|,,,,,Ghost]Archaludon||PowerHerb|Sturdy|Protect,ElectroShot,Thunderbolt,DragonPulse|||M|||50|,,,,,Electric]Primarina||LifeOrb|LiquidVoice|Protect,HyperVoice,Moonblast,Haze|||F|||50|,,,,,Bug
|inactive|Battle timer is ON: inactive players will automatically lose when time's up. (requested by Slackermaru)
|inactive|OreXis945 has 60 seconds left.
|inactive|OreXis945 has 30 seconds left.
|
|t:|1757860220
|teamsize|p1|4
|teamsize|p2|4
|start
|switch|p1a: Incineroar|Incineroar, L50, F|100/100
|switch|p1b: Archaludon|Archaludon, L50, M|100/100
|switch|p2a: Incineroar|Incineroar, L50, M|100/100
|switch|p2b: Primarina|Primarina, L50, F|100/100
|-ability|p2a: Incineroar|Intimidate|boost
|-unboost|p1a: Incineroar|atk|1
|-unboost|p1b: Archaludon|atk|1
|-ability|p1a: Incineroar|Intimidate|boost
|-unboost|p2a: Incineroar|atk|1
|-unboost|p2b: Primarina|atk|1
|turn|1
|
|t:|1757860243
|switch|p2b: Ursaluna|Ursaluna, L50, M|100/100
|move|p1b: Archaludon|Protect|p1b: Archaludon
|-singleturn|p1b: Archaludon|Protect
|move|p1a: Incineroar|Protect|p1a: Incineroar
|-singleturn|p1a: Incineroar|Protect
|move|p2a: Incineroar|U-turn|p1b: Archaludon
|-activate|p1b: Archaludon|move: Protect
|
|-status|p2b: Ursaluna|brn|[from] item: Flame Orb
|upkeep
|turn|2
|inactive|OreXis945 has 30 seconds left.
|
|t:|1757860271
|switch|p2a: Vivillon|Vivillon-Fancy, L50, F|100/100
|move|p1b: Archaludon|Dragon Pulse|p2b: Ursaluna
|-damage|p2b: Ursaluna|54/100 brn
|move|p2b: Ursaluna|Earthquake|p1a: Incineroar|[spread] p1a,p1b
|-immune|p2a: Vivillon
|-supereffective|p1a: Incineroar
|-supereffective|p1b: Archaludon
|-damage|p1a: Incineroar|0 fnt
|-ability|p1b: Archaludon|Sturdy
|-damage|p1b: Archaludon|1/100
|faint|p1a: Incineroar
|
|-damage|p2b: Ursaluna|48/100 brn|[from] brn
|upkeep
|
|t:|1757860286
|switch|p1a: Politoed|Politoed, L50, F|100/100
|-weather|RainDance|[from] ability: Drizzle|[of] p1a: Politoed
|turn|3
|
|t:|1757860302
|switch|p1b: Gothitelle|Gothitelle, L50, M|100/100
|-terastallize|p1a: Politoed|Grass
|move|p2a: Vivillon|Tailwind|p2a: Vivillon
|-sidestart|p2: Slackermaru|move: Tailwind
|move|p2b: Ursaluna|Earthquake|p1a: Politoed|[spread] p1a,p1b
|-immune|p2a: Vivillon
|-resisted|p1a: Politoed
|-damage|p1a: Politoed|64/100
|-damage|p1b: Gothitelle|41/100
|-enditem|p1b: Gothitelle|Sitrus Berry|[eat]
|-heal|p1b: Gothitelle|66/100|[from] item: Sitrus Berry
|move|p1a: Politoed|Weather Ball|p2b: Ursaluna
|-supereffective|p2b: Ursaluna
|-damage|p2b: Ursaluna|0 fnt
|faint|p2b: Ursaluna
|
|-weather|RainDance|[upkeep]
|-heal|p1a: Politoed|70/100|[from] item: Leftovers
|upkeep
|
|t:|1757860320
|switch|p2b: Incineroar|Incineroar, L50, M|100/100
|-ability|p2b: Incineroar|Intimidate|boost
|-unboost|p1a: Politoed|atk|1
|-unboost|p1b: Gothitelle|atk|1
|turn|4
|inactive|OreXis945 has 30 seconds left.
|inactive|OreXis945 has 20 seconds left.
|inactive|OreXis945 has 15 seconds left.
|inactive|OreXis945 has 10 seconds left.
|
|t:|1757860367
|-terastallize|p2a: Vivillon|Ghost
|move|p2b: Incineroar|Fake Out|p1b: Gothitelle
|-damage|p1b: Gothitelle|54/100
|cant|p1b: Gothitelle|flinch
|move|p2a: Vivillon|Hurricane|p1a: Politoed
|-supereffective|p1a: Politoed
|-damage|p1a: Politoed|0 fnt
|faint|p1a: Politoed
|
|-weather|RainDance|[upkeep]
|upkeep
|
|t:|1757860374
|switch|p1a: Archaludon|Archaludon, L50, M|1/100
|turn|5
|
|t:|1757860382
|move|p1a: Archaludon|Protect|p1a: Archaludon
|-singleturn|p1a: Archaludon|Protect
|move|p2a: Vivillon|Hurricane|p1a: Archaludon
|-activate|p1a: Archaludon|move: Protect
|move|p2b: Incineroar|Knock Off|p1b: Gothitelle
|-supereffective|p1b: Gothitelle
|-damage|p1b: Gothitelle|3/100
|move|p1b: Gothitelle|Trick Room|p1b: Gothitelle
|-fieldstart|move: Trick Room|[of] p1b: Gothitelle
|
|-weather|RainDance|[upkeep]
|upkeep
|turn|6
|
|t:|1757860393
|move|p1b: Gothitelle|Psychic|p2a: Vivillon
|-damage|p2a: Vivillon|40/100
|move|p1a: Archaludon|Electro Shot||[still]
|-prepare|p1a: Archaludon|Electro Shot
|-boost|p1a: Archaludon|spa|1
|-anim|p1a: Archaludon|Electro Shot|p2a: Vivillon
|-damage|p2a: Vivillon|0 fnt
|faint|p2a: Vivillon
|move|p2b: Incineroar|Knock Off|p1a: Archaludon
|-damage|p1a: Archaludon|0 fnt
|-enditem|p1a: Archaludon|Power Herb|[from] move: Knock Off|[of] p2b: Incineroar
|faint|p1a: Archaludon
|
|-weather|RainDance|[upkeep]
|-sideend|p2: Slackermaru|move: Tailwind
|upkeep
|
|t:|1757860405
|switch|p2a: Primarina|Primarina, L50, F|100/100
|turn|7
|-message|OreXis945 forfeited.
|
|win|Slackermaru
|raw|OreXis945's rating: 1319 → 1301(-18 for losing)
|raw|Slackermaru's rating: 1359 → 1377(+18 for winning)
|l|☆Slackermaru
|player|p2|
