|j|☆natsukookie
|j|☆NahI'dQuinn
|html|natsukookieNahI'dQuinn    
|uhtml|bestof|Game 2 of a best-of-3
|t:|1785595817
|gametype|doubles
|player|p1|natsukookie|102|1000
|player|p2|NahI'dQuinn|steven|1044
|gen|9
|tier|[Gen 9 Champions] VGC 2026 Reg M-B (Bo3)
|rated|
|rule|Species Clause: Limit one of each Pokémon
|rule|Item Clause: Limit 1 of each item
|clearpoke
|poke|p1|Hatterene, L50, F|
|poke|p1|Oranguru, L50, M|
|poke|p1|Mawile, L50, M|
|poke|p1|Kangaskhan, L50, F|
|poke|p1|Venusaur, L50, F|
|poke|p1|Torkoal, L50, F|
|poke|p2|Basculegion, L50, M|
|poke|p2|Garchomp, L50, F|
|poke|p2|Scizor, L50, F|
|poke|p2|Tyranitar, L50, F|
|poke|p2|Sneasler, L50, F|
|poke|p2|Corviknight, L50, F|
|teampreview|4
|showteam|p1|Hatterene||LifeOrb|MagicBounce|Protect,Psychic,TrickRoom,DazzlingGleam|Quiet||F|||50|]Oranguru||MentalHerb|InnerFocus|Protect,Instruct,Psychic,TrickRoom|Bold||M|||50|]Mawile||Mawilite|HyperCutter|SuckerPunch,PlayRough,Protect,IronHead|Brave||M|||50|]Kangaskhan||SilkScarf|Scrappy|LastResort,FakeOut|Brave||F|||50|]Venusaur||FocusSash|Chlorophyll|LeafStorm,SludgeBomb,SleepPowder,Protect|Modest||F|||50|]Torkoal||Charcoal|Drought|Eruption,Protect,EarthPower,HeatWave|Quiet||F|||50|
|showteam|p2|Basculegion||SitrusBerry|Adaptability|WaveCrash,LastRespects,AquaJet,Protect|Jolly||M|||50|]Garchomp||Garchompite|RoughSkin|EarthPower,DracoMeteor,PowerGem,Protect|Modest||F|||50|]Scizor||LifeOrb|Technician|BulletPunch,BugBite,SwordsDance,Protect|Adamant||F|||50|]Tyranitar||ChoiceScarf|SandStream|RockSlide,KnockOff,IcePunch,Superpower|Jolly||F|||50|]Sneasler||FocusSash|PoisonTouch|PoisonJab,CloseCombat,FakeOut,Protect|Jolly||F|||50|]Corviknight||Leftovers|MirrorArmor|IronHead,BraveBird,Tailwind,Protect|Impish||F|||50|
|inactive|Battle timer is ON: inactive players will automatically lose when time's up. (requested by NahI'dQuinn)
|
|t:|1785595850
|teamsize|p1|4
|teamsize|p2|4
|start
|switch|p1a: Venusaur|Venusaur, L50, F|100/100
|switch|p1b: Kangaskhan|Kangaskhan, L50, F|100/100
|switch|p2a: Garchomp|Garchomp, L50, F|100/100
|switch|p2b: Sneasler|Sneasler, L50, F|100/100
|turn|1
|inactive|NahI'dQuinn has 30 seconds left.
|inactive|NahI'dQuinn has 20 seconds left.
|inactive|NahI'dQuinn has 15 seconds left.
|inactive|NahI'dQuinn has 10 seconds left.
|
|t:|1785595897
|detailschange|p2a: Garchomp|Garchomp-Mega, L50, F
|-mega|p2a: Garchomp|Garchomp|Garchompite
|move|p2b: Sneasler|Fake Out|p1a: Venusaur
|-damage|p1a: Venusaur|81/100
|move|p1b: Kangaskhan|Fake Out|p2b: Sneasler
|-damage|p2b: Sneasler|61/100
|move|p2a: Garchomp|Earth Power|p1b: Kangaskhan
|-damage|p1b: Kangaskhan|53/100
|cant|p1a: Venusaur|flinch
|
|upkeep
|turn|2
|inactive|NahI'dQuinn has 30 seconds left.
|inactive|NahI'dQuinn has 20 seconds left.
|
|t:|1785595932
|switch|p2b: Tyranitar|Tyranitar, L50, F|100/100
|-weather|Sandstorm|[from] ability: Sand Stream|[of] p2b: Tyranitar
|move|p2a: Garchomp|Earth Power|p1a: Venusaur
|-damage|p1a: Venusaur|16/100
|move|p1a: Venusaur|Sleep Powder|p2b: Tyranitar
|-status|p2b: Tyranitar|slp|[from] move: Sleep Powder
|move|p1b: Kangaskhan|Last Resort|p2a: Garchomp
|-damage|p2a: Garchomp|37/100
|
|-weather|Sandstorm|[upkeep]
|-damage|p1a: Venusaur|10/100|[from] Sandstorm
|-damage|p1b: Kangaskhan|47/100|[from] Sandstorm
|upkeep
|turn|3
|inactive|natsukookie has 30 seconds left.
|inactive|NahI'dQuinn has 30 seconds left.
|
|t:|1785595964
|switch|p2b: Scizor|Scizor, L50, F|100/100
|move|p2a: Garchomp|Earth Power|p1b: Kangaskhan
|-damage|p1b: Kangaskhan|0 fnt
|faint|p1b: Kangaskhan
|move|p1a: Venusaur|Sleep Powder|p2a: Garchomp
|-status|p2a: Garchomp|slp|[from] move: Sleep Powder
|
|-weather|Sandstorm|[upkeep]
|-damage|p1a: Venusaur|5/100|[from] Sandstorm
|upkeep
|
|t:|1785595985
|switch|p1b: Torkoal|Torkoal, L50, F|100/100
|-weather|SunnyDay|[from] ability: Drought|[of] p1b: Torkoal
|turn|4
|inactive|NahI'dQuinn has 30 seconds left.
|
|t:|1785596011
|switch|p2a: Tyranitar|Tyranitar, L50, F|100/100 slp
|-weather|Sandstorm|[from] ability: Sand Stream|[of] p2a: Tyranitar
|move|p2b: Scizor|Protect|p2b: Scizor
|-singleturn|p2b: Scizor|Protect
|move|p1a: Venusaur|Sleep Powder|p2b: Scizor
|-activate|p2b: Scizor|move: Protect
|move|p1b: Torkoal|Eruption|p2a: Tyranitar|[spread] p2a
|-activate|p2b: Scizor|move: Protect
|-resisted|p2a: Tyranitar|1
|-damage|p2a: Tyranitar|78/100 slp
|
|-weather|Sandstorm|[upkeep]
|-damage|p1a: Venusaur|0 fnt|[from] Sandstorm
|-damage|p1b: Torkoal|93/100|[from] Sandstorm
|faint|p1a: Venusaur
|upkeep
|
|t:|1785596026
|switch|p1a: Oranguru|Oranguru, L50, M|100/100
|turn|5
|
|t:|1785596046
|move|p1a: Oranguru|Protect|p1a: Oranguru
|-singleturn|p1a: Oranguru|Protect
|cant|p2a: Tyranitar|slp
|move|p2b: Scizor|Bug Bite|p1a: Oranguru
|-activate|p1a: Oranguru|move: Protect
|move|p1b: Torkoal|Eruption|p2b: Scizor|[spread] p2a,p2b
|-resisted|p2a: Tyranitar|1
|-supereffective|p2b: Scizor|2
|-damage|p2a: Tyranitar|61/100 slp
|-damage|p2b: Scizor|0 fnt
|faint|p2b: Scizor
|
|-weather|Sandstorm|[upkeep]
|-damage|p1a: Oranguru|93/100|[from] Sandstorm
|-damage|p1b: Torkoal|87/100|[from] Sandstorm
|upkeep
|
|t:|1785596054
|switch|p2b: Sneasler|Sneasler, L50, F|61/100
|turn|6
|inactive|natsukookie has 30 seconds left.
|inactive|NahI'dQuinn has 30 seconds left.
|
|t:|1785596086
|move|p2b: Sneasler|Fake Out|p1b: Torkoal
|-damage|p1b: Torkoal|76/100
|-status|p1b: Torkoal|psn|[from] ability: Poison Touch|[of] p2b: Sneasler
|cant|p2a: Tyranitar|slp
|move|p1a: Oranguru|Psychic|p2b: Sneasler
|-supereffective|p2b: Sneasler|2
|-damage|p2b: Sneasler|0 fnt
|faint|p2b: Sneasler
|cant|p1b: Torkoal|flinch
|
|-weather|Sandstorm|[upkeep]
|-damage|p1a: Oranguru|87/100|[from] Sandstorm
|-damage|p1b: Torkoal|70/100 psn|[from] Sandstorm
|-damage|p1b: Torkoal|58/100 psn|[from] psn
|upkeep
|
|t:|1785596094
|switch|p2b: Garchomp|Garchomp-Mega, L50, F|37/100 slp
|turn|7
|
|t:|1785596115
|-curestatus|p2a: Tyranitar|slp|[msg]
|move|p2a: Tyranitar|Knock Off|p1a: Oranguru
|-supereffective|p1a: Oranguru|1
|-damage|p1a: Oranguru|4/100
|-enditem|p1a: Oranguru|Mental Herb|[from] move: Knock Off|[of] p2a: Tyranitar
|cant|p2b: Garchomp|slp
|move|p1b: Torkoal|Earth Power|p2a: Tyranitar
|-supereffective|p2a: Tyranitar|1
|-crit|p2a: Tyranitar
|-damage|p2a: Tyranitar|3/100
|move|p1a: Oranguru|Trick Room|p1a: Oranguru
|-fieldstart|move: Trick Room|[of] p1a: Oranguru
|
|-weather|Sandstorm|[upkeep]
|-damage|p1b: Torkoal|51/100 psn|[from] Sandstorm
|-damage|p1a: Oranguru|0 fnt|[from] Sandstorm
|faint|p1a: Oranguru
|-damage|p1b: Torkoal|39/100 psn|[from] psn
|upkeep
|turn|8
|inactive|NahI'dQuinn has 30 seconds left.
|
|t:|1785596146
|cant|p2b: Garchomp|slp
|move|p1b: Torkoal|Heat Wave|p2b: Garchomp|[spread] p2a,p2b
|-resisted|p2a: Tyranitar|1
|-resisted|p2b: Garchomp|1
|-damage|p2a: Tyranitar|0 fnt
|-damage|p2b: Garchomp|19/100 slp
|faint|p2a: Tyranitar
|
|-weather|none
|-damage|p1b: Torkoal|27/100 psn|[from] psn
|upkeep
|turn|9
|
|t:|1785596163
|move|p1b: Torkoal|Earth Power|p2b: Garchomp
|-damage|p2b: Garchomp|0 fnt
|faint|p2b: Garchomp
|
|win|natsukookie
||NahI'dQuinn is ready for game 3.
||natsukookie is ready for game 3.
|uhtml|next|Next: Game 3 of 3
|l|☆NahI'dQuinn
|player|p2|
