|j|☆jANMxRin
|j|☆cpeavy04
|html|jANMxRincpeavy04    
|uhtml|bestof|Game 1 of a best-of-3
|t:|1756960458
|gametype|doubles
|player|p1|jANMxRin|acerola-masters|1112
|player|p2|cpeavy04|169|1275
|gen|9
|tier|[Gen 9] VGC 2025 Reg H (Bo3)
|rated|
|rule|Species Clause: Limit one of each Pokémon
|rule|Item Clause: Limit 1 of each item
|clearpoke
|poke|p1|Corviknight, L50, M|
|poke|p1|Tyranitar, L50, F|
|poke|p1|Excadrill, L50, M|
|poke|p1|Indeedee, L50, M|
|poke|p1|Espeon, L50, F|
|poke|p1|Annihilape, L50, M|
|poke|p2|Dragonite, L50, F|
|poke|p2|Ursaluna-Bloodmoon, L50, M|
|poke|p2|Gholdengo, L50|
|poke|p2|Incineroar, L50, M|
|poke|p2|Ninetales-Alola, L50, F|
|poke|p2|Annihilape, L50, M|
|teampreview|4
|showteam|p1|Corviknight||Leftovers|MirrorArmor|BraveBird,BulkUp,Roost,Tailwind|||M|||50|,,,,,Dragon]Tyranitar||AssaultVest|SandStream|RockSlide,KnockOff,LowKick,TeraBlast|||F|||50|,,,,,Flying]Excadrill||FocusSash|SandRush|Earthquake,IronHead,SwordsDance,Protect|||M|||50|,,,,,Ground]Indeedee||ChoiceScarf|PsychicSurge|ExpandingForce,TeraBlast,Trick,Protect|||M|||50|,,,,,Psychic]Espeon||LifeOrb|MagicBounce|ExpandingForce,ShadowBall,TeraBlast,Protect|||F|||50|,,,,,Fighting]Annihilape||SafetyGoggles|Defiant|CloseCombat,FinalGambit,RageFist,Taunt|||M|||50|,,,,,Water
|showteam|p2|Dragonite||LoadedDice|Multiscale|ScaleShot,Tailwind,Haze,Protect|||F|||50|,,,,,Steel]Ursaluna-Bloodmoon||AssaultVest|MindsEye|HyperVoice,BloodMoon,EarthPower,VacuumWave|||M|||50|,,,,,Poison]Gholdengo||LifeOrb|GoodasGold|MakeItRain,ShadowBall,NastyPlot,Protect||||||50|,,,,,Fairy]Incineroar||SafetyGoggles|Intimidate|FlareBlitz,KnockOff,FakeOut,PartingShot|||M|||50|,,,,,Ghost]Ninetales-Alola||FocusSash|SnowWarning|FreezeDry,IcicleSpear,AuroraVeil,Protect|||F|||50|,,,,,Ghost]Annihilape||Leftovers|Defiant|DrainPunch,RageFist,BulkUp,Protect|||M|||50|,,,,,Fire
|inactive|Battle timer is ON: inactive players will automatically lose when time's up. (requested by jANMxRin)
|
|t:|1756960503
|teamsize|p1|4
|teamsize|p2|4
|start
|switch|p1a: Indeedee|Indeedee, L50, M|100/100
|switch|p1b: Espeon|Espeon, L50, F|100/100
|switch|p2a: Incineroar|Incineroar, L50, M|100/100
|switch|p2b: Dragonite|Dragonite, L50, F|100/100
|-fieldstart|move: Psychic Terrain|[from] ability: Psychic Surge|[of] p1a: Indeedee
|-ability|p2a: Incineroar|Intimidate|boost
|-unboost|p1a: Indeedee|atk|1
|-unboost|p1b: Espeon|atk|1
|turn|1
|inactive|jANMxRin has 30 seconds left.
|inactive|jANMxRin has 20 seconds left.
|inactive|jANMxRin has 15 seconds left.
|inactive|jANMxRin has 10 seconds left.
|inactive|jANMxRin has 5 seconds left.
|
|t:|1756960557
|-terastallize|p1b: Espeon|Fighting
|move|p1a: Indeedee|Expanding Force|p2a: Incineroar|[spread] p2b
|-immune|p2a: Incineroar
|-damage|p2b: Dragonite|71/100
|move|p1b: Espeon|Tera Blast|p2a: Incineroar|[anim] Tera Blast Fighting
|-supereffective|p2a: Incineroar
|-damage|p2a: Incineroar|12/100
|-damage|p1b: Espeon|91/100|[from] item: Life Orb
|move|p2b: Dragonite|Tailwind|p2b: Dragonite
|-sidestart|p2: cpeavy04|move: Tailwind
|move|p2a: Incineroar|Knock Off|p1a: Indeedee
|-supereffective|p1a: Indeedee
|-damage|p1a: Indeedee|0 fnt
|-enditem|p1a: Indeedee|Choice Scarf|[from] move: Knock Off|[of] p2a: Incineroar
|faint|p1a: Indeedee
|
|upkeep
|
|t:|1756960571
|switch|p1a: Excadrill|Excadrill, L50, M|100/100
|turn|2
|inactive|jANMxRin has 30 seconds left.
|inactive|jANMxRin has 20 seconds left.
|
|t:|1756960608
|switch|p1b: Tyranitar|Tyranitar, L50, F|100/100
|-weather|Sandstorm|[from] ability: Sand Stream|[of] p1b: Tyranitar
|switch|p2a: Annihilape|Annihilape, L50, M|100/100
|move|p1a: Excadrill|Iron Head|p2a: Annihilape
|-damage|p2a: Annihilape|57/100
|move|p2b: Dragonite|Scale Shot|p1b: Tyranitar
|-damage|p1b: Tyranitar|88/100
|-damage|p1b: Tyranitar|75/100
|-damage|p1b: Tyranitar|63/100
|-damage|p1b: Tyranitar|51/100
|-damage|p1b: Tyranitar|38/100
|-hitcount|p1b: Tyranitar|5
|-unboost|p2b: Dragonite|def|1
|-boost|p2b: Dragonite|spe|1
|
|-weather|Sandstorm|[upkeep]
|-damage|p2b: Dragonite|65/100|[from] Sandstorm
|-damage|p2a: Annihilape|51/100|[from] Sandstorm
|-heal|p2a: Annihilape|57/100|[from] item: Leftovers
|upkeep
|turn|3
|inactive|jANMxRin has 30 seconds left.
|inactive|cpeavy04 has 30 seconds left.
|inactive|jANMxRin has 20 seconds left.
|inactive|jANMxRin has 15 seconds left.
|
|t:|1756960653
|move|p1a: Excadrill|Protect|p1a: Excadrill
|-singleturn|p1a: Excadrill|Protect
|move|p2b: Dragonite|Scale Shot|p1a: Excadrill
|-activate|p1a: Excadrill|move: Protect
|move|p2a: Annihilape|Drain Punch|p1b: Tyranitar
|-supereffective|p1b: Tyranitar
|-damage|p1b: Tyranitar|0 fnt
|-heal|p2a: Annihilape|75/100|[from] drain|[of] p1b: Tyranitar
|faint|p1b: Tyranitar
|
|-weather|Sandstorm|[upkeep]
|-damage|p2b: Dragonite|59/100|[from] Sandstorm
|-damage|p2a: Annihilape|69/100|[from] Sandstorm
|-heal|p2a: Annihilape|75/100|[from] item: Leftovers
|upkeep
|
|t:|1756960661
|switch|p1b: Espeon|Espeon, L50, F, tera:Fighting|91/100
|turn|4
|
|t:|1756960677
|-terastallize|p2a: Annihilape|Fire
|move|p1b: Espeon|Protect|p1b: Espeon
|-singleturn|p1b: Espeon|Protect
|move|p2b: Dragonite|Scale Shot|p1a: Excadrill
|-resisted|p1a: Excadrill
|-damage|p1a: Excadrill|89/100
|-resisted|p1a: Excadrill
|-damage|p1a: Excadrill|78/100
|-resisted|p1a: Excadrill
|-damage|p1a: Excadrill|66/100
|-resisted|p1a: Excadrill
|-damage|p1a: Excadrill|55/100
|-resisted|p1a: Excadrill
|-damage|p1a: Excadrill|45/100
|-hitcount|p1a: Excadrill|5
|-unboost|p2b: Dragonite|def|1
|-boost|p2b: Dragonite|spe|1
|move|p1a: Excadrill|Iron Head|p2b: Dragonite
|-damage|p2b: Dragonite|0 fnt
|faint|p2b: Dragonite
|move|p2a: Annihilape|Drain Punch|p1a: Excadrill
|-supereffective|p1a: Excadrill
|-damage|p1a: Excadrill|0 fnt
|-heal|p2a: Annihilape|94/100|[from] drain|[of] p1a: Excadrill
|faint|p1a: Excadrill
|
|-weather|Sandstorm|[upkeep]
|-damage|p2a: Annihilape|88/100|[from] Sandstorm
|-damage|p1b: Espeon|85/100|[from] Sandstorm
|-heal|p2a: Annihilape|94/100|[from] item: Leftovers
|-sideend|p2: cpeavy04|move: Tailwind
|upkeep
|
|t:|1756960686
|switch|p2b: Ninetales|Ninetales-Alola, L50, F|100/100
|-weather|Snowscape|[from] ability: Snow Warning|[of] p2b: Ninetales
|turn|5
|
|t:|1756960710
|move|p1b: Espeon|Expanding Force|p2b: Ninetales|[spread] p2a,p2b
|-crit|p2a: Annihilape
|-damage|p2a: Annihilape|11/100
|-damage|p2b: Ninetales|11/100
|-damage|p1b: Espeon|75/100|[from] item: Life Orb
|move|p2b: Ninetales|Freeze-Dry|p1b: Espeon
|-crit|p1b: Espeon
|-damage|p1b: Espeon|22/100
|move|p2a: Annihilape|Drain Punch|p1b: Espeon
|-damage|p1b: Espeon|0 fnt
|-heal|p2a: Annihilape|18/100|[from] drain|[of] p1b: Espeon
|faint|p1b: Espeon
|
|win|cpeavy04
