|j|☆genist
|j|☆SpiderGamerXxx
|html|genistSpiderGamerXxx    
|uhtml|bestof|Game 1 of a best-of-3
|t:|1785931045
|gametype|doubles
|player|p1|genist|psychic|1134
|player|p2|SpiderGamerXxx|may-gen3|1000
|gen|9
|tier|[Gen 9 Champions] VGC 2026 Reg M-B (Bo3)
|rated|
|rule|Species Clause: Limit one of each Pokémon
|rule|Item Clause: Limit 1 of each item
|clearpoke
|poke|p1|Reuniclus, L50, M|
|poke|p1|Malamar, L50, F|
|poke|p1|Eelektross, L50, M|
|poke|p1|Whimsicott, L50, F|
|poke|p1|Kangaskhan, L50, F|
|poke|p1|Skarmory, L50, M|
|poke|p2|Raichu, L50, F|
|poke|p2|Machamp, L50, M|
|poke|p2|Gyarados, L50, M, shiny|
|poke|p2|Talonflame, L50, F|
|poke|p2|Lucario, L50, M|
|poke|p2|Tinkaton, L50, F|
|teampreview|4
|showteam|p1|Reuniclus||LifeOrb|MagicGuard|Psychic,TrickRoom,Recover,LightScreen|Calm||M|||50|]Malamar||SitrusBerry|Contrary|Superpower,BatonPass,KnockOff,PsychoCut|Impish||F|||50|]Eelektross||Eelektrossite|Levitate|DrainPunch,DragonClaw,SupercellSlam,Protect|Adamant||M|||50|]Whimsicott||FocusSash|Prankster|DazzlingGleam,Encore,Tailwind,Tickle|Bold||F|||50|]Kangaskhan||SilkScarf|Scrappy|DoubleEdge,FakeOut,Protect,RockSlide|Adamant||F|||50|]Skarmory||Skarmorite|Sturdy|BraveBird,IronHead,Feint,BodyPress|Adamant||M|||50|
|showteam|p2|Raichu||RaichuniteY|LightningRod|ZapCannon,VoltSwitch,FocusBlast,FakeOut|Timid||F|||50|]Machamp||WhiteHerb|NoGuard|DynamicPunch,DarkestLariat,WideGuard,Protect|Careful||M|||50|]Gyarados||Gyaradosite|Intimidate|Waterfall,Crunch,DragonDance,Protect|Jolly||M|||50|]Talonflame||WideLens|GaleWings|DualWingbeat,Taunt,Tailwind,QuickGuard|Jolly||F|||50|]Lucario||ChoiceScarf|InnerFocus|AuraSphere,VacuumWave,FlashCannon,DarkPulse|Timid||M|||50|]Tinkaton||SitrusBerry|MoldBreaker|FakeOut,Feint,BabyDollEyes,Protect|Jolly||F|||50|
|inactive|Battle timer is ON: inactive players will automatically lose when time's up. (requested by SpiderGamerXxx)
|inactive|genist has 60 seconds left.
|inactive|SpiderGamerXxx has 60 seconds left.
|
|t:|1785931095
|teamsize|p1|4
|teamsize|p2|4
|start
|switch|p1a: Malamar|Malamar, L50, F|100/100
|switch|p1b: Whimsicott|Whimsicott, L50, F|100/100
|switch|p2a: Talonflame|Talonflame, L50, F|100/100
|switch|p2b: Raichu|Raichu, L50, F|100/100
|turn|1
|inactive|genist has 30 seconds left.
|
|t:|1785931130
|move|p2b: Raichu|Fake Out|p1a: Malamar
|-damage|p1a: Malamar|92/100
|move|p2a: Talonflame|Dual Wingbeat|p1b: Whimsicott
|-supereffective|p1b: Whimsicott|1
|-damage|p1b: Whimsicott|71/100
|-supereffective|p1b: Whimsicott|1
|-damage|p1b: Whimsicott|42/100
|-hitcount|p1b: Whimsicott|2
|move|p1b: Whimsicott|Dazzling Gleam|p2b: Raichu|[spread] p2a,p2b
|-resisted|p2a: Talonflame|1
|-damage|p2a: Talonflame|86/100
|-damage|p2b: Raichu|72/100
|cant|p1a: Malamar|flinch
|
|upkeep
|turn|2
|inactive|SpiderGamerXxx has 30 seconds left.
|
|t:|1785931156
|detailschange|p2b: Raichu|Raichu-Mega-Y, L50, F
|-mega|p2b: Raichu|Raichu|Raichunite Y
|move|p1b: Whimsicott|Tickle|p1a: Malamar
|-boost|p1a: Malamar|atk|1
|-boost|p1a: Malamar|def|1
|move|p2b: Raichu|Zap Cannon|p1a: Malamar
|-damage|p1a: Malamar|29/100
|-status|p1a: Malamar|par
|-enditem|p1a: Malamar|Sitrus Berry|[eat]
|-heal|p1a: Malamar|54/100 par|[from] item: Sitrus Berry
|move|p2a: Talonflame|Dual Wingbeat|p1b: Whimsicott
|-supereffective|p1b: Whimsicott|1
|-crit|p1b: Whimsicott
|-damage|p1b: Whimsicott|0 fnt
|faint|p1b: Whimsicott
|-hitcount|p1: Whimsicott|1
|move|p1a: Malamar|Superpower|p2b: Raichu
|-crit|p2b: Raichu
|-damage|p2b: Raichu|0 fnt
|-boost|p1a: Malamar|atk|1
|-boost|p1a: Malamar|def|1
|faint|p2b: Raichu
|
|upkeep
|
|t:|1785931178
|switch|p2b: Lucario|Lucario, L50, M|100/100
|switch|p1b: Reuniclus|Reuniclus, L50, M|100/100
|turn|3
|
|t:|1785931197
|move|p2b: Lucario|Aura Sphere|p1a: Malamar
|-damage|p1a: Malamar|22/100 par
|move|p2a: Talonflame|Taunt|p1b: Reuniclus
|-start|p1b: Reuniclus|move: Taunt
|move|p1b: Reuniclus|Psychic|p2b: Lucario
|-damage|p2b: Lucario|20/100y
|move|p1a: Malamar|Baton Pass|p1a: Malamar
|
|t:|1785931206
|switch|p1a: Eelektross|Eelektross, L50, M|100/100|[from] Baton Pass
|
|upkeep
|turn|4
|
|t:|1785931217
|switch|p2b: Tinkaton|Tinkaton, L50, F|100/100
|-ability|p2b: Tinkaton|Mold Breaker
|detailschange|p1a: Eelektross|Eelektross-Mega, L50, M
|-mega|p1a: Eelektross|Eelektross|Eelektrossite
|move|p2a: Talonflame|Tailwind|p2a: Talonflame
|-sidestart|p2: SpiderGamerXxx|move: Tailwind
|move|p1a: Eelektross|Supercell Slam|p2a: Talonflame
|-supereffective|p2a: Talonflame|1
|-damage|p2a: Talonflame|0 fnt
|faint|p2a: Talonflame
|-ability|p1a: Eelektross|Eelevate|boost
|-boost|p1a: Eelektross|atk|1
|move|p1b: Reuniclus|Psychic|p2b: Tinkaton
|-resisted|p2b: Tinkaton|1
|-damage|p2b: Tinkaton|79/100
|
|upkeep
|
|t:|1785931222
|switch|p2a: Lucario|Lucario, L50, M|20/100y
|turn|5
|inactive|SpiderGamerXxx has 30 seconds left.
|
|t:|1785931255
|move|p1a: Eelektross|Protect|p1a: Eelektross
|-singleturn|p1a: Eelektross|Protect
|move|p2b: Tinkaton|Fake Out|p1a: Eelektross
|-activate|p1a: Eelektross|move: Protect
|move|p2a: Lucario|Dark Pulse|p1b: Reuniclus
|-supereffective|p1b: Reuniclus|1
|-damage|p1b: Reuniclus|56/100
|move|p1b: Reuniclus|Psychic|p2a: Lucario
|-damage|p2a: Lucario|0 fnt
|faint|p2a: Lucario
|
|-end|p1b: Reuniclus|move: Taunt
|upkeep
|turn|6
|-message|SpiderGamerXxx forfeited.
|
|win|genist
||SpiderGamerXxx is ready for game 2.
||genist is ready for game 2.
|uhtml|next|Next: Game 2 of 3
|l|☆SpiderGamerXxx
|player|p2|
