|j|☆Goku Ciencia
|j|☆Garden Monke
|html|Goku CienciaGarden Monke    
|uhtml|bestof|Game 1 of a best-of-3
|t:|1784583674
|gametype|doubles
|player|p1|Goku Ciencia|170|1126
|player|p2|Garden Monke|giacomo|1174
|gen|9
|tier|[Gen 9 Champions] VGC 2026 Reg M-B (Bo3)
|rated|
|rule|Species Clause: Limit one of each Pokémon
|rule|Item Clause: Limit 1 of each item
|clearpoke
|poke|p1|Metagross, L50|
|poke|p1|Sneasler, L50, F|
|poke|p1|Floette-Eternal, L50, F|
|poke|p1|Aerodactyl, L50, M|
|poke|p1|Incineroar, L50, F|
|poke|p1|Hydreigon, L50, F|
|poke|p2|Incineroar, L50, F|
|poke|p2|Sinistcha, L50|
|poke|p2|Gengar, L50, M|
|poke|p2|Swampert, L50, F|
|poke|p2|Politoed, L50, F|
|poke|p2|Archaludon, L50, M|
|teampreview|4
|showteam|p1|Metagross||Metagrossite|ClearBody|IronHead,PsychicFangs,IcePunch,Protect|Jolly|||||50|]Sneasler||WhiteHerb|Unburden|FakeOut,CloseCombat,Uturn,DireClaw|Jolly||F|||50|]Floette-Eternal||Floettite|FlowerVeil|DrainingKiss,Protect,LightofRuin,DazzlingGleam|Modest||F|||50|]Aerodactyl||FocusSash|Unnerve|RockSlide,Protect,DualWingbeat,Tailwind|Jolly||M|||50|]Incineroar||Leftovers|Intimidate|FakeOut,DarkestLariat,FlareBlitz,PartingShot|Careful||F|||50|]Hydreigon||ChoiceScarf|Levitate|DracoMeteor,DarkPulse,HeatWave,EarthPower|Modest||F|||50|
|showteam|p2|Incineroar||PasshoBerry|Intimidate|ThroatChop,FakeOut,PartingShot,Protect|Sassy||F|||50|]Sinistcha||ColburBerry|Hospitality|MatchaGotcha,RagePowder,TrickRoom,Protect|Calm|||||50|]Gengar||Gengarite|CursedBody|ShadowBall,Disable,PerishSong,Protect|Timid||M|||50|]Swampert||Swampertite|Damp|WaveCrash,HighHorsepower,IcePunch,Protect|Adamant||F|||50|]Politoed||SitrusBerry|Drizzle|WeatherBall,Encore,PerishSong,Protect|Calm||F|||50|]Archaludon||Leftovers|Stamina|ElectroShot,DragonPulse,FlashCannon,Protect|Modest||M|||50|
|inactive|Battle timer is ON: inactive players will automatically lose when time's up. (requested by Garden Monke)
|inactive|Garden Monke has 60 seconds left.
|
|t:|1784583709
|teamsize|p1|4
|teamsize|p2|4
|start
|switch|p1a: Incineroar|Incineroar, L50, F|100/100
|switch|p1b: Hydreigon|Hydreigon, L50, F|100/100
|switch|p2a: Swampert|Swampert, L50, F|100/100
|switch|p2b: Archaludon|Archaludon, L50, M|100/100
|-ability|p1a: Incineroar|Intimidate|boost
|-unboost|p2a: Swampert|atk|1
|-unboost|p2b: Archaludon|atk|1
|turn|1
|j|+Bandkrook
|inactive|Goku Ciencia has 30 seconds left.
|
|t:|1784583736
|detailschange|p2a: Swampert|Swampert-Mega, L50, F
|-mega|p2a: Swampert|Swampert|Swampertite
|move|p2a: Swampert|Protect|p2a: Swampert
|-singleturn|p2a: Swampert|Protect
|move|p2b: Archaludon|Protect|p2b: Archaludon
|-singleturn|p2b: Archaludon|Protect
|move|p1a: Incineroar|Fake Out|p2a: Swampert
|-activate|p2a: Swampert|move: Protect
|move|p1b: Hydreigon|Dark Pulse|p2b: Archaludon
|-activate|p2b: Archaludon|move: Protect
|
|upkeep
|turn|2
|l|+Bandkrook
|
|t:|1784583759
|switch|p2b: Incineroar|Incineroar, L50, F|100/100
|-ability|p2b: Incineroar|Intimidate|boost
|-unboost|p1a: Incineroar|atk|1
|-unboost|p1b: Hydreigon|atk|1
|move|p1b: Hydreigon|Dark Pulse|p2b: Incineroar
|-resisted|p2b: Incineroar|1
|-damage|p2b: Incineroar|82/100
|move|p2a: Swampert|Wave Crash|p1a: Incineroar
|-supereffective|p1a: Incineroar|1
|-damage|p1a: Incineroar|12/100
|-damage|p2a: Swampert|74/100|[from] Recoil
|move|p1a: Incineroar|Parting Shot|p2a: Swampert
|-unboost|p2a: Swampert|atk|1
|-unboost|p2a: Swampert|spa|1
|
|t:|1784583769
|switch|p1a: Floette|Floette-Eternal, L50, F|100/100|[from] Parting Shot
|
|upkeep
|turn|3
|inactive|Garden Monke has 30 seconds left.
|inactive|Garden Monke has 20 seconds left.
|
|t:|1784583806
|switch|p2a: Archaludon|Archaludon, L50, M|100/100
|detailschange|p1a: Floette|Floette-Mega, L50, F
|-mega|p1a: Floette|Floette|Floettite
|-ability|p1a: Floette|Fairy Aura
|move|p2b: Incineroar|Fake Out|p1a: Floette
|-damage|p1a: Floette|85/100
|move|p1b: Hydreigon|Dark Pulse|p2a: Archaludon
|-damage|p2a: Archaludon|54/100
|-ability|p2a: Archaludon|Stamina|boost
|-boost|p2a: Archaludon|def|1
|cant|p1a: Floette|flinch
|
|-heal|p2a: Archaludon|60/100|[from] item: Leftovers
|upkeep
|turn|4
|
|t:|1784583825
|move|p1b: Hydreigon|Dark Pulse|p2a: Archaludon
|-damage|p2a: Archaludon|19/100
|-ability|p2a: Archaludon|Stamina|boost
|-boost|p2a: Archaludon|def|1
|move|p1a: Floette|Dazzling Gleam|p2a: Archaludon|[spread] p2a,p2b
|-crit|p2a: Archaludon
|-damage|p2a: Archaludon|0 fnt
|-damage|p2b: Incineroar|43/100
|faint|p2a: Archaludon
|move|p2b: Incineroar|Parting Shot|p1a: Floette
|-unboost|p1a: Floette|atk|1
|-unboost|p1a: Floette|spa|1
|
|t:|1784583833
|switch|p2b: Swampert|Swampert-Mega, L50, F|74/100|[from] Parting Shot
|
|upkeep
|
|t:|1784583835
|switch|p2a: Politoed|Politoed, L50, F|100/100
|-weather|RainDance|[from] ability: Drizzle|[of] p2a: Politoed
|turn|5
|
|t:|1784583842
|switch|p1b: Incineroar|Incineroar, L50, F|12/100
|-ability|p1b: Incineroar|Intimidate|boost
|-unboost|p2a: Politoed|atk|1
|-unboost|p2b: Swampert|atk|1
|switch|p2a: Incineroar|Incineroar, L50, F|43/100
|-ability|p2a: Incineroar|Intimidate|boost
|-unboost|p1a: Floette|atk|1
|-unboost|p1b: Incineroar|atk|1
|move|p1a: Floette|Protect|p1a: Floette
|-singleturn|p1a: Floette|Protect
|move|p2b: Swampert|Wave Crash|p1a: Floette
|-activate|p1a: Floette|move: Protect
|
|-weather|RainDance|[upkeep]
|-heal|p1b: Incineroar|18/100|[from] item: Leftovers
|upkeep
|turn|6
|inactive|Goku Ciencia has 30 seconds left.
|
|t:|1784583872
|switch|p1a: Hydreigon|Hydreigon, L50, F|100/100
|move|p2a: Incineroar|Fake Out|p1a: Hydreigon
|-damage|p1a: Hydreigon|86/100
|move|p2b: Swampert|Wave Crash|p1a: Hydreigon
|-resisted|p1a: Hydreigon|1
|-damage|p1a: Hydreigon|46/100
|-damage|p2b: Swampert|62/100|[from] Recoil
|move|p1b: Incineroar|Parting Shot|p2b: Swampert
|-unboost|p2b: Swampert|atk|1
|-unboost|p2b: Swampert|spa|1
|
|t:|1784583881
|switch|p1b: Floette|Floette-Mega, L50, F|85/100|[from] Parting Shot
|-ability|p1b: Floette|Fairy Aura
|
|-weather|RainDance|[upkeep]
|upkeep
|turn|7
|
|t:|1784583887
|switch|p2b: Politoed|Politoed, L50, F|100/100
|move|p1a: Hydreigon|Dark Pulse|p2b: Politoed
|-crit|p2b: Politoed
|-damage|p2b: Politoed|52/100
|move|p1b: Floette|Dazzling Gleam|p2a: Incineroar|[spread] p2a,p2b
|-damage|p2a: Incineroar|5/100
|-damage|p2b: Politoed|15/100
|-enditem|p2b: Politoed|Sitrus Berry|[eat]
|-heal|p2b: Politoed|40/100|[from] item: Sitrus Berry
|move|p2a: Incineroar|Parting Shot|p1b: Floette
|-unboost|p1b: Floette|atk|1
|-unboost|p1b: Floette|spa|1
|
|t:|1784583897
|switch|p2a: Swampert|Swampert-Mega, L50, F|62/100|[from] Parting Shot
|
|-weather|RainDance|[upkeep]
|upkeep
|turn|8
|
|t:|1784583907
|switch|p1a: Incineroar|Incineroar, L50, F|18/100
|-ability|p1a: Incineroar|Intimidate|boost
|-unboost|p2a: Swampert|atk|1
|-unboost|p2b: Politoed|atk|1
|move|p2a: Swampert|Wave Crash|p1b: Floette
|-damage|p1b: Floette|0 fnt
|faint|p1b: Floette
|-damage|p2a: Swampert|39/100|[from] Recoil
|move|p2b: Politoed|Weather Ball|p1a: Incineroar
|-supereffective|p1a: Incineroar|1
|-damage|p1a: Incineroar|0 fnt
|faint|p1a: Incineroar
|
|-weather|RainDance|[upkeep]
|upkeep
|
|t:|1784583915
|switch|p1b: Aerodactyl|Aerodactyl, L50, M|100/100
|switch|p1a: Hydreigon|Hydreigon, L50, F|46/100
|-ability|p1b: Aerodactyl|Unnerve
|turn|9
|
|t:|1784583922
|move|p2a: Swampert|Wave Crash|p1b: Aerodactyl
|-supereffective|p1b: Aerodactyl|1
|-enditem|p1b: Aerodactyl|Focus Sash
|-damage|p1b: Aerodactyl|1/100
|-damage|p2a: Swampert|13/100|[from] Recoil
|move|p1a: Hydreigon|Dark Pulse|p2a: Swampert
|-damage|p2a: Swampert|0 fnt
|faint|p2a: Swampert
|move|p1b: Aerodactyl|Rock Slide|p2b: Politoed
|-damage|p2b: Politoed|11/100
|move|p2b: Politoed|Weather Ball|p1b: Aerodactyl
|-supereffective|p1b: Aerodactyl|1
|-damage|p1b: Aerodactyl|0 fnt
|faint|p1b: Aerodactyl
|
|-weather|none
|upkeep
|
|t:|1784583931
|switch|p2a: Incineroar|Incineroar, L50, F|5/100
|-ability|p2a: Incineroar|Intimidate|boost
|-unboost|p1a: Hydreigon|atk|1
|turn|10
|
|t:|1784583936
|move|p2a: Incineroar|Fake Out|p1a: Hydreigon
|-damage|p1a: Hydreigon|32/100
|cant|p1a: Hydreigon|flinch
|move|p2b: Politoed|Perish Song|p2b: Politoed
|-start|p1a: Hydreigon|perish3|[silent]
|-start|p2a: Incineroar|perish3|[silent]
|-start|p2b: Politoed|perish3|[silent]
|-fieldactivate|move: Perish Song
|
|-start|p1a: Hydreigon|perish3
|-start|p2b: Politoed|perish3
|-start|p2a: Incineroar|perish3
|upkeep
|turn|11
|
|t:|1784583950
|move|p2b: Politoed|Protect|p2b: Politoed
|-singleturn|p2b: Politoed|Protect
|move|p2a: Incineroar|Protect|p2a: Incineroar
|-singleturn|p2a: Incineroar|Protect
|move|p1a: Hydreigon|Dark Pulse|p2b: Politoed
|-activate|p2b: Politoed|move: Protect
|
|-start|p1a: Hydreigon|perish2
|-start|p2b: Politoed|perish2
|-start|p2a: Incineroar|perish2
|upkeep
|turn|12
|
|t:|1784583963
|move|p1a: Hydreigon|Dark Pulse|p2b: Politoed
|-damage|p2b: Politoed|0 fnt
|faint|p2b: Politoed
|move|p2a: Incineroar|Parting Shot|p1a: Hydreigon
|-unboost|p1a: Hydreigon|atk|1
|-unboost|p1a: Hydreigon|spa|1
|
|-start|p1a: Hydreigon|perish1
|-start|p2a: Incineroar|perish1
|upkeep
|turn|13
|
|t:|1784583970
|move|p2a: Incineroar|Protect|p2a: Incineroar
|-singleturn|p2a: Incineroar|Protect
|move|p1a: Hydreigon|Dark Pulse|p2a: Incineroar
|-activate|p2a: Incineroar|move: Protect
|
|-start|p1a: Hydreigon|perish0
|-start|p2a: Incineroar|perish0
|faint|p1a: Hydreigon
|faint|p2a: Incineroar
|
|win|Garden Monke
||Goku Ciencia is ready for game 2.
|inactive|Garden Monke has 30 seconds to confirm battle start!
|inactive|Garden Monke has 20 seconds to confirm battle start!
||Garden Monke is ready for game 2.
|uhtml|next|Next: Game 2 of 3
|l|☆Goku Ciencia
|player|p1|
