|j|☆vincy18
|j|☆moth.o
|html|vincy18moth.o    
|uhtml|bestof|Game 3 of a best-of-3
|t:|1756545897
|gametype|doubles
|player|p1|vincy18|will|1129
|player|p2|moth.o|roxie|1146
|gen|9
|tier|[Gen 9] VGC 2025 Reg H (Bo3)
|rated|
|rule|Species Clause: Limit one of each Pokémon
|rule|Item Clause: Limit 1 of each item
|clearpoke
|poke|p1|Annihilape, L50, F|
|poke|p1|Whimsicott, L50, M|
|poke|p1|Gholdengo, L50|
|poke|p1|Electabuzz, L50, F|
|poke|p1|Pelipper, L50, M|
|poke|p1|Sneasler, L50, F|
|poke|p2|Arcanine-Hisui, L50, F|
|poke|p2|Indeedee-F, L50, F|
|poke|p2|Gallade, L50, M|
|poke|p2|Gholdengo, L50|
|poke|p2|Whimsicott, L50, M|
|poke|p2|Hydreigon, L50, M|
|teampreview|4
|showteam|p1|Annihilape||SafetyGoggles|Defiant|RageFist,DrainPunch,BulkUp,Protect|||F|||50|,,,,,Fire]Whimsicott||CovertCloak|Prankster|Tailwind,BeatUp,Encore,Moonblast|||M|||50|,,,,,Ghost]Gholdengo||LifeOrb|GoodasGold|NastyPlot,Protect,ShadowBall,MakeItRain||||||50|,,,,,Water]Electabuzz||Eviolite|VitalSpirit|FollowMe,Protect,Electroweb,Taunt|||F|||50|,,,,,Ghost]Pelipper||FocusSash|Drizzle|Hurricane,WeatherBall,Tailwind,Protect|||M|||50|,,,,,Grass]Sneasler||MirrorHerb|Unburden|FakeOut,DireClaw,CloseCombat,ThroatChop|||F|||50|,,,,,Stellar
|showteam|p2|Arcanine-Hisui||SafetyGoggles|Intimidate|Protect,RockSlide,FlareBlitz,ExtremeSpeed|||F|||50|,,,,,Fairy]Indeedee-F||SitrusBerry|PsychicSurge|TrickRoom,FollowMe,Psychic,HelpingHand|||F|||50|,,,,,Fairy]Gallade||LifeOrb|Sharpness|Protect,ThroatChop,SacredSword,PsychoCut|||M|||50|,,,,,Grass]Gholdengo||ChoiceSpecs|GoodasGold|MakeItRain,ShadowBall,PowerGem,Thunderbolt||||||50|,,,,,Steel]Whimsicott||CovertCloak|Prankster|Uturn,Moonblast,Encore,Tailwind|||M|||50|,,,,,Dark]Hydreigon||AssaultVest|Levitate|Uturn,Snarl,DarkPulse,DracoMeteor|||M|||50|,,,,,Ghost
|inactive|Battle timer is ON: inactive players will automatically lose when time's up. (requested by vincy18)
|inactive|vincy18 has 60 seconds left.
|inactive|moth.o has 60 seconds left.
|
|t:|1756545933
|teamsize|p1|4
|teamsize|p2|4
|start
|switch|p1a: Electabuzz|Electabuzz, L50, F|100/100
|switch|p1b: Gholdengo|Gholdengo, L50|100/100
|switch|p2a: Meigallo|Whimsicott, L50, M, shiny|100/100
|switch|p2b: Gholdengo|Gholdengo, L50|100/100
|turn|1
|
|t:|1756545955
|move|p1b: Gholdengo|Protect|p1b: Gholdengo
|-singleturn|p1b: Gholdengo|Protect
|move|p2a: Meigallo|Tailwind|p2a: Meigallo
|-sidestart|p2: moth.o|move: Tailwind
|move|p2b: Gholdengo|Shadow Ball|p1a: Electabuzz
|-damage|p1a: Electabuzz|39/100
|move|p1a: Electabuzz|Taunt|p2a: Meigallo
|-start|p2a: Meigallo|move: Taunt
|
|upkeep
|turn|2
|
|t:|1756545976
|move|p1a: Electabuzz|Follow Me|p1a: Electabuzz
|-singleturn|p1a: Electabuzz|move: Follow Me
|move|p2a: Meigallo|U-turn|p1a: Electabuzz
|-damage|p1a: Electabuzz|31/100
|
|t:|1756545981
|switch|p2a: Farrapos|Hydreigon, L50, M, shiny|100/100|[from] U-turn
|move|p2b: Gholdengo|Shadow Ball|p1a: Electabuzz
|-damage|p1a: Electabuzz|0 fnt
|faint|p1a: Electabuzz
|move|p1b: Gholdengo|Shadow Ball|p2b: Gholdengo
|-supereffective|p2b: Gholdengo
|-damage|p2b: Gholdengo|0 fnt
|faint|p2b: Gholdengo
|-damage|p1b: Gholdengo|91/100|[from] item: Life Orb
|
|upkeep
|
|t:|1756545996
|switch|p2b: Galantería|Gallade, L50, M, shiny|100/100
|switch|p1a: Sneasler|Sneasler, L50, F|100/100
|turn|3
|inactive|vincy18 has 30 seconds left.
|
|t:|1756546023
|-terastallize|p2a: Farrapos|Ghost
|-terastallize|p1b: Gholdengo|Water
|move|p1a: Sneasler|Fake Out|p2b: Galantería
|-damage|p2b: Galantería|77/100
|move|p2a: Farrapos|Snarl|p1b: Gholdengo|[spread] p1a,p1b
|-resisted|p1a: Sneasler
|-damage|p1a: Sneasler|88/100
|-damage|p1b: Gholdengo|68/100
|-unboost|p1a: Sneasler|spa|1
|-unboost|p1b: Gholdengo|spa|1
|cant|p2b: Galantería|flinch
|move|p1b: Gholdengo|Nasty Plot|p1b: Gholdengo
|-boost|p1b: Gholdengo|spa|2
|
|upkeep
|turn|4
|inactive|vincy18 has 30 seconds left.
|inactive|moth.o has 30 seconds left.
|
|t:|1756546050
|switch|p1a: Annihilape|Annihilape, L50, F|100/100
|move|p1b: Gholdengo|Protect|p1b: Gholdengo
|-singleturn|p1b: Gholdengo|Protect
|move|p2a: Farrapos|Snarl|p1b: Gholdengo|[spread] p1a
|-activate|p1b: Gholdengo|move: Protect
|-damage|p1a: Annihilape|81/100
|-unboost|p1a: Annihilape|spa|1
|-ability|p1a: Annihilape|Defiant|boost
|-boost|p1a: Annihilape|atk|2
|move|p2b: Galantería|Psycho Cut|p1a: Annihilape
|-supereffective|p1a: Annihilape
|-crit|p1a: Annihilape
|-damage|p1a: Annihilape|0 fnt
|faint|p1a: Annihilape
|-damage|p2b: Galantería|68/100|[from] item: Life Orb
|
|-sideend|p2: moth.o|move: Tailwind
|upkeep
|
|t:|1756546061
|switch|p1a: Sneasler|Sneasler, L50, F|88/100
|turn|5
|
|t:|1756546077
|move|p2b: Galantería|Protect|p2b: Galantería
|-singleturn|p2b: Galantería|Protect
|move|p1a: Sneasler|Dire Claw|p2a: Farrapos
|-resisted|p2a: Farrapos
|-damage|p2a: Farrapos|78/100
|-status|p2a: Farrapos|par
|move|p1b: Gholdengo|Shadow Ball|p2b: Galantería
|-activate|p2b: Galantería|move: Protect
|move|p2a: Farrapos|Draco Meteor|p1a: Sneasler
|-damage|p1a: Sneasler|0 fnt
|-unboost|p2a: Farrapos|spa|2
|faint|p1a: Sneasler
|
|upkeep
|turn|6
|inactive|moth.o has 30 seconds left.
|
|t:|1756546104
|move|p1b: Gholdengo|Shadow Ball|p2b: Galantería
|-supereffective|p2b: Galantería
|-damage|p2b: Galantería|0 fnt
|faint|p2b: Galantería
|-damage|p1b: Gholdengo|58/100|[from] item: Life Orb
|move|p2a: Farrapos|Snarl|p1b: Gholdengo
|-damage|p1b: Gholdengo|44/100
|-unboost|p1b: Gholdengo|spa|1
|
|upkeep
|
|t:|1756546114
|switch|p2b: Meigallo|Whimsicott, L50, M, shiny|100/100
|turn|7
|
|t:|1756546120
|move|p2b: Meigallo|Tailwind|p2b: Meigallo
|-sidestart|p2: moth.o|move: Tailwind
|cant|p2a: Farrapos|par
|move|p1b: Gholdengo|Make It Rain|p2a: Farrapos|[spread] p2a,p2b
|-supereffective|p2b: Meigallo
|-crit|p2b: Meigallo
|-damage|p2a: Farrapos|40/100 par
|-damage|p2b: Meigallo|0 fnt
|-unboost|p1b: Gholdengo|spa|1
|faint|p2b: Meigallo
|-damage|p1b: Gholdengo|34/100|[from] item: Life Orb
|
|upkeep
|turn|8
|
|t:|1756546134
|move|p1b: Gholdengo|Protect|p1b: Gholdengo
|-singleturn|p1b: Gholdengo|Protect
|cant|p2a: Farrapos|par
|
|upkeep
|turn|9
|
|t:|1756546143
|move|p2a: Farrapos|Draco Meteor|p1b: Gholdengo
|-damage|p1b: Gholdengo|0 fnt
|-unboost|p2a: Farrapos|spa|2
|faint|p1b: Gholdengo
|
|win|moth.o
|raw|vincy18's rating: 1129 → 1105(-24 for losing)
|raw|moth.o's rating: 1146 → 1170(+24 for winning)
|l|☆vincy18
|player|p1|
|l|☆moth.o
|player|p2|
|j|☆moth.o
|player|p2|moth.o|roxie|
