|j|☆ben harpic
|j|☆robby w
|html|ben harpicrobby w    
|uhtml|bestof|Game 1 of a best-of-3
|t:|1756679494
|gametype|doubles
|player|p1|ben harpic|266|1287
|player|p2|robby w|pokefan-gen4|1264
|gen|9
|tier|[Gen 9] VGC 2025 Reg H (Bo3)
|rated|
|rule|Species Clause: Limit one of each Pokémon
|rule|Item Clause: Limit 1 of each item
|clearpoke
|poke|p1|Dragapult, L50, F|
|poke|p1|Archaludon, L50, M|
|poke|p1|Rillaboom, L50, F|
|poke|p1|Annihilape, L50, M|
|poke|p1|Maushold-Four, L50|
|poke|p1|Weezing, L50, F|
|poke|p2|Dondozo, L50, F|
|poke|p2|Tatsugiri, L50, F|
|poke|p2|Sneasler, L50, F|
|poke|p2|Whimsicott, L50, M|
|poke|p2|Ursaluna-Bloodmoon, L50, M|
|poke|p2|Indeedee, L50, M|
|teampreview|4
|showteam|p1|Dragapult||LightClay|ClearBody|DragonDarts,Reflect,LightScreen,ThunderWave|||F|||50|,,,,,Steel]Archaludon||SafetyGoggles|Stalwart|DragonTail,Protect,StealthRock,Roar|||M|||50|,,,,,Ghost]Rillaboom||MiracleSeed|GrassySurge|WoodHammer,FakeOut,WorrySeed,GrassyGlide|||F|||50|,,,,,Grass]Annihilape||Leftovers|Defiant|RageFist,Protect,BulkUp,DrainPunch|||M|||50|,,,,,Normal]Maushold-Four||WideLens|FriendGuard|PopulationBomb,Protect,Taunt,ThunderWave||||||50|,,,,,Ghost]Weezing||WikiBerry|NeutralizingGas|SludgeBomb,Protect,Taunt,WillOWisp|||F|||50|,,,,,Ghost
|showteam|p2|Dondozo||Leftovers|Unaware|Protect,WaveCrash,Earthquake,OrderUp|||F|||50|,,,,,Grass]Tatsugiri||ChoiceScarf|Commander|DragonPulse,IcyWind,DracoMeteor,MuddyWater|||F|||50|,,,,,Stellar]Sneasler||PsychicSeed|Unburden|DireClaw,CloseCombat,Protect,ThroatChop|||F|||50|,,,,,Dark]Whimsicott||CovertCloak|Prankster|Tailwind,Moonblast,Taunt,HelpingHand|||M|||50|,,,,,Grass]Ursaluna-Bloodmoon||LifeOrb|MindsEye|BloodMoon,HyperVoice,Protect,EarthPower|||M|||50|,,,,,Normal]Indeedee||FocusSash|PsychicSurge|ExpandingForce,TrickRoom,DazzlingGleam,Protect|||M|||50|,,,,,Fairy
|inactive|Battle timer is ON: inactive players will automatically lose when time's up. (requested by ben harpic)
|
|t:|1756679523
|teamsize|p1|4
|teamsize|p2|4
|start
|switch|p1a: Dragapult|Dragapult, L50, F|100/100
|switch|p1b: Weezing|Weezing, L50, F|100/100
|switch|p2a: Sneasler|Sneasler, L50, F|100/100
|switch|p2b: Indeedee|Indeedee, L50, M|100/100
|-ability|p1b: Weezing|Neutralizing Gas
|turn|1
|inactive|ben harpic has 30 seconds left.
|
|t:|1756679552
|-terastallize|p2a: Sneasler|Dark
|move|p2b: Indeedee|Protect|p2b: Indeedee
|-singleturn|p2b: Indeedee|Protect
|move|p1a: Dragapult|Thunder Wave|p2b: Indeedee
|-activate|p2b: Indeedee|move: Protect
|move|p2a: Sneasler|Throat Chop|p1a: Dragapult
|-supereffective|p1a: Dragapult
|-damage|p1a: Dragapult|0 fnt
|faint|p1a: Dragapult
|move|p1b: Weezing|Will-O-Wisp|p2a: Sneasler
|-status|p2a: Sneasler|brn
|
|-damage|p2a: Sneasler|95/100 brn|[from] brn
|upkeep
|
|t:|1756679562
|switch|p1a: Annihilape|Annihilape, L50, M|100/100
|turn|2
|
|t:|1756679582
|-end|p1b: Weezing|ability: Neutralizing Gas
|-fieldstart|move: Psychic Terrain|[from] ability: Psychic Surge|[of] p2b: Indeedee
|-enditem|p2a: Sneasler|Psychic Seed
|-boost|p2a: Sneasler|spd|1|[from] item: Psychic Seed
|switch|p1b: Rillaboom|Rillaboom, L50, F|100/100
|-fieldstart|move: Grassy Terrain|[from] ability: Grassy Surge|[of] p1b: Rillaboom
|move|p2a: Sneasler|Dire Claw|p1a: Annihilape
|-resisted|p1a: Annihilape
|-damage|p1a: Annihilape|90/100
|-status|p1a: Annihilape|par
|move|p2b: Indeedee|Expanding Force|p1b: Rillaboom
|-damage|p1b: Rillaboom|68/100
|move|p1a: Annihilape|Bulk Up|p1a: Annihilape
|-boost|p1a: Annihilape|atk|1
|-boost|p1a: Annihilape|def|1
|
|-heal|p2a: Sneasler|100/100 brn|[from] Grassy Terrain
|-heal|p1b: Rillaboom|74/100|[from] Grassy Terrain
|-heal|p1a: Annihilape|96/100 par|[from] Grassy Terrain
|-heal|p1a: Annihilape|100/100 par|[from] item: Leftovers
|-damage|p2a: Sneasler|95/100 brn|[from] brn
|upkeep
|turn|3
|
|t:|1756679607
|switch|p1b: Weezing|Weezing, L50, F|100/100
|-ability|p1b: Weezing|Neutralizing Gas
|move|p2a: Sneasler|Protect|p2a: Sneasler
|-singleturn|p2a: Sneasler|Protect
|move|p2b: Indeedee|Protect|p2b: Indeedee
|-singleturn|p2b: Indeedee|Protect
|move|p1a: Annihilape|Drain Punch|p2a: Sneasler
|-activate|p2a: Sneasler|move: Protect
|
|-heal|p2a: Sneasler|100/100 brn|[from] Grassy Terrain
|-damage|p2a: Sneasler|95/100 brn|[from] brn
|upkeep
|turn|4
|inactive|robby w has 30 seconds left.
|inactive|robby w has 20 seconds left.
|
|t:|1756679642
|-end|p1b: Weezing|ability: Neutralizing Gas
|-fieldstart|move: Psychic Terrain|[from] ability: Psychic Surge|[of] p2b: Indeedee
|switch|p1b: Rillaboom|Rillaboom, L50, F|74/100
|-fieldstart|move: Grassy Terrain|[from] ability: Grassy Surge|[of] p1b: Rillaboom
|move|p2a: Sneasler|Dire Claw|p1b: Rillaboom
|-supereffective|p1b: Rillaboom
|-damage|p1b: Rillaboom|24/100
|move|p2b: Indeedee|Expanding Force|p1a: Annihilape
|-supereffective|p1a: Annihilape
|-damage|p1a: Annihilape|45/100 par
|move|p1a: Annihilape|Drain Punch|p2a: Sneasler
|-supereffective|p2a: Sneasler
|-damage|p2a: Sneasler|0 fnt
|-heal|p1a: Annihilape|80/100 par|[from] drain|[of] p2a: Sneasler
|faint|p2a: Sneasler
|
|-heal|p1b: Rillaboom|30/100|[from] Grassy Terrain
|-heal|p1a: Annihilape|86/100 par|[from] Grassy Terrain
|-heal|p1a: Annihilape|92/100 par|[from] item: Leftovers
|upkeep
|
|t:|1756679662
|switch|p2a: Dondozo|Dondozo, L50, F, shiny|100/100
|turn|5
|
|t:|1756679677
|switch|p2b: Tatsugiri|Tatsugiri, L50, F|100/100
|-activate|p2b: Tatsugiri|ability: Commander|[of] p2a: Dondozo
|-boost|p2a: Dondozo|atk|2
|-boost|p2a: Dondozo|spa|2
|-boost|p2a: Dondozo|spe|2
|-boost|p2a: Dondozo|def|2
|-boost|p2a: Dondozo|spd|2
|switch|p1b: Weezing|Weezing, L50, F|100/100
|-ability|p1b: Weezing|Neutralizing Gas
|move|p2a: Dondozo|Order Up|p1b: Weezing
|-damage|p1b: Weezing|56/100
|-boost|p2a: Dondozo|atk|1
|move|p1a: Annihilape|Bulk Up|p1a: Annihilape
|-boost|p1a: Annihilape|atk|1
|-boost|p1a: Annihilape|def|1
|
|-heal|p1b: Weezing|62/100|[from] Grassy Terrain
|-heal|p1a: Annihilape|99/100 par|[from] Grassy Terrain
|-heal|p1a: Annihilape|100/100 par|[from] item: Leftovers
|upkeep
|turn|6
|
|t:|1756679700
|move|p2a: Dondozo|Order Up|p1b: Weezing
|-damage|p1b: Weezing|2/100
|-enditem|p1b: Weezing|Wiki Berry|[eat]
|-heal|p1b: Weezing|35/100|[from] item: Wiki Berry
|-boost|p2a: Dondozo|atk|1
|move|p1b: Weezing|Will-O-Wisp|p2a: Dondozo
|-status|p2a: Dondozo|brn
|move|p1a: Annihilape|Rage Fist|p2a: Dondozo
|-damage|p2a: Dondozo|58/100 brn
|
|-heal|p2a: Dondozo|64/100 brn|[from] Grassy Terrain
|-heal|p2a: Dondozo|70/100 brn|[from] item: Leftovers
|-heal|p1b: Weezing|41/100|[from] Grassy Terrain
|-damage|p2a: Dondozo|64/100 brn|[from] brn
|upkeep
|turn|7
|
|t:|1756679722
|move|p1b: Weezing|Protect|p1b: Weezing
|-singleturn|p1b: Weezing|Protect
|move|p2a: Dondozo|Order Up|p1b: Weezing
|-activate|p1b: Weezing|move: Protect
|cant|p1a: Annihilape|par
|
|-heal|p2a: Dondozo|70/100 brn|[from] Grassy Terrain
|-heal|p2a: Dondozo|77/100 brn|[from] item: Leftovers
|-heal|p1b: Weezing|46/100|[from] Grassy Terrain
|-damage|p2a: Dondozo|70/100 brn|[from] brn
|upkeep
|turn|8
|
|t:|1756679739
|move|p2a: Dondozo|Order Up|p1b: Weezing
|-damage|p1b: Weezing|12/100
|-boost|p2a: Dondozo|atk|1
|move|p1b: Weezing|Sludge Bomb|p2a: Dondozo
|-damage|p2a: Dondozo|54/100 brn
|move|p1a: Annihilape|Bulk Up|p1a: Annihilape
|-boost|p1a: Annihilape|atk|1
|-boost|p1a: Annihilape|def|1
|
|-heal|p2a: Dondozo|60/100 brn|[from] Grassy Terrain
|-heal|p2a: Dondozo|66/100 brn|[from] item: Leftovers
|-heal|p1b: Weezing|17/100|[from] Grassy Terrain
|-damage|p2a: Dondozo|60/100 brn|[from] brn
|-fieldend|move: Grassy Terrain
|upkeep
|turn|9
|
|t:|1756679761
|-end|p1b: Weezing|ability: Neutralizing Gas
|switch|p1b: Rillaboom|Rillaboom, L50, F|30/100
|-fieldstart|move: Grassy Terrain|[from] ability: Grassy Surge|[of] p1b: Rillaboom
|move|p2a: Dondozo|Order Up|p1b: Rillaboom
|-damage|p1b: Rillaboom|0 fnt
|faint|p1b: Rillaboom
|-boost|p2a: Dondozo|atk|1
|move|p1a: Annihilape|Rage Fist|p2a: Dondozo
|-damage|p2a: Dondozo|39/100 brn
|
|-heal|p2a: Dondozo|45/100 brn|[from] Grassy Terrain
|-heal|p2a: Dondozo|51/100 brn|[from] item: Leftovers
|-damage|p2a: Dondozo|45/100 brn|[from] brn
|upkeep
|
|t:|1756679769
|switch|p1b: Weezing|Weezing, L50, F|17/100
|-ability|p1b: Weezing|Neutralizing Gas
|turn|10
|inactive|robby w has 30 seconds left.
|
|t:|1756679799
|move|p2a: Dondozo|Wave Crash|p1a: Annihilape
|-damage|p1a: Annihilape|56/100 par
|-damage|p2a: Dondozo|31/100 brn|[from] Recoil
|move|p1b: Weezing|Sludge Bomb|p2a: Dondozo
|-damage|p2a: Dondozo|15/100 brn
|move|p1a: Annihilape|Rage Fist|p2a: Dondozo
|-damage|p2a: Dondozo|0 fnt
|faint|p2a: Dondozo
|
|-heal|p1b: Weezing|23/100|[from] Grassy Terrain
|-heal|p1a: Annihilape|62/100 par|[from] Grassy Terrain
|-heal|p1a: Annihilape|68/100 par|[from] item: Leftovers
|upkeep
|
|t:|1756679813
|switch|p2a: Indeedee|Indeedee, L50, M|100/100
|turn|11
|
|t:|1756679837
|-terastallize|p1a: Annihilape|Normal
|move|p1b: Weezing|Protect|p1b: Weezing
|-singleturn|p1b: Weezing|Protect
|move|p2b: Tatsugiri|Dragon Pulse|p1b: Weezing
|-activate|p1b: Weezing|move: Protect
|move|p2a: Indeedee|Expanding Force|p1a: Annihilape
|-damage|p1a: Annihilape|42/100 par
|move|p1a: Annihilape|Drain Punch|p2b: Tatsugiri
|-damage|p2b: Tatsugiri|0 fnt
|-heal|p1a: Annihilape|77/100 par|[from] drain|[of] p2b: Tatsugiri
|faint|p2b: Tatsugiri
|
|-heal|p1b: Weezing|29/100|[from] Grassy Terrain
|-heal|p1a: Annihilape|83/100 par|[from] Grassy Terrain
|-heal|p1a: Annihilape|89/100 par|[from] item: Leftovers
|upkeep
|turn|12
|-message|robby w forfeited.
|
|win|ben harpic
||robby w is ready for game 2.
|l|☆ben harpic
|player|p1|
||ben harpic is ready for game 2.
|uhtml|next|Next: Game 2 of 3
