|j|☆SitrusC
|j|☆Sir AaronVGC
|html|SitrusCSir AaronVGC    
|uhtml|bestof|Game 1 of a best-of-3
|t:|1783532092
|gametype|doubles
|player|p1|SitrusC|lucas|
|player|p2|Sir AaronVGC|#smogonxnpa2026draftee2|
|gen|9
|tier|[Gen 9 Champions] VGC 2026 Reg M-B (Bo3)
|rule|Species Clause: Limit one of each Pokémon
|rule|Item Clause: Limit 1 of each item
|clearpoke
|poke|p1|Charizard, L50, F, shiny|
|poke|p1|Garchomp, L50, F|
|poke|p1|Kingambit, L50, M|
|poke|p1|Aerodactyl, L50, F|
|poke|p1|Sylveon, L50, F|
|poke|p1|Farigiraf, L50, M|
|poke|p2|Aerodactyl, L50, M, shiny|
|poke|p2|Sneasler, L50, M, shiny|
|poke|p2|Froslass, L50, F|
|poke|p2|Tsareena, L50, F, shiny|
|poke|p2|Kingambit, L50, M|
|poke|p2|Basculegion, L50, M|
|teampreview|4
|showteam|p1|Charizard||CharizarditeY|Blaze|Protect,HeatWave,SolarBeam,WeatherBall|Modest||F|||50|]Garchomp||LifeOrb|RoughSkin|Protect,Earthquake,DragonClaw,StompingTantrum|Jolly||F|||50|]Kingambit||FocusSash|Defiant|LowKick,IronHead,SuckerPunch,KowtowCleave|Adamant||M|||50|]Aerodactyl||Aerodactylite|Unnerve|Tailwind,IceFang,RockSlide,WideGuard|Jolly||F|||50|]Sylveon||FairyFeather|Pixilate|Protect,HyperVoice,HyperBeam,QuickAttack|Modest||F|||50|]Farigiraf||SitrusBerry|ArmorTail|TrickRoom,TwinBeam,Thunderbolt,HelpingHand|Bold||M|||50|
|showteam|p2|Aerodactyl||Aerodactylite|Unnerve|RockSlide,DualWingbeat,Tailwind,Protect|Jolly||M|||50|]Sneasler||LifeOrb|PoisonTouch|DireClaw,CloseCombat,FakeOut,Protect|Adamant||M|||50|]Froslass||Froslassite|SnowCloak|Blizzard,ShadowBall,DestinyBond,Protect|Timid||F|||50|]Tsareena||WideLens|QueenlyMajesty|PowerWhip,LowKick,TripleAxel,HelpingHand|Adamant||F|||50|]Kingambit||BlackGlasses|Defiant|KowtowCleave,SuckerPunch,SwordsDance,Protect|Adamant||M|||50|]Basculegion||FocusSash|Adaptability|Liquidation,LastRespects,AquaJet,Protect|Adamant||M|||50|
|inactive|Battle timer is ON: inactive players will automatically lose when time's up. (requested by SitrusC)
|c|☆SitrusC|Glhf
|c|☆Sir AaronVGC|glhf
|inactive|SitrusC has 60 seconds left.
|
|t:|1783532148
|teamsize|p1|4
|teamsize|p2|4
|start
|switch|p1a: Farigiraf|Farigiraf, L50, M|100/100
|switch|p1b: Kingambit|Kingambit, L50, M|100/100
|switch|p2a: Houndfish|Basculegion, L50, M|100/100
|switch|p2b: Cupid|Aerodactyl, L50, M, shiny|100/100
|-ability|p2b: Cupid|Unnerve
|turn|1
|inactive|SitrusC has 30 seconds left.
|
|t:|1783532181
|detailschange|p2b: Cupid|Aerodactyl-Mega, L50, M, shiny
|-mega|p2b: Cupid|Aerodactyl|Aerodactylite
|move|p2b: Cupid|Rock Slide|p1b: Kingambit|[spread] p1a,p1b
|-resisted|p1b: Kingambit|1
|-damage|p1a: Farigiraf|77/100
|-damage|p1b: Kingambit|88/100
|move|p2a: Houndfish|Liquidation|p1b: Kingambit
|-damage|p1b: Kingambit|38/100
|move|p1b: Kingambit|Kowtow Cleave|p2a: Houndfish
|-supereffective|p2a: Houndfish|1
|-enditem|p2a: Houndfish|Focus Sash
|-damage|p2a: Houndfish|1/100
|cant|p1a: Farigiraf|flinch
|
|upkeep
|turn|2
|
|t:|1783532203
|switch|p2b: Koroleva|Tsareena, L50, F, shiny|100/100
|move|p1b: Kingambit|Sucker Punch||[still]
|cant|p2b: Koroleva|ability: Queenly Majesty|Sucker Punch|[of] p1b: Kingambit
|move|p2a: Houndfish|Liquidation|p1b: Kingambit
|-damage|p1b: Kingambit|0 fnt
|faint|p1b: Kingambit
|move|p1a: Farigiraf|Trick Room|p1a: Farigiraf
|-fieldstart|move: Trick Room|[of] p1a: Farigiraf
|
|upkeep
|
|t:|1783532214
|switch|p1b: Sylveon|Sylveon, L50, F|100/100
|turn|3
|
|t:|1783532225
|move|p2a: Houndfish|Protect|p2a: Houndfish
|-singleturn|p2a: Houndfish|Protect
|move|p1a: Farigiraf|Twin Beam|p2b: Koroleva
|-damage|p2b: Koroleva|82/100
|-damage|p2b: Koroleva|64/100
|-hitcount|p2b: Koroleva|2
|move|p1b: Sylveon|Hyper Voice|p2a: Houndfish|[spread] p2b
|-activate|p2a: Houndfish|move: Protect
|-damage|p2b: Koroleva|3/100
|move|p2b: Koroleva|Power Whip|p1b: Sylveon
|-damage|p1b: Sylveon|24/100
|
|upkeep
|turn|4
|inactive|SitrusC has 30 seconds left.
|
|t:|1783532250
|move|p1a: Farigiraf|Helping Hand|p1b: Sylveon
|-singleturn|p1b: Sylveon|Helping Hand|[of] p1a: Farigiraf
|move|p2a: Houndfish|Protect||[still]
|-fail|p2a: Houndfish
|move|p1b: Sylveon|Hyper Voice|p2b: Koroleva|[spread] p2a,p2b
|-damage|p2a: Houndfish|0 fnt
|-damage|p2b: Koroleva|0 fnt
|faint|p2a: Houndfish
|faint|p2b: Koroleva
|
|upkeep
|
|t:|1783532260
|switch|p2b: Cupid|Aerodactyl-Mega, L50, M, shiny|100/100
|switch|p2a: Longclaw|Sneasler, L50, M, shiny|100/100
|turn|5
|
|t:|1783532278
|move|p2a: Longclaw|Protect|p2a: Longclaw
|-singleturn|p2a: Longclaw|Protect
|move|p1a: Farigiraf|Twin Beam|p2a: Longclaw
|-activate|p2a: Longclaw|move: Protect
|move|p1b: Sylveon|Hyper Voice|p2b: Cupid|[spread] p2b
|-activate|p2a: Longclaw|move: Protect
|-damage|p2b: Cupid|52/100
|move|p2b: Cupid|Rock Slide|p1a: Farigiraf|[spread] p1a,p1b
|-damage|p1a: Farigiraf|53/100
|-damage|p1b: Sylveon|0 fnt
|faint|p1b: Sylveon
|
|upkeep
|
|t:|1783532292
|switch|p1b: Charizard|Charizard, L50, F, shiny|100/100
|turn|6
|
|t:|1783532301
|detailschange|p1b: Charizard|Charizard-Mega-Y, L50, F, shiny
|-mega|p1b: Charizard|Charizard|Charizardite Y
|-weather|SunnyDay|[from] ability: Drought|[of] p1b: Charizard
|move|p2a: Longclaw|Protect||[still]
|-fail|p2a: Longclaw
|move|p2b: Cupid|Protect|p2b: Cupid
|-singleturn|p2b: Cupid|Protect
|move|p1a: Farigiraf|Thunderbolt|p2b: Cupid
|-activate|p2b: Cupid|move: Protect
|move|p1b: Charizard|Weather Ball|p2a: Longclaw
|-damage|p2a: Longclaw|0 fnt
|faint|p2a: Longclaw
|
|-weather|SunnyDay|[upkeep]
|-fieldend|move: Trick Room
|upkeep
|turn|7
|
|t:|1783532322
|move|p1b: Charizard|Protect|p1b: Charizard
|-singleturn|p1b: Charizard|Protect
|move|p2b: Cupid|Rock Slide|p1a: Farigiraf|[spread] p1a
|-activate|p1b: Charizard|move: Protect
|-damage|p1a: Farigiraf|30/100
|-enditem|p1a: Farigiraf|Sitrus Berry|[eat]
|-heal|p1a: Farigiraf|55/100|[from] item: Sitrus Berry
|move|p1a: Farigiraf|Trick Room|p1a: Farigiraf
|-fieldstart|move: Trick Room|[of] p1a: Farigiraf
|
|-weather|SunnyDay|[upkeep]
|upkeep
|turn|8
|
|t:|1783532335
|move|p2b: Cupid|Protect|p2b: Cupid
|-singleturn|p2b: Cupid|Protect
|move|p1a: Farigiraf|Thunderbolt|p2b: Cupid
|-activate|p2b: Cupid|move: Protect
|move|p1b: Charizard|Weather Ball|p2b: Cupid
|-activate|p2b: Cupid|move: Protect
|
|-weather|SunnyDay|[upkeep]
|upkeep
|turn|9
|-message|Sir AaronVGC forfeited.
|
|win|SitrusC
||Sir AaronVGC is ready for game 2.
|c|☆SitrusC|Ggwp
||SitrusC is ready for game 2.
|uhtml|next|Next: Game 2 of 3
|l|☆SitrusC
|player|p1|
|j|☆SitrusC
|player|p1|SitrusC|lucas|
|l|☆SitrusC
|player|p1|
