|j|☆ToastedArt
|j|☆Brrn44
|html|ToastedArtBrrn44    
|uhtml|bestof|Game 1 of a best-of-3
|t:|1785509624
|gametype|doubles
|player|p1|ToastedArt|iris|1078
|player|p2|Brrn44|red|1006
|gen|9
|tier|[Gen 9 Champions] VGC 2026 Reg M-B (Bo3)
|rated|
|rule|Species Clause: Limit one of each Pokémon
|rule|Item Clause: Limit 1 of each item
|clearpoke
|poke|p1|Gholdengo, L50|
|poke|p1|Maushold, L50|
|poke|p1|Falinks, L50, shiny|
|poke|p1|Ninetales-Alola, L50, M|
|poke|p1|Hydreigon, L50, F|
|poke|p1|Arcanine-Hisui, L50, F|
|poke|p2|Farigiraf, L50, F|
|poke|p2|Scizor, L50, F, shiny|
|poke|p2|Blastoise, L50, F, shiny|
|poke|p2|Pelipper, L50, F, shiny|
|poke|p2|Aerodactyl, L50, F, shiny|
|poke|p2|Sinistcha-Masterpiece, L50, shiny|
|teampreview|4
|showteam|p1|Gholdengo||LifeOrb|GoodasGold|MakeItRain,ShadowBall,NastyPlot,Protect|Modest|||||50|]Maushold||WideLens|Technician|PopulationBomb,FollowMe,Encore,Protect|Jolly|||||50|]Falinks||Falinksite|Defiant|CloseCombat,RockSlide,NoRetreat,Protect|Adamant|||||50|]Ninetales-Alola||NeverMeltIce|SnowWarning|Blizzard,FreezeDry,AuroraVeil,Protect|Timid||M|||50|]Hydreigon||HabanBerry|Levitate|DracoMeteor,DarkPulse,Tailwind,Protect|Modest||F|||50|]Arcanine-Hisui||FocusSash|RockHead|FlareBlitz,HeadSmash,ExtremeSpeed,Protect|Jolly||F|||50|
|showteam|p2|Farigiraf||ColburBerry|ArmorTail|HelpingHand,Psychic,TrickRoom,Protect|Bold||F|||50|]Scizor||Scizorite|Technician|BulletPunch,BugBite,Protect,SwordsDance|Brave||F|||50|]Blastoise||Blastoisinite|RainDish|WaterSpout,AuraSphere,Protect,FakeOut|Quiet||F|||50|]Pelipper||SitrusBerry|Drizzle|WeatherBall,WideGuard,Hurricane,Protect|Modest||F|||50|]Aerodactyl||FocusSash|Unnerve|DualWingbeat,RockSlide,Protect,Tailwind|Adamant||F|||50|]Sinistcha-Masterpiece||Leftovers|Hospitality|TrickRoom,MatchaGotcha,Protect,RagePowder|Bold|||||50|
|inactive|Battle timer is ON: inactive players will automatically lose when time's up. (requested by ToastedArt)
|inactive|ToastedArt has 60 seconds left.
|inactive|Brrn44 has 60 seconds left.
|inactive|Brrn44 has 30 seconds left.
|inactive|Brrn44 has 20 seconds left.
|inactive|Brrn44 has 15 seconds left.
|
|t:|1785509700
|teamsize|p1|4
|teamsize|p2|4
|start
|switch|p1a: Maushold|Maushold, L50|100/100
|switch|p1b: Hydreigon|Hydreigon, L50, F|100/100
|switch|p2a: Blastoise|Blastoise, L50, F, shiny|100/100
|switch|p2b: Farigiraf|Farigiraf, L50, F|100/100
|turn|1
|
|t:|1785509713
|move|p2a: Blastoise|Fake Out|p1b: Hydreigon
|-damage|p1b: Hydreigon|90/100
|move|p1a: Maushold|Population Bomb|p2b: Farigiraf
|-damage|p2b: Farigiraf|91/100
|-damage|p2b: Farigiraf|83/100
|-damage|p2b: Farigiraf|74/100
|-damage|p2b: Farigiraf|65/100
|-damage|p2b: Farigiraf|57/100
|-damage|p2b: Farigiraf|48/100
|-damage|p2b: Farigiraf|40/100
|-damage|p2b: Farigiraf|31/100
|-damage|p2b: Farigiraf|23/100
|-damage|p2b: Farigiraf|15/100
|-hitcount|p2b: Farigiraf|10
|cant|p1b: Hydreigon|flinch
|move|p2b: Farigiraf|Trick Room|p2b: Farigiraf
|-fieldstart|move: Trick Room|[of] p2b: Farigiraf
|
|upkeep
|turn|2
|inactive|ToastedArt has 30 seconds left.
|inactive|Brrn44 has 30 seconds left.
|
|t:|1785509741
|move|p1a: Maushold|Follow Me|p1a: Maushold
|-singleturn|p1a: Maushold|move: Follow Me
|move|p2b: Farigiraf|Psychic|p1a: Maushold
|-damage|p1a: Maushold|50/100g
|move|p2a: Blastoise|Aura Sphere|p1a: Maushold
|-supereffective|p1a: Maushold|1
|-damage|p1a: Maushold|0 fnt
|faint|p1a: Maushold
|move|p1b: Hydreigon|Dark Pulse|p2a: Blastoise
|-damage|p2a: Blastoise|66/100
|
|upkeep
|
|t:|1785509752
|switch|p1a: Falinks|Falinks, L50, shiny|100/100
|turn|3
|
|t:|1785509765
|move|p1a: Falinks|Protect|p1a: Falinks
|-singleturn|p1a: Falinks|Protect
|move|p1b: Hydreigon|Protect|p1b: Hydreigon
|-singleturn|p1b: Hydreigon|Protect
|move|p2b: Farigiraf|Psychic|p1a: Falinks
|-activate|p1a: Falinks|move: Protect
|move|p2a: Blastoise|Aura Sphere|p1b: Hydreigon
|-activate|p1b: Hydreigon|move: Protect
|
|upkeep
|turn|4
|
|t:|1785509781
|switch|p1a: Ninetales|Ninetales-Alola, L50, M|100/100
|-weather|Snowscape|[from] ability: Snow Warning|[of] p1a: Ninetales
|move|p1b: Hydreigon|Protect||[still]
|-fail|p1b: Hydreigon
|move|p2b: Farigiraf|Psychic|p1a: Ninetales
|-damage|p1a: Ninetales|65/100
|-unboost|p1a: Ninetales|spd|1
|move|p2a: Blastoise|Aura Sphere|p1b: Hydreigon
|-supereffective|p1b: Hydreigon|1
|-damage|p1b: Hydreigon|39/100
|
|-weather|Snowscape|[upkeep]
|upkeep
|turn|5
|inactive|Brrn44 has 30 seconds left.
|
|t:|1785509810
|switch|p2a: Scizor|Scizor, L50, F, shiny|100/100
|move|p1b: Hydreigon|Protect|p1b: Hydreigon
|-singleturn|p1b: Hydreigon|Protect
|move|p2b: Farigiraf|Psychic|p1a: Ninetales
|-damage|p1a: Ninetales|12/100
|move|p1a: Ninetales|Blizzard|p2a: Scizor|[spread] p2a,p2b
|-resisted|p2a: Scizor|1
|-damage|p2a: Scizor|80/100
|-damage|p2b: Farigiraf|0 fnt
|faint|p2b: Farigiraf
|
|-weather|Snowscape|[upkeep]
|-fieldend|move: Trick Room
|upkeep
|
|t:|1785509824
|switch|p2b: Blastoise|Blastoise, L50, F, shiny|66/100
|turn|6
|
|t:|1785509837
|switch|p1a: Falinks|Falinks, L50, shiny|100/100
|detailschange|p2a: Scizor|Scizor-Mega, L50, F, shiny
|-mega|p2a: Scizor|Scizor|Scizorite
|move|p2b: Blastoise|Fake Out|p1a: Falinks
|-damage|p1a: Falinks|88/100
|move|p2a: Scizor|Bullet Punch|p1b: Hydreigon
|-damage|p1b: Hydreigon|0 fnt
|faint|p1b: Hydreigon
|
|-weather|Snowscape|[upkeep]
|upkeep
|
|t:|1785509844
|switch|p1b: Ninetales|Ninetales-Alola, L50, M|12/100
|turn|7
|
|t:|1785509851
|detailschange|p1a: Falinks|Falinks-Mega, L50, shiny
|-mega|p1a: Falinks|Falinks|Falinksite
|move|p1b: Ninetales|Protect|p1b: Ninetales
|-singleturn|p1b: Ninetales|Protect
|move|p2a: Scizor|Protect|p2a: Scizor
|-singleturn|p2a: Scizor|Protect
|move|p1a: Falinks|No Retreat|p1a: Falinks
|-boost|p1a: Falinks|atk|1
|-boost|p1a: Falinks|def|1
|-boost|p1a: Falinks|spa|1
|-boost|p1a: Falinks|spd|1
|-boost|p1a: Falinks|spe|1
|-start|p1a: Falinks|move: No Retreat
|move|p2b: Blastoise|Water Spout|p1b: Ninetales|[spread] p1a
|-activate|p1b: Ninetales|move: Protect
|-damage|p1a: Falinks|58/100
|
|-weather|Snowscape|[upkeep]
|upkeep
|turn|8
|
|t:|1785509872
|move|p1b: Ninetales|Protect||[still]
|-fail|p1b: Ninetales
|move|p2a: Scizor|Bullet Punch|p1b: Ninetales
|-supereffective|p1b: Ninetales|2
|-damage|p1b: Ninetales|0 fnt
|faint|p1b: Ninetales
|move|p1a: Falinks|Close Combat|p2a: Scizor
|-damage|p2a: Scizor|4/100
|-unboost|p1a: Falinks|def|1
|-unboost|p1a: Falinks|spd|1
|move|p2b: Blastoise|Aura Sphere|p1a: Falinks
|-damage|p1a: Falinks|27/100
|
|-weather|none
|upkeep
|turn|9
|-message|ToastedArt forfeited.
|
|win|Brrn44
