|j|☆Akalaman
|j|☆Crafter568
|html|AkalamanCrafter568    
|uhtml|bestof|Game 1 of a best-of-3
|t:|1757851583
|gametype|doubles
|player|p1|Akalaman|102|1120
|player|p2|Crafter568|hilbert-wonderlauncher|1118
|gen|9
|tier|[Gen 9] VGC 2025 Reg H (Bo3)
|rated|
|rule|Species Clause: Limit one of each Pokémon
|rule|Item Clause: Limit 1 of each item
|clearpoke
|poke|p1|Typhlosion-Hisui, L50, F|
|poke|p1|Ninetales, L50, F|
|poke|p1|Venusaur, L50, F|
|poke|p1|Garganacl, L50, M|
|poke|p1|Whimsicott, L50, F|
|poke|p1|Pawmot, L50, F|
|poke|p2|Archaludon, L50, F|
|poke|p2|Pelipper, L50, F|
|poke|p2|Maushold, L50|
|poke|p2|Ludicolo, L50, F|
|poke|p2|Sinistcha, L50|
|poke|p2|Annihilape, L50, F|
|teampreview|4
|showteam|p1|Typhlosion-Hisui||ChoiceScarf|Blaze|Eruption,HeatWave,ShadowBall,Poltergeist|||F|||50|,,,,,Fire]Ninetales||EjectPack|Drought|Overheat,WillOWisp,EnergyBall,Protect|||F|||50|,,,,,Fairy]Venusaur||WideLens|Chlorophyll|SleepPowder,LeafStorm,SludgeBomb,Protect|||F|||50|,,,,,Poison]Garganacl||Leftovers|PurifyingSalt|SaltCure,IronDefense,Recover,BodyPress|||M|||50|,,,,,Ghost]Whimsicott||CovertCloak|Prankster|SunnyDay,Taunt,Tailwind,Moonblast|||F|||50|,,,,,Dark]Pawmot||FocusSash|IronFist|ThunderPunch,DoubleShock,CloseCombat,Protect|||F|||50|,,,,,Electric
|showteam|p2|Archaludon||AssaultVest|Stamina|ElectroShot,BodyPress,DragonPulse,FlashCannon|||F|||50|,,,,,Fairy]Pelipper||FocusSash|Drizzle|WeatherBall,Hurricane,Tailwind,Protect|||F|||50|,,,,,Stellar]Maushold||SafetyGoggles|FriendGuard|BeatUp,FollowMe,Taunt,Protect||||||50|,,,,,Ghost]Ludicolo||Leftovers|RainDish|Surf,GigaDrain,LeechSeed,Protect|||F|||50|,,,,,Steel]Sinistcha||RockyHelmet|Hospitality|MatchaGotcha,RagePowder,LifeDew,TrickRoom||||||50|,,,,,Fire]Annihilape||SitrusBerry|Defiant|RageFist,CloseCombat,DrainPunch,Protect|||F|||50|,,,,,Fairy
|inactive|Battle timer is ON: inactive players will automatically lose when time's up. (requested by Akalaman)
|inactive|Crafter568 has 60 seconds left.
|
|t:|1757851625
|teamsize|p1|4
|teamsize|p2|4
|start
|switch|p1a: Typhlosion|Typhlosion-Hisui, L50, F|100/100
|switch|p1b: Whimsicott|Whimsicott, L50, F|100/100
|switch|p2a: Archaludon|Archaludon, L50, F|100/100
|switch|p2b: Maushold|Maushold, L50|100/100
|turn|1
|inactive|Crafter568 has 30 seconds left.
|inactive|Crafter568 has 20 seconds left.
|
|t:|1757851663
|-terastallize|p1a: Typhlosion|Fire
|move|p2b: Maushold|Protect|p2b: Maushold
|-singleturn|p2b: Maushold|Protect
|move|p1b: Whimsicott|Sunny Day|p1b: Whimsicott
|-weather|SunnyDay
|move|p1a: Typhlosion|Eruption|p2b: Maushold|[spread] p2a
|-activate|p2b: Maushold|move: Protect
|-damage|p2a: Archaludon|39/100
|-ability|p2a: Archaludon|Stamina|boost
|-boost|p2a: Archaludon|def|1
|move|p2a: Archaludon|Dragon Pulse|p1a: Typhlosion
|-damage|p1a: Typhlosion|54/100
|
|-weather|SunnyDay|[upkeep]
|upkeep
|turn|2
|inactive|Crafter568 has 30 seconds left.
|inactive|Akalaman has 30 seconds left.
|
|t:|1757851699
|switch|p2b: Pelipper|Pelipper, L50, F|100/100
|-weather|RainDance|[from] ability: Drizzle|[of] p2b: Pelipper
|move|p1a: Typhlosion|Eruption|p2a: Archaludon|[spread] p2a,p2b
|-resisted|p2b: Pelipper
|-damage|p2a: Archaludon|25/100
|-damage|p2b: Pelipper|84/100
|-ability|p2a: Archaludon|Stamina|boost
|-boost|p2a: Archaludon|def|1
|move|p1b: Whimsicott|Moonblast|p2b: Pelipper
|-damage|p2b: Pelipper|36/100
|move|p2a: Archaludon|Body Press|p1a: Typhlosion
|-damage|p1a: Typhlosion|0 fnt
|faint|p1a: Typhlosion
|
|-weather|RainDance|[upkeep]
|upkeep
|
|t:|1757851703
|switch|p1a: Ninetales|Ninetales, L50, F|100/100
|-weather|SunnyDay|[from] ability: Drought|[of] p1a: Ninetales
|turn|3
|inactive|Crafter568 has 30 seconds left.
|
|t:|1757851736
|switch|p2b: Maushold|Maushold, L50|100/100
|move|p1b: Whimsicott|Moonblast|p2b: Maushold
|-damage|p2b: Maushold|66/100
|move|p1a: Ninetales|Overheat|p2a: Archaludon
|-damage|p2a: Archaludon|0 fnt
|-unboost|p1a: Ninetales|spa|2
|faint|p2a: Archaludon
|-enditem|p1a: Ninetales|Eject Pack
|
|t:|1757851741
|switch|p1a: Venusaur|Venusaur, L50, F|100/100
|
|-weather|SunnyDay|[upkeep]
|upkeep
|
|t:|1757851751
|switch|p2a: Ludicolo|Ludicolo, L50, F|100/100
|turn|4
|inactive|Crafter568 has 30 seconds left.
|inactive|Crafter568 has 20 seconds left.
|
|t:|1757851788
|-terastallize|p2a: Ludicolo|Steel
|move|p1a: Venusaur|Sludge Bomb|p2b: Maushold
|-crit|p2b: Maushold
|-damage|p2b: Maushold|2/100
|-status|p2b: Maushold|psn
|move|p1b: Whimsicott|Moonblast|p2b: Maushold
|-damage|p2b: Maushold|0 fnt
|faint|p2b: Maushold
|move|p2a: Ludicolo|Surf|p1a: Venusaur|[spread] p1a,p1b
|-resisted|p1a: Venusaur
|-resisted|p1b: Whimsicott
|-damage|p1a: Venusaur|96/100
|-damage|p1b: Whimsicott|95/100
|
|-weather|SunnyDay|[upkeep]
|upkeep
|
|t:|1757851801
|switch|p2b: Pelipper|Pelipper, L50, F|36/100
|-weather|RainDance|[from] ability: Drizzle|[of] p2b: Pelipper
|turn|5
|
|t:|1757851816
|move|p1b: Whimsicott|Moonblast|p2b: Pelipper
|-damage|p2b: Pelipper|0 fnt
|faint|p2b: Pelipper
|move|p1a: Venusaur|Sleep Powder|p2a: Ludicolo
|-status|p2a: Ludicolo|slp|[from] move: Sleep Powder
|cant|p2a: Ludicolo|slp
|
|-weather|RainDance|[upkeep]
|upkeep
|turn|6
|-message|Crafter568 forfeited.
|
|win|Akalaman
|l|☆Crafter568
|player|p2|
||Crafter568 is ready for game 2.
||Akalaman is ready for game 2.
|uhtml|next|Next: Game 2 of 3
|l|☆Akalaman
|player|p1|
