|j|☆jrohn33
|j|☆OsakaSalaryman
|html|jrohn33OsakaSalaryman    
|uhtml|bestof|Game 2 of a best-of-3
|t:|1785934908
|gametype|doubles
|player|p1|jrohn33|artist-gen4|1090
|player|p2|OsakaSalaryman|clerk|1000
|gen|9
|tier|[Gen 9 Champions] VGC 2026 Reg M-B (Bo3)
|rated|
|rule|Species Clause: Limit one of each Pokémon
|rule|Item Clause: Limit 1 of each item
|clearpoke
|poke|p1|Farigiraf, L50, M, shiny|
|poke|p1|Whimsicott, L50, F, shiny|
|poke|p1|Raichu, L50, F|
|poke|p1|Mawile, L50, F, shiny|
|poke|p1|Garchomp, L50, M, shiny|
|poke|p1|Basculegion, L50, M, shiny|
|poke|p2|Gengar, L50, M|
|poke|p2|Politoed, L50, F|
|poke|p2|Sableye, L50, M|
|poke|p2|Vivillon-Pokeball, L50, M|
|poke|p2|Archaludon, L50, F|
|poke|p2|Incineroar, L50, F|
|teampreview|4
|showteam|p1|Farigiraf||ColburBerry|ArmorTail|Protect,TrickRoom,TwinBeam,LightScreen|Modest||M|||50|]Whimsicott||FocusSash|Prankster|Tailwind,Encore,Moonblast,Protect|Timid||F|||50|]Raichu||RaichuniteY|Static|FakeOut,ZapCannon,FocusBlast,Protect|Modest||F|||50|]Mawile||Mawilite|HyperCutter|IronHead,PlayRough,Protect,SwordsDance|Adamant||F|||50|]Garchomp||LifeOrb|RoughSkin|Earthquake,Protect,DragonClaw,SwordsDance|Jolly||M|||50|]Basculegion||ChoiceScarf|Adaptability|FlipTurn,LastRespects,Liquidation,IceFang|Jolly||M|||50|
|showteam|p2|Gengar||Gengarite|CursedBody|Protect,ShadowBall,PerishSong,Disable|Timid||M|||50|]Politoed||SitrusBerry|Drizzle|Protect,Hypnosis,PerishSong,MuddyWater|Calm||F|||50|]Sableye||RoseliBerry|Prankster|Protect,FakeOut,Encore,FoulPlay|Bold||M|||50|]Vivillon-Pokeball||FocusSash|CompoundEyes|Protect,SleepPowder,Hurricane,RagePowder|Timid||M|||50|]Archaludon||Leftovers|Stalwart|Protect,ElectroShot,Snarl,FlashCannon|Bold||F|||50|]Incineroar||ChopleBerry|Intimidate|Protect,FakeOut,DarkestLariat,FlareBlitz|Adamant||F|||50|
|inactive|Battle timer is ON: inactive players will automatically lose when time's up. (requested by jrohn33)
|
|t:|1785934932
|teamsize|p1|4
|teamsize|p2|4
|start
|switch|p1a: Whimsicott|Whimsicott, L50, F, shiny|100/100
|switch|p1b: Basculegion|Basculegion, L50, M, shiny|100/100
|switch|p2a: Gengar|Gengar, L50, M|100/100
|switch|p2b: Sableye|Sableye, L50, M|100/100
|turn|1
|inactive|OsakaSalaryman has 30 seconds left.
|
|t:|1785934960
|detailschange|p2a: Gengar|Gengar-Mega, L50, M
|-mega|p2a: Gengar|Gengar|Gengarite
|move|p2a: Gengar|Protect|p2a: Gengar
|-singleturn|p2a: Gengar|Protect
|move|p1b: Basculegion|Last Respects|p2a: Gengar
|-activate|p2a: Gengar|move: Protect
|move|p1a: Whimsicott|Moonblast|p2b: Sableye
|-supereffective|p2b: Sableye|1
|-enditem|p2b: Sableye|Roseli Berry|[eat]
|-enditem|p2b: Sableye|Roseli Berry|[weaken]
|-damage|p2b: Sableye|53/100
|move|p2b: Sableye|Foul Play|p1b: Basculegion
|-supereffective|p1b: Basculegion|1
|-damage|p1b: Basculegion|18/100
|
|upkeep
|turn|2
|inactive|OsakaSalaryman has 30 seconds left.
|
|t:|1785934986
|switch|p2a: Incineroar|Incineroar, L50, F|100/100
|-ability|p2a: Incineroar|Intimidate|boost
|-unboost|p1a: Whimsicott|atk|1
|-unboost|p1b: Basculegion|atk|1
|move|p2b: Sableye|Protect|p2b: Sableye
|-singleturn|p2b: Sableye|Protect
|move|p1b: Basculegion|Last Respects|p2a: Incineroar
|-resisted|p2a: Incineroar|1
|-damage|p2a: Incineroar|91/100
|move|p1a: Whimsicott|Moonblast|p2b: Sableye
|-activate|p2b: Sableye|move: Protect
|
|upkeep
|turn|3
|
|t:|1785935005
|switch|p1b: Garchomp|Garchomp, L50, M, shiny|100/100
|move|p2a: Incineroar|Fake Out|p1a: Whimsicott
|-damage|p1a: Whimsicott|82/100
|cant|p1a: Whimsicott|flinch
|move|p2b: Sableye|Foul Play|p1b: Garchomp
|-damage|p1b: Garchomp|57/100
|-damage|p2b: Sableye|41/100|[from] ability: Rough Skin|[of] p1b: Garchomp
|
|upkeep
|turn|4
|
|t:|1785935029
|switch|p2b: Vivillon|Vivillon-Pokeball, L50, M|100/100
|move|p1a: Whimsicott|Moonblast|p2b: Vivillon
|-damage|p2b: Vivillon|31/100
|-unboost|p2b: Vivillon|spa|1
|move|p1b: Garchomp|Earthquake|p2b: Vivillon|[spread] p1a,p2a
|-immune|p2b: Vivillon
|-resisted|p1a: Whimsicott|1
|-supereffective|p2a: Incineroar|1
|-damage|p1a: Whimsicott|48/100
|-damage|p2a: Incineroar|11/100
|-damage|p1b: Garchomp|47/100|[from] item: Life Orb
|move|p2a: Incineroar|Flare Blitz|p1a: Whimsicott
|-supereffective|p1a: Whimsicott|1
|-damage|p1a: Whimsicott|0 fnt
|faint|p1a: Whimsicott
|-damage|p2a: Incineroar|1/100|[from] Recoil
|
|upkeep
|
|t:|1785935052
|switch|p1a: Basculegion|Basculegion, L50, M, shiny|18/100
|turn|5
|inactive|jrohn33 has 30 seconds left.
|
|t:|1785935083
|switch|p2a: Sableye|Sableye, L50, M|41/100
|move|p2b: Vivillon|Protect|p2b: Vivillon
|-singleturn|p2b: Vivillon|Protect
|move|p1a: Basculegion|Last Respects|p2b: Vivillon
|-activate|p2b: Vivillon|move: Protect
|move|p1b: Garchomp|Dragon Claw|p2a: Sableye
|-crit|p2a: Sableye
|-damage|p2a: Sableye|0 fnt
|faint|p2a: Sableye
|-damage|p1b: Garchomp|37/100|[from] item: Life Orb
|
|upkeep
|
|t:|1785935095
|switch|p2a: Incineroar|Incineroar, L50, F|1/100
|-ability|p2a: Incineroar|Intimidate|boost
|-unboost|p1a: Basculegion|atk|1
|-unboost|p1b: Garchomp|atk|1
|turn|6
|inactive|OsakaSalaryman has 30 seconds left.
|
|t:|1785935122
|move|p1b: Garchomp|Protect|p1b: Garchomp
|-singleturn|p1b: Garchomp|Protect
|move|p1a: Basculegion|Last Respects|p2b: Vivillon
|-crit|p2b: Vivillon
|-damage|p2b: Vivillon|0 fnt
|faint|p2b: Vivillon
|move|p2a: Incineroar|Darkest Lariat|p1a: Basculegion
|-supereffective|p1a: Basculegion|1
|-damage|p1a: Basculegion|0 fnt
|faint|p1a: Basculegion
|
|upkeep
|
|t:|1785935130
|switch|p2b: Gengar|Gengar-Mega, L50, M|100/100
|switch|p1a: Raichu|Raichu, L50, F|100/100
|turn|7
|
|t:|1785935150
|detailschange|p1a: Raichu|Raichu-Mega-Y, L50, F
|-mega|p1a: Raichu|Raichu|Raichunite Y
|move|p2b: Gengar|Protect|p2b: Gengar
|-singleturn|p2b: Gengar|Protect
|move|p2a: Incineroar|Protect|p2a: Incineroar
|-singleturn|p2a: Incineroar|Protect
|move|p1a: Raichu|Zap Cannon|p2b: Gengar
|-activate|p2b: Gengar|move: Protect
|move|p1b: Garchomp|Dragon Claw|p2a: Incineroar
|-activate|p2a: Incineroar|move: Protect
|
|upkeep
|turn|8
|inactive|OsakaSalaryman has 30 seconds left.
|
|t:|1785935176
|move|p2b: Gengar|Shadow Ball|p1a: Raichu
|-damage|p1a: Raichu|34/100
|-unboost|p1a: Raichu|spd|1
|move|p1a: Raichu|Zap Cannon|p2b: Gengar
|-damage|p2b: Gengar|16/100
|-status|p2b: Gengar|par
|move|p1b: Garchomp|Dragon Claw|p2a: Incineroar
|-damage|p2a: Incineroar|0 fnt
|faint|p2a: Incineroar
|-damage|p1b: Garchomp|27/100|[from] item: Life Orb
|
|upkeep
|turn|9
|
|t:|1785935187
|move|p1a: Raichu|Zap Cannon|p2b: Gengar
|-damage|p2b: Gengar|0 fnt
|faint|p2b: Gengar
|
|win|jrohn33
|l|☆OsakaSalaryman
|player|p2|
|inactive|jrohn33 has 30 seconds to confirm battle start!
|inactive|OsakaSalaryman has 30 seconds to confirm battle start!
||OsakaSalaryman is ready for game 3.
||jrohn33 is ready for game 3.
|uhtml|next|Next: Game 3 of 3
|l|☆jrohn33
|player|p1|
|j|☆OsakaSalaryman
|player|p2|OsakaSalaryman|clerk|
