|j|☆JuanGuerrero09
|j|‽NBZ-H
|html|JuanGuerrero09NBZ-H    
|uhtml|bestof|Game 3 of a best-of-3
|t:|1756912333
|gametype|doubles
|player|p1|JuanGuerrero09|102|1094
|player|p2|NBZ-H|2|1012
|gen|9
|tier|[Gen 9] VGC 2025 Reg H (Bo3)
|rated|
|rule|Species Clause: Limit one of each Pokémon
|rule|Item Clause: Limit 1 of each item
|clearpoke
|poke|p1|Sneasler, L50, M|
|poke|p1|Indeedee, L50, M|
|poke|p1|Tyranitar, L50, M|
|poke|p1|Excadrill, L50, M|
|poke|p1|Gholdengo, L50|
|poke|p1|Incineroar, L50, F|
|poke|p2|Coalossal, L50, F|
|poke|p2|Torkoal, L50, F|
|poke|p2|Ursaluna, L50, F|
|poke|p2|Farigiraf, L50, F|
|poke|p2|Amoonguss, L50, M|
|poke|p2|Gothitelle, L50, F|
|teampreview|4
|showteam|p1|Sneasler||WhiteHerb|Unburden|CloseCombat,DireClaw,FakeOut,Protect|||M|||50|,,,,,Dark]Indeedee||ChoiceScarf|PsychicSurge|ExpandingForce,TeraBlast,Trick,Protect|||M|||50|,,,,,Fire]Tyranitar||AssaultVest|SandStream|RockSlide,KnockOff,TeraBlast,LowKick|||M|||50|,,,,,Flying]Excadrill||FocusSash|SandRush|HighHorsepower,Earthquake,IronHead,Protect|||M|||50|,,,,,Ground]Gholdengo||MetalCoat|GoodasGold|ShadowBall,Protect,MakeItRain,NastyPlot||||||50|,,,,,Water]Incineroar||SafetyGoggles|Intimidate|FakeOut,KnockOff,FlareBlitz,PartingShot|||F|||50|,,,,,Ghost
|showteam|p2|Coalossal||PowerHerb|FlashFire|MeteorBeam,Protect,EarthPower,HeatWave|||F|||50|,,,,,Grass]Torkoal||Charcoal|Drought|Eruption,Protect,SolarBeam,Flamethrower|||F|||50|,,,,,Fire]Ursaluna||FlameOrb|Guts|Protect,HeadlongRush,Facade,Earthquake|||F|||50|,,,,,Ghost]Farigiraf||GrassySeed|ArmorTail|TrickRoom,FoulPlay,HelpingHand,Reflect|||F|||50|,,,,,Fairy]Amoonguss||MentalHerb|Regenerator|RagePowder,Spore,PollenPuff,Protect|||M|||50|,,,,,Dark]Gothitelle||Leftovers|ShadowTag|Protect,FakeOut,TrickRoom,LightScreen|||F|||50|,,,,,Dark
|inactive|Battle timer is ON: inactive players will automatically lose when time's up. (requested by NBZ-H)
|
|t:|1756912360
|teamsize|p1|4
|teamsize|p2|4
|start
|switch|p1a: Gholdengo|Gholdengo, L50|100/100
|switch|p1b: Excadrill|Excadrill, L50, M|100/100
|switch|p2a: Farigiraf|Farigiraf, L50, F|100/100
|switch|p2b: Gothitelle|Gothitelle, L50, F|100/100
|turn|1
|inactive|JuanGuerrero09 has 30 seconds left.
|inactive|JuanGuerrero09 has 20 seconds left.
|inactive|JuanGuerrero09 has 15 seconds left.
|
|t:|1756912405
|move|p1a: Gholdengo|Shadow Ball|p2b: Gothitelle
|-supereffective|p2b: Gothitelle
|-damage|p2b: Gothitelle|42/100
|move|p1b: Excadrill|High Horsepower|p2a: Farigiraf
|-damage|p2a: Farigiraf|42/100
|move|p2b: Gothitelle|Light Screen|p2b: Gothitelle
|-sidestart|p2: NBZ-H|move: Light Screen
|move|p2a: Farigiraf|Trick Room|p2a: Farigiraf
|-fieldstart|move: Trick Room|[of] p2a: Farigiraf
|
|-heal|p2b: Gothitelle|48/100|[from] item: Leftovers
|upkeep
|turn|2
|inactive|JuanGuerrero09 has 30 seconds left.
|inactive|NBZ-H has 30 seconds left.
|
|t:|1756912435
|switch|p2b: Torkoal|Torkoal, L50, F|100/100
|-weather|SunnyDay|[from] ability: Drought|[of] p2b: Torkoal
|move|p2a: Farigiraf|Foul Play|p1a: Gholdengo
|-supereffective|p1a: Gholdengo
|-damage|p1a: Gholdengo|75/100
|move|p1b: Excadrill|Iron Head|p2b: Torkoal
|-resisted|p2b: Torkoal
|-damage|p2b: Torkoal|81/100
|move|p1a: Gholdengo|Nasty Plot|p1a: Gholdengo
|-boost|p1a: Gholdengo|spa|2
|
|-weather|SunnyDay|[upkeep]
|upkeep
|turn|3
|inactive|JuanGuerrero09 has 30 seconds left.
|
|t:|1756912461
|switch|p2a: Gothitelle|Gothitelle, L50, F|48/100
|switch|p1b: Tyranitar|Tyranitar, L50, M|100/100
|-weather|Sandstorm|[from] ability: Sand Stream|[of] p1b: Tyranitar
|-terastallize|p2b: Torkoal|Fire
|-terastallize|p1a: Gholdengo|Water
|move|p2b: Torkoal|Eruption|p1a: Gholdengo|[spread] p1a,p1b
|-resisted|p1a: Gholdengo
|-resisted|p1b: Tyranitar
|-damage|p1a: Gholdengo|40/100
|-damage|p1b: Tyranitar|87/100
|move|p1a: Gholdengo|Make It Rain|p2a: Gothitelle|[spread] p2a,p2b
|-resisted|p2b: Torkoal
|-crit|p2b: Torkoal
|-damage|p2a: Gothitelle|0 fnt
|-damage|p2b: Torkoal|0 fnt
|-unboost|p1a: Gholdengo|spa|1
|faint|p2a: Gothitelle
|faint|p2b: Torkoal
|
|-weather|Sandstorm|[upkeep]
|-damage|p1a: Gholdengo|34/100|[from] Sandstorm
|upkeep
|
|t:|1756912474
|switch|p2b: Coalossal|Coalossal, L50, F|100/100
|switch|p2a: Farigiraf|Farigiraf, L50, F|42/100
|turn|4
|inactive|JuanGuerrero09 has 30 seconds left.
|
|t:|1756912507
|move|p2a: Farigiraf|Helping Hand|p2b: Coalossal
|-singleturn|p2b: Coalossal|Helping Hand|[of] p2a: Farigiraf
|move|p1a: Gholdengo|Protect|p1a: Gholdengo
|-singleturn|p1a: Gholdengo|Protect
|move|p2b: Coalossal|Earth Power|p1b: Tyranitar
|-supereffective|p1b: Tyranitar
|-damage|p1b: Tyranitar|58/100
|move|p1b: Tyranitar|Knock Off|p2a: Farigiraf
|-supereffective|p2a: Farigiraf
|-damage|p2a: Farigiraf|0 fnt
|-enditem|p2a: Farigiraf|Grassy Seed|[from] move: Knock Off|[of] p1b: Tyranitar
|faint|p2a: Farigiraf
|
|-weather|Sandstorm|[upkeep]
|-damage|p1a: Gholdengo|28/100|[from] Sandstorm
|upkeep
|turn|5
|-message|NBZ-H forfeited.
|
|win|JuanGuerrero09
|raw|JuanGuerrero09's rating: 1094 → 1114(+20 for winning)
|raw|NBZ-H's rating: 1012 → 1003(-9 for losing)
