|j|☆MinceFaster
|j|☆zachnathan
|html|MinceFasterzachnathan    
|uhtml|bestof|Game 1 of a best-of-3
|t:|1784704062
|gametype|doubles
|player|p1|MinceFaster|waiter|1000
|player|p2|zachnathan|101|1040
|gen|9
|tier|[Gen 9 Champions] VGC 2026 Reg M-B (Bo3)
|rated|
|rule|Species Clause: Limit one of each Pokémon
|rule|Item Clause: Limit 1 of each item
|clearpoke
|poke|p1|Archaludon, L50, F, shiny|
|poke|p1|Sylveon, L50, F, shiny|
|poke|p1|Pelipper, L50, M, shiny|
|poke|p1|Swampert, L50, F|
|poke|p1|Sinistcha, L50, shiny|
|poke|p1|Sableye, L50, M, shiny|
|poke|p2|Tyranitar, L50, M|
|poke|p2|Excadrill, L50, F|
|poke|p2|Houndstone, L50, F|
|poke|p2|Rotom-Wash, L50|
|poke|p2|Farigiraf, L50, F|
|poke|p2|Corviknight, L50, M|
|teampreview|4
|showteam|p1|Archaludon||Leftovers|Stamina|ElectroShot,FlashCannon,DragonPulse,Protect|Modest||F|||50|]Sylveon||LifeOrb|Pixilate|HyperVoice,HyperBeam,QuickAttack,Protect|Timid||F|||50|]Pelipper||FocusSash|Drizzle|Hurricane,WeatherBall,Tailwind,Protect|Timid||M|||50|]Swampert||Swampertite|Damp|WaveCrash,Earthquake,IcePunch,Protect|Adamant||F|||50|]Sinistcha||KasibBerry|Hospitality|MatchaGotcha,RagePowder,TrickRoom,Protect|Relaxed|||||50|]Sableye||LightClay|Prankster|Quash,RainDance,Reflect,LightScreen|Sassy||M|||50|
|showteam|p2|Tyranitar||Tyranitarite|SandStream|RockSlide,KnockOff,Earthquake,Protect|Adamant||M|||50|]Excadrill||FocusSash|SandRush|Earthquake,IronHead,Protect,RockSlide|Adamant||F|||50|]Houndstone||SpellTag|SandRush|LastRespects,WillOWisp,AllySwitch,PainSplit|Calm||F|||50|]Rotom-Wash||SitrusBerry|Levitate|Thunderbolt,HydroPump,Protect,WillOWisp|Timid|||||50|]Farigiraf||ColburBerry|ArmorTail|TrickRoom,HyperVoice,Protect,Psychic|Modest||F|||50|]Corviknight||Leftovers|MirrorArmor|BulkUp,Roost,Tailwind,BraveBird|Impish||M|||50|
|
|t:|1784704129
|teamsize|p1|4
|teamsize|p2|4
|start
|switch|p1a: Swampert|Swampert, L50, F|100/100
|switch|p1b: Pelipper|Pelipper, L50, M, shiny|100/100
|switch|p2a: Farigiraf|Farigiraf, L50, F|100/100
|switch|p2b: Tyranitar|Tyranitar, L50, M|100/100
|-weather|RainDance|[from] ability: Drizzle|[of] p1b: Pelipper
|-weather|Sandstorm|[from] ability: Sand Stream|[of] p2b: Tyranitar
|turn|1
|inactive|Battle timer is ON: inactive players will automatically lose when time's up. (requested by MinceFaster)
|inactive|MinceFaster has 60 seconds left.
|
|t:|1784704173
|detailschange|p1a: Swampert|Swampert-Mega, L50, F
|-mega|p1a: Swampert|Swampert|Swampertite
|move|p2b: Tyranitar|Protect|p2b: Tyranitar
|-singleturn|p2b: Tyranitar|Protect
|move|p1b: Pelipper|Tailwind|p1b: Pelipper
|-sidestart|p1: MinceFaster|move: Tailwind
|move|p1a: Swampert|Earthquake|p2a: Farigiraf|[spread] p2a
|-activate|p2b: Tyranitar|move: Protect
|-immune|p1b: Pelipper
|-damage|p2a: Farigiraf|61/100
|move|p2a: Farigiraf|Trick Room|p2a: Farigiraf
|-fieldstart|move: Trick Room|[of] p2a: Farigiraf
|
|-weather|Sandstorm|[upkeep]
|-damage|p2a: Farigiraf|55/100|[from] Sandstorm
|-damage|p1b: Pelipper|94/100|[from] Sandstorm
|upkeep
|turn|2
|inactive|MinceFaster has 30 seconds left.
|inactive|zachnathan has 30 seconds left.
|inactive|MinceFaster has 20 seconds left.
|inactive|zachnathan has 20 seconds left.
|inactive|MinceFaster has 15 seconds left.
|
|t:|1784704213
|switch|p1b: Sableye|Sableye, L50, M, shiny|100/100
|detailschange|p2b: Tyranitar|Tyranitar-Mega, L50, M
|-mega|p2b: Tyranitar|Tyranitar|Tyranitarite
|move|p2a: Farigiraf|Hyper Voice|p1b: Sableye|[spread] p1a
|-immune|p1b: Sableye
|-damage|p1a: Swampert|72/100
|move|p2b: Tyranitar|Rock Slide|p1a: Swampert|[spread] p1b
|-miss|p2b: Tyranitar|p1a: Swampert
|-damage|p1b: Sableye|59/100
|move|p1a: Swampert|Wave Crash|p2b: Tyranitar
|-supereffective|p2b: Tyranitar|1
|-damage|p2b: Tyranitar|0 fnt
|faint|p2b: Tyranitar
|-damage|p1a: Swampert|34/100|[from] Recoil
|
|-weather|Sandstorm|[upkeep]
|-damage|p2a: Farigiraf|49/100|[from] Sandstorm
|-damage|p1b: Sableye|53/100|[from] Sandstorm
|upkeep
|
|t:|1784704235
|switch|p2b: Houndstone|Houndstone, L50, F|100/100
|turn|3
|
|t:|1784704257
|move|p1a: Swampert|Protect|p1a: Swampert
|-singleturn|p1a: Swampert|Protect
|move|p1b: Sableye|Reflect|p1b: Sableye
|-sidestart|p1: MinceFaster|Reflect
|move|p2a: Farigiraf|Hyper Voice|p1a: Swampert|[spread] 
|-activate|p1a: Swampert|move: Protect
|-immune|p1b: Sableye
|move|p2b: Houndstone|Will-O-Wisp|p1a: Swampert
|-activate|p1a: Swampert|move: Protect
|
|-weather|Sandstorm|[upkeep]
|-damage|p2a: Farigiraf|43/100|[from] Sandstorm
|-damage|p1b: Sableye|47/100|[from] Sandstorm
|upkeep
|turn|4
|inactive|zachnathan has 30 seconds left.
|inactive|zachnathan has 20 seconds left.
|
|t:|1784704296
|switch|p1a: Archaludon|Archaludon, L50, F, shiny|100/100
|move|p1b: Sableye|Light Screen|p1b: Sableye
|-sidestart|p1: MinceFaster|move: Light Screen
|move|p2a: Farigiraf|Hyper Voice|p1a: Archaludon|[spread] p1a
|-immune|p1b: Sableye
|-resisted|p1a: Archaludon|1
|-damage|p1a: Archaludon|86/100
|-ability|p1a: Archaludon|Stamina|boost
|-boost|p1a: Archaludon|def|1
|move|p2b: Houndstone|Will-O-Wisp|p1a: Archaludon
|-status|p1a: Archaludon|brn
|
|-weather|Sandstorm|[upkeep]
|-damage|p2a: Farigiraf|37/100|[from] Sandstorm
|-damage|p1b: Sableye|42/100|[from] Sandstorm
|-heal|p1a: Archaludon|92/100 brn|[from] item: Leftovers
|-damage|p1a: Archaludon|86/100 brn|[from] brn
|-sideend|p1: MinceFaster|move: Tailwind
|upkeep
|turn|5
|inactive|MinceFaster has 30 seconds left.
|inactive|zachnathan has 30 seconds left.
|inactive|zachnathan has 20 seconds left.
|inactive|MinceFaster has 20 seconds left.
|inactive|zachnathan has 15 seconds left.
|
|t:|1784704338
|move|p1b: Sableye|Rain Dance|p1b: Sableye
|-weather|RainDance
|move|p2a: Farigiraf|Psychic|p1a: Archaludon
|-resisted|p1a: Archaludon|1
|-damage|p1a: Archaludon|68/100 brn
|-ability|p1a: Archaludon|Stamina|boost
|-boost|p1a: Archaludon|def|1
|move|p2b: Houndstone|Last Respects|p1b: Sableye
|-crit|p1b: Sableye
|-damage|p1b: Sableye|0 fnt
|faint|p1b: Sableye
|move|p1a: Archaludon|Electro Shot||[still]
|-prepare|p1a: Archaludon|Electro Shot
|-boost|p1a: Archaludon|spa|1
|-anim|p1a: Archaludon|Electro Shot|p2a: Farigiraf
|-damage|p2a: Farigiraf|0 fnt
|faint|p2a: Farigiraf
|
|-weather|RainDance|[upkeep]
|-heal|p1a: Archaludon|74/100 brn|[from] item: Leftovers
|-damage|p1a: Archaludon|68/100 brn|[from] brn
|-fieldend|move: Trick Room
|upkeep
|
|t:|1784704362
|switch|p2a: Rotom|Rotom-Wash, L50|100/100
|switch|p1b: Swampert|Swampert-Mega, L50, F|34/100
|turn|6
|
|t:|1784704378
|move|p1b: Swampert|Protect|p1b: Swampert
|-singleturn|p1b: Swampert|Protect
|move|p2a: Rotom|Will-O-Wisp|p1b: Swampert
|-activate|p1b: Swampert|move: Protect
|move|p1a: Archaludon|Electro Shot||[still]
|-prepare|p1a: Archaludon|Electro Shot
|-boost|p1a: Archaludon|spa|1
|-anim|p1a: Archaludon|Electro Shot|p2a: Rotom
|-damage|p2a: Rotom|0 fnt
|faint|p2a: Rotom
|move|p2b: Houndstone|Last Respects|p1b: Swampert
|-activate|p1b: Swampert|move: Protect
|
|-weather|RainDance|[upkeep]
|-heal|p1a: Archaludon|74/100 brn|[from] item: Leftovers
|-damage|p1a: Archaludon|68/100 brn|[from] brn
|upkeep
|turn|7
|inactive|MinceFaster has 30 seconds left.
|
|t:|1784704406
|move|p1b: Swampert|Wave Crash|p2b: Houndstone
|-damage|p2b: Houndstone|0 fnt
|faint|p2b: Houndstone
|-damage|p1b: Swampert|6/100|[from] Recoil
|
|win|MinceFaster
|inactive|MinceFaster has 30 seconds to confirm battle start!
|inactive|zachnathan has 30 seconds to confirm battle start!
