|j|☆CrazyyBoi
|j|☆superboke
|html|CrazyyBoisuperboke    
|uhtml|bestof|Game 1 of a best-of-3
|t:|1757923760
|gametype|doubles
|player|p1|CrazyyBoi|102|1160
|player|p2|superboke|steven|1202
|gen|9
|tier|[Gen 9] VGC 2025 Reg H (Bo3)
|rated|
|rule|Species Clause: Limit one of each Pokémon
|rule|Item Clause: Limit 1 of each item
|clearpoke
|poke|p1|Meowscarada, L50, M|
|poke|p1|Sableye, L50, M|
|poke|p1|Gothitelle, L50, M|
|poke|p1|Kommo-o, L50, F|
|poke|p1|Incineroar, L50, M|
|poke|p1|Primarina, L50, M|
|poke|p2|Weezing, L50, M|
|poke|p2|Slaking, L50, M|
|poke|p2|Sneasler, L50, M|
|poke|p2|Indeedee, L50, M|
|poke|p2|Dondozo, L50, M|
|poke|p2|Tatsugiri, L50, F|
|teampreview|4
|showteam|p1|Meowscarada||ClearAmulet|Overgrow|FlowerTrick,SuckerPunch,ThroatChop,Protect|||M|||50|,,,,,Fire]Sableye||MentalHerb|Prankster|WillOWisp,Quash,Disable,Encore|||M|||50|,,,,,Grass]Gothitelle||SitrusBerry|ShadowTag|FakeOut,Psychic,TrickRoom,Protect|||M|||50|,,,,,Steel]Kommo-o||ThroatSpray|Overcoat|ClangorousSoul,ClangingScales,Protect,AuraSphere|||F|||50|,,,,,Steel]Incineroar||SafetyGoggles|Intimidate|FakeOut,PartingShot,KnockOff,Taunt|||M|||50|,,,,,Ghost]Primarina||LifeOrb|LiquidVoice|HyperVoice,Moonblast,PerishSong,Protect|||M|||50|,,,,,Dragon
|showteam|p2|Weezing||CovertCloak|NeutralizingGas|SludgeBomb,Protect,Taunt,PoisonGas|||M|||50|,,,,,Flying]Slaking||ChoiceBand|Truant|DoubleEdge,Earthquake,KnockOff,HighHorsepower|||M|||50|,,,,,Ghost]Sneasler||PsychicSeed|Unburden|CloseCombat,DireClaw,Protect,ThroatChop|||M|||50|,,,,,Dark]Indeedee||FocusSash|PsychicSurge|ExpandingForce,TeraBlast,Protect,HelpingHand|||M|||50|,,,,,Psychic]Dondozo||Leftovers|Unaware|Earthquake,OrderUp,WaveCrash,Protect|||M|||50|,,,,,Grass]Tatsugiri||SafetyGoggles|Commander|MuddyWater,DracoMeteor,Protect,HelpingHand|||F|||50|,,,,,Fairy
|inactive|Battle timer is ON: inactive players will automatically lose when time's up. (requested by superboke)
|
|t:|1757923831
|teamsize|p1|4
|teamsize|p2|4
|start
|switch|p1a: Sableye|Sableye, L50, M|100/100
|switch|p1b: Kommo-o|Kommo-o, L50, F|100/100
|switch|p2a: Weezing|Weezing, L50, M|100/100
|switch|p2b: Slaking|Slaking, L50, M|100/100
|-ability|p2a: Weezing|Neutralizing Gas
|turn|1
|inactive|CrazyyBoi has 30 seconds left.
|
|t:|1757923863
|-terastallize|p2a: Weezing|Flying
|move|p1b: Kommo-o|Protect|p1b: Kommo-o
|-singleturn|p1b: Kommo-o|Protect
|move|p2b: Slaking|Earthquake|p1a: Sableye|[spread] p1a
|-activate|p1b: Kommo-o|move: Protect
|-immune|p2a: Weezing
|-damage|p1a: Sableye|32/100
|move|p2a: Weezing|Taunt|p1a: Sableye
|-start|p1a: Sableye|move: Taunt
|-enditem|p1a: Sableye|Mental Herb
|-end|p1a: Sableye|move: Taunt
|move|p1a: Sableye|Will-O-Wisp|p2b: Slaking|[miss]
|-miss|p1a: Sableye|p2b: Slaking
|
|upkeep
|turn|2
|inactive|CrazyyBoi has 30 seconds left.
|inactive|CrazyyBoi has 20 seconds left.
|inactive|CrazyyBoi has 15 seconds left.
|
|t:|1757923905
|switch|p1a: Meowscarada|Meowscarada, L50, M|100/100
|move|p2b: Slaking|Earthquake|p1a: Meowscarada|[spread] p1a,p1b
|-immune|p2a: Weezing
|-resisted|p1a: Meowscarada
|-damage|p1a: Meowscarada|70/100
|-damage|p1b: Kommo-o|61/100
|move|p1b: Kommo-o|Aura Sphere|p2b: Slaking
|-supereffective|p2b: Slaking
|-damage|p2b: Slaking|10/100
|move|p2a: Weezing|Taunt|p1a: Meowscarada
|-start|p1a: Meowscarada|move: Taunt
|
|upkeep
|turn|3
|inactive|CrazyyBoi has 30 seconds left.
|inactive|CrazyyBoi has 20 seconds left.
|
|t:|1757923940
|switch|p1a: Sableye|Sableye, L50, M|32/100
|move|p2b: Slaking|Earthquake|p1b: Kommo-o|[spread] p1a,p1b
|-immune|p2a: Weezing
|-damage|p1a: Sableye|0 fnt
|-damage|p1b: Kommo-o|22/100
|faint|p1a: Sableye
|move|p1b: Kommo-o|Clanging Scales|p2a: Weezing|[spread] p2a,p2b
|-damage|p2a: Weezing|55/100
|-damage|p2b: Slaking|0 fnt
|faint|p2b: Slaking
|-unboost|p1b: Kommo-o|def|1
|-enditem|p1b: Kommo-o|Throat Spray
|-boost|p1b: Kommo-o|spa|1|[from] item: Throat Spray
|move|p2a: Weezing|Poison Gas|p1b: Kommo-o
|-status|p1b: Kommo-o|psn
|
|-damage|p1b: Kommo-o|10/100 psn|[from] psn
|upkeep
|
|t:|1757923959
|switch|p2b: Dondozo|Dondozo, L50, M|100/100
|switch|p1a: Meowscarada|Meowscarada, L50, M|70/100
|turn|4
|inactive|superboke has 30 seconds left.
|
|t:|1757923991
|move|p1a: Meowscarada|Protect|p1a: Meowscarada
|-singleturn|p1a: Meowscarada|Protect
|move|p2b: Dondozo|Protect|p2b: Dondozo
|-singleturn|p2b: Dondozo|Protect
|move|p2a: Weezing|Protect|p2a: Weezing
|-singleturn|p2a: Weezing|Protect
|move|p1b: Kommo-o|Clanging Scales|p2b: Dondozo|[spread] 
|-activate|p2a: Weezing|move: Protect
|-activate|p2b: Dondozo|move: Protect
|
|-damage|p1b: Kommo-o|0 fnt|[from] psn
|faint|p1b: Kommo-o
|upkeep
|
|t:|1757923998
|switch|p1b: Primarina|Primarina, L50, M|100/100
|turn|5
|
|t:|1757924015
|-end|p2a: Weezing|ability: Neutralizing Gas
|switch|p2a: Tatsugiri|Tatsugiri, L50, F|100/100
|-activate|p2a: Tatsugiri|ability: Commander|[of] p2b: Dondozo
|-boost|p2b: Dondozo|atk|2
|-boost|p2b: Dondozo|spa|2
|-boost|p2b: Dondozo|spe|2
|-boost|p2b: Dondozo|def|2
|-boost|p2b: Dondozo|spd|2
|move|p1a: Meowscarada|Flower Trick|p2b: Dondozo
|-supereffective|p2b: Dondozo
|-crit|p2b: Dondozo
|-damage|p2b: Dondozo|28/100
|move|p2b: Dondozo|Wave Crash|p1a: Meowscarada
|-resisted|p1a: Meowscarada
|-damage|p1a: Meowscarada|0 fnt
|faint|p1a: Meowscarada
|-damage|p2b: Dondozo|11/100|[from] Recoil
|move|p1b: Primarina|Moonblast|p2b: Dondozo
|-damage|p2b: Dondozo|0 fnt
|faint|p2b: Dondozo
|-damage|p1b: Primarina|91/100|[from] item: Life Orb
|
|upkeep
|
|t:|1757924030
|switch|p2b: Weezing|Weezing, L50, M, tera:Flying|55/100
|-ability|p2b: Weezing|Neutralizing Gas
|turn|6
|
|t:|1757924044
|move|p2a: Tatsugiri|Helping Hand|p2b: Weezing
|-singleturn|p2b: Weezing|Helping Hand|[of] p2a: Tatsugiri
|move|p1b: Primarina|Protect|p1b: Primarina
|-singleturn|p1b: Primarina|Protect
|move|p2b: Weezing|Sludge Bomb|p1b: Primarina
|-activate|p1b: Primarina|move: Protect
|
|upkeep
|turn|7
|
|t:|1757924059
|-terastallize|p1b: Primarina|Dragon
|move|p2a: Tatsugiri|Helping Hand|p2b: Weezing
|-singleturn|p2b: Weezing|Helping Hand|[of] p2a: Tatsugiri
|move|p2b: Weezing|Sludge Bomb|p1b: Primarina
|-damage|p1b: Primarina|58/100
|move|p1b: Primarina|Moonblast|p2b: Weezing
|-damage|p2b: Weezing|0 fnt
|faint|p2b: Weezing
|-end|p2b: Weezing|ability: Neutralizing Gas
|-damage|p1b: Primarina|49/100|[from] item: Life Orb
|
|upkeep
|turn|8
|
|t:|1757924072
|move|p2a: Tatsugiri|Draco Meteor|p1b: Primarina
|-supereffective|p1b: Primarina
|-damage|p1b: Primarina|0 fnt
|-unboost|p2a: Tatsugiri|spa|2
|faint|p1b: Primarina
|
|win|superboke
||CrazyyBoi is ready for game 2.
||superboke is ready for game 2.
|uhtml|next|Next: Game 2 of 3
|l|☆CrazyyBoi
|player|p1|
|l|☆superboke
|player|p2|
