|j|☆Hi Hi Mr. Magpie
|j|☆LeonardPlayz
|html|Hi Hi Mr. MagpieLeonardPlayz    
|uhtml|bestof|Game 3 of a best-of-3
|t:|1755313453
|gametype|doubles
|player|p1|Hi Hi Mr. Magpie|li|1187
|player|p2|LeonardPlayz|hilbert-wonderlauncher|1289
|gen|9
|tier|[Gen 9] VGC 2025 Reg H (Bo3)
|rated|
|rule|Species Clause: Limit one of each Pokémon
|rule|Item Clause: Limit 1 of each item
|clearpoke
|poke|p1|Politoed, L50, M|
|poke|p1|Archaludon, L50, F|
|poke|p1|Incineroar, L50, F|
|poke|p1|Electabuzz, L50, F|
|poke|p1|Rillaboom, L50, M|
|poke|p1|Meowscarada, L50, M|
|poke|p2|Murkrow, L50, M|
|poke|p2|Gholdengo, L50|
|poke|p2|Rillaboom, L50, M|
|poke|p2|Clefable, L50, F|
|poke|p2|Annihilape, L50, M|
|poke|p2|Lanturn, L50, M|
|teampreview|4
|showteam|p1|Politoed||MysticWater|Drizzle|Protect,WeatherBall,MuddyWater,Haze|||M|||50|,,,,,Fairy]Archaludon||AssaultVest|Stamina|BodyPress,ElectroShot,DragonPulse,Snarl|||F|||50|,,,,,Bug]Incineroar||SitrusBerry|Intimidate|PartingShot,FakeOut,KnockOff,FlareBlitz|||F|||50|,,,,,Ghost]Electabuzz||Eviolite|VitalSpirit|Protect,FollowMe,Electroweb,Taunt|||F|||50|,,,,,Ghost]Rillaboom||LoadedDice|GrassySurge|BulletSeed,FakeOut,GrassyGlide,Uturn|||M|||50|,,,,,Fire]Meowscarada||ChoiceBand|Protean|FlowerTrick,KnockOff,TripleAxel,LowKick|||M|||50|,,,,,Ghost
|showteam|p2|Murkrow||Eviolite|Prankster|Tailwind,FoulPlay,Haze,IcyWind|||M|||50|,,,,,Ghost]Gholdengo||ChoiceSpecs|GoodasGold|MakeItRain,ShadowBall,DazzlingGleam,Thunderbolt||||||50|,,,,,Fairy]Rillaboom||AssaultVest|GrassySurge|FakeOut,GrassyGlide,WoodHammer,Uturn|||M|||50|,,,,,Fire]Clefable||SafetyGoggles|Unaware|FollowMe,Moonblast,AfterYou,Protect|||F|||50|,,,,,Dark]Annihilape||Leftovers|Defiant|RageFist,DrainPunch,BulkUp,Protect|||M|||50|,,,,,Fire]Lanturn||LifeOrb|VoltAbsorb|IceBeam,Thunderbolt,Scald,Protect|||M|||50|,,,,,Flying
|inactive|Battle timer is ON: inactive players will automatically lose when time's up. (requested by LeonardPlayz)
|
|t:|1755313483
|teamsize|p1|4
|teamsize|p2|4
|start
|switch|p1a: Politoed|Politoed, L50, M|100/100
|switch|p1b: Archaludon|Archaludon, L50, F|100/100
|switch|p2a: Business|Rillaboom, L50, M|100/100
|switch|p2b: Bit|Gholdengo, L50|100/100
|-fieldstart|move: Grassy Terrain|[from] ability: Grassy Surge|[of] p2a: Business
|-weather|RainDance|[from] ability: Drizzle|[of] p1a: Politoed
|turn|1
|
|t:|1755313499
|switch|p2a: Dark Web|Annihilape, L50, M|100/100
|switch|p1a: Incineroar|Incineroar, L50, F|100/100
|-ability|p1a: Incineroar|Intimidate|boost
|-unboost|p2a: Dark Web|atk|1
|-ability|p2a: Dark Web|Defiant|boost
|-boost|p2a: Dark Web|atk|2
|-unboost|p2b: Bit|atk|1
|move|p2b: Bit|Shadow Ball|p1b: Archaludon
|-damage|p1b: Archaludon|60/100
|-unboost|p1b: Archaludon|spd|1
|-ability|p1b: Archaludon|Stamina|boost
|-boost|p1b: Archaludon|def|1
|move|p1b: Archaludon|Electro Shot||[still]
|-prepare|p1b: Archaludon|Electro Shot
|-boost|p1b: Archaludon|spa|1
|-anim|p1b: Archaludon|Electro Shot|p2b: Bit
|-damage|p2b: Bit|38/100
|
|-weather|RainDance|[upkeep]
|-heal|p2b: Bit|44/100|[from] Grassy Terrain
|-heal|p1b: Archaludon|66/100|[from] Grassy Terrain
|upkeep
|turn|2
|inactive|Hi Hi Mr. Magpie has 30 seconds left.
|inactive|LeonardPlayz has 30 seconds left.
|inactive|Hi Hi Mr. Magpie has 20 seconds left.
|inactive|Hi Hi Mr. Magpie has 15 seconds left.
|inactive|Hi Hi Mr. Magpie has 10 seconds left.
|inactive|Hi Hi Mr. Magpie has 5 seconds left.
|
|t:|1755313551
|-terastallize|p1b: Archaludon|Bug
|move|p2b: Bit|Shadow Ball|p1b: Archaludon
|-damage|p1b: Archaludon|0 fnt
|faint|p1b: Archaludon
|move|p2a: Dark Web|Drain Punch|p1a: Incineroar
|-supereffective|p1a: Incineroar
|-damage|p1a: Incineroar|22/100
|-enditem|p1a: Incineroar|Sitrus Berry|[eat]
|-heal|p1a: Incineroar|47/100|[from] item: Sitrus Berry
|move|p1a: Incineroar|Knock Off|p2b: Bit
|-supereffective|p2b: Bit
|-crit|p2b: Bit
|-damage|p2b: Bit|0 fnt
|-enditem|p2b: Bit|Choice Specs|[from] move: Knock Off|[of] p1a: Incineroar
|faint|p2b: Bit
|
|-weather|RainDance|[upkeep]
|-heal|p1a: Incineroar|53/100|[from] Grassy Terrain
|upkeep
|
|t:|1755313567
|switch|p2b: Business|Rillaboom, L50, M|100/100
|switch|p1b: Politoed|Politoed, L50, M|100/100
|turn|3
|
|t:|1755313582
|move|p1b: Politoed|Protect|p1b: Politoed
|-singleturn|p1b: Politoed|Protect
|move|p2b: Business|Grassy Glide|p1b: Politoed
|-activate|p1b: Politoed|move: Protect
|move|p2a: Dark Web|Drain Punch|p1a: Incineroar
|-supereffective|p1a: Incineroar
|-damage|p1a: Incineroar|0 fnt
|faint|p1a: Incineroar
|
|-weather|RainDance|[upkeep]
|upkeep
|
|t:|1755313591
|switch|p1a: Electabuzz|Electabuzz, L50, F|100/100
|turn|4
|
|t:|1755313609
|move|p1a: Electabuzz|Electroweb|p2a: Dark Web|[spread] p2a,p2b
|-resisted|p2b: Business
|-damage|p2a: Dark Web|88/100
|-damage|p2b: Business|96/100
|-unboost|p2a: Dark Web|spe|1
|-ability|p2a: Dark Web|Defiant|boost
|-boost|p2a: Dark Web|atk|2
|-unboost|p2b: Business|spe|1
|move|p1b: Politoed|Weather Ball|p2a: Dark Web
|-damage|p2a: Dark Web|9/100
|move|p2a: Dark Web|Drain Punch|p1a: Electabuzz
|-damage|p1a: Electabuzz|25/100
|-heal|p2a: Dark Web|39/100|[from] drain|[of] p1a: Electabuzz
|move|p2b: Business|Wood Hammer|p1a: Electabuzz
|-damage|p1a: Electabuzz|0 fnt
|faint|p1a: Electabuzz
|-damage|p2b: Business|89/100|[from] Recoil
|
|-weather|RainDance|[upkeep]
|-heal|p2a: Dark Web|45/100|[from] Grassy Terrain
|-heal|p2a: Dark Web|51/100|[from] item: Leftovers
|-heal|p2b: Business|95/100|[from] Grassy Terrain
|upkeep
|turn|5
|
|t:|1755313631
|move|p1b: Politoed|Muddy Water|p2a: Dark Web|[spread] p2a,p2b
|-resisted|p2b: Business
|-damage|p2a: Dark Web|7/100
|-damage|p2b: Business|76/100
|-unboost|p2a: Dark Web|accuracy|1
|-ability|p2a: Dark Web|Defiant|boost
|-boost|p2a: Dark Web|atk|2
|move|p2a: Dark Web|Drain Punch|p1b: Politoed|[miss]
|-miss|p2a: Dark Web|p1b: Politoed
|move|p2b: Business|Wood Hammer|p1b: Politoed
|-supereffective|p1b: Politoed
|-damage|p1b: Politoed|0 fnt
|faint|p1b: Politoed
|-damage|p2b: Business|47/100|[from] Recoil
|
|win|LeonardPlayz
|raw|Hi Hi Mr. Magpie's rating: 1187 → 1169(-18 for losing)
|raw|LeonardPlayz's rating: 1289 → 1307(+18 for winning)
