|j|☆desrichards
|j|☆tang de maracuja
|html|desrichardstang de maracuja    
|uhtml|bestof|Game 1 of a best-of-3
|t:|1784598811
|gametype|doubles
|player|p1|desrichards|hilbert|1098
|player|p2|tang de maracuja|morty|1112
|gen|9
|tier|[Gen 9 Champions] VGC 2026 Reg M-B (Bo3)
|rated|
|rule|Species Clause: Limit one of each Pokémon
|rule|Item Clause: Limit 1 of each item
|clearpoke
|poke|p1|Blaziken, L50, F|
|poke|p1|Kingambit, L50, M|
|poke|p1|Sinistcha, L50|
|poke|p1|Sneasler, L50, F|
|poke|p1|Eelektross, L50, M|
|poke|p1|Milotic, L50, M|
|poke|p2|Gengar, L50, F|
|poke|p2|Archaludon, L50, M|
|poke|p2|Politoed, L50, M|
|poke|p2|Swampert, L50, M|
|poke|p2|Vivillon, L50, F|
|poke|p2|Incineroar, L50, F|
|teampreview|4
|showteam|p1|Blaziken||Blazikenite|SpeedBoost|CloseCombat,Detect,FlareBlitz,SwordsDance|Adamant||F|||50|]Kingambit||BlackGlasses|Defiant|IronHead,SuckerPunch,SwordsDance,KowtowCleave|Brave||M|||50|]Sinistcha||Leftovers|Hospitality|TrickRoom,RagePowder,LifeDew,MatchaGotcha|Timid|||||50|]Sneasler||FocusSash|PoisonTouch|Coaching,FakeOut,PoisonJab,CloseCombat|Jolly||F|||50|]Eelektross||Eelektrossite|Levitate|Thunderbolt,Flamethrower,GigaDrain,Protect|Modest||M|||50|]Milotic||SitrusBerry|Competitive|IcyWind,Scald,HelpingHand,LifeDew|Modest||M|||50|
|showteam|p2|Gengar||Gengarite|CursedBody|ShadowBall,SludgeBomb,PerishSong,Protect|Modest||F|||50|]Archaludon||Leftovers|Stamina|ElectroShot,DragonPulse,FlashCannon,Protect|Bold||M|||50|]Politoed||SitrusBerry|Drizzle|WeatherBall,Hypnosis,PerishSong,Protect|Calm||M|||50|]Swampert||Swampertite|Torrent|WaveCrash,Earthquake,IcePunch,Protect|Adamant||M|||50|]Vivillon||FocusSash|CompoundEyes|Hurricane,SleepPowder,RagePowder,Protect|Timid||F|||50|]Incineroar||PasshoBerry|Intimidate|ThroatChop,FakeOut,PartingShot,Protect|Impish||F|||50|
|inactive|Battle timer is ON: inactive players will automatically lose when time's up. (requested by tang de maracuja)
|inactive|desrichards has 60 seconds left.
|inactive|tang de maracuja has 60 seconds left.
|
|t:|1784598847
|teamsize|p1|4
|teamsize|p2|4
|start
|switch|p1a: Kingambit|Kingambit, L50, M|100/100
|switch|p1b: Sinistcha|Sinistcha, L50|100/100
|switch|p2a: Gengar|Gengar, L50, F|100/100
|switch|p2b: Vivillon|Vivillon, L50, F|100/100
|turn|1
|inactive|desrichards has 30 seconds left.
|inactive|tang de maracuja has 30 seconds left.
|
|t:|1784598877
|detailschange|p2a: Gengar|Gengar-Mega, L50, F
|-mega|p2a: Gengar|Gengar|Gengarite
|move|p2a: Gengar|Perish Song|p2a: Gengar
|-start|p1a: Kingambit|perish3|[silent]
|-start|p1b: Sinistcha|perish3|[silent]
|-start|p2a: Gengar|perish3|[silent]
|-start|p2b: Vivillon|perish3|[silent]
|-fieldactivate|move: Perish Song
|move|p2b: Vivillon|Sleep Powder|p1a: Kingambit
|-status|p1a: Kingambit|slp|[from] move: Sleep Powder
|cant|p1a: Kingambit|slp
|move|p1b: Sinistcha|Trick Room|p1b: Sinistcha
|-fieldstart|move: Trick Room|[of] p1b: Sinistcha
|
|-start|p1a: Kingambit|perish3
|-start|p1b: Sinistcha|perish3
|-start|p2b: Vivillon|perish3
|-start|p2a: Gengar|perish3
|upkeep
|turn|2
|
|t:|1784598897
|-curestatus|p1a: Kingambit|slp|[msg]
|move|p1a: Kingambit|Swords Dance|p1a: Kingambit
|-boost|p1a: Kingambit|atk|2
|move|p2b: Vivillon|Hurricane|p1b: Sinistcha
|-supereffective|p1b: Sinistcha|1
|-damage|p1b: Sinistcha|14/100
|move|p2a: Gengar|Shadow Ball|p1b: Sinistcha
|-supereffective|p1b: Sinistcha|1
|-damage|p1b: Sinistcha|0 fnt
|faint|p1b: Sinistcha
|
|-start|p1a: Kingambit|perish2
|-start|p2b: Vivillon|perish2
|-start|p2a: Gengar|perish2
|upkeep
|
|t:|1784598909
|switch|p1b: Milotic|Milotic, L50, M|100/100
|turn|3
|
|t:|1784598923
|move|p2b: Vivillon|Protect|p2b: Vivillon
|-singleturn|p2b: Vivillon|Protect
|move|p2a: Gengar|Protect|p2a: Gengar
|-singleturn|p2a: Gengar|Protect
|move|p1a: Kingambit|Kowtow Cleave|p2b: Vivillon
|-activate|p2b: Vivillon|move: Protect
|move|p1b: Milotic|Icy Wind|p2a: Gengar|[spread] 
|-activate|p2a: Gengar|move: Protect
|-activate|p2b: Vivillon|move: Protect
|
|-start|p1a: Kingambit|perish1
|-start|p2b: Vivillon|perish1
|-start|p2a: Gengar|perish1
|upkeep
|turn|4
|
|t:|1784598934
|switch|p2a: Politoed|Politoed, L50, M|100/100
|-weather|RainDance|[from] ability: Drizzle|[of] p2a: Politoed
|move|p1a: Kingambit|Kowtow Cleave|p2a: Politoed
|-damage|p2a: Politoed|0 fnt
|faint|p2a: Politoed
|move|p1b: Milotic|Icy Wind|p2b: Vivillon
|-supereffective|p2b: Vivillon|1
|-damage|p2b: Vivillon|35/100
|-unboost|p2b: Vivillon|spe|1
|move|p2b: Vivillon|Sleep Powder|p1b: Milotic
|-status|p1b: Milotic|slp|[from] move: Sleep Powder
|
|-weather|RainDance|[upkeep]
|-start|p1a: Kingambit|perish0
|-start|p2b: Vivillon|perish0
|faint|p1a: Kingambit
|faint|p2b: Vivillon
|upkeep
|
|t:|1784598948
|switch|p1a: Blaziken|Blaziken, L50, F|100/100
|switch|p2a: Gengar|Gengar-Mega, L50, F|100/100
|switch|p2b: Incineroar|Incineroar, L50, F|100/100
|-ability|p2b: Incineroar|Intimidate|boost
|-unboost|p1a: Blaziken|atk|1
|-unboost|p1b: Milotic|atk|1
|-ability|p1b: Milotic|Competitive|boost
|-boost|p1b: Milotic|spa|2
|turn|5
|
|t:|1784598964
|detailschange|p1a: Blaziken|Blaziken-Mega, L50, F
|-mega|p1a: Blaziken|Blaziken|Blazikenite
|move|p1a: Blaziken|Detect|p1a: Blaziken
|-singleturn|p1a: Blaziken|Protect
|move|p2b: Incineroar|Throat Chop|p1b: Milotic
|-damage|p1b: Milotic|67/100 slp
|-start|p1b: Milotic|Throat Chop|[silent]
|cant|p1b: Milotic|slp
|move|p2a: Gengar|Sludge Bomb|p1b: Milotic
|-damage|p1b: Milotic|26/100 slp
|-enditem|p1b: Milotic|Sitrus Berry|[eat]
|-heal|p1b: Milotic|51/100 slp|[from] item: Sitrus Berry
|
|-weather|RainDance|[upkeep]
|-fieldend|move: Trick Room
|-ability|p1a: Blaziken|Speed Boost|boost
|-boost|p1a: Blaziken|spe|1
|upkeep
|turn|6
|inactive|tang de maracuja has 30 seconds left.
|
|t:|1784598998
|move|p1a: Blaziken|Close Combat|p2b: Incineroar
|-supereffective|p2b: Incineroar|1
|-damage|p2b: Incineroar|10/100
|-unboost|p1a: Blaziken|def|1
|-unboost|p1a: Blaziken|spd|1
|move|p2a: Gengar|Sludge Bomb|p1b: Milotic
|-damage|p1b: Milotic|14/100 slp
|cant|p1b: Milotic|slp
|move|p2b: Incineroar|Throat Chop|p1b: Milotic
|-damage|p1b: Milotic|0 fnt
|faint|p1b: Milotic
|
|-weather|RainDance|[upkeep]
|-ability|p1a: Blaziken|Speed Boost|boost
|-boost|p1a: Blaziken|spe|1
|upkeep
|turn|7
|
|t:|1784599011
|move|p1a: Blaziken|Flare Blitz|p2a: Gengar
|-damage|p2a: Gengar|63/100
|-status|p2a: Gengar|brn
|-damage|p1a: Blaziken|87/100|[from] Recoil
|move|p2a: Gengar|Sludge Bomb|p1a: Blaziken
|-damage|p1a: Blaziken|0 fnt
|faint|p1a: Blaziken
|
|win|tang de maracuja
||desrichards is ready for game 2.
|inactive|tang de maracuja has 30 seconds to confirm battle start!
||tang de maracuja is ready for game 2.
|uhtml|next|Next: Game 2 of 3
|l|☆desrichards
|player|p1|
