|j|☆Nyute
|j|☆fratencio
|html|Nyutefratencio    
|uhtml|bestof|Game 2 of a best-of-3
|t:|1786132001
|gametype|doubles
|player|p1|Nyute|2|1040
|player|p2|fratencio|2|1068
|gen|9
|tier|[Gen 9 Champions] VGC 2026 Reg M-B (Bo3)
|rated|
|rule|Species Clause: Limit one of each Pokémon
|rule|Item Clause: Limit 1 of each item
|clearpoke
|poke|p1|Whimsicott, L50, F|
|poke|p1|Kingambit, L50, F|
|poke|p1|Garchomp, L50, M|
|poke|p1|Maushold, L50|
|poke|p1|Floette-Eternal, L50, F|
|poke|p1|Charizard, L50, M|
|poke|p2|Slowbro, L50, F|
|poke|p2|Raichu, L50, F, shiny|
|poke|p2|Mawile, L50, F|
|poke|p2|Houndoom, L50, F|
|poke|p2|Altaria, L50, M|
|poke|p2|Sceptile, L50, F, shiny|
|teampreview|4
|showteam|p1|Whimsicott||FocusSash|Prankster|Moonblast,Encore,Tailwind,Protect|Timid||F|||50|]Kingambit||BlackGlasses|Defiant|KowtowCleave,SuckerPunch,IronHead,Protect|Adamant||F|||50|]Garchomp||LifeOrb|RoughSkin|RockSlide,DragonClaw,Earthquake,Protect|Adamant||M|||50|]Maushold||ChopleBerry|FriendGuard|FollowMe,Taunt,Protect,PopulationBomb|Jolly|||||50|]Floette-Eternal||Floettite|FlowerVeil|Moonblast,DazzlingGleam,LightofRuin,Protect|Modest||F|||50|]Charizard||CharizarditeY|Blaze|HeatWave,SolarBeam,WeatherBall,Protect|Modest||M|||50|
|showteam|p2|Slowbro||ChestoBerry|Regenerator|MuddyWater,PsychicNoise,ShadowBall,TrickRoom|Calm||F|||50|]Raichu||RaichuniteX|LightningRod|Feint,FakeOut,VoltSwitch,BrickBreak|Jolly||F|||50|]Mawile||Mawilite|Intimidate|SwordsDance,IronHead,PlayRough,BatonPass|Jolly||F|||50|]Houndoom||Houndoominite|FlashFire|Protect,FireSpin,SuckerPunch,Snarl|Serious||F|||50|]Altaria||YacheBerry|CloudNine|IceBeam,DragonDance,DracoMeteor,Earthquake|Jolly||M|||50|]Sceptile||FocusSash|Unburden|Synthesis,ThunderPunch,Agility,BulletSeed|Adamant||F|||50|
|inactive|Battle timer is ON: inactive players will automatically lose when time's up. (requested by Nyute)
|
|t:|1786132024
|teamsize|p1|4
|teamsize|p2|4
|start
|switch|p1a: Garchomp|Garchomp, L50, M|100/100
|switch|p1b: Charizard|Charizard, L50, M|100/100
|switch|p2a: Slowbro|Slowbro, L50, F|100/100
|switch|p2b: Mawile|Mawile, L50, F|100/100
|-ability|p2b: Mawile|Intimidate|boost
|-unboost|p1a: Garchomp|atk|1
|-unboost|p1b: Charizard|atk|1
|turn|1
|
|t:|1786132049
|switch|p2b: Altaria|Altaria, L50, M|100/100
|-ability|p2b: Altaria|Cloud Nine
|detailschange|p1b: Charizard|Charizard-Mega-Y, L50, M
|-mega|p1b: Charizard|Charizard|Charizardite Y
|-weather|SunnyDay|[from] ability: Drought|[of] p1b: Charizard
|move|p1a: Garchomp|Earthquake|p2a: Slowbro|[spread] p2a
|-immune|p1b: Charizard
|-immune|p2b: Altaria
|-damage|p2a: Slowbro|67/100
|-damage|p1a: Garchomp|90/100|[from] item: Life Orb
|move|p1b: Charizard|Solar Beam||[still]
|-prepare|p1b: Charizard|Solar Beam
|move|p2a: Slowbro|Trick Room|p2a: Slowbro
|-fieldstart|move: Trick Room|[of] p2a: Slowbro
|
|-weather|SunnyDay|[upkeep]
|upkeep
|turn|2
|inactive|fratencio has 30 seconds left.
|
|t:|1786132077
|switch|p1a: Whimsicott|Whimsicott, L50, F|100/100
|move|p2a: Slowbro|Muddy Water|p1b: Charizard|[spread] p1a,p1b
|-resisted|p1a: Whimsicott|1
|-supereffective|p1b: Charizard|1
|-damage|p1a: Whimsicott|80/100
|-damage|p1b: Charizard|51/100
|-unboost|p1a: Whimsicott|accuracy|1
|move|p2b: Altaria|Draco Meteor|p1a: Whimsicott
|-immune|p1a: Whimsicott
|move|p1b: Charizard|Solar Beam|p2a: Slowbro|[from] lockedmove
|-supereffective|p2a: Slowbro|1
|-damage|p2a: Slowbro|0 fnt
|faint|p2a: Slowbro
|
|-weather|SunnyDay|[upkeep]
|upkeep
|
|t:|1786132084
|switch|p2a: Mawile|Mawile, L50, F|100/100
|-ability|p2a: Mawile|Intimidate|boost
|-unboost|p1a: Whimsicott|atk|1
|-unboost|p1b: Charizard|atk|1
|turn|3
|
|t:|1786132098
|switch|p1b: Garchomp|Garchomp, L50, M|90/100
|detailschange|p2a: Mawile|Mawile-Mega, L50, F
|-mega|p2a: Mawile|Mawile|Mawilite
|move|p1a: Whimsicott|Encore|p2b: Altaria
|-start|p2b: Altaria|Encore
|move|p2a: Mawile|Play Rough|p1b: Garchomp
|-supereffective|p1b: Garchomp|1
|-damage|p1b: Garchomp|0 fnt
|-damage|p2a: Mawile|88/100|[from] ability: Rough Skin|[of] p1b: Garchomp
|faint|p1b: Garchomp
|move|p2b: Altaria|Draco Meteor|p1a: Whimsicott
|-immune|p1a: Whimsicott
|
|-weather|SunnyDay|[upkeep]
|upkeep
|
|t:|1786132105
|switch|p1b: Charizard|Charizard-Mega-Y, L50, M|51/100
|turn|4
|
|t:|1786132112
|move|p1b: Charizard|Protect|p1b: Charizard
|-singleturn|p1b: Charizard|Protect
|move|p2a: Mawile|Play Rough|p1b: Charizard
|-activate|p1b: Charizard|move: Protect
|move|p2b: Altaria|Draco Meteor|p1b: Charizard
|-activate|p1b: Charizard|move: Protect
|move|p1a: Whimsicott|Moonblast|p2b: Altaria
|-supereffective|p2b: Altaria|1
|-damage|p2b: Altaria|35/100
|
|-weather|SunnyDay|[upkeep]
|upkeep
|turn|5
|
|t:|1786132125
|switch|p1b: Maushold|Maushold, L50|100/100
|move|p2a: Mawile|Play Rough|p1b: Maushold
|-damage|p1b: Maushold|13/100
|move|p2b: Altaria|Draco Meteor|p1b: Maushold
|-damage|p1b: Maushold|0 fnt
|-unboost|p2b: Altaria|spa|2
|faint|p1b: Maushold
|move|p1a: Whimsicott|Moonblast|p2b: Altaria
|-supereffective|p2b: Altaria|1
|-damage|p2b: Altaria|0 fnt
|faint|p2b: Altaria
|
|-weather|none
|-fieldend|move: Trick Room
|upkeep
|
|t:|1786132135
|switch|p1b: Charizard|Charizard-Mega-Y, L50, M|51/100
|switch|p2b: Houndoom|Houndoom, L50, F|100/100
|-weather|SunnyDay|[from] ability: Drought|[of] p1b: Charizard
|turn|6
|
|t:|1786132152
|move|p1a: Whimsicott|Tailwind|p1a: Whimsicott
|-sidestart|p1: Nyute|move: Tailwind
|move|p1b: Charizard|Weather Ball|p2a: Mawile
|-supereffective|p2a: Mawile|1
|-damage|p2a: Mawile|0 fnt
|faint|p2a: Mawile
|move|p2b: Houndoom|Snarl|p1b: Charizard|[spread] p1a,p1b
|-resisted|p1a: Whimsicott|1
|-damage|p1a: Whimsicott|68/100
|-damage|p1b: Charizard|36/100
|-unboost|p1a: Whimsicott|spa|1
|-unboost|p1b: Charizard|spa|1
|
|-weather|SunnyDay|[upkeep]
|upkeep
|turn|7
|
|t:|1786132166
|move|p1a: Whimsicott|Moonblast|p2b: Houndoom|[miss]
|-miss|p1a: Whimsicott|p2b: Houndoom
|move|p1b: Charizard|Solar Beam||[still]
|-prepare|p1b: Charizard|Solar Beam
|-anim|p1b: Charizard|Solar Beam|p2b: Houndoom
|-resisted|p2b: Houndoom|1
|-crit|p2b: Houndoom
|-damage|p2b: Houndoom|59/100
|move|p2b: Houndoom|Snarl|p1b: Charizard|[spread] p1a,p1b
|-resisted|p1a: Whimsicott|1
|-damage|p1a: Whimsicott|54/100
|-damage|p1b: Charizard|23/100
|-unboost|p1a: Whimsicott|spa|1
|-unboost|p1b: Charizard|spa|1
|
|-weather|SunnyDay|[upkeep]
|upkeep
|turn|8
|
|t:|1786132178
|move|p2b: Houndoom|Sucker Punch|p1b: Charizard
|-damage|p1b: Charizard|0 fnt
|faint|p1b: Charizard
|move|p1a: Whimsicott|Moonblast|p2b: Houndoom|[miss]
|-miss|p1a: Whimsicott|p2b: Houndoom
|
|-weather|SunnyDay|[upkeep]
|upkeep
|turn|9
|
|t:|1786132186
|move|p1a: Whimsicott|Encore|p2b: Houndoom
|-hint|Since gen 7, Dark is immune to Prankster moves.
|-immune|p2b: Houndoom
|move|p2b: Houndoom|Fire Spin|p1a: Whimsicott
|-supereffective|p1a: Whimsicott|1
|-damage|p1a: Whimsicott|0 fnt
|faint|p1a: Whimsicott
|
|win|fratencio
|l|☆Nyute
|player|p1|
