|j|â˜†Zevenit
|j|â˜†ShadowOfAMan
|html|ZevenitShadowOfAMan    
|uhtml|bestof|Game 2 of a best-of-3
|t:|1757697865
|gametype|doubles
|player|p1|Zevenit|hoopster|
|player|p2|ShadowOfAMan|elio-usum|
|gen|9
|tier|[Gen 9] VGC 2025 Reg H (Bo3)
|rule|Species Clause: Limit one of each PokÃ©mon
|rule|Item Clause: Limit 1 of each item
|clearpoke
|poke|p1|Zoroark-Hisui, L50, M|
|poke|p1|Maushold, L50|
|poke|p1|Archaludon, L50, M|
|poke|p1|Pelipper, L50, M|
|poke|p1|Basculegion, L50, M|
|poke|p1|Talonflame, L50, M|
|poke|p2|Politoed, L50, F|
|poke|p2|Gothitelle, L50, F|
|poke|p2|Archaludon, L50, M|
|poke|p2|Incineroar, L50, M|
|poke|p2|Amoonguss, L50, F|
|poke|p2|Kingdra, L50, F|
|teampreview|4
|showteam|p1|Zoroark-Hisui||ChoiceSpecs|Illusion|FocusBlast,ShadowBall,HyperBeam,IcyWind|||M|||50|,,,,,Stellar]Maushold||WideLens|Technician|PopulationBomb,FollowMe,Taunt,Protect||||||50|,,,,,Ghost]Archaludon||AssaultVest|Stamina|ElectroShot,DracoMeteor,Snarl,BodyPress|||M|||50|,,,,,Fairy]Pelipper||FocusSash|Drizzle|Hurricane,WeatherBall,Protect,Tailwind|||M|||50|,,,,,Ghost]Basculegion||ChoiceBand|SwiftSwim|WaveCrash,FlipTurn,LastRespects,AquaJet|||M|||50|,,,,,Ghost]Talonflame||CovertCloak|GaleWings|RainDance,Taunt,DualWingbeat,Tailwind|||M|||50|,,,,,Grass
|showteam|p2|Politoed||Leftovers|Drizzle|WeatherBall,Encore,PerishSong,Protect|||F|||50|,,,,,Grass]Gothitelle||SitrusBerry|ShadowTag|FakeOut,Psychic,TrickRoom,Protect|||F|||50|,,,,,Dark]Archaludon||PowerHerb|Sturdy|ElectroShot,DragonPulse,FlashCannon,Protect|||M|||50|,,,,,Electric]Incineroar||SafetyGoggles|Intimidate|FakeOut,PartingShot,KnockOff,Protect|||M|||50|,,,,,Ghost]Amoonguss||EjectButton|Regenerator|PollenPuff,Spore,RagePowder,Protect|||F|||50|,,,,,Fairy]Kingdra||LifeOrb|SwiftSwim|MuddyWater,WeatherBall,DracoMeteor,Protect|||F|||50|,,,,,Stellar
|inactive|Battle timer is ON: inactive players will automatically lose when time's up. (requested by Zevenit)
|
|t:|1757697881
|teamsize|p1|4
|teamsize|p2|4
|start
|switch|p1a: Maushold|Maushold, L50, shiny|100/100
|switch|p1b: Talonflame|Talonflame, L50, M, shiny|100/100
|switch|p2a: Archaludon|Archaludon, L50, M|100/100
|switch|p2b: Nizo|Incineroar, L50, M|100/100
|-ability|p2b: Nizo|Intimidate|boost
|-unboost|p1a: Maushold|atk|1
|-unboost|p1b: Talonflame|atk|1
|turn|1
|inactive|Zevenit has 30 seconds left.
|inactive|ShadowOfAMan has 30 seconds left.
|inactive|Zevenit has 20 seconds left.
|inactive|ShadowOfAMan has 20 seconds left.
|inactive|ShadowOfAMan has 15 seconds left.
|inactive|ShadowOfAMan has 10 seconds left.
|inactive|ShadowOfAMan has 5 seconds left.
|
|t:|1757697936
|-terastallize|p1a: Maushold|Ghost
|move|p2b: Nizo|Fake Out|p1b: Talonflame
|-damage|p1b: Talonflame|84/100
|move|p1b: Talonflame|Tailwind|p1b: Talonflame
|-sidestart|p1: Zevenit|move: Tailwind
|move|p1a: Maushold|Population Bomb|p2a: Archaludon
|-resisted|p2a: Archaludon
|-damage|p2a: Archaludon|97/100
|-resisted|p2a: Archaludon
|-damage|p2a: Archaludon|93/100
|-resisted|p2a: Archaludon
|-damage|p2a: Archaludon|90/100
|-resisted|p2a: Archaludon
|-damage|p2a: Archaludon|87/100
|-resisted|p2a: Archaludon
|-damage|p2a: Archaludon|83/100
|-resisted|p2a: Archaludon
|-damage|p2a: Archaludon|80/100
|-resisted|p2a: Archaludon
|-damage|p2a: Archaludon|76/100
|-resisted|p2a: Archaludon
|-crit|p2a: Archaludon
|-damage|p2a: Archaludon|69/100
|-resisted|p2a: Archaludon
|-damage|p2a: Archaludon|65/100
|-resisted|p2a: Archaludon
|-damage|p2a: Archaludon|61/100
|-hitcount|p2a: Archaludon|10
|move|p2a: Archaludon|Electro Shot||[still]
|-prepare|p2a: Archaludon|Electro Shot
|-boost|p2a: Archaludon|spa|1
|-enditem|p2a: Archaludon|Power Herb
|-anim|p2a: Archaludon|Electro Shot|p1b: Talonflame
|-supereffective|p1b: Talonflame
|-damage|p1b: Talonflame|0 fnt
|faint|p1b: Talonflame
|
|upkeep
|
|t:|1757697950
|switch|p1b: Archaludon|Archaludon, L50, M, shiny|100/100
|turn|2
|inactive|Zevenit has 30 seconds left.
|inactive|ShadowOfAMan has 30 seconds left.
|
|t:|1757697983
|switch|p2b: Politoed|Politoed, L50, F|100/100
|-weather|RainDance|[from] ability: Drizzle|[of] p2b: Politoed
|move|p1a: Maushold|Population Bomb|p1b: Archaludon
|-resisted|p1b: Archaludon
|-damage|p1b: Archaludon|97/100
|-ability|p1b: Archaludon|Stamina|boost
|-boost|p1b: Archaludon|def|1
|-resisted|p1b: Archaludon
|-damage|p1b: Archaludon|96/100
|-ability|p1b: Archaludon|Stamina|boost
|-boost|p1b: Archaludon|def|1
|-resisted|p1b: Archaludon
|-damage|p1b: Archaludon|94/100
|-ability|p1b: Archaludon|Stamina|boost
|-boost|p1b: Archaludon|def|1
|-resisted|p1b: Archaludon
|-damage|p1b: Archaludon|93/100
|-ability|p1b: Archaludon|Stamina|boost
|-boost|p1b: Archaludon|def|1
|-resisted|p1b: Archaludon
|-damage|p1b: Archaludon|92/100
|-ability|p1b: Archaludon|Stamina|boost
|-boost|p1b: Archaludon|def|1
|-resisted|p1b: Archaludon
|-damage|p1b: Archaludon|91/100
|-ability|p1b: Archaludon|Stamina|boost
|-boost|p1b: Archaludon|def|1
|-resisted|p1b: Archaludon
|-damage|p1b: Archaludon|91/100
|-resisted|p1b: Archaludon
|-damage|p1b: Archaludon|90/100
|-resisted|p1b: Archaludon
|-damage|p1b: Archaludon|90/100
|-resisted|p1b: Archaludon
|-damage|p1b: Archaludon|89/100
|-hitcount|p1b: Archaludon|10
|move|p1b: Archaludon|Body Press|p2a: Archaludon
|-supereffective|p2a: Archaludon
|-damage|p2a: Archaludon|0 fnt
|faint|p2a: Archaludon
|
|-weather|RainDance|[upkeep]
|upkeep
|inactive|ShadowOfAMan has 30 seconds left.
|inactive|ShadowOfAMan has 20 seconds left.
|
|t:|1757698019
|switch|p2a: Nizo|Incineroar, L50, M|100/100
|-ability|p2a: Nizo|Intimidate|boost
|-unboost|p1a: Maushold|atk|1
|-unboost|p1b: Archaludon|atk|1
|turn|3
|inactive|Zevenit has 30 seconds left.
|
|t:|1757698046
|move|p1a: Maushold|Protect|p1a: Maushold
|-singleturn|p1a: Maushold|Protect
|move|p2a: Nizo|Fake Out|p1b: Archaludon
|-resisted|p1b: Archaludon
|-damage|p1b: Archaludon|88/100
|cant|p1b: Archaludon|flinch
|move|p2b: Politoed|Perish Song|p2b: Politoed
|-start|p1a: Maushold|perish3|[silent]
|-start|p1b: Archaludon|perish3|[silent]
|-start|p2a: Nizo|perish3|[silent]
|-start|p2b: Politoed|perish3|[silent]
|-fieldactivate|move: Perish Song
|
|-weather|RainDance|[upkeep]
|-start|p1a: Maushold|perish3
|-start|p1b: Archaludon|perish3
|-start|p2b: Politoed|perish3
|-start|p2a: Nizo|perish3
|upkeep
|turn|4
|c|â˜†ShadowOfAMan|No estoy jugando bien
|c|â˜†ShadowOfAMan|Estoy dando pena
|inactive|ShadowOfAMan has 30 seconds left.
|
|t:|1757698079
|-terastallize|p2a: Nizo|Ghost
|move|p2b: Politoed|Protect|p2b: Politoed
|-singleturn|p2b: Politoed|Protect
|move|p1a: Maushold|Follow Me|p1a: Maushold
|-singleturn|p1a: Maushold|move: Follow Me
|move|p1b: Archaludon|Electro Shot||[still]
|-prepare|p1b: Archaludon|Electro Shot
|-boost|p1b: Archaludon|spa|1
|-anim|p1b: Archaludon|Electro Shot|p2b: Politoed
|-activate|p2b: Politoed|move: Protect
|move|p2a: Nizo|Parting Shot|p1a: Maushold
|-unboost|p1a: Maushold|atk|1
|-unboost|p1a: Maushold|spa|1
|
|t:|1757698089
|switch|p2a: Gothitelle|Gothitelle, L50, F|100/100|[from] Parting Shot
|
|-weather|RainDance|[upkeep]
|-start|p1a: Maushold|perish2
|-start|p1b: Archaludon|perish2
|-start|p2b: Politoed|perish2
|-sideend|p1: Zevenit|move: Tailwind
|upkeep
|turn|5
|
|t:|1757698113
|switch|p2b: Nizo|Incineroar, L50, M, tera:Ghost|100/100
|-ability|p2b: Nizo|Intimidate|boost
|-unboost|p1a: Maushold|atk|1
|-unboost|p1b: Archaludon|atk|1
|move|p2a: Gothitelle|Fake Out|p1b: Archaludon
|-resisted|p1b: Archaludon
|-damage|p1b: Archaludon|88/100
|move|p1a: Maushold|Population Bomb|p2a: Gothitelle
|-damage|p2a: Gothitelle|95/100
|-damage|p2a: Gothitelle|91/100
|-damage|p2a: Gothitelle|88/100
|-crit|p2a: Gothitelle
|-damage|p2a: Gothitelle|72/100
|-damage|p2a: Gothitelle|68/100
|-damage|p2a: Gothitelle|64/100
|-damage|p2a: Gothitelle|60/100
|-damage|p2a: Gothitelle|56/100
|-damage|p2a: Gothitelle|52/100
|-damage|p2a: Gothitelle|49/100
|-enditem|p2a: Gothitelle|Sitrus Berry|[eat]
|-heal|p2a: Gothitelle|73/100|[from] item: Sitrus Berry
|-hitcount|p2a: Gothitelle|10
|cant|p1b: Archaludon|flinch
|
|-weather|RainDance|[upkeep]
|-start|p1a: Maushold|perish1
|-start|p1b: Archaludon|perish1
|upkeep
|turn|6
|inactive|Zevenit has 30 seconds left.
|inactive|ShadowOfAMan has 30 seconds left.
|
|t:|1757698146
|switch|p1a: Basculegion|Basculegion, L50, M|100/100
|move|p2b: Nizo|Fake Out|p1b: Archaludon
|-resisted|p1b: Archaludon
|-damage|p1b: Archaludon|87/100
|cant|p1b: Archaludon|flinch
|move|p2a: Gothitelle|Trick Room|p2a: Gothitelle
|-fieldstart|move: Trick Room|[of] p2a: Gothitelle
|
|-weather|none
|-start|p1b: Archaludon|perish0
|faint|p1b: Archaludon
|upkeep
|
|t:|1757698154
|switch|p1b: Maushold|Maushold, L50, shiny, tera:Ghost|100/100
|turn|7
|
|t:|1757698176
|move|p2a: Gothitelle|Protect|p2a: Gothitelle
|-singleturn|p2a: Gothitelle|Protect
|move|p1b: Maushold|Follow Me|p1b: Maushold
|-singleturn|p1b: Maushold|move: Follow Me
|move|p2b: Nizo|Knock Off|p1b: Maushold
|-supereffective|p1b: Maushold
|-damage|p1b: Maushold|0 fnt
|-enditem|p1b: Maushold|Wide Lens|[from] move: Knock Off|[of] p2b: Nizo
|faint|p1b: Maushold
|move|p1a: Basculegion|Last Respects|p2b: Nizo
|-supereffective|p2b: Nizo
|-damage|p2b: Nizo|0 fnt
|faint|p2b: Nizo
|
|upkeep
|
|t:|1757698185
|switch|p2b: Politoed|Politoed, L50, F|100/100
|-weather|RainDance|[from] ability: Drizzle|[of] p2b: Politoed
|turn|8
|
|t:|1757698200
|move|p2a: Gothitelle|Psychic|p1a: Basculegion
|-damage|p1a: Basculegion|65/100
|move|p2b: Politoed|Weather Ball|p1a: Basculegion
|-resisted|p1a: Basculegion
|-damage|p1a: Basculegion|36/100
|move|p1a: Basculegion|Last Respects|p2a: Gothitelle
|-supereffective|p2a: Gothitelle
|-damage|p2a: Gothitelle|0 fnt
|faint|p2a: Gothitelle
|
|-weather|RainDance|[upkeep]
|upkeep
|turn|9
|
|t:|1757698208
|move|p2b: Politoed|Weather Ball|p1a: Basculegion
|-resisted|p1a: Basculegion
|-damage|p1a: Basculegion|11/100
|move|p1a: Basculegion|Last Respects|p2b: Politoed
|-damage|p2b: Politoed|0 fnt
|faint|p2b: Politoed
|
|win|Zevenit
|c|â˜†Zevenit|gg
|c|â˜†ShadowOfAMan|GG
|l|â˜†ShadowOfAMan
|player|p2|
