|j|☆bghvgjdh
|j|‽CoachOranBerry
|html|bghvgjdhCoachOranBerry    
|uhtml|bestof|Game 1 of a best-of-3
|t:|1782691675
|gametype|doubles
|player|p1|bghvgjdh|clay|
|player|p2|CoachOranBerry|worker-gen4|
|gen|9
|tier|[Gen 9 Champions] VGC 2026 Reg M-B (Bo3)
|rule|Species Clause: Limit one of each Pokémon
|rule|Item Clause: Limit 1 of each item
|clearpoke
|poke|p1|Alakazam, L50, M|
|poke|p1|Meowstic, L50, M|
|poke|p1|Staraptor, L50, M|
|poke|p1|Sinistcha, L50|
|poke|p1|Metagross, L50, shiny|
|poke|p1|Flapple, L50, M|
|poke|p2|Kingambit, L50, M|
|poke|p2|Basculegion-F, L50, F|
|poke|p2|Farigiraf, L50, F|
|poke|p2|Torterra, L50, M|
|poke|p2|Whimsicott, L50, M|
|poke|p2|Glalie, L50, M|
|teampreview|4
|showteam|p1|Alakazam||Alakazite|InnerFocus|ExpandingForce,FocusBlast,Protect,Encore|Modest||M|||50|]Meowstic||FocusSash|Prankster|PsychicTerrain,FakeOut,HelpingHand,Tickle|Timid||M|||50|]Staraptor||Staraptite|Reckless|BraveBird,CloseCombat,Roost,Protect|Jolly||M|||50|]Sinistcha||KasibBerry|Hospitality|MatchaGotcha,RagePowder,StrengthSap,TrickRoom|Quiet|||||50|]Metagross||LifeOrb|ClearBody|Protect,MeteorMash,BrickBreak,PsychicFangs|Adamant|||||50|]Flapple||ChoiceScarf|Hustle|GravApple,Uturn,Pounce,LeechSeed|Jolly||M|||50|
|showteam|p2|Kingambit||BlackGlasses|Defiant|SuckerPunch,Protect,KowtowCleave,LowKick|Brave||M|||50|]Basculegion-F||MysticWater|Adaptability|Protect,ShadowBall,Surf,IceBeam|Modest||F|||50|]Farigiraf||SitrusBerry|ArmorTail|HelpingHand,Imprison,ShadowBall,Protect|Quiet||F|||50|]Torterra||WhiteHerb|ShellArmor|ShellSmash,HighHorsepower,SeedBomb,Protect|Jolly||M|||50|]Whimsicott||FocusSash|Prankster|Tailwind,WorrySeed,LightScreen,Moonblast|Timid||M|||50|]Glalie||Glalitite|Moody|Explosion,Protect,IcyWind,IceShard|Adamant||M|||50|
|
|t:|1782691882
|teamsize|p1|4
|teamsize|p2|4
|start
|switch|p1a: he|Staraptor, L50, M|100/100
|switch|p1b: bark bark!|Meowstic, L50, M|100/100
|switch|p2a: Whimsicott|Whimsicott, L50, M|100/100
|switch|p2b: Basculegion|Basculegion-F, L50, F|100/100
|turn|1
|
|t:|1782691946
|detailschange|p1a: he|Staraptor-Mega, L50, M
|-mega|p1a: he|Staraptor|Staraptite
|move|p1b: bark bark!|Fake Out|p2a: Whimsicott
|-damage|p2a: Whimsicott|92/100
|cant|p2a: Whimsicott|flinch
|move|p1a: he|Brave Bird|p2a: Whimsicott
|-supereffective|p2a: Whimsicott|1
|-damage|p2a: Whimsicott|0 fnt
|faint|p2a: Whimsicott
|-damage|p1a: he|75/100|[from] Recoil
|move|p2b: Basculegion|Ice Beam|p1a: he
|-supereffective|p1a: he|1
|-damage|p1a: he|17/100
|
|upkeep
|
|t:|1782691967
|switch|p2a: Torterra|Torterra, L50, M|100/100
|turn|2
|
|t:|1782692001
|switch|p2a: Kingambit|Kingambit, L50, M|100/100
|move|p1b: bark bark!|Tickle|p1a: he
|-boost|p1a: he|atk|1
|-boost|p1a: he|def|1
|move|p1a: he|Roost|p1a: he
|-heal|p1a: he|68/100
|-singleturn|p1a: he|move: Roost
|move|p2b: Basculegion|Ice Beam|p1a: he
|-damage|p1a: he|37/100
|
|upkeep
|turn|3
|
|t:|1782692028
|switch|p1b: rescues the day|Sinistcha, L50|100/100
|-heal|p1a: he|62/100|[from] ability: Hospitality|[of] p1b: rescues the day
|switch|p2a: Torterra|Torterra, L50, M|100/100
|move|p1a: he|Close Combat|p2a: Torterra
|-damage|p2a: Torterra|14/100
|-boost|p1a: he|def|1
|-boost|p1a: he|spd|1
|move|p2b: Basculegion|Shadow Ball|p1a: he
|-damage|p1a: he|26/100
|
|upkeep
|turn|4
|
|t:|1782692047
|move|p1a: he|Roost|p1a: he
|-heal|p1a: he|76/100
|-singleturn|p1a: he|move: Roost
|move|p2b: Basculegion|Shadow Ball|p1a: he
|-damage|p1a: he|38/100
|move|p2a: Torterra|Shell Smash|p2a: Torterra
|-unboost|p2a: Torterra|def|1
|-unboost|p2a: Torterra|spd|1
|-boost|p2a: Torterra|atk|2
|-boost|p2a: Torterra|spa|2
|-boost|p2a: Torterra|spe|2
|-enditem|p2a: Torterra|White Herb
|-clearnegativeboost|p2a: Torterra|[silent]
|move|p1b: rescues the day|Matcha Gotcha|p2a: Torterra|[spread] p2a,p2b
|-supereffective|p2b: Basculegion|1
|-damage|p2a: Torterra|0 fnt
|-damage|p2b: Basculegion|34/100
|faint|p2a: Torterra
|
|upkeep
|
|t:|1782692065
|switch|p2a: Kingambit|Kingambit, L50, M|100/100
|turn|5
|
|t:|1782692074
|move|p2a: Kingambit|Sucker Punch|p1a: he
|-resisted|p1a: he|1
|-damage|p1a: he|25/100
|move|p1a: he|Close Combat|p2a: Kingambit
|-supereffective|p2a: Kingambit|2
|-damage|p2a: Kingambit|0 fnt
|-boost|p1a: he|def|1
|-boost|p1a: he|spd|1
|faint|p2a: Kingambit
|move|p2b: Basculegion|Shadow Ball|p1a: he
|-damage|p1a: he|0 fnt
|faint|p1a: he
|move|p1b: rescues the day|Matcha Gotcha|p2b: Basculegion
|-supereffective|p2b: Basculegion|1
|-damage|p2b: Basculegion|0 fnt
|faint|p2b: Basculegion
|
|win|bghvgjdh
|inactive|bghvgjdh has 30 seconds to confirm battle start!
|inactive|CoachOranBerry has 30 seconds to confirm battle start!
