|j|☆mawile renaissance
|j|☆1700 for rogue
|html|mawile renaissance1700 for rogue    
|uhtml|bestof|Game 3 of a best-of-3
|t:|1784343824
|gametype|doubles
|player|p1|mawile renaissance|miku-water|1128
|player|p2|1700 for rogue|scientist-gen4|1078
|gen|9
|tier|[Gen 9 Champions] VGC 2026 Reg M-B (Bo3)
|rated|
|rule|Species Clause: Limit one of each Pokémon
|rule|Item Clause: Limit 1 of each item
|clearpoke
|poke|p1|Mawile, L50, F|
|poke|p1|Incineroar, L50, F|
|poke|p1|Basculegion, L50, M|
|poke|p1|Farigiraf, L50, F|
|poke|p1|Mamoswine, L50, F|
|poke|p1|Charizard, L50, M|
|poke|p2|Gengar, L50, M|
|poke|p2|Kingambit, L50, M|
|poke|p2|Sneasler, L50, M|
|poke|p2|Incineroar, L50, F|
|poke|p2|Altaria, L50, M|
|poke|p2|Wyrdeer, L50, M|
|teampreview|4
|showteam|p1|Mawile||Mawilite|HyperCutter|PlayRough,SuckerPunch,RockSlide,Protect|Brave||F|||50|]Incineroar||LifeOrb|Intimidate|DarkestLariat,FlareBlitz,PartingShot,FakeOut|Brave||F|||50|]Basculegion||SitrusBerry|Adaptability|WaveCrash,LastRespects,AquaJet,Protect|Adamant||M|||50|]Farigiraf||ColburBerry|ArmorTail|Psychic,Thunderbolt,TrickRoom,Protect|Quiet||F|||50|]Mamoswine||FocusSash|Oblivious|IcicleCrash,HighHorsepower,Earthquake,Protect|Adamant||F|||50|]Charizard||CharizarditeY|SolarPower|HeatWave,WeatherBall,SolarBeam,Protect|Modest||M|||50|
|showteam|p2|Gengar||Gengarite|CursedBody|PerishSong,ShadowBall,SludgeBomb,Protect|Modest||M|||50|]Kingambit||BlackGlasses|Defiant|SuckerPunch,KowtowCleave,LowKick,Protect|Adamant||M|||50|]Sneasler||WhiteHerb|Unburden|FakeOut,CloseCombat,DireClaw,Protect|Adamant||M|||50|]Incineroar||ShucaBerry|Intimidate|Protect,FlareBlitz,FakeOut,PartingShot|Careful||F|||50|]Altaria||Altarianite|CloudNine|PerishSong,HyperVoice,DracoMeteor,Protect|Quiet||M|||50|]Wyrdeer||SitrusBerry|Intimidate|TrickRoom,PsyshieldBash,SkillSwap,Protect|Relaxed||M|||50|
|inactive|Battle timer is ON: inactive players will automatically lose when time's up. (requested by 1700 for rogue)
|inactive|1700 for rogue has 60 seconds left.
|inactive|1700 for rogue has 30 seconds left.
|
|t:|1784343887
|teamsize|p1|4
|teamsize|p2|4
|start
|switch|p1a: Atlas|Mamoswine, L50, F|100/100
|switch|p1b: Hera|Farigiraf, L50, F|100/100
|switch|p2a: Wyrdeer|Wyrdeer, L50, M|100/100
|switch|p2b: Gengar|Gengar, L50, M|100/100
|-ability|p2a: Wyrdeer|Intimidate|boost
|-fail|p1a: Atlas|unboost|Attack|[from] ability: Oblivious|[of] p1a: Atlas
|-unboost|p1b: Hera|atk|1
|turn|1
|
|t:|1784343905
|detailschange|p2b: Gengar|Gengar-Mega, L50, M
|-mega|p2b: Gengar|Gengar|Gengarite
|move|p2b: Gengar|Protect|p2b: Gengar
|-singleturn|p2b: Gengar|Protect
|move|p1a: Atlas|High Horsepower|p2b: Gengar
|-activate|p2b: Gengar|move: Protect
|move|p2a: Wyrdeer|Psyshield Bash|p1a: Atlas
|-damage|p1a: Atlas|60/100
|-boost|p2a: Wyrdeer|def|1
|move|p1b: Hera|Trick Room|p1b: Hera
|-fieldstart|move: Trick Room|[of] p1b: Hera
|
|upkeep
|turn|2
|
|t:|1784343925
|switch|p2b: Incineroar|Incineroar, L50, F|100/100
|-ability|p2b: Incineroar|Intimidate|boost
|-fail|p1a: Atlas|unboost|Attack|[from] ability: Oblivious|[of] p1a: Atlas
|-unboost|p1b: Hera|atk|1
|move|p1b: Hera|Thunderbolt|p2a: Wyrdeer
|-damage|p2a: Wyrdeer|76/100
|-status|p2a: Wyrdeer|par
|move|p2a: Wyrdeer|Psyshield Bash|p1a: Atlas
|-damage|p1a: Atlas|20/100y
|-boost|p2a: Wyrdeer|def|1
|move|p1a: Atlas|High Horsepower|p2b: Incineroar
|-supereffective|p2b: Incineroar|1
|-enditem|p2b: Incineroar|Shuca Berry|[eat]
|-enditem|p2b: Incineroar|Shuca Berry|[weaken]
|-damage|p2b: Incineroar|52/100
|
|upkeep
|turn|3
|
|t:|1784343947
|switch|p1b: Athena|Mawile, L50, F|100/100
|move|p2a: Wyrdeer|Psyshield Bash|p1a: Atlas
|-damage|p1a: Atlas|0 fnt
|-boost|p2a: Wyrdeer|def|1
|faint|p1a: Atlas
|move|p2b: Incineroar|Parting Shot|p1b: Athena
|-fail|p1b: Athena|unboost|Attack|[from] ability: Hyper Cutter|[of] p1b: Athena
|-unboost|p1b: Athena|spa|1
|
|t:|1784343961
|switch|p2b: Kingambit|Kingambit, L50, M|100/100|[from] Parting Shot
|
|upkeep
|
|t:|1784343970
|switch|p1a: Hera|Farigiraf, L50, F|100/100
|turn|4
|inactive|1700 for rogue has 30 seconds left.
|
|t:|1784343996
|detailschange|p1b: Athena|Mawile-Mega, L50, F
|-mega|p1b: Athena|Mawile|Mawilite
|move|p2a: Wyrdeer|Skill Swap|p1b: Athena
|-activate|p2a: Wyrdeer|Skill Swap|Huge Power|Intimidate|[of] p1b: Athena
|-ability|p1b: Athena|Intimidate|boost
|-unboost|p2a: Wyrdeer|atk|1
|-unboost|p2b: Kingambit|atk|1
|-ability|p2b: Kingambit|Defiant|boost
|-boost|p2b: Kingambit|atk|2
|move|p1b: Athena|Play Rough|p2b: Kingambit
|-damage|p2b: Kingambit|65/100
|move|p2b: Kingambit|Kowtow Cleave|p1a: Hera
|-supereffective|p1a: Hera|1
|-enditem|p1a: Hera|Colbur Berry|[eat]
|-enditem|p1a: Hera|Colbur Berry|[weaken]
|-damage|p1a: Hera|1/100
|move|p1a: Hera|Thunderbolt|p2b: Kingambit
|-damage|p2b: Kingambit|40/100
|
|upkeep
|turn|5
|-message|mawile renaissance forfeited.
|raw|mawile renaissance's rating: 1128 → 1099(-29 for losing)
|raw|1700 for rogue's rating: 1078 → 1110(+32 for winning)
|
|win|1700 for rogue
|l|☆mawile renaissance
|player|p1|
