|j|☆merrypasta
|j|☆mythicalslol
|html|merrypastamythicalslol    
|uhtml|bestof|Game 2 of a best-of-3
|t:|1757657697
|gametype|doubles
|player|p1|merrypasta|miku-ghost|1245
|player|p2|mythicalslol|169|1337
|gen|9
|tier|[Gen 9] VGC 2025 Reg H (Bo3)
|rated|
|rule|Species Clause: Limit one of each Pokémon
|rule|Item Clause: Limit 1 of each item
|clearpoke
|poke|p1|Gardevoir, L50, F|
|poke|p1|Dragapult, L50, M|
|poke|p1|Talonflame, L50, M|
|poke|p1|Ninetales-Alola, L50, F|
|poke|p1|Garchomp, L50, F|
|poke|p1|Farigiraf, L50, F|
|poke|p2|Weezing, L50, M|
|poke|p2|Talonflame, L50, F|
|poke|p2|Garchomp, L50, F|
|poke|p2|Ursaluna-Bloodmoon, L50, M|
|poke|p2|Volcarona, L50, M|
|poke|p2|Pawmot, L50, M|
|teampreview|4
|showteam|p1|Gardevoir||ChoiceScarf|Telepathy|Psychic,Moonblast,DazzlingGleam,IcyWind|||F|||50|,,,,,Fairy]Dragapult||ChoiceBand|ClearBody|DragonDarts,SuckerPunch,PhantomForce,Uturn|||M|||50|,,,,,Dragon]Talonflame||CovertCloak|GaleWings|BraveBird,Taunt,FeatherDance,Tailwind|||M|||50|,,,,,Ghost]Ninetales-Alola||FocusSash|SnowWarning|Blizzard,Encore,Protect,AuroraVeil|||F|||50|,,,,,Ice]Garchomp||LifeOrb|RoughSkin|DragonClaw,StompingTantrum,Protect,Earthquake|||F|||50|,,,,,Ground]Farigiraf||ThroatSpray|ArmorTail|HyperVoice,Psychic,Protect,HelpingHand|||F|||50|,,,,,Normal
|showteam|p2|Weezing||SitrusBerry|NeutralizingGas|GunkShot,Taunt,WillOWisp,Protect|||M|||50|,,,,,Flying]Talonflame||CovertCloak|GaleWings|Tailwind,DualWingbeat,UpperHand,Taunt|||F|||50|,,,,,Flying]Garchomp||LifeOrb|RoughSkin|DragonClaw,StompingTantrum,Earthquake,Protect|||F|||50|,,,,,Ground]Ursaluna-Bloodmoon||AssaultVest|MindsEye|HyperVoice,BloodMoon,EarthPower,VacuumWave|||M|||50|,,,,,Water]Volcarona||Leftovers|FlameBody|HeatWave,TeraBlast,QuiverDance,Protect|||M|||50|,,,,,Fairy]Pawmot||FocusSash|NaturalCure|FakeOut,DoubleShock,CloseCombat,RevivalBlessing|||M|||50|,,,,,Ghost
|
|t:|1757657754
|teamsize|p1|4
|teamsize|p2|4
|start
|switch|p1a: Talonflame|Talonflame, L50, M|100/100
|switch|p1b: Garchomp|Garchomp, L50, F|100/100
|switch|p2a: Volcarona|Volcarona, L50, M|100/100
|switch|p2b: Talonflame|Talonflame, L50, F|100/100
|turn|1
|
|t:|1757657797
|-terastallize|p2a: Volcarona|Fairy
|move|p2b: Talonflame|Upper Hand||[still]
|-fail|p2b: Talonflame
|move|p1a: Talonflame|Tailwind|p1a: Talonflame
|-sidestart|p1: merrypasta|move: Tailwind
|move|p1b: Garchomp|Dragon Claw|p2b: Talonflame
|-damage|p2b: Talonflame|16/100
|-damage|p1b: Garchomp|91/100|[from] item: Life Orb
|move|p2a: Volcarona|Tera Blast|p1b: Garchomp|[anim] Tera Blast Fairy
|-supereffective|p1b: Garchomp
|-damage|p1b: Garchomp|4/100
|
|upkeep
|turn|2
|
|t:|1757657826
|move|p1b: Garchomp|Protect|p1b: Garchomp
|-singleturn|p1b: Garchomp|Protect
|move|p1a: Talonflame|Taunt|p2a: Volcarona
|-start|p2a: Volcarona|move: Taunt
|move|p2b: Talonflame|Tailwind|p2b: Talonflame
|-sidestart|p2: mythicalslol|move: Tailwind
|move|p2a: Volcarona|Heat Wave|p1b: Garchomp|[spread] p1a
|-activate|p1b: Garchomp|move: Protect
|-resisted|p1a: Talonflame
|-damage|p1a: Talonflame|81/100
|
|upkeep
|turn|3
|
|t:|1757657845
|-terastallize|p1b: Garchomp|Ground
|move|p2b: Talonflame|Dual Wingbeat|p1b: Garchomp
|-crit|p1b: Garchomp
|-damage|p1b: Garchomp|0 fnt
|-damage|p2b: Talonflame|4/100|[from] ability: Rough Skin|[of] p1b: Garchomp
|faint|p1b: Garchomp
|-hitcount|p1: Garchomp|1
|move|p1a: Talonflame|Brave Bird|p2b: Talonflame
|-damage|p2b: Talonflame|0 fnt
|faint|p2b: Talonflame
|-damage|p1a: Talonflame|80/100|[from] Recoil
|move|p2a: Volcarona|Heat Wave|p1a: Talonflame
|-resisted|p1a: Talonflame
|-damage|p1a: Talonflame|54/100
|
|upkeep
|
|t:|1757657856
|switch|p2b: Pawmot|Pawmot, L50, M|100/100
|switch|p1b: Ninetales|Ninetales-Alola, L50, F|100/100
|-weather|Snowscape|[from] ability: Snow Warning|[of] p1b: Ninetales
|turn|4
|
|t:|1757657892
|move|p2b: Pawmot|Fake Out|p1b: Ninetales
|-damage|p1b: Ninetales|88/100
|cant|p1b: Ninetales|flinch
|move|p1a: Talonflame|Brave Bird|p2a: Volcarona
|-damage|p2a: Volcarona|61/100
|-damage|p1a: Talonflame|42/100|[from] Recoil
|move|p2a: Volcarona|Heat Wave|p1b: Ninetales|[spread] p1a,p1b
|-resisted|p1a: Talonflame
|-supereffective|p1b: Ninetales
|-damage|p1a: Talonflame|23/100
|-damage|p1b: Ninetales|6/100
|-status|p1b: Ninetales|brn
|
|-weather|Snowscape|[upkeep]
|-heal|p2a: Volcarona|67/100|[from] item: Leftovers
|-damage|p1b: Ninetales|0 fnt|[from] brn
|faint|p1b: Ninetales
|-end|p2a: Volcarona|move: Taunt
|-sideend|p1: merrypasta|move: Tailwind
|upkeep
|
|t:|1757657901
|switch|p1b: Dragapult|Dragapult, L50, M|100/100
|turn|5
|-message|merrypasta forfeited.
|raw|merrypasta's rating: 1245 → 1226(-19 for losing)
|raw|mythicalslol's rating: 1337 → 1352(+15 for winning)
|
|win|mythicalslol
|l|☆merrypasta
|player|p1|
|l|☆mythicalslol
|player|p2|
