|j|☆lucasmalt
|j|☆Kyrie pokemon
|html|lucasmaltKyrie pokemon    
|uhtml|bestof|Game 1 of a best-of-3
|t:|1784806222
|gametype|doubles
|player|p1|lucasmalt|170|1352
|player|p2|Kyrie pokemon|101|1362
|gen|9
|tier|[Gen 9 Champions] VGC 2026 Reg M-B (Bo3)
|rated|
|rule|Species Clause: Limit one of each Pokémon
|rule|Item Clause: Limit 1 of each item
|clearpoke
|poke|p1|Blaziken, L50, F, shiny|
|poke|p1|Incineroar, L50, F, shiny|
|poke|p1|Sinistcha, L50|
|poke|p1|Milotic, L50, M, shiny|
|poke|p1|Hydreigon, L50, F|
|poke|p1|Gardevoir, L50, F, shiny|
|poke|p2|Kleavor, L50, M|
|poke|p2|Kingambit, L50, F|
|poke|p2|Charizard, L50, M|
|poke|p2|Garchomp, L50, M|
|poke|p2|Ninetales-Alola, L50, F|
|poke|p2|Whimsicott, L50, F|
|teampreview|4
|showteam|p1|Blaziken||Blazikenite|SpeedBoost|FlareBlitz,CloseCombat,RockSlide,Detect|Adamant||F|||50|]Incineroar||SitrusBerry|Intimidate|FakeOut,FlareBlitz,DarkestLariat,PartingShot|Careful||F|||50|]Sinistcha||KasibBerry|Hospitality|MatchaGotcha,RagePowder,TrickRoom,Protect|Bold|||||50|]Milotic||Leftovers|Competitive|MuddyWater,Coil,Hypnosis,Recover|Calm||M|||50|]Hydreigon||ChoiceScarf|Levitate|Snarl,DracoMeteor,DarkPulse,EarthPower|Modest||F|||50|]Gardevoir||Gardevoirite|Trace|HyperVoice,Psyshock,TrickRoom,Protect|Modest||F|||50|
|showteam|p2|Kleavor||ChoiceScarf|Sharpness|StoneAxe,XScissor,Uturn,CloseCombat|Jolly||M|||50|]Kingambit||BlackGlasses|Defiant|KowtowCleave,Protect,SuckerPunch,IronHead|Adamant||F|||50|]Charizard||CharizarditeY|Blaze|HeatWave,Protect,SolarBeam,WeatherBall|Modest||M|||50|]Garchomp||LifeOrb|RoughSkin|Earthquake,Protect,RockSlide,StompingTantrum|Jolly||M|||50|]Ninetales-Alola||NeverMeltIce|SnowWarning|Blizzard,Protect,Disable,FreezeDry|Timid||F|||50|]Whimsicott||FocusSash|Prankster|Moonblast,Protect,Encore,Tailwind|Jolly||F|||50|
|inactive|Battle timer is ON: inactive players will automatically lose when time's up. (requested by lucasmalt)
|
|t:|1784806338
|teamsize|p1|4
|teamsize|p2|4
|start
|switch|p1a: Incineroar|Incineroar, L50, F, shiny|100/100
|switch|p1b: Blaziken|Blaziken, L50, F, shiny|100/100
|switch|p2a: Kleavor|Kleavor, L50, M|100/100
|switch|p2b: Kingambit|Kingambit, L50, F|100/100
|-ability|p1a: Incineroar|Intimidate|boost
|-unboost|p2a: Kleavor|atk|1
|-unboost|p2b: Kingambit|atk|1
|-ability|p2b: Kingambit|Defiant|boost
|-boost|p2b: Kingambit|atk|2
|turn|1
|inactive|Kyrie pokemon has 30 seconds left.
|inactive|Kyrie pokemon has 20 seconds left.
|
|t:|1784806374
|detailschange|p1b: Blaziken|Blaziken-Mega, L50, F, shiny
|-mega|p1b: Blaziken|Blaziken|Blazikenite
|move|p1a: Incineroar|Fake Out|p2a: Kleavor
|-resisted|p2a: Kleavor|1
|-damage|p2a: Kleavor|93/100
|cant|p2a: Kleavor|flinch
|move|p1b: Blaziken|Flare Blitz|p2a: Kleavor
|-damage|p2a: Kleavor|0 fnt
|faint|p2a: Kleavor
|-damage|p1b: Blaziken|73/100|[from] Recoil
|move|p2b: Kingambit|Kowtow Cleave|p1b: Blaziken
|-resisted|p1b: Blaziken|1
|-damage|p1b: Blaziken|18/100
|
|-ability|p1b: Blaziken|Speed Boost|boost
|-boost|p1b: Blaziken|spe|1
|upkeep
|inactive|Kyrie pokemon has 30 seconds left.
|
|t:|1784806400
|switch|p2a: Charizard|Charizard, L50, M|100/100
|turn|2
|
|t:|1784806421
|detailschange|p2a: Charizard|Charizard-Mega-Y, L50, M
|-mega|p2a: Charizard|Charizard|Charizardite Y
|-weather|SunnyDay|[from] ability: Drought|[of] p2a: Charizard
|move|p1b: Blaziken|Detect|p1b: Blaziken
|-singleturn|p1b: Blaziken|Protect
|move|p2a: Charizard|Weather Ball|p1a: Incineroar
|-resisted|p1a: Incineroar|1
|-damage|p1a: Incineroar|62/100
|move|p1a: Incineroar|Parting Shot|p2a: Charizard
|-unboost|p2a: Charizard|atk|1
|-unboost|p2a: Charizard|spa|1
|
|t:|1784806434
|switch|p1a: Sinistcha|Sinistcha, L50|100/100|[from] Parting Shot
|-heal|p1b: Blaziken|43/100|[from] ability: Hospitality|[of] p1a: Sinistcha
|move|p2b: Kingambit|Kowtow Cleave|p1a: Sinistcha
|-supereffective|p1a: Sinistcha|1
|-damage|p1a: Sinistcha|0 fnt
|faint|p1a: Sinistcha
|
|-weather|SunnyDay|[upkeep]
|-ability|p1b: Blaziken|Speed Boost|boost
|-boost|p1b: Blaziken|spe|1
|upkeep
|
|t:|1784806442
|switch|p1a: Milotic|Milotic, L50, M, shiny|100/100
|turn|3
|
|t:|1784806469
|move|p2b: Kingambit|Sucker Punch|p1b: Blaziken
|-resisted|p1b: Blaziken|1
|-damage|p1b: Blaziken|0 fnt
|faint|p1b: Blaziken
|move|p2a: Charizard|Solar Beam||[still]
|-prepare|p2a: Charizard|Solar Beam
|-anim|p2a: Charizard|Solar Beam|p1a: Milotic
|-supereffective|p1a: Milotic|1
|-damage|p1a: Milotic|52/100
|move|p1a: Milotic|Hypnosis|p2b: Kingambit|[miss]
|-miss|p1a: Milotic|p2b: Kingambit
|
|-weather|SunnyDay|[upkeep]
|-heal|p1a: Milotic|58/100|[from] item: Leftovers
|upkeep
|
|t:|1784806474
|switch|p1b: Incineroar|Incineroar, L50, F, shiny|62/100
|-ability|p1b: Incineroar|Intimidate|boost
|-unboost|p2a: Charizard|atk|1
|-unboost|p2b: Kingambit|atk|1
|-ability|p2b: Kingambit|Defiant|boost
|-boost|p2b: Kingambit|atk|2
|turn|4
|
|t:|1784806495
|switch|p2a: Ninetales|Ninetales-Alola, L50, F|100/100
|-weather|Snowscape|[from] ability: Snow Warning|[of] p2a: Ninetales
|move|p2b: Kingambit|Protect|p2b: Kingambit
|-singleturn|p2b: Kingambit|Protect
|move|p1a: Milotic|Coil|p1a: Milotic
|-boost|p1a: Milotic|atk|1
|-boost|p1a: Milotic|def|1
|-boost|p1a: Milotic|accuracy|1
|move|p1b: Incineroar|Flare Blitz|p2b: Kingambit
|-activate|p2b: Kingambit|move: Protect
|
|-weather|Snowscape|[upkeep]
|-heal|p1a: Milotic|64/100|[from] item: Leftovers
|upkeep
|turn|5
|inactive|Kyrie pokemon has 30 seconds left.
|
|t:|1784806526
|move|p2a: Ninetales|Disable|p1b: Incineroar
|-start|p1b: Incineroar|Disable|Flare Blitz
|move|p1a: Milotic|Recover|p1a: Milotic
|-heal|p1a: Milotic|100/100
|cant|p1b: Incineroar|Disable|Flare Blitz
|move|p2b: Kingambit|Kowtow Cleave|p1a: Milotic
|-damage|p1a: Milotic|28/100
|
|-weather|Snowscape|[upkeep]
|-heal|p1a: Milotic|34/100|[from] item: Leftovers
|upkeep
|turn|6
|
|t:|1784806543
|move|p2a: Ninetales|Freeze-Dry|p1a: Milotic
|-supereffective|p1a: Milotic|1
|-damage|p1a: Milotic|0 fnt
|faint|p1a: Milotic
|move|p1b: Incineroar|Parting Shot|p2a: Ninetales
|-unboost|p2a: Ninetales|atk|1
|-unboost|p2a: Ninetales|spa|1
|move|p2b: Kingambit|Kowtow Cleave|p1b: Incineroar
|-resisted|p1b: Incineroar|1
|-damage|p1b: Incineroar|6/100
|-enditem|p1b: Incineroar|Sitrus Berry|[eat]
|-heal|p1b: Incineroar|31/100|[from] item: Sitrus Berry
|
|-weather|Snowscape|[upkeep]
|upkeep
|turn|7
|
|t:|1784806563
|move|p2a: Ninetales|Blizzard|p1b: Incineroar
|-resisted|p1b: Incineroar|1
|-damage|p1b: Incineroar|20/100y
|move|p1b: Incineroar|Darkest Lariat|p2a: Ninetales
|-resisted|p2a: Ninetales|1
|-damage|p2a: Ninetales|84/100
|move|p2b: Kingambit|Kowtow Cleave|p1b: Incineroar
|-resisted|p1b: Incineroar|1
|-damage|p1b: Incineroar|0 fnt
|faint|p1b: Incineroar
|
|win|Kyrie pokemon
