|j|☆gama123
|j|☆endk649
|html|gama123endk649    
|uhtml|bestof|Game 1 of a best-of-3
|t:|1756405649
|gametype|doubles
|player|p1|gama123|170|1151
|player|p2|endk649|gambler|1197
|gen|9
|tier|[Gen 9] VGC 2025 Reg H (Bo3)
|rated|
|rule|Species Clause: Limit one of each Pokémon
|rule|Item Clause: Limit 1 of each item
|clearpoke
|poke|p1|Pelipper, L50, F|
|poke|p1|Archaludon, L50, M|
|poke|p1|Rillaboom, L50, F|
|poke|p1|Gholdengo, L50|
|poke|p1|Scizor, L50, F|
|poke|p1|Kingdra, L50, F|
|poke|p2|Feraligatr, L50, M|
|poke|p2|Gholdengo, L50|
|poke|p2|Politoed, L50, F|
|poke|p2|Amoonguss, L50, M|
|poke|p2|Rillaboom, L50, M|
|poke|p2|Incineroar, L50, F|
|teampreview|4
|showteam|p1|Pelipper||CovertCloak|Drizzle|Hurricane,WeatherBall,Protect,Tailwind|||F|||50|,,,,,Grass]Archaludon||AssaultVest|Stamina|BodyPress,DracoMeteor,ElectroShot,FlashCannon|||M|||50|,,,,,Electric]Rillaboom||MiracleSeed|GrassySurge|FakeOut,GrassyGlide,WoodHammer,KnockOff|||F|||50|,,,,,Grass]Gholdengo||WhiteHerb|GoodasGold|MakeItRain,Psychic,Protect,ShadowBall||||||50|,,,,,Dragon]Scizor||LifeOrb|Technician|BulletPunch,DualWingbeat,Pounce,Protect|||F|||50|,,,,,Flying]Kingdra||Leftovers|SwiftSwim|RainDance,WeatherBall,IceBeam,Protect|||F|||50|,,,,,Steel
|showteam|p2|Feraligatr||LifeOrb|SheerForce|Liquidation,Crunch,DragonDance,Protect|||M|||50|,,,,,Dark]Gholdengo||Leftovers|GoodasGold|MakeItRain,ShadowBall,NastyPlot,Protect||||||50|,,,,,Dragon]Politoed||SitrusBerry|Drizzle|WeatherBall,IcyWind,Haze,Protect|||F|||50|,,,,,Grass]Amoonguss||CovertCloak|Regenerator|PollenPuff,Spore,RagePowder,Protect|||M|||50|,,,,,Water]Rillaboom||AssaultVest|GrassySurge|WoodHammer,GrassyGlide,FakeOut,Uturn|||M|||50|,,,,,Fire]Incineroar||SafetyGoggles|Intimidate|KnockOff,FakeOut,Taunt,PartingShot|||F|||50|,,,,,Ghost
|
|t:|1756405688
|teamsize|p1|4
|teamsize|p2|4
|start
|switch|p1a: Archaludon|Archaludon, L50, M|100/100
|switch|p1b: Rillaboom|Rillaboom, L50, F|100/100
|switch|p2a: Incineroar|Incineroar, L50, F, shiny|100/100
|switch|p2b: Gholdengo|Gholdengo, L50|100/100
|-fieldstart|move: Grassy Terrain|[from] ability: Grassy Surge|[of] p1b: Rillaboom
|-ability|p2a: Incineroar|Intimidate|boost
|-unboost|p1a: Archaludon|atk|1
|-unboost|p1b: Rillaboom|atk|1
|turn|1
|
|t:|1756405715
|move|p2b: Gholdengo|Nasty Plot|p2b: Gholdengo
|-boost|p2b: Gholdengo|spa|2
|move|p1a: Archaludon|Body Press|p2a: Incineroar
|-supereffective|p2a: Incineroar
|-damage|p2a: Incineroar|55/100
|move|p1b: Rillaboom|Knock Off|p2b: Gholdengo
|-supereffective|p2b: Gholdengo
|-damage|p2b: Gholdengo|57/100
|-enditem|p2b: Gholdengo|Leftovers|[from] move: Knock Off|[of] p1b: Rillaboom
|move|p2a: Incineroar|Knock Off|p1a: Archaludon
|-damage|p1a: Archaludon|73/100
|-ability|p1a: Archaludon|Stamina|boost
|-boost|p1a: Archaludon|def|1
|-enditem|p1a: Archaludon|Assault Vest|[from] move: Knock Off|[of] p2a: Incineroar
|
|-heal|p2b: Gholdengo|63/100|[from] Grassy Terrain
|-heal|p1a: Archaludon|79/100|[from] Grassy Terrain
|-heal|p2a: Incineroar|61/100|[from] Grassy Terrain
|upkeep
|turn|2
|
|t:|1756405739
|move|p2b: Gholdengo|Shadow Ball|p1a: Archaludon
|-damage|p1a: Archaludon|0 fnt
|faint|p1a: Archaludon
|move|p1b: Rillaboom|Knock Off|p2b: Gholdengo
|-supereffective|p2b: Gholdengo
|-damage|p2b: Gholdengo|30/100
|move|p2a: Incineroar|Parting Shot|p1b: Rillaboom
|-unboost|p1b: Rillaboom|atk|1
|-unboost|p1b: Rillaboom|spa|1
|
|t:|1756405746
|switch|p2a: Amoonguss|Amoonguss, L50, M, shiny|100/100|[from] Parting Shot
|
|-heal|p2b: Gholdengo|36/100|[from] Grassy Terrain
|upkeep
|inactive|Battle timer is ON: inactive players will automatically lose when time's up. (requested by endk649)
|
|t:|1756405756
|switch|p1a: Gholdengo|Gholdengo, L50|100/100
|turn|3
|inactive|endk649 has 30 seconds left.
|
|t:|1756405781
|-terastallize|p1a: Gholdengo|Dragon
|-terastallize|p2b: Gholdengo|Dragon
|move|p1a: Gholdengo|Shadow Ball|p2b: Gholdengo
|-damage|p2b: Gholdengo|0 fnt
|faint|p2b: Gholdengo
|move|p1b: Rillaboom|Knock Off|p2a: Amoonguss
|-damage|p2a: Amoonguss|87/100
|-enditem|p2a: Amoonguss|Covert Cloak|[from] move: Knock Off|[of] p1b: Rillaboom
|move|p2a: Amoonguss|Pollen Puff|p2: Gholdengo|[notarget]
|-fail|p2a: Amoonguss
|
|-heal|p2a: Amoonguss|93/100|[from] Grassy Terrain
|upkeep
|
|t:|1756405791
|switch|p2b: Incineroar|Incineroar, L50, F, shiny|61/100
|-ability|p2b: Incineroar|Intimidate|boost
|-unboost|p1a: Gholdengo|atk|1
|-unboost|p1b: Rillaboom|atk|1
|-enditem|p1a: Gholdengo|White Herb
|-clearnegativeboost|p1a: Gholdengo|[silent]
|turn|4
|inactive|gama123 has 30 seconds left.
|
|t:|1756405818
|switch|p1b: Scizor|Scizor, L50, F|100/100
|move|p2b: Incineroar|Fake Out|p1a: Gholdengo
|-damage|p1a: Gholdengo|89/100
|cant|p1a: Gholdengo|flinch
|move|p2a: Amoonguss|Pollen Puff|p1b: Scizor
|-resisted|p1b: Scizor
|-damage|p1b: Scizor|90/100
|
|-heal|p1a: Gholdengo|95/100|[from] Grassy Terrain
|-heal|p2b: Incineroar|67/100|[from] Grassy Terrain
|-heal|p1b: Scizor|97/100|[from] Grassy Terrain
|-heal|p2a: Amoonguss|99/100|[from] Grassy Terrain
|upkeep
|turn|5
|
|t:|1756405837
|move|p2a: Amoonguss|Protect|p2a: Amoonguss
|-singleturn|p2a: Amoonguss|Protect
|move|p1a: Gholdengo|Psychic|p2a: Amoonguss
|-activate|p2a: Amoonguss|move: Protect
|move|p2b: Incineroar|Parting Shot|p1b: Scizor
|-unboost|p1b: Scizor|atk|1
|-unboost|p1b: Scizor|spa|1
|
|t:|1756405842
|switch|p2b: Rillaboom|Rillaboom, L50, M, shiny|100/100|[from] Parting Shot
|move|p1b: Scizor|Dual Wingbeat|p2a: Amoonguss
|-activate|p2a: Amoonguss|move: Protect
|
|-heal|p1a: Gholdengo|100/100|[from] Grassy Terrain
|-heal|p1b: Scizor|100/100|[from] Grassy Terrain
|-heal|p2a: Amoonguss|100/100|[from] Grassy Terrain
|-fieldend|move: Grassy Terrain
|upkeep
|turn|6
|
|t:|1756405854
|switch|p1b: Rillaboom|Rillaboom, L50, F|100/100
|-fieldstart|move: Grassy Terrain|[from] ability: Grassy Surge|[of] p1b: Rillaboom
|move|p1a: Gholdengo|Make It Rain|p2a: Amoonguss|[spread] p2a,p2b
|-damage|p2a: Amoonguss|63/100
|-damage|p2b: Rillaboom|70/100
|-unboost|p1a: Gholdengo|spa|1
|move|p2b: Rillaboom|Wood Hammer|p1a: Gholdengo
|-resisted|p1a: Gholdengo
|-damage|p1a: Gholdengo|61/100
|-damage|p2b: Rillaboom|60/100|[from] Recoil
|move|p2a: Amoonguss|Spore|p1b: Rillaboom
|-immune|p1b: Rillaboom
|
|-heal|p1a: Gholdengo|67/100|[from] Grassy Terrain
|-heal|p2b: Rillaboom|66/100|[from] Grassy Terrain
|-heal|p2a: Amoonguss|69/100|[from] Grassy Terrain
|upkeep
|turn|7
|
|t:|1756405876
|switch|p1a: Scizor|Scizor, L50, F|100/100
|move|p2b: Rillaboom|Wood Hammer|p1a: Scizor
|-resisted|p1a: Scizor
|-damage|p1a: Scizor|79/100
|-damage|p2b: Rillaboom|60/100|[from] Recoil
|move|p1b: Rillaboom|Knock Off|p2b: Rillaboom
|-damage|p2b: Rillaboom|29/100
|-enditem|p2b: Rillaboom|Assault Vest|[from] move: Knock Off|[of] p1b: Rillaboom
|move|p2a: Amoonguss|Pollen Puff|p2b: Rillaboom
|-heal|p2b: Rillaboom|79/100
|
|-heal|p2b: Rillaboom|85/100|[from] Grassy Terrain
|-heal|p1a: Scizor|85/100|[from] Grassy Terrain
|-heal|p2a: Amoonguss|75/100|[from] Grassy Terrain
|upkeep
|turn|8
|
|t:|1756405897
|move|p2b: Rillaboom|U-turn|p1b: Rillaboom
|-supereffective|p1b: Rillaboom
|-damage|p1b: Rillaboom|56/100
|
|t:|1756405900
|switch|p2b: Incineroar|Incineroar, L50, F, shiny|67/100|[from] U-turn
|-ability|p2b: Incineroar|Intimidate|boost
|-unboost|p1a: Scizor|atk|1
|-unboost|p1b: Rillaboom|atk|1
|move|p1b: Rillaboom|Knock Off|p2b: Incineroar
|-resisted|p2b: Incineroar
|-damage|p2b: Incineroar|57/100
|-enditem|p2b: Incineroar|Safety Goggles|[from] move: Knock Off|[of] p1b: Rillaboom
|move|p1a: Scizor|Dual Wingbeat|p2b: Incineroar
|-damage|p2b: Incineroar|38/100
|-damage|p2b: Incineroar|20/100
|-hitcount|p2b: Incineroar|2
|-damage|p1a: Scizor|75/100|[from] item: Life Orb
|move|p2a: Amoonguss|Spore|p1a: Scizor
|-status|p1a: Scizor|slp|[from] move: Spore
|
|-heal|p1b: Rillaboom|62/100|[from] Grassy Terrain
|-heal|p2b: Incineroar|26/100|[from] Grassy Terrain
|-heal|p1a: Scizor|82/100 slp|[from] Grassy Terrain
|-heal|p2a: Amoonguss|81/100|[from] Grassy Terrain
|upkeep
|turn|9
|
|t:|1756405923
|switch|p1b: Gholdengo|Gholdengo, L50, tera:Dragon|67/100
|move|p2b: Incineroar|Fake Out|p1b: Gholdengo
|-damage|p1b: Gholdengo|55/100
|cant|p1a: Scizor|slp
|move|p2a: Amoonguss|Pollen Puff|p2b: Incineroar
|-heal|p2b: Incineroar|76/100
|
|-heal|p1b: Gholdengo|61/100|[from] Grassy Terrain
|-heal|p2b: Incineroar|82/100|[from] Grassy Terrain
|-heal|p1a: Scizor|88/100 slp|[from] Grassy Terrain
|-heal|p2a: Amoonguss|87/100|[from] Grassy Terrain
|upkeep
|turn|10
|
|t:|1756405947
|move|p2a: Amoonguss|Protect|p2a: Amoonguss
|-singleturn|p2a: Amoonguss|Protect
|move|p1b: Gholdengo|Psychic|p2a: Amoonguss
|-activate|p2a: Amoonguss|move: Protect
|move|p2b: Incineroar|Knock Off|p1a: Scizor
|-damage|p1a: Scizor|43/100 slp
|-enditem|p1a: Scizor|Life Orb|[from] move: Knock Off|[of] p2b: Incineroar
|cant|p1a: Scizor|slp
|
|-heal|p1b: Gholdengo|67/100|[from] Grassy Terrain
|-heal|p2b: Incineroar|88/100|[from] Grassy Terrain
|-heal|p1a: Scizor|49/100 slp|[from] Grassy Terrain
|-heal|p2a: Amoonguss|93/100|[from] Grassy Terrain
|-fieldend|move: Grassy Terrain
|upkeep
|turn|11
|
|t:|1756405963
|switch|p1a: Rillaboom|Rillaboom, L50, F|62/100
|-fieldstart|move: Grassy Terrain|[from] ability: Grassy Surge|[of] p1a: Rillaboom
|switch|p2a: Rillaboom|Rillaboom, L50, M, shiny|85/100
|move|p1b: Gholdengo|Psychic|p2a: Rillaboom
|-damage|p2a: Rillaboom|54/100
|move|p2b: Incineroar|Parting Shot|p1a: Rillaboom
|-unboost|p1a: Rillaboom|atk|1
|-unboost|p1a: Rillaboom|spa|1
|
|t:|1756405974
|switch|p2b: Amoonguss|Amoonguss, L50, M, shiny|100/100|[from] Parting Shot
|
|-heal|p1b: Gholdengo|74/100|[from] Grassy Terrain
|-heal|p2a: Rillaboom|59/100|[from] Grassy Terrain
|-heal|p1a: Rillaboom|68/100|[from] Grassy Terrain
|upkeep
|turn|12
|
|t:|1756405987
|move|p2a: Rillaboom|Fake Out|p1b: Gholdengo
|-damage|p1b: Gholdengo|59/100
|cant|p1b: Gholdengo|flinch
|move|p1a: Rillaboom|Knock Off|p2a: Rillaboom
|-damage|p2a: Rillaboom|46/100
|move|p2b: Amoonguss|Pollen Puff|p2a: Rillaboom
|-heal|p2a: Rillaboom|96/100
|
|-heal|p1b: Gholdengo|65/100|[from] Grassy Terrain
|-heal|p2a: Rillaboom|100/100|[from] Grassy Terrain
|-heal|p1a: Rillaboom|75/100|[from] Grassy Terrain
|upkeep
|turn|13
|
|t:|1756406006
|move|p1b: Gholdengo|Make It Rain|p2b: Amoonguss|[spread] p2a,p2b
|-damage|p2a: Rillaboom|57/100
|-damage|p2b: Amoonguss|63/100
|-unboost|p1b: Gholdengo|spa|1
|move|p2a: Rillaboom|Wood Hammer|p1b: Gholdengo
|-resisted|p1b: Gholdengo
|-damage|p1b: Gholdengo|24/100
|-damage|p2a: Rillaboom|46/100|[from] Recoil
|move|p1a: Rillaboom|Knock Off|p2a: Rillaboom
|-damage|p2a: Rillaboom|32/100
|move|p2b: Amoonguss|Pollen Puff|p1b: Gholdengo
|-damage|p1b: Gholdengo|7/100
|
|-heal|p1b: Gholdengo|13/100|[from] Grassy Terrain
|-heal|p2a: Rillaboom|38/100|[from] Grassy Terrain
|-heal|p1a: Rillaboom|81/100|[from] Grassy Terrain
|-heal|p2b: Amoonguss|69/100|[from] Grassy Terrain
|upkeep
|turn|14
|
|t:|1756406031
|move|p2a: Rillaboom|Grassy Glide|p1b: Gholdengo
|-resisted|p1b: Gholdengo
|-damage|p1b: Gholdengo|0 fnt
|faint|p1b: Gholdengo
|move|p1a: Rillaboom|Knock Off|p2a: Rillaboom
|-crit|p2a: Rillaboom
|-damage|p2a: Rillaboom|7/100
|move|p2b: Amoonguss|Pollen Puff|p2a: Rillaboom
|-heal|p2a: Rillaboom|57/100
|
|-heal|p2a: Rillaboom|63/100|[from] Grassy Terrain
|-heal|p1a: Rillaboom|87/100|[from] Grassy Terrain
|-heal|p2b: Amoonguss|75/100|[from] Grassy Terrain
|upkeep
|
|t:|1756406043
|switch|p1b: Scizor|Scizor, L50, F|49/100 slp
|turn|15
|
|t:|1756406058
|move|p2a: Rillaboom|U-turn|p1a: Rillaboom
|-supereffective|p1a: Rillaboom
|-damage|p1a: Rillaboom|39/100
|
|t:|1756406061
|switch|p2a: Incineroar|Incineroar, L50, F, shiny|88/100|[from] U-turn
|-ability|p2a: Incineroar|Intimidate|boost
|-unboost|p1a: Rillaboom|atk|1
|-unboost|p1b: Scizor|atk|1
|move|p1a: Rillaboom|Knock Off|p2b: Amoonguss
|-damage|p2b: Amoonguss|66/100
|-curestatus|p1b: Scizor|slp|[msg]
|move|p1b: Scizor|Dual Wingbeat|p2b: Amoonguss
|-supereffective|p2b: Amoonguss
|-damage|p2b: Amoonguss|41/100
|-supereffective|p2b: Amoonguss
|-damage|p2b: Amoonguss|17/100
|-hitcount|p2b: Amoonguss|2
|move|p2b: Amoonguss|Pollen Puff|p2a: Incineroar
|-heal|p2a: Incineroar|100/100
|
|-heal|p1a: Rillaboom|45/100|[from] Grassy Terrain
|-heal|p1b: Scizor|55/100|[from] Grassy Terrain
|-heal|p2b: Amoonguss|23/100|[from] Grassy Terrain
|-fieldend|move: Grassy Terrain
|upkeep
|turn|16
|-message|gama123 forfeited.
|
|win|endk649
|l|☆gama123
|player|p1|
