|j|☆farruktvgc
|j|☆Sificon~
|html|farruktvgcSificon~    
|uhtml|bestof|Game 3 of a best-of-3
|t:|1784147966
|gametype|doubles
|player|p1|farruktvgc|benga|
|player|p2|Sificon~|#sificon2|
|gen|9
|tier|[Gen 9 Champions] VGC 2026 Reg M-B (Bo3)
|rule|Species Clause: Limit one of each Pokémon
|rule|Item Clause: Limit 1 of each item
|clearpoke
|poke|p1|Venusaur, L50, F|
|poke|p1|Grimmsnarl, L50, M|
|poke|p1|Pelipper, L50, M|
|poke|p1|Archaludon, L50, M|
|poke|p1|Charizard, L50, M|
|poke|p1|Basculegion, L50, M|
|poke|p2|Golurk, L50|
|poke|p2|Sylveon, L50, M|
|poke|p2|Incineroar, L50, M|
|poke|p2|Farigiraf, L50, F|
|poke|p2|Sneasler, L50, M|
|poke|p2|Torkoal, L50, F|
|teampreview|4
|showteam|p1|Venusaur||FocusSash|Chlorophyll|SludgeBomb,EarthPower,SleepPowder,Protect|Modest||F|||50|]Grimmsnarl||LightClay|Prankster|SpiritBreak,Reflect,LightScreen,PartingShot|Careful||M|||50|]Pelipper||SitrusBerry|Drizzle|Hurricane,WeatherBall,Tailwind,WideGuard|Modest||M|||50|]Archaludon||Leftovers|Stamina|DragonPulse,FlashCannon,ElectroShot,Protect|Modest||M|||50|]Charizard||CharizarditeY|Blaze|HeatWave,SolarBeam,WeatherBall,Protect|Modest||M|||50|]Basculegion||ChoiceScarf|Adaptability|WaveCrash,FlipTurn,LastRespects,AquaJet|Jolly||M|||50|
|showteam|p2|Golurk||Golurkite|NoGuard|HeadlongRush,Protect,IcePunch,Poltergeist|Brave|||||50|]Sylveon||FairyFeather|Pixilate|HyperVoice,Detect,CalmMind,HyperBeam|Quiet||M|||50|]Incineroar||SitrusBerry|Intimidate|FlareBlitz,PartingShot,FakeOut,DarkestLariat|Adamant||M|||50|]Farigiraf||ColburBerry|ArmorTail|PsychicNoise,HelpingHand,Thunderbolt,TrickRoom|Quiet||F|||50|]Sneasler||FocusSash|Unburden|CloseCombat,PoisonJab,RockSlide,FakeOut|Adamant||M|||50|]Torkoal||Charcoal|Drought|Eruption,WeatherBall,HeatWave,Protect|Quiet||F|||50|
|inactive|Battle timer is ON: inactive players will automatically lose when time's up. (requested by Sificon~)
|
|t:|1784147992
|teamsize|p1|4
|teamsize|p2|4
|start
|switch|p1a: Archaludon|Archaludon, L50, M|100/100
|switch|p1b: Basculegion|Basculegion, L50, M|100/100
|switch|p2a: Sneasler|Sneasler, L50, M|100/100
|switch|p2b: Farigiraf|Farigiraf, L50, F|100/100
|turn|1
|inactive|farruktvgc has 30 seconds left.
|inactive|Sificon~ has 30 seconds left.
|
|t:|1784148017
|switch|p2a: Sylveon|Sylveon, L50, M|100/100
|move|p1a: Archaludon|Protect|p1a: Archaludon
|-singleturn|p1a: Archaludon|Protect
|move|p1b: Basculegion|Wave Crash|p2a: Sylveon
|-damage|p2a: Sylveon|25/100
|-damage|p1b: Basculegion|76/100|[from] Recoil
|move|p2b: Farigiraf|Trick Room|p2b: Farigiraf
|-fieldstart|move: Trick Room|[of] p2b: Farigiraf
|
|upkeep
|turn|2
|
|t:|1784148039
|switch|p2b: Golurk|Golurk, L50|100/100
|switch|p1a: Charizard|Charizard, L50, M|100/100
|move|p2a: Sylveon|Hyper Beam|p1a: Charizard|[miss]
|-miss|p2a: Sylveon|p1a: Charizard
|move|p1b: Basculegion|Wave Crash|p2a: Sylveon
|-damage|p2a: Sylveon|0 fnt
|faint|p2a: Sylveon
|-damage|p1b: Basculegion|68/100|[from] Recoil
|
|upkeep
|
|t:|1784148047
|switch|p2a: Farigiraf|Farigiraf, L50, F|100/100
|turn|3
|
|t:|1784148061
|switch|p1b: Pelipper|Pelipper, L50, M|100/100
|-weather|RainDance|[from] ability: Drizzle|[of] p1b: Pelipper
|detailschange|p2b: Golurk|Golurk-Mega, L50
|-mega|p2b: Golurk|Golurk|Golurkite
|detailschange|p1a: Charizard|Charizard-Mega-Y, L50, M
|-mega|p1a: Charizard|Charizard|Charizardite Y
|-weather|SunnyDay|[from] ability: Drought|[of] p1a: Charizard
|move|p2b: Golurk|Poltergeist|p1b: Pelipper
|-activate|p1b: Pelipper|move: Poltergeist|Sitrus Berry
|-damage|p1b: Pelipper|18/100
|-enditem|p1b: Pelipper|Sitrus Berry|[eat]
|-heal|p1b: Pelipper|43/100|[from] item: Sitrus Berry
|move|p2a: Farigiraf|Thunderbolt|p1a: Charizard
|-supereffective|p1a: Charizard|1
|-damage|p1a: Charizard|54/100
|move|p1a: Charizard|Weather Ball|p2b: Golurk
|-damage|p2b: Golurk|25/100
|
|-weather|SunnyDay|[upkeep]
|upkeep
|turn|4
|inactive|farruktvgc has 30 seconds left.
|
|t:|1784148094
|switch|p1b: Archaludon|Archaludon, L50, M|100/100
|move|p2b: Golurk|Poltergeist|p1a: Charizard
|-activate|p1a: Charizard|move: Poltergeist|Charizardite Y
|-damage|p1a: Charizard|0 fnt
|faint|p1a: Charizard
|move|p2a: Farigiraf|Thunderbolt|p1b: Archaludon
|-resisted|p1b: Archaludon|1
|-damage|p1b: Archaludon|87/100
|-ability|p1b: Archaludon|Stamina|boost
|-boost|p1b: Archaludon|def|1
|
|-weather|SunnyDay|[upkeep]
|-heal|p1b: Archaludon|93/100|[from] item: Leftovers
|upkeep
|
|t:|1784148110
|switch|p1a: Pelipper|Pelipper, L50, M|43/100
|-weather|RainDance|[from] ability: Drizzle|[of] p1a: Pelipper
|turn|5
|
|t:|1784148125
|switch|p1a: Basculegion|Basculegion, L50, M|68/100
|move|p1b: Archaludon|Protect|p1b: Archaludon
|-singleturn|p1b: Archaludon|Protect
|move|p2b: Golurk|Headlong Rush|p1b: Archaludon
|-supereffective|p1b: Archaludon|1
|-ability|p2b: Golurk|Unseen Fist
|-zbroken|p1b: Archaludon
|-damage|p1b: Archaludon|76/100
|-unboost|p2b: Golurk|def|1
|-unboost|p2b: Golurk|spd|1
|-ability|p1b: Archaludon|Stamina|boost
|-boost|p1b: Archaludon|def|1
|move|p2a: Farigiraf|Thunderbolt|p1a: Basculegion
|-supereffective|p1a: Basculegion|1
|-damage|p1a: Basculegion|10/100
|
|-weather|RainDance|[upkeep]
|-heal|p1b: Archaludon|82/100|[from] item: Leftovers
|-fieldend|move: Trick Room
|upkeep
|turn|6
|
|t:|1784148149
|move|p1a: Basculegion|Flip Turn|p2a: Farigiraf
|-damage|p2a: Farigiraf|46/100
|
|t:|1784148152
|switch|p1a: Pelipper|Pelipper, L50, M|43/100|[from] Flip Turn
|move|p1b: Archaludon|Electro Shot||[still]
|-prepare|p1b: Archaludon|Electro Shot
|-boost|p1b: Archaludon|spa|1
|-anim|p1b: Archaludon|Electro Shot|p2a: Farigiraf
|-crit|p2a: Farigiraf
|-damage|p2a: Farigiraf|0 fnt
|faint|p2a: Farigiraf
|move|p2b: Golurk|Headlong Rush|p1b: Archaludon
|-supereffective|p1b: Archaludon|1
|-damage|p1b: Archaludon|27/100
|-unboost|p2b: Golurk|def|1
|-unboost|p2b: Golurk|spd|1
|-ability|p1b: Archaludon|Stamina|boost
|-boost|p1b: Archaludon|def|1
|
|-weather|RainDance|[upkeep]
|-heal|p1b: Archaludon|34/100|[from] item: Leftovers
|upkeep
|
|t:|1784148160
|switch|p2a: Sneasler|Sneasler, L50, M|100/100
|turn|7
|
|t:|1784148168
|move|p1b: Archaludon|Protect|p1b: Archaludon
|-singleturn|p1b: Archaludon|Protect
|move|p2a: Sneasler|Rock Slide|p1b: Archaludon|[spread] p1a
|-activate|p1b: Archaludon|move: Protect
|-supereffective|p1a: Pelipper|1
|-damage|p1a: Pelipper|0 fnt
|faint|p1a: Pelipper
|move|p2b: Golurk|Headlong Rush|p1b: Archaludon
|-supereffective|p1b: Archaludon|1
|-ability|p2b: Golurk|Unseen Fist
|-zbroken|p1b: Archaludon
|-damage|p1b: Archaludon|23/100
|-unboost|p2b: Golurk|def|1
|-unboost|p2b: Golurk|spd|1
|-ability|p1b: Archaludon|Stamina|boost
|-boost|p1b: Archaludon|def|1
|
|-weather|RainDance|[upkeep]
|-heal|p1b: Archaludon|29/100|[from] item: Leftovers
|upkeep
|
|t:|1784148176
|switch|p1a: Basculegion|Basculegion, L50, M|10/100
|turn|8
|
|t:|1784148199
|move|p1b: Archaludon|Protect|p1b: Archaludon
|-singleturn|p1b: Archaludon|Protect
|move|p1a: Basculegion|Last Respects|p2b: Golurk
|-supereffective|p2b: Golurk|1
|-damage|p2b: Golurk|0 fnt
|faint|p2b: Golurk
|move|p2a: Sneasler|Rock Slide|p1b: Archaludon|[spread] p1a
|-activate|p1b: Archaludon|move: Protect
|-damage|p1a: Basculegion|0 fnt
|faint|p1a: Basculegion
|
|-weather|RainDance|[upkeep]
|-heal|p1b: Archaludon|35/100|[from] item: Leftovers
|upkeep
|turn|9
|
|t:|1784148215
|move|p2a: Sneasler|Close Combat|p1b: Archaludon
|-supereffective|p1b: Archaludon|1
|-damage|p1b: Archaludon|1/100
|-unboost|p2a: Sneasler|def|1
|-unboost|p2a: Sneasler|spd|1
|-ability|p1b: Archaludon|Stamina|boost
|-boost|p1b: Archaludon|def|1
|move|p1b: Archaludon|Electro Shot||[still]
|-prepare|p1b: Archaludon|Electro Shot
|-boost|p1b: Archaludon|spa|1
|-anim|p1b: Archaludon|Electro Shot|p2a: Sneasler
|-enditem|p2a: Sneasler|Focus Sash
|-damage|p2a: Sneasler|1/100
|
|-weather|none
|-heal|p1b: Archaludon|7/100|[from] item: Leftovers
|upkeep
|turn|10
|
|t:|1784148232
|move|p1b: Archaludon|Protect|p1b: Archaludon
|-singleturn|p1b: Archaludon|Protect
|move|p2a: Sneasler|Close Combat|p1b: Archaludon
|-activate|p1b: Archaludon|move: Protect
|
|-heal|p1b: Archaludon|13/100|[from] item: Leftovers
|upkeep
|turn|11
|
|t:|1784148240
|move|p2a: Sneasler|Close Combat|p1b: Archaludon
|-supereffective|p1b: Archaludon|1
|-damage|p1b: Archaludon|0 fnt
|-unboost|p2a: Sneasler|def|1
|-unboost|p2a: Sneasler|spd|1
|faint|p1b: Archaludon
|
|win|Sificon~
|c|☆Sificon~|ggs
|c|☆farruktvgc|Ggs
|c|☆farruktvgc|Ladsch du ufe
