|j|☆Drunk express
|j|‽informtech
|html|Drunk expressinformtech    
|uhtml|bestof|Game 1 of a best-of-3
|t:|1783013590
|gametype|doubles
|player|p1|Drunk express|266|1104
|player|p2|informtech|170|1132
|gen|9
|tier|[Gen 9 Champions] VGC 2026 Reg M-B (Bo3)
|rated|
|rule|Species Clause: Limit one of each Pokémon
|rule|Item Clause: Limit 1 of each item
|clearpoke
|poke|p1|Slowking-Galar, L50, F|
|poke|p1|Pelipper, L50, M|
|poke|p1|Raichu, L50, M|
|poke|p1|Archaludon, L50, F|
|poke|p1|Dragonite, L50, M|
|poke|p1|Orthworm, L50, M|
|poke|p2|Staraptor, L50, M|
|poke|p2|Whimsicott, L50, M|
|poke|p2|Basculegion, L50, M|
|poke|p2|Garchomp, L50, M|
|poke|p2|Charizard, L50, M|
|poke|p2|Kingambit, L50, M|
|teampreview|4
|showteam|p1|Slowking-Galar||SitrusBerry|CuriousMedicine|SkillSwap,SludgeBomb,TrickRoom,EerieSpell|Modest||F|||50|]Pelipper||FocusSash|Drizzle|Tailwind,Hurricane,WeatherBall,WideGuard|Modest||M|||50|]Raichu||RaichuniteY|LightningRod|FakeOut,FocusBlast,ZapCannon,VoltSwitch|Timid||M|||50|]Archaludon||ShucaBerry|Stalwart|ElectroShot,DracoMeteor,Reflect,FlashCannon|Modest||F|||50|]Dragonite||Dragoninite|InnerFocus|Tailwind,ThunderPunch,DragonClaw,RockSlide|Adamant||M|||50|]Orthworm||ChopleBerry|EarthEater|IronDefense,BodyPress,ShedTail,Protect|Careful||M|||50|
|showteam|p2|Staraptor||Staraptite|Intimidate|CloseCombat,DualWingbeat,Protect,Roost|Adamant||M|||50|]Whimsicott||FocusSash|Prankster|Tailwind,TrickRoom,Moonblast,Tickle|Quiet||M|||50|]Basculegion||LifeOrb|Adaptability|LastRespects,Protect,AquaJet,WaveCrash|Jolly||M|||50|]Garchomp||ExpertBelt|RoughSkin|DragonClaw,RockTomb,Earthquake,Protect|Adamant||M|||50|]Charizard||CharizarditeY|SolarPower|HeatWave,AirSlash,SolarBeam,Protect|Modest||M|||50|]Kingambit||BlackGlasses|Defiant|KowtowCleave,SuckerPunch,Protect,IronHead|Adamant||M|||50|
|inactive|Battle timer is ON: inactive players will automatically lose when time's up. (requested by informtech)
|
|t:|1783013655
|teamsize|p1|4
|teamsize|p2|4
|start
|switch|p1a: Raichu|Raichu, L50, M|100/100
|switch|p1b: Pelipper|Pelipper, L50, M|100/100
|switch|p2a: Whimsicott|Whimsicott, L50, M|100/100
|switch|p2b: Charizard|Charizard, L50, M|100/100
|-weather|RainDance|[from] ability: Drizzle|[of] p1b: Pelipper
|turn|1
|
|t:|1783013670
|detailschange|p2b: Charizard|Charizard-Mega-Y, L50, M
|-mega|p2b: Charizard|Charizard|Charizardite Y
|-weather|SunnyDay|[from] ability: Drought|[of] p2b: Charizard
|move|p1a: Raichu|Fake Out|p2a: Whimsicott
|-damage|p2a: Whimsicott|90/100
|cant|p2a: Whimsicott|flinch
|move|p2b: Charizard|Heat Wave|p1a: Raichu|[spread] p1a,p1b
|-resisted|p1b: Pelipper|1
|-crit|p1b: Pelipper
|-damage|p1a: Raichu|0 fnt
|-damage|p1b: Pelipper|23/100
|faint|p1a: Raichu
|move|p1b: Pelipper|Tailwind|p1b: Pelipper
|-sidestart|p1: Drunk express|move: Tailwind
|
|-weather|SunnyDay|[upkeep]
|upkeep
|
|t:|1783013676
|switch|p1a: Dragonite|Dragonite, L50, M|100/100
|turn|2
|
|t:|1783013688
|move|p2a: Whimsicott|Tailwind|p2a: Whimsicott
|-sidestart|p2: informtech|move: Tailwind
|move|p2b: Charizard|Heat Wave|p1a: Dragonite|[spread] p1a,p1b
|-resisted|p1a: Dragonite|1
|-resisted|p1b: Pelipper|1
|-damage|p1a: Dragonite|66/100
|-damage|p1b: Pelipper|0 fnt
|faint|p1b: Pelipper
|move|p1a: Dragonite|Rock Slide|p2a: Whimsicott|[spread] p2a,p2b
|-supereffective|p2b: Charizard|2
|-damage|p2a: Whimsicott|64/100
|-damage|p2b: Charizard|2/100
|
|-weather|SunnyDay|[upkeep]
|upkeep
|
|t:|1783013697
|switch|p1b: Orthworm|Orthworm, L50, M|100/100
|turn|3
|
|t:|1783013706
|detailschange|p1a: Dragonite|Dragonite-Mega, L50, M
|-mega|p1a: Dragonite|Dragonite|Dragoninite
|move|p1b: Orthworm|Protect|p1b: Orthworm
|-singleturn|p1b: Orthworm|Protect
|move|p2a: Whimsicott|Moonblast|p1a: Dragonite
|-supereffective|p1a: Dragonite|1
|-damage|p1a: Dragonite|4/100
|move|p1a: Dragonite|Rock Slide|p2a: Whimsicott|[spread] p2a,p2b
|-supereffective|p2b: Charizard|2
|-damage|p2a: Whimsicott|37/100
|-damage|p2b: Charizard|0 fnt
|faint|p2b: Charizard
|
|-weather|SunnyDay|[upkeep]
|upkeep
|
|t:|1783013719
|switch|p2b: Basculegion|Basculegion, L50, M|100/100
|turn|4
|
|t:|1783013739
|move|p2a: Whimsicott|Tickle|p1b: Orthworm
|-unboost|p1b: Orthworm|atk|1
|-unboost|p1b: Orthworm|def|1
|move|p2b: Basculegion|Aqua Jet|p1a: Dragonite
|-resisted|p1a: Dragonite|1
|-damage|p1a: Dragonite|0 fnt
|faint|p1a: Dragonite
|-damage|p2b: Basculegion|90/100|[from] item: Life Orb
|move|p1b: Orthworm|Iron Defense|p1b: Orthworm
|-boost|p1b: Orthworm|def|2
|
|-weather|SunnyDay|[upkeep]
|-sideend|p1: Drunk express|move: Tailwind
|upkeep
|turn|5
|-message|Drunk express forfeited.
|
|win|informtech
|l|☆Drunk express
|player|p1|
||Drunk express is ready for game 2.
||informtech is ready for game 2.
|uhtml|next|Next: Game 2 of 3
