|j|☆altario8211
|j|☆E1G5
|html|altario8211E1G5    
|uhtml|bestof|Game 1 of a best-of-3
|t:|1756541304
|gametype|doubles
|player|p1|altario8211|hugh|1040
|player|p2|E1G5|schoolkid-gen4dp|1000
|gen|9
|tier|[Gen 9] VGC 2025 Reg H (Bo3)
|rated|
|rule|Species Clause: Limit one of each Pokémon
|rule|Item Clause: Limit 1 of each item
|clearpoke
|poke|p1|Rillaboom, L50, M|
|poke|p1|Incineroar, L50, M|
|poke|p1|Ninetales-Alola, L50, M|
|poke|p1|Electabuzz, L50, M|
|poke|p1|Annihilape, L50, M|
|poke|p1|Archaludon, L50, F|
|poke|p2|Indeedee-F, L50, F|
|poke|p2|Hatterene, L50, F|
|poke|p2|Gallade, L50, M|
|poke|p2|Ursaluna, L50, M|
|poke|p2|Lilligant-Hisui, L50, F|
|poke|p2|Torkoal, L50, M|
|teampreview|4
|showteam|p1|Rillaboom||AssaultVest|GrassySurge|FakeOut,Uturn,WoodHammer,GrassyGlide|||M|||50|,,,,,Fire]Incineroar||SafetyGoggles|Intimidate|FakeOut,KnockOff,PartingShot,FlareBlitz|||M|||50|,,,,,Ghost]Ninetales-Alola||CovertCloak|SnowWarning|Blizzard,IcyWind,Encore,AuroraVeil|||M|||50|,,,,,Water]Electabuzz||Eviolite|VitalSpirit|FollowMe,Taunt,Electroweb,Protect|||M|||50|,,,,,Ghost]Annihilape||Leftovers|Defiant|RageFist,DrainPunch,Protect,BulkUp|||M|||50|,,,,,Fire]Archaludon||PowerHerb|Sturdy|ElectroShot,Protect,DracoMeteor,FlashCannon|||F|||50|,,,,,Stellar
|showteam|p2|Indeedee-F||PsychicSeed|PsychicSurge|TrickRoom,FollowMe,HelpingHand,DazzlingGleam|||F|||50|,,,,,Fire]Hatterene||LifeOrb|MagicBounce|ExpandingForce,TrickRoom,DazzlingGleam,Protect|||F|||50|,,,,,Psychic]Gallade||ClearAmulet|Sharpness|PsychoCut,TrickRoom,SacredSword,WideGuard|||M|||50|,,,,,Grass]Ursaluna||FlameOrb|Guts|HeadlongRush,Facade,SwordsDance,Protect|||M|||50|,,,,,Ghost]Lilligant-Hisui||FocusSash|Chlorophyll|SolarBlade,SleepPowder,CloseCombat,AfterYou|||F|||50|,,,,,Ghost]Torkoal||ChoiceSpecs|Drought|Eruption,HeatWave,WeatherBall,EarthPower|||M|||50|,,,,,Fire
|inactive|Battle timer is ON: inactive players will automatically lose when time's up. (requested by altario8211)
|inactive|altario8211 has 60 seconds left.
|
|t:|1756541336
|teamsize|p1|4
|teamsize|p2|4
|start
|switch|p1a: Electabuzz|Electabuzz, L50, M|100/100
|switch|p1b: Incineroar|Incineroar, L50, M|100/100
|switch|p2a: 紫竽超可愛|Indeedee-F, L50, F, shiny|100/100
|switch|p2b: 紫竽敲可愛|Hatterene, L50, F, shiny|100/100
|-ability|p1b: Incineroar|Intimidate|boost
|-unboost|p2a: 紫竽超可愛|atk|1
|-unboost|p2b: 紫竽敲可愛|atk|1
|-fieldstart|move: Psychic Terrain|[from] ability: Psychic Surge|[of] p2a: 紫竽超可愛
|-enditem|p2a: 紫竽超可愛|Psychic Seed
|-boost|p2a: 紫竽超可愛|spd|1|[from] item: Psychic Seed
|turn|1
|inactive|altario8211 has 30 seconds left.
|
|t:|1756541367
|switch|p1a: Rillaboom|Rillaboom, L50, M|100/100
|-fieldstart|move: Grassy Terrain|[from] ability: Grassy Surge|[of] p1a: Rillaboom
|switch|p2a: 一拳月月熊|Ursaluna, L50, M, shiny|100/100
|move|p1b: Incineroar|Fake Out|p2b: 紫竽敲可愛
|-damage|p2b: 紫竽敲可愛|88/100
|cant|p2b: 紫竽敲可愛|flinch
|
|-heal|p2b: 紫竽敲可愛|94/100|[from] Grassy Terrain
|-status|p2a: 一拳月月熊|brn|[from] item: Flame Orb
|upkeep
|turn|2
|
|t:|1756541382
|switch|p2a: 紫竽超可愛|Indeedee-F, L50, F, shiny|100/100
|-fieldstart|move: Psychic Terrain|[from] ability: Psychic Surge|[of] p2a: 紫竽超可愛
|move|p1a: Rillaboom|Wood Hammer|p2a: 紫竽超可愛
|-damage|p2a: 紫竽超可愛|41/100
|-damage|p1a: Rillaboom|81/100|[from] Recoil
|move|p1b: Incineroar|Parting Shot|p2b: 紫竽敲可愛
|move|p2b: 紫竽敲可愛|Parting Shot|p1b: Incineroar|[from] ability: Magic Bounce
|-unboost|p1b: Incineroar|atk|1
|-unboost|p1b: Incineroar|spa|1
|
|t:|1756541395
|switch|p2b: 太樂巴戈斯|Torkoal, L50, M, shiny|100/100|[from] Parting Shot
|-weather|SunnyDay|[from] ability: Drought|[of] p2b: 太樂巴戈斯
|
|-weather|SunnyDay|[upkeep]
|upkeep
|turn|3
|
|t:|1756541412
|-terastallize|p1a: Rillaboom|Fire
|-terastallize|p2a: 紫竽超可愛|Fire
|move|p2a: 紫竽超可愛|Follow Me|p2a: 紫竽超可愛
|-singleturn|p2a: 紫竽超可愛|move: Follow Me
|move|p1a: Rillaboom|Wood Hammer|p2a: 紫竽超可愛
|-resisted|p2a: 紫竽超可愛
|-damage|p2a: 紫竽超可愛|9/100
|-damage|p1a: Rillaboom|70/100|[from] Recoil
|move|p1b: Incineroar|Parting Shot|p2a: 紫竽超可愛
|-unboost|p2a: 紫竽超可愛|atk|1
|-unboost|p2a: 紫竽超可愛|spa|1
|
|t:|1756541422
|switch|p1b: Electabuzz|Electabuzz, L50, M|100/100|[from] Parting Shot
|move|p2b: 太樂巴戈斯|Eruption|p1b: Electabuzz|[spread] p1a,p1b
|-resisted|p1a: Rillaboom
|-damage|p1a: Rillaboom|25/100
|-damage|p1b: Electabuzz|10/100
|
|-weather|SunnyDay|[upkeep]
|upkeep
|turn|4
|
|t:|1756541433
|move|p2a: 紫竽超可愛|Follow Me|p2a: 紫竽超可愛
|-singleturn|p2a: 紫竽超可愛|move: Follow Me
|move|p1b: Electabuzz|Electroweb|p2a: 紫竽超可愛|[spread] p2a,p2b
|-damage|p2a: 紫竽超可愛|0 fnt
|-damage|p2b: 太樂巴戈斯|82/100
|-unboost|p2b: 太樂巴戈斯|spe|1
|faint|p2a: 紫竽超可愛
|move|p1a: Rillaboom|U-turn|p2b: 太樂巴戈斯
|-resisted|p2b: 太樂巴戈斯
|-damage|p2b: 太樂巴戈斯|73/100
|
|t:|1756541438
|switch|p1a: Incineroar|Incineroar, L50, M|100/100|[from] U-turn
|-ability|p1a: Incineroar|Intimidate|boost
|-unboost|p2b: 太樂巴戈斯|atk|1
|move|p2b: 太樂巴戈斯|Eruption|p1a: Incineroar|[spread] p1a,p1b
|-resisted|p1a: Incineroar
|-damage|p1a: Incineroar|66/100
|-damage|p1b: Electabuzz|0 fnt
|faint|p1b: Electabuzz
|
|-weather|SunnyDay|[upkeep]
|upkeep
|
|t:|1756541442
|switch|p1b: Ninetales|Ninetales-Alola, L50, M|100/100
|switch|p2a: 紫竽敲可愛|Hatterene, L50, F, shiny|94/100
|-weather|Snowscape|[from] ability: Snow Warning|[of] p1b: Ninetales
|turn|5
|
|t:|1756541464
|switch|p2b: 一拳月月熊|Ursaluna, L50, M, shiny|100/100 brn
|move|p1b: Ninetales|Aurora Veil|p1b: Ninetales
|-sidestart|p1: altario8211|move: Aurora Veil
|move|p1a: Incineroar|Flare Blitz|p2a: 紫竽敲可愛
|-damage|p2a: 紫竽敲可愛|46/100
|-damage|p1a: Incineroar|52/100|[from] Recoil
|move|p2a: 紫竽敲可愛|Trick Room|p2a: 紫竽敲可愛
|-fieldstart|move: Trick Room|[of] p2a: 紫竽敲可愛
|
|-weather|Snowscape|[upkeep]
|-damage|p2b: 一拳月月熊|95/100 brn|[from] brn
|upkeep
|turn|6
|
|t:|1756541482
|switch|p2a: 太樂巴戈斯|Torkoal, L50, M, shiny|73/100
|-weather|SunnyDay|[from] ability: Drought|[of] p2a: 太樂巴戈斯
|switch|p1a: Rillaboom|Rillaboom, L50, M, tera:Fire|25/100
|-fieldstart|move: Grassy Terrain|[from] ability: Grassy Surge|[of] p1a: Rillaboom
|move|p2b: 一拳月月熊|Facade|p1a: Rillaboom
|-damage|p1a: Rillaboom|0 fnt
|faint|p1a: Rillaboom
|move|p1b: Ninetales|Blizzard|p2a: 太樂巴戈斯|[spread] p2b
|-miss|p1b: Ninetales|p2a: 太樂巴戈斯
|-supereffective|p2b: 一拳月月熊
|-damage|p2b: 一拳月月熊|41/100 brn
|
|-weather|SunnyDay|[upkeep]
|-heal|p2a: 太樂巴戈斯|80/100|[from] Grassy Terrain
|-heal|p2b: 一拳月月熊|47/100 brn|[from] Grassy Terrain
|-damage|p2b: 一拳月月熊|41/100 brn|[from] brn
|upkeep
|
|t:|1756541491
|switch|p1a: Incineroar|Incineroar, L50, M|52/100
|-ability|p1a: Incineroar|Intimidate|boost
|-unboost|p2a: 太樂巴戈斯|atk|1
|-unboost|p2b: 一拳月月熊|atk|1
|turn|7
|
|t:|1756541501
|move|p1a: Incineroar|Fake Out|p2b: 一拳月月熊
|-damage|p2b: 一拳月月熊|33/100 brn
|move|p2a: 太樂巴戈斯|Weather Ball|p1b: Ninetales
|-supereffective|p1b: Ninetales
|-damage|p1b: Ninetales|0 fnt
|faint|p1b: Ninetales
|cant|p2b: 一拳月月熊|flinch
|
|-weather|SunnyDay|[upkeep]
|-heal|p2a: 太樂巴戈斯|86/100|[from] Grassy Terrain
|-heal|p2b: 一拳月月熊|39/100 brn|[from] Grassy Terrain
|-heal|p1a: Incineroar|58/100|[from] Grassy Terrain
|-damage|p2b: 一拳月月熊|33/100 brn|[from] brn
|upkeep
|turn|8
|-message|altario8211 forfeited.
|
|win|E1G5
|l|☆altario8211
|player|p1|
|raw|altario8211's rating: 1040 → 1022(-18 for losing)
|raw|E1G5's rating: 1000 → 1045(+45 for winning)
|l|☆E1G5
|player|p2|
|j|☆E1G5
|player|p2|E1G5|schoolkid-gen4dp|
