|j|☆AllySwitch24
|j|☆B0mb3r6969
|html|AllySwitch24B0mb3r6969    
|uhtml|bestof|Game 1 of a best-of-3
|t:|1785917056
|gametype|doubles
|player|p1|AllySwitch24|elesa|1128
|player|p2|B0mb3r6969|cynthia-gen4|1082
|gen|9
|tier|[Gen 9 Champions] VGC 2026 Reg M-B (Bo3)
|rated|
|rule|Species Clause: Limit one of each Pokémon
|rule|Item Clause: Limit 1 of each item
|clearpoke
|poke|p1|Raichu, L50, F|
|poke|p1|Basculegion, L50, M|
|poke|p1|Corviknight, L50, F|
|poke|p1|Rotom-Heat, L50|
|poke|p1|Vanilluxe, L50, M|
|poke|p1|Chesnaught, L50, F|
|poke|p2|Araquanid, L50, F|
|poke|p2|Sinistcha-Masterpiece, L50|
|poke|p2|Delphox, L50, F|
|poke|p2|Swampert, L50, M|
|poke|p2|Venusaur, L50, M|
|poke|p2|Meowstic, L50, M|
|teampreview|4
|showteam|p1|Raichu||RaichuniteY|Static|ZapCannon,FocusBlast,FakeOut,Protect|Timid||F|||50|]Basculegion||MysticWater|Adaptability|AquaJet,LastRespects,WaveCrash,Protect|Jolly||M|||50|]Corviknight||Leftovers|MirrorArmor|BulkUp,BraveBird,Roost,Protect|Impish||F|||50|]Rotom-Heat||SitrusBerry|Levitate|Overheat,Thunderbolt,WillOWisp,NastyPlot|Modest|||||50|]Vanilluxe||FocusSash|SnowWarning|Blizzard,FreezeDry,IcyWind,Protect|Timid||M|||50|]Chesnaught||Chesnaughtite|Bulletproof|DrainPunch,HighHorsepower,WoodHammer,SpikyShield|Adamant||F|||50|
|showteam|p2|Araquanid||Leftovers|WaterBubble|SkitterSmack,LeechLife,Liquidation,Protect|Adamant||F|||50|]Sinistcha-Masterpiece||ColburBerry|Hospitality|MatchaGotcha,ShadowBall,StrengthSap,LifeDew|Bold|||||50|]Delphox||Delphoxite|Blaze|Protect,ExpandingForce,NastyPlot,HeatWave|Timid||F|||50|]Swampert||Swampertite|Damp|HighHorsepower,IcePunch,Liquidation,PoisonJab|Adamant||M|||50|]Venusaur||CobaBerry|Chlorophyll|SleepPowder,SludgeBomb,WeatherBall,Protect|Calm||M|||50|]Meowstic||ScopeLens|Prankster|Reflect,Charm,ExpandingForce,PsychicTerrain|Bold||M|||50|
|inactive|Battle timer is ON: inactive players will automatically lose when time's up. (requested by B0mb3r6969)
|inactive|AllySwitch24 has 60 seconds left.
|inactive|AllySwitch24 has 30 seconds left.
|inactive|AllySwitch24 has 20 seconds left.
|inactive|AllySwitch24 has 15 seconds left.
|inactive|AllySwitch24 has 10 seconds left.
|inactive|AllySwitch24 has 5 seconds left.
|
|t:|1785917144
|teamsize|p1|4
|teamsize|p2|4
|start
|switch|p1a: Raichu|Raichu, L50, F|100/100
|switch|p1b: Corviknight|Corviknight, L50, F|100/100
|switch|p2a: Meowstic|Meowstic, L50, M|100/100
|switch|p2b: Venusaur|Venusaur, L50, M|100/100
|turn|1
|inactive|AllySwitch24 has 30 seconds left.
|inactive|B0mb3r6969 has 30 seconds left.
|inactive|AllySwitch24 has 20 seconds left.
|inactive|AllySwitch24 has 15 seconds left.
|
|t:|1785917189
|move|p2b: Venusaur|Protect|p2b: Venusaur
|-singleturn|p2b: Venusaur|Protect
|move|p1a: Raichu|Fake Out|p2b: Venusaur
|-activate|p2b: Venusaur|move: Protect
|move|p2a: Meowstic|Reflect|p2a: Meowstic
|-sidestart|p2: B0mb3r6969|Reflect
|move|p1b: Corviknight|Bulk Up|p1b: Corviknight
|-boost|p1b: Corviknight|atk|1
|-boost|p1b: Corviknight|def|1
|
|upkeep
|turn|2
|
|t:|1785917211
|detailschange|p1a: Raichu|Raichu-Mega-Y, L50, F
|-mega|p1a: Raichu|Raichu|Raichunite Y
|move|p2a: Meowstic|Psychic Terrain|p2a: Meowstic
|-fieldstart|move: Psychic Terrain
|move|p1a: Raichu|Zap Cannon|p2a: Meowstic
|-damage|p2a: Meowstic|21/100
|-status|p2a: Meowstic|par
|move|p2b: Venusaur|Sleep Powder|p1a: Raichu
|-status|p1a: Raichu|slp|[from] move: Sleep Powder
|move|p1b: Corviknight|Brave Bird|p2b: Venusaur
|-supereffective|p2b: Venusaur|1
|-enditem|p2b: Venusaur|Coba Berry|[eat]
|-enditem|p2b: Venusaur|Coba Berry|[weaken]
|-damage|p2b: Venusaur|56/100
|-damage|p1b: Corviknight|89/100|[from] Recoil
|
|-heal|p1b: Corviknight|95/100|[from] item: Leftovers
|upkeep
|turn|3
|inactive|AllySwitch24 has 30 seconds left.
|inactive|B0mb3r6969 has 30 seconds left.
|inactive|AllySwitch24 has 20 seconds left.
|
|t:|1785917251
|cant|p1a: Raichu|slp
|move|p2b: Venusaur|Sludge Bomb|p1a: Raichu
|-damage|p1a: Raichu|48/100 slp
|move|p1b: Corviknight|Brave Bird|p2b: Venusaur
|-supereffective|p2b: Venusaur|1
|-damage|p2b: Venusaur|0 fnt
|faint|p2b: Venusaur
|-damage|p1b: Corviknight|80/100|[from] Recoil
|move|p2a: Meowstic|Expanding Force|p1a: Raichu|[spread] p1a,p1b
|-resisted|p1b: Corviknight|1
|-damage|p1a: Raichu|0 fnt
|-damage|p1b: Corviknight|67/100
|faint|p1a: Raichu
|
|-heal|p1b: Corviknight|73/100|[from] item: Leftovers
|upkeep
|
|t:|1785917272
|switch|p1a: Basculegion|Basculegion, L50, M|100/100
|switch|p2b: Delphox|Delphox, L50, F|100/100
|turn|4
|inactive|AllySwitch24 has 30 seconds left.
|
|t:|1785917300
|move|p2b: Delphox|Protect|p2b: Delphox
|-singleturn|p2b: Delphox|Protect
|move|p1a: Basculegion|Protect|p1a: Basculegion
|-singleturn|p1a: Basculegion|Protect
|move|p1b: Corviknight|Brave Bird|p2b: Delphox
|-activate|p2b: Delphox|move: Protect
|move|p2a: Meowstic|Expanding Force|p1b: Corviknight|[spread] p1b
|-activate|p1a: Basculegion|move: Protect
|-resisted|p1b: Corviknight|1
|-damage|p1b: Corviknight|60/100
|
|-heal|p1b: Corviknight|66/100|[from] item: Leftovers
|upkeep
|turn|5
|inactive|AllySwitch24 has 30 seconds left.
|
|t:|1785917330
|move|p2b: Delphox|Heat Wave|p1b: Corviknight|[spread] p1a,p1b
|-resisted|p1a: Basculegion|1
|-supereffective|p1b: Corviknight|1
|-damage|p1a: Basculegion|80/100
|-damage|p1b: Corviknight|18/100
|move|p1a: Basculegion|Last Respects|p2b: Delphox
|-supereffective|p2b: Delphox|1
|-damage|p2b: Delphox|0 fnt
|faint|p2b: Delphox
|move|p1b: Corviknight|Bulk Up|p1b: Corviknight
|-boost|p1b: Corviknight|atk|1
|-boost|p1b: Corviknight|def|1
|cant|p2a: Meowstic|par
|
|-heal|p1b: Corviknight|24/100|[from] item: Leftovers
|-sideend|p2: B0mb3r6969|Reflect
|upkeep
|-message|B0mb3r6969 forfeited.
|raw|AllySwitch24's rating: 1128 → 1150(+22 for winning)
|raw|B0mb3r6969's rating: 1082 → 1063(-19 for losing)
|
|win|AllySwitch24
|l|☆B0mb3r6969
|player|p2|
