|j|☆turbogoddi
|j|☆higigig
|html|turbogoddihigigig    
|uhtml|bestof|Game 3 of a best-of-3
|t:|1756241787
|gametype|doubles
|player|p1|turbogoddi|1|1076
|player|p2|higigig|sisandbro|1147
|gen|9
|tier|[Gen 9] VGC 2025 Reg H (Bo3)
|rated|
|rule|Species Clause: Limit one of each Pokémon
|rule|Item Clause: Limit 1 of each item
|clearpoke
|poke|p1|Dondozo, L50, M|
|poke|p1|Tatsugiri-Droopy, L50, F|
|poke|p1|Ursaluna-Bloodmoon, L50, M|
|poke|p1|Rillaboom, L50, F|
|poke|p1|Whimsicott, L50, F|
|poke|p1|Garchomp, L50, M|
|poke|p2|Sneasler, L50, M|
|poke|p2|Gholdengo, L50|
|poke|p2|Farigiraf, L50, F|
|poke|p2|Ursaluna-Bloodmoon, L50, M|
|poke|p2|Amoonguss, L50, M|
|poke|p2|Altaria, L50, F|
|teampreview|4
|showteam|p1|Dondozo||Leftovers|Unaware|HeavySlam,OrderUp,BodyPress,Substitute|||M|||50|,,,,,Steel]Tatsugiri-Droopy||FocusSash|Commander|DragonPulse,IcyWind,Taunt,Protect|||F|||50|,,,,,Dragon]Ursaluna-Bloodmoon||LifeOrb|MindsEye|EarthPower,HyperVoice,BloodMoon,Protect|||M|||50|,,,,,Normal]Rillaboom||MiracleSeed|GrassySurge|GrassyGlide,WoodHammer,FakeOut,Uturn|||F|||50|,,,,,Grass]Whimsicott||CovertCloak|Prankster|WorrySeed,Tailwind,Encore,Moonblast|||F|||50|,,,,,Dark]Garchomp||ChoiceBand|RoughSkin|StompingTantrum,IronHead,Outrage,DragonClaw|||M|||50|,,,,,Dragon
|showteam|p2|Sneasler||FocusSash|PoisonTouch|FakeOut,CloseCombat,DireClaw,Protect|||M|||50|,,,,,Dark]Gholdengo||ChoiceSpecs|GoodasGold|MakeItRain,ShadowBall,PowerGem,Trick||||||50|,,,,,Steel]Farigiraf||MentalHerb|ArmorTail|Psychic,Imprison,HelpingHand,TrickRoom|||F|||50|,,,,,Grass]Ursaluna-Bloodmoon||ThroatSpray|MindsEye|HyperVoice,EarthPower,BloodMoon,Protect|||M|||50|,,,,,Normal]Amoonguss||SitrusBerry|Regenerator|SludgeBomb,PollenPuff,Spore,RagePowder|||M|||50|,,,,,Water]Altaria||CovertCloak|CloudNine|BreakingSwipe,HelpingHand,Haze,Tailwind|||F|||50|,,,,,Water
|inactive|Battle timer is ON: inactive players will automatically lose when time's up. (requested by higigig)
|inactive|turbogoddi also wants the timer to be on.
|inactive|higigig has 60 seconds left.
|
|t:|1756241834
|teamsize|p1|4
|teamsize|p2|4
|start
|switch|p1a: Ursaluna|Ursaluna-Bloodmoon, L50, M|100/100
|switch|p1b: Garchomp|Garchomp, L50, M, shiny|100/100
|switch|p2a: Altaria|Altaria, L50, F|100/100
|switch|p2b: Ursaluna|Ursaluna-Bloodmoon, L50, M|100/100
|-ability|p2a: Altaria|Cloud Nine
|turn|1
|inactive|turbogoddi has 30 seconds left.
|inactive|higigig has 30 seconds left.
|inactive|turbogoddi has 20 seconds left.
|inactive|higigig has 20 seconds left.
|inactive|turbogoddi has 15 seconds left.
|inactive|higigig has 15 seconds left.
|inactive|higigig has 10 seconds left.
|inactive|higigig has 5 seconds left.
|
|t:|1756241889
|switch|p1a: Whimsicott|Whimsicott, L50, F|100/100
|-terastallize|p1b: Garchomp|Dragon
|move|p1b: Garchomp|Dragon Claw|p2a: Altaria
|-supereffective|p2a: Altaria
|-damage|p2a: Altaria|0 fnt
|faint|p2a: Altaria
|move|p2b: Ursaluna|Hyper Voice|p1a: Whimsicott|[spread] p1a,p1b
|-damage|p1a: Whimsicott|50/100
|-damage|p1b: Garchomp|58/100
|-enditem|p2b: Ursaluna|Throat Spray
|-boost|p2b: Ursaluna|spa|1|[from] item: Throat Spray
|
|upkeep
|
|t:|1756241905
|switch|p2a: Sneasler|Sneasler, L50, M|100/100
|turn|2
|
|t:|1756241930
|-terastallize|p2b: Ursaluna|Normal
|move|p2a: Sneasler|Fake Out|p1b: Garchomp
|-damage|p1b: Garchomp|45/100
|-damage|p2a: Sneasler|88/100|[from] ability: Rough Skin|[of] p1b: Garchomp
|move|p1a: Whimsicott|Tailwind|p1a: Whimsicott
|-sidestart|p1: turbogoddi|move: Tailwind
|cant|p1b: Garchomp|flinch
|move|p2b: Ursaluna|Hyper Voice|p1b: Garchomp|[spread] p1a,p1b
|-damage|p1a: Whimsicott|0 fnt
|-damage|p1b: Garchomp|0 fnt
|faint|p1a: Whimsicott
|faint|p1b: Garchomp
|
|upkeep
|
|t:|1756241934
|switch|p1b: Ursaluna|Ursaluna-Bloodmoon, L50, M|100/100
|switch|p1a: Rillaboom|Rillaboom, L50, F|100/100
|-fieldstart|move: Grassy Terrain|[from] ability: Grassy Surge|[of] p1a: Rillaboom
|turn|3
|inactive|turbogoddi has 30 seconds left.
|
|t:|1756241960
|switch|p2a: Amoonguss|Amoonguss, L50, M|100/100
|move|p2b: Ursaluna|Protect|p2b: Ursaluna
|-singleturn|p2b: Ursaluna|Protect
|move|p1b: Ursaluna|Blood Moon|p2a: Amoonguss
|-damage|p2a: Amoonguss|22/100
|-enditem|p2a: Amoonguss|Sitrus Berry|[eat]
|-heal|p2a: Amoonguss|47/100|[from] item: Sitrus Berry
|-damage|p1b: Ursaluna|91/100|[from] item: Life Orb
|move|p1a: Rillaboom|Wood Hammer|p2b: Ursaluna
|-activate|p2b: Ursaluna|move: Protect
|
|-heal|p1b: Ursaluna|97/100|[from] Grassy Terrain
|-heal|p2a: Amoonguss|53/100|[from] Grassy Terrain
|upkeep
|turn|4
|inactive|higigig has 30 seconds left.
|
|t:|1756241991
|switch|p2b: Sneasler|Sneasler, L50, M|88/100
|move|p1b: Ursaluna|Protect|p1b: Ursaluna
|-singleturn|p1b: Ursaluna|Protect
|move|p1a: Rillaboom|Wood Hammer|p2b: Sneasler
|-resisted|p2b: Sneasler
|-damage|p2b: Sneasler|0 fnt
|faint|p2b: Sneasler
|-damage|p1a: Rillaboom|79/100|[from] Recoil
|move|p2a: Amoonguss|Spore|p1b: Ursaluna
|-activate|p1b: Ursaluna|move: Protect
|
|-heal|p1b: Ursaluna|100/100|[from] Grassy Terrain
|-heal|p1a: Rillaboom|85/100|[from] Grassy Terrain
|-heal|p2a: Amoonguss|59/100|[from] Grassy Terrain
|upkeep
|
|t:|1756241996
|switch|p2b: Ursaluna|Ursaluna-Bloodmoon, L50, M, tera:Normal|100/100
|turn|5
|inactive|turbogoddi has 30 seconds left.
|
|t:|1756242028
|move|p2a: Amoonguss|Rage Powder|p2a: Amoonguss
|-singleturn|p2a: Amoonguss|move: Rage Powder
|move|p1b: Ursaluna|Blood Moon|p2a: Amoonguss
|-damage|p2a: Amoonguss|0 fnt
|faint|p2a: Amoonguss
|-damage|p1b: Ursaluna|91/100|[from] item: Life Orb
|move|p1a: Rillaboom|Wood Hammer|p2b: Ursaluna
|-damage|p2b: Ursaluna|21/100
|-damage|p1a: Rillaboom|58/100|[from] Recoil
|move|p2b: Ursaluna|Blood Moon|p1b: Ursaluna
|-damage|p1b: Ursaluna|0 fnt
|faint|p1b: Ursaluna
|
|-heal|p1a: Rillaboom|64/100|[from] Grassy Terrain
|-heal|p2b: Ursaluna|27/100|[from] Grassy Terrain
|-sideend|p1: turbogoddi|move: Tailwind
|upkeep
|turn|6
|
|t:|1756242042
|move|p2b: Ursaluna|Protect|p2b: Ursaluna
|-singleturn|p2b: Ursaluna|Protect
|move|p1a: Rillaboom|Wood Hammer|p2b: Ursaluna
|-activate|p2b: Ursaluna|move: Protect
|
|-heal|p1a: Rillaboom|70/100|[from] Grassy Terrain
|-heal|p2b: Ursaluna|33/100|[from] Grassy Terrain
|upkeep
|turn|7
|c|☆turbogoddi|ggwp
|
|t:|1756242054
|move|p2b: Ursaluna|Protect|p2b: Ursaluna
|-singleturn|p2b: Ursaluna|Protect
|move|p1a: Rillaboom|Wood Hammer|p2b: Ursaluna
|-activate|p2b: Ursaluna|move: Protect
|
|-heal|p1a: Rillaboom|75/100|[from] Grassy Terrain
|-heal|p2b: Ursaluna|39/100|[from] Grassy Terrain
|-fieldend|move: Grassy Terrain
|upkeep
|turn|8
|
|t:|1756242059
|move|p1a: Rillaboom|Wood Hammer|p2b: Ursaluna
|-damage|p2b: Ursaluna|0 fnt
|faint|p2b: Ursaluna
|-damage|p1a: Rillaboom|62/100|[from] Recoil
|
|win|turbogoddi
|raw|turbogoddi's rating: 1076 → 1110(+34 for winning)
|raw|higigig's rating: 1147 → 1117(-30 for losing)
