|j|☆ferchoxx
|j|☆sparshjha
|html|ferchoxxsparshjha    
|uhtml|bestof|Game 3 of a best-of-3
|t:|1785694511
|gametype|doubles
|player|p1|ferchoxx|ghetsis|1239
|player|p2|sparshjha|102|1323
|gen|9
|tier|[Gen 9 Champions] VGC 2026 Reg M-B (Bo3)
|rated|
|rule|Species Clause: Limit one of each Pokémon
|rule|Item Clause: Limit 1 of each item
|clearpoke
|poke|p1|Tyranitar, L50, F|
|poke|p1|Staraptor, L50, F|
|poke|p1|Excadrill, L50, F|
|poke|p1|Gholdengo, L50|
|poke|p1|Milotic, L50, M|
|poke|p1|Sinistcha, L50|
|poke|p2|Staraptor, L50, F|
|poke|p2|Garchomp, L50, M|
|poke|p2|Whimsicott, L50, M|
|poke|p2|Delphox, L50, M|
|poke|p2|Sneasler, L50, F|
|poke|p2|Kingambit, L50, M|
|teampreview|4
|showteam|p1|Tyranitar||Tyranitarite|SandStream|RockSlide,KnockOff,HighHorsepower,Protect|Adamant||F|||50|]Staraptor||Staraptite|Intimidate|BraveBird,CloseCombat,Tailwind,Protect|Jolly||F|||50|]Excadrill||FocusSash|SandRush|HighHorsepower,IronHead,RockSlide,Protect|Jolly||F|||50|]Gholdengo||LifeOrb|GoodasGold|MakeItRain,ShadowBall,NastyPlot,Protect|Timid|||||50|]Milotic||SitrusBerry|Competitive|Protect,IceBeam,Scald,IcyWind|Bold||M|||50|]Sinistcha||ColburBerry|Hospitality|MatchaGotcha,RagePowder,TrickRoom,Protect|Bold|||||50|
|showteam|p2|Staraptor||Staraptite|Intimidate|Protect,Roost,CloseCombat,BraveBird|Jolly||F|||50|]Garchomp||LifeOrb|RoughSkin|Protect,RockSlide,Earthquake,DragonClaw|Jolly||M|||50|]Whimsicott||OccaBerry|Prankster|Moonblast,Tailwind,Charm,LightScreen|Bold||M|||50|]Delphox||Delphoxite|Magician|Protect,Psychic,HeatWave,Encore|Timid||M|||50|]Sneasler||WhiteHerb|Unburden|FakeOut,QuickGuard,CloseCombat,DireClaw|Adamant||F|||50|]Kingambit||FocusSash|Defiant|KowtowCleave,IronHead,SuckerPunch,Protect|Adamant||M|||50|
|inactive|Battle timer is ON: inactive players will automatically lose when time's up. (requested by ferchoxx)
|c|☆sparshjha|good game
|c|☆ferchoxx|gg
|inactive|ferchoxx has 60 seconds left.
|inactive|sparshjha has 60 seconds left.
|inactive|sparshjha has 30 seconds left.
|
|t:|1785694580
|teamsize|p1|4
|teamsize|p2|4
|start
|switch|p1a: Milotic|Milotic, L50, M|100/100
|switch|p1b: Tyranitar|Tyranitar, L50, F|100/100
|switch|p2a: Delphox|Delphox, L50, M|100/100
|switch|p2b: Whimsicott|Whimsicott, L50, M|100/100
|-weather|Sandstorm|[from] ability: Sand Stream|[of] p1b: Tyranitar
|turn|1
|inactive|ferchoxx has 30 seconds left.
|inactive|sparshjha has 30 seconds left.
|inactive|sparshjha has 20 seconds left.
|inactive|sparshjha has 15 seconds left.
|inactive|sparshjha has 10 seconds left.
|inactive|sparshjha has 5 seconds left.
|
|t:|1785694631
|detailschange|p2a: Delphox|Delphox-Mega, L50, M
|-mega|p2a: Delphox|Delphox|Delphoxite
|detailschange|p1b: Tyranitar|Tyranitar-Mega, L50, F
|-mega|p1b: Tyranitar|Tyranitar|Tyranitarite
|move|p2a: Delphox|Protect|p2a: Delphox
|-singleturn|p2a: Delphox|Protect
|move|p2b: Whimsicott|Charm|p1b: Tyranitar
|-hint|Since gen 7, Dark is immune to Prankster moves.
|-immune|p1b: Tyranitar
|move|p1b: Tyranitar|Rock Slide|p2a: Delphox|[spread] p2b
|-activate|p2a: Delphox|move: Protect
|-damage|p2b: Whimsicott|65/100
|move|p1a: Milotic|Ice Beam|p2b: Whimsicott
|-supereffective|p2b: Whimsicott|1
|-damage|p2b: Whimsicott|0 fnt
|faint|p2b: Whimsicott
|
|-weather|Sandstorm|[upkeep]
|-damage|p2a: Delphox|94/100|[from] Sandstorm
|-damage|p1a: Milotic|93/100|[from] Sandstorm
|upkeep
|inactive|sparshjha has 30 seconds left.
|inactive|sparshjha has 20 seconds left.
|inactive|sparshjha has 15 seconds left.
|
|t:|1785694672
|switch|p2b: Sneasler|Sneasler, L50, F|100/100
|turn|2
|inactive|ferchoxx has 30 seconds left.
|inactive|ferchoxx has 20 seconds left.
|inactive|ferchoxx has 15 seconds left.
|
|t:|1785694713
|move|p1b: Tyranitar|Protect|p1b: Tyranitar
|-singleturn|p1b: Tyranitar|Protect
|move|p2a: Delphox|Heat Wave|p1b: Tyranitar|[spread] p1a
|-activate|p1b: Tyranitar|move: Protect
|-resisted|p1a: Milotic|1
|-damage|p1a: Milotic|77/100
|move|p2b: Sneasler|Close Combat|p1b: Tyranitar
|-activate|p1b: Tyranitar|move: Protect
|move|p1a: Milotic|Scald|p2a: Delphox
|-supereffective|p2a: Delphox|1
|-damage|p2a: Delphox|33/100
|
|-weather|Sandstorm|[upkeep]
|-damage|p2a: Delphox|27/100|[from] Sandstorm
|-damage|p2b: Sneasler|94/100|[from] Sandstorm
|-damage|p1a: Milotic|71/100|[from] Sandstorm
|upkeep
|turn|3
|inactive|ferchoxx has 30 seconds left.
|
|t:|1785694740
|switch|p1b: Gholdengo|Gholdengo, L50|100/100
|move|p2a: Delphox|Protect|p2a: Delphox
|-singleturn|p2a: Delphox|Protect
|move|p2b: Sneasler|Close Combat|p1a: Milotic
|-damage|p1a: Milotic|20/100y
|-unboost|p2b: Sneasler|def|1
|-unboost|p2b: Sneasler|spd|1
|-enditem|p1a: Milotic|Sitrus Berry|[eat]
|-heal|p1a: Milotic|45/100|[from] item: Sitrus Berry
|-enditem|p2b: Sneasler|White Herb
|-clearnegativeboost|p2b: Sneasler|[silent]
|move|p1a: Milotic|Scald|p2a: Delphox
|-activate|p2a: Delphox|move: Protect
|
|-weather|Sandstorm|[upkeep]
|-damage|p2b: Sneasler|88/100|[from] Sandstorm
|-damage|p2a: Delphox|22/100|[from] Sandstorm
|-damage|p1a: Milotic|38/100|[from] Sandstorm
|upkeep
|turn|4
|inactive|sparshjha has 30 seconds left.
|
|t:|1785694770
|move|p2b: Sneasler|Dire Claw|p1a: Milotic
|-damage|p1a: Milotic|4/100
|-status|p1a: Milotic|psn
|move|p2a: Delphox|Heat Wave|p1a: Milotic|[spread] p1a,p1b
|-resisted|p1a: Milotic|1
|-supereffective|p1b: Gholdengo|1
|-damage|p1a: Milotic|0 fnt
|-damage|p1b: Gholdengo|6/100
|faint|p1a: Milotic
|move|p1b: Gholdengo|Make It Rain|p2a: Delphox|[spread] p2a,p2b
|-resisted|p2a: Delphox|1
|-crit|p2b: Sneasler
|-damage|p2a: Delphox|0 fnt
|-damage|p2b: Sneasler|0 fnt
|-unboost|p1b: Gholdengo|spa|2
|faint|p2a: Delphox
|faint|p2b: Sneasler
|-damage|p1b: Gholdengo|0 fnt|[from] item: Life Orb
|faint|p1b: Gholdengo
|
|-weather|Sandstorm|[upkeep]
|upkeep
|
|t:|1785694788
|switch|p2b: Garchomp|Garchomp, L50, M|100/100
|switch|p1b: Excadrill|Excadrill, L50, F|100/100
|switch|p1a: Tyranitar|Tyranitar-Mega, L50, F|100/100
|turn|5
|inactive|ferchoxx has 30 seconds left.
|
|t:|1785694818
|move|p2b: Garchomp|Protect|p2b: Garchomp
|-singleturn|p2b: Garchomp|Protect
|move|p1b: Excadrill|Iron Head|p2b: Garchomp
|-activate|p2b: Garchomp|move: Protect
|move|p1a: Tyranitar|Knock Off|p2b: Garchomp
|-activate|p2b: Garchomp|move: Protect
|
|-weather|none
|upkeep
|turn|6
|
|t:|1785694842
|move|p2b: Garchomp|Earthquake|p1a: Tyranitar|[spread] p1a,p1b
|-supereffective|p1a: Tyranitar|1
|-supereffective|p1b: Excadrill|1
|-damage|p1a: Tyranitar|38/100
|-enditem|p1b: Excadrill|Focus Sash
|-damage|p1b: Excadrill|1/100
|-damage|p2b: Garchomp|90/100|[from] item: Life Orb
|move|p1b: Excadrill|High Horsepower|p2b: Garchomp
|-damage|p2b: Garchomp|40/100
|-damage|p1b: Excadrill|0 fnt|[from] ability: Rough Skin|[of] p2b: Garchomp
|faint|p1b: Excadrill
|move|p1a: Tyranitar|Knock Off|p2b: Garchomp
|-damage|p2b: Garchomp|0 fnt
|-damage|p1a: Tyranitar|26/100|[from] ability: Rough Skin|[of] p2b: Garchomp
|-enditem|p2b: Garchomp|Life Orb|[from] move: Knock Off|[of] p1a: Tyranitar
|faint|p2b: Garchomp
|
|win|ferchoxx
|raw|ferchoxx's rating: 1239 → 1270(+31 for winning)
|raw|sparshjha's rating: 1323 → 1298(-25 for losing)
|c|☆ferchoxx|gg
