|j|☆rurik2
|j|☆angrybook
|html|rurik2angrybook    
|uhtml|bestof|Game 1 of a best-of-3
|t:|1784797129
|gametype|doubles
|player|p1|rurik2|zinzolin|1042
|player|p2|angrybook|pokemaniac|1106
|gen|9
|tier|[Gen 9 Champions] VGC 2026 Reg M-B (Bo3)
|rated|
|rule|Species Clause: Limit one of each Pokémon
|rule|Item Clause: Limit 1 of each item
|clearpoke
|poke|p1|Gardevoir, L50, F|
|poke|p1|Talonflame, L50, M|
|poke|p1|Kingambit, L50, F|
|poke|p1|Maushold-Four, L50|
|poke|p1|Kommo-o, L50, M|
|poke|p1|Basculegion, L50, M|
|poke|p2|Raichu, L50, M|
|poke|p2|Incineroar, L50, F|
|poke|p2|Milotic, L50, F|
|poke|p2|Gallade, L50, M|
|poke|p2|Chimecho, L50, M|
|poke|p2|Sinistcha, L50|
|teampreview|4
|showteam|p1|Gardevoir||Gardevoirite|Trace|HyperVoice,Psyshock,FocusBlast,Protect|Modest||F|||50|]Talonflame||SharpBeak|GaleWings|FlareBlitz,BraveBird,Tailwind,Protect|Adamant||M|||50|]Kingambit||ExpertBelt|Defiant|KowtowCleave,SuckerPunch,IronHead,LowKick|Brave||F|||50|]Maushold-Four||FocusSash|FriendGuard|SuperFang,FollowMe,Taunt,Protect|Impish|||||50|]Kommo-o||Leftovers|Soundproof|ClangingScales,ClangorousSoul,DrainPunch,Protect|Timid||M|||50|]Basculegion||ChoiceScarf|Adaptability|WaveCrash,FlipTurn,AquaJet,LastRespects|Jolly||M|||50|
|showteam|p2|Raichu||RaichuniteX|LightningRod|VoltTackle,FakeOut,Protect,DrainPunch|Adamant||M|||50|]Incineroar||SitrusBerry|Intimidate|FakeOut,PartingShot,FlareBlitz,DarkestLariat|Impish||F|||50|]Milotic||Leftovers|Competitive|IcyWind,Scald,Protect,HelpingHand|Modest||F|||50|]Gallade||FocusSash|Sharpness|SacredSword,PsychoCut,LeafBlade,Protect|Adamant||M|||50|]Chimecho||Chimechite|Levitate|CalmMind,Psychic,FlashCannon,Protect|Quiet||M|||50|]Sinistcha||OccaBerry|Hospitality|MatchaGotcha,RagePowder,TrickRoom,Protect|Modest|||||50|
|inactive|Battle timer is ON: inactive players will automatically lose when time's up. (requested by angrybook)
|inactive|rurik2 has 60 seconds left.
|inactive|angrybook has 60 seconds left.
|inactive|angrybook has 30 seconds left.
|inactive|angrybook has 20 seconds left.
|
|t:|1784797202
|teamsize|p1|4
|teamsize|p2|4
|start
|switch|p1a: Kingambit|Kingambit, L50, F|100/100
|switch|p1b: Kommo-o|Kommo-o, L50, M|100/100
|switch|p2a: Milotic|Milotic, L50, F|100/100
|switch|p2b: Gallade|Gallade, L50, M|100/100
|turn|1
|inactive|angrybook has 30 seconds left.
|
|t:|1784797228
|switch|p1a: Maushold|Maushold-Four, L50|100/100
|move|p1b: Kommo-o|Clangorous Soul|p1b: Kommo-o
|-boost|p1b: Kommo-o|atk|1
|-boost|p1b: Kommo-o|def|1
|-boost|p1b: Kommo-o|spa|1
|-boost|p1b: Kommo-o|spd|1
|-boost|p1b: Kommo-o|spe|1
|-damage|p1b: Kommo-o|67/100
|move|p2b: Gallade|Sacred Sword|p1a: Maushold
|-supereffective|p1a: Maushold|1
|-enditem|p1a: Maushold|Focus Sash
|-damage|p1a: Maushold|1/100
|move|p2a: Milotic|Icy Wind|p1a: Maushold|[spread] p1a,p1b
|-supereffective|p1b: Kommo-o|1
|-crit|p1b: Kommo-o
|-damage|p1a: Maushold|0 fnt
|-damage|p1b: Kommo-o|41/100
|-unboost|p1b: Kommo-o|spe|1
|faint|p1a: Maushold
|
|-heal|p1b: Kommo-o|47/100|[from] item: Leftovers
|upkeep
|
|t:|1784797252
|switch|p1a: Gardevoir|Gardevoir, L50, F|100/100
|-ability|p1a: Gardevoir|Competitive|Trace|[from] ability: Trace|[of] p2a: Milotic
|turn|2
|inactive|angrybook has 30 seconds left.
|
|t:|1784797277
|detailschange|p1a: Gardevoir|Gardevoir-Mega, L50, F
|-mega|p1a: Gardevoir|Gardevoir|Gardevoirite
|move|p2b: Gallade|Protect|p2b: Gallade
|-singleturn|p2b: Gallade|Protect
|move|p1a: Gardevoir|Hyper Voice|p2b: Gallade|[spread] p2a
|-activate|p2b: Gallade|move: Protect
|-damage|p2a: Milotic|62/100
|move|p1b: Kommo-o|Drain Punch|p2a: Milotic
|-damage|p2a: Milotic|28/100
|-heal|p1b: Kommo-o|68/100|[from] drain|[of] p2a: Milotic
|move|p2a: Milotic|Icy Wind|p1b: Kommo-o|[spread] p1b
|-miss|p2a: Milotic|p1a: Gardevoir
|-supereffective|p1b: Kommo-o|1
|-damage|p1b: Kommo-o|53/100
|-unboost|p1b: Kommo-o|spe|1
|
|-heal|p2a: Milotic|34/100|[from] item: Leftovers
|-heal|p1b: Kommo-o|60/100|[from] item: Leftovers
|upkeep
|turn|3
|inactive|rurik2 has 30 seconds left.
|
|t:|1784797308
|move|p2a: Milotic|Helping Hand|p2b: Gallade
|-singleturn|p2b: Gallade|Helping Hand|[of] p2a: Milotic
|move|p1b: Kommo-o|Protect|p1b: Kommo-o
|-singleturn|p1b: Kommo-o|Protect
|move|p1a: Gardevoir|Hyper Voice|p2b: Gallade|[spread] p2a,p2b
|-supereffective|p2b: Gallade|1
|-damage|p2a: Milotic|0 fnt
|-enditem|p2b: Gallade|Focus Sash
|-damage|p2b: Gallade|1/100
|faint|p2a: Milotic
|move|p2b: Gallade|Sacred Sword|p1b: Kommo-o
|-activate|p1b: Kommo-o|move: Protect
|
|-heal|p1b: Kommo-o|66/100|[from] item: Leftovers
|upkeep
|
|t:|1784797316
|switch|p2a: Sinistcha|Sinistcha, L50|100/100
|-heal|p2b: Gallade|25/100|[from] ability: Hospitality|[of] p2a: Sinistcha
|turn|4
|
|t:|1784797337
|move|p1a: Gardevoir|Hyper Voice|p2a: Sinistcha|[spread] p2a,p2b
|-supereffective|p2b: Gallade|1
|-damage|p2a: Sinistcha|34/100
|-damage|p2b: Gallade|0 fnt
|faint|p2b: Gallade
|move|p1b: Kommo-o|Clanging Scales|p2a: Sinistcha
|-damage|p2a: Sinistcha|0 fnt
|faint|p2a: Sinistcha
|-unboost|p1b: Kommo-o|def|1
|
|-heal|p1b: Kommo-o|72/100|[from] item: Leftovers
|upkeep
|
|t:|1784797346
|switch|p2b: Chimecho|Chimecho, L50, M|100/100
|turn|5
|
|t:|1784797366
|detailschange|p2b: Chimecho|Chimecho-Mega, L50, M
|-mega|p2b: Chimecho|Chimecho|Chimechite
|move|p1a: Gardevoir|Hyper Voice|p2b: Chimecho
|-resisted|p2b: Chimecho|1
|-damage|p2b: Chimecho|69/100
|move|p1b: Kommo-o|Drain Punch|p2b: Chimecho
|-damage|p2b: Chimecho|39/100
|-heal|p1b: Kommo-o|89/100|[from] drain|[of] p2b: Chimecho
|move|p2b: Chimecho|Psychic|p1b: Kommo-o
|-supereffective|p1b: Kommo-o|1
|-damage|p1b: Kommo-o|15/100
|
|-heal|p1b: Kommo-o|21/100|[from] item: Leftovers
|upkeep
|turn|6
|
|t:|1784797387
|move|p1a: Gardevoir|Hyper Voice|p2b: Chimecho
|-resisted|p2b: Chimecho|1
|-damage|p2b: Chimecho|11/100
|move|p1b: Kommo-o|Clanging Scales|p2b: Chimecho
|-resisted|p2b: Chimecho|1
|-damage|p2b: Chimecho|0 fnt
|faint|p2b: Chimecho
|
|win|rurik2
||angrybook is ready for game 2.
|inactive|rurik2 has 30 seconds to confirm battle start!
