|j|☆LookBackInBanger
|j|☆capspungo
|html|LookBackInBangercapspungo    
|uhtml|bestof|Game 2 of a best-of-3
|t:|1756553726
|gametype|doubles
|player|p1|LookBackInBanger|mina|1086
|player|p2|capspungo|102|1134
|gen|9
|tier|[Gen 9] VGC 2025 Reg H (Bo3)
|rated|
|rule|Species Clause: Limit one of each Pokémon
|rule|Item Clause: Limit 1 of each item
|clearpoke
|poke|p1|Dragonite, L50, M|
|poke|p1|Electabuzz, L50, F|
|poke|p1|Indeedee, L50, M|
|poke|p1|Sneasler, L50, M|
|poke|p1|Talonflame, L50, M|
|poke|p1|Ursaluna-Bloodmoon, L50, M|
|poke|p2|Toedscruel, L50, F|
|poke|p2|Weezing-Galar, L50, M|
|poke|p2|Pawmot, L50, F|
|poke|p2|Typhlosion-Hisui, L50, M|
|poke|p2|Garchomp, L50, F|
|poke|p2|Dragonite, L50, M|
|teampreview|4
|showteam|p1|Dragonite||LoadedDice|Multiscale|ScaleShot,StompingTantrum,Haze,Protect|||M|||50|,,,,,Fairy]Electabuzz||Eviolite|VitalSpirit|Electroweb,FollowMe,Taunt,Protect|||F|||50|,,,,,Dragon]Indeedee||FocusSash|PsychicSurge|ExpandingForce,HelpingHand,TrickRoom,Imprison|||M|||50|,,,,,Psychic]Sneasler||PsychicSeed|Unburden|DireClaw,CloseCombat,ThroatChop,Protect|||M|||50|,,,,,Stellar]Talonflame||CovertCloak|GaleWings|FlareBlitz,DualWingbeat,WillOWisp,Tailwind|||M|||50|,,,,,Stellar]Ursaluna-Bloodmoon||LifeOrb|MindsEye|BloodMoon,HyperVoice,EarthPower,Protect|||M|||50|,,,,,Normal
|showteam|p2|Toedscruel||CovertCloak|MyceliumMight|RagePowder,Spore,EarthPower,AcidSpray|||F|||50|,,,,,Water]Weezing-Galar||ChoiceSpecs|NeutralizingGas|DazzlingGleam,SludgeBomb,StrangeSteam,Flamethrower|||M|||50|,,,,,Grass]Pawmot||FocusSash|NaturalCure|FakeOut,CloseCombat,DoubleShock,Protect|||F|||50|,,,,,Electric]Typhlosion-Hisui||ChoiceScarf|Blaze|Eruption,ShadowBall,HeatWave,SleepTalk|||M|||50|,,,,,Fire]Garchomp||LifeOrb|RoughSkin|Earthquake,StompingTantrum,DragonClaw,Protect|||F|||50|,,,,,Ground]Dragonite||LoadedDice|Multiscale|ScaleShot,Tailwind,TeraBlast,Protect|||M|||50|,,,,,Flying
|
|t:|1756553747
|teamsize|p1|4
|teamsize|p2|4
|start
|switch|p1a: Talonflame|Talonflame, L50, M, shiny|100/100
|switch|p1b: Ursaluna|Ursaluna-Bloodmoon, L50, M|100/100
|switch|p2a: Dragonite|Dragonite, L50, M|100/100
|switch|p2b: Pawmot|Pawmot, L50, F|100/100
|turn|1
|inactive|Battle timer is ON: inactive players will automatically lose when time's up. (requested by capspungo)
|inactive|LookBackInBanger has 60 seconds left.
|
|t:|1756553790
|move|p1b: Ursaluna|Protect|p1b: Ursaluna
|-singleturn|p1b: Ursaluna|Protect
|move|p2b: Pawmot|Fake Out|p1b: Ursaluna
|-activate|p1b: Ursaluna|move: Protect
|move|p1a: Talonflame|Dual Wingbeat|p2b: Pawmot
|-damage|p2b: Pawmot|76/100
|-damage|p2b: Pawmot|47/100
|-hitcount|p2b: Pawmot|2
|move|p2a: Dragonite|Tailwind|p2a: Dragonite
|-sidestart|p2: capspungo|move: Tailwind
|
|upkeep
|turn|2
|inactive|LookBackInBanger has 30 seconds left.
|inactive|capspungo has 30 seconds left.
|
|t:|1756553823
|move|p2b: Pawmot|Protect|p2b: Pawmot
|-singleturn|p2b: Pawmot|Protect
|move|p1a: Talonflame|Tailwind|p1a: Talonflame
|-sidestart|p1: LookBackInBanger|move: Tailwind
|move|p2a: Dragonite|Scale Shot|p1b: Ursaluna
|-damage|p1b: Ursaluna|88/100
|-damage|p1b: Ursaluna|75/100
|-damage|p1b: Ursaluna|62/100
|-damage|p1b: Ursaluna|48/100
|-hitcount|p1b: Ursaluna|4
|-unboost|p2a: Dragonite|def|1
|-boost|p2a: Dragonite|spe|1
|move|p1b: Ursaluna|Hyper Voice|p2a: Dragonite|[spread] p2a
|-activate|p2b: Pawmot|move: Protect
|-damage|p2a: Dragonite|74/100
|-damage|p1b: Ursaluna|38/100|[from] item: Life Orb
|
|upkeep
|turn|3
|inactive|LookBackInBanger has 30 seconds left.
|inactive|capspungo has 30 seconds left.
|inactive|LookBackInBanger has 20 seconds left.
|inactive|LookBackInBanger has 15 seconds left.
|inactive|LookBackInBanger has 10 seconds left.
|inactive|LookBackInBanger has 5 seconds left.
|
|t:|1756553874
|move|p1a: Talonflame|Dual Wingbeat|p2b: Pawmot
|-damage|p2b: Pawmot|20/100
|-damage|p2b: Pawmot|0 fnt
|faint|p2b: Pawmot
|-hitcount|p2: Pawmot|2
|move|p2a: Dragonite|Scale Shot|p1a: Talonflame
|-damage|p1a: Talonflame|76/100
|-damage|p1a: Talonflame|52/100
|-crit|p1a: Talonflame
|-damage|p1a: Talonflame|17/100
|-damage|p1a: Talonflame|0 fnt
|faint|p1a: Talonflame
|-hitcount|p1: Talonflame|4
|-unboost|p2a: Dragonite|def|1
|-boost|p2a: Dragonite|spe|1
|move|p1b: Ursaluna|Blood Moon|p2a: Dragonite
|-damage|p2a: Dragonite|0 fnt
|faint|p2a: Dragonite
|-damage|p1b: Ursaluna|29/100|[from] item: Life Orb
|
|upkeep
|inactive|LookBackInBanger has 30 seconds left.
|inactive|LookBackInBanger has 20 seconds left.
|inactive|LookBackInBanger has 15 seconds left.
|
|t:|1756553917
|switch|p1a: Sneasler|Sneasler, L50, M|100/100
|switch|p2b: Garchomp|Garchomp, L50, F|100/100
|switch|p2a: Typhlosion|Typhlosion-Hisui, L50, M|100/100
|turn|4
|inactive|LookBackInBanger has 30 seconds left.
|inactive|capspungo has 30 seconds left.
|
|t:|1756553944
|-terastallize|p2b: Garchomp|Ground
|move|p1a: Sneasler|Protect|p1a: Sneasler
|-singleturn|p1a: Sneasler|Protect
|move|p1b: Ursaluna|Protect|p1b: Ursaluna
|-singleturn|p1b: Ursaluna|Protect
|move|p2a: Typhlosion|Eruption|p1a: Sneasler|[spread] 
|-activate|p1a: Sneasler|move: Protect
|-activate|p1b: Ursaluna|move: Protect
|move|p2b: Garchomp|Earthquake|p1b: Ursaluna|[spread] p2a
|-activate|p1a: Sneasler|move: Protect
|-activate|p1b: Ursaluna|move: Protect
|-supereffective|p2a: Typhlosion
|-damage|p2a: Typhlosion|0 fnt
|faint|p2a: Typhlosion
|-damage|p2b: Garchomp|91/100|[from] item: Life Orb
|
|-sideend|p2: capspungo|move: Tailwind
|upkeep
|turn|5
|inactive|LookBackInBanger has 30 seconds left.
|
|t:|1756553972
|move|p2b: Garchomp|Protect|p2b: Garchomp
|-singleturn|p2b: Garchomp|Protect
|move|p1a: Sneasler|Close Combat|p2b: Garchomp
|-activate|p2b: Garchomp|move: Protect
|move|p1b: Ursaluna|Blood Moon|p2b: Garchomp
|-activate|p2b: Garchomp|move: Protect
|
|-sideend|p1: LookBackInBanger|move: Tailwind
|upkeep
|turn|6
|inactive|LookBackInBanger has 30 seconds left.
|
|t:|1756554004
|-terastallize|p1a: Sneasler|Stellar
|move|p1a: Sneasler|Close Combat|p2b: Garchomp
|-damage|p2b: Garchomp|4/100
|-unboost|p1a: Sneasler|def|1
|-unboost|p1a: Sneasler|spd|1
|-damage|p1a: Sneasler|88/100|[from] ability: Rough Skin|[of] p2b: Garchomp
|move|p2b: Garchomp|Earthquake|p1b: Ursaluna|[spread] p1a,p1b
|-supereffective|p1a: Sneasler
|-damage|p1a: Sneasler|0 fnt
|-damage|p1b: Ursaluna|0 fnt
|faint|p1a: Sneasler
|faint|p1b: Ursaluna
|-damage|p2b: Garchomp|0 fnt|[from] item: Life Orb
|faint|p2b: Garchomp
|
|win|LookBackInBanger
|raw|LookBackInBanger's rating: 1086 → 1117(+31 for winning)
|raw|capspungo's rating: 1134 → 1106(-28 for losing)
|c|☆LookBackInBanger|ggs!
|l|☆capspungo
|player|p2|
