|j|☆umegs
|j|☆tdrizzle
|html|umegstdrizzle    
|uhtml|bestof|Game 1 of a best-of-3
|t:|1757810126
|gametype|doubles
|player|p1|umegs|waitress-gen4|
|player|p2|tdrizzle|benga|
|gen|9
|tier|[Gen 9] VGC 2025 Reg H (Bo3)
|rule|Species Clause: Limit one of each Pokémon
|rule|Item Clause: Limit 1 of each item
|clearpoke
|poke|p1|Dondozo, L50, F|
|poke|p1|Tatsugiri-Stretchy, L50, F|
|poke|p1|Annihilape, L50, M|
|poke|p1|Dragonite, L50, M|
|poke|p1|Volcarona, L50, F|
|poke|p1|Rillaboom, L50, M|
|poke|p2|Rillaboom, L50, F|
|poke|p2|Sneasler, L50, M|
|poke|p2|Ninetales-Alola, L50, M|
|poke|p2|Incineroar, L50, F|
|poke|p2|Glaceon, L50, F|
|poke|p2|Electabuzz, L50, M|
|teampreview|4
|showteam|p1|Dondozo||Leftovers|Unaware|Protect,WaveCrash,Fissure,Yawn|||F|||50|,,,,,Electric]Tatsugiri-Stretchy||SafetyGoggles|Commander|DracoMeteor,MuddyWater,IcyWind,Taunt|||F|||50|,,,,,Dark]Annihilape||FocusSash|Defiant|RageFist,CloseCombat,StealthRock,Coaching|||M|||50|,,,,,Fire]Dragonite||LoadedDice|Multiscale|ScaleShot,ExtremeSpeed,FireSpin,Protect|||M|||50|,,,,,Normal]Volcarona||SitrusBerry|FlameBody|HeatWave,TeraBlast,QuiverDance,Protect|||F|||50|,,,,,Fairy]Rillaboom||AssaultVest|GrassySurge|WoodHammer,Uturn,GrassyGlide,FakeOut|||M|||50|,,,,,Fire
|showteam|p2|Rillaboom||AssaultVest|GrassySurge|WoodHammer,GrassyGlide,Uturn,FakeOut|||F|||50|,,,,,Poison]Sneasler||GrassySeed|Unburden|RockSlide,DireClaw,CloseCombat,Protect|||M|||50|,,,,,Rock]Ninetales-Alola||FocusSash|SnowWarning|Blizzard,FreezeDry,Encore,Protect|||M|||50|,,,,,Ice]Incineroar||SafetyGoggles|Intimidate|FlareBlitz,KnockOff,PartingShot,FakeOut|||F|||50|,,,,,Ghost]Glaceon||BrightPowder|SnowCloak|Blizzard,TeraBlast,Haze,Detect|||F|||50|,,,,,Water]Electabuzz||Eviolite|Static|VoltSwitch,FollowMe,Taunt,HelpingHand|||M|||50|,,,,,Grass
|
|t:|1757810187
|teamsize|p1|4
|teamsize|p2|4
|start
|switch|p1a: Twink2|Dragonite, L50, M|100/100
|switch|p1b: Johnny Yong Bosch|Annihilape, L50, M, shiny|100/100
|switch|p2a: Rainbow|Ninetales-Alola, L50, M, shiny|100/100
|switch|p2b: Kaguya|Glaceon, L50, F, shiny|100/100
|-weather|Snowscape|[from] ability: Snow Warning|[of] p2a: Rainbow
|turn|1
|
|t:|1757810211
|move|p2a: Rainbow|Protect|p2a: Rainbow
|-singleturn|p2a: Rainbow|Protect
|move|p1b: Johnny Yong Bosch|Stealth Rock|p2a: Rainbow
|-sidestart|p2: tdrizzle|move: Stealth Rock
|move|p1a: Twink2|Fire Spin|p2a: Rainbow
|-activate|p2a: Rainbow|move: Protect
|move|p2b: Kaguya|Blizzard|p1b: Johnny Yong Bosch|[spread] p1a,p1b
|-supereffective|p1a: Twink2
|-damage|p1a: Twink2|21/100
|-damage|p1b: Johnny Yong Bosch|56/100
|-status|p1a: Twink2|frz
|
|-weather|Snowscape|[upkeep]
|upkeep
|turn|2
|
|t:|1757810259
|move|p2a: Rainbow|Encore|p1b: Johnny Yong Bosch
|-start|p1b: Johnny Yong Bosch|Encore
|move|p1b: Johnny Yong Bosch|Stealth Rock||[still]
|-fail|p1b: Johnny Yong Bosch
|-curestatus|p1a: Twink2|frz|[msg]
|move|p1a: Twink2|Scale Shot|p2b: Kaguya|[miss]
|-miss|p1a: Twink2|p2b: Kaguya
|move|p2b: Kaguya|Blizzard|p1a: Twink2|[spread] p1a,p1b
|-supereffective|p1a: Twink2
|-crit|p1a: Twink2
|-damage|p1a: Twink2|0 fnt
|-damage|p1b: Johnny Yong Bosch|13/100
|faint|p1a: Twink2
|
|-weather|Snowscape|[upkeep]
|upkeep
|
|t:|1757810275
|switch|p1a: Clockwork|Volcarona, L50, F|100/100
|turn|3
|
|t:|1757810295
|move|p2a: Rainbow|Protect|p2a: Rainbow
|-singleturn|p2a: Rainbow|Protect
|move|p1b: Johnny Yong Bosch|Stealth Rock||[still]
|-fail|p1b: Johnny Yong Bosch
|move|p1a: Clockwork|Heat Wave|p2a: Rainbow|[spread] 
|-activate|p2a: Rainbow|move: Protect
|-miss|p1a: Clockwork|p2b: Kaguya
|move|p2b: Kaguya|Blizzard|p1a: Clockwork|[spread] p1a,p1b
|-resisted|p1a: Clockwork
|-damage|p1a: Clockwork|83/100
|-damage|p1b: Johnny Yong Bosch|0 fnt
|faint|p1b: Johnny Yong Bosch
|
|-weather|Snowscape|[upkeep]
|upkeep
|
|t:|1757810308
|switch|p1b: green incenoroar|Rillaboom, L50, M, shiny|100/100
|-fieldstart|move: Grassy Terrain|[from] ability: Grassy Surge|[of] p1b: green incenoroar
|turn|4
|
|t:|1757810334
|-terastallize|p2b: Kaguya|Water
|move|p1b: green incenoroar|Fake Out|p2a: Rainbow
|-damage|p2a: Rainbow|86/100
|cant|p2a: Rainbow|flinch
|move|p1a: Clockwork|Quiver Dance|p1a: Clockwork
|-boost|p1a: Clockwork|spa|1
|-boost|p1a: Clockwork|spd|1
|-boost|p1a: Clockwork|spe|1
|move|p2b: Kaguya|Tera Blast|p1a: Clockwork|[anim] Tera Blast Water
|-supereffective|p1a: Clockwork
|-damage|p1a: Clockwork|32/100
|-enditem|p1a: Clockwork|Sitrus Berry|[eat]
|-heal|p1a: Clockwork|57/100|[from] item: Sitrus Berry
|
|-weather|Snowscape|[upkeep]
|-heal|p1a: Clockwork|63/100|[from] Grassy Terrain
|-heal|p2a: Rainbow|92/100|[from] Grassy Terrain
|upkeep
|turn|5
|
|t:|1757810359
|move|p1b: green incenoroar|Grassy Glide|p2b: Kaguya
|-supereffective|p2b: Kaguya
|-damage|p2b: Kaguya|20/100
|move|p1a: Clockwork|Heat Wave|p2a: Rainbow|[spread] p2a,p2b
|-supereffective|p2a: Rainbow
|-resisted|p2b: Kaguya
|-damage|p2a: Rainbow|0 fnt
|-damage|p2b: Kaguya|0 fnt
|faint|p2a: Rainbow
|faint|p2b: Kaguya
|
|-weather|none
|-heal|p1a: Clockwork|69/100|[from] Grassy Terrain
|upkeep
|
|t:|1757810379
|switch|p2a: Tony the Tiger|Incineroar, L50, F, shiny|100/100
|switch|p2b: MOKEY|Rillaboom, L50, F, shiny|100/100
|-damage|p2b: MOKEY|88/100|[from] Stealth Rock
|-damage|p2a: Tony the Tiger|76/100|[from] Stealth Rock
|-ability|p2a: Tony the Tiger|Intimidate|boost
|-unboost|p1a: Clockwork|atk|1
|-unboost|p1b: green incenoroar|atk|1
|turn|6
|
|t:|1757810420
|-terastallize|p1a: Clockwork|Fairy
|move|p2b: MOKEY|Fake Out|p1a: Clockwork
|-crit|p1a: Clockwork
|-damage|p1a: Clockwork|46/100
|cant|p1a: Clockwork|flinch
|move|p1b: green incenoroar|U-turn|p2b: MOKEY
|-supereffective|p2b: MOKEY
|-damage|p2b: MOKEY|54/100
|move|p2a: Tony the Tiger|Flare Blitz|p1a: Clockwork
|-crit|p1a: Clockwork
|-damage|p1a: Clockwork|0 fnt
|faint|p1a: Clockwork
|-damage|p2a: Tony the Tiger|61/100|[from] Recoil
|
|-heal|p2b: MOKEY|60/100|[from] Grassy Terrain
|-heal|p2a: Tony the Tiger|67/100|[from] Grassy Terrain
|upkeep
|turn|7
|
|t:|1757810444
|move|p2b: MOKEY|U-turn|p1b: green incenoroar
|-supereffective|p1b: green incenoroar
|-damage|p1b: green incenoroar|50/100
|move|p1b: green incenoroar|U-turn|p2b: MOKEY
|-supereffective|p2b: MOKEY
|-damage|p2b: MOKEY|24/100
|move|p2a: Tony the Tiger|Flare Blitz|p1b: green incenoroar
|-supereffective|p1b: green incenoroar
|-damage|p1b: green incenoroar|0 fnt
|faint|p1b: green incenoroar
|-damage|p2a: Tony the Tiger|51/100|[from] Recoil
|
|win|tdrizzle
||umegs is ready for game 2.
|inactive|tdrizzle has 30 seconds to confirm battle start!
||tdrizzle is ready for game 2.
|uhtml|next|Next: Game 2 of 3
