|j|☆TotalYinser6643
|j|☆fernsthedruids
|html|TotalYinser6643fernsthedruids    
|uhtml|bestof|Game 1 of a best-of-3
|t:|1757818813
|gametype|doubles
|player|p1|TotalYinser6643|170|1132
|player|p2|fernsthedruids|1|1179
|gen|9
|tier|[Gen 9] VGC 2025 Reg H (Bo3)
|rated|
|rule|Species Clause: Limit one of each Pokémon
|rule|Item Clause: Limit 1 of each item
|clearpoke
|poke|p1|Pelipper, L50, M|
|poke|p1|Archaludon, L50, M|
|poke|p1|Ludicolo, L50, M|
|poke|p1|Baxcalibur, L50, F|
|poke|p1|Annihilape, L50, F|
|poke|p1|Incineroar, L50, M|
|poke|p2|Tyranitar, L50, M|
|poke|p2|Indeedee, L50, M|
|poke|p2|Excadrill, L50, F|
|poke|p2|Talonflame, L50, M|
|poke|p2|Dragonite, L50, F|
|poke|p2|Gholdengo, L50|
|teampreview|4
|showteam|p1|Pelipper||FocusSash|Drizzle|Tailwind,WeatherBall,Hurricane,Uturn|||M|||50|,,,,,Ghost]Archaludon||PowerHerb|Sturdy|Protect,DracoMeteor,FlashCannon,ElectroShot|||M|||50|,,,,,Fairy]Ludicolo||AssaultVest|SwiftSwim|MuddyWater,LeafStorm,IcyWind,FakeOut|||M|||50|,,,,,Water]Baxcalibur||LifeOrb|ThermalExchange|Protect,IcicleCrash,IceShard,HighHorsepower|||F|||50|,,,,,Poison]Annihilape||SafetyGoggles|Defiant|Protect,DrainPunch,RageFist,BulkUp|||F|||50|,,,,,Fire]Incineroar||SitrusBerry|Intimidate|KnockOff,Taunt,PartingShot,FakeOut|||M|||50|,,,,,Ghost
|showteam|p2|Tyranitar||ClearAmulet|SandStream|Protect,KnockOff,RockSlide,DragonDance|||M|||50|,,,,,Flying]Indeedee||ChoiceScarf|PsychicSurge|ExpandingForce,TeraBlast,Trick,Protect|||M|||50|,,,,,Psychic]Excadrill||ChoiceBand|SandRush|Earthquake,HighHorsepower,IronHead,RockSlide|||F|||50|,,,,,Ground]Talonflame||CovertCloak|GaleWings|FlareBlitz,Taunt,Tailwind,BraveBird|||M|||50|,,,,,Flying]Dragonite||LoadedDice|InnerFocus|ScaleShot,Protect,Haze,Tailwind|||F|||50|,,,,,Fairy]Gholdengo||LifeOrb|GoodasGold|Protect,NastyPlot,ShadowBall,MakeItRain||||||50|,,,,,Flying
|inactive|Battle timer is ON: inactive players will automatically lose when time's up. (requested by TotalYinser6643)
|inactive|fernsthedruids has 60 seconds left.
|
|t:|1757818908
|teamsize|p1|4
|teamsize|p2|4
|start
|switch|p1a: Incineroar|Incineroar, L50, M|100/100
|switch|p1b: Baxcalibur|Baxcalibur, L50, F|100/100
|switch|p2a: Indeedee|Indeedee, L50, M|100/100
|switch|p2b: Excadrill|Excadrill, L50, F|100/100
|-fieldstart|move: Psychic Terrain|[from] ability: Psychic Surge|[of] p2a: Indeedee
|-ability|p1a: Incineroar|Intimidate|boost
|-unboost|p2a: Indeedee|atk|1
|-unboost|p2b: Excadrill|atk|1
|turn|1
|inactive|TotalYinser6643 has 30 seconds left.
|
|t:|1757818934
|-terastallize|p2a: Indeedee|Psychic
|move|p1b: Baxcalibur|Protect|p1b: Baxcalibur
|-singleturn|p1b: Baxcalibur|Protect
|move|p2a: Indeedee|Expanding Force|p1b: Baxcalibur|[spread] 
|-activate|p1b: Baxcalibur|move: Protect
|-immune|p1a: Incineroar
|move|p2b: Excadrill|High Horsepower|p1a: Incineroar
|-supereffective|p1a: Incineroar
|-damage|p1a: Incineroar|4/100
|-enditem|p1a: Incineroar|Sitrus Berry|[eat]
|-heal|p1a: Incineroar|29/100|[from] item: Sitrus Berry
|move|p1a: Incineroar|Knock Off|p2a: Indeedee
|-supereffective|p2a: Indeedee
|-damage|p2a: Indeedee|0 fnt
|-enditem|p2a: Indeedee|Choice Scarf|[from] move: Knock Off|[of] p1a: Incineroar
|faint|p2a: Indeedee
|
|upkeep
|
|t:|1757818949
|switch|p2a: Tyranitar|Tyranitar, L50, M|100/100
|-weather|Sandstorm|[from] ability: Sand Stream|[of] p2a: Tyranitar
|turn|2
|inactive|TotalYinser6643 has 30 seconds left.
|
|t:|1757818980
|switch|p1a: Pelipper|Pelipper, L50, M|100/100
|-weather|RainDance|[from] ability: Drizzle|[of] p1a: Pelipper
|move|p2b: Excadrill|High Horsepower|p1b: Baxcalibur
|-damage|p1b: Baxcalibur|52/100
|move|p1b: Baxcalibur|Icicle Crash|p2a: Tyranitar
|-damage|p2a: Tyranitar|38/100
|-damage|p1b: Baxcalibur|42/100|[from] item: Life Orb
|cant|p2a: Tyranitar|flinch
|
|-weather|RainDance|[upkeep]
|upkeep
|turn|3
|
|t:|1757819000
|switch|p2a: Dragonite|Dragonite, L50, F|100/100
|move|p2b: Excadrill|High Horsepower|p1b: Baxcalibur
|-damage|p1b: Baxcalibur|0 fnt
|faint|p1b: Baxcalibur
|move|p1a: Pelipper|Tailwind|p1a: Pelipper
|-sidestart|p1: TotalYinser6643|move: Tailwind
|
|-weather|RainDance|[upkeep]
|upkeep
|
|t:|1757819013
|switch|p1b: Ludicolo|Ludicolo, L50, M|100/100
|turn|4
|
|t:|1757819033
|switch|p1a: Incineroar|Incineroar, L50, M|29/100
|-ability|p1a: Incineroar|Intimidate|boost
|-fail|p2a: Dragonite|unboost|Attack|[from] ability: Inner Focus|[of] p2a: Dragonite
|-unboost|p2b: Excadrill|atk|1
|switch|p2b: Tyranitar|Tyranitar, L50, M|38/100
|-weather|Sandstorm|[from] ability: Sand Stream|[of] p2b: Tyranitar
|move|p1b: Ludicolo|Leaf Storm|p2b: Tyranitar
|-supereffective|p2b: Tyranitar
|-damage|p2b: Tyranitar|0 fnt
|-unboost|p1b: Ludicolo|spa|2
|faint|p2b: Tyranitar
|move|p2a: Dragonite|Scale Shot|p1a: Incineroar|[miss]
|-miss|p2a: Dragonite|p1a: Incineroar
|
|-weather|Sandstorm|[upkeep]
|-damage|p1b: Ludicolo|95/100|[from] Sandstorm
|-damage|p1a: Incineroar|23/100|[from] Sandstorm
|-damage|p2a: Dragonite|94/100|[from] Sandstorm
|upkeep
|
|t:|1757819045
|switch|p2b: Excadrill|Excadrill, L50, F|100/100
|turn|5
|
|t:|1757819064
|switch|p1b: Pelipper|Pelipper, L50, M|100/100
|-weather|RainDance|[from] ability: Drizzle|[of] p1b: Pelipper
|move|p1a: Incineroar|Knock Off|p2b: Excadrill
|-damage|p2b: Excadrill|48/100
|-enditem|p2b: Excadrill|Choice Band|[from] move: Knock Off|[of] p1a: Incineroar
|move|p2b: Excadrill|Rock Slide|p1b: Pelipper|[spread] p1a
|-miss|p2b: Excadrill|p1b: Pelipper
|-supereffective|p1a: Incineroar
|-damage|p1a: Incineroar|0 fnt
|faint|p1a: Incineroar
|move|p2a: Dragonite|Tailwind|p2a: Dragonite
|-sidestart|p2: fernsthedruids|move: Tailwind
|
|-weather|RainDance|[upkeep]
|-fieldend|move: Psychic Terrain
|upkeep
|
|t:|1757819075
|switch|p1a: Ludicolo|Ludicolo, L50, M|95/100
|turn|6
|
|t:|1757819085
|-terastallize|p1a: Ludicolo|Water
|move|p2a: Dragonite|Protect|p2a: Dragonite
|-singleturn|p2a: Dragonite|Protect
|move|p1a: Ludicolo|Muddy Water|p2a: Dragonite|[spread] p2b
|-activate|p2a: Dragonite|move: Protect
|-supereffective|p2b: Excadrill
|-damage|p2b: Excadrill|0 fnt
|faint|p2b: Excadrill
|move|p1b: Pelipper|Hurricane|p2a: Dragonite
|-activate|p2a: Dragonite|move: Protect
|
|-weather|RainDance|[upkeep]
|-sideend|p1: TotalYinser6643|move: Tailwind
|upkeep
|turn|7
|
|t:|1757819095
|move|p2a: Dragonite|Scale Shot|p1b: Pelipper
|-damage|p1b: Pelipper|81/100
|-damage|p1b: Pelipper|61/100
|-damage|p1b: Pelipper|40/100
|-crit|p1b: Pelipper
|-damage|p1b: Pelipper|11/100
|-hitcount|p1b: Pelipper|4
|-unboost|p2a: Dragonite|def|1
|-boost|p2a: Dragonite|spe|1
|move|p1a: Ludicolo|Icy Wind|p2a: Dragonite
|-supereffective|p2a: Dragonite
|-damage|p2a: Dragonite|26/100
|-unboost|p2a: Dragonite|spe|1
|move|p1b: Pelipper|Hurricane|p2a: Dragonite
|-damage|p2a: Dragonite|0 fnt
|faint|p2a: Dragonite
|
|win|TotalYinser6643
||TotalYinser6643 is ready for game 2.
|inactive|fernsthedruids has 30 seconds to confirm battle start!
|inactive|fernsthedruids has 20 seconds to confirm battle start!
||fernsthedruids is ready for game 2.
|uhtml|next|Next: Game 2 of 3
