|j|☆dragonkenergy
|j|☆KKirby
|html|dragonkenergyKKirby    
|uhtml|bestof|Game 2 of a best-of-3
|t:|1755639144
|gametype|doubles
|player|p1|dragonkenergy|collector|1297
|player|p2|KKirby|266|1375
|gen|9
|tier|[Gen 9] VGC 2025 Reg H (Bo3)
|rated|
|rule|Species Clause: Limit one of each Pokémon
|rule|Item Clause: Limit 1 of each item
|clearpoke
|poke|p1|Murkrow, L50, F|
|poke|p1|Basculegion, L50, M|
|poke|p1|Gholdengo, L50|
|poke|p1|Kommo-o, L50, M|
|poke|p1|Volcarona, L50, M|
|poke|p1|Hippowdon, L50, M|
|poke|p2|Whimsicott, L50, F|
|poke|p2|Gholdengo, L50|
|poke|p2|Rillaboom, L50, M|
|poke|p2|Arcanine-Hisui, L50, M|
|poke|p2|Ursaluna-Bloodmoon, L50, M|
|poke|p2|Dragapult, L50, F|
|teampreview|4
|showteam|p1|Murkrow||Eviolite|Prankster|BraveBird,Tailwind,SunnyDay,Haze|||F|||50|,,,,,Grass]Basculegion||ChoiceScarf|Adaptability|WaveCrash,AquaJet,LastRespects,FlipTurn|||M|||50|,,,,,Grass]Gholdengo||ChoiceSpecs|GoodasGold|MakeItRain,ShadowBall,PowerGem,SteelBeam||||||50|,,,,,Steel]Kommo-o||LifeOrb|Soundproof|AuraSphere,ClangingScales,Flamethrower,Protect|||M|||50|,,,,,Fire]Volcarona||CovertCloak|FlameBody|StruggleBug,FieryDance,RagePowder,Protect|||M|||50|,,,,,Grass]Hippowdon||RockyHelmet|SandStream|Protect,Yawn,BodyPress,HighHorsepower|||M|||50|,,,,,Water
|showteam|p2|Whimsicott||CovertCloak|Prankster|Tailwind,LightScreen,Encore,Moonblast|||F|||50|,,,,,Steel]Gholdengo||GrassySeed|GoodasGold|NastyPlot,MakeItRain,ShadowBall,Protect||||||50|,,,,,Water]Rillaboom||AssaultVest|GrassySurge|DrumBeating,GrassyGlide,Uturn,FakeOut|||M|||50|,,,,,Fire]Arcanine-Hisui||SafetyGoggles|RockHead|FlareBlitz,RockSlide,ExtremeSpeed,Protect|||M|||50|,,,,,Fairy]Ursaluna-Bloodmoon||LifeOrb|MindsEye|BloodMoon,HyperVoice,EarthPower,Protect|||M|||50|,,,,,Water]Dragapult||ChoiceBand|ClearBody|DragonDarts,PhantomForce,Outrage,Uturn|||F|||50|,,,,,Dragon
|
|t:|1755639198
|teamsize|p1|4
|teamsize|p2|4
|start
|switch|p1a: Basculegion|Basculegion, L50, M|100/100
|switch|p1b: Murkrow|Murkrow, L50, F|100/100
|switch|p2a: Whimsicott|Whimsicott, L50, F|100/100
|switch|p2b: Gholdengo|Gholdengo, L50|100/100
|turn|1
|
|t:|1755639218
|switch|p2a: Rillaboom|Rillaboom, L50, M|100/100
|-fieldstart|move: Grassy Terrain|[from] ability: Grassy Surge|[of] p2a: Rillaboom
|-enditem|p2b: Gholdengo|Grassy Seed
|-boost|p2b: Gholdengo|def|1|[from] item: Grassy Seed
|move|p1b: Murkrow|Tailwind|p1b: Murkrow
|-sidestart|p1: dragonkenergy|move: Tailwind
|move|p1a: Basculegion|Flip Turn|p2b: Gholdengo
|-damage|p2b: Gholdengo|72/100
|
|t:|1755639227
|switch|p1a: Kommo-o|Kommo-o, L50, M|100/100|[from] Flip Turn
|move|p2b: Gholdengo|Nasty Plot|p2b: Gholdengo
|-boost|p2b: Gholdengo|spa|2
|
|-heal|p2b: Gholdengo|78/100|[from] Grassy Terrain
|upkeep
|turn|2
|
|t:|1755639245
|-terastallize|p1a: Kommo-o|Fire
|move|p2a: Rillaboom|Fake Out|p1a: Kommo-o
|-damage|p1a: Kommo-o|89/100
|move|p1b: Murkrow|Haze|p1b: Murkrow
|-clearallboost
|cant|p1a: Kommo-o|flinch
|move|p2b: Gholdengo|Make It Rain|p1a: Kommo-o|[spread] p1a,p1b
|-resisted|p1a: Kommo-o
|-damage|p1a: Kommo-o|63/100
|-damage|p1b: Murkrow|44/100
|-unboost|p2b: Gholdengo|spa|1
|
|-heal|p1a: Kommo-o|69/100|[from] Grassy Terrain
|-heal|p2b: Gholdengo|83/100|[from] Grassy Terrain
|upkeep
|turn|3
|
|t:|1755639275
|switch|p1b: Gholdengo|Gholdengo, L50|100/100
|move|p2b: Gholdengo|Protect|p2b: Gholdengo
|-singleturn|p2b: Gholdengo|Protect
|move|p1a: Kommo-o|Flamethrower|p2b: Gholdengo
|-activate|p2b: Gholdengo|move: Protect
|move|p2a: Rillaboom|U-turn|p1b: Gholdengo
|-resisted|p1b: Gholdengo
|-damage|p1b: Gholdengo|95/100
|
|t:|1755639285
|switch|p2a: Whimsicott|Whimsicott, L50, F|100/100|[from] U-turn
|
|-heal|p1a: Kommo-o|75/100|[from] Grassy Terrain
|-heal|p1b: Gholdengo|100/100|[from] Grassy Terrain
|-heal|p2b: Gholdengo|89/100|[from] Grassy Terrain
|upkeep
|turn|4
|
|t:|1755639307
|switch|p2b: Arcanine|Arcanine-Hisui, L50, M|100/100
|move|p2a: Whimsicott|Light Screen|p2a: Whimsicott
|-sidestart|p2: KKirby|move: Light Screen
|move|p1a: Kommo-o|Flamethrower|p2b: Arcanine
|-resisted|p2b: Arcanine
|-damage|p2b: Arcanine|88/100
|-damage|p1a: Kommo-o|66/100|[from] item: Life Orb
|move|p1b: Gholdengo|Make It Rain|p2a: Whimsicott|[spread] p2a,p2b
|-supereffective|p2a: Whimsicott
|-damage|p2a: Whimsicott|0 fnt
|-damage|p2b: Arcanine|24/100
|-unboost|p1b: Gholdengo|spa|1
|faint|p2a: Whimsicott
|
|-heal|p1a: Kommo-o|72/100|[from] Grassy Terrain
|-heal|p2b: Arcanine|30/100|[from] Grassy Terrain
|-sideend|p1: dragonkenergy|move: Tailwind
|upkeep
|
|t:|1755639322
|switch|p2a: Rillaboom|Rillaboom, L50, M|100/100
|turn|5
|
|t:|1755639334
|switch|p1b: Basculegion|Basculegion, L50, M|100/100
|move|p1a: Kommo-o|Protect|p1a: Kommo-o
|-singleturn|p1a: Kommo-o|Protect
|move|p2a: Rillaboom|Drum Beating|p1b: Basculegion
|-supereffective|p1b: Basculegion
|-damage|p1b: Basculegion|0 fnt
|faint|p1b: Basculegion
|move|p2b: Arcanine|Flare Blitz|p1a: Kommo-o
|-activate|p1a: Kommo-o|move: Protect
|
|-heal|p1a: Kommo-o|78/100|[from] Grassy Terrain
|-heal|p2b: Arcanine|35/100|[from] Grassy Terrain
|-fieldend|move: Grassy Terrain
|upkeep
|
|t:|1755639341
|switch|p1b: Murkrow|Murkrow, L50, F|44/100
|turn|6
|
|t:|1755639358
|switch|p2b: Gholdengo|Gholdengo, L50|89/100
|move|p1a: Kommo-o|Protect||[still]
|-fail|p1a: Kommo-o
|move|p1b: Murkrow|Tailwind|p1b: Murkrow
|-sidestart|p1: dragonkenergy|move: Tailwind
|move|p2a: Rillaboom|U-turn|p1b: Murkrow
|-damage|p1b: Murkrow|17/100
|
|t:|1755639366
|switch|p2a: Arcanine|Arcanine-Hisui, L50, M|35/100|[from] U-turn
|
|upkeep
|turn|7
|
|t:|1755639391
|switch|p2a: Rillaboom|Rillaboom, L50, M|100/100
|-fieldstart|move: Grassy Terrain|[from] ability: Grassy Surge|[of] p2a: Rillaboom
|move|p1a: Kommo-o|Aura Sphere|p2a: Rillaboom
|-damage|p2a: Rillaboom|74/100
|-damage|p1a: Kommo-o|68/100|[from] item: Life Orb
|move|p1b: Murkrow|Brave Bird|p2a: Rillaboom
|-supereffective|p2a: Rillaboom
|-damage|p2a: Rillaboom|0 fnt
|faint|p2a: Rillaboom
|-damage|p1b: Murkrow|0 fnt|[from] Recoil
|faint|p1b: Murkrow
|move|p2b: Gholdengo|Shadow Ball|p1a: Kommo-o
|-damage|p1a: Kommo-o|21/100
|-unboost|p1a: Kommo-o|spd|1
|
|-heal|p1a: Kommo-o|27/100|[from] Grassy Terrain
|-heal|p2b: Gholdengo|95/100|[from] Grassy Terrain
|upkeep
|
|t:|1755639409
|switch|p2a: Arcanine|Arcanine-Hisui, L50, M|35/100
|switch|p1b: Gholdengo|Gholdengo, L50|100/100
|turn|8
|
|t:|1755639440
|-terastallize|p2b: Gholdengo|Water
|move|p2a: Arcanine|Protect|p2a: Arcanine
|-singleturn|p2a: Arcanine|Protect
|move|p1a: Kommo-o|Clanging Scales|p2a: Arcanine|[spread] p2b
|-activate|p2a: Arcanine|move: Protect
|-damage|p2b: Gholdengo|62/100
|-unboost|p1a: Kommo-o|def|1
|-damage|p1a: Kommo-o|18/100|[from] item: Life Orb
|move|p1b: Gholdengo|Make It Rain|p2b: Gholdengo|[spread] p2b
|-activate|p2a: Arcanine|move: Protect
|-resisted|p2b: Gholdengo
|-damage|p2b: Gholdengo|38/100
|-unboost|p1b: Gholdengo|spa|1
|move|p2b: Gholdengo|Shadow Ball|p1b: Gholdengo
|-supereffective|p1b: Gholdengo
|-damage|p1b: Gholdengo|7/100
|
|-heal|p1a: Kommo-o|24/100|[from] Grassy Terrain
|-heal|p1b: Gholdengo|13/100|[from] Grassy Terrain
|-heal|p2a: Arcanine|41/100|[from] Grassy Terrain
|-heal|p2b: Gholdengo|44/100|[from] Grassy Terrain
|-sideend|p2: KKirby|move: Light Screen
|upkeep
|turn|9
|
|t:|1755639469
|move|p1a: Kommo-o|Protect|p1a: Kommo-o
|-singleturn|p1a: Kommo-o|Protect
|move|p2a: Arcanine|Extreme Speed|p1a: Kommo-o
|-activate|p1a: Kommo-o|move: Protect
|move|p1b: Gholdengo|Make It Rain|p2b: Gholdengo|[spread] p2a,p2b
|-resisted|p2b: Gholdengo
|-damage|p2a: Arcanine|0 fnt
|-damage|p2b: Gholdengo|17/100
|-unboost|p1b: Gholdengo|spa|1
|faint|p2a: Arcanine
|move|p2b: Gholdengo|Shadow Ball|p1b: Gholdengo
|-supereffective|p1b: Gholdengo
|-damage|p1b: Gholdengo|0 fnt
|faint|p1b: Gholdengo
|
|-heal|p1a: Kommo-o|30/100|[from] Grassy Terrain
|-heal|p2b: Gholdengo|23/100|[from] Grassy Terrain
|-sideend|p1: dragonkenergy|move: Tailwind
|upkeep
|turn|10
|
|t:|1755639477
|move|p2b: Gholdengo|Protect|p2b: Gholdengo
|-singleturn|p2b: Gholdengo|Protect
|move|p1a: Kommo-o|Clanging Scales|p2b: Gholdengo
|-activate|p2b: Gholdengo|move: Protect
|
|-heal|p1a: Kommo-o|36/100|[from] Grassy Terrain
|-heal|p2b: Gholdengo|29/100|[from] Grassy Terrain
|upkeep
|turn|11
|
|t:|1755639483
|move|p1a: Kommo-o|Clanging Scales|p2b: Gholdengo
|-damage|p2b: Gholdengo|0 fnt
|faint|p2b: Gholdengo
|-damage|p1a: Kommo-o|27/100|[from] item: Life Orb
|
|win|dragonkenergy
|raw|dragonkenergy's rating: 1297 → 1328(+31 for winning)
|raw|KKirby's rating: 1375 → 1351(-24 for losing)
|c|☆KKirby|ggwp
