|j|☆Ryan Hawkins
|j|☆gamer3DRider
|html|Ryan Hawkinsgamer3DRider    
|uhtml|bestof|Game 2 of a best-of-3
|t:|1757654021
|gametype|doubles
|player|p1|Ryan Hawkins|2|1086
|player|p2|gamer3DRider|266|1068
|gen|9
|tier|[Gen 9] VGC 2025 Reg H (Bo3)
|rated|
|rule|Species Clause: Limit one of each Pokémon
|rule|Item Clause: Limit 1 of each item
|clearpoke
|poke|p1|Haxorus, L50, F|
|poke|p1|Whimsicott, L50, M|
|poke|p1|Ursaluna-Bloodmoon, L50, M|
|poke|p1|Spiritomb, L50, F|
|poke|p1|Kingambit, L50, M|
|poke|p1|Farigiraf, L50, M|
|poke|p2|Archaludon, L50, F|
|poke|p2|Tinkaton, L50, F|
|poke|p2|Gholdengo, L50|
|poke|p2|Incineroar, L50, F|
|poke|p2|Amoonguss, L50, M|
|poke|p2|Pelipper, L50, M|
|teampreview|4
|showteam|p1|Haxorus||LifeOrb|MoldBreaker|Protect,DragonClaw,PoisonJab,DragonDance|||F|||50|,,,,,Poison]Whimsicott||FocusSash|Prankster|Protect,Tailwind,Endeavor,EnergyBall|||M|||50|,,,,,Ghost]Ursaluna-Bloodmoon||ThroatSpray|MindsEye|Protect,BloodMoon,HyperVoice,EarthPower|||M|||50|,,,,,Grass]Spiritomb||BlackGlasses|Infiltrator|Protect,TrickRoom,DarkPulse,Snarl|||F|||50|,,,,,Steel]Kingambit||MuscleBand|Defiant|Protect,KowtowCleave,IronHead,SuckerPunch|||M|||50|,,,,,Ghost]Farigiraf||RoomService|ArmorTail|Protect,TeraBlast,ExpandingForce,TrickRoom|||M|||50|,,,,,Water
|showteam|p2|Archaludon||AssaultVest|Stamina|ElectroShot,FlashCannon,BodyPress,DracoMeteor|||F|||50|,,,,,Fairy]Tinkaton||Leftovers|OwnTempo|FakeOut,GigatonHammer,ThunderWave,PlayRough|||F|||50|,,,,,Ghost]Gholdengo||LifeOrb|GoodasGold|MakeItRain,NastyPlot,ShadowBall,Protect||||||50|,,,,,Fairy]Incineroar||SafetyGoggles|Intimidate|FakeOut,PartingShot,FlareBlitz,KnockOff|||F|||50|,,,,,Ghost]Amoonguss||RockyHelmet|Regenerator|SludgeBomb,Protect,Spore,RagePowder|||M|||50|,,,,,Water]Pelipper||CovertCloak|Drizzle|WeatherBall,Hurricane,Protect,Tailwind|||M|||50|,,,,,Ground
|inactive|Battle timer is ON: inactive players will automatically lose when time's up. (requested by gamer3DRider)
|inactive|Ryan Hawkins has 60 seconds left.
|
|t:|1757654057
|teamsize|p1|4
|teamsize|p2|4
|start
|switch|p1a: Farigiraf|Farigiraf, L50, M, shiny|100/100
|switch|p1b: Ursaluna|Ursaluna-Bloodmoon, L50, M|100/100
|switch|p2a: Tinkaton|Tinkaton, L50, F|100/100
|switch|p2b: Amoonguss|Amoonguss, L50, M|100/100
|turn|1
|inactive|gamer3DRider has 30 seconds left.
|
|t:|1757654087
|move|p2a: Tinkaton|Thunder Wave|p1a: Farigiraf
|-status|p1a: Farigiraf|par
|move|p1b: Ursaluna|Earth Power|p2a: Tinkaton
|-supereffective|p2a: Tinkaton
|-damage|p2a: Tinkaton|24/100
|cant|p1a: Farigiraf|par
|move|p2b: Amoonguss|Spore||[still]
|-fail|p2b: Amoonguss
|
|-heal|p2a: Tinkaton|30/100|[from] item: Leftovers
|upkeep
|turn|2
|
|t:|1757654109
|switch|p2a: Archaludon|Archaludon, L50, F|100/100
|-terastallize|p1b: Ursaluna|Grass
|move|p1b: Ursaluna|Hyper Voice|p2b: Amoonguss|[spread] p2a,p2b
|-resisted|p2a: Archaludon
|-damage|p2a: Archaludon|87/100
|-damage|p2b: Amoonguss|73/100
|-ability|p2a: Archaludon|Stamina|boost
|-boost|p2a: Archaludon|def|1
|-enditem|p1b: Ursaluna|Throat Spray
|-boost|p1b: Ursaluna|spa|1|[from] item: Throat Spray
|cant|p1a: Farigiraf|par
|move|p2b: Amoonguss|Spore|p1b: Ursaluna
|-immune|p1b: Ursaluna
|
|upkeep
|turn|3
|
|t:|1757654129
|move|p2a: Archaludon|Draco Meteor|p1b: Ursaluna|[miss]
|-miss|p2a: Archaludon|p1b: Ursaluna
|move|p1b: Ursaluna|Earth Power|p2a: Archaludon
|-supereffective|p2a: Archaludon
|-damage|p2a: Archaludon|0 fnt
|faint|p2a: Archaludon
|move|p1a: Farigiraf|Expanding Force|p2b: Amoonguss
|-supereffective|p2b: Amoonguss
|-damage|p2b: Amoonguss|13/100
|move|p2b: Amoonguss|Sludge Bomb|p1b: Ursaluna
|-supereffective|p1b: Ursaluna
|-damage|p1b: Ursaluna|53/100
|-status|p1b: Ursaluna|psn
|
|-damage|p1b: Ursaluna|40/100 psn|[from] psn
|upkeep
|
|t:|1757654135
|switch|p2a: Tinkaton|Tinkaton, L50, F|30/100
|turn|4
|
|t:|1757654150
|switch|p2b: Gholdengo|Gholdengo, L50|100/100
|move|p2a: Tinkaton|Gigaton Hammer|p1a: Farigiraf
|-damage|p1a: Farigiraf|48/100 par
|move|p1b: Ursaluna|Earth Power|p2a: Tinkaton
|-supereffective|p2a: Tinkaton
|-damage|p2a: Tinkaton|0 fnt
|faint|p2a: Tinkaton
|move|p1a: Farigiraf|Expanding Force|p2b: Gholdengo
|-resisted|p2b: Gholdengo
|-crit|p2b: Gholdengo
|-damage|p2b: Gholdengo|65/100
|
|-damage|p1b: Ursaluna|28/100 psn|[from] psn
|upkeep
|
|t:|1757654156
|switch|p2a: Amoonguss|Amoonguss, L50, M|46/100
|turn|5
|
|t:|1757654167
|switch|p1a: Whimsicott|Whimsicott, L50, M, shiny|100/100
|move|p1b: Ursaluna|Protect|p1b: Ursaluna
|-singleturn|p1b: Ursaluna|Protect
|move|p2b: Gholdengo|Make It Rain|p1a: Whimsicott|[spread] p1a
|-activate|p1b: Ursaluna|move: Protect
|-supereffective|p1a: Whimsicott
|-crit|p1a: Whimsicott
|-enditem|p1a: Whimsicott|Focus Sash
|-damage|p1a: Whimsicott|1/100
|-unboost|p2b: Gholdengo|spa|1
|-damage|p2b: Gholdengo|55/100|[from] item: Life Orb
|move|p2a: Amoonguss|Sludge Bomb|p1b: Ursaluna
|-activate|p1b: Ursaluna|move: Protect
|
|-damage|p1b: Ursaluna|16/100 psn|[from] psn
|upkeep
|turn|6
|
|t:|1757654186
|move|p1a: Whimsicott|Tailwind|p1a: Whimsicott
|-sidestart|p1: Ryan Hawkins|move: Tailwind
|move|p1b: Ursaluna|Hyper Voice|p2a: Amoonguss|[spread] p2a,p2b
|-resisted|p2b: Gholdengo
|-damage|p2a: Amoonguss|11/100
|-damage|p2b: Gholdengo|30/100
|move|p2b: Gholdengo|Make It Rain|p1b: Ursaluna|[spread] p1a,p1b
|-supereffective|p1a: Whimsicott
|-damage|p1a: Whimsicott|0 fnt
|-damage|p1b: Ursaluna|0 fnt
|-unboost|p2b: Gholdengo|spa|1
|faint|p1a: Whimsicott
|faint|p1b: Ursaluna
|-damage|p2b: Gholdengo|20/100|[from] item: Life Orb
|move|p2a: Amoonguss|Sludge Bomb|p1: Whimsicott|[notarget]
|-fail|p2a: Amoonguss
|
|upkeep
|
|t:|1757654202
|switch|p1a: Farigiraf|Farigiraf, L50, M, shiny|48/100 par
|switch|p1b: Kingambit|Kingambit, L50, M, shiny|100/100
|turn|7
|-message|gamer3DRider forfeited.
|
|win|Ryan Hawkins
|l|☆gamer3DRider
|player|p2|
||Ryan Hawkins is ready for game 3.
|inactive|gamer3DRider has 30 seconds to confirm battle start!
|inactive|gamer3DRider has 20 seconds to confirm battle start!
|inactive|gamer3DRider has 10 seconds to confirm battle start!
|uhtml|next|Next: Game 3 of 3
