|j|☆CrystalGem02
|j|☆liamvgc1
|html|CrystalGem02liamvgc1    
|uhtml|bestof|Game 1 of a best-of-3
|t:|1757855765
|gametype|doubles
|player|p1|CrystalGem02|valerie|1415
|player|p2|liamvgc1|unknown|1476
|gen|9
|tier|[Gen 9] VGC 2025 Reg H (Bo3)
|rated|
|rule|Species Clause: Limit one of each Pokémon
|rule|Item Clause: Limit 1 of each item
|clearpoke
|poke|p1|Electabuzz, L50, F|
|poke|p1|Kingambit, L50, M|
|poke|p1|Volcarona, L50, M|
|poke|p1|Dragonite, L50, F|
|poke|p1|Sneasler, L50, M|
|poke|p1|Rillaboom, L50, F|
|poke|p2|Incineroar, L50, M|
|poke|p2|Gholdengo, L50|
|poke|p2|Whimsicott, L50, F|
|poke|p2|Dragonite, L50, F|
|poke|p2|Garchomp, L50, M|
|poke|p2|Sneasler, L50, F|
|teampreview|4
|showteam|p1|Electabuzz||Eviolite|VitalSpirit|Thunderbolt,FollowMe,Taunt,Protect|||F|||50|,,,,,Ghost]Kingambit||BlackGlasses|Defiant|KowtowCleave,SuckerPunch,SwordsDance,Protect|||M|||50|,,,,,Dark]Volcarona||Leftovers|FlameBody|HeatWave,TeraBlast,QuiverDance,Protect|||M|||50|,,,,,Fairy]Dragonite||LoadedDice|Multiscale|ScaleShot,ExtremeSpeed,Haze,Protect|||F|||50|,,,,,Fairy]Sneasler||FocusSash|Unburden|DireClaw,CloseCombat,Coaching,FakeOut|||M|||50|,,,,,Stellar]Rillaboom||AssaultVest|GrassySurge|WoodHammer,GrassyGlide,HighHorsepower,FakeOut|||F|||50|,,,,,Fire
|showteam|p2|Incineroar||AssaultVest|Intimidate|FakeOut,KnockOff,FlareBlitz,Uturn|||M|||50|,,,,,Ghost]Gholdengo||ChoiceSpecs|GoodasGold|MakeItRain,ShadowBall,PowerGem,Trick||||||50|,,,,,Steel]Whimsicott||FocusSash|Prankster|Tailwind,Encore,Protect,Moonblast|||F|||50|,,,,,Ghost]Dragonite||ChoiceBand|InnerFocus|Outrage,StompingTantrum,ExtremeSpeed,IceSpinner|||F|||50|,,,,,Normal]Garchomp||LifeOrb|RoughSkin|Earthquake,StompingTantrum,DragonClaw,Protect|||M|||50|,,,,,Ground]Sneasler||WhiteHerb|Unburden|FakeOut,DireClaw,CloseCombat,Protect|||F|||50|,,,,,Stellar
|inactive|Battle timer is ON: inactive players will automatically lose when time's up. (requested by liamvgc1)
|inactive|CrystalGem02 has 60 seconds left.
|inactive|liamvgc1 has 60 seconds left.
|inactive|CrystalGem02 has 30 seconds left.
|inactive|liamvgc1 has 30 seconds left.
|inactive|liamvgc1 has 20 seconds left.
|inactive|liamvgc1 has 15 seconds left.
|
|t:|1757855845
|teamsize|p1|4
|teamsize|p2|4
|start
|switch|p1a: Electabuzz|Electabuzz, L50, F, shiny|100/100
|switch|p1b: Volcarona|Volcarona, L50, M, shiny|100/100
|switch|p2a: Sneasler|Sneasler, L50, F|100/100
|switch|p2b: Garchomp|Garchomp, L50, M|100/100
|turn|1
|inactive|CrystalGem02 has 30 seconds left.
|
|t:|1757855872
|switch|p2a: Dragonite|Dragonite, L50, F|100/100
|-terastallize|p2b: Garchomp|Ground
|move|p1b: Volcarona|Protect|p1b: Volcarona
|-singleturn|p1b: Volcarona|Protect
|move|p1a: Electabuzz|Protect|p1a: Electabuzz
|-singleturn|p1a: Electabuzz|Protect
|move|p2b: Garchomp|Earthquake|p1b: Volcarona|[spread] 
|-activate|p1a: Electabuzz|move: Protect
|-activate|p1b: Volcarona|move: Protect
|-immune|p2a: Dragonite
|
|upkeep
|turn|2
|inactive|CrystalGem02 has 30 seconds left.
|
|t:|1757855906
|-terastallize|p1a: Electabuzz|Ghost
|move|p1a: Electabuzz|Follow Me|p1a: Electabuzz
|-singleturn|p1a: Electabuzz|move: Follow Me
|move|p2a: Dragonite|Extreme Speed|p1a: Electabuzz
|-immune|p1a: Electabuzz
|move|p2b: Garchomp|Earthquake|p1a: Electabuzz|[spread] p1a,p1b
|-immune|p2a: Dragonite
|-damage|p1a: Electabuzz|53/100
|-damage|p1b: Volcarona|31/100
|-damage|p2b: Garchomp|91/100|[from] item: Life Orb
|move|p1b: Volcarona|Quiver Dance|p1b: Volcarona
|-boost|p1b: Volcarona|spa|1
|-boost|p1b: Volcarona|spd|1
|-boost|p1b: Volcarona|spe|1
|
|-heal|p1b: Volcarona|37/100|[from] item: Leftovers
|upkeep
|turn|3
|inactive|CrystalGem02 has 30 seconds left.
|inactive|CrystalGem02 has 20 seconds left.
|
|t:|1757855943
|move|p1b: Volcarona|Protect|p1b: Volcarona
|-singleturn|p1b: Volcarona|Protect
|move|p2a: Dragonite|Extreme Speed|p1b: Volcarona
|-activate|p1b: Volcarona|move: Protect
|move|p2b: Garchomp|Earthquake|p1a: Electabuzz|[spread] p1a
|-activate|p1b: Volcarona|move: Protect
|-immune|p2a: Dragonite
|-damage|p1a: Electabuzz|5/100
|-damage|p2b: Garchomp|81/100|[from] item: Life Orb
|move|p1a: Electabuzz|Thunderbolt|p2a: Dragonite
|-damage|p2a: Dragonite|70/100
|
|-heal|p1b: Volcarona|44/100|[from] item: Leftovers
|upkeep
|turn|4
|
|t:|1757855961
|move|p1a: Electabuzz|Follow Me|p1a: Electabuzz
|-singleturn|p1a: Electabuzz|move: Follow Me
|move|p2a: Dragonite|Extreme Speed|p1a: Electabuzz
|-immune|p1a: Electabuzz
|move|p1b: Volcarona|Heat Wave|p2a: Dragonite|[spread] p2a,p2b
|-resisted|p2a: Dragonite
|-damage|p2a: Dragonite|44/100
|-damage|p2b: Garchomp|25/100
|move|p2b: Garchomp|Earthquake|p1b: Volcarona|[spread] p1a,p1b
|-immune|p2a: Dragonite
|-crit|p1a: Electabuzz
|-damage|p1a: Electabuzz|0 fnt
|-damage|p1b: Volcarona|0 fnt
|faint|p1a: Electabuzz
|faint|p1b: Volcarona
|-damage|p2b: Garchomp|15/100|[from] item: Life Orb
|
|upkeep
|
|t:|1757855976
|switch|p1b: Sneasler|Sneasler, L50, M|100/100
|switch|p1a: Dragonite|Dragonite, L50, F, shiny|100/100
|turn|5
|
|t:|1757855998
|move|p2b: Garchomp|Protect|p2b: Garchomp
|-singleturn|p2b: Garchomp|Protect
|move|p2a: Dragonite|Extreme Speed|p1b: Sneasler
|-damage|p1b: Sneasler|15/100
|move|p1b: Sneasler|Dire Claw|p2b: Garchomp
|-activate|p2b: Garchomp|move: Protect
|move|p1a: Dragonite|Scale Shot|p2a: Dragonite
|-supereffective|p2a: Dragonite
|-damage|p2a: Dragonite|12/100
|-supereffective|p2a: Dragonite
|-damage|p2a: Dragonite|0 fnt
|faint|p2a: Dragonite
|-hitcount|p2: Dragonite|2
|-unboost|p1a: Dragonite|def|1
|-boost|p1a: Dragonite|spe|1
|
|upkeep
|
|t:|1757856015
|switch|p2a: Sneasler|Sneasler, L50, F|100/100
|turn|6
|
|t:|1757856032
|switch|p2b: Gholdengo|Gholdengo, L50|100/100
|move|p2a: Sneasler|Fake Out|p1a: Dragonite
|-damage|p1a: Dragonite|87/100
|cant|p1a: Dragonite|flinch
|move|p1b: Sneasler|Coaching|p1a: Dragonite
|-boost|p1a: Dragonite|atk|1
|-boost|p1a: Dragonite|def|1
|
|upkeep
|turn|7
|
|t:|1757856055
|move|p1a: Dragonite|Protect|p1a: Dragonite
|-singleturn|p1a: Dragonite|Protect
|move|p2a: Sneasler|Protect|p2a: Sneasler
|-singleturn|p2a: Sneasler|Protect
|move|p1b: Sneasler|Coaching|p1a: Dragonite
|-boost|p1a: Dragonite|atk|1
|-boost|p1a: Dragonite|def|1
|move|p2b: Gholdengo|Make It Rain|p1b: Sneasler|[spread] p1b
|-activate|p1a: Dragonite|move: Protect
|-damage|p1b: Sneasler|0 fnt
|-unboost|p2b: Gholdengo|spa|1
|faint|p1b: Sneasler
|
|upkeep
|turn|8
|inactive|CrystalGem02 has 30 seconds left.
|inactive|CrystalGem02 has 20 seconds left.
|
|t:|1757856093
|switch|p2b: Garchomp|Garchomp, L50, M, tera:Ground|15/100
|move|p2a: Sneasler|Protect||[still]
|-fail|p2a: Sneasler
|move|p1a: Dragonite|Scale Shot|p2a: Sneasler
|-damage|p2a: Sneasler|52/100
|-damage|p2a: Sneasler|0 fnt
|faint|p2a: Sneasler
|-hitcount|p2: Sneasler|2
|-unboost|p1a: Dragonite|def|1
|-boost|p1a: Dragonite|spe|1
|
|upkeep
|
|t:|1757856100
|switch|p2a: Gholdengo|Gholdengo, L50|100/100
|turn|9
|
|t:|1757856104
|move|p1a: Dragonite|Protect|p1a: Dragonite
|-singleturn|p1a: Dragonite|Protect
|move|p2b: Garchomp|Dragon Claw|p1a: Dragonite
|-activate|p1a: Dragonite|move: Protect
|move|p2a: Gholdengo|Make It Rain|p1a: Dragonite
|-activate|p1a: Dragonite|move: Protect
|
|upkeep
|turn|10
|
|t:|1757856114
|move|p1a: Dragonite|Extreme Speed|p2b: Garchomp
|-damage|p2b: Garchomp|0 fnt
|-damage|p1a: Dragonite|75/100|[from] ability: Rough Skin|[of] p2b: Garchomp
|faint|p2b: Garchomp
|move|p2a: Gholdengo|Make It Rain|p1a: Dragonite
|-damage|p1a: Dragonite|0 fnt
|-unboost|p2a: Gholdengo|spa|1
|faint|p1a: Dragonite
|
|win|liamvgc1
||CrystalGem02 is ready for game 2.
||liamvgc1 is ready for game 2.
|uhtml|next|Next: Game 2 of 3
|l|☆CrystalGem02
|player|p1|
