|j|☆komsu
|j|☆babydimelavelda
|html|komsubabydimelavelda    
|uhtml|bestof|Game 2 of a best-of-3
|t:|1785253931
|gametype|doubles
|player|p1|komsu|gambler|1304
|player|p2|babydimelavelda|169|1283
|gen|9
|tier|[Gen 9 Champions] VGC 2026 Reg M-B (Bo3)
|rated|
|rule|Species Clause: Limit one of each Pokémon
|rule|Item Clause: Limit 1 of each item
|clearpoke
|poke|p1|Scizor, L50, F|
|poke|p1|Kommo-o, L50, M|
|poke|p1|Charizard, L50, M|
|poke|p1|Incineroar, L50, M|
|poke|p1|Whimsicott, L50, M|
|poke|p1|Basculegion, L50, M|
|poke|p2|Tyranitar, L50, M|
|poke|p2|Excadrill, L50, F|
|poke|p2|Staraptor, L50, M|
|poke|p2|Sinistcha, L50|
|poke|p2|Gholdengo, L50|
|poke|p2|Milotic, L50, F|
|teampreview|4
|showteam|p1|Scizor||LifeOrb|Technician|BulletPunch,BrickBreak,DualWingbeat,Protect|Adamant||F|||50|]Kommo-o||Leftovers|Soundproof|AuraSphere,ClangingScales,ClangorousSoul,Protect|Modest||M|||50|]Charizard||CharizarditeY|Blaze|HeatWave,AncientPower,WeatherBall,Protect|Modest||M|||50|]Incineroar||SitrusBerry|Intimidate|ThroatChop,FlareBlitz,FakeOut,PartingShot|Impish||M|||50|]Whimsicott||FocusSash|Prankster|Moonblast,Tailwind,Protect,Encore|Timid||M|||50|]Basculegion||MysticWater|Adaptability|AquaJet,WaveCrash,LastRespects,Protect|Adamant||M|||50|
|showteam|p2|Tyranitar||Tyranitarite|SandStream|KnockOff,RockSlide,HighHorsepower,Protect|Jolly||M|||50|]Excadrill||FocusSash|SandRush|HighHorsepower,RockSlide,IronHead,Protect|Adamant||F|||50|]Staraptor||Staraptite|Intimidate|BraveBird,CloseCombat,Tailwind,Protect|Jolly||M|||50|]Sinistcha||KasibBerry|Hospitality|MatchaGotcha,RagePowder,ShadowBall,Protect|Bold|||||50|]Gholdengo||LifeOrb|GoodasGold|MakeItRain,ShadowBall,NastyPlot,Protect|Modest|||||50|]Milotic||Leftovers|Competitive|Scald,IcyWind,Haze,Protect|Calm||F|||50|
|
|t:|1785253990
|teamsize|p1|4
|teamsize|p2|4
|start
|switch|p1a: Charizard|Charizard, L50, M|100/100
|switch|p1b: Kommo-o|Kommo-o, L50, M|100/100
|switch|p2a: Gholdengo|Gholdengo, L50|100/100
|switch|p2b: Tyranitar|Tyranitar, L50, M|100/100
|-weather|Sandstorm|[from] ability: Sand Stream|[of] p2b: Tyranitar
|turn|1
|
|t:|1785254023
|move|p1a: Charizard|Protect|p1a: Charizard
|-singleturn|p1a: Charizard|Protect
|move|p2b: Tyranitar|Protect|p2b: Tyranitar
|-singleturn|p2b: Tyranitar|Protect
|move|p2a: Gholdengo|Protect|p2a: Gholdengo
|-singleturn|p2a: Gholdengo|Protect
|move|p1b: Kommo-o|Aura Sphere|p2b: Tyranitar
|-activate|p2b: Tyranitar|move: Protect
|
|-weather|Sandstorm|[upkeep]
|-damage|p1a: Charizard|93/100|[from] Sandstorm
|-damage|p1b: Kommo-o|94/100|[from] Sandstorm
|-heal|p1b: Kommo-o|100/100|[from] item: Leftovers
|upkeep
|turn|2
|
|t:|1785254060
|detailschange|p1a: Charizard|Charizard-Mega-Y, L50, M
|-mega|p1a: Charizard|Charizard|Charizardite Y
|-weather|SunnyDay|[from] ability: Drought|[of] p1a: Charizard
|detailschange|p2b: Tyranitar|Tyranitar-Mega, L50, M
|-mega|p2b: Tyranitar|Tyranitar|Tyranitarite
|-weather|Sandstorm|[from] ability: Sand Stream|[of] p2b: Tyranitar
|move|p1a: Charizard|Heat Wave|p2a: Gholdengo|[spread] p2a,p2b
|-supereffective|p2a: Gholdengo|1
|-resisted|p2b: Tyranitar|1
|-damage|p2a: Gholdengo|19/100
|-damage|p2b: Tyranitar|89/100
|move|p1b: Kommo-o|Aura Sphere|p2b: Tyranitar
|-supereffective|p2b: Tyranitar|2
|-damage|p2b: Tyranitar|6/100
|move|p2b: Tyranitar|Rock Slide|p1b: Kommo-o|[spread] p1a,p1b
|-supereffective|p1a: Charizard|2
|-resisted|p1b: Kommo-o|1
|-damage|p1a: Charizard|0 fnt
|-damage|p1b: Kommo-o|84/100
|faint|p1a: Charizard
|move|p2a: Gholdengo|Nasty Plot|p2a: Gholdengo
|-boost|p2a: Gholdengo|spa|2
|
|-weather|Sandstorm|[upkeep]
|-damage|p1b: Kommo-o|78/100|[from] Sandstorm
|-heal|p1b: Kommo-o|84/100|[from] item: Leftovers
|upkeep
|
|t:|1785254089
|switch|p1a: Basculegion|Basculegion, L50, M|100/100
|turn|3
|
|t:|1785254102
|switch|p2a: Sinistcha|Sinistcha, L50|100/100
|-heal|p2b: Tyranitar|31/100|[from] ability: Hospitality|[of] p2a: Sinistcha
|move|p2b: Tyranitar|Protect|p2b: Tyranitar
|-singleturn|p2b: Tyranitar|Protect
|move|p1a: Basculegion|Aqua Jet|p2a: Sinistcha
|-resisted|p2a: Sinistcha|1
|-crit|p2a: Sinistcha
|-damage|p2a: Sinistcha|81/100
|move|p1b: Kommo-o|Clangorous Soul|p1b: Kommo-o
|-boost|p1b: Kommo-o|atk|1
|-boost|p1b: Kommo-o|def|1
|-boost|p1b: Kommo-o|spa|1
|-boost|p1b: Kommo-o|spd|1
|-boost|p1b: Kommo-o|spe|1
|-damage|p1b: Kommo-o|51/100
|
|-weather|Sandstorm|[upkeep]
|-damage|p1b: Kommo-o|45/100|[from] Sandstorm
|-damage|p1a: Basculegion|94/100|[from] Sandstorm
|-damage|p2a: Sinistcha|76/100|[from] Sandstorm
|-heal|p1b: Kommo-o|51/100|[from] item: Leftovers
|upkeep
|turn|4
|
|t:|1785254128
|move|p1b: Kommo-o|Clanging Scales|p2b: Tyranitar|[spread] p2a,p2b
|-damage|p2a: Sinistcha|19/100
|-damage|p2b: Tyranitar|2/100
|-unboost|p1b: Kommo-o|def|1
|move|p2b: Tyranitar|High Horsepower|p1b: Kommo-o
|-damage|p1b: Kommo-o|12/100
|move|p1a: Basculegion|Last Respects|p2a: Sinistcha
|-supereffective|p2a: Sinistcha|1
|-enditem|p2a: Sinistcha|Kasib Berry|[eat]
|-enditem|p2a: Sinistcha|Kasib Berry|[weaken]
|-damage|p2a: Sinistcha|0 fnt
|faint|p2a: Sinistcha
|
|-weather|Sandstorm|[upkeep]
|-damage|p1b: Kommo-o|6/100|[from] Sandstorm
|-damage|p1a: Basculegion|88/100|[from] Sandstorm
|-heal|p1b: Kommo-o|12/100|[from] item: Leftovers
|upkeep
|
|t:|1785254137
|switch|p2a: Milotic|Milotic, L50, F|100/100
|turn|5
|
|t:|1785254146
|move|p1b: Kommo-o|Clanging Scales|p2a: Milotic|[spread] p2a,p2b
|-damage|p2a: Milotic|62/100
|-damage|p2b: Tyranitar|0 fnt
|faint|p2b: Tyranitar
|-unboost|p1b: Kommo-o|def|1
|move|p1a: Basculegion|Last Respects|p2a: Milotic
|-damage|p2a: Milotic|1/100
|move|p2a: Milotic|Icy Wind|p1b: Kommo-o|[spread] p1a,p1b
|-resisted|p1a: Basculegion|1
|-crit|p1a: Basculegion
|-supereffective|p1b: Kommo-o|1
|-damage|p1a: Basculegion|80/100
|-damage|p1b: Kommo-o|0 fnt
|-unboost|p1a: Basculegion|spe|1
|faint|p1b: Kommo-o
|
|-weather|Sandstorm|[upkeep]
|-damage|p2a: Milotic|0 fnt|[from] Sandstorm
|-damage|p1a: Basculegion|74/100|[from] Sandstorm
|faint|p2a: Milotic
|upkeep
|-message|babydimelavelda forfeited.
|
|win|komsu
|raw|komsu's rating: 1304 → 1323(+19 for winning)
|raw|babydimelavelda's rating: 1283 → 1260(-23 for losing)
|l|☆babydimelavelda
|player|p2|
