|j|☆viatles
|j|‽kuszutoe
|html|viatleskuszutoe    
|uhtml|bestof|Game 2 of a best-of-3
|t:|1785989671
|gametype|doubles
|player|p1|viatles|hiker|1091
|player|p2|kuszutoe|2|1040
|gen|9
|tier|[Gen 9 Champions] VGC 2026 Reg M-B (Bo3)
|rated|
|rule|Species Clause: Limit one of each Pokémon
|rule|Item Clause: Limit 1 of each item
|clearpoke
|poke|p1|Falinks, L50, shiny|
|poke|p1|Wyrdeer, L50, F|
|poke|p1|Milotic, L50, M, shiny|
|poke|p1|Staraptor, L50, M|
|poke|p1|Tsareena, L50, F|
|poke|p1|Grimmsnarl, L50, M|
|poke|p2|Pelipper, L50, F|
|poke|p2|Basculegion, L50, M|
|poke|p2|Swampert, L50, F|
|poke|p2|Archaludon, L50, F|
|poke|p2|Whimsicott, L50, M|
|poke|p2|Sneasler, L50, F|
|teampreview|4
|showteam|p1|Falinks||Falinksite|Defiant|RockSlide,CloseCombat,Protect,KnockOff|Jolly|||||50|]Wyrdeer||ChoiceScarf|Intimidate|SkillSwap,PsyshieldBash,Trick,Hypnosis|Jolly||F|||50|]Milotic||Leftovers|Competitive|IcyWind,Scald,Protect,LifeDew|Bold||M|||50|]Staraptor||Staraptite|Intimidate|CloseCombat,BraveBird,Protect,Tailwind|Jolly||M|||50|]Tsareena||WideLens|QueenlyMajesty|TripleAxel,TropKick,KnockOff,LowKick|Jolly||F|||50|]Grimmsnarl||LightClay|Prankster|FakeOut,SpiritBreak,LightScreen,Reflect|Calm||M|||50|
|showteam|p2|Pelipper||DampRock|Drizzle|Hurricane,WeatherBall,WideGuard,Protect|Bold||F|||50|]Basculegion||LifeOrb|SwiftSwim|WaveCrash,Crunch,LastRespects,Protect|Adamant||M|||50|]Swampert||Swampertite|Torrent|RockSlide,Earthquake,WaveCrash,FlipTurn|Adamant||F|||50|]Archaludon||SitrusBerry|Stamina|ElectroShot,DracoMeteor,FlashCannon,Protect|Modest||F|||50|]Whimsicott||FocusSash|Prankster|Moonblast,Encore,Taunt,Tailwind|Bold||M|||50|]Sneasler||WhiteHerb|Unburden|FakeOut,CloseCombat,DireClaw,Protect|Jolly||F|||50|
|
|t:|1785989704
|teamsize|p1|4
|teamsize|p2|4
|start
|switch|p1a: Milk Duds|Falinks, L50, shiny|100/100
|switch|p1b: Wyrdeer|Wyrdeer, L50, F|100/100
|switch|p2a: Pelipper|Pelipper, L50, F|100/100
|switch|p2b: Archaludon|Archaludon, L50, F|100/100
|-ability|p1b: Wyrdeer|Intimidate|boost
|-unboost|p2a: Pelipper|atk|1
|-unboost|p2b: Archaludon|atk|1
|-weather|RainDance|[from] ability: Drizzle|[of] p2a: Pelipper
|turn|1
|
|t:|1785989727
|detailschange|p1a: Milk Duds|Falinks-Mega, L50, shiny
|-mega|p1a: Milk Duds|Falinks|Falinksite
|move|p2a: Pelipper|Protect|p2a: Pelipper
|-singleturn|p2a: Pelipper|Protect
|move|p1b: Wyrdeer|Skill Swap|p2b: Archaludon
|-activate|p1b: Wyrdeer|Skill Swap|Stamina|Intimidate|[of] p2b: Archaludon
|-ability|p2b: Archaludon|Intimidate|boost
|-unboost|p1a: Milk Duds|atk|1
|-ability|p1a: Milk Duds|Defiant|boost
|-boost|p1a: Milk Duds|atk|2
|-unboost|p1b: Wyrdeer|atk|1
|move|p1a: Milk Duds|Close Combat|p2b: Archaludon
|-supereffective|p2b: Archaludon|1
|-damage|p2b: Archaludon|0 fnt
|-unboost|p1a: Milk Duds|def|1
|-unboost|p1a: Milk Duds|spd|1
|faint|p2b: Archaludon
|
|-weather|RainDance|[upkeep]
|upkeep
|inactive|Battle timer is ON: inactive players will automatically lose when time's up. (requested by viatles)
|
|t:|1785989761
|switch|p2b: Basculegion|Basculegion, L50, M|100/100
|turn|2
|
|t:|1785989773
|move|p1a: Milk Duds|Protect|p1a: Milk Duds
|-singleturn|p1a: Milk Duds|Protect
|move|p2b: Basculegion|Wave Crash|p1a: Milk Duds
|-activate|p1a: Milk Duds|move: Protect
|move|p1b: Wyrdeer|Skill Swap|p2b: Basculegion
|-activate|p1b: Wyrdeer|Skill Swap|Swift Swim|Stamina|[of] p2b: Basculegion
|move|p2a: Pelipper|Hurricane|p1a: Milk Duds
|-activate|p1a: Milk Duds|move: Protect
|
|-weather|RainDance|[upkeep]
|upkeep
|turn|3
|inactive|viatles has 30 seconds left.
|inactive|kuszutoe has 30 seconds left.
|inactive|kuszutoe has 20 seconds left.
|inactive|viatles has 20 seconds left.
|inactive|kuszutoe has 15 seconds left.
|inactive|kuszutoe has 10 seconds left.
|
|t:|1785989819
|switch|p1b: Grimmsnarl|Grimmsnarl, L50, M|100/100
|move|p1a: Milk Duds|Knock Off|p2b: Basculegion
|-supereffective|p2b: Basculegion|1
|-crit|p2b: Basculegion
|-damage|p2b: Basculegion|0 fnt
|-enditem|p2b: Basculegion|Life Orb|[from] move: Knock Off|[of] p1a: Milk Duds
|faint|p2b: Basculegion
|move|p2a: Pelipper|Hurricane|p1b: Grimmsnarl
|-damage|p1b: Grimmsnarl|70/100
|-start|p1b: Grimmsnarl|confusion
|
|-weather|RainDance|[upkeep]
|upkeep
|inactive|kuszutoe has 30 seconds left.
|
|t:|1785989844
|switch|p2b: Sneasler|Sneasler, L50, F|100/100
|turn|4
|inactive|viatles has 30 seconds left.
|
|t:|1785989872
|move|p1a: Milk Duds|Protect|p1a: Milk Duds
|-singleturn|p1a: Milk Duds|Protect
|move|p2b: Sneasler|Fake Out|p1b: Grimmsnarl
|-damage|p1b: Grimmsnarl|54/100
|move|p2a: Pelipper|Hurricane|p1a: Milk Duds
|-activate|p1a: Milk Duds|move: Protect
|cant|p1b: Grimmsnarl|flinch
|
|-weather|RainDance|[upkeep]
|upkeep
|turn|5
|inactive|kuszutoe has 30 seconds left.
|
|t:|1785989899
|-activate|p1b: Grimmsnarl|confusion
|move|p1b: Grimmsnarl|Light Screen|p1b: Grimmsnarl
|-sidestart|p1: viatles|move: Light Screen
|move|p2b: Sneasler|Dire Claw|p1b: Grimmsnarl
|-supereffective|p1b: Grimmsnarl|1
|-damage|p1b: Grimmsnarl|0 fnt
|faint|p1b: Grimmsnarl
|move|p1a: Milk Duds|Rock Slide|p2a: Pelipper|[spread] p2a,p2b
|-supereffective|p2a: Pelipper|1
|-resisted|p2b: Sneasler|1
|-damage|p2a: Pelipper|53/100
|-damage|p2b: Sneasler|73/100
|move|p2a: Pelipper|Hurricane|p1a: Milk Duds
|-supereffective|p1a: Milk Duds|1
|-damage|p1a: Milk Duds|0 fnt
|faint|p1a: Milk Duds
|
|-weather|RainDance|[upkeep]
|upkeep
|
|t:|1785989913
|switch|p1a: Wyrdeer|Wyrdeer, L50, F|100/100
|switch|p1b: Tsareena|Tsareena, L50, F|100/100
|-ability|p1a: Wyrdeer|Intimidate|boost
|-unboost|p2a: Pelipper|atk|1
|-unboost|p2b: Sneasler|atk|1
|-enditem|p2b: Sneasler|White Herb
|-clearnegativeboost|p2b: Sneasler|[silent]
|turn|6
|
|t:|1785989932
|move|p2b: Sneasler|Close Combat|p1a: Wyrdeer
|-damage|p1a: Wyrdeer|34/100
|-unboost|p2b: Sneasler|def|1
|-unboost|p2b: Sneasler|spd|1
|move|p1a: Wyrdeer|Psyshield Bash|p2b: Sneasler
|-supereffective|p2b: Sneasler|2
|-damage|p2b: Sneasler|0 fnt
|-boost|p1a: Wyrdeer|def|1
|faint|p2b: Sneasler
|move|p1b: Tsareena|Triple Axel|p2a: Pelipper
|-damage|p2a: Pelipper|48/100
|-damage|p2a: Pelipper|40/100
|-damage|p2a: Pelipper|27/100
|-hitcount|p2a: Pelipper|3
|move|p2a: Pelipper|Hurricane|p1b: Tsareena
|-supereffective|p1b: Tsareena|1
|-damage|p1b: Tsareena|48/100
|
|-weather|RainDance|[upkeep]
|upkeep
|turn|7
|inactive|kuszutoe has 30 seconds left.
|
|t:|1785989964
|move|p1a: Wyrdeer|Psyshield Bash|p2a: Pelipper|[miss]
|-miss|p1a: Wyrdeer|p2a: Pelipper
|move|p1b: Tsareena|Trop Kick|p2a: Pelipper
|-damage|p2a: Pelipper|0 fnt
|faint|p2a: Pelipper
|
|win|viatles
|raw|viatles's rating: 1091 → 1114(+23 for winning)
|raw|kuszutoe's rating: 1040 → 1026(-14 for losing)
|c|☆viatles|ggs wp
