|j|☆pepe1994
|j|☆PenguimSAL
|html|pepe1994PenguimSAL    
|uhtml|bestof|Game 2 of a best-of-3
|t:|1785973078
|gametype|doubles
|player|p1|pepe1994|n|
|player|p2|PenguimSAL|hugh|
|gen|9
|tier|[Gen 9 Champions] VGC 2026 Reg M-B (Bo3)
|rule|Species Clause: Limit one of each Pokémon
|rule|Item Clause: Limit 1 of each item
|clearpoke
|poke|p1|Staraptor, L50, F, shiny|
|poke|p1|Glimmora, L50, F, shiny|
|poke|p1|Whimsicott, L50, M, shiny|
|poke|p1|Kingambit, L50, F|
|poke|p1|Garchomp, L50, M|
|poke|p1|Delphox, L50, F|
|poke|p2|Floette-Eternal, L50, F|
|poke|p2|Whimsicott, L50, F|
|poke|p2|Basculegion, L50, M|
|poke|p2|Kingambit, L50, M|
|poke|p2|Charizard, L50, M|
|poke|p2|Garchomp, L50, M|
|teampreview|4
|showteam|p1|Staraptor||Staraptite|Intimidate|CloseCombat,BraveBird,Roost,Protect|Jolly||F|||50|]Glimmora||FocusSash|ToxicDebris|PowerGem,SludgeBomb,EarthPower,SpikyShield|Modest||F|||50|]Whimsicott||OccaBerry|Prankster|Tailwind,Moonblast,Charm,LightScreen|Timid||M|||50|]Kingambit||ChopleBerry|Defiant|KowtowCleave,IronHead,LowKick,SuckerPunch|Adamant||F|||50|]Garchomp||LifeOrb|RoughSkin|Earthquake,DragonClaw,RockSlide,Protect|Jolly||M|||50|]Delphox||Delphoxite|Blaze|HeatWave,Psychic,Substitute,Protect|Timid||F|||50|
|showteam|p2|Floette-Eternal||Floettite|FlowerVeil|DazzlingGleam,Moonblast,LightofRuin,Protect|Modest||F|||50|]Whimsicott||FocusSash|Prankster|Moonblast,Tailwind,Encore,Protect|Timid||F|||50|]Basculegion||MysticWater|Adaptability|LastRespects,WaveCrash,AquaJet,Protect|Adamant||M|||50|]Kingambit||ChopleBerry|Defiant|KowtowCleave,SuckerPunch,LowKick,IronHead|Adamant||M|||50|]Charizard||CharizarditeY|Blaze|HeatWave,WeatherBall,SolarBeam,Protect|Modest||M|||50|]Garchomp||LifeOrb|RoughSkin|StompingTantrum,DragonClaw,RockSlide,Protect|Jolly||M|||50|
|
|t:|1785973100
|teamsize|p1|4
|teamsize|p2|4
|start
|switch|p1a: Glimmora|Glimmora, L50, F, shiny|100/100
|switch|p1b: Delphox|Delphox, L50, F|100/100
|switch|p2a: Whimsicott|Whimsicott, L50, F|100/100
|switch|p2b: Basculegion|Basculegion, L50, M|100/100
|turn|1
|
|t:|1785973116
|switch|p1b: Kingambit|Kingambit, L50, F|100/100
|move|p2a: Whimsicott|Tailwind|p2a: Whimsicott
|-sidestart|p2: PenguimSAL|move: Tailwind
|move|p2b: Basculegion|Wave Crash|p1b: Kingambit
|-damage|p1b: Kingambit|27/100
|-damage|p2b: Basculegion|74/100|[from] Recoil
|move|p1a: Glimmora|Sludge Bomb|p2a: Whimsicott
|-supereffective|p2a: Whimsicott|2
|-enditem|p2a: Whimsicott|Focus Sash
|-damage|p2a: Whimsicott|1/100
|-status|p2a: Whimsicott|psn
|
|-damage|p2a: Whimsicott|0 fnt|[from] psn
|faint|p2a: Whimsicott
|upkeep
|
|t:|1785973123
|switch|p2a: Garchomp|Garchomp, L50, M|100/100
|turn|2
|
|t:|1785973161
|switch|p1b: Garchomp|Garchomp, L50, M|100/100
|move|p2b: Basculegion|Protect|p2b: Basculegion
|-singleturn|p2b: Basculegion|Protect
|move|p1a: Glimmora|Spiky Shield|p1a: Glimmora
|-singleturn|p1a: Glimmora|move: Protect
|move|p2a: Garchomp|Stomping Tantrum|p1b: Garchomp
|-damage|p1b: Garchomp|47/100
|-damage|p2a: Garchomp|87/100|[from] ability: Rough Skin|[of] p1b: Garchomp
|-damage|p2a: Garchomp|78/100|[from] item: Life Orb
|
|upkeep
|turn|3
|
|t:|1785973194
|move|p1b: Garchomp|Protect|p1b: Garchomp
|-singleturn|p1b: Garchomp|Protect
|move|p2a: Garchomp|Stomping Tantrum|p1a: Glimmora
|-supereffective|p1a: Glimmora|2
|-enditem|p1a: Glimmora|Focus Sash
|-damage|p1a: Glimmora|1/100
|-activate|p1a: Glimmora|ability: Toxic Debris
|-sidestart|p2: PenguimSAL|move: Toxic Spikes
|-damage|p2a: Garchomp|68/100|[from] item: Life Orb
|move|p2b: Basculegion|Wave Crash|p1b: Garchomp
|-activate|p1b: Garchomp|move: Protect
|move|p1a: Glimmora|Earth Power|p2a: Garchomp
|-damage|p2a: Garchomp|34/100
|
|upkeep
|turn|4
|
|t:|1785973249
|move|p1a: Glimmora|Spiky Shield|p1a: Glimmora
|-singleturn|p1a: Glimmora|move: Protect
|move|p2b: Basculegion|Aqua Jet|p1a: Glimmora
|-activate|p1a: Glimmora|move: Protect
|-damage|p2b: Basculegion|62/100|[from] Spiky Shield|[of] p1a: Glimmora
|move|p2a: Garchomp|Dragon Claw|p1b: Garchomp
|-supereffective|p1b: Garchomp|1
|-damage|p1b: Garchomp|0 fnt
|-damage|p2a: Garchomp|21/100|[from] ability: Rough Skin|[of] p1b: Garchomp
|faint|p1b: Garchomp
|-damage|p2a: Garchomp|12/100|[from] item: Life Orb
|
|-sideend|p2: PenguimSAL|move: Tailwind
|upkeep
|
|t:|1785973266
|switch|p1b: Kingambit|Kingambit, L50, F|27/100
|turn|5
|
|t:|1785973290
|move|p2b: Basculegion|Aqua Jet|p1a: Glimmora
|-supereffective|p1a: Glimmora|1
|-damage|p1a: Glimmora|0 fnt
|-activate|p1a: Glimmora|ability: Toxic Debris
|-sidestart|p2: PenguimSAL|move: Toxic Spikes
|faint|p1a: Glimmora
|move|p1b: Kingambit|Sucker Punch|p2a: Garchomp
|-damage|p2a: Garchomp|0 fnt
|-damage|p1b: Kingambit|15/100|[from] ability: Rough Skin|[of] p2a: Garchomp
|faint|p2a: Garchomp
|
|upkeep
|
|t:|1785973301
|switch|p2a: Floette|Floette-Eternal, L50, F|100/100
|switch|p1a: Delphox|Delphox, L50, F|100/100
|-status|p2a: Floette|tox
|turn|6
|
|t:|1785973328
|detailschange|p1a: Delphox|Delphox-Mega, L50, F
|-mega|p1a: Delphox|Delphox|Delphoxite
|detailschange|p2a: Floette|Floette-Mega, L50, F
|-mega|p2a: Floette|Floette|Floettite
|-ability|p2a: Floette|Fairy Aura
|move|p2b: Basculegion|Aqua Jet|p1b: Kingambit
|-damage|p1b: Kingambit|0 fnt
|faint|p1b: Kingambit
|move|p1a: Delphox|Heat Wave|p2b: Basculegion|[spread] p2a,p2b
|-resisted|p2b: Basculegion|1
|-damage|p2a: Floette|60/100 tox
|-damage|p2b: Basculegion|37/100
|move|p2a: Floette|Moonblast|p1a: Delphox
|-resisted|p1a: Delphox|1
|-damage|p1a: Delphox|62/100
|
|-damage|p2a: Floette|54/100 tox|[from] psn
|upkeep
|turn|7
|
|t:|1785973371
|move|p1a: Delphox|Protect|p1a: Delphox
|-singleturn|p1a: Delphox|Protect
|move|p2b: Basculegion|Aqua Jet|p1a: Delphox
|-activate|p1a: Delphox|move: Protect
|move|p2a: Floette|Light of Ruin|p1a: Delphox
|-activate|p1a: Delphox|move: Protect
|
|-damage|p2a: Floette|42/100 tox|[from] psn
|upkeep
|turn|8
|
|t:|1785973387
|move|p2b: Basculegion|Aqua Jet|p1a: Delphox
|-supereffective|p1a: Delphox|1
|-damage|p1a: Delphox|0 fnt
|faint|p1a: Delphox
|
|win|PenguimSAL
