|j|☆limestone7276
|j|☆ThunDragon67
|html|limestone7276ThunDragon67    
|uhtml|bestof|Game 1 of a best-of-3
|t:|1756402760
|gametype|doubles
|player|p1|limestone7276|2|1068
|player|p2|ThunDragon67|li|1084
|gen|9
|tier|[Gen 9] VGC 2025 Reg H (Bo3)
|rated|
|rule|Species Clause: Limit one of each Pokémon
|rule|Item Clause: Limit 1 of each item
|clearpoke
|poke|p1|Porygon-Z, L50|
|poke|p1|Palafin, L50, M|
|poke|p1|Volcarona, L50, F|
|poke|p1|Rillaboom, L50, F|
|poke|p1|Ursaluna, L50, M|
|poke|p1|Whimsicott, L50, M|
|poke|p2|Tsareena, L50, F|
|poke|p2|Volcarona, L50, M|
|poke|p2|Archaludon, L50, F|
|poke|p2|Primarina, L50, M|
|poke|p2|Malamar, L50, M|
|poke|p2|Talonflame, L50, M|
|teampreview|4
|showteam|p1|Porygon-Z||LifeOrb|Adaptability|DarkPulse,HyperBeam,Protect,TriAttack||||||50|,,,,,Normal]Palafin||MysticWater|ZerotoHero|DrainPunch,FlipTurn,JetPunch,WaveCrash|||M|||50|,,,,,Water]Volcarona||RockyHelmet|FlameBody|FieryDance,Protect,RagePowder,StruggleBug|||F|||50|,,,,,Grass]Rillaboom||AssaultVest|GrassySurge|FakeOut,GrassyGlide,Uturn,WoodHammer|||F|||50|,,,,,Fire]Ursaluna||FlameOrb|Guts|Earthquake,Facade,HeadlongRush,Protect|||M|||50|,,,,,Ghost]Whimsicott||CovertCloak|Prankster|Encore,LightScreen,Moonblast,Tailwind|||M|||50|,,,,,Dark
|showteam|p2|Tsareena||RockyHelmet|QueenlyMajesty|BulletSeed,LowSweep,Protect,Charm|||F|||50|,,,,,Water]Volcarona||Leftovers|FlameBody|QuiverDance,RagePowder,FieryDance,BugBuzz|||M|||50|,,,,,Dark]Archaludon||AssaultVest|Stamina|BodyPress,FlashCannon,DragonPulse,Snarl|||F|||50|,,,,,Fighting]Primarina||WeaknessPolicy|LiquidVoice|HyperVoice,IcyWind,Moonblast,Protect|||M|||50|,,,,,Ice]Malamar||SitrusBerry|Contrary|Superpower,TopsyTurvy,KnockOff,Protect|||M|||50|,,,,,Dark]Talonflame||FocusSash|GaleWings|BraveBird,FlameCharge,Protect,Tailwind|||M|||50|,,,,,Fire
|inactive|Battle timer is ON: inactive players will automatically lose when time's up. (requested by ThunDragon67)
|
|t:|1756402816
|teamsize|p1|4
|teamsize|p2|4
|start
|switch|p1a: Rillaboom|Rillaboom, L50, F|100/100
|switch|p1b: Palafin|Palafin, L50, M|100/100
|switch|p2a: Tsareena|Tsareena, L50, F|100/100
|switch|p2b: Talonflame|Talonflame, L50, M|100/100
|-fieldstart|move: Grassy Terrain|[from] ability: Grassy Surge|[of] p1a: Rillaboom
|turn|1
|inactive|limestone7276 has 30 seconds left.
|inactive|limestone7276 has 20 seconds left.
|inactive|limestone7276 has 15 seconds left.
|
|t:|1756402861
|detailschange|p1b: Palafin|Palafin-Hero, L50, M
|switch|p1b: Volcarona|Volcarona, L50, F|100/100
|move|p2b: Talonflame|Tailwind|p2b: Talonflame
|-sidestart|p2: ThunDragon67|move: Tailwind
|move|p2a: Tsareena|Charm|p1a: Rillaboom
|-unboost|p1a: Rillaboom|atk|2
|move|p1a: Rillaboom|U-turn|p2a: Tsareena
|-supereffective|p2a: Tsareena
|-damage|p2a: Tsareena|79/100
|-damage|p1a: Rillaboom|84/100|[from] item: Rocky Helmet|[of] p2a: Tsareena
|
|t:|1756402870
|switch|p1a: Palafin|Palafin-Hero, L50, M|100/100|[from] U-turn
|-activate|p1a: Palafin|ability: Zero to Hero
|
|-heal|p2a: Tsareena|85/100|[from] Grassy Terrain
|upkeep
|turn|2
|
|t:|1756402890
|-terastallize|p2a: Tsareena|Water
|move|p2b: Talonflame|Protect|p2b: Talonflame
|-singleturn|p2b: Talonflame|Protect
|move|p1a: Palafin|Jet Punch||[still]
|cant|p2a: Tsareena|ability: Queenly Majesty|Jet Punch|[of] p1a: Palafin
|move|p2a: Tsareena|Charm|p1a: Palafin
|-unboost|p1a: Palafin|atk|2
|move|p1b: Volcarona|Struggle Bug|p2b: Talonflame|[spread] p2a
|-activate|p2b: Talonflame|move: Protect
|-damage|p2a: Tsareena|69/100
|-unboost|p2a: Tsareena|spa|1
|
|-heal|p2a: Tsareena|75/100|[from] Grassy Terrain
|upkeep
|turn|3
|inactive|limestone7276 has 30 seconds left.
|inactive|ThunDragon67 has 30 seconds left.
|
|t:|1756402924
|move|p1b: Volcarona|Rage Powder|p1b: Volcarona
|-singleturn|p1b: Volcarona|move: Rage Powder
|move|p2b: Talonflame|Brave Bird|p1b: Volcarona
|-supereffective|p1b: Volcarona
|-damage|p1b: Volcarona|0 fnt
|-damage|p2b: Talonflame|84/100|[from] item: Rocky Helmet|[of] p1b: Volcarona
|faint|p1b: Volcarona
|-damage|p2b: Talonflame|43/100|[from] Recoil
|move|p2a: Tsareena|Low Sweep|p1a: Palafin
|-damage|p1a: Palafin|79/100
|-unboost|p1a: Palafin|spe|1
|move|p1a: Palafin|Flip Turn|p2b: Talonflame
|-supereffective|p2b: Talonflame
|-damage|p2b: Talonflame|0 fnt
|faint|p2b: Talonflame
|
|t:|1756402936
|switch|p1a: Rillaboom|Rillaboom, L50, F|84/100|[from] Flip Turn
|
|-heal|p2a: Tsareena|81/100|[from] Grassy Terrain
|-heal|p1a: Rillaboom|90/100|[from] Grassy Terrain
|upkeep
|
|t:|1756402944
|switch|p2b: Archaludon|Archaludon, L50, F|100/100
|switch|p1b: Porygon-Z|Porygon-Z, L50|100/100
|turn|4
|inactive|limestone7276 has 30 seconds left.
|inactive|limestone7276 has 20 seconds left.
|
|t:|1756402981
|-terastallize|p1b: Porygon-Z|Normal
|move|p2b: Archaludon|Body Press|p1b: Porygon-Z
|-supereffective|p1b: Porygon-Z
|-damage|p1b: Porygon-Z|39/100
|move|p2a: Tsareena|Bullet Seed|p2b: Archaludon
|-resisted|p2b: Archaludon
|-damage|p2b: Archaludon|97/100
|-ability|p2b: Archaludon|Stamina|boost
|-boost|p2b: Archaludon|def|1
|-resisted|p2b: Archaludon
|-damage|p2b: Archaludon|95/100
|-ability|p2b: Archaludon|Stamina|boost
|-boost|p2b: Archaludon|def|1
|-resisted|p2b: Archaludon
|-damage|p2b: Archaludon|93/100
|-ability|p2b: Archaludon|Stamina|boost
|-boost|p2b: Archaludon|def|1
|-hitcount|p2b: Archaludon|3
|move|p1b: Porygon-Z|Tri Attack|p2b: Archaludon
|-resisted|p2b: Archaludon
|-damage|p2b: Archaludon|62/100
|-ability|p2b: Archaludon|Stamina|boost
|-boost|p2b: Archaludon|def|1
|-damage|p1b: Porygon-Z|29/100|[from] item: Life Orb
|move|p1a: Rillaboom|Wood Hammer|p2a: Tsareena
|-supereffective|p2a: Tsareena
|-damage|p2a: Tsareena|0 fnt
|-damage|p1a: Rillaboom|73/100|[from] item: Rocky Helmet|[of] p2a: Tsareena
|faint|p2a: Tsareena
|-damage|p1a: Rillaboom|48/100|[from] Recoil
|
|-heal|p2b: Archaludon|68/100|[from] Grassy Terrain
|-heal|p1b: Porygon-Z|36/100|[from] Grassy Terrain
|-heal|p1a: Rillaboom|55/100|[from] Grassy Terrain
|-sideend|p2: ThunDragon67|move: Tailwind
|upkeep
|inactive|ThunDragon67 has 30 seconds left.
|
|t:|1756403008
|switch|p2a: Malamar|Malamar, L50, M|100/100
|turn|5
|
|t:|1756403021
|move|p2b: Archaludon|Body Press|p1b: Porygon-Z
|-supereffective|p1b: Porygon-Z
|-damage|p1b: Porygon-Z|0 fnt
|faint|p1b: Porygon-Z
|move|p2a: Malamar|Superpower|p1a: Rillaboom
|-damage|p1a: Rillaboom|29/100
|-boost|p2a: Malamar|atk|1
|-boost|p2a: Malamar|def|1
|move|p1a: Rillaboom|U-turn|p2a: Malamar
|-supereffective|p2a: Malamar
|-damage|p2a: Malamar|37/100
|-enditem|p2a: Malamar|Sitrus Berry|[eat]
|-heal|p2a: Malamar|62/100|[from] item: Sitrus Berry
|
|t:|1756403024
|switch|p1a: Palafin|Palafin-Hero, L50, M|79/100|[from] U-turn
|
|-heal|p1a: Palafin|86/100|[from] Grassy Terrain
|-heal|p2b: Archaludon|75/100|[from] Grassy Terrain
|-heal|p2a: Malamar|68/100|[from] Grassy Terrain
|-fieldend|move: Grassy Terrain
|upkeep
|-message|limestone7276 forfeited.
|raw|limestone7276's rating: 1068 → 1049(-19 for losing)
|raw|ThunDragon67's rating: 1084 → 1110(+26 for winning)
|
|win|ThunDragon67
