|j|☆Pelistorming
|j|☆wizoarkvgc
|html|Pelistormingwizoarkvgc    
|uhtml|bestof|Game 3 of a best-of-3
|t:|1755026358
|gametype|doubles
|player|p1|Pelistorming|winona|1177
|player|p2|wizoarkvgc|pokekid|1247
|gen|9
|tier|[Gen 9] VGC 2025 Reg H (Bo3)
|rated|
|rule|Species Clause: Limit one of each Pokémon
|rule|Item Clause: Limit 1 of each item
|clearpoke
|poke|p1|Kingambit, L50, M|
|poke|p1|Sneasler, L50, F|
|poke|p1|Rillaboom, L50, F|
|poke|p1|Dragapult, L50, F|
|poke|p1|Volcarona, L50, F|
|poke|p1|Electabuzz, L50, M|
|poke|p2|Indeedee-F, L50, F|
|poke|p2|Gallade, L50, M|
|poke|p2|Torkoal, L50, F|
|poke|p2|Ursaluna, L50, M|
|poke|p2|Exeggutor, L50, M|
|poke|p2|Zoroark-Hisui, L50, M|
|teampreview|4
|showteam|p1|Kingambit||BlackGlasses|Defiant|KowtowCleave,SuckerPunch,SwordsDance,Protect|||M|||50|,,,,,Dark]Sneasler||FocusSash|PoisonTouch|CloseCombat,DireClaw,FakeOut,Protect|||F|||50|,,,,,Stellar]Rillaboom||AssaultVest|GrassySurge|WoodHammer,GrassyGlide,HighHorsepower,FakeOut|||F|||50|,,,,,Fire]Dragapult||ChoiceBand|ClearBody|DragonDarts,PhantomForce,Outrage,Uturn|||F|||50|,,,,,Dragon]Volcarona||CovertCloak|FlameBody|HeatWave,QuiverDance,TeraBlast,Protect|||F|||50|,,,,,Fairy]Electabuzz||Eviolite|VitalSpirit|Thunderbolt,FollowMe,HelpingHand,Protect|||M|||50|,,,,,Ghost
|showteam|p2|Indeedee-F||RockyHelmet|PsychicSurge|Psychic,HelpingHand,FollowMe,TrickRoom|||F|||50|,,,,,Grass]Gallade||ScopeLens|Sharpness|SacredSword,PsychoCut,TrickRoom,WideGuard|||M|||50|,,,,,Grass]Torkoal||Charcoal|Drought|Eruption,WeatherBall,ClearSmog,Protect|||F|||50|,,,,,Fire]Ursaluna||FlameOrb|Guts|Facade,HeadlongRush,Earthquake,Protect|||M|||50|,,,,,Ghost]Exeggutor||FocusSash|Chlorophyll|ExpandingForce,LeafStorm,SleepPowder,TrickRoom|||M|||50|,,,,,Psychic]Zoroark-Hisui||ChoiceSpecs|Illusion|HyperBeam,HyperVoice,ShadowBall,FocusBlast|||M|||50|,,,,,Normal
|inactive|Battle timer is ON: inactive players will automatically lose when time's up. (requested by Pelistorming)
|inactive|wizoarkvgc has 60 seconds left.
|
|t:|1755026420
|teamsize|p1|4
|teamsize|p2|4
|start
|switch|p1a: Dragapult|Dragapult, L50, F|100/100
|switch|p1b: Electabuzz|Electabuzz, L50, M|100/100
|switch|p2a: Torkoal|Torkoal, L50, F|100/100
|switch|p2b: Exeggutor|Exeggutor, L50, M|100/100
|-weather|SunnyDay|[from] ability: Drought|[of] p2a: Torkoal
|turn|1
|
|t:|1755026437
|switch|p2a: Indeedee|Indeedee-F, L50, F|100/100
|-fieldstart|move: Psychic Terrain|[from] ability: Psychic Surge|[of] p2a: Indeedee
|-terastallize|p2b: Exeggutor|Psychic
|-terastallize|p1a: Dragapult|Dragon
|move|p1b: Electabuzz|Follow Me|p1b: Electabuzz
|-singleturn|p1b: Electabuzz|move: Follow Me
|move|p2b: Exeggutor|Expanding Force|p1a: Dragapult|[spread] p1a,p1b
|-damage|p1a: Dragapult|0 fnt
|-damage|p1b: Electabuzz|32/100
|faint|p1a: Dragapult
|
|-weather|SunnyDay|[upkeep]
|upkeep
|
|t:|1755026458
|switch|p1a: Rillaboom|Rillaboom, L50, F|100/100
|-fieldstart|move: Grassy Terrain|[from] ability: Grassy Surge|[of] p1a: Rillaboom
|turn|2
|
|t:|1755026482
|switch|p2a: Torkoal|Torkoal, L50, F|100/100
|move|p1b: Electabuzz|Thunderbolt|p2a: Torkoal
|-damage|p2a: Torkoal|60/100
|move|p1a: Rillaboom|Wood Hammer|p2a: Torkoal
|-resisted|p2a: Torkoal
|-damage|p2a: Torkoal|27/100
|-damage|p1a: Rillaboom|91/100|[from] Recoil
|move|p2b: Exeggutor|Trick Room|p2b: Exeggutor
|-fieldstart|move: Trick Room|[of] p2b: Exeggutor
|
|-weather|SunnyDay|[upkeep]
|-heal|p2a: Torkoal|33/100|[from] Grassy Terrain
|-heal|p1a: Rillaboom|97/100|[from] Grassy Terrain
|-heal|p1b: Electabuzz|38/100|[from] Grassy Terrain
|upkeep
|turn|3
|inactive|Pelistorming has 30 seconds left.
|
|t:|1755026513
|switch|p1a: Sneasler|Sneasler, L50, F|100/100
|switch|p2b: Ursaluna|Ursaluna, L50, M|100/100
|move|p2a: Torkoal|Weather Ball|p1a: Sneasler
|-enditem|p1a: Sneasler|Focus Sash
|-damage|p1a: Sneasler|1/100
|move|p1b: Electabuzz|Thunderbolt|p2a: Torkoal
|-damage|p2a: Torkoal|0 fnt
|faint|p2a: Torkoal
|
|-weather|SunnyDay|[upkeep]
|-heal|p1b: Electabuzz|44/100|[from] Grassy Terrain
|-heal|p1a: Sneasler|7/100|[from] Grassy Terrain
|-status|p2b: Ursaluna|brn|[from] item: Flame Orb
|upkeep
|
|t:|1755026538
|switch|p2a: Exeggutor|Exeggutor, L50, M, tera:Psychic|100/100
|turn|4
|inactive|Pelistorming has 30 seconds left.
|inactive|Pelistorming has 20 seconds left.
|inactive|Pelistorming has 15 seconds left.
|
|t:|1755026579
|switch|p1a: Rillaboom|Rillaboom, L50, F|97/100
|switch|p2a: Indeedee|Indeedee-F, L50, F|100/100
|-fieldstart|move: Psychic Terrain|[from] ability: Psychic Surge|[of] p2a: Indeedee
|move|p2b: Ursaluna|Earthquake|p1b: Electabuzz|[spread] p2a,p1a,p1b
|-resisted|p1a: Rillaboom
|-supereffective|p1b: Electabuzz
|-damage|p2a: Indeedee|39/100
|-damage|p1a: Rillaboom|68/100
|-damage|p1b: Electabuzz|0 fnt
|faint|p1b: Electabuzz
|
|-weather|SunnyDay|[upkeep]
|-damage|p2b: Ursaluna|95/100 brn|[from] brn
|upkeep
|
|t:|1755026603
|switch|p1b: Sneasler|Sneasler, L50, F|7/100
|turn|5
|
|t:|1755026626
|move|p2b: Ursaluna|Facade|p1a: Rillaboom
|-damage|p1a: Rillaboom|0 fnt
|faint|p1a: Rillaboom
|move|p2a: Indeedee|Psychic|p1b: Sneasler
|-supereffective|p1b: Sneasler
|-damage|p1b: Sneasler|0 fnt
|faint|p1b: Sneasler
|
|win|wizoarkvgc
|raw|Pelistorming's rating: 1177 → 1157(-20 for losing)
|raw|wizoarkvgc's rating: 1247 → 1267(+20 for winning)
