|j|☆Rodrigor8054
|j|☆23 5'5 PVHS
|html|Rodrigor805423 5'5 PVHS    
|uhtml|bestof|Game 1 of a best-of-3
|t:|1782407485
|gametype|doubles
|player|p1|Rodrigor8054|pokemaniac|1351
|player|p2|23 5'5 PVHS|lady-gen4|1409
|gen|9
|tier|[Gen 9 Champions] VGC 2026 Reg M-B (Bo3)
|rated|
|rule|Species Clause: Limit one of each Pokémon
|rule|Item Clause: Limit 1 of each item
|clearpoke
|poke|p1|Delphox, L50, F|
|poke|p1|Incineroar, L50, M|
|poke|p1|Sinistcha, L50|
|poke|p1|Kingambit, L50, F|
|poke|p1|Sneasler, L50, M|
|poke|p1|Floette-Eternal, L50, F|
|poke|p2|Kingambit, L50, F, shiny|
|poke|p2|Floette-Eternal, L50, F|
|poke|p2|Sneasler, L50, F|
|poke|p2|Garchomp, L50, M|
|poke|p2|Sinistcha, L50, shiny|
|poke|p2|Incineroar, L50, F|
|teampreview|4
|showteam|p1|Delphox||Delphoxite|Blaze|Protect,NastyPlot,HeatWave,Psychic|Timid||F|||50|]Incineroar||SitrusBerry|Intimidate|PartingShot,FlareBlitz,ThroatChop,FakeOut|Adamant||M|||50|]Sinistcha||KasibBerry|Hospitality|Protect,RagePowder,MatchaGotcha,TrickRoom|Calm|||||50|]Kingambit||LifeOrb|Defiant|Protect,SwordsDance,KowtowCleave,SuckerPunch|Adamant||F|||50|]Sneasler||WhiteHerb|Unburden|FakeOut,CloseCombat,DireClaw,Protect|Jolly||M|||50|]Floette-Eternal||Floettite|FlowerVeil|Protect,CalmMind,Moonblast,DazzlingGleam|Modest||F|||50|
|showteam|p2|Kingambit||BlackGlasses|Defiant|KowtowCleave,SwordsDance,SuckerPunch,Protect|Adamant||F|||50|]Floette-Eternal||Floettite|FlowerVeil|DazzlingGleam,DrainingKiss,CalmMind,Protect|Modest||F|||50|]Sneasler||FocusSash|Unburden|Coaching,FakeOut,CloseCombat,DireClaw|Naive||F|||50|]Garchomp||Garchompite|RoughSkin|StompingTantrum,Protect,Earthquake,RockSlide|Adamant||M|||50|]Sinistcha||SitrusBerry|Hospitality|MatchaGotcha,TrickRoom,RagePowder,Protect|Bold|||||50|]Incineroar||Leftovers|Intimidate|FlareBlitz,HelpingHand,PartingShot,FakeOut|Sassy||F|||50|
|inactive|Battle timer is ON: inactive players will automatically lose when time's up. (requested by 23 5'5 PVHS)
|inactive|Rodrigor8054 has 60 seconds left.
|
|t:|1782407567
|teamsize|p1|4
|teamsize|p2|4
|start
|switch|p1a: Floette|Floette-Eternal, L50, F|100/100
|switch|p1b: Incineroar|Incineroar, L50, M|100/100
|switch|p2a: Incineroar|Incineroar, L50, F|100/100
|switch|p2b: Floette|Floette-Eternal, L50, F|100/100
|-ability|p1b: Incineroar|Intimidate|boost
|-unboost|p2a: Incineroar|atk|1
|-unboost|p2b: Floette|atk|1
|-ability|p2a: Incineroar|Intimidate|boost
|-unboost|p1a: Floette|atk|1
|-unboost|p1b: Incineroar|atk|1
|turn|1
|inactive|Rodrigor8054 has 30 seconds left.
|inactive|Rodrigor8054 has 20 seconds left.
|inactive|Rodrigor8054 has 15 seconds left.
|
|t:|1782407611
|detailschange|p2b: Floette|Floette-Mega, L50, F
|-mega|p2b: Floette|Floette|Floettite
|-ability|p2b: Floette|Fairy Aura
|detailschange|p1a: Floette|Floette-Mega, L50, F
|-mega|p1a: Floette|Floette|Floettite
|-ability|p1a: Floette|Fairy Aura
|move|p1b: Incineroar|Fake Out|p2b: Floette
|-damage|p2b: Floette|91/100
|cant|p2b: Floette|flinch
|move|p1a: Floette|Calm Mind|p1a: Floette
|-boost|p1a: Floette|spa|1
|-boost|p1a: Floette|spd|1
|move|p2a: Incineroar|Parting Shot|p1a: Floette
|-unboost|p1a: Floette|atk|1
|-unboost|p1a: Floette|spa|1
|
|t:|1782407623
|switch|p2a: Sneasler|Sneasler, L50, F|100/100|[from] Parting Shot
|
|upkeep
|turn|2
|inactive|Rodrigor8054 has 30 seconds left.
|inactive|Rodrigor8054 has 20 seconds left.
|inactive|Rodrigor8054 has 15 seconds left.
|inactive|Rodrigor8054 has 10 seconds left.
|
|t:|1782407671
|switch|p1b: Sneasler|Sneasler, L50, M|100/100
|move|p2a: Sneasler|Close Combat|p1b: Sneasler
|-resisted|p1b: Sneasler|1
|-crit|p1b: Sneasler
|-damage|p1b: Sneasler|25/100
|-unboost|p2a: Sneasler|def|1
|-unboost|p2a: Sneasler|spd|1
|move|p2b: Floette|Calm Mind|p2b: Floette
|-boost|p2b: Floette|spa|1
|-boost|p2b: Floette|spd|1
|move|p1a: Floette|Calm Mind|p1a: Floette
|-boost|p1a: Floette|spa|1
|-boost|p1a: Floette|spd|1
|
|upkeep
|turn|3
|inactive|Rodrigor8054 has 30 seconds left.
|
|t:|1782407705
|move|p1b: Sneasler|Fake Out|p2a: Sneasler
|-damage|p2a: Sneasler|66/100
|cant|p2a: Sneasler|flinch
|move|p2b: Floette|Dazzling Gleam|p1b: Sneasler|[spread] p1a,p1b
|-damage|p1a: Floette|73/100
|-damage|p1b: Sneasler|0 fnt
|faint|p1b: Sneasler
|move|p1a: Floette|Dazzling Gleam|p2a: Sneasler|[spread] p2a,p2b
|-damage|p2a: Sneasler|0 fnt
|-damage|p2b: Floette|55/100
|faint|p2a: Sneasler
|
|upkeep
|inactive|Rodrigor8054 has 30 seconds left.
|inactive|Rodrigor8054 has 20 seconds left.
|inactive|Rodrigor8054 has 15 seconds left.
|inactive|Rodrigor8054 has 10 seconds left.
|inactive|Rodrigor8054 has 5 seconds left.
|
|t:|1782407756
|switch|p1b: Incineroar|Incineroar, L50, M|100/100
|switch|p2a: Incineroar|Incineroar, L50, F|100/100
|-ability|p1b: Incineroar|Intimidate|boost
|-unboost|p2a: Incineroar|atk|1
|-unboost|p2b: Floette|atk|1
|-ability|p2a: Incineroar|Intimidate|boost
|-unboost|p1a: Floette|atk|1
|-unboost|p1b: Incineroar|atk|1
|turn|4
|inactive|Rodrigor8054 has 30 seconds left.
|inactive|Rodrigor8054 has 20 seconds left.
|inactive|Rodrigor8054 has 15 seconds left.
|inactive|Rodrigor8054 has 10 seconds left.
|
|t:|1782407801
|move|p1b: Incineroar|Fake Out|p2a: Incineroar
|-damage|p2a: Incineroar|92/100
|cant|p2a: Incineroar|flinch
|move|p2b: Floette|Calm Mind|p2b: Floette
|-boost|p2b: Floette|spa|1
|-boost|p2b: Floette|spd|1
|move|p1a: Floette|Moonblast|p2a: Incineroar
|-damage|p2a: Incineroar|7/100
|
|-heal|p2a: Incineroar|14/100|[from] item: Leftovers
|upkeep
|turn|5
|
|t:|1782407817
|move|p2a: Incineroar|Helping Hand|p2b: Floette
|-singleturn|p2b: Floette|Helping Hand|[of] p2a: Incineroar
|move|p2b: Floette|Dazzling Gleam|p1a: Floette|[spread] p1a,p1b
|-damage|p1a: Floette|22/100
|-damage|p1b: Incineroar|0 fnt
|faint|p1b: Incineroar
|move|p1a: Floette|Dazzling Gleam|p2a: Incineroar|[spread] p2a,p2b
|-damage|p2a: Incineroar|0 fnt
|-damage|p2b: Floette|24/100
|faint|p2a: Incineroar
|
|upkeep
|
|t:|1782407824
|switch|p1b: Sinistcha|Sinistcha, L50|100/100
|switch|p2a: Kingambit|Kingambit, L50, F, shiny|100/100
|-heal|p1a: Floette|47/100|[from] ability: Hospitality|[of] p1b: Sinistcha
|turn|6
|inactive|Rodrigor8054 has 30 seconds left.
|inactive|Rodrigor8054 has 20 seconds left.
|
|t:|1782407861
|move|p1b: Sinistcha|Rage Powder|p1b: Sinistcha
|-singleturn|p1b: Sinistcha|move: Rage Powder
|move|p2b: Floette|Dazzling Gleam|p1a: Floette|[spread] p1a,p1b
|-damage|p1a: Floette|15/100
|-damage|p1b: Sinistcha|22/100
|move|p1a: Floette|Moonblast|p2a: Kingambit
|-damage|p2a: Kingambit|0 fnt
|faint|p2a: Kingambit
|
|upkeep
|turn|7
|
|t:|1782407878
|move|p2b: Floette|Dazzling Gleam|p1b: Sinistcha|[spread] p1a,p1b
|-damage|p1a: Floette|0 fnt
|-damage|p1b: Sinistcha|0 fnt
|faint|p1a: Floette
|faint|p1b: Sinistcha
|
|win|23 5'5 PVHS
||Rodrigor8054 is ready for game 2.
||23 5'5 PVHS is ready for game 2.
|uhtml|next|Next: Game 2 of 3
|l|☆Rodrigor8054
|player|p1|
