|j|☆Slyfox128
|j|☆Mr.Coffee.Kat
|html|Slyfox128Mr.Coffee.Kat    
|uhtml|bestof|Game 2 of a best-of-3
|t:|1757160022
|gametype|doubles
|player|p1|Slyfox128|caitlin|1095
|player|p2|Mr.Coffee.Kat|rei|1000
|gen|9
|tier|[Gen 9] VGC 2025 Reg H (Bo3)
|rated|
|rule|Species Clause: Limit one of each Pokémon
|rule|Item Clause: Limit 1 of each item
|clearpoke
|poke|p1|Dragapult, L50, F|
|poke|p1|Ninetales-Alola, L50, F|
|poke|p1|Lucario, L50, M|
|poke|p1|Glimmora, L50, F|
|poke|p1|Talonflame, L50, F|
|poke|p1|Incineroar, L50, M|
|poke|p2|Charizard, L50, F|
|poke|p2|Torkoal, L50, F|
|poke|p2|Porygon2, L50|
|poke|p2|Incineroar, L50, M|
|poke|p2|Jumpluff, L50, F|
|poke|p2|Ursaluna, L50, F|
|teampreview|4
|showteam|p1|Dragapult||ChoiceBand|ClearBody|DragonDarts,DragonClaw,TeraBlast,Uturn|||F|||50|,,,,,Ghost]Ninetales-Alola||CovertCloak|SnowWarning|AuroraVeil,Protect,Moonblast,Blizzard|||F|||50|,,,,,Water]Lucario||LifeOrb|InnerFocus|AuraSphere,FlashCannon,Protect,DarkPulse|||M|||50|,,,,,Dark]Glimmora||PowerHerb|ToxicDebris|MeteorBeam,SpikyShield,SludgeWave,EarthPower|||F|||50|,,,,,Ground]Talonflame||FocusSash|GaleWings|Tailwind,BraveBird,Protect,FlareBlitz|||F|||50|,,,,,Dark]Incineroar||SafetyGoggles|Intimidate|KnockOff,PartingShot,Taunt,FakeOut|||M|||50|,,,,,Water
|showteam|p2|Charizard||ChoiceSpecs|SolarPower|HeatWave,Overheat,WeatherBall,AirSlash|||F|||50|,,,,,Ghost]Torkoal||EjectPack|Drought|Eruption,Overheat,HelpingHand,Protect|||F|||50|,,,,,Fire]Porygon2||Eviolite|Download|TeraBlast,IceBeam,Recover,TrickRoom||||||50|,,,,,Fighting]Incineroar||SitrusBerry|Intimidate|FlareBlitz,KnockOff,FakeOut,PartingShot|||M|||50|,,,,,Ghost]Jumpluff||CovertCloak|Chlorophyll|SleepPowder,SunnyDay,RagePowder,Tailwind|||F|||50|,,,,,Water]Ursaluna||FlameOrb|Guts|HeadlongRush,Facade,Earthquake,Protect|||F|||50|,,,,,Ghost
|inactive|Battle timer is ON: inactive players will automatically lose when time's up. (requested by Slyfox128)
|inactive|Mr.Coffee.Kat has 60 seconds left.
|
|t:|1757160065
|teamsize|p1|4
|teamsize|p2|4
|start
|switch|p1a: Incineroar|Incineroar, L50, M|100/100
|switch|p1b: Lucario|Lucario, L50, M|100/100
|switch|p2a: Jumpluff|Jumpluff, L50, F|100/100
|switch|p2b: Incineroar|Incineroar, L50, M|100/100
|-ability|p2b: Incineroar|Intimidate|boost
|-unboost|p1a: Incineroar|atk|1
|-fail|p1b: Lucario|unboost|Attack|[from] ability: Inner Focus|[of] p1b: Lucario
|-ability|p1a: Incineroar|Intimidate|boost
|-unboost|p2a: Jumpluff|atk|1
|-unboost|p2b: Incineroar|atk|1
|turn|1
|inactive|Slyfox128 has 30 seconds left.
|
|t:|1757160096
|-terastallize|p2b: Incineroar|Ghost
|move|p1a: Incineroar|Fake Out|p2b: Incineroar
|-immune|p2b: Incineroar
|move|p2a: Jumpluff|Tailwind|p2a: Jumpluff
|-sidestart|p2: Mr.Coffee.Kat|move: Tailwind
|move|p2b: Incineroar|Flare Blitz|p1b: Lucario
|-supereffective|p1b: Lucario
|-damage|p1b: Lucario|0 fnt
|faint|p1b: Lucario
|-damage|p2b: Incineroar|77/100|[from] Recoil
|
|upkeep
|
|t:|1757160107
|switch|p1b: Ninetales|Ninetales-Alola, L50, F|100/100
|-weather|Snowscape|[from] ability: Snow Warning|[of] p1b: Ninetales
|turn|2
|
|t:|1757160130
|move|p2a: Jumpluff|Sunny Day|p2a: Jumpluff
|-weather|SunnyDay
|move|p2b: Incineroar|Flare Blitz|p1b: Ninetales
|-supereffective|p1b: Ninetales
|-damage|p1b: Ninetales|0 fnt
|faint|p1b: Ninetales
|-damage|p2b: Incineroar|52/100|[from] Recoil
|move|p1a: Incineroar|Taunt|p2a: Jumpluff
|-start|p2a: Jumpluff|move: Taunt
|
|-weather|SunnyDay|[upkeep]
|upkeep
|
|t:|1757160135
|switch|p1b: Glimmora|Glimmora, L50, F|100/100
|turn|3
|
|t:|1757160150
|switch|p2a: Ursaluna|Ursaluna, L50, F|100/100
|move|p2b: Incineroar|Parting Shot|p1b: Glimmora
|-unboost|p1b: Glimmora|atk|1
|-unboost|p1b: Glimmora|spa|1
|
|t:|1757160155
|switch|p2b: Jumpluff|Jumpluff, L50, F|100/100|[from] Parting Shot
|move|p1b: Glimmora|Meteor Beam||[still]
|-prepare|p1b: Glimmora|Meteor Beam
|-boost|p1b: Glimmora|spa|1
|-enditem|p1b: Glimmora|Power Herb
|-anim|p1b: Glimmora|Meteor Beam|p2a: Ursaluna
|-resisted|p2a: Ursaluna
|-damage|p2a: Ursaluna|71/100
|move|p1a: Incineroar|Knock Off|p2b: Jumpluff
|-damage|p2b: Jumpluff|68/100
|-enditem|p2b: Jumpluff|Covert Cloak|[from] move: Knock Off|[of] p1a: Incineroar
|
|-weather|SunnyDay|[upkeep]
|-status|p2a: Ursaluna|brn|[from] item: Flame Orb
|upkeep
|turn|4
|
|t:|1757160176
|move|p1b: Glimmora|Spiky Shield|p1b: Glimmora
|-singleturn|p1b: Glimmora|move: Protect
|move|p2b: Jumpluff|Sleep Powder|p1b: Glimmora
|-activate|p1b: Glimmora|move: Protect
|move|p2a: Ursaluna|Headlong Rush|p1a: Incineroar
|-supereffective|p1a: Incineroar
|-damage|p1a: Incineroar|0 fnt
|-unboost|p2a: Ursaluna|def|1
|-unboost|p2a: Ursaluna|spd|1
|faint|p1a: Incineroar
|
|-weather|SunnyDay|[upkeep]
|-damage|p2a: Ursaluna|66/100 brn|[from] brn
|-sideend|p2: Mr.Coffee.Kat|move: Tailwind
|upkeep
|turn|5
|-message|Slyfox128 forfeited.
|
|win|Mr.Coffee.Kat
|l|☆Slyfox128
|player|p1|
||Mr.Coffee.Kat is ready for game 3.
||Slyfox128 is ready for game 3.
|uhtml|next|Next: Game 3 of 3
|l|☆Mr.Coffee.Kat
|player|p2|
|j|☆Slyfox128
|player|p1|Slyfox128|caitlin|
