|j|☆KodeBeast0526
|j|☆gdfox802
|html|KodeBeast0526gdfox802    
|uhtml|bestof|Game 2 of a best-of-3
|t:|1785904554
|gametype|doubles
|player|p1|KodeBeast0526|wattson|1288
|player|p2|gdfox802|miku-fire|1180
|gen|9
|tier|[Gen 9 Champions] VGC 2026 Reg M-B (Bo3)
|rated|
|rule|Species Clause: Limit one of each Pokémon
|rule|Item Clause: Limit 1 of each item
|clearpoke
|poke|p1|Basculegion, L50, M|
|poke|p1|Garchomp, L50, F|
|poke|p1|Scizor, L50, F|
|poke|p1|Tyranitar, L50, F|
|poke|p1|Sneasler, L50, F|
|poke|p1|Corviknight, L50, F|
|poke|p2|Metagross, L50|
|poke|p2|Hydreigon, L50, M|
|poke|p2|Sylveon, L50, M|
|poke|p2|Aerodactyl, L50, M|
|poke|p2|Rotom-Wash, L50|
|poke|p2|Incineroar, L50, M|
|teampreview|4
|showteam|p1|Basculegion||SitrusBerry|Adaptability|WaveCrash,LastRespects,AquaJet,Protect|Jolly||M|||50|]Garchomp||Garchompite|RoughSkin|EarthPower,DracoMeteor,PowerGem,Protect|Modest||F|||50|]Scizor||LifeOrb|Technician|BulletPunch,BugBite,SwordsDance,Protect|Adamant||F|||50|]Tyranitar||ChoiceScarf|SandStream|RockSlide,KnockOff,IcePunch,Superpower|Jolly||F|||50|]Sneasler||FocusSash|PoisonTouch|PoisonJab,CloseCombat,FakeOut,Protect|Jolly||F|||50|]Corviknight||Leftovers|MirrorArmor|IronHead,BraveBird,Tailwind,Protect|Impish||F|||50|
|showteam|p2|Metagross||Metagrossite|ClearBody|IronHead,PsychicFangs,BodyPress,Protect|Jolly|||||50|]Hydreigon||ChoiceScarf|Levitate|DarkPulse,DracoMeteor,Snarl,HeatWave|Timid||M|||50|]Sylveon||LifeOrb|Pixilate|HyperBeam,HyperVoice,QuickAttack,Detect|Modest||M|||50|]Aerodactyl||FocusSash|Unnerve|RockSlide,DualWingbeat,Tailwind,Protect|Jolly||M|||50|]Rotom-Wash||SitrusBerry|Levitate|Electroweb,HydroPump,Thunderbolt,WillOWisp|Modest|||||50|]Incineroar||PasshoBerry|Intimidate|FlareBlitz,ThroatChop,FakeOut,PartingShot|Adamant||M|||50|
|
|t:|1785904581
|teamsize|p1|4
|teamsize|p2|4
|start
|switch|p1a: Corviknight|Corviknight, L50, F|100/100
|switch|p1b: Sneasler|Sneasler, L50, F|100/100
|switch|p2a: Aerodactyl|Aerodactyl, L50, M|100/100
|switch|p2b: Incineroar|Incineroar, L50, M|100/100
|-ability|p2a: Aerodactyl|Unnerve
|-ability|p2b: Incineroar|Intimidate|boost
|-ability|p1a: Corviknight|Mirror Armor
|-unboost|p2b: Incineroar|atk|1
|-unboost|p1b: Sneasler|atk|1
|turn|1
|
|t:|1785904598
|move|p1b: Sneasler|Fake Out|p2b: Incineroar
|-damage|p2b: Incineroar|91/100
|-status|p2b: Incineroar|psn|[from] ability: Poison Touch|[of] p1b: Sneasler
|move|p2a: Aerodactyl|Dual Wingbeat|p1b: Sneasler|[miss]
|-miss|p2a: Aerodactyl|p1b: Sneasler
|cant|p2b: Incineroar|flinch
|move|p1a: Corviknight|Tailwind|p1a: Corviknight
|-sidestart|p1: KodeBeast0526|move: Tailwind
|
|-damage|p2b: Incineroar|79/100 psn|[from] psn
|upkeep
|turn|2
|
|t:|1785904634
|move|p2a: Aerodactyl|Protect|p2a: Aerodactyl
|-singleturn|p2a: Aerodactyl|Protect
|move|p1b: Sneasler|Close Combat|p2b: Incineroar
|-supereffective|p2b: Incineroar|1
|-damage|p2b: Incineroar|0 fnt
|-unboost|p1b: Sneasler|def|1
|-unboost|p1b: Sneasler|spd|1
|faint|p2b: Incineroar
|move|p1a: Corviknight|Iron Head|p2a: Aerodactyl
|-activate|p2a: Aerodactyl|move: Protect
|
|upkeep
|
|t:|1785904655
|switch|p2b: Rotom|Rotom-Wash, L50|100/100
|turn|3
|
|t:|1785904673
|switch|p2a: Sylveon|Sylveon, L50, M|100/100
|move|p1b: Sneasler|Close Combat|p2a: Sylveon
|-resisted|p2a: Sylveon|1
|-damage|p2a: Sylveon|66/100
|-unboost|p1b: Sneasler|def|1
|-unboost|p1b: Sneasler|spd|1
|move|p1a: Corviknight|Iron Head|p2a: Sylveon
|-supereffective|p2a: Sylveon|1
|-damage|p2a: Sylveon|0 fnt
|faint|p2a: Sylveon
|move|p2b: Rotom|Electroweb|p1a: Corviknight|[spread] p1a,p1b
|-supereffective|p1a: Corviknight|1
|-damage|p1a: Corviknight|69/100
|-damage|p1b: Sneasler|53/100
|-ability|p1a: Corviknight|Mirror Armor
|-unboost|p2b: Rotom|spe|1
|-unboost|p1b: Sneasler|spe|1
|
|-heal|p1a: Corviknight|75/100|[from] item: Leftovers
|upkeep
|
|t:|1785904688
|switch|p2a: Aerodactyl|Aerodactyl, L50, M|100/100
|-ability|p2a: Aerodactyl|Unnerve
|turn|4
|
|t:|1785904701
|move|p1b: Sneasler|Poison Jab|p2b: Rotom
|-damage|p2b: Rotom|66/100
|move|p2a: Aerodactyl|Tailwind|p2a: Aerodactyl
|-sidestart|p2: gdfox802|move: Tailwind
|move|p1a: Corviknight|Brave Bird|p2b: Rotom
|-resisted|p2b: Rotom|1
|-damage|p2b: Rotom|47/100
|-enditem|p2b: Rotom|Sitrus Berry|[eat]
|-heal|p2b: Rotom|72/100|[from] item: Sitrus Berry
|-damage|p1a: Corviknight|70/100|[from] Recoil
|move|p2b: Rotom|Thunderbolt|p1a: Corviknight
|-supereffective|p1a: Corviknight|1
|-damage|p1a: Corviknight|3/100
|
|-heal|p1a: Corviknight|9/100|[from] item: Leftovers
|-sideend|p1: KodeBeast0526|move: Tailwind
|upkeep
|turn|5
|
|t:|1785904731
|move|p2a: Aerodactyl|Dual Wingbeat|p1b: Sneasler
|-supereffective|p1b: Sneasler|1
|-damage|p1b: Sneasler|0 fnt
|faint|p1b: Sneasler
|-hitcount|p1: Sneasler|1
|move|p2b: Rotom|Thunderbolt|p1a: Corviknight
|-supereffective|p1a: Corviknight|1
|-damage|p1a: Corviknight|0 fnt
|faint|p1a: Corviknight
|
|upkeep
|
|t:|1785904740
|switch|p1b: Tyranitar|Tyranitar, L50, F|100/100
|switch|p1a: Garchomp|Garchomp, L50, F|100/100
|-weather|Sandstorm|[from] ability: Sand Stream|[of] p1b: Tyranitar
|turn|6
|
|t:|1785904761
|detailschange|p1a: Garchomp|Garchomp-Mega, L50, F
|-mega|p1a: Garchomp|Garchomp|Garchompite
|move|p2a: Aerodactyl|Protect|p2a: Aerodactyl
|-singleturn|p2a: Aerodactyl|Protect
|move|p1b: Tyranitar|Rock Slide|p2b: Rotom|[spread] p2b
|-activate|p2a: Aerodactyl|move: Protect
|-damage|p2b: Rotom|41/100
|move|p2b: Rotom|Hydro Pump|p1b: Tyranitar
|-supereffective|p1b: Tyranitar|1
|-damage|p1b: Tyranitar|33/100
|move|p1a: Garchomp|Power Gem|p2a: Aerodactyl
|-activate|p2a: Aerodactyl|move: Protect
|
|-weather|Sandstorm|[upkeep]
|-damage|p2b: Rotom|35/100|[from] Sandstorm
|upkeep
|turn|7
|
|t:|1785904780
|move|p2a: Aerodactyl|Rock Slide|p1a: Garchomp|[spread] p1a,p1b
|-resisted|p1a: Garchomp|1
|-crit|p1b: Tyranitar
|-damage|p1a: Garchomp|89/100
|-damage|p1b: Tyranitar|0 fnt
|faint|p1b: Tyranitar
|move|p2b: Rotom|Hydro Pump|p1a: Garchomp
|-damage|p1a: Garchomp|40/100
|move|p1a: Garchomp|Power Gem|p2a: Aerodactyl
|-supereffective|p2a: Aerodactyl|1
|-damage|p2a: Aerodactyl|26/100
|
|-weather|Sandstorm|[upkeep]
|-damage|p2b: Rotom|29/100|[from] Sandstorm
|-sideend|p2: gdfox802|move: Tailwind
|upkeep
|turn|8
|
|t:|1785904799
|move|p2a: Aerodactyl|Dual Wingbeat|p1a: Garchomp
|-damage|p1a: Garchomp|25/100
|-damage|p1a: Garchomp|11/100
|-hitcount|p1a: Garchomp|2
|move|p1a: Garchomp|Power Gem|p2b: Rotom
|-damage|p2b: Rotom|0 fnt
|faint|p2b: Rotom
|
|-weather|Sandstorm|[upkeep]
|upkeep
|turn|9
|
|t:|1785904808
|move|p2a: Aerodactyl|Dual Wingbeat|p1a: Garchomp
|-damage|p1a: Garchomp|0 fnt
|faint|p1a: Garchomp
|-hitcount|p1: Garchomp|1
|
|win|gdfox802
|raw|KodeBeast0526's rating: 1288 → 1255(-33 for losing)
|raw|gdfox802's rating: 1180 → 1213(+33 for winning)
