|j|☆rossatwork26
|j|☆ale_z_plumber
|html|rossatwork26ale_z_plumber    
|uhtml|bestof|Game 1 of a best-of-3
|t:|1784227481
|gametype|doubles
|player|p1|rossatwork26|102|1119
|player|p2|ale_z_plumber|lucas-gen4pt|1046
|gen|9
|tier|[Gen 9 Champions] VGC 2026 Reg M-B (Bo3)
|rated|
|rule|Species Clause: Limit one of each Pokémon
|rule|Item Clause: Limit 1 of each item
|clearpoke
|poke|p1|Sneasler, L50, M|
|poke|p1|Blastoise, L50, M|
|poke|p1|Kingambit, L50, M|
|poke|p1|Incineroar, L50, M|
|poke|p1|Delphox, L50, F|
|poke|p1|Sinistcha, L50|
|poke|p2|Blaziken, L50, M|
|poke|p2|Aerodactyl, L50, M|
|poke|p2|Kingambit, L50, F|
|poke|p2|Basculegion, L50, M|
|poke|p2|Sylveon, L50, M|
|poke|p2|Torkoal, L50, F|
|teampreview|4
|showteam|p1|Sneasler||FocusSash|PoisonTouch|PoisonJab,CloseCombat,FakeOut,QuickGuard|Jolly||M|||50|]Blastoise||Blastoisinite|RainDish|DarkPulse,WaterSpout,ShellSmash,Protect|Modest||M|||50|]Kingambit||BlackGlasses|Defiant|KowtowCleave,SuckerPunch,SwordsDance,Protect|Adamant||M|||50|]Incineroar||SitrusBerry|Intimidate|FlareBlitz,HelpingHand,PartingShot,FakeOut|Careful||M|||50|]Delphox||Delphoxite|Blaze|HeatWave,NastyPlot,Psyshock,Protect|Modest||F|||50|]Sinistcha||KasibBerry|Hospitality|MatchaGotcha,RagePowder,TrickRoom,Protect|Bold|||||50|
|showteam|p2|Blaziken||Blazikenite|SpeedBoost|FlareBlitz,CloseCombat,RockSlide,Protect|Adamant||M|||50|]Aerodactyl||Aerodactylite|Unnerve|RockSlide,DualWingbeat,IceFang,Tailwind|Jolly||M|||50|]Kingambit||LifeOrb|Defiant|KowtowCleave,IronHead,SuckerPunch,Protect|Adamant||F|||50|]Basculegion||FocusSash|Adaptability|LastRespects,Liquidation,AquaJet,Protect|Adamant||M|||50|]Sylveon||FairyFeather|Pixilate|HyperVoice,Moonblast,QuickAttack,Protect|Modest||M|||50|]Torkoal||Leftovers|Drought|WeatherBall,BurningJealousy,Yawn,Protect|Relaxed||F|||50|
|
|t:|1784227524
|teamsize|p1|4
|teamsize|p2|4
|start
|switch|p1a: Sneasler|Sneasler, L50, M|100/100
|switch|p1b: Delphox|Delphox, L50, F|100/100
|switch|p2a: Aerodactyl|Aerodactyl, L50, M|100/100
|switch|p2b: Sylveon|Sylveon, L50, M|100/100
|-ability|p2a: Aerodactyl|Unnerve
|turn|1
|inactive|Battle timer is ON: inactive players will automatically lose when time's up. (requested by rossatwork26)
|
|t:|1784227572
|detailschange|p1b: Delphox|Delphox-Mega, L50, F
|-mega|p1b: Delphox|Delphox|Delphoxite
|move|p1a: Sneasler|Fake Out|p2a: Aerodactyl
|-resisted|p2a: Aerodactyl|1
|-crit|p2a: Aerodactyl
|-damage|p2a: Aerodactyl|83/100
|cant|p2a: Aerodactyl|flinch
|move|p1b: Delphox|Nasty Plot|p1b: Delphox
|-boost|p1b: Delphox|spa|2
|move|p2b: Sylveon|Hyper Voice|p1a: Sneasler|[spread] p1a,p1b
|-resisted|p1b: Delphox|1
|-damage|p1a: Sneasler|36/100
|-damage|p1b: Delphox|78/100
|
|upkeep
|turn|2
|inactive|ale_z_plumber has 30 seconds left.
|inactive|ale_z_plumber has 20 seconds left.
|inactive|ale_z_plumber has 15 seconds left.
|inactive|ale_z_plumber has 10 seconds left.
|inactive|ale_z_plumber has 5 seconds left.
|
|t:|1784227623
|switch|p1a: Incineroar|Incineroar, L50, M|100/100
|-ability|p1a: Incineroar|Intimidate|boost
|-unboost|p2a: Aerodactyl|atk|1
|-unboost|p2b: Sylveon|atk|1
|detailschange|p2a: Aerodactyl|Aerodactyl-Mega, L50, M
|-mega|p2a: Aerodactyl|Aerodactyl|Aerodactylite
|move|p1b: Delphox|Protect|p1b: Delphox
|-singleturn|p1b: Delphox|Protect
|move|p2b: Sylveon|Quick Attack|p1a: Incineroar
|-damage|p1a: Incineroar|91/100
|move|p2a: Aerodactyl|Rock Slide|p1a: Incineroar|[spread] p1a
|-activate|p1b: Delphox|move: Protect
|-supereffective|p1a: Incineroar|1
|-damage|p1a: Incineroar|58/100
|
|upkeep
|turn|3
|inactive|rossatwork26 has 30 seconds left.
|inactive|ale_z_plumber has 30 seconds left.
|inactive|ale_z_plumber has 20 seconds left.
|
|t:|1784227661
|move|p1a: Incineroar|Fake Out|p2a: Aerodactyl
|-resisted|p2a: Aerodactyl|1
|-damage|p2a: Aerodactyl|77/100
|cant|p2a: Aerodactyl|flinch
|move|p1b: Delphox|Heat Wave|p2a: Aerodactyl|[spread] p2a,p2b
|-resisted|p2a: Aerodactyl|1
|-damage|p2a: Aerodactyl|36/100
|-damage|p2b: Sylveon|31/100
|move|p2b: Sylveon|Hyper Voice|p1a: Incineroar|[spread] p1a,p1b
|-resisted|p1b: Delphox|1
|-damage|p1a: Incineroar|19/100
|-damage|p1b: Delphox|57/100
|-enditem|p1a: Incineroar|Sitrus Berry|[eat]
|-heal|p1a: Incineroar|44/100|[from] item: Sitrus Berry
|
|upkeep
|turn|4
|inactive|rossatwork26 has 30 seconds left.
|
|t:|1784227695
|switch|p1a: Sinistcha|Sinistcha, L50|100/100
|-heal|p1b: Delphox|82/100|[from] ability: Hospitality|[of] p1a: Sinistcha
|move|p2a: Aerodactyl|Rock Slide|p1a: Sinistcha|[spread] p1a,p1b
|-supereffective|p1b: Delphox|1
|-damage|p1a: Sinistcha|84/100
|-damage|p1b: Delphox|40/100
|cant|p1b: Delphox|flinch
|move|p2b: Sylveon|Hyper Voice|p1a: Sinistcha|[spread] p1a,p1b
|-resisted|p1b: Delphox|1
|-damage|p1a: Sinistcha|37/100
|-damage|p1b: Delphox|21/100
|
|upkeep
|turn|5
|
|t:|1784227711
|move|p1b: Delphox|Protect|p1b: Delphox
|-singleturn|p1b: Delphox|Protect
|move|p2a: Aerodactyl|Rock Slide|p1a: Sinistcha|[spread] p1a
|-activate|p1b: Delphox|move: Protect
|-damage|p1a: Sinistcha|21/100
|move|p2b: Sylveon|Hyper Voice|p1a: Sinistcha|[spread] p1a
|-activate|p1b: Delphox|move: Protect
|-damage|p1a: Sinistcha|0 fnt
|faint|p1a: Sinistcha
|
|upkeep
|
|t:|1784227727
|switch|p1a: Sneasler|Sneasler, L50, M|36/100
|turn|6
|inactive|ale_z_plumber has 30 seconds left.
|inactive|ale_z_plumber has 20 seconds left.
|inactive|ale_z_plumber has 15 seconds left.
|inactive|ale_z_plumber has 10 seconds left.
|
|t:|1784227776
|switch|p2a: Kingambit|Kingambit, L50, F|100/100
|move|p1a: Sneasler|Fake Out|p2a: Kingambit
|-resisted|p2a: Kingambit|1
|-damage|p2a: Kingambit|94/100
|move|p2b: Sylveon|Quick Attack|p1a: Sneasler
|-damage|p1a: Sneasler|22/100
|move|p1b: Delphox|Heat Wave|p2b: Sylveon|[spread] p2a,p2b
|-supereffective|p2a: Kingambit|1
|-damage|p2a: Kingambit|0 fnt
|-damage|p2b: Sylveon|0 fnt
|faint|p2a: Kingambit
|faint|p2b: Sylveon
|
|upkeep
|
|t:|1784227789
|switch|p2b: Aerodactyl|Aerodactyl-Mega, L50, M|36/100
|switch|p2a: Blaziken|Blaziken, L50, M|100/100
|turn|7
|
|t:|1784227810
|switch|p1a: Incineroar|Incineroar, L50, M|44/100
|-ability|p1a: Incineroar|Intimidate|boost
|-unboost|p2a: Blaziken|atk|1
|-unboost|p2b: Aerodactyl|atk|1
|move|p1b: Delphox|Protect|p1b: Delphox
|-singleturn|p1b: Delphox|Protect
|move|p2b: Aerodactyl|Rock Slide|p1a: Incineroar|[spread] 
|-activate|p1b: Delphox|move: Protect
|-miss|p2b: Aerodactyl|p1a: Incineroar
|move|p2a: Blaziken|Close Combat|p1a: Incineroar
|-supereffective|p1a: Incineroar|1
|-damage|p1a: Incineroar|0 fnt
|-unboost|p2a: Blaziken|def|1
|-unboost|p2a: Blaziken|spd|1
|faint|p1a: Incineroar
|
|-ability|p2a: Blaziken|Speed Boost|boost
|-boost|p2a: Blaziken|spe|1
|upkeep
|
|t:|1784227814
|switch|p1a: Sneasler|Sneasler, L50, M|22/100
|turn|8
|inactive|rossatwork26 has 30 seconds left.
|inactive|ale_z_plumber has 30 seconds left.
|
|t:|1784227844
|move|p1a: Sneasler|Fake Out|p2b: Aerodactyl
|-resisted|p2b: Aerodactyl|1
|-crit|p2b: Aerodactyl
|-damage|p2b: Aerodactyl|22/100
|cant|p2b: Aerodactyl|flinch
|move|p2a: Blaziken|Flare Blitz|p1b: Delphox
|-resisted|p1b: Delphox|1
|-crit|p1b: Delphox
|-damage|p1b: Delphox|0 fnt
|faint|p1b: Delphox
|-damage|p2a: Blaziken|92/100|[from] Recoil
|
|-ability|p2a: Blaziken|Speed Boost|boost
|-boost|p2a: Blaziken|spe|1
|upkeep
|turn|9
|-message|rossatwork26 forfeited.
|
|win|ale_z_plumber
||rossatwork26 is ready for game 2.
||ale_z_plumber is ready for game 2.
|uhtml|next|Next: Game 2 of 3
|l|☆rossatwork26
|player|p1|
