|j|☆shakyturtle
|j|☆YungDungBeetle
|html|shakyturtleYungDungBeetle    
|uhtml|bestof|Game 1 of a best-of-3
|t:|1757858711
|gametype|doubles
|player|p1|shakyturtle|blaine|1099
|player|p2|YungDungBeetle|n|1186
|gen|9
|tier|[Gen 9] VGC 2025 Reg H (Bo3)
|rated|
|rule|Species Clause: Limit one of each Pokémon
|rule|Item Clause: Limit 1 of each item
|clearpoke
|poke|p1|Whimsicott, L50, F|
|poke|p1|Dragapult, L50, F|
|poke|p1|Farigiraf, L50, M|
|poke|p1|Florges-White, L50, F|
|poke|p1|Empoleon, L50, F|
|poke|p1|Persian-Alola, L50, F|
|poke|p2|Annihilape, L50, F|
|poke|p2|Baxcalibur, L50, F|
|poke|p2|Rillaboom, L50, M|
|poke|p2|Volcarona, L50, F|
|poke|p2|Kingambit, L50, M|
|poke|p2|Dondozo, L50, F|
|teampreview|4
|showteam|p1|Whimsicott||CovertCloak|Prankster|Moonblast,Tailwind,Encore,FakeTears|||F|||50|,,,,,Ghost]Dragapult||ChoiceBand|ClearBody|DragonDarts,Outrage,TeraBlast,Uturn|||F|||50|,,,,,Dragon]Farigiraf||ThroatSpray|ArmorTail|Protect,TrickRoom,HyperVoice,Psychic|||M|||50|,,,,,Normal]Florges-White||LifeOrb|Symbiosis|Protect,CalmMind,TeraBlast,Moonblast|||F|||50|,,,,,Ground]Empoleon||AdrenalineOrb|Competitive|Protect,AirSlash,WaterPledge,FlashCannon|||F|||50|,,,,,Water]Persian-Alola||AssaultVest|FurCoat|FoulPlay,Snarl,FakeOut,IcyWind|||F|||50|,,,,,Dark
|showteam|p2|Annihilape||FocusSash|Defiant|CloseCombat,RageFist,Coaching,FinalGambit|||F|||50|,,,,,Grass]Baxcalibur||LoadedDice|ThermalExchange|Protect,IceShard,ScaleShot,IcicleSpear|||F|||50|,,,,,Ghost]Rillaboom||AssaultVest|GrassySurge|WoodHammer,GrassyGlide,HighHorsepower,FakeOut|||M|||50|,,,,,Water]Volcarona||CovertCloak|FlameBody|QuiverDance,HeatWave,GigaDrain,RagePowder|||F|||50|,,,,,Grass]Kingambit||SafetyGoggles|Defiant|SuckerPunch,KowtowCleave,SwordsDance,Protect|||M|||50|,,,,,Ghost]Dondozo||Leftovers|Unaware|Protect,Yawn,WaveCrash,Fissure|||F|||50|,,,,,Bug
|inactive|Battle timer is ON: inactive players will automatically lose when time's up. (requested by shakyturtle)
|inactive|shakyturtle has 60 seconds left.
|inactive|YungDungBeetle has 60 seconds left.
|
|t:|1757858758
|teamsize|p1|4
|teamsize|p2|4
|start
|switch|p1a: Dragapult|Dragapult, L50, F|100/100
|switch|p1b: Whimsicott|Whimsicott, L50, F|100/100
|switch|p2a: Volcarona|Volcarona, L50, F|100/100
|switch|p2b: Baxcalibur|Baxcalibur, L50, F|100/100
|turn|1
|
|t:|1757858773
|-terastallize|p2b: Baxcalibur|Ghost
|move|p1b: Whimsicott|Tailwind|p1b: Whimsicott
|-sidestart|p1: shakyturtle|move: Tailwind
|move|p1a: Dragapult|Outrage|p2b: Baxcalibur
|-damage|p2b: Baxcalibur|10/100
|move|p2a: Volcarona|Heat Wave|p1a: Dragapult|[spread] p1a,p1b
|-resisted|p1a: Dragapult
|-supereffective|p1b: Whimsicott
|-damage|p1a: Dragapult|79/100
|-damage|p1b: Whimsicott|1/100
|move|p2b: Baxcalibur|Icicle Spear|p1a: Dragapult
|-supereffective|p1a: Dragapult
|-damage|p1a: Dragapult|33/100
|-supereffective|p1a: Dragapult
|-damage|p1a: Dragapult|0 fnt
|faint|p1a: Dragapult
|-hitcount|p1: Dragapult|2
|
|upkeep
|
|t:|1757858790
|switch|p1a: Florges|Florges-White, L50, F, shiny|100/100
|turn|2
|
|t:|1757858803
|move|p2b: Baxcalibur|Ice Shard|p1b: Whimsicott
|-supereffective|p1b: Whimsicott
|-damage|p1b: Whimsicott|0 fnt
|faint|p1b: Whimsicott
|move|p1a: Florges|Calm Mind|p1a: Florges
|-boost|p1a: Florges|spa|1
|-boost|p1a: Florges|spd|1
|move|p2a: Volcarona|Quiver Dance|p2a: Volcarona
|-boost|p2a: Volcarona|spa|1
|-boost|p2a: Volcarona|spd|1
|-boost|p2a: Volcarona|spe|1
|
|upkeep
|
|t:|1757858806
|switch|p1b: Persian|Persian-Alola, L50, F|100/100
|turn|3
|
|t:|1757858823
|-terastallize|p1a: Florges|Ground
|move|p2b: Baxcalibur|Ice Shard|p1a: Florges
|-supereffective|p1a: Florges
|-damage|p1a: Florges|41/100
|move|p1b: Persian|Snarl|p2a: Volcarona|[spread] p2a,p2b
|-supereffective|p2b: Baxcalibur
|-damage|p2a: Volcarona|94/100
|-damage|p2b: Baxcalibur|0 fnt
|faint|p2b: Baxcalibur
|move|p2a: Volcarona|Quiver Dance|p2a: Volcarona
|-boost|p2a: Volcarona|spa|1
|-boost|p2a: Volcarona|spd|1
|-boost|p2a: Volcarona|spe|1
|move|p1a: Florges|Tera Blast|p2a: Volcarona|[anim] Tera Blast Ground
|-damage|p2a: Volcarona|59/100
|-damage|p1a: Florges|31/100|[from] item: Life Orb
|
|upkeep
|
|t:|1757858835
|switch|p2b: Kingambit|Kingambit, L50, M|100/100
|turn|4
|
|t:|1757858848
|move|p1a: Florges|Protect|p1a: Florges
|-singleturn|p1a: Florges|Protect
|move|p2b: Kingambit|Sucker Punch||[still]
|-fail|p2b: Kingambit
|move|p1b: Persian|Foul Play|p2a: Volcarona
|-damage|p2a: Volcarona|39/100
|move|p2a: Volcarona|Heat Wave|p1b: Persian|[spread] p1b
|-activate|p1a: Florges|move: Protect
|-damage|p1b: Persian|39/100
|
|-sideend|p1: shakyturtle|move: Tailwind
|upkeep
|turn|5
|
|t:|1757858863
|move|p1a: Florges|Protect||[still]
|-fail|p1a: Florges
|move|p2b: Kingambit|Sucker Punch||[still]
|-fail|p2b: Kingambit
|move|p2a: Volcarona|Heat Wave|p1a: Florges|[spread] p1a,p1b
|-damage|p1a: Florges|2/100
|-damage|p1b: Persian|0 fnt
|faint|p1b: Persian
|
|upkeep
|turn|6
|-message|shakyturtle forfeited.
|
|win|YungDungBeetle
||YungDungBeetle is ready for game 2.
||shakyturtle is ready for game 2.
|uhtml|next|Next: Game 2 of 3
