|j|☆John1240
|j|☆TPP
|html|John1240TPP    
|uhtml|bestof|Game 2 of a best-of-3
|t:|1783106655
|gametype|doubles
|player|p1|John1240|#stt5noadkokoroyal|
|player|p2|TPP|#scl4shoguns2|
|gen|9
|tier|[Gen 9 Champions] VGC 2026 Reg M-B (Bo3)
|rule|Species Clause: Limit one of each Pokémon
|rule|Item Clause: Limit 1 of each item
|clearpoke
|poke|p1|Sceptile, L50, F|
|poke|p1|Rotom-Heat, L50|
|poke|p1|Aerodactyl, L50, M|
|poke|p1|Garchomp, L50, F|
|poke|p1|Floette-Eternal, L50, F|
|poke|p1|Basculegion, L50, M|
|poke|p2|Charizard, L50, M|
|poke|p2|Garchomp, L50, M, shiny|
|poke|p2|Aerodactyl, L50, M, shiny|
|poke|p2|Kingambit, L50, F, shiny|
|poke|p2|Sylveon, L50, M, shiny|
|poke|p2|Farigiraf, L50, F, shiny|
|teampreview|4
|showteam|p1|Sceptile||Sceptilite|Overgrow|LeafStorm,DragonPulse,EarthPower,Protect|Timid||F|||50|]Rotom-Heat||ChoiceScarf|Levitate|Overheat,Thunderbolt,Discharge,VoltSwitch|Timid|||||50|]Aerodactyl||FocusSash|Unnerve|RockSlide,WideGuard,DualWingbeat,Tailwind|Jolly||M|||50|]Garchomp||LifeOrb|RoughSkin|DragonClaw,Earthquake,RockSlide,Protect|Jolly||F|||50|]Floette-Eternal||Floettite|FlowerVeil|Moonblast,DazzlingGleam,Protect,LightofRuin|Timid||F|||50|]Basculegion||MysticWater|Adaptability|LastRespects,Liquidation,AquaJet,Protect|Adamant||M|||50|
|showteam|p2|Charizard||CharizarditeY|Blaze|Protect,HeatWave,SolarBeam,WeatherBall|Timid||M|||50|]Garchomp||LifeOrb|RoughSkin|Protect,Earthquake,DragonClaw,StompingTantrum|Jolly||M|||50|]Aerodactyl||Aerodactylite|Unnerve|RockSlide,DualWingbeat,IceFang,Tailwind|Jolly||M|||50|]Kingambit||FocusSash|Defiant|LowKick,KowtowCleave,IronHead,SuckerPunch|Adamant||F|||50|]Sylveon||FairyFeather|Pixilate|Protect,HyperVoice,QuickAttack,HyperBeam|Modest||M|||50|]Farigiraf||SitrusBerry|ArmorTail|Psychic,Thunderbolt,TrickRoom,Roar|Bold||F|||50|
|j| GivraClem
|
|t:|1783106712
|teamsize|p1|4
|teamsize|p2|4
|start
|switch|p1a: Sceptile|Sceptile, L50, F|100/100
|switch|p1b: Rotom|Rotom-Heat, L50|100/100
|switch|p2a: Garchomp|Garchomp, L50, M, shiny|100/100
|switch|p2b: Sylveon|Sylveon, L50, M, shiny|100/100
|turn|1
|j| sprygen
|
|t:|1783106757
|detailschange|p1a: Sceptile|Sceptile-Mega, L50, F
|-mega|p1a: Sceptile|Sceptile|Sceptilite
|move|p1b: Rotom|Discharge|p2a: Garchomp|[spread] p2b
|-ability|p1a: Sceptile|Lightning Rod|boost
|-boost|p1a: Sceptile|spa|1
|-immune|p2a: Garchomp
|-damage|p2b: Sylveon|82/100
|-status|p2b: Sylveon|par
|move|p1a: Sceptile|Leaf Storm|p2b: Sylveon
|-damage|p2b: Sylveon|1/100 par
|-unboost|p1a: Sceptile|spa|2
|move|p2a: Garchomp|Dragon Claw|p1a: Sceptile
|-supereffective|p1a: Sceptile|1
|-damage|p1a: Sceptile|0 fnt
|faint|p1a: Sceptile
|-damage|p2a: Garchomp|90/100|[from] item: Life Orb
|move|p2b: Sylveon|Hyper Voice|p1b: Rotom
|-resisted|p1b: Rotom|1
|-damage|p1b: Rotom|58/100
|
|upkeep
|
|t:|1783106778
|switch|p1a: Garchomp|Garchomp, L50, F|100/100
|turn|2
|
|t:|1783106839
|move|p2b: Sylveon|Quick Attack|p1a: Garchomp
|-supereffective|p1a: Garchomp|1
|-damage|p1a: Garchomp|75/100
|-damage|p2b: Sylveon|0 fnt|[from] ability: Rough Skin|[of] p1a: Garchomp
|faint|p2b: Sylveon
|move|p1b: Rotom|Discharge|p2a: Garchomp|[spread] 
|-immune|p1a: Garchomp
|-immune|p2a: Garchomp
|move|p2a: Garchomp|Dragon Claw|p1a: Garchomp
|-supereffective|p1a: Garchomp|1
|-damage|p1a: Garchomp|0 fnt
|-damage|p2a: Garchomp|78/100|[from] ability: Rough Skin|[of] p1a: Garchomp
|faint|p1a: Garchomp
|-damage|p2a: Garchomp|68/100|[from] item: Life Orb
|
|upkeep
|
|t:|1783106867
|switch|p1a: Basculegion|Basculegion, L50, M|100/100
|switch|p2b: Aerodactyl|Aerodactyl, L50, M, shiny|100/100
|-ability|p2b: Aerodactyl|Unnerve
|turn|3
|
|t:|1783106899
|detailschange|p2b: Aerodactyl|Aerodactyl-Mega, L50, M, shiny
|-mega|p2b: Aerodactyl|Aerodactyl|Aerodactylite
|move|p2a: Garchomp|Protect|p2a: Garchomp
|-singleturn|p2a: Garchomp|Protect
|move|p1b: Rotom|Discharge|p2a: Garchomp|[spread] p1a,p2b
|-activate|p2a: Garchomp|move: Protect
|-supereffective|p1a: Basculegion|1
|-supereffective|p2b: Aerodactyl|1
|-damage|p1a: Basculegion|47/100
|-damage|p2b: Aerodactyl|52/100
|-status|p2b: Aerodactyl|par
|move|p1a: Basculegion|Last Respects|p2a: Garchomp
|-activate|p2a: Garchomp|move: Protect
|move|p2b: Aerodactyl|Tailwind|p2b: Aerodactyl
|-sidestart|p2: TPP|move: Tailwind
|
|upkeep
|turn|4
|
|t:|1783106923
|move|p1a: Basculegion|Protect|p1a: Basculegion
|-singleturn|p1a: Basculegion|Protect
|move|p2a: Garchomp|Dragon Claw|p1a: Basculegion
|-activate|p1a: Basculegion|move: Protect
|move|p1b: Rotom|Discharge|p2a: Garchomp|[spread] p2b
|-activate|p1a: Basculegion|move: Protect
|-immune|p2a: Garchomp
|-supereffective|p2b: Aerodactyl|1
|-damage|p2b: Aerodactyl|1/100 par
|move|p2b: Aerodactyl|Rock Slide|p1a: Basculegion|[spread] p1b
|-activate|p1a: Basculegion|move: Protect
|-supereffective|p1b: Rotom|1
|-damage|p1b: Rotom|0 fnt
|faint|p1b: Rotom
|
|upkeep
|turn|5
|c|☆John1240|gg
|c|☆TPP|gg
|
|t:|1783106941
|move|p1a: Basculegion|Aqua Jet|p2b: Aerodactyl
|-supereffective|p2b: Aerodactyl|1
|-damage|p2b: Aerodactyl|0 fnt
|faint|p2b: Aerodactyl
|move|p2a: Garchomp|Dragon Claw|p1a: Basculegion
|-damage|p1a: Basculegion|0 fnt
|faint|p1a: Basculegion
|-damage|p2a: Garchomp|58/100|[from] item: Life Orb
|
|win|TPP
||John1240 is ready for game 3.
|inactive|TPP has 30 seconds to confirm battle start!
||TPP is ready for game 3.
|uhtml|next|Next: Game 3 of 3
