|j|☆Fujin_20260416
|j|☆labiamg
|html|Fujin_20260416labiamg    
|uhtml|bestof|Game 2 of a best-of-3
|t:|1784675786
|gametype|doubles
|player|p1|Fujin_20260416|266|
|player|p2|labiamg|266|
|gen|9
|tier|[Gen 9 Champions] VGC 2026 Reg M-B (Bo3)
|rule|Species Clause: Limit one of each Pokémon
|rule|Item Clause: Limit 1 of each item
|clearpoke
|poke|p1|Floette-Eternal, L50, F|
|poke|p1|Charizard, L50, M|
|poke|p1|Kingambit, L50, F|
|poke|p1|Whimsicott, L50, F|
|poke|p1|Basculegion, L50, M|
|poke|p1|Garchomp, L50, F|
|poke|p2|Basculegion, L50, M, shiny|
|poke|p2|Pelipper, L50, F|
|poke|p2|Floette-Eternal, L50, F|
|poke|p2|Incineroar, L50, M, shiny|
|poke|p2|Archaludon, L50, F|
|poke|p2|Swampert, L50, F, shiny|
|teampreview|4
|showteam|p1|Floette-Eternal||Floettite|FlowerVeil|Protect,LightofRuin,Moonblast,DazzlingGleam|Timid||F|||50|]Charizard||CharizarditeY|Blaze|SolarBeam,HeatWave,WeatherBall,Protect|Modest||M|||50|]Kingambit||BlackGlasses|Defiant|IronHead,Protect,KowtowCleave,SuckerPunch|Adamant||F|||50|]Whimsicott||FocusSash|Prankster|Moonblast,Tailwind,Encore,Protect|Timid||F|||50|]Basculegion||MysticWater|Adaptability|WaveCrash,Protect,LastRespects,AquaJet|Adamant||M|||50|]Garchomp||LifeOrb|RoughSkin|Earthquake,RockSlide,Protect,DragonClaw|Jolly||F|||50|
|showteam|p2|Basculegion||ChoiceScarf|Adaptability|AquaJet,WaveCrash,LastRespects,FlipTurn|Adamant||M|||50|]Pelipper||FocusSash|Drizzle|Hurricane,WeatherBall,Tailwind,Protect|Modest||F|||50|]Floette-Eternal||Floettite|FlowerVeil|DazzlingGleam,DrainingKiss,CalmMind,Protect|Timid||F|||50|]Incineroar||SitrusBerry|Intimidate|FakeOut,ThroatChop,PartingShot,Taunt|Adamant||M|||50|]Archaludon||Leftovers|Stamina|Protect,ElectroShot,FlashCannon,DragonPulse|Modest||F|||50|]Swampert||Swampertite|Torrent|Earthquake,Protect,WaveCrash,IcePunch|Jolly||F|||50|
|inactive|Battle timer is ON: inactive players will automatically lose when time's up. (requested by Fujin_20260416)
|inactive|Fujin_20260416 has 60 seconds left.
|inactive|Fujin_20260416 has 30 seconds left.
|
|t:|1784675865
|teamsize|p1|4
|teamsize|p2|4
|start
|switch|p1a: Whimsicott|Whimsicott, L50, F|100/100
|switch|p1b: Floette|Floette-Eternal, L50, F|100/100
|switch|p2a: Swampert|Swampert, L50, F, shiny|100/100
|switch|p2b: Basculegion|Basculegion, L50, M, shiny|100/100
|turn|1
|inactive|Fujin_20260416 has 30 seconds left.
|inactive|labiamg has 30 seconds left.
|
|t:|1784675897
|switch|p1b: Basculegion|Basculegion, L50, M|100/100
|detailschange|p2a: Swampert|Swampert-Mega, L50, F, shiny
|-mega|p2a: Swampert|Swampert|Swampertite
|move|p1a: Whimsicott|Tailwind|p1a: Whimsicott
|-sidestart|p1: Fujin_20260416|move: Tailwind
|move|p2b: Basculegion|Flip Turn|p1a: Whimsicott
|-resisted|p1a: Whimsicott|1
|-damage|p1a: Whimsicott|69/100
|
|t:|1784675906
|switch|p2b: Pelipper|Pelipper, L50, F|100/100|[from] Flip Turn
|-weather|RainDance|[from] ability: Drizzle|[of] p2b: Pelipper
|move|p2a: Swampert|Earthquake|p1a: Whimsicott|[spread] p1a,p1b
|-immune|p2b: Pelipper
|-resisted|p1a: Whimsicott|1
|-damage|p1a: Whimsicott|37/100
|-damage|p1b: Basculegion|51/100
|
|-weather|RainDance|[upkeep]
|upkeep
|turn|2
|
|t:|1784675925
|move|p1a: Whimsicott|Moonblast|p2b: Pelipper
|-damage|p2b: Pelipper|55/100
|move|p2a: Swampert|Ice Punch|p1a: Whimsicott
|-supereffective|p1a: Whimsicott|1
|-damage|p1a: Whimsicott|0 fnt
|faint|p1a: Whimsicott
|move|p1b: Basculegion|Wave Crash|p2a: Swampert
|-damage|p2a: Swampert|0 fnt
|faint|p2a: Swampert
|-damage|p1b: Basculegion|23/100|[from] Recoil
|move|p2b: Pelipper|Tailwind|p2b: Pelipper
|-sidestart|p2: labiamg|move: Tailwind
|
|-weather|RainDance|[upkeep]
|upkeep
|
|t:|1784675944
|switch|p1a: Kingambit|Kingambit, L50, F|100/100
|switch|p2a: Basculegion|Basculegion, L50, M, shiny|100/100
|turn|3
|inactive|Fujin_20260416 has 30 seconds left.
|
|t:|1784675975
|switch|p2a: Archaludon|Archaludon, L50, F|100/100
|move|p1a: Kingambit|Sucker Punch||[still]
|-fail|p1a: Kingambit
|move|p1b: Basculegion|Last Respects|p2b: Pelipper
|-damage|p2b: Pelipper|0 fnt
|faint|p2b: Pelipper
|
|-weather|RainDance|[upkeep]
|upkeep
|
|t:|1784675998
|switch|p2b: Basculegion|Basculegion, L50, M, shiny|100/100
|turn|4
|inactive|Fujin_20260416 has 30 seconds left.
|inactive|Fujin_20260416 has 20 seconds left.
|inactive|Fujin_20260416 has 15 seconds left.
|
|t:|1784676040
|move|p1b: Basculegion|Protect|p1b: Basculegion
|-singleturn|p1b: Basculegion|Protect
|move|p1a: Kingambit|Protect|p1a: Kingambit
|-singleturn|p1a: Kingambit|Protect
|move|p2b: Basculegion|Aqua Jet|p1b: Basculegion
|-activate|p1b: Basculegion|move: Protect
|move|p2a: Archaludon|Electro Shot||[still]
|-prepare|p2a: Archaludon|Electro Shot
|-boost|p2a: Archaludon|spa|1
|-anim|p2a: Archaludon|Electro Shot|p1a: Kingambit
|-activate|p1a: Kingambit|move: Protect
|
|-weather|RainDance|[upkeep]
|-sideend|p1: Fujin_20260416|move: Tailwind
|upkeep
|turn|5
|
|t:|1784676059
|move|p2b: Basculegion|Aqua Jet|p1b: Basculegion
|-resisted|p1b: Basculegion|1
|-damage|p1b: Basculegion|0 fnt
|faint|p1b: Basculegion
|move|p2a: Archaludon|Electro Shot||[still]
|-prepare|p2a: Archaludon|Electro Shot
|-boost|p2a: Archaludon|spa|1
|-anim|p2a: Archaludon|Electro Shot|p1a: Kingambit
|-damage|p1a: Kingambit|37/100
|move|p1a: Kingambit|Kowtow Cleave|p2b: Basculegion
|-supereffective|p2b: Basculegion|1
|-damage|p2b: Basculegion|0 fnt
|faint|p2b: Basculegion
|
|-weather|none
|-sideend|p2: labiamg|move: Tailwind
|upkeep
|
|t:|1784676064
|switch|p1b: Floette|Floette-Eternal, L50, F|100/100
|turn|6
|inactive|Fujin_20260416 has 30 seconds left.
|
|t:|1784676093
|detailschange|p1b: Floette|Floette-Mega, L50, F
|-mega|p1b: Floette|Floette|Floettite
|-ability|p1b: Floette|Fairy Aura
|move|p1b: Floette|Light of Ruin|p2a: Archaludon
|-damage|p2a: Archaludon|1/100
|-ability|p2a: Archaludon|Stamina|boost
|-boost|p2a: Archaludon|def|1
|-damage|p1b: Floette|37/100|[from] Recoil
|move|p2a: Archaludon|Flash Cannon|p1b: Floette
|-supereffective|p1b: Floette|1
|-damage|p1b: Floette|0 fnt
|faint|p1b: Floette
|move|p1a: Kingambit|Kowtow Cleave|p2a: Archaludon
|-damage|p2a: Archaludon|0 fnt
|faint|p2a: Archaludon
|
|win|Fujin_20260416
|inactive|Fujin_20260416 has 30 seconds to confirm battle start!
|inactive|labiamg has 30 seconds to confirm battle start!
||Fujin_20260416 is ready for game 3.
|inactive|labiamg has 20 seconds to confirm battle start!
||labiamg is ready for game 3.
|uhtml|next|Next: Game 3 of 3
|l|☆labiamg
|player|p2|
