|j|☆thegreatestnone
|j|☆ToastTopping
|html|thegreatestnoneToastTopping    
|uhtml|bestof|Game 1 of a best-of-3
|t:|1784872255
|gametype|doubles
|player|p1|thegreatestnone|170|1214
|player|p2|ToastTopping|hilbert-wonderlauncher|1226
|gen|9
|tier|[Gen 9 Champions] VGC 2026 Reg M-B (Bo3)
|rated|
|rule|Species Clause: Limit one of each Pokémon
|rule|Item Clause: Limit 1 of each item
|clearpoke
|poke|p1|Staraptor, L50, M|
|poke|p1|Vanilluxe, L50, F|
|poke|p1|Farigiraf, L50, F|
|poke|p1|Blastoise, L50, F|
|poke|p1|Kingambit, L50, F|
|poke|p1|Camerupt, L50, F|
|poke|p2|Delphox, L50, F|
|poke|p2|Sinistcha, L50|
|poke|p2|Aerodactyl, L50, M|
|poke|p2|Kingambit, L50, M|
|poke|p2|Sneasler, L50, F|
|poke|p2|Raichu, L50, F|
|teampreview|4
|showteam|p1|Staraptor||ChoiceScarf|Intimidate|FinalGambit,BraveBird,CloseCombat,Uturn|Jolly||M|||50|]Vanilluxe||NeverMeltIce|SnowWarning|Blizzard,FreezeDry,Protect,IceShard|Quiet||F|||50|]Farigiraf||SitrusBerry|ArmorTail|PsychicFangs,HyperVoice,HelpingHand,TrickRoom|Relaxed||F|||50|]Blastoise||Blastoisinite|RainDish|FakeOut,WaterSpout,AuraSphere,DarkPulse|Quiet||F|||50|]Kingambit||LifeOrb|Defiant|KowtowCleave,IronHead,Protect,SuckerPunch|Brave||F|||50|]Camerupt||Cameruptite|SolidRock|HeatWave,EarthPower,Protect,AncientPower|Quiet||F|||50|
|showteam|p2|Delphox||Delphoxite|Blaze|HeatWave,Psychic,NastyPlot,Protect|Timid||F|||50|]Sinistcha||SitrusBerry|Hospitality|MatchaGotcha,LifeDew,TrickRoom,RagePowder|Calm|||||50|]Aerodactyl||FocusSash|Unnerve|RockSlide,DualWingbeat,Tailwind,WideGuard|Jolly||M|||50|]Kingambit||ChopleBerry|Defiant|KowtowCleave,SuckerPunch,IronHead,Protect|Adamant||M|||50|]Sneasler||WhiteHerb|Unburden|CloseCombat,DireClaw,FakeOut,Protect|Adamant||F|||50|]Raichu||RaichuniteY|LightningRod|ZapCannon,FocusBlast,FakeOut,Protect|Hasty||F|||50|
|inactive|Battle timer is ON: inactive players will automatically lose when time's up. (requested by ToastTopping)
|inactive|thegreatestnone has 60 seconds left.
|
|t:|1784872364
|teamsize|p1|4
|teamsize|p2|4
|start
|switch|p1a: Farigiraf|Farigiraf, L50, F|100/100
|switch|p1b: Blastoise|Blastoise, L50, F|100/100
|switch|p2a: Raichu|Raichu, L50, F|100/100
|switch|p2b: Aerodactyl|Aerodactyl, L50, M|100/100
|-ability|p2b: Aerodactyl|Unnerve
|turn|1
|inactive|ToastTopping has 30 seconds left.
|inactive|ToastTopping has 20 seconds left.
|inactive|ToastTopping has 15 seconds left.
|inactive|ToastTopping has 10 seconds left.
|
|t:|1784872410
|detailschange|p2a: Raichu|Raichu-Mega-Y, L50, F
|-mega|p2a: Raichu|Raichu|Raichunite Y
|move|p1b: Blastoise|Fake Out|p2a: Raichu
|-damage|p2a: Raichu|80/100
|cant|p2a: Raichu|flinch
|move|p2b: Aerodactyl|Rock Slide|p1b: Blastoise|[spread] p1a,p1b
|-crit|p1b: Blastoise
|-damage|p1a: Farigiraf|79/100
|-damage|p1b: Blastoise|65/100
|cant|p1a: Farigiraf|flinch
|
|upkeep
|turn|2
|inactive|thegreatestnone has 30 seconds left.
|inactive|ToastTopping has 30 seconds left.
|inactive|thegreatestnone has 20 seconds left.
|inactive|thegreatestnone has 15 seconds left.
|inactive|thegreatestnone has 10 seconds left.
|
|t:|1784872458
|move|p2a: Raichu|Zap Cannon|p1a: Farigiraf
|-crit|p1a: Farigiraf
|-damage|p1a: Farigiraf|0 fnt
|faint|p1a: Farigiraf
|move|p2b: Aerodactyl|Rock Slide|p1b: Blastoise
|-damage|p1b: Blastoise|31/100
|move|p1b: Blastoise|Dark Pulse|p2a: Raichu
|-damage|p2a: Raichu|43/100
|
|upkeep
|
|t:|1784872470
|switch|p1a: Kingambit|Kingambit, L50, F|100/100
|turn|3
|
|t:|1784872477
|move|p1a: Kingambit|Sucker Punch|p2a: Raichu
|-damage|p2a: Raichu|0 fnt
|faint|p2a: Raichu
|-damage|p1a: Kingambit|90/100|[from] item: Life Orb
|move|p2b: Aerodactyl|Rock Slide|p1a: Kingambit|[spread] p1a,p1b
|-resisted|p1a: Kingambit|1
|-damage|p1a: Kingambit|82/100
|-damage|p1b: Blastoise|7/100
|cant|p1b: Blastoise|flinch
|
|upkeep
|
|t:|1784872487
|switch|p2a: Sneasler|Sneasler, L50, F|100/100
|turn|4
|
|t:|1784872495
|move|p1a: Kingambit|Protect|p1a: Kingambit
|-singleturn|p1a: Kingambit|Protect
|move|p2b: Aerodactyl|Rock Slide|p1a: Kingambit|[spread] p1b
|-activate|p1a: Kingambit|move: Protect
|-damage|p1b: Blastoise|0 fnt
|faint|p1b: Blastoise
|move|p2a: Sneasler|Close Combat|p1a: Kingambit
|-activate|p1a: Kingambit|move: Protect
|
|upkeep
|
|t:|1784872498
|switch|p1b: Camerupt|Camerupt, L50, F|100/100
|turn|5
|
|t:|1784872511
|detailschange|p1b: Camerupt|Camerupt-Mega, L50, F
|-mega|p1b: Camerupt|Camerupt|Cameruptite
|move|p1a: Kingambit|Sucker Punch|p2b: Aerodactyl
|-damage|p2b: Aerodactyl|12/100
|-damage|p1a: Kingambit|72/100|[from] item: Life Orb
|move|p2b: Aerodactyl|Rock Slide|p1b: Camerupt|[spread] p1a,p1b
|-resisted|p1a: Kingambit|1
|-damage|p1a: Kingambit|63/100
|-damage|p1b: Camerupt|75/100
|move|p2a: Sneasler|Close Combat|p1a: Kingambit
|-supereffective|p1a: Kingambit|2
|-damage|p1a: Kingambit|0 fnt
|-unboost|p2a: Sneasler|def|1
|-unboost|p2a: Sneasler|spd|1
|faint|p1a: Kingambit
|-enditem|p2a: Sneasler|White Herb
|-clearnegativeboost|p2a: Sneasler|[silent]
|move|p1b: Camerupt|Earth Power|p2a: Sneasler
|-supereffective|p2a: Sneasler|1
|-damage|p2a: Sneasler|0 fnt
|faint|p2a: Sneasler
|
|upkeep
|
|t:|1784872521
|switch|p2a: Kingambit|Kingambit, L50, M|100/100
|turn|6
|
|t:|1784872531
|move|p2b: Aerodactyl|Rock Slide|p1b: Camerupt
|-damage|p1b: Camerupt|43/100
|move|p2a: Kingambit|Kowtow Cleave|p1b: Camerupt
|-damage|p1b: Camerupt|0 fnt
|faint|p1b: Camerupt
|
|win|ToastTopping
||thegreatestnone is ready for game 2.
|inactive|ToastTopping has 30 seconds to confirm battle start!
