|j|☆Kahizar
|j|☆guiltypleasure06
|html|Kahizarguiltypleasure06    
|uhtml|bestof|Game 2 of a best-of-3
|t:|1757684641
|gametype|doubles
|player|p1|Kahizar|169|1067
|player|p2|guiltypleasure06|1|1220
|gen|9
|tier|[Gen 9] VGC 2025 Reg H (Bo3)
|rated|
|rule|Species Clause: Limit one of each Pokémon
|rule|Item Clause: Limit 1 of each item
|clearpoke
|poke|p1|Sneasler, L50, M|
|poke|p1|Rillaboom, L50, F|
|poke|p1|Palafin, L50, M|
|poke|p1|Hydreigon, L50, M|
|poke|p1|Gholdengo, L50|
|poke|p1|Typhlosion-Hisui, L50, M|
|poke|p2|Sneasler, L50, F|
|poke|p2|Dondozo, L50, F|
|poke|p2|Magmar, L50, M|
|poke|p2|Rillaboom, L50, M|
|poke|p2|Dragonite, L50, F|
|poke|p2|Kingambit, L50, M|
|teampreview|4
|showteam|p1|Sneasler||LifeOrb|PoisonTouch|CloseCombat,FakeOut,DireClaw,Protect|||M|||50|,,,,,Stellar]Rillaboom||AssaultVest|GrassySurge|WoodHammer,GrassyGlide,FakeOut,Uturn|||F|||50|,,,,,Grass]Palafin||ChoiceBand|ZerotoHero|FlipTurn,JetPunch,IcePunch,WaveCrash|||M|||50|,,,,,Water]Hydreigon||CovertCloak|Levitate|DracoMeteor,EarthPower,DarkPulse,Protect|||M|||50|,,,,,Steel]Gholdengo||ChoiceSpecs|GoodasGold|MakeItRain,DazzlingGleam,ShadowBall,TeraBlast||||||50|,,,,,Steel]Typhlosion-Hisui||ChoiceScarf|Blaze|Eruption,Overheat,ShadowBall,WillOWisp|||M|||50|,,,,,Fire
|showteam|p2|Sneasler||FocusSash|Unburden|CloseCombat,DireClaw,Coaching,Protect|||F|||50|,,,,,Stellar]Dondozo||Leftovers|Unaware|Liquidation,Yawn,Protect,Fissure|||F|||50|,,,,,Fire]Magmar||Eviolite|VitalSpirit|Overheat,WillOWisp,FollowMe,Protect|||M|||50|,,,,,Dragon]Rillaboom||AssaultVest|GrassySurge|WoodHammer,GrassyGlide,Uturn,FakeOut|||M|||50|,,,,,Fire]Dragonite||LoadedDice|Multiscale|ExtremeSpeed,ScaleShot,LowKick,Protect|||F|||50|,,,,,Fairy]Kingambit||BlackGlasses|Defiant|Protect,SwordsDance,SuckerPunch,KowtowCleave|||M|||50|,,,,,Dark
|
|t:|1757684675
|teamsize|p1|4
|teamsize|p2|4
|start
|switch|p1a: Palafin|Palafin, L50, M|100/100
|switch|p1b: Gholdengo|Gholdengo, L50|100/100
|switch|p2a: Dragonite|Dragonite, L50, F|100/100
|switch|p2b: Magmar|Magmar, L50, M|100/100
|turn|1
|
|t:|1757684710
|move|p2b: Magmar|Protect|p2b: Magmar
|-singleturn|p2b: Magmar|Protect
|move|p1a: Palafin|Wave Crash|p2b: Magmar
|-activate|p2b: Magmar|move: Protect
|move|p1b: Gholdengo|Dazzling Gleam|p2b: Magmar|[spread] p2a
|-activate|p2b: Magmar|move: Protect
|-supereffective|p2a: Dragonite
|-damage|p2a: Dragonite|71/100
|move|p2a: Dragonite|Scale Shot|p1a: Palafin
|-crit|p1a: Palafin
|-damage|p1a: Palafin|72/100
|-damage|p1a: Palafin|53/100
|-damage|p1a: Palafin|36/100
|-damage|p1a: Palafin|19/100
|-damage|p1a: Palafin|0 fnt
|faint|p1a: Palafin
|-hitcount|p1: Palafin|5
|-unboost|p2a: Dragonite|def|1
|-boost|p2a: Dragonite|spe|1
|
|upkeep
|
|t:|1757684723
|switch|p1a: Sneasler|Sneasler, L50, M|100/100
|turn|2
|
|t:|1757684745
|move|p2a: Dragonite|Protect|p2a: Dragonite
|-singleturn|p2a: Dragonite|Protect
|move|p1a: Sneasler|Fake Out|p2a: Dragonite
|-activate|p2a: Dragonite|move: Protect
|move|p1b: Gholdengo|Dazzling Gleam|p2a: Dragonite|[spread] p2b
|-activate|p2a: Dragonite|move: Protect
|-resisted|p2b: Magmar
|-damage|p2b: Magmar|89/100
|move|p2b: Magmar|Will-O-Wisp|p1a: Sneasler|[miss]
|-miss|p2b: Magmar|p1a: Sneasler
|
|upkeep
|turn|3
|
|t:|1757684773
|switch|p2a: Dondozo|Dondozo, L50, F|100/100
|-terastallize|p1a: Sneasler|Stellar
|move|p1a: Sneasler|Close Combat|p2b: Magmar
|-damage|p2b: Magmar|0 fnt
|-unboost|p1a: Sneasler|def|1
|-unboost|p1a: Sneasler|spd|1
|faint|p2b: Magmar
|-damage|p1a: Sneasler|91/100|[from] item: Life Orb
|move|p1b: Gholdengo|Dazzling Gleam|p2a: Dondozo
|-damage|p2a: Dondozo|66/100
|
|-heal|p2a: Dondozo|73/100|[from] item: Leftovers
|upkeep
|
|t:|1757684787
|switch|p2b: Rillaboom|Rillaboom, L50, M|100/100
|-fieldstart|move: Grassy Terrain|[from] ability: Grassy Surge|[of] p2b: Rillaboom
|turn|4
|
|t:|1757684801
|move|p1a: Sneasler|Protect|p1a: Sneasler
|-singleturn|p1a: Sneasler|Protect
|move|p2b: Rillaboom|Fake Out|p1a: Sneasler
|-activate|p1a: Sneasler|move: Protect
|move|p1b: Gholdengo|Dazzling Gleam|p2a: Dondozo|[spread] p2a,p2b
|-damage|p2a: Dondozo|47/100
|-damage|p2b: Rillaboom|76/100
|move|p2a: Dondozo|Fissure|p1b: Gholdengo|[miss]
|-miss|p2a: Dondozo|p1b: Gholdengo
|
|-heal|p1a: Sneasler|97/100|[from] Grassy Terrain
|-heal|p2b: Rillaboom|81/100|[from] Grassy Terrain
|-heal|p2a: Dondozo|53/100|[from] Grassy Terrain
|-heal|p2a: Dondozo|59/100|[from] item: Leftovers
|upkeep
|turn|5
|
|t:|1757684821
|move|p2b: Rillaboom|Grassy Glide|p1a: Sneasler
|-resisted|p1a: Sneasler
|-damage|p1a: Sneasler|47/100
|move|p1a: Sneasler|Dire Claw|p2b: Rillaboom
|-supereffective|p2b: Rillaboom
|-damage|p2b: Rillaboom|0 fnt
|faint|p2b: Rillaboom
|-damage|p1a: Sneasler|38/100|[from] item: Life Orb
|move|p1b: Gholdengo|Dazzling Gleam|p2a: Dondozo
|-crit|p2a: Dondozo
|-damage|p2a: Dondozo|8/100
|move|p2a: Dondozo|Fissure|p1b: Gholdengo
|-damage|p1b: Gholdengo|0 fnt
|faint|p1b: Gholdengo
|-ohko
|
|-heal|p1a: Sneasler|43/100|[from] Grassy Terrain
|-heal|p2a: Dondozo|14/100|[from] Grassy Terrain
|-heal|p2a: Dondozo|21/100|[from] item: Leftovers
|upkeep
|
|t:|1757684839
|switch|p1b: Rillaboom|Rillaboom, L50, F|100/100
|switch|p2b: Dragonite|Dragonite, L50, F|71/100
|turn|6
|
|t:|1757684855
|move|p2b: Dragonite|Protect|p2b: Dragonite
|-singleturn|p2b: Dragonite|Protect
|move|p2a: Dondozo|Protect|p2a: Dondozo
|-singleturn|p2a: Dondozo|Protect
|move|p1b: Rillaboom|Fake Out|p2b: Dragonite
|-activate|p2b: Dragonite|move: Protect
|move|p1a: Sneasler|Dire Claw|p2a: Dondozo
|-activate|p2a: Dondozo|move: Protect
|
|-heal|p1a: Sneasler|49/100|[from] Grassy Terrain
|-heal|p2a: Dondozo|27/100|[from] Grassy Terrain
|-heal|p2a: Dondozo|33/100|[from] item: Leftovers
|upkeep
|turn|7
|
|t:|1757684875
|-terastallize|p2a: Dondozo|Fire
|move|p2b: Dragonite|Extreme Speed|p1a: Sneasler
|-damage|p1a: Sneasler|0 fnt
|faint|p1a: Sneasler
|move|p1b: Rillaboom|Wood Hammer|p2b: Dragonite
|-resisted|p2b: Dragonite
|-damage|p2b: Dragonite|49/100
|-damage|p1b: Rillaboom|94/100|[from] Recoil
|move|p2a: Dondozo|Yawn|p1b: Rillaboom
|-start|p1b: Rillaboom|move: Yawn|[of] p2a: Dondozo
|
|-heal|p1b: Rillaboom|99/100|[from] Grassy Terrain
|-heal|p2a: Dondozo|39/100|[from] Grassy Terrain
|-heal|p2a: Dondozo|45/100|[from] item: Leftovers
|upkeep
|turn|8
|-message|Kahizar forfeited.
|
|win|guiltypleasure06
|l|☆Kahizar
|player|p1|
|j|☆Kahizar
|player|p1|Kahizar|169|
||guiltypleasure06 is ready for game 3.
||Kahizar is ready for game 3.
|uhtml|next|Next: Game 3 of 3
|l|☆Kahizar
|player|p1|
|j|☆Kahizar
|player|p1|Kahizar|169|
