|j|☆nikolasnaiz
|j|☆joshuajohnf
|html|nikolasnaizjoshuajohnf    
|uhtml|bestof|Game 1 of a best-of-3
|t:|1756741776
|gametype|doubles
|player|p1|nikolasnaiz|larry|1197
|player|p2|joshuajohnf|265|1195
|gen|9
|tier|[Gen 9] VGC 2025 Reg H (Bo3)
|rated|
|rule|Species Clause: Limit one of each Pokémon
|rule|Item Clause: Limit 1 of each item
|clearpoke
|poke|p1|Dragonite, L50, F|
|poke|p1|Ursaluna-Bloodmoon, L50, M|
|poke|p1|Annihilape, L50, M|
|poke|p1|Volcarona, L50, F|
|poke|p1|Rillaboom, L50, M|
|poke|p1|Incineroar, L50, M|
|poke|p2|Charizard, L50, M|
|poke|p2|Torkoal, L50, M|
|poke|p2|Porygon2, L50|
|poke|p2|Incineroar, L50, F|
|poke|p2|Jumpluff, L50, F|
|poke|p2|Ursaluna, L50, F|
|teampreview|4
|showteam|p1|Dragonite||LoadedDice|Multiscale|Protect,ScaleShot,Tailwind,Haze|||F|||50|,,,,,Steel]Ursaluna-Bloodmoon||FocusSash|MindsEye|Protect,BloodMoon,EarthPower,HyperVoice|||M|||50|,,,,,Normal]Annihilape||LumBerry|Defiant|Protect,RageFist,CloseCombat,Taunt|||M|||50|,,,,,Fire]Volcarona||CovertCloak|FlameBody|Protect,QuiverDance,HeatWave,TeraBlast|||F|||50|,,,,,Fairy]Rillaboom||AssaultVest|GrassySurge|FakeOut,WoodHammer,GrassyGlide,HighHorsepower|||M|||50|,,,,,Fire]Incineroar||SafetyGoggles|Intimidate|FakeOut,PartingShot,FlareBlitz,KnockOff|||M|||50|,,,,,Ghost
|showteam|p2|Charizard||ChoiceSpecs|SolarPower|HeatWave,Overheat,WeatherBall,DragonPulse|||M|||50|,,,,,Ghost]Torkoal||EjectPack|Drought|Eruption,Overheat,HelpingHand,Protect|||M|||50|,,,,,Fire]Porygon2||Eviolite|Download|IceBeam,TeraBlast,TrickRoom,Recover||||||50|,,,,,Fighting]Incineroar||SafetyGoggles|Intimidate|FlareBlitz,KnockOff,FakeOut,PartingShot|||F|||50|,,,,,Bug]Jumpluff||CovertCloak|Chlorophyll|SleepPowder,SunnyDay,RagePowder,Tailwind|||F|||50|,,,,,Water]Ursaluna||FlameOrb|Guts|HeadlongRush,Facade,Earthquake,Protect|||F|||50|,,,,,Ghost
|inactive|Battle timer is ON: inactive players will automatically lose when time's up. (requested by nikolasnaiz)
|
|t:|1756741800
|teamsize|p1|4
|teamsize|p2|4
|start
|switch|p1a: Annihilape|Annihilape, L50, M, shiny|100/100
|switch|p1b: Incineroar|Incineroar, L50, M, shiny|100/100
|switch|p2a: Jumpluff|Jumpluff, L50, F|100/100
|switch|p2b: Torkoal|Torkoal, L50, M|100/100
|-ability|p1b: Incineroar|Intimidate|boost
|-unboost|p2a: Jumpluff|atk|1
|-unboost|p2b: Torkoal|atk|1
|-weather|SunnyDay|[from] ability: Drought|[of] p2b: Torkoal
|-enditem|p2b: Torkoal|Eject Pack
|
|t:|1756741806
|switch|p2b: Charizard|Charizard, L50, M|100/100
|turn|1
|
|t:|1756741828
|move|p1b: Incineroar|Fake Out|p2b: Charizard
|-damage|p2b: Charizard|85/100
|move|p2a: Jumpluff|Rage Powder|p2a: Jumpluff
|-singleturn|p2a: Jumpluff|move: Rage Powder
|cant|p2b: Charizard|flinch
|move|p1a: Annihilape|Taunt|p2a: Jumpluff
|-start|p2a: Jumpluff|move: Taunt
|
|-weather|SunnyDay|[upkeep]
|-damage|p2b: Charizard|73/100|[from] ability: Solar Power|[of] p2b: Charizard
|upkeep
|turn|2
|
|t:|1756741845
|switch|p2a: Ursaluna|Ursaluna, L50, F|100/100
|-terastallize|p1a: Annihilape|Fire
|move|p2b: Charizard|Heat Wave|p1b: Incineroar|[spread] p1a,p1b
|-resisted|p1a: Annihilape
|-resisted|p1b: Incineroar
|-crit|p1b: Incineroar
|-damage|p1a: Annihilape|53/100
|-damage|p1b: Incineroar|22/100
|move|p1a: Annihilape|Rage Fist|p2b: Charizard
|-damage|p2b: Charizard|14/100
|move|p1b: Incineroar|Flare Blitz|p2a: Ursaluna
|-damage|p2a: Ursaluna|47/100
|-damage|p1b: Incineroar|2/100|[from] Recoil
|
|-weather|SunnyDay|[upkeep]
|-damage|p2b: Charizard|1/100|[from] ability: Solar Power|[of] p2b: Charizard
|-status|p2a: Ursaluna|brn|[from] item: Flame Orb
|upkeep
|turn|3
|
|t:|1756741862
|move|p1a: Annihilape|Protect|p1a: Annihilape
|-singleturn|p1a: Annihilape|Protect
|move|p2a: Ursaluna|Protect|p2a: Ursaluna
|-singleturn|p2a: Ursaluna|Protect
|move|p2b: Charizard|Heat Wave|p1b: Incineroar|[spread] p1b
|-activate|p1a: Annihilape|move: Protect
|-resisted|p1b: Incineroar
|-damage|p1b: Incineroar|0 fnt
|faint|p1b: Incineroar
|
|-weather|SunnyDay|[upkeep]
|-damage|p2b: Charizard|0 fnt|[from] ability: Solar Power|[of] p2b: Charizard
|faint|p2b: Charizard
|-damage|p2a: Ursaluna|41/100 brn|[from] brn
|upkeep
|
|t:|1756741867
|switch|p2b: Jumpluff|Jumpluff, L50, F|100/100
|switch|p1b: Dragonite|Dragonite, L50, F, shiny|100/100
|turn|4
|
|t:|1756741876
|move|p2b: Jumpluff|Tailwind|p2b: Jumpluff
|-sidestart|p2: joshuajohnf|move: Tailwind
|move|p2a: Ursaluna|Earthquake|p1a: Annihilape|[spread] p1a
|-immune|p2b: Jumpluff
|-immune|p1b: Dragonite
|-supereffective|p1a: Annihilape
|-damage|p1a: Annihilape|0 fnt
|faint|p1a: Annihilape
|move|p1b: Dragonite|Scale Shot|p2a: Ursaluna
|-damage|p2a: Ursaluna|30/100 brn
|-damage|p2a: Ursaluna|18/100 brn
|-damage|p2a: Ursaluna|8/100 brn
|-damage|p2a: Ursaluna|0 fnt
|faint|p2a: Ursaluna
|-hitcount|p2: Ursaluna|4
|-unboost|p1b: Dragonite|def|1
|-boost|p1b: Dragonite|spe|1
|
|-weather|SunnyDay|[upkeep]
|upkeep
|
|t:|1756741885
|switch|p1a: Ursaluna|Ursaluna-Bloodmoon, L50, M|100/100
|switch|p2a: Torkoal|Torkoal, L50, M|100/100
|turn|5
|
|t:|1756741903
|move|p1b: Dragonite|Protect|p1b: Dragonite
|-singleturn|p1b: Dragonite|Protect
|move|p1a: Ursaluna|Protect|p1a: Ursaluna
|-singleturn|p1a: Ursaluna|Protect
|move|p2a: Torkoal|Protect|p2a: Torkoal
|-singleturn|p2a: Torkoal|Protect
|move|p2b: Jumpluff|Sleep Powder|p1b: Dragonite
|-activate|p1b: Dragonite|move: Protect
|
|-weather|none
|upkeep
|turn|6
|
|t:|1756741916
|move|p2b: Jumpluff|Rage Powder|p2b: Jumpluff
|-singleturn|p2b: Jumpluff|move: Rage Powder
|move|p1b: Dragonite|Scale Shot|p2b: Jumpluff
|-damage|p2b: Jumpluff|84/100
|-damage|p2b: Jumpluff|66/100
|-damage|p2b: Jumpluff|48/100
|-damage|p2b: Jumpluff|32/100
|-hitcount|p2b: Jumpluff|4
|-unboost|p1b: Dragonite|def|1
|-boost|p1b: Dragonite|spe|1
|move|p1a: Ursaluna|Earth Power|p2b: Jumpluff
|-immune|p2b: Jumpluff
|move|p2a: Torkoal|Eruption|p1a: Ursaluna|[spread] p1a,p1b
|-resisted|p1b: Dragonite
|-damage|p1a: Ursaluna|37/100
|-damage|p1b: Dragonite|87/100
|
|upkeep
|turn|7
|inactive|joshuajohnf has 30 seconds left.
|
|t:|1756741946
|move|p2b: Jumpluff|Sunny Day|p2b: Jumpluff
|-weather|SunnyDay
|move|p1b: Dragonite|Scale Shot|p2b: Jumpluff
|-damage|p2b: Jumpluff|16/100
|-damage|p2b: Jumpluff|0 fnt
|faint|p2b: Jumpluff
|-hitcount|p2: Jumpluff|2
|-unboost|p1b: Dragonite|def|1
|-boost|p1b: Dragonite|spe|1
|move|p1a: Ursaluna|Earth Power|p2a: Torkoal
|-supereffective|p2a: Torkoal
|-damage|p2a: Torkoal|0 fnt
|faint|p2a: Torkoal
|
|win|nikolasnaiz
||joshuajohnf is ready for game 2.
