|j|☆eztico
|j|☆Hornleechers
|html|ezticoHornleechers    
|uhtml|bestof|Game 2 of a best-of-3
|t:|1782334119
|gametype|doubles
|player|p1|eztico|101|1054
|player|p2|Hornleechers|1|1040
|gen|9
|tier|[Gen 9 Champions] VGC 2026 Reg M-B (Bo3)
|rated|
|rule|Species Clause: Limit one of each Pokémon
|rule|Item Clause: Limit 1 of each item
|clearpoke
|poke|p1|Floette-Eternal, L50, F|
|poke|p1|Charizard, L50, F|
|poke|p1|Garchomp, L50, F|
|poke|p1|Whimsicott, L50, M|
|poke|p1|Basculegion, L50, M|
|poke|p1|Kingambit, L50, M|
|poke|p2|Tsareena, L50, F|
|poke|p2|Mudsdale, L50, F|
|poke|p2|Sableye, L50, F|
|poke|p2|Ninetales-Alola, L50, F|
|poke|p2|Maushold-Four, L50|
|poke|p2|Sneasler, L50, F|
|teampreview|4
|showteam|p1|Floette-Eternal||Floettite|FlowerVeil|Protect,DazzlingGleam,CalmMind,DrainingKiss|Modest||F|||50|]Charizard||CharizarditeY|Blaze|Protect,WeatherBall,SolarBeam,HeatWave|Modest||F|||50|]Garchomp||LifeOrb|RoughSkin|Protect,DragonClaw,RockSlide,StompingTantrum|Jolly||F|||50|]Whimsicott||FocusSash|Prankster|Protect,Tailwind,WorrySeed,EnergyBall|Timid||M|||50|]Basculegion||ChoiceScarf|Adaptability|LastRespects,WaveCrash,FlipTurn,AquaJet|Jolly||M|||50|]Kingambit||ChopleBerry|Defiant|KowtowCleave,SuckerPunch,LowKick,IronHead|Adamant||M|||50|
|showteam|p2|Tsareena||OccaBerry|QueenlyMajesty|TropKick,Protect,Uturn,HelpingHand|Jolly||F|||50|]Mudsdale||PasshoBerry|InnerFocus|HighHorsepower,Protect,CloseCombat,Curse|Brave||F|||50|]Sableye||FocusSash|Prankster|Quash,Detect,Gravity,MetalBurst|Hasty||F|||50|]Ninetales-Alola||LightClay|SnowWarning|Blizzard,Protect,AuroraVeil,FreezeDry|Timid||F|||50|]Maushold-Four||MentalHerb|FriendGuard|HelpingHand,Protect,FollowMe,SuperFang|Timid|||||50|]Sneasler||WhiteHerb|Unburden|CloseCombat,Protect,DireClaw,Acrobatics|Adamant||F|||50|
|
|t:|1782334147
|teamsize|p1|4
|teamsize|p2|4
|start
|switch|p1a: Whimsicott|Whimsicott, L50, M|100/100
|switch|p1b: Kingambit|Kingambit, L50, M|100/100
|switch|p2a: Sneasler|Sneasler, L50, F|100/100
|switch|p2b: Mudsdale|Mudsdale, L50, F|100/100
|turn|1
|inactive|Battle timer is ON: inactive players will automatically lose when time's up. (requested by eztico)
|
|t:|1782334172
|switch|p1b: Garchomp|Garchomp, L50, F|100/100
|move|p1a: Whimsicott|Protect|p1a: Whimsicott
|-singleturn|p1a: Whimsicott|Protect
|move|p2a: Sneasler|Close Combat|p1b: Garchomp
|-damage|p1b: Garchomp|34/100
|-unboost|p2a: Sneasler|def|1
|-unboost|p2a: Sneasler|spd|1
|-damage|p2a: Sneasler|87/100|[from] ability: Rough Skin|[of] p1b: Garchomp
|-enditem|p2a: Sneasler|White Herb
|-clearnegativeboost|p2a: Sneasler|[silent]
|move|p2b: Mudsdale|Curse|p2b: Mudsdale
|-unboost|p2b: Mudsdale|spe|1
|-boost|p2b: Mudsdale|atk|1
|-boost|p2b: Mudsdale|def|1
|
|upkeep
|turn|2
|inactive|eztico has 30 seconds left.
|inactive|Hornleechers has 30 seconds left.
|inactive|Hornleechers has 20 seconds left.
|inactive|Hornleechers has 15 seconds left.
|inactive|Hornleechers has 10 seconds left.
|
|t:|1782334221
|move|p1a: Whimsicott|Tailwind|p1a: Whimsicott
|-sidestart|p1: eztico|move: Tailwind
|move|p2a: Sneasler|Dire Claw|p1a: Whimsicott
|-supereffective|p1a: Whimsicott|2
|-enditem|p1a: Whimsicott|Focus Sash
|-damage|p1a: Whimsicott|1/100
|-status|p1a: Whimsicott|par
|move|p1b: Garchomp|Stomping Tantrum|p2a: Sneasler
|-supereffective|p2a: Sneasler|1
|-damage|p2a: Sneasler|0 fnt
|faint|p2a: Sneasler
|-damage|p1b: Garchomp|25/100|[from] item: Life Orb
|move|p2b: Mudsdale|Curse|p2b: Mudsdale
|-unboost|p2b: Mudsdale|spe|1
|-boost|p2b: Mudsdale|atk|1
|-boost|p2b: Mudsdale|def|1
|
|upkeep
|
|t:|1782334232
|switch|p2a: Tsareena|Tsareena, L50, F|100/100
|turn|3
|inactive|eztico has 30 seconds left.
|inactive|Hornleechers has 30 seconds left.
|
|t:|1782334263
|move|p1a: Whimsicott|Worry Seed||[still]
|cant|p2a: Tsareena|ability: Queenly Majesty|Worry Seed|[of] p1a: Whimsicott
|move|p1b: Garchomp|Dragon Claw|p2b: Mudsdale
|-damage|p2b: Mudsdale|73/100
|-damage|p1b: Garchomp|15/100|[from] item: Life Orb
|move|p2a: Tsareena|Trop Kick|p1b: Garchomp
|-damage|p1b: Garchomp|0 fnt
|-damage|p2a: Tsareena|87/100|[from] ability: Rough Skin|[of] p1b: Garchomp
|faint|p1b: Garchomp
|move|p2b: Mudsdale|High Horsepower|p1a: Whimsicott
|-resisted|p1a: Whimsicott|1
|-damage|p1a: Whimsicott|0 fnt
|faint|p1a: Whimsicott
|
|upkeep
|
|t:|1782334277
|switch|p1a: Kingambit|Kingambit, L50, M|100/100
|switch|p1b: Charizard|Charizard, L50, F|100/100
|turn|4
|inactive|Hornleechers has 30 seconds left.
|inactive|Hornleechers has 20 seconds left.
|inactive|Hornleechers has 15 seconds left.
|inactive|Hornleechers has 10 seconds left.
|inactive|Hornleechers has 5 seconds left.
|
|t:|1782334332
|detailschange|p1b: Charizard|Charizard-Mega-Y, L50, F
|-mega|p1b: Charizard|Charizard|Charizardite Y
|-weather|SunnyDay|[from] ability: Drought|[of] p1b: Charizard
|move|p1b: Charizard|Heat Wave|p2a: Tsareena|[spread] p2a,p2b
|-supereffective|p2a: Tsareena|1
|-enditem|p2a: Tsareena|Occa Berry|[eat]
|-enditem|p2a: Tsareena|Occa Berry|[weaken]
|-damage|p2a: Tsareena|11/100
|-damage|p2b: Mudsdale|17/100
|-status|p2a: Tsareena|brn
|move|p1a: Kingambit|Kowtow Cleave|p2b: Mudsdale
|-damage|p2b: Mudsdale|0 fnt
|faint|p2b: Mudsdale
|move|p2a: Tsareena|Trop Kick|p1a: Kingambit
|-resisted|p1a: Kingambit|1
|-damage|p1a: Kingambit|92/100
|-unboost|p1a: Kingambit|atk|1
|-ability|p1a: Kingambit|Defiant|boost
|-boost|p1a: Kingambit|atk|2
|
|-weather|SunnyDay|[upkeep]
|-damage|p2a: Tsareena|5/100 brn|[from] brn
|upkeep
|
|t:|1782334335
|switch|p2b: Ninetales|Ninetales-Alola, L50, F|100/100
|-weather|Snowscape|[from] ability: Snow Warning|[of] p2b: Ninetales
|turn|5
|inactive|eztico has 30 seconds left.
|
|t:|1782334364
|move|p2b: Ninetales|Protect|p2b: Ninetales
|-singleturn|p2b: Ninetales|Protect
|move|p2a: Tsareena|Protect|p2a: Tsareena
|-singleturn|p2a: Tsareena|Protect
|move|p1b: Charizard|Heat Wave|p2a: Tsareena|[spread] 
|-activate|p2a: Tsareena|move: Protect
|-activate|p2b: Ninetales|move: Protect
|move|p1a: Kingambit|Iron Head|p2b: Ninetales
|-activate|p2b: Ninetales|move: Protect
|
|-weather|Snowscape|[upkeep]
|-damage|p2a: Tsareena|0 fnt|[from] brn
|faint|p2a: Tsareena
|-sideend|p1: eztico|move: Tailwind
|upkeep
|turn|6
|
|t:|1782334381
|move|p2b: Ninetales|Blizzard|p1b: Charizard|[spread] p1a,p1b
|-resisted|p1a: Kingambit|1
|-crit|p1b: Charizard
|-damage|p1a: Kingambit|80/100
|-damage|p1b: Charizard|62/100
|-status|p1b: Charizard|frz
|-curestatus|p1b: Charizard|frz|[msg]
|move|p1b: Charizard|Heat Wave|p2b: Ninetales|[miss]
|-miss|p1b: Charizard|p2b: Ninetales
|move|p1a: Kingambit|Iron Head|p2b: Ninetales
|-supereffective|p2b: Ninetales|2
|-damage|p2b: Ninetales|0 fnt
|faint|p2b: Ninetales
|
|win|eztico
|raw|eztico's rating: 1054 → 1085(+31 for winning)
|raw|Hornleechers's rating: 1040 → 1025(-15 for losing)
|l|☆Hornleechers
|player|p2|
