|j|☆14#coder9
|j|☆rogerthaAlien
|html|14#coder9rogerthaAlien    
|uhtml|bestof|Game 3 of a best-of-3
|t:|1756756909
|gametype|doubles
|player|p1|14#coder9|unknown|1110
|player|p2|rogerthaAlien|blaine|1040
|gen|9
|tier|[Gen 9] VGC 2025 Reg H (Bo3)
|rated|
|rule|Species Clause: Limit one of each Pokémon
|rule|Item Clause: Limit 1 of each item
|clearpoke
|poke|p1|Kingambit, L50, F|
|poke|p1|Electabuzz, L50, M|
|poke|p1|Dragapult, L50, M|
|poke|p1|Volcarona, L50, M|
|poke|p1|Rillaboom, L50, F|
|poke|p1|Ninetales-Alola, L50, M|
|poke|p2|Pelipper, L50, M|
|poke|p2|Archaludon, L50, M|
|poke|p2|Amoonguss, L50, M|
|poke|p2|Incineroar, L50, F|
|poke|p2|Basculegion-F, L50, F|
|poke|p2|Gholdengo, L50|
|teampreview|4
|showteam|p1|Kingambit||BlackGlasses|Defiant|Protect,KowtowCleave,SuckerPunch,SwordsDance|||F|||50|,,,,,Dark]Electabuzz||Eviolite|VitalSpirit|Protect,Thunderbolt,HelpingHand,FollowMe|||M|||50|,,,,,Ghost]Dragapult||ChoiceSpecs|ClearBody|DracoMeteor,ShadowBall,FireBlast,Uturn|||M|||50|,,,,,Steel]Volcarona||CovertCloak|FlameBody|Protect,HeatWave,GigaDrain,QuiverDance|||M|||50|,,,,,Fairy]Rillaboom||AssaultVest|GrassySurge|WoodHammer,GrassyGlide,Uturn,FakeOut|||F|||50|,,,,,Fire]Ninetales-Alola||LightClay|SnowWarning|FreezeDry,Moonblast,AuroraVeil,Protect|||M|||50|,,,,,Fire
|showteam|p2|Pelipper||FocusSash|Drizzle|Hurricane,WeatherBall,Protect,Tailwind|||M|||50|,,,,,Ghost]Archaludon||AssaultVest|Stamina|ElectroShot,DragonPulse,DracoMeteor,BodyPress|||M|||50|,,,,,Bug]Amoonguss||SitrusBerry|Regenerator|Spore,RagePowder,Protect,ClearSmog|||M|||50|,,,,,Water]Incineroar||SafetyGoggles|Intimidate|FakeOut,KnockOff,FlareBlitz,PartingShot|||F|||50|,,,,,Fairy]Basculegion-F||ChoiceBand|SwiftSwim|WaveCrash,FlipTurn,LastRespects,AquaJet|||F|||50|,,,,,Water]Gholdengo||LifeOrb|GoodasGold|MakeItRain,ShadowBall,NastyPlot,Protect||||||50|,,,,,Dragon
|
|t:|1756756949
|teamsize|p1|4
|teamsize|p2|4
|start
|switch|p1a: Volcarona|Volcarona, L50, M, shiny|100/100
|switch|p1b: Electabuzz|Electabuzz, L50, M|100/100
|switch|p2a: Incineroar|Incineroar, L50, F|100/100
|switch|p2b: Gholdengo|Gholdengo, L50|100/100
|-ability|p2a: Incineroar|Intimidate|boost
|-unboost|p1a: Volcarona|atk|1
|-unboost|p1b: Electabuzz|atk|1
|turn|1
|
|t:|1756756970
|switch|p1b: Ninetales|Ninetales-Alola, L50, M|100/100
|-weather|Snowscape|[from] ability: Snow Warning|[of] p1b: Ninetales
|move|p2b: Gholdengo|Nasty Plot|p2b: Gholdengo
|-boost|p2b: Gholdengo|spa|2
|move|p1a: Volcarona|Quiver Dance|p1a: Volcarona
|-boost|p1a: Volcarona|spa|1
|-boost|p1a: Volcarona|spd|1
|-boost|p1a: Volcarona|spe|1
|move|p2a: Incineroar|Knock Off|p1a: Volcarona
|-damage|p1a: Volcarona|49/100
|-enditem|p1a: Volcarona|Covert Cloak|[from] move: Knock Off|[of] p2a: Incineroar
|
|-weather|Snowscape|[upkeep]
|upkeep
|turn|2
|
|t:|1756757009
|-terastallize|p1b: Ninetales|Fire
|move|p2b: Gholdengo|Protect|p2b: Gholdengo
|-singleturn|p2b: Gholdengo|Protect
|move|p1a: Volcarona|Giga Drain|p2b: Gholdengo
|-activate|p2b: Gholdengo|move: Protect
|move|p1b: Ninetales|Moonblast|p2b: Gholdengo
|-activate|p2b: Gholdengo|move: Protect
|move|p2a: Incineroar|Flare Blitz|p1b: Ninetales
|-resisted|p1b: Ninetales
|-crit|p1b: Ninetales
|-damage|p1b: Ninetales|51/100
|-damage|p2a: Incineroar|86/100|[from] Recoil
|
|-weather|Snowscape|[upkeep]
|upkeep
|turn|3
|
|t:|1756757050
|switch|p2b: Pelipper|Pelipper, L50, M|100/100
|-weather|RainDance|[from] ability: Drizzle|[of] p2b: Pelipper
|move|p1a: Volcarona|Giga Drain|p2b: Pelipper
|-damage|p2b: Pelipper|34/100
|-heal|p1a: Volcarona|72/100|[from] drain|[of] p2b: Pelipper
|move|p1b: Ninetales|Moonblast|p2b: Pelipper
|-damage|p2b: Pelipper|0 fnt
|faint|p2b: Pelipper
|move|p2a: Incineroar|Knock Off|p1b: Ninetales
|-damage|p1b: Ninetales|0 fnt
|-enditem|p1b: Ninetales|Light Clay|[from] move: Knock Off|[of] p2a: Incineroar
|faint|p1b: Ninetales
|
|-weather|RainDance|[upkeep]
|upkeep
|
|t:|1756757072
|switch|p1b: Rillaboom|Rillaboom, L50, F|100/100
|switch|p2b: Gholdengo|Gholdengo, L50|100/100
|-fieldstart|move: Grassy Terrain|[from] ability: Grassy Surge|[of] p1b: Rillaboom
|turn|4
|
|t:|1756757116
|switch|p2a: Basculegion|Basculegion-F, L50, F|100/100
|-terastallize|p2b: Gholdengo|Dragon
|move|p1a: Volcarona|Quiver Dance|p1a: Volcarona
|-boost|p1a: Volcarona|spa|1
|-boost|p1a: Volcarona|spd|1
|-boost|p1a: Volcarona|spe|1
|move|p2b: Gholdengo|Nasty Plot|p2b: Gholdengo
|-boost|p2b: Gholdengo|spa|2
|move|p1b: Rillaboom|U-turn|p2a: Basculegion
|-resisted|p2a: Basculegion
|-damage|p2a: Basculegion|84/100
|
|t:|1756757127
|switch|p1b: Electabuzz|Electabuzz, L50, M|100/100|[from] U-turn
|
|-weather|RainDance|[upkeep]
|-heal|p1a: Volcarona|79/100|[from] Grassy Terrain
|-heal|p2a: Basculegion|90/100|[from] Grassy Terrain
|upkeep
|turn|5
|
|t:|1756757157
|move|p1b: Electabuzz|Follow Me|p1b: Electabuzz
|-singleturn|p1b: Electabuzz|move: Follow Me
|move|p1a: Volcarona|Giga Drain|p2a: Basculegion
|-supereffective|p2a: Basculegion
|-damage|p2a: Basculegion|0 fnt
|-heal|p1a: Volcarona|100/100|[from] drain|[of] p2a: Basculegion
|faint|p2a: Basculegion
|move|p2b: Gholdengo|Shadow Ball|p1b: Electabuzz
|-damage|p1b: Electabuzz|17/100
|-damage|p2b: Gholdengo|91/100|[from] item: Life Orb
|
|-weather|RainDance|[upkeep]
|-heal|p2b: Gholdengo|97/100|[from] Grassy Terrain
|-heal|p1b: Electabuzz|23/100|[from] Grassy Terrain
|upkeep
|
|t:|1756757166
|switch|p2a: Incineroar|Incineroar, L50, F|86/100
|-ability|p2a: Incineroar|Intimidate|boost
|-unboost|p1a: Volcarona|atk|1
|-unboost|p1b: Electabuzz|atk|1
|turn|6
|
|t:|1756757184
|move|p1a: Volcarona|Protect|p1a: Volcarona
|-singleturn|p1a: Volcarona|Protect
|move|p1b: Electabuzz|Protect|p1b: Electabuzz
|-singleturn|p1b: Electabuzz|Protect
|move|p2a: Incineroar|Fake Out|p1a: Volcarona
|-activate|p1a: Volcarona|move: Protect
|move|p2b: Gholdengo|Make It Rain|p1b: Electabuzz|[spread] 
|-activate|p1a: Volcarona|move: Protect
|-activate|p1b: Electabuzz|move: Protect
|
|-weather|RainDance|[upkeep]
|-heal|p2b: Gholdengo|100/100|[from] Grassy Terrain
|-heal|p1b: Electabuzz|29/100|[from] Grassy Terrain
|-heal|p2a: Incineroar|92/100|[from] Grassy Terrain
|upkeep
|turn|7
|
|t:|1756757222
|move|p1b: Electabuzz|Follow Me|p1b: Electabuzz
|-singleturn|p1b: Electabuzz|move: Follow Me
|move|p1a: Volcarona|Giga Drain|p2b: Gholdengo
|-resisted|p2b: Gholdengo
|-damage|p2b: Gholdengo|59/100
|move|p2b: Gholdengo|Nasty Plot|p2b: Gholdengo
|-boost|p2b: Gholdengo|spa|2
|move|p2a: Incineroar|Knock Off|p1b: Electabuzz
|-damage|p1b: Electabuzz|1/100
|-enditem|p1b: Electabuzz|Eviolite|[from] move: Knock Off|[of] p2a: Incineroar
|
|-weather|none
|-heal|p2b: Gholdengo|66/100|[from] Grassy Terrain
|-heal|p1b: Electabuzz|7/100|[from] Grassy Terrain
|-heal|p2a: Incineroar|98/100|[from] Grassy Terrain
|upkeep
|turn|8
|
|t:|1756757254
|move|p1b: Electabuzz|Helping Hand|p1a: Volcarona
|-singleturn|p1a: Volcarona|Helping Hand|[of] p1b: Electabuzz
|move|p1a: Volcarona|Heat Wave|p2b: Gholdengo|[spread] p2a,p2b
|-resisted|p2a: Incineroar
|-resisted|p2b: Gholdengo
|-damage|p2a: Incineroar|55/100
|-damage|p2b: Gholdengo|7/100
|move|p2b: Gholdengo|Make It Rain|p1a: Volcarona|[spread] p1a,p1b
|-resisted|p1a: Volcarona
|-resisted|p1b: Electabuzz
|-damage|p1a: Volcarona|56/100
|-damage|p1b: Electabuzz|0 fnt
|-unboost|p2b: Gholdengo|spa|1
|faint|p1b: Electabuzz
|-damage|p2b: Gholdengo|0 fnt|[from] item: Life Orb
|faint|p2b: Gholdengo
|move|p2a: Incineroar|Flare Blitz|p1a: Volcarona
|-damage|p1a: Volcarona|0 fnt
|faint|p1a: Volcarona
|-damage|p2a: Incineroar|38/100|[from] Recoil
|
|-heal|p2a: Incineroar|44/100|[from] Grassy Terrain
|-fieldend|move: Grassy Terrain
|upkeep
|
|t:|1756757275
|switch|p1b: Rillaboom|Rillaboom, L50, F|100/100
|-fieldstart|move: Grassy Terrain|[from] ability: Grassy Surge|[of] p1b: Rillaboom
|turn|9
|c|☆14#coder9|gg
|
|t:|1756757285
|move|p1b: Rillaboom|Wood Hammer|p2a: Incineroar
|-resisted|p2a: Incineroar
|-damage|p2a: Incineroar|2/100
|-damage|p1b: Rillaboom|87/100|[from] Recoil
|move|p2a: Incineroar|Knock Off|p1b: Rillaboom
|-damage|p1b: Rillaboom|50/100
|-enditem|p1b: Rillaboom|Assault Vest|[from] move: Knock Off|[of] p2a: Incineroar
|
|-heal|p1b: Rillaboom|56/100|[from] Grassy Terrain
|-heal|p2a: Incineroar|8/100|[from] Grassy Terrain
|upkeep
|turn|10
|
|t:|1756757295
|move|p1b: Rillaboom|Wood Hammer|p2a: Incineroar
|-resisted|p2a: Incineroar
|-damage|p2a: Incineroar|0 fnt
|faint|p2a: Incineroar
|-damage|p1b: Rillaboom|54/100|[from] Recoil
|
|win|14#coder9
|raw|14#coder9's rating: 1110 → 1130(+20 for winning)
|raw|rogerthaAlien's rating: 1040 → 1027(-13 for losing)
|c|☆14#coder9|gg
|l|☆rogerthaAlien
|player|p2|
|c|☆14#coder9|ha estado bastante bien la verdad
