|j|☆Potyxxx30
|j|☆iori696
|html|Potyxxx30iori696    
|uhtml|bestof|Game 2 of a best-of-3
|t:|1783549555
|gametype|doubles
|player|p1|Potyxxx30|170|
|player|p2|iori696|169|
|gen|9
|tier|[Gen 9 Champions] VGC 2026 Reg M-B (Bo3)
|rule|Species Clause: Limit one of each Pokémon
|rule|Item Clause: Limit 1 of each item
|clearpoke
|poke|p1|Whimsicott, L50, F|
|poke|p1|Staraptor, L50, M|
|poke|p1|Garchomp, L50, F|
|poke|p1|Gholdengo, L50|
|poke|p1|Basculegion, L50, M|
|poke|p1|Typhlosion-Hisui, L50, F|
|poke|p2|Swampert, L50, M|
|poke|p2|Pelipper, L50, M|
|poke|p2|Archaludon, L50, M|
|poke|p2|Grimmsnarl, L50, M|
|poke|p2|Gardevoir, L50, F|
|poke|p2|Sinistcha, L50|
|teampreview|4
|showteam|p1|Whimsicott||FocusSash|Prankster|Tickle,Tailwind,Moonblast,FakeTears|Timid||F|||50|]Staraptor||Staraptite|Intimidate|BraveBird,CloseCombat,Roost,Protect|Jolly||M|||50|]Garchomp||RoseliBerry|RoughSkin|DragonClaw,StompingTantrum,RockTomb,PoisonJab|Jolly||F|||50|]Gholdengo||LifeOrb|GoodasGold|MakeItRain,ShadowBall,PowerGem,Protect|Modest|||||50|]Basculegion||MysticWater|Adaptability|WaveCrash,LastRespects,AquaJet,Protect|Adamant||M|||50|]Typhlosion-Hisui||ChoiceScarf|Frisk|Eruption,HeatWave,BurnUp,ShadowBall|Modest||F|||50|
|showteam|p2|Swampert||Swampertite|Torrent|WaveCrash,Earthquake,IcePunch,Protect|Adamant||M|||50|]Pelipper||FocusSash|Drizzle|WeatherBall,Hurricane,Tailwind,Protect|Modest||M|||50|]Archaludon||Leftovers|Stamina|ElectroShot,FlashCannon,DragonPulse,Protect|Modest||M|||50|]Grimmsnarl||LightClay|Prankster|SpiritBreak,LightScreen,Reflect,PartingShot|Careful||M|||50|]Gardevoir||Gardevoirite|Synchronize|HyperVoice,Psyshock,RainDance,Protect|Modest||F|||50|]Sinistcha||CobaBerry|Hospitality|MatchaGotcha,LifeDew,TrickRoom,RagePowder|Bold|||||50|
|inactive|Battle timer is ON: inactive players will automatically lose when time's up. (requested by Potyxxx30)
|
|t:|1783549575
|teamsize|p1|4
|teamsize|p2|4
|start
|switch|p1a: Gholdengo|Gholdengo, L50|100/100
|switch|p1b: Whimsicott|Whimsicott, L50, F|100/100
|switch|p2a: Grimmsnarl|Grimmsnarl, L50, M|100/100
|switch|p2b: Gardevoir|Gardevoir, L50, F|100/100
|turn|1
|inactive|Potyxxx30 has 30 seconds left.
|
|t:|1783549612
|detailschange|p2b: Gardevoir|Gardevoir-Mega, L50, F
|-mega|p2b: Gardevoir|Gardevoir|Gardevoirite
|move|p2b: Gardevoir|Protect|p2b: Gardevoir
|-singleturn|p2b: Gardevoir|Protect
|move|p2a: Grimmsnarl|Light Screen|p2a: Grimmsnarl
|-sidestart|p2: iori696|move: Light Screen
|move|p1b: Whimsicott|Moonblast|p2a: Grimmsnarl
|-supereffective|p2a: Grimmsnarl|1
|-damage|p2a: Grimmsnarl|58/100
|move|p1a: Gholdengo|Make It Rain|p2b: Gardevoir|[spread] p2a
|-activate|p2b: Gardevoir|move: Protect
|-supereffective|p2a: Grimmsnarl|1
|-damage|p2a: Grimmsnarl|0 fnt
|-unboost|p1a: Gholdengo|spa|2
|faint|p2a: Grimmsnarl
|-damage|p1a: Gholdengo|90/100|[from] item: Life Orb
|
|upkeep
|
|t:|1783549626
|switch|p2a: Pelipper|Pelipper, L50, M|100/100
|-weather|RainDance|[from] ability: Drizzle|[of] p2a: Pelipper
|turn|2
|inactive|iori696 has 30 seconds left.
|
|t:|1783549657
|switch|p1a: Basculegion|Basculegion, L50, M|100/100
|move|p1b: Whimsicott|Tailwind|p1b: Whimsicott
|-sidestart|p1: Potyxxx30|move: Tailwind
|move|p2b: Gardevoir|Hyper Voice|p1a: Basculegion|[spread] p1a,p1b
|-damage|p1a: Basculegion|43/100
|-damage|p1b: Whimsicott|18/100
|move|p2a: Pelipper|Hurricane|p1b: Whimsicott
|-supereffective|p1b: Whimsicott|1
|-damage|p1b: Whimsicott|0 fnt
|faint|p1b: Whimsicott
|
|-weather|RainDance|[upkeep]
|upkeep
|
|t:|1783549670
|switch|p1b: Gholdengo|Gholdengo, L50|90/100
|turn|3
|
|t:|1783549689
|move|p2b: Gardevoir|Protect|p2b: Gardevoir
|-singleturn|p2b: Gardevoir|Protect
|move|p1b: Gholdengo|Power Gem|p2a: Pelipper
|-supereffective|p2a: Pelipper|1
|-crit|p2a: Pelipper
|-enditem|p2a: Pelipper|Focus Sash
|-damage|p2a: Pelipper|1/100
|-damage|p1b: Gholdengo|80/100|[from] item: Life Orb
|move|p1a: Basculegion|Wave Crash|p2b: Gardevoir
|-activate|p2b: Gardevoir|move: Protect
|move|p2a: Pelipper|Tailwind|p2a: Pelipper
|-sidestart|p2: iori696|move: Tailwind
|
|-weather|RainDance|[upkeep]
|upkeep
|turn|4
|inactive|iori696 has 30 seconds left.
|
|t:|1783549722
|move|p2a: Pelipper|Protect|p2a: Pelipper
|-singleturn|p2a: Pelipper|Protect
|move|p1a: Basculegion|Aqua Jet|p2a: Pelipper
|-activate|p2a: Pelipper|move: Protect
|move|p2b: Gardevoir|Hyper Voice|p1b: Gholdengo|[spread] p1a,p1b
|-resisted|p1b: Gholdengo|1
|-damage|p1a: Basculegion|0 fnt
|-damage|p1b: Gholdengo|53/100
|faint|p1a: Basculegion
|move|p1b: Gholdengo|Make It Rain|p2b: Gardevoir|[spread] p2b
|-activate|p2a: Pelipper|move: Protect
|-supereffective|p2b: Gardevoir|1
|-damage|p2b: Gardevoir|15/100
|-unboost|p1b: Gholdengo|spa|2
|-damage|p1b: Gholdengo|43/100|[from] item: Life Orb
|
|-weather|RainDance|[upkeep]
|upkeep
|
|t:|1783549738
|switch|p1a: Staraptor|Staraptor, L50, M|100/100
|-ability|p1a: Staraptor|Intimidate|boost
|-unboost|p2a: Pelipper|atk|1
|-unboost|p2b: Gardevoir|atk|1
|turn|5
|
|t:|1783549758
|switch|p2a: Sinistcha|Sinistcha, L50|100/100
|-heal|p2b: Gardevoir|40/100|[from] ability: Hospitality|[of] p2a: Sinistcha
|detailschange|p1a: Staraptor|Staraptor-Mega, L50, M
|-mega|p1a: Staraptor|Staraptor|Staraptite
|move|p2b: Gardevoir|Protect|p2b: Gardevoir
|-singleturn|p2b: Gardevoir|Protect
|move|p1a: Staraptor|Close Combat|p2b: Gardevoir
|-activate|p2b: Gardevoir|move: Protect
|move|p1b: Gholdengo|Make It Rain|p2a: Sinistcha|[spread] p2a
|-activate|p2b: Gardevoir|move: Protect
|-crit|p2a: Sinistcha
|-damage|p2a: Sinistcha|1/100
|-unboost|p1b: Gholdengo|spa|2
|-damage|p1b: Gholdengo|33/100|[from] item: Life Orb
|
|-weather|RainDance|[upkeep]
|-sideend|p1: Potyxxx30|move: Tailwind
|upkeep
|turn|6
|inactive|Potyxxx30 has 30 seconds left.
|inactive|iori696 has 30 seconds left.
|
|t:|1783549790
|move|p2a: Sinistcha|Rage Powder|p2a: Sinistcha
|-singleturn|p2a: Sinistcha|move: Rage Powder
|move|p2b: Gardevoir|Hyper Voice|p1a: Staraptor|[spread] p1a,p1b
|-supereffective|p1a: Staraptor|1
|-resisted|p1b: Gholdengo|1
|-damage|p1a: Staraptor|0 fnt
|-damage|p1b: Gholdengo|2/100
|faint|p1a: Staraptor
|move|p1b: Gholdengo|Make It Rain|p2a: Sinistcha|[spread] p2a,p2b
|-supereffective|p2b: Gardevoir|1
|-damage|p2a: Sinistcha|0 fnt
|-damage|p2b: Gardevoir|16/100
|-unboost|p1b: Gholdengo|spa|2
|faint|p2a: Sinistcha
|-damage|p1b: Gholdengo|0 fnt|[from] item: Life Orb
|faint|p1b: Gholdengo
|
|win|iori696
|inactive|Potyxxx30 has 30 seconds to confirm battle start!
|inactive|iori696 has 30 seconds to confirm battle start!
|inactive|Potyxxx30 has 20 seconds to confirm battle start!
|inactive|iori696 has 20 seconds to confirm battle start!
|inactive|Potyxxx30 has 10 seconds to confirm battle start!
|inactive|iori696 has 10 seconds to confirm battle start!
|uhtml|next|Next: Game 3 of 3
