|j|☆kyriepokemon
|j|☆naibot2814
|html|kyriepokemonnaibot2814    
|uhtml|bestof|Game 1 of a best-of-3
|t:|1783222975
|gametype|doubles
|player|p1|kyriepokemon|265|1242
|player|p2|naibot2814|ghetsis|1367
|gen|9
|tier|[Gen 9 Champions] VGC 2026 Reg M-B (Bo3)
|rated|
|rule|Species Clause: Limit one of each Pokémon
|rule|Item Clause: Limit 1 of each item
|clearpoke
|poke|p1|Tyranitar, L50, F|
|poke|p1|Corviknight, L50, F|
|poke|p1|Grimmsnarl, L50, M|
|poke|p1|Milotic, L50, M|
|poke|p1|Sinistcha, L50|
|poke|p1|Rotom-Heat, L50|
|poke|p2|Incineroar, L50, M|
|poke|p2|Sinistcha, L50, shiny|
|poke|p2|Maushold-Four, L50|
|poke|p2|Delphox, L50, F|
|poke|p2|Sneasler, L50, M|
|poke|p2|Blastoise, L50, M|
|teampreview|4
|showteam|p1|Tyranitar||Tyranitarite|SandStream|KnockOff,Protect,RockSlide,Earthquake|Adamant||F|||50|]Corviknight||Leftovers|MirrorArmor|BodyPress,IronHead,BulkUp,Roost|Impish||F|||50|]Grimmsnarl||LightClay|Prankster|SpiritBreak,LightScreen,PartingShot,Reflect|Impish||M|||50|]Milotic||WideLens|Competitive|MuddyWater,Coil,Hypnosis,Recover|Bold||M|||50|]Sinistcha||SitrusBerry|Hospitality|MatchaGotcha,StrengthSap,TrickRoom,RagePowder|Bold|||||50|]Rotom-Heat||ChoiceScarf|Levitate|Thunderbolt,VoltSwitch,Electroweb,Overheat|Modest|||||50|
|showteam|p2|Incineroar||SitrusBerry|Intimidate|FakeOut,DarkestLariat,FlareBlitz,PartingShot|Impish||M|||50|]Sinistcha||KasibBerry|Hospitality|MatchaGotcha,RagePowder,TrickRoom,Protect|Bold|||||50|]Maushold-Four||ChopleBerry|FriendGuard|SuperFang,Feint,FollowMe,Protect|Impish|||||50|]Delphox||Delphoxite|Blaze|HeatWave,Psyshock,NastyPlot,Protect|Timid||F|||50|]Sneasler||FocusSash|PoisonTouch|FakeOut,PoisonJab,CloseCombat,QuickGuard|Jolly||M|||50|]Blastoise||Blastoisinite|Torrent|WaterSpout,DarkPulse,ShellSmash,Protect|Modest||M|||50|
|
|t:|1783223063
|teamsize|p1|4
|teamsize|p2|4
|start
|switch|p1a: Milotic|Milotic, L50, M|100/100
|switch|p1b: Grimmsnarl|Grimmsnarl, L50, M|100/100
|switch|p2a: Delphox|Delphox, L50, F|100/100
|switch|p2b: Sneasler|Sneasler, L50, M|100/100
|turn|1
|
|t:|1783223092
|detailschange|p2a: Delphox|Delphox-Mega, L50, F
|-mega|p2a: Delphox|Delphox|Delphoxite
|move|p2b: Sneasler|Fake Out|p1a: Milotic
|-damage|p1a: Milotic|88/100
|move|p1b: Grimmsnarl|Light Screen|p1b: Grimmsnarl
|-sidestart|p1: kyriepokemon|move: Light Screen
|move|p2a: Delphox|Nasty Plot|p2a: Delphox
|-boost|p2a: Delphox|spa|2
|cant|p1a: Milotic|flinch
|
|upkeep
|turn|2
|
|t:|1783223136
|move|p1b: Grimmsnarl|Reflect|p1b: Grimmsnarl
|-sidestart|p1: kyriepokemon|Reflect
|move|p2a: Delphox|Psyshock|p1a: Milotic
|-damage|p1a: Milotic|37/100
|move|p2b: Sneasler|Close Combat|p1a: Milotic
|-damage|p1a: Milotic|0 fnt
|-unboost|p2b: Sneasler|def|1
|-unboost|p2b: Sneasler|spd|1
|faint|p1a: Milotic
|
|upkeep
|
|t:|1783223150
|switch|p1a: Rotom|Rotom-Heat, L50|100/100
|turn|3
|
|t:|1783223179
|switch|p2b: Gumball|Incineroar, L50, M|100/100
|-ability|p2b: Gumball|Intimidate|boost
|-unboost|p1a: Rotom|atk|1
|-unboost|p1b: Grimmsnarl|atk|1
|move|p1b: Grimmsnarl|Parting Shot|p2a: Delphox
|-unboost|p2a: Delphox|atk|1
|-unboost|p2a: Delphox|spa|1
|
|t:|1783223186
|switch|p1b: Sinistcha|Sinistcha, L50|100/100|[from] Parting Shot
|move|p1a: Rotom|Electroweb|p2b: Gumball|[spread] p2a,p2b
|-damage|p2a: Delphox|81/100
|-damage|p2b: Gumball|80/100
|-unboost|p2a: Delphox|spe|1
|-unboost|p2b: Gumball|spe|1
|move|p2a: Delphox|Psyshock|p1a: Rotom
|-damage|p1a: Rotom|37/100
|
|upkeep
|turn|4
|
|t:|1783223217
|switch|p1a: Grimmsnarl|Grimmsnarl, L50, M|100/100
|move|p2a: Delphox|Heat Wave|p1b: Sinistcha|[spread] p1a,p1b
|-supereffective|p1b: Sinistcha|1
|-damage|p1a: Grimmsnarl|61/100
|-damage|p1b: Sinistcha|14/100
|-status|p1b: Sinistcha|brn
|-enditem|p1b: Sinistcha|Sitrus Berry|[eat]
|-heal|p1b: Sinistcha|38/100 brn|[from] item: Sitrus Berry
|move|p1b: Sinistcha|Matcha Gotcha|p2b: Gumball|[spread] p2a,p2b
|-resisted|p2a: Delphox|1
|-resisted|p2b: Gumball|1
|-damage|p2a: Delphox|71/100
|-heal|p1b: Sinistcha|43/100 brn|[from] drain|[of] p2a: Delphox
|-damage|p2b: Gumball|69/100
|-heal|p1b: Sinistcha|50/100y brn|[from] drain|[of] p2b: Gumball
|move|p2b: Gumball|Parting Shot|p1a: Grimmsnarl
|-unboost|p1a: Grimmsnarl|atk|1
|-unboost|p1a: Grimmsnarl|spa|1
|
|t:|1783223228
|switch|p2b: Sinistcha|Sinistcha, L50, shiny|100/100|[from] Parting Shot
|-heal|p2a: Delphox|95/100|[from] ability: Hospitality|[of] p2b: Sinistcha
|
|-damage|p1b: Sinistcha|43/100 brn|[from] brn
|upkeep
|turn|5
|
|t:|1783223251
|move|p2b: Sinistcha|Rage Powder|p2b: Sinistcha
|-singleturn|p2b: Sinistcha|move: Rage Powder
|move|p1a: Grimmsnarl|Parting Shot|p2b: Sinistcha
|-unboost|p2b: Sinistcha|atk|1
|-unboost|p2b: Sinistcha|spa|1
|
|t:|1783223256
|switch|p1a: Rotom|Rotom-Heat, L50|37/100|[from] Parting Shot
|move|p2a: Delphox|Psyshock|p1b: Sinistcha
|-damage|p1b: Sinistcha|5/100 brn
|move|p1b: Sinistcha|Matcha Gotcha|p2a: Delphox|[spread] p2a,p2b
|-resisted|p2a: Delphox|1
|-resisted|p2b: Sinistcha|1
|-damage|p2a: Delphox|85/100
|-heal|p1b: Sinistcha|10/100 brn|[from] drain|[of] p2a: Delphox
|-damage|p2b: Sinistcha|87/100
|-heal|p1b: Sinistcha|16/100 brn|[from] drain|[of] p2b: Sinistcha
|-status|p2b: Sinistcha|brn
|
|-damage|p2b: Sinistcha|81/100 brn|[from] brn
|-damage|p1b: Sinistcha|10/100 brn|[from] brn
|upkeep
|turn|6
|
|t:|1783223285
|switch|p2b: Gumball|Incineroar, L50, M|69/100
|-ability|p2b: Gumball|Intimidate|boost
|-unboost|p1a: Rotom|atk|1
|-unboost|p1b: Sinistcha|atk|1
|move|p1a: Rotom|Overheat|p2b: Gumball
|-resisted|p2b: Gumball|1
|-damage|p2b: Gumball|38/100
|-unboost|p1a: Rotom|spa|2
|-enditem|p2b: Gumball|Sitrus Berry|[eat]
|-heal|p2b: Gumball|63/100|[from] item: Sitrus Berry
|move|p2a: Delphox|Heat Wave|p1b: Sinistcha|[spread] p1a,p1b
|-resisted|p1a: Rotom|1
|-supereffective|p1b: Sinistcha|1
|-damage|p1a: Rotom|9/100
|-damage|p1b: Sinistcha|0 fnt
|faint|p1b: Sinistcha
|
|upkeep
|
|t:|1783223301
|switch|p1b: Grimmsnarl|Grimmsnarl, L50, M|61/100
|turn|7
|
|t:|1783223307
|move|p2b: Gumball|Fake Out|p1b: Grimmsnarl
|-crit|p1b: Grimmsnarl
|-damage|p1b: Grimmsnarl|46/100
|move|p1a: Rotom|Overheat|p2b: Gumball
|-resisted|p2b: Gumball|1
|-damage|p2b: Gumball|47/100
|-unboost|p1a: Rotom|spa|2
|move|p2a: Delphox|Psyshock|p1a: Rotom
|-damage|p1a: Rotom|0 fnt
|faint|p1a: Rotom
|cant|p1b: Grimmsnarl|flinch
|
|upkeep
|turn|8
|
|t:|1783223323
|move|p1b: Grimmsnarl|Parting Shot|p2a: Delphox
|-unboost|p2a: Delphox|atk|1
|-unboost|p2a: Delphox|spa|1
|move|p2a: Delphox|Heat Wave|p1b: Grimmsnarl
|-damage|p1b: Grimmsnarl|15/100
|move|p2b: Gumball|Flare Blitz|p1b: Grimmsnarl
|-damage|p1b: Grimmsnarl|0 fnt
|faint|p1b: Grimmsnarl
|-damage|p2b: Gumball|42/100|[from] Recoil
|
|win|naibot2814
||kyriepokemon is ready for game 2.
||naibot2814 is ready for game 2.
|uhtml|next|Next: Game 2 of 3
