|j|☆Ninjacoox
|j|☆monkeychese
|html|Ninjacooxmonkeychese    
|uhtml|bestof|Game 2 of a best-of-3
|t:|1784906940
|gametype|doubles
|player|p1|Ninjacoox|1|
|player|p2|monkeychese|nate|
|gen|9
|tier|[Gen 9 Champions] VGC 2026 Reg M-B (Bo3)
|rule|Species Clause: Limit one of each Pokémon
|rule|Item Clause: Limit 1 of each item
|clearpoke
|poke|p1|Grimmsnarl, L50, M|
|poke|p1|Ditto, L50|
|poke|p1|Charizard, L50, F|
|poke|p1|Garchomp, L50, F|
|poke|p1|Metagross, L50|
|poke|p1|Sylveon, L50, F|
|poke|p2|Banette, L50, F|
|poke|p2|Venusaur, L50, M|
|poke|p2|Incineroar, L50, F|
|poke|p2|Rotom-Wash, L50|
|poke|p2|Garchomp, L50, F|
|poke|p2|Sneasler, L50, F|
|teampreview|4
|showteam|p1|Grimmsnarl||LightClay|Prankster|FoulPlay,FakeOut,Reflect,LightScreen|Careful||M|||50|]Ditto||ChoiceScarf|Imposter|Transform|Bashful|||||50|]Charizard||CharizarditeY|Blaze|HeatWave,WeatherBall,SolarBeam,Protect|Modest||F|||50|]Garchomp||SitrusBerry|RoughSkin|DragonClaw,Earthquake,RockSlide,Protect|Adamant||F|||50|]Metagross||Metagrossite|ClearBody|IronHead,PsychicFangs,BodyPress,Protect|Adamant|||||50|]Sylveon||FairyFeather|Pixilate|HyperVoice,QuickAttack,Yawn,Detect|Modest||F|||50|
|showteam|p2|Banette||Banettite|Insomnia|Poltergeist,WillOWisp,DestinyBond,Encore|Adamant||F|||50|]Venusaur||Venusaurite|Overgrow|GigaDrain,SludgeBomb,EarthPower,Protect|Modest||M|||50|]Incineroar||SitrusBerry|Intimidate|FlareBlitz,HelpingHand,PartingShot,FakeOut|Impish||F|||50|]Rotom-Wash||ChoiceScarf|Levitate|Thunderbolt,VoltSwitch,HydroPump,Electroweb|Timid|||||50|]Garchomp||LifeOrb|RoughSkin|StompingTantrum,DragonClaw,RockSlide,Protect|Jolly||F|||50|]Sneasler||FocusSash|Unburden|DireClaw,CloseCombat,FakeOut,QuickGuard|Naive||F|||50|
|
|t:|1784906958
|teamsize|p1|4
|teamsize|p2|4
|start
|switch|p1a: Metagross|Metagross, L50|100/100
|switch|p1b: Grimmsnarl|Grimmsnarl, L50, M|100/100
|switch|p2a: Banette|Banette, L50, F|100/100
|switch|p2b: Sneasler|Sneasler, L50, F|100/100
|turn|1
|
|t:|1784906970
|detailschange|p1a: Metagross|Metagross-Mega, L50
|-mega|p1a: Metagross|Metagross|Metagrossite
|detailschange|p2a: Banette|Banette-Mega, L50, F
|-mega|p2a: Banette|Banette|Banettite
|move|p2b: Sneasler|Fake Out|p1b: Grimmsnarl
|-damage|p1b: Grimmsnarl|86/100
|move|p2a: Banette|Will-O-Wisp|p1a: Metagross
|-status|p1a: Metagross|brn
|move|p1a: Metagross|Psychic Fangs|p2b: Sneasler
|-supereffective|p2b: Sneasler|2
|-enditem|p2b: Sneasler|Focus Sash
|-damage|p2b: Sneasler|1/100
|cant|p1b: Grimmsnarl|flinch
|
|-damage|p1a: Metagross|94/100 brn|[from] brn
|upkeep
|turn|2
|
|t:|1784906988
|move|p1a: Metagross|Protect|p1a: Metagross
|-singleturn|p1a: Metagross|Protect
|move|p1b: Grimmsnarl|Reflect|p1b: Grimmsnarl
|-sidestart|p1: Ninjacoox|Reflect
|move|p2b: Sneasler|Dire Claw|p1b: Grimmsnarl
|-supereffective|p1b: Grimmsnarl|1
|-damage|p1b: Grimmsnarl|24/100
|move|p2a: Banette|Poltergeist|p1a: Metagross
|-activate|p1a: Metagross|move: Protect
|
|-damage|p1a: Metagross|88/100 brn|[from] brn
|upkeep
|turn|3
|
|t:|1784907003
|move|p2b: Sneasler|Dire Claw|p1b: Grimmsnarl
|-supereffective|p1b: Grimmsnarl|1
|-damage|p1b: Grimmsnarl|0 fnt
|faint|p1b: Grimmsnarl
|move|p1a: Metagross|Psychic Fangs|p2b: Sneasler
|-supereffective|p2b: Sneasler|2
|-damage|p2b: Sneasler|0 fnt
|faint|p2b: Sneasler
|move|p2a: Banette|Poltergeist|p1a: Metagross
|-activate|p1a: Metagross|move: Poltergeist|Metagrossite
|-supereffective|p1a: Metagross|1
|-damage|p1a: Metagross|22/100 brn
|
|-damage|p1a: Metagross|16/100 brn|[from] brn
|upkeep
|
|t:|1784907016
|switch|p2b: Incineroar|Incineroar, L50, F|100/100
|switch|p1b: Ditto|Ditto, L50|100/100
|-transform|p1b: Ditto|p2a: Banette|[from] ability: Imposter
|-ability|p2b: Incineroar|Intimidate|boost
|-unboost|p1a: Metagross|atk|1
|-unboost|p1b: Ditto|atk|1
|turn|4
|
|t:|1784907028
|move|p1a: Metagross|Protect|p1a: Metagross
|-singleturn|p1a: Metagross|Protect
|move|p2a: Banette|Destiny Bond|p2a: Banette
|-singlemove|p2a: Banette|Destiny Bond
|move|p1b: Ditto|Poltergeist|p2a: Banette
|-activate|p2a: Banette|move: Poltergeist|Banettite
|-supereffective|p2a: Banette|1
|-damage|p2a: Banette|0 fnt
|faint|p2a: Banette
|-activate|p2a: Banette|move: Destiny Bond
|faint|p1b: Ditto
|move|p2b: Incineroar|Flare Blitz|p1a: Metagross
|-activate|p1a: Metagross|move: Protect
|
|-damage|p1a: Metagross|11/100 brn|[from] brn
|upkeep
|
|t:|1784907039
|switch|p1b: Sylveon|Sylveon, L50, F|100/100
|switch|p2a: Garchomp|Garchomp, L50, F|100/100
|turn|5
|
|t:|1784907044
|move|p2a: Garchomp|Protect|p2a: Garchomp
|-singleturn|p2a: Garchomp|Protect
|move|p1a: Metagross|Body Press|p2b: Incineroar
|-supereffective|p2b: Incineroar|1
|-damage|p2b: Incineroar|74/100
|move|p1b: Sylveon|Hyper Voice|p2b: Incineroar|[spread] p2b
|-activate|p2a: Garchomp|move: Protect
|-damage|p2b: Incineroar|26/100
|-enditem|p2b: Incineroar|Sitrus Berry|[eat]
|-heal|p2b: Incineroar|51/100|[from] item: Sitrus Berry
|move|p2b: Incineroar|Flare Blitz|p1b: Sylveon
|-damage|p1b: Sylveon|68/100
|-damage|p2b: Incineroar|41/100|[from] Recoil
|
|-damage|p1a: Metagross|5/100 brn|[from] brn
|upkeep
|turn|6
|
|t:|1784907060
|move|p2b: Incineroar|Helping Hand|p2a: Garchomp
|-singleturn|p2a: Garchomp|Helping Hand|[of] p2b: Incineroar
|move|p2a: Garchomp|Stomping Tantrum|p1b: Sylveon
|-damage|p1b: Sylveon|11/100
|-damage|p2a: Garchomp|90/100|[from] item: Life Orb
|move|p1a: Metagross|Body Press|p2b: Incineroar
|-supereffective|p2b: Incineroar|1
|-damage|p2b: Incineroar|18/100
|move|p1b: Sylveon|Hyper Voice|p2b: Incineroar|[spread] p2a,p2b
|-supereffective|p2a: Garchomp|1
|-damage|p2a: Garchomp|0 fnt
|-damage|p2b: Incineroar|0 fnt
|faint|p2a: Garchomp
|faint|p2b: Incineroar
|
|win|Ninjacoox
|l|☆monkeychese
|player|p2|
