|j|☆Felixavi
|j|☆namboyVGC
|html|FelixavinamboyVGC    
|uhtml|bestof|Game 2 of a best-of-3
|t:|1756404437
|gametype|doubles
|player|p1|Felixavi|giovanni|
|player|p2|namboyVGC|pokemonranger-gen4|
|gen|9
|tier|[Gen 9] VGC 2025 Reg H (Bo3)
|rule|Species Clause: Limit one of each Pokémon
|rule|Item Clause: Limit 1 of each item
|clearpoke
|poke|p1|Kingambit, L50, F|
|poke|p1|Rillaboom, L50, F|
|poke|p1|Electabuzz, L50, M|
|poke|p1|Volcarona, L50, M|
|poke|p1|Sneasler, L50, M|
|poke|p1|Dragonite, L50, M|
|poke|p2|Sneasler, L50, F|
|poke|p2|Indeedee, L50, M|
|poke|p2|Annihilape, L50, F|
|poke|p2|Tyranitar, L50, M|
|poke|p2|Excadrill, L50, M|
|poke|p2|Hydreigon, L50, F|
|teampreview|4
|showteam|p1|Kingambit||BlackGlasses|Defiant|Protect,KowtowCleave,SuckerPunch,SwordsDance|||F|||50|,,,,,Dark]Rillaboom||AssaultVest|GrassySurge|WoodHammer,GrassyGlide,HighHorsepower,FakeOut|||F|||50|,,,,,Fire]Electabuzz||Eviolite|VitalSpirit|Protect,Thunderbolt,HelpingHand,FollowMe|||M|||50|,,,,,Ghost]Volcarona||CovertCloak|FlameBody|Protect,HeatWave,TeraBlast,QuiverDance|||M|||50|,,,,,Fairy]Sneasler||FocusSash|Unburden|CloseCombat,DireClaw,Coaching,FakeOut|||M|||50|,,,,,Stellar]Dragonite||LoadedDice|Multiscale|ScaleShot,Haze,ExtremeSpeed,Protect|||M|||50|,,,,,Fairy
|showteam|p2|Sneasler||PsychicSeed|Unburden|CloseCombat,DireClaw,ThroatChop,Protect|||F|||50|,,,,,Dark]Indeedee||ChoiceScarf|PsychicSurge|ExpandingForce,TeraBlast,Trick,DazzlingGleam|||M|||50|,,,,,Fire]Annihilape||SafetyGoggles|Defiant|CloseCombat,RageFist,Taunt,FinalGambit|||F|||50|,,,,,Water]Tyranitar||AssaultVest|SandStream|RockSlide,KnockOff,TeraBlast,LowKick|||M|||50|,,,,,Flying]Excadrill||FocusSash|SandRush|HighHorsepower,Earthquake,IronHead,Protect|||M|||50|,,,,,Stellar]Hydreigon||CovertCloak|Levitate|Snarl,DracoMeteor,Tailwind,Roar|||F|||50|,,,,,Ghost
|inactive|Battle timer is ON: inactive players will automatically lose when time's up. (requested by namboyVGC)
|inactive|Felixavi has 60 seconds left.
|inactive|Felixavi has 30 seconds left.
|inactive|Felixavi has 20 seconds left.
|
|t:|1756404511
|teamsize|p1|4
|teamsize|p2|4
|start
|switch|p1a: Rillaboom|Rillaboom, L50, F|100/100
|switch|p1b: Sneasler|Sneasler, L50, M|100/100
|switch|p2a: Tyranitar|Tyranitar, L50, M|100/100
|switch|p2b: Excadrill|Excadrill, L50, M|100/100
|-fieldstart|move: Grassy Terrain|[from] ability: Grassy Surge|[of] p1a: Rillaboom
|-weather|Sandstorm|[from] ability: Sand Stream|[of] p2a: Tyranitar
|turn|1
|inactive|Felixavi has 30 seconds left.
|inactive|Felixavi has 20 seconds left.
|inactive|Felixavi has 15 seconds left.
|
|t:|1756404553
|-terastallize|p2a: Tyranitar|Flying
|move|p2b: Excadrill|Protect|p2b: Excadrill
|-singleturn|p2b: Excadrill|Protect
|move|p1a: Rillaboom|Fake Out|p2a: Tyranitar
|-damage|p2a: Tyranitar|89/100
|move|p1b: Sneasler|Dire Claw|p2a: Tyranitar
|-damage|p2a: Tyranitar|53/100
|cant|p2a: Tyranitar|flinch
|
|-weather|Sandstorm|[upkeep]
|-damage|p1b: Sneasler|95/100|[from] Sandstorm
|-damage|p1a: Rillaboom|95/100|[from] Sandstorm
|-damage|p2a: Tyranitar|47/100|[from] Sandstorm
|-heal|p1b: Sneasler|100/100|[from] Grassy Terrain
|-heal|p1a: Rillaboom|100/100|[from] Grassy Terrain
|upkeep
|turn|2
|inactive|Felixavi has 30 seconds left.
|inactive|Felixavi has 20 seconds left.
|inactive|Felixavi has 15 seconds left.
|
|t:|1756404596
|move|p2b: Excadrill|High Horsepower|p1b: Sneasler
|-supereffective|p1b: Sneasler
|-enditem|p1b: Sneasler|Focus Sash
|-damage|p1b: Sneasler|1/100
|move|p1b: Sneasler|Dire Claw|p2a: Tyranitar
|-damage|p2a: Tyranitar|12/100
|move|p1a: Rillaboom|Wood Hammer|p2a: Tyranitar
|-resisted|p2a: Tyranitar
|-damage|p2a: Tyranitar|0 fnt
|faint|p2a: Tyranitar
|-damage|p1a: Rillaboom|97/100|[from] Recoil
|
|-weather|Sandstorm|[upkeep]
|-damage|p1b: Sneasler|0 fnt|[from] Sandstorm
|-damage|p1a: Rillaboom|91/100|[from] Sandstorm
|faint|p1b: Sneasler
|-heal|p1a: Rillaboom|97/100|[from] Grassy Terrain
|upkeep
|inactive|Felixavi has 30 seconds left.
|inactive|Felixavi has 20 seconds left.
|
|t:|1756404636
|switch|p1b: Dragonite|Dragonite, L50, M|100/100
|switch|p2a: Indeedee|Indeedee, L50, M|100/100
|-fieldstart|move: Psychic Terrain|[from] ability: Psychic Surge|[of] p2a: Indeedee
|turn|3
|
|t:|1756404654
|move|p2b: Excadrill|Iron Head|p1a: Rillaboom
|-damage|p1a: Rillaboom|49/100
|move|p2a: Indeedee|Expanding Force|p1b: Dragonite|[spread] p1a,p1b
|-damage|p1a: Rillaboom|9/100
|-damage|p1b: Dragonite|68/100
|move|p1b: Dragonite|Scale Shot|p2b: Excadrill
|-resisted|p2b: Excadrill
|-damage|p2b: Excadrill|91/100
|-resisted|p2b: Excadrill
|-damage|p2b: Excadrill|80/100
|-resisted|p2b: Excadrill
|-damage|p2b: Excadrill|69/100
|-resisted|p2b: Excadrill
|-damage|p2b: Excadrill|59/100
|-resisted|p2b: Excadrill
|-damage|p2b: Excadrill|47/100
|-hitcount|p2b: Excadrill|5
|-unboost|p1b: Dragonite|def|1
|-boost|p1b: Dragonite|spe|1
|cant|p1a: Rillaboom|flinch
|
|-weather|Sandstorm|[upkeep]
|-damage|p2a: Indeedee|95/100|[from] Sandstorm
|-damage|p1b: Dragonite|62/100|[from] Sandstorm
|-damage|p1a: Rillaboom|3/100|[from] Sandstorm
|upkeep
|turn|4
|inactive|Felixavi has 30 seconds left.
|inactive|namboyVGC has 30 seconds left.
|inactive|Felixavi has 20 seconds left.
|
|t:|1756404689
|switch|p2a: Sneasler|Sneasler, L50, F|100/100
|-enditem|p2a: Sneasler|Psychic Seed
|-boost|p2a: Sneasler|spd|1|[from] item: Psychic Seed
|switch|p1a: Volcarona|Volcarona, L50, M|100/100
|move|p1b: Dragonite|Protect|p1b: Dragonite
|-singleturn|p1b: Dragonite|Protect
|move|p2b: Excadrill|Iron Head|p1b: Dragonite
|-activate|p1b: Dragonite|move: Protect
|
|-weather|Sandstorm|[upkeep]
|-damage|p2a: Sneasler|95/100|[from] Sandstorm
|-damage|p1b: Dragonite|56/100|[from] Sandstorm
|-damage|p1a: Volcarona|94/100|[from] Sandstorm
|upkeep
|turn|5
|
|t:|1756404708
|move|p2a: Sneasler|Protect|p2a: Sneasler
|-singleturn|p2a: Sneasler|Protect
|move|p1b: Dragonite|Protect||[still]
|-fail|p1b: Dragonite
|move|p2b: Excadrill|Iron Head|p1b: Dragonite
|-damage|p1b: Dragonite|0 fnt
|faint|p1b: Dragonite
|move|p1a: Volcarona|Heat Wave|p2a: Sneasler|[spread] p2b
|-activate|p2a: Sneasler|move: Protect
|-supereffective|p2b: Excadrill
|-damage|p2b: Excadrill|0 fnt
|faint|p2b: Excadrill
|
|-weather|none
|upkeep
|
|t:|1756404723
|switch|p2b: Indeedee|Indeedee, L50, M|95/100
|switch|p1b: Rillaboom|Rillaboom, L50, F|3/100
|-fieldstart|move: Grassy Terrain|[from] ability: Grassy Surge|[of] p1b: Rillaboom
|turn|6
|inactive|Felixavi has 30 seconds left.
|inactive|Felixavi has 20 seconds left.
|inactive|Felixavi has 15 seconds left.
|inactive|Felixavi has 10 seconds left.
|
|t:|1756404769
|move|p1b: Rillaboom|Fake Out|p2b: Indeedee
|-crit|p2b: Indeedee
|-damage|p2b: Indeedee|55/100
|move|p2a: Sneasler|Dire Claw|p1b: Rillaboom
|-supereffective|p1b: Rillaboom
|-damage|p1b: Rillaboom|0 fnt
|faint|p1b: Rillaboom
|cant|p2b: Indeedee|flinch
|move|p1a: Volcarona|Heat Wave|p2b: Indeedee|[spread] p2a,p2b
|-damage|p2a: Sneasler|60/100
|-damage|p2b: Indeedee|3/100
|
|-heal|p2a: Sneasler|66/100|[from] Grassy Terrain
|-heal|p2b: Indeedee|9/100|[from] Grassy Terrain
|-heal|p1a: Volcarona|100/100|[from] Grassy Terrain
|upkeep
|turn|7
|inactive|namboyVGC has 30 seconds left.
|inactive|namboyVGC has 20 seconds left.
|
|t:|1756404805
|move|p2a: Sneasler|Dire Claw|p1a: Volcarona
|-damage|p1a: Volcarona|44/100
|-status|p2a: Sneasler|brn|[from] ability: Flame Body|[of] p1a: Volcarona
|move|p2b: Indeedee|Expanding Force|p1a: Volcarona
|-damage|p1a: Volcarona|6/100
|move|p1a: Volcarona|Heat Wave|p2b: Indeedee|[spread] p2b
|-miss|p1a: Volcarona|p2a: Sneasler
|-damage|p2b: Indeedee|0 fnt
|faint|p2b: Indeedee
|
|-heal|p2a: Sneasler|71/100 brn|[from] Grassy Terrain
|-heal|p1a: Volcarona|12/100|[from] Grassy Terrain
|-damage|p2a: Sneasler|66/100 brn|[from] brn
|upkeep
|turn|8
|
|t:|1756404821
|move|p1a: Volcarona|Protect|p1a: Volcarona
|-singleturn|p1a: Volcarona|Protect
|move|p2a: Sneasler|Dire Claw|p1a: Volcarona
|-activate|p1a: Volcarona|move: Protect
|
|-heal|p2a: Sneasler|71/100 brn|[from] Grassy Terrain
|-heal|p1a: Volcarona|19/100|[from] Grassy Terrain
|-damage|p2a: Sneasler|66/100 brn|[from] brn
|upkeep
|turn|9
|
|t:|1756404831
|move|p1a: Volcarona|Protect||[still]
|-fail|p1a: Volcarona
|move|p2a: Sneasler|Dire Claw|p1a: Volcarona
|-damage|p1a: Volcarona|0 fnt
|faint|p1a: Volcarona
|
|win|namboyVGC
|c|☆namboyVGC|ggs
|c|☆Felixavi|ggs
