|j|☆don zaloog is real
|j|☆NicoHax
|html|don zaloog is realNicoHax    
|uhtml|bestof|Game 3 of a best-of-3
|t:|1756482685
|gametype|doubles
|player|p1|don zaloog is real|collector|1254
|player|p2|NicoHax|ethan|1243
|gen|9
|tier|[Gen 9] VGC 2025 Reg H (Bo3)
|rated|
|rule|Species Clause: Limit one of each Pokémon
|rule|Item Clause: Limit 1 of each item
|clearpoke
|poke|p1|Murkrow, L50, F|
|poke|p1|Basculegion, L50, M|
|poke|p1|Gholdengo, L50|
|poke|p1|Pawmot, L50, M|
|poke|p1|Kommo-o, L50, F|
|poke|p1|Amoonguss, L50, M|
|poke|p2|Sneasler, L50, M|
|poke|p2|Volcarona, L50, M|
|poke|p2|Baxcalibur, L50, F|
|poke|p2|Rillaboom, L50, M|
|poke|p2|Kingambit, L50, M|
|poke|p2|Dondozo, L50, M|
|teampreview|4
|showteam|p1|Murkrow||Eviolite|Prankster|BraveBird,Tailwind,Quash,Haze|||F|||50|,,,,,Ghost]Basculegion||ChoiceScarf|Adaptability|LastRespects,WaveCrash,FlipTurn,AquaJet|||M|||50|,,,,,Grass]Gholdengo||ChoiceSpecs|GoodasGold|MakeItRain,ShadowBall,PowerGem,SteelBeam||||||50|,,,,,Steel]Pawmot||FocusSash|VoltAbsorb|CloseCombat,DoubleShock,Protect,RevivalBlessing|||M|||50|,,,,,Electric]Kommo-o||LifeOrb|Overcoat|ClangingScales,AuraSphere,Flamethrower,Protect|||F|||50|,,,,,Fire]Amoonguss||CovertCloak|Regenerator|LeafStorm,Protect,Spore,RagePowder|||M|||50|,,,,,Water
|showteam|p2|Sneasler||FocusSash|Unburden|FakeOut,CloseCombat,DireClaw,Coaching|||M|||50|,,,,,Stellar]Volcarona||CovertCloak|FlameBody|QuiverDance,HeatWave,TeraBlast,Protect|||M|||50|,,,,,Fairy]Baxcalibur||LoadedDice|ThermalExchange|Protect,IceShard,ScaleShot,IcicleSpear|||F|||50|,,,,,Ghost]Rillaboom||AssaultVest|GrassySurge|WoodHammer,GrassyGlide,HighHorsepower,FakeOut|||M|||50|,,,,,Water]Kingambit||SafetyGoggles|Defiant|KowtowCleave,SuckerPunch,SwordsDance,Protect|||M|||50|,,,,,Ghost]Dondozo||Leftovers|Unaware|Protect,Yawn,Liquidation,Fissure|||M|||50|,,,,,Poison
|
|t:|1756482720
|teamsize|p1|4
|teamsize|p2|4
|start
|switch|p1a: Gholdengo|Gholdengo, L50|100/100
|switch|p1b: Kommo-o|Kommo-o, L50, F|100/100
|switch|p2a: Laertes|Sneasler, L50, M|100/100
|switch|p2b: Siddartha|Baxcalibur, L50, F|100/100
|turn|1
|
|t:|1756482755
|-terastallize|p2b: Siddartha|Ghost
|move|p1b: Kommo-o|Protect|p1b: Kommo-o
|-singleturn|p1b: Kommo-o|Protect
|move|p2a: Laertes|Fake Out|p1b: Kommo-o
|-activate|p1b: Kommo-o|move: Protect
|move|p1a: Gholdengo|Make It Rain|p2b: Siddartha|[spread] p2a,p2b
|-enditem|p2a: Laertes|Focus Sash
|-damage|p2a: Laertes|1/100
|-damage|p2b: Siddartha|24/100
|-unboost|p1a: Gholdengo|spa|1
|move|p2b: Siddartha|Scale Shot|p1a: Gholdengo
|-resisted|p1a: Gholdengo
|-damage|p1a: Gholdengo|93/100
|-resisted|p1a: Gholdengo
|-damage|p1a: Gholdengo|85/100
|-resisted|p1a: Gholdengo
|-crit|p1a: Gholdengo
|-damage|p1a: Gholdengo|72/100
|-resisted|p1a: Gholdengo
|-damage|p1a: Gholdengo|64/100
|-hitcount|p1a: Gholdengo|4
|-unboost|p2b: Siddartha|def|1
|-boost|p2b: Siddartha|spe|1
|
|upkeep
|turn|2
|
|t:|1756482783
|switch|p2a: Kaisen|Kingambit, L50, M|100/100
|switch|p1b: Amoonguss|Amoonguss, L50, M|100/100
|move|p2b: Siddartha|Icicle Spear|p1b: Amoonguss
|-supereffective|p1b: Amoonguss
|-damage|p1b: Amoonguss|73/100
|-supereffective|p1b: Amoonguss
|-damage|p1b: Amoonguss|45/100
|-supereffective|p1b: Amoonguss
|-damage|p1b: Amoonguss|17/100
|-supereffective|p1b: Amoonguss
|-damage|p1b: Amoonguss|0 fnt
|faint|p1b: Amoonguss
|-hitcount|p1: Amoonguss|4
|move|p1a: Gholdengo|Make It Rain|p2b: Siddartha|[spread] p2a,p2b
|-resisted|p2a: Kaisen
|-damage|p2a: Kaisen|77/100
|-damage|p2b: Siddartha|0 fnt
|-unboost|p1a: Gholdengo|spa|1
|faint|p2b: Siddartha
|
|upkeep
|
|t:|1756482813
|switch|p2b: Jonathan|Rillaboom, L50, M|100/100
|switch|p1b: Kommo-o|Kommo-o, L50, F|100/100
|-fieldstart|move: Grassy Terrain|[from] ability: Grassy Surge|[of] p2b: Jonathan
|turn|3
|
|t:|1756482835
|move|p2b: Jonathan|Fake Out|p1b: Kommo-o
|-damage|p1b: Kommo-o|86/100
|cant|p1b: Kommo-o|flinch
|move|p1a: Gholdengo|Make It Rain|p2a: Kaisen|[spread] p2a,p2b
|-resisted|p2a: Kaisen
|-damage|p2a: Kaisen|58/100
|-damage|p2b: Jonathan|70/100
|-unboost|p1a: Gholdengo|spa|1
|move|p2a: Kaisen|Kowtow Cleave|p1a: Gholdengo
|-supereffective|p1a: Gholdengo
|-damage|p1a: Gholdengo|0 fnt
|faint|p1a: Gholdengo
|
|-heal|p1b: Kommo-o|92/100|[from] Grassy Terrain
|-heal|p2b: Jonathan|76/100|[from] Grassy Terrain
|-heal|p2a: Kaisen|64/100|[from] Grassy Terrain
|upkeep
|
|t:|1756482842
|switch|p1a: Basculegion|Basculegion, L50, M|100/100
|turn|4
|
|t:|1756482852
|-terastallize|p1a: Basculegion|Grass
|move|p2b: Jonathan|Grassy Glide|p1a: Basculegion
|-resisted|p1a: Basculegion
|-damage|p1a: Basculegion|77/100
|move|p2a: Kaisen|Sucker Punch|p1a: Basculegion
|-crit|p1a: Basculegion
|-damage|p1a: Basculegion|0 fnt
|faint|p1a: Basculegion
|move|p1b: Kommo-o|Aura Sphere|p2a: Kaisen
|-supereffective|p2a: Kaisen
|-damage|p2a: Kaisen|0 fnt
|faint|p2a: Kaisen
|-damage|p1b: Kommo-o|82/100|[from] item: Life Orb
|
|-heal|p1b: Kommo-o|88/100|[from] Grassy Terrain
|-heal|p2b: Jonathan|82/100|[from] Grassy Terrain
|upkeep
|
|t:|1756482859
|switch|p2a: Laertes|Sneasler, L50, M|1/100
|turn|5
|
|t:|1756482870
|move|p2a: Laertes|Fake Out|p1b: Kommo-o
|-damage|p1b: Kommo-o|74/100
|cant|p1b: Kommo-o|flinch
|move|p2b: Jonathan|Wood Hammer|p1b: Kommo-o
|-resisted|p1b: Kommo-o
|-damage|p1b: Kommo-o|36/100
|-damage|p2b: Jonathan|73/100|[from] Recoil
|
|-heal|p2a: Laertes|7/100|[from] Grassy Terrain
|-heal|p1b: Kommo-o|42/100|[from] Grassy Terrain
|-heal|p2b: Jonathan|79/100|[from] Grassy Terrain
|upkeep
|turn|6
|
|t:|1756482881
|move|p2a: Laertes|Close Combat|p1b: Kommo-o
|-damage|p1b: Kommo-o|0 fnt
|-unboost|p2a: Laertes|def|1
|-unboost|p2a: Laertes|spd|1
|faint|p1b: Kommo-o
|
|win|NicoHax
|raw|don zaloog is real's rating: 1254 → 1228(-26 for losing)
|raw|NicoHax's rating: 1243 → 1269(+26 for winning)
