|j|☆elfokaz
|j|☆HelgitheLean
|html|elfokazHelgitheLean    
|uhtml|bestof|Game 1 of a best-of-3
|t:|1757771223
|gametype|doubles
|player|p1|elfokaz|266|1146
|player|p2|HelgitheLean|brawly|1190
|gen|9
|tier|[Gen 9] VGC 2025 Reg H (Bo3)
|rated|
|rule|Species Clause: Limit one of each Pokémon
|rule|Item Clause: Limit 1 of each item
|clearpoke
|poke|p1|Dragapult, L50, M|
|poke|p1|Kilowattrel, L50, M|
|poke|p1|Toedscruel, L50, M|
|poke|p1|Palafin, L50, M|
|poke|p1|Incineroar, L50, M|
|poke|p1|Weezing, L50, M|
|poke|p2|Pelipper, L50, M|
|poke|p2|Archaludon, L50, M|
|poke|p2|Rillaboom, L50, M|
|poke|p2|Greninja-*, L50, M|
|poke|p2|Baxcalibur, L50, M|
|poke|p2|Ninetales-Alola, L50, F|
|teampreview|4
|showteam|p1|Dragapult||ChoiceBand|ClearBody|DragonDarts,PhantomForce,PsychicFangs,Uturn|||M|||50|,,,,,Dragon]Kilowattrel||FocusSash|Competitive|VoltSwitch,AirSlash,Thunderbolt,Tailwind|||M|||50|,,,,,Ghost]Toedscruel||LifeOrb|MyceliumMight|EnergyBall,EarthPower,Spore,Protect|||M|||50|,,,,,Fire]Palafin||MysticWater|ZerotoHero|JetPunch,WaveCrash,Haze,Protect|||M|||50|,,,,,Water]Incineroar||AbilityShield|Intimidate|FakeOut,KnockOff,FlareBlitz,PartingShot|||M|||50|,,,,,Ghost]Weezing||SitrusBerry|NeutralizingGas|SludgeBomb,Taunt,WillOWisp,Protect|||M|||50|,,,,,Ghost
|showteam|p2|Pelipper||FocusSash|Drizzle|Tailwind,Soak,Surf,Hurricane|||M|||50|,,,,,Water]Archaludon||AssaultVest|Stamina|ElectroShot,FlashCannon,Snarl,BodyPress|||M|||50|,,,,,Electric]Rillaboom||CovertCloak|GrassySurge|FakeOut,KnockOff,GrassyGlide,Taunt|||M|||50|,,,,,Dark]Greninja||LoadedDice|Protean|Taunt,WaterShuriken,Haze,Blizzard|||M|||50|,,,,,Ghost]Baxcalibur||Leftovers|IceBody|SwordsDance,GlaiveRush,IceShard,Protect|||M|||50|,,,,,Fire]Ninetales-Alola||LightClay|SnowWarning|Blizzard,Moonblast,AuroraVeil,Disable|||F|||50|,,,,,Ghost
|
|t:|1757771284
|teamsize|p1|4
|teamsize|p2|4
|start
|switch|p1a: Kilowattrel|Kilowattrel, L50, M|100/100
|switch|p1b: Weezing|Weezing, L50, M|100/100
|switch|p2a: Jumpa|Greninja, L50, M|100/100
|switch|p2b: Thumpa|Rillaboom, L50, M|100/100
|-ability|p1b: Weezing|Neutralizing Gas
|turn|1
|
|t:|1757771327
|-terastallize|p1a: Kilowattrel|Ghost
|move|p2b: Thumpa|Fake Out|p1a: Kilowattrel
|-immune|p1a: Kilowattrel
|move|p1a: Kilowattrel|Volt Switch|p2a: Jumpa
|-supereffective|p2a: Jumpa
|-damage|p2a: Jumpa|15/100
|
|t:|1757771337
|switch|p1a: Incineroar|Incineroar, L50, M|100/100|[from] Volt Switch
|-ability|p1a: Incineroar|Intimidate|boost
|-unboost|p2a: Jumpa|atk|1
|-unboost|p2b: Thumpa|atk|1
|move|p2a: Jumpa|Taunt|p1b: Weezing
|-start|p1b: Weezing|move: Taunt
|cant|p1b: Weezing|move: Taunt|Will-O-Wisp
|
|upkeep
|turn|2
|
|t:|1757771362
|switch|p2a: Santa Claws|Baxcalibur, L50, M|100/100
|-terastallize|p2b: Thumpa|Dark
|move|p1a: Incineroar|Fake Out|p2a: Santa Claws
|-damage|p2a: Santa Claws|91/100
|move|p2b: Thumpa|Knock Off|p1a: Incineroar
|-resisted|p1a: Incineroar
|-damage|p1a: Incineroar|83/100
|-enditem|p1a: Incineroar|Ability Shield|[from] move: Knock Off|[of] p2b: Thumpa
|move|p1b: Weezing|Sludge Bomb|p2a: Santa Claws
|-damage|p2a: Santa Claws|70/100
|
|-heal|p2a: Santa Claws|76/100|[from] item: Leftovers
|upkeep
|turn|3
|
|t:|1757771410
|move|p1a: Incineroar|Knock Off|p2a: Santa Claws
|-damage|p2a: Santa Claws|43/100
|-enditem|p2a: Santa Claws|Leftovers|[from] move: Knock Off|[of] p1a: Incineroar
|move|p2a: Santa Claws|Swords Dance|p2a: Santa Claws
|-boost|p2a: Santa Claws|atk|2
|move|p2b: Thumpa|Knock Off|p1b: Weezing
|-damage|p1b: Weezing|74/100
|-enditem|p1b: Weezing|Sitrus Berry|[from] move: Knock Off|[of] p2b: Thumpa
|move|p1b: Weezing|Sludge Bomb|p2b: Thumpa
|-damage|p2b: Thumpa|74/100
|
|-end|p1b: Weezing|move: Taunt
|upkeep
|turn|4
|
|t:|1757771434
|move|p1a: Incineroar|Parting Shot|p2a: Santa Claws
|-unboost|p2a: Santa Claws|atk|1
|-unboost|p2a: Santa Claws|spa|1
|
|t:|1757771446
|switch|p1a: Kilowattrel|Kilowattrel, L50, M, tera:Ghost|100/100|[from] Parting Shot
|move|p2a: Santa Claws|Glaive Rush|p1a: Kilowattrel
|-enditem|p1a: Kilowattrel|Focus Sash
|-damage|p1a: Kilowattrel|1/100
|-singlemove|p2a: Santa Claws|Glaive Rush|[silent]
|move|p2b: Thumpa|Taunt|p1b: Weezing
|-start|p1b: Weezing|move: Taunt
|move|p1b: Weezing|Sludge Bomb|p2a: Santa Claws
|-damage|p2a: Santa Claws|0 fnt
|faint|p2a: Santa Claws
|
|upkeep
|
|t:|1757771459
|switch|p2a: Jumpa|Greninja, L50, M|15/100
|turn|5
|
|t:|1757771471
|switch|p2b: Queen Frostine|Ninetales-Alola, L50, F, shiny|100/100
|move|p2a: Jumpa|Water Shuriken|p1a: Kilowattrel
|-damage|p1a: Kilowattrel|0 fnt
|faint|p1a: Kilowattrel
|-hitcount|p1: Kilowattrel|1
|move|p1b: Weezing|Sludge Bomb|p2b: Queen Frostine
|-supereffective|p2b: Queen Frostine
|-damage|p2b: Queen Frostine|47/100
|
|upkeep
|
|t:|1757771491
|switch|p1a: Incineroar|Incineroar, L50, M|83/100
|turn|6
|
|t:|1757771498
|switch|p2b: Thumpa|Rillaboom, L50, M, tera:Dark|74/100
|move|p1a: Incineroar|Fake Out|p2a: Jumpa
|-damage|p2a: Jumpa|0 fnt
|faint|p2a: Jumpa
|move|p1b: Weezing|Sludge Bomb|p2b: Thumpa
|-damage|p2b: Thumpa|48/100
|
|-end|p1b: Weezing|move: Taunt
|upkeep
|
|t:|1757771504
|switch|p2a: Queen Frostine|Ninetales-Alola, L50, F, shiny|47/100
|turn|7
|-message|HelgitheLean forfeited.
|
|win|elfokaz
|l|☆HelgitheLean
|player|p2|
||HelgitheLean is ready for game 2.
||elfokaz is ready for game 2.
|uhtml|next|Next: Game 2 of 3
|l|☆elfokaz
|player|p1|
