|j|☆f tenkiking
|j|☆Anicredible
|html|f tenkikingAnicredible    
|uhtml|bestof|Game 3 of a best-of-3
|t:|1757000040
|gametype|doubles
|player|p1|f tenkiking|miku-ghost|
|player|p2|Anicredible|hilbert|
|gen|9
|tier|[Gen 9] VGC 2025 Reg H (Bo3)
|rule|Species Clause: Limit one of each Pokémon
|rule|Item Clause: Limit 1 of each item
|clearpoke
|poke|p1|Dugtrio, L50, F|
|poke|p1|Electrode-Hisui, L50|
|poke|p1|Archaludon, L50, F|
|poke|p1|Dragonite, L50, F|
|poke|p1|Milotic, L50, F|
|poke|p1|Chandelure, L50, F|
|poke|p2|Annihilape, L50, F|
|poke|p2|Ursaluna-Bloodmoon, L50, M|
|poke|p2|Farigiraf, L50, M|
|poke|p2|Arcanine-Hisui, L50, M|
|poke|p2|Whimsicott, L50, M|
|poke|p2|Altaria, L50, F|
|teampreview|4
|showteam|p1|Dugtrio||FocusSash|ArenaTrap|SuckerPunch,Endeavor,Earthquake,Protect|||F|||50|,,,,,Dark]Electrode-Hisui||SharpBeak|Static|Taunt,TeraBlast,Electroweb,Protect||||||50|,,,,,Flying]Archaludon||PowerHerb|Stalwart|ElectroShot,FlashCannon,DracoMeteor,Protect|||F|||50|,,,,,Electric]Dragonite||LoadedDice|Multiscale|ScaleShot,ExtremeSpeed,LowKick,Protect|||F|||50|,,,,,Fairy]Milotic||SafetyGoggles|Competitive|Scald,Protect,IceBeam,Haze|||F|||50|,,,,,Steel]Chandelure||AirBalloon|FlashFire|HeatWave,ShadowBall,TrickRoom,Protect|||F|||50|,,,,,Grass
|showteam|p2|Annihilape||MistySeed|Defiant|Protect,BulkUp,DrainPunch,RageFist|||F|||50|,,,,,Fire]Ursaluna-Bloodmoon||LifeOrb|MindsEye|Protect,EarthPower,HyperVoice,BloodMoon|||M|||50|,,,,,Normal]Farigiraf||ThroatSpray|ArmorTail|Protect,TrickRoom,HyperVoice,Psychic|||M|||50|,,,,,Dragon]Arcanine-Hisui||ChoiceBand|Intimidate|FlareBlitz,RockSlide,ExtremeSpeed,WildCharge|||M|||50|,,,,,Grass]Whimsicott||CovertCloak|Prankster|Tailwind,MistyTerrain,Moonblast,Encore|||M|||50|,,,,,Fire]Altaria||SitrusBerry|CloudNine|Protect,Haze,Thief,HelpingHand|||F|||50|,,,,,Fairy
|inactive|Battle timer is ON: inactive players will automatically lose when time's up. (requested by Anicredible)
|inactive|f tenkiking has 60 seconds left.
|inactive|Anicredible has 60 seconds left.
|
|t:|1757000087
|teamsize|p1|4
|teamsize|p2|4
|start
|switch|p1a: Archaludon|Archaludon, L50, F|100/100
|switch|p1b: Dragonite|Dragonite, L50, F|100/100
|switch|p2a: Cotton Bud|Whimsicott, L50, M|100/100
|switch|p2b: SupaLuna|Ursaluna-Bloodmoon, L50, M|100/100
|turn|1
|inactive|f tenkiking has 30 seconds left.
|inactive|Anicredible has 30 seconds left.
|inactive|Anicredible has 20 seconds left.
|inactive|Anicredible has 15 seconds left.
|inactive|Anicredible has 10 seconds left.
|
|t:|1757000137
|switch|p2b: ANGRE MONKE|Annihilape, L50, F|100/100
|move|p1a: Archaludon|Protect|p1a: Archaludon
|-singleturn|p1a: Archaludon|Protect
|move|p2a: Cotton Bud|Moonblast|p1b: Dragonite
|-supereffective|p1b: Dragonite
|-damage|p1b: Dragonite|72/100
|-unboost|p1b: Dragonite|spa|1
|move|p1b: Dragonite|Scale Shot|p2b: ANGRE MONKE
|-damage|p2b: ANGRE MONKE|85/100
|-damage|p2b: ANGRE MONKE|69/100
|-damage|p2b: ANGRE MONKE|53/100
|-damage|p2b: ANGRE MONKE|37/100
|-hitcount|p2b: ANGRE MONKE|4
|-unboost|p1b: Dragonite|def|1
|-boost|p1b: Dragonite|spe|1
|
|upkeep
|turn|2
|inactive|f tenkiking has 30 seconds left.
|inactive|Anicredible has 30 seconds left.
|inactive|f tenkiking has 20 seconds left.
|inactive|Anicredible has 20 seconds left.
|inactive|Anicredible has 15 seconds left.
|
|t:|1757000186
|switch|p2b: K9 Sweeper|Arcanine-Hisui, L50, M|100/100
|-ability|p2b: K9 Sweeper|Intimidate|boost
|-unboost|p1a: Archaludon|atk|1
|-unboost|p1b: Dragonite|atk|1
|move|p1b: Dragonite|Protect|p1b: Dragonite
|-singleturn|p1b: Dragonite|Protect
|move|p2a: Cotton Bud|Encore|p1a: Archaludon
|-start|p1a: Archaludon|Encore
|move|p1a: Archaludon|Protect||[still]
|-fail|p1a: Archaludon
|
|upkeep
|turn|3
|
|t:|1757000206
|switch|p1b: Chandelure|Chandelure, L50, F|100/100
|-item|p1b: Chandelure|Air Balloon
|switch|p2b: ANGRE MONKE|Annihilape, L50, F|37/100
|switch|p1a: Milotic|Milotic, L50, F, shiny|100/100
|move|p2a: Cotton Bud|Encore||[still]
|-fail|p2a: Cotton Bud
|
|upkeep
|turn|4
|inactive|f tenkiking has 30 seconds left.
|inactive|Anicredible has 30 seconds left.
|
|t:|1757000238
|-terastallize|p2a: Cotton Bud|Fire
|move|p2a: Cotton Bud|Tailwind|p2a: Cotton Bud
|-sidestart|p2: Anicredible|move: Tailwind
|move|p2b: ANGRE MONKE|Rage Fist|p1a: Milotic
|-damage|p1a: Milotic|0 fnt
|faint|p1a: Milotic
|move|p1b: Chandelure|Heat Wave|p2b: ANGRE MONKE|[spread] p2a
|-miss|p1b: Chandelure|p2b: ANGRE MONKE
|-resisted|p2a: Cotton Bud
|-damage|p2a: Cotton Bud|72/100
|
|upkeep
|
|t:|1757000255
|switch|p1a: Dragonite|Dragonite, L50, F|72/100
|turn|5
|
|t:|1757000269
|-terastallize|p1a: Dragonite|Fairy
|move|p2b: ANGRE MONKE|Protect|p2b: ANGRE MONKE
|-singleturn|p2b: ANGRE MONKE|Protect
|move|p2a: Cotton Bud|Misty Terrain|p2a: Cotton Bud
|-fieldstart|move: Misty Terrain
|-enditem|p2b: ANGRE MONKE|Misty Seed
|-boost|p2b: ANGRE MONKE|spd|1|[from] item: Misty Seed
|move|p1a: Dragonite|Scale Shot|p2b: ANGRE MONKE
|-activate|p2b: ANGRE MONKE|move: Protect
|move|p1b: Chandelure|Heat Wave|p2a: Cotton Bud|[spread] p2a
|-activate|p2b: ANGRE MONKE|move: Protect
|-resisted|p2a: Cotton Bud
|-damage|p2a: Cotton Bud|45/100
|
|upkeep
|turn|6
|inactive|Anicredible has 30 seconds left.
|inactive|Anicredible has 20 seconds left.
|
|t:|1757000306
|move|p1a: Dragonite|Protect|p1a: Dragonite
|-singleturn|p1a: Dragonite|Protect
|move|p2a: Cotton Bud|Encore|p1a: Dragonite
|-activate|p1a: Dragonite|move: Protect
|move|p2b: ANGRE MONKE|Rage Fist|p1b: Chandelure
|-supereffective|p1b: Chandelure
|-damage|p1b: Chandelure|0 fnt
|-enditem|p1b: Chandelure|Air Balloon
|faint|p1b: Chandelure
|
|upkeep
|
|t:|1757000314
|switch|p1b: Archaludon|Archaludon, L50, F|100/100
|turn|7
|
|t:|1757000324
|move|p1a: Dragonite|Protect||[still]
|-fail|p1a: Dragonite
|move|p2a: Cotton Bud|Encore|p1a: Dragonite
|-start|p1a: Dragonite|Encore
|move|p2b: ANGRE MONKE|Drain Punch|p1b: Archaludon
|-supereffective|p1b: Archaludon
|-damage|p1b: Archaludon|34/100
|-heal|p2b: ANGRE MONKE|66/100|[from] drain|[of] p1b: Archaludon
|move|p1b: Archaludon|Electro Shot||[still]
|-prepare|p1b: Archaludon|Electro Shot
|-boost|p1b: Archaludon|spa|1
|-enditem|p1b: Archaludon|Power Herb
|-anim|p1b: Archaludon|Electro Shot|p2b: ANGRE MONKE
|-damage|p2b: ANGRE MONKE|24/100
|
|-sideend|p2: Anicredible|move: Tailwind
|upkeep
|turn|8
|c|☆Anicredible|gg
|-message|f tenkiking forfeited.
|
|win|Anicredible
|l|☆f tenkiking
|player|p1|
