|j|☆Sonja Hilmer
|j|☆epic17x
|html|Sonja Hilmerepic17x    
|uhtml|bestof|Game 1 of a best-of-3
|t:|1757022867
|gametype|doubles
|player|p1|Sonja Hilmer|lady|1339
|player|p2|epic17x|steven|1411
|gen|9
|tier|[Gen 9] VGC 2025 Reg H (Bo3)
|rated|
|rule|Species Clause: Limit one of each Pokémon
|rule|Item Clause: Limit 1 of each item
|clearpoke
|poke|p1|Dachsbun, L50, M|
|poke|p1|Typhlosion-Hisui, L50, M|
|poke|p1|Kingambit, L50, F|
|poke|p1|Jumpluff, L50, F|
|poke|p1|Rillaboom, L50, F|
|poke|p1|Torkoal, L50, M|
|poke|p2|Ninetales-Alola, L50, M|
|poke|p2|Rillaboom, L50, F|
|poke|p2|Magmar, L50, F|
|poke|p2|Sneasler, L50, F|
|poke|p2|Kingambit, L50, F|
|poke|p2|Basculegion, L50, M|
|teampreview|4
|showteam|p1|Dachsbun||Leftovers|WellBakedBody|BodyPress,Snarl,HelpingHand,Protect|||M|||50|,,,,,Steel]Typhlosion-Hisui||ChoiceSpecs|Blaze|Eruption,LavaPlume,Overheat,ShadowBall|||M|||50|,,,,,Fire]Kingambit||AssaultVest|Defiant|KowtowCleave,SuckerPunch,LowKick,TeraBlast|||F|||50|,,,,,Fairy]Jumpluff||CovertCloak|Chlorophyll|SleepPowder,SunnyDay,RagePowder,Tailwind|||F|||50|,,,,,Water]Rillaboom||LifeOrb|GrassySurge|WoodHammer,GrassyGlide,HighHorsepower,FakeOut|||F|||50|,,,,,Ground]Torkoal||SitrusBerry|Drought|HeatWave,LavaPlume,ClearSmog,Protect|||M|||50|,,,,,Fairy
|showteam|p2|Ninetales-Alola||NeverMeltIce|SnowWarning|Blizzard,FreezeDry,Encore,Protect|||M|||50|,,,,,Ghost]Rillaboom||AssaultVest|GrassySurge|WoodHammer,FakeOut,Uturn,GrassyGlide|||F|||50|,,,,,Ghost]Magmar||Eviolite|VitalSpirit|Protect,HeatWave,WillOWisp,FollowMe|||F|||50|,,,,,Ghost]Sneasler||FocusSash|PoisonTouch|FakeOut,DireClaw,CloseCombat,Protect|||F|||50|,,,,,Ghost]Kingambit||BlackGlasses|Defiant|KowtowCleave,SwordsDance,SuckerPunch,Protect|||F|||50|,,,,,Fire]Basculegion||ChoiceScarf|Adaptability|WaveCrash,FlipTurn,TeraBlast,LastRespects|||M|||50|,,,,,Fighting
|inactive|Battle timer is ON: inactive players will automatically lose when time's up. (requested by epic17x)
|inactive|Sonja Hilmer also wants the timer to be on.
|inactive|epic17x has 60 seconds left.
|
|t:|1757022913
|teamsize|p1|4
|teamsize|p2|4
|start
|switch|p1a: Typhlosion|Typhlosion-Hisui, L50, M|100/100
|switch|p1b: Torkoal|Torkoal, L50, M|100/100
|switch|p2a: Magmar|Magmar, L50, F|100/100
|switch|p2b: Kingambit|Kingambit, L50, F|100/100
|-weather|SunnyDay|[from] ability: Drought|[of] p1b: Torkoal
|turn|1
|
|t:|1757022926
|switch|p1b: Dachsbun|Dachsbun, L50, M|100/100
|-terastallize|p1a: Typhlosion|Fire
|-terastallize|p2b: Kingambit|Fire
|move|p2b: Kingambit|Sucker Punch|p1a: Typhlosion
|-damage|p1a: Typhlosion|40/100
|move|p1a: Typhlosion|Lava Plume|p2a: Magmar|[spread] p2a,p2b
|-ability|p1b: Dachsbun|Well-Baked Body|boost
|-boost|p1b: Dachsbun|def|2
|-resisted|p2a: Magmar
|-resisted|p2b: Kingambit
|-damage|p2a: Magmar|70/100
|-damage|p2b: Kingambit|58/100
|move|p2a: Magmar|Heat Wave|p1b: Dachsbun|[spread] p1a
|-ability|p1b: Dachsbun|Well-Baked Body|boost
|-boost|p1b: Dachsbun|def|2
|-resisted|p1a: Typhlosion
|-damage|p1a: Typhlosion|14/100
|
|-weather|SunnyDay|[upkeep]
|upkeep
|turn|2
|inactive|epic17x has 30 seconds left.
|
|t:|1757022954
|switch|p1a: Torkoal|Torkoal, L50, M|100/100
|move|p2a: Magmar|Follow Me|p2a: Magmar
|-singleturn|p2a: Magmar|move: Follow Me
|move|p2b: Kingambit|Sucker Punch||[still]
|-fail|p2b: Kingambit
|move|p1b: Dachsbun|Body Press|p2a: Magmar
|-damage|p2a: Magmar|9/100
|
|-weather|SunnyDay|[upkeep]
|upkeep
|turn|3
|
|t:|1757022966
|move|p2a: Magmar|Will-O-Wisp|p1b: Dachsbun
|-ability|p1b: Dachsbun|Well-Baked Body|boost
|-boost|p1b: Dachsbun|def|2
|move|p1b: Dachsbun|Body Press|p2b: Kingambit
|-damage|p2b: Kingambit|0 fnt
|faint|p2b: Kingambit
|move|p1a: Torkoal|Lava Plume|p2a: Magmar|[spread] p2a
|-immune|p1b: Dachsbun|[from] ability: Well-Baked Body
|-resisted|p2a: Magmar
|-damage|p2a: Magmar|0 fnt
|faint|p2a: Magmar
|
|-weather|SunnyDay|[upkeep]
|upkeep
|
|t:|1757022972
|switch|p2a: Sneasler|Sneasler, L50, F|100/100
|switch|p2b: Ninetales|Ninetales-Alola, L50, M|100/100
|-weather|Snowscape|[from] ability: Snow Warning|[of] p2b: Ninetales
|turn|4
|
|t:|1757022980
|switch|p1a: Typhlosion|Typhlosion-Hisui, L50, M, tera:Fire|14/100
|move|p1b: Dachsbun|Protect|p1b: Dachsbun
|-singleturn|p1b: Dachsbun|Protect
|move|p2a: Sneasler|Fake Out|p1b: Dachsbun
|-activate|p1b: Dachsbun|move: Protect
|move|p2b: Ninetales|Blizzard|p1a: Typhlosion|[spread] p1a
|-activate|p1b: Dachsbun|move: Protect
|-resisted|p1a: Typhlosion
|-damage|p1a: Typhlosion|0 fnt
|faint|p1a: Typhlosion
|
|-weather|Snowscape|[upkeep]
|upkeep
|
|t:|1757022986
|switch|p1a: Torkoal|Torkoal, L50, M|100/100
|-weather|SunnyDay|[from] ability: Drought|[of] p1a: Torkoal
|turn|5
|
|t:|1757022991
|move|p2a: Sneasler|Dire Claw|p1a: Torkoal
|-damage|p1a: Torkoal|73/100
|-status|p1a: Torkoal|psn
|move|p2b: Ninetales|Encore|p1b: Dachsbun
|-start|p1b: Dachsbun|Encore
|move|p1b: Dachsbun|Protect||[still]
|-fail|p1b: Dachsbun
|move|p1a: Torkoal|Lava Plume|p2a: Sneasler|[spread] p2a,p2b
|-immune|p1b: Dachsbun|[from] ability: Well-Baked Body
|-supereffective|p2b: Ninetales
|-damage|p2a: Sneasler|62/100
|-damage|p2b: Ninetales|36/100
|-status|p2a: Sneasler|brn
|
|-weather|SunnyDay|[upkeep]
|-damage|p1a: Torkoal|60/100 psn|[from] psn
|-damage|p2a: Sneasler|56/100 brn|[from] brn
|upkeep
|turn|6
|
|t:|1757023001
|move|p1b: Dachsbun|Protect|p1b: Dachsbun
|-singleturn|p1b: Dachsbun|Protect
|move|p2a: Sneasler|Dire Claw|p1b: Dachsbun
|-activate|p1b: Dachsbun|move: Protect
|move|p2b: Ninetales|Blizzard|p1b: Dachsbun|[spread] 
|-activate|p1b: Dachsbun|move: Protect
|-miss|p2b: Ninetales|p1a: Torkoal
|move|p1a: Torkoal|Lava Plume|p2a: Sneasler|[spread] p2a,p2b
|-activate|p1b: Dachsbun|move: Protect
|-crit|p2a: Sneasler
|-supereffective|p2b: Ninetales
|-damage|p2a: Sneasler|0 fnt
|-damage|p2b: Ninetales|0 fnt
|faint|p2a: Sneasler
|faint|p2b: Ninetales
|
|win|Sonja Hilmer
||epic17x is ready for game 2.
||Sonja Hilmer is ready for game 2.
|uhtml|next|Next: Game 2 of 3
|l|☆Sonja Hilmer
|player|p1|
