|j|☆bruGno
|j|☆the rainy mouse
|html|bruGnothe rainy mouse    
|uhtml|bestof|Game 2 of a best-of-3
|t:|1786192244
|gametype|doubles
|player|p1|bruGno|ash-kalos|1406
|player|p2|the rainy mouse|1|1337
|gen|9
|tier|[Gen 9 Champions] VGC 2026 Reg M-B (Bo3)
|rated|
|rule|Species Clause: Limit one of each Pokémon
|rule|Item Clause: Limit 1 of each item
|clearpoke
|poke|p1|Staraptor, L50, F|
|poke|p1|Arcanine-Hisui, L50, F|
|poke|p1|Kingambit, L50, F|
|poke|p1|Sylveon, L50, M|
|poke|p1|Raichu, L50, F|
|poke|p1|Farigiraf, L50, F|
|poke|p2|Floette-Eternal, L50, F|
|poke|p2|Sinistcha, L50|
|poke|p2|Venusaur, L50, M|
|poke|p2|Incineroar, L50, F|
|poke|p2|Charizard, L50, M|
|poke|p2|Garchomp, L50, F|
|teampreview|4
|showteam|p1|Staraptor||Staraptite|Intimidate|DualWingbeat,CloseCombat,Tailwind,Protect|Jolly||F|||50|]Arcanine-Hisui||FocusSash|RockHead|FlareBlitz,HeadSmash,ExtremeSpeed,Protect|Jolly||F|||50|]Kingambit||LifeOrb|Defiant|KowtowCleave,SuckerPunch,SwordsDance,Protect|Adamant||F|||50|]Sylveon||FairyFeather|Pixilate|HyperVoice,HyperBeam,QuickAttack,Detect|Modest||M|||50|]Raichu||RaichuniteY|LightningRod|ZapCannon,FocusBlast,FakeOut,Protect|Timid||F|||50|]Farigiraf||SitrusBerry|ArmorTail|Psychic,HelpingHand,TrickRoom,Protect|Bold||F|||50|
|showteam|p2|Floette-Eternal||Floettite|FlowerVeil|DazzlingGleam,DrainingKiss,CalmMind,Protect|Timid||F|||50|]Sinistcha||ColburBerry|Hospitality|TrickRoom,Protect,MatchaGotcha,RagePowder|Bold|||||50|]Venusaur||FocusSash|Chlorophyll|SludgeBomb,LeafStorm,Protect,SleepPowder|Modest||M|||50|]Incineroar||SitrusBerry|Intimidate|FlareBlitz,FakeOut,ThroatChop,PartingShot|Careful||F|||50|]Charizard||CharizarditeY|Blaze|WeatherBall,HeatWave,AncientPower,Protect|Modest||M|||50|]Garchomp||ChoiceScarf|RoughSkin|RockSlide,DragonClaw,Earthquake,StompingTantrum|Adamant||F|||50|
|inactive|Battle timer is ON: inactive players will automatically lose when time's up. (requested by bruGno)
|inactive|bruGno has 60 seconds left.
|
|t:|1786192285
|teamsize|p1|4
|teamsize|p2|4
|start
|switch|p1a: Raichu|Raichu, L50, F|100/100
|switch|p1b: Arcanine|Arcanine-Hisui, L50, F|100/100
|switch|p2a: Charizard|Charizard, L50, M|100/100
|switch|p2b: Venusaur|Venusaur, L50, M|100/100
|turn|1
|
|t:|1786192303
|switch|p2b: Garchomp|Garchomp, L50, F|100/100
|detailschange|p1a: Raichu|Raichu-Mega-Y, L50, F
|-mega|p1a: Raichu|Raichu|Raichunite Y
|detailschange|p2a: Charizard|Charizard-Mega-Y, L50, M
|-mega|p2a: Charizard|Charizard|Charizardite Y
|-weather|SunnyDay|[from] ability: Drought|[of] p2a: Charizard
|move|p2a: Charizard|Protect|p2a: Charizard
|-singleturn|p2a: Charizard|Protect
|move|p1a: Raichu|Fake Out|p2b: Garchomp
|-damage|p2b: Garchomp|91/100
|-damage|p1a: Raichu|88/100|[from] ability: Rough Skin|[of] p2b: Garchomp
|move|p1b: Arcanine|Head Smash|p2a: Charizard
|-activate|p2a: Charizard|move: Protect
|
|-weather|SunnyDay|[upkeep]
|upkeep
|turn|2
|
|t:|1786192323
|switch|p1a: Farigiraf|Farigiraf, L50, F|100/100
|switch|p2a: Sinistcha|Sinistcha, L50|100/100
|-heal|p2b: Garchomp|100/100|[from] ability: Hospitality|[of] p2a: Sinistcha
|move|p2b: Garchomp|Earthquake|p1b: Arcanine|[spread] p2a,p1a,p1b
|-resisted|p2a: Sinistcha|1
|-supereffective|p1b: Arcanine|2
|-damage|p2a: Sinistcha|83/100
|-damage|p1a: Farigiraf|66/100
|-enditem|p1b: Arcanine|Focus Sash
|-damage|p1b: Arcanine|1/100
|move|p1b: Arcanine|Head Smash|p2a: Sinistcha
|-damage|p2a: Sinistcha|25/100
|
|-weather|SunnyDay|[upkeep]
|upkeep
|turn|3
|inactive|bruGno has 30 seconds left.
|
|t:|1786192350
|switch|p2a: Charizard|Charizard-Mega-Y, L50, M|100/100
|move|p2b: Garchomp|Earthquake|p1b: Arcanine|[spread] p1a,p1b
|-immune|p2a: Charizard
|-supereffective|p1b: Arcanine|2
|-damage|p1a: Farigiraf|32/100
|-damage|p1b: Arcanine|0 fnt
|-enditem|p1a: Farigiraf|Sitrus Berry|[eat]
|-heal|p1a: Farigiraf|57/100|[from] item: Sitrus Berry
|faint|p1b: Arcanine
|move|p1a: Farigiraf|Trick Room|p1a: Farigiraf
|-fieldstart|move: Trick Room|[of] p1a: Farigiraf
|
|-weather|SunnyDay|[upkeep]
|upkeep
|
|t:|1786192355
|switch|p1b: Sylveon|Sylveon, L50, M|100/100
|turn|4
|
|t:|1786192371
|switch|p2b: Venusaur|Venusaur, L50, M|100/100
|move|p1a: Farigiraf|Psychic|p2b: Venusaur
|-supereffective|p2b: Venusaur|1
|-damage|p2b: Venusaur|34/100
|move|p1b: Sylveon|Hyper Voice|p2b: Venusaur|[spread] p2a,p2b
|-resisted|p2a: Charizard|1
|-resisted|p2b: Venusaur|1
|-damage|p2a: Charizard|76/100
|-damage|p2b: Venusaur|11/100
|move|p2a: Charizard|Heat Wave|p1b: Sylveon|[spread] p1a,p1b
|-damage|p1a: Farigiraf|0 fnt
|-damage|p1b: Sylveon|49/100
|-status|p1b: Sylveon|brn
|faint|p1a: Farigiraf
|
|-weather|SunnyDay|[upkeep]
|-damage|p1b: Sylveon|43/100 brn|[from] brn
|upkeep
|
|t:|1786192381
|switch|p1a: Raichu|Raichu-Mega-Y, L50, F|88/100
|turn|5
|
|t:|1786192399
|move|p2a: Charizard|Protect|p2a: Charizard
|-singleturn|p2a: Charizard|Protect
|move|p2b: Venusaur|Protect|p2b: Venusaur
|-singleturn|p2b: Venusaur|Protect
|move|p1a: Raichu|Fake Out|p2a: Charizard
|-activate|p2a: Charizard|move: Protect
|move|p1b: Sylveon|Hyper Voice|p2b: Venusaur|[spread] 
|-activate|p2a: Charizard|move: Protect
|-activate|p2b: Venusaur|move: Protect
|
|-weather|none
|-damage|p1b: Sylveon|37/100 brn|[from] brn
|upkeep
|turn|6
|inactive|the rainy mouse has 30 seconds left.
|inactive|bruGno has 30 seconds left.
|
|t:|1786192432
|move|p1b: Sylveon|Hyper Voice|p2a: Charizard|[spread] p2a,p2b
|-resisted|p2a: Charizard|1
|-resisted|p2b: Venusaur|1
|-damage|p2a: Charizard|57/100
|-damage|p2b: Venusaur|0 fnt
|faint|p2b: Venusaur
|move|p2a: Charizard|Heat Wave|p1b: Sylveon|[spread] p1a,p1b
|-damage|p1a: Raichu|32/100
|-damage|p1b: Sylveon|5/100 brn
|move|p1a: Raichu|Zap Cannon|p2a: Charizard
|-supereffective|p2a: Charizard|1
|-damage|p2a: Charizard|0 fnt
|faint|p2a: Charizard
|
|-damage|p1b: Sylveon|0 fnt|[from] brn
|faint|p1b: Sylveon
|upkeep
|
|t:|1786192440
|switch|p2b: Sinistcha|Sinistcha, L50|25/100
|switch|p2a: Garchomp|Garchomp, L50, F|100/100
|turn|7
|-message|bruGno forfeited.
|
|win|the rainy mouse
|l|☆bruGno
|player|p1|
||the rainy mouse is ready for game 3.
||bruGno is ready for game 3.
|uhtml|next|Next: Game 3 of 3
|j|☆bruGno
|player|p1|bruGno|ash-kalos|
|l|☆bruGno
|player|p1|
