|j|☆wpnxemcail
|j|☆Latios66
|html|wpnxemcailLatios66    
|uhtml|bestof|Game 2 of a best-of-3
|t:|1757740910
|gametype|doubles
|player|p1|wpnxemcail|1|1049
|player|p2|Latios66|265|1052
|gen|9
|tier|[Gen 9] VGC 2025 Reg H (Bo3)
|rated|
|rule|Species Clause: Limit one of each Pokémon
|rule|Item Clause: Limit 1 of each item
|clearpoke
|poke|p1|Rillaboom, L50, F|
|poke|p1|Sneasler, L50, M|
|poke|p1|Typhlosion-Hisui, L50, F|
|poke|p1|Weezing-Galar, L50, M|
|poke|p1|Dragonite, L50, M|
|poke|p1|Milotic, L50, F|
|poke|p2|Tyranitar, L50, M|
|poke|p2|Blaziken, L50, M|
|poke|p2|Excadrill, L50, M|
|poke|p2|Salamence, L50, M|
|poke|p2|Sinistcha-Masterpiece, L50|
|poke|p2|Annihilape, L50, M|
|teampreview|4
|showteam|p1|Rillaboom||AssaultVest|Overgrow|GrassyGlide,FakeOut,HighHorsepower,Uturn|||F|||50|,,,,,Fire]Sneasler||WhiteHerb|Unburden|Protect,ThroatChop,CloseCombat,DireClaw|||M|||50|,,,,,Dark]Typhlosion-Hisui||ChoiceScarf|Blaze|Eruption,ShadowBall,FocusBlast,HeatWave|||F|||50|,,,,,Fire]Weezing-Galar||CovertCloak|NeutralizingGas|Taunt,Protect,PoisonGas,StrangeSteam|||M|||50|,,,,,Water]Dragonite||LoadedDice|Multiscale|ScaleShot,ExtremeSpeed,Protect,Haze|||M|||50|,,,,,Fairy]Milotic||RockyHelmet|Competitive|Haze,IcyWind,Scald,Recover|||F|||50|,,,,,Dragon
|showteam|p2|Tyranitar||ClearAmulet|SandStream|RockSlide,KnockOff,Protect,DragonDance|||M|||50|,,,,,Grass]Blaziken||CovertCloak|SpeedBoost|AuraSphere,HeatWave,Coaching,WillOWisp|||M|||50|,,,,,Dragon]Excadrill||AssaultVest|SandRush|RockSlide,HighHorsepower,IronHead,Earthquake|||M|||50|,,,,,Ghost]Salamence||LifeOrb|Intimidate|AirSlash,Tailwind,DracoMeteor,Protect|||M|||50|,,,,,Ghost]Sinistcha-Masterpiece||SitrusBerry|Hospitality|ShadowBall,MatchaGotcha,RagePowder,Protect||||||50|,,,,,Dark]Annihilape||ChoiceScarf|Defiant|FinalGambit,Uturn,CloseCombat,ShadowClaw|||M|||50|,,,,,Grass
|
|t:|1757740958
|teamsize|p1|4
|teamsize|p2|4
|start
|switch|p1a: Typhlosion|Typhlosion-Hisui, L50, F|100/100
|switch|p1b: Weezing|Weezing-Galar, L50, M, shiny|100/100
|switch|p2a: Blaziken|Blaziken, L50, M|100/100
|switch|p2b: Tyranitar|Tyranitar, L50, M|100/100
|-ability|p1b: Weezing|Neutralizing Gas
|turn|1
|
|t:|1757740983
|-terastallize|p2b: Tyranitar|Grass
|move|p1b: Weezing|Protect|p1b: Weezing
|-singleturn|p1b: Weezing|Protect
|move|p1a: Typhlosion|Eruption|p2a: Blaziken|[spread] p2a,p2b
|-resisted|p2a: Blaziken
|-supereffective|p2b: Tyranitar
|-damage|p2a: Blaziken|67/100
|-damage|p2b: Tyranitar|0 fnt
|faint|p2b: Tyranitar
|move|p2a: Blaziken|Coaching|p2: Tyranitar|[notarget]
|-fail|p2a: Blaziken
|
|upkeep
|
|t:|1757740999
|switch|p2b: Salamence|Salamence, L50, M|100/100
|turn|2
|
|t:|1757741015
|move|p1a: Typhlosion|Eruption|p2a: Blaziken|[spread] p2a,p2b
|-resisted|p2a: Blaziken
|-resisted|p2b: Salamence
|-damage|p2a: Blaziken|32/100
|-damage|p2b: Salamence|67/100
|move|p2b: Salamence|Air Slash|p1b: Weezing
|-damage|p1b: Weezing|52/100
|-damage|p2b: Salamence|57/100|[from] item: Life Orb
|move|p2a: Blaziken|Heat Wave|p1b: Weezing|[spread] p1a,p1b
|-resisted|p1a: Typhlosion
|-damage|p1a: Typhlosion|80/100
|-damage|p1b: Weezing|17/100
|move|p1b: Weezing|Strange Steam|p2b: Salamence
|-supereffective|p2b: Salamence
|-damage|p2b: Salamence|0 fnt
|faint|p2b: Salamence
|
|upkeep
|
|t:|1757741028
|switch|p2b: Excadrill|Excadrill, L50, M|100/100
|turn|3
|
|t:|1757741035
|move|p1b: Weezing|Protect|p1b: Weezing
|-singleturn|p1b: Weezing|Protect
|move|p1a: Typhlosion|Eruption|p2b: Excadrill|[spread] p2a,p2b
|-resisted|p2a: Blaziken
|-supereffective|p2b: Excadrill
|-damage|p2a: Blaziken|2/100
|-damage|p2b: Excadrill|23/100
|move|p2a: Blaziken|Heat Wave|p1a: Typhlosion|[spread] p1a
|-activate|p1b: Weezing|move: Protect
|-resisted|p1a: Typhlosion
|-damage|p1a: Typhlosion|60/100
|move|p2b: Excadrill|High Horsepower|p1a: Typhlosion
|-supereffective|p1a: Typhlosion
|-damage|p1a: Typhlosion|0 fnt
|faint|p1a: Typhlosion
|
|upkeep
|
|t:|1757741051
|switch|p1a: Dragonite|Dragonite, L50, M|100/100
|turn|4
|
|t:|1757741063
|move|p1b: Weezing|Protect|p1b: Weezing
|-singleturn|p1b: Weezing|Protect
|move|p1a: Dragonite|Extreme Speed|p2a: Blaziken
|-damage|p2a: Blaziken|0 fnt
|faint|p2a: Blaziken
|move|p2b: Excadrill|Rock Slide|p1b: Weezing|[spread] p1a
|-activate|p1b: Weezing|move: Protect
|-supereffective|p1a: Dragonite
|-damage|p1a: Dragonite|53/100
|
|upkeep
|turn|5
|
|t:|1757741085
|-end|p1b: Weezing|ability: Neutralizing Gas
|switch|p1b: Sneasler|Sneasler, L50, M, shiny|100/100
|move|p1a: Dragonite|Scale Shot|p2b: Excadrill
|-resisted|p2b: Excadrill
|-damage|p2b: Excadrill|11/100
|-resisted|p2b: Excadrill
|-damage|p2b: Excadrill|1/100
|-resisted|p2b: Excadrill
|-damage|p2b: Excadrill|0 fnt
|faint|p2b: Excadrill
|-hitcount|p2: Excadrill|3
|
|win|wpnxemcail
||wpnxemcail is ready for game 3.
||Latios66 is ready for game 3.
|uhtml|next|Next: Game 3 of 3
