|j|☆nibblesjibbles
|j|☆blop_24
|html|nibblesjibblesblop_24    
|uhtml|bestof|Game 2 of a best-of-3
|t:|1757905013
|gametype|doubles
|player|p1|nibblesjibbles|scientist-gen4|1252
|player|p2|blop_24|pokemaniac|1224
|gen|9
|tier|[Gen 9] VGC 2025 Reg H (Bo3)
|rated|
|rule|Species Clause: Limit one of each Pokémon
|rule|Item Clause: Limit 1 of each item
|clearpoke
|poke|p1|Ursaluna-Bloodmoon, L50, M|
|poke|p1|Gholdengo, L50|
|poke|p1|Dragonite, L50, M|
|poke|p1|Ninetales-Alola, L50, M|
|poke|p1|Annihilape, L50, M|
|poke|p1|Smeargle, L50, F|
|poke|p2|Dondozo, L50, F|
|poke|p2|Tatsugiri, L50, F|
|poke|p2|Tyranitar, L50, F|
|poke|p2|Garchomp, L50, F|
|poke|p2|Kilowattrel, L50, F|
|poke|p2|Excadrill, L50, F|
|teampreview|4
|showteam|p1|Ursaluna-Bloodmoon||AssaultVest|MindsEye|BloodMoon,HyperVoice,EarthPower,VacuumWave|||M|||50|,,,,,Ghost]Gholdengo||LifeOrb|GoodasGold|MakeItRain,ShadowBall,NastyPlot,Protect||||||50|,,,,,Water]Dragonite||LoadedDice|Multiscale|ExtremeSpeed,ScaleShot,Tailwind,Protect|||M|||50|,,,,,Normal]Ninetales-Alola||LightClay|SnowWarning|IcicleSpear,IcyWind,AuroraVeil,Blizzard|||M|||50|,,,,,Ghost]Annihilape||SafetyGoggles|Defiant|BulkUp,RageFist,DrainPunch,Protect|||M|||50|,,,,,Fire]Smeargle||FocusSash|Moody|FakeOut,Spore,Decorate,FollowMe|||F|||50|,,,,,Ghost
|showteam|p2|Dondozo||Leftovers|Unaware|WaveCrash,OrderUp,Earthquake,Protect|||F|||50|,,,,,Grass]Tatsugiri||SafetyGoggles|Commander|DracoMeteor,MuddyWater,Taunt,Protect|||F|||50|,,,,,Normal]Tyranitar||AssaultVest|SandStream|RockSlide,KnockOff,LowKick,TeraBlast|||F|||50|,,,,,Flying]Garchomp||LoadedDice|SandVeil|ScaleShot,Earthquake,StompingTantrum,Protect|||F|||50|,,,,,Fairy]Kilowattrel||CovertCloak|Competitive|Discharge,AirSlash,Tailwind,Protect|||F|||50|,,,,,Electric]Excadrill||FocusSash|SandRush|Earthquake,IronHead,SwordsDance,Protect|||F|||50|,,,,,Ground
|inactive|Battle timer is ON: inactive players will automatically lose when time's up. (requested by nibblesjibbles)
|
|t:|1757905034
|teamsize|p1|4
|teamsize|p2|4
|start
|switch|p1a: Dragonite|Dragonite, L50, M|100/100
|switch|p1b: Ursaluna|Ursaluna-Bloodmoon, L50, M|100/100
|switch|p2a: Guncho|Garchomp, L50, F|100/100
|switch|p2b: Churriana|Kilowattrel, L50, F|100/100
|turn|1
|
|t:|1757905057
|-terastallize|p1a: Dragonite|Normal
|move|p2b: Churriana|Tailwind|p2b: Churriana
|-sidestart|p2: blop_24|move: Tailwind
|move|p2a: Guncho|Scale Shot|p1a: Dragonite
|-damage|p1a: Dragonite|92/100
|-damage|p1a: Dragonite|76/100
|-damage|p1a: Dragonite|62/100
|-damage|p1a: Dragonite|45/100
|-hitcount|p1a: Dragonite|4
|-unboost|p2a: Guncho|def|1
|-boost|p2a: Guncho|spe|1
|move|p1a: Dragonite|Scale Shot|p2b: Churriana
|-damage|p2b: Churriana|71/100
|-damage|p2b: Churriana|45/100
|-damage|p2b: Churriana|16/100
|-damage|p2b: Churriana|0 fnt
|faint|p2b: Churriana
|-hitcount|p2: Churriana|4
|-unboost|p1a: Dragonite|def|1
|-boost|p1a: Dragonite|spe|1
|move|p1b: Ursaluna|Blood Moon|p2a: Guncho
|-damage|p2a: Guncho|18/100
|
|upkeep
|
|t:|1757905080
|switch|p2b: Ostia tio|Dondozo, L50, F|100/100
|turn|2
|
|t:|1757905091
|move|p1a: Dragonite|Protect|p1a: Dragonite
|-singleturn|p1a: Dragonite|Protect
|move|p2b: Ostia tio|Protect|p2b: Ostia tio
|-singleturn|p2b: Ostia tio|Protect
|move|p2a: Guncho|Scale Shot|p1a: Dragonite
|-activate|p1a: Dragonite|move: Protect
|move|p1b: Ursaluna|Hyper Voice|p2b: Ostia tio|[spread] p2a
|-activate|p2b: Ostia tio|move: Protect
|-damage|p2a: Guncho|0 fnt
|faint|p2a: Guncho
|
|upkeep
|
|t:|1757905094
|switch|p2a: Enchufao|Tatsugiri, L50, F|100/100
|-activate|p2a: Enchufao|ability: Commander|[of] p2b: Ostia tio
|-boost|p2b: Ostia tio|atk|2
|-boost|p2b: Ostia tio|spa|2
|-boost|p2b: Ostia tio|spe|2
|-boost|p2b: Ostia tio|def|2
|-boost|p2b: Ostia tio|spd|2
|turn|3
|
|t:|1757905103
|switch|p1b: Ninetales|Ninetales-Alola, L50, M|100/100
|-weather|Snowscape|[from] ability: Snow Warning|[of] p1b: Ninetales
|move|p2b: Ostia tio|Order Up|p1a: Dragonite
|-damage|p1a: Dragonite|0 fnt
|faint|p1a: Dragonite
|-boost|p2b: Ostia tio|atk|1
|
|-weather|Snowscape|[upkeep]
|upkeep
|
|t:|1757905108
|switch|p1a: Ursaluna|Ursaluna-Bloodmoon, L50, M|100/100
|turn|4
|
|t:|1757905128
|move|p2b: Ostia tio|Wave Crash|p1b: Ninetales
|-damage|p1b: Ninetales|0 fnt
|faint|p1b: Ninetales
|-damage|p2b: Ostia tio|80/100|[from] Recoil
|move|p1a: Ursaluna|Blood Moon|p2b: Ostia tio
|-damage|p2b: Ostia tio|43/100
|
|-weather|Snowscape|[upkeep]
|-heal|p2b: Ostia tio|50/100|[from] item: Leftovers
|-sideend|p2: blop_24|move: Tailwind
|upkeep
|
|t:|1757905136
|switch|p1b: Gholdengo|Gholdengo, L50|100/100
|turn|5
|
|t:|1757905141
|move|p2b: Ostia tio|Protect|p2b: Ostia tio
|-singleturn|p2b: Ostia tio|Protect
|move|p1b: Gholdengo|Shadow Ball|p2b: Ostia tio
|-activate|p2b: Ostia tio|move: Protect
|move|p1a: Ursaluna|Hyper Voice|p2a: Enchufao|[spread] 
|-miss|p1a: Ursaluna|p2a: Enchufao
|-activate|p2b: Ostia tio|move: Protect
|
|-weather|Snowscape|[upkeep]
|-heal|p2b: Ostia tio|56/100|[from] item: Leftovers
|upkeep
|turn|6
|
|t:|1757905152
|move|p1b: Gholdengo|Shadow Ball|p2b: Ostia tio
|-damage|p2b: Ostia tio|29/100
|-damage|p1b: Gholdengo|90/100|[from] item: Life Orb
|move|p2b: Ostia tio|Earthquake|p1a: Ursaluna|[spread] p1a,p1b
|-miss|p2b: Ostia tio|p2a: Enchufao
|-supereffective|p1b: Gholdengo
|-damage|p1a: Ursaluna|57/100
|-damage|p1b: Gholdengo|0 fnt
|faint|p1b: Gholdengo
|move|p1a: Ursaluna|Blood Moon|p2b: Ostia tio
|-damage|p2b: Ostia tio|0 fnt
|faint|p2b: Ostia tio
|
|-weather|Snowscape|[upkeep]
|upkeep
|turn|7
|
|t:|1757905169
|move|p2a: Enchufao|Muddy Water|p1a: Ursaluna
|-supereffective|p1a: Ursaluna
|-crit|p1a: Ursaluna
|-damage|p1a: Ursaluna|0 fnt
|faint|p1a: Ursaluna
|
|win|blop_24
|raw|nibblesjibbles's rating: 1252 → 1225(-27 for losing)
|raw|blop_24's rating: 1224 → 1251(+27 for winning)
|l|☆nibblesjibbles
|player|p1|
|j|☆nibblesjibbles
|player|p1|nibblesjibbles|scientist-gen4|
