|j|☆endertytar
|j|☆MobiusVGC
|html|endertytarMobiusVGC    
|uhtml|bestof|Game 2 of a best-of-3
|t:|1756222901
|gametype|doubles
|player|p1|endertytar|hugh|1236
|player|p2|MobiusVGC|gentleman-gen4dp|1169
|gen|9
|tier|[Gen 9] VGC 2025 Reg H (Bo3)
|rated|
|rule|Species Clause: Limit one of each Pokémon
|rule|Item Clause: Limit 1 of each item
|clearpoke
|poke|p1|Tyranitar, L50, M|
|poke|p1|Dondozo, L50, M|
|poke|p1|Sneasler, L50, F|
|poke|p1|Gholdengo, L50|
|poke|p1|Indeedee, L50, M|
|poke|p1|Volcarona, L50, F|
|poke|p2|Sneasler, L50, M|
|poke|p2|Dragapult, L50, M|
|poke|p2|Primarina, L50, M|
|poke|p2|Rillaboom, L50, F|
|poke|p2|Kingambit, L50, M|
|poke|p2|Magmar, L50, F|
|teampreview|4
|showteam|p1|Tyranitar||ClearAmulet|SandStream|Protect,DragonDance,RockSlide,KnockOff|||M|||50|,,,,,Ghost]Dondozo||Leftovers|Unaware|Protect,Yawn,Liquidation,Substitute|||M|||50|,,,,,Grass]Sneasler||PsychicSeed|Unburden|CloseCombat,DireClaw,Coaching,Protect|||F|||50|,,,,,Dark]Gholdengo||MetalCoat|GoodasGold|Protect,NastyPlot,ShadowBall,MakeItRain||||||50|,,,,,Steel]Indeedee||ChoiceScarf|PsychicSurge|Trick,ExpandingForce,TrickRoom,Protect|||M|||50|,,,,,Psychic]Volcarona||SitrusBerry|FlameBody|Tailwind,FieryDance,StruggleBug,RagePowder|||F|||50|,,,,,Grass
|showteam|p2|Sneasler||FocusSash|PoisonTouch|CloseCombat,DireClaw,FakeOut,Protect|||M|||50|,,,,,Stellar]Dragapult||ChoiceBand|ClearBody|DragonDarts,TeraBlast,PhantomForce,Uturn|||M|||50|,,,,,Ghost]Primarina||SitrusBerry|LiquidVoice|HyperVoice,Moonblast,Haze,Protect|||M|||50|,,,,,Water]Rillaboom||AssaultVest|GrassySurge|WoodHammer,GrassyGlide,HighHorsepower,FakeOut|||F|||50|,,,,,Fire]Kingambit||BlackGlasses|Defiant|KowtowCleave,SuckerPunch,SwordsDance,Protect|||M|||50|,,,,,Ghost]Magmar||Eviolite|VitalSpirit|Overheat,WillOWisp,FollowMe,Protect|||F|||50|,,,,,Ghost
|inactive|Battle timer is ON: inactive players will automatically lose when time's up. (requested by endertytar)
|
|t:|1756222924
|teamsize|p1|4
|teamsize|p2|4
|start
|switch|p1a: Volcarona|Volcarona, L50, F|100/100
|switch|p1b: Sneasler|Sneasler, L50, F|100/100
|switch|p2a: Dragapult|Dragapult, L50, M|100/100
|switch|p2b: Sneasler|Sneasler, L50, M|100/100
|turn|1
|inactive|endertytar has 30 seconds left.
|
|t:|1756222949
|-terastallize|p2a: Dragapult|Ghost
|move|p2a: Dragapult|Tera Blast|p1a: Volcarona|[anim] Tera Blast Ghost
|-crit|p1a: Volcarona
|-damage|p1a: Volcarona|0 fnt
|faint|p1a: Volcarona
|move|p1b: Sneasler|Dire Claw|p2a: Dragapult
|-resisted|p2a: Dragapult
|-damage|p2a: Dragapult|72/100
|-status|p2a: Dragapult|psn
|move|p2b: Sneasler|Dire Claw|p1b: Sneasler
|-resisted|p1b: Sneasler
|-damage|p1b: Sneasler|67/100
|
|-damage|p2a: Dragapult|59/100 psn|[from] psn
|upkeep
|
|t:|1756222964
|switch|p1a: Dondozo|Dondozo, L50, M|100/100
|turn|2
|
|t:|1756222982
|move|p1a: Dondozo|Protect|p1a: Dondozo
|-singleturn|p1a: Dondozo|Protect
|move|p2a: Dragapult|Tera Blast|p1b: Sneasler|[anim] Tera Blast Ghost
|-damage|p1b: Sneasler|0 fnt
|faint|p1b: Sneasler
|move|p2b: Sneasler|Dire Claw|p1a: Dondozo
|-activate|p1a: Dondozo|move: Protect
|
|-damage|p2a: Dragapult|47/100 psn|[from] psn
|upkeep
|
|t:|1756222989
|switch|p1b: Tyranitar|Tyranitar, L50, M|100/100
|-weather|Sandstorm|[from] ability: Sand Stream|[of] p1b: Tyranitar
|turn|3
|
|t:|1756223002
|move|p1b: Tyranitar|Protect|p1b: Tyranitar
|-singleturn|p1b: Tyranitar|Protect
|move|p2a: Dragapult|Tera Blast|p1b: Tyranitar|[anim] Tera Blast Ghost
|-activate|p1b: Tyranitar|move: Protect
|move|p2b: Sneasler|Close Combat|p1b: Tyranitar
|-activate|p1b: Tyranitar|move: Protect
|move|p1a: Dondozo|Yawn|p2b: Sneasler
|-start|p2b: Sneasler|move: Yawn|[of] p1a: Dondozo
|
|-weather|Sandstorm|[upkeep]
|-damage|p2a: Dragapult|41/100 psn|[from] Sandstorm
|-damage|p2b: Sneasler|95/100|[from] Sandstorm
|-damage|p1a: Dondozo|95/100|[from] Sandstorm
|-heal|p1a: Dondozo|100/100|[from] item: Leftovers
|-damage|p2a: Dragapult|29/100 psn|[from] psn
|upkeep
|turn|4
|
|t:|1756223022
|move|p1b: Tyranitar|Protect|p1b: Tyranitar
|-singleturn|p1b: Tyranitar|Protect
|move|p2a: Dragapult|Tera Blast|p1b: Tyranitar|[anim] Tera Blast Ghost
|-activate|p1b: Tyranitar|move: Protect
|move|p2b: Sneasler|Close Combat|p1b: Tyranitar
|-activate|p1b: Tyranitar|move: Protect
|move|p1a: Dondozo|Substitute|p1a: Dondozo
|-start|p1a: Dondozo|Substitute
|-damage|p1a: Dondozo|76/100
|
|-weather|Sandstorm|[upkeep]
|-damage|p2a: Dragapult|23/100 psn|[from] Sandstorm
|-damage|p2b: Sneasler|89/100|[from] Sandstorm
|-damage|p1a: Dondozo|70/100|[from] Sandstorm
|-heal|p1a: Dondozo|76/100|[from] item: Leftovers
|-damage|p2a: Dragapult|10/100 psn|[from] psn
|-end|p2b: Sneasler|move: Yawn|[silent]
|-status|p2b: Sneasler|slp
|upkeep
|turn|5
|
|t:|1756223044
|switch|p2b: Magmar|Magmar, L50, F|100/100
|move|p2a: Dragapult|Tera Blast|p1a: Dondozo|[anim] Tera Blast Ghost
|-end|p1a: Dondozo|Substitute
|move|p1b: Tyranitar|Dragon Dance|p1b: Tyranitar
|-boost|p1b: Tyranitar|atk|1
|-boost|p1b: Tyranitar|spe|1
|move|p1a: Dondozo|Liquidation|p2a: Dragapult
|-damage|p2a: Dragapult|0 fnt
|faint|p2a: Dragapult
|
|-weather|Sandstorm|[upkeep]
|-damage|p2b: Magmar|95/100|[from] Sandstorm
|-damage|p1a: Dondozo|70/100|[from] Sandstorm
|-heal|p1a: Dondozo|76/100|[from] item: Leftovers
|upkeep
|
|t:|1756223057
|switch|p2a: Kingambit|Kingambit, L50, M|100/100
|turn|6
|
|t:|1756223082
|move|p1b: Tyranitar|Rock Slide|p2b: Magmar|[spread] p2a
|-miss|p1b: Tyranitar|p2b: Magmar
|-resisted|p2a: Kingambit
|-damage|p2a: Kingambit|80/100
|move|p2b: Magmar|Will-O-Wisp|p1b: Tyranitar
|-status|p1b: Tyranitar|brn
|cant|p2a: Kingambit|flinch
|move|p1a: Dondozo|Yawn|p2a: Kingambit
|-start|p2a: Kingambit|move: Yawn|[of] p1a: Dondozo
|
|-weather|Sandstorm|[upkeep]
|-damage|p2b: Magmar|89/100|[from] Sandstorm
|-damage|p1a: Dondozo|70/100|[from] Sandstorm
|-heal|p1a: Dondozo|76/100|[from] item: Leftovers
|-damage|p1b: Tyranitar|94/100 brn|[from] brn
|upkeep
|turn|7
|
|t:|1756223100
|switch|p2a: Sneasler|Sneasler, L50, M|89/100 slp
|move|p1b: Tyranitar|Dragon Dance|p1b: Tyranitar
|-boost|p1b: Tyranitar|atk|1
|-boost|p1b: Tyranitar|spe|1
|move|p2b: Magmar|Will-O-Wisp|p1a: Dondozo
|-status|p1a: Dondozo|brn
|move|p1a: Dondozo|Substitute|p1a: Dondozo
|-start|p1a: Dondozo|Substitute
|-damage|p1a: Dondozo|51/100 brn
|
|-weather|none
|-heal|p1a: Dondozo|57/100 brn|[from] item: Leftovers
|-damage|p1b: Tyranitar|88/100 brn|[from] brn
|-damage|p1a: Dondozo|51/100 brn|[from] brn
|upkeep
|turn|8
|inactive|endertytar has 30 seconds left.
|
|t:|1756223126
|move|p2b: Magmar|Protect|p2b: Magmar
|-singleturn|p2b: Magmar|Protect
|cant|p2a: Sneasler|slp
|move|p1b: Tyranitar|Knock Off|p2a: Sneasler
|-resisted|p2a: Sneasler
|-damage|p2a: Sneasler|36/100 slp
|-enditem|p2a: Sneasler|Focus Sash|[from] move: Knock Off|[of] p1b: Tyranitar
|move|p1a: Dondozo|Liquidation|p2a: Sneasler
|-damage|p2a: Sneasler|9/100 slp
|
|-heal|p1a: Dondozo|57/100 brn|[from] item: Leftovers
|-damage|p1b: Tyranitar|82/100 brn|[from] brn
|-damage|p1a: Dondozo|51/100 brn|[from] brn
|upkeep
|turn|9
|
|t:|1756223145
|move|p2b: Magmar|Follow Me|p2b: Magmar
|-singleturn|p2b: Magmar|move: Follow Me
|move|p1b: Tyranitar|Rock Slide|p2a: Sneasler|[spread] p2a
|-miss|p1b: Tyranitar|p2b: Magmar
|-resisted|p2a: Sneasler
|-damage|p2a: Sneasler|0 fnt
|faint|p2a: Sneasler
|move|p1a: Dondozo|Liquidation|p2b: Magmar
|-supereffective|p2b: Magmar
|-damage|p2b: Magmar|64/100
|
|-heal|p1a: Dondozo|57/100 brn|[from] item: Leftovers
|-damage|p1b: Tyranitar|75/100 brn|[from] brn
|-damage|p1a: Dondozo|51/100 brn|[from] brn
|upkeep
|
|t:|1756223155
|switch|p2a: Kingambit|Kingambit, L50, M|80/100
|turn|10
|
|t:|1756223162
|move|p2b: Magmar|Follow Me|p2b: Magmar
|-singleturn|p2b: Magmar|move: Follow Me
|move|p1b: Tyranitar|Rock Slide|p2b: Magmar|[spread] p2a,p2b
|-resisted|p2a: Kingambit
|-supereffective|p2b: Magmar
|-damage|p2a: Kingambit|69/100
|-damage|p2b: Magmar|10/100
|move|p2a: Kingambit|Swords Dance|p2a: Kingambit
|-boost|p2a: Kingambit|atk|2
|move|p1a: Dondozo|Yawn|p2b: Magmar
|-immune|p2b: Magmar|[from] ability: Vital Spirit
|
|-heal|p1a: Dondozo|57/100 brn|[from] item: Leftovers
|-damage|p1b: Tyranitar|69/100 brn|[from] brn
|-damage|p1a: Dondozo|51/100 brn|[from] brn
|upkeep
|turn|11
|
|t:|1756223178
|move|p2b: Magmar|Protect|p2b: Magmar
|-singleturn|p2b: Magmar|Protect
|move|p1b: Tyranitar|Rock Slide|p2b: Magmar|[spread] p2a
|-activate|p2b: Magmar|move: Protect
|-resisted|p2a: Kingambit
|-damage|p2a: Kingambit|55/100
|move|p2a: Kingambit|Kowtow Cleave|p1b: Tyranitar
|-resisted|p1b: Tyranitar
|-damage|p1b: Tyranitar|16/100 brn
|move|p1a: Dondozo|Yawn|p2a: Kingambit
|-start|p2a: Kingambit|move: Yawn|[of] p1a: Dondozo
|
|-heal|p1a: Dondozo|57/100 brn|[from] item: Leftovers
|-damage|p1b: Tyranitar|10/100 brn|[from] brn
|-damage|p1a: Dondozo|51/100 brn|[from] brn
|upkeep
|turn|12
|
|t:|1756223195
|move|p1b: Tyranitar|Protect|p1b: Tyranitar
|-singleturn|p1b: Tyranitar|Protect
|move|p1a: Dondozo|Protect|p1a: Dondozo
|-singleturn|p1a: Dondozo|Protect
|move|p2a: Kingambit|Sucker Punch||[still]
|-fail|p2a: Kingambit
|move|p2b: Magmar|Overheat|p1b: Tyranitar
|-activate|p1b: Tyranitar|move: Protect
|
|-heal|p1a: Dondozo|57/100 brn|[from] item: Leftovers
|-damage|p1b: Tyranitar|4/100 brn|[from] brn
|-damage|p1a: Dondozo|51/100 brn|[from] brn
|-end|p2a: Kingambit|move: Yawn|[silent]
|-status|p2a: Kingambit|slp
|upkeep
|turn|13
|
|t:|1756223212
|move|p2b: Magmar|Follow Me|p2b: Magmar
|-singleturn|p2b: Magmar|move: Follow Me
|cant|p2a: Kingambit|slp
|move|p1b: Tyranitar|Rock Slide|p2a: Kingambit|[spread] p2a,p2b
|-resisted|p2a: Kingambit
|-supereffective|p2b: Magmar
|-crit|p2b: Magmar
|-damage|p2a: Kingambit|42/100 slp
|-damage|p2b: Magmar|0 fnt
|faint|p2b: Magmar
|move|p1a: Dondozo|Liquidation|p2a: Kingambit
|-damage|p2a: Kingambit|29/100 slp
|
|-heal|p1a: Dondozo|57/100 brn|[from] item: Leftovers
|-damage|p1b: Tyranitar|0 fnt|[from] brn
|faint|p1b: Tyranitar
|-damage|p1a: Dondozo|51/100 brn|[from] brn
|upkeep
|turn|14
|
|t:|1756223229
|cant|p2a: Kingambit|slp
|move|p1a: Dondozo|Liquidation|p2a: Kingambit
|-damage|p2a: Kingambit|17/100 slp
|
|-heal|p1a: Dondozo|57/100 brn|[from] item: Leftovers
|-damage|p1a: Dondozo|51/100 brn|[from] brn
|upkeep
|turn|15
|
|t:|1756223241
|-curestatus|p2a: Kingambit|slp|[msg]
|move|p2a: Kingambit|Kowtow Cleave|p1a: Dondozo
|-end|p1a: Dondozo|Substitute
|move|p1a: Dondozo|Yawn|p2a: Kingambit
|-start|p2a: Kingambit|move: Yawn|[of] p1a: Dondozo
|
|-heal|p1a: Dondozo|57/100 brn|[from] item: Leftovers
|-damage|p1a: Dondozo|51/100 brn|[from] brn
|upkeep
|turn|16
|
|t:|1756223249
|move|p1a: Dondozo|Protect|p1a: Dondozo
|-singleturn|p1a: Dondozo|Protect
|move|p2a: Kingambit|Swords Dance|p2a: Kingambit
|-boost|p2a: Kingambit|atk|2
|
|-heal|p1a: Dondozo|57/100 brn|[from] item: Leftovers
|-damage|p1a: Dondozo|51/100 brn|[from] brn
|-end|p2a: Kingambit|move: Yawn|[silent]
|-status|p2a: Kingambit|slp
|upkeep
|turn|17
|
|t:|1756223260
|cant|p2a: Kingambit|slp
|move|p1a: Dondozo|Liquidation|p2a: Kingambit
|-damage|p2a: Kingambit|6/100 slp
|
|-heal|p1a: Dondozo|57/100 brn|[from] item: Leftovers
|-damage|p1a: Dondozo|51/100 brn|[from] brn
|upkeep
|turn|18
|
|t:|1756223269
|cant|p2a: Kingambit|slp
|move|p1a: Dondozo|Liquidation|p2a: Kingambit
|-damage|p2a: Kingambit|0 fnt
|faint|p2a: Kingambit
|
|win|endertytar
||MobiusVGC is ready for game 3.
||endertytar is ready for game 3.
|uhtml|next|Next: Game 3 of 3
