|j|‽CaratroncoSun
|j|☆ByronLoveVGC
|html|CaratroncoSunByronLoveVGC    
|uhtml|bestof|Game 2 of a best-of-3
|t:|1784026477
|gametype|doubles
|player|p1|CaratroncoSun|juan|1305
|player|p2|ByronLoveVGC|tuber|1169
|gen|9
|tier|[Gen 9 Champions] VGC 2026 Reg M-B (Bo3)
|rated|
|rule|Species Clause: Limit one of each Pokémon
|rule|Item Clause: Limit 1 of each item
|clearpoke
|poke|p1|Charizard, L50, M, shiny|
|poke|p1|Venusaur, L50, M, shiny|
|poke|p1|Whimsicott, L50, F, shiny|
|poke|p1|Basculegion, L50, M|
|poke|p1|Garchomp, L50, F, shiny|
|poke|p1|Tyranitar, L50, M|
|poke|p2|Charizard, L50, F|
|poke|p2|Toxapex, L50, F|
|poke|p2|Incineroar, L50, M|
|poke|p2|Hydreigon, L50, F|
|poke|p2|Venusaur, L50, M|
|poke|p2|Mamoswine, L50, M|
|teampreview|4
|showteam|p1|Charizard||CharizarditeY|Blaze|Protect,SolarBeam,HeatWave,AirSlash|Modest||M|||50|]Venusaur||WideLens|Chlorophyll|Protect,GigaDrain,EarthPower,SleepPowder|Modest||M|||50|]Whimsicott||FocusSash|Prankster|Protect,Moonblast,Tailwind,Encore|Timid||F|||50|]Basculegion||MysticWater|Adaptability|Protect,AquaJet,WaveCrash,LastRespects|Adamant||M|||50|]Garchomp||RoseliBerry|RoughSkin|Protect,PoisonJab,StompingTantrum,StoneEdge|Jolly||F|||50|]Tyranitar||Tyranitarite|SandStream|Protect,RockSlide,KnockOff,LowKick|Adamant||M|||50|
|showteam|p2|Charizard||CharizarditeY|Blaze|HeatWave,WeatherBall,HelpingHand,Protect|Modest||F|||50|]Toxapex||Leftovers|Regenerator|Toxic,Infestation,WideGuard,BanefulBunker|Bold||F|||50|]Incineroar||SitrusBerry|Intimidate|FakeOut,PartingShot,FlareBlitz,ThroatChop|Impish||M|||50|]Hydreigon||ChoiceScarf|Levitate|Snarl,DracoMeteor,DarkPulse,EarthPower|Modest||F|||50|]Venusaur||LifeOrb|Chlorophyll|SolarBeam,SludgeBomb,EarthPower,Protect|Modest||M|||50|]Mamoswine||FocusSash|Oblivious|HighHorsepower,RockTomb,IceShard,Protect|Adamant||M|||50|
|
|t:|1784026539
|teamsize|p1|4
|teamsize|p2|4
|start
|switch|p1a: Garchomp|Garchomp, L50, F, shiny|100/100
|switch|p1b: Whimsicott|Whimsicott, L50, F, shiny|100/100
|switch|p2a: Incineroar|Incineroar, L50, M|100/100
|switch|p2b: Toxapex|Toxapex, L50, F|100/100
|-ability|p2a: Incineroar|Intimidate|boost
|-unboost|p1a: Garchomp|atk|1
|-unboost|p1b: Whimsicott|atk|1
|turn|1
|
|t:|1784026583
|move|p2a: Incineroar|Fake Out|p1b: Whimsicott
|-damage|p1b: Whimsicott|85/100
|cant|p1b: Whimsicott|flinch
|move|p1a: Garchomp|Stomping Tantrum|p2a: Incineroar
|-supereffective|p2a: Incineroar|1
|-damage|p2a: Incineroar|61/100
|move|p2b: Toxapex|Toxic|p1a: Garchomp
|-status|p1a: Garchomp|tox
|
|-damage|p1a: Garchomp|93/100 tox|[from] psn
|upkeep
|turn|2
|
|t:|1784026621
|switch|p2a: Charizard|Charizard, L50, F|100/100
|move|p1b: Whimsicott|Protect|p1b: Whimsicott
|-singleturn|p1b: Whimsicott|Protect
|move|p1a: Garchomp|Stomping Tantrum|p2a: Charizard
|-immune|p2a: Charizard
|move|p2b: Toxapex|Infestation|p1b: Whimsicott
|-activate|p1b: Whimsicott|move: Protect
|
|-damage|p1a: Garchomp|81/100 tox|[from] psn
|upkeep
|turn|3
|
|t:|1784026643
|switch|p2a: Incineroar|Incineroar, L50, M|61/100
|-ability|p2a: Incineroar|Intimidate|boost
|-unboost|p1a: Garchomp|atk|1
|-unboost|p1b: Whimsicott|atk|1
|move|p1b: Whimsicott|Tailwind|p1b: Whimsicott
|-sidestart|p1: CaratroncoSun|move: Tailwind
|move|p1a: Garchomp|Stone Edge|p2a: Incineroar
|-supereffective|p2a: Incineroar|1
|-damage|p2a: Incineroar|35/100
|-enditem|p2a: Incineroar|Sitrus Berry|[eat]
|-heal|p2a: Incineroar|60/100|[from] item: Sitrus Berry
|move|p2b: Toxapex|Infestation|p1b: Whimsicott
|-damage|p1b: Whimsicott|80/100
|-activate|p1b: Whimsicott|move: Infestation|[of] p2b: Toxapex
|
|-damage|p1a: Garchomp|62/100 tox|[from] psn
|-damage|p1b: Whimsicott|68/100|[from] move: Infestation|[partiallytrapped]
|upkeep
|turn|4
|
|t:|1784026667
|switch|p1a: Charizard|Charizard, L50, M, shiny|100/100
|move|p2a: Incineroar|Fake Out|p1a: Charizard
|-damage|p1a: Charizard|88/100
|move|p1b: Whimsicott|Moonblast|p2a: Incineroar
|-damage|p2a: Incineroar|31/100
|move|p2b: Toxapex|Toxic|p1b: Whimsicott
|-status|p1b: Whimsicott|tox
|
|-damage|p1b: Whimsicott|62/100 tox|[from] psn
|-damage|p1b: Whimsicott|50/100g tox|[from] move: Infestation|[partiallytrapped]
|upkeep
|turn|5
|
|t:|1784026697
|switch|p2a: Charizard|Charizard, L50, F|100/100
|detailschange|p1a: Charizard|Charizard-Mega-Y, L50, M, shiny
|-mega|p1a: Charizard|Charizard|Charizardite Y
|-weather|SunnyDay|[from] ability: Drought|[of] p1a: Charizard
|move|p1b: Whimsicott|Protect|p1b: Whimsicott
|-singleturn|p1b: Whimsicott|Protect
|move|p1a: Charizard|Air Slash|p2a: Charizard
|-damage|p2a: Charizard|49/100
|move|p2b: Toxapex|Infestation|p1a: Charizard
|-resisted|p1a: Charizard|2
|-damage|p1a: Charizard|87/100
|-activate|p1a: Charizard|move: Infestation|[of] p2b: Toxapex
|
|-weather|SunnyDay|[upkeep]
|-damage|p1b: Whimsicott|38/100 tox|[from] psn
|-damage|p1b: Whimsicott|26/100 tox|[from] move: Infestation|[partiallytrapped]
|-damage|p1a: Charizard|75/100|[from] move: Infestation|[partiallytrapped]
|upkeep
|turn|6
|
|t:|1784026726
|move|p2a: Charizard|Protect|p2a: Charizard
|-singleturn|p2a: Charizard|Protect
|move|p1b: Whimsicott|Moonblast|p2a: Charizard
|-activate|p2a: Charizard|move: Protect
|move|p1a: Charizard|Air Slash|p2a: Charizard
|-activate|p2a: Charizard|move: Protect
|move|p2b: Toxapex|Toxic|p1a: Charizard
|-status|p1a: Charizard|tox
|
|-weather|SunnyDay|[upkeep]
|-damage|p1b: Whimsicott|8/100 tox|[from] psn
|-damage|p1a: Charizard|69/100 tox|[from] psn
|-damage|p1b: Whimsicott|0 fnt|[from] move: Infestation|[partiallytrapped]
|faint|p1b: Whimsicott
|-damage|p1a: Charizard|56/100 tox|[from] move: Infestation|[partiallytrapped]
|-sideend|p1: CaratroncoSun|move: Tailwind
|upkeep
|
|t:|1784026744
|switch|p1b: Venusaur|Venusaur, L50, M, shiny|100/100
|turn|7
|
|t:|1784026761
|switch|p2a: Hydreigon|Hydreigon, L50, F|100/100
|move|p1b: Venusaur|Sleep Powder|p2a: Hydreigon|[miss]
|-miss|p1b: Venusaur|p2a: Hydreigon
|move|p1a: Charizard|Air Slash|p2b: Toxapex
|-damage|p2b: Toxapex|63/100
|cant|p2b: Toxapex|flinch
|
|-weather|SunnyDay|[upkeep]
|-heal|p2b: Toxapex|69/100|[from] item: Leftovers
|-damage|p1a: Charizard|44/100 tox|[from] psn
|-damage|p1a: Charizard|32/100 tox|[from] move: Infestation|[partiallytrapped]
|upkeep
|turn|8
|
|t:|1784026797
|-heal|p2b: Toxapex|100/100|[from] ability: Regenerator|[silent]
|switch|p2b: Charizard|Charizard, L50, F|49/100
|move|p1b: Venusaur|Sleep Powder|p2a: Hydreigon
|-status|p2a: Hydreigon|slp|[from] move: Sleep Powder
|cant|p2a: Hydreigon|slp
|move|p1a: Charizard|Air Slash|p2b: Charizard
|-damage|p2b: Charizard|0 fnt
|faint|p2b: Charizard
|
|-weather|SunnyDay|[upkeep]
|-damage|p1a: Charizard|14/100 tox|[from] psn
|-end|p1a: Charizard|Infestation|[partiallytrapped]|[silent]
|upkeep
|
|t:|1784026812
|switch|p2b: Incineroar|Incineroar, L50, M|31/100
|-ability|p2b: Incineroar|Intimidate|boost
|-unboost|p1a: Charizard|atk|1
|-unboost|p1b: Venusaur|atk|1
|turn|9
|
|t:|1784026832
|switch|p1a: Garchomp|Garchomp, L50, F, shiny|62/100 tox
|switch|p2b: Toxapex|Toxapex, L50, F|100/100
|move|p1b: Venusaur|Earth Power|p2b: Toxapex
|-supereffective|p2b: Toxapex|1
|-damage|p2b: Toxapex|55/100
|-curestatus|p2a: Hydreigon|slp|[msg]
|move|p2a: Hydreigon|Draco Meteor|p1b: Venusaur
|-damage|p1b: Venusaur|23/100
|-unboost|p2a: Hydreigon|spa|2
|
|-weather|none
|-heal|p2b: Toxapex|61/100|[from] item: Leftovers
|-damage|p1a: Garchomp|56/100 tox|[from] psn
|upkeep
|turn|10
|
|t:|1784026854
|switch|p2a: Incineroar|Incineroar, L50, M|31/100
|-ability|p2a: Incineroar|Intimidate|boost
|-unboost|p1a: Garchomp|atk|1
|-unboost|p1b: Venusaur|atk|1
|switch|p1a: Charizard|Charizard-Mega-Y, L50, M, shiny|14/100 tox
|-weather|SunnyDay|[from] ability: Drought|[of] p1a: Charizard
|move|p2b: Toxapex|Baneful Bunker|p2b: Toxapex
|-singleturn|p2b: Toxapex|move: Protect
|move|p1b: Venusaur|Sleep Powder|p2b: Toxapex
|-activate|p2b: Toxapex|move: Protect
|
|-weather|SunnyDay|[upkeep]
|-heal|p2b: Toxapex|66/100|[from] item: Leftovers
|-damage|p1a: Charizard|8/100 tox|[from] psn
|upkeep
|turn|11
|
|t:|1784026881
|switch|p1a: Garchomp|Garchomp, L50, F, shiny|56/100 tox
|-heal|p2b: Toxapex|100/100|[from] ability: Regenerator|[silent]
|switch|p2b: Hydreigon|Hydreigon, L50, F|100/100
|move|p2a: Incineroar|Fake Out|p1b: Venusaur
|-damage|p1b: Venusaur|8/100
|cant|p1b: Venusaur|flinch
|
|-weather|SunnyDay|[upkeep]
|-damage|p1a: Garchomp|50/100g tox|[from] psn
|upkeep
|turn|12
|
|t:|1784026914
|switch|p2b: Toxapex|Toxapex, L50, F|100/100
|move|p1b: Venusaur|Sleep Powder|p2b: Toxapex
|-status|p2b: Toxapex|slp|[from] move: Sleep Powder
|move|p1a: Garchomp|Stomping Tantrum|p2a: Incineroar
|-supereffective|p2a: Incineroar|1
|-damage|p2a: Incineroar|0 fnt
|faint|p2a: Incineroar
|
|-weather|SunnyDay|[upkeep]
|-damage|p1a: Garchomp|37/100 tox|[from] psn
|upkeep
|
|t:|1784026926
|switch|p2a: Hydreigon|Hydreigon, L50, F|100/100
|turn|13
|
|t:|1784026939
|move|p1b: Venusaur|Sleep Powder|p2a: Hydreigon
|-status|p2a: Hydreigon|slp|[from] move: Sleep Powder
|cant|p2a: Hydreigon|slp
|move|p1a: Garchomp|Poison Jab|p2a: Hydreigon
|-damage|p2a: Hydreigon|68/100 slp
|cant|p2b: Toxapex|slp
|
|-weather|SunnyDay|[upkeep]
|-damage|p1a: Garchomp|19/100 tox|[from] psn
|upkeep
|turn|14
|
|t:|1784026963
|cant|p2b: Toxapex|slp
|move|p1b: Venusaur|Earth Power|p2b: Toxapex
|-supereffective|p2b: Toxapex|1
|-damage|p2b: Toxapex|55/100 slp
|cant|p2a: Hydreigon|slp
|move|p1a: Garchomp|Stomping Tantrum|p2b: Toxapex
|-supereffective|p2b: Toxapex|1
|-damage|p2b: Toxapex|0 fnt
|faint|p2b: Toxapex
|
|-weather|none
|-damage|p1a: Garchomp|0 fnt|[from] psn
|faint|p1a: Garchomp
|upkeep
|
|t:|1784026976
|switch|p1a: Charizard|Charizard-Mega-Y, L50, M, shiny|8/100 tox
|-weather|SunnyDay|[from] ability: Drought|[of] p1a: Charizard
|turn|15
|
|t:|1784026985
|move|p1b: Venusaur|Protect|p1b: Venusaur
|-singleturn|p1b: Venusaur|Protect
|move|p1a: Charizard|Protect|p1a: Charizard
|-singleturn|p1a: Charizard|Protect
|-curestatus|p2a: Hydreigon|slp|[msg]
|move|p2a: Hydreigon|Snarl|p1a: Charizard|[spread] 
|-activate|p1a: Charizard|move: Protect
|-activate|p1b: Venusaur|move: Protect
|
|-weather|SunnyDay|[upkeep]
|-damage|p1a: Charizard|2/100 tox|[from] psn
|upkeep
|turn|16
|
|t:|1784027002
|move|p1b: Venusaur|Sleep Powder|p2a: Hydreigon|[miss]
|-miss|p1b: Venusaur|p2a: Hydreigon
|move|p2a: Hydreigon|Snarl|p1a: Charizard|[spread] p1a,p1b
|-damage|p1a: Charizard|0 fnt
|-damage|p1b: Venusaur|0 fnt
|faint|p1a: Charizard
|faint|p1b: Venusaur
|
|win|ByronLoveVGC
|raw|CaratroncoSun's rating: 1305 → 1278(-27 for losing)
|raw|ByronLoveVGC's rating: 1169 → 1203(+34 for winning)
