|j|☆lettitripppp
|j|☆Muichiro25
|html|lettitrippppMuichiro25    
|uhtml|bestof|Game 3 of a best-of-3
|t:|1782768746
|gametype|doubles
|player|p1|lettitripppp|lucas|1197
|player|p2|Muichiro25|n|1128
|gen|9
|tier|[Gen 9 Champions] VGC 2026 Reg M-B (Bo3)
|rated|
|rule|Species Clause: Limit one of each Pokémon
|rule|Item Clause: Limit 1 of each item
|clearpoke
|poke|p1|Charizard, L50, F|
|poke|p1|Floette-Eternal, L50, F|
|poke|p1|Basculegion, L50, M, shiny|
|poke|p1|Garchomp, L50, M|
|poke|p1|Whimsicott, L50, M, shiny|
|poke|p1|Kingambit, L50, F|
|poke|p2|Garchomp, L50, M|
|poke|p2|Venusaur, L50, F|
|poke|p2|Charizard, L50, F|
|poke|p2|Farigiraf, L50, M|
|poke|p2|Sylveon, L50, F|
|poke|p2|Incineroar, L50, M|
|teampreview|4
|showteam|p1|Charizard||CharizarditeY|Blaze|WeatherBall,SolarBeam,HeatWave,Protect|Modest||F|||50|]Floette-Eternal||Floettite|FlowerVeil|DazzlingGleam,LightofRuin,Moonblast,Protect|Timid||F|||50|]Basculegion||MysticWater|Adaptability|LastRespects,WaveCrash,AquaJet,Protect|Adamant||M|||50|]Garchomp||LifeOrb|RoughSkin|DragonClaw,Earthquake,RockSlide,Protect|Jolly||M|||50|]Whimsicott||FocusSash|Prankster|Moonblast,Tailwind,Encore,Protect|Timid||M|||50|]Kingambit||ChopleBerry|Defiant|KowtowCleave,SuckerPunch,IronHead,LowKick|Adamant||F|||50|
|showteam|p2|Garchomp||LifeOrb|RoughSkin|DragonClaw,Earthquake,RockTomb,Protect|Jolly||M|||50|]Venusaur||FocusSash|Chlorophyll|SludgeBomb,Protect,EarthPower,GigaDrain|Modest||F|||50|]Charizard||CharizarditeY|Blaze|HeatWave,Protect,SolarBeam,WeatherBall|Modest||F|||50|]Farigiraf||ColburBerry|ArmorTail|TrickRoom,Psychic,Protect,Thunderbolt|Bold||M|||50|]Sylveon||FairyFeather|Pixilate|QuickAttack,HyperVoice,HyperBeam,Detect|Modest||F|||50|]Incineroar||SitrusBerry|Intimidate|FakeOut,PartingShot,FlareBlitz,ThroatChop|Careful||M|||50|
|inactive|Battle timer is ON: inactive players will automatically lose when time's up. (requested by Muichiro25)
|inactive|lettitripppp also wants the timer to be on.
|
|t:|1782768764
|teamsize|p1|4
|teamsize|p2|4
|start
|switch|p1a: LETS GO GO|Whimsicott, L50, M, shiny|100/100
|switch|p1b: GHOSTWAVE|Basculegion, L50, M, shiny|100/100
|switch|p2a: Incineroar|Incineroar, L50, M|100/100
|switch|p2b: Charizard|Charizard, L50, F|100/100
|-ability|p2a: Incineroar|Intimidate|boost
|-unboost|p1a: LETS GO GO|atk|1
|-unboost|p1b: GHOSTWAVE|atk|1
|turn|1
|
|t:|1782768779
|detailschange|p2b: Charizard|Charizard-Mega-Y, L50, F
|-mega|p2b: Charizard|Charizard|Charizardite Y
|-weather|SunnyDay|[from] ability: Drought|[of] p2b: Charizard
|move|p1a: LETS GO GO|Protect|p1a: LETS GO GO
|-singleturn|p1a: LETS GO GO|Protect
|move|p1b: GHOSTWAVE|Protect|p1b: GHOSTWAVE
|-singleturn|p1b: GHOSTWAVE|Protect
|move|p2a: Incineroar|Fake Out|p1a: LETS GO GO
|-activate|p1a: LETS GO GO|move: Protect
|move|p2b: Charizard|Solar Beam||[still]
|-prepare|p2b: Charizard|Solar Beam
|-anim|p2b: Charizard|Solar Beam|p1b: GHOSTWAVE
|-activate|p1b: GHOSTWAVE|move: Protect
|
|-weather|SunnyDay|[upkeep]
|upkeep
|turn|2
|
|t:|1782768793
|move|p2b: Charizard|Protect|p2b: Charizard
|-singleturn|p2b: Charizard|Protect
|move|p1a: LETS GO GO|Tailwind|p1a: LETS GO GO
|-sidestart|p1: lettitripppp|move: Tailwind
|move|p1b: GHOSTWAVE|Wave Crash|p2a: Incineroar
|-supereffective|p2a: Incineroar|1
|-damage|p2a: Incineroar|50/100g
|-damage|p1b: GHOSTWAVE|84/100|[from] Recoil
|move|p2a: Incineroar|Parting Shot|p1b: GHOSTWAVE
|-unboost|p1b: GHOSTWAVE|atk|1
|-unboost|p1b: GHOSTWAVE|spa|1
|
|t:|1782768801
|switch|p2a: Venusaur|Venusaur, L50, F|100/100|[from] Parting Shot
|
|-weather|SunnyDay|[upkeep]
|upkeep
|turn|3
|
|t:|1782768812
|switch|p1b: AGNI|Charizard, L50, F|100/100
|switch|p2b: Incineroar|Incineroar, L50, M|50/100g
|-ability|p2b: Incineroar|Intimidate|boost
|-unboost|p1a: LETS GO GO|atk|1
|-unboost|p1b: AGNI|atk|1
|move|p1a: LETS GO GO|Encore|p2b: Incineroar
|-hint|Since gen 7, Dark is immune to Prankster moves.
|-immune|p2b: Incineroar
|move|p2a: Venusaur|Sludge Bomb|p1a: LETS GO GO
|-supereffective|p1a: LETS GO GO|2
|-enditem|p1a: LETS GO GO|Focus Sash
|-damage|p1a: LETS GO GO|1/100
|
|-weather|SunnyDay|[upkeep]
|upkeep
|turn|4
|
|t:|1782768835
|switch|p2a: Garchomp|Garchomp, L50, M|100/100
|move|p1a: LETS GO GO|Protect|p1a: LETS GO GO
|-singleturn|p1a: LETS GO GO|Protect
|move|p1b: AGNI|Protect|p1b: AGNI
|-singleturn|p1b: AGNI|Protect
|move|p2b: Incineroar|Fake Out|p1a: LETS GO GO
|-activate|p1a: LETS GO GO|move: Protect
|
|-weather|SunnyDay|[upkeep]
|upkeep
|turn|5
|
|t:|1782768854
|detailschange|p1b: AGNI|Charizard-Mega-Y, L50, F
|-mega|p1b: AGNI|Charizard|Charizardite Y
|move|p2a: Garchomp|Protect|p2a: Garchomp
|-singleturn|p2a: Garchomp|Protect
|move|p1a: LETS GO GO|Moonblast|p2a: Garchomp
|-activate|p2a: Garchomp|move: Protect
|move|p1b: AGNI|Heat Wave|p2a: Garchomp|[spread] p2b
|-activate|p2a: Garchomp|move: Protect
|-resisted|p2b: Incineroar|1
|-damage|p2b: Incineroar|25/100
|-enditem|p2b: Incineroar|Sitrus Berry|[eat]
|-heal|p2b: Incineroar|50/100g|[from] item: Sitrus Berry
|move|p2b: Incineroar|Flare Blitz|p1a: LETS GO GO
|-supereffective|p1a: LETS GO GO|1
|-damage|p1a: LETS GO GO|0 fnt
|faint|p1a: LETS GO GO
|-damage|p2b: Incineroar|50/100y|[from] Recoil
|
|-weather|none
|-sideend|p1: lettitripppp|move: Tailwind
|upkeep
|
|t:|1782768866
|switch|p1a: GHOSTWAVE|Basculegion, L50, M, shiny|84/100
|turn|6
|inactive|Muichiro25 has 30 seconds left.
|inactive|Muichiro25 has 20 seconds left.
|inactive|Muichiro25 has 15 seconds left.
|inactive|Muichiro25 has 10 seconds left.
|
|t:|1782768913
|switch|p2a: Venusaur|Venusaur, L50, F|100/100
|switch|p1b: GENERAL BLADUS|Kingambit, L50, F|100/100
|move|p1a: GHOSTWAVE|Wave Crash|p2a: Venusaur
|-resisted|p2a: Venusaur|1
|-damage|p2a: Venusaur|45/100
|-damage|p1a: GHOSTWAVE|70/100|[from] Recoil
|move|p2b: Incineroar|Parting Shot|p1b: GENERAL BLADUS
|-unboost|p1b: GENERAL BLADUS|atk|1
|-ability|p1b: GENERAL BLADUS|Defiant|boost
|-boost|p1b: GENERAL BLADUS|atk|2
|-unboost|p1b: GENERAL BLADUS|spa|1
|-ability|p1b: GENERAL BLADUS|Defiant|boost
|-boost|p1b: GENERAL BLADUS|atk|2
|
|t:|1782768928
|switch|p2b: Charizard|Charizard-Mega-Y, L50, F|100/100|[from] Parting Shot
|-weather|SunnyDay|[from] ability: Drought|[of] p2b: Charizard
|
|-weather|SunnyDay|[upkeep]
|upkeep
|turn|7
|
|t:|1782768944
|move|p1b: GENERAL BLADUS|Sucker Punch|p2b: Charizard
|-damage|p2b: Charizard|0 fnt
|faint|p2b: Charizard
|move|p2a: Venusaur|Giga Drain|p1a: GHOSTWAVE
|-supereffective|p1a: GHOSTWAVE|1
|-damage|p1a: GHOSTWAVE|0 fnt
|-heal|p2a: Venusaur|92/100|[from] drain|[of] p1a: GHOSTWAVE
|faint|p1a: GHOSTWAVE
|
|-weather|SunnyDay|[upkeep]
|upkeep
|
|t:|1782768962
|switch|p2b: Incineroar|Incineroar, L50, M|50/100y
|switch|p1a: AGNI|Charizard-Mega-Y, L50, F|100/100
|-ability|p2b: Incineroar|Intimidate|boost
|-unboost|p1a: AGNI|atk|1
|-unboost|p1b: GENERAL BLADUS|atk|1
|-ability|p1b: GENERAL BLADUS|Defiant|boost
|-boost|p1b: GENERAL BLADUS|atk|2
|turn|8
|inactive|Muichiro25 has 30 seconds left.
|
|t:|1782768989
|move|p2a: Venusaur|Sludge Bomb|p1a: AGNI
|-damage|p1a: AGNI|60/100
|move|p1a: AGNI|Heat Wave|p2a: Venusaur|[spread] p2a,p2b
|-supereffective|p2a: Venusaur|1
|-resisted|p2b: Incineroar|1
|-damage|p2a: Venusaur|0 fnt
|-damage|p2b: Incineroar|26/100
|faint|p2a: Venusaur
|move|p2b: Incineroar|Flare Blitz|p1b: GENERAL BLADUS
|-supereffective|p1b: GENERAL BLADUS|1
|-damage|p1b: GENERAL BLADUS|9/100
|-damage|p2b: Incineroar|0 fnt|[from] Recoil
|faint|p2b: Incineroar
|move|p1b: GENERAL BLADUS|Kowtow Cleave|p2: Venusaur|[notarget]
|-fail|p1b: GENERAL BLADUS
|
|-weather|SunnyDay|[upkeep]
|upkeep
|
|t:|1782769002
|switch|p2b: Garchomp|Garchomp, L50, M|100/100
|turn|9
|
|t:|1782769010
|move|p2b: Garchomp|Protect|p2b: Garchomp
|-singleturn|p2b: Garchomp|Protect
|move|p1b: GENERAL BLADUS|Sucker Punch||[still]
|-fail|p1b: GENERAL BLADUS
|move|p1a: AGNI|Solar Beam||[still]
|-prepare|p1a: AGNI|Solar Beam
|-anim|p1a: AGNI|Solar Beam|p2b: Garchomp
|-activate|p2b: Garchomp|move: Protect
|
|-weather|SunnyDay|[upkeep]
|upkeep
|turn|10
|
|t:|1782769021
|move|p2b: Garchomp|Protect|p2b: Garchomp
|-singleturn|p2b: Garchomp|Protect
|move|p1b: GENERAL BLADUS|Sucker Punch||[still]
|-fail|p1b: GENERAL BLADUS
|move|p1a: AGNI|Solar Beam||[still]
|-prepare|p1a: AGNI|Solar Beam
|-anim|p1a: AGNI|Solar Beam|p2b: Garchomp
|-activate|p2b: Garchomp|move: Protect
|
|-weather|none
|upkeep
|turn|11
|
|t:|1782769042
|move|p2b: Garchomp|Protect||[still]
|-fail|p2b: Garchomp
|move|p1b: GENERAL BLADUS|Sucker Punch||[still]
|-fail|p1b: GENERAL BLADUS
|move|p1a: AGNI|Weather Ball|p2b: Garchomp
|-damage|p2b: Garchomp|77/100
|
|upkeep
|turn|12
|
|t:|1782769057
|move|p1b: GENERAL BLADUS|Sucker Punch|p2b: Garchomp
|-damage|p2b: Garchomp|0 fnt
|-damage|p1b: GENERAL BLADUS|0 fnt|[from] ability: Rough Skin|[of] p2b: Garchomp
|faint|p2b: Garchomp
|faint|p1b: GENERAL BLADUS
|
|win|lettitripppp
|raw|lettitripppp's rating: 1197 → 1217(+20 for winning)
|raw|Muichiro25's rating: 1128 → 1108(-20 for losing)
|l|☆Muichiro25
|player|p2|
