|j|☆hideinarea0
|j|☆mike6972
|html|hideinarea0mike6972    
|uhtml|bestof|Game 1 of a best-of-3
|t:|1756834137
|gametype|doubles
|player|p1|hideinarea0|brawly|1179
|player|p2|mike6972|265|1082
|gen|9
|tier|[Gen 9] VGC 2025 Reg H (Bo3)
|rated|
|rule|Species Clause: Limit one of each Pokémon
|rule|Item Clause: Limit 1 of each item
|clearpoke
|poke|p1|Dragonite, L50, F|
|poke|p1|Gholdengo, L50|
|poke|p1|Ursaluna-Bloodmoon, L50, M|
|poke|p1|Annihilape, L50, F|
|poke|p1|Maushold-Four, L50|
|poke|p1|Rillaboom, L50, M|
|poke|p2|Basculegion, L50, M|
|poke|p2|Archaludon, L50, F|
|poke|p2|Pelipper, L50, F|
|poke|p2|Dragonite, L50, F|
|poke|p2|Gholdengo, L50|
|poke|p2|Incineroar, L50, M|
|teampreview|4
|showteam|p1|Dragonite||LoadedDice|Multiscale|ScaleShot,Tailwind,Haze,Protect|||F|||50|,,,,,Fairy]Gholdengo||LifeOrb|GoodasGold|MakeItRain,ShadowBall,NastyPlot,Protect||||||50|,,,,,Water]Ursaluna-Bloodmoon||AssaultVest|MindsEye|BloodMoon,EarthPower,HyperVoice,VacuumWave|||M|||50|,,,,,Water]Annihilape||SitrusBerry|Defiant|DrainPunch,RageFist,BulkUp,Protect|||F|||50|,,,,,Fire]Maushold-Four||FocusSash|FriendGuard|SuperFang,BeatUp,FollowMe,Protect||||||50|,,,,,Ghost]Rillaboom||MiracleSeed|GrassySurge|WoodHammer,GrassyGlide,HighHorsepower,FakeOut|||M|||50|,,,,,Fire
|showteam|p2|Basculegion||LifeOrb|SwiftSwim|AquaJet,WaveCrash,LastRespects,Protect|||M|||50|,,,,,Water]Archaludon||AssaultVest|Stamina|DracoMeteor,ElectroShot,Snarl,BodyPress|||F|||50|,,,,,Grass]Pelipper||FocusSash|Drizzle|Protect,Tailwind,WeatherBall,Hurricane|||F|||50|,,,,,Ghost]Dragonite||LoadedDice|Multiscale|Haze,Protect,ScaleShot,ExtremeSpeed|||F|||50|,,,,,Fairy]Gholdengo||MetalCoat|GoodasGold|NastyPlot,ShadowBall,MakeItRain,Protect||||||50|,,,,,Dragon]Incineroar||SafetyGoggles|Intimidate|FakeOut,KnockOff,Taunt,PartingShot|||M|||50|,,,,,Ghost
|inactive|Battle timer is ON: inactive players will automatically lose when time's up. (requested by hideinarea0)
|inactive|hideinarea0 has 60 seconds left.
|inactive|mike6972 has 60 seconds left.
|inactive|mike6972 has 30 seconds left.
|
|t:|1756834206
|teamsize|p1|4
|teamsize|p2|4
|start
|switch|p1a: Dragonite|Dragonite, L50, F|100/100
|switch|p1b: Rillaboom|Rillaboom, L50, M|100/100
|switch|p2a: Basculegion|Basculegion, L50, M|100/100
|switch|p2b: Pelipper|Pelipper, L50, F|100/100
|-weather|RainDance|[from] ability: Drizzle|[of] p2b: Pelipper
|-fieldstart|move: Grassy Terrain|[from] ability: Grassy Surge|[of] p1b: Rillaboom
|turn|1
|
|t:|1756834220
|switch|p2a: Incineroar|Incineroar, L50, M|100/100
|-ability|p2a: Incineroar|Intimidate|boost
|-unboost|p1a: Dragonite|atk|1
|-unboost|p1b: Rillaboom|atk|1
|move|p2b: Pelipper|Protect|p2b: Pelipper
|-singleturn|p2b: Pelipper|Protect
|move|p1b: Rillaboom|Grassy Glide|p2a: Incineroar
|-resisted|p2a: Incineroar
|-damage|p2a: Incineroar|87/100
|move|p1a: Dragonite|Scale Shot|p2b: Pelipper
|-activate|p2b: Pelipper|move: Protect
|
|-weather|RainDance|[upkeep]
|-heal|p2a: Incineroar|93/100|[from] Grassy Terrain
|upkeep
|turn|2
|inactive|hideinarea0 has 30 seconds left.
|inactive|hideinarea0 has 20 seconds left.
|inactive|hideinarea0 has 15 seconds left.
|inactive|hideinarea0 has 10 seconds left.
|
|t:|1756834266
|switch|p1a: Maushold|Maushold-Four, L50|100/100
|switch|p1b: Ursaluna|Ursaluna-Bloodmoon, L50, M|100/100
|switch|p2a: Archaludon|Archaludon, L50, F|100/100
|move|p2b: Pelipper|Tailwind|p2b: Pelipper
|-sidestart|p2: mike6972|move: Tailwind
|
|-weather|RainDance|[upkeep]
|upkeep
|turn|3
|inactive|hideinarea0 has 30 seconds left.
|inactive|hideinarea0 has 20 seconds left.
|inactive|hideinarea0 has 15 seconds left.
|inactive|hideinarea0 has 10 seconds left.
|inactive|hideinarea0 has 5 seconds left.
|
|t:|1756834319
|move|p1a: Maushold|Follow Me|p1a: Maushold
|-singleturn|p1a: Maushold|move: Follow Me
|move|p2b: Pelipper|Weather Ball|p1a: Maushold
|-damage|p1a: Maushold|23/100
|move|p2a: Archaludon|Snarl|p1b: Ursaluna|[spread] p1a,p1b
|-damage|p1a: Maushold|6/100
|-damage|p1b: Ursaluna|94/100
|-unboost|p1a: Maushold|spa|1
|-unboost|p1b: Ursaluna|spa|1
|move|p1b: Ursaluna|Blood Moon|p2a: Archaludon
|-resisted|p2a: Archaludon
|-damage|p2a: Archaludon|84/100
|-ability|p2a: Archaludon|Stamina|boost
|-boost|p2a: Archaludon|def|1
|
|-weather|RainDance|[upkeep]
|-heal|p2a: Archaludon|90/100|[from] Grassy Terrain
|-heal|p1a: Maushold|12/100|[from] Grassy Terrain
|-heal|p1b: Ursaluna|99/100|[from] Grassy Terrain
|upkeep
|turn|4
|
|t:|1756834336
|switch|p1b: Dragonite|Dragonite, L50, F|100/100
|move|p1a: Maushold|Protect|p1a: Maushold
|-singleturn|p1a: Maushold|Protect
|move|p2b: Pelipper|Hurricane|p1a: Maushold
|-activate|p1a: Maushold|move: Protect
|move|p2a: Archaludon|Snarl|p1b: Dragonite|[spread] p1b
|-activate|p1a: Maushold|move: Protect
|-damage|p1b: Dragonite|95/100
|-unboost|p1b: Dragonite|spa|1
|
|-weather|RainDance|[upkeep]
|-heal|p2a: Archaludon|96/100|[from] Grassy Terrain
|-heal|p1a: Maushold|18/100|[from] Grassy Terrain
|upkeep
|turn|5
|inactive|hideinarea0 has 30 seconds left.
|
|t:|1756834369
|switch|p2b: Incineroar|Incineroar, L50, M|93/100
|-ability|p2b: Incineroar|Intimidate|boost
|-unboost|p1a: Maushold|atk|1
|-unboost|p1b: Dragonite|atk|1
|-terastallize|p1b: Dragonite|Fairy
|move|p1a: Maushold|Follow Me|p1a: Maushold
|-singleturn|p1a: Maushold|move: Follow Me
|move|p2a: Archaludon|Electro Shot||[still]
|-prepare|p2a: Archaludon|Electro Shot
|-boost|p2a: Archaludon|spa|1
|-anim|p2a: Archaludon|Electro Shot|p1a: Maushold
|-crit|p1a: Maushold
|-damage|p1a: Maushold|0 fnt
|faint|p1a: Maushold
|move|p1b: Dragonite|Scale Shot|p2b: Incineroar
|-damage|p2b: Incineroar|83/100
|-damage|p2b: Incineroar|74/100
|-damage|p2b: Incineroar|65/100
|-damage|p2b: Incineroar|55/100
|-damage|p2b: Incineroar|46/100
|-hitcount|p2b: Incineroar|5
|-unboost|p1b: Dragonite|def|1
|-boost|p1b: Dragonite|spe|1
|
|-weather|none
|-heal|p2a: Archaludon|100/100|[from] Grassy Terrain
|-heal|p1b: Dragonite|100/100|[from] Grassy Terrain
|-heal|p2b: Incineroar|52/100|[from] Grassy Terrain
|-sideend|p2: mike6972|move: Tailwind
|-fieldend|move: Grassy Terrain
|upkeep
|
|t:|1756834392
|switch|p1a: Rillaboom|Rillaboom, L50, M|100/100
|-fieldstart|move: Grassy Terrain|[from] ability: Grassy Surge|[of] p1a: Rillaboom
|turn|6
|inactive|hideinarea0 has 30 seconds left.
|
|t:|1756834424
|switch|p2b: Pelipper|Pelipper, L50, F|100/100
|-weather|RainDance|[from] ability: Drizzle|[of] p2b: Pelipper
|move|p1a: Rillaboom|Fake Out|p2b: Pelipper
|-damage|p2b: Pelipper|83/100
|move|p1b: Dragonite|Tailwind|p1b: Dragonite
|-sidestart|p1: hideinarea0|move: Tailwind
|move|p2a: Archaludon|Electro Shot||[still]
|-prepare|p2a: Archaludon|Electro Shot
|-boost|p2a: Archaludon|spa|1
|-anim|p2a: Archaludon|Electro Shot|p1b: Dragonite
|-damage|p1b: Dragonite|62/100
|
|-weather|RainDance|[upkeep]
|-heal|p1b: Dragonite|68/100|[from] Grassy Terrain
|upkeep
|turn|7
|inactive|mike6972 has 30 seconds left.
|inactive|mike6972 has 20 seconds left.
|inactive|mike6972 has 15 seconds left.
|
|t:|1756834465
|switch|p1b: Ursaluna|Ursaluna-Bloodmoon, L50, M|99/100
|switch|p2b: Incineroar|Incineroar, L50, M|52/100
|-ability|p2b: Incineroar|Intimidate|boost
|-unboost|p1a: Rillaboom|atk|1
|-unboost|p1b: Ursaluna|atk|1
|move|p1a: Rillaboom|Wood Hammer|p2b: Incineroar
|-resisted|p2b: Incineroar
|-damage|p2b: Incineroar|22/100
|-damage|p1a: Rillaboom|90/100|[from] Recoil
|move|p2a: Archaludon|Snarl|p1b: Ursaluna|[spread] p1a,p1b
|-damage|p1a: Rillaboom|62/100
|-damage|p1b: Ursaluna|82/100
|-unboost|p1a: Rillaboom|spa|1
|-unboost|p1b: Ursaluna|spa|1
|
|-weather|RainDance|[upkeep]
|-heal|p1a: Rillaboom|68/100|[from] Grassy Terrain
|-heal|p1b: Ursaluna|88/100|[from] Grassy Terrain
|-heal|p2b: Incineroar|28/100|[from] Grassy Terrain
|upkeep
|turn|8
|inactive|hideinarea0 has 30 seconds left.
|inactive|mike6972 has 30 seconds left.
|
|t:|1756834494
|switch|p1a: Dragonite|Dragonite, L50, F, tera:Fairy|68/100
|move|p1b: Ursaluna|Earth Power|p2a: Archaludon
|-supereffective|p2a: Archaludon
|-damage|p2a: Archaludon|54/100
|-ability|p2a: Archaludon|Stamina|boost
|-boost|p2a: Archaludon|def|1
|move|p2a: Archaludon|Snarl|p1a: Dragonite|[spread] p1a,p1b
|-resisted|p1a: Dragonite
|-damage|p1a: Dragonite|54/100
|-damage|p1b: Ursaluna|71/100
|-unboost|p1a: Dragonite|spa|1
|-unboost|p1b: Ursaluna|spa|1
|move|p2b: Incineroar|Parting Shot|p1a: Dragonite
|-unboost|p1a: Dragonite|atk|1
|-unboost|p1a: Dragonite|spa|1
|
|t:|1756834511
|switch|p2b: Basculegion|Basculegion, L50, M|100/100|[from] Parting Shot
|
|-weather|RainDance|[upkeep]
|-heal|p1a: Dragonite|60/100|[from] Grassy Terrain
|-heal|p1b: Ursaluna|77/100|[from] Grassy Terrain
|-heal|p2a: Archaludon|60/100|[from] Grassy Terrain
|upkeep
|turn|9
|
|t:|1756834532
|switch|p2b: Incineroar|Incineroar, L50, M|28/100
|-ability|p2b: Incineroar|Intimidate|boost
|-unboost|p1a: Dragonite|atk|1
|-unboost|p1b: Ursaluna|atk|1
|move|p1a: Dragonite|Protect|p1a: Dragonite
|-singleturn|p1a: Dragonite|Protect
|move|p1b: Ursaluna|Earth Power|p2a: Archaludon
|-supereffective|p2a: Archaludon
|-damage|p2a: Archaludon|25/100
|-ability|p2a: Archaludon|Stamina|boost
|-boost|p2a: Archaludon|def|1
|move|p2a: Archaludon|Electro Shot||[still]
|-prepare|p2a: Archaludon|Electro Shot
|-boost|p2a: Archaludon|spa|1
|-anim|p2a: Archaludon|Electro Shot|p1a: Dragonite
|-activate|p1a: Dragonite|move: Protect
|
|-weather|RainDance|[upkeep]
|-heal|p1a: Dragonite|66/100|[from] Grassy Terrain
|-heal|p1b: Ursaluna|83/100|[from] Grassy Terrain
|-heal|p2a: Archaludon|31/100|[from] Grassy Terrain
|-heal|p2b: Incineroar|34/100|[from] Grassy Terrain
|-sideend|p1: hideinarea0|move: Tailwind
|upkeep
|turn|10
|
|t:|1756834552
|move|p2b: Incineroar|Fake Out|p1b: Ursaluna
|-damage|p1b: Ursaluna|75/100
|move|p1a: Dragonite|Haze|p1a: Dragonite
|-clearallboost
|move|p2a: Archaludon|Electro Shot||[still]
|-prepare|p2a: Archaludon|Electro Shot
|-boost|p2a: Archaludon|spa|1
|-anim|p2a: Archaludon|Electro Shot|p1a: Dragonite
|-damage|p1a: Dragonite|6/100
|cant|p1b: Ursaluna|flinch
|
|-weather|none
|-heal|p1a: Dragonite|12/100|[from] Grassy Terrain
|-heal|p2a: Archaludon|37/100|[from] Grassy Terrain
|-heal|p2b: Incineroar|40/100|[from] Grassy Terrain
|-heal|p1b: Ursaluna|81/100|[from] Grassy Terrain
|-fieldend|move: Grassy Terrain
|upkeep
|turn|11
|
|t:|1756834573
|switch|p2b: Pelipper|Pelipper, L50, F|83/100
|-weather|RainDance|[from] ability: Drizzle|[of] p2b: Pelipper
|move|p1a: Dragonite|Scale Shot|p2b: Pelipper
|-damage|p2b: Pelipper|66/100
|-damage|p2b: Pelipper|46/100
|-damage|p2b: Pelipper|29/100
|-damage|p2b: Pelipper|11/100
|-hitcount|p2b: Pelipper|4
|-unboost|p1a: Dragonite|def|1
|-boost|p1a: Dragonite|spe|1
|move|p2a: Archaludon|Snarl|p1b: Ursaluna|[spread] p1a,p1b
|-resisted|p1a: Dragonite
|-damage|p1a: Dragonite|2/100
|-damage|p1b: Ursaluna|68/100
|-unboost|p1a: Dragonite|spa|1
|-unboost|p1b: Ursaluna|spa|1
|move|p1b: Ursaluna|Blood Moon|p2a: Archaludon
|-resisted|p2a: Archaludon
|-damage|p2a: Archaludon|19/100
|-ability|p2a: Archaludon|Stamina|boost
|-boost|p2a: Archaludon|def|1
|
|-weather|RainDance|[upkeep]
|upkeep
|turn|12
|
|t:|1756834596
|move|p1a: Dragonite|Tailwind|p1a: Dragonite
|-sidestart|p1: hideinarea0|move: Tailwind
|move|p1b: Ursaluna|Hyper Voice|p2a: Archaludon|[spread] p2a,p2b
|-resisted|p2a: Archaludon
|-damage|p2a: Archaludon|10/100
|-damage|p2b: Pelipper|0 fnt
|-ability|p2a: Archaludon|Stamina|boost
|-boost|p2a: Archaludon|def|1
|faint|p2b: Pelipper
|move|p2a: Archaludon|Snarl|p1a: Dragonite|[spread] p1a,p1b
|-resisted|p1a: Dragonite
|-damage|p1a: Dragonite|0 fnt
|-damage|p1b: Ursaluna|54/100
|-unboost|p1b: Ursaluna|spa|1
|faint|p1a: Dragonite
|
|-weather|RainDance|[upkeep]
|upkeep
|
|t:|1756834611
|switch|p1a: Rillaboom|Rillaboom, L50, M|68/100
|switch|p2b: Incineroar|Incineroar, L50, M|40/100
|-fieldstart|move: Grassy Terrain|[from] ability: Grassy Surge|[of] p1a: Rillaboom
|-ability|p2b: Incineroar|Intimidate|boost
|-unboost|p1a: Rillaboom|atk|1
|-unboost|p1b: Ursaluna|atk|1
|turn|13
|
|t:|1756834625
|move|p2b: Incineroar|Fake Out|p1a: Rillaboom
|-damage|p1a: Rillaboom|57/100
|cant|p1a: Rillaboom|flinch
|move|p1b: Ursaluna|Earth Power|p2a: Archaludon
|-supereffective|p2a: Archaludon
|-damage|p2a: Archaludon|0 fnt
|faint|p2a: Archaludon
|
|-weather|RainDance|[upkeep]
|-heal|p1a: Rillaboom|63/100|[from] Grassy Terrain
|-heal|p1b: Ursaluna|60/100|[from] Grassy Terrain
|-heal|p2b: Incineroar|46/100|[from] Grassy Terrain
|upkeep
|
|t:|1756834634
|switch|p2a: Basculegion|Basculegion, L50, M|100/100
|turn|14
|
|t:|1756834658
|move|p2a: Basculegion|Protect|p2a: Basculegion
|-singleturn|p2a: Basculegion|Protect
|move|p1a: Rillaboom|Grassy Glide|p2a: Basculegion
|-activate|p2a: Basculegion|move: Protect
|move|p1b: Ursaluna|Vacuum Wave|p2a: Basculegion
|-activate|p2a: Basculegion|move: Protect
|move|p2b: Incineroar|Knock Off|p1a: Rillaboom
|-damage|p1a: Rillaboom|29/100
|-enditem|p1a: Rillaboom|Miracle Seed|[from] move: Knock Off|[of] p2b: Incineroar
|
|-weather|RainDance|[upkeep]
|-heal|p1a: Rillaboom|35/100|[from] Grassy Terrain
|-heal|p1b: Ursaluna|66/100|[from] Grassy Terrain
|-heal|p2b: Incineroar|52/100|[from] Grassy Terrain
|upkeep
|turn|15
|
|t:|1756834674
|move|p2a: Basculegion|Last Respects|p1a: Rillaboom
|-damage|p1a: Rillaboom|0 fnt
|faint|p1a: Rillaboom
|-damage|p2a: Basculegion|91/100|[from] item: Life Orb
|move|p1b: Ursaluna|Blood Moon|p2a: Basculegion
|-damage|p2a: Basculegion|45/100
|move|p2b: Incineroar|Parting Shot|p1b: Ursaluna
|-unboost|p1b: Ursaluna|atk|1
|-unboost|p1b: Ursaluna|spa|1
|
|-weather|none
|-heal|p2a: Basculegion|51/100|[from] Grassy Terrain
|-heal|p1b: Ursaluna|72/100|[from] Grassy Terrain
|-heal|p2b: Incineroar|58/100|[from] Grassy Terrain
|-sideend|p1: hideinarea0|move: Tailwind
|upkeep
|turn|16
|
|t:|1756834687
|-terastallize|p2a: Basculegion|Water
|move|p2a: Basculegion|Wave Crash|p1b: Ursaluna
|-supereffective|p1b: Ursaluna
|-damage|p1b: Ursaluna|0 fnt
|faint|p1b: Ursaluna
|-damage|p2a: Basculegion|26/100|[from] Recoil
|-damage|p2a: Basculegion|16/100|[from] item: Life Orb
|
|win|mike6972
||hideinarea0 is ready for game 2.
||mike6972 is ready for game 2.
|uhtml|next|Next: Game 2 of 3
