|j|☆psychic system
|j|☆11880USERSONLINE
|html|psychic system11880USERSONLINE    
|uhtml|bestof|Game 3 of a best-of-3
|t:|1757692901
|gametype|doubles
|player|p1|psychic system|dawn|1316
|player|p2|11880USERSONLINE|2|1312
|gen|9
|tier|[Gen 9] VGC 2025 Reg H (Bo3)
|rated|
|rule|Species Clause: Limit one of each Pokémon
|rule|Item Clause: Limit 1 of each item
|clearpoke
|poke|p1|Incineroar, L50, F|
|poke|p1|Florges, L50, F|
|poke|p1|Amoonguss, L50, F|
|poke|p1|Pelipper, L50, F|
|poke|p1|Garchomp, L50, M|
|poke|p1|Rillaboom, L50, M|
|poke|p2|Rillaboom, L50, F|
|poke|p2|Kingambit, L50, F|
|poke|p2|Sneasler, L50, F|
|poke|p2|Dragonite, L50, F|
|poke|p2|Magmar, L50, M|
|poke|p2|Dondozo, L50, F|
|teampreview|4
|showteam|p1|Incineroar||SafetyGoggles|Intimidate|FakeOut,KnockOff,FlareBlitz,PartingShot|||F|||50|,,,,,Ghost]Florges||Leftovers|FlowerVeil|Moonblast,DazzlingGleam,CalmMind,Protect|||F|||50|,,,,,Poison]Amoonguss||SitrusBerry|Regenerator|ClearSmog,Spore,PollenPuff,RagePowder|||F|||50|,,,,,Water]Pelipper||ChoiceScarf|Drizzle|MuddyWater,Hurricane,IcyWind,WeatherBall|||F|||50|,,,,,Water]Garchomp||ClearAmulet|RoughSkin|StompingTantrum,DragonClaw,SwordsDance,Protect|||M|||50|,,,,,Poison]Rillaboom||AssaultVest|GrassySurge|DrumBeating,GrassyGlide,HighHorsepower,FakeOut|||M|||50|,,,,,Fire
|showteam|p2|Rillaboom||AssaultVest|GrassySurge|WoodHammer,GrassyGlide,HighHorsepower,FakeOut|||F|||50|,,,,,Water]Kingambit||BlackGlasses|Defiant|KowtowCleave,SuckerPunch,SwordsDance,Protect|||F|||50|,,,,,Ghost]Sneasler||FocusSash|Unburden|DireClaw,CloseCombat,Coaching,Protect|||F|||50|,,,,,Stellar]Dragonite||LoadedDice|Multiscale|ScaleShot,StompingTantrum,Haze,Protect|||F|||50|,,,,,Fairy]Magmar||Eviolite|VitalSpirit|Overheat,WillOWisp,FollowMe,Protect|||M|||50|,,,,,Ghost]Dondozo||Leftovers|Unaware|Liquidation,Fissure,Yawn,Protect|||F|||50|,,,,,Bug
|inactive|Battle timer is ON: inactive players will automatically lose when time's up. (requested by psychic system)
|inactive|psychic system has 60 seconds left.
|
|t:|1757692936
|teamsize|p1|4
|teamsize|p2|4
|start
|switch|p1a: Florges|Florges, L50, F|100/100
|switch|p1b: Garchomp|Garchomp, L50, M|100/100
|switch|p2a: Kingambit|Kingambit, L50, F|100/100
|switch|p2b: Magmar|Magmar, L50, M|100/100
|turn|1
|
|t:|1757692951
|-terastallize|p2a: Kingambit|Ghost
|move|p1b: Garchomp|Stomping Tantrum|p2a: Kingambit
|-damage|p2a: Kingambit|76/100
|move|p2b: Magmar|Will-O-Wisp|p1b: Garchomp
|-status|p1b: Garchomp|brn
|move|p1a: Florges|Calm Mind|p1a: Florges
|-boost|p1a: Florges|spa|1
|-boost|p1a: Florges|spd|1
|move|p2a: Kingambit|Swords Dance|p2a: Kingambit
|-boost|p2a: Kingambit|atk|2
|
|-damage|p1b: Garchomp|95/100 brn|[from] brn
|upkeep
|turn|2
|
|t:|1757692974
|switch|p2b: Rillaboom|Rillaboom, L50, F|100/100
|-fieldstart|move: Grassy Terrain|[from] ability: Grassy Surge|[of] p2b: Rillaboom
|move|p1b: Garchomp|Swords Dance|p1b: Garchomp
|-boost|p1b: Garchomp|atk|2
|move|p1a: Florges|Dazzling Gleam|p2b: Rillaboom|[spread] p2a,p2b
|-damage|p2a: Kingambit|38/100
|-damage|p2b: Rillaboom|76/100
|move|p2a: Kingambit|Kowtow Cleave|p1a: Florges
|-resisted|p1a: Florges
|-damage|p1a: Florges|41/100
|
|-heal|p1b: Garchomp|100/100 brn|[from] Grassy Terrain
|-heal|p2b: Rillaboom|82/100|[from] Grassy Terrain
|-heal|p1a: Florges|48/100|[from] Grassy Terrain
|-heal|p1a: Florges|54/100|[from] item: Leftovers
|-heal|p2a: Kingambit|44/100|[from] Grassy Terrain
|-damage|p1b: Garchomp|95/100 brn|[from] brn
|upkeep
|turn|3
|inactive|psychic system has 30 seconds left.
|inactive|psychic system has 20 seconds left.
|inactive|psychic system has 15 seconds left.
|inactive|psychic system has 10 seconds left.
|inactive|psychic system has 5 seconds left.
|
|t:|1757693028
|move|p2b: Rillaboom|Fake Out|p1b: Garchomp
|-damage|p1b: Garchomp|82/100 brn
|-damage|p2b: Rillaboom|69/100|[from] ability: Rough Skin|[of] p1b: Garchomp
|cant|p1b: Garchomp|flinch
|move|p1a: Florges|Dazzling Gleam|p2a: Kingambit|[spread] p2a,p2b
|-damage|p2a: Kingambit|11/100
|-damage|p2b: Rillaboom|46/100
|move|p2a: Kingambit|Kowtow Cleave|p1a: Florges
|-resisted|p1a: Florges
|-damage|p1a: Florges|0 fnt
|faint|p1a: Florges
|
|-heal|p1b: Garchomp|88/100 brn|[from] Grassy Terrain
|-heal|p2b: Rillaboom|52/100|[from] Grassy Terrain
|-heal|p2a: Kingambit|17/100|[from] Grassy Terrain
|-damage|p1b: Garchomp|82/100 brn|[from] brn
|upkeep
|
|t:|1757693046
|switch|p1a: Amoonguss|Amoonguss, L50, F|100/100
|turn|4
|
|t:|1757693056
|move|p2a: Kingambit|Protect|p2a: Kingambit
|-singleturn|p2a: Kingambit|Protect
|move|p1b: Garchomp|Swords Dance|p1b: Garchomp
|-boost|p1b: Garchomp|atk|2
|move|p2b: Rillaboom|Wood Hammer|p1b: Garchomp
|-damage|p1b: Garchomp|13/100 brn
|-damage|p2b: Rillaboom|40/100|[from] ability: Rough Skin|[of] p1b: Garchomp
|-damage|p2b: Rillaboom|17/100|[from] Recoil
|move|p1a: Amoonguss|Spore|p2a: Kingambit
|-activate|p2a: Kingambit|move: Protect
|
|-heal|p1b: Garchomp|19/100 brn|[from] Grassy Terrain
|-heal|p2b: Rillaboom|23/100|[from] Grassy Terrain
|-heal|p2a: Kingambit|23/100|[from] Grassy Terrain
|-damage|p1b: Garchomp|13/100 brn|[from] brn
|upkeep
|turn|5
|
|t:|1757693074
|move|p1b: Garchomp|Protect|p1b: Garchomp
|-singleturn|p1b: Garchomp|Protect
|move|p2b: Rillaboom|Grassy Glide|p1b: Garchomp
|-activate|p1b: Garchomp|move: Protect
|move|p2a: Kingambit|Kowtow Cleave|p1a: Amoonguss
|-damage|p1a: Amoonguss|18/100
|-enditem|p1a: Amoonguss|Sitrus Berry|[eat]
|-heal|p1a: Amoonguss|43/100|[from] item: Sitrus Berry
|move|p1a: Amoonguss|Spore|p2a: Kingambit
|-status|p2a: Kingambit|slp|[from] move: Spore
|
|-heal|p1b: Garchomp|19/100 brn|[from] Grassy Terrain
|-heal|p2b: Rillaboom|29/100|[from] Grassy Terrain
|-heal|p2a: Kingambit|29/100 slp|[from] Grassy Terrain
|-heal|p1a: Amoonguss|49/100|[from] Grassy Terrain
|-damage|p1b: Garchomp|13/100 brn|[from] brn
|upkeep
|turn|6
|inactive|psychic system has 30 seconds left.
|
|t:|1757693106
|switch|p1b: Incineroar|Incineroar, L50, F|100/100
|-ability|p1b: Incineroar|Intimidate|boost
|-unboost|p2a: Kingambit|atk|1
|-ability|p2a: Kingambit|Defiant|boost
|-boost|p2a: Kingambit|atk|2
|-unboost|p2b: Rillaboom|atk|1
|move|p2b: Rillaboom|Grassy Glide|p1b: Incineroar
|-resisted|p1b: Incineroar
|-damage|p1b: Incineroar|90/100
|cant|p2a: Kingambit|slp
|move|p1a: Amoonguss|Pollen Puff|p2b: Rillaboom
|-supereffective|p2b: Rillaboom
|-damage|p2b: Rillaboom|4/100
|
|-heal|p2b: Rillaboom|10/100|[from] Grassy Terrain
|-heal|p1b: Incineroar|96/100|[from] Grassy Terrain
|-heal|p2a: Kingambit|34/100 slp|[from] Grassy Terrain
|-heal|p1a: Amoonguss|55/100|[from] Grassy Terrain
|-fieldend|move: Grassy Terrain
|upkeep
|turn|7
|
|t:|1757693126
|switch|p2b: Magmar|Magmar, L50, M|100/100
|switch|p1a: Garchomp|Garchomp, L50, M|13/100 brn
|cant|p2a: Kingambit|slp
|move|p1b: Incineroar|Knock Off|p2a: Kingambit
|-supereffective|p2a: Kingambit
|-damage|p2a: Kingambit|0 fnt
|-enditem|p2a: Kingambit|Black Glasses|[from] move: Knock Off|[of] p1b: Incineroar
|faint|p2a: Kingambit
|
|-damage|p1a: Garchomp|7/100 brn|[from] brn
|upkeep
|
|t:|1757693136
|switch|p2a: Sneasler|Sneasler, L50, F|100/100
|turn|8
|inactive|psychic system has 30 seconds left.
|inactive|psychic system has 20 seconds left.
|inactive|psychic system has 15 seconds left.
|inactive|psychic system has 10 seconds left.
|
|t:|1757693183
|switch|p1a: Amoonguss|Amoonguss, L50, F|88/100
|move|p2a: Sneasler|Protect|p2a: Sneasler
|-singleturn|p2a: Sneasler|Protect
|move|p2b: Magmar|Protect|p2b: Magmar
|-singleturn|p2b: Magmar|Protect
|move|p1b: Incineroar|Fake Out||[still]
|-hint|Fake Out only works on your first turn out.
|-fail|p1b: Incineroar
|
|upkeep
|turn|9
|inactive|psychic system has 30 seconds left.
|
|t:|1757693209
|-terastallize|p1b: Incineroar|Ghost
|move|p2b: Magmar|Follow Me|p2b: Magmar
|-singleturn|p2b: Magmar|move: Follow Me
|move|p2a: Sneasler|Coaching|p2b: Magmar
|-boost|p2b: Magmar|atk|1
|-boost|p2b: Magmar|def|1
|move|p1b: Incineroar|Knock Off|p2b: Magmar
|-damage|p2b: Magmar|79/100
|-enditem|p2b: Magmar|Eviolite|[from] move: Knock Off|[of] p1b: Incineroar
|move|p1a: Amoonguss|Spore|p2b: Magmar
|-immune|p2b: Magmar|[from] ability: Vital Spirit
|
|upkeep
|turn|10
|inactive|psychic system has 30 seconds left.
|
|t:|1757693235
|move|p2b: Magmar|Follow Me|p2b: Magmar
|-singleturn|p2b: Magmar|move: Follow Me
|move|p2a: Sneasler|Coaching|p2b: Magmar
|-boost|p2b: Magmar|atk|1
|-boost|p2b: Magmar|def|1
|move|p1b: Incineroar|Knock Off|p2b: Magmar
|-damage|p2b: Magmar|64/100
|move|p1a: Amoonguss|Spore|p2b: Magmar
|-immune|p2b: Magmar|[from] ability: Vital Spirit
|
|upkeep
|turn|11
|
|t:|1757693251
|move|p2b: Magmar|Follow Me|p2b: Magmar
|-singleturn|p2b: Magmar|move: Follow Me
|move|p2a: Sneasler|Coaching|p2b: Magmar
|-boost|p2b: Magmar|atk|1
|-boost|p2b: Magmar|def|1
|move|p1b: Incineroar|Knock Off|p2b: Magmar
|-damage|p2b: Magmar|50/100
|move|p1a: Amoonguss|Pollen Puff|p2b: Magmar
|-resisted|p2b: Magmar
|-damage|p2b: Magmar|40/100
|
|upkeep
|turn|12
|
|t:|1757693273
|move|p2a: Sneasler|Dire Claw|p1a: Amoonguss
|-damage|p1a: Amoonguss|57/100
|move|p2b: Magmar|Overheat|p1a: Amoonguss
|-supereffective|p1a: Amoonguss
|-damage|p1a: Amoonguss|0 fnt
|-unboost|p2b: Magmar|spa|2
|faint|p1a: Amoonguss
|move|p1b: Incineroar|Knock Off|p2b: Magmar
|-damage|p2b: Magmar|28/100
|
|upkeep
|
|t:|1757693283
|switch|p1a: Garchomp|Garchomp, L50, M|7/100 brn
|turn|13
|
|t:|1757693291
|move|p2a: Sneasler|Protect|p2a: Sneasler
|-singleturn|p2a: Sneasler|Protect
|move|p1a: Garchomp|Protect|p1a: Garchomp
|-singleturn|p1a: Garchomp|Protect
|move|p2b: Magmar|Protect|p2b: Magmar
|-singleturn|p2b: Magmar|Protect
|move|p1b: Incineroar|Flare Blitz|p2a: Sneasler
|-activate|p2a: Sneasler|move: Protect
|
|-damage|p1a: Garchomp|1/100 brn|[from] brn
|upkeep
|turn|14
|
|t:|1757693305
|move|p2b: Magmar|Follow Me|p2b: Magmar
|-singleturn|p2b: Magmar|move: Follow Me
|move|p2a: Sneasler|Dire Claw|p1a: Garchomp
|-resisted|p1a: Garchomp
|-damage|p1a: Garchomp|0 fnt
|-damage|p2a: Sneasler|88/100|[from] ability: Rough Skin|[of] p1a: Garchomp
|faint|p1a: Garchomp
|move|p1b: Incineroar|Flare Blitz|p2b: Magmar
|-resisted|p2b: Magmar
|-damage|p2b: Magmar|16/100
|-damage|p1b: Incineroar|93/100|[from] Recoil
|
|upkeep
|turn|15
|
|t:|1757693318
|switch|p2a: Rillaboom|Rillaboom, L50, F|10/100
|-fieldstart|move: Grassy Terrain|[from] ability: Grassy Surge|[of] p2a: Rillaboom
|move|p2b: Magmar|Protect|p2b: Magmar
|-singleturn|p2b: Magmar|Protect
|move|p1b: Incineroar|Knock Off|p2b: Magmar
|-activate|p2b: Magmar|move: Protect
|
|-heal|p2b: Magmar|22/100|[from] Grassy Terrain
|-heal|p2a: Rillaboom|16/100|[from] Grassy Terrain
|-heal|p1b: Incineroar|99/100|[from] Grassy Terrain
|upkeep
|turn|16
|
|t:|1757693335
|move|p2b: Magmar|Will-O-Wisp|p1b: Incineroar
|-status|p1b: Incineroar|brn
|move|p2a: Rillaboom|Wood Hammer|p1b: Incineroar
|-damage|p1b: Incineroar|27/100 brn
|-damage|p2a: Rillaboom|0 fnt|[from] Recoil
|faint|p2a: Rillaboom
|move|p1b: Incineroar|Flare Blitz|p2b: Magmar
|-resisted|p2b: Magmar
|-damage|p2b: Magmar|16/100
|-damage|p1b: Incineroar|26/100 brn|[from] Recoil
|
|-heal|p2b: Magmar|22/100|[from] Grassy Terrain
|-heal|p1b: Incineroar|32/100 brn|[from] Grassy Terrain
|-damage|p1b: Incineroar|26/100 brn|[from] brn
|upkeep
|
|t:|1757693344
|switch|p2a: Sneasler|Sneasler, L50, F|88/100
|turn|17
|-message|psychic system forfeited.
|
|win|11880USERSONLINE
|raw|psychic system's rating: 1316 → 1296(-20 for losing)
|raw|11880USERSONLINE's rating: 1312 → 1332(+20 for winning)
