|j|☆Oscarm92
|j|☆Z4RDEL
|html|Oscarm92Z4RDEL    
|uhtml|bestof|Game 2 of a best-of-3
|t:|1783181398
|gametype|doubles
|player|p1|Oscarm92|266|1269
|player|p2|Z4RDEL|miku-fire|1191
|gen|9
|tier|[Gen 9 Champions] VGC 2026 Reg M-B (Bo3)
|rated|
|rule|Species Clause: Limit one of each Pokémon
|rule|Item Clause: Limit 1 of each item
|clearpoke
|poke|p1|Charizard, L50, M, shiny|
|poke|p1|Aerodactyl, L50, M|
|poke|p1|Garchomp, L50, M, shiny|
|poke|p1|Kingambit, L50, M|
|poke|p1|Sylveon, L50, F|
|poke|p1|Farigiraf, L50, M|
|poke|p2|Froslass, L50, F|
|poke|p2|Glimmora, L50, M|
|poke|p2|Sinistcha-Masterpiece, L50|
|poke|p2|Archaludon, L50, M|
|poke|p2|Incineroar, L50, M|
|poke|p2|Tyranitar, L50, M|
|teampreview|4
|showteam|p1|Charizard||CharizarditeY|Blaze|HeatWave,WeatherBall,SolarBeam,Protect|Modest||M|||50|]Aerodactyl||Aerodactylite|RockHead|IceFang,RockSlide,Tailwind,DualWingbeat|Jolly||M|||50|]Garchomp||LifeOrb|RoughSkin|DragonClaw,StompingTantrum,Earthquake,Protect|Jolly||M|||50|]Kingambit||FocusSash|Defiant|SuckerPunch,KowtowCleave,IronHead,LowKick|Adamant||M|||50|]Sylveon||FairyFeather|Pixilate|QuickAttack,HyperVoice,HyperBeam,Protect|Modest||F|||50|]Farigiraf||SitrusBerry|ArmorTail|TrickRoom,Thunderbolt,GrassKnot,TwinBeam|Bold||M|||50|
|showteam|p2|Froslass||Froslassite|SnowCloak|AuroraVeil,Blizzard,ShadowBall,Protect|Modest||F|||50|]Glimmora||FocusSash|ToxicDebris|PowerGem,EarthPower,MortalSpin,StealthRock|Modest||M|||50|]Sinistcha-Masterpiece||SitrusBerry|Hospitality|MatchaGotcha,TrickRoom,RagePowder,LifeDew|Sassy|||||50|]Archaludon||Leftovers|Stamina|ElectroShot,FlashCannon,DracoMeteor,Protect|Bold||M|||50|]Incineroar||QuickClaw|Intimidate|PartingShot,FakeOut,FlareBlitz,DarkestLariat|Adamant||M|||50|]Tyranitar||Tyranitarite|SandStream|RockSlide,Curse,Crunch,Roar|Adamant||M|||50|
|inactive|Battle timer is ON: inactive players will automatically lose when time's up. (requested by Z4RDEL)
|
|t:|1783181435
|teamsize|p1|4
|teamsize|p2|4
|start
|switch|p1a: Sylveon|Sylveon, L50, F|100/100
|switch|p1b: Farigiraf|Farigiraf, L50, M|100/100
|switch|p2a: Tyranitar|Tyranitar, L50, M|100/100
|switch|p2b: Sinistcha|Sinistcha-Masterpiece, L50|100/100
|-weather|Sandstorm|[from] ability: Sand Stream|[of] p2a: Tyranitar
|turn|1
|
|t:|1783181459
|detailschange|p2a: Tyranitar|Tyranitar-Mega, L50, M
|-mega|p2a: Tyranitar|Tyranitar|Tyranitarite
|move|p2a: Tyranitar|Rock Slide|p1a: Sylveon|[spread] p1a,p1b
|-damage|p1a: Sylveon|61/100
|-damage|p1b: Farigiraf|73/100
|move|p1a: Sylveon|Hyper Voice|p2b: Sinistcha|[spread] p2a,p2b
|-supereffective|p2a: Tyranitar|1
|-damage|p2a: Tyranitar|47/100
|-damage|p2b: Sinistcha|61/100
|cant|p1b: Farigiraf|flinch
|move|p2b: Sinistcha|Trick Room|p2b: Sinistcha
|-fieldstart|move: Trick Room|[of] p2b: Sinistcha
|
|-weather|Sandstorm|[upkeep]
|-damage|p1b: Farigiraf|67/100|[from] Sandstorm
|-damage|p2b: Sinistcha|55/100|[from] Sandstorm
|-damage|p1a: Sylveon|54/100|[from] Sandstorm
|upkeep
|turn|2
|
|t:|1783181478
|move|p1b: Farigiraf|Grass Knot|p2a: Tyranitar
|-supereffective|p2a: Tyranitar|1
|-damage|p2a: Tyranitar|17/100
|move|p2b: Sinistcha|Life Dew|p2b: Sinistcha|[spread] p2a,p2b
|-heal|p2a: Tyranitar|42/100
|-heal|p2b: Sinistcha|80/100
|move|p1a: Sylveon|Hyper Voice|p2a: Tyranitar|[spread] p2a,p2b
|-supereffective|p2a: Tyranitar|1
|-crit|p2a: Tyranitar
|-damage|p2a: Tyranitar|0 fnt
|-damage|p2b: Sinistcha|43/100
|-enditem|p2b: Sinistcha|Sitrus Berry|[eat]
|-heal|p2b: Sinistcha|67/100|[from] item: Sitrus Berry
|faint|p2a: Tyranitar
|
|-weather|Sandstorm|[upkeep]
|-damage|p1b: Farigiraf|61/100|[from] Sandstorm
|-damage|p2b: Sinistcha|61/100|[from] Sandstorm
|-damage|p1a: Sylveon|48/100|[from] Sandstorm
|upkeep
|
|t:|1783181488
|switch|p2a: Archaludon|Archaludon, L50, M|100/100
|turn|3
|
|t:|1783181501
|switch|p1b: Charizard|Charizard, L50, M, shiny|100/100
|move|p2b: Sinistcha|Matcha Gotcha|p1b: Charizard|[spread] p1a,p1b
|-resisted|p1b: Charizard|2
|-damage|p1a: Sylveon|29/100
|-heal|p2b: Sinistcha|71/100|[from] drain|[of] p1a: Sylveon
|-damage|p1b: Charizard|93/100
|-heal|p2b: Sinistcha|74/100|[from] drain|[of] p1b: Charizard
|move|p1a: Sylveon|Hyper Voice|p2a: Archaludon|[spread] p2a,p2b
|-damage|p2a: Archaludon|40/100
|-damage|p2b: Sinistcha|34/100
|-ability|p2a: Archaludon|Stamina|boost
|-boost|p2a: Archaludon|def|1
|move|p2a: Archaludon|Flash Cannon|p1a: Sylveon
|-supereffective|p1a: Sylveon|1
|-damage|p1a: Sylveon|0 fnt
|faint|p1a: Sylveon
|
|-weather|Sandstorm|[upkeep]
|-damage|p2b: Sinistcha|28/100|[from] Sandstorm
|-damage|p1b: Charizard|87/100|[from] Sandstorm
|-heal|p2a: Archaludon|46/100|[from] item: Leftovers
|upkeep
|
|t:|1783181507
|switch|p1a: Kingambit|Kingambit, L50, M|100/100
|turn|4
|
|t:|1783181516
|switch|p2b: Incineroar|Incineroar, L50, M|100/100
|-ability|p2b: Incineroar|Intimidate|boost
|-unboost|p1a: Kingambit|atk|1
|-ability|p1a: Kingambit|Defiant|boost
|-boost|p1a: Kingambit|atk|2
|-unboost|p1b: Charizard|atk|1
|detailschange|p1b: Charizard|Charizard-Mega-Y, L50, M, shiny
|-mega|p1b: Charizard|Charizard|Charizardite Y
|-weather|SunnyDay|[from] ability: Drought|[of] p1b: Charizard
|move|p2a: Archaludon|Protect|p2a: Archaludon
|-singleturn|p2a: Archaludon|Protect
|move|p1a: Kingambit|Kowtow Cleave|p2b: Incineroar
|-resisted|p2b: Incineroar|1
|-damage|p2b: Incineroar|62/100
|move|p1b: Charizard|Heat Wave|p2a: Archaludon|[spread] p2b
|-activate|p2a: Archaludon|move: Protect
|-resisted|p2b: Incineroar|1
|-damage|p2b: Incineroar|32/100
|
|-weather|SunnyDay|[upkeep]
|-heal|p2a: Archaludon|52/100|[from] item: Leftovers
|upkeep
|turn|5
|inactive|Oscarm92 has 30 seconds left.
|c|☆Z4RDEL|When I need trick room it just last like 2 turns
|c|☆Z4RDEL|Shit
|inactive|Oscarm92 has 20 seconds left.
|
|t:|1783181555
|switch|p1a: Farigiraf|Farigiraf, L50, M|61/100
|move|p2b: Incineroar|Flare Blitz|p1a: Farigiraf
|-damage|p1a: Farigiraf|0 fnt
|faint|p1a: Farigiraf
|-damage|p2b: Incineroar|9/100|[from] Recoil
|move|p2a: Archaludon|Draco Meteor|p1b: Charizard|[miss]
|-miss|p2a: Archaludon|p1b: Charizard
|move|p1b: Charizard|Heat Wave|p2b: Incineroar|[spread] p2a,p2b
|-resisted|p2b: Incineroar|1
|-damage|p2a: Archaludon|0 fnt
|-damage|p2b: Incineroar|0 fnt
|faint|p2a: Archaludon
|faint|p2b: Incineroar
|
|-weather|SunnyDay|[upkeep]
|-fieldend|move: Trick Room
|upkeep
|-message|Z4RDEL forfeited.
|
|win|Oscarm92
|l|☆Z4RDEL
|player|p2|
||Z4RDEL is ready for game 3.
|inactive|Oscarm92 has 30 seconds to confirm battle start!
|inactive|Oscarm92 has 20 seconds to confirm battle start!
||Oscarm92 is ready for game 3.
|uhtml|next|Next: Game 3 of 3
