|j|☆DondozoPlease
|j|☆maikage
|html|DondozoPleasemaikage    
|uhtml|bestof|Game 1 of a best-of-3
|t:|1757688534
|gametype|doubles
|player|p1|DondozoPlease|101|1093
|player|p2|maikage|firebreather|1105
|gen|9
|tier|[Gen 9] VGC 2025 Reg H (Bo3)
|rated|
|rule|Species Clause: Limit one of each Pokémon
|rule|Item Clause: Limit 1 of each item
|clearpoke
|poke|p1|Jumpluff, L50, M|
|poke|p1|Torkoal, L50, F|
|poke|p1|Typhlosion-Hisui, L50, F|
|poke|p1|Garchomp, L50, F|
|poke|p1|Dragonite, L50, F|
|poke|p1|Kingambit, L50, F|
|poke|p2|Ursaluna-Bloodmoon, L50, M|
|poke|p2|Gholdengo, L50|
|poke|p2|Dragonite, L50, F|
|poke|p2|Sneasler, L50, M|
|poke|p2|Incineroar, L50, M|
|poke|p2|Amoonguss, L50, M|
|teampreview|4
|showteam|p1|Jumpluff||CovertCloak|Chlorophyll|LeafStorm,SleepPowder,Encore,Tailwind|||M|||50|,,,,,Poison]Torkoal||EjectPack|Drought|Overheat,BurningJealousy,HelpingHand,Protect|||F|||50|,,,,,Flying]Typhlosion-Hisui||ChoiceSpecs|Blaze|Eruption,ShadowBall,HeatWave,Flamethrower|||F|||50|,,,,,Fire]Garchomp||LifeOrb|RoughSkin|DragonClaw,StompingTantrum,Earthquake,Protect|||F|||50|,,,,,Steel]Dragonite||LoadedDice|Multiscale|ExtremeSpeed,ScaleShot,IceSpinner,Protect|||F|||50|,,,,,Fairy]Kingambit||AssaultVest|Defiant|IronHead,SuckerPunch,KowtowCleave,LowKick|||F|||50|,,,,,Flying
|showteam|p2|Ursaluna-Bloodmoon||AssaultVest|MindsEye|BloodMoon,EarthPower,VacuumWave,HyperVoice|||M|||50|,,,,,Water]Gholdengo||LifeOrb|GoodasGold|Protect,MakeItRain,ShadowBall,NastyPlot||||||50|,,,,,Water]Dragonite||LoadedDice|Multiscale|ScaleShot,Tailwind,Haze,Protect|||F|||50|,,,,,Fairy]Sneasler||FocusSash|Unburden|Protect,DireClaw,CloseCombat,ThroatChop|||M|||50|,,,,,Stellar]Incineroar||SafetyGoggles|Intimidate|KnockOff,PartingShot,FlareBlitz,FakeOut|||M|||50|,,,,,Ghost]Amoonguss||SitrusBerry|Regenerator|RagePowder,Spore,PollenPuff,Protect|||M|||50|,,,,,Psychic
|inactive|Battle timer is ON: inactive players will automatically lose when time's up. (requested by maikage)
|inactive|DondozoPlease has 60 seconds left.
|inactive|maikage has 60 seconds left.
|inactive|maikage has 30 seconds left.
|inactive|DondozoPlease has 30 seconds left.
|
|t:|1757688610
|teamsize|p1|4
|teamsize|p2|4
|start
|switch|p1a: Jumpluff|Jumpluff, L50, M|100/100
|switch|p1b: Dragonite|Dragonite, L50, F|100/100
|switch|p2a: Dragonite|Dragonite, L50, F|100/100
|switch|p2b: Sneasler|Sneasler, L50, M|100/100
|turn|1
|inactive|DondozoPlease has 30 seconds left.
|inactive|maikage has 30 seconds left.
|inactive|maikage has 20 seconds left.
|inactive|maikage has 15 seconds left.
|
|t:|1757688650
|-terastallize|p1b: Dragonite|Fairy
|move|p2b: Sneasler|Protect|p2b: Sneasler
|-singleturn|p2b: Sneasler|Protect
|move|p2a: Dragonite|Protect|p2a: Dragonite
|-singleturn|p2a: Dragonite|Protect
|move|p1a: Jumpluff|Tailwind|p1a: Jumpluff
|-sidestart|p1: DondozoPlease|move: Tailwind
|move|p1b: Dragonite|Scale Shot|p2b: Sneasler
|-activate|p2b: Sneasler|move: Protect
|
|upkeep
|turn|2
|
|t:|1757688667
|move|p1a: Jumpluff|Sleep Powder|p2a: Dragonite
|-status|p2a: Dragonite|slp|[from] move: Sleep Powder
|move|p1b: Dragonite|Scale Shot|p2b: Sneasler
|-damage|p2b: Sneasler|77/100
|-damage|p2b: Sneasler|51/100
|-damage|p2b: Sneasler|28/100
|-damage|p2b: Sneasler|0 fnt
|faint|p2b: Sneasler
|-hitcount|p2: Sneasler|4
|-unboost|p1b: Dragonite|def|1
|-boost|p1b: Dragonite|spe|1
|cant|p2a: Dragonite|slp
|
|upkeep
|
|t:|1757688679
|switch|p2b: Incineroar|Incineroar, L50, M|100/100
|-ability|p2b: Incineroar|Intimidate|boost
|-unboost|p1a: Jumpluff|atk|1
|-unboost|p1b: Dragonite|atk|1
|turn|3
|
|t:|1757688699
|switch|p1b: Typhlosion|Typhlosion-Hisui, L50, F, shiny|100/100
|switch|p1a: Torkoal|Torkoal, L50, F, shiny|100/100
|-weather|SunnyDay|[from] ability: Drought|[of] p1a: Torkoal
|cant|p2a: Dragonite|slp
|move|p2b: Incineroar|Flare Blitz|p1a: Torkoal
|-resisted|p1a: Torkoal
|-damage|p1a: Torkoal|71/100
|-damage|p2b: Incineroar|92/100|[from] Recoil
|
|-weather|SunnyDay|[upkeep]
|upkeep
|turn|4
|inactive|DondozoPlease has 30 seconds left.
|inactive|DondozoPlease has 20 seconds left.
|inactive|DondozoPlease has 15 seconds left.
|inactive|DondozoPlease has 10 seconds left.
|inactive|DondozoPlease has 5 seconds left.
|
|t:|1757688751
|switch|p1b: Jumpluff|Jumpluff, L50, M|100/100
|switch|p1a: Dragonite|Dragonite, L50, F, tera:Fairy|100/100
|cant|p2a: Dragonite|slp
|move|p2b: Incineroar|Parting Shot|p1b: Jumpluff
|-unboost|p1b: Jumpluff|atk|1
|-unboost|p1b: Jumpluff|spa|1
|
|t:|1757688763
|switch|p2b: Ursaluna|Ursaluna-Bloodmoon, L50, M|100/100|[from] Parting Shot
|
|-weather|SunnyDay|[upkeep]
|-sideend|p1: DondozoPlease|move: Tailwind
|upkeep
|turn|5
|
|t:|1757688783
|switch|p2b: Incineroar|Incineroar, L50, M|92/100
|-ability|p2b: Incineroar|Intimidate|boost
|-unboost|p1a: Dragonite|atk|1
|-unboost|p1b: Jumpluff|atk|1
|-terastallize|p2a: Dragonite|Fairy
|move|p1b: Jumpluff|Tailwind|p1b: Jumpluff
|-sidestart|p1: DondozoPlease|move: Tailwind
|move|p1a: Dragonite|Scale Shot|p2a: Dragonite
|-immune|p2a: Dragonite
|-curestatus|p2a: Dragonite|slp|[msg]
|move|p2a: Dragonite|Scale Shot|p1b: Jumpluff
|-damage|p1b: Jumpluff|82/100
|-damage|p1b: Jumpluff|64/100
|-damage|p1b: Jumpluff|43/100
|-damage|p1b: Jumpluff|24/100
|-damage|p1b: Jumpluff|5/100
|-hitcount|p1b: Jumpluff|5
|-unboost|p2a: Dragonite|def|1
|-boost|p2a: Dragonite|spe|1
|
|-weather|SunnyDay|[upkeep]
|upkeep
|turn|6
|inactive|maikage has 30 seconds left.
|inactive|maikage has 20 seconds left.
|inactive|maikage has 15 seconds left.
|inactive|maikage has 10 seconds left.
|
|t:|1757688830
|switch|p1a: Typhlosion|Typhlosion-Hisui, L50, F, shiny|100/100
|switch|p2a: Ursaluna|Ursaluna-Bloodmoon, L50, M|100/100
|move|p2b: Incineroar|Fake Out|p1b: Jumpluff
|-damage|p1b: Jumpluff|0 fnt
|faint|p1b: Jumpluff
|
|-weather|SunnyDay|[upkeep]
|upkeep
|inactive|DondozoPlease has 30 seconds left.
|
|t:|1757688857
|switch|p1b: Dragonite|Dragonite, L50, F, tera:Fairy|100/100
|turn|7
|inactive|maikage has 30 seconds left.
|
|t:|1757688891
|move|p1b: Dragonite|Extreme Speed|p2b: Incineroar
|-damage|p2b: Incineroar|62/100
|move|p1a: Typhlosion|Eruption|p2a: Ursaluna|[spread] p2a,p2b
|-resisted|p2b: Incineroar
|-damage|p2a: Ursaluna|24/100
|-damage|p2b: Incineroar|5/100
|move|p2b: Incineroar|Parting Shot|p1b: Dragonite
|-unboost|p1b: Dragonite|atk|1
|-unboost|p1b: Dragonite|spa|1
|
|t:|1757688900
|switch|p2b: Dragonite|Dragonite, L50, F, tera:Fairy|100/100|[from] Parting Shot
|move|p2a: Ursaluna|Blood Moon|p1b: Dragonite
|-damage|p1b: Dragonite|65/100
|
|-weather|none
|upkeep
|turn|8
|
|t:|1757688919
|switch|p1b: Torkoal|Torkoal, L50, F, shiny|71/100
|-weather|SunnyDay|[from] ability: Drought|[of] p1b: Torkoal
|switch|p2a: Incineroar|Incineroar, L50, M|5/100
|-ability|p2a: Incineroar|Intimidate|boost
|-unboost|p1a: Typhlosion|atk|1
|-unboost|p1b: Torkoal|atk|1
|-enditem|p1b: Torkoal|Eject Pack
|
|t:|1757688930
|switch|p1b: Dragonite|Dragonite, L50, F, tera:Fairy|65/100
|move|p2b: Dragonite|Protect|p2b: Dragonite
|-singleturn|p2b: Dragonite|Protect
|move|p1a: Typhlosion|Eruption|p2a: Incineroar|[spread] p2a
|-activate|p2b: Dragonite|move: Protect
|-resisted|p2a: Incineroar
|-damage|p2a: Incineroar|0 fnt
|faint|p2a: Incineroar
|
|-weather|SunnyDay|[upkeep]
|-sideend|p1: DondozoPlease|move: Tailwind
|upkeep
|
|t:|1757688940
|switch|p2a: Ursaluna|Ursaluna-Bloodmoon, L50, M|24/100
|turn|9
|
|t:|1757688954
|move|p1b: Dragonite|Extreme Speed|p2b: Dragonite
|-damage|p2b: Dragonite|82/100
|move|p1a: Typhlosion|Eruption|p2a: Ursaluna|[spread] p2a,p2b
|-damage|p2a: Ursaluna|0 fnt
|-damage|p2b: Dragonite|0 fnt
|faint|p2a: Ursaluna
|faint|p2b: Dragonite
|
|win|DondozoPlease
|l|☆maikage
|player|p2|
||DondozoPlease is ready for game 2.
|inactive|maikage has 30 seconds to confirm battle start!
||maikage is ready for game 2.
|uhtml|next|Next: Game 2 of 3
