|j|☆I am the Sweeper
|j|☆Lewis94
|html|I am the SweeperLewis94    
|uhtml|bestof|Game 1 of a best-of-3
|t:|1756228043
|gametype|doubles
|player|p1|I am the Sweeper|janitor|
|player|p2|Lewis94|ethan-gen2|
|gen|9
|tier|[Gen 9] VGC 2025 Reg H (Bo3)
|rule|Species Clause: Limit one of each Pokémon
|rule|Item Clause: Limit 1 of each item
|clearpoke
|poke|p1|Garganacl, L50, M|
|poke|p1|Dondozo, L50, F|
|poke|p1|Sneasler, L50, F|
|poke|p1|Gholdengo, L50|
|poke|p1|Ninetales-Alola, L50, F|
|poke|p1|Incineroar, L50, M|
|poke|p2|Garchomp, L50, F|
|poke|p2|Whimsicott, L50, F|
|poke|p2|Dragonite, L50, M|
|poke|p2|Typhlosion-Hisui, L50, M|
|poke|p2|Torkoal, L50, M|
|poke|p2|Kingambit, L50, M|
|teampreview|4
|showteam|p1|Garganacl||MarangaBerry|PurifyingSalt|SaltCure,StealthRock,Protect,Recover|||M|||50|,,,,,Flying]Dondozo||Leftovers|Unaware|Liquidation,Yawn,Curse,Protect|||F|||50|,,,,,Poison]Sneasler||FocusSash|PoisonTouch|DireClaw,CloseCombat,Coaching,Protect|||F|||50|,,,,,Ghost]Gholdengo||ChoiceScarf|GoodasGold|MakeItRain,ShadowBall,Trick,PowerGem||||||50|,,,,,Steel]Ninetales-Alola||NeverMeltIce|SnowWarning|Blizzard,FreezeDry,Protect,AuroraVeil|||F|||50|,,,,,Ice]Incineroar||AssaultVest|Intimidate|FlareBlitz,KnockOff,FakeOut,DrainPunch|||M|||50|,,,,,Grass
|showteam|p2|Garchomp||LifeOrb|RoughSkin|DragonClaw,StompingTantrum,Earthquake,Protect|||F|||50|,,,,,Ground]Whimsicott||CovertCloak|Prankster|Tailwind,SunnyDay,Moonblast,Encore|||F|||50|,,,,,Dark]Dragonite||LoadedDice|Multiscale|ExtremeSpeed,ScaleShot,IceSpinner,Protect|||M|||50|,,,,,Normal]Typhlosion-Hisui||ChoiceSpecs|Blaze|Eruption,ShadowBall,HeatWave,Protect|||M|||50|,,,,,Fire]Torkoal||EjectPack|Drought|Overheat,Eruption,HelpingHand,Protect|||M|||50|,,,,,Flying]Kingambit||AssaultVest|Defiant|IronHead,Assurance,SuckerPunch,LowKick|||M|||50|,,,,,Flying
|inactive|Battle timer is ON: inactive players will automatically lose when time's up. (requested by Lewis94)
|c|☆I am the Sweeper|is this joe ugarte's team?
|inactive|I am the Sweeper has 60 seconds left.
|inactive|Lewis94 has 60 seconds left.
|c|☆Lewis94|it's my take on it, cant stand the rng on sleep powder
|c|☆I am the Sweeper|gotcha
|inactive|I am the Sweeper has 30 seconds left.
|inactive|Lewis94 has 30 seconds left.
|inactive|I am the Sweeper has 20 seconds left.
|inactive|I am the Sweeper has 15 seconds left.
|inactive|I am the Sweeper has 10 seconds left.
|
|t:|1756228126
|teamsize|p1|4
|teamsize|p2|4
|start
|switch|p1a: Garganacl|Garganacl, L50, M|100/100
|switch|p1b: Ninetales|Ninetales-Alola, L50, F|100/100
|switch|p2a: Whimsicott|Whimsicott, L50, F|100/100
|switch|p2b: Kingambit|Kingambit, L50, M|100/100
|-weather|Snowscape|[from] ability: Snow Warning|[of] p1b: Ninetales
|turn|1
|inactive|I am the Sweeper has 30 seconds left.
|inactive|Lewis94 has 30 seconds left.
|inactive|I am the Sweeper has 20 seconds left.
|inactive|I am the Sweeper has 15 seconds left.
|
|t:|1756228167
|switch|p1b: Sneasler|Sneasler, L50, F|100/100
|-terastallize|p1a: Garganacl|Flying
|move|p2a: Whimsicott|Tailwind|p2a: Whimsicott
|-sidestart|p2: Lewis94|move: Tailwind
|move|p2b: Kingambit|Low Kick|p1a: Garganacl
|-resisted|p1a: Garganacl
|-damage|p1a: Garganacl|84/100
|move|p1a: Garganacl|Salt Cure|p2b: Kingambit
|-resisted|p2b: Kingambit
|-damage|p2b: Kingambit|95/100
|-start|p2b: Kingambit|Salt Cure
|
|-weather|Snowscape|[upkeep]
|-damage|p2b: Kingambit|71/100|[from] Salt Cure
|upkeep
|turn|2
|inactive|Lewis94 has 30 seconds left.
|inactive|Lewis94 has 20 seconds left.
|inactive|Lewis94 has 15 seconds left.
|
|t:|1756228208
|move|p2a: Whimsicott|Sunny Day|p2a: Whimsicott
|-weather|SunnyDay
|move|p2b: Kingambit|Sucker Punch|p1b: Sneasler
|-resisted|p1b: Sneasler
|-damage|p1b: Sneasler|67/100
|move|p1b: Sneasler|Dire Claw|p2a: Whimsicott
|-supereffective|p2a: Whimsicott
|-damage|p2a: Whimsicott|0 fnt
|faint|p2a: Whimsicott
|move|p1a: Garganacl|Stealth Rock|p2b: Kingambit
|-sidestart|p2: Lewis94|move: Stealth Rock
|
|-weather|SunnyDay|[upkeep]
|-damage|p2b: Kingambit|46/100|[from] Salt Cure
|upkeep
|j| Trestkon
|
|t:|1756228225
|switch|p2a: Typhlosion|Typhlosion-Hisui, L50, M|100/100
|-damage|p2a: Typhlosion|75/100|[from] Stealth Rock
|turn|3
|inactive|I am the Sweeper has 30 seconds left.
|inactive|I am the Sweeper has 20 seconds left.
|inactive|I am the Sweeper has 15 seconds left.
|inactive|I am the Sweeper has 10 seconds left.
|inactive|I am the Sweeper has 5 seconds left.
|
|t:|1756228275
|switch|p1b: Ninetales|Ninetales-Alola, L50, F|100/100
|-weather|Snowscape|[from] ability: Snow Warning|[of] p1b: Ninetales
|-terastallize|p2a: Typhlosion|Fire
|move|p2a: Typhlosion|Eruption|p1a: Garganacl|[spread] p1a,p1b
|-supereffective|p1b: Ninetales
|-damage|p1a: Garganacl|25/100
|-damage|p1b: Ninetales|0 fnt
|faint|p1b: Ninetales
|-enditem|p1a: Garganacl|Maranga Berry|[eat]
|-boost|p1a: Garganacl|spd|1|[from] item: Maranga Berry
|move|p2b: Kingambit|Assurance|p1a: Garganacl
|-damage|p1a: Garganacl|0 fnt
|faint|p1a: Garganacl
|
|-weather|Snowscape|[upkeep]
|-damage|p2b: Kingambit|21/100|[from] Salt Cure
|upkeep
|
|t:|1756228292
|switch|p1b: Dondozo|Dondozo, L50, F|100/100
|switch|p1a: Sneasler|Sneasler, L50, F|67/100
|turn|4
|inactive|I am the Sweeper has 30 seconds left.
|inactive|Lewis94 has 30 seconds left.
|
|t:|1756228322
|move|p1a: Sneasler|Protect|p1a: Sneasler
|-singleturn|p1a: Sneasler|Protect
|move|p2a: Typhlosion|Eruption|p1a: Sneasler|[spread] p1b
|-activate|p1a: Sneasler|move: Protect
|-resisted|p1b: Dondozo
|-damage|p1b: Dondozo|70/100
|move|p2b: Kingambit|Assurance|p1a: Sneasler
|-activate|p1a: Sneasler|move: Protect
|move|p1b: Dondozo|Yawn|p2b: Kingambit
|-start|p2b: Kingambit|move: Yawn|[of] p1b: Dondozo
|
|-weather|Snowscape|[upkeep]
|-heal|p1b: Dondozo|76/100|[from] item: Leftovers
|-damage|p2b: Kingambit|0 fnt|[from] Salt Cure
|faint|p2b: Kingambit
|-sideend|p2: Lewis94|move: Tailwind
|upkeep
|
|t:|1756228337
|switch|p2b: Dragonite|Dragonite, L50, M|100/100
|-damage|p2b: Dragonite|76/100|[from] Stealth Rock
|turn|5
|inactive|I am the Sweeper has 30 seconds left.
|inactive|I am the Sweeper has 20 seconds left.
|
|t:|1756228374
|move|p1a: Sneasler|Dire Claw|p2b: Dragonite
|-damage|p2b: Dragonite|27/100
|-status|p2b: Dragonite|psn|[from] ability: Poison Touch|[of] p1a: Sneasler
|move|p2a: Typhlosion|Eruption|p1b: Dondozo|[spread] p1a,p1b
|-resisted|p1b: Dondozo
|-damage|p1a: Sneasler|0 fnt
|-damage|p1b: Dondozo|45/100
|faint|p1a: Sneasler
|move|p2b: Dragonite|Scale Shot|p1b: Dondozo
|-damage|p1b: Dondozo|35/100
|-damage|p1b: Dondozo|25/100
|-damage|p1b: Dondozo|15/100
|-damage|p1b: Dondozo|6/100
|-hitcount|p1b: Dondozo|4
|-unboost|p2b: Dragonite|def|1
|-boost|p2b: Dragonite|spe|1
|move|p1b: Dondozo|Liquidation|p2a: Typhlosion
|-supereffective|p2a: Typhlosion
|-damage|p2a: Typhlosion|0 fnt
|faint|p2a: Typhlosion
|
|-weather|Snowscape|[upkeep]
|-heal|p1b: Dondozo|12/100|[from] item: Leftovers
|-damage|p2b: Dragonite|15/100 psn|[from] psn
|upkeep
|turn|6
|inactive|Lewis94 has 30 seconds left.
|inactive|Lewis94 has 20 seconds left.
|
|t:|1756228409
|move|p1b: Dondozo|Protect|p1b: Dondozo
|-singleturn|p1b: Dondozo|Protect
|move|p2b: Dragonite|Scale Shot|p1b: Dondozo
|-activate|p1b: Dondozo|move: Protect
|
|-weather|Snowscape|[upkeep]
|-heal|p1b: Dondozo|18/100|[from] item: Leftovers
|-damage|p2b: Dragonite|3/100 psn|[from] psn
|upkeep
|turn|7
|
|t:|1756228420
|move|p1b: Dondozo|Protect||[still]
|-fail|p1b: Dondozo
|move|p2b: Dragonite|Scale Shot|p1b: Dondozo
|-damage|p1b: Dondozo|8/100
|-damage|p1b: Dondozo|0 fnt
|faint|p1b: Dondozo
|-hitcount|p1: Dondozo|2
|
|win|Lewis94
||I am the Sweeper is ready for game 2.
||Lewis94 is ready for game 2.
|uhtml|next|Next: Game 2 of 3
|l| Trestkon
|l|☆Lewis94
|player|p2|
