|j|☆AyushXD
|j|☆mimikyumumble
|html|AyushXDmimikyumumble    
|uhtml|bestof|Game 2 of a best-of-3
|t:|1785740024
|gametype|doubles
|player|p1|AyushXD|lucas|1196
|player|p2|mimikyumumble|bugcatcher-gen4dp|1223
|gen|9
|tier|[Gen 9 Champions] VGC 2026 Reg M-B (Bo3)
|rated|
|rule|Species Clause: Limit one of each Pokémon
|rule|Item Clause: Limit 1 of each item
|clearpoke
|poke|p1|Gengar, L50, M, shiny|
|poke|p1|Archaludon, L50, M|
|poke|p1|Politoed, L50, F|
|poke|p1|Swampert, L50, M|
|poke|p1|Vivillon, L50, F|
|poke|p1|Incineroar, L50, M|
|poke|p2|Froslass, L50, F|
|poke|p2|Scovillain, L50, F|
|poke|p2|Basculegion, L50, M|
|poke|p2|Kingambit, L50, M|
|poke|p2|Sneasler, L50, F|
|poke|p2|Lycanroc-Dusk, L50, F|
|teampreview|4
|showteam|p1|Gengar||Gengarite|CursedBody|ShadowBall,SludgeBomb,PerishSong,Protect|Modest||M|||50|]Archaludon||Leftovers|Stamina|ElectroShot,DragonPulse,FlashCannon,Protect|Bold||M|||50|]Politoed||SitrusBerry|Drizzle|WeatherBall,Hypnosis,PerishSong,Protect|Calm||F|||50|]Swampert||Swampertite|Torrent|WaveCrash,Earthquake,IcePunch,Protect|Adamant||M|||50|]Vivillon||FocusSash|CompoundEyes|Hurricane,SleepPowder,RagePowder,Protect|Timid||F|||50|]Incineroar||PasshoBerry|Intimidate|ThroatChop,FakeOut,PartingShot,Protect|Impish||M|||50|
|showteam|p2|Froslass||Froslassite|CursedBody|Blizzard,ShadowBall,AuroraVeil,Protect|Modest||F|||50|]Scovillain||Scovillainite|Moody|GigaDrain,Overheat,RagePowder,Protect|Bold||F|||50|]Basculegion||SitrusBerry|Adaptability|WaveCrash,LastRespects,AquaJet,Protect|Adamant||M|||50|]Kingambit||BlackGlasses|Defiant|KowtowCleave,SuckerPunch,SwordsDance,Protect|Adamant||M|||50|]Sneasler||WhiteHerb|Unburden|GunkShot,CloseCombat,Protect,FakeOut|Jolly||F|||50|]Lycanroc-Dusk||FocusSash|ToughClaws|CloseCombat,Accelerock,RockSlide,Protect|Adamant||F|||50|
|
|t:|1785740044
|teamsize|p1|4
|teamsize|p2|4
|start
|switch|p1a: Swampert|Swampert, L50, M|100/100
|switch|p1b: Incineroar|Incineroar, L50, M|100/100
|switch|p2a: Froslass|Froslass, L50, F|100/100
|switch|p2b: Basculegion|Basculegion, L50, M|100/100
|-ability|p1b: Incineroar|Intimidate|boost
|-unboost|p2a: Froslass|atk|1
|-unboost|p2b: Basculegion|atk|1
|turn|1
|inactive|Battle timer is ON: inactive players will automatically lose when time's up. (requested by AyushXD)
|
|t:|1785740064
|detailschange|p2a: Froslass|Froslass-Mega, L50, F
|-mega|p2a: Froslass|Froslass|Froslassite
|-weather|Snowscape|[from] ability: Snow Warning|[of] p2a: Froslass
|detailschange|p1a: Swampert|Swampert-Mega, L50, M
|-mega|p1a: Swampert|Swampert|Swampertite
|move|p1a: Swampert|Protect|p1a: Swampert
|-singleturn|p1a: Swampert|Protect
|move|p2a: Froslass|Shadow Ball|p1a: Swampert
|-activate|p1a: Swampert|move: Protect
|move|p2b: Basculegion|Wave Crash|p1a: Swampert
|-activate|p1a: Swampert|move: Protect
|move|p1b: Incineroar|Parting Shot|p2a: Froslass
|-unboost|p2a: Froslass|atk|1
|-unboost|p2a: Froslass|spa|1
|
|t:|1785740075
|switch|p1b: Politoed|Politoed, L50, F|100/100|[from] Parting Shot
|-weather|RainDance|[from] ability: Drizzle|[of] p1b: Politoed
|
|-weather|RainDance|[upkeep]
|upkeep
|turn|2
|
|t:|1785740089
|switch|p2a: Kingambit|Kingambit, L50, M|100/100
|switch|p1b: Vivillon|Vivillon, L50, F|100/100
|move|p1a: Swampert|Earthquake|p2b: Basculegion|[spread] p2a,p2b
|-immune|p1b: Vivillon
|-supereffective|p2a: Kingambit|1
|-damage|p2a: Kingambit|35/100
|-damage|p2b: Basculegion|55/100
|move|p2b: Basculegion|Wave Crash|p1a: Swampert
|-damage|p1a: Swampert|25/100
|-damage|p2b: Basculegion|34/100|[from] Recoil
|-enditem|p2b: Basculegion|Sitrus Berry|[eat]
|-heal|p2b: Basculegion|59/100|[from] item: Sitrus Berry
|
|-weather|RainDance|[upkeep]
|upkeep
|turn|3
|
|t:|1785740112
|move|p1a: Swampert|Protect|p1a: Swampert
|-singleturn|p1a: Swampert|Protect
|move|p2a: Kingambit|Protect|p2a: Kingambit
|-singleturn|p2a: Kingambit|Protect
|move|p2b: Basculegion|Aqua Jet|p1b: Vivillon
|-damage|p1b: Vivillon|54/100
|move|p1b: Vivillon|Sleep Powder|p2b: Basculegion
|-status|p2b: Basculegion|slp|[from] move: Sleep Powder
|
|-weather|RainDance|[upkeep]
|upkeep
|turn|4
|
|t:|1785740132
|move|p1b: Vivillon|Rage Powder|p1b: Vivillon
|-singleturn|p1b: Vivillon|move: Rage Powder
|move|p2a: Kingambit|Sucker Punch||[still]
|-fail|p2a: Kingambit
|move|p1a: Swampert|Earthquake|p2a: Kingambit|[spread] p2a,p2b
|-immune|p1b: Vivillon
|-supereffective|p2a: Kingambit|1
|-damage|p2a: Kingambit|0 fnt
|-damage|p2b: Basculegion|13/100 slp
|faint|p2a: Kingambit
|cant|p2b: Basculegion|slp
|
|-weather|RainDance|[upkeep]
|upkeep
|
|t:|1785740140
|switch|p2a: Froslass|Froslass-Mega, L50, F|100/100
|-weather|Snowscape|[from] ability: Snow Warning|[of] p2a: Froslass
|turn|5
|
|t:|1785740150
|switch|p1b: Incineroar|Incineroar, L50, M|100/100
|-ability|p1b: Incineroar|Intimidate|boost
|-unboost|p2a: Froslass|atk|1
|-unboost|p2b: Basculegion|atk|1
|move|p1a: Swampert|Protect|p1a: Swampert
|-singleturn|p1a: Swampert|Protect
|-curestatus|p2b: Basculegion|slp|[msg]
|move|p2b: Basculegion|Protect|p2b: Basculegion
|-singleturn|p2b: Basculegion|Protect
|move|p2a: Froslass|Blizzard|p1a: Swampert|[spread] p1b
|-activate|p1a: Swampert|move: Protect
|-resisted|p1b: Incineroar|1
|-damage|p1b: Incineroar|82/100
|
|-weather|Snowscape|[upkeep]
|upkeep
|turn|6
|inactive|AyushXD has 30 seconds left.
|
|t:|1785740181
|switch|p1a: Vivillon|Vivillon, L50, F|54/100
|switch|p2b: Sneasler|Sneasler, L50, F|100/100
|move|p2a: Froslass|Blizzard|p1a: Vivillon|[spread] p1a,p1b
|-supereffective|p1a: Vivillon|1
|-resisted|p1b: Incineroar|1
|-damage|p1a: Vivillon|0 fnt
|-damage|p1b: Incineroar|65/100
|-status|p1b: Incineroar|frz
|faint|p1a: Vivillon
|-curestatus|p1b: Incineroar|frz|[msg]
|move|p1b: Incineroar|Throat Chop|p2b: Sneasler
|-resisted|p2b: Sneasler|1
|-damage|p2b: Sneasler|76/100
|-start|p2b: Sneasler|Throat Chop|[silent]
|
|-weather|Snowscape|[upkeep]
|upkeep
|
|t:|1785740193
|switch|p1a: Politoed|Politoed, L50, F|100/100
|-weather|RainDance|[from] ability: Drizzle|[of] p1a: Politoed
|turn|7
|
|t:|1785740208
|move|p1b: Incineroar|Protect|p1b: Incineroar
|-singleturn|p1b: Incineroar|Protect
|move|p2b: Sneasler|Close Combat|p1b: Incineroar
|-activate|p1b: Incineroar|move: Protect
|move|p2a: Froslass|Shadow Ball|p1a: Politoed
|-damage|p1a: Politoed|67/100
|move|p1a: Politoed|Hypnosis|p2b: Sneasler|[miss]
|-miss|p1a: Politoed|p2b: Sneasler
|
|-weather|RainDance|[upkeep]
|-end|p2b: Sneasler|Throat Chop|[silent]
|upkeep
|turn|8
|
|t:|1785740218
|move|p1b: Incineroar|Protect||[still]
|-fail|p1b: Incineroar
|move|p2b: Sneasler|Close Combat|p1b: Incineroar
|-supereffective|p1b: Incineroar|1
|-damage|p1b: Incineroar|0 fnt
|-unboost|p2b: Sneasler|def|1
|-unboost|p2b: Sneasler|spd|1
|faint|p1b: Incineroar
|-enditem|p2b: Sneasler|White Herb
|-clearnegativeboost|p2b: Sneasler|[silent]
|move|p2a: Froslass|Shadow Ball|p1a: Politoed
|-damage|p1a: Politoed|33/100
|-unboost|p1a: Politoed|spd|1
|-enditem|p1a: Politoed|Sitrus Berry|[eat]
|-heal|p1a: Politoed|58/100|[from] item: Sitrus Berry
|move|p1a: Politoed|Hypnosis|p2b: Sneasler|[miss]
|-miss|p1a: Politoed|p2b: Sneasler
|
|-weather|RainDance|[upkeep]
|upkeep
|
|t:|1785740223
|switch|p1b: Swampert|Swampert-Mega, L50, M|25/100
|turn|9
|
|t:|1785740245
|move|p1b: Swampert|Protect|p1b: Swampert
|-singleturn|p1b: Swampert|Protect
|move|p2b: Sneasler|Close Combat|p1b: Swampert
|-activate|p1b: Swampert|move: Protect
|move|p2a: Froslass|Shadow Ball|p1a: Politoed
|-damage|p1a: Politoed|15/100
|move|p1a: Politoed|Hypnosis|p2b: Sneasler
|-status|p2b: Sneasler|slp|[from] move: Hypnosis
|
|-weather|RainDance|[upkeep]
|upkeep
|turn|10
|
|t:|1785740264
|move|p2a: Froslass|Protect|p2a: Froslass
|-singleturn|p2a: Froslass|Protect
|cant|p2b: Sneasler|slp
|move|p1b: Swampert|Wave Crash|p2a: Froslass
|-activate|p2a: Froslass|move: Protect
|move|p1a: Politoed|Weather Ball|p2b: Sneasler
|-damage|p2b: Sneasler|19/100 slp
|
|-weather|RainDance|[upkeep]
|upkeep
|turn|11
|
|t:|1785740276
|cant|p2b: Sneasler|slp
|move|p1b: Swampert|Wave Crash|p2a: Froslass
|-damage|p2a: Froslass|0 fnt
|faint|p2a: Froslass
|-damage|p1b: Swampert|0 fnt|[from] Recoil
|faint|p1b: Swampert
|move|p1a: Politoed|Weather Ball|p2b: Sneasler
|-damage|p2b: Sneasler|0 fnt
|faint|p2b: Sneasler
|
|-weather|none
|upkeep
|
|t:|1785740282
|switch|p2b: Basculegion|Basculegion, L50, M|13/100
|turn|12
|
|t:|1785740289
|move|p2b: Basculegion|Last Respects|p1a: Politoed
|-damage|p1a: Politoed|0 fnt
|faint|p1a: Politoed
|
|win|mimikyumumble
||mimikyumumble is ready for game 3.
||AyushXD is ready for game 3.
|uhtml|next|Next: Game 3 of 3
|l|☆AyushXD
|player|p1|
