|j|鈽哻haosaintme
|j|鈽唕egitron 21
|html|chaosaintmeregitron 21    
|uhtml|bestof|Game 1 of a best-of-3
|t:|1756850942
|gametype|doubles
|player|p1|chaosaintme|roxie|1100
|player|p2|regitron 21|shauntal|1061
|gen|9
|tier|[Gen 9] VGC 2025 Reg H (Bo3)
|rated|
|rule|Species Clause: Limit one of each Pok茅mon
|rule|Item Clause: Limit 1 of each item
|clearpoke
|poke|p1|Volcarona, L50, F|
|poke|p1|Corviknight, L50, M|
|poke|p1|Rillaboom, L50, M|
|poke|p1|Sneasler, L50, F|
|poke|p1|Garchomp, L50, M|
|poke|p1|Primarina, L50, F|
|poke|p2|Ursaluna, L50, F|
|poke|p2|Farigiraf, L50, F|
|poke|p2|Volcarona, L50, M|
|poke|p2|Typhlosion-Hisui, L50, F|
|poke|p2|Whimsicott, L50, F|
|poke|p2|Dragonite, L50, F|
|teampreview|4
|showteam|p1|Volcarona||SafetyGoggles|FlameBody|HeatWave,RagePowder,Protect,GigaDrain|||F|||50|,,,,,Dragon]Corviknight||CovertCloak|MirrorArmor|BraveBird,IronHead,Protect,Tailwind|||M|||50|,,,,,Dragon]Rillaboom||AssaultVest|GrassySurge|FakeOut,WoodHammer,GrassyGlide,HighHorsepower|||M|||50|,,,,,Water]Sneasler||FocusSash|Unburden|CloseCombat,FakeOut,Protect,DireClaw|||F|||50|,,,,,Stellar]Garchomp||LifeOrb|RoughSkin|Earthquake,Protect,DragonClaw,StompingTantrum|||M|||50|,,,,,Ground]Primarina||ThroatSpray|LiquidVoice|Moonblast,HyperVoice,Protect,Haze|||F|||50|,,,,,Poison
|showteam|p2|Ursaluna||FlameOrb|Guts|Facade,CloseCombat,Earthquake,Protect|||F|||50|,,,,,Ghost]Farigiraf||SitrusBerry|ArmorTail|TrickRoom,Imprison,FoulPlay,Protect|||F|||50|,,,,,Fairy]Volcarona||Leftovers|FlameBody|GigaDrain,QuiverDance,BugBuzz,HeatWave|||M|||50|,,,,,Grass]Typhlosion-Hisui||LifeOrb|Blaze|Eruption,ShadowBall,HeatWave,Protect|||F|||50|,,,,,Fire]Whimsicott||FocusSash|Prankster|Moonblast,Taunt,SunnyDay,Tailwind|||F|||50|,,,,,Dark]Dragonite||ClearAmulet|Multiscale|Tailwind,Haze,ExtremeSpeed,DragonClaw|||F|||50|,,,,,Normal
|c|鈽唕egitron 21|hey good luck
|c|鈽唕egitron 21|nice team
|
|t:|1756850983
|teamsize|p1|4
|teamsize|p2|4
|start
|switch|p1a: Garchomp|Garchomp, L50, M|100/100
|switch|p1b: perish song user|Primarina, L50, F, shiny|100/100
|switch|p2a: Jully|Typhlosion-Hisui, L50, F|100/100
|switch|p2b: Sugar|Whimsicott, L50, F|100/100
|turn|1
|c|鈽哻haosaintme|thanks bro
|c|鈽哻haosaintme|glhf
|
|t:|1756851024
|move|p2a: Jully|Protect|p2a: Jully
|-singleturn|p2a: Jully|Protect
|move|p2b: Sugar|Moonblast|p1a: Garchomp
|-supereffective|p1a: Garchomp
|-damage|p1a: Garchomp|26/100
|move|p1a: Garchomp|Stomping Tantrum|p2a: Jully
|-activate|p2a: Jully|move: Protect
|move|p1b: perish song user|Hyper Voice|p2a: Jully|[spread] p2b
|-activate|p2a: Jully|move: Protect
|-resisted|p2b: Sugar
|-damage|p2b: Sugar|74/100
|-enditem|p1b: perish song user|Throat Spray
|-boost|p1b: perish song user|spa|1|[from] item: Throat Spray
|
|upkeep
|turn|2
|
|t:|1756851059
|switch|p2a: Jenny|Dragonite, L50, F|100/100
|move|p1a: Garchomp|Protect|p1a: Garchomp
|-singleturn|p1a: Garchomp|Protect
|move|p2b: Sugar|Moonblast|p1a: Garchomp
|-activate|p1a: Garchomp|move: Protect
|move|p1b: perish song user|Hyper Voice|p2a: Jenny|[spread] p2a,p2b
|-resisted|p2a: Jenny
|-resisted|p2b: Sugar
|-damage|p2a: Jenny|89/100
|-damage|p2b: Sugar|31/100
|
|upkeep
|turn|3
|
|t:|1756851094
|switch|p1a: LETS GO GAMBLING|Sneasler, L50, F|100/100
|move|p2b: Sugar|Tailwind|p2b: Sugar
|-sidestart|p2: regitron 21|move: Tailwind
|move|p2a: Jenny|Dragon Claw|p1a: LETS GO GAMBLING
|-damage|p1a: LETS GO GAMBLING|15/100
|move|p1b: perish song user|Moonblast|p2a: Jenny
|-supereffective|p2a: Jenny
|-damage|p2a: Jenny|0 fnt
|faint|p2a: Jenny
|
|upkeep
|
|t:|1756851113
|switch|p2a: Jully|Typhlosion-Hisui, L50, F|100/100
|turn|4
|
|t:|1756851129
|move|p1a: LETS GO GAMBLING|Fake Out|p2b: Sugar
|-damage|p2b: Sugar|10/100
|cant|p2b: Sugar|flinch
|move|p2a: Jully|Shadow Ball|p1b: perish song user
|-damage|p1b: perish song user|46/100
|-unboost|p1b: perish song user|spd|1
|-damage|p2a: Jully|91/100|[from] item: Life Orb
|move|p1b: perish song user|Hyper Voice|p2a: Jully|[spread] p2a,p2b
|-supereffective|p2a: Jully
|-resisted|p2b: Sugar
|-damage|p2a: Jully|0 fnt
|-damage|p2b: Sugar|0 fnt
|faint|p2a: Jully
|faint|p2b: Sugar
|
|upkeep
|
|t:|1756851134
|switch|p2b: Ostin|Volcarona, L50, M|100/100
|turn|5
|c|鈽唕egitron 21|gg
|
|t:|1756851176
|move|p2b: Ostin|Giga Drain|p1b: perish song user
|-supereffective|p1b: perish song user
|-damage|p1b: perish song user|0 fnt
|faint|p1b: perish song user
|move|p1a: LETS GO GAMBLING|Dire Claw|p2b: Ostin
|-damage|p2b: Ostin|55/100
|
|-heal|p2b: Ostin|61/100|[from] item: Leftovers
|upkeep
|
|t:|1756851185
|switch|p1b: Garchomp|Garchomp, L50, M|26/100
|turn|6
|
|t:|1756851189
|move|p1a: LETS GO GAMBLING|Protect|p1a: LETS GO GAMBLING
|-singleturn|p1a: LETS GO GAMBLING|Protect
|move|p1b: Garchomp|Protect|p1b: Garchomp
|-singleturn|p1b: Garchomp|Protect
|move|p2b: Ostin|Heat Wave|p1a: LETS GO GAMBLING|[spread] 
|-activate|p1a: LETS GO GAMBLING|move: Protect
|-activate|p1b: Garchomp|move: Protect
|
|-heal|p2b: Ostin|67/100|[from] item: Leftovers
|-sideend|p2: regitron 21|move: Tailwind
|upkeep
|turn|7
|
|t:|1756851204
|-terastallize|p2b: Ostin|Grass
|move|p1a: LETS GO GAMBLING|Dire Claw|p2b: Ostin
|-supereffective|p2b: Ostin
|-damage|p2b: Ostin|0 fnt
|faint|p2b: Ostin
|
|win|chaosaintme
||chaosaintme is ready for game 2.
