|j|☆Can I pet the dog?
|j|☆Paywall vgc
|html|Can I pet the dog?Paywall vgc    
|uhtml|bestof|Game 1 of a best-of-3
|t:|1786036709
|gametype|doubles
|player|p1|Can I pet the dog?|yancy|1441
|player|p2|Paywall vgc|lucas|1492
|gen|9
|tier|[Gen 9 Champions] VGC 2026 Reg M-B (Bo3)
|rated|
|rule|Species Clause: Limit one of each Pokémon
|rule|Item Clause: Limit 1 of each item
|clearpoke
|poke|p1|Staraptor, L50, F|
|poke|p1|Garchomp, L50, F|
|poke|p1|Whimsicott, L50, F|
|poke|p1|Delphox, L50, F|
|poke|p1|Glimmora, L50, F|
|poke|p1|Kingambit, L50, F|
|poke|p2|Charizard, L50, M|
|poke|p2|Whimsicott, L50, M|
|poke|p2|Sneasler, L50, F|
|poke|p2|Garchomp, L50, F, shiny|
|poke|p2|Basculegion, L50, M|
|poke|p2|Gholdengo, L50|
|teampreview|4
|showteam|p1|Staraptor||Staraptite|Intimidate|Protect,Roost,CloseCombat,BraveBird|Jolly||F|||50|]Garchomp||LifeOrb|RoughSkin|Protect,RockSlide,Earthquake,DragonClaw|Jolly||F|||50|]Whimsicott||OccaBerry|Prankster|Moonblast,Tailwind,Charm,LightScreen|Timid||F|||50|]Delphox||Delphoxite|Magician|Protect,Psychic,HeatWave,Substitute|Timid||F|||50|]Glimmora||FocusSash|ToxicDebris|SpikyShield,SludgeBomb,EarthPower,PowerGem|Timid||F|||50|]Kingambit||ChopleBerry|Defiant|SuckerPunch,LowKick,IronHead,KowtowCleave|Adamant||F|||50|
|showteam|p2|Charizard||CharizarditeY|Blaze|HeatWave,SolarBeam,WeatherBall,Protect|Modest||M|||50|]Whimsicott||FocusSash|Prankster|Tailwind,Moonblast,Protect,Encore|Timid||M|||50|]Sneasler||WhiteHerb|Unburden|CloseCombat,QuickGuard,FakeOut,RockTomb|Adamant||F|||50|]Garchomp||LifeOrb|RoughSkin|StompingTantrum,DragonClaw,RockSlide,Protect|Jolly||F|||50|]Basculegion||MysticWater|Adaptability|WaveCrash,LastRespects,AquaJet,Protect|Adamant||M|||50|]Gholdengo||MetalCoat|GoodasGold|ShadowBall,MakeItRain,Protect,NastyPlot|Modest|||||50|
|inactive|Battle timer is ON: inactive players will automatically lose when time's up. (requested by Paywall vgc)
|inactive|Can I pet the dog? also wants the timer to be on.
|inactive|Paywall vgc has 60 seconds left.
|inactive|Can I pet the dog? has 60 seconds left.
|inactive|Can I pet the dog? has 30 seconds left.
|
|t:|1786036775
|teamsize|p1|4
|teamsize|p2|4
|start
|switch|p1a: Whimsicott|Whimsicott, L50, F|100/100
|switch|p1b: Glimmora|Glimmora, L50, F|100/100
|switch|p2a: Charizard|Charizard, L50, M|100/100
|switch|p2b: Sneasler|Sneasler, L50, F|100/100
|turn|1
|
|t:|1786036788
|switch|p1a: Garchomp|Garchomp, L50, F|100/100
|switch|p2a: Whimsicott|Whimsicott, L50, M|100/100
|move|p2b: Sneasler|Close Combat|p1b: Glimmora
|-damage|p1b: Glimmora|24/100
|-unboost|p2b: Sneasler|def|1
|-unboost|p2b: Sneasler|spd|1
|-activate|p1b: Glimmora|ability: Toxic Debris
|-sidestart|p2: Paywall vgc|move: Toxic Spikes
|-enditem|p2b: Sneasler|White Herb
|-clearnegativeboost|p2b: Sneasler|[silent]
|move|p1b: Glimmora|Power Gem|p2a: Whimsicott
|-damage|p2a: Whimsicott|29/100
|
|upkeep
|turn|2
|
|t:|1786036807
|switch|p1a: Whimsicott|Whimsicott, L50, F|100/100
|move|p2b: Sneasler|Close Combat|p1a: Whimsicott
|-resisted|p1a: Whimsicott|1
|-damage|p1a: Whimsicott|63/100
|-unboost|p2b: Sneasler|def|1
|-unboost|p2b: Sneasler|spd|1
|move|p2a: Whimsicott|Moonblast|p1a: Whimsicott
|-damage|p1a: Whimsicott|7/100
|move|p1b: Glimmora|Earth Power|p2b: Sneasler
|-supereffective|p2b: Sneasler|1
|-damage|p2b: Sneasler|0 fnt
|faint|p2b: Sneasler
|
|upkeep
|
|t:|1786036811
|switch|p2b: Garchomp|Garchomp, L50, F, shiny|100/100
|-status|p2b: Garchomp|psn
|turn|3
|inactive|Can I pet the dog? has 30 seconds left.
|
|t:|1786036842
|move|p1b: Glimmora|Spiky Shield|p1b: Glimmora
|-singleturn|p1b: Glimmora|move: Protect
|move|p2a: Whimsicott|Tailwind|p2a: Whimsicott
|-sidestart|p2: Paywall vgc|move: Tailwind
|move|p1a: Whimsicott|Tailwind|p1a: Whimsicott
|-sidestart|p1: Can I pet the dog?|move: Tailwind
|move|p2b: Garchomp|Rock Slide|p1a: Whimsicott|[spread] p1a
|-activate|p1b: Glimmora|move: Protect
|-damage|p1a: Whimsicott|0 fnt
|faint|p1a: Whimsicott
|-damage|p2b: Garchomp|90/100 psn|[from] item: Life Orb
|
|-damage|p2b: Garchomp|78/100 psn|[from] psn
|upkeep
|
|t:|1786036855
|switch|p1a: Kingambit|Kingambit, L50, F|100/100
|turn|4
|inactive|Can I pet the dog? has 30 seconds left.
|
|t:|1786036883
|move|p2a: Whimsicott|Encore|p1b: Glimmora
|-start|p1b: Glimmora|Encore
|move|p1b: Glimmora|Spiky Shield||[still]
|-fail|p1b: Glimmora
|move|p1a: Kingambit|Sucker Punch|p2b: Garchomp
|-damage|p2b: Garchomp|39/100 psn
|-damage|p1a: Kingambit|87/100|[from] ability: Rough Skin|[of] p2b: Garchomp
|move|p2b: Garchomp|Stomping Tantrum|p1a: Kingambit
|-supereffective|p1a: Kingambit|1
|-damage|p1a: Kingambit|8/100
|-damage|p2b: Garchomp|30/100 psn|[from] item: Life Orb
|
|-damage|p2b: Garchomp|17/100 psn|[from] psn
|upkeep
|turn|5
|
|t:|1786036905
|switch|p2b: Charizard|Charizard, L50, M|100/100
|move|p1b: Glimmora|Spiky Shield|p1b: Glimmora
|-singleturn|p1b: Glimmora|move: Protect
|move|p1a: Kingambit|Sucker Punch|p2a: Whimsicott
|-resisted|p2a: Whimsicott|1
|-damage|p2a: Whimsicott|0 fnt
|faint|p2a: Whimsicott
|
|upkeep
|
|t:|1786036916
|switch|p2a: Garchomp|Garchomp, L50, F, shiny|17/100 psn
|turn|6
|
|t:|1786036920
|detailschange|p2b: Charizard|Charizard-Mega-Y, L50, M
|-mega|p2b: Charizard|Charizard|Charizardite Y
|-weather|SunnyDay|[from] ability: Drought|[of] p2b: Charizard
|move|p2a: Garchomp|Protect|p2a: Garchomp
|-singleturn|p2a: Garchomp|Protect
|move|p1b: Glimmora|Spiky Shield||[still]
|-fail|p1b: Glimmora
|move|p1a: Kingambit|Sucker Punch||[still]
|-fail|p1a: Kingambit
|move|p2b: Charizard|Heat Wave|p1a: Kingambit|[spread] p1a,p1b
|-supereffective|p1a: Kingambit|1
|-resisted|p1b: Glimmora|1
|-damage|p1a: Kingambit|0 fnt
|-damage|p1b: Glimmora|0 fnt
|faint|p1a: Kingambit
|faint|p1b: Glimmora
|
|-weather|SunnyDay|[upkeep]
|-damage|p2a: Garchomp|5/100 psn|[from] psn
|-sideend|p1: Can I pet the dog?|move: Tailwind
|-sideend|p2: Paywall vgc|move: Tailwind
|upkeep
|
|t:|1786036929
|switch|p1b: Garchomp|Garchomp, L50, F|100/100
|turn|7
|
|t:|1786036932
|move|p1b: Garchomp|Protect|p1b: Garchomp
|-singleturn|p1b: Garchomp|Protect
|move|p2a: Garchomp|Dragon Claw|p1b: Garchomp
|-activate|p1b: Garchomp|move: Protect
|move|p2b: Charizard|Solar Beam||[still]
|-prepare|p2b: Charizard|Solar Beam
|-anim|p2b: Charizard|Solar Beam|p1b: Garchomp
|-activate|p1b: Garchomp|move: Protect
|
|-weather|SunnyDay|[upkeep]
|-damage|p2a: Garchomp|0 fnt|[from] psn
|faint|p2a: Garchomp
|upkeep
|turn|8
|
|t:|1786036937
|move|p1b: Garchomp|Rock Slide|p2b: Charizard
|-supereffective|p2b: Charizard|2
|-damage|p2b: Charizard|0 fnt
|faint|p2b: Charizard
|-damage|p1b: Garchomp|90/100|[from] item: Life Orb
|
|win|Can I pet the dog?
|l|☆Paywall vgc
|player|p2|
||Can I pet the dog? is ready for game 2.
||Paywall vgc is ready for game 2.
|uhtml|next|Next: Game 2 of 3
