|j|☆SP-9733
|j|☆BroscoeFlames
|html|SP-9733BroscoeFlames    
|uhtml|bestof|Game 2 of a best-of-3
|t:|1783750899
|gametype|doubles
|player|p1|SP-9733|n|1162
|player|p2|BroscoeFlames|265|1143
|gen|9
|tier|[Gen 9 Champions] VGC 2026 Reg M-B (Bo3)
|rated|
|rule|Species Clause: Limit one of each Pokémon
|rule|Item Clause: Limit 1 of each item
|clearpoke
|poke|p1|Swampert, L50, M|
|poke|p1|Pelipper, L50, F|
|poke|p1|Archaludon, L50, M|
|poke|p1|Venusaur, L50, F|
|poke|p1|Whimsicott, L50, F|
|poke|p1|Hydreigon, L50, M|
|poke|p2|Zoroark-Hisui, L50, F|
|poke|p2|Goodra-Hisui, L50, F|
|poke|p2|Grimmsnarl, L50, M|
|poke|p2|Venusaur, L50, F|
|poke|p2|Milotic, L50, F|
|poke|p2|Vivillon-Pokeball, L50, F|
|teampreview|4
|showteam|p1|Swampert||Swampertite|Torrent|WaveCrash,Earthquake,Protect,IcePunch|Adamant||M|||50|]Pelipper||SharpBeak|Drizzle|WeatherBall,Hurricane,WideGuard,Tailwind|Modest||F|||50|]Archaludon||Leftovers|Stamina|ElectroShot,FlashCannon,AuraSphere,Protect|Modest||M|||50|]Venusaur||Venusaurite|Overgrow|SludgeBomb,GigaDrain,Protect,LeechSeed|Bold||F|||50|]Whimsicott||FocusSash|Prankster|Tailwind,Encore,WorrySeed,Moonblast|Timid||F|||50|]Hydreigon||ChoiceScarf|Levitate|DarkPulse,DragonPulse,Snarl,EarthPower|Modest||M|||50|
|showteam|p2|Zoroark-Hisui||ChoiceScarf|Illusion|HyperVoice,GrassKnot,IcyWind,ShadowBall|Modest||F|||50|]Goodra-Hisui||Leftovers|ShellArmor|BodyPress,HeavySlam,Shelter,Protect|Careful||F|||50|]Grimmsnarl||LightClay|Prankster|FakeOut,Reflect,LightScreen,SpiritBreak|Impish||M|||50|]Venusaur||Venusaurite|Overgrow|GigaDrain,SludgeBomb,EarthPower,Protect|Serious||F|||50|]Milotic||SitrusBerry|Competitive|MuddyWater,Coil,Hypnosis,Protect|Modest||F|||50|]Vivillon-Pokeball||FocusSash|CompoundEyes|Protect,Hurricane,Tailwind,SleepPowder|Timid||F|||50|
|inactive|Battle timer is ON: inactive players will automatically lose when time's up. (requested by SP-9733)
|inactive|BroscoeFlames has 60 seconds left.
|
|t:|1783750933
|teamsize|p1|4
|teamsize|p2|4
|start
|switch|p1a: Whimsicott|Whimsicott, L50, F|100/100
|switch|p1b: Hydreigon|Hydreigon, L50, M|100/100
|switch|p2a: Grimmsnarl|Grimmsnarl, L50, M|100/100
|switch|p2b: Goodra|Goodra-Hisui, L50, F|100/100
|turn|1
|
|t:|1783750944
|switch|p1b: Archaludon|Archaludon, L50, M|100/100
|move|p2a: Grimmsnarl|Fake Out|p1a: Whimsicott
|-damage|p1a: Whimsicott|83/100
|cant|p1a: Whimsicott|flinch
|move|p2b: Goodra|Heavy Slam|p1a: Whimsicott
|-supereffective|p1a: Whimsicott|1
|-damage|p1a: Whimsicott|0 fnt
|faint|p1a: Whimsicott
|
|upkeep
|
|t:|1783750956
|switch|p1a: Venusaur|Venusaur, L50, F|100/100
|turn|2
|
|t:|1783750971
|detailschange|p1a: Venusaur|Venusaur-Mega, L50, F
|-mega|p1a: Venusaur|Venusaur|Venusaurite
|move|p2a: Grimmsnarl|Light Screen|p2a: Grimmsnarl
|-sidestart|p2: BroscoeFlames|move: Light Screen
|move|p1b: Archaludon|Electro Shot||[still]
|-prepare|p1b: Archaludon|Electro Shot
|-boost|p1b: Archaludon|spa|1
|move|p1a: Venusaur|Leech Seed|p2b: Goodra
|-start|p2b: Goodra|move: Leech Seed
|move|p2b: Goodra|Shelter|p2b: Goodra
|-boost|p2b: Goodra|def|2
|
|-damage|p2b: Goodra|87/100|[from] Leech Seed|[of] p1a: Venusaur
|upkeep
|turn|3
|inactive|BroscoeFlames has 30 seconds left.
|
|t:|1783751001
|move|p1b: Archaludon|Electro Shot|p2a: Grimmsnarl|[from] lockedmove
|-damage|p2a: Grimmsnarl|60/100
|move|p1a: Venusaur|Sludge Bomb|p2a: Grimmsnarl
|-supereffective|p2a: Grimmsnarl|1
|-damage|p2a: Grimmsnarl|4/100
|-status|p2a: Grimmsnarl|psn
|move|p2a: Grimmsnarl|Spirit Break|p1b: Archaludon
|-damage|p1b: Archaludon|79/100
|-unboost|p1b: Archaludon|spa|1
|-ability|p1b: Archaludon|Stamina|boost
|-boost|p1b: Archaludon|def|1
|move|p2b: Goodra|Shelter|p2b: Goodra
|-boost|p2b: Goodra|def|2
|
|-heal|p1b: Archaludon|85/100|[from] item: Leftovers
|-heal|p2b: Goodra|93/100|[from] item: Leftovers
|-damage|p2b: Goodra|81/100|[from] Leech Seed|[of] p1a: Venusaur
|-damage|p2a: Grimmsnarl|0 fnt|[from] psn
|faint|p2a: Grimmsnarl
|upkeep
|
|t:|1783751022
|switch|p2a: Venusaur|Venusaur, L50, F|100/100
|turn|4
|
|t:|1783751040
|move|p1b: Archaludon|Protect|p1b: Archaludon
|-singleturn|p1b: Archaludon|Protect
|move|p2a: Venusaur|Hyper Voice|p1b: Archaludon|[spread] p1a
|-activate|p1b: Archaludon|move: Protect
|-damage|p1a: Venusaur|69/100
|move|p1a: Venusaur|Sludge Bomb|p2a: Venusaur
|-resisted|p2a: Venusaur|1
|-damage|p2a: Venusaur|72/100
|replace|p2a: Zoroark|Zoroark-Hisui, L50, F
|-end|p2a: Zoroark|Illusion
|move|p2b: Goodra|Shelter|p2b: Goodra
|-boost|p2b: Goodra|def|2
|
|-heal|p1b: Archaludon|91/100|[from] item: Leftovers
|-heal|p2b: Goodra|87/100|[from] item: Leftovers
|-damage|p2b: Goodra|74/100|[from] Leech Seed|[of] p1a: Venusaur
|-heal|p1a: Venusaur|82/100|[silent]
|upkeep
|turn|5
|
|t:|1783751057
|move|p2a: Zoroark|Hyper Voice|p1a: Venusaur|[spread] p1a,p1b
|-resisted|p1b: Archaludon|1
|-damage|p1a: Venusaur|52/100
|-damage|p1b: Archaludon|68/100
|-ability|p1b: Archaludon|Stamina|boost
|-boost|p1b: Archaludon|def|1
|move|p1b: Archaludon|Aura Sphere|p2b: Goodra
|-supereffective|p2b: Goodra|1
|-damage|p2b: Goodra|52/100
|move|p1a: Venusaur|Giga Drain|p2a: Zoroark
|-damage|p2a: Zoroark|24/100
|-heal|p1a: Venusaur|70/100|[from] drain|[of] p2a: Zoroark
|move|p2b: Goodra|Body Press|p1b: Archaludon
|-supereffective|p1b: Archaludon|1
|-crit|p1b: Archaludon
|-damage|p1b: Archaludon|0 fnt
|faint|p1b: Archaludon
|
|-heal|p2b: Goodra|58/100|[from] item: Leftovers
|-damage|p2b: Goodra|46/100|[from] Leech Seed|[of] p1a: Venusaur
|-heal|p1a: Venusaur|82/100|[silent]
|upkeep
|
|t:|1783751070
|switch|p1b: Hydreigon|Hydreigon, L50, M|100/100
|turn|6
|
|t:|1783751091
|move|p2a: Zoroark|Hyper Voice|p1a: Venusaur|[spread] p1a,p1b
|-damage|p1a: Venusaur|56/100
|-damage|p1b: Hydreigon|62/100
|move|p1b: Hydreigon|Earth Power|p2b: Goodra
|-supereffective|p2b: Goodra|1
|-damage|p2b: Goodra|20/100y
|move|p1a: Venusaur|Giga Drain|p2b: Goodra
|-resisted|p2b: Goodra|2
|-damage|p2b: Goodra|17/100
|-heal|p1a: Venusaur|58/100|[from] drain|[of] p2b: Goodra
|move|p2b: Goodra|Body Press|p1b: Hydreigon
|-supereffective|p1b: Hydreigon|1
|-damage|p1b: Hydreigon|0 fnt
|faint|p1b: Hydreigon
|
|-heal|p2b: Goodra|23/100|[from] item: Leftovers
|-damage|p2b: Goodra|11/100|[from] Leech Seed|[of] p1a: Venusaur
|-heal|p1a: Venusaur|70/100|[silent]
|upkeep
|turn|7
|
|t:|1783751110
|switch|p2b: Venusaur|Venusaur, L50, F|100/100
|move|p1a: Venusaur|Protect|p1a: Venusaur
|-singleturn|p1a: Venusaur|Protect
|move|p2a: Zoroark|Hyper Voice|p1a: Venusaur
|-activate|p1a: Venusaur|move: Protect
|
|upkeep
|turn|8
|-message|SP-9733 forfeited.
|
|win|BroscoeFlames
||SP-9733 is ready for game 3.
|l|☆SP-9733
|player|p1|
||BroscoeFlames is ready for game 3.
|uhtml|next|Next: Game 3 of 3
