|j|☆yutaliban
|j|☆kushala25
|html|yutalibankushala25    
|uhtml|bestof|Game 1 of a best-of-3
|t:|1783359892
|gametype|doubles
|player|p1|yutaliban|169|1081
|player|p2|kushala25|marshal|1122
|gen|9
|tier|[Gen 9 Champions] VGC 2026 Reg M-B (Bo3)
|rated|
|rule|Species Clause: Limit one of each Pokémon
|rule|Item Clause: Limit 1 of each item
|clearpoke
|poke|p1|Gholdengo, L50|
|poke|p1|Aerodactyl, L50, M|
|poke|p1|Sneasler, L50, F|
|poke|p1|Gyarados, L50, M|
|poke|p1|Hippowdon, L50, M|
|poke|p1|Scovillain, L50, M|
|poke|p2|Metagross, L50|
|poke|p2|Staraptor, L50, F|
|poke|p2|Primarina, L50, M|
|poke|p2|Whimsicott, L50, M|
|poke|p2|Delphox, L50, F|
|poke|p2|Garchomp, L50, M|
|teampreview|4
|showteam|p1|Gholdengo||LifeOrb|GoodasGold|MakeItRain,ShadowBall,NastyPlot,Protect|Modest|||||50|]Aerodactyl||Aerodactylite|Unnerve|Protect,IceFang,RockSlide,Tailwind|Jolly||M|||50|]Sneasler||WhiteHerb|Unburden|FakeOut,DireClaw,CloseCombat,Protect|Jolly||F|||50|]Gyarados||SitrusBerry|Intimidate|Waterfall,ThunderWave,Taunt,Protect|Adamant||M|||50|]Hippowdon||Leftovers|SandStream|HighHorsepower,SlackOff,StoneEdge,Protect|Adamant||M|||50|]Scovillain||Scovillainite|Moody|Overheat,GigaDrain,RagePowder,Protect|Bold||M|||50|
|showteam|p2|Metagross||Leftovers|ClearBody|PsychicFangs,MeteorMash,BodyPress,CosmicPower|Adamant|||||50|]Staraptor||Staraptite|Intimidate|CloseCombat,BraveBird,Protect,Roost|Adamant||F|||50|]Primarina||SitrusBerry|LiquidVoice|Moonblast,DrainingKiss,CalmMind,HyperVoice|Modest||M|||50|]Whimsicott||FocusSash|Prankster|Moonblast,Tailwind,Charm,Protect|Timid||M|||50|]Delphox||Delphoxite|Blaze|Psyshock,NastyPlot,HeatWave,GrassKnot|Timid||F|||50|]Garchomp||LifeOrb|RoughSkin|RockSlide,StompingTantrum,PoisonJab,DragonClaw|Jolly||M|||50|
|
|t:|1783359985
|teamsize|p1|4
|teamsize|p2|4
|start
|switch|p1a: Gyarados|Gyarados, L50, M|100/100
|switch|p1b: Aerodactyl|Aerodactyl, L50, M|100/100
|switch|p2a: Staraptor|Staraptor, L50, F|100/100
|switch|p2b: Whimsicott|Whimsicott, L50, M|100/100
|-ability|p1b: Aerodactyl|Unnerve
|-ability|p2a: Staraptor|Intimidate|boost
|-unboost|p1a: Gyarados|atk|1
|-unboost|p1b: Aerodactyl|atk|1
|-ability|p1a: Gyarados|Intimidate|boost
|-unboost|p2a: Staraptor|atk|1
|-unboost|p2b: Whimsicott|atk|1
|turn|1
|
|t:|1783360012
|switch|p2a: Garchomp|Garchomp, L50, M|100/100
|detailschange|p1b: Aerodactyl|Aerodactyl-Mega, L50, M
|-mega|p1b: Aerodactyl|Aerodactyl|Aerodactylite
|move|p2b: Whimsicott|Charm|p1b: Aerodactyl
|-unboost|p1b: Aerodactyl|atk|2
|move|p1b: Aerodactyl|Tailwind|p1b: Aerodactyl
|-sidestart|p1: yutaliban|move: Tailwind
|move|p1a: Gyarados|Thunder Wave|p2a: Garchomp
|-immune|p2a: Garchomp
|
|upkeep
|turn|2
|
|t:|1783360046
|switch|p1a: Gholdengo|Gholdengo, L50|100/100
|move|p2b: Whimsicott|Tailwind|p2b: Whimsicott
|-sidestart|p2: kushala25|move: Tailwind
|move|p1b: Aerodactyl|Ice Fang|p2a: Garchomp
|-supereffective|p2a: Garchomp|2
|-damage|p2a: Garchomp|54/100
|-damage|p1b: Aerodactyl|87/100|[from] ability: Rough Skin|[of] p2a: Garchomp
|move|p2a: Garchomp|Rock Slide|p1a: Gholdengo|[spread] p1a,p1b
|-resisted|p1a: Gholdengo|1
|-supereffective|p1b: Aerodactyl|1
|-damage|p1a: Gholdengo|88/100
|-damage|p1b: Aerodactyl|25/100
|-damage|p2a: Garchomp|44/100|[from] item: Life Orb
|
|upkeep
|turn|3
|
|t:|1783360072
|move|p1b: Aerodactyl|Ice Fang|p2a: Garchomp
|-supereffective|p2a: Garchomp|2
|-damage|p2a: Garchomp|0 fnt
|-damage|p1b: Aerodactyl|13/100|[from] ability: Rough Skin|[of] p2a: Garchomp
|faint|p2a: Garchomp
|move|p2b: Whimsicott|Moonblast|p1b: Aerodactyl
|-damage|p1b: Aerodactyl|0 fnt
|faint|p1b: Aerodactyl
|move|p1a: Gholdengo|Nasty Plot|p1a: Gholdengo
|-boost|p1a: Gholdengo|spa|2
|
|upkeep
|
|t:|1783360087
|switch|p1b: Sneasler|Sneasler, L50, F|100/100
|switch|p2a: Primarina|Primarina, L50, M|100/100
|turn|4
|
|t:|1783360111
|move|p2b: Whimsicott|Protect|p2b: Whimsicott
|-singleturn|p2b: Whimsicott|Protect
|move|p1b: Sneasler|Dire Claw|p2a: Primarina
|-supereffective|p2a: Primarina|1
|-damage|p2a: Primarina|15/100
|-enditem|p2a: Primarina|Sitrus Berry|[eat]
|-heal|p2a: Primarina|40/100|[from] item: Sitrus Berry
|move|p1a: Gholdengo|Make It Rain|p2b: Whimsicott|[spread] p2a
|-activate|p2b: Whimsicott|move: Protect
|-damage|p2a: Primarina|0 fnt
|-unboost|p1a: Gholdengo|spa|2
|faint|p2a: Primarina
|-damage|p1a: Gholdengo|78/100|[from] item: Life Orb
|
|-sideend|p1: yutaliban|move: Tailwind
|upkeep
|
|t:|1783360122
|switch|p2a: Staraptor|Staraptor, L50, F|100/100
|-ability|p2a: Staraptor|Intimidate|boost
|-unboost|p1a: Gholdengo|atk|1
|-unboost|p1b: Sneasler|atk|1
|-enditem|p1b: Sneasler|White Herb
|-clearnegativeboost|p1b: Sneasler|[silent]
|turn|5
|
|t:|1783360133
|switch|p1b: Gyarados|Gyarados, L50, M|100/100
|-ability|p1b: Gyarados|Intimidate|boost
|-unboost|p2a: Staraptor|atk|1
|-unboost|p2b: Whimsicott|atk|1
|detailschange|p2a: Staraptor|Staraptor-Mega, L50, F
|-mega|p2a: Staraptor|Staraptor|Staraptite
|move|p2b: Whimsicott|Charm|p2a: Staraptor
|-boost|p2a: Staraptor|atk|2
|move|p2a: Staraptor|Close Combat|p1b: Gyarados
|-resisted|p1b: Gyarados|1
|-damage|p1b: Gyarados|41/100
|-boost|p2a: Staraptor|def|1
|-boost|p2a: Staraptor|spd|1
|-enditem|p1b: Gyarados|Sitrus Berry|[eat]
|-heal|p1b: Gyarados|65/100|[from] item: Sitrus Berry
|move|p1a: Gholdengo|Nasty Plot|p1a: Gholdengo
|-boost|p1a: Gholdengo|spa|2
|
|-sideend|p2: kushala25|move: Tailwind
|upkeep
|turn|6
|
|t:|1783360167
|move|p2b: Whimsicott|Protect|p2b: Whimsicott
|-singleturn|p2b: Whimsicott|Protect
|move|p2a: Staraptor|Protect|p2a: Staraptor
|-singleturn|p2a: Staraptor|Protect
|move|p1a: Gholdengo|Make It Rain|p2a: Staraptor|[spread] 
|-activate|p2a: Staraptor|move: Protect
|-activate|p2b: Whimsicott|move: Protect
|move|p1b: Gyarados|Waterfall|p2b: Whimsicott
|-activate|p2b: Whimsicott|move: Protect
|
|upkeep
|turn|7
|
|t:|1783360182
|move|p2b: Whimsicott|Charm|p2a: Staraptor
|-boost|p2a: Staraptor|atk|2
|move|p2a: Staraptor|Close Combat|p1b: Gyarados
|-resisted|p1b: Gyarados|1
|-damage|p1b: Gyarados|0 fnt
|-boost|p2a: Staraptor|def|1
|-boost|p2a: Staraptor|spd|1
|faint|p1b: Gyarados
|move|p1a: Gholdengo|Make It Rain|p2a: Staraptor|[spread] p2a,p2b
|-crit|p2a: Staraptor
|-supereffective|p2b: Whimsicott|1
|-damage|p2a: Staraptor|0 fnt
|-enditem|p2b: Whimsicott|Focus Sash
|-damage|p2b: Whimsicott|1/100
|-unboost|p1a: Gholdengo|spa|2
|faint|p2a: Staraptor
|-damage|p1a: Gholdengo|69/100|[from] item: Life Orb
|
|upkeep
|-message|kushala25 forfeited.
|
|win|yutaliban
|l|☆kushala25
|player|p2|
||kushala25 is ready for game 2.
