|j|☆Ethan's Bleakmiss
|j|☆bopthehydropump
|html|Ethan's Bleakmissbopthehydropump    
|uhtml|bestof|Game 1 of a best-of-3
|t:|1783524662
|gametype|doubles
|player|p1|Ethan's Bleakmiss|unknown|1053
|player|p2|bopthehydropump|lucas|1082
|gen|9
|tier|[Gen 9 Champions] VGC 2026 Reg M-B (Bo3)
|rated|
|rule|Species Clause: Limit one of each Pokémon
|rule|Item Clause: Limit 1 of each item
|clearpoke
|poke|p1|Floette-Eternal, L50, F|
|poke|p1|Froslass, L50, F, shiny|
|poke|p1|Whimsicott, L50, M, shiny|
|poke|p1|Maushold, L50, shiny|
|poke|p1|Sneasler, L50, M, shiny|
|poke|p1|Basculegion, L50, M, shiny|
|poke|p2|Eelektross, L50, F|
|poke|p2|Sinistcha, L50|
|poke|p2|Incineroar, L50, F|
|poke|p2|Garchomp, L50, M|
|poke|p2|Kingambit, L50, M|
|poke|p2|Primarina, L50, F|
|teampreview|4
|showteam|p1|Floette-Eternal||Floettite|FlowerVeil|Protect,LightofRuin,DazzlingGleam,Moonblast|Timid||F|||50|]Froslass||Froslassite|CursedBody|ShadowBall,AuroraVeil,Blizzard,Protect|Timid||F|||50|]Whimsicott||FocusSash|Prankster|Protect,Moonblast,Tailwind,FakeTears|Timid||M|||50|]Maushold||SitrusBerry|FriendGuard|SuperFang,Protect,FollowMe,Taunt|Bold|||||50|]Sneasler||WhiteHerb|Unburden|CloseCombat,DireClaw,Protect,FakeOut|Adamant||M|||50|]Basculegion||LifeOrb|Adaptability|WaveCrash,Protect,LastRespects,AquaJet|Adamant||M|||50|
|showteam|p2|Eelektross||Eelektrossite|Levitate|Thunderbolt,ThunderPunch,GrassKnot,Protect|Quiet||F|||50|]Sinistcha||SitrusBerry|Hospitality|MatchaGotcha,LifeDew,RagePowder,TrickRoom|Sassy|||||50|]Incineroar||LumBerry|Intimidate|FakeOut,PartingShot,FlareBlitz,HelpingHand|Sassy||F|||50|]Garchomp||LifeOrb|RoughSkin|Earthquake,RockSlide,DragonClaw,Protect|Adamant||M|||50|]Kingambit||ChopleBerry|Defiant|SuckerPunch,KowtowCleave,IronHead,Protect|Careful||M|||50|]Primarina||DampRock|LiquidVoice|HyperVoice,Moonblast,CalmMind,Protect|Quiet||F|||50|
|inactive|Battle timer is ON: inactive players will automatically lose when time's up. (requested by Ethan's Bleakmiss)
|inactive|Ethan's Bleakmiss has 60 seconds left.
|inactive|bopthehydropump has 60 seconds left.
|inactive|Ethan's Bleakmiss has 30 seconds left.
|inactive|bopthehydropump has 30 seconds left.
|inactive|bopthehydropump has 20 seconds left.
|inactive|bopthehydropump has 15 seconds left.
|
|t:|1783524740
|teamsize|p1|4
|teamsize|p2|4
|start
|switch|p1a: Sneasler|Sneasler, L50, M, shiny|100/100
|switch|p1b: Basculegion|Basculegion, L50, M, shiny|100/100
|switch|p2a: Eelektross|Eelektross, L50, F|100/100
|switch|p2b: Sinistcha|Sinistcha, L50|100/100
|turn|1
|
|t:|1783524764
|move|p2a: Eelektross|Protect|p2a: Eelektross
|-singleturn|p2a: Eelektross|Protect
|move|p1a: Sneasler|Fake Out|p2a: Eelektross
|-activate|p2a: Eelektross|move: Protect
|move|p1b: Basculegion|Wave Crash|p2a: Eelektross
|-activate|p2a: Eelektross|move: Protect
|move|p2b: Sinistcha|Trick Room|p2b: Sinistcha
|-fieldstart|move: Trick Room|[of] p2b: Sinistcha
|
|upkeep
|turn|2
|
|t:|1783524785
|detailschange|p2a: Eelektross|Eelektross-Mega, L50, F
|-mega|p2a: Eelektross|Eelektross|Eelektrossite
|move|p2b: Sinistcha|Rage Powder|p2b: Sinistcha
|-singleturn|p2b: Sinistcha|move: Rage Powder
|move|p2a: Eelektross|Thunderbolt|p1b: Basculegion
|-supereffective|p1b: Basculegion|1
|-damage|p1b: Basculegion|0 fnt
|faint|p1b: Basculegion
|-ability|p2a: Eelektross|Eelevate|boost
|-boost|p2a: Eelektross|spa|1
|move|p1a: Sneasler|Close Combat|p2b: Sinistcha
|-immune|p2b: Sinistcha
|
|upkeep
|
|t:|1783524797
|switch|p1b: Floette|Floette-Eternal, L50, F|100/100
|turn|3
|
|t:|1783524812
|detailschange|p1b: Floette|Floette-Mega, L50, F
|-mega|p1b: Floette|Floette|Floettite
|-ability|p1b: Floette|Fairy Aura
|move|p2b: Sinistcha|Rage Powder|p2b: Sinistcha
|-singleturn|p2b: Sinistcha|move: Rage Powder
|move|p2a: Eelektross|Thunderbolt|p1b: Floette
|-damage|p1b: Floette|35/100
|-status|p1b: Floette|par
|move|p1b: Floette|Dazzling Gleam|p2a: Eelektross|[spread] p2a,p2b
|-damage|p2a: Eelektross|50/100y
|-damage|p2b: Sinistcha|51/100
|move|p1a: Sneasler|Dire Claw|p2b: Sinistcha
|-damage|p2b: Sinistcha|11/100
|-enditem|p2b: Sinistcha|Sitrus Berry|[eat]
|-heal|p2b: Sinistcha|36/100|[from] item: Sitrus Berry
|
|upkeep
|turn|4
|inactive|bopthehydropump has 30 seconds left.
|
|t:|1783524840
|switch|p2b: Kingambit|Kingambit, L50, M|100/100
|move|p1b: Floette|Protect|p1b: Floette
|-singleturn|p1b: Floette|Protect
|move|p2a: Eelektross|Thunderbolt|p1b: Floette
|-activate|p1b: Floette|move: Protect
|move|p1a: Sneasler|Dire Claw|p2a: Eelektross
|-damage|p2a: Eelektross|1/100
|
|upkeep
|turn|5
|
|t:|1783524862
|switch|p1b: Whimsicott|Whimsicott, L50, M, shiny|100/100
|move|p2b: Kingambit|Iron Head|p1b: Whimsicott
|-supereffective|p1b: Whimsicott|1
|-enditem|p1b: Whimsicott|Focus Sash
|-damage|p1b: Whimsicott|1/100
|move|p2a: Eelektross|Thunderbolt|p1a: Sneasler
|-damage|p1a: Sneasler|0 fnt
|faint|p1a: Sneasler
|-ability|p2a: Eelektross|Eelevate|boost
|-boost|p2a: Eelektross|spa|1
|
|-fieldend|move: Trick Room
|upkeep
|
|t:|1783524873
|switch|p1a: Floette|Floette-Mega, L50, F|35/100 par
|-ability|p1a: Floette|Fairy Aura
|turn|6
|
|t:|1783524885
|switch|p2a: Sinistcha|Sinistcha, L50|36/100
|move|p1b: Whimsicott|Tailwind|p1b: Whimsicott
|-sidestart|p1: Ethan's Bleakmiss|move: Tailwind
|move|p1a: Floette|Dazzling Gleam|p2a: Sinistcha|[spread] p2a,p2b
|-damage|p2a: Sinistcha|0 fnt
|-damage|p2b: Kingambit|56/100
|faint|p2a: Sinistcha
|move|p2b: Kingambit|Iron Head|p1a: Floette
|-supereffective|p1a: Floette|1
|-damage|p1a: Floette|0 fnt
|faint|p1a: Floette
|
|upkeep
|-message|Ethan's Bleakmiss forfeited.
|
|win|bopthehydropump
