|j|☆circleming
|j|☆freudianbreath
|html|circlemingfreudianbreath    
|uhtml|bestof|Game 2 of a best-of-3
|t:|1756443827
|gametype|doubles
|player|p1|circleming|1|1152
|player|p2|freudianbreath|101|1074
|gen|9
|tier|[Gen 9] VGC 2025 Reg H (Bo3)
|rated|
|rule|Species Clause: Limit one of each Pokémon
|rule|Item Clause: Limit 1 of each item
|clearpoke
|poke|p1|Archaludon, L50, F|
|poke|p1|Gholdengo, L50|
|poke|p1|Basculegion, L50, M|
|poke|p1|Incineroar, L50, F|
|poke|p1|Amoonguss, L50, F|
|poke|p1|Pelipper, L50, F|
|poke|p2|Rillaboom, L50, M|
|poke|p2|Gholdengo, L50|
|poke|p2|Amoonguss, L50, F|
|poke|p2|Sneasler, L50, M|
|poke|p2|Incineroar, L50, F|
|poke|p2|Pelipper, L50, F|
|teampreview|4
|showteam|p1|Archaludon||AssaultVest|Stamina|ElectroShot,BodyPress,FlashCannon,DracoMeteor|||F|||50|,,,,,Bug]Gholdengo||LifeOrb|GoodasGold|MakeItRain,ShadowBall,NastyPlot,Protect||||||50|,,,,,Water]Basculegion||ChoiceBand|SwiftSwim|WaveCrash,LastRespects,FlipTurn,AquaJet|||M|||50|,,,,,Water]Incineroar||SafetyGoggles|Intimidate|FakeOut,KnockOff,PartingShot,Taunt|||F|||50|,,,,,Ghost]Amoonguss||SitrusBerry|Regenerator|Spore,RagePowder,PollenPuff,Protect|||F|||50|,,,,,Water]Pelipper||FocusSash|Drizzle|WeatherBall,Hurricane,Tailwind,Protect|||F|||50|,,,,,Stellar
|showteam|p2|Rillaboom||AssaultVest|GrassySurge|WoodHammer,GrassyGlide,FakeOut,HighHorsepower|||M|||50|,,,,,Fire]Gholdengo||ChoiceSpecs|GoodasGold|MakeItRain,ShadowBall,PowerGem,Thunder||||||50|,,,,,Steel]Amoonguss||RockyHelmet|Regenerator|PollenPuff,Spore,RagePowder,ClearSmog|||F|||50|,,,,,Fairy]Sneasler||GrassySeed|Unburden|FakeOut,CloseCombat,ThroatChop,Protect|||M|||50|,,,,,Dark]Incineroar||SafetyGoggles|Intimidate|FakeOut,KnockOff,WillOWisp,PartingShot|||F|||50|,,,,,Ghost]Pelipper||FocusSash|Drizzle|Hurricane,WeatherBall,Tailwind,Protect|||F|||50|,,,,,Stellar
|inactive|Battle timer is ON: inactive players will automatically lose when time's up. (requested by circleming)
|inactive|freudianbreath has 60 seconds left.
|
|t:|1756443881
|teamsize|p1|4
|teamsize|p2|4
|start
|switch|p1a: Gholdengo|Gholdengo, L50, shiny|100/100
|switch|p1b: Incineroar|Incineroar, L50, F, shiny|100/100
|switch|p2a: Gholdengo|Gholdengo, L50|100/100
|switch|p2b: Amoonguss|Amoonguss, L50, F|100/100
|-ability|p1b: Incineroar|Intimidate|boost
|-unboost|p2a: Gholdengo|atk|1
|-unboost|p2b: Amoonguss|atk|1
|turn|1
|inactive|circleming has 30 seconds left.
|inactive|freudianbreath has 30 seconds left.
|inactive|circleming has 20 seconds left.
|inactive|freudianbreath has 20 seconds left.
|inactive|circleming has 15 seconds left.
|inactive|freudianbreath has 15 seconds left.
|inactive|freudianbreath has 10 seconds left.
|inactive|freudianbreath has 5 seconds left.
|
|t:|1756443931
|switch|p2b: Pelipper|Pelipper, L50, F|100/100
|-weather|RainDance|[from] ability: Drizzle|[of] p2b: Pelipper
|-terastallize|p2a: Gholdengo|Steel
|move|p1a: Gholdengo|Protect|p1a: Gholdengo
|-singleturn|p1a: Gholdengo|Protect
|move|p2a: Gholdengo|Thunder|p1b: Incineroar
|-damage|p1b: Incineroar|49/100
|move|p1b: Incineroar|Taunt|p2b: Pelipper
|-start|p2b: Pelipper|move: Taunt
|
|-weather|RainDance|[upkeep]
|upkeep
|turn|2
|inactive|circleming has 30 seconds left.
|inactive|freudianbreath has 30 seconds left.
|inactive|circleming has 20 seconds left.
|inactive|freudianbreath has 20 seconds left.
|inactive|circleming has 15 seconds left.
|inactive|freudianbreath has 15 seconds left.
|inactive|circleming has 10 seconds left.
|inactive|freudianbreath has 10 seconds left.
|inactive|circleming has 5 seconds left.
|
|t:|1756443984
|switch|p1b: Archaludon|Archaludon, L50, F, shiny|100/100
|move|p1a: Gholdengo|Make It Rain|p2b: Pelipper|[spread] p2a,p2b
|-resisted|p2a: Gholdengo
|-resisted|p2b: Pelipper
|-damage|p2a: Gholdengo|64/100
|-damage|p2b: Pelipper|50/100
|-unboost|p1a: Gholdengo|spa|1
|-damage|p1a: Gholdengo|91/100|[from] item: Life Orb
|move|p2a: Gholdengo|Thunder|p1a: Gholdengo
|-damage|p1a: Gholdengo|25/100
|-status|p1a: Gholdengo|par
|move|p2b: Pelipper|Hurricane|p1a: Gholdengo
|-resisted|p1a: Gholdengo
|-damage|p1a: Gholdengo|0 fnt
|faint|p1a: Gholdengo
|
|-weather|RainDance|[upkeep]
|upkeep
|
|t:|1756444006
|switch|p1a: Pelipper|Pelipper, L50, F, shiny|100/100
|turn|3
|inactive|circleming has 30 seconds left.
|inactive|freudianbreath has 30 seconds left.
|inactive|freudianbreath has 20 seconds left.
|inactive|circleming has 20 seconds left.
|inactive|freudianbreath has 15 seconds left.
|inactive|circleming has 15 seconds left.
|inactive|freudianbreath has 10 seconds left.
|inactive|circleming has 10 seconds left.
|inactive|freudianbreath has 5 seconds left.
|
|t:|1756444058
|switch|p2a: Amoonguss|Amoonguss, L50, F|100/100
|-terastallize|p1a: Pelipper|Stellar
|move|p1b: Archaludon|Electro Shot||[still]
|-prepare|p1b: Archaludon|Electro Shot
|-boost|p1b: Archaludon|spa|1
|-anim|p1b: Archaludon|Electro Shot|p2b: Pelipper
|-supereffective|p2b: Pelipper
|-damage|p2b: Pelipper|0 fnt
|faint|p2b: Pelipper
|move|p1a: Pelipper|Weather Ball|p2a: Amoonguss
|-resisted|p2a: Amoonguss
|-damage|p2a: Amoonguss|60/100
|
|-weather|RainDance|[upkeep]
|upkeep
|inactive|freudianbreath has 30 seconds left.
|inactive|freudianbreath has 20 seconds left.
|
|t:|1756444093
|switch|p2b: Gholdengo|Gholdengo, L50, tera:Steel|64/100
|turn|4
|inactive|circleming has 30 seconds left.
|inactive|freudianbreath has 30 seconds left.
|inactive|circleming has 20 seconds left.
|inactive|freudianbreath has 20 seconds left.
|inactive|circleming has 15 seconds left.
|inactive|freudianbreath has 15 seconds left.
|inactive|circleming has 10 seconds left.
|inactive|freudianbreath has 10 seconds left.
|inactive|circleming has 5 seconds left.
|
|t:|1756444148
|move|p1b: Archaludon|Electro Shot||[still]
|-prepare|p1b: Archaludon|Electro Shot
|-boost|p1b: Archaludon|spa|1
|-anim|p1b: Archaludon|Electro Shot|p2a: Amoonguss
|-resisted|p2a: Amoonguss
|-damage|p2a: Amoonguss|30/100
|move|p2b: Gholdengo|Make It Rain|p1a: Pelipper|[spread] p1a,p1b
|-resisted|p1a: Pelipper
|-crit|p1a: Pelipper
|-resisted|p1b: Archaludon
|-enditem|p1a: Pelipper|Focus Sash
|-damage|p1a: Pelipper|1/100
|-damage|p1b: Archaludon|59/100
|-unboost|p2b: Gholdengo|spa|1
|-ability|p1b: Archaludon|Stamina|boost
|-boost|p1b: Archaludon|def|1
|move|p1a: Pelipper|Weather Ball|p2b: Gholdengo
|-damage|p2b: Gholdengo|0 fnt
|faint|p2b: Gholdengo
|move|p2a: Amoonguss|Spore|p1b: Archaludon
|-status|p1b: Archaludon|slp|[from] move: Spore
|
|-weather|RainDance|[upkeep]
|upkeep
|
|t:|1756444165
|switch|p2b: Rillaboom|Rillaboom, L50, M|100/100
|-fieldstart|move: Grassy Terrain|[from] ability: Grassy Surge|[of] p2b: Rillaboom
|turn|5
|inactive|freudianbreath has 30 seconds left.
|inactive|freudianbreath has 20 seconds left.
|inactive|freudianbreath has 15 seconds left.
|inactive|freudianbreath has 10 seconds left.
|inactive|circleming has 30 seconds left.
|
|t:|1756444224
|move|p2a: Amoonguss|Rage Powder|p2a: Amoonguss
|-singleturn|p2a: Amoonguss|move: Rage Powder
|cant|p1b: Archaludon|slp
|move|p1a: Pelipper|Hurricane|p2a: Amoonguss
|-supereffective|p2a: Amoonguss
|-crit|p2a: Amoonguss
|-damage|p2a: Amoonguss|0 fnt
|faint|p2a: Amoonguss
|move|p2b: Rillaboom|High Horsepower|p1b: Archaludon
|-supereffective|p1b: Archaludon
|-damage|p1b: Archaludon|25/100 slp
|-ability|p1b: Archaludon|Stamina|boost
|-boost|p1b: Archaludon|def|1
|
|-weather|none
|-heal|p1b: Archaludon|30/100 slp|[from] Grassy Terrain
|upkeep
|turn|6
|
|t:|1756444243
|switch|p1a: Incineroar|Incineroar, L50, F, shiny|49/100
|-ability|p1a: Incineroar|Intimidate|boost
|-unboost|p2b: Rillaboom|atk|1
|move|p2b: Rillaboom|Grassy Glide|p1a: Incineroar
|-resisted|p1a: Incineroar
|-damage|p1a: Incineroar|37/100
|cant|p1b: Archaludon|slp
|
|-heal|p1b: Archaludon|36/100 slp|[from] Grassy Terrain
|-heal|p1a: Incineroar|43/100|[from] Grassy Terrain
|upkeep
|turn|7
|
|t:|1756444258
|move|p1a: Incineroar|Fake Out|p2b: Rillaboom
|-damage|p2b: Rillaboom|88/100
|-curestatus|p1b: Archaludon|slp|[msg]
|move|p1b: Archaludon|Draco Meteor|p2b: Rillaboom|[miss]
|-miss|p1b: Archaludon|p2b: Rillaboom
|cant|p2b: Rillaboom|flinch
|
|-heal|p1b: Archaludon|42/100|[from] Grassy Terrain
|-heal|p2b: Rillaboom|94/100|[from] Grassy Terrain
|-heal|p1a: Incineroar|49/100|[from] Grassy Terrain
|upkeep
|turn|8
|
|t:|1756444274
|move|p1b: Archaludon|Draco Meteor|p2b: Rillaboom
|-damage|p2b: Rillaboom|13/100
|-unboost|p1b: Archaludon|spa|2
|move|p2b: Rillaboom|High Horsepower|p1b: Archaludon
|-supereffective|p1b: Archaludon
|-damage|p1b: Archaludon|25/100
|-ability|p1b: Archaludon|Stamina|boost
|-boost|p1b: Archaludon|def|1
|move|p1a: Incineroar|Parting Shot|p2b: Rillaboom
|-unboost|p2b: Rillaboom|atk|1
|-unboost|p2b: Rillaboom|spa|1
|
|t:|1756444284
|switch|p1a: Pelipper|Pelipper, L50, F, shiny, tera:Stellar|1/100|[from] Parting Shot
|-weather|RainDance|[from] ability: Drizzle|[of] p1a: Pelipper
|
|-weather|RainDance|[upkeep]
|-heal|p1b: Archaludon|31/100|[from] Grassy Terrain
|-heal|p2b: Rillaboom|19/100|[from] Grassy Terrain
|upkeep
|turn|9
|-message|freudianbreath forfeited.
|
|win|circleming
|raw|circleming's rating: 1152 → 1171(+19 for winning)
|raw|freudianbreath's rating: 1074 → 1058(-16 for losing)
