|j|☆skyvald
|j|☆AN555GEL
|html|skyvaldAN555GEL    
|uhtml|bestof|Game 3 of a best-of-3
|t:|1756591986
|gametype|doubles
|player|p1|skyvald|lucas|1161
|player|p2|AN555GEL|169|1230
|gen|9
|tier|[Gen 9] VGC 2025 Reg H (Bo3)
|rated|
|rule|Species Clause: Limit one of each Pokémon
|rule|Item Clause: Limit 1 of each item
|clearpoke
|poke|p1|Baxcalibur, L50, M|
|poke|p1|Primarina, L50, M|
|poke|p1|Meowscarada, L50, M|
|poke|p1|Volcarona, L50, M|
|poke|p1|Hydreigon, L50, F|
|poke|p1|Sneasler, L50, F|
|poke|p2|Dragonite, L50, M|
|poke|p2|Ursaluna, L50, M|
|poke|p2|Archaludon, L50, F|
|poke|p2|Sinistcha-Masterpiece, L50|
|poke|p2|Pelipper, L50, F|
|poke|p2|Gholdengo, L50|
|teampreview|4
|showteam|p1|Baxcalibur||LumBerry|ThermalExchange|GlaiveRush,IceShard,SwordsDance,Protect|||M|||50|,,,,,Water]Primarina||MysticWater|LiquidVoice|HyperVoice,Moonblast,Protect,IcyWind|||M|||50|,,,,,Steel]Meowscarada||ChoiceScarf|Protean|KnockOff,FlowerTrick,Uturn,Trick|||M|||50|,,,,,Ghost]Volcarona||CovertCloak|FlameBody|Flamethrower,StruggleBug,RagePowder,Protect|||M|||50|,,,,,Fairy]Hydreigon||ChopleBerry|Levitate|DracoMeteor,Snarl,Tailwind,Protect|||F|||50|,,,,,Fire]Sneasler||WhiteHerb|Unburden|CloseCombat,DireClaw,Protect,FakeOut|||F|||50|,,,,,Ghost
|showteam|p2|Dragonite||LoadedDice|Multiscale|ScaleShot,Protect,Tailwind,Haze|||M|||50|,,,,,Fairy]Ursaluna||FlameOrb|Guts|Facade,HeadlongRush,Earthquake,Protect|||M|||50|,,,,,Ghost]Archaludon||AssaultVest|Stamina|BodyPress,Snarl,ElectroShot,FlashCannon|||F|||50|,,,,,Fighting]Sinistcha-Masterpiece||SitrusBerry|Hospitality|MatchaGotcha,RagePowder,TrickRoom,LifeDew||||||50|,,,,,Dark]Pelipper||FocusSash|Drizzle|MuddyWater,Hurricane,Tailwind,Protect|||F|||50|,,,,,Ghost]Gholdengo||ChoiceScarf|GoodasGold|MakeItRain,TeraBlast,ShadowBall,Trick||||||50|,,,,,Water
|inactive|Battle timer is ON: inactive players will automatically lose when time's up. (requested by skyvald)
|
|t:|1756592029
|teamsize|p1|4
|teamsize|p2|4
|start
|switch|p1a: Hydreigon|Hydreigon, L50, F|100/100
|switch|p1b: Primarina|Primarina, L50, M|100/100
|switch|p2a: Gholdengo|Gholdengo, L50|100/100
|switch|p2b: Dragonite|Dragonite, L50, M|100/100
|turn|1
|inactive|AN555GEL has 30 seconds left.
|inactive|AN555GEL has 20 seconds left.
|inactive|AN555GEL has 15 seconds left.
|
|t:|1756592071
|switch|p2a: Archaludon|Archaludon, L50, F|100/100
|move|p1a: Hydreigon|Tailwind|p1a: Hydreigon
|-sidestart|p1: skyvald|move: Tailwind
|move|p1b: Primarina|Icy Wind|p2a: Archaludon|[spread] p2a,p2b
|-supereffective|p2b: Dragonite
|-damage|p2a: Archaludon|90/100
|-damage|p2b: Dragonite|72/100
|-unboost|p2a: Archaludon|spe|1
|-unboost|p2b: Dragonite|spe|1
|-ability|p2a: Archaludon|Stamina|boost
|-boost|p2a: Archaludon|def|1
|move|p2b: Dragonite|Scale Shot|p1a: Hydreigon
|-supereffective|p1a: Hydreigon
|-damage|p1a: Hydreigon|65/100
|-supereffective|p1a: Hydreigon
|-damage|p1a: Hydreigon|32/100
|-supereffective|p1a: Hydreigon
|-damage|p1a: Hydreigon|0 fnt
|faint|p1a: Hydreigon
|-hitcount|p1: Hydreigon|3
|-unboost|p2b: Dragonite|def|1
|-boost|p2b: Dragonite|spe|1
|
|upkeep
|inactive|skyvald has 30 seconds left.
|
|t:|1756592097
|switch|p1a: Meowscarada|Meowscarada, L50, M|100/100
|turn|2
|inactive|AN555GEL has 30 seconds left.
|inactive|AN555GEL has 20 seconds left.
|inactive|AN555GEL has 15 seconds left.
|
|t:|1756592138
|move|p2b: Dragonite|Protect|p2b: Dragonite
|-singleturn|p2b: Dragonite|Protect
|move|p1a: Meowscarada|Trick|p2a: Archaludon
|-start|p1a: Meowscarada|typechange|Psychic|[from] ability: Protean
|-activate|p1a: Meowscarada|move: Trick|[of] p2a: Archaludon
|-item|p2a: Archaludon|Choice Scarf|[from] move: Trick
|-item|p1a: Meowscarada|Assault Vest|[from] move: Trick
|move|p1b: Primarina|Moonblast|p2a: Archaludon
|-damage|p2a: Archaludon|37/100
|-unboost|p2a: Archaludon|spa|1
|-ability|p2a: Archaludon|Stamina|boost
|-boost|p2a: Archaludon|def|1
|move|p2a: Archaludon|Snarl|p1b: Primarina|[spread] p1a,p1b
|-supereffective|p1a: Meowscarada
|-resisted|p1b: Primarina
|-damage|p1a: Meowscarada|83/100
|-damage|p1b: Primarina|97/100
|-unboost|p1a: Meowscarada|spa|1
|-unboost|p1b: Primarina|spa|1
|
|upkeep
|turn|3
|inactive|skyvald has 30 seconds left.
|inactive|AN555GEL has 30 seconds left.
|inactive|skyvald has 20 seconds left.
|inactive|AN555GEL has 20 seconds left.
|inactive|skyvald has 15 seconds left.
|inactive|AN555GEL has 15 seconds left.
|inactive|AN555GEL has 10 seconds left.
|inactive|AN555GEL has 5 seconds left.
|
|t:|1756592189
|switch|p2a: Sinistcha|Sinistcha-Masterpiece, L50|100/100
|-heal|p2b: Dragonite|96/100|[from] ability: Hospitality|[of] p2a: Sinistcha
|-terastallize|p2b: Dragonite|Fairy
|move|p1a: Meowscarada|Knock Off|p2b: Dragonite
|-resisted|p2b: Dragonite
|-damage|p2b: Dragonite|72/100
|-enditem|p2b: Dragonite|Loaded Dice|[from] move: Knock Off|[of] p1a: Meowscarada
|move|p1b: Primarina|Moonblast|p2b: Dragonite
|-damage|p2b: Dragonite|39/100
|move|p2b: Dragonite|Tailwind|p2b: Dragonite
|-sidestart|p2: AN555GEL|move: Tailwind
|
|upkeep
|turn|4
|inactive|skyvald has 30 seconds left.
|
|t:|1756592221
|switch|p2a: Archaludon|Archaludon, L50, F|37/100
|move|p2b: Dragonite|Protect|p2b: Dragonite
|-singleturn|p2b: Dragonite|Protect
|move|p1a: Meowscarada|Knock Off|p2a: Archaludon
|-crit|p2a: Archaludon
|-damage|p2a: Archaludon|8/100
|-ability|p2a: Archaludon|Stamina|boost
|-boost|p2a: Archaludon|def|1
|-enditem|p2a: Archaludon|Choice Scarf|[from] move: Knock Off|[of] p1a: Meowscarada
|move|p1b: Primarina|Icy Wind|p2b: Dragonite|[spread] p2a
|-activate|p2b: Dragonite|move: Protect
|-damage|p2a: Archaludon|0 fnt
|faint|p2a: Archaludon
|
|-sideend|p1: skyvald|move: Tailwind
|upkeep
|
|t:|1756592235
|switch|p2a: Sinistcha|Sinistcha-Masterpiece, L50|100/100
|-heal|p2b: Dragonite|63/100|[from] ability: Hospitality|[of] p2a: Sinistcha
|turn|5
|
|t:|1756592257
|switch|p1a: Volcarona|Volcarona, L50, M|100/100
|move|p1b: Primarina|Protect|p1b: Primarina
|-singleturn|p1b: Primarina|Protect
|move|p2b: Dragonite|Scale Shot|p1a: Volcarona
|-damage|p1a: Volcarona|84/100
|-damage|p1a: Volcarona|65/100
|-hitcount|p1a: Volcarona|2
|-unboost|p2b: Dragonite|def|1
|-boost|p2b: Dragonite|spe|1
|move|p2a: Sinistcha|Matcha Gotcha|p1a: Volcarona|[spread] p1a
|-activate|p1b: Primarina|move: Protect
|-resisted|p1a: Volcarona
|-damage|p1a: Volcarona|58/100
|
|upkeep
|turn|6
|
|t:|1756592281
|-terastallize|p1a: Volcarona|Fairy
|move|p2b: Dragonite|Scale Shot|p1a: Volcarona
|-immune|p1a: Volcarona
|move|p1a: Volcarona|Flamethrower|p2a: Sinistcha
|-supereffective|p2a: Sinistcha
|-damage|p2a: Sinistcha|16/100
|-enditem|p2a: Sinistcha|Sitrus Berry|[eat]
|-heal|p2a: Sinistcha|41/100|[from] item: Sitrus Berry
|move|p1b: Primarina|Icy Wind|p2b: Dragonite|[spread] p2a,p2b
|-supereffective|p2a: Sinistcha
|-crit|p2a: Sinistcha
|-damage|p2a: Sinistcha|0 fnt
|-damage|p2b: Dragonite|54/100
|-unboost|p2b: Dragonite|spe|1
|faint|p2a: Sinistcha
|
|-sideend|p2: AN555GEL|move: Tailwind
|upkeep
|
|t:|1756592284
|switch|p2a: Gholdengo|Gholdengo, L50|100/100
|turn|7
|
|t:|1756592297
|move|p1a: Volcarona|Protect|p1a: Volcarona
|-singleturn|p1a: Volcarona|Protect
|move|p2a: Gholdengo|Make It Rain|p1a: Volcarona|[spread] p1b
|-activate|p1a: Volcarona|move: Protect
|-damage|p1b: Primarina|49/100
|-unboost|p2a: Gholdengo|spa|1
|move|p2b: Dragonite|Tailwind|p2b: Dragonite
|-sidestart|p2: AN555GEL|move: Tailwind
|move|p1b: Primarina|Icy Wind|p2a: Gholdengo|[spread] p2a,p2b
|-resisted|p2a: Gholdengo
|-damage|p2a: Gholdengo|95/100
|-damage|p2b: Dragonite|44/100
|-unboost|p2a: Gholdengo|spe|1
|-unboost|p2b: Dragonite|spe|1
|
|upkeep
|turn|8
|inactive|skyvald has 30 seconds left.
|
|t:|1756592331
|move|p1a: Volcarona|Rage Powder|p1a: Volcarona
|-singleturn|p1a: Volcarona|move: Rage Powder
|move|p2a: Gholdengo|Make It Rain|p1b: Primarina|[spread] p1a,p1b
|-supereffective|p1a: Volcarona
|-crit|p1a: Volcarona
|-crit|p1b: Primarina
|-damage|p1a: Volcarona|0 fnt
|-damage|p1b: Primarina|0 fnt
|-unboost|p2a: Gholdengo|spa|1
|faint|p1a: Volcarona
|faint|p1b: Primarina
|move|p2b: Dragonite|Haze|p2b: Dragonite
|-clearallboost
|
|upkeep
|c|☆AN555GEL|lmao
|c|☆AN555GEL|sorry
|
|t:|1756592341
|switch|p1b: Meowscarada|Meowscarada, L50, M|83/100
|turn|9
|c|☆skyvald|np gg
|
|t:|1756592349
|move|p2a: Gholdengo|Make It Rain|p1b: Meowscarada
|-damage|p1b: Meowscarada|6/100
|-unboost|p2a: Gholdengo|spa|1
|move|p2b: Dragonite|Scale Shot|p1b: Meowscarada
|-damage|p1b: Meowscarada|0 fnt
|faint|p1b: Meowscarada
|-hitcount|p1: Meowscarada|1
|
|win|AN555GEL
|raw|skyvald's rating: 1161 → 1141(-20 for losing)
|raw|AN555GEL's rating: 1230 → 1250(+20 for winning)
