|j|☆sybe123
|j|☆Huasometa
|html|sybe123Huasometa    
|uhtml|bestof|Game 2 of a best-of-3
|t:|1783699943
|gametype|doubles
|player|p1|sybe123|266|1299
|player|p2|Huasometa|elesa|1245
|gen|9
|tier|[Gen 9 Champions] VGC 2026 Reg M-B (Bo3)
|rated|
|rule|Species Clause: Limit one of each Pokémon
|rule|Item Clause: Limit 1 of each item
|clearpoke
|poke|p1|Scrafty, L50, M|
|poke|p1|Venusaur, L50, F|
|poke|p1|Ceruledge, L50, F|
|poke|p1|Milotic, L50, M|
|poke|p1|Ninetales-Alola, L50, M|
|poke|p1|Maushold-Four, L50|
|poke|p2|Chandelure, L50, F|
|poke|p2|Kangaskhan, L50, F|
|poke|p2|Sylveon, L50, F|
|poke|p2|Kingambit, L50, M|
|poke|p2|Rotom-Wash, L50|
|poke|p2|Venusaur, L50, M|
|teampreview|4
|showteam|p1|Scrafty||Scraftinite|Intimidate|KnockOff,CloseCombat,FakeOut,Protect|Adamant||M|||50|]Venusaur||Venusaurite|Chlorophyll|GigaDrain,SludgeBomb,EarthPower,Protect|Modest||F|||50|]Ceruledge||ColburBerry|FlashFire|BitterBlade,ShadowSneak,BulkUp,Protect|Adamant||F|||50|]Milotic||ExpertBelt|Competitive|Scald,IceBeam,MirrorCoat,Protect|Calm||M|||50|]Ninetales-Alola||NeverMeltIce|SnowWarning|Blizzard,FreezeDry,AuroraVeil,Protect|Timid||M|||50|]Maushold-Four||FocusSash|FriendGuard|FollowMe,SuperFang,Taunt,Protect|Timid|||||50|
|showteam|p2|Chandelure||FocusSash|FlashFire|HeatWave,ShadowBall,TrickRoom,Taunt|Quiet||F|||50|]Kangaskhan||Kangaskhanite|InnerFocus|FakeOut,DoubleEdge,SuckerPunch,HammerArm|Brave||F|||50|]Sylveon||FairyFeather|Pixilate|HyperVoice,Protect,HyperBeam,QuickAttack|Quiet||F|||50|]Kingambit||BlackGlasses|Defiant|KowtowCleave,SuckerPunch,IronHead,Protect|Brave||M|||50|]Rotom-Wash||SitrusBerry|Levitate|ThunderWave,VoltSwitch,HydroPump,Protect|Calm|||||50|]Venusaur||Venusaurite|Chlorophyll|EarthPower,SleepPowder,GigaDrain,Protect|Modest||M|||50|
|inactive|Battle timer is ON: inactive players will automatically lose when time's up. (requested by sybe123)
|inactive|sybe123 has 60 seconds left.
|
|t:|1783699982
|teamsize|p1|4
|teamsize|p2|4
|start
|switch|p1a: Ninetales|Ninetales-Alola, L50, M|100/100
|switch|p1b: Venusaur|Venusaur, L50, F|100/100
|switch|p2a: Sylveon|Sylveon, L50, F|100/100
|switch|p2b: Venusaur|Venusaur, L50, M|100/100
|-weather|Snowscape|[from] ability: Snow Warning|[of] p1a: Ninetales
|turn|1
|
|t:|1783699997
|detailschange|p2b: Venusaur|Venusaur-Mega, L50, M
|-mega|p2b: Venusaur|Venusaur|Venusaurite
|detailschange|p1b: Venusaur|Venusaur-Mega, L50, F
|-mega|p1b: Venusaur|Venusaur|Venusaurite
|move|p2a: Sylveon|Protect|p2a: Sylveon
|-singleturn|p2a: Sylveon|Protect
|move|p1a: Ninetales|Blizzard|p2b: Venusaur|[spread] p2b
|-activate|p2a: Sylveon|move: Protect
|-supereffective|p2b: Venusaur|1
|-damage|p2b: Venusaur|74/100
|move|p2b: Venusaur|Sleep Powder|p1a: Ninetales
|-status|p1a: Ninetales|slp|[from] move: Sleep Powder
|move|p1b: Venusaur|Sludge Bomb|p2a: Sylveon
|-activate|p2a: Sylveon|move: Protect
|
|-weather|Snowscape|[upkeep]
|upkeep
|turn|2
|
|t:|1783700013
|switch|p2a: Kingambit|Kingambit, L50, M|100/100
|cant|p1a: Ninetales|slp
|move|p2b: Venusaur|Earth Power|p1b: Venusaur
|-damage|p1b: Venusaur|75/100
|move|p1b: Venusaur|Sludge Bomb|p2a: Kingambit
|-immune|p2a: Kingambit
|
|-weather|Snowscape|[upkeep]
|upkeep
|turn|3
|
|t:|1783700031
|cant|p1a: Ninetales|slp
|move|p2b: Venusaur|Earth Power|p1b: Venusaur
|-damage|p1b: Venusaur|54/100
|move|p1b: Venusaur|Earth Power|p2a: Kingambit
|-supereffective|p2a: Kingambit|1
|-damage|p2a: Kingambit|40/100
|move|p2a: Kingambit|Kowtow Cleave|p1b: Venusaur
|-damage|p1b: Venusaur|5/100
|
|-weather|Snowscape|[upkeep]
|upkeep
|turn|4
|inactive|sybe123 has 30 seconds left.
|
|t:|1783700057
|move|p1b: Venusaur|Protect|p1b: Venusaur
|-singleturn|p1b: Venusaur|Protect
|-curestatus|p1a: Ninetales|slp|[msg]
|move|p1a: Ninetales|Blizzard|p2b: Venusaur|[spread] p2a,p2b
|-resisted|p2a: Kingambit|1
|-supereffective|p2b: Venusaur|1
|-damage|p2a: Kingambit|24/100
|-damage|p2b: Venusaur|48/100
|move|p2b: Venusaur|Earth Power|p1b: Venusaur
|-activate|p1b: Venusaur|move: Protect
|move|p2a: Kingambit|Iron Head|p1a: Ninetales
|-supereffective|p1a: Ninetales|2
|-damage|p1a: Ninetales|0 fnt
|faint|p1a: Ninetales
|
|-weather|Snowscape|[upkeep]
|upkeep
|
|t:|1783700072
|switch|p1a: Ceruledge|Ceruledge, L50, F|100/100
|turn|5
|
|t:|1783700092
|move|p2b: Venusaur|Protect|p2b: Venusaur
|-singleturn|p2b: Venusaur|Protect
|move|p1b: Venusaur|Protect||[still]
|-fail|p1b: Venusaur
|move|p2a: Kingambit|Sucker Punch||[still]
|-fail|p2a: Kingambit
|move|p1a: Ceruledge|Bitter Blade|p2b: Venusaur
|-activate|p2b: Venusaur|move: Protect
|
|-weather|none
|upkeep
|turn|6
|
|t:|1783700107
|switch|p2b: Chandelure|Chandelure, L50, F|100/100
|move|p1b: Venusaur|Protect|p1b: Venusaur
|-singleturn|p1b: Venusaur|Protect
|move|p2a: Kingambit|Sucker Punch|p1a: Ceruledge
|-supereffective|p1a: Ceruledge|1
|-enditem|p1a: Ceruledge|Colbur Berry|[eat]
|-enditem|p1a: Ceruledge|Colbur Berry|[weaken]
|-damage|p1a: Ceruledge|44/100
|move|p1a: Ceruledge|Bitter Blade|p2b: Chandelure
|-start|p2b: Chandelure|ability: Flash Fire
|
|upkeep
|turn|7
|
|t:|1783700129
|switch|p1b: Scrafty|Scrafty, L50, M|100/100
|-ability|p1b: Scrafty|Intimidate|boost
|-unboost|p2a: Kingambit|atk|1
|-ability|p2a: Kingambit|Defiant|boost
|-boost|p2a: Kingambit|atk|2
|-unboost|p2b: Chandelure|atk|1
|move|p2a: Kingambit|Sucker Punch|p1a: Ceruledge
|-supereffective|p1a: Ceruledge|1
|-damage|p1a: Ceruledge|0 fnt
|faint|p1a: Ceruledge
|move|p2b: Chandelure|Trick Room|p2b: Chandelure
|-fieldstart|move: Trick Room|[of] p2b: Chandelure
|
|upkeep
|
|t:|1783700137
|switch|p1a: Venusaur|Venusaur-Mega, L50, F|5/100
|turn|8
|
|t:|1783700153
|move|p1b: Scrafty|Fake Out|p2a: Kingambit
|-resisted|p2a: Kingambit|1
|-damage|p2a: Kingambit|21/100
|cant|p2a: Kingambit|flinch
|move|p2b: Chandelure|Heat Wave|p1a: Venusaur|[spread] p1a,p1b
|-supereffective|p1a: Venusaur|1
|-damage|p1a: Venusaur|0 fnt
|-damage|p1b: Scrafty|37/100
|faint|p1a: Venusaur
|
|upkeep
|turn|9
|-message|sybe123 forfeited.
|
|win|Huasometa
|l|☆sybe123
|player|p1|
||sybe123 is ready for game 3.
||Huasometa is ready for game 3.
|uhtml|next|Next: Game 3 of 3
