|j|☆Vurocz
|j|☆Refanner
|html|VuroczRefanner    
|uhtml|bestof|Game 3 of a best-of-3
|t:|1756736163
|gametype|doubles
|player|p1|Vurocz|veteran|1168
|player|p2|Refanner|102|1194
|gen|9
|tier|[Gen 9] VGC 2025 Reg H (Bo3)
|rated|
|rule|Species Clause: Limit one of each Pokémon
|rule|Item Clause: Limit 1 of each item
|clearpoke
|poke|p1|Sneasler, L50, M|
|poke|p1|Garchomp, L50, M|
|poke|p1|Incineroar, L50, M|
|poke|p1|Ninetales-Alola, L50, F|
|poke|p1|Glaceon, L50, M|
|poke|p1|Empoleon, L50, M|
|poke|p2|Garchomp, L50, M|
|poke|p2|Incineroar, L50, F|
|poke|p2|Tyranitar, L50, M|
|poke|p2|Gholdengo, L50|
|poke|p2|Primarina, L50, F|
|poke|p2|Talonflame, L50, F|
|teampreview|4
|showteam|p1|Sneasler||FocusSash|Unburden|DireClaw,CloseCombat,Coaching,Protect|||M|||50|,,,,,Flying]Garchomp||LifeOrb|RoughSkin|DragonClaw,StompingTantrum,Earthquake,Protect|||M|||50|,,,,,Steel]Incineroar||SafetyGoggles|Intimidate|FlareBlitz,KnockOff,FakeOut,PartingShot|||M|||50|,,,,,Ghost]Ninetales-Alola||CovertCloak|SnowWarning|Blizzard,Moonblast,AuroraVeil,Protect|||F|||50|,,,,,Water]Glaceon||ChoiceSpecs|SnowCloak|Blizzard,FreezeDry,WeatherBall,TeraBlast|||M|||50|,,,,,Fire]Empoleon||SitrusBerry|Competitive|WaterPledge,FlashCannon,VacuumWave,Protect|||M|||50|,,,,,Fairy
|showteam|p2|Garchomp||LifeOrb|RoughSkin|Earthquake,DragonClaw,StompingTantrum,Protect|||M|||50|,,,,,Fire]Incineroar||SitrusBerry|Intimidate|FlareBlitz,KnockOff,PartingShot,FakeOut|||F|||50|,,,,,Grass]Tyranitar||AssaultVest|SandStream|KnockOff,RockSlide,TeraBlast,LowKick|||M|||50|,,,,,Flying]Gholdengo||Leftovers|GoodasGold|MakeItRain,ShadowBall,NastyPlot,Protect||||||50|,,,,,Flying]Primarina||MagoBerry|LiquidVoice|HyperVoice,Moonblast,CalmMind,Protect|||F|||50|,,,,,Poison]Talonflame||CovertCloak|GaleWings|BraveBird,Tailwind,WillOWisp,Taunt|||F|||50|,,,,,Flying
|inactive|Battle timer is ON: inactive players will automatically lose when time's up. (requested by Vurocz)
|inactive|Refanner has 60 seconds left.
|inactive|Refanner has 30 seconds left.
|inactive|Refanner has 20 seconds left.
|inactive|Refanner has 15 seconds left.
|inactive|Refanner has 10 seconds left.
|inactive|Refanner has 5 seconds left.
|
|t:|1756736265
|teamsize|p1|4
|teamsize|p2|4
|start
|switch|p1a: Ninetales|Ninetales-Alola, L50, F|100/100
|switch|p1b: Glaceon|Glaceon, L50, M|100/100
|switch|p2a: Garchomp|Garchomp, L50, M|100/100
|switch|p2b: Incineroar|Incineroar, L50, F|100/100
|-weather|Snowscape|[from] ability: Snow Warning|[of] p1a: Ninetales
|-ability|p2b: Incineroar|Intimidate|boost
|-unboost|p1a: Ninetales|atk|1
|-unboost|p1b: Glaceon|atk|1
|turn|1
|inactive|Refanner has 30 seconds left.
|inactive|Refanner has 20 seconds left.
|inactive|Refanner has 15 seconds left.
|inactive|Refanner has 10 seconds left.
|
|t:|1756736312
|-terastallize|p2a: Garchomp|Fire
|move|p2b: Incineroar|Fake Out|p1b: Glaceon|[miss]
|-miss|p2b: Incineroar|p1b: Glaceon
|move|p1a: Ninetales|Aurora Veil|p1a: Ninetales
|-sidestart|p1: Vurocz|move: Aurora Veil
|move|p2a: Garchomp|Stomping Tantrum|p1b: Glaceon|[miss]
|-miss|p2a: Garchomp|p1b: Glaceon
|move|p1b: Glaceon|Blizzard|p2b: Incineroar|[spread] p2a,p2b
|-resisted|p2a: Garchomp
|-resisted|p2b: Incineroar
|-damage|p2a: Garchomp|69/100
|-damage|p2b: Incineroar|71/100
|
|-weather|Snowscape|[upkeep]
|upkeep
|turn|2
|inactive|Refanner has 30 seconds left.
|
|t:|1756736337
|move|p1a: Ninetales|Moonblast|p2b: Incineroar
|-damage|p2b: Incineroar|35/100
|-enditem|p2b: Incineroar|Sitrus Berry|[eat]
|-heal|p2b: Incineroar|60/100|[from] item: Sitrus Berry
|move|p2a: Garchomp|Stomping Tantrum|p1b: Glaceon
|-damage|p1b: Glaceon|57/100
|-damage|p2a: Garchomp|59/100|[from] item: Life Orb
|move|p2b: Incineroar|Parting Shot|p1b: Glaceon|[miss]
|-miss|p2b: Incineroar|p1b: Glaceon
|move|p1b: Glaceon|Blizzard|p2a: Garchomp|[spread] p2a,p2b
|-resisted|p2a: Garchomp
|-resisted|p2b: Incineroar
|-damage|p2a: Garchomp|27/100
|-damage|p2b: Incineroar|32/100
|
|-weather|Snowscape|[upkeep]
|upkeep
|turn|3
|inactive|Refanner has 30 seconds left.
|
|t:|1756736364
|move|p1a: Ninetales|Moonblast|p2b: Incineroar
|-damage|p2b: Incineroar|0 fnt
|faint|p2b: Incineroar
|move|p2a: Garchomp|Earthquake|p1a: Ninetales|[spread] p1a,p1b
|-damage|p1a: Ninetales|65/100
|-damage|p1b: Glaceon|36/100
|-damage|p2a: Garchomp|17/100|[from] item: Life Orb
|move|p1b: Glaceon|Blizzard|p2a: Garchomp
|-resisted|p2a: Garchomp
|-damage|p2a: Garchomp|0 fnt
|faint|p2a: Garchomp
|
|-weather|Snowscape|[upkeep]
|upkeep
|
|t:|1756736371
|switch|p2a: Tyranitar|Tyranitar, L50, M|100/100
|switch|p2b: Gholdengo|Gholdengo, L50|100/100
|-weather|Sandstorm|[from] ability: Sand Stream|[of] p2a: Tyranitar
|turn|4
|
|t:|1756736382
|switch|p1a: Empoleon|Empoleon, L50, M|100/100
|switch|p1b: Garchomp|Garchomp, L50, M|100/100
|move|p2b: Gholdengo|Nasty Plot|p2b: Gholdengo
|-boost|p2b: Gholdengo|spa|2
|move|p2a: Tyranitar|Rock Slide|p1b: Garchomp|[spread] p1a,p1b
|-resisted|p1a: Empoleon
|-resisted|p1b: Garchomp
|-damage|p1a: Empoleon|89/100
|-damage|p1b: Garchomp|89/100
|
|-weather|Sandstorm|[upkeep]
|upkeep
|turn|5
|inactive|Refanner has 30 seconds left.
|inactive|Refanner has 20 seconds left.
|inactive|Refanner has 15 seconds left.
|
|t:|1756736423
|move|p1b: Garchomp|Protect|p1b: Garchomp
|-singleturn|p1b: Garchomp|Protect
|move|p2b: Gholdengo|Protect|p2b: Gholdengo
|-singleturn|p2b: Gholdengo|Protect
|move|p1a: Empoleon|Vacuum Wave|p2a: Tyranitar
|-supereffective|p2a: Tyranitar
|-damage|p2a: Tyranitar|77/100
|move|p2a: Tyranitar|Knock Off|p1b: Garchomp
|-activate|p1b: Garchomp|move: Protect
|
|-weather|Sandstorm|[upkeep]
|-sideend|p1: Vurocz|move: Aurora Veil
|upkeep
|turn|6
|inactive|Refanner has 30 seconds left.
|
|t:|1756736452
|-terastallize|p1b: Garchomp|Steel
|move|p1a: Empoleon|Protect|p1a: Empoleon
|-singleturn|p1a: Empoleon|Protect
|move|p1b: Garchomp|Earthquake|p2b: Gholdengo|[spread] p2a,p2b
|-activate|p1a: Empoleon|move: Protect
|-supereffective|p2a: Tyranitar
|-supereffective|p2b: Gholdengo
|-damage|p2a: Tyranitar|0 fnt
|-damage|p2b: Gholdengo|10/100
|faint|p2a: Tyranitar
|-damage|p1b: Garchomp|79/100|[from] item: Life Orb
|move|p2b: Gholdengo|Make It Rain|p1a: Empoleon|[spread] p1b
|-activate|p1a: Empoleon|move: Protect
|-resisted|p1b: Garchomp
|-damage|p1b: Garchomp|31/100
|-unboost|p2b: Gholdengo|spa|1
|
|-weather|Sandstorm|[upkeep]
|-heal|p2b: Gholdengo|16/100|[from] item: Leftovers
|upkeep
|turn|7
|-message|Refanner forfeited.
|
|win|Vurocz
|raw|Vurocz's rating: 1168 → 1195(+27 for winning)
|raw|Refanner's rating: 1194 → 1167(-27 for losing)
