|j|☆tortilla sorpresa
|j|☆Llama_Llord
|html|tortilla sorpresaLlama_Llord    
|uhtml|bestof|Game 1 of a best-of-3
|t:|1756203531
|gametype|doubles
|player|p1|tortilla sorpresa|ghetsis-gen5bw|1085
|player|p2|Llama_Llord|102|1110
|gen|9
|tier|[Gen 9] VGC 2025 Reg H (Bo3)
|rated|
|rule|Species Clause: Limit one of each Pokémon
|rule|Item Clause: Limit 1 of each item
|clearpoke
|poke|p1|Archaludon, L50, M|
|poke|p1|Pelipper, L50, M|
|poke|p1|Gholdengo, L50|
|poke|p1|Basculegion, L50, M|
|poke|p1|Amoonguss, L50, M|
|poke|p1|Incineroar, L50, M|
|poke|p2|Meowscarada, L50, F|
|poke|p2|Primarina, L50, F|
|poke|p2|Indeedee, L50, M|
|poke|p2|Sneasler, L50, M|
|poke|p2|Tatsugiri, L50, F|
|poke|p2|Arcanine-Hisui, L50, M|
|teampreview|4
|showteam|p1|Archaludon||AssaultVest|Stamina|DracoMeteor,FlashCannon,ElectroShot,BodyPress|||M|||50|,,,,,Grass]Pelipper||FocusSash|Drizzle|Protect,WeatherBall,Hurricane,Tailwind|||M|||50|,,,,,Stellar]Gholdengo||LifeOrb|GoodasGold|Protect,MakeItRain,ShadowBall,NastyPlot||||||50|,,,,,Water]Basculegion||ChoiceBand|SwiftSwim|FlipTurn,WaveCrash,AquaJet,LastRespects|||M|||50|,,,,,Grass]Amoonguss||SitrusBerry|Regenerator|Spore,RagePowder,PollenPuff,Protect|||M|||50|,,,,,Water]Incineroar||SafetyGoggles|Intimidate|FlareBlitz,KnockOff,PartingShot,FakeOut|||M|||50|,,,,,Ghost
|showteam|p2|Meowscarada||FocusSash|Overgrow|GrassPledge,KnockOff,FlowerTrick,Protect|||F|||50|,,,,,Fairy]Primarina||LifeOrb|LiquidVoice|WaterPledge,HyperVoice,Moonblast,Protect|||F|||50|,,,,,Poison]Indeedee||SafetyGoggles|PsychicSurge|ExpandingForce,Protect,TrickRoom,Imprison|||M|||50|,,,,,Fire]Sneasler||PsychicSeed|Unburden|DireClaw,CloseCombat,ThroatChop,Protect|||M|||50|,,,,,Stellar]Tatsugiri||AssaultVest|StormDrain|DracoMeteor,IcyWind,TeraBlast,Surf|||F|||50|,,,,,Ground]Arcanine-Hisui||ClearAmulet|Intimidate|Bulldoze,FlareBlitz,RockSlide,Protect|||M|||50|,,,,,Grass
|inactive|Battle timer is ON: inactive players will automatically lose when time's up. (requested by Llama_Llord)
|inactive|tortilla sorpresa also wants the timer to be on.
|
|t:|1756203560
|teamsize|p1|4
|teamsize|p2|4
|start
|switch|p1a: Pelipper|Pelipper, L50, M, shiny|100/100
|switch|p1b: Basculegion|Basculegion, L50, M, shiny|100/100
|switch|p2a: Indeedee|Indeedee, L50, M|100/100
|switch|p2b: Sneasler|Sneasler, L50, M|100/100
|-fieldstart|move: Psychic Terrain|[from] ability: Psychic Surge|[of] p2a: Indeedee
|-enditem|p2b: Sneasler|Psychic Seed
|-boost|p2b: Sneasler|spd|1|[from] item: Psychic Seed
|-weather|RainDance|[from] ability: Drizzle|[of] p1a: Pelipper
|turn|1
|
|t:|1756203579
|switch|p2a: Tatsugiri|Tatsugiri, L50, F|100/100
|move|p2b: Sneasler|Dire Claw|p1a: Pelipper
|-damage|p1a: Pelipper|45/100
|-status|p1a: Pelipper|par
|move|p1b: Basculegion|Wave Crash|p2a: Tatsugiri
|-ability|p2a: Tatsugiri|Storm Drain|boost
|-boost|p2a: Tatsugiri|spa|1
|move|p1a: Pelipper|Tailwind|p1a: Pelipper
|-sidestart|p1: tortilla sorpresa|move: Tailwind
|
|-weather|RainDance|[upkeep]
|upkeep
|turn|2
|
|t:|1756203599
|switch|p1a: Archaludon|Archaludon, L50, M, shiny|100/100
|move|p1b: Basculegion|Wave Crash|p2a: Tatsugiri
|-activate|p2a: Tatsugiri|ability: Storm Drain
|-ability|p2a: Tatsugiri|Storm Drain|boost
|-boost|p2a: Tatsugiri|spa|1
|move|p2b: Sneasler|Close Combat|p1b: Basculegion
|-immune|p1b: Basculegion
|move|p2a: Tatsugiri|Icy Wind|p1a: Archaludon|[spread] p1a,p1b
|-crit|p1a: Archaludon
|-resisted|p1b: Basculegion
|-damage|p1a: Archaludon|69/100
|-damage|p1b: Basculegion|85/100
|-unboost|p1a: Archaludon|spe|1
|-unboost|p1b: Basculegion|spe|1
|-ability|p1a: Archaludon|Stamina|boost
|-boost|p1a: Archaludon|def|1
|
|-weather|RainDance|[upkeep]
|upkeep
|turn|3
|
|t:|1756203621
|switch|p1b: Gholdengo|Gholdengo, L50|100/100
|-terastallize|p2a: Tatsugiri|Ground
|move|p2b: Sneasler|Throat Chop|p1b: Gholdengo
|-supereffective|p1b: Gholdengo
|-damage|p1b: Gholdengo|34/100
|-start|p1b: Gholdengo|Throat Chop|[silent]
|move|p1a: Archaludon|Draco Meteor|p2a: Tatsugiri
|-damage|p2a: Tatsugiri|45/100
|-unboost|p1a: Archaludon|spa|2
|move|p2a: Tatsugiri|Tera Blast|p1a: Archaludon|[anim] Tera Blast Ground
|-supereffective|p1a: Archaludon
|-damage|p1a: Archaludon|0 fnt
|faint|p1a: Archaludon
|
|-weather|RainDance|[upkeep]
|upkeep
|
|t:|1756203633
|switch|p1a: Basculegion|Basculegion, L50, M, shiny|85/100
|turn|4
|
|t:|1756203641
|-terastallize|p1b: Gholdengo|Water
|move|p1a: Basculegion|Last Respects|p2b: Sneasler
|-damage|p2b: Sneasler|0 fnt
|faint|p2b: Sneasler
|move|p1b: Gholdengo|Make It Rain|p2a: Tatsugiri
|-damage|p2a: Tatsugiri|0 fnt
|-unboost|p1b: Gholdengo|spa|1
|faint|p2a: Tatsugiri
|-damage|p1b: Gholdengo|24/100|[from] item: Life Orb
|
|-weather|RainDance|[upkeep]
|-end|p1b: Gholdengo|Throat Chop|[silent]
|-sideend|p1: tortilla sorpresa|move: Tailwind
|upkeep
|
|t:|1756203649
|switch|p2b: Fiona|Primarina, L50, F|100/100
|switch|p2a: Indeedee|Indeedee, L50, M|100/100
|turn|5
|
|t:|1756203663
|move|p2b: Fiona|Protect|p2b: Fiona
|-singleturn|p2b: Fiona|Protect
|move|p1a: Basculegion|Last Respects|p2b: Fiona
|-activate|p2b: Fiona|move: Protect
|move|p2a: Indeedee|Expanding Force|p1b: Gholdengo|[spread] p1a,p1b
|-damage|p1a: Basculegion|24/100
|-damage|p1b: Gholdengo|0 fnt
|faint|p1b: Gholdengo
|
|-weather|none
|-fieldend|move: Psychic Terrain
|upkeep
|
|t:|1756203665
|switch|p1b: Pelipper|Pelipper, L50, M, shiny|45/100 par
|-weather|RainDance|[from] ability: Drizzle|[of] p1b: Pelipper
|turn|6
|
|t:|1756203681
|move|p1a: Basculegion|Last Respects|p2b: Fiona
|-damage|p2b: Fiona|0 fnt
|faint|p2b: Fiona
|move|p2a: Indeedee|Expanding Force|p1b: Pelipper
|-damage|p1b: Pelipper|0 fnt
|faint|p1b: Pelipper
|
|-weather|RainDance|[upkeep]
|upkeep
|turn|7
|-message|tortilla sorpresa forfeited.
|
|win|Llama_Llord
||tortilla sorpresa is ready for game 2.
