|j|☆PaquitoelBollito
|j|☆NotAfrogGaming
|html|PaquitoelBollitoNotAfrogGaming    
|uhtml|bestof|Game 2 of a best-of-3
|t:|1786125128
|gametype|doubles
|player|p1|PaquitoelBollito|102|1165
|player|p2|NotAfrogGaming|boarder|1218
|gen|9
|tier|[Gen 9 Champions] VGC 2026 Reg M-B (Bo3)
|rated|
|rule|Species Clause: Limit one of each Pokémon
|rule|Item Clause: Limit 1 of each item
|clearpoke
|poke|p1|Froslass, L50, F|
|poke|p1|Scovillain, L50, F|
|poke|p1|Kingambit, L50, F|
|poke|p1|Sneasler, L50, F|
|poke|p1|Basculegion, L50, M|
|poke|p1|Lycanroc-Dusk, L50, F|
|poke|p2|Tyranitar, L50, M, shiny|
|poke|p2|Excadrill, L50, F, shiny|
|poke|p2|Sinistcha, L50|
|poke|p2|Decidueye-Hisui, L50, F|
|poke|p2|Palafin, L50, M, shiny|
|poke|p2|Arcanine-Hisui, L50, M, shiny|
|teampreview|4
|showteam|p1|Froslass||Froslassite|CursedBody|Protect,Blizzard,AuroraVeil,ShadowBall|Modest||F|||50|]Scovillain||Scovillainite|Moody|Protect,Overheat,GigaDrain,RagePowder|Modest||F|||50|]Kingambit||BlackGlasses|Defiant|Protect,KowtowCleave,SwordsDance,SuckerPunch|Adamant||F|||50|]Sneasler||WhiteHerb|Unburden|FakeOut,GunkShot,CloseCombat,Protect|Adamant||F|||50|]Basculegion||SitrusBerry|Adaptability|Protect,LastRespects,WaveCrash,AquaJet|Adamant||M|||50|]Lycanroc-Dusk||FocusSash|ToughClaws|Protect,Accelerock,RockSlide,CloseCombat|Adamant||F|||50|
|showteam|p2|Tyranitar||Tyranitarite|SandStream|RockSlide,KnockOff,LowKick,Protect|Adamant||M|||50|]Excadrill||FocusSash|SandRush|HighHorsepower,IronHead,RockSlide,Protect|Adamant||F|||50|]Sinistcha||SitrusBerry|Hospitality|MatchaGotcha,RagePowder,TrickRoom,Protect|Bold|||||50|]Decidueye-Hisui||ScopeLens|Scrappy|TripleArrows,LeafBlade,BraveBird,Protect|Adamant||F|||50|]Palafin||LifeOrb|ZerotoHero|WaveCrash,JetPunch,IcePunch,Protect|Jolly||M|||50|]Arcanine-Hisui||ChoiceScarf|Intimidate|FlareBlitz,HeadSmash,WildCharge,RockSlide|Jolly||M|||50|
|inactive|Battle timer is ON: inactive players will automatically lose when time's up. (requested by PaquitoelBollito)
|inactive|NotAfrogGaming has 60 seconds left.
|inactive|NotAfrogGaming has 30 seconds left.
|
|t:|1786125197
|teamsize|p1|4
|teamsize|p2|4
|start
|switch|p1a: Kingambit|Kingambit, L50, F|100/100
|switch|p1b: Scovillain|Scovillain, L50, F|100/100
|switch|p2a: Sinistcha|Sinistcha, L50|100/100
|switch|p2b: Decidueye|Decidueye-Hisui, L50, F|100/100
|turn|1
|inactive|PaquitoelBollito has 30 seconds left.
|inactive|NotAfrogGaming has 30 seconds left.
|inactive|PaquitoelBollito has 20 seconds left.
|inactive|NotAfrogGaming has 20 seconds left.
|inactive|NotAfrogGaming has 15 seconds left.
|inactive|NotAfrogGaming has 10 seconds left.
|
|t:|1786125243
|detailschange|p1b: Scovillain|Scovillain-Mega, L50, F
|-mega|p1b: Scovillain|Scovillain|Scovillainite
|move|p2b: Decidueye|Protect|p2b: Decidueye
|-singleturn|p2b: Decidueye|Protect
|move|p1b: Scovillain|Protect|p1b: Scovillain
|-singleturn|p1b: Scovillain|Protect
|move|p2a: Sinistcha|Protect|p2a: Sinistcha
|-singleturn|p2a: Sinistcha|Protect
|move|p1a: Kingambit|Swords Dance|p1a: Kingambit
|-boost|p1a: Kingambit|atk|2
|
|upkeep
|turn|2
|inactive|NotAfrogGaming has 30 seconds left.
|
|t:|1786125276
|move|p1b: Scovillain|Rage Powder|p1b: Scovillain
|-singleturn|p1b: Scovillain|move: Rage Powder
|move|p2b: Decidueye|Triple Arrows|p1a: Kingambit
|-supereffective|p1a: Kingambit|2
|-damage|p1a: Kingambit|0 fnt
|faint|p1a: Kingambit
|move|p2a: Sinistcha|Trick Room|p2a: Sinistcha
|-fieldstart|move: Trick Room|[of] p2a: Sinistcha
|
|upkeep
|
|t:|1786125285
|switch|p1a: Sneasler|Sneasler, L50, F|100/100
|turn|3
|inactive|NotAfrogGaming has 30 seconds left.
|
|t:|1786125317
|switch|p2a: TTAR|Tyranitar, L50, M, shiny|100/100
|-weather|Sandstorm|[from] ability: Sand Stream|[of] p2a: TTAR
|move|p2b: Decidueye|Protect|p2b: Decidueye
|-singleturn|p2b: Decidueye|Protect
|move|p1b: Scovillain|Overheat|p2a: TTAR
|-resisted|p2a: TTAR|1
|-damage|p2a: TTAR|79/100
|-unboost|p1b: Scovillain|spa|2
|move|p1a: Sneasler|Gunk Shot|p2b: Decidueye
|-activate|p2b: Decidueye|move: Protect
|
|-weather|Sandstorm|[upkeep]
|-damage|p1b: Scovillain|94/100|[from] Sandstorm
|-damage|p2b: Decidueye|94/100|[from] Sandstorm
|-damage|p1a: Sneasler|94/100|[from] Sandstorm
|upkeep
|turn|4
|inactive|PaquitoelBollito has 30 seconds left.
|inactive|PaquitoelBollito has 20 seconds left.
|
|t:|1786125355
|detailschange|p2a: TTAR|Tyranitar-Mega, L50, M, shiny
|-mega|p2a: TTAR|Tyranitar|Tyranitarite
|move|p2a: TTAR|Rock Slide|p1b: Scovillain|[spread] p1a,p1b
|-resisted|p1a: Sneasler|1
|-supereffective|p1b: Scovillain|1
|-damage|p1a: Sneasler|69/100
|-damage|p1b: Scovillain|12/100
|-status|p2a: TTAR|brn|[from] ability: Spicy Spray|[of] p1b: Scovillain
|cant|p1b: Scovillain|flinch
|move|p2b: Decidueye|Brave Bird|p1a: Sneasler
|-supereffective|p1a: Sneasler|1
|-damage|p1a: Sneasler|0 fnt
|faint|p1a: Sneasler
|-damage|p2b: Decidueye|72/100|[from] Recoil
|
|-weather|Sandstorm|[upkeep]
|-damage|p1b: Scovillain|6/100|[from] Sandstorm
|-damage|p2b: Decidueye|67/100|[from] Sandstorm
|-damage|p2a: TTAR|73/100 brn|[from] brn
|upkeep
|
|t:|1786125367
|switch|p1a: Basculegion|Basculegion, L50, M|100/100
|turn|5
|inactive|PaquitoelBollito has 30 seconds left.
|inactive|NotAfrogGaming has 30 seconds left.
|
|t:|1786125397
|switch|p2a: Sinistcha|Sinistcha, L50|100/100
|-heal|p2b: Decidueye|91/100|[from] ability: Hospitality|[of] p2a: Sinistcha
|move|p2b: Decidueye|Protect|p2b: Decidueye
|-singleturn|p2b: Decidueye|Protect
|move|p1b: Scovillain|Giga Drain|p2a: Sinistcha
|-resisted|p2a: Sinistcha|1
|-damage|p2a: Sinistcha|91/100
|-heal|p1b: Scovillain|11/100|[from] drain|[of] p2a: Sinistcha
|move|p1a: Basculegion|Last Respects|p2b: Decidueye
|-activate|p2b: Decidueye|move: Protect
|
|-weather|Sandstorm|[upkeep]
|-damage|p2a: Sinistcha|85/100|[from] Sandstorm
|-damage|p1b: Scovillain|5/100|[from] Sandstorm
|-damage|p2b: Decidueye|86/100|[from] Sandstorm
|-damage|p1a: Basculegion|93/100|[from] Sandstorm
|upkeep
|turn|6
|inactive|PaquitoelBollito has 30 seconds left.
|inactive|NotAfrogGaming has 30 seconds left.
|
|t:|1786125430
|move|p2a: Sinistcha|Matcha Gotcha|p1a: Basculegion|[spread] p1a,p1b
|-supereffective|p1a: Basculegion|1
|-resisted|p1b: Scovillain|2
|-damage|p1a: Basculegion|35/100
|-heal|p2a: Sinistcha|100/100|[from] drain|[of] p1a: Basculegion
|-damage|p1b: Scovillain|0 fnt
|-status|p2a: Sinistcha|brn|[from] ability: Spicy Spray|[of] p1b: Scovillain
|-enditem|p1a: Basculegion|Sitrus Berry|[eat]
|-heal|p1a: Basculegion|60/100|[from] item: Sitrus Berry
|faint|p1b: Scovillain
|move|p2b: Decidueye|Leaf Blade|p1a: Basculegion
|-supereffective|p1a: Basculegion|1
|-damage|p1a: Basculegion|0 fnt
|faint|p1a: Basculegion
|
|win|NotAfrogGaming
