|j|☆Alfaceb
|j|☆ragepined
|html|Alfacebragepined    
|uhtml|bestof|Game 2 of a best-of-3
|t:|1783067836
|gametype|doubles
|player|p1|Alfaceb|pokefan|1086
|player|p2|ragepined|170|1022
|gen|9
|tier|[Gen 9 Champions] VGC 2026 Reg M-B (Bo3)
|rated|
|rule|Species Clause: Limit one of each Pokémon
|rule|Item Clause: Limit 1 of each item
|clearpoke
|poke|p1|Charizard, L50, M|
|poke|p1|Blastoise, L50, M|
|poke|p1|Venusaur, L50, F|
|poke|p1|Aerodactyl, L50, F, shiny|
|poke|p1|Kangaskhan, L50, F|
|poke|p1|Clefable, L50, M|
|poke|p2|Metagross, L50|
|poke|p2|Eelektross, L50, F|
|poke|p2|Noivern, L50, F|
|poke|p2|Maushold-Four, L50|
|poke|p2|Lycanroc-Dusk, L50, M|
|poke|p2|Whimsicott, L50, F|
|teampreview|4
|showteam|p1|Charizard||CharizarditeY|SolarPower|HeatWave,WeatherBall,Protect,SolarBeam|Modest||M|||50|]Blastoise||Blastoisinite|Torrent|ShellSmash,WaterSpout,AuraSphere,Protect|Modest||M|||50|]Venusaur||LifeOrb|Chlorophyll|SleepPowder,SludgeBomb,EnergyBall,Protect|Modest||F|||50|]Aerodactyl||FocusSash|Unnerve|DualWingbeat,RockSlide,Protect,Tailwind|Jolly||F|||50|]Kangaskhan||SilkScarf|Scrappy|FakeOut,LastResort|Adamant||F|||50|]Clefable||SitrusBerry|Unaware|Moonblast,FollowMe,HelpingHand,Protect|Bold||M|||50|
|showteam|p2|Metagross||Metagrossite|ClearBody|HardPress,PsychicFangs,Protect,BulletPunch|Jolly|||||50|]Eelektross||Eelektrossite|Levitate|Discharge,Thunderbolt,GigaDrain,Protect|Timid||F|||50|]Noivern||FocusSash|Telepathy|Tailwind,DracoMeteor,Protect,SuperFang|Timid||F|||50|]Maushold-Four||WideLens|FriendGuard|PopulationBomb,Protect,FollowMe,Uturn|Jolly|||||50|]Lycanroc-Dusk||LifeOrb|ToughClaws|RockSlide,Accelerock,CloseCombat,Howl|Jolly||M|||50|]Whimsicott||MentalHerb|Prankster|Tailwind,FakeTears,Protect,Moonblast|Bold||F|||50|
|
|t:|1783067885
|teamsize|p1|4
|teamsize|p2|4
|start
|switch|p1a: Charizard|Charizard, L50, M|100/100
|switch|p1b: Kangaskhan|Kangaskhan, L50, F|100/100
|switch|p2a: Maushold|Maushold-Four, L50|100/100
|switch|p2b: Noivern|Noivern, L50, F|100/100
|turn|1
|
|t:|1783067899
|detailschange|p1a: Charizard|Charizard-Mega-Y, L50, M
|-mega|p1a: Charizard|Charizard|Charizardite Y
|-weather|SunnyDay|[from] ability: Drought|[of] p1a: Charizard
|move|p1b: Kangaskhan|Fake Out|p2a: Maushold
|-damage|p2a: Maushold|64/100
|move|p2b: Noivern|Tailwind|p2b: Noivern
|-sidestart|p2: ragepined|move: Tailwind
|cant|p2a: Maushold|flinch
|move|p1a: Charizard|Heat Wave|p2a: Maushold|[spread] p2a,p2b
|-resisted|p2b: Noivern|1
|-damage|p2a: Maushold|0 fnt
|-damage|p2b: Noivern|73/100
|faint|p2a: Maushold
|
|-weather|SunnyDay|[upkeep]
|upkeep
|
|t:|1783067904
|switch|p2a: Eelektross|Eelektross, L50, F|100/100
|turn|2
|
|t:|1783067927
|detailschange|p2a: Eelektross|Eelektross-Mega, L50, F
|-mega|p2a: Eelektross|Eelektross|Eelektrossite
|move|p1a: Charizard|Protect|p1a: Charizard
|-singleturn|p1a: Charizard|Protect
|move|p2b: Noivern|Super Fang|p1b: Kangaskhan
|-damage|p1b: Kangaskhan|50/100y
|move|p2a: Eelektross|Discharge|p1b: Kangaskhan|[spread] p1b
|-activate|p1a: Charizard|move: Protect
|-activate|p2b: Noivern|ability: Telepathy
|-damage|p1b: Kangaskhan|11/100
|move|p1b: Kangaskhan|Last Resort|p2a: Eelektross
|-damage|p2a: Eelektross|2/100
|
|-weather|SunnyDay|[upkeep]
|upkeep
|turn|3
|
|t:|1783067959
|switch|p1a: Venusaur|Venusaur, L50, F|100/100
|move|p2b: Noivern|Super Fang|p1a: Venusaur
|-damage|p1a: Venusaur|50/100g
|move|p2a: Eelektross|Discharge|p1a: Venusaur|[spread] p1a,p1b
|-activate|p2b: Noivern|ability: Telepathy
|-resisted|p1a: Venusaur|1
|-damage|p1a: Venusaur|34/100
|-damage|p1b: Kangaskhan|0 fnt
|-status|p1a: Venusaur|par
|faint|p1b: Kangaskhan
|-ability|p2a: Eelektross|Eelevate|boost
|-boost|p2a: Eelektross|spa|1
|
|-weather|SunnyDay|[upkeep]
|upkeep
|
|t:|1783067979
|switch|p1b: Aerodactyl|Aerodactyl, L50, F, shiny|100/100
|-ability|p1b: Aerodactyl|Unnerve
|turn|4
|
|t:|1783068018
|move|p1b: Aerodactyl|Protect|p1b: Aerodactyl
|-singleturn|p1b: Aerodactyl|Protect
|move|p1a: Venusaur|Protect|p1a: Venusaur
|-singleturn|p1a: Venusaur|Protect
|move|p2b: Noivern|Draco Meteor|p1b: Aerodactyl
|-activate|p1b: Aerodactyl|move: Protect
|move|p2a: Eelektross|Giga Drain|p1b: Aerodactyl
|-activate|p1b: Aerodactyl|move: Protect
|
|-weather|SunnyDay|[upkeep]
|-sideend|p2: ragepined|move: Tailwind
|upkeep
|turn|5
|
|t:|1783068046
|move|p2a: Eelektross|Protect|p2a: Eelektross
|-singleturn|p2a: Eelektross|Protect
|move|p1b: Aerodactyl|Tailwind|p1b: Aerodactyl
|-sidestart|p1: Alfaceb|move: Tailwind
|cant|p1a: Venusaur|par
|move|p2b: Noivern|Tailwind|p2b: Noivern
|-sidestart|p2: ragepined|move: Tailwind
|
|-weather|none
|upkeep
|turn|6
|
|t:|1783068073
|move|p1a: Venusaur|Protect|p1a: Venusaur
|-singleturn|p1a: Venusaur|Protect
|move|p1b: Aerodactyl|Rock Slide|p2a: Eelektross|[spread] p2a,p2b
|-supereffective|p2b: Noivern|1
|-damage|p2a: Eelektross|0 fnt
|-damage|p2b: Noivern|19/100
|faint|p2a: Eelektross
|move|p2b: Noivern|Super Fang|p1b: Aerodactyl
|-damage|p1b: Aerodactyl|50/100g
|
|upkeep
|
|t:|1783068079
|switch|p2a: Whimsicott|Whimsicott, L50, F|100/100
|turn|7
|-message|ragepined forfeited.
|raw|Alfaceb's rating: 1086 → 1108(+22 for winning)
|raw|ragepined's rating: 1022 → 1011(-11 for losing)
|
|win|Alfaceb
|l|☆ragepined
|player|p2|
