|j|☆Yoelsan
|j|☆Olciax34
|html|YoelsanOlciax34    
|uhtml|bestof|Game 3 of a best-of-3
|t:|1784642261
|gametype|doubles
|player|p1|Yoelsan|alder|1279
|player|p2|Olciax34|266|1229
|gen|9
|tier|[Gen 9 Champions] VGC 2026 Reg M-B (Bo3)
|rated|
|rule|Species Clause: Limit one of each Pokémon
|rule|Item Clause: Limit 1 of each item
|clearpoke
|poke|p1|Incineroar, L50, M, shiny|
|poke|p1|Hydreigon, L50, F, shiny|
|poke|p1|Venusaur, L50, F|
|poke|p1|Annihilape, L50, F, shiny|
|poke|p1|Charizard, L50, M|
|poke|p1|Toxapex, L50, F|
|poke|p2|Charizard, L50, F|
|poke|p2|Whimsicott, L50, F|
|poke|p2|Garchomp, L50, F|
|poke|p2|Incineroar, L50, F|
|poke|p2|Basculegion, L50, M|
|poke|p2|Floette-Eternal, L50, F|
|teampreview|4
|showteam|p1|Incineroar||SitrusBerry|Intimidate|FakeOut,FlareBlitz,PartingShot,ThroatChop|Careful||M|||50|]Hydreigon||ChoiceScarf|Levitate|DracoMeteor,Snarl,EarthPower,DarkPulse|Modest||F|||50|]Venusaur||LifeOrb|Chlorophyll|Protect,LeafStorm,EarthPower,SludgeBomb|Modest||F|||50|]Annihilape||FocusSash|Defiant|Protect,CloseCombat,ShadowClaw,StoneEdge|Jolly||F|||50|]Charizard||CharizarditeY|Blaze|Protect,WeatherBall,HeatWave,HelpingHand|Modest||M|||50|]Toxapex||Leftovers|Regenerator|BanefulBunker,WideGuard,Toxic,Infestation|Bold||F|||50|
|showteam|p2|Charizard||CharizarditeY|SolarPower|HeatWave,WeatherBall,SolarBeam,Protect|Modest||F|||50|]Whimsicott||FocusSash|Prankster|Moonblast,Tailwind,Encore,Protect|Timid||F|||50|]Garchomp||LifeOrb|RoughSkin|Earthquake,DragonClaw,RockSlide,Protect|Jolly||F|||50|]Incineroar||SitrusBerry|Intimidate|FakeOut,ThroatChop,FlareBlitz,PartingShot|Careful||F|||50|]Basculegion||ChoiceScarf|Adaptability|WaveCrash,FlipTurn,LastRespects,AquaJet|Jolly||M|||50|]Floette-Eternal||Floettite|FlowerVeil|DrainingKiss,Moonblast,CalmMind,Protect|Modest||F|||50|
|inactive|Battle timer is ON: inactive players will automatically lose when time's up. (requested by Olciax34)
|inactive|Yoelsan has 60 seconds left.
|
|t:|1784642296
|teamsize|p1|4
|teamsize|p2|4
|start
|switch|p1a: Incineroar|Incineroar, L50, M, shiny|100/100
|switch|p1b: Hydreigon|Hydreigon, L50, F, shiny|100/100
|switch|p2a: Whimsicott|Whimsicott, L50, F|100/100
|switch|p2b: Garchomp|Garchomp, L50, F|100/100
|-ability|p1a: Incineroar|Intimidate|boost
|-unboost|p2a: Whimsicott|atk|1
|-unboost|p2b: Garchomp|atk|1
|turn|1
|inactive|Yoelsan has 30 seconds left.
|inactive|Yoelsan has 20 seconds left.
|
|t:|1784642333
|switch|p2b: Floette|Floette-Eternal, L50, F|100/100
|switch|p1a: Charizard|Charizard, L50, M|100/100
|move|p2a: Whimsicott|Protect|p2a: Whimsicott
|-singleturn|p2a: Whimsicott|Protect
|move|p1b: Hydreigon|Draco Meteor|p2b: Floette
|-immune|p2b: Floette
|
|upkeep
|turn|2
|inactive|Olciax34 has 30 seconds left.
|
|t:|1784642359
|switch|p1b: Incineroar|Incineroar, L50, M, shiny|100/100
|-ability|p1b: Incineroar|Intimidate|boost
|-block|p2a: Whimsicott|ability: Flower Veil|[of] p2b: Floette
|-unboost|p2b: Floette|atk|1
|detailschange|p1a: Charizard|Charizard-Mega-Y, L50, M
|-mega|p1a: Charizard|Charizard|Charizardite Y
|-weather|SunnyDay|[from] ability: Drought|[of] p1a: Charizard
|detailschange|p2b: Floette|Floette-Mega, L50, F
|-mega|p2b: Floette|Floette|Floettite
|-ability|p2b: Floette|Fairy Aura
|move|p2a: Whimsicott|Tailwind|p2a: Whimsicott
|-sidestart|p2: Olciax34|move: Tailwind
|move|p2b: Floette|Calm Mind|p2b: Floette
|-boost|p2b: Floette|spa|1
|-boost|p2b: Floette|spd|1
|move|p1a: Charizard|Heat Wave|p2b: Floette|[spread] p2a,p2b
|-supereffective|p2a: Whimsicott|1
|-enditem|p2a: Whimsicott|Focus Sash
|-damage|p2a: Whimsicott|1/100
|-damage|p2b: Floette|65/100
|
|-weather|SunnyDay|[upkeep]
|upkeep
|turn|3
|inactive|Yoelsan has 30 seconds left.
|inactive|Yoelsan has 20 seconds left.
|
|t:|1784642397
|switch|p2a: Garchomp|Garchomp, L50, F|100/100
|switch|p1b: Venusaur|Venusaur, L50, F|100/100
|move|p2b: Floette|Protect|p2b: Floette
|-singleturn|p2b: Floette|Protect
|move|p1a: Charizard|Heat Wave|p2b: Floette|[spread] p2a
|-activate|p2b: Floette|move: Protect
|-resisted|p2a: Garchomp|1
|-damage|p2a: Garchomp|66/100
|
|-weather|SunnyDay|[upkeep]
|upkeep
|turn|4
|inactive|Yoelsan has 30 seconds left.
|
|t:|1784642423
|switch|p1a: Incineroar|Incineroar, L50, M, shiny|100/100
|-ability|p1a: Incineroar|Intimidate|boost
|-unboost|p2a: Garchomp|atk|1
|-unboost|p2b: Floette|atk|1
|move|p2a: Garchomp|Dragon Claw|p1b: Venusaur
|-damage|p1b: Venusaur|47/100
|-damage|p2a: Garchomp|56/100|[from] item: Life Orb
|move|p2b: Floette|Moonblast|p1b: Venusaur
|-resisted|p1b: Venusaur|1
|-damage|p1b: Venusaur|0 fnt
|faint|p1b: Venusaur
|
|-weather|SunnyDay|[upkeep]
|upkeep
|inactive|Yoelsan has 30 seconds left.
|
|t:|1784642450
|switch|p1b: Hydreigon|Hydreigon, L50, F, shiny|100/100
|turn|5
|
|t:|1784642465
|move|p2b: Floette|Protect|p2b: Floette
|-singleturn|p2b: Floette|Protect
|move|p1a: Incineroar|Fake Out|p2b: Floette
|-activate|p2b: Floette|move: Protect
|move|p2a: Garchomp|Dragon Claw|p1b: Hydreigon
|-supereffective|p1b: Hydreigon|1
|-damage|p1b: Hydreigon|18/100
|-damage|p2a: Garchomp|47/100|[from] item: Life Orb
|move|p1b: Hydreigon|Draco Meteor|p2a: Garchomp
|-supereffective|p2a: Garchomp|1
|-damage|p2a: Garchomp|0 fnt
|-unboost|p1b: Hydreigon|spa|2
|faint|p2a: Garchomp
|
|-weather|SunnyDay|[upkeep]
|-sideend|p2: Olciax34|move: Tailwind
|upkeep
|
|t:|1784642482
|switch|p2a: Charizard|Charizard, L50, F|100/100
|turn|6
|
|t:|1784642503
|move|p1b: Hydreigon|Draco Meteor|p2a: Charizard
|-damage|p2a: Charizard|55/100
|-unboost|p1b: Hydreigon|spa|2
|move|p2a: Charizard|Weather Ball|p1a: Incineroar
|-resisted|p1a: Incineroar|1
|-damage|p1a: Incineroar|60/100
|move|p2b: Floette|Draining Kiss|p1a: Incineroar
|-damage|p1a: Incineroar|19/100
|-heal|p2b: Floette|100/100|[from] drain|[of] p1a: Incineroar
|-enditem|p1a: Incineroar|Sitrus Berry|[eat]
|-heal|p1a: Incineroar|44/100|[from] item: Sitrus Berry
|move|p1a: Incineroar|Flare Blitz|p2b: Floette
|-damage|p2b: Floette|31/100
|-status|p2b: Floette|brn
|-damage|p1a: Incineroar|25/100|[from] Recoil
|
|-weather|none
|-damage|p2b: Floette|25/100 brn|[from] brn
|upkeep
|turn|7
|inactive|Yoelsan has 30 seconds left.
|inactive|Olciax34 has 30 seconds left.
|inactive|Yoelsan has 20 seconds left.
|inactive|Olciax34 has 20 seconds left.
|inactive|Yoelsan has 15 seconds left.
|
|t:|1784642547
|switch|p1b: Charizard|Charizard-Mega-Y, L50, M|100/100
|-weather|SunnyDay|[from] ability: Drought|[of] p1b: Charizard
|switch|p2a: Whimsicott|Whimsicott, L50, F|1/100
|move|p2b: Floette|Moonblast|p1a: Incineroar
|-damage|p1a: Incineroar|0 fnt
|faint|p1a: Incineroar
|
|-weather|SunnyDay|[upkeep]
|-damage|p2b: Floette|19/100 brn|[from] brn
|upkeep
|
|t:|1784642560
|switch|p1a: Hydreigon|Hydreigon, L50, F, shiny|18/100
|turn|8
|inactive|Olciax34 has 30 seconds left.
|
|t:|1784642586
|move|p2b: Floette|Protect|p2b: Floette
|-singleturn|p2b: Floette|Protect
|move|p2a: Whimsicott|Tailwind|p2a: Whimsicott
|-sidestart|p2: Olciax34|move: Tailwind
|move|p1a: Hydreigon|Dark Pulse|p2b: Floette
|-activate|p2b: Floette|move: Protect
|move|p1b: Charizard|Heat Wave|p2b: Floette|[spread] p2a
|-activate|p2b: Floette|move: Protect
|-supereffective|p2a: Whimsicott|1
|-damage|p2a: Whimsicott|0 fnt
|faint|p2a: Whimsicott
|
|-weather|SunnyDay|[upkeep]
|-damage|p2b: Floette|13/100 brn|[from] brn
|upkeep
|
|t:|1784642599
|switch|p2a: Charizard|Charizard, L50, F|55/100
|turn|9
|
|t:|1784642609
|move|p1b: Charizard|Protect|p1b: Charizard
|-singleturn|p1b: Charizard|Protect
|move|p2a: Charizard|Heat Wave|p1a: Hydreigon|[spread] p1a
|-activate|p1b: Charizard|move: Protect
|-resisted|p1a: Hydreigon|1
|-damage|p1a: Hydreigon|0 fnt
|faint|p1a: Hydreigon
|move|p2b: Floette|Moonblast|p1b: Charizard
|-activate|p1b: Charizard|move: Protect
|
|-weather|SunnyDay|[upkeep]
|-damage|p2a: Charizard|43/100|[from] ability: Solar Power|[of] p2a: Charizard
|-damage|p2b: Floette|7/100 brn|[from] brn
|upkeep
|turn|10
|
|t:|1784642630
|move|p1b: Charizard|Protect||[still]
|-fail|p1b: Charizard
|move|p2a: Charizard|Weather Ball|p1b: Charizard
|-resisted|p1b: Charizard|1
|-damage|p1b: Charizard|46/100
|move|p2b: Floette|Moonblast|p1b: Charizard
|-resisted|p1b: Charizard|1
|-damage|p1b: Charizard|0 fnt
|faint|p1b: Charizard
|
|win|Olciax34
|raw|Yoelsan's rating: 1279 → 1250(-29 for losing)
|raw|Olciax34's rating: 1229 → 1258(+29 for winning)
|l|☆Yoelsan
|player|p1|
