|j|☆168wgr
|j|☆Alecat
|html|168wgrAlecat    
|uhtml|bestof|Game 2 of a best-of-3
|t:|1757115035
|gametype|doubles
|player|p1|168wgr|linebacker|1086
|player|p2|Alecat|265|1060
|gen|9
|tier|[Gen 9] VGC 2025 Reg H (Bo3)
|rated|
|rule|Species Clause: Limit one of each Pokémon
|rule|Item Clause: Limit 1 of each item
|clearpoke
|poke|p1|Sneasler, L50, F|
|poke|p1|Rillaboom, L50, F|
|poke|p1|Magmar, L50, M|
|poke|p1|Espathra, L50, F|
|poke|p1|Kingambit, L50, F|
|poke|p1|Arcanine-Hisui, L50, M|
|poke|p2|Pawmot, L50, M|
|poke|p2|Gyarados, L50, F|
|poke|p2|Volcarona, L50, F|
|poke|p2|Murkrow, L50, M|
|poke|p2|Incineroar, L50, F|
|poke|p2|Archaludon, L50, M|
|teampreview|4
|showteam|p1|Sneasler||FocusSash|Unburden|FakeOut,CloseCombat,DireClaw,Coaching|||F|||50|,,,,,Ghost]Rillaboom||AssaultVest|GrassySurge|FakeOut,WoodHammer,GrassyGlide,HighHorsepower|||F|||50|,,,,,Fire]Magmar||Eviolite|VitalSpirit|Protect,HeatWave,Taunt,FollowMe|||M|||50|,,,,,Dragon]Espathra||GrassySeed|SpeedBoost|Protect,StoredPower,TeraBlast,CalmMind|||F|||50|,,,,,Fighting]Kingambit||SafetyGoggles|Defiant|Protect,KowtowCleave,SuckerPunch,SwordsDance|||F|||50|,,,,,Dark]Arcanine-Hisui||LoadedDice|Intimidate|Protect,FlareBlitz,RockBlast,ExtremeSpeed|||M|||50|,,,,,Ghost
|showteam|p2|Pawmot||FocusSash|VoltAbsorb|DoubleShock,Coaching,CloseCombat,Protect|||M|||50|,,,,,Electric]Gyarados||ClearAmulet|Moxie|Waterfall,DragonDance,Earthquake,Protect|||F|||50|,,,,,Ground]Volcarona||SitrusBerry|FlameBody|Overheat,StruggleBug,RagePowder,Tailwind|||F|||50|,,,,,Grass]Murkrow||Eviolite|Prankster|FoulPlay,RainDance,Tailwind,SunnyDay|||M|||50|,,,,,Dark]Incineroar||AssaultVest|Intimidate|FlareBlitz,FakeOut,Bulldoze,KnockOff|||F|||50|,,,,,Ghost]Archaludon||PowerHerb|Stalwart|DragonTail,FlashCannon,ElectroShot,Protect|||M|||50|,,,,,Grass
|c|☆Alecat|I saw the grassy seed + stored power on espathra and immediately knew it was gonna be a fun time XD
|c|☆168wgr|Haha I'm glad you like it
|c|☆Alecat|Coaching is cool too
|c|☆168wgr|The stored power calcs can get pretty wild
|
|t:|1757115111
|teamsize|p1|4
|teamsize|p2|4
|start
|switch|p1a: Sneasler|Sneasler, L50, F|100/100
|switch|p1b: Espathra|Espathra, L50, F|100/100
|switch|p2a: Volcarona|Volcarona, L50, F|100/100
|switch|p2b: Gyarados|Gyarados, L50, F|100/100
|turn|1
|
|t:|1757115135
|switch|p1a: Rillaboom|Rillaboom, L50, F|100/100
|-fieldstart|move: Grassy Terrain|[from] ability: Grassy Surge|[of] p1a: Rillaboom
|-enditem|p1b: Espathra|Grassy Seed
|-boost|p1b: Espathra|def|1|[from] item: Grassy Seed
|switch|p2b: Incineroar|Incineroar, L50, F|100/100
|-ability|p2b: Incineroar|Intimidate|boost
|-unboost|p1a: Rillaboom|atk|1
|-unboost|p1b: Espathra|atk|1
|move|p1b: Espathra|Protect|p1b: Espathra
|-singleturn|p1b: Espathra|Protect
|move|p2a: Volcarona|Struggle Bug|p1a: Rillaboom|[spread] p1a
|-activate|p1b: Espathra|move: Protect
|-supereffective|p1a: Rillaboom
|-damage|p1a: Rillaboom|73/100
|-unboost|p1a: Rillaboom|spa|1
|
|-heal|p1a: Rillaboom|79/100|[from] Grassy Terrain
|-ability|p1b: Espathra|Speed Boost|boost
|-boost|p1b: Espathra|spe|1
|upkeep
|turn|2
|
|t:|1757115164
|-terastallize|p1b: Espathra|Fighting
|move|p1a: Rillaboom|Fake Out|p2a: Volcarona
|-damage|p2a: Volcarona|89/100
|-status|p1a: Rillaboom|brn|[from] ability: Flame Body|[of] p2a: Volcarona
|move|p1b: Espathra|Calm Mind|p1b: Espathra
|-boost|p1b: Espathra|spa|1
|-boost|p1b: Espathra|spd|1
|cant|p2a: Volcarona|flinch
|move|p2b: Incineroar|Bulldoze|p1b: Espathra|[spread] p2a,p1a,p1b
|-resisted|p1a: Rillaboom
|-damage|p2a: Volcarona|80/100
|-damage|p1a: Rillaboom|77/100 brn
|-damage|p1b: Espathra|95/100
|-unboost|p2a: Volcarona|spe|1
|-unboost|p1a: Rillaboom|spe|1
|-unboost|p1b: Espathra|spe|1
|
|-heal|p1b: Espathra|100/100|[from] Grassy Terrain
|-heal|p2a: Volcarona|86/100|[from] Grassy Terrain
|-heal|p1a: Rillaboom|83/100 brn|[from] Grassy Terrain
|-damage|p1a: Rillaboom|77/100 brn|[from] brn
|-ability|p1b: Espathra|Speed Boost|boost
|-boost|p1b: Espathra|spe|1
|upkeep
|turn|3
|
|t:|1757115191
|switch|p1a: Arcanine|Arcanine-Hisui, L50, M|100/100
|-ability|p1a: Arcanine|Intimidate|boost
|-unboost|p2a: Volcarona|atk|1
|-unboost|p2b: Incineroar|atk|1
|move|p1b: Espathra|Calm Mind|p1b: Espathra
|-boost|p1b: Espathra|spa|1
|-boost|p1b: Espathra|spd|1
|move|p2b: Incineroar|Flare Blitz|p1a: Arcanine
|-resisted|p1a: Arcanine
|-damage|p1a: Arcanine|90/100
|-damage|p2b: Incineroar|97/100|[from] Recoil
|move|p2a: Volcarona|Struggle Bug|p1a: Arcanine|[spread] p1a,p1b
|-resisted|p1a: Arcanine
|-resisted|p1b: Espathra
|-damage|p1a: Arcanine|79/100
|-damage|p1b: Espathra|95/100
|-unboost|p1a: Arcanine|spa|1
|-unboost|p1b: Espathra|spa|1
|
|-heal|p1b: Espathra|100/100|[from] Grassy Terrain
|-heal|p1a: Arcanine|85/100|[from] Grassy Terrain
|-heal|p2b: Incineroar|100/100|[from] Grassy Terrain
|-heal|p2a: Volcarona|92/100|[from] Grassy Terrain
|-ability|p1b: Espathra|Speed Boost|boost
|-boost|p1b: Espathra|spe|1
|upkeep
|turn|4
|
|t:|1757115222
|move|p2a: Volcarona|Rage Powder|p2a: Volcarona
|-singleturn|p2a: Volcarona|move: Rage Powder
|move|p1b: Espathra|Stored Power|p2a: Volcarona
|-damage|p2a: Volcarona|4/100
|-enditem|p2a: Volcarona|Sitrus Berry|[eat]
|-heal|p2a: Volcarona|29/100|[from] item: Sitrus Berry
|move|p1a: Arcanine|Rock Blast|p2a: Volcarona
|-supereffective|p2a: Volcarona
|-damage|p2a: Volcarona|0 fnt
|faint|p2a: Volcarona
|-hitcount|p2: Volcarona|1
|move|p2b: Incineroar|Knock Off|p1b: Espathra
|-resisted|p1b: Espathra
|-damage|p1b: Espathra|93/100
|
|-heal|p1b: Espathra|99/100|[from] Grassy Terrain
|-heal|p1a: Arcanine|91/100|[from] Grassy Terrain
|-ability|p1b: Espathra|Speed Boost|boost
|-boost|p1b: Espathra|spe|1
|upkeep
|
|t:|1757115241
|switch|p2a: Murkrow|Murkrow, L50, M|100/100
|turn|5
|
|t:|1757115254
|move|p2a: Murkrow|Tailwind|p2a: Murkrow
|-sidestart|p2: Alecat|move: Tailwind
|move|p1b: Espathra|Tera Blast|p2b: Incineroar|[anim] Tera Blast Fighting
|-supereffective|p2b: Incineroar
|-damage|p2b: Incineroar|30/100
|move|p2b: Incineroar|Knock Off|p1a: Arcanine
|-damage|p1a: Arcanine|57/100
|-enditem|p1a: Arcanine|Loaded Dice|[from] move: Knock Off|[of] p2b: Incineroar
|move|p1a: Arcanine|Rock Blast|p2a: Murkrow
|-supereffective|p2a: Murkrow
|-damage|p2a: Murkrow|65/100
|-supereffective|p2a: Murkrow
|-damage|p2a: Murkrow|24/100
|-supereffective|p2a: Murkrow
|-damage|p2a: Murkrow|0 fnt
|faint|p2a: Murkrow
|-hitcount|p2: Murkrow|3
|
|-heal|p1b: Espathra|100/100|[from] Grassy Terrain
|-heal|p2b: Incineroar|36/100|[from] Grassy Terrain
|-heal|p1a: Arcanine|63/100|[from] Grassy Terrain
|-fieldend|move: Grassy Terrain
|-ability|p1b: Espathra|Speed Boost|boost
|-boost|p1b: Espathra|spe|1
|upkeep
|
|t:|1757115275
|switch|p2a: Gyarados|Gyarados, L50, F|100/100
|turn|6
|
|t:|1757115286
|switch|p1a: Rillaboom|Rillaboom, L50, F|77/100 brn
|-fieldstart|move: Grassy Terrain|[from] ability: Grassy Surge|[of] p1a: Rillaboom
|move|p1b: Espathra|Protect|p1b: Espathra
|-singleturn|p1b: Espathra|Protect
|move|p2a: Gyarados|Waterfall|p1b: Espathra
|-activate|p1b: Espathra|move: Protect
|move|p2b: Incineroar|Bulldoze|p1b: Espathra|[spread] p1a
|-activate|p1b: Espathra|move: Protect
|-immune|p2a: Gyarados
|-resisted|p1a: Rillaboom
|-damage|p1a: Rillaboom|75/100 brn
|-unboost|p1a: Rillaboom|spe|1
|
|-heal|p2b: Incineroar|42/100|[from] Grassy Terrain
|-heal|p1a: Rillaboom|81/100 brn|[from] Grassy Terrain
|-damage|p1a: Rillaboom|75/100 brn|[from] brn
|-ability|p1b: Espathra|Speed Boost|boost
|-boost|p1b: Espathra|spe|1
|upkeep
|turn|7
|
|t:|1757115315
|move|p1a: Rillaboom|Fake Out|p2a: Gyarados
|-damage|p2a: Gyarados|92/100
|move|p1b: Espathra|Tera Blast|p2b: Incineroar|[anim] Tera Blast Fighting
|-supereffective|p2b: Incineroar
|-damage|p2b: Incineroar|0 fnt
|faint|p2b: Incineroar
|cant|p2a: Gyarados|flinch
|
|-heal|p1a: Rillaboom|81/100 brn|[from] Grassy Terrain
|-damage|p1a: Rillaboom|75/100 brn|[from] brn
|-ability|p1b: Espathra|Speed Boost|boost
|-boost|p1b: Espathra|spe|1
|upkeep
|turn|8
|
|t:|1757115329
|move|p1b: Espathra|Stored Power|p2a: Gyarados
|-damage|p2a: Gyarados|0 fnt
|faint|p2a: Gyarados
|
|win|168wgr
|raw|168wgr's rating: 1086 → 1111(+25 for winning)
|raw|Alecat's rating: 1060 → 1042(-18 for losing)
|c|☆168wgr|ggwp!
|c|☆Alecat|Gg!
|c|☆Alecat|might have to try your team out :)
|c|☆168wgr|The bulldoze on Incin is cool I've not seen that before
|c|☆168wgr|Go for it!
|l|☆168wgr
|player|p1|
|c|☆Alecat|Yeah I ended up with bulldoze with the assault vest
|l|☆Alecat
|player|p2|
|j|☆Alecat
|player|p2|Alecat|265|
