|j|☆matrod
|j|☆dfdfdfgdfdt
|html|matroddfdfdfgdfdt    
|uhtml|bestof|Game 1 of a best-of-3
|t:|1756267977
|gametype|doubles
|player|p1|matrod|steven|1260
|player|p2|dfdfdfgdfdt|101|1322
|gen|9
|tier|[Gen 9] VGC 2025 Reg H (Bo3)
|rated|
|rule|Species Clause: Limit one of each Pokémon
|rule|Item Clause: Limit 1 of each item
|clearpoke
|poke|p1|Incineroar, L50, F|
|poke|p1|Amoonguss, L50, F|
|poke|p1|Pelipper, L50, M|
|poke|p1|Archaludon, L50, F|
|poke|p1|Gholdengo, L50|
|poke|p1|Palafin, L50, F|
|poke|p2|Sneasler, L50, F|
|poke|p2|Dragapult, L50, F|
|poke|p2|Primarina, L50, M|
|poke|p2|Rillaboom, L50, M|
|poke|p2|Kingambit, L50, F|
|poke|p2|Magmar, L50, F|
|teampreview|4
|showteam|p1|Incineroar||SafetyGoggles|Intimidate|KnockOff,FakeOut,FlareBlitz,Uturn|||F|||50|,,,,,Water]Amoonguss||SitrusBerry|Regenerator|Spore,Protect,RagePowder,PollenPuff|||F|||50|,,,,,Psychic]Pelipper||FocusSash|Drizzle|MuddyWater,Hurricane,Tailwind,Protect|||M|||50|,,,,,Ground]Archaludon||AssaultVest|Stamina|ElectroShot,DracoMeteor,Snarl,BodyPress|||F|||50|,,,,,Bug]Gholdengo||LifeOrb|GoodasGold|MakeItRain,ShadowBall,NastyPlot,Protect||||||50|,,,,,Water]Palafin||MysticWater|ZerotoHero|JetPunch,WaveCrash,CloseCombat,Protect|||F|||50|,,,,,Water
|showteam|p2|Sneasler||FocusSash|PoisonTouch|CloseCombat,DireClaw,FakeOut,Protect|||F|||50|,,,,,Stellar]Dragapult||ChoiceBand|ClearBody|DragonDarts,TeraBlast,PhantomForce,Uturn|||F|||50|,,,,,Ghost]Primarina||SitrusBerry|LiquidVoice|HyperVoice,Moonblast,Haze,Protect|||M|||50|,,,,,Water]Rillaboom||AssaultVest|GrassySurge|WoodHammer,GrassyGlide,HighHorsepower,FakeOut|||M|||50|,,,,,Fire]Kingambit||BlackGlasses|Defiant|KowtowCleave,SuckerPunch,SwordsDance,Protect|||F|||50|,,,,,Ghost]Magmar||Eviolite|VitalSpirit|Overheat,WillOWisp,FollowMe,Protect|||F|||50|,,,,,Ghost
|inactive|Battle timer is ON: inactive players will automatically lose when time's up. (requested by matrod)
|inactive|matrod has 60 seconds left.
|inactive|matrod has 30 seconds left.
|inactive|matrod has 20 seconds left.
|inactive|matrod has 15 seconds left.
|inactive|matrod has 10 seconds left.
|inactive|matrod has 5 seconds left.
|
|t:|1756268130
|teamsize|p1|4
|teamsize|p2|4
|start
|switch|p1a: Palafin|Palafin, L50, F|100/100
|switch|p1b: Archaludon|Archaludon, L50, F|100/100
|switch|p2a: Kingambit|Kingambit, L50, F|100/100
|switch|p2b: Rillaboom|Rillaboom, L50, M|100/100
|-fieldstart|move: Grassy Terrain|[from] ability: Grassy Surge|[of] p2b: Rillaboom
|turn|1
|
|t:|1756268153
|detailschange|p1a: Palafin|Palafin-Hero, L50, F
|switch|p1a: Amoonguss|Amoonguss, L50, F, shiny|100/100
|move|p2b: Rillaboom|Fake Out|p1b: Archaludon
|-resisted|p1b: Archaludon
|-damage|p1b: Archaludon|95/100
|-ability|p1b: Archaludon|Stamina|boost
|-boost|p1b: Archaludon|def|1
|cant|p1b: Archaludon|flinch
|move|p2a: Kingambit|Kowtow Cleave|p1a: Amoonguss
|-damage|p1a: Amoonguss|43/100
|-enditem|p1a: Amoonguss|Sitrus Berry|[eat]
|-heal|p1a: Amoonguss|68/100|[from] item: Sitrus Berry
|
|-heal|p1b: Archaludon|100/100|[from] Grassy Terrain
|-heal|p1a: Amoonguss|74/100|[from] Grassy Terrain
|upkeep
|turn|2
|inactive|matrod has 30 seconds left.
|
|t:|1756268181
|switch|p1a: Palafin|Palafin-Hero, L50, F|100/100
|-activate|p1a: Palafin|ability: Zero to Hero
|move|p2a: Kingambit|Protect|p2a: Kingambit
|-singleturn|p2a: Kingambit|Protect
|move|p1b: Archaludon|Electro Shot||[still]
|-prepare|p1b: Archaludon|Electro Shot
|-boost|p1b: Archaludon|spa|1
|move|p2b: Rillaboom|High Horsepower|p1a: Palafin
|-damage|p1a: Palafin|65/100
|
|-heal|p1a: Palafin|71/100|[from] Grassy Terrain
|upkeep
|turn|3
|inactive|dfdfdfgdfdt has 30 seconds left.
|inactive|dfdfdfgdfdt has 20 seconds left.
|
|t:|1756268218
|switch|p1a: Amoonguss|Amoonguss, L50, F, shiny|100/100
|switch|p2a: Dragapult|Dragapult, L50, F|100/100
|move|p1b: Archaludon|Electro Shot|p2a: Dragapult|[from] lockedmove
|-resisted|p2a: Dragapult
|-damage|p2a: Dragapult|59/100
|move|p2b: Rillaboom|Wood Hammer|p1a: Amoonguss
|-resisted|p1a: Amoonguss
|-damage|p1a: Amoonguss|79/100
|-damage|p2b: Rillaboom|93/100|[from] Recoil
|
|-heal|p2a: Dragapult|65/100|[from] Grassy Terrain
|-heal|p2b: Rillaboom|99/100|[from] Grassy Terrain
|-heal|p1a: Amoonguss|85/100|[from] Grassy Terrain
|upkeep
|turn|4
|inactive|matrod has 30 seconds left.
|inactive|dfdfdfgdfdt has 30 seconds left.
|inactive|dfdfdfgdfdt has 20 seconds left.
|inactive|matrod has 20 seconds left.
|inactive|dfdfdfgdfdt has 15 seconds left.
|
|t:|1756268261
|move|p2a: Dragapult|Phantom Force||[still]
|-prepare|p2a: Dragapult|Phantom Force
|move|p1b: Archaludon|Electro Shot||[still]
|-prepare|p1b: Archaludon|Electro Shot
|-boost|p1b: Archaludon|spa|1
|move|p2b: Rillaboom|High Horsepower|p1a: Amoonguss
|-damage|p1a: Amoonguss|52/100
|move|p1a: Amoonguss|Spore|p2a: Dragapult|[miss]
|-miss|p1a: Amoonguss|p2a: Dragapult
|
|-heal|p2b: Rillaboom|100/100|[from] Grassy Terrain
|-heal|p1a: Amoonguss|58/100|[from] Grassy Terrain
|upkeep
|turn|5
|inactive|dfdfdfgdfdt has 30 seconds left.
|
|t:|1756268287
|switch|p1a: Pelipper|Pelipper, L50, M|100/100
|-weather|RainDance|[from] ability: Drizzle|[of] p1a: Pelipper
|move|p2a: Dragapult|Phantom Force|p1a: Pelipper|[from] lockedmove
|-damage|p1a: Pelipper|7/100
|move|p1b: Archaludon|Electro Shot|p2b: Rillaboom|[from] lockedmove
|-resisted|p2b: Rillaboom
|-damage|p2b: Rillaboom|67/100
|move|p2b: Rillaboom|High Horsepower|p1a: Pelipper
|-immune|p1a: Pelipper
|
|-weather|RainDance|[upkeep]
|-heal|p2a: Dragapult|71/100|[from] Grassy Terrain
|-heal|p2b: Rillaboom|73/100|[from] Grassy Terrain
|-fieldend|move: Grassy Terrain
|upkeep
|turn|6
|inactive|matrod has 30 seconds left.
|inactive|dfdfdfgdfdt has 30 seconds left.
|inactive|matrod has 20 seconds left.
|inactive|matrod has 15 seconds left.
|inactive|dfdfdfgdfdt has 20 seconds left.
|inactive|dfdfdfgdfdt has 15 seconds left.
|
|t:|1756268333
|switch|p1a: Amoonguss|Amoonguss, L50, F, shiny|91/100
|move|p2a: Dragapult|Phantom Force||[still]
|-prepare|p2a: Dragapult|Phantom Force
|move|p1b: Archaludon|Electro Shot||[still]
|-prepare|p1b: Archaludon|Electro Shot
|-boost|p1b: Archaludon|spa|1
|-anim|p1b: Archaludon|Electro Shot|p2b: Rillaboom
|-resisted|p2b: Rillaboom
|-damage|p2b: Rillaboom|36/100
|move|p2b: Rillaboom|Grassy Glide|p1a: Amoonguss
|-resisted|p1a: Amoonguss
|-damage|p1a: Amoonguss|84/100
|
|-weather|RainDance|[upkeep]
|upkeep
|turn|7
|
|t:|1756268353
|switch|p2b: Sneasler|Sneasler, L50, F|100/100
|move|p1a: Amoonguss|Protect|p1a: Amoonguss
|-singleturn|p1a: Amoonguss|Protect
|move|p2a: Dragapult|Phantom Force|p1a: Amoonguss|[from] lockedmove
|-activate|p1a: Amoonguss|move: Phantom Force|[broken]
|-damage|p1a: Amoonguss|15/100
|move|p1b: Archaludon|Electro Shot||[still]
|-prepare|p1b: Archaludon|Electro Shot
|-boost|p1b: Archaludon|spa|1
|-anim|p1b: Archaludon|Electro Shot|p2a: Dragapult
|-resisted|p2a: Dragapult
|-crit|p2a: Dragapult
|-damage|p2a: Dragapult|0 fnt
|faint|p2a: Dragapult
|
|-weather|RainDance|[upkeep]
|upkeep
|
|t:|1756268370
|switch|p2a: Kingambit|Kingambit, L50, F|100/100
|turn|8
|
|t:|1756268395
|move|p1a: Amoonguss|Rage Powder|p1a: Amoonguss
|-singleturn|p1a: Amoonguss|move: Rage Powder
|move|p2b: Sneasler|Dire Claw|p1a: Amoonguss
|-damage|p1a: Amoonguss|0 fnt
|faint|p1a: Amoonguss
|move|p1b: Archaludon|Electro Shot||[still]
|-prepare|p1b: Archaludon|Electro Shot
|-boost|p1b: Archaludon|spa|1
|-anim|p1b: Archaludon|Electro Shot|p2b: Sneasler
|-enditem|p2b: Sneasler|Focus Sash
|-damage|p2b: Sneasler|1/100
|move|p2a: Kingambit|Swords Dance|p2a: Kingambit
|-boost|p2a: Kingambit|atk|2
|
|-weather|RainDance|[upkeep]
|upkeep
|inactive|matrod has 30 seconds left.
|
|t:|1756268423
|switch|p1a: Palafin|Palafin-Hero, L50, F|71/100
|turn|9
|inactive|dfdfdfgdfdt has 30 seconds left.
|
|t:|1756268450
|-terastallize|p1a: Palafin|Water
|move|p2b: Sneasler|Protect|p2b: Sneasler
|-singleturn|p2b: Sneasler|Protect
|move|p2a: Kingambit|Protect|p2a: Kingambit
|-singleturn|p2a: Kingambit|Protect
|move|p1a: Palafin|Jet Punch|p2b: Sneasler
|-activate|p2b: Sneasler|move: Protect
|move|p1b: Archaludon|Electro Shot||[still]
|-prepare|p1b: Archaludon|Electro Shot
|-boost|p1b: Archaludon|spa|1
|-anim|p1b: Archaludon|Electro Shot|p2a: Kingambit
|-activate|p2a: Kingambit|move: Protect
|
|-weather|none
|upkeep
|turn|10
|inactive|matrod has 30 seconds left.
|inactive|dfdfdfgdfdt has 30 seconds left.
|inactive|matrod has 20 seconds left.
|inactive|dfdfdfgdfdt has 20 seconds left.
|inactive|matrod has 15 seconds left.
|inactive|dfdfdfgdfdt has 15 seconds left.
|inactive|matrod has 10 seconds left.
|
|t:|1756268497
|switch|p2b: Rillaboom|Rillaboom, L50, M|36/100
|-fieldstart|move: Grassy Terrain|[from] ability: Grassy Surge|[of] p2b: Rillaboom
|switch|p1b: Pelipper|Pelipper, L50, M|7/100
|-weather|RainDance|[from] ability: Drizzle|[of] p1b: Pelipper
|-terastallize|p2a: Kingambit|Ghost
|move|p1a: Palafin|Jet Punch|p2b: Rillaboom
|-resisted|p2b: Rillaboom
|-damage|p2b: Rillaboom|0 fnt
|faint|p2b: Rillaboom
|move|p2a: Kingambit|Kowtow Cleave|p1a: Palafin
|-damage|p1a: Palafin|0 fnt
|faint|p1a: Palafin
|
|-weather|RainDance|[upkeep]
|upkeep
|c|☆matrod|Nooo i didnt mean to do that
|
|t:|1756268511
|switch|p1a: Archaludon|Archaludon, L50, F|100/100
|switch|p2b: Sneasler|Sneasler, L50, F|1/100
|turn|11
|
|t:|1756268518
|move|p1b: Pelipper|Protect|p1b: Pelipper
|-singleturn|p1b: Pelipper|Protect
|move|p2b: Sneasler|Dire Claw|p1b: Pelipper
|-activate|p1b: Pelipper|move: Protect
|move|p1a: Archaludon|Electro Shot||[still]
|-prepare|p1a: Archaludon|Electro Shot
|-boost|p1a: Archaludon|spa|1
|-anim|p1a: Archaludon|Electro Shot|p2b: Sneasler
|-damage|p2b: Sneasler|0 fnt
|faint|p2b: Sneasler
|move|p2a: Kingambit|Kowtow Cleave|p1a: Archaludon
|-damage|p1a: Archaludon|21/100
|-ability|p1a: Archaludon|Stamina|boost
|-boost|p1a: Archaludon|def|1
|
|-weather|RainDance|[upkeep]
|-heal|p1a: Archaludon|27/100|[from] Grassy Terrain
|upkeep
|turn|12
|inactive|dfdfdfgdfdt has 30 seconds left.
|
|t:|1756268556
|move|p1b: Pelipper|Protect|p1b: Pelipper
|-singleturn|p1b: Pelipper|Protect
|move|p2a: Kingambit|Protect|p2a: Kingambit
|-singleturn|p2a: Kingambit|Protect
|move|p1a: Archaludon|Draco Meteor|p2a: Kingambit
|-activate|p2a: Kingambit|move: Protect
|
|-weather|RainDance|[upkeep]
|-heal|p1a: Archaludon|33/100|[from] Grassy Terrain
|upkeep
|turn|13
|
|t:|1756268572
|move|p2a: Kingambit|Sucker Punch|p1a: Archaludon
|-damage|p1a: Archaludon|0 fnt
|faint|p1a: Archaludon
|move|p1b: Pelipper|Tailwind|p1b: Pelipper
|-sidestart|p1: matrod|move: Tailwind
|
|-weather|RainDance|[upkeep]
|upkeep
|turn|14
|
|t:|1756268576
|move|p1b: Pelipper|Muddy Water|p2a: Kingambit
|-damage|p2a: Kingambit|47/100
|-unboost|p2a: Kingambit|accuracy|1
|-ability|p2a: Kingambit|Defiant|boost
|-boost|p2a: Kingambit|atk|2
|move|p2a: Kingambit|Kowtow Cleave|p1b: Pelipper
|-damage|p1b: Pelipper|0 fnt
|faint|p1b: Pelipper
|
|win|dfdfdfgdfdt
||matrod is ready for game 2.
||dfdfdfgdfdt is ready for game 2.
|uhtml|next|Next: Game 2 of 3
|l|☆matrod
|player|p1|
