|j|☆jasonbeak
|j|☆Huasometa
|html|jasonbeakHuasometa    
|uhtml|bestof|Game 2 of a best-of-3
|t:|1785045027
|gametype|doubles
|player|p1|jasonbeak|2|1239
|player|p2|Huasometa|elesa|1303
|gen|9
|tier|[Gen 9 Champions] VGC 2026 Reg M-B (Bo3)
|rated|
|rule|Species Clause: Limit one of each Pokémon
|rule|Item Clause: Limit 1 of each item
|clearpoke
|poke|p1|Kingambit, L50, F|
|poke|p1|Sneasler, L50, F|
|poke|p1|Basculegion, L50, M|
|poke|p1|Scovillain, L50, F|
|poke|p1|Lycanroc-Dusk, L50, F|
|poke|p1|Froslass, L50, F|
|poke|p2|Chandelure, L50, F|
|poke|p2|Kangaskhan, L50, F|
|poke|p2|Sylveon, L50, F|
|poke|p2|Archaludon, L50, F|
|poke|p2|Rotom-Wash, L50|
|poke|p2|Meowscarada, L50, M|
|teampreview|4
|showteam|p1|Kingambit||BlackGlasses|Defiant|Protect,KowtowCleave,SuckerPunch,SwordsDance|Adamant||F|||50|]Sneasler||WhiteHerb|Unburden|Protect,CloseCombat,FakeOut,GunkShot|Adamant||F|||50|]Basculegion||LifeOrb|Adaptability|Protect,WaveCrash,LastRespects,AquaJet|Jolly||M|||50|]Scovillain||Scovillainite|Moody|Protect,Overheat,GigaDrain,RagePowder|Bold||F|||50|]Lycanroc-Dusk||FocusSash|ToughClaws|Protect,RockSlide,Accelerock,CloseCombat|Adamant||F|||50|]Froslass||Froslassite|CursedBody|Protect,Blizzard,ShadowBall,Taunt|Timid||F|||50|
|showteam|p2|Chandelure||FocusSash|FlashFire|HeatWave,ShadowBall,TrickRoom,Taunt|Quiet||F|||50|]Kangaskhan||Kangaskhanite|InnerFocus|FakeOut,DoubleEdge,SuckerPunch,HammerArm|Brave||F|||50|]Sylveon||FairyFeather|Pixilate|HyperVoice,Protect,HyperBeam,HelpingHand|Quiet||F|||50|]Archaludon||Leftovers|Stamina|AuraSphere,DracoMeteor,FlashCannon,Protect|Quiet||F|||50|]Rotom-Wash||SitrusBerry|Levitate|ThunderWave,VoltSwitch,HydroPump,Protect|Calm|||||50|]Meowscarada||LifeOrb|Overgrow|KnockOff,FlowerTrick,TripleAxel,Protect|Jolly||M|||50|
|
|t:|1785045103
|teamsize|p1|4
|teamsize|p2|4
|start
|switch|p1a: Froslass|Froslass, L50, F|100/100
|switch|p1b: Sneasler|Sneasler, L50, F|100/100
|switch|p2a: Meowscarada|Meowscarada, L50, M|100/100
|switch|p2b: Rotom|Rotom-Wash, L50|100/100
|turn|1
|
|t:|1785045148
|detailschange|p1a: Froslass|Froslass-Mega, L50, F
|-mega|p1a: Froslass|Froslass|Froslassite
|-weather|Snowscape|[from] ability: Snow Warning|[of] p1a: Froslass
|move|p1b: Sneasler|Fake Out|p2b: Rotom
|-damage|p2b: Rotom|85/100
|move|p2a: Meowscarada|Knock Off|p1a: Froslass
|-supereffective|p1a: Froslass|1
|-damage|p1a: Froslass|22/100
|-damage|p2a: Meowscarada|90/100|[from] item: Life Orb
|move|p1a: Froslass|Blizzard|p2b: Rotom|[spread] p2a,p2b
|-supereffective|p2a: Meowscarada|1
|-resisted|p2b: Rotom|1
|-damage|p2a: Meowscarada|0 fnt
|-damage|p2b: Rotom|70/100
|faint|p2a: Meowscarada
|cant|p2b: Rotom|flinch
|
|-weather|Snowscape|[upkeep]
|upkeep
|
|t:|1785045161
|switch|p2a: Kangaskhan|Kangaskhan, L50, F|100/100
|turn|2
|
|t:|1785045172
|detailschange|p2a: Kangaskhan|Kangaskhan-Mega, L50, F
|-mega|p2a: Kangaskhan|Kangaskhan|Kangaskhanite
|move|p2a: Kangaskhan|Fake Out|p1b: Sneasler
|-damage|p1b: Sneasler|73/100
|-damage|p1b: Sneasler|68/100
|-hitcount|p1b: Sneasler|2
|move|p1a: Froslass|Taunt|p2b: Rotom
|-start|p2b: Rotom|move: Taunt
|cant|p1b: Sneasler|flinch
|move|p2b: Rotom|Volt Switch|p1b: Sneasler
|-damage|p1b: Sneasler|36/100
|
|t:|1785045184
|switch|p2b: Chandelure|Chandelure, L50, F|100/100|[from] Volt Switch
|
|-weather|Snowscape|[upkeep]
|upkeep
|turn|3
|
|t:|1785045193
|switch|p2a: Rotom|Rotom-Wash, L50|70/100
|move|p1a: Froslass|Taunt|p2b: Chandelure
|-start|p2b: Chandelure|move: Taunt
|move|p1b: Sneasler|Close Combat|p2a: Rotom
|-damage|p2a: Rotom|13/100
|-unboost|p1b: Sneasler|def|1
|-unboost|p1b: Sneasler|spd|1
|-enditem|p2a: Rotom|Sitrus Berry|[eat]
|-heal|p2a: Rotom|38/100|[from] item: Sitrus Berry
|-enditem|p1b: Sneasler|White Herb
|-clearnegativeboost|p1b: Sneasler|[silent]
|move|p2b: Chandelure|Heat Wave|p1a: Froslass|[spread] p1a,p1b
|-supereffective|p1a: Froslass|1
|-damage|p1a: Froslass|0 fnt
|-damage|p1b: Sneasler|0 fnt
|faint|p1a: Froslass
|faint|p1b: Sneasler
|
|-weather|Snowscape|[upkeep]
|upkeep
|
|t:|1785045211
|switch|p1a: Kingambit|Kingambit, L50, F|100/100
|switch|p1b: Basculegion|Basculegion, L50, M|100/100
|turn|4
|
|t:|1785045230
|move|p1a: Kingambit|Sucker Punch|p2b: Chandelure
|-supereffective|p2b: Chandelure|1
|-enditem|p2b: Chandelure|Focus Sash
|-damage|p2b: Chandelure|1/100
|move|p1b: Basculegion|Wave Crash|p2b: Chandelure
|-supereffective|p2b: Chandelure|1
|-damage|p2b: Chandelure|0 fnt
|faint|p2b: Chandelure
|-damage|p1b: Basculegion|99/100|[from] Recoil
|-damage|p1b: Basculegion|89/100|[from] item: Life Orb
|move|p2a: Rotom|Volt Switch|p1b: Basculegion
|-supereffective|p1b: Basculegion|1
|-damage|p1b: Basculegion|28/100
|
|t:|1785045242
|switch|p2a: Kangaskhan|Kangaskhan-Mega, L50, F|100/100|[from] Volt Switch
|
|-weather|Snowscape|[upkeep]
|upkeep
|
|t:|1785045245
|switch|p2b: Rotom|Rotom-Wash, L50|38/100
|turn|5
|
|t:|1785045260
|move|p1b: Basculegion|Protect|p1b: Basculegion
|-singleturn|p1b: Basculegion|Protect
|move|p2b: Rotom|Protect|p2b: Rotom
|-singleturn|p2b: Rotom|Protect
|move|p1a: Kingambit|Protect|p1a: Kingambit
|-singleturn|p1a: Kingambit|Protect
|move|p2a: Kangaskhan|Hammer Arm|p1a: Kingambit
|-activate|p1a: Kingambit|move: Protect
|
|-weather|none
|upkeep
|turn|6
|
|t:|1785045287
|move|p2a: Kangaskhan|Sucker Punch|p1b: Basculegion
|-supereffective|p1b: Basculegion|1
|-damage|p1b: Basculegion|0 fnt
|faint|p1b: Basculegion
|move|p1a: Kingambit|Sucker Punch||[still]
|-fail|p1a: Kingambit
|move|p2b: Rotom|Thunder Wave|p1a: Kingambit
|-status|p1a: Kingambit|par
|
|upkeep
|turn|7
|
|t:|1785045299
|move|p1a: Kingambit|Sucker Punch|p2a: Kangaskhan
|-damage|p2a: Kangaskhan|63/100
|move|p2a: Kangaskhan|Hammer Arm|p1a: Kingambit
|-supereffective|p1a: Kingambit|2
|-damage|p1a: Kingambit|0 fnt
|-unboost|p2a: Kangaskhan|spe|1
|faint|p1a: Kingambit
|
|win|Huasometa
||Huasometa is ready for game 3.
|inactive|jasonbeak has 30 seconds to confirm battle start!
|inactive|jasonbeak has 20 seconds to confirm battle start!
|inactive|jasonbeak has 10 seconds to confirm battle start!
||jasonbeak is ready for game 3.
|uhtml|next|Next: Game 3 of 3
