|j|☆stormyrat
|j|☆Mclovingods
|html|stormyratMclovingods    
|uhtml|bestof|Game 2 of a best-of-3
|t:|1782194809
|gametype|doubles
|player|p1|stormyrat|265|1170
|player|p2|Mclovingods|102|1121
|gen|9
|tier|[Gen 9 Champions] VGC 2026 Reg M-B (Bo3)
|rated|
|rule|Species Clause: Limit one of each Pokémon
|rule|Item Clause: Limit 1 of each item
|clearpoke
|poke|p1|Floette-Eternal, L50, F|
|poke|p1|Gholdengo, L50|
|poke|p1|Aerodactyl, L50, F|
|poke|p1|Incineroar, L50, M|
|poke|p1|Basculegion, L50, M|
|poke|p1|Rotom-Mow, L50|
|poke|p2|Delphox, L50, M|
|poke|p2|Basculegion, L50, M|
|poke|p2|Sinistcha, L50|
|poke|p2|Incineroar, L50, M|
|poke|p2|Garchomp, L50, F|
|poke|p2|Staraptor, L50, M|
|teampreview|4
|showteam|p1|Floette-Eternal||Floettite|FlowerVeil|Moonblast,LightofRuin,DazzlingGleam,Protect|Modest||F|||50|]Gholdengo||LifeOrb|GoodasGold|NastyPlot,ShadowBall,MakeItRain,Protect|Modest|||||50|]Aerodactyl||FocusSash|Unnerve|DualWingbeat,RockSlide,Tailwind,WideGuard|Jolly||F|||50|]Incineroar||SitrusBerry|Intimidate|FakeOut,PartingShot,DarkestLariat,FlareBlitz|Impish||M|||50|]Basculegion||MysticWater|Adaptability|Protect,WaveCrash,LastRespects,AquaJet|Jolly||M|||50|]Rotom-Mow||WideLens|Levitate|LeafStorm,Electroweb,VoltSwitch,Protect|Timid|||||50|
|showteam|p2|Delphox||Delphoxite|Blaze|NastyPlot,HeatWave,Psychic,Protect|Timid||M|||50|]Basculegion||MysticWater|Adaptability|WaveCrash,AquaJet,LastRespects,Protect|Jolly||M|||50|]Sinistcha||KasibBerry|Hospitality|MatchaGotcha,RagePowder,Protect,TrickRoom|Calm|||||50|]Incineroar||SitrusBerry|Intimidate|FakeOut,PartingShot,FlareBlitz,DarkestLariat|Careful||M|||50|]Garchomp||LifeOrb|RoughSkin|Earthquake,DragonClaw,RockSlide,Protect|Jolly||F|||50|]Staraptor||Staraptite|Intimidate|CloseCombat,BraveBird,Tailwind,Uturn|Jolly||M|||50|
|inactive|Battle timer is ON: inactive players will automatically lose when time's up. (requested by stormyrat)
|
|t:|1782194828
|teamsize|p1|4
|teamsize|p2|4
|start
|switch|p1a: Aerodactyl|Aerodactyl, L50, F|100/100
|switch|p1b: Incineroar|Incineroar, L50, M|100/100
|switch|p2a: Incineroar|Incineroar, L50, M|100/100
|switch|p2b: Staraptor|Staraptor, L50, M|100/100
|-ability|p1a: Aerodactyl|Unnerve
|-ability|p2b: Staraptor|Intimidate|boost
|-unboost|p1a: Aerodactyl|atk|1
|-unboost|p1b: Incineroar|atk|1
|-ability|p2a: Incineroar|Intimidate|boost
|-unboost|p1a: Aerodactyl|atk|1
|-unboost|p1b: Incineroar|atk|1
|-ability|p1b: Incineroar|Intimidate|boost
|-unboost|p2a: Incineroar|atk|1
|-unboost|p2b: Staraptor|atk|1
|turn|1
|
|t:|1782194848
|switch|p2b: Delphox|Delphox, L50, M|100/100
|move|p2a: Incineroar|Fake Out|p1a: Aerodactyl
|-resisted|p1a: Aerodactyl|1
|-damage|p1a: Aerodactyl|94/100
|move|p1b: Incineroar|Fake Out|p2a: Incineroar
|-damage|p2a: Incineroar|95/100
|cant|p1a: Aerodactyl|flinch
|
|upkeep
|turn|2
|
|t:|1782194860
|detailschange|p2b: Delphox|Delphox-Mega, L50, M
|-mega|p2b: Delphox|Delphox|Delphoxite
|move|p2b: Delphox|Protect|p2b: Delphox
|-singleturn|p2b: Delphox|Protect
|move|p1a: Aerodactyl|Tailwind|p1a: Aerodactyl
|-sidestart|p1: stormyrat|move: Tailwind
|move|p1b: Incineroar|Darkest Lariat|p2b: Delphox
|-activate|p2b: Delphox|move: Protect
|move|p2a: Incineroar|Parting Shot|p1a: Aerodactyl
|-unboost|p1a: Aerodactyl|atk|1
|-unboost|p1a: Aerodactyl|spa|1
|
|t:|1782194872
|switch|p2a: Sinistcha|Sinistcha, L50|100/100|[from] Parting Shot
|
|upkeep
|turn|3
|
|t:|1782194880
|switch|p1a: Basculegion|Basculegion, L50, M|100/100
|move|p2a: Sinistcha|Rage Powder|p2a: Sinistcha
|-singleturn|p2a: Sinistcha|move: Rage Powder
|move|p2b: Delphox|Nasty Plot|p2b: Delphox
|-boost|p2b: Delphox|spa|2
|move|p1b: Incineroar|Parting Shot|p2a: Sinistcha
|-unboost|p2a: Sinistcha|atk|1
|-unboost|p2a: Sinistcha|spa|1
|
|t:|1782194888
|switch|p1b: Aerodactyl|Aerodactyl, L50, F|94/100|[from] Parting Shot
|-ability|p1b: Aerodactyl|Unnerve
|
|upkeep
|turn|4
|
|t:|1782194898
|switch|p2a: Incineroar|Incineroar, L50, M|95/100
|-ability|p2a: Incineroar|Intimidate|boost
|-unboost|p1a: Basculegion|atk|1
|-unboost|p1b: Aerodactyl|atk|1
|move|p2b: Delphox|Protect|p2b: Delphox
|-singleturn|p2b: Delphox|Protect
|move|p1b: Aerodactyl|Dual Wingbeat|p2a: Incineroar
|-damage|p2a: Incineroar|84/100
|-damage|p2a: Incineroar|74/100
|-hitcount|p2a: Incineroar|2
|move|p1a: Basculegion|Wave Crash|p2b: Delphox
|-activate|p2b: Delphox|move: Protect
|
|upkeep
|turn|5
|
|t:|1782194919
|move|p2a: Incineroar|Fake Out|p1b: Aerodactyl
|-resisted|p1b: Aerodactyl|1
|-damage|p1b: Aerodactyl|86/100
|cant|p1b: Aerodactyl|flinch
|move|p1a: Basculegion|Wave Crash|p2b: Delphox
|-supereffective|p2b: Delphox|1
|-damage|p2b: Delphox|0 fnt
|faint|p2b: Delphox
|-damage|p1a: Basculegion|74/100|[from] Recoil
|
|-sideend|p1: stormyrat|move: Tailwind
|upkeep
|
|t:|1782194927
|switch|p2b: Sinistcha|Sinistcha, L50|100/100
|-heal|p2a: Incineroar|99/100|[from] ability: Hospitality|[of] p2b: Sinistcha
|turn|6
|
|t:|1782194933
|move|p1b: Aerodactyl|Tailwind|p1b: Aerodactyl
|-sidestart|p1: stormyrat|move: Tailwind
|move|p1a: Basculegion|Wave Crash|p2a: Incineroar
|-supereffective|p2a: Incineroar|1
|-damage|p2a: Incineroar|0 fnt
|faint|p2a: Incineroar
|-damage|p1a: Basculegion|41/100|[from] Recoil
|move|p2b: Sinistcha|Matcha Gotcha|p1b: Aerodactyl|[spread] p1a,p1b
|-supereffective|p1a: Basculegion|1
|-damage|p1a: Basculegion|0 fnt
|-damage|p1b: Aerodactyl|53/100
|-status|p1b: Aerodactyl|brn
|faint|p1a: Basculegion
|
|-damage|p1b: Aerodactyl|47/100 brn|[from] brn
|upkeep
|
|t:|1782194939
|switch|p1a: Incineroar|Incineroar, L50, M|100/100
|switch|p2a: Staraptor|Staraptor, L50, M|100/100
|-ability|p2a: Staraptor|Intimidate|boost
|-unboost|p1a: Incineroar|atk|1
|-unboost|p1b: Aerodactyl|atk|1
|-ability|p1a: Incineroar|Intimidate|boost
|-unboost|p2a: Staraptor|atk|1
|-unboost|p2b: Sinistcha|atk|1
|turn|7
|inactive|stormyrat has 30 seconds left.
|
|t:|1782194969
|switch|p1b: Floette|Floette-Eternal, L50, F|100/100
|move|p2b: Sinistcha|Protect|p2b: Sinistcha
|-singleturn|p2b: Sinistcha|Protect
|move|p1a: Incineroar|Fake Out|p2a: Staraptor
|-damage|p2a: Staraptor|89/100
|cant|p2a: Staraptor|flinch
|
|upkeep
|turn|8
|
|t:|1782194989
|detailschange|p1b: Floette|Floette-Mega, L50, F
|-mega|p1b: Floette|Floette|Floettite
|-ability|p1b: Floette|Fairy Aura
|move|p1b: Floette|Dazzling Gleam|p2a: Staraptor|[spread] p2a,p2b
|-damage|p2a: Staraptor|9/100
|-damage|p2b: Sinistcha|58/100
|move|p2a: Staraptor|Brave Bird|p1b: Floette
|-damage|p1b: Floette|57/100
|-damage|p2a: Staraptor|0 fnt|[from] Recoil
|faint|p2a: Staraptor
|move|p1a: Incineroar|Flare Blitz|p2b: Sinistcha
|-supereffective|p2b: Sinistcha|1
|-damage|p2b: Sinistcha|3/100
|-damage|p1a: Incineroar|84/100|[from] Recoil
|move|p2b: Sinistcha|Trick Room|p2b: Sinistcha
|-fieldstart|move: Trick Room|[of] p2b: Sinistcha
|
|upkeep
|turn|9
|-message|Mclovingods forfeited.
|
|win|stormyrat
|l|☆Mclovingods
|player|p2|
||Mclovingods is ready for game 3.
