|j|☆EpiclyEpicGamerW
|j|☆RamonTheKiller
|html|EpiclyEpicGamerWRamonTheKiller    
|uhtml|bestof|Game 2 of a best-of-3
|t:|1754969885
|gametype|doubles
|player|p1|EpiclyEpicGamerW|red-masters|1159
|player|p2|RamonTheKiller|palmer|1182
|gen|9
|tier|[Gen 9] VGC 2025 Reg H (Bo3)
|rated|
|rule|Species Clause: Limit one of each Pokémon
|rule|Item Clause: Limit 1 of each item
|clearpoke
|poke|p1|Sneasler, L50, M|
|poke|p1|Indeedee, L50, M|
|poke|p1|Ursaluna-Bloodmoon, L50, M|
|poke|p1|Annihilape, L50, F|
|poke|p1|Electabuzz, L50, F|
|poke|p1|Talonflame, L50, F|
|poke|p2|Incineroar, L50, F|
|poke|p2|Amoonguss, L50, M|
|poke|p2|Gholdengo, L50|
|poke|p2|Dragonite, L50, M|
|poke|p2|Ursaluna-Bloodmoon, L50, M|
|poke|p2|Sneasler, L50, F|
|teampreview|4
|showteam|p1|Sneasler||PsychicSeed|Unburden|DireClaw,CloseCombat,ThroatChop,Protect|||M|||50|,,,,,Dark]Indeedee||FocusSash|PsychicSurge|ExpandingForce,TeraBlast,Imprison,TrickRoom|||M|||50|,,,,,Fighting]Ursaluna-Bloodmoon||LifeOrb|MindsEye|BloodMoon,EarthPower,HyperVoice,Protect|||M|||50|,,,,,Normal]Annihilape||AssaultVest|Defiant|FinalGambit,RageFist,DrainPunch,Endeavor|||F|||50|,,,,,Grass]Electabuzz||Eviolite|VitalSpirit|FollowMe,Electroweb,Taunt,Protect|||F|||50|,,,,,Fairy]Talonflame||CovertCloak|GaleWings|BraveBird,WillOWisp,Tailwind,Taunt|||F|||50|,,,,,Flying
|showteam|p2|Incineroar||SafetyGoggles|Intimidate|KnockOff,FakeOut,PartingShot,FlareBlitz|||F|||50|,,,,,Ghost]Amoonguss||RockyHelmet|Regenerator|RagePowder,PollenPuff,Spore,Protect|||M|||50|,,,,,Fairy]Gholdengo||LifeOrb|GoodasGold|MakeItRain,ShadowBall,NastyPlot,Protect||||||50|,,,,,Water]Dragonite||LoadedDice|Multiscale|ScaleShot,Protect,Tailwind,Haze|||M|||50|,,,,,Fairy]Ursaluna-Bloodmoon||CovertCloak|MindsEye|BloodMoon,EarthPower,Protect,Yawn|||M|||50|,,,,,Poison]Sneasler||FocusSash|Unburden|DireClaw,CloseCombat,Protect,ThroatChop|||F|||50|,,,,,Stellar
|inactive|Battle timer is ON: inactive players will automatically lose when time's up. (requested by EpiclyEpicGamerW)
|inactive|EpiclyEpicGamerW has 60 seconds left.
|
|t:|1754969917
|teamsize|p1|4
|teamsize|p2|4
|start
|switch|p1a: Ursaluna|Ursaluna-Bloodmoon, L50, M|100/100
|switch|p1b: Electabuzz|Electabuzz, L50, F|100/100
|switch|p2a: Sneasler|Sneasler, L50, F|100/100
|switch|p2b: Dragonite|Dragonite, L50, M|100/100
|turn|1
|inactive|RamonTheKiller has 30 seconds left.
|
|t:|1754969942
|-terastallize|p2a: Sneasler|Stellar
|move|p1a: Ursaluna|Protect|p1a: Ursaluna
|-singleturn|p1a: Ursaluna|Protect
|move|p1b: Electabuzz|Electroweb|p2b: Dragonite|[spread] p2a,p2b
|-damage|p2a: Sneasler|81/100
|-damage|p2b: Dragonite|93/100
|-unboost|p2a: Sneasler|spe|1
|-unboost|p2b: Dragonite|spe|1
|move|p2a: Sneasler|Dire Claw|p1b: Electabuzz
|-crit|p1b: Electabuzz
|-damage|p1b: Electabuzz|3/100
|move|p2b: Dragonite|Scale Shot|p1a: Ursaluna
|-activate|p1a: Ursaluna|move: Protect
|
|upkeep
|turn|2
|inactive|EpiclyEpicGamerW has 30 seconds left.
|
|t:|1754969969
|-terastallize|p1a: Ursaluna|Normal
|move|p2a: Sneasler|Protect|p2a: Sneasler
|-singleturn|p2a: Sneasler|Protect
|move|p1b: Electabuzz|Electroweb|p2a: Sneasler|[spread] p2b
|-activate|p2a: Sneasler|move: Protect
|-damage|p2b: Dragonite|77/100
|-unboost|p2b: Dragonite|spe|1
|move|p1a: Ursaluna|Hyper Voice|p2a: Sneasler|[spread] p2b
|-activate|p2a: Sneasler|move: Protect
|-damage|p2b: Dragonite|9/100
|-damage|p1a: Ursaluna|91/100|[from] item: Life Orb
|move|p2b: Dragonite|Scale Shot|p1a: Ursaluna
|-damage|p1a: Ursaluna|80/100
|-damage|p1a: Ursaluna|68/100
|-damage|p1a: Ursaluna|57/100
|-crit|p1a: Ursaluna
|-damage|p1a: Ursaluna|39/100
|-hitcount|p1a: Ursaluna|4
|-unboost|p2b: Dragonite|def|1
|-boost|p2b: Dragonite|spe|1
|
|upkeep
|turn|3
|inactive|RamonTheKiller has 30 seconds left.
|
|t:|1754969995
|switch|p2a: Gholdengo|Gholdengo, L50|100/100
|move|p1b: Electabuzz|Electroweb|p2a: Gholdengo|[spread] p2a,p2b
|-damage|p2a: Gholdengo|86/100
|-damage|p2b: Dragonite|0 fnt
|-unboost|p2a: Gholdengo|spe|1
|faint|p2b: Dragonite
|move|p1a: Ursaluna|Hyper Voice|p2a: Gholdengo
|-resisted|p2a: Gholdengo
|-damage|p2a: Gholdengo|38/100
|-damage|p1a: Ursaluna|29/100|[from] item: Life Orb
|
|upkeep
|
|t:|1754970008
|switch|p2b: Incineroar|Incineroar, L50, F|100/100
|-ability|p2b: Incineroar|Intimidate|boost
|-unboost|p1a: Ursaluna|atk|1
|-unboost|p1b: Electabuzz|atk|1
|turn|4
|
|t:|1754970016
|switch|p2a: Sneasler|Sneasler, L50, F, tera:Stellar|81/100
|move|p1b: Electabuzz|Protect|p1b: Electabuzz
|-singleturn|p1b: Electabuzz|Protect
|move|p1a: Ursaluna|Protect|p1a: Ursaluna
|-singleturn|p1a: Ursaluna|Protect
|move|p2b: Incineroar|Fake Out|p1b: Electabuzz
|-activate|p1b: Electabuzz|move: Protect
|
|upkeep
|turn|5
|inactive|EpiclyEpicGamerW has 30 seconds left.
|
|t:|1754970048
|move|p2a: Sneasler|Protect|p2a: Sneasler
|-singleturn|p2a: Sneasler|Protect
|move|p1b: Electabuzz|Electroweb|p2a: Sneasler|[spread] p2b
|-activate|p2a: Sneasler|move: Protect
|-damage|p2b: Incineroar|88/100
|-unboost|p2b: Incineroar|spe|1
|move|p1a: Ursaluna|Blood Moon|p2b: Incineroar
|-damage|p2b: Incineroar|0 fnt
|faint|p2b: Incineroar
|-damage|p1a: Ursaluna|20/100|[from] item: Life Orb
|
|upkeep
|
|t:|1754970060
|switch|p2b: Gholdengo|Gholdengo, L50|38/100
|turn|6
|
|t:|1754970068
|move|p1a: Ursaluna|Protect|p1a: Ursaluna
|-singleturn|p1a: Ursaluna|Protect
|move|p1b: Electabuzz|Electroweb|p2b: Gholdengo|[spread] p2a,p2b
|-damage|p2a: Sneasler|61/100
|-damage|p2b: Gholdengo|22/100
|-unboost|p2a: Sneasler|spe|1
|-unboost|p2b: Gholdengo|spe|1
|move|p2a: Sneasler|Dire Claw|p1a: Ursaluna
|-activate|p1a: Ursaluna|move: Protect
|move|p2b: Gholdengo|Shadow Ball|p1b: Electabuzz
|-damage|p1b: Electabuzz|0 fnt
|faint|p1b: Electabuzz
|-damage|p2b: Gholdengo|12/100|[from] item: Life Orb
|
|upkeep
|
|t:|1754970081
|switch|p1b: Indeedee|Indeedee, L50, M|100/100
|-fieldstart|move: Psychic Terrain|[from] ability: Psychic Surge|[of] p1b: Indeedee
|turn|7
|-message|RamonTheKiller forfeited.
|
|win|EpiclyEpicGamerW
|raw|EpiclyEpicGamerW's rating: 1159 → 1186(+27 for winning)
|raw|RamonTheKiller's rating: 1182 → 1155(-27 for losing)
