|j|☆TemporalDonut
|j|☆dahdbod
|html|TemporalDonutdahdbod    
|uhtml|bestof|Game 3 of a best-of-3
|t:|1783901035
|gametype|doubles
|player|p1|TemporalDonut|ingo|
|player|p2|dahdbod|petrel|
|gen|9
|tier|[Gen 9 Champions] VGC 2026 Reg M-B (Bo3)
|rule|Species Clause: Limit one of each Pokémon
|rule|Item Clause: Limit 1 of each item
|clearpoke
|poke|p1|Gengar, L50, F|
|poke|p1|Maushold, L50|
|poke|p1|Incineroar, L50, M|
|poke|p1|Altaria, L50, M|
|poke|p1|Blaziken, L50, M|
|poke|p1|Kingambit, L50, M|
|poke|p2|Swampert, L50, F, shiny|
|poke|p2|Pelipper, L50, F|
|poke|p2|Archaludon, L50, M|
|poke|p2|Overqwil, L50, F|
|poke|p2|Grimmsnarl, L50, M|
|poke|p2|Sinistcha, L50, shiny|
|teampreview|4
|showteam|p1|Gengar||Gengarite|CursedBody|ShadowBall,PerishSong,Disable,Protect|Timid||F|||50|]Maushold||ChopleBerry|FriendGuard|SuperFang,FollowMe,Encore,Protect|Jolly|||||50|]Incineroar||Leftovers|Intimidate|ThroatChop,PartingShot,FakeOut,Protect|Sassy||M|||50|]Altaria||SitrusBerry|CloudNine|BreakingSwipe,WillOWisp,PerishSong,Protect|Relaxed||M|||50|]Blaziken||Blazikenite|SpeedBoost|FlareBlitz,CloseCombat,RockSlide,Protect|Adamant||M|||50|]Kingambit||FocusSash|Defiant|KowtowCleave,SuckerPunch,Protect,SwordsDance|Adamant||M|||50|
|showteam|p2|Swampert||Swampertite|Torrent|WaveCrash,HighHorsepower,IcePunch,Protect|Adamant||F|||50|]Pelipper||LifeOrb|Drizzle|Hurricane,WeatherBall,Tailwind,Protect|Timid||F|||50|]Archaludon||Leftovers|Stamina|FlashCannon,DragonPulse,ElectroShot,Protect|Modest||M|||50|]Overqwil||FocusSash|SwiftSwim|GunkShot,RainDance,Crunch,Protect|Adamant||F|||50|]Grimmsnarl||LightClay|Prankster|SpiritBreak,PartingShot,LightScreen,Reflect|Careful||M|||50|]Sinistcha||KasibBerry|Hospitality|MatchaGotcha,RagePowder,LifeDew,TrickRoom|Bold|||||50|
|j| 5-3 merchant
|j| lemonancy
|j| raineyatwork
|j| the crimson tedidn
|j| vrocehpalon
|j| ShrimplyaSapphic
|j| PackOfCamelBlues
|j| triziateam
|c| PackOfCamelBlues|Good luck!
|c|☆TemporalDonut|o7
|c|☆dahdbod|gl :D
|l| raineyatwork
|j| LittleScreenGarby
|
|t:|1783901093
|teamsize|p1|4
|teamsize|p2|4
|start
|switch|p1a: Gengar|Gengar, L50, F|100/100
|switch|p1b: Maushold|Maushold, L50|100/100
|switch|p2a: Overqwil|Overqwil, L50, F|100/100
|switch|p2b: Grimmsnarl|Grimmsnarl, L50, M|100/100
|turn|1
|l| LittleScreenGarby
|
|t:|1783901125
|switch|p1a: Incineroar|Incineroar, L50, M|100/100
|-ability|p1a: Incineroar|Intimidate|boost
|-unboost|p2a: Overqwil|atk|1
|-unboost|p2b: Grimmsnarl|atk|1
|move|p2b: Grimmsnarl|Reflect|p2b: Grimmsnarl
|-sidestart|p2: dahdbod|Reflect
|move|p1b: Maushold|Super Fang|p2a: Overqwil
|-damage|p2a: Overqwil|50/100y
|move|p2a: Overqwil|Gunk Shot|p1b: Maushold
|-damage|p1b: Maushold|43/100
|
|upkeep
|turn|2
|l| triziateam
|j| triziateam
|j| Lepotatochip
|
|t:|1783901162
|switch|p1b: Gengar|Gengar, L50, F|100/100
|move|p2a: Overqwil|Protect|p2a: Overqwil
|-singleturn|p2a: Overqwil|Protect
|move|p1a: Incineroar|Fake Out|p2a: Overqwil
|-activate|p2a: Overqwil|move: Protect
|move|p2b: Grimmsnarl|Spirit Break|p1b: Gengar
|-resisted|p1b: Gengar|1
|-damage|p1b: Gengar|85/100
|-unboost|p1b: Gengar|spa|1
|
|upkeep
|turn|3
|
|t:|1783901221
|detailschange|p1b: Gengar|Gengar-Mega, L50, F
|-mega|p1b: Gengar|Gengar|Gengarite
|move|p1b: Gengar|Protect|p1b: Gengar
|-singleturn|p1b: Gengar|Protect
|move|p2b: Grimmsnarl|Light Screen|p2b: Grimmsnarl
|-sidestart|p2: dahdbod|move: Light Screen
|move|p2a: Overqwil|Rain Dance|p2a: Overqwil
|-weather|RainDance
|move|p1a: Incineroar|Parting Shot|p2b: Grimmsnarl
|-unboost|p2b: Grimmsnarl|atk|1
|-unboost|p2b: Grimmsnarl|spa|1
|
|t:|1783901229
|switch|p1a: Altaria|Altaria, L50, M|100/100|[from] Parting Shot
|-ability|p1a: Altaria|Cloud Nine
|
|-weather|RainDance|[upkeep]
|upkeep
|turn|4
|
|t:|1783901256
|switch|p1b: Incineroar|Incineroar, L50, M|100/100
|-ability|p1b: Incineroar|Intimidate|boost
|-unboost|p2a: Overqwil|atk|1
|-unboost|p2b: Grimmsnarl|atk|1
|move|p2b: Grimmsnarl|Parting Shot|p1b: Incineroar
|-hint|Since gen 7, Dark is immune to Prankster moves.
|-immune|p1b: Incineroar
|move|p2a: Overqwil|Crunch|p1b: Incineroar
|-resisted|p1b: Incineroar|1
|-damage|p1b: Incineroar|89/100
|move|p1a: Altaria|Will-O-Wisp|p2a: Overqwil|[miss]
|-miss|p1a: Altaria|p2a: Overqwil
|
|-weather|RainDance|[upkeep]
|-heal|p1b: Incineroar|95/100|[from] item: Leftovers
|upkeep
|turn|5
|l| PackOfCamelBlues
|
|t:|1783901290
|switch|p2a: Sinistcha|Sinistcha, L50, shiny|100/100
|move|p1a: Altaria|Perish Song|p1a: Altaria
|-start|p1a: Altaria|perish3|[silent]
|-start|p1b: Incineroar|perish3|[silent]
|-start|p2a: Sinistcha|perish3|[silent]
|-start|p2b: Grimmsnarl|perish3|[silent]
|-fieldactivate|move: Perish Song
|move|p2b: Grimmsnarl|Spirit Break|p1a: Altaria
|-supereffective|p1a: Altaria|1
|-damage|p1a: Altaria|79/100
|-unboost|p1a: Altaria|spa|1
|move|p1b: Incineroar|Parting Shot|p2b: Grimmsnarl
|-unboost|p2b: Grimmsnarl|atk|1
|-unboost|p2b: Grimmsnarl|spa|1
|j| LittleScreenGarby
|
|t:|1783901301
|switch|p1b: Gengar|Gengar-Mega, L50, F|85/100|[from] Parting Shot
|
|-weather|RainDance|[upkeep]
|-start|p2a: Sinistcha|perish3
|-start|p1a: Altaria|perish3
|-start|p2b: Grimmsnarl|perish3
|upkeep
|turn|6
|
|t:|1783901321
|move|p2b: Grimmsnarl|Parting Shot|p1b: Gengar
|-unboost|p1b: Gengar|atk|1
|-unboost|p1b: Gengar|spa|1
|
|t:|1783901325
|switch|p2b: Overqwil|Overqwil, L50, F|50/100y|[from] Parting Shot
|move|p1b: Gengar|Shadow Ball|p2a: Sinistcha
|-supereffective|p2a: Sinistcha|1
|-enditem|p2a: Sinistcha|Kasib Berry|[eat]
|-enditem|p2a: Sinistcha|Kasib Berry|[weaken]
|-damage|p2a: Sinistcha|77/100
|-unboost|p2a: Sinistcha|spd|1
|move|p1a: Altaria|Will-O-Wisp|p2a: Sinistcha
|-status|p2a: Sinistcha|brn
|move|p2a: Sinistcha|Life Dew|p2a: Sinistcha|[spread] p2a,p2b
|-heal|p2a: Sinistcha|100/100 brn
|-heal|p2b: Overqwil|75/100
|
|-weather|RainDance|[upkeep]
|-damage|p2a: Sinistcha|94/100 brn|[from] brn
|-start|p1a: Altaria|perish2
|-start|p2a: Sinistcha|perish2
|upkeep
|turn|7
|j| PackOfCamelBlues
|
|t:|1783901357
|move|p1b: Gengar|Protect|p1b: Gengar
|-singleturn|p1b: Gengar|Protect
|move|p2a: Sinistcha|Rage Powder|p2a: Sinistcha
|-singleturn|p2a: Sinistcha|move: Rage Powder
|move|p2b: Overqwil|Crunch|p1b: Gengar
|-activate|p1b: Gengar|move: Protect
|move|p1a: Altaria|Will-O-Wisp|p2a: Sinistcha
|-fail|p2a: Sinistcha|brn
|
|-weather|none
|-damage|p2a: Sinistcha|88/100 brn|[from] brn
|-start|p2a: Sinistcha|perish1
|-start|p1a: Altaria|perish1
|upkeep
|turn|8
|j| thebigmacky
|
|t:|1783901381
|switch|p1b: Maushold|Maushold, L50|43/100
|switch|p2a: Grimmsnarl|Grimmsnarl, L50, M|100/100
|switch|p1a: Incineroar|Incineroar, L50, M|95/100
|-ability|p1a: Incineroar|Intimidate|boost
|-unboost|p2a: Grimmsnarl|atk|1
|-unboost|p2b: Overqwil|atk|1
|move|p2b: Overqwil|Crunch|p1b: Maushold
|-crit|p1b: Maushold
|-damage|p1b: Maushold|0 fnt
|faint|p1b: Maushold
|
|-heal|p1a: Incineroar|100/100|[from] item: Leftovers
|-sideend|p2: dahdbod|Reflect
|upkeep
|
|t:|1783901396
|switch|p1b: Gengar|Gengar-Mega, L50, F|85/100
|turn|9
|j| raineyatwork
|l| LittleScreenGarby
|
|t:|1783901422
|move|p2b: Overqwil|Protect|p2b: Overqwil
|-singleturn|p2b: Overqwil|Protect
|move|p1a: Incineroar|Fake Out|p2b: Overqwil
|-activate|p2b: Overqwil|move: Protect
|move|p2a: Grimmsnarl|Reflect|p2a: Grimmsnarl
|-sidestart|p2: dahdbod|Reflect
|move|p1b: Gengar|Perish Song|p1b: Gengar
|-start|p1a: Incineroar|perish3|[silent]
|-start|p1b: Gengar|perish3|[silent]
|-start|p2a: Grimmsnarl|perish3|[silent]
|-start|p2b: Overqwil|perish3|[silent]
|-fieldactivate|move: Perish Song
|
|-start|p1b: Gengar|perish3
|-start|p2b: Overqwil|perish3
|-start|p2a: Grimmsnarl|perish3
|-start|p1a: Incineroar|perish3
|upkeep
|turn|10
|
|t:|1783901480
|move|p1b: Gengar|Protect|p1b: Gengar
|-singleturn|p1b: Gengar|Protect
|move|p1a: Incineroar|Protect|p1a: Incineroar
|-singleturn|p1a: Incineroar|Protect
|move|p2a: Grimmsnarl|Parting Shot|p1b: Gengar
|-activate|p1b: Gengar|move: Protect
|move|p2b: Overqwil|Crunch|p1b: Gengar
|-activate|p1b: Gengar|move: Protect
|
|-start|p1b: Gengar|perish2
|-start|p2b: Overqwil|perish2
|-start|p2a: Grimmsnarl|perish2
|-start|p1a: Incineroar|perish2
|-sideend|p2: dahdbod|move: Light Screen
|upkeep
|turn|11
|
|t:|1783901501
|move|p2b: Overqwil|Protect|p2b: Overqwil
|-singleturn|p2b: Overqwil|Protect
|move|p2a: Grimmsnarl|Parting Shot|p1b: Gengar
|-unboost|p1b: Gengar|atk|1
|-unboost|p1b: Gengar|spa|1
|
|t:|1783901508
|switch|p2a: Sinistcha|Sinistcha, L50, shiny|88/100 brn|[from] Parting Shot
|-heal|p2b: Overqwil|100/100|[from] ability: Hospitality|[of] p2a: Sinistcha
|move|p1b: Gengar|Disable|p2b: Overqwil
|-activate|p2b: Overqwil|move: Protect
|move|p1a: Incineroar|Throat Chop|p2a: Sinistcha
|-supereffective|p2a: Sinistcha|1
|-damage|p2a: Sinistcha|58/100 brn
|-start|p2a: Sinistcha|Throat Chop|[silent]
|
|-damage|p2a: Sinistcha|52/100 brn|[from] brn
|-start|p1b: Gengar|perish1
|-start|p2b: Overqwil|perish1
|-start|p1a: Incineroar|perish1
|upkeep
|turn|12
|
|t:|1783901537
|switch|p1b: Altaria|Altaria, L50, M|79/100
|-ability|p1b: Altaria|Cloud Nine
|move|p2b: Overqwil|Rain Dance|p2b: Overqwil
|-weather|RainDance
|move|p1a: Incineroar|Parting Shot|p2b: Overqwil
|-unboost|p2b: Overqwil|atk|1
|-unboost|p2b: Overqwil|spa|1
|
|t:|1783901544
|switch|p1a: Gengar|Gengar-Mega, L50, F|85/100|[from] Parting Shot
|move|p2a: Sinistcha|Trick Room|p2a: Sinistcha
|-fieldstart|move: Trick Room|[of] p2a: Sinistcha
|
|-weather|RainDance|[upkeep]
|-damage|p2a: Sinistcha|46/100 brn|[from] brn
|-end|p2a: Sinistcha|Throat Chop|[silent]
|-start|p2b: Overqwil|perish0
|faint|p2b: Overqwil
|upkeep
|
|t:|1783901553
|switch|p2b: Swampert|Swampert, L50, F, shiny|100/100
|turn|13
|l| triziateam
|j| triziateam
|
|t:|1783901601
|detailschange|p2b: Swampert|Swampert-Mega, L50, F, shiny
|-mega|p2b: Swampert|Swampert|Swampertite
|move|p1a: Gengar|Protect|p1a: Gengar
|-singleturn|p1a: Gengar|Protect
|move|p2a: Sinistcha|Life Dew||[still]|[spread] p2a,p2b
|-heal|p2a: Sinistcha|72/100 brn
|-fail|p2b: Swampert|heal
|move|p1b: Altaria|Will-O-Wisp|p2b: Swampert|[miss]
|-miss|p1b: Altaria|p2b: Swampert
|move|p2b: Swampert|High Horsepower|p1a: Gengar
|-activate|p1a: Gengar|move: Protect
|
|-weather|RainDance|[upkeep]
|-damage|p2a: Sinistcha|66/100 brn|[from] brn
|upkeep
|turn|14
|c| triziateam|Ahhh
|c| Lepotatochip|This altaria needs the of mice and men treatment
|
|t:|1783901626
|switch|p1a: Incineroar|Incineroar, L50, M|100/100
|-ability|p1a: Incineroar|Intimidate|boost
|-unboost|p2a: Sinistcha|atk|1
|-unboost|p2b: Swampert|atk|1
|move|p2a: Sinistcha|Rage Powder|p2a: Sinistcha
|-singleturn|p2a: Sinistcha|move: Rage Powder
|move|p1b: Altaria|Breaking Swipe|p2a: Sinistcha|[spread] p2a,p2b
|-damage|p2a: Sinistcha|60/100 brn
|-damage|p2b: Swampert|92/100
|-unboost|p2a: Sinistcha|atk|1
|-unboost|p2b: Swampert|atk|1
|move|p2b: Swampert|High Horsepower|p1a: Incineroar
|-supereffective|p1a: Incineroar|1
|-damage|p1a: Incineroar|43/100
|
|-weather|RainDance|[upkeep]
|-heal|p1a: Incineroar|49/100|[from] item: Leftovers
|-damage|p2a: Sinistcha|54/100 brn|[from] brn
|upkeep
|turn|15
|c| lemonancy|this altaria is 1/6
|c|☆TemporalDonut|that's up to what, 4-5 misses?
|
|t:|1783901659
|switch|p2b: Grimmsnarl|Grimmsnarl, L50, M|100/100
|move|p1a: Incineroar|Parting Shot|p2b: Grimmsnarl
|-unboost|p2b: Grimmsnarl|atk|1
|-unboost|p2b: Grimmsnarl|spa|1
|
|t:|1783901666
|switch|p1a: Gengar|Gengar-Mega, L50, F|85/100|[from] Parting Shot
|move|p2a: Sinistcha|Life Dew||[still]|[spread] p2a,p2b
|-heal|p2a: Sinistcha|80/100 brn
|-fail|p2b: Grimmsnarl|heal
|move|p1b: Altaria|Perish Song|p1b: Altaria
|-start|p1a: Gengar|perish3|[silent]
|-start|p1b: Altaria|perish3|[silent]
|-start|p2a: Sinistcha|perish3|[silent]
|-start|p2b: Grimmsnarl|perish3|[silent]
|-fieldactivate|move: Perish Song
|
|-weather|RainDance|[upkeep]
|-damage|p2a: Sinistcha|74/100 brn|[from] brn
|-start|p2b: Grimmsnarl|perish3
|-start|p2a: Sinistcha|perish3
|-start|p1b: Altaria|perish3
|-start|p1a: Gengar|perish3
|upkeep
|turn|16
|
|t:|1783901699
|switch|p2a: Swampert|Swampert-Mega, L50, F, shiny|92/100
|move|p2b: Grimmsnarl|Light Screen|p2b: Grimmsnarl
|-sidestart|p2: dahdbod|move: Light Screen
|move|p1b: Altaria|Breaking Swipe|p2a: Swampert|[spread] p2a
|-immune|p2b: Grimmsnarl
|-damage|p2a: Swampert|84/100
|-unboost|p2a: Swampert|atk|1
|move|p1a: Gengar|Shadow Ball|p2a: Swampert
|-damage|p2a: Swampert|54/100
|
|-weather|none
|-start|p2b: Grimmsnarl|perish2
|-start|p1b: Altaria|perish2
|-start|p1a: Gengar|perish2
|-sideend|p2: dahdbod|Reflect
|-fieldend|move: Trick Room
|upkeep
|turn|17
|l| PackOfCamelBlues
|j| ZardiCharVGC
|
|t:|1783901732
|switch|p1a: Incineroar|Incineroar, L50, M|49/100
|-ability|p1a: Incineroar|Intimidate|boost
|-unboost|p2a: Swampert|atk|1
|-unboost|p2b: Grimmsnarl|atk|1
|move|p2b: Grimmsnarl|Parting Shot|p1b: Altaria
|-unboost|p1b: Altaria|atk|1
|-unboost|p1b: Altaria|spa|1
|
|t:|1783901738
|switch|p2b: Sinistcha|Sinistcha, L50, shiny|74/100 brn|[from] Parting Shot
|-heal|p2a: Swampert|78/100|[from] ability: Hospitality|[of] p2b: Sinistcha
|move|p2a: Swampert|Ice Punch|p1b: Altaria
|-supereffective|p1b: Altaria|2
|-damage|p1b: Altaria|28/100
|-enditem|p1b: Altaria|Sitrus Berry|[eat]
|-heal|p1b: Altaria|53/100|[from] item: Sitrus Berry
|move|p1b: Altaria|Will-O-Wisp|p2a: Swampert|[miss]
|-miss|p1b: Altaria|p2a: Swampert
|
|-heal|p1a: Incineroar|55/100|[from] item: Leftovers
|-damage|p2b: Sinistcha|68/100 brn|[from] brn
|-start|p1b: Altaria|perish1
|upkeep
|turn|18
|c| Lepotatochip|Oh my god
|c| triziateam|Meeen
|c| 5-3 merchant|this is all deserved for bringing this abomination
|
|t:|1783901766
|switch|p2a: Grimmsnarl|Grimmsnarl, L50, M|100/100
|move|p1a: Incineroar|Fake Out|p2a: Grimmsnarl
|-damage|p2a: Grimmsnarl|87/100
|move|p1b: Altaria|Perish Song|p1b: Altaria
|-start|p1a: Incineroar|perish3|[silent]
|-start|p2a: Grimmsnarl|perish3|[silent]
|-start|p2b: Sinistcha|perish3|[silent]
|-fieldactivate|move: Perish Song
|move|p2b: Sinistcha|Life Dew|p2b: Sinistcha|[spread] p2a,p2b
|-heal|p2a: Grimmsnarl|100/100
|-heal|p2b: Sinistcha|93/100 brn
|
|-heal|p1a: Incineroar|61/100|[from] item: Leftovers
|-damage|p2b: Sinistcha|88/100 brn|[from] brn
|-start|p2b: Sinistcha|perish3
|-start|p1b: Altaria|perish0
|-start|p2a: Grimmsnarl|perish3
|faint|p1b: Altaria
|-start|p1a: Incineroar|perish3
|upkeep
|c|☆TemporalDonut|this is a normal team
|
|t:|1783901782
|switch|p1b: Gengar|Gengar-Mega, L50, F|85/100
|turn|19
|c| 5-3 merchant|brother man
|j| FaultierChunk
|c| 5-3 merchant|this is not a normal team
|
|t:|1783901799
|move|p2a: Grimmsnarl|Parting Shot|p1b: Gengar
|-unboost|p1b: Gengar|atk|1
|-unboost|p1b: Gengar|spa|1
|
|t:|1783901803
|switch|p2a: Swampert|Swampert-Mega, L50, F, shiny|78/100|[from] Parting Shot
|move|p1b: Gengar|Shadow Ball|p2b: Sinistcha
|-supereffective|p2b: Sinistcha|1
|-damage|p2b: Sinistcha|44/100 brn
|move|p2b: Sinistcha|Life Dew|p2b: Sinistcha|[spread] p2a,p2b
|-heal|p2a: Swampert|100/100
|-heal|p2b: Sinistcha|69/100 brn
|move|p1a: Incineroar|Parting Shot|p2a: Swampert
|-unboost|p2a: Swampert|atk|1
|-unboost|p2a: Swampert|spa|1
|
|-heal|p1a: Incineroar|67/100|[from] item: Leftovers
|-damage|p2b: Sinistcha|63/100 brn|[from] brn
|-start|p2b: Sinistcha|perish2
|-start|p1a: Incineroar|perish2
|upkeep
|turn|20
|c| 5-3 merchant|FAULTY???
|c| Lepotatochip|I think your altaria missed the memo
|c| 5-3 merchant|what horse does the great faultierchunk have in this race
|c| lemonancy|Faulty :)
|c| ShrimplyaSapphic|Faultyyy
|c| FaultierChunk|henlo
|
|t:|1783901836
|switch|p2b: Grimmsnarl|Grimmsnarl, L50, M|100/100
|move|p1b: Gengar|Protect|p1b: Gengar
|-singleturn|p1b: Gengar|Protect
|move|p2a: Swampert|Protect|p2a: Swampert
|-singleturn|p2a: Swampert|Protect
|move|p1a: Incineroar|Parting Shot|p2a: Swampert
|-activate|p2a: Swampert|move: Protect
|
|-heal|p1a: Incineroar|73/100|[from] item: Leftovers
|-start|p1a: Incineroar|perish1
|upkeep
|turn|21
|c|☆TemporalDonut|man, ggwp
|c| triziateam|Meen unlucky match
|-message|TemporalDonut forfeited.
|
|win|dahdbod
|l| triziateam
|c|☆dahdbod|ggs
|l| vrocehpalon
|l| Lepotatochip
|l| 5-3 merchant
|l| ZardiCharVGC
