|j|☆Pressinblades
|j|☆meihkingit
|html|Pressinbladesmeihkingit    
|uhtml|bestof|Game 1 of a best-of-3
|t:|1785795066
|gametype|doubles
|player|p1|Pressinblades|170|1101
|player|p2|meihkingit|rood|1000
|gen|9
|tier|[Gen 9 Champions] VGC 2026 Reg M-B (Bo3)
|rated|
|rule|Species Clause: Limit one of each Pokémon
|rule|Item Clause: Limit 1 of each item
|clearpoke
|poke|p1|Talonflame, L50, F|
|poke|p1|Garchomp, L50, F, shiny|
|poke|p1|Maushold, L50|
|poke|p1|Gardevoir, L50, M, shiny|
|poke|p1|Gyarados, L50, M, shiny|
|poke|p1|Metagross, L50, shiny|
|poke|p2|Sneasler, L50, M|
|poke|p2|Blastoise, L50, M|
|poke|p2|Kingambit, L50, F|
|poke|p2|Incineroar, L50, F|
|poke|p2|Delphox, L50, M|
|poke|p2|Sinistcha, L50|
|teampreview|4
|showteam|p1|Talonflame||SharpBeak|GaleWings|Protect,Tailwind,DualWingbeat,Overheat|Naive||F|||50|]Garchomp||LifeOrb|RoughSkin|Protect,RockSlide,Earthquake,StompingTantrum|Adamant||F|||50|]Maushold||FocusSash|FriendGuard|Protect,SuperFang,FollowMe,Encore|Timid|||||50|]Gardevoir||Gardevoirite|Telepathy|Protect,TrickRoom,HyperVoice,Psychic|Modest||M|||50|]Gyarados||Gyaradosite|Intimidate|Protect,DragonDance,Waterfall,Crunch|Jolly||M|||50|]Metagross||ColburBerry|ClearBody|Protect,BulletPunch,PsychicFangs,HammerArm|Adamant|||||50|
|showteam|p2|Sneasler||FocusSash|PoisonTouch|PoisonJab,CloseCombat,FakeOut,QuickGuard|Jolly||M|||50|]Blastoise||Blastoisinite|RainDish|DarkPulse,WaterSpout,ShellSmash,Protect|Modest||M|||50|]Kingambit||BlackGlasses|Defiant|KowtowCleave,SuckerPunch,SwordsDance,Protect|Adamant||F|||50|]Incineroar||SitrusBerry|Intimidate|FlareBlitz,HelpingHand,PartingShot,FakeOut|Careful||F|||50|]Delphox||Delphoxite|Blaze|HeatWave,NastyPlot,Psyshock,Protect|Modest||M|||50|]Sinistcha||KasibBerry|Hospitality|MatchaGotcha,RagePowder,TrickRoom,Protect|Bold|||||50|
|inactive|Battle timer is ON: inactive players will automatically lose when time's up. (requested by meihkingit)
|inactive|Pressinblades has 60 seconds left.
|inactive|meihkingit has 60 seconds left.
|l|☆Pressinblades
|inactive|Pressinblades disconnected and has a minute to reconnect!
|player|p1|
|inactive|Pressinblades has 30 seconds left.
|j|☆Pressinblades
|inactive|Pressinblades reconnected and has 30 seconds left.
|player|p1|Pressinblades|170|
|inactive|Pressinblades has 20 seconds left.
|inactive|Pressinblades has 15 seconds left.
|inactive|Pressinblades has 10 seconds left.
|
|t:|1785795147
|teamsize|p1|4
|teamsize|p2|4
|start
|switch|p1a: Garchomp|Garchomp, L50, F, shiny|100/100
|switch|p1b: Maushold|Maushold, L50|100/100
|switch|p2a: Blastoise|Blastoise, L50, M|100/100
|switch|p2b: Sneasler|Sneasler, L50, M|100/100
|turn|1
|inactive|Pressinblades has 30 seconds left.
|inactive|Pressinblades has 20 seconds left.
|inactive|Pressinblades has 15 seconds left.
|
|t:|1785795190
|detailschange|p2a: Blastoise|Blastoise-Mega, L50, M
|-mega|p2a: Blastoise|Blastoise|Blastoisinite
|move|p2b: Sneasler|Fake Out|p1b: Maushold
|-damage|p1b: Maushold|83/100
|-status|p1b: Maushold|psn|[from] ability: Poison Touch|[of] p2b: Sneasler
|cant|p1b: Maushold|flinch
|move|p1a: Garchomp|Stomping Tantrum|p2b: Sneasler
|-supereffective|p2b: Sneasler|1
|-enditem|p2b: Sneasler|Focus Sash
|-damage|p2b: Sneasler|1/100
|-damage|p1a: Garchomp|90/100|[from] item: Life Orb
|move|p2a: Blastoise|Shell Smash|p2a: Blastoise
|-unboost|p2a: Blastoise|def|1
|-unboost|p2a: Blastoise|spd|1
|-boost|p2a: Blastoise|atk|2
|-boost|p2a: Blastoise|spa|2
|-boost|p2a: Blastoise|spe|2
|
|-damage|p1b: Maushold|71/100 psn|[from] psn
|upkeep
|turn|2
|inactive|Pressinblades has 30 seconds left.
|
|t:|1785795220
|move|p1a: Garchomp|Protect|p1a: Garchomp
|-singleturn|p1a: Garchomp|Protect
|move|p2a: Blastoise|Water Spout|p1b: Maushold|[spread] p1b
|-activate|p1a: Garchomp|move: Protect
|-damage|p1b: Maushold|0 fnt
|faint|p1b: Maushold
|move|p2b: Sneasler|Close Combat|p1a: Garchomp
|-activate|p1a: Garchomp|move: Protect
|
|upkeep
|
|t:|1785795222
|switch|p1b: Talonflame|Talonflame, L50, F|100/100
|turn|3
|
|t:|1785795239
|move|p2a: Blastoise|Protect|p2a: Blastoise
|-singleturn|p2a: Blastoise|Protect
|move|p1b: Talonflame|Tailwind|p1b: Talonflame
|-sidestart|p1: Pressinblades|move: Tailwind
|move|p1a: Garchomp|Earthquake|p2a: Blastoise|[spread] p2b
|-activate|p2a: Blastoise|move: Protect
|-immune|p1b: Talonflame
|-supereffective|p2b: Sneasler|1
|-damage|p2b: Sneasler|0 fnt
|faint|p2b: Sneasler
|-damage|p1a: Garchomp|80/100|[from] item: Life Orb
|
|upkeep
|
|t:|1785795244
|switch|p2b: Incineroar|Incineroar, L50, F|100/100
|-ability|p2b: Incineroar|Intimidate|boost
|-unboost|p1a: Garchomp|atk|1
|-unboost|p1b: Talonflame|atk|1
|turn|4
|inactive|Pressinblades has 30 seconds left.
|
|t:|1785795272
|switch|p1a: Gyarados|Gyarados, L50, M, shiny|100/100
|-ability|p1a: Gyarados|Intimidate|boost
|-unboost|p2a: Blastoise|atk|1
|-unboost|p2b: Incineroar|atk|1
|move|p2b: Incineroar|Fake Out|p1a: Gyarados
|-damage|p1a: Gyarados|91/100
|move|p1b: Talonflame|Dual Wingbeat|p2a: Blastoise
|-damage|p2a: Blastoise|81/100
|-damage|p2a: Blastoise|64/100
|-hitcount|p2a: Blastoise|2
|move|p2a: Blastoise|Shell Smash|p2a: Blastoise
|-unboost|p2a: Blastoise|def|1
|-unboost|p2a: Blastoise|spd|1
|-boost|p2a: Blastoise|atk|2
|-boost|p2a: Blastoise|spa|2
|-boost|p2a: Blastoise|spe|2
|
|upkeep
|turn|5
|inactive|Pressinblades has 30 seconds left.
|inactive|Pressinblades has 20 seconds left.
|inactive|Pressinblades has 15 seconds left.
|inactive|Pressinblades has 10 seconds left.
|inactive|meihkingit has 30 seconds left.
|
|t:|1785795321
|detailschange|p1a: Gyarados|Gyarados-Mega, L50, M, shiny
|-mega|p1a: Gyarados|Gyarados|Gyaradosite
|-ability|p1a: Gyarados|Mold Breaker
|move|p2b: Incineroar|Helping Hand|p2a: Blastoise
|-singleturn|p2a: Blastoise|Helping Hand|[of] p2b: Incineroar
|move|p1b: Talonflame|Protect|p1b: Talonflame
|-singleturn|p1b: Talonflame|Protect
|move|p2a: Blastoise|Water Spout|p1a: Gyarados|[spread] p1a
|-activate|p1b: Talonflame|move: Protect
|-resisted|p1a: Gyarados|1
|-damage|p1a: Gyarados|18/100
|move|p1a: Gyarados|Crunch|p2a: Blastoise
|-damage|p2a: Blastoise|0 fnt
|faint|p2a: Blastoise
|
|upkeep
|
|t:|1785795331
|switch|p2a: Kingambit|Kingambit, L50, F|100/100
|turn|6
|
|t:|1785795342
|switch|p1a: Garchomp|Garchomp, L50, F, shiny|80/100
|move|p2a: Kingambit|Sucker Punch||[still]
|-fail|p2a: Kingambit
|move|p1b: Talonflame|Overheat|p2a: Kingambit
|-supereffective|p2a: Kingambit|1
|-damage|p2a: Kingambit|44/100
|-unboost|p1b: Talonflame|spa|2
|move|p2b: Incineroar|Flare Blitz|p1b: Talonflame
|-resisted|p1b: Talonflame|1
|-damage|p1b: Talonflame|78/100
|-damage|p2b: Incineroar|94/100|[from] Recoil
|
|-sideend|p1: Pressinblades|move: Tailwind
|upkeep
|turn|7
|inactive|Pressinblades has 30 seconds left.
|
|t:|1785795368
|move|p2b: Incineroar|Helping Hand|p2a: Kingambit
|-singleturn|p2a: Kingambit|Helping Hand|[of] p2b: Incineroar
|move|p2a: Kingambit|Sucker Punch|p1b: Talonflame
|-damage|p1b: Talonflame|0 fnt
|faint|p1b: Talonflame
|move|p1a: Garchomp|Earthquake|p2a: Kingambit|[spread] p2a,p2b
|-supereffective|p2a: Kingambit|1
|-supereffective|p2b: Incineroar|1
|-damage|p2a: Kingambit|0 fnt
|-damage|p2b: Incineroar|0 fnt
|faint|p2a: Kingambit
|faint|p2b: Incineroar
|-damage|p1a: Garchomp|70/100|[from] item: Life Orb
|
|win|Pressinblades
||meihkingit is ready for game 2.
