|j|☆ciuk88
|j|☆iloveships
|html|ciuk88iloveships    
|uhtml|bestof|Game 2 of a best-of-3
|t:|1785355039
|gametype|doubles
|player|p1|ciuk88|2|1160
|player|p2|iloveships|emmet|1181
|gen|9
|tier|[Gen 9 Champions] VGC 2026 Reg M-B (Bo3)
|rated|
|rule|Species Clause: Limit one of each Pokémon
|rule|Item Clause: Limit 1 of each item
|clearpoke
|poke|p1|Bellibolt, L50, M|
|poke|p1|Mamoswine, L50, F|
|poke|p1|Staraptor, L50, F|
|poke|p1|Grimmsnarl, L50, M|
|poke|p1|Sinistcha-Masterpiece, L50|
|poke|p1|Ceruledge, L50, M|
|poke|p2|Whimsicott, L50, M|
|poke|p2|Vanilluxe, L50, F|
|poke|p2|Blaziken, L50, F|
|poke|p2|Kingambit, L50, F|
|poke|p2|Basculegion, L50, M|
|poke|p2|Farigiraf, L50, M|
|teampreview|4
|showteam|p1|Bellibolt||Leftovers|Electromorphosis|Thunderbolt,ParabolicCharge,MuddyWater,SlackOff|Modest||M|||50|]Mamoswine||FocusSash|Oblivious|HighHorsepower,IceShard,RockTomb,Protect|Adamant||F|||50|]Staraptor||Staraptite|Intimidate|BraveBird,CloseCombat,Tailwind,Protect|Jolly||F|||50|]Grimmsnarl||LightClay|Prankster|SpiritBreak,LightScreen,Reflect,PartingShot|Impish||M|||50|]Sinistcha-Masterpiece||KasibBerry|Hospitality|TrickRoom,MatchaGotcha,Protect,RagePowder|Serious|||||50|]Ceruledge||ColburBerry|FlashFire|ShadowSneak,BitterBlade,BulkUp,Protect|Adamant||M|||50|
|showteam|p2|Whimsicott||FocusSash|Prankster|Moonblast,Encore,Protect,Tailwind|Timid||M|||50|]Vanilluxe||ChoiceScarf|SnowWarning|Blizzard,FreezeDry,IcyWind,SheerCold|Timid||F|||50|]Blaziken||Blazikenite|SpeedBoost|Protect,CloseCombat,FlareBlitz,RockSlide|Adamant||F|||50|]Kingambit||BlackGlasses|Defiant|Protect,IronHead,KowtowCleave,SuckerPunch|Adamant||F|||50|]Basculegion||LifeOrb|Adaptability|Protect,WaveCrash,LastRespects,AquaJet|Adamant||M|||50|]Farigiraf||SitrusBerry|ArmorTail|Psychic,Thunderbolt,TrickRoom,Protect|Modest||M|||50|
|inactive|Battle timer is ON: inactive players will automatically lose when time's up. (requested by iloveships)
|inactive|iloveships has 60 seconds left.
|
|t:|1785355077
|teamsize|p1|4
|teamsize|p2|4
|start
|switch|p1a: Mamoswine|Mamoswine, L50, F|100/100
|switch|p1b: Grimmsnarl|Grimmsnarl, L50, M|100/100
|switch|p2a: Whimsicott|Whimsicott, L50, M|100/100
|switch|p2b: Blaziken|Blaziken, L50, F|100/100
|turn|1
|inactive|iloveships has 30 seconds left.
|
|t:|1785355109
|detailschange|p2b: Blaziken|Blaziken-Mega, L50, F
|-mega|p2b: Blaziken|Blaziken|Blazikenite
|move|p2b: Blaziken|Protect|p2b: Blaziken
|-singleturn|p2b: Blaziken|Protect
|move|p2a: Whimsicott|Tailwind|p2a: Whimsicott
|-sidestart|p2: iloveships|move: Tailwind
|move|p1b: Grimmsnarl|Reflect|p1b: Grimmsnarl
|-sidestart|p1: ciuk88|Reflect
|move|p1a: Mamoswine|High Horsepower|p2b: Blaziken
|-activate|p2b: Blaziken|move: Protect
|
|-ability|p2b: Blaziken|Speed Boost|boost
|-boost|p2b: Blaziken|spe|1
|upkeep
|turn|2
|inactive|ciuk88 has 30 seconds left.
|inactive|iloveships has 30 seconds left.
|inactive|ciuk88 has 20 seconds left.
|inactive|iloveships has 20 seconds left.
|
|t:|1785355153
|move|p1b: Grimmsnarl|Light Screen|p1b: Grimmsnarl
|-sidestart|p1: ciuk88|move: Light Screen
|move|p2b: Blaziken|Flare Blitz|p1b: Grimmsnarl
|-damage|p1b: Grimmsnarl|52/100
|-damage|p2b: Blaziken|80/100|[from] Recoil
|move|p2a: Whimsicott|Moonblast|p1b: Grimmsnarl
|-supereffective|p1b: Grimmsnarl|1
|-damage|p1b: Grimmsnarl|5/100
|move|p1a: Mamoswine|High Horsepower|p2b: Blaziken
|-supereffective|p2b: Blaziken|1
|-damage|p2b: Blaziken|0 fnt
|faint|p2b: Blaziken
|
|upkeep
|
|t:|1785355165
|switch|p2b: Vanilluxe|Vanilluxe, L50, F|100/100
|-weather|Snowscape|[from] ability: Snow Warning|[of] p2b: Vanilluxe
|turn|3
|
|t:|1785355176
|move|p1b: Grimmsnarl|Parting Shot|p2b: Vanilluxe
|-unboost|p2b: Vanilluxe|atk|1
|-unboost|p2b: Vanilluxe|spa|1
|
|t:|1785355181
|switch|p1b: Bellibolt|Bellibolt, L50, M|100/100|[from] Parting Shot
|move|p2b: Vanilluxe|Blizzard|p1b: Bellibolt|[spread] p1a,p1b
|-crit|p1b: Bellibolt
|-damage|p1a: Mamoswine|77/100
|-damage|p1b: Bellibolt|41/100
|-start|p1b: Bellibolt|Charge|Blizzard|[from] ability: Electromorphosis
|move|p2a: Whimsicott|Moonblast|p1a: Mamoswine
|-damage|p1a: Mamoswine|44/100
|-unboost|p1a: Mamoswine|spa|1
|move|p1a: Mamoswine|High Horsepower|p2b: Vanilluxe|[miss]
|-miss|p1a: Mamoswine|p2b: Vanilluxe
|
|-weather|Snowscape|[upkeep]
|-heal|p1b: Bellibolt|47/100|[from] item: Leftovers
|upkeep
|turn|4
|inactive|ciuk88 has 30 seconds left.
|inactive|ciuk88 has 20 seconds left.
|inactive|ciuk88 has 15 seconds left.
|inactive|ciuk88 has 10 seconds left.
|
|t:|1785355229
|switch|p1a: Sinistcha|Sinistcha-Masterpiece, L50|100/100
|-heal|p1b: Bellibolt|72/100|[from] ability: Hospitality|[of] p1a: Sinistcha
|move|p2b: Vanilluxe|Blizzard|p1a: Sinistcha|[spread] p1a,p1b
|-supereffective|p1a: Sinistcha|1
|-damage|p1a: Sinistcha|64/100
|-damage|p1b: Bellibolt|55/100
|-status|p1a: Sinistcha|frz
|-start|p1b: Bellibolt|Charge|Blizzard|[from] ability: Electromorphosis
|move|p2a: Whimsicott|Moonblast|p1b: Bellibolt
|-damage|p1b: Bellibolt|33/100
|-start|p1b: Bellibolt|Charge|Moonblast|[from] ability: Electromorphosis
|move|p1b: Bellibolt|Parabolic Charge|p2a: Whimsicott|[spread] p1a,p2a,p2b
|-resisted|p1a: Sinistcha|1
|-resisted|p2a: Whimsicott|1
|-damage|p1a: Sinistcha|48/100 frz
|-heal|p1b: Bellibolt|40/100|[from] drain|[of] p1a: Sinistcha
|-damage|p2a: Whimsicott|57/100
|-heal|p1b: Bellibolt|53/100|[from] drain|[of] p2a: Whimsicott
|-damage|p2b: Vanilluxe|40/100
|-heal|p1b: Bellibolt|74/100|[from] drain|[of] p2b: Vanilluxe
|-end|p1b: Bellibolt|Charge|[silent]
|
|-weather|Snowscape|[upkeep]
|-heal|p1b: Bellibolt|80/100|[from] item: Leftovers
|-sideend|p2: iloveships|move: Tailwind
|upkeep
|turn|5
|inactive|ciuk88 has 30 seconds left.
|inactive|iloveships has 30 seconds left.
|inactive|ciuk88 has 20 seconds left.
|
|t:|1785355264
|move|p2b: Vanilluxe|Blizzard|p1a: Sinistcha|[spread] p1a,p1b
|-supereffective|p1a: Sinistcha|1
|-damage|p1a: Sinistcha|10/100 frz
|-damage|p1b: Bellibolt|64/100
|-start|p1b: Bellibolt|Charge|Blizzard|[from] ability: Electromorphosis
|move|p2a: Whimsicott|Moonblast|p1b: Bellibolt
|-damage|p1b: Bellibolt|42/100
|-start|p1b: Bellibolt|Charge|Moonblast|[from] ability: Electromorphosis
|move|p1b: Bellibolt|Parabolic Charge|p2b: Vanilluxe|[spread] p1a,p2a,p2b
|-resisted|p1a: Sinistcha|1
|-resisted|p2a: Whimsicott|1
|-damage|p1a: Sinistcha|0 fnt
|-heal|p1b: Bellibolt|46/100|[from] drain|[of] p1a: Sinistcha
|-damage|p2a: Whimsicott|18/100
|-heal|p1b: Bellibolt|58/100|[from] drain|[of] p2a: Whimsicott
|-damage|p2b: Vanilluxe|0 fnt
|-heal|p1b: Bellibolt|72/100|[from] drain|[of] p2b: Vanilluxe
|faint|p1a: Sinistcha
|faint|p2b: Vanilluxe
|-end|p1b: Bellibolt|Charge|[silent]
|
|-weather|Snowscape|[upkeep]
|-heal|p1b: Bellibolt|78/100|[from] item: Leftovers
|upkeep
|-message|iloveships forfeited.
|
|win|ciuk88
|raw|ciuk88's rating: 1160 → 1187(+27 for winning)
|raw|iloveships's rating: 1181 → 1154(-27 for losing)
