|j|☆liv&large27
|j|☆PursatiEvol
|html|liv&large27PursatiEvol    
|uhtml|bestof|Game 1 of a best-of-3
|t:|1757648098
|gametype|doubles
|player|p1|liv&large27|n|1264
|player|p2|PursatiEvol|265|1311
|gen|9
|tier|[Gen 9] VGC 2025 Reg H (Bo3)
|rated|
|rule|Species Clause: Limit one of each Pokémon
|rule|Item Clause: Limit 1 of each item
|clearpoke
|poke|p1|Gengar, L50, M|
|poke|p1|Whimsicott, L50, M|
|poke|p1|Dragapult, L50, M|
|poke|p1|Blastoise, L50, F|
|poke|p1|Rillaboom, L50, M|
|poke|p1|Sneasler, L50, F|
|poke|p2|Dragonite, L50, M|
|poke|p2|Ursaluna-Bloodmoon, L50, M|
|poke|p2|Amoonguss, L50, M|
|poke|p2|Sneasler, L50, F|
|poke|p2|Incineroar, L50, F|
|poke|p2|Gholdengo, L50|
|teampreview|4
|showteam|p1|Gengar||FocusSash|CursedBody|Protect,ShadowBall,SludgeBomb,Haze|||M|||50|,,,,,Fairy]Whimsicott||CovertCloak|Prankster|Tailwind,Moonblast,Taunt,Encore|||M|||50|,,,,,Dark]Dragapult||ChoiceBand|ClearBody|DragonDarts,Uturn,PhantomForce,Outrage|||M|||50|,,,,,Dragon]Blastoise||MysticWater|Torrent|WaterSpout,Protect,ShellSmash,HydroPump|||F|||50|,,,,,Water]Rillaboom||AssaultVest|GrassySurge|FakeOut,WoodHammer,GrassyGlide,Uturn|||M|||50|,,,,,Fire]Sneasler||WhiteHerb|Unburden|Protect,DireClaw,CloseCombat,ThroatChop|||F|||50|,,,,,Dark
|showteam|p2|Dragonite||LoadedDice|Multiscale|ScaleShot,ExtremeSpeed,Haze,Tailwind|||M|||50|,,,,,Fairy]Ursaluna-Bloodmoon||AssaultVest|MindsEye|HyperVoice,BloodMoon,EarthPower,VacuumWave|||M|||50|,,,,,Normal]Amoonguss||SitrusBerry|Regenerator|Spore,RagePowder,SludgeBomb,Protect|||M|||50|,,,,,Water]Sneasler||FocusSash|PoisonTouch|FakeOut,CloseCombat,DireClaw,Protect|||F|||50|,,,,,Stellar]Incineroar||SafetyGoggles|Intimidate|FakeOut,FlareBlitz,KnockOff,PartingShot|||F|||50|,,,,,Ghost]Gholdengo||LifeOrb|GoodasGold|MakeItRain,ShadowBall,NastyPlot,Protect||||||50|,,,,,Steel
|inactive|Battle timer is ON: inactive players will automatically lose when time's up. (requested by liv&large27)
|inactive|liv&large27 has 60 seconds left.
|inactive|PursatiEvol has 60 seconds left.
|
|t:|1757648143
|teamsize|p1|4
|teamsize|p2|4
|start
|switch|p1a: Dragapult|Dragapult, L50, M|100/100
|switch|p1b: Sneasler|Sneasler, L50, F|100/100
|switch|p2a: Dragonite|Dragonite, L50, M|100/100
|switch|p2b: Sneasler|Sneasler, L50, F|100/100
|turn|1
|inactive|PursatiEvol has 30 seconds left.
|inactive|PursatiEvol has 20 seconds left.
|inactive|PursatiEvol has 15 seconds left.
|inactive|PursatiEvol has 10 seconds left.
|
|t:|1757648193
|switch|p2a: Incineroar|Incineroar, L50, F|100/100
|-ability|p2a: Incineroar|Intimidate|boost
|-fail|p1a: Dragapult|unboost|[from] ability: Clear Body|[of] p1a: Dragapult
|-unboost|p1b: Sneasler|atk|1
|-enditem|p1b: Sneasler|White Herb
|-clearnegativeboost|p1b: Sneasler|[silent]
|move|p1b: Sneasler|Protect|p1b: Sneasler
|-singleturn|p1b: Sneasler|Protect
|move|p1a: Dragapult|Dragon Darts|p2b: Sneasler
|-damage|p2b: Sneasler|31/100
|-anim|p1a: Dragapult|Dragon Darts|p2a: Incineroar
|-damage|p2a: Incineroar|61/100
|move|p2b: Sneasler|Dire Claw|p1b: Sneasler
|-activate|p1b: Sneasler|move: Protect
|
|upkeep
|turn|2
|inactive|PursatiEvol has 30 seconds left.
|inactive|PursatiEvol has 20 seconds left.
|inactive|PursatiEvol has 15 seconds left.
|inactive|PursatiEvol has 10 seconds left.
|
|t:|1757648239
|-terastallize|p1a: Dragapult|Dragon
|move|p2a: Incineroar|Fake Out|p1b: Sneasler
|-damage|p1b: Sneasler|76/100
|cant|p1b: Sneasler|flinch
|move|p1a: Dragapult|Dragon Darts|p2a: Incineroar
|-damage|p2a: Incineroar|10/100
|-anim|p1a: Dragapult|Dragon Darts|p2b: Sneasler
|-damage|p2b: Sneasler|0 fnt
|faint|p2b: Sneasler
|
|upkeep
|
|t:|1757648245
|switch|p2b: Dragonite|Dragonite, L50, M|100/100
|turn|3
|
|t:|1757648267
|-terastallize|p2b: Dragonite|Fairy
|move|p1b: Sneasler|Dire Claw|p2b: Dragonite
|-supereffective|p2b: Dragonite
|-damage|p2b: Dragonite|53/100
|move|p1a: Dragapult|Dragon Darts|p2a: Incineroar
|-damage|p2a: Incineroar|0 fnt
|faint|p2a: Incineroar
|move|p2b: Dragonite|Scale Shot|p1b: Sneasler
|-damage|p1b: Sneasler|49/100
|-damage|p1b: Sneasler|23/100
|-damage|p1b: Sneasler|0 fnt
|faint|p1b: Sneasler
|-hitcount|p1: Sneasler|3
|-unboost|p2b: Dragonite|def|1
|-boost|p2b: Dragonite|spe|1
|
|upkeep
|
|t:|1757648279
|switch|p1b: Rillaboom|Rillaboom, L50, M|100/100
|switch|p2a: Gholdengo|Gholdengo, L50|100/100
|-fieldstart|move: Grassy Terrain|[from] ability: Grassy Surge|[of] p1b: Rillaboom
|turn|4
|
|t:|1757648295
|move|p1a: Dragapult|Dragon Darts|p2a: Gholdengo
|-resisted|p2a: Gholdengo
|-damage|p2a: Gholdengo|75/100
|-anim|p1a: Dragapult|Dragon Darts|p2a: Gholdengo
|-resisted|p2a: Gholdengo
|-damage|p2a: Gholdengo|52/100
|move|p2b: Dragonite|Tailwind|p2b: Dragonite
|-sidestart|p2: PursatiEvol|move: Tailwind
|move|p2a: Gholdengo|Nasty Plot|p2a: Gholdengo
|-boost|p2a: Gholdengo|spa|2
|move|p1b: Rillaboom|Wood Hammer|p2a: Gholdengo
|-resisted|p2a: Gholdengo
|-damage|p2a: Gholdengo|10/100
|-damage|p1b: Rillaboom|88/100|[from] Recoil
|
|-heal|p2b: Dragonite|59/100|[from] Grassy Terrain
|-heal|p2a: Gholdengo|16/100|[from] Grassy Terrain
|-heal|p1b: Rillaboom|94/100|[from] Grassy Terrain
|upkeep
|turn|5
|
|t:|1757648319
|switch|p1b: Blastoise|Blastoise, L50, F|100/100
|move|p2a: Gholdengo|Protect|p2a: Gholdengo
|-singleturn|p2a: Gholdengo|Protect
|move|p2b: Dragonite|Scale Shot|p1a: Dragapult
|-supereffective|p1a: Dragapult
|-damage|p1a: Dragapult|60/100
|-supereffective|p1a: Dragapult
|-damage|p1a: Dragapult|20/100
|-supereffective|p1a: Dragapult
|-damage|p1a: Dragapult|0 fnt
|faint|p1a: Dragapult
|-hitcount|p1: Dragapult|3
|-unboost|p2b: Dragonite|def|1
|-boost|p2b: Dragonite|spe|1
|
|-heal|p2b: Dragonite|65/100|[from] Grassy Terrain
|-heal|p2a: Gholdengo|22/100|[from] Grassy Terrain
|upkeep
|
|t:|1757648326
|switch|p1a: Rillaboom|Rillaboom, L50, M|94/100
|turn|6
|inactive|PursatiEvol has 30 seconds left.
|
|t:|1757648351
|move|p1a: Rillaboom|Grassy Glide|p2a: Gholdengo
|-resisted|p2a: Gholdengo
|-damage|p2a: Gholdengo|1/100
|move|p2b: Dragonite|Scale Shot|p1a: Rillaboom
|-damage|p1a: Rillaboom|80/100
|-damage|p1a: Rillaboom|64/100
|-damage|p1a: Rillaboom|49/100
|-damage|p1a: Rillaboom|34/100
|-hitcount|p1a: Rillaboom|4
|-unboost|p2b: Dragonite|def|1
|-boost|p2b: Dragonite|spe|1
|move|p2a: Gholdengo|Make It Rain|p1b: Blastoise|[spread] p1a,p1b
|-resisted|p1b: Blastoise
|-damage|p1a: Rillaboom|0 fnt
|-damage|p1b: Blastoise|38/100
|-unboost|p2a: Gholdengo|spa|1
|faint|p1a: Rillaboom
|-damage|p2a: Gholdengo|0 fnt|[from] item: Life Orb
|faint|p2a: Gholdengo
|move|p1b: Blastoise|Water Spout|p2b: Dragonite
|-damage|p2b: Dragonite|35/100
|
|-heal|p2b: Dragonite|41/100|[from] Grassy Terrain
|-heal|p1b: Blastoise|44/100|[from] Grassy Terrain
|upkeep
|turn|7
|
|t:|1757648369
|move|p2b: Dragonite|Scale Shot|p1b: Blastoise
|-damage|p1b: Blastoise|26/100
|-damage|p1b: Blastoise|10/100
|-crit|p1b: Blastoise
|-damage|p1b: Blastoise|0 fnt
|faint|p1b: Blastoise
|-hitcount|p1: Blastoise|3
|
|win|PursatiEvol
||liv&large27 is ready for game 2.
||PursatiEvol is ready for game 2.
|uhtml|next|Next: Game 2 of 3
