|j|☆fly butterfly fly
|j|☆Bunny+X goaty
|html|fly butterfly flyBunny+X goaty    
|uhtml|bestof|Game 1 of a best-of-3
|t:|1785596580
|gametype|doubles
|player|p1|fly butterfly fly|265|1150
|player|p2|Bunny+X goaty|dawn|1148
|gen|9
|tier|[Gen 9 Champions] VGC 2026 Reg M-B (Bo3)
|rated|
|rule|Species Clause: Limit one of each Pokémon
|rule|Item Clause: Limit 1 of each item
|clearpoke
|poke|p1|Kangaskhan, L50, F|
|poke|p1|Farigiraf, L50, M|
|poke|p1|Torkoal, L50, M|
|poke|p1|Venusaur, L50, M|
|poke|p1|Kommo-o, L50, F|
|poke|p1|Pyroar, L50, F|
|poke|p2|Rotom-Wash, L50|
|poke|p2|Incineroar, L50, M|
|poke|p2|Garchomp, L50, F|
|poke|p2|Aerodactyl, L50, M|
|poke|p2|Kingambit, L50, M|
|poke|p2|Gengar, L50, F, shiny|
|teampreview|4
|showteam|p1|Kangaskhan||SilkScarf|Scrappy|FakeOut,LastResort|Adamant||F|||50|]Farigiraf||ColburBerry|ArmorTail|Psychic,Thunderbolt,HelpingHand,TrickRoom|Bold||M|||50|]Torkoal||Charcoal|Drought|Eruption,WeatherBall,HelpingHand,Protect|Quiet||M|||50|]Venusaur||LifeOrb|Chlorophyll|SolarBeam,SludgeBomb,EarthPower,Protect|Modest||M|||50|]Kommo-o||HabanBerry|Overcoat|ClangingScales,AuraSphere,ClangorousSoul,Protect|Modest||F|||50|]Pyroar||Pyroarite|Unnerve|HeatWave,Overheat,ScorchingSands,Protect|Timid||F|||50|
|showteam|p2|Rotom-Wash||Leftovers|Levitate|WillOWisp,LightScreen,HydroPump,Thunderbolt|Modest|||||50|]Incineroar||SitrusBerry|Intimidate|FakeOut,PartingShot,CloseCombat,FlareBlitz|Adamant||M|||50|]Garchomp||LifeOrb|RoughSkin|Earthquake,DragonClaw,Protect,SwordsDance|Jolly||F|||50|]Aerodactyl||Aerodactylite|RockHead|Tailwind,RockSlide,DualWingbeat,IceFang|Jolly||M|||50|]Kingambit||FocusSash|Defiant|SuckerPunch,IronHead,SwordsDance,Protect|Jolly||M|||50|]Gengar||Gengarite|CursedBody|SludgeBomb,ShadowBall,NastyPlot,Protect|Timid||F|||50|
|
|t:|1785596622
|teamsize|p1|4
|teamsize|p2|4
|start
|switch|p1a: Kangaskhan|Kangaskhan, L50, F|100/100
|switch|p1b: Farigiraf|Farigiraf, L50, M|100/100
|switch|p2a: Incineroar|Incineroar, L50, M|100/100
|switch|p2b: Garchomp|Garchomp, L50, F|100/100
|-ability|p2a: Incineroar|Intimidate|boost
|-fail|p1a: Kangaskhan|unboost|Attack|[from] ability: Scrappy|[of] p1a: Kangaskhan
|-unboost|p1b: Farigiraf|atk|1
|turn|1
|
|t:|1785596668
|move|p1a: Kangaskhan|Fake Out|p2b: Garchomp
|-damage|p2b: Garchomp|76/100
|-damage|p1a: Kangaskhan|87/100|[from] ability: Rough Skin|[of] p2b: Garchomp
|cant|p2b: Garchomp|flinch
|move|p2a: Incineroar|Close Combat|p1a: Kangaskhan
|-supereffective|p1a: Kangaskhan|1
|-damage|p1a: Kangaskhan|1/100
|-unboost|p2a: Incineroar|def|1
|-unboost|p2a: Incineroar|spd|1
|move|p1b: Farigiraf|Trick Room|p1b: Farigiraf
|-fieldstart|move: Trick Room|[of] p1b: Farigiraf
|
|upkeep
|turn|2
|
|t:|1785596714
|move|p1b: Farigiraf|Thunderbolt|p2a: Incineroar
|-damage|p2a: Incineroar|69/100
|move|p2a: Incineroar|Flare Blitz|p1b: Farigiraf
|-damage|p1b: Farigiraf|52/100
|-damage|p2a: Incineroar|51/100|[from] Recoil
|move|p1a: Kangaskhan|Last Resort|p2b: Garchomp
|-damage|p2b: Garchomp|1/100
|-damage|p1a: Kangaskhan|0 fnt|[from] ability: Rough Skin|[of] p2b: Garchomp
|faint|p1a: Kangaskhan
|move|p2b: Garchomp|Dragon Claw|p1b: Farigiraf
|-damage|p1b: Farigiraf|8/100
|-damage|p2b: Garchomp|0 fnt|[from] item: Life Orb
|faint|p2b: Garchomp
|
|upkeep
|
|t:|1785596733
|switch|p1a: Torkoal|Torkoal, L50, M|100/100
|switch|p2b: Rotom|Rotom-Wash, L50|100/100
|-weather|SunnyDay|[from] ability: Drought|[of] p1a: Torkoal
|turn|3
|
|t:|1785596772
|move|p1a: Torkoal|Eruption|p2b: Rotom|[spread] p2a,p2b
|-resisted|p2a: Incineroar|1
|-resisted|p2b: Rotom|1
|-damage|p2a: Incineroar|0 fnt
|-damage|p2b: Rotom|62/100
|faint|p2a: Incineroar
|move|p1b: Farigiraf|Thunderbolt|p2b: Rotom
|-damage|p2b: Rotom|40/100
|move|p2b: Rotom|Light Screen|p2b: Rotom
|-sidestart|p2: Bunny+X goaty|move: Light Screen
|
|-weather|SunnyDay|[upkeep]
|-heal|p2b: Rotom|46/100|[from] item: Leftovers
|upkeep
|
|t:|1785596785
|switch|p2a: Gengar|Gengar, L50, F, shiny|100/100
|turn|4
|
|t:|1785596801
|detailschange|p2a: Gengar|Gengar-Mega, L50, F, shiny
|-mega|p2a: Gengar|Gengar|Gengarite
|move|p1a: Torkoal|Eruption|p2b: Rotom|[spread] p2a,p2b
|-resisted|p2b: Rotom|1
|-damage|p2a: Gengar|29/100
|-damage|p2b: Rotom|17/100
|move|p1b: Farigiraf|Psychic|p2b: Rotom
|-damage|p2b: Rotom|0 fnt
|faint|p2b: Rotom
|move|p2a: Gengar|Sludge Bomb|p1a: Torkoal
|-damage|p1a: Torkoal|29/100
|
|-weather|SunnyDay|[upkeep]
|upkeep
|turn|5
|
|t:|1785596818
|move|p2a: Gengar|Protect|p2a: Gengar
|-singleturn|p2a: Gengar|Protect
|move|p1a: Torkoal|Weather Ball|p2a: Gengar
|-activate|p2a: Gengar|move: Protect
|move|p1b: Farigiraf|Psychic|p2a: Gengar
|-activate|p2a: Gengar|move: Protect
|
|-weather|SunnyDay|[upkeep]
|-fieldend|move: Trick Room
|upkeep
|turn|6
|
|t:|1785596823
|move|p2a: Gengar|Shadow Ball|p1a: Torkoal
|-damage|p1a: Torkoal|0 fnt
|faint|p1a: Torkoal
|move|p1b: Farigiraf|Psychic|p2a: Gengar
|-supereffective|p2a: Gengar|1
|-damage|p2a: Gengar|0 fnt
|faint|p2a: Gengar
|
|win|fly butterfly fly
||Bunny+X goaty is ready for game 2.
