|j|☆spacetarts
|j|☆FireBoyJ
|html|spacetartsFireBoyJ    
|uhtml|bestof|Game 1 of a best-of-3
|t:|1784374526
|gametype|doubles
|player|p1|spacetarts|265|
|player|p2|FireBoyJ|2|
|gen|9
|tier|[Gen 9 Champions] VGC 2026 Reg M-B (Bo3)
|rule|Species Clause: Limit one of each Pokémon
|rule|Item Clause: Limit 1 of each item
|clearpoke
|poke|p1|Golurk, L50|
|poke|p1|Goodra, L50, M, shiny|
|poke|p1|Runerigus, L50, M|
|poke|p1|Liepard, L50, M|
|poke|p1|Mawile, L50, F|
|poke|p1|Chandelure, L50, F|
|poke|p2|Manectric, L50, F|
|poke|p2|Liepard, L50, F|
|poke|p2|Floette-Eternal, L50, F|
|poke|p2|Serperior, L50, M|
|poke|p2|Tauros-Paldea-Aqua, L50, M|
|poke|p2|Gardevoir, L50, M|
|teampreview|4
|showteam|p1|Golurk||Golurkite|IronFist|HeadlongRush,HammerArm,RockSlide,Protect|Adamant|||||50|]Goodra||Leftovers|Gooey|LifeDew,GigaDrain,DragonPulse,Feint|Bold||M|||50|]Runerigus||SitrusBerry|WanderingSpirit|TrickRoom,AllySwitch,ShadowClaw,WillOWisp|Sassy||M|||50|]Liepard||ChopleBerry|Prankster|Yawn,FakeOut,SunnyDay,KnockOff|Adamant||M|||50|]Mawile||LifeOrb|Intimidate|KnockOff,Protect,PlayRough,IronHead|Impish||F|||50|]Chandelure||FocusSash|FlashFire|ShadowBall,HeatWave,TrickRoom,Protect|Quiet||F|||50|
|showteam|p2|Manectric||Manectite|LightningRod|Thunderbolt,Snarl,VoltSwitch,Protect|Timid||F|||50|]Liepard||FocusSash|Prankster|KnockOff,FakeOut,Taunt,ThunderWave|Jolly||F|||50|]Floette-Eternal||Leftovers|FlowerVeil|Moonblast,DazzlingGleam,CalmMind,Protect|Modest||F|||50|]Serperior||LightClay|Contrary|LeafStorm,Glare,LightScreen,Reflect|Timid||M|||50|]Tauros-Paldea-Aqua||SitrusBerry|Intimidate|WaveCrash,CloseCombat,AquaJet,Protect|Adamant||M|||50|]Gardevoir||ChoiceScarf|Trace|Moonblast,Psyshock,IcyWind,DazzlingGleam|Modest||M|||50|
|c|☆FireBoyJ|gl hf
|c|☆spacetarts|glhf
|
|t:|1784374658
|teamsize|p1|4
|teamsize|p2|4
|start
|switch|p1a: Liepard|Liepard, L50, M|100/100
|switch|p1b: Golurk|Golurk, L50|100/100
|switch|p2a: Liepard|Liepard, L50, F|100/100
|switch|p2b: Tauros|Tauros-Paldea-Aqua, L50, M|100/100
|-ability|p2b: Tauros|Intimidate|boost
|-unboost|p1a: Liepard|atk|1
|-unboost|p1b: Golurk|atk|1
|turn|1
|
|t:|1784374703
|move|p1b: Golurk|Protect|p1b: Golurk
|-singleturn|p1b: Golurk|Protect
|move|p2a: Liepard|Fake Out|p1b: Golurk
|-activate|p1b: Golurk|move: Protect
|move|p1a: Liepard|Yawn|p2b: Tauros
|-start|p2b: Tauros|move: Yawn|[of] p1a: Liepard
|move|p2b: Tauros|Close Combat|p1a: Liepard
|-supereffective|p1a: Liepard|1
|-enditem|p1a: Liepard|Chople Berry|[eat]
|-enditem|p1a: Liepard|Chople Berry|[weaken]
|-damage|p1a: Liepard|12/100
|-unboost|p2b: Tauros|def|1
|-unboost|p2b: Tauros|spd|1
|
|upkeep
|turn|2
|
|t:|1784374739
|detailschange|p1b: Golurk|Golurk-Mega, L50
|-mega|p1b: Golurk|Golurk|Golurkite
|move|p2a: Liepard|Knock Off|p1b: Golurk
|-supereffective|p1b: Golurk|1
|-damage|p1b: Golurk|53/100
|move|p2b: Tauros|Wave Crash|p1b: Golurk
|-supereffective|p1b: Golurk|1
|-crit|p1b: Golurk
|-damage|p1b: Golurk|0 fnt
|faint|p1b: Golurk
|-damage|p2b: Tauros|81/100|[from] Recoil
|move|p1a: Liepard|Knock Off|p2a: Liepard
|-resisted|p2a: Liepard|1
|-damage|p2a: Liepard|71/100
|-enditem|p2a: Liepard|Focus Sash|[from] move: Knock Off|[of] p1a: Liepard
|
|-end|p2b: Tauros|move: Yawn|[silent]
|-status|p2b: Tauros|slp
|upkeep
|
|t:|1784374753
|switch|p1b: Chandelure|Chandelure, L50, F|100/100
|turn|3
|
|t:|1784374774
|cant|p2b: Tauros|slp
|move|p2a: Liepard|Taunt|p1b: Chandelure
|-start|p1b: Chandelure|move: Taunt
|move|p1a: Liepard|Sunny Day|p1a: Liepard
|-weather|SunnyDay
|cant|p1b: Chandelure|move: Taunt|Trick Room
|
|-weather|SunnyDay|[upkeep]
|upkeep
|turn|4
|
|t:|1784374804
|switch|p1a: Goodra|Goodra, L50, M, shiny|100/100
|move|p2a: Liepard|Knock Off|p1b: Chandelure
|-supereffective|p1b: Chandelure|1
|-damage|p1b: Chandelure|1/100
|-enditem|p1b: Chandelure|Focus Sash|[from] move: Knock Off|[of] p2a: Liepard
|cant|p2b: Tauros|slp
|move|p1b: Chandelure|Heat Wave|p2b: Tauros|[spread] p2a,p2b
|-resisted|p2b: Tauros|1
|-damage|p2a: Liepard|0 fnt
|-damage|p2b: Tauros|28/100 slp
|-enditem|p2b: Tauros|Sitrus Berry|[eat]
|-heal|p2b: Tauros|52/100 slp|[from] item: Sitrus Berry
|faint|p2a: Liepard
|
|-weather|SunnyDay|[upkeep]
|upkeep
|
|t:|1784374828
|switch|p2a: Floette|Floette-Eternal, L50, F|100/100
|turn|5
|
|t:|1784374862
|-curestatus|p2b: Tauros|slp|[msg]
|move|p2b: Tauros|Aqua Jet|p1b: Chandelure
|-supereffective|p1b: Chandelure|1
|-damage|p1b: Chandelure|0 fnt
|faint|p1b: Chandelure
|move|p2a: Floette|Moonblast|p1a: Goodra
|-supereffective|p1a: Goodra|1
|-damage|p1a: Goodra|44/100
|-unboost|p1a: Goodra|spa|1
|move|p1a: Goodra|Giga Drain|p2b: Tauros
|-supereffective|p2b: Tauros|1
|-damage|p2b: Tauros|10/100
|-heal|p1a: Goodra|63/100|[from] drain|[of] p2b: Tauros
|
|-weather|SunnyDay|[upkeep]
|-heal|p1a: Goodra|69/100|[from] item: Leftovers
|upkeep
|
|t:|1784374876
|switch|p1b: Liepard|Liepard, L50, M|12/100
|turn|6
|
|t:|1784374890
|move|p1b: Liepard|Fake Out|p2b: Tauros
|-damage|p2b: Tauros|0 fnt
|faint|p2b: Tauros
|move|p2a: Floette|Moonblast|p1a: Goodra
|-supereffective|p1a: Goodra|1
|-damage|p1a: Goodra|14/100
|move|p1a: Goodra|Life Dew|p1a: Goodra|[spread] p1a,p1b
|-heal|p1a: Goodra|39/100
|-heal|p1b: Liepard|37/100
|
|-weather|SunnyDay|[upkeep]
|-heal|p1a: Goodra|45/100|[from] item: Leftovers
|upkeep
|
|t:|1784374901
|switch|p2b: Serperior|Serperior, L50, M|100/100
|turn|7
|
|t:|1784374938
|move|p2b: Serperior|Leaf Storm|p1b: Liepard
|-damage|p1b: Liepard|0 fnt
|-boost|p2b: Serperior|spa|2
|faint|p1b: Liepard
|move|p2a: Floette|Moonblast|p1a: Goodra
|-supereffective|p1a: Goodra|1
|-damage|p1a: Goodra|0 fnt
|faint|p1a: Goodra
|
|win|FireBoyJ
||FireBoyJ is ready for game 2.
|inactive|spacetarts has 30 seconds to confirm battle start!
||spacetarts is ready for game 2.
|uhtml|next|Next: Game 2 of 3
|l|☆spacetarts
|player|p1|
