|j|☆henr220410
|j|☆FunkleVGC
|html|henr220410FunkleVGC    
|uhtml|bestof|Game 2 of a best-of-3
|t:|1784301198
|gametype|doubles
|player|p1|henr220410|blue|1000
|player|p2|FunkleVGC|fisherman-gen4|1063
|gen|9
|tier|[Gen 9 Champions] VGC 2026 Reg M-B (Bo3)
|rated|
|rule|Species Clause: Limit one of each Pokémon
|rule|Item Clause: Limit 1 of each item
|clearpoke
|poke|p1|Swampert, L50, F|
|poke|p1|Annihilape, L50, M|
|poke|p1|Corviknight, L50, F|
|poke|p1|Armarouge, L50, F|
|poke|p1|Farigiraf, L50, M|
|poke|p1|Eelektross, L50, M|
|poke|p2|Froslass, L50, F, shiny|
|poke|p2|Scovillain, L50, M, shiny|
|poke|p2|Lycanroc-Dusk, L50, M, shiny|
|poke|p2|Kingambit, L50, F, shiny|
|poke|p2|Basculegion, L50, M, shiny|
|poke|p2|Sneasler, L50, F, shiny|
|teampreview|4
|showteam|p1|Swampert||Swampertite|Damp|WaveCrash,Earthquake,Protect,IcePunch|Adamant||F|||50|]Annihilape||Leftovers|Defiant|BulkUp,DrainPunch,RageFist,Taunt|Careful||M|||50|]Corviknight||OccaBerry|Pressure|IronDefense,BodyPress,Roost,BraveBird|Impish||F|||50|]Armarouge||FocusSash|WeakArmor|ExpandingForce,PsychicTerrain,Protect,ArmorCannon|Quiet||F|||50|]Farigiraf||SitrusBerry|ArmorTail|TrickRoom,ExpandingForce,Thunderbolt,Protect|Bold||M|||50|]Eelektross||Eelektrossite|Levitate|Thunderbolt,Flamethrower,GrassKnot,Protect|Quiet||M|||50|
|showteam|p2|Froslass||Froslassite|CursedBody|Blizzard,ShadowBall,AuroraVeil,Protect|Modest||F|||50|]Scovillain||Scovillainite|Moody|Flamethrower,GigaDrain,RagePowder,Protect|Bold||M|||50|]Lycanroc-Dusk||FocusSash|ToughClaws|RockSlide,CloseCombat,Accelerock,Protect|Adamant||M|||50|]Kingambit||LifeOrb|Defiant|KowtowCleave,SuckerPunch,SwordsDance,Protect|Adamant||F|||50|]Basculegion||SitrusBerry|Adaptability|WaveCrash,LastRespects,AquaJet,Protect|Adamant||M|||50|]Sneasler||WhiteHerb|Unburden|GunkShot,CloseCombat,FakeOut,Protect|Adamant||F|||50|
|inactive|Battle timer is ON: inactive players will automatically lose when time's up. (requested by henr220410)
|inactive|FunkleVGC has 60 seconds left.
|
|t:|1784301235
|teamsize|p1|4
|teamsize|p2|4
|start
|switch|p1a: Swampert|Swampert, L50, F|100/100
|switch|p1b: Farigiraf|Farigiraf, L50, M|100/100
|switch|p2a: Scovillain|Scovillain, L50, M, shiny|100/100
|switch|p2b: Kingambit|Kingambit, L50, F, shiny|100/100
|turn|1
|
|t:|1784301257
|detailschange|p2a: Scovillain|Scovillain-Mega, L50, M, shiny
|-mega|p2a: Scovillain|Scovillain|Scovillainite
|detailschange|p1a: Swampert|Swampert-Mega, L50, F
|-mega|p1a: Swampert|Swampert|Swampertite
|move|p1a: Swampert|Protect|p1a: Swampert
|-singleturn|p1a: Swampert|Protect
|move|p2a: Scovillain|Giga Drain|p1a: Swampert
|-activate|p1a: Swampert|move: Protect
|move|p2b: Kingambit|Kowtow Cleave|p1b: Farigiraf
|-supereffective|p1b: Farigiraf|1
|-damage|p1b: Farigiraf|6/100
|-enditem|p1b: Farigiraf|Sitrus Berry|[eat]
|-heal|p1b: Farigiraf|31/100|[from] item: Sitrus Berry
|-damage|p2b: Kingambit|90/100|[from] item: Life Orb
|move|p1b: Farigiraf|Trick Room|p1b: Farigiraf
|-fieldstart|move: Trick Room|[of] p1b: Farigiraf
|
|upkeep
|turn|2
|inactive|henr220410 has 30 seconds left.
|inactive|FunkleVGC has 30 seconds left.
|
|t:|1784301285
|move|p2b: Kingambit|Swords Dance|p2b: Kingambit
|-boost|p2b: Kingambit|atk|2
|move|p1b: Farigiraf|Expanding Force|p2a: Scovillain
|-damage|p2a: Scovillain|68/100
|-status|p1b: Farigiraf|brn|[from] ability: Spicy Spray|[of] p2a: Scovillain
|move|p1a: Swampert|Wave Crash|p2b: Kingambit
|-damage|p2b: Kingambit|35/100
|-damage|p1a: Swampert|81/100|[from] Recoil
|move|p2a: Scovillain|Giga Drain|p1a: Swampert
|-supereffective|p1a: Swampert|2
|-damage|p1a: Swampert|0 fnt
|-heal|p2a: Scovillain|100/100|[from] drain|[of] p1a: Swampert
|faint|p1a: Swampert
|
|-damage|p1b: Farigiraf|24/100 brn|[from] brn
|upkeep
|
|t:|1784301310
|switch|p1a: Corviknight|Corviknight, L50, F|100/100
|-ability|p1a: Corviknight|Pressure
|turn|3
|
|t:|1784301320
|move|p2b: Kingambit|Protect|p2b: Kingambit
|-singleturn|p2b: Kingambit|Protect
|move|p1b: Farigiraf|Thunderbolt|p2b: Kingambit
|-activate|p2b: Kingambit|move: Protect
|move|p1a: Corviknight|Iron Defense|p1a: Corviknight
|-boost|p1a: Corviknight|def|2
|move|p2a: Scovillain|Flamethrower|p1b: Farigiraf
|-damage|p1b: Farigiraf|0 fnt
|faint|p1b: Farigiraf
|
|upkeep
|
|t:|1784301332
|switch|p1b: Annihilape|Annihilape, L50, M|100/100
|turn|4
|inactive|FunkleVGC has 30 seconds left.
|inactive|FunkleVGC has 20 seconds left.
|
|t:|1784301368
|move|p2b: Kingambit|Kowtow Cleave|p1b: Annihilape
|-crit|p1b: Annihilape
|-damage|p1b: Annihilape|0 fnt
|faint|p1b: Annihilape
|-damage|p2b: Kingambit|25/100|[from] item: Life Orb
|move|p1a: Corviknight|Brave Bird|p2a: Scovillain
|-supereffective|p2a: Scovillain|1
|-damage|p2a: Scovillain|30/100
|-status|p1a: Corviknight|brn|[from] ability: Spicy Spray|[of] p2a: Scovillain
|-damage|p1a: Corviknight|80/100 brn|[from] Recoil
|move|p2a: Scovillain|Flamethrower|p1a: Corviknight
|-supereffective|p1a: Corviknight|1
|-enditem|p1a: Corviknight|Occa Berry|[eat]
|-enditem|p1a: Corviknight|Occa Berry|[weaken]
|-damage|p1a: Corviknight|38/100 brn
|
|-damage|p1a: Corviknight|32/100 brn|[from] brn
|upkeep
|turn|5
|
|t:|1784301389
|move|p2b: Kingambit|Sucker Punch|p1a: Corviknight
|-damage|p1a: Corviknight|0 fnt
|faint|p1a: Corviknight
|-damage|p2b: Kingambit|15/100|[from] item: Life Orb
|
|win|FunkleVGC
