|j|☆cns14774
|j|☆reallove85tw
|html|cns14774reallove85tw    
|uhtml|bestof|Game 3 of a best-of-3
|t:|1786105029
|gametype|doubles
|player|p1|cns14774|red|
|player|p2|reallove85tw|acerola|
|gen|9
|tier|[Gen 9 Champions] VGC 2026 Reg M-B (Bo3)
|rule|Species Clause: Limit one of each Pokémon
|rule|Item Clause: Limit 1 of each item
|clearpoke
|poke|p1|Raichu, L50, F|
|poke|p1|Staraptor, L50, F|
|poke|p1|Arcanine-Hisui, L50, M|
|poke|p1|Farigiraf, L50, M|
|poke|p1|Sylveon, L50, F|
|poke|p1|Kingambit, L50, M|
|poke|p2|Raichu, L50, F|
|poke|p2|Staraptor, L50, F|
|poke|p2|Arcanine-Hisui, L50, M|
|poke|p2|Farigiraf, L50, M|
|poke|p2|Sylveon, L50, F|
|poke|p2|Kingambit, L50, M|
|teampreview|4
|showteam|p1|Raichu||RaichuniteY|LightningRod|ZapCannon,FocusBlast,FakeOut,Protect|Timid||F|||50|]Staraptor||Staraptite|Intimidate|CloseCombat,DualWingbeat,Tailwind,Protect|Jolly||F|||50|]Arcanine-Hisui||FocusSash|RockHead|FlareBlitz,HeadSmash,ExtremeSpeed,Protect|Jolly||M|||50|]Farigiraf||SitrusBerry|ArmorTail|Psychic,HelpingHand,TrickRoom,Protect|Calm||M|||50|]Sylveon||FairyFeather|Pixilate|HyperVoice,QuickAttack,HyperBeam,Detect|Modest||F|||50|]Kingambit||LifeOrb|Defiant|KowtowCleave,SuckerPunch,SwordsDance,Protect|Adamant||M|||50|
|showteam|p2|Raichu||RaichuniteY|LightningRod|ZapCannon,FocusBlast,FakeOut,Protect|Timid||F|||50|]Staraptor||Staraptite|Intimidate|CloseCombat,DualWingbeat,Tailwind,Protect|Jolly||F|||50|]Arcanine-Hisui||FocusSash|RockHead|FlareBlitz,HeadSmash,ExtremeSpeed,Protect|Jolly||M|||50|]Farigiraf||SitrusBerry|ArmorTail|Psychic,HelpingHand,TrickRoom,Protect|Calm||M|||50|]Sylveon||FairyFeather|Pixilate|HyperVoice,QuickAttack,HyperBeam,Detect|Modest||F|||50|]Kingambit||LifeOrb|Defiant|KowtowCleave,SuckerPunch,SwordsDance,Protect|Adamant||M|||50|
|inactive|Battle timer is ON: inactive players will automatically lose when time's up. (requested by cns14774)
|j| kuoli00021
|j| ChienX2
|j| E10tsetingteam
|inactive|cns14774 has 60 seconds left.
|inactive|cns14774 has 30 seconds left.
|j| aim1995
|inactive|cns14774 has 20 seconds left.
|inactive|cns14774 has 15 seconds left.
|
|t:|1786105108
|teamsize|p1|4
|teamsize|p2|4
|start
|switch|p1a: Raichu|Raichu, L50, F|100/100
|switch|p1b: Arcanine|Arcanine-Hisui, L50, M|100/100
|switch|p2a: Raichu|Raichu, L50, F|100/100
|switch|p2b: Sylveon|Sylveon, L50, F|100/100
|turn|1
|
|t:|1786105129
|switch|p2b: Staraptor|Staraptor, L50, F|100/100
|-ability|p2b: Staraptor|Intimidate|boost
|-unboost|p1a: Raichu|atk|1
|-unboost|p1b: Arcanine|atk|1
|move|p2a: Raichu|Fake Out|p1b: Arcanine
|-resisted|p1b: Arcanine|1
|-damage|p1b: Arcanine|95/100
|move|p1a: Raichu|Fake Out|p2a: Raichu
|-damage|p2a: Raichu|91/100
|cant|p1b: Arcanine|flinch
|
|upkeep
|turn|2
|inactive|reallove85tw has 30 seconds left.
|
|t:|1786105158
|switch|p1b: Staraptor|Staraptor, L50, F|100/100
|-ability|p1b: Staraptor|Intimidate|boost
|-unboost|p2a: Raichu|atk|1
|-unboost|p2b: Staraptor|atk|1
|detailschange|p2b: Staraptor|Staraptor-Mega, L50, F
|-mega|p2b: Staraptor|Staraptor|Staraptite
|move|p2a: Raichu|Protect|p2a: Raichu
|-singleturn|p2a: Raichu|Protect
|move|p1a: Raichu|Focus Blast|p2a: Raichu
|-activate|p2a: Raichu|move: Protect
|move|p2b: Staraptor|Close Combat|p1b: Staraptor
|-damage|p1b: Staraptor|48/100
|-boost|p2b: Staraptor|def|1
|-boost|p2b: Staraptor|spd|1
|
|upkeep
|turn|3
|inactive|cns14774 has 30 seconds left.
|inactive|reallove85tw has 30 seconds left.
|inactive|cns14774 has 20 seconds left.
|inactive|cns14774 has 15 seconds left.
|inactive|reallove85tw has 20 seconds left.
|inactive|cns14774 has 10 seconds left.
|inactive|reallove85tw has 15 seconds left.
|
|t:|1786105205
|switch|p1a: Sylveon|Sylveon, L50, F|100/100
|move|p1b: Staraptor|Protect|p1b: Staraptor
|-singleturn|p1b: Staraptor|Protect
|move|p2a: Raichu|Focus Blast|p1a: Sylveon|[miss]
|-miss|p2a: Raichu|p1a: Sylveon
|move|p2b: Staraptor|Close Combat|p1a: Sylveon
|-resisted|p1a: Sylveon|1
|-damage|p1a: Sylveon|77/100
|-boost|p2b: Staraptor|def|1
|-boost|p2b: Staraptor|spd|1
|
|upkeep
|turn|4
|
|t:|1786105225
|move|p2a: Raichu|Focus Blast|p1b: Staraptor
|-damage|p1b: Staraptor|9/100
|move|p2b: Staraptor|Close Combat|p1b: Staraptor
|-damage|p1b: Staraptor|0 fnt
|-boost|p2b: Staraptor|def|1
|-boost|p2b: Staraptor|spd|1
|faint|p1b: Staraptor
|move|p1a: Sylveon|Hyper Beam|p2b: Staraptor
|-supereffective|p2b: Staraptor|1
|-damage|p2b: Staraptor|4/100
|-mustrecharge|p1a: Sylveon
|
|upkeep
|inactive|cns14774 has 30 seconds left.
|inactive|cns14774 has 20 seconds left.
|inactive|cns14774 has 15 seconds left.
|inactive|cns14774 has 10 seconds left.
|inactive|cns14774 has 5 seconds left.
|
|t:|1786105277
|switch|p1b: Arcanine|Arcanine-Hisui, L50, M|95/100
|turn|5
|
|t:|1786105302
|switch|p2a: Arcanine|Arcanine-Hisui, L50, M|100/100
|move|p2b: Staraptor|Protect|p2b: Staraptor
|-singleturn|p2b: Staraptor|Protect
|move|p1b: Arcanine|Extreme Speed|p2b: Staraptor
|-activate|p2b: Staraptor|move: Protect
|cant|p1a: Sylveon|recharge
|
|upkeep
|turn|6
|
|t:|1786105322
|move|p1a: Sylveon|Quick Attack|p2b: Staraptor
|-supereffective|p2b: Staraptor|1
|-damage|p2b: Staraptor|0 fnt
|faint|p2b: Staraptor
|move|p2a: Arcanine|Head Smash|p1a: Sylveon|[miss]
|-miss|p2a: Arcanine|p1a: Sylveon
|move|p1b: Arcanine|Head Smash|p2a: Arcanine
|-supereffective|p2a: Arcanine|1
|-enditem|p2a: Arcanine|Focus Sash
|-damage|p2a: Arcanine|1/100
|
|upkeep
|
|t:|1786105343
|switch|p2b: Raichu|Raichu, L50, F|91/100
|turn|7
|inactive|cns14774 has 30 seconds left.
|inactive|cns14774 has 20 seconds left.
|inactive|cns14774 has 15 seconds left.
|inactive|cns14774 has 10 seconds left.
|
|t:|1786105391
|move|p1b: Arcanine|Protect|p1b: Arcanine
|-singleturn|p1b: Arcanine|Protect
|move|p2a: Arcanine|Protect|p2a: Arcanine
|-singleturn|p2a: Arcanine|Protect
|move|p1a: Sylveon|Detect|p1a: Sylveon
|-singleturn|p1a: Sylveon|Protect
|move|p2b: Raichu|Focus Blast|p1b: Arcanine
|-activate|p1b: Arcanine|move: Protect
|
|upkeep
|turn|8
|
|t:|1786105410
|switch|p1b: Raichu|Raichu, L50, F|100/100
|move|p2a: Arcanine|Extreme Speed|p1a: Sylveon
|-damage|p1a: Sylveon|47/100
|move|p1a: Sylveon|Quick Attack|p2a: Arcanine
|-resisted|p2a: Arcanine|1
|-damage|p2a: Arcanine|0 fnt
|faint|p2a: Arcanine
|move|p2b: Raichu|Focus Blast|p1b: Raichu
|-damage|p1b: Raichu|67/100
|
|upkeep
|
|t:|1786105421
|switch|p2a: Sylveon|Sylveon, L50, F|100/100
|turn|9
|inactive|cns14774 has 30 seconds left.
|inactive|cns14774 has 20 seconds left.
|
|t:|1786105456
|switch|p1a: Arcanine|Arcanine-Hisui, L50, M|95/100
|move|p2a: Sylveon|Detect|p2a: Sylveon
|-singleturn|p2a: Sylveon|Protect
|move|p1b: Raichu|Fake Out|p2b: Raichu
|-damage|p2b: Raichu|76/100
|cant|p2b: Raichu|flinch
|
|upkeep
|turn|10
|inactive|cns14774 has 30 seconds left.
|
|t:|1786105489
|move|p1b: Raichu|Zap Cannon|p2b: Raichu
|-activate|p2b: Raichu|ability: Lightning Rod
|-ability|p2b: Raichu|Lightning Rod|boost
|-boost|p2b: Raichu|spa|1
|move|p2b: Raichu|Focus Blast|p1a: Arcanine
|-supereffective|p1a: Arcanine|1
|-damage|p1a: Arcanine|0 fnt
|faint|p1a: Arcanine
|move|p2a: Sylveon|Hyper Voice|p1b: Raichu
|-damage|p1b: Raichu|0 fnt
|faint|p1b: Raichu
|
|upkeep
|
|t:|1786105498
|switch|p1b: Sylveon|Sylveon, L50, F|47/100
|turn|11
|-message|cns14774 forfeited.
|
|win|reallove85tw
|l|☆cns14774
|player|p1|
|l| E10tsetingteam
|l| ChienX2
