|j|☆mumu2
|j|☆328august
|html|mumu2328august    
|uhtml|bestof|Game 1 of a best-of-3
|t:|1784767889
|gametype|doubles
|player|p1|mumu2|cyclistf|1156
|player|p2|328august|102|1050
|gen|9
|tier|[Gen 9 Champions] VGC 2026 Reg M-B (Bo3)
|rated|
|rule|Species Clause: Limit one of each Pokémon
|rule|Item Clause: Limit 1 of each item
|clearpoke
|poke|p1|Charizard, L50, M|
|poke|p1|Venusaur, L50, M|
|poke|p1|Garchomp, L50, F|
|poke|p1|Annihilape, L50, M|
|poke|p1|Incineroar, L50, F|
|poke|p1|Toxapex, L50, F|
|poke|p2|Raichu, L50, M|
|poke|p2|Sinistcha-Masterpiece, L50|
|poke|p2|Grimmsnarl, L50, M|
|poke|p2|Gholdengo, L50|
|poke|p2|Talonflame, L50, M|
|poke|p2|Garchomp, L50, M|
|teampreview|4
|showteam|p1|Charizard||CharizarditeY|Blaze|HeatWave,WeatherBall,HelpingHand,Protect|Modest||M|||50|]Venusaur||LifeOrb|Chlorophyll|SludgeBomb,SolarBeam,EarthPower,Protect|Modest||M|||50|]Garchomp||ChoiceScarf|RoughSkin|DragonClaw,Earthquake,RockSlide,StompingTantrum|Adamant||F|||50|]Annihilape||FocusSash|Defiant|PhantomForce,CloseCombat,Protect,RockTomb|Jolly||M|||50|]Incineroar||SitrusBerry|Intimidate|FlareBlitz,ThroatChop,PartingShot,FakeOut|Impish||F|||50|]Toxapex||Leftovers|Regenerator|Toxic,Infestation,WideGuard,BanefulBunker|Bold||F|||50|
|showteam|p2|Raichu||RaichuniteX|LightningRod|RisingVoltage,AlluringVoice,NastyPlot,Protect|Timid||M|||50|]Sinistcha-Masterpiece||ColburBerry|Hospitality|MatchaGotcha,RagePowder,TrickRoom,Protect|Bold|||||50|]Grimmsnarl||LightClay|Prankster|SpiritBreak,LightScreen,Reflect,PartingShot|Careful||M|||50|]Gholdengo||LifeOrb|GoodasGold|MakeItRain,ShadowBall,NastyPlot,Protect|Modest|||||50|]Talonflame||SharpBeak|GaleWings|FlareBlitz,DualWingbeat,Tailwind,Protect|Adamant||M|||50|]Garchomp||ChoiceScarf|RoughSkin|DragonClaw,StompingTantrum,Earthquake,RockSlide|Adamant||M|||50|
|inactive|Battle timer is ON: inactive players will automatically lose when time's up. (requested by mumu2)
|
|t:|1784767933
|teamsize|p1|4
|teamsize|p2|4
|start
|switch|p1a: Charizard|Charizard, L50, M|100/100
|switch|p1b: Venusaur|Venusaur, L50, M|100/100
|switch|p2a: Talonflame|Talonflame, L50, M|100/100
|switch|p2b: Raichu|Raichu, L50, M|100/100
|turn|1
|
|t:|1784767948
|detailschange|p1a: Charizard|Charizard-Mega-Y, L50, M
|-mega|p1a: Charizard|Charizard|Charizardite Y
|-weather|SunnyDay|[from] ability: Drought|[of] p1a: Charizard
|move|p2b: Raichu|Protect|p2b: Raichu
|-singleturn|p2b: Raichu|Protect
|move|p1a: Charizard|Protect|p1a: Charizard
|-singleturn|p1a: Charizard|Protect
|move|p2a: Talonflame|Dual Wingbeat|p1b: Venusaur
|-supereffective|p1b: Venusaur|1
|-damage|p1b: Venusaur|49/100
|-supereffective|p1b: Venusaur|1
|-damage|p1b: Venusaur|3/100
|-hitcount|p1b: Venusaur|2
|move|p1b: Venusaur|Earth Power|p2b: Raichu
|-activate|p2b: Raichu|move: Protect
|
|-weather|SunnyDay|[upkeep]
|upkeep
|turn|2
|
|t:|1784767969
|switch|p1b: Toxapex|Toxapex, L50, F|100/100
|switch|p1a: Garchomp|Garchomp, L50, F|100/100
|detailschange|p2b: Raichu|Raichu-Mega-X, L50, M
|-mega|p2b: Raichu|Raichu|Raichunite X
|-fieldstart|move: Electric Terrain|[from] ability: Electric Surge|[of] p2b: Raichu
|move|p2a: Talonflame|Dual Wingbeat|p1b: Toxapex
|-damage|p1b: Toxapex|85/100
|-damage|p1b: Toxapex|71/100
|-hitcount|p1b: Toxapex|2
|move|p2b: Raichu|Rising Voltage|p1a: Garchomp
|-immune|p1a: Garchomp
|
|-weather|SunnyDay|[upkeep]
|-heal|p1b: Toxapex|77/100|[from] item: Leftovers
|upkeep
|turn|3
|inactive|mumu2 has 30 seconds left.
|
|t:|1784768003
|move|p2b: Raichu|Protect|p2b: Raichu
|-singleturn|p2b: Raichu|Protect
|move|p1b: Toxapex|Wide Guard|p1b: Toxapex
|-singleturn|p1b: Toxapex|Wide Guard
|move|p2a: Talonflame|Tailwind|p2a: Talonflame
|-sidestart|p2: 328august|move: Tailwind
|move|p1a: Garchomp|Rock Slide|p2a: Talonflame|[spread] p2a
|-activate|p2b: Raichu|move: Protect
|-supereffective|p2a: Talonflame|2
|-damage|p2a: Talonflame|0 fnt
|faint|p2a: Talonflame
|
|-weather|SunnyDay|[upkeep]
|-heal|p1b: Toxapex|83/100|[from] item: Leftovers
|upkeep
|
|t:|1784768012
|switch|p2a: Garchomp|Garchomp, L50, M|100/100
|turn|4
|
|t:|1784768019
|switch|p1a: Venusaur|Venusaur, L50, M|3/100
|move|p2a: Garchomp|Dragon Claw|p1a: Venusaur
|-damage|p1a: Venusaur|0 fnt
|faint|p1a: Venusaur
|move|p2b: Raichu|Rising Voltage|p1b: Toxapex
|-hint|Rising Voltage's BP doubled on grounded target.
|-supereffective|p1b: Toxapex|1
|-damage|p1b: Toxapex|0 fnt
|faint|p1b: Toxapex
|
|-weather|SunnyDay|[upkeep]
|upkeep
|
|t:|1784768022
|switch|p1a: Charizard|Charizard-Mega-Y, L50, M|100/100
|switch|p1b: Garchomp|Garchomp, L50, F|100/100
|turn|5
|
|t:|1784768040
|move|p1a: Charizard|Helping Hand|p1b: Garchomp
|-singleturn|p1b: Garchomp|Helping Hand|[of] p1a: Charizard
|move|p2a: Garchomp|Dragon Claw|p1b: Garchomp
|-supereffective|p1b: Garchomp|1
|-damage|p1b: Garchomp|16/100
|-damage|p2a: Garchomp|87/100|[from] ability: Rough Skin|[of] p1b: Garchomp
|move|p2b: Raichu|Rising Voltage|p1a: Charizard
|-supereffective|p1a: Charizard|1
|-damage|p1a: Charizard|35/100
|move|p1b: Garchomp|Earthquake|p2a: Garchomp|[spread] p2a,p2b
|-immune|p1a: Charizard
|-supereffective|p2b: Raichu|1
|-damage|p2a: Garchomp|27/100
|-damage|p2b: Raichu|0 fnt
|faint|p2b: Raichu
|
|-weather|none
|upkeep
|-message|mumu2 forfeited.
|
|win|328august
||mumu2 is ready for game 2.
|inactive|328august has 30 seconds to confirm battle start!
|inactive|328august has 20 seconds to confirm battle start!
|inactive|328august has 10 seconds to confirm battle start!
||328august is ready for game 2.
|uhtml|next|Next: Game 2 of 3
|l|☆328august
|player|p2|
