|j|☆DeditoALaPanchita
|j|☆Stereofloveeee
|html|DeditoALaPanchitaStereofloveeee    
|uhtml|bestof|Game 2 of a best-of-3
|t:|1786039046
|gametype|doubles
|player|p1|DeditoALaPanchita|striker|1044
|player|p2|Stereofloveeee|102|1121
|gen|9
|tier|[Gen 9 Champions] VGC 2026 Reg M-B (Bo3)
|rated|
|rule|Species Clause: Limit one of each Pokémon
|rule|Item Clause: Limit 1 of each item
|clearpoke
|poke|p1|Floette-Eternal, L50, F|
|poke|p1|Incineroar, L50, F, shiny|
|poke|p1|Sinistcha-Masterpiece, L50, shiny|
|poke|p1|Milotic, L50, F|
|poke|p1|Raichu, L50, M|
|poke|p1|Ceruledge, L50, M|
|poke|p2|Excadrill, L50, F|
|poke|p2|Tyranitar, L50, F, shiny|
|poke|p2|Sinistcha, L50|
|poke|p2|Milotic, L50, F, shiny|
|poke|p2|Gholdengo, L50|
|poke|p2|Staraptor, L50, F, shiny|
|teampreview|4
|showteam|p1|Floette-Eternal||Floettite|FlowerVeil|Moonblast,DazzlingGleam,CalmMind,Protect|Modest||F|||50|]Incineroar||SitrusBerry|Intimidate|FakeOut,PartingShot,ThroatChop,FlareBlitz|Careful||F|||50|]Sinistcha-Masterpiece||KasibBerry|Hospitality|MatchaGotcha,LifeDew,RagePowder,TrickRoom|Bold|||||50|]Milotic||Leftovers|MarvelScale|MuddyWater,Coil,Hypnosis,Recover|Calm||F|||50|]Raichu||RaichuniteY|Static|FakeOut,ZapCannon,FocusBlast,Protect|Timid||M|||50|]Ceruledge||ColburBerry|FlashFire|BitterBlade,ShadowSneak,BulkUp,Protect|Adamant||M|||50|
|showteam|p2|Excadrill||FocusSash|SandRush|HighHorsepower,Protect,RockSlide,IronHead|Adamant||F|||50|]Tyranitar||Tyranitarite|SandStream|RockSlide,KnockOff,Protect,LowKick|Adamant||F|||50|]Sinistcha||SitrusBerry|Hospitality|MatchaGotcha,LifeDew,RagePowder,ShadowBall|Modest|||||50|]Milotic||Leftovers|Competitive|Scald,IceBeam,IcyWind,Protect|Quiet||F|||50|]Gholdengo||LifeOrb|GoodasGold|MakeItRain,NastyPlot,ShadowBall,Protect|Timid|||||50|]Staraptor||Staraptite|Intimidate|BraveBird,CloseCombat,Tailwind,Protect|Jolly||F|||50|
|inactive|Battle timer is ON: inactive players will automatically lose when time's up. (requested by DeditoALaPanchita)
|
|t:|1786039091
|teamsize|p1|4
|teamsize|p2|4
|start
|switch|p1a: Felicidad|Floette-Eternal, L50, F|100/100
|switch|p1b: Milotic|Milotic, L50, F|100/100
|switch|p2a: Sinistcha|Sinistcha, L50|100/100
|switch|p2b: Staraptor|Staraptor, L50, F, shiny|100/100
|-ability|p2b: Staraptor|Intimidate|boost
|-unboost|p1a: Felicidad|atk|1
|-unboost|p1b: Milotic|atk|1
|turn|1
|inactive|DeditoALaPanchita has 30 seconds left.
|inactive|DeditoALaPanchita has 20 seconds left.
|
|t:|1786039130
|switch|p1b: Friends Take|Incineroar, L50, F, shiny|100/100
|-ability|p1b: Friends Take|Intimidate|boost
|-unboost|p2a: Sinistcha|atk|1
|-unboost|p2b: Staraptor|atk|1
|detailschange|p1a: Felicidad|Floette-Mega, L50, F
|-mega|p1a: Felicidad|Floette|Floettite
|-ability|p1a: Felicidad|Fairy Aura
|move|p2b: Staraptor|Tailwind|p2b: Staraptor
|-sidestart|p2: Stereofloveeee|move: Tailwind
|move|p2a: Sinistcha|Matcha Gotcha|p1b: Friends Take|[spread] p1a,p1b
|-resisted|p1b: Friends Take|1
|-damage|p1a: Felicidad|78/100
|-damage|p1b: Friends Take|88/100
|move|p1a: Felicidad|Calm Mind|p1a: Felicidad
|-boost|p1a: Felicidad|spa|1
|-boost|p1a: Felicidad|spd|1
|
|upkeep
|turn|2
|inactive|Stereofloveeee has 30 seconds left.
|inactive|Stereofloveeee has 20 seconds left.
|inactive|Stereofloveeee has 15 seconds left.
|inactive|Stereofloveeee has 10 seconds left.
|
|t:|1786039176
|detailschange|p2b: Staraptor|Staraptor-Mega, L50, F, shiny
|-mega|p2b: Staraptor|Staraptor|Staraptite
|move|p1b: Friends Take|Fake Out|p2b: Staraptor
|-damage|p2b: Staraptor|89/100
|cant|p2b: Staraptor|flinch
|move|p2a: Sinistcha|Shadow Ball|p1a: Felicidad
|-damage|p1a: Felicidad|58/100
|move|p1a: Felicidad|Dazzling Gleam|p2b: Staraptor|[spread] p2a,p2b
|-supereffective|p2b: Staraptor|1
|-crit|p2b: Staraptor
|-damage|p2a: Sinistcha|33/100
|-damage|p2b: Staraptor|0 fnt
|-enditem|p2a: Sinistcha|Sitrus Berry|[eat]
|-heal|p2a: Sinistcha|58/100|[from] item: Sitrus Berry
|faint|p2b: Staraptor
|
|upkeep
|
|t:|1786039190
|switch|p2b: Excadrill|Excadrill, L50, F|100/100
|turn|3
|inactive|Stereofloveeee has 30 seconds left.
|
|t:|1786039216
|switch|p1b: DON JULIO|Sinistcha-Masterpiece, L50, shiny|100/100
|-heal|p1a: Felicidad|83/100|[from] ability: Hospitality|[of] p1b: DON JULIO
|move|p1a: Felicidad|Protect|p1a: Felicidad
|-singleturn|p1a: Felicidad|Protect
|move|p2a: Sinistcha|Rage Powder|p2a: Sinistcha
|-singleturn|p2a: Sinistcha|move: Rage Powder
|move|p2b: Excadrill|High Horsepower|p1b: DON JULIO
|-resisted|p1b: DON JULIO|1
|-damage|p1b: DON JULIO|77/100
|
|upkeep
|turn|4
|
|t:|1786039231
|move|p2a: Sinistcha|Rage Powder|p2a: Sinistcha
|-singleturn|p2a: Sinistcha|move: Rage Powder
|move|p1b: DON JULIO|Rage Powder|p1b: DON JULIO
|-singleturn|p1b: DON JULIO|move: Rage Powder
|move|p2b: Excadrill|Iron Head|p1b: DON JULIO
|-damage|p1b: DON JULIO|34/100
|move|p1a: Felicidad|Dazzling Gleam|p2a: Sinistcha|[spread] p2a,p2b
|-resisted|p2b: Excadrill|1
|-damage|p2a: Sinistcha|0 fnt
|-damage|p2b: Excadrill|49/100
|faint|p2a: Sinistcha
|
|-sideend|p2: Stereofloveeee|move: Tailwind
|upkeep
|
|t:|1786039240
|switch|p2a: Gholdengo|Gholdengo, L50|100/100
|turn|5
|
|t:|1786039258
|move|p1b: DON JULIO|Rage Powder|p1b: DON JULIO
|-singleturn|p1b: DON JULIO|move: Rage Powder
|move|p2a: Gholdengo|Nasty Plot|p2a: Gholdengo
|-boost|p2a: Gholdengo|spa|2
|move|p2b: Excadrill|Rock Slide|p1b: DON JULIO|[spread] p1a,p1b
|-crit|p1a: Felicidad
|-damage|p1a: Felicidad|51/100
|-damage|p1b: DON JULIO|15/100
|move|p1a: Felicidad|Dazzling Gleam|p2b: Excadrill|[spread] p2a,p2b
|-resisted|p2a: Gholdengo|1
|-resisted|p2b: Excadrill|1
|-damage|p2a: Gholdengo|56/100
|-damage|p2b: Excadrill|2/100
|
|upkeep
|turn|6
|inactive|Stereofloveeee has 30 seconds left.
|inactive|Stereofloveeee has 20 seconds left.
|inactive|Stereofloveeee has 15 seconds left.
|inactive|Stereofloveeee has 10 seconds left.
|
|t:|1786039307
|switch|p1b: Friends Take|Incineroar, L50, F, shiny|88/100
|-ability|p1b: Friends Take|Intimidate|boost
|-unboost|p2a: Gholdengo|atk|1
|-unboost|p2b: Excadrill|atk|1
|move|p1a: Felicidad|Protect|p1a: Felicidad
|-singleturn|p1a: Felicidad|Protect
|move|p2a: Gholdengo|Nasty Plot|p2a: Gholdengo
|-boost|p2a: Gholdengo|spa|2
|move|p2b: Excadrill|Rock Slide|p1b: Friends Take|[spread] p1b
|-activate|p1a: Felicidad|move: Protect
|-supereffective|p1b: Friends Take|1
|-damage|p1b: Friends Take|60/100
|
|upkeep
|turn|7
|
|t:|1786039331
|move|p2b: Excadrill|Protect|p2b: Excadrill
|-singleturn|p2b: Excadrill|Protect
|move|p1b: Friends Take|Fake Out|p2b: Excadrill
|-activate|p2b: Excadrill|move: Protect
|move|p2a: Gholdengo|Make It Rain|p1b: Friends Take|[spread] p1a,p1b
|-supereffective|p1a: Felicidad|1
|-resisted|p1b: Friends Take|1
|-damage|p1a: Felicidad|0 fnt
|-damage|p1b: Friends Take|0 fnt
|-unboost|p2a: Gholdengo|spa|2
|faint|p1a: Felicidad
|faint|p1b: Friends Take
|-damage|p2a: Gholdengo|46/100|[from] item: Life Orb
|
|upkeep
|
|t:|1786039338
|switch|p1a: Milotic|Milotic, L50, F|100/100
|switch|p1b: DON JULIO|Sinistcha-Masterpiece, L50, shiny|15/100
|turn|8
|inactive|Stereofloveeee has 30 seconds left.
|inactive|Stereofloveeee has 20 seconds left.
|inactive|Stereofloveeee has 15 seconds left.
|
|t:|1786039382
|move|p2a: Gholdengo|Make It Rain|p1a: Milotic|[spread] p1a,p1b
|-resisted|p1a: Milotic|1
|-damage|p1a: Milotic|58/100
|-damage|p1b: DON JULIO|0 fnt
|-unboost|p2a: Gholdengo|spa|2
|faint|p1b: DON JULIO
|-damage|p2a: Gholdengo|36/100|[from] item: Life Orb
|move|p2b: Excadrill|High Horsepower|p1a: Milotic
|-damage|p1a: Milotic|20/100y
|move|p1a: Milotic|Muddy Water|p2b: Excadrill|[spread] p2a,p2b
|-supereffective|p2b: Excadrill|1
|-damage|p2a: Gholdengo|8/100
|-damage|p2b: Excadrill|0 fnt
|faint|p2b: Excadrill
|
|-heal|p1a: Milotic|26/100|[from] item: Leftovers
|upkeep
|turn|9
|
|t:|1786039396
|move|p2a: Gholdengo|Shadow Ball|p1a: Milotic
|-damage|p1a: Milotic|0 fnt
|faint|p1a: Milotic
|-damage|p2a: Gholdengo|0 fnt|[from] item: Life Orb
|faint|p2a: Gholdengo
|
|win|Stereofloveeee
