|j|☆n1shan
|j|☆viatles
|html|n1shanviatles    
|uhtml|bestof|Game 2 of a best-of-3
|t:|1756927447
|gametype|doubles
|player|p1|n1shan|266|1040
|player|p2|viatles|hiker|1033
|gen|9
|tier|[Gen 9] VGC 2025 Reg H (Bo3)
|rated|
|rule|Species Clause: Limit one of each Pokémon
|rule|Item Clause: Limit 1 of each item
|clearpoke
|poke|p1|Incineroar, L50, F|
|poke|p1|Basculegion, L50, M|
|poke|p1|Dragonite, L50, M|
|poke|p1|Gothitelle, L50, M|
|poke|p1|Archaludon, L50, F|
|poke|p1|Politoed, L50, F|
|poke|p2|Oricorio-Sensu, L50, M|
|poke|p2|Volcarona, L50, F|
|poke|p2|Garchomp, L50, M|
|poke|p2|Scizor, L50, F|
|poke|p2|Mienshao, L50, F|
|poke|p2|Milotic, L50, M|
|teampreview|4
|showteam|p1|Incineroar||SafetyGoggles|Intimidate|FakeOut,KnockOff,PartingShot,FlareBlitz|||F|||50|,,,,,Ghost]Basculegion||AssaultVest|SwiftSwim|WaveCrash,AquaJet,FlipTurn,LastRespects|||M|||50|,,,,,Water]Dragonite||LoadedDice|Multiscale|ExtremeSpeed,Tailwind,ScaleShot,Protect|||M|||50|,,,,,Normal]Gothitelle||CovertCloak|ShadowTag|FakeOut,Protect,TrickRoom,Psychic|||M|||50|,,,,,Steel]Archaludon||PowerHerb|Stamina|ElectroShot,FlashCannon,Snarl,Protect|||F|||50|,,,,,Electric]Politoed||Leftovers|Drizzle|PerishSong,WeatherBall,Protect,Encore|||F|||50|,,,,,Grass
|showteam|p2|Oricorio-Sensu||FocusSash|Dancer|QuiverDance,BatonPass,RevelationDance,Protect|||M|||50|,,,,,Fighting]Volcarona||SitrusBerry|FlameBody|QuiverDance,GigaDrain,FieryDance,Protect|||F|||50|,,,,,Grass]Garchomp||ClearAmulet|RoughSkin|IronHead,DragonClaw,RockSlide,Earthquake|||M|||50|,,,,,Steel]Scizor||AssaultVest|Technician|BulletPunch,BugBite,DualWingbeat,Thief|||F|||50|,,,,,Stellar]Mienshao||SafetyGoggles|InnerFocus|FakeOut,CloseCombat,TripleAxel,WideGuard|||F|||50|,,,,,Fire]Milotic||Leftovers|Competitive|Scald,Protect,IcyWind,LifeDew|||M|||50|,,,,,Grass
|
|t:|1756927471
|teamsize|p1|4
|teamsize|p2|4
|start
|switch|p1a: Archaludon|Archaludon, L50, F|100/100
|switch|p1b: Politoed|Politoed, L50, F|100/100
|switch|p2a: Mienshao|Mienshao, L50, F|100/100
|switch|p2b: Volcarona|Volcarona, L50, F|100/100
|-weather|RainDance|[from] ability: Drizzle|[of] p1b: Politoed
|turn|1
|
|t:|1756927497
|move|p1a: Archaludon|Protect|p1a: Archaludon
|-singleturn|p1a: Archaludon|Protect
|move|p2a: Mienshao|Fake Out|p1b: Politoed
|-damage|p1b: Politoed|86/100
|move|p2b: Volcarona|Quiver Dance|p2b: Volcarona
|-boost|p2b: Volcarona|spa|1
|-boost|p2b: Volcarona|spd|1
|-boost|p2b: Volcarona|spe|1
|cant|p1b: Politoed|flinch
|
|-weather|RainDance|[upkeep]
|-heal|p1b: Politoed|92/100|[from] item: Leftovers
|upkeep
|turn|2
|
|t:|1756927535
|switch|p2a: Garchomp|Garchomp, L50, M|100/100
|-terastallize|p2b: Volcarona|Grass
|-terastallize|p1a: Archaludon|Electric
|move|p1b: Politoed|Protect|p1b: Politoed
|-singleturn|p1b: Politoed|Protect
|move|p2b: Volcarona|Giga Drain|p1b: Politoed
|-activate|p1b: Politoed|move: Protect
|move|p1a: Archaludon|Electro Shot||[still]
|-prepare|p1a: Archaludon|Electro Shot
|-boost|p1a: Archaludon|spa|1
|-anim|p1a: Archaludon|Electro Shot|p2a: Garchomp
|-immune|p2a: Garchomp
|
|-weather|RainDance|[upkeep]
|-heal|p1b: Politoed|98/100|[from] item: Leftovers
|upkeep
|turn|3
|
|t:|1756927566
|switch|p1a: Gothitelle|Gothitelle, L50, M|100/100
|move|p2b: Volcarona|Giga Drain|p1b: Politoed
|-supereffective|p1b: Politoed
|-damage|p1b: Politoed|7/100
|move|p2a: Garchomp|Rock Slide|p1a: Gothitelle|[spread] p1a,p1b
|-damage|p1a: Gothitelle|80/100
|-damage|p1b: Politoed|0 fnt
|faint|p1b: Politoed
|
|-weather|RainDance|[upkeep]
|upkeep
|
|t:|1756927576
|switch|p1b: Basculegion|Basculegion, L50, M|100/100
|turn|4
|
|t:|1756927601
|move|p2b: Volcarona|Protect|p2b: Volcarona
|-singleturn|p2b: Volcarona|Protect
|move|p1a: Gothitelle|Fake Out|p2b: Volcarona
|-activate|p2b: Volcarona|move: Protect
|move|p1b: Basculegion|Wave Crash|p2a: Garchomp
|-damage|p2a: Garchomp|10/100
|-damage|p1b: Basculegion|88/100|[from] ability: Rough Skin|[of] p2a: Garchomp
|-damage|p1b: Basculegion|61/100|[from] Recoil
|move|p2a: Garchomp|Rock Slide|p1a: Gothitelle|[spread] p1a,p1b
|-damage|p1a: Gothitelle|59/100
|-damage|p1b: Basculegion|40/100
|
|-weather|RainDance|[upkeep]
|upkeep
|turn|5
|
|t:|1756927624
|move|p1a: Gothitelle|Protect|p1a: Gothitelle
|-singleturn|p1a: Gothitelle|Protect
|move|p1b: Basculegion|Aqua Jet|p2a: Garchomp
|-damage|p2a: Garchomp|0 fnt
|-damage|p1b: Basculegion|28/100|[from] ability: Rough Skin|[of] p2a: Garchomp
|faint|p2a: Garchomp
|move|p2b: Volcarona|Giga Drain|p1b: Basculegion
|-supereffective|p1b: Basculegion
|-damage|p1b: Basculegion|0 fnt
|faint|p1b: Basculegion
|
|-weather|none
|upkeep
|
|t:|1756927638
|switch|p2a: Mienshao|Mienshao, L50, F|100/100
|switch|p1b: Archaludon|Archaludon, L50, F, tera:Electric|100/100
|turn|6
|
|t:|1756927658
|move|p2a: Mienshao|Fake Out|p1b: Archaludon
|-damage|p1b: Archaludon|89/100
|-ability|p1b: Archaludon|Stamina|boost
|-boost|p1b: Archaludon|def|1
|move|p2b: Volcarona|Quiver Dance|p2b: Volcarona
|-boost|p2b: Volcarona|spa|1
|-boost|p2b: Volcarona|spd|1
|-boost|p2b: Volcarona|spe|1
|cant|p1b: Archaludon|flinch
|move|p1a: Gothitelle|Psychic|p2a: Mienshao
|-supereffective|p2a: Mienshao
|-damage|p2a: Mienshao|0 fnt
|faint|p2a: Mienshao
|
|upkeep
|
|t:|1756927671
|switch|p2a: Oricorio|Oricorio-Sensu, L50, M|100/100
|turn|7
|
|t:|1756927695
|move|p2a: Oricorio|Protect|p2a: Oricorio
|-singleturn|p2a: Oricorio|Protect
|move|p2b: Volcarona|Fiery Dance|p1b: Archaludon
|-damage|p1b: Archaludon|3/100
|-boost|p2b: Volcarona|spa|1
|-ability|p1b: Archaludon|Stamina|boost
|-boost|p1b: Archaludon|def|1
|-activate|p2a: Oricorio|ability: Dancer
|move|p2a: Oricorio|Fiery Dance|p1b: Archaludon|[from] ability: Dancer
|-damage|p1b: Archaludon|0 fnt
|faint|p1b: Archaludon
|move|p1a: Gothitelle|Trick Room|p1a: Gothitelle
|-fieldstart|move: Trick Room|[of] p1a: Gothitelle
|
|upkeep
|turn|8
|-message|n1shan forfeited.
|
|win|viatles
|raw|n1shan's rating: 1040 → 1024(-16 for losing)
|raw|viatles's rating: 1033 → 1069(+36 for winning)
|l|☆n1shan
|player|p1|
|c|☆viatles|gg
