|j|☆natsukivgc
|j|☆ccrispy5
|html|natsukivgcccrispy5    
|uhtml|bestof|Game 2 of a best-of-3
|t:|1785367795
|gametype|doubles
|player|p1|natsukivgc|1|1209
|player|p2|ccrispy5|101|1123
|gen|9
|tier|[Gen 9 Champions] VGC 2026 Reg M-B (Bo3)
|rated|
|rule|Species Clause: Limit one of each Pokémon
|rule|Item Clause: Limit 1 of each item
|clearpoke
|poke|p1|Garchomp, L50, F|
|poke|p1|Venusaur, L50, F|
|poke|p1|Incineroar, L50, F|
|poke|p1|Charizard, L50, F|
|poke|p1|Toxapex, L50, F|
|poke|p1|Annihilape, L50, F|
|poke|p2|Kangaskhan, L50, F|
|poke|p2|Gholdengo, L50|
|poke|p2|Pelipper, L50, M|
|poke|p2|Archaludon, L50, F|
|poke|p2|Garchomp, L50, M|
|poke|p2|Froslass, L50, F|
|teampreview|4
|showteam|p1|Garchomp||ChoiceScarf|RoughSkin|Earthquake,DragonClaw,StompingTantrum,RockSlide|Adamant||F|||50|]Venusaur||LifeOrb|Chlorophyll|SolarBeam,SludgeBomb,EarthPower,Protect|Modest||F|||50|]Incineroar||SitrusBerry|Intimidate|FlareBlitz,ThroatChop,FakeOut,PartingShot|Impish||F|||50|]Charizard||CharizarditeY|Blaze|HeatWave,WeatherBall,HelpingHand,Protect|Modest||F|||50|]Toxapex||Leftovers|Regenerator|Infestation,Toxic,WideGuard,BanefulBunker|Bold||F|||50|]Annihilape||FocusSash|Defiant|CloseCombat,PhantomForce,StealthRock,Protect|Jolly||F|||50|
|showteam|p2|Kangaskhan||Kangaskhanite|InnerFocus|LastResort,FakeOut|Careful||F|||50|]Gholdengo||FocusSash|GoodasGold|ShadowBall,NastyPlot,MakeItRain,Protect|Calm|||||50|]Pelipper||SitrusBerry|Drizzle|Hurricane,WeatherBall,WideGuard,Tailwind|Calm||M|||50|]Archaludon||Leftovers|Stamina|ElectroShot,DracoMeteor,Protect,FlashCannon|Calm||F|||50|]Garchomp||LifeOrb|RoughSkin|DragonClaw,Earthquake,RockSlide,Protect|Careful||M|||50|]Froslass||Froslassite|SnowCloak|AuroraVeil,ShadowBall,Blizzard,DrainingKiss|Timid||F|||50|
|
|t:|1785367850
|teamsize|p1|4
|teamsize|p2|4
|start
|switch|p1a: Charizard|Charizard, L50, F|100/100
|switch|p1b: Venusaur|Venusaur, L50, F|100/100
|switch|p2a: Pelipper|Pelipper, L50, M|100/100
|switch|p2b: Kangaskhan|Kangaskhan, L50, F|100/100
|-weather|RainDance|[from] ability: Drizzle|[of] p2a: Pelipper
|turn|1
|
|t:|1785367897
|switch|p1b: Incineroar|Incineroar, L50, F|100/100
|-ability|p1b: Incineroar|Intimidate|boost
|-unboost|p2a: Pelipper|atk|1
|-fail|p2b: Kangaskhan|unboost|Attack|[from] ability: Inner Focus|[of] p2b: Kangaskhan
|switch|p2a: Froslass|Froslass, L50, F|100/100
|detailschange|p1a: Charizard|Charizard-Mega-Y, L50, F
|-mega|p1a: Charizard|Charizard|Charizardite Y
|-weather|SunnyDay|[from] ability: Drought|[of] p1a: Charizard
|move|p2b: Kangaskhan|Fake Out|p1a: Charizard
|-damage|p1a: Charizard|82/100
|cant|p1a: Charizard|flinch
|
|-weather|SunnyDay|[upkeep]
|upkeep
|turn|2
|
|t:|1785367932
|switch|p1a: Annihilape|Annihilape, L50, F|100/100
|detailschange|p2a: Froslass|Froslass-Mega, L50, F
|-mega|p2a: Froslass|Froslass|Froslassite
|-weather|Snowscape|[from] ability: Snow Warning|[of] p2a: Froslass
|move|p2a: Froslass|Aurora Veil|p2a: Froslass
|-sidestart|p2: ccrispy5|move: Aurora Veil
|move|p2b: Kangaskhan|Last Resort|p1a: Annihilape
|-immune|p1a: Annihilape
|move|p1b: Incineroar|Throat Chop|p2a: Froslass
|-supereffective|p2a: Froslass|1
|-damage|p2a: Froslass|51/100
|-start|p2a: Froslass|Throat Chop|[silent]
|
|-weather|Snowscape|[upkeep]
|upkeep
|turn|3
|
|t:|1785367962
|move|p2a: Froslass|Draining Kiss|p1a: Annihilape
|-supereffective|p1a: Annihilape|1
|-damage|p1a: Annihilape|63/100
|-heal|p2a: Froslass|85/100|[from] drain|[of] p1a: Annihilape
|move|p1a: Annihilape|Close Combat|p2b: Kangaskhan
|-supereffective|p2b: Kangaskhan|1
|-damage|p2b: Kangaskhan|11/100
|-unboost|p1a: Annihilape|def|1
|-unboost|p1a: Annihilape|spd|1
|move|p2b: Kangaskhan|Last Resort|p1b: Incineroar
|-damage|p1b: Incineroar|56/100
|move|p1b: Incineroar|Flare Blitz|p2a: Froslass
|-supereffective|p2a: Froslass|1
|-damage|p2a: Froslass|22/100
|-damage|p1b: Incineroar|41/100|[from] Recoil
|-enditem|p1b: Incineroar|Sitrus Berry|[eat]
|-heal|p1b: Incineroar|66/100|[from] item: Sitrus Berry
|
|-weather|Snowscape|[upkeep]
|-end|p2a: Froslass|Throat Chop|[silent]
|upkeep
|turn|4
|
|t:|1785368007
|switch|p1a: Charizard|Charizard-Mega-Y, L50, F|82/100
|-weather|SunnyDay|[from] ability: Drought|[of] p1a: Charizard
|switch|p2b: Garchomp|Garchomp, L50, M|100/100
|move|p2a: Froslass|Blizzard|p1a: Charizard|[spread] p1a,p1b
|-resisted|p1b: Incineroar|1
|-damage|p1a: Charizard|43/100
|-damage|p1b: Incineroar|45/100
|move|p1b: Incineroar|Throat Chop|p2a: Froslass
|-supereffective|p2a: Froslass|1
|-damage|p2a: Froslass|0 fnt
|faint|p2a: Froslass
|
|-weather|SunnyDay|[upkeep]
|upkeep
|
|t:|1785368021
|switch|p2a: Pelipper|Pelipper, L50, M|100/100
|-weather|RainDance|[from] ability: Drizzle|[of] p2a: Pelipper
|turn|5
|
|t:|1785368051
|switch|p1a: Venusaur|Venusaur, L50, F|100/100
|switch|p1b: Annihilape|Annihilape, L50, F|63/100
|move|p2b: Garchomp|Rock Slide|p1b: Annihilape|[spread] p1a,p1b
|-resisted|p1b: Annihilape|1
|-crit|p1b: Annihilape
|-damage|p1a: Venusaur|70/100
|-damage|p1b: Annihilape|39/100
|-damage|p2b: Garchomp|90/100|[from] item: Life Orb
|move|p2a: Pelipper|Hurricane|p1b: Annihilape
|-supereffective|p1b: Annihilape|1
|-damage|p1b: Annihilape|0 fnt
|faint|p1b: Annihilape
|
|-weather|RainDance|[upkeep]
|upkeep
|
|t:|1785368068
|switch|p1b: Charizard|Charizard-Mega-Y, L50, F|43/100
|-weather|SunnyDay|[from] ability: Drought|[of] p1b: Charizard
|turn|6
|
|t:|1785368081
|switch|p2a: Kangaskhan|Kangaskhan, L50, F|11/100
|move|p1b: Charizard|Helping Hand|p1a: Venusaur
|-singleturn|p1a: Venusaur|Helping Hand|[of] p1b: Charizard
|move|p2b: Garchomp|Protect|p2b: Garchomp
|-singleturn|p2b: Garchomp|Protect
|move|p1a: Venusaur|Solar Beam||[still]
|-prepare|p1a: Venusaur|Solar Beam
|-anim|p1a: Venusaur|Solar Beam|p2b: Garchomp
|-activate|p2b: Garchomp|move: Protect
|
|-weather|SunnyDay|[upkeep]
|-sideend|p2: ccrispy5|move: Aurora Veil
|upkeep
|turn|7
|
|t:|1785368105
|switch|p1b: Incineroar|Incineroar, L50, F|45/100
|-ability|p1b: Incineroar|Intimidate|boost
|-fail|p2a: Kangaskhan|unboost|Attack|[from] ability: Inner Focus|[of] p2a: Kangaskhan
|-unboost|p2b: Garchomp|atk|1
|move|p1a: Venusaur|Protect|p1a: Venusaur
|-singleturn|p1a: Venusaur|Protect
|move|p2a: Kangaskhan|Fake Out|p1b: Incineroar
|-damage|p1b: Incineroar|33/100
|move|p2b: Garchomp|Rock Slide|p1a: Venusaur|[spread] p1b
|-activate|p1a: Venusaur|move: Protect
|-supereffective|p1b: Incineroar|1
|-damage|p1b: Incineroar|8/100
|-damage|p2b: Garchomp|80/100|[from] item: Life Orb
|
|-weather|SunnyDay|[upkeep]
|upkeep
|turn|8
|
|t:|1785368144
|switch|p2a: Pelipper|Pelipper, L50, M|100/100
|-weather|RainDance|[from] ability: Drizzle|[of] p2a: Pelipper
|move|p2b: Garchomp|Rock Slide|p1b: Incineroar|[spread] p1a
|-miss|p2b: Garchomp|p1b: Incineroar
|-damage|p1a: Venusaur|51/100
|-damage|p2b: Garchomp|70/100|[from] item: Life Orb
|move|p1a: Venusaur|Solar Beam||[still]
|-prepare|p1a: Venusaur|Solar Beam
|move|p1b: Incineroar|Throat Chop|p2b: Garchomp
|-damage|p2b: Garchomp|39/100
|-start|p2b: Garchomp|Throat Chop|[silent]
|-damage|p1b: Incineroar|0 fnt|[from] ability: Rough Skin|[of] p2b: Garchomp
|faint|p1b: Incineroar
|
|-weather|RainDance|[upkeep]
|upkeep
|
|t:|1785368159
|switch|p1b: Charizard|Charizard-Mega-Y, L50, F|43/100
|-weather|SunnyDay|[from] ability: Drought|[of] p1b: Charizard
|turn|9
|
|t:|1785368167
|switch|p2a: Kangaskhan|Kangaskhan, L50, F|11/100
|move|p2b: Garchomp|Protect|p2b: Garchomp
|-singleturn|p2b: Garchomp|Protect
|move|p1a: Venusaur|Solar Beam|p2b: Garchomp|[from] lockedmove
|-activate|p2b: Garchomp|move: Protect
|move|p1b: Charizard|Weather Ball|p2a: Kangaskhan
|-damage|p2a: Kangaskhan|0 fnt
|faint|p2a: Kangaskhan
|
|-weather|SunnyDay|[upkeep]
|-end|p2b: Garchomp|Throat Chop|[silent]
|upkeep
|
|t:|1785368179
|switch|p2a: Pelipper|Pelipper, L50, M|100/100
|-weather|RainDance|[from] ability: Drizzle|[of] p2a: Pelipper
|turn|10
|
|t:|1785368195
|move|p1b: Charizard|Protect|p1b: Charizard
|-singleturn|p1b: Charizard|Protect
|move|p2b: Garchomp|Rock Slide|p1a: Venusaur|[spread] p1a
|-activate|p1b: Charizard|move: Protect
|-damage|p1a: Venusaur|32/100
|-damage|p2b: Garchomp|29/100|[from] item: Life Orb
|move|p1a: Venusaur|Earth Power|p2b: Garchomp
|-damage|p2b: Garchomp|0 fnt
|faint|p2b: Garchomp
|-damage|p1a: Venusaur|23/100|[from] item: Life Orb
|move|p2a: Pelipper|Weather Ball|p1b: Charizard
|-activate|p1b: Charizard|move: Protect
|
|-weather|RainDance|[upkeep]
|upkeep
|turn|11
|
|t:|1785368222
|move|p1b: Charizard|Weather Ball|p2a: Pelipper
|-resisted|p2a: Pelipper|1
|-damage|p2a: Pelipper|67/100
|move|p1a: Venusaur|Sludge Bomb|p2a: Pelipper
|-damage|p2a: Pelipper|5/100
|-enditem|p2a: Pelipper|Sitrus Berry|[eat]
|-heal|p2a: Pelipper|29/100|[from] item: Sitrus Berry
|-damage|p1a: Venusaur|13/100|[from] item: Life Orb
|move|p2a: Pelipper|Weather Ball|p1b: Charizard
|-supereffective|p1b: Charizard|1
|-damage|p1b: Charizard|0 fnt
|faint|p1b: Charizard
|
|-weather|RainDance|[upkeep]
|upkeep
|turn|12
|
|t:|1785368240
|move|p1a: Venusaur|Sludge Bomb|p2a: Pelipper
|-damage|p2a: Pelipper|0 fnt
|faint|p2a: Pelipper
|-damage|p1a: Venusaur|4/100|[from] item: Life Orb
|
|win|natsukivgc
