|j|☆ZadKwork
|j|☆adauwdusdaos
|html|ZadKworkadauwdusdaos    
|uhtml|bestof|Game 1 of a best-of-3
|t:|1783971878
|gametype|doubles
|player|p1|ZadKwork|102|1089
|player|p2|adauwdusdaos|266|1000
|gen|9
|tier|[Gen 9 Champions] VGC 2026 Reg M-B (Bo3)
|rated|
|rule|Species Clause: Limit one of each Pokémon
|rule|Item Clause: Limit 1 of each item
|clearpoke
|poke|p1|Scolipede, L50, F|
|poke|p1|Aerodactyl, L50, F|
|poke|p1|Rotom-Wash, L50|
|poke|p1|Hydreigon, L50, F|
|poke|p1|Annihilape, L50, M|
|poke|p1|Mamoswine, L50, F|
|poke|p2|Archaludon, L50, F|
|poke|p2|Pelipper, L50, F|
|poke|p2|Gengar, L50, M|
|poke|p2|Raichu, L50, F|
|poke|p2|Garchomp, L50, F|
|poke|p2|Incineroar, L50, M|
|teampreview|4
|showteam|p1|Scolipede||Scolipite|SpeedBoost|SwordsDance,LeechLife,PoisonJab,Protect|Adamant||F|||50|]Aerodactyl||Aerodactylite|Pressure|Tailwind,DualWingbeat,RockSlide,WideGuard|Jolly||F|||50|]Rotom-Wash||SitrusBerry|Levitate|VoltSwitch,HydroPump,WillOWisp,LightScreen|Timid|||||50|]Hydreigon||ChoiceScarf|Levitate|DarkPulse,DracoMeteor,HeatWave,FlashCannon|Timid||F|||50|]Annihilape||FocusSash|Defiant|CloseCombat,RockTomb,Coaching,RageFist|Jolly||M|||50|]Mamoswine||LifeOrb|Oblivious|IcicleCrash,IceShard,Earthquake,Protect|Jolly||F|||50|
|showteam|p2|Archaludon||LifeOrb|Stamina|ElectroShot,DracoMeteor,FlashCannon,Protect|Modest||F|||50|]Pelipper||FocusSash|Drizzle|Hurricane,Tailwind,WeatherBall,WideGuard|Impish||F|||50|]Gengar||WhiteHerb|CursedBody|DarkPulse,SludgeBomb,DestinyBond,IcePunch|Adamant||M|||50|]Raichu||RaichuniteY|Static|Thunderbolt,PlayRough,Surf,Protect|Modest||F|||50|]Garchomp||Leftovers|RoughSkin|DragonClaw,EarthPower,Flamethrower,Protect|Adamant||F|||50|]Incineroar||MentalHerb|Intimidate|BlazeKick,FakeOut,Facade,WillOWisp|Impish||M|||50|
|
|t:|1783971938
|teamsize|p1|4
|teamsize|p2|4
|start
|switch|p1a: Rotom|Rotom-Wash, L50|100/100
|switch|p1b: Mamoswine|Mamoswine, L50, F|100/100
|switch|p2a: Raichu|Raichu, L50, F|100/100
|switch|p2b: Garchomp|Garchomp, L50, F|100/100
|turn|1
|inactive|Battle timer is ON: inactive players will automatically lose when time's up. (requested by adauwdusdaos)
|inactiveoff|Battle timer is now OFF.
|
|t:|1783971969
|detailschange|p2a: Raichu|Raichu-Mega-Y, L50, F
|-mega|p2a: Raichu|Raichu|Raichunite Y
|move|p2b: Garchomp|Protect|p2b: Garchomp
|-singleturn|p2b: Garchomp|Protect
|move|p2a: Raichu|Surf|p1a: Rotom|[spread] p1a,p1b
|-activate|p2b: Garchomp|move: Protect
|-resisted|p1a: Rotom|1
|-supereffective|p1b: Mamoswine|1
|-damage|p1a: Rotom|80/100
|-damage|p1b: Mamoswine|16/100
|move|p1a: Rotom|Light Screen|p1a: Rotom
|-sidestart|p1: ZadKwork|move: Light Screen
|move|p1b: Mamoswine|Earthquake|p2b: Garchomp|[spread] p2a
|-activate|p2b: Garchomp|move: Protect
|-immune|p1a: Rotom|[from] ability: Levitate
|-supereffective|p2a: Raichu|1
|-damage|p2a: Raichu|0 fnt
|faint|p2a: Raichu
|-damage|p1b: Mamoswine|6/100|[from] item: Life Orb
|
|upkeep
|
|t:|1783971994
|switch|p2a: Pelipper|Pelipper, L50, F|100/100
|-weather|RainDance|[from] ability: Drizzle|[of] p2a: Pelipper
|turn|2
|
|t:|1783972019
|move|p1b: Mamoswine|Ice Shard|p2b: Garchomp
|-supereffective|p2b: Garchomp|2
|-damage|p2b: Garchomp|13/100
|-damage|p1b: Mamoswine|0 fnt|[from] item: Life Orb
|faint|p1b: Mamoswine
|move|p1a: Rotom|Volt Switch|p2a: Pelipper
|-supereffective|p2a: Pelipper|2
|-enditem|p2a: Pelipper|Focus Sash
|-damage|p2a: Pelipper|1/100
|
|t:|1783972029
|switch|p1a: Annihilape|Annihilape, L50, M|100/100|[from] Volt Switch
|move|p2b: Garchomp|Flamethrower|p1a: Annihilape
|-damage|p1a: Annihilape|94/100
|move|p2a: Pelipper|Tailwind|p2a: Pelipper
|-sidestart|p2: adauwdusdaos|move: Tailwind
|
|-weather|RainDance|[upkeep]
|-heal|p2b: Garchomp|19/100|[from] item: Leftovers
|upkeep
|
|t:|1783972033
|switch|p1b: Rotom|Rotom-Wash, L50|80/100
|turn|3
|
|t:|1783972068
|switch|p2b: Archaludon|Archaludon, L50, F|100/100
|move|p2a: Pelipper|Hurricane|p1a: Annihilape
|-supereffective|p1a: Annihilape|1
|-damage|p1a: Annihilape|47/100
|-start|p1a: Annihilape|confusion
|-activate|p1a: Annihilape|confusion
|move|p1a: Annihilape|Rock Tomb|p2a: Pelipper
|-supereffective|p2a: Pelipper|1
|-damage|p2a: Pelipper|0 fnt
|faint|p2a: Pelipper
|move|p1b: Rotom|Hydro Pump|p2b: Archaludon
|-resisted|p2b: Archaludon|1
|-damage|p2b: Archaludon|51/100
|-ability|p2b: Archaludon|Stamina|boost
|-boost|p2b: Archaludon|def|1
|
|-weather|RainDance|[upkeep]
|upkeep
|
|t:|1783972083
|switch|p2a: Garchomp|Garchomp, L50, F|19/100
|turn|4
|
|t:|1783972109
|move|p2a: Garchomp|Earth Power|p1a: Annihilape
|-damage|p1a: Annihilape|30/100
|-unboost|p1a: Annihilape|spd|1
|-ability|p1a: Annihilape|Defiant|boost
|-boost|p1a: Annihilape|atk|2
|move|p2b: Archaludon|Electro Shot||[still]
|-prepare|p2b: Archaludon|Electro Shot
|-boost|p2b: Archaludon|spa|1
|-anim|p2b: Archaludon|Electro Shot|p1b: Rotom
|-damage|p1b: Rotom|9/100
|-enditem|p1b: Rotom|Sitrus Berry|[eat]
|-heal|p1b: Rotom|33/100|[from] item: Sitrus Berry
|-damage|p2b: Archaludon|41/100|[from] item: Life Orb
|-activate|p1a: Annihilape|confusion
|move|p1a: Annihilape|Close Combat|p2b: Archaludon
|-supereffective|p2b: Archaludon|1
|-damage|p2b: Archaludon|0 fnt
|-unboost|p1a: Annihilape|def|1
|-unboost|p1a: Annihilape|spd|1
|faint|p2b: Archaludon
|move|p1b: Rotom|Hydro Pump|p2a: Garchomp|[miss]
|-miss|p1b: Rotom|p2a: Garchomp
|
|-weather|RainDance|[upkeep]
|-heal|p2a: Garchomp|25/100|[from] item: Leftovers
|upkeep
|turn|5
|-message|adauwdusdaos forfeited.
|
|win|ZadKwork
|l|☆adauwdusdaos
|player|p2|
|raw|ZadKwork's rating: 1115 → 1132(+17 for winning)
|raw|adauwdusdaos's rating: 1000 → 1000(+0 for losing)
