|j|☆electrictopi
|j|☆itsmemichiel
|html|electrictopiitsmemichiel    
|uhtml|bestof|Game 1 of a best-of-3
|t:|1757775081
|gametype|doubles
|player|p1|electrictopi|n|1069
|player|p2|itsmemichiel|blackbelt-gen4dp|1053
|gen|9
|tier|[Gen 9] VGC 2025 Reg H (Bo3)
|rated|
|rule|Species Clause: Limit one of each Pokémon
|rule|Item Clause: Limit 1 of each item
|clearpoke
|poke|p1|Baxcalibur, L50, F|
|poke|p1|Annihilape, L50, F|
|poke|p1|Incineroar, L50, M|
|poke|p1|Vivillon-Icy Snow, L50, F|
|poke|p1|Maushold, L50|
|poke|p1|Archaludon, L50, M|
|poke|p2|Electivire, L50, M|
|poke|p2|Kilowattrel, L50, F|
|poke|p2|Hydrapple, L50, M|
|poke|p2|Ursaluna, L50, F|
|poke|p2|Indeedee-F, L50, F|
|poke|p2|Kingambit, L50, F|
|teampreview|4
|showteam|p1|Baxcalibur||LoadedDice|ThermalExchange|Protect,ScaleShot,IcicleSpear,HighHorsepower|||F|||50|,,,,,Fire]Annihilape||ChoiceScarf|Defiant|Coaching,FinalGambit,CloseCombat,RageFist|||F|||50|,,,,,Stellar]Incineroar||SafetyGoggles|Intimidate|PartingShot,FakeOut,FlareBlitz,KnockOff|||M|||50|,,,,,Bug]Vivillon-Icy Snow||FocusSash|CompoundEyes|Hurricane,Tailwind,Protect,SleepPowder|||F|||50|,,,,,Ghost]Maushold||WideLens|Technician|PopulationBomb,Taunt,FollowMe,Protect||||||50|,,,,,Ghost]Archaludon||AssaultVest|Stamina|ElectroShot,DragonPulse,FlashCannon,BodyPress|||M|||50|,,,,,Fighting
|showteam|p2|Electivire||LifeOrb|MotorDrive|WildCharge,IcePunch,FollowMe,Protect|||M|||50|,,,,,Grass]Kilowattrel||FocusSash|Competitive|Discharge,Tailwind,Protect,AirSlash|||F|||50|,,,,,Electric]Hydrapple||Leftovers|Regenerator|NastyPlot,Protect,EnergyBall,FickleBeam|||M|||50|,,,,,Water]Ursaluna||FlameOrb|Guts|Earthquake,HeadlongRush,Facade,Protect|||F|||50|,,,,,Normal]Indeedee-F||SafetyGoggles|PsychicSurge|Protect,Psychic,FollowMe,TrickRoom|||F|||50|,,,,,Dark]Kingambit||LumBerry|Defiant|SuckerPunch,KowtowCleave,IronHead,Protect|||F|||50|,,,,,Dark
|
|t:|1757775101
|teamsize|p1|4
|teamsize|p2|4
|start
|switch|p1a: Baxcalibur|Baxcalibur, L50, F|100/100
|switch|p1b: Annihilape|Annihilape, L50, F|100/100
|switch|p2a: Electivire|Electivire, L50, M|100/100
|switch|p2b: Kilowattrel|Kilowattrel, L50, F|100/100
|turn|1
|
|t:|1757775117
|move|p2b: Kilowattrel|Protect|p2b: Kilowattrel
|-singleturn|p2b: Kilowattrel|Protect
|move|p2a: Electivire|Protect|p2a: Electivire
|-singleturn|p2a: Electivire|Protect
|move|p1b: Annihilape|Coaching|p1a: Baxcalibur
|-boost|p1a: Baxcalibur|atk|1
|-boost|p1a: Baxcalibur|def|1
|move|p1a: Baxcalibur|Icicle Spear|p2b: Kilowattrel
|-activate|p2b: Kilowattrel|move: Protect
|
|upkeep
|turn|2
|
|t:|1757775141
|-terastallize|p2b: Kilowattrel|Electric
|move|p2a: Electivire|Follow Me|p2a: Electivire
|-singleturn|p2a: Electivire|move: Follow Me
|move|p1b: Annihilape|Coaching|p1a: Baxcalibur
|-boost|p1a: Baxcalibur|atk|1
|-boost|p1a: Baxcalibur|def|1
|move|p2b: Kilowattrel|Discharge|p1a: Baxcalibur|[spread] p1a,p1b
|-ability|p2a: Electivire|Motor Drive|boost
|-boost|p2a: Electivire|spe|1
|-resisted|p1a: Baxcalibur
|-damage|p1a: Baxcalibur|80/100
|-damage|p1b: Annihilape|66/100
|-status|p1a: Baxcalibur|par
|-status|p1b: Annihilape|par
|cant|p1a: Baxcalibur|par
|
|upkeep
|turn|3
|
|t:|1757775167
|move|p2a: Electivire|Follow Me|p2a: Electivire
|-singleturn|p2a: Electivire|move: Follow Me
|move|p2b: Kilowattrel|Discharge|p1b: Annihilape|[spread] p1a,p1b
|-ability|p2a: Electivire|Motor Drive|boost
|-boost|p2a: Electivire|spe|1
|-resisted|p1a: Baxcalibur
|-damage|p1a: Baxcalibur|62/100 par
|-damage|p1b: Annihilape|32/100 par
|cant|p1b: Annihilape|par
|move|p1a: Baxcalibur|Scale Shot|p2a: Electivire
|-damage|p2a: Electivire|58/100
|-damage|p2a: Electivire|16/100
|-damage|p2a: Electivire|0 fnt
|faint|p2a: Electivire
|-hitcount|p2: Electivire|3
|-unboost|p1a: Baxcalibur|def|1
|-boost|p1a: Baxcalibur|spe|1
|
|upkeep
|
|t:|1757775180
|switch|p2a: Kingambit|Kingambit, L50, F|100/100
|turn|4
|
|t:|1757775197
|move|p2b: Kilowattrel|Air Slash|p1a: Baxcalibur
|-damage|p1a: Baxcalibur|25/100 par
|move|p1b: Annihilape|Coaching|p1a: Baxcalibur
|-boost|p1a: Baxcalibur|atk|1
|-boost|p1a: Baxcalibur|def|1
|move|p1a: Baxcalibur|Icicle Spear|p2b: Kilowattrel
|-damage|p2b: Kilowattrel|24/100
|-damage|p2b: Kilowattrel|0 fnt
|faint|p2b: Kilowattrel
|-hitcount|p2: Kilowattrel|2
|move|p2a: Kingambit|Iron Head|p1a: Baxcalibur
|-supereffective|p1a: Baxcalibur
|-damage|p1a: Baxcalibur|0 fnt
|faint|p1a: Baxcalibur
|
|upkeep
|
|t:|1757775212
|switch|p2b: Hydrapple|Hydrapple, L50, M|100/100
|switch|p1a: Archaludon|Archaludon, L50, M|100/100
|turn|5
|
|t:|1757775241
|move|p1a: Archaludon|Body Press|p2a: Kingambit
|-supereffective|p2a: Kingambit
|-damage|p2a: Kingambit|23/100
|move|p1b: Annihilape|Coaching|p1a: Archaludon
|-boost|p1a: Archaludon|atk|1
|-boost|p1a: Archaludon|def|1
|move|p2a: Kingambit|Kowtow Cleave|p1a: Archaludon
|-damage|p1a: Archaludon|80/100
|-ability|p1a: Archaludon|Stamina|boost
|-boost|p1a: Archaludon|def|1
|move|p2b: Hydrapple|Nasty Plot|p2b: Hydrapple
|-boost|p2b: Hydrapple|spa|2
|
|upkeep
|turn|6
|
|t:|1757775259
|switch|p1b: Maushold|Maushold, L50|100/100
|move|p1a: Archaludon|Dragon Pulse|p2b: Hydrapple
|-supereffective|p2b: Hydrapple
|-damage|p2b: Hydrapple|30/100
|move|p2a: Kingambit|Kowtow Cleave|p1a: Archaludon
|-damage|p1a: Archaludon|64/100
|-ability|p1a: Archaludon|Stamina|boost
|-boost|p1a: Archaludon|def|1
|move|p2b: Hydrapple|Fickle Beam|p1a: Archaludon
|-damage|p1a: Archaludon|2/100
|-ability|p1a: Archaludon|Stamina|boost
|-boost|p1a: Archaludon|def|1
|
|-heal|p2b: Hydrapple|36/100|[from] item: Leftovers
|upkeep
|turn|7
|-message|itsmemichiel forfeited.
|
|win|electrictopi
|l|☆itsmemichiel
|player|p2|
||itsmemichiel is ready for game 2.
||electrictopi is ready for game 2.
|uhtml|next|Next: Game 2 of 3
