|j|‽Sushi Bum
|j|☆ad_blake
|html|Sushi Bumad_blake    
|uhtml|bestof|Game 1 of a best-of-3
|t:|1782346553
|gametype|doubles
|player|p1|Sushi Bum|beni-ninja|1108
|player|p2|ad_blake|rosa|1000
|gen|9
|tier|[Gen 9 Champions] VGC 2026 Reg M-B (Bo3)
|rated|
|rule|Species Clause: Limit one of each Pokémon
|rule|Item Clause: Limit 1 of each item
|clearpoke
|poke|p1|Talonflame, L50, F|
|poke|p1|Grimmsnarl, L50, M|
|poke|p1|Raichu, L50, F|
|poke|p1|Maushold-Four, L50|
|poke|p1|Venusaur, L50, F|
|poke|p1|Mamoswine, L50, F|
|poke|p2|Raichu, L50, M|
|poke|p2|Whimsicott, L50, F|
|poke|p2|Garchomp, L50, M|
|poke|p2|Ninetales-Alola, L50, M|
|poke|p2|Incineroar, L50, F|
|poke|p2|Corviknight, L50, F|
|teampreview|4
|showteam|p1|Talonflame||SharpBeak|GaleWings|BraveBird,Taunt,Tailwind,UpperHand|Adamant||F|||50|]Grimmsnarl||LightClay|Prankster|PartingShot,SpiritBreak,LightScreen,Reflect|Adamant||M|||50|]Raichu||RaichuniteY|LightningRod|ZapCannon,GrassKnot,FocusBlast,Protect|Timid||F|||50|]Maushold-Four||KingsRock|FriendGuard|FollowMe,PopulationBomb,Crunch,Protect|Jolly|||||50|]Venusaur||LifeOrb|Chlorophyll|SludgeBomb,SleepPowder,GigaDrain,EarthPower|Timid||F|||50|]Mamoswine||FocusSash|Oblivious|StompingTantrum,IceShard,IcicleCrash,Protect|Jolly||F|||50|
|showteam|p2|Raichu||RaichuniteY|LightningRod|FakeOut,ZapCannon,Protect,FocusBlast|Timid||M|||50|]Whimsicott||FocusSash|Prankster|Tailwind,Encore,Taunt,Moonblast|Timid||F|||50|]Garchomp||LifeOrb|RoughSkin|Protect,DragonClaw,RockSlide,StompingTantrum|Jolly||M|||50|]Ninetales-Alola||LightClay|SnowWarning|AuroraVeil,Blizzard,IcyWind,Protect|Timid||M|||50|]Incineroar||SitrusBerry|Intimidate|FakeOut,PartingShot,ThroatChop,FlareBlitz|Serious||F|||50|]Corviknight||Leftovers|MirrorArmor|BodyPress,HeavySlam,Protect,IronDefense|Careful||F|||50|
|
|t:|1782346590
|teamsize|p1|4
|teamsize|p2|4
|start
|switch|p1a: Talonflame|Talonflame, L50, F|100/100
|switch|p1b: Mamoswine|Mamoswine, L50, F|100/100
|switch|p2a: Garchomp|Garchomp, L50, M|100/100
|switch|p2b: Whimsicott|Whimsicott, L50, F|100/100
|turn|1
|
|t:|1782346624
|switch|p2a: Raichu|Raichu, L50, M|100/100
|move|p1a: Talonflame|Tailwind|p1a: Talonflame
|-sidestart|p1: Sushi Bum|move: Tailwind
|move|p2b: Whimsicott|Tailwind|p2b: Whimsicott
|-sidestart|p2: ad_blake|move: Tailwind
|move|p1b: Mamoswine|Icicle Crash|p2b: Whimsicott
|-supereffective|p2b: Whimsicott|1
|-damage|p2b: Whimsicott|2/100
|
|upkeep
|turn|2
|
|t:|1782346646
|detailschange|p2a: Raichu|Raichu-Mega-Y, L50, M
|-mega|p2a: Raichu|Raichu|Raichunite Y
|move|p1a: Talonflame|Upper Hand||[still]
|-fail|p1a: Talonflame
|move|p1b: Mamoswine|Ice Shard|p2b: Whimsicott
|-supereffective|p2b: Whimsicott|1
|-damage|p2b: Whimsicott|0 fnt
|faint|p2b: Whimsicott
|move|p2a: Raichu|Zap Cannon|p1a: Talonflame
|-supereffective|p1a: Talonflame|1
|-damage|p1a: Talonflame|0 fnt
|faint|p1a: Talonflame
|
|upkeep
|
|t:|1782346659
|switch|p1a: Venusaur|Venusaur, L50, F|100/100
|switch|p2b: Ninetales|Ninetales-Alola, L50, M|100/100
|-weather|Snowscape|[from] ability: Snow Warning|[of] p2b: Ninetales
|turn|3
|
|t:|1782346668
|move|p2b: Ninetales|Protect|p2b: Ninetales
|-singleturn|p2b: Ninetales|Protect
|move|p2a: Raichu|Focus Blast|p1b: Mamoswine
|-supereffective|p1b: Mamoswine|1
|-enditem|p1b: Mamoswine|Focus Sash
|-damage|p1b: Mamoswine|1/100
|move|p1b: Mamoswine|Stomping Tantrum|p2a: Raichu
|-supereffective|p2a: Raichu|1
|-damage|p2a: Raichu|0 fnt
|faint|p2a: Raichu
|move|p1a: Venusaur|Sludge Bomb|p2b: Ninetales
|-activate|p2b: Ninetales|move: Protect
|
|-weather|Snowscape|[upkeep]
|upkeep
|
|t:|1782346680
|switch|p2a: Garchomp|Garchomp, L50, M|100/100
|turn|4
|
|t:|1782346696
|move|p1b: Mamoswine|Ice Shard|p2a: Garchomp
|-supereffective|p2a: Garchomp|2
|-damage|p2a: Garchomp|13/100
|move|p2a: Garchomp|Dragon Claw|p1a: Venusaur
|-damage|p1a: Venusaur|30/100
|-damage|p2a: Garchomp|3/100|[from] item: Life Orb
|move|p2b: Ninetales|Blizzard|p1a: Venusaur|[spread] p1a,p1b
|-supereffective|p1a: Venusaur|1
|-damage|p1a: Venusaur|0 fnt
|-damage|p1b: Mamoswine|0 fnt
|faint|p1a: Venusaur
|faint|p1b: Mamoswine
|
|-weather|Snowscape|[upkeep]
|-sideend|p1: Sushi Bum|move: Tailwind
|-sideend|p2: ad_blake|move: Tailwind
|upkeep
|
|t:|1782346710
|switch|p1b: Raichu|Raichu, L50, F|100/100
|turn|5
|
|t:|1782346725
|detailschange|p1b: Raichu|Raichu-Mega-Y, L50, F
|-mega|p1b: Raichu|Raichu|Raichunite Y
|move|p1b: Raichu|Focus Blast|p2a: Garchomp
|-damage|p2a: Garchomp|0 fnt
|faint|p2a: Garchomp
|move|p2b: Ninetales|Blizzard|p1b: Raichu
|-damage|p1b: Raichu|53/100
|
|-weather|Snowscape|[upkeep]
|upkeep
|turn|6
|
|t:|1782346741
|move|p1b: Raichu|Zap Cannon|p2b: Ninetales
|-damage|p2b: Ninetales|32/100
|-status|p2b: Ninetales|par
|move|p2b: Ninetales|Blizzard|p1b: Raichu
|-damage|p1b: Raichu|2/100
|
|-weather|Snowscape|[upkeep]
|upkeep
|turn|7
|
|t:|1782346751
|move|p1b: Raichu|Zap Cannon|p2b: Ninetales
|-damage|p2b: Ninetales|0 fnt
|faint|p2b: Ninetales
|
|win|Sushi Bum
||ad_blake is ready for game 2.
||Sushi Bum is ready for game 2.
|uhtml|next|Next: Game 2 of 3
|l|‽Sushi Bum
|player|p1|
