|j|☆steelag0
|j|☆Aeon_Twins
|html|steelag0Aeon_Twins    
|uhtml|bestof|Game 1 of a best-of-3
|t:|1782414392
|gametype|doubles
|player|p1|steelag0|policeman-gen4|1085
|player|p2|Aeon_Twins|n|1070
|gen|9
|tier|[Gen 9 Champions] VGC 2026 Reg M-B (Bo3)
|rated|
|rule|Species Clause: Limit one of each Pokémon
|rule|Item Clause: Limit 1 of each item
|clearpoke
|poke|p1|Blaziken, L50, M|
|poke|p1|Hydreigon, L50, M|
|poke|p1|Basculegion, L50, M|
|poke|p1|Whimsicott, L50, M|
|poke|p1|Farigiraf, L50, F|
|poke|p1|Metagross, L50|
|poke|p2|Raichu, L50, F|
|poke|p2|Mawile, L50, F|
|poke|p2|Sinistcha, L50|
|poke|p2|Ceruledge, L50, F|
|poke|p2|Milotic, L50, F|
|poke|p2|Incineroar, L50, M|
|teampreview|4
|showteam|p1|Blaziken||Blazikenite|SpeedBoost|FlareBlitz,CloseCombat,RockSlide,Detect|Adamant||M|||50|]Hydreigon||ChoiceScarf|Levitate|DracoMeteor,DarkPulse,EarthPower,Snarl|Modest||M|||50|]Basculegion||LifeOrb|Adaptability|WaveCrash,LastRespects,AquaJet,Protect|Adamant||M|||50|]Whimsicott||FocusSash|Prankster|Moonblast,EnergyBall,Tailwind,Protect|Timid||M|||50|]Farigiraf||SitrusBerry|CudChew|Psychic,Thunderbolt,Roar,TrickRoom|Bold||F|||50|]Metagross||Metagrossite|ClearBody|PsychicFangs,IronDefense,StompingTantrum,Protect|Jolly|||||50|
|showteam|p2|Raichu||RaichuniteY|LightningRod|ZapCannon,FocusBlast,FakeOut,Protect|Timid||F|||50|]Mawile||Mawilite|HyperCutter|PlayRough,SuckerPunch,SwordsDance,Protect|Adamant||F|||50|]Sinistcha||KasibBerry|Hospitality|MatchaGotcha,LifeDew,RagePowder,Protect|Relaxed|||||50|]Ceruledge||ColburBerry|FlashFire|BitterBlade,ShadowSneak,BulkUp,Protect|Adamant||F|||50|]Milotic||Leftovers|Competitive|MuddyWater,Coil,Hypnosis,Protect|Calm||F|||50|]Incineroar||SitrusBerry|Intimidate|FlareBlitz,ThroatChop,FakeOut,PartingShot|Impish||M|||50|
|
|t:|1782414464
|teamsize|p1|4
|teamsize|p2|4
|start
|switch|p1a: Hydreigon|Hydreigon, L50, M|100/100
|switch|p1b: Metagross|Metagross, L50|100/100
|switch|p2a: Milotic|Milotic, L50, F|100/100
|switch|p2b: Incineroar|Incineroar, L50, M|100/100
|-ability|p2b: Incineroar|Intimidate|boost
|-unboost|p1a: Hydreigon|atk|1
|-fail|p1b: Metagross|unboost|[from] ability: Clear Body|[of] p1b: Metagross
|turn|1
|
|t:|1782414507
|detailschange|p1b: Metagross|Metagross-Mega, L50
|-mega|p1b: Metagross|Metagross|Metagrossite
|move|p2b: Incineroar|Fake Out|p1a: Hydreigon
|-damage|p1a: Hydreigon|86/100
|cant|p1a: Hydreigon|flinch
|move|p1b: Metagross|Stomping Tantrum|p2b: Incineroar
|-supereffective|p2b: Incineroar|1
|-damage|p2b: Incineroar|45/100
|-enditem|p2b: Incineroar|Sitrus Berry|[eat]
|-heal|p2b: Incineroar|70/100|[from] item: Sitrus Berry
|move|p2a: Milotic|Coil|p2a: Milotic
|-boost|p2a: Milotic|atk|1
|-boost|p2a: Milotic|def|1
|-boost|p2a: Milotic|accuracy|1
|
|upkeep
|turn|2
|
|t:|1782414543
|move|p1a: Hydreigon|Dark Pulse|p2a: Milotic
|-damage|p2a: Milotic|71/100
|move|p1b: Metagross|Stomping Tantrum|p2b: Incineroar
|-supereffective|p2b: Incineroar|1
|-crit|p2b: Incineroar
|-damage|p2b: Incineroar|0 fnt
|faint|p2b: Incineroar
|cant|p2a: Milotic|flinch
|
|-heal|p2a: Milotic|77/100|[from] item: Leftovers
|upkeep
|
|t:|1782414552
|switch|p2b: Raichu|Raichu, L50, F|100/100
|turn|3
|
|t:|1782414558
|move|p2b: Raichu|Protect|p2b: Raichu
|-singleturn|p2b: Raichu|Protect
|move|p1a: Hydreigon|Dark Pulse|p2a: Milotic
|-damage|p2a: Milotic|46/100
|move|p1b: Metagross|Stomping Tantrum|p2b: Raichu
|-activate|p2b: Raichu|move: Protect
|move|p2a: Milotic|Hypnosis|p1a: Hydreigon|[miss]
|-miss|p2a: Milotic|p1a: Hydreigon
|
|-heal|p2a: Milotic|52/100|[from] item: Leftovers
|upkeep
|turn|4
|
|t:|1782414594
|detailschange|p2b: Raichu|Raichu-Mega-Y, L50, F
|-mega|p2b: Raichu|Raichu|Raichunite Y
|move|p1a: Hydreigon|Dark Pulse|p2a: Milotic
|-damage|p2a: Milotic|23/100
|move|p2b: Raichu|Zap Cannon|p1b: Metagross
|-damage|p1b: Metagross|34/100
|-status|p1b: Metagross|par
|move|p2a: Milotic|Hypnosis|p1a: Hydreigon
|-status|p1a: Hydreigon|slp|[from] move: Hypnosis
|move|p1b: Metagross|Stomping Tantrum|p2b: Raichu
|-supereffective|p2b: Raichu|1
|-damage|p2b: Raichu|3/100
|
|-heal|p2a: Milotic|29/100|[from] item: Leftovers
|upkeep
|turn|5
|
|t:|1782414623
|cant|p1a: Hydreigon|slp
|move|p2b: Raichu|Focus Blast|p1a: Hydreigon
|-supereffective|p1a: Hydreigon|1
|-damage|p1a: Hydreigon|0 fnt
|faint|p1a: Hydreigon
|move|p2a: Milotic|Muddy Water|p1b: Metagross
|-damage|p1b: Metagross|3/100 par
|move|p1b: Metagross|Stomping Tantrum|p2a: Milotic
|-damage|p2a: Milotic|8/100
|
|-heal|p2a: Milotic|14/100|[from] item: Leftovers
|upkeep
|
|t:|1782414644
|switch|p1a: Whimsicott|Whimsicott, L50, M|100/100
|turn|6
|
|t:|1782414664
|switch|p2b: Ceruledge|Ceruledge, L50, F|100/100
|move|p1a: Whimsicott|Moonblast|p2b: Ceruledge
|-resisted|p2b: Ceruledge|1
|-damage|p2b: Ceruledge|83/100
|move|p2a: Milotic|Muddy Water|p1a: Whimsicott|[spread] p1a,p1b
|-resisted|p1a: Whimsicott|1
|-damage|p1a: Whimsicott|80/100
|-damage|p1b: Metagross|0 fnt
|faint|p1b: Metagross
|
|-heal|p2a: Milotic|20/100y|[from] item: Leftovers
|upkeep
|c|☆Aeon_Twins|crit and flinch same turn was crazy ahahahah
|
|t:|1782414686
|switch|p1b: Basculegion|Basculegion, L50, M|100/100
|turn|7
|c|☆steelag0|what turn?
|c|☆Aeon_Twins|turn 2
|c|☆steelag0|oh
|c|☆steelag0|sorry hahaha
|c|☆Aeon_Twins|kill on inci that was using pshot and flinch on hypnosys ahahahah
|c|☆Aeon_Twins|it's the game, i was joking around that ahahahaha
|
|t:|1782414783
|move|p1a: Whimsicott|Tailwind|p1a: Whimsicott
|-sidestart|p1: steelag0|move: Tailwind
|move|p1b: Basculegion|Wave Crash|p2b: Ceruledge
|-supereffective|p2b: Ceruledge|1
|-damage|p2b: Ceruledge|0 fnt
|faint|p2b: Ceruledge
|-damage|p1b: Basculegion|74/100|[from] Recoil
|-damage|p1b: Basculegion|65/100|[from] item: Life Orb
|move|p2a: Milotic|Hypnosis|p1b: Basculegion
|-status|p1b: Basculegion|slp|[from] move: Hypnosis
|
|-heal|p2a: Milotic|26/100|[from] item: Leftovers
|upkeep
|c|☆steelag0|i know
|
|t:|1782414793
|switch|p2b: Raichu|Raichu-Mega-Y, L50, F|3/100
|turn|8
|
|t:|1782414806
|move|p2b: Raichu|Fake Out|p1a: Whimsicott
|-damage|p1a: Whimsicott|68/100
|cant|p1a: Whimsicott|flinch
|cant|p1b: Basculegion|slp
|move|p2a: Milotic|Hypnosis|p1a: Whimsicott|[miss]
|-miss|p2a: Milotic|p1a: Whimsicott
|
|-heal|p2a: Milotic|32/100|[from] item: Leftovers
|upkeep
|turn|9
|
|t:|1782414818
|move|p2b: Raichu|Protect|p2b: Raichu
|-singleturn|p2b: Raichu|Protect
|move|p1a: Whimsicott|Moonblast|p2b: Raichu
|-activate|p2b: Raichu|move: Protect
|cant|p1b: Basculegion|slp
|move|p2a: Milotic|Hypnosis|p1a: Whimsicott|[miss]
|-miss|p2a: Milotic|p1a: Whimsicott
|
|-heal|p2a: Milotic|38/100|[from] item: Leftovers
|upkeep
|turn|10
|c|☆steelag0|omg
|
|t:|1782414834
|move|p2b: Raichu|Protect||[still]
|-fail|p2b: Raichu
|move|p1a: Whimsicott|Moonblast|p2b: Raichu
|-damage|p2b: Raichu|0 fnt
|faint|p2b: Raichu
|-curestatus|p1b: Basculegion|slp|[msg]
|move|p1b: Basculegion|Last Respects|p2a: Milotic
|-damage|p2a: Milotic|0 fnt
|faint|p2a: Milotic
|-damage|p1b: Basculegion|55/100|[from] item: Life Orb
|
|win|steelag0
|inactive|steelag0 has 30 seconds to confirm battle start!
|inactive|Aeon_Twins has 30 seconds to confirm battle start!
|c|☆Aeon_Twins|3 80% hypnosys...
