|j|☆CalliopeOKBH
|j|☆Pokeventurer
|html|CalliopeOKBHPokeventurer    
|uhtml|bestof|Game 1 of a best-of-3
|t:|1757104293
|gametype|doubles
|player|p1|CalliopeOKBH|zinnia|1120
|player|p2|Pokeventurer|2|1133
|gen|9
|tier|[Gen 9] VGC 2025 Reg H (Bo3)
|rated|
|rule|Species Clause: Limit one of each Pokémon
|rule|Item Clause: Limit 1 of each item
|clearpoke
|poke|p1|Salamence, L50, F|
|poke|p1|Pelipper, L50, M|
|poke|p1|Archaludon, L50, M|
|poke|p1|Basculegion, L50, M|
|poke|p1|Incineroar, L50, F|
|poke|p1|Amoonguss, L50, F|
|poke|p2|Basculegion, L50, M|
|poke|p2|Pelipper, L50, F|
|poke|p2|Archaludon, L50, F|
|poke|p2|Rillaboom, L50, M|
|poke|p2|Maushold, L50|
|poke|p2|Annihilape, L50, F|
|teampreview|4
|showteam|p1|Salamence||LifeOrb|Intimidate|DracoMeteor,Hurricane,Tailwind,Protect|||F|||50|,,,,,Flying]Pelipper||FocusSash|Drizzle|Hurricane,WideGuard,MuddyWater,Tailwind|||M|||50|,,,,,Ground]Archaludon||AssaultVest|Stamina|ElectroShot,DracoMeteor,FlashCannon,BodyPress|||M|||50|,,,,,Electric]Basculegion||ClearAmulet|SwiftSwim|WaveCrash,LastRespects,FlipTurn,Protect|||M|||50|,,,,,Water]Incineroar||SafetyGoggles|Intimidate|FakeOut,Taunt,KnockOff,PartingShot|||F|||50|,,,,,Ghost]Amoonguss||RockyHelmet|Regenerator|RagePowder,Spore,SludgeBomb,Protect|||F|||50|,,,,,Bug
|showteam|p2|Basculegion||ChoiceBand|SwiftSwim|WaveCrash,FlipTurn,LastRespects,AquaJet|||M|||50|,,,,,Water]Pelipper||FocusSash|Drizzle|WeatherBall,Hurricane,Tailwind,Protect|||F|||50|,,,,,Stellar]Archaludon||AssaultVest|Stamina|ElectroShot,FlashCannon,Snarl,BodyPress|||F|||50|,,,,,Grass]Rillaboom||CobaBerry|GrassySurge|FakeOut,GrassyGlide,WoodHammer,Uturn|||M|||50|,,,,,Steel]Maushold||CovertCloak|FriendGuard|FollowMe,BeatUp,SuperFang,Taunt||||||50|,,,,,Ghost]Annihilape||SafetyGoggles|Defiant|DrainPunch,RageFist,BulkUp,Protect|||F|||50|,,,,,Fire
|inactive|Battle timer is ON: inactive players will automatically lose when time's up. (requested by CalliopeOKBH)
|inactive|CalliopeOKBH has 60 seconds left.
|inactive|Pokeventurer has 60 seconds left.
|
|t:|1757104340
|teamsize|p1|4
|teamsize|p2|4
|start
|switch|p1a: Pelipper|Pelipper, L50, M|100/100
|switch|p1b: Salamence|Salamence, L50, F|100/100
|switch|p2a: MouseySee|Maushold, L50|100/100
|switch|p2b: MonkeyDo|Annihilape, L50, F|100/100
|-ability|p1b: Salamence|Intimidate|boost
|-unboost|p2a: MouseySee|atk|1
|-unboost|p2b: MonkeyDo|atk|1
|-ability|p2b: MonkeyDo|Defiant|boost
|-boost|p2b: MonkeyDo|atk|2
|-weather|RainDance|[from] ability: Drizzle|[of] p1a: Pelipper
|turn|1
|inactive|Pokeventurer has 30 seconds left.
|inactive|Pokeventurer has 20 seconds left.
|inactive|CalliopeOKBH has 30 seconds left.
|
|t:|1757104383
|-terastallize|p2b: MonkeyDo|Fire
|move|p1b: Salamence|Protect|p1b: Salamence
|-singleturn|p1b: Salamence|Protect
|move|p2a: MouseySee|Super Fang|p1a: Pelipper
|-damage|p1a: Pelipper|50/100
|move|p2b: MonkeyDo|Rage Fist|p1a: Pelipper
|-damage|p1a: Pelipper|11/100
|move|p1a: Pelipper|Tailwind|p1a: Pelipper
|-sidestart|p1: CalliopeOKBH|move: Tailwind
|
|-weather|RainDance|[upkeep]
|upkeep
|turn|2
|
|t:|1757104402
|switch|p2b: London Paris&Tokyo|Archaludon, L50, F|100/100
|move|p1b: Salamence|Hurricane|p2b: London Paris&Tokyo
|-resisted|p2b: London Paris&Tokyo
|-damage|p2b: London Paris&Tokyo|76/100
|-ability|p2b: London Paris&Tokyo|Stamina|boost
|-boost|p2b: London Paris&Tokyo|def|1
|-damage|p1b: Salamence|91/100|[from] item: Life Orb
|move|p1a: Pelipper|Muddy Water|p2a: MouseySee|[spread] p2a,p2b
|-resisted|p2b: London Paris&Tokyo
|-damage|p2a: MouseySee|42/100
|-damage|p2b: London Paris&Tokyo|60/100
|-ability|p2b: London Paris&Tokyo|Stamina|boost
|-boost|p2b: London Paris&Tokyo|def|1
|move|p2a: MouseySee|Super Fang|p1b: Salamence
|-damage|p1b: Salamence|46/100
|
|-weather|RainDance|[upkeep]
|upkeep
|turn|3
|
|t:|1757104422
|switch|p2a: Zoom!Wake|Basculegion, L50, M|100/100
|move|p1b: Salamence|Draco Meteor|p2b: London Paris&Tokyo
|-damage|p2b: London Paris&Tokyo|0 fnt
|-unboost|p1b: Salamence|spa|2
|faint|p2b: London Paris&Tokyo
|-damage|p1b: Salamence|36/100|[from] item: Life Orb
|move|p1a: Pelipper|Muddy Water|p2a: Zoom!Wake|[miss]
|-miss|p1a: Pelipper|p2a: Zoom!Wake
|
|-weather|RainDance|[upkeep]
|upkeep
|
|t:|1757104437
|switch|p2b: MouseySee|Maushold, L50|42/100
|turn|4
|
|t:|1757104452
|switch|p1b: Incineroar|Incineroar, L50, F|100/100
|-ability|p1b: Incineroar|Intimidate|boost
|-unboost|p2a: Zoom!Wake|atk|1
|-unboost|p2b: MouseySee|atk|1
|switch|p2b: MonkeyDo|Annihilape, L50, F, tera:Fire|100/100
|move|p2a: Zoom!Wake|Flip Turn|p1a: Pelipper
|-resisted|p1a: Pelipper
|-damage|p1a: Pelipper|0 fnt
|faint|p1a: Pelipper
|
|t:|1757104462
|switch|p2a: MouseySee|Maushold, L50|42/100|[from] Flip Turn
|
|-weather|RainDance|[upkeep]
|-sideend|p1: CalliopeOKBH|move: Tailwind
|upkeep
|
|t:|1757104465
|switch|p1a: Amoonguss|Amoonguss, L50, F, shiny|100/100
|turn|5
|
|t:|1757104475
|move|p1b: Incineroar|Fake Out|p2b: MonkeyDo
|-damage|p2b: MonkeyDo|92/100
|move|p2a: MouseySee|Taunt|p1a: Amoonguss
|-start|p1a: Amoonguss|move: Taunt
|cant|p2b: MonkeyDo|flinch
|cant|p1a: Amoonguss|move: Taunt|Spore
|
|-weather|none
|upkeep
|turn|6
|
|t:|1757104491
|move|p2a: MouseySee|Beat Up|p2b: MonkeyDo
|-damage|p2b: MonkeyDo|90/100
|-damage|p2b: MonkeyDo|89/100
|-damage|p2b: MonkeyDo|86/100
|-hitcount|p2b: MonkeyDo|3
|move|p2b: MonkeyDo|Rage Fist|p1a: Amoonguss
|-damage|p1a: Amoonguss|26/100
|-damage|p2b: MonkeyDo|70/100|[from] item: Rocky Helmet|[of] p1a: Amoonguss
|move|p1b: Incineroar|Knock Off|p2b: MonkeyDo
|-damage|p2b: MonkeyDo|39/100
|-enditem|p2b: MonkeyDo|Safety Goggles|[from] move: Knock Off|[of] p1b: Incineroar
|move|p1a: Amoonguss|Sludge Bomb|p2b: MonkeyDo
|-damage|p2b: MonkeyDo|20/100
|
|upkeep
|turn|7
|
|t:|1757104499
|switch|p1a: Salamence|Salamence, L50, F|36/100
|-ability|p1a: Salamence|Intimidate|boost
|-unboost|p2a: MouseySee|atk|1
|-unboost|p2b: MonkeyDo|atk|1
|-ability|p2b: MonkeyDo|Defiant|boost
|-boost|p2b: MonkeyDo|atk|2
|move|p2a: MouseySee|Super Fang|p1b: Incineroar
|-damage|p1b: Incineroar|50/100
|move|p2b: MonkeyDo|Drain Punch|p1b: Incineroar
|-supereffective|p1b: Incineroar
|-damage|p1b: Incineroar|0 fnt
|-heal|p2b: MonkeyDo|45/100|[from] drain|[of] p1b: Incineroar
|faint|p1b: Incineroar
|
|upkeep
|
|t:|1757104505
|switch|p1b: Amoonguss|Amoonguss, L50, F, shiny|59/100
|turn|8
|inactive|CalliopeOKBH has 30 seconds left.
|
|t:|1757104534
|move|p2a: MouseySee|Follow Me|p2a: MouseySee
|-singleturn|p2a: MouseySee|move: Follow Me
|move|p2b: MonkeyDo|Rage Fist|p1b: Amoonguss
|-damage|p1b: Amoonguss|0 fnt
|-damage|p2b: MonkeyDo|28/100|[from] item: Rocky Helmet|[of] p1b: Amoonguss
|faint|p1b: Amoonguss
|move|p1a: Salamence|Tailwind|p1a: Salamence
|-sidestart|p1: CalliopeOKBH|move: Tailwind
|
|upkeep
|turn|9
|
|t:|1757104546
|move|p2a: MouseySee|Follow Me|p2a: MouseySee
|-singleturn|p2a: MouseySee|move: Follow Me
|move|p1a: Salamence|Hurricane|p2a: MouseySee|[miss]
|-miss|p1a: Salamence|p2a: MouseySee
|move|p2b: MonkeyDo|Rage Fist|p1a: Salamence
|-damage|p1a: Salamence|0 fnt
|faint|p1a: Salamence
|
|win|Pokeventurer
||CalliopeOKBH is ready for game 2.
||Pokeventurer is ready for game 2.
|uhtml|next|Next: Game 2 of 3
