|j|☆That_Leek
|j|☆IneverfinishedOR
|html|That_LeekIneverfinishedOR    
|uhtml|bestof|Game 2 of a best-of-3
|t:|1755414107
|gametype|doubles
|player|p1|That_Leek|blue-masters|1178
|player|p2|IneverfinishedOR|1|1322
|gen|9
|tier|[Gen 9] VGC 2025 Reg H (Bo3)
|rated|
|rule|Species Clause: Limit one of each Pokémon
|rule|Item Clause: Limit 1 of each item
|clearpoke
|poke|p1|Incineroar, L50, M|
|poke|p1|Gholdengo, L50|
|poke|p1|Dragonite, L50, F|
|poke|p1|Amoonguss, L50, M|
|poke|p1|Ursaluna-Bloodmoon, L50, M|
|poke|p1|Gallade, L50, M|
|poke|p2|Indeedee-F, L50, F|
|poke|p2|Delphox, L50, M|
|poke|p2|Sneasler, L50, M|
|poke|p2|Incineroar, L50, M|
|poke|p2|Murkrow, L50, M|
|poke|p2|Kommo-o, L50, M|
|teampreview|4
|showteam|p1|Incineroar||SafetyGoggles|Intimidate|FakeOut,FlareBlitz,KnockOff,PartingShot|||M|||50|,,,,,Water]Gholdengo||LifeOrb|GoodasGold|MakeItRain,ShadowBall,NastyPlot,Protect||||||50|,,,,,Dragon]Dragonite||LoadedDice|Multiscale|Tailwind,StompingTantrum,ScaleShot,Protect|||F|||50|,,,,,Fairy]Amoonguss||SitrusBerry|Regenerator|PollenPuff,Spore,RagePowder,Protect|||M|||50|,,,,,Fairy]Ursaluna-Bloodmoon||AssaultVest|MindsEye|VacuumWave,BloodMoon,HyperVoice,EarthPower|||M|||50|,,,,,Ghost]Gallade||FocusSash|Sharpness|TrickRoom,SacredSword,WideGuard,PsychoCut|||M|||50|,,,,,Fairy
|showteam|p2|Indeedee-F||RockyHelmet|PsychicSurge|FollowMe,HelpingHand,Imprison,TrickRoom|||F|||50|,,,,,Fairy]Delphox||LifeOrb|Blaze|Protect,NastyPlot,HeatWave,ExpandingForce|||M|||50|,,,,,Psychic]Sneasler||PsychicSeed|Unburden|Protect,CloseCombat,DireClaw,ThroatChop|||M|||50|,,,,,Dark]Incineroar||SafetyGoggles|Intimidate|FakeOut,WillOWisp,KnockOff,PartingShot|||M|||50|,,,,,Ghost]Murkrow||Eviolite|Prankster|FoulPlay,SunnyDay,Haze,Tailwind|||M|||50|,,,,,Ghost]Kommo-o||Leftovers|Overcoat|Protect,IronDefense,BodyPress,Flamethrower|||M|||50|,,,,,Fire
|
|t:|1755414152
|teamsize|p1|4
|teamsize|p2|4
|start
|switch|p1a: Gallade|Gallade, L50, M|100/100
|switch|p1b: Incineroar|Incineroar, L50, M|100/100
|switch|p2a: Incineroar|Incineroar, L50, M|100/100
|switch|p2b: Delphox|Delphox, L50, M|100/100
|-ability|p2a: Incineroar|Intimidate|boost
|-unboost|p1a: Gallade|atk|1
|-unboost|p1b: Incineroar|atk|1
|-ability|p1b: Incineroar|Intimidate|boost
|-unboost|p2a: Incineroar|atk|1
|-unboost|p2b: Delphox|atk|1
|turn|1
|
|t:|1755414162
|switch|p2b: Sneasler|Sneasler, L50, M|100/100
|switch|p1a: Dragonite|Dragonite, L50, F|100/100
|-terastallize|p2a: Incineroar|Ghost
|move|p2a: Incineroar|Will-O-Wisp|p1a: Dragonite
|-status|p1a: Dragonite|brn
|move|p1b: Incineroar|Knock Off|p2a: Incineroar
|-supereffective|p2a: Incineroar
|-damage|p2a: Incineroar|55/100
|-enditem|p2a: Incineroar|Safety Goggles|[from] move: Knock Off|[of] p1b: Incineroar
|
|-damage|p1a: Dragonite|95/100 brn|[from] brn
|upkeep
|turn|2
|
|t:|1755414186
|move|p2b: Sneasler|Close Combat|p1b: Incineroar
|-supereffective|p1b: Incineroar
|-damage|p1b: Incineroar|0 fnt
|-unboost|p2b: Sneasler|def|1
|-unboost|p2b: Sneasler|spd|1
|faint|p1b: Incineroar
|move|p1a: Dragonite|Scale Shot|p2b: Sneasler
|-damage|p2b: Sneasler|80/100
|-damage|p2b: Sneasler|60/100
|-damage|p2b: Sneasler|41/100
|-crit|p2b: Sneasler
|-damage|p2b: Sneasler|11/100
|-hitcount|p2b: Sneasler|4
|-unboost|p1a: Dragonite|def|1
|-boost|p1a: Dragonite|spe|1
|move|p2a: Incineroar|Knock Off|p1a: Dragonite
|-damage|p1a: Dragonite|55/100 brn
|-enditem|p1a: Dragonite|Loaded Dice|[from] move: Knock Off|[of] p2a: Incineroar
|
|-damage|p1a: Dragonite|50/100 brn|[from] brn
|upkeep
|
|t:|1755414195
|switch|p1b: Gholdengo|Gholdengo, L50|100/100
|turn|3
|
|t:|1755414213
|move|p2b: Sneasler|Protect|p2b: Sneasler
|-singleturn|p2b: Sneasler|Protect
|move|p1b: Gholdengo|Protect|p1b: Gholdengo
|-singleturn|p1b: Gholdengo|Protect
|move|p1a: Dragonite|Tailwind|p1a: Dragonite
|-sidestart|p1: That_Leek|move: Tailwind
|move|p2a: Incineroar|Knock Off|p1b: Gholdengo
|-activate|p1b: Gholdengo|move: Protect
|
|-damage|p1a: Dragonite|44/100 brn|[from] brn
|upkeep
|turn|4
|
|t:|1755414232
|switch|p2a: Indeedee|Indeedee-F, L50, F|100/100
|-fieldstart|move: Psychic Terrain|[from] ability: Psychic Surge|[of] p2a: Indeedee
|-enditem|p2b: Sneasler|Psychic Seed
|-boost|p2b: Sneasler|spd|1|[from] item: Psychic Seed
|move|p1a: Dragonite|Stomping Tantrum|p2b: Sneasler
|-supereffective|p2b: Sneasler
|-damage|p2b: Sneasler|0 fnt
|faint|p2b: Sneasler
|move|p1b: Gholdengo|Shadow Ball|p2a: Indeedee
|-immune|p2a: Indeedee
|
|-damage|p1a: Dragonite|38/100 brn|[from] brn
|upkeep
|
|t:|1755414241
|switch|p2b: Delphox|Delphox, L50, M|100/100
|turn|5
|
|t:|1755414264
|-terastallize|p1b: Gholdengo|Dragon
|move|p2a: Indeedee|Follow Me|p2a: Indeedee
|-singleturn|p2a: Indeedee|move: Follow Me
|move|p1a: Dragonite|Scale Shot|p2a: Indeedee
|-damage|p2a: Indeedee|94/100
|-damage|p2a: Indeedee|87/100
|-hitcount|p2a: Indeedee|2
|-unboost|p1a: Dragonite|def|1
|-boost|p1a: Dragonite|spe|1
|move|p1b: Gholdengo|Make It Rain|p2a: Indeedee|[spread] p2a,p2b
|-resisted|p2b: Delphox
|-damage|p2a: Indeedee|28/100
|-damage|p2b: Delphox|60/100
|-unboost|p1b: Gholdengo|spa|1
|-damage|p1b: Gholdengo|91/100|[from] item: Life Orb
|move|p2b: Delphox|Expanding Force|p1a: Dragonite|[spread] p1a,p1b
|-crit|p1a: Dragonite
|-damage|p1a: Dragonite|0 fnt
|-damage|p1b: Gholdengo|21/100
|faint|p1a: Dragonite
|-damage|p2b: Delphox|50/100|[from] item: Life Orb
|
|upkeep
|
|t:|1755414270
|switch|p1a: Gallade|Gallade, L50, M|100/100
|turn|6
|
|t:|1755414301
|move|p2a: Indeedee|Follow Me|p2a: Indeedee
|-singleturn|p2a: Indeedee|move: Follow Me
|move|p1a: Gallade|Sacred Sword|p2a: Indeedee
|-damage|p2a: Indeedee|0 fnt
|-damage|p1a: Gallade|84/100|[from] item: Rocky Helmet|[of] p2a: Indeedee
|faint|p2a: Indeedee
|move|p1b: Gholdengo|Shadow Ball|p2b: Delphox
|-supereffective|p2b: Delphox
|-damage|p2b: Delphox|0 fnt
|faint|p2b: Delphox
|-damage|p1b: Gholdengo|11/100|[from] item: Life Orb
|
|-sideend|p1: That_Leek|move: Tailwind
|upkeep
|-message|IneverfinishedOR forfeited.
|
|win|That_Leek
|raw|That_Leek's rating: 1178 → 1213(+35 for winning)
|raw|IneverfinishedOR's rating: 1322 → 1294(-28 for losing)
|l|☆IneverfinishedOR
|player|p2|
