|j|☆sbhaga34
|j|☆helio list
|html|sbhaga34helio list    
|uhtml|bestof|Game 2 of a best-of-3
|t:|1784660393
|gametype|doubles
|player|p1|sbhaga34|hugh|1337
|player|p2|helio list|1|1397
|gen|9
|tier|[Gen 9 Champions] VGC 2026 Reg M-B (Bo3)
|rated|
|rule|Species Clause: Limit one of each Pokémon
|rule|Item Clause: Limit 1 of each item
|clearpoke
|poke|p1|Excadrill, L50, F|
|poke|p1|Tyranitar, L50, F|
|poke|p1|Corviknight, L50, F|
|poke|p1|Rotom-Wash, L50|
|poke|p1|Chandelure, L50, M|
|poke|p1|Scovillain, L50, F|
|poke|p2|Garchomp, L50, M|
|poke|p2|Talonflame, L50, F|
|poke|p2|Floette-Eternal, L50, F|
|poke|p2|Basculegion, L50, M|
|poke|p2|Vivillon-Pokeball, L50, M|
|poke|p2|Kingambit, L50, F|
|teampreview|4
|showteam|p1|Excadrill||FocusSash|SandRush|Earthquake,IronHead,SwordsDance,Protect|Adamant||F|||50|]Tyranitar||Tyranitarite|SandStream|RockSlide,KnockOff,LowKick,Protect|Adamant||F|||50|]Corviknight||SharpBeak|MirrorArmor|BraveBird,Tailwind,BulkUp,Roost|Careful||F|||50|]Rotom-Wash||ChoiceScarf|Levitate|VoltSwitch,Thunderbolt,Electroweb,HydroPump|Timid|||||50|]Chandelure||ShucaBerry|FlashFire|HeatWave,ShadowBall,TrickRoom,Protect|Modest||M|||50|]Scovillain||Scovillainite|Chlorophyll|RagePowder,Overheat,GigaDrain,Protect|Calm||F|||50|
|showteam|p2|Garchomp||LifeOrb|RoughSkin|Earthquake,RockSlide,DragonClaw,Protect|Jolly||M|||50|]Talonflame||SharpBeak|GaleWings|DualWingbeat,FlareBlitz,Tailwind,Protect|Jolly||F|||50|]Floette-Eternal||Floettite|FlowerVeil|CalmMind,Protect,LightofRuin,DazzlingGleam|Modest||F|||50|]Basculegion||FocusSash|Adaptability|Liquidation,LastRespects,AquaJet,Protect|Adamant||M|||50|]Vivillon-Pokeball||ChoiceScarf|CompoundEyes|SleepPowder,Tailwind,RagePowder,Hurricane|Timid||M|||50|]Kingambit||OccaBerry|Defiant|SuckerPunch,KowtowCleave,IronHead,Protect|Adamant||F|||50|
|inactive|Battle timer is ON: inactive players will automatically lose when time's up. (requested by helio list)
|
|t:|1784660420
|teamsize|p1|4
|teamsize|p2|4
|start
|switch|p1a: Corviknight|Corviknight, L50, F|100/100
|switch|p1b: Chandelure|Chandelure, L50, M|100/100
|switch|p2a: Vivillon|Vivillon-Pokeball, L50, M|100/100
|switch|p2b: Garchomp|Garchomp, L50, M|100/100
|turn|1
|
|t:|1784660444
|move|p2a: Vivillon|Sleep Powder|p1a: Corviknight
|-status|p1a: Corviknight|slp|[from] move: Sleep Powder
|move|p2b: Garchomp|Rock Slide|p1a: Corviknight|[spread] p1a,p1b
|-supereffective|p1b: Chandelure|1
|-damage|p1a: Corviknight|77/100 slp
|-damage|p1b: Chandelure|45/100
|-damage|p2b: Garchomp|90/100|[from] item: Life Orb
|move|p1b: Chandelure|Heat Wave|p2a: Vivillon|[spread] p2b
|-miss|p1b: Chandelure|p2a: Vivillon
|-resisted|p2b: Garchomp|1
|-crit|p2b: Garchomp
|-damage|p2b: Garchomp|52/100
|cant|p1a: Corviknight|slp
|
|upkeep
|turn|2
|
|t:|1784660460
|move|p1b: Chandelure|Protect|p1b: Chandelure
|-singleturn|p1b: Chandelure|Protect
|move|p2a: Vivillon|Sleep Powder|p1b: Chandelure
|-activate|p1b: Chandelure|move: Protect
|move|p2b: Garchomp|Rock Slide|p1a: Corviknight|[spread] 
|-activate|p1b: Chandelure|move: Protect
|-miss|p2b: Garchomp|p1a: Corviknight
|-curestatus|p1a: Corviknight|slp|[msg]
|move|p1a: Corviknight|Tailwind|p1a: Corviknight
|-sidestart|p1: sbhaga34|move: Tailwind
|
|upkeep
|turn|3
|
|t:|1784660474
|move|p2a: Vivillon|Sleep Powder|p1a: Corviknight
|-status|p1a: Corviknight|slp|[from] move: Sleep Powder
|move|p1b: Chandelure|Heat Wave|p2b: Garchomp|[spread] p2b
|-miss|p1b: Chandelure|p2a: Vivillon
|-resisted|p2b: Garchomp|1
|-damage|p2b: Garchomp|30/100
|cant|p1a: Corviknight|slp
|move|p2b: Garchomp|Rock Slide|p1b: Chandelure|[spread] p1a,p1b
|-supereffective|p1b: Chandelure|1
|-damage|p1a: Corviknight|56/100 slp
|-damage|p1b: Chandelure|0 fnt
|faint|p1b: Chandelure
|-damage|p2b: Garchomp|21/100|[from] item: Life Orb
|
|upkeep
|
|t:|1784660484
|switch|p1b: Tyranitar|Tyranitar, L50, F|100/100
|-weather|Sandstorm|[from] ability: Sand Stream|[of] p1b: Tyranitar
|turn|4
|
|t:|1784660492
|detailschange|p1b: Tyranitar|Tyranitar-Mega, L50, F
|-mega|p1b: Tyranitar|Tyranitar|Tyranitarite
|move|p1b: Tyranitar|Rock Slide|p2b: Garchomp|[spread] p2a,p2b
|-supereffective|p2a: Vivillon|2
|-resisted|p2b: Garchomp|1
|-damage|p2a: Vivillon|0 fnt
|-damage|p2b: Garchomp|4/100
|faint|p2a: Vivillon
|-curestatus|p1a: Corviknight|slp|[msg]
|move|p1a: Corviknight|Bulk Up|p1a: Corviknight
|-boost|p1a: Corviknight|atk|1
|-boost|p1a: Corviknight|def|1
|cant|p2b: Garchomp|flinch
|
|-weather|Sandstorm|[upkeep]
|upkeep
|
|t:|1784660500
|switch|p2a: Floette|Floette-Eternal, L50, F|100/100
|turn|5
|
|t:|1784660510
|switch|p1b: Excadrill|Excadrill, L50, F|100/100
|detailschange|p2a: Floette|Floette-Mega, L50, F
|-mega|p2a: Floette|Floette|Floettite
|-ability|p2a: Floette|Fairy Aura
|move|p2b: Garchomp|Protect|p2b: Garchomp
|-singleturn|p2b: Garchomp|Protect
|move|p1a: Corviknight|Brave Bird|p2a: Floette
|-damage|p2a: Floette|0 fnt
|faint|p2a: Floette
|-damage|p1a: Corviknight|30/100|[from] Recoil
|
|-weather|Sandstorm|[upkeep]
|-sideend|p1: sbhaga34|move: Tailwind
|upkeep
|
|t:|1784660524
|switch|p2a: Basculegion|Basculegion, L50, M|100/100
|turn|6
|
|t:|1784660528
|move|p1b: Excadrill|Earthquake|p2b: Garchomp|[spread] p2a,p2b
|-immune|p1a: Corviknight
|-damage|p2a: Basculegion|45/100
|-damage|p2b: Garchomp|0 fnt
|faint|p2b: Garchomp
|move|p2a: Basculegion|Liquidation|p1b: Excadrill
|-supereffective|p1b: Excadrill|1
|-enditem|p1b: Excadrill|Focus Sash
|-damage|p1b: Excadrill|1/100
|move|p1a: Corviknight|Tailwind|p1a: Corviknight
|-sidestart|p1: sbhaga34|move: Tailwind
|
|-weather|Sandstorm|[upkeep]
|-damage|p2a: Basculegion|39/100|[from] Sandstorm
|upkeep
|turn|7
|-message|helio list forfeited.
|
|win|sbhaga34
