|j|☆pm12356
|j|☆zytexd
|html|pm12356zytexd    
|uhtml|bestof|Game 2 of a best-of-3
|t:|1784336047
|gametype|doubles
|player|p1|pm12356|265|1110
|player|p2|zytexd|lucas|1025
|gen|9
|tier|[Gen 9 Champions] VGC 2026 Reg M-B (Bo3)
|rated|
|rule|Species Clause: Limit one of each Pokémon
|rule|Item Clause: Limit 1 of each item
|clearpoke
|poke|p1|Charizard, L50, F|
|poke|p1|Ninetales, L50, M|
|poke|p1|Tsareena, L50, F|
|poke|p1|Scrafty, L50, M|
|poke|p1|Whimsicott, L50, F|
|poke|p1|Eelektross, L50, F|
|poke|p2|Malamar, L50, M|
|poke|p2|Maushold-Four, L50|
|poke|p2|Mawile, L50, F|
|poke|p2|Sinistcha-Masterpiece, L50|
|poke|p2|Whimsicott, L50, M|
|poke|p2|Incineroar, L50, M|
|teampreview|4
|showteam|p1|Charizard||Charcoal|SolarPower|HeatWave,WeatherBall,SolarBeam,Protect|Modest||F|||50|]Ninetales||LifeOrb|Drought|HelpingHand,WillOWisp,WeatherBall,Protect|Timid||M|||50|]Tsareena||MiracleSeed|QueenlyMajesty|SolarBlade,SeedBomb,HighJumpKick,Protect|Adamant||F|||50|]Scrafty||Scraftinite|Intimidate|ThroatChop,DrainPunch,FakeOut,Protect|Adamant||M|||50|]Whimsicott||FocusSash|Prankster|LightScreen,Tailwind,SunnyDay,Protect|Timid||F|||50|]Eelektross||Eelektrossite|Levitate|SupercellSlam,ThunderWave,PsychicFangs,Protect|Adamant||F|||50|
|showteam|p2|Malamar||Malamarite|Contrary|Superpower,KnockOff,TrickRoom,Protect|Adamant||M|||50|]Maushold-Four||WideLens|Technician|PopulationBomb,FollowMe,Feint,Protect|Jolly|||||50|]Mawile||Mawilite|HyperCutter|PlayRough,RockSlide,SuckerPunch,Protect|Brave||F|||50|]Sinistcha-Masterpiece||ColburBerry|Hospitality|MatchaGotcha,LifeDew,RagePowder,Protect|Calm|||||50|]Whimsicott||FocusSash|Prankster|Moonblast,Tailwind,Charm,FakeTears|Modest||M|||50|]Incineroar||LifeOrb|Intimidate|FlareBlitz,DarkestLariat,PartingShot,FakeOut|Brave||M|||50|
|
|t:|1784336073
|teamsize|p1|4
|teamsize|p2|4
|start
|switch|p1a: Ninetales|Ninetales, L50, M|100/100
|switch|p1b: Tsareena|Tsareena, L50, F|100/100
|switch|p2a: Malamar|Malamar, L50, M|100/100
|switch|p2b: Maushold|Maushold-Four, L50|100/100
|-weather|SunnyDay|[from] ability: Drought|[of] p1a: Ninetales
|turn|1
|
|t:|1784336094
|move|p2b: Maushold|Population Bomb|p1a: Ninetales
|-damage|p1a: Ninetales|82/100
|-damage|p1a: Ninetales|64/100
|-damage|p1a: Ninetales|47/100
|-damage|p1a: Ninetales|30/100
|-damage|p1a: Ninetales|14/100
|-damage|p1a: Ninetales|0 fnt
|faint|p1a: Ninetales
|-hitcount|p1: Ninetales|6
|move|p1b: Tsareena|High Jump Kick|p2b: Maushold
|-supereffective|p2b: Maushold|1
|-damage|p2b: Maushold|0 fnt
|faint|p2b: Maushold
|move|p2a: Malamar|Trick Room|p2a: Malamar
|-fieldstart|move: Trick Room|[of] p2a: Malamar
|
|-weather|SunnyDay|[upkeep]
|upkeep
|
|t:|1784336109
|switch|p1a: Charizard|Charizard, L50, F|100/100
|switch|p2b: Mawile|Mawile, L50, F|100/100
|turn|2
|
|t:|1784336124
|detailschange|p2b: Mawile|Mawile-Mega, L50, F
|-mega|p2b: Mawile|Mawile|Mawilite
|move|p2b: Mawile|Rock Slide|p1a: Charizard|[spread] p1a,p1b
|-supereffective|p1a: Charizard|2
|-damage|p1a: Charizard|0 fnt
|-damage|p1b: Tsareena|59/100
|faint|p1a: Charizard
|move|p2a: Malamar|Knock Off|p1b: Tsareena
|-damage|p1b: Tsareena|12/100
|-enditem|p1b: Tsareena|Miracle Seed|[from] move: Knock Off|[of] p2a: Malamar
|move|p1b: Tsareena|Solar Blade||[still]
|-prepare|p1b: Tsareena|Solar Blade
|-anim|p1b: Tsareena|Solar Blade|p2a: Malamar
|-damage|p2a: Malamar|44/100
|
|-weather|SunnyDay|[upkeep]
|upkeep
|
|t:|1784336138
|switch|p1a: Scrafty|Scrafty, L50, M|100/100
|-ability|p1a: Scrafty|Intimidate|boost
|-boost|p2a: Malamar|atk|1
|-unboost|p2b: Mawile|atk|1
|turn|3
|
|t:|1784336183
|move|p1a: Scrafty|Fake Out|p2b: Mawile
|-resisted|p2b: Mawile|1
|-damage|p2b: Mawile|94/100
|cant|p2b: Mawile|flinch
|move|p2a: Malamar|Superpower|p1a: Scrafty
|-supereffective|p1a: Scrafty|1
|-damage|p1a: Scrafty|6/100
|-boost|p2a: Malamar|atk|1
|-boost|p2a: Malamar|def|1
|move|p1b: Tsareena|Solar Blade||[still]
|-prepare|p1b: Tsareena|Solar Blade
|-anim|p1b: Tsareena|Solar Blade|p2a: Malamar
|-damage|p2a: Malamar|9/100
|
|-weather|SunnyDay|[upkeep]
|upkeep
|turn|4
|
|t:|1784336208
|detailschange|p1a: Scrafty|Scrafty-Mega, L50, M
|-mega|p1a: Scrafty|Scrafty|Scraftinite
|-ability|p1a: Scrafty|Intimidate|boost
|-boost|p2a: Malamar|atk|1
|-unboost|p2b: Mawile|atk|1
|move|p2b: Mawile|Play Rough|p1a: Scrafty|[miss]
|-miss|p2b: Mawile|p1a: Scrafty
|move|p1a: Scrafty|Drain Punch|p2b: Mawile
|-damage|p2b: Mawile|54/100
|-heal|p1a: Scrafty|25/100|[from] drain|[of] p2b: Mawile
|move|p2a: Malamar|Superpower|p1b: Tsareena
|-damage|p1b: Tsareena|0 fnt
|-boost|p2a: Malamar|atk|1
|-boost|p2a: Malamar|def|1
|faint|p1b: Tsareena
|
|-weather|SunnyDay|[upkeep]
|upkeep
|turn|5
|
|t:|1784336222
|move|p1a: Scrafty|Protect|p1a: Scrafty
|-singleturn|p1a: Scrafty|Protect
|move|p2b: Mawile|Play Rough|p1a: Scrafty
|-activate|p1a: Scrafty|move: Protect
|move|p2a: Malamar|Superpower|p1a: Scrafty
|-activate|p1a: Scrafty|move: Protect
|
|-weather|none
|-fieldend|move: Trick Room
|upkeep
|turn|6
|
|t:|1784336234
|move|p2a: Malamar|Superpower|p1a: Scrafty
|-supereffective|p1a: Scrafty|1
|-damage|p1a: Scrafty|0 fnt
|-boost|p2a: Malamar|atk|1
|-boost|p2a: Malamar|def|1
|faint|p1a: Scrafty
|
|win|zytexd
|raw|pm12356's rating: 1110 → 1079(-31 for losing)
|raw|zytexd's rating: 1025 → 1070(+45 for winning)
