|j|☆Snowball_seer
|j|☆Mortipherus
|html|Snowball_seerMortipherus    
|uhtml|bestof|Game 2 of a best-of-3
|t:|1756320988
|gametype|doubles
|player|p1|Snowball_seer|allister-masters|
|player|p2|Mortipherus|biker-gen4|
|gen|9
|tier|[Gen 9] VGC 2025 Reg H (Bo3)
|rule|Species Clause: Limit one of each Pokémon
|rule|Item Clause: Limit 1 of each item
|clearpoke
|poke|p1|Annihilape, L50, M|
|poke|p1|Maushold-Four, L50|
|poke|p1|Gholdengo, L50|
|poke|p1|Rillaboom, L50, M|
|poke|p1|Ninetales-Alola, L50, M|
|poke|p1|Gastrodon, L50, M|
|poke|p2|Hydrapple, L50, M|
|poke|p2|Arcanine-Hisui, L50, F|
|poke|p2|Gholdengo, L50|
|poke|p2|Electabuzz, L50, M|
|poke|p2|Indeedee, L50, M|
|poke|p2|Sneasler, L50, M|
|teampreview|4
|showteam|p1|Annihilape||LumBerry|Defiant|Protect,RageFist,DrainPunch,BulkUp|||M|||50|,,,,,Fire]Maushold-Four||FocusSash|FriendGuard|Protect,BeatUp,Taunt,FollowMe||||||50|,,,,,Ghost]Gholdengo||LifeOrb|GoodasGold|Protect,MakeItRain,ShadowBall,NastyPlot||||||50|,,,,,Water]Rillaboom||AssaultVest|GrassySurge|FakeOut,GrassyGlide,WoodHammer,Uturn|||M|||50|,,,,,Fire]Ninetales-Alola||CovertCloak|SnowWarning|Protect,IcyWind,Encore,AuroraVeil|||M|||50|,,,,,Water]Gastrodon||SitrusBerry|StormDrain|Protect,EarthPower,ClearSmog,Yawn|||M|||50|,,,,,Grass
|showteam|p2|Hydrapple||AssaultVest|Regenerator|FickleBeam,EnergyBall,EarthPower,PollenPuff|||M|||50|,,,,,Bug]Arcanine-Hisui||ClearAmulet|Intimidate|Protect,ExtremeSpeed,FlareBlitz,RockSlide|||F|||50|,,,,,Grass]Gholdengo||LifeOrb|GoodasGold|Protect,NastyPlot,MakeItRain,ShadowBall||||||50|,,,,,Flying]Electabuzz||Eviolite|VitalSpirit|Protect,FollowMe,Taunt,Electroweb|||M|||50|,,,,,Dragon]Indeedee||FocusSash|PsychicSurge|Protect,TrickRoom,ExpandingForce,TeraBlast|||M|||50|,,,,,Ground]Sneasler||PsychicSeed|Unburden|Protect,ThroatChop,DireClaw,CloseCombat|||M|||50|,,,,,Dark
|inactive|Battle timer is ON: inactive players will automatically lose when time's up. (requested by Snowball_seer)
|
|t:|1756321012
|teamsize|p1|4
|teamsize|p2|4
|start
|switch|p1a: Gholdengo|Gholdengo, L50|100/100
|switch|p1b: Maushold|Maushold-Four, L50|100/100
|switch|p2a: Gholdengo|Gholdengo, L50|100/100
|switch|p2b: Electabuzz|Electabuzz, L50, M|100/100
|turn|1
|
|t:|1756321026
|-terastallize|p1a: Gholdengo|Water
|move|p2b: Electabuzz|Follow Me|p2b: Electabuzz
|-singleturn|p2b: Electabuzz|move: Follow Me
|move|p1b: Maushold|Taunt|p2b: Electabuzz
|-start|p2b: Electabuzz|move: Taunt
|move|p1a: Gholdengo|Nasty Plot|p1a: Gholdengo
|-boost|p1a: Gholdengo|spa|2
|move|p2a: Gholdengo|Nasty Plot|p2a: Gholdengo
|-boost|p2a: Gholdengo|spa|2
|
|upkeep
|turn|2
|inactive|Snowball_seer has 30 seconds left.
|inactive|Snowball_seer has 20 seconds left.
|
|t:|1756321063
|move|p2a: Gholdengo|Protect|p2a: Gholdengo
|-singleturn|p2a: Gholdengo|Protect
|move|p1b: Maushold|Follow Me|p1b: Maushold
|-singleturn|p1b: Maushold|move: Follow Me
|move|p1a: Gholdengo|Shadow Ball|p2a: Gholdengo
|-activate|p2a: Gholdengo|move: Protect
|move|p2b: Electabuzz|Electroweb|p1a: Gholdengo|[spread] p1a,p1b
|-supereffective|p1a: Gholdengo
|-damage|p1a: Gholdengo|76/100
|-damage|p1b: Maushold|82/100
|-unboost|p1a: Gholdengo|spe|1
|-unboost|p1b: Maushold|spe|1
|
|upkeep
|turn|3
|inactive|Mortipherus has 30 seconds left.
|
|t:|1756321093
|move|p1b: Maushold|Follow Me|p1b: Maushold
|-singleturn|p1b: Maushold|move: Follow Me
|move|p2b: Electabuzz|Electroweb|p1a: Gholdengo|[spread] p1a,p1b
|-supereffective|p1a: Gholdengo
|-damage|p1a: Gholdengo|51/100
|-damage|p1b: Maushold|63/100
|-unboost|p1a: Gholdengo|spe|1
|-unboost|p1b: Maushold|spe|1
|move|p2a: Gholdengo|Make It Rain|p1b: Maushold|[spread] p1a,p1b
|-resisted|p1a: Gholdengo
|-damage|p1a: Gholdengo|0 fnt
|-damage|p1b: Maushold|0 fnt
|-unboost|p2a: Gholdengo|spa|1
|faint|p1a: Gholdengo
|faint|p1b: Maushold
|-damage|p2a: Gholdengo|91/100|[from] item: Life Orb
|
|upkeep
|
|t:|1756321108
|switch|p1b: Rillaboom|Rillaboom, L50, M|100/100
|switch|p1a: Annihilape|Annihilape, L50, M|100/100
|-fieldstart|move: Grassy Terrain|[from] ability: Grassy Surge|[of] p1b: Rillaboom
|turn|4
|inactive|Mortipherus has 30 seconds left.
|inactive|Snowball_seer has 30 seconds left.
|
|t:|1756321141
|switch|p2b: Indeedee|Indeedee, L50, M|100/100
|-fieldstart|move: Psychic Terrain|[from] ability: Psychic Surge|[of] p2b: Indeedee
|move|p1a: Annihilape|Rage Fist|p2a: Gholdengo
|-supereffective|p2a: Gholdengo
|-damage|p2a: Gholdengo|47/100
|move|p1b: Rillaboom|Wood Hammer|p2b: Indeedee
|-enditem|p2b: Indeedee|Focus Sash
|-damage|p2b: Indeedee|1/100
|-damage|p1b: Rillaboom|77/100|[from] Recoil
|move|p2a: Gholdengo|Shadow Ball|p1a: Annihilape
|-supereffective|p1a: Annihilape
|-damage|p1a: Annihilape|0 fnt
|faint|p1a: Annihilape
|-damage|p2a: Gholdengo|38/100|[from] item: Life Orb
|
|upkeep
|turn|5
|-message|Snowball_seer forfeited.
|
|win|Mortipherus
|l|☆Snowball_seer
|player|p1|
