|j|☆Scriptorik
|j|☆lox1sm
|html|Scriptoriklox1sm    
|uhtml|bestof|Game 1 of a best-of-3
|t:|1782573107
|gametype|doubles
|player|p1|Scriptorik|pokemaniac|1119
|player|p2|lox1sm|veteran|1157
|gen|9
|tier|[Gen 9 Champions] VGC 2026 Reg M-B (Bo3)
|rated|
|rule|Species Clause: Limit one of each Pokémon
|rule|Item Clause: Limit 1 of each item
|clearpoke
|poke|p1|Sinistcha, L50|
|poke|p1|Maushold, L50|
|poke|p1|Basculegion, L50, M|
|poke|p1|Pyroar, L50, M|
|poke|p1|Raichu, L50, M|
|poke|p1|Ninetales-Alola, L50, F|
|poke|p2|Charizard, L50, F|
|poke|p2|Metagross, L50|
|poke|p2|Aerodactyl, L50, F|
|poke|p2|Garchomp, L50, M|
|poke|p2|Kingambit, L50, F|
|poke|p2|Farigiraf, L50, M|
|teampreview|4
|showteam|p1|Sinistcha||CobaBerry|Hospitality|MatchaGotcha,Protect,RagePowder,TrickRoom|Bold|||||50|]Maushold||ChopleBerry|FriendGuard|SuperFang,FollowMe,Taunt,Protect|Jolly|||||50|]Basculegion||ChoiceScarf|Adaptability|WaveCrash,LastRespects,Soak,FlipTurn|Adamant||M|||50|]Pyroar||Pyroarite|Unnerve|HeatWave,Overheat,Substitute,Protect|Timid||M|||50|]Raichu||RaichuniteY|LightningRod|FakeOut,ZapCannon,FocusBlast,Protect|Timid||M|||50|]Ninetales-Alola||LightClay|SnowWarning|Blizzard,FreezeDry,AuroraVeil,Protect|Timid||F|||50|
|showteam|p2|Charizard||CharizarditeY|Blaze|HeatWave,WeatherBall,SolarBeam,Protect|Modest||F|||50|]Metagross||Metagrossite|ClearBody|IronHead,PsychicFangs,StompingTantrum,Protect|Jolly|||||50|]Aerodactyl||SitrusBerry|Unnerve|RockSlide,IceFang,Tailwind,Protect|Jolly||F|||50|]Garchomp||LifeOrb|RoughSkin|DragonClaw,Earthquake,RockSlide,Protect|Jolly||M|||50|]Kingambit||FocusSash|Defiant|KowtowCleave,SuckerPunch,IronHead,LowKick|Adamant||F|||50|]Farigiraf||ExpertBelt|ArmorTail|Psychic,DazzlingGleam,Thunderbolt,TrickRoom|Modest||M|||50|
|inactive|Battle timer is ON: inactive players will automatically lose when time's up. (requested by lox1sm)
|
|t:|1782573160
|teamsize|p1|4
|teamsize|p2|4
|start
|switch|p1a: Raichu|Raichu, L50, M|100/100
|switch|p1b: Maushold|Maushold, L50|100/100
|switch|p2a: Aerodactyl|Aerodactyl, L50, F|100/100
|switch|p2b: Metagross|Metagross, L50|100/100
|-ability|p2a: Aerodactyl|Unnerve
|turn|1
|inactive|Scriptorik has 30 seconds left.
|inactive|lox1sm has 30 seconds left.
|inactive|lox1sm has 20 seconds left.
|inactive|lox1sm has 15 seconds left.
|inactive|lox1sm has 10 seconds left.
|
|t:|1782573207
|detailschange|p2b: Metagross|Metagross-Mega, L50
|-mega|p2b: Metagross|Metagross|Metagrossite
|move|p1a: Raichu|Fake Out|p2a: Aerodactyl
|-resisted|p2a: Aerodactyl|1
|-damage|p2a: Aerodactyl|94/100
|cant|p2a: Aerodactyl|flinch
|move|p1b: Maushold|Super Fang|p2b: Metagross
|-damage|p2b: Metagross|50/100y
|move|p2b: Metagross|Iron Head|p1b: Maushold
|-damage|p1b: Maushold|27/100
|
|upkeep
|turn|2
|
|t:|1782573226
|detailschange|p1a: Raichu|Raichu-Mega-Y, L50, M
|-mega|p1a: Raichu|Raichu|Raichunite Y
|move|p1b: Maushold|Protect|p1b: Maushold
|-singleturn|p1b: Maushold|Protect
|move|p2b: Metagross|Protect|p2b: Metagross
|-singleturn|p2b: Metagross|Protect
|move|p2a: Aerodactyl|Tailwind|p2a: Aerodactyl
|-sidestart|p2: lox1sm|move: Tailwind
|move|p1a: Raichu|Zap Cannon|p2a: Aerodactyl
|-supereffective|p2a: Aerodactyl|1
|-crit|p2a: Aerodactyl
|-damage|p2a: Aerodactyl|0 fnt
|faint|p2a: Aerodactyl
|
|upkeep
|inactive|lox1sm has 30 seconds left.
|
|t:|1782573254
|switch|p2a: Kingambit|Kingambit, L50, F|100/100
|turn|3
|
|t:|1782573277
|move|p1a: Raichu|Protect|p1a: Raichu
|-singleturn|p1a: Raichu|Protect
|move|p2b: Metagross|Stomping Tantrum|p1a: Raichu
|-activate|p1a: Raichu|move: Protect
|move|p2a: Kingambit|Kowtow Cleave|p1a: Raichu
|-activate|p1a: Raichu|move: Protect
|move|p1b: Maushold|Super Fang|p2a: Kingambit
|-damage|p2a: Kingambit|50/100g
|
|upkeep
|turn|4
|
|t:|1782573294
|move|p1b: Maushold|Follow Me|p1b: Maushold
|-singleturn|p1b: Maushold|move: Follow Me
|move|p2b: Metagross|Psychic Fangs|p1b: Maushold
|-damage|p1b: Maushold|0 fnt
|faint|p1b: Maushold
|move|p2a: Kingambit|Kowtow Cleave|p1a: Raichu
|-damage|p1a: Raichu|37/100
|move|p1a: Raichu|Focus Blast|p2a: Kingambit
|-supereffective|p2a: Kingambit|2
|-damage|p2a: Kingambit|0 fnt
|faint|p2a: Kingambit
|
|upkeep
|
|t:|1782573311
|switch|p1b: Ninetales|Ninetales-Alola, L50, F|100/100
|switch|p2a: Farigiraf|Farigiraf, L50, M|100/100
|-weather|Snowscape|[from] ability: Snow Warning|[of] p1b: Ninetales
|turn|5
|
|t:|1782573334
|move|p2b: Metagross|Protect|p2b: Metagross
|-singleturn|p2b: Metagross|Protect
|move|p1b: Ninetales|Protect|p1b: Ninetales
|-singleturn|p1b: Ninetales|Protect
|move|p1a: Raichu|Protect|p1a: Raichu
|-singleturn|p1a: Raichu|Protect
|move|p2a: Farigiraf|Trick Room|p2a: Farigiraf
|-fieldstart|move: Trick Room|[of] p2a: Farigiraf
|
|-weather|Snowscape|[upkeep]
|-sideend|p2: lox1sm|move: Tailwind
|upkeep
|turn|6
|
|t:|1782573354
|move|p2a: Farigiraf|Psychic|p1a: Raichu
|-damage|p1a: Raichu|0 fnt
|faint|p1a: Raichu
|move|p2b: Metagross|Iron Head|p1b: Ninetales
|-supereffective|p1b: Ninetales|2
|-damage|p1b: Ninetales|0 fnt
|faint|p1b: Ninetales
|
|-weather|Snowscape|[upkeep]
|upkeep
|
|t:|1782573357
|switch|p1b: Basculegion|Basculegion, L50, M|100/100
|turn|7
|-message|Scriptorik forfeited.
|
|win|lox1sm
|l|☆Scriptorik
|player|p1|
||Scriptorik is ready for game 2.
||lox1sm is ready for game 2.
|uhtml|next|Next: Game 2 of 3
