|j|☆majordomo0001
|j|☆Ninjacoox
|html|majordomo0001Ninjacoox    
|uhtml|bestof|Game 2 of a best-of-3
|t:|1785374778
|gametype|doubles
|player|p1|majordomo0001|102|1201
|player|p2|Ninjacoox|rood|1127
|gen|9
|tier|[Gen 9 Champions] VGC 2026 Reg M-B (Bo3)
|rated|
|rule|Species Clause: Limit one of each Pokémon
|rule|Item Clause: Limit 1 of each item
|clearpoke
|poke|p1|Blaziken, L50, F, shiny|
|poke|p1|Kingambit, L50, M|
|poke|p1|Floette-Eternal, L50, F|
|poke|p1|Whimsicott, L50, M|
|poke|p1|Incineroar, L50, F|
|poke|p1|Basculegion, L50, M|
|poke|p2|Staraptor, L50, F|
|poke|p2|Sinistcha, L50|
|poke|p2|Maushold, L50|
|poke|p2|Kingambit, L50, F|
|poke|p2|Sneasler, L50, F|
|poke|p2|Delphox, L50, M|
|teampreview|4
|showteam|p1|Blaziken||Blazikenite|SpeedBoost|FlareBlitz,CloseCombat,RockSlide,Detect|Adamant||F|||50|]Kingambit||BlackGlasses|Defiant|SuckerPunch,KowtowCleave,IronHead,Protect|Adamant||M|||50|]Floette-Eternal||Floettite|FlowerVeil|Protect,DazzlingGleam,Moonblast,DrainingKiss|Timid||F|||50|]Whimsicott||FocusSash|Prankster|Tailwind,Moonblast,Encore,Protect|Timid||M|||50|]Incineroar||SitrusBerry|Intimidate|FakeOut,PartingShot,FlareBlitz,HelpingHand|Impish||F|||50|]Basculegion||ChoiceScarf|Adaptability|WaveCrash,LastRespects,AquaJet,FlipTurn|Jolly||M|||50|
|showteam|p2|Staraptor||Staraptite|Intimidate|CloseCombat,BraveBird,Roost,Protect|Adamant||F|||50|]Sinistcha||SitrusBerry|Hospitality|RagePowder,MatchaGotcha,Protect,LifeDew|Calm|||||50|]Maushold||LumBerry|FriendGuard|Encore,Charm,FollowMe,Protect|Timid|||||50|]Kingambit||BlackGlasses|Defiant|KowtowCleave,SuckerPunch,SwordsDance,Protect|Adamant||F|||50|]Sneasler||WhiteHerb|Unburden|CloseCombat,DireClaw,FakeOut,Feint|Jolly||F|||50|]Delphox||Delphoxite|Blaze|HeatWave,Psyshock,NastyPlot,Protect|Timid||M|||50|
|inactive|Battle timer is ON: inactive players will automatically lose when time's up. (requested by Ninjacoox)
|inactive|majordomo0001 has 60 seconds left.
|
|t:|1785374816
|teamsize|p1|4
|teamsize|p2|4
|start
|switch|p1a: Blaziken|Blaziken, L50, F, shiny|100/100
|switch|p1b: Incineroar|Incineroar, L50, F|100/100
|switch|p2a: Staraptor|Staraptor, L50, F|100/100
|switch|p2b: Maushold|Maushold, L50|100/100
|-ability|p2a: Staraptor|Intimidate|boost
|-unboost|p1a: Blaziken|atk|1
|-unboost|p1b: Incineroar|atk|1
|-ability|p1b: Incineroar|Intimidate|boost
|-unboost|p2a: Staraptor|atk|1
|-unboost|p2b: Maushold|atk|1
|turn|1
|inactive|majordomo0001 has 30 seconds left.
|
|t:|1785374844
|detailschange|p2a: Staraptor|Staraptor-Mega, L50, F
|-mega|p2a: Staraptor|Staraptor|Staraptite
|detailschange|p1a: Blaziken|Blaziken-Mega, L50, F, shiny
|-mega|p1a: Blaziken|Blaziken|Blazikenite
|move|p2a: Staraptor|Protect|p2a: Staraptor
|-singleturn|p2a: Staraptor|Protect
|move|p1b: Incineroar|Fake Out|p2a: Staraptor
|-activate|p2a: Staraptor|move: Protect
|move|p2b: Maushold|Charm|p1a: Blaziken
|-unboost|p1a: Blaziken|atk|2
|move|p1a: Blaziken|Rock Slide|p2a: Staraptor|[spread] p2b
|-activate|p2a: Staraptor|move: Protect
|-damage|p2b: Maushold|86/100
|
|-ability|p1a: Blaziken|Speed Boost|boost
|-boost|p1a: Blaziken|spe|1
|upkeep
|turn|2
|
|t:|1785374859
|switch|p1a: Basculegion|Basculegion, L50, M|100/100
|move|p2b: Maushold|Charm|p2a: Staraptor
|-boost|p2a: Staraptor|atk|2
|move|p2a: Staraptor|Close Combat|p1b: Incineroar
|-supereffective|p1b: Incineroar|1
|-damage|p1b: Incineroar|0 fnt
|-boost|p2a: Staraptor|def|1
|-boost|p2a: Staraptor|spd|1
|faint|p1b: Incineroar
|
|upkeep
|
|t:|1785374868
|switch|p1b: Blaziken|Blaziken-Mega, L50, F, shiny|100/100
|turn|3
|
|t:|1785374884
|move|p1b: Blaziken|Detect|p1b: Blaziken
|-singleturn|p1b: Blaziken|Protect
|move|p2b: Maushold|Follow Me|p2b: Maushold
|-singleturn|p2b: Maushold|move: Follow Me
|move|p1a: Basculegion|Wave Crash|p2b: Maushold
|-damage|p2b: Maushold|0 fnt
|faint|p2b: Maushold
|-damage|p1a: Basculegion|76/100|[from] Recoil
|move|p2a: Staraptor|Brave Bird|p1a: Basculegion
|-damage|p1a: Basculegion|0 fnt
|faint|p1a: Basculegion
|-damage|p2a: Staraptor|72/100|[from] Recoil
|
|-ability|p1b: Blaziken|Speed Boost|boost
|-boost|p1b: Blaziken|spe|1
|upkeep
|
|t:|1785374893
|switch|p2b: Sneasler|Sneasler, L50, F|100/100
|switch|p1a: Kingambit|Kingambit, L50, M|100/100
|turn|4
|
|t:|1785374907
|move|p1b: Blaziken|Detect|p1b: Blaziken
|-singleturn|p1b: Blaziken|Protect
|move|p1a: Kingambit|Protect|p1a: Kingambit
|-singleturn|p1a: Kingambit|Protect
|move|p2b: Sneasler|Fake Out|p1b: Blaziken
|-activate|p1b: Blaziken|move: Protect
|move|p2a: Staraptor|Brave Bird|p1b: Blaziken
|-activate|p1b: Blaziken|move: Protect
|
|-ability|p1b: Blaziken|Speed Boost|boost
|-boost|p1b: Blaziken|spe|1
|upkeep
|turn|5
|
|t:|1785374927
|move|p1a: Kingambit|Sucker Punch|p2a: Staraptor
|-resisted|p2a: Staraptor|1
|-damage|p2a: Staraptor|55/100
|move|p1b: Blaziken|Rock Slide|p2b: Sneasler|[spread] p2a,p2b
|-resisted|p2b: Sneasler|1
|-damage|p2a: Staraptor|39/100
|-damage|p2b: Sneasler|79/100
|move|p2b: Sneasler|Dire Claw|p1b: Blaziken
|-damage|p1b: Blaziken|42/100
|cant|p2a: Staraptor|flinch
|
|-ability|p1b: Blaziken|Speed Boost|boost
|-boost|p1b: Blaziken|spe|1
|upkeep
|turn|6
|inactive|majordomo0001 has 30 seconds left.
|
|t:|1785374954
|move|p1b: Blaziken|Flare Blitz|p2a: Staraptor
|-damage|p2a: Staraptor|0 fnt
|faint|p2a: Staraptor
|-damage|p1b: Blaziken|27/100|[from] Recoil
|move|p2b: Sneasler|Dire Claw|p1b: Blaziken
|-damage|p1b: Blaziken|0 fnt
|faint|p1b: Blaziken
|move|p1a: Kingambit|Kowtow Cleave|p2b: Sneasler
|-resisted|p2b: Sneasler|1
|-crit|p2b: Sneasler
|-damage|p2b: Sneasler|3/100
|
|upkeep
|
|t:|1785374960
|switch|p2a: Kingambit|Kingambit, L50, F|100/100
|turn|7
|
|t:|1785374973
|move|p2b: Sneasler|Feint|p1a: Kingambit
|-resisted|p1a: Kingambit|1
|-damage|p1a: Kingambit|96/100
|move|p1a: Kingambit|Sucker Punch||[still]
|-fail|p1a: Kingambit
|move|p2a: Kingambit|Swords Dance|p2a: Kingambit
|-boost|p2a: Kingambit|atk|2
|
|upkeep
|turn|8
|
|t:|1785374981
|move|p1a: Kingambit|Sucker Punch|p2b: Sneasler
|-resisted|p2b: Sneasler|1
|-damage|p2b: Sneasler|0 fnt
|faint|p2b: Sneasler
|move|p2a: Kingambit|Kowtow Cleave|p1a: Kingambit
|-resisted|p1a: Kingambit|1
|-damage|p1a: Kingambit|54/100
|
|upkeep
|turn|9
|
|t:|1785374990
|move|p2a: Kingambit|Kowtow Cleave|p1a: Kingambit
|-resisted|p1a: Kingambit|1
|-damage|p1a: Kingambit|8/100
|move|p1a: Kingambit|Kowtow Cleave|p2a: Kingambit
|-resisted|p2a: Kingambit|1
|-damage|p2a: Kingambit|79/100
|
|upkeep
|turn|10
|
|t:|1785374993
|move|p1a: Kingambit|Protect|p1a: Kingambit
|-singleturn|p1a: Kingambit|Protect
|move|p2a: Kingambit|Kowtow Cleave|p1a: Kingambit
|-activate|p1a: Kingambit|move: Protect
|
|upkeep
|turn|11
|
|t:|1785374995
|move|p1a: Kingambit|Kowtow Cleave|p2a: Kingambit
|-resisted|p2a: Kingambit|1
|-damage|p2a: Kingambit|56/100
|move|p2a: Kingambit|Kowtow Cleave|p1a: Kingambit
|-resisted|p1a: Kingambit|1
|-damage|p1a: Kingambit|0 fnt
|faint|p1a: Kingambit
|
|win|Ninjacoox
||Ninjacoox is ready for game 3.
||majordomo0001 is ready for game 3.
|uhtml|next|Next: Game 3 of 3
|l|☆majordomo0001
|player|p1|
