|j|☆natsukivgc
|j|‽54Rook54
|html|natsukivgc54Rook54    
|uhtml|bestof|Game 2 of a best-of-3
|t:|1785473410
|gametype|doubles
|player|p1|natsukivgc|1|1125
|player|p2|54Rook54|dawn|1089
|gen|9
|tier|[Gen 9 Champions] VGC 2026 Reg M-B (Bo3)
|rated|
|rule|Species Clause: Limit one of each Pokémon
|rule|Item Clause: Limit 1 of each item
|clearpoke
|poke|p1|Charizard, L50, M|
|poke|p1|Sneasler, L50, M|
|poke|p1|Kingambit, L50, F|
|poke|p1|Dragonite, L50, F|
|poke|p1|Floette-Eternal, L50, F|
|poke|p1|Whimsicott, L50, F|
|poke|p2|Pelipper, L50, F|
|poke|p2|Swampert, L50, M|
|poke|p2|Basculegion, L50, M|
|poke|p2|Archaludon, L50, M|
|poke|p2|Sinistcha, L50|
|poke|p2|Kingambit, L50, F|
|teampreview|4
|showteam|p1|Charizard||CharizarditeY|Blaze|HeatWave,SolarBeam,WeatherBall,Protect|Modest||M|||50|]Sneasler||WhiteHerb|Unburden|CloseCombat,DireClaw,FakeOut,Coaching|Jolly||M|||50|]Kingambit||BlackGlasses|Defiant|KowtowCleave,SuckerPunch,SwordsDance,Protect|Adamant||F|||50|]Dragonite||LifeOrb|InnerFocus|DragonClaw,LowKick,ExtremeSpeed,Protect|Adamant||F|||50|]Floette-Eternal||Floettite|FlowerVeil|Moonblast,DazzlingGleam,LightofRuin,Protect|Modest||F|||50|]Whimsicott||FocusSash|Prankster|Moonblast,Tailwind,Encore,Protect|Timid||F|||50|
|showteam|p2|Pelipper||DampRock|Drizzle|Hurricane,WeatherBall,WideGuard,Protect|Bold||F|||50|]Swampert||Swampertite|Torrent|Liquidation,HighHorsepower,IcePunch,Protect|Adamant||M|||50|]Basculegion||MysticWater|Adaptability|WaveCrash,LastRespects,AquaJet,FlipTurn|Adamant||M|||50|]Archaludon||SitrusBerry|Stamina|ElectroShot,FlashCannon,DragonPulse,Protect|Timid||M|||50|]Sinistcha||Leftovers|Hospitality|MatchaGotcha,RagePowder,StrengthSap,Protect|Bold|||||50|]Kingambit||BlackGlasses|Defiant|KowtowCleave,SuckerPunch,IronHead,Protect|Adamant||F|||50|
|inactive|Battle timer is ON: inactive players will automatically lose when time's up. (requested by 54Rook54)
|inactive|54Rook54 has 60 seconds left.
|
|t:|1785473454
|teamsize|p1|4
|teamsize|p2|4
|start
|switch|p1a: Sneasler|Sneasler, L50, M|100/100
|switch|p1b: Whimsicott|Whimsicott, L50, F|100/100
|switch|p2a: Pelipper|Pelipper, L50, F|100/100
|switch|p2b: Archaludon|Archaludon, L50, M|100/100
|-weather|RainDance|[from] ability: Drizzle|[of] p2a: Pelipper
|turn|1
|inactive|natsukivgc has 30 seconds left.
|
|t:|1785473488
|move|p1a: Sneasler|Fake Out|p2a: Pelipper
|-damage|p2a: Pelipper|86/100
|move|p1b: Whimsicott|Tailwind|p1b: Whimsicott
|-sidestart|p1: natsukivgc|move: Tailwind
|cant|p2a: Pelipper|flinch
|move|p2b: Archaludon|Electro Shot||[still]
|-prepare|p2b: Archaludon|Electro Shot
|-boost|p2b: Archaludon|spa|1
|-anim|p2b: Archaludon|Electro Shot|p1a: Sneasler
|-damage|p1a: Sneasler|14/100
|
|-weather|RainDance|[upkeep]
|upkeep
|turn|2
|inactive|natsukivgc has 30 seconds left.
|
|t:|1785473515
|move|p1a: Sneasler|Close Combat|p2b: Archaludon
|-supereffective|p2b: Archaludon|1
|-damage|p2b: Archaludon|10/100
|-unboost|p1a: Sneasler|def|1
|-unboost|p1a: Sneasler|spd|1
|-ability|p2b: Archaludon|Stamina|boost
|-boost|p2b: Archaludon|def|1
|-enditem|p2b: Archaludon|Sitrus Berry|[eat]
|-heal|p2b: Archaludon|35/100|[from] item: Sitrus Berry
|-enditem|p1a: Sneasler|White Herb
|-clearnegativeboost|p1a: Sneasler|[silent]
|move|p1b: Whimsicott|Moonblast|p2b: Archaludon
|-damage|p2b: Archaludon|0 fnt
|faint|p2b: Archaludon
|move|p2a: Pelipper|Hurricane|p1b: Whimsicott
|-supereffective|p1b: Whimsicott|1
|-enditem|p1b: Whimsicott|Focus Sash
|-damage|p1b: Whimsicott|1/100
|
|-weather|RainDance|[upkeep]
|upkeep
|
|t:|1785473529
|switch|p2b: Basculegion|Basculegion, L50, M|100/100
|turn|3
|inactive|natsukivgc has 30 seconds left.
|
|t:|1785473560
|move|p1b: Whimsicott|Protect|p1b: Whimsicott
|-singleturn|p1b: Whimsicott|Protect
|move|p2b: Basculegion|Aqua Jet|p1a: Sneasler
|-damage|p1a: Sneasler|0 fnt
|faint|p1a: Sneasler
|move|p2a: Pelipper|Weather Ball|p1b: Whimsicott
|-activate|p1b: Whimsicott|move: Protect
|
|-weather|RainDance|[upkeep]
|upkeep
|
|t:|1785473570
|switch|p1a: Floette|Floette-Eternal, L50, F|100/100
|turn|4
|
|t:|1785473591
|switch|p1b: Dragonite|Dragonite, L50, F|100/100
|detailschange|p1a: Floette|Floette-Mega, L50, F
|-mega|p1a: Floette|Floette|Floettite
|-ability|p1a: Floette|Fairy Aura
|move|p2a: Pelipper|Wide Guard|p2a: Pelipper
|-singleturn|p2a: Pelipper|Wide Guard
|move|p2b: Basculegion|Aqua Jet|p1b: Dragonite
|-resisted|p1b: Dragonite|1
|-damage|p1b: Dragonite|71/100
|move|p1a: Floette|Light of Ruin|p2b: Basculegion
|-damage|p2b: Basculegion|0 fnt
|faint|p2b: Basculegion
|-damage|p1a: Floette|37/100|[from] Recoil
|
|-weather|RainDance|[upkeep]
|-sideend|p1: natsukivgc|move: Tailwind
|upkeep
|
|t:|1785473609
|switch|p2b: Swampert|Swampert, L50, M|100/100
|turn|5
|
|t:|1785473626
|detailschange|p2b: Swampert|Swampert-Mega, L50, M
|-mega|p2b: Swampert|Swampert|Swampertite
|move|p1a: Floette|Protect|p1a: Floette
|-singleturn|p1a: Floette|Protect
|move|p1b: Dragonite|Protect|p1b: Dragonite
|-singleturn|p1b: Dragonite|Protect
|move|p2b: Swampert|Ice Punch|p1b: Dragonite
|-activate|p1b: Dragonite|move: Protect
|move|p2a: Pelipper|Weather Ball|p1a: Floette
|-activate|p1a: Floette|move: Protect
|
|-weather|RainDance|[upkeep]
|upkeep
|turn|6
|inactive|natsukivgc has 30 seconds left.
|inactive|natsukivgc has 20 seconds left.
|inactive|natsukivgc has 15 seconds left.
|
|t:|1785473667
|move|p2a: Pelipper|Wide Guard|p2a: Pelipper
|-singleturn|p2a: Pelipper|Wide Guard
|move|p2b: Swampert|Ice Punch|p1b: Dragonite
|-supereffective|p1b: Dragonite|2
|-damage|p1b: Dragonite|0 fnt
|faint|p1b: Dragonite
|move|p1a: Floette|Light of Ruin|p2b: Swampert
|-damage|p2b: Swampert|0 fnt
|faint|p2b: Swampert
|-damage|p1a: Floette|0 fnt|[from] Recoil
|faint|p1a: Floette
|
|-weather|RainDance|[upkeep]
|upkeep
|inactive|natsukivgc has 30 seconds left.
|
|t:|1785473696
|switch|p1a: Whimsicott|Whimsicott, L50, F|1/100
|turn|7
|
|t:|1785473702
|move|p1a: Whimsicott|Encore|p2a: Pelipper
|-start|p2a: Pelipper|Encore
|move|p2a: Pelipper|Wide Guard||[still]
|-fail|p2a: Pelipper
|
|-weather|RainDance|[upkeep]
|upkeep
|turn|8
|-message|54Rook54 forfeited.
|raw|natsukivgc's rating: 1125 → 1147(+22 for winning)
|raw|54Rook54's rating: 1089 → 1068(-21 for losing)
|
|win|natsukivgc
