|j|‽MPM1998
|j|☆lettitripppp
|html|MPM1998lettitripppp    
|uhtml|bestof|Game 1 of a best-of-3
|t:|1783275436
|gametype|doubles
|player|p1|MPM1998|170|1300
|player|p2|lettitripppp|lucas|1242
|gen|9
|tier|[Gen 9 Champions] VGC 2026 Reg M-B (Bo3)
|rated|
|rule|Species Clause: Limit one of each Pokémon
|rule|Item Clause: Limit 1 of each item
|clearpoke
|poke|p1|Pelipper, L50, M|
|poke|p1|Sneasler, L50, F|
|poke|p1|Gholdengo, L50|
|poke|p1|Archaludon, L50, F|
|poke|p1|Swampert, L50, M|
|poke|p1|Basculegion, L50, M|
|poke|p2|Charizard, L50, M|
|poke|p2|Floette-Eternal, L50, F|
|poke|p2|Basculegion, L50, M|
|poke|p2|Whimsicott, L50, F, shiny|
|poke|p2|Garchomp, L50, M, shiny|
|poke|p2|Kingambit, L50, M, shiny|
|teampreview|4
|showteam|p1|Pelipper||FocusSash|Drizzle|Tailwind,Hurricane,WeatherBall,Protect|Timid||M|||50|]Sneasler||WhiteHerb|Unburden|FakeOut,CloseCombat,DireClaw,Protect|Adamant||F|||50|]Gholdengo||LifeOrb|GoodasGold|MakeItRain,ShadowBall,NastyPlot,Protect|Timid|||||50|]Archaludon||SitrusBerry|Stamina|FlashCannon,DragonPulse,ElectroShot,Protect|Modest||F|||50|]Swampert||Swampertite|Torrent|WaveCrash,HighHorsepower,IcePunch,Protect|Adamant||M|||50|]Basculegion||ChoiceScarf|Adaptability|WaveCrash,FlipTurn,LastRespects,AquaJet|Jolly||M|||50|
|showteam|p2|Charizard||CharizarditeY|Blaze|WeatherBall,SolarBeam,HeatWave,Protect|Modest||M|||50|]Floette-Eternal||Floettite|FlowerVeil|DazzlingGleam,LightofRuin,Moonblast,Protect|Timid||F|||50|]Basculegion||MysticWater|Adaptability|LastRespects,WaveCrash,AquaJet,Protect|Adamant||M|||50|]Whimsicott||FocusSash|Prankster|Moonblast,Tailwind,Encore,Protect|Timid||F|||50|]Garchomp||LifeOrb|RoughSkin|DragonClaw,Earthquake,RockSlide,Protect|Jolly||M|||50|]Kingambit||OccaBerry|Defiant|KowtowCleave,SuckerPunch,IronHead,Protect|Adamant||M|||50|
|inactive|Battle timer is ON: inactive players will automatically lose when time's up. (requested by lettitripppp)
|inactive|MPM1998 has 60 seconds left.
|inactive|lettitripppp has 60 seconds left.
|
|t:|1783275479
|teamsize|p1|4
|teamsize|p2|4
|start
|switch|p1a: Sneasler|Sneasler, L50, F|100/100
|switch|p1b: Gholdengo|Gholdengo, L50|100/100
|switch|p2a: GHOSTWAVE|Basculegion, L50, M|100/100
|switch|p2b: LETS GO GO|Whimsicott, L50, F, shiny|100/100
|turn|1
|
|t:|1783275499
|move|p2b: LETS GO GO|Protect|p2b: LETS GO GO
|-singleturn|p2b: LETS GO GO|Protect
|move|p1a: Sneasler|Fake Out|p2b: LETS GO GO
|-activate|p2b: LETS GO GO|move: Protect
|move|p1b: Gholdengo|Shadow Ball|p2a: GHOSTWAVE
|-supereffective|p2a: GHOSTWAVE|1
|-damage|p2a: GHOSTWAVE|0 fnt
|faint|p2a: GHOSTWAVE
|-damage|p1b: Gholdengo|90/100|[from] item: Life Orb
|
|upkeep
|
|t:|1783275507
|switch|p2a: CRUSH SHARK|Garchomp, L50, M, shiny|100/100
|turn|2
|
|t:|1783275512
|switch|p1a: Pelipper|Pelipper, L50, M|100/100
|-weather|RainDance|[from] ability: Drizzle|[of] p1a: Pelipper
|move|p1b: Gholdengo|Protect|p1b: Gholdengo
|-singleturn|p1b: Gholdengo|Protect
|move|p2b: LETS GO GO|Tailwind|p2b: LETS GO GO
|-sidestart|p2: lettitripppp|move: Tailwind
|move|p2a: CRUSH SHARK|Earthquake|p1a: Pelipper|[spread] p2b
|-activate|p1b: Gholdengo|move: Protect
|-immune|p1a: Pelipper
|-resisted|p2b: LETS GO GO|1
|-damage|p2b: LETS GO GO|66/100
|-damage|p2a: CRUSH SHARK|90/100|[from] item: Life Orb
|
|-weather|RainDance|[upkeep]
|upkeep
|turn|3
|
|t:|1783275523
|move|p2b: LETS GO GO|Moonblast|p1a: Pelipper
|-damage|p1a: Pelipper|48/100
|move|p2a: CRUSH SHARK|Earthquake|p1b: Gholdengo|[spread] p2b,p1b
|-immune|p1a: Pelipper
|-resisted|p2b: LETS GO GO|1
|-supereffective|p1b: Gholdengo|1
|-damage|p2b: LETS GO GO|30/100
|-damage|p1b: Gholdengo|0 fnt
|faint|p1b: Gholdengo
|-damage|p2a: CRUSH SHARK|80/100|[from] item: Life Orb
|move|p1a: Pelipper|Tailwind|p1a: Pelipper
|-sidestart|p1: MPM1998|move: Tailwind
|
|-weather|RainDance|[upkeep]
|upkeep
|
|t:|1783275533
|switch|p1b: Basculegion|Basculegion, L50, M|100/100
|turn|4
|
|t:|1783275548
|switch|p1a: Sneasler|Sneasler, L50, F|100/100
|move|p2a: CRUSH SHARK|Protect|p2a: CRUSH SHARK
|-singleturn|p2a: CRUSH SHARK|Protect
|move|p1b: Basculegion|Wave Crash|p2a: CRUSH SHARK
|-activate|p2a: CRUSH SHARK|move: Protect
|move|p2b: LETS GO GO|Moonblast|p1a: Sneasler
|-damage|p1a: Sneasler|56/100
|
|-weather|RainDance|[upkeep]
|upkeep
|turn|5
|
|t:|1783275562
|move|p2b: LETS GO GO|Protect|p2b: LETS GO GO
|-singleturn|p2b: LETS GO GO|Protect
|move|p1b: Basculegion|Wave Crash|p2a: CRUSH SHARK
|-damage|p2a: CRUSH SHARK|0 fnt
|-damage|p1b: Basculegion|87/100|[from] ability: Rough Skin|[of] p2a: CRUSH SHARK
|faint|p2a: CRUSH SHARK
|-damage|p1b: Basculegion|62/100|[from] Recoil
|move|p1a: Sneasler|Close Combat|p2b: LETS GO GO
|-activate|p2b: LETS GO GO|move: Protect
|
|-weather|RainDance|[upkeep]
|-sideend|p2: lettitripppp|move: Tailwind
|upkeep
|
|t:|1783275567
|switch|p2a: AGNI|Charizard, L50, M|100/100
|turn|6
|
|t:|1783275583
|switch|p1b: Pelipper|Pelipper, L50, M|48/100
|detailschange|p2a: AGNI|Charizard-Mega-Y, L50, M
|-mega|p2a: AGNI|Charizard|Charizardite Y
|-weather|SunnyDay|[from] ability: Drought|[of] p2a: AGNI
|move|p2b: LETS GO GO|Tailwind|p2b: LETS GO GO
|-sidestart|p2: lettitripppp|move: Tailwind
|move|p1a: Sneasler|Dire Claw|p2b: LETS GO GO
|-supereffective|p2b: LETS GO GO|2
|-damage|p2b: LETS GO GO|0 fnt
|faint|p2b: LETS GO GO
|move|p2a: AGNI|Heat Wave|p1a: Sneasler|[spread] p1a,p1b
|-resisted|p1b: Pelipper|1
|-damage|p1a: Sneasler|0 fnt
|-damage|p1b: Pelipper|0 fnt
|faint|p1a: Sneasler
|faint|p1b: Pelipper
|
|-weather|SunnyDay|[upkeep]
|-sideend|p1: MPM1998|move: Tailwind
|upkeep
|
|t:|1783275590
|switch|p1b: Basculegion|Basculegion, L50, M|62/100
|turn|7
|
|t:|1783275598
|move|p2a: AGNI|Protect|p2a: AGNI
|-singleturn|p2a: AGNI|Protect
|move|p1b: Basculegion|Last Respects|p2a: AGNI
|-activate|p2a: AGNI|move: Protect
|
|-weather|SunnyDay|[upkeep]
|upkeep
|turn|8
|
|t:|1783275601
|move|p2a: AGNI|Solar Beam||[still]
|-prepare|p2a: AGNI|Solar Beam
|-anim|p2a: AGNI|Solar Beam|p1b: Basculegion
|-supereffective|p1b: Basculegion|1
|-damage|p1b: Basculegion|0 fnt
|faint|p1b: Basculegion
|
|win|lettitripppp
||MPM1998 is ready for game 2.
|inactive|lettitripppp has 30 seconds to confirm battle start!
|inactive|lettitripppp has 20 seconds to confirm battle start!
||lettitripppp is ready for game 2.
|uhtml|next|Next: Game 2 of 3
