|j|☆teamfollower
|j|☆lettitripppp
|html|teamfollowerlettitripppp    
|uhtml|bestof|Game 1 of a best-of-3
|t:|1783912417
|gametype|doubles
|player|p1|teamfollower|cheren|1307
|player|p2|lettitripppp|lucas|1315
|gen|9
|tier|[Gen 9 Champions] VGC 2026 Reg M-B (Bo3)
|rated|
|rule|Species Clause: Limit one of each Pokémon
|rule|Item Clause: Limit 1 of each item
|clearpoke
|poke|p1|Froslass, L50, F|
|poke|p1|Dragonite, L50, F|
|poke|p1|Toxapex, L50, M|
|poke|p1|Sneasler, L50, M|
|poke|p1|Kingambit, L50, F|
|poke|p1|Blaziken, L50, F|
|poke|p2|Charizard, L50, M|
|poke|p2|Floette-Eternal, L50, F|
|poke|p2|Basculegion, L50, M|
|poke|p2|Whimsicott, L50, M, shiny|
|poke|p2|Garchomp, L50, M, shiny|
|poke|p2|Kingambit, L50, M, shiny|
|teampreview|4
|showteam|p1|Froslass||Froslassite|CursedBody|Blizzard,ShadowBall,AuroraVeil,Protect|Timid||F|||50|]Dragonite||LifeOrb|InnerFocus|DragonClaw,ExtremeSpeed,LowKick,Protect|Adamant||F|||50|]Toxapex||Leftovers|Regenerator|Infestation,Toxic,WideGuard,BanefulBunker|Bold||M|||50|]Sneasler||FocusSash|PoisonTouch|PoisonJab,CloseCombat,FakeOut,Protect|Jolly||M|||50|]Kingambit||BlackGlasses|Defiant|KowtowCleave,IronHead,SuckerPunch,Protect|Adamant||F|||50|]Blaziken||Blazikenite|SpeedBoost|FlareBlitz,CloseCombat,RockSlide,Protect|Adamant||F|||50|
|showteam|p2|Charizard||CharizarditeY|Blaze|WeatherBall,SolarBeam,HeatWave,Protect|Modest||M|||50|]Floette-Eternal||Floettite|FlowerVeil|DazzlingGleam,LightofRuin,Moonblast,Protect|Modest||F|||50|]Basculegion||MysticWater|Adaptability|LastRespects,WaveCrash,AquaJet,Protect|Adamant||M|||50|]Whimsicott||FocusSash|Prankster|Moonblast,Tailwind,Encore,Protect|Timid||M|||50|]Garchomp||LifeOrb|RoughSkin|DragonClaw,Earthquake,RockSlide,Protect|Jolly||M|||50|]Kingambit||ChopleBerry|Defiant|KowtowCleave,SuckerPunch,IronHead,LowKick|Adamant||M|||50|
|inactive|Battle timer is ON: inactive players will automatically lose when time's up. (requested by lettitripppp)
|inactive|lettitripppp has 60 seconds left.
|
|t:|1783912473
|teamsize|p1|4
|teamsize|p2|4
|start
|switch|p1a: Dragonite|Dragonite, L50, F|100/100
|switch|p1b: Toxapex|Toxapex, L50, M|100/100
|switch|p2a: GHOSTWAVE|Basculegion, L50, M|100/100
|switch|p2b: LETS GO GO|Whimsicott, L50, M, shiny|100/100
|turn|1
|
|t:|1783912495
|move|p2a: GHOSTWAVE|Aqua Jet|p1a: Dragonite
|-resisted|p1a: Dragonite|1
|-damage|p1a: Dragonite|82/100
|move|p2b: LETS GO GO|Moonblast|p1a: Dragonite
|-supereffective|p1a: Dragonite|1
|-damage|p1a: Dragonite|16/100
|move|p1a: Dragonite|Dragon Claw|p2a: GHOSTWAVE
|-damage|p2a: GHOSTWAVE|30/100
|-damage|p1a: Dragonite|7/100|[from] item: Life Orb
|move|p1b: Toxapex|Infestation|p2b: LETS GO GO
|-damage|p2b: LETS GO GO|95/100
|-activate|p2b: LETS GO GO|move: Infestation|[of] p1b: Toxapex
|
|-damage|p2b: LETS GO GO|83/100|[from] move: Infestation|[partiallytrapped]
|upkeep
|turn|2
|
|t:|1783912509
|move|p1a: Dragonite|Protect|p1a: Dragonite
|-singleturn|p1a: Dragonite|Protect
|move|p2b: LETS GO GO|Encore|p1b: Toxapex
|-start|p1b: Toxapex|Encore
|move|p2a: GHOSTWAVE|Aqua Jet|p1a: Dragonite
|-activate|p1a: Dragonite|move: Protect
|move|p1b: Toxapex|Infestation|p2b: LETS GO GO
|-damage|p2b: LETS GO GO|78/100
|
|-damage|p2b: LETS GO GO|66/100|[from] move: Infestation|[partiallytrapped]
|upkeep
|turn|3
|
|t:|1783912521
|move|p1a: Dragonite|Extreme Speed|p2b: LETS GO GO
|-damage|p2b: LETS GO GO|16/100
|-damage|p1a: Dragonite|0 fnt|[from] item: Life Orb
|faint|p1a: Dragonite
|move|p2b: LETS GO GO|Moonblast|p1b: Toxapex
|-resisted|p1b: Toxapex|1
|-damage|p1b: Toxapex|87/100
|move|p2a: GHOSTWAVE|Last Respects|p1b: Toxapex
|-damage|p1b: Toxapex|67/100
|move|p1b: Toxapex|Infestation|p2a: GHOSTWAVE
|-resisted|p2a: GHOSTWAVE|1
|-damage|p2a: GHOSTWAVE|29/100
|-activate|p2a: GHOSTWAVE|move: Infestation|[of] p1b: Toxapex
|
|-heal|p1b: Toxapex|73/100|[from] item: Leftovers
|-damage|p2b: LETS GO GO|4/100|[from] move: Infestation|[partiallytrapped]
|-damage|p2a: GHOSTWAVE|16/100|[from] move: Infestation|[partiallytrapped]
|upkeep
|
|t:|1783912538
|switch|p1a: Blaziken|Blaziken, L50, F|100/100
|turn|4
|
|t:|1783912546
|move|p1a: Blaziken|Protect|p1a: Blaziken
|-singleturn|p1a: Blaziken|Protect
|move|p2b: LETS GO GO|Tailwind|p2b: LETS GO GO
|-sidestart|p2: lettitripppp|move: Tailwind
|move|p2a: GHOSTWAVE|Wave Crash|p1a: Blaziken
|-activate|p1a: Blaziken|move: Protect
|move|p1b: Toxapex|Infestation|p2a: GHOSTWAVE
|-resisted|p2a: GHOSTWAVE|1
|-damage|p2a: GHOSTWAVE|15/100
|
|-heal|p1b: Toxapex|78/100|[from] item: Leftovers
|-damage|p2b: LETS GO GO|0 fnt|[from] move: Infestation|[partiallytrapped]
|faint|p2b: LETS GO GO
|-damage|p2a: GHOSTWAVE|2/100|[from] move: Infestation|[partiallytrapped]
|-end|p1b: Toxapex|Encore
|-ability|p1a: Blaziken|Speed Boost|boost
|-boost|p1a: Blaziken|spe|1
|upkeep
|
|t:|1783912550
|switch|p2b: CRUSH SHARK|Garchomp, L50, M, shiny|100/100
|turn|5
|inactive|teamfollower has 30 seconds left.
|inactive|teamfollower has 20 seconds left.
|inactive|teamfollower has 15 seconds left.
|
|t:|1783912592
|switch|p1a: Froslass|Froslass, L50, F|100/100
|move|p2b: CRUSH SHARK|Dragon Claw|p1b: Toxapex
|-damage|p1b: Toxapex|40/100
|-damage|p2b: CRUSH SHARK|90/100|[from] item: Life Orb
|move|p2a: GHOSTWAVE|Last Respects|p1b: Toxapex
|-damage|p1b: Toxapex|0 fnt
|faint|p1b: Toxapex
|
|-end|p2a: GHOSTWAVE|Infestation|[partiallytrapped]|[silent]
|upkeep
|
|t:|1783912604
|switch|p1b: Blaziken|Blaziken, L50, F|100/100
|turn|6
|
|t:|1783912614
|detailschange|p1a: Froslass|Froslass-Mega, L50, F
|-mega|p1a: Froslass|Froslass|Froslassite
|-weather|Snowscape|[from] ability: Snow Warning|[of] p1a: Froslass
|move|p1b: Blaziken|Protect|p1b: Blaziken
|-singleturn|p1b: Blaziken|Protect
|move|p2b: CRUSH SHARK|Dragon Claw|p1b: Blaziken
|-activate|p1b: Blaziken|move: Protect
|move|p2a: GHOSTWAVE|Wave Crash|p1a: Froslass
|-crit|p1a: Froslass
|-damage|p1a: Froslass|0 fnt
|faint|p1a: Froslass
|-damage|p2a: GHOSTWAVE|0 fnt|[from] Recoil
|faint|p2a: GHOSTWAVE
|
|-weather|Snowscape|[upkeep]
|-ability|p1b: Blaziken|Speed Boost|boost
|-boost|p1b: Blaziken|spe|1
|upkeep
|
|t:|1783912625
|switch|p2a: RUINOUS LIGHT|Floette-Eternal, L50, F|100/100
|turn|7
|
|t:|1783912629
|detailschange|p2a: RUINOUS LIGHT|Floette-Mega, L50, F
|-mega|p2a: RUINOUS LIGHT|Floette|Floettite
|-ability|p2a: RUINOUS LIGHT|Fairy Aura
|move|p2b: CRUSH SHARK|Earthquake|p1b: Blaziken|[spread] p2a,p1b
|-supereffective|p1b: Blaziken|1
|-damage|p2a: RUINOUS LIGHT|28/100
|-damage|p1b: Blaziken|0 fnt
|faint|p1b: Blaziken
|-damage|p2b: CRUSH SHARK|80/100|[from] item: Life Orb
|
|win|lettitripppp
||teamfollower is ready for game 2.
