|j|☆Twittle Twister
|j|☆jesus saves the 1
|html|Twittle Twisterjesus saves the 1    
|uhtml|bestof|Game 1 of a best-of-3
|t:|1756612798
|gametype|doubles
|player|p1|Twittle Twister|2|1052
|player|p2|jesus saves the 1|266|1006
|gen|9
|tier|[Gen 9] VGC 2025 Reg H (Bo3)
|rated|
|rule|Species Clause: Limit one of each Pokémon
|rule|Item Clause: Limit 1 of each item
|clearpoke
|poke|p1|Volcarona, L50, F|
|poke|p1|Tyranitar, L50, F|
|poke|p1|Rillaboom, L50, F|
|poke|p1|Sneasler, L50, F|
|poke|p1|Dragonite, L50, M|
|poke|p1|Amoonguss, L50, F|
|poke|p2|Indeedee-F, L50, F|
|poke|p2|Hatterene, L50, F|
|poke|p2|Torkoal, L50, M|
|poke|p2|Lilligant-Hisui, L50, F|
|poke|p2|Ursaluna, L50, F|
|poke|p2|Gallade, L50, M|
|teampreview|4
|showteam|p1|Volcarona||SafetyGoggles|FlameBody|QuiverDance,HeatWave,GigaDrain,Protect|||F|||50|,,,,,Stellar]Tyranitar||AssaultVest|SandStream|RockSlide,KnockOff,TeraBlast,Earthquake|||F|||50|,,,,,Flying]Rillaboom||MiracleSeed|GrassySurge|KnockOff,Uturn,GrassyGlide,FakeOut|||F|||50|,,,,,Grass]Sneasler||GrassySeed|Unburden|DireClaw,Acrobatics,Protect,CloseCombat|||F|||50|,,,,,Flying]Dragonite||LoadedDice|Multiscale|Tailwind,ScaleShot,Haze,Protect|||M|||50|,,,,,Fairy]Amoonguss||RockyHelmet|Regenerator|RagePowder,Spore,Protect,PollenPuff|||F|||50|,,,,,Water
|showteam|p2|Indeedee-F||PsychicSeed|PsychicSurge|FollowMe,Psychic,HelpingHand,TrickRoom|||F|||50|,,,,,Grass]Hatterene||LifeOrb|MagicBounce|ExpandingForce,DazzlingGleam,TrickRoom,Protect|||F|||50|,,,,,Fire]Torkoal||Charcoal|Drought|Eruption,WeatherBall,ClearSmog,Protect|||M|||50|,,,,,Fire]Lilligant-Hisui||FocusSash|Chlorophyll|SleepPowder,AfterYou,LeafBlade,CloseCombat|||F|||50|,,,,,Ghost]Ursaluna||FlameOrb|Guts|HeadlongRush,Facade,SwordsDance,Protect|||F|||50|,,,,,Ghost]Gallade||ClearAmulet|Sharpness|SacredSword,PsychoCut,WideGuard,TrickRoom|||M|||50|,,,,,Grass
|inactive|Battle timer is ON: inactive players will automatically lose when time's up. (requested by jesus saves the 1)
|inactive|jesus saves the 1 has 60 seconds left.
|
|t:|1756612844
|teamsize|p1|4
|teamsize|p2|4
|start
|switch|p1a: Rillaboom|Rillaboom, L50, F|100/100
|switch|p1b: Sneasler|Sneasler, L50, F|100/100
|switch|p2a: Gallade|Gallade, L50, M|100/100
|switch|p2b: Indeedee|Indeedee-F, L50, F|100/100
|-fieldstart|move: Grassy Terrain|[from] ability: Grassy Surge|[of] p1a: Rillaboom
|-enditem|p1b: Sneasler|Grassy Seed
|-boost|p1b: Sneasler|def|1|[from] item: Grassy Seed
|-fieldstart|move: Psychic Terrain|[from] ability: Psychic Surge|[of] p2b: Indeedee
|-enditem|p2b: Indeedee|Psychic Seed
|-boost|p2b: Indeedee|spd|1|[from] item: Psychic Seed
|turn|1
|inactive|Twittle Twister has 30 seconds left.
|inactive|jesus saves the 1 has 30 seconds left.
|inactive|Twittle Twister has 20 seconds left.
|
|t:|1756612879
|switch|p1a: Tyranitar|Tyranitar, L50, F|100/100
|-weather|Sandstorm|[from] ability: Sand Stream|[of] p1a: Tyranitar
|-terastallize|p1b: Sneasler|Flying
|move|p1b: Sneasler|Acrobatics|p2a: Gallade
|-supereffective|p2a: Gallade
|-damage|p2a: Gallade|0 fnt
|faint|p2a: Gallade
|move|p2b: Indeedee|Trick Room|p2b: Indeedee
|-fieldstart|move: Trick Room|[of] p2b: Indeedee
|
|-weather|Sandstorm|[upkeep]
|-damage|p2b: Indeedee|94/100|[from] Sandstorm
|-damage|p1b: Sneasler|95/100|[from] Sandstorm
|upkeep
|
|t:|1756612903
|switch|p2a: Ursaluna|Ursaluna, L50, F|100/100
|turn|2
|
|t:|1756612923
|switch|p1a: Rillaboom|Rillaboom, L50, F|100/100
|-fieldstart|move: Grassy Terrain|[from] ability: Grassy Surge|[of] p1a: Rillaboom
|-terastallize|p2a: Ursaluna|Ghost
|move|p2b: Indeedee|Follow Me|p2b: Indeedee
|-singleturn|p2b: Indeedee|move: Follow Me
|move|p2a: Ursaluna|Swords Dance|p2a: Ursaluna
|-boost|p2a: Ursaluna|atk|2
|move|p1b: Sneasler|Dire Claw|p2b: Indeedee
|-damage|p2b: Indeedee|48/100
|-status|p2b: Indeedee|psn
|
|-weather|Sandstorm|[upkeep]
|-damage|p2a: Ursaluna|95/100|[from] Sandstorm
|-damage|p2b: Indeedee|41/100 psn|[from] Sandstorm
|-damage|p1a: Rillaboom|94/100|[from] Sandstorm
|-damage|p1b: Sneasler|89/100|[from] Sandstorm
|-heal|p2a: Ursaluna|100/100|[from] Grassy Terrain
|-heal|p2b: Indeedee|48/100 psn|[from] Grassy Terrain
|-heal|p1a: Rillaboom|100/100|[from] Grassy Terrain
|-damage|p2b: Indeedee|35/100 psn|[from] psn
|-status|p2a: Ursaluna|brn|[from] item: Flame Orb
|upkeep
|turn|3
|inactive|Twittle Twister has 30 seconds left.
|
|t:|1756612952
|switch|p2b: Hatterene|Hatterene, L50, F|100/100
|move|p2a: Ursaluna|Protect|p2a: Ursaluna
|-singleturn|p2a: Ursaluna|Protect
|move|p1b: Sneasler|Protect|p1b: Sneasler
|-singleturn|p1b: Sneasler|Protect
|move|p1a: Rillaboom|Knock Off|p2a: Ursaluna
|-activate|p2a: Ursaluna|move: Protect
|
|-weather|Sandstorm|[upkeep]
|-damage|p2b: Hatterene|95/100|[from] Sandstorm
|-damage|p2a: Ursaluna|95/100 brn|[from] Sandstorm
|-damage|p1a: Rillaboom|94/100|[from] Sandstorm
|-damage|p1b: Sneasler|83/100|[from] Sandstorm
|-heal|p2b: Hatterene|100/100|[from] Grassy Terrain
|-heal|p2a: Ursaluna|100/100 brn|[from] Grassy Terrain
|-heal|p1a: Rillaboom|100/100|[from] Grassy Terrain
|-damage|p2a: Ursaluna|95/100 brn|[from] brn
|upkeep
|turn|4
|inactive|Twittle Twister has 30 seconds left.
|inactive|jesus saves the 1 has 30 seconds left.
|inactive|jesus saves the 1 has 20 seconds left.
|inactive|jesus saves the 1 has 15 seconds left.
|
|t:|1756612995
|switch|p2b: Indeedee|Indeedee-F, L50, F|35/100 psn
|-fieldstart|move: Psychic Terrain|[from] ability: Psychic Surge|[of] p2b: Indeedee
|switch|p1b: Amoonguss|Amoonguss, L50, F|100/100
|move|p2a: Ursaluna|Facade|p1a: Rillaboom
|-damage|p1a: Rillaboom|0 fnt
|faint|p1a: Rillaboom
|
|-weather|Sandstorm|[upkeep]
|-damage|p2a: Ursaluna|89/100 brn|[from] Sandstorm
|-damage|p1b: Amoonguss|95/100|[from] Sandstorm
|-damage|p2b: Indeedee|29/100 psn|[from] Sandstorm
|-damage|p2b: Indeedee|16/100 psn|[from] psn
|-damage|p2a: Ursaluna|83/100 brn|[from] brn
|upkeep
|
|t:|1756613005
|switch|p1a: Tyranitar|Tyranitar, L50, F|100/100
|turn|5
|
|t:|1756613016
|move|p1b: Amoonguss|Rage Powder|p1b: Amoonguss
|-singleturn|p1b: Amoonguss|move: Rage Powder
|move|p2a: Ursaluna|Facade|p1b: Amoonguss
|-damage|p1b: Amoonguss|0 fnt
|-damage|p2a: Ursaluna|66/100 brn|[from] item: Rocky Helmet|[of] p1b: Amoonguss
|faint|p1b: Amoonguss
|move|p2b: Indeedee|Psychic|p1a: Tyranitar
|-immune|p1a: Tyranitar
|move|p1a: Tyranitar|Knock Off|p2a: Ursaluna
|-supereffective|p2a: Ursaluna
|-damage|p2a: Ursaluna|0 fnt
|-enditem|p2a: Ursaluna|Flame Orb|[from] move: Knock Off|[of] p1a: Tyranitar
|faint|p2a: Ursaluna
|
|-weather|none
|-damage|p2b: Indeedee|4/100 psn|[from] psn
|-fieldend|move: Trick Room
|upkeep
|
|t:|1756613030
|switch|p1b: Sneasler|Sneasler, L50, F, tera:Flying|83/100
|switch|p2a: Hatterene|Hatterene, L50, F|100/100
|turn|6
|
|t:|1756613045
|move|p2b: Indeedee|Helping Hand|p2a: Hatterene
|-singleturn|p2a: Hatterene|Helping Hand|[of] p2b: Indeedee
|move|p1b: Sneasler|Protect|p1b: Sneasler
|-singleturn|p1b: Sneasler|Protect
|move|p1a: Tyranitar|Knock Off|p2a: Hatterene
|-damage|p2a: Hatterene|36/100
|-enditem|p2a: Hatterene|Life Orb|[from] move: Knock Off|[of] p1a: Tyranitar
|move|p2a: Hatterene|Dazzling Gleam|p1a: Tyranitar|[spread] p1a
|-activate|p1b: Sneasler|move: Protect
|-supereffective|p1a: Tyranitar
|-damage|p1a: Tyranitar|32/100
|
|-damage|p2b: Indeedee|0 fnt|[from] psn
|faint|p2b: Indeedee
|upkeep
|turn|7
|
|t:|1756613062
|move|p1b: Sneasler|Dire Claw|p2a: Hatterene
|-supereffective|p2a: Hatterene
|-crit|p2a: Hatterene
|-damage|p2a: Hatterene|0 fnt
|faint|p2a: Hatterene
|
|win|Twittle Twister
||jesus saves the 1 is ready for game 2.
|l|☆jesus saves the 1
|player|p2|
||Twittle Twister is ready for game 2.
|uhtml|next|Next: Game 2 of 3
