|j|☆gunwunner
|j|☆Vuultur
|html|gunwunnerVuultur    
|uhtml|bestof|Game 3 of a best-of-3
|t:|1755971393
|gametype|doubles
|player|p1|gunwunner|schoolkid-gen4dp|1241
|player|p2|Vuultur|hilbert-wonderlauncher|1209
|gen|9
|tier|[Gen 9] VGC 2025 Reg H (Bo3)
|rated|
|rule|Species Clause: Limit one of each Pokémon
|rule|Item Clause: Limit 1 of each item
|clearpoke
|poke|p1|Sneasler, L50, M|
|poke|p1|Dragapult, L50, F|
|poke|p1|Primarina, L50, F|
|poke|p1|Rillaboom, L50, M|
|poke|p1|Kingambit, L50, F|
|poke|p1|Magmar, L50, M|
|poke|p2|Pelipper, L50, F|
|poke|p2|Archaludon, L50, F|
|poke|p2|Annihilape, L50, M|
|poke|p2|Maushold, L50|
|poke|p2|Rillaboom, L50, F|
|poke|p2|Basculegion, L50, M|
|teampreview|4
|showteam|p1|Sneasler||FocusSash|PoisonTouch|CloseCombat,DireClaw,FakeOut,Protect|||M|||50|,,,,,Stellar]Dragapult||ChoiceBand|ClearBody|DragonDarts,TeraBlast,PhantomForce,Uturn|||F|||50|,,,,,Ghost]Primarina||SitrusBerry|LiquidVoice|HyperVoice,Moonblast,Haze,Protect|||F|||50|,,,,,Water]Rillaboom||AssaultVest|GrassySurge|WoodHammer,GrassyGlide,HighHorsepower,FakeOut|||M|||50|,,,,,Fire]Kingambit||BlackGlasses|Defiant|KowtowCleave,SuckerPunch,SwordsDance,Protect|||F|||50|,,,,,Ghost]Magmar||Eviolite|VitalSpirit|Overheat,WillOWisp,FollowMe,Protect|||M|||50|,,,,,Ghost
|showteam|p2|Pelipper||FocusSash|Drizzle|WeatherBall,Hurricane,Protect,Tailwind|||F|||50|,,,,,Ghost]Archaludon||AssaultVest|Stamina|ElectroShot,DracoMeteor,FlashCannon,BodyPress|||F|||50|,,,,,Grass]Annihilape||SafetyGoggles|Defiant|RageFist,DrainPunch,BulkUp,Protect|||M|||50|,,,,,Fire]Maushold||SitrusBerry|FriendGuard|BeatUp,FollowMe,Taunt,Protect||||||50|,,,,,Ghost]Rillaboom||MiracleSeed|GrassySurge|FakeOut,GrassyGlide,WoodHammer,Uturn|||F|||50|,,,,,Fire]Basculegion||ChoiceBand|SwiftSwim|WaveCrash,AquaJet,LastRespects,FlipTurn|||M|||50|,,,,,Water
|
|t:|1755971451
|teamsize|p1|4
|teamsize|p2|4
|start
|switch|p1a: Rillaboom|Rillaboom, L50, M|100/100
|switch|p1b: Kingambit|Kingambit, L50, F|100/100
|switch|p2a: Maushold|Maushold, L50|100/100
|switch|p2b: Annihilape|Annihilape, L50, M|100/100
|-fieldstart|move: Grassy Terrain|[from] ability: Grassy Surge|[of] p1a: Rillaboom
|turn|1
|
|t:|1755971486
|-terastallize|p2b: Annihilape|Fire
|move|p1a: Rillaboom|Grassy Glide|p2a: Maushold
|-damage|p2a: Maushold|61/100
|move|p1b: Kingambit|Sucker Punch|p2a: Maushold
|-damage|p2a: Maushold|15/100
|-enditem|p2a: Maushold|Sitrus Berry|[eat]
|-heal|p2a: Maushold|40/100|[from] item: Sitrus Berry
|move|p2a: Maushold|Beat Up|p2b: Annihilape
|-damage|p2b: Annihilape|98/100
|-damage|p2b: Annihilape|96/100
|-damage|p2b: Annihilape|94/100
|-damage|p2b: Annihilape|92/100
|-hitcount|p2b: Annihilape|4
|move|p2b: Annihilape|Bulk Up|p2b: Annihilape
|-boost|p2b: Annihilape|atk|1
|-boost|p2b: Annihilape|def|1
|
|-heal|p2a: Maushold|46/100|[from] Grassy Terrain
|-heal|p2b: Annihilape|98/100|[from] Grassy Terrain
|upkeep
|turn|2
|
|t:|1755971530
|move|p2a: Maushold|Protect|p2a: Maushold
|-singleturn|p2a: Maushold|Protect
|move|p2b: Annihilape|Rage Fist|p1a: Rillaboom
|-damage|p1a: Rillaboom|0 fnt
|faint|p1a: Rillaboom
|move|p1b: Kingambit|Swords Dance|p1b: Kingambit
|-boost|p1b: Kingambit|atk|2
|
|-heal|p2a: Maushold|52/100|[from] Grassy Terrain
|-heal|p2b: Annihilape|100/100|[from] Grassy Terrain
|upkeep
|
|t:|1755971536
|switch|p1a: Magmar|Magmar, L50, M|100/100
|turn|3
|
|t:|1755971558
|move|p1a: Magmar|Follow Me|p1a: Magmar
|-singleturn|p1a: Magmar|move: Follow Me
|move|p2a: Maushold|Taunt|p1a: Magmar
|-start|p1a: Magmar|move: Taunt
|move|p2b: Annihilape|Rage Fist|p1a: Magmar
|-crit|p1a: Magmar
|-damage|p1a: Magmar|0 fnt
|faint|p1a: Magmar
|move|p1b: Kingambit|Kowtow Cleave|p2a: Maushold
|-damage|p2a: Maushold|0 fnt
|faint|p2a: Maushold
|
|upkeep
|
|t:|1755971582
|switch|p2a: Pelipper|Pelipper, L50, F|100/100
|switch|p1a: Sneasler|Sneasler, L50, M|100/100
|-weather|RainDance|[from] ability: Drizzle|[of] p2a: Pelipper
|turn|4
|
|t:|1755971598
|move|p1a: Sneasler|Fake Out|p2b: Annihilape
|-damage|p2b: Annihilape|91/100
|-status|p2b: Annihilape|psn|[from] ability: Poison Touch|[of] p1a: Sneasler
|cant|p2b: Annihilape|flinch
|move|p2a: Pelipper|Weather Ball|p1b: Kingambit
|-damage|p1b: Kingambit|38/100
|move|p1b: Kingambit|Swords Dance|p1b: Kingambit
|-boost|p1b: Kingambit|atk|2
|
|-weather|RainDance|[upkeep]
|-heal|p2b: Annihilape|97/100 psn|[from] Grassy Terrain
|-heal|p1b: Kingambit|44/100|[from] Grassy Terrain
|-damage|p2b: Annihilape|85/100 psn|[from] psn
|upkeep
|turn|5
|
|t:|1755971624
|move|p1b: Kingambit|Sucker Punch|p2a: Pelipper
|-enditem|p2a: Pelipper|Focus Sash
|-damage|p2a: Pelipper|1/100
|move|p1a: Sneasler|Dire Claw|p2a: Pelipper
|-damage|p2a: Pelipper|0 fnt
|faint|p2a: Pelipper
|move|p2b: Annihilape|Rage Fist|p1a: Sneasler
|-enditem|p1a: Sneasler|Focus Sash
|-damage|p1a: Sneasler|1/100
|
|-weather|RainDance|[upkeep]
|-heal|p1a: Sneasler|7/100|[from] Grassy Terrain
|-heal|p2b: Annihilape|91/100 psn|[from] Grassy Terrain
|-heal|p1b: Kingambit|50/100|[from] Grassy Terrain
|-damage|p2b: Annihilape|79/100 psn|[from] psn
|-fieldend|move: Grassy Terrain
|upkeep
|
|t:|1755971639
|switch|p2a: Archaludon|Archaludon, L50, F, shiny|100/100
|turn|6
|
|t:|1755971685
|-terastallize|p1a: Sneasler|Stellar
|move|p2b: Annihilape|Protect|p2b: Annihilape
|-singleturn|p2b: Annihilape|Protect
|move|p1b: Kingambit|Sucker Punch||[still]
|-fail|p1b: Kingambit
|move|p1a: Sneasler|Close Combat|p2a: Archaludon
|-supereffective|p2a: Archaludon
|-damage|p2a: Archaludon|0 fnt
|-unboost|p1a: Sneasler|def|1
|-unboost|p1a: Sneasler|spd|1
|faint|p2a: Archaludon
|
|-weather|RainDance|[upkeep]
|-damage|p2b: Annihilape|67/100 psn|[from] psn
|upkeep
|turn|7
|
|t:|1755971695
|move|p1b: Kingambit|Sucker Punch|p2b: Annihilape
|-damage|p2b: Annihilape|0 fnt
|faint|p2b: Annihilape
|
|win|gunwunner
|raw|gunwunner's rating: 1241 → 1264(+23 for winning)
|raw|Vuultur's rating: 1209 → 1186(-23 for losing)
|c|☆gunwunner|gg
