|j|☆rokesaurio
|j|☆tmjp01
|html|rokesauriotmjp01    
|uhtml|bestof|Game 1 of a best-of-3
|t:|1782617297
|gametype|doubles
|player|p1|rokesaurio|265|1146
|player|p2|tmjp01|2|1247
|gen|9
|tier|[Gen 9 Champions] VGC 2026 Reg M-B (Bo3)
|rated|
|rule|Species Clause: Limit one of each Pokémon
|rule|Item Clause: Limit 1 of each item
|clearpoke
|poke|p1|Pyroar, L50, F|
|poke|p1|Torkoal, L50, F|
|poke|p1|Farigiraf, L50, F|
|poke|p1|Aerodactyl, L50, M|
|poke|p1|Maushold, L50|
|poke|p1|Basculegion, L50, M|
|poke|p2|Corviknight, L50, M|
|poke|p2|Tyranitar, L50, M|
|poke|p2|Hydreigon, L50, F|
|poke|p2|Froslass, L50, F|
|poke|p2|Garchomp, L50, M|
|poke|p2|Arcanine-Hisui, L50, F|
|teampreview|4
|showteam|p1|Pyroar||Pyroarite|Unnerve|HeatWave,Overheat,Flamethrower,Protect|Modest||F|||50|]Torkoal||Charcoal|Drought|Eruption,HelpingHand,EarthPower,WeatherBall|Quiet||F|||50|]Farigiraf||SitrusBerry|ArmorTail|TrickRoom,TwinBeam,Thunderbolt,HelpingHand|Bold||F|||50|]Aerodactyl||Aerodactylite|Unnerve|DualWingbeat,RockSlide,IceFang,Tailwind|Jolly||M|||50|]Maushold||FocusSash|FriendGuard|FollowMe,Protect,SunnyDay,SuperFang|Timid|||||50|]Basculegion||ChoiceScarf|Adaptability|AquaJet,WaveCrash,FlipTurn,LastRespects|Adamant||M|||50|
|showteam|p2|Corviknight||OccaBerry|MirrorArmor|BraveBird,Protect,IronHead,Tailwind|Adamant||M|||50|]Tyranitar||Tyranitarite|SandStream|Protect,KnockOff,RockSlide,DragonDance|Adamant||M|||50|]Hydreigon||ChoiceScarf|Levitate|DarkPulse,DracoMeteor,EarthPower,FlashCannon|Timid||F|||50|]Froslass||Froslassite|CursedBody|Blizzard,Protect,ShadowBall,WeatherBall|Timid||F|||50|]Garchomp||LifeOrb|RoughSkin|Protect,DragonClaw,RockSlide,Earthquake|Jolly||M|||50|]Arcanine-Hisui||FocusSash|RockHead|Protect,HeadSmash,ExtremeSpeed,FlareBlitz|Adamant||F|||50|
|inactive|Battle timer is ON: inactive players will automatically lose when time's up. (requested by rokesaurio)
|inactive|tmjp01 has 60 seconds left.
|
|t:|1782617328
|teamsize|p1|4
|teamsize|p2|4
|start
|switch|p1a: Pyroar|Pyroar, L50, F|100/100
|switch|p1b: Maushold|Maushold, L50|100/100
|switch|p2a: Tyranitar|Tyranitar, L50, M|100/100
|switch|p2b: Arcanine|Arcanine-Hisui, L50, F|100/100
|-ability|p1a: Pyroar|Unnerve
|-weather|Sandstorm|[from] ability: Sand Stream|[of] p2a: Tyranitar
|turn|1
|inactive|rokesaurio has 30 seconds left.
|inactive|rokesaurio has 20 seconds left.
|inactive|rokesaurio has 15 seconds left.
|
|t:|1782617370
|switch|p1a: Basculegion|Basculegion, L50, M|100/100
|move|p1b: Maushold|Super Fang|p2b: Arcanine
|-damage|p2b: Arcanine|50/100g
|move|p2b: Arcanine|Head Smash|p1a: Basculegion|[miss]
|-miss|p2b: Arcanine|p1a: Basculegion
|move|p2a: Tyranitar|Dragon Dance|p2a: Tyranitar
|-boost|p2a: Tyranitar|atk|1
|-boost|p2a: Tyranitar|spe|1
|
|-weather|Sandstorm|[upkeep]
|-damage|p1a: Basculegion|93/100|[from] Sandstorm
|-damage|p1b: Maushold|93/100|[from] Sandstorm
|upkeep
|turn|2
|
|t:|1782617393
|move|p1b: Maushold|Follow Me|p1b: Maushold
|-singleturn|p1b: Maushold|move: Follow Me
|move|p1a: Basculegion|Wave Crash|p2a: Tyranitar
|-supereffective|p2a: Tyranitar|1
|-damage|p2a: Tyranitar|0 fnt
|faint|p2a: Tyranitar
|-damage|p1a: Basculegion|62/100|[from] Recoil
|move|p2b: Arcanine|Flare Blitz|p1b: Maushold
|-damage|p1b: Maushold|8/100
|
|-weather|Sandstorm|[upkeep]
|-damage|p1a: Basculegion|56/100|[from] Sandstorm
|-damage|p1b: Maushold|2/100|[from] Sandstorm
|upkeep
|
|t:|1782617407
|switch|p2a: Hydreigon|Hydreigon, L50, F|100/100
|turn|3
|
|t:|1782617419
|move|p1b: Maushold|Follow Me|p1b: Maushold
|-singleturn|p1b: Maushold|move: Follow Me
|move|p2b: Arcanine|Extreme Speed|p1b: Maushold
|-damage|p1b: Maushold|0 fnt
|faint|p1b: Maushold
|move|p2a: Hydreigon|Dark Pulse|p1a: Basculegion
|-supereffective|p1a: Basculegion|1
|-damage|p1a: Basculegion|0 fnt
|faint|p1a: Basculegion
|
|-weather|Sandstorm|[upkeep]
|-damage|p2a: Hydreigon|94/100|[from] Sandstorm
|upkeep
|
|t:|1782617425
|switch|p1b: Pyroar|Pyroar, L50, F|100/100
|switch|p1a: Aerodactyl|Aerodactyl, L50, M|100/100
|-ability|p1a: Aerodactyl|Unnerve
|-ability|p1b: Pyroar|Unnerve
|turn|4
|
|t:|1782617442
|detailschange|p1b: Pyroar|Pyroar-Mega, L50, F
|-mega|p1b: Pyroar|Pyroar|Pyroarite
|move|p1b: Pyroar|Protect|p1b: Pyroar
|-singleturn|p1b: Pyroar|Protect
|move|p2a: Hydreigon|Dark Pulse|p1b: Pyroar
|-activate|p1b: Pyroar|move: Protect
|move|p1a: Aerodactyl|Rock Slide|p2b: Arcanine|[spread] p2a,p2b
|-supereffective|p2b: Arcanine|1
|-damage|p2a: Hydreigon|61/100
|-damage|p2b: Arcanine|0 fnt
|faint|p2b: Arcanine
|
|-weather|Sandstorm|[upkeep]
|-damage|p2a: Hydreigon|55/100|[from] Sandstorm
|-damage|p1b: Pyroar|93/100|[from] Sandstorm
|upkeep
|
|t:|1782617452
|switch|p2b: Froslass|Froslass, L50, F|100/100
|turn|5
|inactive|tmjp01 has 30 seconds left.
|inactive|tmjp01 has 20 seconds left.
|inactive|tmjp01 has 15 seconds left.
|inactive|tmjp01 has 10 seconds left.
|inactive|tmjp01 has 5 seconds left.
|
|t:|1782617506
|detailschange|p2b: Froslass|Froslass-Mega, L50, F
|-mega|p2b: Froslass|Froslass|Froslassite
|-weather|Snowscape|[from] ability: Snow Warning|[of] p2b: Froslass
|move|p2a: Hydreigon|Dark Pulse|p1a: Aerodactyl
|-damage|p1a: Aerodactyl|44/100
|move|p1a: Aerodactyl|Rock Slide|p2b: Froslass|[spread] p2a,p2b
|-supereffective|p2b: Froslass|1
|-damage|p2a: Hydreigon|27/100
|-damage|p2b: Froslass|46/100
|move|p2b: Froslass|Blizzard|p1b: Pyroar|[spread] p1a,p1b
|-supereffective|p1a: Aerodactyl|1
|-resisted|p1b: Pyroar|1
|-damage|p1a: Aerodactyl|0 fnt
|-damage|p1b: Pyroar|66/100
|faint|p1a: Aerodactyl
|move|p1b: Pyroar|Heat Wave|p2b: Froslass|[spread] p2a,p2b
|-resisted|p2a: Hydreigon|1
|-supereffective|p2b: Froslass|1
|-damage|p2a: Hydreigon|0 fnt
|-damage|p2b: Froslass|0 fnt
|faint|p2a: Hydreigon
|faint|p2b: Froslass
|
|win|rokesaurio
|inactive|rokesaurio has 30 seconds to confirm battle start!
|inactive|tmjp01 has 30 seconds to confirm battle start!
||rokesaurio is ready for game 2.
||tmjp01 is ready for game 2.
|uhtml|next|Next: Game 2 of 3
|l|☆rokesaurio
|player|p1|
