|j|☆btb0811
|j|☆lolgz
|html|btb0811lolgz    
|uhtml|bestof|Game 3 of a best-of-3
|t:|1783325286
|gametype|doubles
|player|p1|btb0811|brycenman|1177
|player|p2|lolgz|dawn|1014
|gen|9
|tier|[Gen 9 Champions] VGC 2026 Reg M-B (Bo3)
|rated|
|rule|Species Clause: Limit one of each Pokémon
|rule|Item Clause: Limit 1 of each item
|clearpoke
|poke|p1|Mawile, L50, F, shiny|
|poke|p1|Farigiraf, L50, M, shiny|
|poke|p1|Whimsicott, L50, M, shiny|
|poke|p1|Garchomp, L50, M, shiny|
|poke|p1|Basculegion, L50, M|
|poke|p1|Charizard, L50, F, shiny|
|poke|p2|Scrafty, L50, F|
|poke|p2|Vivillon, L50, M|
|poke|p2|Incineroar, L50, F|
|poke|p2|Sinistcha, L50|
|poke|p2|Rotom-Wash, L50|
|poke|p2|Delphox, L50, F|
|teampreview|4
|showteam|p1|Mawile||Mawilite|HyperCutter|PlayRough,IronHead,SuckerPunch,Protect|Adamant||F|||50|]Farigiraf||SitrusBerry|ArmorTail|Psychic,Thunderbolt,HelpingHand,TrickRoom|Modest||M|||50|]Whimsicott||FocusSash|Prankster|Moonblast,Tailwind,Encore,Protect|Timid||M|||50|]Garchomp||LifeOrb|RoughSkin|RockSlide,DragonClaw,Earthquake,Protect|Jolly||M|||50|]Basculegion||MysticWater|Adaptability|WaveCrash,LastRespects,AquaJet,Protect|Adamant||M|||50|]Charizard||CharizarditeY|Blaze|HeatWave,WeatherBall,SolarBeam,Protect|Modest||F|||50|
|showteam|p2|Scrafty||Scraftinite|Intimidate|DrainPunch,KnockOff,Protect,DragonDance|Jolly||F|||50|]Vivillon||ChoiceScarf|CompoundEyes|SleepPowder,Hurricane,RagePowder,Tailwind|Timid||M|||50|]Incineroar||PasshoBerry|Intimidate|PartingShot,FakeOut,ThroatChop,FlareBlitz|Careful||F|||50|]Sinistcha||KasibBerry|Hospitality|MatchaGotcha,RagePowder,LifeDew,Protect|Serious|||||50|]Rotom-Wash||SitrusBerry|Levitate|HydroPump,WillOWisp,VoltSwitch,LightScreen|Modest|||||50|]Delphox||Delphoxite|Blaze|HeatWave,Psychic,Protect,NastyPlot|Timid||F|||50|
|inactive|Battle timer is ON: inactive players will automatically lose when time's up. (requested by lolgz)
|inactive|btb0811 also wants the timer to be on.
|inactive|btb0811 has 60 seconds left.
|
|t:|1783325317
|teamsize|p1|4
|teamsize|p2|4
|start
|switch|p1a: Ancalagon|Charizard, L50, F, shiny|100/100
|switch|p1b: Steve|Garchomp, L50, M, shiny|100/100
|switch|p2a: Incineroar|Incineroar, L50, F|100/100
|switch|p2b: Delphox|Delphox, L50, F|100/100
|-ability|p2a: Incineroar|Intimidate|boost
|-unboost|p1a: Ancalagon|atk|1
|-unboost|p1b: Steve|atk|1
|turn|1
|
|t:|1783325331
|switch|p1b: Melman|Farigiraf, L50, M, shiny|100/100
|detailschange|p2b: Delphox|Delphox-Mega, L50, F
|-mega|p2b: Delphox|Delphox|Delphoxite
|detailschange|p1a: Ancalagon|Charizard-Mega-Y, L50, F, shiny
|-mega|p1a: Ancalagon|Charizard|Charizardite Y
|-weather|SunnyDay|[from] ability: Drought|[of] p1a: Ancalagon
|move|p2a: Incineroar|Fake Out||[still]
|cant|p1b: Melman|ability: Armor Tail|Fake Out|[of] p2a: Incineroar
|move|p2b: Delphox|Nasty Plot|p2b: Delphox
|-boost|p2b: Delphox|spa|2
|move|p1a: Ancalagon|Heat Wave|p2b: Delphox|[spread] p2a,p2b
|-resisted|p2a: Incineroar|1
|-resisted|p2b: Delphox|1
|-damage|p2a: Incineroar|72/100
|-damage|p2b: Delphox|68/100
|
|-weather|SunnyDay|[upkeep]
|upkeep
|turn|2
|
|t:|1783325346
|move|p1b: Melman|Helping Hand|p1a: Ancalagon
|-singleturn|p1a: Ancalagon|Helping Hand|[of] p1b: Melman
|move|p2b: Delphox|Heat Wave|p1a: Ancalagon|[spread] p1a,p1b
|-resisted|p1a: Ancalagon|1
|-damage|p1a: Ancalagon|38/100
|-damage|p1b: Melman|0 fnt
|faint|p1b: Melman
|move|p1a: Ancalagon|Weather Ball|p2b: Delphox
|-resisted|p2b: Delphox|1
|-damage|p2b: Delphox|4/100
|move|p2a: Incineroar|Flare Blitz|p1a: Ancalagon
|-resisted|p1a: Ancalagon|1
|-damage|p1a: Ancalagon|0 fnt
|faint|p1a: Ancalagon
|-damage|p2a: Incineroar|63/100|[from] Recoil
|
|-weather|SunnyDay|[upkeep]
|upkeep
|
|t:|1783325355
|switch|p1a: Steve|Garchomp, L50, M, shiny|100/100
|switch|p1b: Basculegion|Basculegion, L50, M|100/100
|turn|3
|
|t:|1783325366
|move|p2b: Delphox|Protect|p2b: Delphox
|-singleturn|p2b: Delphox|Protect
|move|p1a: Steve|Rock Slide|p2b: Delphox|[spread] p2a
|-activate|p2b: Delphox|move: Protect
|-supereffective|p2a: Incineroar|1
|-damage|p2a: Incineroar|16/100
|-damage|p1a: Steve|90/100|[from] item: Life Orb
|move|p1b: Basculegion|Wave Crash|p2a: Incineroar
|-supereffective|p2a: Incineroar|1
|-enditem|p2a: Incineroar|Passho Berry|[eat]
|-enditem|p2a: Incineroar|Passho Berry|[weaken]
|-damage|p2a: Incineroar|0 fnt
|faint|p2a: Incineroar
|-damage|p1b: Basculegion|94/100|[from] Recoil
|
|-weather|SunnyDay|[upkeep]
|upkeep
|
|t:|1783325376
|switch|p2a: Vivillon|Vivillon, L50, M|100/100
|turn|4
|
|t:|1783325382
|move|p1b: Basculegion|Protect|p1b: Basculegion
|-singleturn|p1b: Basculegion|Protect
|move|p2a: Vivillon|Rage Powder|p2a: Vivillon
|-singleturn|p2a: Vivillon|move: Rage Powder
|move|p2b: Delphox|Psychic|p1a: Steve
|-damage|p1a: Steve|0 fnt
|faint|p1a: Steve
|
|-weather|SunnyDay|[upkeep]
|upkeep
|turn|5
|
|t:|1783325391
|move|p2a: Vivillon|Rage Powder|p2a: Vivillon
|-singleturn|p2a: Vivillon|move: Rage Powder
|move|p2b: Delphox|Psychic|p1b: Basculegion
|-damage|p1b: Basculegion|0 fnt
|faint|p1b: Basculegion
|
|win|lolgz
|raw|btb0811's rating: 1177 → 1141(-36 for losing)
|raw|lolgz's rating: 1014 → 1068(+54 for winning)
