|j|☆Saicam16
|j|☆Baronismo
|html|Saicam16Baronismo    
|uhtml|bestof|Game 2 of a best-of-3
|t:|1783455290
|gametype|doubles
|player|p1|Saicam16|170|1007
|player|p2|Baronismo|170|1051
|gen|9
|tier|[Gen 9 Champions] VGC 2026 Reg M-B (Bo3)
|rated|
|rule|Species Clause: Limit one of each Pokémon
|rule|Item Clause: Limit 1 of each item
|clearpoke
|poke|p1|Charizard, L50, M|
|poke|p1|Primarina, L50, F, shiny|
|poke|p1|Kingambit, L50, M, shiny|
|poke|p1|Incineroar, L50, F|
|poke|p1|Sneasler, L50, F|
|poke|p1|Sinistcha, L50|
|poke|p2|Charizard, L50, M|
|poke|p2|Venusaur, L50, F|
|poke|p2|Garchomp, L50, M|
|poke|p2|Sylveon, L50, F|
|poke|p2|Incineroar, L50, F|
|poke|p2|Farigiraf, L50, F|
|teampreview|4
|showteam|p1|Charizard||CharizarditeX|Blaze|DragonDance,Protect,DragonClaw,FlareBlitz|Jolly||M|||50|]Primarina||MysticWater|LiquidVoice|Protect,HyperVoice,Moonblast,Haze|Modest||F|||50|]Kingambit||BlackGlasses|Defiant|KowtowCleave,SuckerPunch,IronHead,Protect|Adamant||M|||50|]Incineroar||SitrusBerry|Intimidate|FakeOut,PartingShot,FlareBlitz,DarkestLariat|Careful||F|||50|]Sneasler||FocusSash|Unburden|DireClaw,Protect,Coaching,CloseCombat|Adamant||F|||50|]Sinistcha||KasibBerry|Hospitality|RagePowder,MatchaGotcha,TrickRoom,ShadowBall|Calm|||||50|
|showteam|p2|Charizard||CharizarditeY|Blaze|HeatWave,SolarBeam,WeatherBall,Protect|Modest||M|||50|]Venusaur||FocusSash|Chlorophyll|LeafStorm,SludgeBomb,SleepPowder,Protect|Modest||F|||50|]Garchomp||LifeOrb|RoughSkin|DragonClaw,Earthquake,RockSlide,Protect|Jolly||M|||50|]Sylveon||FairyFeather|Pixilate|HyperVoice,QuickAttack,HyperBeam,Detect|Modest||F|||50|]Incineroar||SitrusBerry|Intimidate|FlareBlitz,ThroatChop,PartingShot,FakeOut|Careful||F|||50|]Farigiraf||ColburBerry|ArmorTail|Psychic,Thunderbolt,TrickRoom,HelpingHand|Modest||F|||50|
|inactive|Battle timer is ON: inactive players will automatically lose when time's up. (requested by Baronismo)
|
|t:|1783455318
|teamsize|p1|4
|teamsize|p2|4
|start
|switch|p1a: Sinistcha|Sinistcha, L50|100/100
|switch|p1b: Incineroar|Incineroar, L50, F|100/100
|switch|p2a: Charizard|Charizard, L50, M|100/100
|switch|p2b: Venusaur|Venusaur, L50, F|100/100
|-ability|p1b: Incineroar|Intimidate|boost
|-unboost|p2a: Charizard|atk|1
|-unboost|p2b: Venusaur|atk|1
|turn|1
|
|t:|1783455333
|switch|p2b: Garchomp|Garchomp, L50, M|100/100
|move|p2a: Charizard|Protect|p2a: Charizard
|-singleturn|p2a: Charizard|Protect
|move|p1b: Incineroar|Fake Out|p2a: Charizard
|-activate|p2a: Charizard|move: Protect
|move|p1a: Sinistcha|Trick Room|p1a: Sinistcha
|-fieldstart|move: Trick Room|[of] p1a: Sinistcha
|
|upkeep
|turn|2
|inactive|Saicam16 has 30 seconds left.
|
|t:|1783455362
|detailschange|p2a: Charizard|Charizard-Mega-Y, L50, M
|-mega|p2a: Charizard|Charizard|Charizardite Y
|-weather|SunnyDay|[from] ability: Drought|[of] p2a: Charizard
|move|p1b: Incineroar|Parting Shot|p2a: Charizard
|-unboost|p2a: Charizard|atk|1
|-unboost|p2a: Charizard|spa|1
|
|t:|1783455369
|switch|p1b: Primarina|Primarina, L50, F, shiny|100/100|[from] Parting Shot
|move|p1a: Sinistcha|Shadow Ball|p2a: Charizard
|-damage|p2a: Charizard|69/100
|move|p2a: Charizard|Heat Wave|p1b: Primarina|[spread] p1a,p1b
|-supereffective|p1a: Sinistcha|1
|-resisted|p1b: Primarina|1
|-damage|p1a: Sinistcha|19/100
|-damage|p1b: Primarina|81/100
|-status|p1a: Sinistcha|brn
|move|p2b: Garchomp|Earthquake|p1b: Primarina|[spread] p1a,p1b
|-immune|p2a: Charizard
|-resisted|p1a: Sinistcha|1
|-crit|p1a: Sinistcha
|-damage|p1a: Sinistcha|0 fnt
|-damage|p1b: Primarina|22/100
|faint|p1a: Sinistcha
|-damage|p2b: Garchomp|90/100|[from] item: Life Orb
|
|-weather|SunnyDay|[upkeep]
|upkeep
|
|t:|1783455387
|switch|p1a: Incineroar|Incineroar, L50, F|100/100
|-ability|p1a: Incineroar|Intimidate|boost
|-unboost|p2a: Charizard|atk|1
|-unboost|p2b: Garchomp|atk|1
|turn|3
|
|t:|1783455395
|switch|p2b: Incineroar|Incineroar, L50, F|100/100
|-ability|p2b: Incineroar|Intimidate|boost
|-unboost|p1a: Incineroar|atk|1
|-unboost|p1b: Primarina|atk|1
|move|p2a: Charizard|Protect|p2a: Charizard
|-singleturn|p2a: Charizard|Protect
|move|p1a: Incineroar|Fake Out|p2a: Charizard
|-activate|p2a: Charizard|move: Protect
|move|p1b: Primarina|Moonblast|p2b: Incineroar
|-damage|p2b: Incineroar|61/100
|
|-weather|SunnyDay|[upkeep]
|upkeep
|turn|4
|inactive|Saicam16 has 30 seconds left.
|
|t:|1783455426
|move|p1b: Primarina|Protect|p1b: Primarina
|-singleturn|p1b: Primarina|Protect
|move|p2b: Incineroar|Fake Out|p1a: Incineroar
|-damage|p1a: Incineroar|89/100
|cant|p1a: Incineroar|flinch
|move|p2a: Charizard|Heat Wave|p1a: Incineroar|[spread] p1a
|-activate|p1b: Primarina|move: Protect
|-resisted|p1a: Incineroar|1
|-damage|p1a: Incineroar|70/100
|
|-weather|SunnyDay|[upkeep]
|upkeep
|turn|5
|
|t:|1783455440
|switch|p2a: Garchomp|Garchomp, L50, M|90/100
|move|p1a: Incineroar|Parting Shot|p2a: Garchomp
|-unboost|p2a: Garchomp|atk|1
|-unboost|p2a: Garchomp|spa|1
|
|t:|1783455446
|switch|p1a: Kingambit|Kingambit, L50, M, shiny|100/100|[from] Parting Shot
|move|p1b: Primarina|Hyper Voice|p2b: Incineroar|[spread] p2a,p2b
|-supereffective|p2b: Incineroar|1
|-damage|p2a: Garchomp|65/100
|-damage|p2b: Incineroar|28/100
|-enditem|p2b: Incineroar|Sitrus Berry|[eat]
|-heal|p2b: Incineroar|53/100|[from] item: Sitrus Berry
|move|p2b: Incineroar|Flare Blitz|p1a: Kingambit
|-supereffective|p1a: Kingambit|1
|-damage|p1a: Kingambit|0 fnt
|faint|p1a: Kingambit
|-damage|p2b: Incineroar|19/100|[from] Recoil
|
|-weather|SunnyDay|[upkeep]
|-fieldend|move: Trick Room
|upkeep
|
|t:|1783455459
|switch|p1a: Incineroar|Incineroar, L50, F|70/100
|-ability|p1a: Incineroar|Intimidate|boost
|-unboost|p2a: Garchomp|atk|1
|-unboost|p2b: Incineroar|atk|1
|turn|6
|
|t:|1783455470
|move|p2a: Garchomp|Protect|p2a: Garchomp
|-singleturn|p2a: Garchomp|Protect
|move|p1a: Incineroar|Fake Out|p2a: Garchomp
|-activate|p2a: Garchomp|move: Protect
|move|p2b: Incineroar|Parting Shot|p1a: Incineroar
|-unboost|p1a: Incineroar|atk|1
|-unboost|p1a: Incineroar|spa|1
|
|t:|1783455478
|switch|p2b: Venusaur|Venusaur, L50, F|100/100|[from] Parting Shot
|move|p1b: Primarina|Hyper Voice|p2b: Venusaur|[spread] p2b
|-activate|p2a: Garchomp|move: Protect
|-resisted|p2b: Venusaur|1
|-damage|p2b: Venusaur|88/100
|
|-weather|none
|upkeep
|turn|7
|
|t:|1783455495
|switch|p2b: Charizard|Charizard-Mega-Y, L50, M|69/100
|-weather|SunnyDay|[from] ability: Drought|[of] p2b: Charizard
|move|p2a: Garchomp|Earthquake|p1a: Incineroar|[spread] p1a,p1b
|-immune|p2b: Charizard
|-supereffective|p1a: Incineroar|1
|-damage|p1a: Incineroar|20/100y
|-damage|p1b: Primarina|0 fnt
|-enditem|p1a: Incineroar|Sitrus Berry|[eat]
|-heal|p1a: Incineroar|45/100|[from] item: Sitrus Berry
|faint|p1b: Primarina
|-damage|p2a: Garchomp|55/100|[from] item: Life Orb
|move|p1a: Incineroar|Flare Blitz|p2b: Charizard
|-resisted|p2b: Charizard|1
|-damage|p2b: Charizard|45/100
|-damage|p1a: Incineroar|36/100|[from] Recoil
|
|-weather|SunnyDay|[upkeep]
|upkeep
|turn|8
|inactive|Saicam16 has 30 seconds left.
|
|t:|1783455524
|move|p2a: Garchomp|Earthquake|p1a: Incineroar|[spread] p1a
|-immune|p2b: Charizard
|-supereffective|p1a: Incineroar|1
|-damage|p1a: Incineroar|0 fnt
|faint|p1a: Incineroar
|-damage|p2a: Garchomp|45/100|[from] item: Life Orb
|
|win|Baronismo
|raw|Saicam16's rating: 1007 → 1000(-7 for losing)
|raw|Baronismo's rating: 1051 → 1079(+28 for winning)
|l|☆Baronismo
|player|p2|
