|j|☆huusjsj
|j|☆Ronansting
|html|huusjsjRonansting    
|uhtml|bestof|Game 3 of a best-of-3
|t:|1754997222
|gametype|doubles
|player|p1|huusjsj|clay|1431
|player|p2|Ronansting|baker|1444
|gen|9
|tier|[Gen 9] VGC 2025 Reg H (Bo3)
|rated|
|rule|Species Clause: Limit one of each Pokémon
|rule|Item Clause: Limit 1 of each item
|clearpoke
|poke|p1|Annihilape, L50, F|
|poke|p1|Maushold-Four, L50|
|poke|p1|Klefki, L50, M|
|poke|p1|Ursaluna-Bloodmoon, L50, M|
|poke|p1|Ninetales-Alola, L50, F|
|poke|p1|Sinistcha, L50|
|poke|p2|Archaludon, L50, M|
|poke|p2|Pelipper, L50, M|
|poke|p2|Indeedee, L50, M|
|poke|p2|Amoonguss, L50, M|
|poke|p2|Basculegion, L50, M|
|poke|p2|Hydreigon, L50, F|
|teampreview|4
|showteam|p1|Annihilape||Leftovers|Defiant|Protect,BulkUp,DrainPunch,RageFist|||F|||50|,,,,,Fire]Maushold-Four||SafetyGoggles|FriendGuard|FollowMe,Taunt,BeatUp,Protect||||||50|,,,,,Ghost]Klefki||LightClay|Prankster|Reflect,LightScreen,MistyTerrain,DazzlingGleam|||M|||50|,,,,,Ghost]Ursaluna-Bloodmoon||AssaultVest|MindsEye|BloodMoon,HyperVoice,EarthPower,VacuumWave|||M|||50|,,,,,Water]Ninetales-Alola||FocusSash|SnowWarning|Blizzard,FreezeDry,Encore,Protect|||F|||50|,,,,,Ghost]Sinistcha||SitrusBerry|Hospitality|MatchaGotcha,TrickRoom,LifeDew,RagePowder||||||50|,,,,,Water
|showteam|p2|Archaludon||AssaultVest|Stamina|ElectroShot,DracoMeteor,BodyPress,FlashCannon|||M|||50|,,,,,Grass]Pelipper||FocusSash|Drizzle|WeatherBall,Hurricane,Tailwind,Protect|||M|||50|,,,,,Ghost]Indeedee||ChoiceScarf|PsychicSurge|ExpandingForce,TeraBlast,Trick,DazzlingGleam|||M|||50|,,,,,Ground]Amoonguss||SitrusBerry|Regenerator|Spore,SludgeBomb,Protect,RagePowder|||M|||50|,,,,,Water]Basculegion||ChoiceBand|SwiftSwim|FlipTurn,WaveCrash,LastRespects,AquaJet|||M|||50|,,,,,Poison]Hydreigon||CovertCloak|Levitate|Taunt,Snarl,DracoMeteor,EarthPower|||F|||50|,,,,,Fairy
|inactive|Battle timer is ON: inactive players will automatically lose when time's up. (requested by huusjsj)
|inactive|Ronansting has 60 seconds left.
|
|t:|1754997255
|teamsize|p1|4
|teamsize|p2|4
|start
|switch|p1a: Sinistcha|Sinistcha, L50|100/100
|switch|p1b: Klefki|Klefki, L50, M|100/100
|switch|p2a: Goodee|Indeedee, L50, M|100/100
|switch|p2b: Empire|Basculegion, L50, M|100/100
|-fieldstart|move: Psychic Terrain|[from] ability: Psychic Surge|[of] p2a: Goodee
|turn|1
|inactive|huusjsj has 30 seconds left.
|
|t:|1754997282
|move|p1b: Klefki|Light Screen|p1b: Klefki
|-sidestart|p1: huusjsj|move: Light Screen
|move|p2a: Goodee|Trick|p1b: Klefki
|-activate|p2a: Goodee|move: Trick|[of] p1b: Klefki
|-item|p1b: Klefki|Choice Scarf|[from] move: Trick
|-item|p2a: Goodee|Light Clay|[from] move: Trick
|move|p2b: Empire|Flip Turn|p1b: Klefki
|-damage|p1b: Klefki|57/100
|
|t:|1754997288
|switch|p2b: Arching|Archaludon, L50, M|100/100|[from] Flip Turn
|move|p1a: Sinistcha|Matcha Gotcha|p2b: Arching|[spread] p2a,p2b
|-resisted|p2b: Arching
|-damage|p2a: Goodee|67/100
|-damage|p2b: Arching|96/100
|-ability|p2b: Arching|Stamina|boost
|-boost|p2b: Arching|def|1
|
|upkeep
|turn|2
|inactive|huusjsj has 30 seconds left.
|inactive|huusjsj has 20 seconds left.
|
|t:|1754997323
|switch|p1b: Ursaluna|Ursaluna-Bloodmoon, L50, M|100/100
|move|p2a: Goodee|Trick|p1a: Sinistcha
|-activate|p2a: Goodee|move: Trick|[of] p1a: Sinistcha
|-item|p1a: Sinistcha|Light Clay|[from] move: Trick
|-item|p2a: Goodee|Sitrus Berry|[from] move: Trick
|move|p2b: Arching|Flash Cannon|p1b: Ursaluna
|-damage|p1b: Ursaluna|85/100
|move|p1a: Sinistcha|Trick Room|p1a: Sinistcha
|-fieldstart|move: Trick Room|[of] p1a: Sinistcha
|
|upkeep
|turn|3
|
|t:|1754997347
|-terastallize|p2b: Arching|Grass
|move|p1b: Ursaluna|Earth Power|p2b: Arching
|-resisted|p2b: Arching
|-damage|p2b: Arching|81/100
|-ability|p2b: Arching|Stamina|boost
|-boost|p2b: Arching|def|1
|move|p1a: Sinistcha|Matcha Gotcha|p2b: Arching|[spread] p2a
|-miss|p1a: Sinistcha|p2b: Arching
|-damage|p2a: Goodee|36/100
|-enditem|p2a: Goodee|Sitrus Berry|[eat]
|-heal|p2a: Goodee|61/100|[from] item: Sitrus Berry
|move|p2b: Arching|Body Press|p1b: Ursaluna
|-supereffective|p1b: Ursaluna
|-damage|p1b: Ursaluna|19/100
|move|p2a: Goodee|Trick|p1b: Ursaluna
|-activate|p2a: Goodee|move: Trick|[of] p1b: Ursaluna
|-enditem|p1b: Ursaluna|Assault Vest|[silent]|[from] move: Trick
|-item|p2a: Goodee|Assault Vest|[from] move: Trick
|
|upkeep
|turn|4
|
|t:|1754997368
|move|p1b: Ursaluna|Blood Moon|p2b: Arching
|-damage|p2b: Arching|35/100
|-ability|p2b: Arching|Stamina|boost
|-boost|p2b: Arching|def|1
|move|p1a: Sinistcha|Matcha Gotcha|p2a: Goodee|[spread] p2a,p2b
|-resisted|p2b: Arching
|-crit|p2b: Arching
|-damage|p2a: Goodee|40/100
|-damage|p2b: Arching|24/100
|-ability|p2b: Arching|Stamina|boost
|-boost|p2b: Arching|def|1
|move|p2b: Arching|Flash Cannon|p1a: Sinistcha
|-damage|p1a: Sinistcha|76/100
|-unboost|p1a: Sinistcha|spd|1
|move|p2a: Goodee|Expanding Force|p1b: Ursaluna|[spread] p1a,p1b
|-damage|p1a: Sinistcha|27/100
|-damage|p1b: Ursaluna|0 fnt
|faint|p1b: Ursaluna
|
|upkeep
|
|t:|1754997390
|switch|p1b: Klefki|Klefki, L50, M|57/100
|turn|5
|
|t:|1754997398
|move|p1a: Sinistcha|Matcha Gotcha|p2a: Goodee|[spread] p2a,p2b
|-resisted|p2b: Arching
|-damage|p2a: Goodee|20/100
|-heal|p1a: Sinistcha|35/100|[from] drain|[of] p2a: Goodee
|-damage|p2b: Arching|17/100
|-heal|p1a: Sinistcha|39/100|[from] drain|[of] p2b: Arching
|-status|p2b: Arching|brn
|-ability|p2b: Arching|Stamina|boost
|-boost|p2b: Arching|def|1
|move|p2b: Arching|Body Press|p1b: Klefki
|-damage|p1b: Klefki|11/100
|move|p1b: Klefki|Dazzling Gleam|p2a: Goodee|[spread] p2a,p2b
|-damage|p2a: Goodee|5/100
|-damage|p2b: Arching|5/100 brn
|-ability|p2b: Arching|Stamina|boost
|-boost|p2b: Arching|def|1
|move|p2a: Goodee|Expanding Force|p1a: Sinistcha|[spread] p1a,p1b
|-resisted|p1b: Klefki
|-damage|p1a: Sinistcha|0 fnt
|-damage|p1b: Klefki|0 fnt
|faint|p1a: Sinistcha
|faint|p1b: Klefki
|
|-damage|p2b: Arching|0 fnt|[from] brn
|faint|p2b: Arching
|-fieldend|move: Psychic Terrain
|upkeep
|c|☆Ronansting|gg
|
|t:|1754997421
|switch|p1b: Ninetales|Ninetales-Alola, L50, F, shiny|100/100
|switch|p2b: Smellypper|Pelipper, L50, M|100/100
|-weather|RainDance|[from] ability: Drizzle|[of] p2b: Smellypper
|-weather|Snowscape|[from] ability: Snow Warning|[of] p1b: Ninetales
|turn|6
|c|☆huusjsj|ggs
|
|t:|1754997433
|move|p2b: Smellypper|Tailwind|p2b: Smellypper
|-sidestart|p2: Ronansting|move: Tailwind
|move|p1b: Ninetales|Blizzard|p2a: Goodee|[spread] p2a,p2b
|-damage|p2a: Goodee|0 fnt
|-damage|p2b: Smellypper|49/100
|faint|p2a: Goodee
|
|-weather|Snowscape|[upkeep]
|-fieldend|move: Trick Room
|upkeep
|
|t:|1754997438
|switch|p2a: Empire|Basculegion, L50, M|100/100
|turn|7
|
|t:|1754997449
|move|p1b: Ninetales|Protect|p1b: Ninetales
|-singleturn|p1b: Ninetales|Protect
|move|p2a: Empire|Last Respects|p1b: Ninetales
|-activate|p1b: Ninetales|move: Protect
|move|p2b: Smellypper|Weather Ball|p1b: Ninetales
|-activate|p1b: Ninetales|move: Protect
|
|-weather|Snowscape|[upkeep]
|upkeep
|turn|8
|
|t:|1754997466
|-terastallize|p1b: Ninetales|Ghost
|move|p2a: Empire|Last Respects|p1b: Ninetales
|-supereffective|p1b: Ninetales
|-enditem|p1b: Ninetales|Focus Sash
|-damage|p1b: Ninetales|1/100
|move|p2b: Smellypper|Weather Ball|p1b: Ninetales
|-damage|p1b: Ninetales|0 fnt
|faint|p1b: Ninetales
|
|win|Ronansting
|raw|huusjsj's rating: 1431 → 1412(-19 for losing)
|raw|Ronansting's rating: 1444 → 1463(+19 for winning)
|l|☆huusjsj
|player|p1|
