|j|☆cuquabu
|j|☆Fireb7798
|html|cuquabuFireb7798    
|uhtml|bestof|Game 2 of a best-of-3
|t:|1785127842
|gametype|doubles
|player|p1|cuquabu|lucas|1211
|player|p2|Fireb7798|shauntal|1216
|gen|9
|tier|[Gen 9 Champions] VGC 2026 Reg M-B (Bo3)
|rated|
|rule|Species Clause: Limit one of each Pokémon
|rule|Item Clause: Limit 1 of each item
|clearpoke
|poke|p1|Whimsicott, L50, M, shiny|
|poke|p1|Glimmora, L50, F, shiny|
|poke|p1|Staraptor, L50, F, shiny|
|poke|p1|Garchomp, L50, F, shiny|
|poke|p1|Kingambit, L50, M, shiny|
|poke|p1|Delphox, L50, F, shiny|
|poke|p2|Beedrill, L50, F|
|poke|p2|Incineroar, L50, M|
|poke|p2|Garchomp, L50, F|
|poke|p2|Sylveon, L50, M|
|poke|p2|Farigiraf, L50, M|
|poke|p2|Annihilape, L50, M|
|teampreview|4
|showteam|p1|Whimsicott||OccaBerry|Prankster|Moonblast,Tailwind,Charm,LightScreen|Timid||M|||50|]Glimmora||FocusSash|ToxicDebris|PowerGem,SludgeBomb,EarthPower,Protect|Modest||F|||50|]Staraptor||Staraptite|Intimidate|CloseCombat,BraveBird,Roost,Protect|Jolly||F|||50|]Garchomp||LifeOrb|RoughSkin|DragonClaw,Earthquake,RockSlide,Protect|Jolly||F|||50|]Kingambit||ChopleBerry|Defiant|KowtowCleave,SuckerPunch,LowKick,IronHead|Adamant||M|||50|]Delphox||Delphoxite|Magician|HeatWave,Psychic,Substitute,Protect|Timid||F|||50|
|showteam|p2|Beedrill||Beedrillite|Swarm|PoisonJab,Uturn,Protect,StringShot|Jolly||F|||50|]Incineroar||Charcoal|Intimidate|FakeOut,HelpingHand,FlareBlitz,PartingShot|Brave||M|||50|]Garchomp||LifeOrb|RoughSkin|DragonClaw,StompingTantrum,RockSlide,Protect|Jolly||F|||50|]Sylveon||FairyFeather|Pixilate|HyperVoice,HyperBeam,QuickAttack,Detect|Modest||M|||50|]Farigiraf||SitrusBerry|ArmorTail|Psychic,TrickRoom,Protect,Imprison|Calm||M|||50|]Annihilape||ChoiceScarf|Defiant|CloseCombat,PhantomForce,RockTomb,Coaching|Jolly||M|||50|
|inactive|Battle timer is ON: inactive players will automatically lose when time's up. (requested by cuquabu)
|inactive|cuquabu has 60 seconds left.
|inactive|Fireb7798 has 60 seconds left.
|
|t:|1785127886
|teamsize|p1|4
|teamsize|p2|4
|start
|switch|p1a: Delphox|Delphox, L50, F, shiny|100/100
|switch|p1b: Whimsicott|Whimsicott, L50, M, shiny|100/100
|switch|p2a: Farigiraf|Farigiraf, L50, M|100/100
|switch|p2b: Annihilape|Annihilape, L50, M|100/100
|turn|1
|inactive|cuquabu has 30 seconds left.
|inactive|cuquabu has 20 seconds left.
|
|t:|1785127921
|detailschange|p1a: Delphox|Delphox-Mega, L50, F, shiny
|-mega|p1a: Delphox|Delphox|Delphoxite
|move|p1b: Whimsicott|Tailwind|p1b: Whimsicott
|-sidestart|p1: cuquabu|move: Tailwind
|move|p1a: Delphox|Heat Wave|p2b: Annihilape|[spread] p2a,p2b
|-damage|p2a: Farigiraf|64/100
|-damage|p2b: Annihilape|56/100
|move|p2b: Annihilape|Phantom Force||[still]
|-prepare|p2b: Annihilape|Phantom Force
|move|p2a: Farigiraf|Trick Room|p2a: Farigiraf
|-fieldstart|move: Trick Room|[of] p2a: Farigiraf
|
|upkeep
|turn|2
|inactive|cuquabu has 30 seconds left.
|
|t:|1785127949
|switch|p1a: Garchomp|Garchomp, L50, F, shiny|100/100
|move|p2a: Farigiraf|Psychic|p1a: Garchomp
|-damage|p1a: Garchomp|63/100
|move|p2b: Annihilape|Phantom Force|p1a: Garchomp|[from] lockedmove
|-damage|p1a: Garchomp|23/100
|-damage|p2b: Annihilape|43/100|[from] ability: Rough Skin|[of] p1a: Garchomp
|move|p1b: Whimsicott|Moonblast|p2b: Annihilape
|-supereffective|p2b: Annihilape|1
|-damage|p2b: Annihilape|0 fnt
|faint|p2b: Annihilape
|
|upkeep
|
|t:|1785127959
|switch|p2b: Sylveon|Sylveon, L50, M|100/100
|turn|3
|
|t:|1785127968
|move|p1a: Garchomp|Protect|p1a: Garchomp
|-singleturn|p1a: Garchomp|Protect
|move|p1b: Whimsicott|Light Screen|p1b: Whimsicott
|-sidestart|p1: cuquabu|move: Light Screen
|move|p2a: Farigiraf|Psychic|p1b: Whimsicott
|-damage|p1b: Whimsicott|71/100
|move|p2b: Sylveon|Hyper Voice|p1b: Whimsicott|[spread] p1b
|-activate|p1a: Garchomp|move: Protect
|-damage|p1b: Whimsicott|31/100
|
|upkeep
|turn|4
|
|t:|1785127984
|switch|p1a: Glimmora|Glimmora, L50, F, shiny|100/100
|move|p2a: Farigiraf|Imprison|p2a: Farigiraf
|-start|p2a: Farigiraf|move: Imprison
|move|p2b: Sylveon|Hyper Voice|p1b: Whimsicott|[spread] p1a,p1b
|-resisted|p1a: Glimmora|1
|-damage|p1a: Glimmora|79/100
|-damage|p1b: Whimsicott|0 fnt
|faint|p1b: Whimsicott
|
|-sideend|p1: cuquabu|move: Tailwind
|upkeep
|
|t:|1785127999
|switch|p1b: Delphox|Delphox-Mega, L50, F, shiny|100/100
|turn|5
|inactive|cuquabu has 30 seconds left.
|inactive|cuquabu has 20 seconds left.
|
|t:|1785128036
|move|p2a: Farigiraf|Psychic|p1a: Glimmora
|-supereffective|p1a: Glimmora|1
|-damage|p1a: Glimmora|16/100
|move|p2b: Sylveon|Hyper Voice|p1b: Delphox|[spread] p1a,p1b
|-resisted|p1a: Glimmora|1
|-resisted|p1b: Delphox|1
|-damage|p1a: Glimmora|0 fnt
|-damage|p1b: Delphox|86/100
|faint|p1a: Glimmora
|move|p1b: Delphox|Substitute|p1b: Delphox
|-start|p1b: Delphox|Substitute
|-damage|p1b: Delphox|61/100
|
|-fieldend|move: Trick Room
|upkeep
|
|t:|1785128045
|switch|p1a: Garchomp|Garchomp, L50, F, shiny|23/100
|turn|6
|
|t:|1785128054
|move|p2a: Farigiraf|Protect|p2a: Farigiraf
|-singleturn|p2a: Farigiraf|Protect
|move|p1b: Delphox|Heat Wave|p2b: Sylveon|[spread] p2b
|-activate|p2a: Farigiraf|move: Protect
|-crit|p2b: Sylveon
|-damage|p2b: Sylveon|52/100
|move|p1a: Garchomp|Earthquake|p2a: Farigiraf|[spread] p2b
|-activate|p2a: Farigiraf|move: Protect
|-immune|p1b: Delphox|[from] ability: Levitate
|-damage|p2b: Sylveon|0 fnt
|faint|p2b: Sylveon
|-damage|p1a: Garchomp|13/100|[from] item: Life Orb
|
|upkeep
|
|t:|1785128063
|switch|p2b: Beedrill|Beedrill, L50, F|100/100
|turn|7
|
|t:|1785128084
|detailschange|p2b: Beedrill|Beedrill-Mega, L50, F
|-mega|p2b: Beedrill|Beedrill|Beedrillite
|move|p2b: Beedrill|Protect|p2b: Beedrill
|-singleturn|p2b: Beedrill|Protect
|move|p1b: Delphox|Heat Wave|p2a: Farigiraf|[spread] p2a
|-activate|p2b: Beedrill|move: Protect
|-damage|p2a: Farigiraf|29/100
|-enditem|p2a: Farigiraf|Sitrus Berry|[eat]
|-heal|p2a: Farigiraf|54/100|[from] item: Sitrus Berry
|move|p1a: Garchomp|Rock Slide|p2b: Beedrill|[spread] p2a
|-activate|p2b: Beedrill|move: Protect
|-damage|p2a: Farigiraf|32/100
|-damage|p1a: Garchomp|3/100|[from] item: Life Orb
|move|p2a: Farigiraf|Psychic|p1a: Garchomp
|-damage|p1a: Garchomp|0 fnt
|faint|p1a: Garchomp
|
|-sideend|p1: cuquabu|move: Light Screen
|upkeep
|turn|8
|inactive|cuquabu has 30 seconds left.
|
|t:|1785128110
|move|p2b: Beedrill|Poison Jab|p1b: Delphox
|-crit|p1b: Delphox
|-end|p1b: Delphox|Substitute
|move|p1b: Delphox|Heat Wave|p2a: Farigiraf|[spread] p2a,p2b
|-supereffective|p2b: Beedrill|1
|-damage|p2a: Farigiraf|0 fnt
|-damage|p2b: Beedrill|0 fnt
|faint|p2a: Farigiraf
|faint|p2b: Beedrill
|
|win|cuquabu
||Fireb7798 is ready for game 3.
||cuquabu is ready for game 3.
|uhtml|next|Next: Game 3 of 3
