|j|☆Slackermaru
|j|☆Sakky09
|html|SlackermaruSakky09    
|uhtml|bestof|Game 1 of a best-of-3
|t:|1757246693
|gametype|doubles
|player|p1|Slackermaru|workerice|1437
|player|p2|Sakky09|sailor|1395
|gen|9
|tier|[Gen 9] VGC 2025 Reg H (Bo3)
|rated|
|rule|Species Clause: Limit one of each Pokémon
|rule|Item Clause: Limit 1 of each item
|clearpoke
|poke|p1|Rillaboom, L50, F|
|poke|p1|Dragonite, L50, M|
|poke|p1|Sneasler, L50, M|
|poke|p1|Kingambit, L50, M|
|poke|p1|Electabuzz, L50, M|
|poke|p1|Volcarona, L50, F|
|poke|p2|Maushold-Four, L50|
|poke|p2|Annihilape, L50, M|
|poke|p2|Dragonite, L50, M|
|poke|p2|Gholdengo, L50|
|poke|p2|Ursaluna-Bloodmoon, L50, M|
|poke|p2|Rillaboom, L50, M|
|teampreview|4
|showteam|p1|Rillaboom||AssaultVest|GrassySurge|FakeOut,HighHorsepower,WoodHammer,GrassyGlide|||F|||50|,,,,,Water]Dragonite||LoadedDice|Multiscale|ExtremeSpeed,ScaleShot,Protect,Haze|||M|||50|,,,,,Steel]Sneasler||FocusSash|Unburden|DireClaw,CloseCombat,Coaching,Protect|||M|||50|,,,,,Stellar]Kingambit||SafetyGoggles|Defiant|KowtowCleave,SuckerPunch,SwordsDance,Protect|||M|||50|,,,,,Ghost]Electabuzz||Eviolite|VitalSpirit|Thunderbolt,Taunt,FollowMe,Protect|||M|||50|,,,,,Ghost]Volcarona||Leftovers|FlameBody|HeatWave,TeraBlast,QuiverDance,Protect|||F|||50|,,,,,Fairy
|showteam|p2|Maushold-Four||FocusSash|FriendGuard|SuperFang,FollowMe,BeatUp,Protect||||||50|,,,,,Ghost]Annihilape||SitrusBerry|Defiant|RageFist,DrainPunch,BulkUp,Protect|||M|||50|,,,,,Fire]Dragonite||LoadedDice|Multiscale|Tailwind,Haze,Protect,ScaleShot|||M|||50|,,,,,Fairy]Gholdengo||LifeOrb|GoodasGold|MakeItRain,ShadowBall,NastyPlot,Protect||||||50|,,,,,Water]Ursaluna-Bloodmoon||AssaultVest|MindsEye|BloodMoon,EarthPower,HyperVoice,VacuumWave|||M|||50|,,,,,Water]Rillaboom||MiracleSeed|GrassySurge|WoodHammer,GrassyGlide,FakeOut,HighHorsepower|||M|||50|,,,,,Fire
|inactive|Battle timer is ON: inactive players will automatically lose when time's up. (requested by Sakky09)
|inactive|Sakky09 has 60 seconds left.
|inactive|Sakky09 has 30 seconds left.
|
|t:|1757246757
|teamsize|p1|4
|teamsize|p2|4
|start
|switch|p1a: Sneasler|Sneasler, L50, M|100/100
|switch|p1b: Dragonite|Dragonite, L50, M, shiny|100/100
|switch|p2a: Ursaluna|Ursaluna-Bloodmoon, L50, M|100/100
|switch|p2b: Annihilape|Annihilape, L50, M|100/100
|turn|1
|inactive|Sakky09 has 30 seconds left.
|
|t:|1757246786
|move|p1a: Sneasler|Close Combat|p2a: Ursaluna
|-supereffective|p2a: Ursaluna
|-damage|p2a: Ursaluna|10/100
|-unboost|p1a: Sneasler|def|1
|-unboost|p1a: Sneasler|spd|1
|move|p1b: Dragonite|Scale Shot|p2a: Ursaluna
|-damage|p2a: Ursaluna|0 fnt
|faint|p2a: Ursaluna
|-hitcount|p2: Ursaluna|1
|-unboost|p1b: Dragonite|def|1
|-boost|p1b: Dragonite|spe|1
|move|p2b: Annihilape|Bulk Up|p2b: Annihilape
|-boost|p2b: Annihilape|atk|1
|-boost|p2b: Annihilape|def|1
|
|upkeep
|
|t:|1757246801
|switch|p2a: Maushold|Maushold-Four, L50|100/100
|turn|2
|inactive|Sakky09 has 30 seconds left.
|
|t:|1757246833
|move|p2a: Maushold|Protect|p2a: Maushold
|-singleturn|p2a: Maushold|Protect
|move|p1b: Dragonite|Scale Shot|p2a: Maushold
|-activate|p2a: Maushold|move: Protect
|move|p1a: Sneasler|Dire Claw|p2a: Maushold
|-activate|p2a: Maushold|move: Protect
|move|p2b: Annihilape|Rage Fist|p1b: Dragonite
|-crit|p1b: Dragonite
|-damage|p1b: Dragonite|54/100
|
|upkeep
|turn|3
|inactive|Slackermaru has 30 seconds left.
|inactive|Sakky09 has 30 seconds left.
|
|t:|1757246863
|move|p1b: Dragonite|Scale Shot|p2a: Maushold
|-damage|p2a: Maushold|83/100
|-damage|p2a: Maushold|64/100
|-damage|p2a: Maushold|44/100
|-damage|p2a: Maushold|25/100
|-hitcount|p2a: Maushold|4
|-unboost|p1b: Dragonite|def|1
|-boost|p1b: Dragonite|spe|1
|move|p1a: Sneasler|Dire Claw|p2a: Maushold
|-damage|p2a: Maushold|0 fnt
|faint|p2a: Maushold
|move|p2b: Annihilape|Rage Fist|p1b: Dragonite
|-damage|p1b: Dragonite|0 fnt
|faint|p1b: Dragonite
|
|upkeep
|
|t:|1757246880
|switch|p2a: Dragonite|Dragonite, L50, M|100/100
|switch|p1b: Volcarona|Volcarona, L50, F|100/100
|turn|4
|inactive|Sakky09 has 30 seconds left.
|inactive|Sakky09 has 20 seconds left.
|inactive|Sakky09 has 15 seconds left.
|inactive|Sakky09 has 10 seconds left.
|
|t:|1757246927
|-terastallize|p1b: Volcarona|Fairy
|-terastallize|p2b: Annihilape|Fire
|move|p1a: Sneasler|Dire Claw|p2a: Dragonite
|-damage|p2a: Dragonite|79/100
|-status|p2a: Dragonite|psn
|move|p1b: Volcarona|Tera Blast|p2a: Dragonite|[anim] Tera Blast Fairy
|-supereffective|p2a: Dragonite
|-damage|p2a: Dragonite|0 fnt
|faint|p2a: Dragonite
|move|p2b: Annihilape|Drain Punch|p1a: Sneasler
|-resisted|p1a: Sneasler
|-damage|p1a: Sneasler|32/100
|
|upkeep
|turn|5
|
|t:|1757246951
|move|p1a: Sneasler|Protect|p1a: Sneasler
|-singleturn|p1a: Sneasler|Protect
|move|p1b: Volcarona|Quiver Dance|p1b: Volcarona
|-boost|p1b: Volcarona|spa|1
|-boost|p1b: Volcarona|spd|1
|-boost|p1b: Volcarona|spe|1
|move|p2b: Annihilape|Drain Punch|p1a: Sneasler
|-activate|p1a: Sneasler|move: Protect
|
|upkeep
|turn|6
|inactive|Slackermaru has 30 seconds left.
|
|t:|1757246977
|move|p1b: Volcarona|Quiver Dance|p1b: Volcarona
|-boost|p1b: Volcarona|spa|1
|-boost|p1b: Volcarona|spd|1
|-boost|p1b: Volcarona|spe|1
|move|p1a: Sneasler|Coaching|p1b: Volcarona
|-boost|p1b: Volcarona|atk|1
|-boost|p1b: Volcarona|def|1
|move|p2b: Annihilape|Drain Punch|p1a: Sneasler
|-resisted|p1a: Sneasler
|-damage|p1a: Sneasler|0 fnt
|faint|p1a: Sneasler
|
|upkeep
|
|t:|1757246987
|switch|p1a: Electabuzz|Electabuzz, L50, M|100/100
|turn|7
|
|t:|1757246998
|move|p1a: Electabuzz|Follow Me|p1a: Electabuzz
|-singleturn|p1a: Electabuzz|move: Follow Me
|move|p1b: Volcarona|Heat Wave|p2b: Annihilape
|-resisted|p2b: Annihilape
|-damage|p2b: Annihilape|60/100
|move|p2b: Annihilape|Drain Punch|p1a: Electabuzz
|-damage|p1a: Electabuzz|63/100
|-heal|p2b: Annihilape|75/100|[from] drain|[of] p1a: Electabuzz
|
|upkeep
|turn|8
|
|t:|1757247022
|move|p1b: Volcarona|Protect|p1b: Volcarona
|-singleturn|p1b: Volcarona|Protect
|move|p1a: Electabuzz|Thunderbolt|p2b: Annihilape
|-damage|p2b: Annihilape|50/100
|-status|p2b: Annihilape|par
|-enditem|p2b: Annihilape|Sitrus Berry|[eat]
|-heal|p2b: Annihilape|75/100 par|[from] item: Sitrus Berry
|move|p2b: Annihilape|Rage Fist|p1b: Volcarona
|-activate|p1b: Volcarona|move: Protect
|
|upkeep
|turn|9
|
|t:|1757247036
|move|p1b: Volcarona|Tera Blast|p2b: Annihilape|[anim] Tera Blast Fairy
|-resisted|p2b: Annihilape
|-damage|p2b: Annihilape|43/100 par
|move|p1a: Electabuzz|Thunderbolt|p2b: Annihilape
|-damage|p2b: Annihilape|19/100 par
|cant|p2b: Annihilape|par
|
|upkeep
|turn|10
|
|t:|1757247045
|move|p1b: Volcarona|Tera Blast|p2b: Annihilape|[anim] Tera Blast Fairy
|-resisted|p2b: Annihilape
|-damage|p2b: Annihilape|0 fnt
|faint|p2b: Annihilape
|
|win|Slackermaru
||Sakky09 is ready for game 2.
||Slackermaru is ready for game 2.
|uhtml|next|Next: Game 2 of 3
|l|☆Sakky09
|player|p2|
