|j|☆Realfrytki
|j|☆OreburghRanger
|html|RealfrytkiOreburghRanger    
|uhtml|bestof|Game 1 of a best-of-3
|t:|1756320646
|gametype|doubles
|player|p1|Realfrytki|veteranf|
|player|p2|OreburghRanger|pokemonranger-gen4|
|gen|9
|tier|[Gen 9] VGC 2025 Reg H (Bo3)
|rule|Species Clause: Limit one of each Pokémon
|rule|Item Clause: Limit 1 of each item
|clearpoke
|poke|p1|Volcarona, L50, M|
|poke|p1|Rillaboom, L50, F|
|poke|p1|Dragonite, L50, M|
|poke|p1|Kingambit, L50, F|
|poke|p1|Sneasler, L50, F|
|poke|p1|Electabuzz, L50, F|
|poke|p2|Charizard, L50, M|
|poke|p2|Torkoal, L50, F|
|poke|p2|Porygon2, L50|
|poke|p2|Incineroar, L50, M|
|poke|p2|Jumpluff, L50, F|
|poke|p2|Ursaluna, L50, M|
|teampreview|4
|showteam|p1|Volcarona||Leftovers|FlameBody|HeatWave,TeraBlast,QuiverDance,Protect|||M|||50|,,,,,Fairy]Rillaboom||MiracleSeed|GrassySurge|WoodHammer,GrassyGlide,FakeOut,HighHorsepower|||F|||50|,,,,,Fire]Dragonite||LoadedDice|Multiscale|ScaleShot,ExtremeSpeed,Haze,Protect|||M|||50|,,,,,Steel]Kingambit||AssaultVest|Defiant|KowtowCleave,SuckerPunch,IronHead,TeraBlast|||F|||50|,,,,,Flying]Sneasler||FocusSash|Unburden|CloseCombat,DireClaw,Coaching,FakeOut|||F|||50|,,,,,Stellar]Electabuzz||Eviolite|VitalSpirit|Thunderbolt,FollowMe,Taunt,Protect|||F|||50|,,,,,Ghost
|showteam|p2|Charizard||ChoiceSpecs|SolarPower|HeatWave,Overheat,WeatherBall,AirSlash|||M|||50|,,,,,Ghost]Torkoal||EjectPack|Drought|Eruption,Overheat,HelpingHand,Protect|||F|||50|,,,,,Fire]Porygon2||Eviolite|Download|TeraBlast,IceBeam,Recover,TrickRoom||||||50|,,,,,Fighting]Incineroar||SafetyGoggles|Intimidate|FlareBlitz,KnockOff,FakeOut,PartingShot|||M|||50|,,,,,Ghost]Jumpluff||CovertCloak|Chlorophyll|SleepPowder,SunnyDay,RagePowder,Tailwind|||F|||50|,,,,,Water]Ursaluna||FlameOrb|Guts|HeadlongRush,Facade,Earthquake,Protect|||M|||50|,,,,,Ghost
|c|☆OreburghRanger|glhf!
|inactive|Battle timer is ON: inactive players will automatically lose when time's up. (requested by OreburghRanger)
|c|☆Realfrytki|glhf
|inactive|Realfrytki has 60 seconds left.
|
|t:|1756320701
|teamsize|p1|4
|teamsize|p2|4
|start
|switch|p1a: Electabuzz|Electabuzz, L50, F|100/100
|switch|p1b: Dragonite|Dragonite, L50, M|100/100
|switch|p2a: Kenshin|Charizard, L50, M, shiny|100/100
|switch|p2b: Ayanami|Porygon2, L50, shiny|100/100
|-ability|p2b: Ayanami|Download|boost
|-boost|p2b: Ayanami|atk|1
|turn|1
|inactive|Realfrytki has 30 seconds left.
|
|t:|1756320727
|switch|p2a: Musashi|Incineroar, L50, M|100/100
|-ability|p2a: Musashi|Intimidate|boost
|-unboost|p1a: Electabuzz|atk|1
|-unboost|p1b: Dragonite|atk|1
|move|p1a: Electabuzz|Follow Me|p1a: Electabuzz
|-singleturn|p1a: Electabuzz|move: Follow Me
|move|p1b: Dragonite|Scale Shot|p2a: Musashi
|-damage|p2a: Musashi|91/100
|-damage|p2a: Musashi|81/100
|-damage|p2a: Musashi|71/100
|-crit|p2a: Musashi
|-damage|p2a: Musashi|48/100
|-hitcount|p2a: Musashi|4
|-unboost|p1b: Dragonite|def|1
|-boost|p1b: Dragonite|spe|1
|move|p2b: Ayanami|Ice Beam|p1a: Electabuzz
|-damage|p1a: Electabuzz|80/100
|-status|p1a: Electabuzz|frz
|
|upkeep
|turn|2
|inactive|Realfrytki has 30 seconds left.
|inactive|Realfrytki has 20 seconds left.
|inactive|Realfrytki has 15 seconds left.
|
|t:|1756320768
|switch|p1b: Kingambit|Kingambit, L50, F|100/100
|move|p2a: Musashi|Fake Out|p1a: Electabuzz
|-damage|p1a: Electabuzz|70/100 frz
|cant|p1a: Electabuzz|frz
|move|p2b: Ayanami|Trick Room|p2b: Ayanami
|-fieldstart|move: Trick Room|[of] p2b: Ayanami
|
|upkeep
|turn|3
|
|t:|1756320787
|switch|p2b: Ryo the Stern|Torkoal, L50, F|100/100
|-weather|SunnyDay|[from] ability: Drought|[of] p2b: Ryo the Stern
|-terastallize|p1b: Kingambit|Flying
|cant|p1a: Electabuzz|frz
|move|p1b: Kingambit|Tera Blast|p2b: Ryo the Stern|[anim] Tera Blast Flying
|-damage|p2b: Ryo the Stern|68/100
|move|p2a: Musashi|Flare Blitz|p1b: Kingambit
|-damage|p1b: Kingambit|41/100
|-damage|p2a: Musashi|28/100|[from] Recoil
|
|-weather|SunnyDay|[upkeep]
|upkeep
|turn|4
|inactive|Realfrytki has 30 seconds left.
|inactive|Realfrytki has 20 seconds left.
|
|t:|1756320825
|move|p1b: Kingambit|Sucker Punch|p2b: Ryo the Stern
|-damage|p2b: Ryo the Stern|36/100
|move|p2b: Ryo the Stern|Overheat|p1b: Kingambit
|-damage|p1b: Kingambit|0 fnt
|-unboost|p2b: Ryo the Stern|spa|2
|faint|p1b: Kingambit
|-enditem|p2b: Ryo the Stern|Eject Pack
|
|t:|1756320832
|switch|p2b: Ayanami|Porygon2, L50, shiny|100/100
|-ability|p2b: Ayanami|Download|boost
|-boost|p2b: Ayanami|atk|1
|move|p2a: Musashi|Knock Off|p1a: Electabuzz
|-damage|p1a: Electabuzz|35/100 frz
|-enditem|p1a: Electabuzz|Eviolite|[from] move: Knock Off|[of] p2a: Musashi
|cant|p1a: Electabuzz|frz
|
|-weather|SunnyDay|[upkeep]
|upkeep
|
|t:|1756320857
|switch|p1b: Dragonite|Dragonite, L50, M|100/100
|turn|5
|
|t:|1756320868
|cant|p1a: Electabuzz|frz
|move|p2b: Ayanami|Ice Beam|p1b: Dragonite
|-supereffective|p1b: Dragonite
|-damage|p1b: Dragonite|41/100
|move|p2a: Musashi|Flare Blitz|p1a: Electabuzz
|-damage|p1a: Electabuzz|0 fnt
|faint|p1a: Electabuzz
|-damage|p2a: Musashi|18/100|[from] Recoil
|move|p1b: Dragonite|Scale Shot|p2b: Ayanami
|-damage|p2b: Ayanami|91/100
|-damage|p2b: Ayanami|80/100
|-damage|p2b: Ayanami|69/100
|-damage|p2b: Ayanami|58/100
|-damage|p2b: Ayanami|48/100
|-hitcount|p2b: Ayanami|5
|-unboost|p1b: Dragonite|def|1
|-boost|p1b: Dragonite|spe|1
|
|-weather|SunnyDay|[upkeep]
|upkeep
|
|t:|1756320887
|switch|p1a: Rillaboom|Rillaboom, L50, F|100/100
|-fieldstart|move: Grassy Terrain|[from] ability: Grassy Surge|[of] p1a: Rillaboom
|turn|6
|
|t:|1756320907
|move|p1b: Dragonite|Protect|p1b: Dragonite
|-singleturn|p1b: Dragonite|Protect
|move|p1a: Rillaboom|Fake Out|p2a: Musashi
|-damage|p2a: Musashi|5/100
|cant|p2a: Musashi|flinch
|move|p2b: Ayanami|Trick Room|p2b: Ayanami
|-fieldend|move: Trick Room
|
|-weather|SunnyDay|[upkeep]
|-heal|p2a: Musashi|11/100|[from] Grassy Terrain
|-heal|p2b: Ayanami|55/100|[from] Grassy Terrain
|upkeep
|turn|7
|inactive|Realfrytki has 30 seconds left.
|inactive|OreburghRanger has 30 seconds left.
|inactive|OreburghRanger has 20 seconds left.
|inactive|OreburghRanger has 15 seconds left.
|
|t:|1756320951
|move|p1b: Dragonite|Extreme Speed|p2a: Musashi
|-damage|p2a: Musashi|0 fnt
|faint|p2a: Musashi
|move|p1a: Rillaboom|Wood Hammer|p2b: Ayanami
|-damage|p2b: Ayanami|0 fnt
|faint|p2b: Ayanami
|-damage|p1a: Rillaboom|84/100|[from] Recoil
|
|-weather|none
|-heal|p1a: Rillaboom|90/100|[from] Grassy Terrain
|upkeep
|
|t:|1756320957
|switch|p2a: Ryo the Stern|Torkoal, L50, F|36/100
|switch|p2b: Kenshin|Charizard, L50, M, shiny|100/100
|-weather|SunnyDay|[from] ability: Drought|[of] p2a: Ryo the Stern
|turn|8
|inactive|Realfrytki has 30 seconds left.
|inactive|OreburghRanger has 30 seconds left.
|
|t:|1756320984
|move|p1b: Dragonite|Scale Shot|p2b: Kenshin
|-damage|p2b: Kenshin|80/100
|-damage|p2b: Kenshin|59/100
|-damage|p2b: Kenshin|39/100
|-damage|p2b: Kenshin|17/100
|-hitcount|p2b: Kenshin|4
|-unboost|p1b: Dragonite|def|1
|-boost|p1b: Dragonite|spe|1
|move|p2b: Kenshin|Weather Ball|p1b: Dragonite
|-resisted|p1b: Dragonite
|-damage|p1b: Dragonite|0 fnt
|faint|p1b: Dragonite
|move|p1a: Rillaboom|High Horsepower|p2a: Ryo the Stern
|-supereffective|p2a: Ryo the Stern
|-damage|p2a: Ryo the Stern|0 fnt
|faint|p2a: Ryo the Stern
|
|-weather|SunnyDay|[upkeep]
|-damage|p2b: Kenshin|5/100|[from] ability: Solar Power|[of] p2b: Kenshin
|-heal|p1a: Rillaboom|96/100|[from] Grassy Terrain
|upkeep
|turn|9
|
|t:|1756321004
|move|p1a: Rillaboom|Grassy Glide|p2b: Kenshin
|-resisted|p2b: Kenshin
|-damage|p2b: Kenshin|0 fnt
|faint|p2b: Kenshin
|
|win|Realfrytki
