|j|‽IshtarVGC26
|j|☆ryanpowneyissoslay
|html|IshtarVGC26ryanpowneyissoslay    
|uhtml|bestof|Game 2 of a best-of-3
|t:|1757856125
|gametype|doubles
|player|p1|IshtarVGC26|juan|1162
|player|p2|ryanpowneyissoslay|ghetsis|1248
|gen|9
|tier|[Gen 9] VGC 2025 Reg H (Bo3)
|rated|
|rule|Species Clause: Limit one of each Pokémon
|rule|Item Clause: Limit 1 of each item
|clearpoke
|poke|p1|Pelipper, L50, F|
|poke|p1|Overqwil, L50, F|
|poke|p1|Annihilape, L50, F|
|poke|p1|Archaludon, L50, M|
|poke|p1|Incineroar, L50, M|
|poke|p1|Ursaluna-Bloodmoon, L50, M|
|poke|p2|Weezing, L50, M|
|poke|p2|Dragapult, L50, M|
|poke|p2|Ursaluna-Bloodmoon, L50, M|
|poke|p2|Annihilape, L50, M|
|poke|p2|Dragonite, L50, F|
|poke|p2|Incineroar, L50, F|
|teampreview|4
|showteam|p1|Pelipper||ChoiceScarf|Drizzle|Tailwind,Hurricane,WeatherBall,Uturn|||F|||50|,,,,,Ground]Overqwil||ChoiceBand|SwiftSwim|ScaleShot,GunkShot,Liquidation,Crunch|||F|||50|,,,,,Water]Annihilape||AguavBerry|Defiant|Protect,DrainPunch,BulkUp,RageFist|||F|||50|,,,,,Grass]Archaludon||AssaultVest|Stamina|BodyPress,Snarl,ElectroShot,FlashCannon|||M|||50|,,,,,Fighting]Incineroar||SitrusBerry|Intimidate|FlareBlitz,KnockOff,FakeOut,PartingShot|||M|||50|,,,,,Ghost]Ursaluna-Bloodmoon||ThroatSpray|MindsEye|Protect,EarthPower,BloodMoon,HyperVoice|||M|||50|,,,,,Ground
|showteam|p2|Weezing||CovertCloak|NeutralizingGas|GunkShot,ToxicSpikes,Protect,Taunt|||M|||50|,,,,,Water]Dragapult||ChoiceBand|ClearBody|DragonDarts,TeraBlast,PhantomForce,Uturn|||M|||50|,,,,,Ghost]Ursaluna-Bloodmoon||AssaultVest|MindsEye|BloodMoon,EarthPower,HyperVoice,VacuumWave|||M|||50|,,,,,Normal]Annihilape||FocusSash|Defiant|CloseCombat,RageFist,Coaching,FinalGambit|||M|||50|,,,,,Water]Dragonite||LoadedDice|Multiscale|ScaleShot,Tailwind,ExtremeSpeed,Protect|||F|||50|,,,,,Normal]Incineroar||AbilityShield|Intimidate|KnockOff,FlareBlitz,PartingShot,FakeOut|||F|||50|,,,,,Grass
|inactive|Battle timer is ON: inactive players will automatically lose when time's up. (requested by ryanpowneyissoslay)
|inactive|IshtarVGC26 has 60 seconds left.
|
|t:|1757856166
|teamsize|p1|4
|teamsize|p2|4
|start
|switch|p1a: Pelipper|Pelipper, L50, F|100/100
|switch|p1b: Ursaluna|Ursaluna-Bloodmoon, L50, M|100/100
|switch|p2a: Weezing|Weezing, L50, M|100/100
|switch|p2b: Annihilape|Annihilape, L50, M|100/100
|-ability|p2a: Weezing|Neutralizing Gas
|turn|1
|
|t:|1757856189
|-terastallize|p1b: Ursaluna|Ground
|-terastallize|p2a: Weezing|Water
|move|p1a: Pelipper|Tailwind|p1a: Pelipper
|-sidestart|p1: IshtarVGC26|move: Tailwind
|move|p1b: Ursaluna|Earth Power|p2a: Weezing
|-damage|p2a: Weezing|40/100
|move|p2b: Annihilape|Close Combat|p1b: Ursaluna
|-damage|p1b: Ursaluna|63/100
|-unboost|p2b: Annihilape|def|1
|-unboost|p2b: Annihilape|spd|1
|move|p2a: Weezing|Gunk Shot|p1a: Pelipper
|-damage|p1a: Pelipper|49/100
|-status|p1a: Pelipper|psn
|
|-damage|p1a: Pelipper|38/100 psn|[from] psn
|upkeep
|turn|2
|inactive|IshtarVGC26 has 30 seconds left.
|inactive|IshtarVGC26 has 20 seconds left.
|
|t:|1757856226
|switch|p1a: Annihilape|Annihilape, L50, F|100/100
|move|p1b: Ursaluna|Earth Power|p2b: Annihilape
|-damage|p2b: Annihilape|10/100
|move|p2b: Annihilape|Rage Fist|p1a: Annihilape
|-supereffective|p1a: Annihilape
|-damage|p1a: Annihilape|5/100
|-enditem|p1a: Annihilape|Aguav Berry|[eat]
|-heal|p1a: Annihilape|38/100|[from] item: Aguav Berry
|move|p2a: Weezing|Gunk Shot|p1b: Ursaluna
|-resisted|p1b: Ursaluna
|-damage|p1b: Ursaluna|49/100
|
|upkeep
|turn|3
|inactive|IshtarVGC26 has 30 seconds left.
|
|t:|1757856256
|switch|p2b: Ursaluna|Ursaluna-Bloodmoon, L50, M|100/100
|move|p1a: Annihilape|Protect|p1a: Annihilape
|-singleturn|p1a: Annihilape|Protect
|move|p2a: Weezing|Protect|p2a: Weezing
|-singleturn|p2a: Weezing|Protect
|move|p1b: Ursaluna|Hyper Voice|p2a: Weezing|[spread] p2b
|-activate|p2a: Weezing|move: Protect
|-damage|p2b: Ursaluna|79/100
|-enditem|p1b: Ursaluna|Throat Spray
|-boost|p1b: Ursaluna|spa|1|[from] item: Throat Spray
|
|upkeep
|turn|4
|
|t:|1757856275
|move|p1a: Annihilape|Drain Punch|p2b: Ursaluna
|-supereffective|p2b: Ursaluna
|-damage|p2b: Ursaluna|34/100
|-heal|p1a: Annihilape|61/100|[from] drain|[of] p2b: Ursaluna
|move|p1b: Ursaluna|Hyper Voice|p2b: Ursaluna|[spread] p2a,p2b
|-damage|p2a: Weezing|0 fnt
|-damage|p2b: Ursaluna|1/100
|faint|p2a: Weezing
|-end|p2a: Weezing|ability: Neutralizing Gas
|move|p2b: Ursaluna|Hyper Voice|p1b: Ursaluna|[spread] p1a,p1b
|-damage|p1a: Annihilape|28/100
|-damage|p1b: Ursaluna|4/100
|
|-sideend|p1: IshtarVGC26|move: Tailwind
|upkeep
|
|t:|1757856279
|switch|p2a: Dragapult|Dragapult, L50, M|100/100
|turn|5
|inactive|IshtarVGC26 has 30 seconds left.
|inactive|IshtarVGC26 has 20 seconds left.
|
|t:|1757856318
|move|p1a: Annihilape|Protect|p1a: Annihilape
|-singleturn|p1a: Annihilape|Protect
|move|p2a: Dragapult|Dragon Darts|p1b: Ursaluna
|-damage|p1b: Ursaluna|0 fnt
|faint|p1b: Ursaluna
|move|p2b: Ursaluna|Earth Power|p1a: Annihilape
|-activate|p1a: Annihilape|move: Protect
|
|upkeep
|
|t:|1757856341
|switch|p1b: Overqwil|Overqwil, L50, F|100/100
|turn|6
|
|t:|1757856358
|switch|p1a: Pelipper|Pelipper, L50, F|38/100 psn
|-weather|RainDance|[from] ability: Drizzle|[of] p1a: Pelipper
|move|p2b: Ursaluna|Vacuum Wave|p1b: Overqwil
|-damage|p1b: Overqwil|77/100
|move|p1b: Overqwil|Crunch|p2b: Ursaluna
|-damage|p2b: Ursaluna|0 fnt
|faint|p2b: Ursaluna
|move|p2a: Dragapult|Dragon Darts|p1b: Overqwil
|-damage|p1b: Overqwil|33/100
|-anim|p2a: Dragapult|Dragon Darts|p1a: Pelipper
|-damage|p1a: Pelipper|0 fnt
|faint|p1a: Pelipper
|
|-weather|RainDance|[upkeep]
|upkeep
|
|t:|1757856373
|switch|p1a: Annihilape|Annihilape, L50, F|28/100
|switch|p2b: Annihilape|Annihilape, L50, M|10/100
|turn|7
|
|t:|1757856386
|move|p1b: Overqwil|Crunch|p2a: Dragapult
|-supereffective|p2a: Dragapult
|-damage|p2a: Dragapult|0 fnt
|faint|p2a: Dragapult
|move|p1a: Annihilape|Rage Fist|p2b: Annihilape
|-supereffective|p2b: Annihilape
|-damage|p2b: Annihilape|0 fnt
|faint|p2b: Annihilape
|
|win|IshtarVGC26
||ryanpowneyissoslay is ready for game 3.
|inactive|IshtarVGC26 has 30 seconds to confirm battle start!
||IshtarVGC26 is ready for game 3.
|uhtml|next|Next: Game 3 of 3
