|j|☆tomnumbers
|j|☆mzasquare
|html|tomnumbersmzasquare    
|uhtml|bestof|Game 2 of a best-of-3
|t:|1756230682
|gametype|doubles
|player|p1|tomnumbers|gambler|1251
|player|p2|mzasquare|worker-gen4|1160
|gen|9
|tier|[Gen 9] VGC 2025 Reg H (Bo3)
|rated|
|rule|Species Clause: Limit one of each Pokémon
|rule|Item Clause: Limit 1 of each item
|clearpoke
|poke|p1|Electabuzz, L50, M|
|poke|p1|Volcarona, L50, M|
|poke|p1|Dragonite, L50, F|
|poke|p1|Rillaboom, L50, M|
|poke|p1|Gholdengo, L50|
|poke|p1|Ursaluna-Bloodmoon, L50, M|
|poke|p2|Sneasler, L50, F|
|poke|p2|Indeedee, L50, M|
|poke|p2|Volcarona, L50, F|
|poke|p2|Ursaluna-Bloodmoon, L50, M|
|poke|p2|Annihilape, L50, M|
|poke|p2|Tyranitar, L50, M|
|teampreview|4
|showteam|p1|Electabuzz||Eviolite|VitalSpirit|Electroweb,FollowMe,Taunt,Protect|||M|||50|,,,,,Dragon]Volcarona||Leftovers|FlameBody|HeatWave,TeraBlast,QuiverDance,Protect|||M|||50|,,,,,Fairy]Dragonite||LoadedDice|Multiscale|ScaleShot,ExtremeSpeed,Tailwind,Protect|||F|||50|,,,,,Fairy]Rillaboom||AssaultVest|GrassySurge|FakeOut,WoodHammer,GrassyGlide,HighHorsepower|||M|||50|,,,,,Fire]Gholdengo||GrassySeed|GoodasGold|NastyPlot,MakeItRain,ShadowBall,Protect||||||50|,,,,,Water]Ursaluna-Bloodmoon||LifeOrb|MindsEye|BloodMoon,HyperVoice,EarthPower,Protect|||M|||50|,,,,,Normal
|showteam|p2|Sneasler||PsychicSeed|Unburden|CloseCombat,DireClaw,ThroatChop,Protect|||F|||50|,,,,,Dark]Indeedee||ChoiceScarf|PsychicSurge|ExpandingForce,TeraBlast,Trick,Protect|||M|||50|,,,,,Psychic]Volcarona||SitrusBerry|FlameBody|Overheat,StruggleBug,RagePowder,Tailwind|||F|||50|,,,,,Grass]Ursaluna-Bloodmoon||LifeOrb|MindsEye|BloodMoon,HyperVoice,EarthPower,Protect|||M|||50|,,,,,Normal]Annihilape||SafetyGoggles|Defiant|CloseCombat,RageFist,Taunt,FinalGambit|||M|||50|,,,,,Fairy]Tyranitar||AssaultVest|SandStream|RockSlide,KnockOff,TeraBlast,LowKick|||M|||50|,,,,,Flying
|inactive|Battle timer is ON: inactive players will automatically lose when time's up. (requested by tomnumbers)
|inactive|mzasquare has 60 seconds left.
|
|t:|1756230716
|teamsize|p1|4
|teamsize|p2|4
|start
|switch|p1a: Electabuzz|Electabuzz, L50, M|100/100
|switch|p1b: Dragonite|Dragonite, L50, F|100/100
|switch|p2a: Annihilape|Annihilape, L50, M|100/100
|switch|p2b: Volcarona|Volcarona, L50, F|100/100
|turn|1
|
|t:|1756230738
|move|p1b: Dragonite|Protect|p1b: Dragonite
|-singleturn|p1b: Dragonite|Protect
|move|p2b: Volcarona|Tailwind|p2b: Volcarona
|-sidestart|p2: mzasquare|move: Tailwind
|move|p2a: Annihilape|Rage Fist|p1a: Electabuzz
|-damage|p1a: Electabuzz|81/100
|move|p1a: Electabuzz|Taunt|p2b: Volcarona
|-start|p2b: Volcarona|move: Taunt
|
|upkeep
|turn|2
|inactive|tomnumbers has 30 seconds left.
|
|t:|1756230768
|move|p1a: Electabuzz|Follow Me|p1a: Electabuzz
|-singleturn|p1a: Electabuzz|move: Follow Me
|move|p2b: Volcarona|Struggle Bug|p1a: Electabuzz|[spread] p1a,p1b
|-resisted|p1b: Dragonite
|-damage|p1a: Electabuzz|67/100
|-damage|p1b: Dragonite|96/100
|-unboost|p1a: Electabuzz|spa|1
|-unboost|p1b: Dragonite|spa|1
|move|p2a: Annihilape|Taunt|p1a: Electabuzz
|-start|p1a: Electabuzz|move: Taunt
|move|p1b: Dragonite|Tailwind|p1b: Dragonite
|-sidestart|p1: tomnumbers|move: Tailwind
|
|upkeep
|turn|3
|inactive|tomnumbers has 30 seconds left.
|
|t:|1756230795
|switch|p1a: Rillaboom|Rillaboom, L50, M|100/100
|-fieldstart|move: Grassy Terrain|[from] ability: Grassy Surge|[of] p1a: Rillaboom
|move|p2b: Volcarona|Struggle Bug|p1a: Rillaboom|[spread] p1a,p1b
|-supereffective|p1a: Rillaboom
|-resisted|p1b: Dragonite
|-damage|p1a: Rillaboom|73/100
|-damage|p1b: Dragonite|87/100
|-unboost|p1a: Rillaboom|spa|1
|-unboost|p1b: Dragonite|spa|1
|move|p2a: Annihilape|Final Gambit|p1b: Dragonite
|-damage|p1b: Dragonite|0 fnt
|faint|p2a: Annihilape
|faint|p1b: Dragonite
|
|-heal|p1a: Rillaboom|79/100|[from] Grassy Terrain
|upkeep
|
|t:|1756230809
|switch|p2a: Tyranitar|Tyranitar, L50, M|100/100
|switch|p1b: Ursaluna|Ursaluna-Bloodmoon, L50, M|100/100
|-weather|Sandstorm|[from] ability: Sand Stream|[of] p2a: Tyranitar
|turn|4
|inactive|mzasquare has 30 seconds left.
|inactive|tomnumbers has 30 seconds left.
|inactive|mzasquare has 20 seconds left.
|inactive|mzasquare has 15 seconds left.
|inactive|tomnumbers has 20 seconds left.
|inactive|mzasquare has 10 seconds left.
|inactive|tomnumbers has 15 seconds left.
|
|t:|1756230860
|move|p1a: Rillaboom|Fake Out|p2b: Volcarona
|-damage|p2b: Volcarona|84/100
|cant|p2b: Volcarona|flinch
|move|p1b: Ursaluna|Blood Moon|p2b: Volcarona
|-damage|p2b: Volcarona|0 fnt
|faint|p2b: Volcarona
|-damage|p1b: Ursaluna|91/100|[from] item: Life Orb
|move|p2a: Tyranitar|Knock Off|p1a: Rillaboom
|-damage|p1a: Rillaboom|25/100
|-enditem|p1a: Rillaboom|Assault Vest|[from] move: Knock Off|[of] p2a: Tyranitar
|
|-weather|Sandstorm|[upkeep]
|-damage|p1a: Rillaboom|20/100|[from] Sandstorm
|-heal|p1a: Rillaboom|25/100|[from] Grassy Terrain
|-heal|p1b: Ursaluna|97/100|[from] Grassy Terrain
|-sideend|p2: mzasquare|move: Tailwind
|upkeep
|
|t:|1756230879
|switch|p2b: Ursaluna|Ursaluna-Bloodmoon, L50, M|100/100
|turn|5
|
|t:|1756230899
|switch|p1a: Electabuzz|Electabuzz, L50, M|67/100
|-terastallize|p2a: Tyranitar|Flying
|move|p1b: Ursaluna|Protect|p1b: Ursaluna
|-singleturn|p1b: Ursaluna|Protect
|move|p2b: Ursaluna|Protect|p2b: Ursaluna
|-singleturn|p2b: Ursaluna|Protect
|move|p2a: Tyranitar|Tera Blast|p1a: Electabuzz|[anim] Tera Blast Flying
|-resisted|p1a: Electabuzz
|-damage|p1a: Electabuzz|46/100
|
|-weather|Sandstorm|[upkeep]
|-damage|p1a: Electabuzz|41/100|[from] Sandstorm
|-damage|p2a: Tyranitar|95/100|[from] Sandstorm
|-heal|p1a: Electabuzz|46/100|[from] Grassy Terrain
|-heal|p1b: Ursaluna|100/100|[from] Grassy Terrain
|-sideend|p1: tomnumbers|move: Tailwind
|upkeep
|turn|6
|inactive|tomnumbers has 30 seconds left.
|
|t:|1756230929
|-terastallize|p1b: Ursaluna|Normal
|move|p1a: Electabuzz|Follow Me|p1a: Electabuzz
|-singleturn|p1a: Electabuzz|move: Follow Me
|move|p1b: Ursaluna|Hyper Voice|p2b: Ursaluna|[spread] p2a,p2b
|-damage|p2a: Tyranitar|53/100
|-damage|p2b: Ursaluna|8/100
|-damage|p1b: Ursaluna|91/100|[from] item: Life Orb
|move|p2b: Ursaluna|Hyper Voice|p1a: Electabuzz|[spread] p1a,p1b
|-damage|p1a: Electabuzz|6/100
|-damage|p1b: Ursaluna|25/100
|-damage|p2b: Ursaluna|0 fnt|[from] item: Life Orb
|faint|p2b: Ursaluna
|move|p2a: Tyranitar|Rock Slide|p1a: Electabuzz|[spread] p1a,p1b
|-damage|p1a: Electabuzz|0 fnt
|-damage|p1b: Ursaluna|0 fnt
|faint|p1a: Electabuzz
|faint|p1b: Ursaluna
|
|-weather|Sandstorm|[upkeep]
|-damage|p2a: Tyranitar|47/100|[from] Sandstorm
|upkeep
|
|t:|1756230939
|switch|p1a: Rillaboom|Rillaboom, L50, M|25/100
|turn|7
|
|t:|1756230950
|move|p1a: Rillaboom|Wood Hammer|p2a: Tyranitar
|-resisted|p2a: Tyranitar
|-damage|p2a: Tyranitar|18/100
|-damage|p1a: Rillaboom|16/100|[from] Recoil
|move|p2a: Tyranitar|Tera Blast|p1a: Rillaboom|[anim] Tera Blast Flying
|-supereffective|p1a: Rillaboom
|-damage|p1a: Rillaboom|0 fnt
|faint|p1a: Rillaboom
|
|win|mzasquare
|raw|tomnumbers's rating: 1251 → 1220(-31 for losing)
|raw|mzasquare's rating: 1160 → 1191(+31 for winning)
