|j|☆poison mouse
|j|☆Rimuro VGC
|html|poison mouseRimuro VGC    
|uhtml|bestof|Game 1 of a best-of-3
|t:|1784880342
|gametype|doubles
|player|p1|poison mouse|tate|1414
|player|p2|Rimuro VGC|volkner|1300
|gen|9
|tier|[Gen 9 Champions] VGC 2026 Reg M-B (Bo3)
|rated|
|rule|Species Clause: Limit one of each Pokémon
|rule|Item Clause: Limit 1 of each item
|clearpoke
|poke|p1|Tyranitar, L50, M|
|poke|p1|Excadrill, L50, M|
|poke|p1|Milotic, L50, M|
|poke|p1|Sinistcha, L50|
|poke|p1|Staraptor, L50, F|
|poke|p1|Gholdengo, L50|
|poke|p2|Gardevoir, L50, F, shiny|
|poke|p2|Charizard, L50, F|
|poke|p2|Venusaur, L50, M|
|poke|p2|Garchomp, L50, F|
|poke|p2|Mawile, L50, F, shiny|
|poke|p2|Whimsicott, L50, F|
|teampreview|4
|showteam|p1|Tyranitar||Tyranitarite|SandStream|KnockOff,RockSlide,HighHorsepower,Protect|Jolly||M|||50|]Excadrill||FocusSash|SandRush|Earthquake,IronHead,RockSlide,Protect|Adamant||M|||50|]Milotic||SitrusBerry|Competitive|Scald,IcyWind,IceBeam,Protect|Calm||M|||50|]Sinistcha||ColburBerry|Hospitality|MatchaGotcha,ShadowBall,Protect,RagePowder|Bold|||||50|]Staraptor||Staraptite|Intimidate|CloseCombat,BraveBird,Tailwind,Protect|Jolly||F|||50|]Gholdengo||LifeOrb|GoodasGold|MakeItRain,ShadowBall,NastyPlot,Protect|Modest|||||50|
|showteam|p2|Gardevoir||FocusSash|Trace|Psychic,Moonblast,TrickRoom,Protect|Modest||F|||50|]Charizard||CharizarditeY|SolarPower|HeatWave,Protect,AirSlash,AncientPower|Modest||F|||50|]Venusaur||Leftovers|Chlorophyll|EnergyBall,SludgeBomb,SleepPowder,Protect|Modest||M|||50|]Garchomp||LifeOrb|RoughSkin|RockSlide,Outrage,Earthquake,Protect|Adamant||F|||50|]Mawile||Mawilite|Intimidate|PlayRough,IronHead,SwordsDance,Protect|Brave||F|||50|]Whimsicott||MentalHerb|Prankster|Tailwind,Protect,Moonblast,Taunt|Modest||F|||50|
|inactive|Battle timer is ON: inactive players will automatically lose when time's up. (requested by Rimuro VGC)
|
|t:|1784880384
|teamsize|p1|4
|teamsize|p2|4
|start
|switch|p1a: Tyranitar|Tyranitar, L50, M|100/100
|switch|p1b: Milotic|Milotic, L50, M|100/100
|switch|p2a: Whimsicott|Whimsicott, L50, F|100/100
|switch|p2b: Charizard|Charizard, L50, F|100/100
|-weather|Sandstorm|[from] ability: Sand Stream|[of] p1a: Tyranitar
|turn|1
|
|t:|1784880398
|switch|p2b: Venusaur|Venusaur, L50, M|100/100
|move|p2a: Whimsicott|Taunt|p1b: Milotic
|-start|p1b: Milotic|move: Taunt
|move|p1a: Tyranitar|Rock Slide|p2a: Whimsicott|[spread] p2a,p2b
|-damage|p2a: Whimsicott|65/100
|-damage|p2b: Venusaur|71/100
|move|p1b: Milotic|Icy Wind|p2b: Venusaur|[spread] p2b
|-miss|p1b: Milotic|p2a: Whimsicott
|-supereffective|p2b: Venusaur|1
|-damage|p2b: Venusaur|52/100
|-unboost|p2b: Venusaur|spe|1
|
|-weather|Sandstorm|[upkeep]
|-damage|p2a: Whimsicott|59/100|[from] Sandstorm
|-damage|p1b: Milotic|94/100|[from] Sandstorm
|-damage|p2b: Venusaur|47/100|[from] Sandstorm
|-heal|p2b: Venusaur|52/100|[from] item: Leftovers
|upkeep
|turn|2
|
|t:|1784880417
|switch|p1a: Sinistcha|Sinistcha, L50|100/100
|-heal|p1b: Milotic|100/100|[from] ability: Hospitality|[of] p1a: Sinistcha
|switch|p1b: Gholdengo|Gholdengo, L50|100/100
|move|p2a: Whimsicott|Tailwind|p2a: Whimsicott
|-sidestart|p2: Rimuro VGC|move: Tailwind
|move|p2b: Venusaur|Energy Ball|p1b: Gholdengo
|-resisted|p1b: Gholdengo|1
|-damage|p1b: Gholdengo|79/100
|
|-weather|Sandstorm|[upkeep]
|-damage|p2a: Whimsicott|53/100|[from] Sandstorm
|-damage|p2b: Venusaur|47/100|[from] Sandstorm
|-damage|p1a: Sinistcha|94/100|[from] Sandstorm
|-heal|p2b: Venusaur|52/100|[from] item: Leftovers
|upkeep
|turn|3
|
|t:|1784880434
|switch|p2b: Garchomp|Garchomp, L50, F|100/100
|move|p2a: Whimsicott|Protect|p2a: Whimsicott
|-singleturn|p2a: Whimsicott|Protect
|move|p1a: Sinistcha|Protect|p1a: Sinistcha
|-singleturn|p1a: Sinistcha|Protect
|move|p1b: Gholdengo|Make It Rain|p2a: Whimsicott|[spread] p2b
|-activate|p2a: Whimsicott|move: Protect
|-damage|p2b: Garchomp|49/100
|-unboost|p1b: Gholdengo|spa|2
|-damage|p1b: Gholdengo|70/100|[from] item: Life Orb
|
|-weather|Sandstorm|[upkeep]
|-damage|p2a: Whimsicott|47/100|[from] Sandstorm
|-damage|p1a: Sinistcha|88/100|[from] Sandstorm
|upkeep
|turn|4
|
|t:|1784880443
|switch|p2a: Charizard|Charizard, L50, F|100/100
|switch|p1b: Milotic|Milotic, L50, M|100/100
|move|p2b: Garchomp|Earthquake|p1b: Milotic|[spread] p1a,p1b
|-immune|p2a: Charizard
|-resisted|p1a: Sinistcha|1
|-damage|p1a: Sinistcha|66/100
|-damage|p1b: Milotic|48/100
|-enditem|p1b: Milotic|Sitrus Berry|[eat]
|-heal|p1b: Milotic|73/100|[from] item: Sitrus Berry
|-damage|p2b: Garchomp|39/100|[from] item: Life Orb
|move|p1a: Sinistcha|Matcha Gotcha|p2b: Garchomp|[spread] p2a,p2b
|-resisted|p2a: Charizard|2
|-damage|p2a: Charizard|93/100
|-heal|p1a: Sinistcha|70/100|[from] drain|[of] p2a: Charizard
|-damage|p2b: Garchomp|18/100
|-heal|p1a: Sinistcha|83/100|[from] drain|[of] p2b: Garchomp
|
|-weather|Sandstorm|[upkeep]
|-damage|p2a: Charizard|87/100|[from] Sandstorm
|-damage|p1b: Milotic|67/100|[from] Sandstorm
|-damage|p1a: Sinistcha|77/100|[from] Sandstorm
|upkeep
|turn|5
|inactive|poison mouse has 30 seconds left.
|inactive|poison mouse has 20 seconds left.
|
|t:|1784880481
|move|p1a: Sinistcha|Protect|p1a: Sinistcha
|-singleturn|p1a: Sinistcha|Protect
|move|p2b: Garchomp|Earthquake|p1a: Sinistcha|[spread] p1b
|-activate|p1a: Sinistcha|move: Protect
|-immune|p2a: Charizard
|-damage|p1b: Milotic|11/100
|-damage|p2b: Garchomp|8/100|[from] item: Life Orb
|move|p2a: Charizard|Air Slash|p1b: Milotic
|-damage|p1b: Milotic|0 fnt
|faint|p1b: Milotic
|
|-weather|none
|-sideend|p2: Rimuro VGC|move: Tailwind
|upkeep
|
|t:|1784880495
|switch|p1b: Tyranitar|Tyranitar, L50, M|100/100
|-weather|Sandstorm|[from] ability: Sand Stream|[of] p1b: Tyranitar
|turn|6
|
|t:|1784880508
|switch|p1a: Gholdengo|Gholdengo, L50|70/100
|detailschange|p1b: Tyranitar|Tyranitar-Mega, L50, M
|-mega|p1b: Tyranitar|Tyranitar|Tyranitarite
|move|p2a: Charizard|Protect|p2a: Charizard
|-singleturn|p2a: Charizard|Protect
|move|p1b: Tyranitar|Rock Slide|p2b: Garchomp|[spread] 
|-activate|p2a: Charizard|move: Protect
|-miss|p1b: Tyranitar|p2b: Garchomp
|move|p2b: Garchomp|Earthquake|p1a: Gholdengo|[spread] p1a,p1b
|-activate|p2a: Charizard|move: Protect
|-supereffective|p1a: Gholdengo|1
|-supereffective|p1b: Tyranitar|1
|-damage|p1a: Gholdengo|0 fnt
|-damage|p1b: Tyranitar|21/100
|faint|p1a: Gholdengo
|-damage|p2b: Garchomp|0 fnt|[from] item: Life Orb
|faint|p2b: Garchomp
|
|-weather|Sandstorm|[upkeep]
|-damage|p2a: Charizard|81/100|[from] Sandstorm
|upkeep
|
|t:|1784880525
|switch|p2b: Venusaur|Venusaur, L50, M|52/100
|switch|p1a: Sinistcha|Sinistcha, L50|77/100
|-heal|p1b: Tyranitar|46/100|[from] ability: Hospitality|[of] p1a: Sinistcha
|turn|7
|-message|poison mouse forfeited.
|
|win|Rimuro VGC
||poison mouse is ready for game 2.
||Rimuro VGC is ready for game 2.
|uhtml|next|Next: Game 2 of 3
|l|☆Rimuro VGC
|player|p2|
