|j|☆stittur##-
|j|☆colemarcusvgc
|html|stittur##-colemarcusvgc    
|uhtml|bestof|Game 1 of a best-of-3
|t:|1757051204
|gametype|doubles
|player|p1|stittur##-|266|1059
|player|p2|colemarcusvgc|n|1132
|gen|9
|tier|[Gen 9] VGC 2025 Reg H (Bo3)
|rated|
|rule|Species Clause: Limit one of each Pokémon
|rule|Item Clause: Limit 1 of each item
|clearpoke
|poke|p1|Amoonguss, L50, M|
|poke|p1|Farigiraf, L50, F|
|poke|p1|Hydreigon, L50, M|
|poke|p1|Annihilape, L50, F|
|poke|p1|Arcanine-Hisui, L50, F|
|poke|p1|Whimsicott, L50, F|
|poke|p2|Indeedee-F, L50, F|
|poke|p2|Hatterene, L50, F|
|poke|p2|Gallade, L50, M|
|poke|p2|Ursaluna, L50, M|
|poke|p2|Lilligant-Hisui, L50, F|
|poke|p2|Torkoal, L50, M|
|teampreview|4
|showteam|p1|Amoonguss||CovertCloak|Regenerator|RagePowder,ClearSmog,Protect,Spore|||M|||50|,,,,,Water]Farigiraf||SitrusBerry|ArmorTail|TrickRoom,Protect,DazzlingGleam,AllySwitch|||F|||50|,,,,,Fairy]Hydreigon||ChoiceSpecs|Levitate|DarkPulse,EarthPower,FlashCannon,HeatWave|||M|||50|,,,,,Steel]Annihilape||Leftovers|Defiant|DrainPunch,Protect,RageFist,BulkUp|||F|||50|,,,,,Water]Arcanine-Hisui||LifeOrb|RockHead|ExtremeSpeed,CloseCombat,Protect,FlareBlitz|||F|||50|,,,,,Stellar]Whimsicott||FocusSash|Prankster|Tailwind,SunnyDay,Protect,Encore|||F|||50|,,,,,Grass
|showteam|p2|Indeedee-F||PsychicSeed|PsychicSurge|TrickRoom,FollowMe,HelpingHand,DazzlingGleam|||F|||50|,,,,,Fire]Hatterene||LifeOrb|MagicBounce|ExpandingForce,TrickRoom,DazzlingGleam,Protect|||F|||50|,,,,,Psychic]Gallade||ClearAmulet|Sharpness|PsychoCut,TrickRoom,SacredSword,WideGuard|||M|||50|,,,,,Grass]Ursaluna||FlameOrb|Guts|HeadlongRush,Facade,SwordsDance,Protect|||M|||50|,,,,,Ghost]Lilligant-Hisui||FocusSash|Chlorophyll|SolarBlade,SleepPowder,CloseCombat,AfterYou|||F|||50|,,,,,Ghost]Torkoal||ChoiceSpecs|Drought|Eruption,HeatWave,WeatherBall,EarthPower|||M|||50|,,,,,Fire
|inactive|Battle timer is ON: inactive players will automatically lose when time's up. (requested by colemarcusvgc)
|inactive|stittur##- has 60 seconds left.
|
|t:|1757051265
|teamsize|p1|4
|teamsize|p2|4
|start
|switch|p1a: Hydreigon|Hydreigon, L50, M|100/100
|switch|p1b: Arcanine|Arcanine-Hisui, L50, F|100/100
|switch|p2a: Lilligant|Lilligant-Hisui, L50, F|100/100
|switch|p2b: Torkoal|Torkoal, L50, M|100/100
|-weather|SunnyDay|[from] ability: Drought|[of] p2b: Torkoal
|turn|1
|inactive|stittur##- has 30 seconds left.
|inactive|colemarcusvgc has 30 seconds left.
|inactive|colemarcusvgc has 20 seconds left.
|
|t:|1757051300
|-terastallize|p1b: Arcanine|Stellar
|move|p1b: Arcanine|Extreme Speed|p2b: Torkoal
|-damage|p2b: Torkoal|67/100
|-damage|p1b: Arcanine|91/100|[from] item: Life Orb
|move|p2a: Lilligant|Solar Blade||[still]
|-prepare|p2a: Lilligant|Solar Blade
|-anim|p2a: Lilligant|Solar Blade|p1b: Arcanine
|-damage|p1b: Arcanine|26/100
|move|p1a: Hydreigon|Earth Power|p2b: Torkoal
|-supereffective|p2b: Torkoal
|-damage|p2b: Torkoal|0 fnt
|faint|p2b: Torkoal
|
|-weather|SunnyDay|[upkeep]
|upkeep
|
|t:|1757051315
|switch|p2b: Gallade|Gallade, L50, M, shiny|100/100
|turn|2
|inactive|stittur##- has 30 seconds left.
|inactive|colemarcusvgc has 30 seconds left.
|
|t:|1757051349
|switch|p1a: Amoonguss|Amoonguss, L50, M|100/100
|move|p2a: Lilligant|Solar Blade||[still]
|-prepare|p2a: Lilligant|Solar Blade
|-anim|p2a: Lilligant|Solar Blade|p1b: Arcanine
|-damage|p1b: Arcanine|0 fnt
|faint|p1b: Arcanine
|move|p2b: Gallade|Trick Room|p2b: Gallade
|-fieldstart|move: Trick Room|[of] p2b: Gallade
|
|-weather|SunnyDay|[upkeep]
|upkeep
|
|t:|1757051359
|switch|p1b: Whimsicott|Whimsicott, L50, F|100/100
|turn|3
|inactive|colemarcusvgc has 30 seconds left.
|
|t:|1757051389
|switch|p2a: Indeedee|Indeedee-F, L50, F|100/100
|-fieldstart|move: Psychic Terrain|[from] ability: Psychic Surge|[of] p2a: Indeedee
|-enditem|p2a: Indeedee|Psychic Seed
|-boost|p2a: Indeedee|spd|1|[from] item: Psychic Seed
|-terastallize|p2b: Gallade|Grass
|move|p1a: Amoonguss|Protect|p1a: Amoonguss
|-singleturn|p1a: Amoonguss|Protect
|move|p1b: Whimsicott|Encore|p2b: Gallade
|-activate|p2b: Gallade|move: Psychic Terrain
|move|p2b: Gallade|Sacred Sword|p1a: Amoonguss
|-activate|p1a: Amoonguss|move: Protect
|
|-weather|SunnyDay|[upkeep]
|upkeep
|turn|4
|
|t:|1757051414
|move|p1b: Whimsicott|Encore|p2b: Gallade
|-activate|p2b: Gallade|move: Psychic Terrain
|move|p1a: Amoonguss|Spore|p2a: Indeedee
|-status|p2a: Indeedee|slp|[from] move: Spore
|cant|p2a: Indeedee|slp
|move|p2b: Gallade|Sacred Sword|p1a: Amoonguss
|-resisted|p1a: Amoonguss
|-damage|p1a: Amoonguss|62/100
|
|-weather|SunnyDay|[upkeep]
|upkeep
|turn|5
|
|t:|1757051430
|move|p1b: Whimsicott|Protect|p1b: Whimsicott
|-singleturn|p1b: Whimsicott|Protect
|move|p1a: Amoonguss|Protect|p1a: Amoonguss
|-singleturn|p1a: Amoonguss|Protect
|cant|p2a: Indeedee|slp
|move|p2b: Gallade|Psycho Cut|p1a: Amoonguss
|-activate|p1a: Amoonguss|move: Protect
|
|-weather|none
|upkeep
|turn|6
|
|t:|1757051446
|switch|p1a: Hydreigon|Hydreigon, L50, M|100/100
|-curestatus|p2a: Indeedee|slp|[msg]
|move|p2a: Indeedee|Helping Hand|p2b: Gallade
|-singleturn|p2b: Gallade|Helping Hand|[of] p2a: Indeedee
|move|p1b: Whimsicott|Sunny Day|p1b: Whimsicott
|-weather|SunnyDay
|move|p2b: Gallade|Psycho Cut|p1a: Hydreigon
|-immune|p1a: Hydreigon
|
|-weather|SunnyDay|[upkeep]
|-fieldend|move: Trick Room
|upkeep
|turn|7
|
|t:|1757051466
|move|p1b: Whimsicott|Tailwind|p1b: Whimsicott
|-sidestart|p1: stittur##-|move: Tailwind
|move|p1a: Hydreigon|Heat Wave|p2b: Gallade|[spread] p2b
|-miss|p1a: Hydreigon|p2a: Indeedee
|-supereffective|p2b: Gallade
|-damage|p2b: Gallade|0 fnt
|faint|p2b: Gallade
|move|p2a: Indeedee|Dazzling Gleam|p1b: Whimsicott|[spread] p1a,p1b
|-supereffective|p1a: Hydreigon
|-damage|p1a: Hydreigon|43/100
|-damage|p1b: Whimsicott|83/100
|
|-weather|SunnyDay|[upkeep]
|-fieldend|move: Psychic Terrain
|upkeep
|
|t:|1757051478
|switch|p2b: Lilligant|Lilligant-Hisui, L50, F|100/100
|turn|8
|
|t:|1757051498
|switch|p1a: Amoonguss|Amoonguss, L50, M|95/100
|move|p1b: Whimsicott|Encore|p2a: Indeedee
|-start|p2a: Indeedee|Encore
|move|p2b: Lilligant|Solar Blade||[still]
|-prepare|p2b: Lilligant|Solar Blade
|-anim|p2b: Lilligant|Solar Blade|p1a: Amoonguss
|-resisted|p1a: Amoonguss
|-damage|p1a: Amoonguss|81/100
|move|p2a: Indeedee|Dazzling Gleam|p1b: Whimsicott|[spread] p1a,p1b
|-resisted|p1a: Amoonguss
|-damage|p1a: Amoonguss|76/100
|-damage|p1b: Whimsicott|65/100
|
|-weather|SunnyDay|[upkeep]
|upkeep
|turn|9
|
|t:|1757051514
|move|p1b: Whimsicott|Encore|p2b: Lilligant
|-start|p2b: Lilligant|Encore
|move|p2b: Lilligant|Solar Blade||[still]
|-prepare|p2b: Lilligant|Solar Blade
|-anim|p2b: Lilligant|Solar Blade|p1a: Amoonguss
|-resisted|p1a: Amoonguss
|-damage|p1a: Amoonguss|63/100
|move|p1a: Amoonguss|Clear Smog|p2b: Lilligant
|-supereffective|p2b: Lilligant
|-damage|p2b: Lilligant|55/100
|-clearboost|p2b: Lilligant
|move|p2a: Indeedee|Dazzling Gleam|p1b: Whimsicott|[spread] p1a,p1b
|-resisted|p1a: Amoonguss
|-damage|p1a: Amoonguss|58/100
|-damage|p1b: Whimsicott|47/100
|
|-weather|SunnyDay|[upkeep]
|upkeep
|turn|10
|
|t:|1757051536
|move|p1b: Whimsicott|Protect|p1b: Whimsicott
|-singleturn|p1b: Whimsicott|Protect
|move|p2b: Lilligant|Solar Blade||[still]
|-prepare|p2b: Lilligant|Solar Blade
|-anim|p2b: Lilligant|Solar Blade|p1b: Whimsicott
|-activate|p1b: Whimsicott|move: Protect
|move|p1a: Amoonguss|Clear Smog|p2b: Lilligant
|-supereffective|p2b: Lilligant
|-damage|p2b: Lilligant|9/100
|-clearboost|p2b: Lilligant
|move|p2a: Indeedee|Dazzling Gleam|p1a: Amoonguss|[spread] p1a
|-activate|p1b: Whimsicott|move: Protect
|-resisted|p1a: Amoonguss
|-damage|p1a: Amoonguss|54/100
|
|-weather|none
|-end|p2a: Indeedee|Encore
|-sideend|p1: stittur##-|move: Tailwind
|upkeep
|turn|11
|inactive|stittur##- has 30 seconds left.
|inactive|stittur##- has 20 seconds left.
|
|t:|1757051573
|move|p1b: Whimsicott|Tailwind|p1b: Whimsicott
|-sidestart|p1: stittur##-|move: Tailwind
|move|p2b: Lilligant|Solar Blade||[still]
|-prepare|p2b: Lilligant|Solar Blade
|move|p1a: Amoonguss|Spore|p2a: Indeedee
|-status|p2a: Indeedee|slp|[from] move: Spore
|cant|p2a: Indeedee|slp
|
|-end|p2b: Lilligant|Encore
|upkeep
|turn|12
|inactive|stittur##- has 30 seconds left.
|
|t:|1757051598
|move|p1b: Whimsicott|Protect|p1b: Whimsicott
|-singleturn|p1b: Whimsicott|Protect
|-curestatus|p2a: Indeedee|slp|[msg]
|move|p2a: Indeedee|Helping Hand|p2b: Lilligant
|-singleturn|p2b: Lilligant|Helping Hand|[of] p2a: Indeedee
|move|p2b: Lilligant|Solar Blade|p1a: Amoonguss|[from] lockedmove
|-resisted|p1a: Amoonguss
|-damage|p1a: Amoonguss|34/100
|move|p1a: Amoonguss|Clear Smog|p2b: Lilligant
|-supereffective|p2b: Lilligant
|-damage|p2b: Lilligant|0 fnt
|-clearboost|p2b: Lilligant
|faint|p2b: Lilligant
|
|upkeep
|turn|13
|
|t:|1757051618
|move|p1b: Whimsicott|Encore|p2a: Indeedee
|-start|p2a: Indeedee|Encore
|move|p1a: Amoonguss|Clear Smog|p2a: Indeedee
|-damage|p2a: Indeedee|90/100
|-clearboost|p2a: Indeedee
|move|p2a: Indeedee|Helping Hand|null|[notarget]
|-fail|p2a: Indeedee
|
|upkeep
|turn|14
|
|t:|1757051628
|switch|p1a: Hydreigon|Hydreigon, L50, M|43/100
|move|p2a: Indeedee|Helping Hand|p2: Lilligant|[notarget]
|-fail|p2a: Indeedee
|move|p1b: Whimsicott|Sunny Day|p1b: Whimsicott
|-weather|SunnyDay
|
|-weather|SunnyDay|[upkeep]
|-sideend|p1: stittur##-|move: Tailwind
|upkeep
|turn|15
|
|t:|1757051639
|move|p2a: Indeedee|Helping Hand|p2: Lilligant|[notarget]
|-fail|p2a: Indeedee
|move|p1b: Whimsicott|Tailwind|p1b: Whimsicott
|-sidestart|p1: stittur##-|move: Tailwind
|move|p1a: Hydreigon|Heat Wave|p2a: Indeedee
|-damage|p2a: Indeedee|17/100
|
|-weather|SunnyDay|[upkeep]
|-end|p2a: Indeedee|Encore
|upkeep
|turn|16
|
|t:|1757051652
|move|p1b: Whimsicott|Encore|p2a: Indeedee
|-start|p2a: Indeedee|Encore
|move|p1a: Hydreigon|Heat Wave|p2a: Indeedee
|-damage|p2a: Indeedee|0 fnt
|faint|p2a: Indeedee
|
|win|stittur##-
