|j|☆viatles
|j|☆blitz-blitz
|html|viatlesblitz-blitz    
|uhtml|bestof|Game 2 of a best-of-3
|t:|1783961061
|gametype|doubles
|player|p1|viatles|hiker|1144
|player|p2|blitz-blitz|169|1063
|gen|9
|tier|[Gen 9 Champions] VGC 2026 Reg M-B (Bo3)
|rated|
|rule|Species Clause: Limit one of each Pokémon
|rule|Item Clause: Limit 1 of each item
|clearpoke
|poke|p1|Beedrill, L50, F, shiny|
|poke|p1|Milotic, L50, M, shiny|
|poke|p1|Talonflame, L50, F, shiny|
|poke|p1|Farigiraf, L50, F|
|poke|p1|Ninetales-Alola, L50, M|
|poke|p1|Annihilape, L50, M|
|poke|p2|Empoleon, L50, M|
|poke|p2|Tyranitar, L50, F|
|poke|p2|Excadrill, L50, F|
|poke|p2|Meganium, L50, F|
|poke|p2|Spiritomb, L50, M|
|poke|p2|Incineroar, L50, F|
|teampreview|4
|showteam|p1|Beedrill||Beedrillite|Swarm|Uturn,DrillRun,PoisonJab,Protect|Jolly||F|||50|]Milotic||Leftovers|Competitive|IcyWind,Scald,Protect,LifeDew|Bold||M|||50|]Talonflame||SharpBeak|GaleWings|DualWingbeat,Tailwind,Protect,WillOWisp|Jolly||F|||50|]Farigiraf||SitrusBerry|ArmorTail|TrickRoom,Thunderbolt,TwinBeam,HelpingHand|Bold||F|||50|]Ninetales-Alola||LifeOrb|SnowWarning|Blizzard,Moonblast,Protect,FreezeDry|Timid||M|||50|]Annihilape||FocusSash|Defiant|RockTomb,CloseCombat,Protect,RageFist|Adamant||M|||50|
|showteam|p2|Empoleon||MysticWater|Competitive|FlashCannon,HydroPump,Protect,IceBeam|Modest||M|||50|]Tyranitar||Tyranitarite|SandStream|DragonDance,RockSlide,KnockOff,Protect|Adamant||F|||50|]Excadrill||FocusSash|SandRush|Earthquake,IronHead,SwordsDance,Protect|Jolly||F|||50|]Meganium||Meganiumite|LeafGuard|SolarBeam,DazzlingGleam,WeatherBall,Protect|Modest||F|||50|]Spiritomb||Leftovers|Pressure|TrickRoom,Taunt,PainSplit,NightShade|Sassy||M|||50|]Incineroar||SitrusBerry|Intimidate|Snarl,BurningJealousy,FakeOut,Protect|Sassy||F|||50|
|inactive|Battle timer is ON: inactive players will automatically lose when time's up. (requested by viatles)
|
|t:|1783961083
|teamsize|p1|4
|teamsize|p2|4
|start
|switch|p1a: Pentious|Milotic, L50, M, shiny|100/100
|switch|p1b: Farigiraf|Farigiraf, L50, F|100/100
|switch|p2a: Tyranitar|Tyranitar, L50, F|100/100
|switch|p2b: Excadrill|Excadrill, L50, F|100/100
|-weather|Sandstorm|[from] ability: Sand Stream|[of] p2a: Tyranitar
|turn|1
|
|t:|1783961103
|move|p2b: Excadrill|Swords Dance|p2b: Excadrill
|-boost|p2b: Excadrill|atk|2
|move|p1a: Pentious|Icy Wind|p2a: Tyranitar|[spread] p2a,p2b
|-damage|p2a: Tyranitar|94/100
|-damage|p2b: Excadrill|85/100
|-unboost|p2a: Tyranitar|spe|1
|-unboost|p2b: Excadrill|spe|1
|move|p2a: Tyranitar|Dragon Dance|p2a: Tyranitar
|-boost|p2a: Tyranitar|atk|1
|-boost|p2a: Tyranitar|spe|1
|move|p1b: Farigiraf|Trick Room|p1b: Farigiraf
|-fieldstart|move: Trick Room|[of] p1b: Farigiraf
|
|-weather|Sandstorm|[upkeep]
|-damage|p1b: Farigiraf|93/100|[from] Sandstorm
|-damage|p1a: Pentious|93/100|[from] Sandstorm
|-heal|p1a: Pentious|100/100|[from] item: Leftovers
|upkeep
|turn|2
|
|t:|1783961128
|switch|p1b: Ninetales|Ninetales-Alola, L50, M|100/100
|-weather|Snowscape|[from] ability: Snow Warning|[of] p1b: Ninetales
|detailschange|p2a: Tyranitar|Tyranitar-Mega, L50, F
|-mega|p2a: Tyranitar|Tyranitar|Tyranitarite
|-weather|Sandstorm|[from] ability: Sand Stream|[of] p2a: Tyranitar
|move|p2b: Excadrill|Protect|p2b: Excadrill
|-singleturn|p2b: Excadrill|Protect
|move|p2a: Tyranitar|Knock Off|p1b: Ninetales
|-resisted|p1b: Ninetales|1
|-damage|p1b: Ninetales|32/100
|-enditem|p1b: Ninetales|Life Orb|[from] move: Knock Off|[of] p2a: Tyranitar
|move|p1a: Pentious|Scald|p2b: Excadrill
|-activate|p2b: Excadrill|move: Protect
|
|-weather|Sandstorm|[upkeep]
|-damage|p1a: Pentious|93/100|[from] Sandstorm
|-damage|p1b: Ninetales|26/100|[from] Sandstorm
|-heal|p1a: Pentious|100/100|[from] item: Leftovers
|upkeep
|turn|3
|
|t:|1783961152
|move|p2a: Tyranitar|Rock Slide|p1a: Pentious|[spread] p1a,p1b
|-crit|p1a: Pentious
|-supereffective|p1b: Ninetales|1
|-damage|p1a: Pentious|34/100
|-damage|p1b: Ninetales|0 fnt
|faint|p1b: Ninetales
|move|p1a: Pentious|Scald|p2b: Excadrill
|-supereffective|p2b: Excadrill|1
|-damage|p2b: Excadrill|10/100
|-status|p2b: Excadrill|brn
|move|p2b: Excadrill|Iron Head|p1a: Pentious
|-resisted|p1a: Pentious|1
|-damage|p1a: Pentious|15/100
|
|-weather|Sandstorm|[upkeep]
|-damage|p1a: Pentious|9/100|[from] Sandstorm
|-heal|p1a: Pentious|15/100|[from] item: Leftovers
|-damage|p2b: Excadrill|4/100 brn|[from] brn
|upkeep
|
|t:|1783961169
|switch|p1b: Annihilape|Annihilape, L50, M|100/100
|turn|4
|
|t:|1783961179
|move|p1a: Pentious|Protect|p1a: Pentious
|-singleturn|p1a: Pentious|Protect
|move|p2a: Tyranitar|Knock Off|p1b: Annihilape
|-damage|p1b: Annihilape|16/100
|-enditem|p1b: Annihilape|Focus Sash|[from] move: Knock Off|[of] p2a: Tyranitar
|move|p1b: Annihilape|Close Combat|p2a: Tyranitar
|-supereffective|p2a: Tyranitar|2
|-damage|p2a: Tyranitar|0 fnt
|-unboost|p1b: Annihilape|def|1
|-unboost|p1b: Annihilape|spd|1
|faint|p2a: Tyranitar
|move|p2b: Excadrill|Earthquake|p1b: Annihilape|[spread] p1b
|-activate|p1a: Pentious|move: Protect
|-damage|p1b: Annihilape|0 fnt
|faint|p1b: Annihilape
|
|-weather|Sandstorm|[upkeep]
|-damage|p1a: Pentious|9/100|[from] Sandstorm
|-heal|p1a: Pentious|15/100|[from] item: Leftovers
|-damage|p2b: Excadrill|0 fnt|[from] brn
|faint|p2b: Excadrill
|upkeep
|
|t:|1783961199
|switch|p2a: Spiritomb|Spiritomb, L50, M|100/100
|switch|p1b: Farigiraf|Farigiraf, L50, F|93/100
|switch|p2b: Incineroar|Incineroar, L50, F|100/100
|-ability|p2a: Spiritomb|Pressure
|-ability|p2b: Incineroar|Intimidate|boost
|-unboost|p1a: Pentious|atk|1
|-ability|p1a: Pentious|Competitive|boost
|-boost|p1a: Pentious|spa|2
|-unboost|p1b: Farigiraf|atk|1
|turn|5
|
|t:|1783961213
|move|p2a: Spiritomb|Night Shade|p1a: Pentious
|-damage|p1a: Pentious|0 fnt
|faint|p1a: Pentious
|move|p2b: Incineroar|Snarl|p1b: Farigiraf
|-supereffective|p1b: Farigiraf|1
|-damage|p1b: Farigiraf|62/100
|-unboost|p1b: Farigiraf|spa|1
|move|p1b: Farigiraf|Thunderbolt|p2a: Spiritomb
|-damage|p2a: Spiritomb|85/100
|
|-weather|Sandstorm|[upkeep]
|-damage|p2a: Spiritomb|80/100|[from] Sandstorm
|-damage|p2b: Incineroar|94/100|[from] Sandstorm
|-damage|p1b: Farigiraf|56/100|[from] Sandstorm
|-heal|p2a: Spiritomb|85/100|[from] item: Leftovers
|-fieldend|move: Trick Room
|upkeep
|turn|6
|c|☆blitz-blitz|gg
|
|t:|1783961224
|move|p1b: Farigiraf|Thunderbolt|p2b: Incineroar
|-damage|p2b: Incineroar|82/100
|-status|p2b: Incineroar|par
|move|p2a: Spiritomb|Taunt|p1b: Farigiraf
|-start|p1b: Farigiraf|move: Taunt
|move|p2b: Incineroar|Snarl|p1b: Farigiraf
|-supereffective|p1b: Farigiraf|1
|-damage|p1b: Farigiraf|25/100
|-unboost|p1b: Farigiraf|spa|1
|-enditem|p1b: Farigiraf|Sitrus Berry|[eat]
|-heal|p1b: Farigiraf|50/100g|[from] item: Sitrus Berry
|
|-weather|none
|-heal|p2a: Spiritomb|91/100|[from] item: Leftovers
|upkeep
|turn|7
|
|t:|1783961239
|move|p1b: Farigiraf|Thunderbolt|p2b: Incineroar
|-damage|p2b: Incineroar|73/100 par
|move|p2a: Spiritomb|Night Shade|p1b: Farigiraf
|-immune|p1b: Farigiraf
|move|p2b: Incineroar|Snarl|p1b: Farigiraf
|-supereffective|p1b: Farigiraf|1
|-damage|p1b: Farigiraf|19/100
|-unboost|p1b: Farigiraf|spa|1
|
|-heal|p2a: Spiritomb|97/100|[from] item: Leftovers
|upkeep
|turn|8
|
|t:|1783961251
|move|p1b: Farigiraf|Thunderbolt|p2b: Incineroar
|-crit|p2b: Incineroar
|-damage|p2b: Incineroar|47/100 par
|-enditem|p2b: Incineroar|Sitrus Berry|[eat]
|-heal|p2b: Incineroar|72/100 par|[from] item: Sitrus Berry
|move|p2a: Spiritomb|Night Shade|p1b: Farigiraf
|-immune|p1b: Farigiraf
|move|p2b: Incineroar|Snarl|p1b: Farigiraf
|-supereffective|p1b: Farigiraf|1
|-damage|p1b: Farigiraf|0 fnt
|faint|p1b: Farigiraf
|
|win|blitz-blitz
|raw|viatles's rating: 1144 → 1113(-31 for losing)
|raw|blitz-blitz's rating: 1063 → 1101(+38 for winning)
|l|☆blitz-blitz
|player|p2|
|c|☆viatles|gg wp
