|j|Ōśårandomguy1114s
|j|ŌśåPursatiEvol
|html|randomguy1114sPursatiEvol    
|uhtml|bestof|Game 3 of a best-of-3
|t:|1756956606
|gametype|doubles
|player|p1|randomguy1114s|lillie-masters|1152
|player|p2|PursatiEvol|101|1249
|gen|9
|tier|[Gen 9] VGC 2025 Reg H (Bo3)
|rated|
|rule|Species Clause: Limit one of each Pok├®mon
|rule|Item Clause: Limit 1 of each item
|clearpoke
|poke|p1|Talonflame, L50, F|
|poke|p1|Garchomp, L50, F|
|poke|p1|Ursaluna-Bloodmoon, L50, M|
|poke|p1|Tyranitar, L50, M|
|poke|p1|Incineroar, L50, M|
|poke|p1|Sinistcha, L50|
|poke|p2|Sneasler, L50, F|
|poke|p2|Dragapult, L50, M|
|poke|p2|Primarina, L50, F|
|poke|p2|Rillaboom, L50, F|
|poke|p2|Kingambit, L50, F|
|poke|p2|Magmar, L50, F|
|teampreview|4
|showteam|p1|Talonflame||SafetyGoggles|GaleWings|Tailwind,FlareBlitz,BraveBird,WillOWisp|||F|||50|,,,,,Ghost]Garchomp||ClearAmulet|SandVeil|Earthquake,DragonClaw,StompingTantrum,Protect|||F|||50|,,,,,Steel]Ursaluna-Bloodmoon||LifeOrb|MindsEye|BloodMoon,HyperVoice,EarthPower,Protect|||M|||50|,,,,,Normal]Tyranitar||AssaultVest|SandStream|RockSlide,KnockOff,TeraBlast,LowKick|||M|||50|,,,,,Flying]Incineroar||SitrusBerry|Intimidate|FakeOut,KnockOff,Taunt,PartingShot|||M|||50|,,,,,Ghost]Sinistcha||MentalHerb|Hospitality|RagePowder,TrickRoom,MatchaGotcha,Protect||||||50|,,,,,Water
|showteam|p2|Sneasler||FocusSash|PoisonTouch|CloseCombat,DireClaw,FakeOut,Protect|||F|||50|,,,,,Stellar]Dragapult||ChoiceBand|ClearBody|DragonDarts,TeraBlast,PhantomForce,Uturn|||M|||50|,,,,,Ghost]Primarina||SitrusBerry|LiquidVoice|HyperVoice,Moonblast,Haze,Protect|||F|||50|,,,,,Water]Rillaboom||AssaultVest|GrassySurge|WoodHammer,GrassyGlide,HighHorsepower,FakeOut|||F|||50|,,,,,Fire]Kingambit||BlackGlasses|Defiant|KowtowCleave,SuckerPunch,SwordsDance,Protect|||F|||50|,,,,,Ghost]Magmar||Eviolite|VitalSpirit|Overheat,WillOWisp,FollowMe,Protect|||F|||50|,,,,,Ghost
|
|t:|1756956676
|teamsize|p1|4
|teamsize|p2|4
|start
|switch|p1a: Shatcinis|Sinistcha, L50, shiny|100/100
|switch|p1b: BEARRRRRR|Ursaluna-Bloodmoon, L50, M|100/100
|switch|p2a: Primarina|Primarina, L50, F|100/100
|switch|p2b: Rillaboom|Rillaboom, L50, F|100/100
|-fieldstart|move: Grassy Terrain|[from] ability: Grassy Surge|[of] p2b: Rillaboom
|turn|1
|
|t:|1756956691
|move|p1b: BEARRRRRR|Protect|p1b: BEARRRRRR
|-singleturn|p1b: BEARRRRRR|Protect
|move|p2b: Rillaboom|Wood Hammer|p1a: Shatcinis
|-resisted|p1a: Shatcinis
|-damage|p1a: Shatcinis|65/100
|-damage|p2b: Rillaboom|90/100|[from] Recoil
|move|p2a: Primarina|Moonblast|p1a: Shatcinis
|-damage|p1a: Shatcinis|24/100
|move|p1a: Shatcinis|Matcha Gotcha|p2b: Rillaboom|[spread] p2a,p2b
|-supereffective|p2a: Primarina
|-resisted|p2b: Rillaboom
|-damage|p2a: Primarina|48/100
|-heal|p1a: Shatcinis|52/100|[from] drain|[of] p2a: Primarina
|-damage|p2b: Rillaboom|78/100
|-heal|p1a: Shatcinis|59/100|[from] drain|[of] p2b: Rillaboom
|-enditem|p2a: Primarina|Sitrus Berry|[eat]
|-heal|p2a: Primarina|73/100|[from] item: Sitrus Berry
|
|-heal|p2b: Rillaboom|84/100|[from] Grassy Terrain
|-heal|p2a: Primarina|79/100|[from] Grassy Terrain
|-heal|p1a: Shatcinis|65/100|[from] Grassy Terrain
|upkeep
|turn|2
|
|t:|1756956713
|switch|p2a: Dragapult|Dragapult, L50, M|100/100
|-terastallize|p1b: BEARRRRRR|Normal
|move|p2b: Rillaboom|Wood Hammer|p1b: BEARRRRRR
|-damage|p1b: BEARRRRRR|32/100
|-damage|p2b: Rillaboom|62/100|[from] Recoil
|move|p1b: BEARRRRRR|Blood Moon|p2a: Dragapult
|-damage|p2a: Dragapult|0 fnt
|faint|p2a: Dragapult
|-damage|p1b: BEARRRRRR|22/100|[from] item: Life Orb
|move|p1a: Shatcinis|Trick Room|p1a: Shatcinis
|-fieldstart|move: Trick Room|[of] p1a: Shatcinis
|
|-heal|p1a: Shatcinis|71/100|[from] Grassy Terrain
|-heal|p1b: BEARRRRRR|28/100|[from] Grassy Terrain
|-heal|p2b: Rillaboom|69/100|[from] Grassy Terrain
|upkeep
|
|t:|1756956745
|switch|p2a: Sneasler|Sneasler, L50, F|100/100
|turn|3
|
|t:|1756956754
|switch|p1b: BIRDD|Talonflame, L50, F, shiny|100/100
|-terastallize|p2a: Sneasler|Stellar
|move|p2b: Rillaboom|Grassy Glide|p1b: BIRDD
|-resisted|p1b: BIRDD
|-damage|p1b: BIRDD|85/100
|move|p1a: Shatcinis|Matcha Gotcha|p2a: Sneasler|[spread] p2a,p2b
|-resisted|p2a: Sneasler
|-resisted|p2b: Rillaboom
|-damage|p2a: Sneasler|80/100
|-heal|p1a: Shatcinis|80/100|[from] drain|[of] p2a: Sneasler
|-damage|p2b: Rillaboom|57/100
|-heal|p1a: Shatcinis|86/100|[from] drain|[of] p2b: Rillaboom
|move|p2a: Sneasler|Dire Claw|p1a: Shatcinis
|-damage|p1a: Shatcinis|37/100
|-status|p1a: Shatcinis|slp
|
|-heal|p1a: Shatcinis|43/100 slp|[from] Grassy Terrain
|-heal|p2b: Rillaboom|63/100|[from] Grassy Terrain
|-heal|p2a: Sneasler|86/100|[from] Grassy Terrain
|upkeep
|turn|4
|
|t:|1756956793
|switch|p1a: BEARRRRRR|Ursaluna-Bloodmoon, L50, M, tera:Normal|28/100
|switch|p2b: Primarina|Primarina, L50, F|79/100
|move|p2a: Sneasler|Protect|p2a: Sneasler
|-singleturn|p2a: Sneasler|Protect
|move|p1b: BIRDD|Brave Bird|p2b: Primarina
|-damage|p2b: Primarina|29/100
|-damage|p1b: BIRDD|65/100|[from] Recoil
|
|-heal|p2b: Primarina|35/100|[from] Grassy Terrain
|-heal|p1a: BEARRRRRR|34/100|[from] Grassy Terrain
|-heal|p2a: Sneasler|91/100|[from] Grassy Terrain
|upkeep
|turn|5
|
|t:|1756956818
|switch|p2a: Rillaboom|Rillaboom, L50, F|63/100
|switch|p1b: Shatcinis|Sinistcha, L50, shiny|43/100 slp
|-heal|p1a: BEARRRRRR|59/100|[from] ability: Hospitality|[of] p1b: Shatcinis
|move|p2b: Primarina|Protect|p2b: Primarina
|-singleturn|p2b: Primarina|Protect
|move|p1a: BEARRRRRR|Protect||[still]
|-fail|p1a: BEARRRRRR
|
|-heal|p1b: Shatcinis|49/100 slp|[from] Grassy Terrain
|-heal|p2b: Primarina|41/100|[from] Grassy Terrain
|-heal|p1a: BEARRRRRR|65/100|[from] Grassy Terrain
|-heal|p2a: Rillaboom|70/100|[from] Grassy Terrain
|-fieldend|move: Grassy Terrain
|upkeep
|turn|6
|
|t:|1756956836
|move|p1a: BEARRRRRR|Protect|p1a: BEARRRRRR
|-singleturn|p1a: BEARRRRRR|Protect
|move|p2a: Rillaboom|Fake Out|p1a: BEARRRRRR
|-activate|p1a: BEARRRRRR|move: Protect
|cant|p1b: Shatcinis|slp
|move|p2b: Primarina|Moonblast|p1b: Shatcinis
|-damage|p1b: Shatcinis|7/100 slp
|-unboost|p1b: Shatcinis|spa|1
|
|-fieldend|move: Trick Room
|upkeep
|turn|7
|
|t:|1756956854
|move|p2a: Rillaboom|Wood Hammer|p1a: BEARRRRRR
|-damage|p1a: BEARRRRRR|14/100
|-damage|p2a: Rillaboom|53/100|[from] Recoil
|move|p1a: BEARRRRRR|Hyper Voice|p2b: Primarina|[spread] p2a,p2b
|-crit|p2a: Rillaboom
|-damage|p2a: Rillaboom|0 fnt
|-damage|p2b: Primarina|0 fnt
|faint|p2a: Rillaboom
|faint|p2b: Primarina
|-damage|p1a: BEARRRRRR|4/100|[from] item: Life Orb
|-curestatus|p1b: Shatcinis|slp|[msg]
|move|p1b: Shatcinis|Matcha Gotcha|p2: Rillaboom|[notarget]
|-fail|p1b: Shatcinis
|
|upkeep
|c|ŌśåPursatiEvol|how are you so lucky
|
|t:|1756956879
|switch|p2b: Sneasler|Sneasler, L50, F, tera:Stellar|91/100
|turn|8
|c|Ōśårandomguy1114s|i didnt need crit
|c|Ōśårandomguy1114s|and its the bulk EVs
|c|Ōśårandomguy1114s|not luck
|c|Ōśårandomguy1114s|LOL
|
|t:|1756956902
|move|p2b: Sneasler|Fake Out|p1a: BEARRRRRR
|-damage|p1a: BEARRRRRR|0 fnt
|faint|p1a: BEARRRRRR
|move|p1b: Shatcinis|Rage Powder|p1b: Shatcinis
|-singleturn|p1b: Shatcinis|move: Rage Powder
|
|upkeep
|
|t:|1756956907
|switch|p1a: BIRDD|Talonflame, L50, F, shiny|65/100
|turn|9
|c|ŌśåPursatiEvol|116+ Atk Rillaboom Wood Hammer vs. 244 HP  / 0 Def Ursaluna-Bloodmoon in Grassy Terrain: 222-264 (101.3 - 120.5%) -- guaranteed OHKO
|c|Ōśårandomguy1114s|u werent in grassy'
|c|Ōśårandomguy1114s|and i terad
|c|ŌśåPursatiEvol|252+ SpA Life Orb Ursaluna-Bloodmoon Hyper Voice vs. 252 HP  / 124 SpD Assault Vest Rillaboom: 66-78 (31.8 - 37.6%) -- 0.17% chance to 3HKO after Grassy Terrain recovery
|c|ŌśåPursatiEvol|this one
|c|ŌśåPursatiEvol|sorryu
|c|Ōśårandomguy1114s|didnt need to kill
|
|t:|1756956947
|move|p1b: Shatcinis|Rage Powder|p1b: Shatcinis
|-singleturn|p1b: Shatcinis|move: Rage Powder
|move|p1a: BIRDD|Brave Bird|p2b: Sneasler
|-supereffective|p2b: Sneasler
|-damage|p2b: Sneasler|0 fnt
|faint|p2b: Sneasler
|-damage|p1a: BIRDD|34/100|[from] Recoil
|
|win|randomguy1114s
|raw|randomguy1114s's rating: 1152 → 1184(+32 for winning)
|raw|PursatiEvol's rating: 1249 → 1217(-32 for losing)
|c|Ōśårandomguy1114s|is what im saying
|c|ŌśåPursatiEvol|and g2 was pure luck
|c|Ōśårandomguy1114s|had full hp ttar
|c|ŌśåPursatiEvol|or wasnt it?
|c|Ōśårandomguy1114s|nah
|c|ŌśåPursatiEvol|two clutch survivals + double protect
|c|Ōśårandomguy1114s|g2 was drag rolls
|c|Ōśårandomguy1114s|double was luck
|c|ŌśåPursatiEvol|pure hability
|c|Ōśårandomguy1114s|but thats 1/3
|c|Ōśårandomguy1114s|survivals r bulk evs
