|j|☆ShookTV
|j|☆playrornds
|html|ShookTVplayrornds    
|uhtml|bestof|Game 1 of a best-of-3
|t:|1756595408
|gametype|doubles
|player|p1|ShookTV|clerk|1000
|player|p2|playrornds|giovanni-gen1rb|1118
|gen|9
|tier|[Gen 9] VGC 2025 Reg H (Bo3)
|rated|
|rule|Species Clause: Limit one of each Pokémon
|rule|Item Clause: Limit 1 of each item
|clearpoke
|poke|p1|Tyranitar, L50, F|
|poke|p1|Excadrill, L50, F|
|poke|p1|Magmar, L50, M|
|poke|p1|Sneasler, L50, M|
|poke|p1|Indeedee, L50, M|
|poke|p1|Corviknight, L50, F|
|poke|p2|Gholdengo, L50|
|poke|p2|Kilowattrel, L50, F|
|poke|p2|Ursaluna, L50, F|
|poke|p2|Porygon2, L50|
|poke|p2|Incineroar, L50, M|
|poke|p2|Amoonguss, L50, F|
|teampreview|4
|showteam|p1|Tyranitar||AssaultVest|SandStream|RockSlide,KnockOff,TeraBlast,LowKick|||F|||50|,,,,,Flying]Excadrill||FocusSash|SandRush|IronHead,SwordsDance,Protect,Earthquake|||F|||50|,,,,,Stellar]Magmar||Eviolite|VitalSpirit|HeatWave,HelpingHand,FollowMe,Protect|||M|||50|,,,,,Flying]Sneasler||WhiteHerb|Unburden|FakeOut,CloseCombat,Coaching,DireClaw|||M|||50|,,,,,Flying]Indeedee||ChoiceScarf|PsychicSurge|ExpandingForce,Protect,Trick,TeraBlast|||M|||50|,,,,,Psychic]Corviknight||PsychicSeed|MirrorArmor|BraveBird,PowerTrip,BulkUp,Roost|||F|||50|,,,,,Water
|showteam|p2|Gholdengo||LifeOrb|GoodasGold|MakeItRain,ShadowBall,NastyPlot,Protect||||||50|,,,,,Water]Kilowattrel||FocusSash|Competitive|Thunderbolt,AirSlash,Tailwind,Protect|||F|||50|,,,,,Ghost]Ursaluna||FlameOrb|Guts|Facade,HeadlongRush,Earthquake,Protect|||F|||50|,,,,,Fairy]Porygon2||Eviolite|Download|TeraBlast,IceBeam,Recover,TrickRoom||||||50|,,,,,Fighting]Incineroar||AssaultVest|Intimidate|FakeOut,FlareBlitz,KnockOff,Uturn|||M|||50|,,,,,Grass]Amoonguss||SitrusBerry|Regenerator|SludgeBomb,Spore,RagePowder,Protect|||F|||50|,,,,,Water
|inactive|Battle timer is ON: inactive players will automatically lose when time's up. (requested by playrornds)
|
|t:|1756595491
|teamsize|p1|4
|teamsize|p2|4
|start
|switch|p1a: Excadrill|Excadrill, L50, F|100/100
|switch|p1b: Corviknight|Corviknight, L50, F|100/100
|switch|p2a: Kilowattrel|Kilowattrel, L50, F|100/100
|switch|p2b: Ursaluna|Ursaluna, L50, F|100/100
|turn|1
|
|t:|1756595511
|switch|p1b: Tyranitar|Tyranitar, L50, F|100/100
|-weather|Sandstorm|[from] ability: Sand Stream|[of] p1b: Tyranitar
|move|p1a: Excadrill|Swords Dance|p1a: Excadrill
|-boost|p1a: Excadrill|atk|2
|move|p2a: Kilowattrel|Tailwind|p2a: Kilowattrel
|-sidestart|p2: playrornds|move: Tailwind
|move|p2b: Ursaluna|Earthquake|p1b: Tyranitar|[spread] p1a,p1b
|-immune|p2a: Kilowattrel
|-supereffective|p1a: Excadrill
|-crit|p1a: Excadrill
|-supereffective|p1b: Tyranitar
|-enditem|p1a: Excadrill|Focus Sash
|-damage|p1a: Excadrill|1/100
|-damage|p1b: Tyranitar|36/100
|
|-weather|Sandstorm|[upkeep]
|-damage|p2a: Kilowattrel|94/100|[from] Sandstorm
|-status|p2b: Ursaluna|brn|[from] item: Flame Orb
|upkeep
|turn|2
|inactive|ShookTV has 30 seconds left.
|
|t:|1756595538
|-terastallize|p1b: Tyranitar|Flying
|move|p1a: Excadrill|Protect|p1a: Excadrill
|-singleturn|p1a: Excadrill|Protect
|move|p2a: Kilowattrel|Air Slash|p1a: Excadrill
|-activate|p1a: Excadrill|move: Protect
|move|p2b: Ursaluna|Earthquake|p1a: Excadrill|[spread] 
|-activate|p1a: Excadrill|move: Protect
|-immune|p2a: Kilowattrel
|-immune|p1b: Tyranitar
|move|p1b: Tyranitar|Low Kick|p2b: Ursaluna
|-supereffective|p2b: Ursaluna
|-damage|p2b: Ursaluna|23/100 brn
|
|-weather|Sandstorm|[upkeep]
|-damage|p2a: Kilowattrel|88/100|[from] Sandstorm
|-damage|p1b: Tyranitar|30/100|[from] Sandstorm
|-damage|p2b: Ursaluna|17/100 brn|[from] brn
|upkeep
|turn|3
|inactive|ShookTV has 30 seconds left.
|
|t:|1756595563
|switch|p1a: Corviknight|Corviknight, L50, F|100/100
|move|p2a: Kilowattrel|Air Slash|p1a: Corviknight
|-resisted|p1a: Corviknight
|-damage|p1a: Corviknight|85/100
|move|p2b: Ursaluna|Facade|p1b: Tyranitar
|-damage|p1b: Tyranitar|0 fnt
|faint|p1b: Tyranitar
|
|-weather|Sandstorm|[upkeep]
|-damage|p2a: Kilowattrel|82/100|[from] Sandstorm
|-damage|p2b: Ursaluna|12/100 brn|[from] brn
|upkeep
|
|t:|1756595571
|switch|p1b: Indeedee|Indeedee, L50, M|100/100
|-fieldstart|move: Psychic Terrain|[from] ability: Psychic Surge|[of] p1b: Indeedee
|-enditem|p1a: Corviknight|Psychic Seed
|-boost|p1a: Corviknight|spd|1|[from] item: Psychic Seed
|turn|4
|inactive|playrornds has 30 seconds left.
|
|t:|1756595598
|move|p2a: Kilowattrel|Protect|p2a: Kilowattrel
|-singleturn|p2a: Kilowattrel|Protect
|move|p1b: Indeedee|Expanding Force|p2a: Kilowattrel|[spread] p2b
|-activate|p2a: Kilowattrel|move: Protect
|-crit|p2b: Ursaluna
|-damage|p2b: Ursaluna|0 fnt
|faint|p2b: Ursaluna
|move|p1a: Corviknight|Bulk Up|p1a: Corviknight
|-boost|p1a: Corviknight|atk|1
|-boost|p1a: Corviknight|def|1
|
|-weather|Sandstorm|[upkeep]
|-damage|p2a: Kilowattrel|76/100|[from] Sandstorm
|-damage|p1b: Indeedee|95/100|[from] Sandstorm
|-sideend|p2: playrornds|move: Tailwind
|upkeep
|
|t:|1756595600
|switch|p2b: Gholdengo|Gholdengo, L50|100/100
|turn|5
|
|t:|1756595623
|move|p1b: Indeedee|Expanding Force|p2a: Kilowattrel|[spread] p2a,p2b
|-resisted|p2b: Gholdengo
|-damage|p2a: Kilowattrel|0 fnt
|-damage|p2b: Gholdengo|68/100
|faint|p2a: Kilowattrel
|move|p2b: Gholdengo|Nasty Plot|p2b: Gholdengo
|-boost|p2b: Gholdengo|spa|2
|move|p1a: Corviknight|Power Trip|p2b: Gholdengo
|-supereffective|p2b: Gholdengo
|-damage|p2b: Gholdengo|12/100
|
|-weather|none
|upkeep
|
|t:|1756595625
|switch|p2a: Porygon2|Porygon2, L50|100/100
|-ability|p2a: Porygon2|Download|boost
|-boost|p2a: Porygon2|spa|1
|turn|6
|
|t:|1756595643
|move|p2b: Gholdengo|Protect|p2b: Gholdengo
|-singleturn|p2b: Gholdengo|Protect
|move|p1b: Indeedee|Expanding Force|p2a: Porygon2|[spread] p2a
|-activate|p2b: Gholdengo|move: Protect
|-damage|p2a: Porygon2|69/100
|move|p1a: Corviknight|Bulk Up|p1a: Corviknight
|-boost|p1a: Corviknight|atk|1
|-boost|p1a: Corviknight|def|1
|move|p2a: Porygon2|Trick Room|p2a: Porygon2
|-fieldstart|move: Trick Room|[of] p2a: Porygon2
|
|upkeep
|turn|7
|
|t:|1756595658
|-terastallize|p2a: Porygon2|Fighting
|move|p2a: Porygon2|Tera Blast|p1a: Corviknight|[anim] Tera Blast Fighting
|-damage|p1a: Corviknight|56/100
|move|p1a: Corviknight|Power Trip|p2b: Gholdengo
|-supereffective|p2b: Gholdengo
|-damage|p2b: Gholdengo|0 fnt
|faint|p2b: Gholdengo
|move|p1b: Indeedee|Expanding Force|p2a: Porygon2
|-supereffective|p2a: Porygon2
|-damage|p2a: Porygon2|0 fnt
|faint|p2a: Porygon2
|
|win|ShookTV
