|j|☆Beeetch
|j|‽eco_double
|html|Beeetcheco_double    
|uhtml|bestof|Game 2 of a best-of-3
|t:|1756858732
|gametype|doubles
|player|p1|Beeetch|beauty-gen4dp|1268
|player|p2|eco_double|lucas|1103
|gen|9
|tier|[Gen 9] VGC 2025 Reg H (Bo3)
|rated|
|rule|Species Clause: Limit one of each Pokémon
|rule|Item Clause: Limit 1 of each item
|clearpoke
|poke|p1|Excadrill, L50, M|
|poke|p1|Tyranitar, L50, M|
|poke|p1|Sneasler, L50, M|
|poke|p1|Indeedee, L50, M|
|poke|p1|Corviknight, L50, F|
|poke|p1|Annihilape, L50, F|
|poke|p2|Annihilape, L50, F|
|poke|p2|Maushold, L50|
|poke|p2|Rillaboom, L50, M|
|poke|p2|Dragonite, L50, M|
|poke|p2|Ursaluna-Bloodmoon, L50, M|
|poke|p2|Gholdengo, L50|
|teampreview|4
|showteam|p1|Excadrill||FocusSash|SandRush|IronHead,HighHorsepower,Earthquake,Protect|||M|||50|,,,,,Stellar]Tyranitar||AssaultVest|SandStream|RockSlide,KnockOff,TeraBlast,LowKick|||M|||50|,,,,,Flying]Sneasler||PsychicSeed|Unburden|DireClaw,CloseCombat,ThroatChop,Protect|||M|||50|,,,,,Dark]Indeedee||ChoiceScarf|PsychicSurge|ExpandingForce,TeraBlast,Protect,Trick|||M|||50|,,,,,Psychic]Corviknight||Leftovers|MirrorArmor|BraveBird,BulkUp,Roost,Tailwind|||F|||50|,,,,,Dragon]Annihilape||SafetyGoggles|Defiant|CloseCombat,FinalGambit,RageFist,Taunt|||F|||50|,,,,,Water
|showteam|p2|Annihilape||SitrusBerry|Defiant|FinalGambit,DrainPunch,Coaching,Protect|||F|||50|,,,,,Fire]Maushold||FocusSash|FriendGuard|SuperFang,BeatUp,FollowMe,Protect||||||50|,,,,,Ghost]Rillaboom||MiracleSeed|GrassySurge|WoodHammer,GrassyGlide,HighHorsepower,FakeOut|||M|||50|,,,,,Fire]Dragonite||LoadedDice|Multiscale|ScaleShot,Tailwind,Haze,Protect|||M|||50|,,,,,Fairy]Ursaluna-Bloodmoon||AssaultVest|MindsEye|BloodMoon,EarthPower,HyperVoice,VacuumWave|||M|||50|,,,,,Water]Gholdengo||LifeOrb|GoodasGold|MakeItRain,ShadowBall,NastyPlot,Protect||||||50|,,,,,Water
|inactive|Battle timer is ON: inactive players will automatically lose when time's up. (requested by eco_double)
|inactive|Beeetch has 60 seconds left.
|inactive|eco_double has 60 seconds left.
|
|t:|1756858794
|teamsize|p1|4
|teamsize|p2|4
|start
|switch|p1a: Tyranitar|Tyranitar, L50, M, shiny|100/100
|switch|p1b: Excadrill|Excadrill, L50, M, shiny|100/100
|switch|p2a: Dragonite|Dragonite, L50, M|100/100
|switch|p2b: Annihilape|Annihilape, L50, F|100/100
|-weather|Sandstorm|[from] ability: Sand Stream|[of] p1a: Tyranitar
|turn|1
|
|t:|1756858816
|switch|p1a: Indeedee|Indeedee, L50, M, shiny|100/100
|-fieldstart|move: Psychic Terrain|[from] ability: Psychic Surge|[of] p1a: Indeedee
|move|p1b: Excadrill|High Horsepower|p2b: Annihilape
|-damage|p2b: Annihilape|52/100
|move|p2b: Annihilape|Final Gambit|p1a: Indeedee
|-damage|p1a: Indeedee|21/100
|faint|p2b: Annihilape
|move|p2a: Dragonite|Tailwind|p2a: Dragonite
|-sidestart|p2: eco_double|move: Tailwind
|
|-weather|Sandstorm|[upkeep]
|-damage|p2a: Dragonite|95/100|[from] Sandstorm
|-damage|p1a: Indeedee|15/100|[from] Sandstorm
|upkeep
|
|t:|1756858839
|switch|p2b: Ursaluna|Ursaluna-Bloodmoon, L50, M|100/100
|turn|2
|inactive|Beeetch has 30 seconds left.
|inactive|eco_double has 30 seconds left.
|inactive|Beeetch has 20 seconds left.
|inactive|eco_double has 20 seconds left.
|inactive|Beeetch has 15 seconds left.
|inactive|Beeetch has 10 seconds left.
|inactive|Beeetch has 5 seconds left.
|
|t:|1756858891
|move|p1b: Excadrill|High Horsepower|p2b: Ursaluna
|-damage|p2b: Ursaluna|64/100
|move|p2a: Dragonite|Scale Shot|p1a: Indeedee
|-crit|p1a: Indeedee
|-damage|p1a: Indeedee|0 fnt
|faint|p1a: Indeedee
|-hitcount|p1: Indeedee|1
|-unboost|p2a: Dragonite|def|1
|-boost|p2a: Dragonite|spe|1
|move|p2b: Ursaluna|Earth Power|p1b: Excadrill
|-supereffective|p1b: Excadrill
|-enditem|p1b: Excadrill|Focus Sash
|-damage|p1b: Excadrill|1/100
|
|-weather|Sandstorm|[upkeep]
|-damage|p2a: Dragonite|89/100|[from] Sandstorm
|upkeep
|
|t:|1756858900
|switch|p1a: Sneasler|Sneasler, L50, M, shiny|100/100
|-enditem|p1a: Sneasler|Psychic Seed
|-boost|p1a: Sneasler|spd|1|[from] item: Psychic Seed
|turn|3
|inactive|eco_double has 30 seconds left.
|
|t:|1756858935
|move|p2a: Dragonite|Scale Shot|p1a: Sneasler
|-damage|p1a: Sneasler|78/100
|-damage|p1a: Sneasler|57/100
|-damage|p1a: Sneasler|35/100
|-damage|p1a: Sneasler|12/100
|-damage|p1a: Sneasler|0 fnt
|faint|p1a: Sneasler
|-hitcount|p1: Sneasler|5
|-unboost|p2a: Dragonite|def|1
|-boost|p2a: Dragonite|spe|1
|move|p1b: Excadrill|Iron Head|p2a: Dragonite
|-damage|p2a: Dragonite|0 fnt
|faint|p2a: Dragonite
|move|p2b: Ursaluna|Hyper Voice|p1b: Excadrill
|-resisted|p1b: Excadrill
|-damage|p1b: Excadrill|0 fnt
|faint|p1b: Excadrill
|
|-weather|Sandstorm|[upkeep]
|upkeep
|
|t:|1756858953
|switch|p1b: Tyranitar|Tyranitar, L50, M, shiny|100/100
|switch|p2a: Gholdengo|Gholdengo, L50|100/100
|turn|4
|inactive|eco_double has 30 seconds left.
|
|t:|1756858987
|-terastallize|p2a: Gholdengo|Water
|move|p2a: Gholdengo|Nasty Plot|p2a: Gholdengo
|-boost|p2a: Gholdengo|spa|2
|move|p2b: Ursaluna|Blood Moon|p1b: Tyranitar
|-resisted|p1b: Tyranitar
|-damage|p1b: Tyranitar|85/100
|move|p1b: Tyranitar|Low Kick|p2b: Ursaluna
|-supereffective|p2b: Ursaluna
|-damage|p2b: Ursaluna|2/100
|
|-weather|Sandstorm|[upkeep]
|-damage|p2a: Gholdengo|94/100|[from] Sandstorm
|-sideend|p2: eco_double|move: Tailwind
|upkeep
|turn|5
|l|☆Beeetch
|inactive|Beeetch disconnected and has a minute to reconnect!
|player|p1|
|j|☆Beeetch
|inactive|Beeetch reconnected and has 35 seconds left.
|player|p1|Beeetch|beauty-gen4dp|
|inactive|Beeetch has 30 seconds left.
|inactive|eco_double has 30 seconds left.
|
|t:|1756859021
|move|p2b: Ursaluna|Vacuum Wave|p1b: Tyranitar
|-activate|p1b: Tyranitar|move: Psychic Terrain
|move|p2a: Gholdengo|Make It Rain|p1b: Tyranitar
|-supereffective|p1b: Tyranitar
|-damage|p1b: Tyranitar|0 fnt
|-unboost|p2a: Gholdengo|spa|1
|faint|p1b: Tyranitar
|-damage|p2a: Gholdengo|85/100|[from] item: Life Orb
|
|win|eco_double
