|j|☆NemoAK
|j|☆dabean16
|html|NemoAKdabean16    
|uhtml|bestof|Game 2 of a best-of-3
|t:|1783053958
|gametype|doubles
|player|p1|NemoAK|101|1250
|player|p2|dabean16|2|1227
|gen|9
|tier|[Gen 9 Champions] VGC 2026 Reg M-B (Bo3)
|rated|
|rule|Species Clause: Limit one of each Pokémon
|rule|Item Clause: Limit 1 of each item
|clearpoke
|poke|p1|Charizard, L50, M|
|poke|p1|Whimsicott, L50, M|
|poke|p1|Basculegion, L50, M|
|poke|p1|Farigiraf, L50, M|
|poke|p1|Garchomp, L50, M|
|poke|p1|Staraptor, L50, M|
|poke|p2|Dragonite, L50, M, shiny|
|poke|p2|Scizor, L50, M|
|poke|p2|Incineroar, L50, M|
|poke|p2|Pelipper, L50, M, shiny|
|poke|p2|Basculegion, L50, M, shiny|
|poke|p2|Archaludon, L50, F|
|teampreview|4
|showteam|p1|Charizard||CharizarditeY|Blaze|HeatWave,WeatherBall,SolarBeam,Protect|Modest||M|||50|]Whimsicott||MentalHerb|Prankster|Moonblast,Tailwind,Protect,Tickle|Timid||M|||50|]Basculegion||ChoiceScarf|Adaptability|LastRespects,WaveCrash,AquaJet,FlipTurn|Adamant||M|||50|]Farigiraf||SitrusBerry|ArmorTail|Psychic,HyperVoice,TrickRoom,HelpingHand|Quiet||M|||50|]Garchomp||LifeOrb|RoughSkin|Earthquake,RockSlide,ScaleShot,Protect|Jolly||M|||50|]Staraptor||Staraptite|Intimidate|CloseCombat,BraveBird,Roost,Protect|Jolly||M|||50|
|showteam|p2|Dragonite||Dragoninite|Multiscale|Tailwind,Protect,DragonPulse,Flamethrower|Modest||M|||50|]Scizor||Scizorite|Technician|Protect,SwordsDance,CloseCombat,BulletPunch|Adamant||M|||50|]Incineroar||SitrusBerry|Intimidate|FakeOut,ThroatChop,PartingShot,FlareBlitz|Careful||M|||50|]Pelipper||FocusSash|Drizzle|Tailwind,Hurricane,WeatherBall,Protect|Modest||M|||50|]Basculegion||ChoiceScarf|Adaptability|LastRespects,WaveCrash,FlipTurn,AquaJet|Adamant||M|||50|]Archaludon||ChopleBerry|Stamina|ElectroShot,Protect,DragonPulse,AuraSphere|Calm||F|||50|
|inactive|Battle timer is ON: inactive players will automatically lose when time's up. (requested by NemoAK)
|
|t:|1783053986
|teamsize|p1|4
|teamsize|p2|4
|start
|switch|p1a: Fluffy|Whimsicott, L50, M|100/100
|switch|p1b: The Biggest Bird|Staraptor, L50, M|100/100
|switch|p2a: Incineroar|Incineroar, L50, M|100/100
|switch|p2b: Pelipper|Pelipper, L50, M, shiny|100/100
|-ability|p1b: The Biggest Bird|Intimidate|boost
|-unboost|p2a: Incineroar|atk|1
|-unboost|p2b: Pelipper|atk|1
|-weather|RainDance|[from] ability: Drizzle|[of] p2b: Pelipper
|-ability|p2a: Incineroar|Intimidate|boost
|-unboost|p1a: Fluffy|atk|1
|-unboost|p1b: The Biggest Bird|atk|1
|turn|1
|
|t:|1783054005
|detailschange|p1b: The Biggest Bird|Staraptor-Mega, L50, M
|-mega|p1b: The Biggest Bird|Staraptor|Staraptite
|move|p1b: The Biggest Bird|Protect|p1b: The Biggest Bird
|-singleturn|p1b: The Biggest Bird|Protect
|move|p2a: Incineroar|Fake Out|p1a: Fluffy
|-damage|p1a: Fluffy|90/100
|cant|p1a: Fluffy|flinch
|move|p2b: Pelipper|Tailwind|p2b: Pelipper
|-sidestart|p2: dabean16|move: Tailwind
|
|-weather|RainDance|[upkeep]
|upkeep
|turn|2
|
|t:|1783054020
|switch|p2a: Basculegion|Basculegion, L50, M, shiny|100/100
|move|p1a: Fluffy|Tailwind|p1a: Fluffy
|-sidestart|p1: NemoAK|move: Tailwind
|move|p1b: The Biggest Bird|Close Combat|p2a: Basculegion
|-immune|p2a: Basculegion
|move|p2b: Pelipper|Hurricane|p1b: The Biggest Bird
|-supereffective|p1b: The Biggest Bird|1
|-damage|p1b: The Biggest Bird|0 fnt
|faint|p1b: The Biggest Bird
|
|-weather|RainDance|[upkeep]
|upkeep
|
|t:|1783054025
|switch|p1b: Gary’s Raticate|Basculegion, L50, M|100/100
|turn|3
|
|t:|1783054037
|switch|p2a: Incineroar|Incineroar, L50, M|100/100
|-ability|p2a: Incineroar|Intimidate|boost
|-unboost|p1a: Fluffy|atk|1
|-unboost|p1b: Gary’s Raticate|atk|1
|move|p1a: Fluffy|Tickle|p2a: Incineroar
|-hint|Since gen 7, Dark is immune to Prankster moves.
|-immune|p2a: Incineroar
|move|p1b: Gary’s Raticate|Last Respects|p2a: Incineroar
|-resisted|p2a: Incineroar|1
|-damage|p2a: Incineroar|81/100
|move|p2b: Pelipper|Hurricane|p1a: Fluffy
|-supereffective|p1a: Fluffy|1
|-damage|p1a: Fluffy|0 fnt
|faint|p1a: Fluffy
|
|-weather|RainDance|[upkeep]
|upkeep
|
|t:|1783054039
|switch|p1a: Toothless|Garchomp, L50, M|100/100
|turn|4
|inactive|dabean16 has 30 seconds left.
|inactive|dabean16 has 20 seconds left.
|inactive|dabean16 has 15 seconds left.
|inactive|dabean16 has 10 seconds left.
|inactive|dabean16 has 5 seconds left.
|
|t:|1783054090
|switch|p2a: Dragonite|Dragonite, L50, M, shiny|100/100
|move|p2b: Pelipper|Protect|p2b: Pelipper
|-singleturn|p2b: Pelipper|Protect
|move|p1b: Gary’s Raticate|Last Respects|p2b: Pelipper
|-activate|p2b: Pelipper|move: Protect
|move|p1a: Toothless|Rock Slide|p2b: Pelipper|[spread] p2a
|-activate|p2b: Pelipper|move: Protect
|-supereffective|p2a: Dragonite|1
|-damage|p2a: Dragonite|73/100
|-damage|p1a: Toothless|90/100|[from] item: Life Orb
|
|-weather|RainDance|[upkeep]
|-sideend|p2: dabean16|move: Tailwind
|upkeep
|turn|5
|-message|NemoAK forfeited.
|
|win|dabean16
|l|☆NemoAK
|player|p1|
||dabean16 is ready for game 3.
||NemoAK is ready for game 3.
|uhtml|next|Next: Game 3 of 3
