|j|☆snailboss
|j|☆ddx9000
|html|snailbossddx9000    
|uhtml|bestof|Game 2 of a best-of-3
|t:|1756409140
|gametype|doubles
|player|p1|snailboss|hilda-wonderlauncher|1272
|player|p2|ddx9000|elesa|1223
|gen|9
|tier|[Gen 9] VGC 2025 Reg H (Bo3)
|rated|
|rule|Species Clause: Limit one of each Pokémon
|rule|Item Clause: Limit 1 of each item
|clearpoke
|poke|p1|Kingambit, L50, M|
|poke|p1|Rillaboom, L50, M|
|poke|p1|Volcarona, L50, F|
|poke|p1|Tauros-Paldea-Aqua, L50, M|
|poke|p1|Electabuzz, L50, M|
|poke|p1|Ninetales-Alola, L50, M|
|poke|p2|Dragonite, L50, M|
|poke|p2|Volcarona, L50, F|
|poke|p2|Sneasler, L50, M|
|poke|p2|Rillaboom, L50, M|
|poke|p2|Electabuzz, L50, M|
|poke|p2|Kingambit, L50, M|
|teampreview|4
|showteam|p1|Kingambit||BlackGlasses|Defiant|SuckerPunch,KowtowCleave,SwordsDance,Protect|||M|||50|,,,,,Ghost]Rillaboom||AssaultVest|GrassySurge|FakeOut,GrassyGlide,WoodHammer,HighHorsepower|||M|||50|,,,,,Fire]Volcarona||CovertCloak|FlameBody|QuiverDance,HeatWave,GigaDrain,Protect|||F|||50|,,,,,Grass]Tauros-Paldea-Aqua||GrassySeed|Intimidate|WaveCrash,BodyPress,Protect,AquaJet|||M|||50|,,,,,Fire]Electabuzz||Eviolite|VitalSpirit|HelpingHand,Thunderbolt,Protect,FollowMe|||M|||50|,,,,,Fairy]Ninetales-Alola||FocusSash|SnowWarning|Protect,Encore,FreezeDry,Disable|||M|||50|,,,,,Ghost
|showteam|p2|Dragonite||LoadedDice|Multiscale|ScaleShot,ExtremeSpeed,Haze,Protect|||M|||50|,,,,,Fairy]Volcarona||CovertCloak|FlameBody|HeatWave,TeraBlast,QuiverDance,Protect|||F|||50|,,,,,Fairy]Sneasler||FocusSash|Unburden|CloseCombat,DireClaw,Coaching,Protect|||M|||50|,,,,,Stellar]Rillaboom||AssaultVest|GrassySurge|WoodHammer,GrassyGlide,Uturn,FakeOut|||M|||50|,,,,,Water]Electabuzz||Eviolite|VitalSpirit|Electroweb,FollowMe,Taunt,Protect|||M|||50|,,,,,Ghost]Kingambit||BlackGlasses|Defiant|KowtowCleave,SuckerPunch,SwordsDance,Protect|||M|||50|,,,,,Dark
|
|t:|1756409180
|teamsize|p1|4
|teamsize|p2|4
|start
|switch|p1a: Kingambit|Kingambit, L50, M|100/100
|switch|p1b: Rillaboom|Rillaboom, L50, M|100/100
|switch|p2a: Volcarona|Volcarona, L50, F|100/100
|switch|p2b: Rillaboom|Rillaboom, L50, M|100/100
|-fieldstart|move: Grassy Terrain|[from] ability: Grassy Surge|[of] p1b: Rillaboom
|turn|1
|
|t:|1756409191
|-terastallize|p1a: Kingambit|Ghost
|move|p1b: Rillaboom|Fake Out|p2b: Rillaboom
|-damage|p2b: Rillaboom|88/100
|cant|p2b: Rillaboom|flinch
|move|p2a: Volcarona|Quiver Dance|p2a: Volcarona
|-boost|p2a: Volcarona|spa|1
|-boost|p2a: Volcarona|spd|1
|-boost|p2a: Volcarona|spe|1
|move|p1a: Kingambit|Swords Dance|p1a: Kingambit
|-boost|p1a: Kingambit|atk|2
|
|-heal|p2b: Rillaboom|94/100|[from] Grassy Terrain
|upkeep
|turn|2
|
|t:|1756409216
|-terastallize|p2a: Volcarona|Fairy
|move|p1a: Kingambit|Sucker Punch|p2a: Volcarona
|-resisted|p2a: Volcarona
|-damage|p2a: Volcarona|47/100
|move|p2a: Volcarona|Heat Wave|p1a: Kingambit|[spread] p1a,p1b
|-supereffective|p1b: Rillaboom
|-damage|p1a: Kingambit|47/100
|-damage|p1b: Rillaboom|17/100
|move|p1b: Rillaboom|Wood Hammer|p2a: Volcarona
|-damage|p2a: Volcarona|0 fnt
|-status|p1b: Rillaboom|brn|[from] ability: Flame Body|[of] p2a: Volcarona
|faint|p2a: Volcarona
|-damage|p1b: Rillaboom|2/100 brn|[from] Recoil
|move|p2b: Rillaboom|Wood Hammer|p1a: Kingambit
|-damage|p1a: Kingambit|0 fnt
|faint|p1a: Kingambit
|-damage|p2b: Rillaboom|79/100|[from] Recoil
|
|-heal|p1b: Rillaboom|8/100 brn|[from] Grassy Terrain
|-heal|p2b: Rillaboom|85/100|[from] Grassy Terrain
|-damage|p1b: Rillaboom|2/100 brn|[from] brn
|upkeep
|
|t:|1756409240
|switch|p2a: Dragonite|Dragonite, L50, M|100/100
|switch|p1a: Volcarona|Volcarona, L50, F|100/100
|turn|3
|
|t:|1756409254
|move|p2b: Rillaboom|Grassy Glide|p1b: Rillaboom
|-resisted|p1b: Rillaboom
|-damage|p1b: Rillaboom|0 fnt
|faint|p1b: Rillaboom
|move|p1a: Volcarona|Quiver Dance|p1a: Volcarona
|-boost|p1a: Volcarona|spa|1
|-boost|p1a: Volcarona|spd|1
|-boost|p1a: Volcarona|spe|1
|move|p2a: Dragonite|Scale Shot|p1a: Volcarona
|-damage|p1a: Volcarona|85/100
|-damage|p1a: Volcarona|70/100
|-damage|p1a: Volcarona|54/100
|-damage|p1a: Volcarona|38/100
|-hitcount|p1a: Volcarona|4
|-unboost|p2a: Dragonite|def|1
|-boost|p2a: Dragonite|spe|1
|
|-heal|p1a: Volcarona|44/100|[from] Grassy Terrain
|-heal|p2b: Rillaboom|91/100|[from] Grassy Terrain
|upkeep
|
|t:|1756409262
|switch|p1b: Tauros|Tauros-Paldea-Aqua, L50, M|100/100
|-ability|p1b: Tauros|Intimidate|boost
|-unboost|p2a: Dragonite|atk|1
|-unboost|p2b: Rillaboom|atk|1
|-enditem|p1b: Tauros|Grassy Seed
|-boost|p1b: Tauros|def|1|[from] item: Grassy Seed
|turn|4
|
|t:|1756409282
|move|p1a: Volcarona|Protect|p1a: Volcarona
|-singleturn|p1a: Volcarona|Protect
|move|p1b: Tauros|Protect|p1b: Tauros
|-singleturn|p1b: Tauros|Protect
|move|p2a: Dragonite|Haze|p2a: Dragonite
|-clearallboost
|move|p2b: Rillaboom|Wood Hammer|p1b: Tauros
|-activate|p1b: Tauros|move: Protect
|
|-heal|p1a: Volcarona|50/100|[from] Grassy Terrain
|-heal|p2b: Rillaboom|97/100|[from] Grassy Terrain
|upkeep
|turn|5
|
|t:|1756409301
|move|p1b: Tauros|Aqua Jet|p2a: Dragonite
|-resisted|p2a: Dragonite
|-damage|p2a: Dragonite|96/100
|move|p1a: Volcarona|Heat Wave|p2b: Rillaboom|[spread] p2a,p2b
|-resisted|p2a: Dragonite
|-supereffective|p2b: Rillaboom
|-damage|p2a: Dragonite|80/100
|-damage|p2b: Rillaboom|50/100
|-status|p2a: Dragonite|brn
|-status|p2b: Rillaboom|brn
|move|p2a: Dragonite|Scale Shot|p1a: Volcarona
|-damage|p1a: Volcarona|43/100
|-damage|p1a: Volcarona|34/100
|-damage|p1a: Volcarona|27/100
|-damage|p1a: Volcarona|19/100
|-damage|p1a: Volcarona|11/100
|-hitcount|p1a: Volcarona|5
|-unboost|p2a: Dragonite|def|1
|-boost|p2a: Dragonite|spe|1
|move|p2b: Rillaboom|Wood Hammer|p1b: Tauros
|-supereffective|p1b: Tauros
|-damage|p1b: Tauros|23/100
|-damage|p2b: Rillaboom|30/100 brn|[from] Recoil
|
|-heal|p1b: Tauros|29/100|[from] Grassy Terrain
|-heal|p1a: Volcarona|17/100|[from] Grassy Terrain
|-heal|p2b: Rillaboom|36/100 brn|[from] Grassy Terrain
|-damage|p2a: Dragonite|74/100 brn|[from] brn
|-damage|p2b: Rillaboom|30/100 brn|[from] brn
|-fieldend|move: Grassy Terrain
|upkeep
|turn|6
|c|☆snailboss|wow
|
|t:|1756409336
|move|p2a: Dragonite|Scale Shot|p1a: Volcarona
|-damage|p1a: Volcarona|9/100
|-damage|p1a: Volcarona|1/100
|-damage|p1a: Volcarona|0 fnt
|faint|p1a: Volcarona
|-hitcount|p1: Volcarona|3
|-unboost|p2a: Dragonite|def|1
|-boost|p2a: Dragonite|spe|1
|move|p1b: Tauros|Wave Crash|p2a: Dragonite
|-resisted|p2a: Dragonite
|-damage|p2a: Dragonite|23/100 brn
|-damage|p1b: Tauros|11/100|[from] Recoil
|move|p2b: Rillaboom|U-turn|p1b: Tauros
|-resisted|p1b: Tauros
|-damage|p1b: Tauros|6/100
|
|t:|1756409340
|switch|p2b: Sneasler|Sneasler, L50, M|100/100|[from] U-turn
|
|-damage|p2a: Dragonite|17/100 brn|[from] brn
|upkeep
|turn|7
|c|☆snailboss|gg
|-message|snailboss forfeited.
|
|win|ddx9000
|raw|snailboss's rating: 1272 → 1243(-29 for losing)
|raw|ddx9000's rating: 1223 → 1252(+29 for winning)
|l|☆ddx9000
|player|p2|
