|j|☆Rantix D Red
|j|☆ironstandseternal
|html|Rantix D Redironstandseternal    
|uhtml|bestof|Game 2 of a best-of-3
|t:|1757193592
|gametype|doubles
|player|p1|Rantix D Red|n|1088
|player|p2|ironstandseternal|flint|1195
|gen|9
|tier|[Gen 9] VGC 2025 Reg H (Bo3)
|rated|
|rule|Species Clause: Limit one of each Pokémon
|rule|Item Clause: Limit 1 of each item
|clearpoke
|poke|p1|Dragonite, L50, M|
|poke|p1|Ursaluna-Bloodmoon, L50, M|
|poke|p1|Talonflame, L50, M|
|poke|p1|Gholdengo, L50|
|poke|p1|Indeedee, L50, M|
|poke|p1|Sneasler, L50, M|
|poke|p2|Rillaboom, L50, M|
|poke|p2|Dragonite, L50, M|
|poke|p2|Sneasler, L50, M|
|poke|p2|Ninetales-Alola, L50, F|
|poke|p2|Kingambit, L50, M|
|poke|p2|Volcarona, L50, M|
|teampreview|4
|showteam|p1|Dragonite||LoadedDice|Multiscale|IceSpinner,ScaleShot,Haze,Protect|||M|||50|,,,,,Fairy]Ursaluna-Bloodmoon||LifeOrb|MindsEye|BloodMoon,HyperVoice,EarthPower,Protect|||M|||50|,,,,,Water]Talonflame||CovertCloak|GaleWings|DualWingbeat,WillOWisp,Tailwind,FlareBlitz|||M|||50|,,,,,Fairy]Gholdengo||Leftovers|GoodasGold|MakeItRain,NastyPlot,ShadowBall,Protect||||||50|,,,,,Water]Indeedee||ChoiceScarf|PsychicSurge|ExpandingForce,Psychic,Trick,TeraBlast|||M|||50|,,,,,Ground]Sneasler||PsychicSeed|Unburden|FakeOut,DireClaw,Protect,CloseCombat|||M|||50|,,,,,Ghost
|showteam|p2|Rillaboom||AssaultVest|GrassySurge|WoodHammer,GrassyGlide,HighHorsepower,FakeOut|||M|||50|,,,,,Fire]Dragonite||LoadedDice|Multiscale|Protect,ScaleShot,LowKick,Haze|||M|||50|,,,,,Fairy]Sneasler||WhiteHerb|Unburden|Protect,DireClaw,CloseCombat,Coaching|||M|||50|,,,,,Ghost]Ninetales-Alola||ChoiceSpecs|SnowWarning|Blizzard,IcyWind,Moonblast,FreezeDry|||F|||50|,,,,,Ghost]Kingambit||SafetyGoggles|Defiant|Protect,KowtowCleave,SuckerPunch,SwordsDance|||M|||50|,,,,,Dark]Volcarona||CovertCloak|FlameBody|StruggleBug,RagePowder,Overheat,WillOWisp|||M|||50|,,,,,Fairy
|inactive|Battle timer is ON: inactive players will automatically lose when time's up. (requested by Rantix D Red)
|inactive|ironstandseternal has 60 seconds left.
|inactive|ironstandseternal has 30 seconds left.
|
|t:|1757193662
|teamsize|p1|4
|teamsize|p2|4
|start
|switch|p1a: Talonflame|Talonflame, L50, M|100/100
|switch|p1b: Sneasler|Sneasler, L50, M|100/100
|switch|p2a: Sneasler|Sneasler, L50, M|100/100
|switch|p2b: Volcarona|Volcarona, L50, M|100/100
|turn|1
|inactive|Rantix D Red has 30 seconds left.
|inactive|Rantix D Red has 20 seconds left.
|
|t:|1757193701
|move|p1b: Sneasler|Protect|p1b: Sneasler
|-singleturn|p1b: Sneasler|Protect
|move|p2a: Sneasler|Protect|p2a: Sneasler
|-singleturn|p2a: Sneasler|Protect
|move|p1a: Talonflame|Tailwind|p1a: Talonflame
|-sidestart|p1: Rantix D Red|move: Tailwind
|move|p2b: Volcarona|Will-O-Wisp|p1b: Sneasler
|-activate|p1b: Sneasler|move: Protect
|
|upkeep
|turn|2
|inactive|ironstandseternal has 30 seconds left.
|
|t:|1757193727
|move|p2b: Volcarona|Rage Powder|p2b: Volcarona
|-singleturn|p2b: Volcarona|move: Rage Powder
|move|p1a: Talonflame|Dual Wingbeat|p2b: Volcarona
|-supereffective|p2b: Volcarona
|-damage|p2b: Volcarona|60/100
|-supereffective|p2b: Volcarona
|-damage|p2b: Volcarona|24/100
|-hitcount|p2b: Volcarona|2
|move|p1b: Sneasler|Dire Claw|p2b: Volcarona
|-damage|p2b: Volcarona|0 fnt
|faint|p2b: Volcarona
|move|p2a: Sneasler|Dire Claw|p1a: Talonflame
|-damage|p1a: Talonflame|46/100
|
|upkeep
|
|t:|1757193740
|switch|p2b: Dragonite|Dragonite, L50, M|100/100
|turn|3
|inactive|Rantix D Red has 30 seconds left.
|
|t:|1757193767
|move|p1a: Talonflame|Will-O-Wisp|p2b: Dragonite
|-status|p2b: Dragonite|brn
|move|p1b: Sneasler|Dire Claw|p2a: Sneasler
|-resisted|p2a: Sneasler
|-damage|p2a: Sneasler|65/100
|move|p2a: Sneasler|Coaching|p2b: Dragonite
|-boost|p2b: Dragonite|atk|1
|-boost|p2b: Dragonite|def|1
|move|p2b: Dragonite|Scale Shot|p1a: Talonflame
|-damage|p1a: Talonflame|28/100
|-damage|p1a: Talonflame|13/100
|-damage|p1a: Talonflame|0 fnt
|faint|p1a: Talonflame
|-hitcount|p1: Talonflame|3
|-unboost|p2b: Dragonite|def|1
|-boost|p2b: Dragonite|spe|1
|
|-damage|p2b: Dragonite|95/100 brn|[from] brn
|upkeep
|
|t:|1757193785
|switch|p1a: Indeedee|Indeedee, L50, M|100/100
|-fieldstart|move: Psychic Terrain|[from] ability: Psychic Surge|[of] p1a: Indeedee
|-enditem|p1b: Sneasler|Psychic Seed
|-boost|p1b: Sneasler|spd|1|[from] item: Psychic Seed
|turn|4
|inactive|ironstandseternal has 30 seconds left.
|
|t:|1757193814
|move|p2b: Dragonite|Protect|p2b: Dragonite
|-singleturn|p2b: Dragonite|Protect
|move|p2a: Sneasler|Protect|p2a: Sneasler
|-singleturn|p2a: Sneasler|Protect
|move|p1b: Sneasler|Dire Claw|p2b: Dragonite
|-activate|p2b: Dragonite|move: Protect
|move|p1a: Indeedee|Expanding Force|p2b: Dragonite|[spread] 
|-activate|p2a: Sneasler|move: Protect
|-activate|p2b: Dragonite|move: Protect
|
|-damage|p2b: Dragonite|89/100 brn|[from] brn
|-sideend|p1: Rantix D Red|move: Tailwind
|upkeep
|turn|5
|
|t:|1757193828
|switch|p2a: Rillaboom|Rillaboom, L50, M|100/100
|-fieldstart|move: Grassy Terrain|[from] ability: Grassy Surge|[of] p2a: Rillaboom
|move|p1b: Sneasler|Dire Claw|p2b: Dragonite
|-damage|p2b: Dragonite|38/100 brn
|move|p1a: Indeedee|Expanding Force|p2a: Rillaboom
|-damage|p2a: Rillaboom|68/100
|move|p2b: Dragonite|Scale Shot|p1a: Indeedee
|-damage|p1a: Indeedee|76/100
|-damage|p1a: Indeedee|51/100
|-damage|p1a: Indeedee|29/100
|-damage|p1a: Indeedee|5/100
|-damage|p1a: Indeedee|0 fnt
|faint|p1a: Indeedee
|-hitcount|p1: Indeedee|5
|-unboost|p2b: Dragonite|def|1
|-boost|p2b: Dragonite|spe|1
|
|-heal|p2a: Rillaboom|74/100|[from] Grassy Terrain
|-damage|p2b: Dragonite|32/100 brn|[from] brn
|upkeep
|
|t:|1757193844
|switch|p1a: Ursaluna|Ursaluna-Bloodmoon, L50, M|100/100
|turn|6
|inactive|Rantix D Red has 30 seconds left.
|inactive|ironstandseternal has 30 seconds left.
|
|t:|1757193873
|-terastallize|p1b: Sneasler|Ghost
|-terastallize|p2a: Rillaboom|Fire
|move|p2b: Dragonite|Protect|p2b: Dragonite
|-singleturn|p2b: Dragonite|Protect
|move|p1a: Ursaluna|Protect|p1a: Ursaluna
|-singleturn|p1a: Ursaluna|Protect
|move|p1b: Sneasler|Dire Claw|p2a: Rillaboom
|-damage|p2a: Rillaboom|34/100
|move|p2a: Rillaboom|Wood Hammer|p1a: Ursaluna
|-activate|p1a: Ursaluna|move: Protect
|
|-heal|p2a: Rillaboom|40/100|[from] Grassy Terrain
|-damage|p2b: Dragonite|26/100 brn|[from] brn
|upkeep
|turn|7
|inactive|Rantix D Red has 30 seconds left.
|
|t:|1757193904
|move|p2a: Rillaboom|Grassy Glide|p1a: Ursaluna
|-supereffective|p1a: Ursaluna
|-damage|p1a: Ursaluna|44/100
|move|p1b: Sneasler|Close Combat|p2a: Rillaboom
|-damage|p2a: Rillaboom|0 fnt
|-unboost|p1b: Sneasler|def|1
|-unboost|p1b: Sneasler|spd|1
|faint|p2a: Rillaboom
|move|p2b: Dragonite|Scale Shot|p1b: Sneasler|[miss]
|-miss|p2b: Dragonite|p1b: Sneasler
|move|p1a: Ursaluna|Hyper Voice|p2b: Dragonite
|-damage|p2b: Dragonite|0 fnt
|faint|p2b: Dragonite
|-damage|p1a: Ursaluna|34/100|[from] item: Life Orb
|
|-heal|p1a: Ursaluna|40/100|[from] Grassy Terrain
|upkeep
|
|t:|1757193918
|switch|p2b: Sneasler|Sneasler, L50, M|65/100
|turn|8
|inactive|ironstandseternal has 30 seconds left.
|inactive|ironstandseternal has 20 seconds left.
|
|t:|1757193955
|move|p1b: Sneasler|Close Combat|p2b: Sneasler
|-resisted|p2b: Sneasler
|-damage|p2b: Sneasler|12/100
|-unboost|p1b: Sneasler|def|1
|-unboost|p1b: Sneasler|spd|1
|move|p2b: Sneasler|Close Combat|p1a: Ursaluna
|-supereffective|p1a: Ursaluna
|-damage|p1a: Ursaluna|0 fnt
|-unboost|p2b: Sneasler|def|1
|-unboost|p2b: Sneasler|spd|1
|faint|p1a: Ursaluna
|-enditem|p2b: Sneasler|White Herb
|-clearnegativeboost|p2b: Sneasler|[silent]
|
|-heal|p2b: Sneasler|18/100|[from] Grassy Terrain
|upkeep
|turn|9
|
|t:|1757193972
|move|p2b: Sneasler|Protect|p2b: Sneasler
|-singleturn|p2b: Sneasler|Protect
|move|p1b: Sneasler|Close Combat|p2b: Sneasler
|-activate|p2b: Sneasler|move: Protect
|
|-heal|p2b: Sneasler|24/100|[from] Grassy Terrain
|-fieldend|move: Grassy Terrain
|upkeep
|turn|10
|
|t:|1757193982
|move|p1b: Sneasler|Close Combat|p2b: Sneasler
|-resisted|p2b: Sneasler
|-crit|p2b: Sneasler
|-damage|p2b: Sneasler|0 fnt
|-unboost|p1b: Sneasler|def|1
|-unboost|p1b: Sneasler|spd|1
|faint|p2b: Sneasler
|
|win|Rantix D Red
|raw|Rantix D Red's rating: 1088 → 1123(+35 for winning)
|raw|ironstandseternal's rating: 1195 → 1163(-32 for losing)
|l|☆Rantix D Red
|player|p1|
