|j|☆GregulationH
|j|☆thumbmuncher43
|html|GregulationHthumbmuncher43    
|uhtml|bestof|Game 1 of a best-of-3
|t:|1757819603
|gametype|doubles
|player|p1|GregulationH|lucas|1079
|player|p2|thumbmuncher43|101|1142
|gen|9
|tier|[Gen 9] VGC 2025 Reg H (Bo3)
|rated|
|rule|Species Clause: Limit one of each Pokémon
|rule|Item Clause: Limit 1 of each item
|clearpoke
|poke|p1|Dragonite, L50, M|
|poke|p1|Indeedee, L50, M|
|poke|p1|Sneasler, L50, F|
|poke|p1|Typhlosion-Hisui, L50, M|
|poke|p1|Ursaluna-Bloodmoon, L50, M|
|poke|p1|Whimsicott, L50, F|
|poke|p2|Dragonite, L50, F|
|poke|p2|Indeedee, L50, M|
|poke|p2|Incineroar, L50, F|
|poke|p2|Torkoal, L50, M|
|poke|p2|Gallade, L50, M|
|poke|p2|Sneasler, L50, F|
|teampreview|4
|showteam|p1|Dragonite||LoadedDice|Multiscale|ScaleShot,StompingTantrum,Haze,Protect|||M|||50|,,,,,Fairy]Indeedee||FocusSash|PsychicSurge|ExpandingForce,TeraBlast,Imprison,TrickRoom|||M|||50|,,,,,Fighting]Sneasler||PsychicSeed|Unburden|DireClaw,CloseCombat,ThroatChop,Protect|||F|||50|,,,,,Dark]Typhlosion-Hisui||ChoiceSpecs|Blaze|HeatWave,Eruption,ShadowBall,Flamethrower|||M|||50|,,,,,Fire]Ursaluna-Bloodmoon||AssaultVest|MindsEye|BloodMoon,HyperVoice,EarthPower,VacuumWave|||M|||50|,,,,,Normal]Whimsicott||CovertCloak|Prankster|Moonblast,Tailwind,Encore,SunnyDay|||F|||50|,,,,,Water
|showteam|p2|Dragonite||LoadedDice|Multiscale|ScaleShot,Protect,Haze,Tailwind|||F|||50|,,,,,Fairy]Indeedee||FocusSash|PsychicSurge|ExpandingForce,TeraBlast,TrickRoom,Protect|||M|||50|,,,,,Psychic]Incineroar||SafetyGoggles|Intimidate|FakeOut,KnockOff,PartingShot,FlareBlitz|||F|||50|,,,,,Ghost]Torkoal||EjectPack|Drought|Eruption,Protect,Overheat,HelpingHand|||M|||50|,,,,,Fire]Gallade||ClearAmulet|Sharpness|SacredSword,PsychoCut,TrickRoom,WideGuard|||M|||50|,,,,,Grass]Sneasler||PsychicSeed|Unburden|CloseCombat,DireClaw,Protect,FakeOut|||F|||50|,,,,,Stellar
|inactive|Battle timer is ON: inactive players will automatically lose when time's up. (requested by thumbmuncher43)
|inactive|GregulationH has 60 seconds left.
|
|t:|1757819653
|teamsize|p1|4
|teamsize|p2|4
|start
|switch|p1a: Whimsicott|Whimsicott, L50, F|100/100
|switch|p1b: Typhlosion|Typhlosion-Hisui, L50, M|100/100
|switch|p2a: Incineroar|Incineroar, L50, F|100/100
|switch|p2b: Sneasler|Sneasler, L50, F|100/100
|-ability|p2a: Incineroar|Intimidate|boost
|-unboost|p1a: Whimsicott|atk|1
|-unboost|p1b: Typhlosion|atk|1
|turn|1
|
|t:|1757819676
|switch|p1b: Sneasler|Sneasler, L50, F|100/100
|switch|p2a: Indeedee|Indeedee, L50, M|100/100
|-fieldstart|move: Psychic Terrain|[from] ability: Psychic Surge|[of] p2a: Indeedee
|-enditem|p2b: Sneasler|Psychic Seed
|-boost|p2b: Sneasler|spd|1|[from] item: Psychic Seed
|-enditem|p1b: Sneasler|Psychic Seed
|-boost|p1b: Sneasler|spd|1|[from] item: Psychic Seed
|move|p1a: Whimsicott|Tailwind|p1a: Whimsicott
|-sidestart|p1: GregulationH|move: Tailwind
|move|p2b: Sneasler|Dire Claw|p1b: Sneasler
|-resisted|p1b: Sneasler
|-damage|p1b: Sneasler|64/100
|
|upkeep
|turn|2
|inactive|GregulationH has 30 seconds left.
|
|t:|1757819707
|move|p1b: Sneasler|Throat Chop|p2a: Indeedee
|-supereffective|p2a: Indeedee
|-enditem|p2a: Indeedee|Focus Sash
|-damage|p2a: Indeedee|1/100
|-start|p2a: Indeedee|Throat Chop|[silent]
|move|p2b: Sneasler|Dire Claw|p1a: Whimsicott
|-supereffective|p1a: Whimsicott
|-damage|p1a: Whimsicott|0 fnt
|faint|p1a: Whimsicott
|move|p2a: Indeedee|Expanding Force|p1b: Sneasler
|-supereffective|p1b: Sneasler
|-damage|p1b: Sneasler|0 fnt
|faint|p1b: Sneasler
|
|upkeep
|
|t:|1757819719
|switch|p1a: Indeedee|Indeedee, L50, M|100/100
|switch|p1b: Typhlosion|Typhlosion-Hisui, L50, M|100/100
|turn|3
|
|t:|1757819729
|move|p2b: Sneasler|Protect|p2b: Sneasler
|-singleturn|p2b: Sneasler|Protect
|move|p2a: Indeedee|Protect|p2a: Indeedee
|-singleturn|p2a: Indeedee|Protect
|move|p1b: Typhlosion|Heat Wave|p2a: Indeedee|[spread] 
|-activate|p2a: Indeedee|move: Protect
|-activate|p2b: Sneasler|move: Protect
|move|p1a: Indeedee|Expanding Force|p2b: Sneasler|[spread] 
|-activate|p2a: Indeedee|move: Protect
|-activate|p2b: Sneasler|move: Protect
|
|-end|p2a: Indeedee|Throat Chop|[silent]
|upkeep
|turn|4
|
|t:|1757819752
|switch|p2b: Incineroar|Incineroar, L50, F|100/100
|-ability|p2b: Incineroar|Intimidate|boost
|-unboost|p1a: Indeedee|atk|1
|-unboost|p1b: Typhlosion|atk|1
|switch|p2a: Dragonite|Dragonite, L50, F, shiny|100/100
|move|p1b: Typhlosion|Heat Wave|p2a: Dragonite|[spread] p2a,p2b
|-resisted|p2a: Dragonite
|-resisted|p2b: Incineroar
|-crit|p2b: Incineroar
|-damage|p2a: Dragonite|86/100
|-damage|p2b: Incineroar|63/100
|move|p1a: Indeedee|Expanding Force|p2a: Dragonite|[spread] p2a
|-immune|p2b: Incineroar
|-damage|p2a: Dragonite|28/100
|
|-sideend|p1: GregulationH|move: Tailwind
|upkeep
|turn|5
|
|t:|1757819772
|-terastallize|p1a: Indeedee|Fighting
|move|p1b: Typhlosion|Heat Wave|p2a: Dragonite|[spread] p2b
|-miss|p1b: Typhlosion|p2a: Dragonite
|-resisted|p2b: Incineroar
|-damage|p2b: Incineroar|39/100
|move|p1a: Indeedee|Tera Blast|p2b: Incineroar|[anim] Tera Blast Fighting
|-supereffective|p2b: Incineroar
|-damage|p2b: Incineroar|0 fnt
|faint|p2b: Incineroar
|move|p2a: Dragonite|Tailwind|p2a: Dragonite
|-sidestart|p2: thumbmuncher43|move: Tailwind
|
|-fieldend|move: Psychic Terrain
|upkeep
|
|t:|1757819785
|switch|p2b: Indeedee|Indeedee, L50, M|1/100
|-fieldstart|move: Psychic Terrain|[from] ability: Psychic Surge|[of] p2b: Indeedee
|turn|6
|
|t:|1757819793
|move|p2b: Indeedee|Expanding Force|p1b: Typhlosion|[spread] p1a,p1b
|-supereffective|p1a: Indeedee
|-crit|p1b: Typhlosion
|-enditem|p1a: Indeedee|Focus Sash
|-damage|p1a: Indeedee|1/100
|-damage|p1b: Typhlosion|0 fnt
|faint|p1b: Typhlosion
|move|p2a: Dragonite|Scale Shot|p1a: Indeedee
|-damage|p1a: Indeedee|0 fnt
|faint|p1a: Indeedee
|-hitcount|p1: Indeedee|1
|
|win|thumbmuncher43
||GregulationH is ready for game 2.
||thumbmuncher43 is ready for game 2.
|uhtml|next|Next: Game 2 of 3
|l|☆thumbmuncher43
|player|p2|
