|j|☆Farkz7
|j|☆Marvcolor
|html|Farkz7Marvcolor    
|uhtml|bestof|Game 2 of a best-of-3
|t:|1784198297
|gametype|doubles
|player|p1|Farkz7|1|1076
|player|p2|Marvcolor|giovanni|1333
|gen|9
|tier|[Gen 9 Champions] VGC 2026 Reg M-B (Bo3)
|rated|
|rule|Species Clause: Limit one of each Pokémon
|rule|Item Clause: Limit 1 of each item
|clearpoke
|poke|p1|Slowking-Galar, L50, M|
|poke|p1|Crabominable, L50, F|
|poke|p1|Araquanid, L50, F|
|poke|p1|Abomasnow, L50, M|
|poke|p1|Spiritomb, L50, M|
|poke|p1|Hatterene, L50, F|
|poke|p2|Gengar, L50, M, shiny|
|poke|p2|Politoed, L50, F, shiny|
|poke|p2|Archaludon, L50, M, shiny|
|poke|p2|Swampert, L50, M, shiny|
|poke|p2|Incineroar, L50, F, shiny|
|poke|p2|Vivillon, L50, M, shiny|
|teampreview|4
|showteam|p1|Slowking-Galar||Leftovers|CuriousMedicine|ChillyReception,Protect,SludgeWave,Flamethrower|Calm||M|||50|]Crabominable||Crabominite|HyperCutter|MachPunch,IcePunch,DrainPunch,Protect|Adamant||F|||50|]Araquanid||CobaBerry|WaterBubble|WideGuard,Waterfall,PoisonJab,Protect|Sassy||F|||50|]Abomasnow||Abomasite|SnowWarning|Blizzard,GigaDrain,Protect,EarthPower|Modest||M|||50|]Spiritomb||SitrusBerry|Infiltrator|ShadowBall,RainDance,TrickRoom,Protect|Sassy||M|||50|]Hatterene||LifeOrb|MagicBounce|DazzlingGleam,Psychic,Protect,MysticalFire|Serious||F|||50|
|showteam|p2|Gengar||Gengarite|CursedBody|ShadowBall,SludgeBomb,PerishSong,Protect|Modest||M|||50|]Politoed||SitrusBerry|Drizzle|WeatherBall,PerishSong,Encore,Protect|Calm||F|||50|]Archaludon||Leftovers|Stamina|ElectroShot,DragonPulse,FlashCannon,Protect|Bold||M|||50|]Swampert||Swampertite|Damp|WaveCrash,Earthquake,IcePunch,Protect|Adamant||M|||50|]Incineroar||PasshoBerry|Intimidate|ThroatChop,PartingShot,Protect,FakeOut|Sassy||F|||50|]Vivillon||FocusSash|CompoundEyes|Hurricane,SleepPowder,RagePowder,Protect|Timid||M|||50|
|inactive|Battle timer is ON: inactive players will automatically lose when time's up. (requested by Marvcolor)
|j| drk2110
|
|t:|1784198323
|teamsize|p1|4
|teamsize|p2|4
|start
|switch|p1a: Abomasnow|Abomasnow, L50, M|100/100
|switch|p1b: Spiritomb|Spiritomb, L50, M|100/100
|switch|p2a: 3R|Swampert, L50, M, shiny|100/100
|switch|p2b: Time Walk|Vivillon, L50, M, shiny|100/100
|-weather|Snowscape|[from] ability: Snow Warning|[of] p1a: Abomasnow
|turn|1
|
|t:|1784198342
|switch|p2a: Centralian|Archaludon, L50, M, shiny|100/100
|detailschange|p1a: Abomasnow|Abomasnow-Mega, L50, M
|-mega|p1a: Abomasnow|Abomasnow|Abomasite
|move|p1b: Spiritomb|Protect|p1b: Spiritomb
|-singleturn|p1b: Spiritomb|Protect
|move|p2b: Time Walk|Sleep Powder|p1b: Spiritomb
|-activate|p1b: Spiritomb|move: Protect
|move|p1a: Abomasnow|Blizzard|p2b: Time Walk|[spread] p2a,p2b
|-supereffective|p2b: Time Walk|1
|-damage|p2a: Centralian|57/100
|-enditem|p2b: Time Walk|Focus Sash
|-damage|p2b: Time Walk|1/100
|-ability|p2a: Centralian|Stamina|boost
|-boost|p2a: Centralian|def|1
|
|-weather|Snowscape|[upkeep]
|-heal|p2a: Centralian|63/100|[from] item: Leftovers
|upkeep
|turn|2
|inactive|Farkz7 has 30 seconds left.
|
|t:|1784198369
|move|p2b: Time Walk|Sleep Powder|p1b: Spiritomb
|-status|p1b: Spiritomb|slp|[from] move: Sleep Powder
|move|p2a: Centralian|Flash Cannon|p1a: Abomasnow
|-supereffective|p1a: Abomasnow|1
|-damage|p1a: Abomasnow|38/100
|move|p1a: Abomasnow|Blizzard|p2b: Time Walk|[spread] p2a,p2b
|-supereffective|p2b: Time Walk|1
|-damage|p2a: Centralian|20/100y
|-damage|p2b: Time Walk|0 fnt
|-ability|p2a: Centralian|Stamina|boost
|-boost|p2a: Centralian|def|1
|faint|p2b: Time Walk
|cant|p1b: Spiritomb|slp
|
|-weather|Snowscape|[upkeep]
|-heal|p2a: Centralian|27/100|[from] item: Leftovers
|upkeep
|
|t:|1784198380
|switch|p2b: Connect|Politoed, L50, F, shiny|100/100
|-weather|RainDance|[from] ability: Drizzle|[of] p2b: Connect
|turn|3
|
|t:|1784198389
|move|p1a: Abomasnow|Protect|p1a: Abomasnow
|-singleturn|p1a: Abomasnow|Protect
|move|p2a: Centralian|Flash Cannon|p1a: Abomasnow
|-activate|p1a: Abomasnow|move: Protect
|move|p2b: Connect|Encore|p1b: Spiritomb
|-start|p1b: Spiritomb|Encore
|-curestatus|p1b: Spiritomb|slp|[msg]
|move|p1b: Spiritomb|Protect||[still]
|-fail|p1b: Spiritomb
|
|-weather|RainDance|[upkeep]
|-heal|p2a: Centralian|33/100|[from] item: Leftovers
|upkeep
|turn|4
|
|t:|1784198409
|switch|p1b: Crabominable|Crabominable, L50, F|100/100
|move|p1a: Abomasnow|Protect|p1a: Abomasnow
|-singleturn|p1a: Abomasnow|Protect
|move|p2a: Centralian|Electro Shot||[still]
|-prepare|p2a: Centralian|Electro Shot
|-boost|p2a: Centralian|spa|1
|-anim|p2a: Centralian|Electro Shot|p1b: Crabominable
|-damage|p1b: Crabominable|40/100
|move|p2b: Connect|Encore|p1a: Abomasnow
|-activate|p1a: Abomasnow|move: Protect
|
|-weather|RainDance|[upkeep]
|-heal|p2a: Centralian|39/100|[from] item: Leftovers
|upkeep
|turn|5
|inactive|Farkz7 has 30 seconds left.
|
|t:|1784198440
|switch|p2b: 3R|Swampert, L50, M, shiny|100/100
|switch|p1a: Spiritomb|Spiritomb, L50, M|100/100
|move|p1b: Crabominable|Protect|p1b: Crabominable
|-singleturn|p1b: Crabominable|Protect
|move|p2a: Centralian|Electro Shot||[still]
|-prepare|p2a: Centralian|Electro Shot
|-boost|p2a: Centralian|spa|1
|-anim|p2a: Centralian|Electro Shot|p1b: Crabominable
|-activate|p1b: Crabominable|move: Protect
|
|-weather|RainDance|[upkeep]
|-heal|p2a: Centralian|45/100|[from] item: Leftovers
|upkeep
|turn|6
|
|t:|1784198458
|detailschange|p2b: 3R|Swampert-Mega, L50, M, shiny
|-mega|p2b: 3R|Swampert|Swampertite
|move|p2b: 3R|Wave Crash|p1b: Crabominable
|-crit|p1b: Crabominable
|-damage|p1b: Crabominable|0 fnt
|faint|p1b: Crabominable
|-damage|p2b: 3R|85/100|[from] Recoil
|move|p2a: Centralian|Electro Shot||[still]
|-prepare|p2a: Centralian|Electro Shot
|-boost|p2a: Centralian|spa|1
|-anim|p2a: Centralian|Electro Shot|p1a: Spiritomb
|-damage|p1a: Spiritomb|24/100
|-enditem|p1a: Spiritomb|Sitrus Berry|[eat]
|-heal|p1a: Spiritomb|49/100|[from] item: Sitrus Berry
|move|p1a: Spiritomb|Trick Room|p1a: Spiritomb
|-fieldstart|move: Trick Room|[of] p1a: Spiritomb
|
|-weather|RainDance|[upkeep]
|-heal|p2a: Centralian|52/100|[from] item: Leftovers
|upkeep
|
|t:|1784198479
|switch|p1b: Abomasnow|Abomasnow-Mega, L50, M|38/100
|-weather|Snowscape|[from] ability: Snow Warning|[of] p1b: Abomasnow
|turn|7
|
|t:|1784198491
|switch|p1a: Hatterene|Hatterene, L50, F|100/100
|move|p2b: 3R|Protect|p2b: 3R
|-singleturn|p2b: 3R|Protect
|move|p1b: Abomasnow|Earth Power|p2a: Centralian
|-supereffective|p2a: Centralian|1
|-damage|p2a: Centralian|0 fnt
|faint|p2a: Centralian
|
|-weather|Snowscape|[upkeep]
|upkeep
|
|t:|1784198498
|switch|p2a: Connect|Politoed, L50, F, shiny|100/100
|-weather|RainDance|[from] ability: Drizzle|[of] p2a: Connect
|turn|8
|-message|Marvcolor forfeited.
|
|win|Farkz7
|l|☆Marvcolor
|player|p2|
||Marvcolor is ready for game 3.
|j|☆Marvcolor
|player|p2|Marvcolor|giovanni|
