|j|☆Miilanz
|j|☆EleRickVGC
|html|MiilanzEleRickVGC    
|uhtml|bestof|Game 2 of a best-of-3
|t:|1782220551
|gametype|doubles
|player|p1|Miilanz|caitlin|
|player|p2|EleRickVGC|2|
|gen|9
|tier|[Gen 9 Champions] VGC 2026 Reg M-B (Bo3)
|rule|Species Clause: Limit one of each Pokémon
|rule|Item Clause: Limit 1 of each item
|clearpoke
|poke|p1|Incineroar, L50, F|
|poke|p1|Mawile, L50, M|
|poke|p1|Farigiraf, L50, F|
|poke|p1|Delphox, L50, F|
|poke|p1|Sneasler, L50, F|
|poke|p1|Aerodactyl, L50, M|
|poke|p2|Pelipper, L50, F|
|poke|p2|Swampert, L50, M|
|poke|p2|Kingambit, L50, M|
|poke|p2|Sableye, L50, F|
|poke|p2|Sinistcha-Masterpiece, L50|
|poke|p2|Archaludon, L50, F|
|teampreview|4
|showteam|p1|Incineroar||Charcoal|Intimidate|FlareBlitz,PartingShot,FakeOut,ThroatChop|Adamant||F|||50|]Mawile||Mawilite|HyperCutter|PlayRough,SuckerPunch,IronHead,Protect|Adamant||M|||50|]Farigiraf||ColburBerry|ArmorTail|Psychic,Protect,TrickRoom,HyperVoice|Modest||F|||50|]Delphox||Delphoxite|Blaze|HeatWave,Psyshock,NastyPlot,Protect|Timid||F|||50|]Sneasler||WhiteHerb|Unburden|DireClaw,CloseCombat,FakeOut,Protect|Adamant||F|||50|]Aerodactyl||FocusSash|Unnerve|Tailwind,RockSlide,DualWingbeat,Protect|Jolly||M|||50|
|showteam|p2|Pelipper||FocusSash|Drizzle|WideGuard,Tailwind,WeatherBall,Hurricane|Timid||F|||50|]Swampert||Swampertite|Damp|WaveCrash,Earthquake,IcePunch,Protect|Adamant||M|||50|]Kingambit||ChopleBerry|Defiant|SuckerPunch,KowtowCleave,Protect,IronHead|Brave||M|||50|]Sableye||RoseliBerry|Prankster|Encore,WillOWisp,FoulPlay,RainDance|Impish||F|||50|]Sinistcha-Masterpiece||CobaBerry|Hospitality|StrengthSap,MatchaGotcha,RagePowder,LifeDew|Bold|||||50|]Archaludon||Leftovers|Stamina|ElectroShot,DracoMeteor,FlashCannon,Protect|Modest||F|||50|
|
|t:|1782220583
|teamsize|p1|4
|teamsize|p2|4
|start
|switch|p1a: Incineroar|Incineroar, L50, F|100/100
|switch|p1b: Farigiraf|Farigiraf, L50, F|100/100
|switch|p2a: Sableye|Sableye, L50, F|100/100
|switch|p2b: Kingambit|Kingambit, L50, M|100/100
|-ability|p1a: Incineroar|Intimidate|boost
|-unboost|p2a: Sableye|atk|1
|-unboost|p2b: Kingambit|atk|1
|-ability|p2b: Kingambit|Defiant|boost
|-boost|p2b: Kingambit|atk|2
|turn|1
|
|t:|1782220603
|move|p2a: Sableye|Rain Dance|p2a: Sableye
|-weather|RainDance
|move|p1b: Farigiraf|Hyper Voice|p2a: Sableye|[spread] p2b
|-immune|p2a: Sableye
|-resisted|p2b: Kingambit|1
|-crit|p2b: Kingambit
|-damage|p2b: Kingambit|79/100
|move|p1a: Incineroar|Flare Blitz|p2b: Kingambit
|-supereffective|p2b: Kingambit|1
|-damage|p2b: Kingambit|33/100
|-damage|p1a: Incineroar|83/100|[from] Recoil
|move|p2b: Kingambit|Kowtow Cleave|p1b: Farigiraf
|-supereffective|p1b: Farigiraf|1
|-enditem|p1b: Farigiraf|Colbur Berry|[eat]
|-enditem|p1b: Farigiraf|Colbur Berry|[weaken]
|-damage|p1b: Farigiraf|35/100
|
|-weather|RainDance|[upkeep]
|upkeep
|turn|2
|
|t:|1782220625
|switch|p1b: Sneasler|Sneasler, L50, F|100/100
|move|p2b: Kingambit|Protect|p2b: Kingambit
|-singleturn|p2b: Kingambit|Protect
|move|p1a: Incineroar|Flare Blitz|p2b: Kingambit
|-activate|p2b: Kingambit|move: Protect
|move|p2a: Sableye|Foul Play|p1b: Sneasler
|-resisted|p1b: Sneasler|1
|-damage|p1b: Sneasler|64/100
|
|-weather|RainDance|[upkeep]
|upkeep
|turn|3
|
|t:|1782220639
|switch|p1a: Farigiraf|Farigiraf, L50, F|35/100
|switch|p2b: Sinistcha|Sinistcha-Masterpiece, L50|100/100
|move|p2a: Sableye|Will-O-Wisp||[still]
|cant|p1a: Farigiraf|ability: Armor Tail|Will-O-Wisp|[of] p2a: Sableye
|move|p1b: Sneasler|Close Combat|p2b: Sinistcha
|-immune|p2b: Sinistcha
|
|-weather|RainDance|[upkeep]
|upkeep
|turn|4
|j| losersito
|
|t:|1782220664
|switch|p1b: Mawile|Mawile, L50, M|100/100
|switch|p2a: Kingambit|Kingambit, L50, M|33/100
|move|p2b: Sinistcha|Rage Powder|p2b: Sinistcha
|-singleturn|p2b: Sinistcha|move: Rage Powder
|move|p1a: Farigiraf|Trick Room|p1a: Farigiraf
|-fieldstart|move: Trick Room|[of] p1a: Farigiraf
|
|-weather|RainDance|[upkeep]
|upkeep
|turn|5
|
|t:|1782220677
|detailschange|p1b: Mawile|Mawile-Mega, L50, M
|-mega|p1b: Mawile|Mawile|Mawilite
|move|p2a: Kingambit|Protect|p2a: Kingambit
|-singleturn|p2a: Kingambit|Protect
|move|p1b: Mawile|Play Rough|p2a: Kingambit
|-activate|p2a: Kingambit|move: Protect
|move|p1a: Farigiraf|Psychic|p2b: Sinistcha
|-damage|p2b: Sinistcha|58/100
|move|p2b: Sinistcha|Matcha Gotcha|p1a: Farigiraf|[spread] p1b
|-miss|p2b: Sinistcha|p1a: Farigiraf
|-resisted|p1b: Mawile|1
|-damage|p1b: Mawile|86/100
|-heal|p2b: Sinistcha|64/100|[from] drain|[of] p1b: Mawile
|
|-weather|none
|upkeep
|turn|6
|
|t:|1782220708
|switch|p2a: Pelipper|Pelipper, L50, F|100/100
|-weather|RainDance|[from] ability: Drizzle|[of] p2a: Pelipper
|switch|p1a: Sneasler|Sneasler, L50, F|64/100
|move|p1b: Mawile|Play Rough|p2a: Pelipper
|-enditem|p2a: Pelipper|Focus Sash
|-damage|p2a: Pelipper|1/100
|move|p2b: Sinistcha|Matcha Gotcha|p1a: Sneasler|[spread] p1a,p1b
|-resisted|p1a: Sneasler|1
|-resisted|p1b: Mawile|1
|-damage|p1a: Sneasler|49/100
|-heal|p2b: Sinistcha|71/100|[from] drain|[of] p1a: Sneasler
|-damage|p1b: Mawile|72/100
|-heal|p2b: Sinistcha|78/100|[from] drain|[of] p1b: Mawile
|
|-weather|RainDance|[upkeep]
|upkeep
|turn|7
|
|t:|1782220733
|move|p1a: Sneasler|Fake Out|p2a: Pelipper
|-damage|p2a: Pelipper|0 fnt
|faint|p2a: Pelipper
|move|p2b: Sinistcha|Rage Powder|p2b: Sinistcha
|-singleturn|p2b: Sinistcha|move: Rage Powder
|move|p1b: Mawile|Play Rough|p2b: Sinistcha
|-damage|p2b: Sinistcha|14/100
|
|-weather|RainDance|[upkeep]
|upkeep
|
|t:|1782220745
|switch|p2a: Sableye|Sableye, L50, F|100/100
|turn|8
|
|t:|1782220760
|switch|p1a: Farigiraf|Farigiraf, L50, F|35/100
|move|p2a: Sableye|Foul Play|p1a: Farigiraf
|-supereffective|p1a: Farigiraf|1
|-damage|p1a: Farigiraf|0 fnt
|faint|p1a: Farigiraf
|move|p1b: Mawile|Play Rough|p2a: Sableye
|-supereffective|p2a: Sableye|1
|-enditem|p2a: Sableye|Roseli Berry|[eat]
|-enditem|p2a: Sableye|Roseli Berry|[weaken]
|-damage|p2a: Sableye|15/100
|move|p2b: Sinistcha|Strength Sap|p1b: Mawile
|-unboost|p1b: Mawile|atk|1
|-heal|p2b: Sinistcha|100/100
|
|-weather|RainDance|[upkeep]
|-fieldend|move: Trick Room
|upkeep
|
|t:|1782220774
|switch|p1a: Incineroar|Incineroar, L50, F|83/100
|-ability|p1a: Incineroar|Intimidate|boost
|-unboost|p2a: Sableye|atk|1
|-unboost|p2b: Sinistcha|atk|1
|turn|9
|
|t:|1782220789
|move|p1b: Mawile|Protect|p1b: Mawile
|-singleturn|p1b: Mawile|Protect
|move|p2a: Sableye|Will-O-Wisp|p1b: Mawile
|-activate|p1b: Mawile|move: Protect
|move|p2b: Sinistcha|Life Dew||[still]|[spread] p2a,p2b
|-heal|p2a: Sableye|40/100
|-fail|p2b: Sinistcha|heal
|move|p1a: Incineroar|Flare Blitz|p2b: Sinistcha
|-supereffective|p2b: Sinistcha|1
|-damage|p2b: Sinistcha|46/100
|-damage|p1a: Incineroar|67/100|[from] Recoil
|
|-weather|RainDance|[upkeep]
|upkeep
|turn|10
|
|t:|1782220809
|switch|p1b: Sneasler|Sneasler, L50, F|49/100
|move|p2a: Sableye|Encore||[still]
|-fail|p2a: Sableye
|move|p2b: Sinistcha|Strength Sap|p1a: Incineroar
|-unboost|p1a: Incineroar|atk|1
|-heal|p2b: Sinistcha|100/100
|move|p1a: Incineroar|Flare Blitz|p2b: Sinistcha
|-supereffective|p2b: Sinistcha|1
|-damage|p2b: Sinistcha|61/100
|-damage|p1a: Incineroar|56/100|[from] Recoil
|
|-weather|none
|upkeep
|turn|11
|l| losersito
|
|t:|1782220835
|switch|p2b: Kingambit|Kingambit, L50, M|33/100
|move|p2a: Sableye|Will-O-Wisp|p1b: Sneasler
|-status|p1b: Sneasler|brn
|move|p1b: Sneasler|Dire Claw|p2b: Kingambit
|-immune|p2b: Kingambit
|move|p1a: Incineroar|Parting Shot|p2a: Sableye
|-unboost|p2a: Sableye|atk|1
|-unboost|p2a: Sableye|spa|1
|
|t:|1782220845
|switch|p1a: Mawile|Mawile-Mega, L50, M|72/100|[from] Parting Shot
|
|-damage|p1b: Sneasler|43/100 brn|[from] brn
|upkeep
|turn|12
|
|t:|1782220859
|switch|p2a: Sinistcha|Sinistcha-Masterpiece, L50|61/100
|-heal|p2b: Kingambit|57/100|[from] ability: Hospitality|[of] p2a: Sinistcha
|move|p1b: Sneasler|Close Combat|p2b: Kingambit
|-supereffective|p2b: Kingambit|2
|-enditem|p2b: Kingambit|Chople Berry|[eat]
|-enditem|p2b: Kingambit|Chople Berry|[weaken]
|-damage|p2b: Kingambit|16/100
|-unboost|p1b: Sneasler|def|1
|-unboost|p1b: Sneasler|spd|1
|-enditem|p1b: Sneasler|White Herb
|-clearnegativeboost|p1b: Sneasler|[silent]
|move|p1a: Mawile|Play Rough|p2a: Sinistcha
|-damage|p2a: Sinistcha|0 fnt
|faint|p2a: Sinistcha
|move|p2b: Kingambit|Iron Head|p1a: Mawile
|-damage|p1a: Mawile|26/100
|
|-damage|p1b: Sneasler|37/100 brn|[from] brn
|upkeep
|
|t:|1782220879
|switch|p2a: Sableye|Sableye, L50, F|40/100
|turn|13
|
|t:|1782220886
|move|p2b: Kingambit|Protect|p2b: Kingambit
|-singleturn|p2b: Kingambit|Protect
|move|p1b: Sneasler|Close Combat|p2b: Kingambit
|-activate|p2b: Kingambit|move: Protect
|move|p1a: Mawile|Play Rough|p2a: Sableye
|-supereffective|p2a: Sableye|1
|-damage|p2a: Sableye|0 fnt
|faint|p2a: Sableye
|
|-damage|p1b: Sneasler|31/100 brn|[from] brn
|upkeep
|turn|14
|
|t:|1782220901
|move|p1b: Sneasler|Close Combat|p2b: Kingambit
|-supereffective|p2b: Kingambit|2
|-damage|p2b: Kingambit|0 fnt
|-unboost|p1b: Sneasler|def|1
|-unboost|p1b: Sneasler|spd|1
|faint|p2b: Kingambit
|
|win|Miilanz
|c|☆EleRickVGC|Gg
|c|☆Miilanz|gg
||Miilanz is ready for game 3.
||EleRickVGC is ready for game 3.
|uhtml|next|Next: Game 3 of 3
|l|☆EleRickVGC
|player|p2|
