|j|☆daviisiiitoo
|j|☆dman6222
|html|daviisiiitoodman6222    
|uhtml|bestof|Game 2 of a best-of-3
|t:|1782754241
|gametype|doubles
|player|p1|daviisiiitoo|169|1079
|player|p2|dman6222|ninjaboy|1000
|gen|9
|tier|[Gen 9 Champions] VGC 2026 Reg M-B (Bo3)
|rated|
|rule|Species Clause: Limit one of each Pokémon
|rule|Item Clause: Limit 1 of each item
|clearpoke
|poke|p1|Kingambit, L50, F|
|poke|p1|Sylveon, L50, F|
|poke|p1|Garchomp, L50, F|
|poke|p1|Aerodactyl, L50, M|
|poke|p1|Farigiraf, L50, M|
|poke|p1|Charizard, L50, F|
|poke|p2|Sableye, L50, F, shiny|
|poke|p2|Blastoise, L50, M, shiny|
|poke|p2|Basculegion, L50, M, shiny|
|poke|p2|Whimsicott, L50, M, shiny|
|poke|p2|Archaludon, L50, F, shiny|
|poke|p2|Scrafty, L50, F, shiny|
|teampreview|4
|showteam|p1|Kingambit||FocusSash|Defiant|IronHead,SuckerPunch,KowtowCleave,LowKick|Adamant||F|||50|]Sylveon||FairyFeather|Pixilate|Detect,HyperVoice,HyperBeam,QuickAttack|Modest||F|||50|]Garchomp||LifeOrb|RoughSkin|Protect,DragonClaw,Earthquake,StompingTantrum|Jolly||F|||50|]Aerodactyl||Aerodactylite|RockHead|IceFang,RockSlide,Tailwind,DualWingbeat|Jolly||M|||50|]Farigiraf||SitrusBerry|ArmorTail|TrickRoom,Psychic,Thunderbolt,Roar|Bold||M|||50|]Charizard||CharizarditeY|Blaze|Protect,HeatWave,SolarBeam,WeatherBall|Modest||F|||50|
|showteam|p2|Sableye||DampRock|Prankster|FoulPlay,ThunderWave,WillOWisp,RainDance|Careful||F|||50|]Blastoise||Blastoisinite|RainDish|FakeOut,IceBeam,WaterPulse,AuraSphere|Modest||M|||50|]Basculegion||FocusSash|SwiftSwim|Liquidation,LastRespects,AquaJet,Protect|Adamant||M|||50|]Whimsicott||SitrusBerry|Prankster|Tailwind,Encore,Moonblast,LeechSeed|Calm||M|||50|]Archaludon||QuickClaw|Stamina|ElectroShot,DracoMeteor,FlashCannon,Protect|Timid||F|||50|]Scrafty||Scraftinite|ShedSkin|KnockOff,Detect,Taunt,DrainPunch|Jolly||F|||50|
|inactive|Battle timer is ON: inactive players will automatically lose when time's up. (requested by daviisiiitoo)
|
|t:|1782754300
|teamsize|p1|4
|teamsize|p2|4
|start
|switch|p1a: Charizard|Charizard, L50, F|100/100
|switch|p1b: Sylveon|Sylveon, L50, F|100/100
|switch|p2a: Blastoise|Blastoise, L50, M, shiny|100/100
|switch|p2b: Archaludon|Archaludon, L50, F, shiny|100/100
|turn|1
|-activate|p2b: Archaludon|item: Quick Claw
|
|t:|1782754322
|move|p1a: Charizard|Protect|p1a: Charizard
|-singleturn|p1a: Charizard|Protect
|move|p1b: Sylveon|Detect|p1b: Sylveon
|-singleturn|p1b: Sylveon|Protect
|move|p2a: Blastoise|Fake Out|p1b: Sylveon
|-activate|p1b: Sylveon|move: Protect
|move|p2b: Archaludon|Electro Shot||[still]
|-prepare|p2b: Archaludon|Electro Shot
|-boost|p2b: Archaludon|spa|1
|
|upkeep
|turn|2
|inactive|daviisiiitoo has 30 seconds left.
|
|t:|1782754350
|switch|p1a: Farigiraf|Farigiraf, L50, M|100/100
|move|p2b: Archaludon|Electro Shot|p1a: Farigiraf|[from] lockedmove
|-damage|p1a: Farigiraf|37/100
|-enditem|p1a: Farigiraf|Sitrus Berry|[eat]
|-heal|p1a: Farigiraf|62/100|[from] item: Sitrus Berry
|move|p2a: Blastoise|Ice Beam|p1b: Sylveon
|-damage|p1b: Sylveon|79/100
|move|p1b: Sylveon|Hyper Voice|p2a: Blastoise|[spread] p2a,p2b
|-damage|p2a: Blastoise|58/100
|-damage|p2b: Archaludon|32/100
|-ability|p2b: Archaludon|Stamina|boost
|-boost|p2b: Archaludon|def|1
|
|upkeep
|turn|3
|inactive|dman6222 has 30 seconds left.
|inactive|dman6222 has 20 seconds left.
|inactive|dman6222 has 15 seconds left.
|-activate|p2b: Archaludon|item: Quick Claw
|
|t:|1782754392
|move|p2b: Archaludon|Protect|p2b: Archaludon
|-singleturn|p2b: Archaludon|Protect
|move|p1b: Sylveon|Detect|p1b: Sylveon
|-singleturn|p1b: Sylveon|Protect
|move|p2a: Blastoise|Water Pulse|p1b: Sylveon
|-activate|p1b: Sylveon|move: Protect
|move|p1a: Farigiraf|Roar|p2b: Archaludon
|drag|p2b: Basculegion|Basculegion, L50, M, shiny|100/100
|
|upkeep
|turn|4
|inactive|daviisiiitoo has 30 seconds left.
|inactive|dman6222 has 30 seconds left.
|
|t:|1782754422
|switch|p1b: Kingambit|Kingambit, L50, F|100/100
|move|p2b: Basculegion|Liquidation|p1a: Farigiraf
|-damage|p1a: Farigiraf|29/100
|move|p2a: Blastoise|Water Pulse|p1b: Kingambit
|-damage|p1b: Kingambit|72/100
|move|p1a: Farigiraf|Trick Room|p1a: Farigiraf
|-fieldstart|move: Trick Room|[of] p1a: Farigiraf
|
|upkeep
|turn|5
|inactive|daviisiiitoo has 30 seconds left.
|
|t:|1782754449
|move|p2b: Basculegion|Protect|p2b: Basculegion
|-singleturn|p2b: Basculegion|Protect
|move|p1a: Farigiraf|Thunderbolt|p2a: Blastoise
|-supereffective|p2a: Blastoise|1
|-damage|p2a: Blastoise|17/100
|move|p2a: Blastoise|Aura Sphere|p1b: Kingambit
|-supereffective|p1b: Kingambit|2
|-damage|p1b: Kingambit|0 fnt
|faint|p1b: Kingambit
|
|upkeep
|
|t:|1782754461
|switch|p1b: Sylveon|Sylveon, L50, F|79/100
|turn|6
|inactive|dman6222 has 30 seconds left.
|
|t:|1782754488
|switch|p2a: Archaludon|Archaludon, L50, F, shiny|32/100
|move|p1b: Sylveon|Detect|p1b: Sylveon
|-singleturn|p1b: Sylveon|Protect
|move|p1a: Farigiraf|Thunderbolt|p2b: Basculegion
|-supereffective|p2b: Basculegion|1
|-damage|p2b: Basculegion|46/100
|move|p2b: Basculegion|Liquidation|p1a: Farigiraf
|-damage|p1a: Farigiraf|0 fnt
|faint|p1a: Farigiraf
|
|upkeep
|
|t:|1782754498
|switch|p1a: Charizard|Charizard, L50, F|100/100
|turn|7
|
|t:|1782754511
|detailschange|p1a: Charizard|Charizard-Mega-Y, L50, F
|-mega|p1a: Charizard|Charizard|Charizardite Y
|-weather|SunnyDay|[from] ability: Drought|[of] p1a: Charizard
|move|p2b: Basculegion|Protect|p2b: Basculegion
|-singleturn|p2b: Basculegion|Protect
|move|p2a: Archaludon|Protect|p2a: Archaludon
|-singleturn|p2a: Archaludon|Protect
|move|p1b: Sylveon|Hyper Voice|p2a: Archaludon|[spread] 
|-activate|p2a: Archaludon|move: Protect
|-activate|p2b: Basculegion|move: Protect
|move|p1a: Charizard|Solar Beam||[still]
|-prepare|p1a: Charizard|Solar Beam
|-anim|p1a: Charizard|Solar Beam|p2b: Basculegion
|-activate|p2b: Basculegion|move: Protect
|
|-weather|SunnyDay|[upkeep]
|upkeep
|turn|8
|inactive|dman6222 has 30 seconds left.
|inactive|dman6222 has 20 seconds left.
|
|t:|1782754546
|switch|p2b: Blastoise|Blastoise, L50, M, shiny|17/100
|move|p2a: Archaludon|Protect||[still]
|-fail|p2a: Archaludon
|move|p1b: Sylveon|Hyper Voice|p2a: Archaludon|[spread] p2a,p2b
|-damage|p2a: Archaludon|0 fnt
|-damage|p2b: Blastoise|0 fnt
|faint|p2a: Archaludon
|faint|p2b: Blastoise
|move|p1a: Charizard|Solar Beam||[still]
|-prepare|p1a: Charizard|Solar Beam
|-anim|p1a: Charizard|Solar Beam|p2: Archaludon|[notarget]
|-fail|p1a: Charizard
|
|-weather|SunnyDay|[upkeep]
|-fieldend|move: Trick Room
|upkeep
|
|t:|1782754560
|switch|p2a: Basculegion|Basculegion, L50, M, shiny|46/100
|switch|p2b: Sableye|Sableye, L50, F, shiny|100/100
|turn|9
|inactive|daviisiiitoo has 30 seconds left.
|
|t:|1782754587
|move|p1b: Sylveon|Detect|p1b: Sylveon
|-singleturn|p1b: Sylveon|Protect
|move|p2b: Sableye|Rain Dance|p2b: Sableye
|-weather|RainDance
|move|p2a: Basculegion|Liquidation|p1b: Sylveon
|-activate|p1b: Sylveon|move: Protect
|move|p1a: Charizard|Weather Ball|p2a: Basculegion
|-resisted|p2a: Basculegion|1
|-damage|p2a: Basculegion|13/100
|
|-weather|RainDance|[upkeep]
|upkeep
|turn|10
|
|t:|1782754607
|move|p1b: Sylveon|Quick Attack|p2a: Basculegion
|-damage|p2a: Basculegion|0 fnt
|faint|p2a: Basculegion
|move|p2b: Sableye|Thunder Wave|p1b: Sylveon
|-status|p1b: Sylveon|par
|move|p1a: Charizard|Weather Ball|p2b: Sableye
|-damage|p2b: Sableye|34/100
|
|-weather|RainDance|[upkeep]
|upkeep
|turn|11
|-message|dman6222 forfeited.
|raw|daviisiiitoo's rating: 1079 → 1101(+22 for winning)
|raw|dman6222's rating: 1000 → 1000(+0 for losing)
|
|win|daviisiiitoo
|l|☆dman6222
|player|p2|
