|j|‽Malgooee
|j|☆a wonder year
|html|Malgooeea wonder year    
|uhtml|bestof|Game 3 of a best-of-3
|t:|1756996615
|gametype|doubles
|player|p1|Malgooee|169|1028
|player|p2|a wonder year|miku-fairy|1000
|gen|9
|tier|[Gen 9] VGC 2025 Reg H (Bo3)
|rated|
|rule|Species Clause: Limit one of each Pokémon
|rule|Item Clause: Limit 1 of each item
|clearpoke
|poke|p1|Gothitelle, L50, M|
|poke|p1|Archaludon, L50, M|
|poke|p1|Amoonguss, L50, M|
|poke|p1|Politoed, L50, M|
|poke|p1|Rillaboom, L50, M|
|poke|p1|Kingdra, L50, M|
|poke|p2|Annihilape, L50, M|
|poke|p2|Sinistcha, L50|
|poke|p2|Maushold-Four, L50|
|poke|p2|Klefki, L50, F|
|poke|p2|Ursaluna-Bloodmoon, L50, M|
|poke|p2|Ninetales-Alola, L50, F|
|teampreview|4
|showteam|p1|Gothitelle||Leftovers|ShadowTag|TrickRoom,FakeOut,Protect,Taunt|||M|||50|,,,,,Grass]Archaludon||AssaultVest|Stamina|BodyPress,DracoMeteor,ElectroShot,Snarl|||M|||50|,,,,,Electric]Amoonguss||RockyHelmet|Regenerator|Spore,Protect,RagePowder,SludgeBomb|||M|||50|,,,,,Dark]Politoed||SitrusBerry|Drizzle|PerishSong,Protect,Encore,WeatherBall|||M|||50|,,,,,Grass]Rillaboom||ClearAmulet|GrassySurge|Protect,FakeOut,SwordsDance,WoodHammer|||M|||50|,,,,,Fire]Kingdra||LifeOrb|SwiftSwim|Disable,Protect,DracoMeteor,WeatherBall|||M|||50|,,,,,Grass
|showteam|p2|Annihilape||Leftovers|Defiant|RageFist,DrainPunch,BulkUp,Protect|||M|||50|,,,,,Fire]Sinistcha||SitrusBerry|Hospitality|MatchaGotcha,RagePowder,StrengthSap,LifeDew||||||50|,,,,,Dark]Maushold-Four||SafetyGoggles|FriendGuard|FollowMe,BeatUp,Taunt,HelpingHand||||||50|,,,,,Ghost]Klefki||LightClay|Prankster|DazzlingGleam,Reflect,LightScreen,MistyTerrain|||F|||50|,,,,,Ghost]Ursaluna-Bloodmoon||AssaultVest|MindsEye|EarthPower,BloodMoon,HyperVoice,VacuumWave|||M|||50|,,,,,Normal]Ninetales-Alola||FocusSash|SnowWarning|Blizzard,FreezeDry,Encore,Protect|||F|||50|,,,,,Ghost
|inactive|Battle timer is ON: inactive players will automatically lose when time's up. (requested by Malgooee)
|j| Escalon209
|
|t:|1756996635
|teamsize|p1|4
|teamsize|p2|4
|start
|switch|p1a: Politoed|Politoed, L50, M|100/100
|switch|p1b: Archaludon|Archaludon, L50, M|100/100
|switch|p2a: Another Disaster|Ursaluna-Bloodmoon, L50, M|100/100
|switch|p2b: JesusChristI’m26|Klefki, L50, F|100/100
|-weather|RainDance|[from] ability: Drizzle|[of] p1a: Politoed
|turn|1
|inactive|Malgooee has 30 seconds left.
|inactive|Malgooee has 20 seconds left.
|inactive|Malgooee has 15 seconds left.
|inactive|Malgooee has 10 seconds left.
|
|t:|1756996681
|-terastallize|p2a: Another Disaster|Normal
|move|p2b: JesusChristI’m26|Light Screen|p2b: JesusChristI’m26
|-sidestart|p2: a wonder year|move: Light Screen
|move|p1b: Archaludon|Body Press|p2a: Another Disaster
|-supereffective|p2a: Another Disaster
|-damage|p2a: Another Disaster|64/100
|move|p1a: Politoed|Weather Ball|p2a: Another Disaster
|-damage|p2a: Another Disaster|39/100
|move|p2a: Another Disaster|Earth Power|p1b: Archaludon
|-supereffective|p1b: Archaludon
|-damage|p1b: Archaludon|32/100
|-ability|p1b: Archaludon|Stamina|boost
|-boost|p1b: Archaludon|def|1
|
|-weather|RainDance|[upkeep]
|upkeep
|turn|2
|
|t:|1756996709
|switch|p2a: 40 Hour Ride Home|Annihilape, L50, M|100/100
|-terastallize|p1b: Archaludon|Electric
|move|p1b: Archaludon|Electro Shot||[still]
|-prepare|p1b: Archaludon|Electro Shot
|-boost|p1b: Archaludon|spa|1
|-anim|p1b: Archaludon|Electro Shot|p2a: 40 Hour Ride Home
|-damage|p2a: 40 Hour Ride Home|41/100
|move|p1a: Politoed|Weather Ball|p2b: JesusChristI’m26
|-damage|p2b: JesusChristI’m26|71/100
|move|p2b: JesusChristI’m26|Dazzling Gleam|p1b: Archaludon|[spread] p1a,p1b
|-damage|p1a: Politoed|85/100
|-damage|p1b: Archaludon|19/100
|-ability|p1b: Archaludon|Stamina|boost
|-boost|p1b: Archaludon|def|1
|
|-weather|RainDance|[upkeep]
|-heal|p2a: 40 Hour Ride Home|47/100|[from] item: Leftovers
|upkeep
|turn|3
|inactive|Malgooee has 30 seconds left.
|
|t:|1756996739
|switch|p2b: Conjuring Ghosts|Sinistcha, L50|100/100
|-heal|p2a: 40 Hour Ride Home|72/100|[from] ability: Hospitality|[of] p2b: Conjuring Ghosts
|move|p2a: 40 Hour Ride Home|Rage Fist|p1b: Archaludon
|-damage|p1b: Archaludon|0 fnt
|faint|p1b: Archaludon
|move|p1a: Politoed|Weather Ball|p2a: 40 Hour Ride Home
|-damage|p2a: 40 Hour Ride Home|40/100
|
|-weather|RainDance|[upkeep]
|-heal|p2a: 40 Hour Ride Home|46/100|[from] item: Leftovers
|upkeep
|
|t:|1756996755
|switch|p1b: Kingdra|Kingdra, L50, M|100/100
|turn|4
|inactive|Malgooee has 30 seconds left.
|
|t:|1756996786
|switch|p2a: JesusChristI’m26|Klefki, L50, F|71/100
|switch|p1a: Amoonguss|Amoonguss, L50, M|100/100
|move|p1b: Kingdra|Weather Ball|p2a: JesusChristI’m26
|-damage|p2a: JesusChristI’m26|11/100
|-damage|p1b: Kingdra|91/100|[from] item: Life Orb
|move|p2b: Conjuring Ghosts|Matcha Gotcha|p1a: Amoonguss|[spread] p1a,p1b
|-resisted|p1a: Amoonguss
|-damage|p1a: Amoonguss|96/100
|-damage|p1b: Kingdra|62/100
|
|-weather|RainDance|[upkeep]
|upkeep
|turn|5
|inactive|Malgooee has 30 seconds left.
|
|t:|1756996818
|move|p2a: JesusChristI’m26|Misty Terrain|p2a: JesusChristI’m26
|-fieldstart|move: Misty Terrain
|move|p1b: Kingdra|Weather Ball|p2a: JesusChristI’m26
|-damage|p2a: JesusChristI’m26|0 fnt
|faint|p2a: JesusChristI’m26
|-damage|p1b: Kingdra|53/100|[from] item: Life Orb
|move|p2b: Conjuring Ghosts|Matcha Gotcha|p1a: Amoonguss|[spread] p1b
|-miss|p2b: Conjuring Ghosts|p1a: Amoonguss
|-damage|p1b: Kingdra|27/100
|move|p1a: Amoonguss|Sludge Bomb|p2b: Conjuring Ghosts
|-crit|p2b: Conjuring Ghosts
|-damage|p2b: Conjuring Ghosts|62/100
|
|-weather|none
|upkeep
|
|t:|1756996826
|switch|p2a: Another Disaster|Ursaluna-Bloodmoon, L50, M, tera:Normal|39/100
|turn|6
|
|t:|1756996846
|switch|p1a: Politoed|Politoed, L50, M|85/100
|-weather|RainDance|[from] ability: Drizzle|[of] p1a: Politoed
|move|p2b: Conjuring Ghosts|Rage Powder|p2b: Conjuring Ghosts
|-singleturn|p2b: Conjuring Ghosts|move: Rage Powder
|move|p1b: Kingdra|Weather Ball|p2b: Conjuring Ghosts
|-resisted|p2b: Conjuring Ghosts
|-damage|p2b: Conjuring Ghosts|37/100
|-enditem|p2b: Conjuring Ghosts|Sitrus Berry|[eat]
|-heal|p2b: Conjuring Ghosts|62/100|[from] item: Sitrus Berry
|-damage|p1b: Kingdra|17/100|[from] item: Life Orb
|move|p2a: Another Disaster|Hyper Voice|p1a: Politoed|[spread] p1a,p1b
|-damage|p1a: Politoed|42/100
|-damage|p1b: Kingdra|0 fnt
|-enditem|p1a: Politoed|Sitrus Berry|[eat]
|-heal|p1a: Politoed|66/100|[from] item: Sitrus Berry
|faint|p1b: Kingdra
|
|-weather|RainDance|[upkeep]
|upkeep
|
|t:|1756996866
|switch|p1b: Amoonguss|Amoonguss, L50, M|100/100
|turn|7
|
|t:|1756996880
|move|p2b: Conjuring Ghosts|Rage Powder|p2b: Conjuring Ghosts
|-singleturn|p2b: Conjuring Ghosts|move: Rage Powder
|move|p1a: Politoed|Weather Ball|p2b: Conjuring Ghosts
|-resisted|p2b: Conjuring Ghosts
|-damage|p2b: Conjuring Ghosts|49/100
|move|p2a: Another Disaster|Blood Moon|p1a: Politoed
|-damage|p1a: Politoed|0 fnt
|faint|p1a: Politoed
|move|p1b: Amoonguss|Sludge Bomb|p2b: Conjuring Ghosts
|-damage|p2b: Conjuring Ghosts|33/100
|
|-weather|RainDance|[upkeep]
|upkeep
|turn|8
|-message|Malgooee forfeited.
|
|win|a wonder year
|raw|Malgooee's rating: 1028 → 1013(-15 for losing)
|raw|a wonder year's rating: 1000 → 1043(+43 for winning)
|l|‽Malgooee
|player|p1|
|l| Escalon209
