|j|☆gluttorn
|j|☆greenappletun
|html|gluttorngreenappletun    
|uhtml|bestof|Game 1 of a best-of-3
|t:|1783140814
|gametype|doubles
|player|p1|gluttorn|cynthia-gen4|1144
|player|p2|greenappletun|1|1072
|gen|9
|tier|[Gen 9 Champions] VGC 2026 Reg M-B (Bo3)
|rated|
|rule|Species Clause: Limit one of each Pokémon
|rule|Item Clause: Limit 1 of each item
|clearpoke
|poke|p1|Torkoal, L50, M|
|poke|p1|Farigiraf, L50, F|
|poke|p1|Scrafty, L50, M|
|poke|p1|Hatterene, L50, F|
|poke|p1|Vileplume, L50, F|
|poke|p1|Venusaur, L50, M|
|poke|p2|Ceruledge, L50, F, shiny|
|poke|p2|Sinistcha-Masterpiece, L50|
|poke|p2|Hydreigon, L50, F, shiny|
|poke|p2|Scizor, L50, F, shiny|
|poke|p2|Sylveon, L50, F, shiny|
|poke|p2|Tauros-Paldea-Aqua, L50, M, shiny|
|teampreview|4
|showteam|p1|Torkoal||Charcoal|Drought|Eruption,HeatWave,SunnyDay,Protect|Quiet||M|||50|]Farigiraf||MentalHerb|ArmorTail|Protect,TrickRoom,Thunderbolt,HelpingHand|Calm||F|||50|]Scrafty||Scraftinite|Intimidate|FakeOut,RockSlide,KnockOff,DrainPunch|Brave||M|||50|]Hatterene||LifeOrb|MagicBounce|DazzlingGleam,Psychic,Protect,TrickRoom|Quiet||F|||50|]Vileplume||FocusSash|Chlorophyll|SludgeBomb,EnergyBall,AfterYou,Protect|Timid||F|||50|]Venusaur||Venusaurite|Chlorophyll|GigaDrain,EarthPower,AcidSpray,Protect|Modest||M|||50|
|showteam|p2|Ceruledge||SpellTag|FlashFire|Protect,BitterBlade,Poltergeist,ShadowSneak|Jolly||F|||50|]Sinistcha-Masterpiece||SitrusBerry|Hospitality|MatchaGotcha,TrickRoom,ShadowBall,RagePowder|Calm|||||50|]Hydreigon||FocusSash|Levitate|DarkPulse,DracoMeteor,EarthPower,Protect|Timid||F|||50|]Scizor||Scizorite|Technician|BugBite,SwordsDance,Protect,BulletPunch|Adamant||F|||50|]Sylveon||FairyFeather|Pixilate|Protect,HyperBeam,HyperVoice,QuickAttack|Serious||F|||50|]Tauros-Paldea-Aqua||WhiteHerb|Intimidate|CloseCombat,AquaJet,WaveCrash,Protect|Jolly||M|||50|
|inactive|Battle timer is ON: inactive players will automatically lose when time's up. (requested by greenappletun)
|inactive|gluttorn has 60 seconds left.
|inactive|greenappletun has 60 seconds left.
|
|t:|1783140866
|teamsize|p1|4
|teamsize|p2|4
|start
|switch|p1a: Farigiraf|Farigiraf, L50, F|100/100
|switch|p1b: Scrafty|Scrafty, L50, M|100/100
|switch|p2a: Scizor|Scizor, L50, F, shiny|100/100
|switch|p2b: Sinistcha|Sinistcha-Masterpiece, L50|100/100
|-ability|p1b: Scrafty|Intimidate|boost
|-unboost|p2a: Scizor|atk|1
|-unboost|p2b: Sinistcha|atk|1
|turn|1
|inactive|greenappletun has 30 seconds left.
|inactive|greenappletun has 20 seconds left.
|inactive|greenappletun has 15 seconds left.
|
|t:|1783140909
|detailschange|p2a: Scizor|Scizor-Mega, L50, F, shiny
|-mega|p2a: Scizor|Scizor|Scizorite
|detailschange|p1b: Scrafty|Scrafty-Mega, L50, M
|-mega|p1b: Scrafty|Scrafty|Scraftinite
|-ability|p1b: Scrafty|Intimidate|boost
|-unboost|p2a: Scizor|atk|1
|-unboost|p2b: Sinistcha|atk|1
|move|p2a: Scizor|Swords Dance|p2a: Scizor
|-boost|p2a: Scizor|atk|2
|move|p1b: Scrafty|Knock Off|p2b: Sinistcha
|-supereffective|p2b: Sinistcha|1
|-damage|p2b: Sinistcha|0 fnt
|-enditem|p2b: Sinistcha|Sitrus Berry|[from] move: Knock Off|[of] p1b: Scrafty
|faint|p2b: Sinistcha
|move|p1a: Farigiraf|Trick Room|p1a: Farigiraf
|-fieldstart|move: Trick Room|[of] p1a: Farigiraf
|
|upkeep
|
|t:|1783140920
|switch|p2b: Hydreigon|Hydreigon, L50, F, shiny|100/100
|turn|2
|
|t:|1783140932
|switch|p1a: Torkoal|Torkoal, L50, M|100/100
|-weather|SunnyDay|[from] ability: Drought|[of] p1a: Torkoal
|move|p2b: Hydreigon|Protect|p2b: Hydreigon
|-singleturn|p2b: Hydreigon|Protect
|move|p1b: Scrafty|Drain Punch|p2b: Hydreigon
|-activate|p2b: Hydreigon|move: Protect
|move|p2a: Scizor|Swords Dance|p2a: Scizor
|-boost|p2a: Scizor|atk|2
|
|-weather|SunnyDay|[upkeep]
|upkeep
|turn|3
|
|t:|1783140947
|switch|p2a: Ceruledge|Ceruledge, L50, F, shiny|100/100
|move|p1a: Torkoal|Eruption|p2a: Ceruledge|[spread] p2b
|-start|p2a: Ceruledge|ability: Flash Fire
|-resisted|p2b: Hydreigon|1
|-damage|p2b: Hydreigon|51/100
|move|p1b: Scrafty|Drain Punch|p2b: Hydreigon
|-supereffective|p2b: Hydreigon|1
|-damage|p2b: Hydreigon|0 fnt
|faint|p2b: Hydreigon
|
|-weather|SunnyDay|[upkeep]
|upkeep
|
|t:|1783140951
|switch|p2b: Scizor|Scizor-Mega, L50, F, shiny|100/100
|turn|4
|
|t:|1783140971
|move|p2b: Scizor|Protect|p2b: Scizor
|-singleturn|p2b: Scizor|Protect
|move|p1a: Torkoal|Eruption|p2b: Scizor|[spread] 
|-activate|p2b: Scizor|move: Protect
|-immune|p2a: Ceruledge|[from] ability: Flash Fire
|move|p1b: Scrafty|Knock Off|p2a: Ceruledge
|-supereffective|p2a: Ceruledge|1
|-damage|p2a: Ceruledge|0 fnt
|-enditem|p2a: Ceruledge|Spell Tag|[from] move: Knock Off|[of] p1b: Scrafty
|faint|p2a: Ceruledge
|
|-weather|SunnyDay|[upkeep]
|upkeep
|turn|5
|
|t:|1783140985
|move|p1a: Torkoal|Eruption|p2b: Scizor
|-supereffective|p2b: Scizor|2
|-damage|p2b: Scizor|0 fnt
|faint|p2b: Scizor
|
|win|gluttorn
||greenappletun is ready for game 2.
