|j|☆TMJS01
|j|☆eriksp
|html|TMJS01eriksp    
|uhtml|bestof|Game 3 of a best-of-3
|t:|1783822224
|gametype|doubles
|player|p1|TMJS01|unknown|
|player|p2|eriksp|cynthia-masters4|
|gen|9
|tier|[Gen 9 Champions] VGC 2026 Reg M-B (Bo3)
|rule|Species Clause: Limit one of each Pokémon
|rule|Item Clause: Limit 1 of each item
|clearpoke
|poke|p1|Grimmsnarl, L50, M|
|poke|p1|Swampert, L50, F|
|poke|p1|Pelipper, L50, F|
|poke|p1|Archaludon, L50, F|
|poke|p1|Venusaur, L50, F|
|poke|p1|Basculegion, L50, M|
|poke|p2|Floette-Eternal, L50, F|
|poke|p2|Charizard, L50, M|
|poke|p2|Whimsicott, L50, M|
|poke|p2|Garchomp, L50, F|
|poke|p2|Basculegion, L50, M|
|poke|p2|Kingambit, L50, M|
|teampreview|4
|showteam|p1|Grimmsnarl||LightClay|Prankster|FakeOut,Reflect,LightScreen,PartingShot|Impish||M|||50|]Swampert||Swampertite|Torrent|WaveCrash,Earthquake,IcePunch,Protect|Adamant||F|||50|]Pelipper||FocusSash|Drizzle|WeatherBall,Hurricane,Tailwind,Protect|Timid||F|||50|]Archaludon||Leftovers|Stamina|ElectroShot,DragonPulse,FlashCannon,Protect|Calm||F|||50|]Venusaur||Venusaurite|Chlorophyll|GigaDrain,SludgeBomb,EarthPower,Protect|Modest||F|||50|]Basculegion||ChoiceScarf|Adaptability|WaveCrash,LastRespects,AquaJet,FlipTurn|Jolly||M|||50|
|showteam|p2|Floette-Eternal||Floettite|FlowerVeil|Moonblast,DazzlingGleam,LightofRuin,Protect|Modest||F|||50|]Charizard||CharizarditeY|Blaze|HeatWave,WeatherBall,SolarBeam,Protect|Timid||M|||50|]Whimsicott||FocusSash|Prankster|Moonblast,Tailwind,Encore,Protect|Timid||M|||50|]Garchomp||LifeOrb|RoughSkin|DragonClaw,Earthquake,Protect,RockSlide|Jolly||F|||50|]Basculegion||MysticWater|Adaptability|WaveCrash,LastRespects,AquaJet,Protect|Adamant||M|||50|]Kingambit||ChopleBerry|Defiant|KowtowCleave,IronHead,SuckerPunch,LowKick|Adamant||M|||50|
|inactive|Battle timer is ON: inactive players will automatically lose when time's up. (requested by TMJS01)
|
|t:|1783822253
|teamsize|p1|4
|teamsize|p2|4
|start
|switch|p1a: Grimmsnarl|Grimmsnarl, L50, M|100/100
|switch|p1b: Venusaur|Venusaur, L50, F|100/100
|switch|p2a: Whimsicott|Whimsicott, L50, M|100/100
|switch|p2b: Basculegion|Basculegion, L50, M|100/100
|turn|1
|
|t:|1783822267
|switch|p2b: Garchomp|Garchomp, L50, F|100/100
|detailschange|p1b: Venusaur|Venusaur-Mega, L50, F
|-mega|p1b: Venusaur|Venusaur|Venusaurite
|move|p1a: Grimmsnarl|Fake Out|p2a: Whimsicott
|-damage|p2a: Whimsicott|83/100
|cant|p2a: Whimsicott|flinch
|move|p1b: Venusaur|Giga Drain|p2b: Garchomp
|-damage|p2b: Garchomp|55/100
|
|upkeep
|turn|2
|
|t:|1783822276
|switch|p2b: Charizard|Charizard, L50, M|100/100
|move|p2a: Whimsicott|Encore|p1b: Venusaur
|-start|p1b: Venusaur|Encore
|move|p1a: Grimmsnarl|Light Screen|p1a: Grimmsnarl
|-sidestart|p1: TMJS01|move: Light Screen
|move|p1b: Venusaur|Giga Drain|p2b: Charizard
|-resisted|p2b: Charizard|2
|-damage|p2b: Charizard|88/100
|
|upkeep
|turn|3
|
|t:|1783822294
|switch|p1b: Archaludon|Archaludon, L50, F|100/100
|move|p1a: Grimmsnarl|Parting Shot|p2a: Whimsicott
|-unboost|p2a: Whimsicott|atk|1
|-unboost|p2a: Whimsicott|spa|1
|
|t:|1783822298
|switch|p1a: Venusaur|Venusaur-Mega, L50, F|100/100|[from] Parting Shot
|move|p2a: Whimsicott|Moonblast|p1a: Venusaur
|-resisted|p1a: Venusaur|1
|-damage|p1a: Venusaur|93/100
|-unboost|p1a: Venusaur|spa|1
|move|p2b: Charizard|Heat Wave|p1a: Venusaur|[spread] p1b
|-miss|p2b: Charizard|p1a: Venusaur
|-damage|p1b: Archaludon|82/100
|-ability|p1b: Archaludon|Stamina|boost
|-boost|p1b: Archaludon|def|1
|
|-heal|p1b: Archaludon|88/100|[from] item: Leftovers
|upkeep
|turn|4
|
|t:|1783822314
|switch|p1b: Grimmsnarl|Grimmsnarl, L50, M|100/100
|detailschange|p2b: Charizard|Charizard-Mega-Y, L50, M
|-mega|p2b: Charizard|Charizard|Charizardite Y
|-weather|SunnyDay|[from] ability: Drought|[of] p2b: Charizard
|move|p2a: Whimsicott|Moonblast|p1b: Grimmsnarl
|-supereffective|p1b: Grimmsnarl|1
|-damage|p1b: Grimmsnarl|71/100
|move|p2b: Charizard|Heat Wave|p1b: Grimmsnarl|[spread] p1a
|-miss|p2b: Charizard|p1b: Grimmsnarl
|-supereffective|p1a: Venusaur|1
|-damage|p1a: Venusaur|58/100
|move|p1a: Venusaur|Sludge Bomb|p2a: Whimsicott
|-supereffective|p2a: Whimsicott|2
|-damage|p2a: Whimsicott|0 fnt
|faint|p2a: Whimsicott
|
|-weather|SunnyDay|[upkeep]
|upkeep
|
|t:|1783822330
|switch|p2a: Garchomp|Garchomp, L50, F|55/100
|turn|5
|inactive|eriksp has 30 seconds left.
|
|t:|1783822355
|move|p1b: Grimmsnarl|Parting Shot|p2b: Charizard
|-unboost|p2b: Charizard|atk|1
|-unboost|p2b: Charizard|spa|1
|
|t:|1783822358
|switch|p1b: Pelipper|Pelipper, L50, F|100/100|[from] Parting Shot
|-weather|RainDance|[from] ability: Drizzle|[of] p1b: Pelipper
|move|p2a: Garchomp|Dragon Claw|p1a: Venusaur
|-damage|p1a: Venusaur|14/100
|-damage|p2a: Garchomp|45/100|[from] item: Life Orb
|move|p2b: Charizard|Weather Ball|p1a: Venusaur
|-resisted|p1a: Venusaur|1
|-damage|p1a: Venusaur|5/100
|move|p1a: Venusaur|Giga Drain|p2a: Garchomp
|-damage|p2a: Garchomp|15/100
|-heal|p1a: Venusaur|19/100|[from] drain|[of] p2a: Garchomp
|
|-weather|RainDance|[upkeep]
|upkeep
|turn|6
|
|t:|1783822379
|switch|p2b: Basculegion|Basculegion, L50, M|100/100
|switch|p1a: Grimmsnarl|Grimmsnarl, L50, M|71/100
|move|p2a: Garchomp|Rock Slide|p1b: Pelipper|[spread] p1a,p1b
|-supereffective|p1b: Pelipper|1
|-damage|p1a: Grimmsnarl|46/100
|-damage|p1b: Pelipper|35/100
|-damage|p2a: Garchomp|6/100|[from] item: Life Orb
|cant|p1b: Pelipper|flinch
|
|-weather|RainDance|[upkeep]
|upkeep
|turn|7
|
|t:|1783822395
|switch|p2a: Charizard|Charizard-Mega-Y, L50, M|88/100
|-weather|SunnyDay|[from] ability: Drought|[of] p2a: Charizard
|switch|p1b: Archaludon|Archaludon, L50, F|88/100
|move|p1a: Grimmsnarl|Reflect|p1a: Grimmsnarl
|-sidestart|p1: TMJS01|Reflect
|move|p2b: Basculegion|Last Respects|p1b: Archaludon
|-damage|p1b: Archaludon|53/100
|-ability|p1b: Archaludon|Stamina|boost
|-boost|p1b: Archaludon|def|1
|
|-weather|SunnyDay|[upkeep]
|-heal|p1b: Archaludon|59/100|[from] item: Leftovers
|upkeep
|turn|8
|
|t:|1783822418
|switch|p2a: Garchomp|Garchomp, L50, F|6/100
|switch|p1a: Pelipper|Pelipper, L50, F|35/100
|-weather|RainDance|[from] ability: Drizzle|[of] p1a: Pelipper
|move|p2b: Basculegion|Protect|p2b: Basculegion
|-singleturn|p2b: Basculegion|Protect
|move|p1b: Archaludon|Electro Shot||[still]
|-prepare|p1b: Archaludon|Electro Shot
|-boost|p1b: Archaludon|spa|1
|-anim|p1b: Archaludon|Electro Shot|p2b: Basculegion
|-activate|p2b: Basculegion|move: Protect
|
|-weather|RainDance|[upkeep]
|-heal|p1b: Archaludon|65/100|[from] item: Leftovers
|upkeep
|turn|9
|inactive|TMJS01 has 30 seconds left.
|
|t:|1783822446
|switch|p2a: Charizard|Charizard-Mega-Y, L50, M|88/100
|-weather|SunnyDay|[from] ability: Drought|[of] p2a: Charizard
|switch|p1a: Venusaur|Venusaur-Mega, L50, F|19/100
|move|p2b: Basculegion|Last Respects|p1a: Venusaur
|-damage|p1a: Venusaur|0 fnt
|faint|p1a: Venusaur
|move|p1b: Archaludon|Dragon Pulse|p2b: Basculegion
|-damage|p2b: Basculegion|37/100
|
|-weather|SunnyDay|[upkeep]
|-heal|p1b: Archaludon|71/100|[from] item: Leftovers
|-sideend|p1: TMJS01|move: Light Screen
|upkeep
|
|t:|1783822454
|switch|p1a: Grimmsnarl|Grimmsnarl, L50, M|46/100
|turn|10
|
|t:|1783822483
|move|p1a: Grimmsnarl|Fake Out|p2a: Charizard
|-damage|p2a: Charizard|75/100
|cant|p2a: Charizard|flinch
|move|p2b: Basculegion|Last Respects|p1a: Grimmsnarl
|-resisted|p1a: Grimmsnarl|1
|-damage|p1a: Grimmsnarl|22/100
|move|p1b: Archaludon|Dragon Pulse|p2b: Basculegion
|-damage|p2b: Basculegion|0 fnt
|faint|p2b: Basculegion
|
|-weather|SunnyDay|[upkeep]
|-heal|p1b: Archaludon|78/100|[from] item: Leftovers
|upkeep
|
|t:|1783822488
|switch|p2b: Garchomp|Garchomp, L50, F|6/100
|turn|11
|
|t:|1783822493
|move|p1b: Archaludon|Protect|p1b: Archaludon
|-singleturn|p1b: Archaludon|Protect
|move|p1a: Grimmsnarl|Parting Shot|p2a: Charizard
|-unboost|p2a: Charizard|atk|1
|-unboost|p2a: Charizard|spa|1
|
|t:|1783822497
|switch|p1a: Pelipper|Pelipper, L50, F|35/100|[from] Parting Shot
|-weather|RainDance|[from] ability: Drizzle|[of] p1a: Pelipper
|move|p2b: Garchomp|Earthquake|p1a: Pelipper|[spread] 
|-activate|p1b: Archaludon|move: Protect
|-immune|p2a: Charizard
|-immune|p1a: Pelipper
|move|p2a: Charizard|Weather Ball|p1b: Archaludon
|-activate|p1b: Archaludon|move: Protect
|
|-weather|RainDance|[upkeep]
|-heal|p1b: Archaludon|84/100|[from] item: Leftovers
|upkeep
|turn|12
|
|t:|1783822508
|move|p2b: Garchomp|Rock Slide|p1a: Pelipper|[spread] p1a,p1b
|-supereffective|p1a: Pelipper|1
|-resisted|p1b: Archaludon|1
|-damage|p1a: Pelipper|0 fnt
|-damage|p1b: Archaludon|79/100
|-ability|p1b: Archaludon|Stamina|boost
|-boost|p1b: Archaludon|def|1
|faint|p1a: Pelipper
|-damage|p2b: Garchomp|0 fnt|[from] item: Life Orb
|faint|p2b: Garchomp
|move|p2a: Charizard|Weather Ball|p1b: Archaludon
|-resisted|p1b: Archaludon|1
|-damage|p1b: Archaludon|63/100
|-ability|p1b: Archaludon|Stamina|boost
|-boost|p1b: Archaludon|def|1
|move|p1b: Archaludon|Electro Shot||[still]
|-prepare|p1b: Archaludon|Electro Shot
|-boost|p1b: Archaludon|spa|1
|-anim|p1b: Archaludon|Electro Shot|p2a: Charizard
|-supereffective|p2a: Charizard|1
|-damage|p2a: Charizard|0 fnt
|faint|p2a: Charizard
|
|win|TMJS01
