|j|☆ManiacTest09
|j|☆standardamerican
|html|ManiacTest09standardamerican    
|uhtml|bestof|Game 2 of a best-of-3
|t:|1784815884
|gametype|doubles
|player|p1|ManiacTest09|2|1124
|player|p2|standardamerican|169|1198
|gen|9
|tier|[Gen 9 Champions] VGC 2026 Reg M-B (Bo3)
|rated|
|rule|Species Clause: Limit one of each Pokémon
|rule|Item Clause: Limit 1 of each item
|clearpoke
|poke|p1|Tyranitar, L50, M|
|poke|p1|Mawile, L50, M|
|poke|p1|Farigiraf, L50, M|
|poke|p1|Armarouge, L50, M|
|poke|p1|Basculegion, L50, M|
|poke|p1|Hydreigon, L50, F|
|poke|p2|Sinistcha, L50|
|poke|p2|Incineroar, L50, F|
|poke|p2|Milotic, L50, F|
|poke|p2|Raichu, L50, F|
|poke|p2|Gardevoir, L50, M|
|poke|p2|Ceruledge, L50, M|
|teampreview|4
|showteam|p1|Tyranitar||Tyranitarite|SandStream|RockSlide,Protect,Crunch,HighHorsepower|Adamant||M|||50|]Mawile||Mawilite|HyperCutter|SuckerPunch,Protect,PlayRough,IronHead|Adamant||M|||50|]Farigiraf||ColburBerry|ArmorTail|TrickRoom,TwinBeam,Roar,FoulPlay|Sassy||M|||50|]Armarouge||FocusSash|FlashFire|TrickRoom,ArmorCannon,Protect,AuraSphere|Quiet||M|||50|]Basculegion||MysticWater|Adaptability|AquaJet,LastRespects,WaveCrash,Protect|Adamant||M|||50|]Hydreigon||ChoiceScarf|Levitate|EarthPower,DracoMeteor,Snarl,DarkPulse|Timid||F|||50|
|showteam|p2|Sinistcha||KasibBerry|Hospitality|MatchaGotcha,Imprison,RagePowder,Protect|Bold|||||50|]Incineroar||SitrusBerry|Intimidate|FlareBlitz,DarkestLariat,FakeOut,PartingShot|Careful||F|||50|]Milotic||Leftovers|Competitive|MuddyWater,Coil,Hypnosis,Protect|Calm||F|||50|]Raichu||RaichuniteY|LightningRod|ZapCannon,FocusBlast,FakeOut,Protect|Timid||F|||50|]Gardevoir||Gardevoirite|Trace|HyperVoice,Psyshock,TrickRoom,Protect|Modest||M|||50|]Ceruledge||ColburBerry|FlashFire|BitterBlade,ShadowSneak,BulkUp,Protect|Adamant||M|||50|
|
|t:|1784815944
|teamsize|p1|4
|teamsize|p2|4
|start
|switch|p1a: Mawile|Mawile, L50, M|100/100
|switch|p1b: Tyranitar|Tyranitar, L50, M|100/100
|switch|p2a: Incineroar|Incineroar, L50, F|100/100
|switch|p2b: Gardevoir|Gardevoir, L50, M|100/100
|-ability|p2b: Gardevoir|Sand Stream|Trace|[from] ability: Trace|[of] p1b: Tyranitar
|-weather|Sandstorm|[from] ability: Sand Stream|[of] p2b: Gardevoir
|-ability|p2a: Incineroar|Intimidate|boost
|-fail|p1a: Mawile|unboost|Attack|[from] ability: Hyper Cutter|[of] p1a: Mawile
|-unboost|p1b: Tyranitar|atk|1
|turn|1
|
|t:|1784816015
|detailschange|p1a: Mawile|Mawile-Mega, L50, M
|-mega|p1a: Mawile|Mawile|Mawilite
|move|p2b: Gardevoir|Protect|p2b: Gardevoir
|-singleturn|p2b: Gardevoir|Protect
|move|p1b: Tyranitar|Rock Slide|p2b: Gardevoir|[spread] p2a
|-activate|p2b: Gardevoir|move: Protect
|-supereffective|p2a: Incineroar|1
|-damage|p2a: Incineroar|60/100
|cant|p2a: Incineroar|flinch
|move|p1a: Mawile|Iron Head|p2b: Gardevoir
|-activate|p2b: Gardevoir|move: Protect
|
|-weather|Sandstorm|[upkeep]
|-damage|p2b: Gardevoir|94/100|[from] Sandstorm
|-damage|p2a: Incineroar|54/100|[from] Sandstorm
|upkeep
|turn|2
|
|t:|1784816042
|switch|p2b: Sinistcha|Sinistcha, L50|100/100
|-heal|p2a: Incineroar|79/100|[from] ability: Hospitality|[of] p2b: Sinistcha
|switch|p1b: Farigiraf|Farigiraf, L50, M|100/100
|move|p2a: Incineroar|Flare Blitz|p1a: Mawile
|-supereffective|p1a: Mawile|1
|-damage|p1a: Mawile|12/100
|-damage|p2a: Incineroar|56/100|[from] Recoil
|move|p1a: Mawile|Iron Head|p2b: Sinistcha
|-damage|p2b: Sinistcha|35/100
|
|-weather|Sandstorm|[upkeep]
|-damage|p2b: Sinistcha|29/100|[from] Sandstorm
|-damage|p2a: Incineroar|50/100g|[from] Sandstorm
|-damage|p1b: Farigiraf|93/100|[from] Sandstorm
|upkeep
|turn|3
|
|t:|1784816075
|move|p1a: Mawile|Sucker Punch|p2b: Sinistcha
|-supereffective|p2b: Sinistcha|1
|-damage|p2b: Sinistcha|0 fnt
|faint|p2b: Sinistcha
|move|p2a: Incineroar|Parting Shot|p1b: Farigiraf
|-unboost|p1b: Farigiraf|atk|1
|-unboost|p1b: Farigiraf|spa|1
|
|t:|1784816081
|switch|p2a: Milotic|Milotic, L50, F|100/100|[from] Parting Shot
|move|p1b: Farigiraf|Trick Room|p1b: Farigiraf
|-fieldstart|move: Trick Room|[of] p1b: Farigiraf
|
|-weather|Sandstorm|[upkeep]
|-damage|p1b: Farigiraf|87/100|[from] Sandstorm
|-damage|p2a: Milotic|94/100|[from] Sandstorm
|-heal|p2a: Milotic|100/100|[from] item: Leftovers
|upkeep
|
|t:|1784816089
|switch|p2b: Incineroar|Incineroar, L50, F|50/100g
|-ability|p2b: Incineroar|Intimidate|boost
|-unboost|p1a: Mawile|atk|1
|-unboost|p1b: Farigiraf|atk|1
|turn|4
|
|t:|1784816119
|move|p1a: Mawile|Play Rough|p2b: Incineroar
|-damage|p2b: Incineroar|3/100
|-enditem|p2b: Incineroar|Sitrus Berry|[eat]
|-heal|p2b: Incineroar|28/100|[from] item: Sitrus Berry
|move|p1b: Farigiraf|Twin Beam|p2a: Milotic
|-damage|p2a: Milotic|92/100
|-damage|p2a: Milotic|85/100
|-hitcount|p2a: Milotic|2
|move|p2b: Incineroar|Flare Blitz|p1b: Farigiraf
|-damage|p1b: Farigiraf|45/100
|-damage|p2b: Incineroar|12/100|[from] Recoil
|move|p2a: Milotic|Coil|p2a: Milotic
|-boost|p2a: Milotic|atk|1
|-boost|p2a: Milotic|def|1
|-boost|p2a: Milotic|accuracy|1
|
|-weather|Sandstorm|[upkeep]
|-damage|p1b: Farigiraf|39/100|[from] Sandstorm
|-damage|p2b: Incineroar|6/100|[from] Sandstorm
|-damage|p2a: Milotic|79/100|[from] Sandstorm
|-heal|p2a: Milotic|85/100|[from] item: Leftovers
|upkeep
|turn|5
|
|t:|1784816156
|move|p1a: Mawile|Play Rough|p2b: Incineroar
|-damage|p2b: Incineroar|0 fnt
|faint|p2b: Incineroar
|move|p2a: Milotic|Coil|p2a: Milotic
|-boost|p2a: Milotic|atk|1
|-boost|p2a: Milotic|def|1
|-boost|p2a: Milotic|accuracy|1
|move|p1b: Farigiraf|Roar|p2a: Milotic
|drag|p2a: Gardevoir|Gardevoir, L50, M|94/100
|-ability|p2a: Gardevoir|Armor Tail|Trace|[from] ability: Trace|[of] p1b: Farigiraf
|
|-weather|none
|upkeep
|
|t:|1784816163
|switch|p2b: Milotic|Milotic, L50, F|85/100
|turn|6
|
|t:|1784816196
|detailschange|p2a: Gardevoir|Gardevoir-Mega, L50, M
|-mega|p2a: Gardevoir|Gardevoir|Gardevoirite
|move|p1a: Mawile|Protect|p1a: Mawile
|-singleturn|p1a: Mawile|Protect
|move|p2a: Gardevoir|Protect|p2a: Gardevoir
|-singleturn|p2a: Gardevoir|Protect
|move|p1b: Farigiraf|Twin Beam|p2b: Milotic
|-damage|p2b: Milotic|77/100
|-damage|p2b: Milotic|71/100
|-hitcount|p2b: Milotic|2
|move|p2b: Milotic|Muddy Water|p1a: Mawile|[spread] 
|-activate|p1a: Mawile|move: Protect
|-miss|p2b: Milotic|p1b: Farigiraf
|
|-heal|p2b: Milotic|77/100|[from] item: Leftovers
|upkeep
|turn|7
|
|t:|1784816219
|move|p2a: Gardevoir|Protect||[still]
|-fail|p2a: Gardevoir
|move|p1a: Mawile|Iron Head|p2a: Gardevoir
|-supereffective|p2a: Gardevoir|1
|-damage|p2a: Gardevoir|0 fnt
|faint|p2a: Gardevoir
|move|p1b: Farigiraf|Twin Beam|p2b: Milotic
|-damage|p2b: Milotic|69/100
|-damage|p2b: Milotic|62/100
|-hitcount|p2b: Milotic|2
|move|p2b: Milotic|Muddy Water|p1b: Farigiraf|[spread] p1a,p1b
|-damage|p1a: Mawile|0 fnt
|-damage|p1b: Farigiraf|21/100
|faint|p1a: Mawile
|
|-heal|p2b: Milotic|68/100|[from] item: Leftovers
|-fieldend|move: Trick Room
|upkeep
|
|t:|1784816237
|switch|p1a: Basculegion|Basculegion, L50, M|100/100
|turn|8
|
|t:|1784816248
|move|p2b: Milotic|Hypnosis|p1a: Basculegion
|-status|p1a: Basculegion|slp|[from] move: Hypnosis
|cant|p1a: Basculegion|slp
|move|p1b: Farigiraf|Twin Beam|p2b: Milotic
|-damage|p2b: Milotic|60/100
|-damage|p2b: Milotic|54/100
|-hitcount|p2b: Milotic|2
|
|-heal|p2b: Milotic|60/100|[from] item: Leftovers
|upkeep
|turn|9
|
|t:|1784816260
|move|p2b: Milotic|Coil|p2b: Milotic
|-boost|p2b: Milotic|atk|1
|-boost|p2b: Milotic|def|1
|-boost|p2b: Milotic|accuracy|1
|-curestatus|p1a: Basculegion|slp|[msg]
|move|p1a: Basculegion|Last Respects|p2b: Milotic
|-damage|p2b: Milotic|23/100
|move|p1b: Farigiraf|Twin Beam|p2b: Milotic
|-damage|p2b: Milotic|17/100
|-damage|p2b: Milotic|10/100
|-hitcount|p2b: Milotic|2
|
|-heal|p2b: Milotic|16/100|[from] item: Leftovers
|upkeep
|turn|10
|
|t:|1784816274
|move|p2b: Milotic|Protect|p2b: Milotic
|-singleturn|p2b: Milotic|Protect
|move|p1a: Basculegion|Last Respects|p2b: Milotic
|-activate|p2b: Milotic|move: Protect
|move|p1b: Farigiraf|Twin Beam|p2b: Milotic
|-activate|p2b: Milotic|move: Protect
|
|-heal|p2b: Milotic|22/100|[from] item: Leftovers
|upkeep
|turn|11
|
|t:|1784816281
|move|p2b: Milotic|Muddy Water|p1a: Basculegion|[spread] p1a,p1b
|-resisted|p1a: Basculegion|1
|-damage|p1a: Basculegion|88/100
|-damage|p1b: Farigiraf|3/100
|move|p1a: Basculegion|Last Respects|p2b: Milotic
|-damage|p2b: Milotic|0 fnt
|faint|p2b: Milotic
|
|win|ManiacTest09
