|j|☆benb1122
|j|☆NiterZero
|html|benb1122NiterZero    
|uhtml|bestof|Game 1 of a best-of-3
|t:|1757692871
|gametype|doubles
|player|p1|benb1122|alder|
|player|p2|NiterZero|steven|
|gen|9
|tier|[Gen 9] VGC 2025 Reg H (Bo3)
|rule|Species Clause: Limit one of each Pokémon
|rule|Item Clause: Limit 1 of each item
|clearpoke
|poke|p1|Maushold, L50|
|poke|p1|Annihilape, L50, F|
|poke|p1|Lucario, L50, F|
|poke|p1|Illumise, L50, F|
|poke|p1|Rillaboom, L50, M|
|poke|p1|Gholdengo, L50|
|poke|p2|Araquanid, L50, M|
|poke|p2|Pelipper, L50, M|
|poke|p2|Archaludon, L50, F|
|poke|p2|Rillaboom, L50, M|
|poke|p2|Incineroar, L50, M|
|poke|p2|Farigiraf, L50, F|
|teampreview|4
|showteam|p1|Maushold||WideLens|FriendGuard|BeatUp,HelpingHand,FollowMe,Protect||||||50|,,,,,Ghost]Annihilape||ChestoBerry|Defiant|RageFist,DrainPunch,BulkUp,Rest|||F|||50|,,,,,Fairy]Lucario||LifeOrb|Justified|ExtremeSpeed,CloseCombat,SwordsDance,Protect|||F|||50|,,,,,Normal]Illumise||CovertCloak|Oblivious|Tailwind,Encore,HelpingHand,ThunderWave|||F|||50|,,,,,Ghost]Rillaboom||AssaultVest|GrassySurge|WoodHammer,GrassyGlide,HighHorsepower,FakeOut|||M|||50|,,,,,Grass]Gholdengo||Leftovers|GoodasGold|MakeItRain,ShadowBall,NastyPlot,Protect||||||50|,,,,,Water
|showteam|p2|Araquanid||LifeOrb|WaterBubble|Liquidation,LeechLife,WideGuard,Protect|||M|||50|,,,,,Water]Pelipper||DampRock|Drizzle|WeatherBall,Hurricane,HelpingHand,WideGuard|||M|||50|,,,,,Grass]Archaludon||Leftovers|Stamina|ElectroShot,FlashCannon,DracoMeteor,Protect|||F|||50|,,,,,Fairy]Rillaboom||AssaultVest|GrassySurge|FakeOut,WoodHammer,GrassyGlide,Uturn|||M|||50|,,,,,Water]Incineroar||SafetyGoggles|Intimidate|FakeOut,KnockOff,PartingShot,WillOWisp|||M|||50|,,,,,Ghost]Farigiraf||SitrusBerry|ArmorTail|Uproar,DazzlingGleam,TrickRoom,Protect|||F|||50|,,,,,Fairy
|
|t:|1757692919
|teamsize|p1|4
|teamsize|p2|4
|start
|switch|p1a: Maushold|Maushold, L50|100/100
|switch|p1b: Annihilape|Annihilape, L50, F|100/100
|switch|p2a: Pelipper|Pelipper, L50, M|100/100
|switch|p2b: Farigiraf|Farigiraf, L50, F|100/100
|-weather|RainDance|[from] ability: Drizzle|[of] p2a: Pelipper
|turn|1
|
|t:|1757692959
|-terastallize|p1b: Annihilape|Fairy
|move|p1a: Maushold|Beat Up|p1b: Annihilape
|-resisted|p1b: Annihilape
|-damage|p1b: Annihilape|99/100
|-resisted|p1b: Annihilape
|-damage|p1b: Annihilape|99/100
|-resisted|p1b: Annihilape
|-damage|p1b: Annihilape|98/100
|-resisted|p1b: Annihilape
|-damage|p1b: Annihilape|98/100
|-hitcount|p1b: Annihilape|4
|move|p1b: Annihilape|Bulk Up|p1b: Annihilape
|-boost|p1b: Annihilape|atk|1
|-boost|p1b: Annihilape|def|1
|move|p2a: Pelipper|Hurricane|p1b: Annihilape
|-damage|p1b: Annihilape|73/100
|-start|p1b: Annihilape|confusion
|move|p2b: Farigiraf|Trick Room|p2b: Farigiraf
|-fieldstart|move: Trick Room|[of] p2b: Farigiraf
|
|-weather|RainDance|[upkeep]
|upkeep
|turn|2
|
|t:|1757693020
|move|p1a: Maushold|Follow Me|p1a: Maushold
|-singleturn|p1a: Maushold|move: Follow Me
|move|p2b: Farigiraf|Dazzling Gleam|p1a: Maushold|[spread] p1a,p1b
|-damage|p1a: Maushold|81/100
|-damage|p1b: Annihilape|64/100
|move|p2a: Pelipper|Weather Ball|p1a: Maushold
|-damage|p1a: Maushold|18/100
|-activate|p1b: Annihilape|confusion
|move|p1b: Annihilape|Rage Fist|p2a: Pelipper
|-damage|p2a: Pelipper|0 fnt
|faint|p2a: Pelipper
|
|-weather|RainDance|[upkeep]
|upkeep
|
|t:|1757693045
|switch|p2a: Archaludon|Archaludon, L50, F|100/100
|turn|3
|
|t:|1757693062
|move|p1a: Maushold|Follow Me|p1a: Maushold
|-singleturn|p1a: Maushold|move: Follow Me
|move|p2b: Farigiraf|Dazzling Gleam|p1a: Maushold|[spread] p1a,p1b
|-damage|p1a: Maushold|0 fnt
|-damage|p1b: Annihilape|55/100
|faint|p1a: Maushold
|move|p2a: Archaludon|Electro Shot||[still]
|-prepare|p2a: Archaludon|Electro Shot
|-boost|p2a: Archaludon|spa|1
|-anim|p2a: Archaludon|Electro Shot|p1b: Annihilape
|-damage|p1b: Annihilape|5/100
|-activate|p1b: Annihilape|confusion
|-damage|p1b: Annihilape|0 fnt|[from] confusion
|faint|p1b: Annihilape
|
|-weather|RainDance|[upkeep]
|upkeep
|
|t:|1757693075
|switch|p1b: Lucario|Lucario, L50, F|100/100
|switch|p1a: Illumise|Illumise, L50, F|100/100
|turn|4
|l|☆NiterZero
|player|p2|
|j|☆NiterZero
|player|p2|NiterZero|steven|
|
|t:|1757693123
|-terastallize|p2a: Archaludon|Fairy
|move|p2b: Farigiraf|Dazzling Gleam|p1a: Illumise|[spread] p1a,p1b
|-damage|p1a: Illumise|83/100
|-damage|p1b: Lucario|76/100
|move|p2a: Archaludon|Electro Shot||[still]
|-prepare|p2a: Archaludon|Electro Shot
|-boost|p2a: Archaludon|spa|1
|-anim|p2a: Archaludon|Electro Shot|p1a: Illumise
|-damage|p1a: Illumise|0 fnt
|faint|p1a: Illumise
|move|p1b: Lucario|Swords Dance|p1b: Lucario
|-boost|p1b: Lucario|atk|2
|
|-weather|RainDance|[upkeep]
|upkeep
|turn|5
|-message|benb1122 forfeited.
|
|win|NiterZero
|l|☆benb1122
|player|p1|
|l|☆NiterZero
|player|p2|
