|j|☆sum1dum
|j|☆matteo2002
|html|sum1dummatteo2002    
|uhtml|bestof|Game 2 of a best-of-3
|t:|1783369506
|gametype|doubles
|player|p1|sum1dum|rosa|1163
|player|p2|matteo2002|2|1139
|gen|9
|tier|[Gen 9 Champions] VGC 2026 Reg M-B (Bo3)
|rated|
|rule|Species Clause: Limit one of each Pokémon
|rule|Item Clause: Limit 1 of each item
|clearpoke
|poke|p1|Gliscor, L50, M|
|poke|p1|Primarina, L50, M|
|poke|p1|Metagross, L50|
|poke|p1|Ninetales-Alola, L50, M|
|poke|p1|Incineroar, L50, M|
|poke|p1|Sinistcha, L50|
|poke|p2|Venusaur, L50, F|
|poke|p2|Charizard, L50, M|
|poke|p2|Sylveon, L50, F|
|poke|p2|Incineroar, L50, M|
|poke|p2|Garchomp, L50, F|
|poke|p2|Farigiraf, L50, M|
|teampreview|4
|showteam|p1|Gliscor||LifeOrb|HyperCutter|DualWingbeat,HighHorsepower,Protect,RockSlide|Jolly||M|||50|]Primarina||Leftovers|LiquidVoice|CalmMind,HyperVoice,Moonblast,Protect|Modest||M|||50|]Metagross||Metagrossite|ClearBody|BulletPunch,IronHead,Protect,PsychicFangs|Jolly|||||50|]Ninetales-Alola||LightClay|SnowWarning|AuroraVeil,FreezeDry,Moonblast,Protect|Timid||M|||50|]Incineroar||ChopleBerry|Intimidate|FakeOut,FlareBlitz,DarkestLariat,PartingShot|Impish||M|||50|]Sinistcha||SitrusBerry|Hospitality|MatchaGotcha,Protect,LifeDew,RagePowder|Bold|||||50|
|showteam|p2|Venusaur||FocusSash|Chlorophyll|SludgeBomb,SleepPowder,LeafStorm,Protect|Modest||F|||50|]Charizard||CharizarditeY|Blaze|Protect,HeatWave,WeatherBall,SolarBeam|Modest||M|||50|]Sylveon||FairyFeather|Pixilate|HyperVoice,HyperBeam,QuickAttack,Detect|Modest||F|||50|]Incineroar||SitrusBerry|Intimidate|DarkestLariat,FlareBlitz,PartingShot,FakeOut|Careful||M|||50|]Garchomp||LifeOrb|RoughSkin|Earthquake,DragonClaw,RockSlide,Protect|Jolly||F|||50|]Farigiraf||ColburBerry|ArmorTail|Psychic,Thunderbolt,TrickRoom,Protect|Modest||M|||50|
|inactive|Battle timer is ON: inactive players will automatically lose when time's up. (requested by sum1dum)
|
|t:|1783369533
|teamsize|p1|4
|teamsize|p2|4
|start
|switch|p1a: Justice|Incineroar, L50, M|100/100
|switch|p1b: Patience|Primarina, L50, M|100/100
|switch|p2a: Charizard|Charizard, L50, M|100/100
|switch|p2b: Incineroar|Incineroar, L50, M|100/100
|-ability|p2b: Incineroar|Intimidate|boost
|-unboost|p1a: Justice|atk|1
|-unboost|p1b: Patience|atk|1
|-ability|p1a: Justice|Intimidate|boost
|-unboost|p2a: Charizard|atk|1
|-unboost|p2b: Incineroar|atk|1
|turn|1
|
|t:|1783369549
|switch|p2b: Farigiraf|Farigiraf, L50, M|100/100
|detailschange|p2a: Charizard|Charizard-Mega-Y, L50, M
|-mega|p2a: Charizard|Charizard|Charizardite Y
|-weather|SunnyDay|[from] ability: Drought|[of] p2a: Charizard
|move|p1b: Patience|Protect|p1b: Patience
|-singleturn|p1b: Patience|Protect
|move|p2a: Charizard|Solar Beam||[still]
|-prepare|p2a: Charizard|Solar Beam
|-anim|p2a: Charizard|Solar Beam|p1b: Patience
|-activate|p1b: Patience|move: Protect
|move|p1a: Justice|Parting Shot|p2a: Charizard
|-unboost|p2a: Charizard|atk|1
|-unboost|p2a: Charizard|spa|1
|
|t:|1783369552
|switch|p1a: Integrity|Ninetales-Alola, L50, M|100/100|[from] Parting Shot
|-weather|Snowscape|[from] ability: Snow Warning|[of] p1a: Integrity
|
|-weather|Snowscape|[upkeep]
|upkeep
|turn|2
|inactive|matteo2002 has 30 seconds left.
|inactive|matteo2002 has 20 seconds left.
|inactive|matteo2002 has 15 seconds left.
|inactive|matteo2002 has 10 seconds left.
|
|t:|1783369599
|switch|p2a: Incineroar|Incineroar, L50, M|100/100
|-ability|p2a: Incineroar|Intimidate|boost
|-unboost|p1a: Integrity|atk|1
|-unboost|p1b: Patience|atk|1
|move|p1a: Integrity|Aurora Veil|p1a: Integrity
|-sidestart|p1: sum1dum|move: Aurora Veil
|move|p1b: Patience|Calm Mind|p1b: Patience
|-boost|p1b: Patience|spa|1
|-boost|p1b: Patience|spd|1
|move|p2b: Farigiraf|Thunderbolt|p1b: Patience
|-supereffective|p1b: Patience|1
|-damage|p1b: Patience|82/100
|
|-weather|Snowscape|[upkeep]
|-heal|p1b: Patience|88/100|[from] item: Leftovers
|upkeep
|turn|3
|
|t:|1783369620
|switch|p1a: Justice|Incineroar, L50, M|100/100
|-ability|p1a: Justice|Intimidate|boost
|-unboost|p2a: Incineroar|atk|1
|-unboost|p2b: Farigiraf|atk|1
|switch|p2b: Charizard|Charizard-Mega-Y, L50, M|100/100
|-weather|SunnyDay|[from] ability: Drought|[of] p2b: Charizard
|move|p2a: Incineroar|Fake Out|p1b: Patience
|-damage|p1b: Patience|83/100
|cant|p1b: Patience|flinch
|
|-weather|SunnyDay|[upkeep]
|-heal|p1b: Patience|89/100|[from] item: Leftovers
|upkeep
|turn|4
|inactive|sum1dum has 30 seconds left.
|
|t:|1783369646
|switch|p2b: Farigiraf|Farigiraf, L50, M|100/100
|move|p2a: Incineroar|Parting Shot|p1b: Patience
|-unboost|p1b: Patience|atk|1
|-unboost|p1b: Patience|spa|1
|
|t:|1783369656
|switch|p2a: Garchomp|Garchomp, L50, F|100/100|[from] Parting Shot
|move|p1a: Justice|Flare Blitz|p2a: Garchomp
|-resisted|p2a: Garchomp|1
|-damage|p2a: Garchomp|64/100
|-damage|p1a: Justice|87/100|[from] ability: Rough Skin|[of] p2a: Garchomp
|-damage|p1a: Justice|76/100|[from] Recoil
|move|p1b: Patience|Hyper Voice|p2b: Farigiraf|[spread] p2a,p2b
|-damage|p2a: Garchomp|45/100
|-damage|p2b: Farigiraf|84/100
|
|-weather|SunnyDay|[upkeep]
|-heal|p1b: Patience|95/100|[from] item: Leftovers
|upkeep
|turn|5
|inactive|sum1dum has 30 seconds left.
|inactive|matteo2002 has 30 seconds left.
|
|t:|1783369685
|move|p2a: Garchomp|Rock Slide|p1b: Patience|[spread] p1a,p1b
|-supereffective|p1a: Justice|1
|-damage|p1a: Justice|47/100
|-damage|p1b: Patience|78/100
|-damage|p2a: Garchomp|36/100|[from] item: Life Orb
|cant|p1a: Justice|flinch
|move|p1b: Patience|Calm Mind|p1b: Patience
|-boost|p1b: Patience|spa|1
|-boost|p1b: Patience|spd|1
|move|p2b: Farigiraf|Thunderbolt|p1b: Patience
|-supereffective|p1b: Patience|1
|-damage|p1b: Patience|64/100
|
|-weather|SunnyDay|[upkeep]
|-heal|p1b: Patience|70/100|[from] item: Leftovers
|upkeep
|turn|6
|
|t:|1783369703
|move|p2a: Garchomp|Rock Slide|p1a: Justice|[spread] p1a,p1b
|-supereffective|p1a: Justice|1
|-damage|p1a: Justice|20/100y
|-damage|p1b: Patience|51/100
|-damage|p2a: Garchomp|26/100|[from] item: Life Orb
|cant|p1a: Justice|flinch
|move|p2b: Farigiraf|Thunderbolt|p1b: Patience
|-supereffective|p1b: Patience|1
|-damage|p1b: Patience|36/100
|cant|p1b: Patience|flinch
|
|-weather|SunnyDay|[upkeep]
|-heal|p1b: Patience|42/100|[from] item: Leftovers
|upkeep
|turn|7
|
|t:|1783369718
|switch|p1a: Bravery|Gliscor, L50, M|100/100
|move|p1b: Patience|Protect|p1b: Patience
|-singleturn|p1b: Patience|Protect
|move|p2a: Garchomp|Rock Slide|p1a: Bravery|[spread] p1a
|-activate|p1b: Patience|move: Protect
|-damage|p1a: Bravery|84/100
|-damage|p2a: Garchomp|16/100|[from] item: Life Orb
|move|p2b: Farigiraf|Thunderbolt|p1b: Patience
|-activate|p1b: Patience|move: Protect
|
|-weather|none
|-heal|p1b: Patience|48/100|[from] item: Leftovers
|upkeep
|turn|8
|inactive|matteo2002 has 30 seconds left.
|inactive|matteo2002 has 20 seconds left.
|inactive|matteo2002 has 15 seconds left.
|inactive|matteo2002 has 10 seconds left.
|
|t:|1783369766
|switch|p1a: Justice|Incineroar, L50, M|20/100y
|-ability|p1a: Justice|Intimidate|boost
|-unboost|p2a: Garchomp|atk|1
|-unboost|p2b: Farigiraf|atk|1
|move|p2a: Garchomp|Rock Slide|p1b: Patience|[spread] p1a
|-miss|p2a: Garchomp|p1b: Patience
|-supereffective|p1a: Justice|1
|-damage|p1a: Justice|3/100
|-damage|p2a: Garchomp|7/100|[from] item: Life Orb
|move|p1b: Patience|Hyper Voice|p2b: Farigiraf|[spread] p2a,p2b
|-damage|p2a: Garchomp|0 fnt
|-damage|p2b: Farigiraf|40/100
|faint|p2a: Garchomp
|move|p2b: Farigiraf|Thunderbolt|p1b: Patience
|-supereffective|p1b: Patience|1
|-damage|p1b: Patience|33/100
|
|-heal|p1b: Patience|39/100|[from] item: Leftovers
|upkeep
|
|t:|1783369783
|switch|p2a: Incineroar|Incineroar, L50, M|100/100
|-ability|p2a: Incineroar|Intimidate|boost
|-unboost|p1a: Justice|atk|1
|-unboost|p1b: Patience|atk|1
|turn|9
|
|t:|1783369806
|move|p1b: Patience|Protect|p1b: Patience
|-singleturn|p1b: Patience|Protect
|move|p2a: Incineroar|Fake Out|p1a: Justice
|-damage|p1a: Justice|0 fnt
|faint|p1a: Justice
|move|p2b: Farigiraf|Thunderbolt|p1b: Patience
|-activate|p1b: Patience|move: Protect
|
|-heal|p1b: Patience|45/100|[from] item: Leftovers
|-sideend|p1: sum1dum|move: Aurora Veil
|upkeep
|
|t:|1783369809
|switch|p1a: Integrity|Ninetales-Alola, L50, M|100/100
|-weather|Snowscape|[from] ability: Snow Warning|[of] p1a: Integrity
|turn|10
|
|t:|1783369823
|switch|p1a: Bravery|Gliscor, L50, M|84/100
|switch|p2b: Charizard|Charizard-Mega-Y, L50, M|100/100
|-weather|SunnyDay|[from] ability: Drought|[of] p2b: Charizard
|move|p2a: Incineroar|Flare Blitz|p1a: Bravery
|-damage|p1a: Bravery|15/100
|-damage|p2a: Incineroar|83/100|[from] Recoil
|move|p1b: Patience|Hyper Voice|p2b: Charizard|[spread] p2a,p2b
|-supereffective|p2a: Incineroar|1
|-supereffective|p2b: Charizard|1
|-damage|p2a: Incineroar|44/100
|-damage|p2b: Charizard|54/100
|-enditem|p2a: Incineroar|Sitrus Berry|[eat]
|-heal|p2a: Incineroar|69/100|[from] item: Sitrus Berry
|
|-weather|SunnyDay|[upkeep]
|-heal|p1b: Patience|51/100|[from] item: Leftovers
|upkeep
|turn|11
|inactive|matteo2002 has 30 seconds left.
|
|t:|1783369857
|switch|p2b: Farigiraf|Farigiraf, L50, M|40/100
|move|p1a: Bravery|Rock Slide|p2a: Incineroar|[spread] p2a,p2b
|-supereffective|p2a: Incineroar|1
|-damage|p2a: Incineroar|32/100
|-damage|p2b: Farigiraf|23/100
|-damage|p1a: Bravery|5/100|[from] item: Life Orb
|cant|p2a: Incineroar|flinch
|move|p1b: Patience|Hyper Voice|p2a: Incineroar|[spread] p2a,p2b
|-supereffective|p2a: Incineroar|1
|-damage|p2a: Incineroar|0 fnt
|-damage|p2b: Farigiraf|3/100
|faint|p2a: Incineroar
|
|-weather|SunnyDay|[upkeep]
|-heal|p1b: Patience|57/100|[from] item: Leftovers
|upkeep
|-message|matteo2002 forfeited.
|
|win|sum1dum
