|j|☆Giocostorto
|j|☆KodeBeast0526
|html|GiocostortoKodeBeast0526    
|uhtml|bestof|Game 1 of a best-of-3
|t:|1756931671
|gametype|doubles
|player|p1|Giocostorto|palmer|1170
|player|p2|KodeBeast0526|sailor|1214
|gen|9
|tier|[Gen 9] VGC 2025 Reg H (Bo3)
|rated|
|rule|Species Clause: Limit one of each Pokémon
|rule|Item Clause: Limit 1 of each item
|clearpoke
|poke|p1|Misdreavus, L50, F|
|poke|p1|Gothitelle, L50, F|
|poke|p1|Amoonguss, L50, F|
|poke|p1|Incineroar, L50, F|
|poke|p1|Primarina, L50, M|
|poke|p1|Ursaluna, L50, M|
|poke|p2|Sneasler, L50, M|
|poke|p2|Excadrill, L50, F|
|poke|p2|Tyranitar, L50, M|
|poke|p2|Gholdengo, L50|
|poke|p2|Kommo-o, L50, M|
|poke|p2|Electabuzz, L50, M|
|teampreview|4
|showteam|p1|Misdreavus||Eviolite|Levitate|Protect,PerishSong,TrickRoom,ShadowBall|||F|||50|,,,,,Fire]Gothitelle||SafetyGoggles|ShadowTag|Protect,Psychic,TrickRoom,FakeOut|||F|||50|,,,,,Water]Amoonguss||MentalHerb|Regenerator|Protect,Spore,RagePowder,PollenPuff|||F|||50|,,,,,Dark]Incineroar||MirrorHerb|Intimidate|Protect,FlareBlitz,FakeOut,PartingShot|||F|||50|,,,,,Grass]Primarina||SitrusBerry|LiquidVoice|Protect,Moonblast,PerishSong,HyperVoice|||M|||50|,,,,,Steel]Ursaluna||FlameOrb|Guts|Protect,HeadlongRush,Earthquake,Facade|||M|||50|,,,,,Ghost
|showteam|p2|Sneasler||WhiteHerb|Unburden|CloseCombat,DireClaw,FakeOut,ThroatChop|||M|||50|,,,,,Flying]Excadrill||FocusSash|SandRush|Earthquake,IronHead,SwordsDance,Protect|||F|||50|,,,,,Ground]Tyranitar||AssaultVest|SandStream|RockSlide,KnockOff,LowKick,TeraBlast|||M|||50|,,,,,Flying]Gholdengo||LifeOrb|GoodasGold|MakeItRain,ShadowBall,NastyPlot,Protect||||||50|,,,,,Water]Kommo-o||ThroatSpray|Overcoat|ClangingScales,ClangorousSoul,Flamethrower,Protect|||M|||50|,,,,,Fire]Electabuzz||Eviolite|VitalSpirit|Electroweb,FollowMe,HelpingHand,Taunt|||M|||50|,,,,,Ghost
|inactive|Battle timer is ON: inactive players will automatically lose when time's up. (requested by Giocostorto)
|inactive|Giocostorto has 60 seconds left.
|inactive|KodeBeast0526 has 60 seconds left.
|j| Arkhept
|l| Arkhept
|
|t:|1756931727
|teamsize|p1|4
|teamsize|p2|4
|start
|switch|p1a: Incineroar|Incineroar, L50, F|100/100
|switch|p1b: Primarina|Primarina, L50, M|100/100
|switch|p2a: Electabuzz|Electabuzz, L50, M, shiny|100/100
|switch|p2b: Gholdengo|Gholdengo, L50, shiny|100/100
|-ability|p1a: Incineroar|Intimidate|boost
|-unboost|p2a: Electabuzz|atk|1
|-unboost|p2b: Gholdengo|atk|1
|turn|1
|inactive|Giocostorto has 30 seconds left.
|inactive|Giocostorto has 20 seconds left.
|inactive|Giocostorto has 15 seconds left.
|
|t:|1756931770
|move|p2a: Electabuzz|Follow Me|p2a: Electabuzz
|-singleturn|p2a: Electabuzz|move: Follow Me
|move|p2b: Gholdengo|Nasty Plot|p2b: Gholdengo
|-boost|p2b: Gholdengo|spa|2
|-enditem|p1a: Incineroar|Mirror Herb
|-boost|p1a: Incineroar|spa|2|[from] item: Mirror Herb
|move|p1a: Incineroar|Flare Blitz|p2a: Electabuzz
|-damage|p2a: Electabuzz|63/100
|-damage|p1a: Incineroar|90/100|[from] Recoil
|move|p1b: Primarina|Hyper Voice|p2b: Gholdengo|[spread] p2a,p2b
|-damage|p2a: Electabuzz|31/100
|-damage|p2b: Gholdengo|59/100
|
|upkeep
|turn|2
|
|t:|1756931796
|-terastallize|p2b: Gholdengo|Water
|-terastallize|p1b: Primarina|Steel
|move|p2a: Electabuzz|Electroweb|p1a: Incineroar|[spread] p1a,p1b
|-damage|p1a: Incineroar|79/100
|-damage|p1b: Primarina|90/100
|-unboost|p1a: Incineroar|spe|1
|-unboost|p1b: Primarina|spe|1
|move|p2b: Gholdengo|Make It Rain|p1a: Incineroar|[spread] p1a,p1b
|-resisted|p1a: Incineroar
|-resisted|p1b: Primarina
|-crit|p1b: Primarina
|-damage|p1a: Incineroar|32/100
|-damage|p1b: Primarina|9/100
|-unboost|p2b: Gholdengo|spa|1
|-enditem|p1b: Primarina|Sitrus Berry|[eat]
|-heal|p1b: Primarina|33/100|[from] item: Sitrus Berry
|-damage|p2b: Gholdengo|49/100|[from] item: Life Orb
|move|p1a: Incineroar|Flare Blitz|p2a: Electabuzz
|-damage|p2a: Electabuzz|0 fnt
|faint|p2a: Electabuzz
|-damage|p1a: Incineroar|24/100|[from] Recoil
|move|p1b: Primarina|Moonblast|p2b: Gholdengo
|-damage|p2b: Gholdengo|0 fnt
|faint|p2b: Gholdengo
|
|upkeep
|
|t:|1756931808
|switch|p2a: Tyranitar|Tyranitar, L50, M, shiny|100/100
|switch|p2b: Excadrill|Excadrill, L50, F, shiny|100/100
|-weather|Sandstorm|[from] ability: Sand Stream|[of] p2a: Tyranitar
|turn|3
|j| Arkhept
|
|t:|1756931829
|switch|p1a: Amoonguss|Amoonguss, L50, F|100/100
|move|p1b: Primarina|Protect|p1b: Primarina
|-singleturn|p1b: Primarina|Protect
|move|p2b: Excadrill|Iron Head|p1b: Primarina
|-activate|p1b: Primarina|move: Protect
|move|p2a: Tyranitar|Rock Slide|p1b: Primarina|[spread] p1a
|-activate|p1b: Primarina|move: Protect
|-damage|p1a: Amoonguss|76/100
|
|-weather|Sandstorm|[upkeep]
|-damage|p1a: Amoonguss|70/100|[from] Sandstorm
|upkeep
|turn|4
|l| Arkhept
|
|t:|1756931853
|move|p1a: Amoonguss|Rage Powder|p1a: Amoonguss
|-singleturn|p1a: Amoonguss|move: Rage Powder
|move|p2b: Excadrill|Earthquake|p1b: Primarina|[spread] p2a,p1a,p1b
|-supereffective|p2a: Tyranitar
|-supereffective|p1b: Primarina
|-damage|p2a: Tyranitar|32/100
|-damage|p1a: Amoonguss|37/100
|-damage|p1b: Primarina|0 fnt
|faint|p1b: Primarina
|move|p2a: Tyranitar|Rock Slide|p1a: Amoonguss
|-damage|p1a: Amoonguss|4/100
|
|-weather|Sandstorm|[upkeep]
|-damage|p1a: Amoonguss|0 fnt|[from] Sandstorm
|faint|p1a: Amoonguss
|upkeep
|
|t:|1756931859
|switch|p1b: Gothitelle|Gothitelle, L50, F|100/100
|switch|p1a: Incineroar|Incineroar, L50, F|24/100
|-ability|p1a: Incineroar|Intimidate|boost
|-unboost|p2a: Tyranitar|atk|1
|-unboost|p2b: Excadrill|atk|1
|turn|5
|
|t:|1756931873
|move|p2b: Excadrill|Protect|p2b: Excadrill
|-singleturn|p2b: Excadrill|Protect
|move|p1b: Gothitelle|Fake Out|p2b: Excadrill
|-activate|p2b: Excadrill|move: Protect
|move|p1a: Incineroar|Flare Blitz|p2b: Excadrill
|-activate|p2b: Excadrill|move: Protect
|move|p2a: Tyranitar|Knock Off|p1b: Gothitelle
|-supereffective|p1b: Gothitelle
|-damage|p1b: Gothitelle|33/100
|-enditem|p1b: Gothitelle|Safety Goggles|[from] move: Knock Off|[of] p2a: Tyranitar
|
|-weather|Sandstorm|[upkeep]
|-damage|p1a: Incineroar|18/100|[from] Sandstorm
|-damage|p1b: Gothitelle|26/100|[from] Sandstorm
|upkeep
|turn|6
|-message|Giocostorto forfeited.
|
|win|KodeBeast0526
||Giocostorto is ready for game 2.
||KodeBeast0526 is ready for game 2.
|uhtml|next|Next: Game 2 of 3
|l|☆KodeBeast0526
|player|p2|
