|j|☆helio list
|j|☆Ferran Tiburon
|html|helio listFerran Tiburon    
|uhtml|bestof|Game 3 of a best-of-3
|t:|1784828538
|gametype|doubles
|player|p1|helio list|1|1388
|player|p2|Ferran Tiburon|265|1374
|gen|9
|tier|[Gen 9 Champions] VGC 2026 Reg M-B (Bo3)
|rated|
|rule|Species Clause: Limit one of each Pokémon
|rule|Item Clause: Limit 1 of each item
|clearpoke
|poke|p1|Garchomp, L50, F|
|poke|p1|Talonflame, L50, F|
|poke|p1|Floette-Eternal, L50, F|
|poke|p1|Basculegion, L50, M|
|poke|p1|Vivillon-Pokeball, L50, M|
|poke|p1|Kingambit, L50, F|
|poke|p2|Hydreigon, L50, F|
|poke|p2|Charizard, L50, F|
|poke|p2|Toxapex, L50, F|
|poke|p2|Incineroar, L50, M|
|poke|p2|Venusaur, L50, F|
|poke|p2|Garchomp, L50, F|
|teampreview|4
|showteam|p1|Garchomp||LifeOrb|RoughSkin|Earthquake,RockSlide,DragonClaw,Protect|Jolly||F|||50|]Talonflame||SharpBeak|GaleWings|DualWingbeat,FlareBlitz,Tailwind,Protect|Jolly||F|||50|]Floette-Eternal||Floettite|FlowerVeil|CalmMind,Protect,LightofRuin,DazzlingGleam|Modest||F|||50|]Basculegion||FocusSash|Adaptability|Liquidation,LastRespects,AquaJet,Protect|Adamant||M|||50|]Vivillon-Pokeball||ChoiceScarf|CompoundEyes|SleepPowder,Tailwind,RagePowder,Hurricane|Timid||M|||50|]Kingambit||OccaBerry|Defiant|SuckerPunch,KowtowCleave,IronHead,Protect|Adamant||F|||50|
|showteam|p2|Hydreigon||ChoiceScarf|Levitate|DracoMeteor,Snarl,EarthPower,DarkPulse|Modest||F|||50|]Charizard||CharizarditeY|Blaze|HeatWave,WeatherBall,SolarBeam,Protect|Modest||F|||50|]Toxapex||Leftovers|Regenerator|Toxic,Infestation,WideGuard,BanefulBunker|Bold||F|||50|]Incineroar||SitrusBerry|Intimidate|FakeOut,DarkestLariat,PartingShot,FlareBlitz|Impish||M|||50|]Venusaur||FocusSash|Chlorophyll|LeafStorm,SleepPowder,SludgeBomb,Protect|Modest||F|||50|]Garchomp||LifeOrb|RoughSkin|Protect,DragonClaw,Earthquake,RockSlide|Jolly||F|||50|
|inactive|Battle timer is ON: inactive players will automatically lose when time's up. (requested by helio list)
|inactive|Ferran Tiburon also wants the timer to be on.
|inactive|helio list has 60 seconds left.
|inactive|Ferran Tiburon has 60 seconds left.
|
|t:|1784828591
|teamsize|p1|4
|teamsize|p2|4
|start
|switch|p1a: Talonflame|Talonflame, L50, F|100/100
|switch|p1b: Garchomp|Garchomp, L50, F|100/100
|switch|p2a: Toxapex|Toxapex, L50, F|100/100
|switch|p2b: Incineroar|Incineroar, L50, M|100/100
|-ability|p2b: Incineroar|Intimidate|boost
|-unboost|p1a: Talonflame|atk|1
|-unboost|p1b: Garchomp|atk|1
|turn|1
|
|t:|1784828603
|switch|p1a: Floette|Floette-Eternal, L50, F|100/100
|move|p2b: Incineroar|Fake Out|p1a: Floette
|-damage|p1a: Floette|82/100
|move|p1b: Garchomp|Rock Slide|p2b: Incineroar|[spread] p2a,p2b
|-supereffective|p2b: Incineroar|1
|-damage|p2a: Toxapex|87/100
|-damage|p2b: Incineroar|72/100
|-damage|p1b: Garchomp|90/100|[from] item: Life Orb
|cant|p2a: Toxapex|flinch
|
|-heal|p2a: Toxapex|93/100|[from] item: Leftovers
|upkeep
|turn|2
|
|t:|1784828616
|move|p1a: Floette|Protect|p1a: Floette
|-singleturn|p1a: Floette|Protect
|move|p2a: Toxapex|Wide Guard|p2a: Toxapex
|-singleturn|p2a: Toxapex|Wide Guard
|move|p1b: Garchomp|Earthquake|p2b: Incineroar|[spread] 
|-activate|p2a: Toxapex|move: Wide Guard
|-activate|p2b: Incineroar|move: Wide Guard
|-activate|p1a: Floette|move: Protect
|move|p2b: Incineroar|Parting Shot|p1b: Garchomp
|-unboost|p1b: Garchomp|atk|1
|-unboost|p1b: Garchomp|spa|1
|
|t:|1784828626
|switch|p2b: Charizard|Charizard, L50, F|100/100|[from] Parting Shot
|
|-heal|p2a: Toxapex|99/100|[from] item: Leftovers
|upkeep
|turn|3
|
|t:|1784828634
|switch|p2b: Incineroar|Incineroar, L50, M|72/100
|-ability|p2b: Incineroar|Intimidate|boost
|-unboost|p1a: Floette|atk|1
|-unboost|p1b: Garchomp|atk|1
|detailschange|p1a: Floette|Floette-Mega, L50, F
|-mega|p1a: Floette|Floette|Floettite
|-ability|p1a: Floette|Fairy Aura
|move|p1b: Garchomp|Rock Slide|p2b: Incineroar|[spread] p2a,p2b
|-supereffective|p2b: Incineroar|1
|-damage|p2a: Toxapex|92/100
|-damage|p2b: Incineroar|57/100
|-damage|p1b: Garchomp|80/100|[from] item: Life Orb
|move|p1a: Floette|Calm Mind|p1a: Floette
|-boost|p1a: Floette|spa|1
|-boost|p1a: Floette|spd|1
|cant|p2a: Toxapex|flinch
|
|-heal|p2a: Toxapex|98/100|[from] item: Leftovers
|upkeep
|turn|4
|inactive|Ferran Tiburon has 30 seconds left.
|
|t:|1784828662
|move|p1b: Garchomp|Protect|p1b: Garchomp
|-singleturn|p1b: Garchomp|Protect
|move|p1a: Floette|Protect|p1a: Floette
|-singleturn|p1a: Floette|Protect
|move|p2b: Incineroar|Parting Shot|p1a: Floette
|-activate|p1a: Floette|move: Protect
|move|p2a: Toxapex|Toxic|p1b: Garchomp
|-activate|p1b: Garchomp|move: Protect
|
|-heal|p2a: Toxapex|100/100|[from] item: Leftovers
|upkeep
|turn|5
|
|t:|1784828678
|switch|p2b: Venusaur|Venusaur, L50, F|100/100
|move|p1b: Garchomp|Rock Slide|p2b: Venusaur|[spread] p2a,p2b
|-damage|p2a: Toxapex|93/100
|-damage|p2b: Venusaur|86/100
|-damage|p1b: Garchomp|70/100|[from] item: Life Orb
|move|p1a: Floette|Light of Ruin|p2b: Venusaur
|-resisted|p2b: Venusaur|1
|-damage|p2b: Venusaur|0 fnt
|faint|p2b: Venusaur
|-damage|p1a: Floette|39/100|[from] Recoil
|cant|p2a: Toxapex|flinch
|
|-heal|p2a: Toxapex|99/100|[from] item: Leftovers
|upkeep
|
|t:|1784828700
|switch|p2b: Incineroar|Incineroar, L50, M|57/100
|-ability|p2b: Incineroar|Intimidate|boost
|-unboost|p1a: Floette|atk|1
|-unboost|p1b: Garchomp|atk|1
|turn|6
|
|t:|1784828708
|switch|p1b: Talonflame|Talonflame, L50, F|100/100
|move|p1a: Floette|Protect|p1a: Floette
|-singleturn|p1a: Floette|Protect
|move|p2b: Incineroar|Fake Out|p1b: Talonflame
|-damage|p1b: Talonflame|84/100
|move|p2a: Toxapex|Toxic|p1a: Floette
|-activate|p1a: Floette|move: Protect
|
|-heal|p2a: Toxapex|100/100|[from] item: Leftovers
|upkeep
|turn|7
|
|t:|1784828714
|move|p1b: Talonflame|Dual Wingbeat|p2a: Toxapex
|-damage|p2a: Toxapex|86/100
|-damage|p2a: Toxapex|73/100
|-hitcount|p2a: Toxapex|2
|move|p1a: Floette|Light of Ruin|p2b: Incineroar
|-crit|p2b: Incineroar
|-damage|p2b: Incineroar|0 fnt
|faint|p2b: Incineroar
|-damage|p1a: Floette|2/100|[from] Recoil
|move|p2a: Toxapex|Toxic|p1b: Talonflame
|-status|p1b: Talonflame|tox
|
|-heal|p2a: Toxapex|78/100|[from] item: Leftovers
|-damage|p1b: Talonflame|79/100 tox|[from] psn
|upkeep
|
|t:|1784828718
|switch|p2b: Charizard|Charizard, L50, F|100/100
|turn|8
|inactive|Ferran Tiburon has 30 seconds left.
|
|t:|1784828747
|detailschange|p2b: Charizard|Charizard-Mega-Y, L50, F
|-mega|p2b: Charizard|Charizard|Charizardite Y
|-weather|SunnyDay|[from] ability: Drought|[of] p2b: Charizard
|move|p1b: Talonflame|Dual Wingbeat|p2a: Toxapex
|-damage|p2a: Toxapex|66/100
|-damage|p2a: Toxapex|53/100
|-hitcount|p2a: Toxapex|2
|move|p1a: Floette|Light of Ruin|p2b: Charizard
|-resisted|p2b: Charizard|1
|-damage|p2b: Charizard|17/100
|-damage|p1a: Floette|0 fnt|[from] Recoil
|faint|p1a: Floette
|move|p2b: Charizard|Heat Wave|p1b: Talonflame
|-resisted|p1b: Talonflame|1
|-damage|p1b: Talonflame|14/100 tox
|move|p2a: Toxapex|Infestation|p1b: Talonflame
|-resisted|p1b: Talonflame|2
|-damage|p1b: Talonflame|13/100 tox
|-activate|p1b: Talonflame|move: Infestation|[of] p2a: Toxapex
|
|-weather|SunnyDay|[upkeep]
|-heal|p2a: Toxapex|59/100|[from] item: Leftovers
|-damage|p1b: Talonflame|1/100 tox|[from] psn
|-damage|p1b: Talonflame|0 fnt|[from] move: Infestation|[partiallytrapped]
|faint|p1b: Talonflame
|upkeep
|
|t:|1784828757
|switch|p1b: Garchomp|Garchomp, L50, F|70/100
|switch|p1a: Basculegion|Basculegion, L50, M|100/100
|turn|9
|
|t:|1784828777
|move|p2b: Charizard|Protect|p2b: Charizard
|-singleturn|p2b: Charizard|Protect
|move|p1b: Garchomp|Dragon Claw|p2b: Charizard
|-activate|p2b: Charizard|move: Protect
|move|p1a: Basculegion|Last Respects|p2a: Toxapex
|-damage|p2a: Toxapex|0 fnt
|faint|p2a: Toxapex
|
|-weather|SunnyDay|[upkeep]
|upkeep
|turn|10
|
|t:|1784828787
|move|p1a: Basculegion|Aqua Jet|p2b: Charizard
|-supereffective|p2b: Charizard|1
|-damage|p2b: Charizard|0 fnt
|faint|p2b: Charizard
|
|win|helio list
|raw|helio list's rating: 1388 → 1407(+19 for winning)
|raw|Ferran Tiburon's rating: 1374 → 1355(-19 for losing)
|l|☆helio list
|player|p1|
