|j|☆TheHorrorHare
|j|☆higigig
|html|TheHorrorHarehigigig    
|uhtml|bestof|Game 1 of a best-of-3
|t:|1756263853
|gametype|doubles
|player|p1|TheHorrorHare|az|1193
|player|p2|higigig|sisandbro|1074
|gen|9
|tier|[Gen 9] VGC 2025 Reg H (Bo3)
|rated|
|rule|Species Clause: Limit one of each Pokémon
|rule|Item Clause: Limit 1 of each item
|clearpoke
|poke|p1|Archaludon, L50, F|
|poke|p1|Dragonite, L50, F|
|poke|p1|Pelipper, L50, M|
|poke|p1|Ursaluna, L50, F|
|poke|p1|Sinistcha, L50|
|poke|p1|Gholdengo, L50|
|poke|p2|Sneasler, L50, M|
|poke|p2|Gholdengo, L50|
|poke|p2|Amoonguss, L50, F|
|poke|p2|Incineroar, L50, F|
|poke|p2|Farigiraf, L50, M|
|poke|p2|Ursaluna-Bloodmoon, L50, M|
|teampreview|4
|showteam|p1|Archaludon||AssaultVest|Stamina|FlashCannon,BodyPress,ElectroShot,Snarl|||F|||50|,,,,,Fighting]Dragonite||LoadedDice|Multiscale|ScaleShot,Tailwind,Haze,Protect|||F|||50|,,,,,Fairy]Pelipper||FocusSash|Drizzle|MuddyWater,Hurricane,Tailwind,Protect|||M|||50|,,,,,Ghost]Ursaluna||FlameOrb|Guts|Facade,HeadlongRush,Earthquake,Protect|||F|||50|,,,,,Ghost]Sinistcha||SitrusBerry|Hospitality|MatchaGotcha,LifeDew,RagePowder,TrickRoom||||||50|,,,,,Dark]Gholdengo||ChoiceScarf|GoodasGold|MakeItRain,ShadowBall,Trick,Protect||||||50|,,,,,Flying
|showteam|p2|Sneasler||ClearAmulet|PoisonTouch|FakeOut,CloseCombat,DireClaw,Protect|||M|||50|,,,,,Fighting]Gholdengo||MetalCoat|GoodasGold|NastyPlot,MakeItRain,ShadowBall,Protect||||||50|,,,,,Water]Amoonguss||SitrusBerry|Regenerator|SludgeBomb,PollenPuff,Spore,RagePowder|||F|||50|,,,,,Water]Incineroar||SafetyGoggles|Intimidate|FakeOut,FlareBlitz,KnockOff,PartingShot|||F|||50|,,,,,Ghost]Farigiraf||MentalHerb|ArmorTail|Psychic,Imprison,TrickRoom,Protect|||M|||50|,,,,,Grass]Ursaluna-Bloodmoon||ThroatSpray|MindsEye|HyperVoice,EarthPower,BloodMoon,Protect|||M|||50|,,,,,Normal
|inactive|Battle timer is ON: inactive players will automatically lose when time's up. (requested by TheHorrorHare)
|inactive|higigig also wants the timer to be on.
|inactive|TheHorrorHare has 60 seconds left.
|inactive|higigig has 60 seconds left.
|inactive|higigig has 30 seconds left.
|inactive|higigig has 20 seconds left.
|inactive|higigig has 15 seconds left.
|inactive|higigig has 10 seconds left.
|
|t:|1756263936
|teamsize|p1|4
|teamsize|p2|4
|start
|switch|p1a: Pelipper|Pelipper, L50, M|100/100
|switch|p1b: Archaludon|Archaludon, L50, F|100/100
|switch|p2a: Amoonguss|Amoonguss, L50, F|100/100
|switch|p2b: Ursaluna|Ursaluna-Bloodmoon, L50, M|100/100
|-weather|RainDance|[from] ability: Drizzle|[of] p1a: Pelipper
|turn|1
|
|t:|1756263950
|-terastallize|p2b: Ursaluna|Normal
|move|p1a: Pelipper|Hurricane|p2a: Amoonguss
|-supereffective|p2a: Amoonguss
|-damage|p2a: Amoonguss|24/100
|-enditem|p2a: Amoonguss|Sitrus Berry|[eat]
|-heal|p2a: Amoonguss|48/100|[from] item: Sitrus Berry
|move|p1b: Archaludon|Electro Shot||[still]
|-prepare|p1b: Archaludon|Electro Shot
|-boost|p1b: Archaludon|spa|1
|-anim|p1b: Archaludon|Electro Shot|p2a: Amoonguss
|-resisted|p2a: Amoonguss
|-damage|p2a: Amoonguss|30/100
|move|p2b: Ursaluna|Hyper Voice|p1b: Archaludon|[spread] p1a,p1b
|-resisted|p1b: Archaludon
|-damage|p1a: Pelipper|14/100
|-damage|p1b: Archaludon|82/100
|-ability|p1b: Archaludon|Stamina|boost
|-boost|p1b: Archaludon|def|1
|-enditem|p2b: Ursaluna|Throat Spray
|-boost|p2b: Ursaluna|spa|1|[from] item: Throat Spray
|move|p2a: Amoonguss|Spore|p1b: Archaludon
|-status|p1b: Archaludon|slp|[from] move: Spore
|
|-weather|RainDance|[upkeep]
|upkeep
|turn|2
|inactive|higigig has 30 seconds left.
|inactive|higigig has 20 seconds left.
|inactive|higigig has 15 seconds left.
|inactive|higigig has 10 seconds left.
|
|t:|1756263996
|switch|p2a: Incineroar|Incineroar, L50, F|100/100
|-ability|p2a: Incineroar|Intimidate|boost
|-unboost|p1a: Pelipper|atk|1
|-unboost|p1b: Archaludon|atk|1
|move|p1a: Pelipper|Muddy Water|p2a: Incineroar|[spread] p2a,p2b
|-supereffective|p2a: Incineroar
|-damage|p2a: Incineroar|17/100
|-damage|p2b: Ursaluna|43/100
|cant|p1b: Archaludon|slp
|move|p2b: Ursaluna|Hyper Voice|p1b: Archaludon|[spread] p1a,p1b
|-resisted|p1b: Archaludon
|-damage|p1a: Pelipper|0 fnt
|-damage|p1b: Archaludon|54/100 slp
|-ability|p1b: Archaludon|Stamina|boost
|-boost|p1b: Archaludon|def|1
|faint|p1a: Pelipper
|
|-weather|RainDance|[upkeep]
|upkeep
|
|t:|1756264004
|switch|p1a: Sinistcha|Sinistcha, L50|100/100
|-heal|p1b: Archaludon|79/100 slp|[from] ability: Hospitality|[of] p1a: Sinistcha
|turn|3
|
|t:|1756264013
|move|p2a: Incineroar|Fake Out|p1b: Archaludon
|-resisted|p1b: Archaludon
|-damage|p1b: Archaludon|77/100 slp
|-ability|p1b: Archaludon|Stamina|boost
|-boost|p1b: Archaludon|def|1
|-curestatus|p1b: Archaludon|slp|[msg]
|cant|p1b: Archaludon|flinch
|move|p1a: Sinistcha|Matcha Gotcha|p2b: Ursaluna|[spread] p2a,p2b
|-resisted|p2a: Incineroar
|-crit|p2a: Incineroar
|-damage|p2a: Incineroar|2/100
|-damage|p2b: Ursaluna|13/100
|-status|p2b: Ursaluna|brn
|move|p2b: Ursaluna|Earth Power|p1b: Archaludon
|-supereffective|p1b: Archaludon
|-damage|p1b: Archaludon|0 fnt
|faint|p1b: Archaludon
|
|-weather|RainDance|[upkeep]
|-damage|p2b: Ursaluna|7/100 brn|[from] brn
|upkeep
|
|t:|1756264019
|switch|p1b: Ursaluna|Ursaluna, L50, F|100/100
|turn|4
|
|t:|1756264040
|switch|p2a: Sneasler|Sneasler, L50, M|100/100
|move|p1b: Ursaluna|Earthquake|p2b: Ursaluna|[spread] p1a,p2a,p2b
|-resisted|p1a: Sinistcha
|-supereffective|p2a: Sneasler
|-damage|p1a: Sinistcha|80/100
|-damage|p2a: Sneasler|0 fnt
|-damage|p2b: Ursaluna|0 fnt
|faint|p2a: Sneasler
|faint|p2b: Ursaluna
|move|p1a: Sinistcha|Trick Room|p1a: Sinistcha
|-fieldstart|move: Trick Room|[of] p1a: Sinistcha
|
|-weather|RainDance|[upkeep]
|-status|p1b: Ursaluna|brn|[from] item: Flame Orb
|upkeep
|
|t:|1756264047
|switch|p2b: Incineroar|Incineroar, L50, F|2/100
|switch|p2a: Amoonguss|Amoonguss, L50, F|63/100
|-ability|p2b: Incineroar|Intimidate|boost
|-unboost|p1a: Sinistcha|atk|1
|-unboost|p1b: Ursaluna|atk|1
|turn|5
|
|t:|1756264062
|-terastallize|p1b: Ursaluna|Ghost
|move|p2a: Amoonguss|Pollen Puff|p2b: Incineroar
|-heal|p2b: Incineroar|52/100
|move|p2b: Incineroar|Parting Shot|p1b: Ursaluna
|-unboost|p1b: Ursaluna|atk|1
|-unboost|p1b: Ursaluna|spa|1
|move|p1a: Sinistcha|Matcha Gotcha|p2b: Incineroar|[spread] p2a,p2b
|-resisted|p2a: Amoonguss
|-resisted|p2b: Incineroar
|-damage|p2a: Amoonguss|58/100
|-heal|p1a: Sinistcha|83/100|[from] drain|[of] p2a: Amoonguss
|-damage|p2b: Incineroar|41/100
|-heal|p1a: Sinistcha|89/100|[from] drain|[of] p2b: Incineroar
|move|p1b: Ursaluna|Earthquake|p2b: Incineroar|[spread] p1a,p2a,p2b
|-resisted|p1a: Sinistcha
|-supereffective|p2b: Incineroar
|-damage|p1a: Sinistcha|75/100
|-damage|p2a: Amoonguss|25/100
|-damage|p2b: Incineroar|0 fnt
|faint|p2b: Incineroar
|
|-weather|none
|-damage|p1b: Ursaluna|95/100 brn|[from] brn
|upkeep
|turn|6
|-message|higigig forfeited.
|
|win|TheHorrorHare
