|j|‽TKDCamo
|j|☆z dawg gog
|html|TKDCamoz dawg gog    
|uhtml|bestof|Game 1 of a best-of-3
|t:|1783903614
|gametype|doubles
|player|p1|TKDCamo|clemont|
|player|p2|z dawg gog|169|
|gen|9
|tier|[Gen 9 Champions] VGC 2026 Reg M-B (Bo3)
|rule|Species Clause: Limit one of each Pokémon
|rule|Item Clause: Limit 1 of each item
|clearpoke
|poke|p1|Slowking, L50, M|
|poke|p1|Drampa, L50, M, shiny|
|poke|p1|Swampert, L50, M|
|poke|p1|Morpeko, L50, M|
|poke|p1|Floette-Eternal, L50, F|
|poke|p1|Dragonite, L50, M|
|poke|p2|Gliscor, L50, F|
|poke|p2|Eelektross, L50, F|
|poke|p2|Mimikyu, L50, F|
|poke|p2|Kommo-o, L50, F|
|poke|p2|Gyarados, L50, M|
|poke|p2|Kingambit, L50, M|
|teampreview|4
|showteam|p1|Slowking||ColburBerry|Oblivious|TrickRoom,HealPulse,Scald,PsychicNoise|Relaxed||M|||50|]Drampa||Drampanite|Berserk|Protect,EarthPower,DracoMeteor,HyperVoice|Quiet||M|||50|]Swampert||Leftovers|Torrent|HammerArm,Curse,WaveCrash,Protect|Brave||M|||50|]Morpeko||SitrusBerry|HungerSwitch|FakeOut,PartingShot,Taunt,SuperFang|Jolly||M|||50|]Floette-Eternal||LifeOrb|Symbiosis|Protect,CalmMind,Moonblast,DrainingKiss|Modest||F|||50|]Dragonite||Dragoninite|InnerFocus|Protect,AirSlash,LowKick,Thunderbolt|Rash||M|||50|
|showteam|p2|Gliscor||Leftovers|HyperCutter|SwordsDance,Earthquake,Tailwind,DualWingbeat|Jolly||F|||50|]Eelektross||Eelektrossite|Levitate|Discharge,VoltSwitch,Thunderbolt,MuddyWater|Timid||F|||50|]Mimikyu||MentalHerb|Disguise|TrickRoom,SwordsDance,PlayRough,ShadowClaw|Brave||F|||50|]Kommo-o||DragonFang|Bulletproof|ClangingScales,ClangorousSoul,AuraSphere,Boomburst|Timid||F|||50|]Gyarados||SitrusBerry|Intimidate|Earthquake,Protect,Waterfall,DragonDance|Adamant||M|||50|]Kingambit||BlackGlasses|Defiant|KowtowCleave,SuckerPunch,IronHead,Protect|Adamant||M|||50|
|c|☆z dawg gog|Glhf
|j| skatt7000
|
|t:|1783903752
|teamsize|p1|4
|teamsize|p2|4
|start
|switch|p1a: BrainBlast|Slowking, L50, M|100/100
|switch|p1b: NeverEnding|Drampa, L50, M, shiny|100/100
|switch|p2a: Eelektross|Eelektross, L50, F|100/100
|switch|p2b: Gliscor|Gliscor, L50, F|100/100
|turn|1
|
|t:|1783903802
|detailschange|p2a: Eelektross|Eelektross-Mega, L50, F
|-mega|p2a: Eelektross|Eelektross|Eelektrossite
|detailschange|p1b: NeverEnding|Drampa-Mega, L50, M, shiny
|-mega|p1b: NeverEnding|Drampa|Drampanite
|move|p2b: Gliscor|Dual Wingbeat|p1a: BrainBlast|[miss]
|-miss|p2b: Gliscor|p1a: BrainBlast
|move|p2a: Eelektross|Thunderbolt|p1a: BrainBlast
|-supereffective|p1a: BrainBlast|1
|-damage|p1a: BrainBlast|27/100
|move|p1b: NeverEnding|Draco Meteor|p2a: Eelektross
|-damage|p2a: Eelektross|0 fnt
|-unboost|p1b: NeverEnding|spa|2
|faint|p2a: Eelektross
|move|p1a: BrainBlast|Trick Room|p1a: BrainBlast
|-fieldstart|move: Trick Room|[of] p1a: BrainBlast
|
|upkeep
|
|t:|1783903827
|switch|p2a: Kingambit|Kingambit, L50, M|100/100
|turn|2
|
|t:|1783903858
|switch|p1a: Skipper|Swampert, L50, M|100/100
|move|p1b: NeverEnding|Protect|p1b: NeverEnding
|-singleturn|p1b: NeverEnding|Protect
|move|p2a: Kingambit|Kowtow Cleave|p1a: Skipper
|-damage|p1a: Skipper|47/100
|move|p2b: Gliscor|Dual Wingbeat|p1b: NeverEnding
|-activate|p1b: NeverEnding|move: Protect
|
|-heal|p1a: Skipper|53/100|[from] item: Leftovers
|upkeep
|turn|3
|
|t:|1783903913
|move|p1b: NeverEnding|Hyper Voice|p2b: Gliscor|[spread] p2a,p2b
|-resisted|p2a: Kingambit|1
|-damage|p2a: Kingambit|88/100
|-damage|p2b: Gliscor|66/100
|move|p2a: Kingambit|Kowtow Cleave|p1b: NeverEnding
|-damage|p1b: NeverEnding|42/100
|-ability|p1b: NeverEnding|Berserk|boost
|-boost|p1b: NeverEnding|spa|1
|move|p1a: Skipper|Curse|p1a: Skipper
|-unboost|p1a: Skipper|spe|1
|-boost|p1a: Skipper|atk|1
|-boost|p1a: Skipper|def|1
|move|p2b: Gliscor|Dual Wingbeat|p1b: NeverEnding
|-damage|p1b: NeverEnding|26/100
|-damage|p1b: NeverEnding|11/100
|-hitcount|p1b: NeverEnding|2
|
|-heal|p1a: Skipper|58/100|[from] item: Leftovers
|-heal|p2b: Gliscor|72/100|[from] item: Leftovers
|upkeep
|turn|4
|
|t:|1783903941
|move|p2a: Kingambit|Sucker Punch|p1b: NeverEnding
|-damage|p1b: NeverEnding|0 fnt
|faint|p1b: NeverEnding
|move|p1a: Skipper|Hammer Arm|p2a: Kingambit
|-supereffective|p2a: Kingambit|2
|-damage|p2a: Kingambit|0 fnt
|-unboost|p1a: Skipper|spe|1
|faint|p2a: Kingambit
|move|p2b: Gliscor|Dual Wingbeat|p1a: Skipper
|-damage|p1a: Skipper|47/100
|-damage|p1a: Skipper|35/100
|-hitcount|p1a: Skipper|2
|
|-heal|p1a: Skipper|41/100|[from] item: Leftovers
|-heal|p2b: Gliscor|78/100|[from] item: Leftovers
|upkeep
|
|t:|1783903955
|switch|p1b: BrainBlast|Slowking, L50, M|27/100
|switch|p2a: Kommo-o|Kommo-o, L50, F|100/100
|turn|5
|
|t:|1783903975
|move|p1a: Skipper|Wave Crash|p2b: Gliscor
|-supereffective|p2b: Gliscor|1
|-crit|p2b: Gliscor
|-damage|p2b: Gliscor|0 fnt
|faint|p2b: Gliscor
|-damage|p1a: Skipper|22/100|[from] Recoil
|move|p1b: BrainBlast|Heal Pulse|p1a: Skipper
|-heal|p1a: Skipper|72/100
|move|p2a: Kommo-o|Clanging Scales|p1b: BrainBlast|[spread] p1a,p1b
|-damage|p1a: Skipper|30/100
|-damage|p1b: BrainBlast|0 fnt
|faint|p1b: BrainBlast
|-unboost|p2a: Kommo-o|def|1
|
|-heal|p1a: Skipper|36/100|[from] item: Leftovers
|-fieldend|move: Trick Room
|upkeep
|
|t:|1783903989
|switch|p1b: PrettyFlower|Floette-Eternal, L50, F|100/100
|turn|6
|
|t:|1783904036
|move|p1a: Skipper|Protect|p1a: Skipper
|-singleturn|p1a: Skipper|Protect
|move|p2a: Kommo-o|Boomburst|p1a: Skipper|[spread] p1b
|-activate|p1a: Skipper|move: Protect
|-damage|p1b: PrettyFlower|69/100
|move|p1b: PrettyFlower|Moonblast|p2a: Kommo-o
|-supereffective|p2a: Kommo-o|2
|-damage|p2a: Kommo-o|0 fnt
|faint|p2a: Kommo-o
|-damage|p1b: PrettyFlower|59/100|[from] item: Life Orb
|
|win|TKDCamo
||z dawg gog is ready for game 2.
|inactive|TKDCamo has 30 seconds to confirm battle start!
