|j|☆lettitripppp
|j|☆thatlookglope
|html|lettitrippppthatlookglope    
|uhtml|bestof|Game 1 of a best-of-3
|t:|1784332736
|gametype|doubles
|player|p1|lettitripppp|lucas|1246
|player|p2|thatlookglope|liza|1265
|gen|9
|tier|[Gen 9 Champions] VGC 2026 Reg M-B (Bo3)
|rated|
|rule|Species Clause: Limit one of each Pokémon
|rule|Item Clause: Limit 1 of each item
|clearpoke
|poke|p1|Charizard, L50, M, shiny|
|poke|p1|Basculegion, L50, M, shiny|
|poke|p1|Pelipper, L50, M|
|poke|p1|Venusaur, L50, M|
|poke|p1|Archaludon, L50, F|
|poke|p1|Grimmsnarl, L50, M, shiny|
|poke|p2|Sneasler, L50, F|
|poke|p2|Mawile, L50, F, shiny|
|poke|p2|Farigiraf, L50, F|
|poke|p2|Dragonite, L50, F, shiny|
|poke|p2|Politoed, L50, M|
|poke|p2|Aerodactyl, L50, M|
|teampreview|4
|showteam|p1|Charizard||CharizarditeY|Blaze|WeatherBall,SolarBeam,HeatWave,Protect|Modest||M|||50|]Basculegion||ChoiceScarf|Adaptability|LastRespects,WaveCrash,FlipTurn,AquaJet|Jolly||M|||50|]Pelipper||SitrusBerry|Drizzle|WeatherBall,WideGuard,Hurricane,Tailwind|Modest||M|||50|]Venusaur||FocusSash|Chlorophyll|SleepPowder,SludgeBomb,EarthPower,Protect|Modest||M|||50|]Archaludon||Leftovers|Stamina|FlashCannon,DragonPulse,ElectroShot,Protect|Calm||F|||50|]Grimmsnarl||LightClay|Prankster|PartingShot,LightScreen,SpiritBreak,Reflect|Relaxed||M|||50|
|showteam|p2|Sneasler||WhiteHerb|Unburden|DireClaw,Coaching,CloseCombat,FakeOut|Adamant||F|||50|]Mawile||Mawilite|Intimidate|PlayRough,SuckerPunch,IronHead,Protect|Adamant||F|||50|]Farigiraf||SitrusBerry|ArmorTail|Psychic,TrickRoom,GrassKnot,Protect|Bold||F|||50|]Dragonite||Dragoninite|Multiscale|Thunderbolt,Hurricane,DracoMeteor,Protect|Modest||F|||50|]Politoed||DampRock|Drizzle|WeatherBall,IcyWind,Protect,RainDance|Calm||M|||50|]Aerodactyl||FocusSash|Unnerve|RockSlide,DualWingbeat,Tailwind,WideGuard|Jolly||M|||50|
|inactive|Battle timer is ON: inactive players will automatically lose when time's up. (requested by lettitripppp)
|inactive|lettitripppp has 60 seconds left.
|inactive|thatlookglope has 60 seconds left.
|
|t:|1784332794
|teamsize|p1|4
|teamsize|p2|4
|start
|switch|p1a: GHOSTWAVE|Basculegion, L50, M, shiny|100/100
|switch|p1b: GO JOHAN|Grimmsnarl, L50, M, shiny|100/100
|switch|p2a: Aerodactyl|Aerodactyl, L50, M|100/100
|switch|p2b: purple|Sneasler, L50, F|100/100
|-ability|p2a: Aerodactyl|Unnerve
|turn|1
|
|t:|1784332822
|move|p1b: GO JOHAN|Light Screen|p1b: GO JOHAN
|-sidestart|p1: lettitripppp|move: Light Screen
|move|p1a: GHOSTWAVE|Wave Crash|p2b: purple
|-damage|p2b: purple|0 fnt
|faint|p2b: purple
|-damage|p1a: GHOSTWAVE|73/100|[from] Recoil
|move|p2a: Aerodactyl|Tailwind|p2a: Aerodactyl
|-sidestart|p2: thatlookglope|move: Tailwind
|
|upkeep
|
|t:|1784332831
|switch|p2b: honeybee|Dragonite, L50, F, shiny|100/100
|turn|2
|
|t:|1784332844
|switch|p1a: BEYOND BRIDGE|Archaludon, L50, F|100/100
|detailschange|p2b: honeybee|Dragonite-Mega, L50, F, shiny
|-mega|p2b: honeybee|Dragonite|Dragoninite
|move|p1b: GO JOHAN|Reflect|p1b: GO JOHAN
|-sidestart|p1: lettitripppp|Reflect
|move|p2a: Aerodactyl|Rock Slide|p1a: BEYOND BRIDGE|[spread] p1a,p1b
|-resisted|p1a: BEYOND BRIDGE|1
|-damage|p1a: BEYOND BRIDGE|93/100
|-damage|p1b: GO JOHAN|85/100
|-ability|p1a: BEYOND BRIDGE|Stamina|boost
|-boost|p1a: BEYOND BRIDGE|def|1
|move|p2b: honeybee|Hurricane|p1b: GO JOHAN|[miss]
|-miss|p2b: honeybee|p1b: GO JOHAN
|
|-heal|p1a: BEYOND BRIDGE|100/100|[from] item: Leftovers
|upkeep
|turn|3
|
|t:|1784332861
|move|p2b: honeybee|Protect|p2b: honeybee
|-singleturn|p2b: honeybee|Protect
|move|p1b: GO JOHAN|Parting Shot|p2b: honeybee
|-activate|p2b: honeybee|move: Protect
|move|p2a: Aerodactyl|Dual Wingbeat|p1b: GO JOHAN
|-damage|p1b: GO JOHAN|72/100
|-damage|p1b: GO JOHAN|61/100
|-hitcount|p1b: GO JOHAN|2
|move|p1a: BEYOND BRIDGE|Electro Shot||[still]
|-prepare|p1a: BEYOND BRIDGE|Electro Shot
|-boost|p1a: BEYOND BRIDGE|spa|1
|
|upkeep
|turn|4
|
|t:|1784332883
|switch|p1b: WET-BEAK|Pelipper, L50, M|100/100
|-weather|RainDance|[from] ability: Drizzle|[of] p1b: WET-BEAK
|move|p2a: Aerodactyl|Rock Slide|p1a: BEYOND BRIDGE|[spread] p1a,p1b
|-resisted|p1a: BEYOND BRIDGE|1
|-supereffective|p1b: WET-BEAK|1
|-damage|p1a: BEYOND BRIDGE|95/100
|-damage|p1b: WET-BEAK|65/100
|-ability|p1a: BEYOND BRIDGE|Stamina|boost
|-boost|p1a: BEYOND BRIDGE|def|1
|move|p2b: honeybee|Draco Meteor|p1a: BEYOND BRIDGE
|-damage|p1a: BEYOND BRIDGE|51/100
|-unboost|p2b: honeybee|spa|2
|-ability|p1a: BEYOND BRIDGE|Stamina|boost
|-boost|p1a: BEYOND BRIDGE|def|1
|cant|p1a: BEYOND BRIDGE|flinch
|
|-weather|RainDance|[upkeep]
|-heal|p1a: BEYOND BRIDGE|57/100|[from] item: Leftovers
|-sideend|p2: thatlookglope|move: Tailwind
|upkeep
|turn|5
|inactive|thatlookglope has 30 seconds left.
|
|t:|1784332914
|move|p2a: Aerodactyl|Rock Slide|p1b: WET-BEAK|[spread] p1a,p1b
|-resisted|p1a: BEYOND BRIDGE|1
|-supereffective|p1b: WET-BEAK|1
|-damage|p1a: BEYOND BRIDGE|54/100
|-damage|p1b: WET-BEAK|27/100
|-ability|p1a: BEYOND BRIDGE|Stamina|boost
|-boost|p1a: BEYOND BRIDGE|def|1
|move|p2b: honeybee|Thunderbolt|p1b: WET-BEAK
|-supereffective|p1b: WET-BEAK|2
|-damage|p1b: WET-BEAK|0 fnt
|faint|p1b: WET-BEAK
|move|p1a: BEYOND BRIDGE|Electro Shot||[still]
|-prepare|p1a: BEYOND BRIDGE|Electro Shot
|-boost|p1a: BEYOND BRIDGE|spa|1
|-anim|p1a: BEYOND BRIDGE|Electro Shot|p2a: Aerodactyl
|-supereffective|p2a: Aerodactyl|1
|-enditem|p2a: Aerodactyl|Focus Sash
|-damage|p2a: Aerodactyl|1/100
|
|-weather|RainDance|[upkeep]
|-heal|p1a: BEYOND BRIDGE|60/100|[from] item: Leftovers
|upkeep
|
|t:|1784332931
|switch|p1b: GHOSTWAVE|Basculegion, L50, M, shiny|73/100
|turn|6
|
|t:|1784332940
|switch|p2b: Politoed|Politoed, L50, M|100/100
|move|p1b: GHOSTWAVE|Flip Turn|p2a: Aerodactyl
|-supereffective|p2a: Aerodactyl|1
|-crit|p2a: Aerodactyl
|-damage|p2a: Aerodactyl|0 fnt
|faint|p2a: Aerodactyl
|
|t:|1784332946
|switch|p1b: GO JOHAN|Grimmsnarl, L50, M, shiny|61/100|[from] Flip Turn
|move|p1a: BEYOND BRIDGE|Electro Shot||[still]
|-prepare|p1a: BEYOND BRIDGE|Electro Shot
|-boost|p1a: BEYOND BRIDGE|spa|1
|-anim|p1a: BEYOND BRIDGE|Electro Shot|p2b: Politoed
|-supereffective|p2b: Politoed|1
|-damage|p2b: Politoed|0 fnt
|faint|p2b: Politoed
|
|-weather|RainDance|[upkeep]
|-heal|p1a: BEYOND BRIDGE|67/100|[from] item: Leftovers
|upkeep
|-message|thatlookglope forfeited.
|
|win|lettitripppp
|l|☆thatlookglope
|player|p2|
||thatlookglope is ready for game 2.
