|j|☆ladderal
|j|☆Sammias
|html|ladderalSammias    
|uhtml|bestof|Game 3 of a best-of-3
|t:|1756228404
|gametype|doubles
|player|p1|ladderal|265|1080
|player|p2|Sammias|miku-ground|1140
|gen|9
|tier|[Gen 9] VGC 2025 Reg H (Bo3)
|rated|
|rule|Species Clause: Limit one of each Pokémon
|rule|Item Clause: Limit 1 of each item
|clearpoke
|poke|p1|Kingambit, L50, M|
|poke|p1|Primarina, L50, F|
|poke|p1|Sneasler, L50, F|
|poke|p1|Magmar, L50, M|
|poke|p1|Rillaboom, L50, M|
|poke|p1|Dragapult, L50, M|
|poke|p2|Torkoal, L50, M|
|poke|p2|Typhlosion-Hisui, L50, F|
|poke|p2|Indeedee-F, L50, F|
|poke|p2|Amoonguss, L50, M|
|poke|p2|Sneasler, L50, F|
|poke|p2|Primarina, L50, F|
|teampreview|4
|showteam|p1|Kingambit||BlackGlasses|Defiant|KowtowCleave,SuckerPunch,SwordsDance,Protect|||M|||50|,,,,,Dark]Primarina||SitrusBerry|LiquidVoice|HyperVoice,Moonblast,Haze,Protect|||F|||50|,,,,,Poison]Sneasler||FocusSash|PoisonTouch|CloseCombat,DireClaw,FakeOut,Protect|||F|||50|,,,,,Ghost]Magmar||Eviolite|VitalSpirit|Overheat,WillOWisp,FollowMe,Protect|||M|||50|,,,,,Ghost]Rillaboom||AssaultVest|GrassySurge|WoodHammer,GrassyGlide,HighHorsepower,FakeOut|||M|||50|,,,,,Fire]Dragapult||ChoiceBand|ClearBody|DragonDarts,PhantomForce,Outrage,Uturn|||M|||50|,,,,,Dragon
|showteam|p2|Torkoal||Charcoal|Drought|Eruption,Overheat,EarthPower,Protect|||M|||50|,,,,,Fire]Typhlosion-Hisui||ChoiceScarf|Blaze|Eruption,HeatWave,ShadowBall,SolarBeam|||F|||50|,,,,,Fire]Indeedee-F||SitrusBerry|PsychicSurge|FollowMe,TrickRoom,HelpingHand,Psychic|||F|||50|,,,,,Fairy]Amoonguss||RockyHelmet|Regenerator|RagePowder,Spore,ClearSmog,PollenPuff|||M|||50|,,,,,Psychic]Sneasler||PsychicSeed|Unburden|DireClaw,CloseCombat,Taunt,Protect|||F|||50|,,,,,Dark]Primarina||ThroatSpray|LiquidVoice|HyperVoice,Moonblast,CalmMind,Protect|||F|||50|,,,,,Poison
|inactive|Battle timer is ON: inactive players will automatically lose when time's up. (requested by Sammias)
|inactive|Sammias has 60 seconds left.
|
|t:|1756228454
|teamsize|p1|4
|teamsize|p2|4
|start
|switch|p1a: Dragapult|Dragapult, L50, M|100/100
|switch|p1b: Sneasler|Sneasler, L50, F|100/100
|switch|p2a: Sneasler|Sneasler, L50, F|100/100
|switch|p2b: Indeedee|Indeedee-F, L50, F|100/100
|-fieldstart|move: Psychic Terrain|[from] ability: Psychic Surge|[of] p2b: Indeedee
|-enditem|p2a: Sneasler|Psychic Seed
|-boost|p2a: Sneasler|spd|1|[from] item: Psychic Seed
|turn|1
|inactive|ladderal has 30 seconds left.
|inactive|Sammias has 30 seconds left.
|
|t:|1756228484
|move|p2a: Sneasler|Dire Claw|p1a: Dragapult
|-resisted|p1a: Dragapult
|-damage|p1a: Dragapult|71/100
|-status|p1a: Dragapult|psn
|move|p1a: Dragapult|U-turn|p2b: Indeedee
|-supereffective|p2b: Indeedee
|-damage|p2b: Indeedee|0 fnt
|faint|p2b: Indeedee
|
|t:|1756228494
|switch|p1a: Magmar|Magmar, L50, M|100/100|[from] U-turn
|move|p1b: Sneasler|Dire Claw|p2a: Sneasler
|-resisted|p2a: Sneasler
|-damage|p2a: Sneasler|63/100
|
|upkeep
|
|t:|1756228500
|switch|p2b: Typhlosion|Typhlosion-Hisui, L50, F|100/100
|turn|2
|
|t:|1756228507
|move|p1a: Magmar|Follow Me|p1a: Magmar
|-singleturn|p1a: Magmar|move: Follow Me
|move|p2a: Sneasler|Dire Claw|p1a: Magmar
|-damage|p1a: Magmar|67/100
|-status|p1a: Magmar|psn
|move|p2b: Typhlosion|Eruption|p1b: Sneasler|[spread] p1a,p1b
|-resisted|p1a: Magmar
|-crit|p1b: Sneasler
|-damage|p1a: Magmar|44/100 psn
|-enditem|p1b: Sneasler|Focus Sash
|-damage|p1b: Sneasler|1/100
|move|p1b: Sneasler|Dire Claw|p2b: Typhlosion
|-resisted|p2b: Typhlosion
|-damage|p2b: Typhlosion|70/100
|-status|p2b: Typhlosion|psn
|
|-damage|p2b: Typhlosion|58/100 psn|[from] psn
|-damage|p1a: Magmar|31/100 psn|[from] psn
|upkeep
|turn|3
|inactive|ladderal has 30 seconds left.
|
|t:|1756228536
|move|p1a: Magmar|Protect|p1a: Magmar
|-singleturn|p1a: Magmar|Protect
|move|p2a: Sneasler|Taunt|p1a: Magmar
|-activate|p1a: Magmar|move: Protect
|move|p2b: Typhlosion|Eruption|p1b: Sneasler|[spread] p1b
|-activate|p1a: Magmar|move: Protect
|-damage|p1b: Sneasler|0 fnt
|faint|p1b: Sneasler
|
|-damage|p2b: Typhlosion|46/100 psn|[from] psn
|-damage|p1a: Magmar|19/100 psn|[from] psn
|upkeep
|
|t:|1756228543
|switch|p1b: Dragapult|Dragapult, L50, M|71/100 psn
|turn|4
|
|t:|1756228564
|switch|p2b: Primarina|Primarina, L50, F|100/100
|-terastallize|p1b: Dragapult|Dragon
|move|p2a: Sneasler|Protect|p2a: Sneasler
|-singleturn|p2a: Sneasler|Protect
|move|p1a: Magmar|Follow Me|p1a: Magmar
|-singleturn|p1a: Magmar|move: Follow Me
|move|p1b: Dragapult|Dragon Darts|p2a: Sneasler
|-immune|p2b: Primarina
|
|-damage|p1b: Dragapult|59/100 psn|[from] psn
|-damage|p1a: Magmar|7/100 psn|[from] psn
|upkeep
|turn|5
|
|t:|1756228584
|switch|p1b: Primarina|Primarina, L50, F|100/100
|move|p2a: Sneasler|Close Combat|p1b: Primarina
|-resisted|p1b: Primarina
|-damage|p1b: Primarina|72/100
|-unboost|p2a: Sneasler|def|1
|-unboost|p2a: Sneasler|spd|1
|move|p1a: Magmar|Overheat|p2a: Sneasler
|-damage|p2a: Sneasler|3/100
|-unboost|p1a: Magmar|spa|2
|move|p2b: Primarina|Hyper Voice|p1b: Primarina|[spread] p1a,p1b
|-supereffective|p1a: Magmar
|-crit|p1a: Magmar
|-resisted|p1b: Primarina
|-damage|p1a: Magmar|0 fnt
|-damage|p1b: Primarina|55/100
|faint|p1a: Magmar
|-enditem|p2b: Primarina|Throat Spray
|-boost|p2b: Primarina|spa|1|[from] item: Throat Spray
|
|-fieldend|move: Psychic Terrain
|upkeep
|
|t:|1756228596
|switch|p1a: Dragapult|Dragapult, L50, M, tera:Dragon|59/100 psn
|turn|6
|
|t:|1756228607
|move|p1b: Primarina|Protect|p1b: Primarina
|-singleturn|p1b: Primarina|Protect
|move|p2a: Sneasler|Dire Claw|p1b: Primarina
|-activate|p1b: Primarina|move: Protect
|move|p1a: Dragapult|Phantom Force||[still]
|-prepare|p1a: Dragapult|Phantom Force
|move|p2b: Primarina|Moonblast|p1a: Dragapult|[miss]
|-miss|p2b: Primarina|p1a: Dragapult
|
|-damage|p1a: Dragapult|47/100 psn|[from] psn
|upkeep
|turn|7
|
|t:|1756228622
|move|p2a: Sneasler|Dire Claw|p1b: Primarina
|-supereffective|p1b: Primarina
|-damage|p1b: Primarina|0 fnt
|faint|p1b: Primarina
|move|p1a: Dragapult|Phantom Force|p2b: Primarina|[from] lockedmove
|-damage|p2b: Primarina|9/100
|move|p2b: Primarina|Moonblast|p1a: Dragapult
|-supereffective|p1a: Dragapult
|-damage|p1a: Dragapult|0 fnt
|faint|p1a: Dragapult
|
|win|Sammias
|raw|ladderal's rating: 1080 → 1062(-18 for losing)
|raw|Sammias's rating: 1140 → 1161(+21 for winning)
