|j|☆stevie.bot
|j|☆shieeeee
|html|stevie.botshieeeee    
|uhtml|bestof|Game 3 of a best-of-3
|t:|1756933593
|gametype|doubles
|player|p1|stevie.bot|liza|1359
|player|p2|shieeeee|266|1280
|gen|9
|tier|[Gen 9] VGC 2025 Reg H (Bo3)
|rated|
|rule|Species Clause: Limit one of each Pokémon
|rule|Item Clause: Limit 1 of each item
|clearpoke
|poke|p1|Sneasler, L50, F|
|poke|p1|Dragapult, L50, M|
|poke|p1|Primarina, L50, F|
|poke|p1|Rillaboom, L50, F|
|poke|p1|Kingambit, L50, M|
|poke|p1|Magmar, L50, M|
|poke|p2|Whimsicott, L50, M|
|poke|p2|Garchomp, L50, M|
|poke|p2|Gholdengo, L50|
|poke|p2|Incineroar, L50, F|
|poke|p2|Sneasler, L50, F|
|poke|p2|Dragonite, L50, M|
|teampreview|4
|showteam|p1|Sneasler||FocusSash|PoisonTouch|CloseCombat,DireClaw,FakeOut,Protect|||F|||50|,,,,,Stellar]Dragapult||ChoiceBand|ClearBody|DragonDarts,TeraBlast,PhantomForce,Uturn|||M|||50|,,,,,Ghost]Primarina||SitrusBerry|LiquidVoice|HyperVoice,Moonblast,Haze,Protect|||F|||50|,,,,,Water]Rillaboom||AssaultVest|GrassySurge|WoodHammer,GrassyGlide,HighHorsepower,FakeOut|||F|||50|,,,,,Fire]Kingambit||BlackGlasses|Defiant|KowtowCleave,SuckerPunch,SwordsDance,Protect|||M|||50|,,,,,Ghost]Magmar||Eviolite|VitalSpirit|Overheat,WillOWisp,FollowMe,Protect|||M|||50|,,,,,Fairy
|showteam|p2|Whimsicott||FocusSash|Prankster|Moonblast,Tailwind,Encore,Protect|||M|||50|,,,,,Ghost]Garchomp||LifeOrb|RoughSkin|Earthquake,DragonClaw,StompingTantrum,Protect|||M|||50|,,,,,Ground]Gholdengo||ChoiceSpecs|GoodasGold|MakeItRain,ShadowBall,Trick,Protect||||||50|,,,,,Steel]Incineroar||AssaultVest|Intimidate|FlareBlitz,FakeOut,KnockOff,Uturn|||F|||50|,,,,,Grass]Sneasler||WhiteHerb|Unburden|FakeOut,DireClaw,CloseCombat,Protect|||F|||50|,,,,,Stellar]Dragonite||ChoiceBand|InnerFocus|ExtremeSpeed,Outrage,IceSpinner,StompingTantrum|||M|||50|,,,,,Normal
|inactive|Battle timer is ON: inactive players will automatically lose when time's up. (requested by shieeeee)
|inactive|shieeeee has 60 seconds left.
|
|t:|1756933639
|teamsize|p1|4
|teamsize|p2|4
|start
|switch|p1a: Dragapult|Dragapult, L50, M|100/100
|switch|p1b: Sneasler|Sneasler, L50, F|100/100
|switch|p2a: Whimsicott|Whimsicott, L50, M, shiny|100/100
|switch|p2b: Garchomp|Garchomp, L50, M, shiny|100/100
|turn|1
|inactive|stevie.bot has 30 seconds left.
|
|t:|1756933664
|move|p1b: Sneasler|Fake Out|p2b: Garchomp
|-damage|p2b: Garchomp|86/100
|-damage|p1b: Sneasler|88/100|[from] ability: Rough Skin|[of] p2b: Garchomp
|-status|p2b: Garchomp|psn|[from] ability: Poison Touch|[of] p1b: Sneasler
|move|p2a: Whimsicott|Tailwind|p2a: Whimsicott
|-sidestart|p2: shieeeee|move: Tailwind
|cant|p2b: Garchomp|flinch
|move|p1a: Dragapult|U-turn|p2a: Whimsicott
|-damage|p2a: Whimsicott|47/100
|
|t:|1756933674
|switch|p1a: Rillaboom|Rillaboom, L50, F|100/100|[from] U-turn
|-fieldstart|move: Grassy Terrain|[from] ability: Grassy Surge|[of] p1a: Rillaboom
|
|-heal|p2a: Whimsicott|53/100|[from] Grassy Terrain
|-heal|p2b: Garchomp|92/100 psn|[from] Grassy Terrain
|-heal|p1b: Sneasler|94/100|[from] Grassy Terrain
|-damage|p2b: Garchomp|79/100 psn|[from] psn
|upkeep
|turn|2
|inactive|shieeeee has 30 seconds left.
|
|t:|1756933709
|move|p1b: Sneasler|Protect|p1b: Sneasler
|-singleturn|p1b: Sneasler|Protect
|move|p2a: Whimsicott|Moonblast|p1a: Rillaboom
|-damage|p1a: Rillaboom|70/100
|move|p2b: Garchomp|Dragon Claw|p1a: Rillaboom
|-damage|p1a: Rillaboom|15/100
|-damage|p2b: Garchomp|70/100 psn|[from] item: Life Orb
|move|p1a: Rillaboom|Wood Hammer|p2b: Garchomp
|-damage|p2b: Garchomp|0 fnt
|-damage|p1a: Rillaboom|3/100|[from] ability: Rough Skin|[of] p2b: Garchomp
|faint|p2b: Garchomp
|-damage|p1a: Rillaboom|0 fnt|[from] Recoil
|faint|p1a: Rillaboom
|
|-heal|p2a: Whimsicott|59/100|[from] Grassy Terrain
|-heal|p1b: Sneasler|99/100|[from] Grassy Terrain
|upkeep
|
|t:|1756933726
|switch|p2b: Dragonite|Dragonite, L50, M, shiny|100/100
|switch|p1a: Primarina|Primarina, L50, F|100/100
|turn|3
|inactive|stevie.bot has 30 seconds left.
|inactive|shieeeee has 30 seconds left.
|
|t:|1756933760
|-terastallize|p2b: Dragonite|Normal
|move|p2b: Dragonite|Extreme Speed|p1a: Primarina
|-damage|p1a: Primarina|33/100
|-enditem|p1a: Primarina|Sitrus Berry|[eat]
|-heal|p1a: Primarina|58/100|[from] item: Sitrus Berry
|move|p2a: Whimsicott|Encore|p1b: Sneasler
|-start|p1b: Sneasler|Encore
|move|p1b: Sneasler|Protect|p1b: Sneasler
|-singleturn|p1b: Sneasler|Protect
|move|p1a: Primarina|Moonblast|p2a: Whimsicott
|-damage|p2a: Whimsicott|0 fnt
|faint|p2a: Whimsicott
|
|-heal|p1b: Sneasler|100/100|[from] Grassy Terrain
|-heal|p1a: Primarina|64/100|[from] Grassy Terrain
|upkeep
|
|t:|1756933768
|switch|p2a: Sneasler|Sneasler, L50, F|100/100
|turn|4
|
|t:|1756933789
|switch|p1b: Dragapult|Dragapult, L50, M|100/100
|move|p1a: Primarina|Protect|p1a: Primarina
|-singleturn|p1a: Primarina|Protect
|move|p2b: Dragonite|Extreme Speed|p1a: Primarina
|-activate|p1a: Primarina|move: Protect
|move|p2a: Sneasler|Dire Claw|p1a: Primarina
|-activate|p1a: Primarina|move: Protect
|
|-heal|p1a: Primarina|70/100|[from] Grassy Terrain
|-sideend|p2: shieeeee|move: Tailwind
|upkeep
|turn|5
|inactive|shieeeee has 30 seconds left.
|
|t:|1756933822
|move|p2b: Dragonite|Extreme Speed|p1a: Primarina
|-damage|p1a: Primarina|0 fnt
|faint|p1a: Primarina
|move|p1b: Dragapult|Dragon Darts|p2a: Sneasler
|-damage|p2a: Sneasler|38/100
|-anim|p1b: Dragapult|Dragon Darts|p2b: Dragonite
|-damage|p2b: Dragonite|67/100
|move|p2a: Sneasler|Dire Claw|p1b: Dragapult
|-resisted|p1b: Dragapult
|-damage|p1b: Dragapult|69/100
|
|-heal|p1b: Dragapult|75/100|[from] Grassy Terrain
|-heal|p2a: Sneasler|44/100|[from] Grassy Terrain
|-heal|p2b: Dragonite|73/100|[from] Grassy Terrain
|-fieldend|move: Grassy Terrain
|upkeep
|
|t:|1756933831
|switch|p1a: Sneasler|Sneasler, L50, F|100/100
|turn|6
|
|t:|1756933853
|-terastallize|p1a: Sneasler|Stellar
|move|p1a: Sneasler|Fake Out|p2a: Sneasler
|-damage|p2a: Sneasler|13/100
|move|p2b: Dragonite|Extreme Speed|p1a: Sneasler
|-enditem|p1a: Sneasler|Focus Sash
|-damage|p1a: Sneasler|1/100
|move|p1b: Dragapult|Dragon Darts|p2b: Dragonite
|-damage|p2b: Dragonite|37/100
|-anim|p1b: Dragapult|Dragon Darts|p2a: Sneasler
|-crit|p2a: Sneasler
|-damage|p2a: Sneasler|0 fnt
|faint|p2a: Sneasler
|
|upkeep
|turn|7
|
|t:|1756933870
|move|p2b: Dragonite|Extreme Speed|p1a: Sneasler
|-damage|p1a: Sneasler|0 fnt
|faint|p1a: Sneasler
|move|p1b: Dragapult|Dragon Darts|p2b: Dragonite
|-damage|p2b: Dragonite|2/100
|-anim|p1b: Dragapult|Dragon Darts|p2b: Dragonite
|-damage|p2b: Dragonite|0 fnt
|faint|p2b: Dragonite
|
|win|stevie.bot
|raw|stevie.bot's rating: 1359 → 1375(+16 for winning)
|raw|shieeeee's rating: 1280 → 1261(-19 for losing)
|l|☆stevie.bot
|player|p1|
