|j|☆iliteratepineapple
|j|☆hungry hillo
|html|iliteratepineapplehungry hillo    
|uhtml|bestof|Game 1 of a best-of-3
|t:|1756648583
|gametype|doubles
|player|p1|iliteratepineapple|1|
|player|p2|hungry hillo|n|
|gen|9
|tier|[Gen 9] VGC 2025 Reg H (Bo3)
|rule|Species Clause: Limit one of each Pokémon
|rule|Item Clause: Limit 1 of each item
|clearpoke
|poke|p1|Basculegion, L50, M|
|poke|p1|Rillaboom, L50, M|
|poke|p1|Volcarona, L50, F|
|poke|p1|Murkrow, L50, F|
|poke|p1|Gholdengo, L50|
|poke|p1|Grimmsnarl, L50, M|
|poke|p2|Sneasler, L50, F|
|poke|p2|Clefable, L50, M|
|poke|p2|Gholdengo, L50|
|poke|p2|Rillaboom, L50, M|
|poke|p2|Dragapult, L50, M|
|poke|p2|Incineroar, L50, F|
|teampreview|4
|showteam|p1|Basculegion||LifeOrb|Adaptability|WaveCrash,LastRespects,AquaJet,Protect|||M|||50|,,,,,Water]Rillaboom||AssaultVest|GrassySurge|WoodHammer,GrassyGlide,HighHorsepower,FakeOut|||M|||50|,,,,,Fire]Volcarona||SitrusBerry|FlameBody|HeatWave,StruggleBug,RagePowder,Protect|||F|||50|,,,,,Fairy]Murkrow||Eviolite|Prankster|DualWingbeat,Tailwind,RainDance,Protect|||F|||50|,,,,,Ghost]Gholdengo||Leftovers|GoodasGold|MakeItRain,ShadowBall,NastyPlot,Protect||||||50|,,,,,Dragon]Grimmsnarl||LightClay|Prankster|SpiritBreak,LightScreen,Reflect,ThunderWave|||M|||50|,,,,,Grass
|showteam|p2|Sneasler||FocusSash|Unburden|CloseCombat,DireClaw,Protect,ThroatChop|||F|||50|,,,,,Dark]Clefable||RockyHelmet|Unaware|Moonblast,IcyWind,FollowMe,Protect|||M|||50|,,,,,Steel]Gholdengo||LifeOrb|GoodasGold|MakeItRain,ShadowBall,NastyPlot,Protect||||||50|,,,,,Water]Rillaboom||AssaultVest|GrassySurge|WoodHammer,GrassyGlide,HighHorsepower,FakeOut|||M|||50|,,,,,Fire]Dragapult||ChoiceSpecs|ClearBody|ShadowBall,Flamethrower,Thunderbolt,DracoMeteor|||M|||50|,,,,,Fire]Incineroar||SitrusBerry|Intimidate|FakeOut,KnockOff,PartingShot,FlareBlitz|||F|||50|,,,,,Bug
|c|☆iliteratepineapple|ive led same
|
|t:|1756648605
|teamsize|p1|4
|teamsize|p2|4
|start
|switch|p1a: Volcarona|Volcarona, L50, F|100/100
|switch|p1b: Grimmsnarl|Grimmsnarl, L50, M|100/100
|switch|p2a: Incineroar|Incineroar, L50, F|100/100
|switch|p2b: ƁºƁ|Sneasler, L50, F|100/100
|-ability|p2a: Incineroar|Intimidate|boost
|-unboost|p1a: Volcarona|atk|1
|-unboost|p1b: Grimmsnarl|atk|1
|turn|1
|
|t:|1756648641
|switch|p1b: Gholdengo|Gholdengo, L50|100/100
|-terastallize|p2b: ƁºƁ|Dark
|move|p2b: ƁºƁ|Dire Claw|p1b: Gholdengo
|-immune|p1b: Gholdengo
|move|p1a: Volcarona|Heat Wave|p2b: ƁºƁ|[spread] p2a,p2b
|-resisted|p2a: Incineroar
|-damage|p2a: Incineroar|86/100
|-damage|p2b: ƁºƁ|54/100
|move|p2a: Incineroar|Parting Shot|p1b: Gholdengo
|-immune|p1b: Gholdengo|[from] ability: Good as Gold
|
|upkeep
|turn|2
|
|t:|1756648659
|move|p1a: Volcarona|Rage Powder|p1a: Volcarona
|-singleturn|p1a: Volcarona|move: Rage Powder
|move|p2b: ƁºƁ|Dire Claw|p1a: Volcarona
|-damage|p1a: Volcarona|61/100
|-status|p1a: Volcarona|par
|-status|p2b: ƁºƁ|brn|[from] ability: Flame Body|[of] p1a: Volcarona
|move|p1b: Gholdengo|Nasty Plot|p1b: Gholdengo
|-boost|p1b: Gholdengo|spa|2
|move|p2a: Incineroar|Flare Blitz|p1a: Volcarona
|-crit|p1a: Volcarona
|-damage|p1a: Volcarona|0 fnt
|faint|p1a: Volcarona
|-damage|p2a: Incineroar|67/100|[from] Recoil
|
|-damage|p2b: ƁºƁ|48/100 brn|[from] brn
|upkeep
|
|t:|1756648675
|switch|p1a: Grimmsnarl|Grimmsnarl, L50, M|100/100
|turn|3
|
|t:|1756648690
|-terastallize|p1b: Gholdengo|Dragon
|move|p1a: Grimmsnarl|Reflect|p1a: Grimmsnarl
|-sidestart|p1: iliteratepineapple|Reflect
|move|p2b: ƁºƁ|Dire Claw|p1a: Grimmsnarl
|-supereffective|p1a: Grimmsnarl
|-crit|p1a: Grimmsnarl
|-damage|p1a: Grimmsnarl|28/100
|-status|p1a: Grimmsnarl|slp
|move|p1b: Gholdengo|Make It Rain|p2a: Incineroar|[spread] p2a,p2b
|-resisted|p2a: Incineroar
|-damage|p2a: Incineroar|32/100
|-damage|p2b: ƁºƁ|0 fnt
|-unboost|p1b: Gholdengo|spa|1
|-enditem|p2a: Incineroar|Sitrus Berry|[eat]
|-heal|p2a: Incineroar|57/100|[from] item: Sitrus Berry
|faint|p2b: ƁºƁ
|move|p2a: Incineroar|Flare Blitz|p1b: Gholdengo
|-resisted|p1b: Gholdengo
|-damage|p1b: Gholdengo|81/100
|-damage|p2a: Incineroar|51/100|[from] Recoil
|
|-heal|p1b: Gholdengo|87/100|[from] item: Leftovers
|upkeep
|
|t:|1756648709
|switch|p2b: Dragapult|Dragapult, L50, M|100/100
|turn|4
|
|t:|1756648718
|move|p1b: Gholdengo|Protect|p1b: Gholdengo
|-singleturn|p1b: Gholdengo|Protect
|cant|p1a: Grimmsnarl|slp
|move|p2b: Dragapult|Draco Meteor|p1b: Gholdengo
|-activate|p1b: Gholdengo|move: Protect
|move|p2a: Incineroar|Flare Blitz|p1a: Grimmsnarl
|-damage|p1a: Grimmsnarl|0 fnt
|faint|p1a: Grimmsnarl
|-damage|p2a: Incineroar|43/100|[from] Recoil
|
|-heal|p1b: Gholdengo|94/100|[from] item: Leftovers
|upkeep
|
|t:|1756648731
|switch|p1a: Rillaboom|Rillaboom, L50, M|100/100
|-fieldstart|move: Grassy Terrain|[from] ability: Grassy Surge|[of] p1a: Rillaboom
|turn|5
|
|t:|1756648763
|move|p1b: Gholdengo|Protect|p1b: Gholdengo
|-singleturn|p1b: Gholdengo|Protect
|move|p2b: Dragapult|Draco Meteor|p1b: Gholdengo
|-activate|p1b: Gholdengo|move: Protect
|move|p1a: Rillaboom|High Horsepower|p2a: Incineroar
|-supereffective|p2a: Incineroar
|-damage|p2a: Incineroar|0 fnt
|faint|p2a: Incineroar
|
|-heal|p1b: Gholdengo|99/100|[from] Grassy Terrain
|-heal|p1b: Gholdengo|100/100|[from] item: Leftovers
|upkeep
|
|t:|1756648771
|switch|p2a: Dk|Rillaboom, L50, M|100/100
|turn|6
|
|t:|1756648790
|move|p2a: Dk|Fake Out|p1a: Rillaboom
|-damage|p1a: Rillaboom|92/100
|move|p2b: Dragapult|Draco Meteor|p1b: Gholdengo
|-supereffective|p1b: Gholdengo
|-damage|p1b: Gholdengo|0 fnt
|-unboost|p2b: Dragapult|spa|2
|faint|p1b: Gholdengo
|cant|p1a: Rillaboom|flinch
|
|-heal|p1a: Rillaboom|98/100|[from] Grassy Terrain
|upkeep
|turn|7
|
|t:|1756648802
|move|p2b: Dragapult|Draco Meteor|p1a: Rillaboom
|-damage|p1a: Rillaboom|68/100
|-unboost|p2b: Dragapult|spa|2
|move|p2a: Dk|Wood Hammer|p1a: Rillaboom
|-resisted|p1a: Rillaboom
|-damage|p1a: Rillaboom|42/100
|-damage|p2a: Dk|92/100|[from] Recoil
|move|p1a: Rillaboom|Wood Hammer|p2b: Dragapult
|-resisted|p2b: Dragapult
|-damage|p2b: Dragapult|48/100
|-damage|p1a: Rillaboom|29/100|[from] Recoil
|
|-heal|p2b: Dragapult|54/100|[from] Grassy Terrain
|-heal|p2a: Dk|98/100|[from] Grassy Terrain
|-heal|p1a: Rillaboom|34/100|[from] Grassy Terrain
|upkeep
|turn|8
|
|t:|1756648820
|move|p1a: Rillaboom|Grassy Glide|p2a: Dk
|-resisted|p2a: Dk
|-damage|p2a: Dk|79/100
|move|p2b: Dragapult|Draco Meteor|p1a: Rillaboom
|-damage|p1a: Rillaboom|11/100
|-unboost|p2b: Dragapult|spa|2
|move|p2a: Dk|Wood Hammer|p1a: Rillaboom
|-resisted|p1a: Rillaboom
|-damage|p1a: Rillaboom|0 fnt
|faint|p1a: Rillaboom
|-damage|p2a: Dk|75/100|[from] Recoil
|
|win|hungry hillo
|inactive|iliteratepineapple has 30 seconds to confirm battle start!
|inactive|hungry hillo has 30 seconds to confirm battle start!
|inactive|iliteratepineapple has 20 seconds to confirm battle start!
|inactive|hungry hillo has 20 seconds to confirm battle start!
|inactive|iliteratepineapple has 10 seconds to confirm battle start!
|inactive|hungry hillo has 10 seconds to confirm battle start!
|inactive|iliteratepineapple has 0 seconds to confirm battle start!
|inactive|hungry hillo has 0 seconds to confirm battle start!
||hungry hillo is ready for game 2.
||iliteratepineapple is ready for game 2.
|uhtml|next|Next: Game 2 of 3
