|j|☆d_malicious
|j|☆MurQrow
|html|d_maliciousMurQrow    
|uhtml|bestof|Game 2 of a best-of-3
|t:|1756852938
|gametype|doubles
|player|p1|d_malicious|265|1217
|player|p2|MurQrow|101|1101
|gen|9
|tier|[Gen 9] VGC 2025 Reg H (Bo3)
|rated|
|rule|Species Clause: Limit one of each Pokémon
|rule|Item Clause: Limit 1 of each item
|clearpoke
|poke|p1|Dragonite, L50, F|
|poke|p1|Whimsicott, L50, F|
|poke|p1|Arcanine-Hisui, L50, F|
|poke|p1|Rillaboom, L50, M|
|poke|p1|Torkoal, L50, M|
|poke|p1|Archaludon, L50, M|
|poke|p2|Ninetales-Alola, L50, F|
|poke|p2|Baxcalibur, L50, F|
|poke|p2|Gholdengo, L50|
|poke|p2|Magmar, L50, F|
|poke|p2|Rillaboom, L50, M|
|poke|p2|Flamigo, L50, F|
|teampreview|4
|showteam|p1|Dragonite||ChoiceBand|InnerFocus|ExtremeSpeed,Outrage,AerialAce,StompingTantrum|||F|||50|,,,,,Normal]Whimsicott||CovertCloak|Prankster|Tailwind,Moonblast,TrickRoom,Encore|||F|||50|,,,,,Water]Arcanine-Hisui||ClearAmulet|Intimidate|RockSlide,FlareBlitz,ExtremeSpeed,Protect|||F|||50|,,,,,Dragon]Rillaboom||AssaultVest|GrassySurge|GrassyGlide,HighHorsepower,FakeOut,Uturn|||M|||50|,,,,,Grass]Torkoal||EjectPack|Drought|Protect,Eruption,Overheat,HelpingHand|||M|||50|,,,,,Fire]Archaludon||PowerHerb|Sturdy|Protect,ElectroShot,FlashCannon,DragonPulse|||M|||50|,,,,,Electric
|showteam|p2|Ninetales-Alola||CovertCloak|SnowWarning|Blizzard,IcyWind,Encore,AuroraVeil|||F|||50|,,,,,Fire]Baxcalibur||LoadedDice|ThermalExchange|Protect,IceShard,IcicleSpear,ScaleShot|||F|||50|,,,,,Water]Gholdengo||LifeOrb|GoodasGold|NastyPlot,Protect,MakeItRain,ShadowBall||||||50|,,,,,Water]Magmar||Eviolite|VitalSpirit|ClearSmog,FollowMe,Protect,Flamethrower|||F|||50|,,,,,Ghost]Rillaboom||AssaultVest|GrassySurge|FakeOut,GrassyGlide,WoodHammer,HighHorsepower|||M|||50|,,,,,Fire]Flamigo||ChoiceScarf|Scrappy|CloseCombat,BraveBird,DualWingbeat,Tailwind|||F|||50|,,,,,Ghost
|inactive|Battle timer is ON: inactive players will automatically lose when time's up. (requested by MurQrow)
|inactive|MurQrow has 60 seconds left.
|
|t:|1756852970
|teamsize|p1|4
|teamsize|p2|4
|start
|switch|p1a: Arcanine|Arcanine-Hisui, L50, F|100/100
|switch|p1b: Whimsicott|Whimsicott, L50, F|100/100
|switch|p2a: Flamigo|Flamigo, L50, F|100/100
|switch|p2b: Gholdengo|Gholdengo, L50|100/100
|-ability|p1a: Arcanine|Intimidate|boost
|-fail|p2a: Flamigo|unboost|Attack|[from] ability: Scrappy|[of] p2a: Flamigo
|-unboost|p2b: Gholdengo|atk|1
|turn|1
|inactive|d_malicious has 30 seconds left.
|
|t:|1756852995
|-terastallize|p1a: Arcanine|Dragon
|-terastallize|p2b: Gholdengo|Water
|move|p2a: Flamigo|Close Combat|p1a: Arcanine
|-damage|p1a: Arcanine|26/100
|-unboost|p2a: Flamigo|def|1
|-unboost|p2a: Flamigo|spd|1
|move|p1a: Arcanine|Flare Blitz|p2b: Gholdengo
|-resisted|p2b: Gholdengo
|-damage|p2b: Gholdengo|66/100
|-damage|p1a: Arcanine|15/100|[from] Recoil
|move|p1b: Whimsicott|Moonblast|p2a: Flamigo
|-supereffective|p2a: Flamigo
|-damage|p2a: Flamigo|0 fnt
|faint|p2a: Flamigo
|move|p2b: Gholdengo|Make It Rain|p1a: Arcanine|[spread] p1a,p1b
|-supereffective|p1b: Whimsicott
|-damage|p1a: Arcanine|0 fnt
|-damage|p1b: Whimsicott|0 fnt
|-unboost|p2b: Gholdengo|spa|1
|faint|p1a: Arcanine
|faint|p1b: Whimsicott
|-damage|p2b: Gholdengo|56/100|[from] item: Life Orb
|
|upkeep
|
|t:|1756853016
|switch|p2a: Ninetales|Ninetales-Alola, L50, F|100/100
|switch|p1a: Archaludon|Archaludon, L50, M|100/100
|switch|p1b: Torkoal|Torkoal, L50, M|100/100
|-weather|Snowscape|[from] ability: Snow Warning|[of] p2a: Ninetales
|-weather|SunnyDay|[from] ability: Drought|[of] p1b: Torkoal
|turn|2
|
|t:|1756853028
|move|p2b: Gholdengo|Protect|p2b: Gholdengo
|-singleturn|p2b: Gholdengo|Protect
|move|p2a: Ninetales|Icy Wind|p1a: Archaludon|[spread] p1a,p1b
|-resisted|p1b: Torkoal
|-damage|p1a: Archaludon|86/100
|-damage|p1b: Torkoal|93/100
|-unboost|p1a: Archaludon|spe|1
|-unboost|p1b: Torkoal|spe|1
|move|p1a: Archaludon|Electro Shot||[still]
|-prepare|p1a: Archaludon|Electro Shot
|-boost|p1a: Archaludon|spa|1
|-enditem|p1a: Archaludon|Power Herb
|-anim|p1a: Archaludon|Electro Shot|p2a: Ninetales
|-damage|p2a: Ninetales|21/100
|move|p1b: Torkoal|Eruption|p2b: Gholdengo|[spread] p2a
|-activate|p2b: Gholdengo|move: Protect
|-supereffective|p2a: Ninetales
|-crit|p2a: Ninetales
|-damage|p2a: Ninetales|0 fnt
|faint|p2a: Ninetales
|
|-weather|SunnyDay|[upkeep]
|upkeep
|
|t:|1756853042
|switch|p2a: Magmar|Magmar, L50, F|100/100
|turn|3
|
|t:|1756853053
|move|p2a: Magmar|Follow Me|p2a: Magmar
|-singleturn|p2a: Magmar|move: Follow Me
|move|p2b: Gholdengo|Shadow Ball|p1b: Torkoal
|-damage|p1b: Torkoal|41/100
|-damage|p2b: Gholdengo|46/100|[from] item: Life Orb
|move|p1a: Archaludon|Dragon Pulse|p2a: Magmar
|-damage|p2a: Magmar|48/100
|move|p1b: Torkoal|Eruption|p2b: Gholdengo|[spread] p2a,p2b
|-resisted|p2a: Magmar
|-resisted|p2b: Gholdengo
|-damage|p2a: Magmar|38/100
|-damage|p2b: Gholdengo|30/100
|
|-weather|SunnyDay|[upkeep]
|upkeep
|turn|4
|inactive|MurQrow has 30 seconds left.
|
|t:|1756853080
|move|p1a: Archaludon|Protect|p1a: Archaludon
|-singleturn|p1a: Archaludon|Protect
|move|p2b: Gholdengo|Shadow Ball|p1b: Torkoal
|-damage|p1b: Torkoal|0 fnt
|faint|p1b: Torkoal
|-damage|p2b: Gholdengo|20/100|[from] item: Life Orb
|move|p2a: Magmar|Flamethrower|p1a: Archaludon
|-activate|p1a: Archaludon|move: Protect
|
|-weather|SunnyDay|[upkeep]
|upkeep
|turn|5
|
|t:|1756853094
|move|p2b: Gholdengo|Shadow Ball|p1a: Archaludon
|-damage|p1a: Archaludon|42/100
|-damage|p2b: Gholdengo|10/100|[from] item: Life Orb
|move|p2a: Magmar|Flamethrower|p1a: Archaludon
|-crit|p1a: Archaludon
|-damage|p1a: Archaludon|0 fnt
|faint|p1a: Archaludon
|
|win|MurQrow
