|j|☆HelhiemFiend
|j|☆AN555GEL
|html|HelhiemFiendAN555GEL    
|uhtml|bestof|Game 1 of a best-of-3
|t:|1756249041
|gametype|doubles
|player|p1|HelhiemFiend|169|1224
|player|p2|AN555GEL|170|1163
|gen|9
|tier|[Gen 9] VGC 2025 Reg H (Bo3)
|rated|
|rule|Species Clause: Limit one of each Pokémon
|rule|Item Clause: Limit 1 of each item
|clearpoke
|poke|p1|Dragapult, L50, M|
|poke|p1|Kingambit, L50, F|
|poke|p1|Rillaboom, L50, F|
|poke|p1|Glimmora, L50, F|
|poke|p1|Sneasler, L50, M|
|poke|p1|Zoroark-Hisui, L50, M|
|poke|p2|Archaludon, L50, F|
|poke|p2|Basculegion, L50, M|
|poke|p2|Pelipper, L50, M|
|poke|p2|Incineroar, L50, M|
|poke|p2|Clefable, L50, M|
|poke|p2|Gholdengo, L50|
|teampreview|4
|showteam|p1|Dragapult||ChoiceBand|ClearBody|DragonDarts,TeraBlast,PhantomForce,Uturn|||M|||50|,,,,,Ghost]Kingambit||SafetyGoggles|Defiant|KowtowCleave,SuckerPunch,SwordsDance,Protect|||F|||50|,,,,,Dark]Rillaboom||AssaultVest|GrassySurge|WoodHammer,GrassyGlide,FakeOut,Uturn|||F|||50|,,,,,Fire]Glimmora||LifeOrb|ToxicDebris|SludgeBomb,PowerGem,EarthPower,SpikyShield|||F|||50|,,,,,Grass]Sneasler||FocusSash|Unburden|DireClaw,CloseCombat,FakeOut,Protect|||M|||50|,,,,,Stellar]Zoroark-Hisui||ChoiceSpecs|Illusion|ShadowBall,HyperVoice,TeraBlast,Trick|||M|||50|,,,,,Fighting
|showteam|p2|Archaludon||AssaultVest|Stamina|ElectroShot,BodyPress,DragonPulse,Snarl|||F|||50|,,,,,Grass]Basculegion||ChoiceBand|SwiftSwim|AquaJet,WaveCrash,FlipTurn,LastRespects|||M|||50|,,,,,Water]Pelipper||FocusSash|Drizzle|WeatherBall,Hurricane,Tailwind,Protect|||M|||50|,,,,,Ghost]Incineroar||SitrusBerry|Intimidate|FakeOut,KnockOff,Taunt,PartingShot|||M|||50|,,,,,Ghost]Clefable||SafetyGoggles|Unaware|Moonblast,FollowMe,Protect,LifeDew|||M|||50|,,,,,Water]Gholdengo||LifeOrb|GoodasGold|MakeItRain,NastyPlot,ShadowBall,Protect||||||50|,,,,,Water
|c|☆HelhiemFiend|Glhf
|c|☆AN555GEL|glgl
|inactive|Battle timer is ON: inactive players will automatically lose when time's up. (requested by AN555GEL)
|
|t:|1756249119
|teamsize|p1|4
|teamsize|p2|4
|start
|switch|p1a: Earhart|Dragapult, L50, M|100/100
|switch|p1b: Gambling!|Sneasler, L50, M|100/100
|switch|p2a: Pelipper|Pelipper, L50, M, shiny|100/100
|switch|p2b: Basculegion|Basculegion, L50, M|100/100
|-weather|RainDance|[from] ability: Drizzle|[of] p2a: Pelipper
|turn|1
|inactive|AN555GEL has 30 seconds left.
|inactive|AN555GEL has 20 seconds left.
|inactive|AN555GEL has 15 seconds left.
|inactive|AN555GEL has 10 seconds left.
|inactive|HelhiemFiend has 30 seconds left.
|
|t:|1756249176
|switch|p1a: Big Gamba|Kingambit, L50, F|100/100
|-terastallize|p2b: Basculegion|Water
|move|p2b: Basculegion|Wave Crash|p1a: Big Gamba
|-crit|p1a: Big Gamba
|-damage|p1a: Big Gamba|0 fnt
|faint|p1a: Big Gamba
|-damage|p2b: Basculegion|69/100|[from] Recoil
|move|p1b: Gambling!|Dire Claw|p2a: Pelipper
|-damage|p2a: Pelipper|43/100
|move|p2a: Pelipper|Tailwind|p2a: Pelipper
|-sidestart|p2: AN555GEL|move: Tailwind
|
|-weather|RainDance|[upkeep]
|upkeep
|
|t:|1756249192
|switch|p1a: Donkey Kong|Rillaboom, L50, F|100/100
|-fieldstart|move: Grassy Terrain|[from] ability: Grassy Surge|[of] p1a: Donkey Kong
|turn|2
|inactive|AN555GEL has 30 seconds left.
|
|t:|1756249222
|switch|p2b: Archaludon|Archaludon, L50, F|100/100
|move|p2a: Pelipper|Protect|p2a: Pelipper
|-singleturn|p2a: Pelipper|Protect
|move|p1a: Donkey Kong|Fake Out|p2a: Pelipper
|-activate|p2a: Pelipper|move: Protect
|move|p1b: Gambling!|Close Combat|p2b: Archaludon
|-supereffective|p2b: Archaludon
|-damage|p2b: Archaludon|3/100
|-unboost|p1b: Gambling!|def|1
|-unboost|p1b: Gambling!|spd|1
|-ability|p2b: Archaludon|Stamina|boost
|-boost|p2b: Archaludon|def|1
|
|-weather|RainDance|[upkeep]
|-heal|p2b: Archaludon|9/100|[from] Grassy Terrain
|upkeep
|turn|3
|inactive|HelhiemFiend has 30 seconds left.
|
|t:|1756249250
|switch|p2a: Clefable|Clefable, L50, M|100/100
|move|p1a: Donkey Kong|Grassy Glide|p2a: Clefable
|-damage|p2a: Clefable|72/100
|move|p2b: Archaludon|Electro Shot||[still]
|-prepare|p2b: Archaludon|Electro Shot
|-boost|p2b: Archaludon|spa|1
|-anim|p2b: Archaludon|Electro Shot|p1b: Gambling!
|-enditem|p1b: Gambling!|Focus Sash
|-damage|p1b: Gambling!|1/100
|move|p1b: Gambling!|Close Combat|p2b: Archaludon
|-supereffective|p2b: Archaludon
|-damage|p2b: Archaludon|0 fnt
|-unboost|p1b: Gambling!|def|1
|-unboost|p1b: Gambling!|spd|1
|faint|p2b: Archaludon
|
|-weather|RainDance|[upkeep]
|-heal|p1b: Gambling!|7/100|[from] Grassy Terrain
|-heal|p2a: Clefable|78/100|[from] Grassy Terrain
|upkeep
|
|t:|1756249263
|switch|p2b: Basculegion|Basculegion, L50, M, tera:Water|69/100
|turn|4
|
|t:|1756249283
|move|p1b: Gambling!|Protect|p1b: Gambling!
|-singleturn|p1b: Gambling!|Protect
|move|p2a: Clefable|Follow Me|p2a: Clefable
|-singleturn|p2a: Clefable|move: Follow Me
|move|p2b: Basculegion|Aqua Jet|p1b: Gambling!
|-activate|p1b: Gambling!|move: Protect
|move|p1a: Donkey Kong|U-turn|p2a: Clefable
|-resisted|p2a: Clefable
|-damage|p2a: Clefable|68/100
|
|t:|1756249292
|switch|p1a: Earhart|Dragapult, L50, M|100/100|[from] U-turn
|
|-weather|RainDance|[upkeep]
|-heal|p2b: Basculegion|75/100|[from] Grassy Terrain
|-heal|p1b: Gambling!|13/100|[from] Grassy Terrain
|-heal|p2a: Clefable|74/100|[from] Grassy Terrain
|-sideend|p2: AN555GEL|move: Tailwind
|upkeep
|turn|5
|
|t:|1756249304
|switch|p1b: Donkey Kong|Rillaboom, L50, F|100/100
|-terastallize|p1a: Earhart|Ghost
|move|p2b: Basculegion|Aqua Jet|p1b: Donkey Kong
|-resisted|p1b: Donkey Kong
|-damage|p1b: Donkey Kong|72/100
|move|p1a: Earhart|Tera Blast|p2a: Clefable|[anim] Tera Blast Ghost
|-damage|p2a: Clefable|14/100
|move|p2a: Clefable|Moonblast|p1a: Earhart
|-damage|p1a: Earhart|60/100
|
|-weather|none
|-heal|p2b: Basculegion|81/100|[from] Grassy Terrain
|-heal|p1a: Earhart|66/100|[from] Grassy Terrain
|-heal|p1b: Donkey Kong|78/100|[from] Grassy Terrain
|-heal|p2a: Clefable|20/100|[from] Grassy Terrain
|upkeep
|turn|6
|inactive|HelhiemFiend has 30 seconds left.
|inactive|AN555GEL has 30 seconds left.
|
|t:|1756249333
|switch|p2b: Pelipper|Pelipper, L50, M, shiny|43/100
|-weather|RainDance|[from] ability: Drizzle|[of] p2b: Pelipper
|move|p2a: Clefable|Protect|p2a: Clefable
|-singleturn|p2a: Clefable|Protect
|move|p1a: Earhart|Tera Blast|p2b: Pelipper|[anim] Tera Blast Ghost
|-damage|p2b: Pelipper|0 fnt
|faint|p2b: Pelipper
|move|p1b: Donkey Kong|Wood Hammer|p2a: Clefable
|-activate|p2a: Clefable|move: Protect
|
|-weather|RainDance|[upkeep]
|-heal|p1a: Earhart|72/100|[from] Grassy Terrain
|-heal|p1b: Donkey Kong|84/100|[from] Grassy Terrain
|-heal|p2a: Clefable|26/100|[from] Grassy Terrain
|-fieldend|move: Grassy Terrain
|upkeep
|
|t:|1756249343
|switch|p2b: Basculegion|Basculegion, L50, M, tera:Water|81/100
|turn|7
|inactive|AN555GEL has 30 seconds left.
|inactive|AN555GEL has 20 seconds left.
|inactive|AN555GEL has 15 seconds left.
|
|t:|1756249386
|move|p2a: Clefable|Follow Me|p2a: Clefable
|-singleturn|p2a: Clefable|move: Follow Me
|move|p2b: Basculegion|Last Respects|p1a: Earhart
|-supereffective|p1a: Earhart
|-damage|p1a: Earhart|0 fnt
|faint|p1a: Earhart
|move|p1b: Donkey Kong|Wood Hammer|p2a: Clefable
|-damage|p2a: Clefable|0 fnt
|faint|p2a: Clefable
|-damage|p1b: Donkey Kong|75/100|[from] Recoil
|
|-weather|RainDance|[upkeep]
|upkeep
|
|t:|1756249392
|switch|p1a: Gambling!|Sneasler, L50, M|13/100
|turn|8
|
|t:|1756249395
|move|p1a: Gambling!|Fake Out|p2b: Basculegion
|-damage|p2b: Basculegion|63/100
|cant|p2b: Basculegion|flinch
|move|p1b: Donkey Kong|Wood Hammer|p2b: Basculegion
|-supereffective|p2b: Basculegion
|-damage|p2b: Basculegion|0 fnt
|faint|p2b: Basculegion
|-damage|p1b: Donkey Kong|54/100|[from] Recoil
|
|win|HelhiemFiend
||AN555GEL is ready for game 2.
|inactive|HelhiemFiend has 30 seconds to confirm battle start!
||HelhiemFiend is ready for game 2.
|uhtml|next|Next: Game 2 of 3
