|j|Ōśåsiegmvnd
|j|Ōśåfrokathan
|html|siegmvndfrokathan    
|uhtml|bestof|Game 1 of a best-of-3
|t:|1782699078
|gametype|doubles
|player|p1|siegmvnd|raihan|
|player|p2|frokathan|miku-ghost|
|gen|9
|tier|[Gen 9 Champions] VGC 2026 Reg M-B (Bo3)
|rule|Species Clause: Limit one of each Pok├®mon
|rule|Item Clause: Limit 1 of each item
|clearpoke
|poke|p1|Swampert, L50, M|
|poke|p1|Pelipper, L50, M|
|poke|p1|Metagross, L50|
|poke|p1|Grimmsnarl, L50, M|
|poke|p1|Archaludon, L50, M|
|poke|p1|Sinistcha, L50|
|poke|p2|Mawile, L50, M|
|poke|p2|Farigiraf, L50, F|
|poke|p2|Sinistcha, L50|
|poke|p2|Incineroar, L50, F|
|poke|p2|Raichu, L50, F|
|poke|p2|Ninetales-Alola, L50, F|
|teampreview|4
|showteam|p1|Swampert||Swampertite|Torrent|Protect,IcePunch,WaveCrash,Earthquake|Adamant||M|||50|]Pelipper||FocusSash|Drizzle|Protect,Tailwind,WeatherBall,Hurricane|Modest||M|||50|]Metagross||Metagrossite|ClearBody|Protect,BodyPress,PsychicFangs,IronHead|Jolly|||||50|]Grimmsnarl||LightClay|Prankster|FoulPlay,PartingShot,LightScreen,Reflect|Calm||M|||50|]Archaludon||Leftovers|Stamina|Protect,ElectroShot,FlashCannon,DragonPulse|Modest||M|||50|]Sinistcha||SitrusBerry|Hospitality|Protect,TrickRoom,MatchaGotcha,RagePowder|Relaxed|||||50|
|showteam|p2|Mawile||Mawilite|HyperCutter|PlayRough,IronHead,ThunderPunch,Protect|Brave||M|||50|]Farigiraf||ColburBerry|ArmorTail|TwinBeam,HelpingHand,TrickRoom,Protect|Calm||F|||50|]Sinistcha||OccaBerry|Hospitality|MatchaGotcha,RagePowder,TrickRoom,Protect|Calm|||||50|]Incineroar||SitrusBerry|Intimidate|FlareBlitz,DarkestLariat,FakeOut,PartingShot|Sassy||F|||50|]Raichu||RaichuniteY|Static|ZapCannon,FocusBlast,GrassKnot,FakeOut|Timid||F|||50|]Ninetales-Alola||FocusSash|SnowWarning|Blizzard,Moonblast,AuroraVeil,Protect|Timid||F|||50|
|c|Ōśåfrokathan|every time i load up into raijn a part of me dies
|
|t:|1782699130
|teamsize|p1|4
|teamsize|p2|4
|start
|switch|p1a: Metagross|Metagross, L50|100/100
|switch|p1b: Grimmsnarl|Grimmsnarl, L50, M|100/100
|switch|p2a: Raichu|Raichu, L50, F|100/100
|switch|p2b: Sinistcha|Sinistcha, L50|100/100
|turn|1
|c|Ōśåsiegmvnd|LMAO
|c|Ōśåsiegmvnd|its ok ive played like 3 games with this team total
|c|Ōśåfrokathan|this is my second game with this one
|c|Ōśåsiegmvnd|surely i will win
|
|t:|1782699187
|detailschange|p2a: Raichu|Raichu-Mega-Y, L50, F
|-mega|p2a: Raichu|Raichu|Raichunite Y
|detailschange|p1a: Metagross|Metagross-Mega, L50
|-mega|p1a: Metagross|Metagross|Metagrossite
|move|p1a: Metagross|Protect|p1a: Metagross
|-singleturn|p1a: Metagross|Protect
|move|p2b: Sinistcha|Rage Powder|p2b: Sinistcha
|-singleturn|p2b: Sinistcha|move: Rage Powder
|move|p1b: Grimmsnarl|Light Screen|p1b: Grimmsnarl
|-sidestart|p1: siegmvnd|move: Light Screen
|move|p2a: Raichu|Zap Cannon|p1a: Metagross
|-activate|p1a: Metagross|move: Protect
|
|upkeep
|turn|2
|c|Ōśåfrokathan|probably
|c|Ōśåfrokathan|you have way more experience
|c|Ōśåfrokathan|you have no idea how much i hate grimmsnarl
|
|t:|1782699223
|move|p2b: Sinistcha|Rage Powder|p2b: Sinistcha
|-singleturn|p2b: Sinistcha|move: Rage Powder
|move|p2a: Raichu|Zap Cannon|p1a: Metagross
|-damage|p1a: Metagross|60/100
|-status|p1a: Metagross|par
|move|p1b: Grimmsnarl|Foul Play|p2b: Sinistcha
|-supereffective|p2b: Sinistcha|1
|-damage|p2b: Sinistcha|62/100
|move|p1a: Metagross|Body Press|p2b: Sinistcha
|-immune|p2b: Sinistcha
|
|upkeep
|turn|3
|
|t:|1782699249
|switch|p2a: Incineroar|Incineroar, L50, F|100/100
|-ability|p2a: Incineroar|Intimidate|boost
|-unboost|p1a: Metagross|atk|1
|-unboost|p1b: Grimmsnarl|atk|1
|switch|p1a: Sinistcha|Sinistcha, L50|100/100
|move|p2b: Sinistcha|Protect|p2b: Sinistcha
|-singleturn|p2b: Sinistcha|Protect
|move|p1b: Grimmsnarl|Parting Shot|p2a: Incineroar
|-hint|Since gen 7, Dark is immune to Prankster moves.
|-immune|p2a: Incineroar
|
|upkeep
|turn|4
|c|Ōśåsiegmvnd|okay
|
|t:|1782699274
|move|p1b: Grimmsnarl|Foul Play|p2b: Sinistcha
|-supereffective|p2b: Sinistcha|1
|-damage|p2b: Sinistcha|29/100
|move|p2b: Sinistcha|Matcha Gotcha|p1b: Grimmsnarl|[spread] p1a
|-miss|p2b: Sinistcha|p1b: Grimmsnarl
|-resisted|p1a: Sinistcha|1
|-damage|p1a: Sinistcha|92/100
|-heal|p2b: Sinistcha|33/100|[from] drain|[of] p1a: Sinistcha
|-status|p1a: Sinistcha|brn
|move|p2a: Incineroar|Flare Blitz|p1a: Sinistcha
|-supereffective|p1a: Sinistcha|1
|-damage|p1a: Sinistcha|1/100 brn
|-enditem|p1a: Sinistcha|Sitrus Berry|[eat]
|-heal|p1a: Sinistcha|26/100 brn|[from] item: Sitrus Berry
|-damage|p2a: Incineroar|73/100|[from] Recoil
|move|p1a: Sinistcha|Trick Room|p1a: Sinistcha
|-fieldstart|move: Trick Room|[of] p1a: Sinistcha
|
|-damage|p1a: Sinistcha|20/100y brn|[from] brn
|upkeep
|turn|5
|c|Ōśåfrokathan|god damnit
|
|t:|1782699306
|switch|p1a: Pelipper|Pelipper, L50, M|100/100
|-weather|RainDance|[from] ability: Drizzle|[of] p1a: Pelipper
|move|p1b: Grimmsnarl|Reflect|p1b: Grimmsnarl
|-sidestart|p1: siegmvnd|Reflect
|move|p2a: Incineroar|Flare Blitz|p1b: Grimmsnarl
|-damage|p1b: Grimmsnarl|77/100
|-damage|p2a: Incineroar|66/100|[from] Recoil
|move|p2b: Sinistcha|Matcha Gotcha|p1a: Pelipper|[spread] p1a,p1b
|-damage|p1a: Pelipper|72/100
|-heal|p2b: Sinistcha|43/100|[from] drain|[of] p1a: Pelipper
|-damage|p1b: Grimmsnarl|60/100
|-heal|p2b: Sinistcha|53/100|[from] drain|[of] p1b: Grimmsnarl
|
|-weather|RainDance|[upkeep]
|upkeep
|turn|6
|c|Ōśåfrokathan|this FUCKINGF bird that i hate
|
|t:|1782699333
|move|p2b: Sinistcha|Rage Powder|p2b: Sinistcha
|-singleturn|p2b: Sinistcha|move: Rage Powder
|move|p2a: Incineroar|Parting Shot|p1a: Pelipper
|-unboost|p1a: Pelipper|atk|1
|-unboost|p1a: Pelipper|spa|1
|
|t:|1782699338
|switch|p2a: Ninetales|Ninetales-Alola, L50, F|100/100|[from] Parting Shot
|-weather|Snowscape|[from] ability: Snow Warning|[of] p2a: Ninetales
|move|p1b: Grimmsnarl|Foul Play|p2b: Sinistcha
|-supereffective|p2b: Sinistcha|1
|-damage|p2b: Sinistcha|18/100
|move|p1a: Pelipper|Hurricane|p2b: Sinistcha
|-supereffective|p2b: Sinistcha|1
|-damage|p2b: Sinistcha|0 fnt
|faint|p2b: Sinistcha
|
|-weather|Snowscape|[upkeep]
|upkeep
|
|t:|1782699350
|switch|p2b: Incineroar|Incineroar, L50, F|66/100
|-ability|p2b: Incineroar|Intimidate|boost
|-unboost|p1a: Pelipper|atk|1
|-unboost|p1b: Grimmsnarl|atk|1
|turn|7
|
|t:|1782699367
|switch|p1b: Sinistcha|Sinistcha, L50|20/100y brn
|-heal|p1a: Pelipper|97/100|[from] ability: Hospitality|[of] p1b: Sinistcha
|switch|p1a: Metagross|Metagross-Mega, L50|60/100 par
|move|p2b: Incineroar|Fake Out|p1a: Metagross
|-resisted|p1a: Metagross|1
|-crit|p1a: Metagross
|-damage|p1a: Metagross|55/100 par
|move|p2a: Ninetales|Aurora Veil|p2a: Ninetales
|-sidestart|p2: frokathan|move: Aurora Veil
|
|-weather|Snowscape|[upkeep]
|-damage|p1b: Sinistcha|14/100 brn|[from] brn
|upkeep
|turn|8
|
|t:|1782699399
|switch|p1b: Pelipper|Pelipper, L50, M|97/100
|-weather|RainDance|[from] ability: Drizzle|[of] p1b: Pelipper
|move|p2b: Incineroar|Darkest Lariat|p1a: Metagross
|-supereffective|p1a: Metagross|1
|-damage|p1a: Metagross|20/100y par
|move|p1a: Metagross|Body Press|p2b: Incineroar
|-supereffective|p2b: Incineroar|1
|-damage|p2b: Incineroar|24/100
|-enditem|p2b: Incineroar|Sitrus Berry|[eat]
|-heal|p2b: Incineroar|49/100|[from] item: Sitrus Berry
|move|p2a: Ninetales|Blizzard|p1b: Pelipper|[spread] p1a
|-miss|p2a: Ninetales|p1b: Pelipper
|-resisted|p1a: Metagross|1
|-damage|p1a: Metagross|11/100 par
|
|-weather|RainDance|[upkeep]
|-sideend|p1: siegmvnd|move: Light Screen
|-fieldend|move: Trick Room
|upkeep
|turn|9
|
|t:|1782699444
|move|p2a: Ninetales|Protect|p2a: Ninetales
|-singleturn|p2a: Ninetales|Protect
|move|p1b: Pelipper|Weather Ball|p2b: Incineroar
|-supereffective|p2b: Incineroar|1
|-damage|p2b: Incineroar|0 fnt
|faint|p2b: Incineroar
|move|p1a: Metagross|Iron Head|p2a: Ninetales
|-activate|p2a: Ninetales|move: Protect
|
|-weather|RainDance|[upkeep]
|upkeep
|
|t:|1782699449
|switch|p2b: Raichu|Raichu-Mega-Y, L50, F|100/100
|turn|10
|
|t:|1782699476
|switch|p1b: Sinistcha|Sinistcha, L50|14/100 brn
|-heal|p1a: Metagross|35/100 par|[from] ability: Hospitality|[of] p1b: Sinistcha
|move|p1a: Metagross|Protect|p1a: Metagross
|-singleturn|p1a: Metagross|Protect
|move|p2b: Raichu|Zap Cannon|p1b: Sinistcha
|-resisted|p1b: Sinistcha|1
|-damage|p1b: Sinistcha|0 fnt
|faint|p1b: Sinistcha
|move|p2a: Ninetales|Moonblast|p1a: Metagross
|-activate|p1a: Metagross|move: Protect
|
|-weather|RainDance|[upkeep]
|upkeep
|
|t:|1782699485
|switch|p1b: Grimmsnarl|Grimmsnarl, L50, M|60/100
|turn|11
|
|t:|1782699513
|move|p1b: Grimmsnarl|Light Screen|p1b: Grimmsnarl
|-sidestart|p1: siegmvnd|move: Light Screen
|move|p2b: Raichu|Zap Cannon|p1a: Metagross
|-damage|p1a: Metagross|0 fnt
|faint|p1a: Metagross
|move|p2a: Ninetales|Moonblast|p1b: Grimmsnarl
|-supereffective|p1b: Grimmsnarl|1
|-damage|p1b: Grimmsnarl|14/100
|
|-weather|RainDance|[upkeep]
|-sideend|p2: frokathan|move: Aurora Veil
|upkeep
|c|Ōśåfrokathan|icl i forget i have fake out on the chu
|
|t:|1782699519
|switch|p1a: Pelipper|Pelipper, L50, M|97/100
|turn|12
|
|t:|1782699540
|move|p2b: Raichu|Zap Cannon|p1a: Pelipper
|-supereffective|p1a: Pelipper|2
|-damage|p1a: Pelipper|0 fnt
|faint|p1a: Pelipper
|move|p2a: Ninetales|Moonblast|p1b: Grimmsnarl
|-supereffective|p1b: Grimmsnarl|1
|-damage|p1b: Grimmsnarl|0 fnt
|faint|p1b: Grimmsnarl
|
|win|frokathan
||siegmvnd is ready for game 2.
||frokathan is ready for game 2.
|uhtml|next|Next: Game 2 of 3
