|j|☆lukeberno1
|j|☆wingblade33
|html|lukeberno1wingblade33    
|uhtml|bestof|Game 2 of a best-of-3
|t:|1782327685
|gametype|doubles
|player|p1|lukeberno1|n|1093
|player|p2|wingblade33|170|1090
|gen|9
|tier|[Gen 9 Champions] VGC 2026 Reg M-B (Bo3)
|rated|
|rule|Species Clause: Limit one of each Pokémon
|rule|Item Clause: Limit 1 of each item
|clearpoke
|poke|p1|Gengar, L50, M, shiny|
|poke|p1|Incineroar, L50, M|
|poke|p1|Politoed, L50, M|
|poke|p1|Sinistcha, L50|
|poke|p1|Sneasler, L50, M|
|poke|p1|Gyarados, L50, M, shiny|
|poke|p2|Staraptor, L50, F|
|poke|p2|Whimsicott, L50, M|
|poke|p2|Garchomp, L50, M|
|poke|p2|Charizard, L50, M|
|poke|p2|Gholdengo, L50|
|poke|p2|Basculegion, L50, M|
|teampreview|4
|showteam|p1|Gengar||Gengarite|CursedBody|ShadowBall,Disable,Protect,PerishSong|Timid||M|||50|]Incineroar||SitrusBerry|Intimidate|ThroatChop,PartingShot,Protect,FakeOut|Careful||M|||50|]Politoed||Leftovers|Drizzle|WeatherBall,PerishSong,Protect,Encore|Bold||M|||50|]Sinistcha||KasibBerry|Hospitality|MatchaGotcha,Protect,TrickRoom,RagePowder|Serious|||||50|]Sneasler||WhiteHerb|Unburden|CloseCombat,Protect,FakeOut,DireClaw|Adamant||M|||50|]Gyarados||Gyaradosite|Moxie|Waterfall,Crunch,Protect,DragonDance|Adamant||M|||50|
|showteam|p2|Staraptor||Staraptite|Intimidate|BraveBird,CloseCombat,Protect,Roost|Jolly||F|||50|]Whimsicott||FocusSash|Prankster|Moonblast,Tailwind,Charm,Encore|Timid||M|||50|]Garchomp||LifeOrb|RoughSkin|Protect,Earthquake,DragonClaw,RockSlide|Jolly||M|||50|]Charizard||CharizarditeY|Blaze|HeatWave,WeatherBall,SolarBeam,Protect|Modest||M|||50|]Gholdengo||Leftovers|GoodasGold|MakeItRain,ShadowBall,NastyPlot,Protect|Modest|||||50|]Basculegion||MysticWater|Adaptability|WaveCrash,AquaJet,LastRespects,Protect|Adamant||M|||50|
|inactive|Battle timer is ON: inactive players will automatically lose when time's up. (requested by lukeberno1)
|
|t:|1782327709
|teamsize|p1|4
|teamsize|p2|4
|start
|switch|p1a: Gyarados|Gyarados, L50, M, shiny|100/100
|switch|p1b: Incineroar|Incineroar, L50, M|100/100
|switch|p2a: Whimsicott|Whimsicott, L50, M|100/100
|switch|p2b: Basculegion|Basculegion, L50, M|100/100
|-ability|p1b: Incineroar|Intimidate|boost
|-unboost|p2a: Whimsicott|atk|1
|-unboost|p2b: Basculegion|atk|1
|turn|1
|inactive|lukeberno1 has 30 seconds left.
|inactive|wingblade33 has 30 seconds left.
|inactive|lukeberno1 has 20 seconds left.
|inactive|wingblade33 has 20 seconds left.
|
|t:|1782327750
|detailschange|p1a: Gyarados|Gyarados-Mega, L50, M, shiny
|-mega|p1a: Gyarados|Gyarados|Gyaradosite
|-ability|p1a: Gyarados|Mold Breaker
|move|p1b: Incineroar|Protect|p1b: Incineroar
|-singleturn|p1b: Incineroar|Protect
|move|p2a: Whimsicott|Tailwind|p2a: Whimsicott
|-sidestart|p2: wingblade33|move: Tailwind
|move|p2b: Basculegion|Wave Crash|p1b: Incineroar
|-activate|p1b: Incineroar|move: Protect
|move|p1a: Gyarados|Dragon Dance|p1a: Gyarados
|-boost|p1a: Gyarados|atk|1
|-boost|p1a: Gyarados|spe|1
|
|upkeep
|turn|2
|inactive|lukeberno1 has 30 seconds left.
|inactive|lukeberno1 has 20 seconds left.
|
|t:|1782327787
|switch|p1b: Sinistcha|Sinistcha, L50|100/100
|move|p2a: Whimsicott|Moonblast|p1a: Gyarados
|-supereffective|p1a: Gyarados|1
|-damage|p1a: Gyarados|44/100
|move|p2b: Basculegion|Wave Crash|p1b: Sinistcha
|-resisted|p1b: Sinistcha|1
|-damage|p1b: Sinistcha|70/100
|-damage|p2b: Basculegion|91/100|[from] Recoil
|move|p1a: Gyarados|Waterfall|p2a: Whimsicott
|-resisted|p2a: Whimsicott|1
|-damage|p2a: Whimsicott|42/100
|
|upkeep
|turn|3
|inactive|lukeberno1 has 30 seconds left.
|inactive|wingblade33 has 30 seconds left.
|
|t:|1782327820
|switch|p2b: Staraptor|Staraptor, L50, F|100/100
|-ability|p2b: Staraptor|Intimidate|boost
|-unboost|p1a: Gyarados|atk|1
|-unboost|p1b: Sinistcha|atk|1
|move|p1a: Gyarados|Protect|p1a: Gyarados
|-singleturn|p1a: Gyarados|Protect
|move|p2a: Whimsicott|Moonblast|p1a: Gyarados
|-activate|p1a: Gyarados|move: Protect
|move|p1b: Sinistcha|Trick Room|p1b: Sinistcha
|-fieldstart|move: Trick Room|[of] p1b: Sinistcha
|
|upkeep
|turn|4
|inactive|lukeberno1 has 30 seconds left.
|inactive|wingblade33 has 30 seconds left.
|inactive|wingblade33 has 20 seconds left.
|inactive|lukeberno1 has 20 seconds left.
|inactive|wingblade33 has 15 seconds left.
|inactive|wingblade33 has 10 seconds left.
|inactive|wingblade33 has 5 seconds left.
|
|t:|1782327871
|switch|p1b: Incineroar|Incineroar, L50, M|100/100
|-ability|p1b: Incineroar|Intimidate|boost
|-unboost|p2a: Whimsicott|atk|1
|-unboost|p2b: Staraptor|atk|1
|detailschange|p2b: Staraptor|Staraptor-Mega, L50, F
|-mega|p2b: Staraptor|Staraptor|Staraptite
|move|p2a: Whimsicott|Charm|p2b: Staraptor
|-boost|p2b: Staraptor|atk|2
|move|p1a: Gyarados|Crunch|p2a: Whimsicott
|-resisted|p2a: Whimsicott|1
|-damage|p2a: Whimsicott|7/100
|move|p2b: Staraptor|Brave Bird|p1a: Gyarados
|-damage|p1a: Gyarados|0 fnt
|faint|p1a: Gyarados
|-damage|p2b: Staraptor|84/100|[from] Recoil
|
|-sideend|p2: wingblade33|move: Tailwind
|upkeep
|
|t:|1782327888
|switch|p1a: Politoed|Politoed, L50, M|100/100
|-weather|RainDance|[from] ability: Drizzle|[of] p1a: Politoed
|turn|5
|
|t:|1782327913
|move|p2a: Whimsicott|Charm|p2b: Staraptor
|-boost|p2b: Staraptor|atk|2
|move|p1b: Incineroar|Throat Chop|p2a: Whimsicott
|-resisted|p2a: Whimsicott|1
|-damage|p2a: Whimsicott|0 fnt
|faint|p2a: Whimsicott
|move|p1a: Politoed|Weather Ball|p2b: Staraptor
|-damage|p2b: Staraptor|34/100
|move|p2b: Staraptor|Close Combat|p1a: Politoed
|-damage|p1a: Politoed|0 fnt
|-boost|p2b: Staraptor|def|1
|-boost|p2b: Staraptor|spd|1
|faint|p1a: Politoed
|
|-weather|RainDance|[upkeep]
|upkeep
|
|t:|1782327930
|switch|p1a: Sinistcha|Sinistcha, L50|70/100
|switch|p2a: Basculegion|Basculegion, L50, M|91/100
|turn|6
|
|t:|1782327950
|move|p1b: Incineroar|Throat Chop|p2a: Basculegion
|-supereffective|p2a: Basculegion|1
|-damage|p2a: Basculegion|14/100
|-start|p2a: Basculegion|Throat Chop|[silent]
|move|p1a: Sinistcha|Matcha Gotcha|p2b: Staraptor|[spread] p2a,p2b
|-supereffective|p2a: Basculegion|1
|-resisted|p2b: Staraptor|1
|-damage|p2a: Basculegion|0 fnt
|-heal|p1a: Sinistcha|78/100|[from] drain|[of] p2a: Basculegion
|-damage|p2b: Staraptor|25/100
|-heal|p1a: Sinistcha|83/100|[from] drain|[of] p2b: Staraptor
|faint|p2a: Basculegion
|move|p2b: Staraptor|Roost|p2b: Staraptor
|-heal|p2b: Staraptor|75/100
|-singleturn|p2b: Staraptor|move: Roost
|
|-weather|RainDance|[upkeep]
|upkeep
|
|t:|1782327958
|switch|p2a: Gholdengo|Gholdengo, L50|100/100
|turn|7
|-message|lukeberno1 forfeited.
|
|win|wingblade33
|raw|lukeberno1's rating: 1093 → 1069(-24 for losing)
|raw|wingblade33's rating: 1090 → 1117(+27 for winning)
