|j|☆kinderlew
|j|☆Daniw9
|html|kinderlewDaniw9    
|uhtml|bestof|Game 1 of a best-of-3
|t:|1756487182
|gametype|doubles
|player|p1|kinderlew|170|1126
|player|p2|Daniw9|2|1197
|gen|9
|tier|[Gen 9] VGC 2025 Reg H (Bo3)
|rated|
|rule|Species Clause: Limit one of each Pokémon
|rule|Item Clause: Limit 1 of each item
|clearpoke
|poke|p1|Ursaluna, L50, F|
|poke|p1|Jumpluff, L50, F|
|poke|p1|Charizard, L50, M|
|poke|p1|Torkoal, L50, F|
|poke|p1|Incineroar, L50, M|
|poke|p1|Porygon2, L50|
|poke|p2|Garchomp, L50, M|
|poke|p2|Tyranitar, L50, M|
|poke|p2|Delphox, L50, M|
|poke|p2|Indeedee-F, L50, F|
|poke|p2|Gallade, L50, M|
|poke|p2|Whimsicott, L50, F|
|teampreview|4
|showteam|p1|Ursaluna||FlameOrb|Guts|HeadlongRush,Earthquake,Facade,Protect|||F|||50|,,,,,Ghost]Jumpluff||CovertCloak|Chlorophyll|SleepPowder,SunnyDay,RagePowder,Tailwind|||F|||50|,,,,,Water]Charizard||ChoiceSpecs|SolarPower|Overheat,HeatWave,AirSlash,WeatherBall|||M|||50|,,,,,Ghost]Torkoal||EjectPack|Drought|HelpingHand,Overheat,Eruption,Protect|||F|||50|,,,,,Fire]Incineroar||SitrusBerry|Intimidate|FakeOut,FlareBlitz,KnockOff,PartingShot|||M|||50|,,,,,Ghost]Porygon2||Eviolite|Download|TeraBlast,IceBeam,TrickRoom,Recover||||||50|,,,,,Fighting
|showteam|p2|Garchomp||LifeOrb|SandVeil|Earthquake,StompingTantrum,Protect,DragonClaw|||M|||50|,,,,,Steel]Tyranitar||AssaultVest|SandStream|RockSlide,TeraBlast,KnockOff,LowKick|||M|||50|,,,,,Flying]Delphox||PsychicSeed|Magician|ExpandingForce,HeatWave,TeraBlast,Protect|||M|||50|,,,,,Fairy]Indeedee-F||SafetyGoggles|PsychicSurge|DazzlingGleam,TrickRoom,FollowMe,HelpingHand|||F|||50|,,,,,Water]Gallade||ClearAmulet|Sharpness|SacredSword,PsychoCut,TrickRoom,Protect|||M|||50|,,,,,Grass]Whimsicott||CovertCloak|Prankster|Moonblast,Tailwind,Encore,Protect|||F|||50|,,,,,Ghost
|inactive|Battle timer is ON: inactive players will automatically lose when time's up. (requested by kinderlew)
|inactive|Daniw9 has 60 seconds left.
|
|t:|1756487264
|teamsize|p1|4
|teamsize|p2|4
|start
|switch|p1a: Incineroar|Incineroar, L50, M|100/100
|switch|p1b: Porygon2|Porygon2, L50|100/100
|switch|p2a: Delphox|Delphox, L50, M|100/100
|switch|p2b: Indeedee|Indeedee-F, L50, F|100/100
|-fieldstart|move: Psychic Terrain|[from] ability: Psychic Surge|[of] p2b: Indeedee
|-enditem|p2a: Delphox|Psychic Seed
|-boost|p2a: Delphox|spd|1|[from] item: Psychic Seed
|-ability|p1a: Incineroar|Intimidate|boost
|-unboost|p2a: Delphox|atk|1
|-unboost|p2b: Indeedee|atk|1
|-ability|p1b: Porygon2|Download|boost
|-boost|p1b: Porygon2|atk|1
|turn|1
|
|t:|1756487280
|-terastallize|p2b: Indeedee|Water
|move|p2a: Delphox|Expanding Force|p1b: Porygon2|[spread] p1b
|-immune|p1a: Incineroar
|-damage|p1b: Porygon2|69/100
|-item|p2a: Delphox|Eviolite|[from] ability: Magician|[of] p1b: Porygon2
|move|p1a: Incineroar|Knock Off|p2a: Delphox
|-supereffective|p2a: Delphox
|-damage|p2a: Delphox|0 fnt
|-enditem|p2a: Delphox|Eviolite|[from] move: Knock Off|[of] p1a: Incineroar
|faint|p2a: Delphox
|move|p2b: Indeedee|Trick Room|p2b: Indeedee
|-fieldstart|move: Trick Room|[of] p2b: Indeedee
|move|p1b: Porygon2|Trick Room|p1b: Porygon2
|-fieldend|move: Trick Room
|
|upkeep
|
|t:|1756487294
|switch|p2a: Garchomp|Garchomp, L50, M|100/100
|turn|2
|
|t:|1756487306
|switch|p1a: Charizard|Charizard, L50, M|100/100
|move|p2b: Indeedee|Helping Hand|p2a: Garchomp
|-singleturn|p2a: Garchomp|Helping Hand|[of] p2b: Indeedee
|move|p2a: Garchomp|Earthquake|p1b: Porygon2|[spread] p2b,p1b
|-immune|p1a: Charizard
|-damage|p2b: Indeedee|24/100
|-damage|p1b: Porygon2|0 fnt
|faint|p1b: Porygon2
|-damage|p2a: Garchomp|91/100|[from] item: Life Orb
|
|upkeep
|
|t:|1756487316
|switch|p1b: Incineroar|Incineroar, L50, M|100/100
|-ability|p1b: Incineroar|Intimidate|boost
|-unboost|p2a: Garchomp|atk|1
|-unboost|p2b: Indeedee|atk|1
|turn|3
|
|t:|1756487328
|switch|p2a: Tyranitar|Tyranitar, L50, M|100/100
|-weather|Sandstorm|[from] ability: Sand Stream|[of] p2a: Tyranitar
|move|p2b: Indeedee|Follow Me|p2b: Indeedee
|-singleturn|p2b: Indeedee|move: Follow Me
|move|p1a: Charizard|Heat Wave|p2a: Tyranitar|[spread] p2a
|-miss|p1a: Charizard|p2b: Indeedee
|-resisted|p2a: Tyranitar
|-damage|p2a: Tyranitar|90/100
|move|p1b: Incineroar|Knock Off|p2b: Indeedee
|-damage|p2b: Indeedee|0 fnt
|-enditem|p2b: Indeedee|Safety Goggles|[from] move: Knock Off|[of] p1b: Incineroar
|faint|p2b: Indeedee
|
|-weather|Sandstorm|[upkeep]
|-damage|p1a: Charizard|95/100|[from] Sandstorm
|-damage|p1b: Incineroar|95/100|[from] Sandstorm
|upkeep
|
|t:|1756487338
|switch|p2b: Garchomp|Garchomp, L50, M|91/100
|turn|4
|
|t:|1756487347
|switch|p1b: Ursaluna|Ursaluna, L50, F|100/100
|-terastallize|p1a: Charizard|Ghost
|move|p1a: Charizard|Heat Wave|p2a: Tyranitar|[spread] p2a
|-miss|p1a: Charizard|p2b: Garchomp
|-resisted|p2a: Tyranitar
|-damage|p2a: Tyranitar|80/100
|move|p2b: Garchomp|Stomping Tantrum|p1b: Ursaluna
|-damage|p1b: Ursaluna|60/100
|-damage|p2b: Garchomp|81/100|[from] item: Life Orb
|move|p2a: Tyranitar|Rock Slide|p1a: Charizard|[spread] p1a
|-miss|p2a: Tyranitar|p1b: Ursaluna
|-damage|p1a: Charizard|47/100
|
|-weather|Sandstorm|[upkeep]
|-damage|p1a: Charizard|41/100|[from] Sandstorm
|-status|p1b: Ursaluna|brn|[from] item: Flame Orb
|upkeep
|turn|5
|inactive|Daniw9 has 30 seconds left.
|
|t:|1756487374
|switch|p1a: Incineroar|Incineroar, L50, M|95/100
|-ability|p1a: Incineroar|Intimidate|boost
|-unboost|p2a: Tyranitar|atk|1
|-unboost|p2b: Garchomp|atk|1
|move|p2b: Garchomp|Stomping Tantrum|p1b: Ursaluna
|-damage|p1b: Ursaluna|31/100 brn
|-damage|p2b: Garchomp|71/100|[from] item: Life Orb
|move|p2a: Tyranitar|Low Kick|p1b: Ursaluna
|-supereffective|p1b: Ursaluna
|-damage|p1b: Ursaluna|0 fnt
|faint|p1b: Ursaluna
|
|-weather|Sandstorm|[upkeep]
|-damage|p1a: Incineroar|89/100|[from] Sandstorm
|-fieldend|move: Psychic Terrain
|upkeep
|
|t:|1756487384
|switch|p1b: Charizard|Charizard, L50, M, tera:Ghost|41/100
|turn|6
|
|t:|1756487398
|move|p1a: Incineroar|Fake Out|p2a: Tyranitar
|-resisted|p2a: Tyranitar
|-damage|p2a: Tyranitar|76/100
|move|p1b: Charizard|Heat Wave|p2a: Tyranitar|[spread] p2a,p2b
|-resisted|p2a: Tyranitar
|-resisted|p2b: Garchomp
|-damage|p2a: Tyranitar|66/100
|-damage|p2b: Garchomp|43/100
|move|p2b: Garchomp|Stomping Tantrum|p1b: Charizard
|-damage|p1b: Charizard|0 fnt
|faint|p1b: Charizard
|-damage|p2b: Garchomp|33/100|[from] item: Life Orb
|cant|p2a: Tyranitar|flinch
|
|-weather|Sandstorm|[upkeep]
|-damage|p1a: Incineroar|83/100|[from] Sandstorm
|upkeep
|turn|7
|-message|kinderlew forfeited.
|
|win|Daniw9
|l|☆kinderlew
|player|p1|
||kinderlew is ready for game 2.
||Daniw9 is ready for game 2.
|uhtml|next|Next: Game 2 of 3
