|j|☆Sunnymight
|j|☆Dawsonschris
|html|SunnymightDawsonschris    
|uhtml|bestof|Game 2 of a best-of-3
|t:|1757810343
|gametype|doubles
|player|p1|Sunnymight|170|1180
|player|p2|Dawsonschris|artist-gen4|1175
|gen|9
|tier|[Gen 9] VGC 2025 Reg H (Bo3)
|rated|
|rule|Species Clause: Limit one of each Pokémon
|rule|Item Clause: Limit 1 of each item
|clearpoke
|poke|p1|Maushold-Four, L50|
|poke|p1|Pelipper, L50, F|
|poke|p1|Annihilape, L50, F|
|poke|p1|Archaludon, L50, F|
|poke|p1|Grimmsnarl, L50, M|
|poke|p1|Sinistcha, L50|
|poke|p2|Ursaluna-Bloodmoon, L50, M|
|poke|p2|Electabuzz, L50, M|
|poke|p2|Sneasler, L50, F|
|poke|p2|Indeedee, L50, M|
|poke|p2|Whimsicott, L50, F|
|poke|p2|Typhlosion-Hisui, L50, F|
|teampreview|4
|showteam|p1|Maushold-Four||SafetyGoggles|FriendGuard|Taunt,BeatUp,FollowMe,Protect||||||50|,,,,,Ghost]Pelipper||FocusSash|Drizzle|Protect,Tailwind,WeatherBall,Hurricane|||F|||50|,,,,,Ground]Annihilape||ChoiceScarf|Defiant|RockSlide,RageFist,FinalGambit,CloseCombat|||F|||50|,,,,,Dragon]Archaludon||AssaultVest|Stamina|DracoMeteor,ElectroShot,BodyPress,Snarl|||F|||50|,,,,,Bug]Grimmsnarl||LightClay|Prankster|Reflect,LightScreen,FoulPlay,ThunderWave|||M|||50|,,,,,Ghost]Sinistcha||SitrusBerry|Hospitality|LifeDew,TrickRoom,StrengthSap,MatchaGotcha||||||50|,,,,,Dragon
|showteam|p2|Ursaluna-Bloodmoon||LifeOrb|MindsEye|Protect,BloodMoon,EarthPower,HyperVoice|||M|||50|,,,,,Normal]Electabuzz||Eviolite|VitalSpirit|FollowMe,Taunt,Electroweb,Protect|||M|||50|,,,,,Dragon]Sneasler||PsychicSeed|Unburden|ThroatChop,DireClaw,CloseCombat,Protect|||F|||50|,,,,,Dark]Indeedee||FocusSash|PsychicSurge|ExpandingForce,TrickRoom,HelpingHand,Protect|||M|||50|,,,,,Psychic]Whimsicott||CovertCloak|Prankster|Tailwind,Moonblast,Encore,SunnyDay|||F|||50|,,,,,Ghost]Typhlosion-Hisui||ChoiceSpecs|Blaze|Eruption,HeatWave,ShadowBall,Flamethrower|||F|||50|,,,,,Fire
|
|t:|1757810390
|teamsize|p1|4
|teamsize|p2|4
|start
|switch|p1a: Grimmsnarl|Grimmsnarl, L50, M, shiny|100/100
|switch|p1b: Pelipper|Pelipper, L50, F, shiny|100/100
|switch|p2a: Indeedee|Indeedee, L50, M|100/100
|switch|p2b: Sneasler|Sneasler, L50, F|100/100
|-fieldstart|move: Psychic Terrain|[from] ability: Psychic Surge|[of] p2a: Indeedee
|-enditem|p2b: Sneasler|Psychic Seed
|-boost|p2b: Sneasler|spd|1|[from] item: Psychic Seed
|-weather|RainDance|[from] ability: Drizzle|[of] p1b: Pelipper
|turn|1
|inactive|Battle timer is ON: inactive players will automatically lose when time's up. (requested by Dawsonschris)
|
|t:|1757810413
|move|p1b: Pelipper|Protect|p1b: Pelipper
|-singleturn|p1b: Pelipper|Protect
|move|p1a: Grimmsnarl|Reflect|p1a: Grimmsnarl
|-sidestart|p1: Sunnymight|Reflect
|move|p2b: Sneasler|Dire Claw|p1b: Pelipper
|-activate|p1b: Pelipper|move: Protect
|move|p2a: Indeedee|Expanding Force|p1a: Grimmsnarl|[spread] 
|-activate|p1b: Pelipper|move: Protect
|-immune|p1a: Grimmsnarl
|
|-weather|RainDance|[upkeep]
|upkeep
|turn|2
|inactive|Dawsonschris has 30 seconds left.
|inactive|Sunnymight has 30 seconds left.
|
|t:|1757810448
|move|p2b: Sneasler|Protect|p2b: Sneasler
|-singleturn|p2b: Sneasler|Protect
|move|p1a: Grimmsnarl|Thunder Wave|p2a: Indeedee
|-activate|p2a: Indeedee|move: Psychic Terrain
|move|p2a: Indeedee|Expanding Force|p1b: Pelipper|[spread] p1b
|-immune|p1a: Grimmsnarl
|-damage|p1b: Pelipper|9/100
|move|p1b: Pelipper|Hurricane|p2b: Sneasler
|-activate|p2b: Sneasler|move: Protect
|
|-weather|RainDance|[upkeep]
|upkeep
|turn|3
|inactive|Sunnymight has 30 seconds left.
|inactive|Dawsonschris has 30 seconds left.
|inactive|Dawsonschris has 20 seconds left.
|
|t:|1757810484
|switch|p1b: Archaludon|Archaludon, L50, F|100/100
|move|p1a: Grimmsnarl|Light Screen|p1a: Grimmsnarl
|-sidestart|p1: Sunnymight|move: Light Screen
|move|p2b: Sneasler|Dire Claw|p1a: Grimmsnarl
|-supereffective|p1a: Grimmsnarl
|-damage|p1a: Grimmsnarl|41/100
|move|p2a: Indeedee|Expanding Force|p1a: Grimmsnarl|[spread] p1b
|-immune|p1a: Grimmsnarl
|-resisted|p1b: Archaludon
|-damage|p1b: Archaludon|85/100
|-ability|p1b: Archaludon|Stamina|boost
|-boost|p1b: Archaludon|def|1
|
|-weather|RainDance|[upkeep]
|upkeep
|turn|4
|
|t:|1757810506
|move|p2a: Indeedee|Helping Hand|p2b: Sneasler
|-singleturn|p2b: Sneasler|Helping Hand|[of] p2a: Indeedee
|move|p2b: Sneasler|Close Combat|p1b: Archaludon
|-supereffective|p1b: Archaludon
|-damage|p1b: Archaludon|19/100
|-unboost|p2b: Sneasler|def|1
|-unboost|p2b: Sneasler|spd|1
|-ability|p1b: Archaludon|Stamina|boost
|-boost|p1b: Archaludon|def|1
|move|p1b: Archaludon|Snarl|p2b: Sneasler|[spread] p2a,p2b
|-supereffective|p2a: Indeedee
|-resisted|p2b: Sneasler
|-damage|p2a: Indeedee|68/100
|-damage|p2b: Sneasler|92/100
|-unboost|p2a: Indeedee|spa|1
|-unboost|p2b: Sneasler|spa|1
|move|p1a: Grimmsnarl|Foul Play|p2b: Sneasler
|-resisted|p2b: Sneasler
|-damage|p2b: Sneasler|18/100
|
|-weather|RainDance|[upkeep]
|upkeep
|turn|5
|inactive|Sunnymight has 30 seconds left.
|
|t:|1757810532
|switch|p1b: Annihilape|Annihilape, L50, F|100/100
|move|p2b: Sneasler|Dire Claw|p1a: Grimmsnarl
|-supereffective|p1a: Grimmsnarl
|-damage|p1a: Grimmsnarl|0 fnt
|faint|p1a: Grimmsnarl
|move|p2a: Indeedee|Expanding Force|p1b: Annihilape
|-supereffective|p1b: Annihilape
|-damage|p1b: Annihilape|48/100
|
|-weather|none
|-fieldend|move: Psychic Terrain
|upkeep
|
|t:|1757810544
|switch|p1a: Pelipper|Pelipper, L50, F, shiny|9/100
|-weather|RainDance|[from] ability: Drizzle|[of] p1a: Pelipper
|turn|6
|inactive|Dawsonschris has 30 seconds left.
|
|t:|1757810576
|-terastallize|p2b: Sneasler|Dark
|move|p1a: Pelipper|Protect|p1a: Pelipper
|-singleturn|p1a: Pelipper|Protect
|move|p2b: Sneasler|Throat Chop|p1b: Annihilape
|-damage|p1b: Annihilape|19/100
|-start|p1b: Annihilape|Throat Chop|[silent]
|move|p1b: Annihilape|Rage Fist|p2b: Sneasler
|-resisted|p2b: Sneasler
|-damage|p2b: Sneasler|0 fnt
|faint|p2b: Sneasler
|move|p2a: Indeedee|Expanding Force|p1b: Annihilape
|-supereffective|p1b: Annihilape
|-crit|p1b: Annihilape
|-damage|p1b: Annihilape|0 fnt
|faint|p1b: Annihilape
|
|-weather|RainDance|[upkeep]
|upkeep
|
|t:|1757810595
|switch|p2b: Electabuzz|Electabuzz, L50, M|100/100
|switch|p1b: Archaludon|Archaludon, L50, F|19/100
|turn|7
|
|t:|1757810620
|-terastallize|p1a: Pelipper|Ground
|move|p2b: Electabuzz|Electroweb|p1a: Pelipper|[spread] p1b
|-immune|p1a: Pelipper
|-resisted|p1b: Archaludon
|-damage|p1b: Archaludon|15/100
|-unboost|p1b: Archaludon|spe|1
|-ability|p1b: Archaludon|Stamina|boost
|-boost|p1b: Archaludon|def|1
|move|p2a: Indeedee|Expanding Force|p1b: Archaludon
|-resisted|p1b: Archaludon
|-damage|p1b: Archaludon|8/100
|-ability|p1b: Archaludon|Stamina|boost
|-boost|p1b: Archaludon|def|1
|move|p1a: Pelipper|Weather Ball|p2a: Indeedee
|-damage|p2a: Indeedee|0 fnt
|faint|p2a: Indeedee
|move|p1b: Archaludon|Body Press|p2b: Electabuzz
|-damage|p2b: Electabuzz|54/100
|
|-weather|RainDance|[upkeep]
|upkeep
|
|t:|1757810640
|switch|p2a: Ursaluna|Ursaluna-Bloodmoon, L50, M|100/100
|turn|8
|
|t:|1757810647
|move|p2b: Electabuzz|Follow Me|p2b: Electabuzz
|-singleturn|p2b: Electabuzz|move: Follow Me
|move|p1a: Pelipper|Weather Ball|p2b: Electabuzz
|-damage|p2b: Electabuzz|0 fnt
|faint|p2b: Electabuzz
|move|p2a: Ursaluna|Hyper Voice|p1b: Archaludon|[spread] p1a,p1b
|-resisted|p1b: Archaludon
|-damage|p1a: Pelipper|0 fnt
|-damage|p1b: Archaludon|0 fnt
|faint|p1a: Pelipper
|faint|p1b: Archaludon
|-damage|p2a: Ursaluna|91/100|[from] item: Life Orb
|
|win|Dawsonschris
