|j|☆leoprosinpro
|j|☆thisisaladderteam
|html|leoprosinprothisisaladderteam    
|uhtml|bestof|Game 1 of a best-of-3
|t:|1782456057
|gametype|doubles
|player|p1|leoprosinpro|red|1159
|player|p2|thisisaladderteam|guzma|1213
|gen|9
|tier|[Gen 9 Champions] VGC 2026 Reg M-B (Bo3)
|rated|
|rule|Species Clause: Limit one of each Pokémon
|rule|Item Clause: Limit 1 of each item
|clearpoke
|poke|p1|Charizard, L50, F|
|poke|p1|Staraptor, L50, M|
|poke|p1|Whimsicott, L50, F|
|poke|p1|Incineroar, L50, F|
|poke|p1|Garchomp, L50, M|
|poke|p1|Gholdengo, L50|
|poke|p2|Sceptile, L50, M, shiny|
|poke|p2|Rotom-Heat, L50, shiny|
|poke|p2|Toxapex, L50, M, shiny|
|poke|p2|Incineroar, L50, F, shiny|
|poke|p2|Garchomp, L50, F|
|poke|p2|Gholdengo, L50|
|teampreview|4
|showteam|p1|Charizard||CharizarditeY|SolarPower|Overheat,HeatWave,SolarBeam,Protect|Modest||F|||50|]Staraptor||Staraptite|Intimidate|Roost,Protect,CloseCombat,BraveBird|Jolly||M|||50|]Whimsicott||FairyFeather|Prankster|Moonblast,Encore,Protect,Tailwind|Bold||F|||50|]Incineroar||SitrusBerry|Intimidate|FakeOut,PartingShot,Taunt,FlareBlitz|Careful||F|||50|]Garchomp||ChoiceScarf|RoughSkin|Earthquake,DragonClaw,StompingTantrum,RockSlide|Adamant||M|||50|]Gholdengo||Leftovers|GoodasGold|Protect,MakeItRain,ShadowBall,NastyPlot|Modest|||||50|
|showteam|p2|Sceptile||Sceptilite|Overgrow|Detect,EnergyBall,DragonPulse,EarthPower|Timid||M|||50|]Rotom-Heat||ChoiceScarf|Levitate|Discharge,Electroweb,Overheat,WillOWisp|Timid|||||50|]Toxapex||Leftovers|Regenerator|BanefulBunker,Infestation,Toxic,WideGuard|Bold||M|||50|]Incineroar||SitrusBerry|Intimidate|FakeOut,PartingShot,ThroatChop,FlareBlitz|Careful||F|||50|]Garchomp||LifeOrb|RoughSkin|Protect,RockSlide,Earthquake,DragonClaw|Jolly||F|||50|]Gholdengo||KasibBerry|GoodasGold|Protect,NastyPlot,ShadowBall,MakeItRain|Modest|||||50|
|inactive|Battle timer is ON: inactive players will automatically lose when time's up. (requested by thisisaladderteam)
|inactive|thisisaladderteam has 60 seconds left.
|
|t:|1782456096
|teamsize|p1|4
|teamsize|p2|4
|start
|switch|p1a: Garchomp|Garchomp, L50, M|100/100
|switch|p1b: Incineroar|Incineroar, L50, F|100/100
|switch|p2a: Rotom|Rotom-Heat, L50, shiny|100/100
|switch|p2b: Incineroar|Incineroar, L50, F, shiny|100/100
|-ability|p2b: Incineroar|Intimidate|boost
|-unboost|p1a: Garchomp|atk|1
|-unboost|p1b: Incineroar|atk|1
|-ability|p1b: Incineroar|Intimidate|boost
|-unboost|p2a: Rotom|atk|1
|-unboost|p2b: Incineroar|atk|1
|turn|1
|
|t:|1782456106
|move|p2b: Incineroar|Fake Out|p1b: Incineroar
|-damage|p1b: Incineroar|93/100
|cant|p1b: Incineroar|flinch
|move|p1a: Garchomp|Rock Slide|p2a: Rotom|[spread] p2a
|-miss|p1a: Garchomp|p2b: Incineroar
|-supereffective|p2a: Rotom|1
|-damage|p2a: Rotom|61/100
|cant|p2a: Rotom|flinch
|
|upkeep
|turn|2
|
|t:|1782456124
|switch|p2a: Toxapex|Toxapex, L50, M, shiny|100/100
|move|p1a: Garchomp|Rock Slide|p2a: Toxapex|[spread] p2b
|-miss|p1a: Garchomp|p2a: Toxapex
|-supereffective|p2b: Incineroar|1
|-damage|p2b: Incineroar|73/100
|move|p2b: Incineroar|Parting Shot|p1a: Garchomp
|-unboost|p1a: Garchomp|atk|1
|-unboost|p1a: Garchomp|spa|1
|
|t:|1782456132
|switch|p2b: Garchomp|Garchomp, L50, F|100/100|[from] Parting Shot
|move|p1b: Incineroar|Parting Shot|p2b: Garchomp
|-unboost|p2b: Garchomp|atk|1
|-unboost|p2b: Garchomp|spa|1
|
|t:|1782456136
|switch|p1b: Charizard|Charizard, L50, F|100/100|[from] Parting Shot
|
|upkeep
|turn|3
|
|t:|1782456156
|switch|p1a: Incineroar|Incineroar, L50, F|93/100
|-ability|p1a: Incineroar|Intimidate|boost
|-unboost|p2a: Toxapex|atk|1
|-unboost|p2b: Garchomp|atk|1
|detailschange|p1b: Charizard|Charizard-Mega-Y, L50, F
|-mega|p1b: Charizard|Charizard|Charizardite Y
|-weather|SunnyDay|[from] ability: Drought|[of] p1b: Charizard
|move|p2b: Garchomp|Rock Slide|p1b: Charizard|[spread] p1a,p1b
|-supereffective|p1a: Incineroar|1
|-supereffective|p1b: Charizard|2
|-damage|p1a: Incineroar|67/100
|-damage|p1b: Charizard|29/100
|-damage|p2b: Garchomp|90/100|[from] item: Life Orb
|move|p1b: Charizard|Overheat|p2b: Garchomp
|-resisted|p2b: Garchomp|1
|-crit|p2b: Garchomp
|-damage|p2b: Garchomp|0 fnt
|-unboost|p1b: Charizard|spa|2
|faint|p2b: Garchomp
|move|p2a: Toxapex|Toxic|p1a: Incineroar
|-status|p1a: Incineroar|tox
|
|-weather|SunnyDay|[upkeep]
|-damage|p1a: Incineroar|61/100 tox|[from] psn
|upkeep
|
|t:|1782456177
|switch|p2b: Rotom|Rotom-Heat, L50, shiny|61/100
|turn|4
|
|t:|1782456190
|switch|p1b: Garchomp|Garchomp, L50, M|100/100
|move|p1a: Incineroar|Fake Out|p2b: Rotom
|-crit|p2b: Rotom
|-damage|p2b: Rotom|38/100
|cant|p2b: Rotom|flinch
|move|p2a: Toxapex|Toxic|p1b: Garchomp
|-status|p1b: Garchomp|tox
|
|-weather|SunnyDay|[upkeep]
|-damage|p1b: Garchomp|94/100 tox|[from] psn
|-damage|p1a: Incineroar|49/100 tox|[from] psn
|upkeep
|-enditem|p1a: Incineroar|Sitrus Berry|[eat]
|-heal|p1a: Incineroar|74/100 tox|[from] item: Sitrus Berry
|turn|5
|inactive|thisisaladderteam has 30 seconds left.
|
|t:|1782456217
|move|p2a: Toxapex|Wide Guard|p2a: Toxapex
|-singleturn|p2a: Toxapex|Wide Guard
|move|p1b: Garchomp|Stomping Tantrum|p2a: Toxapex
|-supereffective|p2a: Toxapex|1
|-damage|p2a: Toxapex|42/100
|move|p2b: Rotom|Overheat|p1b: Garchomp
|-resisted|p1b: Garchomp|1
|-crit|p1b: Garchomp
|-damage|p1b: Garchomp|23/100 tox
|-unboost|p2b: Rotom|spa|2
|move|p1a: Incineroar|Taunt|p2a: Toxapex
|-start|p2a: Toxapex|move: Taunt
|
|-weather|SunnyDay|[upkeep]
|-heal|p2a: Toxapex|48/100|[from] item: Leftovers
|-damage|p1b: Garchomp|11/100 tox|[from] psn
|-damage|p1a: Incineroar|57/100 tox|[from] psn
|upkeep
|turn|6
|
|t:|1782456230
|-heal|p2a: Toxapex|81/100|[from] ability: Regenerator|[silent]
|switch|p2a: Incineroar|Incineroar, L50, F, shiny|73/100
|-ability|p2a: Incineroar|Intimidate|boost
|-unboost|p1a: Incineroar|atk|1
|-unboost|p1b: Garchomp|atk|1
|move|p1b: Garchomp|Stomping Tantrum|p2a: Incineroar
|-supereffective|p2a: Incineroar|1
|-damage|p2a: Incineroar|19/100
|-enditem|p2a: Incineroar|Sitrus Berry|[eat]
|-heal|p2a: Incineroar|44/100|[from] item: Sitrus Berry
|move|p2b: Rotom|Overheat|p1a: Incineroar
|-resisted|p1a: Incineroar|1
|-damage|p1a: Incineroar|39/100 tox
|-unboost|p2b: Rotom|spa|2
|move|p1a: Incineroar|Flare Blitz|p2a: Incineroar
|-resisted|p2a: Incineroar|1
|-damage|p2a: Incineroar|22/100
|-damage|p1a: Incineroar|31/100 tox|[from] Recoil
|
|-weather|SunnyDay|[upkeep]
|-damage|p1b: Garchomp|0 fnt|[from] psn
|faint|p1b: Garchomp
|-damage|p1a: Incineroar|7/100 tox|[from] psn
|upkeep
|
|t:|1782456237
|switch|p1b: Charizard|Charizard-Mega-Y, L50, F|29/100
|turn|7
|
|t:|1782456252
|switch|p2b: Toxapex|Toxapex, L50, M, shiny|81/100
|switch|p1a: Gholdengo|Gholdengo, L50|100/100
|move|p2a: Incineroar|Fake Out|p1b: Charizard
|-damage|p1b: Charizard|14/100
|cant|p1b: Charizard|flinch
|
|-weather|none
|-heal|p2b: Toxapex|87/100|[from] item: Leftovers
|upkeep
|turn|8
|
|t:|1782456269
|move|p1b: Charizard|Heat Wave|p2b: Toxapex|[spread] p2a
|-miss|p1b: Charizard|p2b: Toxapex
|-resisted|p2a: Incineroar|1
|-damage|p2a: Incineroar|3/100
|move|p1a: Gholdengo|Nasty Plot|p1a: Gholdengo
|-boost|p1a: Gholdengo|spa|2
|move|p2a: Incineroar|Parting Shot|p1b: Charizard
|-unboost|p1b: Charizard|atk|1
|-unboost|p1b: Charizard|spa|1
|
|t:|1782456277
|switch|p2a: Rotom|Rotom-Heat, L50, shiny|38/100|[from] Parting Shot
|move|p2b: Toxapex|Infestation|p1a: Gholdengo
|-resisted|p1a: Gholdengo|2
|-damage|p1a: Gholdengo|99/100
|-activate|p1a: Gholdengo|move: Infestation|[of] p2b: Toxapex
|
|-heal|p1a: Gholdengo|100/100|[from] item: Leftovers
|-heal|p2b: Toxapex|92/100|[from] item: Leftovers
|-damage|p1a: Gholdengo|87/100|[from] move: Infestation|[partiallytrapped]
|upkeep
|turn|9
|
|t:|1782456290
|move|p1a: Gholdengo|Protect|p1a: Gholdengo
|-singleturn|p1a: Gholdengo|Protect
|move|p2a: Rotom|Overheat|p1a: Gholdengo
|-activate|p1a: Gholdengo|move: Protect
|move|p1b: Charizard|Overheat|p2a: Rotom|[miss]
|-miss|p1b: Charizard|p2a: Rotom
|move|p2b: Toxapex|Infestation|p1b: Charizard
|-resisted|p1b: Charizard|2
|-damage|p1b: Charizard|14/100
|-activate|p1b: Charizard|move: Infestation|[of] p2b: Toxapex
|
|-heal|p1a: Gholdengo|93/100|[from] item: Leftovers
|-heal|p2b: Toxapex|98/100|[from] item: Leftovers
|-damage|p1b: Charizard|1/100|[from] move: Infestation|[partiallytrapped]
|-damage|p1a: Gholdengo|81/100|[from] move: Infestation|[partiallytrapped]
|upkeep
|turn|10
|
|t:|1782456307
|switch|p1a: Incineroar|Incineroar, L50, F|7/100 tox
|-ability|p1a: Incineroar|Intimidate|boost
|-unboost|p2a: Rotom|atk|1
|-unboost|p2b: Toxapex|atk|1
|move|p2b: Toxapex|Baneful Bunker|p2b: Toxapex
|-singleturn|p2b: Toxapex|move: Protect
|move|p2a: Rotom|Overheat|p1a: Incineroar
|-resisted|p1a: Incineroar|1
|-damage|p1a: Incineroar|0 fnt
|-unboost|p2a: Rotom|spa|2
|faint|p1a: Incineroar
|move|p1b: Charizard|Overheat|p2a: Rotom
|-resisted|p2a: Rotom|1
|-damage|p2a: Rotom|2/100
|-unboost|p1b: Charizard|spa|2
|
|-heal|p2b: Toxapex|100/100|[from] item: Leftovers
|-damage|p1b: Charizard|0 fnt|[from] move: Infestation|[partiallytrapped]
|faint|p1b: Charizard
|upkeep
|
|t:|1782456311
|switch|p1a: Gholdengo|Gholdengo, L50|81/100
|turn|11
|
|t:|1782456318
|switch|p2a: Incineroar|Incineroar, L50, F, shiny|3/100
|-ability|p2a: Incineroar|Intimidate|boost
|-unboost|p1a: Gholdengo|atk|1
|move|p1a: Gholdengo|Shadow Ball|p2a: Incineroar
|-resisted|p2a: Incineroar|1
|-damage|p2a: Incineroar|0 fnt
|faint|p2a: Incineroar
|move|p2b: Toxapex|Infestation|p1a: Gholdengo
|-resisted|p1a: Gholdengo|2
|-damage|p1a: Gholdengo|81/100
|-activate|p1a: Gholdengo|move: Infestation|[of] p2b: Toxapex
|
|-heal|p1a: Gholdengo|87/100|[from] item: Leftovers
|-damage|p1a: Gholdengo|75/100|[from] move: Infestation|[partiallytrapped]
|upkeep
|
|t:|1782456330
|switch|p2a: Rotom|Rotom-Heat, L50, shiny|2/100
|turn|12
|
|t:|1782456333
|move|p2a: Rotom|Overheat|p1a: Gholdengo
|-supereffective|p1a: Gholdengo|1
|-damage|p1a: Gholdengo|0 fnt
|-unboost|p2a: Rotom|spa|2
|faint|p1a: Gholdengo
|
|win|thisisaladderteam
