|j|☆2lico
|j|☆SomeKidJon
|html|2licoSomeKidJon    
|uhtml|bestof|Game 2 of a best-of-3
|t:|1757828182
|gametype|doubles
|player|p1|2lico|mrstone|1401
|player|p2|SomeKidJon|scientistf|1396
|gen|9
|tier|[Gen 9] VGC 2025 Reg H (Bo3)
|rated|
|rule|Species Clause: Limit one of each Pokémon
|rule|Item Clause: Limit 1 of each item
|clearpoke
|poke|p1|Excadrill, L50, F|
|poke|p1|Tyranitar, L50, F|
|poke|p1|Sneasler, L50, F|
|poke|p1|Indeedee, L50, M|
|poke|p1|Corviknight, L50, F|
|poke|p1|Annihilape, L50, F|
|poke|p2|Zoroark-Hisui, L50, M|
|poke|p2|Rillaboom, L50, M|
|poke|p2|Basculegion, L50, M|
|poke|p2|Pelipper, L50, M|
|poke|p2|Kingambit, L50, F|
|poke|p2|Farigiraf, L50, M|
|teampreview|4
|showteam|p1|Excadrill||FocusSash|SandRush|IronHead,HighHorsepower,Earthquake,Protect|||F|||50|,,,,,Stellar]Tyranitar||AssaultVest|SandStream|RockSlide,KnockOff,TeraBlast,LowKick|||F|||50|,,,,,Flying]Sneasler||PsychicSeed|Unburden|DireClaw,CloseCombat,ThroatChop,Protect|||F|||50|,,,,,Dark]Indeedee||ChoiceScarf|PsychicSurge|ExpandingForce,TeraBlast,Protect,Trick|||M|||50|,,,,,Psychic]Corviknight||Leftovers|MirrorArmor|BraveBird,BulkUp,Roost,Tailwind|||F|||50|,,,,,Dragon]Annihilape||SafetyGoggles|Defiant|CloseCombat,FinalGambit,RageFist,Taunt|||F|||50|,,,,,Water
|showteam|p2|Zoroark-Hisui||ChoiceSpecs|Illusion|HyperVoice,TeraBlast,ShadowBall,BurningJealousy|||M|||50|,,,,,Stellar]Rillaboom||AssaultVest|GrassySurge|FakeOut,GrassyGlide,WoodHammer,HighHorsepower|||M|||50|,,,,,Fire]Basculegion||ChoiceBand|SwiftSwim|WaveCrash,AquaJet,LastRespects,FlipTurn|||M|||50|,,,,,Water]Pelipper||FocusSash|Drizzle|Hurricane,WeatherBall,HelpingHand,Tailwind|||M|||50|,,,,,Flying]Kingambit||ChopleBerry|Defiant|SuckerPunch,KowtowCleave,SwordsDance,LowKick|||F|||50|,,,,,Dark]Farigiraf||SitrusBerry|ArmorTail|TwinBeam,FoulPlay,TrickRoom,HelpingHand|||M|||50|,,,,,Bug
|
|t:|1757828215
|teamsize|p1|4
|teamsize|p2|4
|start
|switch|p1a: Annihilape|Annihilape, L50, F|100/100
|switch|p1b: Tyranitar|Tyranitar, L50, F, shiny|100/100
|switch|p2a: Maelle|Kingambit, L50, F, shiny|100/100
|switch|p2b: Farigiraf|Farigiraf, L50, M|100/100
|-weather|Sandstorm|[from] ability: Sand Stream|[of] p1b: Tyranitar
|turn|1
|
|t:|1757828240
|switch|p2b: Esquie|Pelipper, L50, M|100/100
|-weather|RainDance|[from] ability: Drizzle|[of] p2b: Esquie
|-terastallize|p1a: Annihilape|Water
|move|p1a: Annihilape|Taunt|p2b: Esquie
|-start|p2b: Esquie|move: Taunt
|move|p1b: Tyranitar|Rock Slide|p2a: Maelle|[spread] p2a,p2b
|-resisted|p2a: Maelle
|-crit|p2a: Maelle
|-supereffective|p2b: Esquie
|-damage|p2a: Maelle|86/100
|-damage|p2b: Esquie|20/100
|move|p2a: Maelle|Low Kick|p1b: Tyranitar
|-supereffective|p1b: Tyranitar
|-damage|p1b: Tyranitar|0 fnt
|faint|p1b: Tyranitar
|
|-weather|RainDance|[upkeep]
|upkeep
|
|t:|1757828253
|switch|p1b: Sneasler|Sneasler, L50, F, shiny|100/100
|turn|2
|
|t:|1757828276
|switch|p2a: Monoco|Rillaboom, L50, M|100/100
|-fieldstart|move: Grassy Terrain|[from] ability: Grassy Surge|[of] p2a: Monoco
|move|p1b: Sneasler|Close Combat|p2a: Monoco
|-damage|p2a: Monoco|30/100
|-unboost|p1b: Sneasler|def|1
|-unboost|p1b: Sneasler|spd|1
|move|p1a: Annihilape|Rage Fist|p2b: Esquie
|-damage|p2b: Esquie|0 fnt
|faint|p2b: Esquie
|
|-weather|RainDance|[upkeep]
|-heal|p2a: Monoco|36/100|[from] Grassy Terrain
|upkeep
|
|t:|1757828288
|switch|p2b: Farigiraf|Farigiraf, L50, M|100/100
|turn|3
|
|t:|1757828307
|switch|p1a: Corviknight|Corviknight, L50, F|100/100
|move|p2a: Monoco|Grassy Glide|p1a: Corviknight
|-resisted|p1a: Corviknight
|-damage|p1a: Corviknight|93/100
|move|p1b: Sneasler|Dire Claw|p2b: Farigiraf
|-crit|p2b: Farigiraf
|-damage|p2b: Farigiraf|39/100
|-enditem|p2b: Farigiraf|Sitrus Berry|[eat]
|-heal|p2b: Farigiraf|64/100|[from] item: Sitrus Berry
|move|p2b: Farigiraf|Trick Room|p2b: Farigiraf
|-fieldstart|move: Trick Room|[of] p2b: Farigiraf
|
|-weather|RainDance|[upkeep]
|-heal|p2b: Farigiraf|70/100|[from] Grassy Terrain
|-heal|p1a: Corviknight|99/100|[from] item: Leftovers
|-heal|p2a: Monoco|42/100|[from] Grassy Terrain
|upkeep
|turn|4
|
|t:|1757828335
|switch|p2a: Maelle|Kingambit, L50, F, shiny|86/100
|move|p2b: Farigiraf|Twin Beam|p1b: Sneasler
|-supereffective|p1b: Sneasler
|-damage|p1b: Sneasler|0 fnt
|faint|p1b: Sneasler
|-hitcount|p1: Sneasler|1
|move|p1a: Corviknight|Bulk Up|p1a: Corviknight
|-boost|p1a: Corviknight|atk|1
|-boost|p1a: Corviknight|def|1
|
|-weather|RainDance|[upkeep]
|-heal|p2a: Maelle|92/100|[from] Grassy Terrain
|-heal|p2b: Farigiraf|76/100|[from] Grassy Terrain
|-heal|p1a: Corviknight|100/100|[from] item: Leftovers
|upkeep
|
|t:|1757828340
|switch|p1b: Annihilape|Annihilape, L50, F, tera:Water|100/100
|turn|5
|
|t:|1757828363
|-terastallize|p2a: Maelle|Dark
|move|p2a: Maelle|Swords Dance|p2a: Maelle
|-boost|p2a: Maelle|atk|2
|move|p2b: Farigiraf|Foul Play|p1a: Corviknight
|-damage|p1a: Corviknight|81/100
|move|p1a: Corviknight|Brave Bird|p2a: Maelle
|-damage|p2a: Maelle|45/100
|-damage|p1a: Corviknight|66/100|[from] Recoil
|move|p1b: Annihilape|Close Combat|p2a: Maelle
|-supereffective|p2a: Maelle
|-enditem|p2a: Maelle|Chople Berry|[eat]
|-enditem|p2a: Maelle|Chople Berry|[weaken]
|-damage|p2a: Maelle|12/100
|-unboost|p1b: Annihilape|def|1
|-unboost|p1b: Annihilape|spd|1
|
|-weather|none
|-heal|p2a: Maelle|18/100|[from] Grassy Terrain
|-heal|p2b: Farigiraf|82/100|[from] Grassy Terrain
|-heal|p1a: Corviknight|72/100|[from] item: Leftovers
|upkeep
|turn|6
|
|t:|1757828382
|move|p2b: Farigiraf|Helping Hand|p2a: Maelle
|-singleturn|p2a: Maelle|Helping Hand|[of] p2b: Farigiraf
|move|p2a: Maelle|Kowtow Cleave|p1a: Corviknight
|-damage|p1a: Corviknight|0 fnt
|faint|p1a: Corviknight
|move|p1b: Annihilape|Close Combat|p2a: Maelle
|-supereffective|p2a: Maelle
|-damage|p2a: Maelle|0 fnt
|-unboost|p1b: Annihilape|def|1
|-unboost|p1b: Annihilape|spd|1
|faint|p2a: Maelle
|
|-heal|p2b: Farigiraf|88/100|[from] Grassy Terrain
|-fieldend|move: Grassy Terrain
|upkeep
|
|t:|1757828387
|switch|p2a: Monoco|Rillaboom, L50, M|42/100
|-fieldstart|move: Grassy Terrain|[from] ability: Grassy Surge|[of] p2a: Monoco
|turn|7
|-message|2lico forfeited.
|
|win|SomeKidJon
|raw|2lico's rating: 1401 → 1381(-20 for losing)
|raw|SomeKidJon's rating: 1396 → 1416(+20 for winning)
|l|☆2lico
|player|p1|
|l|☆SomeKidJon
|player|p2|
