|j|☆Glaxx
|j|☆The Bradicus
|html|GlaxxThe Bradicus    
|uhtml|bestof|Game 1 of a best-of-3
|t:|1783962565
|gametype|doubles
|player|p1|Glaxx|red|1108
|player|p2|The Bradicus|richboy-gen6xy|1089
|gen|9
|tier|[Gen 9 Champions] VGC 2026 Reg M-B (Bo3)
|rated|
|rule|Species Clause: Limit one of each Pokémon
|rule|Item Clause: Limit 1 of each item
|clearpoke
|poke|p1|Sceptile, L50, M, shiny|
|poke|p1|Metagross, L50, shiny|
|poke|p1|Milotic, L50, F, shiny|
|poke|p1|Rotom-Heat, L50, shiny|
|poke|p1|Arcanine-Hisui, L50, M|
|poke|p1|Gardevoir, L50, F, shiny|
|poke|p2|Annihilape, L50, F|
|poke|p2|Incineroar, L50, F|
|poke|p2|Glimmora, L50, F|
|poke|p2|Whimsicott, L50, F|
|poke|p2|Metagross, L50|
|poke|p2|Sinistcha-Masterpiece, L50|
|teampreview|4
|showteam|p1|Sceptile||Sceptilite|Unburden|DragonPulse,LeafStorm,Protect,EarthPower|Timid||M|||50|]Metagross||LumBerry|ClearBody|Agility,IcePunch,PsychicFangs,MeteorMash|Adamant|||||50|]Milotic||Leftovers|Competitive|IceBeam,DrainingKiss,Scald,RainDance|Modest||F|||50|]Rotom-Heat||ChoiceScarf|Levitate|Discharge,Overheat,WillOWisp,Hex|Timid|||||50|]Arcanine-Hisui||ShellBell|RockHead|DoubleEdge,FlareBlitz,HeadSmash,WildCharge|Jolly||M|||50|]Gardevoir||FocusSash|Trace|Psyshock,AuraSphere,DazzlingGleam,SkillSwap|Modest||F|||50|
|showteam|p2|Annihilape||ChoiceScarf|Defiant|CloseCombat,ShadowClaw,Coaching,Uturn|Adamant||F|||50|]Incineroar||SitrusBerry|Intimidate|FlareBlitz,DarkestLariat,FakeOut,PartingShot|Impish||F|||50|]Glimmora||Glimmoranite|ToxicDebris|SludgeBomb,PowerGem,DazzlingGleam,SpikyShield|Timid||F|||50|]Whimsicott||FocusSash|Prankster|Moonblast,Encore,Tailwind,Protect|Timid||F|||50|]Metagross||Metagrossite|ClearBody|PsychicFangs,IronHead,IcePunch,Protect|Jolly|||||50|]Sinistcha-Masterpiece||Leftovers|Hospitality|MatchaGotcha,RagePowder,TrickRoom,Protect|Calm|||||50|
|inactive|Battle timer is ON: inactive players will automatically lose when time's up. (requested by The Bradicus)
|inactive|The Bradicus has 60 seconds left.
|inactive|The Bradicus has 30 seconds left.
|inactive|The Bradicus has 20 seconds left.
|inactive|The Bradicus has 15 seconds left.
|
|t:|1783962640
|teamsize|p1|4
|teamsize|p2|4
|start
|switch|p1a: Gardevoir|Gardevoir, L50, F, shiny|100/100
|switch|p1b: Milotic|Milotic, L50, F, shiny|100/100
|switch|p2a: Annihilape|Annihilape, L50, F|100/100
|switch|p2b: Glimmora|Glimmora, L50, F|100/100
|-ability|p1a: Gardevoir|Defiant|Trace|[from] ability: Trace|[of] p2a: Annihilape
|turn|1
|j| soccerdude26
|l| soccerdude26
|inactive|The Bradicus has 30 seconds left.
|inactive|The Bradicus has 20 seconds left.
|inactive|The Bradicus has 15 seconds left.
|inactive|The Bradicus has 10 seconds left.
|
|t:|1783962686
|detailschange|p2b: Glimmora|Glimmora-Mega, L50, F
|-mega|p2b: Glimmora|Glimmora|Glimmoranite
|move|p2a: Annihilape|Shadow Claw|p1a: Gardevoir
|-supereffective|p1a: Gardevoir|1
|-damage|p1a: Gardevoir|11/100
|move|p2b: Glimmora|Sludge Bomb|p1a: Gardevoir
|-supereffective|p1a: Gardevoir|1
|-damage|p1a: Gardevoir|0 fnt
|faint|p1a: Gardevoir
|move|p1b: Milotic|Rain Dance|p1b: Milotic
|-weather|RainDance
|
|-weather|RainDance|[upkeep]
|upkeep
|
|t:|1783962694
|switch|p1a: Sceptile|Sceptile, L50, M, shiny|100/100
|turn|2
|
|t:|1783962711
|switch|p2a: Sinistcha|Sinistcha-Masterpiece, L50|100/100
|detailschange|p1a: Sceptile|Sceptile-Mega, L50, M, shiny
|-mega|p1a: Sceptile|Sceptile|Sceptilite
|move|p1a: Sceptile|Protect|p1a: Sceptile
|-singleturn|p1a: Sceptile|Protect
|move|p2b: Glimmora|Spiky Shield|p2b: Glimmora
|-singleturn|p2b: Glimmora|move: Protect
|move|p1b: Milotic|Scald|p2b: Glimmora
|-activate|p2b: Glimmora|move: Protect
|
|-weather|RainDance|[upkeep]
|upkeep
|turn|3
|
|t:|1783962723
|switch|p1a: Rotom|Rotom-Heat, L50, shiny|100/100
|move|p2a: Sinistcha|Rage Powder|p2a: Sinistcha
|-singleturn|p2a: Sinistcha|move: Rage Powder
|move|p2b: Glimmora|Sludge Bomb|p1a: Rotom
|-damage|p1a: Rotom|14/100
|-status|p1a: Rotom|psn
|move|p1b: Milotic|Ice Beam|p2a: Sinistcha
|-supereffective|p2a: Sinistcha|1
|-damage|p2a: Sinistcha|47/100
|-status|p2a: Sinistcha|frz
|
|-weather|RainDance|[upkeep]
|-heal|p2a: Sinistcha|53/100 frz|[from] item: Leftovers
|-damage|p1a: Rotom|3/100 psn|[from] psn
|upkeep
|turn|4
|
|t:|1783962738
|switch|p2b: Incineroar|Incineroar, L50, F|100/100
|-ability|p2b: Incineroar|Intimidate|boost
|-unboost|p1a: Rotom|atk|1
|-unboost|p1b: Milotic|atk|1
|-ability|p1b: Milotic|Competitive|boost
|-boost|p1b: Milotic|spa|2
|switch|p1b: Sceptile|Sceptile-Mega, L50, M, shiny|100/100
|move|p1a: Rotom|Discharge|p2b: Incineroar|[spread] p2a,p2b
|-ability|p1b: Sceptile|Lightning Rod|boost
|-boost|p1b: Sceptile|spa|1
|-resisted|p2a: Sinistcha|1
|-damage|p2a: Sinistcha|42/100 frz
|-damage|p2b: Incineroar|77/100
|-status|p2b: Incineroar|par
|-curestatus|p2a: Sinistcha|frz|[from] move: Matcha Gotcha
|move|p2a: Sinistcha|Matcha Gotcha|p1a: Rotom|[spread] p1a,p1b
|-resisted|p1a: Rotom|1
|-resisted|p1b: Sceptile|2
|-damage|p1a: Rotom|0 fnt
|-heal|p2a: Sinistcha|43/100|[from] drain|[of] p1a: Rotom
|-damage|p1b: Sceptile|91/100
|-heal|p2a: Sinistcha|47/100|[from] drain|[of] p1b: Sceptile
|-status|p1b: Sceptile|brn
|faint|p1a: Rotom
|
|-weather|RainDance|[upkeep]
|-heal|p2a: Sinistcha|53/100|[from] item: Leftovers
|-damage|p1b: Sceptile|85/100 brn|[from] brn
|upkeep
|
|t:|1783962742
|switch|p1a: Milotic|Milotic, L50, F, shiny|100/100
|turn|5
|
|t:|1783962760
|move|p2b: Incineroar|Fake Out|p1b: Sceptile
|-damage|p1b: Sceptile|67/100 brn
|cant|p1b: Sceptile|flinch
|move|p1a: Milotic|Scald|p2b: Incineroar
|-supereffective|p2b: Incineroar|1
|-damage|p2b: Incineroar|0 fnt
|faint|p2b: Incineroar
|move|p2a: Sinistcha|Matcha Gotcha|p1b: Sceptile|[spread] p1a,p1b
|-supereffective|p1a: Milotic|1
|-resisted|p1b: Sceptile|2
|-damage|p1a: Milotic|58/100
|-heal|p2a: Sinistcha|73/100|[from] drain|[of] p1a: Milotic
|-damage|p1b: Sceptile|59/100 brn
|-heal|p2a: Sinistcha|76/100|[from] drain|[of] p1b: Sceptile
|
|-weather|none
|-heal|p1a: Milotic|63/100|[from] item: Leftovers
|-heal|p2a: Sinistcha|83/100|[from] item: Leftovers
|-damage|p1b: Sceptile|53/100 brn|[from] brn
|upkeep
|
|t:|1783962780
|switch|p2b: Glimmora|Glimmora-Mega, L50, F|100/100
|turn|6
|
|t:|1783962801
|move|p1b: Sceptile|Protect|p1b: Sceptile
|-singleturn|p1b: Sceptile|Protect
|move|p2b: Glimmora|Sludge Bomb|p1a: Milotic
|-damage|p1a: Milotic|1/100
|-status|p1a: Milotic|psn
|move|p1a: Milotic|Ice Beam|p2a: Sinistcha
|-supereffective|p2a: Sinistcha|1
|-damage|p2a: Sinistcha|29/100
|move|p2a: Sinistcha|Matcha Gotcha|p1a: Milotic|[spread] p1a
|-activate|p1b: Sceptile|move: Protect
|-supereffective|p1a: Milotic|1
|-damage|p1a: Milotic|0 fnt
|-heal|p2a: Sinistcha|29/100|[from] drain|[of] p1a: Milotic
|faint|p1a: Milotic
|
|-heal|p2a: Sinistcha|35/100|[from] item: Leftovers
|-damage|p1b: Sceptile|46/100 brn|[from] brn
|upkeep
|turn|7
|
|t:|1783962825
|move|p1b: Sceptile|Earth Power|p2b: Glimmora
|-supereffective|p2b: Glimmora|2
|-damage|p2b: Glimmora|0 fnt
|faint|p2b: Glimmora
|move|p2a: Sinistcha|Matcha Gotcha|p1b: Sceptile
|-resisted|p1b: Sceptile|2
|-damage|p1b: Sceptile|34/100 brn
|-heal|p2a: Sinistcha|41/100|[from] drain|[of] p1b: Sceptile
|
|-heal|p2a: Sinistcha|47/100|[from] item: Leftovers
|-damage|p1b: Sceptile|28/100 brn|[from] brn
|upkeep
|
|t:|1783962828
|switch|p2b: Annihilape|Annihilape, L50, F|100/100
|turn|8
|
|t:|1783962839
|move|p1b: Sceptile|Protect|p1b: Sceptile
|-singleturn|p1b: Sceptile|Protect
|move|p2b: Annihilape|Close Combat|p1b: Sceptile
|-activate|p1b: Sceptile|move: Protect
|move|p2a: Sinistcha|Matcha Gotcha|p1b: Sceptile
|-activate|p1b: Sceptile|move: Protect
|
|-heal|p2a: Sinistcha|53/100|[from] item: Leftovers
|-damage|p1b: Sceptile|22/100 brn|[from] brn
|upkeep
|turn|9
|
|t:|1783962853
|move|p1b: Sceptile|Leaf Storm|p2b: Annihilape
|-damage|p2b: Annihilape|0 fnt
|-unboost|p1b: Sceptile|spa|2
|faint|p2b: Annihilape
|move|p2a: Sinistcha|Matcha Gotcha|p1b: Sceptile
|-resisted|p1b: Sceptile|2
|-damage|p1b: Sceptile|10/100 brn
|-heal|p2a: Sinistcha|58/100|[from] drain|[of] p1b: Sceptile
|
|-heal|p2a: Sinistcha|64/100|[from] item: Leftovers
|-damage|p1b: Sceptile|4/100 brn|[from] brn
|upkeep
|turn|10
|
|t:|1783962866
|move|p2a: Sinistcha|Protect|p2a: Sinistcha
|-singleturn|p2a: Sinistcha|Protect
|move|p1b: Sceptile|Dragon Pulse|p2a: Sinistcha
|-activate|p2a: Sinistcha|move: Protect
|
|-heal|p2a: Sinistcha|70/100|[from] item: Leftovers
|-damage|p1b: Sceptile|0 fnt|[from] brn
|faint|p1b: Sceptile
|
|win|The Bradicus
|l|☆Glaxx
|player|p1|
||Glaxx is ready for game 2.
