|j|☆eklyst
|j|☆theghostgymleader
|html|eklysttheghostgymleader    
|uhtml|bestof|Game 2 of a best-of-3
|t:|1783197100
|gametype|doubles
|player|p1|eklyst|pokemaniac|1101
|player|p2|theghostgymleader|169|1000
|gen|9
|tier|[Gen 9 Champions] VGC 2026 Reg M-B (Bo3)
|rated|
|rule|Species Clause: Limit one of each Pokémon
|rule|Item Clause: Limit 1 of each item
|clearpoke
|poke|p1|Metagross, L50|
|poke|p1|Floette-Eternal, L50, F|
|poke|p1|Garchomp, L50, F|
|poke|p1|Aerodactyl, L50, F|
|poke|p1|Sinistcha, L50|
|poke|p1|Incineroar, L50, M|
|poke|p2|Gengar, L50, M, shiny|
|poke|p2|Froslass, L50, F|
|poke|p2|Decidueye, L50, M, shiny|
|poke|p2|Skeledirge, L50, F, shiny|
|poke|p2|Basculegion, L50, M, shiny|
|poke|p2|Sableye, L50, F|
|teampreview|4
|showteam|p1|Metagross||Metagrossite|ClearBody|IronHead,BulletPunch,PsychicFangs,Protect|Adamant|||||50|]Floette-Eternal||Floettite|FlowerVeil|Moonblast,DazzlingGleam,CalmMind,Protect|Modest||F|||50|]Garchomp||LifeOrb|RoughSkin|RockSlide,StompingTantrum,DragonClaw,Protect|Jolly||F|||50|]Aerodactyl||FocusSash|Unnerve|RockSlide,DualWingbeat,Tailwind,Protect|Jolly||F|||50|]Sinistcha||KasibBerry|Hospitality|MatchaGotcha,TrickRoom,RagePowder,Protect|Relaxed|||||50|]Incineroar||SitrusBerry|Intimidate|FakeOut,FlareBlitz,ThroatChop,PartingShot|Adamant||M|||50|
|showteam|p2|Gengar||Gengarite|CursedBody|ShadowBall,SludgeBomb,Thunder,FocusBlast|Serious||M|||50|]Froslass||Froslassite|CursedBody|Blizzard,DestinyBond,ShadowBall,AuroraVeil|Timid||F|||50|]Decidueye||FocusSash|LongReach|Tailwind,LeafBlade,SuckerPunch,BraveBird|Adamant||M|||50|]Skeledirge||Leftovers|Unaware|TorchSong,WillOWisp,Hex,SlackOff|Bold||F|||50|]Basculegion||ChoiceScarf|Adaptability|Crunch,LastRespects,WaveCrash,FlipTurn|Adamant||M|||50|]Sableye||RoseliBerry|Prankster|Quash,Disable,Encore,WillOWisp|Calm||F|||50|
|inactive|Battle timer is ON: inactive players will automatically lose when time's up. (requested by eklyst)
|inactive|theghostgymleader has 60 seconds left.
|
|t:|1783197141
|teamsize|p1|4
|teamsize|p2|4
|start
|switch|p1a: Incineroar|Incineroar, L50, M|100/100
|switch|p1b: Aerodactyl|Aerodactyl, L50, F|100/100
|switch|p2a: Nymph|Sableye, L50, F|100/100
|switch|p2b: Yuki-onna|Froslass, L50, F|100/100
|-ability|p1b: Aerodactyl|Unnerve
|-ability|p1a: Incineroar|Intimidate|boost
|-unboost|p2a: Nymph|atk|1
|-unboost|p2b: Yuki-onna|atk|1
|turn|1
|
|t:|1783197164
|detailschange|p2b: Yuki-onna|Froslass-Mega, L50, F
|-mega|p2b: Yuki-onna|Froslass|Froslassite
|-weather|Snowscape|[from] ability: Snow Warning|[of] p2b: Yuki-onna
|move|p2a: Nymph|Will-O-Wisp|p1b: Aerodactyl
|-status|p1b: Aerodactyl|brn
|move|p1b: Aerodactyl|Tailwind|p1b: Aerodactyl
|-sidestart|p1: eklyst|move: Tailwind
|move|p2b: Yuki-onna|Aurora Veil|p2b: Yuki-onna
|-sidestart|p2: theghostgymleader|move: Aurora Veil
|move|p1a: Incineroar|Flare Blitz|p2b: Yuki-onna
|-supereffective|p2b: Yuki-onna|1
|-damage|p2b: Yuki-onna|17/100
|-damage|p1a: Incineroar|80/100|[from] Recoil
|
|-weather|Snowscape|[upkeep]
|-damage|p1b: Aerodactyl|94/100 brn|[from] brn
|upkeep
|turn|2
|inactive|theghostgymleader has 30 seconds left.
|
|t:|1783197189
|switch|p1b: Floette|Floette-Eternal, L50, F|100/100
|move|p2a: Nymph|Encore||[still]
|-fail|p2a: Nymph
|move|p2b: Yuki-onna|Destiny Bond|p2b: Yuki-onna
|-singlemove|p2b: Yuki-onna|Destiny Bond
|move|p1a: Incineroar|Flare Blitz|p2b: Yuki-onna
|-supereffective|p2b: Yuki-onna|1
|-damage|p2b: Yuki-onna|0 fnt
|faint|p2b: Yuki-onna
|-activate|p2b: Yuki-onna|move: Destiny Bond
|faint|p1a: Incineroar
|
|-weather|Snowscape|[upkeep]
|upkeep
|
|t:|1783197204
|switch|p2b: Elegy|Skeledirge, L50, F, shiny|100/100
|switch|p1a: Sinistcha|Sinistcha, L50|100/100
|turn|3
|inactive|theghostgymleader has 30 seconds left.
|inactive|theghostgymleader has 20 seconds left.
|inactive|theghostgymleader has 15 seconds left.
|
|t:|1783197248
|detailschange|p1b: Floette|Floette-Mega, L50, F
|-mega|p1b: Floette|Floette|Floettite
|-ability|p1b: Floette|Fairy Aura
|move|p1a: Sinistcha|Rage Powder|p1a: Sinistcha
|-singleturn|p1a: Sinistcha|move: Rage Powder
|move|p2a: Nymph|Will-O-Wisp|p1a: Sinistcha
|-status|p1a: Sinistcha|brn
|move|p1b: Floette|Dazzling Gleam|p2a: Nymph|[spread] p2a,p2b
|-supereffective|p2a: Nymph|1
|-enditem|p2a: Nymph|Roseli Berry|[eat]
|-enditem|p2a: Nymph|Roseli Berry|[weaken]
|-resisted|p2b: Elegy|1
|-damage|p2a: Nymph|60/100
|-damage|p2b: Elegy|84/100
|move|p2b: Elegy|Hex|p1a: Sinistcha
|-supereffective|p1a: Sinistcha|1
|-enditem|p1a: Sinistcha|Kasib Berry|[eat]
|-enditem|p1a: Sinistcha|Kasib Berry|[weaken]
|-damage|p1a: Sinistcha|53/100 brn
|
|-weather|Snowscape|[upkeep]
|-heal|p2b: Elegy|90/100|[from] item: Leftovers
|-damage|p1a: Sinistcha|47/100 brn|[from] brn
|upkeep
|turn|4
|inactive|theghostgymleader has 30 seconds left.
|
|t:|1783197277
|switch|p1a: Aerodactyl|Aerodactyl, L50, F|94/100 brn
|-ability|p1a: Aerodactyl|Unnerve
|move|p2a: Nymph|Disable||[still]
|-fail|p2a: Nymph
|move|p1b: Floette|Dazzling Gleam|p2b: Elegy|[spread] p2a,p2b
|-supereffective|p2a: Nymph|1
|-resisted|p2b: Elegy|1
|-damage|p2a: Nymph|0 fnt
|-damage|p2b: Elegy|73/100
|faint|p2a: Nymph
|move|p2b: Elegy|Torch Song|p1b: Floette
|-damage|p1b: Floette|76/100
|-boost|p2b: Elegy|spa|1
|
|-weather|Snowscape|[upkeep]
|-heal|p2b: Elegy|80/100|[from] item: Leftovers
|-damage|p1a: Aerodactyl|88/100 brn|[from] brn
|-sideend|p1: eklyst|move: Tailwind
|upkeep
|
|t:|1783197294
|switch|p2a: Legion|Basculegion, L50, M, shiny|100/100
|turn|5
|
|t:|1783197311
|move|p1b: Floette|Protect|p1b: Floette
|-singleturn|p1b: Floette|Protect
|move|p1a: Aerodactyl|Tailwind|p1a: Aerodactyl
|-sidestart|p1: eklyst|move: Tailwind
|move|p2a: Legion|Last Respects|p1a: Aerodactyl
|-crit|p1a: Aerodactyl
|-damage|p1a: Aerodactyl|0 fnt
|faint|p1a: Aerodactyl
|move|p2b: Elegy|Torch Song|p1b: Floette
|-activate|p1b: Floette|move: Protect
|
|-weather|none
|-heal|p2b: Elegy|86/100|[from] item: Leftovers
|-sideend|p2: theghostgymleader|move: Aurora Veil
|upkeep
|
|t:|1783197319
|switch|p1a: Sinistcha|Sinistcha, L50|47/100 brn
|-heal|p1b: Floette|100/100|[from] ability: Hospitality|[of] p1a: Sinistcha
|turn|6
|
|t:|1783197323
|move|p1b: Floette|Dazzling Gleam|p2b: Elegy|[spread] p2a,p2b
|-resisted|p2b: Elegy|1
|-damage|p2a: Legion|49/100
|-damage|p2b: Elegy|62/100
|move|p2a: Legion|Last Respects|p1b: Floette
|-damage|p1b: Floette|3/100
|move|p1a: Sinistcha|Matcha Gotcha|p2a: Legion|[spread] p2a,p2b
|-supereffective|p2a: Legion|1
|-resisted|p2b: Elegy|1
|-damage|p2a: Legion|0 fnt
|-heal|p1a: Sinistcha|75/100 brn|[from] drain|[of] p2a: Legion
|-damage|p2b: Elegy|48/100
|-heal|p1a: Sinistcha|83/100 brn|[from] drain|[of] p2b: Elegy
|faint|p2a: Legion
|move|p2b: Elegy|Torch Song|p1b: Floette
|-damage|p1b: Floette|0 fnt
|-boost|p2b: Elegy|spa|1
|faint|p1b: Floette
|
|-heal|p2b: Elegy|54/100|[from] item: Leftovers
|-damage|p1a: Sinistcha|76/100 brn|[from] brn
|upkeep
|turn|7
|
|t:|1783197340
|move|p1a: Sinistcha|Matcha Gotcha|p2b: Elegy
|-resisted|p2b: Elegy|1
|-damage|p2b: Elegy|38/100
|-heal|p1a: Sinistcha|86/100 brn|[from] drain|[of] p2b: Elegy
|move|p2b: Elegy|Slack Off|p2b: Elegy
|-heal|p2b: Elegy|89/100
|
|-heal|p2b: Elegy|95/100|[from] item: Leftovers
|-damage|p1a: Sinistcha|80/100 brn|[from] brn
|upkeep
|turn|8
|
|t:|1783197349
|move|p1a: Sinistcha|Matcha Gotcha|p2b: Elegy
|-resisted|p2b: Elegy|1
|-damage|p2b: Elegy|76/100
|-heal|p1a: Sinistcha|91/100 brn|[from] drain|[of] p2b: Elegy
|move|p2b: Elegy|Torch Song|p1a: Sinistcha
|-supereffective|p1a: Sinistcha|1
|-damage|p1a: Sinistcha|0 fnt
|-boost|p2b: Elegy|spa|1
|faint|p1a: Sinistcha
|
|win|theghostgymleader
|raw|eklyst's rating: 1101 → 1069(-32 for losing)
|raw|theghostgymleader's rating: 1000 → 1051(+51 for winning)
|c|☆theghostgymleader|gg
|c|☆eklyst|gg
