|j|☆1700 for rogue
|j|☆Mortipherus
|html|1700 for rogueMortipherus    
|uhtml|bestof|Game 1 of a best-of-3
|t:|1756723652
|gametype|doubles
|player|p1|1700 for rogue|scientist-gen4|1195
|player|p2|Mortipherus|biker-gen4|1262
|gen|9
|tier|[Gen 9] VGC 2025 Reg H (Bo3)
|rated|
|rule|Species Clause: Limit one of each Pokémon
|rule|Item Clause: Limit 1 of each item
|clearpoke
|poke|p1|Grimmsnarl, L50, M|
|poke|p1|Baxcalibur, L50, F|
|poke|p1|Amoonguss, L50, F|
|poke|p1|Primarina, L50, F|
|poke|p1|Incineroar, L50, F|
|poke|p1|Corviknight, L50, M|
|poke|p2|Hydrapple, L50, F|
|poke|p2|Arcanine-Hisui, L50, M|
|poke|p2|Gholdengo, L50|
|poke|p2|Electabuzz, L50, F|
|poke|p2|Indeedee, L50, M|
|poke|p2|Sneasler, L50, F|
|teampreview|4
|showteam|p1|Grimmsnarl||LightClay|Prankster|LightScreen,Reflect,SpiritBreak,Taunt|||M|||50|,,,,,Ghost]Baxcalibur||LoadedDice|ThermalExchange|IcicleSpear,GlaiveRush,DragonDance,Protect|||F|||50|,,,,,Fire]Amoonguss||CovertCloak|Regenerator|PollenPuff,Spore,RagePowder,Protect|||F|||50|,,,,,Water]Primarina||ThroatSpray|LiquidVoice|HyperVoice,Moonblast,CalmMind,Protect|||F|||50|,,,,,Steel]Incineroar||SitrusBerry|Intimidate|KnockOff,FlareBlitz,FakeOut,PartingShot|||F|||50|,,,,,Ghost]Corviknight||Leftovers|MirrorArmor|Roost,BulkUp,PowerTrip,BraveBird|||M|||50|,,,,,Water
|showteam|p2|Hydrapple||AssaultVest|Regenerator|FickleBeam,EnergyBall,EarthPower,BreakingSwipe|||F|||50|,,,,,Ground]Arcanine-Hisui||ClearAmulet|Intimidate|Protect,ExtremeSpeed,FlareBlitz,RockSlide|||M|||50|,,,,,Grass]Gholdengo||LifeOrb|GoodasGold|Protect,NastyPlot,MakeItRain,ShadowBall||||||50|,,,,,Flying]Electabuzz||Eviolite|VitalSpirit|Protect,FollowMe,Taunt,Electroweb|||F|||50|,,,,,Dragon]Indeedee||FocusSash|PsychicSurge|Protect,TrickRoom,ExpandingForce,TeraBlast|||M|||50|,,,,,Ground]Sneasler||PsychicSeed|Unburden|Protect,ThroatChop,DireClaw,CloseCombat|||F|||50|,,,,,Dark
|inactive|Battle timer is ON: inactive players will automatically lose when time's up. (requested by 1700 for rogue)
|c|☆1700 for rogue|based hydrapple
|c|☆1700 for rogue|i brought him to a regional one time
|inactive|1700 for rogue has 60 seconds left.
|inactive|Mortipherus has 60 seconds left.
|
|t:|1756723702
|teamsize|p1|4
|teamsize|p2|4
|start
|switch|p1a: Baxcalibur|Baxcalibur, L50, F|100/100
|switch|p1b: funny cat|Incineroar, L50, F|100/100
|switch|p2a: Indeedee|Indeedee, L50, M|100/100
|switch|p2b: Sneasler|Sneasler, L50, F|100/100
|-fieldstart|move: Psychic Terrain|[from] ability: Psychic Surge|[of] p2a: Indeedee
|-enditem|p2b: Sneasler|Psychic Seed
|-boost|p2b: Sneasler|spd|1|[from] item: Psychic Seed
|-ability|p1b: funny cat|Intimidate|boost
|-unboost|p2a: Indeedee|atk|1
|-unboost|p2b: Sneasler|atk|1
|turn|1
|
|t:|1756723721
|move|p1a: Baxcalibur|Protect|p1a: Baxcalibur
|-singleturn|p1a: Baxcalibur|Protect
|move|p2b: Sneasler|Close Combat|p1b: funny cat
|-supereffective|p1b: funny cat
|-damage|p1b: funny cat|26/100
|-unboost|p2b: Sneasler|def|1
|-unboost|p2b: Sneasler|spd|1
|-enditem|p1b: funny cat|Sitrus Berry|[eat]
|-heal|p1b: funny cat|51/100|[from] item: Sitrus Berry
|move|p2a: Indeedee|Expanding Force|p1b: funny cat|[spread] 
|-activate|p1a: Baxcalibur|move: Protect
|-immune|p1b: funny cat
|move|p1b: funny cat|Parting Shot|p2a: Indeedee
|-unboost|p2a: Indeedee|atk|1
|-unboost|p2a: Indeedee|spa|1
|
|t:|1756723736
|switch|p1b: Grimmsnarl|Grimmsnarl, L50, M|100/100|[from] Parting Shot
|
|upkeep
|turn|2
|
|t:|1756723745
|switch|p1a: funny cat|Incineroar, L50, F|51/100
|-ability|p1a: funny cat|Intimidate|boost
|-unboost|p2a: Indeedee|atk|1
|-unboost|p2b: Sneasler|atk|1
|move|p1b: Grimmsnarl|Light Screen|p1b: Grimmsnarl
|-sidestart|p1: 1700 for rogue|move: Light Screen
|move|p2b: Sneasler|Close Combat|p1a: funny cat
|-supereffective|p1a: funny cat
|-damage|p1a: funny cat|0 fnt
|-unboost|p2b: Sneasler|def|1
|-unboost|p2b: Sneasler|spd|1
|faint|p1a: funny cat
|move|p2a: Indeedee|Expanding Force|p1b: Grimmsnarl
|-immune|p1b: Grimmsnarl
|
|upkeep
|
|t:|1756723754
|switch|p1a: Baxcalibur|Baxcalibur, L50, F|100/100
|turn|3
|
|t:|1756723767
|move|p1b: Grimmsnarl|Reflect|p1b: Grimmsnarl
|-sidestart|p1: 1700 for rogue|Reflect
|move|p2b: Sneasler|Dire Claw|p1b: Grimmsnarl
|-supereffective|p1b: Grimmsnarl
|-damage|p1b: Grimmsnarl|71/100
|move|p2a: Indeedee|Tera Blast|p1b: Grimmsnarl
|-damage|p1b: Grimmsnarl|55/100
|move|p1a: Baxcalibur|Dragon Dance|p1a: Baxcalibur
|-boost|p1a: Baxcalibur|atk|1
|-boost|p1a: Baxcalibur|spe|1
|
|upkeep
|turn|4
|
|t:|1756723787
|move|p2b: Sneasler|Close Combat|p1a: Baxcalibur
|-supereffective|p1a: Baxcalibur
|-damage|p1a: Baxcalibur|62/100
|-unboost|p2b: Sneasler|def|1
|-unboost|p2b: Sneasler|spd|1
|move|p1a: Baxcalibur|Icicle Spear|p2a: Indeedee
|-damage|p2a: Indeedee|60/100
|-damage|p2a: Indeedee|22/100
|-damage|p2a: Indeedee|0 fnt
|faint|p2a: Indeedee
|-hitcount|p2: Indeedee|3
|move|p1b: Grimmsnarl|Spirit Break|p2b: Sneasler
|-damage|p2b: Sneasler|0 fnt
|faint|p2b: Sneasler
|
|upkeep
|
|t:|1756723792
|switch|p2b: Hydrapple|Hydrapple, L50, F|100/100
|switch|p2a: Electabuzz|Electabuzz, L50, F|100/100
|turn|5
|
|t:|1756723810
|move|p1a: Baxcalibur|Protect|p1a: Baxcalibur
|-singleturn|p1a: Baxcalibur|Protect
|move|p2a: Electabuzz|Follow Me|p2a: Electabuzz
|-singleturn|p2a: Electabuzz|move: Follow Me
|move|p1b: Grimmsnarl|Spirit Break|p2a: Electabuzz
|-damage|p2a: Electabuzz|74/100
|-unboost|p2a: Electabuzz|spa|1
|move|p2b: Hydrapple|Breaking Swipe|p1a: Baxcalibur|[spread] 
|-activate|p1a: Baxcalibur|move: Protect
|-immune|p1b: Grimmsnarl
|
|-fieldend|move: Psychic Terrain
|upkeep
|turn|6
|
|t:|1756723827
|move|p2a: Electabuzz|Follow Me|p2a: Electabuzz
|-singleturn|p2a: Electabuzz|move: Follow Me
|move|p1a: Baxcalibur|Icicle Spear|p2a: Electabuzz
|-damage|p2a: Electabuzz|57/100
|-damage|p2a: Electabuzz|41/100
|-damage|p2a: Electabuzz|26/100
|-crit|p2a: Electabuzz
|-damage|p2a: Electabuzz|0 fnt
|faint|p2a: Electabuzz
|-hitcount|p2: Electabuzz|4
|move|p1b: Grimmsnarl|Spirit Break|p2b: Hydrapple
|-supereffective|p2b: Hydrapple
|-damage|p2b: Hydrapple|48/100
|-unboost|p2b: Hydrapple|spa|1
|move|p2b: Hydrapple|Fickle Beam|p1a: Baxcalibur
|-supereffective|p1a: Baxcalibur
|-damage|p1a: Baxcalibur|31/100
|
|upkeep
|turn|7
|-message|Mortipherus forfeited.
|
|win|1700 for rogue
||1700 for rogue is ready for game 2.
