|j|☆pressinblades
|j|☆Metaformina500
|html|pressinbladesMetaformina500    
|uhtml|bestof|Game 2 of a best-of-3
|t:|1782400943
|gametype|doubles
|player|p1|pressinblades|steven|1134
|player|p2|Metaformina500|juan|1180
|gen|9
|tier|[Gen 9 Champions] VGC 2026 Reg M-B (Bo3)
|rated|
|rule|Species Clause: Limit one of each Pokémon
|rule|Item Clause: Limit 1 of each item
|clearpoke
|poke|p1|Talonflame, L50, M|
|poke|p1|Garchomp, L50, F, shiny|
|poke|p1|Maushold, L50|
|poke|p1|Gardevoir, L50, M, shiny|
|poke|p1|Metagross, L50|
|poke|p1|Torkoal, L50, F|
|poke|p2|Swampert, L50, M|
|poke|p2|Pelipper, L50, F|
|poke|p2|Archaludon, L50, F|
|poke|p2|Venusaur, L50, F|
|poke|p2|Gholdengo, L50|
|poke|p2|Grimmsnarl, L50, M|
|teampreview|4
|showteam|p1|Talonflame||LifeOrb|GaleWings|Protect,DualWingbeat,Tailwind,Overheat|Naive||M|||50|]Garchomp||ExpertBelt|RoughSkin|Protect,RockSlide,Earthquake,DragonClaw|Adamant||F|||50|]Maushold||FocusSash|FriendGuard|Protect,SuperFang,PopulationBomb,FollowMe|Adamant|||||50|]Gardevoir||Gardevoirite|Telepathy|Protect,TrickRoom,HyperVoice,Psychic|Modest||M|||50|]Metagross||Metagrossite|ClearBody|Protect,MeteorMash,PsychicFangs,BulletPunch|Adamant|||||50|]Torkoal||Charcoal|Drought|Protect,Overheat,HeatWave,EarthPower|Quiet||F|||50|
|showteam|p2|Swampert||Swampertite|Torrent|WaveCrash,HighHorsepower,IcePunch,Protect|Adamant||M|||50|]Pelipper||FocusSash|Drizzle|WideGuard,Tailwind,WeatherBall,Hurricane|Modest||F|||50|]Archaludon||Leftovers|Stamina|Protect,FlashCannon,DragonPulse,ElectroShot|Modest||F|||50|]Venusaur||Venusaurite|Chlorophyll|Protect,GigaDrain,SludgeBomb,EarthPower|Modest||F|||50|]Gholdengo||LifeOrb|GoodasGold|Protect,NastyPlot,MakeItRain,ShadowBall|Modest|||||50|]Grimmsnarl||LightClay|Prankster|FoulPlay,LightScreen,Reflect,PartingShot|Careful||M|||50|
|
|t:|1782400970
|teamsize|p1|4
|teamsize|p2|4
|start
|switch|p1a: Talonflame|Talonflame, L50, M|100/100
|switch|p1b: Gardevoir|Gardevoir, L50, M, shiny|100/100
|switch|p2a: Swampert|Swampert, L50, M|100/100
|switch|p2b: Pelipper|Pelipper, L50, F|100/100
|-weather|RainDance|[from] ability: Drizzle|[of] p2b: Pelipper
|turn|1
|
|t:|1782401005
|switch|p1a: Torkoal|Torkoal, L50, F|100/100
|-weather|SunnyDay|[from] ability: Drought|[of] p1a: Torkoal
|detailschange|p2a: Swampert|Swampert-Mega, L50, M
|-mega|p2a: Swampert|Swampert|Swampertite
|detailschange|p1b: Gardevoir|Gardevoir-Mega, L50, M, shiny
|-mega|p1b: Gardevoir|Gardevoir|Gardevoirite
|move|p2b: Pelipper|Wide Guard|p2b: Pelipper
|-singleturn|p2b: Pelipper|Wide Guard
|move|p1b: Gardevoir|Psychic|p2b: Pelipper
|-enditem|p2b: Pelipper|Focus Sash
|-damage|p2b: Pelipper|1/100
|move|p2a: Swampert|High Horsepower|p1b: Gardevoir
|-damage|p1b: Gardevoir|28/100
|
|-weather|SunnyDay|[upkeep]
|upkeep
|turn|2
|
|t:|1782401033
|switch|p2b: Gholdengo|Gholdengo, L50|100/100
|switch|p1a: Talonflame|Talonflame, L50, M|100/100
|move|p1b: Gardevoir|Hyper Voice|p2b: Gholdengo|[spread] p2a,p2b
|-resisted|p2b: Gholdengo|1
|-damage|p2a: Swampert|54/100
|-damage|p2b: Gholdengo|69/100
|move|p2a: Swampert|High Horsepower|p1a: Talonflame
|-immune|p1a: Talonflame
|
|-weather|SunnyDay|[upkeep]
|upkeep
|turn|3
|
|t:|1782401054
|switch|p2b: Pelipper|Pelipper, L50, F|1/100
|-weather|RainDance|[from] ability: Drizzle|[of] p2b: Pelipper
|move|p1a: Talonflame|Protect|p1a: Talonflame
|-singleturn|p1a: Talonflame|Protect
|move|p1b: Gardevoir|Protect|p1b: Gardevoir
|-singleturn|p1b: Gardevoir|Protect
|move|p2a: Swampert|High Horsepower|p1b: Gardevoir
|-activate|p1b: Gardevoir|move: Protect
|
|-weather|RainDance|[upkeep]
|upkeep
|turn|4
|
|t:|1782401083
|switch|p2b: Archaludon|Archaludon, L50, F|100/100
|move|p1a: Talonflame|Tailwind|p1a: Talonflame
|-sidestart|p1: pressinblades|move: Tailwind
|move|p1b: Gardevoir|Psychic|p2a: Swampert
|-damage|p2a: Swampert|5/100
|move|p2a: Swampert|High Horsepower|p1b: Gardevoir
|-damage|p1b: Gardevoir|0 fnt
|faint|p1b: Gardevoir
|
|-weather|RainDance|[upkeep]
|upkeep
|
|t:|1782401093
|switch|p1b: Garchomp|Garchomp, L50, F, shiny|100/100
|turn|5
|
|t:|1782401113
|move|p2a: Swampert|Protect|p2a: Swampert
|-singleturn|p2a: Swampert|Protect
|move|p1a: Talonflame|Dual Wingbeat|p2a: Swampert
|-activate|p2a: Swampert|move: Protect
|move|p1b: Garchomp|Earthquake|p2a: Swampert|[spread] p2b
|-activate|p2a: Swampert|move: Protect
|-immune|p1a: Talonflame
|-supereffective|p2b: Archaludon|1
|-damage|p2b: Archaludon|23/100
|-ability|p2b: Archaludon|Stamina|boost
|-boost|p2b: Archaludon|def|1
|move|p2b: Archaludon|Electro Shot||[still]
|-prepare|p2b: Archaludon|Electro Shot
|-boost|p2b: Archaludon|spa|1
|-anim|p2b: Archaludon|Electro Shot|p1a: Talonflame
|-supereffective|p1a: Talonflame|1
|-damage|p1a: Talonflame|0 fnt
|faint|p1a: Talonflame
|
|-weather|RainDance|[upkeep]
|-heal|p2b: Archaludon|30/100|[from] item: Leftovers
|upkeep
|
|t:|1782401125
|switch|p1a: Torkoal|Torkoal, L50, F|100/100
|-weather|SunnyDay|[from] ability: Drought|[of] p1a: Torkoal
|turn|6
|
|t:|1782401143
|switch|p2a: Gholdengo|Gholdengo, L50|69/100
|move|p2b: Archaludon|Protect|p2b: Archaludon
|-singleturn|p2b: Archaludon|Protect
|move|p1b: Garchomp|Rock Slide|p2b: Archaludon|[spread] p2a
|-activate|p2b: Archaludon|move: Protect
|-resisted|p2a: Gholdengo|1
|-damage|p2a: Gholdengo|58/100
|move|p1a: Torkoal|Heat Wave|p2a: Gholdengo|[spread] p2a
|-activate|p2b: Archaludon|move: Protect
|-supereffective|p2a: Gholdengo|1
|-damage|p2a: Gholdengo|0 fnt
|faint|p2a: Gholdengo
|
|-weather|SunnyDay|[upkeep]
|-heal|p2b: Archaludon|36/100|[from] item: Leftovers
|upkeep
|
|t:|1782401151
|switch|p2a: Pelipper|Pelipper, L50, F|1/100
|-weather|RainDance|[from] ability: Drizzle|[of] p2a: Pelipper
|turn|7
|
|t:|1782401187
|move|p2a: Pelipper|Wide Guard|p2a: Pelipper
|-singleturn|p2a: Pelipper|Wide Guard
|move|p1b: Garchomp|Dragon Claw|p2b: Archaludon
|-damage|p2b: Archaludon|13/100
|-ability|p2b: Archaludon|Stamina|boost
|-boost|p2b: Archaludon|def|1
|move|p2b: Archaludon|Electro Shot||[still]
|-prepare|p2b: Archaludon|Electro Shot
|-boost|p2b: Archaludon|spa|1
|-anim|p2b: Archaludon|Electro Shot|p1a: Torkoal
|-damage|p1a: Torkoal|7/100
|move|p1a: Torkoal|Overheat|p2a: Pelipper
|-resisted|p2a: Pelipper|1
|-damage|p2a: Pelipper|0 fnt
|-unboost|p1a: Torkoal|spa|2
|faint|p2a: Pelipper
|
|-weather|RainDance|[upkeep]
|-heal|p2b: Archaludon|19/100|[from] item: Leftovers
|-sideend|p1: pressinblades|move: Tailwind
|upkeep
|
|t:|1782401200
|switch|p2a: Swampert|Swampert-Mega, L50, M|5/100
|turn|8
|
|t:|1782401213
|move|p2a: Swampert|Ice Punch|p1b: Garchomp
|-supereffective|p1b: Garchomp|2
|-damage|p1b: Garchomp|0 fnt
|-damage|p2a: Swampert|0 fnt|[from] ability: Rough Skin|[of] p1b: Garchomp
|faint|p1b: Garchomp
|faint|p2a: Swampert
|move|p2b: Archaludon|Dragon Pulse|p1a: Torkoal
|-damage|p1a: Torkoal|0 fnt
|faint|p1a: Torkoal
|
|win|Metaformina500
