|j|☆btb0811
|j|☆lolgz
|html|btb0811lolgz    
|uhtml|bestof|Game 2 of a best-of-3
|t:|1783325164
|gametype|doubles
|player|p1|btb0811|brycenman|1177
|player|p2|lolgz|dawn|1014
|gen|9
|tier|[Gen 9 Champions] VGC 2026 Reg M-B (Bo3)
|rated|
|rule|Species Clause: Limit one of each Pokémon
|rule|Item Clause: Limit 1 of each item
|clearpoke
|poke|p1|Mawile, L50, M, shiny|
|poke|p1|Farigiraf, L50, M, shiny|
|poke|p1|Whimsicott, L50, M, shiny|
|poke|p1|Garchomp, L50, F, shiny|
|poke|p1|Basculegion, L50, M|
|poke|p1|Charizard, L50, F, shiny|
|poke|p2|Scrafty, L50, M|
|poke|p2|Vivillon, L50, F|
|poke|p2|Incineroar, L50, F|
|poke|p2|Sinistcha, L50|
|poke|p2|Rotom-Wash, L50|
|poke|p2|Delphox, L50, M|
|teampreview|4
|showteam|p1|Mawile||Mawilite|HyperCutter|PlayRough,IronHead,SuckerPunch,Protect|Adamant||M|||50|]Farigiraf||SitrusBerry|ArmorTail|Psychic,Thunderbolt,HelpingHand,TrickRoom|Modest||M|||50|]Whimsicott||FocusSash|Prankster|Moonblast,Tailwind,Encore,Protect|Timid||M|||50|]Garchomp||LifeOrb|RoughSkin|RockSlide,DragonClaw,Earthquake,Protect|Jolly||F|||50|]Basculegion||MysticWater|Adaptability|WaveCrash,LastRespects,AquaJet,Protect|Adamant||M|||50|]Charizard||CharizarditeY|Blaze|HeatWave,WeatherBall,SolarBeam,Protect|Modest||F|||50|
|showteam|p2|Scrafty||Scraftinite|Intimidate|DrainPunch,KnockOff,Protect,DragonDance|Jolly||M|||50|]Vivillon||ChoiceScarf|CompoundEyes|SleepPowder,Hurricane,RagePowder,Tailwind|Timid||F|||50|]Incineroar||PasshoBerry|Intimidate|PartingShot,FakeOut,ThroatChop,FlareBlitz|Careful||F|||50|]Sinistcha||KasibBerry|Hospitality|MatchaGotcha,RagePowder,LifeDew,Protect|Serious|||||50|]Rotom-Wash||SitrusBerry|Levitate|HydroPump,WillOWisp,VoltSwitch,LightScreen|Modest|||||50|]Delphox||Delphoxite|Blaze|HeatWave,Psychic,Protect,NastyPlot|Timid||M|||50|
|inactive|Battle timer is ON: inactive players will automatically lose when time's up. (requested by lolgz)
|inactive|btb0811 also wants the timer to be on.
|
|t:|1783325186
|teamsize|p1|4
|teamsize|p2|4
|start
|switch|p1a: Ancalagon|Charizard, L50, F, shiny|100/100
|switch|p1b: Whimmy Scott|Whimsicott, L50, M, shiny|100/100
|switch|p2a: Vivillon|Vivillon, L50, F|100/100
|switch|p2b: Delphox|Delphox, L50, M|100/100
|turn|1
|
|t:|1783325199
|switch|p2a: Incineroar|Incineroar, L50, F|100/100
|-ability|p2a: Incineroar|Intimidate|boost
|-unboost|p1a: Ancalagon|atk|1
|-unboost|p1b: Whimmy Scott|atk|1
|detailschange|p2b: Delphox|Delphox-Mega, L50, M
|-mega|p2b: Delphox|Delphox|Delphoxite
|detailschange|p1a: Ancalagon|Charizard-Mega-Y, L50, F, shiny
|-mega|p1a: Ancalagon|Charizard|Charizardite Y
|-weather|SunnyDay|[from] ability: Drought|[of] p1a: Ancalagon
|move|p1b: Whimmy Scott|Tailwind|p1b: Whimmy Scott
|-sidestart|p1: btb0811|move: Tailwind
|move|p1a: Ancalagon|Heat Wave|p2a: Incineroar|[spread] p2a,p2b
|-resisted|p2a: Incineroar|1
|-resisted|p2b: Delphox|1
|-damage|p2a: Incineroar|73/100
|-damage|p2b: Delphox|71/100
|move|p2b: Delphox|Heat Wave|p1a: Ancalagon|[spread] p1a,p1b
|-resisted|p1a: Ancalagon|1
|-supereffective|p1b: Whimmy Scott|1
|-damage|p1a: Ancalagon|68/100
|-enditem|p1b: Whimmy Scott|Focus Sash
|-damage|p1b: Whimmy Scott|1/100
|
|-weather|SunnyDay|[upkeep]
|upkeep
|turn|2
|
|t:|1783325217
|move|p1b: Whimmy Scott|Moonblast|p2a: Incineroar
|-damage|p2a: Incineroar|47/100
|move|p1a: Ancalagon|Heat Wave|p2b: Delphox|[spread] p2a
|-miss|p1a: Ancalagon|p2b: Delphox
|-resisted|p2a: Incineroar|1
|-crit|p2a: Incineroar
|-damage|p2a: Incineroar|9/100
|move|p2b: Delphox|Heat Wave|p1a: Ancalagon|[spread] p1a,p1b
|-resisted|p1a: Ancalagon|1
|-supereffective|p1b: Whimmy Scott|1
|-damage|p1a: Ancalagon|41/100
|-damage|p1b: Whimmy Scott|0 fnt
|faint|p1b: Whimmy Scott
|move|p2a: Incineroar|Parting Shot|p1a: Ancalagon
|-unboost|p1a: Ancalagon|atk|1
|-unboost|p1a: Ancalagon|spa|1
|
|t:|1783325227
|switch|p2a: Rotom|Rotom-Wash, L50|100/100|[from] Parting Shot
|
|-weather|SunnyDay|[upkeep]
|upkeep
|
|t:|1783325230
|switch|p1b: Steve|Garchomp, L50, F, shiny|100/100
|turn|3
|
|t:|1783325233
|move|p2b: Delphox|Protect|p2b: Delphox
|-singleturn|p2b: Delphox|Protect
|move|p1b: Steve|Rock Slide|p2a: Rotom|[spread] p2a
|-activate|p2b: Delphox|move: Protect
|-damage|p2a: Rotom|75/100
|-damage|p1b: Steve|90/100|[from] item: Life Orb
|move|p1a: Ancalagon|Solar Beam||[still]
|-prepare|p1a: Ancalagon|Solar Beam
|-anim|p1a: Ancalagon|Solar Beam|p2a: Rotom
|-supereffective|p2a: Rotom|1
|-damage|p2a: Rotom|0 fnt
|faint|p2a: Rotom
|
|-weather|SunnyDay|[upkeep]
|upkeep
|
|t:|1783325244
|switch|p2a: Incineroar|Incineroar, L50, F|9/100
|-ability|p2a: Incineroar|Intimidate|boost
|-unboost|p1a: Ancalagon|atk|1
|-unboost|p1b: Steve|atk|1
|turn|4
|
|t:|1783325254
|switch|p1b: Basculegion|Basculegion, L50, M|100/100
|move|p2a: Incineroar|Fake Out|p1b: Basculegion
|-immune|p1b: Basculegion
|move|p1a: Ancalagon|Heat Wave|p2a: Incineroar|[spread] p2a,p2b
|-resisted|p2a: Incineroar|1
|-resisted|p2b: Delphox|1
|-damage|p2a: Incineroar|0 fnt
|-damage|p2b: Delphox|49/100
|faint|p2a: Incineroar
|move|p2b: Delphox|Heat Wave|p1b: Basculegion|[spread] p1b
|-miss|p2b: Delphox|p1a: Ancalagon
|-resisted|p1b: Basculegion|1
|-damage|p1b: Basculegion|65/100
|
|-weather|SunnyDay|[upkeep]
|-sideend|p1: btb0811|move: Tailwind
|upkeep
|
|t:|1783325267
|switch|p2a: Vivillon|Vivillon, L50, F|100/100
|turn|5
|
|t:|1783325275
|move|p2a: Vivillon|Sleep Powder|p1a: Ancalagon
|-status|p1a: Ancalagon|slp|[from] move: Sleep Powder
|move|p2b: Delphox|Psychic|p1b: Basculegion
|-damage|p1b: Basculegion|5/100
|cant|p1a: Ancalagon|slp
|move|p1b: Basculegion|Last Respects|p2b: Delphox
|-supereffective|p2b: Delphox|1
|-damage|p2b: Delphox|0 fnt
|faint|p2b: Delphox
|
|-weather|none
|upkeep
|turn|6
|-message|lolgz forfeited.
|
|win|btb0811
