|j|☆Zero_BlazeVGC
|j|☆dont make me walk
|html|Zero_BlazeVGCdont make me walk    
|uhtml|bestof|Game 3 of a best-of-3
|t:|1755547198
|gametype|doubles
|player|p1|Zero_BlazeVGC|flint|1290
|player|p2|dont make me walk|red-masters3|1360
|gen|9
|tier|[Gen 9] VGC 2025 Reg H (Bo3)
|rated|
|rule|Species Clause: Limit one of each Pokémon
|rule|Item Clause: Limit 1 of each item
|clearpoke
|poke|p1|Gholdengo, L50|
|poke|p1|Pelipper, L50, M|
|poke|p1|Basculegion, L50, M|
|poke|p1|Amoonguss, L50, F|
|poke|p1|Archaludon, L50, M|
|poke|p1|Incineroar, L50, M|
|poke|p2|Murkrow, L50, F|
|poke|p2|Indeedee-F, L50, F|
|poke|p2|Ursaluna-Bloodmoon, L50, M|
|poke|p2|Armarouge, L50, F|
|poke|p2|Gholdengo, L50|
|poke|p2|Annihilape, L50, F|
|teampreview|4
|showteam|p1|Gholdengo||LifeOrb|GoodasGold|Protect,NastyPlot,MakeItRain,ShadowBall||||||50|,,,,,Water]Pelipper||FocusSash|Drizzle|Protect,Tailwind,WeatherBall,Hurricane|||M|||50|,,,,,Stellar]Basculegion||ChoiceBand|SwiftSwim|AquaJet,WaveCrash,FlipTurn,LastRespects|||M|||50|,,,,,Fairy]Amoonguss||SitrusBerry|Regenerator|PollenPuff,Spore,RagePowder,Protect|||F|||50|,,,,,Fairy]Archaludon||AssaultVest|Stamina|ElectroShot,Snarl,FlashCannon,BodyPress|||M|||50|,,,,,Bug]Incineroar||SafetyGoggles|Intimidate|FakeOut,KnockOff,PartingShot,Taunt|||M|||50|,,,,,Ghost
|showteam|p2|Murkrow||Eviolite|Prankster|Tailwind,FoulPlay,Haze,SunnyDay|||F|||50|,,,,,Ghost]Indeedee-F||RockyHelmet|PsychicSurge|FollowMe,TrickRoom,HelpingHand,Psychic|||F|||50|,,,,,Fairy]Ursaluna-Bloodmoon||LifeOrb|MindsEye|Protect,EarthPower,HyperVoice,BloodMoon|||M|||50|,,,,,Normal]Armarouge||PowerHerb|FlashFire|Protect,MeteorBeam,HeatWave,ExpandingForce|||F|||50|,,,,,Grass]Gholdengo||ChoiceSpecs|GoodasGold|MakeItRain,ShadowBall,Protect,Trick||||||50|,,,,,Steel]Annihilape||SafetyGoggles|Defiant|CloseCombat,FinalGambit,RageFist,Taunt|||F|||50|,,,,,Fire
|inactive|Battle timer is ON: inactive players will automatically lose when time's up. (requested by dont make me walk)
|inactive|dont make me walk has 60 seconds left.
|inactive|Zero_BlazeVGC has 60 seconds left.
|
|t:|1755547239
|teamsize|p1|4
|teamsize|p2|4
|start
|switch|p1a: Omega|Gholdengo, L50|100/100
|switch|p1b: Berry Delite|Pelipper, L50, M|100/100
|switch|p2a: Murkrow|Murkrow, L50, F, shiny|100/100
|switch|p2b: Ursaluna|Ursaluna-Bloodmoon, L50, M|100/100
|-weather|RainDance|[from] ability: Drizzle|[of] p1b: Berry Delite
|turn|1
|inactive|Zero_BlazeVGC has 30 seconds left.
|inactive|Zero_BlazeVGC has 20 seconds left.
|
|t:|1755547278
|-terastallize|p2b: Ursaluna|Normal
|move|p1a: Omega|Protect|p1a: Omega
|-singleturn|p1a: Omega|Protect
|move|p1b: Berry Delite|Tailwind|p1b: Berry Delite
|-sidestart|p1: Zero_BlazeVGC|move: Tailwind
|move|p2a: Murkrow|Foul Play|p1b: Berry Delite
|-damage|p1b: Berry Delite|78/100
|move|p2b: Ursaluna|Hyper Voice|p1a: Omega|[spread] p1b
|-activate|p1a: Omega|move: Protect
|-damage|p1b: Berry Delite|0 fnt
|faint|p1b: Berry Delite
|-damage|p2b: Ursaluna|91/100|[from] item: Life Orb
|
|-weather|RainDance|[upkeep]
|upkeep
|
|t:|1755547295
|switch|p1b: Incineroar|Incineroar, L50, M|100/100
|-ability|p1b: Incineroar|Intimidate|boost
|-unboost|p2a: Murkrow|atk|1
|-unboost|p2b: Ursaluna|atk|1
|turn|2
|inactive|Zero_BlazeVGC has 30 seconds left.
|
|t:|1755547328
|switch|p2b: Annihilape|Annihilape, L50, F, shiny|100/100
|move|p2a: Murkrow|Tailwind|p2a: Murkrow
|-sidestart|p2: dont make me walk|move: Tailwind
|move|p1a: Omega|Nasty Plot|p1a: Omega
|-boost|p1a: Omega|spa|2
|move|p1b: Incineroar|Knock Off|p2b: Annihilape
|-damage|p2b: Annihilape|59/100
|-enditem|p2b: Annihilape|Safety Goggles|[from] move: Knock Off|[of] p1b: Incineroar
|
|-weather|RainDance|[upkeep]
|upkeep
|turn|3
|inactive|Zero_BlazeVGC has 30 seconds left.
|inactive|Zero_BlazeVGC has 20 seconds left.
|inactive|Zero_BlazeVGC has 15 seconds left.
|
|t:|1755547370
|move|p2a: Murkrow|Haze|p2a: Murkrow
|-clearallboost
|move|p2b: Annihilape|Close Combat|p1b: Incineroar
|-supereffective|p1b: Incineroar
|-damage|p1b: Incineroar|14/100
|-unboost|p2b: Annihilape|def|1
|-unboost|p2b: Annihilape|spd|1
|move|p1a: Omega|Make It Rain|p2a: Murkrow|[spread] p2a,p2b
|-damage|p2a: Murkrow|35/100
|-damage|p2b: Annihilape|0 fnt
|-unboost|p1a: Omega|spa|1
|faint|p2b: Annihilape
|-damage|p1a: Omega|91/100|[from] item: Life Orb
|move|p1b: Incineroar|Knock Off|p2a: Murkrow
|-resisted|p2a: Murkrow
|-damage|p2a: Murkrow|15/100
|-enditem|p2a: Murkrow|Eviolite|[from] move: Knock Off|[of] p1b: Incineroar
|
|-weather|RainDance|[upkeep]
|upkeep
|
|t:|1755547383
|switch|p2b: Ursaluna|Ursaluna-Bloodmoon, L50, M, tera:Normal|91/100
|turn|4
|
|t:|1755547399
|move|p1a: Omega|Make It Rain|p2b: Ursaluna|[spread] p2a,p2b
|-damage|p2a: Murkrow|0 fnt
|-damage|p2b: Ursaluna|44/100
|-unboost|p1a: Omega|spa|1
|faint|p2a: Murkrow
|-damage|p1a: Omega|81/100|[from] item: Life Orb
|move|p1b: Incineroar|Knock Off|p2b: Ursaluna
|-damage|p2b: Ursaluna|15/100
|-enditem|p2b: Ursaluna|Life Orb|[from] move: Knock Off|[of] p1b: Incineroar
|move|p2b: Ursaluna|Hyper Voice|p1b: Incineroar|[spread] p1a,p1b
|-resisted|p1a: Omega
|-damage|p1a: Omega|52/100
|-damage|p1b: Incineroar|0 fnt
|faint|p1b: Incineroar
|
|-weather|RainDance|[upkeep]
|-sideend|p1: Zero_BlazeVGC|move: Tailwind
|upkeep
|
|t:|1755547413
|switch|p1b: Metalman|Archaludon, L50, M|100/100
|switch|p2a: Indeedee|Indeedee-F, L50, F|100/100
|-fieldstart|move: Psychic Terrain|[from] ability: Psychic Surge|[of] p2a: Indeedee
|turn|5
|inactive|Zero_BlazeVGC has 30 seconds left.
|inactive|Zero_BlazeVGC has 20 seconds left.
|
|t:|1755547451
|-terastallize|p1b: Metalman|Bug
|move|p2a: Indeedee|Follow Me|p2a: Indeedee
|-singleturn|p2a: Indeedee|move: Follow Me
|move|p2b: Ursaluna|Earth Power|p1a: Omega
|-supereffective|p1a: Omega
|-crit|p1a: Omega
|-damage|p1a: Omega|0 fnt
|faint|p1a: Omega
|move|p1b: Metalman|Snarl|p2b: Ursaluna|[spread] p2a,p2b
|-supereffective|p2a: Indeedee
|-damage|p2a: Indeedee|75/100
|-damage|p2b: Ursaluna|0 fnt
|-unboost|p2a: Indeedee|spa|1
|faint|p2b: Ursaluna
|
|-weather|none
|-sideend|p2: dont make me walk|move: Tailwind
|upkeep
|turn|6
|
|t:|1755547465
|move|p1b: Metalman|Flash Cannon|p2a: Indeedee
|-crit|p2a: Indeedee
|-damage|p2a: Indeedee|20/100
|move|p2a: Indeedee|Psychic|p1b: Metalman
|-damage|p1b: Metalman|80/100
|-ability|p1b: Metalman|Stamina|boost
|-boost|p1b: Metalman|def|1
|
|upkeep
|turn|7
|-message|dont make me walk forfeited.
|
|win|Zero_BlazeVGC
|raw|Zero_BlazeVGC's rating: 1290 → 1320(+30 for winning)
|raw|dont make me walk's rating: 1360 → 1336(-24 for losing)
|l|☆dont make me walk
|player|p2|
