|j|☆Rafax
|j|☆JasonButtholz
|html|RafaxJasonButtholz    
|uhtml|bestof|Game 2 of a best-of-3
|t:|1756597948
|gametype|doubles
|player|p1|Rafax|preschooler|1164
|player|p2|JasonButtholz|170|1011
|gen|9
|tier|[Gen 9] VGC 2025 Reg H (Bo3)
|rated|
|rule|Species Clause: Limit one of each Pokémon
|rule|Item Clause: Limit 1 of each item
|clearpoke
|poke|p1|Indeedee-F, L50, F|
|poke|p1|Delphox, L50, F|
|poke|p1|Mienshao, L50, F|
|poke|p1|Murkrow, L50, M|
|poke|p1|Basculegion, L50, M|
|poke|p1|Sneasler, L50, M|
|poke|p2|Farigiraf, L50, M|
|poke|p2|Archaludon, L50, M|
|poke|p2|Incineroar, L50, M|
|poke|p2|Whimsicott, L50, F|
|poke|p2|Kingambit, L50, M|
|poke|p2|Primarina, L50, F|
|teampreview|4
|showteam|p1|Indeedee-F||SafetyGoggles|PsychicSurge|Imprison,FollowMe,HelpingHand,TrickRoom|||F|||50|,,,,,Fairy]Delphox||LifeOrb|Blaze|ExpandingForce,HeatWave,FocusBlast,Protect|||F|||50|,,,,,Psychic]Mienshao||FocusSash|InnerFocus|DrainPunch,KnockOff,Taunt,WideGuard|||F|||50|,,,,,Dark]Murkrow||Eviolite|Prankster|FoulPlay,Tailwind,Haze,SunnyDay|||M|||50|,,,,,Ghost]Basculegion||ChoiceScarf|Adaptability|WaveCrash,FlipTurn,LastRespects,TeraBlast|||M|||50|,,,,,Grass]Sneasler||PsychicSeed|Unburden|CloseCombat,DireClaw,Acrobatics,Protect|||M|||50|,,,,,Flying
|showteam|p2|Farigiraf||ThroatSpray|CudChew|TrickRoom,HelpingHand,HyperVoice,Protect|||M|||50|,,,,,Poison]Archaludon||AssaultVest|Stamina|BodyPress,AuraSphere,FlashCannon,Thunderbolt|||M|||50|,,,,,Poison]Incineroar||SafetyGoggles|Intimidate|FlareBlitz,KnockOff,PartingShot,FakeOut|||M|||50|,,,,,Ghost]Whimsicott||CovertCloak|Prankster|Tailwind,Moonblast,Protect,Taunt|||F|||50|,,,,,Steel]Kingambit||ClearAmulet|SupremeOverlord|Protect,KowtowCleave,SuckerPunch,SwordsDance|||M|||50|,,,,,Poison]Primarina||MysticWater|LiquidVoice|HyperVoice,Moonblast,Protect,PerishSong|||F|||50|,,,,,Grass
|inactive|Battle timer is ON: inactive players will automatically lose when time's up. (requested by Rafax)
|
|t:|1756597996
|teamsize|p1|4
|teamsize|p2|4
|start
|switch|p1a: Indeedee|Indeedee-F, L50, F, shiny|100/100
|switch|p1b: Sneasler|Sneasler, L50, M|100/100
|switch|p2a: Farigiraf|Farigiraf, L50, M|100/100
|switch|p2b: Kingambit|Kingambit, L50, M|100/100
|-fieldstart|move: Psychic Terrain|[from] ability: Psychic Surge|[of] p1a: Indeedee
|-enditem|p1b: Sneasler|Psychic Seed
|-boost|p1b: Sneasler|spd|1|[from] item: Psychic Seed
|turn|1
|inactive|JasonButtholz has 30 seconds left.
|
|t:|1756598023
|-terastallize|p2b: Kingambit|Poison
|move|p2b: Kingambit|Sucker Punch|p1b: Sneasler
|-activate|p1b: Sneasler|move: Psychic Terrain
|move|p1b: Sneasler|Close Combat|p2b: Kingambit
|-resisted|p2b: Kingambit
|-damage|p2b: Kingambit|72/100
|-unboost|p1b: Sneasler|def|1
|-unboost|p1b: Sneasler|spd|1
|move|p1a: Indeedee|Imprison|p1a: Indeedee
|-start|p1a: Indeedee|move: Imprison
|move|p2a: Farigiraf|Hyper Voice|p1b: Sneasler|[spread] p1a,p1b
|-damage|p1a: Indeedee|67/100
|-damage|p1b: Sneasler|61/100
|-enditem|p2a: Farigiraf|Throat Spray
|-boost|p2a: Farigiraf|spa|1|[from] item: Throat Spray
|
|upkeep
|turn|2
|inactive|Rafax has 30 seconds left.
|inactive|JasonButtholz has 30 seconds left.
|inactive|JasonButtholz has 20 seconds left.
|inactive|Rafax has 20 seconds left.
|inactive|Rafax has 15 seconds left.
|inactive|Rafax has 10 seconds left.
|
|t:|1756598083
|-terastallize|p1b: Sneasler|Flying
|move|p1a: Indeedee|Helping Hand|p1b: Sneasler
|-singleturn|p1b: Sneasler|Helping Hand|[of] p1a: Indeedee
|move|p2b: Kingambit|Sucker Punch|p1b: Sneasler
|-hint|Psychic Terrain doesn't affect Pokémon immune to Ground.
|-crit|p1b: Sneasler
|-damage|p1b: Sneasler|0 fnt
|faint|p1b: Sneasler
|move|p2a: Farigiraf|Hyper Voice|p1a: Indeedee
|-damage|p1a: Indeedee|0 fnt
|faint|p1a: Indeedee
|
|upkeep
|
|t:|1756598090
|switch|p1b: Delphox|Delphox, L50, F|100/100
|switch|p1a: Basculegion|Basculegion, L50, M|100/100
|turn|3
|inactive|JasonButtholz has 30 seconds left.
|
|t:|1756598124
|move|p2b: Kingambit|Sucker Punch|p1a: Basculegion
|-activate|p1a: Basculegion|move: Psychic Terrain
|move|p1a: Basculegion|Wave Crash|p2a: Farigiraf
|-damage|p2a: Farigiraf|24/100
|-damage|p1a: Basculegion|73/100|[from] Recoil
|move|p1b: Delphox|Expanding Force|p2a: Farigiraf|[spread] p2a,p2b
|-resisted|p2a: Farigiraf
|-supereffective|p2b: Kingambit
|-damage|p2a: Farigiraf|0 fnt
|-damage|p2b: Kingambit|0 fnt
|faint|p2a: Farigiraf
|faint|p2b: Kingambit
|-end|p2b: Kingambit|fallenundefined|[silent]
|-damage|p1b: Delphox|90/100|[from] item: Life Orb
|
|upkeep
|
|t:|1756598137
|switch|p2a: Archaludon|Archaludon, L50, M|100/100
|switch|p2b: Primarina|Primarina, L50, F|100/100
|turn|4
|
|t:|1756598156
|move|p1a: Basculegion|Wave Crash|p2b: Primarina
|-resisted|p2b: Primarina
|-damage|p2b: Primarina|56/100
|-damage|p1a: Basculegion|60/100|[from] Recoil
|move|p1b: Delphox|Expanding Force|p2a: Archaludon|[spread] p2a,p2b
|-resisted|p2a: Archaludon
|-damage|p2a: Archaludon|69/100
|-damage|p2b: Primarina|0 fnt
|-ability|p2a: Archaludon|Stamina|boost
|-boost|p2a: Archaludon|def|1
|faint|p2b: Primarina
|-damage|p1b: Delphox|80/100|[from] item: Life Orb
|move|p2a: Archaludon|Thunderbolt|p1a: Basculegion
|-supereffective|p1a: Basculegion
|-damage|p1a: Basculegion|0 fnt
|faint|p1a: Basculegion
|
|upkeep
|turn|5
|inactive|JasonButtholz has 30 seconds left.
|
|t:|1756598188
|move|p1b: Delphox|Focus Blast|p2a: Archaludon|[miss]
|-miss|p1b: Delphox|p2a: Archaludon
|move|p2a: Archaludon|Thunderbolt|p1b: Delphox
|-damage|p1b: Delphox|42/100
|
|-fieldend|move: Psychic Terrain
|upkeep
|turn|6
|
|t:|1756598197
|move|p1b: Delphox|Focus Blast|p2a: Archaludon
|-supereffective|p2a: Archaludon
|-damage|p2a: Archaludon|0 fnt
|faint|p2a: Archaludon
|-damage|p1b: Delphox|32/100|[from] item: Life Orb
|
|win|Rafax
|raw|Rafax's rating: 1164 → 1179(+15 for winning)
|raw|JasonButtholz's rating: 1011 → 1004(-7 for losing)
