|j|☆Kefka2.02
|j|☆PixelJaguar
|html|Kefka2.02PixelJaguar    
|uhtml|bestof|Game 1 of a best-of-3
|t:|1785769216
|gametype|doubles
|player|p1|Kefka2.02|steven|1000
|player|p2|PixelJaguar|brycen|1070
|gen|9
|tier|[Gen 9 Champions] VGC 2026 Reg M-B (Bo3)
|rated|
|rule|Species Clause: Limit one of each Pokémon
|rule|Item Clause: Limit 1 of each item
|clearpoke
|poke|p1|Reuniclus, L50, F|
|poke|p1|Musharna, L50, F|
|poke|p1|Slowbro, L50, M|
|poke|p1|Torkoal, L50, F|
|poke|p1|Scovillain, L50, M|
|poke|p1|Scrafty, L50, M|
|poke|p2|Staraptor, L50, M|
|poke|p2|Metagross, L50|
|poke|p2|Farigiraf, L50, F|
|poke|p2|Whimsicott, L50, M|
|poke|p2|Garchomp, L50, F|
|poke|p2|Ceruledge, L50, F|
|teampreview|4
|showteam|p1|Reuniclus||LifeOrb|MagicGuard|Psychic,FlashCannon,CalmMind,Protect|Modest||F|||50|]Musharna||Leftovers|Forewarn|Psychic,TrickRoom,HelpingHand,Protect|Quiet||F|||50|]Slowbro||Slowbronite|Regenerator|BodyPress,IronDefense,Scald,Protect|Modest||M|||50|]Torkoal||Charcoal|Drought|WeatherBall,Eruption,ClearSmog,Protect|Modest||F|||50|]Scovillain||Scovillainite|Chlorophyll|RagePowder,SolarBeam,SpicyExtract,Flamethrower|Modest||M|||50|]Scrafty||Scraftinite|Intimidate|CloseCombat,KnockOff,FakeOut,Protect|Brave||M|||50|
|showteam|p2|Staraptor||Staraptite|Intimidate|CloseCombat,BraveBird,Protect,Roost|Jolly||M|||50|]Metagross||Metagrossite|ClearBody|Protect,IronHead,PsychicFangs,StompingTantrum|Adamant|||||50|]Farigiraf||SitrusBerry|ArmorTail|HelpingHand,Psychic,Thunderbolt,TrickRoom|Calm||F|||50|]Whimsicott||FocusSash|Prankster|Moonblast,Tailwind,Charm,Encore|Timid||M|||50|]Garchomp||LifeOrb|RoughSkin|Protect,StompingTantrum,RockSlide,DragonClaw|Jolly||F|||50|]Ceruledge||ColburBerry|FlashFire|Protect,ShadowSneak,BulkUp,BitterBlade|Adamant||F|||50|
|
|t:|1785769275
|teamsize|p1|4
|teamsize|p2|4
|start
|switch|p1a: Musharna|Musharna, L50, F|100/100
|switch|p1b: Slowbro|Slowbro, L50, M|100/100
|switch|p2a: Garchomp|Garchomp, L50, F|100/100
|switch|p2b: Big Bird|Staraptor, L50, M|100/100
|-ability|p2b: Big Bird|Intimidate|boost
|-unboost|p1a: Musharna|atk|1
|-unboost|p1b: Slowbro|atk|1
|-activate|p1a: Musharna|ability: Forewarn|Brave Bird|[of] p2b: Big Bird
|turn|1
|
|t:|1785769306
|detailschange|p2b: Big Bird|Staraptor-Mega, L50, M
|-mega|p2b: Big Bird|Staraptor|Staraptite
|move|p2b: Big Bird|Close Combat|p1a: Musharna
|-resisted|p1a: Musharna|1
|-damage|p1a: Musharna|79/100
|-boost|p2b: Big Bird|def|1
|-boost|p2b: Big Bird|spd|1
|move|p2a: Garchomp|Rock Slide|p1a: Musharna|[spread] p1a,p1b
|-damage|p1a: Musharna|58/100
|-damage|p1b: Slowbro|77/100
|-damage|p2a: Garchomp|90/100|[from] item: Life Orb
|move|p1b: Slowbro|Iron Defense|p1b: Slowbro
|-boost|p1b: Slowbro|def|2
|move|p1a: Musharna|Trick Room|p1a: Musharna
|-fieldstart|move: Trick Room|[of] p1a: Musharna
|
|-heal|p1a: Musharna|64/100|[from] item: Leftovers
|upkeep
|turn|2
|
|t:|1785769337
|detailschange|p1b: Slowbro|Slowbro-Mega, L50, M
|-mega|p1b: Slowbro|Slowbro|Slowbronite
|move|p1a: Musharna|Psychic|p2b: Big Bird
|-supereffective|p2b: Big Bird|1
|-damage|p2b: Big Bird|42/100
|move|p1b: Slowbro|Iron Defense|p1b: Slowbro
|-boost|p1b: Slowbro|def|2
|move|p2a: Garchomp|Rock Slide|p1a: Musharna|[spread] p1a,p1b
|-damage|p1a: Musharna|41/100
|-damage|p1b: Slowbro|72/100
|-damage|p2a: Garchomp|80/100|[from] item: Life Orb
|move|p2b: Big Bird|Close Combat|p1a: Musharna
|-resisted|p1a: Musharna|1
|-damage|p1a: Musharna|19/100
|-boost|p2b: Big Bird|def|1
|-boost|p2b: Big Bird|spd|1
|
|-heal|p1a: Musharna|25/100|[from] item: Leftovers
|upkeep
|turn|3
|
|t:|1785769356
|move|p2a: Garchomp|Protect|p2a: Garchomp
|-singleturn|p2a: Garchomp|Protect
|move|p2b: Big Bird|Protect|p2b: Big Bird
|-singleturn|p2b: Big Bird|Protect
|move|p1a: Musharna|Psychic|p2b: Big Bird
|-activate|p2b: Big Bird|move: Protect
|move|p1b: Slowbro|Body Press|p2a: Garchomp
|-activate|p2a: Garchomp|move: Protect
|
|-heal|p1a: Musharna|31/100|[from] item: Leftovers
|upkeep
|turn|4
|
|t:|1785769375
|move|p1a: Musharna|Psychic|p2b: Big Bird
|-supereffective|p2b: Big Bird|1
|-damage|p2b: Big Bird|0 fnt
|faint|p2b: Big Bird
|move|p1b: Slowbro|Body Press|p2a: Garchomp
|-damage|p2a: Garchomp|0 fnt
|-damage|p1b: Slowbro|60/100|[from] ability: Rough Skin|[of] p2a: Garchomp
|faint|p2a: Garchomp
|
|-heal|p1a: Musharna|37/100|[from] item: Leftovers
|upkeep
|
|t:|1785769385
|switch|p2a: Whimsicott|Whimsicott, L50, M|100/100
|switch|p2b: Ceruledge|Ceruledge, L50, F|100/100
|turn|5
|
|t:|1785769413
|switch|p1a: Scovillain|Scovillain, L50, M|100/100
|move|p2b: Ceruledge|Shadow Sneak|p1a: Scovillain
|-damage|p1a: Scovillain|69/100
|move|p2a: Whimsicott|Tailwind|p2a: Whimsicott
|-sidestart|p2: PixelJaguar|move: Tailwind
|move|p1b: Slowbro|Scald|p2b: Ceruledge
|-supereffective|p2b: Ceruledge|1
|-damage|p2b: Ceruledge|16/100
|
|-fieldend|move: Trick Room
|upkeep
|turn|6
|
|t:|1785769446
|move|p2b: Ceruledge|Shadow Sneak|p1a: Scovillain
|-damage|p1a: Scovillain|36/100
|move|p2a: Whimsicott|Moonblast|p1b: Slowbro
|-damage|p1b: Slowbro|20/100y
|move|p1a: Scovillain|Flamethrower|p2a: Whimsicott
|-supereffective|p2a: Whimsicott|1
|-enditem|p2a: Whimsicott|Focus Sash
|-damage|p2a: Whimsicott|1/100
|move|p1b: Slowbro|Scald|p2b: Ceruledge
|-supereffective|p2b: Ceruledge|1
|-damage|p2b: Ceruledge|0 fnt
|faint|p2b: Ceruledge
|
|upkeep
|turn|7
|
|t:|1785769466
|move|p2a: Whimsicott|Moonblast|p1b: Slowbro
|-damage|p1b: Slowbro|0 fnt
|faint|p1b: Slowbro
|move|p1a: Scovillain|Flamethrower|p2a: Whimsicott
|-supereffective|p2a: Whimsicott|1
|-damage|p2a: Whimsicott|0 fnt
|faint|p2a: Whimsicott
|
|win|Kefka2.02
||PixelJaguar is ready for game 2.
