|j|☆teyvgc
|j|☆Rickopher
|html|teyvgcRickopher    
|uhtml|bestof|Game 2 of a best-of-3
|t:|1782612865
|gametype|doubles
|player|p1|teyvgc|rood|1147
|player|p2|Rickopher|scientist|1223
|gen|9
|tier|[Gen 9 Champions] VGC 2026 Reg M-B (Bo3)
|rated|
|rule|Species Clause: Limit one of each Pokémon
|rule|Item Clause: Limit 1 of each item
|clearpoke
|poke|p1|Houndstone, L50, M|
|poke|p1|Tyranitar, L50, F|
|poke|p1|Incineroar, L50, F|
|poke|p1|Farigiraf, L50, F, shiny|
|poke|p1|Garchomp, L50, M, shiny|
|poke|p1|Gholdengo, L50|
|poke|p2|Grimmsnarl, L50, M, shiny|
|poke|p2|Swampert, L50, F|
|poke|p2|Pelipper, L50, F, shiny|
|poke|p2|Archaludon, L50, F|
|poke|p2|Sinistcha, L50|
|poke|p2|Metagross, L50, shiny|
|teampreview|4
|showteam|p1|Houndstone||FocusSash|SandRush|PsychicFangs,StompingTantrum,LastRespects,Protect|Adamant||M|||50|]Tyranitar||Tyranitarite|SandStream|RockSlide,KnockOff,LowKick,Protect|Adamant||F|||50|]Incineroar||PasshoBerry|Intimidate|FlareBlitz,DarkestLariat,FakeOut,PartingShot|Adamant||F|||50|]Farigiraf||TwistedSpoon|ArmorTail|HyperVoice,TwinBeam,TrickRoom,HelpingHand|Quiet||F|||50|]Garchomp||Garchompite|RoughSkin|StompingTantrum,DragonClaw,RockSlide,Protect|Brave||M|||50|]Gholdengo||ChoiceScarf|GoodasGold|MakeItRain,ShadowBall,Trick,PowerGem|Timid|||||50|
|showteam|p2|Grimmsnarl||LightClay|Prankster|FoulPlay,PartingShot,Reflect,LightScreen|Calm||M|||50|]Swampert||Swampertite|Damp|WaveCrash,Earthquake,IcePunch,Protect|Adamant||F|||50|]Pelipper||SitrusBerry|Drizzle|Hurricane,WeatherBall,Tailwind,WideGuard|Modest||F|||50|]Archaludon||Leftovers|Stamina|ElectroShot,DragonPulse,FlashCannon,Protect|Modest||F|||50|]Sinistcha||CobaBerry|Hospitality|MatchaGotcha,RagePowder,TrickRoom,Protect|Relaxed|||||50|]Metagross||Metagrossite|ClearBody|IronHead,PsychicFangs,BodyPress,Protect|Jolly|||||50|
|
|t:|1782612882
|teamsize|p1|4
|teamsize|p2|4
|start
|switch|p1a: Incineroar|Incineroar, L50, F|100/100
|switch|p1b: Gholdengo|Gholdengo, L50|100/100
|switch|p2a: Grimmsnarl|Grimmsnarl, L50, M, shiny|100/100
|switch|p2b: Archaludon|Archaludon, L50, F|100/100
|-ability|p1a: Incineroar|Intimidate|boost
|-unboost|p2a: Grimmsnarl|atk|1
|-unboost|p2b: Archaludon|atk|1
|turn|1
|
|t:|1782612904
|move|p2b: Archaludon|Protect|p2b: Archaludon
|-singleturn|p2b: Archaludon|Protect
|move|p2a: Grimmsnarl|Light Screen|p2a: Grimmsnarl
|-sidestart|p2: Rickopher|move: Light Screen
|move|p1b: Gholdengo|Make It Rain|p2a: Grimmsnarl|[spread] p2a
|-activate|p2b: Archaludon|move: Protect
|-supereffective|p2a: Grimmsnarl|1
|-damage|p2a: Grimmsnarl|44/100
|-unboost|p1b: Gholdengo|spa|2
|move|p1a: Incineroar|Parting Shot|p2b: Archaludon
|-activate|p2b: Archaludon|move: Protect
|
|upkeep
|turn|2
|
|t:|1782612929
|move|p2a: Grimmsnarl|Reflect|p2a: Grimmsnarl
|-sidestart|p2: Rickopher|Reflect
|move|p1b: Gholdengo|Make It Rain|p2a: Grimmsnarl|[spread] 
|-miss|p1b: Gholdengo|p2a: Grimmsnarl
|-miss|p1b: Gholdengo|p2b: Archaludon
|move|p2b: Archaludon|Dragon Pulse|p1a: Incineroar
|-crit|p1a: Incineroar
|-damage|p1a: Incineroar|43/100
|move|p1a: Incineroar|Parting Shot|p2b: Archaludon
|-unboost|p2b: Archaludon|atk|1
|-unboost|p2b: Archaludon|spa|1
|
|t:|1782612944
|switch|p1a: Houndstone|Houndstone, L50, M|100/100|[from] Parting Shot
|
|upkeep
|turn|3
|
|t:|1782612962
|switch|p2b: Pelipper|Pelipper, L50, F, shiny|100/100
|-weather|RainDance|[from] ability: Drizzle|[of] p2b: Pelipper
|move|p2a: Grimmsnarl|Parting Shot|p1b: Gholdengo
|-immune|p1b: Gholdengo|[from] ability: Good as Gold
|move|p1b: Gholdengo|Make It Rain|p2a: Grimmsnarl|[spread] p2a,p2b
|-supereffective|p2a: Grimmsnarl|1
|-resisted|p2b: Pelipper|1
|-damage|p2a: Grimmsnarl|16/100
|-damage|p2b: Pelipper|91/100
|-unboost|p1b: Gholdengo|spa|2
|move|p1a: Houndstone|Psychic Fangs|p2b: Pelipper
|-sideend|p2: Rickopher|Reflect
|-sideend|p2: Rickopher|move: Light Screen
|-damage|p2b: Pelipper|64/100
|
|-weather|RainDance|[upkeep]
|upkeep
|turn|4
|
|t:|1782613003
|switch|p1b: Tyranitar|Tyranitar, L50, F|100/100
|-weather|Sandstorm|[from] ability: Sand Stream|[of] p1b: Tyranitar
|move|p2a: Grimmsnarl|Parting Shot|p1a: Houndstone
|-unboost|p1a: Houndstone|atk|1
|-unboost|p1a: Houndstone|spa|1
|
|t:|1782613016
|switch|p2a: Swampert|Swampert, L50, F|100/100|[from] Parting Shot
|move|p1a: Houndstone|Stomping Tantrum|p2a: Swampert
|-damage|p2a: Swampert|83/100
|move|p2b: Pelipper|Hurricane|p1a: Houndstone
|-damage|p1a: Houndstone|49/100
|
|-weather|Sandstorm|[upkeep]
|-damage|p2b: Pelipper|58/100|[from] Sandstorm
|upkeep
|turn|5
|
|t:|1782613046
|switch|p1a: Incineroar|Incineroar, L50, F|43/100
|-ability|p1a: Incineroar|Intimidate|boost
|-unboost|p2a: Swampert|atk|1
|-unboost|p2b: Pelipper|atk|1
|detailschange|p2a: Swampert|Swampert-Mega, L50, F
|-mega|p2a: Swampert|Swampert|Swampertite
|move|p2b: Pelipper|Wide Guard|p2b: Pelipper
|-singleturn|p2b: Pelipper|Wide Guard
|move|p2a: Swampert|Earthquake|p1a: Incineroar|[spread] p1a,p1b
|-activate|p2b: Pelipper|move: Wide Guard
|-supereffective|p1a: Incineroar|1
|-supereffective|p1b: Tyranitar|1
|-damage|p1a: Incineroar|0 fnt
|-damage|p1b: Tyranitar|55/100
|faint|p1a: Incineroar
|move|p1b: Tyranitar|Knock Off|p2a: Swampert
|-damage|p2a: Swampert|52/100
|
|-weather|Sandstorm|[upkeep]
|-damage|p2b: Pelipper|52/100|[from] Sandstorm
|upkeep
|
|t:|1782613062
|switch|p1a: Gholdengo|Gholdengo, L50|100/100
|turn|6
|
|t:|1782613074
|switch|p2b: Archaludon|Archaludon, L50, F|100/100
|move|p1a: Gholdengo|Shadow Ball|p2a: Swampert
|-damage|p2a: Swampert|15/100
|move|p2a: Swampert|Earthquake|p1b: Tyranitar|[spread] p2b,p1a,p1b
|-supereffective|p2b: Archaludon|1
|-supereffective|p1a: Gholdengo|1
|-supereffective|p1b: Tyranitar|1
|-damage|p2b: Archaludon|51/100
|-damage|p1a: Gholdengo|23/100
|-damage|p1b: Tyranitar|2/100
|-ability|p2b: Archaludon|Stamina|boost
|-boost|p2b: Archaludon|def|1
|move|p1b: Tyranitar|Knock Off|p2b: Archaludon
|-damage|p2b: Archaludon|23/100
|-ability|p2b: Archaludon|Stamina|boost
|-boost|p2b: Archaludon|def|1
|-enditem|p2b: Archaludon|Leftovers|[from] move: Knock Off|[of] p1b: Tyranitar
|
|-weather|Sandstorm|[upkeep]
|upkeep
|turn|7
|
|t:|1782613097
|move|p2b: Archaludon|Protect|p2b: Archaludon
|-singleturn|p2b: Archaludon|Protect
|move|p1b: Tyranitar|Protect|p1b: Tyranitar
|-singleturn|p1b: Tyranitar|Protect
|move|p1a: Gholdengo|Shadow Ball|p2b: Archaludon
|-activate|p2b: Archaludon|move: Protect
|move|p2a: Swampert|Earthquake|p1a: Gholdengo|[spread] p1a
|-activate|p2b: Archaludon|move: Protect
|-activate|p1b: Tyranitar|move: Protect
|-supereffective|p1a: Gholdengo|1
|-damage|p1a: Gholdengo|0 fnt
|faint|p1a: Gholdengo
|
|-weather|Sandstorm|[upkeep]
|upkeep
|
|t:|1782613102
|switch|p1a: Houndstone|Houndstone, L50, M|49/100
|turn|8
|
|t:|1782613129
|detailschange|p1b: Tyranitar|Tyranitar-Mega, L50, F
|-mega|p1b: Tyranitar|Tyranitar|Tyranitarite
|move|p1a: Houndstone|Last Respects|p2a: Swampert
|-damage|p2a: Swampert|0 fnt
|faint|p2a: Swampert
|move|p2b: Archaludon|Dragon Pulse|p1a: Houndstone
|-damage|p1a: Houndstone|5/100
|move|p1b: Tyranitar|Low Kick|p2b: Archaludon
|-supereffective|p2b: Archaludon|1
|-crit|p2b: Archaludon
|-damage|p2b: Archaludon|0 fnt
|faint|p2b: Archaludon
|
|-weather|none
|upkeep
|
|t:|1782613142
|switch|p2b: Grimmsnarl|Grimmsnarl, L50, M, shiny|16/100
|switch|p2a: Pelipper|Pelipper, L50, F, shiny|52/100
|-weather|RainDance|[from] ability: Drizzle|[of] p2a: Pelipper
|turn|9
|
|t:|1782613156
|move|p1a: Houndstone|Last Respects|p2a: Pelipper
|-damage|p2a: Pelipper|0 fnt
|faint|p2a: Pelipper
|move|p1b: Tyranitar|Rock Slide|p2b: Grimmsnarl
|-crit|p2b: Grimmsnarl
|-damage|p2b: Grimmsnarl|0 fnt
|faint|p2b: Grimmsnarl
|
|win|teyvgc
