|j|☆b for ball
|j|☆lolgz
|html|b for balllolgz    
|uhtml|bestof|Game 1 of a best-of-3
|t:|1782378111
|gametype|doubles
|player|p1|b for ball|170|1180
|player|p2|lolgz|dawn|1141
|gen|9
|tier|[Gen 9 Champions] VGC 2026 Reg M-B (Bo3)
|rated|
|rule|Species Clause: Limit one of each Pokémon
|rule|Item Clause: Limit 1 of each item
|clearpoke
|poke|p1|Scrafty, L50, F|
|poke|p1|Maushold-Four, L50|
|poke|p1|Blastoise, L50, M|
|poke|p1|Sinistcha, L50|
|poke|p1|Talonflame, L50, M|
|poke|p1|Farigiraf, L50, M|
|poke|p2|Torkoal, L50, F|
|poke|p2|Vileplume, L50, M|
|poke|p2|Farigiraf, L50, M|
|poke|p2|Eelektross, L50, M|
|poke|p2|Gallade, L50, M|
|poke|p2|Mawile, L50, M|
|teampreview|4
|showteam|p1|Scrafty||Scraftinite|Intimidate|FakeOut,CloseCombat,KnockOff,DrainPunch|Adamant||F|||50|]Maushold-Four||WideLens|Technician|FollowMe,PopulationBomb,RainDance,Protect|Jolly|||||50|]Blastoise||Blastoisinite|Torrent|Protect,ShellSmash,WaterSpout,DarkPulse|Modest||M|||50|]Sinistcha||SitrusBerry|Hospitality|RagePowder,TrickRoom,MatchaGotcha,Protect|Bold|||||50|]Talonflame||SharpBeak|GaleWings|BraveBird,Tailwind,FlareBlitz,Protect|Jolly||M|||50|]Farigiraf||ColburBerry|ArmorTail|Psychic,TrickRoom,Thunderbolt,Protect|Bold||M|||50|
|showteam|p2|Torkoal||Charcoal|Drought|Eruption,WeatherBall,EarthPower,Protect|Quiet||F|||50|]Vileplume||FocusSash|Chlorophyll|EnergyBall,SludgeBomb,SleepPowder,AfterYou|Timid||M|||50|]Farigiraf||SitrusBerry|ArmorTail|TrickRoom,Protect,Psychic,HelpingHand|Bold||M|||50|]Eelektross||Eelektrossite|Levitate|WildCharge,KnockOff,DragonClaw,Protect|Brave||M|||50|]Gallade||IronBall|Sharpness|SacredSword,PsychoCut,WideGuard,TrickRoom|Brave||M|||50|]Mawile||Mawilite|Intimidate|SuckerPunch,PlayRough,SwordsDance,Protect|Brave||M|||50|
|inactive|Battle timer is ON: inactive players will automatically lose when time's up. (requested by lolgz)
|inactive|b for ball has 60 seconds left.
|inactive|b for ball has 30 seconds left.
|
|t:|1782378181
|teamsize|p1|4
|teamsize|p2|4
|start
|switch|p1a: Scrafty|Scrafty, L50, F|100/100
|switch|p1b: Maushold|Maushold-Four, L50|100/100
|switch|p2a: Farigiraf|Farigiraf, L50, M|100/100
|switch|p2b: Eelektross|Eelektross, L50, M|100/100
|-ability|p1a: Scrafty|Intimidate|boost
|-unboost|p2a: Farigiraf|atk|1
|-unboost|p2b: Eelektross|atk|1
|turn|1
|inactive|b for ball has 30 seconds left.
|
|t:|1782378209
|switch|p2b: Gallade|Gallade, L50, M|100/100
|detailschange|p1a: Scrafty|Scrafty-Mega, L50, F
|-mega|p1a: Scrafty|Scrafty|Scraftinite
|-ability|p1a: Scrafty|Intimidate|boost
|-unboost|p2a: Farigiraf|atk|1
|-unboost|p2b: Gallade|atk|1
|move|p1b: Maushold|Population Bomb|p2a: Farigiraf
|-crit|p2a: Farigiraf
|-damage|p2a: Farigiraf|87/100
|-damage|p2a: Farigiraf|79/100
|-damage|p2a: Farigiraf|70/100
|-damage|p2a: Farigiraf|61/100
|-damage|p2a: Farigiraf|52/100
|-damage|p2a: Farigiraf|43/100
|-enditem|p2a: Farigiraf|Sitrus Berry|[eat]
|-heal|p2a: Farigiraf|67/100|[from] item: Sitrus Berry
|-damage|p2a: Farigiraf|59/100
|-damage|p2a: Farigiraf|51/100
|-damage|p2a: Farigiraf|42/100
|-damage|p2a: Farigiraf|33/100
|-hitcount|p2a: Farigiraf|10
|move|p1a: Scrafty|Close Combat|p2b: Gallade
|-resisted|p2b: Gallade|1
|-damage|p2b: Gallade|47/100
|-unboost|p1a: Scrafty|def|1
|-unboost|p1a: Scrafty|spd|1
|move|p2a: Farigiraf|Trick Room|p2a: Farigiraf
|-fieldstart|move: Trick Room|[of] p2a: Farigiraf
|
|upkeep
|turn|2
|inactive|b for ball has 30 seconds left.
|
|t:|1782378234
|switch|p2a: Eelektross|Eelektross, L50, M|100/100
|switch|p1a: Sinistcha|Sinistcha, L50|100/100
|move|p1b: Maushold|Protect|p1b: Maushold
|-singleturn|p1b: Maushold|Protect
|move|p2b: Gallade|Sacred Sword|p1a: Sinistcha
|-immune|p1a: Sinistcha
|
|upkeep
|turn|3
|
|t:|1782378249
|detailschange|p2a: Eelektross|Eelektross-Mega, L50, M
|-mega|p2a: Eelektross|Eelektross|Eelektrossite
|move|p2b: Gallade|Sacred Sword|p1b: Maushold
|-supereffective|p1b: Maushold|1
|-damage|p1b: Maushold|0 fnt
|faint|p1b: Maushold
|move|p1a: Sinistcha|Matcha Gotcha|p2b: Gallade|[spread] p2a,p2b
|-damage|p2a: Eelektross|76/100
|-damage|p2b: Gallade|25/100
|-status|p2a: Eelektross|brn
|move|p2a: Eelektross|Knock Off|p1a: Sinistcha
|-supereffective|p1a: Sinistcha|1
|-damage|p1a: Sinistcha|64/100
|-enditem|p1a: Sinistcha|Sitrus Berry|[from] move: Knock Off|[of] p2a: Eelektross
|
|-damage|p2a: Eelektross|69/100 brn|[from] brn
|upkeep
|
|t:|1782378272
|switch|p1b: Scrafty|Scrafty-Mega, L50, F|100/100
|-ability|p1b: Scrafty|Intimidate|boost
|-unboost|p2a: Eelektross|atk|1
|-unboost|p2b: Gallade|atk|1
|turn|4
|
|t:|1782378281
|switch|p2b: Torkoal|Torkoal, L50, F|100/100
|-weather|SunnyDay|[from] ability: Drought|[of] p2b: Torkoal
|switch|p2a: Farigiraf|Farigiraf, L50, M|33/100
|move|p1b: Scrafty|Fake Out||[still]
|cant|p2a: Farigiraf|ability: Armor Tail|Fake Out|[of] p1b: Scrafty
|move|p1a: Sinistcha|Matcha Gotcha|p2b: Torkoal|[spread] p2b
|-miss|p1a: Sinistcha|p2a: Farigiraf
|-resisted|p2b: Torkoal|1
|-damage|p2b: Torkoal|83/100
|-heal|p1a: Sinistcha|72/100|[from] drain|[of] p2b: Torkoal
|
|-weather|SunnyDay|[upkeep]
|upkeep
|turn|5
|inactive|b for ball has 30 seconds left.
|inactive|b for ball has 20 seconds left.
|
|t:|1782378321
|switch|p1b: Talonflame|Talonflame, L50, M|100/100
|move|p2a: Farigiraf|Helping Hand|p2b: Torkoal
|-singleturn|p2b: Torkoal|Helping Hand|[of] p2a: Farigiraf
|move|p1a: Sinistcha|Protect|p1a: Sinistcha
|-singleturn|p1a: Sinistcha|Protect
|move|p2b: Torkoal|Eruption|p1a: Sinistcha|[spread] p1b
|-activate|p1a: Sinistcha|move: Protect
|-resisted|p1b: Talonflame|1
|-damage|p1b: Talonflame|10/100
|
|-weather|SunnyDay|[upkeep]
|-fieldend|move: Trick Room
|upkeep
|turn|6
|inactive|b for ball has 30 seconds left.
|inactive|b for ball has 20 seconds left.
|inactive|b for ball has 15 seconds left.
|
|t:|1782378362
|move|p1b: Talonflame|Brave Bird|p2b: Torkoal
|-damage|p2b: Torkoal|38/100
|-damage|p1b: Talonflame|0 fnt|[from] Recoil
|faint|p1b: Talonflame
|move|p1a: Sinistcha|Matcha Gotcha|p2a: Farigiraf|[spread] p2a,p2b
|-resisted|p2b: Torkoal|1
|-damage|p2a: Farigiraf|8/100
|-heal|p1a: Sinistcha|88/100|[from] drain|[of] p2a: Farigiraf
|-damage|p2b: Torkoal|20/100y
|-heal|p1a: Sinistcha|97/100|[from] drain|[of] p2b: Torkoal
|move|p2b: Torkoal|Weather Ball|p1a: Sinistcha
|-supereffective|p1a: Sinistcha|1
|-damage|p1a: Sinistcha|0 fnt
|faint|p1a: Sinistcha
|move|p2a: Farigiraf|Trick Room|p2a: Farigiraf
|-fieldstart|move: Trick Room|[of] p2a: Farigiraf
|
|-weather|SunnyDay|[upkeep]
|upkeep
|
|t:|1782378369
|switch|p1b: Scrafty|Scrafty-Mega, L50, F|100/100
|-ability|p1b: Scrafty|Intimidate|boost
|-unboost|p2a: Farigiraf|atk|1
|-unboost|p2b: Torkoal|atk|1
|turn|7
|
|t:|1782378377
|move|p2a: Farigiraf|Helping Hand|p2b: Torkoal
|-singleturn|p2b: Torkoal|Helping Hand|[of] p2a: Farigiraf
|move|p2b: Torkoal|Weather Ball|p1b: Scrafty
|-damage|p1b: Scrafty|7/100
|move|p1b: Scrafty|Drain Punch|p2b: Torkoal
|-damage|p2b: Torkoal|0 fnt
|-heal|p1b: Scrafty|19/100|[from] drain|[of] p2b: Torkoal
|faint|p2b: Torkoal
|
|-weather|SunnyDay|[upkeep]
|upkeep
|
|t:|1782378380
|switch|p2b: Gallade|Gallade, L50, M|25/100
|turn|8
|
|t:|1782378392
|switch|p2a: Eelektross|Eelektross-Mega, L50, M|69/100 brn
|move|p2b: Gallade|Sacred Sword|p1b: Scrafty
|-supereffective|p1b: Scrafty|1
|-damage|p1b: Scrafty|0 fnt
|faint|p1b: Scrafty
|
|win|lolgz
