|j|☆Jzvictini
|j|☆IngeVGC
|html|JzvictiniIngeVGC    
|uhtml|bestof|Game 2 of a best-of-3
|t:|1755802144
|gametype|doubles
|player|p1|Jzvictini|1|1343
|player|p2|IngeVGC|fisherman-gen4|1302
|gen|9
|tier|[Gen 9] VGC 2025 Reg H (Bo3)
|rated|
|rule|Species Clause: Limit one of each Pokémon
|rule|Item Clause: Limit 1 of each item
|clearpoke
|poke|p1|Gallade, L50, M|
|poke|p1|Indeedee-F, L50, F|
|poke|p1|Torkoal, L50, F|
|poke|p1|Hatterene, L50, F|
|poke|p1|Dragapult, L50, F|
|poke|p1|Charizard, L50, F|
|poke|p2|Kingambit, L50, F|
|poke|p2|Rillaboom, L50, F|
|poke|p2|Electabuzz, L50, M|
|poke|p2|Volcarona, L50, F|
|poke|p2|Sneasler, L50, F|
|poke|p2|Dragonite, L50, F|
|teampreview|4
|showteam|p1|Gallade||ClearAmulet|Sharpness|WideGuard,SacredSword,PsychoCut,TrickRoom|||M|||50|,,,,,Fire]Indeedee-F||EjectButton|PsychicSurge|FollowMe,HelpingHand,TrickRoom,Psychic|||F|||50|,,,,,Steel]Torkoal||Charcoal|Drought|Eruption,Protect,WeatherBall,ClearSmog|||F|||50|,,,,,Fire]Hatterene||LifeOrb|MagicBounce|ExpandingForce,DazzlingGleam,Psychic,TrickRoom|||F|||50|,,,,,Psychic]Dragapult||ChoiceBand|ClearBody|DragonDarts,Uturn,Outrage,Bite|||F|||50|,,,,,Dragon]Charizard||ChoiceSpecs|SolarPower|AirSlash,HeatWave,Overheat,ScorchingSands|||F|||50|,,,,,Ghost
|showteam|p2|Kingambit||BlackGlasses|Defiant|Protect,KowtowCleave,SuckerPunch,SwordsDance|||F|||50|,,,,,Dark]Rillaboom||AssaultVest|GrassySurge|WoodHammer,GrassyGlide,HighHorsepower,FakeOut|||F|||50|,,,,,Fire]Electabuzz||Eviolite|VitalSpirit|Protect,Thunderbolt,HelpingHand,FollowMe|||M|||50|,,,,,Ghost]Volcarona||CovertCloak|FlameBody|Protect,HeatWave,TeraBlast,QuiverDance|||F|||50|,,,,,Fairy]Sneasler||FocusSash|Unburden|CloseCombat,DireClaw,Coaching,FakeOut|||F|||50|,,,,,Stellar]Dragonite||LoadedDice|Multiscale|ScaleShot,Haze,ExtremeSpeed,Protect|||F|||50|,,,,,Fairy
|
|t:|1755802178
|teamsize|p1|4
|teamsize|p2|4
|start
|switch|p1a: Torkoal|Torkoal, L50, F|100/100
|switch|p1b: Charizard|Charizard, L50, F|100/100
|switch|p2a: Volcarona|Volcarona, L50, F|100/100
|switch|p2b: Nobunaga|Kingambit, L50, F, shiny|100/100
|-weather|SunnyDay|[from] ability: Drought|[of] p1a: Torkoal
|turn|1
|
|t:|1755802222
|-terastallize|p2b: Nobunaga|Dark
|move|p2b: Nobunaga|Sucker Punch|p1b: Charizard
|-damage|p1b: Charizard|6/100
|move|p1b: Charizard|Heat Wave|p2b: Nobunaga|[spread] p2a,p2b
|-damage|p2a: Volcarona|11/100
|-damage|p2b: Nobunaga|0 fnt
|faint|p2b: Nobunaga
|move|p2a: Volcarona|Heat Wave|p1a: Torkoal|[spread] p1a,p1b
|-resisted|p1a: Torkoal
|-resisted|p1b: Charizard
|-damage|p1a: Torkoal|67/100
|-damage|p1b: Charizard|0 fnt
|faint|p1b: Charizard
|move|p1a: Torkoal|Eruption|p2a: Volcarona
|-damage|p2a: Volcarona|0 fnt
|faint|p2a: Volcarona
|
|-weather|SunnyDay|[upkeep]
|upkeep
|
|t:|1755802233
|switch|p1b: Dragapult|Dragapult, L50, F|100/100
|switch|p2a: Kerchak|Rillaboom, L50, F|100/100
|switch|p2b: Snarf|Electabuzz, L50, M|100/100
|-fieldstart|move: Grassy Terrain|[from] ability: Grassy Surge|[of] p2a: Kerchak
|turn|2
|
|t:|1755802243
|switch|p1a: Indeedee|Indeedee-F, L50, F|100/100
|-fieldstart|move: Psychic Terrain|[from] ability: Psychic Surge|[of] p1a: Indeedee
|-terastallize|p1b: Dragapult|Dragon
|move|p1b: Dragapult|Dragon Darts|p2a: Kerchak
|-damage|p2a: Kerchak|50/100
|-anim|p1b: Dragapult|Dragon Darts|p2b: Snarf
|-damage|p2b: Snarf|54/100
|move|p2b: Snarf|Thunderbolt|p1b: Dragapult
|-resisted|p1b: Dragapult
|-damage|p1b: Dragapult|80/100
|move|p2a: Kerchak|High Horsepower|p1a: Indeedee
|-damage|p1a: Indeedee|72/100
|-enditem|p1a: Indeedee|Eject Button
|
|t:|1755802258
|switch|p1a: Torkoal|Torkoal, L50, F|67/100
|
|-weather|SunnyDay|[upkeep]
|upkeep
|turn|3
|
|t:|1755802269
|switch|p1a: Indeedee|Indeedee-F, L50, F|72/100
|move|p1b: Dragapult|Dragon Darts|p2a: Kerchak
|-damage|p2a: Kerchak|3/100
|-anim|p1b: Dragapult|Dragon Darts|p2b: Snarf
|-damage|p2b: Snarf|15/100
|move|p2b: Snarf|Thunderbolt|p1b: Dragapult
|-resisted|p1b: Dragapult
|-damage|p1b: Dragapult|60/100
|move|p2a: Kerchak|Wood Hammer|p1b: Dragapult
|-resisted|p1b: Dragapult
|-damage|p1b: Dragapult|16/100
|-damage|p2a: Kerchak|0 fnt|[from] Recoil
|faint|p2a: Kerchak
|
|-weather|SunnyDay|[upkeep]
|upkeep
|turn|4
|
|t:|1755802280
|move|p2b: Snarf|Protect|p2b: Snarf
|-singleturn|p2b: Snarf|Protect
|move|p1b: Dragapult|Dragon Darts|p2b: Snarf
|-activate|p2b: Snarf|move: Protect
|move|p1a: Indeedee|Psychic|p2b: Snarf
|-activate|p2b: Snarf|move: Protect
|
|-weather|SunnyDay|[upkeep]
|upkeep
|turn|5
|
|t:|1755802315
|move|p2b: Snarf|Protect||[still]
|-fail|p2b: Snarf
|move|p1b: Dragapult|Dragon Darts|p2b: Snarf
|-damage|p2b: Snarf|0 fnt
|faint|p2b: Snarf
|
|win|Jzvictini
|raw|Jzvictini's rating: 1343 → 1361(+18 for winning)
|raw|IngeVGC's rating: 1302 → 1284(-18 for losing)
