|j|☆Bindro
|j|☆apocalipsis hoy
|html|Bindroapocalipsis hoy    
|uhtml|bestof|Game 2 of a best-of-3
|t:|1783245189
|gametype|doubles
|player|p1|Bindro|cyclist-gen4|1038
|player|p2|apocalipsis hoy|265|1165
|gen|9
|tier|[Gen 9 Champions] VGC 2026 Reg M-B (Bo3)
|rated|
|rule|Species Clause: Limit one of each Pokémon
|rule|Item Clause: Limit 1 of each item
|clearpoke
|poke|p1|Metagross, L50|
|poke|p1|Talonflame, L50, F|
|poke|p1|Floette-Eternal, L50, F|
|poke|p1|Garchomp, L50, F|
|poke|p1|Ceruledge, L50, F|
|poke|p1|Ninetales-Alola, L50, F|
|poke|p2|Charizard, L50, M|
|poke|p2|Espathra, L50, M|
|poke|p2|Torkoal, L50, F|
|poke|p2|Aerodactyl, L50, M|
|poke|p2|Sinistcha-Masterpiece, L50|
|poke|p2|Sneasler, L50, M|
|teampreview|4
|showteam|p1|Metagross||Metagrossite|ClearBody|IronHead,Protect,ThunderPunch,PsychicFangs|Adamant|||||50|]Talonflame||SharpBeak|GaleWings|FlareBlitz,Protect,DualWingbeat,Tailwind|Adamant||F|||50|]Floette-Eternal||Floettite|FlowerVeil|LightofRuin,DazzlingGleam,Protect,Moonblast|Modest||F|||50|]Garchomp||LifeOrb|RoughSkin|Earthquake,Protect,RockSlide,DragonClaw|Jolly||F|||50|]Ceruledge||SitrusBerry|FlashFire|BitterBlade,ShadowSneak,BulkUp,Protect|Adamant||F|||50|]Ninetales-Alola||NeverMeltIce|SnowWarning|Blizzard,FreezeDry,Encore,Protect|Timid||F|||50|
|showteam|p2|Charizard||CharizarditeY|SolarPower|HeatWave,SolarBeam,Flamethrower,Protect|Timid||M|||50|]Espathra||FocusSash|SpeedBoost|LuminaCrash,BatonPass,CalmMind,Protect|Timid||M|||50|]Torkoal||Charcoal|Drought|Eruption,HeatWave,HelpingHand,Protect|Quiet||F|||50|]Aerodactyl||Aerodactylite|RockHead|RockSlide,IceFang,Tailwind,WideGuard|Jolly||M|||50|]Sinistcha-Masterpiece||SitrusBerry|Hospitality|MatchaGotcha,RagePowder,TrickRoom,ShadowBall|Sassy|||||50|]Sneasler||WhiteHerb|Unburden|FakeOut,CloseCombat,DireClaw,Protect|Jolly||M|||50|
|inactive|Battle timer is ON: inactive players will automatically lose when time's up. (requested by apocalipsis hoy)
|inactive|Bindro has 60 seconds left.
|
|t:|1783245251
|teamsize|p1|4
|teamsize|p2|4
|start
|switch|p1a: Floette|Floette-Eternal, L50, F|100/100
|switch|p1b: Talonflame|Talonflame, L50, F|100/100
|switch|p2a: Espathra|Espathra, L50, M|100/100
|switch|p2b: Aerodactyl|Aerodactyl, L50, M|100/100
|turn|1
|
|t:|1783245273
|detailschange|p1a: Floette|Floette-Mega, L50, F
|-mega|p1a: Floette|Floette|Floettite
|-ability|p1a: Floette|Fairy Aura
|move|p1b: Talonflame|Tailwind|p1b: Talonflame
|-sidestart|p1: Bindro|move: Tailwind
|move|p1a: Floette|Dazzling Gleam|p2a: Espathra|[spread] p2a,p2b
|-damage|p2a: Espathra|12/100
|-damage|p2b: Aerodactyl|31/100
|move|p2b: Aerodactyl|Tailwind|p2b: Aerodactyl
|-sidestart|p2: apocalipsis hoy|move: Tailwind
|move|p2a: Espathra|Calm Mind|p2a: Espathra
|-boost|p2a: Espathra|spa|1
|-boost|p2a: Espathra|spd|1
|
|-ability|p2a: Espathra|Speed Boost|boost
|-boost|p2a: Espathra|spe|1
|upkeep
|turn|2
|
|t:|1783245295
|switch|p1b: Ceruledge|Ceruledge, L50, F|100/100
|move|p2a: Espathra|Protect|p2a: Espathra
|-singleturn|p2a: Espathra|Protect
|move|p2b: Aerodactyl|Rock Slide|p1b: Ceruledge|[spread] p1a,p1b
|-supereffective|p1b: Ceruledge|1
|-damage|p1a: Floette|69/100
|-damage|p1b: Ceruledge|52/100
|move|p1a: Floette|Dazzling Gleam|p2b: Aerodactyl|[spread] p2b
|-activate|p2a: Espathra|move: Protect
|-damage|p2b: Aerodactyl|0 fnt
|faint|p2b: Aerodactyl
|
|-ability|p2a: Espathra|Speed Boost|boost
|-boost|p2a: Espathra|spe|1
|upkeep
|
|t:|1783245310
|switch|p2b: Torkoal|Torkoal, L50, F|100/100
|-weather|SunnyDay|[from] ability: Drought|[of] p2b: Torkoal
|turn|3
|
|t:|1783245327
|move|p2b: Torkoal|Protect|p2b: Torkoal
|-singleturn|p2b: Torkoal|Protect
|move|p1b: Ceruledge|Shadow Sneak|p2a: Espathra
|-supereffective|p2a: Espathra|1
|-damage|p2a: Espathra|0 fnt
|faint|p2a: Espathra
|move|p1a: Floette|Light of Ruin|p2b: Torkoal
|-activate|p2b: Torkoal|move: Protect
|
|-weather|SunnyDay|[upkeep]
|upkeep
|
|t:|1783245332
|switch|p2a: Charizard|Charizard, L50, M|100/100
|turn|4
|
|t:|1783245352
|detailschange|p2a: Charizard|Charizard-Mega-Y, L50, M
|-mega|p2a: Charizard|Charizard|Charizardite Y
|move|p2b: Torkoal|Helping Hand|p2a: Charizard
|-singleturn|p2a: Charizard|Helping Hand|[of] p2b: Torkoal
|move|p1a: Floette|Protect|p1a: Floette
|-singleturn|p1a: Floette|Protect
|move|p1b: Ceruledge|Protect|p1b: Ceruledge
|-singleturn|p1b: Ceruledge|Protect
|move|p2a: Charizard|Flamethrower|p1a: Floette
|-activate|p1a: Floette|move: Protect
|
|-weather|SunnyDay|[upkeep]
|-sideend|p2: apocalipsis hoy|move: Tailwind
|-sideend|p1: Bindro|move: Tailwind
|upkeep
|turn|5
|inactive|Bindro has 30 seconds left.
|
|t:|1783245381
|switch|p1a: Garchomp|Garchomp, L50, F|100/100
|move|p2b: Torkoal|Helping Hand|p2a: Charizard
|-singleturn|p2a: Charizard|Helping Hand|[of] p2b: Torkoal
|move|p2a: Charizard|Solar Beam||[still]
|-prepare|p2a: Charizard|Solar Beam
|-anim|p2a: Charizard|Solar Beam|p1b: Ceruledge
|-resisted|p1b: Ceruledge|1
|-damage|p1b: Ceruledge|14/100
|-enditem|p1b: Ceruledge|Sitrus Berry|[eat]
|-heal|p1b: Ceruledge|39/100|[from] item: Sitrus Berry
|move|p1b: Ceruledge|Bitter Blade|p2a: Charizard
|-resisted|p2a: Charizard|1
|-damage|p2a: Charizard|56/100
|-heal|p1b: Ceruledge|58/100|[from] drain|[of] p2a: Charizard
|
|-weather|SunnyDay|[upkeep]
|upkeep
|turn|6
|
|t:|1783245403
|move|p2b: Torkoal|Helping Hand|p2a: Charizard
|-singleturn|p2a: Charizard|Helping Hand|[of] p2b: Torkoal
|move|p1a: Garchomp|Protect|p1a: Garchomp
|-singleturn|p1a: Garchomp|Protect
|move|p2a: Charizard|Flamethrower|p1a: Garchomp
|-activate|p1a: Garchomp|move: Protect
|move|p1b: Ceruledge|Bitter Blade|p2a: Charizard
|-resisted|p2a: Charizard|1
|-damage|p2a: Charizard|16/100
|-heal|p1b: Ceruledge|75/100|[from] drain|[of] p2a: Charizard
|
|-weather|SunnyDay|[upkeep]
|upkeep
|turn|7
|
|t:|1783245418
|move|p1b: Ceruledge|Shadow Sneak|p2a: Charizard
|-crit|p2a: Charizard
|-damage|p2a: Charizard|0 fnt
|faint|p2a: Charizard
|move|p1a: Garchomp|Rock Slide|p2b: Torkoal
|-supereffective|p2b: Torkoal|1
|-damage|p2b: Torkoal|41/100
|-damage|p1a: Garchomp|90/100|[from] item: Life Orb
|cant|p2b: Torkoal|flinch
|
|-weather|none
|upkeep
|turn|8
|-message|apocalipsis hoy forfeited.
|
|win|Bindro
