|j|☆Malgooee
|j|☆turts327
|html|Malgooeeturts327    
|uhtml|bestof|Game 3 of a best-of-3
|t:|1782318252
|gametype|doubles
|player|p1|Malgooee|1|1036
|player|p2|turts327|unknown|1045
|gen|9
|tier|[Gen 9 Champions] VGC 2026 Reg M-B (Bo3)
|rated|
|rule|Species Clause: Limit one of each Pokémon
|rule|Item Clause: Limit 1 of each item
|clearpoke
|poke|p1|Gengar, L50, M|
|poke|p1|Sableye, L50, M|
|poke|p1|Milotic, L50, F|
|poke|p1|Swampert, L50, F|
|poke|p1|Whimsicott, L50, M|
|poke|p1|Grimmsnarl, L50, M|
|poke|p2|Raichu, L50, M|
|poke|p2|Farigiraf, L50, M|
|poke|p2|Dragonite, L50, M|
|poke|p2|Toxapex, L50, F|
|poke|p2|Incineroar, L50, M|
|poke|p2|Corviknight, L50, F|
|teampreview|4
|showteam|p1|Gengar||Gengarite|CursedBody|Protect,PerishSong,ShadowBall,ReflectType|Modest||M|||50|]Sableye||SitrusBerry|Prankster|RainDance,FakeOut,Disable,ThunderWave|Careful||M|||50|]Milotic||Leftovers|Competitive|Hypnosis,Coil,MuddyWater,Protect|Bold||F|||50|]Swampert||Swampertite|Torrent|Protect,Earthquake,WaveCrash,BulkUp|Jolly||F|||50|]Whimsicott||FocusSash|Prankster|Protect,Encore,FakeTears,DazzlingGleam|Timid||M|||50|]Grimmsnarl||LightClay|Prankster|FakeOut,PartingShot,Reflect,FoulPlay|Careful||M|||50|
|showteam|p2|Raichu||RaichuniteY|LightningRod|Protect,FocusBlast,ZapCannon,VoltSwitch|Modest||M|||50|]Farigiraf||SitrusBerry|ArmorTail|Protect,HyperVoice,NastyPlot,Imprison|Bold||M|||50|]Dragonite||LifeOrb|Multiscale|Protect,ExtremeSpeed,StoneEdge,BreakingSwipe|Adamant||M|||50|]Toxapex||Leftovers|Merciless|BanefulBunker,WideGuard,Toxic,Infestation|Bold||F|||50|]Incineroar||ChartiBerry|Intimidate|FakeOut,FlareBlitz,ThroatChop,PartingShot|Impish||M|||50|]Corviknight||LightClay|MirrorArmor|Reflect,IronDefense,BodyPress,LightScreen|Bold||F|||50|
|inactive|Battle timer is ON: inactive players will automatically lose when time's up. (requested by turts327)
|inactive|Malgooee also wants the timer to be on.
|
|t:|1782318274
|teamsize|p1|4
|teamsize|p2|4
|start
|switch|p1a: Milotic|Milotic, L50, F|100/100
|switch|p1b: Sableye|Sableye, L50, M|100/100
|switch|p2a: Raichu|Raichu, L50, M|100/100
|switch|p2b: Incineroar|Incineroar, L50, M|100/100
|-ability|p2b: Incineroar|Intimidate|boost
|-unboost|p1a: Milotic|atk|1
|-ability|p1a: Milotic|Competitive|boost
|-boost|p1a: Milotic|spa|2
|-unboost|p1b: Sableye|atk|1
|turn|1
|inactive|turts327 has 30 seconds left.
|
|t:|1782318307
|switch|p2b: Farigiraf|Farigiraf, L50, M|100/100
|detailschange|p2a: Raichu|Raichu-Mega-Y, L50, M
|-mega|p2a: Raichu|Raichu|Raichunite Y
|move|p1b: Sableye|Fake Out||[still]
|cant|p2b: Farigiraf|ability: Armor Tail|Fake Out|[of] p1b: Sableye
|move|p2a: Raichu|Zap Cannon|p1b: Sableye
|-damage|p1b: Sableye|11/100
|-status|p1b: Sableye|par
|-enditem|p1b: Sableye|Sitrus Berry|[eat]
|-heal|p1b: Sableye|36/100 par|[from] item: Sitrus Berry
|move|p1a: Milotic|Coil|p1a: Milotic
|-boost|p1a: Milotic|atk|1
|-boost|p1a: Milotic|def|1
|-boost|p1a: Milotic|accuracy|1
|
|upkeep
|turn|2
|inactive|turts327 has 30 seconds left.
|
|t:|1782318334
|switch|p2b: Toxapex|Toxapex, L50, F|100/100
|switch|p1b: Swampert|Swampert, L50, F|100/100
|move|p2a: Raichu|Protect|p2a: Raichu
|-singleturn|p2a: Raichu|Protect
|move|p1a: Milotic|Protect||[still]
|-fail|p1a: Milotic
|
|upkeep
|turn|3
|inactive|Malgooee has 30 seconds left.
|inactive|turts327 has 30 seconds left.
|inactive|Malgooee has 20 seconds left.
|inactive|Malgooee has 15 seconds left.
|inactive|turts327 has 20 seconds left.
|inactive|Malgooee has 10 seconds left.
|inactive|Malgooee has 5 seconds left.
|
|t:|1782318389
|move|p1b: Swampert|Protect|p1b: Swampert
|-singleturn|p1b: Swampert|Protect
|move|p2b: Toxapex|Wide Guard|p2b: Toxapex
|-singleturn|p2b: Toxapex|Wide Guard
|move|p2a: Raichu|Volt Switch|p1a: Milotic
|-supereffective|p1a: Milotic|1
|-crit|p1a: Milotic
|-damage|p1a: Milotic|1/100
|
|t:|1782318399
|switch|p2a: Incineroar|Incineroar, L50, M|100/100|[from] Volt Switch
|-ability|p2a: Incineroar|Intimidate|boost
|-unboost|p1a: Milotic|atk|1
|-ability|p1a: Milotic|Competitive|boost
|-boost|p1a: Milotic|spa|2
|-unboost|p1b: Swampert|atk|1
|move|p1a: Milotic|Hypnosis|p2a: Incineroar|[miss]
|-miss|p1a: Milotic|p2a: Incineroar
|
|-heal|p1a: Milotic|6/100|[from] item: Leftovers
|upkeep
|turn|4
|
|t:|1782318423
|move|p1a: Milotic|Protect|p1a: Milotic
|-singleturn|p1a: Milotic|Protect
|move|p2a: Incineroar|Fake Out|p1a: Milotic
|-activate|p1a: Milotic|move: Protect
|move|p1b: Swampert|Bulk Up|p1b: Swampert
|-boost|p1b: Swampert|atk|1
|-boost|p1b: Swampert|def|1
|move|p2b: Toxapex|Toxic|p1b: Swampert
|-status|p1b: Swampert|tox
|
|-heal|p1a: Milotic|12/100|[from] item: Leftovers
|-damage|p1b: Swampert|93/100 tox|[from] psn
|upkeep
|turn|5
|inactive|turts327 has 30 seconds left.
|
|t:|1782318451
|move|p1b: Swampert|Wave Crash|p2a: Incineroar
|-supereffective|p2a: Incineroar|1
|-damage|p2a: Incineroar|16/100
|-damage|p1b: Swampert|62/100 tox|[from] Recoil
|move|p1a: Milotic|Hypnosis|p2b: Toxapex|[miss]
|-miss|p1a: Milotic|p2b: Toxapex
|move|p2a: Incineroar|Throat Chop|p1a: Milotic
|-damage|p1a: Milotic|0 fnt
|faint|p1a: Milotic
|move|p2b: Toxapex|Toxic|p1b: Swampert
|-fail|p1b: Swampert|tox
|
|-damage|p1b: Swampert|50/100g tox|[from] psn
|upkeep
|
|t:|1782318459
|switch|p1a: Sableye|Sableye, L50, M|36/100 par
|turn|6
|inactive|Malgooee has 30 seconds left.
|
|t:|1782318489
|switch|p2a: Farigiraf|Farigiraf, L50, M|100/100
|move|p1a: Sableye|Fake Out||[still]
|cant|p2a: Farigiraf|ability: Armor Tail|Fake Out|[of] p1a: Sableye
|move|p1b: Swampert|Bulk Up|p1b: Swampert
|-boost|p1b: Swampert|atk|1
|-boost|p1b: Swampert|def|1
|move|p2b: Toxapex|Infestation|p1b: Swampert
|-crit|p1b: Swampert
|-damage|p1b: Swampert|45/100 tox
|-activate|p1b: Swampert|move: Infestation|[of] p2b: Toxapex
|
|-damage|p1b: Swampert|27/100 tox|[from] psn
|-damage|p1b: Swampert|14/100 tox|[from] move: Infestation|[partiallytrapped]
|upkeep
|turn|7
|
|t:|1782318503
|detailschange|p1b: Swampert|Swampert-Mega, L50, F
|-mega|p1b: Swampert|Swampert|Swampertite
|move|p2a: Farigiraf|Protect|p2a: Farigiraf
|-singleturn|p2a: Farigiraf|Protect
|move|p2b: Toxapex|Baneful Bunker|p2b: Toxapex
|-singleturn|p2b: Toxapex|move: Protect
|cant|p1a: Sableye|par
|move|p1b: Swampert|Earthquake|p2b: Toxapex|[spread] p1a
|-activate|p2a: Farigiraf|move: Protect
|-activate|p2b: Toxapex|move: Protect
|-damage|p1a: Sableye|0 fnt
|faint|p1a: Sableye
|
|-damage|p1b: Swampert|0 fnt|[from] psn
|faint|p1b: Swampert
|upkeep
|-message|Malgooee forfeited.
|raw|Malgooee's rating: 1036 → 1021(-15 for losing)
|raw|turts327's rating: 1045 → 1077(+32 for winning)
|
|win|turts327
|l|☆Malgooee
|player|p1|
