|j|☆99voltios
|j|☆Fosa25
|html|99voltiosFosa25    
|uhtml|bestof|Game 2 of a best-of-3
|t:|1756571181
|gametype|doubles
|player|p1|99voltios|265|
|player|p2|Fosa25|265|
|gen|9
|tier|[Gen 9] VGC 2025 Reg H (Bo3)
|rule|Species Clause: Limit one of each Pokémon
|rule|Item Clause: Limit 1 of each item
|clearpoke
|poke|p1|Pelipper, L50, F|
|poke|p1|Archaludon, L50, F|
|poke|p1|Maushold, L50|
|poke|p1|Rillaboom, L50, M|
|poke|p1|Volcarona, L50, M|
|poke|p1|Baxcalibur, L50, M|
|poke|p2|Hatterene, L50, F|
|poke|p2|Torkoal, L50, F|
|poke|p2|Armarouge, L50, M|
|poke|p2|Gallade, L50, M|
|poke|p2|Indeedee-F, L50, F|
|poke|p2|Ursaluna, L50, F|
|teampreview|4
|showteam|p1|Pelipper||DampRock|Drizzle|Hurricane,WeatherBall,WideGuard,Protect|||F|||50|,,,,,Stellar]Archaludon||AssaultVest|Stamina|FlashCannon,DragonPulse,ElectroShot,BodyPress|||F|||50|,,,,,Fairy]Maushold||WideLens|Technician|PopulationBomb,FollowMe,HelpingHand,ThunderWave||||||50|,,,,,Ghost]Rillaboom||MiracleSeed|GrassySurge|GrassyGlide,FakeOut,Uturn,HighHorsepower|||M|||50|,,,,,Fire]Volcarona||SitrusBerry|FlameBody|HeatWave,GigaDrain,QuiverDance,Protect|||M|||50|,,,,,Grass]Baxcalibur||LoadedDice|ThermalExchange|DragonDance,IcicleSpear,ScaleShot,Protect|||M|||50|,,,,,Poison
|showteam|p2|Hatterene||LifeOrb|MagicBounce|ExpandingForce,DazzlingGleam,TrickRoom,Psychic|||F|||50|,,,,,Psychic]Torkoal||Charcoal|Drought|Eruption,WeatherBall,Protect,Yawn|||F|||50|,,,,,Fire]Armarouge||PowerHerb|FlashFire|MeteorBeam,TrickRoom,ExpandingForce,ArmorCannon|||M|||50|,,,,,Grass]Gallade||ClearAmulet|Sharpness|SacredSword,PsychoCut,WideGuard,TrickRoom|||M|||50|,,,,,Fire]Indeedee-F||SafetyGoggles|PsychicSurge|FollowMe,HelpingHand,TrickRoom,AlluringVoice|||F|||50|,,,,,Steel]Ursaluna||FlameOrb|Guts|Facade,HeadlongRush,Roar,Protect|||F|||50|,,,,,Fairy
|inactive|Battle timer is ON: inactive players will automatically lose when time's up. (requested by Fosa25)
|
|t:|1756571198
|teamsize|p1|4
|teamsize|p2|4
|start
|switch|p1a: Maushold|Maushold, L50|100/100
|switch|p1b: Pelipper|Pelipper, L50, F|100/100
|switch|p2a: Indeedee|Indeedee-F, L50, F|100/100
|switch|p2b: Gallade|Gallade, L50, M|100/100
|-weather|RainDance|[from] ability: Drizzle|[of] p1b: Pelipper
|-fieldstart|move: Psychic Terrain|[from] ability: Psychic Surge|[of] p2a: Indeedee
|turn|1
|inactive|99voltios has 30 seconds left.
|
|t:|1756571223
|switch|p1a: Rillaboom|Rillaboom, L50, M|100/100
|-fieldstart|move: Grassy Terrain|[from] ability: Grassy Surge|[of] p1a: Rillaboom
|-terastallize|p1b: Pelipper|Stellar
|-terastallize|p2a: Indeedee|Steel
|move|p1b: Pelipper|Weather Ball|p2b: Gallade
|-damage|p2b: Gallade|18/100
|move|p2b: Gallade|Sacred Sword|p1a: Rillaboom
|-damage|p1a: Rillaboom|33/100
|move|p2a: Indeedee|Trick Room|p2a: Indeedee
|-fieldstart|move: Trick Room|[of] p2a: Indeedee
|
|-weather|RainDance|[upkeep]
|-heal|p2b: Gallade|24/100|[from] Grassy Terrain
|-heal|p1a: Rillaboom|39/100|[from] Grassy Terrain
|upkeep
|turn|2
|inactive|99voltios has 30 seconds left.
|inactive|99voltios has 20 seconds left.
|inactive|99voltios has 15 seconds left.
|
|t:|1756571265
|switch|p2a: Hatterene|Hatterene, L50, F|100/100
|move|p1a: Rillaboom|Fake Out|p2a: Hatterene
|-damage|p2a: Hatterene|84/100
|move|p2b: Gallade|Psycho Cut|p1b: Pelipper
|-damage|p1b: Pelipper|27/100
|move|p1b: Pelipper|Weather Ball|p2b: Gallade
|-damage|p2b: Gallade|0 fnt
|faint|p2b: Gallade
|
|-weather|RainDance|[upkeep]
|-heal|p2a: Hatterene|89/100|[from] Grassy Terrain
|-heal|p1a: Rillaboom|45/100|[from] Grassy Terrain
|upkeep
|inactive|Fosa25 has 30 seconds left.
|inactive|Fosa25 has 20 seconds left.
|inactive|Fosa25 has 15 seconds left.
|
|t:|1756571306
|switch|p2b: Ursaluna|Ursaluna, L50, F|100/100
|turn|3
|
|t:|1756571320
|switch|p1a: Archaludon|Archaludon, L50, F|100/100
|move|p1b: Pelipper|Protect|p1b: Pelipper
|-singleturn|p1b: Pelipper|Protect
|move|p2a: Hatterene|Psychic|p1a: Archaludon
|-resisted|p1a: Archaludon
|-damage|p1a: Archaludon|78/100
|-ability|p1a: Archaludon|Stamina|boost
|-boost|p1a: Archaludon|def|1
|-damage|p2a: Hatterene|80/100|[from] item: Life Orb
|move|p2b: Ursaluna|Facade|p1b: Pelipper
|-activate|p1b: Pelipper|move: Protect
|
|-weather|RainDance|[upkeep]
|-heal|p2a: Hatterene|85/100|[from] Grassy Terrain
|-heal|p1a: Archaludon|84/100|[from] Grassy Terrain
|-status|p2b: Ursaluna|brn|[from] item: Flame Orb
|upkeep
|turn|4
|inactive|99voltios has 30 seconds left.
|
|t:|1756571348
|move|p2a: Hatterene|Psychic|p1b: Pelipper
|-damage|p1b: Pelipper|0 fnt
|faint|p1b: Pelipper
|-damage|p2a: Hatterene|76/100|[from] item: Life Orb
|move|p2b: Ursaluna|Headlong Rush|p1a: Archaludon
|-supereffective|p1a: Archaludon
|-damage|p1a: Archaludon|0 fnt
|-unboost|p2b: Ursaluna|def|1
|-unboost|p2b: Ursaluna|spd|1
|faint|p1a: Archaludon
|
|-weather|RainDance|[upkeep]
|-heal|p2a: Hatterene|82/100|[from] Grassy Terrain
|-damage|p2b: Ursaluna|95/100 brn|[from] brn
|upkeep
|
|t:|1756571364
|switch|p1a: Rillaboom|Rillaboom, L50, M|45/100
|switch|p1b: Maushold|Maushold, L50|100/100
|turn|5
|
|t:|1756571387
|switch|p2a: Indeedee|Indeedee-F, L50, F, tera:Steel|100/100
|-fieldstart|move: Psychic Terrain|[from] ability: Psychic Surge|[of] p2a: Indeedee
|move|p2b: Ursaluna|Facade|p1a: Rillaboom
|-damage|p1a: Rillaboom|0 fnt
|faint|p1a: Rillaboom
|move|p1b: Maushold|Population Bomb|p2b: Ursaluna
|-damage|p2b: Ursaluna|80/100 brn
|-damage|p2b: Ursaluna|65/100 brn
|-damage|p2b: Ursaluna|50/100 brn
|-damage|p2b: Ursaluna|36/100 brn
|-damage|p2b: Ursaluna|24/100 brn
|-damage|p2b: Ursaluna|11/100 brn
|-damage|p2b: Ursaluna|0 fnt
|faint|p2b: Ursaluna
|-hitcount|p2: Ursaluna|7
|
|-weather|RainDance|[upkeep]
|-fieldend|move: Trick Room
|upkeep
|
|t:|1756571395
|switch|p2b: Hatterene|Hatterene, L50, F|82/100
|turn|6
|
|t:|1756571411
|move|p2a: Indeedee|Follow Me|p2a: Indeedee
|-singleturn|p2a: Indeedee|move: Follow Me
|move|p1b: Maushold|Population Bomb|p2a: Indeedee
|-resisted|p2a: Indeedee
|-damage|p2a: Indeedee|95/100
|-resisted|p2a: Indeedee
|-damage|p2a: Indeedee|89/100
|-resisted|p2a: Indeedee
|-damage|p2a: Indeedee|83/100
|-resisted|p2a: Indeedee
|-damage|p2a: Indeedee|78/100
|-resisted|p2a: Indeedee
|-damage|p2a: Indeedee|71/100
|-resisted|p2a: Indeedee
|-damage|p2a: Indeedee|65/100
|-resisted|p2a: Indeedee
|-damage|p2a: Indeedee|59/100
|-resisted|p2a: Indeedee
|-damage|p2a: Indeedee|52/100
|-resisted|p2a: Indeedee
|-damage|p2a: Indeedee|47/100
|-resisted|p2a: Indeedee
|-damage|p2a: Indeedee|40/100
|-hitcount|p2a: Indeedee|10
|move|p2b: Hatterene|Trick Room|p2b: Hatterene
|-fieldstart|move: Trick Room|[of] p2b: Hatterene
|
|-weather|RainDance|[upkeep]
|upkeep
|turn|7
|c|☆Fosa25|Gg amigo
|inactive|99voltios has 30 seconds left.
|
|t:|1756571439
|move|p2a: Indeedee|Helping Hand|p2b: Hatterene
|-singleturn|p2b: Hatterene|Helping Hand|[of] p2a: Indeedee
|move|p2b: Hatterene|Expanding Force|p1b: Maushold
|-damage|p1b: Maushold|0 fnt
|faint|p1b: Maushold
|-damage|p2b: Hatterene|72/100|[from] item: Life Orb
|
|win|Fosa25
|l|☆99voltios
|player|p1|
