|j|☆jeanryupr
|j|☆moth.o
|html|jeanryuprmoth.o    
|uhtml|bestof|Game 1 of a best-of-3
|t:|1785772164
|gametype|doubles
|player|p1|jeanryupr|170|1219
|player|p2|moth.o|roxie|1194
|gen|9
|tier|[Gen 9 Champions] VGC 2026 Reg M-B (Bo3)
|rated|
|rule|Species Clause: Limit one of each Pokémon
|rule|Item Clause: Limit 1 of each item
|clearpoke
|poke|p1|Raichu, L50, M|
|poke|p1|Aerodactyl, L50, M|
|poke|p1|Floette-Eternal, L50, F|
|poke|p1|Kingambit, L50, F|
|poke|p1|Farigiraf, L50, F|
|poke|p1|Garchomp, L50, M|
|poke|p2|Houndoom, L50, F|
|poke|p2|Garchomp, L50, M|
|poke|p2|Staraptor, L50, M|
|poke|p2|Farigiraf, L50, F|
|poke|p2|Torkoal, L50, M|
|poke|p2|Whimsicott, L50, M|
|teampreview|4
|showteam|p1|Raichu||RaichuniteY|LightningRod|ZapCannon,FocusBlast,FakeOut,Protect|Timid||M|||50|]Aerodactyl||FocusSash|Unnerve|WideGuard,DualWingbeat,RockSlide,Tailwind|Jolly||M|||50|]Floette-Eternal||Floettite|FlowerVeil|CalmMind,DazzlingGleam,DrainingKiss,Protect|Timid||F|||50|]Kingambit||BlackGlasses|Defiant|KowtowCleave,Protect,SuckerPunch,IronHead|Adamant||F|||50|]Farigiraf||SitrusBerry|ArmorTail|TrickRoom,HelpingHand,Thunderbolt,Psychic|Bold||F|||50|]Garchomp||LifeOrb|RoughSkin|Protect,Earthquake,DragonClaw,RockSlide|Jolly||M|||50|
|showteam|p2|Houndoom||Houndoominite|FlashFire|Protect,HeatWave,Overheat,DarkPulse|Timid||F|||50|]Garchomp||LifeOrb|RoughSkin|Protect,RockSlide,StompingTantrum,DragonClaw|Jolly||M|||50|]Staraptor||Staraptite|Intimidate|Protect,CloseCombat,BraveBird,Roost|Jolly||M|||50|]Farigiraf||SitrusBerry|ArmorTail|HelpingHand,PsychicFangs,TrickRoom,Imprison|Impish||F|||50|]Torkoal||Charcoal|Drought|Protect,Eruption,EarthPower,BurningJealousy|Modest||M|||50|]Whimsicott||FocusSash|Prankster|Protect,SunnyDay,Moonblast,Tailwind|Timid||M|||50|
|
|t:|1785772198
|teamsize|p1|4
|teamsize|p2|4
|start
|switch|p1a: Floette|Floette-Eternal, L50, F|100/100
|switch|p1b: Farigiraf|Farigiraf, L50, F|100/100
|switch|p2a: Torkoal|Torkoal, L50, M|100/100
|switch|p2b: Farigiraf|Farigiraf, L50, F|100/100
|-weather|SunnyDay|[from] ability: Drought|[of] p2a: Torkoal
|turn|1
|
|t:|1785772213
|detailschange|p1a: Floette|Floette-Mega, L50, F
|-mega|p1a: Floette|Floette|Floettite
|-ability|p1a: Floette|Fairy Aura
|move|p2b: Farigiraf|Helping Hand|p2a: Torkoal
|-singleturn|p2a: Torkoal|Helping Hand|[of] p2b: Farigiraf
|move|p1b: Farigiraf|Helping Hand|p1a: Floette
|-singleturn|p1a: Floette|Helping Hand|[of] p1b: Farigiraf
|move|p1a: Floette|Dazzling Gleam|p2b: Farigiraf|[spread] p2a,p2b
|-resisted|p2a: Torkoal|1
|-damage|p2a: Torkoal|54/100
|-damage|p2b: Farigiraf|32/100
|-enditem|p2b: Farigiraf|Sitrus Berry|[eat]
|-heal|p2b: Farigiraf|57/100|[from] item: Sitrus Berry
|move|p2a: Torkoal|Eruption|p1a: Floette|[spread] p1a,p1b
|-damage|p1a: Floette|38/100
|-damage|p1b: Farigiraf|33/100
|-enditem|p1b: Farigiraf|Sitrus Berry|[eat]
|-heal|p1b: Farigiraf|58/100|[from] item: Sitrus Berry
|
|-weather|SunnyDay|[upkeep]
|upkeep
|turn|2
|
|t:|1785772238
|move|p2b: Farigiraf|Helping Hand|p2a: Torkoal
|-singleturn|p2a: Torkoal|Helping Hand|[of] p2b: Farigiraf
|move|p1a: Floette|Dazzling Gleam|p2a: Torkoal|[spread] p2a,p2b
|-resisted|p2a: Torkoal|1
|-damage|p2a: Torkoal|25/100
|-damage|p2b: Farigiraf|16/100
|move|p1b: Farigiraf|Psychic|p2a: Torkoal
|-crit|p2a: Torkoal
|-damage|p2a: Torkoal|0 fnt
|faint|p2a: Torkoal
|
|-weather|SunnyDay|[upkeep]
|upkeep
|
|t:|1785772247
|switch|p2a: Houndoom|Houndoom, L50, F|100/100
|turn|3
|
|t:|1785772255
|detailschange|p2a: Houndoom|Houndoom-Mega, L50, F
|-mega|p2a: Houndoom|Houndoom|Houndoominite
|move|p2b: Farigiraf|Helping Hand|p2a: Houndoom
|-singleturn|p2a: Houndoom|Helping Hand|[of] p2b: Farigiraf
|move|p1a: Floette|Protect|p1a: Floette
|-singleturn|p1a: Floette|Protect
|move|p2a: Houndoom|Heat Wave|p1b: Farigiraf|[spread] 
|-activate|p1a: Floette|move: Protect
|-miss|p2a: Houndoom|p1b: Farigiraf
|move|p1b: Farigiraf|Trick Room|p1b: Farigiraf
|-fieldstart|move: Trick Room|[of] p1b: Farigiraf
|
|-weather|SunnyDay|[upkeep]
|-damage|p2a: Houndoom|87/100|[from] ability: Solar Power|[of] p2a: Houndoom
|upkeep
|turn|4
|
|t:|1785772276
|move|p2b: Farigiraf|Psychic Fangs|p1a: Floette
|-damage|p1a: Floette|1/100
|move|p1b: Farigiraf|Psychic|p2b: Farigiraf
|-resisted|p2b: Farigiraf|1
|-damage|p2b: Farigiraf|1/100
|move|p1a: Floette|Draining Kiss|p2a: Houndoom
|-damage|p2a: Houndoom|42/100
|-heal|p1a: Floette|42/100|[from] drain|[of] p2a: Houndoom
|move|p2a: Houndoom|Heat Wave|p1a: Floette|[spread] p1a,p1b
|-damage|p1a: Floette|0 fnt
|-damage|p1b: Farigiraf|0 fnt
|faint|p1a: Floette
|faint|p1b: Farigiraf
|
|-weather|SunnyDay|[upkeep]
|-damage|p2a: Houndoom|30/100|[from] ability: Solar Power|[of] p2a: Houndoom
|upkeep
|
|t:|1785772287
|switch|p1b: Garchomp|Garchomp, L50, M|100/100
|switch|p1a: Kingambit|Kingambit, L50, F|100/100
|turn|5
|
|t:|1785772302
|move|p2a: Houndoom|Protect|p2a: Houndoom
|-singleturn|p2a: Houndoom|Protect
|move|p1a: Kingambit|Kowtow Cleave|p2a: Houndoom
|-activate|p2a: Houndoom|move: Protect
|move|p2b: Farigiraf|Psychic Fangs|p1b: Garchomp
|-damage|p1b: Garchomp|71/100
|-damage|p2b: Farigiraf|0 fnt|[from] ability: Rough Skin|[of] p1b: Garchomp
|faint|p2b: Farigiraf
|move|p1b: Garchomp|Dragon Claw|p2a: Houndoom
|-activate|p2a: Houndoom|move: Protect
|
|-weather|none
|upkeep
|
|t:|1785772314
|switch|p2b: Garchomp|Garchomp, L50, M|100/100
|turn|6
|
|t:|1785772322
|move|p1a: Kingambit|Kowtow Cleave|p2a: Houndoom
|-resisted|p2a: Houndoom|1
|-damage|p2a: Houndoom|0 fnt
|faint|p2a: Houndoom
|move|p1b: Garchomp|Dragon Claw|p2b: Garchomp
|-supereffective|p2b: Garchomp|1
|-crit|p2b: Garchomp
|-damage|p2b: Garchomp|0 fnt
|-damage|p1b: Garchomp|59/100|[from] ability: Rough Skin|[of] p2b: Garchomp
|faint|p2b: Garchomp
|-damage|p1b: Garchomp|49/100|[from] item: Life Orb
|
|win|jeanryupr
