|j|☆scopanonne2000
|j|☆BVSelf
|html|scopanonne2000BVSelf    
|uhtml|bestof|Game 1 of a best-of-3
|t:|1783949138
|gametype|doubles
|player|p1|scopanonne2000|acetrainer|1238
|player|p2|BVSelf|benga|1424
|gen|9
|tier|[Gen 9 Champions] VGC 2026 Reg M-B (Bo3)
|rated|
|rule|Species Clause: Limit one of each Pokémon
|rule|Item Clause: Limit 1 of each item
|clearpoke
|poke|p1|Venusaur, L50, M|
|poke|p1|Charizard, L50, F|
|poke|p1|Sylveon, L50, M|
|poke|p1|Incineroar, L50, M|
|poke|p1|Garchomp, L50, F|
|poke|p1|Farigiraf, L50, M|
|poke|p2|Sneasler, L50, F|
|poke|p2|Sinistcha, L50|
|poke|p2|Incineroar, L50, M|
|poke|p2|Kingambit, L50, F|
|poke|p2|Delphox, L50, M|
|poke|p2|Blastoise, L50, M|
|teampreview|4
|showteam|p1|Venusaur||FocusSash|Chlorophyll|SludgeBomb,SleepPowder,LeafStorm,Protect|Modest||M|||50|]Charizard||CharizarditeY|Blaze|Protect,HeatWave,WeatherBall,SolarBeam|Modest||F|||50|]Sylveon||FairyFeather|Pixilate|HyperVoice,HyperBeam,QuickAttack,Detect|Modest||M|||50|]Incineroar||SitrusBerry|Intimidate|DarkestLariat,FlareBlitz,PartingShot,FakeOut|Careful||M|||50|]Garchomp||LifeOrb|RoughSkin|Earthquake,DragonClaw,RockSlide,Protect|Jolly||F|||50|]Farigiraf||ColburBerry|ArmorTail|Psychic,Thunderbolt,TrickRoom,Protect|Modest||M|||50|
|showteam|p2|Sneasler||FocusSash|PoisonTouch|CloseCombat,DireClaw,FakeOut,QuickGuard|Jolly||F|||50|]Sinistcha||OccaBerry|Hospitality|MatchaGotcha,RagePowder,TrickRoom,Protect|Bold|||||50|]Incineroar||SitrusBerry|Intimidate|FlareBlitz,ThroatChop,PartingShot,FakeOut|Careful||M|||50|]Kingambit||BlackGlasses|Defiant|KowtowCleave,SwordsDance,SuckerPunch,Protect|Adamant||F|||50|]Delphox||Delphoxite|Blaze|HeatWave,Psyshock,NastyPlot,Protect|Timid||M|||50|]Blastoise||Blastoisinite|RainDish|WaterSpout,DarkPulse,ShellSmash,Protect|Modest||M|||50|
|inactive|Battle timer is ON: inactive players will automatically lose when time's up. (requested by scopanonne2000)
|inactive|scopanonne2000 has 60 seconds left.
|inactive|BVSelf has 60 seconds left.
|inactive|scopanonne2000 has 30 seconds left.
|inactive|BVSelf has 30 seconds left.
|inactive|BVSelf has 20 seconds left.
|inactive|BVSelf has 15 seconds left.
|
|t:|1783949225
|teamsize|p1|4
|teamsize|p2|4
|start
|switch|p1a: Incineroar|Incineroar, L50, M|100/100
|switch|p1b: Charizard|Charizard, L50, F|100/100
|switch|p2a: Sneasler|Sneasler, L50, F|100/100
|switch|p2b: Delphox|Delphox, L50, M|100/100
|-ability|p1a: Incineroar|Intimidate|boost
|-unboost|p2a: Sneasler|atk|1
|-unboost|p2b: Delphox|atk|1
|turn|1
|
|t:|1783949241
|switch|p1b: Farigiraf|Farigiraf, L50, M|100/100
|detailschange|p2b: Delphox|Delphox-Mega, L50, M
|-mega|p2b: Delphox|Delphox|Delphoxite
|move|p2a: Sneasler|Fake Out||[still]
|cant|p1b: Farigiraf|ability: Armor Tail|Fake Out|[of] p2a: Sneasler
|move|p2b: Delphox|Nasty Plot|p2b: Delphox
|-boost|p2b: Delphox|spa|2
|move|p1a: Incineroar|Darkest Lariat|p2b: Delphox
|-supereffective|p2b: Delphox|1
|-damage|p2b: Delphox|9/100
|
|upkeep
|turn|2
|
|t:|1783949262
|move|p2b: Delphox|Heat Wave|p1b: Farigiraf|[spread] p1a,p1b
|-resisted|p1a: Incineroar|1
|-damage|p1a: Incineroar|69/100
|-damage|p1b: Farigiraf|37/100
|move|p2a: Sneasler|Close Combat|p1a: Incineroar
|-supereffective|p1a: Incineroar|1
|-damage|p1a: Incineroar|0 fnt
|-unboost|p2a: Sneasler|def|1
|-unboost|p2a: Sneasler|spd|1
|faint|p1a: Incineroar
|move|p1b: Farigiraf|Trick Room|p1b: Farigiraf
|-fieldstart|move: Trick Room|[of] p1b: Farigiraf
|
|upkeep
|
|t:|1783949273
|switch|p1a: Charizard|Charizard, L50, F|100/100
|turn|3
|
|t:|1783949286
|switch|p2a: Incineroar|Incineroar, L50, M|100/100
|-ability|p2a: Incineroar|Intimidate|boost
|-unboost|p1a: Charizard|atk|1
|-unboost|p1b: Farigiraf|atk|1
|move|p2b: Delphox|Protect|p2b: Delphox
|-singleturn|p2b: Delphox|Protect
|move|p1b: Farigiraf|Psychic|p2a: Incineroar
|-immune|p2a: Incineroar
|move|p1a: Charizard|Heat Wave|p2b: Delphox|[spread] p2a
|-activate|p2b: Delphox|move: Protect
|-resisted|p2a: Incineroar|1
|-damage|p2a: Incineroar|89/100
|
|upkeep
|turn|4
|
|t:|1783949306
|switch|p2b: Sneasler|Sneasler, L50, F|100/100
|detailschange|p1a: Charizard|Charizard-Mega-Y, L50, F
|-mega|p1a: Charizard|Charizard|Charizardite Y
|-weather|SunnyDay|[from] ability: Drought|[of] p1a: Charizard
|move|p1b: Farigiraf|Psychic|p2b: Sneasler
|-supereffective|p2b: Sneasler|2
|-enditem|p2b: Sneasler|Focus Sash
|-damage|p2b: Sneasler|1/100
|-unboost|p2b: Sneasler|spd|1
|move|p2a: Incineroar|Throat Chop|p1b: Farigiraf
|-supereffective|p1b: Farigiraf|1
|-enditem|p1b: Farigiraf|Colbur Berry|[eat]
|-enditem|p1b: Farigiraf|Colbur Berry|[weaken]
|-damage|p1b: Farigiraf|10/100
|-start|p1b: Farigiraf|Throat Chop|[silent]
|move|p1a: Charizard|Heat Wave|p2b: Sneasler|[spread] p2a,p2b
|-resisted|p2a: Incineroar|1
|-damage|p2a: Incineroar|66/100
|-damage|p2b: Sneasler|0 fnt
|faint|p2b: Sneasler
|
|-weather|SunnyDay|[upkeep]
|upkeep
|
|t:|1783949322
|switch|p2b: Sinistcha|Sinistcha, L50|100/100
|-heal|p2a: Incineroar|91/100|[from] ability: Hospitality|[of] p2b: Sinistcha
|turn|5
|
|t:|1783949338
|move|p2b: Sinistcha|Protect|p2b: Sinistcha
|-singleturn|p2b: Sinistcha|Protect
|move|p2a: Incineroar|Parting Shot|p1a: Charizard
|-unboost|p1a: Charizard|atk|1
|-unboost|p1a: Charizard|spa|1
|
|t:|1783949343
|switch|p2a: Delphox|Delphox-Mega, L50, M|9/100|[from] Parting Shot
|move|p1b: Farigiraf|Psychic|p2b: Sinistcha
|-activate|p2b: Sinistcha|move: Protect
|move|p1a: Charizard|Heat Wave|p2a: Delphox|[spread] p2a
|-activate|p2b: Sinistcha|move: Protect
|-resisted|p2a: Delphox|1
|-damage|p2a: Delphox|0 fnt
|faint|p2a: Delphox
|
|-weather|SunnyDay|[upkeep]
|-end|p1b: Farigiraf|Throat Chop|[silent]
|upkeep
|
|t:|1783949345
|switch|p2a: Incineroar|Incineroar, L50, M|91/100
|-ability|p2a: Incineroar|Intimidate|boost
|-unboost|p1a: Charizard|atk|1
|-unboost|p1b: Farigiraf|atk|1
|turn|6
|inactive|scopanonne2000 has 30 seconds left.
|
|t:|1783949377
|switch|p1a: Venusaur|Venusaur, L50, M|100/100
|move|p2a: Incineroar|Throat Chop|p1a: Venusaur
|-damage|p1a: Venusaur|59/100
|-start|p1a: Venusaur|Throat Chop|[silent]
|move|p1b: Farigiraf|Psychic|p2b: Sinistcha
|-damage|p2b: Sinistcha|64/100
|move|p2b: Sinistcha|Matcha Gotcha|p1b: Farigiraf|[spread] p1a,p1b
|-resisted|p1a: Venusaur|2
|-damage|p1a: Venusaur|53/100
|-heal|p2b: Sinistcha|67/100|[from] drain|[of] p1a: Venusaur
|-damage|p1b: Farigiraf|0 fnt
|-heal|p2b: Sinistcha|74/100|[from] drain|[of] p1b: Farigiraf
|-status|p1a: Venusaur|brn
|faint|p1b: Farigiraf
|
|-weather|SunnyDay|[upkeep]
|-damage|p1a: Venusaur|47/100 brn|[from] brn
|-fieldend|move: Trick Room
|upkeep
|
|t:|1783949395
|switch|p1b: Charizard|Charizard-Mega-Y, L50, F|100/100
|turn|7
|
|t:|1783949405
|move|p1a: Venusaur|Sludge Bomb|p2a: Incineroar
|-damage|p2a: Incineroar|58/100
|move|p1b: Charizard|Heat Wave|p2a: Incineroar|[spread] p2a,p2b
|-resisted|p2a: Incineroar|1
|-supereffective|p2b: Sinistcha|1
|-enditem|p2b: Sinistcha|Occa Berry|[eat]
|-enditem|p2b: Sinistcha|Occa Berry|[weaken]
|-damage|p2a: Incineroar|33/100
|-damage|p2b: Sinistcha|10/100
|-status|p2b: Sinistcha|brn
|-enditem|p2a: Incineroar|Sitrus Berry|[eat]
|-heal|p2a: Incineroar|57/100|[from] item: Sitrus Berry
|move|p2a: Incineroar|Flare Blitz|p1a: Venusaur
|-supereffective|p1a: Venusaur|1
|-damage|p1a: Venusaur|0 fnt
|faint|p1a: Venusaur
|-damage|p2a: Incineroar|45/100|[from] Recoil
|move|p2b: Sinistcha|Trick Room|p2b: Sinistcha
|-fieldstart|move: Trick Room|[of] p2b: Sinistcha
|
|-weather|SunnyDay|[upkeep]
|-damage|p2b: Sinistcha|3/100 brn|[from] brn
|upkeep
|turn|8
|inactive|scopanonne2000 has 30 seconds left.
|
|t:|1783949436
|move|p1b: Charizard|Protect|p1b: Charizard
|-singleturn|p1b: Charizard|Protect
|move|p2b: Sinistcha|Rage Powder|p2b: Sinistcha
|-singleturn|p2b: Sinistcha|move: Rage Powder
|move|p2a: Incineroar|Throat Chop|p1b: Charizard
|-activate|p1b: Charizard|move: Protect
|
|-weather|none
|-damage|p2b: Sinistcha|0 fnt|[from] brn
|faint|p2b: Sinistcha
|upkeep
|turn|9
|
|t:|1783949445
|move|p2a: Incineroar|Throat Chop|p1b: Charizard
|-damage|p1b: Charizard|69/100
|-start|p1b: Charizard|Throat Chop|[silent]
|move|p1b: Charizard|Heat Wave|p2a: Incineroar|[miss]
|-miss|p1b: Charizard|p2a: Incineroar
|
|upkeep
|turn|10
|
|t:|1783949451
|move|p1b: Charizard|Protect|p1b: Charizard
|-singleturn|p1b: Charizard|Protect
|move|p2a: Incineroar|Throat Chop|p1b: Charizard
|-activate|p1b: Charizard|move: Protect
|
|-end|p1b: Charizard|Throat Chop|[silent]
|upkeep
|turn|11
|
|t:|1783949457
|move|p2a: Incineroar|Throat Chop|p1b: Charizard
|-damage|p1b: Charizard|40/100
|-start|p1b: Charizard|Throat Chop|[silent]
|move|p1b: Charizard|Heat Wave|p2a: Incineroar
|-resisted|p2a: Incineroar|1
|-damage|p2a: Incineroar|23/100
|
|-fieldend|move: Trick Room
|upkeep
|turn|12
|
|t:|1783949470
|move|p1b: Charizard|Weather Ball|p2a: Incineroar
|-damage|p2a: Incineroar|6/100
|move|p2a: Incineroar|Throat Chop|p1b: Charizard
|-damage|p1b: Charizard|12/100
|
|-end|p1b: Charizard|Throat Chop|[silent]
|upkeep
|turn|13
|-message|BVSelf forfeited.
|
|win|scopanonne2000
||BVSelf is ready for game 2.
||scopanonne2000 is ready for game 2.
|uhtml|next|Next: Game 2 of 3
