|j|☆helpimbadatthislol
|j|☆KodeBeast0526
|html|helpimbadatthislolKodeBeast0526    
|uhtml|bestof|Game 1 of a best-of-3
|t:|1784256119
|gametype|doubles
|player|p1|helpimbadatthislol|rosa|1028
|player|p2|KodeBeast0526|sailor|1144
|gen|9
|tier|[Gen 9 Champions] VGC 2026 Reg M-B (Bo3)
|rated|
|rule|Species Clause: Limit one of each Pokémon
|rule|Item Clause: Limit 1 of each item
|clearpoke
|poke|p1|Raichu, L50, F|
|poke|p1|Scizor, L50, F|
|poke|p1|Rotom-Heat, L50|
|poke|p1|Heliolisk, L50, F|
|poke|p1|Jolteon, L50, F|
|poke|p1|Dragonite, L50, M|
|poke|p2|Aerodactyl, L50, M|
|poke|p2|Kingambit, L50, M|
|poke|p2|Sylveon, L50, M|
|poke|p2|Garchomp, L50, M|
|poke|p2|Charizard, L50, M|
|poke|p2|Incineroar, L50, M|
|teampreview|4
|showteam|p1|Raichu||RaichuniteY|LightningRod|ZapCannon,FakeOut,AlluringVoice,FocusBlast|Timid||F|||50|]Scizor||LifeOrb|Technician|BulletPunch,Uturn,CloseCombat,Protect|Adamant||F|||50|]Rotom-Heat||SitrusBerry|Levitate|Overheat,Discharge,WillOWisp,VoltSwitch|Modest|||||50|]Heliolisk||ChoiceScarf|SolarPower|HyperVoice,WeatherBall,Discharge,VoltSwitch|Timid||F|||50|]Jolteon||ExpertBelt|VoltAbsorb|SunnyDay,RainDance,Discharge,AlluringVoice|Modest||F|||50|]Dragonite||ChestoBerry|InnerFocus|Rest,DragonClaw,ExtremeSpeed,Tailwind|Adamant||M|||50|
|showteam|p2|Aerodactyl||Aerodactylite|Unnerve|RockSlide,IceFang,Tailwind,WideGuard|Jolly||M|||50|]Kingambit||FocusSash|Defiant|KowtowCleave,SuckerPunch,IronHead,Protect|Adamant||M|||50|]Sylveon||FairyFeather|Pixilate|Detect,HyperVoice,HyperBeam,QuickAttack|Modest||M|||50|]Garchomp||LifeOrb|RoughSkin|Earthquake,DragonClaw,StompingTantrum,Protect|Jolly||M|||50|]Charizard||CharizarditeY|Blaze|Protect,HeatWave,SolarBeam,WeatherBall|Modest||M|||50|]Incineroar||SitrusBerry|Intimidate|DarkestLariat,FlareBlitz,FakeOut,PartingShot|Impish||M|||50|
|
|t:|1784256145
|teamsize|p1|4
|teamsize|p2|4
|start
|switch|p1a: Raichu|Raichu, L50, F|100/100
|switch|p1b: Rotom|Rotom-Heat, L50|100/100
|switch|p2a: Sylveon|Sylveon, L50, M|100/100
|switch|p2b: Charizard|Charizard, L50, M|100/100
|turn|1
|inactive|Battle timer is ON: inactive players will automatically lose when time's up. (requested by KodeBeast0526)
|
|t:|1784256177
|detailschange|p1a: Raichu|Raichu-Mega-Y, L50, F
|-mega|p1a: Raichu|Raichu|Raichunite Y
|move|p1a: Raichu|Zap Cannon|p2b: Charizard
|-supereffective|p2b: Charizard|1
|-damage|p2b: Charizard|0 fnt
|faint|p2b: Charizard
|move|p1b: Rotom|Volt Switch|p2a: Sylveon
|-damage|p2a: Sylveon|75/100
|
|t:|1784256179
|switch|p1b: Scizor|Scizor, L50, F|100/100|[from] Volt Switch
|move|p2a: Sylveon|Hyper Beam|p1a: Raichu
|-damage|p1a: Raichu|0 fnt
|-mustrecharge|p2a: Sylveon
|faint|p1a: Raichu
|
|upkeep
|inactive|helpimbadatthislol has 30 seconds left.
|inactive|helpimbadatthislol has 20 seconds left.
|inactive|helpimbadatthislol has 15 seconds left.
|inactive|helpimbadatthislol has 10 seconds left.
|inactive|helpimbadatthislol has 5 seconds left.
|
|t:|1784256234
|switch|p1a: Dragonite|Dragonite, L50, M|100/100
|switch|p2b: Incineroar|Incineroar, L50, M|100/100
|-ability|p2b: Incineroar|Intimidate|boost
|-fail|p1a: Dragonite|unboost|Attack|[from] ability: Inner Focus|[of] p1a: Dragonite
|-unboost|p1b: Scizor|atk|1
|turn|2
|
|t:|1784256242
|move|p2b: Incineroar|Fake Out|p1b: Scizor
|-resisted|p1b: Scizor|1
|-damage|p1b: Scizor|94/100
|cant|p1b: Scizor|flinch
|move|p1a: Dragonite|Dragon Claw|p2b: Incineroar
|-damage|p2b: Incineroar|69/100
|cant|p2a: Sylveon|recharge
|
|upkeep
|turn|3
|
|t:|1784256251
|move|p2a: Sylveon|Detect|p2a: Sylveon
|-singleturn|p2a: Sylveon|Protect
|move|p1b: Scizor|Bullet Punch|p2a: Sylveon
|-activate|p2a: Sylveon|move: Protect
|move|p1a: Dragonite|Dragon Claw|p2b: Incineroar
|-damage|p2b: Incineroar|38/100
|-enditem|p2b: Incineroar|Sitrus Berry|[eat]
|-heal|p2b: Incineroar|63/100|[from] item: Sitrus Berry
|move|p2b: Incineroar|Flare Blitz|p1b: Scizor
|-supereffective|p1b: Scizor|2
|-damage|p1b: Scizor|0 fnt
|faint|p1b: Scizor
|-damage|p2b: Incineroar|36/100|[from] Recoil
|
|upkeep
|
|t:|1784256254
|switch|p1b: Rotom|Rotom-Heat, L50|100/100
|turn|4
|
|t:|1784256263
|move|p1a: Dragonite|Extreme Speed|p2a: Sylveon
|-damage|p2a: Sylveon|39/100
|move|p1b: Rotom|Discharge|p2a: Sylveon|[spread] p1a,p2a,p2b
|-damage|p1a: Dragonite|74/100
|-damage|p2a: Sylveon|20/100y
|-damage|p2b: Incineroar|9/100
|move|p2a: Sylveon|Hyper Voice|p1b: Rotom|[spread] p1a,p1b
|-supereffective|p1a: Dragonite|1
|-resisted|p1b: Rotom|1
|-damage|p1a: Dragonite|0 fnt
|-damage|p1b: Rotom|77/100
|faint|p1a: Dragonite
|move|p2b: Incineroar|Flare Blitz|p1b: Rotom
|-resisted|p1b: Rotom|1
|-damage|p1b: Rotom|52/100
|-damage|p2b: Incineroar|2/100|[from] Recoil
|
|upkeep
|turn|5
|
|t:|1784256279
|move|p2a: Sylveon|Quick Attack|p1b: Rotom
|-resisted|p1b: Rotom|1
|-damage|p1b: Rotom|45/100
|-enditem|p1b: Rotom|Sitrus Berry|[eat]
|-heal|p1b: Rotom|70/100|[from] item: Sitrus Berry
|move|p1b: Rotom|Discharge|p2b: Incineroar|[spread] p2a,p2b
|-damage|p2a: Sylveon|0 fnt
|-damage|p2b: Incineroar|0 fnt
|faint|p2a: Sylveon
|faint|p2b: Incineroar
|
|upkeep
|
|t:|1784256282
|switch|p2a: Aerodactyl|Aerodactyl, L50, M|100/100
|-ability|p2a: Aerodactyl|Unnerve
|turn|6
|
|t:|1784256300
|detailschange|p2a: Aerodactyl|Aerodactyl-Mega, L50, M
|-mega|p2a: Aerodactyl|Aerodactyl|Aerodactylite
|move|p2a: Aerodactyl|Rock Slide|p1b: Rotom
|-supereffective|p1b: Rotom|1
|-damage|p1b: Rotom|0 fnt
|faint|p1b: Rotom
|
|win|KodeBeast0526
||helpimbadatthislol is ready for game 2.
|l|☆helpimbadatthislol
|player|p1|
