|j|☆pokimohy
|j|☆maxijuegas
|html|pokimohymaxijuegas    
|uhtml|bestof|Game 2 of a best-of-3
|t:|1783083453
|gametype|doubles
|player|p1|pokimohy|gentleman-gen4dp|
|player|p2|maxijuegas|#vgcwlzoruas|
|gen|9
|tier|[Gen 9 Champions] VGC 2026 Reg M-B (Bo3)
|rule|Species Clause: Limit one of each Pokémon
|rule|Item Clause: Limit 1 of each item
|clearpoke
|poke|p1|Dragonite, L50, M|
|poke|p1|Basculegion, L50, M|
|poke|p1|Swampert, L50, F|
|poke|p1|Archaludon, L50, F|
|poke|p1|Pelipper, L50, F|
|poke|p1|Incineroar, L50, M|
|poke|p2|Charizard, L50, F|
|poke|p2|Garchomp, L50, M|
|poke|p2|Incineroar, L50, M|
|poke|p2|Grimmsnarl, L50, M|
|poke|p2|Basculegion, L50, M|
|poke|p2|Venusaur, L50, M|
|teampreview|4
|showteam|p1|Dragonite||Dragoninite|InnerFocus|DragonPulse,Hurricane,Tailwind,Protect|Modest||M|||50|]Basculegion||ChoiceScarf|Adaptability|WaveCrash,LastRespects,AquaJet,FlipTurn|Adamant||M|||50|]Swampert||Swampertite|Damp|IcePunch,Protect,HighHorsepower,WaveCrash|Adamant||F|||50|]Archaludon||ChopleBerry|Stamina|ElectroShot,DragonPulse,AuraSphere,Protect|Modest||F|||50|]Pelipper||FocusSash|Drizzle|Hurricane,WeatherBall,Tailwind,Protect|Timid||F|||50|]Incineroar||SitrusBerry|Intimidate|FakeOut,FlareBlitz,ThroatChop,PartingShot|Adamant||M|||50|
|showteam|p2|Charizard||CharizarditeY|Blaze|HeatWave,Protect,SolarBeam,WeatherBall|Timid||F|||50|]Garchomp||LifeOrb|RoughSkin|StompingTantrum,RockSlide,DragonClaw,Protect|Jolly||M|||50|]Incineroar||SitrusBerry|Intimidate|FakeOut,DarkestLariat,PartingShot,FlareBlitz|Careful||M|||50|]Grimmsnarl||LightClay|Prankster|LightScreen,Reflect,SpiritBreak,FoulPlay|Careful||M|||50|]Basculegion||ChoiceScarf|Adaptability|WaveCrash,FlipTurn,AquaJet,LastRespects|Adamant||M|||50|]Venusaur||FocusSash|Chlorophyll|EarthPower,EnergyBall,SludgeBomb,SleepPowder|Modest||M|||50|
|j| Lukkitax
|c|☆maxijuegas|g2
|
|t:|1783083482
|teamsize|p1|4
|teamsize|p2|4
|start
|switch|p1a: Basculegion|Basculegion, L50, M|100/100
|switch|p1b: Pelipper|Pelipper, L50, F|100/100
|switch|p2a: Grimmsnarl|Grimmsnarl, L50, M|100/100
|switch|p2b: Venusaur|Venusaur, L50, M|100/100
|-weather|RainDance|[from] ability: Drizzle|[of] p1b: Pelipper
|turn|1
|
|t:|1783083501
|move|p2a: Grimmsnarl|Reflect|p2a: Grimmsnarl
|-sidestart|p2: maxijuegas|Reflect
|move|p1a: Basculegion|Wave Crash|p2a: Grimmsnarl
|-damage|p2a: Grimmsnarl|8/100
|-damage|p1a: Basculegion|70/100|[from] Recoil
|move|p2b: Venusaur|Sleep Powder|p1a: Basculegion
|-status|p1a: Basculegion|slp|[from] move: Sleep Powder
|move|p1b: Pelipper|Tailwind|p1b: Pelipper
|-sidestart|p1: pokimohy|move: Tailwind
|
|-weather|RainDance|[upkeep]
|upkeep
|turn|2
|
|t:|1783083527
|switch|p1a: Swampert|Swampert, L50, F|100/100
|move|p1b: Pelipper|Protect|p1b: Pelipper
|-singleturn|p1b: Pelipper|Protect
|move|p2b: Venusaur|Energy Ball|p1b: Pelipper
|-activate|p1b: Pelipper|move: Protect
|move|p2a: Grimmsnarl|Foul Play|p1a: Swampert
|-damage|p1a: Swampert|58/100
|
|-weather|RainDance|[upkeep]
|upkeep
|turn|3
|
|t:|1783083558
|switch|p2b: Basculegion|Basculegion, L50, M|100/100
|detailschange|p1a: Swampert|Swampert-Mega, L50, F
|-mega|p1a: Swampert|Swampert|Swampertite
|move|p2a: Grimmsnarl|Light Screen|p2a: Grimmsnarl
|-sidestart|p2: maxijuegas|move: Light Screen
|move|p1a: Swampert|Ice Punch|p2a: Grimmsnarl
|-damage|p2a: Grimmsnarl|0 fnt
|faint|p2a: Grimmsnarl
|move|p1b: Pelipper|Hurricane|p2b: Basculegion
|-damage|p2b: Basculegion|61/100
|-start|p2b: Basculegion|confusion
|
|-weather|RainDance|[upkeep]
|upkeep
|
|t:|1783083575
|switch|p2a: Charizard|Charizard, L50, F|100/100
|turn|4
|
|t:|1783083588
|move|p2a: Charizard|Protect|p2a: Charizard
|-singleturn|p2a: Charizard|Protect
|move|p1a: Swampert|Wave Crash|p2a: Charizard
|-activate|p2a: Charizard|move: Protect
|move|p1b: Pelipper|Weather Ball|p2a: Charizard
|-activate|p2a: Charizard|move: Protect
|-activate|p2b: Basculegion|confusion
|move|p2b: Basculegion|Flip Turn|p1a: Swampert
|-damage|p1a: Swampert|11/100
|c|☆pokimohy|Fuk
|
|t:|1783083598
|switch|p2b: Venusaur|Venusaur, L50, M|100/100|[from] Flip Turn
|
|-weather|RainDance|[upkeep]
|-sideend|p1: pokimohy|move: Tailwind
|upkeep
|turn|5
|
|t:|1783083615
|switch|p1b: Incineroar|Incineroar, L50, M|100/100
|-ability|p1b: Incineroar|Intimidate|boost
|-unboost|p2a: Charizard|atk|1
|-unboost|p2b: Venusaur|atk|1
|detailschange|p2a: Charizard|Charizard-Mega-Y, L50, F
|-mega|p2a: Charizard|Charizard|Charizardite Y
|-weather|SunnyDay|[from] ability: Drought|[of] p2a: Charizard
|move|p1a: Swampert|Protect|p1a: Swampert
|-singleturn|p1a: Swampert|Protect
|move|p2b: Venusaur|Energy Ball|p1b: Incineroar
|-resisted|p1b: Incineroar|1
|-damage|p1b: Incineroar|80/100
|move|p2a: Charizard|Solar Beam||[still]
|-prepare|p2a: Charizard|Solar Beam
|-anim|p2a: Charizard|Solar Beam|p1b: Incineroar
|-resisted|p1b: Incineroar|1
|-damage|p1b: Incineroar|59/100
|
|-weather|SunnyDay|[upkeep]
|upkeep
|turn|6
|
|t:|1783083674
|switch|p1a: Pelipper|Pelipper, L50, F|100/100
|-weather|RainDance|[from] ability: Drizzle|[of] p1a: Pelipper
|move|p2a: Charizard|Solar Beam||[still]
|-prepare|p2a: Charizard|Solar Beam
|move|p2b: Venusaur|Energy Ball|p1a: Pelipper
|-damage|p1a: Pelipper|28/100
|-unboost|p1a: Pelipper|spd|1
|move|p1b: Incineroar|Throat Chop|p2a: Charizard
|-damage|p2a: Charizard|64/100
|-start|p2a: Charizard|Throat Chop|[silent]
|
|-weather|RainDance|[upkeep]
|upkeep
|turn|7
|
|t:|1783083706
|move|p2a: Charizard|Solar Beam|p1a: Pelipper|[from] lockedmove
|-damage|p1a: Pelipper|0 fnt
|faint|p1a: Pelipper
|move|p2b: Venusaur|Sleep Powder|p1b: Incineroar
|-status|p1b: Incineroar|slp|[from] move: Sleep Powder
|cant|p1b: Incineroar|slp
|
|-weather|RainDance|[upkeep]
|-end|p2a: Charizard|Throat Chop|[silent]
|upkeep
|
|t:|1783083711
|switch|p1a: Swampert|Swampert-Mega, L50, F|11/100
|turn|8
|
|t:|1783083730
|switch|p2a: Basculegion|Basculegion, L50, M|61/100
|move|p1a: Swampert|Wave Crash|p2a: Basculegion
|-resisted|p2a: Basculegion|1
|-damage|p2a: Basculegion|13/100
|-damage|p1a: Swampert|0 fnt|[from] Recoil
|faint|p1a: Swampert
|move|p2b: Venusaur|Energy Ball|p1b: Incineroar
|-resisted|p1b: Incineroar|1
|-damage|p1b: Incineroar|38/100 slp
|-unboost|p1b: Incineroar|spd|1
|-enditem|p1b: Incineroar|Sitrus Berry|[eat]
|-heal|p1b: Incineroar|63/100 slp|[from] item: Sitrus Berry
|-curestatus|p1b: Incineroar|slp|[msg]
|move|p1b: Incineroar|Throat Chop|p2b: Venusaur
|-damage|p2b: Venusaur|68/100
|-start|p2b: Venusaur|Throat Chop|[silent]
|
|-weather|RainDance|[upkeep]
|-sideend|p2: maxijuegas|Reflect
|upkeep
|
|t:|1783083736
|switch|p1a: Basculegion|Basculegion, L50, M|70/100 slp
|turn|9
|
|t:|1783083752
|move|p2a: Basculegion|Last Respects|p1a: Basculegion
|-supereffective|p1a: Basculegion|1
|-damage|p1a: Basculegion|0 fnt
|faint|p1a: Basculegion
|move|p2b: Venusaur|Earth Power|p1b: Incineroar
|-supereffective|p1b: Incineroar|1
|-crit|p1b: Incineroar
|-damage|p1b: Incineroar|0 fnt
|faint|p1b: Incineroar
|
|win|maxijuegas
|c|☆pokimohy|Nah
|c|☆maxijuegas|ggs
|c|☆pokimohy|Gg
|c| Lukkitax|ggs
|c| Lukkitax|mohy
|c| Lukkitax|para la proxima
|c| Lukkitax|nunca traes a swampert aca
|c| Lukkitax|la jugas con mega dragonite
|c|☆pokimohy|Ok
|c|☆pokimohy|Gracias por el consejo
|l| Lukkitax
