|j|‽parsley<3
|j|☆l nova nick l
|html|parsley<3l nova nick l    
|uhtml|bestof|Game 1 of a best-of-3
|t:|1756939125
|gametype|doubles
|player|p1|parsley<3|lacey|1289
|player|p2|l nova nick l|infielder|1158
|gen|9
|tier|[Gen 9] VGC 2025 Reg H (Bo3)
|rated|
|rule|Species Clause: Limit one of each Pokémon
|rule|Item Clause: Limit 1 of each item
|clearpoke
|poke|p1|Maushold, L50|
|poke|p1|Annihilape, L50, M|
|poke|p1|Gholdengo, L50|
|poke|p1|Ursaluna-Bloodmoon, L50, M|
|poke|p1|Dragonite, L50, M|
|poke|p1|Sneasler, L50, F|
|poke|p2|Gholdengo, L50|
|poke|p2|Amoonguss, L50, M|
|poke|p2|Basculegion, L50, M|
|poke|p2|Pelipper, L50, F|
|poke|p2|Incineroar, L50, M|
|poke|p2|Archaludon, L50, M|
|teampreview|4
|showteam|p1|Maushold||SafetyGoggles|FriendGuard|SuperFang,BeatUp,Protect,FollowMe||||||50|,,,,,Ghost]Annihilape||SitrusBerry|Defiant|RageFist,CloseCombat,Protect,FinalGambit|||M|||50|,,,,,Fire]Gholdengo||LifeOrb|GoodasGold|MakeItRain,ShadowBall,Protect,NastyPlot||||||50|,,,,,Water]Ursaluna-Bloodmoon||AssaultVest|MindsEye|HyperVoice,BloodMoon,EarthPower,VacuumWave|||M|||50|,,,,,Poison]Dragonite||LoadedDice|Multiscale|ScaleShot,Tailwind,Protect,Haze|||M|||50|,,,,,Steel]Sneasler||FocusSash|Unburden|DireClaw,CloseCombat,Protect,ThroatChop|||F|||50|,,,,,Stellar
|showteam|p2|Gholdengo||LifeOrb|GoodasGold|MakeItRain,ShadowBall,NastyPlot,Protect||||||50|,,,,,Water]Amoonguss||SitrusBerry|Regenerator|Spore,RagePowder,PollenPuff,Protect|||M|||50|,,,,,Psychic]Basculegion||ChoiceBand|SwiftSwim|WaveCrash,FlipTurn,LastRespects,AquaJet|||M|||50|,,,,,Water]Pelipper||FocusSash|Drizzle|WeatherBall,Hurricane,Tailwind,Protect|||F|||50|,,,,,Ground]Incineroar||SafetyGoggles|Intimidate|FlareBlitz,KnockOff,PartingShot,FakeOut|||M|||50|,,,,,Ghost]Archaludon||AssaultVest|Stamina|ElectroShot,FlashCannon,DracoMeteor,BodyPress|||M|||50|,,,,,Bug
|inactive|Battle timer is ON: inactive players will automatically lose when time's up. (requested by l nova nick l)
|inactive|parsley<3 has 60 seconds left.
|inactive|parsley<3 has 30 seconds left.
|
|t:|1756939188
|teamsize|p1|4
|teamsize|p2|4
|start
|switch|p1a: Maushold|Maushold, L50|100/100
|switch|p1b: Annihilape|Annihilape, L50, M|100/100
|switch|p2a: Basculegion|Basculegion, L50, M|100/100
|switch|p2b: Pelipper|Pelipper, L50, F|100/100
|-weather|RainDance|[from] ability: Drizzle|[of] p2b: Pelipper
|turn|1
|
|t:|1756939204
|move|p2a: Basculegion|Wave Crash|p1b: Annihilape
|-damage|p1b: Annihilape|0 fnt
|faint|p1b: Annihilape
|-damage|p2a: Basculegion|66/100|[from] Recoil
|move|p1a: Maushold|Super Fang|p2b: Pelipper
|-damage|p2b: Pelipper|50/100
|move|p2b: Pelipper|Tailwind|p2b: Pelipper
|-sidestart|p2: l nova nick l|move: Tailwind
|
|-weather|RainDance|[upkeep]
|upkeep
|
|t:|1756939228
|switch|p1b: Gholdengo|Gholdengo, L50|100/100
|turn|2
|
|t:|1756939237
|-terastallize|p1b: Gholdengo|Water
|move|p1a: Maushold|Protect|p1a: Maushold
|-singleturn|p1a: Maushold|Protect
|move|p2a: Basculegion|Wave Crash|p1b: Gholdengo
|-resisted|p1b: Gholdengo
|-damage|p1b: Gholdengo|40/100
|-damage|p2a: Basculegion|48/100|[from] Recoil
|move|p2b: Pelipper|Weather Ball|p1b: Gholdengo
|-resisted|p1b: Gholdengo
|-damage|p1b: Gholdengo|13/100
|move|p1b: Gholdengo|Make It Rain|p2b: Pelipper|[spread] p2a,p2b
|-resisted|p2a: Basculegion
|-resisted|p2b: Pelipper
|-damage|p2a: Basculegion|15/100
|-damage|p2b: Pelipper|3/100
|-unboost|p1b: Gholdengo|spa|1
|-damage|p1b: Gholdengo|3/100|[from] item: Life Orb
|
|-weather|RainDance|[upkeep]
|upkeep
|turn|3
|inactive|parsley<3 has 30 seconds left.
|inactive|parsley<3 has 20 seconds left.
|inactive|parsley<3 has 15 seconds left.
|
|t:|1756939281
|move|p1a: Maushold|Follow Me|p1a: Maushold
|-singleturn|p1a: Maushold|move: Follow Me
|move|p2a: Basculegion|Wave Crash|p1a: Maushold
|-damage|p1a: Maushold|0 fnt
|faint|p1a: Maushold
|-damage|p2a: Basculegion|0 fnt|[from] Recoil
|faint|p2a: Basculegion
|move|p2b: Pelipper|Weather Ball|p1b: Gholdengo
|-resisted|p1b: Gholdengo
|-damage|p1b: Gholdengo|0 fnt
|faint|p1b: Gholdengo
|
|-weather|RainDance|[upkeep]
|upkeep
|
|t:|1756939290
|switch|p1b: Sneasler|Sneasler, L50, F|100/100
|switch|p2a: Archaludon|Archaludon, L50, M|100/100
|turn|4
|
|t:|1756939297
|-terastallize|p2a: Archaludon|Bug
|move|p1b: Sneasler|Protect|p1b: Sneasler
|-singleturn|p1b: Sneasler|Protect
|move|p2a: Archaludon|Electro Shot||[still]
|-prepare|p2a: Archaludon|Electro Shot
|-boost|p2a: Archaludon|spa|1
|-anim|p2a: Archaludon|Electro Shot|p1b: Sneasler
|-activate|p1b: Sneasler|move: Protect
|move|p2b: Pelipper|Hurricane|p1b: Sneasler
|-activate|p1b: Sneasler|move: Protect
|
|-weather|RainDance|[upkeep]
|-sideend|p2: l nova nick l|move: Tailwind
|upkeep
|turn|5
|-message|parsley<3 forfeited.
|
|win|l nova nick l
