|j|☆homerj71
|j|☆jimmybud88
|html|homerj71jimmybud88    
|uhtml|bestof|Game 1 of a best-of-3
|t:|1785683848
|gametype|doubles
|player|p1|homerj71|169|1120
|player|p2|jimmybud88|1|1000
|gen|9
|tier|[Gen 9 Champions] VGC 2026 Reg M-B (Bo3)
|rated|
|rule|Species Clause: Limit one of each Pokémon
|rule|Item Clause: Limit 1 of each item
|clearpoke
|poke|p1|Tyranitar, L50, F|
|poke|p1|Staraptor, L50, F|
|poke|p1|Gholdengo, L50|
|poke|p1|Excadrill, L50, M|
|poke|p1|Sinistcha, L50|
|poke|p1|Milotic, L50, M|
|poke|p2|Pelipper, L50, F, shiny|
|poke|p2|Metagross, L50, shiny|
|poke|p2|Incineroar, L50, M, shiny|
|poke|p2|Grimmsnarl, L50, M|
|poke|p2|Swampert, L50, M, shiny|
|poke|p2|Archaludon, L50, F|
|teampreview|4
|showteam|p1|Tyranitar||Tyranitarite|SandStream|KnockOff,RockSlide,Protect,LowKick|Jolly||F|||50|]Staraptor||Staraptite|Intimidate|DualWingbeat,CloseCombat,Protect,Tailwind|Jolly||F|||50|]Gholdengo||LifeOrb|GoodasGold|MakeItRain,NastyPlot,Protect,ShadowBall|Timid|||||50|]Excadrill||FocusSash|SandRush|HighHorsepower,IronHead,RockSlide,Protect|Adamant||M|||50|]Sinistcha||SitrusBerry|Hospitality|MatchaGotcha,RagePowder,ShadowBall,Protect|Calm|||||50|]Milotic||Leftovers|Competitive|Scald,IcyWind,Protect,IceBeam|Modest||M|||50|
|showteam|p2|Pelipper||DampRock|Drizzle|Hurricane,Tailwind,IceBeam,Soak|Modest||F|||50|]Metagross||Metagrossite|ClearBody|IcePunch,MeteorMash,PsychicFangs,ThunderPunch|Jolly|||||50|]Incineroar||SitrusBerry|Intimidate|FakeOut,DarkestLariat,FlareBlitz,PartingShot|Jolly||M|||50|]Grimmsnarl||LightClay|Prankster|Reflect,LightScreen,FakeOut,FoulPlay|Impish||M|||50|]Swampert||Swampertite|Torrent|WaveCrash,FlipTurn,IcePunch,Earthquake|Adamant||M|||50|]Archaludon||ShucaBerry|Stamina|ElectroShot,DracoMeteor,FlashCannon,Protect|Modest||F|||50|
|inactive|Battle timer is ON: inactive players will automatically lose when time's up. (requested by homerj71)
|
|t:|1785683863
|teamsize|p1|4
|teamsize|p2|4
|start
|switch|p1a: Sinistcha|Sinistcha, L50|100/100
|switch|p1b: Gholdengo|Gholdengo, L50|100/100
|switch|p2a: GodOfFlames|Incineroar, L50, M, shiny|100/100
|switch|p2b: GodOfPunch|Metagross, L50, shiny|100/100
|-ability|p2a: GodOfFlames|Intimidate|boost
|-unboost|p1a: Sinistcha|atk|1
|-unboost|p1b: Gholdengo|atk|1
|turn|1
|inactive|jimmybud88 has 30 seconds left.
|inactive|jimmybud88 has 20 seconds left.
|
|t:|1785683899
|detailschange|p2b: GodOfPunch|Metagross-Mega, L50, shiny
|-mega|p2b: GodOfPunch|Metagross|Metagrossite
|move|p1a: Sinistcha|Rage Powder|p1a: Sinistcha
|-singleturn|p1a: Sinistcha|move: Rage Powder
|move|p2b: GodOfPunch|Meteor Mash|p1a: Sinistcha
|-damage|p1a: Sinistcha|40/100
|-enditem|p1a: Sinistcha|Sitrus Berry|[eat]
|-heal|p1a: Sinistcha|65/100|[from] item: Sitrus Berry
|move|p1b: Gholdengo|Shadow Ball|p2b: GodOfPunch
|-supereffective|p2b: GodOfPunch|1
|-damage|p2b: GodOfPunch|0 fnt
|faint|p2b: GodOfPunch
|-damage|p1b: Gholdengo|90/100|[from] item: Life Orb
|move|p2a: GodOfFlames|Darkest Lariat|p1a: Sinistcha
|-supereffective|p1a: Sinistcha|1
|-damage|p1a: Sinistcha|0 fnt
|faint|p1a: Sinistcha
|
|upkeep
|
|t:|1785683918
|switch|p2b: GodOfRain|Pelipper, L50, F, shiny|100/100
|switch|p1a: Tyranitar|Tyranitar, L50, F|100/100
|-weather|Sandstorm|[from] ability: Sand Stream|[of] p1a: Tyranitar
|-weather|RainDance|[from] ability: Drizzle|[of] p2b: GodOfRain
|turn|2
|
|t:|1785683935
|switch|p1b: Staraptor|Staraptor, L50, F|100/100
|-ability|p1b: Staraptor|Intimidate|boost
|-unboost|p2a: GodOfFlames|atk|1
|-unboost|p2b: GodOfRain|atk|1
|detailschange|p1a: Tyranitar|Tyranitar-Mega, L50, F
|-mega|p1a: Tyranitar|Tyranitar|Tyranitarite
|-weather|Sandstorm|[from] ability: Sand Stream|[of] p1a: Tyranitar
|move|p1a: Tyranitar|Rock Slide|p2b: GodOfRain|[spread] p2a,p2b
|-supereffective|p2a: GodOfFlames|1
|-supereffective|p2b: GodOfRain|1
|-damage|p2a: GodOfFlames|18/100
|-damage|p2b: GodOfRain|19/100
|-enditem|p2a: GodOfFlames|Sitrus Berry|[eat]
|-heal|p2a: GodOfFlames|43/100|[from] item: Sitrus Berry
|move|p2a: GodOfFlames|Darkest Lariat|p1b: Staraptor
|-damage|p1b: Staraptor|65/100
|cant|p2b: GodOfRain|flinch
|
|-weather|Sandstorm|[upkeep]
|-damage|p1b: Staraptor|59/100|[from] Sandstorm
|-damage|p2a: GodOfFlames|37/100|[from] Sandstorm
|-damage|p2b: GodOfRain|13/100|[from] Sandstorm
|upkeep
|turn|3
|inactive|jimmybud88 has 30 seconds left.
|
|t:|1785683961
|switch|p2b: GodOfBridges|Archaludon, L50, F|100/100
|move|p1b: Staraptor|Tailwind|p1b: Staraptor
|-sidestart|p1: homerj71|move: Tailwind
|move|p1a: Tyranitar|Rock Slide|p2b: GodOfBridges|[spread] p2a,p2b
|-supereffective|p2a: GodOfFlames|1
|-resisted|p2b: GodOfBridges|1
|-damage|p2a: GodOfFlames|0 fnt
|-damage|p2b: GodOfBridges|84/100
|-ability|p2b: GodOfBridges|Stamina|boost
|-boost|p2b: GodOfBridges|def|1
|faint|p2a: GodOfFlames
|
|-weather|Sandstorm|[upkeep]
|-damage|p1b: Staraptor|53/100|[from] Sandstorm
|upkeep
|
|t:|1785683974
|switch|p2a: GodOfRain|Pelipper, L50, F, shiny|13/100
|-weather|RainDance|[from] ability: Drizzle|[of] p2a: GodOfRain
|turn|4
|
|t:|1785683989
|move|p1b: Staraptor|Close Combat|p2a: GodOfRain
|-resisted|p2a: GodOfRain|1
|-damage|p2a: GodOfRain|0 fnt
|-unboost|p1b: Staraptor|def|1
|-unboost|p1b: Staraptor|spd|1
|faint|p2a: GodOfRain
|move|p1a: Tyranitar|Knock Off|p2b: GodOfBridges
|-damage|p2b: GodOfBridges|50/100g
|-ability|p2b: GodOfBridges|Stamina|boost
|-boost|p2b: GodOfBridges|def|1
|-enditem|p2b: GodOfBridges|Shuca Berry|[from] move: Knock Off|[of] p1a: Tyranitar
|move|p2b: GodOfBridges|Electro Shot||[still]
|-prepare|p2b: GodOfBridges|Electro Shot
|-boost|p2b: GodOfBridges|spa|1
|-anim|p2b: GodOfBridges|Electro Shot|p1b: Staraptor
|-supereffective|p1b: Staraptor|1
|-damage|p1b: Staraptor|0 fnt
|faint|p1b: Staraptor
|
|-weather|RainDance|[upkeep]
|upkeep
|
|t:|1785683996
|switch|p1b: Gholdengo|Gholdengo, L50|90/100
|turn|5
|
|t:|1785684010
|move|p2b: GodOfBridges|Protect|p2b: GodOfBridges
|-singleturn|p2b: GodOfBridges|Protect
|move|p1b: Gholdengo|Shadow Ball|p2b: GodOfBridges
|-activate|p2b: GodOfBridges|move: Protect
|move|p1a: Tyranitar|Low Kick|p2b: GodOfBridges
|-activate|p2b: GodOfBridges|move: Protect
|
|-weather|RainDance|[upkeep]
|upkeep
|turn|6
|
|t:|1785684022
|move|p1b: Gholdengo|Shadow Ball|p2b: GodOfBridges
|-damage|p2b: GodOfBridges|0 fnt
|faint|p2b: GodOfBridges
|-damage|p1b: Gholdengo|80/100|[from] item: Life Orb
|
|win|homerj71
