|j|☆Imlikewater
|j|☆dad bodyssey
|html|Imlikewaterdad bodyssey    
|uhtml|bestof|Game 2 of a best-of-3
|t:|1782498798
|gametype|doubles
|player|p1|Imlikewater|101|1102
|player|p2|dad bodyssey|chuck|1135
|gen|9
|tier|[Gen 9 Champions] VGC 2026 Reg M-B (Bo3)
|rated|
|rule|Species Clause: Limit one of each Pokémon
|rule|Item Clause: Limit 1 of each item
|clearpoke
|poke|p1|Swampert, L50, M|
|poke|p1|Metagross, L50|
|poke|p1|Sinistcha, L50|
|poke|p1|Pelipper, L50, F|
|poke|p1|Grimmsnarl, L50, M|
|poke|p1|Archaludon, L50, M|
|poke|p2|Blaziken, L50, F|
|poke|p2|Kingambit, L50, M|
|poke|p2|Basculegion, L50, M|
|poke|p2|Ninetales-Alola, L50, F|
|poke|p2|Aerodactyl, L50, F|
|poke|p2|Gholdengo, L50|
|teampreview|4
|showteam|p1|Swampert||Swampertite|Damp|WaveCrash,Earthquake,Protect,KnockOff|Adamant||M|||50|]Metagross||Metagrossite|ClearBody|IronHead,PsychicFangs,Protect,IcePunch|Adamant|||||50|]Sinistcha||SitrusBerry|Hospitality|MatchaGotcha,Protect,ShadowBall,LifeDew|Modest|||||50|]Pelipper||DampRock|Drizzle|Hurricane,Protect,WeatherBall,Tailwind|Timid||F|||50|]Grimmsnarl||LightClay|Prankster|LightScreen,Reflect,PartingShot,SpiritBreak|Impish||M|||50|]Archaludon||Leftovers|Stamina|AuraSphere,DragonPulse,ElectroShot,Protect|Timid||M|||50|
|showteam|p2|Blaziken||Blazikenite|SpeedBoost|FlareBlitz,CloseCombat,RockSlide,Detect|Adamant||F|||50|]Kingambit||LifeOrb|Defiant|KowtowCleave,BrickBreak,SuckerPunch,Protect|Adamant||M|||50|]Basculegion||FocusSash|Adaptability|Liquidation,LastRespects,AquaJet,Protect|Adamant||M|||50|]Ninetales-Alola||NeverMeltIce|SnowWarning|Blizzard,FreezeDry,AuroraVeil,Protect|Timid||F|||50|]Aerodactyl||Aerodactylite|Unnerve|RockSlide,DualWingbeat,Tailwind,Protect|Jolly||F|||50|]Gholdengo||ChoiceScarf|GoodasGold|MakeItRain,ShadowBall,SteelBeam,PowerGem|Timid|||||50|
|inactive|Battle timer is ON: inactive players will automatically lose when time's up. (requested by Imlikewater)
|
|t:|1782498880
|teamsize|p1|4
|teamsize|p2|4
|start
|switch|p1a: Swampert|Swampert, L50, M|100/100
|switch|p1b: Grimmsnarl|Grimmsnarl, L50, M|100/100
|switch|p2a: Aerodactyl|Aerodactyl, L50, F|100/100
|switch|p2b: Basculegion|Basculegion, L50, M|100/100
|-ability|p2a: Aerodactyl|Unnerve
|turn|1
|inactive|Imlikewater has 30 seconds left.
|inactive|Imlikewater has 20 seconds left.
|
|t:|1782498916
|detailschange|p2a: Aerodactyl|Aerodactyl-Mega, L50, F
|-mega|p2a: Aerodactyl|Aerodactyl|Aerodactylite
|detailschange|p1a: Swampert|Swampert-Mega, L50, M
|-mega|p1a: Swampert|Swampert|Swampertite
|move|p2a: Aerodactyl|Protect|p2a: Aerodactyl
|-singleturn|p2a: Aerodactyl|Protect
|move|p1b: Grimmsnarl|Reflect|p1b: Grimmsnarl
|-sidestart|p1: Imlikewater|Reflect
|move|p2b: Basculegion|Liquidation|p1a: Swampert
|-damage|p1a: Swampert|62/100
|move|p1a: Swampert|Knock Off|p2b: Basculegion
|-supereffective|p2b: Basculegion|1
|-enditem|p2b: Basculegion|Focus Sash
|-damage|p2b: Basculegion|1/100
|
|upkeep
|turn|2
|inactive|dad bodyssey has 30 seconds left.
|inactive|Imlikewater has 30 seconds left.
|inactive|dad bodyssey has 20 seconds left.
|inactive|dad bodyssey has 15 seconds left.
|inactive|dad bodyssey has 10 seconds left.
|
|t:|1782498964
|switch|p2a: Gholdengo|Gholdengo, L50|100/100
|move|p1b: Grimmsnarl|Parting Shot|p2a: Gholdengo
|-immune|p2a: Gholdengo|[from] ability: Good as Gold
|move|p2b: Basculegion|Liquidation|p1a: Swampert
|-damage|p1a: Swampert|25/100
|move|p1a: Swampert|Wave Crash|p2a: Gholdengo
|-crit|p2a: Gholdengo
|-damage|p2a: Gholdengo|0 fnt
|faint|p2a: Gholdengo
|-damage|p1a: Swampert|0 fnt|[from] Recoil
|faint|p1a: Swampert
|
|upkeep
|
|t:|1782498982
|switch|p2a: Aerodactyl|Aerodactyl-Mega, L50, F|100/100
|switch|p1a: Pelipper|Pelipper, L50, F|100/100
|-weather|RainDance|[from] ability: Drizzle|[of] p1a: Pelipper
|turn|3
|inactive|Imlikewater has 30 seconds left.
|
|t:|1782499017
|switch|p2b: Ninetales|Ninetales-Alola, L50, F|100/100
|-weather|Snowscape|[from] ability: Snow Warning|[of] p2b: Ninetales
|move|p1a: Pelipper|Protect|p1a: Pelipper
|-singleturn|p1a: Pelipper|Protect
|move|p2a: Aerodactyl|Dual Wingbeat|p1a: Pelipper
|-activate|p1a: Pelipper|move: Protect
|move|p1b: Grimmsnarl|Spirit Break|p2b: Ninetales
|-damage|p2b: Ninetales|67/100
|-unboost|p2b: Ninetales|spa|1
|
|-weather|Snowscape|[upkeep]
|upkeep
|turn|4
|
|t:|1782499041
|move|p1b: Grimmsnarl|Parting Shot|p2a: Aerodactyl
|-unboost|p2a: Aerodactyl|atk|1
|-unboost|p2a: Aerodactyl|spa|1
|
|t:|1782499044
|switch|p1b: Sinistcha|Sinistcha, L50|100/100|[from] Parting Shot
|move|p2a: Aerodactyl|Dual Wingbeat|p1b: Sinistcha|[miss]
|-miss|p2a: Aerodactyl|p1b: Sinistcha
|move|p2b: Ninetales|Blizzard|p1a: Pelipper|[spread] p1a,p1b
|-supereffective|p1b: Sinistcha|1
|-damage|p1a: Pelipper|63/100
|-damage|p1b: Sinistcha|48/100
|-enditem|p1b: Sinistcha|Sitrus Berry|[eat]
|-heal|p1b: Sinistcha|73/100|[from] item: Sitrus Berry
|move|p1a: Pelipper|Weather Ball|p2a: Aerodactyl
|-supereffective|p2a: Aerodactyl|1
|-damage|p2a: Aerodactyl|56/100
|
|-weather|Snowscape|[upkeep]
|upkeep
|turn|5
|inactive|Imlikewater has 30 seconds left.
|
|t:|1782499073
|switch|p1a: Grimmsnarl|Grimmsnarl, L50, M|100/100
|move|p1b: Sinistcha|Protect|p1b: Sinistcha
|-singleturn|p1b: Sinistcha|Protect
|move|p2a: Aerodactyl|Dual Wingbeat|p1b: Sinistcha
|-activate|p1b: Sinistcha|move: Protect
|move|p2b: Ninetales|Blizzard|p1b: Sinistcha|[spread] p1a
|-activate|p1b: Sinistcha|move: Protect
|-damage|p1a: Grimmsnarl|74/100
|
|-weather|Snowscape|[upkeep]
|upkeep
|turn|6
|inactive|Imlikewater has 30 seconds left.
|inactive|dad bodyssey has 30 seconds left.
|
|t:|1782499113
|move|p1a: Grimmsnarl|Light Screen|p1a: Grimmsnarl
|-sidestart|p1: Imlikewater|move: Light Screen
|move|p2a: Aerodactyl|Dual Wingbeat|p1a: Grimmsnarl|[miss]
|-miss|p2a: Aerodactyl|p1a: Grimmsnarl
|move|p2b: Ninetales|Blizzard|p1b: Sinistcha|[spread] p1a,p1b
|-supereffective|p1b: Sinistcha|1
|-damage|p1a: Grimmsnarl|57/100
|-damage|p1b: Sinistcha|37/100
|move|p1b: Sinistcha|Matcha Gotcha|p2b: Ninetales|[spread] p2a,p2b
|-damage|p2a: Aerodactyl|25/100
|-heal|p1b: Sinistcha|51/100|[from] drain|[of] p2a: Aerodactyl
|-damage|p2b: Ninetales|33/100
|-heal|p1b: Sinistcha|66/100|[from] drain|[of] p2b: Ninetales
|
|-weather|Snowscape|[upkeep]
|upkeep
|turn|7
|inactive|dad bodyssey has 30 seconds left.
|
|t:|1782499142
|move|p1a: Grimmsnarl|Parting Shot|p2b: Ninetales
|-unboost|p2b: Ninetales|atk|1
|-unboost|p2b: Ninetales|spa|1
|
|t:|1782499146
|switch|p1a: Pelipper|Pelipper, L50, F|63/100|[from] Parting Shot
|-weather|RainDance|[from] ability: Drizzle|[of] p1a: Pelipper
|move|p2a: Aerodactyl|Rock Slide|p1b: Sinistcha|[spread] p1a,p1b
|-supereffective|p1a: Pelipper|1
|-damage|p1a: Pelipper|34/100
|-damage|p1b: Sinistcha|55/100
|move|p2b: Ninetales|Freeze-Dry|p1a: Pelipper
|-supereffective|p1a: Pelipper|2
|-damage|p1a: Pelipper|0 fnt
|faint|p1a: Pelipper
|cant|p1b: Sinistcha|flinch
|
|-weather|RainDance|[upkeep]
|upkeep
|
|t:|1782499161
|switch|p1a: Grimmsnarl|Grimmsnarl, L50, M|57/100
|turn|8
|
|t:|1782499179
|move|p2a: Aerodactyl|Dual Wingbeat|p1a: Grimmsnarl
|-damage|p1a: Grimmsnarl|45/100
|-damage|p1a: Grimmsnarl|35/100
|-hitcount|p1a: Grimmsnarl|2
|move|p2b: Ninetales|Freeze-Dry|p1a: Grimmsnarl
|-damage|p1a: Grimmsnarl|24/100
|move|p1b: Sinistcha|Life Dew|p1b: Sinistcha|[spread] p1a,p1b
|-heal|p1a: Grimmsnarl|50/100y
|-heal|p1b: Sinistcha|80/100
|move|p1a: Grimmsnarl|Spirit Break|p2b: Ninetales
|-damage|p2b: Ninetales|0 fnt
|faint|p2b: Ninetales
|
|-weather|RainDance|[upkeep]
|-sideend|p1: Imlikewater|Reflect
|upkeep
|
|t:|1782499194
|switch|p2b: Basculegion|Basculegion, L50, M|1/100
|turn|9
|
|t:|1782499219
|move|p1a: Grimmsnarl|Reflect|p1a: Grimmsnarl
|-sidestart|p1: Imlikewater|Reflect
|move|p2a: Aerodactyl|Rock Slide|p1a: Grimmsnarl|[spread] p1a,p1b
|-damage|p1a: Grimmsnarl|38/100
|-damage|p1b: Sinistcha|68/100
|move|p2b: Basculegion|Last Respects|p1a: Grimmsnarl
|-resisted|p1a: Grimmsnarl|1
|-damage|p1a: Grimmsnarl|2/100
|cant|p1b: Sinistcha|flinch
|
|-weather|RainDance|[upkeep]
|upkeep
|turn|10
|
|t:|1782499234
|move|p1a: Grimmsnarl|Parting Shot|p2b: Basculegion
|-unboost|p2b: Basculegion|atk|1
|-unboost|p2b: Basculegion|spa|1
|move|p2a: Aerodactyl|Rock Slide|p1b: Sinistcha|[spread] p1a
|-miss|p2a: Aerodactyl|p1b: Sinistcha
|-damage|p1a: Grimmsnarl|0 fnt
|faint|p1a: Grimmsnarl
|move|p2b: Basculegion|Last Respects|p1b: Sinistcha
|-supereffective|p1b: Sinistcha|1
|-damage|p1b: Sinistcha|0 fnt
|faint|p1b: Sinistcha
|
|win|dad bodyssey
|inactive|Imlikewater has 30 seconds to confirm battle start!
|inactive|dad bodyssey has 30 seconds to confirm battle start!
||dad bodyssey is ready for game 3.
||Imlikewater is ready for game 3.
|uhtml|next|Next: Game 3 of 3
