|j|☆StarDoor01
|j|☆ui90o0
|html|StarDoor01ui90o0    
|uhtml|bestof|Game 2 of a best-of-3
|t:|1785222416
|gametype|doubles
|player|p1|StarDoor01|2|1139
|player|p2|ui90o0|pokemonbreeder-gen4|1000
|gen|9
|tier|[Gen 9 Champions] VGC 2026 Reg M-B (Bo3)
|rated|
|rule|Species Clause: Limit one of each Pokémon
|rule|Item Clause: Limit 1 of each item
|clearpoke
|poke|p1|Scovillain, L50, F|
|poke|p1|Sylveon, L50, M|
|poke|p1|Kingambit, L50, F|
|poke|p1|Lycanroc-Dusk, L50, F|
|poke|p1|Basculegion, L50, M|
|poke|p1|Metagross, L50|
|poke|p2|Staraptor, L50, F|
|poke|p2|Arcanine-Hisui, L50, F|
|poke|p2|Kingambit, L50, M|
|poke|p2|Raichu, L50, F|
|poke|p2|Farigiraf, L50, M|
|poke|p2|Sylveon, L50, M|
|teampreview|4
|showteam|p1|Scovillain||Scovillainite|Moody|GigaDrain,Overheat,RagePowder,Protect|Bold||F|||50|]Sylveon||FairyFeather|Pixilate|HyperVoice,HyperBeam,QuickAttack,Detect|Modest||M|||50|]Kingambit||BlackGlasses|Defiant|KowtowCleave,SuckerPunch,SwordsDance,Protect|Adamant||F|||50|]Lycanroc-Dusk||FocusSash|ToughClaws|CloseCombat,Accelerock,RockSlide,Protect|Adamant||F|||50|]Basculegion||SitrusBerry|Adaptability|WaveCrash,LastRespects,AquaJet,Protect|Adamant||M|||50|]Metagross||Metagrossite|ClearBody|IronHead,PsychicFangs,IcePunch,Protect|Jolly|||||50|
|showteam|p2|Staraptor||Staraptite|Intimidate|DualWingbeat,CloseCombat,Tailwind,Protect|Jolly||F|||50|]Arcanine-Hisui||FocusSash|RockHead|FlareBlitz,HeadSmash,ExtremeSpeed,Protect|Jolly||F|||50|]Kingambit||LifeOrb|Defiant|KowtowCleave,SuckerPunch,SwordsDance,Protect|Adamant||M|||50|]Raichu||RaichuniteY|LightningRod|ZapCannon,FocusBlast,FakeOut,Protect|Timid||F|||50|]Farigiraf||SitrusBerry|ArmorTail|Psychic,HelpingHand,TrickRoom,Protect|Calm||M|||50|]Sylveon||FairyFeather|Pixilate|HyperVoice,HyperBeam,QuickAttack,Detect|Modest||M|||50|
|
|t:|1785222468
|teamsize|p1|4
|teamsize|p2|4
|start
|switch|p1a: Scovillain|Scovillain, L50, F|100/100
|switch|p1b: Basculegion|Basculegion, L50, M|100/100
|switch|p2a: Arcanine|Arcanine-Hisui, L50, F|100/100
|switch|p2b: Sylveon|Sylveon, L50, M|100/100
|turn|1
|
|t:|1785222498
|switch|p2b: Staraptor|Staraptor, L50, F|100/100
|-ability|p2b: Staraptor|Intimidate|boost
|-unboost|p1a: Scovillain|atk|1
|-unboost|p1b: Basculegion|atk|1
|detailschange|p1a: Scovillain|Scovillain-Mega, L50, F
|-mega|p1a: Scovillain|Scovillain|Scovillainite
|move|p1a: Scovillain|Rage Powder|p1a: Scovillain
|-singleturn|p1a: Scovillain|move: Rage Powder
|move|p2a: Arcanine|Head Smash|p1a: Scovillain|[miss]
|-miss|p2a: Arcanine|p1a: Scovillain
|move|p1b: Basculegion|Wave Crash|p2b: Staraptor
|-damage|p2b: Staraptor|18/100
|-damage|p1b: Basculegion|78/100|[from] Recoil
|
|upkeep
|turn|2
|
|t:|1785222549
|switch|p2b: Kingambit|Kingambit, L50, M|100/100
|move|p2a: Arcanine|Protect|p2a: Arcanine
|-singleturn|p2a: Arcanine|Protect
|move|p1b: Basculegion|Wave Crash|p2a: Arcanine
|-activate|p2a: Arcanine|move: Protect
|move|p1a: Scovillain|Giga Drain|p2b: Kingambit
|-resisted|p2b: Kingambit|1
|-damage|p2b: Kingambit|81/100
|
|upkeep
|turn|3
|
|t:|1785222568
|move|p1a: Scovillain|Rage Powder|p1a: Scovillain
|-singleturn|p1a: Scovillain|move: Rage Powder
|move|p2a: Arcanine|Head Smash|p1a: Scovillain
|-supereffective|p1a: Scovillain|1
|-damage|p1a: Scovillain|0 fnt
|-immune|p2a: Arcanine
|faint|p1a: Scovillain
|move|p1b: Basculegion|Wave Crash|p2a: Arcanine
|-supereffective|p2a: Arcanine|2
|-enditem|p2a: Arcanine|Focus Sash
|-damage|p2a: Arcanine|1/100
|-damage|p1b: Basculegion|50/100y|[from] Recoil
|-enditem|p1b: Basculegion|Sitrus Berry|[eat]
|-heal|p1b: Basculegion|75/100|[from] item: Sitrus Berry
|move|p2b: Kingambit|Kowtow Cleave|p1b: Basculegion
|-supereffective|p1b: Basculegion|1
|-damage|p1b: Basculegion|0 fnt
|faint|p1b: Basculegion
|-damage|p2b: Kingambit|71/100|[from] item: Life Orb
|
|upkeep
|
|t:|1785222586
|switch|p1b: Kindred|Lycanroc-Dusk, L50, F|100/100
|switch|p1a: Sylveon|Sylveon, L50, M|100/100
|turn|4
|
|t:|1785222635
|move|p2b: Kingambit|Protect|p2b: Kingambit
|-singleturn|p2b: Kingambit|Protect
|move|p2a: Arcanine|Extreme Speed|p1b: Kindred
|-resisted|p1b: Kindred|1
|-damage|p1b: Kindred|78/100
|move|p1b: Kindred|Rock Slide|p2a: Arcanine|[spread] p2a
|-activate|p2b: Kingambit|move: Protect
|-supereffective|p2a: Arcanine|1
|-damage|p2a: Arcanine|0 fnt
|faint|p2a: Arcanine
|move|p1a: Sylveon|Hyper Voice|p2b: Kingambit
|-activate|p2b: Kingambit|move: Protect
|
|upkeep
|
|t:|1785222644
|switch|p2a: Sylveon|Sylveon, L50, M|100/100
|turn|5
|
|t:|1785222664
|move|p1b: Kindred|Protect|p1b: Kindred
|-singleturn|p1b: Kindred|Protect
|move|p2b: Kingambit|Sucker Punch||[still]
|-fail|p2b: Kingambit
|move|p1a: Sylveon|Hyper Beam|p2b: Kingambit
|-damage|p2b: Kingambit|0 fnt
|-mustrecharge|p1a: Sylveon
|faint|p2b: Kingambit
|move|p2a: Sylveon|Hyper Voice|p1b: Kindred|[spread] p1a
|-activate|p1b: Kindred|move: Protect
|-damage|p1a: Sylveon|68/100
|
|upkeep
|
|t:|1785222667
|switch|p2b: Staraptor|Staraptor, L50, F|18/100
|-ability|p2b: Staraptor|Intimidate|boost
|-unboost|p1a: Sylveon|atk|1
|-unboost|p1b: Kindred|atk|1
|turn|6
|
|t:|1785222698
|detailschange|p2b: Staraptor|Staraptor-Mega, L50, F
|-mega|p2b: Staraptor|Staraptor|Staraptite
|move|p2b: Staraptor|Protect|p2b: Staraptor
|-singleturn|p2b: Staraptor|Protect
|move|p1b: Kindred|Accelerock|p2b: Staraptor
|-activate|p2b: Staraptor|move: Protect
|cant|p1a: Sylveon|recharge
|move|p2a: Sylveon|Hyper Beam|p1b: Kindred
|-damage|p1b: Kindred|0 fnt
|-mustrecharge|p2a: Sylveon
|faint|p1b: Kindred
|
|upkeep
|turn|7
|
|t:|1785222722
|move|p2b: Staraptor|Dual Wingbeat|p1a: Sylveon|[miss]
|-miss|p2b: Staraptor|p1a: Sylveon
|move|p1a: Sylveon|Hyper Voice|p2a: Sylveon|[spread] p2a,p2b
|-supereffective|p2b: Staraptor|1
|-damage|p2a: Sylveon|66/100
|-damage|p2b: Staraptor|0 fnt
|faint|p2b: Staraptor
|cant|p2a: Sylveon|recharge
|
|upkeep
|turn|8
|
|t:|1785222750
|move|p1a: Sylveon|Hyper Beam|p2a: Sylveon
|-damage|p2a: Sylveon|0 fnt
|-mustrecharge|p1a: Sylveon
|faint|p2a: Sylveon
|
|win|StarDoor01
|raw|StarDoor01's rating: 1139 → 1154(+15 for winning)
|raw|ui90o0's rating: 1000 → 1000(+0 for losing)
