|j|☆ShoemakerGeneral
|j|☆bigmannikko
|html|ShoemakerGeneralbigmannikko    
|uhtml|bestof|Game 1 of a best-of-3
|t:|1757784016
|gametype|doubles
|player|p1|ShoemakerGeneral|265|1094
|player|p2|bigmannikko|265|1187
|gen|9
|tier|[Gen 9] VGC 2025 Reg H (Bo3)
|rated|
|rule|Species Clause: Limit one of each Pokémon
|rule|Item Clause: Limit 1 of each item
|clearpoke
|poke|p1|Ursaluna-Bloodmoon, L50, M|
|poke|p1|Dusclops, L50, F|
|poke|p1|Incineroar, L50, F|
|poke|p1|Gardevoir, L50, M|
|poke|p1|Indeedee-F, L50, F|
|poke|p1|Tyranitar, L50, F|
|poke|p2|Drifblim, L50, F|
|poke|p2|Indeedee, L50, M|
|poke|p2|Archaludon, L50, M|
|poke|p2|Volcarona, L50, F|
|poke|p2|Sneasler, L50, F|
|poke|p2|Electabuzz, L50, M|
|teampreview|4
|showteam|p1|Ursaluna-Bloodmoon||LifeOrb|MindsEye|HyperVoice,EarthPower,BloodMoon,Protect|||M|||50|,,,,,Normal]Dusclops||Eviolite|Pressure|PainSplit,WillOWisp,Haze,TrickRoom|||F|||50|,,,,,Grass]Incineroar||SafetyGoggles|Intimidate|FlareBlitz,KnockOff,PartingShot,FakeOut|||F|||50|,,,,,Ghost]Gardevoir||ChoiceSpecs|Synchronize|Moonblast,ExpandingForce,DazzlingGleam,TeraBlast|||M|||50|,,,,,Fighting]Indeedee-F||PsychicSeed|PsychicSurge|Psychic,FollowMe,HelpingHand,TrickRoom|||F|||50|,,,,,Water]Tyranitar||AssaultVest|SandStream|RockSlide,KnockOff,TeraBlast,LowKick|||F|||50|,,,,,Flying
|showteam|p2|Drifblim||PsychicSeed|Unburden|Tailwind,WillOWisp,ShadowBall,StrengthSap|||F|||50|,,,,,Dark]Indeedee||LifeOrb|PsychicSurge|ExpandingForce,TrickRoom,Protect,TeraBlast|||M|||50|,,,,,Fighting]Archaludon||PowerHerb|Sturdy|ElectroShot,DragonPulse,Protect,FlashCannon|||M|||50|,,,,,Ghost]Volcarona||CovertCloak|FlameBody|QuiverDance,HeatWave,TeraBlast,Protect|||F|||50|,,,,,Fairy]Sneasler||FocusSash|Unburden|DireClaw,CloseCombat,Protect,ThroatChop|||F|||50|,,,,,Ghost]Electabuzz||Eviolite|VitalSpirit|FollowMe,Taunt,Protect,Thunderbolt|||M|||50|,,,,,Grass
|inactive|Battle timer is ON: inactive players will automatically lose when time's up. (requested by ShoemakerGeneral)
|
|t:|1757784058
|teamsize|p1|4
|teamsize|p2|4
|start
|switch|p1a: Dusclops|Dusclops, L50, F|100/100
|switch|p1b: Gardevoir|Gardevoir, L50, M|100/100
|switch|p2a: 3 Steaks Later|Drifblim, L50, F|100/100
|switch|p2b: Cheater|Sneasler, L50, F|100/100
|-ability|p1a: Dusclops|Pressure
|turn|1
|inactive|ShoemakerGeneral has 30 seconds left.
|inactive|ShoemakerGeneral has 20 seconds left.
|
|t:|1757784098
|-terastallize|p1b: Gardevoir|Fighting
|move|p2b: Cheater|Dire Claw|p1b: Gardevoir
|-damage|p1b: Gardevoir|21/100
|-status|p1b: Gardevoir|psn
|-activate|p1b: Gardevoir|ability: Synchronize
|-immune|p2b: Cheater
|move|p1b: Gardevoir|Dazzling Gleam|p2b: Cheater|[spread] p2a,p2b
|-damage|p2a: 3 Steaks Later|56/100
|-damage|p2b: Cheater|44/100
|move|p2a: 3 Steaks Later|Shadow Ball|p1b: Gardevoir
|-damage|p1b: Gardevoir|0 fnt
|faint|p1b: Gardevoir
|move|p1a: Dusclops|Trick Room|p1a: Dusclops
|-fieldstart|move: Trick Room|[of] p1a: Dusclops
|
|upkeep
|
|t:|1757784113
|switch|p1b: Ursaluna|Ursaluna-Bloodmoon, L50, M|100/100
|turn|2
|
|t:|1757784128
|move|p1a: Dusclops|Will-O-Wisp|p2a: 3 Steaks Later
|-status|p2a: 3 Steaks Later|brn
|move|p1b: Ursaluna|Hyper Voice|p2a: 3 Steaks Later|[spread] p2a,p2b
|-damage|p2a: 3 Steaks Later|7/100 brn
|-damage|p2b: Cheater|0 fnt
|faint|p2b: Cheater
|-damage|p1b: Ursaluna|90/100|[from] item: Life Orb
|move|p2a: 3 Steaks Later|Strength Sap|p1b: Ursaluna
|-unboost|p1b: Ursaluna|atk|1
|-heal|p2a: 3 Steaks Later|38/100 brn
|
|-damage|p2a: 3 Steaks Later|32/100 brn|[from] brn
|upkeep
|
|t:|1757784139
|switch|p2b: AC/DC|Archaludon, L50, M|100/100
|turn|3
|
|t:|1757784157
|move|p1a: Dusclops|Pain Split|p2b: AC/DC
|-sethp|p2b: AC/DC|95/100|[from] move: Pain Split|[silent]
|-sethp|p1a: Dusclops|100/100|[from] move: Pain Split
|move|p1b: Ursaluna|Blood Moon|p2a: 3 Steaks Later
|-crit|p2a: 3 Steaks Later
|-damage|p2a: 3 Steaks Later|0 fnt
|faint|p2a: 3 Steaks Later
|-damage|p1b: Ursaluna|80/100|[from] item: Life Orb
|move|p2b: AC/DC|Dragon Pulse|p1b: Ursaluna
|-damage|p1b: Ursaluna|34/100
|
|upkeep
|
|t:|1757784168
|switch|p2a: Mothra|Volcarona, L50, F|100/100
|turn|4
|inactive|ShoemakerGeneral has 30 seconds left.
|inactive|ShoemakerGeneral has 20 seconds left.
|
|t:|1757784208
|-terastallize|p2b: AC/DC|Ghost
|move|p1b: Ursaluna|Protect|p1b: Ursaluna
|-singleturn|p1b: Ursaluna|Protect
|move|p1a: Dusclops|Pain Split|p2a: Mothra
|-sethp|p2a: Mothra|89/100|[from] move: Pain Split|[silent]
|-sethp|p1a: Dusclops|100/100|[from] move: Pain Split
|move|p2a: Mothra|Quiver Dance|p2a: Mothra
|-boost|p2a: Mothra|spa|1
|-boost|p2a: Mothra|spd|1
|-boost|p2a: Mothra|spe|1
|move|p2b: AC/DC|Dragon Pulse|p1b: Ursaluna
|-activate|p1b: Ursaluna|move: Protect
|
|upkeep
|turn|5
|
|t:|1757784225
|move|p2b: AC/DC|Protect|p2b: AC/DC
|-singleturn|p2b: AC/DC|Protect
|move|p2a: Mothra|Protect|p2a: Mothra
|-singleturn|p2a: Mothra|Protect
|move|p1a: Dusclops|Haze|p1a: Dusclops
|-clearallboost
|move|p1b: Ursaluna|Blood Moon|p2b: AC/DC
|-activate|p2b: AC/DC|move: Protect
|
|-fieldend|move: Trick Room
|upkeep
|turn|6
|
|t:|1757784240
|move|p1b: Ursaluna|Protect|p1b: Ursaluna
|-singleturn|p1b: Ursaluna|Protect
|move|p2b: AC/DC|Dragon Pulse|p1b: Ursaluna
|-activate|p1b: Ursaluna|move: Protect
|move|p2a: Mothra|Quiver Dance|p2a: Mothra
|-boost|p2a: Mothra|spa|1
|-boost|p2a: Mothra|spd|1
|-boost|p2a: Mothra|spe|1
|move|p1a: Dusclops|Trick Room|p1a: Dusclops
|-fieldstart|move: Trick Room|[of] p1a: Dusclops
|
|upkeep
|turn|7
|inactive|ShoemakerGeneral has 30 seconds left.
|inactive|ShoemakerGeneral has 20 seconds left.
|
|t:|1757784276
|move|p2b: AC/DC|Protect|p2b: AC/DC
|-singleturn|p2b: AC/DC|Protect
|move|p1a: Dusclops|Haze|p1a: Dusclops
|-clearallboost
|move|p1b: Ursaluna|Blood Moon|p2b: AC/DC
|-activate|p2b: AC/DC|move: Protect
|move|p2a: Mothra|Heat Wave|p1b: Ursaluna|[spread] p1a,p1b
|-damage|p1a: Dusclops|82/100
|-damage|p1b: Ursaluna|0 fnt
|faint|p1b: Ursaluna
|
|upkeep
|
|t:|1757784287
|switch|p1b: Indeedee|Indeedee-F, L50, F|100/100
|-fieldstart|move: Psychic Terrain|[from] ability: Psychic Surge|[of] p1b: Indeedee
|-enditem|p1b: Indeedee|Psychic Seed
|-boost|p1b: Indeedee|spd|1|[from] item: Psychic Seed
|turn|8
|
|t:|1757784300
|move|p1a: Dusclops|Will-O-Wisp|p2b: AC/DC
|-status|p2b: AC/DC|brn
|move|p1b: Indeedee|Psychic|p2b: AC/DC
|-damage|p2b: AC/DC|33/100 brn
|move|p2a: Mothra|Heat Wave|p1a: Dusclops|[spread] p1a,p1b
|-damage|p1a: Dusclops|64/100
|-damage|p1b: Indeedee|78/100
|-status|p1a: Dusclops|brn
|move|p2b: AC/DC|Electro Shot||[still]
|-prepare|p2b: AC/DC|Electro Shot
|-boost|p2b: AC/DC|spa|1
|-enditem|p2b: AC/DC|Power Herb
|-anim|p2b: AC/DC|Electro Shot|p1b: Indeedee
|-damage|p1b: Indeedee|32/100
|
|-damage|p1a: Dusclops|58/100 brn|[from] brn
|-damage|p2b: AC/DC|27/100 brn|[from] brn
|upkeep
|turn|9
|
|t:|1757784323
|move|p1a: Dusclops|Pain Split|p2a: Mothra
|-sethp|p2a: Mothra|66/100|[from] move: Pain Split|[silent]
|-sethp|p1a: Dusclops|86/100 brn|[from] move: Pain Split
|move|p1b: Indeedee|Psychic|p2a: Mothra
|-damage|p2a: Mothra|32/100
|move|p2a: Mothra|Heat Wave|p1a: Dusclops|[spread] p1a,p1b
|-damage|p1a: Dusclops|69/100 brn
|-damage|p1b: Indeedee|9/100
|move|p2b: AC/DC|Dragon Pulse|p1b: Indeedee
|-damage|p1b: Indeedee|0 fnt
|faint|p1b: Indeedee
|
|-damage|p1a: Dusclops|63/100 brn|[from] brn
|-damage|p2b: AC/DC|20/100 brn|[from] brn
|upkeep
|turn|10
|
|t:|1757784341
|move|p1a: Dusclops|Haze|p1a: Dusclops
|-clearallboost
|move|p2a: Mothra|Heat Wave|p1a: Dusclops
|-damage|p1a: Dusclops|38/100 brn
|move|p2b: AC/DC|Dragon Pulse|p1a: Dusclops
|-damage|p1a: Dusclops|15/100 brn
|
|-damage|p1a: Dusclops|9/100 brn|[from] brn
|-damage|p2b: AC/DC|14/100 brn|[from] brn
|-fieldend|move: Trick Room
|upkeep
|turn|11
|
|t:|1757784354
|move|p2b: AC/DC|Dragon Pulse|p1a: Dusclops
|-damage|p1a: Dusclops|0 fnt
|faint|p1a: Dusclops
|
|win|bigmannikko
