|j|☆reaper of moons
|j|☆robby w
|html|reaper of moonsrobby w    
|uhtml|bestof|Game 1 of a best-of-3
|t:|1756868182
|gametype|doubles
|player|p1|reaper of moons|169|1039
|player|p2|robby w|pokefan-gen4|1083
|gen|9
|tier|[Gen 9] VGC 2025 Reg H (Bo3)
|rated|
|rule|Species Clause: Limit one of each Pokémon
|rule|Item Clause: Limit 1 of each item
|clearpoke
|poke|p1|Clefairy, L50, F|
|poke|p1|Kingambit, L50, F|
|poke|p1|Vikavolt, L50, M|
|poke|p1|Malamar, L50, F|
|poke|p1|Farigiraf, L50, M|
|poke|p1|Araquanid, L50, M|
|poke|p2|Dondozo, L50, F|
|poke|p2|Tatsugiri, L50, F|
|poke|p2|Sneasler, L50, F|
|poke|p2|Whimsicott, L50, F|
|poke|p2|Indeedee, L50, M|
|poke|p2|Hydreigon, L50, M|
|teampreview|4
|showteam|p1|Clefairy||Eviolite|FriendGuard|FollowMe,HelpingHand,Protect,HealPulse|||F|||50|,,,,,Steel]Kingambit||AssaultVest|Defiant|KowtowCleave,IronHead,SuckerPunch,StoneEdge|||F|||50|,,,,,Flying]Vikavolt||ChoiceSpecs|Levitate|VoltSwitch,Thunderbolt,AirSlash,EnergyBall|||M|||50|,,,,,Electric]Malamar||SitrusBerry|Contrary|Superpower,TrickRoom,Protect,KnockOff|||F|||50|,,,,,Fighting]Farigiraf||SafetyGoggles|ArmorTail|TrickRoom,Protect,HelpingHand,Psychic|||M|||50|,,,,,Fairy]Araquanid||ChoiceBand|WaterBubble|Liquidation,PoisonJab,LeechLife,Waterfall|||M|||50|,,,,,Water
|showteam|p2|Dondozo||Leftovers|Unaware|Protect,WaveCrash,Earthquake,OrderUp|||F|||50|,,,,,Grass]Tatsugiri||ChoiceScarf|Commander|DragonPulse,IcyWind,DracoMeteor,MuddyWater|||F|||50|,,,,,Stellar]Sneasler||PsychicSeed|Unburden|DireClaw,CloseCombat,Protect,ThroatChop|||F|||50|,,,,,Dark]Whimsicott||CovertCloak|Prankster|Tailwind,Moonblast,Taunt,HelpingHand|||F|||50|,,,,,Dark]Indeedee||FocusSash|PsychicSurge|ExpandingForce,TrickRoom,DazzlingGleam,Protect|||M|||50|,,,,,Fairy]Hydreigon||LifeOrb|Levitate|DracoMeteor,Snarl,HeatWave,Protect|||M|||50|,,,,,Steel
|
|t:|1756868245
|teamsize|p1|4
|teamsize|p2|4
|start
|switch|p1a: Farigiraf|Farigiraf, L50, M|100/100
|switch|p1b: Vikavolt|Vikavolt, L50, M|100/100
|switch|p2a: Whimsicott|Whimsicott, L50, F|100/100
|switch|p2b: Hydreigon|Hydreigon, L50, M|100/100
|turn|1
|inactive|Battle timer is ON: inactive players will automatically lose when time's up. (requested by robby w)
|inactive|robby w has 60 seconds left.
|
|t:|1756868283
|-terastallize|p1a: Farigiraf|Fairy
|move|p2a: Whimsicott|Helping Hand|p2b: Hydreigon
|-singleturn|p2b: Hydreigon|Helping Hand|[of] p2a: Whimsicott
|move|p2b: Hydreigon|Draco Meteor|p1a: Farigiraf
|-immune|p1a: Farigiraf
|move|p1b: Vikavolt|Volt Switch|p2a: Whimsicott
|-resisted|p2a: Whimsicott
|-damage|p2a: Whimsicott|48/100
|
|t:|1756868293
|switch|p1b: Malamar|Malamar, L50, F|100/100|[from] Volt Switch
|move|p1a: Farigiraf|Trick Room|p1a: Farigiraf
|-fieldstart|move: Trick Room|[of] p1a: Farigiraf
|
|upkeep
|turn|2
|
|t:|1756868317
|move|p2a: Whimsicott|Helping Hand|p2b: Hydreigon
|-singleturn|p2b: Hydreigon|Helping Hand|[of] p2a: Whimsicott
|move|p1b: Malamar|Protect|p1b: Malamar
|-singleturn|p1b: Malamar|Protect
|move|p1a: Farigiraf|Psychic|p2a: Whimsicott
|-damage|p2a: Whimsicott|0 fnt
|faint|p2a: Whimsicott
|move|p2b: Hydreigon|Heat Wave|p1b: Malamar|[spread] p1a
|-activate|p1b: Malamar|move: Protect
|-damage|p1a: Farigiraf|57/100
|-damage|p2b: Hydreigon|91/100|[from] item: Life Orb
|
|upkeep
|
|t:|1756868331
|switch|p2a: Indeedee|Indeedee, L50, M|100/100
|-fieldstart|move: Psychic Terrain|[from] ability: Psychic Surge|[of] p2a: Indeedee
|turn|3
|
|t:|1756868338
|switch|p1a: Clefairy|Clefairy, L50, F|100/100
|move|p2b: Hydreigon|Protect|p2b: Hydreigon
|-singleturn|p2b: Hydreigon|Protect
|move|p2a: Indeedee|Protect|p2a: Indeedee
|-singleturn|p2a: Indeedee|Protect
|move|p1b: Malamar|Superpower|p2b: Hydreigon
|-activate|p2b: Hydreigon|move: Protect
|
|upkeep
|turn|4
|inactive|robby w has 30 seconds left.
|
|t:|1756868366
|-terastallize|p2a: Indeedee|Fairy
|move|p1a: Clefairy|Helping Hand|p1b: Malamar
|-singleturn|p1b: Malamar|Helping Hand|[of] p1a: Clefairy
|move|p1b: Malamar|Superpower|p2b: Hydreigon
|-supereffective|p2b: Hydreigon
|-damage|p2b: Hydreigon|0 fnt
|-boost|p1b: Malamar|atk|1
|-boost|p1b: Malamar|def|1
|faint|p2b: Hydreigon
|move|p2a: Indeedee|Dazzling Gleam|p1b: Malamar|[spread] p1a,p1b
|-supereffective|p1b: Malamar
|-damage|p1a: Clefairy|76/100
|-damage|p1b: Malamar|58/100
|
|upkeep
|
|t:|1756868378
|switch|p2b: Sneasler|Sneasler, L50, F|100/100
|-enditem|p2b: Sneasler|Psychic Seed
|-boost|p2b: Sneasler|spd|1|[from] item: Psychic Seed
|turn|5
|
|t:|1756868395
|move|p1b: Malamar|Protect|p1b: Malamar
|-singleturn|p1b: Malamar|Protect
|move|p2a: Indeedee|Protect|p2a: Indeedee
|-singleturn|p2a: Indeedee|Protect
|move|p2b: Sneasler|Protect|p2b: Sneasler
|-singleturn|p2b: Sneasler|Protect
|move|p1a: Clefairy|Heal Pulse|p1b: Malamar
|-activate|p1b: Malamar|move: Protect
|
|-fieldend|move: Trick Room
|upkeep
|turn|6
|
|t:|1756868418
|move|p2b: Sneasler|Dire Claw|p1a: Clefairy
|-supereffective|p1a: Clefairy
|-damage|p1a: Clefairy|0 fnt
|faint|p1a: Clefairy
|move|p2a: Indeedee|Dazzling Gleam|p1b: Malamar
|-supereffective|p1b: Malamar
|-damage|p1b: Malamar|0 fnt
|faint|p1b: Malamar
|
|upkeep
|
|t:|1756868426
|switch|p1b: Vikavolt|Vikavolt, L50, M|100/100
|switch|p1a: Farigiraf|Farigiraf, L50, M, tera:Fairy|57/100
|turn|7
|inactive|robby w has 30 seconds left.
|
|t:|1756868455
|move|p2b: Sneasler|Dire Claw|p1b: Vikavolt
|-damage|p1b: Vikavolt|49/100
|move|p2a: Indeedee|Expanding Force|p1b: Vikavolt|[spread] p1a,p1b
|-damage|p1a: Farigiraf|12/100
|-damage|p1b: Vikavolt|0 fnt
|faint|p1b: Vikavolt
|move|p1a: Farigiraf|Psychic|p2b: Sneasler
|-supereffective|p2b: Sneasler
|-damage|p2b: Sneasler|0 fnt
|faint|p2b: Sneasler
|
|-fieldend|move: Psychic Terrain
|upkeep
|turn|8
|
|t:|1756868472
|move|p2a: Indeedee|Dazzling Gleam|p1a: Farigiraf
|-damage|p1a: Farigiraf|0 fnt
|faint|p1a: Farigiraf
|
|win|robby w
||robby w is ready for game 2.
||reaper of moons is ready for game 2.
|uhtml|next|Next: Game 2 of 3
