|j|☆MtDrumr
|j|☆KodeBeast0526
|html|MtDrumrKodeBeast0526    
|uhtml|bestof|Game 1 of a best-of-3
|t:|1756306869
|gametype|doubles
|player|p1|MtDrumr|265|1051
|player|p2|KodeBeast0526|wattson|1119
|gen|9
|tier|[Gen 9] VGC 2025 Reg H (Bo3)
|rated|
|rule|Species Clause: Limit one of each Pokémon
|rule|Item Clause: Limit 1 of each item
|clearpoke
|poke|p1|Indeedee-F, L50, F|
|poke|p1|Armarouge, L50, F|
|poke|p1|Kilowattrel, L50, F|
|poke|p1|Ursaluna, L50, F|
|poke|p1|Sinistcha, L50|
|poke|p1|Torkoal, L50, M|
|poke|p2|Indeedee-F, L50, F|
|poke|p2|Hatterene, L50, F|
|poke|p2|Gallade, L50, M|
|poke|p2|Ursaluna, L50, M|
|poke|p2|Lilligant-Hisui, L50, F|
|poke|p2|Torkoal, L50, M|
|teampreview|4
|showteam|p1|Indeedee-F||PsychicSeed|PsychicSurge|Psychic,FollowMe,TrickRoom,HelpingHand|||F|||50|,,,,,Grass]Armarouge||LifeOrb|FlashFire|TrickRoom,WideGuard,ExpandingForce,AuraSphere|||F|||50|,,,,,Grass]Kilowattrel||FocusSash|Competitive|Tailwind,Discharge,ScaryFace,Protect|||F|||50|,,,,,Electric]Ursaluna||FlameOrb|Guts|Protect,Earthquake,Facade,ShadowClaw|||F|||50|,,,,,Ghost]Sinistcha||Leftovers|Hospitality|TrickRoom,Imprison,RagePowder,MatchaGotcha||||||50|,,,,,Water]Torkoal||Charcoal|Drought|Protect,Eruption,WeatherBall,HelpingHand|||M|||50|,,,,,Fire
|showteam|p2|Indeedee-F||PsychicSeed|PsychicSurge|TrickRoom,FollowMe,HelpingHand,DazzlingGleam|||F|||50|,,,,,Fire]Hatterene||LifeOrb|MagicBounce|ExpandingForce,TrickRoom,DazzlingGleam,Protect|||F|||50|,,,,,Psychic]Gallade||ClearAmulet|Sharpness|PsychoCut,TrickRoom,SacredSword,WideGuard|||M|||50|,,,,,Grass]Ursaluna||FlameOrb|Guts|HeadlongRush,Facade,SwordsDance,Protect|||M|||50|,,,,,Ghost]Lilligant-Hisui||FocusSash|Chlorophyll|SolarBlade,SleepPowder,CloseCombat,AfterYou|||F|||50|,,,,,Ghost]Torkoal||ChoiceSpecs|Drought|Eruption,HeatWave,WeatherBall,EarthPower|||M|||50|,,,,,Fire
|
|t:|1756306899
|teamsize|p1|4
|teamsize|p2|4
|start
|switch|p1a: Sinistcha|Sinistcha, L50|100/100
|switch|p1b: Kilowattrel|Kilowattrel, L50, F|100/100
|switch|p2a: Torkoal|Torkoal, L50, M, shiny|100/100
|switch|p2b: Lilligant|Lilligant-Hisui, L50, F, shiny|100/100
|-weather|SunnyDay|[from] ability: Drought|[of] p2a: Torkoal
|turn|1
|
|t:|1756306910
|switch|p1b: Armarouge|Armarouge, L50, F|100/100
|-terastallize|p1a: Sinistcha|Water
|move|p2b: Lilligant|After You|p2a: Torkoal
|-activate|p2a: Torkoal|move: After You
|move|p2a: Torkoal|Eruption|p1b: Armarouge|[spread] p1a
|-start|p1b: Armarouge|ability: Flash Fire
|-resisted|p1a: Sinistcha
|-damage|p1a: Sinistcha|53/100
|move|p1a: Sinistcha|Trick Room|p1a: Sinistcha
|-fieldstart|move: Trick Room|[of] p1a: Sinistcha
|
|-weather|SunnyDay|[upkeep]
|-heal|p1a: Sinistcha|59/100|[from] item: Leftovers
|upkeep
|turn|2
|
|t:|1756306934
|move|p2a: Torkoal|Eruption|p1b: Armarouge|[spread] p1a
|-immune|p1b: Armarouge|[from] ability: Flash Fire
|-resisted|p1a: Sinistcha
|-damage|p1a: Sinistcha|11/100
|move|p1b: Armarouge|Expanding Force|p2b: Lilligant
|-supereffective|p2b: Lilligant
|-enditem|p2b: Lilligant|Focus Sash
|-damage|p2b: Lilligant|1/100
|-damage|p1b: Armarouge|90/100|[from] item: Life Orb
|move|p1a: Sinistcha|Matcha Gotcha|p2b: Lilligant|[spread] p2a,p2b
|-resisted|p2a: Torkoal
|-resisted|p2b: Lilligant
|-damage|p2a: Torkoal|84/100
|-heal|p1a: Sinistcha|20/100|[from] drain|[of] p2a: Torkoal
|-damage|p2b: Lilligant|0 fnt
|-heal|p1a: Sinistcha|20/100|[from] drain|[of] p2b: Lilligant
|faint|p2b: Lilligant
|
|-weather|SunnyDay|[upkeep]
|-heal|p1a: Sinistcha|26/100|[from] item: Leftovers
|upkeep
|
|t:|1756306942
|switch|p2b: Hatterene|Hatterene, L50, F, shiny|100/100
|turn|3
|
|t:|1756306959
|move|p1b: Armarouge|Wide Guard|p1b: Armarouge
|-singleturn|p1b: Armarouge|Wide Guard
|move|p2a: Torkoal|Eruption|p1a: Sinistcha|[spread] 
|-activate|p1a: Sinistcha|move: Wide Guard
|-activate|p1b: Armarouge|move: Wide Guard
|move|p2b: Hatterene|Expanding Force|p1a: Sinistcha
|-damage|p1a: Sinistcha|0 fnt
|faint|p1a: Sinistcha
|-damage|p2b: Hatterene|91/100|[from] item: Life Orb
|
|-weather|SunnyDay|[upkeep]
|upkeep
|
|t:|1756306971
|switch|p1a: Ursaluna|Ursaluna, L50, F|100/100
|turn|4
|
|t:|1756306980
|-terastallize|p2b: Hatterene|Psychic
|move|p1a: Ursaluna|Protect|p1a: Ursaluna
|-singleturn|p1a: Ursaluna|Protect
|move|p2a: Torkoal|Eruption|p1b: Armarouge|[spread] 
|-activate|p1a: Ursaluna|move: Protect
|-immune|p1b: Armarouge|[from] ability: Flash Fire
|move|p2b: Hatterene|Expanding Force|p1a: Ursaluna
|-activate|p1a: Ursaluna|move: Protect
|move|p1b: Armarouge|Expanding Force|p2a: Torkoal
|-damage|p2a: Torkoal|3/100
|-damage|p1b: Armarouge|80/100|[from] item: Life Orb
|
|-weather|SunnyDay|[upkeep]
|-status|p1a: Ursaluna|brn|[from] item: Flame Orb
|upkeep
|turn|5
|
|t:|1756307004
|switch|p1a: Kilowattrel|Kilowattrel, L50, F|100/100
|move|p2a: Torkoal|Eruption|p1b: Armarouge|[spread] p1a
|-immune|p1b: Armarouge|[from] ability: Flash Fire
|-damage|p1a: Kilowattrel|96/100
|move|p2b: Hatterene|Expanding Force|p1b: Armarouge
|-resisted|p1b: Armarouge
|-damage|p1b: Armarouge|37/100
|-damage|p2b: Hatterene|82/100|[from] item: Life Orb
|move|p1b: Armarouge|Expanding Force|p2b: Hatterene
|-resisted|p2b: Hatterene
|-damage|p2b: Hatterene|52/100
|-damage|p1b: Armarouge|27/100|[from] item: Life Orb
|
|-weather|none
|-fieldend|move: Trick Room
|upkeep
|turn|6
|
|t:|1756307021
|switch|p2a: Ursaluna|Ursaluna, L50, M, shiny|100/100
|move|p1b: Armarouge|Wide Guard|p1b: Armarouge
|-singleturn|p1b: Armarouge|Wide Guard
|move|p1a: Kilowattrel|Discharge|p2b: Hatterene|[spread] p2b
|-activate|p1b: Armarouge|move: Wide Guard
|-immune|p2a: Ursaluna
|-damage|p2b: Hatterene|22/100
|move|p2b: Hatterene|Trick Room|p2b: Hatterene
|-fieldstart|move: Trick Room|[of] p2b: Hatterene
|
|-status|p2a: Ursaluna|brn|[from] item: Flame Orb
|upkeep
|turn|7
|-message|MtDrumr forfeited.
|
|win|KodeBeast0526
|l|☆MtDrumr
|player|p1|
|raw|MtDrumr's rating: 1051 → 1037(-14 for losing)
|raw|KodeBeast0526's rating: 1119 → 1139(+20 for winning)
