|j|☆TrevenantHugger
|j|☆colemarcusvgc
|html|TrevenantHuggercolemarcusvgc    
|uhtml|bestof|Game 1 of a best-of-3
|t:|1756967586
|gametype|doubles
|player|p1|TrevenantHugger|170|1161
|player|p2|colemarcusvgc|n|1178
|gen|9
|tier|[Gen 9] VGC 2025 Reg H (Bo3)
|rated|
|rule|Species Clause: Limit one of each Pokémon
|rule|Item Clause: Limit 1 of each item
|clearpoke
|poke|p1|Incineroar, L50, M|
|poke|p1|Annihilape, L50, F|
|poke|p1|Rillaboom, L50, M|
|poke|p1|Electabuzz, L50, F|
|poke|p1|Sneasler, L50, M|
|poke|p1|Primarina, L50, F|
|poke|p2|Indeedee-F, L50, F|
|poke|p2|Hatterene, L50, F|
|poke|p2|Gallade, L50, M|
|poke|p2|Ursaluna, L50, M|
|poke|p2|Lilligant-Hisui, L50, F|
|poke|p2|Torkoal, L50, M|
|teampreview|4
|showteam|p1|Incineroar||SafetyGoggles|Intimidate|FakeOut,PartingShot,FlareBlitz,KnockOff|||M|||50|,,,,,Grass]Annihilape||Leftovers|Defiant|DrainPunch,RageFist,Protect,BulkUp|||F|||50|,,,,,Fire]Rillaboom||AssaultVest|GrassySurge|GrassyGlide,FakeOut,DrumBeating,Uturn|||M|||50|,,,,,Fire]Electabuzz||Eviolite|VitalSpirit|FollowMe,Electroweb,Taunt,VoltSwitch|||F|||50|,,,,,Ghost]Sneasler||FocusSash|Unburden|CloseCombat,DireClaw,FakeOut,Protect|||M|||50|,,,,,Ghost]Primarina||SitrusBerry|LiquidVoice|Protect,HyperVoice,Moonblast,CalmMind|||F|||50|,,,,,Water
|showteam|p2|Indeedee-F||PsychicSeed|PsychicSurge|TrickRoom,FollowMe,HelpingHand,DazzlingGleam|||F|||50|,,,,,Fire]Hatterene||LifeOrb|MagicBounce|ExpandingForce,TrickRoom,DazzlingGleam,Protect|||F|||50|,,,,,Psychic]Gallade||ClearAmulet|Sharpness|PsychoCut,TrickRoom,SacredSword,WideGuard|||M|||50|,,,,,Grass]Ursaluna||FlameOrb|Guts|HeadlongRush,Facade,SwordsDance,Protect|||M|||50|,,,,,Ghost]Lilligant-Hisui||FocusSash|Chlorophyll|SolarBlade,SleepPowder,CloseCombat,AfterYou|||F|||50|,,,,,Ghost]Torkoal||ChoiceSpecs|Drought|Eruption,HeatWave,WeatherBall,EarthPower|||M|||50|,,,,,Fire
|inactive|Battle timer is ON: inactive players will automatically lose when time's up. (requested by TrevenantHugger)
|inactive|colemarcusvgc has 60 seconds left.
|
|t:|1756967642
|teamsize|p1|4
|teamsize|p2|4
|start
|switch|p1a: Primarina|Primarina, L50, F|100/100
|switch|p1b: Sneasler|Sneasler, L50, M|100/100
|switch|p2a: Lilligant|Lilligant-Hisui, L50, F|100/100
|switch|p2b: Torkoal|Torkoal, L50, M|100/100
|-weather|SunnyDay|[from] ability: Drought|[of] p2b: Torkoal
|turn|1
|
|t:|1756967658
|-terastallize|p2b: Torkoal|Fire
|move|p2a: Lilligant|After You|p2b: Torkoal
|-activate|p2b: Torkoal|move: After You
|move|p2b: Torkoal|Eruption|p1a: Primarina|[spread] p1a,p1b
|-resisted|p1a: Primarina
|-damage|p1a: Primarina|43/100
|-enditem|p1b: Sneasler|Focus Sash
|-damage|p1b: Sneasler|1/100
|-enditem|p1a: Primarina|Sitrus Berry|[eat]
|-heal|p1a: Primarina|68/100|[from] item: Sitrus Berry
|move|p1b: Sneasler|Dire Claw|p2b: Torkoal
|-damage|p2b: Torkoal|71/100
|-status|p2b: Torkoal|psn
|move|p1a: Primarina|Calm Mind|p1a: Primarina
|-boost|p1a: Primarina|spa|1
|-boost|p1a: Primarina|spd|1
|
|-weather|SunnyDay|[upkeep]
|-damage|p2b: Torkoal|59/100 psn|[from] psn
|upkeep
|turn|2
|
|t:|1756967681
|move|p1a: Primarina|Protect|p1a: Primarina
|-singleturn|p1a: Primarina|Protect
|move|p1b: Sneasler|Dire Claw|p2a: Lilligant
|-supereffective|p2a: Lilligant
|-enditem|p2a: Lilligant|Focus Sash
|-damage|p2a: Lilligant|1/100
|-status|p2a: Lilligant|slp
|cant|p2a: Lilligant|slp
|move|p2b: Torkoal|Eruption|p1a: Primarina|[spread] p1b
|-activate|p1a: Primarina|move: Protect
|-damage|p1b: Sneasler|0 fnt
|faint|p1b: Sneasler
|
|-weather|SunnyDay|[upkeep]
|-damage|p2b: Torkoal|46/100 psn|[from] psn
|upkeep
|
|t:|1756967692
|switch|p1b: Incineroar|Incineroar, L50, M|100/100
|-ability|p1b: Incineroar|Intimidate|boost
|-unboost|p2a: Lilligant|atk|1
|-unboost|p2b: Torkoal|atk|1
|turn|3
|
|t:|1756967703
|cant|p2a: Lilligant|slp
|move|p1a: Primarina|Calm Mind|p1a: Primarina
|-boost|p1a: Primarina|spa|1
|-boost|p1a: Primarina|spd|1
|move|p1b: Incineroar|Knock Off|p2b: Torkoal
|-damage|p2b: Torkoal|17/100 psn
|-enditem|p2b: Torkoal|Choice Specs|[from] move: Knock Off|[of] p1b: Incineroar
|move|p2b: Torkoal|Eruption|p1b: Incineroar|[spread] p1a,p1b
|-resisted|p1a: Primarina
|-resisted|p1b: Incineroar
|-damage|p1a: Primarina|65/100
|-damage|p1b: Incineroar|94/100
|
|-weather|SunnyDay|[upkeep]
|-damage|p2b: Torkoal|4/100 psn|[from] psn
|upkeep
|turn|4
|
|t:|1756967727
|switch|p2a: Indeedee|Indeedee-F, L50, F|100/100
|-fieldstart|move: Psychic Terrain|[from] ability: Psychic Surge|[of] p2a: Indeedee
|-enditem|p2a: Indeedee|Psychic Seed
|-boost|p2a: Indeedee|spd|1|[from] item: Psychic Seed
|switch|p1b: Rillaboom|Rillaboom, L50, M|100/100
|-fieldstart|move: Grassy Terrain|[from] ability: Grassy Surge|[of] p1b: Rillaboom
|move|p1a: Primarina|Hyper Voice|p2b: Torkoal|[spread] p2a,p2b
|-supereffective|p2b: Torkoal
|-damage|p2a: Indeedee|78/100
|-damage|p2b: Torkoal|0 fnt
|faint|p2b: Torkoal
|
|-weather|SunnyDay|[upkeep]
|-heal|p2a: Indeedee|85/100|[from] Grassy Terrain
|-heal|p1a: Primarina|71/100|[from] Grassy Terrain
|upkeep
|
|t:|1756967742
|switch|p2b: Hatterene|Hatterene, L50, F, shiny|100/100
|turn|5
|
|t:|1756967760
|switch|p2a: Lilligant|Lilligant-Hisui, L50, F|1/100 slp
|move|p1b: Rillaboom|U-turn|p2b: Hatterene
|-damage|p2b: Hatterene|73/100
|
|t:|1756967765
|switch|p1b: Incineroar|Incineroar, L50, M|94/100|[from] U-turn
|-ability|p1b: Incineroar|Intimidate|boost
|-unboost|p2a: Lilligant|atk|1
|-unboost|p2b: Hatterene|atk|1
|move|p1a: Primarina|Calm Mind|p1a: Primarina
|-boost|p1a: Primarina|spa|1
|-boost|p1a: Primarina|spd|1
|move|p2b: Hatterene|Trick Room|p2b: Hatterene
|-fieldstart|move: Trick Room|[of] p2b: Hatterene
|
|-weather|none
|-heal|p2b: Hatterene|78/100|[from] Grassy Terrain
|-heal|p1b: Incineroar|99/100|[from] Grassy Terrain
|-heal|p1a: Primarina|76/100|[from] Grassy Terrain
|-heal|p2a: Lilligant|7/100 slp|[from] Grassy Terrain
|upkeep
|turn|6
|
|t:|1756967784
|switch|p2a: Indeedee|Indeedee-F, L50, F|85/100
|-fieldstart|move: Psychic Terrain|[from] ability: Psychic Surge|[of] p2a: Indeedee
|move|p2b: Hatterene|Dazzling Gleam|p1b: Incineroar|[spread] p1a,p1b
|-damage|p1a: Primarina|61/100
|-damage|p1b: Incineroar|63/100
|-damage|p2b: Hatterene|69/100|[from] item: Life Orb
|move|p1b: Incineroar|Knock Off|p2b: Hatterene
|-damage|p2b: Hatterene|23/100
|-enditem|p2b: Hatterene|Life Orb|[from] move: Knock Off|[of] p1b: Incineroar
|move|p1a: Primarina|Hyper Voice|p2a: Indeedee|[spread] p2a,p2b
|-damage|p2a: Indeedee|8/100
|-damage|p2b: Hatterene|0 fnt
|faint|p2b: Hatterene
|
|upkeep
|
|t:|1756967798
|switch|p2b: Lilligant|Lilligant-Hisui, L50, F|7/100 slp
|turn|7
|
|t:|1756967802
|move|p1b: Incineroar|Knock Off|p2a: Indeedee
|-supereffective|p2a: Indeedee
|-damage|p2a: Indeedee|0 fnt
|faint|p2a: Indeedee
|move|p1a: Primarina|Hyper Voice|p2b: Lilligant
|-resisted|p2b: Lilligant
|-damage|p2b: Lilligant|0 fnt
|faint|p2b: Lilligant
|
|win|TrevenantHugger
