|j|☆viatles
|j|☆greenjustin14
|html|viatlesgreenjustin14    
|uhtml|bestof|Game 1 of a best-of-3
|t:|1785723868
|gametype|doubles
|player|p1|viatles|hiker|1067
|player|p2|greenjustin14|giovanni|1000
|gen|9
|tier|[Gen 9 Champions] VGC 2026 Reg M-B (Bo3)
|rated|
|rule|Species Clause: Limit one of each Pokémon
|rule|Item Clause: Limit 1 of each item
|clearpoke
|poke|p1|Beedrill, L50, F, shiny|
|poke|p1|Milotic, L50, M, shiny|
|poke|p1|Farigiraf, L50, F|
|poke|p1|Palafin, L50, F|
|poke|p1|Sableye, L50, M|
|poke|p1|Raichu, L50, M|
|poke|p2|Charizard, L50, M|
|poke|p2|Glimmora, L50, F|
|poke|p2|Whimsicott, L50, F|
|poke|p2|Dragonite, L50, M|
|poke|p2|Mamoswine, L50, F|
|poke|p2|Annihilape, L50, F|
|teampreview|4
|showteam|p1|Beedrill||Beedrillite|Swarm|Uturn,DrillRun,PoisonJab,Protect|Jolly||F|||50|]Milotic||Leftovers|Competitive|IceBeam,Scald,Protect,Recover|Bold||M|||50|]Farigiraf||SitrusBerry|ArmorTail|TrickRoom,Thunderbolt,TwinBeam,RainDance|Bold||F|||50|]Palafin||MysticWater|ZerotoHero|JetPunch,WaveCrash,Protect,DrainPunch|Adamant||F|||50|]Sableye||RoseliBerry|Prankster|FakeOut,FoulPlay,RainDance,Quash|Sassy||M|||50|]Raichu||RaichuniteY|LightningRod|FakeOut,ZapCannon,FocusBlast,Protect|Timid||M|||50|
|showteam|p2|Charizard||CharizarditeY|Blaze|WeatherBall,HeatWave,SolarBeam,Protect|Timid||M|||50|]Glimmora||Glimmoranite|ToxicDebris|SludgeBomb,PowerGem,EarthPower,SpikyShield|Timid||F|||50|]Whimsicott||FocusSash|Prankster|Moonblast,Tailwind,Encore,LightScreen|Bold||F|||50|]Dragonite||DragonFang|InnerFocus|DragonClaw,ExtremeSpeed,LowKick,Protect|Jolly||M|||50|]Mamoswine||LifeOrb|Oblivious|HighHorsepower,IceShard,Earthquake,Protect|Jolly||F|||50|]Annihilape||ChoiceScarf|Defiant|PhantomForce,CloseCombat,RockTomb,Taunt|Jolly||F|||50|
|c|☆viatles|gl hf
|inactive|Battle timer is ON: inactive players will automatically lose when time's up. (requested by viatles)
|
|t:|1785723896
|teamsize|p1|4
|teamsize|p2|4
|start
|switch|p1a: Malsumas|Beedrill, L50, F, shiny|100/100
|switch|p1b: Sableye|Sableye, L50, M|100/100
|switch|p2a: Glimmora|Glimmora, L50, F|100/100
|switch|p2b: Whimsicott|Whimsicott, L50, F|100/100
|turn|1
|
|t:|1785723916
|detailschange|p1a: Malsumas|Beedrill-Mega, L50, F, shiny
|-mega|p1a: Malsumas|Beedrill|Beedrillite
|move|p1b: Sableye|Fake Out|p2b: Whimsicott
|-damage|p2b: Whimsicott|92/100
|cant|p2b: Whimsicott|flinch
|move|p1a: Malsumas|U-turn|p2b: Whimsicott
|-damage|p2b: Whimsicott|49/100
|
|t:|1785723924
|switch|p1a: Pentious|Milotic, L50, M, shiny|100/100|[from] U-turn
|move|p2a: Glimmora|Power Gem|p1a: Pentious
|-damage|p1a: Pentious|69/100
|
|-heal|p1a: Pentious|76/100|[from] item: Leftovers
|upkeep
|turn|2
|
|t:|1785723948
|move|p2b: Whimsicott|Tailwind|p2b: Whimsicott
|-sidestart|p2: greenjustin14|move: Tailwind
|move|p2a: Glimmora|Earth Power|p1b: Sableye
|-damage|p1b: Sableye|65/100
|-unboost|p1b: Sableye|spd|1
|move|p1a: Pentious|Ice Beam|p2b: Whimsicott
|-supereffective|p2b: Whimsicott|1
|-damage|p2b: Whimsicott|0 fnt
|faint|p2b: Whimsicott
|move|p1b: Sableye|Foul Play|p2a: Glimmora
|-damage|p2a: Glimmora|78/100
|-activate|p2a: Glimmora|ability: Toxic Debris
|-sidestart|p1: viatles|move: Toxic Spikes
|
|-heal|p1a: Pentious|82/100|[from] item: Leftovers
|upkeep
|
|t:|1785723964
|switch|p2b: Charizard|Charizard, L50, M|100/100
|turn|3
|
|t:|1785723978
|detailschange|p2b: Charizard|Charizard-Mega-Y, L50, M
|-mega|p2b: Charizard|Charizard|Charizardite Y
|-weather|SunnyDay|[from] ability: Drought|[of] p2b: Charizard
|move|p1b: Sableye|Rain Dance|p1b: Sableye
|-weather|RainDance
|move|p2b: Charizard|Solar Beam||[still]
|-prepare|p2b: Charizard|Solar Beam
|move|p2a: Glimmora|Earth Power|p1a: Pentious
|-damage|p1a: Pentious|59/100
|move|p1a: Pentious|Scald|p2a: Glimmora
|-supereffective|p2a: Glimmora|1
|-damage|p2a: Glimmora|0 fnt
|faint|p2a: Glimmora
|
|-weather|RainDance|[upkeep]
|-heal|p1a: Pentious|65/100|[from] item: Leftovers
|upkeep
|
|t:|1785723991
|switch|p2a: Mamoswine|Mamoswine, L50, F|100/100
|turn|4
|
|t:|1785723998
|move|p1a: Pentious|Protect|p1a: Pentious
|-singleturn|p1a: Pentious|Protect
|move|p2b: Charizard|Solar Beam|p1a: Pentious|[from] lockedmove
|-activate|p1a: Pentious|move: Protect
|move|p2a: Mamoswine|Earthquake|p1b: Sableye|[spread] p1b
|-activate|p1a: Pentious|move: Protect
|-immune|p2b: Charizard
|-damage|p1b: Sableye|0 fnt
|faint|p1b: Sableye
|-damage|p2a: Mamoswine|90/100|[from] item: Life Orb
|
|-weather|RainDance|[upkeep]
|-heal|p1a: Pentious|71/100|[from] item: Leftovers
|upkeep
|
|t:|1785724012
|switch|p1b: Malsumas|Beedrill-Mega, L50, F, shiny|100/100
|-sideend|p1: viatles|move: Toxic Spikes|[of] p1b: Malsumas
|turn|5
|
|t:|1785724023
|switch|p1a: Wife's favorite|Palafin, L50, F|100/100
|move|p1b: Malsumas|Protect|p1b: Malsumas
|-singleturn|p1b: Malsumas|Protect
|move|p2b: Charizard|Heat Wave|p1b: Malsumas|[spread] p1a
|-activate|p1b: Malsumas|move: Protect
|-resisted|p1a: Wife's favorite|1
|-damage|p1a: Wife's favorite|87/100
|move|p2a: Mamoswine|Earthquake|p1a: Wife's favorite|[spread] p1a
|-activate|p1b: Malsumas|move: Protect
|-immune|p2b: Charizard
|-damage|p1a: Wife's favorite|30/100
|-damage|p2a: Mamoswine|80/100|[from] item: Life Orb
|
|-weather|RainDance|[upkeep]
|-sideend|p2: greenjustin14|move: Tailwind
|upkeep
|turn|6
|
|t:|1785724041
|detailschange|p1a: Wife's favorite|Palafin-Hero, L50, F
|switch|p1a: Pentious|Milotic, L50, M, shiny|71/100
|move|p1b: Malsumas|U-turn|p2a: Mamoswine
|-crit|p2a: Mamoswine
|-damage|p2a: Mamoswine|0 fnt
|faint|p2a: Mamoswine
|
|t:|1785724047
|switch|p1b: Wife's favorite|Palafin-Hero, L50, F|30/100|[from] U-turn
|-activate|p1b: Wife's favorite|ability: Zero to Hero
|move|p2b: Charizard|Heat Wave|p1a: Pentious|[spread] p1a,p1b
|-resisted|p1a: Pentious|1
|-resisted|p1b: Wife's favorite|1
|-damage|p1a: Pentious|64/100
|-damage|p1b: Wife's favorite|21/100
|
|-weather|RainDance|[upkeep]
|-heal|p1a: Pentious|70/100|[from] item: Leftovers
|upkeep
|turn|7
|-message|greenjustin14 forfeited.
|
|win|viatles
|l|☆greenjustin14
|player|p2|
|raw|viatles's rating: 1067 → 1091(+24 for winning)
|raw|greenjustin14's rating: 1000 → 1000(+0 for losing)
