|j|☆7amont
|j|☆bosspark1737376
|html|7amontbosspark1737376    
|uhtml|bestof|Game 1 of a best-of-3
|t:|1783386230
|gametype|doubles
|player|p1|7amont|170|1128
|player|p2|bosspark1737376|swimmerf|1165
|gen|9
|tier|[Gen 9 Champions] VGC 2026 Reg M-B (Bo3)
|rated|
|rule|Species Clause: Limit one of each Pokémon
|rule|Item Clause: Limit 1 of each item
|clearpoke
|poke|p1|Grimmsnarl, L50, M|
|poke|p1|Dragalge, L50, M|
|poke|p1|Metagross, L50|
|poke|p1|Milotic, L50, M|
|poke|p1|Incineroar, L50, F|
|poke|p1|Meowscarada, L50, M|
|poke|p2|Gardevoir, L50, F, shiny|
|poke|p2|Sinistcha, L50|
|poke|p2|Incineroar, L50, F|
|poke|p2|Kingambit, L50, M|
|poke|p2|Garchomp, L50, F|
|poke|p2|Raichu, L50, M|
|teampreview|4
|showteam|p1|Grimmsnarl||LightClay|Prankster|Reflect,LightScreen,SuckerPunch,PartingShot|Adamant||M|||50|]Dragalge||Dragalgite|Adaptability|Protect,SludgeBomb,DracoMeteor,ShadowBall|Quiet||M|||50|]Metagross||Metagrossite|ClearBody|Protect,PsychicFangs,IronHead,HammerArm|Jolly|||||50|]Milotic||Leftovers|Competitive|Protect,Scald,LifeDew,Haze|Bold||M|||50|]Incineroar||SitrusBerry|Intimidate|FakeOut,FlareBlitz,DarkestLariat,PartingShot|Adamant||F|||50|]Meowscarada||ChoiceScarf|Protean|Uturn,SuckerPunch,FlowerTrick,PlayRough|Adamant||M|||50|
|showteam|p2|Gardevoir||Gardevoirite|Telepathy|HyperVoice,Psychic,CalmMind,Protect|Modest||F|||50|]Sinistcha||ColburBerry|Hospitality|MatchaGotcha,RagePowder,LifeDew,Protect|Bold|||||50|]Incineroar||SitrusBerry|Intimidate|FakeOut,FlareBlitz,ThroatChop,PartingShot|Impish||F|||50|]Kingambit||ChopleBerry|Defiant|KowtowCleave,SuckerPunch,SwordsDance,Protect|Adamant||M|||50|]Garchomp||LifeOrb|RoughSkin|DragonClaw,RockSlide,StompingTantrum,Protect|Jolly||F|||50|]Raichu||RaichuniteY|LightningRod|FakeOut,ZapCannon,FocusBlast,Protect|Timid||M|||50|
|
|t:|1783386256
|teamsize|p1|4
|teamsize|p2|4
|start
|switch|p1a: Grimmsnarl|Grimmsnarl, L50, M|100/100
|switch|p1b: Metagross|Metagross, L50|100/100
|switch|p2a: Gardevoir|Gardevoir, L50, F, shiny|100/100
|switch|p2b: Incineroar|Incineroar, L50, F|100/100
|-ability|p2b: Incineroar|Intimidate|boost
|-unboost|p1a: Grimmsnarl|atk|1
|-fail|p1b: Metagross|unboost|[from] ability: Clear Body|[of] p1b: Metagross
|turn|1
|
|t:|1783386273
|switch|p1b: Milotic|Milotic, L50, M|100/100
|detailschange|p2a: Gardevoir|Gardevoir-Mega, L50, F, shiny
|-mega|p2a: Gardevoir|Gardevoir|Gardevoirite
|move|p2b: Incineroar|Fake Out|p1b: Milotic
|-damage|p1b: Milotic|90/100
|move|p1a: Grimmsnarl|Light Screen|p1a: Grimmsnarl
|-sidestart|p1: 7amont|move: Light Screen
|move|p2a: Gardevoir|Calm Mind|p2a: Gardevoir
|-boost|p2a: Gardevoir|spa|1
|-boost|p2a: Gardevoir|spd|1
|
|-heal|p1b: Milotic|96/100|[from] item: Leftovers
|upkeep
|turn|2
|
|t:|1783386293
|move|p1a: Grimmsnarl|Parting Shot|p2a: Gardevoir
|-unboost|p2a: Gardevoir|atk|1
|-unboost|p2a: Gardevoir|spa|1
|
|t:|1783386299
|switch|p1a: Metagross|Metagross, L50|100/100|[from] Parting Shot
|move|p2a: Gardevoir|Hyper Voice|p1b: Milotic|[spread] p1a,p1b
|-resisted|p1a: Metagross|1
|-damage|p1a: Metagross|78/100
|-damage|p1b: Milotic|72/100
|move|p1b: Milotic|Scald|p2b: Incineroar
|-supereffective|p2b: Incineroar|1
|-damage|p2b: Incineroar|37/100
|-enditem|p2b: Incineroar|Sitrus Berry|[eat]
|-heal|p2b: Incineroar|62/100|[from] item: Sitrus Berry
|move|p2b: Incineroar|Throat Chop|p1b: Milotic
|-damage|p1b: Milotic|44/100
|-start|p1b: Milotic|Throat Chop|[silent]
|
|-heal|p1b: Milotic|50/100y|[from] item: Leftovers
|upkeep
|turn|3
|
|t:|1783386318
|switch|p1a: Grimmsnarl|Grimmsnarl, L50, M|100/100
|move|p2a: Gardevoir|Protect|p2a: Gardevoir
|-singleturn|p2a: Gardevoir|Protect
|move|p1b: Milotic|Scald|p2b: Incineroar
|-supereffective|p2b: Incineroar|1
|-damage|p2b: Incineroar|2/100
|move|p2b: Incineroar|Parting Shot|p1a: Grimmsnarl
|-unboost|p1a: Grimmsnarl|atk|1
|-unboost|p1a: Grimmsnarl|spa|1
|
|t:|1783386329
|switch|p2b: Sinistcha|Sinistcha, L50|100/100|[from] Parting Shot
|
|-heal|p1b: Milotic|55/100|[from] item: Leftovers
|-end|p1b: Milotic|Throat Chop|[silent]
|upkeep
|turn|4
|
|t:|1783386354
|move|p2b: Sinistcha|Rage Powder|p2b: Sinistcha
|-singleturn|p2b: Sinistcha|move: Rage Powder
|move|p1a: Grimmsnarl|Parting Shot|p2b: Sinistcha
|-unboost|p2b: Sinistcha|atk|1
|-unboost|p2b: Sinistcha|spa|1
|
|t:|1783386358
|switch|p1a: Metagross|Metagross, L50|78/100|[from] Parting Shot
|move|p2a: Gardevoir|Calm Mind|p2a: Gardevoir
|-boost|p2a: Gardevoir|spa|1
|-boost|p2a: Gardevoir|spd|1
|move|p1b: Milotic|Life Dew|p1b: Milotic|[spread] p1a,p1b
|-heal|p1a: Metagross|100/100
|-heal|p1b: Milotic|81/100
|
|-heal|p1b: Milotic|87/100|[from] item: Leftovers
|upkeep
|turn|5
|
|t:|1783386375
|move|p1a: Metagross|Protect|p1a: Metagross
|-singleturn|p1a: Metagross|Protect
|move|p2b: Sinistcha|Rage Powder|p2b: Sinistcha
|-singleturn|p2b: Sinistcha|move: Rage Powder
|move|p2a: Gardevoir|Calm Mind|p2a: Gardevoir
|-boost|p2a: Gardevoir|spa|1
|-boost|p2a: Gardevoir|spd|1
|move|p1b: Milotic|Haze|p1b: Milotic
|-clearallboost
|
|-heal|p1b: Milotic|93/100|[from] item: Leftovers
|upkeep
|turn|6
|
|t:|1783386398
|switch|p2a: Kingambit|Kingambit, L50, M|100/100
|switch|p1b: Grimmsnarl|Grimmsnarl, L50, M|100/100
|detailschange|p1a: Metagross|Metagross-Mega, L50
|-mega|p1a: Metagross|Metagross|Metagrossite
|move|p2b: Sinistcha|Rage Powder|p2b: Sinistcha
|-singleturn|p2b: Sinistcha|move: Rage Powder
|move|p1a: Metagross|Iron Head|p2b: Sinistcha
|-crit|p2b: Sinistcha
|-damage|p2b: Sinistcha|26/100
|
|upkeep
|turn|7
|
|t:|1783386417
|switch|p1a: Milotic|Milotic, L50, M|93/100
|switch|p2b: Incineroar|Incineroar, L50, F|2/100
|-ability|p2b: Incineroar|Intimidate|boost
|-unboost|p1a: Milotic|atk|1
|-ability|p1a: Milotic|Competitive|boost
|-boost|p1a: Milotic|spa|2
|-unboost|p1b: Grimmsnarl|atk|1
|move|p1b: Grimmsnarl|Parting Shot|p2b: Incineroar
|-hint|Since gen 7, Dark is immune to Prankster moves.
|-immune|p2b: Incineroar
|move|p2a: Kingambit|Swords Dance|p2a: Kingambit
|-boost|p2a: Kingambit|atk|2
|
|-heal|p1a: Milotic|99/100|[from] item: Leftovers
|upkeep
|turn|8
|
|t:|1783386435
|move|p1a: Milotic|Protect|p1a: Milotic
|-singleturn|p1a: Milotic|Protect
|move|p2b: Incineroar|Fake Out|p1a: Milotic
|-activate|p1a: Milotic|move: Protect
|move|p1b: Grimmsnarl|Reflect|p1b: Grimmsnarl
|-sidestart|p1: 7amont|Reflect
|move|p2a: Kingambit|Kowtow Cleave|p1b: Grimmsnarl
|-resisted|p1b: Grimmsnarl|2
|-damage|p1b: Grimmsnarl|79/100
|
|-heal|p1a: Milotic|100/100|[from] item: Leftovers
|-sideend|p1: 7amont|move: Light Screen
|upkeep
|turn|9
|
|t:|1783386459
|move|p1b: Grimmsnarl|Sucker Punch||[still]
|-fail|p1b: Grimmsnarl
|move|p1a: Milotic|Scald|p2a: Kingambit
|-damage|p2a: Kingambit|28/100
|move|p2b: Incineroar|Parting Shot|p1b: Grimmsnarl
|-unboost|p1b: Grimmsnarl|atk|1
|-unboost|p1b: Grimmsnarl|spa|1
|
|t:|1783386466
|switch|p2b: Sinistcha|Sinistcha, L50|26/100|[from] Parting Shot
|-heal|p2a: Kingambit|53/100|[from] ability: Hospitality|[of] p2b: Sinistcha
|move|p2a: Kingambit|Kowtow Cleave|p1a: Milotic
|-damage|p1a: Milotic|41/100
|
|-heal|p1a: Milotic|47/100|[from] item: Leftovers
|upkeep
|turn|10
|
|t:|1783386481
|move|p1b: Grimmsnarl|Parting Shot|p2b: Sinistcha
|-unboost|p2b: Sinistcha|atk|1
|-unboost|p2b: Sinistcha|spa|1
|
|t:|1783386489
|switch|p1b: Meowscarada|Meowscarada, L50, M|100/100|[from] Parting Shot
|move|p1a: Milotic|Life Dew||[still]|[spread] p1a,p1b
|-heal|p1a: Milotic|72/100
|-fail|p1b: Meowscarada|heal
|move|p2b: Sinistcha|Life Dew|p2b: Sinistcha|[spread] p2a,p2b
|-heal|p2a: Kingambit|78/100
|-heal|p2b: Sinistcha|52/100
|move|p2a: Kingambit|Kowtow Cleave|p1a: Milotic
|-damage|p1a: Milotic|10/100
|
|-heal|p1a: Milotic|16/100|[from] item: Leftovers
|upkeep
|turn|11
|
|t:|1783386528
|switch|p1a: Grimmsnarl|Grimmsnarl, L50, M|79/100
|move|p1b: Meowscarada|U-turn|p2a: Kingambit
|-start|p1b: Meowscarada|typechange|Bug|[from] ability: Protean
|-damage|p2a: Kingambit|54/100
|
|t:|1783386555
|switch|p1b: Milotic|Milotic, L50, M|16/100|[from] U-turn
|move|p2b: Sinistcha|Life Dew|p2b: Sinistcha|[spread] p2a,p2b
|-heal|p2a: Kingambit|79/100
|-heal|p2b: Sinistcha|77/100
|move|p2a: Kingambit|Kowtow Cleave|p1a: Grimmsnarl
|-resisted|p1a: Grimmsnarl|2
|-damage|p1a: Grimmsnarl|60/100
|
|-heal|p1b: Milotic|22/100|[from] item: Leftovers
|upkeep
|turn|12
|
|t:|1783386571
|move|p1a: Grimmsnarl|Parting Shot|p2b: Sinistcha
|-unboost|p2b: Sinistcha|atk|1
|-unboost|p2b: Sinistcha|spa|1
|
|t:|1783386574
|switch|p1a: Meowscarada|Meowscarada, L50, M|100/100|[from] Parting Shot
|move|p1b: Milotic|Haze|p1b: Milotic
|-clearallboost
|move|p2b: Sinistcha|Matcha Gotcha|p1a: Meowscarada|[spread] p1a,p1b
|-resisted|p1a: Meowscarada|1
|-supereffective|p1b: Milotic|1
|-damage|p1a: Meowscarada|81/100
|-heal|p2b: Sinistcha|85/100|[from] drain|[of] p1a: Meowscarada
|-damage|p1b: Milotic|0 fnt
|-heal|p2b: Sinistcha|98/100|[from] drain|[of] p1b: Milotic
|faint|p1b: Milotic
|move|p2a: Kingambit|Kowtow Cleave|p1a: Meowscarada
|-resisted|p1a: Meowscarada|1
|-damage|p1a: Meowscarada|58/100
|
|upkeep
|
|t:|1783386581
|switch|p1b: Metagross|Metagross-Mega, L50|100/100
|turn|13
|
|t:|1783386605
|move|p2b: Sinistcha|Rage Powder|p2b: Sinistcha
|-singleturn|p2b: Sinistcha|move: Rage Powder
|move|p1a: Meowscarada|Sucker Punch||[still]
|-fail|p1a: Meowscarada
|move|p1b: Metagross|Hammer Arm|p2b: Sinistcha
|-immune|p2b: Sinistcha
|move|p2a: Kingambit|Swords Dance|p2a: Kingambit
|-boost|p2a: Kingambit|atk|2
|
|upkeep
|turn|14
|
|t:|1783386619
|switch|p1a: Grimmsnarl|Grimmsnarl, L50, M|60/100
|switch|p2b: Incineroar|Incineroar, L50, F|2/100
|-ability|p2b: Incineroar|Intimidate|boost
|-unboost|p1a: Grimmsnarl|atk|1
|-unboost|p1b: Metagross|atk|1
|move|p1b: Metagross|Protect|p1b: Metagross
|-singleturn|p1b: Metagross|Protect
|move|p2a: Kingambit|Protect||[still]
|-fail|p2a: Kingambit
|
|upkeep
|turn|15
|-message|7amont forfeited.
|
|win|bosspark1737376
|l|☆7amont
|player|p1|
|raw|7amont's rating: 1128 → 1106(-22 for losing)
|raw|bosspark1737376's rating: 1165 → 1187(+22 for winning)
