|j|☆cqanqka
|j|☆giimbe
|html|cqanqkagiimbe    
|uhtml|bestof|Game 2 of a best-of-3
|t:|1757775322
|gametype|doubles
|player|p1|cqanqka|169|
|player|p2|giimbe|cynthia|
|gen|9
|tier|[Gen 9] VGC 2025 Reg H (Bo3)
|rule|Species Clause: Limit one of each Pokémon
|rule|Item Clause: Limit 1 of each item
|clearpoke
|poke|p1|Incineroar, L50, F|
|poke|p1|Ursaluna-Bloodmoon, L50, M|
|poke|p1|Amoonguss, L50, M|
|poke|p1|Porygon2, L50|
|poke|p1|Gholdengo, L50|
|poke|p1|Farigiraf, L50, M|
|poke|p2|Annihilape, L50, M|
|poke|p2|Ninetales-Alola, L50, F|
|poke|p2|Talonflame, L50, F|
|poke|p2|Garchomp, L50, M|
|poke|p2|Vivillon-Ocean, L50, F|
|poke|p2|Gholdengo, L50|
|teampreview|4
|showteam|p1|Incineroar||SafetyGoggles|Intimidate|FakeOut,FlareBlitz,PartingShot,KnockOff|||F|||50|,,,,,Ghost]Ursaluna-Bloodmoon||LifeOrb|MindsEye|Protect,HyperVoice,BloodMoon,EarthPower|||M|||50|,,,,,Normal]Amoonguss||RockyHelmet|Regenerator|Spore,RagePowder,PollenPuff,SludgeBomb|||M|||50|,,,,,Water]Porygon2||Eviolite|Download|TrickRoom,IceBeam,Recover,TeraBlast||||||50|,,,,,Electric]Gholdengo||FocusSash|GoodasGold|MakeItRain,NastyPlot,ShadowBall,Protect||||||50|,,,,,Water]Farigiraf||MentalHerb|ArmorTail|TrickRoom,HelpingHand,Protect,Psychic|||M|||50|,,,,,Dark
|showteam|p2|Annihilape||SafetyGoggles|Defiant|RageFist,DrainPunch,BulkUp,Protect|||M|||50|,,,,,Water]Ninetales-Alola||CovertCloak|SnowWarning|Blizzard,FreezeDry,AuroraVeil,Protect|||F|||50|,,,,,Ice]Talonflame||SharpBeak|GaleWings|DualWingbeat,Tailwind,WillOWisp,Protect|||F|||50|,,,,,Ghost]Garchomp||LifeOrb|RoughSkin|Earthquake,StompingTantrum,DragonClaw,Protect|||M|||50|,,,,,Steel]Vivillon-Ocean||FocusSash|CompoundEyes|SleepPowder,Hurricane,RagePowder,Protect|||F|||50|,,,,,Ghost]Gholdengo||IronPlate|GoodasGold|MakeItRain,ShadowBall,NastyPlot,Protect||||||50|,,,,,Steel
|inactive|Battle timer is ON: inactive players will automatically lose when time's up. (requested by giimbe)
|
|t:|1757775339
|teamsize|p1|4
|teamsize|p2|4
|start
|switch|p1a: Porygon2|Porygon2, L50|100/100
|switch|p1b: Incineroar|Incineroar, L50, F|100/100
|switch|p2a: Garchomp|Garchomp, L50, M|100/100
|switch|p2b: Talonflame|Talonflame, L50, F, shiny|100/100
|-ability|p1b: Incineroar|Intimidate|boost
|-unboost|p2a: Garchomp|atk|1
|-unboost|p2b: Talonflame|atk|1
|-ability|p1a: Porygon2|Download|boost
|-boost|p1a: Porygon2|spa|1
|turn|1
|
|t:|1757775362
|move|p1b: Incineroar|Fake Out|p2a: Garchomp
|-damage|p2a: Garchomp|90/100
|-damage|p1b: Incineroar|88/100|[from] ability: Rough Skin|[of] p2a: Garchomp
|move|p2b: Talonflame|Dual Wingbeat|p1a: Porygon2
|-damage|p1a: Porygon2|92/100
|-damage|p1a: Porygon2|84/100
|-hitcount|p1a: Porygon2|2
|cant|p2a: Garchomp|flinch
|move|p1a: Porygon2|Trick Room|p1a: Porygon2
|-fieldstart|move: Trick Room|[of] p1a: Porygon2
|
|upkeep
|turn|2
|inactive|cqanqka has 30 seconds left.
|
|t:|1757775390
|move|p2a: Garchomp|Protect|p2a: Garchomp
|-singleturn|p2a: Garchomp|Protect
|move|p1a: Porygon2|Ice Beam|p2a: Garchomp
|-activate|p2a: Garchomp|move: Protect
|move|p1b: Incineroar|Knock Off|p2a: Garchomp
|-activate|p2a: Garchomp|move: Protect
|move|p2b: Talonflame|Will-O-Wisp|p1b: Incineroar
|-immune|p1b: Incineroar
|
|upkeep
|turn|3
|
|t:|1757775405
|move|p1a: Porygon2|Ice Beam|p2a: Garchomp
|-supereffective|p2a: Garchomp
|-damage|p2a: Garchomp|0 fnt
|faint|p2a: Garchomp
|move|p1b: Incineroar|Knock Off|p2b: Talonflame
|-damage|p2b: Talonflame|38/100
|-enditem|p2b: Talonflame|Sharp Beak|[from] move: Knock Off|[of] p1b: Incineroar
|move|p2b: Talonflame|Will-O-Wisp|p1a: Porygon2
|-status|p1a: Porygon2|brn
|
|-damage|p1a: Porygon2|78/100 brn|[from] brn
|upkeep
|
|t:|1757775417
|switch|p2a: Ninetales|Ninetales-Alola, L50, F, shiny|100/100
|-weather|Snowscape|[from] ability: Snow Warning|[of] p2a: Ninetales
|turn|4
|
|t:|1757775433
|move|p1a: Porygon2|Ice Beam|p2b: Talonflame
|-damage|p2b: Talonflame|0 fnt
|faint|p2b: Talonflame
|move|p1b: Incineroar|Flare Blitz|p2a: Ninetales
|-supereffective|p2a: Ninetales
|-damage|p2a: Ninetales|11/100
|-damage|p1b: Incineroar|62/100|[from] Recoil
|move|p2a: Ninetales|Blizzard|p1b: Incineroar|[spread] p1a,p1b
|-resisted|p1b: Incineroar
|-damage|p1a: Porygon2|62/100 brn
|-damage|p1b: Incineroar|49/100
|
|-weather|Snowscape|[upkeep]
|-damage|p1a: Porygon2|56/100 brn|[from] brn
|upkeep
|
|t:|1757775445
|switch|p2b: Gholdengo|Gholdengo, L50|100/100
|turn|5
|
|t:|1757775456
|move|p2a: Ninetales|Protect|p2a: Ninetales
|-singleturn|p2a: Ninetales|Protect
|move|p1a: Porygon2|Recover|p1a: Porygon2
|-heal|p1a: Porygon2|100/100 brn
|move|p1b: Incineroar|Flare Blitz|p2b: Gholdengo
|-supereffective|p2b: Gholdengo
|-damage|p2b: Gholdengo|0 fnt
|faint|p2b: Gholdengo
|-damage|p1b: Incineroar|17/100|[from] Recoil
|
|-weather|Snowscape|[upkeep]
|-damage|p1a: Porygon2|95/100 brn|[from] brn
|-fieldend|move: Trick Room
|upkeep
|turn|6
|
|t:|1757775469
|move|p2a: Ninetales|Freeze-Dry|p1a: Porygon2
|-damage|p1a: Porygon2|82/100 brn
|move|p1b: Incineroar|Flare Blitz|p2a: Ninetales
|-supereffective|p2a: Ninetales
|-damage|p2a: Ninetales|0 fnt
|faint|p2a: Ninetales
|-damage|p1b: Incineroar|15/100|[from] Recoil
|
|win|cqanqka
||cqanqka is ready for game 3.
||giimbe is ready for game 3.
|uhtml|next|Next: Game 3 of 3
