|j|☆NicoHax
|j|☆i still have it
|html|NicoHaxi still have it    
|uhtml|bestof|Game 1 of a best-of-3
|t:|1756167026
|gametype|doubles
|player|p1|NicoHax|ethan|1218
|player|p2|i still have it|benga|1363
|gen|9
|tier|[Gen 9] VGC 2025 Reg H (Bo3)
|rated|
|rule|Species Clause: Limit one of each Pokémon
|rule|Item Clause: Limit 1 of each item
|clearpoke
|poke|p1|Sneasler, L50, F|
|poke|p1|Volcarona, L50, M|
|poke|p1|Baxcalibur, L50, M|
|poke|p1|Rillaboom, L50, M|
|poke|p1|Kingambit, L50, M|
|poke|p1|Dondozo, L50, M|
|poke|p2|Rillaboom, L50, M|
|poke|p2|Dragonite, L50, F|
|poke|p2|Incineroar, L50, M|
|poke|p2|Sneasler, L50, M|
|poke|p2|Kingambit, L50, M|
|poke|p2|Basculegion, L50, M|
|teampreview|4
|showteam|p1|Sneasler||FocusSash|Unburden|Protect,CloseCombat,DireClaw,Coaching|||F|||50|,,,,,Stellar]Volcarona||CovertCloak|FlameBody|QuiverDance,HeatWave,TeraBlast,Protect|||M|||50|,,,,,Fairy]Baxcalibur||LoadedDice|ThermalExchange|Protect,IceShard,ScaleShot,IcicleSpear|||M|||50|,,,,,Ghost]Rillaboom||AssaultVest|GrassySurge|WoodHammer,GrassyGlide,HighHorsepower,FakeOut|||M|||50|,,,,,Water]Kingambit||SafetyGoggles|Defiant|KowtowCleave,SuckerPunch,SwordsDance,Protect|||M|||50|,,,,,Ghost]Dondozo||Leftovers|Unaware|Protect,Yawn,Liquidation,Fissure|||M|||50|,,,,,Poison
|showteam|p2|Rillaboom||AssaultVest|GrassySurge|WoodHammer,Uturn,FakeOut,GrassyGlide|||M|||50|,,,,,Fire]Dragonite||LoadedDice|Multiscale|ScaleShot,Tailwind,Haze,Protect|||F|||50|,,,,,Steel]Incineroar||SafetyGoggles|Intimidate|FlareBlitz,KnockOff,FakeOut,PartingShot|||M|||50|,,,,,Ghost]Sneasler||FocusSash|PoisonTouch|CloseCombat,DireClaw,Coaching,Protect|||M|||50|,,,,,Stellar]Kingambit||DreadPlate|Defiant|KowtowCleave,SwordsDance,SuckerPunch,Protect|||M|||50|,,,,,Dark]Basculegion||ChoiceScarf|Adaptability|WaveCrash,LastRespects,TeraBlast,FlipTurn|||M|||50|,,,,,Fighting
|
|t:|1756167060
|teamsize|p1|4
|teamsize|p2|4
|start
|switch|p1a: Laertes|Sneasler, L50, F|100/100
|switch|p1b: Velosa|Volcarona, L50, M|100/100
|switch|p2a: Sneasler|Sneasler, L50, M|100/100
|switch|p2b: Basculegion|Basculegion, L50, M|100/100
|turn|1
|
|t:|1756167088
|switch|p1b: Kaisen|Kingambit, L50, M|100/100
|move|p2b: Basculegion|Flip Turn|p1b: Kaisen
|-damage|p1b: Kaisen|74/100
|
|t:|1756167102
|switch|p2b: Dragonite|Dragonite, L50, F|100/100|[from] Flip Turn
|move|p1a: Laertes|Dire Claw|p2b: Dragonite
|-damage|p2b: Dragonite|79/100
|-status|p2b: Dragonite|par
|move|p2a: Sneasler|Dire Claw|p1b: Kaisen
|-immune|p1b: Kaisen
|
|upkeep
|turn|2
|inactive|Battle timer is ON: inactive players will automatically lose when time's up. (requested by i still have it)
|
|t:|1756167128
|-terastallize|p1b: Kaisen|Ghost
|move|p1a: Laertes|Coaching|p1b: Kaisen
|-boost|p1b: Kaisen|atk|1
|-boost|p1b: Kaisen|def|1
|move|p2a: Sneasler|Coaching|p2b: Dragonite
|-boost|p2b: Dragonite|atk|1
|-boost|p2b: Dragonite|def|1
|move|p1b: Kaisen|Kowtow Cleave|p2b: Dragonite
|-damage|p2b: Dragonite|26/100 par
|move|p2b: Dragonite|Scale Shot|p1a: Laertes
|-damage|p1a: Laertes|65/100
|-damage|p1a: Laertes|32/100
|-damage|p1a: Laertes|0 fnt
|faint|p1a: Laertes
|-hitcount|p1: Laertes|3
|-unboost|p2b: Dragonite|def|1
|-boost|p2b: Dragonite|spe|1
|
|upkeep
|inactive|NicoHax has 30 seconds left.
|
|t:|1756167155
|switch|p1a: Velosa|Volcarona, L50, M|100/100
|turn|3
|
|t:|1756167178
|move|p2a: Sneasler|Dire Claw|p1b: Kaisen
|-resisted|p1b: Kaisen
|-damage|p1b: Kaisen|64/100
|-status|p1b: Kaisen|slp
|move|p1a: Velosa|Tera Blast|p2b: Dragonite
|-damage|p2b: Dragonite|0 fnt
|faint|p2b: Dragonite
|cant|p1b: Kaisen|slp
|
|upkeep
|
|t:|1756167197
|switch|p2b: Basculegion|Basculegion, L50, M|100/100
|turn|4
|
|t:|1756167214
|move|p1a: Velosa|Protect|p1a: Velosa
|-singleturn|p1a: Velosa|Protect
|cant|p1b: Kaisen|slp
|move|p2b: Basculegion|Last Respects|p1b: Kaisen
|-supereffective|p1b: Kaisen
|-damage|p1b: Kaisen|0 fnt
|faint|p1b: Kaisen
|move|p2a: Sneasler|Coaching|p2b: Basculegion
|-boost|p2b: Basculegion|atk|1
|-boost|p2b: Basculegion|def|1
|
|upkeep
|
|t:|1756167223
|switch|p1b: Jonathan|Rillaboom, L50, M|100/100
|-fieldstart|move: Grassy Terrain|[from] ability: Grassy Surge|[of] p1b: Jonathan
|turn|5
|inactive|i still have it has 30 seconds left.
|
|t:|1756167249
|switch|p2a: Incineroar|Incineroar, L50, M|100/100
|-ability|p2a: Incineroar|Intimidate|boost
|-unboost|p1a: Velosa|atk|1
|-unboost|p1b: Jonathan|atk|1
|move|p1b: Jonathan|Grassy Glide|p2b: Basculegion
|-supereffective|p2b: Basculegion
|-damage|p2b: Basculegion|57/100
|move|p2b: Basculegion|Last Respects|p1a: Velosa
|-crit|p1a: Velosa
|-damage|p1a: Velosa|0 fnt
|faint|p1a: Velosa
|
|-heal|p2b: Basculegion|63/100|[from] Grassy Terrain
|upkeep
|turn|6
|-message|NicoHax forfeited.
|
|win|i still have it
||NicoHax is ready for game 2.
||i still have it is ready for game 2.
|uhtml|next|Next: Game 2 of 3
