|j|☆HalcyonJon
|j|☆Centiskorch18
|html|HalcyonJonCentiskorch18    
|uhtml|bestof|Game 1 of a best-of-3
|t:|1757660346
|gametype|doubles
|player|p1|HalcyonJon|pokemonbreeder|1152
|player|p2|Centiskorch18|caitlin|1194
|gen|9
|tier|[Gen 9] VGC 2025 Reg H (Bo3)
|rated|
|rule|Species Clause: Limit one of each Pokémon
|rule|Item Clause: Limit 1 of each item
|clearpoke
|poke|p1|Torkoal, L50, F|
|poke|p1|Indeedee-F, L50, F|
|poke|p1|Gallade, L50, M|
|poke|p1|Delphox, L50, F|
|poke|p1|Inteleon, L50, M|
|poke|p1|Salamence, L50, M|
|poke|p2|Dragapult, L50, F|
|poke|p2|Sneasler, L50, F|
|poke|p2|Magmar, L50, M|
|poke|p2|Azumarill, L50, F|
|poke|p2|Rillaboom, L50, M|
|poke|p2|Ninetales-Alola, L50, F|
|teampreview|4
|showteam|p1|Torkoal||AssaultVest|Drought|Eruption,WeatherBall,SolarBeam,EarthPower|||F|||50|,,,,,Grass]Indeedee-F||RockyHelmet|PsychicSurge|Psychic,FollowMe,HelpingHand,TrickRoom|||F|||50|,,,,,Fairy]Gallade||ClearAmulet|Sharpness|SacredSword,PsychoCut,TrickRoom,WideGuard|||M|||50|,,,,,Fire]Delphox||PsychicSeed|Magician|Flamethrower,ExpandingForce,NastyPlot,Protect|||F|||50|,,,,,Dark]Inteleon||FocusSash|Sniper|SnipeShot,TeraBlast,Soak,Protect|||M|||50|,,,,,Grass]Salamence||MirrorHerb|Intimidate|Outrage,BreakingSwipe,DualWingbeat,Tailwind|||M|||50|,,,,,Steel
|showteam|p2|Dragapult||LifeOrb|ClearBody|TeraBlast,DragonDarts,SuckerPunch,Protect|||F|||50|,,,,,Ghost]Sneasler||FocusSash|PoisonTouch|CloseCombat,DireClaw,FakeOut,Protect|||F|||50|,,,,,Stellar]Magmar||Eviolite|VitalSpirit|Overheat,FollowMe,ClearSmog,Protect|||M|||50|,,,,,Ghost]Azumarill||SitrusBerry|HugePower|AquaJet,PlayRough,BellyDrum,Protect|||F|||50|,,,,,Poison]Rillaboom||AssaultVest|GrassySurge|WoodHammer,GrassyGlide,FakeOut,HighHorsepower|||M|||50|,,,,,Fire]Ninetales-Alola||ChoiceSpecs|SnowWarning|Blizzard,Moonblast,IcyWind,FreezeDry|||F|||50|,,,,,Ghost
|inactive|Battle timer is ON: inactive players will automatically lose when time's up. (requested by Centiskorch18)
|c|☆Centiskorch18|glhf
|inactive|HalcyonJon has 60 seconds left.
|inactive|Centiskorch18 has 60 seconds left.
|
|t:|1757660383
|teamsize|p1|4
|teamsize|p2|4
|start
|switch|p1a: Delphox|Delphox, L50, F|100/100
|switch|p1b: Indeedee|Indeedee-F, L50, F|100/100
|switch|p2a: Dragapult|Dragapult, L50, F|100/100
|switch|p2b: Sneasler|Sneasler, L50, F|100/100
|-fieldstart|move: Psychic Terrain|[from] ability: Psychic Surge|[of] p1b: Indeedee
|-enditem|p1a: Delphox|Psychic Seed
|-boost|p1a: Delphox|spd|1|[from] item: Psychic Seed
|turn|1
|inactive|HalcyonJon has 30 seconds left.
|
|t:|1757660420
|switch|p2b: Rillaboom|Rillaboom, L50, M|100/100
|-fieldstart|move: Grassy Terrain|[from] ability: Grassy Surge|[of] p2b: Rillaboom
|-terastallize|p1b: Indeedee|Fairy
|move|p1b: Indeedee|Follow Me|p1b: Indeedee
|-singleturn|p1b: Indeedee|move: Follow Me
|move|p2a: Dragapult|Dragon Darts|p1b: Indeedee
|-immune|p1b: Indeedee
|move|p1a: Delphox|Expanding Force|p2b: Rillaboom
|-damage|p2b: Rillaboom|75/100
|-item|p1a: Delphox|Assault Vest|[from] ability: Magician|[of] p2b: Rillaboom
|
|-heal|p2b: Rillaboom|82/100|[from] Grassy Terrain
|upkeep
|turn|2
|inactive|HalcyonJon has 30 seconds left.
|inactive|Centiskorch18 has 30 seconds left.
|inactive|HalcyonJon has 20 seconds left.
|
|t:|1757660457
|switch|p1a: Salamence|Salamence, L50, M|100/100
|-ability|p1a: Salamence|Intimidate|boost
|-fail|p2a: Dragapult|unboost|[from] ability: Clear Body|[of] p2a: Dragapult
|-unboost|p2b: Rillaboom|atk|1
|-terastallize|p2a: Dragapult|Ghost
|move|p2b: Rillaboom|Fake Out|p1a: Salamence
|-damage|p1a: Salamence|89/100
|move|p1b: Indeedee|Follow Me|p1b: Indeedee
|-singleturn|p1b: Indeedee|move: Follow Me
|move|p2a: Dragapult|Tera Blast|p1b: Indeedee|[anim] Tera Blast Ghost
|-damage|p1b: Indeedee|20/100
|-damage|p2a: Dragapult|91/100|[from] item: Life Orb
|
|-heal|p2a: Dragapult|97/100|[from] Grassy Terrain
|-heal|p2b: Rillaboom|88/100|[from] Grassy Terrain
|-heal|p1b: Indeedee|26/100|[from] Grassy Terrain
|upkeep
|turn|3
|inactive|HalcyonJon has 30 seconds left.
|inactive|Centiskorch18 has 30 seconds left.
|inactive|HalcyonJon has 20 seconds left.
|
|t:|1757660492
|switch|p2b: Sneasler|Sneasler, L50, F|100/100
|switch|p1b: Torkoal|Torkoal, L50, F|100/100
|-weather|SunnyDay|[from] ability: Drought|[of] p1b: Torkoal
|move|p2a: Dragapult|Tera Blast|p1b: Torkoal|[anim] Tera Blast Ghost
|-damage|p1b: Torkoal|41/100
|-damage|p2a: Dragapult|87/100|[from] item: Life Orb
|move|p1a: Salamence|Tailwind|p1a: Salamence
|-sidestart|p1: HalcyonJon|move: Tailwind
|
|-weather|SunnyDay|[upkeep]
|-heal|p2a: Dragapult|93/100|[from] Grassy Terrain
|-heal|p1b: Torkoal|48/100|[from] Grassy Terrain
|upkeep
|turn|4
|inactive|HalcyonJon has 30 seconds left.
|inactive|HalcyonJon has 20 seconds left.
|
|t:|1757660528
|move|p2b: Sneasler|Fake Out|p1a: Salamence
|-damage|p1a: Salamence|71/100
|-status|p1a: Salamence|psn|[from] ability: Poison Touch|[of] p2b: Sneasler
|cant|p1a: Salamence|flinch
|move|p2a: Dragapult|Tera Blast|p1b: Torkoal|[anim] Tera Blast Ghost
|-damage|p1b: Torkoal|0 fnt
|faint|p1b: Torkoal
|-damage|p2a: Dragapult|84/100|[from] item: Life Orb
|
|-weather|SunnyDay|[upkeep]
|-heal|p2a: Dragapult|90/100|[from] Grassy Terrain
|-damage|p1a: Salamence|59/100 psn|[from] psn
|upkeep
|
|t:|1757660548
|switch|p1b: Delphox|Delphox, L50, F|100/100
|turn|5
|
|t:|1757660561
|move|p2b: Sneasler|Protect|p2b: Sneasler
|-singleturn|p2b: Sneasler|Protect
|move|p2a: Dragapult|Sucker Punch|p1b: Delphox
|-supereffective|p1b: Delphox
|-damage|p1b: Delphox|0 fnt
|faint|p1b: Delphox
|-damage|p2a: Dragapult|80/100|[from] item: Life Orb
|move|p1a: Salamence|Dual Wingbeat|p2b: Sneasler
|-activate|p2b: Sneasler|move: Protect
|
|-weather|SunnyDay|[upkeep]
|-heal|p2a: Dragapult|86/100|[from] Grassy Terrain
|-damage|p1a: Salamence|46/100 psn|[from] psn
|-fieldend|move: Grassy Terrain
|upkeep
|
|t:|1757660577
|switch|p1b: Indeedee|Indeedee-F, L50, F, tera:Fairy|26/100
|-fieldstart|move: Psychic Terrain|[from] ability: Psychic Surge|[of] p1b: Indeedee
|turn|6
|
|t:|1757660584
|switch|p2b: Rillaboom|Rillaboom, L50, M|88/100
|-fieldstart|move: Grassy Terrain|[from] ability: Grassy Surge|[of] p2b: Rillaboom
|move|p2a: Dragapult|Protect|p2a: Dragapult
|-singleturn|p2a: Dragapult|Protect
|move|p1a: Salamence|Dual Wingbeat|p2b: Rillaboom
|-supereffective|p2b: Rillaboom
|-damage|p2b: Rillaboom|47/100
|-supereffective|p2b: Rillaboom
|-damage|p2b: Rillaboom|4/100
|-hitcount|p2b: Rillaboom|2
|move|p1b: Indeedee|Trick Room|p1b: Indeedee
|-fieldstart|move: Trick Room|[of] p1b: Indeedee
|
|-weather|SunnyDay|[upkeep]
|-heal|p2b: Rillaboom|10/100|[from] Grassy Terrain
|-heal|p1b: Indeedee|32/100|[from] Grassy Terrain
|-heal|p2a: Dragapult|92/100|[from] Grassy Terrain
|-damage|p1a: Salamence|34/100 psn|[from] psn
|-sideend|p1: HalcyonJon|move: Tailwind
|upkeep
|turn|7
|-message|HalcyonJon forfeited.
|
|win|Centiskorch18
||HalcyonJon is ready for game 2.
||Centiskorch18 is ready for game 2.
|uhtml|next|Next: Game 2 of 3
