|j|☆conndr1
|j|☆testdigi
|html|conndr1testdigi    
|uhtml|bestof|Game 1 of a best-of-3
|t:|1785177701
|gametype|doubles
|player|p1|conndr1|170|1322
|player|p2|testdigi|169|1190
|gen|9
|tier|[Gen 9 Champions] VGC 2026 Reg M-B (Bo3)
|rated|
|rule|Species Clause: Limit one of each Pokémon
|rule|Item Clause: Limit 1 of each item
|clearpoke
|poke|p1|Kingambit, L50, M|
|poke|p1|Glimmora, L50, F|
|poke|p1|Ninetales-Alola, L50, M|
|poke|p1|Tsareena, L50, F|
|poke|p1|Raichu, L50, M|
|poke|p1|Staraptor, L50, F, shiny|
|poke|p2|Raichu, L50, M|
|poke|p2|Toxapex, L50, F|
|poke|p2|Mamoswine, L50, F|
|poke|p2|Sylveon, L50, M|
|poke|p2|Corviknight, L50, F|
|poke|p2|Basculegion, L50, M|
|teampreview|4
|showteam|p1|Kingambit||LifeOrb|Defiant|KowtowCleave,SuckerPunch,SwordsDance,Protect|Adamant||M|||50|]Glimmora||FocusSash|ToxicDebris|SpikyShield,EarthPower,PowerGem,SludgeBomb|Timid||F|||50|]Ninetales-Alola||ChoiceScarf|SnowWarning|Blizzard,IcyWind,FreezeDry,Moonblast|Modest||M|||50|]Tsareena||WideLens|QueenlyMajesty|TropKick,HighJumpKick,TripleAxel,Taunt|Adamant||F|||50|]Raichu||RaichuniteY|Static|Protect,FakeOut,FocusBlast,ZapCannon|Timid||M|||50|]Staraptor||Staraptite|Intimidate|Protect,Tailwind,BraveBird,CloseCombat|Jolly||F|||50|
|showteam|p2|Raichu||RaichuniteY|LightningRod|ZapCannon,FocusBlast,FakeOut,Protect|Timid||M|||50|]Toxapex||Leftovers|Regenerator|Infestation,Toxic,WideGuard,BanefulBunker|Relaxed||F|||50|]Mamoswine||LifeOrb|Oblivious|StompingTantrum,IceShard,RockSlide,Protect|Adamant||F|||50|]Sylveon||FairyFeather|Pixilate|HyperVoice,QuickAttack,Yawn,Detect|Modest||M|||50|]Corviknight||OccaBerry|MirrorArmor|IronHead,BraveBird,Tailwind,Protect|Adamant||F|||50|]Basculegion||FocusSash|Adaptability|LastRespects,Liquidation,AquaJet,Protect|Adamant||M|||50|
|inactive|Battle timer is ON: inactive players will automatically lose when time's up. (requested by testdigi)
|
|t:|1785177758
|teamsize|p1|4
|teamsize|p2|4
|start
|switch|p1a: Raichu|Raichu, L50, M|100/100
|switch|p1b: Ninetales|Ninetales-Alola, L50, M|100/100
|switch|p2a: Corviknight|Corviknight, L50, F|100/100
|switch|p2b: Toxapex|Toxapex, L50, F|100/100
|-weather|Snowscape|[from] ability: Snow Warning|[of] p1b: Ninetales
|turn|1
|
|t:|1785177778
|switch|p2b: Raichu|Raichu, L50, M|100/100
|detailschange|p1a: Raichu|Raichu-Mega-Y, L50, M
|-mega|p1a: Raichu|Raichu|Raichunite Y
|move|p1b: Ninetales|Freeze-Dry|p2b: Raichu
|-damage|p2b: Raichu|61/100
|move|p1a: Raichu|Zap Cannon|p2b: Raichu
|-activate|p2b: Raichu|ability: Lightning Rod
|-ability|p2b: Raichu|Lightning Rod|boost
|-boost|p2b: Raichu|spa|1
|move|p2a: Corviknight|Tailwind|p2a: Corviknight
|-sidestart|p2: testdigi|move: Tailwind
|
|-weather|Snowscape|[upkeep]
|upkeep
|turn|2
|inactive|conndr1 has 30 seconds left.
|inactive|testdigi has 30 seconds left.
|
|t:|1785177809
|move|p2b: Raichu|Fake Out|p1b: Ninetales
|-damage|p1b: Ninetales|90/100
|cant|p1b: Ninetales|flinch
|move|p1a: Raichu|Focus Blast|p2b: Raichu
|-damage|p2b: Raichu|1/100
|move|p2a: Corviknight|Iron Head|p1b: Ninetales
|-supereffective|p1b: Ninetales|2
|-crit|p1b: Ninetales
|-damage|p1b: Ninetales|0 fnt
|faint|p1b: Ninetales
|
|-weather|Snowscape|[upkeep]
|upkeep
|
|t:|1785177825
|switch|p1b: Glimmora|Glimmora, L50, F|100/100
|turn|3
|
|t:|1785177835
|move|p2b: Raichu|Protect|p2b: Raichu
|-singleturn|p2b: Raichu|Protect
|move|p1b: Glimmora|Spiky Shield|p1b: Glimmora
|-singleturn|p1b: Glimmora|move: Protect
|move|p1a: Raichu|Focus Blast|p2b: Raichu
|-activate|p2b: Raichu|move: Protect
|move|p2a: Corviknight|Iron Head|p1b: Glimmora
|-activate|p1b: Glimmora|move: Protect
|-damage|p2a: Corviknight|87/100|[from] Spiky Shield|[of] p1b: Glimmora
|
|-weather|Snowscape|[upkeep]
|upkeep
|turn|4
|
|t:|1785177852
|switch|p1b: Tsareena|Tsareena, L50, F|100/100
|detailschange|p2b: Raichu|Raichu-Mega-Y, L50, M
|-mega|p2b: Raichu|Raichu|Raichunite Y
|move|p2b: Raichu|Focus Blast|p1b: Tsareena
|-damage|p1b: Tsareena|35/100
|move|p1a: Raichu|Focus Blast|p2b: Raichu
|-damage|p2b: Raichu|0 fnt
|faint|p2b: Raichu
|move|p2a: Corviknight|Iron Head|p1b: Tsareena
|-damage|p1b: Tsareena|1/100
|
|-weather|Snowscape|[upkeep]
|-sideend|p2: testdigi|move: Tailwind
|upkeep
|
|t:|1785177857
|switch|p2b: Mamoswine|Mamoswine, L50, F|100/100
|turn|5
|
|t:|1785177875
|move|p2b: Mamoswine|Protect|p2b: Mamoswine
|-singleturn|p2b: Mamoswine|Protect
|move|p1a: Raichu|Focus Blast|p2b: Mamoswine
|-activate|p2b: Mamoswine|move: Protect
|move|p1b: Tsareena|Taunt|p2a: Corviknight
|-start|p2a: Corviknight|move: Taunt
|cant|p2a: Corviknight|move: Taunt|Tailwind
|
|-weather|none
|upkeep
|turn|6
|
|t:|1785177896
|switch|p2b: Toxapex|Toxapex, L50, F|100/100
|move|p1a: Raichu|Focus Blast|p2b: Toxapex
|-resisted|p2b: Toxapex|1
|-damage|p2b: Toxapex|84/100
|move|p1b: Tsareena|High Jump Kick|p2a: Corviknight
|-damage|p2a: Corviknight|51/100
|move|p2a: Corviknight|Brave Bird|p1b: Tsareena
|-supereffective|p1b: Tsareena|1
|-damage|p1b: Tsareena|0 fnt
|faint|p1b: Tsareena
|-damage|p2a: Corviknight|51/100|[from] Recoil
|
|-heal|p2b: Toxapex|90/100|[from] item: Leftovers
|upkeep
|
|t:|1785177914
|switch|p1b: Glimmora|Glimmora, L50, F|100/100
|turn|7
|
|t:|1785177935
|move|p1a: Raichu|Zap Cannon|p2b: Toxapex
|-supereffective|p2b: Toxapex|1
|-damage|p2b: Toxapex|0 fnt
|faint|p2b: Toxapex
|move|p1b: Glimmora|Power Gem|p2a: Corviknight
|-damage|p2a: Corviknight|9/100
|move|p2a: Corviknight|Brave Bird|p1a: Raichu
|-resisted|p1a: Raichu|1
|-damage|p1a: Raichu|60/100
|-damage|p2a: Corviknight|0 fnt|[from] Recoil
|faint|p2a: Corviknight
|
|upkeep
|
|t:|1785177939
|switch|p2b: Mamoswine|Mamoswine, L50, F|100/100
|turn|8
|-message|testdigi forfeited.
|
|win|conndr1
