|j|☆kuwisi
|j|☆ExtraPlanet51
|html|kuwisiExtraPlanet51    
|uhtml|bestof|Game 3 of a best-of-3
|t:|1756880616
|gametype|doubles
|player|p1|kuwisi|iris-gen5bw2|1000
|player|p2|ExtraPlanet51|bugcatcher-gen4dp|1082
|gen|9
|tier|[Gen 9] VGC 2025 Reg H (Bo3)
|rated|
|rule|Species Clause: Limit one of each Pokémon
|rule|Item Clause: Limit 1 of each item
|clearpoke
|poke|p1|Maushold, L50|
|poke|p1|Annihilape, L50, F|
|poke|p1|Sinistcha, L50|
|poke|p1|Incineroar, L50, M|
|poke|p1|Pelipper, L50, F|
|poke|p1|Archaludon, L50, M|
|poke|p2|Basculegion, L50, M|
|poke|p2|Sinistcha, L50|
|poke|p2|Rillaboom, L50, M|
|poke|p2|Incineroar, L50, M|
|poke|p2|Pelipper, L50, F|
|poke|p2|Archaludon, L50, F|
|teampreview|4
|showteam|p1|Maushold||SafetyGoggles|FriendGuard|BeatUp,Taunt,FollowMe,Protect||||||50|,,,,,Ghost]Annihilape||Leftovers|Defiant|RageFist,DrainPunch,BulkUp,Protect|||F|||50|,,,,,Water]Sinistcha||RockyHelmet|Hospitality|MatchaGotcha,LifeDew,TrickRoom,RagePowder||||||50|,,,,,Dark]Incineroar||SitrusBerry|Intimidate|KnockOff,WillOWisp,PartingShot,FakeOut|||M|||50|,,,,,Grass]Pelipper||FocusSash|Drizzle|WeatherBall,Hurricane,WideGuard,Protect|||F|||50|,,,,,Stellar]Archaludon||AssaultVest|Stamina|ElectroShot,DracoMeteor,BodyPress,FlashCannon|||M|||50|,,,,,Grass
|showteam|p2|Basculegion||ChoiceBand|SwiftSwim|AquaJet,FlipTurn,WaveCrash,LastRespects|||M|||50|,,,,,Normal]Sinistcha||SitrusBerry|Hospitality|MatchaGotcha,TrickRoom,LifeDew,RagePowder||||||50|,,,,,Water]Rillaboom||LoadedDice|GrassySurge|FakeOut,GrassyGlide,BulletSeed,HighHorsepower|||M|||50|,,,,,Ground]Incineroar||SafetyGoggles|Intimidate|FakeOut,KnockOff,HelpingHand,PartingShot|||M|||50|,,,,,Grass]Pelipper||FocusSash|Drizzle|Hurricane,WeatherBall,Tailwind,Protect|||F|||50|,,,,,Ghost]Archaludon||AssaultVest|Stamina|ElectroShot,FlashCannon,DracoMeteor,BodyPress|||F|||50|,,,,,Grass
|
|t:|1756880654
|teamsize|p1|4
|teamsize|p2|4
|start
|switch|p1a: Annihilape|Annihilape, L50, F|100/100
|switch|p1b: Maushold|Maushold, L50|100/100
|switch|p2a: Rillaboom|Rillaboom, L50, M|100/100
|switch|p2b: Basculegion|Basculegion, L50, M|100/100
|-fieldstart|move: Grassy Terrain|[from] ability: Grassy Surge|[of] p2a: Rillaboom
|turn|1
|inactive|Battle timer is ON: inactive players will automatically lose when time's up. (requested by kuwisi)
|
|t:|1756880686
|move|p1b: Maushold|Protect|p1b: Maushold
|-singleturn|p1b: Maushold|Protect
|move|p1a: Annihilape|Protect|p1a: Annihilape
|-singleturn|p1a: Annihilape|Protect
|move|p2b: Basculegion|Flip Turn|p1a: Annihilape
|-activate|p1a: Annihilape|move: Protect
|move|p2a: Rillaboom|Bullet Seed|p2b: Basculegion
|-supereffective|p2b: Basculegion
|-damage|p2b: Basculegion|55/100
|-supereffective|p2b: Basculegion
|-damage|p2b: Basculegion|9/100
|-supereffective|p2b: Basculegion
|-damage|p2b: Basculegion|0 fnt
|faint|p2b: Basculegion
|-hitcount|p2: Basculegion|3
|
|upkeep
|
|t:|1756880701
|switch|p2b: Pelipper|Pelipper, L50, F|100/100
|-weather|RainDance|[from] ability: Drizzle|[of] p2b: Pelipper
|turn|2
|
|t:|1756880714
|move|p1b: Maushold|Follow Me|p1b: Maushold
|-singleturn|p1b: Maushold|move: Follow Me
|move|p1a: Annihilape|Bulk Up|p1a: Annihilape
|-boost|p1a: Annihilape|atk|1
|-boost|p1a: Annihilape|def|1
|move|p2b: Pelipper|Hurricane|p1b: Maushold
|-damage|p1b: Maushold|45/100
|-start|p1b: Maushold|confusion
|move|p2a: Rillaboom|Bullet Seed|p1b: Maushold
|-damage|p1b: Maushold|21/100
|-damage|p1b: Maushold|0 fnt
|faint|p1b: Maushold
|-hitcount|p1: Maushold|2
|
|-weather|RainDance|[upkeep]
|upkeep
|
|t:|1756880730
|switch|p1b: Sinistcha|Sinistcha, L50|100/100
|turn|3
|inactive|ExtraPlanet51 has 30 seconds left.
|
|t:|1756880764
|switch|p1b: Archaludon|Archaludon, L50, M|100/100
|-terastallize|p1a: Annihilape|Water
|-terastallize|p2a: Rillaboom|Ground
|move|p1a: Annihilape|Rage Fist|p2b: Pelipper
|-damage|p2b: Pelipper|59/100
|move|p2b: Pelipper|Hurricane|p1b: Archaludon
|-resisted|p1b: Archaludon
|-damage|p1b: Archaludon|80/100
|-ability|p1b: Archaludon|Stamina|boost
|-boost|p1b: Archaludon|def|1
|move|p2a: Rillaboom|High Horsepower|p1b: Archaludon
|-supereffective|p1b: Archaludon
|-damage|p1b: Archaludon|28/100
|-ability|p1b: Archaludon|Stamina|boost
|-boost|p1b: Archaludon|def|1
|
|-weather|RainDance|[upkeep]
|-heal|p1b: Archaludon|34/100|[from] Grassy Terrain
|upkeep
|turn|4
|inactive|kuwisi has 30 seconds left.
|inactive|ExtraPlanet51 has 30 seconds left.
|inactive|kuwisi has 20 seconds left.
|
|t:|1756880800
|switch|p1b: Sinistcha|Sinistcha, L50|100/100
|move|p1a: Annihilape|Rage Fist|p2b: Pelipper
|-damage|p2b: Pelipper|16/100
|move|p2b: Pelipper|Hurricane|p1a: Annihilape
|-damage|p1a: Annihilape|63/100
|-start|p1a: Annihilape|confusion
|move|p2a: Rillaboom|High Horsepower|p1b: Sinistcha
|-resisted|p1b: Sinistcha
|-damage|p1b: Sinistcha|79/100
|-damage|p2a: Rillaboom|84/100|[from] item: Rocky Helmet|[of] p1b: Sinistcha
|
|-weather|RainDance|[upkeep]
|-heal|p1a: Annihilape|69/100|[from] Grassy Terrain
|-heal|p1a: Annihilape|75/100|[from] item: Leftovers
|-heal|p2a: Rillaboom|90/100|[from] Grassy Terrain
|-heal|p1b: Sinistcha|85/100|[from] Grassy Terrain
|upkeep
|turn|5
|inactive|ExtraPlanet51 has 30 seconds left.
|
|t:|1756880832
|-activate|p1a: Annihilape|confusion
|move|p1a: Annihilape|Drain Punch|p2a: Rillaboom
|-damage|p2a: Rillaboom|44/100
|-heal|p1a: Annihilape|97/100|[from] drain|[of] p2a: Rillaboom
|move|p2b: Pelipper|Hurricane|p1b: Sinistcha
|-supereffective|p1b: Sinistcha
|-damage|p1b: Sinistcha|0 fnt
|faint|p1b: Sinistcha
|move|p2a: Rillaboom|High Horsepower|p1a: Annihilape
|-damage|p1a: Annihilape|58/100
|
|-weather|RainDance|[upkeep]
|-heal|p1a: Annihilape|64/100|[from] Grassy Terrain
|-heal|p1a: Annihilape|71/100|[from] item: Leftovers
|-heal|p2a: Rillaboom|50/100|[from] Grassy Terrain
|-fieldend|move: Grassy Terrain
|upkeep
|
|t:|1756880842
|switch|p1b: Archaludon|Archaludon, L50, M|34/100
|turn|6
|inactive|ExtraPlanet51 has 30 seconds left.
|
|t:|1756880869
|-activate|p1a: Annihilape|confusion
|-damage|p1a: Annihilape|59/100|[from] confusion
|move|p2b: Pelipper|Tailwind|p2b: Pelipper
|-sidestart|p2: ExtraPlanet51|move: Tailwind
|move|p2a: Rillaboom|High Horsepower|p1b: Archaludon
|-supereffective|p1b: Archaludon
|-damage|p1b: Archaludon|0 fnt
|faint|p1b: Archaludon
|
|-weather|none
|-heal|p1a: Annihilape|65/100|[from] item: Leftovers
|upkeep
|turn|7
|inactive|ExtraPlanet51 has 30 seconds left.
|
|t:|1756880897
|switch|p2b: Archaludon|Archaludon, L50, F|100/100
|-activate|p1a: Annihilape|confusion
|move|p1a: Annihilape|Protect|p1a: Annihilape
|-singleturn|p1a: Annihilape|Protect
|move|p2a: Rillaboom|Bullet Seed|p1a: Annihilape
|-activate|p1a: Annihilape|move: Protect
|
|-heal|p1a: Annihilape|71/100|[from] item: Leftovers
|upkeep
|turn|8
|inactive|kuwisi has 30 seconds left.
|
|t:|1756880931
|switch|p2a: Pelipper|Pelipper, L50, F|16/100
|-weather|RainDance|[from] ability: Drizzle|[of] p2a: Pelipper
|move|p2b: Archaludon|Electro Shot||[still]
|-prepare|p2b: Archaludon|Electro Shot
|-boost|p2b: Archaludon|spa|1
|-anim|p2b: Archaludon|Electro Shot|p1a: Annihilape
|-supereffective|p1a: Annihilape
|-damage|p1a: Annihilape|0 fnt
|faint|p1a: Annihilape
|
|win|ExtraPlanet51
|raw|kuwisi's rating: 1000 → 1000(+0 for losing)
|raw|ExtraPlanet51's rating: 1082 → 1103(+21 for winning)
|l|☆kuwisi
|player|p1|
|c|☆ExtraPlanet51|Ggs
