|j|☆BalanceBartholomew
|j|☆dinglustan
|html|BalanceBartholomewdinglustan    
|uhtml|bestof|Game 3 of a best-of-3
|t:|1756228976
|gametype|doubles
|player|p1|BalanceBartholomew|266|1067
|player|p2|dinglustan|266|1118
|gen|9
|tier|[Gen 9] VGC 2025 Reg H (Bo3)
|rated|
|rule|Species Clause: Limit one of each Pokémon
|rule|Item Clause: Limit 1 of each item
|clearpoke
|poke|p1|Rillaboom, L50, M|
|poke|p1|Dragonite, L50, M|
|poke|p1|Sneasler, L50, M|
|poke|p1|Ninetales-Alola, L50, F|
|poke|p1|Kingambit, L50, M|
|poke|p1|Magmar, L50, M|
|poke|p2|Whimsicott, L50, F|
|poke|p2|Arcanine-Hisui, L50, F|
|poke|p2|Basculegion, L50, M|
|poke|p2|Hydreigon, L50, F|
|poke|p2|Farigiraf, L50, M|
|poke|p2|Pawmot, L50, F|
|teampreview|4
|showteam|p1|Rillaboom||AssaultVest|GrassySurge|WoodHammer,GrassyGlide,HighHorsepower,FakeOut|||M|||50|,,,,,Fire]Dragonite||LoadedDice|Multiscale|Protect,ScaleShot,LowKick,Haze|||M|||50|,,,,,Fairy]Sneasler||WhiteHerb|Unburden|Protect,DireClaw,CloseCombat,Coaching|||M|||50|,,,,,Ghost]Ninetales-Alola||ChoiceSpecs|SnowWarning|Blizzard,IcyWind,Moonblast,FreezeDry|||F|||50|,,,,,Ghost]Kingambit||SafetyGoggles|Defiant|Protect,KowtowCleave,SuckerPunch,SwordsDance|||M|||50|,,,,,Dark]Magmar||Eviolite|VitalSpirit|Protect,FollowMe,Overheat,WillOWisp|||M|||50|,,,,,Dragon
|showteam|p2|Whimsicott||CovertCloak|Prankster|Tailwind,Moonblast,GigaDrain,Encore|||F|||50|,,,,,Water]Arcanine-Hisui||AssaultVest|Intimidate|ExtremeSpeed,FlareBlitz,RockSlide,TeraBlast|||F|||50|,,,,,Grass]Basculegion||ChoiceBand|Adaptability|AquaJet,LastRespects,WaveCrash,TeraBlast|||M|||50|,,,,,Fairy]Hydreigon||LifeOrb|Levitate|Protect,DracoMeteor,DarkPulse,HeatWave|||F|||50|,,,,,Fire]Farigiraf||ThroatSpray|ArmorTail|Protect,TrickRoom,HyperVoice,TwinBeam|||M|||50|,,,,,Grass]Pawmot||FocusSash|VoltAbsorb|FakeOut,DoubleShock,CloseCombat,RevivalBlessing|||F|||50|,,,,,Electric
|inactive|Battle timer is ON: inactive players will automatically lose when time's up. (requested by dinglustan)
|
|t:|1756228992
|teamsize|p1|4
|teamsize|p2|4
|start
|switch|p1a: Sneasler|Sneasler, L50, M|100/100
|switch|p1b: Dragonite|Dragonite, L50, M|100/100
|switch|p2a: Whimsicott|Whimsicott, L50, F|100/100
|switch|p2b: Pawmot|Pawmot, L50, F|100/100
|turn|1
|
|t:|1756229007
|-terastallize|p1a: Sneasler|Ghost
|-terastallize|p2a: Whimsicott|Water
|move|p1b: Dragonite|Protect|p1b: Dragonite
|-singleturn|p1b: Dragonite|Protect
|move|p2b: Pawmot|Fake Out|p1b: Dragonite
|-activate|p1b: Dragonite|move: Protect
|move|p2a: Whimsicott|Tailwind|p2a: Whimsicott
|-sidestart|p2: dinglustan|move: Tailwind
|move|p1a: Sneasler|Dire Claw|p2a: Whimsicott
|-damage|p2a: Whimsicott|57/100
|
|upkeep
|turn|2
|
|t:|1756229031
|switch|p1b: Kingambit|Kingambit, L50, M|100/100
|move|p2a: Whimsicott|Encore|p1b: Kingambit
|-hint|Since gen 7, Dark is immune to Prankster moves.
|-immune|p1b: Kingambit
|move|p2b: Pawmot|Double Shock|p1a: Sneasler
|-damage|p1a: Sneasler|2/100
|-start|p2b: Pawmot|typechange|???/Fighting|[from] move: Double Shock
|move|p1a: Sneasler|Close Combat|p2b: Pawmot
|-damage|p2b: Pawmot|3/100
|-unboost|p1a: Sneasler|def|1
|-unboost|p1a: Sneasler|spd|1
|-enditem|p1a: Sneasler|White Herb
|-clearnegativeboost|p1a: Sneasler|[silent]
|
|upkeep
|turn|3
|inactive|BalanceBartholomew has 30 seconds left.
|inactive|BalanceBartholomew has 20 seconds left.
|inactive|BalanceBartholomew has 15 seconds left.
|
|t:|1756229072
|switch|p2b: Basculegion|Basculegion, L50, M|100/100
|switch|p1b: Ninetales|Ninetales-Alola, L50, F|100/100
|-weather|Snowscape|[from] ability: Snow Warning|[of] p1b: Ninetales
|move|p2a: Whimsicott|Encore|p1a: Sneasler
|-start|p1a: Sneasler|Encore
|move|p1a: Sneasler|Close Combat|p2a: Whimsicott
|-damage|p2a: Whimsicott|0 fnt
|-unboost|p1a: Sneasler|def|1
|-unboost|p1a: Sneasler|spd|1
|faint|p2a: Whimsicott
|
|-weather|Snowscape|[upkeep]
|upkeep
|
|t:|1756229092
|switch|p2a: Farigiraf|Farigiraf, L50, M|100/100
|turn|4
|inactive|BalanceBartholomew has 30 seconds left.
|inactive|dinglustan has 30 seconds left.
|
|t:|1756229125
|move|p1a: Sneasler|Close Combat|p2a: Farigiraf
|-damage|p2a: Farigiraf|41/100
|-unboost|p1a: Sneasler|def|1
|-unboost|p1a: Sneasler|spd|1
|move|p2b: Basculegion|Wave Crash|p1b: Ninetales
|-damage|p1b: Ninetales|0 fnt
|faint|p1b: Ninetales
|-damage|p2b: Basculegion|76/100|[from] Recoil
|move|p2a: Farigiraf|Hyper Voice|p1a: Sneasler
|-immune|p1a: Sneasler
|
|-weather|Snowscape|[upkeep]
|-sideend|p2: dinglustan|move: Tailwind
|upkeep
|c|☆dinglustan|lmao
|
|t:|1756229140
|switch|p1b: Dragonite|Dragonite, L50, M|100/100
|turn|5
|
|t:|1756229147
|move|p2a: Farigiraf|Protect|p2a: Farigiraf
|-singleturn|p2a: Farigiraf|Protect
|move|p1a: Sneasler|Close Combat|p2a: Farigiraf
|-activate|p2a: Farigiraf|move: Protect
|move|p1b: Dragonite|Scale Shot|p2b: Basculegion
|-crit|p2b: Basculegion
|-damage|p2b: Basculegion|53/100
|-damage|p2b: Basculegion|37/100
|-damage|p2b: Basculegion|21/100
|-damage|p2b: Basculegion|5/100
|-hitcount|p2b: Basculegion|4
|-unboost|p1b: Dragonite|def|1
|-boost|p1b: Dragonite|spe|1
|move|p2b: Basculegion|Wave Crash|p1a: Sneasler
|-damage|p1a: Sneasler|0 fnt
|faint|p1a: Sneasler
|-damage|p2b: Basculegion|5/100|[from] Recoil
|
|-weather|Snowscape|[upkeep]
|upkeep
|
|t:|1756229163
|switch|p1a: Kingambit|Kingambit, L50, M|100/100
|turn|6
|
|t:|1756229174
|move|p1b: Dragonite|Scale Shot|p2b: Basculegion
|-damage|p2b: Basculegion|0 fnt
|faint|p2b: Basculegion
|-hitcount|p2: Basculegion|1
|-unboost|p1b: Dragonite|def|1
|-boost|p1b: Dragonite|spe|1
|move|p2a: Farigiraf|Hyper Voice|p1b: Dragonite|[spread] p1a,p1b
|-resisted|p1a: Kingambit
|-damage|p1a: Kingambit|86/100
|-damage|p1b: Dragonite|84/100
|-enditem|p2a: Farigiraf|Throat Spray
|-boost|p2a: Farigiraf|spa|1|[from] item: Throat Spray
|move|p1a: Kingambit|Kowtow Cleave|p2a: Farigiraf
|-supereffective|p2a: Farigiraf
|-damage|p2a: Farigiraf|0 fnt
|faint|p2a: Farigiraf
|
|-weather|Snowscape|[upkeep]
|upkeep
|-message|dinglustan forfeited.
|
|win|BalanceBartholomew
|raw|BalanceBartholomew's rating: 1067 → 1101(+34 for winning)
|raw|dinglustan's rating: 1118 → 1089(-29 for losing)
|l|☆dinglustan
|player|p2|
