|j|☆Socriet
|j|☆failandimprove5
|html|Socrietfailandimprove5    
|uhtml|bestof|Game 1 of a best-of-3
|t:|1784746274
|gametype|doubles
|player|p1|Socriet|101|
|player|p2|failandimprove5|2|
|gen|9
|tier|[Gen 9 Champions] VGC 2026 Reg M-B (Bo3)
|rule|Species Clause: Limit one of each Pokémon
|rule|Item Clause: Limit 1 of each item
|clearpoke
|poke|p1|Incineroar, L50, F|
|poke|p1|Gengar, L50, F, shiny|
|poke|p1|Politoed, L50, F, shiny|
|poke|p1|Sinistcha, L50|
|poke|p1|Garchomp, L50, M|
|poke|p1|Palafin, L50, F|
|poke|p2|Kingambit, L50, M|
|poke|p2|Sneasler, L50, F|
|poke|p2|Froslass, L50, F|
|poke|p2|Lycanroc-Dusk, L50, F|
|poke|p2|Basculegion, L50, M|
|poke|p2|Scovillain, L50, M|
|teampreview|4
|showteam|p1|Incineroar||ChopleBerry|Intimidate|Protect,FakeOut,ThroatChop,PartingShot|Sassy||F|||50|]Gengar||Gengarite|CursedBody|PerishSong,Protect,ShadowBall,Disable|Timid||F|||50|]Politoed||SitrusBerry|Drizzle|PerishSong,WeatherBall,Protect,Encore|Calm||F|||50|]Sinistcha||KasibBerry|Hospitality|MatchaGotcha,TrickRoom,Protect,RagePowder|Relaxed|||||50|]Garchomp||LifeOrb|RoughSkin|StompingTantrum,DragonClaw,RockSlide,Protect|Jolly||M|||50|]Palafin||MysticWater|ZerotoHero|CloseCombat,WaveCrash,JetPunch,Protect|Adamant||F|||50|
|showteam|p2|Kingambit||LifeOrb|Defiant|KowtowCleave,SuckerPunch,SwordsDance,Protect|Adamant||M|||50|]Sneasler||WhiteHerb|Unburden|FakeOut,CloseCombat,GunkShot,Protect|Adamant||F|||50|]Froslass||Froslassite|SnowCloak|Blizzard,AuroraVeil,ShadowBall,Protect|Timid||F|||50|]Lycanroc-Dusk||FocusSash|ToughClaws|CloseCombat,RockSlide,Accelerock,Protect|Adamant||F|||50|]Basculegion||SitrusBerry|Adaptability|LastRespects,AquaJet,WaveCrash,Protect|Adamant||M|||50|]Scovillain||Scovillainite|Moody|Overheat,GigaDrain,RagePowder,Protect|Bold||M|||50|
|inactive|Battle timer is ON: inactive players will automatically lose when time's up. (requested by failandimprove5)
|c|☆failandimprove5|glhf
|c|☆Socriet|gl hf
|inactive|failandimprove5 has 60 seconds left.
|
|t:|1784746306
|teamsize|p1|4
|teamsize|p2|4
|start
|switch|p1a: Sinistcha|Sinistcha, L50|100/100
|switch|p1b: Palafin|Palafin, L50, F|100/100
|switch|p2a: Kingambit|Kingambit, L50, M|100/100
|switch|p2b: Froslass|Froslass, L50, F|100/100
|turn|1
|inactive|Socriet has 30 seconds left.
|inactive|Socriet has 20 seconds left.
|inactive|Socriet has 15 seconds left.
|inactive|Socriet has 10 seconds left.
|
|t:|1784746354
|switch|p1a: Politoed|Politoed, L50, F, shiny|100/100
|-weather|RainDance|[from] ability: Drizzle|[of] p1a: Politoed
|detailschange|p2b: Froslass|Froslass-Mega, L50, F
|-mega|p2b: Froslass|Froslass|Froslassite
|-weather|Snowscape|[from] ability: Snow Warning|[of] p2b: Froslass
|move|p2b: Froslass|Aurora Veil|p2b: Froslass
|-sidestart|p2: failandimprove5|move: Aurora Veil
|move|p1b: Palafin|Close Combat|p2a: Kingambit
|-supereffective|p2a: Kingambit|2
|-damage|p2a: Kingambit|40/100
|-unboost|p1b: Palafin|def|1
|-unboost|p1b: Palafin|spd|1
|move|p2a: Kingambit|Swords Dance|p2a: Kingambit
|-boost|p2a: Kingambit|atk|2
|
|-weather|Snowscape|[upkeep]
|upkeep
|turn|2
|inactive|Socriet has 30 seconds left.
|inactive|failandimprove5 has 30 seconds left.
|inactive|Socriet has 20 seconds left.
|
|t:|1784746390
|detailschange|p1b: Palafin|Palafin-Hero, L50, F
|switch|p1b: Incineroar|Incineroar, L50, F|100/100
|-ability|p1b: Incineroar|Intimidate|boost
|-unboost|p2a: Kingambit|atk|1
|-ability|p2a: Kingambit|Defiant|boost
|-boost|p2a: Kingambit|atk|2
|-unboost|p2b: Froslass|atk|1
|move|p2a: Kingambit|Sucker Punch||[still]
|-fail|p2a: Kingambit
|move|p2b: Froslass|Shadow Ball|p1a: Politoed
|-damage|p1a: Politoed|72/100
|move|p1a: Politoed|Encore|p2a: Kingambit
|-start|p2a: Kingambit|Encore
|
|-weather|Snowscape|[upkeep]
|upkeep
|turn|3
|inactive|Socriet has 30 seconds left.
|inactive|failandimprove5 has 30 seconds left.
|inactive|Socriet has 20 seconds left.
|inactive|Socriet has 15 seconds left.
|inactive|Socriet has 10 seconds left.
|
|t:|1784746440
|switch|p2b: Basculegion|Basculegion, L50, M|100/100
|move|p2a: Kingambit|Sucker Punch||[still]
|-fail|p2a: Kingambit
|move|p1a: Politoed|Perish Song|p1a: Politoed
|-start|p1a: Politoed|perish3|[silent]
|-start|p1b: Incineroar|perish3|[silent]
|-start|p2a: Kingambit|perish3|[silent]
|-start|p2b: Basculegion|perish3|[silent]
|-fieldactivate|move: Perish Song
|move|p1b: Incineroar|Parting Shot|p2b: Basculegion
|-unboost|p2b: Basculegion|atk|1
|-unboost|p2b: Basculegion|spa|1
|inactive|Socriet has 30 seconds left.
|
|t:|1784746469
|switch|p1b: Sinistcha|Sinistcha, L50|100/100|[from] Parting Shot
|-heal|p1a: Politoed|97/100|[from] ability: Hospitality|[of] p1b: Sinistcha
|
|-weather|Snowscape|[upkeep]
|-start|p1a: Politoed|perish3
|-start|p2b: Basculegion|perish3
|-start|p2a: Kingambit|perish3
|upkeep
|turn|4
|
|t:|1784746491
|switch|p1a: Palafin|Palafin-Hero, L50, F|100/100
|-activate|p1a: Palafin|ability: Zero to Hero
|switch|p2b: Sneasler|Sneasler, L50, F|100/100
|move|p1b: Sinistcha|Protect|p1b: Sinistcha
|-singleturn|p1b: Sinistcha|Protect
|move|p2a: Kingambit|Sucker Punch||[still]
|-fail|p2a: Kingambit
|
|-weather|Snowscape|[upkeep]
|-start|p2a: Kingambit|perish2
|upkeep
|turn|5
|inactive|failandimprove5 has 30 seconds left.
|inactive|Socriet has 30 seconds left.
|inactive|failandimprove5 has 20 seconds left.
|
|t:|1784746527
|switch|p1b: Politoed|Politoed, L50, F, shiny|97/100
|-weather|RainDance|[from] ability: Drizzle|[of] p1b: Politoed
|move|p1a: Palafin|Protect|p1a: Palafin
|-singleturn|p1a: Palafin|Protect
|move|p2a: Kingambit|Sucker Punch||[still]
|-fail|p2a: Kingambit
|move|p2b: Sneasler|Close Combat|p1a: Palafin
|-activate|p1a: Palafin|move: Protect
|
|-weather|RainDance|[upkeep]
|-end|p2a: Kingambit|Encore
|-start|p2a: Kingambit|perish1
|-sideend|p2: failandimprove5|move: Aurora Veil
|upkeep
|turn|6
|inactive|Socriet has 30 seconds left.
|
|t:|1784746559
|switch|p1a: Sinistcha|Sinistcha, L50|100/100
|-heal|p1b: Politoed|100/100|[from] ability: Hospitality|[of] p1a: Sinistcha
|switch|p2a: Froslass|Froslass-Mega, L50, F|100/100
|-weather|Snowscape|[from] ability: Snow Warning|[of] p2a: Froslass
|move|p2b: Sneasler|Close Combat|p1a: Sinistcha
|-immune|p1a: Sinistcha
|move|p1b: Politoed|Encore||[still]
|-fail|p1b: Politoed
|
|-weather|Snowscape|[upkeep]
|upkeep
|turn|7
|inactive|Socriet has 30 seconds left.
|inactive|Socriet has 20 seconds left.
|inactive|Socriet has 15 seconds left.
|inactive|Socriet has 10 seconds left.
|
|t:|1784746606
|switch|p1b: Incineroar|Incineroar, L50, F|100/100
|-ability|p1b: Incineroar|Intimidate|boost
|-unboost|p2a: Froslass|atk|1
|-unboost|p2b: Sneasler|atk|1
|-enditem|p2b: Sneasler|White Herb
|-clearnegativeboost|p2b: Sneasler|[silent]
|switch|p1a: Palafin|Palafin-Hero, L50, F|100/100
|move|p2b: Sneasler|Gunk Shot|p1b: Incineroar|[miss]
|-miss|p2b: Sneasler|p1b: Incineroar
|move|p2a: Froslass|Blizzard|p1a: Palafin|[spread] p1a,p1b
|-resisted|p1a: Palafin|1
|-resisted|p1b: Incineroar|1
|-damage|p1a: Palafin|79/100
|-damage|p1b: Incineroar|85/100
|
|-weather|Snowscape|[upkeep]
|upkeep
|turn|8
|inactive|Socriet has 30 seconds left.
|inactive|Socriet has 20 seconds left.
|inactive|Socriet has 15 seconds left.
|inactive|Socriet has 10 seconds left.
|
|t:|1784746652
|switch|p2b: Basculegion|Basculegion, L50, M|100/100
|switch|p2a: Kingambit|Kingambit, L50, M|40/100
|switch|p1b: Politoed|Politoed, L50, F, shiny|100/100
|-weather|RainDance|[from] ability: Drizzle|[of] p1b: Politoed
|move|p1a: Palafin|Wave Crash|p2a: Kingambit
|-damage|p2a: Kingambit|0 fnt
|faint|p2a: Kingambit
|-damage|p1a: Palafin|63/100|[from] Recoil
|
|-weather|RainDance|[upkeep]
|upkeep
|
|t:|1784746676
|switch|p2a: Froslass|Froslass-Mega, L50, F|100/100
|-weather|Snowscape|[from] ability: Snow Warning|[of] p2a: Froslass
|turn|9
|inactive|Socriet has 30 seconds left.
|
|t:|1784746707
|move|p1a: Palafin|Protect|p1a: Palafin
|-singleturn|p1a: Palafin|Protect
|move|p2a: Froslass|Blizzard|p1a: Palafin|[spread] p1b
|-activate|p1a: Palafin|move: Protect
|-resisted|p1b: Politoed|1
|-damage|p1b: Politoed|86/100
|move|p1b: Politoed|Encore|p2a: Froslass
|-start|p2a: Froslass|Encore
|move|p2b: Basculegion|Last Respects|p1a: Palafin
|-activate|p1a: Palafin|move: Protect
|
|-weather|Snowscape|[upkeep]
|upkeep
|turn|10
|inactive|Socriet has 30 seconds left.
|
|t:|1784746733
|switch|p1a: Incineroar|Incineroar, L50, F|85/100
|-ability|p1a: Incineroar|Intimidate|boost
|-unboost|p2a: Froslass|atk|1
|-unboost|p2b: Basculegion|atk|1
|move|p2a: Froslass|Blizzard|p1b: Politoed|[spread] p1a,p1b
|-resisted|p1a: Incineroar|1
|-resisted|p1b: Politoed|1
|-damage|p1a: Incineroar|70/100
|-damage|p1b: Politoed|71/100
|move|p1b: Politoed|Perish Song|p1b: Politoed
|-start|p1a: Incineroar|perish3|[silent]
|-start|p1b: Politoed|perish3|[silent]
|-start|p2a: Froslass|perish3|[silent]
|-start|p2b: Basculegion|perish3|[silent]
|-fieldactivate|move: Perish Song
|move|p2b: Basculegion|Last Respects|p1a: Incineroar
|-resisted|p1a: Incineroar|1
|-damage|p1a: Incineroar|51/100
|
|-weather|Snowscape|[upkeep]
|-start|p2a: Froslass|perish3
|-start|p1b: Politoed|perish3
|-start|p2b: Basculegion|perish3
|-start|p1a: Incineroar|perish3
|upkeep
|turn|11
|inactive|Socriet has 30 seconds left.
|inactive|Socriet has 20 seconds left.
|
|t:|1784746764
|move|p2a: Froslass|Blizzard|p1b: Politoed|[spread] p1a,p1b
|-resisted|p1a: Incineroar|1
|-resisted|p1b: Politoed|1
|-damage|p1a: Incineroar|38/100
|-damage|p1b: Politoed|55/100
|move|p1b: Politoed|Encore|p2b: Basculegion
|-start|p2b: Basculegion|Encore
|move|p2b: Basculegion|Last Respects|p1b: Politoed
|-damage|p1b: Politoed|9/100
|-enditem|p1b: Politoed|Sitrus Berry|[eat]
|-heal|p1b: Politoed|34/100|[from] item: Sitrus Berry
|move|p1a: Incineroar|Throat Chop|p2a: Froslass
|-supereffective|p2a: Froslass|1
|-damage|p2a: Froslass|46/100
|-start|p2a: Froslass|Throat Chop|[silent]
|
|-weather|Snowscape|[upkeep]
|-start|p2a: Froslass|perish2
|-start|p1b: Politoed|perish2
|-start|p2b: Basculegion|perish2
|-start|p1a: Incineroar|perish2
|upkeep
|turn|12
|inactive|Socriet has 20 seconds left this turn.
|inactive|Socriet has 15 seconds left.
|inactive|Socriet has 10 seconds left.
|inactive|Socriet has 5 seconds left.
|
|t:|1784746783
|switch|p2a: Sneasler|Sneasler, L50, F|100/100
|switch|p1a: Sinistcha|Sinistcha, L50|100/100
|-heal|p1b: Politoed|58/100|[from] ability: Hospitality|[of] p1a: Sinistcha
|move|p1b: Politoed|Perish Song|p1b: Politoed
|-start|p1a: Sinistcha|perish3|[silent]
|-start|p2a: Sneasler|perish3|[silent]
|-fieldactivate|move: Perish Song
|move|p2b: Basculegion|Last Respects|p1b: Politoed
|-damage|p1b: Politoed|19/100
|
|-weather|Snowscape|[upkeep]
|-start|p2a: Sneasler|perish3
|-start|p1b: Politoed|perish1
|-start|p2b: Basculegion|perish1
|-start|p1a: Sinistcha|perish3
|upkeep
|turn|13
|inactive|Socriet has 5 seconds left this turn.
|-message|Socriet lost due to inactivity.
|
|win|failandimprove5
