|j|☆kdan_7
|j|☆Dawsonschris
|html|kdan_7Dawsonschris    
|uhtml|bestof|Game 2 of a best-of-3
|t:|1756492002
|gametype|doubles
|player|p1|kdan_7|shauntal|1197
|player|p2|Dawsonschris|artist-gen4|1137
|gen|9
|tier|[Gen 9] VGC 2025 Reg H (Bo3)
|rated|
|rule|Species Clause: Limit one of each Pokémon
|rule|Item Clause: Limit 1 of each item
|clearpoke
|poke|p1|Amoonguss, L50, F|
|poke|p1|Sneasler, L50, M|
|poke|p1|Gholdengo, L50|
|poke|p1|Incineroar, L50, M|
|poke|p1|Ursaluna-Bloodmoon, L50, M|
|poke|p1|Dragonite, L50, F|
|poke|p2|Ursaluna-Bloodmoon, L50, M|
|poke|p2|Electabuzz, L50, M|
|poke|p2|Sneasler, L50, M|
|poke|p2|Indeedee, L50, M|
|poke|p2|Incineroar, L50, M|
|poke|p2|Talonflame, L50, M|
|teampreview|4
|showteam|p1|Amoonguss||SitrusBerry|Regenerator|RagePowder,Spore,PollenPuff,Protect|||F|||50|,,,,,Psychic]Sneasler||FocusSash|Unburden|Protect,DireClaw,CloseCombat,ThroatChop|||M|||50|,,,,,Stellar]Gholdengo||LifeOrb|GoodasGold|Protect,MakeItRain,ShadowBall,NastyPlot||||||50|,,,,,Water]Incineroar||SafetyGoggles|Intimidate|KnockOff,PartingShot,FlareBlitz,FakeOut|||M|||50|,,,,,Ghost]Ursaluna-Bloodmoon||AssaultVest|MindsEye|BloodMoon,EarthPower,VacuumWave,HyperVoice|||M|||50|,,,,,Water]Dragonite||LoadedDice|Multiscale|ScaleShot,Tailwind,Haze,Protect|||F|||50|,,,,,Fairy
|showteam|p2|Ursaluna-Bloodmoon||LifeOrb|MindsEye|Protect,BloodMoon,EarthPower,HyperVoice|||M|||50|,,,,,Normal]Electabuzz||Eviolite|VitalSpirit|FollowMe,Taunt,Electroweb,Protect|||M|||50|,,,,,Dragon]Sneasler||PsychicSeed|Unburden|ThroatChop,DireClaw,CloseCombat,Protect|||M|||50|,,,,,Dark]Indeedee||FocusSash|PsychicSurge|ExpandingForce,TrickRoom,HelpingHand,Protect|||M|||50|,,,,,Psychic]Incineroar||SafetyGoggles|Intimidate|FakeOut,KnockOff,PartingShot,FlareBlitz|||M|||50|,,,,,Dragon]Talonflame||CovertCloak|GaleWings|FlareBlitz,DualWingbeat,WillOWisp,Tailwind|||M|||50|,,,,,Fairy
|
|t:|1756492022
|teamsize|p1|4
|teamsize|p2|4
|start
|switch|p1a: Say Cheese|Gholdengo, L50|100/100
|switch|p1b: Luffy|Incineroar, L50, M|100/100
|switch|p2a: Electabuzz|Electabuzz, L50, M|100/100
|switch|p2b: Ursaluna|Ursaluna-Bloodmoon, L50, M|100/100
|-ability|p1b: Luffy|Intimidate|boost
|-unboost|p2a: Electabuzz|atk|1
|-unboost|p2b: Ursaluna|atk|1
|turn|1
|inactive|Battle timer is ON: inactive players will automatically lose when time's up. (requested by Dawsonschris)
|
|t:|1756492040
|move|p1a: Say Cheese|Protect|p1a: Say Cheese
|-singleturn|p1a: Say Cheese|Protect
|move|p2b: Ursaluna|Protect|p2b: Ursaluna
|-singleturn|p2b: Ursaluna|Protect
|move|p2a: Electabuzz|Electroweb|p1b: Luffy|[spread] p1b
|-activate|p1a: Say Cheese|move: Protect
|-damage|p1b: Luffy|88/100
|-unboost|p1b: Luffy|spe|1
|move|p1b: Luffy|Parting Shot|p2b: Ursaluna
|-activate|p2b: Ursaluna|move: Protect
|
|upkeep
|turn|2
|inactive|kdan_7 has 30 seconds left.
|inactive|Dawsonschris has 30 seconds left.
|
|t:|1756492071
|-terastallize|p1a: Say Cheese|Water
|-terastallize|p2b: Ursaluna|Normal
|move|p2a: Electabuzz|Electroweb|p1a: Say Cheese|[spread] p1a,p1b
|-supereffective|p1a: Say Cheese
|-damage|p1a: Say Cheese|73/100
|-damage|p1b: Luffy|74/100
|-unboost|p1a: Say Cheese|spe|1
|-unboost|p1b: Luffy|spe|1
|move|p2b: Ursaluna|Blood Moon|p1a: Say Cheese
|-damage|p1a: Say Cheese|0 fnt
|faint|p1a: Say Cheese
|-damage|p2b: Ursaluna|91/100|[from] item: Life Orb
|move|p1b: Luffy|Parting Shot|p2b: Ursaluna
|-unboost|p2b: Ursaluna|atk|1
|-unboost|p2b: Ursaluna|spa|1
|
|t:|1756492085
|switch|p1b: 8|Sneasler, L50, M|100/100|[from] Parting Shot
|
|upkeep
|
|t:|1756492088
|switch|p1a: Luffy|Incineroar, L50, M|74/100
|-ability|p1a: Luffy|Intimidate|boost
|-unboost|p2a: Electabuzz|atk|1
|-unboost|p2b: Ursaluna|atk|1
|turn|3
|
|t:|1756492113
|switch|p2b: Indeedee|Indeedee, L50, M|100/100
|-fieldstart|move: Psychic Terrain|[from] ability: Psychic Surge|[of] p2b: Indeedee
|move|p1a: Luffy|Fake Out|p2a: Electabuzz
|-activate|p2a: Electabuzz|move: Psychic Terrain
|move|p1b: 8|Dire Claw|p2a: Electabuzz
|-damage|p2a: Electabuzz|58/100
|move|p2a: Electabuzz|Electroweb|p1b: 8|[spread] p1a,p1b
|-damage|p1a: Luffy|60/100
|-damage|p1b: 8|79/100
|-unboost|p1a: Luffy|spe|1
|-unboost|p1b: 8|spe|1
|
|upkeep
|turn|4
|
|t:|1756492133
|switch|p1b: Tony|Ursaluna-Bloodmoon, L50, M|100/100
|move|p2a: Electabuzz|Follow Me|p2a: Electabuzz
|-singleturn|p2a: Electabuzz|move: Follow Me
|move|p2b: Indeedee|Expanding Force|p1b: Tony|[spread] p1b
|-immune|p1a: Luffy
|-damage|p1b: Tony|66/100
|move|p1a: Luffy|Knock Off|p2a: Electabuzz
|-damage|p2a: Electabuzz|19/100
|-enditem|p2a: Electabuzz|Eviolite|[from] move: Knock Off|[of] p1a: Luffy
|
|upkeep
|turn|5
|
|t:|1756492156
|move|p2a: Electabuzz|Electroweb|p1b: Tony|[spread] p1a
|-immune|p1b: Tony
|-damage|p1a: Luffy|48/100
|-unboost|p1a: Luffy|spe|1
|move|p2b: Indeedee|Expanding Force|p1b: Tony|[spread] p1b
|-immune|p1a: Luffy
|-damage|p1b: Tony|29/100
|move|p1b: Tony|Hyper Voice|p2a: Electabuzz|[spread] p2a,p2b
|-damage|p2a: Electabuzz|0 fnt
|-damage|p2b: Indeedee|52/100
|faint|p2a: Electabuzz
|move|p1a: Luffy|Knock Off|p2b: Indeedee
|-supereffective|p2b: Indeedee
|-damage|p2b: Indeedee|0 fnt
|-enditem|p2b: Indeedee|Focus Sash|[from] move: Knock Off|[of] p1a: Luffy
|faint|p2b: Indeedee
|
|upkeep
|
|t:|1756492174
|switch|p2a: Sneasler|Sneasler, L50, M|100/100
|switch|p2b: Ursaluna|Ursaluna-Bloodmoon, L50, M, tera:Normal|91/100
|-enditem|p2a: Sneasler|Psychic Seed
|-boost|p2a: Sneasler|spd|1|[from] item: Psychic Seed
|turn|6
|
|t:|1756492193
|switch|p1b: 8|Sneasler, L50, M|79/100
|move|p2a: Sneasler|Close Combat|p1b: 8
|-resisted|p1b: 8
|-damage|p1b: 8|24/100
|-unboost|p2a: Sneasler|def|1
|-unboost|p2a: Sneasler|spd|1
|move|p2b: Ursaluna|Hyper Voice|p1a: Luffy|[spread] p1a,p1b
|-damage|p1a: Luffy|0 fnt
|-damage|p1b: 8|0 fnt
|faint|p1a: Luffy
|faint|p1b: 8
|-damage|p2b: Ursaluna|81/100|[from] item: Life Orb
|
|upkeep
|-message|kdan_7 forfeited.
|
|win|Dawsonschris
||kdan_7 is ready for game 3.
