|j|☆ShadowGhost4488
|j|☆yuirs gsb
|html|ShadowGhost4488yuirs gsb    
|uhtml|bestof|Game 2 of a best-of-3
|t:|1783277064
|gametype|doubles
|player|p1|ShadowGhost4488|unknownf|1155
|player|p2|yuirs gsb|benga|1079
|gen|9
|tier|[Gen 9 Champions] VGC 2026 Reg M-B (Bo3)
|rated|
|rule|Species Clause: Limit one of each Pokémon
|rule|Item Clause: Limit 1 of each item
|clearpoke
|poke|p1|Scrafty, L50, M, shiny|
|poke|p1|Charizard, L50, M, shiny|
|poke|p1|Sylveon, L50, F, shiny|
|poke|p1|Garchomp, L50, F, shiny|
|poke|p1|Farigiraf, L50, F, shiny|
|poke|p1|Aerodactyl, L50, M, shiny|
|poke|p2|Araquanid, L50, F|
|poke|p2|Venusaur, L50, F|
|poke|p2|Heliolisk, L50, F|
|poke|p2|Metagross, L50|
|poke|p2|Garganacl, L50, F|
|poke|p2|Garchomp, L50, F|
|teampreview|4
|showteam|p1|Scrafty||Scraftinite|Intimidate|FakeOut,Detect,CloseCombat,KnockOff|Adamant||M|||50|]Charizard||CharizarditeY|Blaze|HeatWave,WeatherBall,SolarBeam,Protect|Modest||M|||50|]Sylveon||FairyFeather|Pixilate|Detect,QuickAttack,HyperVoice,HyperBeam|Modest||F|||50|]Garchomp||LifeOrb|RoughSkin|Earthquake,Protect,RockSlide,DragonClaw|Jolly||F|||50|]Farigiraf||SitrusBerry|ArmorTail|TrickRoom,HelpingHand,HyperVoice,TwinBeam|Bold||F|||50|]Aerodactyl||FocusSash|Unnerve|Protect,RockSlide,Tailwind,DualWingbeat|Jolly||M|||50|
|showteam|p2|Araquanid||SitrusBerry|WaterBubble|Entrainment,IcyWind,StickyWeb,LeechLife|Impish||F|||50|]Venusaur||Venusaurite|Overgrow|SludgeBomb,GigaDrain,Protect,EarthPower|Modest||F|||50|]Heliolisk||FocusSash|DrySkin|Protect,Thunderbolt,GrassKnot,Electroweb|Timid||F|||50|]Metagross||Metagrossite|ClearBody|IronHead,PsychicFangs,Protect,IcePunch|Adamant|||||50|]Garganacl||Leftovers|PurifyingSalt|SaltCure,Protect,WideGuard,Recover|Careful||F|||50|]Garchomp||LifeOrb|RoughSkin|StompingTantrum,DragonClaw,Protect,RockSlide|Adamant||F|||50|
|inactive|Battle timer is ON: inactive players will automatically lose when time's up. (requested by ShadowGhost4488)
|inactive|yuirs gsb also wants the timer to be on.
|inactive|ShadowGhost4488 has 60 seconds left.
|
|t:|1783277096
|teamsize|p1|4
|teamsize|p2|4
|start
|switch|p1a: Aerodactyl|Aerodactyl, L50, M, shiny|100/100
|switch|p1b: Charizard|Charizard, L50, M, shiny|100/100
|switch|p2a: Araquanid|Araquanid, L50, F|100/100
|switch|p2b: Garganacl|Garganacl, L50, F|100/100
|-ability|p1a: Aerodactyl|Unnerve
|turn|1
|
|t:|1783277111
|detailschange|p1b: Charizard|Charizard-Mega-Y, L50, M, shiny
|-mega|p1b: Charizard|Charizard|Charizardite Y
|-weather|SunnyDay|[from] ability: Drought|[of] p1b: Charizard
|move|p1a: Aerodactyl|Rock Slide|p2b: Garganacl|[spread] p2a,p2b
|-supereffective|p2a: Araquanid|1
|-damage|p2a: Araquanid|57/100
|-damage|p2b: Garganacl|83/100
|move|p1b: Charizard|Solar Beam||[still]
|-prepare|p1b: Charizard|Solar Beam
|-anim|p1b: Charizard|Solar Beam|p2b: Garganacl
|-supereffective|p2b: Garganacl|1
|-damage|p2b: Garganacl|4/100
|move|p2a: Araquanid|Icy Wind|p1b: Charizard|[spread] p1a,p1b
|-supereffective|p1a: Aerodactyl|1
|-damage|p1a: Aerodactyl|85/100
|-damage|p1b: Charizard|94/100
|-unboost|p1a: Aerodactyl|spe|1
|-unboost|p1b: Charizard|spe|1
|cant|p2b: Garganacl|flinch
|
|-weather|SunnyDay|[upkeep]
|-heal|p2b: Garganacl|10/100|[from] item: Leftovers
|upkeep
|turn|2
|
|t:|1783277135
|move|p2b: Garganacl|Wide Guard|p2b: Garganacl
|-singleturn|p2b: Garganacl|Wide Guard
|move|p1a: Aerodactyl|Rock Slide|p2b: Garganacl|[spread] 
|-activate|p2a: Araquanid|move: Wide Guard
|-activate|p2b: Garganacl|move: Wide Guard
|move|p1b: Charizard|Heat Wave|p2b: Garganacl|[spread] 
|-activate|p2a: Araquanid|move: Wide Guard
|-activate|p2b: Garganacl|move: Wide Guard
|move|p2a: Araquanid|Icy Wind|p1a: Aerodactyl|[spread] p1a,p1b
|-supereffective|p1a: Aerodactyl|1
|-damage|p1a: Aerodactyl|71/100
|-damage|p1b: Charizard|89/100
|-unboost|p1a: Aerodactyl|spe|1
|-unboost|p1b: Charizard|spe|1
|
|-weather|SunnyDay|[upkeep]
|-heal|p2b: Garganacl|15/100|[from] item: Leftovers
|upkeep
|turn|3
|
|t:|1783277151
|move|p2b: Garganacl|Protect||[still]
|-fail|p2b: Garganacl
|move|p1a: Aerodactyl|Dual Wingbeat|p2a: Araquanid
|-supereffective|p2a: Araquanid|1
|-damage|p2a: Araquanid|29/100
|-supereffective|p2a: Araquanid|1
|-damage|p2a: Araquanid|1/100
|-hitcount|p2a: Araquanid|2
|move|p1b: Charizard|Solar Beam||[still]
|-prepare|p1b: Charizard|Solar Beam
|-anim|p1b: Charizard|Solar Beam|p2b: Garganacl
|-supereffective|p2b: Garganacl|1
|-crit|p2b: Garganacl
|-damage|p2b: Garganacl|0 fnt
|faint|p2b: Garganacl
|move|p2a: Araquanid|Sticky Web|p1b: Charizard
|-sidestart|p1: ShadowGhost4488|move: Sticky Web
|
|-weather|SunnyDay|[upkeep]
|upkeep
|
|t:|1783277164
|switch|p2b: Garchomp|Garchomp, L50, F|100/100
|turn|4
|
|t:|1783277178
|switch|p1a: Garchomp|Garchomp, L50, F, shiny|100/100
|-enditem|p2a: Araquanid|Sitrus Berry|[eat]
|-heal|p2a: Araquanid|25/100|[from] item: Sitrus Berry
|-activate|p1a: Garchomp|move: Sticky Web
|-unboost|p1a: Garchomp|spe|1
|switch|p1b: Sylveon|Sylveon, L50, F, shiny|100/100
|-activate|p1b: Sylveon|move: Sticky Web
|-unboost|p1b: Sylveon|spe|1
|switch|p2a: Venusaur|Venusaur, L50, F|100/100
|move|p2b: Garchomp|Rock Slide|p1b: Sylveon|[spread] p1a
|-miss|p2b: Garchomp|p1b: Sylveon
|-resisted|p1a: Garchomp|1
|-damage|p1a: Garchomp|87/100
|-damage|p2b: Garchomp|90/100|[from] item: Life Orb
|
|-weather|SunnyDay|[upkeep]
|upkeep
|turn|5
|inactive|ShadowGhost4488 has 30 seconds left.
|
|t:|1783277212
|detailschange|p2a: Venusaur|Venusaur-Mega, L50, F
|-mega|p2a: Venusaur|Venusaur|Venusaurite
|move|p1a: Garchomp|Protect|p1a: Garchomp
|-singleturn|p1a: Garchomp|Protect
|move|p2b: Garchomp|Dragon Claw|p1a: Garchomp
|-activate|p1a: Garchomp|move: Protect
|move|p2a: Venusaur|Sludge Bomb|p1b: Sylveon
|-supereffective|p1b: Sylveon|1
|-damage|p1b: Sylveon|45/100
|move|p1b: Sylveon|Hyper Voice|p2b: Garchomp|[spread] p2a,p2b
|-resisted|p2a: Venusaur|1
|-supereffective|p2b: Garchomp|1
|-damage|p2a: Venusaur|79/100
|-damage|p2b: Garchomp|8/100
|
|-weather|none
|upkeep
|turn|6
|
|t:|1783277236
|switch|p1a: Aerodactyl|Aerodactyl, L50, M, shiny|71/100
|-ability|p1a: Aerodactyl|Unnerve
|move|p1b: Sylveon|Quick Attack|p2b: Garchomp
|-supereffective|p2b: Garchomp|1
|-damage|p2b: Garchomp|0 fnt
|-damage|p1b: Sylveon|33/100|[from] ability: Rough Skin|[of] p2b: Garchomp
|faint|p2b: Garchomp
|move|p2a: Venusaur|Sludge Bomb|p1b: Sylveon
|-supereffective|p1b: Sylveon|1
|-damage|p1b: Sylveon|0 fnt
|faint|p1b: Sylveon
|
|upkeep
|
|t:|1783277256
|switch|p2b: Araquanid|Araquanid, L50, F|25/100
|switch|p1b: Charizard|Charizard-Mega-Y, L50, M, shiny|89/100
|-weather|SunnyDay|[from] ability: Drought|[of] p1b: Charizard
|turn|7
|
|t:|1783277266
|move|p1a: Aerodactyl|Rock Slide|p2a: Venusaur|[spread] p2a,p2b
|-supereffective|p2b: Araquanid|1
|-damage|p2a: Venusaur|57/100
|-damage|p2b: Araquanid|0 fnt
|faint|p2b: Araquanid
|move|p1b: Charizard|Weather Ball|p2a: Venusaur
|-supereffective|p2a: Venusaur|1
|-damage|p2a: Venusaur|0 fnt
|faint|p2a: Venusaur
|
|win|ShadowGhost4488
||yuirs gsb is ready for game 3.
||ShadowGhost4488 is ready for game 3.
|uhtml|next|Next: Game 3 of 3
|l|☆yuirs gsb
|player|p2|
