|j|☆fenking
|j|☆Archanile
|html|fenkingArchanile    
|uhtml|bestof|Game 2 of a best-of-3
|t:|1757924025
|gametype|doubles
|player|p1|fenking|265|1058
|player|p2|Archanile|hilbert|1073
|gen|9
|tier|[Gen 9] VGC 2025 Reg H (Bo3)
|rated|
|rule|Species Clause: Limit one of each Pokémon
|rule|Item Clause: Limit 1 of each item
|clearpoke
|poke|p1|Archaludon, L50, F|
|poke|p1|Dragonite, L50, M|
|poke|p1|Pelipper, L50, F|
|poke|p1|Ursaluna, L50, F|
|poke|p1|Sinistcha, L50|
|poke|p1|Gholdengo, L50|
|poke|p2|Dragonite, L50, M|
|poke|p2|Ursaluna-Bloodmoon, L50, M|
|poke|p2|Gholdengo, L50|
|poke|p2|Maushold-Four, L50|
|poke|p2|Annihilape, L50, M|
|poke|p2|Rillaboom, L50, M|
|teampreview|4
|showteam|p1|Archaludon||AssaultVest|Stamina|FlashCannon,BodyPress,ElectroShot,Snarl|||F|||50|,,,,,Fighting]Dragonite||LoadedDice|Multiscale|ScaleShot,Tailwind,Haze,Protect|||M|||50|,,,,,Ghost]Pelipper||FocusSash|Drizzle|MuddyWater,Hurricane,Tailwind,Protect|||F|||50|,,,,,Water]Ursaluna||FlameOrb|Guts|Facade,HeadlongRush,Earthquake,Protect|||F|||50|,,,,,Ghost]Sinistcha||SitrusBerry|Hospitality|MatchaGotcha,LifeDew,RagePowder,TrickRoom||||||50|,,,,,Dark]Gholdengo||ChoiceScarf|GoodasGold|MakeItRain,ShadowBall,Trick,Protect||||||50|,,,,,Flying
|showteam|p2|Dragonite||LoadedDice|Multiscale|ScaleShot,Tailwind,Haze,Protect|||M|||50|,,,,,Fairy]Ursaluna-Bloodmoon||AssaultVest|MindsEye|BloodMoon,EarthPower,HyperVoice,VacuumWave|||M|||50|,,,,,Water]Gholdengo||ChoiceScarf|GoodasGold|MakeItRain,ShadowBall,Thunderbolt,Trick||||||50|,,,,,Ghost]Maushold-Four||FocusSash|FriendGuard|HelpingHand,FollowMe,BeatUp,Protect||||||50|,,,,,Ghost]Annihilape||SitrusBerry|Defiant|RageFist,DrainPunch,BulkUp,Protect|||M|||50|,,,,,Fire]Rillaboom||MiracleSeed|GrassySurge|WoodHammer,GrassyGlide,HighHorsepower,FakeOut|||M|||50|,,,,,Fire
|inactive|Battle timer is ON: inactive players will automatically lose when time's up. (requested by Archanile)
|
|t:|1757924060
|teamsize|p1|4
|teamsize|p2|4
|start
|switch|p1a: Dragonite|Dragonite, L50, M|100/100
|switch|p1b: Sinistcha|Sinistcha, L50|100/100
|switch|p2a: Maushold|Maushold-Four, L50|100/100
|switch|p2b: Annihilape|Annihilape, L50, M|100/100
|turn|1
|inactive|Archanile has 30 seconds left.
|
|t:|1757924089
|move|p1b: Sinistcha|Rage Powder|p1b: Sinistcha
|-singleturn|p1b: Sinistcha|move: Rage Powder
|move|p2a: Maushold|Beat Up|p1b: Sinistcha
|-supereffective|p1b: Sinistcha
|-damage|p1b: Sinistcha|97/100
|-supereffective|p1b: Sinistcha
|-damage|p1b: Sinistcha|93/100
|-supereffective|p1b: Sinistcha
|-damage|p1b: Sinistcha|88/100
|-supereffective|p1b: Sinistcha
|-damage|p1b: Sinistcha|85/100
|-hitcount|p1b: Sinistcha|4
|move|p2b: Annihilape|Rage Fist|p1b: Sinistcha
|-supereffective|p1b: Sinistcha
|-damage|p1b: Sinistcha|53/100
|move|p1a: Dragonite|Tailwind|p1a: Dragonite
|-sidestart|p1: fenking|move: Tailwind
|
|upkeep
|turn|2
|
|t:|1757924109
|move|p2a: Maushold|Protect|p2a: Maushold
|-singleturn|p2a: Maushold|Protect
|move|p1a: Dragonite|Scale Shot|p2a: Maushold
|-activate|p2a: Maushold|move: Protect
|move|p1b: Sinistcha|Matcha Gotcha|p2a: Maushold|[spread] p2b
|-activate|p2a: Maushold|move: Protect
|-damage|p2b: Annihilape|83/100
|-heal|p1b: Sinistcha|63/100|[from] drain|[of] p2b: Annihilape
|move|p2b: Annihilape|Bulk Up|p2b: Annihilape
|-boost|p2b: Annihilape|atk|1
|-boost|p2b: Annihilape|def|1
|
|upkeep
|turn|3
|inactive|fenking has 30 seconds left.
|inactive|Archanile has 30 seconds left.
|inactive|fenking has 20 seconds left.
|
|t:|1757924148
|move|p2a: Maushold|Helping Hand|p2b: Annihilape
|-singleturn|p2b: Annihilape|Helping Hand|[of] p2a: Maushold
|move|p1a: Dragonite|Scale Shot|p2a: Maushold
|-damage|p2a: Maushold|86/100
|-damage|p2a: Maushold|71/100
|-damage|p2a: Maushold|58/100
|-damage|p2a: Maushold|45/100
|-hitcount|p2a: Maushold|4
|-unboost|p1a: Dragonite|def|1
|-boost|p1a: Dragonite|spe|1
|move|p1b: Sinistcha|Matcha Gotcha|p2a: Maushold|[spread] p2b
|-miss|p1b: Sinistcha|p2a: Maushold
|-damage|p2b: Annihilape|67/100
|-heal|p1b: Sinistcha|73/100|[from] drain|[of] p2b: Annihilape
|move|p2b: Annihilape|Rage Fist|p1b: Sinistcha
|-supereffective|p1b: Sinistcha
|-damage|p1b: Sinistcha|0 fnt
|faint|p1b: Sinistcha
|
|upkeep
|
|t:|1757924171
|switch|p1b: Archaludon|Archaludon, L50, F|100/100
|turn|4
|
|t:|1757924185
|switch|p1a: Pelipper|Pelipper, L50, F|100/100
|-weather|RainDance|[from] ability: Drizzle|[of] p1a: Pelipper
|move|p2a: Maushold|Protect|p2a: Maushold
|-singleturn|p2a: Maushold|Protect
|move|p2b: Annihilape|Protect|p2b: Annihilape
|-singleturn|p2b: Annihilape|Protect
|move|p1b: Archaludon|Electro Shot||[still]
|-prepare|p1b: Archaludon|Electro Shot
|-boost|p1b: Archaludon|spa|1
|-anim|p1b: Archaludon|Electro Shot|p2b: Annihilape
|-activate|p2b: Annihilape|move: Protect
|
|-weather|RainDance|[upkeep]
|-sideend|p1: fenking|move: Tailwind
|upkeep
|turn|5
|inactive|fenking has 30 seconds left.
|
|t:|1757924213
|move|p2a: Maushold|Beat Up|p2b: Annihilape
|-damage|p2b: Annihilape|66/100
|-crit|p2b: Annihilape
|-damage|p2b: Annihilape|63/100
|-damage|p2b: Annihilape|61/100
|-damage|p2b: Annihilape|60/100
|-hitcount|p2b: Annihilape|4
|move|p2b: Annihilape|Rage Fist|p1b: Archaludon
|-crit|p1b: Archaludon
|-damage|p1b: Archaludon|0 fnt
|faint|p1b: Archaludon
|move|p1a: Pelipper|Hurricane|p2b: Annihilape
|-supereffective|p2b: Annihilape
|-damage|p2b: Annihilape|5/100
|-enditem|p2b: Annihilape|Sitrus Berry|[eat]
|-heal|p2b: Annihilape|30/100|[from] item: Sitrus Berry
|
|-weather|RainDance|[upkeep]
|upkeep
|inactive|fenking has 30 seconds left.
|-message|fenking forfeited.
|
|win|Archanile
|raw|fenking's rating: 1058 → 1040(-18 for losing)
|raw|Archanile's rating: 1073 → 1101(+28 for winning)
|l|☆fenking
|player|p1|
