|j|☆richanimeboy
|j|☆ad_blake
|html|richanimeboyad_blake    
|uhtml|bestof|Game 1 of a best-of-3
|t:|1782309646
|gametype|doubles
|player|p1|richanimeboy|steven|1041
|player|p2|ad_blake|rosa|1000
|gen|9
|tier|[Gen 9 Champions] VGC 2026 Reg M-B (Bo3)
|rated|
|rule|Species Clause: Limit one of each Pokémon
|rule|Item Clause: Limit 1 of each item
|clearpoke
|poke|p1|Sceptile, L50, M|
|poke|p1|Rotom-Heat, L50|
|poke|p1|Basculegion, L50, M|
|poke|p1|Aerodactyl, L50, M|
|poke|p1|Garchomp, L50, M|
|poke|p1|Floette-Eternal, L50, F|
|poke|p2|Raichu, L50, M|
|poke|p2|Whimsicott, L50, F|
|poke|p2|Garchomp, L50, F|
|poke|p2|Sylveon, L50, M|
|poke|p2|Ninetales-Alola, L50, M|
|poke|p2|Incineroar, L50, F|
|teampreview|4
|showteam|p1|Sceptile||Sceptilite|Overgrow|GrassKnot,DragonPulse,EarthPower,Detect|Timid||M|||50|]Rotom-Heat||ChoiceScarf|Levitate|Thunderbolt,Overheat,VoltSwitch,Discharge|Timid|||||50|]Basculegion||SitrusBerry|Adaptability|WaveCrash,LastRespects,AquaJet,Protect|Adamant||M|||50|]Aerodactyl||FocusSash|Unnerve|RockSlide,DualWingbeat,Tailwind,WideGuard|Jolly||M|||50|]Garchomp||LifeOrb|RoughSkin|DragonClaw,Earthquake,RockSlide,Protect|Jolly||M|||50|]Floette-Eternal||Floettite|FlowerVeil|Moonblast,DazzlingGleam,LightofRuin,Protect|Timid||F|||50|
|showteam|p2|Raichu||RaichuniteY|LightningRod|FakeOut,ZapCannon,Protect,FocusBlast|Hasty||M|||50|]Whimsicott||FocusSash|Prankster|Tailwind,Encore,Taunt,Moonblast|Timid||F|||50|]Garchomp||LifeOrb|RoughSkin|Protect,DragonClaw,RockSlide,StompingTantrum|Jolly||F|||50|]Sylveon||FairyFeather|Pixilate|Detect,HyperVoice,CalmMind,HyperBeam|Modest||M|||50|]Ninetales-Alola||LightClay|SnowWarning|AuroraVeil,Blizzard,FreezeDry,Protect|Timid||M|||50|]Incineroar||SitrusBerry|Intimidate|FakeOut,PartingShot,Taunt,FlareBlitz|Impish||F|||50|
|
|t:|1782309695
|teamsize|p1|4
|teamsize|p2|4
|start
|switch|p1a: Sceptile|Sceptile, L50, M|100/100
|switch|p1b: Rotom|Rotom-Heat, L50|100/100
|switch|p2a: Ninetales|Ninetales-Alola, L50, M|100/100
|switch|p2b: Raichu|Raichu, L50, M|100/100
|-weather|Snowscape|[from] ability: Snow Warning|[of] p2a: Ninetales
|turn|1
|
|t:|1782309725
|detailschange|p1a: Sceptile|Sceptile-Mega, L50, M
|-mega|p1a: Sceptile|Sceptile|Sceptilite
|detailschange|p2b: Raichu|Raichu-Mega-Y, L50, M
|-mega|p2b: Raichu|Raichu|Raichunite Y
|move|p2b: Raichu|Fake Out|p1b: Rotom
|-damage|p1b: Rotom|88/100
|cant|p1b: Rotom|flinch
|move|p1a: Sceptile|Earth Power|p2a: Ninetales
|-crit|p2a: Ninetales
|-damage|p2a: Ninetales|44/100
|move|p2a: Ninetales|Blizzard|p1a: Sceptile|[spread] p1a,p1b
|-supereffective|p1a: Sceptile|2
|-resisted|p1b: Rotom|1
|-damage|p1a: Sceptile|0 fnt
|-damage|p1b: Rotom|71/100
|faint|p1a: Sceptile
|
|-weather|Snowscape|[upkeep]
|upkeep
|
|t:|1782309740
|switch|p1a: Aerodactyl|Aerodactyl, L50, M|100/100
|-ability|p1a: Aerodactyl|Unnerve
|turn|2
|
|t:|1782309752
|move|p2a: Ninetales|Protect|p2a: Ninetales
|-singleturn|p2a: Ninetales|Protect
|move|p1b: Rotom|Overheat|p2a: Ninetales
|-activate|p2a: Ninetales|move: Protect
|move|p1a: Aerodactyl|Rock Slide|p2a: Ninetales|[spread] p2b
|-activate|p2a: Ninetales|move: Protect
|-damage|p2b: Raichu|36/100
|move|p2b: Raichu|Zap Cannon|p1a: Aerodactyl
|-supereffective|p1a: Aerodactyl|1
|-enditem|p1a: Aerodactyl|Focus Sash
|-damage|p1a: Aerodactyl|1/100
|-status|p1a: Aerodactyl|par
|
|-weather|Snowscape|[upkeep]
|upkeep
|turn|3
|
|t:|1782309777
|move|p2b: Raichu|Protect|p2b: Raichu
|-singleturn|p2b: Raichu|Protect
|move|p1b: Rotom|Overheat|p2a: Ninetales
|-supereffective|p2a: Ninetales|1
|-damage|p2a: Ninetales|0 fnt
|-unboost|p1b: Rotom|spa|2
|faint|p2a: Ninetales
|move|p1a: Aerodactyl|Rock Slide|p2b: Raichu
|-activate|p2b: Raichu|move: Protect
|
|-weather|Snowscape|[upkeep]
|upkeep
|
|t:|1782309787
|switch|p2a: Garchomp|Garchomp, L50, F|100/100
|turn|4
|
|t:|1782309800
|move|p1b: Rotom|Overheat|p2b: Raichu
|-damage|p2b: Raichu|0 fnt
|-unboost|p1b: Rotom|spa|2
|faint|p2b: Raichu
|move|p2a: Garchomp|Rock Slide|p1b: Rotom|[spread] p1a,p1b
|-supereffective|p1a: Aerodactyl|1
|-supereffective|p1b: Rotom|1
|-damage|p1a: Aerodactyl|0 fnt
|-damage|p1b: Rotom|2/100
|faint|p1a: Aerodactyl
|-damage|p2a: Garchomp|90/100|[from] item: Life Orb
|
|-weather|Snowscape|[upkeep]
|upkeep
|
|t:|1782309811
|switch|p2b: Incineroar|Incineroar, L50, F|100/100
|switch|p1a: Basculegion|Basculegion, L50, M|100/100
|-ability|p2b: Incineroar|Intimidate|boost
|-unboost|p1a: Basculegion|atk|1
|-unboost|p1b: Rotom|atk|1
|turn|5
|
|t:|1782309851
|move|p1b: Rotom|Overheat|p2a: Garchomp
|-resisted|p2a: Garchomp|1
|-damage|p2a: Garchomp|78/100
|-unboost|p1b: Rotom|spa|2
|move|p2a: Garchomp|Dragon Claw|p1a: Basculegion
|-damage|p1a: Basculegion|50/100y
|-enditem|p1a: Basculegion|Sitrus Berry|[eat]
|-heal|p1a: Basculegion|74/100|[from] item: Sitrus Berry
|-damage|p2a: Garchomp|69/100|[from] item: Life Orb
|move|p1a: Basculegion|Wave Crash|p2b: Incineroar
|-supereffective|p2b: Incineroar|1
|-damage|p2b: Incineroar|20/100y
|-enditem|p2b: Incineroar|Sitrus Berry|[eat]
|-heal|p2b: Incineroar|45/100|[from] item: Sitrus Berry
|-damage|p1a: Basculegion|47/100|[from] Recoil
|move|p2b: Incineroar|Flare Blitz|p1b: Rotom
|-resisted|p1b: Rotom|1
|-damage|p1b: Rotom|0 fnt
|faint|p1b: Rotom
|-damage|p2b: Incineroar|45/100|[from] Recoil
|
|-weather|none
|upkeep
|turn|6
|-message|richanimeboy forfeited.
|
|win|ad_blake
|l|☆richanimeboy
|player|p1|
|raw|richanimeboy's rating: 1041 → 1023(-18 for losing)
|raw|ad_blake's rating: 1000 → 1045(+45 for winning)
