|j|☆kgggv
|j|☆winner9630
|html|kgggvwinner9630    
|uhtml|bestof|Game 1 of a best-of-3
|t:|1757206662
|gametype|doubles
|player|p1|kgggv|1|1000
|player|p2|winner9630|266|1106
|gen|9
|tier|[Gen 9] VGC 2025 Reg H (Bo3)
|rated|
|rule|Species Clause: Limit one of each Pokémon
|rule|Item Clause: Limit 1 of each item
|clearpoke
|poke|p1|Basculegion, L50, M|
|poke|p1|Pelipper, L50, F|
|poke|p1|Archaludon, L50, F|
|poke|p1|Amoonguss, L50, F|
|poke|p1|Annihilape, L50, M|
|poke|p1|Maushold, L50|
|poke|p2|Kingambit, L50, M|
|poke|p2|Basculegion, L50, M|
|poke|p2|Archaludon, L50, F|
|poke|p2|Rillaboom, L50, F|
|poke|p2|Sinistcha, L50|
|poke|p2|Pelipper, L50, F|
|teampreview|4
|showteam|p1|Basculegion||LifeOrb|SwiftSwim|LastRespects,WaveCrash,Protect,AquaJet|||M|||50|,,,,,Water]Pelipper||DampRock|Drizzle|Tailwind,Protect,Hurricane,WeatherBall|||F|||50|,,,,,Water]Archaludon||AssaultVest|Stamina|ElectroShot,FlashCannon,DracoMeteor,BodyPress|||F|||50|,,,,,Grass]Amoonguss||RockyHelmet|Regenerator|RagePowder,Protect,Spore,PollenPuff|||F|||50|,,,,,Water]Annihilape||Leftovers|VitalSpirit|RageFist,Protect,DrainPunch,IcePunch|||M|||50|,,,,,Grass]Maushold||SitrusBerry|FriendGuard|PopulationBomb,Protect,FollowMe,ThunderWave||||||50|,,,,,Ghost
|showteam|p2|Kingambit||SafetyGoggles|Defiant|SuckerPunch,KowtowCleave,SwordsDance,Protect|||M|||50|,,,,,Flying]Basculegion||ChoiceScarf|Adaptability|WaveCrash,LastRespects,AquaJet,FlipTurn|||M|||50|,,,,,Water]Archaludon||AssaultVest|Stamina|ElectroShot,Snarl,BodyPress,FlashCannon|||F|||50|,,,,,Grass]Rillaboom||LoadedDice|GrassySurge|BulletSeed,GrassyGlide,FakeOut,KnockOff|||F|||50|,,,,,Fire]Sinistcha||SitrusBerry|Hospitality|Curse,MatchaGotcha,RagePowder,LifeDew||||||50|,,,,,Water]Pelipper||FocusSash|Drizzle|MuddyWater,Hurricane,Protect,HelpingHand|||F|||50|,,,,,Ground
|
|t:|1757206703
|teamsize|p1|4
|teamsize|p2|4
|start
|switch|p1a: Archaludon|Archaludon, L50, F|100/100
|switch|p1b: Pelipper|Pelipper, L50, F|100/100
|switch|p2a: Kingambit|Kingambit, L50, M|100/100
|switch|p2b: Basculegion|Basculegion, L50, M|100/100
|-weather|RainDance|[from] ability: Drizzle|[of] p1b: Pelipper
|turn|1
|
|t:|1757206735
|move|p2b: Basculegion|Flip Turn|p1b: Pelipper
|-resisted|p1b: Pelipper
|-damage|p1b: Pelipper|77/100
|
|t:|1757206741
|switch|p2b: Sinistcha|Sinistcha, L50|100/100|[from] Flip Turn
|move|p1a: Archaludon|Electro Shot||[still]
|-prepare|p1a: Archaludon|Electro Shot
|-boost|p1a: Archaludon|spa|1
|-anim|p1a: Archaludon|Electro Shot|p2b: Sinistcha
|-resisted|p2b: Sinistcha
|-damage|p2b: Sinistcha|62/100
|move|p1b: Pelipper|Tailwind|p1b: Pelipper
|-sidestart|p1: kgggv|move: Tailwind
|move|p2a: Kingambit|Swords Dance|p2a: Kingambit
|-boost|p2a: Kingambit|atk|2
|
|-weather|RainDance|[upkeep]
|upkeep
|turn|2
|
|t:|1757206779
|switch|p2b: Pelipper|Pelipper, L50, F|100/100
|move|p1a: Archaludon|Body Press|p2a: Kingambit
|-supereffective|p2a: Kingambit
|-damage|p2a: Kingambit|33/100
|move|p1b: Pelipper|Hurricane|p2b: Pelipper
|-damage|p2b: Pelipper|38/100
|-start|p2b: Pelipper|confusion
|move|p2a: Kingambit|Kowtow Cleave|p1a: Archaludon
|-damage|p1a: Archaludon|17/100
|-ability|p1a: Archaludon|Stamina|boost
|-boost|p1a: Archaludon|def|1
|
|-weather|RainDance|[upkeep]
|upkeep
|turn|3
|
|t:|1757206820
|switch|p2b: Sinistcha|Sinistcha, L50|62/100
|-heal|p2a: Kingambit|58/100|[from] ability: Hospitality|[of] p2b: Sinistcha
|move|p2a: Kingambit|Sucker Punch|p1b: Pelipper
|-crit|p1b: Pelipper
|-damage|p1b: Pelipper|0 fnt
|faint|p1b: Pelipper
|move|p1a: Archaludon|Body Press|p2a: Kingambit
|-supereffective|p2a: Kingambit
|-damage|p2a: Kingambit|0 fnt
|faint|p2a: Kingambit
|
|-weather|RainDance|[upkeep]
|upkeep
|
|t:|1757206834
|switch|p1b: Annihilape|Annihilape, L50, M|100/100
|switch|p2a: Basculegion|Basculegion, L50, M|100/100
|turn|4
|
|t:|1757206888
|-terastallize|p1b: Annihilape|Grass
|move|p2b: Sinistcha|Rage Powder|p2b: Sinistcha
|-singleturn|p2b: Sinistcha|move: Rage Powder
|move|p1b: Annihilape|Rage Fist|p2a: Basculegion
|-supereffective|p2a: Basculegion
|-damage|p2a: Basculegion|33/100
|move|p1a: Archaludon|Electro Shot||[still]
|-prepare|p1a: Archaludon|Electro Shot
|-boost|p1a: Archaludon|spa|1
|-anim|p1a: Archaludon|Electro Shot|p2b: Sinistcha
|-resisted|p2b: Sinistcha
|-damage|p2b: Sinistcha|15/100
|-enditem|p2b: Sinistcha|Sitrus Berry|[eat]
|-heal|p2b: Sinistcha|40/100|[from] item: Sitrus Berry
|move|p2a: Basculegion|Last Respects|p1a: Archaludon
|-damage|p1a: Archaludon|0 fnt
|faint|p1a: Archaludon
|
|-weather|RainDance|[upkeep]
|-sideend|p1: kgggv|move: Tailwind
|upkeep
|
|t:|1757206897
|switch|p1a: Amoonguss|Amoonguss, L50, F|100/100
|turn|5
|inactive|Battle timer is ON: inactive players will automatically lose when time's up. (requested by kgggv)
|inactiveoff|Battle timer is now OFF.
|
|t:|1757206934
|move|p2a: Basculegion|Last Respects|p1a: Amoonguss
|-damage|p1a: Amoonguss|19/100
|move|p1b: Annihilape|Rage Fist|p2b: Sinistcha
|-supereffective|p2b: Sinistcha
|-damage|p2b: Sinistcha|6/100
|move|p2b: Sinistcha|Life Dew|p2b: Sinistcha|[spread] p2a,p2b
|-heal|p2a: Basculegion|58/100
|-heal|p2b: Sinistcha|31/100
|move|p1a: Amoonguss|Spore|p2a: Basculegion
|-status|p2a: Basculegion|slp|[from] move: Spore
|
|-weather|RainDance|[upkeep]
|upkeep
|turn|6
|
|t:|1757206961
|switch|p2b: Pelipper|Pelipper, L50, F|38/100
|move|p1a: Amoonguss|Rage Powder|p1a: Amoonguss
|-singleturn|p1a: Amoonguss|move: Rage Powder
|cant|p2a: Basculegion|slp
|move|p1b: Annihilape|Rage Fist|p2a: Basculegion
|-supereffective|p2a: Basculegion
|-damage|p2a: Basculegion|0 fnt
|faint|p2a: Basculegion
|
|-weather|RainDance|[upkeep]
|upkeep
|
|t:|1757206972
|switch|p2a: Sinistcha|Sinistcha, L50|31/100
|-heal|p2b: Pelipper|63/100|[from] ability: Hospitality|[of] p2a: Sinistcha
|turn|7
|
|t:|1757206984
|move|p1a: Amoonguss|Rage Powder|p1a: Amoonguss
|-singleturn|p1a: Amoonguss|move: Rage Powder
|move|p1b: Annihilape|Rage Fist|p2b: Pelipper
|-damage|p2b: Pelipper|29/100
|move|p2b: Pelipper|Hurricane|p1a: Amoonguss
|-supereffective|p1a: Amoonguss
|-damage|p1a: Amoonguss|0 fnt
|faint|p1a: Amoonguss
|move|p2a: Sinistcha|Matcha Gotcha|p1b: Annihilape
|-resisted|p1b: Annihilape
|-damage|p1b: Annihilape|82/100
|-heal|p2a: Sinistcha|41/100|[from] drain|[of] p1b: Annihilape
|
|-weather|RainDance|[upkeep]
|-heal|p1b: Annihilape|88/100|[from] item: Leftovers
|upkeep
|turn|8
|
|t:|1757207001
|move|p2b: Pelipper|Protect|p2b: Pelipper
|-singleturn|p2b: Pelipper|Protect
|move|p1b: Annihilape|Rage Fist|p2a: Sinistcha
|-supereffective|p2a: Sinistcha
|-damage|p2a: Sinistcha|0 fnt
|faint|p2a: Sinistcha
|
|-weather|none
|-heal|p1b: Annihilape|94/100|[from] item: Leftovers
|upkeep
|turn|9
|
|t:|1757207014
|move|p1b: Annihilape|Rage Fist|p2b: Pelipper
|-damage|p2b: Pelipper|0 fnt
|faint|p2b: Pelipper
|
|win|kgggv
||winner9630 is ready for game 2.
|inactive|kgggv has 30 seconds to confirm battle start!
|inactive|kgggv has 20 seconds to confirm battle start!
||kgggv is ready for game 2.
|uhtml|next|Next: Game 2 of 3
|l|☆kgggv
|player|p1|
