|j|☆SheIcyMyWind
|j|☆danicruz.music
|html|SheIcyMyWinddanicruz.music    
|uhtml|bestof|Game 2 of a best-of-3
|t:|1756219595
|gametype|doubles
|player|p1|SheIcyMyWind|n|1089
|player|p2|danicruz.music|whitney|1067
|gen|9
|tier|[Gen 9] VGC 2025 Reg H (Bo3)
|rated|
|rule|Species Clause: Limit one of each Pokémon
|rule|Item Clause: Limit 1 of each item
|clearpoke
|poke|p1|Annihilape, L50, M|
|poke|p1|Ninetales-Alola, L50, M|
|poke|p1|Garchomp, L50, F|
|poke|p1|Dragonite, L50, M|
|poke|p1|Sneasler, L50, M|
|poke|p1|Incineroar, L50, F|
|poke|p2|Dondozo, L50, F|
|poke|p2|Tatsugiri, L50, F|
|poke|p2|Pelipper, L50, F|
|poke|p2|Barraskewda, L50, M|
|poke|p2|Farigiraf, L50, M|
|poke|p2|Smeargle, L50, M|
|teampreview|4
|showteam|p1|Annihilape||AssaultVest|Defiant|RageFist,DrainPunch,RockTomb,FinalGambit|||M|||50|,,,,,Fire]Ninetales-Alola||ChoiceSpecs|SnowWarning|Blizzard,Moonblast,FreezeDry,IcyWind|||M|||50|,,,,,Ghost]Garchomp||LifeOrb|RoughSkin|Earthquake,StompingTantrum,DragonClaw,Protect|||F|||50|,,,,,Steel]Dragonite||LoadedDice|Multiscale|ScaleShot,Tailwind,Protect,Haze|||M|||50|,,,,,Fairy]Sneasler||FocusSash|Unburden|CloseCombat,DireClaw,FakeOut,Coaching|||M|||50|,,,,,Ghost]Incineroar||SafetyGoggles|Intimidate|KnockOff,Taunt,FakeOut,PartingShot|||F|||50|,,,,,Fairy
|showteam|p2|Dondozo||Leftovers|Unaware|WaveCrash,Earthquake,OrderUp,Protect|||F|||50|,,,,,Ground]Tatsugiri||ChoiceSpecs|Commander|DragonPulse,DracoMeteor,MuddyWater,IcyWind|||F|||50|,,,,,Fairy]Pelipper||CovertCloak|Drizzle|Hurricane,WeatherBall,WideGuard,Tailwind|||F|||50|,,,,,Water]Barraskewda||LifeOrb|SwiftSwim|PoisonJab,Liquidation,PsychicFangs,Protect|||M|||50|,,,,,Stellar]Farigiraf||ThroatSpray|ArmorTail|HyperVoice,TrickRoom,ShadowBall,HelpingHand|||M|||50|,,,,,Normal]Smeargle||FocusSash|Moody|FakeOut,FollowMe,Spore,Decorate|||M|||50|,,,,,Normal
|inactive|Battle timer is ON: inactive players will automatically lose when time's up. (requested by danicruz.music)
|
|t:|1756219623
|teamsize|p1|4
|teamsize|p2|4
|start
|switch|p1a: Sneasler|Sneasler, L50, M, shiny|100/100
|switch|p1b: Dragonite|Dragonite, L50, M, shiny|100/100
|switch|p2a: Barraskewda|Barraskewda, L50, M|100/100
|switch|p2b: Smeargle|Smeargle, L50, M|100/100
|turn|1
|
|t:|1756219642
|move|p1a: Sneasler|Fake Out|p2b: Smeargle
|-damage|p2b: Smeargle|65/100
|cant|p2b: Smeargle|flinch
|move|p2a: Barraskewda|Liquidation|p1b: Dragonite
|-resisted|p1b: Dragonite
|-damage|p1b: Dragonite|82/100
|-damage|p2a: Barraskewda|91/100|[from] item: Life Orb
|move|p1b: Dragonite|Scale Shot|p2a: Barraskewda
|-damage|p2a: Barraskewda|62/100
|-damage|p2a: Barraskewda|35/100
|-damage|p2a: Barraskewda|2/100
|-damage|p2a: Barraskewda|0 fnt
|faint|p2a: Barraskewda
|-hitcount|p2: Barraskewda|4
|-unboost|p1b: Dragonite|def|1
|-boost|p1b: Dragonite|spe|1
|
|-ability|p2b: Smeargle|Moody|boost
|-boost|p2b: Smeargle|spe|2
|-unboost|p2b: Smeargle|spa|1
|upkeep
|
|t:|1756219646
|switch|p2a: Tatsugiri|Tatsugiri, L50, F|100/100
|turn|2
|
|t:|1756219669
|-terastallize|p2a: Tatsugiri|Fairy
|move|p2b: Smeargle|Spore|p1a: Sneasler
|-status|p1a: Sneasler|slp|[from] move: Spore
|move|p1b: Dragonite|Tailwind|p1b: Dragonite
|-sidestart|p1: SheIcyMyWind|move: Tailwind
|cant|p1a: Sneasler|slp
|move|p2a: Tatsugiri|Muddy Water|p1b: Dragonite|[spread] p1a,p1b
|-resisted|p1b: Dragonite
|-damage|p1a: Sneasler|29/100 slp
|-damage|p1b: Dragonite|54/100
|
|-ability|p2b: Smeargle|Moody|boost
|-boost|p2b: Smeargle|def|2
|-unboost|p2b: Smeargle|atk|1
|upkeep
|turn|3
|
|t:|1756219683
|-terastallize|p1b: Dragonite|Fairy
|move|p1b: Dragonite|Scale Shot|p2b: Smeargle
|-damage|p2b: Smeargle|47/100
|-damage|p2b: Smeargle|27/100
|-damage|p2b: Smeargle|8/100
|-damage|p2b: Smeargle|0 fnt
|faint|p2b: Smeargle
|-hitcount|p2: Smeargle|4
|-unboost|p1b: Dragonite|def|1
|-boost|p1b: Dragonite|spe|1
|cant|p1a: Sneasler|slp
|move|p2a: Tatsugiri|Muddy Water|p1b: Dragonite|[spread] p1b
|-miss|p2a: Tatsugiri|p1a: Sneasler
|-damage|p1b: Dragonite|5/100
|-unboost|p1b: Dragonite|accuracy|1
|
|upkeep
|
|t:|1756219691
|switch|p2b: Dondozo|Dondozo, L50, F|100/100
|-activate|p2a: Tatsugiri|ability: Commander|[of] p2b: Dondozo
|-boost|p2b: Dondozo|atk|2
|-boost|p2b: Dondozo|spa|2
|-boost|p2b: Dondozo|spe|2
|-boost|p2b: Dondozo|def|2
|-boost|p2b: Dondozo|spd|2
|turn|4
|
|t:|1756219696
|move|p1b: Dragonite|Haze|p1b: Dragonite
|-clearallboost
|-curestatus|p1a: Sneasler|slp|[msg]
|move|p1a: Sneasler|Dire Claw|p2b: Dondozo
|-damage|p2b: Dondozo|73/100
|-status|p2b: Dondozo|par
|move|p2b: Dondozo|Earthquake|p1b: Dragonite|[spread] p1a,p1b
|-miss|p2b: Dondozo|p2a: Tatsugiri
|-supereffective|p1a: Sneasler
|-damage|p1a: Sneasler|0 fnt
|-damage|p1b: Dragonite|0 fnt
|faint|p1a: Sneasler
|faint|p1b: Dragonite
|
|-heal|p2b: Dondozo|79/100 par|[from] item: Leftovers
|upkeep
|
|t:|1756219701
|switch|p1a: Ninetales|Ninetales-Alola, L50, M, shiny|100/100
|switch|p1b: Annihilape|Annihilape, L50, M, shiny|100/100
|-weather|Snowscape|[from] ability: Snow Warning|[of] p1a: Ninetales
|turn|5
|
|t:|1756219715
|move|p1a: Ninetales|Blizzard|p2a: Tatsugiri|[spread] p2b
|-miss|p1a: Ninetales|p2a: Tatsugiri
|-resisted|p2b: Dondozo
|-damage|p2b: Dondozo|57/100 par
|move|p1b: Annihilape|Drain Punch|p2b: Dondozo
|-damage|p2b: Dondozo|36/100 par
|move|p2b: Dondozo|Order Up|p1b: Annihilape
|-damage|p1b: Annihilape|73/100
|-boost|p2b: Dondozo|atk|1
|
|-weather|Snowscape|[upkeep]
|-heal|p2b: Dondozo|42/100 par|[from] item: Leftovers
|-sideend|p1: SheIcyMyWind|move: Tailwind
|upkeep
|turn|6
|
|t:|1756219726
|cant|p2b: Dondozo|par
|move|p1a: Ninetales|Blizzard|p2a: Tatsugiri|[spread] p2b
|-miss|p1a: Ninetales|p2a: Tatsugiri
|-resisted|p2b: Dondozo
|-damage|p2b: Dondozo|19/100 par
|move|p1b: Annihilape|Drain Punch|p2b: Dondozo
|-damage|p2b: Dondozo|0 fnt
|-heal|p1b: Annihilape|85/100|[from] drain|[of] p2b: Dondozo
|faint|p2b: Dondozo
|
|-weather|Snowscape|[upkeep]
|upkeep
|turn|7
|
|t:|1756219735
|move|p1a: Ninetales|Blizzard|p2a: Tatsugiri
|-damage|p2a: Tatsugiri|23/100
|move|p1b: Annihilape|Rage Fist|p2a: Tatsugiri
|-damage|p2a: Tatsugiri|0 fnt
|faint|p2a: Tatsugiri
|
|win|SheIcyMyWind
|raw|SheIcyMyWind's rating: 1089 → 1114(+25 for winning)
|raw|danicruz.music's rating: 1067 → 1048(-19 for losing)
|l|☆danicruz.music
|player|p2|
|c|☆SheIcyMyWind|gg
