|j|☆Arun_thapa_chutiya
|j|☆LorGhez
|html|Arun_thapa_chutiyaLorGhez    
|uhtml|bestof|Game 1 of a best-of-3
|t:|1782566265
|gametype|doubles
|player|p1|Arun_thapa_chutiya|hiker-gen4|1000
|player|p2|LorGhez|102|1133
|gen|9
|tier|[Gen 9 Champions] VGC 2026 Reg M-B (Bo3)
|rated|
|rule|Species Clause: Limit one of each Pokémon
|rule|Item Clause: Limit 1 of each item
|clearpoke
|poke|p1|Charizard, L50, M|
|poke|p1|Incineroar, L50, M|
|poke|p1|Garchomp, L50, F|
|poke|p1|Whimsicott, L50, F|
|poke|p1|Typhlosion-Hisui, L50, F|
|poke|p1|Farigiraf, L50, M|
|poke|p2|Sceptile, L50, F|
|poke|p2|Sylveon, L50, F|
|poke|p2|Rotom-Wash, L50|
|poke|p2|Aerodactyl, L50, F|
|poke|p2|Gyarados, L50, F|
|poke|p2|Kingambit, L50, F|
|teampreview|4
|showteam|p1|Charizard||CharizarditeY|Blaze|WeatherBall,HeatWave,Protect,SolarBeam|Modest||M|||50|]Incineroar||SitrusBerry|Blaze|PartingShot,FireBlast,Protect,FakeOut|Adamant||M|||50|]Garchomp||LifeOrb|RoughSkin|EarthPower,RockSlide,Protect,DragonClaw|Serious||F|||50|]Whimsicott||FocusSash|Prankster|Protect,SunnyDay,Moonblast,Encore|Serious||F|||50|]Typhlosion-Hisui||ChoiceScarf|Blaze|Eruption,ShadowBall,HeatWave,Extrasensory|Modest||F|||50|]Farigiraf||Leftovers|CudChew|HelpingHand,Protect,HyperVoice,Psychic|Timid||M|||50|
|showteam|p2|Sceptile||Sceptilite|Overgrow|Protect,EnergyBall,DragonPulse,EarthPower|Timid||F|||50|]Sylveon||FairyFeather|Pixilate|Protect,HyperBeam,HyperVoice,Yawn|Modest||F|||50|]Rotom-Wash||Leftovers|Levitate|WillOWisp,Discharge,ThunderWave,LightScreen|Timid|||||50|]Aerodactyl||Aerodactylite|Unnerve|WideGuard,Tailwind,RockSlide,DualWingbeat|Jolly||F|||50|]Gyarados||ExpertBelt|Intimidate|Protect,Avalanche,Waterfall,TemperFlare|Adamant||F|||50|]Kingambit||ChopleBerry|Defiant|Protect,SuckerPunch,KowtowCleave,IronHead|Adamant||F|||50|
|inactive|Battle timer is ON: inactive players will automatically lose when time's up. (requested by Arun_thapa_chutiya)
|inactive|LorGhez has 60 seconds left.
|inactive|LorGhez has 30 seconds left.
|
|t:|1782566330
|teamsize|p1|4
|teamsize|p2|4
|start
|switch|p1a: Charizard|Charizard, L50, M|100/100
|switch|p1b: Farigiraf|Farigiraf, L50, M|100/100
|switch|p2a: Aerodactyl|Aerodactyl, L50, F|100/100
|switch|p2b: Gyarados|Gyarados, L50, F|100/100
|-ability|p2a: Aerodactyl|Unnerve
|-ability|p2b: Gyarados|Intimidate|boost
|-unboost|p1a: Charizard|atk|1
|-unboost|p1b: Farigiraf|atk|1
|turn|1
|inactive|LorGhez has 30 seconds left.
|inactive|LorGhez has 20 seconds left.
|inactive|LorGhez has 15 seconds left.
|inactive|LorGhez has 10 seconds left.
|
|t:|1782566380
|switch|p1a: Garchomp|Garchomp, L50, F|100/100
|detailschange|p2a: Aerodactyl|Aerodactyl-Mega, L50, F
|-mega|p2a: Aerodactyl|Aerodactyl|Aerodactylite
|move|p2a: Aerodactyl|Tailwind|p2a: Aerodactyl
|-sidestart|p2: LorGhez|move: Tailwind
|move|p2b: Gyarados|Waterfall|p1a: Garchomp
|-damage|p1a: Garchomp|61/100
|-damage|p2b: Gyarados|87/100|[from] ability: Rough Skin|[of] p1a: Garchomp
|move|p1b: Farigiraf|Psychic|p2a: Aerodactyl
|-damage|p2a: Aerodactyl|49/100
|
|upkeep
|turn|2
|
|t:|1782566403
|move|p1b: Farigiraf|Helping Hand|p1a: Garchomp
|-singleturn|p1a: Garchomp|Helping Hand|[of] p1b: Farigiraf
|move|p2a: Aerodactyl|Dual Wingbeat|p1b: Farigiraf
|-crit|p1b: Farigiraf
|-damage|p1b: Farigiraf|46/100
|-crit|p1b: Farigiraf
|-damage|p1b: Farigiraf|0 fnt
|faint|p1b: Farigiraf
|-hitcount|p1: Farigiraf|2
|move|p1a: Garchomp|Rock Slide|p2a: Aerodactyl|[spread] p2a,p2b
|-supereffective|p2a: Aerodactyl|1
|-supereffective|p2b: Gyarados|1
|-damage|p2a: Aerodactyl|0 fnt
|-damage|p2b: Gyarados|7/100
|faint|p2a: Aerodactyl
|-damage|p1a: Garchomp|51/100|[from] item: Life Orb
|move|p2b: Gyarados|Avalanche|p1a: Garchomp
|-supereffective|p1a: Garchomp|2
|-damage|p1a: Garchomp|0 fnt
|-damage|p2b: Gyarados|0 fnt|[from] ability: Rough Skin|[of] p1a: Garchomp
|faint|p1a: Garchomp
|faint|p2b: Gyarados
|
|upkeep
|
|t:|1782566425
|switch|p2a: Rotom|Rotom-Wash, L50|100/100
|switch|p1a: Charizard|Charizard, L50, M|100/100
|switch|p2b: Sylveon|Sylveon, L50, F|100/100
|switch|p1b: Typhlosion|Typhlosion-Hisui, L50, F|100/100
|turn|3
|inactive|LorGhez has 30 seconds left.
|inactive|LorGhez has 20 seconds left.
|inactive|LorGhez has 15 seconds left.
|inactive|LorGhez has 10 seconds left.
|inactive|LorGhez has 5 seconds left.
|
|t:|1782566476
|detailschange|p1a: Charizard|Charizard-Mega-Y, L50, M
|-mega|p1a: Charizard|Charizard|Charizardite Y
|-weather|SunnyDay|[from] ability: Drought|[of] p1a: Charizard
|move|p2a: Rotom|Light Screen|p2a: Rotom
|-sidestart|p2: LorGhez|move: Light Screen
|move|p1b: Typhlosion|Shadow Ball|p2b: Sylveon
|-damage|p2b: Sylveon|78/100
|-unboost|p2b: Sylveon|spd|1
|move|p2b: Sylveon|Yawn|p1b: Typhlosion
|-start|p1b: Typhlosion|move: Yawn|[of] p2b: Sylveon
|move|p1a: Charizard|Solar Beam||[still]
|-prepare|p1a: Charizard|Solar Beam
|-anim|p1a: Charizard|Solar Beam|p2a: Rotom
|-supereffective|p2a: Rotom|1
|-damage|p2a: Rotom|31/100
|
|-weather|SunnyDay|[upkeep]
|-heal|p2a: Rotom|37/100|[from] item: Leftovers
|upkeep
|turn|4
|inactive|LorGhez has 30 seconds left.
|inactive|Arun_thapa_chutiya has 30 seconds left.
|inactive|LorGhez has 20 seconds left.
|inactive|LorGhez has 15 seconds left.
|
|t:|1782566523
|move|p2a: Rotom|Discharge|p1b: Typhlosion|[spread] p2b,p1a,p1b
|-supereffective|p1a: Charizard|1
|-damage|p2b: Sylveon|61/100
|-damage|p1a: Charizard|53/100
|-damage|p1b: Typhlosion|68/100
|-status|p2b: Sylveon|par
|-status|p1b: Typhlosion|par
|move|p1a: Charizard|Weather Ball|p2b: Sylveon
|-damage|p2b: Sylveon|0 fnt
|faint|p2b: Sylveon
|cant|p1b: Typhlosion|par
|
|-weather|SunnyDay|[upkeep]
|-heal|p2a: Rotom|43/100|[from] item: Leftovers
|-end|p1b: Typhlosion|move: Yawn|[silent]
|-sideend|p2: LorGhez|move: Tailwind
|upkeep
|turn|5
|
|t:|1782566542
|move|p1a: Charizard|Solar Beam||[still]
|-prepare|p1a: Charizard|Solar Beam
|-anim|p1a: Charizard|Solar Beam|p2a: Rotom
|-supereffective|p2a: Rotom|1
|-damage|p2a: Rotom|0 fnt
|faint|p2a: Rotom
|
|win|Arun_thapa_chutiya
|l|☆Arun_thapa_chutiya
|player|p1|
||LorGhez is ready for game 2.
|inactive|Arun_thapa_chutiya has 30 seconds to confirm battle start!
|j|☆Arun_thapa_chutiya
|player|p1|Arun_thapa_chutiya|hiker-gen4|
|inactive|Arun_thapa_chutiya has 20 seconds to confirm battle start!
|l|☆Arun_thapa_chutiya
|player|p1|
|raw|Arun_thapa_chutiya's rating: 1000 → 1000(+0 for losing)
|raw|LorGhez's rating: 1133 → 1149(+16 for winning)
