|j|☆endzomu
|j|☆Mashuno
|html|endzomuMashuno    
|uhtml|bestof|Game 2 of a best-of-3
|t:|1784416291
|gametype|doubles
|player|p1|endzomu|266|1063
|player|p2|Mashuno|harlequin|1167
|gen|9
|tier|[Gen 9 Champions] VGC 2026 Reg M-B (Bo3)
|rated|
|rule|Species Clause: Limit one of each Pokémon
|rule|Item Clause: Limit 1 of each item
|clearpoke
|poke|p1|Lopunny, L50, F, shiny|
|poke|p1|Feraligatr, L50, M, shiny|
|poke|p1|Whimsicott, L50, F|
|poke|p1|Sinistcha, L50, shiny|
|poke|p1|Sylveon, L50, F|
|poke|p1|Scizor, L50, F|
|poke|p2|Blastoise, L50, F|
|poke|p2|Sinistcha, L50|
|poke|p2|Farigiraf, L50, M|
|poke|p2|Sneasler, L50, F|
|poke|p2|Kingambit, L50, F|
|poke|p2|Talonflame, L50, M|
|teampreview|4
|showteam|p1|Lopunny||Lopunnite|CuteCharm|FakeOut,CloseCombat,GigaImpact,Protect|Jolly||F|||50|]Feraligatr||Feraligite|Torrent|DoubleEdge,AquaJet,Liquidation,RockSlide|Adamant||M|||50|]Whimsicott||FocusSash|Prankster|Tailwind,Protect,Moonblast,Encore|Timid||F|||50|]Sinistcha||SitrusBerry|Hospitality|MatchaGotcha,RagePowder,LifeDew,Protect|Bold|||||50|]Sylveon||FairyFeather|Pixilate|HyperVoice,HyperBeam,QuickAttack,Detect|Modest||F|||50|]Scizor||LifeOrb|Technician|BulletPunch,SwordsDance,CloseCombat,Protect|Adamant||F|||50|
|showteam|p2|Blastoise||Blastoisinite|Torrent|Protect,ShellSmash,WaterSpout,DarkPulse|Modest||F|||50|]Sinistcha||Leftovers|Hospitality|MatchaGotcha,RagePowder,TrickRoom,LifeDew|Bold|||||50|]Farigiraf||SitrusBerry|CudChew|Psychic,TrickRoom,HelpingHand,Thunderbolt|Relaxed||M|||50|]Sneasler||WhiteHerb|Unburden|FakeOut,DireClaw,CloseCombat,RockSlide|Jolly||F|||50|]Kingambit||ChopleBerry|Defiant|Protect,KowtowCleave,SuckerPunch,IronHead|Adamant||F|||50|]Talonflame||FocusSash|GaleWings|Protect,DualWingbeat,Tailwind,RainDance|Jolly||M|||50|
|
|t:|1784416338
|teamsize|p1|4
|teamsize|p2|4
|start
|switch|p1a: Feraligatr|Feraligatr, L50, M, shiny|100/100
|switch|p1b: Whimsicott|Whimsicott, L50, F|100/100
|switch|p2a: Sneasler|Sneasler, L50, F|100/100
|switch|p2b: Farigiraf|Farigiraf, L50, M|100/100
|turn|1
|
|t:|1784416369
|detailschange|p1a: Feraligatr|Feraligatr-Mega, L50, M, shiny
|-mega|p1a: Feraligatr|Feraligatr|Feraligite
|move|p1b: Whimsicott|Protect|p1b: Whimsicott
|-singleturn|p1b: Whimsicott|Protect
|move|p2a: Sneasler|Fake Out|p1a: Feraligatr
|-damage|p1a: Feraligatr|87/100
|cant|p1a: Feraligatr|flinch
|move|p2b: Farigiraf|Trick Room|p2b: Farigiraf
|-fieldstart|move: Trick Room|[of] p2b: Farigiraf
|
|upkeep
|turn|2
|
|t:|1784416392
|switch|p2a: Kingambit|Kingambit, L50, F|100/100
|move|p1b: Whimsicott|Encore|p2a: Kingambit
|-hint|Since gen 7, Dark is immune to Prankster moves.
|-immune|p2a: Kingambit
|move|p2b: Farigiraf|Psychic|p1b: Whimsicott
|-damage|p1b: Whimsicott|45/100
|move|p1a: Feraligatr|Double-Edge|p2a: Kingambit
|-resisted|p2a: Kingambit|1
|-damage|p2a: Kingambit|64/100
|-damage|p1a: Feraligatr|74/100|[from] Recoil
|
|upkeep
|turn|3
|c|☆Mashuno|OMG IM CUD CHEW!!!
|c|☆Mashuno|whoops :P
|
|t:|1784416424
|switch|p1b: Sinistcha|Sinistcha, L50, shiny|100/100
|-heal|p1a: Feraligatr|99/100|[from] ability: Hospitality|[of] p1b: Sinistcha
|move|p2a: Kingambit|Iron Head|p1b: Sinistcha
|-damage|p1b: Sinistcha|57/100
|move|p2b: Farigiraf|Psychic|p1a: Feraligatr
|-damage|p1a: Feraligatr|64/100
|move|p1a: Feraligatr|Liquidation|p2a: Kingambit
|-damage|p2a: Kingambit|22/100
|
|upkeep
|turn|4
|
|t:|1784416456
|move|p2b: Farigiraf|Helping Hand|p2a: Kingambit
|-singleturn|p2a: Kingambit|Helping Hand|[of] p2b: Farigiraf
|move|p1a: Feraligatr|Aqua Jet|p2a: Kingambit
|-damage|p2a: Kingambit|3/100
|move|p2a: Kingambit|Kowtow Cleave|p1b: Sinistcha
|-supereffective|p1b: Sinistcha|1
|-crit|p1b: Sinistcha
|-damage|p1b: Sinistcha|0 fnt
|faint|p1b: Sinistcha
|
|upkeep
|
|t:|1784416467
|switch|p1b: Sylveon|Sylveon, L50, F|100/100
|turn|5
|
|t:|1784416488
|move|p2b: Farigiraf|Helping Hand|p2a: Kingambit
|-singleturn|p2a: Kingambit|Helping Hand|[of] p2b: Farigiraf
|move|p2a: Kingambit|Sucker Punch|p1a: Feraligatr
|-damage|p1a: Feraligatr|18/100
|move|p1a: Feraligatr|Aqua Jet|p2a: Kingambit
|-damage|p2a: Kingambit|0 fnt
|faint|p2a: Kingambit
|move|p1b: Sylveon|Hyper Beam|p2b: Farigiraf
|-damage|p2b: Farigiraf|0 fnt
|-mustrecharge|p1b: Sylveon
|faint|p2b: Farigiraf
|
|-fieldend|move: Trick Room
|upkeep
|
|t:|1784416503
|switch|p2b: Blastoise|Blastoise, L50, F|100/100
|switch|p2a: Sneasler|Sneasler, L50, F|100/100
|turn|6
|
|t:|1784416512
|switch|p1a: Whimsicott|Whimsicott, L50, F|45/100
|detailschange|p2b: Blastoise|Blastoise-Mega, L50, F
|-mega|p2b: Blastoise|Blastoise|Blastoisinite
|move|p2a: Sneasler|Fake Out|p1a: Whimsicott
|-damage|p1a: Whimsicott|24/100
|move|p2b: Blastoise|Shell Smash|p2b: Blastoise
|-unboost|p2b: Blastoise|def|1
|-unboost|p2b: Blastoise|spd|1
|-boost|p2b: Blastoise|atk|2
|-boost|p2b: Blastoise|spa|2
|-boost|p2b: Blastoise|spe|2
|cant|p1b: Sylveon|recharge
|
|upkeep
|turn|7
|
|t:|1784416551
|move|p1b: Sylveon|Detect|p1b: Sylveon
|-singleturn|p1b: Sylveon|Protect
|move|p1a: Whimsicott|Tailwind|p1a: Whimsicott
|-sidestart|p1: endzomu|move: Tailwind
|move|p2b: Blastoise|Water Spout|p1a: Whimsicott|[spread] p1a
|-activate|p1b: Sylveon|move: Protect
|-resisted|p1a: Whimsicott|1
|-damage|p1a: Whimsicott|0 fnt
|faint|p1a: Whimsicott
|move|p2a: Sneasler|Dire Claw|p1b: Sylveon
|-activate|p1b: Sylveon|move: Protect
|
|upkeep
|
|t:|1784416562
|switch|p1a: Feraligatr|Feraligatr-Mega, L50, M, shiny|18/100
|turn|8
|
|t:|1784416602
|move|p2b: Blastoise|Water Spout|p1b: Sylveon|[spread] p1a,p1b
|-resisted|p1a: Feraligatr|2
|-damage|p1a: Feraligatr|0 fnt
|-damage|p1b: Sylveon|7/100
|faint|p1a: Feraligatr
|move|p2a: Sneasler|Rock Slide|p1b: Sylveon
|-damage|p1b: Sylveon|0 fnt
|faint|p1b: Sylveon
|
|win|Mashuno
|raw|endzomu's rating: 1063 → 1049(-14 for losing)
|raw|Mashuno's rating: 1167 → 1185(+18 for winning)
|l|☆endzomu
|player|p1|
|c|☆Mashuno|ggs
