|j|☆Lightning015
|j|☆ArekkusuKage
|html|Lightning015ArekkusuKage    
|uhtml|bestof|Game 2 of a best-of-3
|t:|1785860524
|gametype|doubles
|player|p1|Lightning015|red|
|player|p2|ArekkusuKage|beni-ninja|
|gen|9
|tier|[Gen 9 Champions] VGC 2026 Reg M-B (Bo3)
|rule|Species Clause: Limit one of each Pokémon
|rule|Item Clause: Limit 1 of each item
|clearpoke
|poke|p1|Heliolisk, L50, M|
|poke|p1|Simipour, L50, F|
|poke|p1|Zoroark, L50, M|
|poke|p1|Runerigus, L50, M|
|poke|p1|Emboar, L50, M|
|poke|p1|Slowbro, L50, M|
|poke|p2|Tinkaton, L50, F|
|poke|p2|Toucannon, L50, M, shiny|
|poke|p2|Mr. Rime, L50, M, shiny|
|poke|p2|Runerigus, L50, M, shiny|
|poke|p2|Zoroark, L50, M|
|poke|p2|Garbodor, L50, M|
|teampreview|4
|showteam|p1|Heliolisk||LifeOrb|DrySkin|Thunderbolt,VoltSwitch,Surf,Protect|Timid||M|||50|]Simipour||MysticWater|Torrent|FakeOut,Liquidation,IcePunch,Protect|Jolly||F|||50|]Zoroark||ExpertBelt|Illusion|DarkPulse,Psychic,Flamethrower,Protect|Timid||M|||50|]Runerigus||Leftovers|WanderingSpirit|Earthquake,ShadowClaw,RockSlide,Protect|Brave||M|||50|]Emboar||Emboarite|Reckless|FlareBlitz,DrainPunch,KnockOff,Protect|Adamant||M|||50|]Slowbro||Slowbronite|Regenerator|Psychic,Surf,IceBeam,TrickRoom|Quiet||M|||50|
|showteam|p2|Tinkaton||ExpertBelt|MoldBreaker|GigatonHammer,PlayRough,RockSlide,IceHammer|Jolly||F|||50|]Toucannon||LifeOrb|SkillLink|BulletSeed,RockBlast,BeakBlast,Roost|Adamant||M|||50|]Mr. Rime||FocusSash|ScreenCleaner|Blizzard,LightScreen,Reflect,Thunderbolt|Modest||M|||50|]Runerigus||MuscleBand|WanderingSpirit|Earthquake,Facade,BodyPress,Poltergeist|Adamant||M|||50|]Zoroark||Leftovers|Illusion|KnockOff,SludgeBomb,Psychic,Uturn|Hasty||M|||50|]Garbodor||ShellBell|Stench|PainSplit,RockBlast,PoisonJab,StompingTantrum|Adamant||M|||50|
|
|t:|1785860534
|teamsize|p1|4
|teamsize|p2|4
|start
|switch|p1a: Борис|Emboar, L50, M|100/100
|switch|p1b: Медленный Бро|Slowbro, L50, M|100/100
|switch|p2a: Taous|Toucannon, L50, M, shiny|100/100
|switch|p2b: Rune|Runerigus, L50, M, shiny|100/100
|turn|1
|
|t:|1785860569
|detailschange|p1a: Борис|Emboar-Mega, L50, M
|-mega|p1a: Борис|Emboar|Emboarite
|-ability|p1a: Борис|Mold Breaker
|move|p1a: Борис|Knock Off|p2b: Rune
|-supereffective|p2b: Rune|1
|-damage|p2b: Rune|33/100
|-activate|p1a: Борис|Skill Swap|Wandering Spirit|Mold Breaker|[of] p2b: Rune
|-ability|p2b: Rune|Mold Breaker
|-enditem|p2b: Rune|Muscle Band|[from] move: Knock Off|[of] p1a: Борис
|move|p2a: Taous|Rock Blast|p1a: Борис
|-damage|p1a: Борис|88/100
|-damage|p1a: Борис|76/100
|-damage|p1a: Борис|63/100
|-damage|p1a: Борис|50/100g
|-damage|p1a: Борис|37/100
|-hitcount|p1a: Борис|5
|-damage|p2a: Taous|90/100|[from] item: Life Orb
|move|p2b: Rune|Poltergeist|p1b: Медленный Бро
|-activate|p1b: Медленный Бро|move: Poltergeist|Slowbronite
|-supereffective|p1b: Медленный Бро|1
|-damage|p1b: Медленный Бро|12/100
|move|p1b: Медленный Бро|Trick Room|p1b: Медленный Бро
|-fieldstart|move: Trick Room|[of] p1b: Медленный Бро
|
|upkeep
|turn|2
|
|t:|1785860604
|move|p1a: Борис|Protect|p1a: Борис
|-singleturn|p1a: Борис|Protect
|move|p1b: Медленный Бро|Surf|p2a: Taous|[spread] p2a,p2b
|-activate|p1a: Борис|move: Protect
|-crit|p2a: Taous
|-supereffective|p2b: Rune|1
|-damage|p2a: Taous|29/100
|-damage|p2b: Rune|0 fnt
|faint|p2b: Rune
|move|p2a: Taous|Rock Blast|p1a: Борис
|-activate|p1a: Борис|move: Protect
|
|upkeep
|
|t:|1785860612
|switch|p2b: Garbag|Garbodor, L50, M|100/100
|turn|3
|
|t:|1785860632
|move|p1b: Медленный Бро|Ice Beam|p2a: Taous
|-supereffective|p2a: Taous|1
|-damage|p2a: Taous|0 fnt
|faint|p2a: Taous
|move|p2b: Garbag|Stomping Tantrum|p1a: Борис
|-supereffective|p1a: Борис|1
|-damage|p1a: Борис|0 fnt
|-activate|p2b: Garbag|Skill Swap|Wandering Spirit|Stench|[of] p1a: Борис
|faint|p1a: Борис
|
|upkeep
|
|t:|1785860643
|switch|p2a: Kinkie|Tinkaton, L50, F|100/100
|switch|p1a: Паззл|Runerigus, L50, M|100/100
|-ability|p2a: Kinkie|Mold Breaker
|turn|4
|
|t:|1785860661
|move|p1a: Паззл|Earthquake|p2b: Garbag|[spread] p1b,p2a,p2b
|-supereffective|p2a: Kinkie|1
|-supereffective|p2b: Garbag|1
|-damage|p1b: Медленный Бро|0 fnt
|-damage|p2a: Kinkie|10/100
|-damage|p2b: Garbag|25/100
|faint|p1b: Медленный Бро
|move|p2b: Garbag|Stomping Tantrum|p1a: Паззл
|-damage|p1a: Паззл|80/100
|-activate|p2b: Garbag|Skill Swap|Wandering Spirit|Wandering Spirit|[of] p1a: Паззл
|-heal|p2b: Garbag|27/100|[from] item: Shell Bell|[of] p1a: Паззл
|move|p2a: Kinkie|Ice Hammer|p1a: Паззл|[miss]
|-miss|p2a: Kinkie|p1a: Паззл
|
|-heal|p1a: Паззл|86/100|[from] item: Leftovers
|upkeep
|
|t:|1785860675
|switch|p1b: Допельгангстер|Zoroark, L50, M|100/100
|turn|5
|c|☆ArekkusuKage|Мммм
|c|☆ArekkusuKage|Вкусна
|
|t:|1785860692
|move|p1b: Допельгангстер|Protect|p1b: Допельгангстер
|-singleturn|p1b: Допельгангстер|Protect
|move|p1a: Паззл|Earthquake|p2b: Garbag|[spread] p2a,p2b
|-activate|p1b: Допельгангстер|move: Protect
|-supereffective|p2a: Kinkie|1
|-supereffective|p2b: Garbag|1
|-damage|p2a: Kinkie|0 fnt
|-damage|p2b: Garbag|0 fnt
|faint|p2a: Kinkie
|faint|p2b: Garbag
|
|win|Lightning015
|c|☆ArekkusuKage|Гг
|c|☆ArekkusuKage|Кинеш реплеи?
|c|☆Lightning015|Да
|c|☆ArekkusuKage|С теелфона не могу нормально
|c|☆ArekkusuKage|Пасяб
|c|☆ArekkusuKage|Спаисб за бои тоже
