|j|☆satandagiii2005
|j|☆B0mb3r6969
|html|satandagiii2005B0mb3r6969    
|uhtml|bestof|Game 3 of a best-of-3
|t:|1784084162
|gametype|doubles
|player|p1|satandagiii2005|byron|1222
|player|p2|B0mb3r6969|cynthia-gen4|1086
|gen|9
|tier|[Gen 9 Champions] VGC 2026 Reg M-B (Bo3)
|rated|
|rule|Species Clause: Limit one of each Pokémon
|rule|Item Clause: Limit 1 of each item
|clearpoke
|poke|p1|Grimmsnarl, L50, M|
|poke|p1|Venusaur, L50, F|
|poke|p1|Pelipper, L50, F|
|poke|p1|Aerodactyl, L50, F|
|poke|p1|Basculegion, L50, M|
|poke|p1|Archaludon, L50, F|
|poke|p2|Kingambit, L50, M|
|poke|p2|Heliolisk, L50, F|
|poke|p2|Delphox, L50, F|
|poke|p2|Swampert, L50, M|
|poke|p2|Staraptor, L50, M|
|poke|p2|Meowstic, L50, M|
|teampreview|4
|showteam|p1|Grimmsnarl||LightClay|Prankster|BrickBreak,Reflect,LightScreen,PartingShot|Sassy||M|||50|]Venusaur||Venusaurite|Chlorophyll|SludgeBomb,GigaDrain,EarthPower,Protect|Modest||F|||50|]Pelipper||SitrusBerry|Drizzle|Hurricane,WideGuard,Soak,RainDance|Calm||F|||50|]Aerodactyl||FocusSash|Unnerve|RockSlide,DualWingbeat,Tailwind,Protect|Jolly||F|||50|]Basculegion||ChoiceScarf|Adaptability|LastRespects,WaveCrash,FlipTurn,AquaJet|Jolly||M|||50|]Archaludon||Leftovers|Stamina|DragonPulse,ElectroShot,AuraSphere,Protect|Modest||F|||50|
|showteam|p2|Kingambit||ExpertBelt|Defiant|Protect,FoulPlay,IronHead,SuckerPunch|Brave||M|||50|]Heliolisk||ChoiceScarf|DrySkin|GrassKnot,Thunderbolt,VoltSwitch,Electrify|Timid||F|||50|]Delphox||Delphoxite|Blaze|Protect,ExpandingForce,NastyPlot,HeatWave|Timid||F|||50|]Swampert||Swampertite|Damp|HighHorsepower,IcePunch,Liquidation,PoisonJab|Adamant||M|||50|]Staraptor||Staraptite|Intimidate|CloseCombat,Roost,BraveBird,Protect|Adamant||M|||50|]Meowstic||ScopeLens|Prankster|Reflect,Charm,ExpandingForce,PsychicTerrain|Bold||M|||50|
|inactive|Battle timer is ON: inactive players will automatically lose when time's up. (requested by B0mb3r6969)
|inactive|satandagiii2005 has 60 seconds left.
|
|t:|1784084194
|teamsize|p1|4
|teamsize|p2|4
|start
|switch|p1a: Aerodactyl|Aerodactyl, L50, F|100/100
|switch|p1b: Basculegion|Basculegion, L50, M|100/100
|switch|p2a: Heliolisk|Heliolisk, L50, F|100/100
|switch|p2b: Staraptor|Staraptor, L50, M|100/100
|-ability|p1a: Aerodactyl|Unnerve
|-ability|p2b: Staraptor|Intimidate|boost
|-unboost|p1a: Aerodactyl|atk|1
|-unboost|p1b: Basculegion|atk|1
|turn|1
|inactive|satandagiii2005 has 30 seconds left.
|
|t:|1784084225
|switch|p1b: Pelipper|Pelipper, L50, F|100/100
|-weather|RainDance|[from] ability: Drizzle|[of] p1b: Pelipper
|detailschange|p2b: Staraptor|Staraptor-Mega, L50, M
|-mega|p2b: Staraptor|Staraptor|Staraptite
|move|p2a: Heliolisk|Thunderbolt|p1b: Pelipper
|-supereffective|p1b: Pelipper|2
|-damage|p1b: Pelipper|0 fnt
|faint|p1b: Pelipper
|move|p1a: Aerodactyl|Tailwind|p1a: Aerodactyl
|-sidestart|p1: satandagiii2005|move: Tailwind
|move|p2b: Staraptor|Close Combat|p1a: Aerodactyl
|-damage|p1a: Aerodactyl|10/100
|-boost|p2b: Staraptor|def|1
|-boost|p2b: Staraptor|spd|1
|
|-weather|RainDance|[upkeep]
|upkeep
|
|t:|1784084242
|switch|p1b: Archaludon|Archaludon, L50, F|100/100
|turn|2
|
|t:|1784084249
|move|p2b: Staraptor|Protect|p2b: Staraptor
|-singleturn|p2b: Staraptor|Protect
|move|p1a: Aerodactyl|Dual Wingbeat|p2b: Staraptor
|-activate|p2b: Staraptor|move: Protect
|move|p2a: Heliolisk|Thunderbolt|p1a: Aerodactyl
|-supereffective|p1a: Aerodactyl|1
|-crit|p1a: Aerodactyl
|-damage|p1a: Aerodactyl|0 fnt
|faint|p1a: Aerodactyl
|move|p1b: Archaludon|Electro Shot||[still]
|-prepare|p1b: Archaludon|Electro Shot
|-boost|p1b: Archaludon|spa|1
|-anim|p1b: Archaludon|Electro Shot|p2b: Staraptor
|-activate|p2b: Staraptor|move: Protect
|
|-weather|RainDance|[upkeep]
|upkeep
|
|t:|1784084262
|switch|p1a: Basculegion|Basculegion, L50, M|100/100
|turn|3
|
|t:|1784084270
|switch|p2b: Kingambit|Kingambit, L50, M|100/100
|move|p1a: Basculegion|Wave Crash|p2b: Kingambit
|-damage|p2b: Kingambit|0 fnt
|faint|p2b: Kingambit
|-damage|p1a: Basculegion|70/100|[from] Recoil
|move|p2a: Heliolisk|Thunderbolt|p1a: Basculegion
|-supereffective|p1a: Basculegion|1
|-damage|p1a: Basculegion|0 fnt
|faint|p1a: Basculegion
|move|p1b: Archaludon|Aura Sphere|p2a: Heliolisk
|-supereffective|p2a: Heliolisk|1
|-damage|p2a: Heliolisk|0 fnt
|faint|p2a: Heliolisk
|
|-weather|RainDance|[upkeep]
|upkeep
|
|t:|1784084288
|switch|p2a: Staraptor|Staraptor-Mega, L50, M|100/100
|switch|p2b: Delphox|Delphox, L50, F|100/100
|turn|4
|
|t:|1784084297
|move|p2b: Delphox|Protect|p2b: Delphox
|-singleturn|p2b: Delphox|Protect
|move|p2a: Staraptor|Protect|p2a: Staraptor
|-singleturn|p2a: Staraptor|Protect
|move|p1b: Archaludon|Electro Shot||[still]
|-prepare|p1b: Archaludon|Electro Shot
|-boost|p1b: Archaludon|spa|1
|-anim|p1b: Archaludon|Electro Shot|p2a: Staraptor
|-activate|p2a: Staraptor|move: Protect
|
|-weather|RainDance|[upkeep]
|-sideend|p1: satandagiii2005|move: Tailwind
|upkeep
|turn|5
|
|t:|1784084314
|move|p2b: Delphox|Heat Wave|p1b: Archaludon
|-damage|p1b: Archaludon|75/100
|-status|p1b: Archaludon|brn
|-ability|p1b: Archaludon|Stamina|boost
|-boost|p1b: Archaludon|def|1
|move|p2a: Staraptor|Close Combat|p1b: Archaludon
|-supereffective|p1b: Archaludon|1
|-damage|p1b: Archaludon|18/100 brn
|-boost|p2a: Staraptor|def|1
|-boost|p2a: Staraptor|spd|1
|-ability|p1b: Archaludon|Stamina|boost
|-boost|p1b: Archaludon|def|1
|move|p1b: Archaludon|Electro Shot||[still]
|-prepare|p1b: Archaludon|Electro Shot
|-boost|p1b: Archaludon|spa|1
|-anim|p1b: Archaludon|Electro Shot|p2a: Staraptor
|-supereffective|p2a: Staraptor|1
|-damage|p2a: Staraptor|0 fnt
|faint|p2a: Staraptor
|
|-weather|none
|-heal|p1b: Archaludon|25/100 brn|[from] item: Leftovers
|-damage|p1b: Archaludon|18/100 brn|[from] brn
|upkeep
|turn|6
|
|t:|1784084335
|move|p2b: Delphox|Heat Wave|p1b: Archaludon|[miss]
|-miss|p2b: Delphox|p1b: Archaludon
|move|p1b: Archaludon|Dragon Pulse|p2b: Delphox
|-damage|p2b: Delphox|0 fnt
|faint|p2b: Delphox
|
|win|satandagiii2005
|raw|satandagiii2005's rating: 1222 → 1238(+16 for winning)
|raw|B0mb3r6969's rating: 1086 → 1072(-14 for losing)
|c|☆satandagiii2005|gg
|l|☆B0mb3r6969
|player|p2|
|c|☆satandagiii2005|get god
