|j|☆noexperiencesorry
|j|☆Luckstat10
|html|noexperiencesorryLuckstat10    
|uhtml|bestof|Game 2 of a best-of-3
|t:|1756409432
|gametype|doubles
|player|p1|noexperiencesorry|170|1182
|player|p2|Luckstat10|1|1223
|gen|9
|tier|[Gen 9] VGC 2025 Reg H (Bo3)
|rated|
|rule|Species Clause: Limit one of each Pokémon
|rule|Item Clause: Limit 1 of each item
|clearpoke
|poke|p1|Dragonite, L50, F|
|poke|p1|Ursaluna-Bloodmoon, L50, M|
|poke|p1|Annihilape, L50, F|
|poke|p1|Volcarona, L50, F|
|poke|p1|Rillaboom, L50, M|
|poke|p1|Incineroar, L50, M|
|poke|p2|Rillaboom, L50, M|
|poke|p2|Sneasler, L50, M|
|poke|p2|Gholdengo, L50|
|poke|p2|Milotic, L50, F|
|poke|p2|Garchomp, L50, F|
|poke|p2|Volcarona, L50, F|
|teampreview|4
|showteam|p1|Dragonite||LoadedDice|Multiscale|Protect,ScaleShot,Tailwind,Haze|||F|||50|,,,,,Fairy]Ursaluna-Bloodmoon||FocusSash|MindsEye|Protect,BloodMoon,EarthPower,HyperVoice|||M|||50|,,,,,Normal]Annihilape||LumBerry|Defiant|Coaching,RageFist,CloseCombat,Taunt|||F|||50|,,,,,Fire]Volcarona||CovertCloak|FlameBody|Protect,QuiverDance,HeatWave,TeraBlast|||F|||50|,,,,,Fairy]Rillaboom||AssaultVest|GrassySurge|FakeOut,WoodHammer,GrassyGlide,HighHorsepower|||M|||50|,,,,,Fire]Incineroar||SafetyGoggles|Intimidate|FakeOut,PartingShot,FlareBlitz,KnockOff|||M|||50|,,,,,Ghost
|showteam|p2|Rillaboom||AssaultVest|GrassySurge|FakeOut,WoodHammer,GrassyGlide,HighHorsepower|||M|||50|,,,,,Fire]Sneasler||FocusSash|PoisonTouch|FakeOut,CloseCombat,DireClaw,Protect|||M|||50|,,,,,Stellar]Gholdengo||LifeOrb|GoodasGold|NastyPlot,MakeItRain,ShadowBall,Protect||||||50|,,,,,Water]Milotic||FlameOrb|MarvelScale|IcyWind,Scald,Haze,Recover|||F|||50|,,,,,Dragon]Garchomp||ChoiceScarf|RoughSkin|DragonClaw,StompingTantrum,Earthquake,RockSlide|||F|||50|,,,,,Fairy]Volcarona||CovertCloak|FlameBody|QuiverDance,HeatWave,GigaDrain,Protect|||F|||50|,,,,,Grass
|j| yoonsonno
|inactive|Battle timer is ON: inactive players will automatically lose when time's up. (requested by noexperiencesorry)
|
|t:|1756409450
|teamsize|p1|4
|teamsize|p2|4
|start
|switch|p1a: Annihilape|Annihilape, L50, F, shiny|100/100
|switch|p1b: Incineroar|Incineroar, L50, M, shiny|100/100
|switch|p2a: Midas|Gholdengo, L50|100/100
|switch|p2b: Mothra|Volcarona, L50, F, shiny|100/100
|-ability|p1b: Incineroar|Intimidate|boost
|-unboost|p2a: Midas|atk|1
|-unboost|p2b: Mothra|atk|1
|turn|1
|inactive|noexperiencesorry has 30 seconds left.
|
|t:|1756409476
|switch|p2a: Menace >:3|Garchomp, L50, F|100/100
|move|p1a: Annihilape|Coaching|p1b: Incineroar
|-boost|p1b: Incineroar|atk|1
|-boost|p1b: Incineroar|def|1
|move|p2b: Mothra|Quiver Dance|p2b: Mothra
|-boost|p2b: Mothra|spa|1
|-boost|p2b: Mothra|spd|1
|-boost|p2b: Mothra|spe|1
|move|p1b: Incineroar|Flare Blitz|p2b: Mothra
|-damage|p2b: Mothra|26/100
|-damage|p1b: Incineroar|77/100|[from] Recoil
|
|upkeep
|turn|2
|inactive|noexperiencesorry has 30 seconds left.
|inactive|Luckstat10 has 30 seconds left.
|
|t:|1756409510
|-terastallize|p2a: Menace >:3|Fairy
|-terastallize|p1b: Incineroar|Ghost
|move|p2a: Menace >:3|Rock Slide|p1a: Annihilape|[spread] p1a,p1b
|-resisted|p1a: Annihilape
|-damage|p1a: Annihilape|88/100
|-damage|p1b: Incineroar|65/100
|move|p2b: Mothra|Heat Wave|p1a: Annihilape|[spread] p1a
|-miss|p2b: Mothra|p1b: Incineroar
|-damage|p1a: Annihilape|40/100
|cant|p1a: Annihilape|flinch
|cant|p1b: Incineroar|flinch
|
|upkeep
|turn|3
|c|☆noexperiencesorry|gg
|inactive|noexperiencesorry has 30 seconds left.
|inactive|Luckstat10 has 30 seconds left.
|
|t:|1756409541
|move|p2a: Menace >:3|Rock Slide|p1a: Annihilape|[spread] p1a,p1b
|-resisted|p1a: Annihilape
|-damage|p1a: Annihilape|28/100
|-damage|p1b: Incineroar|52/100
|move|p2b: Mothra|Heat Wave|p1a: Annihilape|[spread] p1a,p1b
|-damage|p1a: Annihilape|0 fnt
|-damage|p1b: Incineroar|5/100
|faint|p1a: Annihilape
|move|p1b: Incineroar|Flare Blitz|p2a: Menace >:3
|-damage|p2a: Menace >:3|29/100
|-damage|p1b: Incineroar|0 fnt|[from] ability: Rough Skin|[of] p2a: Menace >:3
|faint|p1b: Incineroar
|
|upkeep
|
|t:|1756409551
|switch|p1a: Rillaboom|Rillaboom, L50, M, shiny|100/100
|switch|p1b: Volcarona|Volcarona, L50, F, shiny|100/100
|-fieldstart|move: Grassy Terrain|[from] ability: Grassy Surge|[of] p1a: Rillaboom
|turn|4
|
|t:|1756409562
|switch|p2a: Midas|Gholdengo, L50|100/100
|move|p2b: Mothra|Heat Wave|p1b: Volcarona|[spread] p1a,p1b
|-supereffective|p1a: Rillaboom
|-damage|p1a: Rillaboom|20/100
|-damage|p1b: Volcarona|51/100
|move|p1b: Volcarona|Quiver Dance|p1b: Volcarona
|-boost|p1b: Volcarona|spa|1
|-boost|p1b: Volcarona|spd|1
|-boost|p1b: Volcarona|spe|1
|move|p1a: Rillaboom|High Horsepower|p2a: Midas
|-supereffective|p2a: Midas
|-damage|p2a: Midas|44/100
|
|-heal|p1b: Volcarona|57/100|[from] Grassy Terrain
|-heal|p2b: Mothra|32/100|[from] Grassy Terrain
|-heal|p1a: Rillaboom|26/100|[from] Grassy Terrain
|-heal|p2a: Midas|50/100|[from] Grassy Terrain
|upkeep
|turn|5
|
|t:|1756409581
|move|p1a: Rillaboom|Grassy Glide|p2a: Midas
|-resisted|p2a: Midas
|-damage|p2a: Midas|36/100
|move|p1b: Volcarona|Heat Wave|p2b: Mothra|[spread] p2a,p2b
|-supereffective|p2a: Midas
|-damage|p2a: Midas|0 fnt
|-damage|p2b: Mothra|2/100
|faint|p2a: Midas
|move|p2b: Mothra|Heat Wave|p1a: Rillaboom|[spread] p1a,p1b
|-supereffective|p1a: Rillaboom
|-damage|p1a: Rillaboom|0 fnt
|-damage|p1b: Volcarona|23/100
|faint|p1a: Rillaboom
|
|-heal|p1b: Volcarona|29/100|[from] Grassy Terrain
|-heal|p2b: Mothra|8/100|[from] Grassy Terrain
|upkeep
|
|t:|1756409592
|switch|p2a: Dare|Sneasler, L50, M|100/100
|turn|6
|
|t:|1756409598
|move|p2a: Dare|Fake Out|p1b: Volcarona
|-damage|p1b: Volcarona|14/100
|-status|p2a: Dare|brn|[from] ability: Flame Body|[of] p1b: Volcarona
|move|p1b: Volcarona|Heat Wave|p2a: Dare|[spread] p2b
|-miss|p1b: Volcarona|p2a: Dare
|-damage|p2b: Mothra|0 fnt
|faint|p2b: Mothra
|
|-heal|p1b: Volcarona|20/100|[from] Grassy Terrain
|-damage|p2a: Dare|95/100 brn|[from] brn
|upkeep
|
|t:|1756409603
|switch|p2b: Menace >:3|Garchomp, L50, F, tera:Fairy|29/100
|turn|7
|
|t:|1756409613
|move|p1b: Volcarona|Heat Wave|p2a: Dare|[spread] p2a,p2b
|-damage|p2a: Dare|26/100 brn
|-damage|p2b: Menace >:3|0 fnt
|faint|p2b: Menace >:3
|move|p2a: Dare|Dire Claw|p1b: Volcarona
|-damage|p1b: Volcarona|0 fnt
|faint|p1b: Volcarona
|
|win|Luckstat10
|raw|noexperiencesorry's rating: 1182 → 1160(-22 for losing)
|raw|Luckstat10's rating: 1223 → 1245(+22 for winning)
|c|☆Luckstat10|gg
|l| yoonsonno
