|j|☆Chapignon286
|j|☆debouls
|html|Chapignon286debouls    
|uhtml|bestof|Game 3 of a best-of-3
|t:|1757713559
|gametype|doubles
|player|p1|Chapignon286|102|1250
|player|p2|debouls|102|1217
|gen|9
|tier|[Gen 9] VGC 2025 Reg H (Bo3)
|rated|
|rule|Species Clause: Limit one of each Pokémon
|rule|Item Clause: Limit 1 of each item
|clearpoke
|poke|p1|Dondozo, L50, F|
|poke|p1|Tatsugiri, L50, F|
|poke|p1|Kingambit, L50, M|
|poke|p1|Sneasler, L50, M|
|poke|p1|Volcarona, L50, M|
|poke|p1|Dragonite, L50, M|
|poke|p2|Indeedee-F, L50, F|
|poke|p2|Gallade, L50, M|
|poke|p2|Torkoal, L50, M|
|poke|p2|Lilligant-Hisui, L50, F|
|poke|p2|Armarouge, L50, M|
|poke|p2|Ursaluna, L50, M|
|teampreview|4
|showteam|p1|Dondozo||Leftovers|Unaware|WaveCrash,OrderUp,Yawn,Protect|||F|||50|,,,,,Grass]Tatsugiri||ChoiceScarf|Commander|IcyWind,DracoMeteor,MuddyWater,TeraBlast|||F|||50|,,,,,Steel]Kingambit||SafetyGoggles|Defiant|KowtowCleave,SuckerPunch,SwordsDance,Protect|||M|||50|,,,,,Dark]Sneasler||FocusSash|PoisonTouch|CloseCombat,DireClaw,FakeOut,Protect|||M|||50|,,,,,Stellar]Volcarona||CovertCloak|FlameBody|HeatWave,TeraBlast,QuiverDance,RagePowder|||M|||50|,,,,,Fairy]Dragonite||LoadedDice|Multiscale|ScaleShot,Protect,Tailwind,StompingTantrum|||M|||50|,,,,,Fairy
|showteam|p2|Indeedee-F||PsychicSeed|PsychicSurge|Psychic,HelpingHand,FollowMe,TrickRoom|||F|||50|,,,,,Grass]Gallade||ClearAmulet|Sharpness|SacredSword,PsychoCut,TrickRoom,Protect|||M|||50|,,,,,Grass]Torkoal||Charcoal|Drought|Eruption,WeatherBall,EarthPower,Protect|||M|||50|,,,,,Fire]Lilligant-Hisui||FocusSash|Chlorophyll|TripleAxel,CloseCombat,SleepPowder,AfterYou|||F|||50|,,,,,Ghost]Armarouge||LifeOrb|FlashFire|ExpandingForce,ArmorCannon,TrickRoom,Protect|||M|||50|,,,,,Grass]Ursaluna||FlameOrb|Guts|Facade,HeadlongRush,Earthquake,Protect|||M|||50|,,,,,Ghost
|inactive|Battle timer is ON: inactive players will automatically lose when time's up. (requested by Chapignon286)
|inactive|debouls has 60 seconds left.
|
|t:|1757713591
|teamsize|p1|4
|teamsize|p2|4
|start
|switch|p1a: Kingambit|Kingambit, L50, M|100/100
|switch|p1b: Volcarona|Volcarona, L50, M|100/100
|switch|p2a: Indeedee|Indeedee-F, L50, F|100/100
|switch|p2b: Gallade|Gallade, L50, M|100/100
|-fieldstart|move: Psychic Terrain|[from] ability: Psychic Surge|[of] p2a: Indeedee
|-enditem|p2a: Indeedee|Psychic Seed
|-boost|p2a: Indeedee|spd|1|[from] item: Psychic Seed
|turn|1
|
|t:|1757713616
|switch|p2b: Ursaluna|Ursaluna, L50, M|100/100
|move|p1a: Kingambit|Protect|p1a: Kingambit
|-singleturn|p1a: Kingambit|Protect
|move|p1b: Volcarona|Heat Wave|p2a: Indeedee|[spread] p2a,p2b
|-damage|p2a: Indeedee|78/100
|-damage|p2b: Ursaluna|74/100
|move|p2a: Indeedee|Trick Room|p2a: Indeedee
|-fieldstart|move: Trick Room|[of] p2a: Indeedee
|
|-status|p2b: Ursaluna|brn|[from] item: Flame Orb
|upkeep
|turn|2
|inactive|Chapignon286 has 30 seconds left.
|inactive|debouls has 30 seconds left.
|inactive|Chapignon286 has 20 seconds left.
|inactive|debouls has 20 seconds left.
|
|t:|1757713654
|switch|p1a: Dondozo|Dondozo, L50, F|100/100
|switch|p1b: Tatsugiri|Tatsugiri, L50, F|100/100
|-activate|p1b: Tatsugiri|ability: Commander|[of] p1a: Dondozo
|-boost|p1a: Dondozo|atk|2
|-boost|p1a: Dondozo|spa|2
|-boost|p1a: Dondozo|spe|2
|-boost|p1a: Dondozo|def|2
|-boost|p1a: Dondozo|spd|2
|move|p2a: Indeedee|Follow Me|p2a: Indeedee
|-singleturn|p2a: Indeedee|move: Follow Me
|move|p2b: Ursaluna|Facade|p1b: Tatsugiri|[miss]
|-miss|p2b: Ursaluna|p1b: Tatsugiri
|
|-damage|p2b: Ursaluna|69/100 brn|[from] brn
|upkeep
|turn|3
|inactive|Chapignon286 has 30 seconds left.
|
|t:|1757713685
|switch|p2a: Gallade|Gallade, L50, M|100/100
|move|p1a: Dondozo|Protect|p1a: Dondozo
|-singleturn|p1a: Dondozo|Protect
|move|p2b: Ursaluna|Facade|p1a: Dondozo
|-activate|p1a: Dondozo|move: Protect
|
|-damage|p2b: Ursaluna|63/100 brn|[from] brn
|upkeep
|turn|4
|
|t:|1757713706
|move|p2b: Ursaluna|Facade|p1a: Dondozo
|-damage|p1a: Dondozo|58/100
|move|p2a: Gallade|Sacred Sword|p1a: Dondozo
|-damage|p1a: Dondozo|7/100
|move|p1a: Dondozo|Yawn|p2a: Gallade
|-start|p2a: Gallade|move: Yawn|[of] p1a: Dondozo
|
|-heal|p1a: Dondozo|13/100|[from] item: Leftovers
|-damage|p2b: Ursaluna|57/100 brn|[from] brn
|upkeep
|turn|5
|inactive|Chapignon286 has 30 seconds left.
|inactive|debouls has 30 seconds left.
|inactive|debouls has 20 seconds left.
|inactive|debouls has 15 seconds left.
|inactive|debouls has 10 seconds left.
|
|t:|1757713752
|switch|p2b: Lilligant|Lilligant-Hisui, L50, F|100/100
|switch|p2a: Indeedee|Indeedee-F, L50, F|78/100
|move|p1a: Dondozo|Wave Crash|p2b: Lilligant
|-resisted|p2b: Lilligant
|-damage|p2b: Lilligant|18/100
|-damage|p1a: Dondozo|0 fnt|[from] Recoil
|faint|p1a: Dondozo
|
|-fieldend|move: Trick Room
|-fieldend|move: Psychic Terrain
|upkeep
|
|t:|1757713761
|switch|p1a: Kingambit|Kingambit, L50, M|100/100
|turn|6
|
|t:|1757713785
|move|p1b: Tatsugiri|Icy Wind|p2b: Lilligant|[spread] p2a,p2b
|-supereffective|p2b: Lilligant
|-damage|p2a: Indeedee|64/100
|-damage|p2b: Lilligant|0 fnt
|-unboost|p2a: Indeedee|spe|1
|faint|p2b: Lilligant
|move|p1a: Kingambit|Kowtow Cleave|p2a: Indeedee
|-supereffective|p2a: Indeedee
|-damage|p2a: Indeedee|0 fnt
|faint|p2a: Indeedee
|
|upkeep
|c|☆debouls|gg
|
|t:|1757713795
|switch|p2b: Ursaluna|Ursaluna, L50, M|57/100 brn
|switch|p2a: Gallade|Gallade, L50, M|100/100
|turn|7
|c|☆Chapignon286|not over yet i think
|inactive|Chapignon286 has 30 seconds left.
|inactive|Chapignon286 has 20 seconds left.
|inactive|Chapignon286 has 15 seconds left.
|inactive|Chapignon286 has 10 seconds left.
|
|t:|1757713843
|switch|p1b: Volcarona|Volcarona, L50, M|100/100
|move|p1a: Kingambit|Protect|p1a: Kingambit
|-singleturn|p1a: Kingambit|Protect
|move|p2b: Ursaluna|Protect|p2b: Ursaluna
|-singleturn|p2b: Ursaluna|Protect
|move|p2a: Gallade|Trick Room|p2a: Gallade
|-fieldstart|move: Trick Room|[of] p2a: Gallade
|
|-damage|p2b: Ursaluna|51/100 brn|[from] brn
|upkeep
|turn|8
|inactive|Chapignon286 has 30 seconds left.
|inactive|debouls has 30 seconds left.
|inactive|Chapignon286 has 20 seconds left.
|inactive|Chapignon286 has 15 seconds left.
|inactive|Chapignon286 has 10 seconds left.
|inactive|Chapignon286 has 5 seconds left.
|
|t:|1757713898
|move|p2b: Ursaluna|Facade|p1b: Volcarona
|-damage|p1b: Volcarona|0 fnt
|faint|p1b: Volcarona
|move|p1a: Kingambit|Kowtow Cleave|p2a: Gallade
|-damage|p2a: Gallade|33/100
|move|p2a: Gallade|Sacred Sword|p1a: Kingambit
|-supereffective|p1a: Kingambit
|-damage|p1a: Kingambit|0 fnt
|faint|p1a: Kingambit
|
|-damage|p2b: Ursaluna|45/100 brn|[from] brn
|upkeep
|
|t:|1757713902
|switch|p1b: Tatsugiri|Tatsugiri, L50, F|100/100
|turn|9
|c|☆Chapignon286|gg
|
|t:|1757713916
|move|p2b: Ursaluna|Facade|p1b: Tatsugiri
|-damage|p1b: Tatsugiri|0 fnt
|faint|p1b: Tatsugiri
|
|win|debouls
|raw|Chapignon286's rating: 1250 → 1223(-27 for losing)
|raw|debouls's rating: 1217 → 1244(+27 for winning)
|l|☆Chapignon286
|player|p1|
