|j|☆sadnessvgc
|j|☆wade connects
|html|sadnessvgcwade connects    
|uhtml|bestof|Game 2 of a best-of-3
|t:|1785642347
|gametype|doubles
|player|p1|sadnessvgc|chase|1288
|player|p2|wade connects|101|1240
|gen|9
|tier|[Gen 9 Champions] VGC 2026 Reg M-B (Bo3)
|rated|
|rule|Species Clause: Limit one of each Pokémon
|rule|Item Clause: Limit 1 of each item
|clearpoke
|poke|p1|Floette-Eternal, L50, F|
|poke|p1|Whimsicott, L50, M, shiny|
|poke|p1|Garchomp, L50, F, shiny|
|poke|p1|Kingambit, L50, M, shiny|
|poke|p1|Basculegion, L50, M, shiny|
|poke|p1|Charizard, L50, F, shiny|
|poke|p2|Gholdengo, L50|
|poke|p2|Clefable, L50, F|
|poke|p2|Blaziken, L50, F, shiny|
|poke|p2|Sceptile, L50, M|
|poke|p2|Gyarados, L50, M, shiny|
|poke|p2|Aerodactyl, L50, F|
|teampreview|4
|showteam|p1|Floette-Eternal||Floettite|FlowerVeil|DazzlingGleam,Moonblast,Protect,LightofRuin|Timid||F|||50|]Whimsicott||FocusSash|Prankster|Moonblast,Protect,Encore,Tailwind|Timid||M|||50|]Garchomp||RoseliBerry|RoughSkin|Earthquake,DragonClaw,PoisonJab,RockSlide|Jolly||F|||50|]Kingambit||ChopleBerry|Defiant|KowtowCleave,LowKick,SuckerPunch,IronHead|Adamant||M|||50|]Basculegion||LifeOrb|Adaptability|LastRespects,WaveCrash,AquaJet,Protect|Adamant||M|||50|]Charizard||CharizarditeY|Blaze|HeatWave,WeatherBall,SolarBeam,Protect|Modest||F|||50|
|showteam|p2|Gholdengo||MetalCoat|GoodasGold|Protect,NastyPlot,ShadowBall,MakeItRain|Modest|||||50|]Clefable||Leftovers|Unaware|Protect,FollowMe,LifeDew,Moonblast|Bold||F|||50|]Blaziken||LifeOrb|SpeedBoost|Detect,CloseCombat,FlareBlitz,RockSlide|Adamant||F|||50|]Sceptile||Sceptilite|Overgrow|Detect,EnergyBall,DragonPulse,EarthPower|Timid||M|||50|]Gyarados||Gyaradosite|Intimidate|Protect,DragonDance,Waterfall,Crunch|Adamant||M|||50|]Aerodactyl||FocusSash|Unnerve|Protect,Tailwind,DualWingbeat,RockSlide|Jolly||F|||50|
|inactive|Battle timer is ON: inactive players will automatically lose when time's up. (requested by sadnessvgc)
|
|t:|1785642363
|teamsize|p1|4
|teamsize|p2|4
|start
|switch|p1a: Whimsicott|Whimsicott, L50, M, shiny|100/100
|switch|p1b: Garchomp|Garchomp, L50, F, shiny|100/100
|switch|p2a: Aerodactyl|Aerodactyl, L50, F|100/100
|switch|p2b: Blaziken|Blaziken, L50, F, shiny|100/100
|-ability|p2a: Aerodactyl|Unnerve
|turn|1
|
|t:|1785642378
|switch|p2b: Gyarados|Gyarados, L50, M, shiny|100/100
|-ability|p2b: Gyarados|Intimidate|boost
|-unboost|p1a: Whimsicott|atk|1
|-unboost|p1b: Garchomp|atk|1
|move|p1a: Whimsicott|Tailwind|p1a: Whimsicott
|-sidestart|p1: sadnessvgc|move: Tailwind
|move|p1b: Garchomp|Rock Slide|p2a: Aerodactyl|[spread] p2a,p2b
|-supereffective|p2a: Aerodactyl|1
|-supereffective|p2b: Gyarados|1
|-damage|p2a: Aerodactyl|60/100
|-damage|p2b: Gyarados|75/100
|move|p2a: Aerodactyl|Tailwind|p2a: Aerodactyl
|-sidestart|p2: wade connects|move: Tailwind
|
|upkeep
|turn|2
|
|t:|1785642399
|switch|p2a: Gholdengo|Gholdengo, L50|100/100
|switch|p1b: Floette|Floette-Eternal, L50, F|100/100
|detailschange|p2b: Gyarados|Gyarados-Mega, L50, M, shiny
|-mega|p2b: Gyarados|Gyarados|Gyaradosite
|-ability|p2b: Gyarados|Mold Breaker
|move|p1a: Whimsicott|Encore|p2a: Gholdengo
|-immune|p2a: Gholdengo|[from] ability: Good as Gold
|move|p2b: Gyarados|Dragon Dance|p2b: Gyarados
|-boost|p2b: Gyarados|atk|1
|-boost|p2b: Gyarados|spe|1
|
|upkeep
|turn|3
|
|t:|1785642419
|switch|p1b: Garchomp|Garchomp, L50, F, shiny|100/100
|move|p1a: Whimsicott|Protect|p1a: Whimsicott
|-singleturn|p1a: Whimsicott|Protect
|move|p2b: Gyarados|Waterfall|p1a: Whimsicott
|-activate|p1a: Whimsicott|move: Protect
|move|p2a: Gholdengo|Make It Rain|p1a: Whimsicott|[spread] p1b
|-activate|p1a: Whimsicott|move: Protect
|-damage|p1b: Garchomp|37/100
|-unboost|p2a: Gholdengo|spa|2
|
|upkeep
|turn|4
|
|t:|1785642439
|move|p2b: Gyarados|Waterfall|p1b: Garchomp
|-damage|p1b: Garchomp|0 fnt
|-damage|p2b: Gyarados|63/100|[from] ability: Rough Skin|[of] p1b: Garchomp
|faint|p1b: Garchomp
|move|p1a: Whimsicott|Moonblast|p2b: Gyarados
|-supereffective|p2b: Gyarados|1
|-damage|p2b: Gyarados|8/100
|move|p2a: Gholdengo|Nasty Plot|p2a: Gholdengo
|-boost|p2a: Gholdengo|spa|2
|
|-sideend|p2: wade connects|move: Tailwind
|-sideend|p1: sadnessvgc|move: Tailwind
|upkeep
|
|t:|1785642463
|switch|p1b: Floette|Floette-Eternal, L50, F|100/100
|turn|5
|
|t:|1785642482
|detailschange|p1b: Floette|Floette-Mega, L50, F
|-mega|p1b: Floette|Floette|Floettite
|-ability|p1b: Floette|Fairy Aura
|move|p2b: Gyarados|Protect|p2b: Gyarados
|-singleturn|p2b: Gyarados|Protect
|move|p1a: Whimsicott|Tailwind|p1a: Whimsicott
|-sidestart|p1: sadnessvgc|move: Tailwind
|move|p1b: Floette|Dazzling Gleam|p2b: Gyarados|[spread] p2a
|-activate|p2b: Gyarados|move: Protect
|-resisted|p2a: Gholdengo|1
|-damage|p2a: Gholdengo|78/100
|move|p2a: Gholdengo|Make It Rain|p1b: Floette|[spread] p1a,p1b
|-supereffective|p1a: Whimsicott|1
|-supereffective|p1b: Floette|1
|-enditem|p1a: Whimsicott|Focus Sash
|-damage|p1a: Whimsicott|1/100
|-damage|p1b: Floette|0 fnt
|-unboost|p2a: Gholdengo|spa|2
|faint|p1b: Floette
|
|upkeep
|
|t:|1785642489
|switch|p1b: Basculegion|Basculegion, L50, M, shiny|100/100
|turn|6
|
|t:|1785642507
|switch|p2b: Aerodactyl|Aerodactyl, L50, F|60/100
|-ability|p2b: Aerodactyl|Unnerve
|move|p2a: Gholdengo|Protect|p2a: Gholdengo
|-singleturn|p2a: Gholdengo|Protect
|move|p1a: Whimsicott|Moonblast|p2b: Aerodactyl
|-damage|p2b: Aerodactyl|8/100
|move|p1b: Basculegion|Last Respects|p2a: Gholdengo
|-activate|p2a: Gholdengo|move: Protect
|
|upkeep
|turn|7
|
|t:|1785642529
|move|p1a: Whimsicott|Moonblast|p2b: Aerodactyl
|-damage|p2b: Aerodactyl|0 fnt
|faint|p2b: Aerodactyl
|move|p1b: Basculegion|Last Respects|p2a: Gholdengo
|-supereffective|p2a: Gholdengo|1
|-damage|p2a: Gholdengo|0 fnt
|faint|p2a: Gholdengo
|-damage|p1b: Basculegion|90/100|[from] item: Life Orb
|
|upkeep
|
|t:|1785642539
|switch|p2b: Gyarados|Gyarados-Mega, L50, M, shiny|8/100
|switch|p2a: Blaziken|Blaziken, L50, F, shiny|100/100
|-ability|p2b: Gyarados|Mold Breaker
|turn|8
|inactive|sadnessvgc has 30 seconds left.
|
|t:|1785642573
|move|p2a: Blaziken|Detect|p2a: Blaziken
|-singleturn|p2a: Blaziken|Protect
|move|p2b: Gyarados|Protect|p2b: Gyarados
|-singleturn|p2b: Gyarados|Protect
|move|p1a: Whimsicott|Moonblast|p2b: Gyarados
|-activate|p2b: Gyarados|move: Protect
|move|p1b: Basculegion|Last Respects|p2a: Blaziken
|-activate|p2a: Blaziken|move: Protect
|
|-sideend|p1: sadnessvgc|move: Tailwind
|-ability|p2a: Blaziken|Speed Boost|boost
|-boost|p2a: Blaziken|spe|1
|upkeep
|turn|9
|
|t:|1785642595
|move|p1a: Whimsicott|Encore|p2a: Blaziken
|-start|p2a: Blaziken|Encore
|move|p2a: Blaziken|Detect|p2a: Blaziken
|-singleturn|p2a: Blaziken|Protect
|move|p1b: Basculegion|Aqua Jet|p2b: Gyarados
|-resisted|p2b: Gyarados|1
|-damage|p2b: Gyarados|0 fnt
|faint|p2b: Gyarados
|-damage|p1b: Basculegion|80/100|[from] item: Life Orb
|
|-ability|p2a: Blaziken|Speed Boost|boost
|-boost|p2a: Blaziken|spe|1
|upkeep
|turn|10
|
|t:|1785642609
|move|p2a: Blaziken|Detect||[still]
|-fail|p2a: Blaziken
|move|p1a: Whimsicott|Tailwind|p1a: Whimsicott
|-sidestart|p1: sadnessvgc|move: Tailwind
|move|p1b: Basculegion|Last Respects|p2a: Blaziken
|-damage|p2a: Blaziken|0 fnt
|faint|p2a: Blaziken
|-damage|p1b: Basculegion|71/100|[from] item: Life Orb
|
|win|sadnessvgc
||sadnessvgc is ready for game 3.
||wade connects is ready for game 3.
|uhtml|next|Next: Game 3 of 3
|l|☆sadnessvgc
|player|p1|
