|j|☆fustor
|j|☆atahualpamaia
|html|fustoratahualpamaia    
|uhtml|bestof|Game 2 of a best-of-3
|t:|1756641213
|gametype|doubles
|player|p1|fustor|1|1086
|player|p2|atahualpamaia|lucas|1116
|gen|9
|tier|[Gen 9] VGC 2025 Reg H (Bo3)
|rated|
|rule|Species Clause: Limit one of each Pokémon
|rule|Item Clause: Limit 1 of each item
|clearpoke
|poke|p1|Charizard, L50, M|
|poke|p1|Torkoal, L50, F|
|poke|p1|Porygon2, L50|
|poke|p1|Incineroar, L50, M|
|poke|p1|Jumpluff, L50, F|
|poke|p1|Ursaluna, L50, M|
|poke|p2|Dragonite, L50, F|
|poke|p2|Sneasler, L50, F|
|poke|p2|Ursaluna-Bloodmoon, L50, M|
|poke|p2|Braviary, L50, M|
|poke|p2|Whimsicott, L50, M|
|poke|p2|Farigiraf, L50, M|
|teampreview|4
|showteam|p1|Charizard||ChoiceSpecs|SolarPower|HeatWave,Overheat,WeatherBall,AirSlash|||M|||50|,,,,,Ghost]Torkoal||EjectPack|Drought|Eruption,Overheat,HelpingHand,Protect|||F|||50|,,,,,Fire]Porygon2||Eviolite|Download|TeraBlast,IceBeam,Recover,TrickRoom||||||50|,,,,,Fighting]Incineroar||SitrusBerry|Intimidate|FlareBlitz,KnockOff,FakeOut,PartingShot|||M|||50|,,,,,Ghost]Jumpluff||CovertCloak|Chlorophyll|SleepPowder,SunnyDay,RagePowder,Tailwind|||F|||50|,,,,,Water]Ursaluna||FlameOrb|Guts|HeadlongRush,Facade,Earthquake,Protect|||M|||50|,,,,,Ghost
|showteam|p2|Dragonite||LoadedDice|Multiscale|ScaleShot,ExtremeSpeed,Roar,Protect|||F|||50|,,,,,Fairy]Sneasler||WhiteHerb|Unburden|CloseCombat,DireClaw,ThroatChop,Protect|||F|||50|,,,,,Ghost]Ursaluna-Bloodmoon||SitrusBerry|MindsEye|BloodMoon,EarthPower,HyperVoice,Protect|||M|||50|,,,,,Ghost]Braviary||LifeOrb|Defiant|BraveBird,CloseCombat,Tailwind,Protect|||M|||50|,,,,,Flying]Whimsicott||FocusSash|Prankster|Moonblast,TrickRoom,Tailwind,Protect|||M|||50|,,,,,Ghost]Farigiraf||ThroatSpray|ArmorTail|HyperVoice,HelpingHand,TrickRoom,Protect|||M|||50|,,,,,Water
|inactive|Battle timer is ON: inactive players will automatically lose when time's up. (requested by atahualpamaia)
|
|t:|1756641240
|teamsize|p1|4
|teamsize|p2|4
|start
|switch|p1a: Charizard|Charizard, L50, M|100/100
|switch|p1b: Porygon2|Porygon2, L50|100/100
|switch|p2a: Sneasler|Sneasler, L50, F|100/100
|switch|p2b: Dragonite|Dragonite, L50, F|100/100
|-ability|p1b: Porygon2|Download|boost
|-boost|p1b: Porygon2|atk|1
|turn|1
|inactive|atahualpamaia has 30 seconds left.
|inactive|atahualpamaia has 20 seconds left.
|inactive|atahualpamaia has 15 seconds left.
|
|t:|1756641285
|switch|p1b: Torkoal|Torkoal, L50, F|100/100
|-weather|SunnyDay|[from] ability: Drought|[of] p1b: Torkoal
|-terastallize|p1a: Charizard|Ghost
|-terastallize|p2b: Dragonite|Fairy
|move|p2a: Sneasler|Close Combat|p1b: Torkoal
|-damage|p1b: Torkoal|56/100
|-unboost|p2a: Sneasler|def|1
|-unboost|p2a: Sneasler|spd|1
|-enditem|p2a: Sneasler|White Herb
|-clearnegativeboost|p2a: Sneasler|[silent]
|move|p1a: Charizard|Heat Wave|p2a: Sneasler|[spread] p2b
|-miss|p1a: Charizard|p2a: Sneasler
|-damage|p2b: Dragonite|43/100
|move|p2b: Dragonite|Scale Shot|p1b: Torkoal
|-damage|p1b: Torkoal|44/100
|-crit|p1b: Torkoal
|-damage|p1b: Torkoal|25/100
|-damage|p1b: Torkoal|15/100
|-damage|p1b: Torkoal|4/100
|-hitcount|p1b: Torkoal|4
|-unboost|p2b: Dragonite|def|1
|-boost|p2b: Dragonite|spe|1
|
|-weather|SunnyDay|[upkeep]
|-damage|p1a: Charizard|88/100|[from] ability: Solar Power|[of] p1a: Charizard
|upkeep
|turn|2
|inactive|fustor has 30 seconds left.
|inactive|atahualpamaia has 30 seconds left.
|inactive|fustor has 20 seconds left.
|inactive|fustor has 15 seconds left.
|inactive|fustor has 10 seconds left.
|inactive|fustor has 5 seconds left.
|
|t:|1756641338
|move|p2b: Dragonite|Extreme Speed|p1b: Torkoal
|-damage|p1b: Torkoal|0 fnt
|faint|p1b: Torkoal
|move|p2a: Sneasler|Throat Chop|p1a: Charizard
|-supereffective|p1a: Charizard
|-damage|p1a: Charizard|12/100
|-start|p1a: Charizard|Throat Chop|[silent]
|move|p1a: Charizard|Heat Wave|p2b: Dragonite|[spread] p2a,p2b
|-damage|p2a: Sneasler|0 fnt
|-damage|p2b: Dragonite|0 fnt
|faint|p2a: Sneasler
|faint|p2b: Dragonite
|
|-weather|SunnyDay|[upkeep]
|-damage|p1a: Charizard|0 fnt|[from] ability: Solar Power|[of] p1a: Charizard
|faint|p1a: Charizard
|upkeep
|
|t:|1756641351
|switch|p2a: Braviary|Braviary, L50, M|100/100
|switch|p1a: Porygon2|Porygon2, L50|100/100
|switch|p2b: Whimsicott|Whimsicott, L50, M|100/100
|switch|p1b: Ursaluna|Ursaluna, L50, M|100/100
|-ability|p1a: Porygon2|Download|boost
|-boost|p1a: Porygon2|spa|1
|turn|3
|inactive|atahualpamaia has 30 seconds left.
|inactive|atahualpamaia has 20 seconds left.
|
|t:|1756641391
|move|p1b: Ursaluna|Protect|p1b: Ursaluna
|-singleturn|p1b: Ursaluna|Protect
|move|p2b: Whimsicott|Moonblast|p1a: Porygon2
|-damage|p1a: Porygon2|83/100
|-unboost|p1a: Porygon2|spa|1
|move|p2a: Braviary|Close Combat|p1a: Porygon2
|-supereffective|p1a: Porygon2
|-damage|p1a: Porygon2|11/100
|-unboost|p2a: Braviary|def|1
|-unboost|p2a: Braviary|spd|1
|-damage|p2a: Braviary|91/100|[from] item: Life Orb
|move|p1a: Porygon2|Ice Beam|p2a: Braviary
|-supereffective|p2a: Braviary
|-damage|p2a: Braviary|8/100
|
|-weather|SunnyDay|[upkeep]
|-status|p1b: Ursaluna|brn|[from] item: Flame Orb
|upkeep
|turn|4
|inactive|fustor has 30 seconds left.
|inactive|atahualpamaia has 30 seconds left.
|inactive|fustor has 20 seconds left.
|inactive|fustor has 15 seconds left.
|inactive|fustor has 10 seconds left.
|inactive|atahualpamaia has 20 seconds left.
|inactive|atahualpamaia has 15 seconds left.
|
|t:|1756641445
|move|p2b: Whimsicott|Moonblast|p1a: Porygon2
|-damage|p1a: Porygon2|0 fnt
|faint|p1a: Porygon2
|move|p2a: Braviary|Close Combat|p1b: Ursaluna
|-supereffective|p1b: Ursaluna
|-damage|p1b: Ursaluna|12/100 brn
|-unboost|p2a: Braviary|def|1
|-unboost|p2a: Braviary|spd|1
|-damage|p2a: Braviary|0 fnt|[from] item: Life Orb
|faint|p2a: Braviary
|move|p1b: Ursaluna|Facade|p2b: Whimsicott
|-enditem|p2b: Whimsicott|Focus Sash
|-damage|p2b: Whimsicott|1/100
|
|-weather|SunnyDay|[upkeep]
|-damage|p1b: Ursaluna|6/100 brn|[from] brn
|upkeep
|turn|5
|
|t:|1756641462
|move|p2b: Whimsicott|Protect|p2b: Whimsicott
|-singleturn|p2b: Whimsicott|Protect
|move|p1b: Ursaluna|Facade|p2b: Whimsicott
|-activate|p2b: Whimsicott|move: Protect
|
|-weather|none
|-damage|p1b: Ursaluna|0 fnt|[from] brn
|faint|p1b: Ursaluna
|
|win|atahualpamaia
||atahualpamaia is ready for game 3.
|inactive|fustor has 30 seconds to confirm battle start!
||fustor is ready for game 3.
|uhtml|next|Next: Game 3 of 3
|l|☆atahualpamaia
|player|p2|
