|j|☆Sizzle2466
|j|☆raksbach
|html|Sizzle2466raksbach    
|uhtml|bestof|Game 3 of a best-of-3
|t:|1784205537
|gametype|doubles
|player|p1|Sizzle2466|2|1256
|player|p2|raksbach|2|1289
|gen|9
|tier|[Gen 9 Champions] VGC 2026 Reg M-B (Bo3)
|rated|
|rule|Species Clause: Limit one of each Pokémon
|rule|Item Clause: Limit 1 of each item
|clearpoke
|poke|p1|Raichu, L50, F|
|poke|p1|Annihilape, L50, M|
|poke|p1|Incineroar, L50, F|
|poke|p1|Sinistcha, L50|
|poke|p1|Floette-Eternal, L50, F|
|poke|p1|Maushold, L50|
|poke|p2|Incineroar, L50, M|
|poke|p2|Maushold, L50|
|poke|p2|Sinistcha, L50|
|poke|p2|Sneasler, L50, M|
|poke|p2|Blastoise, L50, F|
|poke|p2|Delphox, L50, F|
|teampreview|4
|showteam|p1|Raichu||RaichuniteY|Static|FakeOut,ZapCannon,FocusBlast,Protect|Timid||F|||50|]Annihilape||Leftovers|Defiant|BulkUp,RageFist,DrainPunch,Protect|Adamant||M|||50|]Incineroar||SitrusBerry|Intimidate|FakeOut,FlareBlitz,Taunt,PartingShot|Careful||F|||50|]Sinistcha||CobaBerry|Hospitality|RagePowder,MatchaGotcha,LifeDew,Protect|Bold|||||50|]Floette-Eternal||Floettite|FlowerVeil|CalmMind,DazzlingGleam,DrainingKiss,Protect|Timid||F|||50|]Maushold||WideLens|Technician|PopulationBomb,BeatUp,FollowMe,Protect|Jolly|||||50|
|showteam|p2|Incineroar||SitrusBerry|Intimidate|FakeOut,FlareBlitz,DarkestLariat,PartingShot|Impish||M|||50|]Maushold||ChopleBerry|FriendGuard|SuperFang,FollowMe,Protect,Feint|Impish|||||50|]Sinistcha||OccaBerry|Hospitality|MatchaGotcha,LifeDew,RagePowder,Protect|Bold|||||50|]Sneasler||FocusSash|PoisonTouch|FakeOut,CloseCombat,DireClaw,QuickGuard|Jolly||M|||50|]Blastoise||Blastoisinite|Torrent|WaterSpout,DarkPulse,ShellSmash,Protect|Modest||F|||50|]Delphox||Delphoxite|Blaze|HeatWave,Psychic,NastyPlot,Protect|Timid||F|||50|
|inactive|Battle timer is ON: inactive players will automatically lose when time's up. (requested by raksbach)
|
|t:|1784205568
|teamsize|p1|4
|teamsize|p2|4
|start
|switch|p1a: Raichu|Raichu, L50, F|100/100
|switch|p1b: Maushold|Maushold, L50|100/100
|switch|p2a: Incineroar|Incineroar, L50, M|100/100
|switch|p2b: Sneasler|Sneasler, L50, M|100/100
|-ability|p2a: Incineroar|Intimidate|boost
|-unboost|p1a: Raichu|atk|1
|-unboost|p1b: Maushold|atk|1
|turn|1
|inactive|raksbach has 30 seconds left.
|inactive|raksbach has 20 seconds left.
|
|t:|1784205604
|detailschange|p1a: Raichu|Raichu-Mega-Y, L50, F
|-mega|p1a: Raichu|Raichu|Raichunite Y
|move|p1a: Raichu|Fake Out|p2b: Sneasler
|-damage|p2b: Sneasler|90/100
|cant|p2b: Sneasler|flinch
|move|p1b: Maushold|Population Bomb|p2b: Sneasler
|-damage|p2b: Sneasler|78/100
|-damage|p2b: Sneasler|66/100
|-damage|p2b: Sneasler|54/100
|-damage|p2b: Sneasler|41/100
|-damage|p2b: Sneasler|28/100
|-damage|p2b: Sneasler|14/100
|-damage|p2b: Sneasler|2/100
|-damage|p2b: Sneasler|0 fnt
|faint|p2b: Sneasler
|-hitcount|p2: Sneasler|8
|move|p2a: Incineroar|Parting Shot|p1b: Maushold
|-unboost|p1b: Maushold|atk|1
|-unboost|p1b: Maushold|spa|1
|
|t:|1784205613
|switch|p2a: Delphox|Delphox, L50, F|100/100|[from] Parting Shot
|
|upkeep
|
|t:|1784205615
|switch|p2b: Sinistcha|Sinistcha, L50|100/100
|turn|2
|
|t:|1784205629
|switch|p1b: Incineroar|Incineroar, L50, F|100/100
|-ability|p1b: Incineroar|Intimidate|boost
|-unboost|p2a: Delphox|atk|1
|-unboost|p2b: Sinistcha|atk|1
|detailschange|p2a: Delphox|Delphox-Mega, L50, F
|-mega|p2a: Delphox|Delphox|Delphoxite
|move|p2b: Sinistcha|Rage Powder|p2b: Sinistcha
|-singleturn|p2b: Sinistcha|move: Rage Powder
|move|p1a: Raichu|Zap Cannon|p2b: Sinistcha
|-resisted|p2b: Sinistcha|1
|-damage|p2b: Sinistcha|69/100
|-status|p2b: Sinistcha|par
|move|p2a: Delphox|Nasty Plot|p2a: Delphox
|-boost|p2a: Delphox|spa|2
|
|upkeep
|turn|3
|
|t:|1784205653
|switch|p2b: Incineroar|Incineroar, L50, M|100/100
|-ability|p2b: Incineroar|Intimidate|boost
|-unboost|p1a: Raichu|atk|1
|-unboost|p1b: Incineroar|atk|1
|move|p1a: Raichu|Protect|p1a: Raichu
|-singleturn|p1a: Raichu|Protect
|move|p2a: Delphox|Protect|p2a: Delphox
|-singleturn|p2a: Delphox|Protect
|move|p1b: Incineroar|Taunt|p2b: Incineroar
|-start|p2b: Incineroar|move: Taunt
|
|upkeep
|turn|4
|inactive|raksbach has 30 seconds left.
|
|t:|1784205686
|switch|p1a: Maushold|Maushold, L50|100/100
|move|p2b: Incineroar|Fake Out|p1a: Maushold
|-damage|p1a: Maushold|84/100
|move|p2a: Delphox|Heat Wave|p1a: Maushold|[spread] p1a
|-miss|p2a: Delphox|p1b: Incineroar
|-damage|p1a: Maushold|0 fnt
|faint|p1a: Maushold
|move|p1b: Incineroar|Parting Shot|p2a: Delphox
|-unboost|p2a: Delphox|atk|1
|-unboost|p2a: Delphox|spa|1
|
|t:|1784205696
|switch|p1b: Raichu|Raichu-Mega-Y, L50, F|100/100|[from] Parting Shot
|
|upkeep
|
|t:|1784205704
|switch|p1a: Annihilape|Annihilape, L50, M|100/100
|turn|5
|inactive|Sizzle2466 has 30 seconds left.
|
|t:|1784205730
|switch|p1a: Incineroar|Incineroar, L50, F|100/100
|-ability|p1a: Incineroar|Intimidate|boost
|-unboost|p2a: Delphox|atk|1
|-unboost|p2b: Incineroar|atk|1
|move|p2a: Delphox|Protect|p2a: Delphox
|-singleturn|p2a: Delphox|Protect
|move|p1b: Raichu|Zap Cannon|p2a: Delphox
|-activate|p2a: Delphox|move: Protect
|move|p2b: Incineroar|Flare Blitz|p1b: Raichu
|-damage|p1b: Raichu|40/100
|-damage|p2b: Incineroar|85/100|[from] Recoil
|
|-end|p2b: Incineroar|move: Taunt
|upkeep
|turn|6
|inactive|Sizzle2466 has 30 seconds left.
|inactive|raksbach has 30 seconds left.
|
|t:|1784205765
|switch|p2a: Sinistcha|Sinistcha, L50|69/100 par
|-heal|p2b: Incineroar|100/100|[from] ability: Hospitality|[of] p2a: Sinistcha
|move|p1a: Incineroar|Fake Out|p2b: Incineroar
|-damage|p2b: Incineroar|92/100
|move|p1b: Raichu|Zap Cannon|p2a: Sinistcha
|-resisted|p2a: Sinistcha|1
|-damage|p2a: Sinistcha|37/100 par
|cant|p2b: Incineroar|flinch
|
|upkeep
|turn|7
|inactive|raksbach has 30 seconds left.
|inactive|raksbach has 20 seconds left.
|
|t:|1784205801
|switch|p1b: Annihilape|Annihilape, L50, M|100/100
|move|p2a: Sinistcha|Protect|p2a: Sinistcha
|-singleturn|p2a: Sinistcha|Protect
|move|p1a: Incineroar|Flare Blitz|p2a: Sinistcha
|-activate|p2a: Sinistcha|move: Protect
|move|p2b: Incineroar|Parting Shot|p1a: Incineroar
|-unboost|p1a: Incineroar|atk|1
|-unboost|p1a: Incineroar|spa|1
|
|t:|1784205811
|switch|p2b: Delphox|Delphox-Mega, L50, F|100/100|[from] Parting Shot
|
|upkeep
|turn|8
|
|t:|1784205834
|move|p2a: Sinistcha|Rage Powder|p2a: Sinistcha
|-singleturn|p2a: Sinistcha|move: Rage Powder
|move|p2b: Delphox|Nasty Plot|p2b: Delphox
|-boost|p2b: Delphox|spa|2
|move|p1b: Annihilape|Rage Fist|p2a: Sinistcha
|-supereffective|p2a: Sinistcha|1
|-damage|p2a: Sinistcha|0 fnt
|faint|p2a: Sinistcha
|move|p1a: Incineroar|Parting Shot|p2b: Delphox
|-unboost|p2b: Delphox|atk|1
|-unboost|p2b: Delphox|spa|1
|
|t:|1784205844
|switch|p1a: Raichu|Raichu-Mega-Y, L50, F|40/100|[from] Parting Shot
|
|upkeep
|
|t:|1784205847
|switch|p2a: Incineroar|Incineroar, L50, M|92/100
|-ability|p2a: Incineroar|Intimidate|boost
|-unboost|p1a: Raichu|atk|1
|-unboost|p1b: Annihilape|atk|1
|-ability|p1b: Annihilape|Defiant|boost
|-boost|p1b: Annihilape|atk|2
|turn|9
|
|t:|1784205870
|move|p1a: Raichu|Fake Out|p2b: Delphox
|-damage|p2b: Delphox|92/100
|move|p2a: Incineroar|Fake Out|p1a: Raichu
|-damage|p1a: Raichu|21/100
|cant|p2b: Delphox|flinch
|move|p1b: Annihilape|Drain Punch|p2a: Incineroar
|-supereffective|p2a: Incineroar|1
|-damage|p2a: Incineroar|14/100
|-enditem|p2a: Incineroar|Sitrus Berry|[eat]
|-heal|p2a: Incineroar|39/100|[from] item: Sitrus Berry
|
|upkeep
|turn|10
|
|t:|1784205884
|move|p1a: Raichu|Zap Cannon|p2b: Delphox
|-damage|p2b: Delphox|30/100
|-status|p2b: Delphox|par
|move|p1b: Annihilape|Rage Fist|p2b: Delphox
|-supereffective|p2b: Delphox|1
|-damage|p2b: Delphox|0 fnt
|faint|p2b: Delphox
|move|p2a: Incineroar|Flare Blitz|p1a: Raichu
|-damage|p1a: Raichu|0 fnt
|faint|p1a: Raichu
|-damage|p2a: Incineroar|33/100|[from] Recoil
|
|upkeep
|-message|raksbach forfeited.
|
|win|Sizzle2466
|raw|Sizzle2466's rating: 1256 → 1283(+27 for winning)
|raw|raksbach's rating: 1289 → 1262(-27 for losing)
