|j|☆bpecina03
|j|☆tang de maracuja
|html|bpecina03tang de maracuja    
|uhtml|bestof|Game 1 of a best-of-3
|t:|1784676312
|gametype|doubles
|player|p1|bpecina03|265|1310
|player|p2|tang de maracuja|morty|1217
|gen|9
|tier|[Gen 9 Champions] VGC 2026 Reg M-B (Bo3)
|rated|
|rule|Species Clause: Limit one of each Pokémon
|rule|Item Clause: Limit 1 of each item
|clearpoke
|poke|p1|Delphox, L50, F|
|poke|p1|Meowscarada, L50, F|
|poke|p1|Kingambit, L50, F|
|poke|p1|Aerodactyl, L50, F|
|poke|p1|Sylveon, L50, M|
|poke|p1|Basculegion, L50, M|
|poke|p2|Sinistcha, L50|
|poke|p2|Gholdengo, L50|
|poke|p2|Incineroar, L50, M|
|poke|p2|Staraptor, L50, M|
|poke|p2|Arcanine-Hisui, L50, F|
|poke|p2|Ninetales-Alola, L50, M|
|teampreview|4
|showteam|p1|Delphox||Delphoxite|Blaze|Protect,Encore,HeatWave,Psychic|Timid||F|||50|]Meowscarada||ChoiceScarf|Protean|TripleAxel,KnockOff,FlowerTrick,Uturn|Adamant||F|||50|]Kingambit||LifeOrb|Defiant|KowtowCleave,IronHead,SuckerPunch,Protect|Adamant||F|||50|]Aerodactyl||Aerodactylite|Unnerve|RockSlide,Tailwind,Protect,DualWingbeat|Jolly||F|||50|]Sylveon||FairyFeather|Pixilate|Protect,HyperVoice,HyperBeam,QuickAttack|Modest||M|||50|]Basculegion||FocusSash|Adaptability|LastRespects,Liquidation,AquaJet,Protect|Jolly||M|||50|
|showteam|p2|Sinistcha||ColburBerry|Hospitality|MatchaGotcha,RagePowder,TrickRoom,StrengthSap|Calm|||||50|]Gholdengo||LifeOrb|GoodasGold|Protect,MakeItRain,ShadowBall,NastyPlot|Modest|||||50|]Incineroar||SitrusBerry|Intimidate|PartingShot,FlareBlitz,DarkestLariat,FakeOut|Careful||M|||50|]Staraptor||Staraptite|Intimidate|Protect,CloseCombat,BraveBird,Roost|Jolly||M|||50|]Arcanine-Hisui||FocusSash|RockHead|Protect,HeadSmash,FlareBlitz,ExtremeSpeed|Jolly||F|||50|]Ninetales-Alola||NeverMeltIce|SnowWarning|Protect,Blizzard,FreezeDry,AuroraVeil|Timid||M|||50|
|inactive|Battle timer is ON: inactive players will automatically lose when time's up. (requested by tang de maracuja)
|inactive|bpecina03 has 60 seconds left.
|inactive|tang de maracuja has 60 seconds left.
|inactive|tang de maracuja has 30 seconds left.
|inactive|tang de maracuja has 20 seconds left.
|inactive|tang de maracuja has 15 seconds left.
|inactive|tang de maracuja has 10 seconds left.
|
|t:|1784676393
|teamsize|p1|4
|teamsize|p2|4
|start
|switch|p1a: Delphox|Delphox, L50, F|100/100
|switch|p1b: Kingambit|Kingambit, L50, F|100/100
|switch|p2a: Arcanine|Arcanine-Hisui, L50, F|100/100
|switch|p2b: Staraptor|Staraptor, L50, M|100/100
|-ability|p2b: Staraptor|Intimidate|boost
|-unboost|p1a: Delphox|atk|1
|-unboost|p1b: Kingambit|atk|1
|-ability|p1b: Kingambit|Defiant|boost
|-boost|p1b: Kingambit|atk|2
|turn|1
|inactive|tang de maracuja has 30 seconds left.
|inactive|tang de maracuja has 20 seconds left.
|inactive|tang de maracuja has 15 seconds left.
|
|t:|1784676438
|detailschange|p1a: Delphox|Delphox-Mega, L50, F
|-mega|p1a: Delphox|Delphox|Delphoxite
|detailschange|p2b: Staraptor|Staraptor-Mega, L50, M
|-mega|p2b: Staraptor|Staraptor|Staraptite
|move|p2b: Staraptor|Protect|p2b: Staraptor
|-singleturn|p2b: Staraptor|Protect
|move|p1b: Kingambit|Sucker Punch|p2a: Arcanine
|-enditem|p2a: Arcanine|Focus Sash
|-damage|p2a: Arcanine|1/100
|-damage|p1b: Kingambit|90/100|[from] item: Life Orb
|move|p1a: Delphox|Psychic|p2b: Staraptor
|-activate|p2b: Staraptor|move: Protect
|move|p2a: Arcanine|Flare Blitz|p1b: Kingambit
|-supereffective|p1b: Kingambit|1
|-damage|p1b: Kingambit|6/100
|
|upkeep
|turn|2
|
|t:|1784676460
|switch|p2b: Incineroar|Incineroar, L50, M|100/100
|-ability|p2b: Incineroar|Intimidate|boost
|-unboost|p1a: Delphox|atk|1
|-unboost|p1b: Kingambit|atk|1
|-ability|p1b: Kingambit|Defiant|boost
|-boost|p1b: Kingambit|atk|2
|switch|p1b: Basculegion|Basculegion, L50, M|100/100
|move|p2a: Arcanine|Protect|p2a: Arcanine
|-singleturn|p2a: Arcanine|Protect
|move|p1a: Delphox|Psychic|p2b: Incineroar
|-immune|p2b: Incineroar
|
|upkeep
|turn|3
|inactive|tang de maracuja has 30 seconds left.
|inactive|tang de maracuja has 20 seconds left.
|
|t:|1784676497
|move|p1a: Delphox|Protect|p1a: Delphox
|-singleturn|p1a: Delphox|Protect
|move|p2b: Incineroar|Fake Out|p1a: Delphox
|-activate|p1a: Delphox|move: Protect
|move|p2a: Arcanine|Head Smash|p1b: Basculegion
|-damage|p1b: Basculegion|2/100
|move|p1b: Basculegion|Liquidation|p2b: Incineroar
|-supereffective|p2b: Incineroar|1
|-damage|p2b: Incineroar|20/100y
|-enditem|p2b: Incineroar|Sitrus Berry|[eat]
|-heal|p2b: Incineroar|45/100|[from] item: Sitrus Berry
|
|upkeep
|turn|4
|inactive|tang de maracuja has 30 seconds left.
|
|t:|1784676532
|switch|p2b: Sinistcha|Sinistcha, L50|100/100
|-heal|p2a: Arcanine|25/100|[from] ability: Hospitality|[of] p2b: Sinistcha
|move|p1a: Delphox|Psychic|p2a: Arcanine
|-damage|p2a: Arcanine|0 fnt
|faint|p2a: Arcanine
|move|p1b: Basculegion|Liquidation|p2b: Sinistcha
|-resisted|p2b: Sinistcha|1
|-damage|p2b: Sinistcha|76/100
|
|upkeep
|
|t:|1784676541
|switch|p2a: Staraptor|Staraptor-Mega, L50, M|100/100
|turn|5
|
|t:|1784676560
|switch|p2b: Incineroar|Incineroar, L50, M|45/100
|-ability|p2b: Incineroar|Intimidate|boost
|-unboost|p1a: Delphox|atk|1
|-unboost|p1b: Basculegion|atk|1
|move|p1a: Delphox|Heat Wave|p2a: Staraptor|[spread] p2a,p2b
|-resisted|p2b: Incineroar|1
|-damage|p2a: Staraptor|61/100
|-damage|p2b: Incineroar|28/100
|move|p2a: Staraptor|Close Combat|p1a: Delphox
|-resisted|p1a: Delphox|1
|-damage|p1a: Delphox|59/100
|-boost|p2a: Staraptor|def|1
|-boost|p2a: Staraptor|spd|1
|move|p1b: Basculegion|Liquidation|p2a: Staraptor
|-damage|p2a: Staraptor|38/100
|
|upkeep
|turn|6
|inactive|bpecina03 has 30 seconds left.
|inactive|bpecina03 has 20 seconds left.
|inactive|bpecina03 has 15 seconds left.
|
|t:|1784676601
|move|p2b: Incineroar|Fake Out|p1a: Delphox
|-damage|p1a: Delphox|45/100
|cant|p1a: Delphox|flinch
|move|p2a: Staraptor|Roost|p2a: Staraptor
|-heal|p2a: Staraptor|88/100
|-singleturn|p2a: Staraptor|move: Roost
|move|p1b: Basculegion|Last Respects|p2a: Staraptor
|-damage|p2a: Staraptor|75/100
|
|upkeep
|turn|7
|
|t:|1784676618
|switch|p2b: Sinistcha|Sinistcha, L50|76/100
|-heal|p2a: Staraptor|100/100|[from] ability: Hospitality|[of] p2b: Sinistcha
|move|p1a: Delphox|Heat Wave|p2a: Staraptor|[spread] p2a,p2b
|-supereffective|p2b: Sinistcha|1
|-damage|p2a: Staraptor|70/100
|-damage|p2b: Sinistcha|4/100
|-status|p2b: Sinistcha|brn
|move|p2a: Staraptor|Close Combat|p1a: Delphox
|-resisted|p1a: Delphox|1
|-damage|p1a: Delphox|9/100
|-boost|p2a: Staraptor|def|1
|-boost|p2a: Staraptor|spd|1
|move|p1b: Basculegion|Last Respects|p2a: Staraptor
|-damage|p2a: Staraptor|61/100
|
|-damage|p2b: Sinistcha|0 fnt|[from] brn
|faint|p2b: Sinistcha
|upkeep
|
|t:|1784676625
|switch|p2b: Incineroar|Incineroar, L50, M|28/100
|-ability|p2b: Incineroar|Intimidate|boost
|-unboost|p1a: Delphox|atk|1
|-unboost|p1b: Basculegion|atk|1
|turn|8
|
|t:|1784676641
|move|p1a: Delphox|Protect|p1a: Delphox
|-singleturn|p1a: Delphox|Protect
|move|p2b: Incineroar|Fake Out|p1a: Delphox
|-activate|p1a: Delphox|move: Protect
|move|p1b: Basculegion|Aqua Jet|p2b: Incineroar
|-supereffective|p2b: Incineroar|1
|-damage|p2b: Incineroar|6/100
|move|p2a: Staraptor|Roost|p2a: Staraptor
|-heal|p2a: Staraptor|100/100
|-singleturn|p2a: Staraptor|move: Roost
|
|upkeep
|turn|9
|
|t:|1784676657
|move|p1b: Basculegion|Aqua Jet|p2b: Incineroar
|-supereffective|p2b: Incineroar|1
|-damage|p2b: Incineroar|0 fnt
|faint|p2b: Incineroar
|move|p1a: Delphox|Psychic|p2a: Staraptor
|-supereffective|p2a: Staraptor|1
|-damage|p2a: Staraptor|49/100
|move|p2a: Staraptor|Close Combat|p1a: Delphox
|-resisted|p1a: Delphox|1
|-damage|p1a: Delphox|0 fnt
|-boost|p2a: Staraptor|def|1
|-boost|p2a: Staraptor|spd|1
|faint|p1a: Delphox
|
|upkeep
|
|t:|1784676668
|switch|p1a: Meowscarada|Meowscarada, L50, F|100/100
|turn|10
|
|t:|1784676686
|move|p1b: Basculegion|Aqua Jet|p2a: Staraptor
|-damage|p2a: Staraptor|43/100
|move|p1a: Meowscarada|Flower Trick|p2a: Staraptor
|-start|p1a: Meowscarada|typechange|Grass|[from] ability: Protean
|-resisted|p2a: Staraptor|1
|-crit|p2a: Staraptor
|-damage|p2a: Staraptor|17/100
|move|p2a: Staraptor|Close Combat|p1a: Meowscarada
|-damage|p1a: Meowscarada|18/100
|-boost|p2a: Staraptor|def|1
|-boost|p2a: Staraptor|spd|1
|
|upkeep
|turn|11
|
|t:|1784676699
|move|p1b: Basculegion|Aqua Jet|p2a: Staraptor
|-damage|p2a: Staraptor|12/100
|move|p1a: Meowscarada|Flower Trick|p2a: Staraptor
|-resisted|p2a: Staraptor|1
|-crit|p2a: Staraptor
|-damage|p2a: Staraptor|0 fnt
|faint|p2a: Staraptor
|
|win|bpecina03
||tang de maracuja is ready for game 2.
||bpecina03 is ready for game 2.
|uhtml|next|Next: Game 2 of 3
