|j|☆marix_ou
|j|☆gallium1005
|html|marix_ougallium1005    
|uhtml|bestof|Game 1 of a best-of-3
|t:|1784170457
|gametype|doubles
|player|p1|marix_ou|wattson|1171
|player|p2|gallium1005|hilbert|1106
|gen|9
|tier|[Gen 9 Champions] VGC 2026 Reg M-B (Bo3)
|rated|
|rule|Species Clause: Limit one of each Pokémon
|rule|Item Clause: Limit 1 of each item
|clearpoke
|poke|p1|Charizard, L50, M|
|poke|p1|Grimmsnarl, L50, M|
|poke|p1|Pelipper, L50, M|
|poke|p1|Archaludon, L50, M|
|poke|p1|Basculegion, L50, M|
|poke|p1|Venusaur, L50, M|
|poke|p2|Swampert, L50, F|
|poke|p2|Archaludon, L50, M|
|poke|p2|Pelipper, L50, F|
|poke|p2|Sneasler, L50, F|
|poke|p2|Floette-Eternal, L50, F|
|poke|p2|Sinistcha, L50|
|teampreview|4
|showteam|p1|Charizard||CharizarditeY|Blaze|Protect,HeatWave,WeatherBall,SolarBeam|Modest||M|||50|]Grimmsnarl||LightClay|Prankster|SpiritBreak,Reflect,LightScreen,PartingShot|Sassy||M|||50|]Pelipper||SitrusBerry|Drizzle|Hurricane,WeatherBall,Tailwind,WideGuard|Modest||M|||50|]Archaludon||Leftovers|Stamina|Protect,ElectroShot,DragonPulse,FlashCannon|Calm||M|||50|]Basculegion||ChoiceScarf|Adaptability|FlipTurn,WaveCrash,AquaJet,LastRespects|Jolly||M|||50|]Venusaur||FocusSash|Chlorophyll|Protect,SleepPowder,SludgeBomb,EarthPower|Modest||M|||50|
|showteam|p2|Swampert||Swampertite|Torrent|WaveCrash,Earthquake,KnockOff,Protect|Adamant||F|||50|]Archaludon||Leftovers|Stamina|ElectroShot,DragonPulse,FlashCannon,Protect|Modest||M|||50|]Pelipper||FocusSash|Drizzle|Tailwind,Hurricane,WeatherBall,Protect|Timid||F|||50|]Sneasler||WhiteHerb|Unburden|FakeOut,DireClaw,CloseCombat,Protect|Jolly||F|||50|]Floette-Eternal||Floettite|FlowerVeil|DrainingKiss,DazzlingGleam,CalmMind,Protect|Modest||F|||50|]Sinistcha||SitrusBerry|Hospitality|MatchaGotcha,RagePowder,TrickRoom,Protect|Bold|||||50|
|inactive|Battle timer is ON: inactive players will automatically lose when time's up. (requested by marix_ou)
|
|t:|1784170504
|teamsize|p1|4
|teamsize|p2|4
|start
|switch|p1a: Grimmsnarl|Grimmsnarl, L50, M|100/100
|switch|p1b: Charizard|Charizard, L50, M|100/100
|switch|p2a: Archaludon|Archaludon, L50, M|100/100
|switch|p2b: Sneasler|Sneasler, L50, F|100/100
|turn|1
|inactive|marix_ou has 30 seconds left.
|inactive|gallium1005 has 30 seconds left.
|
|t:|1784170534
|detailschange|p1b: Charizard|Charizard-Mega-Y, L50, M
|-mega|p1b: Charizard|Charizard|Charizardite Y
|-weather|SunnyDay|[from] ability: Drought|[of] p1b: Charizard
|move|p2b: Sneasler|Fake Out|p1b: Charizard
|-damage|p1b: Charizard|84/100
|move|p1a: Grimmsnarl|Light Screen|p1a: Grimmsnarl
|-sidestart|p1: marix_ou|move: Light Screen
|cant|p1b: Charizard|flinch
|move|p2a: Archaludon|Dragon Pulse|p1b: Charizard
|-damage|p1b: Charizard|60/100
|
|-weather|SunnyDay|[upkeep]
|upkeep
|turn|2
|
|t:|1784170557
|switch|p2b: Pelipper|Pelipper, L50, F|100/100
|-weather|RainDance|[from] ability: Drizzle|[of] p2b: Pelipper
|move|p1b: Charizard|Heat Wave|p2a: Archaludon|[spread] p2a,p2b
|-resisted|p2b: Pelipper|1
|-damage|p2a: Archaludon|78/100
|-damage|p2b: Pelipper|80/100
|-ability|p2a: Archaludon|Stamina|boost
|-boost|p2a: Archaludon|def|1
|move|p2a: Archaludon|Electro Shot||[still]
|-prepare|p2a: Archaludon|Electro Shot
|-boost|p2a: Archaludon|spa|1
|-anim|p2a: Archaludon|Electro Shot|p1b: Charizard
|-supereffective|p1b: Charizard|1
|-damage|p1b: Charizard|0 fnt
|faint|p1b: Charizard
|move|p1a: Grimmsnarl|Spirit Break|p2a: Archaludon
|-damage|p2a: Archaludon|61/100
|-unboost|p2a: Archaludon|spa|1
|-ability|p2a: Archaludon|Stamina|boost
|-boost|p2a: Archaludon|def|1
|
|-weather|RainDance|[upkeep]
|-heal|p2a: Archaludon|68/100|[from] item: Leftovers
|upkeep
|
|t:|1784170575
|switch|p1b: Venusaur|Venusaur, L50, M|100/100
|turn|3
|
|t:|1784170591
|move|p2a: Archaludon|Protect|p2a: Archaludon
|-singleturn|p2a: Archaludon|Protect
|move|p1a: Grimmsnarl|Parting Shot|p2a: Archaludon
|-activate|p2a: Archaludon|move: Protect
|move|p1b: Venusaur|Sleep Powder|p2a: Archaludon
|-activate|p2a: Archaludon|move: Protect
|move|p2b: Pelipper|Tailwind|p2b: Pelipper
|-sidestart|p2: gallium1005|move: Tailwind
|
|-weather|RainDance|[upkeep]
|-heal|p2a: Archaludon|74/100|[from] item: Leftovers
|upkeep
|turn|4
|
|t:|1784170609
|move|p1a: Grimmsnarl|Parting Shot|p2a: Archaludon
|-unboost|p2a: Archaludon|atk|1
|-unboost|p2a: Archaludon|spa|1
|
|t:|1784170624
|switch|p1a: Basculegion|Basculegion, L50, M|100/100|[from] Parting Shot
|move|p2b: Pelipper|Hurricane|p1b: Venusaur
|-supereffective|p1b: Venusaur|1
|-damage|p1b: Venusaur|31/100
|move|p2a: Archaludon|Electro Shot||[still]
|-prepare|p2a: Archaludon|Electro Shot
|-boost|p2a: Archaludon|spa|1
|-anim|p2a: Archaludon|Electro Shot|p1b: Venusaur
|-resisted|p1b: Venusaur|1
|-damage|p1b: Venusaur|15/100
|move|p1b: Venusaur|Sleep Powder|p2a: Archaludon
|-status|p2a: Archaludon|slp|[from] move: Sleep Powder
|
|-weather|RainDance|[upkeep]
|-heal|p2a: Archaludon|80/100 slp|[from] item: Leftovers
|upkeep
|turn|5
|inactive|gallium1005 has 30 seconds left.
|inactive|marix_ou has 30 seconds left.
|
|t:|1784170658
|move|p2b: Pelipper|Hurricane|p1b: Venusaur
|-supereffective|p1b: Venusaur|1
|-damage|p1b: Venusaur|0 fnt
|faint|p1b: Venusaur
|cant|p2a: Archaludon|slp
|move|p1a: Basculegion|Last Respects|p2b: Pelipper
|-damage|p2b: Pelipper|0 fnt
|faint|p2b: Pelipper
|
|-weather|RainDance|[upkeep]
|-heal|p2a: Archaludon|86/100 slp|[from] item: Leftovers
|upkeep
|
|t:|1784170669
|switch|p1b: Grimmsnarl|Grimmsnarl, L50, M|100/100
|switch|p2b: Swampert|Swampert, L50, F|100/100
|turn|6
|
|t:|1784170682
|detailschange|p2b: Swampert|Swampert-Mega, L50, F
|-mega|p2b: Swampert|Swampert|Swampertite
|move|p1b: Grimmsnarl|Reflect|p1b: Grimmsnarl
|-sidestart|p1: marix_ou|Reflect
|move|p2b: Swampert|Knock Off|p1a: Basculegion
|-supereffective|p1a: Basculegion|1
|-damage|p1a: Basculegion|35/100
|-enditem|p1a: Basculegion|Choice Scarf|[from] move: Knock Off|[of] p2b: Swampert
|cant|p2a: Archaludon|slp
|move|p1a: Basculegion|Last Respects|p2b: Swampert
|-damage|p2b: Swampert|10/100
|
|-weather|none
|-heal|p2a: Archaludon|92/100 slp|[from] item: Leftovers
|-sideend|p2: gallium1005|move: Tailwind
|upkeep
|turn|7
|inactive|marix_ou has 30 seconds left.
|inactive|marix_ou has 20 seconds left.
|inactive|marix_ou has 15 seconds left.
|
|t:|1784170724
|move|p2b: Swampert|Protect|p2b: Swampert
|-singleturn|p2b: Swampert|Protect
|move|p1a: Basculegion|Aqua Jet|p2b: Swampert
|-activate|p2b: Swampert|move: Protect
|move|p1b: Grimmsnarl|Parting Shot|p2a: Archaludon
|-unboost|p2a: Archaludon|atk|1
|-unboost|p2a: Archaludon|spa|1
|-curestatus|p2a: Archaludon|slp|[msg]
|move|p2a: Archaludon|Dragon Pulse|p1a: Basculegion
|-damage|p1a: Basculegion|14/100
|
|-heal|p2a: Archaludon|98/100|[from] item: Leftovers
|upkeep
|turn|8
|inactive|gallium1005 has 30 seconds left.
|inactive|gallium1005 has 20 seconds left.
|inactive|gallium1005 has 15 seconds left.
|
|t:|1784170778
|move|p1a: Basculegion|Aqua Jet|p2b: Swampert
|-damage|p2b: Swampert|0 fnt
|faint|p2b: Swampert
|move|p2a: Archaludon|Dragon Pulse|p1a: Basculegion
|-damage|p1a: Basculegion|0 fnt
|faint|p1a: Basculegion
|move|p1b: Grimmsnarl|Spirit Break|p2a: Archaludon
|-damage|p2a: Archaludon|87/100
|-unboost|p2a: Archaludon|spa|1
|-ability|p2a: Archaludon|Stamina|boost
|-boost|p2a: Archaludon|def|1
|
|-heal|p2a: Archaludon|93/100|[from] item: Leftovers
|-sideend|p1: marix_ou|move: Light Screen
|upkeep
|
|t:|1784170791
|switch|p2b: Sneasler|Sneasler, L50, F|100/100
|turn|9
|-message|marix_ou forfeited.
|
|win|gallium1005
|l|☆marix_ou
|player|p1|
||marix_ou is ready for game 2.
||gallium1005 is ready for game 2.
|uhtml|next|Next: Game 2 of 3
