|j|☆helpimbadatthislol
|j|☆Butternut_Cream
|html|helpimbadatthislolButternut_Cream    
|uhtml|bestof|Game 2 of a best-of-3
|t:|1784072319
|gametype|doubles
|player|p1|helpimbadatthislol|rosa|1096
|player|p2|Butternut_Cream|lorelei-gen3|1000
|gen|9
|tier|[Gen 9 Champions] VGC 2026 Reg M-B (Bo3)
|rated|
|rule|Species Clause: Limit one of each Pokémon
|rule|Item Clause: Limit 1 of each item
|clearpoke
|poke|p1|Raichu, L50, M|
|poke|p1|Scizor, L50, F|
|poke|p1|Rotom-Wash, L50|
|poke|p1|Heliolisk, L50, M|
|poke|p1|Dedenne, L50, F|
|poke|p1|Dragonite, L50, F|
|poke|p2|Charizard, L50, M|
|poke|p2|Abomasnow, L50, M|
|poke|p2|Sneasler, L50, F|
|poke|p2|Aerodactyl, L50, F|
|poke|p2|Malamar, L50, M|
|poke|p2|Tauros-Paldea-Aqua, L50, M|
|teampreview|4
|showteam|p1|Raichu||RaichuniteY|LightningRod|ZapCannon,FakeOut,AlluringVoice,FocusBlast|Timid||M|||50|]Scizor||LifeOrb|Technician|BulletPunch,Uturn,CloseCombat,Protect|Adamant||F|||50|]Rotom-Wash||SitrusBerry|Levitate|HydroPump,Discharge,WillOWisp,VoltSwitch|Modest|||||50|]Heliolisk||ExpertBelt|SolarPower|Discharge,Glare,WeatherBall,HyperVoice|Modest||M|||50|]Dedenne||FocusSash|Pickup|Nuzzle,SuperFang,SunnyDay,Thunderbolt|Hasty||F|||50|]Dragonite||ChestoBerry|Multiscale|Rest,DragonClaw,ExtremeSpeed,Tailwind|Adamant||F|||50|
|showteam|p2|Charizard||CharizarditeY|Blaze|HeatWave,SolarBeam,Overheat,Protect|Timid||M|||50|]Abomasnow||Abomasite|SnowWarning|LeafStorm,Blizzard,IceShard,Protect|Modest||M|||50|]Sneasler||WhiteHerb|Unburden|FakeOut,CloseCombat,DireClaw,Protect|Jolly||F|||50|]Aerodactyl||FocusSash|Unnerve|RockSlide,DualWingbeat,WideGuard,Tailwind|Jolly||F|||50|]Malamar||ChoiceScarf|Contrary|Superpower,SkillSwap,DestinyBond,TopsyTurvy|Jolly||M|||50|]Tauros-Paldea-Aqua||SitrusBerry|Intimidate|WaveCrash,AquaJet,CloseCombat,Protect|Adamant||M|||50|
|
|t:|1784072348
|teamsize|p1|4
|teamsize|p2|4
|start
|switch|p1a: Raichu|Raichu, L50, M|100/100
|switch|p1b: Rotom|Rotom-Wash, L50|100/100
|switch|p2a: Abomasnow|Abomasnow, L50, M|100/100
|switch|p2b: Sneasler|Sneasler, L50, F|100/100
|-weather|Snowscape|[from] ability: Snow Warning|[of] p2a: Abomasnow
|turn|1
|
|t:|1784072385
|detailschange|p1a: Raichu|Raichu-Mega-Y, L50, M
|-mega|p1a: Raichu|Raichu|Raichunite Y
|detailschange|p2a: Abomasnow|Abomasnow-Mega, L50, M
|-mega|p2a: Abomasnow|Abomasnow|Abomasite
|move|p2b: Sneasler|Protect|p2b: Sneasler
|-singleturn|p2b: Sneasler|Protect
|move|p1a: Raichu|Fake Out|p2b: Sneasler
|-activate|p2b: Sneasler|move: Protect
|move|p1b: Rotom|Will-O-Wisp|p2b: Sneasler
|-activate|p2b: Sneasler|move: Protect
|move|p2a: Abomasnow|Leaf Storm|p1b: Rotom
|-supereffective|p1b: Rotom|1
|-damage|p1b: Rotom|0 fnt
|-unboost|p2a: Abomasnow|spa|2
|faint|p1b: Rotom
|
|-weather|Snowscape|[upkeep]
|upkeep
|
|t:|1784072397
|switch|p1b: Scizor|Scizor, L50, F|100/100
|turn|2
|
|t:|1784072415
|switch|p2a: Charizard|Charizard, L50, M|100/100
|move|p1a: Raichu|Zap Cannon|p2b: Sneasler
|-damage|p2b: Sneasler|11/100
|-status|p2b: Sneasler|par
|move|p2b: Sneasler|Close Combat|p1b: Scizor
|-damage|p1b: Scizor|38/100
|-unboost|p2b: Sneasler|def|1
|-unboost|p2b: Sneasler|spd|1
|-enditem|p2b: Sneasler|White Herb
|-clearnegativeboost|p2b: Sneasler|[silent]
|move|p1b: Scizor|U-turn|p2a: Charizard
|-resisted|p2a: Charizard|2
|-damage|p2a: Charizard|82/100
|-damage|p1b: Scizor|29/100|[from] item: Life Orb
|
|t:|1784072422
|switch|p1b: Dragonite|Dragonite, L50, F|100/100|[from] U-turn
|
|-weather|Snowscape|[upkeep]
|upkeep
|turn|3
|
|t:|1784072444
|move|p2a: Charizard|Protect|p2a: Charizard
|-singleturn|p2a: Charizard|Protect
|move|p1a: Raichu|Zap Cannon|p2a: Charizard
|-activate|p2a: Charizard|move: Protect
|move|p2b: Sneasler|Close Combat|p1b: Dragonite
|-resisted|p1b: Dragonite|1
|-damage|p1b: Dragonite|86/100
|-unboost|p2b: Sneasler|def|1
|-unboost|p2b: Sneasler|spd|1
|move|p1b: Dragonite|Dragon Claw|p2b: Sneasler
|-damage|p2b: Sneasler|0 fnt
|faint|p2b: Sneasler
|
|-weather|Snowscape|[upkeep]
|upkeep
|
|t:|1784072462
|switch|p2b: Aerodactyl|Aerodactyl, L50, F|100/100
|-ability|p2b: Aerodactyl|Unnerve
|turn|4
|
|t:|1784072484
|move|p2b: Aerodactyl|Tailwind|p2b: Aerodactyl
|-sidestart|p2: Butternut_Cream|move: Tailwind
|move|p2a: Charizard|Heat Wave|p1b: Dragonite|[spread] p1a,p1b
|-resisted|p1b: Dragonite|1
|-damage|p1a: Raichu|46/100
|-damage|p1b: Dragonite|71/100
|move|p1a: Raichu|Zap Cannon|p2a: Charizard
|-supereffective|p2a: Charizard|1
|-damage|p2a: Charizard|0 fnt
|faint|p2a: Charizard
|move|p1b: Dragonite|Tailwind|p1b: Dragonite
|-sidestart|p1: helpimbadatthislol|move: Tailwind
|
|-weather|Snowscape|[upkeep]
|upkeep
|
|t:|1784072493
|switch|p2a: Abomasnow|Abomasnow-Mega, L50, M|100/100
|turn|5
|
|t:|1784072511
|move|p1b: Dragonite|Extreme Speed|p2a: Abomasnow
|-damage|p2a: Abomasnow|80/100
|move|p2a: Abomasnow|Ice Shard|p1b: Dragonite
|-supereffective|p1b: Dragonite|2
|-damage|p1b: Dragonite|12/100
|move|p2b: Aerodactyl|Rock Slide|p1b: Dragonite|[spread] p1a,p1b
|-supereffective|p1b: Dragonite|1
|-damage|p1a: Raichu|0 fnt
|-damage|p1b: Dragonite|0 fnt
|faint|p1a: Raichu
|faint|p1b: Dragonite
|
|-weather|none
|upkeep
|
|t:|1784072517
|switch|p1b: Scizor|Scizor, L50, F|29/100
|turn|6
|
|t:|1784072537
|move|p1b: Scizor|Bullet Punch|p2a: Abomasnow
|-supereffective|p2a: Abomasnow|1
|-damage|p2a: Abomasnow|0 fnt
|faint|p2a: Abomasnow
|-damage|p1b: Scizor|19/100|[from] item: Life Orb
|move|p2b: Aerodactyl|Dual Wingbeat|p1b: Scizor
|-damage|p1b: Scizor|2/100
|-damage|p1b: Scizor|0 fnt
|faint|p1b: Scizor
|-hitcount|p1: Scizor|2
|
|win|Butternut_Cream
