|j|☆282839393m
|j|☆APurpleBot
|html|282839393mAPurpleBot    
|uhtml|bestof|Game 1 of a best-of-3
|t:|1783946208
|gametype|doubles
|player|p1|282839393m|102|1094
|player|p2|APurpleBot|dawn-gen4pt|1002
|gen|9
|tier|[Gen 9 Champions] VGC 2026 Reg M-B (Bo3)
|rated|
|rule|Species Clause: Limit one of each Pokémon
|rule|Item Clause: Limit 1 of each item
|clearpoke
|poke|p1|Gengar, L50, M|
|poke|p1|Basculegion, L50, M|
|poke|p1|Incineroar, L50, M|
|poke|p1|Politoed, L50, M|
|poke|p1|Archaludon, L50, M|
|poke|p1|Vivillon-Pokeball, L50, M|
|poke|p2|Kangaskhan, L50, F|
|poke|p2|Blaziken, L50, M|
|poke|p2|Decidueye-Hisui, L50, F|
|poke|p2|Raichu, L50, F|
|poke|p2|Kleavor, L50, M|
|poke|p2|Barbaracle, L50, F|
|teampreview|4
|showteam|p1|Gengar||Gengarite|CursedBody|Protect,ShadowBall,Disable,PerishSong|Calm||M|||50|]Basculegion||MysticWater|SwiftSwim|WaveCrash,LastRespects,FlipTurn,Protect|Adamant||M|||50|]Incineroar||PasshoBerry|Intimidate|FakeOut,PartingShot,Protect,ThroatChop|Impish||M|||50|]Politoed||SitrusBerry|Drizzle|PerishSong,Protect,Encore,WeatherBall|Calm||M|||50|]Archaludon||Magnet|Sturdy|ElectroShot,Protect,FlashCannon,DragonPulse|Timid||M|||50|]Vivillon-Pokeball||FocusSash|CompoundEyes|SleepPowder,Tailwind,Protect,PollenPuff|Jolly||M|||50|
|showteam|p2|Kangaskhan||Kangaskhanite|InnerFocus|DoubleEdge,Protect,FakeOut,DrainPunch|Jolly||F|||50|]Blaziken||ExpertBelt|SpeedBoost|HeatWave,Protect,ScorchingSands,AuraSphere|Modest||M|||50|]Decidueye-Hisui||ScopeLens|Scrappy|TripleArrows,LeafBlade,Tailwind,BrickBreak|Adamant||F|||50|]Raichu||RaichuniteX|LightningRod|FakeOut,VoltTackle,Feint,PlayRough|Jolly||F|||50|]Kleavor||FocusSash|Sharpness|Tailwind,RockSlide,XScissor,Uturn|Jolly||M|||50|]Barbaracle||WhiteHerb|ToughClaws|ShellSmash,Earthquake,Taunt,Liquidation|Adamant||F|||50|
|
|t:|1783946239
|teamsize|p1|4
|teamsize|p2|4
|start
|switch|p1a: Gengar|Gengar, L50, M|100/100
|switch|p1b: Incineroar|Incineroar, L50, M|100/100
|switch|p2a: Blaziken|Blaziken, L50, M|100/100
|switch|p2b: Decidueye|Decidueye-Hisui, L50, F|100/100
|-ability|p1b: Incineroar|Intimidate|boost
|-unboost|p2a: Blaziken|atk|1
|-fail|p2b: Decidueye|unboost|Attack|[from] ability: Scrappy|[of] p2b: Decidueye
|turn|1
|inactive|Battle timer is ON: inactive players will automatically lose when time's up. (requested by 282839393m)
|
|t:|1783946287
|detailschange|p1a: Gengar|Gengar-Mega, L50, M
|-mega|p1a: Gengar|Gengar|Gengarite
|move|p2a: Blaziken|Protect|p2a: Blaziken
|-singleturn|p2a: Blaziken|Protect
|move|p1b: Incineroar|Fake Out|p2b: Decidueye
|-damage|p2b: Decidueye|89/100
|move|p1a: Gengar|Perish Song|p1a: Gengar
|-start|p1a: Gengar|perish3|[silent]
|-start|p1b: Incineroar|perish3|[silent]
|-start|p2a: Blaziken|perish3|[silent]
|-start|p2b: Decidueye|perish3|[silent]
|-fieldactivate|move: Perish Song
|cant|p2b: Decidueye|flinch
|
|-start|p1a: Gengar|perish3
|-start|p2a: Blaziken|perish3
|-start|p2b: Decidueye|perish3
|-start|p1b: Incineroar|perish3
|-ability|p2a: Blaziken|Speed Boost|boost
|-boost|p2a: Blaziken|spe|1
|upkeep
|turn|2
|
|t:|1783946306
|move|p1a: Gengar|Protect|p1a: Gengar
|-singleturn|p1a: Gengar|Protect
|move|p1b: Incineroar|Protect|p1b: Incineroar
|-singleturn|p1b: Incineroar|Protect
|move|p2a: Blaziken|Scorching Sands|p1b: Incineroar
|-activate|p1b: Incineroar|move: Protect
|move|p2b: Decidueye|Triple Arrows|p1a: Gengar
|-activate|p1a: Gengar|move: Protect
|
|-start|p2a: Blaziken|perish2
|-start|p1a: Gengar|perish2
|-start|p1b: Incineroar|perish2
|-start|p2b: Decidueye|perish2
|-ability|p2a: Blaziken|Speed Boost|boost
|-boost|p2a: Blaziken|spe|1
|upkeep
|turn|3
|c|☆282839393m|Modest blaziken is something new for me
|inactive|282839393m has 30 seconds left.
|c|☆APurpleBot|Unlike incin lead so yea
|inactive|282839393m has 20 seconds left.
|inactive|282839393m has 15 seconds left.
|inactive|282839393m has 10 seconds left.
|inactive|282839393m has 5 seconds left.
|
|t:|1783946356
|switch|p1a: Politoed|Politoed, L50, M|100/100
|-weather|RainDance|[from] ability: Drizzle|[of] p1a: Politoed
|move|p2a: Blaziken|Scorching Sands|p1b: Incineroar
|-supereffective|p1b: Incineroar|1
|-damage|p1b: Incineroar|52/100
|move|p1b: Incineroar|Parting Shot|p2a: Blaziken
|-unboost|p2a: Blaziken|atk|1
|-unboost|p2a: Blaziken|spa|1
|
|t:|1783946367
|switch|p1b: Gengar|Gengar-Mega, L50, M|100/100|[from] Parting Shot
|move|p2b: Decidueye|Triple Arrows|p1a: Politoed
|-crit|p1a: Politoed
|-damage|p1a: Politoed|23/100
|-enditem|p1a: Politoed|Sitrus Berry|[eat]
|-heal|p1a: Politoed|48/100|[from] item: Sitrus Berry
|
|-weather|RainDance|[upkeep]
|-start|p2a: Blaziken|perish1
|-start|p2b: Decidueye|perish1
|-ability|p2a: Blaziken|Speed Boost|boost
|-boost|p2a: Blaziken|spe|1
|upkeep
|turn|4
|
|t:|1783946381
|move|p1b: Gengar|Protect|p1b: Gengar
|-singleturn|p1b: Gengar|Protect
|move|p1a: Politoed|Protect|p1a: Politoed
|-singleturn|p1a: Politoed|Protect
|move|p2a: Blaziken|Scorching Sands|p1b: Gengar
|-activate|p1b: Gengar|move: Protect
|move|p2b: Decidueye|Leaf Blade|p1a: Politoed
|-activate|p1a: Politoed|move: Protect
|
|-weather|RainDance|[upkeep]
|-start|p2a: Blaziken|perish0
|-start|p2b: Decidueye|perish0
|faint|p2a: Blaziken
|faint|p2b: Decidueye
|upkeep
|
|t:|1783946383
|switch|p2a: Kangaskhan|Kangaskhan, L50, F|100/100
|switch|p2b: Raichu|Raichu, L50, F|100/100
|turn|5
|inactive|APurpleBot has 30 seconds left.
|inactive|282839393m has 30 seconds left.
|inactive|APurpleBot has 20 seconds left.
|
|t:|1783946422
|switch|p1a: Incineroar|Incineroar, L50, M|52/100
|-ability|p1a: Incineroar|Intimidate|boost
|-fail|p2a: Kangaskhan|unboost|Attack|[from] ability: Inner Focus|[of] p2a: Kangaskhan
|-unboost|p2b: Raichu|atk|1
|detailschange|p2b: Raichu|Raichu-Mega-X, L50, F
|-mega|p2b: Raichu|Raichu|Raichunite X
|-fieldstart|move: Electric Terrain|[from] ability: Electric Surge|[of] p2b: Raichu
|move|p2a: Kangaskhan|Fake Out|p1a: Incineroar
|-damage|p1a: Incineroar|37/100
|move|p2b: Raichu|Volt Tackle|p1b: Gengar
|-damage|p1b: Gengar|38/100
|-damage|p2b: Raichu|75/100|[from] Recoil
|move|p1b: Gengar|Perish Song|p1b: Gengar
|-start|p1a: Incineroar|perish3|[silent]
|-start|p1b: Gengar|perish3|[silent]
|-start|p2a: Kangaskhan|perish3|[silent]
|-start|p2b: Raichu|perish3|[silent]
|-fieldactivate|move: Perish Song
|
|-weather|RainDance|[upkeep]
|-start|p2b: Raichu|perish3
|-start|p1b: Gengar|perish3
|-start|p2a: Kangaskhan|perish3
|-start|p1a: Incineroar|perish3
|upkeep
|turn|6
|inactive|282839393m has 30 seconds left.
|inactive|APurpleBot has 30 seconds left.
|
|t:|1783946451
|move|p1b: Gengar|Protect|p1b: Gengar
|-singleturn|p1b: Gengar|Protect
|move|p1a: Incineroar|Fake Out|p2b: Raichu
|-damage|p2b: Raichu|62/100
|cant|p2b: Raichu|flinch
|move|p2a: Kangaskhan|Drain Punch|p1a: Incineroar
|-supereffective|p1a: Incineroar|1
|-damage|p1a: Incineroar|4/100
|
|-weather|RainDance|[upkeep]
|-start|p2b: Raichu|perish2
|-start|p1b: Gengar|perish2
|-start|p2a: Kangaskhan|perish2
|-start|p1a: Incineroar|perish2
|upkeep
|turn|7
|
|t:|1783946475
|move|p1b: Gengar|Protect||[still]
|-fail|p1b: Gengar
|move|p1a: Incineroar|Protect|p1a: Incineroar
|-singleturn|p1a: Incineroar|Protect
|move|p2b: Raichu|Feint|p1a: Incineroar
|-activate|p1a: Incineroar|move: Feint
|-damage|p1a: Incineroar|0 fnt
|faint|p1a: Incineroar
|move|p2a: Kangaskhan|Drain Punch|p1b: Gengar
|-immune|p1b: Gengar
|
|-weather|none
|-start|p2b: Raichu|perish1
|-start|p1b: Gengar|perish1
|-start|p2a: Kangaskhan|perish1
|upkeep
|
|t:|1783946481
|switch|p1a: Politoed|Politoed, L50, M|48/100
|-weather|RainDance|[from] ability: Drizzle|[of] p1a: Politoed
|turn|8
|
|t:|1783946491
|switch|p1b: Basculegion|Basculegion, L50, M|100/100
|move|p1a: Politoed|Protect|p1a: Politoed
|-singleturn|p1a: Politoed|Protect
|move|p2b: Raichu|Feint|p1a: Politoed
|-activate|p1a: Politoed|move: Feint
|-damage|p1a: Politoed|40/100
|move|p2a: Kangaskhan|Double-Edge|p1a: Politoed
|-damage|p1a: Politoed|0 fnt
|faint|p1a: Politoed
|-damage|p2a: Kangaskhan|85/100|[from] Recoil
|
|-weather|RainDance|[upkeep]
|-start|p2b: Raichu|perish0
|-start|p2a: Kangaskhan|perish0
|faint|p2b: Raichu
|faint|p2a: Kangaskhan
|
|win|282839393m
||282839393m is ready for game 2.
|inactive|APurpleBot has 30 seconds to confirm battle start!
||APurpleBot is ready for game 2.
|uhtml|next|Next: Game 2 of 3
|l|☆APurpleBot
|player|p2|
|l|☆282839393m
|player|p1|
|j|☆282839393m
|player|p1|282839393m|102|
