|j|☆LastHorzion
|j|☆LeonardPlayz
|html|LastHorzionLeonardPlayz    
|uhtml|bestof|Game 3 of a best-of-3
|t:|1755312514
|gametype|doubles
|player|p1|LastHorzion|steven|1258
|player|p2|LeonardPlayz|hilbert-wonderlauncher|1264
|gen|9
|tier|[Gen 9] VGC 2025 Reg H (Bo3)
|rated|
|rule|Species Clause: Limit one of each Pokémon
|rule|Item Clause: Limit 1 of each item
|clearpoke
|poke|p1|Sneasler, L50, F|
|poke|p1|Indeedee, L50, M|
|poke|p1|Ursaluna-Bloodmoon, L50, M|
|poke|p1|Whimsicott, L50, F|
|poke|p1|Typhlosion-Hisui, L50, M|
|poke|p1|Dragonite, L50, M|
|poke|p2|Murkrow, L50, M|
|poke|p2|Gholdengo, L50|
|poke|p2|Rillaboom, L50, M|
|poke|p2|Clefable, L50, F|
|poke|p2|Annihilape, L50, M|
|poke|p2|Lanturn, L50, F|
|teampreview|4
|showteam|p1|Sneasler||PsychicSeed|Unburden|CloseCombat,DireClaw,ThroatChop,Protect|||F|||50|,,,,,Dark]Indeedee||FocusSash|PsychicSurge|ExpandingForce,TeraBlast,Imprison,TrickRoom|||M|||50|,,,,,Ground]Ursaluna-Bloodmoon||LifeOrb|MindsEye|BloodMoon,EarthPower,HyperVoice,Protect|||M|||50|,,,,,Normal]Whimsicott||CovertCloak|Prankster|Tailwind,Moonblast,Encore,SunnyDay|||F|||50|,,,,,Water]Typhlosion-Hisui||ChoiceScarf|Blaze|Eruption,Curse,HeatWave,ShadowBall|||M|||50|,,,,,Fire]Dragonite||LoadedDice|Multiscale|ScaleShot,StompingTantrum,Haze,Protect|||M|||50|,,,,,Fairy
|showteam|p2|Murkrow||Eviolite|Prankster|Tailwind,FoulPlay,Haze,IcyWind|||M|||50|,,,,,Ghost]Gholdengo||ChoiceSpecs|GoodasGold|MakeItRain,ShadowBall,DazzlingGleam,Thunderbolt||||||50|,,,,,Fairy]Rillaboom||AssaultVest|GrassySurge|FakeOut,GrassyGlide,WoodHammer,Uturn|||M|||50|,,,,,Fire]Clefable||SafetyGoggles|Unaware|FollowMe,Moonblast,AfterYou,Protect|||F|||50|,,,,,Dark]Annihilape||Leftovers|Defiant|RageFist,DrainPunch,BulkUp,Protect|||M|||50|,,,,,Fire]Lanturn||LifeOrb|VoltAbsorb|IceBeam,Thunderbolt,Scald,Protect|||F|||50|,,,,,Flying
|inactive|Battle timer is ON: inactive players will automatically lose when time's up. (requested by LastHorzion)
|inactive|LeonardPlayz also wants the timer to be on.
|
|t:|1755312533
|teamsize|p1|4
|teamsize|p2|4
|start
|switch|p1a: Whimsicott|Whimsicott, L50, F, shiny|100/100
|switch|p1b: Typhlosion|Typhlosion-Hisui, L50, M, shiny|100/100
|switch|p2a: Business|Rillaboom, L50, M|100/100
|switch|p2b: Bit|Gholdengo, L50|100/100
|-fieldstart|move: Grassy Terrain|[from] ability: Grassy Surge|[of] p2a: Business
|turn|1
|
|t:|1755312553
|switch|p2b: Inturnet|Lanturn, L50, F|100/100
|-terastallize|p2a: Business|Fire
|move|p1a: Whimsicott|Sunny Day|p1a: Whimsicott
|-weather|SunnyDay
|move|p1b: Typhlosion|Eruption|p2b: Inturnet|[spread] p2a,p2b
|-resisted|p2a: Business
|-resisted|p2b: Inturnet
|-damage|p2a: Business|66/100
|-damage|p2b: Inturnet|54/100
|move|p2a: Business|Wood Hammer|p1b: Typhlosion
|-resisted|p1b: Typhlosion
|-damage|p1b: Typhlosion|38/100
|-damage|p2a: Business|51/100|[from] Recoil
|
|-weather|SunnyDay|[upkeep]
|-heal|p1b: Typhlosion|44/100|[from] Grassy Terrain
|-heal|p2b: Inturnet|60/100|[from] Grassy Terrain
|-heal|p2a: Business|57/100|[from] Grassy Terrain
|upkeep
|turn|2
|inactive|LastHorzion has 30 seconds left.
|inactive|LeonardPlayz has 30 seconds left.
|
|t:|1755312587
|switch|p1b: Indeedee|Indeedee, L50, M, shiny|100/100
|-fieldstart|move: Psychic Terrain|[from] ability: Psychic Surge|[of] p1b: Indeedee
|move|p1a: Whimsicott|Tailwind|p1a: Whimsicott
|-sidestart|p1: LastHorzion|move: Tailwind
|move|p2b: Inturnet|Ice Beam|p1a: Whimsicott
|-supereffective|p1a: Whimsicott
|-crit|p1a: Whimsicott
|-damage|p1a: Whimsicott|0 fnt
|faint|p1a: Whimsicott
|-damage|p2b: Inturnet|50/100|[from] item: Life Orb
|move|p2a: Business|Wood Hammer|p1b: Indeedee
|-enditem|p1b: Indeedee|Focus Sash
|-damage|p1b: Indeedee|1/100
|-damage|p2a: Business|35/100|[from] Recoil
|
|-weather|SunnyDay|[upkeep]
|upkeep
|inactive|LastHorzion has 30 seconds left.
|inactive|LastHorzion has 20 seconds left.
|
|t:|1755312625
|switch|p1a: Sneasler|Sneasler, L50, F, shiny|100/100
|-enditem|p1a: Sneasler|Psychic Seed
|-boost|p1a: Sneasler|spd|1|[from] item: Psychic Seed
|turn|3
|
|t:|1755312638
|switch|p2a: Bit|Gholdengo, L50|100/100
|move|p1a: Sneasler|Throat Chop|p2b: Inturnet
|-damage|p2b: Inturnet|14/100
|-start|p2b: Inturnet|Throat Chop|[silent]
|move|p1b: Indeedee|Expanding Force|p2a: Bit|[spread] p2a,p2b
|-resisted|p2a: Bit
|-damage|p2a: Bit|67/100
|-damage|p2b: Inturnet|0 fnt
|faint|p2b: Inturnet
|
|-weather|SunnyDay|[upkeep]
|upkeep
|
|t:|1755312645
|switch|p2b: Business|Rillaboom, L50, M, tera:Fire|35/100
|-fieldstart|move: Grassy Terrain|[from] ability: Grassy Surge|[of] p2b: Business
|turn|4
|inactive|LastHorzion has 30 seconds left.
|inactive|LastHorzion has 20 seconds left.
|inactive|LastHorzion has 15 seconds left.
|inactive|LastHorzion has 10 seconds left.
|inactive|LeonardPlayz has 30 seconds left.
|
|t:|1755312693
|-terastallize|p1a: Sneasler|Dark
|move|p2b: Business|Fake Out|p1a: Sneasler
|-damage|p1a: Sneasler|78/100
|cant|p1a: Sneasler|flinch
|move|p1b: Indeedee|Expanding Force|p2b: Business
|-damage|p2b: Business|8/100
|move|p2a: Bit|Make It Rain|p1b: Indeedee|[spread] p1a,p1b
|-damage|p1a: Sneasler|23/100
|-damage|p1b: Indeedee|0 fnt
|-unboost|p2a: Bit|spa|1
|faint|p1b: Indeedee
|
|-weather|SunnyDay|[upkeep]
|-heal|p1a: Sneasler|29/100|[from] Grassy Terrain
|-heal|p2a: Bit|73/100|[from] Grassy Terrain
|-heal|p2b: Business|14/100|[from] Grassy Terrain
|upkeep
|
|t:|1755312698
|switch|p1b: Typhlosion|Typhlosion-Hisui, L50, M, shiny|44/100
|turn|5
|
|t:|1755312721
|move|p2b: Business|Grassy Glide|p1a: Sneasler
|-damage|p1a: Sneasler|0 fnt
|faint|p1a: Sneasler
|move|p1b: Typhlosion|Shadow Ball|p2a: Bit
|-supereffective|p2a: Bit
|-damage|p2a: Bit|0 fnt
|faint|p2a: Bit
|
|-weather|none
|-heal|p1b: Typhlosion|50/100|[from] Grassy Terrain
|-heal|p2b: Business|20/100|[from] Grassy Terrain
|-sideend|p1: LastHorzion|move: Tailwind
|upkeep
|
|t:|1755312725
|switch|p2a: Dark Web|Annihilape, L50, M|100/100
|turn|6
|
|t:|1755312731
|move|p1b: Typhlosion|Shadow Ball|p2a: Dark Web
|-supereffective|p2a: Dark Web
|-damage|p2a: Dark Web|17/100
|move|p2a: Dark Web|Rage Fist|p1b: Typhlosion
|-supereffective|p1b: Typhlosion
|-crit|p1b: Typhlosion
|-damage|p1b: Typhlosion|0 fnt
|faint|p1b: Typhlosion
|
|win|LeonardPlayz
|raw|LastHorzion's rating: 1258 → 1233(-25 for losing)
|raw|LeonardPlayz's rating: 1264 → 1289(+25 for winning)
|l|☆LeonardPlayz
|player|p2|
