|j|☆bennoVGC
|j|☆lux raymundi
|html|bennoVGClux raymundi    
|uhtml|bestof|Game 1 of a best-of-3
|t:|1786202636
|gametype|doubles
|player|p1|bennoVGC|101|1245
|player|p2|lux raymundi|1|1317
|gen|9
|tier|[Gen 9 Champions] VGC 2026 Reg M-B (Bo3)
|rated|
|rule|Species Clause: Limit one of each Pokémon
|rule|Item Clause: Limit 1 of each item
|clearpoke
|poke|p1|Farigiraf, L50, F|
|poke|p1|Whimsicott, L50, M|
|poke|p1|Typhlosion-Hisui, L50, M|
|poke|p1|Primarina, L50, M|
|poke|p1|Metagross, L50|
|poke|p1|Kommo-o, L50, F|
|poke|p2|Staraptor, L50, M|
|poke|p2|Arcanine-Hisui, L50, M|
|poke|p2|Kingambit, L50, M|
|poke|p2|Raichu, L50, F|
|poke|p2|Farigiraf, L50, M|
|poke|p2|Sylveon, L50, M|
|teampreview|4
|showteam|p1|Farigiraf||SilkScarf|ArmorTail|HelpingHand,HyperVoice,TrickRoom,Psychic|Modest||F|||50|]Whimsicott||FocusSash|Prankster|Protect,SunnyDay,Tailwind,Moonblast|Timid||M|||50|]Typhlosion-Hisui||LifeOrb|Blaze|Protect,Eruption,ShadowBall,HeatWave|Modest||M|||50|]Primarina||MysticWater|LiquidVoice|Protect,HyperVoice,DazzlingGleam,Moonblast|Modest||M|||50|]Metagross||Metagrossite|ClearBody|Protect,IronHead,StompingTantrum,PsychicFangs|Jolly|||||50|]Kommo-o||Leftovers|Soundproof|Protect,ClangorousSoul,ClangingScales,AuraSphere|Modest||F|||50|
|showteam|p2|Staraptor||Staraptite|Intimidate|DualWingbeat,CloseCombat,Tailwind,Protect|Jolly||M|||50|]Arcanine-Hisui||FocusSash|RockHead|FlareBlitz,HeadSmash,ExtremeSpeed,Protect|Jolly||M|||50|]Kingambit||LifeOrb|Defiant|KowtowCleave,SuckerPunch,SwordsDance,Protect|Adamant||M|||50|]Raichu||RaichuniteY|LightningRod|ZapCannon,FocusBlast,FakeOut,Protect|Timid||F|||50|]Farigiraf||SitrusBerry|ArmorTail|Psychic,HelpingHand,TrickRoom,Protect|Calm||M|||50|]Sylveon||FairyFeather|Pixilate|HyperVoice,HyperBeam,QuickAttack,Detect|Modest||M|||50|
|inactive|Battle timer is ON: inactive players will automatically lose when time's up. (requested by bennoVGC)
|inactive|lux raymundi has 60 seconds left.
|
|t:|1786202739
|teamsize|p1|4
|teamsize|p2|4
|start
|switch|p1a: Whimsicott|Whimsicott, L50, M|100/100
|switch|p1b: Primarina|Primarina, L50, M|100/100
|switch|p2a: Raichu|Raichu, L50, F|100/100
|switch|p2b: Arcanine|Arcanine-Hisui, L50, M|100/100
|turn|1
|
|t:|1786202757
|detailschange|p2a: Raichu|Raichu-Mega-Y, L50, F
|-mega|p2a: Raichu|Raichu|Raichunite Y
|move|p1a: Whimsicott|Protect|p1a: Whimsicott
|-singleturn|p1a: Whimsicott|Protect
|move|p1b: Primarina|Protect|p1b: Primarina
|-singleturn|p1b: Primarina|Protect
|move|p2a: Raichu|Fake Out|p1b: Primarina
|-activate|p1b: Primarina|move: Protect
|move|p2b: Arcanine|Head Smash|p1b: Primarina
|-activate|p1b: Primarina|move: Protect
|
|upkeep
|turn|2
|
|t:|1786202768
|move|p2b: Arcanine|Protect|p2b: Arcanine
|-singleturn|p2b: Arcanine|Protect
|move|p1a: Whimsicott|Tailwind|p1a: Whimsicott
|-sidestart|p1: bennoVGC|move: Tailwind
|move|p1b: Primarina|Hyper Voice|p2a: Raichu|[spread] p2a
|-activate|p2b: Arcanine|move: Protect
|-damage|p2a: Raichu|35/100
|move|p2a: Raichu|Zap Cannon|p1b: Primarina
|-supereffective|p1b: Primarina|1
|-damage|p1b: Primarina|0 fnt
|faint|p1b: Primarina
|
|upkeep
|
|t:|1786202780
|switch|p1b: Typhlosion|Typhlosion-Hisui, L50, M|100/100
|turn|3
|
|t:|1786202801
|switch|p2a: Kingambit|Kingambit, L50, M|100/100
|move|p1b: Typhlosion|Protect|p1b: Typhlosion
|-singleturn|p1b: Typhlosion|Protect
|move|p1a: Whimsicott|Moonblast|p2a: Kingambit
|-damage|p2a: Kingambit|63/100
|move|p2b: Arcanine|Head Smash|p1b: Typhlosion
|-activate|p1b: Typhlosion|move: Protect
|
|upkeep
|turn|4
|
|t:|1786202818
|switch|p1a: Farigiraf|Farigiraf, L50, F|100/100
|move|p2b: Arcanine|Extreme Speed||[still]
|cant|p1a: Farigiraf|ability: Armor Tail|Extreme Speed|[of] p2b: Arcanine
|move|p2a: Kingambit|Sucker Punch||[still]
|cant|p1a: Farigiraf|ability: Armor Tail|Sucker Punch|[of] p2a: Kingambit
|move|p1b: Typhlosion|Eruption|p2a: Kingambit|[spread] p2a,p2b
|-supereffective|p2a: Kingambit|1
|-resisted|p2b: Arcanine|2
|-damage|p2a: Kingambit|0 fnt
|-damage|p2b: Arcanine|74/100
|faint|p2a: Kingambit
|-damage|p1b: Typhlosion|90/100|[from] item: Life Orb
|
|upkeep
|
|t:|1786202823
|switch|p2a: Sylveon|Sylveon, L50, M|100/100
|turn|5
|inactive|bennoVGC has 30 seconds left.
|inactive|bennoVGC has 20 seconds left.
|
|t:|1786202862
|move|p1b: Typhlosion|Eruption|p2a: Sylveon|[spread] p2a,p2b
|-resisted|p2b: Arcanine|2
|-damage|p2a: Sylveon|42/100
|-damage|p2b: Arcanine|51/100
|-damage|p1b: Typhlosion|81/100|[from] item: Life Orb
|move|p1a: Farigiraf|Hyper Voice|p2b: Arcanine|[spread] p2a,p2b
|-resisted|p2b: Arcanine|1
|-damage|p2a: Sylveon|9/100
|-damage|p2b: Arcanine|27/100
|move|p2b: Arcanine|Flare Blitz|p1a: Farigiraf
|-damage|p1a: Farigiraf|41/100
|move|p2a: Sylveon|Hyper Voice|p1b: Typhlosion|[spread] p1a,p1b
|-resisted|p1b: Typhlosion|1
|-damage|p1a: Farigiraf|0 fnt
|-damage|p1b: Typhlosion|49/100
|faint|p1a: Farigiraf
|
|-sideend|p1: bennoVGC|move: Tailwind
|upkeep
|
|t:|1786202870
|switch|p1a: Whimsicott|Whimsicott, L50, M|100/100
|turn|6
|
|t:|1786202892
|move|p1a: Whimsicott|Tailwind|p1a: Whimsicott
|-sidestart|p1: bennoVGC|move: Tailwind
|move|p1b: Typhlosion|Shadow Ball|p2b: Arcanine
|-damage|p2b: Arcanine|0 fnt
|faint|p2b: Arcanine
|-damage|p1b: Typhlosion|40/100|[from] item: Life Orb
|move|p2a: Sylveon|Hyper Voice|p1b: Typhlosion|[spread] p1a,p1b
|-resisted|p1b: Typhlosion|1
|-damage|p1a: Whimsicott|23/100
|-damage|p1b: Typhlosion|8/100
|
|upkeep
|
|t:|1786202902
|switch|p2b: Raichu|Raichu-Mega-Y, L50, F|35/100
|turn|7
|
|t:|1786202914
|move|p1a: Whimsicott|Protect|p1a: Whimsicott
|-singleturn|p1a: Whimsicott|Protect
|move|p1b: Typhlosion|Protect|p1b: Typhlosion
|-singleturn|p1b: Typhlosion|Protect
|move|p2b: Raichu|Fake Out|p1a: Whimsicott
|-activate|p1a: Whimsicott|move: Protect
|move|p2a: Sylveon|Quick Attack|p1b: Typhlosion
|-activate|p1b: Typhlosion|move: Protect
|
|upkeep
|turn|8
|
|t:|1786202938
|move|p2b: Raichu|Protect|p2b: Raichu
|-singleturn|p2b: Raichu|Protect
|move|p2a: Sylveon|Quick Attack|p1b: Typhlosion
|-resisted|p1b: Typhlosion|1
|-damage|p1b: Typhlosion|0 fnt
|faint|p1b: Typhlosion
|move|p1a: Whimsicott|Moonblast|p2b: Raichu
|-activate|p2b: Raichu|move: Protect
|
|upkeep
|turn|9
|
|t:|1786202948
|move|p2a: Sylveon|Quick Attack|p1a: Whimsicott
|-damage|p1a: Whimsicott|1/100
|move|p1a: Whimsicott|Moonblast|p2b: Raichu
|-damage|p2b: Raichu|0 fnt
|faint|p2b: Raichu
|
|-sideend|p1: bennoVGC|move: Tailwind
|upkeep
|turn|10
|
|t:|1786202956
|move|p2a: Sylveon|Quick Attack|p1a: Whimsicott
|-damage|p1a: Whimsicott|0 fnt
|faint|p1a: Whimsicott
|
|win|lux raymundi
