|j|☆policho98
|j|☆Prepucio Santos
|html|policho98Prepucio Santos    
|uhtml|bestof|Game 1 of a best-of-3
|t:|1784570839
|gametype|doubles
|player|p1|policho98|266|1208
|player|p2|Prepucio Santos|striker|1229
|gen|9
|tier|[Gen 9 Champions] VGC 2026 Reg M-B (Bo3)
|rated|
|rule|Species Clause: Limit one of each Pokémon
|rule|Item Clause: Limit 1 of each item
|clearpoke
|poke|p1|Aerodactyl, L50, M|
|poke|p1|Kingambit, L50, F|
|poke|p1|Sylveon, L50, M|
|poke|p1|Garchomp, L50, F|
|poke|p1|Charizard, L50, M|
|poke|p1|Incineroar, L50, M|
|poke|p2|Gengar, L50, F|
|poke|p2|Archaludon, L50, M|
|poke|p2|Politoed, L50, F|
|poke|p2|Swampert, L50, M|
|poke|p2|Vivillon, L50, M|
|poke|p2|Incineroar, L50, F|
|teampreview|4
|showteam|p1|Aerodactyl||Aerodactylite|Unnerve|RockSlide,IceFang,Tailwind,WideGuard|Jolly||M|||50|]Kingambit||FocusSash|Defiant|KowtowCleave,SuckerPunch,IronHead,Protect|Adamant||F|||50|]Sylveon||FairyFeather|Pixilate|Detect,HyperVoice,HyperBeam,QuickAttack|Modest||M|||50|]Garchomp||LifeOrb|RoughSkin|Earthquake,DragonClaw,StompingTantrum,Protect|Jolly||F|||50|]Charizard||CharizarditeY|Blaze|Protect,HeatWave,SolarBeam,WeatherBall|Modest||M|||50|]Incineroar||SitrusBerry|Intimidate|DarkestLariat,FlareBlitz,FakeOut,PartingShot|Impish||M|||50|
|showteam|p2|Gengar||Gengarite|CursedBody|ShadowBall,SludgeBomb,PerishSong,Protect|Modest||F|||50|]Archaludon||Leftovers|Stamina|ElectroShot,DragonPulse,FlashCannon,Protect|Bold||M|||50|]Politoed||SitrusBerry|Drizzle|WeatherBall,Hypnosis,PerishSong,Protect|Calm||F|||50|]Swampert||Swampertite|Torrent|WaveCrash,Earthquake,IcePunch,Protect|Adamant||M|||50|]Vivillon||FocusSash|CompoundEyes|Hurricane,SleepPowder,RagePowder,Protect|Timid||M|||50|]Incineroar||PasshoBerry|Intimidate|ThroatChop,FakeOut,PartingShot,Protect|Impish||F|||50|
|inactive|Battle timer is ON: inactive players will automatically lose when time's up. (requested by Prepucio Santos)
|
|t:|1784570870
|teamsize|p1|4
|teamsize|p2|4
|start
|switch|p1a: Kingambit|Kingambit, L50, F|100/100
|switch|p1b: Garchomp|Garchomp, L50, F|100/100
|switch|p2a: Vivillon|Vivillon, L50, M|100/100
|switch|p2b: Swampert|Swampert, L50, M|100/100
|turn|1
|inactive|policho98 has 30 seconds left.
|inactive|policho98 has 20 seconds left.
|inactive|policho98 has 15 seconds left.
|inactive|policho98 has 10 seconds left.
|inactive|policho98 has 5 seconds left.
|
|t:|1784570925
|detailschange|p2b: Swampert|Swampert-Mega, L50, M
|-mega|p2b: Swampert|Swampert|Swampertite
|move|p1b: Garchomp|Earthquake|p2a: Vivillon|[spread] p1a,p2b
|-immune|p2a: Vivillon
|-supereffective|p1a: Kingambit|1
|-damage|p1a: Kingambit|14/100
|-damage|p2b: Swampert|55/100
|-damage|p1b: Garchomp|90/100|[from] item: Life Orb
|move|p2a: Vivillon|Sleep Powder|p1a: Kingambit
|-status|p1a: Kingambit|slp|[from] move: Sleep Powder
|move|p2b: Swampert|Ice Punch|p1b: Garchomp
|-supereffective|p1b: Garchomp|2
|-damage|p1b: Garchomp|0 fnt
|-damage|p2b: Swampert|43/100|[from] ability: Rough Skin|[of] p1b: Garchomp
|faint|p1b: Garchomp
|cant|p1a: Kingambit|slp
|
|upkeep
|
|t:|1784570942
|switch|p1b: Charizard|Charizard, L50, M|100/100
|turn|2
|
|t:|1784570955
|detailschange|p1b: Charizard|Charizard-Mega-Y, L50, M
|-mega|p1b: Charizard|Charizard|Charizardite Y
|-weather|SunnyDay|[from] ability: Drought|[of] p1b: Charizard
|move|p2b: Swampert|Protect|p2b: Swampert
|-singleturn|p2b: Swampert|Protect
|-curestatus|p1a: Kingambit|slp|[msg]
|move|p1a: Kingambit|Sucker Punch||[still]
|-fail|p1a: Kingambit
|move|p2a: Vivillon|Sleep Powder|p1b: Charizard
|-status|p1b: Charizard|slp|[from] move: Sleep Powder
|cant|p1b: Charizard|slp
|
|-weather|SunnyDay|[upkeep]
|upkeep
|turn|3
|
|t:|1784570970
|switch|p1b: Incineroar|Incineroar, L50, M|100/100
|-ability|p1b: Incineroar|Intimidate|boost
|-unboost|p2a: Vivillon|atk|1
|-unboost|p2b: Swampert|atk|1
|switch|p2b: Politoed|Politoed, L50, F|100/100
|-weather|RainDance|[from] ability: Drizzle|[of] p2b: Politoed
|move|p1a: Kingambit|Sucker Punch||[still]
|-fail|p1a: Kingambit
|move|p2a: Vivillon|Hurricane|p1a: Kingambit
|-resisted|p1a: Kingambit|1
|-damage|p1a: Kingambit|0 fnt
|faint|p1a: Kingambit
|
|-weather|RainDance|[upkeep]
|upkeep
|
|t:|1784570983
|switch|p1a: Charizard|Charizard-Mega-Y, L50, M|100/100 slp
|-weather|SunnyDay|[from] ability: Drought|[of] p1a: Charizard
|turn|4
|
|t:|1784570992
|move|p2a: Vivillon|Protect|p2a: Vivillon
|-singleturn|p2a: Vivillon|Protect
|move|p2b: Politoed|Protect|p2b: Politoed
|-singleturn|p2b: Politoed|Protect
|-curestatus|p1a: Charizard|slp|[msg]
|move|p1a: Charizard|Solar Beam||[still]
|-prepare|p1a: Charizard|Solar Beam
|-anim|p1a: Charizard|Solar Beam|p2b: Politoed
|-activate|p2b: Politoed|move: Protect
|move|p1b: Incineroar|Darkest Lariat|p2b: Politoed
|-activate|p2b: Politoed|move: Protect
|
|-weather|SunnyDay|[upkeep]
|upkeep
|turn|5
|
|t:|1784571012
|move|p2a: Vivillon|Sleep Powder|p1a: Charizard
|-status|p1a: Charizard|slp|[from] move: Sleep Powder
|cant|p1a: Charizard|slp
|move|p2b: Politoed|Perish Song|p2b: Politoed
|-start|p1a: Charizard|perish3|[silent]
|-start|p1b: Incineroar|perish3|[silent]
|-start|p2a: Vivillon|perish3|[silent]
|-start|p2b: Politoed|perish3|[silent]
|-fieldactivate|move: Perish Song
|move|p1b: Incineroar|Flare Blitz|p2a: Vivillon
|-supereffective|p2a: Vivillon|1
|-enditem|p2a: Vivillon|Focus Sash
|-damage|p2a: Vivillon|1/100
|-damage|p1b: Incineroar|74/100|[from] Recoil
|
|-weather|SunnyDay|[upkeep]
|-start|p2a: Vivillon|perish3
|-start|p1a: Charizard|perish3
|-start|p2b: Politoed|perish3
|-start|p1b: Incineroar|perish3
|upkeep
|turn|6
|
|t:|1784571036
|move|p2a: Vivillon|Protect|p2a: Vivillon
|-singleturn|p2a: Vivillon|Protect
|move|p2b: Politoed|Protect|p2b: Politoed
|-singleturn|p2b: Politoed|Protect
|-curestatus|p1a: Charizard|slp|[msg]
|move|p1a: Charizard|Heat Wave|p2b: Politoed|[spread] 
|-activate|p2a: Vivillon|move: Protect
|-activate|p2b: Politoed|move: Protect
|move|p1b: Incineroar|Darkest Lariat|p2b: Politoed
|-activate|p2b: Politoed|move: Protect
|
|-weather|SunnyDay|[upkeep]
|-start|p2a: Vivillon|perish2
|-start|p1a: Charizard|perish2
|-start|p2b: Politoed|perish2
|-start|p1b: Incineroar|perish2
|upkeep
|turn|7
|
|t:|1784571054
|switch|p2b: Archaludon|Archaludon, L50, M|100/100
|move|p2a: Vivillon|Sleep Powder|p1a: Charizard
|-status|p1a: Charizard|slp|[from] move: Sleep Powder
|cant|p1a: Charizard|slp
|move|p1b: Incineroar|Darkest Lariat|p2b: Archaludon
|-damage|p2b: Archaludon|79/100
|-ability|p2b: Archaludon|Stamina|boost
|-boost|p2b: Archaludon|def|1
|
|-weather|SunnyDay|[upkeep]
|-heal|p2b: Archaludon|85/100|[from] item: Leftovers
|-start|p2a: Vivillon|perish1
|-start|p1a: Charizard|perish1
|-start|p1b: Incineroar|perish1
|upkeep
|turn|8
|-message|policho98 forfeited.
|
|win|Prepucio Santos
|l|☆policho98
|player|p1|
||policho98 is ready for game 2.
||Prepucio Santos is ready for game 2.
|uhtml|next|Next: Game 2 of 3
