|j|☆25th_mang
|j|☆HeoWay
|html|25th_mangHeoWay    
|uhtml|bestof|Game 3 of a best-of-3
|t:|1783568295
|gametype|doubles
|player|p1|25th_mang|ballguy|1237
|player|p2|HeoWay|265|1192
|gen|9
|tier|[Gen 9 Champions] VGC 2026 Reg M-B (Bo3)
|rated|
|rule|Species Clause: Limit one of each Pokémon
|rule|Item Clause: Limit 1 of each item
|clearpoke
|poke|p1|Chandelure, L50, F|
|poke|p1|Garchomp, L50, M|
|poke|p1|Kingambit, L50, F|
|poke|p1|Tsareena, L50, F|
|poke|p1|Whimsicott, L50, F|
|poke|p1|Starmie, L50|
|poke|p2|Froslass, L50, F|
|poke|p2|Basculegion, L50, M|
|poke|p2|Kingambit, L50, M|
|poke|p2|Infernape, L50, M|
|poke|p2|Aerodactyl, L50, F|
|poke|p2|Glaceon, L50, M|
|teampreview|4
|showteam|p1|Chandelure||Chandelurite|FlashFire|HeatWave,ShadowBall,TrickRoom,Protect|Modest||F|||50|]Garchomp||LifeOrb|RoughSkin|StompingTantrum,DragonClaw,RockSlide,Protect|Jolly||M|||50|]Kingambit||ChopleBerry|Defiant|IronHead,SuckerPunch,LowKick,Protect|Adamant||F|||50|]Tsareena||WideLens|QueenlyMajesty|PowerWhip,TripleAxel,HelpingHand,Protect|Adamant||F|||50|]Whimsicott||FocusSash|Prankster|Moonblast,Tailwind,Encore,SunnyDay|Modest||F|||50|]Starmie||ChoiceScarf|NaturalCure|Scald,IcyWind,Psychic,Thunderbolt|Modest|||||50|
|showteam|p2|Froslass||Froslassite|SnowCloak|Blizzard,ShadowBall,AuroraVeil,Protect|Modest||F|||50|]Basculegion||SitrusBerry|Adaptability|WaveCrash,LastRespects,AquaJet,Protect|Adamant||M|||50|]Kingambit||BlackGlasses|Defiant|KowtowCleave,SuckerPunch,SwordsDance,Protect|Adamant||M|||50|]Infernape||FocusSash|IronFist|CloseCombat,FakeOut,Protect,FirePunch|Jolly||M|||50|]Aerodactyl||Aerodactylite|Unnerve|RockSlide,Protect,DualWingbeat,Tailwind|Jolly||F|||50|]Glaceon||NeverMeltIce|SnowCloak|Blizzard,Protect,FreezeDry,CalmMind|Modest||M|||50|
|inactive|Battle timer is ON: inactive players will automatically lose when time's up. (requested by HeoWay)
|inactive|25th_mang also wants the timer to be on.
|inactive|25th_mang has 60 seconds left.
|inactive|HeoWay has 60 seconds left.
|
|t:|1783568346
|teamsize|p1|4
|teamsize|p2|4
|start
|switch|p1a: Whimsicott|Whimsicott, L50, F|100/100
|switch|p1b: Starmie|Starmie, L50|100/100
|switch|p2a: Infernape|Infernape, L50, M|100/100
|switch|p2b: Aerodactyl|Aerodactyl, L50, F|100/100
|-ability|p2b: Aerodactyl|Unnerve
|turn|1
|
|t:|1783568369
|move|p2a: Infernape|Fake Out|p1b: Starmie
|-damage|p1b: Starmie|81/100
|move|p1a: Whimsicott|Tailwind|p1a: Whimsicott
|-sidestart|p1: 25th_mang|move: Tailwind
|cant|p1b: Starmie|flinch
|move|p2b: Aerodactyl|Tailwind|p2b: Aerodactyl
|-sidestart|p2: HeoWay|move: Tailwind
|
|upkeep
|turn|2
|
|t:|1783568380
|move|p1a: Whimsicott|Encore|p2b: Aerodactyl
|-start|p2b: Aerodactyl|Encore
|move|p1b: Starmie|Icy Wind|p2b: Aerodactyl|[spread] p2a,p2b
|-resisted|p2a: Infernape|1
|-supereffective|p2b: Aerodactyl|1
|-crit|p2b: Aerodactyl
|-damage|p2a: Infernape|90/100
|-damage|p2b: Aerodactyl|47/100
|-unboost|p2a: Infernape|spe|1
|-unboost|p2b: Aerodactyl|spe|1
|move|p2b: Aerodactyl|Tailwind||[still]
|-fail|p2b: Aerodactyl
|move|p2a: Infernape|Fire Punch|p1a: Whimsicott
|-supereffective|p1a: Whimsicott|1
|-enditem|p1a: Whimsicott|Focus Sash
|-damage|p1a: Whimsicott|1/100
|
|upkeep
|turn|3
|
|t:|1783568403
|switch|p2b: Kingambit|Kingambit, L50, M|100/100
|move|p1a: Whimsicott|Encore|p2a: Infernape
|-start|p2a: Infernape|Encore
|move|p1b: Starmie|Icy Wind|p2a: Infernape|[spread] p2a,p2b
|-resisted|p2a: Infernape|1
|-crit|p2a: Infernape
|-resisted|p2b: Kingambit|1
|-damage|p2a: Infernape|75/100
|-damage|p2b: Kingambit|93/100
|-unboost|p2a: Infernape|spe|1
|-unboost|p2b: Kingambit|spe|1
|-ability|p2b: Kingambit|Defiant|boost
|-boost|p2b: Kingambit|atk|2
|move|p2a: Infernape|Fire Punch|p1a: Whimsicott
|-supereffective|p1a: Whimsicott|1
|-damage|p1a: Whimsicott|0 fnt
|faint|p1a: Whimsicott
|
|upkeep
|
|t:|1783568408
|switch|p1a: Chandelure|Chandelure, L50, F|100/100
|turn|4
|
|t:|1783568425
|switch|p1b: Kingambit|Kingambit, L50, F|100/100
|switch|p2a: Aerodactyl|Aerodactyl, L50, F|47/100
|-ability|p2a: Aerodactyl|Unnerve
|move|p2b: Kingambit|Protect|p2b: Kingambit
|-singleturn|p2b: Kingambit|Protect
|move|p1a: Chandelure|Heat Wave|p2b: Kingambit|[spread] p2a
|-activate|p2b: Kingambit|move: Protect
|-resisted|p2a: Aerodactyl|1
|-damage|p2a: Aerodactyl|17/100
|
|-sideend|p1: 25th_mang|move: Tailwind
|-sideend|p2: HeoWay|move: Tailwind
|upkeep
|turn|5
|
|t:|1783568447
|switch|p2b: Infernape|Infernape, L50, M|75/100
|move|p2a: Aerodactyl|Tailwind|p2a: Aerodactyl
|-sidestart|p2: HeoWay|move: Tailwind
|move|p1b: Kingambit|Low Kick|p2b: Infernape
|-damage|p2b: Infernape|26/100
|move|p1a: Chandelure|Trick Room|p1a: Chandelure
|-fieldstart|move: Trick Room|[of] p1a: Chandelure
|
|upkeep
|turn|6
|inactive|25th_mang has 30 seconds left.
|
|t:|1783568481
|detailschange|p1a: Chandelure|Chandelure-Mega, L50, F
|-mega|p1a: Chandelure|Chandelure|Chandelurite
|move|p1b: Kingambit|Low Kick|p2a: Aerodactyl
|-damage|p2a: Aerodactyl|0 fnt
|faint|p2a: Aerodactyl
|move|p1a: Chandelure|Heat Wave|p2b: Infernape
|-resisted|p2b: Infernape|1
|-damage|p2b: Infernape|0 fnt
|faint|p2b: Infernape
|
|upkeep
|
|t:|1783568486
|switch|p2b: Froslass|Froslass, L50, F|100/100
|switch|p2a: Kingambit|Kingambit, L50, M|93/100
|turn|7
|
|t:|1783568509
|detailschange|p2b: Froslass|Froslass-Mega, L50, F
|-mega|p2b: Froslass|Froslass|Froslassite
|-weather|Snowscape|[from] ability: Snow Warning|[of] p2b: Froslass
|move|p1a: Chandelure|Protect|p1a: Chandelure
|-singleturn|p1a: Chandelure|Protect
|move|p2a: Kingambit|Protect|p2a: Kingambit
|-singleturn|p2a: Kingambit|Protect
|move|p1b: Kingambit|Low Kick|p2a: Kingambit
|-activate|p2a: Kingambit|move: Protect
|move|p2b: Froslass|Blizzard|p1b: Kingambit|[spread] p1b
|-activate|p1a: Chandelure|move: Protect
|-resisted|p1b: Kingambit|1
|-damage|p1b: Kingambit|74/100
|
|-weather|Snowscape|[upkeep]
|upkeep
|turn|8
|
|t:|1783568530
|move|p2a: Kingambit|Sucker Punch|p1a: Chandelure
|-supereffective|p1a: Chandelure|1
|-damage|p1a: Chandelure|6/100
|move|p1b: Kingambit|Low Kick|p2a: Kingambit
|-supereffective|p2a: Kingambit|2
|-damage|p2a: Kingambit|0 fnt
|faint|p2a: Kingambit
|move|p1a: Chandelure|Shadow Ball|p2b: Froslass
|-supereffective|p2b: Froslass|1
|-damage|p2b: Froslass|0 fnt
|faint|p2b: Froslass
|
|win|25th_mang
|raw|25th_mang's rating: 1237 → 1259(+22 for winning)
|raw|HeoWay's rating: 1192 → 1170(-22 for losing)
|l|☆HeoWay
|player|p2|
|l|☆25th_mang
|player|p1|
|j|☆25th_mang
|player|p1|25th_mang|ballguy|
