|j|☆31415thon
|j|☆Omaruco
|html|31415thonOmaruco    
|uhtml|bestof|Game 2 of a best-of-3
|t:|1785971180
|gametype|doubles
|player|p1|31415thon|265|1211
|player|p2|Omaruco|arven-s|1285
|gen|9
|tier|[Gen 9 Champions] VGC 2026 Reg M-B (Bo3)
|rated|
|rule|Species Clause: Limit one of each Pokémon
|rule|Item Clause: Limit 1 of each item
|clearpoke
|poke|p1|Charizard, L50, M|
|poke|p1|Sylveon, L50, M|
|poke|p1|Garchomp, L50, F|
|poke|p1|Whimsicott, L50, M|
|poke|p1|Tauros-Paldea-Aqua, L50, M|
|poke|p1|Kingambit, L50, F|
|poke|p2|Arcanine-Hisui, L50, F|
|poke|p2|Floette-Eternal, L50, F|
|poke|p2|Kingambit, L50, M|
|poke|p2|Dragonite, L50, M|
|poke|p2|Whimsicott, L50, F|
|poke|p2|Basculegion, L50, M|
|teampreview|4
|showteam|p1|Charizard||CharizarditeY|Blaze|HeatWave,WeatherBall,SolarBeam,Protect|Timid||M|||50|]Sylveon||LifeOrb|Pixilate|HyperVoice,QuickAttack,Psychic,Detect|Calm||M|||50|]Garchomp||ChoiceScarf|RoughSkin|Earthquake,StompingTantrum,DragonClaw,RockSlide|Jolly||F|||50|]Whimsicott||FocusSash|Prankster|Tailwind,Encore,Moonblast,Protect|Bold||M|||50|]Tauros-Paldea-Aqua||SitrusBerry|Intimidate|WaveCrash,CloseCombat,AquaJet,Protect|Jolly||M|||50|]Kingambit||ChopleBerry|Defiant|KowtowCleave,SuckerPunch,LowKick,Protect|Adamant||F|||50|
|showteam|p2|Arcanine-Hisui||FocusSash|RockHead|Protect,ExtremeSpeed,FlareBlitz,HeadSmash|Jolly||F|||50|]Floette-Eternal||Floettite|FlowerVeil|Protect,Moonblast,DazzlingGleam,LightofRuin|Modest||F|||50|]Kingambit||BlackGlasses|Defiant|SuckerPunch,IronHead,Protect,KowtowCleave|Adamant||M|||50|]Dragonite||LifeOrb|InnerFocus|Protect,DragonClaw,ExtremeSpeed,LowKick|Adamant||M|||50|]Whimsicott||OccaBerry|Prankster|Protect,Tailwind,Encore,Moonblast|Timid||F|||50|]Basculegion||ChoiceScarf|Adaptability|FlipTurn,WaveCrash,LastRespects,AquaJet|Jolly||M|||50|
|inactive|Battle timer is ON: inactive players will automatically lose when time's up. (requested by Omaruco)
|
|t:|1785971207
|teamsize|p1|4
|teamsize|p2|4
|start
|switch|p1a: Kingambit|Kingambit, L50, F|100/100
|switch|p1b: Charizard|Charizard, L50, M|100/100
|switch|p2a: Arcanine|Arcanine-Hisui, L50, F|100/100
|switch|p2b: Floette|Floette-Eternal, L50, F|100/100
|turn|1
|
|t:|1785971236
|detailschange|p2b: Floette|Floette-Mega, L50, F
|-mega|p2b: Floette|Floette|Floettite
|-ability|p2b: Floette|Fairy Aura
|move|p1b: Charizard|Protect|p1b: Charizard
|-singleturn|p1b: Charizard|Protect
|move|p2a: Arcanine|Flare Blitz|p1a: Kingambit
|-supereffective|p1a: Kingambit|1
|-damage|p1a: Kingambit|15/100
|move|p2b: Floette|Dazzling Gleam|p1b: Charizard|[spread] p1a
|-activate|p1b: Charizard|move: Protect
|-damage|p1a: Kingambit|0 fnt
|faint|p1a: Kingambit
|
|upkeep
|
|t:|1785971251
|switch|p1a: Garchomp|Garchomp, L50, F|100/100
|turn|2
|
|t:|1785971256
|detailschange|p1b: Charizard|Charizard-Mega-Y, L50, M
|-mega|p1b: Charizard|Charizard|Charizardite Y
|-weather|SunnyDay|[from] ability: Drought|[of] p1b: Charizard
|move|p2b: Floette|Protect|p2b: Floette
|-singleturn|p2b: Floette|Protect
|move|p1a: Garchomp|Earthquake|p2b: Floette|[spread] p2a
|-activate|p2b: Floette|move: Protect
|-immune|p1b: Charizard
|-supereffective|p2a: Arcanine|2
|-enditem|p2a: Arcanine|Focus Sash
|-damage|p2a: Arcanine|1/100
|move|p1b: Charizard|Heat Wave|p2b: Floette|[spread] p2a
|-activate|p2b: Floette|move: Protect
|-resisted|p2a: Arcanine|2
|-damage|p2a: Arcanine|0 fnt
|faint|p2a: Arcanine
|
|-weather|SunnyDay|[upkeep]
|upkeep
|
|t:|1785971267
|switch|p2a: Whimsicott|Whimsicott, L50, F|100/100
|turn|3
|j| bblhootiegang
|
|t:|1785971281
|move|p2a: Whimsicott|Tailwind|p2a: Whimsicott
|-sidestart|p2: Omaruco|move: Tailwind
|move|p2b: Floette|Moonblast|p1a: Garchomp
|-supereffective|p1a: Garchomp|1
|-damage|p1a: Garchomp|0 fnt
|faint|p1a: Garchomp
|move|p1b: Charizard|Heat Wave|p2a: Whimsicott|[spread] p2a,p2b
|-supereffective|p2a: Whimsicott|1
|-enditem|p2a: Whimsicott|Occa Berry|[eat]
|-enditem|p2a: Whimsicott|Occa Berry|[weaken]
|-damage|p2a: Whimsicott|17/100
|-damage|p2b: Floette|42/100
|
|-weather|SunnyDay|[upkeep]
|upkeep
|
|t:|1785971294
|switch|p1a: Tauros|Tauros-Paldea-Aqua, L50, M|100/100
|-ability|p1a: Tauros|Intimidate|boost
|-unboost|p2a: Whimsicott|atk|1
|-unboost|p2b: Floette|atk|1
|turn|4
|l| bblhootiegang
|
|t:|1785971305
|move|p2b: Floette|Protect|p2b: Floette
|-singleturn|p2b: Floette|Protect
|move|p1a: Tauros|Protect|p1a: Tauros
|-singleturn|p1a: Tauros|Protect
|move|p2a: Whimsicott|Moonblast|p1a: Tauros
|-activate|p1a: Tauros|move: Protect
|move|p1b: Charizard|Heat Wave|p2b: Floette|[spread] p2a
|-activate|p2b: Floette|move: Protect
|-supereffective|p2a: Whimsicott|1
|-damage|p2a: Whimsicott|0 fnt
|faint|p2a: Whimsicott
|
|-weather|SunnyDay|[upkeep]
|upkeep
|
|t:|1785971309
|switch|p2a: Basculegion|Basculegion, L50, M|100/100
|turn|5
|
|t:|1785971319
|move|p1b: Charizard|Protect|p1b: Charizard
|-singleturn|p1b: Charizard|Protect
|move|p2a: Basculegion|Last Respects|p1b: Charizard
|-activate|p1b: Charizard|move: Protect
|move|p2b: Floette|Moonblast|p1a: Tauros
|-supereffective|p1a: Tauros|1
|-damage|p1a: Tauros|0 fnt
|faint|p1a: Tauros
|
|-weather|SunnyDay|[upkeep]
|upkeep
|turn|6
|
|t:|1785971332
|move|p2a: Basculegion|Last Respects|p1b: Charizard
|-damage|p1b: Charizard|0 fnt
|faint|p1b: Charizard
|
|win|Omaruco
|raw|31415thon's rating: 1211 → 1191(-20 for losing)
|raw|Omaruco's rating: 1285 → 1305(+20 for winning)
