|j|☆That1Morpecko
|j|☆Cubeaoz
|html|That1MorpeckoCubeaoz    
|uhtml|bestof|Game 1 of a best-of-3
|t:|1782413908
|gametype|doubles
|player|p1|That1Morpecko|hiker-gen4|1049
|player|p2|Cubeaoz|1|1071
|gen|9
|tier|[Gen 9 Champions] VGC 2026 Reg M-B (Bo3)
|rated|
|rule|Species Clause: Limit one of each Pokémon
|rule|Item Clause: Limit 1 of each item
|clearpoke
|poke|p1|Froslass, L50, F|
|poke|p1|Scovillain, L50, M, shiny|
|poke|p1|Basculegion, L50, M|
|poke|p1|Kingambit, L50, F|
|poke|p1|Sneasler, L50, F|
|poke|p1|Lycanroc-Dusk, L50, M|
|poke|p2|Charizard, L50, M, shiny|
|poke|p2|Floette-Eternal, L50, F|
|poke|p2|Sinistcha-Masterpiece, L50|
|poke|p2|Venusaur, L50, F|
|poke|p2|Incineroar, L50, M|
|poke|p2|Garchomp, L50, F|
|teampreview|4
|showteam|p1|Froslass||Froslassite|CursedBody|Blizzard,ShadowBall,AuroraVeil,Protect|Modest||F|||50|]Scovillain||Scovillainite|Moody|GigaDrain,Overheat,RagePowder,Protect|Bold||M|||50|]Basculegion||SitrusBerry|Adaptability|WaveCrash,LastRespects,AquaJet,Protect|Adamant||M|||50|]Kingambit||BlackGlasses|Defiant|KowtowCleave,SuckerPunch,SwordsDance,Protect|Adamant||F|||50|]Sneasler||WhiteHerb|Unburden|CloseCombat,GunkShot,Protect,FakeOut|Adamant||F|||50|]Lycanroc-Dusk||FocusSash|ToughClaws|CloseCombat,Accelerock,RockSlide,Protect|Adamant||M|||50|
|showteam|p2|Charizard||CharizarditeY|Blaze|HeatWave,SolarBeam,WeatherBall,Protect|Timid||M|||50|]Floette-Eternal||Floettite|FlowerVeil|DazzlingGleam,DrainingKiss,Protect,CalmMind|Modest||F|||50|]Sinistcha-Masterpiece||KasibBerry|Hospitality|MatchaGotcha,Protect,TrickRoom,RagePowder|Bold|||||50|]Venusaur||FocusSash|Chlorophyll|SleepPowder,EarthPower,Protect,SludgeBomb|Modest||F|||50|]Incineroar||SitrusBerry|Intimidate|FakeOut,FlareBlitz,ThroatChop,PartingShot|Impish||M|||50|]Garchomp||ChoiceScarf|RoughSkin|RockSlide,StompingTantrum,Earthquake,DragonClaw|Adamant||F|||50|
|inactive|Battle timer is ON: inactive players will automatically lose when time's up. (requested by That1Morpecko)
|inactive|Cubeaoz has 60 seconds left.
|
|t:|1782413951
|teamsize|p1|4
|teamsize|p2|4
|start
|switch|p1a: Froslass|Froslass, L50, F|100/100
|switch|p1b: Lycanroc|Lycanroc-Dusk, L50, M|100/100
|switch|p2a: Charizard|Charizard, L50, M, shiny|100/100
|switch|p2b: Incineroar|Incineroar, L50, M|100/100
|-ability|p2b: Incineroar|Intimidate|boost
|-unboost|p1a: Froslass|atk|1
|-unboost|p1b: Lycanroc|atk|1
|turn|1
|
|t:|1782413972
|switch|p2a: Garchomp|Garchomp, L50, F|100/100
|detailschange|p1a: Froslass|Froslass-Mega, L50, F
|-mega|p1a: Froslass|Froslass|Froslassite
|-weather|Snowscape|[from] ability: Snow Warning|[of] p1a: Froslass
|move|p1a: Froslass|Protect|p1a: Froslass
|-singleturn|p1a: Froslass|Protect
|move|p1b: Lycanroc|Protect|p1b: Lycanroc
|-singleturn|p1b: Lycanroc|Protect
|move|p2b: Incineroar|Flare Blitz|p1a: Froslass
|-activate|p1a: Froslass|move: Protect
|
|-weather|Snowscape|[upkeep]
|upkeep
|turn|2
|inactive|That1Morpecko has 30 seconds left.
|inactive|Cubeaoz has 30 seconds left.
|inactive|Cubeaoz has 20 seconds left.
|inactive|Cubeaoz has 15 seconds left.
|inactive|Cubeaoz has 10 seconds left.
|inactive|Cubeaoz has 5 seconds left.
|
|t:|1782414022
|switch|p1b: Sneasler|Sneasler, L50, F|100/100
|move|p2a: Garchomp|Rock Slide|p1a: Froslass|[spread] p1a,p1b
|-supereffective|p1a: Froslass|1
|-resisted|p1b: Sneasler|1
|-damage|p1a: Froslass|58/100
|-damage|p1b: Sneasler|89/100
|move|p1a: Froslass|Blizzard|p2a: Garchomp|[spread] p2a,p2b
|-supereffective|p2a: Garchomp|2
|-resisted|p2b: Incineroar|1
|-damage|p2a: Garchomp|0 fnt
|-damage|p2b: Incineroar|80/100
|faint|p2a: Garchomp
|move|p2b: Incineroar|Flare Blitz|p1a: Froslass
|-supereffective|p1a: Froslass|1
|-damage|p1a: Froslass|0 fnt
|faint|p1a: Froslass
|-damage|p2b: Incineroar|64/100|[from] Recoil
|
|-weather|Snowscape|[upkeep]
|upkeep
|
|t:|1782414039
|switch|p1a: Lycanroc|Lycanroc-Dusk, L50, M|100/100
|switch|p2a: Sinistcha|Sinistcha-Masterpiece, L50|100/100
|-heal|p2b: Incineroar|89/100|[from] ability: Hospitality|[of] p2a: Sinistcha
|turn|3
|
|t:|1782414059
|switch|p1a: Kingambit|Kingambit, L50, F|100/100
|switch|p2b: Charizard|Charizard, L50, M, shiny|100/100
|move|p1b: Sneasler|Fake Out|p2b: Charizard
|-damage|p2b: Charizard|85/100
|move|p2a: Sinistcha|Matcha Gotcha|p1a: Kingambit|[spread] p1a,p1b
|-resisted|p1a: Kingambit|1
|-resisted|p1b: Sneasler|1
|-damage|p1a: Kingambit|87/100
|-damage|p1b: Sneasler|72/100
|-status|p1b: Sneasler|brn
|
|-weather|Snowscape|[upkeep]
|-damage|p1b: Sneasler|67/100 brn|[from] brn
|upkeep
|turn|4
|inactive|Cubeaoz has 30 seconds left.
|
|t:|1782414087
|detailschange|p2b: Charizard|Charizard-Mega-Y, L50, M, shiny
|-mega|p2b: Charizard|Charizard|Charizardite Y
|-weather|SunnyDay|[from] ability: Drought|[of] p2b: Charizard
|move|p1a: Kingambit|Protect|p1a: Kingambit
|-singleturn|p1a: Kingambit|Protect
|move|p2a: Sinistcha|Rage Powder|p2a: Sinistcha
|-singleturn|p2a: Sinistcha|move: Rage Powder
|move|p1b: Sneasler|Gunk Shot|p2a: Sinistcha|[miss]
|-miss|p1b: Sneasler|p2a: Sinistcha
|move|p2b: Charizard|Heat Wave|p1b: Sneasler|[spread] p1b
|-activate|p1a: Kingambit|move: Protect
|-damage|p1b: Sneasler|0 fnt
|faint|p1b: Sneasler
|
|-weather|SunnyDay|[upkeep]
|upkeep
|inactive|That1Morpecko has 30 seconds left.
|
|t:|1782414112
|switch|p1b: Lycanroc|Lycanroc-Dusk, L50, M|100/100
|turn|5
|inactive|Cubeaoz has 30 seconds left.
|inactive|Cubeaoz has 20 seconds left.
|inactive|Cubeaoz has 15 seconds left.
|
|t:|1782414156
|switch|p2b: Incineroar|Incineroar, L50, M|89/100
|-ability|p2b: Incineroar|Intimidate|boost
|-unboost|p1a: Kingambit|atk|1
|-ability|p1a: Kingambit|Defiant|boost
|-boost|p1a: Kingambit|atk|2
|-unboost|p1b: Lycanroc|atk|1
|move|p1a: Kingambit|Protect||[still]
|-fail|p1a: Kingambit
|move|p1b: Lycanroc|Rock Slide|p2b: Incineroar|[spread] p2a,p2b
|-supereffective|p2b: Incineroar|1
|-crit|p2b: Incineroar
|-damage|p2a: Sinistcha|84/100
|-damage|p2b: Incineroar|25/100
|-enditem|p2b: Incineroar|Sitrus Berry|[eat]
|-heal|p2b: Incineroar|50/100g|[from] item: Sitrus Berry
|move|p2a: Sinistcha|Trick Room|p2a: Sinistcha
|-fieldstart|move: Trick Room|[of] p2a: Sinistcha
|
|-weather|SunnyDay|[upkeep]
|upkeep
|turn|6
|inactive|That1Morpecko has 30 seconds left.
|inactive|Cubeaoz has 30 seconds left.
|
|t:|1782414188
|move|p2b: Incineroar|Fake Out|p1b: Lycanroc
|-resisted|p1b: Lycanroc|1
|-damage|p1b: Lycanroc|91/100
|move|p1a: Kingambit|Kowtow Cleave|p2a: Sinistcha
|-supereffective|p2a: Sinistcha|1
|-damage|p2a: Sinistcha|0 fnt
|faint|p2a: Sinistcha
|cant|p1b: Lycanroc|flinch
|
|-weather|SunnyDay|[upkeep]
|upkeep
|
|t:|1782414193
|switch|p2a: Charizard|Charizard-Mega-Y, L50, M, shiny|85/100
|turn|7
|
|t:|1782414209
|move|p1a: Kingambit|Protect|p1a: Kingambit
|-singleturn|p1a: Kingambit|Protect
|move|p2a: Charizard|Protect|p2a: Charizard
|-singleturn|p2a: Charizard|Protect
|move|p1b: Lycanroc|Protect|p1b: Lycanroc
|-singleturn|p1b: Lycanroc|Protect
|move|p2b: Incineroar|Throat Chop|p1b: Lycanroc
|-activate|p1b: Lycanroc|move: Protect
|
|-weather|SunnyDay|[upkeep]
|upkeep
|turn|8
|
|t:|1782414221
|move|p1b: Lycanroc|Accelerock|p2a: Charizard
|-supereffective|p2a: Charizard|2
|-damage|p2a: Charizard|0 fnt
|faint|p2a: Charizard
|move|p1a: Kingambit|Swords Dance|p1a: Kingambit
|-boost|p1a: Kingambit|atk|2
|move|p2b: Incineroar|Flare Blitz|p1a: Kingambit
|-supereffective|p1a: Kingambit|1
|-damage|p1a: Kingambit|0 fnt
|faint|p1a: Kingambit
|-damage|p2b: Incineroar|20/100y|[from] Recoil
|
|-weather|none
|upkeep
|turn|9
|
|t:|1782414228
|move|p1b: Lycanroc|Protect|p1b: Lycanroc
|-singleturn|p1b: Lycanroc|Protect
|move|p2b: Incineroar|Throat Chop|p1b: Lycanroc
|-activate|p1b: Lycanroc|move: Protect
|
|-fieldend|move: Trick Room
|upkeep
|turn|10
|
|t:|1782414232
|move|p1b: Lycanroc|Close Combat|p2b: Incineroar
|-supereffective|p2b: Incineroar|1
|-damage|p2b: Incineroar|0 fnt
|-unboost|p1b: Lycanroc|def|1
|-unboost|p1b: Lycanroc|spd|1
|faint|p2b: Incineroar
|
|win|That1Morpecko
||That1Morpecko is ready for game 2.
||Cubeaoz is ready for game 2.
|uhtml|next|Next: Game 2 of 3
|l|☆Cubeaoz
|player|p2|
