|j|☆gruby_2
|j|‽QrdeJegoMac
|html|gruby_2QrdeJegoMac    
|uhtml|bestof|Game 2 of a best-of-3
|t:|1757721144
|gametype|doubles
|player|p1|gruby_2|medium|1173
|player|p2|QrdeJegoMac|1|1127
|gen|9
|tier|[Gen 9] VGC 2025 Reg H (Bo3)
|rated|
|rule|Species Clause: Limit one of each Pokémon
|rule|Item Clause: Limit 1 of each item
|clearpoke
|poke|p1|Amoonguss, L50, F|
|poke|p1|Archaludon, L50, M|
|poke|p1|Basculegion, L50, M|
|poke|p1|Salamence, L50, M|
|poke|p1|Kingambit, L50, F|
|poke|p1|Pelipper, L50, F|
|poke|p2|Annihilape, L50, M|
|poke|p2|Maushold-Four, L50|
|poke|p2|Sinistcha, L50|
|poke|p2|Klefki, L50, F|
|poke|p2|Ursaluna-Bloodmoon, L50, M|
|poke|p2|Ninetales-Alola, L50, F|
|teampreview|4
|showteam|p1|Amoonguss||SitrusBerry|Regenerator|PollenPuff,RagePowder,Protect,Spore|||F|||50|,,,,,Dark]Archaludon||AssaultVest|Stamina|ElectroShot,DracoMeteor,BodyPress,Snarl|||M|||50|,,,,,Ghost]Basculegion||ChoiceBand|SwiftSwim|WaveCrash,LastRespects,TeraBlast,FlipTurn|||M|||50|,,,,,Grass]Salamence||LifeOrb|Intimidate|DracoMeteor,Hurricane,Tailwind,Protect|||M|||50|,,,,,Flying]Kingambit||BlackGlasses|Defiant|KowtowCleave,SuckerPunch,SwordsDance,Protect|||F|||50|,,,,,Dark]Pelipper||FocusSash|Drizzle|Hurricane,WeatherBall,WideGuard,Protect|||F|||50|,,,,,Water
|showteam|p2|Annihilape||Leftovers|Defiant|Protect,BulkUp,DrainPunch,RageFist|||M|||50|,,,,,Fire]Maushold-Four||RockyHelmet|FriendGuard|FollowMe,Taunt,BeatUp,Protect||||||50|,,,,,Grass]Sinistcha||SitrusBerry|Hospitality|MatchaGotcha,TrickRoom,LifeDew,RagePowder||||||50|,,,,,Water]Klefki||LightClay|Prankster|Reflect,LightScreen,MistyTerrain,DazzlingGleam|||F|||50|,,,,,Ghost]Ursaluna-Bloodmoon||AssaultVest|MindsEye|BloodMoon,HyperVoice,EarthPower,VacuumWave|||M|||50|,,,,,Water]Ninetales-Alola||FocusSash|SnowWarning|Protect,Encore,FreezeDry,Blizzard|||F|||50|,,,,,Ghost
|inactive|Battle timer is ON: inactive players will automatically lose when time's up. (requested by gruby_2)
|inactive|QrdeJegoMac also wants the timer to be on.
|
|t:|1757721155
|teamsize|p1|4
|teamsize|p2|4
|start
|switch|p1a: Archaludon|Archaludon, L50, M|100/100
|switch|p1b: Basculegion|Basculegion, L50, M|100/100
|switch|p2a: Klefki|Klefki, L50, F|100/100
|switch|p2b: Sinistcha|Sinistcha, L50|100/100
|turn|1
|inactive|gruby_2 has 30 seconds left.
|inactive|gruby_2 has 20 seconds left.
|inactive|gruby_2 has 15 seconds left.
|inactive|gruby_2 has 10 seconds left.
|
|t:|1757721201
|move|p2a: Klefki|Light Screen|p2a: Klefki
|-sidestart|p2: QrdeJegoMac|move: Light Screen
|move|p1a: Archaludon|Draco Meteor|p2b: Sinistcha
|-damage|p2b: Sinistcha|52/100
|-unboost|p1a: Archaludon|spa|2
|move|p1b: Basculegion|Flip Turn|p2a: Klefki
|-damage|p2a: Klefki|58/100
|
|t:|1757721210
|switch|p1b: Amoonguss|Amoonguss, L50, F|100/100|[from] Flip Turn
|move|p2b: Sinistcha|Trick Room|p2b: Sinistcha
|-fieldstart|move: Trick Room|[of] p2b: Sinistcha
|
|upkeep
|turn|2
|
|t:|1757721229
|switch|p2b: Ursaluna|Ursaluna-Bloodmoon, L50, M|100/100
|switch|p1a: Pelipper|Pelipper, L50, F|100/100
|-weather|RainDance|[from] ability: Drizzle|[of] p1a: Pelipper
|move|p2a: Klefki|Misty Terrain|p2a: Klefki
|-fieldstart|move: Misty Terrain
|move|p1b: Amoonguss|Spore|p2a: Klefki
|-activate|p2a: Klefki|move: Misty Terrain
|
|-weather|RainDance|[upkeep]
|upkeep
|turn|3
|inactive|gruby_2 has 30 seconds left.
|
|t:|1757721255
|move|p1b: Amoonguss|Protect|p1b: Amoonguss
|-singleturn|p1b: Amoonguss|Protect
|move|p1a: Pelipper|Protect|p1a: Pelipper
|-singleturn|p1a: Pelipper|Protect
|move|p2b: Ursaluna|Blood Moon|p1a: Pelipper
|-activate|p1a: Pelipper|move: Protect
|move|p2a: Klefki|Dazzling Gleam|p1a: Pelipper|[spread] 
|-activate|p1a: Pelipper|move: Protect
|-activate|p1b: Amoonguss|move: Protect
|
|-weather|RainDance|[upkeep]
|upkeep
|turn|4
|inactive|gruby_2 has 30 seconds left.
|inactive|gruby_2 has 20 seconds left.
|
|t:|1757721290
|switch|p2a: Annihilape|Annihilape, L50, M|100/100
|move|p1a: Pelipper|Wide Guard|p1a: Pelipper
|-singleturn|p1a: Pelipper|Wide Guard
|move|p1b: Amoonguss|Pollen Puff|p2b: Ursaluna
|-damage|p2b: Ursaluna|92/100
|move|p2b: Ursaluna|Earth Power|p1a: Pelipper
|-immune|p1a: Pelipper
|
|-weather|RainDance|[upkeep]
|upkeep
|turn|5
|
|t:|1757721310
|switch|p2b: Sinistcha|Sinistcha, L50|52/100
|move|p1b: Amoonguss|Protect|p1b: Amoonguss
|-singleturn|p1b: Amoonguss|Protect
|move|p1a: Pelipper|Protect||[still]
|-fail|p1a: Pelipper
|move|p2a: Annihilape|Bulk Up|p2a: Annihilape
|-boost|p2a: Annihilape|atk|1
|-boost|p2a: Annihilape|def|1
|
|-weather|RainDance|[upkeep]
|-fieldend|move: Trick Room
|upkeep
|turn|6
|
|t:|1757721331
|move|p2a: Annihilape|Rage Fist|p1a: Pelipper
|-damage|p1a: Pelipper|54/100
|move|p1a: Pelipper|Hurricane|p2a: Annihilape
|-supereffective|p2a: Annihilape
|-damage|p2a: Annihilape|48/100
|move|p2b: Sinistcha|Matcha Gotcha|p1b: Amoonguss|[spread] p1a,p1b
|-resisted|p1b: Amoonguss
|-damage|p1a: Pelipper|14/100
|-heal|p2b: Sinistcha|67/100|[from] drain|[of] p1a: Pelipper
|-damage|p1b: Amoonguss|95/100
|-heal|p2b: Sinistcha|71/100|[from] drain|[of] p1b: Amoonguss
|move|p1b: Amoonguss|Pollen Puff|p2b: Sinistcha
|-damage|p2b: Sinistcha|58/100
|
|-weather|none
|-heal|p2a: Annihilape|54/100|[from] item: Leftovers
|-fieldend|Misty Terrain
|upkeep
|turn|7
|inactive|gruby_2 has 30 seconds left.
|inactive|QrdeJegoMac has 30 seconds left.
|
|t:|1757721367
|switch|p1a: Basculegion|Basculegion, L50, M|100/100
|-terastallize|p2a: Annihilape|Fire
|move|p2a: Annihilape|Rage Fist|p1b: Amoonguss
|-damage|p1b: Amoonguss|42/100
|-enditem|p1b: Amoonguss|Sitrus Berry|[eat]
|-heal|p1b: Amoonguss|67/100|[from] item: Sitrus Berry
|move|p1b: Amoonguss|Spore|p2a: Annihilape
|-status|p2a: Annihilape|slp|[from] move: Spore
|move|p2b: Sinistcha|Trick Room|p2b: Sinistcha
|-fieldstart|move: Trick Room|[of] p2b: Sinistcha
|
|-heal|p2a: Annihilape|61/100 slp|[from] item: Leftovers
|upkeep
|turn|8
|
|t:|1757721389
|switch|p1b: Pelipper|Pelipper, L50, F|14/100
|-weather|RainDance|[from] ability: Drizzle|[of] p1b: Pelipper
|-terastallize|p1a: Basculegion|Grass
|move|p2b: Sinistcha|Rage Powder|p2b: Sinistcha
|-singleturn|p2b: Sinistcha|move: Rage Powder
|cant|p2a: Annihilape|slp
|move|p1a: Basculegion|Wave Crash|p2a: Annihilape
|-supereffective|p2a: Annihilape
|-damage|p2a: Annihilape|0 fnt
|faint|p2a: Annihilape
|-damage|p1a: Basculegion|81/100|[from] Recoil
|
|-weather|RainDance|[upkeep]
|-sideend|p2: QrdeJegoMac|move: Light Screen
|upkeep
|
|t:|1757721400
|switch|p2a: Klefki|Klefki, L50, F|58/100
|turn|9
|
|t:|1757721411
|move|p2a: Klefki|Reflect|p2a: Klefki
|-sidestart|p2: QrdeJegoMac|Reflect
|move|p2b: Sinistcha|Matcha Gotcha|p1a: Basculegion|[spread] p1b
|-miss|p2b: Sinistcha|p1a: Basculegion
|-damage|p1b: Pelipper|0 fnt
|-heal|p2b: Sinistcha|63/100|[from] drain|[of] p1b: Pelipper
|faint|p1b: Pelipper
|move|p1a: Basculegion|Wave Crash|p2a: Klefki
|-damage|p2a: Klefki|0 fnt
|faint|p2a: Klefki
|-damage|p1a: Basculegion|66/100|[from] Recoil
|
|-weather|RainDance|[upkeep]
|upkeep
|
|t:|1757721418
|switch|p2a: Ursaluna|Ursaluna-Bloodmoon, L50, M|92/100
|switch|p1b: Amoonguss|Amoonguss, L50, F|99/100
|turn|10
|
|t:|1757721429
|move|p2a: Ursaluna|Vacuum Wave|p1a: Basculegion
|-damage|p1a: Basculegion|50/100
|move|p1b: Amoonguss|Spore|p2a: Ursaluna
|-status|p2a: Ursaluna|slp|[from] move: Spore
|move|p2b: Sinistcha|Matcha Gotcha|p1a: Basculegion|[spread] p1a,p1b
|-resisted|p1a: Basculegion
|-resisted|p1b: Amoonguss
|-damage|p1a: Basculegion|38/100
|-heal|p2b: Sinistcha|71/100|[from] drain|[of] p1a: Basculegion
|-damage|p1b: Amoonguss|95/100
|-heal|p2b: Sinistcha|74/100|[from] drain|[of] p1b: Amoonguss
|-status|p1b: Amoonguss|brn
|move|p1a: Basculegion|Wave Crash|p2a: Ursaluna
|-supereffective|p2a: Ursaluna
|-damage|p2a: Ursaluna|0 fnt
|faint|p2a: Ursaluna
|-damage|p1a: Basculegion|6/100|[from] Recoil
|
|-weather|RainDance|[upkeep]
|-damage|p1b: Amoonguss|89/100 brn|[from] brn
|upkeep
|turn|11
|
|t:|1757721443
|move|p1b: Amoonguss|Pollen Puff|p1a: Basculegion
|-heal|p1a: Basculegion|56/100
|move|p2b: Sinistcha|Matcha Gotcha|p1b: Amoonguss|[spread] p1a,p1b
|-resisted|p1a: Basculegion
|-resisted|p1b: Amoonguss
|-damage|p1a: Basculegion|44/100
|-heal|p2b: Sinistcha|81/100|[from] drain|[of] p1a: Basculegion
|-damage|p1b: Amoonguss|85/100 brn
|-heal|p2b: Sinistcha|84/100|[from] drain|[of] p1b: Amoonguss
|-status|p1a: Basculegion|brn
|move|p1a: Basculegion|Wave Crash|p2b: Sinistcha
|-resisted|p2b: Sinistcha
|-damage|p2b: Sinistcha|67/100
|-damage|p1a: Basculegion|39/100 brn|[from] Recoil
|
|-weather|RainDance|[upkeep]
|-damage|p1b: Amoonguss|79/100 brn|[from] brn
|-damage|p1a: Basculegion|33/100 brn|[from] brn
|-fieldend|move: Trick Room
|upkeep
|turn|12
|
|t:|1757721459
|move|p1a: Basculegion|Wave Crash|p2b: Sinistcha
|-resisted|p2b: Sinistcha
|-damage|p2b: Sinistcha|48/100
|-enditem|p2b: Sinistcha|Sitrus Berry|[eat]
|-heal|p2b: Sinistcha|73/100|[from] item: Sitrus Berry
|-damage|p1a: Basculegion|28/100 brn|[from] Recoil
|move|p2b: Sinistcha|Matcha Gotcha|p1a: Basculegion|[spread] p1a,p1b
|-resisted|p1a: Basculegion
|-resisted|p1b: Amoonguss
|-damage|p1a: Basculegion|14/100 brn
|-heal|p2b: Sinistcha|81/100|[from] drain|[of] p1a: Basculegion
|-damage|p1b: Amoonguss|74/100 brn
|-heal|p2b: Sinistcha|85/100|[from] drain|[of] p1b: Amoonguss
|move|p1b: Amoonguss|Pollen Puff|p2b: Sinistcha
|-damage|p2b: Sinistcha|68/100
|
|-weather|none
|-damage|p1a: Basculegion|8/100 brn|[from] brn
|-damage|p1b: Amoonguss|68/100 brn|[from] brn
|upkeep
|turn|13
|
|t:|1757721480
|switch|p1a: Archaludon|Archaludon, L50, M|100/100
|move|p1b: Amoonguss|Protect|p1b: Amoonguss
|-singleturn|p1b: Amoonguss|Protect
|move|p2b: Sinistcha|Matcha Gotcha|p1b: Amoonguss|[spread] p1a
|-activate|p1b: Amoonguss|move: Protect
|-resisted|p1a: Archaludon
|-damage|p1a: Archaludon|94/100
|-heal|p2b: Sinistcha|71/100|[from] drain|[of] p1a: Archaludon
|-status|p1a: Archaludon|brn
|-ability|p1a: Archaludon|Stamina|boost
|-boost|p1a: Archaludon|def|1
|
|-damage|p1a: Archaludon|88/100 brn|[from] brn
|-damage|p1b: Amoonguss|62/100 brn|[from] brn
|upkeep
|turn|14
|
|t:|1757721491
|move|p1a: Archaludon|Snarl|p2b: Sinistcha
|-supereffective|p2b: Sinistcha
|-damage|p2b: Sinistcha|31/100
|-unboost|p2b: Sinistcha|spa|1
|move|p2b: Sinistcha|Life Dew|p2b: Sinistcha
|-heal|p2b: Sinistcha|56/100
|move|p1b: Amoonguss|Pollen Puff|p1a: Archaludon
|-heal|p1a: Archaludon|100/100 brn
|
|-damage|p1a: Archaludon|94/100 brn|[from] brn
|-damage|p1b: Amoonguss|56/100 brn|[from] brn
|upkeep
|turn|15
|
|t:|1757721498
|move|p1a: Archaludon|Snarl|p2b: Sinistcha
|-supereffective|p2b: Sinistcha
|-damage|p2b: Sinistcha|13/100
|-unboost|p2b: Sinistcha|spa|1
|move|p2b: Sinistcha|Matcha Gotcha|p1a: Archaludon|[spread] p1a
|-miss|p2b: Sinistcha|p1b: Amoonguss
|-resisted|p1a: Archaludon
|-damage|p1a: Archaludon|91/100 brn
|-heal|p2b: Sinistcha|15/100|[from] drain|[of] p1a: Archaludon
|-ability|p1a: Archaludon|Stamina|boost
|-boost|p1a: Archaludon|def|1
|move|p1b: Amoonguss|Pollen Puff|p1a: Archaludon
|-heal|p1a: Archaludon|100/100 brn
|
|-damage|p1a: Archaludon|94/100 brn|[from] brn
|-damage|p1b: Amoonguss|50/100 brn|[from] brn
|upkeep
|turn|16
|
|t:|1757721504
|move|p1a: Archaludon|Snarl|p2b: Sinistcha
|-supereffective|p2b: Sinistcha
|-damage|p2b: Sinistcha|0 fnt
|faint|p2b: Sinistcha
|
|win|gruby_2
|raw|gruby_2's rating: 1173 → 1195(+22 for winning)
|raw|QrdeJegoMac's rating: 1127 → 1105(-22 for losing)
|c|☆gruby_2|gg wp
