|j|☆selmir suljkanovic
|j|☆ilikecsr
|html|selmir suljkanovicilikecsr    
|uhtml|bestof|Game 3 of a best-of-3
|t:|1783959509
|gametype|doubles
|player|p1|selmir suljkanovic|ballguy|1155
|player|p2|ilikecsr|n|1329
|gen|9
|tier|[Gen 9 Champions] VGC 2026 Reg M-B (Bo3)
|rated|
|rule|Species Clause: Limit one of each Pokémon
|rule|Item Clause: Limit 1 of each item
|clearpoke
|poke|p1|Sinistcha-Masterpiece, L50|
|poke|p1|Kingambit, L50, F|
|poke|p1|Sneasler, L50, F|
|poke|p1|Blastoise, L50, F|
|poke|p1|Delphox, L50, F|
|poke|p1|Incineroar, L50, F|
|poke|p2|Swampert, L50, F|
|poke|p2|Archaludon, L50, M|
|poke|p2|Sableye, L50, F|
|poke|p2|Sinistcha-Masterpiece, L50|
|poke|p2|Pelipper, L50, F|
|poke|p2|Sylveon, L50, M|
|teampreview|4
|showteam|p1|Sinistcha-Masterpiece||OccaBerry|Hospitality|MatchaGotcha,RagePowder,TrickRoom,Protect|Bold|||||50|]Kingambit||LifeOrb|Defiant|KowtowCleave,SuckerPunch,SwordsDance,Protect|Adamant||F|||50|]Sneasler||FocusSash|PoisonTouch|FakeOut,CloseCombat,DireClaw,QuickGuard|Jolly||F|||50|]Blastoise||Blastoisinite|RainDish|WaterSpout,DarkPulse,ShellSmash,Protect|Modest||F|||50|]Delphox||Delphoxite|Blaze|HeatWave,Psyshock,NastyPlot,Protect|Timid||F|||50|]Incineroar||SitrusBerry|Intimidate|PartingShot,FlareBlitz,ThroatChop,FakeOut|Careful||F|||50|
|showteam|p2|Swampert||Swampertite|Torrent|WaveCrash,Earthquake,IcePunch,Protect|Adamant||F|||50|]Archaludon||Leftovers|Stamina|ElectroShot,DragonPulse,FlashCannon,Protect|Modest||M|||50|]Sableye||LightClay|Prankster|Reflect,LightScreen,RainDance,Encore|Sassy||F|||50|]Sinistcha-Masterpiece||ColburBerry|Hospitality|MatchaGotcha,RagePowder,TrickRoom,Protect|Sassy|||||50|]Pelipper||FocusSash|Drizzle|WeatherBall,Hurricane,Tailwind,Protect|Modest||F|||50|]Sylveon||FairyFeather|Pixilate|HyperVoice,HyperBeam,QuickAttack,Protect|Modest||M|||50|
|inactive|Battle timer is ON: inactive players will automatically lose when time's up. (requested by selmir suljkanovic)
|
|t:|1783959548
|teamsize|p1|4
|teamsize|p2|4
|start
|switch|p1a: Blastoise|Blastoise, L50, F|100/100
|switch|p1b: Incineroar|Incineroar, L50, F|100/100
|switch|p2a: Sableye|Sableye, L50, F|100/100
|switch|p2b: Maithan Steel|Archaludon, L50, M|100/100
|-ability|p1b: Incineroar|Intimidate|boost
|-unboost|p2a: Sableye|atk|1
|-unboost|p2b: Maithan Steel|atk|1
|turn|1
|
|t:|1783959566
|detailschange|p1a: Blastoise|Blastoise-Mega, L50, F
|-mega|p1a: Blastoise|Blastoise|Blastoisinite
|move|p2b: Maithan Steel|Protect|p2b: Maithan Steel
|-singleturn|p2b: Maithan Steel|Protect
|move|p1b: Incineroar|Fake Out|p2b: Maithan Steel
|-activate|p2b: Maithan Steel|move: Protect
|move|p2a: Sableye|Reflect|p2a: Sableye
|-sidestart|p2: ilikecsr|Reflect
|move|p1a: Blastoise|Shell Smash|p1a: Blastoise
|-unboost|p1a: Blastoise|def|1
|-unboost|p1a: Blastoise|spd|1
|-boost|p1a: Blastoise|atk|2
|-boost|p1a: Blastoise|spa|2
|-boost|p1a: Blastoise|spe|2
|
|upkeep
|turn|2
|
|t:|1783959576
|move|p1a: Blastoise|Protect|p1a: Blastoise
|-singleturn|p1a: Blastoise|Protect
|move|p2a: Sableye|Encore|p1a: Blastoise
|-activate|p1a: Blastoise|move: Protect
|move|p1b: Incineroar|Parting Shot|p2b: Maithan Steel
|-unboost|p2b: Maithan Steel|atk|1
|-unboost|p2b: Maithan Steel|spa|1
|
|t:|1783959582
|switch|p1b: Sinistcha|Sinistcha-Masterpiece, L50|100/100|[from] Parting Shot
|move|p2b: Maithan Steel|Dragon Pulse|p1b: Sinistcha
|-damage|p1b: Sinistcha|73/100
|
|upkeep
|turn|3
|
|t:|1783959595
|move|p1b: Sinistcha|Rage Powder|p1b: Sinistcha
|-singleturn|p1b: Sinistcha|move: Rage Powder
|move|p2a: Sableye|Encore|p1b: Sinistcha
|-start|p1b: Sinistcha|Encore
|move|p1a: Blastoise|Shell Smash|p1a: Blastoise
|-unboost|p1a: Blastoise|def|1
|-unboost|p1a: Blastoise|spd|1
|-boost|p1a: Blastoise|atk|2
|-boost|p1a: Blastoise|spa|2
|-boost|p1a: Blastoise|spe|2
|move|p2b: Maithan Steel|Dragon Pulse|p1b: Sinistcha
|-damage|p1b: Sinistcha|47/100
|
|upkeep
|turn|4
|
|t:|1783959612
|move|p1b: Sinistcha|Rage Powder|p1b: Sinistcha
|-singleturn|p1b: Sinistcha|move: Rage Powder
|move|p2a: Sableye|Encore||[still]
|-fail|p2a: Sableye
|move|p1a: Blastoise|Water Spout|p2a: Sableye|[spread] p2a,p2b
|-resisted|p2b: Maithan Steel|1
|-damage|p2a: Sableye|0 fnt
|-damage|p2b: Maithan Steel|6/100
|-ability|p2b: Maithan Steel|Stamina|boost
|-boost|p2b: Maithan Steel|def|1
|faint|p2a: Sableye
|move|p2b: Maithan Steel|Dragon Pulse|p1b: Sinistcha
|-damage|p1b: Sinistcha|22/100
|
|-heal|p2b: Maithan Steel|12/100|[from] item: Leftovers
|upkeep
|
|t:|1783959616
|switch|p2a: Katappa|Pelipper, L50, F|100/100
|-weather|RainDance|[from] ability: Drizzle|[of] p2a: Katappa
|turn|5
|
|t:|1783959620
|move|p2b: Maithan Steel|Protect|p2b: Maithan Steel
|-singleturn|p2b: Maithan Steel|Protect
|move|p1b: Sinistcha|Rage Powder|p1b: Sinistcha
|-singleturn|p1b: Sinistcha|move: Rage Powder
|move|p1a: Blastoise|Water Spout|p2b: Maithan Steel|[spread] p2a
|-activate|p2b: Maithan Steel|move: Protect
|-resisted|p2a: Katappa|1
|-enditem|p2a: Katappa|Focus Sash
|-damage|p2a: Katappa|1/100
|move|p2a: Katappa|Tailwind|p2a: Katappa
|-sidestart|p2: ilikecsr|move: Tailwind
|
|-weather|RainDance|[upkeep]
|-heal|p2b: Maithan Steel|18/100|[from] item: Leftovers
|upkeep
|turn|6
|inactive|ilikecsr has 30 seconds left.
|inactive|ilikecsr has 20 seconds left.
|
|t:|1783959657
|move|p1b: Sinistcha|Rage Powder|p1b: Sinistcha
|-singleturn|p1b: Sinistcha|move: Rage Powder
|move|p1a: Blastoise|Water Spout|p2b: Maithan Steel|[spread] p2a,p2b
|-resisted|p2a: Katappa|1
|-resisted|p2b: Maithan Steel|1
|-damage|p2a: Katappa|0 fnt
|-damage|p2b: Maithan Steel|0 fnt
|faint|p2a: Katappa
|faint|p2b: Maithan Steel
|
|-weather|RainDance|[upkeep]
|-end|p1b: Sinistcha|Encore
|upkeep
|
|t:|1783959663
|switch|p2b: Bahubali|Swampert, L50, F|100/100
|turn|7
|
|t:|1783959665
|detailschange|p2b: Bahubali|Swampert-Mega, L50, F
|-mega|p2b: Bahubali|Swampert|Swampertite
|move|p2b: Bahubali|Earthquake|p1b: Sinistcha|[spread] p1a,p1b
|-resisted|p1b: Sinistcha|1
|-damage|p1a: Blastoise|0 fnt
|-damage|p1b: Sinistcha|5/100
|faint|p1a: Blastoise
|move|p1b: Sinistcha|Matcha Gotcha|p2b: Bahubali
|-supereffective|p2b: Bahubali|2
|-damage|p2b: Bahubali|0 fnt
|-heal|p1b: Sinistcha|55/100|[from] drain|[of] p2b: Bahubali
|faint|p2b: Bahubali
|
|win|selmir suljkanovic
