|j|☆tessa scarlet
|j|☆Mamoswinefanboi
|html|tessa scarletMamoswinefanboi    
|uhtml|bestof|Game 1 of a best-of-3
|t:|1757938796
|gametype|doubles
|player|p1|tessa scarlet|170|1528
|player|p2|Mamoswinefanboi|265|1462
|gen|9
|tier|[Gen 9] VGC 2025 Reg H (Bo3)
|rated|
|rule|Species Clause: Limit one of each Pokémon
|rule|Item Clause: Limit 1 of each item
|clearpoke
|poke|p1|Baxcalibur, L50, F|
|poke|p1|Kilowattrel, L50, F|
|poke|p1|Gholdengo, L50|
|poke|p1|Incineroar, L50, M|
|poke|p1|Tauros-Paldea-Aqua, L50, M|
|poke|p1|Rillaboom, L50, M|
|poke|p2|Rillaboom, L50, F|
|poke|p2|Incineroar, L50, F|
|poke|p2|Ursaluna-Bloodmoon, L50, M|
|poke|p2|Sneasler, L50, M|
|poke|p2|Dondozo, L50, F|
|poke|p2|Gholdengo, L50|
|teampreview|4
|showteam|p1|Baxcalibur||LoadedDice|ThermalExchange|IcicleSpear,ScaleShot,IceShard,Protect|||F|||50|,,,,,Ghost]Kilowattrel||FocusSash|Competitive|Thunderbolt,AirSlash,Tailwind,Protect|||F|||50|,,,,,Ghost]Gholdengo||ChoiceSpecs|GoodasGold|MakeItRain,ShadowBall,PowerGem,Trick||||||50|,,,,,Steel]Incineroar||SafetyGoggles|Intimidate|FakeOut,FlareBlitz,KnockOff,PartingShot|||M|||50|,,,,,Ghost]Tauros-Paldea-Aqua||MirrorHerb|Intimidate|WaveCrash,CloseCombat,AquaJet,Protect|||M|||50|,,,,,Fighting]Rillaboom||AssaultVest|GrassySurge|FakeOut,WoodHammer,GrassyGlide,HighHorsepower|||M|||50|,,,,,Grass
|showteam|p2|Rillaboom||MiracleSeed|GrassySurge|WoodHammer,FakeOut,GrassyGlide,HighHorsepower|||F|||50|,,,,,Grass]Incineroar||SafetyGoggles|Intimidate|FakeOut,FlareBlitz,KnockOff,PartingShot|||F|||50|,,,,,Ghost]Ursaluna-Bloodmoon||AssaultVest|MindsEye|BloodMoon,EarthPower,HyperVoice,VacuumWave|||M|||50|,,,,,Electric]Sneasler||GrassySeed|Unburden|CloseCombat,Acrobatics,SwordsDance,Protect|||M|||50|,,,,,Flying]Dondozo||Leftovers|Unaware|Protect,WaveCrash,Fissure,Yawn|||F|||50|,,,,,Bug]Gholdengo||LifeOrb|GoodasGold|MakeItRain,ShadowBall,NastyPlot,Protect||||||50|,,,,,Water
|
|t:|1757938866
|teamsize|p1|4
|teamsize|p2|4
|start
|switch|p1a: Kilowattrel|Kilowattrel, L50, F|100/100
|switch|p1b: Gholdengo|Gholdengo, L50|100/100
|switch|p2a: Gholdengo|Gholdengo, L50|100/100
|switch|p2b: Rillaboom|Rillaboom, L50, F|100/100
|-fieldstart|move: Grassy Terrain|[from] ability: Grassy Surge|[of] p2b: Rillaboom
|turn|1
|
|t:|1757938883
|-terastallize|p1b: Gholdengo|Steel
|move|p1a: Kilowattrel|Protect|p1a: Kilowattrel
|-singleturn|p1a: Kilowattrel|Protect
|move|p2a: Gholdengo|Protect|p2a: Gholdengo
|-singleturn|p2a: Gholdengo|Protect
|move|p1b: Gholdengo|Make It Rain|p2a: Gholdengo|[spread] p2b
|-activate|p2a: Gholdengo|move: Protect
|-damage|p2b: Rillaboom|0 fnt
|-unboost|p1b: Gholdengo|spa|1
|faint|p2b: Rillaboom
|
|upkeep
|
|t:|1757938893
|switch|p2b: Sneasler|Sneasler, L50, M|100/100
|-enditem|p2b: Sneasler|Grassy Seed
|-boost|p2b: Sneasler|def|1|[from] item: Grassy Seed
|turn|2
|
|t:|1757938929
|move|p2b: Sneasler|Protect|p2b: Sneasler
|-singleturn|p2b: Sneasler|Protect
|move|p1a: Kilowattrel|Tailwind|p1a: Kilowattrel
|-sidestart|p1: tessa scarlet|move: Tailwind
|move|p1b: Gholdengo|Make It Rain|p2b: Sneasler|[spread] p2a
|-activate|p2b: Sneasler|move: Protect
|-resisted|p2a: Gholdengo
|-crit|p2a: Gholdengo
|-damage|p2a: Gholdengo|21/100
|-unboost|p1b: Gholdengo|spa|1
|move|p2a: Gholdengo|Shadow Ball|p1a: Kilowattrel
|-damage|p1a: Kilowattrel|12/100
|-damage|p2a: Gholdengo|12/100|[from] item: Life Orb
|
|-heal|p2a: Gholdengo|18/100|[from] Grassy Terrain
|upkeep
|turn|3
|
|t:|1757938949
|-terastallize|p2b: Sneasler|Flying
|move|p1a: Kilowattrel|Air Slash|p2b: Sneasler
|-damage|p2b: Sneasler|53/100
|move|p2b: Sneasler|Close Combat|p1b: Gholdengo
|-supereffective|p1b: Gholdengo
|-damage|p1b: Gholdengo|0 fnt
|-unboost|p2b: Sneasler|def|1
|-unboost|p2b: Sneasler|spd|1
|faint|p1b: Gholdengo
|move|p2a: Gholdengo|Shadow Ball|p1a: Kilowattrel
|-damage|p1a: Kilowattrel|0 fnt
|faint|p1a: Kilowattrel
|-damage|p2a: Gholdengo|8/100|[from] item: Life Orb
|
|-heal|p2a: Gholdengo|14/100|[from] Grassy Terrain
|upkeep
|
|t:|1757938953
|switch|p1a: Baxcalibur|Baxcalibur, L50, F|100/100
|switch|p1b: Incineroar|Incineroar, L50, M|100/100
|-ability|p1b: Incineroar|Intimidate|boost
|-unboost|p2a: Gholdengo|atk|1
|-unboost|p2b: Sneasler|atk|1
|turn|4
|
|t:|1757938970
|switch|p2a: Incineroar|Incineroar, L50, F|100/100
|-ability|p2a: Incineroar|Intimidate|boost
|-unboost|p1a: Baxcalibur|atk|1
|-unboost|p1b: Incineroar|atk|1
|move|p2b: Sneasler|Protect|p2b: Sneasler
|-singleturn|p2b: Sneasler|Protect
|move|p1b: Incineroar|Fake Out|p2b: Sneasler
|-activate|p2b: Sneasler|move: Protect
|move|p1a: Baxcalibur|Scale Shot|p2a: Incineroar
|-damage|p2a: Incineroar|88/100
|-damage|p2a: Incineroar|78/100
|-crit|p2a: Incineroar
|-damage|p2a: Incineroar|52/100
|-damage|p2a: Incineroar|41/100
|-damage|p2a: Incineroar|31/100
|-hitcount|p2a: Incineroar|5
|-unboost|p1a: Baxcalibur|def|1
|-boost|p1a: Baxcalibur|spe|1
|
|-heal|p2a: Incineroar|37/100|[from] Grassy Terrain
|upkeep
|turn|5
|
|t:|1757939001
|move|p1a: Baxcalibur|Protect|p1a: Baxcalibur
|-singleturn|p1a: Baxcalibur|Protect
|move|p2a: Incineroar|Fake Out|p1b: Incineroar
|-damage|p1b: Incineroar|88/100
|move|p2b: Sneasler|Close Combat|p1b: Incineroar
|-supereffective|p1b: Incineroar
|-damage|p1b: Incineroar|0 fnt
|-unboost|p2b: Sneasler|def|1
|-unboost|p2b: Sneasler|spd|1
|faint|p1b: Incineroar
|
|-heal|p2a: Incineroar|43/100|[from] Grassy Terrain
|-sideend|p1: tessa scarlet|move: Tailwind
|-fieldend|move: Grassy Terrain
|upkeep
|turn|6
|
|t:|1757939014
|switch|p2b: Gholdengo|Gholdengo, L50|14/100
|move|p1a: Baxcalibur|Scale Shot|p2a: Incineroar
|-damage|p2a: Incineroar|32/100
|-damage|p2a: Incineroar|21/100
|-damage|p2a: Incineroar|10/100
|-damage|p2a: Incineroar|1/100
|-damage|p2a: Incineroar|0 fnt
|faint|p2a: Incineroar
|-hitcount|p2: Incineroar|5
|-unboost|p1a: Baxcalibur|def|1
|-boost|p1a: Baxcalibur|spe|1
|
|upkeep
|
|t:|1757939019
|switch|p2a: Sneasler|Sneasler, L50, M, tera:Flying|53/100
|turn|7
|
|t:|1757939028
|move|p1a: Baxcalibur|Ice Shard|p2a: Sneasler
|-supereffective|p2a: Sneasler
|-damage|p2a: Sneasler|0 fnt
|faint|p2a: Sneasler
|move|p2b: Gholdengo|Make It Rain|p1a: Baxcalibur
|-supereffective|p1a: Baxcalibur
|-damage|p1a: Baxcalibur|0 fnt
|-unboost|p2b: Gholdengo|spa|1
|faint|p1a: Baxcalibur
|-damage|p2b: Gholdengo|5/100|[from] item: Life Orb
|
|win|Mamoswinefanboi
||tessa scarlet is ready for game 2.
||Mamoswinefanboi is ready for game 2.
|uhtml|next|Next: Game 2 of 3
