|j|☆grfynnvgc
|j|☆rolfyd
|html|grfynnvgcrolfyd    
|uhtml|bestof|Game 2 of a best-of-3
|t:|1784664375
|gametype|doubles
|player|p1|grfynnvgc|boarder|1071
|player|p2|rolfyd|169|1183
|gen|9
|tier|[Gen 9 Champions] VGC 2026 Reg M-B (Bo3)
|rated|
|rule|Species Clause: Limit one of each Pokémon
|rule|Item Clause: Limit 1 of each item
|clearpoke
|poke|p1|Primarina, L50, F|
|poke|p1|Kingambit, L50, M|
|poke|p1|Froslass, L50, F|
|poke|p1|Sneasler, L50, F|
|poke|p1|Lycanroc-Dusk, L50, F|
|poke|p1|Dragonite, L50, M|
|poke|p2|Farigiraf, L50, F|
|poke|p2|Aegislash, L50, M|
|poke|p2|Primarina, L50, M|
|poke|p2|Drampa, L50, F|
|poke|p2|Glimmora, L50, M|
|poke|p2|Talonflame, L50, M|
|teampreview|4
|showteam|p1|Primarina||LifeOrb|LiquidVoice|HyperVoice,Moonblast,Haze,Protect|Modest||F|||50|]Kingambit||BlackGlasses|Defiant|KowtowCleave,SuckerPunch,SwordsDance,Protect|Adamant||M|||50|]Froslass||Froslassite|CursedBody|Blizzard,ShadowBall,AuroraVeil,Protect|Timid||F|||50|]Sneasler||WhiteHerb|Unburden|GunkShot,CloseCombat,FakeOut,Protect|Adamant||F|||50|]Lycanroc-Dusk||FocusSash|ToughClaws|RockSlide,Accelerock,CloseCombat,Protect|Adamant||F|||50|]Dragonite||Dragoninite|Multiscale|DragonPulse,Flamethrower,Tailwind,Protect|Modest||M|||50|
|showteam|p2|Farigiraf||SitrusBerry|ArmorTail|TrickRoom,Psychic,Thunderbolt,Protect|Bold||F|||50|]Aegislash||SpellTag|StanceChange|IronHead,Poltergeist,ShadowSneak,KingsShield|Adamant||M|||50|]Primarina||Leftovers|LiquidVoice|HyperVoice,Moonblast,Haze,Protect|Quiet||M|||50|]Drampa||Drampanite|CloudNine|DragonPulse,EarthPower,HyperVoice,Protect|Modest||F|||50|]Glimmora||Glimmoranite|ToxicDebris|EarthPower,PowerGem,SludgeBomb,SpikyShield|Modest||M|||50|]Talonflame||FocusSash|GaleWings|Tailwind,Uturn,FlareBlitz,WillOWisp|Jolly||M|||50|
|inactive|Battle timer is ON: inactive players will automatically lose when time's up. (requested by rolfyd)
|
|t:|1784664421
|teamsize|p1|4
|teamsize|p2|4
|start
|switch|p1a: Sneasler|Sneasler, L50, F|100/100
|switch|p1b: Froslass|Froslass, L50, F|100/100
|switch|p2a: Talonflame|Talonflame, L50, M|100/100
|switch|p2b: Primarina|Primarina, L50, M|100/100
|turn|1
|
|t:|1784664440
|switch|p2b: Aegislash|Aegislash, L50, M|100/100
|detailschange|p1b: Froslass|Froslass-Mega, L50, F
|-mega|p1b: Froslass|Froslass|Froslassite
|-weather|Snowscape|[from] ability: Snow Warning|[of] p1b: Froslass
|move|p2a: Talonflame|Tailwind|p2a: Talonflame
|-sidestart|p2: rolfyd|move: Tailwind
|move|p1b: Froslass|Blizzard|p2b: Aegislash|[spread] p2a,p2b
|-resisted|p2b: Aegislash|1
|-damage|p2a: Talonflame|30/100
|-damage|p2b: Aegislash|82/100
|move|p1a: Sneasler|Gunk Shot|p2b: Aegislash
|-immune|p2b: Aegislash
|
|-weather|Snowscape|[upkeep]
|upkeep
|turn|2
|inactive|rolfyd has 30 seconds left.
|
|t:|1784664470
|switch|p1a: Lycanroc|Lycanroc-Dusk, L50, F|100/100
|move|p2a: Talonflame|Will-O-Wisp|p1a: Lycanroc
|-status|p1a: Lycanroc|brn
|move|p1b: Froslass|Shadow Ball|p2b: Aegislash
|-supereffective|p2b: Aegislash|1
|-damage|p2b: Aegislash|17/100
|-formechange|p2b: Aegislash|Aegislash-Blade|
|move|p2b: Aegislash|Iron Head|p1b: Froslass
|-supereffective|p1b: Froslass|1
|-crit|p1b: Froslass
|-damage|p1b: Froslass|0 fnt
|faint|p1b: Froslass
|
|-weather|Snowscape|[upkeep]
|-damage|p1a: Lycanroc|94/100 brn|[from] brn
|upkeep
|
|t:|1784664484
|switch|p1b: Primarina|Primarina, L50, F|100/100
|turn|3
|
|t:|1784664493
|-formechange|p2b: Aegislash|Aegislash|
|move|p2b: Aegislash|King's Shield|p2b: Aegislash
|-singleturn|p2b: Aegislash|Protect
|move|p1b: Primarina|Protect|p1b: Primarina
|-singleturn|p1b: Primarina|Protect
|move|p1a: Lycanroc|Accelerock|p2a: Talonflame
|-supereffective|p2a: Talonflame|2
|-damage|p2a: Talonflame|0 fnt
|faint|p2a: Talonflame
|
|-weather|Snowscape|[upkeep]
|-damage|p1a: Lycanroc|88/100 brn|[from] brn
|upkeep
|
|t:|1784664501
|switch|p2a: Primarina|Primarina, L50, M|100/100
|turn|4
|
|t:|1784664517
|switch|p1b: Sneasler|Sneasler, L50, F|100/100
|move|p1a: Lycanroc|Accelerock|p2b: Aegislash
|-resisted|p2b: Aegislash|1
|-damage|p2b: Aegislash|11/100
|-formechange|p2b: Aegislash|Aegislash-Blade|
|move|p2b: Aegislash|Iron Head|p1b: Sneasler
|-damage|p1b: Sneasler|34/100
|move|p2a: Primarina|Hyper Voice|p1b: Sneasler|[spread] p1a,p1b
|-supereffective|p1a: Lycanroc|1
|-damage|p1a: Lycanroc|0 fnt
|-damage|p1b: Sneasler|0 fnt
|faint|p1a: Lycanroc
|faint|p1b: Sneasler
|
|-weather|Snowscape|[upkeep]
|-sideend|p2: rolfyd|move: Tailwind
|upkeep
|inactive|grfynnvgc has 30 seconds left.
|inactive|grfynnvgc has 20 seconds left.
|inactive|grfynnvgc has 15 seconds left.
|
|t:|1784664559
|switch|p1b: Primarina|Primarina, L50, F|100/100
|turn|5
|
|t:|1784664565
|-formechange|p2b: Aegislash|Aegislash|
|move|p2b: Aegislash|King's Shield|p2b: Aegislash
|-singleturn|p2b: Aegislash|Protect
|move|p1b: Primarina|Hyper Voice|p2a: Primarina|[spread] p2a
|-activate|p2b: Aegislash|move: Protect
|-resisted|p2a: Primarina|1
|-damage|p2a: Primarina|81/100
|-damage|p1b: Primarina|90/100|[from] item: Life Orb
|move|p2a: Primarina|Moonblast|p1b: Primarina
|-damage|p1b: Primarina|34/100
|
|-weather|none
|-heal|p2a: Primarina|87/100|[from] item: Leftovers
|upkeep
|turn|6
|-message|grfynnvgc forfeited.
|
|win|rolfyd
