|j|☆josejuan69
|j|☆ClefableBot
|html|josejuan69ClefableBot    
|uhtml|bestof|Game 2 of a best-of-3
|t:|1782490317
|gametype|doubles
|player|p1|josejuan69|101|1290
|player|p2|ClefableBot|koga|1192
|gen|9
|tier|[Gen 9 Champions] VGC 2026 Reg M-B (Bo3)
|rated|
|rule|Species Clause: Limit one of each Pokémon
|rule|Item Clause: Limit 1 of each item
|clearpoke
|poke|p1|Grimmsnarl, L50, M, shiny|
|poke|p1|Archaludon, L50, M, shiny|
|poke|p1|Pelipper, L50, M|
|poke|p1|Mawile, L50, F|
|poke|p1|Sinistcha, L50|
|poke|p1|Swampert, L50, M, shiny|
|poke|p2|Floette-Eternal, L50, F|
|poke|p2|Aerodactyl, L50, M|
|poke|p2|Garchomp, L50, F|
|poke|p2|Incineroar, L50, F|
|poke|p2|Sinistcha-Masterpiece, L50|
|poke|p2|Gholdengo, L50|
|teampreview|4
|showteam|p1|Grimmsnarl||LightClay|Prankster|FakeOut,Reflect,LightScreen,PartingShot|Careful||M|||50|]Archaludon||Leftovers|Stamina|Protect,DragonPulse,FlashCannon,ElectroShot|Modest||M|||50|]Pelipper||LifeOrb|Drizzle|WeatherBall,Hurricane,Tailwind,HelpingHand|Modest||M|||50|]Mawile||Mawilite|HyperCutter|Protect,SuckerPunch,PlayRough,SwordsDance|Adamant||F|||50|]Sinistcha||KasibBerry|Hospitality|Protect,RagePowder,MatchaGotcha,TrickRoom|Bold|||||50|]Swampert||Swampertite|Damp|Protect,WaveCrash,HighHorsepower,IcePunch|Adamant||M|||50|
|showteam|p2|Floette-Eternal||Floettite|FlowerVeil|Protect,DrainingKiss,Moonblast,CalmMind|Modest||F|||50|]Aerodactyl||Aerodactylite|Unnerve|Protect,Tailwind,DualWingbeat,RockSlide|Jolly||M|||50|]Garchomp||ChoiceScarf|RoughSkin|RockSlide,DragonClaw,Earthquake,StompingTantrum|Adamant||F|||50|]Incineroar||SitrusBerry|Intimidate|FlareBlitz,PartingShot,ThroatChop,FakeOut|Impish||F|||50|]Sinistcha-Masterpiece||KasibBerry|Hospitality|Protect,RagePowder,MatchaGotcha,LifeDew|Bold|||||50|]Gholdengo||LifeOrb|GoodasGold|Protect,MakeItRain,ShadowBall,NastyPlot|Timid|||||50|
|inactive|Battle timer is ON: inactive players will automatically lose when time's up. (requested by ClefableBot)
|
|t:|1782490349
|teamsize|p1|4
|teamsize|p2|4
|start
|switch|p1a: Grimmsnarl|Grimmsnarl, L50, M, shiny|100/100
|switch|p1b: Swampert|Swampert, L50, M, shiny|100/100
|switch|p2a: Gholdengo|Gholdengo, L50|100/100
|switch|p2b: Sinistcha|Sinistcha-Masterpiece, L50|100/100
|turn|1
|inactive|josejuan69 has 30 seconds left.
|inactive|ClefableBot has 30 seconds left.
|
|t:|1782490381
|switch|p2a: Incineroar|Incineroar, L50, F|100/100
|-ability|p2a: Incineroar|Intimidate|boost
|-unboost|p1a: Grimmsnarl|atk|1
|-unboost|p1b: Swampert|atk|1
|switch|p1b: Archaludon|Archaludon, L50, M, shiny|100/100
|move|p1a: Grimmsnarl|Light Screen|p1a: Grimmsnarl
|-sidestart|p1: josejuan69|move: Light Screen
|move|p2b: Sinistcha|Matcha Gotcha|p1b: Archaludon|[spread] p1a
|-miss|p2b: Sinistcha|p1b: Archaludon
|-damage|p1a: Grimmsnarl|86/100
|
|upkeep
|turn|2
|inactive|josejuan69 has 30 seconds left.
|inactive|ClefableBot has 30 seconds left.
|
|t:|1782490407
|switch|p1a: Pelipper|Pelipper, L50, M|100/100
|-weather|RainDance|[from] ability: Drizzle|[of] p1a: Pelipper
|move|p1b: Archaludon|Electro Shot||[still]
|-prepare|p1b: Archaludon|Electro Shot
|-boost|p1b: Archaludon|spa|1
|-anim|p1b: Archaludon|Electro Shot|p2a: Incineroar
|-damage|p2a: Incineroar|44/100
|-enditem|p2a: Incineroar|Sitrus Berry|[eat]
|-heal|p2a: Incineroar|68/100|[from] item: Sitrus Berry
|move|p2a: Incineroar|Parting Shot|p1b: Archaludon
|-unboost|p1b: Archaludon|atk|1
|-unboost|p1b: Archaludon|spa|1
|
|t:|1782490425
|switch|p2a: Floette|Floette-Eternal, L50, F|100/100|[from] Parting Shot
|move|p2b: Sinistcha|Matcha Gotcha|p1a: Pelipper|[spread] p1a,p1b
|-resisted|p1b: Archaludon|2
|-damage|p1a: Pelipper|78/100
|-damage|p1b: Archaludon|95/100
|-ability|p1b: Archaludon|Stamina|boost
|-boost|p1b: Archaludon|def|1
|
|-weather|RainDance|[upkeep]
|-heal|p1b: Archaludon|100/100|[from] item: Leftovers
|upkeep
|turn|3
|
|t:|1782490444
|detailschange|p2a: Floette|Floette-Mega, L50, F
|-mega|p2a: Floette|Floette|Floettite
|-ability|p2a: Floette|Fairy Aura
|move|p2b: Sinistcha|Protect|p2b: Sinistcha
|-singleturn|p2b: Sinistcha|Protect
|move|p2a: Floette|Calm Mind|p2a: Floette
|-boost|p2a: Floette|spa|1
|-boost|p2a: Floette|spd|1
|move|p1b: Archaludon|Electro Shot||[still]
|-prepare|p1b: Archaludon|Electro Shot
|-boost|p1b: Archaludon|spa|1
|-anim|p1b: Archaludon|Electro Shot|p2a: Floette
|-damage|p2a: Floette|63/100
|move|p1a: Pelipper|Tailwind|p1a: Pelipper
|-sidestart|p1: josejuan69|move: Tailwind
|
|-weather|RainDance|[upkeep]
|upkeep
|turn|4
|inactive|ClefableBot has 30 seconds left.
|
|t:|1782490479
|move|p1b: Archaludon|Protect|p1b: Archaludon
|-singleturn|p1b: Archaludon|Protect
|move|p2b: Sinistcha|Rage Powder|p2b: Sinistcha
|-singleturn|p2b: Sinistcha|move: Rage Powder
|move|p1a: Pelipper|Hurricane|p2b: Sinistcha
|-supereffective|p2b: Sinistcha|1
|-damage|p2b: Sinistcha|0 fnt
|faint|p2b: Sinistcha
|-damage|p1a: Pelipper|69/100|[from] item: Life Orb
|move|p2a: Floette|Draining Kiss|p1a: Pelipper
|-damage|p1a: Pelipper|17/100
|-heal|p2a: Floette|100/100|[from] drain|[of] p1a: Pelipper
|
|-weather|RainDance|[upkeep]
|upkeep
|
|t:|1782490495
|switch|p2b: Gholdengo|Gholdengo, L50|100/100
|turn|5
|inactive|josejuan69 has 30 seconds left.
|
|t:|1782490521
|move|p2b: Gholdengo|Protect|p2b: Gholdengo
|-singleturn|p2b: Gholdengo|Protect
|move|p1b: Archaludon|Flash Cannon|p2a: Floette
|-supereffective|p2a: Floette|1
|-damage|p2a: Floette|32/100
|move|p1a: Pelipper|Weather Ball|p2b: Gholdengo
|-activate|p2b: Gholdengo|move: Protect
|move|p2a: Floette|Draining Kiss|p1b: Archaludon
|-damage|p1b: Archaludon|63/100
|-heal|p2a: Floette|67/100|[from] drain|[of] p1b: Archaludon
|-ability|p1b: Archaludon|Stamina|boost
|-boost|p1b: Archaludon|def|1
|
|-weather|RainDance|[upkeep]
|-heal|p1b: Archaludon|69/100|[from] item: Leftovers
|upkeep
|turn|6
|inactive|josejuan69 has 30 seconds left.
|inactive|ClefableBot has 30 seconds left.
|
|t:|1782490548
|switch|p1a: Grimmsnarl|Grimmsnarl, L50, M, shiny|86/100
|move|p1b: Archaludon|Flash Cannon|p2a: Floette
|-supereffective|p2a: Floette|1
|-damage|p2a: Floette|4/100
|move|p2a: Floette|Draining Kiss|p1b: Archaludon
|-damage|p1b: Archaludon|31/100
|-heal|p2a: Floette|41/100|[from] drain|[of] p1b: Archaludon
|-ability|p1b: Archaludon|Stamina|boost
|-boost|p1b: Archaludon|def|1
|move|p2b: Gholdengo|Nasty Plot|p2b: Gholdengo
|-boost|p2b: Gholdengo|spa|2
|
|-weather|none
|-heal|p1b: Archaludon|37/100|[from] item: Leftovers
|-sideend|p1: josejuan69|move: Tailwind
|upkeep
|turn|7
|inactive|josejuan69 has 30 seconds left.
|inactive|josejuan69 has 20 seconds left.
|inactive|josejuan69 has 15 seconds left.
|inactive|ClefableBot has 30 seconds left.
|inactive|josejuan69 has 10 seconds left.
|inactive|ClefableBot has 20 seconds left.
|inactive|ClefableBot has 15 seconds left.
|
|t:|1782490605
|move|p1a: Grimmsnarl|Parting Shot|p2a: Floette
|-unboost|p2a: Floette|atk|1
|-unboost|p2a: Floette|spa|1
|
|t:|1782490615
|switch|p1a: Pelipper|Pelipper, L50, M|17/100|[from] Parting Shot
|-weather|RainDance|[from] ability: Drizzle|[of] p1a: Pelipper
|move|p2a: Floette|Draining Kiss|p1a: Pelipper
|-damage|p1a: Pelipper|0 fnt
|-heal|p2a: Floette|54/100|[from] drain|[of] p1a: Pelipper
|faint|p1a: Pelipper
|move|p2b: Gholdengo|Shadow Ball|p1b: Archaludon
|-damage|p1b: Archaludon|0 fnt
|faint|p1b: Archaludon
|-damage|p2b: Gholdengo|90/100|[from] item: Life Orb
|
|-weather|RainDance|[upkeep]
|upkeep
|
|t:|1782490626
|switch|p1b: Swampert|Swampert, L50, M, shiny|100/100
|switch|p1a: Grimmsnarl|Grimmsnarl, L50, M, shiny|86/100
|turn|8
|
|t:|1782490643
|detailschange|p1b: Swampert|Swampert-Mega, L50, M, shiny
|-mega|p1b: Swampert|Swampert|Swampertite
|move|p2b: Gholdengo|Protect|p2b: Gholdengo
|-singleturn|p2b: Gholdengo|Protect
|move|p1a: Grimmsnarl|Fake Out|p2a: Floette
|-damage|p2a: Floette|42/100
|move|p1b: Swampert|High Horsepower|p2b: Gholdengo
|-activate|p2b: Gholdengo|move: Protect
|cant|p2a: Floette|flinch
|
|-weather|RainDance|[upkeep]
|-sideend|p1: josejuan69|move: Light Screen
|upkeep
|turn|9
|inactive|ClefableBot has 30 seconds left.
|
|t:|1782490673
|move|p1a: Grimmsnarl|Light Screen|p1a: Grimmsnarl
|-sidestart|p1: josejuan69|move: Light Screen
|move|p1b: Swampert|High Horsepower|p2b: Gholdengo
|-supereffective|p2b: Gholdengo|1
|-damage|p2b: Gholdengo|0 fnt
|faint|p2b: Gholdengo
|move|p2a: Floette|Moonblast|p1a: Grimmsnarl
|-supereffective|p1a: Grimmsnarl|1
|-damage|p1a: Grimmsnarl|0 fnt
|faint|p1a: Grimmsnarl
|
|-weather|RainDance|[upkeep]
|upkeep
|
|t:|1782490683
|switch|p2b: Incineroar|Incineroar, L50, F|68/100
|-ability|p2b: Incineroar|Intimidate|boost
|-unboost|p1b: Swampert|atk|1
|turn|10
|
|t:|1782490699
|move|p1b: Swampert|Protect|p1b: Swampert
|-singleturn|p1b: Swampert|Protect
|move|p2b: Incineroar|Fake Out|p1b: Swampert
|-activate|p1b: Swampert|move: Protect
|move|p2a: Floette|Draining Kiss|p2b: Incineroar
|-damage|p2b: Incineroar|35/100
|-heal|p2a: Floette|75/100|[from] drain|[of] p2b: Incineroar
|
|-weather|RainDance|[upkeep]
|upkeep
|turn|11
|
|t:|1782490716
|move|p2a: Floette|Protect|p2a: Floette
|-singleturn|p2a: Floette|Protect
|move|p1b: Swampert|Wave Crash|p2a: Floette
|-activate|p2a: Floette|move: Protect
|move|p2b: Incineroar|Parting Shot|p1b: Swampert
|-unboost|p1b: Swampert|atk|1
|-unboost|p1b: Swampert|spa|1
|
|-weather|none
|upkeep
|turn|12
|
|t:|1782490737
|move|p2a: Floette|Moonblast|p1b: Swampert
|-damage|p1b: Swampert|56/100
|move|p1b: Swampert|Wave Crash|p2a: Floette
|-damage|p2a: Floette|33/100
|-damage|p1b: Swampert|44/100|[from] Recoil
|move|p2b: Incineroar|Parting Shot|p1b: Swampert
|-unboost|p1b: Swampert|atk|1
|-unboost|p1b: Swampert|spa|1
|
|upkeep
|turn|13
|
|t:|1782490750
|move|p2a: Floette|Draining Kiss|p1b: Swampert
|-damage|p1b: Swampert|23/100
|-heal|p2a: Floette|53/100|[from] drain|[of] p1b: Swampert
|move|p1b: Swampert|Wave Crash|p2a: Floette
|-damage|p2a: Floette|20/100y
|-damage|p1b: Swampert|14/100|[from] Recoil
|move|p2b: Incineroar|Parting Shot|p1b: Swampert
|-unboost|p1b: Swampert|atk|1
|-unboost|p1b: Swampert|spa|1
|
|upkeep
|turn|14
|-message|josejuan69 forfeited.
|
|win|ClefableBot
|raw|josejuan69's rating: 1290 → 1258(-32 for losing)
|raw|ClefableBot's rating: 1192 → 1224(+32 for winning)
|l|☆josejuan69
|player|p1|
