|j|☆Jakobtc
|j|☆Destinyherostratos
|html|JakobtcDestinyherostratos    
|uhtml|bestof|Game 3 of a best-of-3
|t:|1756692856
|gametype|doubles
|player|p1|Jakobtc|riley|1150
|player|p2|Destinyherostratos|265|1208
|gen|9
|tier|[Gen 9] VGC 2025 Reg H (Bo3)
|rated|
|rule|Species Clause: Limit one of each Pokémon
|rule|Item Clause: Limit 1 of each item
|clearpoke
|poke|p1|Gholdengo, L50|
|poke|p1|Incineroar, L50, F|
|poke|p1|Ursaluna, L50, M|
|poke|p1|Porygon2, L50|
|poke|p1|Kilowattrel, L50, F|
|poke|p1|Sneasler, L50, F|
|poke|p2|Gothitelle, L50, M|
|poke|p2|Gholdengo, L50|
|poke|p2|Politoed, L50, F|
|poke|p2|Kingdra, L50, M|
|poke|p2|Incineroar, L50, M|
|poke|p2|Rillaboom, L50, M|
|teampreview|4
|showteam|p1|Gholdengo||LifeOrb|GoodasGold|MakeItRain,ShadowBall,NastyPlot,Protect||||||50|,,,,,Dragon]Incineroar||SafetyGoggles|Intimidate|FakeOut,FlareBlitz,KnockOff,PartingShot|||F|||50|,,,,,Bug]Ursaluna||FlameOrb|Guts|Facade,HeadlongRush,Earthquake,Protect|||M|||50|,,,,,Ghost]Porygon2||Eviolite|Download|TeraBlast,IceBeam,Recover,TrickRoom||||||50|,,,,,Flying]Kilowattrel||FocusSash|Competitive|AirSlash,Thunderbolt,Tailwind,Protect|||F|||50|,,,,,Ghost]Sneasler||WhiteHerb|Unburden|DireClaw,CloseCombat,Taunt,Protect|||F|||50|,,,,,Stellar
|showteam|p2|Gothitelle||SitrusBerry|ShadowTag|Protect,Psychic,FakeOut,TrickRoom|||M|||50|,,,,,Dark]Gholdengo||MetalCoat|GoodasGold|MakeItRain,ShadowBall,NastyPlot,Protect||||||50|,,,,,Steel]Politoed||Leftovers|Drizzle|Protect,PerishSong,Encore,WeatherBall|||F|||50|,,,,,Grass]Kingdra||LifeOrb|SwiftSwim|Protect,WeatherBall,DracoMeteor,MuddyWater|||M|||50|,,,,,Water]Incineroar||SafetyGoggles|Intimidate|Protect,KnockOff,PartingShot,FakeOut|||M|||50|,,,,,Bug]Rillaboom||MeadowPlate|GrassySurge|Protect,WoodHammer,GrassyGlide,FakeOut|||M|||50|,,,,,Grass
|
|t:|1756692878
|teamsize|p1|4
|teamsize|p2|4
|start
|switch|p1a: Incineroar|Incineroar, L50, F|100/100
|switch|p1b: Porygon2|Porygon2, L50, shiny|100/100
|switch|p2a: Incineroar|Incineroar, L50, M|100/100
|switch|p2b: Kingdra|Kingdra, L50, M|100/100
|-ability|p1b: Porygon2|Download|boost
|-boost|p1b: Porygon2|atk|1
|-ability|p1a: Incineroar|Intimidate|boost
|-unboost|p2a: Incineroar|atk|1
|-unboost|p2b: Kingdra|atk|1
|-ability|p2a: Incineroar|Intimidate|boost
|-unboost|p1a: Incineroar|atk|1
|-unboost|p1b: Porygon2|atk|1
|turn|1
|inactive|Battle timer is ON: inactive players will automatically lose when time's up. (requested by Jakobtc)
|
|t:|1756692902
|switch|p2b: Gholdengo|Gholdengo, L50|100/100
|move|p1a: Incineroar|Parting Shot|p2b: Gholdengo
|-immune|p2b: Gholdengo|[from] ability: Good as Gold
|move|p2a: Incineroar|Knock Off|p1b: Porygon2
|-damage|p1b: Porygon2|84/100
|-enditem|p1b: Porygon2|Eviolite|[from] move: Knock Off|[of] p2a: Incineroar
|move|p1b: Porygon2|Trick Room|p1b: Porygon2
|-fieldstart|move: Trick Room|[of] p1b: Porygon2
|
|upkeep
|turn|2
|inactive|Destinyherostratos has 30 seconds left.
|inactive|Destinyherostratos has 20 seconds left.
|inactive|Destinyherostratos has 15 seconds left.
|
|t:|1756692946
|switch|p1b: Ursaluna|Ursaluna, L50, M|100/100
|move|p2a: Incineroar|Parting Shot|p1a: Incineroar
|-unboost|p1a: Incineroar|atk|1
|-unboost|p1a: Incineroar|spa|1
|
|t:|1756692952
|switch|p2a: Politoed|Politoed, L50, F|100/100|[from] Parting Shot
|-weather|RainDance|[from] ability: Drizzle|[of] p2a: Politoed
|move|p1a: Incineroar|Flare Blitz|p2b: Gholdengo
|-supereffective|p2b: Gholdengo
|-damage|p2b: Gholdengo|77/100
|-damage|p1a: Incineroar|93/100|[from] Recoil
|move|p2b: Gholdengo|Make It Rain|p1b: Ursaluna|[spread] p1a,p1b
|-resisted|p1a: Incineroar
|-damage|p1a: Incineroar|70/100
|-damage|p1b: Ursaluna|49/100
|-unboost|p2b: Gholdengo|spa|1
|
|-weather|RainDance|[upkeep]
|-status|p1b: Ursaluna|brn|[from] item: Flame Orb
|upkeep
|turn|3
|inactive|Jakobtc has 30 seconds left.
|inactive|Destinyherostratos has 30 seconds left.
|
|t:|1756692983
|switch|p2b: Incineroar|Incineroar, L50, M|100/100
|-ability|p2b: Incineroar|Intimidate|boost
|-unboost|p1a: Incineroar|atk|1
|-unboost|p1b: Ursaluna|atk|1
|-terastallize|p1b: Ursaluna|Ghost
|move|p1b: Ursaluna|Headlong Rush|p2b: Incineroar
|-supereffective|p2b: Incineroar
|-damage|p2b: Incineroar|0 fnt
|-unboost|p1b: Ursaluna|def|1
|-unboost|p1b: Ursaluna|spd|1
|faint|p2b: Incineroar
|move|p1a: Incineroar|Parting Shot|p2a: Politoed
|-unboost|p2a: Politoed|atk|1
|-unboost|p2a: Politoed|spa|1
|
|t:|1756692999
|switch|p1a: Gholdengo|Gholdengo, L50|100/100|[from] Parting Shot
|move|p2a: Politoed|Weather Ball|p1b: Ursaluna
|-damage|p1b: Ursaluna|7/100 brn
|
|-weather|RainDance|[upkeep]
|-damage|p1b: Ursaluna|1/100 brn|[from] brn
|upkeep
|inactive|Destinyherostratos has 30 seconds left.
|
|t:|1756693027
|switch|p2b: Gholdengo|Gholdengo, L50|77/100
|turn|4
|inactive|Jakobtc has 30 seconds left.
|
|t:|1756693061
|move|p2b: Gholdengo|Protect|p2b: Gholdengo
|-singleturn|p2b: Gholdengo|Protect
|move|p1b: Ursaluna|Facade|p2a: Politoed
|-damage|p2a: Politoed|7/100
|move|p2a: Politoed|Weather Ball|p1a: Gholdengo
|-crit|p1a: Gholdengo
|-damage|p1a: Gholdengo|18/100
|move|p1a: Gholdengo|Shadow Ball|p2b: Gholdengo
|-activate|p2b: Gholdengo|move: Protect
|
|-weather|RainDance|[upkeep]
|-heal|p2a: Politoed|13/100|[from] item: Leftovers
|-damage|p1b: Ursaluna|0 fnt|[from] brn
|faint|p1b: Ursaluna
|upkeep
|
|t:|1756693077
|switch|p1b: Porygon2|Porygon2, L50, shiny|84/100
|-ability|p1b: Porygon2|Download|boost
|-boost|p1b: Porygon2|atk|1
|turn|5
|
|t:|1756693095
|switch|p2a: Kingdra|Kingdra, L50, M|100/100
|-terastallize|p2b: Gholdengo|Steel
|move|p1b: Porygon2|Tera Blast|p2a: Kingdra
|-damage|p2a: Kingdra|57/100
|move|p1a: Gholdengo|Shadow Ball|p2a: Kingdra
|-damage|p2a: Kingdra|0 fnt
|faint|p2a: Kingdra
|-damage|p1a: Gholdengo|9/100|[from] item: Life Orb
|move|p2b: Gholdengo|Make It Rain|p1b: Porygon2|[spread] p1a,p1b
|-resisted|p1a: Gholdengo
|-damage|p1a: Gholdengo|0 fnt
|-damage|p1b: Porygon2|30/100
|-unboost|p2b: Gholdengo|spa|1
|faint|p1a: Gholdengo
|
|-weather|RainDance|[upkeep]
|-fieldend|move: Trick Room
|upkeep
|
|t:|1756693119
|switch|p2a: Politoed|Politoed, L50, F|13/100
|switch|p1a: Incineroar|Incineroar, L50, F|70/100
|-ability|p1a: Incineroar|Intimidate|boost
|-unboost|p2a: Politoed|atk|1
|-unboost|p2b: Gholdengo|atk|1
|turn|6
|
|t:|1756693140
|move|p2a: Politoed|Protect|p2a: Politoed
|-singleturn|p2a: Politoed|Protect
|move|p1a: Incineroar|Fake Out|p2a: Politoed
|-activate|p2a: Politoed|move: Protect
|move|p2b: Gholdengo|Nasty Plot|p2b: Gholdengo
|-boost|p2b: Gholdengo|spa|2
|move|p1b: Porygon2|Trick Room|p1b: Porygon2
|-fieldstart|move: Trick Room|[of] p1b: Porygon2
|
|-weather|none
|-heal|p2a: Politoed|19/100|[from] item: Leftovers
|upkeep
|turn|7
|c|☆Destinyherostratos|no...
|inactive|Destinyherostratos has 30 seconds left.
|
|t:|1756693171
|move|p1a: Incineroar|Flare Blitz|p2b: Gholdengo
|-supereffective|p2b: Gholdengo
|-damage|p2b: Gholdengo|0 fnt
|faint|p2b: Gholdengo
|-damage|p1a: Incineroar|46/100|[from] Recoil
|move|p1b: Porygon2|Tera Blast|p2a: Politoed
|-damage|p2a: Politoed|0 fnt
|faint|p2a: Politoed
|
|win|Jakobtc
|raw|Jakobtc's rating: 1150 → 1179(+29 for winning)
|raw|Destinyherostratos's rating: 1208 → 1179(-29 for losing)
|c|☆Jakobtc|gg
|c|☆Destinyherostratos|gg wp
|c|☆Jakobtc|wp
|l|☆Destinyherostratos
|player|p2|
