|j|☆Prince Sparks
|j|☆nov2023
|html|Prince Sparksnov2023    
|uhtml|bestof|Game 1 of a best-of-3
|t:|1756171935
|gametype|doubles
|player|p1|Prince Sparks|gambler|
|player|p2|nov2023|cameraman|
|gen|9
|tier|[Gen 9] VGC 2025 Reg H (Bo3)
|rule|Species Clause: Limit one of each Pokémon
|rule|Item Clause: Limit 1 of each item
|clearpoke
|poke|p1|Smeargle, L50, F|
|poke|p1|Zoroark-Hisui, L50, M|
|poke|p1|Torkoal, L50, F|
|poke|p1|Indeedee-F, L50, F|
|poke|p1|Hatterene, L50, F|
|poke|p1|Ursaluna, L50, M|
|poke|p2|Reuniclus, L50, M|
|poke|p2|Tyranitar, L50, F|
|poke|p2|Indeedee-F, L50, F|
|poke|p2|Garchomp, L50, F|
|poke|p2|Volcarona, L50, F|
|poke|p2|Hitmontop, L50, M|
|teampreview|4
|showteam|p1|Smeargle||EjectPack|Moody|FollowMe,Spore,Taunt,FakeOut|||F|||50|,,,,,Grass]Zoroark-Hisui||ChoiceSpecs|Illusion|HyperVoice,ShadowBall,TeraBlast,Trick|||M|||50|,,,,,Fighting]Torkoal||Charcoal|Drought|Eruption,WeatherBall,Protect,ClearSmog|||F|||50|,,,,,Flying]Indeedee-F||SafetyGoggles|PsychicSurge|Psychic,FollowMe,HelpingHand,TrickRoom|||F|||50|,,,,,Water]Hatterene||LifeOrb|MagicBounce|ExpandingForce,DazzlingGleam,Protect,TrickRoom|||F|||50|,,,,,Fire]Ursaluna||FlameOrb|Guts|Facade,HeadlongRush,Earthquake,Protect|||M|||50|,,,,,Bug
|showteam|p2|Reuniclus||LifeOrb|MagicGuard|Protect,ExpandingForce,Gravity,FocusBlast|||M|||50|,,,,,Fighting]Tyranitar||AssaultVest|SandStream|LowKick,RockSlide,KnockOff,TeraBlast|||F|||50|,,,,,Stellar]Indeedee-F||CovertCloak|PsychicSurge|TrickRoom,HelpingHand,FollowMe,Imprison|||F|||50|,,,,,Grass]Garchomp||ClearAmulet|SandVeil|Earthquake,DragonClaw,Protect,SwordsDance|||F|||50|,,,,,Fairy]Volcarona||SafetyGoggles|FlameBody|Tailwind,GigaDrain,HeatWave,QuiverDance|||F|||50|,,,,,Flying]Hitmontop||EjectPack|Intimidate|WideGuard,HelpingHand,CloseCombat,Protect|||M|||50|,,,,,Fighting
|inactive|Battle timer is ON: inactive players will automatically lose when time's up. (requested by nov2023)
|inactive|Prince Sparks has 60 seconds left.
|
|t:|1756171983
|teamsize|p1|4
|teamsize|p2|4
|start
|switch|p1a: Smeargle|Smeargle, L50, F|100/100
|switch|p1b: Hatterene|Hatterene, L50, F|100/100
|switch|p2a: Hitmontop|Hitmontop, L50, M|100/100
|switch|p2b: Volcarona|Volcarona, L50, F|100/100
|-ability|p2a: Hitmontop|Intimidate|boost
|-unboost|p1a: Smeargle|atk|1
|-unboost|p1b: Hatterene|atk|1
|-enditem|p1a: Smeargle|Eject Pack
|
|t:|1756171993
|switch|p1a: Indeedee|Indeedee-F, L50, F|100/100
|-fieldstart|move: Psychic Terrain|[from] ability: Psychic Surge|[of] p1a: Indeedee
|turn|1
|inactive|nov2023 has 30 seconds left.
|
|t:|1756172018
|switch|p1b: Ursaluna|Ursaluna, L50, M|100/100
|move|p2a: Hitmontop|Protect|p2a: Hitmontop
|-singleturn|p2a: Hitmontop|Protect
|move|p2b: Volcarona|Quiver Dance|p2b: Volcarona
|-boost|p2b: Volcarona|spa|1
|-boost|p2b: Volcarona|spd|1
|-boost|p2b: Volcarona|spe|1
|move|p1a: Indeedee|Trick Room|p1a: Indeedee
|-fieldstart|move: Trick Room|[of] p1a: Indeedee
|
|-status|p1b: Ursaluna|brn|[from] item: Flame Orb
|upkeep
|turn|2
|inactive|nov2023 has 30 seconds left.
|
|t:|1756172046
|-terastallize|p1b: Ursaluna|Bug
|-terastallize|p2b: Volcarona|Flying
|move|p1a: Indeedee|Follow Me|p1a: Indeedee
|-singleturn|p1a: Indeedee|move: Follow Me
|move|p1b: Ursaluna|Facade|p2a: Hitmontop
|-damage|p2a: Hitmontop|0 fnt
|faint|p2a: Hitmontop
|move|p2b: Volcarona|Heat Wave|p1b: Ursaluna|[spread] p1a
|-miss|p2b: Volcarona|p1b: Ursaluna
|-damage|p1a: Indeedee|50/100
|-status|p1a: Indeedee|brn
|
|-damage|p1b: Ursaluna|95/100 brn|[from] brn
|-damage|p1a: Indeedee|43/100 brn|[from] brn
|upkeep
|
|t:|1756172060
|switch|p2a: Reuniclus|Reuniclus, L50, M|100/100
|turn|3
|
|t:|1756172078
|switch|p1a: Hatterene|Hatterene, L50, F|100/100
|move|p1b: Ursaluna|Protect|p1b: Ursaluna
|-singleturn|p1b: Ursaluna|Protect
|move|p2a: Reuniclus|Expanding Force|p1a: Hatterene|[spread] p1a
|-activate|p1b: Ursaluna|move: Protect
|-resisted|p1a: Hatterene
|-crit|p1a: Hatterene
|-damage|p1a: Hatterene|29/100
|move|p2b: Volcarona|Heat Wave|p1a: Hatterene|[spread] p1a
|-activate|p1b: Ursaluna|move: Protect
|-damage|p1a: Hatterene|0 fnt
|faint|p1a: Hatterene
|
|-damage|p1b: Ursaluna|89/100 brn|[from] brn
|upkeep
|
|t:|1756172089
|switch|p1a: Smeargle|Smeargle, L50, F|100/100
|turn|4
|
|t:|1756172107
|move|p2a: Reuniclus|Expanding Force|p1b: Ursaluna|[spread] p1a,p1b
|-damage|p1a: Smeargle|0 fnt
|-damage|p1b: Ursaluna|19/100 brn
|faint|p1a: Smeargle
|move|p1b: Ursaluna|Facade|p2a: Reuniclus
|-damage|p2a: Reuniclus|0 fnt
|faint|p2a: Reuniclus
|move|p2b: Volcarona|Heat Wave|p1b: Ursaluna
|-supereffective|p1b: Ursaluna
|-damage|p1b: Ursaluna|0 fnt
|faint|p1b: Ursaluna
|
|upkeep
|
|t:|1756172119
|switch|p2a: Tyranitar|Tyranitar, L50, F|100/100
|switch|p1b: Indeedee|Indeedee-F, L50, F|43/100 brn
|-weather|Sandstorm|[from] ability: Sand Stream|[of] p2a: Tyranitar
|turn|5
|
|t:|1756172130
|move|p2a: Tyranitar|Knock Off|p1b: Indeedee
|-supereffective|p1b: Indeedee
|-damage|p1b: Indeedee|0 fnt
|-enditem|p1b: Indeedee|Safety Goggles|[from] move: Knock Off|[of] p2a: Tyranitar
|faint|p1b: Indeedee
|
|win|nov2023
||nov2023 is ready for game 2.
||Prince Sparks is ready for game 2.
|uhtml|next|Next: Game 2 of 3
