|j|☆AXiS Fan
|j|☆naibot2814
|html|AXiS Fannaibot2814    
|uhtml|bestof|Game 2 of a best-of-3
|t:|1783723079
|gametype|doubles
|player|p1|AXiS Fan|parasollady|1298
|player|p2|naibot2814|ghetsis|1365
|gen|9
|tier|[Gen 9 Champions] VGC 2026 Reg M-B (Bo3)
|rated|
|rule|Species Clause: Limit one of each Pokémon
|rule|Item Clause: Limit 1 of each item
|clearpoke
|poke|p1|Camerupt, L50, M, shiny|
|poke|p1|Venusaur, L50, M|
|poke|p1|Farigiraf, L50, M|
|poke|p1|Incineroar, L50, M|
|poke|p1|Kingambit, L50, M|
|poke|p1|Vivillon, L50, M|
|poke|p2|Blastoise, L50, M|
|poke|p2|Incineroar, L50, M|
|poke|p2|Sneasler, L50, M|
|poke|p2|Sinistcha, L50|
|poke|p2|Kingambit, L50, M, shiny|
|poke|p2|Floette-Eternal, L50, F|
|teampreview|4
|showteam|p1|Camerupt||Cameruptite|SolidRock|HeatWave,EarthPower,AncientPower,Protect|Quiet||M|||50|]Venusaur||Venusaurite|Chlorophyll|GigaDrain,SludgeBomb,EarthPower,Protect|Modest||M|||50|]Farigiraf||SitrusBerry|ArmorTail|Psychic,Thunderbolt,TrickRoom,Protect|Relaxed||M|||50|]Incineroar||MuscleBand|Intimidate|FakeOut,FlareBlitz,DarkestLariat,PartingShot|Adamant||M|||50|]Kingambit||BlackGlasses|Defiant|KowtowCleave,SuckerPunch,SwordsDance,IronHead|Adamant||M|||50|]Vivillon||FocusSash|CompoundEyes|SleepPowder,Hurricane,RagePowder,Protect|Timid||M|||50|
|showteam|p2|Blastoise||Blastoisinite|Torrent|WaterSpout,DarkPulse,ShellSmash,Protect|Modest||M|||50|]Incineroar||SitrusBerry|Intimidate|FakeOut,FlareBlitz,DarkestLariat,PartingShot|Careful||M|||50|]Sneasler||FocusSash|PoisonTouch|FakeOut,CloseCombat,PoisonJab,RockTomb|Jolly||M|||50|]Sinistcha||KasibBerry|Hospitality|MatchaGotcha,TrickRoom,RagePowder,Protect|Bold|||||50|]Kingambit||BlackGlasses|Defiant|KowtowCleave,SuckerPunch,SwordsDance,Protect|Adamant||M|||50|]Floette-Eternal||Floettite|FlowerVeil|DrainingKiss,DazzlingGleam,CalmMind,Protect|Modest||F|||50|
|
|t:|1783723100
|teamsize|p1|4
|teamsize|p2|4
|start
|switch|p1a: Farigiraf|Farigiraf, L50, M|100/100
|switch|p1b: Vivillon|Vivillon, L50, M|100/100
|switch|p2a: Blastoise|Blastoise, L50, M|100/100
|switch|p2b: Incineroar|Incineroar, L50, M|100/100
|-ability|p2b: Incineroar|Intimidate|boost
|-unboost|p1a: Farigiraf|atk|1
|-unboost|p1b: Vivillon|atk|1
|turn|1
|j| creed revival tour
|
|t:|1783723111
|switch|p2b: Sinistcha|Sinistcha, L50|100/100
|detailschange|p2a: Blastoise|Blastoise-Mega, L50, M
|-mega|p2a: Blastoise|Blastoise|Blastoisinite
|move|p1b: Vivillon|Sleep Powder|p2a: Blastoise
|-status|p2a: Blastoise|slp|[from] move: Sleep Powder
|cant|p2a: Blastoise|slp
|move|p1a: Farigiraf|Trick Room|p1a: Farigiraf
|-fieldstart|move: Trick Room|[of] p1a: Farigiraf
|
|upkeep
|turn|2
|
|t:|1783723125
|-curestatus|p2a: Blastoise|slp|[msg]
|move|p2a: Blastoise|Protect|p2a: Blastoise
|-singleturn|p2a: Blastoise|Protect
|move|p1a: Farigiraf|Psychic|p2a: Blastoise
|-activate|p2a: Blastoise|move: Protect
|move|p2b: Sinistcha|Matcha Gotcha|p1b: Vivillon|[spread] p1a,p1b
|-resisted|p1b: Vivillon|2
|-damage|p1a: Farigiraf|76/100
|-damage|p1b: Vivillon|88/100
|-status|p1a: Farigiraf|brn
|move|p1b: Vivillon|Hurricane|p2a: Blastoise
|-activate|p2a: Blastoise|move: Protect
|
|-damage|p1a: Farigiraf|70/100 brn|[from] brn
|upkeep
|turn|3
|
|t:|1783723145
|move|p1a: Farigiraf|Psychic|p2a: Blastoise
|-damage|p2a: Blastoise|64/100
|move|p2a: Blastoise|Dark Pulse|p1b: Vivillon
|-damage|p1b: Vivillon|1/100
|move|p1b: Vivillon|Hurricane|p2a: Blastoise
|-damage|p2a: Blastoise|20/100y
|move|p2b: Sinistcha|Trick Room|p2b: Sinistcha
|-fieldend|move: Trick Room
|
|-damage|p1a: Farigiraf|64/100 brn|[from] brn
|upkeep
|turn|4
|
|t:|1783723161
|move|p2b: Sinistcha|Rage Powder|p2b: Sinistcha
|-singleturn|p2b: Sinistcha|move: Rage Powder
|move|p1b: Vivillon|Hurricane|p2b: Sinistcha
|-supereffective|p2b: Sinistcha|1
|-damage|p2b: Sinistcha|14/100
|move|p2a: Blastoise|Dark Pulse|p1a: Farigiraf
|-supereffective|p1a: Farigiraf|1
|-damage|p1a: Farigiraf|0 fnt
|faint|p1a: Farigiraf
|
|upkeep
|
|t:|1783723167
|switch|p1a: Kingambit|Kingambit, L50, M|100/100
|turn|5
|
|t:|1783723189
|switch|p2a: Kingambit|Kingambit, L50, M, shiny|100/100
|move|p2b: Sinistcha|Protect|p2b: Sinistcha
|-singleturn|p2b: Sinistcha|Protect
|move|p1b: Vivillon|Hurricane|p2b: Sinistcha
|-activate|p2b: Sinistcha|move: Protect
|move|p1a: Kingambit|Swords Dance|p1a: Kingambit
|-boost|p1a: Kingambit|atk|2
|
|upkeep
|turn|6
|
|t:|1783723206
|move|p1b: Vivillon|Protect|p1b: Vivillon
|-singleturn|p1b: Vivillon|Protect
|move|p2a: Kingambit|Sucker Punch||[still]
|-fail|p2a: Kingambit
|move|p2b: Sinistcha|Matcha Gotcha|p1a: Kingambit|[spread] p1a
|-activate|p1b: Vivillon|move: Protect
|-resisted|p1a: Kingambit|1
|-damage|p1a: Kingambit|89/100
|-heal|p2b: Sinistcha|20/100y|[from] drain|[of] p1a: Kingambit
|move|p1a: Kingambit|Kowtow Cleave|p2b: Sinistcha
|-supereffective|p2b: Sinistcha|1
|-damage|p2b: Sinistcha|0 fnt
|faint|p2b: Sinistcha
|
|upkeep
|
|t:|1783723213
|switch|p2b: Incineroar|Incineroar, L50, M|100/100
|-ability|p2b: Incineroar|Intimidate|boost
|-unboost|p1a: Kingambit|atk|1
|-ability|p1a: Kingambit|Defiant|boost
|-boost|p1a: Kingambit|atk|2
|-unboost|p1b: Vivillon|atk|1
|turn|7
|
|t:|1783723231
|switch|p1b: Camerupt|Camerupt, L50, M, shiny|100/100
|move|p2b: Incineroar|Fake Out|p1b: Camerupt
|-damage|p1b: Camerupt|88/100
|move|p1a: Kingambit|Kowtow Cleave|p2b: Incineroar
|-resisted|p2b: Incineroar|1
|-damage|p2b: Incineroar|38/100
|-enditem|p2b: Incineroar|Sitrus Berry|[eat]
|-heal|p2b: Incineroar|63/100|[from] item: Sitrus Berry
|move|p2a: Kingambit|Swords Dance|p2a: Kingambit
|-boost|p2a: Kingambit|atk|2
|
|upkeep
|turn|8
|
|t:|1783723246
|detailschange|p1b: Camerupt|Camerupt-Mega, L50, M, shiny
|-mega|p1b: Camerupt|Camerupt|Cameruptite
|move|p2b: Incineroar|Flare Blitz|p1a: Kingambit
|-supereffective|p1a: Kingambit|1
|-damage|p1a: Kingambit|25/100
|-damage|p2b: Incineroar|41/100|[from] Recoil
|move|p1a: Kingambit|Kowtow Cleave|p2b: Incineroar
|-resisted|p2b: Incineroar|1
|-damage|p2b: Incineroar|0 fnt
|faint|p2b: Incineroar
|move|p2a: Kingambit|Kowtow Cleave|p1b: Camerupt
|-damage|p1b: Camerupt|0 fnt
|faint|p1b: Camerupt
|
|upkeep
|
|t:|1783723257
|switch|p2b: Blastoise|Blastoise-Mega, L50, M|20/100y
|switch|p1b: Vivillon|Vivillon, L50, M|1/100
|turn|9
|
|t:|1783723276
|move|p2b: Blastoise|Protect|p2b: Blastoise
|-singleturn|p2b: Blastoise|Protect
|move|p1a: Kingambit|Sucker Punch||[still]
|-fail|p1a: Kingambit
|move|p1b: Vivillon|Sleep Powder|p2a: Kingambit
|-status|p2a: Kingambit|slp|[from] move: Sleep Powder
|cant|p2a: Kingambit|slp
|
|upkeep
|turn|10
|
|t:|1783723289
|move|p2b: Blastoise|Protect||[still]
|-fail|p2b: Blastoise
|move|p1b: Vivillon|Hurricane|p2b: Blastoise
|-damage|p2b: Blastoise|0 fnt
|faint|p2b: Blastoise
|move|p1a: Kingambit|Kowtow Cleave|p2a: Kingambit
|-resisted|p2a: Kingambit|1
|-crit|p2a: Kingambit
|-damage|p2a: Kingambit|25/100 slp
|cant|p2a: Kingambit|slp
|
|upkeep
|turn|11
|
|t:|1783723301
|-curestatus|p2a: Kingambit|slp|[msg]
|move|p2a: Kingambit|Sucker Punch|p1a: Kingambit
|-resisted|p1a: Kingambit|1
|-damage|p1a: Kingambit|0 fnt
|faint|p1a: Kingambit
|move|p1b: Vivillon|Sleep Powder|p2a: Kingambit
|-status|p2a: Kingambit|slp|[from] move: Sleep Powder
|
|upkeep
|turn|12
|
|t:|1783723310
|cant|p2a: Kingambit|slp
|move|p1b: Vivillon|Hurricane|p2a: Kingambit
|-resisted|p2a: Kingambit|1
|-damage|p2a: Kingambit|2/100 slp
|-start|p2a: Kingambit|confusion
|
|upkeep
|turn|13
|
|t:|1783723313
|cant|p2a: Kingambit|slp
|move|p1b: Vivillon|Hurricane|p2a: Kingambit
|-resisted|p2a: Kingambit|1
|-damage|p2a: Kingambit|0 fnt
|faint|p2a: Kingambit
|
|win|AXiS Fan
|raw|AXiS Fan's rating: 1298 → 1328(+30 for winning)
|raw|naibot2814's rating: 1365 → 1341(-24 for losing)
|l|☆naibot2814
|player|p2|
|l|☆AXiS Fan
|player|p1|
|l| creed revival tour
|j|☆naibot2814
|player|p2|naibot2814|ghetsis|
