|j|☆IkeFAR
|j|☆ZephyrYona
|html|IkeFARZephyrYona    
|uhtml|bestof|Game 3 of a best-of-3
|t:|1784677134
|gametype|doubles
|player|p1|IkeFAR|steven|
|player|p2|ZephyrYona|falkner|
|gen|9
|tier|[Gen 9 Champions] VGC 2026 Reg M-B (Bo3)
|rule|Species Clause: Limit one of each Pokémon
|rule|Item Clause: Limit 1 of each item
|clearpoke
|poke|p1|Floette-Eternal, L50, F|
|poke|p1|Charizard, L50, F|
|poke|p1|Kingambit, L50, M|
|poke|p1|Whimsicott, L50, M|
|poke|p1|Basculegion, L50, M|
|poke|p1|Garchomp, L50, M|
|poke|p2|Staraptor, L50, M, shiny|
|poke|p2|Milotic, L50, M|
|poke|p2|Excadrill, L50, F|
|poke|p2|Sinistcha, L50|
|poke|p2|Tyranitar, L50, F, shiny|
|poke|p2|Gholdengo, L50|
|teampreview|4
|showteam|p1|Floette-Eternal||Floettite|FlowerVeil|LightofRuin,Moonblast,DazzlingGleam,Protect|Timid||F|||50|]Charizard||CharizarditeY|Blaze|SolarBeam,HeatWave,WeatherBall,Protect|Timid||F|||50|]Kingambit||BlackGlasses|Defiant|IronHead,Protect,KowtowCleave,SuckerPunch|Adamant||M|||50|]Whimsicott||FocusSash|Prankster|Moonblast,Tailwind,Encore,Protect|Timid||M|||50|]Basculegion||MysticWater|Adaptability|WaveCrash,Protect,LastRespects,AquaJet|Adamant||M|||50|]Garchomp||LifeOrb|RoughSkin|Earthquake,RockSlide,Protect,DragonClaw|Jolly||M|||50|
|showteam|p2|Staraptor||Staraptite|Intimidate|CloseCombat,BraveBird,Tailwind,Protect|Jolly||M|||50|]Milotic||SitrusBerry|Competitive|Scald,IcyWind,Haze,Protect|Serious||M|||50|]Excadrill||FocusSash|SandRush|IronHead,Earthquake,RockSlide,Protect|Jolly||F|||50|]Sinistcha||KasibBerry|Hospitality|MatchaGotcha,RagePowder,ShadowBall,Protect|Bold|||||50|]Tyranitar||Tyranitarite|SandStream|RockSlide,KnockOff,Protect,HighHorsepower|Serious||F|||50|]Gholdengo||LifeOrb|GoodasGold|MakeItRain,ShadowBall,NastyPlot,Protect|Modest|||||50|
|j| FBISurveillanceMan
|j| the gong lady
|c|☆IkeFAR|nobody commented on my basc beeing the only mon with a name btw
|
|t:|1784677173
|teamsize|p1|4
|teamsize|p2|4
|start
|switch|p1a: Charizard|Charizard, L50, F|100/100
|switch|p1b: Whimsicott|Whimsicott, L50, M|100/100
|switch|p2a: Falkner|Staraptor, L50, M, shiny|100/100
|switch|p2b: Milotic|Milotic, L50, M|100/100
|-ability|p2a: Falkner|Intimidate|boost
|-unboost|p1a: Charizard|atk|1
|-unboost|p1b: Whimsicott|atk|1
|turn|1
|c| FBISurveillanceMan|I noticed yona being selective about nicknames but not your side
|
|t:|1784677200
|detailschange|p1a: Charizard|Charizard-Mega-Y, L50, F
|-mega|p1a: Charizard|Charizard|Charizardite Y
|-weather|SunnyDay|[from] ability: Drought|[of] p1a: Charizard
|move|p1b: Whimsicott|Tailwind|p1b: Whimsicott
|-sidestart|p1: IkeFAR|move: Tailwind
|move|p1a: Charizard|Solar Beam||[still]
|-prepare|p1a: Charizard|Solar Beam
|-anim|p1a: Charizard|Solar Beam|p2b: Milotic
|-supereffective|p2b: Milotic|1
|-damage|p2b: Milotic|29/100
|-enditem|p2b: Milotic|Sitrus Berry|[eat]
|-heal|p2b: Milotic|54/100|[from] item: Sitrus Berry
|move|p2a: Falkner|Tailwind|p2a: Falkner
|-sidestart|p2: ZephyrYona|move: Tailwind
|move|p2b: Milotic|Scald|p1a: Charizard
|-supereffective|p1a: Charizard|1
|-damage|p1a: Charizard|69/100
|
|-weather|SunnyDay|[upkeep]
|upkeep
|turn|2
|
|t:|1784677232
|switch|p1a: Gabe|Basculegion, L50, M|100/100
|switch|p2b: Achi|Tyranitar, L50, F, shiny|100/100
|-weather|Sandstorm|[from] ability: Sand Stream|[of] p2b: Achi
|detailschange|p2a: Falkner|Staraptor-Mega, L50, M, shiny
|-mega|p2a: Falkner|Staraptor|Staraptite
|move|p1b: Whimsicott|Encore|p2a: Falkner
|-start|p2a: Falkner|Encore
|move|p2a: Falkner|Tailwind||[still]
|-fail|p2a: Falkner
|
|-weather|Sandstorm|[upkeep]
|-damage|p1b: Whimsicott|94/100|[from] Sandstorm
|-damage|p2a: Falkner|94/100|[from] Sandstorm
|-damage|p1a: Gabe|93/100|[from] Sandstorm
|upkeep
|turn|3
|c| FBISurveillanceMan|uh oh chat
|
|t:|1784677249
|switch|p2a: Milotic|Milotic, L50, M|54/100
|move|p2b: Achi|Protect|p2b: Achi
|-singleturn|p2b: Achi|Protect
|move|p1b: Whimsicott|Moonblast|p2a: Milotic
|-damage|p2a: Milotic|28/100
|move|p1a: Gabe|Wave Crash|p2b: Achi
|-activate|p2b: Achi|move: Protect
|
|-weather|Sandstorm|[upkeep]
|-damage|p1b: Whimsicott|88/100|[from] Sandstorm
|-damage|p1a: Gabe|87/100|[from] Sandstorm
|-damage|p2a: Milotic|23/100|[from] Sandstorm
|upkeep
|turn|4
|
|t:|1784677277
|switch|p2b: Falkner|Staraptor-Mega, L50, M, shiny|94/100
|move|p1b: Whimsicott|Moonblast|p2a: Milotic
|-damage|p2a: Milotic|0 fnt
|faint|p2a: Milotic
|move|p1a: Gabe|Wave Crash|p2b: Falkner
|-damage|p2b: Falkner|2/100
|-damage|p1a: Gabe|58/100|[from] Recoil
|
|-weather|Sandstorm|[upkeep]
|-damage|p1b: Whimsicott|82/100|[from] Sandstorm
|-damage|p2b: Falkner|0 fnt|[from] Sandstorm
|-damage|p1a: Gabe|52/100|[from] Sandstorm
|faint|p2b: Falkner
|-sideend|p2: ZephyrYona|move: Tailwind
|-sideend|p1: IkeFAR|move: Tailwind
|upkeep
|c|☆IkeFAR|i fear
|
|t:|1784677291
|switch|p2b: Achi|Tyranitar, L50, F, shiny|100/100
|switch|p2a: Excadrill|Excadrill, L50, F|100/100
|turn|5
|c| FBISurveillanceMan|it aint over till its over
|c|☆IkeFAR|i hold a position of overwhelming strength
|
|t:|1784677304
|move|p1a: Gabe|Protect|p1a: Gabe
|-singleturn|p1a: Gabe|Protect
|move|p1b: Whimsicott|Tailwind|p1b: Whimsicott
|-sidestart|p1: IkeFAR|move: Tailwind
|move|p2a: Excadrill|Rock Slide|p1b: Whimsicott|[spread] p1b
|-activate|p1a: Gabe|move: Protect
|-damage|p1b: Whimsicott|54/100
|move|p2b: Achi|Rock Slide|p1b: Whimsicott|[spread] p1b
|-activate|p1a: Gabe|move: Protect
|-damage|p1b: Whimsicott|8/100
|
|-weather|Sandstorm|[upkeep]
|-damage|p1b: Whimsicott|2/100|[from] Sandstorm
|-damage|p1a: Gabe|46/100|[from] Sandstorm
|upkeep
|turn|6
|c| the gong lady|1 critillion misses for alex
|
|t:|1784677342
|move|p1b: Whimsicott|Protect|p1b: Whimsicott
|-singleturn|p1b: Whimsicott|Protect
|move|p2b: Achi|Protect|p2b: Achi
|-singleturn|p2b: Achi|Protect
|move|p1a: Gabe|Aqua Jet|p2a: Excadrill
|-supereffective|p2a: Excadrill|1
|-damage|p2a: Excadrill|2/100
|move|p2a: Excadrill|Rock Slide|p1a: Gabe|[spread] 
|-activate|p1b: Whimsicott|move: Protect
|-miss|p2a: Excadrill|p1a: Gabe
|
|-weather|none
|upkeep
|turn|7
|c| FBISurveillanceMan|omg
|c| FBISurveillanceMan|encore the ttar quickly
|c| the gong lady|excadrill sash still live
|c|☆IkeFAR|that wouldve have killed anyway
|
|t:|1784677369
|move|p1a: Gabe|Aqua Jet|p2a: Excadrill
|-supereffective|p2a: Excadrill|1
|-damage|p2a: Excadrill|0 fnt
|faint|p2a: Excadrill
|move|p1b: Whimsicott|Moonblast|p2b: Achi
|-supereffective|p2b: Achi|1
|-damage|p2b: Achi|37/100
|move|p2b: Achi|Knock Off|p1a: Gabe
|-supereffective|p1a: Gabe|1
|-damage|p1a: Gabe|0 fnt
|-enditem|p1a: Gabe|Mystic Water|[from] move: Knock Off|[of] p2b: Achi
|faint|p1a: Gabe
|
|upkeep
|c|☆IkeFAR|if it hit
|c|☆IkeFAR|ttar shouldve gone for it
|c|☆IkeFAR|but i win anyway
|
|t:|1784677380
|switch|p1a: Charizard|Charizard-Mega-Y, L50, F|69/100
|-weather|SunnyDay|[from] ability: Drought|[of] p1a: Charizard
|turn|8
|c| FBISurveillanceMan|never say never
|
|t:|1784677384
|move|p1b: Whimsicott|Moonblast|p2b: Achi
|-supereffective|p2b: Achi|1
|-damage|p2b: Achi|0 fnt
|faint|p2b: Achi
|
|win|IkeFAR
|c|☆IkeFAR|gg
|c| the gong lady|press Y to drought
|c|☆ZephyrYona|gg
|c|☆IkeFAR|im done now
|c| the gong lady|GIVE THEM THE BEST ADVICE EVER
