|j|☆dondozo ftw
|j|☆Oldenewguy
|html|dondozo ftwOldenewguy    
|uhtml|bestof|Game 1 of a best-of-3
|t:|1756693157
|gametype|doubles
|player|p1|dondozo ftw|veteranf|1171
|player|p2|Oldenewguy|plasmagrunt|1169
|gen|9
|tier|[Gen 9] VGC 2025 Reg H (Bo3)
|rated|
|rule|Species Clause: Limit one of each Pokémon
|rule|Item Clause: Limit 1 of each item
|clearpoke
|poke|p1|Dondozo, L50, M|
|poke|p1|Tatsugiri, L50, M|
|poke|p1|Talonflame, L50, F|
|poke|p1|Indeedee, L50, M|
|poke|p1|Sneasler, L50, F|
|poke|p1|Ursaluna-Bloodmoon, L50, M|
|poke|p2|Hatterene, L50, F|
|poke|p2|Indeedee-F, L50, F|
|poke|p2|Amoonguss, L50, M|
|poke|p2|Sneasler, L50, F|
|poke|p2|Ursaluna-Bloodmoon, L50, M|
|poke|p2|Volcarona, L50, M|
|teampreview|4
|showteam|p1|Dondozo||Leftovers|Unaware|WaveCrash,Earthquake,Protect,BodyPress|||M|||50|,,,,,Grass]Tatsugiri||ChoiceScarf|Commander|MuddyWater,IcyWind,DracoMeteor,DragonPulse|||M|||50|,,,,,Water]Talonflame||CovertCloak|GaleWings|BraveBird,FlareBlitz,Tailwind,WillOWisp|||F|||50|,,,,,Ghost]Indeedee||FocusSash|PsychicSurge|ExpandingForce,Protect,HelpingHand,TrickRoom|||M|||50|,,,,,Psychic]Sneasler||PsychicSeed|Unburden|DireClaw,CloseCombat,ThroatChop,Protect|||F|||50|,,,,,Dark]Ursaluna-Bloodmoon||LifeOrb|MindsEye|BloodMoon,HyperVoice,EarthPower,Protect|||M|||50|,,,,,Normal
|showteam|p2|Hatterene||LifeOrb|MagicBounce|TrickRoom,DazzlingGleam,Protect,ExpandingForce|||F|||50|,,,,,Steel]Indeedee-F||RockyHelmet|PsychicSurge|TrickRoom,Psychic,HelpingHand,FollowMe|||F|||50|,,,,,Fairy]Amoonguss||SitrusBerry|Regenerator|Spore,RagePowder,Protect,PollenPuff|||M|||50|,,,,,Water]Sneasler||PsychicSeed|Unburden|DireClaw,Protect,CloseCombat,ThroatChop|||F|||50|,,,,,Dark]Ursaluna-Bloodmoon||ThroatSpray|MindsEye|BloodMoon,HyperVoice,EarthPower,Protect|||M|||50|,,,,,Poison]Volcarona||Leftovers|FlameBody|QuiverDance,FieryDance,GigaDrain,Protect|||M|||50|,,,,,Water
|inactive|Battle timer is ON: inactive players will automatically lose when time's up. (requested by dondozo ftw)
|
|t:|1756693177
|teamsize|p1|4
|teamsize|p2|4
|start
|switch|p1a: Sneasler|Sneasler, L50, F|100/100
|switch|p1b: Indeedee|Indeedee, L50, M|100/100
|switch|p2a: Broken Guy|Indeedee-F, L50, F, shiny|100/100
|switch|p2b: Hat Guy|Hatterene, L50, F, shiny|100/100
|-fieldstart|move: Psychic Terrain|[from] ability: Psychic Surge|[of] p1b: Indeedee
|-enditem|p1a: Sneasler|Psychic Seed
|-boost|p1a: Sneasler|spd|1|[from] item: Psychic Seed
|turn|1
|
|t:|1756693192
|-terastallize|p1a: Sneasler|Dark
|move|p2a: Broken Guy|Follow Me|p2a: Broken Guy
|-singleturn|p2a: Broken Guy|move: Follow Me
|move|p1a: Sneasler|Throat Chop|p2a: Broken Guy
|-supereffective|p2a: Broken Guy
|-damage|p2a: Broken Guy|16/100
|-start|p2a: Broken Guy|Throat Chop|[silent]
|-damage|p1a: Sneasler|84/100|[from] item: Rocky Helmet|[of] p2a: Broken Guy
|move|p1b: Indeedee|Trick Room|p1b: Indeedee
|-fieldstart|move: Trick Room|[of] p1b: Indeedee
|move|p2b: Hat Guy|Trick Room|p2b: Hat Guy
|-fieldend|move: Trick Room
|
|upkeep
|turn|2
|
|t:|1756693205
|move|p1a: Sneasler|Protect|p1a: Sneasler
|-singleturn|p1a: Sneasler|Protect
|move|p2a: Broken Guy|Follow Me|p2a: Broken Guy
|-singleturn|p2a: Broken Guy|move: Follow Me
|move|p1b: Indeedee|Expanding Force|p2b: Hat Guy|[spread] p2a,p2b
|-resisted|p2a: Broken Guy
|-resisted|p2b: Hat Guy
|-damage|p2a: Broken Guy|0 fnt
|-damage|p2b: Hat Guy|71/100
|faint|p2a: Broken Guy
|move|p2b: Hat Guy|Dazzling Gleam|p1a: Sneasler|[spread] p1b
|-activate|p1a: Sneasler|move: Protect
|-damage|p1b: Indeedee|37/100
|-damage|p2b: Hat Guy|61/100|[from] item: Life Orb
|
|upkeep
|
|t:|1756693220
|switch|p2a: Volcarona|Volcarona, L50, M, shiny|100/100
|turn|3
|
|t:|1756693227
|move|p1b: Indeedee|Helping Hand|p1a: Sneasler
|-singleturn|p1a: Sneasler|Helping Hand|[of] p1b: Indeedee
|move|p1a: Sneasler|Throat Chop|p2b: Hat Guy
|-damage|p2b: Hat Guy|0 fnt
|faint|p2b: Hat Guy
|move|p2a: Volcarona|Fiery Dance|p1b: Indeedee
|-damage|p1b: Indeedee|0 fnt
|-boost|p2a: Volcarona|spa|1
|faint|p1b: Indeedee
|
|upkeep
|
|t:|1756693239
|switch|p1b: Dondozo|Dondozo, L50, M, shiny|100/100
|switch|p2b: Ursaluna|Ursaluna-Bloodmoon, L50, M|100/100
|turn|4
|
|t:|1756693250
|-terastallize|p2b: Ursaluna|Poison
|move|p1b: Dondozo|Protect|p1b: Dondozo
|-singleturn|p1b: Dondozo|Protect
|move|p1a: Sneasler|Dire Claw|p2a: Volcarona
|-damage|p2a: Volcarona|50/100
|-status|p1a: Sneasler|brn|[from] ability: Flame Body|[of] p2a: Volcarona
|move|p2a: Volcarona|Giga Drain|p1b: Dondozo
|-activate|p1b: Dondozo|move: Protect
|move|p2b: Ursaluna|Blood Moon|p1b: Dondozo
|-activate|p1b: Dondozo|move: Protect
|
|-heal|p2a: Volcarona|57/100|[from] item: Leftovers
|-damage|p1a: Sneasler|78/100 brn|[from] brn
|upkeep
|turn|5
|
|t:|1756693271
|move|p1a: Sneasler|Dire Claw|p2a: Volcarona
|-damage|p2a: Volcarona|30/100
|move|p2a: Volcarona|Giga Drain|p1b: Dondozo
|-supereffective|p1b: Dondozo
|-damage|p1b: Dondozo|58/100
|-heal|p2a: Volcarona|55/100|[from] drain|[of] p1b: Dondozo
|move|p2b: Ursaluna|Hyper Voice|p1b: Dondozo|[spread] p1a,p1b
|-damage|p1a: Sneasler|41/100 brn
|-damage|p1b: Dondozo|24/100
|-enditem|p2b: Ursaluna|Throat Spray
|-boost|p2b: Ursaluna|spa|1|[from] item: Throat Spray
|move|p1b: Dondozo|Earthquake|p2b: Ursaluna|[spread] p1a,p2a,p2b
|-supereffective|p2b: Ursaluna
|-damage|p1a: Sneasler|12/100 brn
|-damage|p2a: Volcarona|36/100
|-damage|p2b: Ursaluna|76/100
|
|-heal|p2a: Volcarona|42/100|[from] item: Leftovers
|-heal|p1b: Dondozo|30/100|[from] item: Leftovers
|-damage|p1a: Sneasler|6/100 brn|[from] brn
|-fieldend|move: Psychic Terrain
|upkeep
|turn|6
|inactive|Oldenewguy has 30 seconds left.
|
|t:|1756693298
|move|p1b: Dondozo|Protect|p1b: Dondozo
|-singleturn|p1b: Dondozo|Protect
|move|p1a: Sneasler|Dire Claw|p2a: Volcarona
|-damage|p2a: Volcarona|19/100
|-status|p2a: Volcarona|psn
|move|p2a: Volcarona|Giga Drain|p1b: Dondozo
|-activate|p1b: Dondozo|move: Protect
|move|p2b: Ursaluna|Hyper Voice|p1a: Sneasler|[spread] p1a
|-activate|p1b: Dondozo|move: Protect
|-damage|p1a: Sneasler|0 fnt
|faint|p1a: Sneasler
|
|-heal|p2a: Volcarona|25/100 psn|[from] item: Leftovers
|-heal|p1b: Dondozo|36/100|[from] item: Leftovers
|-damage|p2a: Volcarona|12/100 psn|[from] psn
|upkeep
|
|t:|1756693305
|switch|p1a: Talonflame|Talonflame, L50, F|100/100
|turn|7
|
|t:|1756693323
|move|p1a: Talonflame|Flare Blitz|p2a: Volcarona
|-damage|p2a: Volcarona|0 fnt
|faint|p2a: Volcarona
|-damage|p1a: Talonflame|96/100|[from] Recoil
|move|p2b: Ursaluna|Blood Moon|p1a: Talonflame
|-damage|p1a: Talonflame|0 fnt
|faint|p1a: Talonflame
|move|p1b: Dondozo|Wave Crash|p2b: Ursaluna
|-damage|p2b: Ursaluna|45/100
|-damage|p1b: Dondozo|26/100|[from] Recoil
|
|-heal|p1b: Dondozo|32/100|[from] item: Leftovers
|upkeep
|turn|8
|-message|dondozo ftw forfeited.
|
|win|Oldenewguy
