|j|☆helpimbadatthislol
|j|☆Bionzella
|html|helpimbadatthislolBionzella    
|uhtml|bestof|Game 2 of a best-of-3
|t:|1784244687
|gametype|doubles
|player|p1|helpimbadatthislol|rosa|1068
|player|p2|Bionzella|101|1109
|gen|9
|tier|[Gen 9 Champions] VGC 2026 Reg M-B (Bo3)
|rated|
|rule|Species Clause: Limit one of each Pokémon
|rule|Item Clause: Limit 1 of each item
|clearpoke
|poke|p1|Raichu, L50, F|
|poke|p1|Scizor, L50, M|
|poke|p1|Rotom-Heat, L50|
|poke|p1|Heliolisk, L50, F|
|poke|p1|Dedenne, L50, M|
|poke|p1|Dragonite, L50, F|
|poke|p2|Charizard, L50, M|
|poke|p2|Sylveon, L50, M|
|poke|p2|Venusaur, L50, M|
|poke|p2|Aerodactyl, L50, F|
|poke|p2|Garchomp, L50, M|
|poke|p2|Rotom-Wash, L50|
|teampreview|4
|showteam|p1|Raichu||RaichuniteY|LightningRod|ZapCannon,FakeOut,AlluringVoice,FocusBlast|Timid||F|||50|]Scizor||LifeOrb|Technician|BulletPunch,Uturn,CloseCombat,Protect|Adamant||M|||50|]Rotom-Heat||SitrusBerry|Levitate|Overheat,Discharge,WillOWisp,VoltSwitch|Modest|||||50|]Heliolisk||ChoiceScarf|SolarPower|HyperVoice,WeatherBall,Discharge,VoltSwitch|Timid||F|||50|]Dedenne||FocusSash|Pickup|RainDance,SuperFang,SunnyDay,Thunderbolt|Hasty||M|||50|]Dragonite||ChestoBerry|InnerFocus|Rest,DragonClaw,ExtremeSpeed,Tailwind|Adamant||F|||50|
|showteam|p2|Charizard||CharizarditeY|Blaze|SolarBeam,HeatWave,Protect,AirSlash|Timid||M|||50|]Sylveon||ExpertBelt|Pixilate|HyperVoice,ShadowBall,QuickAttack,Wish|Quiet||M|||50|]Venusaur||LifeOrb|Chlorophyll|SludgeBomb,SolarBeam,WeatherBall,Protect|Modest||M|||50|]Aerodactyl||FocusSash|Unnerve|RockSlide,DualWingbeat,Tailwind,Protect|Jolly||F|||50|]Garchomp||LumBerry|RoughSkin|DragonClaw,Earthquake,RockSlide,Protect|Jolly||M|||50|]Rotom-Wash||Leftovers|Levitate|FoulPlay,HydroPump,VoltSwitch,Electroweb|Calm|||||50|
|
|t:|1784244725
|teamsize|p1|4
|teamsize|p2|4
|start
|switch|p1a: Heliolisk|Heliolisk, L50, F|100/100
|switch|p1b: Scizor|Scizor, L50, M|100/100
|switch|p2a: Caricia|Garchomp, L50, M|100/100
|switch|p2b: Rotom|Rotom-Wash, L50|100/100
|turn|1
|
|t:|1784244755
|move|p1a: Heliolisk|Volt Switch|p2b: Rotom
|-damage|p2b: Rotom|66/100
|
|t:|1784244759
|switch|p1a: Rotom|Rotom-Heat, L50|100/100|[from] Volt Switch
|move|p2a: Caricia|Earthquake|p1a: Rotom|[spread] p1b
|-immune|p2b: Rotom|[from] ability: Levitate
|-immune|p1a: Rotom|[from] ability: Levitate
|-damage|p1b: Scizor|62/100
|move|p2b: Rotom|Volt Switch|p1b: Scizor
|-damage|p1b: Scizor|28/100
|
|t:|1784244770
|switch|p2b: Charizard|Charizard, L50, M|100/100|[from] Volt Switch
|move|p1b: Scizor|U-turn|p2b: Charizard
|-resisted|p2b: Charizard|2
|-damage|p2b: Charizard|82/100
|-damage|p1b: Scizor|18/100|[from] item: Life Orb
|
|t:|1784244778
|switch|p1b: Raichu|Raichu, L50, F|100/100|[from] U-turn
|
|upkeep
|turn|2
|
|t:|1784244787
|detailschange|p2b: Charizard|Charizard-Mega-Y, L50, M
|-mega|p2b: Charizard|Charizard|Charizardite Y
|-weather|SunnyDay|[from] ability: Drought|[of] p2b: Charizard
|move|p2a: Caricia|Protect|p2a: Caricia
|-singleturn|p2a: Caricia|Protect
|move|p2b: Charizard|Protect|p2b: Charizard
|-singleturn|p2b: Charizard|Protect
|move|p1b: Raichu|Fake Out|p2a: Caricia
|-activate|p2a: Caricia|move: Protect
|move|p1a: Rotom|Discharge|p2b: Charizard|[spread] 
|-activate|p2a: Caricia|move: Protect
|-activate|p2b: Charizard|move: Protect
|-ability|p1b: Raichu|Lightning Rod|boost
|-boost|p1b: Raichu|spa|1
|
|-weather|SunnyDay|[upkeep]
|upkeep
|turn|3
|
|t:|1784244808
|detailschange|p1b: Raichu|Raichu-Mega-Y, L50, F
|-mega|p1b: Raichu|Raichu|Raichunite Y
|move|p1b: Raichu|Alluring Voice|p2a: Caricia
|-supereffective|p2a: Caricia|1
|-damage|p2a: Caricia|0 fnt
|faint|p2a: Caricia
|move|p2b: Charizard|Heat Wave|p1b: Raichu|[spread] p1a,p1b
|-resisted|p1a: Rotom|1
|-damage|p1a: Rotom|67/100
|-damage|p1b: Raichu|0 fnt
|faint|p1b: Raichu
|move|p1a: Rotom|Volt Switch|p2b: Charizard
|-supereffective|p2b: Charizard|1
|-damage|p2b: Charizard|19/100
|
|t:|1784244841
|switch|p1a: Heliolisk|Heliolisk, L50, F|100/100|[from] Volt Switch
|
|-weather|SunnyDay|[upkeep]
|-damage|p1a: Heliolisk|88/100|[from] ability: Solar Power|[of] p1a: Heliolisk
|upkeep
|
|t:|1784244856
|switch|p1b: Rotom|Rotom-Heat, L50|67/100
|switch|p2a: Keonistocene|Aerodactyl, L50, F|100/100
|-ability|p2a: Keonistocene|Unnerve
|turn|4
|
|t:|1784244874
|move|p1a: Heliolisk|Discharge|p2b: Charizard|[spread] p1b,p2a,p2b
|-resisted|p1b: Rotom|1
|-supereffective|p2a: Keonistocene|1
|-supereffective|p2b: Charizard|1
|-damage|p1b: Rotom|47/100
|-enditem|p2a: Keonistocene|Focus Sash
|-damage|p2a: Keonistocene|1/100
|-damage|p2b: Charizard|0 fnt
|-status|p2a: Keonistocene|par
|faint|p2b: Charizard
|move|p1b: Rotom|Volt Switch|p2a: Keonistocene
|-supereffective|p2a: Keonistocene|1
|-damage|p2a: Keonistocene|0 fnt
|-enditem|p1b: Rotom|Sitrus Berry|[eat]
|-heal|p1b: Rotom|72/100|[from] item: Sitrus Berry
|faint|p2a: Keonistocene
|
|t:|1784244880
|switch|p1b: Scizor|Scizor, L50, M|18/100|[from] Volt Switch
|
|-weather|SunnyDay|[upkeep]
|-damage|p1a: Heliolisk|76/100|[from] ability: Solar Power|[of] p1a: Heliolisk
|upkeep
|
|t:|1784244895
|switch|p2b: Rotom|Rotom-Wash, L50|66/100
|turn|5
|
|t:|1784244918
|move|p1b: Scizor|Bullet Punch|p2b: Rotom
|-resisted|p2b: Rotom|2
|-damage|p2b: Rotom|56/100
|-damage|p1b: Scizor|9/100|[from] item: Life Orb
|move|p1a: Heliolisk|Discharge|p2b: Rotom|[spread] p1b,p2b
|-damage|p1b: Scizor|0 fnt
|-damage|p2b: Rotom|14/100
|faint|p1b: Scizor
|move|p2b: Rotom|Electroweb|p1a: Heliolisk
|-resisted|p1a: Heliolisk|1
|-damage|p1a: Heliolisk|62/100
|-unboost|p1a: Heliolisk|spe|1
|
|-weather|SunnyDay|[upkeep]
|-damage|p1a: Heliolisk|50/100g|[from] ability: Solar Power|[of] p1a: Heliolisk
|-heal|p2b: Rotom|19/100|[from] item: Leftovers
|upkeep
|inactive|Battle timer is ON: inactive players will automatically lose when time's up. (requested by Bionzella)
|
|t:|1784244948
|switch|p1b: Rotom|Rotom-Heat, L50|72/100
|turn|6
|
|t:|1784244961
|move|p1a: Heliolisk|Discharge|p2b: Rotom|[spread] p1b,p2b
|-resisted|p1b: Rotom|1
|-damage|p1b: Rotom|51/100
|-damage|p2b: Rotom|0 fnt
|faint|p2b: Rotom
|
|win|helpimbadatthislol
|raw|helpimbadatthislol's rating: 1068 → 1101(+33 for winning)
|raw|Bionzella's rating: 1109 → 1081(-28 for losing)
