|j|☆iannaVi
|j|☆kheld
|html|iannaVikheld    
|uhtml|bestof|Game 1 of a best-of-3
|t:|1783955572
|gametype|doubles
|player|p1|iannaVi|cheren-gen5bw2|1280
|player|p2|kheld|170|1409
|gen|9
|tier|[Gen 9 Champions] VGC 2026 Reg M-B (Bo3)
|rated|
|rule|Species Clause: Limit one of each Pokémon
|rule|Item Clause: Limit 1 of each item
|clearpoke
|poke|p1|Sylveon, L50, F|
|poke|p1|Charizard, L50, M|
|poke|p1|Garchomp, L50, F|
|poke|p1|Aerodactyl, L50, M|
|poke|p1|Kingambit, L50, M|
|poke|p1|Farigiraf, L50, M|
|poke|p2|Gardevoir, L50, F, shiny|
|poke|p2|Basculegion, L50, M|
|poke|p2|Talonflame, L50, M|
|poke|p2|Kingambit, L50, F|
|poke|p2|Kommo-o, L50, M|
|poke|p2|Maushold, L50|
|teampreview|4
|showteam|p1|Sylveon||FairyFeather|Pixilate|HyperVoice,HyperBeam,QuickAttack,Detect|Modest||F|||50|]Charizard||CharizarditeY|Blaze|WeatherBall,HeatWave,SolarBeam,Protect|Modest||M|||50|]Garchomp||LifeOrb|RoughSkin|DragonClaw,Protect,StompingTantrum,Earthquake|Jolly||F|||50|]Aerodactyl||Aerodactylite|Unnerve|RockSlide,IceFang,Tailwind,DualWingbeat|Jolly||M|||50|]Kingambit||FocusSash|Defiant|KowtowCleave,IronHead,SuckerPunch,LowKick|Adamant||M|||50|]Farigiraf||SitrusBerry|ArmorTail|TwinBeam,Thunderbolt,TrickRoom,Roar|Relaxed||M|||50|
|showteam|p2|Gardevoir||Gardevoirite|Trace|HyperVoice,Psychic,Thunderbolt,Protect|Modest||F|||50|]Basculegion||ChoiceScarf|Adaptability|WaveCrash,LastRespects,FlipTurn,AquaJet|Jolly||M|||50|]Talonflame||SharpBeak|GaleWings|DualWingbeat,FlareBlitz,Tailwind,Protect|Jolly||M|||50|]Kingambit||ExpertBelt|Defiant|KowtowCleave,SuckerPunch,IronHead,LowKick|Jolly||F|||50|]Kommo-o||LifeOrb|Soundproof|ClangingScales,DracoMeteor,AuraSphere,Protect|Modest||M|||50|]Maushold||FocusSash|FriendGuard|SuperFang,Feint,FollowMe,Protect|Jolly|||||50|
|inactive|Battle timer is ON: inactive players will automatically lose when time's up. (requested by iannaVi)
|
|t:|1783955625
|teamsize|p1|4
|teamsize|p2|4
|start
|switch|p1a: Aerodactyl|Aerodactyl, L50, M|100/100
|switch|p1b: Kingambit|Kingambit, L50, M|100/100
|switch|p2a: Kommo-o|Kommo-o, L50, M|100/100
|switch|p2b: Maushold|Maushold, L50|100/100
|-ability|p1a: Aerodactyl|Unnerve
|turn|1
|
|t:|1783955648
|move|p1a: Aerodactyl|Tailwind|p1a: Aerodactyl
|-sidestart|p1: iannaVi|move: Tailwind
|move|p1b: Kingambit|Iron Head|p2b: Maushold
|-damage|p2b: Maushold|37/100
|move|p2b: Maushold|Super Fang|p1a: Aerodactyl
|-damage|p1a: Aerodactyl|50/100g
|move|p2a: Kommo-o|Clanging Scales|p1a: Aerodactyl|[spread] p1a,p1b
|-resisted|p1b: Kingambit|1
|-damage|p1a: Aerodactyl|0 fnt
|-damage|p1b: Kingambit|70/100
|faint|p1a: Aerodactyl
|-unboost|p2a: Kommo-o|def|1
|-damage|p2a: Kommo-o|90/100|[from] item: Life Orb
|
|upkeep
|
|t:|1783955660
|switch|p1a: Sylveon|Sylveon, L50, F|100/100
|turn|2
|
|t:|1783955678
|switch|p2a: Kingambit|Kingambit, L50, F|100/100
|move|p2b: Maushold|Protect|p2b: Maushold
|-singleturn|p2b: Maushold|Protect
|move|p1b: Kingambit|Iron Head|p2b: Maushold
|-activate|p2b: Maushold|move: Protect
|move|p1a: Sylveon|Hyper Beam|p2a: Kingambit|[miss]
|-miss|p1a: Sylveon|p2a: Kingambit
|
|upkeep
|turn|3
|
|t:|1783955693
|move|p2b: Maushold|Follow Me|p2b: Maushold
|-singleturn|p2b: Maushold|move: Follow Me
|move|p1b: Kingambit|Low Kick|p2b: Maushold
|-supereffective|p2b: Maushold|1
|-damage|p2b: Maushold|14/100
|move|p1a: Sylveon|Hyper Voice|p2a: Kingambit|[spread] p2a,p2b
|-damage|p2a: Kingambit|58/100
|-damage|p2b: Maushold|0 fnt
|faint|p2b: Maushold
|move|p2a: Kingambit|Iron Head|p1a: Sylveon
|-supereffective|p1a: Sylveon|1
|-damage|p1a: Sylveon|0 fnt
|faint|p1a: Sylveon
|
|upkeep
|
|t:|1783955706
|switch|p2b: Kommo-o|Kommo-o, L50, M|90/100
|switch|p1a: Charizard|Charizard, L50, M|100/100
|turn|4
|
|t:|1783955717
|detailschange|p1a: Charizard|Charizard-Mega-Y, L50, M
|-mega|p1a: Charizard|Charizard|Charizardite Y
|-weather|SunnyDay|[from] ability: Drought|[of] p1a: Charizard
|move|p2b: Kommo-o|Protect|p2b: Kommo-o
|-singleturn|p2b: Kommo-o|Protect
|move|p2a: Kingambit|Sucker Punch|p1a: Charizard
|-damage|p1a: Charizard|66/100
|move|p1a: Charizard|Heat Wave|p2b: Kommo-o|[spread] p2a
|-activate|p2b: Kommo-o|move: Protect
|-supereffective|p2a: Kingambit|1
|-damage|p2a: Kingambit|0 fnt
|faint|p2a: Kingambit
|move|p1b: Kingambit|Iron Head|p2b: Kommo-o
|-activate|p2b: Kommo-o|move: Protect
|
|-weather|SunnyDay|[upkeep]
|-sideend|p1: iannaVi|move: Tailwind
|upkeep
|
|t:|1783955730
|switch|p2a: Gardevoir|Gardevoir, L50, F, shiny|100/100
|-ability|p2a: Gardevoir|Defiant|Trace|[from] ability: Trace|[of] p1b: Kingambit
|turn|5
|
|t:|1783955745
|detailschange|p2a: Gardevoir|Gardevoir-Mega, L50, F, shiny
|-mega|p2a: Gardevoir|Gardevoir|Gardevoirite
|move|p1b: Kingambit|Sucker Punch|p2a: Gardevoir
|-damage|p2a: Gardevoir|33/100
|move|p2a: Gardevoir|Hyper Voice|p1b: Kingambit|[spread] p1a,p1b
|-resisted|p1a: Charizard|1
|-damage|p1a: Charizard|42/100
|-damage|p1b: Kingambit|4/100
|move|p2b: Kommo-o|Clanging Scales|p1a: Charizard|[spread] p1a,p1b
|-resisted|p1b: Kingambit|1
|-damage|p1a: Charizard|0 fnt
|-damage|p1b: Kingambit|0 fnt
|faint|p1a: Charizard
|faint|p1b: Kingambit
|-damage|p2b: Kommo-o|80/100|[from] item: Life Orb
|
|win|kheld
|inactive|iannaVi has 30 seconds to confirm battle start!
|inactive|kheld has 30 seconds to confirm battle start!
||kheld is ready for game 2.
||iannaVi is ready for game 2.
|uhtml|next|Next: Game 2 of 3
|l|☆kheld
|player|p2|
