|j|☆bholzmark129
|j|☆Hashiwa
|html|bholzmark129Hashiwa    
|uhtml|bestof|Game 2 of a best-of-3
|t:|1782243658
|gametype|doubles
|player|p1|bholzmark129|li|
|player|p2|Hashiwa|swimmerf-gen4dp|
|gen|9
|tier|[Gen 9 Champions] VGC 2026 Reg M-B (Bo3)
|rule|Species Clause: Limit one of each Pokémon
|rule|Item Clause: Limit 1 of each item
|clearpoke
|poke|p1|Swampert, L50, F|
|poke|p1|Pelipper, L50, F|
|poke|p1|Archaludon, L50, F|
|poke|p1|Metagross, L50|
|poke|p1|Grimmsnarl, L50, M|
|poke|p1|Sinistcha-Masterpiece, L50|
|poke|p2|Metagross, L50|
|poke|p2|Zoroark-Hisui, L50, F|
|poke|p2|Kingambit, L50, M|
|poke|p2|Raichu, L50, F|
|poke|p2|Incineroar, L50, F|
|poke|p2|Grimmsnarl, L50, M|
|teampreview|4
|showteam|p1|Swampert||Swampertite|Damp|WaveCrash,Protect,Earthquake,IcePunch|Adamant||F|||50|]Pelipper||DampRock|Drizzle|WeatherBall,Tailwind,Hurricane,WideGuard|Modest||F|||50|]Archaludon||LifeOrb|Stamina|ElectroShot,FlashCannon,Protect,DracoMeteor|Modest||F|||50|]Metagross||Metagrossite|ClearBody|Protect,PsychicFangs,RockTomb,IronHead|Adamant|||||50|]Grimmsnarl||LightClay|Prankster|PartingShot,LightScreen,FakeOut,FoulPlay|Careful||M|||50|]Sinistcha-Masterpiece||SitrusBerry|Hospitality|RagePowder,MatchaGotcha,LifeDew,StrengthSap|Bold|||||50|
|showteam|p2|Metagross||Metagrossite|ClearBody|PsychicFangs,IronHead,BulletPunch,Protect|Jolly|||||50|]Zoroark-Hisui||ChoiceScarf|Illusion|Psychic,HyperVoice,IcyWind,BitterMalice|Timid||F|||50|]Kingambit||ChopleBerry|Defiant|SuckerPunch,KowtowCleave,IronHead,Protect|Adamant||M|||50|]Raichu||RaichuniteY|LightningRod|FakeOut,Protect,ZapCannon,FocusBlast|Timid||F|||50|]Incineroar||SitrusBerry|Intimidate|FakeOut,PartingShot,FlareBlitz,Taunt|Timid||F|||50|]Grimmsnarl||LightClay|Prankster|LightScreen,PartingShot,Taunt,SpiritBreak|Careful||M|||50|
|
|t:|1782243804
|teamsize|p1|4
|teamsize|p2|4
|start
|switch|p1a: Pelipper|Pelipper, L50, F|100/100
|switch|p1b: Grimmsnarl|Grimmsnarl, L50, M|100/100
|switch|p2a: Kingambit|Kingambit, L50, M|100/100
|switch|p2b: Incineroar|Incineroar, L50, F|100/100
|-weather|RainDance|[from] ability: Drizzle|[of] p1a: Pelipper
|-ability|p2b: Incineroar|Intimidate|boost
|-unboost|p1a: Pelipper|atk|1
|-unboost|p1b: Grimmsnarl|atk|1
|turn|1
|
|t:|1782243839
|move|p2a: Kingambit|Protect|p2a: Kingambit
|-singleturn|p2a: Kingambit|Protect
|move|p2b: Incineroar|Fake Out|p1a: Pelipper
|-damage|p1a: Pelipper|86/100
|move|p1b: Grimmsnarl|Fake Out|p2b: Incineroar
|-damage|p2b: Incineroar|93/100
|cant|p1a: Pelipper|flinch
|
|-weather|RainDance|[upkeep]
|upkeep
|turn|2
|
|t:|1782243885
|move|p1a: Pelipper|Tailwind|p1a: Pelipper
|-sidestart|p1: bholzmark129|move: Tailwind
|move|p1b: Grimmsnarl|Foul Play|p2a: Kingambit
|-resisted|p2a: Kingambit|1
|-damage|p2a: Kingambit|79/100
|move|p2b: Incineroar|Taunt|p1a: Pelipper
|-start|p1a: Pelipper|move: Taunt
|move|p2a: Kingambit|Iron Head|p1b: Grimmsnarl
|-supereffective|p1b: Grimmsnarl|1
|-damage|p1b: Grimmsnarl|1/100
|
|-weather|RainDance|[upkeep]
|upkeep
|turn|3
|
|t:|1782243927
|switch|p2b: Metagross|Metagross, L50|100/100
|move|p1b: Grimmsnarl|Light Screen|p1b: Grimmsnarl
|-sidestart|p1: bholzmark129|move: Light Screen
|move|p1a: Pelipper|Weather Ball|p2b: Metagross
|-damage|p2b: Metagross|0 fnt
|replace|p2b: Zoroark|Zoroark-Hisui, L50, F
|-end|p2b: Zoroark|Illusion
|faint|p2b: Zoroark
|move|p2a: Kingambit|Kowtow Cleave|p1b: Grimmsnarl
|-resisted|p1b: Grimmsnarl|2
|-damage|p1b: Grimmsnarl|0 fnt
|faint|p1b: Grimmsnarl
|
|-weather|RainDance|[upkeep]
|upkeep
|
|t:|1782243945
|switch|p2b: Metagross|Metagross, L50|100/100
|switch|p1b: Swampert|Swampert, L50, F|100/100
|turn|4
|
|t:|1782243986
|detailschange|p1b: Swampert|Swampert-Mega, L50, F
|-mega|p1b: Swampert|Swampert|Swampertite
|detailschange|p2b: Metagross|Metagross-Mega, L50
|-mega|p2b: Metagross|Metagross|Metagrossite
|move|p2b: Metagross|Protect|p2b: Metagross
|-singleturn|p2b: Metagross|Protect
|move|p2a: Kingambit|Protect|p2a: Kingambit
|-singleturn|p2a: Kingambit|Protect
|move|p1b: Swampert|Earthquake|p2b: Metagross|[spread] 
|-activate|p2a: Kingambit|move: Protect
|-activate|p2b: Metagross|move: Protect
|-immune|p1a: Pelipper
|move|p1a: Pelipper|Weather Ball|p2b: Metagross
|-activate|p2b: Metagross|move: Protect
|
|-weather|RainDance|[upkeep]
|upkeep
|turn|5
|
|t:|1782244020
|move|p2a: Kingambit|Sucker Punch|p1b: Swampert
|-damage|p1b: Swampert|60/100
|move|p1b: Swampert|Earthquake|p2a: Kingambit|[spread] p2a,p2b
|-immune|p1a: Pelipper
|-supereffective|p2a: Kingambit|1
|-supereffective|p2b: Metagross|1
|-damage|p2a: Kingambit|12/100
|-damage|p2b: Metagross|22/100
|move|p1a: Pelipper|Weather Ball|p2b: Metagross
|-damage|p2b: Metagross|0 fnt
|faint|p2b: Metagross
|
|-weather|RainDance|[upkeep]
|-end|p1a: Pelipper|move: Taunt
|-sideend|p1: bholzmark129|move: Tailwind
|upkeep
|
|t:|1782244029
|switch|p2b: Incineroar|Incineroar, L50, F|93/100
|-ability|p2b: Incineroar|Intimidate|boost
|-unboost|p1a: Pelipper|atk|1
|-unboost|p1b: Swampert|atk|1
|turn|6
|
|t:|1782244047
|switch|p1b: Sinistcha|Sinistcha-Masterpiece, L50|100/100
|-heal|p1a: Pelipper|100/100|[from] ability: Hospitality|[of] p1b: Sinistcha
|move|p2b: Incineroar|Fake Out|p1a: Pelipper
|-damage|p1a: Pelipper|87/100
|cant|p1a: Pelipper|flinch
|move|p2a: Kingambit|Kowtow Cleave|p1a: Pelipper
|-damage|p1a: Pelipper|21/100
|
|-weather|RainDance|[upkeep]
|upkeep
|turn|7
|
|t:|1782244068
|move|p1b: Sinistcha|Rage Powder|p1b: Sinistcha
|-singleturn|p1b: Sinistcha|move: Rage Powder
|move|p2a: Kingambit|Sucker Punch||[still]
|-fail|p2a: Kingambit
|move|p1a: Pelipper|Weather Ball|p2b: Incineroar
|-supereffective|p2b: Incineroar|1
|-damage|p2b: Incineroar|0 fnt
|faint|p2b: Incineroar
|
|-weather|RainDance|[upkeep]
|upkeep
|turn|8
|
|t:|1782244078
|move|p2a: Kingambit|Protect|p2a: Kingambit
|-singleturn|p2a: Kingambit|Protect
|move|p1a: Pelipper|Weather Ball|p2a: Kingambit
|-activate|p2a: Kingambit|move: Protect
|move|p1b: Sinistcha|Matcha Gotcha|p2a: Kingambit
|-activate|p2a: Kingambit|move: Protect
|
|-weather|none
|upkeep
|turn|9
|
|t:|1782244092
|move|p2a: Kingambit|Protect||[still]
|-fail|p2a: Kingambit
|move|p1a: Pelipper|Hurricane|p2a: Kingambit
|-resisted|p2a: Kingambit|1
|-damage|p2a: Kingambit|0 fnt
|faint|p2a: Kingambit
|
|win|bholzmark129
|l|☆Hashiwa
|player|p2|
