|j|☆gg0g6
|j|☆scaccabarozzivgc
|html|gg0g6scaccabarozzivgc    
|uhtml|bestof|Game 1 of a best-of-3
|t:|1756465551
|gametype|doubles
|player|p1|gg0g6|miku-ghost|1081
|player|p2|scaccabarozzivgc|harlequin|1018
|gen|9
|tier|[Gen 9] VGC 2025 Reg H (Bo3)
|rated|
|rule|Species Clause: Limit one of each Pokémon
|rule|Item Clause: Limit 1 of each item
|clearpoke
|poke|p1|Torkoal, L50, M|
|poke|p1|Gallade, L50, M|
|poke|p1|Ursaluna-Bloodmoon, L50, M|
|poke|p1|Indeedee-F, L50, F|
|poke|p1|Lilligant-Hisui, L50, F|
|poke|p1|Annihilape, L50, M|
|poke|p2|Whimsicott, L50, M|
|poke|p2|Gholdengo, L50|
|poke|p2|Incineroar, L50, F|
|poke|p2|Dragonite, L50, F|
|poke|p2|Sneasler, L50, F|
|poke|p2|Garchomp, L50, F|
|teampreview|4
|showteam|p1|Torkoal||Charcoal|Drought|Eruption,Protect,HeatWave,WeatherBall|||M|||50|,,,,,Fire]Gallade||ClearAmulet|Sharpness|TrickRoom,SacredSword,PsychoCut,WideGuard|||M|||50|,,,,,Steel]Ursaluna-Bloodmoon||LifeOrb|MindsEye|BloodMoon,HyperVoice,Protect,EarthPower|||M|||50|,,,,,Normal]Indeedee-F||PsychicSeed|PsychicSurge|FollowMe,HelpingHand,DazzlingGleam,TrickRoom|||F|||50|,,,,,Fairy]Lilligant-Hisui||FocusSash|Chlorophyll|AfterYou,SleepPowder,SolarBlade,CloseCombat|||F|||50|,,,,,Ghost]Annihilape||ChoiceScarf|Defiant|FinalGambit,CloseCombat,RageFist,Uturn|||M|||50|,,,,,Dark
|showteam|p2|Whimsicott||FocusSash|Prankster|Moonblast,Tailwind,Encore,Protect|||M|||50|,,,,,Ghost]Gholdengo||ChoiceSpecs|GoodasGold|MakeItRain,ShadowBall,Trick,Protect||||||50|,,,,,Steel]Incineroar||AssaultVest|Intimidate|FlareBlitz,KnockOff,Uturn,FakeOut|||F|||50|,,,,,Grass]Dragonite||ChoiceBand|InnerFocus|Outrage,ExtremeSpeed,IceSpinner,StompingTantrum|||F|||50|,,,,,Normal]Sneasler||WhiteHerb|Unburden|DireClaw,CloseCombat,FakeOut,Protect|||F|||50|,,,,,Stellar]Garchomp||LifeOrb|RoughSkin|Earthquake,StompingTantrum,DragonClaw,Protect|||F|||50|,,,,,Ground
|inactive|Battle timer is ON: inactive players will automatically lose when time's up. (requested by gg0g6)
|inactive|scaccabarozzivgc also wants the timer to be on.
|inactive|scaccabarozzivgc has 60 seconds left.
|
|t:|1756465590
|teamsize|p1|4
|teamsize|p2|4
|start
|switch|p1a: Annihilape|Annihilape, L50, M|100/100
|switch|p1b: Indeedee|Indeedee-F, L50, F|100/100
|switch|p2a: Dragonite|Dragonite, L50, F|100/100
|switch|p2b: Sneasler|Sneasler, L50, F|100/100
|-fieldstart|move: Psychic Terrain|[from] ability: Psychic Surge|[of] p1b: Indeedee
|-enditem|p1b: Indeedee|Psychic Seed
|-boost|p1b: Indeedee|spd|1|[from] item: Psychic Seed
|turn|1
|
|t:|1756465603
|switch|p2a: Gholdengo|Gholdengo, L50|100/100
|move|p1a: Annihilape|Final Gambit|p2a: Gholdengo
|-immune|p2a: Gholdengo
|move|p2b: Sneasler|Dire Claw|p1b: Indeedee
|-damage|p1b: Indeedee|60/100
|move|p1b: Indeedee|Trick Room|p1b: Indeedee
|-fieldstart|move: Trick Room|[of] p1b: Indeedee
|
|upkeep
|turn|2
|
|t:|1756465618
|switch|p2b: Incineroar|Incineroar, L50, F|100/100
|-ability|p2b: Incineroar|Intimidate|boost
|-unboost|p1a: Annihilape|atk|1
|-ability|p1a: Annihilape|Defiant|boost
|-boost|p1a: Annihilape|atk|2
|-unboost|p1b: Indeedee|atk|1
|move|p1b: Indeedee|Follow Me|p1b: Indeedee
|-singleturn|p1b: Indeedee|move: Follow Me
|move|p2a: Gholdengo|Make It Rain|p1a: Annihilape|[spread] p1a,p1b
|-damage|p1a: Annihilape|45/100
|-damage|p1b: Indeedee|17/100
|-unboost|p2a: Gholdengo|spa|1
|move|p1a: Annihilape|Final Gambit|p2b: Incineroar
|-damage|p2b: Incineroar|52/100
|faint|p1a: Annihilape
|
|upkeep
|
|t:|1756465625
|switch|p1a: Ursaluna|Ursaluna-Bloodmoon, L50, M|100/100
|turn|3
|
|t:|1756465638
|-terastallize|p1a: Ursaluna|Normal
|move|p1b: Indeedee|Helping Hand|p1a: Ursaluna
|-singleturn|p1a: Ursaluna|Helping Hand|[of] p1b: Indeedee
|move|p1a: Ursaluna|Hyper Voice|p2a: Gholdengo|[spread] p2a,p2b
|-resisted|p2a: Gholdengo
|-damage|p2a: Gholdengo|47/100
|-damage|p2b: Incineroar|0 fnt
|faint|p2b: Incineroar
|-damage|p1a: Ursaluna|90/100|[from] item: Life Orb
|move|p2a: Gholdengo|Make It Rain|p1b: Indeedee|[spread] p1a,p1b
|-damage|p1a: Ursaluna|41/100
|-damage|p1b: Indeedee|0 fnt
|-unboost|p2a: Gholdengo|spa|1
|faint|p1b: Indeedee
|
|upkeep
|
|t:|1756465651
|switch|p1b: Gallade|Gallade, L50, M|100/100
|switch|p2b: Dragonite|Dragonite, L50, F|100/100
|turn|4
|
|t:|1756465667
|move|p1a: Ursaluna|Hyper Voice|p2b: Dragonite|[spread] p2a,p2b
|-resisted|p2a: Gholdengo
|-damage|p2a: Gholdengo|11/100
|-damage|p2b: Dragonite|29/100
|-damage|p1a: Ursaluna|31/100|[from] item: Life Orb
|move|p1b: Gallade|Psycho Cut|p2b: Dragonite
|-crit|p2b: Dragonite
|-damage|p2b: Dragonite|0 fnt
|faint|p2b: Dragonite
|move|p2a: Gholdengo|Make It Rain|p1b: Gallade|[spread] p1a,p1b
|-damage|p1a: Ursaluna|0 fnt
|-damage|p1b: Gallade|71/100
|-unboost|p2a: Gholdengo|spa|1
|faint|p1a: Ursaluna
|
|upkeep
|
|t:|1756465679
|switch|p2b: Sneasler|Sneasler, L50, F|100/100
|turn|5
|
|t:|1756465698
|-terastallize|p2a: Gholdengo|Steel
|move|p2b: Sneasler|Protect|p2b: Sneasler
|-singleturn|p2b: Sneasler|Protect
|move|p1b: Gallade|Psycho Cut|p2a: Gholdengo
|-resisted|p2a: Gholdengo
|-damage|p2a: Gholdengo|0 fnt
|faint|p2a: Gholdengo
|
|-fieldend|move: Trick Room
|-fieldend|move: Psychic Terrain
|upkeep
|turn|6
|
|t:|1756465704
|move|p2b: Sneasler|Dire Claw|p1b: Gallade
|-damage|p1b: Gallade|11/100
|-status|p1b: Gallade|slp
|cant|p1b: Gallade|slp
|
|upkeep
|turn|7
|-message|gg0g6 forfeited.
|
|win|scaccabarozzivgc
|l|☆gg0g6
|player|p1|
