|j|☆godoftoasty
|j|☆iloveships
|html|godoftoastyiloveships    
|uhtml|bestof|Game 2 of a best-of-3
|t:|1785431123
|gametype|doubles
|player|p1|godoftoasty|101|1218
|player|p2|iloveships|emmet|1158
|gen|9
|tier|[Gen 9 Champions] VGC 2026 Reg M-B (Bo3)
|rated|
|rule|Species Clause: Limit one of each Pokémon
|rule|Item Clause: Limit 1 of each item
|clearpoke
|poke|p1|Gengar, L50, F, shiny|
|poke|p1|Incineroar, L50, F|
|poke|p1|Garchomp, L50, F|
|poke|p1|Ninetales-Alola, L50, F|
|poke|p1|Rotom-Wash, L50, shiny|
|poke|p1|Kingambit, L50, M|
|poke|p2|Talonflame, L50, M|
|poke|p2|Raichu, L50, M|
|poke|p2|Maushold, L50|
|poke|p2|Garchomp, L50, M|
|poke|p2|Floette-Eternal, L50, F|
|poke|p2|Kingambit, L50, M|
|teampreview|4
|showteam|p1|Gengar||Gengarite|CursedBody|ShadowBall,SludgeBomb,PerishSong,Protect|Timid||F|||50|]Incineroar||SitrusBerry|Intimidate|FakeOut,PartingShot,Protect,FlareBlitz|Impish||F|||50|]Garchomp||LifeOrb|RoughSkin|DragonClaw,StompingTantrum,RockSlide,Protect|Adamant||F|||50|]Ninetales-Alola||FocusSash|SnowWarning|Blizzard,Encore,Disable,Protect|Timid||F|||50|]Rotom-Wash||Leftovers|Levitate|HydroPump,VoltSwitch,WillOWisp,Protect|Bold|||||50|]Kingambit||ExpertBelt|Defiant|KowtowCleave,SuckerPunch,LowKick,Protect|Adamant||M|||50|
|showteam|p2|Talonflame||SharpBeak|GaleWings|Tailwind,QuickGuard,Overheat,Taunt|Jolly||M|||50|]Raichu||RaichuniteY|LightningRod|FakeOut,Protect,ZapCannon,FocusBlast|Serious||M|||50|]Maushold||WideLens|Technician|FollowMe,Protect,PopulationBomb,Encore|Serious|||||50|]Garchomp||LifeOrb|RoughSkin|DragonClaw,RockSlide,Earthquake,Protect|Jolly||M|||50|]Floette-Eternal||Floettite|FlowerVeil|Protect,DazzlingGleam,Moonblast,LightofRuin|Modest||F|||50|]Kingambit||FocusSash|Defiant|SuckerPunch,KowtowCleave,IronHead,Protect|Adamant||M|||50|
|inactive|Battle timer is ON: inactive players will automatically lose when time's up. (requested by iloveships)
|inactive|godoftoasty has 60 seconds left.
|
|t:|1785431182
|teamsize|p1|4
|teamsize|p2|4
|start
|switch|p1a: Rotom|Rotom-Wash, L50, shiny|100/100
|switch|p1b: Gengar|Gengar, L50, F, shiny|100/100
|switch|p2a: Garchomp|Garchomp, L50, M|100/100
|switch|p2b: Talonflame|Talonflame, L50, M|100/100
|turn|1
|inactive|iloveships has 30 seconds left.
|
|t:|1785431209
|detailschange|p1b: Gengar|Gengar-Mega, L50, F, shiny
|-mega|p1b: Gengar|Gengar|Gengarite
|move|p1b: Gengar|Protect|p1b: Gengar
|-singleturn|p1b: Gengar|Protect
|move|p2a: Garchomp|Protect|p2a: Garchomp
|-singleturn|p2a: Garchomp|Protect
|move|p2b: Talonflame|Taunt|p1b: Gengar
|-activate|p1b: Gengar|move: Protect
|move|p1a: Rotom|Volt Switch|p2b: Talonflame
|-supereffective|p2b: Talonflame|1
|-damage|p2b: Talonflame|19/100
|
|t:|1785431221
|switch|p1a: Ninetales|Ninetales-Alola, L50, F|100/100|[from] Volt Switch
|-weather|Snowscape|[from] ability: Snow Warning|[of] p1a: Ninetales
|
|-weather|Snowscape|[upkeep]
|upkeep
|turn|2
|
|t:|1785431232
|switch|p1b: Rotom|Rotom-Wash, L50, shiny|100/100
|move|p2b: Talonflame|Tailwind|p2b: Talonflame
|-sidestart|p2: iloveships|move: Tailwind
|move|p2a: Garchomp|Earthquake|p1b: Rotom|[spread] p1a
|-immune|p2b: Talonflame
|-immune|p1b: Rotom|[from] ability: Levitate
|-damage|p1a: Ninetales|61/100
|-damage|p2a: Garchomp|90/100|[from] item: Life Orb
|move|p1a: Ninetales|Blizzard|p2b: Talonflame|[spread] p2a,p2b
|-supereffective|p2a: Garchomp|2
|-damage|p2a: Garchomp|0 fnt
|-damage|p2b: Talonflame|0 fnt
|faint|p2a: Garchomp
|faint|p2b: Talonflame
|
|-weather|Snowscape|[upkeep]
|upkeep
|
|t:|1785431246
|switch|p2b: Raichu|Raichu, L50, M|100/100
|switch|p2a: Kingambit|Kingambit, L50, M|100/100
|turn|3
|
|t:|1785431266
|detailschange|p2b: Raichu|Raichu-Mega-Y, L50, M
|-mega|p2b: Raichu|Raichu|Raichunite Y
|move|p2b: Raichu|Fake Out|p1b: Rotom
|-damage|p1b: Rotom|92/100
|move|p1a: Ninetales|Blizzard|p2b: Raichu|[spread] p2a,p2b
|-resisted|p2a: Kingambit|1
|-damage|p2a: Kingambit|86/100
|-damage|p2b: Raichu|68/100
|move|p2a: Kingambit|Kowtow Cleave|p1b: Rotom
|-damage|p1b: Rotom|49/100
|cant|p1b: Rotom|flinch
|
|-weather|Snowscape|[upkeep]
|-heal|p1b: Rotom|55/100|[from] item: Leftovers
|upkeep
|turn|4
|
|t:|1785431286
|move|p2b: Raichu|Zap Cannon|p1b: Rotom
|-damage|p1b: Rotom|0 fnt
|faint|p1b: Rotom
|move|p1a: Ninetales|Blizzard|p2a: Kingambit|[spread] p2a,p2b
|-resisted|p2a: Kingambit|1
|-damage|p2a: Kingambit|75/100
|-damage|p2b: Raichu|33/100
|-status|p2b: Raichu|frz
|move|p2a: Kingambit|Iron Head|p1a: Ninetales
|-supereffective|p1a: Ninetales|2
|-damage|p1a: Ninetales|0 fnt
|faint|p1a: Ninetales
|
|-weather|Snowscape|[upkeep]
|upkeep
|
|t:|1785431290
|switch|p1a: Garchomp|Garchomp, L50, F|100/100
|switch|p1b: Gengar|Gengar-Mega, L50, F, shiny|100/100
|turn|5
|
|t:|1785431307
|move|p1b: Gengar|Protect|p1b: Gengar
|-singleturn|p1b: Gengar|Protect
|move|p2a: Kingambit|Sucker Punch||[still]
|-fail|p2a: Kingambit
|cant|p2b: Raichu|frz
|move|p1a: Garchomp|Stomping Tantrum|p2b: Raichu
|-supereffective|p2b: Raichu|1
|-damage|p2b: Raichu|0 fnt
|faint|p2b: Raichu
|-damage|p1a: Garchomp|90/100|[from] item: Life Orb
|
|-weather|none
|-sideend|p2: iloveships|move: Tailwind
|upkeep
|turn|6
|
|t:|1785431317
|move|p2a: Kingambit|Sucker Punch|p1b: Gengar
|-supereffective|p1b: Gengar|1
|-damage|p1b: Gengar|7/100
|move|p1b: Gengar|Shadow Ball|p2a: Kingambit
|-resisted|p2a: Kingambit|1
|-damage|p2a: Kingambit|52/100
|move|p1a: Garchomp|Stomping Tantrum|p2a: Kingambit
|-supereffective|p2a: Kingambit|1
|-damage|p2a: Kingambit|0 fnt
|faint|p2a: Kingambit
|-damage|p1a: Garchomp|80/100|[from] item: Life Orb
|
|win|godoftoasty
|raw|godoftoasty's rating: 1218 → 1239(+21 for winning)
|raw|iloveships's rating: 1158 → 1137(-21 for losing)
