|j|☆mavrickbfr
|j|☆uPinhuu
|html|mavrickbfruPinhuu    
|uhtml|bestof|Game 2 of a best-of-3
|t:|1785370700
|gametype|doubles
|player|p1|mavrickbfr|gentleman-gen4|
|player|p2|uPinhuu|265|
|gen|9
|tier|[Gen 9 Champions] VGC 2026 Reg M-B (Bo3)
|rule|Species Clause: Limit one of each Pokémon
|rule|Item Clause: Limit 1 of each item
|clearpoke
|poke|p1|Gholdengo, L50|
|poke|p1|Milotic, L50, F, shiny|
|poke|p1|Staraptor, L50, M, shiny|
|poke|p1|Tyranitar, L50, M, shiny|
|poke|p1|Toxapex, L50, M|
|poke|p1|Excadrill, L50, M|
|poke|p2|Aerodactyl, L50, M|
|poke|p2|Kangaskhan, L50, F|
|poke|p2|Sylveon, L50, M|
|poke|p2|Farigiraf, L50, M|
|poke|p2|Torkoal, L50, F, shiny|
|poke|p2|Kingambit, L50, F, shiny|
|teampreview|4
|showteam|p1|Gholdengo||LifeOrb|GoodasGold|MakeItRain,Protect,ShadowBall,NastyPlot|Timid|||||50|]Milotic||SitrusBerry|Competitive|Scald,Protect,IceBeam,Recover|Bold||F|||50|]Staraptor||Staraptite|Intimidate|DualWingbeat,CloseCombat,Uturn,Roost|Jolly||M|||50|]Tyranitar||Tyranitarite|SandStream|RockSlide,Earthquake,Roar,KnockOff|Careful||M|||50|]Toxapex||Leftovers|Regenerator|BanefulBunker,WideGuard,Infestation,Toxic|Calm||M|||50|]Excadrill||FocusSash|SandRush|Earthquake,RockSlide,StompingTantrum,SwordsDance|Adamant||M|||50|
|showteam|p2|Aerodactyl||Aerodactylite|Unnerve|RockSlide,DualWingbeat,Tailwind,Protect|Adamant||M|||50|]Kangaskhan||Kangaskhanite|Scrappy|DoubleEdge,LowKick,IcePunch,FakeOut|Adamant||F|||50|]Sylveon||FairyFeather|Pixilate|HyperVoice,HyperBeam,QuickAttack,Detect|Modest||M|||50|]Farigiraf||SitrusBerry|ArmorTail|Psychic,Thunderbolt,TrickRoom,HelpingHand|Sassy||M|||50|]Torkoal||Charcoal|Drought|Eruption,HeatWave,WeatherBall,Protect|Modest||F|||50|]Kingambit||FocusSash|Defiant|KowtowCleave,IronHead,SuckerPunch,LowKick|Adamant||F|||50|
|
|t:|1785370791
|teamsize|p1|4
|teamsize|p2|4
|start
|switch|p1a: Toxapex|Toxapex, L50, M|100/100
|switch|p1b: Milotic|Milotic, L50, F, shiny|100/100
|switch|p2a: Sylveon|Sylveon, L50, M|100/100
|switch|p2b: Kingambit|Kingambit, L50, F, shiny|100/100
|turn|1
|
|t:|1785370822
|switch|p2a: Kangaskhan|Kangaskhan, L50, F|100/100
|move|p2b: Kingambit|Kowtow Cleave|p1b: Milotic
|-damage|p1b: Milotic|62/100
|move|p1b: Milotic|Scald|p2b: Kingambit
|-damage|p2b: Kingambit|66/100
|move|p1a: Toxapex|Infestation|p2b: Kingambit
|-damage|p2b: Kingambit|62/100
|-activate|p2b: Kingambit|move: Infestation|[of] p1a: Toxapex
|
|-damage|p2b: Kingambit|49/100|[from] move: Infestation|[partiallytrapped]
|upkeep
|turn|2
|
|t:|1785370844
|detailschange|p2a: Kangaskhan|Kangaskhan-Mega, L50, F
|-mega|p2a: Kangaskhan|Kangaskhan|Kangaskhanite
|move|p1a: Toxapex|Baneful Bunker|p1a: Toxapex
|-singleturn|p1a: Toxapex|move: Protect
|move|p2a: Kangaskhan|Double-Edge|p1b: Milotic
|-damage|p1b: Milotic|11/100
|-enditem|p1b: Milotic|Sitrus Berry|[eat]
|-heal|p1b: Milotic|36/100|[from] item: Sitrus Berry
|-damage|p1b: Milotic|24/100
|-hitcount|p1b: Milotic|2
|-damage|p2a: Kangaskhan|80/100|[from] Recoil
|move|p2b: Kingambit|Iron Head|p1a: Toxapex
|-activate|p1a: Toxapex|move: Protect
|move|p1b: Milotic|Recover|p1b: Milotic
|-heal|p1b: Milotic|74/100
|
|-damage|p2b: Kingambit|37/100|[from] move: Infestation|[partiallytrapped]
|upkeep
|turn|3
|
|t:|1785370869
|move|p1b: Milotic|Protect|p1b: Milotic
|-singleturn|p1b: Milotic|Protect
|move|p2a: Kangaskhan|Double-Edge|p1b: Milotic
|-activate|p1b: Milotic|move: Protect
|move|p2b: Kingambit|Iron Head|p1a: Toxapex
|-resisted|p1a: Toxapex|1
|-damage|p1a: Toxapex|80/100
|cant|p1a: Toxapex|flinch
|
|-heal|p1a: Toxapex|86/100|[from] item: Leftovers
|-damage|p2b: Kingambit|24/100|[from] move: Infestation|[partiallytrapped]
|upkeep
|turn|4
|
|t:|1785370925
|move|p2a: Kangaskhan|Double-Edge|p1b: Milotic
|-damage|p1b: Milotic|24/100
|-damage|p1b: Milotic|12/100
|-hitcount|p1b: Milotic|2
|-damage|p2a: Kangaskhan|60/100|[from] Recoil
|move|p2b: Kingambit|Kowtow Cleave|p1b: Milotic
|-damage|p1b: Milotic|0 fnt
|faint|p1b: Milotic
|move|p1a: Toxapex|Infestation|p2b: Kingambit
|-damage|p2b: Kingambit|20/100y
|
|-heal|p1a: Toxapex|92/100|[from] item: Leftovers
|-damage|p2b: Kingambit|8/100|[from] move: Infestation|[partiallytrapped]
|upkeep
|
|t:|1785370956
|switch|p1b: Gholdengo|Gholdengo, L50|100/100
|turn|5
|
|t:|1785371004
|move|p1b: Gholdengo|Protect|p1b: Gholdengo
|-singleturn|p1b: Gholdengo|Protect
|move|p1a: Toxapex|Baneful Bunker|p1a: Toxapex
|-singleturn|p1a: Toxapex|move: Protect
|move|p2b: Kingambit|Sucker Punch||[still]
|-fail|p2b: Kingambit
|move|p2a: Kangaskhan|Ice Punch|p1a: Toxapex
|-activate|p1a: Toxapex|move: Protect
|-status|p2a: Kangaskhan|psn
|
|-heal|p1a: Toxapex|98/100|[from] item: Leftovers
|-damage|p2a: Kangaskhan|48/100 psn|[from] psn
|-end|p2b: Kingambit|Infestation|[partiallytrapped]
|upkeep
|turn|6
|
|t:|1785371039
|switch|p1b: Staraptor|Staraptor, L50, M, shiny|100/100
|-ability|p1b: Staraptor|Intimidate|boost
|-unboost|p2a: Kangaskhan|atk|1
|-unboost|p2b: Kingambit|atk|1
|-ability|p2b: Kingambit|Defiant|boost
|-boost|p2b: Kingambit|atk|2
|move|p2b: Kingambit|Sucker Punch||[still]
|-fail|p2b: Kingambit
|move|p2a: Kangaskhan|Double-Edge|p1a: Toxapex
|-damage|p1a: Toxapex|63/100
|-damage|p1a: Toxapex|53/100
|-hitcount|p1a: Toxapex|2
|-damage|p2a: Kangaskhan|39/100 psn|[from] Recoil
|move|p1a: Toxapex|Infestation|p2b: Kingambit
|-damage|p2b: Kingambit|3/100
|-activate|p2b: Kingambit|move: Infestation|[of] p1a: Toxapex
|
|-heal|p1a: Toxapex|60/100|[from] item: Leftovers
|-damage|p2a: Kangaskhan|27/100 psn|[from] psn
|-damage|p2b: Kingambit|0 fnt|[from] move: Infestation|[partiallytrapped]
|faint|p2b: Kingambit
|upkeep
|
|t:|1785371063
|switch|p2b: Farigiraf|Farigiraf, L50, M|100/100
|turn|7
|
|t:|1785371082
|detailschange|p1b: Staraptor|Staraptor-Mega, L50, M, shiny
|-mega|p1b: Staraptor|Staraptor|Staraptite
|move|p1b: Staraptor|U-turn|p2b: Farigiraf
|-supereffective|p2b: Farigiraf|1
|-damage|p2b: Farigiraf|50/100g
|
|t:|1785371099
|switch|p1b: Gholdengo|Gholdengo, L50|100/100|[from] U-turn
|move|p2a: Kangaskhan|Ice Punch|p1b: Gholdengo
|-resisted|p1b: Gholdengo|1
|-damage|p1b: Gholdengo|91/100
|-resisted|p1b: Gholdengo|1
|-damage|p1b: Gholdengo|89/100
|-hitcount|p1b: Gholdengo|2
|move|p1a: Toxapex|Toxic|p2b: Farigiraf
|-status|p2b: Farigiraf|tox
|move|p2b: Farigiraf|Trick Room|p2b: Farigiraf
|-fieldstart|move: Trick Room|[of] p2b: Farigiraf
|
|-heal|p1a: Toxapex|66/100|[from] item: Leftovers
|-damage|p2b: Farigiraf|44/100 tox|[from] psn
|-damage|p2a: Kangaskhan|15/100 psn|[from] psn
|upkeep
|-enditem|p2b: Farigiraf|Sitrus Berry|[eat]
|-heal|p2b: Farigiraf|69/100 tox|[from] item: Sitrus Berry
|turn|8
|
|t:|1785371168
|switch|p1b: Staraptor|Staraptor-Mega, L50, M, shiny|100/100
|move|p1a: Toxapex|Baneful Bunker|p1a: Toxapex
|-singleturn|p1a: Toxapex|move: Protect
|move|p2b: Farigiraf|Thunderbolt|p1a: Toxapex
|-activate|p1a: Toxapex|move: Protect
|move|p2a: Kangaskhan|Double-Edge|p1a: Toxapex
|-activate|p1a: Toxapex|move: Protect
|
|-heal|p1a: Toxapex|72/100|[from] item: Leftovers
|-damage|p2b: Farigiraf|57/100 tox|[from] psn
|-damage|p2a: Kangaskhan|2/100 psn|[from] psn
|upkeep
|turn|9
|
|t:|1785371208
|move|p1a: Toxapex|Infestation|p2b: Farigiraf
|-supereffective|p2b: Farigiraf|1
|-damage|p2b: Farigiraf|51/100 tox
|-activate|p2b: Farigiraf|move: Infestation|[of] p1a: Toxapex
|move|p2b: Farigiraf|Thunderbolt|p1a: Toxapex
|-supereffective|p1a: Toxapex|1
|-damage|p1a: Toxapex|32/100
|move|p2a: Kangaskhan|Double-Edge|p1a: Toxapex
|-damage|p1a: Toxapex|0 fnt
|faint|p1a: Toxapex
|-damage|p2a: Kangaskhan|0 fnt|[from] Recoil
|faint|p2a: Kangaskhan
|move|p1b: Staraptor|Roost||[still]
|-fail|p1b: Staraptor|heal
|
|-damage|p2b: Farigiraf|33/100 tox|[from] psn
|-end|p2b: Farigiraf|Infestation|[partiallytrapped]|[silent]
|upkeep
|
|t:|1785371224
|switch|p1a: Gholdengo|Gholdengo, L50|89/100
|switch|p2a: Sylveon|Sylveon, L50, M|100/100
|turn|10
|
|t:|1785371251
|move|p2b: Farigiraf|Psychic|p1a: Gholdengo
|-resisted|p1a: Gholdengo|1
|-damage|p1a: Gholdengo|72/100
|move|p2a: Sylveon|Hyper Beam|p1b: Staraptor
|-supereffective|p1b: Staraptor|1
|-damage|p1b: Staraptor|0 fnt
|-mustrecharge|p2a: Sylveon
|faint|p1b: Staraptor
|move|p1a: Gholdengo|Make It Rain|p2b: Farigiraf|[spread] p2a,p2b
|-supereffective|p2a: Sylveon|1
|-damage|p2a: Sylveon|22/100
|-damage|p2b: Farigiraf|0 fnt
|-unboost|p1a: Gholdengo|spa|2
|faint|p2b: Farigiraf
|-damage|p1a: Gholdengo|62/100|[from] item: Life Orb
|
|upkeep
|turn|11
|
|t:|1785371270
|cant|p2a: Sylveon|recharge
|move|p1a: Gholdengo|Make It Rain|p2a: Sylveon
|-supereffective|p2a: Sylveon|1
|-damage|p2a: Sylveon|0 fnt
|-unboost|p1a: Gholdengo|spa|2
|faint|p2a: Sylveon
|-damage|p1a: Gholdengo|52/100|[from] item: Life Orb
|
|win|mavrickbfr
|inactive|mavrickbfr has 30 seconds to confirm battle start!
|inactive|uPinhuu has 30 seconds to confirm battle start!
|inactive|mavrickbfr has 20 seconds to confirm battle start!
|inactive|uPinhuu has 20 seconds to confirm battle start!
||mavrickbfr is ready for game 3.
|inactive|uPinhuu has 10 seconds to confirm battle start!
|l|☆uPinhuu
|player|p2|
|uhtml|next|Next: Game 3 of 3
