|j|☆Ng010394
|j|☆Mclovingods
|html|Ng010394Mclovingods    
|uhtml|bestof|Game 1 of a best-of-3
|t:|1782590527
|gametype|doubles
|player|p1|Ng010394|1|1149
|player|p2|Mclovingods|169|1195
|gen|9
|tier|[Gen 9 Champions] VGC 2026 Reg M-B (Bo3)
|rated|
|rule|Species Clause: Limit one of each Pokémon
|rule|Item Clause: Limit 1 of each item
|clearpoke
|poke|p1|Corviknight, L50, F|
|poke|p1|Raichu, L50, M|
|poke|p1|Primarina, L50, M|
|poke|p1|Dragapult, L50, M|
|poke|p1|Incineroar, L50, M|
|poke|p1|Starmie, L50|
|poke|p2|Delphox, L50, F|
|poke|p2|Basculegion, L50, M|
|poke|p2|Sinistcha, L50|
|poke|p2|Incineroar, L50, M|
|poke|p2|Garchomp, L50, M|
|poke|p2|Staraptor, L50, F|
|teampreview|4
|showteam|p1|Corviknight||Leftovers|MirrorArmor|Tailwind,BodyPress,IronHead,BulkUp|Impish||F|||50|]Raichu||RaichuniteY|LightningRod|ZapCannon,FocusBlast,FakeOut,Protect|Hasty||M|||50|]Primarina||MysticWater|LiquidVoice|Moonblast,Protect,HyperVoice,EnergyBall|Modest||M|||50|]Dragapult||LifeOrb|ClearBody|DragonDarts,ShadowBall,Flamethrower,Protect|Hasty||M|||50|]Incineroar||SitrusBerry|Intimidate|FakeOut,PartingShot,ThroatChop,FlareBlitz|Careful||M|||50|]Starmie||Starminite|NaturalCure|AquaJet,Waterfall,ZenHeadbutt,IceSpinner|Jolly|||||50|
|showteam|p2|Delphox||Delphoxite|Blaze|NastyPlot,HeatWave,Psychic,Protect|Timid||F|||50|]Basculegion||MysticWater|Adaptability|WaveCrash,AquaJet,LastRespects,Protect|Jolly||M|||50|]Sinistcha||CobaBerry|Hospitality|MatchaGotcha,RagePowder,LifeDew,TrickRoom|Calm|||||50|]Incineroar||SitrusBerry|Intimidate|FakeOut,PartingShot,FlareBlitz,DarkestLariat|Careful||M|||50|]Garchomp||LifeOrb|RoughSkin|Earthquake,DragonClaw,RockSlide,Protect|Jolly||M|||50|]Staraptor||Staraptite|Intimidate|CloseCombat,BraveBird,Protect,Roost|Jolly||F|||50|
|inactive|Battle timer is ON: inactive players will automatically lose when time's up. (requested by Ng010394)
|
|t:|1782590566
|teamsize|p1|4
|teamsize|p2|4
|start
|switch|p1a: Incineroar|Incineroar, L50, M|100/100
|switch|p1b: Corviknight|Corviknight, L50, F|100/100
|switch|p2a: Delphox|Delphox, L50, F|100/100
|switch|p2b: Sinistcha|Sinistcha, L50|100/100
|-ability|p1a: Incineroar|Intimidate|boost
|-unboost|p2a: Delphox|atk|1
|-unboost|p2b: Sinistcha|atk|1
|turn|1
|
|t:|1782590580
|switch|p2b: Basculegion|Basculegion, L50, M|100/100
|detailschange|p2a: Delphox|Delphox-Mega, L50, F
|-mega|p2a: Delphox|Delphox|Delphoxite
|move|p2a: Delphox|Protect|p2a: Delphox
|-singleturn|p2a: Delphox|Protect
|move|p1a: Incineroar|Fake Out|p2a: Delphox
|-activate|p2a: Delphox|move: Protect
|move|p1b: Corviknight|Tailwind|p1b: Corviknight
|-sidestart|p1: Ng010394|move: Tailwind
|
|upkeep
|turn|2
|inactive|Ng010394 has 30 seconds left.
|inactive|Ng010394 has 20 seconds left.
|
|t:|1782590615
|switch|p1b: Dragapult|Dragapult, L50, M|100/100
|switch|p2b: Incineroar|Incineroar, L50, M|100/100
|-ability|p2b: Incineroar|Intimidate|boost
|-unboost|p1a: Incineroar|atk|1
|-fail|p1b: Dragapult|unboost|[from] ability: Clear Body|[of] p1b: Dragapult
|move|p2a: Delphox|Nasty Plot|p2a: Delphox
|-boost|p2a: Delphox|spa|2
|move|p1a: Incineroar|Parting Shot|p2a: Delphox
|-unboost|p2a: Delphox|atk|1
|-unboost|p2a: Delphox|spa|1
|
|t:|1782590628
|switch|p1a: Raichu|Raichu, L50, M|100/100|[from] Parting Shot
|
|upkeep
|turn|3
|
|t:|1782590640
|switch|p2b: Sinistcha|Sinistcha, L50|100/100
|move|p2a: Delphox|Protect|p2a: Delphox
|-singleturn|p2a: Delphox|Protect
|move|p1a: Raichu|Fake Out|p2b: Sinistcha
|-immune|p2b: Sinistcha
|move|p1b: Dragapult|Shadow Ball|p2a: Delphox
|-activate|p2a: Delphox|move: Protect
|
|upkeep
|turn|4
|
|t:|1782590652
|detailschange|p1a: Raichu|Raichu-Mega-Y, L50, M
|-mega|p1a: Raichu|Raichu|Raichunite Y
|move|p2b: Sinistcha|Rage Powder|p2b: Sinistcha
|-singleturn|p2b: Sinistcha|move: Rage Powder
|move|p1b: Dragapult|Shadow Ball|p2b: Sinistcha
|-supereffective|p2b: Sinistcha|1
|-damage|p2b: Sinistcha|15/100
|-damage|p1b: Dragapult|90/100|[from] item: Life Orb
|move|p1a: Raichu|Zap Cannon|p2b: Sinistcha
|-resisted|p2b: Sinistcha|1
|-damage|p2b: Sinistcha|0 fnt
|faint|p2b: Sinistcha
|move|p2a: Delphox|Psychic|p1b: Dragapult
|-damage|p1b: Dragapult|0 fnt
|faint|p1b: Dragapult
|
|-sideend|p1: Ng010394|move: Tailwind
|upkeep
|
|t:|1782590666
|switch|p1b: Incineroar|Incineroar, L50, M|100/100
|switch|p2b: Incineroar|Incineroar, L50, M|100/100
|-ability|p1b: Incineroar|Intimidate|boost
|-unboost|p2a: Delphox|atk|1
|-unboost|p2b: Incineroar|atk|1
|-ability|p2b: Incineroar|Intimidate|boost
|-unboost|p1a: Raichu|atk|1
|-unboost|p1b: Incineroar|atk|1
|turn|5
|
|t:|1782590678
|move|p2a: Delphox|Protect|p2a: Delphox
|-singleturn|p2a: Delphox|Protect
|move|p1b: Incineroar|Fake Out|p2b: Incineroar
|-damage|p2b: Incineroar|93/100
|cant|p2b: Incineroar|flinch
|move|p1a: Raichu|Zap Cannon|p2a: Delphox
|-activate|p2a: Delphox|move: Protect
|
|upkeep
|turn|6
|
|t:|1782590696
|move|p2a: Delphox|Psychic|p1a: Raichu
|-damage|p1a: Raichu|0 fnt
|faint|p1a: Raichu
|move|p1b: Incineroar|Throat Chop|p2a: Delphox
|-supereffective|p2a: Delphox|1
|-damage|p2a: Delphox|32/100
|-start|p2a: Delphox|Throat Chop|[silent]
|move|p2b: Incineroar|Flare Blitz|p1b: Incineroar
|-resisted|p1b: Incineroar|1
|-damage|p1b: Incineroar|84/100
|-damage|p2b: Incineroar|88/100|[from] Recoil
|
|upkeep
|
|t:|1782590706
|switch|p1a: Corviknight|Corviknight, L50, F|100/100
|turn|7
|
|t:|1782590719
|move|p2a: Delphox|Heat Wave|p1b: Incineroar|[spread] p1a,p1b
|-supereffective|p1a: Corviknight|1
|-resisted|p1b: Incineroar|1
|-damage|p1a: Corviknight|0 fnt
|-damage|p1b: Incineroar|63/100
|faint|p1a: Corviknight
|move|p2b: Incineroar|Flare Blitz|p1b: Incineroar
|-resisted|p1b: Incineroar|1
|-damage|p1b: Incineroar|49/100
|-enditem|p1b: Incineroar|Sitrus Berry|[eat]
|-heal|p1b: Incineroar|73/100|[from] item: Sitrus Berry
|-damage|p2b: Incineroar|83/100|[from] Recoil
|move|p1b: Incineroar|Parting Shot|p2a: Delphox
|-unboost|p2a: Delphox|atk|1
|-unboost|p2a: Delphox|spa|1
|
|-end|p2a: Delphox|Throat Chop|[silent]
|upkeep
|turn|8
|
|t:|1782590744
|move|p2a: Delphox|Heat Wave|p1b: Incineroar
|-resisted|p1b: Incineroar|1
|-damage|p1b: Incineroar|54/100
|move|p2b: Incineroar|Flare Blitz|p1b: Incineroar
|-resisted|p1b: Incineroar|1
|-damage|p1b: Incineroar|39/100
|-damage|p2b: Incineroar|78/100|[from] Recoil
|move|p1b: Incineroar|Throat Chop|p2b: Incineroar
|-resisted|p2b: Incineroar|1
|-damage|p2b: Incineroar|69/100
|-start|p2b: Incineroar|Throat Chop|[silent]
|
|upkeep
|turn|9
|
|t:|1782590752
|move|p2a: Delphox|Heat Wave|p1b: Incineroar
|-resisted|p1b: Incineroar|1
|-damage|p1b: Incineroar|20/100y
|move|p2b: Incineroar|Flare Blitz|p1b: Incineroar
|-resisted|p1b: Incineroar|1
|-damage|p1b: Incineroar|6/100
|-damage|p2b: Incineroar|65/100|[from] Recoil
|move|p1b: Incineroar|Flare Blitz|p2b: Incineroar
|-resisted|p2b: Incineroar|1
|-damage|p2b: Incineroar|51/100
|-damage|p1b: Incineroar|2/100|[from] Recoil
|
|-end|p2b: Incineroar|Throat Chop|[silent]
|upkeep
|turn|10
|
|t:|1782590765
|move|p2a: Delphox|Heat Wave|p1b: Incineroar
|-resisted|p1b: Incineroar|1
|-damage|p1b: Incineroar|0 fnt
|faint|p1b: Incineroar
|
|win|Mclovingods
||Mclovingods is ready for game 2.
||Ng010394 is ready for game 2.
|uhtml|next|Next: Game 2 of 3
