|j|☆VOQJKk
|j|☆Noker_505
|html|VOQJKkNoker_505    
|uhtml|bestof|Game 2 of a best-of-3
|t:|1785678481
|gametype|doubles
|player|p1|VOQJKk|steven|1147
|player|p2|Noker_505|169|1204
|gen|9
|tier|[Gen 9 Champions] VGC 2026 Reg M-B (Bo3)
|rated|
|rule|Species Clause: Limit one of each Pokémon
|rule|Item Clause: Limit 1 of each item
|clearpoke
|poke|p1|Basculegion, L50, M|
|poke|p1|Charizard, L50, F|
|poke|p1|Kingambit, L50, F|
|poke|p1|Garchomp, L50, F|
|poke|p1|Whimsicott, L50, M|
|poke|p1|Floette-Eternal, L50, F|
|poke|p2|Glimmora, L50, M|
|poke|p2|Whimsicott, L50, F|
|poke|p2|Farigiraf, L50, M|
|poke|p2|Staraptor, L50, F|
|poke|p2|Basculegion, L50, M|
|poke|p2|Incineroar, L50, F|
|teampreview|4
|showteam|p1|Basculegion||MysticWater|Adaptability|WaveCrash,LastRespects,AquaJet,Protect|Adamant||M|||50|]Charizard||CharizarditeY|Blaze|HeatWave,WeatherBall,SolarBeam,Protect|Modest||F|||50|]Kingambit||BlackGlasses|Defiant|KowtowCleave,SuckerPunch,IronHead,Protect|Adamant||F|||50|]Garchomp||LifeOrb|RoughSkin|Earthquake,RockSlide,DragonClaw,Protect|Jolly||F|||50|]Whimsicott||FocusSash|Prankster|Moonblast,SunnyDay,Tailwind,Encore|Timid||M|||50|]Floette-Eternal||Floettite|FlowerVeil|DazzlingGleam,Moonblast,LightofRuin,Protect|Modest||F|||50|
|showteam|p2|Glimmora||Glimmoranite|ToxicDebris|EarthPower,SludgeBomb,SpikyShield,PowerGem|Timid||M|||50|]Whimsicott||FocusSash|Prankster|Charm,Moonblast,Encore,Tailwind|Timid||F|||50|]Farigiraf||SitrusBerry|ArmorTail|TrickRoom,Imprison,Thunderbolt,PsychicNoise|Modest||M|||50|]Staraptor||Staraptite|Intimidate|CloseCombat,BraveBird,Protect,Roost|Jolly||F|||50|]Basculegion||ChoiceScarf|Adaptability|WaveCrash,FlipTurn,LastRespects,AquaJet|Adamant||M|||50|]Incineroar||PasshoBerry|Intimidate|PartingShot,ThroatChop,WillOWisp,FakeOut|Serious||F|||50|
|inactive|Battle timer is ON: inactive players will automatically lose when time's up. (requested by VOQJKk)
|inactive|Noker_505 has 60 seconds left.
|inactive|Noker_505 has 30 seconds left.
|inactive|Noker_505 has 20 seconds left.
|inactive|Noker_505 has 15 seconds left.
|inactive|Noker_505 has 10 seconds left.
|
|t:|1785678566
|teamsize|p1|4
|teamsize|p2|4
|start
|switch|p1a: Kingambit|Kingambit, L50, F|100/100
|switch|p1b: Whimsicott|Whimsicott, L50, M|100/100
|switch|p2a: Whimsicott|Whimsicott, L50, F|100/100
|switch|p2b: Staraptor|Staraptor, L50, F|100/100
|-ability|p2b: Staraptor|Intimidate|boost
|-unboost|p1a: Kingambit|atk|1
|-ability|p1a: Kingambit|Defiant|boost
|-boost|p1a: Kingambit|atk|2
|-unboost|p1b: Whimsicott|atk|1
|turn|1
|inactive|VOQJKk has 30 seconds left.
|inactive|VOQJKk has 20 seconds left.
|
|t:|1785678605
|detailschange|p2b: Staraptor|Staraptor-Mega, L50, F
|-mega|p2b: Staraptor|Staraptor|Staraptite
|move|p2a: Whimsicott|Charm|p2b: Staraptor
|-boost|p2b: Staraptor|atk|2
|move|p1b: Whimsicott|Tailwind|p1b: Whimsicott
|-sidestart|p1: VOQJKk|move: Tailwind
|move|p1a: Kingambit|Sucker Punch|p2b: Staraptor
|-resisted|p2b: Staraptor|1
|-damage|p2b: Staraptor|70/100
|move|p2b: Staraptor|Close Combat|p1b: Whimsicott
|-resisted|p1b: Whimsicott|1
|-damage|p1b: Whimsicott|15/100
|-boost|p2b: Staraptor|def|1
|-boost|p2b: Staraptor|spd|1
|
|upkeep
|turn|2
|inactive|VOQJKk has 30 seconds left.
|inactive|VOQJKk has 20 seconds left.
|inactive|VOQJKk has 15 seconds left.
|inactive|VOQJKk has 10 seconds left.
|
|t:|1785678654
|move|p1a: Kingambit|Protect|p1a: Kingambit
|-singleturn|p1a: Kingambit|Protect
|move|p2a: Whimsicott|Tailwind|p2a: Whimsicott
|-sidestart|p2: Noker_505|move: Tailwind
|move|p1b: Whimsicott|Moonblast|p2b: Staraptor
|-supereffective|p2b: Staraptor|1
|-damage|p2b: Staraptor|19/100
|-boost|p2b: Staraptor|spa|1
|move|p2b: Staraptor|Close Combat|p1b: Whimsicott
|-resisted|p1b: Whimsicott|1
|-damage|p1b: Whimsicott|0 fnt
|-boost|p2b: Staraptor|def|1
|-boost|p2b: Staraptor|spd|1
|faint|p1b: Whimsicott
|
|upkeep
|
|t:|1785678678
|switch|p1b: Floette|Floette-Eternal, L50, F|100/100
|turn|3
|inactive|Noker_505 has 30 seconds left.
|inactive|Noker_505 has 20 seconds left.
|inactive|Noker_505 has 15 seconds left.
|
|t:|1785678719
|move|p1a: Kingambit|Sucker Punch|p2b: Staraptor
|-resisted|p2b: Staraptor|1
|-damage|p2b: Staraptor|4/100
|move|p2a: Whimsicott|Moonblast|p1b: Floette
|-damage|p1b: Floette|62/100
|-unboost|p1b: Floette|spa|1
|move|p2b: Staraptor|Close Combat|p1a: Kingambit
|-supereffective|p1a: Kingambit|2
|-damage|p1a: Kingambit|0 fnt
|-boost|p2b: Staraptor|def|1
|-boost|p2b: Staraptor|spd|1
|faint|p1a: Kingambit
|move|p1b: Floette|Dazzling Gleam|p2b: Staraptor|[spread] p2a,p2b
|-supereffective|p2b: Staraptor|1
|-damage|p2a: Whimsicott|64/100
|-damage|p2b: Staraptor|0 fnt
|faint|p2b: Staraptor
|
|upkeep
|inactive|Noker_505 has 30 seconds left.
|inactive|Noker_505 has 20 seconds left.
|inactive|Noker_505 has 15 seconds left.
|inactive|Noker_505 has 10 seconds left.
|
|t:|1785678766
|switch|p2b: Glimmora|Glimmora, L50, M|100/100
|switch|p1a: Basculegion|Basculegion, L50, M|100/100
|turn|4
|
|t:|1785678787
|move|p2b: Glimmora|Spiky Shield|p2b: Glimmora
|-singleturn|p2b: Glimmora|move: Protect
|move|p2a: Whimsicott|Charm|p1a: Basculegion
|-unboost|p1a: Basculegion|atk|2
|move|p1a: Basculegion|Aqua Jet|p2b: Glimmora
|-activate|p2b: Glimmora|move: Protect
|-damage|p1a: Basculegion|87/100|[from] Spiky Shield|[of] p2b: Glimmora
|move|p1b: Floette|Light of Ruin|p2a: Whimsicott
|-damage|p2a: Whimsicott|0 fnt
|faint|p2a: Whimsicott
|-damage|p1b: Floette|33/100|[from] Recoil
|
|-sideend|p1: VOQJKk|move: Tailwind
|upkeep
|
|t:|1785678806
|switch|p2a: Incineroar|Incineroar, L50, F|100/100
|-ability|p2a: Incineroar|Intimidate|boost
|-unboost|p1a: Basculegion|atk|1
|-unboost|p1b: Floette|atk|1
|turn|5
|inactive|VOQJKk has 30 seconds left.
|
|t:|1785678834
|detailschange|p1b: Floette|Floette-Mega, L50, F
|-mega|p1b: Floette|Floette|Floettite
|-ability|p1b: Floette|Fairy Aura
|move|p1b: Floette|Protect|p1b: Floette
|-singleturn|p1b: Floette|Protect
|move|p1a: Basculegion|Protect|p1a: Basculegion
|-singleturn|p1a: Basculegion|Protect
|move|p2b: Glimmora|Power Gem|p1a: Basculegion
|-activate|p1a: Basculegion|move: Protect
|move|p2a: Incineroar|Throat Chop|p1a: Basculegion
|-activate|p1a: Basculegion|move: Protect
|
|-sideend|p2: Noker_505|move: Tailwind
|upkeep
|turn|6
|inactive|VOQJKk has 30 seconds left.
|
|t:|1785678862
|move|p1b: Floette|Light of Ruin|p2a: Incineroar
|-damage|p2a: Incineroar|25/100
|-damage|p1b: Floette|0 fnt|[from] Recoil
|faint|p1b: Floette
|move|p2b: Glimmora|Sludge Bomb|p1a: Basculegion
|-resisted|p1a: Basculegion|1
|-damage|p1a: Basculegion|65/100
|move|p1a: Basculegion|Wave Crash|p2b: Glimmora
|-supereffective|p2b: Glimmora|1
|-damage|p2b: Glimmora|21/100
|-activate|p2b: Glimmora|ability: Toxic Debris
|-sidestart|p1: VOQJKk|move: Toxic Spikes
|-damage|p1a: Basculegion|42/100|[from] Recoil
|move|p2a: Incineroar|Throat Chop|p1a: Basculegion
|-supereffective|p1a: Basculegion|1
|-damage|p1a: Basculegion|0 fnt
|faint|p1a: Basculegion
|
|win|Noker_505
|raw|VOQJKk's rating: 1147 → 1126(-21 for losing)
|raw|Noker_505's rating: 1204 → 1225(+21 for winning)
|l|☆Noker_505
|player|p2|
