|j|☆pink spoon
|j|☆SunshineTufo
|html|pink spoonSunshineTufo    
|uhtml|bestof|Game 1 of a best-of-3
|t:|1784237370
|gametype|doubles
|player|p1|pink spoon|parasollady|1141
|player|p2|SunshineTufo|li|1174
|gen|9
|tier|[Gen 9 Champions] VGC 2026 Reg M-B (Bo3)
|rated|
|rule|Species Clause: Limit one of each Pokémon
|rule|Item Clause: Limit 1 of each item
|clearpoke
|poke|p1|Lopunny, L50, M|
|poke|p1|Zoroark-Hisui, L50, M|
|poke|p1|Mamoswine, L50, F|
|poke|p1|Incineroar, L50, F|
|poke|p1|Farigiraf, L50, M|
|poke|p1|Mawile, L50, M|
|poke|p2|Toxapex, L50, M|
|poke|p2|Froslass, L50, F, shiny|
|poke|p2|Incineroar, L50, M, shiny|
|poke|p2|Floette-Eternal, L50, F|
|poke|p2|Vivillon-Marine, L50, M|
|poke|p2|Kommo-o, L50, F|
|teampreview|4
|showteam|p1|Lopunny||Lopunnite|CuteCharm|CloseCombat,MegaKick,FakeOut,Protect|Jolly||M|||50|]Zoroark-Hisui||FocusSash|Illusion|HyperVoice,ShadowBall,NastyPlot,Protect|Timid||M|||50|]Mamoswine||LifeOrb|Oblivious|IcicleCrash,HighHorsepower,IceShard,Protect|Adamant||F|||50|]Incineroar||ShucaBerry|Intimidate|FlareBlitz,ThroatChop,FakeOut,PartingShot|Adamant||F|||50|]Farigiraf||SitrusBerry|ArmorTail|NightShade,Psychic,TrickRoom,Protect|Bold||M|||50|]Mawile||Mawilite|HyperCutter|PlayRough,SuckerPunch,SwordsDance,Protect|Adamant||M|||50|
|showteam|p2|Toxapex||Leftovers|Regenerator|Infestation,Toxic,WideGuard,BanefulBunker|Impish||M|||50|]Froslass||Froslassite|SnowCloak|Blizzard,ShadowBall,AuroraVeil,Protect|Modest||F|||50|]Incineroar||SitrusBerry|Intimidate|FlareBlitz,ThroatChop,PartingShot,FakeOut|Impish||M|||50|]Floette-Eternal||Floettite|FlowerVeil|Moonblast,DrainingKiss,CalmMind,Protect|Modest||F|||50|]Vivillon-Marine||FocusSash|CompoundEyes|SleepPowder,Protect,PollenPuff,RagePowder|Timid||M|||50|]Kommo-o||LifeOrb|Soundproof|ClangingScales,Flamethrower,ClangorousSoul,Protect|Timid||F|||50|
|inactive|Battle timer is ON: inactive players will automatically lose when time's up. (requested by SunshineTufo)
|inactive|SunshineTufo has 60 seconds left.
|
|t:|1784237407
|teamsize|p1|4
|teamsize|p2|4
|start
|switch|p1a: Lopunny|Lopunny, L50, M|100/100
|switch|p1b: Mamoswine|Mamoswine, L50, F|100/100
|switch|p2a: Incineroar|Incineroar, L50, M, shiny|100/100
|switch|p2b: Froslass|Froslass, L50, F, shiny|100/100
|-ability|p2a: Incineroar|Intimidate|boost
|-unboost|p1a: Lopunny|atk|1
|-unboost|p1b: Mamoswine|atk|1
|turn|1
|
|t:|1784237432
|detailschange|p1a: Lopunny|Lopunny-Mega, L50, M
|-mega|p1a: Lopunny|Lopunny|Lopunnite
|detailschange|p2b: Froslass|Froslass-Mega, L50, F, shiny
|-mega|p2b: Froslass|Froslass|Froslassite
|-weather|Snowscape|[from] ability: Snow Warning|[of] p2b: Froslass
|move|p1a: Lopunny|Fake Out|p2b: Froslass
|-damage|p2b: Froslass|85/100
|move|p2a: Incineroar|Fake Out|p1b: Mamoswine
|-immune|p1b: Mamoswine
|move|p1b: Mamoswine|Nasty Plot|p1b: Mamoswine
|-boost|p1b: Mamoswine|spa|2
|cant|p2b: Froslass|flinch
|
|-weather|Snowscape|[upkeep]
|upkeep
|turn|2
|
|t:|1784237453
|move|p2b: Froslass|Protect|p2b: Froslass
|-singleturn|p2b: Froslass|Protect
|move|p1a: Lopunny|Close Combat|p2a: Incineroar
|-supereffective|p2a: Incineroar|1
|-damage|p2a: Incineroar|25/100
|-unboost|p1a: Lopunny|def|1
|-unboost|p1a: Lopunny|spd|1
|-enditem|p2a: Incineroar|Sitrus Berry|[eat]
|-heal|p2a: Incineroar|50/100g|[from] item: Sitrus Berry
|move|p1b: Mamoswine|Shadow Ball|p2b: Froslass
|-activate|p2b: Froslass|move: Protect
|move|p2a: Incineroar|Throat Chop|p1b: Mamoswine
|-supereffective|p1b: Mamoswine|1
|-enditem|p1b: Mamoswine|Focus Sash
|-damage|p1b: Mamoswine|1/100
|-start|p1b: Mamoswine|Throat Chop|[silent]
|replace|p1b: Zoroark|Zoroark-Hisui, L50, M
|-end|p1b: Zoroark|Illusion
|
|-weather|Snowscape|[upkeep]
|upkeep
|turn|3
|
|t:|1784237460
|switch|p2a: Toxapex|Toxapex, L50, M|100/100
|move|p1a: Lopunny|Close Combat|p2a: Toxapex
|-resisted|p2a: Toxapex|1
|-damage|p2a: Toxapex|84/100
|-unboost|p1a: Lopunny|def|1
|-unboost|p1a: Lopunny|spd|1
|move|p1b: Zoroark|Shadow Ball|p2b: Froslass
|-supereffective|p2b: Froslass|1
|-damage|p2b: Froslass|0 fnt
|faint|p2b: Froslass
|
|-weather|Snowscape|[upkeep]
|-heal|p2a: Toxapex|89/100|[from] item: Leftovers
|-end|p1b: Zoroark|Throat Chop|[silent]
|upkeep
|
|t:|1784237474
|switch|p2b: Vivillon|Vivillon-Marine, L50, M|100/100
|turn|4
|
|t:|1784237488
|move|p2b: Vivillon|Protect|p2b: Vivillon
|-singleturn|p2b: Vivillon|Protect
|move|p1a: Lopunny|Mega Kick|p2b: Vivillon
|-activate|p2b: Vivillon|move: Protect
|move|p1b: Zoroark|Hyper Voice|p2b: Vivillon|[spread] p2a
|-activate|p2b: Vivillon|move: Protect
|-damage|p2a: Toxapex|38/100
|move|p2a: Toxapex|Infestation|p1b: Zoroark
|-resisted|p1b: Zoroark|1
|-damage|p1b: Zoroark|0 fnt
|faint|p1b: Zoroark
|
|-weather|Snowscape|[upkeep]
|-heal|p2a: Toxapex|43/100|[from] item: Leftovers
|upkeep
|
|t:|1784237492
|switch|p1b: Mamoswine|Mamoswine, L50, F|100/100
|turn|5
|
|t:|1784237507
|move|p1b: Mamoswine|Ice Shard|p2b: Vivillon
|-supereffective|p2b: Vivillon|1
|-damage|p2b: Vivillon|15/100
|-damage|p1b: Mamoswine|90/100|[from] item: Life Orb
|move|p1a: Lopunny|Close Combat|p2b: Vivillon
|-resisted|p2b: Vivillon|2
|-damage|p2b: Vivillon|0 fnt
|-unboost|p1a: Lopunny|def|1
|-unboost|p1a: Lopunny|spd|1
|faint|p2b: Vivillon
|move|p2a: Toxapex|Toxic|p1b: Mamoswine
|-status|p1b: Mamoswine|tox
|
|-weather|none
|-heal|p2a: Toxapex|49/100|[from] item: Leftovers
|-damage|p1b: Mamoswine|84/100 tox|[from] psn
|upkeep
|
|t:|1784237510
|switch|p2b: Incineroar|Incineroar, L50, M, shiny|50/100g
|-ability|p2b: Incineroar|Intimidate|boost
|-fail|p1a: Lopunny|unboost|Attack|[from] ability: Scrappy|[of] p1a: Lopunny
|-fail|p1b: Mamoswine|unboost|Attack|[from] ability: Oblivious|[of] p1b: Mamoswine
|turn|6
|
|t:|1784237517
|move|p2b: Incineroar|Fake Out|p1a: Lopunny
|-damage|p1a: Lopunny|66/100
|cant|p1a: Lopunny|flinch
|move|p1b: Mamoswine|High Horsepower|p2a: Toxapex
|-supereffective|p2a: Toxapex|1
|-damage|p2a: Toxapex|0 fnt
|faint|p2a: Toxapex
|-damage|p1b: Mamoswine|74/100 tox|[from] item: Life Orb
|
|-damage|p1b: Mamoswine|63/100 tox|[from] psn
|upkeep
|turn|7
|-message|SunshineTufo forfeited.
|
|win|pink spoon
