|j|☆ryoshino
|j|☆zweeta
|html|ryoshinozweeta    
|uhtml|bestof|Game 2 of a best-of-3
|t:|1756682684
|gametype|doubles
|player|p1|ryoshino|101|1359
|player|p2|zweeta|pokekid|1231
|gen|9
|tier|[Gen 9] VGC 2025 Reg H (Bo3)
|rated|
|rule|Species Clause: Limit one of each Pokémon
|rule|Item Clause: Limit 1 of each item
|clearpoke
|poke|p1|Murkrow, L50, F|
|poke|p1|Gholdengo, L50|
|poke|p1|Dondozo, L50, M|
|poke|p1|Tatsugiri, L50, F|
|poke|p1|Incineroar, L50, F|
|poke|p1|Clefable, L50, F|
|poke|p2|Gholdengo, L50|
|poke|p2|Ursaluna, L50, F|
|poke|p2|Sinistcha, L50|
|poke|p2|Sneasler, L50, M|
|poke|p2|Dragonite, L50, M|
|poke|p2|Incineroar, L50, M|
|teampreview|4
|showteam|p1|Murkrow||Eviolite|Prankster|Tailwind,FoulPlay,RainDance,Haze|||F|||50|,,,,,Ghost]Gholdengo||ChoiceSpecs|GoodasGold|MakeItRain,Trick,ShadowBall,Thunderbolt||||||50|,,,,,Steel]Dondozo||Leftovers|Unaware|WaveCrash,HeavySlam,OrderUp,Protect|||M|||50|,,,,,Grass]Tatsugiri||FocusSash|Commander|DracoMeteor,IcyWind,MuddyWater,Protect|||F|||50|,,,,,Stellar]Incineroar||SafetyGoggles|Intimidate|FlareBlitz,KnockOff,PartingShot,FakeOut|||F|||50|,,,,,Ghost]Clefable||RockyHelmet|Unaware|Moonblast,FollowMe,Encore,Protect|||F|||50|,,,,,Ghost
|showteam|p2|Gholdengo||LifeOrb|GoodasGold|MakeItRain,ShadowBall,NastyPlot,Protect||||||50|,,,,,Water]Ursaluna||FlameOrb|Guts|Facade,HeadlongRush,Earthquake,Protect|||F|||50|,,,,,Ghost]Sinistcha||SitrusBerry|Hospitality|MatchaGotcha,LifeDew,RagePowder,TrickRoom||||||50|,,,,,Dark]Sneasler||FocusSash|PoisonTouch|DireClaw,CloseCombat,Coaching,Protect|||M|||50|,,,,,Flying]Dragonite||LoadedDice|Multiscale|ScaleShot,Haze,Tailwind,Protect|||M|||50|,,,,,Fairy]Incineroar||SafetyGoggles|Intimidate|FakeOut,FlareBlitz,KnockOff,PartingShot|||M|||50|,,,,,Ghost
|inactive|Battle timer is ON: inactive players will automatically lose when time's up. (requested by ryoshino)
|inactive|zweeta also wants the timer to be on.
|
|t:|1756682702
|teamsize|p1|4
|teamsize|p2|4
|start
|switch|p1a: Gholdengo|Gholdengo, L50|100/100
|switch|p1b: Incineroar|Incineroar, L50, F, shiny|100/100
|switch|p2a: Incineroar|Incineroar, L50, M|100/100
|switch|p2b: Sinistcha|Sinistcha, L50|100/100
|-ability|p2a: Incineroar|Intimidate|boost
|-unboost|p1a: Gholdengo|atk|1
|-unboost|p1b: Incineroar|atk|1
|-ability|p1b: Incineroar|Intimidate|boost
|-unboost|p2a: Incineroar|atk|1
|-unboost|p2b: Sinistcha|atk|1
|turn|1
|
|t:|1756682721
|move|p1b: Incineroar|Fake Out|p2b: Sinistcha
|-immune|p2b: Sinistcha
|move|p1a: Gholdengo|Shadow Ball|p2b: Sinistcha
|-supereffective|p2b: Sinistcha
|-damage|p2b: Sinistcha|0 fnt
|faint|p2b: Sinistcha
|move|p2a: Incineroar|Knock Off|p1a: Gholdengo
|-supereffective|p1a: Gholdengo
|-damage|p1a: Gholdengo|30/100
|-enditem|p1a: Gholdengo|Choice Specs|[from] move: Knock Off|[of] p2a: Incineroar
|
|upkeep
|
|t:|1756682726
|switch|p2b: Ursaluna|Ursaluna, L50, F, shiny|100/100
|turn|2
|
|t:|1756682734
|move|p2b: Ursaluna|Protect|p2b: Ursaluna
|-singleturn|p2b: Ursaluna|Protect
|move|p1a: Gholdengo|Make It Rain|p2b: Ursaluna|[spread] p2a
|-activate|p2b: Ursaluna|move: Protect
|-resisted|p2a: Incineroar
|-damage|p2a: Incineroar|74/100
|-unboost|p1a: Gholdengo|spa|1
|move|p2a: Incineroar|Parting Shot|p1b: Incineroar
|-unboost|p1b: Incineroar|atk|1
|-unboost|p1b: Incineroar|spa|1
|
|t:|1756682736
|switch|p2a: Gholdengo|Gholdengo, L50, shiny|100/100|[from] Parting Shot
|move|p1b: Incineroar|Parting Shot|p2b: Ursaluna
|-activate|p2b: Ursaluna|move: Protect
|
|-status|p2b: Ursaluna|brn|[from] item: Flame Orb
|upkeep
|turn|3
|
|t:|1756682743
|move|p2a: Gholdengo|Shadow Ball|p1a: Gholdengo
|-supereffective|p1a: Gholdengo
|-damage|p1a: Gholdengo|0 fnt
|faint|p1a: Gholdengo
|-damage|p2a: Gholdengo|91/100|[from] item: Life Orb
|move|p2b: Ursaluna|Facade|p1b: Incineroar
|-damage|p1b: Incineroar|0 fnt
|faint|p1b: Incineroar
|
|-damage|p2b: Ursaluna|94/100 brn|[from] brn
|upkeep
|
|t:|1756682746
|switch|p1a: Dondozo|Dondozo, L50, M|100/100
|switch|p1b: Tatsugiri|Tatsugiri, L50, F|100/100
|-activate|p1b: Tatsugiri|ability: Commander|[of] p1a: Dondozo
|-boost|p1a: Dondozo|atk|2
|-boost|p1a: Dondozo|spa|2
|-boost|p1a: Dondozo|spe|2
|-boost|p1a: Dondozo|def|2
|-boost|p1a: Dondozo|spd|2
|turn|4
|
|t:|1756682758
|switch|p2a: Incineroar|Incineroar, L50, M|74/100
|-ability|p2a: Incineroar|Intimidate|boost
|-unboost|p1a: Dondozo|atk|1
|-unboost|p1b: Tatsugiri|atk|1
|move|p2b: Ursaluna|Protect|p2b: Ursaluna
|-singleturn|p2b: Ursaluna|Protect
|move|p1a: Dondozo|Order Up|p2b: Ursaluna
|-activate|p2b: Ursaluna|move: Protect
|
|-damage|p2b: Ursaluna|88/100 brn|[from] brn
|upkeep
|turn|5
|
|t:|1756682767
|switch|p2a: Gholdengo|Gholdengo, L50, shiny|91/100
|move|p1a: Dondozo|Order Up|p2b: Ursaluna
|-damage|p2b: Ursaluna|63/100 brn
|-boost|p1a: Dondozo|atk|1
|move|p2b: Ursaluna|Facade|p1a: Dondozo
|-damage|p1a: Dondozo|60/100
|
|-heal|p1a: Dondozo|66/100|[from] item: Leftovers
|-damage|p2b: Ursaluna|56/100 brn|[from] brn
|upkeep
|turn|6
|
|t:|1756682780
|switch|p2b: Incineroar|Incineroar, L50, M|74/100
|-ability|p2b: Incineroar|Intimidate|boost
|-unboost|p1a: Dondozo|atk|1
|-unboost|p1b: Tatsugiri|atk|1
|move|p2a: Gholdengo|Shadow Ball|p1a: Dondozo
|-damage|p1a: Dondozo|40/100
|-damage|p2a: Gholdengo|82/100|[from] item: Life Orb
|move|p1a: Dondozo|Wave Crash|p2a: Gholdengo
|-damage|p2a: Gholdengo|6/100
|-damage|p1a: Dondozo|24/100|[from] Recoil
|
|-heal|p1a: Dondozo|30/100|[from] item: Leftovers
|upkeep
|turn|7
|
|t:|1756682789
|move|p1a: Dondozo|Protect|p1a: Dondozo
|-singleturn|p1a: Dondozo|Protect
|move|p2b: Incineroar|Fake Out|p1a: Dondozo
|-activate|p1a: Dondozo|move: Protect
|move|p2a: Gholdengo|Shadow Ball|p1a: Dondozo
|-activate|p1a: Dondozo|move: Protect
|
|-heal|p1a: Dondozo|36/100|[from] item: Leftovers
|upkeep
|turn|8
|
|t:|1756682795
|-terastallize|p2b: Incineroar|Ghost
|move|p2a: Gholdengo|Shadow Ball|p1a: Dondozo
|-damage|p1a: Dondozo|11/100
|-damage|p2a: Gholdengo|0 fnt|[from] item: Life Orb
|faint|p2a: Gholdengo
|move|p1a: Dondozo|Wave Crash|p2b: Incineroar
|-damage|p2b: Incineroar|3/100
|-damage|p1a: Dondozo|0 fnt|[from] Recoil
|faint|p1a: Dondozo
|move|p2b: Incineroar|Parting Shot|p1b: Tatsugiri
|-unboost|p1b: Tatsugiri|atk|1
|-unboost|p1b: Tatsugiri|spa|1
|
|t:|1756682799
|switch|p2b: Ursaluna|Ursaluna, L50, F, shiny|56/100 brn|[from] Parting Shot
|
|-damage|p2b: Ursaluna|50/100 brn|[from] brn
|upkeep
|
|t:|1756682803
|switch|p2a: Incineroar|Incineroar, L50, M, tera:Ghost|3/100
|-ability|p2a: Incineroar|Intimidate|boost
|-unboost|p1b: Tatsugiri|atk|1
|turn|9
|
|t:|1756682807
|move|p1b: Tatsugiri|Protect|p1b: Tatsugiri
|-singleturn|p1b: Tatsugiri|Protect
|move|p2a: Incineroar|Fake Out|p1b: Tatsugiri
|-activate|p1b: Tatsugiri|move: Protect
|move|p2b: Ursaluna|Facade|p1b: Tatsugiri
|-activate|p1b: Tatsugiri|move: Protect
|
|-damage|p2b: Ursaluna|44/100 brn|[from] brn
|upkeep
|turn|10
|
|t:|1756682811
|-terastallize|p1b: Tatsugiri|Stellar
|move|p1b: Tatsugiri|Muddy Water|p2b: Ursaluna|[spread] p2a,p2b
|-supereffective|p2b: Ursaluna
|-damage|p2a: Incineroar|0 fnt
|-damage|p2b: Ursaluna|0 fnt
|faint|p2a: Incineroar
|faint|p2b: Ursaluna
|
|win|ryoshino
||zweeta is ready for game 3.
||ryoshino is ready for game 3.
|uhtml|next|Next: Game 3 of 3
|l|☆ryoshino
|player|p1|
