|j|☆antimatterj
|j|☆LotadLover
|html|antimatterjLotadLover    
|uhtml|bestof|Game 2 of a best-of-3
|t:|1784506593
|gametype|doubles
|player|p1|antimatterj|266|
|player|p2|LotadLover|fisherman-gen4|
|gen|9
|tier|[Gen 9 Champions] VGC 2026 Reg M-B (Bo3)
|rule|Species Clause: Limit one of each Pokémon
|rule|Item Clause: Limit 1 of each item
|clearpoke
|poke|p1|Basculegion, L50, M, shiny|
|poke|p1|Alakazam, L50, M, shiny|
|poke|p1|Kangaskhan, L50, F, shiny|
|poke|p1|Meowstic, L50, M|
|poke|p1|Scizor, L50, M, shiny|
|poke|p1|Incineroar, L50, M, shiny|
|poke|p2|Orthworm, L50, M|
|poke|p2|Blaziken, L50, F, shiny|
|poke|p2|Krookodile, L50, F|
|poke|p2|Raichu, L50, F|
|poke|p2|Rotom-Wash, L50|
|poke|p2|Hydrapple, L50, M|
|teampreview|4
|showteam|p1|Basculegion||ChoiceScarf|Adaptability|FlipTurn,Liquidation,WaveCrash,LastRespects|Adamant||M|||50|]Alakazam||Alakazite|InnerFocus|NastyPlot,ExpandingForce,EnergyBall,Protect|Modest||M|||50|]Kangaskhan||SilkScarf|Scrappy|FakeOut,LastResort|Adamant||F|||50|]Meowstic||Meowsticite|Prankster|FakeOut,PsychicTerrain,HelpingHand,EnergyBall|Modest||M|||50|]Scizor||Scizorite|Technician|SwordsDance,BulletPunch,BugBite,Protect|Adamant||M|||50|]Incineroar||SitrusBerry|Blaze|FakeOut,CloseCombat,FlareBlitz,PartingShot|Adamant||M|||50|
|showteam|p2|Orthworm||SitrusBerry|EarthEater|ShedTail,Earthquake,RockSlide,HeavySlam|Adamant||M|||50|]Blaziken||Blazikenite|SpeedBoost|Protect,KnockOff,CloseCombat,SwordsDance|Adamant||F|||50|]Krookodile||Charcoal|Intimidate|HighHorsepower,RockSlide,KnockOff,FireFang|Jolly||F|||50|]Raichu||RaichuniteX|LightningRod|AlluringVoice,Thunderbolt,FakeOut,FocusBlast|Hasty||F|||50|]Rotom-Wash||Leftovers|Levitate|Discharge,HydroPump,ShadowBall,WillOWisp|Calm|||||50|]Hydrapple||LifeOrb|Regenerator|GigaDrain,DracoMeteor,EarthPower,Protect|Modest||M|||50|
|
|t:|1784506644
|teamsize|p1|4
|teamsize|p2|4
|start
|switch|p1a: Incineroar|Incineroar, L50, M, shiny|100/100
|switch|p1b: Scizor|Scizor, L50, M, shiny|100/100
|switch|p2a: Raichu|Raichu, L50, F|100/100
|switch|p2b: Rotom|Rotom-Wash, L50|100/100
|turn|1
|
|t:|1784506681
|detailschange|p1b: Scizor|Scizor-Mega, L50, M, shiny
|-mega|p1b: Scizor|Scizor|Scizorite
|move|p2a: Raichu|Fake Out|p1a: Incineroar
|-damage|p1a: Incineroar|92/100
|cant|p1a: Incineroar|flinch
|move|p2b: Rotom|Discharge|p1a: Incineroar|[spread] p1a,p1b
|-ability|p2a: Raichu|Lightning Rod|boost
|-boost|p2a: Raichu|spa|1
|-damage|p1a: Incineroar|71/100
|-damage|p1b: Scizor|77/100
|-status|p1a: Incineroar|par
|move|p1b: Scizor|Swords Dance|p1b: Scizor
|-boost|p1b: Scizor|atk|2
|
|upkeep
|turn|2
|
|t:|1784506740
|move|p1b: Scizor|Protect|p1b: Scizor
|-singleturn|p1b: Scizor|Protect
|move|p2a: Raichu|Focus Blast|p1b: Scizor
|-activate|p1b: Scizor|move: Protect
|move|p2b: Rotom|Will-O-Wisp|p1b: Scizor
|-activate|p1b: Scizor|move: Protect
|move|p1a: Incineroar|Close Combat|p2a: Raichu
|-damage|p2a: Raichu|5/100
|-unboost|p1a: Incineroar|def|1
|-unboost|p1a: Incineroar|spd|1
|
|upkeep
|turn|3
|
|t:|1784506759
|move|p1b: Scizor|Bullet Punch|p2a: Raichu
|-resisted|p2a: Raichu|1
|-damage|p2a: Raichu|0 fnt
|faint|p2a: Raichu
|move|p2b: Rotom|Will-O-Wisp|p1b: Scizor
|-status|p1b: Scizor|brn
|cant|p1a: Incineroar|par
|
|-damage|p1b: Scizor|71/100 brn|[from] brn
|upkeep
|
|t:|1784506769
|switch|p2a: Krookodile|Krookodile, L50, F|100/100
|-ability|p2a: Krookodile|Intimidate|boost
|-unboost|p1a: Incineroar|atk|1
|-unboost|p1b: Scizor|atk|1
|turn|4
|
|t:|1784506784
|move|p2a: Krookodile|Fire Fang|p1b: Scizor
|-supereffective|p1b: Scizor|2
|-damage|p1b: Scizor|0 fnt
|faint|p1b: Scizor
|move|p2b: Rotom|Hydro Pump|p1a: Incineroar
|-supereffective|p1a: Incineroar|1
|-damage|p1a: Incineroar|0 fnt
|faint|p1a: Incineroar
|
|upkeep
|
|t:|1784506792
|switch|p1b: Kangaskhan|Kangaskhan, L50, F, shiny|100/100
|switch|p1a: Basculegion|Basculegion, L50, M, shiny|100/100
|turn|5
|
|t:|1784506811
|move|p1b: Kangaskhan|Fake Out|p2b: Rotom
|-damage|p2b: Rotom|75/100
|move|p1a: Basculegion|Wave Crash|p2a: Krookodile
|-supereffective|p2a: Krookodile|1
|-damage|p2a: Krookodile|0 fnt
|faint|p2a: Krookodile
|-damage|p1a: Basculegion|72/100|[from] Recoil
|cant|p2b: Rotom|flinch
|
|-heal|p2b: Rotom|80/100|[from] item: Leftovers
|upkeep
|
|t:|1784506821
|switch|p2a: Blaziken|Blaziken, L50, F, shiny|100/100
|turn|6
|
|t:|1784506834
|detailschange|p2a: Blaziken|Blaziken-Mega, L50, F, shiny
|-mega|p2a: Blaziken|Blaziken|Blazikenite
|move|p2a: Blaziken|Protect|p2a: Blaziken
|-singleturn|p2a: Blaziken|Protect
|move|p1a: Basculegion|Wave Crash|p2a: Blaziken
|-activate|p2a: Blaziken|move: Protect
|move|p1b: Kangaskhan|Last Resort|p2b: Rotom
|-damage|p2b: Rotom|0 fnt
|faint|p2b: Rotom
|
|-ability|p2a: Blaziken|Speed Boost|boost
|-boost|p2a: Blaziken|spe|1
|upkeep
|turn|7
|
|t:|1784506848
|move|p2a: Blaziken|Knock Off|p1a: Basculegion
|-supereffective|p1a: Basculegion|1
|-damage|p1a: Basculegion|0 fnt
|-enditem|p1a: Basculegion|Choice Scarf|[from] move: Knock Off|[of] p2a: Blaziken
|faint|p1a: Basculegion
|move|p1b: Kangaskhan|Last Resort|p2a: Blaziken
|-damage|p2a: Blaziken|2/100
|
|-ability|p2a: Blaziken|Speed Boost|boost
|-boost|p2a: Blaziken|spe|1
|upkeep
|turn|8
|
|t:|1784506860
|move|p2a: Blaziken|Close Combat|p1b: Kangaskhan
|-supereffective|p1b: Kangaskhan|1
|-damage|p1b: Kangaskhan|0 fnt
|-unboost|p2a: Blaziken|def|1
|-unboost|p2a: Blaziken|spd|1
|faint|p1b: Kangaskhan
|
|win|LotadLover
||LotadLover is ready for game 3.
|inactive|antimatterj has 30 seconds to confirm battle start!
||antimatterj is ready for game 3.
|uhtml|next|Next: Game 3 of 3
|l|☆antimatterj
|player|p1|
