|j|☆eklyst
|j|☆isamino
|html|eklystisamino    
|uhtml|bestof|Game 1 of a best-of-3
|t:|1785198214
|gametype|doubles
|player|p1|eklyst|pokemaniac|1175
|player|p2|isamino|nate|1243
|gen|9
|tier|[Gen 9 Champions] VGC 2026 Reg M-B (Bo3)
|rated|
|rule|Species Clause: Limit one of each Pokémon
|rule|Item Clause: Limit 1 of each item
|clearpoke
|poke|p1|Metagross, L50|
|poke|p1|Floette-Eternal, L50, F|
|poke|p1|Garchomp, L50, F|
|poke|p1|Aerodactyl, L50, F|
|poke|p1|Sinistcha, L50|
|poke|p1|Incineroar, L50, M|
|poke|p2|Azumarill, L50, M|
|poke|p2|Vivillon, L50, F|
|poke|p2|Gholdengo, L50|
|poke|p2|Raichu, L50, F|
|poke|p2|Mamoswine, L50, M|
|poke|p2|Incineroar, L50, F|
|teampreview|4
|showteam|p1|Metagross||Metagrossite|ClearBody|PsychicFangs,IronHead,BulletPunch,Protect|Adamant|||||50|]Floette-Eternal||Floettite|FlowerVeil|DazzlingGleam,Moonblast,CalmMind,Protect|Modest||F|||50|]Garchomp||LifeOrb|RoughSkin|RockSlide,StompingTantrum,DragonClaw,Protect|Jolly||F|||50|]Aerodactyl||FocusSash|Unnerve|RockSlide,DualWingbeat,Tailwind,Protect|Jolly||F|||50|]Sinistcha||KasibBerry|Hospitality|MatchaGotcha,TrickRoom,RagePowder,Protect|Relaxed|||||50|]Incineroar||SitrusBerry|Intimidate|FakeOut,FlareBlitz,ThroatChop,PartingShot|Adamant||M|||50|
|showteam|p2|Azumarill||SitrusBerry|HugePower|Protect,AquaJet,BellyDrum,PlayRough|Jolly||M|||50|]Vivillon||FocusSash|CompoundEyes|SleepPowder,Tailwind,Hurricane,RagePowder|Timid||F|||50|]Gholdengo||ChoiceScarf|GoodasGold|PowerGem,ShadowBall,MakeItRain,DazzlingGleam|Timid|||||50|]Raichu||RaichuniteY|LightningRod|FakeOut,ZapCannon,Protect,FocusBlast|Timid||F|||50|]Mamoswine||LifeOrb|Oblivious|IceShard,Protect,IcicleCrash,HighHorsepower|Adamant||M|||50|]Incineroar||PasshoBerry|Intimidate|FakeOut,FlareBlitz,PartingShot,Taunt|Relaxed||F|||50|
|inactive|Battle timer is ON: inactive players will automatically lose when time's up. (requested by isamino)
|inactive|eklyst also wants the timer to be on.
|inactive|eklyst has 60 seconds left.
|inactive|isamino has 60 seconds left.
|
|t:|1785198261
|teamsize|p1|4
|teamsize|p2|4
|start
|switch|p1a: Incineroar|Incineroar, L50, M|100/100
|switch|p1b: Sinistcha|Sinistcha, L50|100/100
|switch|p2a: Gholdengo|Gholdengo, L50|100/100
|switch|p2b: Raichu|Raichu, L50, F|100/100
|-ability|p1a: Incineroar|Intimidate|boost
|-unboost|p2a: Gholdengo|atk|1
|-unboost|p2b: Raichu|atk|1
|turn|1
|
|t:|1785198271
|detailschange|p2b: Raichu|Raichu-Mega-Y, L50, F
|-mega|p2b: Raichu|Raichu|Raichunite Y
|move|p2b: Raichu|Fake Out|p1a: Incineroar
|-damage|p1a: Incineroar|93/100
|cant|p1a: Incineroar|flinch
|move|p2a: Gholdengo|Shadow Ball|p1b: Sinistcha
|-supereffective|p1b: Sinistcha|1
|-enditem|p1b: Sinistcha|Kasib Berry|[eat]
|-enditem|p1b: Sinistcha|Kasib Berry|[weaken]
|-damage|p1b: Sinistcha|57/100
|move|p1b: Sinistcha|Trick Room|p1b: Sinistcha
|-fieldstart|move: Trick Room|[of] p1b: Sinistcha
|
|upkeep
|turn|2
|
|t:|1785198291
|switch|p2b: Mamoswine|Mamoswine, L50, M|100/100
|switch|p2a: Incineroar|Incineroar, L50, F|100/100
|-ability|p2a: Incineroar|Intimidate|boost
|-unboost|p1a: Incineroar|atk|1
|-unboost|p1b: Sinistcha|atk|1
|move|p1b: Sinistcha|Matcha Gotcha|p2b: Mamoswine|[spread] p2a,p2b
|-resisted|p2a: Incineroar|1
|-supereffective|p2b: Mamoswine|1
|-damage|p2a: Incineroar|88/100
|-heal|p1b: Sinistcha|64/100|[from] drain|[of] p2a: Incineroar
|-damage|p2b: Mamoswine|37/100
|-heal|p1b: Sinistcha|99/100|[from] drain|[of] p2b: Mamoswine
|move|p1a: Incineroar|Flare Blitz|p2a: Incineroar
|-resisted|p2a: Incineroar|1
|-damage|p2a: Incineroar|73/100
|-damage|p1a: Incineroar|88/100|[from] Recoil
|
|upkeep
|turn|3
|inactive|isamino has 30 seconds left.
|
|t:|1785198317
|move|p2b: Mamoswine|Protect|p2b: Mamoswine
|-singleturn|p2b: Mamoswine|Protect
|move|p2a: Incineroar|Fake Out|p1a: Incineroar
|-damage|p1a: Incineroar|77/100
|move|p1b: Sinistcha|Matcha Gotcha|p2a: Incineroar|[spread] 
|-activate|p2b: Mamoswine|move: Protect
|-miss|p1b: Sinistcha|p2a: Incineroar
|cant|p1a: Incineroar|flinch
|
|upkeep
|turn|4
|
|t:|1785198338
|switch|p2b: Gholdengo|Gholdengo, L50|100/100
|move|p2a: Incineroar|Parting Shot|p1b: Sinistcha
|-unboost|p1b: Sinistcha|atk|1
|-unboost|p1b: Sinistcha|spa|1
|
|t:|1785198343
|switch|p2a: Raichu|Raichu-Mega-Y, L50, F|100/100|[from] Parting Shot
|move|p1b: Sinistcha|Matcha Gotcha|p2b: Gholdengo|[spread] p2a,p2b
|-resisted|p2b: Gholdengo|1
|-damage|p2a: Raichu|75/100
|-heal|p1b: Sinistcha|100/100|[from] drain|[of] p2a: Raichu
|-damage|p2b: Gholdengo|90/100
|move|p1a: Incineroar|Parting Shot|p2a: Raichu
|-unboost|p2a: Raichu|atk|1
|-unboost|p2a: Raichu|spa|1
|
|t:|1785198356
|switch|p1a: Garchomp|Garchomp, L50, F|100/100|[from] Parting Shot
|
|upkeep
|turn|5
|
|t:|1785198375
|switch|p1b: Incineroar|Incineroar, L50, M|77/100
|-ability|p1b: Incineroar|Intimidate|boost
|-unboost|p2a: Raichu|atk|1
|-unboost|p2b: Gholdengo|atk|1
|move|p2a: Raichu|Fake Out|p1a: Garchomp
|-damage|p1a: Garchomp|94/100
|-damage|p2a: Raichu|63/100|[from] ability: Rough Skin|[of] p1a: Garchomp
|cant|p1a: Garchomp|flinch
|move|p2b: Gholdengo|Shadow Ball|p1b: Incineroar
|-resisted|p1b: Incineroar|1
|-damage|p1b: Incineroar|58/100
|
|-fieldend|move: Trick Room
|upkeep
|turn|6
|
|t:|1785198389
|switch|p2b: Incineroar|Incineroar, L50, F|73/100
|-ability|p2b: Incineroar|Intimidate|boost
|-unboost|p1a: Garchomp|atk|1
|-unboost|p1b: Incineroar|atk|1
|move|p2a: Raichu|Protect|p2a: Raichu
|-singleturn|p2a: Raichu|Protect
|move|p1a: Garchomp|Stomping Tantrum|p2a: Raichu
|-activate|p2a: Raichu|move: Protect
|move|p1b: Incineroar|Flare Blitz|p2b: Incineroar
|-resisted|p2b: Incineroar|1
|-damage|p2b: Incineroar|56/100
|-damage|p1b: Incineroar|52/100|[from] Recoil
|
|upkeep
|turn|7
|inactive|isamino has 30 seconds left.
|inactive|isamino has 20 seconds left.
|
|t:|1785198429
|switch|p1a: Sinistcha|Sinistcha, L50|100/100
|-heal|p1b: Incineroar|77/100|[from] ability: Hospitality|[of] p1a: Sinistcha
|move|p2b: Incineroar|Fake Out|p1a: Sinistcha
|-immune|p1a: Sinistcha
|move|p2a: Raichu|Zap Cannon|p1b: Incineroar
|-damage|p1b: Incineroar|34/100
|-status|p1b: Incineroar|par
|-enditem|p1b: Incineroar|Sitrus Berry|[eat]
|-heal|p1b: Incineroar|58/100 par|[from] item: Sitrus Berry
|move|p1b: Incineroar|Parting Shot|p2b: Incineroar
|-unboost|p2b: Incineroar|atk|1
|-unboost|p2b: Incineroar|spa|1
|
|t:|1785198442
|switch|p1b: Garchomp|Garchomp, L50, F|94/100|[from] Parting Shot
|
|upkeep
|turn|8
|
|t:|1785198455
|switch|p2b: Gholdengo|Gholdengo, L50|90/100
|move|p2a: Raichu|Protect|p2a: Raichu
|-singleturn|p2a: Raichu|Protect
|move|p1b: Garchomp|Stomping Tantrum|p2b: Gholdengo
|-supereffective|p2b: Gholdengo|1
|-damage|p2b: Gholdengo|0 fnt
|faint|p2b: Gholdengo
|-damage|p1b: Garchomp|84/100|[from] item: Life Orb
|move|p1a: Sinistcha|Trick Room|p1a: Sinistcha
|-fieldstart|move: Trick Room|[of] p1a: Sinistcha
|
|upkeep
|
|t:|1785198468
|switch|p2b: Incineroar|Incineroar, L50, F|56/100
|-ability|p2b: Incineroar|Intimidate|boost
|-unboost|p1a: Sinistcha|atk|1
|-unboost|p1b: Garchomp|atk|1
|turn|9
|
|t:|1785198474
|switch|p2a: Mamoswine|Mamoswine, L50, M|37/100
|move|p2b: Incineroar|Fake Out|p1b: Garchomp
|-damage|p1b: Garchomp|74/100
|-damage|p2b: Incineroar|44/100|[from] ability: Rough Skin|[of] p1b: Garchomp
|move|p1a: Sinistcha|Matcha Gotcha|p2b: Incineroar|[spread] p2b
|-miss|p1a: Sinistcha|p2a: Mamoswine
|-resisted|p2b: Incineroar|1
|-damage|p2b: Incineroar|34/100
|cant|p1b: Garchomp|flinch
|
|upkeep
|turn|10
|
|t:|1785198497
|switch|p1b: Incineroar|Incineroar, L50, M|58/100 par
|-ability|p1b: Incineroar|Intimidate|boost
|-fail|p2a: Mamoswine|unboost|Attack|[from] ability: Oblivious|[of] p2a: Mamoswine
|-unboost|p2b: Incineroar|atk|1
|move|p2a: Mamoswine|Ice Shard|p1b: Incineroar
|-resisted|p1b: Incineroar|1
|-damage|p1b: Incineroar|45/100 par
|-damage|p2a: Mamoswine|27/100|[from] item: Life Orb
|move|p2b: Incineroar|Flare Blitz|p1a: Sinistcha
|-supereffective|p1a: Sinistcha|1
|-damage|p1a: Sinistcha|42/100
|-status|p1a: Sinistcha|brn
|-damage|p2b: Incineroar|17/100|[from] Recoil
|move|p1a: Sinistcha|Matcha Gotcha|p2b: Incineroar|[spread] p2a,p2b
|-supereffective|p2a: Mamoswine|1
|-resisted|p2b: Incineroar|1
|-damage|p2a: Mamoswine|0 fnt
|-heal|p1a: Sinistcha|57/100 brn|[from] drain|[of] p2a: Mamoswine
|-damage|p2b: Incineroar|7/100
|-heal|p1a: Sinistcha|64/100 brn|[from] drain|[of] p2b: Incineroar
|faint|p2a: Mamoswine
|
|-damage|p1a: Sinistcha|57/100 brn|[from] brn
|upkeep
|
|t:|1785198513
|switch|p2a: Raichu|Raichu-Mega-Y, L50, F|63/100
|turn|11
|inactive|isamino has 30 seconds left.
|
|t:|1785198547
|switch|p1a: Garchomp|Garchomp, L50, F|74/100
|move|p1b: Incineroar|Flare Blitz|p2a: Raichu
|-damage|p2a: Raichu|0 fnt
|faint|p2a: Raichu
|-damage|p1b: Incineroar|31/100 par|[from] Recoil
|move|p2b: Incineroar|Taunt|p1b: Incineroar
|-start|p1b: Incineroar|move: Taunt
|
|upkeep
|turn|12
|
|t:|1785198561
|move|p1b: Incineroar|Flare Blitz|p2b: Incineroar
|-resisted|p2b: Incineroar|1
|-damage|p2b: Incineroar|0 fnt
|faint|p2b: Incineroar
|-damage|p1b: Incineroar|28/100 par|[from] Recoil
|
|win|eklyst
||isamino is ready for game 2.
||eklyst is ready for game 2.
|uhtml|next|Next: Game 2 of 3
