|j|☆Garmas
|j|☆player150766
|html|Garmasplayer150766    
|uhtml|bestof|Game 1 of a best-of-3
|t:|1756185956
|gametype|doubles
|player|p1|Garmas|ethan|1056
|player|p2|player150766|169|1049
|gen|9
|tier|[Gen 9] VGC 2025 Reg H (Bo3)
|rated|
|rule|Species Clause: Limit one of each Pokémon
|rule|Item Clause: Limit 1 of each item
|clearpoke
|poke|p1|Rillaboom, L50, F|
|poke|p1|Farigiraf, L50, M|
|poke|p1|Archaludon, L50, F|
|poke|p1|Incineroar, L50, F|
|poke|p1|Ursaluna, L50, F|
|poke|p1|Pelipper, L50, F|
|poke|p2|Ursaluna-Bloodmoon, L50, M|
|poke|p2|Gallade, L50, M|
|poke|p2|Incineroar, L50, F|
|poke|p2|Farigiraf, L50, M|
|poke|p2|Rillaboom, L50, M|
|poke|p2|Palafin, L50, F|
|teampreview|4
|showteam|p1|Rillaboom||AssaultVest|GrassySurge|FakeOut,GrassyGlide,Uturn,HighHorsepower|||F|||50|,,,,,Grass]Farigiraf||Leftovers|ArmorTail|TrickRoom,DazzlingGleam,PsychicNoise,HelpingHand|||M|||50|,,,,,Fairy]Archaludon||PowerHerb|Stamina|BodyPress,DracoMeteor,Protect,ElectroShot|||F|||50|,,,,,Flying]Incineroar||RockyHelmet|Intimidate|FlareBlitz,FakeOut,KnockOff,PartingShot|||F|||50|,,,,,Ghost]Ursaluna||FlameOrb|Guts|HeadlongRush,Earthquake,Facade,Protect|||F|||50|,,,,,Ghost]Pelipper||FocusSash|Drizzle|WideGuard,WeatherBall,Tailwind,Hurricane|||F|||50|,,,,,Water
|showteam|p2|Ursaluna-Bloodmoon||LifeOrb|MindsEye|Protect,BloodMoon,HyperVoice,EarthPower|||M|||50|,,,,,Normal]Gallade||ClearAmulet|Sharpness|Protect,SacredSword,PsychoCut,SwordsDance|||M|||50|,,,,,Ghost]Incineroar||SafetyGoggles|Intimidate|FakeOut,KnockOff,FlareBlitz,PartingShot|||F|||50|,,,,,Ghost]Farigiraf||ThroatSpray|ArmorTail|Protect,TrickRoom,HyperVoice,Psychic|||M|||50|,,,,,Fairy]Rillaboom||AssaultVest|GrassySurge|FakeOut,GrassyGlide,WoodHammer,Uturn|||M|||50|,,,,,Fire]Palafin||ChoiceScarf|ZerotoHero|WaveCrash,JetPunch,FlipTurn,Haze|||F|||50|,,,,,Water
|inactive|Battle timer is ON: inactive players will automatically lose when time's up. (requested by player150766)
|inactive|player150766 has 60 seconds left.
|inactive|Garmas has 60 seconds left.
|inactive|player150766 has 30 seconds left.
|inactive|player150766 has 20 seconds left.
|inactive|player150766 has 15 seconds left.
|
|t:|1756186033
|teamsize|p1|4
|teamsize|p2|4
|start
|switch|p1a: Archaludon|Archaludon, L50, F|100/100
|switch|p1b: Incineroar|Incineroar, L50, F|100/100
|switch|p2a: Palafin|Palafin, L50, F|100/100
|switch|p2b: Incineroar|Incineroar, L50, F|100/100
|-ability|p2b: Incineroar|Intimidate|boost
|-unboost|p1a: Archaludon|atk|1
|-unboost|p1b: Incineroar|atk|1
|-ability|p1b: Incineroar|Intimidate|boost
|-unboost|p2a: Palafin|atk|1
|-unboost|p2b: Incineroar|atk|1
|turn|1
|
|t:|1756186056
|move|p2b: Incineroar|Fake Out|p1a: Archaludon
|-resisted|p1a: Archaludon
|-damage|p1a: Archaludon|98/100
|-ability|p1a: Archaludon|Stamina|boost
|-boost|p1a: Archaludon|def|1
|move|p1b: Incineroar|Fake Out|p2a: Palafin
|-damage|p2a: Palafin|91/100
|cant|p2a: Palafin|flinch
|cant|p1a: Archaludon|flinch
|
|upkeep
|turn|2
|
|t:|1756186080
|switch|p1b: Pelipper|Pelipper, L50, F|100/100
|-weather|RainDance|[from] ability: Drizzle|[of] p1b: Pelipper
|-terastallize|p2b: Incineroar|Ghost
|move|p2a: Palafin|Flip Turn|p1b: Pelipper
|-resisted|p1b: Pelipper
|-damage|p1b: Pelipper|88/100
|
|t:|1756186095
|detailschange|p2a: Palafin|Palafin-Hero, L50, F
|switch|p2a: Ursaluna|Ursaluna-Bloodmoon, L50, M|100/100|[from] Flip Turn
|move|p1a: Archaludon|Electro Shot||[still]
|-prepare|p1a: Archaludon|Electro Shot
|-boost|p1a: Archaludon|spa|1
|-anim|p1a: Archaludon|Electro Shot|p2b: Incineroar
|-damage|p2b: Incineroar|54/100
|move|p2b: Incineroar|Knock Off|p1a: Archaludon
|-damage|p1a: Archaludon|81/100
|-ability|p1a: Archaludon|Stamina|boost
|-boost|p1a: Archaludon|def|1
|-enditem|p1a: Archaludon|Power Herb|[from] move: Knock Off|[of] p2b: Incineroar
|
|-weather|RainDance|[upkeep]
|upkeep
|turn|3
|
|t:|1756186119
|switch|p2b: Rillaboom|Rillaboom, L50, M|100/100
|-fieldstart|move: Grassy Terrain|[from] ability: Grassy Surge|[of] p2b: Rillaboom
|-terastallize|p1a: Archaludon|Flying
|move|p2a: Ursaluna|Protect|p2a: Ursaluna
|-singleturn|p2a: Ursaluna|Protect
|move|p1a: Archaludon|Electro Shot||[still]
|-prepare|p1a: Archaludon|Electro Shot
|-boost|p1a: Archaludon|spa|1
|-anim|p1a: Archaludon|Electro Shot|p2b: Rillaboom
|-resisted|p2b: Rillaboom
|-damage|p2b: Rillaboom|65/100
|move|p1b: Pelipper|Weather Ball|p2a: Ursaluna
|-activate|p2a: Ursaluna|move: Protect
|
|-weather|RainDance|[upkeep]
|-heal|p2b: Rillaboom|71/100|[from] Grassy Terrain
|upkeep
|turn|4
|inactive|player150766 has 30 seconds left.
|inactive|player150766 has 20 seconds left.
|
|t:|1756186155
|move|p1a: Archaludon|Protect|p1a: Archaludon
|-singleturn|p1a: Archaludon|Protect
|move|p2b: Rillaboom|Wood Hammer|p1b: Pelipper
|-damage|p1b: Pelipper|1/100
|-damage|p2b: Rillaboom|48/100|[from] Recoil
|move|p1b: Pelipper|Weather Ball|p2a: Ursaluna
|-supereffective|p2a: Ursaluna
|-damage|p2a: Ursaluna|0 fnt
|faint|p2a: Ursaluna
|
|-weather|RainDance|[upkeep]
|-heal|p2b: Rillaboom|54/100|[from] Grassy Terrain
|upkeep
|
|t:|1756186162
|switch|p2a: Palafin|Palafin-Hero, L50, F|91/100
|-activate|p2a: Palafin|ability: Zero to Hero
|turn|5
|c|☆player150766|bfruh
|
|t:|1756186192
|switch|p1b: Incineroar|Incineroar, L50, F|100/100
|-ability|p1b: Incineroar|Intimidate|boost
|-unboost|p2a: Palafin|atk|1
|-unboost|p2b: Rillaboom|atk|1
|move|p2a: Palafin|Wave Crash|p1a: Archaludon
|-damage|p1a: Archaludon|50/100
|-ability|p1a: Archaludon|Stamina|boost
|-boost|p1a: Archaludon|def|1
|-damage|p2a: Palafin|82/100|[from] Recoil
|move|p1a: Archaludon|Electro Shot||[still]
|-prepare|p1a: Archaludon|Electro Shot
|-boost|p1a: Archaludon|spa|1
|-anim|p1a: Archaludon|Electro Shot|p2a: Palafin
|-supereffective|p2a: Palafin
|-damage|p2a: Palafin|0 fnt
|faint|p2a: Palafin
|move|p2b: Rillaboom|Wood Hammer|p1a: Archaludon
|-resisted|p1a: Archaludon
|-damage|p1a: Archaludon|40/100
|-ability|p1a: Archaludon|Stamina|boost
|-boost|p1a: Archaludon|def|1
|-damage|p2b: Rillaboom|51/100|[from] Recoil
|
|-weather|RainDance|[upkeep]
|-heal|p2b: Rillaboom|57/100|[from] Grassy Terrain
|upkeep
|
|t:|1756186199
|switch|p2a: Incineroar|Incineroar, L50, F, tera:Ghost|54/100
|-ability|p2a: Incineroar|Intimidate|boost
|-unboost|p1a: Archaludon|atk|1
|-unboost|p1b: Incineroar|atk|1
|turn|6
|-message|player150766 forfeited.
|
|win|Garmas
|l|☆player150766
|player|p2|
||player150766 is ready for game 2.
|inactive|Garmas has 30 seconds to confirm battle start!
||Garmas is ready for game 2.
|uhtml|next|Next: Game 2 of 3
|l|☆Garmas
|player|p1|
|j|☆player150766
|player|p2|player150766|169|
