|j|☆LarryOrNot
|j|☆hangdgreat
|html|LarryOrNothangdgreat    
|uhtml|bestof|Game 1 of a best-of-3
|t:|1782741751
|gametype|doubles
|player|p1|LarryOrNot|102|1000
|player|p2|hangdgreat|ghetsis|1019
|gen|9
|tier|[Gen 9 Champions] VGC 2026 Reg M-B (Bo3)
|rated|
|rule|Species Clause: Limit one of each Pokémon
|rule|Item Clause: Limit 1 of each item
|clearpoke
|poke|p1|Charizard, L50, M|
|poke|p1|Tyranitar, L50, M|
|poke|p1|Milotic, L50, M|
|poke|p1|Incineroar, L50, M|
|poke|p1|Sinistcha, L50|
|poke|p1|Sneasler, L50, M|
|poke|p2|Charizard, L50, M|
|poke|p2|Garchomp, L50, F|
|poke|p2|Whimsicott, L50, M|
|poke|p2|Incineroar, L50, M|
|poke|p2|Basculegion, L50, M|
|poke|p2|Mawile, L50, F|
|teampreview|4
|showteam|p1|Charizard||CharizarditeX|Blaze|DragonClaw,DragonDance,Protect,FlareBlitz|Adamant||M|||50|]Tyranitar||Tyranitarite|SandStream|Crunch,RockSlide,StompingTantrum,Protect|Adamant||M|||50|]Milotic||Leftovers|Competitive|IcyWind,Scald,Protect,Recover|Calm||M|||50|]Incineroar||SitrusBerry|Intimidate|FlareBlitz,ThroatChop,FakeOut,PartingShot|Adamant||M|||50|]Sinistcha||CobaBerry|Hospitality|MatchaGotcha,RagePowder,LifeDew,TrickRoom|Bold|||||50|]Sneasler||WhiteHerb|Unburden|DireClaw,FakeOut,CloseCombat,Coaching|Adamant||M|||50|
|showteam|p2|Charizard||CharizarditeY|Blaze|HeatWave,WeatherBall,SolarBeam,Protect|Modest||M|||50|]Garchomp||RoseliBerry|RoughSkin|Earthquake,DragonClaw,RockSlide,Protect|Jolly||F|||50|]Whimsicott||FocusSash|Prankster|Moonblast,Tailwind,Protect,Encore|Timid||M|||50|]Incineroar||SitrusBerry|Intimidate|FlareBlitz,ThroatChop,FakeOut,PartingShot|Careful||M|||50|]Basculegion||LifeOrb|Adaptability|LastRespects,WaveCrash,AquaJet,Protect|Jolly||M|||50|]Mawile||Mawilite|Intimidate|PlayRough,IronHead,SuckerPunch,Protect|Adamant||F|||50|
|inactive|Battle timer is ON: inactive players will automatically lose when time's up. (requested by hangdgreat)
|inactive|LarryOrNot has 60 seconds left.
|
|t:|1782741789
|teamsize|p1|4
|teamsize|p2|4
|start
|switch|p1a: Incineroar|Incineroar, L50, M|100/100
|switch|p1b: Sneasler|Sneasler, L50, M|100/100
|switch|p2a: Whimsicott|Whimsicott, L50, M|100/100
|switch|p2b: Incineroar|Incineroar, L50, M|100/100
|-ability|p1a: Incineroar|Intimidate|boost
|-unboost|p2a: Whimsicott|atk|1
|-unboost|p2b: Incineroar|atk|1
|-ability|p2b: Incineroar|Intimidate|boost
|-unboost|p1a: Incineroar|atk|1
|-unboost|p1b: Sneasler|atk|1
|-enditem|p1b: Sneasler|White Herb
|-clearnegativeboost|p1b: Sneasler|[silent]
|turn|1
|
|t:|1782741810
|move|p1b: Sneasler|Fake Out|p2a: Whimsicott
|-damage|p2a: Whimsicott|75/100
|move|p1a: Incineroar|Fake Out|p2b: Incineroar
|-damage|p2b: Incineroar|93/100
|cant|p2b: Incineroar|flinch
|cant|p2a: Whimsicott|flinch
|
|upkeep
|turn|2
|inactive|LarryOrNot has 30 seconds left.
|
|t:|1782741836
|move|p2a: Whimsicott|Tailwind|p2a: Whimsicott
|-sidestart|p2: hangdgreat|move: Tailwind
|move|p1b: Sneasler|Dire Claw|p2a: Whimsicott
|-supereffective|p2a: Whimsicott|2
|-damage|p2a: Whimsicott|0 fnt
|faint|p2a: Whimsicott
|move|p2b: Incineroar|Parting Shot|p1b: Sneasler
|-unboost|p1b: Sneasler|atk|1
|-unboost|p1b: Sneasler|spa|1
|
|t:|1782741846
|switch|p2b: Basculegion|Basculegion, L50, M|100/100|[from] Parting Shot
|move|p1a: Incineroar|Parting Shot|p2b: Basculegion
|-unboost|p2b: Basculegion|atk|1
|-unboost|p2b: Basculegion|spa|1
|
|t:|1782741860
|switch|p1a: Sinistcha|Sinistcha, L50|100/100|[from] Parting Shot
|
|upkeep
|
|t:|1782741863
|switch|p2a: Mawile|Mawile, L50, F|100/100
|-ability|p2a: Mawile|Intimidate|boost
|-unboost|p1a: Sinistcha|atk|1
|-unboost|p1b: Sneasler|atk|1
|turn|3
|inactive|LarryOrNot has 30 seconds left.
|
|t:|1782741893
|detailschange|p2a: Mawile|Mawile-Mega, L50, F
|-mega|p2a: Mawile|Mawile|Mawilite
|move|p1b: Sneasler|Coaching|p1a: Sinistcha
|-boost|p1a: Sinistcha|atk|1
|-boost|p1a: Sinistcha|def|1
|move|p2b: Basculegion|Last Respects|p1a: Sinistcha
|-supereffective|p1a: Sinistcha|1
|-damage|p1a: Sinistcha|35/100
|-damage|p2b: Basculegion|90/100|[from] item: Life Orb
|move|p2a: Mawile|Iron Head|p1b: Sneasler
|-damage|p1b: Sneasler|0 fnt
|faint|p1b: Sneasler
|move|p1a: Sinistcha|Matcha Gotcha|p2b: Basculegion|[spread] p2a,p2b
|-resisted|p2a: Mawile|1
|-supereffective|p2b: Basculegion|1
|-damage|p2a: Mawile|82/100
|-heal|p1a: Sinistcha|41/100|[from] drain|[of] p2a: Mawile
|-damage|p2b: Basculegion|35/100
|-heal|p1a: Sinistcha|72/100|[from] drain|[of] p2b: Basculegion
|-status|p2a: Mawile|brn
|
|-damage|p2a: Mawile|77/100 brn|[from] brn
|upkeep
|inactive|LarryOrNot has 30 seconds left.
|
|t:|1782741921
|switch|p1b: Charizard|Charizard, L50, M|100/100
|turn|4
|
|t:|1782741938
|detailschange|p1b: Charizard|Charizard-Mega-X, L50, M
|-mega|p1b: Charizard|Charizard|Charizardite X
|move|p2a: Mawile|Sucker Punch|p1a: Sinistcha
|-supereffective|p1a: Sinistcha|1
|-damage|p1a: Sinistcha|45/100
|move|p2b: Basculegion|Wave Crash|p1b: Charizard
|-damage|p1b: Charizard|43/100
|-damage|p2b: Basculegion|19/100|[from] Recoil
|-damage|p2b: Basculegion|10/100|[from] item: Life Orb
|move|p1b: Charizard|Dragon Dance|p1b: Charizard
|-boost|p1b: Charizard|atk|1
|-boost|p1b: Charizard|spe|1
|move|p1a: Sinistcha|Matcha Gotcha|p2a: Mawile|[spread] p2a,p2b
|-resisted|p2a: Mawile|1
|-supereffective|p2b: Basculegion|1
|-damage|p2a: Mawile|58/100 brn
|-heal|p1a: Sinistcha|51/100|[from] drain|[of] p2a: Mawile
|-damage|p2b: Basculegion|0 fnt
|-heal|p1a: Sinistcha|57/100|[from] drain|[of] p2b: Basculegion
|faint|p2b: Basculegion
|
|-damage|p2a: Mawile|52/100 brn|[from] brn
|upkeep
|
|t:|1782741946
|switch|p2b: Incineroar|Incineroar, L50, M|93/100
|-ability|p2b: Incineroar|Intimidate|boost
|-unboost|p1a: Sinistcha|atk|1
|-unboost|p1b: Charizard|atk|1
|turn|5
|
|t:|1782741969
|move|p2b: Incineroar|Fake Out|p1b: Charizard
|-damage|p1b: Charizard|35/100
|move|p2a: Mawile|Play Rough|p1a: Sinistcha
|-damage|p1a: Sinistcha|34/100
|cant|p1b: Charizard|flinch
|move|p1a: Sinistcha|Life Dew|p1a: Sinistcha|[spread] p1a,p1b
|-heal|p1a: Sinistcha|59/100
|-heal|p1b: Charizard|61/100
|
|-damage|p2a: Mawile|47/100 brn|[from] brn
|-sideend|p2: hangdgreat|move: Tailwind
|upkeep
|turn|6
|
|t:|1782741991
|switch|p1a: Incineroar|Incineroar, L50, M|100/100
|-ability|p1a: Incineroar|Intimidate|boost
|-unboost|p2a: Mawile|atk|1
|-unboost|p2b: Incineroar|atk|1
|move|p1b: Charizard|Flare Blitz|p2a: Mawile
|-supereffective|p2a: Mawile|1
|-damage|p2a: Mawile|0 fnt
|faint|p2a: Mawile
|-damage|p1b: Charizard|49/100|[from] Recoil
|move|p2b: Incineroar|Flare Blitz|p1a: Incineroar
|-resisted|p1a: Incineroar|1
|-damage|p1a: Incineroar|86/100
|-damage|p2b: Incineroar|89/100|[from] Recoil
|
|upkeep
|turn|7
|-message|hangdgreat forfeited.
|raw|LarryOrNot's rating: 1000 → 1042(+42 for winning)
|raw|hangdgreat's rating: 1019 → 1005(-14 for losing)
|
|win|LarryOrNot
|l|☆hangdgreat
|player|p2|
