|j|☆JuanGuerrero09
|j|☆gangaran
|html|JuanGuerrero09gangaran    
|uhtml|bestof|Game 1 of a best-of-3
|t:|1756993306
|gametype|doubles
|player|p1|JuanGuerrero09|169|1071
|player|p2|gangaran|sage|1186
|gen|9
|tier|[Gen 9] VGC 2025 Reg H (Bo3)
|rated|
|rule|Species Clause: Limit one of each Pokémon
|rule|Item Clause: Limit 1 of each item
|clearpoke
|poke|p1|Sneasler, L50, M|
|poke|p1|Indeedee, L50, M|
|poke|p1|Whimsicott, L50, F|
|poke|p1|Ursaluna-Bloodmoon, L50, M|
|poke|p1|Archaludon, L50, F|
|poke|p1|Corviknight, L50, M|
|poke|p2|Dragonite, L50, M|
|poke|p2|Gholdengo, L50|
|poke|p2|Ursaluna-Bloodmoon, L50, M|
|poke|p2|Annihilape, L50, F|
|poke|p2|Maushold-Four, L50|
|poke|p2|Rillaboom, L50, M|
|teampreview|4
|showteam|p1|Sneasler||PsychicSeed|Unburden|Protect,DireClaw,CloseCombat,ThroatChop|||M|||50|,,,,,Dark]Indeedee||FocusSash|PsychicSurge|ExpandingForce,TeraBlast,TrickRoom,Imprison|||M|||50|,,,,,Psychic]Whimsicott||CovertCloak|Prankster|Tailwind,Taunt,FakeTears,Moonblast|||F|||50|,,,,,Water]Ursaluna-Bloodmoon||LifeOrb|MindsEye|Protect,BloodMoon,HyperVoice,EarthPower|||M|||50|,,,,,Normal]Archaludon||PowerHerb|Stalwart|Protect,ElectroShot,DragonPulse,Thunderbolt|||F|||50|,,,,,Electric]Corviknight||Leftovers|MirrorArmor|Roost,BulkUp,BraveBird,BodyPress|||M|||50|,,,,,Dragon
|showteam|p2|Dragonite||LoadedDice|Multiscale|ScaleShot,Tailwind,Haze,Protect|||M|||50|,,,,,Fairy]Gholdengo||LifeOrb|GoodasGold|MakeItRain,ShadowBall,NastyPlot,Protect||||||50|,,,,,Water]Ursaluna-Bloodmoon||AssaultVest|MindsEye|BloodMoon,EarthPower,HyperVoice,VacuumWave|||M|||50|,,,,,Water]Annihilape||SitrusBerry|Defiant|DrainPunch,RageFist,BulkUp,Protect|||F|||50|,,,,,Fire]Maushold-Four||FocusSash|FriendGuard|SuperFang,BeatUp,FollowMe,Protect||||||50|,,,,,Ghost]Rillaboom||MiracleSeed|GrassySurge|WoodHammer,GrassyGlide,HighHorsepower,FakeOut|||M|||50|,,,,,Fire
|inactive|Battle timer is ON: inactive players will automatically lose when time's up. (requested by JuanGuerrero09)
|
|t:|1756993370
|teamsize|p1|4
|teamsize|p2|4
|start
|switch|p1a: Corviknight|Corviknight, L50, M|100/100
|switch|p1b: Whimsicott|Whimsicott, L50, F|100/100
|switch|p2a: Dragonite|Dragonite, L50, M|100/100
|switch|p2b: Ursaluna|Ursaluna-Bloodmoon, L50, M|100/100
|turn|1
|inactive|gangaran has 30 seconds left.
|
|t:|1756993402
|move|p1b: Whimsicott|Tailwind|p1b: Whimsicott
|-sidestart|p1: JuanGuerrero09|move: Tailwind
|move|p1a: Corviknight|Bulk Up|p1a: Corviknight
|-boost|p1a: Corviknight|atk|1
|-boost|p1a: Corviknight|def|1
|move|p2a: Dragonite|Tailwind|p2a: Dragonite
|-sidestart|p2: gangaran|move: Tailwind
|move|p2b: Ursaluna|Blood Moon|p1b: Whimsicott
|-damage|p1b: Whimsicott|0 fnt
|faint|p1b: Whimsicott
|
|upkeep
|
|t:|1756993417
|switch|p1b: Sneasler|Sneasler, L50, M|100/100
|turn|2
|inactive|JuanGuerrero09 has 30 seconds left.
|
|t:|1756993444
|move|p1b: Sneasler|Close Combat|p2b: Ursaluna
|-supereffective|p2b: Ursaluna
|-damage|p2b: Ursaluna|0 fnt
|-unboost|p1b: Sneasler|def|1
|-unboost|p1b: Sneasler|spd|1
|faint|p2b: Ursaluna
|move|p2a: Dragonite|Haze|p2a: Dragonite
|-clearallboost
|move|p1a: Corviknight|Bulk Up|p1a: Corviknight
|-boost|p1a: Corviknight|atk|1
|-boost|p1a: Corviknight|def|1
|
|upkeep
|
|t:|1756993456
|switch|p2b: Annihilape|Annihilape, L50, F|100/100
|turn|3
|
|t:|1756993470
|-terastallize|p2b: Annihilape|Fire
|move|p1b: Sneasler|Protect|p1b: Sneasler
|-singleturn|p1b: Sneasler|Protect
|move|p2b: Annihilape|Bulk Up|p2b: Annihilape
|-boost|p2b: Annihilape|atk|1
|-boost|p2b: Annihilape|def|1
|move|p2a: Dragonite|Scale Shot|p1b: Sneasler
|-activate|p1b: Sneasler|move: Protect
|move|p1a: Corviknight|Brave Bird|p2b: Annihilape
|-damage|p2b: Annihilape|61/100
|-damage|p1a: Corviknight|87/100|[from] Recoil
|
|-heal|p1a: Corviknight|93/100|[from] item: Leftovers
|upkeep
|turn|4
|
|t:|1756993495
|move|p1b: Sneasler|Dire Claw|p2a: Dragonite
|-damage|p2a: Dragonite|74/100
|-status|p2a: Dragonite|par
|move|p2b: Annihilape|Drain Punch|p1a: Corviknight
|-damage|p1a: Corviknight|70/100
|-heal|p2b: Annihilape|73/100|[from] drain|[of] p1a: Corviknight
|move|p1a: Corviknight|Bulk Up|p1a: Corviknight
|-boost|p1a: Corviknight|atk|1
|-boost|p1a: Corviknight|def|1
|cant|p2a: Dragonite|par
|
|-heal|p1a: Corviknight|76/100|[from] item: Leftovers
|-sideend|p2: gangaran|move: Tailwind
|-sideend|p1: JuanGuerrero09|move: Tailwind
|upkeep
|turn|5
|inactive|JuanGuerrero09 has 30 seconds left.
|
|t:|1756993521
|move|p2b: Annihilape|Protect|p2b: Annihilape
|-singleturn|p2b: Annihilape|Protect
|move|p1b: Sneasler|Close Combat|p2b: Annihilape
|-activate|p2b: Annihilape|move: Protect
|move|p1a: Corviknight|Bulk Up|p1a: Corviknight
|-boost|p1a: Corviknight|atk|1
|-boost|p1a: Corviknight|def|1
|move|p2a: Dragonite|Tailwind|p2a: Dragonite
|-sidestart|p2: gangaran|move: Tailwind
|
|-heal|p1a: Corviknight|81/100|[from] item: Leftovers
|upkeep
|turn|6
|inactive|JuanGuerrero09 has 30 seconds left.
|inactive|JuanGuerrero09 has 20 seconds left.
|
|t:|1756993559
|move|p2b: Annihilape|Drain Punch|p1a: Corviknight
|-damage|p1a: Corviknight|66/100
|-heal|p2b: Annihilape|80/100|[from] drain|[of] p1a: Corviknight
|move|p1b: Sneasler|Close Combat|p2b: Annihilape
|-damage|p2b: Annihilape|34/100
|-unboost|p1b: Sneasler|def|1
|-unboost|p1b: Sneasler|spd|1
|-enditem|p2b: Annihilape|Sitrus Berry|[eat]
|-heal|p2b: Annihilape|59/100|[from] item: Sitrus Berry
|move|p2a: Dragonite|Scale Shot|p1b: Sneasler
|-damage|p1b: Sneasler|60/100
|-damage|p1b: Sneasler|22/100
|-damage|p1b: Sneasler|0 fnt
|faint|p1b: Sneasler
|-hitcount|p1: Sneasler|3
|-unboost|p2a: Dragonite|def|1
|-boost|p2a: Dragonite|spe|1
|move|p1a: Corviknight|Brave Bird|p2b: Annihilape
|-damage|p2b: Annihilape|0 fnt
|faint|p2b: Annihilape
|-damage|p1a: Corviknight|47/100|[from] Recoil
|
|-heal|p1a: Corviknight|53/100|[from] item: Leftovers
|upkeep
|
|t:|1756993581
|switch|p1b: Ursaluna|Ursaluna-Bloodmoon, L50, M|100/100
|switch|p2b: Gholdengo|Gholdengo, L50|100/100
|turn|7
|
|t:|1756993604
|move|p2b: Gholdengo|Nasty Plot|p2b: Gholdengo
|-boost|p2b: Gholdengo|spa|2
|move|p2a: Dragonite|Scale Shot|p1b: Ursaluna
|-crit|p1b: Ursaluna
|-damage|p1b: Ursaluna|81/100
|-damage|p1b: Ursaluna|70/100
|-damage|p1b: Ursaluna|57/100
|-damage|p1b: Ursaluna|45/100
|-hitcount|p1b: Ursaluna|4
|-unboost|p2a: Dragonite|def|1
|-boost|p2a: Dragonite|spe|1
|move|p1b: Ursaluna|Earth Power|p2b: Gholdengo
|-supereffective|p2b: Gholdengo
|-damage|p2b: Gholdengo|0 fnt
|faint|p2b: Gholdengo
|-damage|p1b: Ursaluna|36/100|[from] item: Life Orb
|move|p1a: Corviknight|Roost|p1a: Corviknight
|-heal|p1a: Corviknight|100/100
|-singleturn|p1a: Corviknight|move: Roost
|
|upkeep
|turn|8
|-message|gangaran forfeited.
|
|win|JuanGuerrero09
