|j|☆Hekistito
|j|☆the_frantic_franxx
|html|Hekistitothe_frantic_franxx    
|uhtml|bestof|Game 1 of a best-of-3
|t:|1783028700
|gametype|doubles
|player|p1|Hekistito|1|1055
|player|p2|the_frantic_franxx|101|1090
|gen|9
|tier|[Gen 9 Champions] VGC 2026 Reg M-B (Bo3)
|rated|
|rule|Species Clause: Limit one of each Pokémon
|rule|Item Clause: Limit 1 of each item
|clearpoke
|poke|p1|Metagross, L50|
|poke|p1|Venusaur, L50, M|
|poke|p1|Garchomp, L50, F|
|poke|p1|Sylveon, L50, M|
|poke|p1|Farigiraf, L50, F|
|poke|p1|Talonflame, L50, M|
|poke|p2|Incineroar, L50, M|
|poke|p2|Farigiraf, L50, M, shiny|
|poke|p2|Sylveon, L50, M|
|poke|p2|Garchomp, L50, F, shiny|
|poke|p2|Charizard, L50, M|
|poke|p2|Venusaur, L50, M|
|teampreview|4
|showteam|p1|Metagross||Metagrossite|ClearBody|IronHead,PsychicFangs,IcePunch,Protect|Jolly|||||50|]Venusaur||Venusaurite|Overgrow|SludgeBomb,Protect,EarthPower,GigaDrain|Modest||M|||50|]Garchomp||LifeOrb|RoughSkin|DragonClaw,Earthquake,Protect,RockSlide|Jolly||F|||50|]Sylveon||FairyFeather|Pixilate|HyperVoice,QuickAttack,HyperBeam,Detect|Modest||M|||50|]Farigiraf||SitrusBerry|ArmorTail|Thunderbolt,HelpingHand,TwinBeam,TrickRoom|Bold||F|||50|]Talonflame||FocusSash|GaleWings|Tailwind,Protect,FlareBlitz,DualWingbeat|Jolly||M|||50|
|showteam|p2|Incineroar||PasshoBerry|Intimidate|FlareBlitz,DarkestLariat,FakeOut,PartingShot|Adamant||M|||50|]Farigiraf||TwistedSpoon|ArmorTail|HyperVoice,TwinBeam,TrickRoom,HelpingHand|Quiet||M|||50|]Sylveon||FairyFeather|Pixilate|HyperVoice,Moonblast,QuickAttack,Detect|Modest||M|||50|]Garchomp||LifeOrb|RoughSkin|StompingTantrum,DragonClaw,Earthquake,Protect|Jolly||F|||50|]Charizard||CharizarditeY|Blaze|HeatWave,WeatherBall,SolarBeam,Protect|Timid||M|||50|]Venusaur||FocusSash|Chlorophyll|SleepPowder,SludgeBomb,Protect,EarthPower|Modest||M|||50|
|inactive|Battle timer is ON: inactive players will automatically lose when time's up. (requested by the_frantic_franxx)
|
|t:|1783028784
|teamsize|p1|4
|teamsize|p2|4
|start
|switch|p1a: Farigiraf|Farigiraf, L50, F|100/100
|switch|p1b: Venusaur|Venusaur, L50, M|100/100
|switch|p2a: Incineroar|Incineroar, L50, M|100/100
|switch|p2b: Sylveon|Sylveon, L50, M|100/100
|-ability|p2a: Incineroar|Intimidate|boost
|-unboost|p1a: Farigiraf|atk|1
|-unboost|p1b: Venusaur|atk|1
|turn|1
|inactive|Hekistito has 30 seconds left.
|
|t:|1783028809
|switch|p2b: Venusaur|Venusaur, L50, M|100/100
|detailschange|p1b: Venusaur|Venusaur-Mega, L50, M
|-mega|p1b: Venusaur|Venusaur|Venusaurite
|move|p1a: Farigiraf|Helping Hand|p1b: Venusaur
|-singleturn|p1b: Venusaur|Helping Hand|[of] p1a: Farigiraf
|move|p1b: Venusaur|Earth Power|p2a: Incineroar
|-supereffective|p2a: Incineroar|1
|-damage|p2a: Incineroar|18/100
|move|p2a: Incineroar|Flare Blitz|p1b: Venusaur
|-supereffective|p1b: Venusaur|1
|-damage|p1b: Venusaur|54/100
|-damage|p2a: Incineroar|4/100|[from] Recoil
|
|upkeep
|turn|2
|inactive|Hekistito has 30 seconds left.
|
|t:|1783028844
|switch|p2a: Charizard|Charizard, L50, M|100/100
|move|p1b: Venusaur|Protect|p1b: Venusaur
|-singleturn|p1b: Venusaur|Protect
|move|p2b: Venusaur|Sludge Bomb|p1a: Farigiraf
|-damage|p1a: Farigiraf|56/100
|move|p1a: Farigiraf|Twin Beam|p2b: Venusaur
|-supereffective|p2b: Venusaur|1
|-damage|p2b: Venusaur|61/100
|-supereffective|p2b: Venusaur|1
|-damage|p2b: Venusaur|27/100
|-hitcount|p2b: Venusaur|2
|
|upkeep
|turn|3
|
|t:|1783028862
|switch|p1b: Garchomp|Garchomp, L50, F|100/100
|detailschange|p2a: Charizard|Charizard-Mega-Y, L50, M
|-mega|p2a: Charizard|Charizard|Charizardite Y
|-weather|SunnyDay|[from] ability: Drought|[of] p2a: Charizard
|move|p2b: Venusaur|Sludge Bomb|p1b: Garchomp
|-resisted|p1b: Garchomp|1
|-damage|p1b: Garchomp|75/100
|move|p2a: Charizard|Heat Wave|p1a: Farigiraf|[spread] p1a,p1b
|-resisted|p1b: Garchomp|1
|-damage|p1a: Farigiraf|0 fnt
|-damage|p1b: Garchomp|38/100
|faint|p1a: Farigiraf
|
|-weather|SunnyDay|[upkeep]
|upkeep
|
|t:|1783028877
|switch|p1a: Venusaur|Venusaur-Mega, L50, M|54/100
|turn|4
|
|t:|1783028889
|move|p1b: Garchomp|Protect|p1b: Garchomp
|-singleturn|p1b: Garchomp|Protect
|move|p2b: Venusaur|Sleep Powder|p1b: Garchomp
|-activate|p1b: Garchomp|move: Protect
|move|p2a: Charizard|Heat Wave|p1a: Venusaur|[spread] 
|-activate|p1b: Garchomp|move: Protect
|-miss|p2a: Charizard|p1a: Venusaur
|move|p1a: Venusaur|Sludge Bomb|p2b: Venusaur
|-damage|p2b: Venusaur|0 fnt
|faint|p2b: Venusaur
|
|-weather|SunnyDay|[upkeep]
|upkeep
|
|t:|1783028895
|switch|p2b: Incineroar|Incineroar, L50, M|4/100
|-ability|p2b: Incineroar|Intimidate|boost
|-unboost|p1a: Venusaur|atk|1
|-unboost|p1b: Garchomp|atk|1
|turn|5
|inactive|Hekistito has 30 seconds left.
|
|t:|1783028929
|switch|p1b: Sylveon|Sylveon, L50, M|100/100
|move|p2b: Incineroar|Fake Out|p1b: Sylveon
|-damage|p1b: Sylveon|85/100
|move|p2a: Charizard|Heat Wave|p1b: Sylveon|[spread] p1a,p1b
|-supereffective|p1a: Venusaur|1
|-damage|p1a: Venusaur|0 fnt
|-damage|p1b: Sylveon|31/100
|-status|p1b: Sylveon|brn
|faint|p1a: Venusaur
|
|-weather|SunnyDay|[upkeep]
|-damage|p1b: Sylveon|25/100 brn|[from] brn
|upkeep
|
|t:|1783028940
|switch|p1a: Garchomp|Garchomp, L50, F|38/100
|turn|6
|
|t:|1783028963
|move|p2a: Charizard|Protect|p2a: Charizard
|-singleturn|p2a: Charizard|Protect
|move|p1b: Sylveon|Quick Attack|p2b: Incineroar
|-damage|p2b: Incineroar|0 fnt
|faint|p2b: Incineroar
|move|p1a: Garchomp|Rock Slide|p2a: Charizard
|-activate|p2a: Charizard|move: Protect
|
|-weather|SunnyDay|[upkeep]
|-damage|p1b: Sylveon|19/100 brn|[from] brn
|upkeep
|
|t:|1783028968
|switch|p2b: Sylveon|Sylveon, L50, M|100/100
|turn|7
|
|t:|1783028981
|move|p1a: Garchomp|Rock Slide|p2a: Charizard|[spread] p2a,p2b
|-supereffective|p2a: Charizard|2
|-damage|p2a: Charizard|0 fnt
|-damage|p2b: Sylveon|71/100
|faint|p2a: Charizard
|-damage|p1a: Garchomp|29/100|[from] item: Life Orb
|cant|p2b: Sylveon|flinch
|move|p1b: Sylveon|Hyper Beam|p2b: Sylveon
|-crit|p2b: Sylveon
|-damage|p2b: Sylveon|0 fnt
|-mustrecharge|p1b: Sylveon
|faint|p2b: Sylveon
|
|win|Hekistito
|inactive|Hekistito has 30 seconds to confirm battle start!
|inactive|the_frantic_franxx has 30 seconds to confirm battle start!
||Hekistito is ready for game 2.
|inactive|the_frantic_franxx has 20 seconds to confirm battle start!
|inactive|the_frantic_franxx has 10 seconds to confirm battle start!
||the_frantic_franxx is ready for game 2.
|uhtml|next|Next: Game 2 of 3
|l|☆the_frantic_franxx
|player|p2|
|j|☆the_frantic_franxx
|player|p2|the_frantic_franxx|101|
|l|☆the_frantic_franxx
|player|p2|
|j|☆the_frantic_franxx
|player|p2|the_frantic_franxx|101|
|l|☆the_frantic_franxx
|player|p2|
