|j|☆pinba2
|j|☆TreTrainer5252
|html|pinba2TreTrainer5252    
|uhtml|bestof|Game 2 of a best-of-3
|t:|1756837959
|gametype|doubles
|player|p1|pinba2|nate|1038
|player|p2|TreTrainer5252|linebacker|1055
|gen|9
|tier|[Gen 9] VGC 2025 Reg H (Bo3)
|rated|
|rule|Species Clause: Limit one of each Pokémon
|rule|Item Clause: Limit 1 of each item
|clearpoke
|poke|p1|Sneasler, L50, M|
|poke|p1|Garchomp, L50, M|
|poke|p1|Incineroar, L50, M|
|poke|p1|Whimsicott, L50, M|
|poke|p1|Rillaboom, L50, F|
|poke|p1|Palafin, L50, M|
|poke|p2|Maushold-Four, L50|
|poke|p2|Primarina, L50, M|
|poke|p2|Archaludon, L50, F|
|poke|p2|Annihilape, L50, M|
|poke|p2|Amoonguss, L50, M|
|poke|p2|Incineroar, L50, M|
|teampreview|4
|showteam|p1|Sneasler||GrassySeed|Unburden|DireClaw,Protect,ThroatChop,CloseCombat|||M|||50|,,,,,Dark]Garchomp||LifeOrb|RoughSkin|ScaleShot,RockSlide,Earthquake,Protect|||M|||50|,,,,,Ground]Incineroar||CovertCloak|Intimidate|FlareBlitz,ScaryFace,KnockOff,FakeOut|||M|||50|,,,,,Bug]Whimsicott||FocusSash|Prankster|Encore,Tailwind,Moonblast,TrickRoom|||M|||50|,,,,,Dark]Rillaboom||MiracleSeed|GrassySurge|FakeOut,GrassyGlide,WoodHammer,Taunt|||F|||50|,,,,,Fire]Palafin||MysticWater|ZerotoHero|IcePunch,FlipTurn,Haze,WaveCrash|||M|||50|,,,,,Water
|showteam|p2|Maushold-Four||FocusSash|FriendGuard|BeatUp,Protect,FollowMe,PopulationBomb||||||50|,,,,,Ghost]Primarina||ThroatSpray|LiquidVoice|Haze,Protect,Moonblast,HyperVoice|||M|||50|,,,,,Grass]Archaludon||PowerHerb|Stamina|Snarl,BodyPress,ElectroShot,FlashCannon|||F|||50|,,,,,Fairy]Annihilape||Leftovers|Defiant|Protect,RageFist,DrainPunch,FinalGambit|||M|||50|,,,,,Fire]Amoonguss||SitrusBerry|Regenerator|Spore,Protect,PollenPuff,RagePowder|||M|||50|,,,,,Water]Incineroar||AssaultVest|Intimidate|Uturn,KnockOff,FlareBlitz,FakeOut|||M|||50|,,,,,Grass
|inactive|Battle timer is ON: inactive players will automatically lose when time's up. (requested by pinba2)
|inactive|pinba2 has 60 seconds left.
|
|t:|1756837998
|teamsize|p1|4
|teamsize|p2|4
|start
|switch|p1a: Rillaboom|Rillaboom, L50, F|100/100
|switch|p1b: Incineroar|Incineroar, L50, M|100/100
|switch|p2a: Amoonguss|Amoonguss, L50, M, shiny|100/100
|switch|p2b: Seeyuh II|Primarina, L50, M, shiny|100/100
|-fieldstart|move: Grassy Terrain|[from] ability: Grassy Surge|[of] p1a: Rillaboom
|-ability|p1b: Incineroar|Intimidate|boost
|-unboost|p2a: Amoonguss|atk|1
|-unboost|p2b: Seeyuh II|atk|1
|turn|1
|
|t:|1756838017
|-terastallize|p1b: Incineroar|Bug
|move|p2b: Seeyuh II|Protect|p2b: Seeyuh II
|-singleturn|p2b: Seeyuh II|Protect
|move|p2a: Amoonguss|Protect|p2a: Amoonguss
|-singleturn|p2a: Amoonguss|Protect
|move|p1a: Rillaboom|Wood Hammer|p2b: Seeyuh II
|-activate|p2b: Seeyuh II|move: Protect
|move|p1b: Incineroar|Flare Blitz|p2a: Amoonguss
|-activate|p2a: Amoonguss|move: Protect
|
|upkeep
|turn|2
|inactive|TreTrainer5252 has 30 seconds left.
|inactive|TreTrainer5252 has 20 seconds left.
|
|t:|1756838057
|-terastallize|p2b: Seeyuh II|Grass
|move|p1a: Rillaboom|Wood Hammer|p2b: Seeyuh II
|-resisted|p2b: Seeyuh II
|-damage|p2b: Seeyuh II|52/100
|-damage|p1a: Rillaboom|83/100|[from] Recoil
|move|p2b: Seeyuh II|Hyper Voice|p1b: Incineroar|[spread] p1a,p1b
|-resisted|p1a: Rillaboom
|-damage|p1a: Rillaboom|56/100
|-damage|p1b: Incineroar|69/100
|-enditem|p2b: Seeyuh II|Throat Spray
|-boost|p2b: Seeyuh II|spa|1|[from] item: Throat Spray
|move|p1b: Incineroar|Flare Blitz|p2a: Amoonguss
|-supereffective|p2a: Amoonguss
|-damage|p2a: Amoonguss|0 fnt
|faint|p2a: Amoonguss
|-damage|p1b: Incineroar|33/100|[from] Recoil
|
|-heal|p1a: Rillaboom|62/100|[from] Grassy Terrain
|-heal|p2b: Seeyuh II|58/100|[from] Grassy Terrain
|-heal|p1b: Incineroar|39/100|[from] Grassy Terrain
|upkeep
|
|t:|1756838069
|switch|p2a: Reunion|Maushold-Four, L50|100/100
|turn|3
|
|t:|1756838094
|switch|p1b: Sneasler|Sneasler, L50, M|100/100
|-enditem|p1b: Sneasler|Grassy Seed
|-boost|p1b: Sneasler|def|1|[from] item: Grassy Seed
|move|p2a: Reunion|Follow Me|p2a: Reunion
|-singleturn|p2a: Reunion|move: Follow Me
|move|p1a: Rillaboom|Wood Hammer|p2a: Reunion
|-enditem|p2a: Reunion|Focus Sash
|-damage|p2a: Reunion|1/100
|-damage|p1a: Rillaboom|28/100|[from] Recoil
|move|p2b: Seeyuh II|Hyper Voice|p1b: Sneasler|[spread] p1a,p1b
|-resisted|p1a: Rillaboom
|-damage|p1a: Rillaboom|0 fnt
|-damage|p1b: Sneasler|26/100
|faint|p1a: Rillaboom
|
|-heal|p1b: Sneasler|32/100|[from] Grassy Terrain
|-heal|p2a: Reunion|7/100|[from] Grassy Terrain
|-heal|p2b: Seeyuh II|64/100|[from] Grassy Terrain
|upkeep
|
|t:|1756838117
|switch|p1a: Incineroar|Incineroar, L50, M, tera:Bug|39/100
|-ability|p1a: Incineroar|Intimidate|boost
|-unboost|p2a: Reunion|atk|1
|-unboost|p2b: Seeyuh II|atk|1
|turn|4
|
|t:|1756838128
|move|p2a: Reunion|Protect|p2a: Reunion
|-singleturn|p2a: Reunion|Protect
|move|p2b: Seeyuh II|Protect|p2b: Seeyuh II
|-singleturn|p2b: Seeyuh II|Protect
|move|p1a: Incineroar|Fake Out|p2a: Reunion
|-activate|p2a: Reunion|move: Protect
|move|p1b: Sneasler|Dire Claw|p2b: Seeyuh II
|-activate|p2b: Seeyuh II|move: Protect
|
|-heal|p1b: Sneasler|38/100|[from] Grassy Terrain
|-heal|p2a: Reunion|13/100|[from] Grassy Terrain
|-heal|p2b: Seeyuh II|70/100|[from] Grassy Terrain
|-heal|p1a: Incineroar|45/100|[from] Grassy Terrain
|upkeep
|turn|5
|inactive|pinba2 has 30 seconds left.
|
|t:|1756838154
|switch|p1a: Whimsicott|Whimsicott, L50, M|100/100
|move|p1b: Sneasler|Protect|p1b: Sneasler
|-singleturn|p1b: Sneasler|Protect
|move|p2a: Reunion|Follow Me|p2a: Reunion
|-singleturn|p2a: Reunion|move: Follow Me
|move|p2b: Seeyuh II|Hyper Voice|p1b: Sneasler|[spread] p1a
|-activate|p1b: Sneasler|move: Protect
|-resisted|p1a: Whimsicott
|-damage|p1a: Whimsicott|60/100
|
|-heal|p1b: Sneasler|44/100|[from] Grassy Terrain
|-heal|p1a: Whimsicott|66/100|[from] Grassy Terrain
|-heal|p2a: Reunion|19/100|[from] Grassy Terrain
|-heal|p2b: Seeyuh II|76/100|[from] Grassy Terrain
|-fieldend|move: Grassy Terrain
|upkeep
|turn|6
|inactive|pinba2 has 30 seconds left.
|inactive|TreTrainer5252 has 30 seconds left.
|inactive|pinba2 has 20 seconds left.
|inactive|pinba2 has 15 seconds left.
|inactive|pinba2 has 10 seconds left.
|
|t:|1756838204
|move|p2b: Seeyuh II|Protect|p2b: Seeyuh II
|-singleturn|p2b: Seeyuh II|Protect
|move|p1a: Whimsicott|Tailwind|p1a: Whimsicott
|-sidestart|p1: pinba2|move: Tailwind
|move|p1b: Sneasler|Dire Claw|p2b: Seeyuh II
|-activate|p2b: Seeyuh II|move: Protect
|move|p2a: Reunion|Population Bomb|p1b: Sneasler
|-damage|p1b: Sneasler|39/100
|-damage|p1b: Sneasler|35/100
|-damage|p1b: Sneasler|30/100
|-damage|p1b: Sneasler|26/100
|-damage|p1b: Sneasler|21/100
|-hitcount|p1b: Sneasler|5
|
|upkeep
|turn|7
|inactive|pinba2 has 30 seconds left.
|
|t:|1756838238
|switch|p2b: Pazoo|Annihilape, L50, M, shiny|100/100
|move|p1a: Whimsicott|Encore|p2a: Reunion
|-start|p2a: Reunion|Encore
|move|p1b: Sneasler|Dire Claw|p2b: Pazoo
|-resisted|p2b: Pazoo
|-damage|p2b: Pazoo|86/100
|move|p2a: Reunion|Population Bomb|p1b: Sneasler
|-damage|p1b: Sneasler|17/100
|-damage|p1b: Sneasler|12/100
|-damage|p1b: Sneasler|8/100
|-damage|p1b: Sneasler|2/100
|-damage|p1b: Sneasler|0 fnt
|faint|p1b: Sneasler
|-hitcount|p1: Sneasler|5
|
|-heal|p2b: Pazoo|92/100|[from] item: Leftovers
|upkeep
|
|t:|1756838260
|switch|p1b: Incineroar|Incineroar, L50, M, tera:Bug|45/100
|-ability|p1b: Incineroar|Intimidate|boost
|-unboost|p2a: Reunion|atk|1
|-unboost|p2b: Pazoo|atk|1
|-ability|p2b: Pazoo|Defiant|boost
|-boost|p2b: Pazoo|atk|2
|turn|8
|
|t:|1756838279
|move|p1a: Whimsicott|Moonblast|p2b: Pazoo
|-supereffective|p2b: Pazoo
|-damage|p2b: Pazoo|49/100
|-unboost|p2b: Pazoo|spa|1
|-ability|p2b: Pazoo|Defiant|boost
|-boost|p2b: Pazoo|atk|2
|move|p1b: Incineroar|Knock Off|p2b: Pazoo
|-damage|p2b: Pazoo|13/100
|-enditem|p2b: Pazoo|Leftovers|[from] move: Knock Off|[of] p1b: Incineroar
|move|p2a: Reunion|Population Bomb|p1b: Incineroar
|-damage|p1b: Incineroar|42/100
|-hitcount|p1b: Incineroar|1
|move|p2b: Pazoo|Rage Fist|p1b: Incineroar
|-damage|p1b: Incineroar|0 fnt
|faint|p1b: Incineroar
|
|upkeep
|turn|9
|c|☆TreTrainer5252|gg
|
|t:|1756838303
|move|p2b: Pazoo|Protect|p2b: Pazoo
|-singleturn|p2b: Pazoo|Protect
|move|p1a: Whimsicott|Moonblast|p2b: Pazoo
|-activate|p2b: Pazoo|move: Protect
|move|p2a: Reunion|Population Bomb|p1a: Whimsicott
|-damage|p1a: Whimsicott|61/100
|-damage|p1a: Whimsicott|57/100
|-damage|p1a: Whimsicott|52/100
|-damage|p1a: Whimsicott|48/100
|-damage|p1a: Whimsicott|43/100
|-damage|p1a: Whimsicott|39/100
|-damage|p1a: Whimsicott|35/100
|-damage|p1a: Whimsicott|30/100
|-damage|p1a: Whimsicott|26/100
|-hitcount|p1a: Whimsicott|9
|
|-end|p2a: Reunion|Encore
|-sideend|p1: pinba2|move: Tailwind
|upkeep
|turn|10
|
|t:|1756838326
|switch|p2b: Seeyuh II|Primarina, L50, M, shiny, tera:Grass|76/100
|move|p1a: Whimsicott|Moonblast|p2a: Reunion
|-damage|p2a: Reunion|0 fnt
|faint|p2a: Reunion
|
|upkeep
|
|t:|1756838336
|switch|p2a: Pazoo|Annihilape, L50, M, shiny|13/100
|turn|11
|
|t:|1756838342
|move|p2a: Pazoo|Protect|p2a: Pazoo
|-singleturn|p2a: Pazoo|Protect
|move|p1a: Whimsicott|Moonblast|p2b: Seeyuh II
|-damage|p2b: Seeyuh II|48/100
|move|p2b: Seeyuh II|Moonblast|p1a: Whimsicott
|-damage|p1a: Whimsicott|0 fnt
|faint|p1a: Whimsicott
|
|win|TreTrainer5252
|raw|pinba2's rating: 1038 → 1023(-15 for losing)
|raw|TreTrainer5252's rating: 1055 → 1085(+30 for winning)
