|j|☆PopoVGC
|j|☆baggedchikin
|html|PopoVGCbaggedchikin    
|uhtml|bestof|Game 2 of a best-of-3
|t:|1786048293
|gametype|doubles
|player|p1|PopoVGC|silver|1311
|player|p2|baggedchikin|169|1348
|gen|9
|tier|[Gen 9 Champions] VGC 2026 Reg M-B (Bo3)
|rated|
|rule|Species Clause: Limit one of each Pokémon
|rule|Item Clause: Limit 1 of each item
|clearpoke
|poke|p1|Gholdengo, L50|
|poke|p1|Tyranitar, L50, M|
|poke|p1|Excadrill, L50, M|
|poke|p1|Pidgeot, L50, M|
|poke|p1|Tsareena, L50, F|
|poke|p1|Rotom-Wash, L50|
|poke|p2|Tyranitar, L50, M|
|poke|p2|Excadrill, L50, M|
|poke|p2|Whimsicott, L50, F|
|poke|p2|Gholdengo, L50|
|poke|p2|Milotic, L50, M|
|poke|p2|Delphox, L50, M|
|teampreview|4
|showteam|p1|Gholdengo||LifeOrb|GoodasGold|MakeItRain,ShadowBall,NastyPlot,Protect|Timid|||||50|]Tyranitar||Tyranitarite|SandStream|RockSlide,KnockOff,Protect,LowKick|Jolly||M|||50|]Excadrill||FocusSash|SandRush|IronHead,Earthquake,RockSlide,Protect|Adamant||M|||50|]Pidgeot||Pidgeotite|BigPecks|Hurricane,HeatWave,Protect,Tailwind|Timid||M|||50|]Tsareena||ChoiceScarf|QueenlyMajesty|PowerWhip,TripleAxel,Uturn,LowKick|Jolly||F|||50|]Rotom-Wash||SitrusBerry|Levitate|Thunderbolt,HydroPump,Protect,WillOWisp|Bold|||||50|
|showteam|p2|Tyranitar||Tyranitarite|SandStream|Protect,RockSlide,KnockOff,LowKick|Adamant||M|||50|]Excadrill||LifeOrb|SandRush|Protect,IronHead,HighHorsepower,Earthquake|Adamant||M|||50|]Whimsicott||FocusSash|Prankster|Protect,Tailwind,Moonblast,Encore|Timid||F|||50|]Gholdengo||ColburBerry|GoodasGold|Protect,NastyPlot,MakeItRain,ShadowBall|Modest|||||50|]Milotic||Leftovers|Competitive|Protect,Coil,Hypnosis,MuddyWater|Bold||M|||50|]Delphox||Delphoxite|Blaze|Protect,HeatWave,Psychic,NastyPlot|Timid||M|||50|
|
|t:|1786048351
|teamsize|p1|4
|teamsize|p2|4
|start
|switch|p1a: Pidgeot|Pidgeot, L50, M|100/100
|switch|p1b: Rotom|Rotom-Wash, L50|100/100
|switch|p2a: Whimsicott|Whimsicott, L50, F|100/100
|switch|p2b: Delphox|Delphox, L50, M|100/100
|turn|1
|
|t:|1786048385
|detailschange|p2b: Delphox|Delphox-Mega, L50, M
|-mega|p2b: Delphox|Delphox|Delphoxite
|detailschange|p1a: Pidgeot|Pidgeot-Mega, L50, M
|-mega|p1a: Pidgeot|Pidgeot|Pidgeotite
|move|p2b: Delphox|Nasty Plot|p2b: Delphox
|-boost|p2b: Delphox|spa|2
|move|p1a: Pidgeot|Hurricane|p2a: Whimsicott
|-supereffective|p2a: Whimsicott|1
|-enditem|p2a: Whimsicott|Focus Sash
|-damage|p2a: Whimsicott|1/100
|move|p2a: Whimsicott|Moonblast|p1b: Rotom
|-damage|p1b: Rotom|57/100
|move|p1b: Rotom|Thunderbolt|p2a: Whimsicott
|-resisted|p2a: Whimsicott|1
|-damage|p2a: Whimsicott|0 fnt
|faint|p2a: Whimsicott
|
|upkeep
|
|t:|1786048405
|switch|p2a: Excadrill|Excadrill, L50, M|100/100
|turn|2
|
|t:|1786048421
|move|p1a: Pidgeot|Protect|p1a: Pidgeot
|-singleturn|p1a: Pidgeot|Protect
|move|p2b: Delphox|Heat Wave|p1a: Pidgeot|[spread] 
|-activate|p1a: Pidgeot|move: Protect
|-miss|p2b: Delphox|p1b: Rotom
|move|p2a: Excadrill|Iron Head|p1b: Rotom
|-resisted|p1b: Rotom|2
|-damage|p1b: Rotom|43/100
|-enditem|p1b: Rotom|Sitrus Berry|[eat]
|-heal|p1b: Rotom|68/100|[from] item: Sitrus Berry
|-damage|p2a: Excadrill|90/100|[from] item: Life Orb
|move|p1b: Rotom|Hydro Pump|p2a: Excadrill
|-supereffective|p2a: Excadrill|1
|-damage|p2a: Excadrill|0 fnt
|faint|p2a: Excadrill
|
|upkeep
|
|t:|1786048425
|switch|p2a: Gholdengo|Gholdengo, L50|100/100
|turn|3
|
|t:|1786048442
|move|p2b: Delphox|Psychic|p1b: Rotom
|-damage|p1b: Rotom|0 fnt
|faint|p1b: Rotom
|move|p1a: Pidgeot|Tailwind|p1a: Pidgeot
|-sidestart|p1: PopoVGC|move: Tailwind
|move|p2a: Gholdengo|Nasty Plot|p2a: Gholdengo
|-boost|p2a: Gholdengo|spa|2
|
|upkeep
|
|t:|1786048451
|switch|p1b: Excadrill|Excadrill, L50, M|100/100
|turn|4
|
|t:|1786048459
|move|p2b: Delphox|Protect|p2b: Delphox
|-singleturn|p2b: Delphox|Protect
|move|p1a: Pidgeot|Heat Wave|p2b: Delphox|[spread] p2a
|-activate|p2b: Delphox|move: Protect
|-supereffective|p2a: Gholdengo|1
|-damage|p2a: Gholdengo|51/100
|move|p1b: Excadrill|Rock Slide|p2b: Delphox|[spread] p2a
|-activate|p2b: Delphox|move: Protect
|-resisted|p2a: Gholdengo|1
|-damage|p2a: Gholdengo|40/100
|cant|p2a: Gholdengo|flinch
|
|upkeep
|turn|5
|
|t:|1786048477
|move|p2a: Gholdengo|Protect|p2a: Gholdengo
|-singleturn|p2a: Gholdengo|Protect
|move|p1a: Pidgeot|Hurricane|p2b: Delphox
|-damage|p2b: Delphox|41/100
|-start|p2b: Delphox|confusion
|move|p1b: Excadrill|Rock Slide|p2a: Gholdengo|[spread] p2b
|-activate|p2a: Gholdengo|move: Protect
|-supereffective|p2b: Delphox|1
|-damage|p2b: Delphox|0 fnt
|faint|p2b: Delphox
|
|upkeep
|turn|6
|
|t:|1786048492
|move|p2a: Gholdengo|Protect|p2a: Gholdengo
|-singleturn|p2a: Gholdengo|Protect
|move|p1a: Pidgeot|Heat Wave|p2a: Gholdengo
|-activate|p2a: Gholdengo|move: Protect
|move|p1b: Excadrill|Earthquake|p2a: Gholdengo|[spread] 
|-activate|p2a: Gholdengo|move: Protect
|-immune|p1a: Pidgeot
|
|-sideend|p1: PopoVGC|move: Tailwind
|upkeep
|turn|7
|
|t:|1786048495
|move|p1a: Pidgeot|Heat Wave|p2a: Gholdengo
|-supereffective|p2a: Gholdengo|1
|-damage|p2a: Gholdengo|0 fnt
|faint|p2a: Gholdengo
|
|win|PopoVGC
|raw|PopoVGC's rating: 1311 → 1333(+22 for winning)
|raw|baggedchikin's rating: 1348 → 1326(-22 for losing)
|l|☆baggedchikin
|player|p2|
