|j|☆Piotreshii
|j|☆plaidhaxx
|html|Piotreshiiplaidhaxx    
|uhtml|bestof|Game 1 of a best-of-3
|t:|1785951756
|gametype|doubles
|player|p1|Piotreshii|riley|
|player|p2|plaidhaxx|grimsley|
|gen|9
|tier|[Gen 9 Champions] VGC 2026 Reg M-B (Bo3)
|rule|Species Clause: Limit one of each Pokémon
|rule|Item Clause: Limit 1 of each item
|clearpoke
|poke|p1|Metagross, L50|
|poke|p1|Sylveon, L50, F|
|poke|p1|Garchomp, L50, M|
|poke|p1|Whimsicott, L50, M|
|poke|p1|Basculegion, L50, M|
|poke|p1|Charizard, L50, M|
|poke|p2|Kommo-o, L50, F|
|poke|p2|Excadrill, L50, F|
|poke|p2|Tyranitar, L50, M|
|poke|p2|Grimmsnarl, L50, M|
|poke|p2|Scovillain, L50, M|
|poke|p2|Basculegion, L50, M|
|teampreview|4
|showteam|p1|Metagross||Metagrossite|ClearBody|IronHead,PsychicFangs,BulletPunch,Protect|Jolly|||||50|]Sylveon||FairyFeather|Pixilate|HyperBeam,QuickAttack,HyperVoice,Detect|Modest||F|||50|]Garchomp||LifeOrb|RoughSkin|StompingTantrum,RockSlide,DragonClaw,PoisonJab|Jolly||M|||50|]Whimsicott||FocusSash|Prankster|Moonblast,Encore,SunnyDay,Tailwind|Timid||M|||50|]Basculegion||ChoiceScarf|Adaptability|LastRespects,FlipTurn,WaveCrash,AquaJet|Jolly||M|||50|]Charizard||CharizarditeY|Blaze|HeatWave,WeatherBall,SolarBeam,Protect|Modest||M|||50|
|showteam|p2|Kommo-o||Leftovers|Overcoat|ClangingScales,ClangorousSoul,AuraSphere,Protect|Modest||F|||50|]Excadrill||LifeOrb|SandRush|HighHorsepower,RockSlide,IronHead,Protect|Adamant||F|||50|]Tyranitar||Tyranitarite|SandStream|DragonDance,RockSlide,KnockOff,Protect|Jolly||M|||50|]Grimmsnarl||LightClay|Prankster|SpiritBreak,LightScreen,Reflect,FakeOut|Impish||M|||50|]Scovillain||Scovillainite|Moody|Protect,RagePowder,Overheat,EnergyBall|Bold||M|||50|]Basculegion||ChoiceScarf|Adaptability|WaveCrash,LastRespects,AquaJet,FlipTurn|Adamant||M|||50|
|
|t:|1785951836
|teamsize|p1|4
|teamsize|p2|4
|start
|switch|p1a: Basculegion|Basculegion, L50, M|100/100
|switch|p1b: Whimsicott|Whimsicott, L50, M|100/100
|switch|p2a: Scovillain|Scovillain, L50, M|100/100
|switch|p2b: Tyranitar|Tyranitar, L50, M|100/100
|-weather|Sandstorm|[from] ability: Sand Stream|[of] p2b: Tyranitar
|turn|1
|
|t:|1785951877
|detailschange|p2a: Scovillain|Scovillain-Mega, L50, M
|-mega|p2a: Scovillain|Scovillain|Scovillainite
|move|p2a: Scovillain|Rage Powder|p2a: Scovillain
|-singleturn|p2a: Scovillain|move: Rage Powder
|move|p1b: Whimsicott|Tailwind|p1b: Whimsicott
|-sidestart|p1: Piotreshii|move: Tailwind
|move|p1a: Basculegion|Flip Turn|p2a: Scovillain
|-damage|p2a: Scovillain|60/100
|-status|p1a: Basculegion|brn|[from] ability: Spicy Spray|[of] p2a: Scovillain
|
|t:|1785951886
|switch|p1a: Sylveon|Sylveon, L50, F|100/100|[from] Flip Turn
|move|p2b: Tyranitar|Rock Slide|p1a: Sylveon|[spread] p1a,p1b
|-damage|p1a: Sylveon|64/100
|-damage|p1b: Whimsicott|60/100
|
|-weather|Sandstorm|[upkeep]
|-damage|p1b: Whimsicott|54/100|[from] Sandstorm
|-damage|p1a: Sylveon|58/100|[from] Sandstorm
|-damage|p2a: Scovillain|54/100|[from] Sandstorm
|upkeep
|turn|2
|
|t:|1785951928
|move|p1b: Whimsicott|Encore|p2a: Scovillain
|-start|p2a: Scovillain|Encore
|move|p2a: Scovillain|Rage Powder|p2a: Scovillain
|-singleturn|p2a: Scovillain|move: Rage Powder
|move|p1a: Sylveon|Hyper Voice|p2b: Tyranitar|[spread] p2a,p2b
|-resisted|p2a: Scovillain|1
|-supereffective|p2b: Tyranitar|1
|-damage|p2a: Scovillain|28/100
|-damage|p2b: Tyranitar|30/100
|-status|p1a: Sylveon|brn|[from] ability: Spicy Spray|[of] p2a: Scovillain
|move|p2b: Tyranitar|Rock Slide|p1a: Sylveon|[spread] p1a,p1b
|-damage|p1a: Sylveon|22/100 brn
|-damage|p1b: Whimsicott|8/100
|
|-weather|Sandstorm|[upkeep]
|-damage|p1b: Whimsicott|2/100|[from] Sandstorm
|-damage|p1a: Sylveon|16/100 brn|[from] Sandstorm
|-damage|p2a: Scovillain|22/100|[from] Sandstorm
|-damage|p1a: Sylveon|10/100 brn|[from] brn
|upkeep
|turn|3
|
|t:|1785951950
|move|p2a: Scovillain|Rage Powder|p2a: Scovillain
|-singleturn|p2a: Scovillain|move: Rage Powder
|move|p1b: Whimsicott|Sunny Day|p1b: Whimsicott
|-weather|SunnyDay
|move|p1a: Sylveon|Hyper Voice|p2b: Tyranitar|[spread] p2a,p2b
|-resisted|p2a: Scovillain|1
|-supereffective|p2b: Tyranitar|1
|-damage|p2a: Scovillain|0 fnt
|-damage|p2b: Tyranitar|0 fnt
|faint|p2a: Scovillain
|faint|p2b: Tyranitar
|
|-weather|SunnyDay|[upkeep]
|-damage|p1a: Sylveon|4/100 brn|[from] brn
|upkeep
|
|t:|1785951959
|switch|p2b: Basculegion|Basculegion, L50, M|100/100
|switch|p2a: Excadrill|Excadrill, L50, F|100/100
|turn|4
|
|t:|1785951981
|switch|p1b: Basculegion|Basculegion, L50, M|100/100 brn
|move|p2b: Basculegion|Last Respects|p1a: Sylveon
|-damage|p1a: Sylveon|0 fnt
|faint|p1a: Sylveon
|move|p2a: Excadrill|Rock Slide|p1b: Basculegion
|-damage|p1b: Basculegion|49/100 brn
|-damage|p2a: Excadrill|90/100|[from] item: Life Orb
|
|-weather|SunnyDay|[upkeep]
|-damage|p1b: Basculegion|43/100 brn|[from] brn
|-sideend|p1: Piotreshii|move: Tailwind
|upkeep
|
|t:|1785951998
|switch|p1a: Charizard|Charizard, L50, M|100/100
|turn|5
|
|t:|1785952019
|move|p1a: Charizard|Protect|p1a: Charizard
|-singleturn|p1a: Charizard|Protect
|move|p1b: Basculegion|Last Respects|p2b: Basculegion
|-supereffective|p2b: Basculegion|1
|-damage|p2b: Basculegion|14/100
|move|p2b: Basculegion|Last Respects|p1a: Charizard
|-activate|p1a: Charizard|move: Protect
|move|p2a: Excadrill|High Horsepower|p1b: Basculegion
|-damage|p1b: Basculegion|0 fnt
|faint|p1b: Basculegion
|-damage|p2a: Excadrill|80/100|[from] item: Life Orb
|
|-weather|SunnyDay|[upkeep]
|upkeep
|
|t:|1785952033
|switch|p1b: Whimsicott|Whimsicott, L50, M|2/100
|turn|6
|
|t:|1785952041
|detailschange|p1a: Charizard|Charizard-Mega-Y, L50, M
|-mega|p1a: Charizard|Charizard|Charizardite Y
|move|p1b: Whimsicott|Tailwind|p1b: Whimsicott
|-sidestart|p1: Piotreshii|move: Tailwind
|move|p1a: Charizard|Heat Wave|p2b: Basculegion|[spread] p2a,p2b
|-supereffective|p2a: Excadrill|1
|-resisted|p2b: Basculegion|1
|-damage|p2a: Excadrill|0 fnt
|-damage|p2b: Basculegion|0 fnt
|faint|p2a: Excadrill
|faint|p2b: Basculegion
|
|win|Piotreshii
