|j|☆Beatyful
|j|☆afkchampion2
|html|Beatyfulafkchampion2    
|uhtml|bestof|Game 1 of a best-of-3
|t:|1756758291
|gametype|doubles
|player|p1|Beatyful|miku-water|1078
|player|p2|afkchampion2|169|1000
|gen|9
|tier|[Gen 9] VGC 2025 Reg H (Bo3)
|rated|
|rule|Species Clause: Limit one of each Pokémon
|rule|Item Clause: Limit 1 of each item
|clearpoke
|poke|p1|Volcarona, L50, F|
|poke|p1|Dragonite, L50, F|
|poke|p1|Annihilape, L50, F|
|poke|p1|Sneasler, L50, F|
|poke|p1|Rillaboom, L50, M|
|poke|p1|Incineroar, L50, M|
|poke|p2|Ninetales-Alola, L50, M|
|poke|p2|Rillaboom, L50, F|
|poke|p2|Sneasler, L50, M|
|poke|p2|Kingambit, L50, F|
|poke|p2|Basculegion, L50, M|
|poke|p2|Magmar, L50, M|
|teampreview|4
|showteam|p1|Volcarona||Leftovers|FlameBody|HeatWave,TeraBlast,QuiverDance,Protect|||F|||50|,,,,,Fairy]Dragonite||LoadedDice|Multiscale|ScaleShot,ExtremeSpeed,Haze,Protect|||F|||50|,,,,,Steel]Annihilape||SafetyGoggles|Defiant|CloseCombat,RageFist,Taunt,FinalGambit|||F|||50|,,,,,Fire]Sneasler||FocusSash|Unburden|CloseCombat,DireClaw,Coaching,Protect|||F|||50|,,,,,Stellar]Rillaboom||AssaultVest|GrassySurge|WoodHammer,GrassyGlide,HighHorsepower,FakeOut|||M|||50|,,,,,Fire]Incineroar||RockyHelmet|Intimidate|FakeOut,KnockOff,FlareBlitz,PartingShot|||M|||50|,,,,,Grass
|showteam|p2|Ninetales-Alola||NeverMeltIce|SnowWarning|Blizzard,FreezeDry,Encore,Protect|||M|||50|,,,,,Ghost]Rillaboom||AssaultVest|GrassySurge|WoodHammer,GrassyGlide,HighHorsepower,FakeOut|||F|||50|,,,,,Ghost]Sneasler||FocusSash|PoisonTouch|DireClaw,CloseCombat,FakeOut,Protect|||M|||50|,,,,,Ghost]Kingambit||BlackGlasses|Defiant|KowtowCleave,SuckerPunch,SwordsDance,Protect|||F|||50|,,,,,Fire]Basculegion||ChoiceScarf|Adaptability|WaveCrash,FlipTurn,TeraBlast,LastRespects|||M|||50|,,,,,Fighting]Magmar||Eviolite|VitalSpirit|HeatWave,Taunt,FollowMe,Protect|||M|||50|,,,,,Ghost
|inactive|Battle timer is ON: inactive players will automatically lose when time's up. (requested by afkchampion2)
|inactive|Beatyful has 60 seconds left.
|inactive|afkchampion2 has 60 seconds left.
|inactive|Beatyful has 30 seconds left.
|inactive|afkchampion2 has 30 seconds left.
|inactive|Beatyful has 20 seconds left.
|inactive|afkchampion2 has 20 seconds left.
|inactive|afkchampion2 has 15 seconds left.
|
|t:|1756758379
|teamsize|p1|4
|teamsize|p2|4
|start
|switch|p1a: Volcarona|Volcarona, L50, F, shiny|100/100
|switch|p1b: Annihilape|Annihilape, L50, F, shiny|100/100
|switch|p2a: Sneasler|Sneasler, L50, M|100/100
|switch|p2b: Basculegion|Basculegion, L50, M|100/100
|turn|1
|inactive|Beatyful has 30 seconds left.
|
|t:|1756758413
|move|p1a: Volcarona|Protect|p1a: Volcarona
|-singleturn|p1a: Volcarona|Protect
|move|p2b: Basculegion|Wave Crash|p1b: Annihilape
|-damage|p1b: Annihilape|11/100
|-damage|p2b: Basculegion|69/100|[from] Recoil
|move|p2a: Sneasler|Dire Claw|p1b: Annihilape
|-resisted|p1b: Annihilape
|-crit|p1b: Annihilape
|-damage|p1b: Annihilape|0 fnt
|faint|p1b: Annihilape
|
|upkeep
|
|t:|1756758432
|switch|p1b: Rillaboom|Rillaboom, L50, M|100/100
|-fieldstart|move: Grassy Terrain|[from] ability: Grassy Surge|[of] p1b: Rillaboom
|turn|2
|
|t:|1756758456
|-terastallize|p2b: Basculegion|Fighting
|-terastallize|p1a: Volcarona|Fairy
|move|p1b: Rillaboom|Fake Out|p2a: Sneasler
|-damage|p2a: Sneasler|77/100
|move|p2b: Basculegion|Wave Crash|p1a: Volcarona
|-damage|p1a: Volcarona|24/100
|-damage|p2b: Basculegion|46/100|[from] Recoil
|cant|p2a: Sneasler|flinch
|move|p1a: Volcarona|Quiver Dance|p1a: Volcarona
|-boost|p1a: Volcarona|spa|1
|-boost|p1a: Volcarona|spd|1
|-boost|p1a: Volcarona|spe|1
|
|-heal|p1a: Volcarona|30/100|[from] Grassy Terrain
|-heal|p1a: Volcarona|36/100|[from] item: Leftovers
|-heal|p2b: Basculegion|52/100|[from] Grassy Terrain
|-heal|p2a: Sneasler|83/100|[from] Grassy Terrain
|upkeep
|turn|3
|inactive|Beatyful has 30 seconds left.
|inactive|afkchampion2 has 30 seconds left.
|inactive|Beatyful has 20 seconds left.
|
|t:|1756758495
|move|p1b: Rillaboom|Grassy Glide|p2b: Basculegion
|-damage|p2b: Basculegion|6/100
|move|p1a: Volcarona|Heat Wave|p2b: Basculegion|[spread] p2a,p2b
|-damage|p2a: Sneasler|5/100
|-damage|p2b: Basculegion|0 fnt
|faint|p2b: Basculegion
|move|p2a: Sneasler|Dire Claw|p1a: Volcarona
|-supereffective|p1a: Volcarona
|-damage|p1a: Volcarona|0 fnt
|-status|p2a: Sneasler|brn|[from] ability: Flame Body|[of] p1a: Volcarona
|faint|p1a: Volcarona
|
|-heal|p2a: Sneasler|11/100 brn|[from] Grassy Terrain
|-damage|p2a: Sneasler|5/100 brn|[from] brn
|upkeep
|
|t:|1756758510
|switch|p1a: Sneasler|Sneasler, L50, F, shiny|100/100
|switch|p2b: Magmar|Magmar, L50, M|100/100
|turn|4
|inactive|afkchampion2 has 30 seconds left.
|
|t:|1756758538
|move|p1a: Sneasler|Coaching|p1b: Rillaboom
|-boost|p1b: Rillaboom|atk|1
|-boost|p1b: Rillaboom|def|1
|move|p2a: Sneasler|Dire Claw|p1b: Rillaboom
|-supereffective|p1b: Rillaboom
|-damage|p1b: Rillaboom|74/100
|move|p2b: Magmar|Heat Wave|p1b: Rillaboom|[spread] p1a,p1b
|-supereffective|p1b: Rillaboom
|-damage|p1a: Sneasler|66/100
|-damage|p1b: Rillaboom|38/100
|-status|p1b: Rillaboom|brn
|move|p1b: Rillaboom|High Horsepower|p2b: Magmar
|-supereffective|p2b: Magmar
|-damage|p2b: Magmar|62/100
|
|-heal|p1a: Sneasler|71/100|[from] Grassy Terrain
|-heal|p2a: Sneasler|11/100 brn|[from] Grassy Terrain
|-heal|p2b: Magmar|68/100|[from] Grassy Terrain
|-heal|p1b: Rillaboom|44/100 brn|[from] Grassy Terrain
|-damage|p2a: Sneasler|5/100 brn|[from] brn
|-damage|p1b: Rillaboom|38/100 brn|[from] brn
|upkeep
|turn|5
|
|t:|1756758558
|move|p1b: Rillaboom|Grassy Glide|p2a: Sneasler
|-resisted|p2a: Sneasler
|-damage|p2a: Sneasler|0 fnt
|faint|p2a: Sneasler
|move|p1a: Sneasler|Close Combat|p2b: Magmar
|-damage|p2b: Magmar|24/100
|-unboost|p1a: Sneasler|def|1
|-unboost|p1a: Sneasler|spd|1
|move|p2b: Magmar|Heat Wave|p1a: Sneasler|[spread] p1a,p1b
|-supereffective|p1b: Rillaboom
|-damage|p1a: Sneasler|22/100
|-damage|p1b: Rillaboom|4/100 brn
|
|-heal|p1a: Sneasler|28/100|[from] Grassy Terrain
|-heal|p2b: Magmar|30/100|[from] Grassy Terrain
|-heal|p1b: Rillaboom|10/100 brn|[from] Grassy Terrain
|-damage|p1b: Rillaboom|4/100 brn|[from] brn
|upkeep
|
|t:|1756758565
|switch|p2a: Kingambit|Kingambit, L50, F|100/100
|turn|6
|inactive|Beatyful has 30 seconds left.
|
|t:|1756758597
|move|p2b: Magmar|Protect|p2b: Magmar
|-singleturn|p2b: Magmar|Protect
|move|p2a: Kingambit|Protect|p2a: Kingambit
|-singleturn|p2a: Kingambit|Protect
|move|p1a: Sneasler|Close Combat|p2a: Kingambit
|-activate|p2a: Kingambit|move: Protect
|move|p1b: Rillaboom|High Horsepower|p2b: Magmar
|-activate|p2b: Magmar|move: Protect
|
|-heal|p1a: Sneasler|34/100|[from] Grassy Terrain
|-heal|p2b: Magmar|36/100|[from] Grassy Terrain
|-heal|p1b: Rillaboom|10/100 brn|[from] Grassy Terrain
|-damage|p1b: Rillaboom|4/100 brn|[from] brn
|-fieldend|move: Grassy Terrain
|upkeep
|turn|7
|
|t:|1756758619
|move|p1a: Sneasler|Protect|p1a: Sneasler
|-singleturn|p1a: Sneasler|Protect
|move|p2b: Magmar|Follow Me|p2b: Magmar
|-singleturn|p2b: Magmar|move: Follow Me
|move|p2a: Kingambit|Sucker Punch||[still]
|-fail|p2a: Kingambit
|move|p1b: Rillaboom|High Horsepower|p2b: Magmar
|-supereffective|p2b: Magmar
|-damage|p2b: Magmar|0 fnt
|faint|p2b: Magmar
|
|-damage|p1b: Rillaboom|0 fnt|[from] brn
|faint|p1b: Rillaboom
|upkeep
|turn|8
|
|t:|1756758638
|move|p2a: Kingambit|Sucker Punch|p1a: Sneasler
|-resisted|p1a: Sneasler
|-crit|p1a: Sneasler
|-damage|p1a: Sneasler|0 fnt
|faint|p1a: Sneasler
|
|win|afkchampion2
||afkchampion2 is ready for game 2.
||Beatyful is ready for game 2.
|uhtml|next|Next: Game 2 of 3
