|j|☆redjaguar
|j|☆Chad0u
|html|redjaguarChad0u    
|uhtml|bestof|Game 1 of a best-of-3
|t:|1785371173
|gametype|doubles
|player|p1|redjaguar|gambler|1057
|player|p2|Chad0u|170|1069
|gen|9
|tier|[Gen 9 Champions] VGC 2026 Reg M-B (Bo3)
|rated|
|rule|Species Clause: Limit one of each Pokémon
|rule|Item Clause: Limit 1 of each item
|clearpoke
|poke|p1|Dragonite, L50, M|
|poke|p1|Gardevoir, L50, F|
|poke|p1|Raichu, L50, F|
|poke|p1|Kingambit, L50, M|
|poke|p1|Incineroar, L50, F|
|poke|p1|Empoleon, L50, F|
|poke|p2|Delphox, L50, M|
|poke|p2|Floette-Eternal, L50, F|
|poke|p2|Lycanroc-Dusk, L50, F|
|poke|p2|Scizor, L50, F|
|poke|p2|Farigiraf, L50, M|
|poke|p2|Hydreigon, L50, F|
|teampreview|4
|showteam|p1|Dragonite||ExpertBelt|Multiscale|IceSpinner,StompingTantrum,ExtremeSpeed,Protect|Adamant||M|||50|]Gardevoir||Gardevoirite|Trace|HyperVoice,MysticalFire,Protect,Psychic|Timid||F|||50|]Raichu||SitrusBerry|LightningRod|FakeOut,HelpingHand,Nuzzle,VoltSwitch|Timid||F|||50|]Kingambit||BlackGlasses|SupremeOverlord|KowtowCleave,SuckerPunch,Protect,IronHead|Adamant||M|||50|]Incineroar||WhiteHerb|Intimidate|FakeOut,FlareBlitz,PartingShot,Taunt|Impish||F|||50|]Empoleon||Leftovers|Competitive|IcyWind,Protect,FlashCannon,HydroPump|Modest||F|||50|
|showteam|p2|Delphox||Delphoxite|Blaze|HeatWave,Psyshock,NastyPlot,Protect|Timid||M|||50|]Floette-Eternal||Floettite|FlowerVeil|DazzlingGleam,Moonblast,Protect,CalmMind|Modest||F|||50|]Lycanroc-Dusk||FocusSash|ToughClaws|Protect,Accelerock,CloseCombat,RockSlide|Jolly||F|||50|]Scizor||ExpertBelt|Technician|BugBite,BulletPunch,Protect,Trailblaze|Adamant||F|||50|]Farigiraf||SitrusBerry|ArmorTail|TrickRoom,Thunderbolt,TwinBeam,HelpingHand|Bold||M|||50|]Hydreigon||ChoiceScarf|Levitate|DarkPulse,DracoMeteor,HeatWave,EarthPower|Timid||F|||50|
|inactive|Battle timer is ON: inactive players will automatically lose when time's up. (requested by Chad0u)
|inactive|redjaguar has 60 seconds left.
|inactive|Chad0u has 60 seconds left.
|
|t:|1785371245
|teamsize|p1|4
|teamsize|p2|4
|start
|switch|p1a: Incineroar|Incineroar, L50, F|100/100
|switch|p1b: Empoleon|Empoleon, L50, F|100/100
|switch|p2a: Scizor|Scizor, L50, F|100/100
|switch|p2b: Floette|Floette-Eternal, L50, F|100/100
|-ability|p1a: Incineroar|Intimidate|boost
|-unboost|p2a: Scizor|atk|1
|-unboost|p2b: Floette|atk|1
|turn|1
|inactive|redjaguar has 30 seconds left.
|
|t:|1785371273
|switch|p2a: Farigiraf|Farigiraf, L50, M|100/100
|detailschange|p2b: Floette|Floette-Mega, L50, F
|-mega|p2b: Floette|Floette|Floettite
|-ability|p2b: Floette|Fairy Aura
|move|p1a: Incineroar|Fake Out||[still]
|cant|p2a: Farigiraf|ability: Armor Tail|Fake Out|[of] p1a: Incineroar
|move|p2b: Floette|Calm Mind|p2b: Floette
|-boost|p2b: Floette|spa|1
|-boost|p2b: Floette|spd|1
|move|p1b: Empoleon|Icy Wind|p2a: Farigiraf|[spread] p2a,p2b
|-damage|p2a: Farigiraf|87/100
|-damage|p2b: Floette|92/100
|-unboost|p2a: Farigiraf|spe|1
|-unboost|p2b: Floette|spe|1
|
|upkeep
|turn|2
|inactive|redjaguar has 30 seconds left.
|
|t:|1785371302
|move|p2b: Floette|Protect|p2b: Floette
|-singleturn|p2b: Floette|Protect
|move|p1a: Incineroar|Flare Blitz|p2b: Floette
|-activate|p2b: Floette|move: Protect
|move|p1b: Empoleon|Flash Cannon|p2b: Floette
|-activate|p2b: Floette|move: Protect
|move|p2a: Farigiraf|Thunderbolt|p1b: Empoleon
|-supereffective|p1b: Empoleon|1
|-damage|p1b: Empoleon|64/100
|
|-heal|p1b: Empoleon|70/100|[from] item: Leftovers
|upkeep
|turn|3
|inactive|redjaguar has 30 seconds left.
|inactive|Chad0u has 30 seconds left.
|
|t:|1785371339
|move|p2b: Floette|Dazzling Gleam|p1b: Empoleon|[spread] p1a,p1b
|-crit|p1a: Incineroar
|-resisted|p1b: Empoleon|1
|-damage|p1a: Incineroar|12/100
|-damage|p1b: Empoleon|40/100
|move|p1a: Incineroar|Flare Blitz|p2b: Floette
|-crit|p2b: Floette
|-damage|p2b: Floette|29/100
|-damage|p1a: Incineroar|0 fnt|[from] Recoil
|faint|p1a: Incineroar
|move|p1b: Empoleon|Flash Cannon|p2b: Floette
|-supereffective|p2b: Floette|1
|-damage|p2b: Floette|0 fnt
|faint|p2b: Floette
|move|p2a: Farigiraf|Trick Room|p2a: Farigiraf
|-fieldstart|move: Trick Room|[of] p2a: Farigiraf
|
|-heal|p1b: Empoleon|46/100|[from] item: Leftovers
|upkeep
|
|t:|1785371354
|switch|p1a: Kingambit|Kingambit, L50, M|100/100
|switch|p2b: Scizor|Scizor, L50, F|100/100
|-activate|p1a: Kingambit|ability: Supreme Overlord
|-start|p1a: Kingambit|fallen1|[silent]
|turn|4
|inactive|redjaguar has 30 seconds left.
|
|t:|1785371384
|move|p2a: Farigiraf|Thunderbolt|p1b: Empoleon
|-supereffective|p1b: Empoleon|1
|-damage|p1b: Empoleon|4/100
|move|p1a: Kingambit|Kowtow Cleave|p2a: Farigiraf
|-supereffective|p2a: Farigiraf|1
|-damage|p2a: Farigiraf|0 fnt
|faint|p2a: Farigiraf
|move|p1b: Empoleon|Flash Cannon|p2b: Scizor
|-resisted|p2b: Scizor|1
|-crit|p2b: Scizor
|-damage|p2b: Scizor|67/100
|move|p2b: Scizor|Bug Bite|p1a: Kingambit
|-damage|p1a: Kingambit|61/100
|
|-heal|p1b: Empoleon|10/100|[from] item: Leftovers
|upkeep
|
|t:|1785371403
|switch|p2a: Lycanroc|Lycanroc-Dusk, L50, F|100/100
|turn|5
|inactive|redjaguar has 30 seconds left.
|
|t:|1785371432
|move|p1a: Kingambit|Iron Head|p2a: Lycanroc
|-supereffective|p2a: Lycanroc|1
|-enditem|p2a: Lycanroc|Focus Sash
|-damage|p2a: Lycanroc|1/100
|move|p1b: Empoleon|Flash Cannon|p2a: Lycanroc
|-supereffective|p2a: Lycanroc|1
|-damage|p2a: Lycanroc|0 fnt
|faint|p2a: Lycanroc
|move|p2b: Scizor|Bug Bite|p1b: Empoleon
|-resisted|p1b: Empoleon|1
|-damage|p1b: Empoleon|0 fnt
|faint|p1b: Empoleon
|
|upkeep
|
|t:|1785371442
|switch|p1b: Dragonite|Dragonite, L50, M|100/100
|turn|6
|-message|Chad0u forfeited.
|
|win|redjaguar
|l|☆Chad0u
|player|p2|
|raw|redjaguar's rating: 1057 → 1090(+33 for winning)
|raw|Chad0u's rating: 1069 → 1048(-21 for losing)
