|j|☆crullvgc
|j|☆KingNoahC17
|html|crullvgcKingNoahC17    
|uhtml|bestof|Game 1 of a best-of-3
|t:|1757733835
|gametype|doubles
|player|p1|crullvgc|janitor|1119
|player|p2|KingNoahC17|170|1159
|gen|9
|tier|[Gen 9] VGC 2025 Reg H (Bo3)
|rated|
|rule|Species Clause: Limit one of each Pokémon
|rule|Item Clause: Limit 1 of each item
|clearpoke
|poke|p1|Gholdengo, L50|
|poke|p1|Porygon2, L50|
|poke|p1|Ursaluna, L50, F|
|poke|p1|Amoonguss, L50, F|
|poke|p1|Incineroar, L50, F|
|poke|p1|Dragonite, L50, M|
|poke|p2|Dragonite, L50, M|
|poke|p2|Volcarona, L50, F|
|poke|p2|Rillaboom, L50, F|
|poke|p2|Sneasler, L50, M|
|poke|p2|Annihilape, L50, F|
|poke|p2|Ninetales-Alola, L50, F|
|teampreview|4
|showteam|p1|Gholdengo||LifeOrb|GoodasGold|MakeItRain,ShadowBall,NastyPlot,Protect||||||50|,,,,,Water]Porygon2||Eviolite|Download|TeraBlast,IceBeam,Recover,TrickRoom||||||50|,,,,,Fighting]Ursaluna||FlameOrb|Guts|Facade,Earthquake,HeadlongRush,Protect|||F|||50|,,,,,Ghost]Amoonguss||SitrusBerry|Regenerator|RagePowder,PollenPuff,Spore,Protect|||F|||50|,,,,,Water]Incineroar||SafetyGoggles|Intimidate|FlareBlitz,KnockOff,FakeOut,PartingShot|||F|||50|,,,,,Ghost]Dragonite||LoadedDice|Multiscale|ScaleShot,Haze,Tailwind,Protect|||M|||50|,,,,,Fairy
|showteam|p2|Dragonite||LoadedDice|Multiscale|ScaleShot,Tailwind,Haze,Protect|||M|||50|,,,,,Fairy]Volcarona||CovertCloak|FlameBody|QuiverDance,Protect,HeatWave,TeraBlast|||F|||50|,,,,,Fairy]Rillaboom||AssaultVest|GrassySurge|FakeOut,GrassyGlide,WoodHammer,HighHorsepower|||F|||50|,,,,,Fire]Sneasler||GrassySeed|Unburden|DireClaw,CloseCombat,ThroatChop,Protect|||M|||50|,,,,,Dark]Annihilape||SafetyGoggles|Defiant|RageFist,DrainPunch,BulkUp,Protect|||F|||50|,,,,,Fire]Ninetales-Alola||FocusSash|SnowWarning|Blizzard,IcicleSpear,Encore,AuroraVeil|||F|||50|,,,,,Ghost
|inactive|Battle timer is ON: inactive players will automatically lose when time's up. (requested by KingNoahC17)
|inactive|crullvgc has 60 seconds left.
|inactive|KingNoahC17 has 60 seconds left.
|inactive|crullvgc has 30 seconds left.
|inactive|KingNoahC17 has 30 seconds left.
|
|t:|1757733910
|teamsize|p1|4
|teamsize|p2|4
|start
|switch|p1a: Incineroar|Incineroar, L50, F|100/100
|switch|p1b: Dragonite|Dragonite, L50, M|100/100
|switch|p2a: Monke|Annihilape, L50, F|100/100
|switch|p2b: Elegance|Ninetales-Alola, L50, F|100/100
|-weather|Snowscape|[from] ability: Snow Warning|[of] p2b: Elegance
|-ability|p1a: Incineroar|Intimidate|boost
|-unboost|p2a: Monke|atk|1
|-ability|p2a: Monke|Defiant|boost
|-boost|p2a: Monke|atk|2
|-unboost|p2b: Elegance|atk|1
|turn|1
|
|t:|1757733926
|-terastallize|p2b: Elegance|Ghost
|move|p1a: Incineroar|Fake Out|p2b: Elegance
|-immune|p2b: Elegance
|move|p2b: Elegance|Blizzard|p1b: Dragonite|[spread] p1a,p1b
|-resisted|p1a: Incineroar
|-supereffective|p1b: Dragonite
|-damage|p1a: Incineroar|85/100
|-damage|p1b: Dragonite|36/100
|move|p2a: Monke|Drain Punch|p1a: Incineroar
|-supereffective|p1a: Incineroar
|-damage|p1a: Incineroar|0 fnt
|faint|p1a: Incineroar
|move|p1b: Dragonite|Tailwind|p1b: Dragonite
|-sidestart|p1: crullvgc|move: Tailwind
|
|-weather|Snowscape|[upkeep]
|upkeep
|
|t:|1757733938
|switch|p1a: Ursaluna|Ursaluna, L50, F|100/100
|turn|2
|
|t:|1757733946
|move|p1a: Ursaluna|Protect|p1a: Ursaluna
|-singleturn|p1a: Ursaluna|Protect
|move|p2a: Monke|Protect|p2a: Monke
|-singleturn|p2a: Monke|Protect
|move|p1b: Dragonite|Scale Shot|p2b: Elegance
|-damage|p2b: Elegance|78/100
|-damage|p2b: Elegance|54/100
|-damage|p2b: Elegance|33/100
|-damage|p2b: Elegance|11/100
|-damage|p2b: Elegance|0 fnt
|faint|p2b: Elegance
|-hitcount|p2: Elegance|5
|-unboost|p1b: Dragonite|def|1
|-boost|p1b: Dragonite|spe|1
|
|-weather|Snowscape|[upkeep]
|-status|p1a: Ursaluna|brn|[from] item: Flame Orb
|upkeep
|
|t:|1757733956
|switch|p2b: Harambe|Rillaboom, L50, F|100/100
|-fieldstart|move: Grassy Terrain|[from] ability: Grassy Surge|[of] p2b: Harambe
|turn|3
|
|t:|1757733973
|-terastallize|p1a: Ursaluna|Ghost
|move|p2b: Harambe|Fake Out|p1b: Dragonite
|-crit|p1b: Dragonite
|-damage|p1b: Dragonite|3/100
|cant|p1b: Dragonite|flinch
|move|p1a: Ursaluna|Headlong Rush|p2a: Monke
|-damage|p2a: Monke|0 fnt
|-unboost|p1a: Ursaluna|def|1
|-unboost|p1a: Ursaluna|spd|1
|faint|p2a: Monke
|
|-weather|Snowscape|[upkeep]
|-damage|p1a: Ursaluna|95/100 brn|[from] brn
|upkeep
|
|t:|1757733981
|switch|p2a: Reg H Cheez|Sneasler, L50, M|100/100
|-enditem|p2a: Reg H Cheez|Grassy Seed
|-boost|p2a: Reg H Cheez|def|1|[from] item: Grassy Seed
|turn|4
|
|t:|1757734000
|switch|p1a: Porygon2|Porygon2, L50|100/100
|-ability|p1a: Porygon2|Download|boost
|-boost|p1a: Porygon2|spa|1
|move|p2b: Harambe|Grassy Glide|p1b: Dragonite
|-resisted|p1b: Dragonite
|-damage|p1b: Dragonite|0 fnt
|faint|p1b: Dragonite
|move|p2a: Reg H Cheez|Throat Chop|p1a: Porygon2
|-damage|p1a: Porygon2|83/100
|-start|p1a: Porygon2|Throat Chop|[silent]
|
|-weather|Snowscape|[upkeep]
|-heal|p1a: Porygon2|89/100|[from] Grassy Terrain
|-sideend|p1: crullvgc|move: Tailwind
|upkeep
|
|t:|1757734010
|switch|p1b: Ursaluna|Ursaluna, L50, F, tera:Ghost|95/100 brn
|turn|5
|
|t:|1757734021
|move|p2a: Reg H Cheez|Close Combat|p1a: Porygon2
|-supereffective|p1a: Porygon2
|-damage|p1a: Porygon2|7/100
|-unboost|p2a: Reg H Cheez|def|1
|-unboost|p2a: Reg H Cheez|spd|1
|move|p2b: Harambe|Wood Hammer|p1a: Porygon2
|-damage|p1a: Porygon2|0 fnt
|faint|p1a: Porygon2
|-damage|p2b: Harambe|98/100|[from] Recoil
|move|p1b: Ursaluna|Facade|p2b: Harambe
|-damage|p2b: Harambe|0 fnt
|faint|p2b: Harambe
|
|-weather|none
|-heal|p1b: Ursaluna|100/100 brn|[from] Grassy Terrain
|-damage|p1b: Ursaluna|95/100 brn|[from] brn
|upkeep
|turn|6
|
|t:|1757734031
|move|p2a: Reg H Cheez|Protect|p2a: Reg H Cheez
|-singleturn|p2a: Reg H Cheez|Protect
|move|p1b: Ursaluna|Facade|p2a: Reg H Cheez
|-activate|p2a: Reg H Cheez|move: Protect
|
|-heal|p1b: Ursaluna|100/100 brn|[from] Grassy Terrain
|-damage|p1b: Ursaluna|95/100 brn|[from] brn
|upkeep
|turn|7
|
|t:|1757734035
|move|p2a: Reg H Cheez|Dire Claw|p1b: Ursaluna
|-resisted|p1b: Ursaluna
|-damage|p1b: Ursaluna|79/100 brn
|move|p1b: Ursaluna|Facade|p2a: Reg H Cheez
|-damage|p2a: Reg H Cheez|0 fnt
|faint|p2a: Reg H Cheez
|
|win|crullvgc
||KingNoahC17 is ready for game 2.
||crullvgc is ready for game 2.
|uhtml|next|Next: Game 2 of 3
