|j|☆SlowHomie
|j|☆Plopy14
|html|SlowHomiePlopy14    
|uhtml|bestof|Game 3 of a best-of-3
|t:|1756915589
|gametype|doubles
|player|p1|SlowHomie|lucas|
|player|p2|Plopy14|170|
|gen|9
|tier|[Gen 9] VGC 2025 Reg H (Bo3)
|rule|Species Clause: Limit one of each Pokémon
|rule|Item Clause: Limit 1 of each item
|clearpoke
|poke|p1|Kommo-o, L50, F|
|poke|p1|Ninetales-Alola, L50, F|
|poke|p1|Rillaboom, L50, M|
|poke|p1|Electabuzz, L50, M|
|poke|p1|Annihilape, L50, M|
|poke|p1|Kingambit, L50, F|
|poke|p2|Dragonite, L50, F|
|poke|p2|Ursaluna, L50, M|
|poke|p2|Sinistcha, L50|
|poke|p2|Gholdengo, L50|
|poke|p2|Pelipper, L50, M|
|poke|p2|Archaludon, L50, F|
|teampreview|4
|showteam|p1|Kommo-o||LifeOrb|Soundproof|ClangingScales,AuraSphere,Flamethrower,Protect|||F|||50|,,,,,Fire]Ninetales-Alola||NeverMeltIce|SnowWarning|Blizzard,FreezeDry,Encore,Protect|||F|||50|,,,,,Ice]Rillaboom||AssaultVest|GrassySurge|WoodHammer,GrassyGlide,HighHorsepower,FakeOut|||M|||50|,,,,,Ghost]Electabuzz||Eviolite|VitalSpirit|Electroweb,HelpingHand,FollowMe,Protect|||M|||50|,,,,,Ghost]Annihilape||FocusSash|Defiant|CloseCombat,ShadowClaw,FinalGambit,Taunt|||M|||50|,,,,,Stellar]Kingambit||BlackGlasses|Defiant|KowtowCleave,SuckerPunch,SwordsDance,Protect|||F|||50|,,,,,Dark
|showteam|p2|Dragonite||LoadedDice|Multiscale|ScaleShot,Haze,Tailwind,Protect|||F|||50|,,,,,Fairy]Ursaluna||FlameOrb|Guts|HeadlongRush,Facade,Earthquake,Protect|||M|||50|,,,,,Ghost]Sinistcha||SitrusBerry|Hospitality|MatchaGotcha,LifeDew,RagePowder,TrickRoom||||||50|,,,,,Dark]Gholdengo||ChoiceScarf|GoodasGold|MakeItRain,ShadowBall,Trick,Protect||||||50|,,,,,Flying]Pelipper||SafetyGoggles|Drizzle|MuddyWater,Hurricane,WideGuard,Protect|||M|||50|,,,,,Steel]Archaludon||AssaultVest|Stamina|FlashCannon,BodyPress,ElectroShot,Snarl|||F|||50|,,,,,Fighting
|
|t:|1756915604
|teamsize|p1|4
|teamsize|p2|4
|start
|switch|p1a: Lumi|Ninetales-Alola, L50, F, shiny|100/100
|switch|p1b: Hobo|Annihilape, L50, M, shiny|100/100
|switch|p2a: Gholdengo|Gholdengo, L50|100/100
|switch|p2b: Ursaluna|Ursaluna, L50, M|100/100
|-weather|Snowscape|[from] ability: Snow Warning|[of] p1a: Lumi
|turn|1
|
|t:|1756915624
|switch|p1a: Monkey Gong|Rillaboom, L50, M|100/100
|-fieldstart|move: Grassy Terrain|[from] ability: Grassy Surge|[of] p1a: Monkey Gong
|switch|p2b: Sinistcha|Sinistcha, L50|100/100
|move|p2a: Gholdengo|Make It Rain|p1a: Monkey Gong|[spread] p1a,p1b
|-damage|p1a: Monkey Gong|64/100
|-damage|p1b: Hobo|54/100
|-unboost|p2a: Gholdengo|spa|1
|move|p1b: Hobo|Final Gambit|p2b: Sinistcha
|-immune|p2b: Sinistcha
|
|-weather|Snowscape|[upkeep]
|-heal|p1b: Hobo|60/100|[from] Grassy Terrain
|-heal|p1a: Monkey Gong|70/100|[from] Grassy Terrain
|upkeep
|turn|2
|
|t:|1756915644
|switch|p2a: Dragonite|Dragonite, L50, F|100/100
|move|p1b: Hobo|Shadow Claw|p2a: Dragonite
|-damage|p2a: Dragonite|82/100
|move|p1a: Monkey Gong|High Horsepower|p2a: Dragonite
|-immune|p2a: Dragonite
|move|p2b: Sinistcha|Matcha Gotcha|p1b: Hobo|[spread] p1b
|-miss|p2b: Sinistcha|p1a: Monkey Gong
|-damage|p1b: Hobo|29/100
|
|-weather|Snowscape|[upkeep]
|-heal|p1b: Hobo|35/100|[from] Grassy Terrain
|-heal|p1a: Monkey Gong|76/100|[from] Grassy Terrain
|upkeep
|turn|3
|
|t:|1756915660
|switch|p1a: Lumi|Ninetales-Alola, L50, F, shiny|100/100
|move|p1b: Hobo|Taunt|p2a: Dragonite
|-start|p2a: Dragonite|move: Taunt
|move|p2a: Dragonite|Scale Shot|p1a: Lumi
|-immune|p1a: Lumi
|move|p2b: Sinistcha|Matcha Gotcha|p1b: Hobo|[spread] p1a
|-miss|p2b: Sinistcha|p1b: Hobo
|-damage|p1a: Lumi|61/100
|
|-weather|Snowscape|[upkeep]
|-heal|p1a: Lumi|67/100|[from] Grassy Terrain
|-heal|p1b: Hobo|41/100|[from] Grassy Terrain
|upkeep
|turn|4
|
|t:|1756915690
|switch|p2b: Gholdengo|Gholdengo, L50|100/100
|move|p1a: Lumi|Blizzard|p2a: Dragonite|[spread] p2a,p2b
|-supereffective|p2a: Dragonite
|-resisted|p2b: Gholdengo
|-crit|p2b: Gholdengo
|-damage|p2a: Dragonite|0 fnt
|-damage|p2b: Gholdengo|71/100
|faint|p2a: Dragonite
|move|p1b: Hobo|Taunt|p2b: Gholdengo
|-immune|p2b: Gholdengo|[from] ability: Good as Gold
|
|-weather|Snowscape|[upkeep]
|-heal|p2b: Gholdengo|77/100|[from] Grassy Terrain
|-heal|p1a: Lumi|73/100|[from] Grassy Terrain
|-heal|p1b: Hobo|47/100|[from] Grassy Terrain
|upkeep
|
|t:|1756915699
|switch|p2a: Sinistcha|Sinistcha, L50|100/100
|-heal|p2b: Gholdengo|100/100|[from] ability: Hospitality|[of] p2a: Sinistcha
|turn|5
|
|t:|1756915723
|switch|p2a: Ursaluna|Ursaluna, L50, M|100/100
|move|p1a: Lumi|Protect|p1a: Lumi
|-singleturn|p1a: Lumi|Protect
|move|p2b: Gholdengo|Make It Rain|p1b: Hobo|[spread] p1b
|-activate|p1a: Lumi|move: Protect
|-damage|p1b: Hobo|0 fnt
|-unboost|p2b: Gholdengo|spa|1
|faint|p1b: Hobo
|
|-weather|none
|-heal|p1a: Lumi|79/100|[from] Grassy Terrain
|-fieldend|move: Grassy Terrain
|-status|p2a: Ursaluna|brn|[from] item: Flame Orb
|upkeep
|
|t:|1756915748
|switch|p1b: Monkey Gong|Rillaboom, L50, M|76/100
|-fieldstart|move: Grassy Terrain|[from] ability: Grassy Surge|[of] p1b: Monkey Gong
|turn|6
|
|t:|1756915784
|switch|p1a: Queen Goober|Kingambit, L50, F, shiny|100/100
|-terastallize|p1b: Monkey Gong|Ghost
|-terastallize|p2a: Ursaluna|Ghost
|move|p2b: Gholdengo|Make It Rain|p1b: Monkey Gong|[spread] p1a,p1b
|-resisted|p1a: Queen Goober
|-damage|p1a: Queen Goober|85/100
|-damage|p1b: Monkey Gong|49/100
|-unboost|p2b: Gholdengo|spa|1
|move|p1b: Monkey Gong|Wood Hammer|p2a: Ursaluna
|-damage|p2a: Ursaluna|40/100 brn
|-damage|p1b: Monkey Gong|28/100|[from] Recoil
|move|p2a: Ursaluna|Headlong Rush|p1a: Queen Goober
|-supereffective|p1a: Queen Goober
|-damage|p1a: Queen Goober|0 fnt
|-unboost|p2a: Ursaluna|def|1
|-unboost|p2a: Ursaluna|spd|1
|faint|p1a: Queen Goober
|
|-heal|p1b: Monkey Gong|34/100|[from] Grassy Terrain
|-heal|p2a: Ursaluna|45/100 brn|[from] Grassy Terrain
|-damage|p2a: Ursaluna|40/100 brn|[from] brn
|upkeep
|
|t:|1756915790
|switch|p1a: Lumi|Ninetales-Alola, L50, F, shiny|79/100
|-weather|Snowscape|[from] ability: Snow Warning|[of] p1a: Lumi
|turn|7
|
|t:|1756915857
|switch|p2a: Sinistcha|Sinistcha, L50|100/100
|move|p1a: Lumi|Protect|p1a: Lumi
|-singleturn|p1a: Lumi|Protect
|move|p2b: Gholdengo|Make It Rain|p1a: Lumi|[spread] p1b
|-activate|p1a: Lumi|move: Protect
|-damage|p1b: Monkey Gong|14/100
|-unboost|p2b: Gholdengo|spa|1
|move|p1b: Monkey Gong|High Horsepower|p2b: Gholdengo
|-supereffective|p2b: Gholdengo
|-damage|p2b: Gholdengo|24/100
|
|-weather|Snowscape|[upkeep]
|-heal|p2b: Gholdengo|30/100|[from] Grassy Terrain
|-heal|p1a: Lumi|85/100|[from] Grassy Terrain
|-heal|p1b: Monkey Gong|20/100|[from] Grassy Terrain
|upkeep
|turn|8
|
|t:|1756915876
|switch|p2b: Ursaluna|Ursaluna, L50, M, tera:Ghost|40/100 brn
|move|p1a: Lumi|Blizzard|p2b: Ursaluna|[spread] p2a,p2b
|-supereffective|p2a: Sinistcha
|-damage|p2a: Sinistcha|33/100
|-damage|p2b: Ursaluna|3/100 brn
|-enditem|p2a: Sinistcha|Sitrus Berry|[eat]
|-heal|p2a: Sinistcha|58/100|[from] item: Sitrus Berry
|move|p1b: Monkey Gong|High Horsepower|p2b: Ursaluna
|-damage|p2b: Ursaluna|0 fnt
|faint|p2b: Ursaluna
|move|p2a: Sinistcha|Matcha Gotcha|p1a: Lumi|[spread] p1a,p1b
|-crit|p1a: Lumi
|-damage|p1a: Lumi|31/100
|-heal|p2a: Sinistcha|81/100|[from] drain|[of] p1a: Lumi
|-damage|p1b: Monkey Gong|0 fnt
|-heal|p2a: Sinistcha|92/100|[from] drain|[of] p1b: Monkey Gong
|faint|p1b: Monkey Gong
|
|-weather|Snowscape|[upkeep]
|-heal|p1a: Lumi|37/100|[from] Grassy Terrain
|-heal|p2a: Sinistcha|98/100|[from] Grassy Terrain
|upkeep
|
|t:|1756915885
|switch|p2b: Gholdengo|Gholdengo, L50|30/100
|turn|9
|c|☆SlowHomie|Gg wp
|
|t:|1756915892
|move|p2b: Gholdengo|Make It Rain|p1a: Lumi
|-supereffective|p1a: Lumi
|-damage|p1a: Lumi|0 fnt
|-unboost|p2b: Gholdengo|spa|1
|faint|p1a: Lumi
|
|win|Plopy14
|c|☆Plopy14|gg
|l|☆SlowHomie
|player|p1|
|j|☆SlowHomie
|player|p1|SlowHomie|lucas|
|l|☆SlowHomie
|player|p1|
