|j|☆eviovulpix
|j|☆yuirs gsb
|html|eviovulpixyuirs gsb    
|uhtml|bestof|Game 3 of a best-of-3
|t:|1782329480
|gametype|doubles
|player|p1|eviovulpix|101|
|player|p2|yuirs gsb|benga|
|gen|9
|tier|[Gen 9 Champions] VGC 2026 Reg M-B (Bo3)
|rule|Species Clause: Limit one of each Pokémon
|rule|Item Clause: Limit 1 of each item
|clearpoke
|poke|p1|Mawile, L50, F, shiny|
|poke|p1|Pelipper, L50, F, shiny|
|poke|p1|Archaludon, L50, M, shiny|
|poke|p1|Sinistcha, L50, shiny|
|poke|p1|Swampert, L50, F, shiny|
|poke|p1|Farigiraf, L50, M, shiny|
|poke|p2|Kommo-o, L50, F|
|poke|p2|Kangaskhan, L50, F|
|poke|p2|Arcanine-Hisui, L50, M|
|poke|p2|Ditto, L50|
|poke|p2|Basculegion, L50, M|
|poke|p2|Metagross, L50|
|teampreview|4
|showteam|p1|Mawile||Mawilite|HyperCutter|IronHead,PlayRough,RockSlide,Protect|Adamant||F|||50|]Pelipper||FocusSash|Drizzle|WeatherBall,Hurricane,Tailwind,Protect|Modest||F|||50|]Archaludon||Leftovers|Stamina|ElectroShot,FlashCannon,DragonPulse,Protect|Modest||M|||50|]Sinistcha||KasibBerry|Hospitality|ShadowBall,RagePowder,MatchaGotcha,TrickRoom|Bold|||||50|]Swampert||Swampertite|Torrent|IcePunch,HighHorsepower,WaveCrash,Protect|Adamant||F|||50|]Farigiraf||SitrusBerry|ArmorTail|TrickRoom,Thunderbolt,TwinBeam,HelpingHand|Modest||M|||50|
|showteam|p2|Kommo-o||SitrusBerry|Soundproof|Protect,ClangorousSoul,ClangingScales,AuraSphere|Timid||F|||50|]Kangaskhan||Kangaskhanite|Scrappy|FakeOut,DoubleEdge,SuckerPunch,DrainPunch|Adamant||F|||50|]Arcanine-Hisui||ChopleBerry|Intimidate|Protect,RockSlide,FlareBlitz,HeadSmash|Jolly||M|||50|]Ditto||FocusSash|Imposter|Transform|Timid|||||50|]Basculegion||ChoiceScarf|Adaptability|LastRespects,WaveCrash,AquaJet,FlipTurn|Jolly||M|||50|]Metagross||Metagrossite|ClearBody|BulletPunch,IronHead,PsychicFangs,Protect|Adamant|||||50|
|inactive|Battle timer is ON: inactive players will automatically lose when time's up. (requested by yuirs gsb)
|
|t:|1782329508
|teamsize|p1|4
|teamsize|p2|4
|start
|switch|p1a: Sinistcha|Sinistcha, L50, shiny|100/100
|switch|p1b: Farigiraf|Farigiraf, L50, M, shiny|100/100
|switch|p2a: Basculegion|Basculegion, L50, M|100/100
|switch|p2b: Metagross|Metagross, L50|100/100
|turn|1
|
|t:|1782329517
|detailschange|p2b: Metagross|Metagross-Mega, L50
|-mega|p2b: Metagross|Metagross|Metagrossite
|move|p2a: Basculegion|Flip Turn|p1b: Farigiraf
|-damage|p1b: Farigiraf|64/100
|
|t:|1782329523
|switch|p2a: Ditto|Ditto, L50|100/100|[from] Flip Turn
|-transform|p2a: Ditto|p1b: Farigiraf|[from] ability: Imposter
|move|p2b: Metagross|Iron Head|p1b: Farigiraf
|-damage|p1b: Farigiraf|7/100
|-enditem|p1b: Farigiraf|Sitrus Berry|[eat]
|-heal|p1b: Farigiraf|32/100|[from] item: Sitrus Berry
|move|p1a: Sinistcha|Matcha Gotcha|p2a: Ditto|[spread] p2a,p2b
|-resisted|p2b: Metagross|1
|-damage|p2a: Ditto|69/100
|-damage|p2b: Metagross|87/100
|-status|p2a: Ditto|brn
|move|p1b: Farigiraf|Trick Room|p1b: Farigiraf
|-fieldstart|move: Trick Room|[of] p1b: Farigiraf
|
|-damage|p2a: Ditto|63/100 brn|[from] brn
|upkeep
|turn|2
|
|t:|1782329543
|switch|p1b: Archaludon|Archaludon, L50, M, shiny|100/100
|move|p2a: Ditto|Thunderbolt|p1b: Archaludon
|-resisted|p1b: Archaludon|1
|-damage|p1b: Archaludon|87/100
|-status|p1b: Archaludon|par
|-ability|p1b: Archaludon|Stamina|boost
|-boost|p1b: Archaludon|def|1
|move|p1a: Sinistcha|Matcha Gotcha|p2a: Ditto|[spread] p2a,p2b
|-resisted|p2b: Metagross|1
|-damage|p2a: Ditto|29/100 brn
|-damage|p2b: Metagross|75/100
|move|p2b: Metagross|Iron Head|p1a: Sinistcha
|-damage|p1a: Sinistcha|47/100
|
|-heal|p1b: Archaludon|93/100 par|[from] item: Leftovers
|-damage|p2a: Ditto|23/100 brn|[from] brn
|upkeep
|turn|3
|
|t:|1782329562
|move|p2a: Ditto|Helping Hand|p2b: Metagross
|-singleturn|p2b: Metagross|Helping Hand|[of] p2a: Ditto
|move|p1b: Archaludon|Dragon Pulse|p2a: Ditto
|-damage|p2a: Ditto|0 fnt
|faint|p2a: Ditto
|move|p1a: Sinistcha|Matcha Gotcha|p2b: Metagross
|-resisted|p2b: Metagross|1
|-damage|p2b: Metagross|60/100
|-heal|p1a: Sinistcha|55/100|[from] drain|[of] p2b: Metagross
|-status|p2b: Metagross|brn
|move|p2b: Metagross|Iron Head|p1a: Sinistcha
|-damage|p1a: Sinistcha|17/100
|
|-heal|p1b: Archaludon|99/100 par|[from] item: Leftovers
|-damage|p2b: Metagross|54/100 brn|[from] brn
|upkeep
|
|t:|1782329576
|switch|p2a: Kommo-o|Kommo-o, L50, F|100/100
|turn|4
|
|t:|1782329592
|move|p1b: Archaludon|Dragon Pulse|p2a: Kommo-o
|-supereffective|p2a: Kommo-o|1
|-damage|p2a: Kommo-o|18/100
|-enditem|p2a: Kommo-o|Sitrus Berry|[eat]
|-heal|p2a: Kommo-o|43/100|[from] item: Sitrus Berry
|move|p1a: Sinistcha|Shadow Ball|p2a: Kommo-o
|-damage|p2a: Kommo-o|8/100
|move|p2b: Metagross|Iron Head|p1a: Sinistcha
|-damage|p1a: Sinistcha|0 fnt
|faint|p1a: Sinistcha
|move|p2a: Kommo-o|Clangorous Soul||[still]
|-fail|p2a: Kommo-o
|
|-heal|p1b: Archaludon|100/100 par|[from] item: Leftovers
|-damage|p2b: Metagross|48/100 brn|[from] brn
|upkeep
|
|t:|1782329610
|switch|p1a: Mawile|Mawile, L50, F, shiny|100/100
|turn|5
|
|t:|1782329623
|detailschange|p1a: Mawile|Mawile-Mega, L50, F, shiny
|-mega|p1a: Mawile|Mawile|Mawilite
|move|p2b: Metagross|Protect|p2b: Metagross
|-singleturn|p2b: Metagross|Protect
|move|p2a: Kommo-o|Protect|p2a: Kommo-o
|-singleturn|p2a: Kommo-o|Protect
|cant|p1b: Archaludon|par
|move|p1a: Mawile|Play Rough|p2a: Kommo-o
|-activate|p2a: Kommo-o|move: Protect
|
|-damage|p2b: Metagross|43/100 brn|[from] brn
|-fieldend|move: Trick Room
|upkeep
|turn|6
|
|t:|1782329646
|move|p2a: Kommo-o|Aura Sphere|p1a: Mawile
|-damage|p1a: Mawile|57/100
|move|p2b: Metagross|Iron Head|p1a: Mawile
|-damage|p1a: Mawile|24/100
|move|p1a: Mawile|Play Rough|p2b: Metagross
|-resisted|p2b: Metagross|1
|-damage|p2b: Metagross|13/100 brn
|-unboost|p2b: Metagross|atk|1
|move|p1b: Archaludon|Electro Shot||[still]
|-prepare|p1b: Archaludon|Electro Shot
|-boost|p1b: Archaludon|spa|1
|
|-damage|p2b: Metagross|8/100 brn|[from] brn
|upkeep
|turn|7
|
|t:|1782329663
|move|p1a: Mawile|Protect|p1a: Mawile
|-singleturn|p1a: Mawile|Protect
|move|p2a: Kommo-o|Aura Sphere|p1b: Archaludon
|-supereffective|p1b: Archaludon|1
|-damage|p1b: Archaludon|32/100 par
|-ability|p1b: Archaludon|Stamina|boost
|-boost|p1b: Archaludon|def|1
|move|p2b: Metagross|Iron Head|p1a: Mawile
|-activate|p1a: Mawile|move: Protect
|move|p1b: Archaludon|Electro Shot|p2a: Kommo-o|[from] lockedmove
|-resisted|p2a: Kommo-o|1
|-damage|p2a: Kommo-o|0 fnt
|faint|p2a: Kommo-o
|
|-heal|p1b: Archaludon|38/100 par|[from] item: Leftovers
|-damage|p2b: Metagross|2/100 brn|[from] brn
|upkeep
|
|t:|1782329671
|switch|p2a: Basculegion|Basculegion, L50, M|100/100
|turn|8
|
|t:|1782329685
|move|p1a: Mawile|Protect||[still]
|-fail|p1a: Mawile
|move|p1b: Archaludon|Protect|p1b: Archaludon
|-singleturn|p1b: Archaludon|Protect
|move|p2a: Basculegion|Wave Crash|p1b: Archaludon
|-activate|p1b: Archaludon|move: Protect
|move|p2b: Metagross|Iron Head|p1a: Mawile
|-crit|p1a: Mawile
|-damage|p1a: Mawile|0 fnt
|faint|p1a: Mawile
|
|-heal|p1b: Archaludon|44/100 par|[from] item: Leftovers
|-damage|p2b: Metagross|0 fnt|[from] brn
|faint|p2b: Metagross
|upkeep
|
|t:|1782329693
|switch|p1a: Farigiraf|Farigiraf, L50, M, shiny|32/100
|turn|9
|
|t:|1782329702
|move|p2a: Basculegion|Wave Crash|p1a: Farigiraf
|-damage|p1a: Farigiraf|0 fnt
|faint|p1a: Farigiraf
|-damage|p2a: Basculegion|87/100|[from] Recoil
|move|p1b: Archaludon|Dragon Pulse|p2a: Basculegion
|-damage|p2a: Basculegion|23/100
|
|-heal|p1b: Archaludon|50/100g par|[from] item: Leftovers
|upkeep
|turn|10
|
|t:|1782329714
|move|p2a: Basculegion|Wave Crash|p1b: Archaludon
|-resisted|p1b: Archaludon|1
|-damage|p1b: Archaludon|36/100 par
|-ability|p1b: Archaludon|Stamina|boost
|-boost|p1b: Archaludon|def|1
|-damage|p2a: Basculegion|18/100|[from] Recoil
|cant|p1b: Archaludon|par
|
|-heal|p1b: Archaludon|43/100 par|[from] item: Leftovers
|upkeep
|turn|11
|
|t:|1782329723
|move|p1b: Archaludon|Protect|p1b: Archaludon
|-singleturn|p1b: Archaludon|Protect
|move|p2a: Basculegion|Wave Crash|p1b: Archaludon
|-activate|p1b: Archaludon|move: Protect
|
|-heal|p1b: Archaludon|49/100 par|[from] item: Leftovers
|upkeep
|turn|12
|
|t:|1782329732
|move|p2a: Basculegion|Wave Crash|p1b: Archaludon
|-resisted|p1b: Archaludon|1
|-damage|p1b: Archaludon|37/100 par
|-ability|p1b: Archaludon|Stamina|boost
|-boost|p1b: Archaludon|def|1
|-damage|p2a: Basculegion|14/100|[from] Recoil
|move|p1b: Archaludon|Dragon Pulse|p2a: Basculegion
|-damage|p2a: Basculegion|0 fnt
|faint|p2a: Basculegion
|
|win|eviovulpix
|c|☆yuirs gsb|gg
|c|☆eviovulpix|gg
|l|☆yuirs gsb
|player|p2|
