|j|☆Grafaiaii
|j|☆noriaki kasai
|html|Grafaiaiinoriaki kasai    
|uhtml|bestof|Game 1 of a best-of-3
|t:|1757186502
|gametype|doubles
|player|p1|Grafaiaii|265|1097
|player|p2|noriaki kasai|swimmer-gen4dp|1309
|gen|9
|tier|[Gen 9] VGC 2025 Reg H (Bo3)
|rated|
|rule|Species Clause: Limit one of each Pokémon
|rule|Item Clause: Limit 1 of each item
|clearpoke
|poke|p1|Sneasler, L50, F|
|poke|p1|Indeedee, L50, M|
|poke|p1|Whimsicott, L50, F|
|poke|p1|Typhlosion-Hisui, L50, M|
|poke|p1|Dragapult, L50, F|
|poke|p1|Decidueye-Hisui, L50, F|
|poke|p2|Annihilape, L50, F|
|poke|p2|Sinistcha, L50|
|poke|p2|Maushold-Four, L50|
|poke|p2|Klefki, L50, M|
|poke|p2|Ursaluna-Bloodmoon, L50, M|
|poke|p2|Ninetales-Alola, L50, F|
|teampreview|4
|showteam|p1|Sneasler||PsychicSeed|Unburden|DireClaw,CloseCombat,ThroatChop,Protect|||F|||50|,,,,,Dark]Indeedee||FocusSash|PsychicSurge|ExpandingForce,HelpingHand,Imprison,TrickRoom|||M|||50|,,,,,Psychic]Whimsicott||CovertCloak|Prankster|Tailwind,Moonblast,SunnyDay,Encore|||F|||50|,,,,,Ghost]Typhlosion-Hisui||ChoiceSpecs|Blaze|Eruption,HeatWave,ShadowBall,Overheat|||M|||50|,,,,,Fire]Dragapult||ChoiceBand|ClearBody|DragonDarts,PhantomForce,Uturn,TeraBlast|||F|||50|,,,,,Ghost]Decidueye-Hisui||RazorClaw|Scrappy|LeafBlade,TripleArrows,Haze,Protect|||F|||50|,,,,,Fire
|showteam|p2|Annihilape||Leftovers|Defiant|Protect,BulkUp,DrainPunch,RageFist|||F|||50|,,,,,Fire]Sinistcha||SitrusBerry|Hospitality|MatchaGotcha,TrickRoom,LifeDew,RagePowder||||||50|,,,,,Water]Maushold-Four||FocusSash|FriendGuard|FollowMe,Taunt,BeatUp,Protect||||||50|,,,,,Ghost]Klefki||LightClay|Prankster|Reflect,LightScreen,MistyTerrain,DazzlingGleam|||M|||50|,,,,,Ghost]Ursaluna-Bloodmoon||AssaultVest|MindsEye|BloodMoon,HyperVoice,EarthPower,VacuumWave|||M|||50|,,,,,Water]Ninetales-Alola||ChoiceSpecs|SnowWarning|Blizzard,IcyWind,FreezeDry,Moonblast|||F|||50|,,,,,Ghost
|
|t:|1757186533
|teamsize|p1|4
|teamsize|p2|4
|start
|switch|p1a: Whimsicott|Whimsicott, L50, F|100/100
|switch|p1b: Typhlosion|Typhlosion-Hisui, L50, M|100/100
|switch|p2a: Klefki|Klefki, L50, M|100/100
|switch|p2b: Ursaluna|Ursaluna-Bloodmoon, L50, M|100/100
|turn|1
|inactive|Battle timer is ON: inactive players will automatically lose when time's up. (requested by noriaki kasai)
|
|t:|1757186554
|-terastallize|p1b: Typhlosion|Fire
|-terastallize|p2b: Ursaluna|Water
|move|p1a: Whimsicott|Sunny Day|p1a: Whimsicott
|-weather|SunnyDay
|move|p2a: Klefki|Light Screen|p2a: Klefki
|-sidestart|p2: noriaki kasai|move: Light Screen
|move|p1b: Typhlosion|Eruption|p2a: Klefki|[spread] p2a,p2b
|-supereffective|p2a: Klefki
|-resisted|p2b: Ursaluna
|-damage|p2a: Klefki|0 fnt
|-damage|p2b: Ursaluna|66/100
|faint|p2a: Klefki
|move|p2b: Ursaluna|Earth Power|p1b: Typhlosion
|-supereffective|p1b: Typhlosion
|-damage|p1b: Typhlosion|0 fnt
|faint|p1b: Typhlosion
|
|-weather|SunnyDay|[upkeep]
|upkeep
|inactive|noriaki kasai has 30 seconds left.
|
|t:|1757186589
|switch|p1b: Dragapult|Dragapult, L50, F|100/100
|switch|p2a: Sinistcha|Sinistcha, L50|100/100
|-heal|p2b: Ursaluna|91/100|[from] ability: Hospitality|[of] p2a: Sinistcha
|turn|2
|inactive|noriaki kasai has 30 seconds left.
|
|t:|1757186620
|move|p1a: Whimsicott|Encore|p2b: Ursaluna
|-start|p2b: Ursaluna|Encore
|move|p1b: Dragapult|Dragon Darts|p2b: Ursaluna
|-damage|p2b: Ursaluna|65/100
|-anim|p1b: Dragapult|Dragon Darts|p2a: Sinistcha
|-damage|p2a: Sinistcha|71/100
|move|p2a: Sinistcha|Life Dew|p2a: Sinistcha|[spread] p2a,p2b
|-heal|p2a: Sinistcha|97/100
|-heal|p2b: Ursaluna|90/100
|move|p2b: Ursaluna|Earth Power|p1b: Dragapult
|-damage|p1b: Dragapult|32/100
|
|-weather|SunnyDay|[upkeep]
|upkeep
|turn|3
|inactive|Grafaiaii has 30 seconds left.
|inactive|noriaki kasai has 30 seconds left.
|
|t:|1757186651
|move|p1b: Dragapult|Dragon Darts|p2b: Ursaluna
|-damage|p2b: Ursaluna|65/100
|-anim|p1b: Dragapult|Dragon Darts|p2a: Sinistcha
|-damage|p2a: Sinistcha|68/100
|move|p1a: Whimsicott|Moonblast|p2b: Ursaluna
|-damage|p2b: Ursaluna|54/100
|move|p2a: Sinistcha|Life Dew|p2a: Sinistcha|[spread] p2a,p2b
|-heal|p2a: Sinistcha|93/100
|-heal|p2b: Ursaluna|79/100
|move|p2b: Ursaluna|Earth Power|p1b: Dragapult
|-damage|p1b: Dragapult|0 fnt
|faint|p1b: Dragapult
|
|-weather|SunnyDay|[upkeep]
|upkeep
|
|t:|1757186657
|switch|p1b: Indeedee|Indeedee, L50, M|100/100
|-fieldstart|move: Psychic Terrain|[from] ability: Psychic Surge|[of] p1b: Indeedee
|turn|4
|
|t:|1757186682
|move|p1a: Whimsicott|Moonblast|p2b: Ursaluna
|-damage|p2b: Ursaluna|67/100
|-unboost|p2b: Ursaluna|spa|1
|move|p1b: Indeedee|Expanding Force|p2b: Ursaluna|[spread] p2a,p2b
|-damage|p2a: Sinistcha|53/100
|-damage|p2b: Ursaluna|41/100
|move|p2a: Sinistcha|Life Dew|p2a: Sinistcha|[spread] p2a,p2b
|-heal|p2a: Sinistcha|78/100
|-heal|p2b: Ursaluna|66/100
|move|p2b: Ursaluna|Earth Power|p1b: Indeedee
|-damage|p1b: Indeedee|52/100
|
|-weather|SunnyDay|[upkeep]
|-end|p2b: Ursaluna|Encore
|upkeep
|turn|5
|inactive|noriaki kasai has 30 seconds left.
|
|t:|1757186707
|move|p1a: Whimsicott|Moonblast|p2b: Ursaluna
|-damage|p2b: Ursaluna|54/100
|move|p1b: Indeedee|Expanding Force|p2a: Sinistcha|[spread] p2a,p2b
|-damage|p2a: Sinistcha|39/100
|-damage|p2b: Ursaluna|31/100
|-enditem|p2a: Sinistcha|Sitrus Berry|[eat]
|-heal|p2a: Sinistcha|63/100|[from] item: Sitrus Berry
|move|p2a: Sinistcha|Life Dew|p2a: Sinistcha|[spread] p2a,p2b
|-heal|p2a: Sinistcha|89/100
|-heal|p2b: Ursaluna|56/100
|move|p2b: Ursaluna|Blood Moon|p1b: Indeedee
|-damage|p1b: Indeedee|0 fnt
|faint|p1b: Indeedee
|
|-weather|none
|upkeep
|turn|6
|
|t:|1757186727
|move|p1a: Whimsicott|Moonblast|p2b: Ursaluna
|-damage|p2b: Ursaluna|45/100
|move|p2a: Sinistcha|Life Dew|p2a: Sinistcha|[spread] p2a,p2b
|-heal|p2a: Sinistcha|100/100
|-heal|p2b: Ursaluna|70/100
|move|p2b: Ursaluna|Earth Power|p1a: Whimsicott
|-resisted|p1a: Whimsicott
|-damage|p1a: Whimsicott|79/100
|
|upkeep
|turn|7
|-message|Grafaiaii forfeited.
|
|win|noriaki kasai
