|j|☆gundnub
|j|☆Mega Chime Time
|html|gundnubMega Chime Time    
|uhtml|bestof|Game 2 of a best-of-3
|t:|1783210617
|gametype|doubles
|player|p1|gundnub|pokemonranger-gen4|
|player|p2|Mega Chime Time|miku-flying|
|gen|9
|tier|[Gen 9 Champions] VGC 2026 Reg M-B (Bo3)
|rule|Species Clause: Limit one of each Pokémon
|rule|Item Clause: Limit 1 of each item
|clearpoke
|poke|p1|Houndoom, L50, F|
|poke|p1|Gengar, L50, M|
|poke|p1|Conkeldurr, L50, M|
|poke|p1|Spiritomb, L50, M|
|poke|p1|Garganacl, L50, F|
|poke|p1|Starmie, L50|
|poke|p2|Chimecho, L50, F|
|poke|p2|Dragalge, L50, F|
|poke|p2|Chandelure, L50, M|
|poke|p2|Blastoise, L50, M|
|poke|p2|Bellibolt, L50, M|
|poke|p2|Mudsdale, L50, F|
|teampreview|4
|showteam|p1|Houndoom||Houndoominite|EarlyBird|Protect,HeatWave,Overheat,DarkPulse|Modest||F|||50|]Gengar||FocusSash|CursedBody|Protect,SludgeBomb,IcyWind,SunnyDay|Timid||M|||50|]Conkeldurr||LifeOrb|IronFist|Detect,DrainPunch,MachPunch,ThunderPunch|Brave||M|||50|]Spiritomb||RoseliBerry|Pressure|FoulPlay,WillOWisp,PainSplit,TrickRoom|Bold||M|||50|]Garganacl||Leftovers|PurifyingSalt|Protect,SaltCure,Recover,WideGuard|Impish||F|||50|]Starmie||Starminite|Illuminate|Protect,Liquidation,ZenHeadbutt,IceSpinner|Jolly|||||50|
|showteam|p2|Chimecho||Chimechite|Levitate|Psychic,FlashCannon,Protect,TrickRoom|Modest||F|||50|]Dragalge||PoisonBarb|Adaptability|SludgeBomb,SludgeWave,DragonPulse,Protect|Modest||F|||50|]Chandelure||FocusSash|FlashFire|HeatWave,ShadowBall,TrickRoom,Protect|Modest||M|||50|]Blastoise||SitrusBerry|RainDish|FakeOut,WaveCrash,Yawn,FlipTurn|Adamant||M|||50|]Bellibolt||Magnet|Electromorphosis|VoltSwitch,SlackOff,ParabolicCharge,Thunderbolt|Modest||M|||50|]Mudsdale||Leftovers|Stamina|HighHorsepower,RockSlide,Protect,BodyPress|Adamant||F|||50|
|inactive|Battle timer is ON: inactive players will automatically lose when time's up. (requested by gundnub)
|inactive|Mega Chime Time also wants the timer to be on.
|inactive|Mega Chime Time has 60 seconds left.
|
|t:|1783210653
|teamsize|p1|4
|teamsize|p2|4
|start
|switch|p1a: Garganacl|Garganacl, L50, F|100/100
|switch|p1b: Starmie|Starmie, L50|100/100
|switch|p2a: Blastoise|Blastoise, L50, M|100/100
|switch|p2b: Chandelure|Chandelure, L50, M|100/100
|turn|1
|
|t:|1783210670
|detailschange|p1b: Starmie|Starmie-Mega, L50
|-mega|p1b: Starmie|Starmie|Starminite
|move|p1b: Starmie|Zen Headbutt|p2a: Blastoise
|-damage|p2a: Blastoise|36/100
|-enditem|p2a: Blastoise|Sitrus Berry|[eat]
|-heal|p2a: Blastoise|61/100|[from] item: Sitrus Berry
|move|p2b: Chandelure|Shadow Ball|p1b: Starmie
|-supereffective|p1b: Starmie|1
|-damage|p1b: Starmie|0 fnt
|faint|p1b: Starmie
|cant|p2a: Blastoise|flinch
|move|p1a: Garganacl|Salt Cure|p2a: Blastoise
|-damage|p2a: Blastoise|47/100
|-start|p2a: Blastoise|Salt Cure
|
|-damage|p2a: Blastoise|35/100|[from] Salt Cure
|upkeep
|
|t:|1783210679
|switch|p1b: Spiritomb|Spiritomb, L50, M|100/100
|-ability|p1b: Spiritomb|Pressure
|turn|2
|inactive|Mega Chime Time has 30 seconds left.
|
|t:|1783210709
|move|p2b: Chandelure|Shadow Ball|p1b: Spiritomb
|-damage|p1b: Spiritomb|55/100
|move|p2a: Blastoise|Wave Crash|p1b: Spiritomb
|-damage|p1b: Spiritomb|8/100
|-damage|p2a: Blastoise|22/100|[from] Recoil
|move|p1a: Garganacl|Salt Cure|p2b: Chandelure
|-supereffective|p2b: Chandelure|1
|-damage|p2b: Chandelure|66/100
|-start|p2b: Chandelure|Salt Cure
|move|p1b: Spiritomb|Foul Play|p2b: Chandelure
|-supereffective|p2b: Chandelure|1
|-damage|p2b: Chandelure|23/100
|
|-damage|p2b: Chandelure|17/100|[from] Salt Cure
|-damage|p2a: Blastoise|10/100|[from] Salt Cure
|upkeep
|turn|3
|
|t:|1783210733
|move|p2b: Chandelure|Heat Wave|p1b: Spiritomb|[spread] p1a,p1b
|-resisted|p1a: Garganacl|1
|-damage|p1a: Garganacl|84/100
|-damage|p1b: Spiritomb|0 fnt
|faint|p1b: Spiritomb
|move|p2a: Blastoise|Flip Turn|p1a: Garganacl
|-supereffective|p1a: Garganacl|1
|-damage|p1a: Garganacl|57/100
|
|t:|1783210739
|switch|p2a: Mudsdale|Mudsdale, L50, F|100/100|[from] Flip Turn
|move|p1a: Garganacl|Salt Cure|p2a: Mudsdale
|-resisted|p2a: Mudsdale|1
|-damage|p2a: Mudsdale|94/100
|-start|p2a: Mudsdale|Salt Cure
|-ability|p2a: Mudsdale|Stamina|boost
|-boost|p2a: Mudsdale|def|1
|
|-heal|p2a: Mudsdale|100/100|[from] item: Leftovers
|-heal|p1a: Garganacl|63/100|[from] item: Leftovers
|-damage|p2b: Chandelure|11/100|[from] Salt Cure
|-damage|p2a: Mudsdale|94/100|[from] Salt Cure
|upkeep
|
|t:|1783210741
|switch|p1b: Conkeldurr|Conkeldurr, L50, M|100/100
|turn|4
|
|t:|1783210767
|switch|p2b: Dragalge|Dragalge, L50, F|100/100
|move|p1b: Conkeldurr|Detect|p1b: Conkeldurr
|-singleturn|p1b: Conkeldurr|Protect
|move|p1a: Garganacl|Protect|p1a: Garganacl
|-singleturn|p1a: Garganacl|Protect
|move|p2a: Mudsdale|Body Press|p1a: Garganacl
|-activate|p1a: Garganacl|move: Protect
|
|-heal|p2a: Mudsdale|100/100|[from] item: Leftovers
|-heal|p1a: Garganacl|69/100|[from] item: Leftovers
|-damage|p2a: Mudsdale|94/100|[from] Salt Cure
|upkeep
|turn|5
|inactive|Mega Chime Time has 30 seconds left.
|
|t:|1783210795
|move|p2b: Dragalge|Dragon Pulse|p1a: Garganacl
|-damage|p1a: Garganacl|29/100
|move|p1b: Conkeldurr|Drain Punch|p2a: Mudsdale
|-damage|p2a: Mudsdale|48/100
|-ability|p2a: Mudsdale|Stamina|boost
|-boost|p2a: Mudsdale|def|1
|-damage|p1b: Conkeldurr|90/100|[from] item: Life Orb
|move|p1a: Garganacl|Salt Cure|p2b: Dragalge
|-damage|p2b: Dragalge|85/100
|-start|p2b: Dragalge|Salt Cure
|move|p2a: Mudsdale|High Horsepower|p1a: Garganacl
|-supereffective|p1a: Garganacl|1
|-damage|p1a: Garganacl|0 fnt
|faint|p1a: Garganacl
|
|-heal|p2a: Mudsdale|54/100|[from] item: Leftovers
|-damage|p2b: Dragalge|79/100|[from] Salt Cure
|-damage|p2a: Mudsdale|48/100|[from] Salt Cure
|upkeep
|turn|6
|
|t:|1783210814
|move|p2b: Dragalge|Sludge Bomb|p1b: Conkeldurr
|-damage|p1b: Conkeldurr|13/100
|move|p1b: Conkeldurr|Drain Punch|p2a: Mudsdale
|-damage|p2a: Mudsdale|19/100
|-heal|p1b: Conkeldurr|28/100|[from] drain|[of] p2a: Mudsdale
|-ability|p2a: Mudsdale|Stamina|boost
|-boost|p2a: Mudsdale|def|1
|-damage|p1b: Conkeldurr|18/100|[from] item: Life Orb
|move|p2a: Mudsdale|High Horsepower|p1b: Conkeldurr
|-damage|p1b: Conkeldurr|0 fnt
|faint|p1b: Conkeldurr
|
|win|Mega Chime Time
|c|☆gundnub|gg
|c|☆Mega Chime Time|GGs
