|j|â˜†brodiewhat
|j|â˜†Someoneofficial
|html|brodiewhatSomeoneofficial    
|uhtml|bestof|Game 1 of a best-of-3
|t:|1784660438
|gametype|doubles
|player|p1|brodiewhat|palmer|
|player|p2|Someoneofficial|clown|
|gen|9
|tier|[Gen 9 Champions] VGC 2026 Reg M-B (Bo3)
|rule|Species Clause: Limit one of each PokÃ©mon
|rule|Item Clause: Limit 1 of each item
|clearpoke
|poke|p1|Malamar, L50, F|
|poke|p1|Blastoise, L50, F|
|poke|p1|Incineroar, L50, M|
|poke|p1|Basculegion, L50, M|
|poke|p1|Whimsicott, L50, M|
|poke|p1|Conkeldurr, L50, M|
|poke|p2|Sceptile, L50, F, shiny|
|poke|p2|Tyranitar, L50, M, shiny|
|poke|p2|Excadrill, L50, M, shiny|
|poke|p2|Rotom-Wash, L50, shiny|
|poke|p2|Vivillon-Sandstorm, L50, F, shiny|
|poke|p2|Grimmsnarl, L50, M, shiny|
|teampreview|4
|showteam|p1|Malamar||Malamarite|Contrary|TrickRoom,Superpower,KnockOff,PoisonJab|Brave||F|||50|]Blastoise||MysticWater|Torrent|FakeOut,WaterSpout,MuddyWater,IceBeam|Quiet||F|||50|]Incineroar||LifeOrb|Intimidate|FakeOut,FlareBlitz,ThroatChop,CloseCombat|Brave||M|||50|]Basculegion||FocusSash|Adaptability|Liquidation,AquaJet,LastRespects,WaveCrash|Brave||M|||50|]Whimsicott||IronBall|Prankster|Moonblast,Encore,LightScreen,GrassKnot|Quiet||M|||50|]Conkeldurr||SitrusBerry|Guts|Coaching,CloseCombat,IcePunch,KnockOff|Brave||M|||50|
|showteam|p2|Sceptile||Sceptilite|Overgrow|DragonPulse,EnergyBall,EarthPower,Detect|Timid||F|||50|]Tyranitar||Tyranitarite|SandStream|RockSlide,KnockOff,DragonDance,Protect|Jolly||M|||50|]Excadrill||FocusSash|SandRush|RockSlide,Earthquake,IronHead,Protect|Jolly||M|||50|]Rotom-Wash||Leftovers|Levitate|Discharge,Thunderbolt,WillOWisp,Protect|Modest|||||50|]Vivillon-Sandstorm||ChoiceScarf|CompoundEyes|SleepPowder,Hurricane,PollenPuff,Tailwind|Timid||F|||50|]Grimmsnarl||LightClay|Prankster|SpiritBreak,Reflect,LightScreen,PartingShot|Careful||M|||50|
|inactive|Battle timer is ON: inactive players will automatically lose when time's up. (requested by brodiewhat)
|inactiveoff|Battle timer is now OFF.
|j| delio26
|j| My Jaronas
|c| My Jaronas|Most gay squad ever.
|c|â˜†brodiewhat|who's
|
|t:|1784660520
|teamsize|p1|4
|teamsize|p2|4
|start
|switch|p1a: Whimsicott|Whimsicott, L50, M|100/100
|switch|p1b: Malamar|Malamar, L50, F|100/100
|switch|p2a: Rotom|Rotom-Wash, L50, shiny|100/100
|switch|p2b: Vivillon|Vivillon-Sandstorm, L50, F, shiny|100/100
|turn|1
|c| My Jaronas|His.
|
|t:|1784660547
|switch|p1b: Incineroar|Incineroar, L50, M|100/100
|-ability|p1b: Incineroar|Intimidate|boost
|-unboost|p2a: Rotom|atk|1
|-unboost|p2b: Vivillon|atk|1
|move|p1a: Whimsicott|Light Screen|p1a: Whimsicott
|-sidestart|p1: brodiewhat|move: Light Screen
|move|p2b: Vivillon|Pollen Puff|p1b: Incineroar
|-damage|p1b: Incineroar|78/100
|move|p2a: Rotom|Thunderbolt|p1b: Incineroar
|-damage|p1b: Incineroar|51/100
|-status|p1b: Incineroar|par
|
|upkeep
|turn|2
|
|t:|1784660570
|switch|p2b: Tyranitar|Tyranitar, L50, M, shiny|100/100
|-weather|Sandstorm|[from] ability: Sand Stream|[of] p2b: Tyranitar
|move|p2a: Rotom|Will-O-Wisp|p1a: Whimsicott
|-status|p1a: Whimsicott|brn
|move|p1a: Whimsicott|Moonblast|p2a: Rotom
|-damage|p2a: Rotom|57/100
|cant|p1b: Incineroar|par
|
|-weather|Sandstorm|[upkeep]
|-damage|p2a: Rotom|51/100|[from] Sandstorm
|-damage|p1a: Whimsicott|94/100 brn|[from] Sandstorm
|-damage|p1b: Incineroar|46/100 par|[from] Sandstorm
|-heal|p2a: Rotom|57/100|[from] item: Leftovers
|-damage|p1a: Whimsicott|88/100 brn|[from] brn
|upkeep
|turn|3
|c|â˜†brodiewhat|ofc
|c|â˜†brodiewhat|i double targeted the rotom
|c|â˜†brodiewhat|fakin kid
|
|t:|1784660601
|detailschange|p2b: Tyranitar|Tyranitar-Mega, L50, M, shiny
|-mega|p2b: Tyranitar|Tyranitar|Tyranitarite
|move|p1a: Whimsicott|Encore|p2a: Rotom
|-start|p2a: Rotom|Encore
|move|p2b: Tyranitar|Rock Slide|p1a: Whimsicott|[spread] p1a,p1b
|-supereffective|p1b: Incineroar|1
|-damage|p1a: Whimsicott|43/100 brn
|-damage|p1b: Incineroar|0 fnt
|faint|p1b: Incineroar
|move|p2a: Rotom|Will-O-Wisp|p1a: Whimsicott
|-fail|p1a: Whimsicott|brn
|
|-weather|Sandstorm|[upkeep]
|-damage|p2a: Rotom|51/100|[from] Sandstorm
|-damage|p1a: Whimsicott|37/100 brn|[from] Sandstorm
|-heal|p2a: Rotom|57/100|[from] item: Leftovers
|-damage|p1a: Whimsicott|31/100 brn|[from] brn
|upkeep
|
|t:|1784660613
|switch|p1b: Blastoise|Blastoise, L50, F|100/100
|turn|4
|
|t:|1784660630
|switch|p2a: Grimmsnarl|Grimmsnarl, L50, M, shiny|100/100
|move|p2b: Tyranitar|Protect|p2b: Tyranitar
|-singleturn|p2b: Tyranitar|Protect
|move|p1b: Blastoise|Muddy Water|p2b: Tyranitar|[spread] p2a
|-activate|p2b: Tyranitar|move: Protect
|-damage|p2a: Grimmsnarl|71/100
|-unboost|p2a: Grimmsnarl|accuracy|1
|move|p1a: Whimsicott|Grass Knot|p2b: Tyranitar
|-activate|p2b: Tyranitar|move: Protect
|
|-weather|Sandstorm|[upkeep]
|-damage|p1b: Blastoise|94/100|[from] Sandstorm
|-damage|p2a: Grimmsnarl|65/100|[from] Sandstorm
|-damage|p1a: Whimsicott|25/100 brn|[from] Sandstorm
|-damage|p1a: Whimsicott|19/100 brn|[from] brn
|upkeep
|turn|5
|
|t:|1784660677
|move|p2a: Grimmsnarl|Light Screen|p2a: Grimmsnarl
|-sidestart|p2: Someoneofficial|move: Light Screen
|move|p2b: Tyranitar|Knock Off|p1b: Blastoise
|-damage|p1b: Blastoise|37/100
|-enditem|p1b: Blastoise|Mystic Water|[from] move: Knock Off|[of] p2b: Tyranitar
|move|p1b: Blastoise|Muddy Water|p2b: Tyranitar|[spread] p2a,p2b
|-supereffective|p2b: Tyranitar|1
|-damage|p2a: Grimmsnarl|46/100
|-damage|p2b: Tyranitar|79/100
|move|p1a: Whimsicott|Moonblast|p2a: Grimmsnarl
|-supereffective|p2a: Grimmsnarl|1
|-damage|p2a: Grimmsnarl|0 fnt
|faint|p2a: Grimmsnarl
|
|-weather|Sandstorm|[upkeep]
|-damage|p1b: Blastoise|31/100|[from] Sandstorm
|-damage|p1a: Whimsicott|13/100 brn|[from] Sandstorm
|-damage|p1a: Whimsicott|7/100 brn|[from] brn
|-sideend|p1: brodiewhat|move: Light Screen
|upkeep
|
|t:|1784660691
|switch|p2a: Rotom|Rotom-Wash, L50, shiny|57/100
|turn|6
|
|t:|1784660700
|move|p2b: Tyranitar|Protect|p2b: Tyranitar
|-singleturn|p2b: Tyranitar|Protect
|move|p1a: Whimsicott|Light Screen|p1a: Whimsicott
|-sidestart|p1: brodiewhat|move: Light Screen
|move|p2a: Rotom|Discharge|p1a: Whimsicott|[spread] p1a,p1b
|-activate|p2b: Tyranitar|move: Protect
|-resisted|p1a: Whimsicott|1
|-supereffective|p1b: Blastoise|1
|-damage|p1a: Whimsicott|0 fnt
|-damage|p1b: Blastoise|0 fnt
|faint|p1a: Whimsicott
|faint|p1b: Blastoise
|
|-weather|none
|-heal|p2a: Rotom|62/100|[from] item: Leftovers
|upkeep
|
|t:|1784660707
|switch|p1b: Malamar|Malamar, L50, F|100/100
|turn|7
|
|t:|1784660717
|detailschange|p1b: Malamar|Malamar-Mega, L50, F
|-mega|p1b: Malamar|Malamar|Malamarite
|move|p2b: Tyranitar|Knock Off|p1b: Malamar
|-damage|p1b: Malamar|64/100
|move|p2a: Rotom|Will-O-Wisp|p1b: Malamar|[miss]
|-miss|p2a: Rotom|p1b: Malamar
|move|p1b: Malamar|Superpower|p2b: Tyranitar
|-supereffective|p2b: Tyranitar|2
|-damage|p2b: Tyranitar|0 fnt
|-boost|p1b: Malamar|atk|1
|-boost|p1b: Malamar|def|1
|faint|p2b: Tyranitar
|
|-heal|p2a: Rotom|68/100|[from] item: Leftovers
|upkeep
|
|t:|1784660723
|switch|p2b: Vivillon|Vivillon-Sandstorm, L50, F, shiny|100/100
|turn|8
|
|t:|1784660734
|move|p2b: Vivillon|Sleep Powder|p1b: Malamar
|-status|p1b: Malamar|slp|[from] move: Sleep Powder
|move|p2a: Rotom|Thunderbolt|p1b: Malamar
|-damage|p1b: Malamar|39/100 slp
|cant|p1b: Malamar|slp
|
|-heal|p2a: Rotom|74/100|[from] item: Leftovers
|upkeep
|turn|9
|
|t:|1784660742
|move|p2b: Vivillon|Sleep Powder|p1b: Malamar
|-fail|p1b: Malamar|slp
|move|p2a: Rotom|Thunderbolt|p1b: Malamar
|-damage|p1b: Malamar|13/100 slp
|cant|p1b: Malamar|slp
|
|-heal|p2a: Rotom|80/100|[from] item: Leftovers
|upkeep
|turn|10
|
|t:|1784660750
|move|p2b: Vivillon|Sleep Powder|p1b: Malamar
|-fail|p1b: Malamar|slp
|move|p2a: Rotom|Thunderbolt|p1b: Malamar
|-damage|p1b: Malamar|0 fnt
|faint|p1b: Malamar
|
|win|Someoneofficial
||brodiewhat is ready for game 2.
||Someoneofficial is ready for game 2.
|uhtml|next|Next: Game 2 of 3
|j| Zetchup21man
|l| delio26
|l| Zetchup21man
