|j|☆mortajo
|j|☆MrPhoenixGC
|html|mortajoMrPhoenixGC    
|uhtml|bestof|Game 1 of a best-of-3
|t:|1783466710
|gametype|doubles
|player|p1|mortajo|benga|1128
|player|p2|MrPhoenixGC|steven|1131
|gen|9
|tier|[Gen 9 Champions] VGC 2026 Reg M-B (Bo3)
|rated|
|rule|Species Clause: Limit one of each Pokémon
|rule|Item Clause: Limit 1 of each item
|clearpoke
|poke|p1|Garchomp, L50, F, shiny|
|poke|p1|Whimsicott, L50, F, shiny|
|poke|p1|Empoleon, L50, F, shiny|
|poke|p1|Tyranitar, L50, F, shiny|
|poke|p1|Corviknight, L50, M, shiny|
|poke|p1|Sinistcha-Masterpiece, L50, shiny|
|poke|p2|Aerodactyl, L50, F|
|poke|p2|Garchomp, L50, M|
|poke|p2|Kingambit, L50, M|
|poke|p2|Charizard, L50, F|
|poke|p2|Sylveon, L50, F|
|poke|p2|Farigiraf, L50, M|
|teampreview|4
|showteam|p1|Garchomp||Garchompite|RoughSkin|Earthquake,Protect,RockSlide,IronHead|Adamant||F|||50|]Whimsicott||FocusSash|Prankster|Tailwind,Moonblast,Encore,CottonSpore|Bold||F|||50|]Empoleon||LifeOrb|Competitive|IcyWind,FlashCannon,Protect,WeatherBall|Modest||F|||50|]Tyranitar||SmoothRock|SandStream|KnockOff,Earthquake,Protect,IcyWind|Adamant||F|||50|]Corviknight||Leftovers|Pressure|Tailwind,BraveBird,IronDefense,BodyPress|Calm||M|||50|]Sinistcha-Masterpiece||SitrusBerry|Hospitality|Protect,MatchaGotcha,ShadowBall,RagePowder|Bold|||||50|
|showteam|p2|Aerodactyl||Aerodactylite|Unnerve|IceFang,RockSlide,Tailwind,DualWingbeat|Jolly||F|||50|]Garchomp||LifeOrb|RoughSkin|DragonClaw,StompingTantrum,Earthquake,Protect|Jolly||M|||50|]Kingambit||FocusSash|Defiant|SuckerPunch,KowtowCleave,IronHead,LowKick|Adamant||M|||50|]Charizard||CharizarditeY|SolarPower|Protect,WeatherBall,HeatWave,SolarBeam|Modest||F|||50|]Sylveon||FairyFeather|Pixilate|Protect,HyperVoice,HyperBeam,QuickAttack|Modest||F|||50|]Farigiraf||SitrusBerry|ArmorTail|TrickRoom,Thunderbolt,Roar,TwinBeam|Bold||M|||50|
|inactive|Battle timer is ON: inactive players will automatically lose when time's up. (requested by mortajo)
|
|t:|1783466756
|teamsize|p1|4
|teamsize|p2|4
|start
|switch|p1a: Garchomp|Garchomp, L50, F, shiny|100/100
|switch|p1b: Tyranitar|Tyranitar, L50, F, shiny|100/100
|switch|p2a: Garchomp|Garchomp, L50, M|100/100
|switch|p2b: Sylveon|Sylveon, L50, F|100/100
|-weather|Sandstorm|[from] ability: Sand Stream|[of] p1b: Tyranitar
|turn|1
|inactive|MrPhoenixGC has 30 seconds left.
|
|t:|1783466786
|move|p2a: Garchomp|Protect|p2a: Garchomp
|-singleturn|p2a: Garchomp|Protect
|move|p1a: Garchomp|Protect|p1a: Garchomp
|-singleturn|p1a: Garchomp|Protect
|move|p1b: Tyranitar|Icy Wind|p2b: Sylveon|[spread] p2b
|-activate|p2a: Garchomp|move: Protect
|-damage|p2b: Sylveon|93/100
|-unboost|p2b: Sylveon|spe|1
|move|p2b: Sylveon|Hyper Voice|p1a: Garchomp|[spread] p1b
|-activate|p1a: Garchomp|move: Protect
|-supereffective|p1b: Tyranitar|1
|-damage|p1b: Tyranitar|49/100
|
|-weather|Sandstorm|[upkeep]
|-damage|p2b: Sylveon|87/100|[from] Sandstorm
|upkeep
|turn|2
|
|t:|1783466803
|switch|p2a: Farigiraf|Farigiraf, L50, M|100/100
|detailschange|p1a: Garchomp|Garchomp-Mega, L50, F, shiny
|-mega|p1a: Garchomp|Garchomp|Garchompite
|move|p1a: Garchomp|Iron Head|p2b: Sylveon
|-supereffective|p2b: Sylveon|1
|-damage|p2b: Sylveon|0 fnt
|faint|p2b: Sylveon
|move|p1b: Tyranitar|Icy Wind|p2a: Farigiraf
|-damage|p2a: Farigiraf|90/100
|-unboost|p2a: Farigiraf|spe|1
|
|-weather|Sandstorm|[upkeep]
|-damage|p2a: Farigiraf|84/100|[from] Sandstorm
|upkeep
|
|t:|1783466820
|switch|p2b: Garchomp|Garchomp, L50, M|100/100
|turn|3
|inactive|MrPhoenixGC has 30 seconds left.
|inactive|MrPhoenixGC has 20 seconds left.
|
|t:|1783466855
|move|p2b: Garchomp|Dragon Claw|p1a: Garchomp
|-supereffective|p1a: Garchomp|1
|-damage|p1a: Garchomp|5/100
|-damage|p2b: Garchomp|90/100|[from] item: Life Orb
|move|p1a: Garchomp|Rock Slide|p2b: Garchomp|[spread] p2a,p2b
|-resisted|p2b: Garchomp|1
|-damage|p2a: Farigiraf|57/100
|-damage|p2b: Garchomp|73/100
|move|p1b: Tyranitar|Knock Off|p2a: Farigiraf
|-supereffective|p2a: Farigiraf|1
|-damage|p2a: Farigiraf|0 fnt
|-enditem|p2a: Farigiraf|Sitrus Berry|[from] move: Knock Off|[of] p1b: Tyranitar
|faint|p2a: Farigiraf
|
|-weather|Sandstorm|[upkeep]
|upkeep
|
|t:|1783466868
|switch|p2a: Charizard|Charizard, L50, F|100/100
|turn|4
|
|t:|1783466876
|move|p1a: Garchomp|Protect|p1a: Garchomp
|-singleturn|p1a: Garchomp|Protect
|move|p2a: Charizard|Protect|p2a: Charizard
|-singleturn|p2a: Charizard|Protect
|move|p2b: Garchomp|Earthquake|p1b: Tyranitar|[spread] p1b
|-activate|p2a: Charizard|move: Protect
|-activate|p1a: Garchomp|move: Protect
|-supereffective|p1b: Tyranitar|1
|-damage|p1b: Tyranitar|0 fnt
|faint|p1b: Tyranitar
|-damage|p2b: Garchomp|63/100|[from] item: Life Orb
|
|-weather|Sandstorm|[upkeep]
|-damage|p2a: Charizard|94/100|[from] Sandstorm
|upkeep
|
|t:|1783466890
|switch|p1b: Sinistcha|Sinistcha-Masterpiece, L50, shiny|100/100
|-heal|p1a: Garchomp|30/100|[from] ability: Hospitality|[of] p1b: Sinistcha
|turn|5
|c|☆mortajo|gg
|
|t:|1783466921
|switch|p1a: Empoleon|Empoleon, L50, F, shiny|100/100
|detailschange|p2a: Charizard|Charizard-Mega-Y, L50, F
|-mega|p2a: Charizard|Charizard|Charizardite Y
|-weather|SunnyDay|[from] ability: Drought|[of] p2a: Charizard
|move|p1b: Sinistcha|Protect|p1b: Sinistcha
|-singleturn|p1b: Sinistcha|Protect
|move|p2b: Garchomp|Earthquake|p1b: Sinistcha|[spread] p1a
|-activate|p1b: Sinistcha|move: Protect
|-immune|p2a: Charizard
|-supereffective|p1a: Empoleon|1
|-crit|p1a: Empoleon
|-damage|p1a: Empoleon|0 fnt
|faint|p1a: Empoleon
|-damage|p2b: Garchomp|53/100|[from] item: Life Orb
|move|p2a: Charizard|Heat Wave|p1b: Sinistcha
|-activate|p1b: Sinistcha|move: Protect
|
|-weather|SunnyDay|[upkeep]
|upkeep
|
|t:|1783466925
|switch|p1a: Garchomp|Garchomp-Mega, L50, F, shiny|30/100
|turn|6
|inactive|MrPhoenixGC has 30 seconds left.
|
|t:|1783466956
|move|p1b: Sinistcha|Rage Powder|p1b: Sinistcha
|-singleturn|p1b: Sinistcha|move: Rage Powder
|move|p2b: Garchomp|Earthquake|p1a: Garchomp|[spread] p1a,p1b
|-immune|p2a: Charizard
|-resisted|p1b: Sinistcha|1
|-damage|p1a: Garchomp|0 fnt
|-damage|p1b: Sinistcha|80/100
|faint|p1a: Garchomp
|-damage|p2b: Garchomp|43/100|[from] item: Life Orb
|move|p2a: Charizard|Heat Wave|p1b: Sinistcha
|-supereffective|p1b: Sinistcha|1
|-damage|p1b: Sinistcha|0 fnt
|faint|p1b: Sinistcha
|
|win|MrPhoenixGC
||mortajo is ready for game 2.
|inactive|MrPhoenixGC has 30 seconds to confirm battle start!
||MrPhoenixGC is ready for game 2.
|uhtml|next|Next: Game 2 of 3
