|j|☆iowe2cents
|j|☆A_TerroneVGC
|html|iowe2centsA_TerroneVGC    
|uhtml|bestof|Game 2 of a best-of-3
|t:|1756235617
|gametype|doubles
|player|p1|iowe2cents|102|1025
|player|p2|A_TerroneVGC|101|1149
|gen|9
|tier|[Gen 9] VGC 2025 Reg H (Bo3)
|rated|
|rule|Species Clause: Limit one of each Pokémon
|rule|Item Clause: Limit 1 of each item
|clearpoke
|poke|p1|Typhlosion-Hisui, L50, F|
|poke|p1|Ninetales, L50, F|
|poke|p1|Weezing-Galar, L50, F|
|poke|p1|Garchomp, L50, M|
|poke|p1|Sneasler, L50, F|
|poke|p1|Illumise, L50, F|
|poke|p2|Basculegion, L50, M|
|poke|p2|Archaludon, L50, M|
|poke|p2|Kingambit, L50, M|
|poke|p2|Rillaboom, L50, M|
|poke|p2|Pelipper, L50, M|
|poke|p2|Electabuzz, L50, M|
|teampreview|4
|showteam|p1|Typhlosion-Hisui||ChoiceScarf|Blaze|Eruption,ShadowBall,HeatWave,Flamethrower|||F|||50|,,,,,Fire]Ninetales||EjectPack|Drought|Overheat,Encore,Protect,WillOWisp|||F|||50|,,,,,Fire]Weezing-Galar||CovertCloak|NeutralizingGas|Protect,Taunt,WillOWisp,StrangeSteam|||F|||50|,,,,,Water]Garchomp||LifeOrb|RoughSkin|StompingTantrum,Earthquake,Protect,DragonClaw|||M|||50|,,,,,Ground]Sneasler||FocusSash|PoisonTouch|DireClaw,CloseCombat,FakeOut,Protect|||F|||50|,,,,,Ghost]Illumise||AbilityShield|Prankster|Tailwind,Encore,ThunderWave,FakeTears|||F|||50|,,,,,Dark
|showteam|p2|Basculegion||ChoiceBand|SwiftSwim|WaveCrash,LastRespects,FlipTurn,AquaJet|||M|||50|,,,,,Grass]Archaludon||AssaultVest|Stamina|FlashCannon,DracoMeteor,ElectroShot,BodyPress|||M|||50|,,,,,Fairy]Kingambit||BlackGlasses|Defiant|KowtowCleave,SuckerPunch,SwordsDance,Protect|||M|||50|,,,,,Dark]Rillaboom||LoadedDice|GrassySurge|BulletSeed,GrassyGlide,HighHorsepower,FakeOut|||M|||50|,,,,,Fire]Pelipper||FocusSash|Drizzle|WeatherBall,Hurricane,Tailwind,Protect|||M|||50|,,,,,Ghost]Electabuzz||Eviolite|VitalSpirit|Electroweb,Taunt,FollowMe,Protect|||M|||50|,,,,,Ghost
|inactive|Battle timer is ON: inactive players will automatically lose when time's up. (requested by iowe2cents)
|inactive|A_TerroneVGC has 60 seconds left.
|
|t:|1756235651
|teamsize|p1|4
|teamsize|p2|4
|start
|switch|p1a: Typhlosion|Typhlosion-Hisui, L50, F|100/100
|switch|p1b: Sneasler|Sneasler, L50, F, shiny|100/100
|switch|p2a: Rillaboom|Rillaboom, L50, M|100/100
|switch|p2b: Archaludon|Archaludon, L50, M|100/100
|-fieldstart|move: Grassy Terrain|[from] ability: Grassy Surge|[of] p2a: Rillaboom
|turn|1
|inactive|iowe2cents has 30 seconds left.
|
|t:|1756235680
|switch|p1a: Ninetales|Ninetales, L50, F|100/100
|-weather|SunnyDay|[from] ability: Drought|[of] p1a: Ninetales
|switch|p2b: Pelipper|Pelipper, L50, M|100/100
|-weather|RainDance|[from] ability: Drizzle|[of] p2b: Pelipper
|-terastallize|p2a: Rillaboom|Fire
|move|p1b: Sneasler|Fake Out|p2a: Rillaboom
|-damage|p2a: Rillaboom|88/100
|cant|p2a: Rillaboom|flinch
|
|-weather|RainDance|[upkeep]
|-heal|p2a: Rillaboom|94/100|[from] Grassy Terrain
|upkeep
|turn|2
|
|t:|1756235700
|move|p1a: Ninetales|Protect|p1a: Ninetales
|-singleturn|p1a: Ninetales|Protect
|move|p1b: Sneasler|Dire Claw|p2b: Pelipper
|-damage|p2b: Pelipper|48/100
|-status|p2b: Pelipper|psn
|move|p2a: Rillaboom|High Horsepower|p1a: Ninetales
|-activate|p1a: Ninetales|move: Protect
|move|p2b: Pelipper|Tailwind|p2b: Pelipper
|-sidestart|p2: A_TerroneVGC|move: Tailwind
|
|-weather|RainDance|[upkeep]
|-heal|p2a: Rillaboom|99/100|[from] Grassy Terrain
|-damage|p2b: Pelipper|35/100 psn|[from] psn
|upkeep
|turn|3
|inactive|iowe2cents has 30 seconds left.
|
|t:|1756235735
|switch|p2b: Archaludon|Archaludon, L50, M|100/100
|switch|p1a: Garchomp|Garchomp, L50, M, shiny|100/100
|move|p2a: Rillaboom|High Horsepower|p1a: Garchomp|[miss]
|-miss|p2a: Rillaboom|p1a: Garchomp
|move|p1b: Sneasler|Dire Claw|p2a: Rillaboom
|-damage|p2a: Rillaboom|61/100
|-status|p2a: Rillaboom|par
|
|-weather|RainDance|[upkeep]
|-heal|p2a: Rillaboom|67/100 par|[from] Grassy Terrain
|upkeep
|turn|4
|
|t:|1756235755
|switch|p1b: Ninetales|Ninetales, L50, F|100/100
|-weather|SunnyDay|[from] ability: Drought|[of] p1b: Ninetales
|-terastallize|p1a: Garchomp|Ground
|move|p2b: Archaludon|Draco Meteor|p1a: Garchomp
|-damage|p1a: Garchomp|40/100
|-unboost|p2b: Archaludon|spa|2
|move|p1a: Garchomp|Stomping Tantrum|p2b: Archaludon
|-supereffective|p2b: Archaludon
|-damage|p2b: Archaludon|9/100
|-ability|p2b: Archaludon|Stamina|boost
|-boost|p2b: Archaludon|def|1
|-damage|p1a: Garchomp|30/100|[from] item: Life Orb
|cant|p2a: Rillaboom|par
|
|-weather|SunnyDay|[upkeep]
|-heal|p2b: Archaludon|15/100|[from] Grassy Terrain
|-heal|p1a: Garchomp|36/100|[from] Grassy Terrain
|-heal|p2a: Rillaboom|73/100 par|[from] Grassy Terrain
|upkeep
|turn|5
|inactive|iowe2cents has 30 seconds left.
|inactive|A_TerroneVGC has 30 seconds left.
|inactive|iowe2cents has 20 seconds left.
|inactive|iowe2cents has 15 seconds left.
|
|t:|1756235796
|switch|p2a: Pelipper|Pelipper, L50, M|35/100 psn
|-weather|RainDance|[from] ability: Drizzle|[of] p2a: Pelipper
|move|p1a: Garchomp|Protect|p1a: Garchomp
|-singleturn|p1a: Garchomp|Protect
|move|p2b: Archaludon|Body Press|p1b: Ninetales
|-damage|p1b: Ninetales|56/100
|move|p1b: Ninetales|Overheat|p2b: Archaludon
|-damage|p2b: Archaludon|0 fnt
|-unboost|p1b: Ninetales|spa|2
|faint|p2b: Archaludon
|-enditem|p1b: Ninetales|Eject Pack
|
|t:|1756235809
|switch|p1b: Typhlosion|Typhlosion-Hisui, L50, F|100/100
|
|-weather|RainDance|[upkeep]
|-heal|p1a: Garchomp|42/100|[from] Grassy Terrain
|-damage|p2a: Pelipper|23/100 psn|[from] psn
|-sideend|p2: A_TerroneVGC|move: Tailwind
|-fieldend|move: Grassy Terrain
|upkeep
|
|t:|1756235815
|switch|p2b: Rillaboom|Rillaboom, L50, M, tera:Fire|73/100 par
|-fieldstart|move: Grassy Terrain|[from] ability: Grassy Surge|[of] p2b: Rillaboom
|turn|6
|
|t:|1756235834
|switch|p1a: Ninetales|Ninetales, L50, F|56/100
|-weather|SunnyDay|[from] ability: Drought|[of] p1a: Ninetales
|switch|p2a: Basculegion|Basculegion, L50, M|100/100
|move|p1b: Typhlosion|Eruption|p2b: Rillaboom|[spread] p2a,p2b
|-resisted|p2a: Basculegion
|-resisted|p2b: Rillaboom
|-damage|p2a: Basculegion|47/100
|-damage|p2b: Rillaboom|25/100 par
|move|p2b: Rillaboom|High Horsepower|p1b: Typhlosion
|-supereffective|p1b: Typhlosion
|-damage|p1b: Typhlosion|12/100
|
|-weather|SunnyDay|[upkeep]
|-heal|p1b: Typhlosion|18/100|[from] Grassy Terrain
|-heal|p1a: Ninetales|63/100|[from] Grassy Terrain
|-heal|p2a: Basculegion|53/100|[from] Grassy Terrain
|-heal|p2b: Rillaboom|31/100 par|[from] Grassy Terrain
|upkeep
|turn|7
|inactive|A_TerroneVGC has 30 seconds left.
|
|t:|1756235864
|move|p2b: Rillaboom|Grassy Glide|p1b: Typhlosion
|-resisted|p1b: Typhlosion
|-damage|p1b: Typhlosion|0 fnt
|faint|p1b: Typhlosion
|move|p1a: Ninetales|Will-O-Wisp|p2a: Basculegion
|-status|p2a: Basculegion|brn
|move|p2a: Basculegion|Flip Turn|p1a: Ninetales
|-supereffective|p1a: Ninetales
|-damage|p1a: Ninetales|35/100
|
|t:|1756235875
|switch|p2a: Pelipper|Pelipper, L50, M|23/100 psn|[from] Flip Turn
|-weather|RainDance|[from] ability: Drizzle|[of] p2a: Pelipper
|
|-weather|RainDance|[upkeep]
|-heal|p1a: Ninetales|41/100|[from] Grassy Terrain
|-heal|p2b: Rillaboom|37/100 par|[from] Grassy Terrain
|-damage|p2a: Pelipper|10/100 psn|[from] psn
|upkeep
|
|t:|1756235889
|switch|p1b: Sneasler|Sneasler, L50, F, shiny|100/100
|turn|8
|inactive|iowe2cents has 30 seconds left.
|inactive|iowe2cents has 20 seconds left.
|
|t:|1756235925
|switch|p2a: Basculegion|Basculegion, L50, M|53/100 brn
|move|p1a: Ninetales|Protect|p1a: Ninetales
|-singleturn|p1a: Ninetales|Protect
|move|p1b: Sneasler|Fake Out|p2b: Rillaboom
|-damage|p2b: Rillaboom|22/100 par
|cant|p2b: Rillaboom|flinch
|
|-weather|RainDance|[upkeep]
|-heal|p2a: Basculegion|59/100 brn|[from] Grassy Terrain
|-heal|p1a: Ninetales|47/100|[from] Grassy Terrain
|-heal|p2b: Rillaboom|28/100 par|[from] Grassy Terrain
|-damage|p2a: Basculegion|53/100 brn|[from] brn
|upkeep
|turn|9
|inactive|iowe2cents has 30 seconds left.
|
|t:|1756235951
|switch|p1a: Garchomp|Garchomp, L50, M, shiny, tera:Ground|42/100
|move|p2b: Rillaboom|Grassy Glide|p1b: Sneasler
|-resisted|p1b: Sneasler
|-damage|p1b: Sneasler|68/100
|move|p2a: Basculegion|Flip Turn|p1a: Garchomp
|-supereffective|p1a: Garchomp
|-damage|p1a: Garchomp|0 fnt
|-damage|p2a: Basculegion|40/100 brn|[from] ability: Rough Skin|[of] p1a: Garchomp
|faint|p1a: Garchomp
|
|t:|1756235962
|switch|p2a: Pelipper|Pelipper, L50, M|10/100 psn|[from] Flip Turn
|move|p1b: Sneasler|Dire Claw|p2a: Pelipper
|-damage|p2a: Pelipper|0 fnt
|faint|p2a: Pelipper
|
|-weather|RainDance|[upkeep]
|-heal|p1b: Sneasler|74/100|[from] Grassy Terrain
|-heal|p2b: Rillaboom|34/100 par|[from] Grassy Terrain
|upkeep
|
|t:|1756235971
|switch|p1a: Ninetales|Ninetales, L50, F|47/100
|switch|p2a: Basculegion|Basculegion, L50, M|40/100 brn
|-weather|SunnyDay|[from] ability: Drought|[of] p1a: Ninetales
|turn|10
|
|t:|1756235993
|move|p1b: Sneasler|Protect|p1b: Sneasler
|-singleturn|p1b: Sneasler|Protect
|move|p1a: Ninetales|Protect|p1a: Ninetales
|-singleturn|p1a: Ninetales|Protect
|move|p2a: Basculegion|Last Respects|p1a: Ninetales
|-activate|p1a: Ninetales|move: Protect
|move|p2b: Rillaboom|High Horsepower|p1b: Sneasler
|-activate|p1b: Sneasler|move: Protect
|
|-weather|SunnyDay|[upkeep]
|-heal|p1b: Sneasler|79/100|[from] Grassy Terrain
|-heal|p1a: Ninetales|54/100|[from] Grassy Terrain
|-heal|p2a: Basculegion|47/100 brn|[from] Grassy Terrain
|-heal|p2b: Rillaboom|40/100 par|[from] Grassy Terrain
|-damage|p2a: Basculegion|40/100 brn|[from] brn
|-fieldend|move: Grassy Terrain
|upkeep
|turn|11
|
|t:|1756236013
|move|p1b: Sneasler|Close Combat|p2b: Rillaboom
|-damage|p2b: Rillaboom|0 fnt
|-unboost|p1b: Sneasler|def|1
|-unboost|p1b: Sneasler|spd|1
|faint|p2b: Rillaboom
|move|p1a: Ninetales|Overheat|p2a: Basculegion
|-resisted|p2a: Basculegion
|-damage|p2a: Basculegion|8/100 brn
|-unboost|p1a: Ninetales|spa|2
|move|p2a: Basculegion|Last Respects|p1a: Ninetales
|-damage|p1a: Ninetales|0 fnt
|faint|p1a: Ninetales
|
|-weather|SunnyDay|[upkeep]
|-damage|p2a: Basculegion|2/100 brn|[from] brn
|upkeep
|turn|12
|
|t:|1756236028
|move|p1b: Sneasler|Protect|p1b: Sneasler
|-singleturn|p1b: Sneasler|Protect
|move|p2a: Basculegion|Last Respects|p1b: Sneasler
|-activate|p1b: Sneasler|move: Protect
|
|-weather|SunnyDay|[upkeep]
|-damage|p2a: Basculegion|0 fnt|[from] brn
|faint|p2a: Basculegion
|
|win|iowe2cents
|raw|iowe2cents's rating: 1059 → 1098(+39 for winning)
|raw|A_TerroneVGC's rating: 1149 → 1118(-31 for losing)
