|j|☆sylv36
|j|☆josius111
|html|sylv36josius111    
|uhtml|bestof|Game 3 of a best-of-3
|t:|1785708623
|gametype|doubles
|player|p1|sylv36|265|1044
|player|p2|josius111|2|1076
|gen|9
|tier|[Gen 9 Champions] VGC 2026 Reg M-B (Bo3)
|rated|
|rule|Species Clause: Limit one of each Pokémon
|rule|Item Clause: Limit 1 of each item
|clearpoke
|poke|p1|Lopunny, L50, F|
|poke|p1|Incineroar, L50, F|
|poke|p1|Palafin, L50, M|
|poke|p1|Sneasler, L50, M|
|poke|p1|Scizor, L50, M|
|poke|p1|Ninetales-Alola, L50, F|
|poke|p2|Typhlosion-Hisui, L50, F|
|poke|p2|Sneasler, L50, F|
|poke|p2|Tsareena, L50, F|
|poke|p2|Aerodactyl, L50, F|
|poke|p2|Blastoise, L50, F|
|poke|p2|Excadrill, L50, M|
|teampreview|4
|showteam|p1|Lopunny||Lopunnite|CuteCharm|FakeOut,Uturn,CloseCombat,Substitute|Adamant||F|||50|]Incineroar||SitrusBerry|Intimidate|FakeOut,PartingShot,ThroatChop,FlareBlitz|Brave||F|||50|]Palafin||MysticWater|ZerotoHero|FlipTurn,WaveCrash,JetPunch,CloseCombat|Adamant||M|||50|]Sneasler||MuscleBand|PoisonTouch|Uturn,CloseCombat,FakeOut,DireClaw|Jolly||M|||50|]Scizor||Scizorite|Technician|Uturn,BulletPunch,SwordsDance,DualWingbeat|Brave||M|||50|]Ninetales-Alola||KingsRock|SnowWarning|AuroraVeil,Blizzard,PainSplit,Moonblast|Timid||F|||50|
|showteam|p2|Typhlosion-Hisui||ChoiceScarf|Frisk|HeatWave,ShadowBall,Overheat,Eruption|Timid||F|||50|]Sneasler||WhiteHerb|Unburden|Coaching,CloseCombat,FakeOut,DireClaw|Adamant||F|||50|]Tsareena||MiracleSeed|QueenlyMajesty|Protect,TropKick,LowKick,TripleAxel|Adamant||F|||50|]Aerodactyl||FocusSash|Unnerve|Protect,RockSlide,Tailwind,DualWingbeat|Jolly||F|||50|]Blastoise||Blastoisinite|RainDish|Protect,DarkPulse,WaterSpout,AuraSphere|Modest||F|||50|]Excadrill||Excadrite|MoldBreaker|Protect,IronHead,RockSlide,HighHorsepower|Jolly||M|||50|
|
|t:|1785708661
|teamsize|p1|4
|teamsize|p2|4
|start
|switch|p1a: Palafin|Palafin, L50, M|100/100
|switch|p1b: Sneasler|Sneasler, L50, M|100/100
|switch|p2a: Blastoise|Blastoise, L50, F|100/100
|switch|p2b: Typhlosion|Typhlosion-Hisui, L50, F|100/100
|-item|p1a: Palafin|Mystic Water|[from] ability: Frisk|[of] p2b: Typhlosion
|-item|p1b: Sneasler|Muscle Band|[from] ability: Frisk|[of] p2b: Typhlosion
|turn|1
|
|t:|1785708677
|switch|p2a: Aerodactyl|Aerodactyl, L50, F|100/100
|-ability|p2a: Aerodactyl|Unnerve
|move|p1b: Sneasler|Fake Out|p2a: Aerodactyl
|-resisted|p2a: Aerodactyl|1
|-damage|p2a: Aerodactyl|87/100
|move|p2b: Typhlosion|Shadow Ball|p1a: Palafin
|-damage|p1a: Palafin|53/100
|move|p1a: Palafin|Flip Turn|p2b: Typhlosion
|-supereffective|p2b: Typhlosion|1
|-damage|p2b: Typhlosion|23/100
|
|t:|1785708710
|detailschange|p1a: Palafin|Palafin-Hero, L50, M
|switch|p1a: Scizor|Scizor, L50, M|100/100|[from] Flip Turn
|
|upkeep
|turn|2
|
|t:|1785708737
|detailschange|p1a: Scizor|Scizor-Mega, L50, M
|-mega|p1a: Scizor|Scizor|Scizorite
|move|p1a: Scizor|Bullet Punch|p2b: Typhlosion
|-resisted|p2b: Typhlosion|1
|-damage|p2b: Typhlosion|0 fnt
|faint|p2b: Typhlosion
|move|p2a: Aerodactyl|Tailwind|p2a: Aerodactyl
|-sidestart|p2: josius111|move: Tailwind
|move|p1b: Sneasler|Close Combat|p2a: Aerodactyl
|-damage|p2a: Aerodactyl|0 fnt
|-unboost|p1b: Sneasler|def|1
|-unboost|p1b: Sneasler|spd|1
|faint|p2a: Aerodactyl
|
|upkeep
|
|t:|1785708743
|switch|p2a: Blastoise|Blastoise, L50, F|100/100
|switch|p2b: Sneasler|Sneasler, L50, F|100/100
|turn|3
|
|t:|1785708754
|detailschange|p2a: Blastoise|Blastoise-Mega, L50, F
|-mega|p2a: Blastoise|Blastoise|Blastoisinite
|move|p2b: Sneasler|Coaching|p2a: Blastoise
|-boost|p2a: Blastoise|atk|1
|-boost|p2a: Blastoise|def|1
|move|p2a: Blastoise|Water Spout|p1b: Sneasler|[spread] p1a,p1b
|-damage|p1a: Scizor|22/100
|-damage|p1b: Sneasler|0 fnt
|faint|p1b: Sneasler
|move|p1a: Scizor|Dual Wingbeat|p2b: Sneasler
|-supereffective|p2b: Sneasler|1
|-damage|p2b: Sneasler|15/100
|-supereffective|p2b: Sneasler|1
|-damage|p2b: Sneasler|0 fnt
|faint|p2b: Sneasler
|-hitcount|p2: Sneasler|2
|
|upkeep
|
|t:|1785708767
|switch|p1b: Palafin|Palafin-Hero, L50, M|53/100
|-activate|p1b: Palafin|ability: Zero to Hero
|turn|4
|
|t:|1785708814
|move|p2a: Blastoise|Dark Pulse|p1b: Palafin
|-damage|p1b: Palafin|5/100
|cant|p1b: Palafin|flinch
|move|p1a: Scizor|U-turn|p2a: Blastoise
|-damage|p2a: Blastoise|75/100
|
|t:|1785708818
|switch|p1a: Ninetales|Ninetales-Alola, L50, F|100/100|[from] U-turn
|-weather|Snowscape|[from] ability: Snow Warning|[of] p1a: Ninetales
|
|-weather|Snowscape|[upkeep]
|upkeep
|turn|5
|
|t:|1785708839
|move|p2a: Blastoise|Water Spout|p1a: Ninetales|[spread] p1a,p1b
|-resisted|p1b: Palafin|1
|-damage|p1a: Ninetales|41/100
|-damage|p1b: Palafin|0 fnt
|faint|p1b: Palafin
|move|p1a: Ninetales|Pain Split|p1: Palafin|[notarget]
|-fail|p1a: Ninetales
|
|-weather|Snowscape|[upkeep]
|-sideend|p2: josius111|move: Tailwind
|upkeep
|
|t:|1785708842
|switch|p1b: Scizor|Scizor-Mega, L50, M|22/100
|turn|6
|
|t:|1785708854
|move|p1a: Ninetales|Pain Split|p2a: Blastoise
|-sethp|p2a: Blastoise|54/100|[from] move: Pain Split|[silent]
|-sethp|p1a: Ninetales|67/100|[from] move: Pain Split
|move|p2a: Blastoise|Water Spout|p1a: Ninetales|[spread] p1a,p1b
|-damage|p1a: Ninetales|23/100
|-damage|p1b: Scizor|0 fnt
|faint|p1b: Scizor
|
|-weather|Snowscape|[upkeep]
|upkeep
|turn|7
|
|t:|1785708862
|move|p1a: Ninetales|Pain Split|p2a: Blastoise
|-sethp|p2a: Blastoise|36/100|[from] move: Pain Split|[silent]
|-sethp|p1a: Ninetales|45/100|[from] move: Pain Split
|move|p2a: Blastoise|Aura Sphere|p1a: Ninetales
|-damage|p1a: Ninetales|0 fnt
|faint|p1a: Ninetales
|
|win|josius111
|raw|sylv36's rating: 1044 → 1029(-15 for losing)
|raw|josius111's rating: 1076 → 1102(+26 for winning)
