|j|☆sparekrow
|j|☆ming0mang0
|html|sparekrowming0mang0    
|uhtml|bestof|Game 1 of a best-of-3
|t:|1757108341
|gametype|doubles
|player|p1|sparekrow|169|1069
|player|p2|ming0mang0|harlequin|1121
|gen|9
|tier|[Gen 9] VGC 2025 Reg H (Bo3)
|rated|
|rule|Species Clause: Limit one of each Pokémon
|rule|Item Clause: Limit 1 of each item
|clearpoke
|poke|p1|Politoed, L50, M|
|poke|p1|Gothitelle, L50, F|
|poke|p1|Incineroar, L50, M|
|poke|p1|Amoonguss, L50, M|
|poke|p1|Kingdra, L50, F|
|poke|p1|Archaludon, L50, F|
|poke|p2|Excadrill, L50, F|
|poke|p2|Tyranitar, L50, F|
|poke|p2|Sneasler, L50, M|
|poke|p2|Indeedee, L50, M|
|poke|p2|Corviknight, L50, F|
|poke|p2|Annihilape, L50, F|
|teampreview|4
|showteam|p1|Politoed||Leftovers|Drizzle|Protect,WeatherBall,PerishSong,Encore|||M|||50|,,,,,Grass]Gothitelle||SitrusBerry|ShadowTag|Protect,Psychic,FakeOut,TrickRoom|||F|||50|,,,,,Dark]Incineroar||SafetyGoggles|Intimidate|Protect,KnockOff,FakeOut,PartingShot|||M|||50|,,,,,Ghost]Amoonguss||EjectButton|Regenerator|Protect,RagePowder,PollenPuff,Spore|||M|||50|,,,,,Fairy]Kingdra||LifeOrb|SwiftSwim|Protect,WeatherBall,DracoMeteor,MuddyWater|||F|||50|,,,,,Stellar]Archaludon||PowerHerb|Sturdy|Protect,ElectroShot,DragonPulse,FlashCannon|||F|||50|,,,,,Electric
|showteam|p2|Excadrill||FocusSash|SandRush|IronHead,HighHorsepower,Earthquake,Protect|||F|||50|,,,,,Stellar]Tyranitar||AssaultVest|SandStream|RockSlide,KnockOff,TeraBlast,LowKick|||F|||50|,,,,,Flying]Sneasler||PsychicSeed|Unburden|DireClaw,CloseCombat,ThroatChop,Protect|||M|||50|,,,,,Dark]Indeedee||ChoiceScarf|PsychicSurge|ExpandingForce,TeraBlast,Protect,Trick|||M|||50|,,,,,Psychic]Corviknight||Leftovers|MirrorArmor|BulkUp,BraveBird,Roost,Tailwind|||F|||50|,,,,,Dragon]Annihilape||SafetyGoggles|Defiant|CloseCombat,FinalGambit,RageFist,Taunt|||F|||50|,,,,,Water
|inactive|Battle timer is ON: inactive players will automatically lose when time's up. (requested by sparekrow)
|inactive|sparekrow has 60 seconds left.
|inactive|ming0mang0 has 60 seconds left.
|inactive|ming0mang0 has 30 seconds left.
|inactive|sparekrow has 30 seconds left.
|inactive|ming0mang0 has 20 seconds left.
|inactive|ming0mang0 has 15 seconds left.
|inactive|sparekrow has 20 seconds left.
|inactive|ming0mang0 has 10 seconds left.
|inactive|ming0mang0 has 5 seconds left.
|
|t:|1757108431
|teamsize|p1|4
|teamsize|p2|4
|start
|switch|p1a: Amoonguss|Amoonguss, L50, M|100/100
|switch|p1b: Gothitelle|Gothitelle, L50, F|100/100
|switch|p2a: Excadrill|Excadrill, L50, F|100/100
|switch|p2b: Tyranitar|Tyranitar, L50, F|100/100
|-weather|Sandstorm|[from] ability: Sand Stream|[of] p2b: Tyranitar
|turn|1
|inactive|ming0mang0 has 30 seconds left.
|inactive|ming0mang0 has 20 seconds left.
|
|t:|1757108471
|move|p1a: Amoonguss|Rage Powder|p1a: Amoonguss
|-singleturn|p1a: Amoonguss|move: Rage Powder
|move|p2a: Excadrill|High Horsepower|p1a: Amoonguss
|-damage|p1a: Amoonguss|57/100
|-enditem|p1a: Amoonguss|Eject Button
|
|t:|1757108475
|switch|p1a: Politoed|Politoed, L50, M|100/100
|-weather|RainDance|[from] ability: Drizzle|[of] p1a: Politoed
|move|p2b: Tyranitar|Knock Off|p1b: Gothitelle
|-supereffective|p1b: Gothitelle
|-damage|p1b: Gothitelle|0 fnt
|-enditem|p1b: Gothitelle|Sitrus Berry|[from] move: Knock Off|[of] p2b: Tyranitar
|faint|p1b: Gothitelle
|
|-weather|RainDance|[upkeep]
|upkeep
|
|t:|1757108484
|switch|p1b: Kingdra|Kingdra, L50, F|100/100
|turn|2
|inactive|ming0mang0 has 30 seconds left.
|inactive|sparekrow has 30 seconds left.
|inactive|ming0mang0 has 20 seconds left.
|inactive|ming0mang0 has 15 seconds left.
|
|t:|1757108529
|switch|p2b: Sneasler|Sneasler, L50, M|100/100
|move|p2a: Excadrill|Protect|p2a: Excadrill
|-singleturn|p2a: Excadrill|Protect
|move|p1b: Kingdra|Weather Ball|p2b: Sneasler
|-damage|p2b: Sneasler|0 fnt
|faint|p2b: Sneasler
|-damage|p1b: Kingdra|91/100|[from] item: Life Orb
|move|p1a: Politoed|Weather Ball|p2a: Excadrill
|-activate|p2a: Excadrill|move: Protect
|
|-weather|RainDance|[upkeep]
|upkeep
|
|t:|1757108542
|switch|p2b: Tyranitar|Tyranitar, L50, F|100/100
|-weather|Sandstorm|[from] ability: Sand Stream|[of] p2b: Tyranitar
|turn|3
|inactive|sparekrow has 30 seconds left.
|inactive|ming0mang0 has 30 seconds left.
|inactive|ming0mang0 has 20 seconds left.
|inactive|ming0mang0 has 15 seconds left.
|inactive|ming0mang0 has 10 seconds left.
|inactive|ming0mang0 has 5 seconds left.
|
|t:|1757108597
|switch|p1a: Amoonguss|Amoonguss, L50, M|90/100
|move|p2a: Excadrill|Iron Head|p1a: Amoonguss
|-damage|p1a: Amoonguss|55/100
|move|p1b: Kingdra|Weather Ball|p2b: Tyranitar
|-damage|p2b: Tyranitar|84/100
|-damage|p1b: Kingdra|81/100|[from] item: Life Orb
|move|p2b: Tyranitar|Rock Slide|p1b: Kingdra|[spread] p1a,p1b
|-damage|p1a: Amoonguss|29/100
|-damage|p1b: Kingdra|45/100
|
|-weather|Sandstorm|[upkeep]
|-damage|p1b: Kingdra|39/100|[from] Sandstorm
|-damage|p1a: Amoonguss|23/100|[from] Sandstorm
|upkeep
|turn|4
|inactive|ming0mang0 has 30 seconds left.
|inactive|sparekrow has 30 seconds left.
|inactive|ming0mang0 has 20 seconds left.
|inactive|ming0mang0 has 15 seconds left.
|inactive|ming0mang0 has 10 seconds left.
|
|t:|1757108642
|switch|p1b: Politoed|Politoed, L50, M|100/100
|-weather|RainDance|[from] ability: Drizzle|[of] p1b: Politoed
|move|p1a: Amoonguss|Protect|p1a: Amoonguss
|-singleturn|p1a: Amoonguss|Protect
|move|p2a: Excadrill|High Horsepower|p1b: Politoed
|-damage|p1b: Politoed|37/100
|move|p2b: Tyranitar|Knock Off|p1b: Politoed
|-damage|p1b: Politoed|0 fnt
|-enditem|p1b: Politoed|Leftovers|[from] move: Knock Off|[of] p2b: Tyranitar
|faint|p1b: Politoed
|
|-weather|RainDance|[upkeep]
|upkeep
|
|t:|1757108653
|switch|p1b: Kingdra|Kingdra, L50, F|39/100
|turn|5
|inactive|sparekrow has 30 seconds left.
|inactive|ming0mang0 has 30 seconds left.
|inactive|sparekrow has 20 seconds left.
|inactive|ming0mang0 has 20 seconds left.
|inactive|sparekrow has 15 seconds left.
|inactive|ming0mang0 has 15 seconds left.
|
|t:|1757108695
|-terastallize|p2b: Tyranitar|Flying
|move|p1b: Kingdra|Protect|p1b: Kingdra
|-singleturn|p1b: Kingdra|Protect
|move|p2a: Excadrill|High Horsepower|p1b: Kingdra
|-activate|p1b: Kingdra|move: Protect
|move|p2b: Tyranitar|Tera Blast|p1a: Amoonguss|[anim] Tera Blast Flying
|-supereffective|p1a: Amoonguss
|-damage|p1a: Amoonguss|0 fnt
|faint|p1a: Amoonguss
|
|-weather|RainDance|[upkeep]
|upkeep
|turn|6
|
|t:|1757108718
|switch|p2b: Indeedee|Indeedee, L50, M|100/100
|-fieldstart|move: Psychic Terrain|[from] ability: Psychic Surge|[of] p2b: Indeedee
|-terastallize|p1b: Kingdra|Stellar
|move|p2a: Excadrill|Protect|p2a: Excadrill
|-singleturn|p2a: Excadrill|Protect
|move|p1b: Kingdra|Muddy Water|p2b: Indeedee|[spread] p2b
|-activate|p2a: Excadrill|move: Protect
|-damage|p2b: Indeedee|0 fnt
|faint|p2b: Indeedee
|-damage|p1b: Kingdra|29/100|[from] item: Life Orb
|
|-weather|RainDance|[upkeep]
|upkeep
|
|t:|1757108730
|switch|p2b: Tyranitar|Tyranitar, L50, F, tera:Flying|84/100
|-weather|Sandstorm|[from] ability: Sand Stream|[of] p2b: Tyranitar
|turn|7
|
|t:|1757108742
|move|p1b: Kingdra|Protect|p1b: Kingdra
|-singleturn|p1b: Kingdra|Protect
|move|p2a: Excadrill|High Horsepower|p1b: Kingdra
|-activate|p1b: Kingdra|move: Protect
|move|p2b: Tyranitar|Tera Blast|p1b: Kingdra|[anim] Tera Blast Flying
|-activate|p1b: Kingdra|move: Protect
|
|-weather|Sandstorm|[upkeep]
|-damage|p1b: Kingdra|23/100|[from] Sandstorm
|-damage|p2b: Tyranitar|78/100|[from] Sandstorm
|upkeep
|turn|8
|
|t:|1757108754
|move|p1b: Kingdra|Protect||[still]
|-fail|p1b: Kingdra
|move|p2a: Excadrill|High Horsepower|p1b: Kingdra
|-damage|p1b: Kingdra|0 fnt
|faint|p1b: Kingdra
|
|win|ming0mang0
||sparekrow is ready for game 2.
|inactive|ming0mang0 has 30 seconds to confirm battle start!
||ming0mang0 is ready for game 2.
|uhtml|next|Next: Game 2 of 3
|l|☆sparekrow
|player|p1|
