|j|☆J4yz1lla
|j|☆ninha1600
|html|J4yz1llaninha1600    
|uhtml|bestof|Game 1 of a best-of-3
|t:|1757737454
|gametype|doubles
|player|p1|J4yz1lla|1|1166
|player|p2|ninha1600|101|1078
|gen|9
|tier|[Gen 9] VGC 2025 Reg H (Bo3)
|rated|
|rule|Species Clause: Limit one of each Pokémon
|rule|Item Clause: Limit 1 of each item
|clearpoke
|poke|p1|Garchomp, L50, F|
|poke|p1|Tyranitar, L50, M|
|poke|p1|Corviknight, L50, F|
|poke|p1|Gastrodon, L50, M|
|poke|p1|Annihilape, L50, F|
|poke|p1|Grimmsnarl, L50, M|
|poke|p2|Dragonite, L50, M|
|poke|p2|Gholdengo, L50|
|poke|p2|Rillaboom, L50, F|
|poke|p2|Arcanine-Hisui, L50, F|
|poke|p2|Annihilape, L50, M|
|poke|p2|Murkrow, L50, M|
|teampreview|4
|showteam|p1|Garchomp||ClearAmulet|RoughSkin|Earthquake,SwordsDance,Protect,IronHead|||F|||50|,,,,,Steel]Tyranitar||AssaultVest|SandStream|LowKick,RockSlide,KnockOff,HighHorsepower|||M|||50|,,,,,Flying]Corviknight||SitrusBerry|MirrorArmor|BodyPress,BulkUp,BraveBird,Tailwind|||F|||50|,,,,,Dragon]Gastrodon||CovertCloak|StormDrain|Yawn,MuddyWater,Protect,EarthPower|||M|||50|,,,,,Poison]Annihilape||Leftovers|Defiant|BulkUp,RageFist,DrainPunch,Protect|||F|||50|,,,,,Water]Grimmsnarl||LightClay|Prankster|Reflect,LightScreen,MistyTerrain,SpiritBreak|||M|||50|,,,,,Ghost
|showteam|p2|Dragonite||LoadedDice|Multiscale|Protect,ScaleShot,LowKick,ExtremeSpeed|||M|||50|,,,,,Fairy]Gholdengo||ChoiceSpecs|GoodasGold|Thunderbolt,PowerGem,MakeItRain,ShadowBall||||||50|,,,,,Steel]Rillaboom||AssaultVest|GrassySurge|FakeOut,HighHorsepower,WoodHammer,GrassyGlide|||F|||50|,,,,,Fire]Arcanine-Hisui||ClearAmulet|Intimidate|Protect,FlareBlitz,RockSlide,ExtremeSpeed|||F|||50|,,,,,Water]Annihilape||FocusSash|Defiant|Coaching,CloseCombat,RageFist,FinalGambit|||M|||50|,,,,,Electric]Murkrow||Eviolite|Prankster|Haze,Tailwind,FoulPlay,Taunt|||M|||50|,,,,,Ghost
|
|t:|1757737514
|teamsize|p1|4
|teamsize|p2|4
|start
|switch|p1a: Garchomp|Garchomp, L50, F|100/100
|switch|p1b: Tyranitar|Tyranitar, L50, M|100/100
|switch|p2a: Murkrow|Murkrow, L50, M, shiny|100/100
|switch|p2b: Dragonite|Dragonite, L50, M|100/100
|-weather|Sandstorm|[from] ability: Sand Stream|[of] p1b: Tyranitar
|turn|1
|
|t:|1757737570
|-terastallize|p1b: Tyranitar|Flying
|move|p2a: Murkrow|Tailwind|p2a: Murkrow
|-sidestart|p2: ninha1600|move: Tailwind
|move|p2b: Dragonite|Scale Shot|p1a: Garchomp
|-supereffective|p1a: Garchomp
|-damage|p1a: Garchomp|68/100
|-supereffective|p1a: Garchomp
|-damage|p1a: Garchomp|35/100
|-supereffective|p1a: Garchomp
|-damage|p1a: Garchomp|2/100
|-supereffective|p1a: Garchomp
|-damage|p1a: Garchomp|0 fnt
|faint|p1a: Garchomp
|-hitcount|p1: Garchomp|4
|-unboost|p2b: Dragonite|def|1
|-boost|p2b: Dragonite|spe|1
|move|p1b: Tyranitar|Rock Slide|p2a: Murkrow|[spread] p2b
|-miss|p1b: Tyranitar|p2a: Murkrow
|-supereffective|p2b: Dragonite
|-damage|p2b: Dragonite|50/100
|
|-weather|Sandstorm|[upkeep]
|-damage|p2b: Dragonite|44/100|[from] Sandstorm
|-damage|p2a: Murkrow|95/100|[from] Sandstorm
|-damage|p1b: Tyranitar|94/100|[from] Sandstorm
|upkeep
|
|t:|1757737577
|switch|p1a: Corviknight|Corviknight, L50, F|100/100
|turn|2
|
|t:|1757737615
|move|p2a: Murkrow|Taunt|p1a: Corviknight
|-start|p1a: Corviknight|move: Taunt
|move|p2b: Dragonite|Low Kick|p1b: Tyranitar
|-resisted|p1b: Tyranitar
|-damage|p1b: Tyranitar|75/100
|move|p1b: Tyranitar|Knock Off|p2a: Murkrow
|-resisted|p2a: Murkrow
|-damage|p2a: Murkrow|65/100
|-enditem|p2a: Murkrow|Eviolite|[from] move: Knock Off|[of] p1b: Tyranitar
|cant|p1a: Corviknight|move: Taunt|Tailwind
|
|-weather|Sandstorm|[upkeep]
|-damage|p2b: Dragonite|38/100|[from] Sandstorm
|-damage|p2a: Murkrow|59/100|[from] Sandstorm
|-damage|p1b: Tyranitar|69/100|[from] Sandstorm
|upkeep
|turn|3
|
|t:|1757737645
|move|p2b: Dragonite|Scale Shot|p1a: Corviknight
|-resisted|p1a: Corviknight
|-damage|p1a: Corviknight|96/100
|-resisted|p1a: Corviknight
|-damage|p1a: Corviknight|90/100
|-resisted|p1a: Corviknight
|-damage|p1a: Corviknight|84/100
|-resisted|p1a: Corviknight
|-damage|p1a: Corviknight|78/100
|-resisted|p1a: Corviknight
|-damage|p1a: Corviknight|73/100
|-hitcount|p1a: Corviknight|5
|-unboost|p2b: Dragonite|def|1
|-boost|p2b: Dragonite|spe|1
|move|p2a: Murkrow|Foul Play|p1a: Corviknight
|-damage|p1a: Corviknight|51/100
|move|p1b: Tyranitar|Rock Slide|p2a: Murkrow|[spread] p2a,p2b
|-supereffective|p2a: Murkrow
|-supereffective|p2b: Dragonite
|-damage|p2a: Murkrow|0 fnt
|-damage|p2b: Dragonite|0 fnt
|faint|p2a: Murkrow
|faint|p2b: Dragonite
|move|p1a: Corviknight|Brave Bird|p2: Murkrow|[notarget]
|-fail|p1a: Corviknight
|
|-weather|Sandstorm|[upkeep]
|-damage|p1b: Tyranitar|63/100|[from] Sandstorm
|upkeep
|
|t:|1757737670
|switch|p2b: Annihilape|Annihilape, L50, M|100/100
|switch|p2a: Gholdengo|Gholdengo, L50|100/100
|turn|4
|
|t:|1757737714
|switch|p1b: Annihilape|Annihilape, L50, F|100/100
|-terastallize|p2a: Gholdengo|Steel
|move|p2b: Annihilape|Close Combat|p1b: Annihilape
|-immune|p1b: Annihilape
|move|p2a: Gholdengo|Make It Rain|p1a: Corviknight|[spread] p1a,p1b
|-resisted|p1a: Corviknight
|-damage|p1a: Corviknight|13/100
|-damage|p1b: Annihilape|19/100
|-unboost|p2a: Gholdengo|spa|1
|-enditem|p1a: Corviknight|Sitrus Berry|[eat]
|-heal|p1a: Corviknight|38/100|[from] item: Sitrus Berry
|move|p1a: Corviknight|Brave Bird|p2b: Annihilape
|-supereffective|p2b: Annihilape
|-damage|p2b: Annihilape|29/100
|-damage|p1a: Corviknight|13/100|[from] Recoil
|
|-weather|Sandstorm|[upkeep]
|-damage|p2b: Annihilape|23/100|[from] Sandstorm
|-damage|p1b: Annihilape|13/100|[from] Sandstorm
|-heal|p1b: Annihilape|19/100|[from] item: Leftovers
|-end|p1a: Corviknight|move: Taunt
|-sideend|p2: ninha1600|move: Tailwind
|upkeep
|turn|5
|
|t:|1757737756
|move|p1b: Annihilape|Protect|p1b: Annihilape
|-singleturn|p1b: Annihilape|Protect
|move|p2b: Annihilape|Rage Fist|p1b: Annihilape
|-activate|p1b: Annihilape|move: Protect
|move|p2a: Gholdengo|Make It Rain|p1a: Corviknight|[spread] p1a
|-activate|p1b: Annihilape|move: Protect
|-resisted|p1a: Corviknight
|-damage|p1a: Corviknight|0 fnt
|-unboost|p2a: Gholdengo|spa|1
|faint|p1a: Corviknight
|
|-weather|none
|-heal|p1b: Annihilape|25/100|[from] item: Leftovers
|upkeep
|
|t:|1757737762
|switch|p1a: Tyranitar|Tyranitar, L50, M, tera:Flying|63/100
|-weather|Sandstorm|[from] ability: Sand Stream|[of] p1a: Tyranitar
|turn|6
|
|t:|1757737785
|move|p2b: Annihilape|Rage Fist|p1a: Tyranitar
|-damage|p1a: Tyranitar|33/100
|move|p2a: Gholdengo|Make It Rain|p1b: Annihilape|[spread] p1a,p1b
|-damage|p1a: Tyranitar|7/100
|-damage|p1b: Annihilape|0 fnt
|-unboost|p2a: Gholdengo|spa|1
|faint|p1b: Annihilape
|move|p1a: Tyranitar|High Horsepower|p2b: Annihilape
|-damage|p2b: Annihilape|0 fnt
|faint|p2b: Annihilape
|
|-weather|Sandstorm|[upkeep]
|-damage|p1a: Tyranitar|1/100|[from] Sandstorm
|upkeep
|turn|7
|
|t:|1757737802
|move|p2a: Gholdengo|Make It Rain|p1a: Tyranitar
|-damage|p1a: Tyranitar|0 fnt
|-unboost|p2a: Gholdengo|spa|1
|faint|p1a: Tyranitar
|
|win|ninha1600
|l|☆J4yz1lla
|player|p1|
||J4yz1lla is ready for game 2.
||ninha1600 is ready for game 2.
|uhtml|next|Next: Game 2 of 3
