|j|☆Zekken2002
|j|‽boredcalzone
|html|Zekken2002boredcalzone    
|uhtml|bestof|Game 2 of a best-of-3
|t:|1784877161
|gametype|doubles
|player|p1|Zekken2002|dawn|1103
|player|p2|boredcalzone|169|1139
|gen|9
|tier|[Gen 9 Champions] VGC 2026 Reg M-B (Bo3)
|rated|
|rule|Species Clause: Limit one of each Pokémon
|rule|Item Clause: Limit 1 of each item
|clearpoke
|poke|p1|Umbreon, L50, F|
|poke|p1|Toxapex, L50, F|
|poke|p1|Corviknight, L50, F|
|poke|p1|Garganacl, L50, M|
|poke|p1|Sinistcha-Masterpiece, L50|
|poke|p1|Grimmsnarl, L50, M|
|poke|p2|Tyranitar, L50, M|
|poke|p2|Excadrill, L50, F|
|poke|p2|Primarina, L50, F|
|poke|p2|Klefki, L50, F|
|poke|p2|Toucannon, L50, F|
|poke|p2|Houndstone, L50, F|
|teampreview|4
|showteam|p1|Umbreon||Leftovers|Synchronize|Toxic,Moonlight,Snarl,Protect|Calm||F|||50|]Toxapex||BrightPowder|Regenerator|BanefulBunker,Toxic,Infestation,Recover|Bold||F|||50|]Corviknight||FocusSash|MirrorArmor|IronDefense,IronHead,BraveBird,Roost|Careful||F|||50|]Garganacl||RindoBerry|Sturdy|SaltCure,Protect,Recover,RockSlide|Impish||M|||50|]Sinistcha-Masterpiece||OccaBerry|Hospitality|StrengthSap,MatchaGotcha,RagePowder,Protect|Bold|||||50|]Grimmsnarl||LightClay|Prankster|Reflect,LightScreen,PartingShot,SpiritBreak|Careful||M|||50|
|showteam|p2|Tyranitar||Tyranitarite|SandStream|StoneEdge,Protect,IcePunch,KnockOff|Adamant||M|||50|]Excadrill||FocusSash|SandRush|HighHorsepower,IronHead,Protect,BrickBreak|Adamant||F|||50|]Primarina||Leftovers|LiquidVoice|HyperVoice,Moonblast,Protect,Encore|Calm||F|||50|]Klefki||LightClay|Prankster|FlashCannon,Reflect,LightScreen,DrainingKiss|Modest||F|||50|]Toucannon||KingsRock|SkillLink|RockBlast,BulletSeed,Tailwind,AirSlash|Brave||F|||50|]Houndstone||SpellTag|SandRush|LastRespects,Poltergeist,AllySwitch,Protect|Adamant||F|||50|
|inactive|Battle timer is ON: inactive players will automatically lose when time's up. (requested by Zekken2002)
|inactive|boredcalzone has 60 seconds left.
|
|t:|1784877193
|teamsize|p1|4
|teamsize|p2|4
|start
|switch|p1a: Grimmsnarl|Grimmsnarl, L50, M|100/100
|switch|p1b: Garganacl|Garganacl, L50, M|100/100
|switch|p2a: Tyranitar|Tyranitar, L50, M|100/100
|switch|p2b: Excadrill|Excadrill, L50, F|100/100
|-weather|Sandstorm|[from] ability: Sand Stream|[of] p2a: Tyranitar
|turn|1
|
|t:|1784877212
|detailschange|p2a: Tyranitar|Tyranitar-Mega, L50, M
|-mega|p2a: Tyranitar|Tyranitar|Tyranitarite
|move|p1b: Garganacl|Protect|p1b: Garganacl
|-singleturn|p1b: Garganacl|Protect
|move|p1a: Grimmsnarl|Reflect|p1a: Grimmsnarl
|-sidestart|p1: Zekken2002|Reflect
|move|p2b: Excadrill|High Horsepower|p1b: Garganacl
|-activate|p1b: Garganacl|move: Protect
|move|p2a: Tyranitar|Stone Edge|p1a: Grimmsnarl
|-damage|p1a: Grimmsnarl|45/100
|
|-weather|Sandstorm|[upkeep]
|-damage|p1a: Grimmsnarl|39/100|[from] Sandstorm
|upkeep
|turn|2
|
|t:|1784877225
|move|p1a: Grimmsnarl|Parting Shot|p2b: Excadrill
|-unboost|p2b: Excadrill|atk|1
|-unboost|p2b: Excadrill|spa|1
|
|t:|1784877234
|switch|p1a: Sinistcha|Sinistcha-Masterpiece, L50|100/100|[from] Parting Shot
|move|p2b: Excadrill|High Horsepower|p1b: Garganacl
|-supereffective|p1b: Garganacl|1
|-damage|p1b: Garganacl|74/100
|move|p2a: Tyranitar|Stone Edge|p1a: Sinistcha
|-damage|p1a: Sinistcha|69/100
|move|p1b: Garganacl|Salt Cure|p2b: Excadrill
|-resisted|p2b: Excadrill|2
|-damage|p2b: Excadrill|95/100
|-start|p2b: Excadrill|Salt Cure
|
|-weather|Sandstorm|[upkeep]
|-damage|p1a: Sinistcha|63/100|[from] Sandstorm
|-damage|p2b: Excadrill|82/100|[from] Salt Cure
|upkeep
|turn|3
|
|t:|1784877252
|switch|p2b: Houndstone|Houndstone, L50, F|100/100
|move|p1a: Sinistcha|Protect|p1a: Sinistcha
|-singleturn|p1a: Sinistcha|Protect
|move|p2a: Tyranitar|Knock Off|p1a: Sinistcha
|-activate|p1a: Sinistcha|move: Protect
|move|p1b: Garganacl|Salt Cure|p2a: Tyranitar
|-damage|p2a: Tyranitar|91/100
|-start|p2a: Tyranitar|Salt Cure
|
|-weather|Sandstorm|[upkeep]
|-damage|p1a: Sinistcha|57/100|[from] Sandstorm
|-damage|p2a: Tyranitar|85/100|[from] Salt Cure
|upkeep
|turn|4
|
|t:|1784877275
|switch|p1a: Grimmsnarl|Grimmsnarl, L50, M|39/100
|move|p2b: Houndstone|Poltergeist|p1b: Garganacl
|-activate|p1b: Garganacl|move: Poltergeist|Rindo Berry
|-damage|p1b: Garganacl|50/100g
|move|p2a: Tyranitar|Knock Off|p1a: Grimmsnarl
|-resisted|p1a: Grimmsnarl|2
|-damage|p1a: Grimmsnarl|26/100
|-enditem|p1a: Grimmsnarl|Light Clay|[from] move: Knock Off|[of] p2a: Tyranitar
|move|p1b: Garganacl|Salt Cure|p2b: Houndstone
|-damage|p2b: Houndstone|83/100
|-start|p2b: Houndstone|Salt Cure
|
|-weather|Sandstorm|[upkeep]
|-damage|p1a: Grimmsnarl|20/100y|[from] Sandstorm
|-damage|p2b: Houndstone|77/100|[from] Salt Cure
|-damage|p2a: Tyranitar|79/100|[from] Salt Cure
|upkeep
|turn|5
|inactive|boredcalzone has 30 seconds left.
|
|t:|1784877306
|move|p1a: Grimmsnarl|Parting Shot|p2b: Houndstone
|-unboost|p2b: Houndstone|atk|1
|-unboost|p2b: Houndstone|spa|1
|
|t:|1784877309
|switch|p1a: Toxapex|Toxapex, L50, F|100/100|[from] Parting Shot
|move|p2b: Houndstone|Poltergeist|p1b: Garganacl
|-activate|p1b: Garganacl|move: Poltergeist|Rindo Berry
|-damage|p1b: Garganacl|35/100
|move|p2a: Tyranitar|Stone Edge|p1a: Toxapex
|-damage|p1a: Toxapex|71/100
|move|p1b: Garganacl|Recover|p1b: Garganacl
|-heal|p1b: Garganacl|85/100
|
|-weather|none
|-damage|p2b: Houndstone|71/100|[from] Salt Cure
|-damage|p2a: Tyranitar|73/100|[from] Salt Cure
|upkeep
|turn|6
|inactive|boredcalzone has 30 seconds left.
|
|t:|1784877334
|switch|p2b: Excadrill|Excadrill, L50, F|82/100
|move|p2a: Tyranitar|Stone Edge|p1a: Toxapex|[miss]
|-miss|p2a: Tyranitar|p1a: Toxapex
|move|p1a: Toxapex|Infestation|p2a: Tyranitar
|-supereffective|p2a: Tyranitar|1
|-damage|p2a: Tyranitar|69/100
|-activate|p2a: Tyranitar|move: Infestation|[of] p1a: Toxapex
|move|p1b: Garganacl|Rock Slide|p2b: Excadrill|[spread] p2a,p2b
|-resisted|p2b: Excadrill|2
|-damage|p2a: Tyranitar|56/100
|-damage|p2b: Excadrill|75/100
|
|-damage|p2a: Tyranitar|43/100|[from] move: Infestation|[partiallytrapped]
|-damage|p2a: Tyranitar|38/100|[from] Salt Cure
|upkeep
|turn|7
|inactive|boredcalzone has 30 seconds left.
|
|t:|1784877360
|move|p2b: Excadrill|High Horsepower|p1b: Garganacl|[miss]
|-miss|p2b: Excadrill|p1b: Garganacl
|move|p2a: Tyranitar|Stone Edge|p1a: Toxapex
|-damage|p1a: Toxapex|43/100
|move|p1a: Toxapex|Toxic|p2a: Tyranitar
|-status|p2a: Tyranitar|tox
|move|p1b: Garganacl|Salt Cure|p2b: Excadrill
|-resisted|p2b: Excadrill|2
|-damage|p2b: Excadrill|71/100
|-start|p2b: Excadrill|Salt Cure
|
|-damage|p2a: Tyranitar|32/100 tox|[from] psn
|-damage|p2b: Excadrill|58/100|[from] Salt Cure
|-damage|p2a: Tyranitar|20/100y tox|[from] move: Infestation|[partiallytrapped]
|-damage|p2a: Tyranitar|14/100 tox|[from] Salt Cure
|upkeep
|turn|8
|
|t:|1784877385
|move|p2b: Excadrill|High Horsepower|p1b: Garganacl
|-supereffective|p1b: Garganacl|1
|-damage|p1b: Garganacl|48/100
|move|p2a: Tyranitar|Stone Edge|p1a: Toxapex
|-damage|p1a: Toxapex|14/100
|move|p1b: Garganacl|Recover|p1b: Garganacl
|-heal|p1b: Garganacl|99/100
|move|p1a: Toxapex|Recover|p1a: Toxapex
|-heal|p1a: Toxapex|64/100
|
|-damage|p2a: Tyranitar|2/100 tox|[from] psn
|-damage|p2b: Excadrill|46/100|[from] Salt Cure
|-damage|p2a: Tyranitar|0 fnt|[from] Salt Cure
|faint|p2a: Tyranitar
|-sideend|p1: Zekken2002|Reflect
|upkeep
|
|t:|1784877404
|switch|p2a: Primarina|Primarina, L50, F|100/100
|turn|9
|
|t:|1784877412
|switch|p1b: Sinistcha|Sinistcha-Masterpiece, L50|57/100
|-heal|p1a: Toxapex|89/100|[from] ability: Hospitality|[of] p1b: Sinistcha
|move|p2b: Excadrill|High Horsepower|p1a: Toxapex|[miss]
|-miss|p2b: Excadrill|p1a: Toxapex
|move|p2a: Primarina|Hyper Voice|p1b: Sinistcha|[spread] p1a,p1b
|-resisted|p1a: Toxapex|1
|-resisted|p1b: Sinistcha|1
|-damage|p1a: Toxapex|77/100
|-damage|p1b: Sinistcha|41/100
|move|p1a: Toxapex|Toxic|p2a: Primarina
|-status|p2a: Primarina|tox
|
|-damage|p2a: Primarina|94/100 tox|[from] psn
|-damage|p2b: Excadrill|34/100|[from] Salt Cure
|upkeep
|turn|10
|
|t:|1784877436
|move|p1a: Toxapex|Baneful Bunker|p1a: Toxapex
|-singleturn|p1a: Toxapex|move: Protect
|move|p2b: Excadrill|High Horsepower|p1a: Toxapex
|-activate|p1a: Toxapex|move: Protect
|move|p1b: Sinistcha|Strength Sap|p2b: Excadrill
|-unboost|p2b: Excadrill|atk|1
|-heal|p1b: Sinistcha|100/100
|move|p2a: Primarina|Moonblast|p1b: Sinistcha
|-damage|p1b: Sinistcha|54/100
|
|-heal|p2a: Primarina|100/100 tox|[from] item: Leftovers
|-damage|p2a: Primarina|88/100 tox|[from] psn
|-damage|p2b: Excadrill|21/100|[from] Salt Cure
|upkeep
|turn|11
|
|t:|1784877451
|move|p1b: Sinistcha|Protect|p1b: Sinistcha
|-singleturn|p1b: Sinistcha|Protect
|move|p2b: Excadrill|High Horsepower|p1a: Toxapex
|-supereffective|p1a: Toxapex|1
|-damage|p1a: Toxapex|33/100
|move|p2a: Primarina|Moonblast|p1b: Sinistcha
|-activate|p1b: Sinistcha|move: Protect
|move|p1a: Toxapex|Infestation|p2a: Primarina
|-resisted|p2a: Primarina|1
|-damage|p2a: Primarina|87/100 tox
|-activate|p2a: Primarina|move: Infestation|[of] p1a: Toxapex
|
|-heal|p2a: Primarina|93/100 tox|[from] item: Leftovers
|-damage|p2a: Primarina|75/100 tox|[from] psn
|-damage|p2b: Excadrill|9/100|[from] Salt Cure
|-damage|p2a: Primarina|63/100 tox|[from] move: Infestation|[partiallytrapped]
|upkeep
|turn|12
|
|t:|1784877476
|switch|p2b: Houndstone|Houndstone, L50, F|71/100
|move|p1a: Toxapex|Baneful Bunker|p1a: Toxapex
|-singleturn|p1a: Toxapex|move: Protect
|move|p1b: Sinistcha|Strength Sap|p2b: Houndstone
|-unboost|p2b: Houndstone|atk|1
|-heal|p1b: Sinistcha|100/100
|move|p2a: Primarina|Moonblast|p1b: Sinistcha
|-damage|p1b: Sinistcha|48/100
|
|-heal|p2a: Primarina|68/100 tox|[from] item: Leftovers
|-damage|p2a: Primarina|45/100 tox|[from] psn
|-damage|p2a: Primarina|33/100 tox|[from] move: Infestation|[partiallytrapped]
|upkeep
|turn|13
|inactive|boredcalzone has 30 seconds left.
|
|t:|1784877504
|move|p1b: Sinistcha|Protect|p1b: Sinistcha
|-singleturn|p1b: Sinistcha|Protect
|move|p2b: Houndstone|Last Respects|p1b: Sinistcha
|-activate|p1b: Sinistcha|move: Protect
|move|p2a: Primarina|Moonblast|p1b: Sinistcha
|-activate|p1b: Sinistcha|move: Protect
|move|p1a: Toxapex|Recover|p1a: Toxapex
|-heal|p1a: Toxapex|84/100
|
|-heal|p2a: Primarina|39/100 tox|[from] item: Leftovers
|-damage|p2a: Primarina|9/100 tox|[from] psn
|-damage|p2a: Primarina|0 fnt|[from] move: Infestation|[partiallytrapped]
|faint|p2a: Primarina
|upkeep
|
|t:|1784877507
|switch|p2a: Excadrill|Excadrill, L50, F|9/100
|turn|14
|inactive|Zekken2002 has 30 seconds left.
|
|t:|1784877534
|move|p1b: Sinistcha|Protect||[still]
|-fail|p1b: Sinistcha
|move|p2a: Excadrill|High Horsepower|p1a: Toxapex
|-supereffective|p1a: Toxapex|1
|-damage|p1a: Toxapex|15/100
|move|p2b: Houndstone|Last Respects|p1b: Sinistcha
|-supereffective|p1b: Sinistcha|1
|-damage|p1b: Sinistcha|0 fnt
|faint|p1b: Sinistcha
|move|p1a: Toxapex|Infestation|p2a: Excadrill
|-resisted|p2a: Excadrill|1
|-damage|p2a: Excadrill|7/100
|-activate|p2a: Excadrill|move: Infestation|[of] p1a: Toxapex
|
|-damage|p2a: Excadrill|0 fnt|[from] move: Infestation|[partiallytrapped]
|faint|p2a: Excadrill
|upkeep
|
|t:|1784877547
|switch|p1b: Grimmsnarl|Grimmsnarl, L50, M|20/100y
|turn|15
|
|t:|1784877553
|move|p1a: Toxapex|Baneful Bunker|p1a: Toxapex
|-singleturn|p1a: Toxapex|move: Protect
|move|p1b: Grimmsnarl|Reflect|p1b: Grimmsnarl
|-sidestart|p1: Zekken2002|Reflect
|move|p2b: Houndstone|Last Respects|p1a: Toxapex
|-activate|p1a: Toxapex|move: Protect
|
|upkeep
|turn|16
|
|t:|1784877570
|-heal|p1a: Toxapex|48/100|[from] ability: Regenerator|[silent]
|switch|p1a: Garganacl|Garganacl, L50, M|99/100
|move|p1b: Grimmsnarl|Parting Shot|p2b: Houndstone
|-unboost|p2b: Houndstone|atk|1
|-unboost|p2b: Houndstone|spa|1
|
|t:|1784877575
|switch|p1b: Toxapex|Toxapex, L50, F|48/100|[from] Parting Shot
|move|p2b: Houndstone|Last Respects|p1a: Garganacl
|-damage|p1a: Garganacl|80/100
|
|upkeep
|turn|17
|
|t:|1784877584
|move|p2b: Houndstone|Last Respects|p1b: Toxapex
|-damage|p1b: Toxapex|22/100
|move|p1a: Garganacl|Salt Cure|p2b: Houndstone
|-damage|p2b: Houndstone|55/100
|-start|p2b: Houndstone|Salt Cure
|move|p1b: Toxapex|Toxic|p2b: Houndstone
|-status|p2b: Houndstone|tox
|
|-damage|p2b: Houndstone|49/100 tox|[from] psn
|-damage|p2b: Houndstone|43/100 tox|[from] Salt Cure
|upkeep
|turn|18
|-message|boredcalzone forfeited.
|
|win|Zekken2002
|l|‽boredcalzone
|player|p2|
||Zekken2002 is ready for game 3.
||boredcalzone is ready for game 3.
|uhtml|next|Next: Game 3 of 3
