|j|☆Chelicerate1
|j|☆67ToTheTop
|html|Chelicerate167ToTheTop    
|uhtml|bestof|Game 1 of a best-of-3
|t:|1784704024
|gametype|doubles
|player|p1|Chelicerate1|ethan|1359
|player|p2|67ToTheTop|serena|1346
|gen|9
|tier|[Gen 9 Champions] VGC 2026 Reg M-B (Bo3)
|rated|
|rule|Species Clause: Limit one of each Pokémon
|rule|Item Clause: Limit 1 of each item
|clearpoke
|poke|p1|Grimmsnarl, L50, M|
|poke|p1|Basculegion, L50, M|
|poke|p1|Charizard, L50, F|
|poke|p1|Pelipper, L50, M|
|poke|p1|Venusaur, L50, M|
|poke|p1|Archaludon, L50, M|
|poke|p2|Garchomp, L50, F|
|poke|p2|Venusaur, L50, M|
|poke|p2|Incineroar, L50, F|
|poke|p2|Charizard, L50, F|
|poke|p2|Toxapex, L50, M|
|poke|p2|Annihilape, L50, M|
|teampreview|4
|showteam|p1|Grimmsnarl||LightClay|Prankster|SpiritBreak,PartingShot,Reflect,LightScreen|Sassy||M|||50|]Basculegion||ChoiceScarf|Adaptability|LastRespects,WaveCrash,AquaJet,FlipTurn|Jolly||M|||50|]Charizard||CharizarditeY|Blaze|Protect,HeatWave,WeatherBall,SolarBeam|Modest||F|||50|]Pelipper||SitrusBerry|Drizzle|Hurricane,WeatherBall,Tailwind,WideGuard|Modest||M|||50|]Venusaur||FocusSash|Chlorophyll|SludgeBomb,SleepPowder,EarthPower,Protect|Modest||M|||50|]Archaludon||Leftovers|Stamina|ElectroShot,DragonPulse,FlashCannon,Protect|Calm||M|||50|
|showteam|p2|Garchomp||ChoiceScarf|RoughSkin|Earthquake,DragonClaw,StompingTantrum,RockSlide|Adamant||F|||50|]Venusaur||LifeOrb|Chlorophyll|SolarBeam,SludgeBomb,EarthPower,Protect|Modest||M|||50|]Incineroar||SitrusBerry|Intimidate|FlareBlitz,ThroatChop,FakeOut,PartingShot|Impish||F|||50|]Charizard||CharizarditeY|Blaze|HeatWave,WeatherBall,HelpingHand,Protect|Modest||F|||50|]Toxapex||Leftovers|Regenerator|Infestation,Toxic,WideGuard,BanefulBunker|Bold||M|||50|]Annihilape||FocusSash|Defiant|CloseCombat,PhantomForce,RockTomb,Protect|Jolly||M|||50|
|inactive|Battle timer is ON: inactive players will automatically lose when time's up. (requested by Chelicerate1)
|inactive|67ToTheTop has 60 seconds left.
|
|t:|1784704062
|teamsize|p1|4
|teamsize|p2|4
|start
|switch|p1a: Grimmsnarl|Grimmsnarl, L50, M|100/100
|switch|p1b: Charizard|Charizard, L50, F|100/100
|switch|p2a: Incineroar|Incineroar, L50, F|100/100
|switch|p2b: Venusaur|Venusaur, L50, M|100/100
|-ability|p2a: Incineroar|Intimidate|boost
|-unboost|p1a: Grimmsnarl|atk|1
|-unboost|p1b: Charizard|atk|1
|turn|1
|
|t:|1784704083
|move|p1b: Charizard|Protect|p1b: Charizard
|-singleturn|p1b: Charizard|Protect
|move|p2a: Incineroar|Fake Out|p1b: Charizard
|-activate|p1b: Charizard|move: Protect
|move|p1a: Grimmsnarl|Light Screen|p1a: Grimmsnarl
|-sidestart|p1: Chelicerate1|move: Light Screen
|move|p2b: Venusaur|Sludge Bomb|p1a: Grimmsnarl
|-supereffective|p1a: Grimmsnarl|1
|-damage|p1a: Grimmsnarl|32/100
|-damage|p2b: Venusaur|90/100|[from] item: Life Orb
|
|upkeep
|turn|2
|
|t:|1784704102
|detailschange|p1b: Charizard|Charizard-Mega-Y, L50, F
|-mega|p1b: Charizard|Charizard|Charizardite Y
|-weather|SunnyDay|[from] ability: Drought|[of] p1b: Charizard
|move|p2b: Venusaur|Protect|p2b: Venusaur
|-singleturn|p2b: Venusaur|Protect
|move|p1a: Grimmsnarl|Reflect|p1a: Grimmsnarl
|-sidestart|p1: Chelicerate1|Reflect
|move|p1b: Charizard|Heat Wave|p2a: Incineroar|[spread] 
|-activate|p2b: Venusaur|move: Protect
|-miss|p1b: Charizard|p2a: Incineroar
|move|p2a: Incineroar|Parting Shot|p1b: Charizard
|-unboost|p1b: Charizard|atk|1
|-unboost|p1b: Charizard|spa|1
|
|t:|1784704120
|switch|p2a: Toxapex|Toxapex, L50, M|100/100|[from] Parting Shot
|
|-weather|SunnyDay|[upkeep]
|upkeep
|turn|3
|
|t:|1784704139
|switch|p2b: Incineroar|Incineroar, L50, F|100/100
|-ability|p2b: Incineroar|Intimidate|boost
|-unboost|p1a: Grimmsnarl|atk|1
|-unboost|p1b: Charizard|atk|1
|switch|p1b: Archaludon|Archaludon, L50, M|100/100
|move|p1a: Grimmsnarl|Parting Shot|p2b: Incineroar
|-hint|Since gen 7, Dark is immune to Prankster moves.
|-immune|p2b: Incineroar
|move|p2a: Toxapex|Infestation|p1b: Archaludon
|-resisted|p1b: Archaludon|1
|-damage|p1b: Archaludon|98/100
|-activate|p1b: Archaludon|move: Infestation|[of] p2a: Toxapex
|-ability|p1b: Archaludon|Stamina|boost
|-boost|p1b: Archaludon|def|1
|
|-weather|SunnyDay|[upkeep]
|-heal|p1b: Archaludon|100/100|[from] item: Leftovers
|-damage|p1b: Archaludon|87/100|[from] move: Infestation|[partiallytrapped]
|upkeep
|turn|4
|
|t:|1784704162
|switch|p1a: Pelipper|Pelipper, L50, M|100/100
|-weather|RainDance|[from] ability: Drizzle|[of] p1a: Pelipper
|move|p2b: Incineroar|Fake Out|p1a: Pelipper
|-damage|p1a: Pelipper|92/100
|move|p1b: Archaludon|Electro Shot||[still]
|-prepare|p1b: Archaludon|Electro Shot
|-boost|p1b: Archaludon|spa|1
|-anim|p1b: Archaludon|Electro Shot|p2a: Toxapex
|-supereffective|p2a: Toxapex|1
|-damage|p2a: Toxapex|10/100
|move|p2a: Toxapex|Toxic|p1a: Pelipper
|-status|p1a: Pelipper|tox
|
|-weather|RainDance|[upkeep]
|-heal|p1b: Archaludon|93/100|[from] item: Leftovers
|-heal|p2a: Toxapex|16/100|[from] item: Leftovers
|-damage|p1a: Pelipper|86/100 tox|[from] psn
|-damage|p1b: Archaludon|81/100|[from] move: Infestation|[partiallytrapped]
|upkeep
|turn|5
|
|t:|1784704185
|switch|p2b: Venusaur|Venusaur, L50, M|90/100
|move|p2a: Toxapex|Baneful Bunker|p2a: Toxapex
|-singleturn|p2a: Toxapex|move: Protect
|move|p1b: Archaludon|Electro Shot||[still]
|-prepare|p1b: Archaludon|Electro Shot
|-boost|p1b: Archaludon|spa|1
|-anim|p1b: Archaludon|Electro Shot|p2a: Toxapex
|-activate|p2a: Toxapex|move: Protect
|move|p1a: Pelipper|Weather Ball|p2b: Venusaur
|-resisted|p2b: Venusaur|1
|-damage|p2b: Venusaur|52/100
|
|-weather|RainDance|[upkeep]
|-heal|p1b: Archaludon|87/100|[from] item: Leftovers
|-heal|p2a: Toxapex|22/100|[from] item: Leftovers
|-damage|p1a: Pelipper|74/100 tox|[from] psn
|-damage|p1b: Archaludon|75/100|[from] move: Infestation|[partiallytrapped]
|upkeep
|turn|6
|inactive|67ToTheTop has 30 seconds left.
|
|t:|1784704216
|move|p2b: Venusaur|Protect|p2b: Venusaur
|-singleturn|p2b: Venusaur|Protect
|move|p1b: Archaludon|Electro Shot||[still]
|-prepare|p1b: Archaludon|Electro Shot
|-boost|p1b: Archaludon|spa|1
|-anim|p1b: Archaludon|Electro Shot|p2a: Toxapex
|-supereffective|p2a: Toxapex|1
|-damage|p2a: Toxapex|0 fnt
|faint|p2a: Toxapex
|move|p1a: Pelipper|Tailwind|p1a: Pelipper
|-sidestart|p1: Chelicerate1|move: Tailwind
|
|-weather|RainDance|[upkeep]
|-heal|p1b: Archaludon|81/100|[from] item: Leftovers
|-damage|p1a: Pelipper|56/100 tox|[from] psn
|-end|p1b: Archaludon|Infestation|[partiallytrapped]|[silent]
|upkeep
|
|t:|1784704230
|switch|p2a: Charizard|Charizard, L50, F|100/100
|turn|7
|
|t:|1784704247
|switch|p1a: Grimmsnarl|Grimmsnarl, L50, M|32/100
|detailschange|p2a: Charizard|Charizard-Mega-Y, L50, F
|-mega|p2a: Charizard|Charizard|Charizardite Y
|-weather|SunnyDay|[from] ability: Drought|[of] p2a: Charizard
|move|p2b: Venusaur|Earth Power|p1b: Archaludon
|-supereffective|p1b: Archaludon|1
|-damage|p1b: Archaludon|40/100
|-ability|p1b: Archaludon|Stamina|boost
|-boost|p1b: Archaludon|def|1
|-damage|p2b: Venusaur|43/100|[from] item: Life Orb
|move|p1b: Archaludon|Dragon Pulse|p2b: Venusaur
|-damage|p2b: Venusaur|0 fnt
|faint|p2b: Venusaur
|move|p2a: Charizard|Heat Wave|p1b: Archaludon|[spread] p1a,p1b
|-damage|p1a: Grimmsnarl|0 fnt
|-damage|p1b: Archaludon|1/100
|-ability|p1b: Archaludon|Stamina|boost
|-boost|p1b: Archaludon|def|1
|faint|p1a: Grimmsnarl
|
|-weather|SunnyDay|[upkeep]
|-heal|p1b: Archaludon|7/100|[from] item: Leftovers
|upkeep
|
|t:|1784704263
|switch|p2b: Incineroar|Incineroar, L50, F|100/100
|switch|p1a: Pelipper|Pelipper, L50, M|56/100 tox
|-weather|RainDance|[from] ability: Drizzle|[of] p1a: Pelipper
|-ability|p2b: Incineroar|Intimidate|boost
|-unboost|p1a: Pelipper|atk|1
|-unboost|p1b: Archaludon|atk|1
|turn|8
|
|t:|1784704282
|move|p1b: Archaludon|Protect|p1b: Archaludon
|-singleturn|p1b: Archaludon|Protect
|move|p1a: Pelipper|Weather Ball|p2b: Incineroar
|-supereffective|p2b: Incineroar|1
|-damage|p2b: Incineroar|0 fnt
|faint|p2b: Incineroar
|move|p2a: Charizard|Weather Ball|p1b: Archaludon
|-activate|p1b: Archaludon|move: Protect
|
|-weather|RainDance|[upkeep]
|-heal|p1b: Archaludon|13/100|[from] item: Leftovers
|-damage|p1a: Pelipper|50/100g tox|[from] psn
|-sideend|p1: Chelicerate1|move: Light Screen
|upkeep
|turn|9
|
|t:|1784704296
|move|p1b: Archaludon|Electro Shot||[still]
|-prepare|p1b: Archaludon|Electro Shot
|-boost|p1b: Archaludon|spa|1
|-anim|p1b: Archaludon|Electro Shot|p2a: Charizard
|-supereffective|p2a: Charizard|1
|-crit|p2a: Charizard
|-damage|p2a: Charizard|0 fnt
|faint|p2a: Charizard
|
|win|Chelicerate1
||67ToTheTop is ready for game 2.
