|j|☆Paywall vgc
|j|☆AsukaHikaru
|html|Paywall vgcAsukaHikaru    
|uhtml|bestof|Game 2 of a best-of-3
|t:|1784810442
|gametype|doubles
|player|p1|Paywall vgc|lucas|1562
|player|p2|AsukaHikaru|volkner|1462
|gen|9
|tier|[Gen 9 Champions] VGC 2026 Reg M-B (Bo3)
|rated|
|rule|Species Clause: Limit one of each Pokémon
|rule|Item Clause: Limit 1 of each item
|clearpoke
|poke|p1|Froslass, L50, F|
|poke|p1|Dragonite, L50, F|
|poke|p1|Toxapex, L50, M|
|poke|p1|Sneasler, L50, M|
|poke|p1|Kingambit, L50, M|
|poke|p1|Blaziken, L50, F|
|poke|p2|Incineroar, L50, M|
|poke|p2|Kingambit, L50, M|
|poke|p2|Sinistcha, L50|
|poke|p2|Floette-Eternal, L50, F|
|poke|p2|Sneasler, L50, M|
|poke|p2|Delphox, L50, M|
|teampreview|4
|showteam|p1|Froslass||Froslassite|CursedBody|Blizzard,ShadowBall,AuroraVeil,Protect|Timid||F|||50|]Dragonite||LifeOrb|InnerFocus|DragonClaw,ExtremeSpeed,LowKick,Protect|Adamant||F|||50|]Toxapex||Leftovers|Regenerator|Infestation,Toxic,WideGuard,BanefulBunker|Bold||M|||50|]Sneasler||FocusSash|PoisonTouch|CloseCombat,PoisonJab,FakeOut,Protect|Jolly||M|||50|]Kingambit||BlackGlasses|Defiant|KowtowCleave,IronHead,SuckerPunch,Protect|Adamant||M|||50|]Blaziken||Blazikenite|SpeedBoost|CloseCombat,FlareBlitz,StoneEdge,Protect|Adamant||F|||50|
|showteam|p2|Incineroar||PasshoBerry|Intimidate|PartingShot,FakeOut,FlareBlitz,DarkestLariat|Careful||M|||50|]Kingambit||LifeOrb|Defiant|Protect,KowtowCleave,IronHead,SuckerPunch|Adamant||M|||50|]Sinistcha||OccaBerry|Hospitality|Protect,MatchaGotcha,RagePowder,TrickRoom|Bold|||||50|]Floette-Eternal||Floettite|FlowerVeil|Protect,DazzlingGleam,Moonblast,CalmMind|Modest||F|||50|]Sneasler||FocusSash|PoisonTouch|PoisonJab,FakeOut,CloseCombat,RockSlide|Jolly||M|||50|]Delphox||Delphoxite|Blaze|Protect,HeatWave,Psychic,NastyPlot|Timid||M|||50|
|inactive|Battle timer is ON: inactive players will automatically lose when time's up. (requested by Paywall vgc)
|inactive|AsukaHikaru has 60 seconds left.
|l|☆Paywall vgc
|inactive|Paywall vgc disconnected and has a minute to reconnect!
|player|p1|
|
|t:|1784810481
|teamsize|p1|4
|teamsize|p2|4
|start
|switch|p1a: Froslass|Froslass, L50, F|100/100
|switch|p1b: Sneasler|Sneasler, L50, M|100/100
|switch|p2a: Floette|Floette-Eternal, L50, F|100/100
|switch|p2b: Incineroar|Incineroar, L50, M|100/100
|-ability|p2b: Incineroar|Intimidate|boost
|-unboost|p1a: Froslass|atk|1
|-unboost|p1b: Sneasler|atk|1
|turn|1
|j|☆Paywall vgc
|inactive|Paywall vgc reconnected and has 55 seconds left.
|player|p1|Paywall vgc|lucas|
|
|t:|1784810498
|detailschange|p1a: Froslass|Froslass-Mega, L50, F
|-mega|p1a: Froslass|Froslass|Froslassite
|-weather|Snowscape|[from] ability: Snow Warning|[of] p1a: Froslass
|detailschange|p2a: Floette|Floette-Mega, L50, F
|-mega|p2a: Floette|Floette|Floettite
|-ability|p2a: Floette|Fairy Aura
|move|p1b: Sneasler|Fake Out|p2a: Floette
|-damage|p2a: Floette|89/100
|move|p1a: Froslass|Aurora Veil|p1a: Froslass
|-sidestart|p1: Paywall vgc|move: Aurora Veil
|cant|p2a: Floette|flinch
|move|p2b: Incineroar|Parting Shot|p1a: Froslass
|-unboost|p1a: Froslass|atk|1
|-unboost|p1a: Froslass|spa|1
|
|t:|1784810511
|switch|p2b: Sinistcha|Sinistcha, L50|100/100|[from] Parting Shot
|-heal|p2a: Floette|100/100|[from] ability: Hospitality|[of] p2b: Sinistcha
|
|-weather|Snowscape|[upkeep]
|upkeep
|turn|2
|
|t:|1784810523
|move|p2b: Sinistcha|Protect|p2b: Sinistcha
|-singleturn|p2b: Sinistcha|Protect
|move|p1b: Sneasler|Poison Jab|p2a: Floette
|-supereffective|p2a: Floette|1
|-damage|p2a: Floette|38/100
|move|p1a: Froslass|Blizzard|p2b: Sinistcha|[spread] p2a
|-activate|p2b: Sinistcha|move: Protect
|-damage|p2a: Floette|17/100
|move|p2a: Floette|Moonblast|p1b: Sneasler
|-damage|p1b: Sneasler|36/100
|
|-weather|Snowscape|[upkeep]
|upkeep
|turn|3
|
|t:|1784810540
|switch|p2a: Kingambit|Kingambit, L50, M|100/100
|switch|p2b: Incineroar|Incineroar, L50, M|100/100
|-ability|p2b: Incineroar|Intimidate|boost
|-unboost|p1a: Froslass|atk|1
|-unboost|p1b: Sneasler|atk|1
|move|p1b: Sneasler|Poison Jab|p2b: Incineroar
|-damage|p2b: Incineroar|81/100
|move|p1a: Froslass|Blizzard|p2b: Incineroar|[spread] p2a,p2b
|-resisted|p2a: Kingambit|1
|-resisted|p2b: Incineroar|1
|-damage|p2a: Kingambit|87/100
|-damage|p2b: Incineroar|71/100
|
|-weather|Snowscape|[upkeep]
|upkeep
|turn|4
|
|t:|1784810557
|switch|p1b: Dragonite|Dragonite, L50, F|100/100
|switch|p1a: Kingambit|Kingambit, L50, M|100/100
|move|p2b: Incineroar|Parting Shot|p1a: Kingambit
|-unboost|p1a: Kingambit|atk|1
|-ability|p1a: Kingambit|Defiant|boost
|-boost|p1a: Kingambit|atk|2
|-unboost|p1a: Kingambit|spa|1
|-ability|p1a: Kingambit|Defiant|boost
|-boost|p1a: Kingambit|atk|2
|
|t:|1784810568
|switch|p2b: Floette|Floette-Mega, L50, F|17/100|[from] Parting Shot
|-ability|p2b: Floette|Fairy Aura
|move|p2a: Kingambit|Kowtow Cleave|p1a: Kingambit
|-resisted|p1a: Kingambit|1
|-damage|p1a: Kingambit|85/100
|-damage|p2a: Kingambit|78/100|[from] item: Life Orb
|
|-weather|Snowscape|[upkeep]
|upkeep
|turn|5
|
|t:|1784810586
|move|p1b: Dragonite|Extreme Speed|p2b: Floette
|-damage|p2b: Floette|0 fnt
|faint|p2b: Floette
|-damage|p1b: Dragonite|90/100|[from] item: Life Orb
|move|p2a: Kingambit|Kowtow Cleave|p1b: Dragonite
|-damage|p1b: Dragonite|49/100
|-damage|p2a: Kingambit|68/100|[from] item: Life Orb
|move|p1a: Kingambit|Kowtow Cleave|p2a: Kingambit
|-resisted|p2a: Kingambit|1
|-damage|p2a: Kingambit|16/100
|
|-weather|none
|-sideend|p1: Paywall vgc|move: Aurora Veil
|upkeep
|
|t:|1784810597
|switch|p2b: Sinistcha|Sinistcha, L50|100/100
|-heal|p2a: Kingambit|41/100|[from] ability: Hospitality|[of] p2b: Sinistcha
|turn|6
|
|t:|1784810609
|move|p1b: Dragonite|Low Kick|p2a: Kingambit
|-supereffective|p2a: Kingambit|2
|-damage|p2a: Kingambit|0 fnt
|faint|p2a: Kingambit
|-damage|p1b: Dragonite|39/100|[from] item: Life Orb
|move|p1a: Kingambit|Kowtow Cleave|p2b: Sinistcha
|-supereffective|p2b: Sinistcha|1
|-damage|p2b: Sinistcha|0 fnt
|faint|p2b: Sinistcha
|
|upkeep
|-message|AsukaHikaru forfeited.
|
|win|Paywall vgc
|raw|Paywall vgc's rating: 1562 → 1576(+14 for winning)
|raw|AsukaHikaru's rating: 1462 → 1448(-14 for losing)
