|j|☆Mew7000
|j|☆Dawsonschris
|html|Mew7000Dawsonschris    
|uhtml|bestof|Game 3 of a best-of-3
|t:|1756932215
|gametype|doubles
|player|p1|Mew7000|scientist-gen1rb|1081
|player|p2|Dawsonschris|artist-gen4|1103
|gen|9
|tier|[Gen 9] VGC 2025 Reg H (Bo3)
|rated|
|rule|Species Clause: Limit one of each Pokémon
|rule|Item Clause: Limit 1 of each item
|clearpoke
|poke|p1|Poliwrath, L50, F|
|poke|p1|Gholdengo, L50|
|poke|p1|Archaludon, L50, M|
|poke|p1|Pelipper, L50, F|
|poke|p1|Amoonguss, L50, F|
|poke|p1|Incineroar, L50, F|
|poke|p2|Ursaluna-Bloodmoon, L50, M|
|poke|p2|Electabuzz, L50, F|
|poke|p2|Sneasler, L50, F|
|poke|p2|Indeedee, L50, M|
|poke|p2|Incineroar, L50, M|
|poke|p2|Whimsicott, L50, M|
|teampreview|4
|showteam|p1|Poliwrath||LifeOrb|SwiftSwim|Liquidation,CloseCombat,Haze,Protect|||F|||50|,,,,,Stellar]Gholdengo||Leftovers|GoodasGold|MakeItRain,ShadowBall,NastyPlot,Protect||||||50|,,,,,Water]Archaludon||AssaultVest|Stamina|ElectroShot,FlashCannon,DragonPulse,BodyPress|||M|||50|,,,,,Bug]Pelipper||FocusSash|Drizzle|Hurricane,WeatherBall,Tailwind,Protect|||F|||50|,,,,,Ground]Amoonguss||CovertCloak|Regenerator|Spore,PollenPuff,RagePowder,Protect|||F|||50|,,,,,Fire]Incineroar||SafetyGoggles|Intimidate|FakeOut,KnockOff,Taunt,PartingShot|||F|||50|,,,,,Ghost
|showteam|p2|Ursaluna-Bloodmoon||LifeOrb|MindsEye|Protect,BloodMoon,EarthPower,HyperVoice|||M|||50|,,,,,Normal]Electabuzz||Eviolite|VitalSpirit|FollowMe,Taunt,Electroweb,Protect|||F|||50|,,,,,Dragon]Sneasler||PsychicSeed|Unburden|ThroatChop,DireClaw,CloseCombat,Protect|||F|||50|,,,,,Dark]Indeedee||FocusSash|PsychicSurge|ExpandingForce,TrickRoom,HelpingHand,Protect|||M|||50|,,,,,Psychic]Incineroar||SafetyGoggles|Intimidate|FakeOut,KnockOff,PartingShot,FlareBlitz|||M|||50|,,,,,Ghost]Whimsicott||CovertCloak|Prankster|Tailwind,Moonblast,Encore,SunnyDay|||M|||50|,,,,,Ghost
|inactive|Battle timer is ON: inactive players will automatically lose when time's up. (requested by Dawsonschris)
|
|t:|1756932236
|teamsize|p1|4
|teamsize|p2|4
|start
|switch|p1a: Poliwrath|Poliwrath, L50, F, shiny|100/100
|switch|p1b: Pelipper|Pelipper, L50, F|100/100
|switch|p2a: Electabuzz|Electabuzz, L50, F|100/100
|switch|p2b: Ursaluna|Ursaluna-Bloodmoon, L50, M|100/100
|-weather|RainDance|[from] ability: Drizzle|[of] p1b: Pelipper
|turn|1
|inactive|Mew7000 has 30 seconds left.
|
|t:|1756932269
|-terastallize|p2a: Electabuzz|Dragon
|move|p2a: Electabuzz|Follow Me|p2a: Electabuzz
|-singleturn|p2a: Electabuzz|move: Follow Me
|move|p1a: Poliwrath|Liquidation|p2a: Electabuzz
|-resisted|p2a: Electabuzz
|-crit|p2a: Electabuzz
|-damage|p2a: Electabuzz|40/100
|-unboost|p2a: Electabuzz|def|1
|-damage|p1a: Poliwrath|91/100|[from] item: Life Orb
|move|p1b: Pelipper|Tailwind|p1b: Pelipper
|-sidestart|p1: Mew7000|move: Tailwind
|move|p2b: Ursaluna|Hyper Voice|p1a: Poliwrath|[spread] p1a,p1b
|-damage|p1a: Poliwrath|33/100
|-damage|p1b: Pelipper|5/100
|-damage|p2b: Ursaluna|91/100|[from] item: Life Orb
|
|-weather|RainDance|[upkeep]
|upkeep
|turn|2
|
|t:|1756932288
|move|p2b: Ursaluna|Protect|p2b: Ursaluna
|-singleturn|p2b: Ursaluna|Protect
|move|p1a: Poliwrath|Close Combat|p2a: Electabuzz
|-damage|p2a: Electabuzz|0 fnt
|-unboost|p1a: Poliwrath|def|1
|-unboost|p1a: Poliwrath|spd|1
|faint|p2a: Electabuzz
|-damage|p1a: Poliwrath|24/100|[from] item: Life Orb
|move|p1b: Pelipper|Weather Ball|p2b: Ursaluna
|-activate|p2b: Ursaluna|move: Protect
|
|-weather|RainDance|[upkeep]
|upkeep
|
|t:|1756932302
|switch|p2a: Whimsicott|Whimsicott, L50, M|100/100
|turn|3
|inactive|Dawsonschris has 30 seconds left.
|
|t:|1756932335
|switch|p1a: Gholdengo|Gholdengo, L50|100/100
|switch|p2b: Sneasler|Sneasler, L50, F|100/100
|move|p2a: Whimsicott|Sunny Day|p2a: Whimsicott
|-weather|SunnyDay
|move|p1b: Pelipper|Hurricane|p2a: Whimsicott|[miss]
|-miss|p1b: Pelipper|p2a: Whimsicott
|
|-weather|SunnyDay|[upkeep]
|upkeep
|turn|4
|
|t:|1756932358
|switch|p1b: Archaludon|Archaludon, L50, M|100/100
|move|p1a: Gholdengo|Nasty Plot|p1a: Gholdengo
|-boost|p1a: Gholdengo|spa|2
|move|p2a: Whimsicott|Moonblast|p1b: Archaludon
|-damage|p1b: Archaludon|78/100
|-ability|p1b: Archaludon|Stamina|boost
|-boost|p1b: Archaludon|def|1
|move|p2b: Sneasler|Throat Chop|p1a: Gholdengo
|-supereffective|p1a: Gholdengo
|-damage|p1a: Gholdengo|42/100
|-start|p1a: Gholdengo|Throat Chop|[silent]
|
|-weather|SunnyDay|[upkeep]
|-heal|p1a: Gholdengo|48/100|[from] item: Leftovers
|-sideend|p1: Mew7000|move: Tailwind
|upkeep
|turn|5
|inactive|Dawsonschris has 30 seconds left.
|
|t:|1756932386
|-terastallize|p1b: Archaludon|Bug
|move|p1a: Gholdengo|Protect|p1a: Gholdengo
|-singleturn|p1a: Gholdengo|Protect
|move|p2a: Whimsicott|Tailwind|p2a: Whimsicott
|-sidestart|p2: Dawsonschris|move: Tailwind
|move|p2b: Sneasler|Close Combat|p1b: Archaludon
|-resisted|p1b: Archaludon
|-damage|p1b: Archaludon|60/100
|-unboost|p2b: Sneasler|def|1
|-unboost|p2b: Sneasler|spd|1
|-ability|p1b: Archaludon|Stamina|boost
|-boost|p1b: Archaludon|def|1
|move|p1b: Archaludon|Flash Cannon|p2a: Whimsicott
|-supereffective|p2a: Whimsicott
|-damage|p2a: Whimsicott|0 fnt
|faint|p2a: Whimsicott
|
|-weather|SunnyDay|[upkeep]
|-heal|p1a: Gholdengo|54/100|[from] item: Leftovers
|-end|p1a: Gholdengo|Throat Chop|[silent]
|upkeep
|
|t:|1756932405
|switch|p2a: Ursaluna|Ursaluna-Bloodmoon, L50, M|91/100
|turn|6
|
|t:|1756932413
|switch|p1b: Pelipper|Pelipper, L50, F|5/100
|-weather|RainDance|[from] ability: Drizzle|[of] p1b: Pelipper
|move|p2b: Sneasler|Throat Chop|p1a: Gholdengo
|-supereffective|p1a: Gholdengo
|-damage|p1a: Gholdengo|0 fnt
|faint|p1a: Gholdengo
|move|p2a: Ursaluna|Blood Moon|p1b: Pelipper
|-damage|p1b: Pelipper|0 fnt
|faint|p1b: Pelipper
|-damage|p2a: Ursaluna|81/100|[from] item: Life Orb
|
|-weather|RainDance|[upkeep]
|upkeep
|
|t:|1756932424
|switch|p1b: Poliwrath|Poliwrath, L50, F, shiny|24/100
|switch|p1a: Archaludon|Archaludon, L50, M, tera:Bug|60/100
|turn|7
|
|t:|1756932443
|move|p1b: Poliwrath|Protect|p1b: Poliwrath
|-singleturn|p1b: Poliwrath|Protect
|move|p2a: Ursaluna|Protect|p2a: Ursaluna
|-singleturn|p2a: Ursaluna|Protect
|move|p2b: Sneasler|Dire Claw|p1b: Poliwrath
|-activate|p1b: Poliwrath|move: Protect
|move|p1a: Archaludon|Electro Shot||[still]
|-prepare|p1a: Archaludon|Electro Shot
|-boost|p1a: Archaludon|spa|1
|-anim|p1a: Archaludon|Electro Shot|p2b: Sneasler
|-damage|p2b: Sneasler|0 fnt
|faint|p2b: Sneasler
|
|-weather|RainDance|[upkeep]
|upkeep
|turn|8
|
|t:|1756932461
|move|p1b: Poliwrath|Close Combat|p2a: Ursaluna
|-supereffective|p2a: Ursaluna
|-damage|p2a: Ursaluna|0 fnt
|-unboost|p1b: Poliwrath|def|1
|-unboost|p1b: Poliwrath|spd|1
|faint|p2a: Ursaluna
|-damage|p1b: Poliwrath|14/100|[from] item: Life Orb
|
|win|Mew7000
|raw|Mew7000's rating: 1081 → 1111(+30 for winning)
|raw|Dawsonschris's rating: 1103 → 1076(-27 for losing)
