|j|☆Teste_53
|j|☆Robossico
|html|Teste_53Robossico    
|uhtml|bestof|Game 3 of a best-of-3
|t:|1782768169
|gametype|doubles
|player|p1|Teste_53|janitor|1131
|player|p2|Robossico|az|1036
|gen|9
|tier|[Gen 9 Champions] VGC 2026 Reg M-B (Bo3)
|rated|
|rule|Species Clause: Limit one of each Pokémon
|rule|Item Clause: Limit 1 of each item
|clearpoke
|poke|p1|Staraptor, L50, M|
|poke|p1|Sinistcha-Masterpiece, L50|
|poke|p1|Kingambit, L50, F|
|poke|p1|Grimmsnarl, L50, M, shiny|
|poke|p1|Blastoise, L50, M|
|poke|p1|Incineroar, L50, M|
|poke|p2|Archaludon, L50, M|
|poke|p2|Basculegion, L50, M, shiny|
|poke|p2|Pelipper, L50, M|
|poke|p2|Sinistcha-Masterpiece, L50|
|poke|p2|Blastoise, L50, M|
|poke|p2|Incineroar, L50, F|
|teampreview|4
|showteam|p1|Staraptor||Staraptite|Intimidate|CloseCombat,BraveBird,Protect,Roost|Jolly||M|||50|]Sinistcha-Masterpiece||MentalHerb|Hospitality|RagePowder,TrickRoom,MatchaGotcha,ShadowBall|Relaxed|||||50|]Kingambit||BlackGlasses|Defiant|IronHead,KowtowCleave,SuckerPunch,Protect|Adamant||F|||50|]Grimmsnarl||LightClay|Prankster|SpiritBreak,PartingShot,LightScreen,Reflect|Impish||M|||50|]Blastoise||Blastoisinite|RainDish|WaterPulse,FlashCannon,Protect,IceBeam|Modest||M|||50|]Incineroar||SitrusBerry|Intimidate|PartingShot,ThroatChop,FakeOut,FlareBlitz|Adamant||M|||50|
|showteam|p2|Archaludon||Leftovers|Stamina|ElectroShot,FlashCannon,Protect,DracoMeteor|Modest||M|||50|]Basculegion||MysticWater|SwiftSwim|AquaJet,WaveCrash,LastRespects,Protect|Adamant||M|||50|]Pelipper||FocusSash|Drizzle|WideGuard,Tailwind,Hurricane,WeatherBall|Modest||M|||50|]Sinistcha-Masterpiece||SitrusBerry|Hospitality|MatchaGotcha,TrickRoom,Protect,RagePowder|Bold|||||50|]Blastoise||Blastoisinite|Torrent|WaterSpout,HydroPump,DarkPulse,Protect|Modest||M|||50|]Incineroar||WhiteHerb|Intimidate|FlareBlitz,CloseCombat,DarkestLariat,FakeOut|Adamant||F|||50|
|inactive|Battle timer is ON: inactive players will automatically lose when time's up. (requested by Teste_53)
|inactive|Teste_53 has 60 seconds left.
|
|t:|1782768224
|teamsize|p1|4
|teamsize|p2|4
|start
|switch|p1a: Kingambit|Kingambit, L50, F|100/100
|switch|p1b: Duende Fashion|Grimmsnarl, L50, M, shiny|100/100
|switch|p2a: Basculegion|Basculegion, L50, M, shiny|100/100
|switch|p2b: Pelipper|Pelipper, L50, M|100/100
|-weather|RainDance|[from] ability: Drizzle|[of] p2b: Pelipper
|turn|1
|
|t:|1782768244
|move|p2a: Basculegion|Protect|p2a: Basculegion
|-singleturn|p2a: Basculegion|Protect
|move|p1a: Kingambit|Protect|p1a: Kingambit
|-singleturn|p1a: Kingambit|Protect
|move|p1b: Duende Fashion|Reflect|p1b: Duende Fashion
|-sidestart|p1: Teste_53|Reflect
|move|p2b: Pelipper|Weather Ball|p1a: Kingambit
|-activate|p1a: Kingambit|move: Protect
|
|-weather|RainDance|[upkeep]
|upkeep
|turn|2
|
|t:|1782768261
|switch|p2a: Archaludon|Archaludon, L50, M|100/100
|move|p1b: Duende Fashion|Light Screen|p1b: Duende Fashion
|-sidestart|p1: Teste_53|move: Light Screen
|move|p2b: Pelipper|Weather Ball|p1a: Kingambit
|-damage|p1a: Kingambit|51/100
|move|p1a: Kingambit|Kowtow Cleave|p2a: Archaludon
|-damage|p2a: Archaludon|53/100
|-ability|p2a: Archaludon|Stamina|boost
|-boost|p2a: Archaludon|def|1
|
|-weather|RainDance|[upkeep]
|-heal|p2a: Archaludon|59/100|[from] item: Leftovers
|upkeep
|turn|3
|
|t:|1782768286
|move|p2a: Archaludon|Protect|p2a: Archaludon
|-singleturn|p2a: Archaludon|Protect
|move|p1b: Duende Fashion|Parting Shot|p2b: Pelipper
|-unboost|p2b: Pelipper|atk|1
|-unboost|p2b: Pelipper|spa|1
|
|t:|1782768292
|switch|p1b: Bimbli|Sinistcha-Masterpiece, L50|100/100|[from] Parting Shot
|-heal|p1a: Kingambit|75/100|[from] ability: Hospitality|[of] p1b: Bimbli
|move|p2b: Pelipper|Weather Ball|p1a: Kingambit
|-damage|p1a: Kingambit|42/100
|move|p1a: Kingambit|Kowtow Cleave|p2b: Pelipper
|-damage|p2b: Pelipper|18/100
|
|-weather|RainDance|[upkeep]
|-heal|p2a: Archaludon|65/100|[from] item: Leftovers
|upkeep
|turn|4
|inactive|Teste_53 has 30 seconds left.
|inactive|Robossico has 30 seconds left.
|
|t:|1782768324
|switch|p2b: Sinistcha|Sinistcha-Masterpiece, L50|100/100
|-heal|p2a: Archaludon|90/100|[from] ability: Hospitality|[of] p2b: Sinistcha
|move|p1a: Kingambit|Protect|p1a: Kingambit
|-singleturn|p1a: Kingambit|Protect
|move|p2a: Archaludon|Electro Shot||[still]
|-prepare|p2a: Archaludon|Electro Shot
|-boost|p2a: Archaludon|spa|1
|-anim|p2a: Archaludon|Electro Shot|p1a: Kingambit
|-activate|p1a: Kingambit|move: Protect
|move|p1b: Bimbli|Trick Room|p1b: Bimbli
|-fieldstart|move: Trick Room|[of] p1b: Bimbli
|
|-weather|RainDance|[upkeep]
|-heal|p2a: Archaludon|96/100|[from] item: Leftovers
|upkeep
|turn|5
|inactive|Teste_53 has 30 seconds left.
|
|t:|1782768350
|move|p1b: Bimbli|Rage Powder|p1b: Bimbli
|-singleturn|p1b: Bimbli|move: Rage Powder
|move|p1a: Kingambit|Kowtow Cleave|p2b: Sinistcha
|-supereffective|p2b: Sinistcha|1
|-damage|p2b: Sinistcha|1/100
|-enditem|p2b: Sinistcha|Sitrus Berry|[eat]
|-heal|p2b: Sinistcha|25/100|[from] item: Sitrus Berry
|move|p2a: Archaludon|Electro Shot||[still]
|-prepare|p2a: Archaludon|Electro Shot
|-boost|p2a: Archaludon|spa|1
|-anim|p2a: Archaludon|Electro Shot|p1b: Bimbli
|-resisted|p1b: Bimbli|1
|-damage|p1b: Bimbli|73/100
|move|p2b: Sinistcha|Trick Room|p2b: Sinistcha
|-fieldend|move: Trick Room
|
|-weather|none
|-heal|p2a: Archaludon|100/100|[from] item: Leftovers
|upkeep
|turn|6
|inactive|Teste_53 has 30 seconds left.
|inactive|Robossico has 30 seconds left.
|inactive|Teste_53 has 20 seconds left.
|inactive|Robossico has 20 seconds left.
|inactive|Robossico has 15 seconds left.
|
|t:|1782768391
|switch|p2b: Pelipper|Pelipper, L50, M|18/100
|-weather|RainDance|[from] ability: Drizzle|[of] p2b: Pelipper
|move|p2a: Archaludon|Electro Shot||[still]
|-prepare|p2a: Archaludon|Electro Shot
|-boost|p2a: Archaludon|spa|1
|-anim|p2a: Archaludon|Electro Shot|p1a: Kingambit
|-damage|p1a: Kingambit|0 fnt
|faint|p1a: Kingambit
|move|p1b: Bimbli|Shadow Ball|p2a: Archaludon
|-damage|p2a: Archaludon|56/100
|-ability|p2a: Archaludon|Stamina|boost
|-boost|p2a: Archaludon|def|1
|
|-weather|RainDance|[upkeep]
|-heal|p2a: Archaludon|62/100|[from] item: Leftovers
|upkeep
|
|t:|1782768402
|switch|p1a: Blastoise|Blastoise, L50, M|100/100
|turn|7
|inactive|Teste_53 has 30 seconds left.
|inactive|Teste_53 has 20 seconds left.
|
|t:|1782768442
|switch|p2b: Sinistcha|Sinistcha-Masterpiece, L50|25/100
|-heal|p2a: Archaludon|87/100|[from] ability: Hospitality|[of] p2b: Sinistcha
|detailschange|p1a: Blastoise|Blastoise-Mega, L50, M
|-mega|p1a: Blastoise|Blastoise|Blastoisinite
|move|p2a: Archaludon|Protect|p2a: Archaludon
|-singleturn|p2a: Archaludon|Protect
|move|p1b: Bimbli|Rage Powder|p1b: Bimbli
|-singleturn|p1b: Bimbli|move: Rage Powder
|move|p1a: Blastoise|Water Pulse|p2a: Archaludon
|-activate|p2a: Archaludon|move: Protect
|
|-weather|RainDance|[upkeep]
|-heal|p2a: Archaludon|93/100|[from] item: Leftovers
|upkeep
|turn|8
|inactive|Teste_53 has 30 seconds left.
|inactive|Robossico has 30 seconds left.
|
|t:|1782768475
|move|p1a: Blastoise|Protect|p1a: Blastoise
|-singleturn|p1a: Blastoise|Protect
|move|p2b: Sinistcha|Rage Powder|p2b: Sinistcha
|-singleturn|p2b: Sinistcha|move: Rage Powder
|move|p2a: Archaludon|Electro Shot||[still]
|-prepare|p2a: Archaludon|Electro Shot
|-boost|p2a: Archaludon|spa|1
|-anim|p2a: Archaludon|Electro Shot|p1a: Blastoise
|-activate|p1a: Blastoise|move: Protect
|move|p1b: Bimbli|Trick Room|p1b: Bimbli
|-fieldstart|move: Trick Room|[of] p1b: Bimbli
|
|-weather|RainDance|[upkeep]
|-heal|p2a: Archaludon|100/100|[from] item: Leftovers
|-sideend|p1: Teste_53|Reflect
|upkeep
|turn|9
|inactive|Teste_53 has 30 seconds left.
|inactive|Robossico has 30 seconds left.
|inactive|Teste_53 has 20 seconds left.
|
|t:|1782768512
|move|p2b: Sinistcha|Protect|p2b: Sinistcha
|-singleturn|p2b: Sinistcha|Protect
|move|p1b: Bimbli|Shadow Ball|p2b: Sinistcha
|-activate|p2b: Sinistcha|move: Protect
|move|p1a: Blastoise|Water Pulse|p2a: Archaludon
|-resisted|p2a: Archaludon|1
|-damage|p2a: Archaludon|51/100
|-ability|p2a: Archaludon|Stamina|boost
|-boost|p2a: Archaludon|def|1
|move|p2a: Archaludon|Electro Shot||[still]
|-prepare|p2a: Archaludon|Electro Shot
|-boost|p2a: Archaludon|spa|1
|-anim|p2a: Archaludon|Electro Shot|p1a: Blastoise
|-supereffective|p1a: Blastoise|1
|-damage|p1a: Blastoise|0 fnt
|faint|p1a: Blastoise
|
|-weather|RainDance|[upkeep]
|-heal|p2a: Archaludon|57/100|[from] item: Leftovers
|-sideend|p1: Teste_53|move: Light Screen
|upkeep
|
|t:|1782768525
|switch|p1a: Duende Fashion|Grimmsnarl, L50, M, shiny|100/100
|turn|10
|
|t:|1782768552
|move|p2b: Sinistcha|Rage Powder|p2b: Sinistcha
|-singleturn|p2b: Sinistcha|move: Rage Powder
|move|p1a: Duende Fashion|Spirit Break|p2b: Sinistcha
|-damage|p2b: Sinistcha|0 fnt
|faint|p2b: Sinistcha
|move|p1b: Bimbli|Shadow Ball|p2a: Archaludon
|-damage|p2a: Archaludon|17/100
|-ability|p2a: Archaludon|Stamina|boost
|-boost|p2a: Archaludon|def|1
|move|p2a: Archaludon|Flash Cannon|p1a: Duende Fashion
|-supereffective|p1a: Duende Fashion|1
|-damage|p1a: Duende Fashion|0 fnt
|faint|p1a: Duende Fashion
|
|-weather|none
|-heal|p2a: Archaludon|23/100|[from] item: Leftovers
|upkeep
|
|t:|1782768563
|switch|p2b: Pelipper|Pelipper, L50, M|18/100
|-weather|RainDance|[from] ability: Drizzle|[of] p2b: Pelipper
|turn|11
|
|t:|1782768577
|move|p1b: Bimbli|Matcha Gotcha|p2a: Archaludon|[spread] p2a,p2b
|-resisted|p2a: Archaludon|2
|-damage|p2a: Archaludon|16/100
|-heal|p1b: Bimbli|78/100|[from] drain|[of] p2a: Archaludon
|-damage|p2b: Pelipper|0 fnt
|-heal|p1b: Bimbli|85/100|[from] drain|[of] p2b: Pelipper
|-ability|p2a: Archaludon|Stamina|boost
|-boost|p2a: Archaludon|def|1
|faint|p2b: Pelipper
|move|p2a: Archaludon|Flash Cannon|p1b: Bimbli
|-damage|p1b: Bimbli|0 fnt
|faint|p1b: Bimbli
|
|win|Robossico
|raw|Teste_53's rating: 1131 → 1099(-32 for losing)
|raw|Robossico's rating: 1036 → 1080(+44 for winning)
