|j|☆stanhoff
|j|☆Cyclondo3
|html|stanhoffCyclondo3    
|uhtml|bestof|Game 1 of a best-of-3
|t:|1757788723
|gametype|doubles
|player|p1|stanhoff|falkner|1110
|player|p2|Cyclondo3|hilbert|1014
|gen|9
|tier|[Gen 9] VGC 2025 Reg H (Bo3)
|rated|
|rule|Species Clause: Limit one of each Pokémon
|rule|Item Clause: Limit 1 of each item
|clearpoke
|poke|p1|Hatterene, L50, F|
|poke|p1|Indeedee-F, L50, F|
|poke|p1|Sneasler, L50, M|
|poke|p1|Excadrill, L50, M|
|poke|p1|Tyranitar, L50, F|
|poke|p1|Amoonguss, L50, M|
|poke|p2|Sableye, L50, M|
|poke|p2|Vivillon, L50, F|
|poke|p2|Rillaboom, L50, M|
|poke|p2|Jolteon, L50, M|
|poke|p2|Sneasler, L50, F|
|poke|p2|Ninetales, L50, M|
|teampreview|4
|showteam|p1|Hatterene||LifeOrb|MagicBounce|Protect,TrickRoom,ExpandingForce,DazzlingGleam|||F|||50|,,,,,Psychic]Indeedee-F||SafetyGoggles|PsychicSurge|FollowMe,HelpingHand,Psychic,TrickRoom|||F|||50|,,,,,Fairy]Sneasler||PsychicSeed|Unburden|DireClaw,CloseCombat,ThroatChop,Protect|||M|||50|,,,,,Dark]Excadrill||FocusSash|SandRush|Earthquake,IronHead,HighHorsepower,Protect|||M|||50|,,,,,Ground]Tyranitar||AirBalloon|SandStream|RockSlide,LowKick,KnockOff,Protect|||F|||50|,,,,,Flying]Amoonguss||RockyHelmet|Regenerator|Spore,RagePowder,SludgeBomb,ClearSmog|||M|||50|,,,,,Water
|showteam|p2|Sableye||SafetyGoggles|Prankster|Protect,Gravity,Disable,Encore|||M|||50|,,,,,Dark]Vivillon||FocusSash|CompoundEyes|Protect,SleepPowder,StruggleBug,Hurricane|||F|||50|,,,,,Grass]Rillaboom||AssaultVest|GrassySurge|Uturn,FakeOut,KnockOff,GrassyGlide|||M|||50|,,,,,Fire]Jolteon||ChoiceSpecs|QuickFeet|VoltSwitch,Thunderbolt,WeatherBall,TeraBlast|||M|||50|,,,,,Ice]Sneasler||GrassySeed|Unburden|Protect,FakeOut,CloseCombat,GunkShot|||F|||50|,,,,,Dark]Ninetales||CovertCloak|Drought|Protect,NastyPlot,Flamethrower,SolarBeam|||M|||50|,,,,,Grass
|inactive|Battle timer is ON: inactive players will automatically lose when time's up. (requested by Cyclondo3)
|c|☆Cyclondo3|Glhf
|
|t:|1757788746
|teamsize|p1|4
|teamsize|p2|4
|start
|switch|p1a: Excadrill|Excadrill, L50, M|100/100
|switch|p1b: Tyranitar|Tyranitar, L50, F|100/100
|switch|p2a: Jolteon|Jolteon, L50, M|100/100
|switch|p2b: Vivillon|Vivillon, L50, F|100/100
|-weather|Sandstorm|[from] ability: Sand Stream|[of] p1b: Tyranitar
|-item|p1b: Tyranitar|Air Balloon
|turn|1
|c|☆stanhoff|u2
|inactive|stanhoff has 30 seconds left.
|inactive|stanhoff has 20 seconds left.
|inactive|stanhoff has 15 seconds left.
|
|t:|1757788791
|switch|p1a: Indeedee|Indeedee-F, L50, F|100/100
|-fieldstart|move: Psychic Terrain|[from] ability: Psychic Surge|[of] p1a: Indeedee
|switch|p2b: Ninetales|Ninetales, L50, M|100/100
|-weather|SunnyDay|[from] ability: Drought|[of] p2b: Ninetales
|-terastallize|p2a: Jolteon|Ice
|move|p2a: Jolteon|Tera Blast|p1a: Indeedee|[anim] Tera Blast Ice
|-damage|p1a: Indeedee|49/100
|move|p1b: Tyranitar|Rock Slide|p2a: Jolteon|[spread] p2b
|-miss|p1b: Tyranitar|p2a: Jolteon
|-supereffective|p2b: Ninetales
|-damage|p2b: Ninetales|0 fnt
|faint|p2b: Ninetales
|
|-weather|SunnyDay|[upkeep]
|upkeep
|inactive|Cyclondo3 has 30 seconds left.
|
|t:|1757788818
|switch|p2b: Vivillon|Vivillon, L50, F|100/100
|turn|2
|
|t:|1757788840
|move|p1a: Indeedee|Follow Me|p1a: Indeedee
|-singleturn|p1a: Indeedee|move: Follow Me
|move|p2a: Jolteon|Tera Blast|p1a: Indeedee|[anim] Tera Blast Ice
|-damage|p1a: Indeedee|0 fnt
|faint|p1a: Indeedee
|move|p2b: Vivillon|Hurricane|p1b: Tyranitar|[miss]
|-miss|p2b: Vivillon|p1b: Tyranitar
|move|p1b: Tyranitar|Rock Slide|p2b: Vivillon|[spread] p2a,p2b
|-supereffective|p2a: Jolteon
|-supereffective|p2b: Vivillon
|-damage|p2a: Jolteon|0 fnt
|-enditem|p2b: Vivillon|Focus Sash
|-damage|p2b: Vivillon|1/100
|faint|p2a: Jolteon
|
|-weather|SunnyDay|[upkeep]
|upkeep
|
|t:|1757788854
|switch|p2a: Sneasler|Sneasler, L50, F|100/100
|switch|p1a: Sneasler|Sneasler, L50, M|100/100
|-enditem|p1a: Sneasler|Psychic Seed
|-boost|p1a: Sneasler|spd|1|[from] item: Psychic Seed
|turn|3
|
|t:|1757788869
|switch|p1b: Excadrill|Excadrill, L50, M|100/100
|move|p2b: Vivillon|Protect|p2b: Vivillon
|-singleturn|p2b: Vivillon|Protect
|move|p1a: Sneasler|Dire Claw|p2b: Vivillon
|-activate|p2b: Vivillon|move: Protect
|move|p2a: Sneasler|Close Combat|p1b: Excadrill
|-supereffective|p1b: Excadrill
|-enditem|p1b: Excadrill|Focus Sash
|-damage|p1b: Excadrill|1/100
|-unboost|p2a: Sneasler|def|1
|-unboost|p2a: Sneasler|spd|1
|
|-weather|SunnyDay|[upkeep]
|upkeep
|turn|4
|inactive|Cyclondo3 has 30 seconds left.
|inactive|Cyclondo3 has 20 seconds left.
|inactive|Cyclondo3 has 15 seconds left.
|inactive|Cyclondo3 has 10 seconds left.
|
|t:|1757788917
|move|p2a: Sneasler|Protect|p2a: Sneasler
|-singleturn|p2a: Sneasler|Protect
|move|p1b: Excadrill|Protect|p1b: Excadrill
|-singleturn|p1b: Excadrill|Protect
|move|p1a: Sneasler|Dire Claw|p2b: Vivillon
|-damage|p2b: Vivillon|0 fnt
|faint|p2b: Vivillon
|
|-weather|SunnyDay|[upkeep]
|upkeep
|turn|5
|
|t:|1757788933
|switch|p1a: Tyranitar|Tyranitar, L50, F|100/100
|-weather|Sandstorm|[from] ability: Sand Stream|[of] p1a: Tyranitar
|-item|p1a: Tyranitar|Air Balloon
|move|p1b: Excadrill|Earthquake|p2a: Sneasler|[spread] p2a
|-immune|p1a: Tyranitar
|-supereffective|p2a: Sneasler
|-damage|p2a: Sneasler|0 fnt
|faint|p2a: Sneasler
|
|win|stanhoff
||Cyclondo3 is ready for game 2.
|l|☆Cyclondo3
|player|p2|
|inactive|stanhoff has 30 seconds to confirm battle start!
||stanhoff is ready for game 2.
|uhtml|next|Next: Game 2 of 3
