|j|☆Marvcolor
|j|☆Darkip_8
|html|MarvcolorDarkip_8    
|uhtml|bestof|Game 1 of a best-of-3
|t:|1784210755
|gametype|doubles
|player|p1|Marvcolor|giovanni|1342
|player|p2|Darkip_8|102|1281
|gen|9
|tier|[Gen 9 Champions] VGC 2026 Reg M-B (Bo3)
|rated|
|rule|Species Clause: Limit one of each Pokémon
|rule|Item Clause: Limit 1 of each item
|clearpoke
|poke|p1|Gengar, L50, F, shiny|
|poke|p1|Politoed, L50, F, shiny|
|poke|p1|Archaludon, L50, F, shiny|
|poke|p1|Swampert, L50, F, shiny|
|poke|p1|Incineroar, L50, F, shiny|
|poke|p1|Vivillon, L50, F, shiny|
|poke|p2|Incineroar, L50, F|
|poke|p2|Kingambit, L50, M|
|poke|p2|Sinistcha, L50|
|poke|p2|Sneasler, L50, M|
|poke|p2|Floette-Eternal, L50, F|
|poke|p2|Delphox, L50, F|
|teampreview|4
|showteam|p1|Gengar||Gengarite|CursedBody|ShadowBall,SludgeBomb,PerishSong,Protect|Modest||F|||50|]Politoed||SitrusBerry|Drizzle|WeatherBall,PerishSong,Encore,Protect|Calm||F|||50|]Archaludon||Leftovers|Stamina|ElectroShot,DragonPulse,FlashCannon,Protect|Bold||F|||50|]Swampert||Swampertite|Damp|WaveCrash,Earthquake,IcePunch,Protect|Adamant||F|||50|]Incineroar||PasshoBerry|Intimidate|ThroatChop,PartingShot,Protect,FakeOut|Sassy||F|||50|]Vivillon||FocusSash|CompoundEyes|Hurricane,SleepPowder,RagePowder,Protect|Timid||F|||50|
|showteam|p2|Incineroar||SitrusBerry|Intimidate|FakeOut,FlareBlitz,DarkestLariat,PartingShot|Impish||F|||50|]Kingambit||BlackGlasses|Defiant|KowtowCleave,SuckerPunch,SwordsDance,Protect|Adamant||M|||50|]Sinistcha||KasibBerry|Hospitality|MatchaGotcha,RagePowder,TrickRoom,Protect|Bold|||||50|]Sneasler||FocusSash|PoisonTouch|FakeOut,CloseCombat,DireClaw,QuickGuard|Jolly||M|||50|]Floette-Eternal||Floettite|FlowerVeil|Moonblast,DazzlingGleam,CalmMind,Protect|Modest||F|||50|]Delphox||Delphoxite|Blaze|HeatWave,Psyshock,NastyPlot,Protect|Timid||F|||50|
|inactive|Battle timer is ON: inactive players will automatically lose when time's up. (requested by Marvcolor)
|
|t:|1784210784
|teamsize|p1|4
|teamsize|p2|4
|start
|switch|p1a: 3R|Swampert, L50, F, shiny|100/100
|switch|p1b: Time Walk|Vivillon, L50, F, shiny|100/100
|switch|p2a: Incineroar|Incineroar, L50, F|100/100
|switch|p2b: Floette|Floette-Eternal, L50, F|100/100
|-ability|p2a: Incineroar|Intimidate|boost
|-unboost|p1a: 3R|atk|1
|-unboost|p1b: Time Walk|atk|1
|turn|1
|
|t:|1784210808
|detailschange|p2b: Floette|Floette-Mega, L50, F
|-mega|p2b: Floette|Floette|Floettite
|-ability|p2b: Floette|Fairy Aura
|detailschange|p1a: 3R|Swampert-Mega, L50, F, shiny
|-mega|p1a: 3R|Swampert|Swampertite
|move|p1b: Time Walk|Sleep Powder|p2b: Floette
|-status|p2b: Floette|slp|[from] move: Sleep Powder
|cant|p2b: Floette|slp
|move|p1a: 3R|Earthquake|p2b: Floette|[spread] p2a,p2b
|-immune|p1b: Time Walk
|-supereffective|p2a: Incineroar|1
|-damage|p2a: Incineroar|55/100
|-damage|p2b: Floette|70/100 slp
|move|p2a: Incineroar|Parting Shot|p1a: 3R
|-unboost|p1a: 3R|atk|1
|-unboost|p1a: 3R|spa|1
|
|t:|1784210823
|switch|p2a: Sinistcha|Sinistcha, L50|100/100|[from] Parting Shot
|-heal|p2b: Floette|95/100 slp|[from] ability: Hospitality|[of] p2a: Sinistcha
|
|upkeep
|turn|2
|
|t:|1784210842
|move|p2a: Sinistcha|Protect|p2a: Sinistcha
|-singleturn|p2a: Sinistcha|Protect
|move|p1b: Time Walk|Hurricane|p2a: Sinistcha
|-activate|p2a: Sinistcha|move: Protect
|cant|p2b: Floette|slp
|move|p1a: 3R|Ice Punch|p2a: Sinistcha
|-activate|p2a: Sinistcha|move: Protect
|
|upkeep
|turn|3
|
|t:|1784210859
|switch|p2a: Incineroar|Incineroar, L50, F|55/100
|-ability|p2a: Incineroar|Intimidate|boost
|-unboost|p1a: 3R|atk|1
|-unboost|p1b: Time Walk|atk|1
|move|p1b: Time Walk|Hurricane|p2a: Incineroar
|-damage|p2a: Incineroar|14/100
|-enditem|p2a: Incineroar|Sitrus Berry|[eat]
|-heal|p2a: Incineroar|39/100|[from] item: Sitrus Berry
|-curestatus|p2b: Floette|slp|[msg]
|move|p2b: Floette|Calm Mind|p2b: Floette
|-boost|p2b: Floette|spa|1
|-boost|p2b: Floette|spd|1
|move|p1a: 3R|Ice Punch|p2a: Incineroar
|-resisted|p2a: Incineroar|1
|-damage|p2a: Incineroar|34/100
|-status|p2a: Incineroar|frz
|
|upkeep
|turn|4
|inactive|Darkip_8 has 30 seconds left.
|
|t:|1784210888
|switch|p1a: Connect|Politoed, L50, F, shiny|100/100
|-weather|RainDance|[from] ability: Drizzle|[of] p1a: Connect
|cant|p2a: Incineroar|frz
|move|p1b: Time Walk|Sleep Powder|p2b: Floette
|-status|p2b: Floette|slp|[from] move: Sleep Powder
|cant|p2b: Floette|slp
|
|-weather|RainDance|[upkeep]
|upkeep
|turn|5
|
|t:|1784210913
|-curestatus|p2b: Floette|slp|[msg]
|move|p2b: Floette|Protect|p2b: Floette
|-singleturn|p2b: Floette|Protect
|move|p1b: Time Walk|Hurricane|p2a: Incineroar
|-damage|p2a: Incineroar|0 fnt
|faint|p2a: Incineroar
|move|p1a: Connect|Encore|p2b: Floette
|-activate|p2b: Floette|move: Protect
|
|-weather|RainDance|[upkeep]
|upkeep
|
|t:|1784210921
|switch|p2a: Sinistcha|Sinistcha, L50|100/100
|-heal|p2b: Floette|100/100|[from] ability: Hospitality|[of] p2a: Sinistcha
|turn|6
|
|t:|1784210936
|switch|p1a: Centralian|Archaludon, L50, F, shiny|100/100
|move|p2a: Sinistcha|Rage Powder|p2a: Sinistcha
|-singleturn|p2a: Sinistcha|move: Rage Powder
|move|p1b: Time Walk|Hurricane|p2a: Sinistcha
|-supereffective|p2a: Sinistcha|1
|-damage|p2a: Sinistcha|14/100
|move|p2b: Floette|Dazzling Gleam|p1b: Time Walk|[spread] p1a,p1b
|-damage|p1a: Centralian|34/100
|-enditem|p1b: Time Walk|Focus Sash
|-damage|p1b: Time Walk|1/100
|-ability|p1a: Centralian|Stamina|boost
|-boost|p1a: Centralian|def|1
|
|-weather|RainDance|[upkeep]
|-heal|p1a: Centralian|40/100|[from] item: Leftovers
|upkeep
|turn|7
|
|t:|1784210954
|move|p1a: Centralian|Protect|p1a: Centralian
|-singleturn|p1a: Centralian|Protect
|move|p2a: Sinistcha|Protect|p2a: Sinistcha
|-singleturn|p2a: Sinistcha|Protect
|move|p1b: Time Walk|Hurricane|p2a: Sinistcha
|-activate|p2a: Sinistcha|move: Protect
|move|p2b: Floette|Dazzling Gleam|p1b: Time Walk|[spread] p1b
|-activate|p1a: Centralian|move: Protect
|-damage|p1b: Time Walk|0 fnt
|faint|p1b: Time Walk
|
|-weather|RainDance|[upkeep]
|-heal|p1a: Centralian|46/100|[from] item: Leftovers
|upkeep
|
|t:|1784210963
|switch|p1b: 3R|Swampert-Mega, L50, F, shiny|100/100
|turn|8
|
|t:|1784210983
|switch|p1a: Connect|Politoed, L50, F, shiny|100/100
|move|p2a: Sinistcha|Rage Powder|p2a: Sinistcha
|-singleturn|p2a: Sinistcha|move: Rage Powder
|move|p1b: 3R|Earthquake|p2b: Floette|[spread] p1a,p2a,p2b
|-resisted|p2a: Sinistcha|1
|-damage|p1a: Connect|52/100
|-damage|p2a: Sinistcha|0 fnt
|-damage|p2b: Floette|49/100
|faint|p2a: Sinistcha
|move|p2b: Floette|Dazzling Gleam|p1a: Connect|[spread] p1a,p1b
|-damage|p1a: Connect|0 fnt
|-damage|p1b: 3R|41/100
|faint|p1a: Connect
|
|-weather|none
|upkeep
|
|t:|1784210992
|switch|p1a: Centralian|Archaludon, L50, F, shiny|46/100
|switch|p2a: Kingambit|Kingambit, L50, M|100/100
|turn|9
|-message|Marvcolor forfeited.
|
|win|Darkip_8
|l|☆Marvcolor
|player|p1|
||Marvcolor is ready for game 2.
|j|☆Marvcolor
|player|p1|Marvcolor|giovanni|
||Darkip_8 is ready for game 2.
|uhtml|next|Next: Game 2 of 3
|l|☆Darkip_8
|player|p2|
