|j|☆jANMxRin
|j|☆Ruben1452
|html|jANMxRinRuben1452    
|uhtml|bestof|Game 1 of a best-of-3
|t:|1756293052
|gametype|doubles
|player|p1|jANMxRin|acerola-masters|1049
|player|p2|Ruben1452|hilbert-wonderlauncher|1031
|gen|9
|tier|[Gen 9] VGC 2025 Reg H (Bo3)
|rated|
|rule|Species Clause: Limit one of each Pokémon
|rule|Item Clause: Limit 1 of each item
|clearpoke
|poke|p1|Sneasler, L50, M|
|poke|p1|Indeedee, L50, M|
|poke|p1|Volcarona, L50, M|
|poke|p1|Ursaluna-Bloodmoon, L50, M|
|poke|p1|Annihilape, L50, F|
|poke|p1|Tyranitar, L50, M|
|poke|p2|Incineroar, L50, F|
|poke|p2|Basculegion, L50, M|
|poke|p2|Pelipper, L50, F|
|poke|p2|Amoonguss, L50, M|
|poke|p2|Archaludon, L50, M|
|poke|p2|Gholdengo, L50|
|teampreview|4
|showteam|p1|Sneasler||PsychicSeed|Unburden|CloseCombat,DireClaw,ThroatChop,Protect|||M|||50|,,,,,Dark]Indeedee||ChoiceScarf|PsychicSurge|ExpandingForce,TeraBlast,Trick,Protect|||M|||50|,,,,,Psychic]Volcarona||SitrusBerry|FlameBody|Overheat,StruggleBug,RagePowder,Tailwind|||M|||50|,,,,,Grass]Ursaluna-Bloodmoon||LifeOrb|MindsEye|BloodMoon,HyperVoice,EarthPower,Protect|||M|||50|,,,,,Normal]Annihilape||SafetyGoggles|Defiant|CloseCombat,RageFist,Taunt,FinalGambit|||F|||50|,,,,,Fairy]Tyranitar||AssaultVest|SandStream|RockSlide,KnockOff,TeraBlast,LowKick|||M|||50|,,,,,Flying
|showteam|p2|Incineroar||SafetyGoggles|Intimidate|FakeOut,PartingShot,Taunt,KnockOff|||F|||50|,,,,,Ghost]Basculegion||ChoiceBand|SwiftSwim|WaveCrash,LastRespects,FlipTurn,AquaJet|||M|||50|,,,,,Grass]Pelipper||FocusSash|Drizzle|WeatherBall,Hurricane,Tailwind,WideGuard|||F|||50|,,,,,Ground]Amoonguss||SitrusBerry|Regenerator|Spore,RagePowder,PollenPuff,Protect|||M|||50|,,,,,Water]Archaludon||AssaultVest|Stamina|ElectroShot,DragonPulse,FlashCannon,BodyPress|||M|||50|,,,,,Bug]Gholdengo||LifeOrb|GoodasGold|MakeItRain,ShadowBall,NastyPlot,Protect||||||50|,,,,,Water
|inactive|Battle timer is ON: inactive players will automatically lose when time's up. (requested by Ruben1452)
|inactive|jANMxRin has 60 seconds left.
|inactive|Ruben1452 has 60 seconds left.
|inactive|Ruben1452 has 30 seconds left.
|inactive|Ruben1452 has 20 seconds left.
|inactive|Ruben1452 has 15 seconds left.
|inactive|Ruben1452 has 10 seconds left.
|inactive|Ruben1452 has 5 seconds left.
|
|t:|1756293142
|teamsize|p1|4
|teamsize|p2|4
|start
|switch|p1a: Annihilape|Annihilape, L50, F|100/100
|switch|p1b: Indeedee|Indeedee, L50, M|100/100
|switch|p2a: Pelipper|Pelipper, L50, F|100/100
|switch|p2b: Amoonguss|Amoonguss, L50, M|100/100
|-fieldstart|move: Psychic Terrain|[from] ability: Psychic Surge|[of] p1b: Indeedee
|-weather|RainDance|[from] ability: Drizzle|[of] p2a: Pelipper
|turn|1
|inactive|jANMxRin has 30 seconds left.
|inactive|jANMxRin has 20 seconds left.
|inactive|jANMxRin has 15 seconds left.
|inactive|jANMxRin has 10 seconds left.
|inactive|jANMxRin has 5 seconds left.
|
|t:|1756293196
|move|p2b: Amoonguss|Protect|p2b: Amoonguss
|-singleturn|p2b: Amoonguss|Protect
|move|p1b: Indeedee|Expanding Force|p2b: Amoonguss|[spread] p2a
|-activate|p2b: Amoonguss|move: Protect
|-damage|p2a: Pelipper|3/100
|move|p1a: Annihilape|Rage Fist|p2a: Pelipper
|-damage|p2a: Pelipper|0 fnt
|faint|p2a: Pelipper
|
|-weather|RainDance|[upkeep]
|upkeep
|
|t:|1756293207
|switch|p2a: Gholdengo|Gholdengo, L50|100/100
|turn|2
|
|t:|1756293226
|switch|p2a: Archaludon|Archaludon, L50, M|100/100
|-terastallize|p1b: Indeedee|Psychic
|-terastallize|p2b: Amoonguss|Water
|move|p1b: Indeedee|Expanding Force|p2b: Amoonguss|[spread] p2a,p2b
|-resisted|p2a: Archaludon
|-damage|p2a: Archaludon|66/100
|-damage|p2b: Amoonguss|37/100
|-ability|p2a: Archaludon|Stamina|boost
|-boost|p2a: Archaludon|def|1
|-enditem|p2b: Amoonguss|Sitrus Berry|[eat]
|-heal|p2b: Amoonguss|61/100|[from] item: Sitrus Berry
|move|p1a: Annihilape|Rage Fist|p2a: Archaludon
|-damage|p2a: Archaludon|56/100
|-ability|p2a: Archaludon|Stamina|boost
|-boost|p2a: Archaludon|def|1
|move|p2b: Amoonguss|Spore|p1a: Annihilape
|-activate|p1a: Annihilape|item: Safety Goggles|Spore
|
|-weather|RainDance|[upkeep]
|upkeep
|turn|3
|inactive|Ruben1452 has 30 seconds left.
|
|t:|1756293260
|move|p1b: Indeedee|Expanding Force|p2b: Amoonguss|[spread] p2a,p2b
|-resisted|p2a: Archaludon
|-damage|p2a: Archaludon|24/100
|-damage|p2b: Amoonguss|1/100
|-ability|p2a: Archaludon|Stamina|boost
|-boost|p2a: Archaludon|def|1
|move|p1a: Annihilape|Close Combat|p2a: Archaludon
|-supereffective|p2a: Archaludon
|-damage|p2a: Archaludon|0 fnt
|-unboost|p1a: Annihilape|def|1
|-unboost|p1a: Annihilape|spd|1
|faint|p2a: Archaludon
|move|p2b: Amoonguss|Pollen Puff|p2: Archaludon|[notarget]
|-fail|p2b: Amoonguss
|
|-weather|RainDance|[upkeep]
|upkeep
|
|t:|1756293267
|switch|p2a: Gholdengo|Gholdengo, L50|100/100
|turn|4
|
|t:|1756293278
|move|p1b: Indeedee|Expanding Force|p2b: Amoonguss|[spread] p2a,p2b
|-resisted|p2a: Gholdengo
|-damage|p2a: Gholdengo|59/100
|-damage|p2b: Amoonguss|0 fnt
|faint|p2b: Amoonguss
|move|p1a: Annihilape|Rage Fist|p2a: Gholdengo
|-supereffective|p2a: Gholdengo
|-damage|p2a: Gholdengo|13/100
|move|p2a: Gholdengo|Shadow Ball|p1a: Annihilape
|-supereffective|p1a: Annihilape
|-damage|p1a: Annihilape|0 fnt
|faint|p1a: Annihilape
|-damage|p2a: Gholdengo|3/100|[from] item: Life Orb
|
|-weather|RainDance|[upkeep]
|upkeep
|
|t:|1756293287
|switch|p1a: Sneasler|Sneasler, L50, M|100/100
|-enditem|p1a: Sneasler|Psychic Seed
|-boost|p1a: Sneasler|spd|1|[from] item: Psychic Seed
|turn|5
|
|t:|1756293292
|move|p1a: Sneasler|Throat Chop|p2a: Gholdengo
|-supereffective|p2a: Gholdengo
|-damage|p2a: Gholdengo|0 fnt
|faint|p2a: Gholdengo
|
|win|jANMxRin
||Ruben1452 is ready for game 2.
|inactive|jANMxRin has 30 seconds to confirm battle start!
||jANMxRin is ready for game 2.
|uhtml|next|Next: Game 2 of 3
