|j|☆Skl7
|j|☆FrancoilCieco777
|html|Skl7FrancoilCieco777    
|uhtml|bestof|Game 3 of a best-of-3
|t:|1756219296
|gametype|doubles
|player|p1|Skl7|hiker-gen4|
|player|p2|FrancoilCieco777|baker|
|gen|9
|tier|[Gen 9] VGC 2025 Reg H (Bo3)
|rule|Species Clause: Limit one of each Pokémon
|rule|Item Clause: Limit 1 of each item
|clearpoke
|poke|p1|Abomasnow, L50, F|
|poke|p1|Rillaboom, L50, M|
|poke|p1|Torkoal, L50, F|
|poke|p1|Gholdengo, L50|
|poke|p1|Arcanine-Hisui, L50, M|
|poke|p1|Dragapult, L50, F|
|poke|p2|Arcanine, L50, F|
|poke|p2|Haxorus, L50, M|
|poke|p2|Sneasler, L50, F|
|poke|p2|Samurott-Hisui, L50, F|
|poke|p2|Gholdengo, L50|
|poke|p2|Amoonguss, L50, F|
|teampreview|4
|showteam|p1|Abomasnow||Leftovers|SnowWarning|Blizzard,Protect,EarthPower,LeafStorm|||F|||50|,,,,,Ice]Rillaboom||AssaultVest|GrassySurge|WoodHammer,FakeOut,GrassyGlide,Uturn|||M|||50|,,,,,Fire]Torkoal||ChoiceSpecs|Drought|Eruption,HeatWave,WeatherBall,EarthPower|||F|||50|,,,,,Fire]Gholdengo||RockyHelmet|GoodasGold|MakeItRain,ShadowBall,Protect,NastyPlot||||||50|,,,,,Water]Arcanine-Hisui||ChoiceScarf|Intimidate|FlareBlitz,ExtremeSpeed,RockSlide,CloseCombat|||M|||50|,,,,,Ghost]Dragapult||FocusSash|ClearBody|PhantomForce,DragonDarts,SuckerPunch,Protect|||F|||50|,,,,,Dragon
|showteam|p2|Arcanine||MirrorHerb|Intimidate|ExtremeSpeed,FlareBlitz,Protect,WillOWisp|||F|||50|,,,,,Normal]Haxorus||ClearAmulet|MoldBreaker|DragonClaw,FirstImpression,IronHead,Protect|||M|||50|,,,,,Steel]Sneasler||FocusSash|Pressure|FakeOut,CloseCombat,DireClaw,Coaching|||F|||50|,,,,,Ghost]Samurott-Hisui||AssaultVest|Sharpness|AquaCutter,SacredSword,NightSlash,SuckerPunch|||F|||50|,,,,,Ghost]Gholdengo||ChoiceScarf|GoodasGold|MakeItRain,ShadowBall,Trick,Protect||||||50|,,,,,Steel]Amoonguss||CovertCloak|Regenerator|Spore,RagePowder,ClearSmog,Protect|||F|||50|,,,,,Electric
|inactive|Battle timer is ON: inactive players will automatically lose when time's up. (requested by FrancoilCieco777)
|inactive|Skl7 has 60 seconds left.
|
|t:|1756219335
|teamsize|p1|4
|teamsize|p2|4
|start
|switch|p1a: Gholdengo|Gholdengo, L50|100/100
|switch|p1b: Rillaboom|Rillaboom, L50, M|100/100
|switch|p2a: Samurott|Samurott-Hisui, L50, F|100/100
|switch|p2b: Sneasler|Sneasler, L50, F|100/100
|-ability|p2b: Sneasler|Pressure
|-fieldstart|move: Grassy Terrain|[from] ability: Grassy Surge|[of] p1b: Rillaboom
|turn|1
|
|t:|1756219357
|move|p2b: Sneasler|Fake Out|p1b: Rillaboom
|-damage|p1b: Rillaboom|87/100
|move|p1a: Gholdengo|Shadow Ball|p2b: Sneasler
|-damage|p2b: Sneasler|39/100
|cant|p1b: Rillaboom|flinch
|move|p2a: Samurott|Night Slash|p1a: Gholdengo
|-supereffective|p1a: Gholdengo
|-damage|p1a: Gholdengo|0 fnt
|-damage|p2a: Samurott|84/100|[from] item: Rocky Helmet|[of] p1a: Gholdengo
|faint|p1a: Gholdengo
|
|-heal|p2b: Sneasler|44/100|[from] Grassy Terrain
|-heal|p1b: Rillaboom|92/100|[from] Grassy Terrain
|-heal|p2a: Samurott|90/100|[from] Grassy Terrain
|upkeep
|
|t:|1756219374
|switch|p1a: Dragapult|Dragapult, L50, F|100/100
|turn|2
|
|t:|1756219392
|switch|p2b: Arcanine|Arcanine, L50, F|100/100
|-ability|p2b: Arcanine|Intimidate|boost
|-fail|p1a: Dragapult|unboost|[from] ability: Clear Body|[of] p1a: Dragapult
|-unboost|p1b: Rillaboom|atk|1
|-terastallize|p1a: Dragapult|Dragon
|-terastallize|p2a: Samurott|Ghost
|move|p1a: Dragapult|Dragon Darts|p2b: Arcanine
|-damage|p2b: Arcanine|56/100
|-anim|p1a: Dragapult|Dragon Darts|p2a: Samurott
|-damage|p2a: Samurott|43/100
|move|p1b: Rillaboom|Wood Hammer|p2a: Samurott
|-damage|p2a: Samurott|0 fnt
|faint|p2a: Samurott
|-damage|p1b: Rillaboom|79/100|[from] Recoil
|
|-heal|p2b: Arcanine|62/100|[from] Grassy Terrain
|-heal|p1b: Rillaboom|84/100|[from] Grassy Terrain
|upkeep
|
|t:|1756219408
|switch|p2a: Gholdengo|Gholdengo, L50|100/100
|turn|3
|
|t:|1756219433
|switch|p1b: Arcanine|Arcanine-Hisui, L50, M|100/100
|-ability|p1b: Arcanine|Intimidate|boost
|-unboost|p2a: Gholdengo|atk|1
|-unboost|p2b: Arcanine|atk|1
|move|p2a: Gholdengo|Trick|p1a: Dragapult
|-activate|p2a: Gholdengo|move: Trick|[of] p1a: Dragapult
|-item|p1a: Dragapult|Choice Scarf|[from] move: Trick
|-item|p2a: Gholdengo|Focus Sash|[from] move: Trick
|move|p1a: Dragapult|Phantom Force||[still]
|-prepare|p1a: Dragapult|Phantom Force
|move|p2b: Arcanine|Flare Blitz|p1b: Arcanine
|-resisted|p1b: Arcanine
|-damage|p1b: Arcanine|89/100
|-damage|p2b: Arcanine|58/100|[from] Recoil
|
|-heal|p1b: Arcanine|95/100|[from] Grassy Terrain
|-heal|p2b: Arcanine|64/100|[from] Grassy Terrain
|upkeep
|turn|4
|inactive|FrancoilCieco777 has 30 seconds left.
|
|t:|1756219467
|move|p2b: Arcanine|Protect|p2b: Arcanine
|-singleturn|p2b: Arcanine|Protect
|move|p2a: Gholdengo|Protect|p2a: Gholdengo
|-singleturn|p2a: Gholdengo|Protect
|move|p1a: Dragapult|Phantom Force|p2a: Gholdengo|[from] lockedmove
|-activate|p2a: Gholdengo|move: Phantom Force|[broken]
|-supereffective|p2a: Gholdengo
|-enditem|p2a: Gholdengo|Focus Sash
|-damage|p2a: Gholdengo|1/100
|move|p1b: Arcanine|Rock Slide|p2a: Gholdengo|[spread] p2a
|-activate|p2b: Arcanine|move: Protect
|-resisted|p2a: Gholdengo
|-damage|p2a: Gholdengo|0 fnt
|faint|p2a: Gholdengo
|
|-heal|p1b: Arcanine|100/100|[from] Grassy Terrain
|-heal|p2b: Arcanine|70/100|[from] Grassy Terrain
|upkeep
|
|t:|1756219479
|switch|p2a: Sneasler|Sneasler, L50, F|44/100
|-ability|p2a: Sneasler|Pressure
|turn|5
|
|t:|1756219498
|move|p2b: Arcanine|Extreme Speed|p1a: Dragapult
|-damage|p1a: Dragapult|76/100
|move|p1a: Dragapult|Phantom Force||[still]
|-prepare|p1a: Dragapult|Phantom Force
|move|p1b: Arcanine|Rock Slide|p2a: Sneasler|[spread] p2a,p2b
|-resisted|p2a: Sneasler
|-supereffective|p2b: Arcanine
|-damage|p2a: Sneasler|23/100
|-damage|p2b: Arcanine|0 fnt
|faint|p2b: Arcanine
|move|p2a: Sneasler|Close Combat|p1b: Arcanine
|-supereffective|p1b: Arcanine
|-damage|p1b: Arcanine|0 fnt
|-unboost|p2a: Sneasler|def|1
|-unboost|p2a: Sneasler|spd|1
|faint|p1b: Arcanine
|
|-heal|p2a: Sneasler|29/100|[from] Grassy Terrain
|-fieldend|move: Grassy Terrain
|upkeep
|c|☆Skl7|Gg
|c|☆FrancoilCieco777|gg
|
|t:|1756219515
|switch|p1b: Rillaboom|Rillaboom, L50, M|84/100
|-fieldstart|move: Grassy Terrain|[from] ability: Grassy Surge|[of] p1b: Rillaboom
|turn|6
|
|t:|1756219529
|move|p1b: Rillaboom|Fake Out|p2a: Sneasler
|-damage|p2a: Sneasler|0 fnt
|faint|p2a: Sneasler
|
|win|Skl7
