|j|☆KodeBeast0526
|j|☆Naya314
|html|KodeBeast0526Naya314    
|uhtml|bestof|Game 1 of a best-of-3
|t:|1783530340
|gametype|doubles
|player|p1|KodeBeast0526|hiker|1155
|player|p2|Naya314|candice|1121
|gen|9
|tier|[Gen 9 Champions] VGC 2026 Reg M-B (Bo3)
|rated|
|rule|Species Clause: Limit one of each Pokémon
|rule|Item Clause: Limit 1 of each item
|clearpoke
|poke|p1|Garchomp, L50, M, shiny|
|poke|p1|Staraptor, L50, M, shiny|
|poke|p1|Whimsicott, L50, F, shiny|
|poke|p1|Incineroar, L50, F, shiny|
|poke|p1|Gholdengo, L50|
|poke|p1|Zoroark-Hisui, L50, F|
|poke|p2|Scizor, L50, M|
|poke|p2|Charizard, L50, F|
|poke|p2|Garchomp, L50, F|
|poke|p2|Basculegion, L50, M|
|poke|p2|Whimsicott, L50, M|
|poke|p2|Floette-Eternal, L50, F|
|teampreview|4
|showteam|p1|Garchomp||LifeOrb|RoughSkin|Earthquake,Protect,RockSlide,DragonClaw|Adamant||M|||50|]Staraptor||Staraptite|Intimidate|BraveBird,CloseCombat,Roost,Protect|Jolly||M|||50|]Whimsicott||FocusSash|Prankster|Moonblast,Tailwind,Tickle,FakeTears|Timid||F|||50|]Incineroar||SitrusBerry|Intimidate|FakeOut,PartingShot,FlareBlitz,DarkestLariat|Impish||F|||50|]Gholdengo||WiseGlasses|GoodasGold|Protect,ShadowBall,MakeItRain,NastyPlot|Modest|||||50|]Zoroark-Hisui||ChoiceScarf|Illusion|IcyWind,HyperVoice,BitterMalice,Psychic|Timid||F|||50|
|showteam|p2|Scizor||ExpertBelt|Technician|BugBite,BulletPunch,CloseCombat,Protect|Adamant||M|||50|]Charizard||CharizarditeY|Blaze|HeatWave,SolarBeam,WeatherBall,Protect|Modest||F|||50|]Garchomp||LifeOrb|RoughSkin|Earthquake,DragonClaw,RockSlide,Protect|Jolly||F|||50|]Basculegion||ChoiceScarf|Adaptability|LastRespects,WaveCrash,AquaJet,FlipTurn|Adamant||M|||50|]Whimsicott||FocusSash|Prankster|Moonblast,Tailwind,Encore,Protect|Timid||M|||50|]Floette-Eternal||Floettite|FlowerVeil|DazzlingGleam,EnergyBall,Moonblast,Protect|Modest||F|||50|
|inactive|Battle timer is ON: inactive players will automatically lose when time's up. (requested by Naya314)
|
|t:|1783530373
|teamsize|p1|4
|teamsize|p2|4
|start
|switch|p1a: Whimsicott|Whimsicott, L50, F, shiny|100/100
|switch|p1b: Garchomp|Garchomp, L50, M, shiny|100/100
|switch|p2a: Whimsicott|Whimsicott, L50, M|100/100
|switch|p2b: Basculegion|Basculegion, L50, M|100/100
|turn|1
|
|t:|1783530385
|move|p1b: Garchomp|Protect|p1b: Garchomp
|-singleturn|p1b: Garchomp|Protect
|move|p2a: Whimsicott|Tailwind|p2a: Whimsicott
|-sidestart|p2: Naya314|move: Tailwind
|move|p2b: Basculegion|Flip Turn|p1b: Garchomp
|-activate|p1b: Garchomp|move: Protect
|move|p1a: Whimsicott|Bitter Malice|p2b: Basculegion
|-supereffective|p2b: Basculegion|1
|-damage|p2b: Basculegion|14/100
|-unboost|p2b: Basculegion|atk|1
|
|upkeep
|turn|2
|
|t:|1783530405
|switch|p1b: Whimsicott|Whimsicott, L50, F, shiny|100/100
|move|p2a: Whimsicott|Encore||[still]
|-fail|p2a: Whimsicott
|move|p2b: Basculegion|Flip Turn|p1a: Whimsicott
|-damage|p1a: Whimsicott|48/100
|replace|p1a: Zoroark|Zoroark-Hisui, L50, F
|-end|p1a: Zoroark|Illusion
|
|t:|1783530417
|switch|p2b: Garchomp|Garchomp, L50, F|100/100|[from] Flip Turn
|move|p1a: Zoroark|Bitter Malice|p2a: Whimsicott
|-damage|p2a: Whimsicott|34/100
|-unboost|p2a: Whimsicott|atk|1
|
|upkeep
|turn|3
|
|t:|1783530434
|move|p2a: Whimsicott|Protect|p2a: Whimsicott
|-singleturn|p2a: Whimsicott|Protect
|move|p1b: Whimsicott|Tailwind|p1b: Whimsicott
|-sidestart|p1: KodeBeast0526|move: Tailwind
|move|p1a: Zoroark|Bitter Malice|p2a: Whimsicott
|-activate|p2a: Whimsicott|move: Protect
|move|p2b: Garchomp|Earthquake|p1b: Whimsicott|[spread] p1a,p1b
|-activate|p2a: Whimsicott|move: Protect
|-resisted|p1b: Whimsicott|1
|-damage|p1a: Zoroark|0 fnt
|-damage|p1b: Whimsicott|62/100
|faint|p1a: Zoroark
|-damage|p2b: Garchomp|90/100|[from] item: Life Orb
|
|upkeep
|
|t:|1783530438
|switch|p1a: Staraptor|Staraptor, L50, M, shiny|100/100
|-ability|p1a: Staraptor|Intimidate|boost
|-unboost|p2a: Whimsicott|atk|1
|-unboost|p2b: Garchomp|atk|1
|turn|4
|
|t:|1783530455
|switch|p2a: Charizard|Charizard, L50, F|100/100
|detailschange|p1a: Staraptor|Staraptor-Mega, L50, M, shiny
|-mega|p1a: Staraptor|Staraptor|Staraptite
|move|p1b: Whimsicott|Moonblast|p2a: Charizard
|-resisted|p2a: Charizard|1
|-damage|p2a: Charizard|74/100
|-unboost|p2a: Charizard|spa|1
|move|p1a: Staraptor|Close Combat|p2b: Garchomp
|-damage|p2b: Garchomp|25/100
|-boost|p1a: Staraptor|def|1
|-boost|p1a: Staraptor|spd|1
|-damage|p1a: Staraptor|87/100|[from] ability: Rough Skin|[of] p2b: Garchomp
|move|p2b: Garchomp|Rock Slide|p1a: Staraptor|[spread] p1a,p1b
|-damage|p1a: Staraptor|75/100
|-damage|p1b: Whimsicott|37/100
|-damage|p2b: Garchomp|15/100|[from] item: Life Orb
|
|-sideend|p2: Naya314|move: Tailwind
|upkeep
|turn|5
|
|t:|1783530480
|detailschange|p2a: Charizard|Charizard-Mega-Y, L50, F
|-mega|p2a: Charizard|Charizard|Charizardite Y
|-weather|SunnyDay|[from] ability: Drought|[of] p2a: Charizard
|move|p1b: Whimsicott|Tickle|p1a: Staraptor
|-boost|p1a: Staraptor|atk|1
|-boost|p1a: Staraptor|def|1
|move|p1a: Staraptor|Close Combat|p2a: Charizard
|-resisted|p2a: Charizard|1
|-damage|p2a: Charizard|11/100
|-boost|p1a: Staraptor|def|1
|-boost|p1a: Staraptor|spd|1
|move|p2b: Garchomp|Rock Slide|p1b: Whimsicott|[spread] p1a
|-miss|p2b: Garchomp|p1b: Whimsicott
|-damage|p1a: Staraptor|67/100
|-damage|p2b: Garchomp|5/100|[from] item: Life Orb
|move|p2a: Charizard|Heat Wave|p1b: Whimsicott|[spread] p1b
|-miss|p2a: Charizard|p1a: Staraptor
|-supereffective|p1b: Whimsicott|1
|-damage|p1b: Whimsicott|0 fnt
|faint|p1b: Whimsicott
|
|-weather|SunnyDay|[upkeep]
|upkeep
|
|t:|1783530491
|switch|p1b: Garchomp|Garchomp, L50, M, shiny|100/100
|turn|6
|
|t:|1783530506
|move|p2b: Garchomp|Protect|p2b: Garchomp
|-singleturn|p2b: Garchomp|Protect
|move|p1a: Staraptor|Close Combat|p2a: Charizard
|-resisted|p2a: Charizard|1
|-crit|p2a: Charizard
|-damage|p2a: Charizard|0 fnt
|-boost|p1a: Staraptor|def|1
|-boost|p1a: Staraptor|spd|1
|faint|p2a: Charizard
|move|p1b: Garchomp|Rock Slide|p2b: Garchomp
|-activate|p2b: Garchomp|move: Protect
|
|-weather|SunnyDay|[upkeep]
|-sideend|p1: KodeBeast0526|move: Tailwind
|upkeep
|
|t:|1783530520
|switch|p2a: Whimsicott|Whimsicott, L50, M|34/100
|turn|7
|
|t:|1783530530
|move|p2a: Whimsicott|Moonblast|p1b: Garchomp
|-supereffective|p1b: Garchomp|1
|-damage|p1b: Garchomp|18/100
|-unboost|p1b: Garchomp|spa|1
|move|p1a: Staraptor|Close Combat|p2a: Whimsicott
|-resisted|p2a: Whimsicott|1
|-damage|p2a: Whimsicott|0 fnt
|-boost|p1a: Staraptor|def|1
|-boost|p1a: Staraptor|spd|1
|faint|p2a: Whimsicott
|move|p2b: Garchomp|Dragon Claw|p1b: Garchomp
|-supereffective|p1b: Garchomp|1
|-damage|p1b: Garchomp|0 fnt
|-damage|p2b: Garchomp|0 fnt|[from] ability: Rough Skin|[of] p1b: Garchomp
|faint|p1b: Garchomp
|faint|p2b: Garchomp
|
|-weather|SunnyDay|[upkeep]
|upkeep
|
|t:|1783530546
|switch|p2b: Basculegion|Basculegion, L50, M|14/100
|turn|8
|
|t:|1783530550
|move|p2b: Basculegion|Last Respects|p1a: Staraptor
|-damage|p1a: Staraptor|26/100
|move|p1a: Staraptor|Brave Bird|p2b: Basculegion
|-damage|p2b: Basculegion|0 fnt
|faint|p2b: Basculegion
|-damage|p1a: Staraptor|20/100y|[from] Recoil
|
|win|KodeBeast0526
|l|☆Naya314
|player|p2|
||Naya314 is ready for game 2.
