|j|☆pink spoon
|j|☆teyvgc
|html|pink spoonteyvgc    
|uhtml|bestof|Game 2 of a best-of-3
|t:|1783202940
|gametype|doubles
|player|p1|pink spoon|parasollady|1291
|player|p2|teyvgc|1|1260
|gen|9
|tier|[Gen 9 Champions] VGC 2026 Reg M-B (Bo3)
|rated|
|rule|Species Clause: Limit one of each Pokémon
|rule|Item Clause: Limit 1 of each item
|clearpoke
|poke|p1|Gyarados, L50, M|
|poke|p1|Annihilape, L50, F|
|poke|p1|Skeledirge, L50, F|
|poke|p1|Sylveon, L50, M|
|poke|p1|Incineroar, L50, M|
|poke|p1|Froslass, L50, F|
|poke|p2|Excadrill, L50, F|
|poke|p2|Tyranitar, L50, F|
|poke|p2|Staraptor, L50, M|
|poke|p2|Sinistcha, L50|
|poke|p2|Milotic, L50, F|
|poke|p2|Gholdengo, L50|
|teampreview|4
|showteam|p1|Gyarados||Gyaradosite|Intimidate|Waterfall,Crunch,DragonDance,Protect|Adamant||M|||50|]Annihilape||ChoiceScarf|Defiant|CloseCombat,ShadowClaw,RockTomb,Uturn|Jolly||F|||50|]Skeledirge||Leftovers|Unaware|TorchSong,ShadowBall,Encore,Protect|Modest||F|||50|]Sylveon||FairyFeather|Pixilate|HyperVoice,DrainingKiss,CalmMind,Protect|Modest||M|||50|]Incineroar||SitrusBerry|Intimidate|FlareBlitz,ThroatChop,FakeOut,PartingShot|Careful||M|||50|]Froslass||Froslassite|CursedBody|Blizzard,IcyWind,AuroraVeil,Protect|Modest||F|||50|
|showteam|p2|Excadrill||FocusSash|SandRush|HighHorsepower,IronHead,RockSlide,Protect|Adamant||F|||50|]Tyranitar||Tyranitarite|SandStream|RockSlide,KnockOff,DragonDance,Protect|Adamant||F|||50|]Staraptor||Staraptite|Intimidate|BraveBird,CloseCombat,Tailwind,Protect|Jolly||M|||50|]Sinistcha||SitrusBerry|Hospitality|MatchaGotcha,RagePowder,LifeDew,TrickRoom|Calm|||||50|]Milotic||Leftovers|Competitive|Scald,IceBeam,Recover,Protect|Modest||F|||50|]Gholdengo||LifeOrb|GoodasGold|MakeItRain,ShadowBall,NastyPlot,Protect|Modest|||||50|
|
|t:|1783202961
|teamsize|p1|4
|teamsize|p2|4
|start
|switch|p1a: Incineroar|Incineroar, L50, M|100/100
|switch|p1b: Sylveon|Sylveon, L50, M|100/100
|switch|p2a: Milotic|Milotic, L50, F|100/100
|switch|p2b: Staraptor|Staraptor, L50, M|100/100
|-ability|p2b: Staraptor|Intimidate|boost
|-unboost|p1a: Incineroar|atk|1
|-unboost|p1b: Sylveon|atk|1
|-ability|p1a: Incineroar|Intimidate|boost
|-unboost|p2a: Milotic|atk|1
|-ability|p2a: Milotic|Competitive|boost
|-boost|p2a: Milotic|spa|2
|-unboost|p2b: Staraptor|atk|1
|turn|1
|
|t:|1783202973
|move|p1a: Incineroar|Fake Out|p2a: Milotic
|-damage|p2a: Milotic|93/100
|move|p2b: Staraptor|Tailwind|p2b: Staraptor
|-sidestart|p2: teyvgc|move: Tailwind
|cant|p2a: Milotic|flinch
|move|p1b: Sylveon|Calm Mind|p1b: Sylveon
|-boost|p1b: Sylveon|spa|1
|-boost|p1b: Sylveon|spd|1
|
|-heal|p2a: Milotic|99/100|[from] item: Leftovers
|upkeep
|turn|2
|
|t:|1783202995
|detailschange|p2b: Staraptor|Staraptor-Mega, L50, M
|-mega|p2b: Staraptor|Staraptor|Staraptite
|move|p2b: Staraptor|Close Combat|p1a: Incineroar
|-supereffective|p1a: Incineroar|1
|-damage|p1a: Incineroar|28/100
|-boost|p2b: Staraptor|def|1
|-boost|p2b: Staraptor|spd|1
|-enditem|p1a: Incineroar|Sitrus Berry|[eat]
|-heal|p1a: Incineroar|53/100|[from] item: Sitrus Berry
|move|p2a: Milotic|Scald|p1a: Incineroar
|-supereffective|p1a: Incineroar|1
|-damage|p1a: Incineroar|0 fnt
|faint|p1a: Incineroar
|move|p1b: Sylveon|Hyper Voice|p2a: Milotic|[spread] p2a,p2b
|-supereffective|p2b: Staraptor|1
|-damage|p2a: Milotic|48/100
|-damage|p2b: Staraptor|0 fnt
|faint|p2b: Staraptor
|
|-heal|p2a: Milotic|54/100|[from] item: Leftovers
|upkeep
|
|t:|1783203011
|switch|p2b: Excadrill|Excadrill, L50, F|100/100
|switch|p1a: Annihilape|Annihilape, L50, F|100/100
|turn|3
|
|t:|1783203032
|move|p2a: Milotic|Protect|p2a: Milotic
|-singleturn|p2a: Milotic|Protect
|move|p1b: Sylveon|Protect|p1b: Sylveon
|-singleturn|p1b: Sylveon|Protect
|move|p2b: Excadrill|Iron Head|p1b: Sylveon
|-activate|p1b: Sylveon|move: Protect
|move|p1a: Annihilape|Close Combat|p2a: Milotic
|-activate|p2a: Milotic|move: Protect
|
|-heal|p2a: Milotic|60/100|[from] item: Leftovers
|upkeep
|turn|4
|
|t:|1783203048
|move|p2b: Excadrill|High Horsepower|p1a: Annihilape
|-damage|p1a: Annihilape|34/100
|move|p1a: Annihilape|Close Combat|p2a: Milotic
|-damage|p2a: Milotic|9/100
|-unboost|p1a: Annihilape|def|1
|-unboost|p1a: Annihilape|spd|1
|move|p2a: Milotic|Scald|p1a: Annihilape
|-damage|p1a: Annihilape|0 fnt
|faint|p1a: Annihilape
|move|p1b: Sylveon|Hyper Voice|p2b: Excadrill|[spread] p2a,p2b
|-resisted|p2b: Excadrill|1
|-damage|p2a: Milotic|0 fnt
|-damage|p2b: Excadrill|46/100
|faint|p2a: Milotic
|
|-sideend|p2: teyvgc|move: Tailwind
|upkeep
|
|t:|1783203057
|switch|p1a: Gyarados|Gyarados, L50, M|100/100
|switch|p2a: Tyranitar|Tyranitar, L50, F|100/100
|-ability|p1a: Gyarados|Intimidate|boost
|-unboost|p2a: Tyranitar|atk|1
|-unboost|p2b: Excadrill|atk|1
|-weather|Sandstorm|[from] ability: Sand Stream|[of] p2a: Tyranitar
|turn|5
|
|t:|1783203074
|detailschange|p1a: Gyarados|Gyarados-Mega, L50, M
|-mega|p1a: Gyarados|Gyarados|Gyaradosite
|-ability|p1a: Gyarados|Mold Breaker
|move|p2b: Excadrill|Iron Head|p1b: Sylveon
|-supereffective|p1b: Sylveon|1
|-damage|p1b: Sylveon|14/100
|move|p1a: Gyarados|Waterfall|p2b: Excadrill
|-supereffective|p2b: Excadrill|1
|-damage|p2b: Excadrill|0 fnt
|faint|p2b: Excadrill
|move|p1b: Sylveon|Hyper Voice|p2a: Tyranitar
|-supereffective|p2a: Tyranitar|1
|-damage|p2a: Tyranitar|0 fnt
|faint|p2a: Tyranitar
|
|win|pink spoon
