|j|☆toughlogvgc
|j|☆Romaniumm
|html|toughlogvgcRomaniumm    
|uhtml|bestof|Game 1 of a best-of-3
|t:|1783887412
|gametype|doubles
|player|p1|toughlogvgc|1|1166
|player|p2|Romaniumm|cynthia-gen4|1157
|gen|9
|tier|[Gen 9 Champions] VGC 2026 Reg M-B (Bo3)
|rated|
|rule|Species Clause: Limit one of each Pokémon
|rule|Item Clause: Limit 1 of each item
|clearpoke
|poke|p1|Charizard, L50, M|
|poke|p1|Garchomp, L50, M|
|poke|p1|Basculegion, L50, M|
|poke|p1|Whimsicott, L50, F|
|poke|p1|Kingambit, L50, F|
|poke|p1|Floette-Eternal, L50, F|
|poke|p2|Pelipper, L50, F|
|poke|p2|Swampert, L50, F|
|poke|p2|Sableye, L50, F|
|poke|p2|Archaludon, L50, M|
|poke|p2|Sinistcha-Masterpiece, L50|
|poke|p2|Floette-Eternal, L50, F|
|teampreview|4
|showteam|p1|Charizard||CharizarditeY|Blaze|HeatWave,SolarBeam,Protect,WeatherBall|Modest||M|||50|]Garchomp||LifeOrb|RoughSkin|DragonClaw,Earthquake,RockSlide,Protect|Jolly||M|||50|]Basculegion||ChoiceScarf|Adaptability|WaveCrash,AquaJet,FlipTurn,LastRespects|Adamant||M|||50|]Whimsicott||FocusSash|Prankster|Moonblast,Tailwind,Protect,Encore|Timid||F|||50|]Kingambit||BlackGlasses|Defiant|IronHead,KowtowCleave,Protect,SuckerPunch|Adamant||F|||50|]Floette-Eternal||Floettite|FlowerVeil|Moonblast,LightofRuin,DazzlingGleam,Protect|Modest||F|||50|
|showteam|p2|Pelipper||FocusSash|Drizzle|Protect,Hurricane,WeatherBall,Tailwind|Modest||F|||50|]Swampert||Swampertite|Torrent|Protect,Earthquake,FlipTurn,WaveCrash|Adamant||F|||50|]Sableye||SitrusBerry|Prankster|FakeOut,RainDance,Encore,FoulPlay|Careful||F|||50|]Archaludon||Leftovers|Stamina|Protect,ElectroShot,DragonPulse,FlashCannon|Modest||M|||50|]Sinistcha-Masterpiece||KasibBerry|Hospitality|Protect,MatchaGotcha,RagePowder,TrickRoom|Calm|||||50|]Floette-Eternal||Floettite|FlowerVeil|Protect,DazzlingGleam,Moonblast,LightofRuin|Timid||F|||50|
|
|t:|1783887449
|teamsize|p1|4
|teamsize|p2|4
|start
|switch|p1a: Whimsicott|Whimsicott, L50, F|100/100
|switch|p1b: Floette|Floette-Eternal, L50, F|100/100
|switch|p2a: Sableye|Sableye, L50, F|100/100
|switch|p2b: Archaludon|Archaludon, L50, M|100/100
|turn|1
|
|t:|1783887501
|detailschange|p1b: Floette|Floette-Mega, L50, F
|-mega|p1b: Floette|Floette|Floettite
|-ability|p1b: Floette|Fairy Aura
|move|p2a: Sableye|Fake Out|p1a: Whimsicott
|-damage|p1a: Whimsicott|88/100
|cant|p1a: Whimsicott|flinch
|move|p1b: Floette|Moonblast|p2b: Archaludon
|-damage|p2b: Archaludon|29/100
|-ability|p2b: Archaludon|Stamina|boost
|-boost|p2b: Archaludon|def|1
|move|p2b: Archaludon|Flash Cannon|p1b: Floette
|-supereffective|p1b: Floette|1
|-damage|p1b: Floette|39/100
|
|-heal|p2b: Archaludon|36/100|[from] item: Leftovers
|upkeep
|turn|2
|
|t:|1783887539
|move|p2b: Archaludon|Protect|p2b: Archaludon
|-singleturn|p2b: Archaludon|Protect
|move|p2a: Sableye|Rain Dance|p2a: Sableye
|-weather|RainDance
|move|p1a: Whimsicott|Moonblast|p2b: Archaludon
|-activate|p2b: Archaludon|move: Protect
|move|p1b: Floette|Moonblast|p2b: Archaludon
|-activate|p2b: Archaludon|move: Protect
|
|-weather|RainDance|[upkeep]
|-heal|p2b: Archaludon|42/100|[from] item: Leftovers
|upkeep
|turn|3
|
|t:|1783887567
|switch|p2a: Swampert|Swampert, L50, F|100/100
|move|p2b: Archaludon|Protect||[still]
|-fail|p2b: Archaludon
|move|p1a: Whimsicott|Moonblast|p2b: Archaludon
|-damage|p2b: Archaludon|0 fnt
|faint|p2b: Archaludon
|move|p1b: Floette|Moonblast|p2a: Swampert
|-damage|p2a: Swampert|33/100
|
|-weather|RainDance|[upkeep]
|upkeep
|
|t:|1783887579
|switch|p2b: Sableye|Sableye, L50, F|100/100
|turn|4
|
|t:|1783887625
|detailschange|p2a: Swampert|Swampert-Mega, L50, F
|-mega|p2a: Swampert|Swampert|Swampertite
|move|p2b: Sableye|Fake Out|p1a: Whimsicott
|-damage|p1a: Whimsicott|78/100
|cant|p1a: Whimsicott|flinch
|move|p2a: Swampert|Earthquake|p1a: Whimsicott|[spread] p2b,p1a,p1b
|-resisted|p1a: Whimsicott|1
|-damage|p2b: Sableye|47/100
|-damage|p1a: Whimsicott|44/100
|-damage|p1b: Floette|0 fnt
|-enditem|p2b: Sableye|Sitrus Berry|[eat]
|-heal|p2b: Sableye|72/100|[from] item: Sitrus Berry
|faint|p1b: Floette
|
|-weather|RainDance|[upkeep]
|upkeep
|
|t:|1783887638
|switch|p1b: Kingambit|Kingambit, L50, F|100/100
|turn|5
|
|t:|1783887669
|move|p1a: Whimsicott|Tailwind|p1a: Whimsicott
|-sidestart|p1: toughlogvgc|move: Tailwind
|move|p1b: Kingambit|Sucker Punch|p2a: Swampert
|-damage|p2a: Swampert|0 fnt
|faint|p2a: Swampert
|move|p2b: Sableye|Foul Play|p1b: Kingambit
|-resisted|p1b: Kingambit|1
|-damage|p1b: Kingambit|79/100
|
|-weather|RainDance|[upkeep]
|upkeep
|
|t:|1783887677
|switch|p2a: Pelipper|Pelipper, L50, F|100/100
|turn|6
|
|t:|1783887718
|move|p1b: Kingambit|Sucker Punch|p2a: Pelipper
|-damage|p2a: Pelipper|32/100
|move|p2b: Sableye|Encore|p1a: Whimsicott
|-start|p1a: Whimsicott|Encore
|move|p1a: Whimsicott|Tailwind||[still]
|-fail|p1a: Whimsicott
|move|p2a: Pelipper|Weather Ball|p1b: Kingambit
|-damage|p1b: Kingambit|11/100
|
|-weather|none
|upkeep
|turn|7
|
|t:|1783887736
|switch|p1a: Basculegion|Basculegion, L50, M|100/100
|move|p2a: Pelipper|Protect|p2a: Pelipper
|-singleturn|p2a: Pelipper|Protect
|move|p1b: Kingambit|Sucker Punch||[still]
|-fail|p1b: Kingambit
|move|p2b: Sableye|Foul Play|p1b: Kingambit
|-resisted|p1b: Kingambit|1
|-damage|p1b: Kingambit|0 fnt
|faint|p1b: Kingambit
|
|upkeep
|
|t:|1783887746
|switch|p1b: Whimsicott|Whimsicott, L50, F|44/100
|turn|8
|
|t:|1783887769
|move|p1b: Whimsicott|Encore|p2a: Pelipper
|-start|p2a: Pelipper|Encore
|move|p2a: Pelipper|Protect||[still]
|-fail|p2a: Pelipper
|move|p1a: Basculegion|Last Respects|p2b: Sableye
|-damage|p2b: Sableye|0 fnt
|faint|p2b: Sableye
|
|-sideend|p1: toughlogvgc|move: Tailwind
|upkeep
|turn|9
|
|t:|1783887782
|move|p2a: Pelipper|Protect|p2a: Pelipper
|-singleturn|p2a: Pelipper|Protect
|move|p1b: Whimsicott|Tailwind|p1b: Whimsicott
|-sidestart|p1: toughlogvgc|move: Tailwind
|move|p1a: Basculegion|Last Respects|p2a: Pelipper
|-activate|p2a: Pelipper|move: Protect
|
|upkeep
|turn|10
|
|t:|1783887792
|move|p2a: Pelipper|Protect|p2a: Pelipper
|-singleturn|p2a: Pelipper|Protect
|move|p1a: Basculegion|Last Respects|p2a: Pelipper
|-activate|p2a: Pelipper|move: Protect
|move|p1b: Whimsicott|Moonblast|p2a: Pelipper
|-activate|p2a: Pelipper|move: Protect
|
|-end|p2a: Pelipper|Encore
|upkeep
|turn|11
|
|t:|1783887806
|move|p1b: Whimsicott|Encore|p2a: Pelipper
|-start|p2a: Pelipper|Encore
|move|p2a: Pelipper|Protect||[still]
|-fail|p2a: Pelipper
|move|p1a: Basculegion|Last Respects|p2a: Pelipper
|-damage|p2a: Pelipper|0 fnt
|faint|p2a: Pelipper
|
|win|toughlogvgc
||Romaniumm is ready for game 2.
||toughlogvgc is ready for game 2.
|uhtml|next|Next: Game 2 of 3
|l|☆Romaniumm
|player|p2|
