|j|☆elbarto95
|j|☆Goddamnthesun_VGC
|html|elbarto95Goddamnthesun_VGC    
|uhtml|bestof|Game 1 of a best-of-3
|t:|1756986564
|gametype|doubles
|player|p1|elbarto95|camper|1081
|player|p2|Goddamnthesun_VGC|fisherman-gen4|1065
|gen|9
|tier|[Gen 9] VGC 2025 Reg H (Bo3)
|rated|
|rule|Species Clause: Limit one of each Pokémon
|rule|Item Clause: Limit 1 of each item
|clearpoke
|poke|p1|Porygon2, L50|
|poke|p1|Ursaluna, L50, F|
|poke|p1|Grimmsnarl, L50, M|
|poke|p1|Volcarona, L50, F|
|poke|p1|Gholdengo, L50|
|poke|p1|Tyranitar, L50, F|
|poke|p2|Ninetales-Alola, L50, F|
|poke|p2|Garchomp, L50, M|
|poke|p2|Kingambit, L50, F|
|poke|p2|Rillaboom, L50, M|
|poke|p2|Annihilape, L50, F|
|poke|p2|Volcarona, L50, M|
|teampreview|4
|showteam|p1|Porygon2||Eviolite|Download|IceBeam,TrickRoom,TeraBlast,Recover||||||50|,,,,,Fighting]Ursaluna||FlameOrb|Guts|HeadlongRush,Earthquake,Facade,Protect|||F|||50|,,,,,Ghost]Grimmsnarl||LightClay|Prankster|SpiritBreak,Reflect,LightScreen,Taunt|||M|||50|,,,,,Ghost]Volcarona||Leftovers|FlameBody|StruggleBug,Overheat,RagePowder,WillOWisp|||F|||50|,,,,,Grass]Gholdengo||LifeOrb|GoodasGold|NastyPlot,Protect,MakeItRain,ShadowBall||||||50|,,,,,Water]Tyranitar||AssaultVest|SandStream|KnockOff,LowKick,RockSlide,TeraBlast|||F|||50|,,,,,Flying
|showteam|p2|Ninetales-Alola||LoadedDice|SnowWarning|AuroraVeil,Encore,IcicleSpear,Howl|||F|||50|,,,,,Ghost]Garchomp||LifeOrb|RoughSkin|Earthquake,StompingTantrum,DragonClaw,Protect|||M|||50|,,,,,Steel]Kingambit||BlackGlasses|Defiant|KowtowCleave,SuckerPunch,SwordsDance,Protect|||F|||50|,,,,,Dark]Rillaboom||AssaultVest|GrassySurge|WoodHammer,GrassyGlide,HighHorsepower,FakeOut|||M|||50|,,,,,Fire]Annihilape||SafetyGoggles|Defiant|RageFist,CloseCombat,Coaching,FinalGambit|||F|||50|,,,,,Steel]Volcarona||GrassySeed|FlameBody|HeatWave,GigaDrain,QuiverDance,RagePowder|||M|||50|,,,,,Grass
|
|t:|1756986712
|teamsize|p1|4
|teamsize|p2|4
|start
|switch|p1a: Grimmsnarl|Grimmsnarl, L50, M|100/100
|switch|p1b: Gholdengo|Gholdengo, L50|100/100
|switch|p2a: Ninetales|Ninetales-Alola, L50, F|100/100
|switch|p2b: Garchomp|Garchomp, L50, M|100/100
|-weather|Snowscape|[from] ability: Snow Warning|[of] p2a: Ninetales
|turn|1
|
|t:|1756986771
|-terastallize|p2a: Ninetales|Ghost
|-terastallize|p1b: Gholdengo|Water
|move|p1a: Grimmsnarl|Taunt|p2a: Ninetales
|-start|p2a: Ninetales|move: Taunt
|cant|p2a: Ninetales|move: Taunt|Aurora Veil
|move|p2b: Garchomp|Stomping Tantrum|p1b: Gholdengo
|-damage|p1b: Gholdengo|46/100
|-damage|p2b: Garchomp|91/100|[from] item: Life Orb
|move|p1b: Gholdengo|Nasty Plot|p1b: Gholdengo
|-boost|p1b: Gholdengo|spa|2
|
|-weather|Snowscape|[upkeep]
|upkeep
|turn|2
|
|t:|1756986806
|move|p1b: Gholdengo|Protect|p1b: Gholdengo
|-singleturn|p1b: Gholdengo|Protect
|move|p1a: Grimmsnarl|Reflect|p1a: Grimmsnarl
|-sidestart|p1: elbarto95|Reflect
|move|p2a: Ninetales|Icicle Spear|p1b: Gholdengo
|-activate|p1b: Gholdengo|move: Protect
|move|p2b: Garchomp|Dragon Claw|p1b: Gholdengo
|-activate|p1b: Gholdengo|move: Protect
|
|-weather|Snowscape|[upkeep]
|upkeep
|turn|3
|
|t:|1756986827
|switch|p1a: Porygon2|Porygon2, L50|100/100
|-ability|p1a: Porygon2|Download|boost
|-boost|p1a: Porygon2|atk|1
|move|p2a: Ninetales|Icicle Spear|p1b: Gholdengo
|-resisted|p1b: Gholdengo
|-damage|p1b: Gholdengo|44/100
|-resisted|p1b: Gholdengo
|-damage|p1b: Gholdengo|42/100
|-resisted|p1b: Gholdengo
|-damage|p1b: Gholdengo|40/100
|-resisted|p1b: Gholdengo
|-damage|p1b: Gholdengo|38/100
|-hitcount|p1b: Gholdengo|4
|move|p2b: Garchomp|Dragon Claw|p1b: Gholdengo
|-damage|p1b: Gholdengo|2/100
|-damage|p2b: Garchomp|81/100|[from] item: Life Orb
|move|p1b: Gholdengo|Make It Rain|p2b: Garchomp|[spread] p2a,p2b
|-damage|p2a: Ninetales|0 fnt
|-damage|p2b: Garchomp|0 fnt
|-unboost|p1b: Gholdengo|spa|1
|faint|p2a: Ninetales
|faint|p2b: Garchomp
|-damage|p1b: Gholdengo|0 fnt|[from] item: Life Orb
|faint|p1b: Gholdengo
|
|-weather|Snowscape|[upkeep]
|upkeep
|
|t:|1756986853
|switch|p2a: Annihilape|Annihilape, L50, F|100/100
|switch|p2b: Rillaboom|Rillaboom, L50, M|100/100
|switch|p1b: Ursaluna|Ursaluna, L50, F|100/100
|-fieldstart|move: Grassy Terrain|[from] ability: Grassy Surge|[of] p2b: Rillaboom
|turn|4
|
|t:|1756986881
|switch|p1b: Grimmsnarl|Grimmsnarl, L50, M|100/100
|move|p2b: Rillaboom|Fake Out|p1a: Porygon2
|-damage|p1a: Porygon2|95/100
|move|p2a: Annihilape|Coaching|p2b: Rillaboom
|-boost|p2b: Rillaboom|atk|1
|-boost|p2b: Rillaboom|def|1
|cant|p1a: Porygon2|flinch
|
|-weather|Snowscape|[upkeep]
|-heal|p1a: Porygon2|100/100|[from] Grassy Terrain
|upkeep
|turn|5
|
|t:|1756986977
|switch|p1b: Ursaluna|Ursaluna, L50, F|100/100
|move|p2a: Annihilape|Coaching|p2b: Rillaboom
|-boost|p2b: Rillaboom|atk|1
|-boost|p2b: Rillaboom|def|1
|move|p2b: Rillaboom|Wood Hammer|p1b: Ursaluna
|-supereffective|p1b: Ursaluna
|-damage|p1b: Ursaluna|0 fnt
|faint|p1b: Ursaluna
|-damage|p2b: Rillaboom|61/100|[from] Recoil
|move|p1a: Porygon2|Trick Room|p1a: Porygon2
|-fieldstart|move: Trick Room|[of] p1a: Porygon2
|
|-weather|none
|-heal|p2b: Rillaboom|67/100|[from] Grassy Terrain
|upkeep
|
|t:|1756986994
|switch|p1b: Grimmsnarl|Grimmsnarl, L50, M|100/100
|turn|6
|
|t:|1756987001
|move|p2b: Rillaboom|Grassy Glide|p1b: Grimmsnarl
|-damage|p1b: Grimmsnarl|47/100
|move|p1a: Porygon2|Ice Beam|p2b: Rillaboom
|-supereffective|p2b: Rillaboom
|-damage|p2b: Rillaboom|29/100
|move|p1b: Grimmsnarl|Spirit Break|p2a: Annihilape
|-supereffective|p2a: Annihilape
|-damage|p2a: Annihilape|30/100
|-unboost|p2a: Annihilape|spa|1
|-ability|p2a: Annihilape|Defiant|boost
|-boost|p2a: Annihilape|atk|2
|move|p2a: Annihilape|Final Gambit|p1a: Porygon2
|-damage|p1a: Porygon2|68/100
|faint|p2a: Annihilape
|
|-heal|p1a: Porygon2|74/100|[from] Grassy Terrain
|-heal|p1b: Grimmsnarl|53/100|[from] Grassy Terrain
|-heal|p2b: Rillaboom|35/100|[from] Grassy Terrain
|upkeep
|turn|7
|
|t:|1756987047
|move|p2b: Rillaboom|Grassy Glide|p1a: Porygon2
|-damage|p1a: Porygon2|46/100
|move|p1a: Porygon2|Ice Beam|p2b: Rillaboom
|-supereffective|p2b: Rillaboom
|-damage|p2b: Rillaboom|0 fnt
|faint|p2b: Rillaboom
|
|win|elbarto95
||Goddamnthesun_VGC is ready for game 2.
|l|☆elbarto95
|player|p1|
|inactive|elbarto95 has 30 seconds to confirm battle start!
|j|☆elbarto95
|player|p1|elbarto95|camper|
|inactive|elbarto95 has 20 seconds to confirm battle start!
|inactive|elbarto95 has 10 seconds to confirm battle start!
