|j|☆javi fuego
|j|☆lyk0
|html|javi fuegolyk0    
|uhtml|bestof|Game 1 of a best-of-3
|t:|1785767865
|gametype|doubles
|player|p1|javi fuego|265|1321
|player|p2|lyk0|ghetsis|1300
|gen|9
|tier|[Gen 9 Champions] VGC 2026 Reg M-B (Bo3)
|rated|
|rule|Species Clause: Limit one of each Pokémon
|rule|Item Clause: Limit 1 of each item
|clearpoke
|poke|p1|Raichu, L50, F|
|poke|p1|Floette-Eternal, L50, F|
|poke|p1|Sinistcha, L50|
|poke|p1|Ceruledge, L50, M|
|poke|p1|Milotic, L50, F|
|poke|p1|Incineroar, L50, M|
|poke|p2|Staraptor, L50, M|
|poke|p2|Delphox, L50, M|
|poke|p2|Whimsicott, L50, F|
|poke|p2|Kingambit, L50, M|
|poke|p2|Garchomp, L50, M|
|poke|p2|Milotic, L50, M, shiny|
|teampreview|4
|showteam|p1|Raichu||RaichuniteY|LightningRod|ZapCannon,FocusBlast,FakeOut,Protect|Timid||F|||50|]Floette-Eternal||Floettite|FlowerVeil|CalmMind,DazzlingGleam,DrainingKiss,Protect|Timid||F|||50|]Sinistcha||KasibBerry|Hospitality|MatchaGotcha,LifeDew,RagePowder,Protect|Relaxed|||||50|]Ceruledge||ColburBerry|FlashFire|BitterBlade,ShadowSneak,BulkUp,Protect|Adamant||M|||50|]Milotic||Leftovers|Competitive|MuddyWater,Coil,Hypnosis,Protect|Calm||F|||50|]Incineroar||SitrusBerry|Intimidate|FlareBlitz,ThroatChop,FakeOut,PartingShot|Impish||M|||50|
|showteam|p2|Staraptor||Staraptite|Intimidate|BraveBird,CloseCombat,Roost,Protect|Jolly||M|||50|]Delphox||Delphoxite|Blaze|HeatWave,Psychic,Substitute,Protect|Timid||M|||50|]Whimsicott||OccaBerry|Prankster|Moonblast,Tailwind,Charm,LightScreen|Timid||F|||50|]Kingambit||ChopleBerry|Defiant|LowKick,KowtowCleave,IronHead,SuckerPunch|Adamant||M|||50|]Garchomp||LifeOrb|RoughSkin|DragonClaw,Earthquake,RockSlide,Protect|Jolly||M|||50|]Milotic||Leftovers|Competitive|Recover,Scald,IcyWind,Protect|Bold||M|||50|
|
|t:|1785767904
|teamsize|p1|4
|teamsize|p2|4
|start
|switch|p1a: Sinistcha|Sinistcha, L50|100/100
|switch|p1b: Floette|Floette-Eternal, L50, F|100/100
|switch|p2a: Whimsicott|Whimsicott, L50, F|100/100
|switch|p2b: Staraptor|Staraptor, L50, M|100/100
|-ability|p2b: Staraptor|Intimidate|boost
|-block|p1a: Sinistcha|ability: Flower Veil|[of] p1b: Floette
|-unboost|p1b: Floette|atk|1
|turn|1
|
|t:|1785767936
|detailschange|p2b: Staraptor|Staraptor-Mega, L50, M
|-mega|p2b: Staraptor|Staraptor|Staraptite
|detailschange|p1b: Floette|Floette-Mega, L50, F
|-mega|p1b: Floette|Floette|Floettite
|-ability|p1b: Floette|Fairy Aura
|move|p1a: Sinistcha|Rage Powder|p1a: Sinistcha
|-singleturn|p1a: Sinistcha|move: Rage Powder
|move|p2a: Whimsicott|Light Screen|p2a: Whimsicott
|-sidestart|p2: lyk0|move: Light Screen
|move|p2b: Staraptor|Brave Bird|p1a: Sinistcha
|-supereffective|p1a: Sinistcha|1
|-damage|p1a: Sinistcha|7/100
|-damage|p2b: Staraptor|71/100|[from] Recoil
|move|p1b: Floette|Dazzling Gleam|p2a: Whimsicott|[spread] p2a,p2b
|-crit|p2a: Whimsicott
|-supereffective|p2b: Staraptor|1
|-damage|p2a: Whimsicott|11/100
|-damage|p2b: Staraptor|18/100
|
|upkeep
|turn|2
|
|t:|1785767970
|move|p2b: Staraptor|Protect|p2b: Staraptor
|-singleturn|p2b: Staraptor|Protect
|move|p1a: Sinistcha|Rage Powder|p1a: Sinistcha
|-singleturn|p1a: Sinistcha|move: Rage Powder
|move|p2a: Whimsicott|Tailwind|p2a: Whimsicott
|-sidestart|p2: lyk0|move: Tailwind
|move|p1b: Floette|Dazzling Gleam|p2a: Whimsicott|[spread] p2a
|-activate|p2b: Staraptor|move: Protect
|-damage|p2a: Whimsicott|0 fnt
|faint|p2a: Whimsicott
|
|upkeep
|
|t:|1785767979
|switch|p2a: Kingambit|Kingambit, L50, M|100/100
|turn|3
|
|t:|1785768001
|switch|p1a: Milotic|Milotic, L50, F|100/100
|move|p2b: Staraptor|Brave Bird|p1a: Milotic
|-damage|p1a: Milotic|53/100
|-damage|p2b: Staraptor|2/100|[from] Recoil
|move|p1b: Floette|Dazzling Gleam|p2b: Staraptor|[spread] p2a,p2b
|-supereffective|p2b: Staraptor|1
|-damage|p2a: Kingambit|75/100
|-damage|p2b: Staraptor|0 fnt
|faint|p2b: Staraptor
|move|p2a: Kingambit|Iron Head|p1b: Floette
|-supereffective|p1b: Floette|1
|-damage|p1b: Floette|3/100
|
|-heal|p1a: Milotic|59/100|[from] item: Leftovers
|upkeep
|
|t:|1785768014
|switch|p2b: Milotic|Milotic, L50, M, shiny|100/100
|turn|4
|
|t:|1785768037
|switch|p1b: Sinistcha|Sinistcha, L50|7/100
|-heal|p1a: Milotic|84/100|[from] ability: Hospitality|[of] p1b: Sinistcha
|move|p2b: Milotic|Icy Wind|p1b: Sinistcha|[spread] p1a,p1b
|-resisted|p1a: Milotic|1
|-supereffective|p1b: Sinistcha|1
|-damage|p1a: Milotic|81/100
|-damage|p1b: Sinistcha|0 fnt
|-unboost|p1a: Milotic|spe|1
|-ability|p1a: Milotic|Competitive|boost
|-boost|p1a: Milotic|spa|2
|faint|p1b: Sinistcha
|move|p2a: Kingambit|Kowtow Cleave|p1a: Milotic
|-damage|p1a: Milotic|42/100
|move|p1a: Milotic|Coil|p1a: Milotic
|-boost|p1a: Milotic|atk|1
|-boost|p1a: Milotic|def|1
|-boost|p1a: Milotic|accuracy|1
|
|-heal|p1a: Milotic|48/100|[from] item: Leftovers
|upkeep
|
|t:|1785768052
|switch|p1b: Floette|Floette-Mega, L50, F|3/100
|-ability|p1b: Floette|Fairy Aura
|turn|5
|
|t:|1785768086
|move|p1b: Floette|Protect|p1b: Floette
|-singleturn|p1b: Floette|Protect
|move|p1a: Milotic|Protect|p1a: Milotic
|-singleturn|p1a: Milotic|Protect
|move|p2b: Milotic|Icy Wind|p1b: Floette|[spread] 
|-activate|p1a: Milotic|move: Protect
|-activate|p1b: Floette|move: Protect
|move|p2a: Kingambit|Kowtow Cleave|p1a: Milotic
|-activate|p1a: Milotic|move: Protect
|
|-heal|p1a: Milotic|54/100|[from] item: Leftovers
|-sideend|p2: lyk0|move: Light Screen
|-sideend|p2: lyk0|move: Tailwind
|upkeep
|turn|6
|
|t:|1785768131
|move|p2a: Kingambit|Sucker Punch|p1b: Floette
|-resisted|p1b: Floette|1
|-damage|p1b: Floette|0 fnt
|faint|p1b: Floette
|move|p2b: Milotic|Scald|p1a: Milotic
|-resisted|p1a: Milotic|1
|-damage|p1a: Milotic|45/100
|-status|p1a: Milotic|brn
|move|p1a: Milotic|Hypnosis|p2b: Milotic
|-status|p2b: Milotic|slp|[from] move: Hypnosis
|
|-heal|p1a: Milotic|51/100 brn|[from] item: Leftovers
|-damage|p1a: Milotic|45/100 brn|[from] brn
|upkeep
|
|t:|1785768140
|switch|p1b: Incineroar|Incineroar, L50, M|100/100
|-ability|p1b: Incineroar|Intimidate|boost
|-unboost|p2a: Kingambit|atk|1
|-ability|p2a: Kingambit|Defiant|boost
|-boost|p2a: Kingambit|atk|2
|-unboost|p2b: Milotic|atk|1
|-ability|p2b: Milotic|Competitive|boost
|-boost|p2b: Milotic|spa|2
|turn|7
|inactive|Battle timer is ON: inactive players will automatically lose when time's up. (requested by javi fuego)
|
|t:|1785768164
|move|p1b: Incineroar|Fake Out|p2a: Kingambit
|-resisted|p2a: Kingambit|1
|-damage|p2a: Kingambit|71/100
|cant|p2b: Milotic|slp
|cant|p2a: Kingambit|flinch
|move|p1a: Milotic|Hypnosis|p2a: Kingambit|[miss]
|-miss|p1a: Milotic|p2a: Kingambit
|
|-heal|p1a: Milotic|51/100 brn|[from] item: Leftovers
|-damage|p1a: Milotic|45/100 brn|[from] brn
|upkeep
|turn|8
|
|t:|1785768184
|cant|p2b: Milotic|slp
|move|p1b: Incineroar|Flare Blitz|p2a: Kingambit
|-supereffective|p2a: Kingambit|1
|-damage|p2a: Kingambit|1/100
|-damage|p1b: Incineroar|76/100|[from] Recoil
|move|p2a: Kingambit|Low Kick|p1b: Incineroar
|-supereffective|p1b: Incineroar|1
|-damage|p1b: Incineroar|4/100
|-enditem|p1b: Incineroar|Sitrus Berry|[eat]
|-heal|p1b: Incineroar|29/100|[from] item: Sitrus Berry
|move|p1a: Milotic|Hypnosis|p2a: Kingambit|[miss]
|-miss|p1a: Milotic|p2a: Kingambit
|
|-heal|p1a: Milotic|51/100 brn|[from] item: Leftovers
|-damage|p1a: Milotic|45/100 brn|[from] brn
|upkeep
|turn|9
|inactive|lyk0 has 30 seconds left.
|
|t:|1785768214
|move|p2a: Kingambit|Sucker Punch|p1b: Incineroar
|-resisted|p1b: Incineroar|1
|-damage|p1b: Incineroar|8/100
|-curestatus|p2b: Milotic|slp|[msg]
|move|p2b: Milotic|Scald|p1a: Milotic
|-resisted|p1a: Milotic|1
|-damage|p1a: Milotic|28/100 brn
|move|p1b: Incineroar|Throat Chop|p2b: Milotic
|-damage|p2b: Milotic|77/100
|-start|p2b: Milotic|Throat Chop|[silent]
|move|p1a: Milotic|Muddy Water|p2a: Kingambit|[spread] p2a,p2b
|-resisted|p2b: Milotic|1
|-damage|p2a: Kingambit|0 fnt
|-damage|p2b: Milotic|59/100
|faint|p2a: Kingambit
|
|-heal|p2b: Milotic|65/100|[from] item: Leftovers
|-heal|p1a: Milotic|34/100 brn|[from] item: Leftovers
|-damage|p1a: Milotic|28/100 brn|[from] brn
|upkeep
|turn|10
|
|t:|1785768236
|move|p2b: Milotic|Scald|p1b: Incineroar
|-supereffective|p1b: Incineroar|1
|-damage|p1b: Incineroar|0 fnt
|faint|p1b: Incineroar
|move|p1a: Milotic|Hypnosis|p2b: Milotic
|-status|p2b: Milotic|slp|[from] move: Hypnosis
|
|-heal|p2b: Milotic|71/100 slp|[from] item: Leftovers
|-heal|p1a: Milotic|34/100 brn|[from] item: Leftovers
|-damage|p1a: Milotic|28/100 brn|[from] brn
|-end|p2b: Milotic|Throat Chop|[silent]
|upkeep
|turn|11
|
|t:|1785768249
|cant|p2b: Milotic|slp
|move|p1a: Milotic|Muddy Water|p2b: Milotic
|-resisted|p2b: Milotic|1
|-damage|p2b: Milotic|48/100 slp
|
|-heal|p2b: Milotic|53/100 slp|[from] item: Leftovers
|-heal|p1a: Milotic|34/100 brn|[from] item: Leftovers
|-damage|p1a: Milotic|28/100 brn|[from] brn
|upkeep
|turn|12
|-message|javi fuego forfeited.
|
|win|lyk0
||lyk0 is ready for game 2.
||javi fuego is ready for game 2.
|uhtml|next|Next: Game 2 of 3
|l|☆javi fuego
|player|p1|
|l|☆lyk0
|player|p2|
|j|☆javi fuego
|player|p1|javi fuego|265|
