|j|☆1Manuel1410
|j|☆platanoso
|html|1Manuel1410platanoso    
|uhtml|bestof|Game 1 of a best-of-3
|t:|1785877631
|gametype|doubles
|player|p1|1Manuel1410|palmer|1324
|player|p2|platanoso|madame-gen4|1237
|gen|9
|tier|[Gen 9 Champions] VGC 2026 Reg M-B (Bo3)
|rated|
|rule|Species Clause: Limit one of each Pokémon
|rule|Item Clause: Limit 1 of each item
|clearpoke
|poke|p1|Staraptor, L50, F|
|poke|p1|Whimsicott, L50, F|
|poke|p1|Primarina, L50, F|
|poke|p1|Maushold-Four, L50|
|poke|p1|Delphox, L50, F|
|poke|p1|Sneasler, L50, F|
|poke|p2|Floette-Eternal, L50, F|
|poke|p2|Sneasler, L50, F|
|poke|p2|Incineroar, L50, M|
|poke|p2|Sinistcha, L50|
|poke|p2|Delphox, L50, M|
|poke|p2|Garchomp, L50, M|
|teampreview|4
|showteam|p1|Staraptor||Staraptite|Intimidate|Protect,Roost,CloseCombat,DualWingbeat|Jolly||F|||50|]Whimsicott||FocusSash|Prankster|Tailwind,Moonblast,LightScreen,Charm|Timid||F|||50|]Primarina||Leftovers|LiquidVoice|Protect,CalmMind,HyperVoice,Moonblast|Modest||F|||50|]Maushold-Four||ChopleBerry|FriendGuard|Protect,FollowMe,Charm,Feint|Jolly|||||50|]Delphox||Delphoxite|Blaze|Psychic,HeatWave,NastyPlot,Protect|Timid||F|||50|]Sneasler||LifeOrb|PoisonTouch|FakeOut,CloseCombat,DireClaw,Protect|Adamant||F|||50|
|showteam|p2|Floette-Eternal||Floettite|FlowerVeil|DazzlingGleam,DrainingKiss,CalmMind,Protect|Modest||F|||50|]Sneasler||FocusSash|PoisonTouch|CloseCombat,PoisonJab,FakeOut,Protect|Jolly||F|||50|]Incineroar||SitrusBerry|Intimidate|FlareBlitz,DarkestLariat,PartingShot,FakeOut|Impish||M|||50|]Sinistcha||OccaBerry|Hospitality|MatchaGotcha,RagePowder,TrickRoom,Protect|Bold|||||50|]Delphox||Delphoxite|Blaze|HeatWave,Psychic,NastyPlot,Protect|Modest||M|||50|]Garchomp||ChoiceScarf|RoughSkin|DragonClaw,StompingTantrum,Earthquake,RockSlide|Adamant||M|||50|
|inactive|Battle timer is ON: inactive players will automatically lose when time's up. (requested by 1Manuel1410)
|inactive|platanoso has 60 seconds left.
|inactive|1Manuel1410 has 60 seconds left.
|inactive|platanoso has 30 seconds left.
|
|t:|1785877699
|teamsize|p1|4
|teamsize|p2|4
|start
|switch|p1a: Maushold|Maushold-Four, L50|100/100
|switch|p1b: Primarina|Primarina, L50, F|100/100
|switch|p2a: Incineroar|Incineroar, L50, M|100/100
|switch|p2b: Delphox|Delphox, L50, M|100/100
|-ability|p2a: Incineroar|Intimidate|boost
|-unboost|p1a: Maushold|atk|1
|-unboost|p1b: Primarina|atk|1
|turn|1
|inactive|platanoso has 30 seconds left.
|
|t:|1785877733
|switch|p2b: Sinistcha|Sinistcha, L50|100/100
|move|p1a: Maushold|Charm|p2a: Incineroar
|-unboost|p2a: Incineroar|atk|2
|move|p1b: Primarina|Calm Mind|p1b: Primarina
|-boost|p1b: Primarina|spa|1
|-boost|p1b: Primarina|spd|1
|move|p2a: Incineroar|Parting Shot|p1b: Primarina
|-unboost|p1b: Primarina|atk|1
|-unboost|p1b: Primarina|spa|1
|
|t:|1785877744
|switch|p2a: Sneasler|Sneasler, L50, F|100/100|[from] Parting Shot
|
|upkeep
|turn|2
|
|t:|1785877769
|move|p1b: Primarina|Protect|p1b: Primarina
|-singleturn|p1b: Primarina|Protect
|move|p2a: Sneasler|Fake Out|p1b: Primarina
|-activate|p1b: Primarina|move: Protect
|move|p1a: Maushold|Charm|p2a: Sneasler
|-unboost|p2a: Sneasler|atk|2
|move|p2b: Sinistcha|Matcha Gotcha|p1b: Primarina|[spread] p1a
|-activate|p1b: Primarina|move: Protect
|-damage|p1a: Maushold|70/100
|-status|p1a: Maushold|brn
|
|-damage|p1a: Maushold|64/100 brn|[from] brn
|upkeep
|turn|3
|inactive|1Manuel1410 has 30 seconds left.
|inactive|platanoso has 30 seconds left.
|
|t:|1785877799
|move|p1a: Maushold|Feint|p2a: Sneasler
|-damage|p2a: Sneasler|95/100
|move|p2a: Sneasler|Poison Jab|p1b: Primarina
|-supereffective|p1b: Primarina|1
|-damage|p1b: Primarina|64/100
|-status|p1b: Primarina|psn|[from] ability: Poison Touch|[of] p2a: Sneasler
|move|p1b: Primarina|Hyper Voice|p2b: Sinistcha|[spread] p2a,p2b
|-resisted|p2b: Sinistcha|1
|-damage|p2a: Sneasler|51/100
|-damage|p2b: Sinistcha|84/100
|move|p2b: Sinistcha|Matcha Gotcha|p1b: Primarina|[spread] p1b
|-miss|p2b: Sinistcha|p1a: Maushold
|-supereffective|p1b: Primarina|1
|-damage|p1b: Primarina|44/100 psn
|-heal|p2b: Sinistcha|95/100|[from] drain|[of] p1b: Primarina
|
|-heal|p1b: Primarina|50/100g psn|[from] item: Leftovers
|-damage|p1b: Primarina|37/100 psn|[from] psn
|-damage|p1a: Maushold|58/100 brn|[from] brn
|upkeep
|turn|4
|
|t:|1785877822
|move|p1a: Maushold|Follow Me|p1a: Maushold
|-singleturn|p1a: Maushold|move: Follow Me
|move|p2a: Sneasler|Close Combat|p1a: Maushold
|-supereffective|p1a: Maushold|1
|-enditem|p1a: Maushold|Chople Berry|[eat]
|-enditem|p1a: Maushold|Chople Berry|[weaken]
|-damage|p1a: Maushold|18/100 brn
|-unboost|p2a: Sneasler|def|1
|-unboost|p2a: Sneasler|spd|1
|move|p1b: Primarina|Moonblast|p2a: Sneasler
|-damage|p2a: Sneasler|0 fnt
|faint|p2a: Sneasler
|move|p2b: Sinistcha|Matcha Gotcha|p1b: Primarina|[spread] p1b
|-miss|p2b: Sinistcha|p1a: Maushold
|-supereffective|p1b: Primarina|1
|-damage|p1b: Primarina|18/100 psn
|-heal|p2b: Sinistcha|100/100|[from] drain|[of] p1b: Primarina
|
|-heal|p1b: Primarina|24/100 psn|[from] item: Leftovers
|-damage|p1b: Primarina|12/100 psn|[from] psn
|-damage|p1a: Maushold|12/100 brn|[from] brn
|upkeep
|inactive|platanoso has 30 seconds left.
|inactive|platanoso has 20 seconds left.
|
|t:|1785877859
|switch|p2a: Delphox|Delphox, L50, M|100/100
|turn|5
|
|t:|1785877882
|detailschange|p2a: Delphox|Delphox-Mega, L50, M
|-mega|p2a: Delphox|Delphox|Delphoxite
|move|p2a: Delphox|Protect|p2a: Delphox
|-singleturn|p2a: Delphox|Protect
|move|p1a: Maushold|Follow Me|p1a: Maushold
|-singleturn|p1a: Maushold|move: Follow Me
|move|p1b: Primarina|Hyper Voice|p2b: Sinistcha|[spread] p2b
|-activate|p2a: Delphox|move: Protect
|-resisted|p2b: Sinistcha|1
|-damage|p2b: Sinistcha|83/100
|move|p2b: Sinistcha|Matcha Gotcha|p1a: Maushold|[spread] p1a,p1b
|-supereffective|p1b: Primarina|1
|-damage|p1a: Maushold|0 fnt
|-heal|p2b: Sinistcha|89/100|[from] drain|[of] p1a: Maushold
|-damage|p1b: Primarina|0 fnt
|-heal|p2b: Sinistcha|96/100|[from] drain|[of] p1b: Primarina
|faint|p1a: Maushold
|faint|p1b: Primarina
|
|upkeep
|
|t:|1785877888
|switch|p1a: Sneasler|Sneasler, L50, F|100/100
|switch|p1b: Delphox|Delphox, L50, F|100/100
|turn|6
|inactive|platanoso has 30 seconds left.
|inactive|platanoso has 20 seconds left.
|inactive|platanoso has 15 seconds left.
|inactive|platanoso has 10 seconds left.
|inactive|platanoso has 5 seconds left.
|
|t:|1785877939
|detailschange|p1b: Delphox|Delphox-Mega, L50, F
|-mega|p1b: Delphox|Delphox|Delphoxite
|move|p1a: Sneasler|Fake Out|p2a: Delphox
|-damage|p2a: Delphox|78/100
|-status|p2a: Delphox|psn|[from] ability: Poison Touch|[of] p1a: Sneasler
|-damage|p1a: Sneasler|90/100|[from] item: Life Orb
|move|p2b: Sinistcha|Rage Powder|p2b: Sinistcha
|-singleturn|p2b: Sinistcha|move: Rage Powder
|move|p1b: Delphox|Nasty Plot|p1b: Delphox
|-boost|p1b: Delphox|spa|2
|cant|p2a: Delphox|flinch
|
|-damage|p2a: Delphox|65/100 psn|[from] psn
|upkeep
|turn|7
|
|t:|1785877954
|move|p1a: Sneasler|Protect|p1a: Sneasler
|-singleturn|p1a: Sneasler|Protect
|move|p2b: Sinistcha|Protect|p2b: Sinistcha
|-singleturn|p2b: Sinistcha|Protect
|move|p1b: Delphox|Heat Wave|p2b: Sinistcha|[spread] p2a
|-activate|p2b: Sinistcha|move: Protect
|-resisted|p2a: Delphox|1
|-damage|p2a: Delphox|31/100 psn
|move|p2a: Delphox|Nasty Plot|p2a: Delphox
|-boost|p2a: Delphox|spa|2
|
|-damage|p2a: Delphox|19/100 psn|[from] psn
|upkeep
|turn|8
|
|t:|1785877968
|move|p1a: Sneasler|Protect|p1a: Sneasler
|-singleturn|p1a: Sneasler|Protect
|move|p1b: Delphox|Heat Wave|p2a: Delphox|[spread] p2a
|-miss|p1b: Delphox|p2b: Sinistcha
|-resisted|p2a: Delphox|1
|-damage|p2a: Delphox|0 fnt
|faint|p2a: Delphox
|move|p2b: Sinistcha|Trick Room|p2b: Sinistcha
|-fieldstart|move: Trick Room|[of] p2b: Sinistcha
|
|upkeep
|
|t:|1785877976
|switch|p2a: Incineroar|Incineroar, L50, M|100/100
|-ability|p2a: Incineroar|Intimidate|boost
|-unboost|p1a: Sneasler|atk|1
|-unboost|p1b: Delphox|atk|1
|turn|9
|
|t:|1785877989
|move|p2b: Sinistcha|Rage Powder|p2b: Sinistcha
|-singleturn|p2b: Sinistcha|move: Rage Powder
|move|p2a: Incineroar|Flare Blitz|p1a: Sneasler
|-damage|p1a: Sneasler|14/100
|-damage|p2a: Incineroar|80/100|[from] Recoil
|move|p1a: Sneasler|Dire Claw|p2b: Sinistcha
|-damage|p2b: Sinistcha|65/100
|-status|p2b: Sinistcha|psn|[from] ability: Poison Touch|[of] p1a: Sneasler
|-damage|p1a: Sneasler|4/100|[from] item: Life Orb
|move|p1b: Delphox|Heat Wave|p2b: Sinistcha|[spread] p2a,p2b
|-resisted|p2a: Incineroar|1
|-supereffective|p2b: Sinistcha|1
|-enditem|p2b: Sinistcha|Occa Berry|[eat]
|-enditem|p2b: Sinistcha|Occa Berry|[weaken]
|-damage|p2a: Incineroar|42/100
|-damage|p2b: Sinistcha|0 fnt
|-enditem|p2a: Incineroar|Sitrus Berry|[eat]
|-heal|p2a: Incineroar|66/100|[from] item: Sitrus Berry
|faint|p2b: Sinistcha
|
|upkeep
|turn|10
|inactive|1Manuel1410 has 30 seconds left.
|
|t:|1785878016
|move|p1a: Sneasler|Protect|p1a: Sneasler
|-singleturn|p1a: Sneasler|Protect
|move|p1b: Delphox|Protect|p1b: Delphox
|-singleturn|p1b: Delphox|Protect
|move|p2a: Incineroar|Darkest Lariat|p1b: Delphox
|-activate|p1b: Delphox|move: Protect
|
|upkeep
|turn|11
|
|t:|1785878027
|move|p2a: Incineroar|Darkest Lariat|p1a: Sneasler
|-resisted|p1a: Sneasler|1
|-damage|p1a: Sneasler|0 fnt
|faint|p1a: Sneasler
|move|p1b: Delphox|Heat Wave|p2a: Incineroar
|-resisted|p2a: Incineroar|1
|-crit|p2a: Incineroar
|-damage|p2a: Incineroar|0 fnt
|faint|p2a: Incineroar
|
|win|1Manuel1410
||platanoso is ready for game 2.
|inactive|1Manuel1410 has 30 seconds to confirm battle start!
||1Manuel1410 is ready for game 2.
|uhtml|next|Next: Game 2 of 3
