|j|☆NerdConsultant
|j|☆taa2pm
|html|NerdConsultanttaa2pm    
|uhtml|bestof|Game 2 of a best-of-3
|t:|1756236708
|gametype|doubles
|player|p1|NerdConsultant|roxie|1050
|player|p2|taa2pm|265|1044
|gen|9
|tier|[Gen 9] VGC 2025 Reg H (Bo3)
|rated|
|rule|Species Clause: Limit one of each Pokémon
|rule|Item Clause: Limit 1 of each item
|clearpoke
|poke|p1|Kingambit, L50, M|
|poke|p1|Rillaboom, L50, M|
|poke|p1|Archaludon, L50, F|
|poke|p1|Basculegion, L50, M|
|poke|p1|Electabuzz, L50, M|
|poke|p1|Pelipper, L50, M|
|poke|p2|Garchomp, L50, M|
|poke|p2|Tyranitar, L50, F|
|poke|p2|Infernape, L50, M|
|poke|p2|Murkrow, L50, M|
|poke|p2|Gyarados, L50, F|
|poke|p2|Annihilape, L50, M|
|teampreview|4
|showteam|p1|Kingambit||BlackGlasses|Defiant|KowtowCleave,SwordsDance,SuckerPunch,Protect|||M|||50|,,,,,Dark]Rillaboom||LoadedDice|GrassySurge|HighHorsepower,GrassyGlide,BulletSeed,FakeOut|||M|||50|,,,,,Fire]Archaludon||AssaultVest|Stamina|ElectroShot,BodyPress,DracoMeteor,FlashCannon|||F|||50|,,,,,Bug]Basculegion||ChoiceBand|SwiftSwim|WaveCrash,AquaJet,LastRespects,FlipTurn|||M|||50|,,,,,Grass]Electabuzz||Eviolite|VitalSpirit|Electroweb,Taunt,FollowMe,Protect|||M|||50|,,,,,Ghost]Pelipper||FocusSash|Drizzle|Tailwind,WeatherBall,Hurricane,Protect|||M|||50|,,,,,Ghost
|showteam|p2|Garchomp||LifeOrb|RoughSkin|Earthquake,IronHead,DragonClaw,Protect|||M|||50|,,,,,Steel]Tyranitar||BlunderPolicy|SandStream|KnockOff,RockSlide,StoneEdge,Protect|||F|||50|,,,,,Flying]Infernape||AssaultVest|Blaze|FakeOut,AuraSphere,HeatWave,Overheat|||M|||50|,,,,,Stellar]Murkrow||Eviolite|Prankster|FoulPlay,Haze,Whirlwind,Tailwind|||M|||50|,,,,,Dark]Gyarados||ClearAmulet|Intimidate|Waterfall,TeraBlast,ThunderWave,Protect|||F|||50|,,,,,Flying]Annihilape||SafetyGoggles|Defiant|DrainPunch,RageFist,BulkUp,Protect|||M|||50|,,,,,Fire
|
|t:|1756236738
|teamsize|p1|4
|teamsize|p2|4
|start
|switch|p1a: Basculegion|Basculegion, L50, M|100/100
|switch|p1b: Rillaboom|Rillaboom, L50, M|100/100
|switch|p2a: Murkrow|Murkrow, L50, M|100/100
|switch|p2b: Garchomp|Garchomp, L50, M|100/100
|-fieldstart|move: Grassy Terrain|[from] ability: Grassy Surge|[of] p1b: Rillaboom
|turn|1
|
|t:|1756236760
|move|p2b: Garchomp|Dragon Claw|p1a: Basculegion
|-damage|p1a: Basculegion|32/100
|-damage|p2b: Garchomp|91/100|[from] item: Life Orb
|move|p1a: Basculegion|Flip Turn|p2a: Murkrow
|-damage|p2a: Murkrow|46/100
|
|t:|1756236767
|switch|p1a: Archaludon|Archaludon, L50, F|100/100|[from] Flip Turn
|move|p1b: Rillaboom|Bullet Seed|p1a: Archaludon
|-resisted|p1a: Archaludon
|-damage|p1a: Archaludon|97/100
|-ability|p1a: Archaludon|Stamina|boost
|-boost|p1a: Archaludon|def|1
|-resisted|p1a: Archaludon
|-damage|p1a: Archaludon|96/100
|-ability|p1a: Archaludon|Stamina|boost
|-boost|p1a: Archaludon|def|1
|-resisted|p1a: Archaludon
|-damage|p1a: Archaludon|94/100
|-ability|p1a: Archaludon|Stamina|boost
|-boost|p1a: Archaludon|def|1
|-resisted|p1a: Archaludon
|-damage|p1a: Archaludon|93/100
|-ability|p1a: Archaludon|Stamina|boost
|-boost|p1a: Archaludon|def|1
|-hitcount|p1a: Archaludon|4
|move|p2a: Murkrow|Foul Play|p1b: Rillaboom
|-damage|p1b: Rillaboom|54/100
|
|-heal|p2b: Garchomp|97/100|[from] Grassy Terrain
|-heal|p1b: Rillaboom|60/100|[from] Grassy Terrain
|-heal|p1a: Archaludon|99/100|[from] Grassy Terrain
|upkeep
|turn|2
|
|t:|1756236791
|switch|p1b: Pelipper|Pelipper, L50, M|100/100
|-weather|RainDance|[from] ability: Drizzle|[of] p1b: Pelipper
|move|p2a: Murkrow|Haze|p2a: Murkrow
|-clearallboost
|move|p2b: Garchomp|Earthquake|p1b: Pelipper|[spread] p1a
|-immune|p2a: Murkrow
|-immune|p1b: Pelipper
|-supereffective|p1a: Archaludon
|-damage|p1a: Archaludon|62/100
|-ability|p1a: Archaludon|Stamina|boost
|-boost|p1a: Archaludon|def|1
|-damage|p2b: Garchomp|87/100|[from] item: Life Orb
|move|p1a: Archaludon|Electro Shot||[still]
|-prepare|p1a: Archaludon|Electro Shot
|-boost|p1a: Archaludon|spa|1
|-anim|p1a: Archaludon|Electro Shot|p2a: Murkrow
|-supereffective|p2a: Murkrow
|-damage|p2a: Murkrow|0 fnt
|faint|p2a: Murkrow
|
|-weather|RainDance|[upkeep]
|-heal|p2b: Garchomp|93/100|[from] Grassy Terrain
|-heal|p1a: Archaludon|68/100|[from] Grassy Terrain
|upkeep
|
|t:|1756236808
|switch|p2a: Infernape|Infernape, L50, M|100/100
|turn|3
|
|t:|1756236824
|switch|p2b: Tyranitar|Tyranitar, L50, F|100/100
|-weather|Sandstorm|[from] ability: Sand Stream|[of] p2b: Tyranitar
|-terastallize|p1a: Archaludon|Bug
|move|p2a: Infernape|Fake Out|p1b: Pelipper
|-damage|p1b: Pelipper|89/100
|move|p1a: Archaludon|Electro Shot||[still]
|-prepare|p1a: Archaludon|Electro Shot
|-boost|p1a: Archaludon|spa|1
|cant|p1b: Pelipper|flinch
|
|-weather|Sandstorm|[upkeep]
|-damage|p2a: Infernape|95/100|[from] Sandstorm
|-damage|p1a: Archaludon|62/100|[from] Sandstorm
|-damage|p1b: Pelipper|83/100|[from] Sandstorm
|-heal|p2a: Infernape|100/100|[from] Grassy Terrain
|-heal|p1a: Archaludon|68/100|[from] Grassy Terrain
|upkeep
|turn|4
|
|t:|1756236844
|switch|p1b: Rillaboom|Rillaboom, L50, M|60/100
|switch|p2b: Garchomp|Garchomp, L50, M|93/100
|move|p2a: Infernape|Heat Wave|p1b: Rillaboom|[spread] p1a,p1b
|-supereffective|p1a: Archaludon
|-supereffective|p1b: Rillaboom
|-damage|p1a: Archaludon|23/100
|-damage|p1b: Rillaboom|0 fnt
|-ability|p1a: Archaludon|Stamina|boost
|-boost|p1a: Archaludon|def|1
|faint|p1b: Rillaboom
|move|p1a: Archaludon|Electro Shot|p2a: Infernape|[from] lockedmove
|-damage|p2a: Infernape|25/100
|
|-weather|Sandstorm|[upkeep]
|-damage|p2a: Infernape|20/100|[from] Sandstorm
|-damage|p1a: Archaludon|17/100|[from] Sandstorm
|-heal|p2a: Infernape|25/100|[from] Grassy Terrain
|-heal|p2b: Garchomp|99/100|[from] Grassy Terrain
|-heal|p1a: Archaludon|23/100|[from] Grassy Terrain
|upkeep
|
|t:|1756236864
|switch|p1b: Pelipper|Pelipper, L50, M|83/100
|-weather|RainDance|[from] ability: Drizzle|[of] p1b: Pelipper
|turn|5
|
|t:|1756236884
|switch|p2a: Tyranitar|Tyranitar, L50, F|100/100
|-weather|Sandstorm|[from] ability: Sand Stream|[of] p2a: Tyranitar
|move|p2b: Garchomp|Dragon Claw|p1a: Archaludon
|-damage|p1a: Archaludon|5/100
|-ability|p1a: Archaludon|Stamina|boost
|-boost|p1a: Archaludon|def|1
|-damage|p2b: Garchomp|89/100|[from] item: Life Orb
|move|p1a: Archaludon|Body Press|p2b: Garchomp
|-damage|p2b: Garchomp|23/100
|-damage|p1a: Archaludon|0 fnt|[from] ability: Rough Skin|[of] p2b: Garchomp
|faint|p1a: Archaludon
|move|p1b: Pelipper|Weather Ball|p2a: Tyranitar
|-damage|p2a: Tyranitar|81/100
|
|-weather|Sandstorm|[upkeep]
|-damage|p1b: Pelipper|77/100|[from] Sandstorm
|-heal|p2b: Garchomp|29/100|[from] Grassy Terrain
|-heal|p2a: Tyranitar|87/100|[from] Grassy Terrain
|-fieldend|move: Grassy Terrain
|upkeep
|
|t:|1756236902
|switch|p1a: Basculegion|Basculegion, L50, M|32/100
|turn|6
|-message|NerdConsultant forfeited.
|
|win|taa2pm
||NerdConsultant is ready for game 3.
||taa2pm is ready for game 3.
|uhtml|next|Next: Game 3 of 3
|l|☆NerdConsultant
|player|p1|
|l|☆taa2pm
|player|p2|
|j|☆NerdConsultant
|player|p1|NerdConsultant|roxie|
