|j|☆Van (Dream)
|j|☆Zephrhills
|html|Van (Dream)Zephrhills    
|uhtml|bestof|Game 3 of a best-of-3
|t:|1785123239
|gametype|doubles
|player|p1|Van (Dream)|li|
|player|p2|Zephrhills|miku-ghost|
|gen|9
|tier|[Gen 9 Champions] VGC 2026 Reg M-B (Bo3)
|rule|Species Clause: Limit one of each Pokémon
|rule|Item Clause: Limit 1 of each item
|clearpoke
|poke|p1|Politoed, L50, F|
|poke|p1|Swampert, L50, F|
|poke|p1|Archaludon, L50, M|
|poke|p1|Gholdengo, L50|
|poke|p1|Scrafty, L50, M|
|poke|p1|Raichu, L50, F|
|poke|p2|Serperior, L50, F|
|poke|p2|Rotom-Wash, L50, shiny|
|poke|p2|Dragapult, L50, F|
|poke|p2|Tyranitar, L50, F, shiny|
|poke|p2|Greninja, L50, F, shiny|
|poke|p2|Meowstic, L50, M|
|teampreview|4
|showteam|p1|Politoed||SitrusBerry|Drizzle|WeatherBall,IcyWind,HelpingHand,Protect|Bold||F|||50|]Swampert||Swampertite|Damp|Waterfall,HighHorsepower,IcePunch,Protect|Adamant||F|||50|]Archaludon||Leftovers|Stamina|ElectroShot,FlashCannon,DracoMeteor,Protect|Modest||M|||50|]Gholdengo||LifeOrb|GoodasGold|MakeItRain,ShadowBall,PowerGem,Protect|Timid|||||50|]Scrafty||LumBerry|Intimidate|FakeOut,CloseCombat,KnockOff,Protect|Adamant||M|||50|]Raichu||FocusSash|LightningRod|FakeOut,Thunderbolt,VoltSwitch,Protect|Timid||F|||50|
|showteam|p2|Serperior||YacheBerry|Contrary|Reflect,LeechSeed,Protect,LeafStorm|Timid||F|||50|]Rotom-Wash||Leftovers|Levitate|LightScreen,Protect,Thunderbolt,NightShade|Serious|||||50|]Dragapult||ChoiceScarf|Infiltrator|DracoMeteor,Thunder,Uturn,ShadowBall|Modest||F|||50|]Tyranitar||SitrusBerry|SandStream|Protect,Thunderbolt,EarthPower,IcyWind|Sassy||F|||50|]Greninja||ExpertBelt|Protean|GrassKnot,Extrasensory,MudShot,LowKick|Hasty||F|||50|]Meowstic||Meowsticite|Prankster|Yawn,AlluringVoice,DarkPulse,Protect|Timid||M|||50|
|
|t:|1785123292
|teamsize|p1|4
|teamsize|p2|4
|start
|switch|p1a: Politoed|Politoed, L50, F|100/100
|switch|p1b: Archaludon|Archaludon, L50, M|100/100
|switch|p2a: Meowstic|Meowstic, L50, M|100/100
|switch|p2b: Rotom|Rotom-Wash, L50, shiny|100/100
|-weather|RainDance|[from] ability: Drizzle|[of] p1a: Politoed
|turn|1
|
|t:|1785123318
|move|p1a: Politoed|Helping Hand|p1b: Archaludon
|-singleturn|p1b: Archaludon|Helping Hand|[of] p1a: Politoed
|move|p2a: Meowstic|Yawn|p1b: Archaludon
|-start|p1b: Archaludon|move: Yawn|[of] p2a: Meowstic
|move|p2b: Rotom|Light Screen|p2b: Rotom
|-sidestart|p2: Zephrhills|move: Light Screen
|move|p1b: Archaludon|Draco Meteor|p2a: Meowstic
|-damage|p2a: Meowstic|12/100
|-unboost|p1b: Archaludon|spa|2
|
|-weather|RainDance|[upkeep]
|upkeep
|turn|2
|
|t:|1785123340
|move|p2a: Meowstic|Protect|p2a: Meowstic
|-singleturn|p2a: Meowstic|Protect
|move|p2b: Rotom|Night Shade|p1b: Archaludon
|-damage|p1b: Archaludon|74/100
|-ability|p1b: Archaludon|Stamina|boost
|-boost|p1b: Archaludon|def|1
|move|p1b: Archaludon|Electro Shot||[still]
|-prepare|p1b: Archaludon|Electro Shot
|-boost|p1b: Archaludon|spa|1
|-anim|p1b: Archaludon|Electro Shot|p2b: Rotom
|-damage|p2b: Rotom|82/100
|move|p1a: Politoed|Icy Wind|p2b: Rotom|[spread] p2b
|-activate|p2a: Meowstic|move: Protect
|-resisted|p2b: Rotom|1
|-damage|p2b: Rotom|79/100
|-unboost|p2b: Rotom|spe|1
|
|-weather|RainDance|[upkeep]
|-heal|p1b: Archaludon|80/100|[from] item: Leftovers
|-heal|p2b: Rotom|85/100|[from] item: Leftovers
|-end|p1b: Archaludon|move: Yawn|[silent]
|-status|p1b: Archaludon|slp
|upkeep
|turn|3
|
|t:|1785123365
|switch|p1b: Swampert|Swampert, L50, F|100/100
|move|p2a: Meowstic|Dark Pulse|p1a: Politoed
|-damage|p1a: Politoed|79/100
|move|p1a: Politoed|Weather Ball|p2a: Meowstic
|-damage|p2a: Meowstic|0 fnt
|faint|p2a: Meowstic
|move|p2b: Rotom|Night Shade|p1b: Swampert
|-damage|p1b: Swampert|71/100
|
|-weather|RainDance|[upkeep]
|-heal|p2b: Rotom|91/100|[from] item: Leftovers
|upkeep
|
|t:|1785123384
|switch|p2a: Greninja|Greninja, L50, F, shiny|100/100
|turn|4
|
|t:|1785123455
|detailschange|p1b: Swampert|Swampert-Mega, L50, F
|-mega|p1b: Swampert|Swampert|Swampertite
|move|p1a: Politoed|Helping Hand|p1b: Swampert
|-singleturn|p1b: Swampert|Helping Hand|[of] p1a: Politoed
|move|p1b: Swampert|Waterfall|p2a: Greninja
|-resisted|p2a: Greninja|1
|-damage|p2a: Greninja|0 fnt
|faint|p2a: Greninja
|move|p2b: Rotom|Thunderbolt|p1a: Politoed
|-supereffective|p1a: Politoed|1
|-damage|p1a: Politoed|21/100
|-status|p1a: Politoed|par
|-enditem|p1a: Politoed|Sitrus Berry|[eat]
|-heal|p1a: Politoed|46/100 par|[from] item: Sitrus Berry
|
|-weather|RainDance|[upkeep]
|-heal|p2b: Rotom|96/100|[from] item: Leftovers
|upkeep
|
|t:|1785123469
|switch|p2a: Tyranitar|Tyranitar, L50, F, shiny|100/100
|-weather|Sandstorm|[from] ability: Sand Stream|[of] p2a: Tyranitar
|turn|5
|
|t:|1785123478
|switch|p1a: Raichu|Raichu, L50, F|100/100
|move|p1b: Swampert|Protect|p1b: Swampert
|-singleturn|p1b: Swampert|Protect
|move|p2a: Tyranitar|Earth Power|p1b: Swampert
|-activate|p1b: Swampert|move: Protect
|move|p2b: Rotom|Night Shade|p1b: Swampert
|-activate|p1b: Swampert|move: Protect
|
|-weather|Sandstorm|[upkeep]
|-damage|p1a: Raichu|94/100|[from] Sandstorm
|-damage|p2b: Rotom|91/100|[from] Sandstorm
|-heal|p2b: Rotom|96/100|[from] item: Leftovers
|-sideend|p2: Zephrhills|move: Light Screen
|upkeep
|turn|6
|
|t:|1785123503
|move|p2a: Tyranitar|Protect|p2a: Tyranitar
|-singleturn|p2a: Tyranitar|Protect
|move|p1a: Raichu|Fake Out|p2a: Tyranitar
|-activate|p2a: Tyranitar|move: Protect
|move|p1b: Swampert|Waterfall|p2b: Rotom
|-resisted|p2b: Rotom|1
|-damage|p2b: Rotom|70/100
|move|p2b: Rotom|Night Shade|p1b: Swampert
|-damage|p1b: Swampert|42/100
|
|-weather|Sandstorm|[upkeep]
|-damage|p1a: Raichu|88/100|[from] Sandstorm
|-damage|p2b: Rotom|64/100|[from] Sandstorm
|-heal|p2b: Rotom|70/100|[from] item: Leftovers
|upkeep
|turn|7
|
|t:|1785123520
|move|p1b: Swampert|Protect|p1b: Swampert
|-singleturn|p1b: Swampert|Protect
|move|p1a: Raichu|Volt Switch|p2b: Rotom
|-damage|p2b: Rotom|47/100
|
|t:|1785123525
|switch|p1a: Politoed|Politoed, L50, F|46/100 par|[from] Volt Switch
|-weather|RainDance|[from] ability: Drizzle|[of] p1a: Politoed
|move|p2a: Tyranitar|Earth Power|p1a: Politoed
|-damage|p1a: Politoed|22/100 par
|move|p2b: Rotom|Night Shade|p1b: Swampert
|-activate|p1b: Swampert|move: Protect
|
|-weather|RainDance|[upkeep]
|-heal|p2b: Rotom|52/100|[from] item: Leftovers
|upkeep
|turn|8
|
|t:|1785123545
|move|p2a: Tyranitar|Protect|p2a: Tyranitar
|-singleturn|p2a: Tyranitar|Protect
|move|p1b: Swampert|Waterfall|p2a: Tyranitar
|-activate|p2a: Tyranitar|move: Protect
|move|p2b: Rotom|Night Shade|p1b: Swampert
|-damage|p1b: Swampert|14/100
|move|p1a: Politoed|Weather Ball|p2a: Tyranitar
|-activate|p2a: Tyranitar|move: Protect
|
|-weather|RainDance|[upkeep]
|-heal|p2b: Rotom|58/100|[from] item: Leftovers
|upkeep
|turn|9
|
|t:|1785123579
|move|p2a: Tyranitar|Protect|p2a: Tyranitar
|-singleturn|p2a: Tyranitar|Protect
|move|p1b: Swampert|Waterfall|p2a: Tyranitar
|-activate|p2a: Tyranitar|move: Protect
|move|p2b: Rotom|Night Shade|p1b: Swampert
|-damage|p1b: Swampert|0 fnt
|faint|p1b: Swampert
|move|p1a: Politoed|Weather Ball|p2a: Tyranitar
|-activate|p2a: Tyranitar|move: Protect
|
|-weather|RainDance|[upkeep]
|-heal|p2b: Rotom|64/100|[from] item: Leftovers
|upkeep
|
|t:|1785123583
|switch|p1b: Archaludon|Archaludon, L50, M|80/100 slp
|turn|10
|
|t:|1785123600
|cant|p1b: Archaludon|slp
|move|p2a: Tyranitar|Thunderbolt|p1a: Politoed
|-supereffective|p1a: Politoed|1
|-damage|p1a: Politoed|0 fnt
|faint|p1a: Politoed
|move|p2b: Rotom|Night Shade|p1b: Archaludon
|-damage|p1b: Archaludon|55/100 slp
|-ability|p1b: Archaludon|Stamina|boost
|-boost|p1b: Archaludon|def|1
|
|-weather|RainDance|[upkeep]
|-heal|p1b: Archaludon|61/100 slp|[from] item: Leftovers
|-heal|p2b: Rotom|70/100|[from] item: Leftovers
|upkeep
|
|t:|1785123610
|switch|p1a: Raichu|Raichu, L50, F|88/100
|turn|11
|
|t:|1785123623
|move|p1a: Raichu|Fake Out|p2a: Tyranitar
|-resisted|p2a: Tyranitar|1
|-damage|p2a: Tyranitar|96/100
|cant|p1b: Archaludon|slp
|cant|p2a: Tyranitar|flinch
|move|p2b: Rotom|Night Shade|p1b: Archaludon
|-damage|p1b: Archaludon|36/100 slp
|-ability|p1b: Archaludon|Stamina|boost
|-boost|p1b: Archaludon|def|1
|
|-weather|none
|-heal|p1b: Archaludon|42/100 slp|[from] item: Leftovers
|-heal|p2b: Rotom|75/100|[from] item: Leftovers
|upkeep
|turn|12
|
|t:|1785123638
|move|p1a: Raichu|Thunderbolt|p2b: Rotom
|-damage|p2b: Rotom|42/100
|-curestatus|p1b: Archaludon|slp|[msg]
|move|p1b: Archaludon|Flash Cannon|p2a: Tyranitar
|-supereffective|p2a: Tyranitar|1
|-damage|p2a: Tyranitar|29/100
|-enditem|p2a: Tyranitar|Sitrus Berry|[eat]
|-heal|p2a: Tyranitar|54/100|[from] item: Sitrus Berry
|move|p2a: Tyranitar|Earth Power|p1b: Archaludon
|-supereffective|p1b: Archaludon|1
|-damage|p1b: Archaludon|0 fnt
|faint|p1b: Archaludon
|move|p2b: Rotom|Light Screen|p2b: Rotom
|-sidestart|p2: Zephrhills|move: Light Screen
|
|-heal|p2b: Rotom|48/100|[from] item: Leftovers
|upkeep
|turn|13
|
|t:|1785123653
|move|p1a: Raichu|Thunderbolt|p2a: Tyranitar
|-damage|p2a: Tyranitar|35/100
|move|p2a: Tyranitar|Earth Power|p1a: Raichu
|-supereffective|p1a: Raichu|1
|-crit|p1a: Raichu
|-damage|p1a: Raichu|0 fnt
|faint|p1a: Raichu
|
|win|Zephrhills
