|j|☆KodeBeast0526
|j|☆Psychronix
|html|KodeBeast0526Psychronix    
|uhtml|bestof|Game 1 of a best-of-3
|t:|1785383488
|gametype|doubles
|player|p1|KodeBeast0526|hiker|
|player|p2|Psychronix|2|
|gen|9
|tier|[Gen 9 Champions] VGC 2026 Reg M-B (Bo3)
|rule|Species Clause: Limit one of each Pokémon
|rule|Item Clause: Limit 1 of each item
|clearpoke
|poke|p1|Aerodactyl, L50, M|
|poke|p1|Kingambit, L50, M|
|poke|p1|Sylveon, L50, M|
|poke|p1|Garchomp, L50, M|
|poke|p1|Charizard, L50, M|
|poke|p1|Farigiraf, L50, M, shiny|
|poke|p2|Tyranitar, L50, M|
|poke|p2|Excadrill, L50, M|
|poke|p2|Milotic, L50, F, shiny|
|poke|p2|Sinistcha, L50|
|poke|p2|Staraptor, L50, M, shiny|
|poke|p2|Gholdengo, L50|
|teampreview|4
|showteam|p1|Aerodactyl||Aerodactylite|Unnerve|RockSlide,IceFang,Tailwind,WideGuard|Jolly||M|||50|]Kingambit||FocusSash|Defiant|KowtowCleave,SuckerPunch,IronHead,LowKick|Adamant||M|||50|]Sylveon||FairyFeather|Pixilate|Detect,HyperVoice,HyperBeam,QuickAttack|Modest||M|||50|]Garchomp||LifeOrb|RoughSkin|Earthquake,DragonClaw,StompingTantrum,Protect|Jolly||M|||50|]Charizard||CharizarditeY|Blaze|Protect,HeatWave,SolarBeam,WeatherBall|Modest||M|||50|]Farigiraf||SitrusBerry|ArmorTail|Thunderbolt,PsychicNoise,TrickRoom,HelpingHand|Bold||M|||50|
|showteam|p2|Tyranitar||Tyranitarite|SandStream|KnockOff,RockSlide,HighHorsepower,Protect|Jolly||M|||50|]Excadrill||FocusSash|SandRush|Earthquake,IronHead,RockSlide,Protect|Adamant||M|||50|]Milotic||SitrusBerry|Competitive|Scald,IcyWind,Haze,Protect|Calm||F|||50|]Sinistcha||ColburBerry|Hospitality|MatchaGotcha,ShadowBall,Protect,RagePowder|Bold|||||50|]Staraptor||Staraptite|Intimidate|CloseCombat,BraveBird,Tailwind,Protect|Jolly||M|||50|]Gholdengo||LifeOrb|GoodasGold|MakeItRain,ShadowBall,NastyPlot,Protect|Modest|||||50|
|
|t:|1785383560
|teamsize|p1|4
|teamsize|p2|4
|start
|switch|p1a: Farigiraf|Farigiraf, L50, M, shiny|100/100
|switch|p1b: Kingambit|Kingambit, L50, M|100/100
|switch|p2a: Gholdengo|Gholdengo, L50|100/100
|switch|p2b: Sinistcha|Sinistcha, L50|100/100
|turn|1
|
|t:|1785383617
|switch|p2a: Milotic|Milotic, L50, F, shiny|100/100
|move|p1a: Farigiraf|Helping Hand|p1b: Kingambit
|-singleturn|p1b: Kingambit|Helping Hand|[of] p1a: Farigiraf
|move|p1b: Kingambit|Kowtow Cleave|p2b: Sinistcha
|-supereffective|p2b: Sinistcha|1
|-enditem|p2b: Sinistcha|Colbur Berry|[eat]
|-enditem|p2b: Sinistcha|Colbur Berry|[weaken]
|-damage|p2b: Sinistcha|42/100
|move|p2b: Sinistcha|Matcha Gotcha|p1b: Kingambit|[spread] p1a,p1b
|-resisted|p1b: Kingambit|1
|-crit|p1b: Kingambit
|-damage|p1a: Farigiraf|75/100
|-heal|p2b: Sinistcha|58/100|[from] drain|[of] p1a: Farigiraf
|-damage|p1b: Kingambit|80/100
|-heal|p2b: Sinistcha|68/100|[from] drain|[of] p1b: Kingambit
|
|upkeep
|turn|2
|
|t:|1785383664
|switch|p2b: Tyranitar|Tyranitar, L50, M|100/100
|-weather|Sandstorm|[from] ability: Sand Stream|[of] p2b: Tyranitar
|move|p2a: Milotic|Scald|p1b: Kingambit
|-damage|p1b: Kingambit|46/100
|-status|p1b: Kingambit|brn
|move|p1b: Kingambit|Kowtow Cleave|p2b: Tyranitar
|-resisted|p2b: Tyranitar|1
|-damage|p2b: Tyranitar|90/100
|move|p1a: Farigiraf|Trick Room|p1a: Farigiraf
|-fieldstart|move: Trick Room|[of] p1a: Farigiraf
|
|-weather|Sandstorm|[upkeep]
|-damage|p1a: Farigiraf|69/100|[from] Sandstorm
|-damage|p2a: Milotic|94/100|[from] Sandstorm
|-damage|p1b: Kingambit|40/100 brn|[from] brn
|upkeep
|turn|3
|
|t:|1785383694
|detailschange|p2b: Tyranitar|Tyranitar-Mega, L50, M
|-mega|p2b: Tyranitar|Tyranitar|Tyranitarite
|move|p1a: Farigiraf|Helping Hand|p1b: Kingambit
|-singleturn|p1b: Kingambit|Helping Hand|[of] p1a: Farigiraf
|move|p1b: Kingambit|Low Kick|p2b: Tyranitar
|-supereffective|p2b: Tyranitar|2
|-damage|p2b: Tyranitar|5/100
|move|p2a: Milotic|Scald|p1a: Farigiraf
|-damage|p1a: Farigiraf|42/100
|-enditem|p1a: Farigiraf|Sitrus Berry|[eat]
|-heal|p1a: Farigiraf|67/100|[from] item: Sitrus Berry
|move|p2b: Tyranitar|Knock Off|p1a: Farigiraf
|-supereffective|p1a: Farigiraf|1
|-damage|p1a: Farigiraf|9/100
|
|-weather|Sandstorm|[upkeep]
|-damage|p1a: Farigiraf|3/100|[from] Sandstorm
|-damage|p2a: Milotic|88/100|[from] Sandstorm
|-damage|p1b: Kingambit|35/100 brn|[from] brn
|upkeep
|turn|4
|
|t:|1785383725
|switch|p2a: Sinistcha|Sinistcha, L50|68/100
|-heal|p2b: Tyranitar|30/100|[from] ability: Hospitality|[of] p2a: Sinistcha
|move|p2b: Tyranitar|Protect|p2b: Tyranitar
|-singleturn|p2b: Tyranitar|Protect
|move|p1b: Kingambit|Sucker Punch||[still]
|-fail|p1b: Kingambit
|move|p1a: Farigiraf|Thunderbolt|p2a: Sinistcha
|-resisted|p2a: Sinistcha|1
|-damage|p2a: Sinistcha|57/100
|
|-weather|Sandstorm|[upkeep]
|-damage|p1a: Farigiraf|0 fnt|[from] Sandstorm
|-damage|p2a: Sinistcha|52/100|[from] Sandstorm
|faint|p1a: Farigiraf
|-damage|p1b: Kingambit|29/100 brn|[from] brn
|upkeep
|
|t:|1785383733
|switch|p1a: Sylveon|Sylveon, L50, M|100/100
|turn|5
|
|t:|1785383766
|switch|p2b: Milotic|Milotic, L50, F, shiny|88/100
|move|p2a: Sinistcha|Protect|p2a: Sinistcha
|-singleturn|p2a: Sinistcha|Protect
|move|p1b: Kingambit|Kowtow Cleave|p2a: Sinistcha
|-activate|p2a: Sinistcha|move: Protect
|move|p1a: Sylveon|Hyper Voice|p2b: Milotic|[spread] p2b
|-activate|p2a: Sinistcha|move: Protect
|-damage|p2b: Milotic|59/100
|
|-weather|Sandstorm|[upkeep]
|-damage|p2a: Sinistcha|46/100|[from] Sandstorm
|-damage|p1a: Sylveon|94/100|[from] Sandstorm
|-damage|p2b: Milotic|53/100|[from] Sandstorm
|-damage|p1b: Kingambit|23/100 brn|[from] brn
|upkeep
|turn|6
|
|t:|1785383838
|switch|p2a: Tyranitar|Tyranitar-Mega, L50, M|30/100
|move|p1b: Kingambit|Kowtow Cleave|p2a: Tyranitar
|-resisted|p2a: Tyranitar|1
|-damage|p2a: Tyranitar|22/100
|move|p1a: Sylveon|Hyper Voice|p2a: Tyranitar|[spread] p2a,p2b
|-supereffective|p2a: Tyranitar|1
|-damage|p2a: Tyranitar|0 fnt
|-damage|p2b: Milotic|24/100
|-enditem|p2b: Milotic|Sitrus Berry|[eat]
|-heal|p2b: Milotic|49/100|[from] item: Sitrus Berry
|faint|p2a: Tyranitar
|move|p2b: Milotic|Scald|p1b: Kingambit
|-damage|p1b: Kingambit|0 fnt
|faint|p1b: Kingambit
|
|-weather|none
|-fieldend|move: Trick Room
|upkeep
|
|t:|1785383856
|switch|p2a: Gholdengo|Gholdengo, L50|100/100
|switch|p1b: Charizard|Charizard, L50, M|100/100
|turn|7
|
|t:|1785383893
|detailschange|p1b: Charizard|Charizard-Mega-Y, L50, M
|-mega|p1b: Charizard|Charizard|Charizardite Y
|-weather|SunnyDay|[from] ability: Drought|[of] p1b: Charizard
|move|p2a: Gholdengo|Protect|p2a: Gholdengo
|-singleturn|p2a: Gholdengo|Protect
|move|p1b: Charizard|Heat Wave|p2a: Gholdengo|[spread] p2b
|-activate|p2a: Gholdengo|move: Protect
|-resisted|p2b: Milotic|1
|-damage|p2b: Milotic|28/100
|move|p2b: Milotic|Icy Wind|p1a: Sylveon|[spread] p1a,p1b
|-damage|p1a: Sylveon|86/100
|-damage|p1b: Charizard|90/100
|-unboost|p1a: Sylveon|spe|1
|-unboost|p1b: Charizard|spe|1
|move|p1a: Sylveon|Hyper Voice|p2b: Milotic|[spread] p2b
|-activate|p2a: Gholdengo|move: Protect
|-damage|p2b: Milotic|0 fnt
|faint|p2b: Milotic
|
|-weather|SunnyDay|[upkeep]
|upkeep
|
|t:|1785383911
|switch|p2b: Sinistcha|Sinistcha, L50|46/100
|turn|8
|
|t:|1785383924
|move|p2a: Gholdengo|Make It Rain|p1a: Sylveon|[spread] p1a,p1b
|-supereffective|p1a: Sylveon|1
|-resisted|p1b: Charizard|1
|-damage|p1a: Sylveon|2/100
|-damage|p1b: Charizard|67/100
|-unboost|p2a: Gholdengo|spa|2
|-damage|p2a: Gholdengo|90/100|[from] item: Life Orb
|move|p1b: Charizard|Heat Wave|p2a: Gholdengo|[spread] p2a,p2b
|-supereffective|p2a: Gholdengo|1
|-supereffective|p2b: Sinistcha|1
|-damage|p2a: Gholdengo|0 fnt
|-damage|p2b: Sinistcha|0 fnt
|faint|p2a: Gholdengo
|faint|p2b: Sinistcha
|
|win|KodeBeast0526
|inactive|KodeBeast0526 has 30 seconds to confirm battle start!
|inactive|Psychronix has 30 seconds to confirm battle start!
||Psychronix is ready for game 2.
|inactive|KodeBeast0526 has 20 seconds to confirm battle start!
