|j|☆HolgerD
|j|☆Cm3112
|html|HolgerDCm3112    
|uhtml|bestof|Game 1 of a best-of-3
|t:|1756930616
|gametype|doubles
|player|p1|HolgerD|1|1377
|player|p2|Cm3112|1|1310
|gen|9
|tier|[Gen 9] VGC 2025 Reg H (Bo3)
|rated|
|rule|Species Clause: Limit one of each Pokémon
|rule|Item Clause: Limit 1 of each item
|clearpoke
|poke|p1|Maushold, L50|
|poke|p1|Pelipper, L50, M|
|poke|p1|Archaludon, L50, M|
|poke|p1|Ursaluna, L50, F|
|poke|p1|Sinistcha, L50|
|poke|p1|Basculegion, L50, M|
|poke|p2|Ursaluna, L50, F|
|poke|p2|Amoonguss, L50, F|
|poke|p2|Porygon2, L50|
|poke|p2|Politoed, L50, M|
|poke|p2|Archaludon, L50, M|
|poke|p2|Hydreigon, L50, M|
|teampreview|4
|showteam|p1|Maushold||WideLens|Technician|PopulationBomb,FollowMe,Taunt,Protect||||||50|,,,,,Ghost]Pelipper||FocusSash|Drizzle|Hurricane,MuddyWater,Tailwind,Protect|||M|||50|,,,,,Ghost]Archaludon||AssaultVest|Stamina|DragonPulse,ElectroShot,BodyPress,FlashCannon|||M|||50|,,,,,Bug]Ursaluna||FlameOrb|Guts|Facade,HeadlongRush,Earthquake,Protect|||F|||50|,,,,,Ghost]Sinistcha||SitrusBerry|Hospitality|MatchaGotcha,LifeDew,RagePowder,TrickRoom||||||50|,,,,,Dark]Basculegion||ChoiceBand|SwiftSwim|AquaJet,FlipTurn,LastRespects,WaveCrash|||M|||50|,,,,,Water
|showteam|p2|Ursaluna||FlameOrb|Guts|Facade,Earthquake,HeadlongRush,Protect|||F|||50|,,,,,Ghost]Amoonguss||RockyHelmet|Regenerator|Spore,RagePowder,PollenPuff,ClearSmog|||F|||50|,,,,,Dark]Porygon2||Eviolite|Download|TeraBlast,IceBeam,TrickRoom,Recover||||||50|,,,,,Fairy]Politoed||FocusSash|Drizzle|MuddyWater,Haze,PerishSong,Protect|||M|||50|,,,,,Water]Archaludon||AssaultVest|Stamina|FlashCannon,ElectroShot,DracoMeteor,BodyPress|||M|||50|,,,,,Fairy]Hydreigon||LifeOrb|Levitate|Snarl,HeatWave,EarthPower,Protect|||M|||50|,,,,,Steel
|inactive|Battle timer is ON: inactive players will automatically lose when time's up. (requested by Cm3112)
|
|t:|1756930671
|teamsize|p1|4
|teamsize|p2|4
|start
|switch|p1a: Ursaluna|Ursaluna, L50, F|100/100
|switch|p1b: Archaludon|Archaludon, L50, M|100/100
|switch|p2a: Hydreigon|Hydreigon, L50, M|100/100
|switch|p2b: Archaludon|Archaludon, L50, M|100/100
|turn|1
|inactive|HolgerD has 30 seconds left.
|inactive|Cm3112 has 30 seconds left.
|inactive|Cm3112 has 20 seconds left.
|inactive|Cm3112 has 15 seconds left.
|
|t:|1756930714
|switch|p1a: Pelipper|Pelipper, L50, M|100/100
|-weather|RainDance|[from] ability: Drizzle|[of] p1a: Pelipper
|-terastallize|p1b: Archaludon|Bug
|move|p2a: Hydreigon|Heat Wave|p1a: Pelipper|[spread] p1a,p1b
|-resisted|p1a: Pelipper
|-crit|p1a: Pelipper
|-supereffective|p1b: Archaludon
|-damage|p1a: Pelipper|79/100
|-damage|p1b: Archaludon|79/100
|-status|p1a: Pelipper|brn
|-ability|p1b: Archaludon|Stamina|boost
|-boost|p1b: Archaludon|def|1
|-damage|p2a: Hydreigon|91/100|[from] item: Life Orb
|move|p1b: Archaludon|Electro Shot||[still]
|-prepare|p1b: Archaludon|Electro Shot
|-boost|p1b: Archaludon|spa|1
|-anim|p1b: Archaludon|Electro Shot|p2a: Hydreigon
|-resisted|p2a: Hydreigon
|-damage|p2a: Hydreigon|64/100
|move|p2b: Archaludon|Draco Meteor|p1a: Pelipper
|-damage|p1a: Pelipper|0 fnt
|-unboost|p2b: Archaludon|spa|2
|faint|p1a: Pelipper
|
|-weather|RainDance|[upkeep]
|upkeep
|inactive|HolgerD has 30 seconds left.
|
|t:|1756930741
|switch|p1a: Ursaluna|Ursaluna, L50, F|100/100
|turn|2
|
|t:|1756930764
|switch|p2b: Amoonguss|Amoonguss, L50, F|100/100
|move|p2a: Hydreigon|Snarl|p1b: Archaludon|[spread] p1a,p1b
|-damage|p1a: Ursaluna|76/100
|-damage|p1b: Archaludon|60/100
|-unboost|p1a: Ursaluna|spa|1
|-unboost|p1b: Archaludon|spa|1
|-ability|p1b: Archaludon|Stamina|boost
|-boost|p1b: Archaludon|def|1
|-damage|p2a: Hydreigon|54/100|[from] item: Life Orb
|move|p1b: Archaludon|Dragon Pulse|p2a: Hydreigon
|-supereffective|p2a: Hydreigon
|-damage|p2a: Hydreigon|0 fnt
|faint|p2a: Hydreigon
|move|p1a: Ursaluna|Headlong Rush|p2b: Amoonguss
|-damage|p2b: Amoonguss|46/100
|-unboost|p1a: Ursaluna|def|1
|-unboost|p1a: Ursaluna|spd|1
|-damage|p1a: Ursaluna|60/100|[from] item: Rocky Helmet|[of] p2b: Amoonguss
|
|-weather|RainDance|[upkeep]
|-status|p1a: Ursaluna|brn|[from] item: Flame Orb
|upkeep
|
|t:|1756930788
|switch|p2a: Archaludon|Archaludon, L50, M|100/100
|turn|3
|inactive|Cm3112 has 30 seconds left.
|
|t:|1756930817
|switch|p1a: Sinistcha|Sinistcha, L50|100/100
|-heal|p1b: Archaludon|85/100|[from] ability: Hospitality|[of] p1a: Sinistcha
|move|p1b: Archaludon|Dragon Pulse|p2b: Amoonguss
|-damage|p2b: Amoonguss|19/100
|move|p2a: Archaludon|Draco Meteor|p1a: Sinistcha|[miss]
|-miss|p2a: Archaludon|p1a: Sinistcha
|move|p2b: Amoonguss|Spore|p1b: Archaludon
|-status|p1b: Archaludon|slp|[from] move: Spore
|
|-weather|RainDance|[upkeep]
|upkeep
|turn|4
|inactive|HolgerD has 30 seconds left.
|
|t:|1756930848
|cant|p1b: Archaludon|slp
|move|p2a: Archaludon|Electro Shot||[still]
|-prepare|p2a: Archaludon|Electro Shot
|-boost|p2a: Archaludon|spa|1
|-anim|p2a: Archaludon|Electro Shot|p1a: Sinistcha
|-resisted|p1a: Sinistcha
|-damage|p1a: Sinistcha|70/100
|move|p1a: Sinistcha|Life Dew|p1a: Sinistcha|[spread] p1a,p1b
|-heal|p1a: Sinistcha|95/100
|-heal|p1b: Archaludon|100/100 slp
|move|p2b: Amoonguss|Clear Smog|p1b: Archaludon
|-damage|p1b: Archaludon|91/100 slp
|-clearboost|p1b: Archaludon
|-ability|p1b: Archaludon|Stamina|boost
|-boost|p1b: Archaludon|def|1
|
|-weather|RainDance|[upkeep]
|upkeep
|turn|5
|inactive|HolgerD has 30 seconds left.
|inactive|HolgerD has 20 seconds left.
|inactive|HolgerD has 15 seconds left.
|
|t:|1756930889
|switch|p2b: Porygon2|Porygon2, L50|100/100
|-ability|p2b: Porygon2|Download|boost
|-boost|p2b: Porygon2|spa|1
|-curestatus|p1b: Archaludon|slp|[msg]
|move|p1b: Archaludon|Electro Shot||[still]
|-prepare|p1b: Archaludon|Electro Shot
|-boost|p1b: Archaludon|spa|1
|-anim|p1b: Archaludon|Electro Shot|p2b: Porygon2
|-damage|p2b: Porygon2|65/100
|move|p2a: Archaludon|Electro Shot||[still]
|-prepare|p2a: Archaludon|Electro Shot
|-boost|p2a: Archaludon|spa|1
|-anim|p2a: Archaludon|Electro Shot|p1a: Sinistcha
|-resisted|p1a: Sinistcha
|-damage|p1a: Sinistcha|54/100
|move|p1a: Sinistcha|Trick Room|p1a: Sinistcha
|-fieldstart|move: Trick Room|[of] p1a: Sinistcha
|
|-weather|none
|upkeep
|turn|6
|inactive|HolgerD has 30 seconds left.
|inactive|Cm3112 has 30 seconds left.
|inactive|HolgerD has 20 seconds left.
|inactive|Cm3112 has 20 seconds left.
|inactive|Cm3112 has 15 seconds left.
|
|t:|1756930930
|switch|p2b: Amoonguss|Amoonguss, L50, F|52/100
|move|p1a: Sinistcha|Life Dew|p1a: Sinistcha|[spread] p1a,p1b
|-heal|p1a: Sinistcha|80/100
|-heal|p1b: Archaludon|100/100
|move|p2a: Archaludon|Flash Cannon|p1a: Sinistcha
|-damage|p1a: Sinistcha|12/100
|-enditem|p1a: Sinistcha|Sitrus Berry|[eat]
|-heal|p1a: Sinistcha|36/100|[from] item: Sitrus Berry
|move|p1b: Archaludon|Body Press|p2b: Amoonguss
|-resisted|p2b: Amoonguss
|-damage|p2b: Amoonguss|34/100
|-damage|p1b: Archaludon|84/100|[from] item: Rocky Helmet|[of] p2b: Amoonguss
|
|upkeep
|turn|7
|
|t:|1756930949
|switch|p1b: Ursaluna|Ursaluna, L50, F|60/100 brn
|move|p2b: Amoonguss|Spore||[still]
|-fail|p2b: Amoonguss
|move|p1a: Sinistcha|Life Dew|p1a: Sinistcha|[spread] p1a,p1b
|-heal|p1a: Sinistcha|62/100
|-heal|p1b: Ursaluna|84/100 brn
|move|p2a: Archaludon|Flash Cannon|p1a: Sinistcha
|-damage|p1a: Sinistcha|0 fnt
|faint|p1a: Sinistcha
|
|-damage|p1b: Ursaluna|79/100 brn|[from] brn
|upkeep
|
|t:|1756930960
|switch|p1a: Archaludon|Archaludon, L50, M, tera:Bug|84/100
|turn|8
|inactive|Cm3112 has 30 seconds left.
|
|t:|1756930986
|-terastallize|p2a: Archaludon|Fairy
|move|p2b: Amoonguss|Spore|p1a: Archaludon
|-status|p1a: Archaludon|slp|[from] move: Spore
|move|p1b: Ursaluna|Earthquake|p2b: Amoonguss|[spread] p1a,p2a,p2b
|-resisted|p1a: Archaludon
|-damage|p1a: Archaludon|64/100 slp
|-damage|p2a: Archaludon|57/100
|-damage|p2b: Amoonguss|0 fnt
|-ability|p1a: Archaludon|Stamina|boost
|-boost|p1a: Archaludon|def|1
|-ability|p2a: Archaludon|Stamina|boost
|-boost|p2a: Archaludon|def|1
|faint|p2b: Amoonguss
|move|p2a: Archaludon|Draco Meteor|p1b: Ursaluna
|-damage|p1b: Ursaluna|0 fnt
|-unboost|p2a: Archaludon|spa|2
|faint|p1b: Ursaluna
|cant|p1a: Archaludon|slp
|
|upkeep
|
|t:|1756930994
|switch|p2b: Porygon2|Porygon2, L50|65/100
|-ability|p2b: Porygon2|Download|boost
|-boost|p2b: Porygon2|spa|1
|turn|9
|
|t:|1756931004
|move|p2b: Porygon2|Tera Blast|p1a: Archaludon
|-damage|p1a: Archaludon|30/100 slp
|-ability|p1a: Archaludon|Stamina|boost
|-boost|p1a: Archaludon|def|1
|move|p2a: Archaludon|Draco Meteor|p1a: Archaludon
|-damage|p1a: Archaludon|0 fnt
|-unboost|p2a: Archaludon|spa|2
|faint|p1a: Archaludon
|
|win|Cm3112
||Cm3112 is ready for game 2.
||HolgerD is ready for game 2.
|uhtml|next|Next: Game 2 of 3
|l|☆Cm3112
|player|p2|
