|j|☆frubulhus
|j|☆Hashiwa
|html|frubulhusHashiwa    
|uhtml|bestof|Game 2 of a best-of-3
|t:|1782601324
|gametype|doubles
|player|p1|frubulhus|266|
|player|p2|Hashiwa|swimmerf-gen4dp|
|gen|9
|tier|[Gen 9 Champions] VGC 2026 Reg M-B (Bo3)
|rule|Species Clause: Limit one of each Pokémon
|rule|Item Clause: Limit 1 of each item
|clearpoke
|poke|p1|Kangaskhan, L50, F|
|poke|p1|Blastoise, L50, F|
|poke|p1|Farigiraf, L50, F|
|poke|p1|Torkoal, L50, F|
|poke|p1|Vivillon, L50, F|
|poke|p1|Basculegion, L50, M|
|poke|p2|Metagross, L50|
|poke|p2|Zoroark-Hisui, L50, F|
|poke|p2|Kingambit, L50, M|
|poke|p2|Raichu, L50, F|
|poke|p2|Incineroar, L50, M|
|poke|p2|Grimmsnarl, L50, M|
|teampreview|4
|showteam|p1|Kangaskhan||Kangaskhanite|InnerFocus|FakeOut,DoubleEdge,LowKick,IcePunch|Adamant||F|||50|]Blastoise||Blastoisinite|RainDish|WaterSpout,DarkPulse,ShellSmash,Protect|Quiet||F|||50|]Farigiraf||SitrusBerry|ArmorTail|Psychic,Thunderbolt,TrickRoom,HelpingHand|Quiet||F|||50|]Torkoal||Charcoal|Drought|Eruption,HeatWave,WeatherBall,Protect|Quiet||F|||50|]Vivillon||ChoiceScarf|CompoundEyes|SleepPowder,RagePowder,Hurricane,RainDance|Timid||F|||50|]Basculegion||FocusSash|Adaptability|Liquidation,LastRespects,AquaJet,Protect|Brave||M|||50|
|showteam|p2|Metagross||Metagrossite|ClearBody|PsychicFangs,IronHead,BulletPunch,Protect|Jolly|||||50|]Zoroark-Hisui||ChoiceScarf|Illusion|Psychic,HyperVoice,IcyWind,BitterMalice|Timid||F|||50|]Kingambit||ChopleBerry|Defiant|SuckerPunch,KowtowCleave,IronHead,Protect|Adamant||M|||50|]Raichu||RaichuniteX|LightningRod|FakeOut,Protect,ZapCannon,FocusBlast|Timid||F|||50|]Incineroar||SitrusBerry|Intimidate|FakeOut,PartingShot,FlareBlitz,Taunt|Timid||M|||50|]Grimmsnarl||LightClay|Prankster|LightScreen,PartingShot,Taunt,SpiritBreak|Careful||M|||50|
|
|t:|1782601351
|teamsize|p1|4
|teamsize|p2|4
|start
|switch|p1a: Farigiraf|Farigiraf, L50, F|100/100
|switch|p1b: Kangaskhan|Kangaskhan, L50, F|100/100
|switch|p2a: Raichu|Raichu, L50, F|100/100
|switch|p2b: Grimmsnarl|Grimmsnarl, L50, M|100/100
|turn|1
|
|t:|1782601397
|detailschange|p2a: Raichu|Raichu-Mega-X, L50, F
|-mega|p2a: Raichu|Raichu|Raichunite X
|-fieldstart|move: Electric Terrain|[from] ability: Electric Surge|[of] p2a: Raichu
|detailschange|p1b: Kangaskhan|Kangaskhan-Mega, L50, F
|-mega|p1b: Kangaskhan|Kangaskhan|Kangaskhanite
|move|p1b: Kangaskhan|Fake Out|p2b: Grimmsnarl
|-damage|p2b: Grimmsnarl|78/100
|-damage|p2b: Grimmsnarl|73/100
|-hitcount|p2b: Grimmsnarl|2
|cant|p2b: Grimmsnarl|flinch
|move|p2a: Raichu|Focus Blast|p1b: Kangaskhan
|-supereffective|p1b: Kangaskhan|1
|-damage|p1b: Kangaskhan|43/100
|move|p1a: Farigiraf|Trick Room|p1a: Farigiraf
|-fieldstart|move: Trick Room|[of] p1a: Farigiraf
|
|upkeep
|turn|2
|
|t:|1782601444
|move|p1a: Farigiraf|Helping Hand|p1b: Kangaskhan
|-singleturn|p1b: Kangaskhan|Helping Hand|[of] p1a: Farigiraf
|move|p2b: Grimmsnarl|Light Screen|p2b: Grimmsnarl
|-sidestart|p2: Hashiwa|move: Light Screen
|move|p1b: Kangaskhan|Double-Edge|p2b: Grimmsnarl
|-damage|p2b: Grimmsnarl|0 fnt
|faint|p2b: Grimmsnarl
|-damage|p1b: Kangaskhan|20/100y|[from] Recoil
|move|p2a: Raichu|Zap Cannon|p1b: Kangaskhan
|-damage|p1b: Kangaskhan|0 fnt
|faint|p1b: Kangaskhan
|
|upkeep
|
|t:|1782601459
|switch|p2b: Kingambit|Kingambit, L50, M|100/100
|switch|p1b: Torkoal|Torkoal, L50, F|100/100
|-weather|SunnyDay|[from] ability: Drought|[of] p1b: Torkoal
|turn|3
|
|t:|1782601499
|move|p1b: Torkoal|Protect|p1b: Torkoal
|-singleturn|p1b: Torkoal|Protect
|move|p2a: Raichu|Protect|p2a: Raichu
|-singleturn|p2a: Raichu|Protect
|move|p2b: Kingambit|Kowtow Cleave|p1b: Torkoal
|-activate|p1b: Torkoal|move: Protect
|move|p1a: Farigiraf|Psychic|p2a: Raichu
|-activate|p2a: Raichu|move: Protect
|
|-weather|SunnyDay|[upkeep]
|upkeep
|turn|4
|
|t:|1782601515
|switch|p2a: Incineroar|Incineroar, L50, M|100/100
|-ability|p2a: Incineroar|Intimidate|boost
|-unboost|p1a: Farigiraf|atk|1
|-unboost|p1b: Torkoal|atk|1
|move|p1a: Farigiraf|Helping Hand|p1b: Torkoal
|-singleturn|p1b: Torkoal|Helping Hand|[of] p1a: Farigiraf
|move|p2b: Kingambit|Protect|p2b: Kingambit
|-singleturn|p2b: Kingambit|Protect
|move|p1b: Torkoal|Eruption|p2b: Kingambit|[spread] p2a
|-activate|p2b: Kingambit|move: Protect
|-resisted|p2a: Incineroar|1
|-damage|p2a: Incineroar|61/100
|
|-weather|SunnyDay|[upkeep]
|upkeep
|turn|5
|
|t:|1782601550
|move|p1b: Torkoal|Protect|p1b: Torkoal
|-singleturn|p1b: Torkoal|Protect
|move|p2b: Kingambit|Kowtow Cleave|p1b: Torkoal
|-activate|p1b: Torkoal|move: Protect
|move|p1a: Farigiraf|Thunderbolt|p2b: Kingambit
|-damage|p2b: Kingambit|72/100
|move|p2a: Incineroar|Parting Shot|p1b: Torkoal
|-activate|p1b: Torkoal|move: Protect
|
|-weather|SunnyDay|[upkeep]
|-fieldend|move: Trick Room
|-fieldend|move: Electric Terrain
|upkeep
|turn|6
|
|t:|1782601578
|move|p2a: Incineroar|Parting Shot|p1b: Torkoal
|-unboost|p1b: Torkoal|atk|1
|-unboost|p1b: Torkoal|spa|1
|
|t:|1782601584
|switch|p2a: Raichu|Raichu-Mega-X, L50, F|100/100|[from] Parting Shot
|-fieldstart|move: Electric Terrain|[from] ability: Electric Surge|[of] p2a: Raichu
|move|p2b: Kingambit|Kowtow Cleave|p1a: Farigiraf
|-supereffective|p1a: Farigiraf|1
|-damage|p1a: Farigiraf|0 fnt
|faint|p1a: Farigiraf
|move|p1b: Torkoal|Eruption|p2a: Raichu|[spread] p2a,p2b
|-supereffective|p2b: Kingambit|1
|-damage|p2a: Raichu|51/100
|-damage|p2b: Kingambit|1/100
|
|-weather|SunnyDay|[upkeep]
|upkeep
|
|t:|1782601596
|switch|p1a: Basculegion|Basculegion, L50, M|100/100
|turn|7
|
|t:|1782601649
|move|p1a: Basculegion|Protect|p1a: Basculegion
|-singleturn|p1a: Basculegion|Protect
|move|p2b: Kingambit|Protect|p2b: Kingambit
|-singleturn|p2b: Kingambit|Protect
|move|p1b: Torkoal|Protect|p1b: Torkoal
|-singleturn|p1b: Torkoal|Protect
|move|p2a: Raichu|Zap Cannon|p1a: Basculegion
|-activate|p1a: Basculegion|move: Protect
|
|-weather|none
|upkeep
|turn|8
|
|t:|1782601663
|switch|p2b: Incineroar|Incineroar, L50, M|61/100
|-ability|p2b: Incineroar|Intimidate|boost
|-unboost|p1a: Basculegion|atk|1
|-unboost|p1b: Torkoal|atk|1
|move|p2a: Raichu|Zap Cannon|p1a: Basculegion
|-supereffective|p1a: Basculegion|1
|-enditem|p1a: Basculegion|Focus Sash
|-damage|p1a: Basculegion|1/100
|-status|p1a: Basculegion|par
|cant|p1a: Basculegion|par
|move|p1b: Torkoal|Eruption|p2a: Raichu|[spread] p2a,p2b
|-resisted|p2b: Incineroar|1
|-damage|p2a: Raichu|15/100
|-damage|p2b: Incineroar|51/100
|
|upkeep
|turn|9
|
|t:|1782601692
|move|p2a: Raichu|Protect|p2a: Raichu
|-singleturn|p2a: Raichu|Protect
|move|p1a: Basculegion|Protect|p1a: Basculegion
|-singleturn|p1a: Basculegion|Protect
|move|p1b: Torkoal|Protect|p1b: Torkoal
|-singleturn|p1b: Torkoal|Protect
|move|p2b: Incineroar|Flare Blitz|p1a: Basculegion
|-activate|p1a: Basculegion|move: Protect
|
|-sideend|p2: Hashiwa|move: Light Screen
|upkeep
|turn|10
|
|t:|1782601720
|switch|p2a: Kingambit|Kingambit, L50, M|1/100
|move|p1a: Basculegion|Aqua Jet|p2b: Incineroar
|-supereffective|p2b: Incineroar|1
|-damage|p2b: Incineroar|19/100
|-enditem|p2b: Incineroar|Sitrus Berry|[eat]
|-heal|p2b: Incineroar|44/100|[from] item: Sitrus Berry
|move|p2b: Incineroar|Flare Blitz|p1a: Basculegion
|-resisted|p1a: Basculegion|1
|-damage|p1a: Basculegion|0 fnt
|faint|p1a: Basculegion
|-damage|p2b: Incineroar|44/100|[from] Recoil
|move|p1b: Torkoal|Eruption|p2a: Kingambit|[spread] p2a,p2b
|-supereffective|p2a: Kingambit|1
|-resisted|p2b: Incineroar|1
|-damage|p2a: Kingambit|0 fnt
|-damage|p2b: Incineroar|28/100
|faint|p2a: Kingambit
|
|-fieldend|move: Electric Terrain
|upkeep
|
|t:|1782601734
|switch|p2a: Raichu|Raichu-Mega-X, L50, F|15/100
|-fieldstart|move: Electric Terrain|[from] ability: Electric Surge|[of] p2a: Raichu
|turn|11
|
|t:|1782601765
|move|p2a: Raichu|Fake Out|p1b: Torkoal
|-damage|p1b: Torkoal|89/100
|move|p2b: Incineroar|Parting Shot|p1b: Torkoal
|-unboost|p1b: Torkoal|atk|1
|-unboost|p1b: Torkoal|spa|1
|cant|p1b: Torkoal|flinch
|
|upkeep
|turn|12
|
|t:|1782601777
|move|p2a: Raichu|Zap Cannon|p1b: Torkoal
|-damage|p1b: Torkoal|9/100
|-status|p1b: Torkoal|par
|move|p2b: Incineroar|Flare Blitz|p1b: Torkoal
|-resisted|p1b: Torkoal|1
|-damage|p1b: Torkoal|0 fnt
|faint|p1b: Torkoal
|-damage|p2b: Incineroar|25/100|[from] Recoil
|
|win|Hashiwa
|inactive|frubulhus has 30 seconds to confirm battle start!
|inactive|Hashiwa has 30 seconds to confirm battle start!
||frubulhus is ready for game 3.
||Hashiwa is ready for game 3.
|uhtml|next|Next: Game 3 of 3
