|j|☆minasdevilcrobats
|j|☆JNEST
|html|minasdevilcrobatsJNEST    
|uhtml|bestof|Game 2 of a best-of-3
|t:|1756246701
|gametype|doubles
|player|p1|minasdevilcrobats|darach-caitlin|1168
|player|p2|JNEST|veteran-gen4|1103
|gen|9
|tier|[Gen 9] VGC 2025 Reg H (Bo3)
|rated|
|rule|Species Clause: Limit one of each Pokémon
|rule|Item Clause: Limit 1 of each item
|clearpoke
|poke|p1|Dragapult, L50, F|
|poke|p1|Electabuzz, L50, F|
|poke|p1|Sneasler, L50, M|
|poke|p1|Primarina, L50, F|
|poke|p1|Gholdengo, L50|
|poke|p1|Whimsicott, L50, M|
|poke|p2|Weezing, L50, M|
|poke|p2|Incineroar, L50, M|
|poke|p2|Ursaluna-Bloodmoon, L50, M|
|poke|p2|Annihilape, L50, M|
|poke|p2|Tyranitar, L50, M|
|poke|p2|Amoonguss, L50, M|
|teampreview|4
|showteam|p1|Dragapult||ChoiceBand|ClearBody|DragonDarts,PhantomForce,PsychicFangs,SuckerPunch|||F|||50|,,,,,Dragon]Electabuzz||Eviolite|VitalSpirit|Electroweb,FollowMe,Taunt,Protect|||F|||50|,,,,,Ghost]Sneasler||FocusSash|Unburden|DireClaw,CloseCombat,FakeOut,Protect|||M|||50|,,,,,Stellar]Primarina||ThroatSpray|LiquidVoice|HyperVoice,Moonblast,Haze,Protect|||F|||50|,,,,,Poison]Gholdengo||LifeOrb|GoodasGold|MakeItRain,ShadowBall,NastyPlot,Protect||||||50|,,,,,Water]Whimsicott||CovertCloak|Prankster|Tailwind,Moonblast,Taunt,FakeTears|||M|||50|,,,,,Water
|showteam|p2|Weezing||SitrusBerry|NeutralizingGas|Protect,Taunt,WillOWisp,SludgeBomb|||M|||50|,,,,,Ghost]Incineroar||AbilityShield|Intimidate|KnockOff,FlareBlitz,FakeOut,PartingShot|||M|||50|,,,,,Ghost]Ursaluna-Bloodmoon||LifeOrb|MindsEye|Protect,HyperVoice,EarthPower,BloodMoon|||M|||50|,,,,,Normal]Annihilape||SafetyGoggles|Defiant|Taunt,RageFist,CloseCombat,FinalGambit|||M|||50|,,,,,Fairy]Tyranitar||AssaultVest|SandStream|RockSlide,KnockOff,TeraBlast,LowKick|||M|||50|,,,,,Flying]Amoonguss||Leftovers|Regenerator|ClearSmog,Spore,RagePowder,PollenPuff|||M|||50|,,,,,Water
|inactive|Battle timer is ON: inactive players will automatically lose when time's up. (requested by JNEST)
|
|t:|1756246727
|teamsize|p1|4
|teamsize|p2|4
|start
|switch|p1a: Electabuzz|Electabuzz, L50, F|100/100
|switch|p1b: Gholdengo|Gholdengo, L50|100/100
|switch|p2a: Weezing|Weezing, L50, M|100/100
|switch|p2b: Incineroar|Incineroar, L50, M|100/100
|-ability|p2a: Weezing|Neutralizing Gas
|-block|p2b: Incineroar|item: Ability Shield
|-ability|p2b: Incineroar|Intimidate|boost
|-unboost|p1a: Electabuzz|atk|1
|-unboost|p1b: Gholdengo|atk|1
|turn|1
|
|t:|1756246742
|move|p1a: Electabuzz|Follow Me|p1a: Electabuzz
|-singleturn|p1a: Electabuzz|move: Follow Me
|move|p1b: Gholdengo|Nasty Plot|p1b: Gholdengo
|-boost|p1b: Gholdengo|spa|2
|move|p2b: Incineroar|Knock Off|p1a: Electabuzz
|-damage|p1a: Electabuzz|63/100
|-enditem|p1a: Electabuzz|Eviolite|[from] move: Knock Off|[of] p2b: Incineroar
|move|p2a: Weezing|Taunt|p1a: Electabuzz
|-start|p1a: Electabuzz|move: Taunt
|
|upkeep
|turn|2
|
|t:|1756246756
|-terastallize|p1b: Gholdengo|Water
|move|p2a: Weezing|Protect|p2a: Weezing
|-singleturn|p2a: Weezing|Protect
|move|p1a: Electabuzz|Electroweb|p2b: Incineroar|[spread] p2b
|-activate|p2a: Weezing|move: Protect
|-damage|p2b: Incineroar|88/100
|-unboost|p2b: Incineroar|spe|1
|move|p1b: Gholdengo|Make It Rain|p2a: Weezing|[spread] p2b
|-activate|p2a: Weezing|move: Protect
|-resisted|p2b: Incineroar
|-damage|p2b: Incineroar|36/100
|-unboost|p1b: Gholdengo|spa|1
|-damage|p1b: Gholdengo|91/100|[from] item: Life Orb
|move|p2b: Incineroar|Flare Blitz|p1b: Gholdengo
|-resisted|p1b: Gholdengo
|-damage|p1b: Gholdengo|67/100
|-damage|p2b: Incineroar|29/100|[from] Recoil
|
|upkeep
|turn|3
|
|t:|1756246781
|move|p1a: Electabuzz|Electroweb|p2a: Weezing|[spread] p2a
|-miss|p1a: Electabuzz|p2b: Incineroar
|-damage|p2a: Weezing|88/100
|-unboost|p2a: Weezing|spe|1
|move|p1b: Gholdengo|Make It Rain|p2b: Incineroar|[spread] p2a,p2b
|-resisted|p2b: Incineroar
|-damage|p2a: Weezing|7/100
|-damage|p2b: Incineroar|0 fnt
|-unboost|p1b: Gholdengo|spa|1
|-enditem|p2a: Weezing|Sitrus Berry|[eat]
|-heal|p2a: Weezing|32/100|[from] item: Sitrus Berry
|faint|p2b: Incineroar
|-damage|p1b: Gholdengo|57/100|[from] item: Life Orb
|move|p2a: Weezing|Sludge Bomb|p1b: Gholdengo
|-damage|p1b: Gholdengo|32/100
|
|upkeep
|
|t:|1756246792
|switch|p2b: Ursaluna|Ursaluna-Bloodmoon, L50, M|100/100
|turn|4
|
|t:|1756246807
|move|p2a: Weezing|Protect|p2a: Weezing
|-singleturn|p2a: Weezing|Protect
|move|p1a: Electabuzz|Electroweb|p2b: Ursaluna|[spread] 
|-activate|p2a: Weezing|move: Protect
|-immune|p2b: Ursaluna
|move|p1b: Gholdengo|Make It Rain|p2a: Weezing|[spread] p2b
|-activate|p2a: Weezing|move: Protect
|-damage|p2b: Ursaluna|20/100
|-unboost|p1b: Gholdengo|spa|1
|-damage|p1b: Gholdengo|22/100|[from] item: Life Orb
|move|p2b: Ursaluna|Hyper Voice|p1b: Gholdengo|[spread] p1a,p1b
|-damage|p1a: Electabuzz|10/100
|-damage|p1b: Gholdengo|0 fnt
|faint|p1b: Gholdengo
|-damage|p2b: Ursaluna|11/100|[from] item: Life Orb
|
|-end|p1a: Electabuzz|move: Taunt
|upkeep
|
|t:|1756246823
|switch|p1b: Primarina|Primarina, L50, F|100/100
|turn|5
|
|t:|1756246833
|-terastallize|p2b: Ursaluna|Normal
|move|p1a: Electabuzz|Follow Me|p1a: Electabuzz
|-singleturn|p1a: Electabuzz|move: Follow Me
|move|p2b: Ursaluna|Hyper Voice|p1b: Primarina|[spread] p1a,p1b
|-damage|p1a: Electabuzz|0 fnt
|-damage|p1b: Primarina|44/100
|faint|p1a: Electabuzz
|-damage|p2b: Ursaluna|1/100|[from] item: Life Orb
|move|p1b: Primarina|Hyper Voice|p2b: Ursaluna|[spread] p2a,p2b
|-damage|p2a: Weezing|12/100
|-damage|p2b: Ursaluna|0 fnt
|faint|p2b: Ursaluna
|-enditem|p1b: Primarina|Throat Spray
|-boost|p1b: Primarina|spa|1|[from] item: Throat Spray
|move|p2a: Weezing|Sludge Bomb|p1b: Primarina
|-supereffective|p1b: Primarina
|-damage|p1b: Primarina|0 fnt
|faint|p1b: Primarina
|
|upkeep
|
|t:|1756246848
|switch|p1a: Dragapult|Dragapult, L50, F|100/100
|switch|p2b: Tyranitar|Tyranitar, L50, M|100/100
|turn|6
|
|t:|1756246854
|move|p1a: Dragapult|Dragon Darts|p2b: Tyranitar
|-damage|p2b: Tyranitar|67/100
|-anim|p1a: Dragapult|Dragon Darts|p2a: Weezing
|-damage|p2a: Weezing|0 fnt
|faint|p2a: Weezing
|-end|p2a: Weezing|ability: Neutralizing Gas
|-weather|Sandstorm|[from] ability: Sand Stream|[of] p2b: Tyranitar
|move|p2b: Tyranitar|Knock Off|p1a: Dragapult
|-supereffective|p1a: Dragapult
|-damage|p1a: Dragapult|0 fnt
|-enditem|p1a: Dragapult|Choice Band|[from] move: Knock Off|[of] p2b: Tyranitar
|faint|p1a: Dragapult
|
|win|JNEST
