|j|☆1OO% Jesus
|j|☆br3bbsy
|html|1OO% Jesusbr3bbsy    
|uhtml|bestof|Game 1 of a best-of-3
|t:|1783695417
|gametype|doubles
|player|p1|1OO% Jesus|lillie-z|1229
|player|p2|br3bbsy|steven|1102
|gen|9
|tier|[Gen 9 Champions] VGC 2026 Reg M-B (Bo3)
|rated|
|rule|Species Clause: Limit one of each Pokémon
|rule|Item Clause: Limit 1 of each item
|clearpoke
|poke|p1|Delphox, L50, F|
|poke|p1|Sneasler, L50, M|
|poke|p1|Incineroar, L50, F|
|poke|p1|Sinistcha, L50|
|poke|p1|Maushold-Four, L50|
|poke|p1|Blastoise, L50, M|
|poke|p2|Blaziken, L50, M, shiny|
|poke|p2|Basculegion, L50, M|
|poke|p2|Torkoal, L50, F|
|poke|p2|Kingambit, L50, M|
|poke|p2|Sylveon, L50, F|
|poke|p2|Aerodactyl, L50, M|
|teampreview|4
|showteam|p1|Delphox||Delphoxite|Blaze|HeatWave,Psyshock,NastyPlot,Protect|Timid||F|||50|]Sneasler||FocusSash|PoisonTouch|CloseCombat,PoisonJab,FakeOut,QuickGuard|Jolly||M|||50|]Incineroar||SitrusBerry|Intimidate|FlareBlitz,ThroatChop,FakeOut,PartingShot|Impish||F|||50|]Sinistcha||OccaBerry|Hospitality|MatchaGotcha,RagePowder,LifeDew,Protect|Bold|||||50|]Maushold-Four||ChopleBerry|FriendGuard|FollowMe,Feint,SuperFang,Protect|Impish|||||50|]Blastoise||Blastoisinite|RainDish|WaterSpout,DarkPulse,ShellSmash,Protect|Modest||M|||50|
|showteam|p2|Blaziken||Blazikenite|SpeedBoost|CloseCombat,FlareBlitz,RockSlide,Protect|Adamant||M|||50|]Basculegion||FocusSash|Adaptability|AquaJet,Liquidation,LastRespects,Protect|Adamant||M|||50|]Torkoal||Leftovers|Drought|BurningJealousy,Protect,Yawn,WeatherBall|Relaxed||F|||50|]Kingambit||LifeOrb|Defiant|KowtowCleave,SuckerPunch,IronHead,Protect|Adamant||M|||50|]Sylveon||FairyFeather|Pixilate|HyperVoice,Moonblast,QuickAttack,Protect|Modest||F|||50|]Aerodactyl||Aerodactylite|Unnerve|RockSlide,DualWingbeat,Tailwind,IceFang|Jolly||M|||50|
|inactive|Battle timer is ON: inactive players will automatically lose when time's up. (requested by br3bbsy)
|
|t:|1783695501
|teamsize|p1|4
|teamsize|p2|4
|start
|switch|p1a: Delphox|Delphox, L50, F|100/100
|switch|p1b: Sneasler|Sneasler, L50, M|100/100
|switch|p2a: Aerodactyl|Aerodactyl, L50, M|100/100
|switch|p2b: Sylveon|Sylveon, L50, F|100/100
|-ability|p2a: Aerodactyl|Unnerve
|turn|1
|inactive|1OO% Jesus has 30 seconds left.
|
|t:|1783695535
|switch|p2b: Basculegion|Basculegion, L50, M|100/100
|detailschange|p1a: Delphox|Delphox-Mega, L50, F
|-mega|p1a: Delphox|Delphox|Delphoxite
|move|p1b: Sneasler|Fake Out|p2a: Aerodactyl
|-resisted|p2a: Aerodactyl|1
|-damage|p2a: Aerodactyl|89/100
|move|p1a: Delphox|Nasty Plot|p1a: Delphox
|-boost|p1a: Delphox|spa|2
|cant|p2a: Aerodactyl|flinch
|
|upkeep
|turn|2
|inactive|br3bbsy has 30 seconds left.
|
|t:|1783695563
|move|p1a: Delphox|Protect|p1a: Delphox
|-singleturn|p1a: Delphox|Protect
|move|p2b: Basculegion|Aqua Jet|p1a: Delphox
|-activate|p1a: Delphox|move: Protect
|move|p2a: Aerodactyl|Tailwind|p2a: Aerodactyl
|-sidestart|p2: br3bbsy|move: Tailwind
|move|p1b: Sneasler|Poison Jab|p2b: Basculegion
|-resisted|p2b: Basculegion|1
|-damage|p2b: Basculegion|73/100
|
|upkeep
|turn|3
|inactive|1OO% Jesus has 30 seconds left.
|inactive|br3bbsy has 30 seconds left.
|inactive|1OO% Jesus has 20 seconds left.
|
|t:|1783695600
|switch|p1a: Incineroar|Incineroar, L50, F|100/100
|-ability|p1a: Incineroar|Intimidate|boost
|-unboost|p2a: Aerodactyl|atk|1
|-unboost|p2b: Basculegion|atk|1
|move|p2b: Basculegion|Aqua Jet|p1a: Incineroar
|-supereffective|p1a: Incineroar|1
|-damage|p1a: Incineroar|68/100
|move|p2a: Aerodactyl|Dual Wingbeat|p1b: Sneasler
|-supereffective|p1b: Sneasler|1
|-damage|p1b: Sneasler|63/100
|-supereffective|p1b: Sneasler|1
|-damage|p1b: Sneasler|27/100
|-hitcount|p1b: Sneasler|2
|move|p1b: Sneasler|Close Combat|p2a: Aerodactyl
|-damage|p2a: Aerodactyl|0 fnt
|-unboost|p1b: Sneasler|def|1
|-unboost|p1b: Sneasler|spd|1
|faint|p2a: Aerodactyl
|
|upkeep
|inactive|br3bbsy has 30 seconds left.
|
|t:|1783695629
|switch|p2a: Sylveon|Sylveon, L50, F|100/100
|turn|4
|
|t:|1783695644
|move|p2a: Sylveon|Quick Attack|p1b: Sneasler
|-damage|p1b: Sneasler|0 fnt
|faint|p1b: Sneasler
|move|p2b: Basculegion|Liquidation|p1a: Incineroar
|-supereffective|p1a: Incineroar|1
|-damage|p1a: Incineroar|2/100
|-enditem|p1a: Incineroar|Sitrus Berry|[eat]
|-heal|p1a: Incineroar|27/100|[from] item: Sitrus Berry
|move|p1a: Incineroar|Throat Chop|p2b: Basculegion
|-supereffective|p2b: Basculegion|1
|-damage|p2b: Basculegion|0 fnt
|faint|p2b: Basculegion
|
|upkeep
|
|t:|1783695664
|switch|p1b: Delphox|Delphox-Mega, L50, F|100/100
|switch|p2b: Blaziken|Blaziken, L50, M, shiny|100/100
|turn|5
|
|t:|1783695685
|switch|p1a: Sinistcha|Sinistcha, L50|100/100
|detailschange|p2b: Blaziken|Blaziken-Mega, L50, M, shiny
|-mega|p2b: Blaziken|Blaziken|Blazikenite
|move|p1b: Delphox|Protect|p1b: Delphox
|-singleturn|p1b: Delphox|Protect
|move|p2a: Sylveon|Protect|p2a: Sylveon
|-singleturn|p2a: Sylveon|Protect
|move|p2b: Blaziken|Rock Slide|p1a: Sinistcha|[spread] p1a
|-activate|p1b: Delphox|move: Protect
|-damage|p1a: Sinistcha|80/100
|
|-sideend|p2: br3bbsy|move: Tailwind
|-ability|p2b: Blaziken|Speed Boost|boost
|-boost|p2b: Blaziken|spe|1
|upkeep
|turn|6
|inactive|br3bbsy has 30 seconds left.
|inactive|br3bbsy has 20 seconds left.
|inactive|br3bbsy has 15 seconds left.
|inactive|br3bbsy has 10 seconds left.
|
|t:|1783695732
|switch|p1a: Incineroar|Incineroar, L50, F|27/100
|-ability|p1a: Incineroar|Intimidate|boost
|-unboost|p2a: Sylveon|atk|1
|-unboost|p2b: Blaziken|atk|1
|move|p2b: Blaziken|Rock Slide|p1a: Incineroar|[spread] p1a,p1b
|-supereffective|p1a: Incineroar|1
|-supereffective|p1b: Delphox|1
|-damage|p1a: Incineroar|0 fnt
|-damage|p1b: Delphox|54/100
|faint|p1a: Incineroar
|move|p1b: Delphox|Nasty Plot|p1b: Delphox
|-boost|p1b: Delphox|spa|2
|move|p2a: Sylveon|Hyper Voice|p1b: Delphox
|-resisted|p1b: Delphox|1
|-damage|p1b: Delphox|26/100
|
|-ability|p2b: Blaziken|Speed Boost|boost
|-boost|p2b: Blaziken|spe|1
|upkeep
|
|t:|1783695747
|switch|p1a: Sinistcha|Sinistcha, L50|80/100
|-heal|p1b: Delphox|50/100g|[from] ability: Hospitality|[of] p1a: Sinistcha
|turn|7
|
|t:|1783695757
|move|p1a: Sinistcha|Rage Powder|p1a: Sinistcha
|-singleturn|p1a: Sinistcha|move: Rage Powder
|move|p2b: Blaziken|Rock Slide|p1a: Sinistcha|[spread] p1a,p1b
|-supereffective|p1b: Delphox|1
|-damage|p1a: Sinistcha|69/100
|-damage|p1b: Delphox|8/100
|move|p1b: Delphox|Psyshock|p2a: Sylveon
|-damage|p2a: Sylveon|0 fnt
|faint|p2a: Sylveon
|
|-ability|p2b: Blaziken|Speed Boost|boost
|-boost|p2b: Blaziken|spe|1
|upkeep
|turn|8
|
|t:|1783695773
|move|p1b: Delphox|Protect|p1b: Delphox
|-singleturn|p1b: Delphox|Protect
|move|p2b: Blaziken|Rock Slide|p1b: Delphox|[spread] p1a
|-activate|p1b: Delphox|move: Protect
|-damage|p1a: Sinistcha|56/100
|move|p1a: Sinistcha|Life Dew|p1a: Sinistcha|[spread] p1a,p1b
|-heal|p1a: Sinistcha|82/100
|-heal|p1b: Delphox|33/100
|
|-ability|p2b: Blaziken|Speed Boost|boost
|-boost|p2b: Blaziken|spe|1
|upkeep
|turn|9
|inactive|1OO% Jesus has 30 seconds left.
|inactive|1OO% Jesus has 20 seconds left.
|inactive|1OO% Jesus has 15 seconds left.
|inactive|1OO% Jesus has 10 seconds left.
|
|t:|1783695819
|move|p1a: Sinistcha|Rage Powder|p1a: Sinistcha
|-singleturn|p1a: Sinistcha|move: Rage Powder
|move|p2b: Blaziken|Rock Slide|p1b: Delphox|[spread] p1a,p1b
|-supereffective|p1b: Delphox|1
|-damage|p1a: Sinistcha|68/100
|-damage|p1b: Delphox|0 fnt
|faint|p1b: Delphox
|
|-ability|p2b: Blaziken|Speed Boost|boost
|-boost|p2b: Blaziken|spe|1
|upkeep
|turn|10
|-message|1OO% Jesus forfeited.
|
|win|br3bbsy
||1OO% Jesus is ready for game 2.
||br3bbsy is ready for game 2.
|uhtml|next|Next: Game 2 of 3
|l|☆br3bbsy
|player|p2|
