|j|☆Malgooee
|j|☆turts327
|html|Malgooeeturts327    
|uhtml|bestof|Game 1 of a best-of-3
|t:|1782317696
|gametype|doubles
|player|p1|Malgooee|1|1036
|player|p2|turts327|unknown|1045
|gen|9
|tier|[Gen 9 Champions] VGC 2026 Reg M-B (Bo3)
|rated|
|rule|Species Clause: Limit one of each Pokémon
|rule|Item Clause: Limit 1 of each item
|clearpoke
|poke|p1|Gengar, L50, F|
|poke|p1|Sableye, L50, F|
|poke|p1|Milotic, L50, F|
|poke|p1|Swampert, L50, F|
|poke|p1|Whimsicott, L50, F|
|poke|p1|Grimmsnarl, L50, M|
|poke|p2|Raichu, L50, M|
|poke|p2|Farigiraf, L50, M|
|poke|p2|Dragonite, L50, F|
|poke|p2|Toxapex, L50, M|
|poke|p2|Incineroar, L50, M|
|poke|p2|Corviknight, L50, F|
|teampreview|4
|showteam|p1|Gengar||Gengarite|CursedBody|Protect,PerishSong,ShadowBall,ReflectType|Modest||F|||50|]Sableye||SitrusBerry|Prankster|RainDance,FakeOut,Disable,ThunderWave|Careful||F|||50|]Milotic||Leftovers|Competitive|Hypnosis,Coil,MuddyWater,Protect|Bold||F|||50|]Swampert||Swampertite|Torrent|Protect,Earthquake,WaveCrash,BulkUp|Jolly||F|||50|]Whimsicott||FocusSash|Prankster|Protect,Encore,FakeTears,DazzlingGleam|Timid||F|||50|]Grimmsnarl||LightClay|Prankster|FakeOut,PartingShot,Reflect,FoulPlay|Careful||M|||50|
|showteam|p2|Raichu||RaichuniteY|LightningRod|Protect,FocusBlast,ZapCannon,VoltSwitch|Modest||M|||50|]Farigiraf||SitrusBerry|ArmorTail|Protect,HyperVoice,NastyPlot,Imprison|Bold||M|||50|]Dragonite||LifeOrb|Multiscale|Protect,ExtremeSpeed,StoneEdge,BreakingSwipe|Adamant||F|||50|]Toxapex||Leftovers|Merciless|BanefulBunker,WideGuard,Toxic,Infestation|Bold||M|||50|]Incineroar||ChartiBerry|Intimidate|FakeOut,FlareBlitz,ThroatChop,PartingShot|Impish||M|||50|]Corviknight||LightClay|MirrorArmor|Reflect,IronDefense,BodyPress,LightScreen|Bold||F|||50|
|inactive|Battle timer is ON: inactive players will automatically lose when time's up. (requested by turts327)
|inactive|Malgooee also wants the timer to be on.
|inactive|turts327 has 60 seconds left.
|c|☆Malgooee|I got you bro
|
|t:|1782317743
|teamsize|p1|4
|teamsize|p2|4
|start
|switch|p1a: Milotic|Milotic, L50, F|100/100
|switch|p1b: Sableye|Sableye, L50, F|100/100
|switch|p2a: Raichu|Raichu, L50, M|100/100
|switch|p2b: Corviknight|Corviknight, L50, F|100/100
|turn|1
|c|☆turts327|Yay
|inactive|turts327 has 30 seconds left.
|
|t:|1782317771
|switch|p1a: Swampert|Swampert, L50, F|100/100
|detailschange|p2a: Raichu|Raichu-Mega-Y, L50, M
|-mega|p2a: Raichu|Raichu|Raichunite Y
|move|p1b: Sableye|Thunder Wave|p2b: Corviknight
|-status|p2b: Corviknight|par
|move|p2a: Raichu|Zap Cannon|p1b: Sableye
|-damage|p1b: Sableye|2/100
|-status|p1b: Sableye|par
|-enditem|p1b: Sableye|Sitrus Berry|[eat]
|-heal|p1b: Sableye|27/100 par|[from] item: Sitrus Berry
|move|p2b: Corviknight|Light Screen|p2b: Corviknight
|-sidestart|p2: turts327|move: Light Screen
|
|upkeep
|turn|2
|inactive|Malgooee has 30 seconds left.
|
|t:|1782317799
|switch|p2a: Incineroar|Incineroar, L50, M|100/100
|-ability|p2a: Incineroar|Intimidate|boost
|-unboost|p1a: Swampert|atk|1
|-unboost|p1b: Sableye|atk|1
|detailschange|p1a: Swampert|Swampert-Mega, L50, F
|-mega|p1a: Swampert|Swampert|Swampertite
|move|p1b: Sableye|Rain Dance|p1b: Sableye
|-weather|RainDance
|move|p1a: Swampert|Bulk Up|p1a: Swampert
|-boost|p1a: Swampert|atk|1
|-boost|p1a: Swampert|def|1
|move|p2b: Corviknight|Reflect|p2b: Corviknight
|-sidestart|p2: turts327|Reflect
|
|-weather|RainDance|[upkeep]
|upkeep
|turn|3
|inactive|Malgooee has 30 seconds left.
|inactive|Malgooee has 20 seconds left.
|
|t:|1782317836
|switch|p1b: Milotic|Milotic, L50, F|100/100
|move|p1a: Swampert|Wave Crash|p2a: Incineroar
|-supereffective|p2a: Incineroar|1
|-damage|p2a: Incineroar|0 fnt
|faint|p2a: Incineroar
|-damage|p1a: Swampert|62/100|[from] Recoil
|cant|p2b: Corviknight|par
|
|-weather|RainDance|[upkeep]
|upkeep
|
|t:|1782317847
|switch|p2a: Raichu|Raichu-Mega-Y, L50, M|100/100
|turn|4
|
|t:|1782317860
|move|p2a: Raichu|Protect|p2a: Raichu
|-singleturn|p2a: Raichu|Protect
|move|p1b: Milotic|Protect|p1b: Milotic
|-singleturn|p1b: Milotic|Protect
|move|p1a: Swampert|Earthquake|p2b: Corviknight|[spread] 
|-activate|p1b: Milotic|move: Protect
|-activate|p2a: Raichu|move: Protect
|-immune|p2b: Corviknight
|move|p2b: Corviknight|Iron Defense|p2b: Corviknight
|-boost|p2b: Corviknight|def|2
|
|-weather|RainDance|[upkeep]
|upkeep
|turn|5
|
|t:|1782317875
|switch|p1b: Sableye|Sableye, L50, F|27/100 par
|move|p1a: Swampert|Earthquake|p2a: Raichu|[spread] p1b,p2a
|-immune|p2b: Corviknight
|-supereffective|p2a: Raichu|1
|-damage|p1b: Sableye|0 fnt
|-damage|p2a: Raichu|0 fnt
|faint|p1b: Sableye
|faint|p2a: Raichu
|move|p2b: Corviknight|Iron Defense|p2b: Corviknight
|-boost|p2b: Corviknight|def|2
|
|-weather|RainDance|[upkeep]
|upkeep
|
|t:|1782317888
|switch|p2a: Farigiraf|Farigiraf, L50, M|100/100
|switch|p1b: Milotic|Milotic, L50, F|100/100
|turn|6
|inactive|turts327 has 30 seconds left.
|
|t:|1782317914
|move|p1a: Swampert|Bulk Up|p1a: Swampert
|-boost|p1a: Swampert|atk|1
|-boost|p1a: Swampert|def|1
|move|p1b: Milotic|Coil|p1b: Milotic
|-boost|p1b: Milotic|atk|1
|-boost|p1b: Milotic|def|1
|-boost|p1b: Milotic|accuracy|1
|move|p2a: Farigiraf|Nasty Plot|p2a: Farigiraf
|-boost|p2a: Farigiraf|spa|2
|move|p2b: Corviknight|Body Press|p1b: Milotic
|-damage|p1b: Milotic|59/100
|
|-weather|none
|-heal|p1b: Milotic|65/100|[from] item: Leftovers
|upkeep
|turn|7
|inactive|Malgooee has 30 seconds left.
|inactive|turts327 has 30 seconds left.
|
|t:|1782317940
|move|p1a: Swampert|Wave Crash|p2a: Farigiraf
|-damage|p2a: Farigiraf|50/100g
|-damage|p1a: Swampert|41/100|[from] Recoil
|move|p1b: Milotic|Hypnosis|p2a: Farigiraf
|-status|p2a: Farigiraf|slp|[from] move: Hypnosis
|cant|p2a: Farigiraf|slp
|move|p2b: Corviknight|Body Press|p1b: Milotic
|-damage|p1b: Milotic|28/100
|
|-heal|p1b: Milotic|34/100|[from] item: Leftovers
|upkeep
|turn|8
|
|t:|1782317962
|move|p1b: Milotic|Protect|p1b: Milotic
|-singleturn|p1b: Milotic|Protect
|move|p1a: Swampert|Bulk Up|p1a: Swampert
|-boost|p1a: Swampert|atk|1
|-boost|p1a: Swampert|def|1
|-curestatus|p2a: Farigiraf|slp|[msg]
|move|p2a: Farigiraf|Hyper Voice|p1b: Milotic|[spread] p1a
|-activate|p1b: Milotic|move: Protect
|-damage|p1a: Swampert|0 fnt
|faint|p1a: Swampert
|move|p2b: Corviknight|Body Press|p1b: Milotic
|-activate|p1b: Milotic|move: Protect
|
|-heal|p1b: Milotic|40/100|[from] item: Leftovers
|-sideend|p2: turts327|move: Light Screen
|upkeep
|
|t:|1782317966
|switch|p1a: Gengar|Gengar, L50, F|100/100
|turn|9
|inactive|turts327 has 30 seconds left.
|c|☆turts327|Oh I literally cant hit you lol
|inactive|turts327 has 20 seconds left.
|-message|turts327 forfeited.
|
|win|Malgooee
||turts327 is ready for game 2.
||Malgooee is ready for game 2.
|uhtml|next|Next: Game 2 of 3
|l|☆Malgooee
|player|p1|
