|j|☆Smoggy__
|j|☆viatles
|html|Smoggy__viatles    
|uhtml|bestof|Game 2 of a best-of-3
|t:|1756926945
|gametype|doubles
|player|p1|Smoggy__|wallace|1000
|player|p2|viatles|hiker|1054
|gen|9
|tier|[Gen 9] VGC 2025 Reg H (Bo3)
|rated|
|rule|Species Clause: Limit one of each Pokémon
|rule|Item Clause: Limit 1 of each item
|clearpoke
|poke|p1|Espathra, L50, M|
|poke|p1|Indeedee-F, L50, F|
|poke|p1|Sneasler, L50, F|
|poke|p1|Hydreigon, L50, F|
|poke|p1|Annihilape, L50, F|
|poke|p1|Arcanine-Hisui, L50, M|
|poke|p2|Oricorio-Sensu, L50, M|
|poke|p2|Volcarona, L50, M|
|poke|p2|Garchomp, L50, M|
|poke|p2|Scizor, L50, F|
|poke|p2|Mienshao, L50, M|
|poke|p2|Milotic, L50, F|
|teampreview|4
|showteam|p1|Espathra||LifeOrb|SpeedBoost|ExpandingForce,LuminaCrash,DazzlingGleam,Protect|||M|||50|,,,,,Fairy]Indeedee-F||RockyHelmet|PsychicSurge|Psychic,FollowMe,HelpingHand,Protect|||F|||50|,,,,,Fairy]Sneasler||PsychicSeed|Unburden|DireClaw,CloseCombat,ThroatChop,Protect|||F|||50|,,,,,Dark]Hydreigon||SafetyGoggles|Levitate|DracoMeteor,Snarl,Taunt,Protect|||F|||50|,,,,,Ghost]Annihilape||ChoiceScarf|Defiant|CloseCombat,FinalGambit,ShadowClaw,Uturn|||F|||50|,,,,,Grass]Arcanine-Hisui||MirrorHerb|Intimidate|FlareBlitz,RockSlide,CloseCombat,Protect|||M|||50|,,,,,Water
|showteam|p2|Oricorio-Sensu||FocusSash|Dancer|QuiverDance,BatonPass,RevelationDance,Protect|||M|||50|,,,,,Fighting]Volcarona||SitrusBerry|FlameBody|QuiverDance,GigaDrain,FieryDance,Protect|||M|||50|,,,,,Grass]Garchomp||ClearAmulet|RoughSkin|IronHead,DragonClaw,RockSlide,Earthquake|||M|||50|,,,,,Steel]Scizor||AssaultVest|Technician|BulletPunch,BugBite,DualWingbeat,Thief|||F|||50|,,,,,Stellar]Mienshao||SafetyGoggles|InnerFocus|FakeOut,CloseCombat,TripleAxel,WideGuard|||M|||50|,,,,,Fire]Milotic||Leftovers|Competitive|Scald,Protect,IcyWind,LifeDew|||F|||50|,,,,,Grass
|inactive|Battle timer is ON: inactive players will automatically lose when time's up. (requested by viatles)
|inactive|Smoggy__ has 60 seconds left.
|inactive|viatles has 60 seconds left.
|inactive|Smoggy__ has 30 seconds left.
|inactive|Smoggy__ has 20 seconds left.
|inactive|Smoggy__ has 15 seconds left.
|
|t:|1756927030
|teamsize|p1|4
|teamsize|p2|4
|start
|switch|p1a: Espathra|Espathra, L50, M|100/100
|switch|p1b: Annihilape|Annihilape, L50, F|100/100
|switch|p2a: Milotic|Milotic, L50, F|100/100
|switch|p2b: Volcarona|Volcarona, L50, M|100/100
|turn|1
|inactive|Smoggy__ has 30 seconds left.
|
|t:|1756927056
|move|p2a: Milotic|Protect|p2a: Milotic
|-singleturn|p2a: Milotic|Protect
|move|p1b: Annihilape|Final Gambit|p2b: Volcarona
|-damage|p2b: Volcarona|0 fnt
|faint|p1b: Annihilape
|faint|p2b: Volcarona
|move|p1a: Espathra|Lumina Crash|p2a: Milotic
|-activate|p2a: Milotic|move: Protect
|
|-ability|p1a: Espathra|Speed Boost|boost
|-boost|p1a: Espathra|spe|1
|upkeep
|
|t:|1756927068
|switch|p1b: Indeedee|Indeedee-F, L50, F|100/100
|switch|p2b: Mienshao|Mienshao, L50, M|100/100
|-fieldstart|move: Psychic Terrain|[from] ability: Psychic Surge|[of] p1b: Indeedee
|turn|2
|
|t:|1756927092
|-terastallize|p2b: Mienshao|Fire
|move|p1b: Indeedee|Follow Me|p1b: Indeedee
|-singleturn|p1b: Indeedee|move: Follow Me
|move|p1a: Espathra|Lumina Crash|p2b: Mienshao
|-damage|p2b: Mienshao|0 fnt
|faint|p2b: Mienshao
|-damage|p1a: Espathra|90/100|[from] item: Life Orb
|move|p2a: Milotic|Icy Wind|p1a: Espathra|[spread] p1a,p1b
|-damage|p1a: Espathra|73/100
|-damage|p1b: Indeedee|89/100
|-unboost|p1a: Espathra|spe|1
|-unboost|p1b: Indeedee|spe|1
|
|-ability|p1a: Espathra|Speed Boost|boost
|-boost|p1a: Espathra|spe|1
|upkeep
|
|t:|1756927106
|switch|p2b: Scizor|Scizor, L50, F|100/100
|turn|3
|
|t:|1756927116
|-terastallize|p1b: Indeedee|Fairy
|move|p2a: Milotic|Protect|p2a: Milotic
|-singleturn|p2a: Milotic|Protect
|move|p1b: Indeedee|Follow Me|p1b: Indeedee
|-singleturn|p1b: Indeedee|move: Follow Me
|move|p1a: Espathra|Lumina Crash|p2b: Scizor
|-resisted|p2b: Scizor
|-damage|p2b: Scizor|74/100
|-unboost|p2b: Scizor|spd|2
|-damage|p1a: Espathra|63/100|[from] item: Life Orb
|move|p2b: Scizor|Bug Bite|p1b: Indeedee
|-resisted|p1b: Indeedee
|-damage|p1b: Indeedee|65/100
|-damage|p2b: Scizor|57/100|[from] item: Rocky Helmet|[of] p1b: Indeedee
|
|-ability|p1a: Espathra|Speed Boost|boost
|-boost|p1a: Espathra|spe|1
|upkeep
|turn|4
|
|t:|1756927136
|move|p1b: Indeedee|Helping Hand|p1a: Espathra
|-singleturn|p1a: Espathra|Helping Hand|[of] p1b: Indeedee
|move|p1a: Espathra|Expanding Force|p2b: Scizor|[spread] p2a,p2b
|-resisted|p2b: Scizor
|-damage|p2a: Milotic|27/100
|-damage|p2b: Scizor|0 fnt
|faint|p2b: Scizor
|-damage|p1a: Espathra|53/100|[from] item: Life Orb
|move|p2a: Milotic|Life Dew|p2a: Milotic
|-heal|p2a: Milotic|52/100
|
|-heal|p2a: Milotic|58/100|[from] item: Leftovers
|-ability|p1a: Espathra|Speed Boost|boost
|-boost|p1a: Espathra|spe|1
|upkeep
|turn|5
|c|☆viatles|gg
|
|t:|1756927151
|move|p1a: Espathra|Lumina Crash|p2a: Milotic
|-damage|p2a: Milotic|11/100
|-unboost|p2a: Milotic|spd|2
|-ability|p2a: Milotic|Competitive|boost
|-boost|p2a: Milotic|spa|2
|-damage|p1a: Espathra|43/100|[from] item: Life Orb
|move|p2a: Milotic|Scald|p1a: Espathra
|-damage|p1a: Espathra|0 fnt
|faint|p1a: Espathra
|move|p1b: Indeedee|Psychic|p2a: Milotic
|-damage|p2a: Milotic|0 fnt
|faint|p2a: Milotic
|
|win|Smoggy__
|raw|Smoggy__'s rating: 1000 → 1046(+46 for winning)
|raw|viatles's rating: 1054 → 1033(-21 for losing)
|c|☆Smoggy__|gg
