|j|☆ryoshino
|j|☆thee unbalanced
|html|ryoshinothee unbalanced    
|uhtml|bestof|Game 1 of a best-of-3
|t:|1757083156
|gametype|doubles
|player|p1|ryoshino|169|1109
|player|p2|thee unbalanced|lucas|1027
|gen|9
|tier|[Gen 9] VGC 2025 Reg H (Bo3)
|rated|
|rule|Species Clause: Limit one of each Pokémon
|rule|Item Clause: Limit 1 of each item
|clearpoke
|poke|p1|Murkrow, L50, F|
|poke|p1|Gholdengo, L50|
|poke|p1|Dondozo, L50, F|
|poke|p1|Tatsugiri, L50, M|
|poke|p1|Clefable, L50, M|
|poke|p1|Rillaboom, L50, F|
|poke|p2|Archaludon, L50, M|
|poke|p2|Dragonite, L50, F|
|poke|p2|Porygon2, L50|
|poke|p2|Ursaluna, L50, F|
|poke|p2|Pelipper, L50, M|
|poke|p2|Incineroar, L50, F|
|teampreview|4
|showteam|p1|Murkrow||Eviolite|Prankster|Tailwind,FoulPlay,Taunt,Haze|||F|||50|,,,,,Ghost]Gholdengo||ChoiceSpecs|GoodasGold|MakeItRain,Trick,ShadowBall,Thunderbolt||||||50|,,,,,Steel]Dondozo||Leftovers|Unaware|WaveCrash,Earthquake,OrderUp,Protect|||F|||50|,,,,,Grass]Tatsugiri||FocusSash|Commander|DracoMeteor,IcyWind,MuddyWater,Protect|||M|||50|,,,,,Stellar]Clefable||RockyHelmet|Unaware|Moonblast,FollowMe,Encore,Protect|||M|||50|,,,,,Ghost]Rillaboom||AssaultVest|GrassySurge|DrumBeating,GrassyGlide,Uturn,FakeOut|||F|||50|,,,,,Fire
|showteam|p2|Archaludon||AssaultVest|Stamina|FlashCannon,ElectroShot,BodyPress,Snarl|||M|||50|,,,,,Grass]Dragonite||LoadedDice|Multiscale|ScaleShot,Tailwind,Haze,Protect|||F|||50|,,,,,Steel]Porygon2||Eviolite|Download|TeraBlast,IceBeam,Recover,TrickRoom||||||50|,,,,,Fighting]Ursaluna||FlameOrb|Guts|Protect,HeadlongRush,Earthquake,Facade|||F|||50|,,,,,Ghost]Pelipper||FocusSash|Drizzle|Protect,WideGuard,WeatherBall,Hurricane|||M|||50|,,,,,Grass]Incineroar||SafetyGoggles|Intimidate|FakeOut,KnockOff,WillOWisp,PartingShot|||F|||50|,,,,,Ghost
|inactive|Battle timer is ON: inactive players will automatically lose when time's up. (requested by ryoshino)
|
|t:|1757083177
|teamsize|p1|4
|teamsize|p2|4
|start
|switch|p1a: Murkrow|Murkrow, L50, F|100/100
|switch|p1b: Gholdengo|Gholdengo, L50|100/100
|switch|p2a: Incineroar|Incineroar, L50, F|100/100
|switch|p2b: Porygon2|Porygon2, L50|100/100
|-ability|p2b: Porygon2|Download|boost
|-boost|p2b: Porygon2|atk|1
|-ability|p2a: Incineroar|Intimidate|boost
|-unboost|p1a: Murkrow|atk|1
|-unboost|p1b: Gholdengo|atk|1
|turn|1
|
|t:|1757083193
|-terastallize|p1a: Murkrow|Ghost
|move|p1a: Murkrow|Taunt|p2b: Porygon2
|-start|p2b: Porygon2|move: Taunt
|move|p1b: Gholdengo|Make It Rain|p2b: Porygon2|[spread] p2a,p2b
|-resisted|p2a: Incineroar
|-damage|p2a: Incineroar|65/100
|-damage|p2b: Porygon2|49/100
|-unboost|p1b: Gholdengo|spa|1
|move|p2a: Incineroar|Knock Off|p1b: Gholdengo
|-supereffective|p1b: Gholdengo
|-damage|p1b: Gholdengo|7/100
|-enditem|p1b: Gholdengo|Choice Specs|[from] move: Knock Off|[of] p2a: Incineroar
|cant|p2b: Porygon2|move: Taunt|Trick Room
|
|upkeep
|turn|2
|
|t:|1757083213
|move|p1a: Murkrow|Haze|p1a: Murkrow
|-clearallboost
|move|p1b: Gholdengo|Make It Rain|p2a: Incineroar|[spread] p2a,p2b
|-resisted|p2a: Incineroar
|-damage|p2a: Incineroar|43/100
|-damage|p2b: Porygon2|16/100
|-unboost|p1b: Gholdengo|spa|1
|move|p2a: Incineroar|Knock Off|p1a: Murkrow
|-supereffective|p1a: Murkrow
|-damage|p1a: Murkrow|6/100
|-enditem|p1a: Murkrow|Eviolite|[from] move: Knock Off|[of] p2a: Incineroar
|move|p2b: Porygon2|Ice Beam|p1b: Gholdengo
|-resisted|p1b: Gholdengo
|-damage|p1b: Gholdengo|0 fnt
|faint|p1b: Gholdengo
|
|upkeep
|
|t:|1757083216
|switch|p1b: Dondozo|Dondozo, L50, F|100/100
|turn|3
|
|t:|1757083238
|switch|p1a: Tatsugiri|Tatsugiri, L50, M|100/100
|-activate|p1a: Tatsugiri|ability: Commander|[of] p1b: Dondozo
|-boost|p1b: Dondozo|atk|2
|-boost|p1b: Dondozo|spa|2
|-boost|p1b: Dondozo|spe|2
|-boost|p1b: Dondozo|def|2
|-boost|p1b: Dondozo|spd|2
|switch|p2b: Dragonite|Dragonite, L50, F|100/100
|move|p1b: Dondozo|Order Up|p2a: Incineroar
|-damage|p2a: Incineroar|5/100
|-boost|p1b: Dondozo|atk|1
|move|p2a: Incineroar|Will-O-Wisp|p1b: Dondozo
|-status|p1b: Dondozo|brn
|
|-damage|p1b: Dondozo|94/100 brn|[from] brn
|upkeep
|turn|4
|
|t:|1757083261
|move|p1b: Dondozo|Earthquake|p2a: Incineroar|[spread] p2a
|-miss|p1b: Dondozo|p1a: Tatsugiri
|-immune|p2b: Dragonite
|-supereffective|p2a: Incineroar
|-damage|p2a: Incineroar|0 fnt
|faint|p2a: Incineroar
|move|p2b: Dragonite|Haze|p2b: Dragonite
|-clearallboost
|
|-heal|p1b: Dondozo|100/100 brn|[from] item: Leftovers
|-damage|p1b: Dondozo|94/100 brn|[from] brn
|upkeep
|
|t:|1757083272
|switch|p2a: Porygon2|Porygon2, L50|16/100
|-ability|p2a: Porygon2|Download|boost
|-boost|p2a: Porygon2|spa|1
|turn|5
|
|t:|1757083280
|move|p2b: Dragonite|Tailwind|p2b: Dragonite
|-sidestart|p2: thee unbalanced|move: Tailwind
|move|p2a: Porygon2|Recover|p2a: Porygon2
|-heal|p2a: Porygon2|66/100
|move|p1b: Dondozo|Wave Crash|p2a: Porygon2
|-damage|p2a: Porygon2|49/100
|-damage|p1b: Dondozo|89/100 brn|[from] Recoil
|
|-heal|p1b: Dondozo|96/100 brn|[from] item: Leftovers
|-damage|p1b: Dondozo|89/100 brn|[from] brn
|upkeep
|turn|6
|
|t:|1757083288
|move|p2b: Dragonite|Scale Shot|p1b: Dondozo
|-damage|p1b: Dondozo|79/100 brn
|-damage|p1b: Dondozo|68/100 brn
|-damage|p1b: Dondozo|57/100 brn
|-damage|p1b: Dondozo|47/100 brn
|-damage|p1b: Dondozo|36/100 brn
|-hitcount|p1b: Dondozo|5
|-unboost|p2b: Dragonite|def|1
|-boost|p2b: Dragonite|spe|1
|move|p2a: Porygon2|Recover|p2a: Porygon2
|-heal|p2a: Porygon2|99/100
|move|p1b: Dondozo|Order Up|p2b: Dragonite
|-supereffective|p2b: Dragonite
|-damage|p2b: Dragonite|86/100
|-boost|p1b: Dondozo|atk|1
|
|-heal|p1b: Dondozo|43/100 brn|[from] item: Leftovers
|-damage|p1b: Dondozo|36/100 brn|[from] brn
|upkeep
|turn|7
|
|t:|1757083308
|move|p2b: Dragonite|Scale Shot|p1b: Dondozo
|-damage|p1b: Dondozo|25/100 brn
|-damage|p1b: Dondozo|14/100 brn
|-damage|p1b: Dondozo|3/100 brn
|-damage|p1b: Dondozo|0 fnt
|faint|p1b: Dondozo
|-hitcount|p1: Dondozo|4
|-unboost|p2b: Dragonite|def|1
|-boost|p2b: Dragonite|spe|1
|move|p2a: Porygon2|Ice Beam|p1a: Tatsugiri
|-damage|p1a: Tatsugiri|47/100
|
|upkeep
|
|t:|1757083311
|switch|p1b: Murkrow|Murkrow, L50, F, tera:Ghost|6/100
|turn|8
|-message|ryoshino forfeited.
|
|win|thee unbalanced
|l|☆ryoshino
|player|p1|
||ryoshino is ready for game 2.
