|j|☆pechugadepollico
|j|☆elmono11
|html|pechugadepollicoelmono11    
|uhtml|bestof|Game 1 of a best-of-3
|t:|1784138403
|gametype|doubles
|player|p1|pechugadepollico|101|1362
|player|p2|elmono11|266|1464
|gen|9
|tier|[Gen 9 Champions] VGC 2026 Reg M-B (Bo3)
|rated|
|rule|Species Clause: Limit one of each Pokémon
|rule|Item Clause: Limit 1 of each item
|clearpoke
|poke|p1|Swampert, L50, F|
|poke|p1|Mawile, L50, M|
|poke|p1|Pelipper, L50, F|
|poke|p1|Farigiraf, L50, F|
|poke|p1|Incineroar, L50, M|
|poke|p1|Archaludon, L50, M|
|poke|p2|Dragonite, L50, F|
|poke|p2|Sneasler, L50, F|
|poke|p2|Sinistcha, L50|
|poke|p2|Incineroar, L50, F|
|poke|p2|Floette-Eternal, L50, F|
|poke|p2|Kingambit, L50, F|
|teampreview|4
|showteam|p1|Swampert||Swampertite|Torrent|Protect,HighHorsepower,IcePunch,WaveCrash|Adamant||F|||50|]Mawile||Mawilite|HyperCutter|Protect,SuckerPunch,BrickBreak,PlayRough|Adamant||M|||50|]Pelipper||LifeOrb|Drizzle|Tailwind,WideGuard,Hurricane,WeatherBall|Modest||F|||50|]Farigiraf||SitrusBerry|ArmorTail|TrickRoom,HelpingHand,TwinBeam,Thunderbolt|Bold||F|||50|]Incineroar||WhiteHerb|Intimidate|FakeOut,CloseCombat,DarkestLariat,FlareBlitz|Adamant||M|||50|]Archaludon||Leftovers|Stamina|Protect,DragonPulse,FlashCannon,ElectroShot|Calm||M|||50|
|showteam|p2|Dragonite||LumBerry|Multiscale|DragonClaw,ExtremeSpeed,FirePunch,Protect|Adamant||F|||50|]Sneasler||FocusSash|PoisonTouch|FakeOut,CloseCombat,PoisonJab,Coaching|Jolly||F|||50|]Sinistcha||Leftovers|Hospitality|TrickRoom,MatchaGotcha,RagePowder,Protect|Bold|||||50|]Incineroar||SitrusBerry|Intimidate|FlareBlitz,DarkestLariat,PartingShot,FakeOut|Careful||F|||50|]Floette-Eternal||Floettite|FlowerVeil|DazzlingGleam,DrainingKiss,CalmMind,Protect|Modest||F|||50|]Kingambit||BlackGlasses|Defiant|KowtowCleave,SwordsDance,SuckerPunch,Protect|Adamant||F|||50|
|inactive|Battle timer is ON: inactive players will automatically lose when time's up. (requested by elmono11)
|inactive|elmono11 has 60 seconds left.
|
|t:|1784138443
|teamsize|p1|4
|teamsize|p2|4
|start
|switch|p1a: Mawile|Mawile, L50, M|100/100
|switch|p1b: Farigiraf|Farigiraf, L50, F|100/100
|switch|p2a: Floette|Floette-Eternal, L50, F|100/100
|switch|p2b: Sneasler|Sneasler, L50, F|100/100
|turn|1
|
|t:|1784138467
|detailschange|p2a: Floette|Floette-Mega, L50, F
|-mega|p2a: Floette|Floette|Floettite
|-ability|p2a: Floette|Fairy Aura
|detailschange|p1a: Mawile|Mawile-Mega, L50, M
|-mega|p1a: Mawile|Mawile|Mawilite
|move|p2a: Floette|Protect|p2a: Floette
|-singleturn|p2a: Floette|Protect
|move|p2b: Sneasler|Close Combat|p1a: Mawile
|-crit|p1a: Mawile
|-damage|p1a: Mawile|13/100
|-unboost|p2b: Sneasler|def|1
|-unboost|p2b: Sneasler|spd|1
|move|p1a: Mawile|Play Rough|p2a: Floette
|-activate|p2a: Floette|move: Protect
|move|p1b: Farigiraf|Trick Room|p1b: Farigiraf
|-fieldstart|move: Trick Room|[of] p1b: Farigiraf
|
|upkeep
|turn|2
|inactive|elmono11 has 30 seconds left.
|
|t:|1784138495
|switch|p2a: Dragonite|Dragonite, L50, F|100/100
|switch|p2b: Sinistcha|Sinistcha, L50|100/100
|move|p1b: Farigiraf|Twin Beam|p2b: Sinistcha
|-damage|p2b: Sinistcha|86/100
|-damage|p2b: Sinistcha|71/100
|-hitcount|p2b: Sinistcha|2
|move|p1a: Mawile|Play Rough|p2a: Dragonite
|-supereffective|p2a: Dragonite|1
|-damage|p2a: Dragonite|24/100
|
|-heal|p2b: Sinistcha|77/100|[from] item: Leftovers
|upkeep
|turn|3
|inactive|pechugadepollico has 30 seconds left.
|
|t:|1784138522
|move|p2a: Dragonite|Protect|p2a: Dragonite
|-singleturn|p2a: Dragonite|Protect
|move|p1b: Farigiraf|Thunderbolt|p2a: Dragonite
|-activate|p2a: Dragonite|move: Protect
|move|p1a: Mawile|Play Rough|p2b: Sinistcha
|-damage|p2b: Sinistcha|4/100
|move|p2b: Sinistcha|Matcha Gotcha|p1a: Mawile|[spread] p1a,p1b
|-resisted|p1a: Mawile|1
|-damage|p1a: Mawile|0 fnt
|-heal|p2b: Sinistcha|10/100|[from] drain|[of] p1a: Mawile
|-damage|p1b: Farigiraf|78/100
|-heal|p2b: Sinistcha|24/100|[from] drain|[of] p1b: Farigiraf
|faint|p1a: Mawile
|
|-heal|p2b: Sinistcha|30/100|[from] item: Leftovers
|upkeep
|
|t:|1784138530
|switch|p1a: Archaludon|Archaludon, L50, M|100/100
|turn|4
|
|t:|1784138542
|switch|p1b: Pelipper|Pelipper, L50, F|100/100
|-weather|RainDance|[from] ability: Drizzle|[of] p1b: Pelipper
|move|p2b: Sinistcha|Rage Powder|p2b: Sinistcha
|-singleturn|p2b: Sinistcha|move: Rage Powder
|move|p1a: Archaludon|Electro Shot||[still]
|-prepare|p1a: Archaludon|Electro Shot
|-boost|p1a: Archaludon|spa|1
|-anim|p1a: Archaludon|Electro Shot|p2b: Sinistcha
|-resisted|p2b: Sinistcha|1
|-damage|p2b: Sinistcha|5/100
|move|p2a: Dragonite|Dragon Claw|p1b: Pelipper
|-damage|p1b: Pelipper|53/100
|
|-weather|RainDance|[upkeep]
|-heal|p2b: Sinistcha|11/100|[from] item: Leftovers
|upkeep
|turn|5
|
|t:|1784138556
|move|p1b: Pelipper|Hurricane|p2a: Dragonite
|-damage|p2a: Dragonite|0 fnt
|faint|p2a: Dragonite
|-damage|p1b: Pelipper|44/100|[from] item: Life Orb
|move|p2b: Sinistcha|Matcha Gotcha|p1a: Archaludon|[spread] p1a,p1b
|-resisted|p1a: Archaludon|2
|-damage|p1a: Archaludon|94/100
|-heal|p2b: Sinistcha|15/100|[from] drain|[of] p1a: Archaludon
|-damage|p1b: Pelipper|7/100
|-heal|p2b: Sinistcha|32/100|[from] drain|[of] p1b: Pelipper
|-ability|p1a: Archaludon|Stamina|boost
|-boost|p1a: Archaludon|def|1
|move|p1a: Archaludon|Electro Shot||[still]
|-prepare|p1a: Archaludon|Electro Shot
|-boost|p1a: Archaludon|spa|1
|-anim|p1a: Archaludon|Electro Shot|p2b: Sinistcha
|-resisted|p2b: Sinistcha|1
|-damage|p2b: Sinistcha|0 fnt
|faint|p2b: Sinistcha
|
|-weather|RainDance|[upkeep]
|-heal|p1a: Archaludon|100/100|[from] item: Leftovers
|-fieldend|move: Trick Room
|upkeep
|
|t:|1784138560
|switch|p2a: Sneasler|Sneasler, L50, F|100/100
|switch|p2b: Floette|Floette-Mega, L50, F|100/100
|-ability|p2b: Floette|Fairy Aura
|turn|6
|inactive|pechugadepollico has 30 seconds left.
|
|t:|1784138586
|move|p2b: Floette|Protect|p2b: Floette
|-singleturn|p2b: Floette|Protect
|move|p1b: Pelipper|Wide Guard|p1b: Pelipper
|-singleturn|p1b: Pelipper|Wide Guard
|move|p2a: Sneasler|Close Combat|p1a: Archaludon
|-supereffective|p1a: Archaludon|1
|-damage|p1a: Archaludon|38/100
|-unboost|p2a: Sneasler|def|1
|-unboost|p2a: Sneasler|spd|1
|-ability|p1a: Archaludon|Stamina|boost
|-boost|p1a: Archaludon|def|1
|move|p1a: Archaludon|Flash Cannon|p2b: Floette
|-activate|p2b: Floette|move: Protect
|
|-weather|RainDance|[upkeep]
|-heal|p1a: Archaludon|44/100|[from] item: Leftovers
|upkeep
|turn|7
|
|t:|1784138600
|move|p1a: Archaludon|Protect|p1a: Archaludon
|-singleturn|p1a: Archaludon|Protect
|move|p2a: Sneasler|Close Combat|p1a: Archaludon
|-activate|p1a: Archaludon|move: Protect
|move|p2b: Floette|Dazzling Gleam|p1b: Pelipper|[spread] p1b
|-activate|p1a: Archaludon|move: Protect
|-damage|p1b: Pelipper|0 fnt
|faint|p1b: Pelipper
|
|-weather|RainDance|[upkeep]
|-heal|p1a: Archaludon|50/100g|[from] item: Leftovers
|upkeep
|
|t:|1784138602
|switch|p1b: Farigiraf|Farigiraf, L50, F|78/100
|turn|8
|
|t:|1784138607
|move|p2a: Sneasler|Close Combat|p1a: Archaludon
|-supereffective|p1a: Archaludon|1
|-damage|p1a: Archaludon|1/100
|-unboost|p2a: Sneasler|def|1
|-unboost|p2a: Sneasler|spd|1
|-ability|p1a: Archaludon|Stamina|boost
|-boost|p1a: Archaludon|def|1
|move|p2b: Floette|Dazzling Gleam|p1a: Archaludon|[spread] p1a,p1b
|-crit|p1b: Farigiraf
|-damage|p1a: Archaludon|0 fnt
|-damage|p1b: Farigiraf|19/100
|-enditem|p1b: Farigiraf|Sitrus Berry|[eat]
|-heal|p1b: Farigiraf|44/100|[from] item: Sitrus Berry
|faint|p1a: Archaludon
|move|p1b: Farigiraf|Twin Beam|p2a: Sneasler
|-supereffective|p2a: Sneasler|2
|-enditem|p2a: Sneasler|Focus Sash
|-damage|p2a: Sneasler|1/100
|-supereffective|p2a: Sneasler|2
|-damage|p2a: Sneasler|0 fnt
|faint|p2a: Sneasler
|-hitcount|p2: Sneasler|2
|
|-weather|none
|upkeep
|turn|9
|
|t:|1784138619
|move|p2b: Floette|Dazzling Gleam|p1b: Farigiraf
|-damage|p1b: Farigiraf|0 fnt
|faint|p1b: Farigiraf
|
|win|elmono11
