|j|☆Tchoubib
|j|☆Pyos
|html|TchoubibPyos    
|uhtml|bestof|Game 3 of a best-of-3
|t:|1785861350
|gametype|doubles
|player|p1|Tchoubib|265|1397
|player|p2|Pyos|170|1364
|gen|9
|tier|[Gen 9 Champions] VGC 2026 Reg M-B (Bo3)
|rated|
|rule|Species Clause: Limit one of each Pokémon
|rule|Item Clause: Limit 1 of each item
|clearpoke
|poke|p1|Sneasler, L50, F|
|poke|p1|Sinistcha, L50|
|poke|p1|Incineroar, L50, F|
|poke|p1|Kingambit, L50, M|
|poke|p1|Delphox, L50, M|
|poke|p1|Blastoise, L50, F|
|poke|p2|Froslass, L50, F|
|poke|p2|Basculegion, L50, M|
|poke|p2|Kingambit, L50, F|
|poke|p2|Sneasler, L50, M|
|poke|p2|Lycanroc-Dusk, L50, F|
|poke|p2|Scovillain, L50, F, shiny|
|teampreview|4
|showteam|p1|Sneasler||FocusSash|PoisonTouch|QuickGuard,FakeOut,DireClaw,CloseCombat|Jolly||F|||50|]Sinistcha||ColburBerry|Hospitality|Protect,RagePowder,MatchaGotcha,TrickRoom|Bold|||||50|]Incineroar||SitrusBerry|Intimidate|FakeOut,FlareBlitz,HelpingHand,PartingShot|Careful||F|||50|]Kingambit||LifeOrb|Defiant|KowtowCleave,SwordsDance,SuckerPunch,Protect|Adamant||M|||50|]Delphox||Delphoxite|Blaze|Protect,NastyPlot,HeatWave,Psychic|Timid||M|||50|]Blastoise||Blastoisinite|RainDish|WaterSpout,DarkPulse,ShellSmash,Protect|Modest||F|||50|
|showteam|p2|Froslass||Froslassite|CursedBody|Blizzard,ShadowBall,AuroraVeil,Protect|Timid||F|||50|]Basculegion||SitrusBerry|Adaptability|WaveCrash,LastRespects,AquaJet,Protect|Adamant||M|||50|]Kingambit||BlackGlasses|Defiant|KowtowCleave,SuckerPunch,SwordsDance,Protect|Adamant||F|||50|]Sneasler||WhiteHerb|Unburden|CloseCombat,GunkShot,Protect,FakeOut|Adamant||M|||50|]Lycanroc-Dusk||FocusSash|ToughClaws|CloseCombat,Accelerock,RockSlide,Protect|Adamant||F|||50|]Scovillain||Scovillainite|Moody|GigaDrain,Overheat,RagePowder,Protect|Bold||F|||50|
|
|t:|1785861390
|teamsize|p1|4
|teamsize|p2|4
|start
|switch|p1a: Sneasler|Sneasler, L50, F|100/100
|switch|p1b: Blastoise|Blastoise, L50, F|100/100
|switch|p2a: Scovillain|Scovillain, L50, F, shiny|100/100
|switch|p2b: Kingambit|Kingambit, L50, F|100/100
|turn|1
|
|t:|1785861437
|detailschange|p1b: Blastoise|Blastoise-Mega, L50, F
|-mega|p1b: Blastoise|Blastoise|Blastoisinite
|detailschange|p2a: Scovillain|Scovillain-Mega, L50, F, shiny
|-mega|p2a: Scovillain|Scovillain|Scovillainite
|move|p1a: Sneasler|Dire Claw|p2a: Scovillain
|-supereffective|p2a: Scovillain|1
|-damage|p2a: Scovillain|15/100
|-status|p1a: Sneasler|brn|[from] ability: Spicy Spray|[of] p2a: Scovillain
|move|p1b: Blastoise|Water Spout|p2b: Kingambit|[spread] p2a,p2b
|-damage|p2a: Scovillain|0 fnt
|-damage|p2b: Kingambit|39/100
|-status|p1b: Blastoise|brn|[from] ability: Spicy Spray|[of] p2a: Scovillain
|faint|p2a: Scovillain
|move|p2b: Kingambit|Kowtow Cleave|p1b: Blastoise
|-damage|p1b: Blastoise|42/100 brn
|
|-damage|p1a: Sneasler|94/100 brn|[from] brn
|-damage|p1b: Blastoise|36/100 brn|[from] brn
|upkeep
|
|t:|1785861461
|switch|p2a: Basculegion|Basculegion, L50, M|100/100
|turn|2
|
|t:|1785861522
|move|p2b: Kingambit|Sucker Punch|p1b: Blastoise
|-damage|p1b: Blastoise|0 fnt
|faint|p1b: Blastoise
|move|p1a: Sneasler|Close Combat|p2b: Kingambit
|-supereffective|p2b: Kingambit|2
|-damage|p2b: Kingambit|0 fnt
|-unboost|p1a: Sneasler|def|1
|-unboost|p1a: Sneasler|spd|1
|faint|p2b: Kingambit
|move|p2a: Basculegion|Last Respects|p1a: Sneasler
|-damage|p1a: Sneasler|0 fnt
|faint|p1a: Sneasler
|
|upkeep
|
|t:|1785861533
|switch|p1a: Kingambit|Kingambit, L50, M|100/100
|switch|p1b: Sinistcha|Sinistcha, L50|100/100
|switch|p2b: Lycanroc|Lycanroc-Dusk, L50, F|100/100
|turn|3
|
|t:|1785861560
|move|p2a: Basculegion|Protect|p2a: Basculegion
|-singleturn|p2a: Basculegion|Protect
|move|p1b: Sinistcha|Protect|p1b: Sinistcha
|-singleturn|p1b: Sinistcha|Protect
|move|p1a: Kingambit|Protect|p1a: Kingambit
|-singleturn|p1a: Kingambit|Protect
|move|p2b: Lycanroc|Rock Slide|p1b: Sinistcha|[spread] 
|-activate|p1a: Kingambit|move: Protect
|-activate|p1b: Sinistcha|move: Protect
|
|upkeep
|turn|4
|
|t:|1785861587
|move|p2a: Basculegion|Protect||[still]
|-fail|p2a: Basculegion
|move|p1b: Sinistcha|Rage Powder|p1b: Sinistcha
|-singleturn|p1b: Sinistcha|move: Rage Powder
|move|p1a: Kingambit|Sucker Punch||[still]
|-fail|p1a: Kingambit
|move|p2b: Lycanroc|Close Combat|p1b: Sinistcha
|-immune|p1b: Sinistcha
|
|upkeep
|turn|5
|inactive|Battle timer is ON: inactive players will automatically lose when time's up. (requested by Pyos)
|
|t:|1785861647
|move|p1a: Kingambit|Sucker Punch|p2b: Lycanroc
|-damage|p2b: Lycanroc|6/100
|-damage|p1a: Kingambit|90/100|[from] item: Life Orb
|move|p2b: Lycanroc|Close Combat|p1a: Kingambit
|-supereffective|p1a: Kingambit|2
|-damage|p1a: Kingambit|0 fnt
|-unboost|p2b: Lycanroc|def|1
|-unboost|p2b: Lycanroc|spd|1
|faint|p1a: Kingambit
|move|p2a: Basculegion|Last Respects|p1b: Sinistcha
|-supereffective|p1b: Sinistcha|1
|-damage|p1b: Sinistcha|0 fnt
|faint|p1b: Sinistcha
|
|win|Pyos
|raw|Tchoubib's rating: 1397 → 1375(-22 for losing)
|raw|Pyos's rating: 1364 → 1386(+22 for winning)
|l|☆Tchoubib
|player|p1|
