|j|☆castoriceball
|j|☆marcosdeltasena31
|html|castoriceballmarcosdeltasena31    
|uhtml|bestof|Game 1 of a best-of-3
|t:|1785639035
|gametype|doubles
|player|p1|castoriceball|miku-flying|1262
|player|p2|marcosdeltasena31|hilbert|1554
|gen|9
|tier|[Gen 9 Champions] VGC 2026 Reg M-B (Bo3)
|rated|
|rule|Species Clause: Limit one of each Pokémon
|rule|Item Clause: Limit 1 of each item
|clearpoke
|poke|p1|Raichu, L50, M, shiny|
|poke|p1|Mamoswine, L50, F|
|poke|p1|Basculegion, L50, M, shiny|
|poke|p1|Farigiraf, L50, M|
|poke|p1|Sylveon, L50, F|
|poke|p1|Torkoal, L50, F|
|poke|p2|Staraptor, L50, M|
|poke|p2|Delphox, L50, M|
|poke|p2|Whimsicott, L50, M|
|poke|p2|Glimmora, L50, M|
|poke|p2|Garchomp, L50, M|
|poke|p2|Kingambit, L50, M|
|teampreview|4
|showteam|p1|Raichu||RaichuniteY|LightningRod|ZapCannon,FocusBlast,FakeOut,Protect|Timid||M|||50|]Mamoswine||LifeOrb|Oblivious|IcicleCrash,HighHorsepower,IceShard,Protect|Adamant||F|||50|]Basculegion||ChoiceScarf|Adaptability|LastRespects,WaveCrash,AquaJet,FlipTurn|Jolly||M|||50|]Farigiraf||SitrusBerry|ArmorTail|Psychic,HelpingHand,TrickRoom,Protect|Bold||M|||50|]Sylveon||FairyFeather|Pixilate|HyperVoice,QuickAttack,HyperBeam,Detect|Modest||F|||50|]Torkoal||Charcoal|Drought|Eruption,WeatherBall,SolarBeam,Protect|Quiet||F|||50|
|showteam|p2|Staraptor||Staraptite|Intimidate|Protect,Roost,CloseCombat,BraveBird|Jolly||M|||50|]Delphox||Delphoxite|Blaze|Protect,Psychic,HeatWave,Substitute|Timid||M|||50|]Whimsicott||OccaBerry|Prankster|Moonblast,Tailwind,Charm,LightScreen|Timid||M|||50|]Glimmora||FocusSash|ToxicDebris|SpikyShield,SludgeBomb,EarthPower,PowerGem|Timid||M|||50|]Garchomp||LifeOrb|RoughSkin|Protect,RockSlide,Earthquake,DragonClaw|Jolly||M|||50|]Kingambit||ChopleBerry|Defiant|SuckerPunch,LowKick,IronHead,KowtowCleave|Adamant||M|||50|
|
|t:|1785639068
|teamsize|p1|4
|teamsize|p2|4
|start
|switch|p1a: WHYYCHU|Raichu, L50, M, shiny|100/100
|switch|p1b: WolfeyFriendReal|Farigiraf, L50, M|100/100
|switch|p2a: Kingambit|Kingambit, L50, M|100/100
|switch|p2b: Delphox|Delphox, L50, M|100/100
|turn|1
|
|t:|1785639089
|detailschange|p1a: WHYYCHU|Raichu-Mega-Y, L50, M, shiny
|-mega|p1a: WHYYCHU|Raichu|Raichunite Y
|detailschange|p2b: Delphox|Delphox-Mega, L50, M
|-mega|p2b: Delphox|Delphox|Delphoxite
|move|p1b: WolfeyFriendReal|Protect|p1b: WolfeyFriendReal
|-singleturn|p1b: WolfeyFriendReal|Protect
|move|p2b: Delphox|Heat Wave|p1a: WHYYCHU|[spread] p1a
|-activate|p1b: WolfeyFriendReal|move: Protect
|-damage|p1a: WHYYCHU|42/100
|move|p1a: WHYYCHU|Zap Cannon|p2b: Delphox
|-damage|p2b: Delphox|42/100
|-status|p2b: Delphox|par
|move|p2a: Kingambit|Kowtow Cleave|p1b: WolfeyFriendReal
|-activate|p1b: WolfeyFriendReal|move: Protect
|
|upkeep
|turn|2
|
|t:|1785639107
|move|p1b: WolfeyFriendReal|Helping Hand|p1a: WHYYCHU
|-singleturn|p1a: WHYYCHU|Helping Hand|[of] p1b: WolfeyFriendReal
|move|p1a: WHYYCHU|Focus Blast|p2a: Kingambit
|-supereffective|p2a: Kingambit|2
|-enditem|p2a: Kingambit|Chople Berry|[eat]
|-enditem|p2a: Kingambit|Chople Berry|[weaken]
|-damage|p2a: Kingambit|0 fnt
|faint|p2a: Kingambit
|move|p2b: Delphox|Heat Wave|p1b: WolfeyFriendReal|[spread] p1a,p1b
|-damage|p1a: WHYYCHU|0 fnt
|-damage|p1b: WolfeyFriendReal|58/100
|-status|p1b: WolfeyFriendReal|brn
|faint|p1a: WHYYCHU
|
|-damage|p1b: WolfeyFriendReal|52/100 brn|[from] brn
|upkeep
|
|t:|1785639121
|switch|p1a: budget floette|Sylveon, L50, F|100/100
|switch|p2a: Garchomp|Garchomp, L50, M|100/100
|turn|3
|
|t:|1785639130
|move|p1b: WolfeyFriendReal|Protect|p1b: WolfeyFriendReal
|-singleturn|p1b: WolfeyFriendReal|Protect
|move|p2a: Garchomp|Earthquake|p1a: budget floette|[spread] p1a
|-activate|p1b: WolfeyFriendReal|move: Protect
|-immune|p2b: Delphox|[from] ability: Levitate
|-damage|p1a: budget floette|40/100
|-damage|p2a: Garchomp|90/100|[from] item: Life Orb
|move|p2b: Delphox|Heat Wave|p1b: WolfeyFriendReal|[spread] 
|-activate|p1b: WolfeyFriendReal|move: Protect
|-miss|p2b: Delphox|p1a: budget floette
|move|p1a: budget floette|Hyper Voice|p2a: Garchomp|[spread] p2a,p2b
|-supereffective|p2a: Garchomp|1
|-resisted|p2b: Delphox|1
|-damage|p2a: Garchomp|0 fnt
|-damage|p2b: Delphox|18/100 par
|faint|p2a: Garchomp
|
|-damage|p1b: WolfeyFriendReal|46/100 brn|[from] brn
|upkeep
|-enditem|p1b: WolfeyFriendReal|Sitrus Berry|[eat]
|-heal|p1b: WolfeyFriendReal|70/100 brn|[from] item: Sitrus Berry
|
|t:|1785639133
|switch|p2a: Whimsicott|Whimsicott, L50, M|100/100
|turn|4
|
|t:|1785639142
|move|p2a: Whimsicott|Moonblast|p1b: WolfeyFriendReal
|-damage|p1b: WolfeyFriendReal|44/100 brn
|move|p2b: Delphox|Heat Wave|p1b: WolfeyFriendReal|[spread] p1a,p1b
|-crit|p1a: budget floette
|-damage|p1a: budget floette|0 fnt
|-damage|p1b: WolfeyFriendReal|2/100 brn
|faint|p1a: budget floette
|move|p1b: WolfeyFriendReal|Trick Room|p1b: WolfeyFriendReal
|-fieldstart|move: Trick Room|[of] p1b: WolfeyFriendReal
|
|-damage|p1b: WolfeyFriendReal|0 fnt|[from] brn
|faint|p1b: WolfeyFriendReal
|upkeep
|
|t:|1785639151
|switch|p1b: turtle|Torkoal, L50, F|100/100
|-weather|SunnyDay|[from] ability: Drought|[of] p1b: turtle
|turn|5
|
|t:|1785639157
|move|p2b: Delphox|Protect|p2b: Delphox
|-singleturn|p2b: Delphox|Protect
|move|p2a: Whimsicott|Light Screen|p2a: Whimsicott
|-sidestart|p2: marcosdeltasena31|move: Light Screen
|move|p1b: turtle|Eruption|p2a: Whimsicott|[spread] p2a
|-activate|p2b: Delphox|move: Protect
|-supereffective|p2a: Whimsicott|1
|-enditem|p2a: Whimsicott|Occa Berry|[eat]
|-enditem|p2a: Whimsicott|Occa Berry|[weaken]
|-damage|p2a: Whimsicott|22/100
|
|-weather|SunnyDay|[upkeep]
|upkeep
|turn|6
|
|t:|1785639175
|move|p1b: turtle|Eruption|p2a: Whimsicott|[spread] p2a,p2b
|-supereffective|p2a: Whimsicott|1
|-resisted|p2b: Delphox|1
|-damage|p2a: Whimsicott|0 fnt
|-damage|p2b: Delphox|0 fnt
|faint|p2a: Whimsicott
|faint|p2b: Delphox
|
|win|castoriceball
