|j|☆LastHorzion
|j|☆Cosentino
|html|LastHorzionCosentino    
|uhtml|bestof|Game 1 of a best-of-3
|t:|1756961695
|gametype|doubles
|player|p1|LastHorzion|steven|1324
|player|p2|Cosentino|clown|1255
|gen|9
|tier|[Gen 9] VGC 2025 Reg H (Bo3)
|rated|
|rule|Species Clause: Limit one of each Pokémon
|rule|Item Clause: Limit 1 of each item
|clearpoke
|poke|p1|Sneasler, L50, M|
|poke|p1|Ursaluna-Bloodmoon, L50, M|
|poke|p1|Whimsicott, L50, M|
|poke|p1|Typhlosion-Hisui, L50, F|
|poke|p1|Indeedee, L50, M|
|poke|p1|Dragapult, L50, F|
|poke|p2|Kilowattrel, L50, F|
|poke|p2|Kingambit, L50, F|
|poke|p2|Sneasler, L50, M|
|poke|p2|Farigiraf, L50, M|
|poke|p2|Ursaluna-Bloodmoon, L50, M|
|poke|p2|Garchomp, L50, M|
|teampreview|4
|showteam|p1|Sneasler||PsychicSeed|Unburden|CloseCombat,DireClaw,ThroatChop,Protect|||M|||50|,,,,,Dark]Ursaluna-Bloodmoon||LifeOrb|MindsEye|BloodMoon,EarthPower,HyperVoice,Protect|||M|||50|,,,,,Ghost]Whimsicott||CovertCloak|Prankster|Tailwind,Moonblast,Encore,SunnyDay|||M|||50|,,,,,Water]Typhlosion-Hisui||ChoiceScarf|Blaze|Eruption,ShadowBall,HeatWave,Overheat|||F|||50|,,,,,Fire]Indeedee||FocusSash|PsychicSurge|ExpandingForce,TeraBlast,Imprison,TrickRoom|||M|||50|,,,,,Ground]Dragapult||ChoiceBand|ClearBody|DragonDarts,Uturn,PhantomForce,Outrage|||F|||50|,,,,,Dragon
|showteam|p2|Kilowattrel||ChoiceSpecs|Competitive|VoltSwitch,AirSlash,Thunderbolt,Electroweb|||F|||50|,,,,,Ghost]Kingambit||LifeOrb|Defiant|Protect,KowtowCleave,IronHead,SuckerPunch|||F|||50|,,,,,Dark]Sneasler||FocusSash|PoisonTouch|FakeOut,Coaching,CloseCombat,DireClaw|||M|||50|,,,,,Ghost]Farigiraf||SitrusBerry|ArmorTail|Psychic,HelpingHand,TrickRoom,HyperVoice|||M|||50|,,,,,Fire]Ursaluna-Bloodmoon||SilkScarf|MindsEye|EarthPower,BloodMoon,HyperVoice,Protect|||M|||50|,,,,,Ghost]Garchomp||RockyHelmet|RoughSkin|Protect,Earthquake,StompingTantrum,RockSlide|||M|||50|,,,,,Ground
|inactive|Battle timer is ON: inactive players will automatically lose when time's up. (requested by LastHorzion)
|inactive|LastHorzion has 60 seconds left.
|inactive|Cosentino has 60 seconds left.
|inactive|LastHorzion has 30 seconds left.
|inactive|LastHorzion has 20 seconds left.
|
|t:|1756961769
|teamsize|p1|4
|teamsize|p2|4
|start
|switch|p1a: Dragapult|Dragapult, L50, F, shiny|100/100
|switch|p1b: Indeedee|Indeedee, L50, M, shiny|100/100
|switch|p2a: Farigiraf|Farigiraf, L50, M|100/100
|switch|p2b: Garchomp|Garchomp, L50, M|100/100
|-fieldstart|move: Psychic Terrain|[from] ability: Psychic Surge|[of] p1b: Indeedee
|turn|1
|inactive|Cosentino has 30 seconds left.
|
|t:|1756961798
|-terastallize|p1a: Dragapult|Dragon
|move|p1a: Dragapult|Dragon Darts|p2a: Farigiraf
|-damage|p2a: Farigiraf|56/100
|-anim|p1a: Dragapult|Dragon Darts|p2b: Garchomp
|-supereffective|p2b: Garchomp
|-damage|p2b: Garchomp|4/100
|move|p1b: Indeedee|Imprison|p1b: Indeedee
|-start|p1b: Indeedee|move: Imprison
|move|p2b: Garchomp|Rock Slide|p1b: Indeedee|[spread] p1a,p1b
|-damage|p1a: Dragapult|72/100
|-damage|p1b: Indeedee|56/100
|cant|p2a: Farigiraf|move: Imprison|Trick Room
|
|upkeep
|turn|2
|inactive|Cosentino has 30 seconds left.
|
|t:|1756961824
|switch|p2b: Kingambit|Kingambit, L50, F|100/100
|move|p1a: Dragapult|Dragon Darts|p2a: Farigiraf
|-damage|p2a: Farigiraf|13/100
|-enditem|p2a: Farigiraf|Sitrus Berry|[eat]
|-heal|p2a: Farigiraf|37/100|[from] item: Sitrus Berry
|-anim|p1a: Dragapult|Dragon Darts|p2b: Kingambit
|-resisted|p2b: Kingambit
|-damage|p2b: Kingambit|78/100
|move|p1b: Indeedee|Expanding Force|p2a: Farigiraf|[spread] p2a
|-immune|p2b: Kingambit
|-resisted|p2a: Farigiraf
|-damage|p2a: Farigiraf|13/100
|move|p2a: Farigiraf|Psychic|p1a: Dragapult
|-damage|p1a: Dragapult|9/100
|
|upkeep
|turn|3
|inactive|LastHorzion has 30 seconds left.
|inactive|Cosentino has 30 seconds left.
|inactive|Cosentino has 20 seconds left.
|inactive|Cosentino has 15 seconds left.
|inactive|Cosentino has 10 seconds left.
|inactive|Cosentino has 5 seconds left.
|
|t:|1756961878
|move|p1a: Dragapult|Dragon Darts|p2a: Farigiraf
|-damage|p2a: Farigiraf|0 fnt
|-anim|p1a: Dragapult|Dragon Darts|p2b: Kingambit
|-resisted|p2b: Kingambit
|-crit|p2b: Kingambit
|-damage|p2b: Kingambit|47/100
|faint|p2a: Farigiraf
|move|p1b: Indeedee|Tera Blast|p2b: Kingambit
|-resisted|p2b: Kingambit
|-damage|p2b: Kingambit|31/100
|move|p2b: Kingambit|Kowtow Cleave|p1a: Dragapult
|-damage|p1a: Dragapult|0 fnt
|faint|p1a: Dragapult
|-damage|p2b: Kingambit|22/100|[from] item: Life Orb
|
|upkeep
|
|t:|1756961899
|switch|p1a: Sneasler|Sneasler, L50, M|100/100
|switch|p2a: Ursaluna|Ursaluna-Bloodmoon, L50, M|100/100
|-enditem|p1a: Sneasler|Psychic Seed
|-boost|p1a: Sneasler|spd|1|[from] item: Psychic Seed
|turn|4
|inactive|LastHorzion has 30 seconds left.
|inactive|Cosentino has 30 seconds left.
|
|t:|1756961932
|switch|p2b: Garchomp|Garchomp, L50, M|4/100
|move|p1a: Sneasler|Protect|p1a: Sneasler
|-singleturn|p1a: Sneasler|Protect
|move|p2a: Ursaluna|Protect|p2a: Ursaluna
|-singleturn|p2a: Ursaluna|Protect
|move|p1b: Indeedee|Tera Blast|p2b: Garchomp
|-damage|p2b: Garchomp|0 fnt
|faint|p2b: Garchomp
|
|upkeep
|
|t:|1756961941
|switch|p2b: Kingambit|Kingambit, L50, F|22/100
|turn|5
|inactive|LastHorzion has 30 seconds left.
|
|t:|1756961970
|-terastallize|p2a: Ursaluna|Ghost
|move|p2b: Kingambit|Protect|p2b: Kingambit
|-singleturn|p2b: Kingambit|Protect
|move|p1a: Sneasler|Throat Chop|p2a: Ursaluna
|-supereffective|p2a: Ursaluna
|-damage|p2a: Ursaluna|59/100
|-start|p2a: Ursaluna|Throat Chop|[silent]
|move|p1b: Indeedee|Expanding Force|p2a: Ursaluna|[spread] p2a
|-activate|p2b: Kingambit|move: Protect
|-damage|p2a: Ursaluna|12/100
|move|p2a: Ursaluna|Earth Power|p1a: Sneasler
|-supereffective|p1a: Sneasler
|-damage|p1a: Sneasler|10/100
|
|-fieldend|move: Psychic Terrain
|upkeep
|turn|6
|inactive|Cosentino has 30 seconds left.
|inactive|Cosentino has 20 seconds left.
|
|t:|1756962005
|switch|p1b: Ursaluna|Ursaluna-Bloodmoon, L50, M|100/100
|move|p1a: Sneasler|Protect|p1a: Sneasler
|-singleturn|p1a: Sneasler|Protect
|move|p2a: Ursaluna|Protect|p2a: Ursaluna
|-singleturn|p2a: Ursaluna|Protect
|move|p2b: Kingambit|Sucker Punch||[still]
|-fail|p2b: Kingambit
|
|-end|p2a: Ursaluna|Throat Chop|[silent]
|upkeep
|turn|7
|inactive|LastHorzion has 30 seconds left.
|
|t:|1756962033
|switch|p1b: Indeedee|Indeedee, L50, M, shiny|56/100
|-fieldstart|move: Psychic Terrain|[from] ability: Psychic Surge|[of] p1b: Indeedee
|move|p1a: Sneasler|Throat Chop|p2a: Ursaluna
|-supereffective|p2a: Ursaluna
|-damage|p2a: Ursaluna|0 fnt
|faint|p2a: Ursaluna
|move|p2b: Kingambit|Kowtow Cleave|p1b: Indeedee
|-supereffective|p1b: Indeedee
|-damage|p1b: Indeedee|0 fnt
|faint|p1b: Indeedee
|-damage|p2b: Kingambit|12/100|[from] item: Life Orb
|
|upkeep
|
|t:|1756962041
|switch|p1b: Ursaluna|Ursaluna-Bloodmoon, L50, M|100/100
|turn|8
|
|t:|1756962045
|move|p1a: Sneasler|Close Combat|p2b: Kingambit
|-supereffective|p2b: Kingambit
|-damage|p2b: Kingambit|0 fnt
|-unboost|p1a: Sneasler|def|1
|-unboost|p1a: Sneasler|spd|1
|faint|p2b: Kingambit
|
|win|LastHorzion
||LastHorzion is ready for game 2.
||Cosentino is ready for game 2.
|uhtml|next|Next: Game 2 of 3
