|j|☆Jakobtc
|j|☆RickCtrl
|html|JakobtcRickCtrl    
|uhtml|bestof|Game 3 of a best-of-3
|t:|1757731219
|gametype|doubles
|player|p1|Jakobtc|riley|1198
|player|p2|RickCtrl|2|1128
|gen|9
|tier|[Gen 9] VGC 2025 Reg H (Bo3)
|rated|
|rule|Species Clause: Limit one of each Pokémon
|rule|Item Clause: Limit 1 of each item
|clearpoke
|poke|p1|Drifblim, L50, F|
|poke|p1|Indeedee, L50, M|
|poke|p1|Arcanine-Hisui, L50, F|
|poke|p1|Garchomp, L50, F|
|poke|p1|Amoonguss, L50, F|
|poke|p1|Primarina, L50, M|
|poke|p2|Indeedee, L50, M|
|poke|p2|Sneasler, L50, F|
|poke|p2|Ursaluna-Bloodmoon, L50, M|
|poke|p2|Electabuzz, L50, M|
|poke|p2|Dragonite, L50, F|
|poke|p2|Tyranitar, L50, M|
|teampreview|4
|showteam|p1|Drifblim||PsychicSeed|Unburden|Tailwind,StrengthSap,WillOWisp,Acrobatics|||F|||50|,,,,,Grass]Indeedee||FocusSash|PsychicSurge|ExpandingForce,TeraBlast,SkillSwap,Protect|||M|||50|,,,,,Fighting]Arcanine-Hisui||ChoiceBand|Intimidate|RockSlide,FlareBlitz,ExtremeSpeed,CloseCombat|||F|||50|,,,,,Grass]Garchomp||LifeOrb|RoughSkin|StompingTantrum,DragonClaw,Earthquake,Protect|||F|||50|,,,,,Ground]Amoonguss||SitrusBerry|Regenerator|Spore,LeafStorm,RagePowder,Protect|||F|||50|,,,,,Water]Primarina||MysticWater|LiquidVoice|HyperVoice,Moonblast,Haze,Protect|||M|||50|,,,,,Steel
|showteam|p2|Indeedee||ChoiceScarf|PsychicSurge|ExpandingForce,TeraBlast,TrickRoom,Trick|||M|||50|,,,,,Psychic]Sneasler||PsychicSeed|Unburden|Protect,DireClaw,CloseCombat,ThroatChop|||F|||50|,,,,,Dark]Ursaluna-Bloodmoon||LifeOrb|MindsEye|BloodMoon,HyperVoice,EarthPower,Protect|||M|||50|,,,,,Normal]Electabuzz||Eviolite|VitalSpirit|Protect,Taunt,FollowMe,Electroweb|||M|||50|,,,,,Fairy]Dragonite||LoadedDice|Multiscale|Tailwind,ScaleShot,Haze,Protect|||F|||50|,,,,,Steel]Tyranitar||ClearAmulet|SandStream|RockSlide,KnockOff,LowKick,Protect|||M|||50|,,,,,Flying
|inactive|Battle timer is ON: inactive players will automatically lose when time's up. (requested by Jakobtc)
|
|t:|1757731255
|teamsize|p1|4
|teamsize|p2|4
|start
|switch|p1a: Arcanine|Arcanine-Hisui, L50, F|100/100
|switch|p1b: Primarina|Primarina, L50, M|100/100
|switch|p2a: Electabuzz|Electabuzz, L50, M|100/100
|switch|p2b: Tyranitar|Tyranitar, L50, M, shiny|100/100
|-ability|p1a: Arcanine|Intimidate|boost
|-unboost|p2a: Electabuzz|atk|1
|-fail|p2b: Tyranitar|unboost|[from] item: Clear Amulet|[of] p2b: Tyranitar
|-weather|Sandstorm|[from] ability: Sand Stream|[of] p2b: Tyranitar
|turn|1
|inactive|RickCtrl has 30 seconds left.
|
|t:|1757731281
|-terastallize|p1a: Arcanine|Grass
|move|p2b: Tyranitar|Protect|p2b: Tyranitar
|-singleturn|p2b: Tyranitar|Protect
|move|p2a: Electabuzz|Electroweb|p1a: Arcanine|[spread] p1a,p1b
|-resisted|p1a: Arcanine
|-supereffective|p1b: Primarina
|-damage|p1a: Arcanine|92/100
|-damage|p1b: Primarina|78/100
|-unboost|p1a: Arcanine|spe|1
|-unboost|p1b: Primarina|spe|1
|move|p1a: Arcanine|Rock Slide|p2b: Tyranitar|[spread] 
|-activate|p2b: Tyranitar|move: Protect
|-miss|p1a: Arcanine|p2a: Electabuzz
|move|p1b: Primarina|Hyper Voice|p2b: Tyranitar|[spread] p2a
|-activate|p2b: Tyranitar|move: Protect
|-damage|p2a: Electabuzz|66/100
|
|-weather|Sandstorm|[upkeep]
|-damage|p2a: Electabuzz|60/100|[from] Sandstorm
|-damage|p1a: Arcanine|86/100|[from] Sandstorm
|-damage|p1b: Primarina|72/100|[from] Sandstorm
|upkeep
|turn|2
|inactive|Jakobtc has 30 seconds left.
|inactive|RickCtrl has 30 seconds left.
|inactive|Jakobtc has 20 seconds left.
|inactive|RickCtrl has 20 seconds left.
|inactive|RickCtrl has 15 seconds left.
|
|t:|1757731324
|-terastallize|p2b: Tyranitar|Flying
|move|p2a: Electabuzz|Electroweb|p1a: Arcanine|[spread] p1a,p1b
|-resisted|p1a: Arcanine
|-supereffective|p1b: Primarina
|-damage|p1a: Arcanine|78/100
|-damage|p1b: Primarina|48/100
|-unboost|p1a: Arcanine|spe|1
|-unboost|p1b: Primarina|spe|1
|move|p2b: Tyranitar|Rock Slide|p1b: Primarina|[spread] p1b
|-miss|p2b: Tyranitar|p1a: Arcanine
|-damage|p1b: Primarina|12/100
|move|p1a: Arcanine|Rock Slide|p2a: Electabuzz|[spread] p2a
|-miss|p1a: Arcanine|p2b: Tyranitar
|-damage|p2a: Electabuzz|21/100
|move|p1b: Primarina|Hyper Voice|p2b: Tyranitar|[spread] p2a,p2b
|-damage|p2a: Electabuzz|0 fnt
|-damage|p2b: Tyranitar|65/100
|faint|p2a: Electabuzz
|
|-weather|Sandstorm|[upkeep]
|-damage|p2b: Tyranitar|60/100|[from] Sandstorm
|-damage|p1a: Arcanine|72/100|[from] Sandstorm
|-damage|p1b: Primarina|6/100|[from] Sandstorm
|upkeep
|inactive|RickCtrl has 30 seconds left.
|
|t:|1757731353
|switch|p2a: Ursaluna|Ursaluna-Bloodmoon, L50, M|100/100
|turn|3
|
|t:|1757731364
|switch|p1a: Indeedee|Indeedee, L50, M|100/100
|-fieldstart|move: Psychic Terrain|[from] ability: Psychic Surge|[of] p1a: Indeedee
|switch|p1b: Drifblim|Drifblim, L50, F|100/100
|-enditem|p1b: Drifblim|Psychic Seed
|-boost|p1b: Drifblim|spd|1|[from] item: Psychic Seed
|move|p2b: Tyranitar|Low Kick|p1a: Indeedee
|-damage|p1a: Indeedee|55/100
|move|p2a: Ursaluna|Hyper Voice|p1a: Indeedee|[spread] p1a,p1b
|-damage|p1a: Indeedee|0 fnt
|-damage|p1b: Drifblim|65/100
|faint|p1a: Indeedee
|-damage|p2a: Ursaluna|91/100|[from] item: Life Orb
|
|-weather|Sandstorm|[upkeep]
|-damage|p1b: Drifblim|59/100|[from] Sandstorm
|-damage|p2b: Tyranitar|54/100|[from] Sandstorm
|upkeep
|
|t:|1757731388
|switch|p1a: Primarina|Primarina, L50, M|6/100
|turn|4
|
|t:|1757731412
|switch|p1a: Arcanine|Arcanine-Hisui, L50, F, tera:Grass|72/100
|-ability|p1a: Arcanine|Intimidate|boost
|-unboost|p2a: Ursaluna|atk|1
|-fail|p2b: Tyranitar|unboost|[from] item: Clear Amulet|[of] p2b: Tyranitar
|move|p2b: Tyranitar|Protect|p2b: Tyranitar
|-singleturn|p2b: Tyranitar|Protect
|move|p2a: Ursaluna|Protect|p2a: Ursaluna
|-singleturn|p2a: Ursaluna|Protect
|move|p1b: Drifblim|Tailwind|p1b: Drifblim
|-sidestart|p1: Jakobtc|move: Tailwind
|
|-weather|Sandstorm|[upkeep]
|-damage|p1b: Drifblim|53/100|[from] Sandstorm
|-damage|p1a: Arcanine|65/100|[from] Sandstorm
|-damage|p2b: Tyranitar|48/100|[from] Sandstorm
|upkeep
|turn|5
|inactive|RickCtrl has 30 seconds left.
|
|t:|1757731440
|move|p1b: Drifblim|Strength Sap|p2a: Ursaluna
|-unboost|p2a: Ursaluna|atk|1
|-heal|p1b: Drifblim|72/100
|move|p1a: Arcanine|Rock Slide|p2b: Tyranitar|[spread] p2a
|-miss|p1a: Arcanine|p2b: Tyranitar
|-resisted|p2a: Ursaluna
|-damage|p2a: Ursaluna|75/100
|move|p2b: Tyranitar|Knock Off|p1a: Arcanine
|-damage|p1a: Arcanine|5/100
|-enditem|p1a: Arcanine|Choice Band|[from] move: Knock Off|[of] p2b: Tyranitar
|cant|p2a: Ursaluna|flinch
|
|-weather|none
|upkeep
|turn|6
|inactive|RickCtrl has 30 seconds left.
|inactive|Jakobtc has 30 seconds left.
|
|t:|1757731476
|move|p2b: Tyranitar|Protect|p2b: Tyranitar
|-singleturn|p2b: Tyranitar|Protect
|move|p1b: Drifblim|Will-O-Wisp|p2b: Tyranitar
|-activate|p2b: Tyranitar|move: Protect
|move|p1a: Arcanine|Close Combat|p2a: Ursaluna
|-supereffective|p2a: Ursaluna
|-damage|p2a: Ursaluna|15/100
|-unboost|p1a: Arcanine|def|1
|-unboost|p1a: Arcanine|spd|1
|move|p2a: Ursaluna|Hyper Voice|p1a: Arcanine|[spread] p1a,p1b
|-crit|p1b: Drifblim
|-damage|p1a: Arcanine|0 fnt
|-damage|p1b: Drifblim|0 fnt
|faint|p1a: Arcanine
|faint|p1b: Drifblim
|-damage|p2a: Ursaluna|5/100|[from] item: Life Orb
|
|upkeep
|
|t:|1757731498
|switch|p1b: Primarina|Primarina, L50, M|6/100
|turn|7
|c|☆Jakobtc|the amount of bad luck this hole game
|inactive|RickCtrl has 30 seconds left.
|
|t:|1757731532
|move|p1b: Primarina|Hyper Voice|p2b: Tyranitar|[spread] p2a,p2b
|-supereffective|p2a: Ursaluna
|-damage|p2a: Ursaluna|0 fnt
|-damage|p2b: Tyranitar|13/100
|faint|p2a: Ursaluna
|move|p2b: Tyranitar|Knock Off|p1b: Primarina
|-resisted|p1b: Primarina
|-damage|p1b: Primarina|0 fnt
|-enditem|p1b: Primarina|Mystic Water|[from] move: Knock Off|[of] p2b: Tyranitar
|faint|p1b: Primarina
|
|win|RickCtrl
|raw|Jakobtc's rating: 1198 → 1168(-30 for losing)
|raw|RickCtrl's rating: 1128 → 1158(+30 for winning)
