|j|☆dhrx
|j|☆jcoisa
|html|dhrxjcoisa    
|uhtml|bestof|Game 2 of a best-of-3
|t:|1783783186
|gametype|doubles
|player|p1|dhrx|lucian|
|player|p2|jcoisa|101|
|gen|9
|tier|[Gen 9 Champions] VGC 2026 Reg M-B (Bo3)
|rule|Species Clause: Limit one of each Pokémon
|rule|Item Clause: Limit 1 of each item
|clearpoke
|poke|p1|Lopunny, L50, M|
|poke|p1|Ceruledge, L50, F|
|poke|p1|Farigiraf, L50, F|
|poke|p1|Basculegion, L50, M|
|poke|p1|Ninetales-Alola, L50, M|
|poke|p1|Kingambit, L50, M|
|poke|p2|Pelipper, L50, F|
|poke|p2|Archaludon, L50, M|
|poke|p2|Basculegion, L50, M|
|poke|p2|Scizor, L50, M|
|poke|p2|Gengar, L50, F|
|poke|p2|Politoed, L50, M|
|teampreview|4
|showteam|p1|Lopunny||Lopunnite|CuteCharm|FakeOut,CloseCombat,Encore,Uturn|Jolly||M|||50|]Ceruledge||ColburBerry|FlashFire|Protect,BitterBlade,ShadowSneak,BulkUp|Adamant||F|||50|]Farigiraf||SitrusBerry|ArmorTail|Thunderbolt,PsychicFangs,TrickRoom,HelpingHand|Relaxed||F|||50|]Basculegion||ChoiceScarf|Adaptability|FlipTurn,LastRespects,AquaJet,WaveCrash|Jolly||M|||50|]Ninetales-Alola||NeverMeltIce|SnowWarning|Blizzard,FreezeDry,AuroraVeil,Protect|Timid||M|||50|]Kingambit||BlackGlasses|Defiant|KowtowCleave,SuckerPunch,SwordsDance,Protect|Adamant||M|||50|
|showteam|p2|Pelipper||FocusSash|Drizzle|Hurricane,Tailwind,Uturn,MuddyWater|Timid||F|||50|]Archaludon||Leftovers|Stamina|ElectroShot,FlashCannon,Protect,DracoMeteor|Modest||M|||50|]Basculegion||MysticWater|SwiftSwim|Protect,LastRespects,AquaJet,WaveCrash|Jolly||M|||50|]Scizor||Scizorite|Technician|BulletPunch,Uturn,CloseCombat,IronHead|Adamant||M|||50|]Gengar||Gengarite|CursedBody|ShadowBall,SludgeBomb,Hypnosis,Protect|Timid||F|||50|]Politoed||SitrusBerry|Drizzle|Protect,Hypnosis,PerishSong,MuddyWater|Calm||M|||50|
|
|t:|1783783240
|teamsize|p1|4
|teamsize|p2|4
|start
|switch|p1a: Ceruledge|Ceruledge, L50, F|100/100
|switch|p1b: Basculegion|Basculegion, L50, M|100/100
|switch|p2a: Basculegion|Basculegion, L50, M|100/100
|switch|p2b: Scizor|Scizor, L50, M|100/100
|turn|1
|
|t:|1783783264
|switch|p1a: Farigiraf|Farigiraf, L50, F|100/100
|detailschange|p2b: Scizor|Scizor-Mega, L50, M
|-mega|p2b: Scizor|Scizor|Scizorite
|move|p2a: Basculegion|Aqua Jet||[still]
|cant|p1a: Farigiraf|ability: Armor Tail|Aqua Jet|[of] p2a: Basculegion
|move|p1b: Basculegion|Wave Crash|p2b: Scizor
|-damage|p2b: Scizor|43/100
|-damage|p1b: Basculegion|83/100|[from] Recoil
|move|p2b: Scizor|U-turn|p1a: Farigiraf
|-supereffective|p1a: Farigiraf|1
|-damage|p1a: Farigiraf|27/100
|-enditem|p1a: Farigiraf|Sitrus Berry|[eat]
|-heal|p1a: Farigiraf|52/100|[from] item: Sitrus Berry
|
|t:|1783783285
|switch|p2b: Archaludon|Archaludon, L50, M|100/100|[from] U-turn
|
|upkeep
|turn|2
|
|t:|1783783303
|switch|p1b: Ceruledge|Ceruledge, L50, F|100/100
|move|p2b: Archaludon|Protect|p2b: Archaludon
|-singleturn|p2b: Archaludon|Protect
|move|p2a: Basculegion|Last Respects|p1b: Ceruledge
|-supereffective|p1b: Ceruledge|1
|-damage|p1b: Ceruledge|49/100
|move|p1a: Farigiraf|Thunderbolt|p2a: Basculegion
|-supereffective|p2a: Basculegion|1
|-damage|p2a: Basculegion|47/100
|
|upkeep
|turn|3
|
|t:|1783783332
|move|p1a: Farigiraf|Helping Hand|p1b: Ceruledge
|-singleturn|p1b: Ceruledge|Helping Hand|[of] p1a: Farigiraf
|move|p2a: Basculegion|Protect|p2a: Basculegion
|-singleturn|p2a: Basculegion|Protect
|move|p1b: Ceruledge|Shadow Sneak|p2a: Basculegion
|-activate|p2a: Basculegion|move: Protect
|move|p2b: Archaludon|Draco Meteor|p1a: Farigiraf
|-damage|p1a: Farigiraf|0 fnt
|-unboost|p2b: Archaludon|spa|2
|faint|p1a: Farigiraf
|
|upkeep
|
|t:|1783783346
|switch|p1a: Ninetales|Ninetales-Alola, L50, M|100/100
|-weather|Snowscape|[from] ability: Snow Warning|[of] p1a: Ninetales
|turn|4
|
|t:|1783783357
|switch|p2a: Politoed|Politoed, L50, M|100/100
|-weather|RainDance|[from] ability: Drizzle|[of] p2a: Politoed
|move|p1b: Ceruledge|Protect|p1b: Ceruledge
|-singleturn|p1b: Ceruledge|Protect
|move|p1a: Ninetales|Freeze-Dry|p2a: Politoed
|-supereffective|p2a: Politoed|1
|-damage|p2a: Politoed|59/100
|move|p2b: Archaludon|Electro Shot||[still]
|-prepare|p2b: Archaludon|Electro Shot
|-boost|p2b: Archaludon|spa|1
|-anim|p2b: Archaludon|Electro Shot|p1a: Ninetales
|-damage|p1a: Ninetales|62/100
|
|-weather|RainDance|[upkeep]
|upkeep
|turn|5
|
|t:|1783783384
|switch|p1b: Basculegion|Basculegion, L50, M|83/100
|move|p1a: Ninetales|Protect|p1a: Ninetales
|-singleturn|p1a: Ninetales|Protect
|move|p2b: Archaludon|Protect|p2b: Archaludon
|-singleturn|p2b: Archaludon|Protect
|move|p2a: Politoed|Muddy Water|p1a: Ninetales|[spread] p1b
|-activate|p1a: Ninetales|move: Protect
|-resisted|p1b: Basculegion|1
|-damage|p1b: Basculegion|64/100
|
|-weather|RainDance|[upkeep]
|upkeep
|turn|6
|
|t:|1783783405
|switch|p1a: Ceruledge|Ceruledge, L50, F|49/100
|move|p1b: Basculegion|Flip Turn|p2a: Politoed
|-resisted|p2a: Politoed|1
|-damage|p2a: Politoed|26/100
|-enditem|p2a: Politoed|Sitrus Berry|[eat]
|-heal|p2a: Politoed|51/100|[from] item: Sitrus Berry
|
|t:|1783783412
|switch|p1b: Ninetales|Ninetales-Alola, L50, M|62/100|[from] Flip Turn
|-weather|Snowscape|[from] ability: Snow Warning|[of] p1b: Ninetales
|move|p2b: Archaludon|Electro Shot||[still]
|-prepare|p2b: Archaludon|Electro Shot
|-boost|p2b: Archaludon|spa|1
|move|p2a: Politoed|Muddy Water|p1b: Ninetales|[spread] p1a,p1b
|-supereffective|p1a: Ceruledge|1
|-damage|p1a: Ceruledge|4/100
|-damage|p1b: Ninetales|38/100
|
|-weather|Snowscape|[upkeep]
|upkeep
|turn|7
|
|t:|1783783431
|move|p2a: Politoed|Protect|p2a: Politoed
|-singleturn|p2a: Politoed|Protect
|move|p1b: Ninetales|Blizzard|p2a: Politoed|[spread] p2b
|-activate|p2a: Politoed|move: Protect
|-damage|p2b: Archaludon|49/100
|-ability|p2b: Archaludon|Stamina|boost
|-boost|p2b: Archaludon|def|1
|move|p2b: Archaludon|Electro Shot|p1b: Ninetales|[from] lockedmove
|-damage|p1b: Ninetales|0 fnt
|faint|p1b: Ninetales
|move|p1a: Ceruledge|Bitter Blade|p2b: Archaludon
|-damage|p2b: Archaludon|28/100
|-heal|p1a: Ceruledge|16/100|[from] drain|[of] p2b: Archaludon
|-ability|p2b: Archaludon|Stamina|boost
|-boost|p2b: Archaludon|def|1
|
|-weather|Snowscape|[upkeep]
|-heal|p2b: Archaludon|34/100|[from] item: Leftovers
|upkeep
|
|t:|1783783447
|switch|p1b: Basculegion|Basculegion, L50, M|64/100
|turn|8
|
|t:|1783783464
|move|p2b: Archaludon|Protect|p2b: Archaludon
|-singleturn|p2b: Archaludon|Protect
|move|p1b: Basculegion|Last Respects|p2b: Archaludon
|-activate|p2b: Archaludon|move: Protect
|move|p1a: Ceruledge|Bitter Blade|p2a: Politoed
|-resisted|p2a: Politoed|1
|-damage|p2a: Politoed|23/100
|-heal|p1a: Ceruledge|32/100|[from] drain|[of] p2a: Politoed
|move|p2a: Politoed|Muddy Water|p1b: Basculegion|[spread] p1a,p1b
|-supereffective|p1a: Ceruledge|1
|-resisted|p1b: Basculegion|1
|-damage|p1a: Ceruledge|0 fnt
|-damage|p1b: Basculegion|52/100
|faint|p1a: Ceruledge
|
|-weather|Snowscape|[upkeep]
|-heal|p2b: Archaludon|40/100|[from] item: Leftovers
|upkeep
|turn|9
|
|t:|1783783488
|switch|p2b: Scizor|Scizor-Mega, L50, M|43/100
|move|p1b: Basculegion|Last Respects|p2b: Scizor
|-damage|p2b: Scizor|0 fnt
|faint|p2b: Scizor
|move|p2a: Politoed|Hypnosis|p1b: Basculegion|[miss]
|-miss|p2a: Politoed|p1b: Basculegion
|
|-weather|Snowscape|[upkeep]
|upkeep
|
|t:|1783783499
|switch|p2b: Archaludon|Archaludon, L50, M|40/100
|turn|10
|
|t:|1783783508
|move|p1b: Basculegion|Last Respects|p2b: Archaludon
|-damage|p2b: Archaludon|0 fnt
|faint|p2b: Archaludon
|move|p2a: Politoed|Hypnosis|p1b: Basculegion|[miss]
|-miss|p2a: Politoed|p1b: Basculegion
|
|-weather|none
|upkeep
|
|t:|1783783517
|switch|p2b: Basculegion|Basculegion, L50, M|47/100
|turn|11
|
|t:|1783783524
|move|p1b: Basculegion|Last Respects|p2b: Basculegion
|-supereffective|p2b: Basculegion|1
|-damage|p2b: Basculegion|0 fnt
|faint|p2b: Basculegion
|move|p2a: Politoed|Hypnosis|p1b: Basculegion
|-status|p1b: Basculegion|slp|[from] move: Hypnosis
|
|upkeep
|turn|12
|
|t:|1783783532
|cant|p1b: Basculegion|slp
|move|p2a: Politoed|Perish Song|p2a: Politoed
|-start|p1b: Basculegion|perish3|[silent]
|-start|p2a: Politoed|perish3|[silent]
|-fieldactivate|move: Perish Song
|
|-start|p1b: Basculegion|perish3
|-start|p2a: Politoed|perish3
|upkeep
|turn|13
|
|t:|1783783543
|-curestatus|p1b: Basculegion|slp|[msg]
|move|p1b: Basculegion|Last Respects|p2a: Politoed
|-damage|p2a: Politoed|0 fnt
|faint|p2a: Politoed
|
|win|dhrx
