|j|☆boncuss
|j|☆baggead
|html|boncussbaggead    
|uhtml|bestof|Game 1 of a best-of-3
|t:|1757739284
|gametype|doubles
|player|p1|boncuss|wattson|1265
|player|p2|baggead|1|1153
|gen|9
|tier|[Gen 9] VGC 2025 Reg H (Bo3)
|rated|
|rule|Species Clause: Limit one of each Pokémon
|rule|Item Clause: Limit 1 of each item
|clearpoke
|poke|p1|Garganacl, L50, F|
|poke|p1|Tyranitar, L50, F|
|poke|p1|Glimmora, L50, F|
|poke|p1|Talonflame, L50, F|
|poke|p1|Excadrill, L50, M|
|poke|p1|Gastrodon, L50, F|
|poke|p2|Vivillon-Fancy, L50, M|
|poke|p2|Garchomp, L50, F|
|poke|p2|Primarina, L50, M|
|poke|p2|Incineroar, L50, M|
|poke|p2|Gholdengo, L50|
|poke|p2|Porygon2, L50|
|teampreview|4
|showteam|p1|Garganacl||Leftovers|PurifyingSalt|SaltCure,Avalanche,WideGuard,Protect|||F|||50|,,,,,Grass]Tyranitar||AssaultVest|SandStream|RockSlide,KnockOff,LashOut,IcePunch|||F|||50|,,,,,Flying]Glimmora||PowerHerb|ToxicDebris|MeteorBeam,SpikyShield,SludgeBomb,EarthPower|||F|||50|,,,,,Grass]Talonflame||CovertCloak|GaleWings|DualWingbeat,FlareBlitz,Tailwind,WillOWisp|||F|||50|,,,,,Flying]Excadrill||SitrusBerry|SandRush|IronHead,Earthquake,SwordsDance,Protect|||M|||50|,,,,,Ghost]Gastrodon||LifeOrb|StormDrain|EarthPower,MuddyWater,IceBeam,Protect|||F|||50|,,,,,Fire
|showteam|p2|Vivillon-Fancy||FocusSash|CompoundEyes|Hurricane,SleepPowder,RagePowder,Protect|||M|||50|,,,,,Ghost]Garchomp||LifeOrb|RoughSkin|Earthquake,DragonClaw,StompingTantrum,Protect|||F|||50|,,,,,Water]Primarina||SitrusBerry|LiquidVoice|HyperVoice,Moonblast,Haze,Protect|||M|||50|,,,,,Grass]Incineroar||SafetyGoggles|Intimidate|FakeOut,FlareBlitz,PartingShot,KnockOff|||M|||50|,,,,,Ghost]Gholdengo||MetalCoat|GoodasGold|MakeItRain,ShadowBall,NastyPlot,Protect||||||50|,,,,,Dragon]Porygon2||Eviolite|Download|TeraBlast,IceBeam,Recover,TrickRoom||||||50|,,,,,Fighting
|inactive|Battle timer is ON: inactive players will automatically lose when time's up. (requested by baggead)
|inactive|boncuss also wants the timer to be on.
|
|t:|1757739306
|teamsize|p1|4
|teamsize|p2|4
|start
|switch|p1a: Glimmora|Glimmora, L50, F|100/100
|switch|p1b: Garganacl|Garganacl, L50, F|100/100
|switch|p2a: Garchomp|Garchomp, L50, F|100/100
|switch|p2b: Vivillon|Vivillon-Fancy, L50, M|100/100
|turn|1
|inactive|boncuss has 30 seconds left.
|
|t:|1757739332
|move|p1a: Glimmora|Spiky Shield|p1a: Glimmora
|-singleturn|p1a: Glimmora|move: Protect
|move|p2a: Garchomp|Earthquake|p1a: Glimmora|[spread] p1b
|-activate|p1a: Glimmora|move: Protect
|-immune|p2b: Vivillon
|-supereffective|p1b: Garganacl
|-damage|p1b: Garganacl|25/100
|-damage|p2a: Garchomp|91/100|[from] item: Life Orb
|move|p2b: Vivillon|Sleep Powder|p1a: Glimmora
|-activate|p1a: Glimmora|move: Protect
|move|p1b: Garganacl|Salt Cure|p2b: Vivillon
|-supereffective|p2b: Vivillon
|-enditem|p2b: Vivillon|Focus Sash
|-damage|p2b: Vivillon|1/100
|-start|p2b: Vivillon|Salt Cure
|
|-heal|p1b: Garganacl|31/100|[from] item: Leftovers
|-damage|p2b: Vivillon|0 fnt|[from] Salt Cure
|faint|p2b: Vivillon
|upkeep
|
|t:|1757739354
|switch|p2b: Gholdengo|Gholdengo, L50|100/100
|turn|2
|
|t:|1757739370
|-terastallize|p1a: Glimmora|Grass
|move|p1b: Garganacl|Wide Guard|p1b: Garganacl
|-singleturn|p1b: Garganacl|Wide Guard
|move|p2a: Garchomp|Stomping Tantrum|p1a: Glimmora
|-resisted|p1a: Glimmora
|-damage|p1a: Glimmora|66/100
|-activate|p1a: Glimmora|ability: Toxic Debris
|-sidestart|p2: baggead|move: Toxic Spikes
|-damage|p2a: Garchomp|81/100|[from] item: Life Orb
|move|p1a: Glimmora|Meteor Beam||[still]
|-prepare|p1a: Glimmora|Meteor Beam
|-boost|p1a: Glimmora|spa|1
|-enditem|p1a: Glimmora|Power Herb
|-anim|p1a: Glimmora|Meteor Beam|p2a: Garchomp
|-resisted|p2a: Garchomp
|-damage|p2a: Garchomp|25/100
|move|p2b: Gholdengo|Make It Rain|p1a: Glimmora|[spread] 
|-activate|p1a: Glimmora|move: Wide Guard
|-activate|p1b: Garganacl|move: Wide Guard
|
|-heal|p1b: Garganacl|37/100|[from] item: Leftovers
|upkeep
|turn|3
|
|t:|1757739391
|move|p1b: Garganacl|Wide Guard|p1b: Garganacl
|-singleturn|p1b: Garganacl|Wide Guard
|move|p2a: Garchomp|Stomping Tantrum|p1b: Garganacl
|-supereffective|p1b: Garganacl
|-damage|p1b: Garganacl|0 fnt
|faint|p1b: Garganacl
|-damage|p2a: Garchomp|16/100|[from] item: Life Orb
|move|p1a: Glimmora|Earth Power|p2b: Gholdengo
|-supereffective|p2b: Gholdengo
|-damage|p2b: Gholdengo|6/100
|move|p2b: Gholdengo|Make It Rain|p1a: Glimmora
|-activate|p1a: Glimmora|move: Wide Guard
|
|upkeep
|inactive|boncuss has 30 seconds left.
|
|t:|1757739425
|switch|p1b: Excadrill|Excadrill, L50, M|100/100
|turn|4
|
|t:|1757739437
|switch|p1a: Tyranitar|Tyranitar, L50, F|100/100
|-weather|Sandstorm|[from] ability: Sand Stream|[of] p1a: Tyranitar
|move|p2b: Gholdengo|Protect|p2b: Gholdengo
|-singleturn|p2b: Gholdengo|Protect
|move|p1b: Excadrill|Earthquake|p2b: Gholdengo|[spread] p1a,p2a
|-activate|p2b: Gholdengo|move: Protect
|-supereffective|p1a: Tyranitar
|-damage|p1a: Tyranitar|28/100
|-damage|p2a: Garchomp|0 fnt
|faint|p2a: Garchomp
|
|-weather|Sandstorm|[upkeep]
|upkeep
|
|t:|1757739444
|switch|p2a: Primarina|Primarina, L50, M|100/100
|-status|p2a: Primarina|psn
|turn|5
|
|t:|1757739466
|-terastallize|p2a: Primarina|Grass
|move|p1b: Excadrill|Earthquake|p2a: Primarina|[spread] p1a,p2a,p2b
|-supereffective|p1a: Tyranitar
|-resisted|p2a: Primarina
|-supereffective|p2b: Gholdengo
|-damage|p1a: Tyranitar|0 fnt
|-damage|p2a: Primarina|71/100 psn
|-damage|p2b: Gholdengo|0 fnt
|faint|p1a: Tyranitar
|faint|p2b: Gholdengo
|move|p2a: Primarina|Hyper Voice|p1b: Excadrill
|-supereffective|p1b: Excadrill
|-damage|p1b: Excadrill|0 fnt
|faint|p1b: Excadrill
|
|-weather|Sandstorm|[upkeep]
|-damage|p2a: Primarina|66/100 psn|[from] Sandstorm
|-damage|p2a: Primarina|53/100 psn|[from] psn
|upkeep
|
|t:|1757739470
|switch|p1b: Glimmora|Glimmora, L50, F, tera:Grass|66/100
|turn|6
|
|t:|1757739477
|move|p1b: Glimmora|Sludge Bomb|p2a: Primarina
|-supereffective|p2a: Primarina
|-damage|p2a: Primarina|0 fnt
|faint|p2a: Primarina
|
|win|boncuss
||baggead is ready for game 2.
|inactive|boncuss has 30 seconds to confirm battle start!
||boncuss is ready for game 2.
|uhtml|next|Next: Game 2 of 3
|l|☆boncuss
|player|p1|
|l|☆baggead
|player|p2|
