|j|☆Ggttmmhh
|j|☆dialghite
|html|Ggttmmhhdialghite    
|uhtml|bestof|Game 3 of a best-of-3
|t:|1755883543
|gametype|doubles
|player|p1|Ggttmmhh|102|1381
|player|p2|dialghite|volkner|1468
|gen|9
|tier|[Gen 9] VGC 2025 Reg H (Bo3)
|rated|
|rule|Species Clause: Limit one of each Pokémon
|rule|Item Clause: Limit 1 of each item
|clearpoke
|poke|p1|Malamar, L50, M|
|poke|p1|Ursaluna-Bloodmoon, L50, M|
|poke|p1|Zoroark-Hisui, L50, F|
|poke|p1|Gholdengo, L50|
|poke|p1|Dragonite, L50, F|
|poke|p1|Amoonguss, L50, M|
|poke|p2|Whimsicott, L50, F|
|poke|p2|Garchomp, L50, F|
|poke|p2|Indeedee, L50, M|
|poke|p2|Sneasler, L50, F|
|poke|p2|Ursaluna-Bloodmoon, L50, M|
|poke|p2|Archaludon, L50, F|
|teampreview|4
|showteam|p1|Malamar||AguavBerry|Contrary|Superpower,TopsyTurvy,TrickRoom,KnockOff|||M|||50|,,,,,Fire]Ursaluna-Bloodmoon||LifeOrb|MindsEye|Protect,HyperVoice,EarthPower,BloodMoon|||M|||50|,,,,,Normal]Zoroark-Hisui||FocusSash|Illusion|Taunt,FakeTears,HyperVoice,ShadowBall|||F|||50|,,,,,Stellar]Gholdengo||MetalCoat|GoodasGold|Protect,NastyPlot,MakeItRain,ShadowBall||||||50|,,,,,Water]Dragonite||LoadedDice|Multiscale|Protect,Encore,Tailwind,ScaleShot|||F|||50|,,,,,Fairy]Amoonguss||MentalHerb|EffectSpore|Protect,PollenPuff,RagePowder,Spore|||M|||50|,,,,,Fire
|showteam|p2|Whimsicott||CovertCloak|Prankster|Moonblast,Taunt,Tailwind,FakeTears|||F|||50|,,,,,Water]Garchomp||LoadedDice|RoughSkin|ScaleShot,StompingTantrum,BrickBreak,Protect|||F|||50|,,,,,Steel]Indeedee||FocusSash|PsychicSurge|ExpandingForce,TeraBlast,Imprison,TrickRoom|||M|||50|,,,,,Psychic]Sneasler||PsychicSeed|Unburden|CloseCombat,DireClaw,ThroatChop,Protect|||F|||50|,,,,,Dark]Ursaluna-Bloodmoon||LifeOrb|MindsEye|HyperVoice,BloodMoon,EarthPower,Protect|||M|||50|,,,,,Normal]Archaludon||PowerHerb|Stalwart|ElectroShot,DragonPulse,Thunderbolt,Protect|||F|||50|,,,,,Electric
|inactive|Battle timer is ON: inactive players will automatically lose when time's up. (requested by dialghite)
|inactive|Ggttmmhh has 60 seconds left.
|inactive|Ggttmmhh has 30 seconds left.
|
|t:|1755883612
|teamsize|p1|4
|teamsize|p2|4
|start
|switch|p1a: Malamar|Malamar, L50, M|100/100
|switch|p1b: Amoonguss|Amoonguss, L50, M|100/100
|switch|p2a: Whimsicott|Whimsicott, L50, F|100/100
|switch|p2b: Ursaluna|Ursaluna-Bloodmoon, L50, M|100/100
|turn|1
|inactive|Ggttmmhh has 30 seconds left.
|
|t:|1755883641
|-terastallize|p2b: Ursaluna|Normal
|-terastallize|p1a: Malamar|Fire
|move|p1b: Amoonguss|Rage Powder|p1b: Amoonguss
|-singleturn|p1b: Amoonguss|move: Rage Powder
|move|p2a: Whimsicott|Moonblast|p1a: Malamar
|-resisted|p1a: Malamar
|-damage|p1a: Malamar|87/100
|-boost|p1a: Malamar|spa|1
|move|p2b: Ursaluna|Blood Moon|p1b: Amoonguss
|-damage|p1b: Amoonguss|0 fnt
|faint|p1b: Amoonguss
|-damage|p2b: Ursaluna|91/100|[from] item: Life Orb
|move|p1a: Malamar|Trick Room|p1a: Malamar
|-fieldstart|move: Trick Room|[of] p1a: Malamar
|
|upkeep
|
|t:|1755883655
|switch|p1b: Ursaluna|Ursaluna-Bloodmoon, L50, M|100/100
|turn|2
|inactive|Ggttmmhh has 30 seconds left.
|
|t:|1755883684
|move|p2b: Ursaluna|Protect|p2b: Ursaluna
|-singleturn|p2b: Ursaluna|Protect
|move|p1b: Ursaluna|Hyper Voice|p2b: Ursaluna|[spread] p2a
|-activate|p2b: Ursaluna|move: Protect
|-damage|p2a: Whimsicott|33/100
|-damage|p1b: Ursaluna|91/100|[from] item: Life Orb
|move|p1a: Malamar|Superpower|p2b: Ursaluna
|-activate|p2b: Ursaluna|move: Protect
|move|p2a: Whimsicott|Moonblast|p1b: Ursaluna
|-damage|p1b: Ursaluna|61/100
|
|upkeep
|turn|3
|inactive|dialghite has 30 seconds left.
|
|t:|1755883711
|switch|p2b: Garchomp|Garchomp, L50, F|100/100
|move|p2a: Whimsicott|Taunt|p1a: Malamar
|-start|p1a: Malamar|move: Taunt
|move|p1b: Ursaluna|Hyper Voice|p2a: Whimsicott|[spread] p2a,p2b
|-damage|p2a: Whimsicott|0 fnt
|-damage|p2b: Garchomp|49/100
|faint|p2a: Whimsicott
|-damage|p1b: Ursaluna|51/100|[from] item: Life Orb
|move|p1a: Malamar|Superpower|p2b: Garchomp
|-damage|p2b: Garchomp|18/100
|-boost|p1a: Malamar|atk|1
|-boost|p1a: Malamar|def|1
|-damage|p1a: Malamar|74/100|[from] ability: Rough Skin|[of] p2b: Garchomp
|
|upkeep
|
|t:|1755883730
|switch|p2a: Ursaluna|Ursaluna-Bloodmoon, L50, M, tera:Normal|91/100
|turn|4
|inactive|Ggttmmhh has 30 seconds left.
|
|t:|1755883758
|move|p2a: Ursaluna|Protect|p2a: Ursaluna
|-singleturn|p2a: Ursaluna|Protect
|move|p2b: Garchomp|Protect|p2b: Garchomp
|-singleturn|p2b: Garchomp|Protect
|move|p1b: Ursaluna|Hyper Voice|p2b: Garchomp|[spread] 
|-activate|p2a: Ursaluna|move: Protect
|-activate|p2b: Garchomp|move: Protect
|move|p1a: Malamar|Superpower|p2a: Ursaluna
|-activate|p2a: Ursaluna|move: Protect
|
|upkeep
|turn|5
|
|t:|1755883772
|move|p2a: Ursaluna|Protect||[still]
|-fail|p2a: Ursaluna
|move|p2b: Garchomp|Protect|p2b: Garchomp
|-singleturn|p2b: Garchomp|Protect
|move|p1b: Ursaluna|Hyper Voice|p2a: Ursaluna|[spread] p2a
|-activate|p2b: Garchomp|move: Protect
|-damage|p2a: Ursaluna|29/100
|-damage|p1b: Ursaluna|42/100|[from] item: Life Orb
|move|p1a: Malamar|Superpower|p2a: Ursaluna
|-supereffective|p2a: Ursaluna
|-damage|p2a: Ursaluna|0 fnt
|-boost|p1a: Malamar|atk|1
|-boost|p1a: Malamar|def|1
|faint|p2a: Ursaluna
|
|-end|p1a: Malamar|move: Taunt
|-fieldend|move: Trick Room
|upkeep
|
|t:|1755883776
|switch|p2a: Indeedee|Indeedee, L50, M|100/100
|-fieldstart|move: Psychic Terrain|[from] ability: Psychic Surge|[of] p2a: Indeedee
|turn|6
|inactive|Ggttmmhh has 30 seconds left.
|inactive|Ggttmmhh has 20 seconds left.
|inactive|Ggttmmhh has 15 seconds left.
|inactive|Ggttmmhh has 10 seconds left.
|inactive|Ggttmmhh has 5 seconds left.
|
|t:|1755883828
|move|p1b: Ursaluna|Protect|p1b: Ursaluna
|-singleturn|p1b: Ursaluna|Protect
|move|p2b: Garchomp|Stomping Tantrum|p1a: Malamar
|-supereffective|p1a: Malamar
|-damage|p1a: Malamar|30/100
|move|p2a: Indeedee|Expanding Force|p1a: Malamar|[spread] p1a
|-activate|p1b: Ursaluna|move: Protect
|-damage|p1a: Malamar|0 fnt
|faint|p1a: Malamar
|
|upkeep
|
|t:|1755883836
|switch|p1a: Gholdengo|Gholdengo, L50|100/100
|turn|7
|
|t:|1755883846
|move|p2b: Garchomp|Stomping Tantrum|p1a: Gholdengo
|-supereffective|p1a: Gholdengo
|-damage|p1a: Gholdengo|15/100
|move|p2a: Indeedee|Expanding Force|p1b: Ursaluna|[spread] p1a,p1b
|-resisted|p1a: Gholdengo
|-damage|p1a: Gholdengo|0 fnt
|-damage|p1b: Ursaluna|0 fnt
|faint|p1a: Gholdengo
|faint|p1b: Ursaluna
|
|win|dialghite
|raw|Ggttmmhh's rating: 1381 → 1366(-15 for losing)
|raw|dialghite's rating: 1468 → 1483(+15 for winning)
