|j|☆Ruben1452
|j|☆Hadrian1917
|html|Ruben1452Hadrian1917    
|uhtml|bestof|Game 1 of a best-of-3
|t:|1756764723
|gametype|doubles
|player|p1|Ruben1452|hilbert-wonderlauncher|1107
|player|p2|Hadrian1917|1|1049
|gen|9
|tier|[Gen 9] VGC 2025 Reg H (Bo3)
|rated|
|rule|Species Clause: Limit one of each Pokémon
|rule|Item Clause: Limit 1 of each item
|clearpoke
|poke|p1|Archaludon, L50, F|
|poke|p1|Gholdengo, L50|
|poke|p1|Pelipper, L50, F|
|poke|p1|Ursaluna, L50, F|
|poke|p1|Sinistcha, L50|
|poke|p1|Dragonite, L50, F|
|poke|p2|Annihilape, L50, F|
|poke|p2|Dragonite, L50, F|
|poke|p2|Ursaluna-Bloodmoon, L50, M|
|poke|p2|Rillaboom, L50, F|
|poke|p2|Gholdengo, L50|
|poke|p2|Pelipper, L50, M|
|teampreview|4
|showteam|p1|Archaludon||AssaultVest|Stamina|FlashCannon,ElectroShot,BodyPress,Snarl|||F|||50|,,,,,Fighting]Gholdengo||ChoiceScarf|GoodasGold|MakeItRain,ShadowBall,ThunderWave,Trick||||||50|,,,,,Flying]Pelipper||SafetyGoggles|Drizzle|WeatherBall,Hurricane,Tailwind,Protect|||F|||50|,,,,,Steel]Ursaluna||FlameOrb|Guts|Facade,HeadlongRush,Earthquake,Protect|||F|||50|,,,,,Dragon]Sinistcha||SitrusBerry|Hospitality|MatchaGotcha,LifeDew,RagePowder,TrickRoom||||||50|,,,,,Fire]Dragonite||LoadedDice|Multiscale|ScaleShot,Tailwind,Haze,Protect|||F|||50|,,,,,Fairy
|showteam|p2|Annihilape||SitrusBerry|Defiant|DrainPunch,RageFist,BulkUp,Protect|||F|||50|,,,,,Fire]Dragonite||LoadedDice|Multiscale|ScaleShot,Haze,Tailwind,Protect|||F|||50|,,,,,Fairy]Ursaluna-Bloodmoon||AssaultVest|MindsEye|HyperVoice,EarthPower,BloodMoon,VacuumWave|||M|||50|,,,,,Dragon]Rillaboom||MiracleSeed|GrassySurge|GrassyGlide,Uturn,WoodHammer,FakeOut|||F|||50|,,,,,Fire]Gholdengo||LifeOrb|GoodasGold|Protect,NastyPlot,ShadowBall,MakeItRain||||||50|,,,,,Water]Pelipper||FocusSash|Drizzle|WeatherBall,Hurricane,WideGuard,Protect|||M|||50|,,,,,Ghost
|inactive|Battle timer is ON: inactive players will automatically lose when time's up. (requested by Ruben1452)
|inactive|Ruben1452 has 60 seconds left.
|inactive|Hadrian1917 has 60 seconds left.
|inactive|Hadrian1917 has 30 seconds left.
|inactive|Ruben1452 has 30 seconds left.
|inactive|Hadrian1917 has 20 seconds left.
|inactive|Ruben1452 has 20 seconds left.
|inactive|Hadrian1917 has 15 seconds left.
|inactive|Ruben1452 has 15 seconds left.
|inactive|Hadrian1917 has 10 seconds left.
|inactive|Ruben1452 has 10 seconds left.
|inactive|Ruben1452 has 5 seconds left.
|
|t:|1756764816
|teamsize|p1|4
|teamsize|p2|4
|start
|switch|p1a: Gholdengo|Gholdengo, L50|100/100
|switch|p1b: Dragonite|Dragonite, L50, F|100/100
|switch|p2a: Annihilape|Annihilape, L50, F|100/100
|switch|p2b: Dragonite|Dragonite, L50, F|100/100
|turn|1
|inactive|Ruben1452 has 30 seconds left.
|inactive|Hadrian1917 has 30 seconds left.
|inactive|Hadrian1917 has 20 seconds left.
|
|t:|1756764852
|-terastallize|p2b: Dragonite|Fairy
|move|p2a: Annihilape|Protect|p2a: Annihilape
|-singleturn|p2a: Annihilape|Protect
|move|p1a: Gholdengo|Trick|p2a: Annihilape
|-activate|p2a: Annihilape|move: Protect
|move|p2b: Dragonite|Tailwind|p2b: Dragonite
|-sidestart|p2: Hadrian1917|move: Tailwind
|move|p1b: Dragonite|Tailwind|p1b: Dragonite
|-sidestart|p1: Ruben1452|move: Tailwind
|
|upkeep
|turn|2
|inactive|Hadrian1917 has 30 seconds left.
|
|t:|1756764883
|switch|p2a: Ursaluna|Ursaluna-Bloodmoon, L50, M|100/100
|-terastallize|p1b: Dragonite|Fairy
|move|p1a: Gholdengo|Trick|p2a: Ursaluna
|-activate|p1a: Gholdengo|move: Trick|[of] p2a: Ursaluna
|-item|p2a: Ursaluna|Choice Scarf|[from] move: Trick
|-item|p1a: Gholdengo|Assault Vest|[from] move: Trick
|move|p2b: Dragonite|Scale Shot|p1a: Gholdengo
|-resisted|p1a: Gholdengo
|-damage|p1a: Gholdengo|91/100
|-resisted|p1a: Gholdengo
|-damage|p1a: Gholdengo|83/100
|-resisted|p1a: Gholdengo
|-damage|p1a: Gholdengo|75/100
|-resisted|p1a: Gholdengo
|-damage|p1a: Gholdengo|67/100
|-hitcount|p1a: Gholdengo|4
|-unboost|p2b: Dragonite|def|1
|-boost|p2b: Dragonite|spe|1
|move|p1b: Dragonite|Scale Shot|p2a: Ursaluna|[miss]
|-miss|p1b: Dragonite|p2a: Ursaluna
|
|upkeep
|turn|3
|inactive|Ruben1452 has 30 seconds left.
|inactive|Hadrian1917 has 30 seconds left.
|
|t:|1756764912
|switch|p1a: Pelipper|Pelipper, L50, F|100/100
|-weather|RainDance|[from] ability: Drizzle|[of] p1a: Pelipper
|move|p2b: Dragonite|Scale Shot|p1a: Pelipper
|-damage|p1a: Pelipper|85/100
|-damage|p1a: Pelipper|70/100
|-damage|p1a: Pelipper|53/100
|-crit|p1a: Pelipper
|-damage|p1a: Pelipper|27/100
|-hitcount|p1a: Pelipper|4
|-unboost|p2b: Dragonite|def|1
|-boost|p2b: Dragonite|spe|1
|move|p1b: Dragonite|Scale Shot|p2a: Ursaluna
|-damage|p2a: Ursaluna|90/100
|-damage|p2a: Ursaluna|78/100
|-damage|p2a: Ursaluna|68/100
|-damage|p2a: Ursaluna|57/100
|-hitcount|p2a: Ursaluna|4
|-unboost|p1b: Dragonite|def|1
|-boost|p1b: Dragonite|spe|1
|move|p2a: Ursaluna|Blood Moon|p1a: Pelipper
|-crit|p1a: Pelipper
|-damage|p1a: Pelipper|0 fnt
|faint|p1a: Pelipper
|
|-weather|RainDance|[upkeep]
|upkeep
|inactive|Ruben1452 has 30 seconds left.
|
|t:|1756764947
|switch|p1a: Ursaluna|Ursaluna, L50, F|100/100
|turn|4
|inactive|Hadrian1917 has 30 seconds left.
|
|t:|1756764977
|switch|p2a: Rillaboom|Rillaboom, L50, F|100/100
|-fieldstart|move: Grassy Terrain|[from] ability: Grassy Surge|[of] p2a: Rillaboom
|move|p1a: Ursaluna|Protect|p1a: Ursaluna
|-singleturn|p1a: Ursaluna|Protect
|move|p2b: Dragonite|Scale Shot|p1a: Ursaluna
|-activate|p1a: Ursaluna|move: Protect
|move|p1b: Dragonite|Haze|p1b: Dragonite
|-clearallboost
|
|-weather|RainDance|[upkeep]
|-sideend|p1: Ruben1452|move: Tailwind
|-sideend|p2: Hadrian1917|move: Tailwind
|-status|p1a: Ursaluna|brn|[from] item: Flame Orb
|upkeep
|turn|5
|inactive|Ruben1452 has 30 seconds left.
|inactive|Ruben1452 has 20 seconds left.
|inactive|Ruben1452 has 15 seconds left.
|
|t:|1756765019
|move|p1b: Dragonite|Tailwind|p1b: Dragonite
|-sidestart|p1: Ruben1452|move: Tailwind
|move|p1a: Ursaluna|Facade|p2a: Rillaboom
|-damage|p2a: Rillaboom|0 fnt
|faint|p2a: Rillaboom
|move|p2b: Dragonite|Scale Shot|p1a: Ursaluna
|-damage|p1a: Ursaluna|89/100 brn
|-damage|p1a: Ursaluna|77/100 brn
|-damage|p1a: Ursaluna|66/100 brn
|-damage|p1a: Ursaluna|54/100 brn
|-damage|p1a: Ursaluna|42/100 brn
|-hitcount|p1a: Ursaluna|5
|-unboost|p2b: Dragonite|def|1
|-boost|p2b: Dragonite|spe|1
|
|-weather|RainDance|[upkeep]
|-heal|p1a: Ursaluna|48/100 brn|[from] Grassy Terrain
|-damage|p1a: Ursaluna|42/100 brn|[from] brn
|upkeep
|inactive|Hadrian1917 has 30 seconds left.
|inactive|Hadrian1917 has 20 seconds left.
|
|t:|1756765058
|switch|p2a: Ursaluna|Ursaluna-Bloodmoon, L50, M|57/100
|turn|6
|inactive|Ruben1452 has 30 seconds left.
|
|t:|1756765087
|move|p1b: Dragonite|Scale Shot|p2a: Ursaluna
|-damage|p2a: Ursaluna|47/100
|-damage|p2a: Ursaluna|35/100
|-damage|p2a: Ursaluna|25/100
|-damage|p2a: Ursaluna|13/100
|-damage|p2a: Ursaluna|2/100
|-hitcount|p2a: Ursaluna|5
|-unboost|p1b: Dragonite|def|1
|-boost|p1b: Dragonite|spe|1
|move|p2b: Dragonite|Scale Shot|p1a: Ursaluna
|-damage|p1a: Ursaluna|31/100 brn
|-damage|p1a: Ursaluna|20/100 brn
|-damage|p1a: Ursaluna|9/100 brn
|-damage|p1a: Ursaluna|0 fnt
|faint|p1a: Ursaluna
|-hitcount|p1: Ursaluna|4
|-unboost|p2b: Dragonite|def|1
|-boost|p2b: Dragonite|spe|1
|move|p2a: Ursaluna|Hyper Voice|p1b: Dragonite
|-damage|p1b: Dragonite|75/100
|
|-weather|RainDance|[upkeep]
|-heal|p1b: Dragonite|81/100|[from] Grassy Terrain
|-heal|p2a: Ursaluna|8/100|[from] Grassy Terrain
|upkeep
|
|t:|1756765102
|switch|p1a: Gholdengo|Gholdengo, L50|67/100
|turn|7
|inactive|Hadrian1917 has 30 seconds left.
|inactive|Hadrian1917 has 20 seconds left.
|inactive|Hadrian1917 has 15 seconds left.
|
|t:|1756765145
|move|p2b: Dragonite|Protect|p2b: Dragonite
|-singleturn|p2b: Dragonite|Protect
|move|p1b: Dragonite|Scale Shot|p2a: Ursaluna
|-damage|p2a: Ursaluna|0 fnt
|faint|p2a: Ursaluna
|-hitcount|p2: Ursaluna|1
|-unboost|p1b: Dragonite|def|1
|-boost|p1b: Dragonite|spe|1
|move|p1a: Gholdengo|Make It Rain|p2b: Dragonite
|-activate|p2b: Dragonite|move: Protect
|
|-weather|none
|-heal|p1b: Dragonite|87/100|[from] Grassy Terrain
|-heal|p1a: Gholdengo|73/100|[from] Grassy Terrain
|upkeep
|
|t:|1756765159
|switch|p2a: Annihilape|Annihilape, L50, F|100/100
|turn|8
|
|t:|1756765172
|move|p2a: Annihilape|Protect|p2a: Annihilape
|-singleturn|p2a: Annihilape|Protect
|move|p1b: Dragonite|Scale Shot|p2a: Annihilape
|-activate|p2a: Annihilape|move: Protect
|move|p1a: Gholdengo|Make It Rain|p2a: Annihilape|[spread] p2b
|-activate|p2a: Annihilape|move: Protect
|-supereffective|p2b: Dragonite
|-damage|p2b: Dragonite|39/100
|-unboost|p1a: Gholdengo|spa|1
|move|p2b: Dragonite|Tailwind|p2b: Dragonite
|-sidestart|p2: Hadrian1917|move: Tailwind
|
|-heal|p2b: Dragonite|45/100|[from] Grassy Terrain
|-heal|p1b: Dragonite|93/100|[from] Grassy Terrain
|-heal|p1a: Gholdengo|79/100|[from] Grassy Terrain
|-sideend|p1: Ruben1452|move: Tailwind
|-fieldend|move: Grassy Terrain
|upkeep
|turn|9
|inactive|Ruben1452 has 30 seconds left.
|inactive|Hadrian1917 has 30 seconds left.
|
|t:|1756765205
|move|p2b: Dragonite|Scale Shot|p1a: Gholdengo
|-resisted|p1a: Gholdengo
|-damage|p1a: Gholdengo|70/100
|-resisted|p1a: Gholdengo
|-damage|p1a: Gholdengo|62/100
|-resisted|p1a: Gholdengo
|-damage|p1a: Gholdengo|53/100
|-resisted|p1a: Gholdengo
|-damage|p1a: Gholdengo|45/100
|-hitcount|p1a: Gholdengo|4
|-unboost|p2b: Dragonite|def|1
|-boost|p2b: Dragonite|spe|1
|move|p2a: Annihilape|Rage Fist|p1a: Gholdengo
|-supereffective|p1a: Gholdengo
|-damage|p1a: Gholdengo|0 fnt
|faint|p1a: Gholdengo
|move|p1b: Dragonite|Scale Shot|p2a: Annihilape
|-damage|p2a: Annihilape|85/100
|-damage|p2a: Annihilape|70/100
|-damage|p2a: Annihilape|54/100
|-damage|p2a: Annihilape|38/100
|-enditem|p2a: Annihilape|Sitrus Berry|[eat]
|-heal|p2a: Annihilape|63/100|[from] item: Sitrus Berry
|-damage|p2a: Annihilape|48/100
|-hitcount|p2a: Annihilape|5
|-unboost|p1b: Dragonite|def|1
|-boost|p1b: Dragonite|spe|1
|
|upkeep
|turn|10
|inactive|Ruben1452 has 30 seconds left.
|inactive|Hadrian1917 has 30 seconds left.
|
|t:|1756765238
|move|p2b: Dragonite|Haze|p2b: Dragonite
|-clearallboost
|move|p2a: Annihilape|Rage Fist|p1b: Dragonite
|-crit|p1b: Dragonite
|-damage|p1b: Dragonite|0 fnt
|faint|p1b: Dragonite
|
|win|Hadrian1917
||Ruben1452 is ready for game 2.
|inactive|Hadrian1917 has 30 seconds to confirm battle start!
|inactive|Hadrian1917 has 20 seconds to confirm battle start!
|inactive|Hadrian1917 has 10 seconds to confirm battle start!
||Hadrian1917 is ready for game 2.
|uhtml|next|Next: Game 2 of 3
