|j|☆Polite Peony
|j|☆Acris
|html|Polite PeonyAcris    
|uhtml|bestof|Game 2 of a best-of-3
|t:|1757038009
|gametype|doubles
|player|p1|Polite Peony|lady|1131
|player|p2|Acris|102|1200
|gen|9
|tier|[Gen 9] VGC 2025 Reg H (Bo3)
|rated|
|rule|Species Clause: Limit one of each Pokémon
|rule|Item Clause: Limit 1 of each item
|clearpoke
|poke|p1|Gholdengo, L50|
|poke|p1|Whimsicott, L50, F|
|poke|p1|Indeedee, L50, M|
|poke|p1|Archaludon, L50, M|
|poke|p1|Ursaluna-Bloodmoon, L50, M|
|poke|p1|Sneasler, L50, F|
|poke|p2|Talonflame, L50, F|
|poke|p2|Garchomp, L50, F|
|poke|p2|Tyranitar, L50, F|
|poke|p2|Milotic, L50, F|
|poke|p2|Amoonguss, L50, M|
|poke|p2|Gholdengo, L50|
|teampreview|4
|showteam|p1|Gholdengo||ChoiceSpecs|GoodasGold|MakeItRain,DazzlingGleam,ShadowBall,Trick||||||50|,,,,,Fairy]Whimsicott||CovertCloak|Prankster|Moonblast,FakeTears,Tailwind,Taunt|||F|||50|,,,,,Water]Indeedee||FocusSash|PsychicSurge|ExpandingForce,Imprison,TeraBlast,TrickRoom|||M|||50|,,,,,Psychic]Archaludon||PowerHerb|Stalwart|Protect,DragonPulse,ElectroShot,Thunderbolt|||M|||50|,,,,,Electric]Ursaluna-Bloodmoon||LifeOrb|MindsEye|Protect,BloodMoon,EarthPower,HyperVoice|||M|||50|,,,,,Normal]Sneasler||PsychicSeed|Unburden|Protect,CloseCombat,DireClaw,ThroatChop|||F|||50|,,,,,Dark
|showteam|p2|Talonflame||CovertCloak|GaleWings|DualWingbeat,Tailwind,WillOWisp,Taunt|||F|||50|,,,,,Ghost]Garchomp||LifeOrb|RoughSkin|Protect,StompingTantrum,Earthquake,DragonClaw|||F|||50|,,,,,Steel]Tyranitar||AssaultVest|SandStream|RockSlide,KnockOff,LowKick,TeraBlast|||F|||50|,,,,,Flying]Milotic||SafetyGoggles|Competitive|Scald,IcyWind,Haze,Protect|||F|||50|,,,,,Dragon]Amoonguss||SitrusBerry|Regenerator|Protect,RagePowder,Spore,PollenPuff|||M|||50|,,,,,Water]Gholdengo||IronPlate|GoodasGold|MakeItRain,ShadowBall,NastyPlot,Protect||||||50|,,,,,Flying
|inactive|Battle timer is ON: inactive players will automatically lose when time's up. (requested by Acris)
|inactive|Polite Peony has 60 seconds left.
|
|t:|1757038079
|teamsize|p1|4
|teamsize|p2|4
|start
|switch|p1a: Indeedee|Indeedee, L50, M|100/100
|switch|p1b: Sneasler|Sneasler, L50, F|100/100
|switch|p2a: Talonflame|Talonflame, L50, F|100/100
|switch|p2b: Tyranitar|Tyranitar, L50, F|100/100
|-fieldstart|move: Psychic Terrain|[from] ability: Psychic Surge|[of] p1a: Indeedee
|-enditem|p1b: Sneasler|Psychic Seed
|-boost|p1b: Sneasler|spd|1|[from] item: Psychic Seed
|-weather|Sandstorm|[from] ability: Sand Stream|[of] p2b: Tyranitar
|turn|1
|inactive|Polite Peony has 30 seconds left.
|inactive|Acris has 30 seconds left.
|inactive|Polite Peony has 20 seconds left.
|inactive|Polite Peony has 15 seconds left.
|
|t:|1757038126
|-terastallize|p2b: Tyranitar|Flying
|move|p1b: Sneasler|Protect|p1b: Sneasler
|-singleturn|p1b: Sneasler|Protect
|move|p2a: Talonflame|Will-O-Wisp|p1b: Sneasler
|-activate|p1b: Sneasler|move: Protect
|move|p1a: Indeedee|Expanding Force|p2b: Tyranitar|[spread] p2a,p2b
|-damage|p2a: Talonflame|24/100
|-damage|p2b: Tyranitar|73/100
|move|p2b: Tyranitar|Knock Off|p1a: Indeedee
|-supereffective|p1a: Indeedee
|-enditem|p1a: Indeedee|Focus Sash
|-damage|p1a: Indeedee|1/100
|
|-weather|Sandstorm|[upkeep]
|-damage|p1b: Sneasler|95/100|[from] Sandstorm
|-damage|p2a: Talonflame|18/100|[from] Sandstorm
|-damage|p1a: Indeedee|0 fnt|[from] Sandstorm
|-damage|p2b: Tyranitar|67/100|[from] Sandstorm
|faint|p1a: Indeedee
|upkeep
|
|t:|1757038145
|switch|p1a: Archaludon|Archaludon, L50, M, shiny|100/100
|turn|2
|
|t:|1757038165
|switch|p2b: Garchomp|Garchomp, L50, F|100/100
|-terastallize|p1a: Archaludon|Electric
|move|p1b: Sneasler|Throat Chop|p2a: Talonflame
|-damage|p2a: Talonflame|0 fnt
|faint|p2a: Talonflame
|move|p1a: Archaludon|Electro Shot||[still]
|-prepare|p1a: Archaludon|Electro Shot
|-boost|p1a: Archaludon|spa|1
|-enditem|p1a: Archaludon|Power Herb
|-anim|p1a: Archaludon|Electro Shot|p2b: Garchomp
|-immune|p2b: Garchomp
|
|-weather|Sandstorm|[upkeep]
|-damage|p1b: Sneasler|89/100|[from] Sandstorm
|-damage|p1a: Archaludon|94/100|[from] Sandstorm
|upkeep
|
|t:|1757038180
|switch|p2a: Gholdengo|Gholdengo, L50|100/100
|turn|3
|
|t:|1757038192
|move|p1a: Archaludon|Protect|p1a: Archaludon
|-singleturn|p1a: Archaludon|Protect
|move|p2a: Gholdengo|Protect|p2a: Gholdengo
|-singleturn|p2a: Gholdengo|Protect
|move|p1b: Sneasler|Throat Chop|p2a: Gholdengo
|-activate|p2a: Gholdengo|move: Protect
|move|p2b: Garchomp|Earthquake|p1a: Archaludon|[spread] p1b
|-activate|p2a: Gholdengo|move: Protect
|-activate|p1a: Archaludon|move: Protect
|-supereffective|p1b: Sneasler
|-damage|p1b: Sneasler|0 fnt
|faint|p1b: Sneasler
|-damage|p2b: Garchomp|91/100|[from] item: Life Orb
|
|-weather|Sandstorm|[upkeep]
|-damage|p1a: Archaludon|88/100|[from] Sandstorm
|upkeep
|
|t:|1757038196
|switch|p1b: Whimsicott|Whimsicott, L50, F|100/100
|turn|4
|
|t:|1757038215
|move|p1b: Whimsicott|Tailwind|p1b: Whimsicott
|-sidestart|p1: Polite Peony|move: Tailwind
|move|p1a: Archaludon|Dragon Pulse|p2b: Garchomp
|-supereffective|p2b: Garchomp
|-damage|p2b: Garchomp|0 fnt
|faint|p2b: Garchomp
|move|p2a: Gholdengo|Nasty Plot|p2a: Gholdengo
|-boost|p2a: Gholdengo|spa|2
|
|-weather|Sandstorm|[upkeep]
|-damage|p1b: Whimsicott|95/100|[from] Sandstorm
|-damage|p1a: Archaludon|82/100|[from] Sandstorm
|upkeep
|
|t:|1757038220
|switch|p2b: Tyranitar|Tyranitar, L50, F, tera:Flying|67/100
|turn|5
|inactive|Polite Peony has 30 seconds left.
|inactive|Polite Peony has 20 seconds left.
|
|t:|1757038256
|move|p1b: Whimsicott|Moonblast|p2a: Gholdengo
|-resisted|p2a: Gholdengo
|-damage|p2a: Gholdengo|86/100
|-unboost|p2a: Gholdengo|spa|1
|move|p1a: Archaludon|Thunderbolt|p2a: Gholdengo
|-damage|p2a: Gholdengo|8/100
|move|p2a: Gholdengo|Shadow Ball|p1a: Archaludon
|-damage|p1a: Archaludon|0 fnt
|faint|p1a: Archaludon
|move|p2b: Tyranitar|Knock Off|p1b: Whimsicott
|-resisted|p1b: Whimsicott
|-damage|p1b: Whimsicott|63/100
|-enditem|p1b: Whimsicott|Covert Cloak|[from] move: Knock Off|[of] p2b: Tyranitar
|
|-weather|none
|-fieldend|move: Psychic Terrain
|upkeep
|turn|6
|-message|Polite Peony forfeited.
|
|win|Acris
|raw|Polite Peony's rating: 1131 → 1111(-20 for losing)
|raw|Acris's rating: 1200 → 1220(+20 for winning)
