|j|☆Sadasa14
|j|☆freyartchan
|html|Sadasa14freyartchan    
|uhtml|bestof|Game 2 of a best-of-3
|t:|1757702236
|gametype|doubles
|player|p1|Sadasa14|266|1040
|player|p2|freyartchan|kieran-champion|1127
|gen|9
|tier|[Gen 9] VGC 2025 Reg H (Bo3)
|rated|
|rule|Species Clause: Limit one of each Pokémon
|rule|Item Clause: Limit 1 of each item
|clearpoke
|poke|p1|Gholdengo, L50|
|poke|p1|Basculegion, L50, M|
|poke|p1|Politoed, L50, M|
|poke|p1|Archaludon, L50, F|
|poke|p1|Incineroar, L50, M|
|poke|p1|Sneasler, L50, M|
|poke|p2|Annihilape, L50, M|
|poke|p2|Maushold-Four, L50|
|poke|p2|Klefki, L50, F|
|poke|p2|Ninetales-Alola, L50, F|
|poke|p2|Sinistcha, L50|
|poke|p2|Ursaluna-Bloodmoon, L50, M|
|teampreview|4
|showteam|p1|Gholdengo||ExpertBelt|GoodasGold|ShadowBall,MakeItRain,NastyPlot,Protect||||||50|,,,,,Water]Basculegion||LifeOrb|SwiftSwim|WaveCrash,LastRespects,IceFang,Protect|||M|||50|,,,,,Water]Politoed||SitrusBerry|Drizzle|WeatherBall,Encore,PerishSong,Protect|||M|||50|,,,,,Grass]Archaludon||PowerHerb|Sturdy|DracoMeteor,ElectroShot,FlashCannon,Protect|||F|||50|,,,,,Grass]Incineroar||SafetyGoggles|Intimidate|KnockOff,PartingShot,FakeOut,WillOWisp|||M|||50|,,,,,Ghost]Sneasler||FocusSash|Unburden|CloseCombat,DireClaw,RainDance,Protect|||M|||50|,,,,,Ghost
|showteam|p2|Annihilape||Leftovers|Defiant|RageFist,DrainPunch,BulkUp,Protect|||M|||50|,,,,,Fire]Maushold-Four||SafetyGoggles|FriendGuard|FollowMe,BeatUp,Taunt,Protect||||||50|,,,,,Ghost]Klefki||LightClay|Prankster|DazzlingGleam,Reflect,LightScreen,MistyTerrain|||F|||50|,,,,,Ghost]Ninetales-Alola||FocusSash|SnowWarning|Blizzard,FreezeDry,Encore,Protect|||F|||50|,,,,,Ghost]Sinistcha||SitrusBerry|Hospitality|MatchaGotcha,LifeDew,RagePowder,TrickRoom||||||50|,,,,,Dark]Ursaluna-Bloodmoon||AssaultVest|MindsEye|BloodMoon,EarthPower,HyperVoice,VacuumWave|||M|||50|,,,,,Water
|
|t:|1757702269
|teamsize|p1|4
|teamsize|p2|4
|start
|switch|p1a: Basculegion|Basculegion, L50, M|100/100
|switch|p1b: Sneasler|Sneasler, L50, M|100/100
|switch|p2a: Annihilape|Annihilape, L50, M|100/100
|switch|p2b: Maushold|Maushold-Four, L50|100/100
|turn|1
|inactive|Battle timer is ON: inactive players will automatically lose when time's up. (requested by Sadasa14)
|inactive|freyartchan has 60 seconds left.
|
|t:|1757702312
|-terastallize|p1a: Basculegion|Water
|move|p2b: Maushold|Follow Me|p2b: Maushold
|-singleturn|p2b: Maushold|move: Follow Me
|move|p1b: Sneasler|Close Combat|p2b: Maushold
|-supereffective|p2b: Maushold
|-damage|p2b: Maushold|0 fnt
|-unboost|p1b: Sneasler|def|1
|-unboost|p1b: Sneasler|spd|1
|faint|p2b: Maushold
|move|p2a: Annihilape|Bulk Up|p2a: Annihilape
|-boost|p2a: Annihilape|atk|1
|-boost|p2a: Annihilape|def|1
|move|p1a: Basculegion|Wave Crash|p2a: Annihilape
|-damage|p2a: Annihilape|38/100
|-damage|p1a: Basculegion|79/100|[from] Recoil
|-damage|p1a: Basculegion|69/100|[from] item: Life Orb
|
|-heal|p2a: Annihilape|45/100|[from] item: Leftovers
|upkeep
|
|t:|1757702332
|switch|p2b: Klefki|Klefki, L50, F|100/100
|turn|2
|inactive|Sadasa14 has 30 seconds left.
|
|t:|1757702358
|move|p2a: Annihilape|Protect|p2a: Annihilape
|-singleturn|p2a: Annihilape|Protect
|move|p2b: Klefki|Reflect|p2b: Klefki
|-sidestart|p2: freyartchan|Reflect
|move|p1b: Sneasler|Rain Dance|p1b: Sneasler
|-weather|RainDance
|move|p1a: Basculegion|Wave Crash|p2a: Annihilape
|-activate|p2a: Annihilape|move: Protect
|
|-weather|RainDance|[upkeep]
|-heal|p2a: Annihilape|51/100|[from] item: Leftovers
|upkeep
|turn|3
|inactive|freyartchan has 30 seconds left.
|inactive|freyartchan has 20 seconds left.
|
|t:|1757702394
|move|p2b: Klefki|Misty Terrain|p2b: Klefki
|-fieldstart|move: Misty Terrain
|move|p1a: Basculegion|Wave Crash|p2a: Annihilape
|-damage|p2a: Annihilape|0 fnt
|faint|p2a: Annihilape
|-damage|p1a: Basculegion|51/100|[from] Recoil
|-damage|p1a: Basculegion|41/100|[from] item: Life Orb
|move|p1b: Sneasler|Close Combat|p2b: Klefki
|-damage|p2b: Klefki|58/100
|-unboost|p1b: Sneasler|def|1
|-unboost|p1b: Sneasler|spd|1
|
|-weather|RainDance|[upkeep]
|upkeep
|
|t:|1757702408
|switch|p2a: Ursaluna|Ursaluna-Bloodmoon, L50, M|100/100
|turn|4
|inactive|freyartchan has 30 seconds left.
|
|t:|1757702434
|-terastallize|p2a: Ursaluna|Water
|move|p1a: Basculegion|Wave Crash|p2b: Klefki
|-damage|p2b: Klefki|0 fnt
|faint|p2b: Klefki
|-damage|p1a: Basculegion|25/100|[from] Recoil
|-damage|p1a: Basculegion|16/100|[from] item: Life Orb
|move|p1b: Sneasler|Close Combat|p2a: Ursaluna
|-damage|p2a: Ursaluna|69/100
|-unboost|p1b: Sneasler|def|1
|-unboost|p1b: Sneasler|spd|1
|move|p2a: Ursaluna|Hyper Voice|p1b: Sneasler|[spread] p1a,p1b
|-damage|p1a: Basculegion|0 fnt
|-enditem|p1b: Sneasler|Focus Sash
|-damage|p1b: Sneasler|1/100
|faint|p1a: Basculegion
|
|-weather|RainDance|[upkeep]
|upkeep
|
|t:|1757702449
|switch|p1a: Archaludon|Archaludon, L50, F|100/100
|turn|5
|
|t:|1757702459
|move|p1b: Sneasler|Close Combat|p2a: Ursaluna
|-damage|p2a: Ursaluna|39/100
|-unboost|p1b: Sneasler|def|1
|-unboost|p1b: Sneasler|spd|1
|move|p1a: Archaludon|Electro Shot||[still]
|-prepare|p1a: Archaludon|Electro Shot
|-boost|p1a: Archaludon|spa|1
|-anim|p1a: Archaludon|Electro Shot|p2a: Ursaluna
|-supereffective|p2a: Ursaluna
|-damage|p2a: Ursaluna|0 fnt
|faint|p2a: Ursaluna
|
|win|Sadasa14
|raw|Sadasa14's rating: 1040 → 1082(+42 for winning)
|raw|freyartchan's rating: 1127 → 1096(-31 for losing)
|c|☆Sadasa14|Gg
|c|☆Sadasa14|Wp
|c|☆freyartchan|gg
