|j|☆PR_sVava
|j|☆Martzone
|html|PR_sVavaMartzone    
|uhtml|bestof|Game 3 of a best-of-3
|t:|1755080338
|gametype|doubles
|player|p1|PR_sVava|pokemonbreeder-gen4|1219
|player|p2|Martzone|170|1140
|gen|9
|tier|[Gen 9] VGC 2025 Reg H (Bo3)
|rated|
|rule|Species Clause: Limit one of each Pokémon
|rule|Item Clause: Limit 1 of each item
|clearpoke
|poke|p1|Dondozo, L50, M|
|poke|p1|Tatsugiri, L50, F|
|poke|p1|Indeedee, L50, M|
|poke|p1|Sneasler, L50, M|
|poke|p1|Ursaluna-Bloodmoon, L50, M|
|poke|p1|Talonflame, L50, F|
|poke|p2|Kingambit, L50, M|
|poke|p2|Rillaboom, L50, M|
|poke|p2|Electabuzz, L50, F|
|poke|p2|Blaziken, L50, F|
|poke|p2|Dragapult, L50, M|
|poke|p2|Primarina, L50, F|
|teampreview|4
|showteam|p1|Dondozo||SafetyGoggles|Unaware|WaveCrash,Earthquake,OrderUp,Protect|||M|||50|,,,,,Steel]Tatsugiri||ChoiceScarf|Commander|MuddyWater,DracoMeteor,DragonPulse,IcyWind|||F|||50|,,,,,Ghost]Indeedee||FocusSash|PsychicSurge|ExpandingForce,Imprison,TrickRoom,HelpingHand|||M|||50|,,,,,Fairy]Sneasler||PsychicSeed|Unburden|CloseCombat,DireClaw,ThroatChop,Protect|||M|||50|,,,,,Dark]Ursaluna-Bloodmoon||LifeOrb|MindsEye|BloodMoon,HyperVoice,EarthPower,Protect|||M|||50|,,,,,Normal]Talonflame||CovertCloak|GaleWings|DualWingbeat,FlareBlitz,Tailwind,WillOWisp|||F|||50|,,,,,Fairy
|showteam|p2|Kingambit||AssaultVest|Defiant|KowtowCleave,IronHead,SuckerPunch,LowKick|||M|||50|,,,,,Fire]Rillaboom||MiracleSeed|GrassySurge|WoodHammer,GrassyGlide,Uturn,FakeOut|||M|||50|,,,,,Fire]Electabuzz||Eviolite|VitalSpirit|Thunderbolt,FollowMe,Taunt,Protect|||F|||50|,,,,,Dark]Blaziken||FocusSash|SpeedBoost|CloseCombat,FlareBlitz,Coaching,Protect|||F|||50|,,,,,Stellar]Dragapult||ChoiceBand|ClearBody|DragonDarts,PhantomForce,TeraBlast,Uturn|||M|||50|,,,,,Ghost]Primarina||SitrusBerry|LiquidVoice|HyperVoice,Moonblast,Haze,Protect|||F|||50|,,,,,Steel
|
|t:|1755080387
|teamsize|p1|4
|teamsize|p2|4
|start
|switch|p1a: Ursaluna|Ursaluna-Bloodmoon, L50, M|100/100
|switch|p1b: Talonflame|Talonflame, L50, F|100/100
|switch|p2a: Frah|Primarina, L50, F|100/100
|switch|p2b: Rocco|Electabuzz, L50, F|100/100
|turn|1
|
|t:|1755080433
|-terastallize|p1a: Ursaluna|Normal
|move|p2b: Rocco|Follow Me|p2b: Rocco
|-singleturn|p2b: Rocco|move: Follow Me
|move|p1b: Talonflame|Tailwind|p1b: Talonflame
|-sidestart|p1: PR_sVava|move: Tailwind
|move|p1a: Ursaluna|Hyper Voice|p2a: Frah|[spread] p2a,p2b
|-damage|p2a: Frah|41/100
|-damage|p2b: Rocco|42/100
|-enditem|p2a: Frah|Sitrus Berry|[eat]
|-heal|p2a: Frah|66/100|[from] item: Sitrus Berry
|-damage|p1a: Ursaluna|91/100|[from] item: Life Orb
|move|p2a: Frah|Hyper Voice|p1a: Ursaluna|[spread] p1a,p1b
|-supereffective|p1b: Talonflame
|-damage|p1a: Ursaluna|42/100
|-damage|p1b: Talonflame|0 fnt
|faint|p1b: Talonflame
|
|upkeep
|
|t:|1755080446
|switch|p1b: Dondozo|Dondozo, L50, M|100/100
|turn|2
|
|t:|1755080459
|switch|p2b: Ma77ias|Rillaboom, L50, M|100/100
|-fieldstart|move: Grassy Terrain|[from] ability: Grassy Surge|[of] p2b: Ma77ias
|move|p1b: Dondozo|Protect|p1b: Dondozo
|-singleturn|p1b: Dondozo|Protect
|move|p2a: Frah|Protect|p2a: Frah
|-singleturn|p2a: Frah|Protect
|move|p1a: Ursaluna|Hyper Voice|p2b: Ma77ias|[spread] p2b
|-activate|p2a: Frah|move: Protect
|-damage|p2b: Ma77ias|25/100
|-damage|p1a: Ursaluna|32/100|[from] item: Life Orb
|
|-heal|p1a: Ursaluna|38/100|[from] Grassy Terrain
|-heal|p2b: Ma77ias|31/100|[from] Grassy Terrain
|-heal|p2a: Frah|73/100|[from] Grassy Terrain
|upkeep
|turn|3
|
|t:|1755080478
|switch|p1b: Tatsugiri|Tatsugiri, L50, F|100/100
|move|p2b: Ma77ias|Grassy Glide|p1a: Ursaluna
|-damage|p1a: Ursaluna|4/100
|move|p1a: Ursaluna|Blood Moon|p2a: Frah
|-damage|p2a: Frah|0 fnt
|faint|p2a: Frah
|-damage|p1a: Ursaluna|0 fnt|[from] item: Life Orb
|faint|p1a: Ursaluna
|
|-heal|p2b: Ma77ias|37/100|[from] Grassy Terrain
|upkeep
|
|t:|1755080500
|switch|p1a: Dondozo|Dondozo, L50, M|100/100
|switch|p2a: FiondaCristo|Dragapult, L50, M|100/100
|-activate|p1b: Tatsugiri|ability: Commander|[of] p1a: Dondozo
|-boost|p1a: Dondozo|atk|2
|-boost|p1a: Dondozo|spa|2
|-boost|p1a: Dondozo|spe|2
|-boost|p1a: Dondozo|def|2
|-boost|p1a: Dondozo|spd|2
|turn|4
|
|t:|1755080514
|switch|p2b: Rocco|Electabuzz, L50, F|42/100
|-terastallize|p2a: FiondaCristo|Ghost
|move|p1a: Dondozo|Order Up|p2b: Rocco
|-damage|p2b: Rocco|8/100
|-boost|p1a: Dondozo|atk|1
|move|p2a: FiondaCristo|Tera Blast|p1a: Dondozo|[anim] Tera Blast Ghost
|-damage|p1a: Dondozo|70/100
|
|-heal|p1a: Dondozo|76/100|[from] Grassy Terrain
|-heal|p2b: Rocco|14/100|[from] Grassy Terrain
|-sideend|p1: PR_sVava|move: Tailwind
|upkeep
|turn|5
|
|t:|1755080533
|move|p2b: Rocco|Follow Me|p2b: Rocco
|-singleturn|p2b: Rocco|move: Follow Me
|move|p2a: FiondaCristo|Tera Blast|p1a: Dondozo|[anim] Tera Blast Ghost
|-damage|p1a: Dondozo|43/100
|move|p1a: Dondozo|Order Up|p2b: Rocco
|-crit|p2b: Rocco
|-damage|p2b: Rocco|0 fnt
|faint|p2b: Rocco
|-boost|p1a: Dondozo|atk|1
|
|-heal|p1a: Dondozo|49/100|[from] Grassy Terrain
|upkeep
|
|t:|1755080556
|switch|p2b: Ma77ias|Rillaboom, L50, M|37/100
|turn|6
|
|t:|1755080560
|move|p1a: Dondozo|Protect|p1a: Dondozo
|-singleturn|p1a: Dondozo|Protect
|move|p2b: Ma77ias|Fake Out|p1a: Dondozo
|-activate|p1a: Dondozo|move: Protect
|move|p2a: FiondaCristo|Tera Blast|p1a: Dondozo|[anim] Tera Blast Ghost
|-activate|p1a: Dondozo|move: Protect
|
|-heal|p1a: Dondozo|55/100|[from] Grassy Terrain
|-heal|p2b: Ma77ias|44/100|[from] Grassy Terrain
|-fieldend|move: Grassy Terrain
|upkeep
|turn|7
|
|t:|1755080572
|move|p2a: FiondaCristo|Tera Blast|p1a: Dondozo|[anim] Tera Blast Ghost
|-damage|p1a: Dondozo|25/100
|move|p1a: Dondozo|Order Up|p2b: Ma77ias
|-damage|p2b: Ma77ias|0 fnt
|faint|p2b: Ma77ias
|-boost|p1a: Dondozo|atk|1
|
|upkeep
|turn|8
|
|t:|1755080580
|move|p1a: Dondozo|Protect|p1a: Dondozo
|-singleturn|p1a: Dondozo|Protect
|move|p2a: FiondaCristo|Tera Blast|p1a: Dondozo|[anim] Tera Blast Ghost
|-activate|p1a: Dondozo|move: Protect
|
|upkeep
|turn|9
|
|t:|1755080585
|move|p2a: FiondaCristo|Tera Blast|p1a: Dondozo|[anim] Tera Blast Ghost
|-damage|p1a: Dondozo|0 fnt
|faint|p1a: Dondozo
|
|upkeep
|turn|10
|
|t:|1755080594
|move|p1b: Tatsugiri|Draco Meteor|p2a: FiondaCristo
|-damage|p2a: FiondaCristo|5/100
|-unboost|p1b: Tatsugiri|spa|2
|move|p2a: FiondaCristo|Tera Blast|p1b: Tatsugiri|[anim] Tera Blast Ghost
|-damage|p1b: Tatsugiri|0 fnt
|faint|p1b: Tatsugiri
|
|win|Martzone
|raw|PR_sVava's rating: 1219 → 1188(-31 for losing)
|raw|Martzone's rating: 1140 → 1171(+31 for winning)
|l|☆PR_sVava
|player|p1|
|l|☆Martzone
|player|p2|
|j|☆Martzone
|player|p2|Martzone|170|
