|j|☆Smoukingrad
|j|☆Realfrytki
|html|SmoukingradRealfrytki    
|uhtml|bestof|Game 3 of a best-of-3
|t:|1756121415
|gametype|doubles
|player|p1|Smoukingrad|kimonogirl|1193
|player|p2|Realfrytki|veteranf|1351
|gen|9
|tier|[Gen 9] VGC 2025 Reg H (Bo3)
|rated|
|rule|Species Clause: Limit one of each Pokémon
|rule|Item Clause: Limit 1 of each item
|clearpoke
|poke|p1|Whimsicott, L50, M|
|poke|p1|Ursaluna-Bloodmoon, L50, M|
|poke|p1|Archaludon, L50, F|
|poke|p1|Typhlosion-Hisui, L50, M|
|poke|p1|Indeedee-F, L50, F|
|poke|p1|Gallade, L50, M|
|poke|p2|Volcarona, L50, F|
|poke|p2|Rillaboom, L50, M|
|poke|p2|Dragonite, L50, F|
|poke|p2|Kingambit, L50, F|
|poke|p2|Sneasler, L50, F|
|poke|p2|Electabuzz, L50, F|
|teampreview|4
|showteam|p1|Whimsicott||CovertCloak|Prankster|Tailwind,Moonblast,SunnyDay,Encore|||M|||50|,,,,,Steel]Ursaluna-Bloodmoon||LifeOrb|MindsEye|EarthPower,BloodMoon,HyperVoice,Protect|||M|||50|,,,,,Normal]Archaludon||PowerHerb|Sturdy|ElectroShot,FlashCannon,Protect,DracoMeteor|||F|||50|,,,,,Stellar]Typhlosion-Hisui||ChoiceSpecs|Blaze|Eruption,HeatWave,ShadowBall,Flamethrower|||M|||50|,,,,,Fire]Indeedee-F||SafetyGoggles|PsychicSurge|TrickRoom,FollowMe,Imprison,Psychic|||F|||50|,,,,,Fairy]Gallade||ClearAmulet|Sharpness|TrickRoom,PsychoCut,SacredSword,WideGuard|||M|||50|,,,,,Grass
|showteam|p2|Volcarona||Leftovers|FlameBody|HeatWave,TeraBlast,QuiverDance,Protect|||F|||50|,,,,,Fairy]Rillaboom||MiracleSeed|GrassySurge|WoodHammer,GrassyGlide,FakeOut,HighHorsepower|||M|||50|,,,,,Fire]Dragonite||LoadedDice|Multiscale|ScaleShot,ExtremeSpeed,Haze,Protect|||F|||50|,,,,,Steel]Kingambit||AssaultVest|Defiant|KowtowCleave,SuckerPunch,IronHead,TeraBlast|||F|||50|,,,,,Flying]Sneasler||FocusSash|Unburden|CloseCombat,DireClaw,Coaching,FakeOut|||F|||50|,,,,,Stellar]Electabuzz||Eviolite|VitalSpirit|Thunderbolt,FollowMe,Taunt,Protect|||F|||50|,,,,,Ghost
|
|t:|1756121512
|teamsize|p1|4
|teamsize|p2|4
|start
|switch|p1a: Whimsicott|Whimsicott, L50, M|100/100
|switch|p1b: Typhlosion|Typhlosion-Hisui, L50, M|100/100
|switch|p2a: Sneasler|Sneasler, L50, F|100/100
|switch|p2b: Kingambit|Kingambit, L50, F|100/100
|turn|1
|
|t:|1756121545
|switch|p1a: Indeedee|Indeedee-F, L50, F|100/100
|-fieldstart|move: Psychic Terrain|[from] ability: Psychic Surge|[of] p1a: Indeedee
|-terastallize|p2b: Kingambit|Flying
|move|p2a: Sneasler|Dire Claw|p1a: Indeedee
|-damage|p1a: Indeedee|60/100
|-status|p1a: Indeedee|par
|move|p1b: Typhlosion|Heat Wave|p2b: Kingambit|[spread] p2a,p2b
|-damage|p2a: Sneasler|27/100
|-damage|p2b: Kingambit|66/100
|move|p2b: Kingambit|Kowtow Cleave|p1b: Typhlosion
|-supereffective|p1b: Typhlosion
|-damage|p1b: Typhlosion|0 fnt
|faint|p1b: Typhlosion
|
|upkeep
|
|t:|1756121568
|switch|p1b: Ursaluna|Ursaluna-Bloodmoon, L50, M|100/100
|turn|2
|
|t:|1756121580
|switch|p2a: Rillaboom|Rillaboom, L50, M|100/100
|-fieldstart|move: Grassy Terrain|[from] ability: Grassy Surge|[of] p2a: Rillaboom
|-terastallize|p1b: Ursaluna|Normal
|move|p1a: Indeedee|Follow Me|p1a: Indeedee
|-singleturn|p1a: Indeedee|move: Follow Me
|move|p1b: Ursaluna|Hyper Voice|p2b: Kingambit|[spread] p2a,p2b
|-damage|p2a: Rillaboom|23/100
|-damage|p2b: Kingambit|22/100
|-damage|p1b: Ursaluna|91/100|[from] item: Life Orb
|move|p2b: Kingambit|Kowtow Cleave|p1a: Indeedee
|-supereffective|p1a: Indeedee
|-damage|p1a: Indeedee|0 fnt
|faint|p1a: Indeedee
|
|-heal|p2a: Rillaboom|29/100|[from] Grassy Terrain
|-heal|p1b: Ursaluna|97/100|[from] Grassy Terrain
|upkeep
|
|t:|1756121593
|switch|p1a: Whimsicott|Whimsicott, L50, M|100/100
|turn|3
|
|t:|1756121604
|move|p2a: Rillaboom|Fake Out|p1b: Ursaluna
|-damage|p1b: Ursaluna|86/100
|move|p1a: Whimsicott|Tailwind|p1a: Whimsicott
|-sidestart|p1: Smoukingrad|move: Tailwind
|cant|p1b: Ursaluna|flinch
|move|p2b: Kingambit|Iron Head|p1a: Whimsicott
|-supereffective|p1a: Whimsicott
|-damage|p1a: Whimsicott|7/100
|
|-heal|p1a: Whimsicott|13/100|[from] Grassy Terrain
|-heal|p1b: Ursaluna|92/100|[from] Grassy Terrain
|-heal|p2a: Rillaboom|35/100|[from] Grassy Terrain
|upkeep
|turn|4
|
|t:|1756121625
|move|p1a: Whimsicott|Encore|p2a: Rillaboom
|-start|p2a: Rillaboom|Encore
|move|p2a: Rillaboom|Fake Out||[still]
|-hint|Fake Out only works on your first turn out.
|-fail|p2a: Rillaboom
|move|p2b: Kingambit|Sucker Punch|p1b: Ursaluna
|-damage|p1b: Ursaluna|59/100
|move|p1b: Ursaluna|Hyper Voice|p2b: Kingambit|[spread] p2a,p2b
|-damage|p2a: Rillaboom|0 fnt
|-damage|p2b: Kingambit|0 fnt
|faint|p2a: Rillaboom
|faint|p2b: Kingambit
|-damage|p1b: Ursaluna|50/100|[from] item: Life Orb
|
|-heal|p1a: Whimsicott|19/100|[from] Grassy Terrain
|-heal|p1b: Ursaluna|56/100|[from] Grassy Terrain
|upkeep
|
|t:|1756121639
|switch|p2a: Sneasler|Sneasler, L50, F|27/100
|switch|p2b: Dragonite|Dragonite, L50, F|100/100
|turn|5
|
|t:|1756121674
|move|p2a: Sneasler|Fake Out|p1b: Ursaluna
|-damage|p1b: Ursaluna|43/100
|move|p2b: Dragonite|Extreme Speed|p1a: Whimsicott
|-damage|p1a: Whimsicott|0 fnt
|faint|p1a: Whimsicott
|cant|p1b: Ursaluna|flinch
|
|-heal|p1b: Ursaluna|49/100|[from] Grassy Terrain
|-heal|p2a: Sneasler|33/100|[from] Grassy Terrain
|upkeep
|turn|6
|
|t:|1756121686
|move|p2b: Dragonite|Protect|p2b: Dragonite
|-singleturn|p2b: Dragonite|Protect
|move|p1b: Ursaluna|Hyper Voice|p2a: Sneasler|[spread] p2a
|-activate|p2b: Dragonite|move: Protect
|-damage|p2a: Sneasler|0 fnt
|faint|p2a: Sneasler
|-damage|p1b: Ursaluna|40/100|[from] item: Life Orb
|
|-heal|p1b: Ursaluna|45/100|[from] Grassy Terrain
|-sideend|p1: Smoukingrad|move: Tailwind
|-fieldend|move: Grassy Terrain
|upkeep
|turn|7
|
|t:|1756121698
|move|p2b: Dragonite|Scale Shot|p1b: Ursaluna
|-damage|p1b: Ursaluna|33/100
|-damage|p1b: Ursaluna|21/100
|-damage|p1b: Ursaluna|10/100
|-damage|p1b: Ursaluna|0 fnt
|faint|p1b: Ursaluna
|-hitcount|p1: Ursaluna|4
|
|win|Realfrytki
|raw|Smoukingrad's rating: 1193 → 1179(-14 for losing)
|raw|Realfrytki's rating: 1351 → 1362(+11 for winning)
