|j|☆Klefastra
|j|☆higigig
|html|Klefastrahigigig    
|uhtml|bestof|Game 2 of a best-of-3
|t:|1782576247
|gametype|doubles
|player|p1|Klefastra|shauntal|
|player|p2|higigig|170|
|gen|9
|tier|[Gen 9 Champions] VGC 2026 Reg M-B (Bo3)
|rule|Species Clause: Limit one of each Pokémon
|rule|Item Clause: Limit 1 of each item
|clearpoke
|poke|p1|Staraptor, L50, M|
|poke|p1|Glimmora, L50, F|
|poke|p1|Whimsicott, L50, F|
|poke|p1|Sinistcha, L50|
|poke|p1|Ninetales-Alola, L50, F|
|poke|p1|Hydreigon, L50, F|
|poke|p2|Sneasler, L50, F|
|poke|p2|Staraptor, L50, M|
|poke|p2|Sinistcha, L50|
|poke|p2|Kingambit, L50, M|
|poke|p2|Garchomp, L50, F|
|poke|p2|Manectric, L50, M|
|teampreview|4
|showteam|p1|Staraptor||Staraptite|Intimidate|Roost,CloseCombat,BraveBird,Protect|Adamant||M|||50|]Glimmora||Glimmoranite|ToxicDebris|PowerGem,SludgeBomb,EarthPower,SpikyShield|Timid||F|||50|]Whimsicott||FocusSash|Prankster|Tailwind,Charm,Moonblast,Protect|Timid||F|||50|]Sinistcha||SitrusBerry|Hospitality|StrengthSap,Protect,MatchaGotcha,RagePowder|Calm|||||50|]Ninetales-Alola||LightClay|SnowWarning|AuroraVeil,Blizzard,Moonblast,Protect|Timid||F|||50|]Hydreigon||ChoiceScarf|Levitate|DracoMeteor,DarkPulse,Snarl,EarthPower|Modest||F|||50|
|showteam|p2|Sneasler||FocusSash|PoisonTouch|FakeOut,CloseCombat,DireClaw,Coaching|Adamant||F|||50|]Staraptor||Staraptite|Intimidate|CloseCombat,BraveBird,Tailwind,Protect|Adamant||M|||50|]Sinistcha||SitrusBerry|Hospitality|MatchaGotcha,RagePowder,TrickRoom,Protect|Calm|||||50|]Kingambit||BlackGlasses|Defiant|SwordsDance,KowtowCleave,SuckerPunch,Protect|Adamant||M|||50|]Garchomp||ChoiceScarf|RoughSkin|Earthquake,DragonClaw,StompingTantrum,RockSlide|Jolly||F|||50|]Manectric||Manectite|LightningRod|Thunderbolt,Snarl,VoltSwitch,Protect|Timid||M|||50|
|inactive|Battle timer is ON: inactive players will automatically lose when time's up. (requested by higigig)
|j| Blizz.vg
|j| FDLHoya
|j| Autin Mago
|j| LunarMageMystia
|inactive|Klefastra has 60 seconds left.
|inactive|Klefastra has 30 seconds left.
|inactive|Klefastra has 20 seconds left.
|inactive|Klefastra has 15 seconds left.
|inactive|Klefastra has 10 seconds left.
|inactive|Klefastra has 5 seconds left.
|j| AngelasMachine
|
|t:|1782576337
|teamsize|p1|4
|teamsize|p2|4
|start
|switch|p1a: Whimsicott|Whimsicott, L50, F|100/100
|switch|p1b: Ninetales|Ninetales-Alola, L50, F|100/100
|switch|p2a: Sneasler|Sneasler, L50, F|100/100
|switch|p2b: Staraptor|Staraptor, L50, M|100/100
|-weather|Snowscape|[from] ability: Snow Warning|[of] p1b: Ninetales
|-ability|p2b: Staraptor|Intimidate|boost
|-unboost|p1a: Whimsicott|atk|1
|-unboost|p1b: Ninetales|atk|1
|turn|1
|l| LunarMageMystia
|inactive|Klefastra has 30 seconds left.
|inactive|Klefastra has 20 seconds left.
|
|t:|1782576376
|switch|p2b: Kingambit|Kingambit, L50, M|100/100
|move|p1a: Whimsicott|Tailwind|p1a: Whimsicott
|-sidestart|p1: Klefastra|move: Tailwind
|move|p1b: Ninetales|Aurora Veil|p1b: Ninetales
|-sidestart|p1: Klefastra|move: Aurora Veil
|move|p2a: Sneasler|Coaching|p2b: Kingambit
|-boost|p2b: Kingambit|atk|1
|-boost|p2b: Kingambit|def|1
|
|-weather|Snowscape|[upkeep]
|upkeep
|turn|2
|inactive|higigig has 30 seconds left.
|inactive|Klefastra has 30 seconds left.
|
|t:|1782576407
|move|p1b: Ninetales|Protect|p1b: Ninetales
|-singleturn|p1b: Ninetales|Protect
|move|p1a: Whimsicott|Charm|p2a: Sneasler
|-unboost|p2a: Sneasler|atk|2
|move|p2a: Sneasler|Dire Claw|p1a: Whimsicott
|-supereffective|p1a: Whimsicott|2
|-damage|p1a: Whimsicott|4/100
|-status|p1a: Whimsicott|par
|move|p2b: Kingambit|Swords Dance|p2b: Kingambit
|-boost|p2b: Kingambit|atk|2
|
|-weather|Snowscape|[upkeep]
|upkeep
|turn|3
|inactive|higigig has 30 seconds left.
|
|t:|1782576437
|move|p1b: Ninetales|Moonblast|p2b: Kingambit
|-crit|p2b: Kingambit
|-damage|p2b: Kingambit|56/100
|cant|p1a: Whimsicott|par
|move|p2a: Sneasler|Dire Claw|p1b: Ninetales
|-supereffective|p1b: Ninetales|1
|-damage|p1b: Ninetales|69/100
|-status|p1b: Ninetales|psn
|move|p2b: Kingambit|Kowtow Cleave|p1b: Ninetales
|-resisted|p1b: Ninetales|1
|-damage|p1b: Ninetales|24/100 psn
|
|-weather|Snowscape|[upkeep]
|-damage|p1b: Ninetales|12/100 psn|[from] psn
|upkeep
|turn|4
|inactive|higigig has 30 seconds left.
|
|t:|1782576468
|move|p2b: Kingambit|Protect|p2b: Kingambit
|-singleturn|p2b: Kingambit|Protect
|move|p1b: Ninetales|Blizzard|p2a: Sneasler|[spread] p2a
|-activate|p2b: Kingambit|move: Protect
|-damage|p2a: Sneasler|54/100
|move|p1a: Whimsicott|Moonblast|p2b: Kingambit
|-activate|p2b: Kingambit|move: Protect
|move|p2a: Sneasler|Dire Claw|p1a: Whimsicott
|-supereffective|p1a: Whimsicott|2
|-damage|p1a: Whimsicott|0 fnt
|faint|p1a: Whimsicott
|
|-weather|Snowscape|[upkeep]
|-damage|p1b: Ninetales|1/100 psn|[from] psn
|-sideend|p1: Klefastra|move: Tailwind
|upkeep
|
|t:|1782576482
|switch|p1a: Hydreigon|Hydreigon, L50, F|100/100
|turn|5
|j| tennerps
|
|t:|1782576502
|move|p2b: Kingambit|Sucker Punch|p1a: Hydreigon
|-resisted|p1a: Hydreigon|1
|-damage|p1a: Hydreigon|56/100
|move|p1a: Hydreigon|Earth Power|p2b: Kingambit
|-supereffective|p2b: Kingambit|1
|-damage|p2b: Kingambit|0 fnt
|faint|p2b: Kingambit
|move|p1b: Ninetales|Moonblast|p2a: Sneasler
|-damage|p2a: Sneasler|3/100
|-unboost|p2a: Sneasler|spa|1
|move|p2a: Sneasler|Dire Claw|p1b: Ninetales
|-supereffective|p1b: Ninetales|1
|-damage|p1b: Ninetales|0 fnt
|faint|p1b: Ninetales
|
|-weather|none
|upkeep
|
|t:|1782576515
|switch|p1b: Glimmora|Glimmora, L50, F|100/100
|switch|p2b: Staraptor|Staraptor, L50, M|100/100
|-ability|p2b: Staraptor|Intimidate|boost
|-unboost|p1a: Hydreigon|atk|1
|-unboost|p1b: Glimmora|atk|1
|turn|6
|inactive|higigig has 30 seconds left.
|
|t:|1782576542
|detailschange|p1b: Glimmora|Glimmora-Mega, L50, F
|-mega|p1b: Glimmora|Glimmora|Glimmoranite
|move|p2b: Staraptor|Protect|p2b: Staraptor
|-singleturn|p2b: Staraptor|Protect
|move|p1a: Hydreigon|Earth Power|p2a: Sneasler
|-supereffective|p2a: Sneasler|1
|-damage|p2a: Sneasler|0 fnt
|faint|p2a: Sneasler
|move|p1b: Glimmora|Power Gem|p2b: Staraptor
|-activate|p2b: Staraptor|move: Protect
|
|upkeep
|
|t:|1782576548
|switch|p2a: Manectric|Manectric, L50, M|100/100
|turn|7
|
|t:|1782576557
|detailschange|p2b: Staraptor|Staraptor-Mega, L50, M
|-mega|p2b: Staraptor|Staraptor|Staraptite
|move|p1a: Hydreigon|Earth Power|p2a: Manectric
|-supereffective|p2a: Manectric|1
|-damage|p2a: Manectric|0 fnt
|faint|p2a: Manectric
|move|p1b: Glimmora|Power Gem|p2b: Staraptor
|-damage|p2b: Staraptor|34/100
|move|p2b: Staraptor|Close Combat|p1b: Glimmora
|-damage|p1b: Glimmora|52/100
|-boost|p2b: Staraptor|def|1
|-boost|p2b: Staraptor|spd|1
|
|upkeep
|turn|8
|j| Lepotatochip
|
|t:|1782576570
|move|p1a: Hydreigon|Earth Power|p2b: Staraptor
|-immune|p2b: Staraptor
|move|p1b: Glimmora|Sludge Bomb|p2b: Staraptor
|-crit|p2b: Staraptor
|-damage|p2b: Staraptor|0 fnt
|faint|p2b: Staraptor
|
|win|Klefastra
|l| Lepotatochip
|l| tennerps
|c|☆Klefastra|GG
|c|☆higigig|ggwp
|l| Autin Mago
|l|☆higigig
|player|p2|
|l| FDLHoya
|l| Blizz.vg
|j|☆higigig
|player|p2|higigig|170|
