|j|☆x-demon18
|j|☆babysha
|html|x-demon18babysha    
|uhtml|bestof|Game 2 of a best-of-3
|t:|1783891908
|gametype|doubles
|player|p1|x-demon18|266|1172
|player|p2|babysha|102|1163
|gen|9
|tier|[Gen 9 Champions] VGC 2026 Reg M-B (Bo3)
|rated|
|rule|Species Clause: Limit one of each Pokémon
|rule|Item Clause: Limit 1 of each item
|clearpoke
|poke|p1|Incineroar, L50, M|
|poke|p1|Rotom-Wash, L50|
|poke|p1|Venusaur, L50, F|
|poke|p1|Garchomp, L50, M|
|poke|p1|Sylveon, L50, F|
|poke|p1|Corviknight, L50, M|
|poke|p2|Sneasler, L50, F|
|poke|p2|Floette-Eternal, L50, F|
|poke|p2|Aerodactyl, L50, F|
|poke|p2|Pelipper, L50, M|
|poke|p2|Sceptile, L50, F|
|poke|p2|Lycanroc-Dusk, L50, M|
|teampreview|4
|showteam|p1|Incineroar||ExpertBelt|Intimidate|FakeOut,TemperFlare,ThroatChop,PartingShot|Adamant||M|||50|]Rotom-Wash||SitrusBerry|Levitate|HydroPump,Electroweb,WillOWisp,VoltSwitch|Modest|||||50|]Venusaur||Venusaurite|Chlorophyll|GigaDrain,SludgeBomb,EarthPower,Protect|Modest||F|||50|]Garchomp||LifeOrb|RoughSkin|RockSlide,DragonClaw,StompingTantrum,Protect|Jolly||M|||50|]Sylveon||FairyFeather|Pixilate|HyperVoice,QuickAttack,Yawn,Detect|Modest||F|||50|]Corviknight||OccaBerry|MirrorArmor|Tailwind,BraveBird,IronHead,BodyPress|Careful||M|||50|
|showteam|p2|Sneasler||WhiteHerb|Unburden|FakeOut,DireClaw,CloseCombat,Protect|Jolly||F|||50|]Floette-Eternal||Floettite|FlowerVeil|CalmMind,LightofRuin,Moonblast,Protect|Timid||F|||50|]Aerodactyl||WideLens|Unnerve|Tailwind,DualWingbeat,RockSlide,WideGuard|Jolly||F|||50|]Pelipper||SharpBeak|Drizzle|Tailwind,Hurricane,WeatherBall,WideGuard|Modest||M|||50|]Sceptile||Sceptilite|Overgrow|GigaDrain,DragonPulse,EarthPower,Protect|Timid||F|||50|]Lycanroc-Dusk||FocusSash|ToughClaws|Accelerock,CloseCombat,RockSlide,Protect|Jolly||M|||50|
|inactive|Battle timer is ON: inactive players will automatically lose when time's up. (requested by babysha)
|inactive|x-demon18 has 60 seconds left.
|inactive|babysha has 60 seconds left.
|
|t:|1783891941
|teamsize|p1|4
|teamsize|p2|4
|start
|switch|p1a: Griffith|Corviknight, L50, M|100/100
|switch|p1b: HydroVolt|Rotom-Wash, L50|100/100
|switch|p2a: Sneasler|Sneasler, L50, F|100/100
|switch|p2b: Pelipper|Pelipper, L50, M|100/100
|-weather|RainDance|[from] ability: Drizzle|[of] p2b: Pelipper
|turn|1
|
|t:|1783891966
|move|p2a: Sneasler|Fake Out|p1b: HydroVolt
|-damage|p1b: HydroVolt|85/100
|cant|p1b: HydroVolt|flinch
|move|p1a: Griffith|Brave Bird|p2a: Sneasler
|-supereffective|p2a: Sneasler|1
|-damage|p2a: Sneasler|0 fnt
|faint|p2a: Sneasler
|-damage|p1a: Griffith|72/100|[from] Recoil
|move|p2b: Pelipper|Weather Ball|p1a: Griffith
|-damage|p1a: Griffith|9/100
|
|-weather|RainDance|[upkeep]
|upkeep
|
|t:|1783891980
|switch|p2a: Aerodactyl|Aerodactyl, L50, F|100/100
|-ability|p2a: Aerodactyl|Unnerve
|turn|2
|
|t:|1783891998
|move|p2a: Aerodactyl|Wide Guard|p2a: Aerodactyl
|-singleturn|p2a: Aerodactyl|Wide Guard
|move|p1b: HydroVolt|Electroweb|p2a: Aerodactyl|[spread] 
|-activate|p2a: Aerodactyl|move: Wide Guard
|-activate|p2b: Pelipper|move: Wide Guard
|move|p1a: Griffith|Tailwind|p1a: Griffith
|-sidestart|p1: x-demon18|move: Tailwind
|move|p2b: Pelipper|Weather Ball|p1a: Griffith
|-damage|p1a: Griffith|0 fnt
|faint|p1a: Griffith
|
|-weather|RainDance|[upkeep]
|upkeep
|
|t:|1783892013
|switch|p1a: Frieren|Sylveon, L50, F|100/100
|turn|3
|
|t:|1783892024
|move|p2b: Pelipper|Wide Guard|p2b: Pelipper
|-singleturn|p2b: Pelipper|Wide Guard
|move|p1b: HydroVolt|Volt Switch|p2b: Pelipper
|-supereffective|p2b: Pelipper|2
|-damage|p2b: Pelipper|0 fnt
|faint|p2b: Pelipper
|
|t:|1783892031
|switch|p1b: Yggdrasil|Venusaur, L50, F|100/100|[from] Volt Switch
|move|p2a: Aerodactyl|Tailwind|p2a: Aerodactyl
|-sidestart|p2: babysha|move: Tailwind
|move|p1a: Frieren|Yawn|p2a: Aerodactyl
|-start|p2a: Aerodactyl|move: Yawn|[of] p1a: Frieren
|
|-weather|RainDance|[upkeep]
|upkeep
|
|t:|1783892039
|switch|p2b: Floette|Floette-Eternal, L50, F|100/100
|turn|4
|inactive|babysha has 30 seconds left.
|
|t:|1783892074
|switch|p1b: HydroVolt|Rotom-Wash, L50|85/100
|detailschange|p2b: Floette|Floette-Mega, L50, F
|-mega|p2b: Floette|Floette|Floettite
|-ability|p2b: Floette|Fairy Aura
|move|p2a: Aerodactyl|Dual Wingbeat|p1b: HydroVolt
|-resisted|p1b: HydroVolt|1
|-damage|p1b: HydroVolt|76/100
|-resisted|p1b: HydroVolt|1
|-damage|p1b: HydroVolt|66/100
|-hitcount|p1b: HydroVolt|2
|move|p2b: Floette|Light of Ruin|p1a: Frieren
|-damage|p1a: Frieren|11/100
|-damage|p2b: Floette|44/100|[from] Recoil
|move|p1a: Frieren|Yawn|p2b: Floette
|-start|p2b: Floette|move: Yawn|[of] p1a: Frieren
|
|-weather|RainDance|[upkeep]
|-end|p2a: Aerodactyl|move: Yawn|[silent]
|-status|p2a: Aerodactyl|slp
|upkeep
|turn|5
|inactive|x-demon18 has 30 seconds left.
|inactive|babysha has 30 seconds left.
|
|t:|1783892101
|move|p1a: Frieren|Detect|p1a: Frieren
|-singleturn|p1a: Frieren|Protect
|cant|p2a: Aerodactyl|slp
|move|p2b: Floette|Moonblast|p1b: HydroVolt
|-damage|p1b: HydroVolt|0 fnt
|faint|p1b: HydroVolt
|
|-weather|none
|-end|p2b: Floette|move: Yawn|[silent]
|-status|p2b: Floette|slp
|-sideend|p1: x-demon18|move: Tailwind
|upkeep
|
|t:|1783892113
|switch|p1b: Yggdrasil|Venusaur, L50, F|100/100
|turn|6
|
|t:|1783892137
|detailschange|p1b: Yggdrasil|Venusaur-Mega, L50, F
|-mega|p1b: Yggdrasil|Venusaur|Venusaurite
|-curestatus|p2a: Aerodactyl|slp|[msg]
|move|p2a: Aerodactyl|Dual Wingbeat|p1b: Yggdrasil
|-supereffective|p1b: Yggdrasil|1
|-damage|p1b: Yggdrasil|70/100
|-supereffective|p1b: Yggdrasil|1
|-damage|p1b: Yggdrasil|40/100
|-hitcount|p1b: Yggdrasil|2
|cant|p2b: Floette|slp
|move|p1b: Yggdrasil|Sludge Bomb|p2b: Floette
|-supereffective|p2b: Floette|1
|-damage|p2b: Floette|0 fnt
|faint|p2b: Floette
|move|p1a: Frieren|Hyper Voice|p2a: Aerodactyl
|-damage|p2a: Aerodactyl|13/100
|
|-sideend|p2: babysha|move: Tailwind
|upkeep
|turn|7
|
|t:|1783892160
|move|p1a: Frieren|Quick Attack|p2a: Aerodactyl
|-damage|p2a: Aerodactyl|0 fnt
|faint|p2a: Aerodactyl
|
|win|x-demon18
|raw|x-demon18's rating: 1172 → 1196(+24 for winning)
|raw|babysha's rating: 1163 → 1139(-24 for losing)
|c|☆babysha|go rock slide go
|c|☆babysha|oh
