|j|☆Extroier
|j|☆Needels
|html|ExtroierNeedels    
|uhtml|bestof|Game 1 of a best-of-3
|t:|1756953566
|gametype|doubles
|player|p1|Extroier|265|1106
|player|p2|Needels|eusine|1116
|gen|9
|tier|[Gen 9] VGC 2025 Reg H (Bo3)
|rated|
|rule|Species Clause: Limit one of each Pokémon
|rule|Item Clause: Limit 1 of each item
|clearpoke
|poke|p1|Tinkaton, L50, F|
|poke|p1|Archaludon, L50, F|
|poke|p1|Sneasler, L50, M|
|poke|p1|Charizard, L50, M|
|poke|p1|Torkoal, L50, M|
|poke|p1|Clefairy, L50, F|
|poke|p2|Ursaluna, L50, M|
|poke|p2|Jumpluff, L50, F|
|poke|p2|Charizard, L50, F|
|poke|p2|Torkoal, L50, M|
|poke|p2|Incineroar, L50, M|
|poke|p2|Porygon2, L50|
|teampreview|4
|showteam|p1|Tinkaton||Leftovers|OwnTempo|SwordsDance,GigatonHammer,Protect,FakeOut|||F|||50|,,,,,Dragon]Archaludon||PowerHerb|Stamina|ElectroShot,DracoMeteor,SteelBeam,Protect|||F|||50|,,,,,Steel]Sneasler||FocusSash|Unburden|CloseCombat,DireClaw,Protect,Taunt|||M|||50|,,,,,Ghost]Charizard||CovertCloak|SolarPower|Flamethrower,Protect,AncientPower,SolarBeam|||M|||50|,,,,,Fire]Torkoal||ChoiceSpecs|Drought|HelpingHand,Eruption,Protect,Yawn|||M|||50|,,,,,Fire]Clefairy||Eviolite|FriendGuard|HelpingHand,Protect,FollowMe,LifeDew|||F|||50|,,,,,Grass
|showteam|p2|Ursaluna||FlameOrb|Guts|HeadlongRush,Facade,Earthquake,Protect|||M|||50|,,,,,Ghost]Jumpluff||CovertCloak|Chlorophyll|SleepPowder,SunnyDay,Tailwind,RagePowder|||F|||50|,,,,,Fire]Charizard||ChoiceSpecs|SolarPower|DragonPulse,HeatWave,Overheat,WeatherBall|||F|||50|,,,,,Ghost]Torkoal||EjectPack|Drought|HelpingHand,Eruption,Overheat,Protect|||M|||50|,,,,,Fire]Incineroar||SitrusBerry|Intimidate|FakeOut,FlareBlitz,KnockOff,PartingShot|||M|||50|,,,,,Ghost]Porygon2||Eviolite|Download|TeraBlast,IceBeam,Recover,TrickRoom||||||50|,,,,,Fighting
|
|t:|1756953603
|teamsize|p1|4
|teamsize|p2|4
|start
|switch|p1a: Clefairy|Clefairy, L50, F|100/100
|switch|p1b: Torkoal|Torkoal, L50, M|100/100
|switch|p2a: Porygon2|Porygon2, L50, shiny|100/100
|switch|p2b: Incineroar|Incineroar, L50, M|100/100
|-ability|p2b: Incineroar|Intimidate|boost
|-unboost|p1a: Clefairy|atk|1
|-unboost|p1b: Torkoal|atk|1
|-ability|p2a: Porygon2|Download|boost
|-boost|p2a: Porygon2|spa|1
|-weather|SunnyDay|[from] ability: Drought|[of] p1b: Torkoal
|turn|1
|inactive|Battle timer is ON: inactive players will automatically lose when time's up. (requested by Extroier)
|inactive|Needels has 60 seconds left.
|
|t:|1756953648
|switch|p2a: Ursaluna|Ursaluna, L50, M|100/100
|-terastallize|p1b: Torkoal|Fire
|move|p2b: Incineroar|Fake Out|p1b: Torkoal
|-damage|p1b: Torkoal|94/100
|move|p1a: Clefairy|Life Dew||[still]|[spread] p1a,p1b
|-fail|p1a: Clefairy|heal
|-heal|p1b: Torkoal|100/100
|cant|p1b: Torkoal|flinch
|
|-weather|SunnyDay|[upkeep]
|-status|p2a: Ursaluna|brn|[from] item: Flame Orb
|upkeep
|turn|2
|inactive|Needels has 30 seconds left.
|inactive|Needels has 20 seconds left.
|
|t:|1756953686
|move|p1a: Clefairy|Follow Me|p1a: Clefairy
|-singleturn|p1a: Clefairy|move: Follow Me
|move|p2b: Incineroar|Parting Shot|p1a: Clefairy
|-unboost|p1a: Clefairy|atk|1
|-unboost|p1a: Clefairy|spa|1
|
|t:|1756953693
|switch|p2b: Porygon2|Porygon2, L50, shiny|100/100|[from] Parting Shot
|-ability|p2b: Porygon2|Download|boost
|-boost|p2b: Porygon2|spa|1
|move|p2a: Ursaluna|Earthquake|p1b: Torkoal|[spread] p2b,p1a,p1b
|-supereffective|p1b: Torkoal
|-damage|p2b: Porygon2|54/100
|-damage|p1a: Clefairy|24/100
|-damage|p1b: Torkoal|29/100
|move|p1b: Torkoal|Eruption|p2b: Porygon2|[spread] p2a,p2b
|-damage|p2a: Ursaluna|63/100 brn
|-damage|p2b: Porygon2|30/100
|
|-weather|SunnyDay|[upkeep]
|-damage|p2a: Ursaluna|57/100 brn|[from] brn
|upkeep
|turn|3
|inactive|Needels has 30 seconds left.
|inactive|Needels has 20 seconds left.
|
|t:|1756953730
|move|p1a: Clefairy|Protect|p1a: Clefairy
|-singleturn|p1a: Clefairy|Protect
|move|p2a: Ursaluna|Facade|p1b: Torkoal
|-damage|p1b: Torkoal|0 fnt
|faint|p1b: Torkoal
|move|p2b: Porygon2|Recover|p2b: Porygon2
|-heal|p2b: Porygon2|80/100
|
|-weather|SunnyDay|[upkeep]
|-damage|p2a: Ursaluna|51/100 brn|[from] brn
|upkeep
|
|t:|1756953743
|switch|p1b: Charizard|Charizard, L50, M|100/100
|turn|4
|
|t:|1756953761
|switch|p1a: Sneasler|Sneasler, L50, M|100/100
|move|p2a: Ursaluna|Protect|p2a: Ursaluna
|-singleturn|p2a: Ursaluna|Protect
|move|p1b: Charizard|Flamethrower|p2b: Porygon2
|-damage|p2b: Porygon2|20/100
|move|p2b: Porygon2|Trick Room|p2b: Porygon2
|-fieldstart|move: Trick Room|[of] p2b: Porygon2
|
|-weather|SunnyDay|[upkeep]
|-damage|p1b: Charizard|88/100|[from] ability: Solar Power|[of] p1b: Charizard
|-damage|p2a: Ursaluna|45/100 brn|[from] brn
|upkeep
|turn|5
|inactive|Extroier has 30 seconds left.
|inactive|Needels has 30 seconds left.
|
|t:|1756953793
|move|p2b: Porygon2|Recover|p2b: Porygon2
|-heal|p2b: Porygon2|70/100
|move|p2a: Ursaluna|Facade|p1b: Charizard
|-damage|p1b: Charizard|0 fnt
|faint|p1b: Charizard
|move|p1a: Sneasler|Close Combat|p2a: Ursaluna
|-supereffective|p2a: Ursaluna
|-damage|p2a: Ursaluna|0 fnt
|-unboost|p1a: Sneasler|def|1
|-unboost|p1a: Sneasler|spd|1
|faint|p2a: Ursaluna
|
|-weather|none
|upkeep
|
|t:|1756953803
|switch|p2a: Torkoal|Torkoal, L50, M|100/100
|switch|p1b: Clefairy|Clefairy, L50, F|24/100
|-weather|SunnyDay|[from] ability: Drought|[of] p2a: Torkoal
|turn|6
|-message|Extroier forfeited.
|
|win|Needels
