|j|☆S4ndw1ch35
|j|☆castoriceball
|html|S4ndw1ch35castoriceball    
|uhtml|bestof|Game 2 of a best-of-3
|t:|1782182359
|gametype|doubles
|player|p1|S4ndw1ch35|dawn-gen4pt|1163
|player|p2|castoriceball|miku-flying|1196
|gen|9
|tier|[Gen 9 Champions] VGC 2026 Reg M-B (Bo3)
|rated|
|rule|Species Clause: Limit one of each Pokémon
|rule|Item Clause: Limit 1 of each item
|clearpoke
|poke|p1|Swampert, L50, M|
|poke|p1|Sinistcha-Masterpiece, L50, shiny|
|poke|p1|Pelipper, L50, F|
|poke|p1|Archaludon, L50, M|
|poke|p1|Metagross, L50|
|poke|p1|Liepard, L50, F|
|poke|p2|Dragonite, L50, F|
|poke|p2|Scovillain, L50, M|
|poke|p2|Grimmsnarl, L50, M|
|poke|p2|Gholdengo, L50|
|poke|p2|Tyranitar, L50, F|
|poke|p2|Sneasler, L50, M, shiny|
|teampreview|4
|showteam|p1|Swampert||Swampertite|Torrent|Earthquake,WaveCrash,IcePunch,Protect|Brave||M|||50|]Sinistcha-Masterpiece||CobaBerry|Hospitality|MatchaGotcha,LifeDew,Protect,RagePowder|Relaxed|||||50|]Pelipper||FocusSash|Drizzle|HelpingHand,Tailwind,Hurricane,WideGuard|Timid||F|||50|]Archaludon||Leftovers|Stamina|FlashCannon,ElectroShot,DragonPulse,Protect|Modest||M|||50|]Metagross||Metagrossite|ClearBody|BulletPunch,PsychicFangs,IcePunch,Protect|Adamant|||||50|]Liepard||ChopleBerry|Prankster|FakeOut,Yawn,Taunt,Uturn|Jolly||F|||50|
|showteam|p2|Dragonite||DragonFang|Multiscale|DragonClaw,ExtremeSpeed,Tailwind,Protect|Adamant||F|||50|]Scovillain||Scovillainite|Moody|Overheat,LeechSeed,RagePowder,Protect|Calm||M|||50|]Grimmsnarl||LightClay|Prankster|SpiritBreak,Reflect,LightScreen,PartingShot|Careful||M|||50|]Gholdengo||LifeOrb|GoodasGold|MakeItRain,ShadowBall,NastyPlot,Protect|Modest|||||50|]Tyranitar||Tyranitarite|SandStream|DragonDance,RockSlide,KnockOff,Protect|Adamant||F|||50|]Sneasler||WhiteHerb|Unburden|FakeOut,GunkShot,CloseCombat,Protect|Adamant||M|||50|
|
|t:|1782182382
|teamsize|p1|4
|teamsize|p2|4
|start
|switch|p1a: Pelipper|Pelipper, L50, F|100/100
|switch|p1b: Liepard|Liepard, L50, F|100/100
|switch|p2a: Grimmsnarl|Grimmsnarl, L50, M|100/100
|switch|p2b: Dragonite|Dragonite, L50, F|100/100
|-weather|RainDance|[from] ability: Drizzle|[of] p1a: Pelipper
|turn|1
|l|☆castoriceball
|player|p2|
|j|☆castoriceball
|player|p2|castoriceball|miku-flying|
|
|t:|1782182420
|move|p2b: Dragonite|Protect|p2b: Dragonite
|-singleturn|p2b: Dragonite|Protect
|move|p1b: Liepard|Fake Out|p2b: Dragonite
|-activate|p2b: Dragonite|move: Protect
|move|p2a: Grimmsnarl|Light Screen|p2a: Grimmsnarl
|-sidestart|p2: castoriceball|move: Light Screen
|move|p1a: Pelipper|Tailwind|p1a: Pelipper
|-sidestart|p1: S4ndw1ch35|move: Tailwind
|
|-weather|RainDance|[upkeep]
|upkeep
|turn|2
|
|t:|1782182438
|move|p1b: Liepard|Yawn|p2b: Dragonite
|-start|p2b: Dragonite|move: Yawn|[of] p1b: Liepard
|move|p1a: Pelipper|Hurricane|p2a: Grimmsnarl
|-damage|p2a: Grimmsnarl|71/100
|move|p2b: Dragonite|Dragon Claw|p1a: Pelipper
|-damage|p1a: Pelipper|20/100y
|move|p2a: Grimmsnarl|Spirit Break|p1b: Liepard
|-supereffective|p1b: Liepard|1
|-damage|p1b: Liepard|4/100
|-unboost|p1b: Liepard|spa|1
|
|-weather|RainDance|[upkeep]
|upkeep
|turn|3
|
|t:|1782182462
|switch|p2a: Tyranitar|Tyranitar, L50, F|100/100
|-weather|Sandstorm|[from] ability: Sand Stream|[of] p2a: Tyranitar
|move|p2b: Dragonite|Extreme Speed|p1a: Pelipper
|-damage|p1a: Pelipper|0 fnt
|faint|p1a: Pelipper
|move|p1b: Liepard|U-turn|p2a: Tyranitar
|-supereffective|p2a: Tyranitar|1
|-damage|p2a: Tyranitar|72/100
|
|t:|1782182476
|switch|p1b: Archaludon|Archaludon, L50, M|100/100|[from] U-turn
|
|-weather|Sandstorm|[upkeep]
|-damage|p2b: Dragonite|94/100|[from] Sandstorm
|-end|p2b: Dragonite|move: Yawn|[silent]
|-status|p2b: Dragonite|slp
|upkeep
|
|t:|1782182479
|switch|p1a: Liepard|Liepard, L50, F|4/100
|turn|4
|
|t:|1782182494
|switch|p2a: Gholdengo|Gholdengo, L50|100/100
|move|p1a: Liepard|Fake Out|p2a: Gholdengo
|-immune|p2a: Gholdengo
|move|p1b: Archaludon|Flash Cannon|p2a: Gholdengo
|-resisted|p2a: Gholdengo|1
|-damage|p2a: Gholdengo|87/100
|cant|p2b: Dragonite|slp
|
|-weather|Sandstorm|[upkeep]
|-damage|p1a: Liepard|0 fnt|[from] Sandstorm
|-damage|p2b: Dragonite|88/100 slp|[from] Sandstorm
|faint|p1a: Liepard
|-sideend|p1: S4ndw1ch35|move: Tailwind
|upkeep
|
|t:|1782182500
|switch|p1a: Swampert|Swampert, L50, M|100/100
|turn|5
|
|t:|1782182524
|switch|p2a: Grimmsnarl|Grimmsnarl, L50, M|71/100
|detailschange|p1a: Swampert|Swampert-Mega, L50, M
|-mega|p1a: Swampert|Swampert|Swampertite
|-curestatus|p2b: Dragonite|slp|[msg]
|move|p2b: Dragonite|Dragon Claw|p1a: Swampert
|-damage|p1a: Swampert|50/100g
|move|p1b: Archaludon|Dragon Pulse|p2a: Grimmsnarl
|-immune|p2a: Grimmsnarl
|move|p1a: Swampert|Ice Punch|p2b: Dragonite
|-supereffective|p2b: Dragonite|2
|-damage|p2b: Dragonite|0 fnt
|faint|p2b: Dragonite
|
|-weather|Sandstorm|[upkeep]
|-damage|p2a: Grimmsnarl|65/100|[from] Sandstorm
|upkeep
|
|t:|1782182538
|switch|p2b: Gholdengo|Gholdengo, L50|87/100
|turn|6
|
|t:|1782182546
|move|p2b: Gholdengo|Protect|p2b: Gholdengo
|-singleturn|p2b: Gholdengo|Protect
|move|p1a: Swampert|Protect|p1a: Swampert
|-singleturn|p1a: Swampert|Protect
|move|p2a: Grimmsnarl|Reflect|p2a: Grimmsnarl
|-sidestart|p2: castoriceball|Reflect
|move|p1b: Archaludon|Flash Cannon|p2a: Grimmsnarl
|-supereffective|p2a: Grimmsnarl|1
|-damage|p2a: Grimmsnarl|19/100
|
|-weather|Sandstorm|[upkeep]
|-damage|p2a: Grimmsnarl|13/100|[from] Sandstorm
|upkeep
|turn|7
|
|t:|1782182555
|move|p1b: Archaludon|Protect|p1b: Archaludon
|-singleturn|p1b: Archaludon|Protect
|move|p2a: Grimmsnarl|Parting Shot|p1a: Swampert
|-unboost|p1a: Swampert|atk|1
|-unboost|p1a: Swampert|spa|1
|
|t:|1782182558
|switch|p2a: Tyranitar|Tyranitar, L50, F|72/100|[from] Parting Shot
|move|p2b: Gholdengo|Nasty Plot|p2b: Gholdengo
|-boost|p2b: Gholdengo|spa|2
|move|p1a: Swampert|Earthquake|p2a: Tyranitar|[spread] p2a,p2b
|-activate|p1b: Archaludon|move: Protect
|-supereffective|p2a: Tyranitar|1
|-supereffective|p2b: Gholdengo|1
|-damage|p2a: Tyranitar|35/100
|-damage|p2b: Gholdengo|45/100
|
|-weather|none
|upkeep
|turn|8
|
|t:|1782182580
|switch|p2a: Grimmsnarl|Grimmsnarl, L50, M|13/100
|move|p2b: Gholdengo|Protect|p2b: Gholdengo
|-singleturn|p2b: Gholdengo|Protect
|move|p1a: Swampert|Protect|p1a: Swampert
|-singleturn|p1a: Swampert|Protect
|move|p1b: Archaludon|Flash Cannon|p2a: Grimmsnarl
|-supereffective|p2a: Grimmsnarl|1
|-damage|p2a: Grimmsnarl|0 fnt
|faint|p2a: Grimmsnarl
|
|-sideend|p2: castoriceball|move: Light Screen
|upkeep
|
|t:|1782182588
|switch|p2a: Tyranitar|Tyranitar, L50, F|35/100
|-weather|Sandstorm|[from] ability: Sand Stream|[of] p2a: Tyranitar
|turn|9
|
|t:|1782182602
|detailschange|p2a: Tyranitar|Tyranitar-Mega, L50, F
|-mega|p2a: Tyranitar|Tyranitar|Tyranitarite
|move|p1a: Swampert|Protect||[still]
|-fail|p1a: Swampert
|move|p2b: Gholdengo|Shadow Ball|p1a: Swampert
|-damage|p1a: Swampert|0 fnt
|faint|p1a: Swampert
|-damage|p2b: Gholdengo|35/100|[from] item: Life Orb
|move|p2a: Tyranitar|Knock Off|p1b: Archaludon
|-damage|p1b: Archaludon|52/100
|-ability|p1b: Archaludon|Stamina|boost
|-boost|p1b: Archaludon|def|1
|-enditem|p1b: Archaludon|Leftovers|[from] move: Knock Off|[of] p2a: Tyranitar
|move|p1b: Archaludon|Flash Cannon|p2a: Tyranitar
|-supereffective|p2a: Tyranitar|1
|-damage|p2a: Tyranitar|0 fnt
|faint|p2a: Tyranitar
|
|-weather|Sandstorm|[upkeep]
|upkeep
|turn|10
|
|t:|1782182624
|move|p2b: Gholdengo|Shadow Ball|p1b: Archaludon
|-damage|p1b: Archaludon|0 fnt
|faint|p1b: Archaludon
|-damage|p2b: Gholdengo|25/100|[from] item: Life Orb
|
|win|castoriceball
|raw|S4ndw1ch35's rating: 1163 → 1140(-23 for losing)
|raw|castoriceball's rating: 1196 → 1219(+23 for winning)
