|j|☆squigulousq
|j|☆Lemonade Insurance
|html|squigulousqLemonade Insurance    
|uhtml|bestof|Game 1 of a best-of-3
|t:|1756603862
|gametype|doubles
|player|p1|squigulousq|clown|1199
|player|p2|Lemonade Insurance|169|1258
|gen|9
|tier|[Gen 9] VGC 2025 Reg H (Bo3)
|rated|
|rule|Species Clause: Limit one of each Pokémon
|rule|Item Clause: Limit 1 of each item
|clearpoke
|poke|p1|Gholdengo, L50|
|poke|p1|Basculegion, L50, M|
|poke|p1|Pelipper, L50, F|
|poke|p1|Incineroar, L50, M|
|poke|p1|Amoonguss, L50, M|
|poke|p1|Archaludon, L50, F|
|poke|p2|Jumpluff, L50, M|
|poke|p2|Charizard, L50, M|
|poke|p2|Incineroar, L50, M|
|poke|p2|Porygon2, L50|
|poke|p2|Torkoal, L50, M|
|poke|p2|Ursaluna-Bloodmoon, L50, M|
|teampreview|4
|showteam|p1|Gholdengo||LifeOrb|GoodasGold|MakeItRain,ShadowBall,NastyPlot,Protect||||||50|,,,,,Water]Basculegion||ChoiceBand|SwiftSwim|WaveCrash,LastRespects,FlipTurn,AquaJet|||M|||50|,,,,,Water]Pelipper||FocusSash|Drizzle|WeatherBall,Hurricane,Tailwind,Protect|||F|||50|,,,,,Ground]Incineroar||SafetyGoggles|Intimidate|Taunt,KnockOff,PartingShot,FakeOut|||M|||50|,,,,,Ghost]Amoonguss||SitrusBerry|Regenerator|PollenPuff,Spore,RagePowder,Protect|||M|||50|,,,,,Dark]Archaludon||AssaultVest|Stamina|DragonPulse,FlashCannon,ElectroShot,BodyPress|||F|||50|,,,,,Bug
|showteam|p2|Jumpluff||CovertCloak|Chlorophyll|LeafStorm,SleepPowder,SunnyDay,Tailwind|||M|||50|,,,,,Water]Charizard||ChoiceSpecs|SolarPower|HeatWave,Overheat,WeatherBall,AirSlash|||M|||50|,,,,,Ghost]Incineroar||SitrusBerry|Intimidate|FlareBlitz,KnockOff,FakeOut,PartingShot|||M|||50|,,,,,Grass]Porygon2||Eviolite|Download|TeraBlast,IceBeam,Recover,TrickRoom||||||50|,,,,,Fighting]Torkoal||EjectPack|Drought|Eruption,Overheat,HelpingHand,Protect|||M|||50|,,,,,Fire]Ursaluna-Bloodmoon||LifeOrb|MindsEye|BloodMoon,HyperVoice,EarthPower,Protect|||M|||50|,,,,,Ghost
|inactive|Battle timer is ON: inactive players will automatically lose when time's up. (requested by Lemonade Insurance)
|
|t:|1756603889
|teamsize|p1|4
|teamsize|p2|4
|start
|switch|p1a: Gholdengo|Gholdengo, L50|100/100
|switch|p1b: Incineroar|Incineroar, L50, M|100/100
|switch|p2a: Scat Pack|Incineroar, L50, M|100/100
|switch|p2b: Blueberry|Jumpluff, L50, M|100/100
|-ability|p2a: Scat Pack|Intimidate|boost
|-unboost|p1a: Gholdengo|atk|1
|-unboost|p1b: Incineroar|atk|1
|-ability|p1b: Incineroar|Intimidate|boost
|-unboost|p2a: Scat Pack|atk|1
|-unboost|p2b: Blueberry|atk|1
|turn|1
|inactive|squigulousq has 30 seconds left.
|
|t:|1756603923
|move|p1b: Incineroar|Fake Out|p2a: Scat Pack
|-damage|p2a: Scat Pack|93/100
|move|p2b: Blueberry|Tailwind|p2b: Blueberry
|-sidestart|p2: Lemonade Insurance|move: Tailwind
|cant|p2a: Scat Pack|flinch
|move|p1a: Gholdengo|Shadow Ball|p2b: Blueberry
|-damage|p2b: Blueberry|48/100
|-damage|p1a: Gholdengo|91/100|[from] item: Life Orb
|
|upkeep
|turn|2
|inactive|squigulousq has 30 seconds left.
|inactive|Lemonade Insurance has 30 seconds left.
|inactive|squigulousq has 20 seconds left.
|inactive|squigulousq has 15 seconds left.
|
|t:|1756603966
|-terastallize|p2b: Blueberry|Water
|move|p1a: Gholdengo|Protect|p1a: Gholdengo
|-singleturn|p1a: Gholdengo|Protect
|move|p2b: Blueberry|Sunny Day|p2b: Blueberry
|-weather|SunnyDay
|move|p2a: Scat Pack|Knock Off|p1a: Gholdengo
|-activate|p1a: Gholdengo|move: Protect
|move|p1b: Incineroar|Parting Shot|p2a: Scat Pack
|-unboost|p2a: Scat Pack|atk|1
|-unboost|p2a: Scat Pack|spa|1
|
|t:|1756603975
|switch|p1b: Pelipper|Pelipper, L50, F|100/100|[from] Parting Shot
|-weather|RainDance|[from] ability: Drizzle|[of] p1b: Pelipper
|
|-weather|RainDance|[upkeep]
|upkeep
|turn|3
|
|t:|1756603987
|-terastallize|p1a: Gholdengo|Water
|move|p2b: Blueberry|Sunny Day|p2b: Blueberry
|-weather|SunnyDay
|move|p2a: Scat Pack|Knock Off|p1a: Gholdengo
|-damage|p1a: Gholdengo|67/100
|-enditem|p1a: Gholdengo|Life Orb|[from] move: Knock Off|[of] p2a: Scat Pack
|move|p1a: Gholdengo|Nasty Plot|p1a: Gholdengo
|-boost|p1a: Gholdengo|spa|2
|move|p1b: Pelipper|Tailwind|p1b: Pelipper
|-sidestart|p1: squigulousq|move: Tailwind
|
|-weather|SunnyDay|[upkeep]
|upkeep
|turn|4
|
|t:|1756604009
|switch|p1b: Incineroar|Incineroar, L50, M|100/100
|-ability|p1b: Incineroar|Intimidate|boost
|-unboost|p2a: Scat Pack|atk|1
|-unboost|p2b: Blueberry|atk|1
|move|p2b: Blueberry|Leaf Storm|p1a: Gholdengo
|-supereffective|p1a: Gholdengo
|-damage|p1a: Gholdengo|0 fnt
|-unboost|p2b: Blueberry|spa|2
|faint|p1a: Gholdengo
|move|p2a: Scat Pack|Knock Off|p1b: Incineroar
|-resisted|p1b: Incineroar
|-damage|p1b: Incineroar|92/100
|-enditem|p1b: Incineroar|Safety Goggles|[from] move: Knock Off|[of] p2a: Scat Pack
|
|-weather|SunnyDay|[upkeep]
|-sideend|p2: Lemonade Insurance|move: Tailwind
|upkeep
|
|t:|1756604024
|switch|p1a: Basculegion|Basculegion, L50, M|100/100
|turn|5
|
|t:|1756604046
|move|p2b: Blueberry|Tailwind|p2b: Blueberry
|-sidestart|p2: Lemonade Insurance|move: Tailwind
|move|p1a: Basculegion|Flip Turn|p2a: Scat Pack
|-supereffective|p2a: Scat Pack
|-damage|p2a: Scat Pack|50/100
|-enditem|p2a: Scat Pack|Sitrus Berry|[eat]
|-heal|p2a: Scat Pack|75/100|[from] item: Sitrus Berry
|
|t:|1756604053
|switch|p1a: Pelipper|Pelipper, L50, F|100/100|[from] Flip Turn
|-weather|RainDance|[from] ability: Drizzle|[of] p1a: Pelipper
|move|p2a: Scat Pack|Parting Shot|p1a: Pelipper
|-unboost|p1a: Pelipper|atk|1
|-unboost|p1a: Pelipper|spa|1
|
|t:|1756604065
|switch|p2a: Starbreaker|Porygon2, L50|100/100|[from] Parting Shot
|-ability|p2a: Starbreaker|Download|boost
|-boost|p2a: Starbreaker|spa|1
|move|p1b: Incineroar|Knock Off|p2b: Blueberry
|-damage|p2b: Blueberry|0 fnt
|-enditem|p2b: Blueberry|Covert Cloak|[from] move: Knock Off|[of] p1b: Incineroar
|faint|p2b: Blueberry
|
|-weather|RainDance|[upkeep]
|upkeep
|
|t:|1756604087
|switch|p2b: Scat Pack|Incineroar, L50, M|75/100
|-ability|p2b: Scat Pack|Intimidate|boost
|-unboost|p1a: Pelipper|atk|1
|-unboost|p1b: Incineroar|atk|1
|turn|6
|
|t:|1756604109
|switch|p1a: Basculegion|Basculegion, L50, M|100/100
|move|p2b: Scat Pack|Parting Shot|p1b: Incineroar
|-unboost|p1b: Incineroar|atk|1
|-unboost|p1b: Incineroar|spa|1
|
|t:|1756604118
|switch|p2b: Ursaluna|Ursaluna-Bloodmoon, L50, M|100/100|[from] Parting Shot
|move|p1b: Incineroar|Knock Off|p2a: Starbreaker
|-damage|p2a: Starbreaker|86/100
|-enditem|p2a: Starbreaker|Eviolite|[from] move: Knock Off|[of] p1b: Incineroar
|move|p2a: Starbreaker|Tera Blast|p1a: Basculegion
|-immune|p1a: Basculegion
|
|-weather|RainDance|[upkeep]
|-sideend|p1: squigulousq|move: Tailwind
|upkeep
|turn|7
|inactive|squigulousq has 30 seconds left.
|inactive|squigulousq has 20 seconds left.
|inactive|squigulousq has 15 seconds left.
|
|t:|1756604158
|switch|p2b: Scat Pack|Incineroar, L50, M|75/100
|-ability|p2b: Scat Pack|Intimidate|boost
|-unboost|p1a: Basculegion|atk|1
|-unboost|p1b: Incineroar|atk|1
|move|p1a: Basculegion|Wave Crash|p2a: Starbreaker
|-damage|p2a: Starbreaker|0 fnt
|faint|p2a: Starbreaker
|-damage|p1a: Basculegion|73/100|[from] Recoil
|move|p1b: Incineroar|Knock Off|p2b: Scat Pack
|-resisted|p2b: Scat Pack
|-damage|p2b: Scat Pack|69/100
|
|-weather|RainDance|[upkeep]
|upkeep
|
|t:|1756604169
|switch|p2a: Ursaluna|Ursaluna-Bloodmoon, L50, M|100/100
|turn|8
|
|t:|1756604189
|move|p2a: Ursaluna|Protect|p2a: Ursaluna
|-singleturn|p2a: Ursaluna|Protect
|move|p1a: Basculegion|Wave Crash|p2b: Scat Pack
|-supereffective|p2b: Scat Pack
|-damage|p2b: Scat Pack|0 fnt
|faint|p2b: Scat Pack
|-damage|p1a: Basculegion|49/100|[from] Recoil
|move|p1b: Incineroar|Knock Off|p2a: Ursaluna
|-activate|p2a: Ursaluna|move: Protect
|
|-weather|RainDance|[upkeep]
|-sideend|p2: Lemonade Insurance|move: Tailwind
|upkeep
|turn|9
|
|t:|1756604201
|move|p1a: Basculegion|Wave Crash|p2a: Ursaluna
|-supereffective|p2a: Ursaluna
|-damage|p2a: Ursaluna|0 fnt
|faint|p2a: Ursaluna
|-damage|p1a: Basculegion|15/100|[from] Recoil
|
|win|squigulousq
||Lemonade Insurance is ready for game 2.
||squigulousq is ready for game 2.
|uhtml|next|Next: Game 2 of 3
|l|☆squigulousq
|player|p1|
