|j|☆totaldestroy
|j|☆BlackAshura
|html|totaldestroyBlackAshura    
|uhtml|bestof|Game 2 of a best-of-3
|t:|1783451329
|gametype|doubles
|player|p1|totaldestroy|gambler|1031
|player|p2|BlackAshura|samsonoak|1060
|gen|9
|tier|[Gen 9 Champions] VGC 2026 Reg M-B (Bo3)
|rated|
|rule|Species Clause: Limit one of each Pokémon
|rule|Item Clause: Limit 1 of each item
|clearpoke
|poke|p1|Palafin, L50, M|
|poke|p1|Pelipper, L50, F|
|poke|p1|Dragonite, L50, F|
|poke|p1|Archaludon, L50, M|
|poke|p1|Sneasler, L50, M|
|poke|p1|Kingambit, L50, M|
|poke|p2|Metagross, L50, shiny|
|poke|p2|Kleavor, L50, M|
|poke|p2|Hydreigon, L50, M|
|poke|p2|Venusaur, L50, M, shiny|
|poke|p2|Simipour, L50, M, shiny|
|poke|p2|Talonflame, L50, M, shiny|
|teampreview|4
|showteam|p1|Palafin||ChoiceScarf|ZerotoHero|JetPunch,FlipTurn,WaveCrash,CloseCombat|Jolly||M|||50|]Pelipper||SitrusBerry|Drizzle|Tailwind,WeatherBall,Hurricane,WideGuard|Bold||F|||50|]Dragonite||Dragoninite|Multiscale|DragonPulse,Thunderbolt,ExtremeSpeed,Protect|Mild||F|||50|]Archaludon||Leftovers|Stamina|ElectroShot,DragonPulse,FlashCannon,Protect|Modest||M|||50|]Sneasler||WhiteHerb|Unburden|DireClaw,FakeOut,CloseCombat,Coaching|Adamant||M|||50|]Kingambit||LifeOrb|Defiant|SuckerPunch,KowtowCleave,IronHead,LowKick|Adamant||M|||50|
|showteam|p2|Metagross||Metagrossite|ClearBody|IronHead,PsychicFangs,IcePunch,Protect|Jolly|||||50|]Kleavor||ChoiceScarf|Sharpness|StoneAxe,CloseCombat,NightSlash,XScissor|Jolly||M|||50|]Hydreigon||LifeOrb|Levitate|DracoMeteor,DarkPulse,EarthPower,Protect|Timid||M|||50|]Venusaur||Venusaurite|Overgrow|GigaDrain,SludgeBomb,EarthPower,Protect|Modest||M|||50|]Simipour||FocusSash|Torrent|FakeOut,Scald,IceBeam,Protect|Timid||M|||50|]Talonflame||Charcoal|GaleWings|Overheat,Taunt,QuickGuard,Tailwind|Timid||M|||50|
|
|t:|1783451395
|teamsize|p1|4
|teamsize|p2|4
|start
|switch|p1a: Palafin|Palafin, L50, M|100/100
|switch|p1b: Archaludon|Archaludon, L50, M|100/100
|switch|p2a: Talonflame|Talonflame, L50, M, shiny|100/100
|switch|p2b: Venusaur|Venusaur, L50, M, shiny|100/100
|turn|1
|
|t:|1783451425
|switch|p2a: Hydreigon|Hydreigon, L50, M|100/100
|switch|p1b: Pelipper|Pelipper, L50, F|100/100
|-weather|RainDance|[from] ability: Drizzle|[of] p1b: Pelipper
|detailschange|p2b: Venusaur|Venusaur-Mega, L50, M, shiny
|-mega|p2b: Venusaur|Venusaur|Venusaurite
|move|p1a: Palafin|Jet Punch|p2a: Hydreigon
|-resisted|p2a: Hydreigon|1
|-crit|p2a: Hydreigon
|-damage|p2a: Hydreigon|70/100
|move|p2b: Venusaur|Earth Power|p1b: Pelipper
|-immune|p1b: Pelipper
|
|-weather|RainDance|[upkeep]
|upkeep
|turn|2
|
|t:|1783451455
|detailschange|p1a: Palafin|Palafin-Hero, L50, M
|switch|p1a: Archaludon|Archaludon, L50, M|100/100
|switch|p2b: Kleavor|Kleavor, L50, M|100/100
|move|p2a: Hydreigon|Protect|p2a: Hydreigon
|-singleturn|p2a: Hydreigon|Protect
|move|p1b: Pelipper|Tailwind|p1b: Pelipper
|-sidestart|p1: totaldestroy|move: Tailwind
|
|-weather|RainDance|[upkeep]
|upkeep
|turn|3
|
|t:|1783451493
|switch|p2a: Venusaur|Venusaur-Mega, L50, M, shiny|100/100
|move|p1a: Archaludon|Electro Shot||[still]
|-prepare|p1a: Archaludon|Electro Shot
|-boost|p1a: Archaludon|spa|1
|-anim|p1a: Archaludon|Electro Shot|p2a: Venusaur
|-resisted|p2a: Venusaur|1
|-damage|p2a: Venusaur|72/100
|move|p2b: Kleavor|Stone Axe|p1b: Pelipper
|-supereffective|p1b: Pelipper|1
|-damage|p1b: Pelipper|0 fnt
|-sidestart|p1: totaldestroy|move: Stealth Rock
|faint|p1b: Pelipper
|
|-weather|RainDance|[upkeep]
|upkeep
|
|t:|1783451506
|switch|p1b: Kingambit|Kingambit, L50, M|100/100
|-damage|p1b: Kingambit|94/100|[from] Stealth Rock
|turn|4
|
|t:|1783451525
|switch|p2b: Hydreigon|Hydreigon, L50, M|70/100
|move|p2a: Venusaur|Protect|p2a: Venusaur
|-singleturn|p2a: Venusaur|Protect
|move|p1a: Archaludon|Flash Cannon|p2b: Hydreigon
|-damage|p2b: Hydreigon|0 fnt
|faint|p2b: Hydreigon
|move|p1b: Kingambit|Kowtow Cleave|p2a: Venusaur
|-activate|p2a: Venusaur|move: Protect
|
|-weather|RainDance|[upkeep]
|upkeep
|
|t:|1783451559
|switch|p2b: Talonflame|Talonflame, L50, M, shiny|100/100
|turn|5
|
|t:|1783451579
|move|p2b: Talonflame|Tailwind|p2b: Talonflame
|-sidestart|p2: BlackAshura|move: Tailwind
|move|p1b: Kingambit|Sucker Punch|p2a: Venusaur
|-damage|p2a: Venusaur|36/100
|-damage|p1b: Kingambit|84/100|[from] item: Life Orb
|move|p2a: Venusaur|Earth Power|p1b: Kingambit
|-supereffective|p1b: Kingambit|1
|-damage|p1b: Kingambit|26/100
|move|p1a: Archaludon|Dragon Pulse|p2a: Venusaur
|-damage|p2a: Venusaur|0 fnt
|faint|p2a: Venusaur
|
|-weather|none
|-sideend|p1: totaldestroy|move: Tailwind
|upkeep
|
|t:|1783451599
|switch|p2a: Kleavor|Kleavor, L50, M|100/100
|turn|6
|
|t:|1783451629
|move|p2b: Talonflame|Quick Guard|p2b: Talonflame
|-singleturn|p2b: Talonflame|Quick Guard
|move|p1b: Kingambit|Sucker Punch|p2a: Kleavor
|-activate|p2a: Kleavor|move: Quick Guard
|move|p2a: Kleavor|Close Combat|p1a: Archaludon
|-supereffective|p1a: Archaludon|1
|-damage|p1a: Archaludon|41/100
|-unboost|p2a: Kleavor|def|1
|-unboost|p2a: Kleavor|spd|1
|-ability|p1a: Archaludon|Stamina|boost
|-boost|p1a: Archaludon|def|1
|move|p1a: Archaludon|Dragon Pulse|p2b: Talonflame
|-damage|p2b: Talonflame|2/100
|
|-heal|p1a: Archaludon|47/100|[from] item: Leftovers
|upkeep
|turn|7
|
|t:|1783451651
|move|p2a: Kleavor|Close Combat|p1a: Archaludon
|-supereffective|p1a: Archaludon|1
|-crit|p1a: Archaludon
|-damage|p1a: Archaludon|0 fnt
|-unboost|p2a: Kleavor|def|1
|-unboost|p2a: Kleavor|spd|1
|faint|p1a: Archaludon
|move|p2b: Talonflame|Overheat|p1b: Kingambit
|-supereffective|p1b: Kingambit|1
|-damage|p1b: Kingambit|0 fnt
|-unboost|p2b: Talonflame|spa|2
|faint|p1b: Kingambit
|
|upkeep
|
|t:|1783451655
|switch|p1b: Palafin|Palafin-Hero, L50, M|100/100
|-damage|p1b: Palafin|87/100|[from] Stealth Rock
|-activate|p1b: Palafin|ability: Zero to Hero
|turn|8
|
|t:|1783451672
|move|p2b: Talonflame|Quick Guard|p2b: Talonflame
|-singleturn|p2b: Talonflame|Quick Guard
|move|p2a: Kleavor|Close Combat|p1b: Palafin
|-damage|p1b: Palafin|40/100
|-unboost|p2a: Kleavor|def|1
|-unboost|p2a: Kleavor|spd|1
|move|p1b: Palafin|Wave Crash|p2a: Kleavor
|-supereffective|p2a: Kleavor|1
|-damage|p2a: Kleavor|0 fnt
|faint|p2a: Kleavor
|-damage|p1b: Palafin|12/100|[from] Recoil
|
|-sideend|p2: BlackAshura|move: Tailwind
|upkeep
|turn|9
|
|t:|1783451690
|move|p2b: Talonflame|Quick Guard|p2b: Talonflame
|-singleturn|p2b: Talonflame|Quick Guard
|move|p1b: Palafin|Wave Crash|p2b: Talonflame
|-supereffective|p2b: Talonflame|1
|-damage|p2b: Talonflame|0 fnt
|faint|p2b: Talonflame
|-damage|p1b: Palafin|11/100|[from] Recoil
|
|win|totaldestroy
