|j|☆ccrimsonate
|j|☆VidproX
|html|ccrimsonateVidproX    
|uhtml|bestof|Game 2 of a best-of-3
|t:|1783783350
|gametype|doubles
|player|p1|ccrimsonate|maid|
|player|p2|VidproX|1|
|gen|9
|tier|[Gen 9 Champions] VGC 2026 Reg M-B (Bo3)
|rule|Species Clause: Limit one of each Pokémon
|rule|Item Clause: Limit 1 of each item
|clearpoke
|poke|p1|Sinistcha, L50|
|poke|p1|Weavile, L50, M|
|poke|p1|Incineroar, L50, M|
|poke|p1|Barbaracle, L50, M|
|poke|p1|Zoroark-Hisui, L50, M|
|poke|p1|Gholdengo, L50|
|poke|p2|Scrafty, L50, M, shiny|
|poke|p2|Gholdengo, L50|
|poke|p2|Oranguru, L50, M|
|poke|p2|Vileplume, L50, F|
|poke|p2|Torkoal, L50, M|
|poke|p2|Lucario, L50, F|
|teampreview|4
|showteam|p1|Sinistcha||ColburBerry|Hospitality|MatchaGotcha,LifeDew,TrickRoom,RagePowder|Bold|||||50|]Weavile||FocusSash|Pickpocket|TripleAxel,Protect,FakeOut,KnockOff|Jolly||M|||50|]Incineroar||SitrusBerry|Intimidate|FlareBlitz,FakeOut,PartingShot,ThroatChop|Brave||M|||50|]Barbaracle||Barbaracite|Sniper|ShellSmash,RockSlide,CloseCombat,Protect|Adamant||M|||50|]Zoroark-Hisui||ChoiceScarf|Illusion|BitterMalice,HyperVoice,IcyWind,Flamethrower|Modest||M|||50|]Gholdengo||LifeOrb|GoodasGold|NastyPlot,MakeItRain,ShadowBall,Protect|Modest|||||50|
|showteam|p2|Scrafty||Scraftinite|Intimidate|KnockOff,DrainPunch,RockSlide,FakeOut|Brave||M|||50|]Gholdengo||LifeOrb|GoodasGold|ShadowBall,MakeItRain,NastyPlot,Protect|Timid|||||50|]Oranguru||MentalHerb|InnerFocus|TrickRoom,Encore,Instruct,Protect|Bold||M|||50|]Vileplume||FocusSash|Chlorophyll|LeafStorm,SludgeBomb,AfterYou,Protect|Modest||F|||50|]Torkoal||Charcoal|Drought|Eruption,EarthPower,HeatWave,Protect|Quiet||M|||50|]Lucario||ChoiceScarf|InnerFocus|FinalGambit,HelpingHand,SunnyDay,HealPulse|Jolly||F|||50|
|
|t:|1783783406
|teamsize|p1|4
|teamsize|p2|4
|start
|switch|p1a: Weavile|Weavile, L50, M|100/100
|switch|p1b: Sinistcha|Sinistcha, L50|100/100
|switch|p2a: Vileplume|Vileplume, L50, F|100/100
|switch|p2b: Torkoal|Torkoal, L50, M|100/100
|-weather|SunnyDay|[from] ability: Drought|[of] p2b: Torkoal
|turn|1
|
|t:|1783783441
|move|p2a: Vileplume|Protect|p2a: Vileplume
|-singleturn|p2a: Vileplume|Protect
|move|p2b: Torkoal|Protect|p2b: Torkoal
|-singleturn|p2b: Torkoal|Protect
|move|p1a: Weavile|Fake Out|p2a: Vileplume
|-activate|p2a: Vileplume|move: Protect
|move|p1b: Sinistcha|Bitter Malice|p2b: Torkoal
|-activate|p2b: Torkoal|move: Protect
|
|-weather|SunnyDay|[upkeep]
|upkeep
|turn|2
|
|t:|1783783476
|move|p1b: Sinistcha|Bitter Malice|p2b: Torkoal
|-damage|p2b: Torkoal|45/100
|-unboost|p2b: Torkoal|atk|1
|move|p2a: Vileplume|After You|p2b: Torkoal
|-activate|p2b: Torkoal|move: After You
|move|p2b: Torkoal|Heat Wave|p1b: Sinistcha|[spread] p1a
|-miss|p2b: Torkoal|p1b: Sinistcha
|-supereffective|p1a: Weavile|1
|-enditem|p1a: Weavile|Focus Sash
|-damage|p1a: Weavile|1/100
|move|p1a: Weavile|Triple Axel|p2a: Vileplume
|-supereffective|p2a: Vileplume|1
|-damage|p2a: Vileplume|75/100
|-supereffective|p2a: Vileplume|1
|-damage|p2a: Vileplume|15/100
|-supereffective|p2a: Vileplume|1
|-damage|p2a: Vileplume|0 fnt
|faint|p2a: Vileplume
|-hitcount|p2: Vileplume|3
|
|-weather|SunnyDay|[upkeep]
|upkeep
|
|t:|1783783516
|switch|p2a: Scrafty|Scrafty, L50, M, shiny|100/100
|-ability|p2a: Scrafty|Intimidate|boost
|-unboost|p1a: Weavile|atk|1
|-unboost|p1b: Sinistcha|atk|1
|turn|3
|
|t:|1783783548
|detailschange|p2a: Scrafty|Scrafty-Mega, L50, M, shiny
|-mega|p2a: Scrafty|Scrafty|Scraftinite
|-ability|p2a: Scrafty|Intimidate|boost
|-unboost|p1a: Weavile|atk|1
|-unboost|p1b: Sinistcha|atk|1
|move|p1a: Weavile|Protect|p1a: Weavile
|-singleturn|p1a: Weavile|Protect
|move|p1b: Sinistcha|Bitter Malice|p2a: Scrafty
|-resisted|p2a: Scrafty|1
|-damage|p2a: Scrafty|84/100
|-unboost|p2a: Scrafty|atk|1
|move|p2a: Scrafty|Knock Off|p1b: Sinistcha
|-supereffective|p1b: Sinistcha|1
|-damage|p1b: Sinistcha|0 fnt
|replace|p1b: Zoroark|Zoroark-Hisui, L50, M
|-end|p1b: Zoroark|Illusion
|-enditem|p1b: Zoroark|Choice Scarf|[from] move: Knock Off|[of] p2a: Scrafty
|faint|p1b: Zoroark
|move|p2b: Torkoal|Earth Power|p1a: Weavile
|-activate|p1a: Weavile|move: Protect
|
|-weather|SunnyDay|[upkeep]
|upkeep
|
|t:|1783783566
|switch|p1b: Barbaracle|Barbaracle, L50, M|100/100
|turn|4
|
|t:|1783783623
|switch|p1a: Sinistcha|Sinistcha, L50|100/100
|switch|p2a: Oranguru|Oranguru, L50, M|100/100
|detailschange|p1b: Barbaracle|Barbaracle-Mega, L50, M
|-mega|p1b: Barbaracle|Barbaracle|Barbaracite
|move|p1b: Barbaracle|Rock Slide|p2a: Oranguru|[spread] p2a,p2b
|-supereffective|p2b: Torkoal|1
|-damage|p2a: Oranguru|72/100
|-damage|p2b: Torkoal|0 fnt
|faint|p2b: Torkoal
|
|-weather|SunnyDay|[upkeep]
|upkeep
|
|t:|1783783631
|switch|p2b: Scrafty|Scrafty-Mega, L50, M, shiny|84/100
|-ability|p2b: Scrafty|Intimidate|boost
|-unboost|p1a: Sinistcha|atk|1
|-unboost|p1b: Barbaracle|atk|1
|turn|5
|
|t:|1783783702
|move|p1b: Barbaracle|Protect|p1b: Barbaracle
|-singleturn|p1b: Barbaracle|Protect
|move|p2b: Scrafty|Knock Off|p1a: Sinistcha
|-supereffective|p1a: Sinistcha|1
|-enditem|p1a: Sinistcha|Colbur Berry|[eat]
|-enditem|p1a: Sinistcha|Colbur Berry|[weaken]
|-damage|p1a: Sinistcha|58/100
|move|p1a: Sinistcha|Trick Room|p1a: Sinistcha
|-fieldstart|move: Trick Room|[of] p1a: Sinistcha
|move|p2a: Oranguru|Trick Room|p2a: Oranguru
|-fieldend|move: Trick Room
|
|-weather|none
|upkeep
|turn|6
|
|t:|1783783753
|move|p1a: Sinistcha|Rage Powder|p1a: Sinistcha
|-singleturn|p1a: Sinistcha|move: Rage Powder
|move|p1b: Barbaracle|Close Combat|p2b: Scrafty
|-supereffective|p2b: Scrafty|1
|-damage|p2b: Scrafty|0 fnt
|-unboost|p1b: Barbaracle|def|1
|-unboost|p1b: Barbaracle|spd|1
|faint|p2b: Scrafty
|move|p2a: Oranguru|Trick Room|p2a: Oranguru
|-fieldstart|move: Trick Room|[of] p2a: Oranguru
|
|upkeep
|turn|7
|-message|VidproX forfeited.
|
|win|ccrimsonate
|c|☆ccrimsonate|GGs
|c|☆VidproX|ggs
|c|☆VidproX|Do you have the replays?
|c|☆ccrimsonate|ye
|c|☆VidproX|pog
