|j|☆mil0battles
|j|☆LiarChoir
|html|mil0battlesLiarChoir    
|uhtml|bestof|Game 2 of a best-of-3
|t:|1756600240
|gametype|doubles
|player|p1|mil0battles|pokemonranger-gen4|1165
|player|p2|LiarChoir|candice|1233
|gen|9
|tier|[Gen 9] VGC 2025 Reg H (Bo3)
|rated|
|rule|Species Clause: Limit one of each Pokémon
|rule|Item Clause: Limit 1 of each item
|clearpoke
|poke|p1|Incineroar, L50, M|
|poke|p1|Primarina, L50, F|
|poke|p1|Gholdengo, L50|
|poke|p1|Sneasler, L50, F|
|poke|p1|Kilowattrel, L50, M|
|poke|p1|Rillaboom, L50, M|
|poke|p2|Sinistcha, L50|
|poke|p2|Ninetales-Alola, L50, M|
|poke|p2|Ursaluna-Bloodmoon, L50, M|
|poke|p2|Incineroar, L50, M|
|poke|p2|Dragapult, L50, F|
|poke|p2|Primarina, L50, F|
|teampreview|4
|showteam|p1|Incineroar||SafetyGoggles|Intimidate|FakeOut,KnockOff,PartingShot,FlareBlitz|||M|||50|,,,,,Ghost]Primarina||ThroatSpray|LiquidVoice|HyperVoice,Moonblast,Haze,Protect|||F|||50|,,,,,Poison]Gholdengo||LifeOrb|GoodasGold|NastyPlot,MakeItRain,ShadowBall,Protect||||||50|,,,,,Water]Sneasler||WhiteHerb|Unburden|DireClaw,CloseCombat,FakeOut,Protect|||F|||50|,,,,,Stellar]Kilowattrel||FocusSash|Competitive|AirSlash,Thunderbolt,Tailwind,Protect|||M|||50|,,,,,Ghost]Rillaboom||AssaultVest|GrassySurge|GrassyGlide,WoodHammer,FakeOut,Uturn|||M|||50|,,,,,Fire
|showteam|p2|Sinistcha||RockyHelmet|Hospitality|RagePowder,MatchaGotcha,ShadowBall,TrickRoom||||||50|,,,,,Water]Ninetales-Alola||LightClay|SnowWarning|AuroraVeil,FreezeDry,Blizzard,Protect|||M|||50|,,,,,Ghost]Ursaluna-Bloodmoon||AssaultVest|MindsEye|BloodMoon,HyperVoice,VacuumWave,EarthPower|||M|||50|,,,,,Ghost]Incineroar||SafetyGoggles|Intimidate|FlareBlitz,KnockOff,PartingShot,FakeOut|||M|||50|,,,,,Ghost]Dragapult||ChoiceBand|ClearBody|DragonDarts,PhantomForce,Uturn,SuckerPunch|||F|||50|,,,,,Dragon]Primarina||ThroatSpray|LiquidVoice|HyperVoice,Moonblast,Haze,Protect|||F|||50|,,,,,Water
|inactive|Battle timer is ON: inactive players will automatically lose when time's up. (requested by mil0battles)
|
|t:|1756600274
|teamsize|p1|4
|teamsize|p2|4
|start
|switch|p1a: Primarina|Primarina, L50, F|100/100
|switch|p1b: Kilowattrel|Kilowattrel, L50, M|100/100
|switch|p2a: Ninetales|Ninetales-Alola, L50, M|100/100
|switch|p2b: Incineroar|Incineroar, L50, M|100/100
|-weather|Snowscape|[from] ability: Snow Warning|[of] p2a: Ninetales
|-ability|p2b: Incineroar|Intimidate|boost
|-unboost|p1a: Primarina|atk|1
|-unboost|p1b: Kilowattrel|atk|1
|-ability|p1b: Kilowattrel|Competitive|boost
|-boost|p1b: Kilowattrel|spa|2
|turn|1
|
|t:|1756600294
|-terastallize|p1b: Kilowattrel|Ghost
|move|p2b: Incineroar|Fake Out|p1b: Kilowattrel
|-immune|p1b: Kilowattrel
|move|p1b: Kilowattrel|Thunderbolt|p2a: Ninetales
|-damage|p2a: Ninetales|0 fnt
|faint|p2a: Ninetales
|move|p1a: Primarina|Hyper Voice|p2b: Incineroar
|-supereffective|p2b: Incineroar
|-damage|p2b: Incineroar|8/100
|-enditem|p1a: Primarina|Throat Spray
|-boost|p1a: Primarina|spa|1|[from] item: Throat Spray
|
|-weather|Snowscape|[upkeep]
|upkeep
|
|t:|1756600310
|switch|p2a: Dragapult|Dragapult, L50, F|100/100
|turn|2
|
|t:|1756600324
|move|p2a: Dragapult|Phantom Force||[still]
|-prepare|p2a: Dragapult|Phantom Force
|move|p1b: Kilowattrel|Tailwind|p1b: Kilowattrel
|-sidestart|p1: mil0battles|move: Tailwind
|move|p1a: Primarina|Hyper Voice|p2a: Dragapult|[spread] p2b
|-miss|p1a: Primarina|p2a: Dragapult
|-supereffective|p2b: Incineroar
|-damage|p2b: Incineroar|0 fnt
|faint|p2b: Incineroar
|
|-weather|Snowscape|[upkeep]
|upkeep
|
|t:|1756600332
|switch|p2b: Ursaluna|Ursaluna-Bloodmoon, L50, M|100/100
|turn|3
|
|t:|1756600344
|-terastallize|p2b: Ursaluna|Ghost
|move|p1b: Kilowattrel|Air Slash|p2b: Ursaluna
|-damage|p2b: Ursaluna|51/100
|move|p2a: Dragapult|Phantom Force|p1b: Kilowattrel|[from] lockedmove
|-supereffective|p1b: Kilowattrel
|-enditem|p1b: Kilowattrel|Focus Sash
|-damage|p1b: Kilowattrel|1/100
|move|p1a: Primarina|Hyper Voice|p2b: Ursaluna|[spread] p2a,p2b
|-resisted|p2a: Dragapult
|-damage|p2a: Dragapult|69/100
|-damage|p2b: Ursaluna|15/100
|move|p2b: Ursaluna|Hyper Voice|p1b: Kilowattrel|[spread] p1a,p1b
|-damage|p1a: Primarina|65/100
|-damage|p1b: Kilowattrel|0 fnt
|faint|p1b: Kilowattrel
|
|-weather|Snowscape|[upkeep]
|upkeep
|
|t:|1756600357
|switch|p1b: Gholdengo|Gholdengo, L50|100/100
|turn|4
|
|t:|1756600368
|move|p1b: Gholdengo|Shadow Ball|p2b: Ursaluna
|-supereffective|p2b: Ursaluna
|-damage|p2b: Ursaluna|0 fnt
|faint|p2b: Ursaluna
|-damage|p1b: Gholdengo|91/100|[from] item: Life Orb
|move|p2a: Dragapult|Phantom Force||[still]
|-prepare|p2a: Dragapult|Phantom Force
|move|p1a: Primarina|Moonblast|p2a: Dragapult|[miss]
|-miss|p1a: Primarina|p2a: Dragapult
|
|-weather|Snowscape|[upkeep]
|upkeep
|turn|5
|
|t:|1756600388
|switch|p1b: Rillaboom|Rillaboom, L50, M|100/100
|-fieldstart|move: Grassy Terrain|[from] ability: Grassy Surge|[of] p1b: Rillaboom
|move|p2a: Dragapult|Phantom Force|p1b: Rillaboom|[from] lockedmove
|-damage|p1b: Rillaboom|34/100
|move|p1a: Primarina|Moonblast|p2a: Dragapult
|-supereffective|p2a: Dragapult
|-damage|p2a: Dragapult|0 fnt
|faint|p2a: Dragapult
|
|win|mil0battles
