|j|â˜†ElAguaChile
|j|â˜†coutsAF
|html|ElAguaChilecoutsAF    
|uhtml|bestof|Game 3 of a best-of-3
|t:|1784837628
|gametype|doubles
|player|p1|ElAguaChile|2|1000
|player|p2|coutsAF|swimmer|1055
|gen|9
|tier|[Gen 9 Champions] VGC 2026 Reg M-B (Bo3)
|rated|
|rule|Species Clause: Limit one of each PokÃ©mon
|rule|Item Clause: Limit 1 of each item
|clearpoke
|poke|p1|Whimsicott, L50, F|
|poke|p1|Chesnaught, L50, M, shiny|
|poke|p1|Tinkaton, L50, F|
|poke|p1|Sinistcha, L50|
|poke|p1|Froslass, L50, F|
|poke|p1|Aurorus, L50, F|
|poke|p2|Farigiraf, L50, F|
|poke|p2|Primarina, L50, F|
|poke|p2|Sneasler, L50, M|
|poke|p2|Camerupt, L50, M|
|poke|p2|Garchomp, L50, M|
|poke|p2|Froslass, L50, F|
|teampreview|4
|showteam|p1|Whimsicott||FocusSash|Prankster|Moonblast,Tailwind,Encore,GrassyTerrain|Timid||F|||50|]Chesnaught||Chesnaughtite|Bulletproof|BellyDrum,GrassyGlide,DrainPunch,Protect|Adamant||M|||50|]Tinkaton||WhiteHerb|MoldBreaker|GigatonHammer,Encore,Protect,FakeOut|Jolly||F|||50|]Sinistcha||ColburBerry|Hospitality|TrickRoom,MatchaGotcha,GrassyTerrain,RagePowder|Relaxed|||||50|]Froslass||Froslassite|SnowCloak|Blizzard,Protect,ShadowBall,NastyPlot|Timid||F|||50|]Aurorus||LifeOrb|SnowWarning|Blizzard,FreezeDry,Protect,AncientPower|Modest||F|||50|
|showteam|p2|Farigiraf||SitrusBerry|ArmorTail|TrickRoom,Psychic,EnergyBall,Protect|Serious||F|||50|]Primarina||MysticWater|LiquidVoice|HyperVoice,Protect,DrainingKiss,LifeDew|Quiet||F|||50|]Sneasler||FocusSash|PoisonTouch|FakeOut,QuickGuard,CloseCombat,DireClaw|Jolly||M|||50|]Camerupt||Cameruptite|MagmaArmor|Eruption,EarthPower,HeatWave,Protect|Quiet||M|||50|]Garchomp||LifeOrb|RoughSkin|Earthquake,RockSlide,DragonClaw,Protect|Jolly||M|||50|]Froslass||Froslassite|SnowCloak|Blizzard,AuroraVeil,ShadowBall,Protect|Timid||F|||50|
|inactive|Battle timer is ON: inactive players will automatically lose when time's up. (requested by ElAguaChile)
|
|t:|1784837656
|teamsize|p1|4
|teamsize|p2|4
|start
|switch|p1a: Chesnaught|Chesnaught, L50, M, shiny|100/100
|switch|p1b: Tinkaton|Tinkaton, L50, F|100/100
|switch|p2a: GODBODY|Farigiraf, L50, F|100/100
|switch|p2b: GTS|Sneasler, L50, M|100/100
|-ability|p1b: Tinkaton|Mold Breaker
|turn|1
|
|t:|1784837668
|detailschange|p1a: Chesnaught|Chesnaught-Mega, L50, M, shiny
|-mega|p1a: Chesnaught|Chesnaught|Chesnaughtite
|move|p2b: GTS|Fake Out|p1b: Tinkaton
|-resisted|p1b: Tinkaton|1
|-damage|p1b: Tinkaton|90/100
|cant|p1b: Tinkaton|flinch
|move|p1a: Chesnaught|Belly Drum|p1a: Chesnaught
|-damage|p1a: Chesnaught|50/100g
|-setboost|p1a: Chesnaught|atk|6|[from] move: Belly Drum
|move|p2a: GODBODY|Trick Room|p2a: GODBODY
|-fieldstart|move: Trick Room|[of] p2a: GODBODY
|
|upkeep
|turn|2
|
|t:|1784837688
|move|p1a: Chesnaught|Drain Punch|p2a: GODBODY
|-damage|p2a: GODBODY|0 fnt
|-heal|p1a: Chesnaught|100/100|[from] drain|[of] p2a: GODBODY
|faint|p2a: GODBODY
|move|p1b: Tinkaton|Encore|p2b: GTS
|-start|p2b: GTS|Encore
|move|p2b: GTS|Fake Out||[still]
|-hint|Fake Out only works on your first turn out.
|-fail|p2b: GTS
|
|upkeep
|
|t:|1784837698
|switch|p2a: tim duncan|Camerupt, L50, M|100/100
|turn|3
|
|t:|1784837708
|switch|p2b: Garchomp|Garchomp, L50, M|100/100
|move|p1a: Chesnaught|Protect|p1a: Chesnaught
|-singleturn|p1a: Chesnaught|Protect
|move|p2a: tim duncan|Eruption|p1a: Chesnaught|[spread] p1b
|-activate|p1a: Chesnaught|move: Protect
|-supereffective|p1b: Tinkaton|1
|-damage|p1b: Tinkaton|0 fnt
|faint|p1b: Tinkaton
|
|upkeep
|
|t:|1784837714
|switch|p1b: Whimsicott|Whimsicott, L50, F|100/100
|turn|4
|
|t:|1784837735
|move|p1b: Whimsicott|Grassy Terrain|p1b: Whimsicott
|-fieldstart|move: Grassy Terrain
|move|p1a: Chesnaught|Grassy Glide|p2a: tim duncan
|-damage|p2a: tim duncan|0 fnt
|faint|p2a: tim duncan
|move|p2b: Garchomp|Rock Slide|p1b: Whimsicott|[spread] p1a,p1b
|-resisted|p1a: Chesnaught|1
|-damage|p1a: Chesnaught|92/100
|-damage|p1b: Whimsicott|63/100
|-damage|p2b: Garchomp|90/100|[from] item: Life Orb
|
|-heal|p1a: Chesnaught|98/100|[from] Grassy Terrain
|-heal|p2b: Garchomp|96/100|[from] Grassy Terrain
|-heal|p1b: Whimsicott|69/100|[from] Grassy Terrain
|upkeep
|c|â˜†ElAguaChile|gg
|
|t:|1784837747
|switch|p2a: GTS|Sneasler, L50, M|100/100
|turn|5
|
|t:|1784837760
|move|p2a: GTS|Fake Out|p1b: Whimsicott
|-damage|p1b: Whimsicott|48/100
|move|p1a: Chesnaught|Drain Punch|p2a: GTS
|-resisted|p2a: GTS|1
|-enditem|p2a: GTS|Focus Sash
|-damage|p2a: GTS|1/100
|-heal|p1a: Chesnaught|100/100|[from] drain|[of] p2a: GTS
|move|p2b: Garchomp|Rock Slide|p1b: Whimsicott|[spread] p1a,p1b
|-resisted|p1a: Chesnaught|1
|-damage|p1a: Chesnaught|92/100
|-damage|p1b: Whimsicott|8/100
|-damage|p2b: Garchomp|86/100|[from] item: Life Orb
|cant|p1b: Whimsicott|flinch
|
|-heal|p1a: Chesnaught|98/100|[from] Grassy Terrain
|-heal|p2b: Garchomp|92/100|[from] Grassy Terrain
|-heal|p1b: Whimsicott|13/100|[from] Grassy Terrain
|-heal|p2a: GTS|6/100|[from] Grassy Terrain
|-fieldend|move: Trick Room
|upkeep
|turn|6
|c|â˜†coutsAF|gg
|c|â˜†coutsAF|cool idea
|c|â˜†ElAguaChile|ty
|-message|coutsAF forfeited.
|
|win|ElAguaChile
|raw|ElAguaChile's rating: 1000 → 1046(+46 for winning)
|raw|coutsAF's rating: 1055 → 1034(-21 for losing)
