|j|☆db57rf6tug
|j|☆0oBRUNCHo0
|html|db57rf6tug0oBRUNCHo0    
|uhtml|bestof|Game 1 of a best-of-3
|t:|1785644995
|gametype|doubles
|player|p1|db57rf6tug|170|1000
|player|p2|0oBRUNCHo0|unknown|1000
|gen|9
|tier|[Gen 9 Champions] VGC 2026 Reg M-B (Bo3)
|rated|
|rule|Species Clause: Limit one of each Pokémon
|rule|Item Clause: Limit 1 of each item
|clearpoke
|poke|p1|Kommo-o, L50, F|
|poke|p1|Froslass, L50, F|
|poke|p1|Lycanroc-Dusk, L50, M|
|poke|p1|Annihilape, L50, M|
|poke|p1|Kangaskhan, L50, F|
|poke|p1|Houndstone, L50, M|
|poke|p2|Kangaskhan, L50, F, shiny|
|poke|p2|Farigiraf, L50, F, shiny|
|poke|p2|Mawile, L50, F|
|poke|p2|Kingambit, L50, M|
|poke|p2|Basculegion, L50, M|
|poke|p2|Torkoal, L50, M|
|teampreview|4
|showteam|p1|Kommo-o||Leftovers|Soundproof|AuraSphere,ClangorousSoul,ClangingScales,Protect|Timid||F|||50|]Froslass||Froslassite|CursedBody|Blizzard,ShadowBall,AuroraVeil,Protect|Timid||F|||50|]Lycanroc-Dusk||FocusSash|ToughClaws|RockSlide,CloseCombat,Protect,Accelerock|Adamant||M|||50|]Annihilape||ChoiceScarf|Defiant|RageFist,CloseCombat,Uturn,IcePunch|Jolly||M|||50|]Kangaskhan||SilkScarf|Scrappy|FakeOut,LastResort|Brave||F|||50|]Houndstone||SitrusBerry|SandRush|BodyPress,Crunch,PhantomForce,Protect|Adamant||M|||50|
|showteam|p2|Kangaskhan||SilkScarf|Scrappy|FakeOut,LastResort|Brave||F|||50|]Farigiraf||SitrusBerry|ArmorTail|TrickRoom,Protect,Psychic,HelpingHand|Relaxed||F|||50|]Mawile||Mawilite|Intimidate|SuckerPunch,RockSlide,PlayRough,Protect|Brave||F|||50|]Kingambit||LifeOrb|Defiant|SwordsDance,SuckerPunch,Protect,KowtowCleave|Adamant||M|||50|]Basculegion||FocusSash|Adaptability|LastRespects,Protect,AquaJet,Liquidation|Adamant||M|||50|]Torkoal||Charcoal|Drought|Eruption,EarthPower,WeatherBall,Protect|Quiet||M|||50|
|inactive|Battle timer is ON: inactive players will automatically lose when time's up. (requested by db57rf6tug)
|inactive|db57rf6tug has 60 seconds left.
|inactive|0oBRUNCHo0 has 60 seconds left.
|inactive|0oBRUNCHo0 has 30 seconds left.
|inactive|0oBRUNCHo0 has 20 seconds left.
|inactive|0oBRUNCHo0 has 15 seconds left.
|inactive|0oBRUNCHo0 has 10 seconds left.
|inactive|0oBRUNCHo0 has 5 seconds left.
|
|t:|1785645101
|teamsize|p1|4
|teamsize|p2|4
|start
|switch|p1a: Froslass|Froslass, L50, F|100/100
|switch|p1b: Kommo-o|Kommo-o, L50, F|100/100
|switch|p2a: Kangaskhan|Kangaskhan, L50, F, shiny|100/100
|switch|p2b: Farigiraf|Farigiraf, L50, F, shiny|100/100
|turn|1
|inactive|0oBRUNCHo0 has 30 seconds left.
|
|t:|1785645128
|detailschange|p1a: Froslass|Froslass-Mega, L50, F
|-mega|p1a: Froslass|Froslass|Froslassite
|-weather|Snowscape|[from] ability: Snow Warning|[of] p1a: Froslass
|move|p1b: Kommo-o|Protect|p1b: Kommo-o
|-singleturn|p1b: Kommo-o|Protect
|move|p2a: Kangaskhan|Fake Out|p1b: Kommo-o
|-activate|p1b: Kommo-o|move: Protect
|move|p1a: Froslass|Blizzard|p2a: Kangaskhan|[spread] p2a,p2b
|-damage|p2a: Kangaskhan|57/100
|-damage|p2b: Farigiraf|57/100
|-status|p2a: Kangaskhan|frz
|move|p2b: Farigiraf|Trick Room|p2b: Farigiraf
|-fieldstart|move: Trick Room|[of] p2b: Farigiraf
|
|-weather|Snowscape|[upkeep]
|upkeep
|turn|2
|inactive|db57rf6tug has 30 seconds left.
|
|t:|1785645157
|move|p2b: Farigiraf|Psychic|p1b: Kommo-o
|-supereffective|p1b: Kommo-o|1
|-damage|p1b: Kommo-o|23/100
|cant|p2a: Kangaskhan|frz
|move|p1b: Kommo-o|Clanging Scales|p2b: Farigiraf|[spread] p2a,p2b
|-damage|p2a: Kangaskhan|23/100 frz
|-damage|p2b: Farigiraf|24/100
|-enditem|p2b: Farigiraf|Sitrus Berry|[eat]
|-heal|p2b: Farigiraf|48/100|[from] item: Sitrus Berry
|-unboost|p1b: Kommo-o|def|1
|move|p1a: Froslass|Aurora Veil|p1a: Froslass
|-sidestart|p1: db57rf6tug|move: Aurora Veil
|
|-weather|Snowscape|[upkeep]
|-heal|p1b: Kommo-o|29/100|[from] item: Leftovers
|upkeep
|turn|3
|
|t:|1785645178
|move|p1b: Kommo-o|Protect|p1b: Kommo-o
|-singleturn|p1b: Kommo-o|Protect
|move|p2b: Farigiraf|Psychic|p1b: Kommo-o
|-activate|p1b: Kommo-o|move: Protect
|cant|p2a: Kangaskhan|frz
|move|p1a: Froslass|Blizzard|p2a: Kangaskhan|[spread] p2a,p2b
|-damage|p2a: Kangaskhan|0 fnt
|-damage|p2b: Farigiraf|10/100
|faint|p2a: Kangaskhan
|
|-weather|Snowscape|[upkeep]
|-heal|p1b: Kommo-o|35/100|[from] item: Leftovers
|upkeep
|
|t:|1785645193
|switch|p2a: Mawile|Mawile, L50, F|100/100
|-ability|p2a: Mawile|Intimidate|boost
|-unboost|p1a: Froslass|atk|1
|-unboost|p1b: Kommo-o|atk|1
|turn|4
|
|t:|1785645211
|switch|p1b: Houndstone|Houndstone, L50, M|100/100
|detailschange|p2a: Mawile|Mawile-Mega, L50, F
|-mega|p2a: Mawile|Mawile|Mawilite
|move|p1a: Froslass|Protect|p1a: Froslass
|-singleturn|p1a: Froslass|Protect
|move|p2a: Mawile|Sucker Punch||[still]
|-fail|p2a: Mawile
|move|p2b: Farigiraf|Psychic|p1b: Houndstone
|-damage|p1b: Houndstone|78/100
|
|-weather|Snowscape|[upkeep]
|upkeep
|turn|5
|inactive|db57rf6tug has 30 seconds left.
|inactive|db57rf6tug has 20 seconds left.
|inactive|db57rf6tug has 15 seconds left.
|
|t:|1785645252
|move|p2b: Farigiraf|Helping Hand|p2a: Mawile
|-singleturn|p2a: Mawile|Helping Hand|[of] p2b: Farigiraf
|move|p2a: Mawile|Sucker Punch|p1a: Froslass
|-supereffective|p1a: Froslass|1
|-damage|p1a: Froslass|4/100
|move|p1b: Houndstone|Phantom Force||[still]
|-prepare|p1b: Houndstone|Phantom Force
|move|p1a: Froslass|Shadow Ball|p2a: Mawile
|-damage|p2a: Mawile|45/100
|
|-weather|none
|-fieldend|move: Trick Room
|upkeep
|turn|6
|inactive|0oBRUNCHo0 has 30 seconds left.
|
|t:|1785645278
|switch|p2a: Kingambit|Kingambit, L50, M|100/100
|move|p1a: Froslass|Protect|p1a: Froslass
|-singleturn|p1a: Froslass|Protect
|move|p1b: Houndstone|Phantom Force|p2a: Kingambit|[from] lockedmove
|-resisted|p2a: Kingambit|1
|-damage|p2a: Kingambit|83/100
|move|p2b: Farigiraf|Trick Room|p2b: Farigiraf
|-fieldstart|move: Trick Room|[of] p2b: Farigiraf
|
|-sideend|p1: db57rf6tug|move: Aurora Veil
|upkeep
|turn|7
|inactive|db57rf6tug has 30 seconds left.
|
|t:|1785645310
|move|p2a: Kingambit|Kowtow Cleave|p1b: Houndstone
|-supereffective|p1b: Houndstone|1
|-damage|p1b: Houndstone|0 fnt
|faint|p1b: Houndstone
|-damage|p2a: Kingambit|73/100|[from] item: Life Orb
|move|p2b: Farigiraf|Psychic|p1a: Froslass
|-damage|p1a: Froslass|0 fnt
|faint|p1a: Froslass
|
|upkeep
|
|t:|1785645319
|switch|p1b: Kommo-o|Kommo-o, L50, F|35/100
|switch|p1a: Annihilape|Annihilape, L50, M|100/100
|turn|8
|
|t:|1785645334
|move|p2a: Kingambit|Sucker Punch|p1a: Annihilape
|-damage|p1a: Annihilape|41/100
|-damage|p2a: Kingambit|63/100|[from] item: Life Orb
|move|p2b: Farigiraf|Psychic|p1b: Kommo-o
|-supereffective|p1b: Kommo-o|1
|-damage|p1b: Kommo-o|0 fnt
|faint|p1b: Kommo-o
|move|p1a: Annihilape|Close Combat|p2a: Kingambit
|-supereffective|p2a: Kingambit|2
|-damage|p2a: Kingambit|0 fnt
|-unboost|p1a: Annihilape|def|1
|-unboost|p1a: Annihilape|spd|1
|faint|p2a: Kingambit
|
|upkeep
|
|t:|1785645342
|switch|p2a: Mawile|Mawile-Mega, L50, F|45/100
|turn|9
|
|t:|1785645350
|move|p2a: Mawile|Sucker Punch|p1a: Annihilape
|-damage|p1a: Annihilape|0 fnt
|faint|p1a: Annihilape
|
|win|0oBRUNCHo0
||db57rf6tug is ready for game 2.
|inactive|0oBRUNCHo0 has 30 seconds to confirm battle start!
||0oBRUNCHo0 is ready for game 2.
|uhtml|next|Next: Game 2 of 3
|l|☆db57rf6tug
|player|p1|
|l|☆0oBRUNCHo0
|player|p2|
|j|☆0oBRUNCHo0
|player|p2|0oBRUNCHo0|unknown|
|l|☆0oBRUNCHo0
|player|p2|
|j|☆0oBRUNCHo0
|player|p2|0oBRUNCHo0|unknown|
