|j|☆Saicam16
|j|‽CharizardHater3
|html|Saicam16CharizardHater3    
|uhtml|bestof|Game 1 of a best-of-3
|t:|1783697114
|gametype|doubles
|player|p1|Saicam16|2|1025
|player|p2|CharizardHater3|cynthia-gen4|1085
|gen|9
|tier|[Gen 9 Champions] VGC 2026 Reg M-B (Bo3)
|rated|
|rule|Species Clause: Limit one of each Pokémon
|rule|Item Clause: Limit 1 of each item
|clearpoke
|poke|p1|Talonflame, L50, F, shiny|
|poke|p1|Incineroar, L50, M, shiny|
|poke|p1|Froslass, L50, F|
|poke|p1|Primarina, L50, M|
|poke|p1|Sneasler, L50, M|
|poke|p1|Kingambit, L50, F|
|poke|p2|Pelipper, L50, F, shiny|
|poke|p2|Archaludon, L50, M, shiny|
|poke|p2|Dragonite, L50, M, shiny|
|poke|p2|Rotom-Wash, L50, shiny|
|poke|p2|Swampert, L50, M, shiny|
|poke|p2|Sableye, L50, F|
|teampreview|4
|showteam|p1|Talonflame||MentalHerb|GaleWings|BraveBird,FlareBlitz,Tailwind,Protect|Jolly||F|||50|]Incineroar||SitrusBerry|Intimidate|FakeOut,FlareBlitz,DarkestLariat,PartingShot|Careful||M|||50|]Froslass||Froslassite|CursedBody|Protect,ShadowBall,IceBeam,Thunderbolt|Timid||F|||50|]Primarina||MysticWater|LiquidVoice|HyperVoice,Moonblast,Haze,Protect|Modest||M|||50|]Sneasler||FocusSash|Unburden|Protect,DireClaw,Uturn,CloseCombat|Adamant||M|||50|]Kingambit||BlackGlasses|Defiant|KowtowCleave,IronHead,SuckerPunch,Protect|Adamant||F|||50|
|showteam|p2|Pelipper||DampRock|Drizzle|Protect,Hurricane,WeatherBall,Tailwind|Relaxed||F|||50|]Archaludon||Magnet|Sturdy|Protect,FlashCannon,DracoMeteor,ElectroShot|Modest||M|||50|]Dragonite||Dragoninite|InnerFocus|Protect,Thunder,Hurricane,DragonPulse|Calm||M|||50|]Rotom-Wash||SitrusBerry|Levitate|HydroPump,Protect,VoltSwitch,Discharge|Timid|||||50|]Swampert||Swampertite|Torrent|WaveCrash,IcePunch,Protect,Earthquake|Adamant||M|||50|]Sableye||LightClay|Prankster|RainDance,Reflect,LightScreen,Endure|Bold||F|||50|
|
|t:|1783697164
|teamsize|p1|4
|teamsize|p2|4
|start
|switch|p1a: Sneasler|Sneasler, L50, M|100/100
|switch|p1b: Kingambit|Kingambit, L50, F|100/100
|switch|p2a: Rotom|Rotom-Wash, L50, shiny|100/100
|switch|p2b: Pelipper|Pelipper, L50, F, shiny|100/100
|-weather|RainDance|[from] ability: Drizzle|[of] p2b: Pelipper
|turn|1
|inactive|Battle timer is ON: inactive players will automatically lose when time's up. (requested by Saicam16)
|
|t:|1783697196
|move|p2a: Rotom|Protect|p2a: Rotom
|-singleturn|p2a: Rotom|Protect
|move|p2b: Pelipper|Protect|p2b: Pelipper
|-singleturn|p2b: Pelipper|Protect
|move|p1a: Sneasler|U-turn|p2a: Rotom
|-activate|p2a: Rotom|move: Protect
|move|p1b: Kingambit|Kowtow Cleave|p2b: Pelipper
|-activate|p2b: Pelipper|move: Protect
|
|-weather|RainDance|[upkeep]
|upkeep
|turn|2
|inactive|Saicam16 has 30 seconds left.
|inactive|CharizardHater3 has 30 seconds left.
|
|t:|1783697229
|move|p1a: Sneasler|U-turn|p2a: Rotom
|-damage|p2a: Rotom|62/100
|
|t:|1783697236
|switch|p1a: Incineroar|Incineroar, L50, M, shiny|100/100|[from] U-turn
|-ability|p1a: Incineroar|Intimidate|boost
|-unboost|p2a: Rotom|atk|1
|-unboost|p2b: Pelipper|atk|1
|move|p2a: Rotom|Volt Switch|p1a: Incineroar
|-damage|p1a: Incineroar|70/100
|
|t:|1783697247
|switch|p2a: Archaludon|Archaludon, L50, M, shiny|100/100|[from] Volt Switch
|move|p2b: Pelipper|Tailwind|p2b: Pelipper
|-sidestart|p2: CharizardHater3|move: Tailwind
|move|p1b: Kingambit|Kowtow Cleave|p2a: Archaludon
|-damage|p2a: Archaludon|55/100
|
|-weather|RainDance|[upkeep]
|upkeep
|turn|3
|inactive|Saicam16 has 30 seconds left.
|
|t:|1783697280
|switch|p2b: Dragonite|Dragonite, L50, M, shiny|100/100
|move|p1a: Incineroar|Fake Out|p2b: Dragonite
|-damage|p2b: Dragonite|88/100
|move|p2a: Archaludon|Electro Shot||[still]
|-prepare|p2a: Archaludon|Electro Shot
|-boost|p2a: Archaludon|spa|1
|-anim|p2a: Archaludon|Electro Shot|p1a: Incineroar
|-damage|p1a: Incineroar|0 fnt
|faint|p1a: Incineroar
|move|p1b: Kingambit|Kowtow Cleave|p2b: Dragonite
|-damage|p2b: Dragonite|33/100
|
|-weather|RainDance|[upkeep]
|upkeep
|
|t:|1783697297
|switch|p1a: Sneasler|Sneasler, L50, M|100/100
|turn|4
|
|t:|1783697321
|detailschange|p2b: Dragonite|Dragonite-Mega, L50, M, shiny
|-mega|p2b: Dragonite|Dragonite|Dragoninite
|move|p2b: Dragonite|Protect|p2b: Dragonite
|-singleturn|p2b: Dragonite|Protect
|move|p1b: Kingambit|Sucker Punch||[still]
|-fail|p1b: Kingambit
|move|p2a: Archaludon|Electro Shot||[still]
|-prepare|p2a: Archaludon|Electro Shot
|-boost|p2a: Archaludon|spa|1
|-anim|p2a: Archaludon|Electro Shot|p1b: Kingambit
|-damage|p1b: Kingambit|0 fnt
|faint|p1b: Kingambit
|move|p1a: Sneasler|Close Combat|p2a: Archaludon
|-supereffective|p2a: Archaludon|1
|-damage|p2a: Archaludon|0 fnt
|-unboost|p1a: Sneasler|def|1
|-unboost|p1a: Sneasler|spd|1
|faint|p2a: Archaludon
|
|-weather|RainDance|[upkeep]
|upkeep
|
|t:|1783697338
|switch|p2a: Rotom|Rotom-Wash, L50, shiny|62/100
|switch|p1b: Primarina|Primarina, L50, M|100/100
|turn|5
|
|t:|1783697359
|move|p1a: Sneasler|Protect|p1a: Sneasler
|-singleturn|p1a: Sneasler|Protect
|move|p1b: Primarina|Protect|p1b: Primarina
|-singleturn|p1b: Primarina|Protect
|move|p2a: Rotom|Volt Switch|p1a: Sneasler
|-activate|p1a: Sneasler|move: Protect
|move|p2b: Dragonite|Thunder|p1b: Primarina
|-activate|p1b: Primarina|move: Protect
|
|-weather|RainDance|[upkeep]
|-sideend|p2: CharizardHater3|move: Tailwind
|upkeep
|turn|6
|inactive|Saicam16 has 30 seconds left.
|
|t:|1783697389
|move|p2b: Dragonite|Protect|p2b: Dragonite
|-singleturn|p2b: Dragonite|Protect
|move|p1a: Sneasler|Dire Claw|p2b: Dragonite
|-activate|p2b: Dragonite|move: Protect
|move|p2a: Rotom|Volt Switch|p1a: Sneasler
|-damage|p1a: Sneasler|33/100
|
|t:|1783697397
|switch|p2a: Pelipper|Pelipper, L50, F, shiny|100/100|[from] Volt Switch
|move|p1b: Primarina|Moonblast|p2a: Pelipper
|-damage|p2a: Pelipper|37/100
|
|-weather|RainDance|[upkeep]
|upkeep
|turn|7
|
|t:|1783697421
|move|p1a: Sneasler|Dire Claw|p2b: Dragonite
|-damage|p2b: Dragonite|0 fnt
|faint|p2b: Dragonite
|move|p1b: Primarina|Moonblast|p2a: Pelipper
|-damage|p2a: Pelipper|0 fnt
|faint|p2a: Pelipper
|
|-weather|RainDance|[upkeep]
|upkeep
|
|t:|1783697429
|switch|p2b: Rotom|Rotom-Wash, L50, shiny|62/100
|turn|8
|
|t:|1783697434
|move|p1b: Primarina|Protect|p1b: Primarina
|-singleturn|p1b: Primarina|Protect
|move|p1a: Sneasler|Dire Claw|p2b: Rotom
|-damage|p2b: Rotom|0 fnt
|faint|p2b: Rotom
|
|win|Saicam16
