|j|☆BountyOG
|j|☆TeyVgc
|html|BountyOGTeyVgc    
|uhtml|bestof|Game 2 of a best-of-3
|t:|1783179001
|gametype|doubles
|player|p1|BountyOG|2|1288
|player|p2|TeyVgc|rood|1228
|gen|9
|tier|[Gen 9 Champions] VGC 2026 Reg M-B (Bo3)
|rated|
|rule|Species Clause: Limit one of each Pokémon
|rule|Item Clause: Limit 1 of each item
|clearpoke
|poke|p1|Farigiraf, L50, F|
|poke|p1|Vivillon-Monsoon, L50, F, shiny|
|poke|p1|Venusaur, L50, F, shiny|
|poke|p1|Camerupt, L50, F, shiny|
|poke|p1|Sylveon, L50, M|
|poke|p1|Kingambit, L50, F|
|poke|p2|Excadrill, L50, F|
|poke|p2|Tyranitar, L50, F|
|poke|p2|Staraptor, L50, F|
|poke|p2|Sinistcha, L50|
|poke|p2|Milotic, L50, F|
|poke|p2|Gholdengo, L50|
|teampreview|4
|showteam|p1|Farigiraf||SitrusBerry|ArmorTail|PsychicFangs,Thunderbolt,TrickRoom,Protect|Relaxed||F|||50|]Vivillon-Monsoon||FocusSash|CompoundEyes|SleepPowder,Hurricane,RagePowder,Protect|Timid||F|||50|]Venusaur||Venusaurite|Chlorophyll|Protect,EnergyBall,SludgeBomb,EarthPower|Modest||F|||50|]Camerupt||Cameruptite|SolidRock|AncientPower,EarthPower,HeatWave,Protect|Quiet||F|||50|]Sylveon||LifeOrb|Pixilate|QuickAttack,HyperVoice,HyperBeam,Detect|Quiet||M|||50|]Kingambit||BlackGlasses|Defiant|SuckerPunch,SwordsDance,Protect,KowtowCleave|Adamant||F|||50|
|showteam|p2|Excadrill||FocusSash|SandRush|Earthquake,IronHead,RockSlide,Protect|Adamant||F|||50|]Tyranitar||Tyranitarite|SandStream|RockSlide,KnockOff,DragonDance,Protect|Adamant||F|||50|]Staraptor||Staraptite|Intimidate|BraveBird,CloseCombat,Tailwind,Protect|Jolly||F|||50|]Sinistcha||SitrusBerry|Hospitality|MatchaGotcha,RagePowder,LifeDew,TrickRoom|Calm|||||50|]Milotic||Leftovers|Competitive|Scald,IceBeam,Recover,Protect|Modest||F|||50|]Gholdengo||LifeOrb|GoodasGold|MakeItRain,ShadowBall,NastyPlot,Protect|Modest|||||50|
|
|t:|1783179017
|teamsize|p1|4
|teamsize|p2|4
|start
|switch|p1a: Farigiraf|Farigiraf, L50, F|100/100
|switch|p1b: Vivillon|Vivillon-Monsoon, L50, F, shiny|100/100
|switch|p2a: Excadrill|Excadrill, L50, F|100/100
|switch|p2b: Tyranitar|Tyranitar, L50, F|100/100
|-weather|Sandstorm|[from] ability: Sand Stream|[of] p2b: Tyranitar
|turn|1
|inactive|Battle timer is ON: inactive players will automatically lose when time's up. (requested by BountyOG)
|
|t:|1783179034
|move|p2a: Excadrill|Rock Slide|p1a: Farigiraf|[spread] p1a,p1b
|-supereffective|p1b: Vivillon|2
|-damage|p1a: Farigiraf|82/100
|-enditem|p1b: Vivillon|Focus Sash
|-damage|p1b: Vivillon|1/100
|move|p1b: Vivillon|Sleep Powder|p2b: Tyranitar
|-status|p2b: Tyranitar|slp|[from] move: Sleep Powder
|cant|p2b: Tyranitar|slp
|move|p1a: Farigiraf|Trick Room|p1a: Farigiraf
|-fieldstart|move: Trick Room|[of] p1a: Farigiraf
|
|-weather|Sandstorm|[upkeep]
|-damage|p1a: Farigiraf|76/100|[from] Sandstorm
|-damage|p1b: Vivillon|0 fnt|[from] Sandstorm
|faint|p1b: Vivillon
|upkeep
|
|t:|1783179051
|switch|p1b: Camerupt|Camerupt, L50, F, shiny|100/100
|turn|2
|
|t:|1783179069
|switch|p1a: Sylveon|Sylveon, L50, M|100/100
|switch|p2b: Milotic|Milotic, L50, F|100/100
|detailschange|p1b: Camerupt|Camerupt-Mega, L50, F, shiny
|-mega|p1b: Camerupt|Camerupt|Cameruptite
|move|p2a: Excadrill|Protect|p2a: Excadrill
|-singleturn|p2a: Excadrill|Protect
|move|p1b: Camerupt|Earth Power|p2b: Milotic
|-damage|p2b: Milotic|50/100g
|
|-weather|Sandstorm|[upkeep]
|-damage|p1a: Sylveon|94/100|[from] Sandstorm
|-damage|p2b: Milotic|45/100|[from] Sandstorm
|-heal|p2b: Milotic|50/100g|[from] item: Leftovers
|upkeep
|turn|3
|inactive|TeyVgc has 30 seconds left.
|
|t:|1783179096
|switch|p2a: Sinistcha|Sinistcha, L50|100/100
|-heal|p2b: Milotic|75/100|[from] ability: Hospitality|[of] p2a: Sinistcha
|move|p1b: Camerupt|Heat Wave|p2b: Milotic|[spread] p2a,p2b
|-supereffective|p2a: Sinistcha|1
|-resisted|p2b: Milotic|1
|-damage|p2a: Sinistcha|5/100
|-damage|p2b: Milotic|57/100
|-enditem|p2a: Sinistcha|Sitrus Berry|[eat]
|-heal|p2a: Sinistcha|30/100|[from] item: Sitrus Berry
|move|p1a: Sylveon|Hyper Voice|p2b: Milotic|[spread] p2a,p2b
|-damage|p2a: Sinistcha|0 fnt
|-damage|p2b: Milotic|22/100
|faint|p2a: Sinistcha
|-damage|p1a: Sylveon|84/100|[from] item: Life Orb
|move|p2b: Milotic|Recover|p2b: Milotic
|-heal|p2b: Milotic|72/100
|
|-weather|Sandstorm|[upkeep]
|-damage|p1a: Sylveon|78/100|[from] Sandstorm
|-damage|p2b: Milotic|66/100|[from] Sandstorm
|-heal|p2b: Milotic|72/100|[from] item: Leftovers
|upkeep
|
|t:|1783179111
|switch|p2a: Tyranitar|Tyranitar, L50, F|100/100 slp
|turn|4
|
|t:|1783179125
|detailschange|p2a: Tyranitar|Tyranitar-Mega, L50, F
|-mega|p2a: Tyranitar|Tyranitar|Tyranitarite
|move|p1b: Camerupt|Earth Power|p2a: Tyranitar
|-supereffective|p2a: Tyranitar|1
|-damage|p2a: Tyranitar|33/100 slp
|move|p1a: Sylveon|Hyper Beam|p2b: Milotic
|-damage|p2b: Milotic|0 fnt
|-mustrecharge|p1a: Sylveon
|faint|p2b: Milotic
|-damage|p1a: Sylveon|69/100|[from] item: Life Orb
|-curestatus|p2a: Tyranitar|slp|[msg]
|move|p2a: Tyranitar|Rock Slide|p1b: Camerupt|[spread] p1a,p1b
|-crit|p1a: Sylveon
|-damage|p1a: Sylveon|8/100
|-damage|p1b: Camerupt|64/100
|
|-weather|Sandstorm|[upkeep]
|-damage|p1a: Sylveon|2/100|[from] Sandstorm
|upkeep
|
|t:|1783179138
|switch|p2b: Excadrill|Excadrill, L50, F|100/100
|turn|5
|
|t:|1783179155
|move|p2a: Tyranitar|Protect|p2a: Tyranitar
|-singleturn|p2a: Tyranitar|Protect
|move|p1b: Camerupt|Heat Wave|p2a: Tyranitar|[spread] p2b
|-activate|p2a: Tyranitar|move: Protect
|-supereffective|p2b: Excadrill|1
|-enditem|p2b: Excadrill|Focus Sash
|-damage|p2b: Excadrill|1/100
|cant|p1a: Sylveon|recharge
|move|p2b: Excadrill|Earthquake|p1a: Sylveon|[spread] p1a,p1b
|-activate|p2a: Tyranitar|move: Protect
|-supereffective|p1b: Camerupt|1
|-crit|p1b: Camerupt
|-damage|p1a: Sylveon|0 fnt
|-damage|p1b: Camerupt|0 fnt
|faint|p1a: Sylveon
|faint|p1b: Camerupt
|
|-weather|none
|-fieldend|move: Trick Room
|upkeep
|
|t:|1783179173
|switch|p1b: Farigiraf|Farigiraf, L50, F|76/100
|turn|6
|
|t:|1783179183
|move|p2b: Excadrill|Iron Head|p1b: Farigiraf
|-damage|p1b: Farigiraf|38/100
|-enditem|p1b: Farigiraf|Sitrus Berry|[eat]
|-heal|p1b: Farigiraf|63/100|[from] item: Sitrus Berry
|move|p2a: Tyranitar|Knock Off|p1b: Farigiraf
|-supereffective|p1b: Farigiraf|1
|-damage|p1b: Farigiraf|0 fnt
|faint|p1b: Farigiraf
|
|win|TeyVgc
|raw|BountyOG's rating: 1288 → 1259(-29 for losing)
|raw|TeyVgc's rating: 1228 → 1257(+29 for winning)
