|j|☆JohnnyBoy015
|j|☆basedfortnitegamer
|html|JohnnyBoy015basedfortnitegamer    
|uhtml|bestof|Game 1 of a best-of-3
|t:|1756169433
|gametype|doubles
|player|p1|JohnnyBoy015|rosa|1052
|player|p2|basedfortnitegamer|pokefan-gen4|1146
|gen|9
|tier|[Gen 9] VGC 2025 Reg H (Bo3)
|rated|
|rule|Species Clause: Limit one of each Pokémon
|rule|Item Clause: Limit 1 of each item
|clearpoke
|poke|p1|Dragonite, L50, F|
|poke|p1|Typhlosion-Hisui, L50, F|
|poke|p1|Jumpluff, L50, F|
|poke|p1|Torkoal, L50, M|
|poke|p1|Garchomp, L50, M|
|poke|p1|Kingambit, L50, F|
|poke|p2|Incineroar, L50, M|
|poke|p2|Sinistcha-Masterpiece, L50|
|poke|p2|Ursaluna, L50, F|
|poke|p2|Annihilape, L50, F|
|poke|p2|Ninetales-Alola, L50, F|
|poke|p2|Dragonite, L50, M|
|teampreview|4
|showteam|p1|Dragonite||LoadedDice|Multiscale|ScaleShot,IceSpinner,ExtremeSpeed,Protect|||F|||50|,,,,,Steel]Typhlosion-Hisui||ChoiceSpecs|Blaze|Eruption,HeatWave,ShadowBall,Overheat|||F|||50|,,,,,Fire]Jumpluff||CovertCloak|Chlorophyll|LeafStorm,Encore,SleepPowder,Tailwind|||F|||50|,,,,,Poison]Torkoal||EjectPack|Drought|BurningJealousy,Overheat,HelpingHand,Protect|||M|||50|,,,,,Flying]Garchomp||LifeOrb|RoughSkin|DragonClaw,Earthquake,StompingTantrum,Protect|||M|||50|,,,,,Fire]Kingambit||AssaultVest|Defiant|KowtowCleave,IronHead,LowKick,SuckerPunch|||F|||50|,,,,,Flying
|showteam|p2|Incineroar||SafetyGoggles|Intimidate|FlareBlitz,KnockOff,FakeOut,PartingShot|||M|||50|,,,,,Ghost]Sinistcha-Masterpiece||SitrusBerry|Hospitality|MatchaGotcha,RagePowder,TrickRoom,LifeDew||||||50|,,,,,Water]Ursaluna||FlameOrb|Guts|Facade,HeadlongRush,Earthquake,Protect|||F|||50|,,,,,Ghost]Annihilape||FocusSash|Defiant|CloseCombat,RageFist,Coaching,Taunt|||F|||50|,,,,,Flying]Ninetales-Alola||NeverMeltIce|SnowWarning|Blizzard,FreezeDry,AuroraVeil,Protect|||F|||50|,,,,,Ghost]Dragonite||LoadedDice|Multiscale|ScaleShot,Tailwind,Haze,Protect|||M|||50|,,,,,Fairy
|inactive|Battle timer is ON: inactive players will automatically lose when time's up. (requested by basedfortnitegamer)
|j| We_Are_Toasted
|l| We_Are_Toasted
|inactive|JohnnyBoy015 has 60 seconds left.
|inactive|JohnnyBoy015 has 30 seconds left.
|
|t:|1756169495
|teamsize|p1|4
|teamsize|p2|4
|start
|switch|p1a: Typhlosion|Typhlosion-Hisui, L50, F|100/100
|switch|p1b: Torkoal|Torkoal, L50, M|100/100
|switch|p2a: Sinistcha|Sinistcha-Masterpiece, L50|100/100
|switch|p2b: Incineroar|Incineroar, L50, M|100/100
|-ability|p2b: Incineroar|Intimidate|boost
|-unboost|p1a: Typhlosion|atk|1
|-unboost|p1b: Torkoal|atk|1
|-weather|SunnyDay|[from] ability: Drought|[of] p1b: Torkoal
|-enditem|p1b: Torkoal|Eject Pack
|
|t:|1756169517
|switch|p1b: Dragonite|Dragonite, L50, F|100/100
|turn|1
|inactive|JohnnyBoy015 has 30 seconds left.
|
|t:|1756169544
|switch|p1a: Torkoal|Torkoal, L50, M|100/100
|-terastallize|p2a: Sinistcha|Water
|move|p2b: Incineroar|Fake Out|p1b: Dragonite
|-damage|p1b: Dragonite|94/100
|cant|p1b: Dragonite|flinch
|move|p2a: Sinistcha|Trick Room|p2a: Sinistcha
|-fieldstart|move: Trick Room|[of] p2a: Sinistcha
|
|-weather|SunnyDay|[upkeep]
|upkeep
|turn|2
|
|t:|1756169564
|move|p1a: Torkoal|Burning Jealousy|p2b: Incineroar|[spread] p2a,p2b
|-resisted|p2a: Sinistcha
|-resisted|p2b: Incineroar
|-crit|p2b: Incineroar
|-damage|p2a: Sinistcha|84/100
|-damage|p2b: Incineroar|80/100
|move|p2b: Incineroar|Parting Shot|p1a: Torkoal
|-unboost|p1a: Torkoal|atk|1
|-unboost|p1a: Torkoal|spa|1
|
|t:|1756169571
|switch|p2b: Ursaluna|Ursaluna, L50, F|100/100|[from] Parting Shot
|move|p2a: Sinistcha|Matcha Gotcha|p1b: Dragonite|[spread] p1a,p1b
|-resisted|p1a: Torkoal
|-crit|p1a: Torkoal
|-resisted|p1b: Dragonite
|-damage|p1a: Torkoal|77/100
|-heal|p2a: Sinistcha|95/100|[from] drain|[of] p1a: Torkoal
|-damage|p1b: Dragonite|88/100
|-heal|p2a: Sinistcha|98/100|[from] drain|[of] p1b: Dragonite
|move|p1b: Dragonite|Scale Shot|p2b: Ursaluna
|-damage|p2b: Ursaluna|89/100
|-damage|p2b: Ursaluna|78/100
|-damage|p2b: Ursaluna|68/100
|-damage|p2b: Ursaluna|57/100
|-damage|p2b: Ursaluna|45/100
|-hitcount|p2b: Ursaluna|5
|-unboost|p1b: Dragonite|def|1
|-boost|p1b: Dragonite|spe|1
|
|-weather|SunnyDay|[upkeep]
|-status|p2b: Ursaluna|brn|[from] item: Flame Orb
|upkeep
|turn|3
|inactive|JohnnyBoy015 has 30 seconds left.
|inactive|JohnnyBoy015 has 20 seconds left.
|inactive|JohnnyBoy015 has 15 seconds left.
|inactive|JohnnyBoy015 has 10 seconds left.
|
|t:|1756169617
|move|p2b: Ursaluna|Protect|p2b: Ursaluna
|-singleturn|p2b: Ursaluna|Protect
|move|p1b: Dragonite|Protect|p1b: Dragonite
|-singleturn|p1b: Dragonite|Protect
|move|p1a: Torkoal|Burning Jealousy|p2a: Sinistcha|[spread] p2a
|-activate|p2b: Ursaluna|move: Protect
|-resisted|p2a: Sinistcha
|-damage|p2a: Sinistcha|88/100
|move|p2a: Sinistcha|Life Dew|p2a: Sinistcha|[spread] p2a,p2b
|-heal|p2a: Sinistcha|100/100
|-heal|p2b: Ursaluna|70/100 brn
|
|-weather|SunnyDay|[upkeep]
|-damage|p2b: Ursaluna|64/100 brn|[from] brn
|upkeep
|turn|4
|
|t:|1756169639
|switch|p1b: Typhlosion|Typhlosion-Hisui, L50, F|100/100
|move|p2a: Sinistcha|Rage Powder|p2a: Sinistcha
|-singleturn|p2a: Sinistcha|move: Rage Powder
|move|p1a: Torkoal|Overheat|p2a: Sinistcha
|-resisted|p2a: Sinistcha
|-damage|p2a: Sinistcha|74/100
|-unboost|p1a: Torkoal|spa|2
|move|p2b: Ursaluna|Facade|p1a: Torkoal
|-damage|p1a: Torkoal|0 fnt
|faint|p1a: Torkoal
|
|-weather|SunnyDay|[upkeep]
|-damage|p2b: Ursaluna|58/100 brn|[from] brn
|upkeep
|
|t:|1756169659
|switch|p1a: Dragonite|Dragonite, L50, F|88/100
|turn|5
|
|t:|1756169681
|move|p2b: Ursaluna|Headlong Rush|p1b: Typhlosion
|-supereffective|p1b: Typhlosion
|-damage|p1b: Typhlosion|0 fnt
|-unboost|p2b: Ursaluna|def|1
|-unboost|p2b: Ursaluna|spd|1
|faint|p1b: Typhlosion
|move|p2a: Sinistcha|Life Dew|p2a: Sinistcha|[spread] p2a,p2b
|-heal|p2a: Sinistcha|99/100
|-heal|p2b: Ursaluna|83/100 brn
|move|p1a: Dragonite|Scale Shot|p2b: Ursaluna
|-damage|p2b: Ursaluna|66/100 brn
|-damage|p2b: Ursaluna|48/100 brn
|-damage|p2b: Ursaluna|31/100 brn
|-damage|p2b: Ursaluna|15/100 brn
|-hitcount|p2b: Ursaluna|4
|-unboost|p1a: Dragonite|def|1
|-boost|p1a: Dragonite|spe|1
|
|-weather|none
|-damage|p2b: Ursaluna|9/100 brn|[from] brn
|-fieldend|move: Trick Room
|upkeep
|
|t:|1756169700
|switch|p1b: Kingambit|Kingambit, L50, F|100/100
|turn|6
|
|t:|1756169722
|move|p1a: Dragonite|Extreme Speed|p2b: Ursaluna
|-damage|p2b: Ursaluna|0 fnt
|faint|p2b: Ursaluna
|move|p2a: Sinistcha|Rage Powder|p2a: Sinistcha
|-singleturn|p2a: Sinistcha|move: Rage Powder
|move|p1b: Kingambit|Kowtow Cleave|p2a: Sinistcha
|-damage|p2a: Sinistcha|58/100
|
|upkeep
|
|t:|1756169735
|switch|p2b: Annihilape|Annihilape, L50, F|100/100
|turn|7
|inactive|JohnnyBoy015 has 30 seconds left.
|
|t:|1756169760
|-terastallize|p1b: Kingambit|Flying
|move|p2a: Sinistcha|Rage Powder|p2a: Sinistcha
|-singleturn|p2a: Sinistcha|move: Rage Powder
|move|p1a: Dragonite|Scale Shot|p2a: Sinistcha
|-crit|p2a: Sinistcha
|-damage|p2a: Sinistcha|39/100
|-enditem|p2a: Sinistcha|Sitrus Berry|[eat]
|-heal|p2a: Sinistcha|64/100|[from] item: Sitrus Berry
|-damage|p2a: Sinistcha|52/100
|-damage|p2a: Sinistcha|42/100
|-damage|p2a: Sinistcha|30/100
|-hitcount|p2a: Sinistcha|4
|-unboost|p1a: Dragonite|def|1
|-boost|p1a: Dragonite|spe|1
|move|p2b: Annihilape|Close Combat|p1b: Kingambit
|-resisted|p1b: Kingambit
|-damage|p1b: Kingambit|80/100
|-unboost|p2b: Annihilape|def|1
|-unboost|p2b: Annihilape|spd|1
|move|p1b: Kingambit|Kowtow Cleave|p2a: Sinistcha
|-damage|p2a: Sinistcha|0 fnt
|faint|p2a: Sinistcha
|
|upkeep
|
|t:|1756169763
|switch|p2a: Incineroar|Incineroar, L50, M|80/100
|-ability|p2a: Incineroar|Intimidate|boost
|-unboost|p1a: Dragonite|atk|1
|-unboost|p1b: Kingambit|atk|1
|-ability|p1b: Kingambit|Defiant|boost
|-boost|p1b: Kingambit|atk|2
|turn|8
|inactive|JohnnyBoy015 has 30 seconds left.
|inactive|JohnnyBoy015 has 20 seconds left.
|inactive|JohnnyBoy015 has 15 seconds left.
|
|t:|1756169805
|move|p1a: Dragonite|Scale Shot|p2b: Annihilape
|-damage|p2b: Annihilape|83/100
|-damage|p2b: Annihilape|65/100
|-damage|p2b: Annihilape|46/100
|-damage|p2b: Annihilape|30/100
|-damage|p2b: Annihilape|11/100
|-hitcount|p2b: Annihilape|5
|-unboost|p1a: Dragonite|def|1
|-boost|p1a: Dragonite|spe|1
|move|p2b: Annihilape|Coaching|p2a: Incineroar
|-boost|p2a: Incineroar|atk|1
|-boost|p2a: Incineroar|def|1
|move|p2a: Incineroar|Knock Off|p1a: Dragonite
|-damage|p1a: Dragonite|0 fnt
|-enditem|p1a: Dragonite|Loaded Dice|[from] move: Knock Off|[of] p2a: Incineroar
|faint|p1a: Dragonite
|move|p1b: Kingambit|Low Kick|p2a: Incineroar
|-supereffective|p2a: Incineroar
|-damage|p2a: Incineroar|24/100
|
|upkeep
|turn|9
|
|t:|1756169828
|move|p1b: Kingambit|Sucker Punch|p2a: Incineroar
|-resisted|p2a: Incineroar
|-damage|p2a: Incineroar|5/100
|move|p2b: Annihilape|Rage Fist|p1b: Kingambit
|-damage|p1b: Kingambit|0 fnt
|faint|p1b: Kingambit
|
|win|basedfortnitegamer
||JohnnyBoy015 is ready for game 2.
||basedfortnitegamer is ready for game 2.
|uhtml|next|Next: Game 2 of 3
