|j|☆Dnomy
|j|☆Pickle315
|html|DnomyPickle315    
|uhtml|bestof|Game 1 of a best-of-3
|t:|1756958178
|gametype|doubles
|player|p1|Dnomy|steven|1031
|player|p2|Pickle315|hilbert|1115
|gen|9
|tier|[Gen 9] VGC 2025 Reg H (Bo3)
|rated|
|rule|Species Clause: Limit one of each Pokémon
|rule|Item Clause: Limit 1 of each item
|clearpoke
|poke|p1|Gholdengo, L50|
|poke|p1|Volcarona, L50, M|
|poke|p1|Amoonguss, L50, M|
|poke|p1|Primarina, L50, F|
|poke|p1|Dragonite, L50, M|
|poke|p1|Flamigo, L50, F|
|poke|p2|Torkoal, L50, M|
|poke|p2|Amoonguss, L50, M|
|poke|p2|Charizard, L50, F|
|poke|p2|Kingambit, L50, M|
|poke|p2|Rillaboom, L50, M|
|poke|p2|Dragapult, L50, M|
|teampreview|4
|showteam|p1|Gholdengo||MetalCoat|GoodasGold|MakeItRain,ShadowBall,NastyPlot,Protect||||||50|,,,,,Dragon]Volcarona||Leftovers|FlameBody|QuiverDance,HeatWave,GigaDrain,Protect|||M|||50|,,,,,Grass]Amoonguss||SitrusBerry|Regenerator|PollenPuff,Spore,RagePowder,Protect|||M|||50|,,,,,Water]Primarina||ThroatSpray|LiquidVoice|HyperVoice,Moonblast,Haze,Protect|||F|||50|,,,,,Poison]Dragonite||LoadedDice|Multiscale|Protect,ScaleShot,ExtremeSpeed,StompingTantrum|||M|||50|,,,,,Fairy]Flamigo||FocusSash|Scrappy|CloseCombat,BraveBird,WideGuard,Tailwind|||F|||50|,,,,,Ghost
|showteam|p2|Torkoal||CovertCloak|Drought|BodyPress,ClearSmog,HelpingHand,WillOWisp|||M|||50|,,,,,Fighting]Amoonguss||RockyHelmet|Regenerator|PollenPuff,RagePowder,Spore,Synthesis|||M|||50|,,,,,Water]Charizard||LifeOrb|SolarPower|TeraBlast,HeatWave,Protect,SolarBeam|||F|||50|,,,,,Flying]Kingambit||AssaultVest|Defiant|KowtowCleave,IronHead,SuckerPunch,BrickBreak|||M|||50|,,,,,Ghost]Rillaboom||SitrusBerry|GrassySurge|HighHorsepower,GrassyGlide,SolarBlade,FakeOut|||M|||50|,,,,,Electric]Dragapult||ColburBerry|ClearBody|SunnyDay,Protect,DracoMeteor,Thunderbolt|||M|||50|,,,,,Steel
|
|t:|1756958230
|teamsize|p1|4
|teamsize|p2|4
|start
|switch|p1a: Primarina|Primarina, L50, F|100/100
|switch|p1b: Flamigo|Flamigo, L50, F|100/100
|switch|p2a: Kingambit|Kingambit, L50, M|100/100
|switch|p2b: Rillaboom|Rillaboom, L50, M|100/100
|-fieldstart|move: Grassy Terrain|[from] ability: Grassy Surge|[of] p2b: Rillaboom
|turn|1
|
|t:|1756958258
|move|p1a: Primarina|Protect|p1a: Primarina
|-singleturn|p1a: Primarina|Protect
|move|p2b: Rillaboom|Fake Out|p1b: Flamigo
|-damage|p1b: Flamigo|79/100
|cant|p1b: Flamigo|flinch
|move|p2a: Kingambit|Iron Head|p1a: Primarina
|-activate|p1a: Primarina|move: Protect
|
|upkeep
|turn|2
|
|t:|1756958281
|switch|p2b: Torkoal|Torkoal, L50, M|100/100
|-weather|SunnyDay|[from] ability: Drought|[of] p2b: Torkoal
|switch|p1a: Volcarona|Volcarona, L50, M|100/100
|-terastallize|p2a: Kingambit|Ghost
|move|p1b: Flamigo|Close Combat|p2a: Kingambit
|-damage|p2a: Kingambit|61/100
|-unboost|p1b: Flamigo|def|1
|-unboost|p1b: Flamigo|spd|1
|move|p2a: Kingambit|Iron Head|p1b: Flamigo
|-damage|p1b: Flamigo|0 fnt
|faint|p1b: Flamigo
|
|-weather|SunnyDay|[upkeep]
|-heal|p2a: Kingambit|67/100|[from] Grassy Terrain
|upkeep
|
|t:|1756958295
|switch|p1b: Dragonite|Dragonite, L50, M|100/100
|turn|3
|
|t:|1756958316
|switch|p2a: Charizard|Charizard, L50, F|100/100
|move|p1a: Volcarona|Quiver Dance|p1a: Volcarona
|-boost|p1a: Volcarona|spa|1
|-boost|p1a: Volcarona|spd|1
|-boost|p1a: Volcarona|spe|1
|move|p1b: Dragonite|Stomping Tantrum|p2b: Torkoal
|-supereffective|p2b: Torkoal
|-damage|p2b: Torkoal|69/100
|move|p2b: Torkoal|Will-O-Wisp|p1b: Dragonite
|-status|p1b: Dragonite|brn
|
|-weather|SunnyDay|[upkeep]
|-damage|p2a: Charizard|88/100|[from] ability: Solar Power|[of] p2a: Charizard
|-heal|p2b: Torkoal|75/100|[from] Grassy Terrain
|-damage|p1b: Dragonite|95/100 brn|[from] brn
|upkeep
|turn|4
|
|t:|1756958347
|move|p1a: Volcarona|Quiver Dance|p1a: Volcarona
|-boost|p1a: Volcarona|spa|1
|-boost|p1a: Volcarona|spd|1
|-boost|p1a: Volcarona|spe|1
|move|p2a: Charizard|Heat Wave|p1a: Volcarona|[spread] p1a,p1b
|-resisted|p1b: Dragonite
|-damage|p1a: Volcarona|58/100
|-damage|p1b: Dragonite|52/100 brn
|-damage|p2a: Charizard|78/100|[from] item: Life Orb
|move|p1b: Dragonite|Scale Shot|p2a: Charizard
|-damage|p2a: Charizard|67/100
|-damage|p2a: Charizard|57/100
|-damage|p2a: Charizard|46/100
|-damage|p2a: Charizard|36/100
|-hitcount|p2a: Charizard|4
|-unboost|p1b: Dragonite|def|1
|-boost|p1b: Dragonite|spe|1
|move|p2b: Torkoal|Clear Smog|p1a: Volcarona
|-damage|p1a: Volcarona|53/100
|-clearboost|p1a: Volcarona
|
|-weather|SunnyDay|[upkeep]
|-damage|p2a: Charizard|23/100|[from] ability: Solar Power|[of] p2a: Charizard
|-heal|p1a: Volcarona|59/100|[from] Grassy Terrain
|-heal|p1a: Volcarona|65/100|[from] item: Leftovers
|-heal|p2b: Torkoal|81/100|[from] Grassy Terrain
|-damage|p1b: Dragonite|46/100 brn|[from] brn
|upkeep
|turn|5
|
|t:|1756958397
|move|p2a: Charizard|Heat Wave|p1a: Volcarona|[spread] p1a
|-miss|p2a: Charizard|p1b: Dragonite
|-damage|p1a: Volcarona|0 fnt
|faint|p1a: Volcarona
|-damage|p2a: Charizard|13/100|[from] item: Life Orb
|move|p1b: Dragonite|Scale Shot|p2a: Charizard
|-damage|p2a: Charizard|2/100
|-damage|p2a: Charizard|0 fnt
|faint|p2a: Charizard
|-hitcount|p2: Charizard|2
|-unboost|p1b: Dragonite|def|1
|-boost|p1b: Dragonite|spe|1
|move|p2b: Torkoal|Body Press|p1b: Dragonite
|-resisted|p1b: Dragonite
|-damage|p1b: Dragonite|16/100 brn
|
|-weather|SunnyDay|[upkeep]
|-heal|p2b: Torkoal|88/100|[from] Grassy Terrain
|-damage|p1b: Dragonite|10/100 brn|[from] brn
|-fieldend|move: Grassy Terrain
|upkeep
|
|t:|1756958416
|switch|p2a: Rillaboom|Rillaboom, L50, M|100/100
|switch|p1a: Primarina|Primarina, L50, F|100/100
|-fieldstart|move: Grassy Terrain|[from] ability: Grassy Surge|[of] p2a: Rillaboom
|turn|6
|
|t:|1756958437
|switch|p2b: Kingambit|Kingambit, L50, M, tera:Ghost|67/100
|move|p1b: Dragonite|Protect|p1b: Dragonite
|-singleturn|p1b: Dragonite|Protect
|move|p1a: Primarina|Protect|p1a: Primarina
|-singleturn|p1a: Primarina|Protect
|move|p2a: Rillaboom|Fake Out|p1a: Primarina
|-activate|p1a: Primarina|move: Protect
|
|-weather|none
|-heal|p2b: Kingambit|73/100|[from] Grassy Terrain
|-damage|p1b: Dragonite|5/100 brn|[from] brn
|upkeep
|turn|7
|
|t:|1756958451
|switch|p2b: Torkoal|Torkoal, L50, M|88/100
|-weather|SunnyDay|[from] ability: Drought|[of] p2b: Torkoal
|-terastallize|p1a: Primarina|Poison
|move|p1b: Dragonite|Scale Shot|p2b: Torkoal
|-damage|p2b: Torkoal|84/100
|-damage|p2b: Torkoal|79/100
|-damage|p2b: Torkoal|75/100
|-damage|p2b: Torkoal|71/100
|-damage|p2b: Torkoal|67/100
|-hitcount|p2b: Torkoal|5
|-unboost|p1b: Dragonite|def|1
|-boost|p1b: Dragonite|spe|1
|move|p2a: Rillaboom|Solar Blade||[still]
|-prepare|p2a: Rillaboom|Solar Blade
|-anim|p2a: Rillaboom|Solar Blade|p1a: Primarina
|-resisted|p1a: Primarina
|-damage|p1a: Primarina|57/100
|move|p1a: Primarina|Hyper Voice|p2b: Torkoal|[spread] p2a,p2b
|-resisted|p2a: Rillaboom
|-crit|p2a: Rillaboom
|-supereffective|p2b: Torkoal
|-damage|p2a: Rillaboom|87/100
|-damage|p2b: Torkoal|21/100
|-enditem|p1a: Primarina|Throat Spray
|-boost|p1a: Primarina|spa|1|[from] item: Throat Spray
|
|-weather|SunnyDay|[upkeep]
|-heal|p2a: Rillaboom|93/100|[from] Grassy Terrain
|-heal|p1a: Primarina|63/100|[from] Grassy Terrain
|-heal|p2b: Torkoal|28/100|[from] Grassy Terrain
|-damage|p1b: Dragonite|0 fnt|[from] brn
|faint|p1b: Dragonite
|upkeep
|turn|8
|
|t:|1756958483
|move|p2a: Rillaboom|High Horsepower|p1a: Primarina
|-supereffective|p1a: Primarina
|-damage|p1a: Primarina|0 fnt
|faint|p1a: Primarina
|
|win|Pickle315
||Pickle315 is ready for game 2.
|inactive|Dnomy has 30 seconds to confirm battle start!
