|j|☆NemoAK
|j|☆Missed Ledgedash
|html|NemoAKMissed Ledgedash    
|uhtml|bestof|Game 3 of a best-of-3
|t:|1782353852
|gametype|doubles
|player|p1|NemoAK|170|1234
|player|p2|Missed Ledgedash|juan-gen3|1253
|gen|9
|tier|[Gen 9 Champions] VGC 2026 Reg M-B (Bo3)
|rated|
|rule|Species Clause: Limit one of each Pokémon
|rule|Item Clause: Limit 1 of each item
|clearpoke
|poke|p1|Staraptor, L50, M|
|poke|p1|Whimsicott, L50, M|
|poke|p1|Basculegion, L50, M|
|poke|p1|Farigiraf, L50, M|
|poke|p1|Garchomp, L50, M|
|poke|p1|Camerupt, L50, M|
|poke|p2|Incineroar, L50, M|
|poke|p2|Gengar, L50, F|
|poke|p2|Staraptor, L50, F|
|poke|p2|Basculegion, L50, M|
|poke|p2|Sneasler, L50, M|
|poke|p2|Kingambit, L50, F|
|teampreview|4
|showteam|p1|Staraptor||Staraptite|Intimidate|CloseCombat,BraveBird,Protect,Roost|Jolly||M|||50|]Whimsicott||MentalHerb|Prankster|Moonblast,Tailwind,Tickle,FakeTears|Timid||M|||50|]Basculegion||ChoiceScarf|Adaptability|LastRespects,WaveCrash,AquaJet,FlipTurn|Adamant||M|||50|]Farigiraf||SitrusBerry|ArmorTail|HyperVoice,Psychic,TrickRoom,HelpingHand|Quiet||M|||50|]Garchomp||LifeOrb|RoughSkin|Earthquake,RockSlide,ScaleShot,Protect|Jolly||M|||50|]Camerupt||Cameruptite|MagmaArmor|EarthPower,HeatWave,Protect,AncientPower|Quiet||M|||50|
|showteam|p2|Incineroar||SitrusBerry|Intimidate|Protect,FlareBlitz,PartingShot,FakeOut|Relaxed||M|||50|]Gengar||Gengarite|CursedBody|Protect,ShadowBall,SludgeBomb,PerishSong|Timid||F|||50|]Staraptor||Staraptite|Intimidate|Protect,CloseCombat,BraveBird,FinalGambit|Jolly||F|||50|]Basculegion||MysticWater|Adaptability|Protect,WaveCrash,LastRespects,AquaJet|Adamant||M|||50|]Sneasler||WhiteHerb|Unburden|Protect,CloseCombat,DireClaw,FakeOut|Adamant||M|||50|]Kingambit||ChopleBerry|Defiant|Protect,KowtowCleave,SuckerPunch,LowKick|Adamant||F|||50|
|inactive|Battle timer is ON: inactive players will automatically lose when time's up. (requested by NemoAK)
|inactive|Missed Ledgedash has 60 seconds left.
|
|t:|1782353947
|teamsize|p1|4
|teamsize|p2|4
|start
|switch|p1a: Whimsicott|Whimsicott, L50, M|100/100
|switch|p1b: Basculegion|Basculegion, L50, M|100/100
|switch|p2a: Staraptor|Staraptor, L50, F|100/100
|switch|p2b: Kingambit|Kingambit, L50, F|100/100
|-ability|p2a: Staraptor|Intimidate|boost
|-unboost|p1a: Whimsicott|atk|1
|-unboost|p1b: Basculegion|atk|1
|turn|1
|inactive|Missed Ledgedash has 30 seconds left.
|
|t:|1782353973
|detailschange|p2a: Staraptor|Staraptor-Mega, L50, F
|-mega|p2a: Staraptor|Staraptor|Staraptite
|move|p1a: Whimsicott|Tailwind|p1a: Whimsicott
|-sidestart|p1: NemoAK|move: Tailwind
|move|p1b: Basculegion|Wave Crash|p2b: Kingambit
|-damage|p2b: Kingambit|61/100
|-damage|p1b: Basculegion|86/100|[from] Recoil
|move|p2a: Staraptor|Close Combat|p1a: Whimsicott
|-resisted|p1a: Whimsicott|1
|-damage|p1a: Whimsicott|65/100
|-boost|p2a: Staraptor|def|1
|-boost|p2a: Staraptor|spd|1
|move|p2b: Kingambit|Kowtow Cleave|p1b: Basculegion
|-supereffective|p1b: Basculegion|1
|-damage|p1b: Basculegion|0 fnt
|faint|p1b: Basculegion
|
|upkeep
|
|t:|1782353984
|switch|p1b: Garchomp|Garchomp, L50, M|100/100
|turn|2
|inactive|Missed Ledgedash has 30 seconds left.
|inactive|Missed Ledgedash has 20 seconds left.
|
|t:|1782354021
|move|p1a: Whimsicott|Moonblast|p2a: Staraptor
|-supereffective|p2a: Staraptor|1
|-damage|p2a: Staraptor|58/100
|move|p1b: Garchomp|Earthquake|p2b: Kingambit|[spread] p1a,p2b
|-immune|p2a: Staraptor
|-resisted|p1a: Whimsicott|1
|-supereffective|p2b: Kingambit|1
|-damage|p1a: Whimsicott|30/100
|-damage|p2b: Kingambit|0 fnt
|faint|p2b: Kingambit
|-damage|p1b: Garchomp|90/100|[from] item: Life Orb
|move|p2a: Staraptor|Close Combat|p1b: Garchomp
|-damage|p1b: Garchomp|37/100
|-boost|p2a: Staraptor|def|1
|-boost|p2a: Staraptor|spd|1
|-damage|p2a: Staraptor|45/100|[from] ability: Rough Skin|[of] p1b: Garchomp
|
|upkeep
|
|t:|1782354045
|switch|p2b: Basculegion|Basculegion, L50, M|100/100
|turn|3
|inactive|Missed Ledgedash has 30 seconds left.
|
|t:|1782354077
|move|p1a: Whimsicott|Tickle|p2b: Basculegion
|-unboost|p2b: Basculegion|atk|1
|-unboost|p2b: Basculegion|def|1
|move|p1b: Garchomp|Scale Shot|p2b: Basculegion
|-damage|p2b: Basculegion|69/100
|-damage|p2b: Basculegion|40/100
|-damage|p2b: Basculegion|12/100
|-hitcount|p2b: Basculegion|3
|-unboost|p1b: Garchomp|def|1
|-boost|p1b: Garchomp|spe|1
|-damage|p1b: Garchomp|27/100|[from] item: Life Orb
|move|p2a: Staraptor|Close Combat|p1b: Garchomp
|-damage|p1b: Garchomp|0 fnt
|-boost|p2a: Staraptor|def|1
|-boost|p2a: Staraptor|spd|1
|-damage|p2a: Staraptor|33/100|[from] ability: Rough Skin|[of] p1b: Garchomp
|faint|p1b: Garchomp
|move|p2b: Basculegion|Last Respects|p1a: Whimsicott
|-damage|p1a: Whimsicott|0 fnt
|faint|p1a: Whimsicott
|
|upkeep
|
|t:|1782354087
|switch|p1b: Staraptor|Staraptor, L50, M|100/100
|-ability|p1b: Staraptor|Intimidate|boost
|-boost|p2a: Staraptor|atk|1
|-unboost|p2b: Basculegion|atk|1
|turn|4
|
|t:|1782354103
|detailschange|p1b: Staraptor|Staraptor-Mega, L50, M
|-mega|p1b: Staraptor|Staraptor|Staraptite
|move|p2a: Staraptor|Protect|p2a: Staraptor
|-singleturn|p2a: Staraptor|Protect
|move|p2b: Basculegion|Protect|p2b: Basculegion
|-singleturn|p2b: Basculegion|Protect
|move|p1b: Staraptor|Brave Bird|p2a: Staraptor
|-activate|p2a: Staraptor|move: Protect
|
|-sideend|p1: NemoAK|move: Tailwind
|upkeep
|turn|5
|
|t:|1782354120
|move|p2a: Staraptor|Brave Bird|p1b: Staraptor
|-supereffective|p1b: Staraptor|1
|-damage|p1b: Staraptor|0 fnt
|faint|p1b: Staraptor
|-damage|p2a: Staraptor|5/100|[from] Recoil
|
|win|Missed Ledgedash
|raw|NemoAK's rating: 1234 → 1210(-24 for losing)
|raw|Missed Ledgedash's rating: 1253 → 1277(+24 for winning)
