|j|☆Chachidaripper
|j|☆paulinhobike123
|html|Chachidaripperpaulinhobike123    
|uhtml|bestof|Game 1 of a best-of-3
|t:|1783731724
|gametype|doubles
|player|p1|Chachidaripper|2|1000
|player|p2|paulinhobike123|cyclist-gen4|1000
|gen|9
|tier|[Gen 9 Champions] VGC 2026 Reg M-B (Bo3)
|rated|
|rule|Species Clause: Limit one of each Pokémon
|rule|Item Clause: Limit 1 of each item
|clearpoke
|poke|p1|Blastoise, L50, F|
|poke|p1|Vivillon-Marine, L50, M|
|poke|p1|Sableye, L50, M|
|poke|p1|Maushold-Four, L50|
|poke|p1|Sylveon, L50, M|
|poke|p1|Orthworm, L50, M|
|poke|p2|Pelipper, L50, M|
|poke|p2|Swampert, L50, M|
|poke|p2|Archaludon, L50, F|
|poke|p2|Incineroar, L50, F|
|poke|p2|Sinistcha, L50|
|poke|p2|Dragonite, L50, F|
|teampreview|4
|showteam|p1|Blastoise||Blastoisinite|RainDish|WaterSpout,DarkPulse,ShellSmash,Protect|Modest||F|||50|]Vivillon-Marine||ChoiceScarf|CompoundEyes|RagePowder,PollenPuff,Hurricane,SleepPowder|Timid||M|||50|]Sableye||RoseliBerry|Prankster|FakeOut,Disable,RainDance,Encore|Careful||M|||50|]Maushold-Four||FocusSash|FriendGuard|FollowMe,RainDance,Protect,Feint|Jolly|||||50|]Sylveon||FairyFeather|Pixilate|Protect,Moonblast,HyperVoice,QuickAttack|Modest||M|||50|]Orthworm||SitrusBerry|EarthEater|Protect,BodyPress,HeavySlam,ShedTail|Relaxed||M|||50|
|showteam|p2|Pelipper||FocusSash|Drizzle|Hurricane,MuddyWater,Tailwind,WideGuard|Timid||M|||50|]Swampert||Swampertite|Damp|WaveCrash,HighHorsepower,IcePunch,Protect|Brave||M|||50|]Archaludon||Leftovers|Stamina|ElectroShot,FlashCannon,DracoMeteor,Protect|Careful||F|||50|]Incineroar||SitrusBerry|Intimidate|FlareBlitz,ThroatChop,PartingShot,FakeOut|Impish||F|||50|]Sinistcha||ColburBerry|Hospitality|ShadowBall,MatchaGotcha,RagePowder,TrickRoom|Gentle|||||50|]Dragonite||Dragoninite|Multiscale|DragonPulse,Thunder,IceBeam,Protect|Hasty||F|||50|
|
|t:|1783731778
|teamsize|p1|4
|teamsize|p2|4
|start
|switch|p1a: Sableye|Sableye, L50, M|100/100
|switch|p1b: Orthworm|Orthworm, L50, M|100/100
|switch|p2a: Pelipper|Pelipper, L50, M|100/100
|switch|p2b: Swampert|Swampert, L50, M|100/100
|-weather|RainDance|[from] ability: Drizzle|[of] p2a: Pelipper
|turn|1
|
|t:|1783731845
|detailschange|p2b: Swampert|Swampert-Mega, L50, M
|-mega|p2b: Swampert|Swampert|Swampertite
|move|p1a: Sableye|Fake Out|p2a: Pelipper
|-damage|p2a: Pelipper|90/100
|move|p2b: Swampert|Wave Crash|p1a: Sableye
|-damage|p1a: Sableye|0 fnt
|faint|p1a: Sableye
|-damage|p2b: Swampert|73/100|[from] Recoil
|cant|p2a: Pelipper|flinch
|move|p1b: Orthworm|Shed Tail|p1b: Orthworm
|-start|p1b: Orthworm|Substitute|[from] move: Shed Tail
|-damage|p1b: Orthworm|50/100y
|-enditem|p1b: Orthworm|Sitrus Berry|[eat]
|-heal|p1b: Orthworm|75/100|[from] item: Sitrus Berry
|
|t:|1783731871
|switch|p1b: Blastoise|Blastoise, L50, F|100/100|[from] Shed Tail
|
|-weather|RainDance|[upkeep]
|upkeep
|
|t:|1783731877
|switch|p1a: Maushold|Maushold-Four, L50|100/100
|turn|2
|
|t:|1783731908
|detailschange|p1b: Blastoise|Blastoise-Mega, L50, F
|-mega|p1b: Blastoise|Blastoise|Blastoisinite
|move|p1a: Maushold|Protect|p1a: Maushold
|-singleturn|p1a: Maushold|Protect
|move|p2b: Swampert|Wave Crash|p1a: Maushold
|-activate|p1a: Maushold|move: Protect
|move|p2a: Pelipper|Hurricane|p1a: Maushold
|-activate|p1a: Maushold|move: Protect
|move|p1b: Blastoise|Shell Smash|p1b: Blastoise
|-unboost|p1b: Blastoise|def|1
|-unboost|p1b: Blastoise|spd|1
|-boost|p1b: Blastoise|atk|2
|-boost|p1b: Blastoise|spa|2
|-boost|p1b: Blastoise|spe|2
|
|-weather|RainDance|[upkeep]
|upkeep
|turn|3
|
|t:|1783731929
|move|p1a: Maushold|Feint|p2a: Pelipper
|-damage|p2a: Pelipper|79/100
|move|p1b: Blastoise|Water Spout|p2b: Swampert|[spread] p2a,p2b
|-resisted|p2a: Pelipper|1
|-damage|p2a: Pelipper|0 fnt
|-damage|p2b: Swampert|0 fnt
|faint|p2a: Pelipper
|faint|p2b: Swampert
|
|-weather|RainDance|[upkeep]
|upkeep
|
|t:|1783731940
|switch|p2a: Archaludon|Archaludon, L50, F|100/100
|switch|p2b: Sinistcha|Sinistcha, L50|100/100
|turn|4
|
|t:|1783731959
|move|p1a: Maushold|Follow Me|p1a: Maushold
|-singleturn|p1a: Maushold|move: Follow Me
|move|p1b: Blastoise|Dark Pulse|p2b: Sinistcha
|-supereffective|p2b: Sinistcha|1
|-enditem|p2b: Sinistcha|Colbur Berry|[eat]
|-enditem|p2b: Sinistcha|Colbur Berry|[weaken]
|-damage|p2b: Sinistcha|21/100
|move|p2a: Archaludon|Electro Shot||[still]
|-prepare|p2a: Archaludon|Electro Shot
|-boost|p2a: Archaludon|spa|1
|-anim|p2a: Archaludon|Electro Shot|p1a: Maushold
|-damage|p1a: Maushold|36/100
|move|p2b: Sinistcha|Matcha Gotcha|p1a: Maushold|[spread] p1b
|-miss|p2b: Sinistcha|p1a: Maushold
|-supereffective|p1b: Blastoise|1
|-end|p1b: Blastoise|Substitute
|-heal|p2b: Sinistcha|34/100|[from] drain|[of] p1b: Blastoise
|
|-weather|RainDance|[upkeep]
|upkeep
|turn|5
|
|t:|1783731983
|move|p1a: Maushold|Follow Me|p1a: Maushold
|-singleturn|p1a: Maushold|move: Follow Me
|move|p1b: Blastoise|Water Spout|p2a: Archaludon|[spread] p2a,p2b
|-resisted|p2a: Archaludon|1
|-resisted|p2b: Sinistcha|1
|-damage|p2a: Archaludon|11/100
|-damage|p2b: Sinistcha|0 fnt
|-ability|p2a: Archaludon|Stamina|boost
|-boost|p2a: Archaludon|def|1
|faint|p2b: Sinistcha
|move|p2a: Archaludon|Electro Shot||[still]
|-prepare|p2a: Archaludon|Electro Shot
|-boost|p2a: Archaludon|spa|1
|-anim|p2a: Archaludon|Electro Shot|p1a: Maushold
|-damage|p1a: Maushold|0 fnt
|faint|p1a: Maushold
|
|-weather|none
|-heal|p2a: Archaludon|17/100|[from] item: Leftovers
|upkeep
|
|t:|1783731999
|switch|p1a: Orthworm|Orthworm, L50, M|75/100
|turn|6
|
|t:|1783732007
|move|p1b: Blastoise|Water Spout|p2a: Archaludon
|-resisted|p2a: Archaludon|1
|-damage|p2a: Archaludon|0 fnt
|faint|p2a: Archaludon
|
|win|Chachidaripper
