|j|☆humanbacon
|j|☆FieryFIame
|html|humanbaconFieryFIame    
|uhtml|bestof|Game 3 of a best-of-3
|t:|1785417801
|gametype|doubles
|player|p1|humanbacon|acetrainer|1241
|player|p2|FieryFIame|266|1365
|gen|9
|tier|[Gen 9 Champions] VGC 2026 Reg M-B (Bo3)
|rated|
|rule|Species Clause: Limit one of each Pokémon
|rule|Item Clause: Limit 1 of each item
|clearpoke
|poke|p1|Raichu, L50, F|
|poke|p1|Venusaur, L50, M|
|poke|p1|Ninetales-Alola, L50, F|
|poke|p1|Incineroar, L50, M|
|poke|p1|Basculegion, L50, M|
|poke|p1|Annihilape, L50, F|
|poke|p2|Venusaur, L50, M|
|poke|p2|Charizard, L50, F|
|poke|p2|Garchomp, L50, F|
|poke|p2|Annihilape, L50, F|
|poke|p2|Incineroar, L50, M|
|poke|p2|Toxapex, L50, M|
|teampreview|4
|showteam|p1|Raichu||RaichuniteY|LightningRod|ZapCannon,FocusBlast,FakeOut,Protect|Timid||F|||50|]Venusaur||Venusaurite|Chlorophyll|EnergyBall,SludgeBomb,LeechSeed,Protect|Bold||M|||50|]Ninetales-Alola||ChoiceScarf|SnowWarning|IceBeam,IcyWind,Moonblast,FreezeDry|Timid||F|||50|]Incineroar||SitrusBerry|Intimidate|FakeOut,ThroatChop,PartingShot,FlareBlitz|Adamant||M|||50|]Basculegion||MysticWater|Adaptability|WaveCrash,LastRespects,AquaJet,Protect|Adamant||M|||50|]Annihilape||RoseliBerry|Defiant|DrainPunch,RageFist,BulkUp,Protect|Adamant||F|||50|
|showteam|p2|Venusaur||LifeOrb|Chlorophyll|SolarBeam,SludgeBomb,EarthPower,Protect|Modest||M|||50|]Charizard||CharizarditeY|Blaze|HeatWave,WeatherBall,HelpingHand,Protect|Modest||F|||50|]Garchomp||ChoiceScarf|RoughSkin|DragonClaw,Earthquake,RockSlide,StompingTantrum|Adamant||F|||50|]Annihilape||FocusSash|Defiant|CloseCombat,PhantomForce,RockTomb,Protect|Jolly||F|||50|]Incineroar||SitrusBerry|Intimidate|FakeOut,PartingShot,ThroatChop,FlareBlitz|Impish||M|||50|]Toxapex||Leftovers|Regenerator|Toxic,Infestation,BanefulBunker,WideGuard|Bold||M|||50|
|inactive|Battle timer is ON: inactive players will automatically lose when time's up. (requested by humanbacon)
|inactive|FieryFIame has 60 seconds left.
|
|t:|1785417843
|teamsize|p1|4
|teamsize|p2|4
|start
|switch|p1a: Raichu|Raichu, L50, F|100/100
|switch|p1b: Annihilape|Annihilape, L50, F|100/100
|switch|p2a: Garchomp|Garchomp, L50, F|100/100
|switch|p2b: Charizard|Charizard, L50, F|100/100
|turn|1
|inactive|humanbacon has 30 seconds left.
|
|t:|1785417872
|detailschange|p1a: Raichu|Raichu-Mega-Y, L50, F
|-mega|p1a: Raichu|Raichu|Raichunite Y
|detailschange|p2b: Charizard|Charizard-Mega-Y, L50, F
|-mega|p2b: Charizard|Charizard|Charizardite Y
|-weather|SunnyDay|[from] ability: Drought|[of] p2b: Charizard
|move|p1a: Raichu|Protect|p1a: Raichu
|-singleturn|p1a: Raichu|Protect
|move|p2a: Garchomp|Earthquake|p1b: Annihilape|[spread] p1b
|-activate|p1a: Raichu|move: Protect
|-immune|p2b: Charizard
|-damage|p1b: Annihilape|59/100
|move|p2b: Charizard|Weather Ball|p1b: Annihilape
|-damage|p1b: Annihilape|0 fnt
|faint|p1b: Annihilape
|
|-weather|SunnyDay|[upkeep]
|upkeep
|
|t:|1785417882
|switch|p1b: Ninetales|Ninetales-Alola, L50, F|100/100
|-weather|Snowscape|[from] ability: Snow Warning|[of] p1b: Ninetales
|turn|2
|
|t:|1785417899
|switch|p2a: Toxapex|Toxapex, L50, M|100/100
|switch|p2b: Venusaur|Venusaur, L50, M|100/100
|move|p1b: Ninetales|Ice Beam|p2a: Toxapex
|-resisted|p2a: Toxapex|1
|-damage|p2a: Toxapex|88/100
|move|p1a: Raichu|Zap Cannon|p2b: Venusaur
|-resisted|p2b: Venusaur|1
|-damage|p2b: Venusaur|65/100
|-status|p2b: Venusaur|par
|
|-weather|Snowscape|[upkeep]
|-heal|p2a: Toxapex|94/100|[from] item: Leftovers
|upkeep
|turn|3
|inactive|FieryFIame has 30 seconds left.
|
|t:|1785417933
|move|p1a: Raichu|Protect|p1a: Raichu
|-singleturn|p1a: Raichu|Protect
|move|p1b: Ninetales|Ice Beam|p2b: Venusaur
|-supereffective|p2b: Venusaur|1
|-damage|p2b: Venusaur|0 fnt
|faint|p2b: Venusaur
|move|p2a: Toxapex|Infestation|p1b: Ninetales
|-resisted|p1b: Ninetales|1
|-damage|p1b: Ninetales|97/100
|-activate|p1b: Ninetales|move: Infestation|[of] p2a: Toxapex
|
|-weather|Snowscape|[upkeep]
|-heal|p2a: Toxapex|100/100|[from] item: Leftovers
|-damage|p1b: Ninetales|85/100|[from] move: Infestation|[partiallytrapped]
|upkeep
|
|t:|1785417938
|switch|p2b: Charizard|Charizard-Mega-Y, L50, F|100/100
|-weather|SunnyDay|[from] ability: Drought|[of] p2b: Charizard
|turn|4
|
|t:|1785417950
|move|p2b: Charizard|Protect|p2b: Charizard
|-singleturn|p2b: Charizard|Protect
|move|p1b: Ninetales|Ice Beam|p2b: Charizard
|-activate|p2b: Charizard|move: Protect
|move|p1a: Raichu|Zap Cannon|p2b: Charizard
|-activate|p2b: Charizard|move: Protect
|move|p2a: Toxapex|Toxic|p1b: Ninetales
|-status|p1b: Ninetales|tox
|
|-weather|SunnyDay|[upkeep]
|-damage|p1b: Ninetales|79/100 tox|[from] psn
|-damage|p1b: Ninetales|67/100 tox|[from] move: Infestation|[partiallytrapped]
|upkeep
|turn|5
|
|t:|1785417971
|move|p1b: Ninetales|Ice Beam|p2b: Charizard
|-damage|p2b: Charizard|67/100
|move|p1a: Raichu|Zap Cannon|p2b: Charizard
|-supereffective|p2b: Charizard|1
|-damage|p2b: Charizard|0 fnt
|faint|p2b: Charizard
|move|p2a: Toxapex|Toxic|p1a: Raichu
|-status|p1a: Raichu|tox
|
|-weather|SunnyDay|[upkeep]
|-damage|p1b: Ninetales|55/100 tox|[from] psn
|-damage|p1a: Raichu|94/100 tox|[from] psn
|-damage|p1b: Ninetales|43/100 tox|[from] move: Infestation|[partiallytrapped]
|upkeep
|
|t:|1785417976
|switch|p2b: Garchomp|Garchomp, L50, F|100/100
|turn|6
|
|t:|1785417982
|move|p1b: Ninetales|Ice Beam|p2b: Garchomp
|-supereffective|p2b: Garchomp|2
|-damage|p2b: Garchomp|0 fnt
|faint|p2b: Garchomp
|move|p1a: Raichu|Zap Cannon|p2a: Toxapex
|-supereffective|p2a: Toxapex|1
|-damage|p2a: Toxapex|10/100
|-status|p2a: Toxapex|par
|move|p2a: Toxapex|Infestation|p1a: Raichu
|-crit|p1a: Raichu
|-damage|p1a: Raichu|86/100 tox
|-activate|p1a: Raichu|move: Infestation|[of] p2a: Toxapex
|
|-weather|SunnyDay|[upkeep]
|-heal|p2a: Toxapex|16/100 par|[from] item: Leftovers
|-damage|p1b: Ninetales|25/100 tox|[from] psn
|-damage|p1a: Raichu|75/100 tox|[from] psn
|-damage|p1b: Ninetales|13/100 tox|[from] move: Infestation|[partiallytrapped]
|-damage|p1a: Raichu|63/100 tox|[from] move: Infestation|[partiallytrapped]
|upkeep
|turn|7
|-message|FieryFIame forfeited.
|
|win|humanbacon
|raw|humanbacon's rating: 1241 → 1275(+34 for winning)
|raw|FieryFIame's rating: 1365 → 1338(-27 for losing)
|l|☆FieryFIame
|player|p2|
|l|☆humanbacon
|player|p1|
|j|☆humanbacon
|player|p1|humanbacon|acetrainer|
