|j|‽zifisha
|j|☆VenuDaAscoInRain
|html|zifishaVenuDaAscoInRain    
|uhtml|bestof|Game 3 of a best-of-3
|t:|1783524130
|gametype|doubles
|player|p1|zifisha|101|1283
|player|p2|VenuDaAscoInRain|li|1351
|gen|9
|tier|[Gen 9 Champions] VGC 2026 Reg M-B (Bo3)
|rated|
|rule|Species Clause: Limit one of each Pokémon
|rule|Item Clause: Limit 1 of each item
|clearpoke
|poke|p1|Raichu, L50, M, shiny|
|poke|p1|Primarina, L50, F, shiny|
|poke|p1|Scovillain, L50, M, shiny|
|poke|p1|Aerodactyl, L50, F|
|poke|p1|Gholdengo, L50, shiny|
|poke|p1|Incineroar, L50, F, shiny|
|poke|p2|Blaziken, L50, M, shiny|
|poke|p2|Whimsicott, L50, M, shiny|
|poke|p2|Kingambit, L50, M, shiny|
|poke|p2|Basculegion, L50, M, shiny|
|poke|p2|Floette-Eternal, L50, F|
|poke|p2|Glimmora, L50, M, shiny|
|teampreview|4
|showteam|p1|Raichu||RaichuniteY|LightningRod|FakeOut,ZapCannon,FocusBlast,Encore|Timid||M|||50|]Primarina||SitrusBerry|LiquidVoice|Protect,HyperVoice,DazzlingGleam,CalmMind|Modest||F|||50|]Scovillain||Scovillainite|Chlorophyll|LeafStorm,Overheat,RagePowder,Protect|Calm||M|||50|]Aerodactyl||FocusSash|Unnerve|RockSlide,Tailwind,WideGuard,Protect|Jolly||F|||50|]Gholdengo||LifeOrb|GoodasGold|MakeItRain,ShadowBall,NastyPlot,Protect|Modest|||||50|]Incineroar||Charcoal|Intimidate|FakeOut,FlareBlitz,DarkestLariat,Protect|Adamant||F|||50|
|showteam|p2|Blaziken||Blazikenite|SpeedBoost|FlareBlitz,CloseCombat,RockTomb,Protect|Adamant||M|||50|]Whimsicott||CobaBerry|Prankster|Moonblast,Encore,Tailwind,Protect|Timid||M|||50|]Kingambit||BlackGlasses|Defiant|KowtowCleave,SuckerPunch,IronHead,Protect|Adamant||M|||50|]Basculegion||LifeOrb|Adaptability|WaveCrash,AquaJet,LastRespects,Protect|Adamant||M|||50|]Floette-Eternal||Floettite|FlowerVeil|Moonblast,DazzlingGleam,LightofRuin,Protect|Timid||F|||50|]Glimmora||FocusSash|ToxicDebris|PowerGem,SludgeBomb,EnergyBall,SpikyShield|Timid||M|||50|
|inactive|Battle timer is ON: inactive players will automatically lose when time's up. (requested by VenuDaAscoInRain)
|
|t:|1783524158
|teamsize|p1|4
|teamsize|p2|4
|start
|switch|p1a: Raichu|Raichu, L50, M, shiny|100/100
|switch|p1b: Gholdengo|Gholdengo, L50, shiny|100/100
|switch|p2a: Blaziken|Blaziken, L50, M, shiny|100/100
|switch|p2b: Kingambit|Kingambit, L50, M, shiny|100/100
|turn|1
|inactive|zifisha has 30 seconds left.
|inactive|zifisha has 20 seconds left.
|inactive|zifisha has 15 seconds left.
|
|t:|1783524200
|switch|p1b: Primarina|Primarina, L50, F, shiny|100/100
|detailschange|p1a: Raichu|Raichu-Mega-Y, L50, M, shiny
|-mega|p1a: Raichu|Raichu|Raichunite Y
|move|p2a: Blaziken|Protect|p2a: Blaziken
|-singleturn|p2a: Blaziken|Protect
|move|p2b: Kingambit|Protect|p2b: Kingambit
|-singleturn|p2b: Kingambit|Protect
|move|p1a: Raichu|Zap Cannon|p2a: Blaziken
|-activate|p2a: Blaziken|move: Protect
|
|-ability|p2a: Blaziken|Speed Boost|boost
|-boost|p2a: Blaziken|spe|1
|upkeep
|turn|2
|
|t:|1783524225
|switch|p2a: Whimsicott|Whimsicott, L50, M, shiny|100/100
|move|p2b: Kingambit|Sucker Punch||[still]
|-fail|p2b: Kingambit
|move|p1a: Raichu|Encore|p2b: Kingambit
|-start|p2b: Kingambit|Encore
|move|p1b: Primarina|Hyper Voice|p2b: Kingambit|[spread] p2a,p2b
|-resisted|p2a: Whimsicott|1
|-damage|p2a: Whimsicott|75/100
|-damage|p2b: Kingambit|64/100
|
|upkeep
|turn|3
|
|t:|1783524242
|switch|p1a: Gholdengo|Gholdengo, L50, shiny|100/100
|switch|p1b: Incineroar|Incineroar, L50, F, shiny|100/100
|-ability|p1b: Incineroar|Intimidate|boost
|-unboost|p2a: Whimsicott|atk|1
|-unboost|p2b: Kingambit|atk|1
|-ability|p2b: Kingambit|Defiant|boost
|-boost|p2b: Kingambit|atk|2
|move|p2a: Whimsicott|Tailwind|p2a: Whimsicott
|-sidestart|p2: VenuDaAscoInRain|move: Tailwind
|move|p2b: Kingambit|Sucker Punch||[still]
|-fail|p2b: Kingambit
|
|upkeep
|turn|4
|
|t:|1783524258
|switch|p2b: Basculegion|Basculegion, L50, M, shiny|100/100
|move|p2a: Whimsicott|Protect|p2a: Whimsicott
|-singleturn|p2a: Whimsicott|Protect
|move|p1a: Gholdengo|Nasty Plot|p1a: Gholdengo
|-boost|p1a: Gholdengo|spa|2
|move|p1b: Incineroar|Flare Blitz|p2b: Basculegion
|-resisted|p2b: Basculegion|1
|-damage|p2b: Basculegion|62/100
|-damage|p1b: Incineroar|87/100|[from] Recoil
|
|upkeep
|turn|5
|
|t:|1783524271
|switch|p2a: Blaziken|Blaziken, L50, M, shiny|100/100
|move|p1b: Incineroar|Protect|p1b: Incineroar
|-singleturn|p1b: Incineroar|Protect
|move|p2b: Basculegion|Wave Crash|p1b: Incineroar
|-activate|p1b: Incineroar|move: Protect
|move|p1a: Gholdengo|Shadow Ball|p2b: Basculegion
|-supereffective|p2b: Basculegion|1
|-damage|p2b: Basculegion|0 fnt
|faint|p2b: Basculegion
|-damage|p1a: Gholdengo|90/100|[from] item: Life Orb
|
|upkeep
|
|t:|1783524278
|switch|p2b: Kingambit|Kingambit, L50, M, shiny|64/100
|turn|6
|inactive|zifisha has 30 seconds left.
|
|t:|1783524306
|switch|p1b: Primarina|Primarina, L50, F, shiny|100/100
|detailschange|p2a: Blaziken|Blaziken-Mega, L50, M, shiny
|-mega|p2a: Blaziken|Blaziken|Blazikenite
|move|p2a: Blaziken|Close Combat|p1b: Primarina
|-resisted|p1b: Primarina|1
|-damage|p1b: Primarina|59/100
|-unboost|p2a: Blaziken|def|1
|-unboost|p2a: Blaziken|spd|1
|move|p2b: Kingambit|Kowtow Cleave|p1a: Gholdengo
|-supereffective|p1a: Gholdengo|1
|-damage|p1a: Gholdengo|0 fnt
|faint|p1a: Gholdengo
|
|-sideend|p2: VenuDaAscoInRain|move: Tailwind
|-ability|p2a: Blaziken|Speed Boost|boost
|-boost|p2a: Blaziken|spe|1
|upkeep
|
|t:|1783524331
|switch|p1a: Raichu|Raichu-Mega-Y, L50, M, shiny|100/100
|turn|7
|
|t:|1783524347
|switch|p2a: Whimsicott|Whimsicott, L50, M, shiny|75/100
|move|p2b: Kingambit|Protect|p2b: Kingambit
|-singleturn|p2b: Kingambit|Protect
|move|p1a: Raichu|Fake Out|p2b: Kingambit
|-activate|p2b: Kingambit|move: Protect
|move|p1b: Primarina|Hyper Voice|p2a: Whimsicott|[spread] p2a
|-activate|p2b: Kingambit|move: Protect
|-resisted|p2a: Whimsicott|1
|-crit|p2a: Whimsicott
|-damage|p2a: Whimsicott|33/100
|
|upkeep
|turn|8
|
|t:|1783524358
|move|p2a: Whimsicott|Encore|p1a: Raichu
|-start|p1a: Raichu|Encore
|move|p1a: Raichu|Fake Out||[still]
|-hint|Fake Out only works on your first turn out.
|-fail|p1a: Raichu
|move|p1b: Primarina|Dazzling Gleam|p2b: Kingambit|[spread] p2a,p2b
|-crit|p2a: Whimsicott
|-damage|p2a: Whimsicott|0 fnt
|-damage|p2b: Kingambit|35/100
|faint|p2a: Whimsicott
|move|p2b: Kingambit|Iron Head|p1b: Primarina
|-damage|p1b: Primarina|6/100
|-enditem|p1b: Primarina|Sitrus Berry|[eat]
|-heal|p1b: Primarina|31/100|[from] item: Sitrus Berry
|
|upkeep
|
|t:|1783524365
|switch|p2a: Blaziken|Blaziken-Mega, L50, M, shiny|100/100
|turn|9
|inactive|zifisha has 30 seconds left.
|inactive|VenuDaAscoInRain has 30 seconds left.
|
|t:|1783524395
|switch|p1a: Incineroar|Incineroar, L50, F, shiny|87/100
|-ability|p1a: Incineroar|Intimidate|boost
|-unboost|p2a: Blaziken|atk|1
|-unboost|p2b: Kingambit|atk|1
|-ability|p2b: Kingambit|Defiant|boost
|-boost|p2b: Kingambit|atk|2
|move|p2b: Kingambit|Sucker Punch||[still]
|-fail|p2b: Kingambit
|move|p2a: Blaziken|Close Combat|p1b: Primarina
|-resisted|p1b: Primarina|1
|-damage|p1b: Primarina|2/100
|-unboost|p2a: Blaziken|def|1
|-unboost|p2a: Blaziken|spd|1
|move|p1b: Primarina|Hyper Voice|p2b: Kingambit|[spread] p2a,p2b
|-supereffective|p2a: Blaziken|1
|-damage|p2a: Blaziken|0 fnt
|-damage|p2b: Kingambit|1/100
|faint|p2a: Blaziken
|
|upkeep
|turn|10
|-message|VenuDaAscoInRain forfeited.
|
|win|zifisha
|raw|zifisha's rating: 1283 → 1313(+30 for winning)
|raw|VenuDaAscoInRain's rating: 1351 → 1327(-24 for losing)
