|j|ŌśåThe Elemelons
|j|ŌśåCobrano
|html|The ElemelonsCobrano    
|uhtml|bestof|Game 1 of a best-of-3
|t:|1783447757
|gametype|doubles
|player|p1|The Elemelons|marlon|
|player|p2|Cobrano|102|
|gen|9
|tier|[Gen 9 Champions] VGC 2026 Reg M-B (Bo3)
|rule|Species Clause: Limit one of each Pok├®mon
|rule|Item Clause: Limit 1 of each item
|clearpoke
|poke|p1|Grimmsnarl, L50, M|
|poke|p1|Swampert, L50, M|
|poke|p1|Pelipper, L50, M|
|poke|p1|Archaludon, L50, M|
|poke|p1|Sinistcha, L50|
|poke|p1|Metagross, L50|
|poke|p2|Delphox, L50, F|
|poke|p2|Blastoise, L50, M|
|poke|p2|Sneasler, L50, F|
|poke|p2|Incineroar, L50, F|
|poke|p2|Sinistcha, L50|
|poke|p2|Kingambit, L50, M|
|teampreview|4
|showteam|p1|Grimmsnarl||LightClay|Prankster|FoulPlay,PartingShot,Reflect,LightScreen|Calm||M|||50|]Swampert||Swampertite|Damp|WaveCrash,Earthquake,IcePunch,Protect|Adamant||M|||50|]Pelipper||SitrusBerry|Drizzle|Hurricane,WeatherBall,Tailwind,WideGuard|Modest||M|||50|]Archaludon||Leftovers|Stamina|ElectroShot,DragonPulse,FlashCannon,Protect|Modest||M|||50|]Sinistcha||CobaBerry|Hospitality|MatchaGotcha,RagePowder,TrickRoom,Protect|Relaxed|||||50|]Metagross||Metagrossite|ClearBody|IronHead,PsychicFangs,BodyPress,Protect|Jolly|||||50|
|showteam|p2|Delphox||Delphoxite|Blaze|HeatWave,Psyshock,NastyPlot,Protect|Timid||F|||50|]Blastoise||Blastoisinite|RainDish|WaterSpout,DarkPulse,ShellSmash,Protect|Modest||M|||50|]Sneasler||FocusSash|PoisonTouch|DireClaw,CloseCombat,FakeOut,QuickGuard|Jolly||F|||50|]Incineroar||SitrusBerry|Intimidate|FlareBlitz,HelpingHand,FakeOut,PartingShot|Impish||F|||50|]Sinistcha||OccaBerry|Hospitality|MatchaGotcha,RagePowder,TrickRoom,Protect|Relaxed|||||50|]Kingambit||BlackGlasses|Defiant|KowtowCleave,SuckerPunch,SwordsDance,Protect|Adamant||M|||50|
|c|ŌśåThe Elemelons|you want me to get all the links posted
|c|ŌśåThe Elemelons|and stuff
|c|ŌśåCobrano|Sure
|j| superstar jamie
|c|ŌśåCobrano|glhf
|l| superstar jamie
|j| superstar jamie
|c|ŌśåThe Elemelons|u2
|
|t:|1783447816
|teamsize|p1|4
|teamsize|p2|4
|start
|switch|p1a: Grimmsnarl|Grimmsnarl, L50, M|100/100
|switch|p1b: Swampert|Swampert, L50, M|100/100
|switch|p2a: Sneasler|Sneasler, L50, F|100/100
|switch|p2b: Blastoise|Blastoise, L50, M|100/100
|turn|1
|j| teslobo
|
|t:|1783447835
|detailschange|p2b: Blastoise|Blastoise-Mega, L50, M
|-mega|p2b: Blastoise|Blastoise|Blastoisinite
|detailschange|p1b: Swampert|Swampert-Mega, L50, M
|-mega|p1b: Swampert|Swampert|Swampertite
|move|p1b: Swampert|Protect|p1b: Swampert
|-singleturn|p1b: Swampert|Protect
|move|p2a: Sneasler|Fake Out|p1b: Swampert
|-activate|p1b: Swampert|move: Protect
|move|p1a: Grimmsnarl|Parting Shot|p2b: Blastoise
|-unboost|p2b: Blastoise|atk|1
|-unboost|p2b: Blastoise|spa|1
|
|t:|1783447846
|switch|p1a: Pelipper|Pelipper, L50, M|100/100|[from] Parting Shot
|-weather|RainDance|[from] ability: Drizzle|[of] p1a: Pelipper
|move|p2b: Blastoise|Shell Smash|p2b: Blastoise
|-unboost|p2b: Blastoise|def|1
|-unboost|p2b: Blastoise|spd|1
|-boost|p2b: Blastoise|atk|2
|-boost|p2b: Blastoise|spa|2
|-boost|p2b: Blastoise|spe|2
|
|-weather|RainDance|[upkeep]
|upkeep
|turn|2
|j| Cobra Mawi
|
|t:|1783447891
|switch|p2a: Sinistcha|Sinistcha, L50|100/100
|move|p2b: Blastoise|Protect|p2b: Blastoise
|-singleturn|p2b: Blastoise|Protect
|move|p1a: Pelipper|Wide Guard|p1a: Pelipper
|-singleturn|p1a: Pelipper|Wide Guard
|move|p1b: Swampert|Earthquake|p2a: Sinistcha|[spread] p2a
|-activate|p1a: Pelipper|move: Wide Guard
|-activate|p2b: Blastoise|move: Protect
|-resisted|p2a: Sinistcha|1
|-damage|p2a: Sinistcha|81/100
|
|-weather|RainDance|[upkeep]
|upkeep
|turn|3
|
|t:|1783447910
|move|p1b: Swampert|Protect|p1b: Swampert
|-singleturn|p1b: Swampert|Protect
|move|p2b: Blastoise|Dark Pulse|p1a: Pelipper
|-damage|p1a: Pelipper|17/100
|-enditem|p1a: Pelipper|Sitrus Berry|[eat]
|-heal|p1a: Pelipper|42/100|[from] item: Sitrus Berry
|move|p1a: Pelipper|Tailwind|p1a: Pelipper
|-sidestart|p1: The Elemelons|move: Tailwind
|move|p2a: Sinistcha|Matcha Gotcha|p1a: Pelipper|[spread] p1a
|-activate|p1b: Swampert|move: Protect
|-damage|p1a: Pelipper|14/100
|-heal|p2a: Sinistcha|94/100|[from] drain|[of] p1a: Pelipper
|
|-weather|RainDance|[upkeep]
|upkeep
|turn|4
|
|t:|1783447943
|switch|p1a: Grimmsnarl|Grimmsnarl, L50, M|100/100
|move|p2b: Blastoise|Protect|p2b: Blastoise
|-singleturn|p2b: Blastoise|Protect
|move|p2a: Sinistcha|Protect|p2a: Sinistcha
|-singleturn|p2a: Sinistcha|Protect
|move|p1b: Swampert|Wave Crash|p2b: Blastoise
|-activate|p2b: Blastoise|move: Protect
|
|-weather|RainDance|[upkeep]
|upkeep
|turn|5
|
|t:|1783447955
|move|p1a: Grimmsnarl|Light Screen|p1a: Grimmsnarl
|-sidestart|p1: The Elemelons|move: Light Screen
|move|p1b: Swampert|Wave Crash|p2b: Blastoise
|-resisted|p2b: Blastoise|1
|-damage|p2b: Blastoise|24/100
|-damage|p1b: Swampert|77/100|[from] Recoil
|move|p2b: Blastoise|Shell Smash|p2b: Blastoise
|-unboost|p2b: Blastoise|def|1
|-unboost|p2b: Blastoise|spd|1
|-boost|p2b: Blastoise|atk|2
|-boost|p2b: Blastoise|spa|2
|-boost|p2b: Blastoise|spe|2
|move|p2a: Sinistcha|Matcha Gotcha|p1b: Swampert|[spread] p1a,p1b
|-supereffective|p1b: Swampert|2
|-damage|p1a: Grimmsnarl|86/100
|-heal|p2a: Sinistcha|100/100|[from] drain|[of] p1a: Grimmsnarl
|-damage|p1b: Swampert|19/100
|
|-weather|none
|upkeep
|turn|6
|j| splash2ndcousin
|
|t:|1783447980
|move|p1b: Swampert|Protect|p1b: Swampert
|-singleturn|p1b: Swampert|Protect
|move|p2a: Sinistcha|Rage Powder|p2a: Sinistcha
|-singleturn|p2a: Sinistcha|move: Rage Powder
|move|p2b: Blastoise|Dark Pulse|p1b: Swampert
|-activate|p1b: Swampert|move: Protect
|move|p1a: Grimmsnarl|Foul Play|p2a: Sinistcha
|-supereffective|p2a: Sinistcha|1
|-damage|p2a: Sinistcha|61/100
|
|-sideend|p1: The Elemelons|move: Tailwind
|upkeep
|turn|7
|j| FBISurveillanceMan
|
|t:|1783448000
|switch|p1b: Pelipper|Pelipper, L50, M|14/100
|-weather|RainDance|[from] ability: Drizzle|[of] p1b: Pelipper
|move|p2a: Sinistcha|Rage Powder|p2a: Sinistcha
|-singleturn|p2a: Sinistcha|move: Rage Powder
|move|p1a: Grimmsnarl|Parting Shot|p2a: Sinistcha
|-unboost|p2a: Sinistcha|atk|1
|-unboost|p2a: Sinistcha|spa|1
|
|t:|1783448008
|switch|p1a: Archaludon|Archaludon, L50, M|100/100|[from] Parting Shot
|move|p2b: Blastoise|Dark Pulse|p1b: Pelipper
|-crit|p1b: Pelipper
|-damage|p1b: Pelipper|0 fnt
|faint|p1b: Pelipper
|
|-weather|RainDance|[upkeep]
|upkeep
|
|t:|1783448014
|switch|p1b: Swampert|Swampert-Mega, L50, M|19/100
|turn|8
|
|t:|1783448026
|move|p2b: Blastoise|Protect|p2b: Blastoise
|-singleturn|p2b: Blastoise|Protect
|move|p1b: Swampert|Wave Crash|p2b: Blastoise
|-activate|p2b: Blastoise|move: Protect
|move|p1a: Archaludon|Electro Shot||[still]
|-prepare|p1a: Archaludon|Electro Shot
|-boost|p1a: Archaludon|spa|1
|-anim|p1a: Archaludon|Electro Shot|p2b: Blastoise
|-activate|p2b: Blastoise|move: Protect
|move|p2a: Sinistcha|Matcha Gotcha|p1b: Swampert|[spread] p1a,p1b
|-resisted|p1a: Archaludon|2
|-supereffective|p1b: Swampert|2
|-damage|p1a: Archaludon|97/100
|-heal|p2a: Sinistcha|63/100|[from] drain|[of] p1a: Archaludon
|-damage|p1b: Swampert|0 fnt
|-heal|p2a: Sinistcha|74/100|[from] drain|[of] p1b: Swampert
|-ability|p1a: Archaludon|Stamina|boost
|-boost|p1a: Archaludon|def|1
|faint|p1b: Swampert
|
|-weather|RainDance|[upkeep]
|-heal|p1a: Archaludon|100/100|[from] item: Leftovers
|upkeep
|
|t:|1783448030
|switch|p1b: Grimmsnarl|Grimmsnarl, L50, M|86/100
|turn|9
|j| Electro backshot
|
|t:|1783448049
|move|p1a: Archaludon|Protect|p1a: Archaludon
|-singleturn|p1a: Archaludon|Protect
|move|p2a: Sinistcha|Rage Powder|p2a: Sinistcha
|-singleturn|p2a: Sinistcha|move: Rage Powder
|move|p2b: Blastoise|Dark Pulse|p1a: Archaludon
|-activate|p1a: Archaludon|move: Protect
|move|p1b: Grimmsnarl|Foul Play|p2a: Sinistcha
|-supereffective|p2a: Sinistcha|1
|-damage|p2a: Sinistcha|50/100g
|
|-weather|RainDance|[upkeep]
|upkeep
|turn|10
|
|t:|1783448063
|move|p1a: Archaludon|Protect||[still]
|-fail|p1a: Archaludon
|move|p2a: Sinistcha|Rage Powder|p2a: Sinistcha
|-singleturn|p2a: Sinistcha|move: Rage Powder
|move|p2b: Blastoise|Dark Pulse|p1a: Archaludon
|-damage|p1a: Archaludon|21/100
|-ability|p1a: Archaludon|Stamina|boost
|-boost|p1a: Archaludon|def|1
|move|p1b: Grimmsnarl|Foul Play|p2a: Sinistcha
|-supereffective|p2a: Sinistcha|1
|-damage|p2a: Sinistcha|25/100
|
|-weather|RainDance|[upkeep]
|-heal|p1a: Archaludon|27/100|[from] item: Leftovers
|upkeep
|turn|11
|
|t:|1783448078
|move|p1a: Archaludon|Protect|p1a: Archaludon
|-singleturn|p1a: Archaludon|Protect
|move|p2a: Sinistcha|Rage Powder|p2a: Sinistcha
|-singleturn|p2a: Sinistcha|move: Rage Powder
|move|p2b: Blastoise|Dark Pulse|p1a: Archaludon
|-activate|p1a: Archaludon|move: Protect
|move|p1b: Grimmsnarl|Foul Play|p2a: Sinistcha
|-supereffective|p2a: Sinistcha|1
|-damage|p2a: Sinistcha|0 fnt
|faint|p2a: Sinistcha
|
|-weather|none
|-heal|p1a: Archaludon|34/100|[from] item: Leftovers
|upkeep
|
|t:|1783448081
|switch|p2a: Sneasler|Sneasler, L50, F|100/100
|turn|12
|j| beapboop
|
|t:|1783448097
|move|p1a: Archaludon|Protect||[still]
|-fail|p1a: Archaludon
|move|p2b: Blastoise|Dark Pulse|p1a: Archaludon
|-damage|p1a: Archaludon|0 fnt
|faint|p1a: Archaludon
|move|p2a: Sneasler|Close Combat|p1b: Grimmsnarl
|-damage|p1b: Grimmsnarl|17/100
|-unboost|p2a: Sneasler|def|1
|-unboost|p2a: Sneasler|spd|1
|-status|p1b: Grimmsnarl|psn|[from] ability: Poison Touch|[of] p2a: Sneasler
|move|p1b: Grimmsnarl|Foul Play|p2b: Blastoise
|-damage|p2b: Blastoise|0 fnt
|faint|p2b: Blastoise
|
|-damage|p1b: Grimmsnarl|4/100 psn|[from] psn
|-sideend|p1: The Elemelons|move: Light Screen
|upkeep
|
|t:|1783448106
|switch|p2b: Kingambit|Kingambit, L50, M|100/100
|turn|13
|-message|The Elemelons forfeited.
|
|win|Cobrano
||The Elemelons is ready for game 2.
||Cobrano is ready for game 2.
|uhtml|next|Next: Game 2 of 3
|j| OnlyEmbers
|n| OnlyEmbers|onlyembers
|l|ŌśåThe Elemelons
|player|p1|
|l| OnlyEmbers
|l| beapboop
