|j|☆spellbreakvgc
|j|☆Fortuny
|html|spellbreakvgcFortuny    
|uhtml|bestof|Game 2 of a best-of-3
|t:|1756977950
|gametype|doubles
|player|p1|spellbreakvgc|lance|1219
|player|p2|Fortuny|tourist|1000
|gen|9
|tier|[Gen 9] VGC 2025 Reg H (Bo3)
|rated|
|rule|Species Clause: Limit one of each Pokémon
|rule|Item Clause: Limit 1 of each item
|clearpoke
|poke|p1|Gholdengo, L50|
|poke|p1|Sneasler, L50, M|
|poke|p1|Rillaboom, L50, F|
|poke|p1|Dragonite, L50, M|
|poke|p1|Ninetales-Alola, L50, F|
|poke|p1|Arcanine-Hisui, L50, F|
|poke|p2|Whimsicott, L50, F|
|poke|p2|Rillaboom, L50, F|
|poke|p2|Primarina, L50, M|
|poke|p2|Gholdengo, L50|
|poke|p2|Emboar, L50, M|
|poke|p2|Garchomp, L50, M|
|teampreview|4
|showteam|p1|Gholdengo||GrassySeed|GoodasGold|NastyPlot,MakeItRain,ShadowBall,Protect||||||50|,,,,,Water]Sneasler||FocusSash|Unburden|CloseCombat,DireClaw,Coaching,Protect|||M|||50|,,,,,Ghost]Rillaboom||AssaultVest|GrassySurge|FakeOut,GrassyGlide,DrumBeating,HighHorsepower|||F|||50|,,,,,Fire]Dragonite||LoadedDice|Multiscale|ScaleShot,StompingTantrum,Tailwind,Protect|||M|||50|,,,,,Ground]Ninetales-Alola||CovertCloak|SnowWarning|Blizzard,Protect,Encore,AuroraVeil|||F|||50|,,,,,Ghost]Arcanine-Hisui||MirrorHerb|Intimidate|RockSlide,FlareBlitz,ExtremeSpeed,Protect|||F|||50|,,,,,Water
|showteam|p2|Whimsicott||FocusSash|Prankster|Tailwind,TrickRoom,Encore,Moonblast|||F|||50|,,,,,Dark]Rillaboom||AssaultVest|GrassySurge|GrassyGlide,FakeOut,Uturn,GrassPledge|||F|||50|,,,,,Water]Primarina||ChoiceSpecs|LiquidVoice|Moonblast,WaterPledge,EnergyBall,HyperVoice|||M|||50|,,,,,Fairy]Gholdengo||LifeOrb|GoodasGold|MakeItRain,DazzlingGleam,ShadowBall,Protect||||||50|,,,,,Steel]Emboar||ClearAmulet|Reckless|FlareBlitz,CloseCombat,SuckerPunch,HighHorsepower|||M|||50|,,,,,Grass]Garchomp||SitrusBerry|RoughSkin|TeraBlast,Crunch,SwordsDance,DragonClaw|||M|||50|,,,,,Fairy
|inactive|Battle timer is ON: inactive players will automatically lose when time's up. (requested by spellbreakvgc)
|inactive|spellbreakvgc has 60 seconds left.
|inactive|Fortuny has 60 seconds left.
|inactive|spellbreakvgc has 30 seconds left.
|inactive|spellbreakvgc has 20 seconds left.
|
|t:|1756978028
|teamsize|p1|4
|teamsize|p2|4
|start
|switch|p1a: Arcanine|Arcanine-Hisui, L50, F|100/100
|switch|p1b: Rillaboom|Rillaboom, L50, F|100/100
|switch|p2a: Whimsicott|Whimsicott, L50, F|100/100
|switch|p2b: Emboar|Emboar, L50, M|100/100
|-ability|p1a: Arcanine|Intimidate|boost
|-unboost|p2a: Whimsicott|atk|1
|-fail|p2b: Emboar|unboost|[from] item: Clear Amulet|[of] p2b: Emboar
|-fieldstart|move: Grassy Terrain|[from] ability: Grassy Surge|[of] p1b: Rillaboom
|turn|1
|inactive|spellbreakvgc has 30 seconds left.
|inactive|Fortuny has 30 seconds left.
|inactive|spellbreakvgc has 20 seconds left.
|inactive|Fortuny has 20 seconds left.
|inactive|spellbreakvgc has 15 seconds left.
|inactive|spellbreakvgc has 10 seconds left.
|
|t:|1756978076
|switch|p2a: Garchomp|Garchomp, L50, M|100/100
|move|p1b: Rillaboom|Fake Out|p2a: Garchomp
|-damage|p2a: Garchomp|87/100
|-damage|p1b: Rillaboom|88/100|[from] ability: Rough Skin|[of] p2a: Garchomp
|move|p1a: Arcanine|Flare Blitz|p2a: Garchomp
|-resisted|p2a: Garchomp
|-damage|p2a: Garchomp|61/100
|-damage|p1a: Arcanine|88/100|[from] ability: Rough Skin|[of] p2a: Garchomp
|-damage|p1a: Arcanine|79/100|[from] Recoil
|move|p2b: Emboar|Flare Blitz|p1b: Rillaboom
|-supereffective|p1b: Rillaboom
|-damage|p1b: Rillaboom|0 fnt
|faint|p1b: Rillaboom
|-damage|p2b: Emboar|75/100|[from] Recoil
|
|-heal|p1a: Arcanine|85/100|[from] Grassy Terrain
|-heal|p2a: Garchomp|67/100|[from] Grassy Terrain
|-heal|p2b: Emboar|81/100|[from] Grassy Terrain
|upkeep
|
|t:|1756978095
|switch|p1b: Sneasler|Sneasler, L50, M|100/100
|turn|2
|
|t:|1756978112
|-terastallize|p1a: Arcanine|Water
|move|p1b: Sneasler|Coaching|p1a: Arcanine
|-boost|p1a: Arcanine|atk|1
|-boost|p1a: Arcanine|def|1
|move|p1a: Arcanine|Rock Slide|p2a: Garchomp|[spread] p2a,p2b
|-resisted|p2a: Garchomp
|-damage|p2a: Garchomp|47/100
|-damage|p2b: Emboar|31/100
|-enditem|p2a: Garchomp|Sitrus Berry|[eat]
|-heal|p2a: Garchomp|72/100|[from] item: Sitrus Berry
|cant|p2a: Garchomp|flinch
|move|p2b: Emboar|High Horsepower|p1a: Arcanine
|-damage|p1a: Arcanine|55/100
|
|-heal|p1a: Arcanine|61/100|[from] Grassy Terrain
|-heal|p2a: Garchomp|78/100|[from] Grassy Terrain
|-heal|p2b: Emboar|37/100|[from] Grassy Terrain
|upkeep
|turn|3
|
|t:|1756978134
|move|p2b: Emboar|Sucker Punch||[still]
|-fail|p2b: Emboar
|move|p1b: Sneasler|Coaching|p1a: Arcanine
|-boost|p1a: Arcanine|atk|1
|-boost|p1a: Arcanine|def|1
|move|p1a: Arcanine|Rock Slide|p2b: Emboar|[spread] p2a,p2b
|-resisted|p2a: Garchomp
|-damage|p2a: Garchomp|50/100
|-damage|p2b: Emboar|0 fnt
|faint|p2b: Emboar
|move|p2a: Garchomp|Dragon Claw|p1a: Arcanine
|-damage|p1a: Arcanine|31/100
|
|-heal|p1a: Arcanine|37/100|[from] Grassy Terrain
|-heal|p2a: Garchomp|56/100|[from] Grassy Terrain
|upkeep
|
|t:|1756978139
|switch|p2b: Rillaboom|Rillaboom, L50, F|100/100
|turn|4
|
|t:|1756978158
|move|p1b: Sneasler|Protect|p1b: Sneasler
|-singleturn|p1b: Sneasler|Protect
|move|p1a: Arcanine|Protect|p1a: Arcanine
|-singleturn|p1a: Arcanine|Protect
|move|p2b: Rillaboom|Fake Out|p1b: Sneasler
|-activate|p1b: Sneasler|move: Protect
|move|p2a: Garchomp|Dragon Claw|p1a: Arcanine
|-activate|p1a: Arcanine|move: Protect
|
|-heal|p1a: Arcanine|43/100|[from] Grassy Terrain
|-heal|p2a: Garchomp|62/100|[from] Grassy Terrain
|upkeep
|turn|5
|inactive|spellbreakvgc has 30 seconds left.
|
|t:|1756978184
|move|p2b: Rillaboom|Grassy Glide|p1a: Arcanine
|-supereffective|p1a: Arcanine
|-damage|p1a: Arcanine|0 fnt
|faint|p1a: Arcanine
|move|p1b: Sneasler|Coaching|p1: Arcanine|[notarget]
|-fail|p1b: Sneasler
|move|p2a: Garchomp|Dragon Claw|p1b: Sneasler
|-damage|p1b: Sneasler|46/100
|
|-heal|p1b: Sneasler|52/100|[from] Grassy Terrain
|-heal|p2a: Garchomp|68/100|[from] Grassy Terrain
|-fieldend|move: Grassy Terrain
|upkeep
|
|t:|1756978189
|switch|p1a: Gholdengo|Gholdengo, L50|100/100
|turn|6
|
|t:|1756978206
|switch|p2b: Whimsicott|Whimsicott, L50, F|100/100
|move|p1b: Sneasler|Close Combat|p2a: Garchomp
|-damage|p2a: Garchomp|9/100
|-unboost|p1b: Sneasler|def|1
|-unboost|p1b: Sneasler|spd|1
|-damage|p1b: Sneasler|40/100|[from] ability: Rough Skin|[of] p2a: Garchomp
|move|p2a: Garchomp|Crunch|p1a: Gholdengo
|-supereffective|p1a: Gholdengo
|-damage|p1a: Gholdengo|45/100
|move|p1a: Gholdengo|Shadow Ball|p2a: Garchomp
|-damage|p2a: Garchomp|0 fnt
|faint|p2a: Garchomp
|
|upkeep
|
|t:|1756978218
|switch|p2a: Rillaboom|Rillaboom, L50, F|100/100
|-fieldstart|move: Grassy Terrain|[from] ability: Grassy Surge|[of] p2a: Rillaboom
|-enditem|p1a: Gholdengo|Grassy Seed
|-boost|p1a: Gholdengo|def|1|[from] item: Grassy Seed
|turn|7
|inactive|Fortuny has 30 seconds left.
|
|t:|1756978243
|-terastallize|p2a: Rillaboom|Water
|move|p2a: Rillaboom|Grassy Glide|p1a: Gholdengo
|-resisted|p1a: Gholdengo
|-damage|p1a: Gholdengo|32/100
|move|p2b: Whimsicott|Moonblast|p1b: Sneasler
|-damage|p1b: Sneasler|0 fnt
|faint|p1b: Sneasler
|move|p1a: Gholdengo|Make It Rain|p2a: Rillaboom|[spread] p2a,p2b
|-resisted|p2a: Rillaboom
|-supereffective|p2b: Whimsicott
|-damage|p2a: Rillaboom|84/100
|-enditem|p2b: Whimsicott|Focus Sash
|-damage|p2b: Whimsicott|1/100
|-unboost|p1a: Gholdengo|spa|1
|
|-heal|p2b: Whimsicott|7/100|[from] Grassy Terrain
|-heal|p1a: Gholdengo|38/100|[from] Grassy Terrain
|-heal|p2a: Rillaboom|90/100|[from] Grassy Terrain
|upkeep
|turn|8
|-message|spellbreakvgc forfeited.
|
|win|Fortuny
