|j|☆Leon000
|j|☆eevee1ynn
|html|Leon000eevee1ynn    
|uhtml|bestof|Game 2 of a best-of-3
|t:|1785344820
|gametype|doubles
|player|p1|Leon000|serena|
|player|p2|eevee1ynn|serena-masters3|
|gen|9
|tier|[Gen 9 Champions] VGC 2026 Reg M-B (Bo3)
|rule|Species Clause: Limit one of each Pokémon
|rule|Item Clause: Limit 1 of each item
|clearpoke
|poke|p1|Floette-Eternal, L50, F|
|poke|p1|Charizard, L50, F|
|poke|p1|Whimsicott, L50, M|
|poke|p1|Garchomp, L50, M|
|poke|p1|Basculegion, L50, M|
|poke|p1|Kingambit, L50, F|
|poke|p2|Kangaskhan, L50, F|
|poke|p2|Ceruledge, L50, F|
|poke|p2|Ninetales-Alola, L50, F|
|poke|p2|Sinistcha, L50|
|poke|p2|Spiritomb, L50, F|
|poke|p2|Raichu, L50, M|
|teampreview|4
|showteam|p1|Floette-Eternal||Floettite|FlowerVeil|Moonblast,DazzlingGleam,LightofRuin,Protect|Modest||F|||50|]Charizard||CharizarditeY|Blaze|HeatWave,WeatherBall,SolarBeam,Protect|Modest||F|||50|]Whimsicott||FocusSash|Prankster|Moonblast,Encore,Tailwind,Protect|Timid||M|||50|]Garchomp||LifeOrb|RoughSkin|DragonClaw,Earthquake,Protect,RockSlide|Jolly||M|||50|]Basculegion||MysticWater|Adaptability|WaveCrash,LastRespects,AquaJet,Protect|Adamant||M|||50|]Kingambit||BlackGlasses|Defiant|KowtowCleave,IronHead,SuckerPunch,Protect|Adamant||F|||50|
|showteam|p2|Kangaskhan||Kangaskhanite|Scrappy|BodySlam,LowKick,SuckerPunch,FakeOut|Adamant||F|||50|]Ceruledge||ColburBerry|FlashFire|Protect,BitterBlade,ShadowSneak,BulkUp|Adamant||F|||50|]Ninetales-Alola||NeverMeltIce|SnowWarning|Protect,FreezeDry,IcyWind,Encore|Timid||F|||50|]Sinistcha||FocusSash|Hospitality|Protect,MatchaGotcha,Hex,RagePowder|Modest|||||50|]Spiritomb||RoseliBerry|Pressure|FoulPlay,PainSplit,WillOWisp,TrickRoom|Relaxed||F|||50|]Raichu||RaichuniteY|LightningRod|Protect,ZapCannon,FocusBlast,FakeOut|Timid||M|||50|
|
|t:|1785344867
|teamsize|p1|4
|teamsize|p2|4
|start
|switch|p1a: Floette|Floette-Eternal, L50, F|100/100
|switch|p1b: Garchomp|Garchomp, L50, M|100/100
|switch|p2a: Ceruledge|Ceruledge, L50, F|100/100
|switch|p2b: Ninetales|Ninetales-Alola, L50, F|100/100
|-weather|Snowscape|[from] ability: Snow Warning|[of] p2b: Ninetales
|turn|1
|
|t:|1785344882
|switch|p1b: Basculegion|Basculegion, L50, M|100/100
|detailschange|p1a: Floette|Floette-Mega, L50, F
|-mega|p1a: Floette|Floette|Floettite
|-ability|p1a: Floette|Fairy Aura
|move|p2b: Ninetales|Icy Wind|p1a: Floette|[spread] 
|-miss|p2b: Ninetales|p1a: Floette
|-miss|p2b: Ninetales|p1b: Basculegion
|move|p1a: Floette|Dazzling Gleam|p2b: Ninetales|[spread] p2a,p2b
|-resisted|p2a: Ceruledge|1
|-damage|p2a: Ceruledge|76/100
|-damage|p2b: Ninetales|44/100
|move|p2a: Ceruledge|Bitter Blade|p1a: Floette
|-damage|p1a: Floette|43/100
|-heal|p2a: Ceruledge|100/100|[from] drain|[of] p1a: Floette
|
|-weather|Snowscape|[upkeep]
|upkeep
|turn|2
|
|t:|1785344908
|switch|p2a: Spiritomb|Spiritomb, L50, F|100/100
|-ability|p2a: Spiritomb|Pressure
|move|p2b: Ninetales|Freeze-Dry|p1b: Basculegion
|-supereffective|p1b: Basculegion|1
|-damage|p1b: Basculegion|27/100
|move|p1a: Floette|Dazzling Gleam|p2a: Spiritomb|[spread] p2a,p2b
|-supereffective|p2a: Spiritomb|1
|-enditem|p2a: Spiritomb|Roseli Berry|[eat]
|-enditem|p2a: Spiritomb|Roseli Berry|[weaken]
|-damage|p2a: Spiritomb|52/100
|-damage|p2b: Ninetales|0 fnt
|faint|p2b: Ninetales
|move|p1b: Basculegion|Wave Crash|p2a: Spiritomb
|-damage|p2a: Spiritomb|0 fnt
|faint|p2a: Spiritomb
|-damage|p1b: Basculegion|14/100|[from] Recoil
|
|-weather|Snowscape|[upkeep]
|upkeep
|
|t:|1785344918
|switch|p2b: Kangaskhan|Kangaskhan, L50, F|100/100
|switch|p2a: Ceruledge|Ceruledge, L50, F|100/100
|turn|3
|
|t:|1785344929
|move|p2b: Kangaskhan|Fake Out|p1b: Basculegion
|-damage|p1b: Basculegion|0 fnt
|faint|p1b: Basculegion
|move|p1a: Floette|Light of Ruin|p2b: Kangaskhan
|-damage|p2b: Kangaskhan|0 fnt
|faint|p2b: Kangaskhan
|-damage|p1a: Floette|0 fnt|[from] Recoil
|faint|p1a: Floette
|move|p2a: Ceruledge|Bulk Up|p2a: Ceruledge
|-boost|p2a: Ceruledge|atk|1
|-boost|p2a: Ceruledge|def|1
|
|-weather|Snowscape|[upkeep]
|upkeep
|
|t:|1785344937
|switch|p1a: Garchomp|Garchomp, L50, M|100/100
|switch|p1b: Kingambit|Kingambit, L50, F|100/100
|turn|4
|
|t:|1785344961
|move|p2a: Ceruledge|Protect|p2a: Ceruledge
|-singleturn|p2a: Ceruledge|Protect
|move|p1b: Kingambit|Protect|p1b: Kingambit
|-singleturn|p1b: Kingambit|Protect
|move|p1a: Garchomp|Earthquake|p2a: Ceruledge|[spread] 
|-activate|p1b: Kingambit|move: Protect
|-activate|p2a: Ceruledge|move: Protect
|
|-weather|Snowscape|[upkeep]
|upkeep
|turn|5
|
|t:|1785344966
|move|p1b: Kingambit|Sucker Punch|p2a: Ceruledge
|-supereffective|p2a: Ceruledge|1
|-enditem|p2a: Ceruledge|Colbur Berry|[eat]
|-enditem|p2a: Ceruledge|Colbur Berry|[weaken]
|-damage|p2a: Ceruledge|68/100
|move|p1a: Garchomp|Earthquake|p2a: Ceruledge|[spread] p1b,p2a
|-supereffective|p1b: Kingambit|1
|-supereffective|p2a: Ceruledge|1
|-crit|p2a: Ceruledge
|-damage|p1b: Kingambit|24/100
|-damage|p2a: Ceruledge|0 fnt
|faint|p2a: Ceruledge
|-damage|p1a: Garchomp|90/100|[from] item: Life Orb
|
|win|Leon000
