|j|☆Jessditta
|j|☆NatRus3
|html|JessdittaNatRus3    
|uhtml|bestof|Game 2 of a best-of-3
|t:|1757834611
|gametype|doubles
|player|p1|Jessditta|hilda|1216
|player|p2|NatRus3|2|1010
|gen|9
|tier|[Gen 9] VGC 2025 Reg H (Bo3)
|rated|
|rule|Species Clause: Limit one of each Pokémon
|rule|Item Clause: Limit 1 of each item
|clearpoke
|poke|p1|Weezing, L50, M|
|poke|p1|Sneasler, L50, F|
|poke|p1|Slaking, L50, F|
|poke|p1|Tatsugiri, L50, F|
|poke|p1|Indeedee, L50, M|
|poke|p1|Dondozo, L50, F|
|poke|p2|Pelipper, L50, F|
|poke|p2|Archaludon, L50, M|
|poke|p2|Flamigo, L50, M|
|poke|p2|Basculegion, L50, M|
|poke|p2|Incineroar, L50, M|
|poke|p2|Whimsicott, L50, M|
|teampreview|4
|showteam|p1|Weezing||CovertCloak|NeutralizingGas|SludgeBomb,WillOWisp,PoisonGas,Protect|||M|||50|,,,,,Flying]Sneasler||PsychicSeed|Unburden|DireClaw,ThroatChop,CloseCombat,Protect|||F|||50|,,,,,Dark]Slaking||ChoiceBand|Truant|Earthquake,HighHorsepower,KnockOff,DoubleEdge|||F|||50|,,,,,Ghost]Tatsugiri||SafetyGoggles|Commander|MuddyWater,DracoMeteor,HelpingHand,Protect|||F|||50|,,,,,Fairy]Indeedee||ChoiceScarf|PsychicSurge|ExpandingForce,DazzlingGleam,HelpingHand,TrickRoom|||M|||50|,,,,,Psychic]Dondozo||Leftovers|Unaware|WaveCrash,OrderUp,Earthquake,Protect|||F|||50|,,,,,Grass
|showteam|p2|Pelipper||FocusSash|Drizzle|MuddyWater,Hurricane,WideGuard,Protect|||F|||50|,,,,,Ghost]Archaludon||AssaultVest|Stamina|ElectroShot,DragonPulse,FlashCannon,BodyPress|||M|||50|,,,,,Fairy]Flamigo||ClearAmulet|Scrappy|CloseCombat,BraveBird,Feint,Protect|||M|||50|,,,,,Ghost]Basculegion||LifeOrb|SwiftSwim|AquaJet,LastRespects,WaveCrash,Protect|||M|||50|,,,,,Water]Incineroar||RockyHelmet|Intimidate|FakeOut,KnockOff,FlareBlitz,HelpingHand|||M|||50|,,,,,Grass]Whimsicott||CovertCloak|Prankster|Tailwind,Encore,BeatUp,Moonblast|||M|||50|,,,,,Flying
|inactive|Battle timer is ON: inactive players will automatically lose when time's up. (requested by NatRus3)
|inactive|NatRus3 has 60 seconds left.
|
|t:|1757834673
|teamsize|p1|4
|teamsize|p2|4
|start
|switch|p1a: Weezing|Weezing, L50, M|100/100
|switch|p1b: Slaking|Slaking, L50, F|100/100
|switch|p2a: Whimsicott|Whimsicott, L50, M|100/100
|switch|p2b: Archaludon|Archaludon, L50, M|100/100
|-ability|p1a: Weezing|Neutralizing Gas
|turn|1
|
|t:|1757834691
|-terastallize|p2a: Whimsicott|Flying
|move|p1a: Weezing|Protect|p1a: Weezing
|-singleturn|p1a: Weezing|Protect
|move|p2a: Whimsicott|Beat Up|p2b: Archaludon
|-damage|p2b: Archaludon|99/100
|-damage|p2b: Archaludon|97/100
|-damage|p2b: Archaludon|95/100
|-damage|p2b: Archaludon|93/100
|-hitcount|p2b: Archaludon|4
|move|p1b: Slaking|Earthquake|p2b: Archaludon|[spread] p2b
|-activate|p1a: Weezing|move: Protect
|-immune|p2a: Whimsicott
|-supereffective|p2b: Archaludon
|-damage|p2b: Archaludon|27/100
|move|p2b: Archaludon|Body Press|p1b: Slaking
|-supereffective|p1b: Slaking
|-damage|p1b: Slaking|66/100
|
|upkeep
|turn|2
|inactive|Jessditta has 30 seconds left.
|inactive|NatRus3 has 30 seconds left.
|inactive|NatRus3 has 20 seconds left.
|
|t:|1757834728
|switch|p2b: Flamigo|Flamigo, L50, M|100/100
|-terastallize|p1a: Weezing|Flying
|move|p2a: Whimsicott|Encore|p1a: Weezing
|-start|p1a: Weezing|Encore
|move|p1b: Slaking|Earthquake|p2b: Flamigo|[spread] 
|-immune|p1a: Weezing
|-immune|p2a: Whimsicott
|-immune|p2b: Flamigo
|move|p1a: Weezing|Protect||[still]
|-fail|p1a: Weezing
|
|upkeep
|turn|3
|
|t:|1757834747
|switch|p1b: Tatsugiri|Tatsugiri, L50, F|100/100
|-end|p1a: Weezing|ability: Neutralizing Gas
|switch|p1a: Dondozo|Dondozo, L50, F|100/100
|-activate|p1b: Tatsugiri|ability: Commander|[of] p1a: Dondozo
|-boost|p1a: Dondozo|atk|2
|-boost|p1a: Dondozo|spa|2
|-boost|p1a: Dondozo|spe|2
|-boost|p1a: Dondozo|def|2
|-boost|p1a: Dondozo|spd|2
|move|p2a: Whimsicott|Moonblast|p1b: Tatsugiri|[miss]
|-miss|p2a: Whimsicott|p1b: Tatsugiri
|move|p2b: Flamigo|Close Combat|p1b: Tatsugiri|[miss]
|-miss|p2b: Flamigo|p1b: Tatsugiri
|
|upkeep
|turn|4
|
|t:|1757834770
|move|p2b: Flamigo|Protect|p2b: Flamigo
|-singleturn|p2b: Flamigo|Protect
|move|p2a: Whimsicott|Tailwind|p2a: Whimsicott
|-sidestart|p2: NatRus3|move: Tailwind
|move|p1a: Dondozo|Order Up|p2b: Flamigo
|-activate|p2b: Flamigo|move: Protect
|
|upkeep
|turn|5
|inactive|NatRus3 has 30 seconds left.
|
|t:|1757834800
|switch|p2a: Incineroar|Incineroar, L50, M|100/100
|-ability|p2a: Incineroar|Intimidate|boost
|-unboost|p1a: Dondozo|atk|1
|-unboost|p1b: Tatsugiri|atk|1
|move|p2b: Flamigo|Close Combat|p1a: Dondozo
|-damage|p1a: Dondozo|81/100
|-unboost|p2b: Flamigo|def|1
|-unboost|p2b: Flamigo|spd|1
|move|p1a: Dondozo|Order Up|p2b: Flamigo
|-damage|p2b: Flamigo|55/100
|-boost|p1a: Dondozo|atk|1
|
|-heal|p1a: Dondozo|87/100|[from] item: Leftovers
|upkeep
|turn|6
|
|t:|1757834817
|move|p1a: Dondozo|Protect|p1a: Dondozo
|-singleturn|p1a: Dondozo|Protect
|move|p2b: Flamigo|Feint|p1a: Dondozo
|-activate|p1a: Dondozo|move: Feint
|-damage|p1a: Dondozo|83/100
|move|p2a: Incineroar|Knock Off|p1a: Dondozo
|-damage|p1a: Dondozo|67/100
|-enditem|p1a: Dondozo|Leftovers|[from] move: Knock Off|[of] p2a: Incineroar
|
|upkeep
|turn|7
|
|t:|1757834838
|switch|p2b: Whimsicott|Whimsicott, L50, M, tera:Flying|100/100
|move|p2a: Incineroar|Flare Blitz|p1a: Dondozo
|-resisted|p1a: Dondozo
|-damage|p1a: Dondozo|58/100
|-damage|p2a: Incineroar|96/100|[from] Recoil
|move|p1a: Dondozo|Wave Crash|p2a: Incineroar
|-supereffective|p2a: Incineroar
|-damage|p2a: Incineroar|0 fnt
|-damage|p1a: Dondozo|41/100|[from] item: Rocky Helmet|[of] p2a: Incineroar
|faint|p2a: Incineroar
|-damage|p1a: Dondozo|18/100|[from] Recoil
|
|-sideend|p2: NatRus3|move: Tailwind
|upkeep
|
|t:|1757834855
|switch|p2a: Flamigo|Flamigo, L50, M|55/100
|turn|8
|
|t:|1757834870
|move|p2b: Whimsicott|Tailwind|p2b: Whimsicott
|-sidestart|p2: NatRus3|move: Tailwind
|move|p2a: Flamigo|Brave Bird|p1a: Dondozo
|-damage|p1a: Dondozo|0 fnt
|faint|p1a: Dondozo
|-damage|p2a: Flamigo|47/100|[from] Recoil
|
|upkeep
|
|t:|1757834879
|switch|p1a: Weezing|Weezing, L50, M, tera:Flying|100/100
|-ability|p1a: Weezing|Neutralizing Gas
|turn|9
|
|t:|1757834891
|move|p2b: Whimsicott|Moonblast|p1b: Tatsugiri
|-supereffective|p1b: Tatsugiri
|-crit|p1b: Tatsugiri
|-damage|p1b: Tatsugiri|0 fnt
|faint|p1b: Tatsugiri
|move|p2a: Flamigo|Close Combat|p1a: Weezing
|-resisted|p1a: Weezing
|-damage|p1a: Weezing|73/100
|-unboost|p2a: Flamigo|def|1
|-unboost|p2a: Flamigo|spd|1
|move|p1a: Weezing|Poison Gas|p2b: Whimsicott|[spread] p2a,p2b
|-status|p2a: Flamigo|psn
|-status|p2b: Whimsicott|psn
|
|-damage|p2b: Whimsicott|89/100 psn|[from] psn
|-damage|p2a: Flamigo|34/100 psn|[from] psn
|upkeep
|l|☆Jessditta
|inactive|Jessditta disconnected and has a minute to reconnect!
|player|p1|
|j|☆Jessditta
|inactive|Jessditta reconnected and has 40 seconds left.
|player|p1|Jessditta|hilda|
|inactive|Jessditta has 30 seconds left.
|
|t:|1757834916
|switch|p1b: Slaking|Slaking, L50, F|66/100
|turn|10
|
|t:|1757834927
|move|p2b: Whimsicott|Encore|p1a: Weezing
|-start|p1a: Weezing|Encore
|move|p2a: Flamigo|Close Combat|p1b: Slaking
|-supereffective|p1b: Slaking
|-damage|p1b: Slaking|0 fnt
|-unboost|p2a: Flamigo|def|1
|-unboost|p2a: Flamigo|spd|1
|faint|p1b: Slaking
|move|p1a: Weezing|Poison Gas|p2b: Whimsicott|[spread] 
|-fail|p2a: Flamigo|psn
|-fail|p2b: Whimsicott|psn
|
|-damage|p2b: Whimsicott|77/100 psn|[from] psn
|-damage|p2a: Flamigo|22/100 psn|[from] psn
|upkeep
|turn|11
|
|t:|1757834944
|move|p2b: Whimsicott|Moonblast|p1a: Weezing
|-damage|p1a: Weezing|47/100
|move|p2a: Flamigo|Brave Bird|p1a: Weezing
|-damage|p1a: Weezing|0 fnt
|faint|p1a: Weezing
|-end|p1a: Weezing|ability: Neutralizing Gas
|-damage|p2a: Flamigo|7/100 psn|[from] Recoil
|
|win|NatRus3
||Jessditta is ready for game 3.
|inactive|NatRus3 has 30 seconds to confirm battle start!
|inactive|NatRus3 has 20 seconds to confirm battle start!
||NatRus3 is ready for game 3.
|uhtml|next|Next: Game 3 of 3
|l|☆NatRus3
|player|p2|
