|j|☆maggio3003
|j|☆Pickle315
|html|maggio3003Pickle315    
|uhtml|bestof|Game 1 of a best-of-3
|t:|1757014284
|gametype|doubles
|player|p1|maggio3003|102|1051
|player|p2|Pickle315|hilbert|1064
|gen|9
|tier|[Gen 9] VGC 2025 Reg H (Bo3)
|rated|
|rule|Species Clause: Limit one of each Pokémon
|rule|Item Clause: Limit 1 of each item
|clearpoke
|poke|p1|Politoed, L50, F|
|poke|p1|Kingdra, L50, F|
|poke|p1|Gothitelle, L50, F|
|poke|p1|Incineroar, L50, F|
|poke|p1|Amoonguss, L50, M|
|poke|p1|Archaludon, L50, F|
|poke|p2|Amoonguss, L50, M|
|poke|p2|Charizard, L50, M|
|poke|p2|Kingambit, L50, F|
|poke|p2|Rillaboom, L50, F|
|poke|p2|Dragapult, L50, M|
|poke|p2|Clodsire, L50, F|
|teampreview|4
|showteam|p1|Politoed||Leftovers|Drizzle|PerishSong,Protect,WeatherBall,Encore|||F|||50|,,,,,Grass]Kingdra||LifeOrb|SwiftSwim|MuddyWater,DracoMeteor,Protect,WeatherBall|||F|||50|,,,,,Stellar]Gothitelle||SitrusBerry|ShadowTag|TrickRoom,FakeOut,Protect,Psychic|||F|||50|,,,,,Dark]Incineroar||SafetyGoggles|Intimidate|FakeOut,PartingShot,Protect,KnockOff|||F|||50|,,,,,Ghost]Amoonguss||EjectButton|Regenerator|Protect,PollenPuff,Spore,RagePowder|||M|||50|,,,,,Fairy]Archaludon||PowerHerb|Sturdy|ElectroShot,FlashCannon,Protect,DragonPulse|||F|||50|,,,,,Electric
|showteam|p2|Amoonguss||RockyHelmet|Regenerator|PollenPuff,RagePowder,Spore,Synthesis|||M|||50|,,,,,Water]Charizard||LifeOrb|SolarPower|TeraBlast,HeatWave,Protect,SolarBeam|||M|||50|,,,,,Flying]Kingambit||AssaultVest|Defiant|KowtowCleave,IronHead,SuckerPunch,BrickBreak|||F|||50|,,,,,Ghost]Rillaboom||SitrusBerry|GrassySurge|HighHorsepower,GrassyGlide,SolarBlade,FakeOut|||F|||50|,,,,,Electric]Dragapult||ColburBerry|ClearBody|SunnyDay,Protect,DracoMeteor,Thunderbolt|||M|||50|,,,,,Steel]Clodsire||CovertCloak|WaterAbsorb|HighHorsepower,Haze,RockSlide,Protect|||F|||50|,,,,,Steel
|inactive|Battle timer is ON: inactive players will automatically lose when time's up. (requested by maggio3003)
|inactive|maggio3003 has 60 seconds left.
|inactive|Pickle315 has 60 seconds left.
|j| ParroTiest
|
|t:|1757014330
|teamsize|p1|4
|teamsize|p2|4
|start
|switch|p1a: Politoed|Politoed, L50, F|100/100
|switch|p1b: Kingdra|Kingdra, L50, F|100/100
|switch|p2a: Rillaboom|Rillaboom, L50, F|100/100
|switch|p2b: Dragapult|Dragapult, L50, M|100/100
|-fieldstart|move: Grassy Terrain|[from] ability: Grassy Surge|[of] p2a: Rillaboom
|-weather|RainDance|[from] ability: Drizzle|[of] p1a: Politoed
|turn|1
|
|t:|1757014352
|switch|p1a: Gothitelle|Gothitelle, L50, F|100/100
|move|p1b: Kingdra|Protect|p1b: Kingdra
|-singleturn|p1b: Kingdra|Protect
|move|p2a: Rillaboom|Fake Out|p1b: Kingdra
|-activate|p1b: Kingdra|move: Protect
|move|p2b: Dragapult|Sunny Day|p2b: Dragapult
|-weather|SunnyDay
|
|-weather|SunnyDay|[upkeep]
|upkeep
|turn|2
|l| ParroTiest
|
|t:|1757014376
|switch|p2b: Clodsire|Clodsire, L50, F|100/100
|move|p1a: Gothitelle|Fake Out|p2a: Rillaboom
|-damage|p2a: Rillaboom|95/100
|cant|p2a: Rillaboom|flinch
|move|p1b: Kingdra|Weather Ball|p2a: Rillaboom
|-supereffective|p2a: Rillaboom
|-damage|p2a: Rillaboom|0 fnt
|faint|p2a: Rillaboom
|-damage|p1b: Kingdra|90/100|[from] item: Life Orb
|
|-weather|SunnyDay|[upkeep]
|-heal|p1b: Kingdra|96/100|[from] Grassy Terrain
|upkeep
|
|t:|1757014392
|switch|p2a: Charizard|Charizard, L50, M|100/100
|turn|3
|
|t:|1757014412
|switch|p1a: Politoed|Politoed, L50, F|100/100
|-weather|RainDance|[from] ability: Drizzle|[of] p1a: Politoed
|-terastallize|p2a: Charizard|Flying
|move|p1b: Kingdra|Weather Ball|p2a: Charizard
|-damage|p2a: Charizard|0 fnt
|faint|p2a: Charizard
|-damage|p1b: Kingdra|86/100|[from] item: Life Orb
|move|p2b: Clodsire|Rock Slide|p1b: Kingdra|[spread] p1b
|-miss|p2b: Clodsire|p1a: Politoed
|-damage|p1b: Kingdra|70/100
|
|-weather|RainDance|[upkeep]
|-heal|p1b: Kingdra|76/100|[from] Grassy Terrain
|upkeep
|
|t:|1757014427
|switch|p2a: Dragapult|Dragapult, L50, M|100/100
|turn|4
|
|t:|1757014440
|move|p1b: Kingdra|Draco Meteor|p2a: Dragapult|[miss]
|-miss|p1b: Kingdra|p2a: Dragapult
|move|p2a: Dragapult|Draco Meteor|p1b: Kingdra|[miss]
|-miss|p2a: Dragapult|p1b: Kingdra
|move|p1a: Politoed|Encore|p2a: Dragapult
|-start|p2a: Dragapult|Encore
|move|p2b: Clodsire|High Horsepower|p1b: Kingdra
|-damage|p1b: Kingdra|32/100
|
|-weather|RainDance|[upkeep]
|-heal|p1b: Kingdra|38/100|[from] Grassy Terrain
|upkeep
|turn|5
|inactive|maggio3003 has 30 seconds left.
|
|t:|1757014467
|move|p1b: Kingdra|Draco Meteor|p2a: Dragapult
|-supereffective|p2a: Dragapult
|-damage|p2a: Dragapult|0 fnt
|-unboost|p1b: Kingdra|spa|2
|faint|p2a: Dragapult
|-damage|p1b: Kingdra|28/100|[from] item: Life Orb
|move|p1a: Politoed|Perish Song|p1a: Politoed
|-start|p1a: Politoed|perish3|[silent]
|-start|p1b: Kingdra|perish3|[silent]
|-start|p2b: Clodsire|perish3|[silent]
|-fieldactivate|move: Perish Song
|move|p2b: Clodsire|High Horsepower|p1b: Kingdra
|-damage|p1b: Kingdra|0 fnt
|faint|p1b: Kingdra
|
|-weather|RainDance|[upkeep]
|-start|p1a: Politoed|perish3
|-start|p2b: Clodsire|perish3
|-fieldend|move: Grassy Terrain
|upkeep
|
|t:|1757014484
|switch|p1b: Gothitelle|Gothitelle, L50, F|100/100
|turn|6
|
|t:|1757014490
|switch|p1a: Amoonguss|Amoonguss, L50, M|100/100
|move|p1b: Gothitelle|Fake Out|p2b: Clodsire
|-damage|p2b: Clodsire|93/100
|move|p2b: Clodsire|High Horsepower|p1b: Gothitelle
|-damage|p1b: Gothitelle|73/100
|
|-weather|RainDance|[upkeep]
|-start|p2b: Clodsire|perish2
|upkeep
|turn|7
|
|t:|1757014507
|move|p1b: Gothitelle|Psychic|p2b: Clodsire
|-supereffective|p2b: Clodsire
|-damage|p2b: Clodsire|58/100
|move|p1a: Amoonguss|Pollen Puff|p1b: Gothitelle
|-heal|p1b: Gothitelle|100/100
|move|p2b: Clodsire|High Horsepower|p1b: Gothitelle
|-damage|p1b: Gothitelle|71/100
|
|-weather|none
|-start|p2b: Clodsire|perish1
|upkeep
|turn|8
|
|t:|1757014521
|move|p1b: Gothitelle|Protect|p1b: Gothitelle
|-singleturn|p1b: Gothitelle|Protect
|move|p1a: Amoonguss|Protect|p1a: Amoonguss
|-singleturn|p1a: Amoonguss|Protect
|move|p2b: Clodsire|High Horsepower|p1a: Amoonguss
|-activate|p1a: Amoonguss|move: Protect
|
|-start|p2b: Clodsire|perish0
|faint|p2b: Clodsire
|
|win|maggio3003
||Pickle315 is ready for game 2.
||maggio3003 is ready for game 2.
|uhtml|next|Next: Game 2 of 3
|l|☆maggio3003
|player|p1|
