|j|☆JCosio
|j|☆bowlingbulbenjoyer
|html|JCosiobowlingbulbenjoyer    
|uhtml|bestof|Game 3 of a best-of-3
|t:|1782373558
|gametype|doubles
|player|p1|JCosio|fisherman-gen4|1094
|player|p2|bowlingbulbenjoyer|cynthia-gen4|1000
|gen|9
|tier|[Gen 9 Champions] VGC 2026 Reg M-B (Bo3)
|rated|
|rule|Species Clause: Limit one of each Pokémon
|rule|Item Clause: Limit 1 of each item
|clearpoke
|poke|p1|Charizard, L50, F|
|poke|p1|Farigiraf, L50, F|
|poke|p1|Whimsicott, L50, M|
|poke|p1|Mawile, L50, M|
|poke|p1|Basculegion, L50, M|
|poke|p1|Garchomp, L50, M|
|poke|p2|Metagross, L50|
|poke|p2|Sneasler, L50, M|
|poke|p2|Hydreigon, L50, F|
|poke|p2|Aerodactyl, L50, F|
|poke|p2|Sinistcha-Masterpiece, L50|
|poke|p2|Gyarados, L50, F|
|teampreview|4
|showteam|p1|Charizard||CharizarditeY|Blaze|Protect,HeatWave,WeatherBall,SolarBeam|Modest||F|||50|]Farigiraf||SitrusBerry|ArmorTail|Roar,PsychicFangs,Thunderbolt,TrickRoom|Bold||F|||50|]Whimsicott||FocusSash|Prankster|SunnyDay,Tailwind,Moonblast,Encore|Timid||M|||50|]Mawile||Mawilite|HyperCutter|Protect,SuckerPunch,PlayRough,RockSlide|Adamant||M|||50|]Basculegion||MysticWater|Adaptability|Protect,AquaJet,LastRespects,WaveCrash|Adamant||M|||50|]Garchomp||LifeOrb|RoughSkin|StompingTantrum,RockSlide,DragonClaw,Protect|Jolly||M|||50|
|showteam|p2|Metagross||Metagrossite|ClearBody|IronHead,PsychicFangs,BulletPunch,Protect|Jolly|||||50|]Sneasler||WhiteHerb|Unburden|CloseCombat,DireClaw,FakeOut,Coaching|Adamant||M|||50|]Hydreigon||ChoiceScarf|Levitate|DracoMeteor,DarkPulse,HeatWave,FlashCannon|Timid||F|||50|]Aerodactyl||FocusSash|Unnerve|Tailwind,Taunt,WideGuard,RockSlide|Jolly||F|||50|]Sinistcha-Masterpiece||SitrusBerry|Hospitality|MatchaGotcha,RagePowder,ShadowBall,LifeDew|Bold|||||50|]Gyarados||Gyaradosite|Intimidate|DragonDance,Earthquake,Waterfall,Protect|Adamant||F|||50|
|inactive|Battle timer is ON: inactive players will automatically lose when time's up. (requested by JCosio)
|
|t:|1782373587
|teamsize|p1|4
|teamsize|p2|4
|start
|switch|p1a: Farigiraf|Farigiraf, L50, F|100/100
|switch|p1b: Basculegion|Basculegion, L50, M|100/100
|switch|p2a: Metagross|Metagross, L50|100/100
|switch|p2b: Sneasler|Sneasler, L50, M|100/100
|turn|1
|inactive|JCosio has 30 seconds left.
|inactive|bowlingbulbenjoyer has 30 seconds left.
|inactive|JCosio has 20 seconds left.
|inactive|JCosio has 15 seconds left.
|inactive|JCosio has 10 seconds left.
|
|t:|1782373634
|detailschange|p2a: Metagross|Metagross-Mega, L50
|-mega|p2a: Metagross|Metagross|Metagrossite
|move|p2a: Metagross|Iron Head|p1a: Farigiraf
|-damage|p1a: Farigiraf|48/100
|-enditem|p1a: Farigiraf|Sitrus Berry|[eat]
|-heal|p1a: Farigiraf|73/100|[from] item: Sitrus Berry
|move|p2b: Sneasler|Close Combat|p1a: Farigiraf
|-damage|p1a: Farigiraf|26/100
|-unboost|p2b: Sneasler|def|1
|-unboost|p2b: Sneasler|spd|1
|-enditem|p2b: Sneasler|White Herb
|-clearnegativeboost|p2b: Sneasler|[silent]
|move|p1b: Basculegion|Wave Crash|p2b: Sneasler
|-damage|p2b: Sneasler|0 fnt
|faint|p2b: Sneasler
|-damage|p1b: Basculegion|68/100|[from] Recoil
|move|p1a: Farigiraf|Trick Room|p1a: Farigiraf
|-fieldstart|move: Trick Room|[of] p1a: Farigiraf
|
|upkeep
|
|t:|1782373651
|switch|p2b: Sinistcha|Sinistcha-Masterpiece, L50|100/100
|turn|2
|inactive|JCosio has 30 seconds left.
|inactive|JCosio has 20 seconds left.
|inactive|JCosio has 15 seconds left.
|
|t:|1782373695
|move|p2b: Sinistcha|Rage Powder|p2b: Sinistcha
|-singleturn|p2b: Sinistcha|move: Rage Powder
|move|p1b: Basculegion|Last Respects|p2b: Sinistcha
|-supereffective|p2b: Sinistcha|1
|-damage|p2b: Sinistcha|50/100g
|move|p2a: Metagross|Psychic Fangs|p1b: Basculegion
|-damage|p1b: Basculegion|0 fnt
|faint|p1b: Basculegion
|move|p1a: Farigiraf|Roar|p2b: Sinistcha
|drag|p2b: Hydreigon|Hydreigon, L50, F|100/100
|
|upkeep
|
|t:|1782373707
|switch|p1b: Mawile|Mawile, L50, M|100/100
|turn|3
|inactive|JCosio has 30 seconds left.
|inactive|JCosio has 20 seconds left.
|inactive|JCosio has 15 seconds left.
|inactive|JCosio has 10 seconds left.
|
|t:|1782373757
|switch|p2b: Sinistcha|Sinistcha-Masterpiece, L50|50/100g
|detailschange|p1b: Mawile|Mawile-Mega, L50, M
|-mega|p1b: Mawile|Mawile|Mawilite
|move|p1b: Mawile|Play Rough|p2b: Sinistcha
|-damage|p2b: Sinistcha|0 fnt
|faint|p2b: Sinistcha
|move|p1a: Farigiraf|Thunderbolt|p2a: Metagross
|-damage|p2a: Metagross|74/100
|move|p2a: Metagross|Iron Head|p1b: Mawile
|-damage|p1b: Mawile|46/100
|
|upkeep
|
|t:|1782373765
|switch|p2b: Hydreigon|Hydreigon, L50, F|100/100
|turn|4
|
|t:|1782373786
|move|p1b: Mawile|Play Rough|p2b: Hydreigon
|-supereffective|p2b: Hydreigon|2
|-damage|p2b: Hydreigon|0 fnt
|faint|p2b: Hydreigon
|move|p1a: Farigiraf|Thunderbolt|p2a: Metagross
|-damage|p2a: Metagross|50/100g
|move|p2a: Metagross|Iron Head|p1b: Mawile
|-damage|p1b: Mawile|0 fnt
|faint|p1b: Mawile
|
|upkeep
|
|t:|1782373796
|switch|p1b: Garchomp|Garchomp, L50, M|100/100
|turn|5
|inactive|JCosio has 30 seconds left.
|
|t:|1782373825
|move|p1b: Garchomp|Protect|p1b: Garchomp
|-singleturn|p1b: Garchomp|Protect
|move|p2a: Metagross|Protect|p2a: Metagross
|-singleturn|p2a: Metagross|Protect
|move|p1a: Farigiraf|Thunderbolt|p2a: Metagross
|-activate|p2a: Metagross|move: Protect
|
|-fieldend|move: Trick Room
|upkeep
|turn|6
|
|t:|1782373836
|move|p2a: Metagross|Iron Head|p1b: Garchomp
|-damage|p1b: Garchomp|39/100
|-damage|p2a: Metagross|38/100|[from] ability: Rough Skin|[of] p1b: Garchomp
|move|p1b: Garchomp|Stomping Tantrum|p2a: Metagross
|-supereffective|p2a: Metagross|1
|-damage|p2a: Metagross|0 fnt
|faint|p2a: Metagross
|-damage|p1b: Garchomp|29/100|[from] item: Life Orb
|
|win|JCosio
|raw|JCosio's rating: 1094 → 1113(+19 for winning)
|raw|bowlingbulbenjoyer's rating: 1000 → 1000(+0 for losing)
|l|☆bowlingbulbenjoyer
|player|p2|
|c|☆JCosio|ggwp
