|j|☆Fr3gsy
|j|☆BenniOVY
|html|Fr3gsyBenniOVY    
|uhtml|bestof|Game 1 of a best-of-3
|t:|1757750822
|gametype|doubles
|player|p1|Fr3gsy|cynthia|1115
|player|p2|BenniOVY|102|1191
|gen|9
|tier|[Gen 9] VGC 2025 Reg H (Bo3)
|rated|
|rule|Species Clause: Limit one of each Pokémon
|rule|Item Clause: Limit 1 of each item
|clearpoke
|poke|p1|Annihilape, L50, M|
|poke|p1|Maushold, L50|
|poke|p1|Kommo-o, L50, F|
|poke|p1|Murkrow, L50, M|
|poke|p1|Rillaboom, L50, M|
|poke|p1|Incineroar, L50, M|
|poke|p2|Archaludon, L50, F|
|poke|p2|Ursaluna, L50, F|
|poke|p2|Dragonite, L50, M|
|poke|p2|Sinistcha-Masterpiece, L50|
|poke|p2|Pelipper, L50, F|
|poke|p2|Basculegion, L50, M|
|teampreview|4
|showteam|p1|Annihilape||Leftovers|Defiant|RageFist,DrainPunch,BulkUp,Protect|||M|||50|,,,,,Fire]Maushold||SafetyGoggles|FriendGuard|FollowMe,BeatUp,HelpingHand,Protect||||||50|,,,,,Ghost]Kommo-o||ThroatSpray|Overcoat|ClangorousSoul,ClangingScales,Protect,FlashCannon|||F|||50|,,,,,Steel]Murkrow||Eviolite|Prankster|BraveBird,Tailwind,Taunt,Quash|||M|||50|,,,,,Ghost]Rillaboom||AssaultVest|GrassySurge|FakeOut,HighHorsepower,GrassyGlide,Uturn|||M|||50|,,,,,Fire]Incineroar||SitrusBerry|Intimidate|FakeOut,FlareBlitz,KnockOff,PartingShot|||M|||50|,,,,,Ghost
|showteam|p2|Archaludon||AssaultVest|Stamina|FlashCannon,ElectroShot,BodyPress,DragonPulse|||F|||50|,,,,,Bug]Ursaluna||FlameOrb|Guts|Facade,HeadlongRush,Earthquake,Protect|||F|||50|,,,,,Ghost]Dragonite||LoadedDice|Multiscale|ScaleShot,Haze,Tailwind,Protect|||M|||50|,,,,,Fairy]Sinistcha-Masterpiece||SitrusBerry|Hospitality|MatchaGotcha,LifeDew,TrickRoom,RagePowder||||||50|,,,,,Fairy]Pelipper||FocusSash|Drizzle|WeatherBall,Hurricane,Tailwind,Protect|||F|||50|,,,,,Ghost]Basculegion||ChoiceBand|SwiftSwim|FlipTurn,WaveCrash,AquaJet,LastRespects|||M|||50|,,,,,Water
|inactive|Battle timer is ON: inactive players will automatically lose when time's up. (requested by BenniOVY)
|
|t:|1757750892
|teamsize|p1|4
|teamsize|p2|4
|start
|switch|p1a: Kommo-o|Kommo-o, L50, F, shiny|100/100
|switch|p1b: Murkrow|Murkrow, L50, M, shiny|100/100
|switch|p2a: Ursaluna|Ursaluna, L50, F|100/100
|switch|p2b: Dragonite|Dragonite, L50, M|100/100
|turn|1
|
|t:|1757750923
|-terastallize|p1a: Kommo-o|Steel
|move|p2b: Dragonite|Scale Shot|p1a: Kommo-o
|-resisted|p1a: Kommo-o
|-damage|p1a: Kommo-o|95/100
|-resisted|p1a: Kommo-o
|-damage|p1a: Kommo-o|90/100
|-resisted|p1a: Kommo-o
|-damage|p1a: Kommo-o|83/100
|-resisted|p1a: Kommo-o
|-crit|p1a: Kommo-o
|-damage|p1a: Kommo-o|75/100
|-hitcount|p1a: Kommo-o|4
|-unboost|p2b: Dragonite|def|1
|-boost|p2b: Dragonite|spe|1
|move|p1a: Kommo-o|Clangorous Soul|p1a: Kommo-o
|-boost|p1a: Kommo-o|atk|1
|-boost|p1a: Kommo-o|def|1
|-boost|p1a: Kommo-o|spa|1
|-boost|p1a: Kommo-o|spd|1
|-boost|p1a: Kommo-o|spe|1
|-damage|p1a: Kommo-o|42/100
|-enditem|p1a: Kommo-o|Throat Spray
|-boost|p1a: Kommo-o|spa|1|[from] item: Throat Spray
|move|p1b: Murkrow|Brave Bird|p2b: Dragonite
|-damage|p2b: Dragonite|72/100
|-damage|p1b: Murkrow|91/100|[from] Recoil
|move|p2a: Ursaluna|Facade|p1b: Murkrow
|-damage|p1b: Murkrow|42/100
|
|-status|p2a: Ursaluna|brn|[from] item: Flame Orb
|upkeep
|turn|2
|inactive|Fr3gsy has 30 seconds left.
|
|t:|1757750952
|-terastallize|p2b: Dragonite|Fairy
|move|p1b: Murkrow|Tailwind|p1b: Murkrow
|-sidestart|p1: Fr3gsy|move: Tailwind
|move|p1a: Kommo-o|Clanging Scales|p2a: Ursaluna|[spread] p2a
|-immune|p2b: Dragonite
|-damage|p2a: Ursaluna|42/100 brn
|-unboost|p1a: Kommo-o|def|1
|move|p2b: Dragonite|Tailwind|p2b: Dragonite
|-sidestart|p2: BenniOVY|move: Tailwind
|move|p2a: Ursaluna|Earthquake|p1b: Murkrow|[spread] p2b,p1a
|-immune|p1b: Murkrow
|-supereffective|p1a: Kommo-o
|-damage|p2b: Dragonite|0 fnt
|-damage|p1a: Kommo-o|0 fnt
|faint|p2b: Dragonite
|faint|p1a: Kommo-o
|
|-damage|p2a: Ursaluna|36/100 brn|[from] brn
|upkeep
|
|t:|1757750971
|switch|p2b: Pelipper|Pelipper, L50, F|100/100
|switch|p1a: Annihilape|Annihilape, L50, M, shiny|100/100
|-weather|RainDance|[from] ability: Drizzle|[of] p2b: Pelipper
|turn|3
|c|☆BenniOVY|Oops
|
|t:|1757750986
|move|p1a: Annihilape|Protect|p1a: Annihilape
|-singleturn|p1a: Annihilape|Protect
|move|p2b: Pelipper|Weather Ball|p1b: Murkrow
|-damage|p1b: Murkrow|0 fnt
|faint|p1b: Murkrow
|move|p2a: Ursaluna|Earthquake|p1a: Annihilape|[spread] 
|-activate|p1a: Annihilape|move: Protect
|-immune|p2b: Pelipper
|
|-weather|RainDance|[upkeep]
|-damage|p2a: Ursaluna|31/100 brn|[from] brn
|upkeep
|
|t:|1757750997
|switch|p1b: Maushold|Maushold, L50, shiny|100/100
|turn|4
|
|t:|1757751007
|move|p1b: Maushold|Follow Me|p1b: Maushold
|-singleturn|p1b: Maushold|move: Follow Me
|move|p2b: Pelipper|Hurricane|p1b: Maushold
|-damage|p1b: Maushold|52/100
|-start|p1b: Maushold|confusion
|move|p1a: Annihilape|Drain Punch|p2a: Ursaluna
|-supereffective|p2a: Ursaluna
|-damage|p2a: Ursaluna|0 fnt
|faint|p2a: Ursaluna
|
|-weather|RainDance|[upkeep]
|upkeep
|
|t:|1757751009
|switch|p2a: Archaludon|Archaludon, L50, F|100/100
|turn|5
|
|t:|1757751024
|-activate|p1b: Maushold|confusion
|-damage|p1b: Maushold|45/100|[from] confusion
|move|p1a: Annihilape|Protect|p1a: Annihilape
|-singleturn|p1a: Annihilape|Protect
|move|p2b: Pelipper|Hurricane|p1a: Annihilape
|-activate|p1a: Annihilape|move: Protect
|move|p2a: Archaludon|Electro Shot||[still]
|-prepare|p2a: Archaludon|Electro Shot
|-boost|p2a: Archaludon|spa|1
|-anim|p2a: Archaludon|Electro Shot|p1b: Maushold
|-damage|p1b: Maushold|0 fnt
|faint|p1b: Maushold
|
|-weather|RainDance|[upkeep]
|-sideend|p1: Fr3gsy|move: Tailwind
|-sideend|p2: BenniOVY|move: Tailwind
|upkeep
|turn|6
|
|t:|1757751044
|move|p2b: Pelipper|Tailwind|p2b: Pelipper
|-sidestart|p2: BenniOVY|move: Tailwind
|move|p2a: Archaludon|Electro Shot||[still]
|-prepare|p2a: Archaludon|Electro Shot
|-boost|p2a: Archaludon|spa|1
|-anim|p2a: Archaludon|Electro Shot|p1a: Annihilape
|-damage|p1a: Annihilape|53/100
|move|p1a: Annihilape|Bulk Up|p1a: Annihilape
|-boost|p1a: Annihilape|atk|1
|-boost|p1a: Annihilape|def|1
|
|-weather|RainDance|[upkeep]
|-heal|p1a: Annihilape|59/100|[from] item: Leftovers
|upkeep
|turn|7
|
|t:|1757751062
|move|p1a: Annihilape|Protect|p1a: Annihilape
|-singleturn|p1a: Annihilape|Protect
|move|p2b: Pelipper|Hurricane|p1a: Annihilape
|-activate|p1a: Annihilape|move: Protect
|move|p2a: Archaludon|Electro Shot||[still]
|-prepare|p2a: Archaludon|Electro Shot
|-boost|p2a: Archaludon|spa|1
|-anim|p2a: Archaludon|Electro Shot|p1a: Annihilape
|-activate|p1a: Annihilape|move: Protect
|
|-weather|none
|-heal|p1a: Annihilape|65/100|[from] item: Leftovers
|upkeep
|turn|8
|
|t:|1757751076
|move|p2b: Pelipper|Hurricane|p1a: Annihilape|[miss]
|-miss|p2b: Pelipper|p1a: Annihilape
|move|p2a: Archaludon|Dragon Pulse|p1a: Annihilape
|-damage|p1a: Annihilape|7/100
|move|p1a: Annihilape|Drain Punch|p2a: Archaludon
|-supereffective|p2a: Archaludon
|-damage|p2a: Archaludon|44/100
|-heal|p1a: Annihilape|32/100|[from] drain|[of] p2a: Archaludon
|-ability|p2a: Archaludon|Stamina|boost
|-boost|p2a: Archaludon|def|1
|
|-heal|p1a: Annihilape|38/100|[from] item: Leftovers
|upkeep
|turn|9
|
|t:|1757751088
|move|p1a: Annihilape|Protect|p1a: Annihilape
|-singleturn|p1a: Annihilape|Protect
|move|p2b: Pelipper|Hurricane|p1a: Annihilape
|-activate|p1a: Annihilape|move: Protect
|move|p2a: Archaludon|Dragon Pulse|p1a: Annihilape
|-activate|p1a: Annihilape|move: Protect
|
|-heal|p1a: Annihilape|44/100|[from] item: Leftovers
|-sideend|p2: BenniOVY|move: Tailwind
|upkeep
|turn|10
|
|t:|1757751099
|move|p2b: Pelipper|Hurricane|p1a: Annihilape
|-supereffective|p1a: Annihilape
|-damage|p1a: Annihilape|0 fnt
|faint|p1a: Annihilape
|
|win|BenniOVY
||BenniOVY is ready for game 2.
||Fr3gsy is ready for game 2.
|uhtml|next|Next: Game 2 of 3
|l|☆Fr3gsy
|player|p1|
