|j|☆nbadrose2
|j|☆sbhaga34
|html|nbadrose2sbhaga34    
|uhtml|bestof|Game 1 of a best-of-3
|t:|1757830460
|gametype|doubles
|player|p1|nbadrose2|bea|1467
|player|p2|sbhaga34|hugh|1586
|gen|9
|tier|[Gen 9] VGC 2025 Reg H (Bo3)
|rated|
|rule|Species Clause: Limit one of each Pokémon
|rule|Item Clause: Limit 1 of each item
|clearpoke
|poke|p1|Porygon2, L50|
|poke|p1|Ursaluna, L50, F|
|poke|p1|Incineroar, L50, M|
|poke|p1|Dragonite, L50, M|
|poke|p1|Sneasler, L50, F|
|poke|p1|Archaludon, L50, F|
|poke|p2|Indeedee-F, L50, F|
|poke|p2|Talonflame, L50, M|
|poke|p2|Tyranitar, L50, F|
|poke|p2|Excadrill, L50, F|
|poke|p2|Gardevoir, L50, M|
|poke|p2|Ursaluna-Bloodmoon, L50, M|
|teampreview|4
|showteam|p1|Porygon2||Eviolite|Download|TeraBlast,IceBeam,Recover,TrickRoom||||||50|,,,,,Flying]Ursaluna||FlameOrb|Guts|Facade,HeadlongRush,Earthquake,Protect|||F|||50|,,,,,Poison]Incineroar||SafetyGoggles|Intimidate|FakeOut,FlareBlitz,KnockOff,PartingShot|||M|||50|,,,,,Ghost]Dragonite||LoadedDice|Multiscale|ScaleShot,StompingTantrum,Tailwind,Protect|||M|||50|,,,,,Ghost]Sneasler||FocusSash|Unburden|DireClaw,CloseCombat,ThroatChop,Protect|||F|||50|,,,,,Stellar]Archaludon||PowerHerb|Stamina|ElectroShot,Thunderbolt,DragonPulse,Protect|||F|||50|,,,,,Electric
|showteam|p2|Indeedee-F||SafetyGoggles|PsychicSurge|FollowMe,TrickRoom,HelpingHand,Psychic|||F|||50|,,,,,Fairy]Talonflame||CovertCloak|GaleWings|Tailwind,Taunt,FlareBlitz,WillOWisp|||M|||50|,,,,,Grass]Tyranitar||WeaknessPolicy|SandStream|RockSlide,KnockOff,LowKick,Protect|||F|||50|,,,,,Flying]Excadrill||FocusSash|SandRush|Earthquake,IronHead,SwordsDance,Protect|||F|||50|,,,,,Ground]Gardevoir||ChoiceScarf|Telepathy|ExpandingForce,Moonblast,IcyWind,Trick|||M|||50|,,,,,Psychic]Ursaluna-Bloodmoon||SilkScarf|MindsEye|BloodMoon,HyperVoice,EarthPower,Protect|||M|||50|,,,,,Normal
|inactive|Battle timer is ON: inactive players will automatically lose when time's up. (requested by nbadrose2)
|inactive|nbadrose2 has 60 seconds left.
|inactive|sbhaga34 has 60 seconds left.
|inactive|nbadrose2 has 30 seconds left.
|inactive|nbadrose2 has 20 seconds left.
|inactive|nbadrose2 has 15 seconds left.
|inactive|nbadrose2 has 10 seconds left.
|
|t:|1757830553
|teamsize|p1|4
|teamsize|p2|4
|start
|switch|p1a: Archaludon|Archaludon, L50, F, shiny|100/100
|switch|p1b: Incineroar|Incineroar, L50, M|100/100
|switch|p2a: Talonflame|Talonflame, L50, M|100/100
|switch|p2b: Tyranitar|Tyranitar, L50, F|100/100
|-weather|Sandstorm|[from] ability: Sand Stream|[of] p2b: Tyranitar
|-ability|p1b: Incineroar|Intimidate|boost
|-unboost|p2a: Talonflame|atk|1
|-unboost|p2b: Tyranitar|atk|1
|turn|1
|inactive|nbadrose2 has 30 seconds left.
|inactive|nbadrose2 has 20 seconds left.
|inactive|nbadrose2 has 15 seconds left.
|
|t:|1757830597
|move|p2a: Talonflame|Tailwind|p2a: Talonflame
|-sidestart|p2: sbhaga34|move: Tailwind
|move|p2b: Tyranitar|Knock Off|p1a: Archaludon
|-damage|p1a: Archaludon|73/100
|-ability|p1a: Archaludon|Stamina|boost
|-boost|p1a: Archaludon|def|1
|-enditem|p1a: Archaludon|Power Herb|[from] move: Knock Off|[of] p2b: Tyranitar
|move|p1a: Archaludon|Electro Shot||[still]
|-prepare|p1a: Archaludon|Electro Shot
|-boost|p1a: Archaludon|spa|1
|move|p1b: Incineroar|Parting Shot|p2a: Talonflame
|-unboost|p2a: Talonflame|atk|1
|-unboost|p2a: Talonflame|spa|1
|
|t:|1757830607
|switch|p1b: Ursaluna|Ursaluna, L50, F|100/100|[from] Parting Shot
|
|-weather|Sandstorm|[upkeep]
|-damage|p2a: Talonflame|94/100|[from] Sandstorm
|-status|p1b: Ursaluna|brn|[from] item: Flame Orb
|upkeep
|turn|2
|inactive|nbadrose2 has 30 seconds left.
|
|t:|1757830635
|switch|p1b: Incineroar|Incineroar, L50, M|100/100
|-ability|p1b: Incineroar|Intimidate|boost
|-unboost|p2a: Talonflame|atk|1
|-unboost|p2b: Tyranitar|atk|1
|move|p2a: Talonflame|Flare Blitz|p1b: Incineroar
|-resisted|p1b: Incineroar
|-damage|p1b: Incineroar|93/100
|-damage|p2a: Talonflame|91/100|[from] Recoil
|move|p2b: Tyranitar|Low Kick|p1b: Incineroar
|-supereffective|p1b: Incineroar
|-damage|p1b: Incineroar|61/100
|move|p1a: Archaludon|Electro Shot|p2b: Tyranitar|[from] lockedmove
|-damage|p2b: Tyranitar|59/100
|
|-weather|Sandstorm|[upkeep]
|-damage|p2a: Talonflame|85/100|[from] Sandstorm
|upkeep
|turn|3
|inactive|nbadrose2 has 30 seconds left.
|inactive|sbhaga34 has 30 seconds left.
|
|t:|1757830663
|switch|p2a: Excadrill|Excadrill, L50, F, shiny|100/100
|switch|p2b: Ursaluna|Ursaluna-Bloodmoon, L50, M|100/100
|move|p1a: Archaludon|Thunderbolt|p2a: Excadrill
|-immune|p2a: Excadrill
|move|p1b: Incineroar|Parting Shot|p2a: Excadrill
|-unboost|p2a: Excadrill|atk|1
|-unboost|p2a: Excadrill|spa|1
|
|t:|1757830674
|switch|p1b: Porygon2|Porygon2, L50|100/100|[from] Parting Shot
|-ability|p1b: Porygon2|Download|boost
|-boost|p1b: Porygon2|spa|1
|
|-weather|Sandstorm|[upkeep]
|-damage|p1b: Porygon2|94/100|[from] Sandstorm
|upkeep
|turn|4
|inactive|nbadrose2 has 30 seconds left.
|
|t:|1757830707
|-terastallize|p2b: Ursaluna|Normal
|move|p1a: Archaludon|Protect|p1a: Archaludon
|-singleturn|p1a: Archaludon|Protect
|move|p2a: Excadrill|Iron Head|p1b: Porygon2
|-damage|p1b: Porygon2|75/100
|move|p2b: Ursaluna|Blood Moon|p1b: Porygon2
|-damage|p1b: Porygon2|9/100
|move|p1b: Porygon2|Ice Beam|p2b: Ursaluna
|-damage|p2b: Ursaluna|57/100
|
|-weather|Sandstorm|[upkeep]
|-damage|p2b: Ursaluna|51/100|[from] Sandstorm
|-damage|p1b: Porygon2|3/100|[from] Sandstorm
|-sideend|p2: sbhaga34|move: Tailwind
|upkeep
|turn|5
|
|t:|1757830726
|switch|p2b: Talonflame|Talonflame, L50, M|85/100
|move|p2a: Excadrill|Earthquake|p1b: Porygon2|[spread] p1a,p1b
|-immune|p2b: Talonflame
|-supereffective|p1a: Archaludon
|-crit|p1b: Porygon2
|-damage|p1a: Archaludon|49/100
|-damage|p1b: Porygon2|0 fnt
|-ability|p1a: Archaludon|Stamina|boost
|-boost|p1a: Archaludon|def|1
|faint|p1b: Porygon2
|move|p1a: Archaludon|Dragon Pulse|p2b: Talonflame
|-damage|p2b: Talonflame|0 fnt
|faint|p2b: Talonflame
|
|-weather|none
|upkeep
|inactive|sbhaga34 has 30 seconds left.
|
|t:|1757830752
|switch|p2b: Ursaluna|Ursaluna-Bloodmoon, L50, M, tera:Normal|51/100
|switch|p1b: Incineroar|Incineroar, L50, M|61/100
|-ability|p1b: Incineroar|Intimidate|boost
|-unboost|p2a: Excadrill|atk|1
|-unboost|p2b: Ursaluna|atk|1
|turn|6
|
|t:|1757830766
|switch|p2a: Tyranitar|Tyranitar, L50, F|59/100
|-weather|Sandstorm|[from] ability: Sand Stream|[of] p2a: Tyranitar
|move|p2b: Ursaluna|Protect|p2b: Ursaluna
|-singleturn|p2b: Ursaluna|Protect
|move|p1b: Incineroar|Fake Out|p2a: Tyranitar
|-resisted|p2a: Tyranitar
|-damage|p2a: Tyranitar|55/100
|move|p1a: Archaludon|Dragon Pulse|p2b: Ursaluna
|-activate|p2b: Ursaluna|move: Protect
|
|-weather|Sandstorm|[upkeep]
|-damage|p2b: Ursaluna|45/100|[from] Sandstorm
|upkeep
|turn|7
|
|t:|1757830787
|switch|p2b: Excadrill|Excadrill, L50, F, shiny|100/100
|move|p1a: Archaludon|Dragon Pulse|p2b: Excadrill
|-resisted|p2b: Excadrill
|-damage|p2b: Excadrill|57/100
|move|p2a: Tyranitar|Rock Slide|p1b: Incineroar|[spread] p1a,p1b
|-resisted|p1a: Archaludon
|-supereffective|p1b: Incineroar
|-damage|p1a: Archaludon|43/100
|-damage|p1b: Incineroar|1/100
|-ability|p1a: Archaludon|Stamina|boost
|-boost|p1a: Archaludon|def|1
|cant|p1b: Incineroar|flinch
|
|-weather|Sandstorm|[upkeep]
|upkeep
|turn|8
|inactive|nbadrose2 has 30 seconds left.
|inactive|sbhaga34 has 30 seconds left.
|inactive|nbadrose2 has 20 seconds left.
|
|t:|1757830825
|switch|p1b: Ursaluna|Ursaluna, L50, F|100/100 brn
|move|p1a: Archaludon|Protect|p1a: Archaludon
|-singleturn|p1a: Archaludon|Protect
|move|p2b: Excadrill|Swords Dance|p2b: Excadrill
|-boost|p2b: Excadrill|atk|2
|move|p2a: Tyranitar|Low Kick|p1b: Ursaluna
|-supereffective|p1b: Ursaluna
|-crit|p1b: Ursaluna
|-damage|p1b: Ursaluna|5/100 brn
|
|-weather|Sandstorm|[upkeep]
|-damage|p1b: Ursaluna|0 fnt|[from] brn
|faint|p1b: Ursaluna
|upkeep
|
|t:|1757830834
|switch|p1b: Incineroar|Incineroar, L50, M|1/100
|-ability|p1b: Incineroar|Intimidate|boost
|-unboost|p2a: Tyranitar|atk|1
|-unboost|p2b: Excadrill|atk|1
|turn|9
|inactive|nbadrose2 has 30 seconds left.
|
|t:|1757830860
|switch|p2a: Ursaluna|Ursaluna-Bloodmoon, L50, M, tera:Normal|45/100
|-terastallize|p1a: Archaludon|Electric
|move|p2b: Excadrill|Protect|p2b: Excadrill
|-singleturn|p2b: Excadrill|Protect
|move|p1b: Incineroar|Fake Out|p2b: Excadrill
|-activate|p2b: Excadrill|move: Protect
|move|p1a: Archaludon|Thunderbolt|p2a: Ursaluna
|-damage|p2a: Ursaluna|0 fnt
|faint|p2a: Ursaluna
|
|-weather|Sandstorm|[upkeep]
|-damage|p1a: Archaludon|37/100|[from] Sandstorm
|upkeep
|
|t:|1757830872
|switch|p2a: Tyranitar|Tyranitar, L50, F|55/100
|turn|10
|inactive|nbadrose2 has 30 seconds left.
|inactive|nbadrose2 has 20 seconds left.
|
|t:|1757830910
|move|p1a: Archaludon|Protect|p1a: Archaludon
|-singleturn|p1a: Archaludon|Protect
|move|p2a: Tyranitar|Protect|p2a: Tyranitar
|-singleturn|p2a: Tyranitar|Protect
|move|p2b: Excadrill|Earthquake|p1a: Archaludon|[spread] p1b
|-activate|p2a: Tyranitar|move: Protect
|-activate|p1a: Archaludon|move: Protect
|-supereffective|p1b: Incineroar
|-damage|p1b: Incineroar|0 fnt
|faint|p1b: Incineroar
|
|-weather|none
|upkeep
|turn|11
|inactive|sbhaga34 has 30 seconds left.
|
|t:|1757830944
|move|p2b: Excadrill|Protect|p2b: Excadrill
|-singleturn|p2b: Excadrill|Protect
|move|p1a: Archaludon|Dragon Pulse|p2a: Tyranitar
|-damage|p2a: Tyranitar|0 fnt
|faint|p2a: Tyranitar
|
|upkeep
|turn|12
|
|t:|1757830951
|move|p2b: Excadrill|Earthquake|p1a: Archaludon
|-supereffective|p1a: Archaludon
|-damage|p1a: Archaludon|0 fnt
|faint|p1a: Archaludon
|
|win|sbhaga34
||sbhaga34 is ready for game 2.
||nbadrose2 is ready for game 2.
|uhtml|next|Next: Game 2 of 3
