|j|☆hugoggg
|j|☆Inteligent8pro
|html|hugogggInteligent8pro    
|uhtml|bestof|Game 1 of a best-of-3
|t:|1786192027
|gametype|doubles
|player|p1|hugoggg|266|1297
|player|p2|Inteligent8pro|elesa|1200
|gen|9
|tier|[Gen 9 Champions] VGC 2026 Reg M-B (Bo3)
|rated|
|rule|Species Clause: Limit one of each Pokémon
|rule|Item Clause: Limit 1 of each item
|clearpoke
|poke|p1|Froslass, L50, F|
|poke|p1|Dragonite, L50, F, shiny|
|poke|p1|Sneasler, L50, M|
|poke|p1|Arcanine-Hisui, L50, F|
|poke|p1|Gholdengo, L50|
|poke|p1|Kingambit, L50, F|
|poke|p2|Blaziken, L50, M|
|poke|p2|Venusaur, L50, M|
|poke|p2|Kingambit, L50, F|
|poke|p2|Ninetales-Alola, L50, M|
|poke|p2|Lycanroc-Dusk, L50, M|
|poke|p2|Basculegion, L50, M|
|teampreview|4
|showteam|p1|Froslass||Froslassite|CursedBody|Blizzard,ShadowBall,AuroraVeil,Protect|Modest||F|||50|]Dragonite||DragonFang|Multiscale|ScaleShot,Haze,Tailwind,Protect|Adamant||F|||50|]Sneasler||WhiteHerb|Unburden|CloseCombat,GunkShot,FakeOut,Protect|Adamant||M|||50|]Arcanine-Hisui||FocusSash|RockHead|HeadSmash,FlareBlitz,ExtremeSpeed,Protect|Adamant||F|||50|]Gholdengo||ChoiceScarf|GoodasGold|MakeItRain,ShadowBall,PowerGem,Trick|Modest|||||50|]Kingambit||LifeOrb|Defiant|KowtowCleave,SuckerPunch,SwordsDance,Protect|Adamant||F|||50|
|showteam|p2|Blaziken||Blazikenite|SpeedBoost|FlareBlitz,CloseCombat,RockSlide,Detect|Adamant||M|||50|]Venusaur||Venusaurite|Chlorophyll|GigaDrain,SludgeBomb,EarthPower,Protect|Modest||M|||50|]Kingambit||LifeOrb|Defiant|KowtowCleave,SuckerPunch,IronHead,Protect|Adamant||F|||50|]Ninetales-Alola||NeverMeltIce|SnowWarning|Blizzard,FreezeDry,Encore,Protect|Timid||M|||50|]Lycanroc-Dusk||FocusSash|ToughClaws|RockSlide,Accelerock,CloseCombat,Protect|Adamant||M|||50|]Basculegion||ChoiceScarf|Adaptability|LastRespects,WaveCrash,AquaJet,FlipTurn|Jolly||M|||50|
|inactive|Battle timer is ON: inactive players will automatically lose when time's up. (requested by Inteligent8pro)
|inactive|Inteligent8pro has 60 seconds left.
|
|t:|1786192082
|teamsize|p1|4
|teamsize|p2|4
|start
|switch|p1a: Ghost rule|Froslass, L50, F|100/100
|switch|p1b: Streetcat|Sneasler, L50, M|100/100
|switch|p2a: Blaziken|Blaziken, L50, M|100/100
|switch|p2b: Basculegion|Basculegion, L50, M|100/100
|turn|1
|inactive|hugoggg has 30 seconds left.
|inactive|Inteligent8pro has 30 seconds left.
|
|t:|1786192117
|detailschange|p1a: Ghost rule|Froslass-Mega, L50, F
|-mega|p1a: Ghost rule|Froslass|Froslassite
|-weather|Snowscape|[from] ability: Snow Warning|[of] p1a: Ghost rule
|detailschange|p2a: Blaziken|Blaziken-Mega, L50, M
|-mega|p2a: Blaziken|Blaziken|Blazikenite
|move|p2b: Basculegion|Flip Turn|p1b: Streetcat
|-damage|p1b: Streetcat|60/100
|
|t:|1786192126
|switch|p2b: Kingambit|Kingambit, L50, F|100/100|[from] Flip Turn
|move|p1a: Ghost rule|Shadow Ball|p2b: Kingambit
|-resisted|p2b: Kingambit|1
|-damage|p2b: Kingambit|77/100
|move|p1b: Streetcat|Close Combat|p2a: Blaziken
|-damage|p2a: Blaziken|32/100
|-unboost|p1b: Streetcat|def|1
|-unboost|p1b: Streetcat|spd|1
|-enditem|p1b: Streetcat|White Herb
|-clearnegativeboost|p1b: Streetcat|[silent]
|move|p2a: Blaziken|Flare Blitz|p1b: Streetcat
|-damage|p1b: Streetcat|0 fnt
|faint|p1b: Streetcat
|-damage|p2a: Blaziken|10/100|[from] Recoil
|
|-weather|Snowscape|[upkeep]
|-ability|p2a: Blaziken|Speed Boost|boost
|-boost|p2a: Blaziken|spe|1
|upkeep
|
|t:|1786192141
|switch|p1b: Animal|Arcanine-Hisui, L50, F|100/100
|turn|2
|inactive|Inteligent8pro has 30 seconds left.
|
|t:|1786192174
|move|p1b: Animal|Extreme Speed|p2a: Blaziken
|-damage|p2a: Blaziken|0 fnt
|faint|p2a: Blaziken
|move|p2b: Kingambit|Sucker Punch||[still]
|-fail|p2b: Kingambit
|move|p1a: Ghost rule|Aurora Veil|p1a: Ghost rule
|-sidestart|p1: hugoggg|move: Aurora Veil
|
|-weather|Snowscape|[upkeep]
|upkeep
|
|t:|1786192189
|switch|p2a: Basculegion|Basculegion, L50, M|100/100
|turn|3
|inactive|Inteligent8pro has 30 seconds left.
|inactive|Inteligent8pro has 20 seconds left.
|inactive|Inteligent8pro has 15 seconds left.
|inactive|Inteligent8pro has 10 seconds left.
|
|t:|1786192236
|move|p1b: Animal|Protect|p1b: Animal
|-singleturn|p1b: Animal|Protect
|move|p2a: Basculegion|Aqua Jet|p1b: Animal
|-activate|p1b: Animal|move: Protect
|move|p1a: Ghost rule|Shadow Ball|p2a: Basculegion
|-supereffective|p2a: Basculegion|1
|-damage|p2a: Basculegion|7/100
|-unboost|p2a: Basculegion|spd|1
|move|p2b: Kingambit|Kowtow Cleave|p1a: Ghost rule
|-supereffective|p1a: Ghost rule|1
|-damage|p1a: Ghost rule|20/100y
|-damage|p2b: Kingambit|68/100|[from] item: Life Orb
|
|-weather|Snowscape|[upkeep]
|upkeep
|turn|4
|inactive|hugoggg has 30 seconds left.
|inactive|Inteligent8pro has 30 seconds left.
|inactive|Inteligent8pro has 20 seconds left.
|inactive|Inteligent8pro has 15 seconds left.
|inactive|Inteligent8pro has 10 seconds left.
|
|t:|1786192282
|switch|p1b: Rollin girl|Dragonite, L50, F, shiny|100/100
|move|p1a: Ghost rule|Protect|p1a: Ghost rule
|-singleturn|p1a: Ghost rule|Protect
|move|p2a: Basculegion|Aqua Jet|p1b: Rollin girl
|-resisted|p1b: Rollin girl|1
|-damage|p1b: Rollin girl|95/100
|move|p2b: Kingambit|Sucker Punch||[still]
|-fail|p2b: Kingambit
|
|-weather|Snowscape|[upkeep]
|upkeep
|turn|5
|inactive|Inteligent8pro has 30 seconds left.
|inactive|Inteligent8pro has 20 seconds left.
|
|t:|1786192320
|switch|p2a: Lycanroc|Lycanroc-Dusk, L50, M|100/100
|move|p1a: Ghost rule|Blizzard|p2a: Lycanroc|[spread] p2a,p2b
|-resisted|p2b: Kingambit|1
|-damage|p2a: Lycanroc|21/100
|-damage|p2b: Kingambit|46/100
|-status|p2b: Kingambit|frz
|move|p1b: Rollin girl|Scale Shot|p2a: Lycanroc
|-damage|p2a: Lycanroc|0 fnt
|faint|p2a: Lycanroc
|-hitcount|p2: Lycanroc|1
|-unboost|p1b: Rollin girl|def|1
|-boost|p1b: Rollin girl|spe|1
|cant|p2b: Kingambit|frz
|
|-weather|none
|upkeep
|
|t:|1786192335
|switch|p2a: Basculegion|Basculegion, L50, M|7/100
|turn|6
|inactive|hugoggg has 30 seconds left.
|inactive|Inteligent8pro has 30 seconds left.
|inactive|hugoggg has 20 seconds left.
|
|t:|1786192374
|switch|p1a: Animal|Arcanine-Hisui, L50, F|100/100
|move|p1b: Rollin girl|Protect|p1b: Rollin girl
|-singleturn|p1b: Rollin girl|Protect
|-curestatus|p2b: Kingambit|frz|[msg]
|move|p2b: Kingambit|Sucker Punch||[still]
|-fail|p2b: Kingambit
|move|p2a: Basculegion|Last Respects|p1b: Rollin girl
|-activate|p1b: Rollin girl|move: Protect
|
|-sideend|p1: hugoggg|move: Aurora Veil
|upkeep
|turn|7
|inactive|Inteligent8pro has 30 seconds left.
|
|t:|1786192404
|move|p2b: Kingambit|Sucker Punch||[still]
|-fail|p2b: Kingambit
|move|p2a: Basculegion|Last Respects|p1b: Rollin girl
|-damage|p1b: Rollin girl|0 fnt
|faint|p1b: Rollin girl
|move|p1a: Animal|Flare Blitz|p2b: Kingambit
|-supereffective|p2b: Kingambit|1
|-damage|p2b: Kingambit|0 fnt
|faint|p2b: Kingambit
|
|upkeep
|
|t:|1786192408
|switch|p1b: Ghost rule|Froslass-Mega, L50, F|20/100y
|-weather|Snowscape|[from] ability: Snow Warning|[of] p1b: Ghost rule
|turn|8
|
|t:|1786192415
|move|p2a: Basculegion|Last Respects|p1a: Animal
|-enditem|p1a: Animal|Focus Sash
|-damage|p1a: Animal|1/100
|move|p1b: Ghost rule|Shadow Ball|p2a: Basculegion
|-supereffective|p2a: Basculegion|1
|-damage|p2a: Basculegion|0 fnt
|faint|p2a: Basculegion
|
|win|hugoggg
