|j|☆esther1234
|j|☆FroggyChacho
|html|esther1234FroggyChacho    
|uhtml|bestof|Game 2 of a best-of-3
|t:|1783278933
|gametype|doubles
|player|p1|esther1234|101|1000
|player|p2|FroggyChacho|ghetsis-gen5bw|1045
|gen|9
|tier|[Gen 9 Champions] VGC 2026 Reg M-B (Bo3)
|rated|
|rule|Species Clause: Limit one of each Pokémon
|rule|Item Clause: Limit 1 of each item
|clearpoke
|poke|p1|Banette, L50, M, shiny|
|poke|p1|Grimmsnarl, L50, M|
|poke|p1|Farigiraf, L50, F|
|poke|p1|Sneasler, L50, F|
|poke|p1|Annihilape, L50, M, shiny|
|poke|p1|Ninetales-Alola, L50, F, shiny|
|poke|p2|Dragonite, L50, F, shiny|
|poke|p2|Dragapult, L50, M, shiny|
|poke|p2|Whimsicott, L50, M, shiny|
|poke|p2|Sceptile, L50, M, shiny|
|poke|p2|Aegislash, L50, M|
|poke|p2|Politoed, L50, M|
|teampreview|4
|showteam|p1|Banette||Banettite|CursedBody|ShadowClaw,DestinyBond,Taunt,DazzlingGleam|Sassy||M|||50|]Grimmsnarl||ColburBerry|Prankster|PartingShot,LightScreen,Reflect,DrainingKiss|Gentle||M|||50|]Farigiraf||SitrusBerry|ArmorTail|TrickRoom,AllySwitch,Thunderbolt,Protect|Sassy||F|||50|]Sneasler||MentalHerb|Unburden|CloseCombat,FakeOut,DireClaw,Protect|Adamant||F|||50|]Annihilape||Leftovers|VitalSpirit|ShadowClaw,RageFist,BrickBreak,Protect|Jolly||M|||50|]Ninetales-Alola||BabiriBerry|SnowWarning|AuroraVeil,Blizzard,DazzlingGleam,Protect|Timid||F|||50|
|showteam|p2|Dragonite||Dragoninite|InnerFocus|Hurricane,DragonPulse,Protect,FireBlast|Timid||F|||50|]Dragapult||SitrusBerry|Infiltrator|DragonDarts,DragonCheer,Disable,Uturn|Jolly||M|||50|]Whimsicott||FocusSash|Prankster|Encore,Tailwind,Moonblast,FakeTears|Timid||M|||50|]Sceptile||Sceptilite|Overgrow|GigaDrain,DragonPulse,Protect,LeafStorm|Timid||M|||50|]Aegislash||LifeOrb|StanceChange|KingsShield,Poltergeist,ShadowSneak,IronHead|Adamant||M|||50|]Politoed||DampRock|Drizzle|Haze,IceBeam,ChillingWater,HelpingHand|Modest||M|||50|
|
|t:|1783279015
|teamsize|p1|4
|teamsize|p2|4
|start
|switch|p1a: Farigiraf|Farigiraf, L50, F|100/100
|switch|p1b: Annihilape|Annihilape, L50, M, shiny|100/100
|switch|p2a: Dragonite|Dragonite, L50, F, shiny|100/100
|switch|p2b: Whimsicott|Whimsicott, L50, M, shiny|100/100
|turn|1
|
|t:|1783279034
|move|p1b: Annihilape|Protect|p1b: Annihilape
|-singleturn|p1b: Annihilape|Protect
|move|p2b: Whimsicott|Tailwind|p2b: Whimsicott
|-sidestart|p2: FroggyChacho|move: Tailwind
|move|p2a: Dragonite|Hurricane|p1a: Farigiraf|[miss]
|-miss|p2a: Dragonite|p1a: Farigiraf
|move|p1a: Farigiraf|Thunderbolt|p2b: Whimsicott
|-resisted|p2b: Whimsicott|1
|-damage|p2b: Whimsicott|82/100
|
|upkeep
|turn|2
|
|t:|1783279069
|move|p2b: Whimsicott|Moonblast|p1a: Farigiraf
|-damage|p1a: Farigiraf|80/100
|move|p2a: Dragonite|Hurricane|p1b: Annihilape
|-supereffective|p1b: Annihilape|1
|-damage|p1b: Annihilape|2/100
|move|p1b: Annihilape|Shadow Claw|p2a: Dragonite
|-damage|p2a: Dragonite|61/100
|move|p1a: Farigiraf|Trick Room|p1a: Farigiraf
|-fieldstart|move: Trick Room|[of] p1a: Farigiraf
|
|-heal|p1b: Annihilape|8/100|[from] item: Leftovers
|upkeep
|turn|3
|
|t:|1783279088
|move|p2a: Dragonite|Protect|p2a: Dragonite
|-singleturn|p2a: Dragonite|Protect
|move|p1a: Farigiraf|Thunderbolt|p2b: Whimsicott
|-resisted|p2b: Whimsicott|1
|-damage|p2b: Whimsicott|65/100
|move|p1b: Annihilape|Rage Fist|p2a: Dragonite
|-activate|p2a: Dragonite|move: Protect
|move|p2b: Whimsicott|Moonblast|p1a: Farigiraf
|-damage|p1a: Farigiraf|61/100
|
|-heal|p1b: Annihilape|14/100|[from] item: Leftovers
|upkeep
|turn|4
|
|t:|1783279111
|detailschange|p2a: Dragonite|Dragonite-Mega, L50, F, shiny
|-mega|p2a: Dragonite|Dragonite|Dragoninite
|move|p1a: Farigiraf|Ally Switch|p1a: Farigiraf
|swap|p1a: Farigiraf|1|[from] move: Ally Switch
|move|p1a: Annihilape|Brick Break|p2b: Whimsicott
|-resisted|p2b: Whimsicott|1
|-damage|p2b: Whimsicott|40/100
|move|p2a: Dragonite|Dragon Pulse|p1b: Farigiraf
|-damage|p1b: Farigiraf|24/100
|-enditem|p1b: Farigiraf|Sitrus Berry|[eat]
|-heal|p1b: Farigiraf|48/100|[from] item: Sitrus Berry
|move|p2b: Whimsicott|Moonblast|p1a: Annihilape
|-supereffective|p1a: Annihilape|1
|-damage|p1a: Annihilape|0 fnt
|faint|p1a: Annihilape
|
|-sideend|p2: FroggyChacho|move: Tailwind
|upkeep
|
|t:|1783279124
|switch|p1a: Ninetales|Ninetales-Alola, L50, F, shiny|100/100
|-weather|Snowscape|[from] ability: Snow Warning|[of] p1a: Ninetales
|turn|5
|
|t:|1783279131
|switch|p2a: Aegislash|Aegislash, L50, M|100/100
|move|p1b: Farigiraf|Protect|p1b: Farigiraf
|-singleturn|p1b: Farigiraf|Protect
|move|p1a: Ninetales|Blizzard|p2b: Whimsicott|[spread] p2a,p2b
|-resisted|p2a: Aegislash|1
|-supereffective|p2b: Whimsicott|1
|-damage|p2a: Aegislash|88/100
|-damage|p2b: Whimsicott|0 fnt
|-status|p2a: Aegislash|frz
|faint|p2b: Whimsicott
|
|-weather|Snowscape|[upkeep]
|upkeep
|
|t:|1783279135
|switch|p2b: Dragapult|Dragapult, L50, M, shiny|100/100
|turn|6
|
|t:|1783279176
|move|p1b: Farigiraf|Ally Switch|p1b: Farigiraf
|swap|p1b: Farigiraf|0|[from] move: Ally Switch
|cant|p2a: Aegislash|frz
|move|p1b: Ninetales|Dazzling Gleam|p2a: Aegislash|[spread] p2a,p2b
|-resisted|p2a: Aegislash|1
|-supereffective|p2b: Dragapult|1
|-damage|p2a: Aegislash|79/100 frz
|-damage|p2b: Dragapult|41/100
|-enditem|p2b: Dragapult|Sitrus Berry|[eat]
|-heal|p2b: Dragapult|66/100|[from] item: Sitrus Berry
|move|p2b: Dragapult|Disable|p1a: Farigiraf
|-start|p1a: Farigiraf|Disable|Ally Switch
|
|-weather|Snowscape|[upkeep]
|-fieldend|move: Trick Room
|upkeep
|turn|7
|
|t:|1783279197
|move|p2b: Dragapult|U-turn|p1a: Farigiraf
|-supereffective|p1a: Farigiraf|1
|-damage|p1a: Farigiraf|1/100
|
|t:|1783279200
|switch|p2b: Dragonite|Dragonite-Mega, L50, F, shiny|61/100|[from] U-turn
|move|p1b: Ninetales|Aurora Veil|p1b: Ninetales
|-sidestart|p1: esther1234|move: Aurora Veil
|-curestatus|p2a: Aegislash|frz|[msg]
|-formechange|p2a: Aegislash|Aegislash-Blade|
|move|p2a: Aegislash|Iron Head|p1b: Ninetales
|-supereffective|p1b: Ninetales|2
|-enditem|p1b: Ninetales|Babiri Berry|[eat]
|-enditem|p1b: Ninetales|Babiri Berry|[weaken]
|-damage|p1b: Ninetales|14/100
|-damage|p2a: Aegislash|70/100|[from] item: Life Orb
|move|p1a: Farigiraf|Trick Room|p1a: Farigiraf
|-fieldstart|move: Trick Room|[of] p1a: Farigiraf
|
|-weather|Snowscape|[upkeep]
|upkeep
|turn|8
|
|t:|1783279221
|move|p2b: Dragonite|Protect|p2b: Dragonite
|-singleturn|p2b: Dragonite|Protect
|move|p1a: Farigiraf|Thunderbolt|p2a: Aegislash
|-damage|p2a: Aegislash|26/100
|move|p2a: Aegislash|Iron Head|p1a: Farigiraf
|-damage|p1a: Farigiraf|0 fnt
|faint|p1a: Farigiraf
|-damage|p2a: Aegislash|16/100|[from] item: Life Orb
|move|p1b: Ninetales|Blizzard|p2b: Dragonite|[spread] p2a
|-activate|p2b: Dragonite|move: Protect
|-resisted|p2a: Aegislash|1
|-damage|p2a: Aegislash|0 fnt
|faint|p2a: Aegislash
|
|-weather|Snowscape|[upkeep]
|upkeep
|
|t:|1783279237
|switch|p1a: Sneasler|Sneasler, L50, F|100/100
|switch|p2a: Dragapult|Dragapult, L50, M, shiny|66/100
|turn|9
|
|t:|1783279249
|move|p2b: Dragonite|Protect|p2b: Dragonite
|-singleturn|p2b: Dragonite|Protect
|move|p1a: Sneasler|Fake Out|p2b: Dragonite
|-activate|p2b: Dragonite|move: Protect
|move|p1b: Ninetales|Dazzling Gleam|p2a: Dragapult|[spread] p2a
|-activate|p2b: Dragonite|move: Protect
|-supereffective|p2a: Dragapult|1
|-damage|p2a: Dragapult|8/100
|move|p2a: Dragapult|Dragon Darts|p1a: Sneasler
|-damage|p1a: Sneasler|56/100
|-anim|p2a: Dragapult|Dragon Darts|p1a: Sneasler
|-damage|p1a: Sneasler|14/100
|
|-weather|none
|upkeep
|turn|10
|
|t:|1783279271
|move|p2b: Dragonite|Dragon Pulse|p1a: Sneasler
|-damage|p1a: Sneasler|0 fnt
|faint|p1a: Sneasler
|move|p1b: Ninetales|Blizzard|p2a: Dragapult|[spread] p2a
|-miss|p1b: Ninetales|p2b: Dragonite
|-supereffective|p2a: Dragapult|1
|-damage|p2a: Dragapult|0 fnt
|faint|p2a: Dragapult
|
|upkeep
|turn|11
|
|t:|1783279286
|move|p1b: Ninetales|Protect|p1b: Ninetales
|-singleturn|p1b: Ninetales|Protect
|move|p2b: Dragonite|Fire Blast|p1b: Ninetales
|-activate|p1b: Ninetales|move: Protect
|
|-sideend|p1: esther1234|move: Aurora Veil
|-fieldend|move: Trick Room
|upkeep
|turn|12
|
|t:|1783279294
|move|p2b: Dragonite|Protect|p2b: Dragonite
|-singleturn|p2b: Dragonite|Protect
|move|p1b: Ninetales|Blizzard|p2b: Dragonite
|-activate|p2b: Dragonite|move: Protect
|
|upkeep
|turn|13
|
|t:|1783279299
|move|p1b: Ninetales|Protect|p1b: Ninetales
|-singleturn|p1b: Ninetales|Protect
|move|p2b: Dragonite|Fire Blast|p1b: Ninetales
|-activate|p1b: Ninetales|move: Protect
|
|upkeep
|turn|14
|
|t:|1783279304
|move|p1b: Ninetales|Aurora Veil||[still]
|-fail|p1b: Ninetales
|move|p2b: Dragonite|Fire Blast|p1b: Ninetales
|-supereffective|p1b: Ninetales|1
|-damage|p1b: Ninetales|0 fnt
|faint|p1b: Ninetales
|
|win|FroggyChacho
||FroggyChacho is ready for game 3.
||esther1234 is ready for game 3.
|uhtml|next|Next: Game 3 of 3
