|j|☆CIReallytried
|j|☆sweetlysunny
|html|CIReallytriedsweetlysunny    
|uhtml|bestof|Game 3 of a best-of-3
|t:|1783548157
|gametype|doubles
|player|p1|CIReallytried|170|1185
|player|p2|sweetlysunny|serena|1113
|gen|9
|tier|[Gen 9 Champions] VGC 2026 Reg M-B (Bo3)
|rated|
|rule|Species Clause: Limit one of each Pokémon
|rule|Item Clause: Limit 1 of each item
|clearpoke
|poke|p1|Venusaur, L50, M|
|poke|p1|Torkoal, L50, F|
|poke|p1|Mawile, L50, F|
|poke|p1|Lycanroc-Dusk, L50, M|
|poke|p1|Farigiraf, L50, F|
|poke|p1|Basculegion, L50, M|
|poke|p2|Torkoal, L50, M|
|poke|p2|Pyroar, L50, M|
|poke|p2|Vileplume, L50, F|
|poke|p2|Scrafty, L50, F|
|poke|p2|Farigiraf, L50, M|
|poke|p2|Sylveon, L50, F|
|teampreview|4
|showteam|p1|Venusaur||LifeOrb|Chlorophyll|EarthPower,SludgeBomb,LeafStorm,Protect|Modest||M|||50|]Torkoal||Charcoal|Drought|Eruption,WeatherBall,Protect,HelpingHand|Quiet||F|||50|]Mawile||Mawilite|HyperCutter|PlayRough,IronHead,RockSlide,Protect|Brave||F|||50|]Lycanroc-Dusk||ChoiceScarf|ToughClaws|Accelerock,CloseCombat,PlayRough,RockSlide|Adamant||M|||50|]Farigiraf||ColburBerry|ArmorTail|Thunderbolt,TwinBeam,TrickRoom,HelpingHand|Bold||F|||50|]Basculegion||MysticWater|SwiftSwim|WaveCrash,LastRespects,AquaJet,Protect|Jolly||M|||50|
|showteam|p2|Torkoal||Charcoal|Drought|HeatWave,Eruption,HelpingHand,Protect|Quiet||M|||50|]Pyroar||Pyroarite|Unnerve|HeatWave,Overheat,ScorchingSands,Protect|Timid||M|||50|]Vileplume||FocusSash|Chlorophyll|EnergyBall,SludgeBomb,SleepPowder,AfterYou|Timid||F|||50|]Scrafty||Scraftinite|Intimidate|FakeOut,CloseCombat,PoisonJab,KnockOff|Brave||F|||50|]Farigiraf||SitrusBerry|ArmorTail|HyperVoice,Psychic,HelpingHand,TrickRoom|Bold||M|||50|]Sylveon||FairyFeather|Pixilate|HyperVoice,HyperBeam,QuickAttack,Protect|Quiet||F|||50|
|inactive|Battle timer is ON: inactive players will automatically lose when time's up. (requested by CIReallytried)
|inactive|sweetlysunny also wants the timer to be on.
|inactive|sweetlysunny has 60 seconds left.
|
|t:|1783548204
|teamsize|p1|4
|teamsize|p2|4
|start
|switch|p1a: Basculegion|Basculegion, L50, M|100/100
|switch|p1b: Farigiraf|Farigiraf, L50, F|100/100
|switch|p2a: Pyroar|Pyroar, L50, M|100/100
|switch|p2b: Vileplume|Vileplume, L50, F|100/100
|-ability|p2a: Pyroar|Unnerve
|turn|1
|
|t:|1783548222
|move|p2a: Pyroar|Protect|p2a: Pyroar
|-singleturn|p2a: Pyroar|Protect
|move|p1a: Basculegion|Protect|p1a: Basculegion
|-singleturn|p1a: Basculegion|Protect
|move|p2b: Vileplume|Sleep Powder|p1a: Basculegion
|-activate|p1a: Basculegion|move: Protect
|move|p1b: Farigiraf|Trick Room|p1b: Farigiraf
|-fieldstart|move: Trick Room|[of] p1b: Farigiraf
|
|upkeep
|turn|2
|
|t:|1783548235
|move|p1b: Farigiraf|Helping Hand|p1a: Basculegion
|-singleturn|p1a: Basculegion|Helping Hand|[of] p1b: Farigiraf
|move|p2b: Vileplume|Energy Ball|p1a: Basculegion
|-supereffective|p1a: Basculegion|1
|-damage|p1a: Basculegion|0 fnt
|faint|p1a: Basculegion
|move|p2a: Pyroar|Heat Wave|p1b: Farigiraf
|-damage|p1b: Farigiraf|54/100
|
|upkeep
|
|t:|1783548244
|switch|p1a: Torkoal|Torkoal, L50, F|100/100
|-weather|SunnyDay|[from] ability: Drought|[of] p1a: Torkoal
|turn|3
|
|t:|1783548256
|detailschange|p2a: Pyroar|Pyroar-Mega, L50, M
|-mega|p2a: Pyroar|Pyroar|Pyroarite
|move|p1a: Torkoal|Eruption|p2a: Pyroar|[spread] p2a,p2b
|-resisted|p2a: Pyroar|1
|-supereffective|p2b: Vileplume|1
|-damage|p2a: Pyroar|46/100
|-enditem|p2b: Vileplume|Focus Sash
|-damage|p2b: Vileplume|1/100
|move|p1b: Farigiraf|Twin Beam|p2b: Vileplume
|-supereffective|p2b: Vileplume|1
|-damage|p2b: Vileplume|0 fnt
|faint|p2b: Vileplume
|-hitcount|p2: Vileplume|1
|move|p2a: Pyroar|Scorching Sands|p1a: Torkoal
|-supereffective|p1a: Torkoal|1
|-damage|p1a: Torkoal|33/100
|
|-weather|SunnyDay|[upkeep]
|upkeep
|
|t:|1783548267
|switch|p2b: Torkoal|Torkoal, L50, M|100/100
|turn|4
|
|t:|1783548275
|move|p1a: Torkoal|Protect|p1a: Torkoal
|-singleturn|p1a: Torkoal|Protect
|move|p2b: Torkoal|Eruption|p1a: Torkoal|[spread] p1b
|-activate|p1a: Torkoal|move: Protect
|-damage|p1b: Farigiraf|0 fnt
|faint|p1b: Farigiraf
|move|p2a: Pyroar|Heat Wave|p1a: Torkoal
|-activate|p1a: Torkoal|move: Protect
|
|-weather|SunnyDay|[upkeep]
|upkeep
|
|t:|1783548277
|switch|p1b: Mawile|Mawile, L50, F|100/100
|turn|5
|
|t:|1783548285
|move|p1b: Mawile|Protect|p1b: Mawile
|-singleturn|p1b: Mawile|Protect
|move|p2b: Torkoal|Eruption|p1b: Mawile|[spread] p1a
|-activate|p1b: Mawile|move: Protect
|-resisted|p1a: Torkoal|1
|-damage|p1a: Torkoal|0 fnt
|faint|p1a: Torkoal
|move|p2a: Pyroar|Heat Wave|p1b: Mawile
|-activate|p1b: Mawile|move: Protect
|
|-weather|SunnyDay|[upkeep]
|-fieldend|move: Trick Room
|upkeep
|turn|6
|c|☆CIReallytried|Speed ties! WOOOOO
|
|t:|1783548300
|detailschange|p1b: Mawile|Mawile-Mega, L50, F
|-mega|p1b: Mawile|Mawile|Mawilite
|move|p2a: Pyroar|Heat Wave|p1b: Mawile
|-supereffective|p1b: Mawile|1
|-damage|p1b: Mawile|0 fnt
|faint|p1b: Mawile
|
|win|sweetlysunny
|raw|CIReallytried's rating: 1185 → 1155(-30 for losing)
|raw|sweetlysunny's rating: 1113 → 1143(+30 for winning)
|c|☆sweetlysunny|so beautiful
|c|☆CIReallytried|Fr
|c|☆sweetlysunny|this may be the best set of all time
|c|☆sweetlysunny|gg
