|j|☆TheRealMyan
|j|☆hactor-gv128
|html|TheRealMyanhactor-gv128    
|uhtml|bestof|Game 1 of a best-of-3
|t:|1782757852
|gametype|doubles
|player|p1|TheRealMyan|miku-flying|1002
|player|p2|hactor-gv128|102|1106
|gen|9
|tier|[Gen 9 Champions] VGC 2026 Reg M-B (Bo3)
|rated|
|rule|Species Clause: Limit one of each Pokémon
|rule|Item Clause: Limit 1 of each item
|clearpoke
|poke|p1|Mawile, L50, F|
|poke|p1|Farigiraf, L50, M|
|poke|p1|Incineroar, L50, M|
|poke|p1|Hydreigon, L50, F|
|poke|p1|Excadrill, L50, M|
|poke|p1|Tyranitar, L50, M|
|poke|p2|Whimsicott, L50, F|
|poke|p2|Delphox, L50, F|
|poke|p2|Garchomp, L50, M|
|poke|p2|Basculegion, L50, M|
|poke|p2|Floette-Eternal, L50, F|
|poke|p2|Kingambit, L50, F|
|teampreview|4
|showteam|p1|Mawile||Mawilite|HyperCutter|PlayRough,IronHead,Protect,SuckerPunch|Brave||F|||50|]Farigiraf||ColburBerry|ArmorTail|Psychic,TrickRoom,HelpingHand,Thunderbolt|Calm||M|||50|]Incineroar||PasshoBerry|Intimidate|ThroatChop,PartingShot,FakeOut,FlareBlitz|Careful||M|||50|]Hydreigon||RoseliBerry|Levitate|DarkPulse,DracoMeteor,Tailwind,Protect|Modest||F|||50|]Excadrill||FocusSash|SandRush|Earthquake,IronHead,RockSlide,Protect|Adamant||M|||50|]Tyranitar||Tyranitarite|SandStream|KnockOff,LowKick,Protect,RockSlide|Adamant||M|||50|
|showteam|p2|Whimsicott||FocusSash|Prankster|Tailwind,Moonblast,Encore,Protect|Timid||F|||50|]Delphox||Delphoxite|Blaze|Substitute,HeatWave,Psyshock,Protect|Timid||F|||50|]Garchomp||LifeOrb|RoughSkin|RockSlide,DragonClaw,Earthquake,Protect|Jolly||M|||50|]Basculegion||ChoiceScarf|Adaptability|WaveCrash,AquaJet,LastRespects,FlipTurn|Adamant||M|||50|]Floette-Eternal||Floettite|FlowerVeil|DazzlingGleam,Moonblast,CalmMind,Protect|Timid||F|||50|]Kingambit||ChopleBerry|Defiant|KowtowCleave,SuckerPunch,IronHead,LowKick|Adamant||F|||50|
|
|t:|1782757894
|teamsize|p1|4
|teamsize|p2|4
|start
|switch|p1a: Tyranitar|Tyranitar, L50, M|100/100
|switch|p1b: Excadrill|Excadrill, L50, M|100/100
|switch|p2a: Kingambit|Kingambit, L50, F|100/100
|switch|p2b: Floette|Floette-Eternal, L50, F|100/100
|-weather|Sandstorm|[from] ability: Sand Stream|[of] p1a: Tyranitar
|turn|1
|
|t:|1782757927
|switch|p2b: Basculegion|Basculegion, L50, M|100/100
|detailschange|p1a: Tyranitar|Tyranitar-Mega, L50, M
|-mega|p1a: Tyranitar|Tyranitar|Tyranitarite
|move|p1a: Tyranitar|Protect|p1a: Tyranitar
|-singleturn|p1a: Tyranitar|Protect
|move|p1b: Excadrill|Iron Head|p2b: Basculegion
|-resisted|p2b: Basculegion|1
|-damage|p2b: Basculegion|70/100
|move|p2a: Kingambit|Low Kick|p1a: Tyranitar
|-activate|p1a: Tyranitar|move: Protect
|
|-weather|Sandstorm|[upkeep]
|-damage|p2b: Basculegion|63/100|[from] Sandstorm
|upkeep
|turn|2
|
|t:|1782757979
|switch|p1a: Hydreigon|Hydreigon, L50, F|100/100
|move|p1b: Excadrill|Earthquake|p2b: Basculegion|[spread] p2a,p2b
|-immune|p1a: Hydreigon|[from] ability: Levitate
|-supereffective|p2a: Kingambit|1
|-damage|p2a: Kingambit|33/100
|-damage|p2b: Basculegion|12/100
|move|p2b: Basculegion|Flip Turn|p1b: Excadrill
|-supereffective|p1b: Excadrill|1
|-enditem|p1b: Excadrill|Focus Sash
|-damage|p1b: Excadrill|1/100
|
|t:|1782757993
|switch|p2b: Garchomp|Garchomp, L50, M|100/100|[from] Flip Turn
|move|p2a: Kingambit|Low Kick|p1a: Hydreigon
|-supereffective|p1a: Hydreigon|1
|-damage|p1a: Hydreigon|4/100
|
|-weather|Sandstorm|[upkeep]
|-damage|p1a: Hydreigon|0 fnt|[from] Sandstorm
|faint|p1a: Hydreigon
|upkeep
|
|t:|1782758009
|switch|p1a: Tyranitar|Tyranitar-Mega, L50, M|100/100
|turn|3
|
|t:|1782758023
|move|p1a: Tyranitar|Protect|p1a: Tyranitar
|-singleturn|p1a: Tyranitar|Protect
|move|p2a: Kingambit|Sucker Punch|p1b: Excadrill
|-damage|p1b: Excadrill|0 fnt
|faint|p1b: Excadrill
|move|p2b: Garchomp|Dragon Claw|p1a: Tyranitar
|-activate|p1a: Tyranitar|move: Protect
|
|-weather|Sandstorm|[upkeep]
|upkeep
|
|t:|1782758035
|switch|p1b: Incineroar|Incineroar, L50, M|100/100
|-ability|p1b: Incineroar|Intimidate|boost
|-unboost|p2a: Kingambit|atk|1
|-ability|p2a: Kingambit|Defiant|boost
|-boost|p2a: Kingambit|atk|2
|-unboost|p2b: Garchomp|atk|1
|turn|4
|
|t:|1782758056
|move|p1b: Incineroar|Fake Out|p2b: Garchomp
|-damage|p2b: Garchomp|89/100
|-damage|p1b: Incineroar|87/100|[from] ability: Rough Skin|[of] p2b: Garchomp
|cant|p2b: Garchomp|flinch
|move|p1a: Tyranitar|Low Kick|p2a: Kingambit
|-supereffective|p2a: Kingambit|2
|-enditem|p2a: Kingambit|Chople Berry|[eat]
|-enditem|p2a: Kingambit|Chople Berry|[weaken]
|-damage|p2a: Kingambit|0 fnt
|faint|p2a: Kingambit
|
|-weather|Sandstorm|[upkeep]
|-damage|p1b: Incineroar|81/100|[from] Sandstorm
|upkeep
|
|t:|1782758074
|switch|p2a: Floette|Floette-Eternal, L50, F|100/100
|turn|5
|
|t:|1782758088
|detailschange|p2a: Floette|Floette-Mega, L50, F
|-mega|p2a: Floette|Floette|Floettite
|-ability|p2a: Floette|Fairy Aura
|move|p2a: Floette|Calm Mind|p2a: Floette
|-boost|p2a: Floette|spa|1
|-boost|p2a: Floette|spd|1
|move|p2b: Garchomp|Rock Slide|p1a: Tyranitar|[spread] p1a
|-miss|p2b: Garchomp|p1b: Incineroar
|-damage|p1a: Tyranitar|89/100
|-damage|p2b: Garchomp|80/100|[from] item: Life Orb
|move|p1a: Tyranitar|Rock Slide|p2a: Floette|[spread] p2a,p2b
|-resisted|p2b: Garchomp|1
|-damage|p2a: Floette|58/100
|-damage|p2b: Garchomp|61/100
|move|p1b: Incineroar|Parting Shot|p2a: Floette
|-unboost|p2a: Floette|atk|1
|-unboost|p2a: Floette|spa|1
|
|-weather|none
|upkeep
|turn|6
|
|t:|1782758122
|move|p2b: Garchomp|Rock Slide|p1a: Tyranitar|[spread] p1a,p1b
|-supereffective|p1b: Incineroar|1
|-damage|p1a: Tyranitar|78/100
|-damage|p1b: Incineroar|50/100g
|-damage|p2b: Garchomp|51/100|[from] item: Life Orb
|move|p2a: Floette|Dazzling Gleam|p1a: Tyranitar|[spread] p1a,p1b
|-supereffective|p1a: Tyranitar|1
|-damage|p1a: Tyranitar|19/100
|-damage|p1b: Incineroar|19/100
|move|p1a: Tyranitar|Knock Off|p2b: Garchomp
|-damage|p2b: Garchomp|0 fnt
|-damage|p1a: Tyranitar|7/100|[from] ability: Rough Skin|[of] p2b: Garchomp
|-enditem|p2b: Garchomp|Life Orb|[from] move: Knock Off|[of] p1a: Tyranitar
|faint|p2b: Garchomp
|cant|p1b: Incineroar|flinch
|
|upkeep
|
|t:|1782758135
|switch|p2b: Basculegion|Basculegion, L50, M|12/100
|turn|7
|
|t:|1782758150
|move|p1a: Tyranitar|Protect|p1a: Tyranitar
|-singleturn|p1a: Tyranitar|Protect
|move|p2b: Basculegion|Aqua Jet|p1b: Incineroar
|-supereffective|p1b: Incineroar|1
|-enditem|p1b: Incineroar|Passho Berry|[eat]
|-enditem|p1b: Incineroar|Passho Berry|[weaken]
|-damage|p1b: Incineroar|0 fnt
|faint|p1b: Incineroar
|move|p2a: Floette|Moonblast|p1a: Tyranitar
|-activate|p1a: Tyranitar|move: Protect
|
|upkeep
|turn|8
|
|t:|1782758162
|move|p2b: Basculegion|Aqua Jet|p1a: Tyranitar
|-supereffective|p1a: Tyranitar|1
|-damage|p1a: Tyranitar|0 fnt
|faint|p1a: Tyranitar
|
|win|hactor-gv128
|c|☆TheRealMyan|Gg
|c|☆hactor-gv128|Gg
||hactor-gv128 is ready for game 2.
|inactive|TheRealMyan has 30 seconds to confirm battle start!
||TheRealMyan is ready for game 2.
|uhtml|next|Next: Game 2 of 3
|l|☆hactor-gv128
|player|p2|
