|j|☆noexperiencesorry
|j|☆Luckstat10
|html|noexperiencesorryLuckstat10    
|uhtml|bestof|Game 1 of a best-of-3
|t:|1756409204
|gametype|doubles
|player|p1|noexperiencesorry|170|1182
|player|p2|Luckstat10|1|1223
|gen|9
|tier|[Gen 9] VGC 2025 Reg H (Bo3)
|rated|
|rule|Species Clause: Limit one of each Pokémon
|rule|Item Clause: Limit 1 of each item
|clearpoke
|poke|p1|Dragonite, L50, F|
|poke|p1|Ursaluna-Bloodmoon, L50, M|
|poke|p1|Annihilape, L50, F|
|poke|p1|Volcarona, L50, F|
|poke|p1|Rillaboom, L50, M|
|poke|p1|Incineroar, L50, M|
|poke|p2|Rillaboom, L50, M|
|poke|p2|Sneasler, L50, M|
|poke|p2|Gholdengo, L50|
|poke|p2|Milotic, L50, F|
|poke|p2|Garchomp, L50, F|
|poke|p2|Volcarona, L50, F|
|teampreview|4
|showteam|p1|Dragonite||LoadedDice|Multiscale|Protect,ScaleShot,Tailwind,Haze|||F|||50|,,,,,Fairy]Ursaluna-Bloodmoon||FocusSash|MindsEye|Protect,BloodMoon,EarthPower,HyperVoice|||M|||50|,,,,,Normal]Annihilape||LumBerry|Defiant|Coaching,RageFist,CloseCombat,Taunt|||F|||50|,,,,,Fire]Volcarona||CovertCloak|FlameBody|Protect,QuiverDance,HeatWave,TeraBlast|||F|||50|,,,,,Fairy]Rillaboom||AssaultVest|GrassySurge|FakeOut,WoodHammer,GrassyGlide,HighHorsepower|||M|||50|,,,,,Fire]Incineroar||SafetyGoggles|Intimidate|FakeOut,PartingShot,FlareBlitz,KnockOff|||M|||50|,,,,,Ghost
|showteam|p2|Rillaboom||AssaultVest|GrassySurge|FakeOut,WoodHammer,GrassyGlide,HighHorsepower|||M|||50|,,,,,Fire]Sneasler||FocusSash|PoisonTouch|FakeOut,CloseCombat,DireClaw,Protect|||M|||50|,,,,,Stellar]Gholdengo||LifeOrb|GoodasGold|NastyPlot,MakeItRain,ShadowBall,Protect||||||50|,,,,,Water]Milotic||FlameOrb|MarvelScale|IcyWind,Scald,Haze,Recover|||F|||50|,,,,,Dragon]Garchomp||ChoiceScarf|RoughSkin|DragonClaw,StompingTantrum,Earthquake,RockSlide|||F|||50|,,,,,Fairy]Volcarona||CovertCloak|FlameBody|QuiverDance,HeatWave,GigaDrain,Protect|||F|||50|,,,,,Grass
|
|t:|1756409265
|teamsize|p1|4
|teamsize|p2|4
|start
|switch|p1a: Rillaboom|Rillaboom, L50, M, shiny|100/100
|switch|p1b: Annihilape|Annihilape, L50, F, shiny|100/100
|switch|p2a: Mothra|Volcarona, L50, F, shiny|100/100
|switch|p2b: Dare|Sneasler, L50, M|100/100
|-fieldstart|move: Grassy Terrain|[from] ability: Grassy Surge|[of] p1a: Rillaboom
|turn|1
|
|t:|1756409288
|move|p1a: Rillaboom|Fake Out|p2b: Dare
|-damage|p2b: Dare|78/100
|cant|p2b: Dare|flinch
|move|p1b: Annihilape|Coaching|p1a: Rillaboom
|-boost|p1a: Rillaboom|atk|1
|-boost|p1a: Rillaboom|def|1
|move|p2a: Mothra|Quiver Dance|p2a: Mothra
|-boost|p2a: Mothra|spa|1
|-boost|p2a: Mothra|spd|1
|-boost|p2a: Mothra|spe|1
|
|-heal|p2b: Dare|84/100|[from] Grassy Terrain
|upkeep
|turn|2
|
|t:|1756409304
|-terastallize|p1a: Rillaboom|Fire
|move|p2a: Mothra|Heat Wave|p1a: Rillaboom|[spread] p1a,p1b
|-resisted|p1a: Rillaboom
|-damage|p1a: Rillaboom|83/100
|-damage|p1b: Annihilape|52/100
|move|p2b: Dare|Dire Claw|p1a: Rillaboom
|-damage|p1a: Rillaboom|55/100
|-status|p1a: Rillaboom|psn|[from] ability: Poison Touch|[of] p2b: Dare
|move|p1b: Annihilape|Rage Fist|p2a: Mothra
|-damage|p2a: Mothra|53/100
|move|p1a: Rillaboom|High Horsepower|p2b: Dare
|-supereffective|p2b: Dare
|-damage|p2b: Dare|0 fnt
|faint|p2b: Dare
|
|-heal|p2a: Mothra|59/100|[from] Grassy Terrain
|-heal|p1b: Annihilape|58/100|[from] Grassy Terrain
|-heal|p1a: Rillaboom|61/100 psn|[from] Grassy Terrain
|-damage|p1a: Rillaboom|49/100 psn|[from] psn
|upkeep
|
|t:|1756409321
|switch|p2b: Menace >:3|Garchomp, L50, F|100/100
|turn|3
|
|t:|1756409332
|move|p1a: Rillaboom|Grassy Glide|p2b: Menace >:3
|-damage|p2b: Menace >:3|52/100
|-damage|p1a: Rillaboom|36/100 psn|[from] ability: Rough Skin|[of] p2b: Menace >:3
|move|p2b: Menace >:3|Rock Slide|p1b: Annihilape|[spread] p1a
|-miss|p2b: Menace >:3|p1b: Annihilape
|-supereffective|p1a: Rillaboom
|-damage|p1a: Rillaboom|8/100 psn
|move|p2a: Mothra|Heat Wave|p1a: Rillaboom|[spread] p1a,p1b
|-resisted|p1a: Rillaboom
|-damage|p1a: Rillaboom|0 fnt
|-damage|p1b: Annihilape|9/100
|faint|p1a: Rillaboom
|move|p1b: Annihilape|Taunt|p2a: Mothra
|-start|p2a: Mothra|move: Taunt
|
|-heal|p2b: Menace >:3|57/100|[from] Grassy Terrain
|-heal|p2a: Mothra|65/100|[from] Grassy Terrain
|-heal|p1b: Annihilape|15/100|[from] Grassy Terrain
|upkeep
|
|t:|1756409348
|switch|p1a: Dragonite|Dragonite, L50, F, shiny|100/100
|turn|4
|
|t:|1756409356
|-terastallize|p2b: Menace >:3|Fairy
|move|p2b: Menace >:3|Rock Slide|p1a: Dragonite|[spread] p1a,p1b
|-supereffective|p1a: Dragonite
|-resisted|p1b: Annihilape
|-damage|p1a: Dragonite|76/100
|-damage|p1b: Annihilape|4/100
|move|p2a: Mothra|Heat Wave|p1b: Annihilape|[spread] p1a,p1b
|-resisted|p1a: Dragonite
|-damage|p1a: Dragonite|48/100
|-damage|p1b: Annihilape|0 fnt
|faint|p1b: Annihilape
|move|p1a: Dragonite|Tailwind|p1a: Dragonite
|-sidestart|p1: noexperiencesorry|move: Tailwind
|
|-heal|p2b: Menace >:3|63/100|[from] Grassy Terrain
|-heal|p2a: Mothra|71/100|[from] Grassy Terrain
|upkeep
|
|t:|1756409368
|switch|p1b: Volcarona|Volcarona, L50, F, shiny|100/100
|turn|5
|
|t:|1756409376
|move|p1b: Volcarona|Heat Wave|p2a: Mothra|[spread] p2a,p2b
|-damage|p2a: Mothra|53/100
|-damage|p2b: Menace >:3|33/100
|move|p1a: Dragonite|Scale Shot|p2a: Mothra
|-damage|p2a: Mothra|35/100
|-damage|p2a: Mothra|18/100
|-damage|p2a: Mothra|0 fnt
|faint|p2a: Mothra
|-hitcount|p2: Mothra|3
|-unboost|p1a: Dragonite|def|1
|-boost|p1a: Dragonite|spe|1
|move|p2b: Menace >:3|Rock Slide|p1a: Dragonite|[spread] p1a,p1b
|-supereffective|p1a: Dragonite
|-supereffective|p1b: Volcarona
|-damage|p1a: Dragonite|0 fnt
|-damage|p1b: Volcarona|2/100
|faint|p1a: Dragonite
|
|-heal|p1b: Volcarona|8/100|[from] Grassy Terrain
|-heal|p2b: Menace >:3|38/100|[from] Grassy Terrain
|-fieldend|move: Grassy Terrain
|upkeep
|
|t:|1756409380
|switch|p2a: Koba|Rillaboom, L50, M, shiny|100/100
|-fieldstart|move: Grassy Terrain|[from] ability: Grassy Surge|[of] p2a: Koba
|turn|6
|
|t:|1756409386
|move|p1b: Volcarona|Protect|p1b: Volcarona
|-singleturn|p1b: Volcarona|Protect
|move|p2a: Koba|Fake Out|p1b: Volcarona
|-activate|p1b: Volcarona|move: Protect
|move|p2b: Menace >:3|Rock Slide|p1b: Volcarona
|-activate|p1b: Volcarona|move: Protect
|
|-heal|p1b: Volcarona|14/100|[from] Grassy Terrain
|-heal|p2b: Menace >:3|44/100|[from] Grassy Terrain
|upkeep
|turn|7
|
|t:|1756409393
|move|p1b: Volcarona|Heat Wave|p2a: Koba|[spread] p2a,p2b
|-supereffective|p2a: Koba
|-damage|p2a: Koba|49/100
|-damage|p2b: Menace >:3|10/100
|move|p2b: Menace >:3|Rock Slide|p1b: Volcarona
|-supereffective|p1b: Volcarona
|-damage|p1b: Volcarona|0 fnt
|faint|p1b: Volcarona
|
|win|Luckstat10
||noexperiencesorry is ready for game 2.
|inactive|Luckstat10 has 30 seconds to confirm battle start!
|inactive|Luckstat10 has 20 seconds to confirm battle start!
|inactive|Luckstat10 has 10 seconds to confirm battle start!
||Luckstat10 is ready for game 2.
|uhtml|next|Next: Game 2 of 3
