|j|☆Sunside
|j|☆kuini
|html|Sunsidekuini    
|uhtml|bestof|Game 2 of a best-of-3
|t:|1785670693
|gametype|doubles
|player|p1|Sunside|pokemonbreeder-gen4|1083
|player|p2|kuini|2|1104
|gen|9
|tier|[Gen 9 Champions] VGC 2026 Reg M-B (Bo3)
|rated|
|rule|Species Clause: Limit one of each Pokémon
|rule|Item Clause: Limit 1 of each item
|clearpoke
|poke|p1|Dragapult, L50, F|
|poke|p1|Ninetales-Alola, L50, M|
|poke|p1|Lycanroc-Dusk, L50, F|
|poke|p1|Kingambit, L50, F|
|poke|p1|Scovillain, L50, M|
|poke|p1|Raichu, L50, F|
|poke|p2|Meganium, L50, F|
|poke|p2|Kangaskhan, L50, F|
|poke|p2|Archaludon, L50, M|
|poke|p2|Aerodactyl, L50, M|
|poke|p2|Typhlosion-Hisui, L50, F|
|poke|p2|Tauros-Paldea-Aqua, L50, M|
|teampreview|4
|showteam|p1|Dragapult||DragonFang|ClearBody|DragonDance,DragonDarts,PhantomForce,Protect|Jolly||F|||50|]Ninetales-Alola||NeverMeltIce|SnowWarning|Blizzard,FreezeDry,IcyWind,Protect|Timid||M|||50|]Lycanroc-Dusk||FocusSash|ToughClaws|RockSlide,CloseCombat,Accelerock,Protect|Jolly||F|||50|]Kingambit||LifeOrb|Defiant|KowtowCleave,IronHead,SuckerPunch,Protect|Adamant||F|||50|]Scovillain||Scovillainite|Moody|RagePowder,Overheat,GigaDrain,Protect|Bold||M|||50|]Raichu||RaichuniteY|Static|FakeOut,ZapCannon,FocusBlast,Protect|Timid||F|||50|
|showteam|p2|Meganium||Meganiumite|Overgrow|DazzlingGleam,SolarBeam,WeatherBall,Protect|Timid||F|||50|]Kangaskhan||Kangaskhanite|Scrappy|FakeOut,DrainPunch,DoubleEdge,SuckerPunch|Jolly||F|||50|]Archaludon||DragonFang|Sturdy|FlashCannon,Thunderbolt,DracoMeteor,Protect|Timid||M|||50|]Aerodactyl||FocusSash|Unnerve|WideGuard,Tailwind,RockSlide,DualWingbeat|Jolly||M|||50|]Typhlosion-Hisui||ChoiceScarf|Frisk|HeatWave,ShadowBall,Overheat,Eruption|Modest||F|||50|]Tauros-Paldea-Aqua||WhiteHerb|Intimidate|Protect,CloseCombat,WaveCrash,AquaJet|Jolly||M|||50|
|inactive|Battle timer is ON: inactive players will automatically lose when time's up. (requested by kuini)
|inactive|Sunside has 60 seconds left.
|inactive|kuini has 60 seconds left.
|
|t:|1785670742
|teamsize|p1|4
|teamsize|p2|4
|start
|switch|p1a: Dragapult|Dragapult, L50, F|100/100
|switch|p1b: Scovillain|Scovillain, L50, M|100/100
|switch|p2a: Aerodactyl|Aerodactyl, L50, M|100/100
|switch|p2b: Typhlosion|Typhlosion-Hisui, L50, F|100/100
|-ability|p2a: Aerodactyl|Unnerve
|-item|p1a: Dragapult|Dragon Fang|[from] ability: Frisk|[of] p2b: Typhlosion
|-item|p1b: Scovillain|Scovillainite|[from] ability: Frisk|[of] p2b: Typhlosion
|turn|1
|inactive|Sunside has 30 seconds left.
|inactive|kuini has 30 seconds left.
|inactive|kuini has 20 seconds left.
|
|t:|1785670778
|detailschange|p1b: Scovillain|Scovillain-Mega, L50, M
|-mega|p1b: Scovillain|Scovillain|Scovillainite
|move|p2b: Typhlosion|Shadow Ball|p1a: Dragapult
|-supereffective|p1a: Dragapult|1
|-damage|p1a: Dragapult|0 fnt
|faint|p1a: Dragapult
|move|p2a: Aerodactyl|Tailwind|p2a: Aerodactyl
|-sidestart|p2: kuini|move: Tailwind
|move|p1b: Scovillain|Giga Drain|p2a: Aerodactyl
|-damage|p2a: Aerodactyl|56/100
|
|upkeep
|
|t:|1785670787
|switch|p1a: Lycanroc|Lycanroc-Dusk, L50, F|100/100
|turn|2
|
|t:|1785670801
|move|p1b: Scovillain|Rage Powder|p1b: Scovillain
|-singleturn|p1b: Scovillain|move: Rage Powder
|move|p2b: Typhlosion|Shadow Ball|p1b: Scovillain
|-damage|p1b: Scovillain|45/100
|-unboost|p1b: Scovillain|spd|1
|-immune|p2b: Typhlosion
|move|p2a: Aerodactyl|Rock Slide|p1b: Scovillain|[spread] p1a,p1b
|-supereffective|p1b: Scovillain|1
|-damage|p1a: Lycanroc|64/100
|-damage|p1b: Scovillain|13/100
|-status|p2a: Aerodactyl|brn|[from] ability: Spicy Spray|[of] p1b: Scovillain
|move|p1a: Lycanroc|Rock Slide|p2a: Aerodactyl|[spread] p2a,p2b
|-supereffective|p2a: Aerodactyl|1
|-supereffective|p2b: Typhlosion|1
|-damage|p2a: Aerodactyl|0 fnt
|-damage|p2b: Typhlosion|28/100
|faint|p2a: Aerodactyl
|
|upkeep
|
|t:|1785670820
|switch|p2a: Meganium|Meganium, L50, F|100/100
|turn|3
|
|t:|1785670833
|detailschange|p2a: Meganium|Meganium-Mega, L50, F
|-mega|p2a: Meganium|Meganium|Meganiumite
|move|p1a: Lycanroc|Protect|p1a: Lycanroc
|-singleturn|p1a: Lycanroc|Protect
|move|p1b: Scovillain|Protect|p1b: Scovillain
|-singleturn|p1b: Scovillain|Protect
|move|p2b: Typhlosion|Shadow Ball|p1b: Scovillain
|-activate|p1b: Scovillain|move: Protect
|move|p2a: Meganium|Solar Beam||[still]
|-prepare|p2a: Meganium|Solar Beam
|-activate|p2a: Meganium|ability: Mega Sol
|-anim|p2a: Meganium|Solar Beam|p1a: Lycanroc
|-activate|p1a: Lycanroc|move: Protect
|
|upkeep
|turn|4
|
|t:|1785670851
|switch|p1a: Ninetales|Ninetales-Alola, L50, M|100/100
|-weather|Snowscape|[from] ability: Snow Warning|[of] p1a: Ninetales
|move|p1b: Scovillain|Rage Powder|p1b: Scovillain
|-singleturn|p1b: Scovillain|move: Rage Powder
|move|p2b: Typhlosion|Shadow Ball|p1b: Scovillain
|-crit|p1b: Scovillain
|-damage|p1b: Scovillain|0 fnt
|-immune|p2b: Typhlosion
|faint|p1b: Scovillain
|move|p2a: Meganium|Solar Beam||[still]
|-prepare|p2a: Meganium|Solar Beam
|-activate|p2a: Meganium|ability: Mega Sol
|-anim|p2a: Meganium|Solar Beam|p1a: Ninetales
|-damage|p1a: Ninetales|21/100
|
|-weather|Snowscape|[upkeep]
|-sideend|p2: kuini|move: Tailwind
|upkeep
|
|t:|1785670858
|switch|p1b: Lycanroc|Lycanroc-Dusk, L50, F|64/100
|turn|5
|inactive|Sunside has 30 seconds left.
|inactive|Sunside has 20 seconds left.
|
|t:|1785670893
|move|p1b: Lycanroc|Accelerock|p2b: Typhlosion
|-supereffective|p2b: Typhlosion|1
|-damage|p2b: Typhlosion|0 fnt
|faint|p2b: Typhlosion
|move|p1a: Ninetales|Blizzard|p2a: Meganium
|-supereffective|p2a: Meganium|1
|-damage|p2a: Meganium|0 fnt
|faint|p2a: Meganium
|
|-weather|Snowscape|[upkeep]
|upkeep
|
|t:|1785670903
|switch|p2b: Archaludon|Archaludon, L50, M|100/100
|turn|6
|
|t:|1785670911
|move|p1b: Lycanroc|Close Combat|p2b: Archaludon
|-supereffective|p2b: Archaludon|1
|-damage|p2b: Archaludon|19/100
|-unboost|p1b: Lycanroc|def|1
|-unboost|p1b: Lycanroc|spd|1
|move|p1a: Ninetales|Blizzard|p2b: Archaludon
|-damage|p2b: Archaludon|0 fnt
|faint|p2b: Archaludon
|
|win|Sunside
|raw|Sunside's rating: 1083 → 1112(+29 for winning)
|raw|kuini's rating: 1104 → 1077(-27 for losing)
