|j|☆ggb0065
|j|☆thefozguy
|html|ggb0065thefozguy    
|uhtml|bestof|Game 3 of a best-of-3
|t:|1783466050
|gametype|doubles
|player|p1|ggb0065|265|
|player|p2|thefozguy|steven|
|gen|9
|tier|[Gen 9 Champions] VGC 2026 Reg M-B (Bo3)
|rule|Species Clause: Limit one of each Pokémon
|rule|Item Clause: Limit 1 of each item
|clearpoke
|poke|p1|Tyranitar, L50, F|
|poke|p1|Talonflame, L50, F|
|poke|p1|Excadrill, L50, F|
|poke|p1|Orthworm, L50, F, shiny|
|poke|p1|Mawile, L50, F|
|poke|p1|Musharna, L50, F, shiny|
|poke|p2|Raichu, L50, F|
|poke|p2|Primarina, L50, M|
|poke|p2|Gholdengo, L50|
|poke|p2|Gallade, L50, M|
|poke|p2|Trevenant, L50, M|
|poke|p2|Meowscarada, L50, F|
|teampreview|4
|showteam|p1|Tyranitar||Tyranitarite|SandStream|RockSlide,KnockOff,Earthquake,DragonDance|Jolly||F|||50|]Talonflame||LifeOrb|GaleWings|Tailwind,BraveBird,FireBlast,Protect|Adamant||F|||50|]Excadrill||FocusSash|SandRush|DrillRun,IronHead,RockSlide,Protect|Adamant||F|||50|]Orthworm||SitrusBerry|EarthEater|BodyPress,HeavySlam,ShedTail,Protect|Careful||F|||50|]Mawile||Mawilite|Intimidate|PlayRough,IronHead,SuckerPunch,Protect|Brave||F|||50|]Musharna||MentalHerb|Telepathy|TrickRoom,HelpingHand,LightScreen,Psychic|Sassy||F|||50|
|showteam|p2|Raichu||RaichuniteY|Static|ZapCannon,FocusBlast,Protect,FakeOut|Timid||F|||50|]Primarina||LifeOrb|LiquidVoice|HyperVoice,Moonblast,Protect,CalmMind|Modest||M|||50|]Gholdengo||MetalCoat|GoodasGold|NastyPlot,MakeItRain,ShadowBall,Protect|Modest|||||50|]Gallade||MentalHerb|Sharpness|WideGuard,WillOWisp,SacredSword,Protect|Impish||M|||50|]Trevenant||SitrusBerry|Frisk|TrickRoom,WoodHammer,Protect,Imprison|Relaxed||M|||50|]Meowscarada||FocusSash|Protean|FlowerTrick,PlayRough,TripleAxel,Protect|Jolly||F|||50|
|inactive|Battle timer is ON: inactive players will automatically lose when time's up. (requested by thefozguy)
|j| sinduhquil
|j| trypy
|j| greatox17!
|inactive|thefozguy has 60 seconds left.
|
|t:|1783466099
|teamsize|p1|4
|teamsize|p2|4
|start
|switch|p1a: Tyranitar|Tyranitar, L50, F|100/100
|switch|p1b: Orthworm|Orthworm, L50, F, shiny|100/100
|switch|p2a: Raichu|Raichu, L50, F|100/100
|switch|p2b: Gallade|Gallade, L50, M|100/100
|-weather|Sandstorm|[from] ability: Sand Stream|[of] p1a: Tyranitar
|turn|1
|inactive|ggb0065 has 30 seconds left.
|
|t:|1783466129
|detailschange|p2a: Raichu|Raichu-Mega-Y, L50, F
|-mega|p2a: Raichu|Raichu|Raichunite Y
|move|p2a: Raichu|Focus Blast|p1a: Tyranitar
|-supereffective|p1a: Tyranitar|2
|-damage|p1a: Tyranitar|0 fnt
|faint|p1a: Tyranitar
|move|p2b: Gallade|Sacred Sword|p1b: Orthworm
|-supereffective|p1b: Orthworm|1
|-damage|p1b: Orthworm|20/100y
|-enditem|p1b: Orthworm|Sitrus Berry|[eat]
|-heal|p1b: Orthworm|45/100|[from] item: Sitrus Berry
|move|p1b: Orthworm|Heavy Slam|p2b: Gallade
|-crit|p2b: Gallade
|-damage|p2b: Gallade|44/100
|
|-weather|Sandstorm|[upkeep]
|-damage|p2a: Raichu|94/100|[from] Sandstorm
|-damage|p2b: Gallade|38/100|[from] Sandstorm
|upkeep
|
|t:|1783466148
|switch|p1a: Excadrill|Excadrill, L50, F|100/100
|turn|2
|
|t:|1783466172
|move|p2a: Raichu|Protect|p2a: Raichu
|-singleturn|p2a: Raichu|Protect
|move|p1a: Excadrill|Drill Run|p2b: Gallade
|-damage|p2b: Gallade|0 fnt
|faint|p2b: Gallade
|move|p1b: Orthworm|Body Press|p2a: Raichu
|-activate|p2a: Raichu|move: Protect
|
|-weather|Sandstorm|[upkeep]
|-damage|p2a: Raichu|88/100|[from] Sandstorm
|upkeep
|
|t:|1783466188
|switch|p2b: Meowscarada|Meowscarada, L50, F|100/100
|turn|3
|
|t:|1783466201
|switch|p2a: Primarina|Primarina, L50, M|100/100
|move|p1a: Excadrill|Drill Run|p2a: Primarina
|-damage|p2a: Primarina|51/100
|move|p2b: Meowscarada|Flower Trick|p1a: Excadrill
|-start|p2b: Meowscarada|typechange|Grass|[from] ability: Protean
|-crit|p1a: Excadrill
|-damage|p1a: Excadrill|29/100
|move|p1b: Orthworm|Body Press|p2b: Meowscarada
|-damage|p2b: Meowscarada|61/100
|
|-weather|Sandstorm|[upkeep]
|-damage|p2b: Meowscarada|55/100|[from] Sandstorm
|-damage|p2a: Primarina|45/100|[from] Sandstorm
|upkeep
|turn|4
|inactive|ggb0065 has 30 seconds left.
|
|t:|1783466231
|move|p1a: Excadrill|Rock Slide|p2b: Meowscarada|[spread] p2a,p2b
|-damage|p2a: Primarina|21/100
|-damage|p2b: Meowscarada|20/100y
|move|p2b: Meowscarada|Flower Trick|p1a: Excadrill
|-crit|p1a: Excadrill
|-damage|p1a: Excadrill|0 fnt
|faint|p1a: Excadrill
|move|p1b: Orthworm|Body Press|p2a: Primarina
|-resisted|p2a: Primarina|1
|-damage|p2a: Primarina|8/100
|cant|p2a: Primarina|flinch
|
|-weather|Sandstorm|[upkeep]
|-damage|p2b: Meowscarada|14/100|[from] Sandstorm
|-damage|p2a: Primarina|2/100|[from] Sandstorm
|upkeep
|
|t:|1783466246
|switch|p1a: Mawile|Mawile, L50, F|100/100
|-ability|p1a: Mawile|Intimidate|boost
|-unboost|p2a: Primarina|atk|1
|-unboost|p2b: Meowscarada|atk|1
|turn|5
|
|t:|1783466262
|detailschange|p1a: Mawile|Mawile-Mega, L50, F
|-mega|p1a: Mawile|Mawile|Mawilite
|move|p1a: Mawile|Sucker Punch|p2b: Meowscarada
|-damage|p2b: Meowscarada|0 fnt
|faint|p2b: Meowscarada
|move|p1b: Orthworm|Body Press|p2a: Primarina
|-resisted|p2a: Primarina|1
|-damage|p2a: Primarina|0 fnt
|faint|p2a: Primarina
|
|-weather|none
|upkeep
|
|t:|1783466266
|switch|p2b: Raichu|Raichu-Mega-Y, L50, F|88/100
|turn|6
|
|t:|1783466283
|move|p1a: Mawile|Sucker Punch|p2b: Raichu
|-damage|p2b: Raichu|0 fnt
|faint|p2b: Raichu
|
|win|ggb0065
|c|☆thefozguy|gg
|l|☆thefozguy
|player|p2|
|c| greatox17!|gg
|l| sinduhquil
