|j|☆saboyita
|j|☆BasedRen
|html|saboyitaBasedRen    
|uhtml|bestof|Game 3 of a best-of-3
|t:|1756422190
|gametype|doubles
|player|p1|saboyita|grimsley|1103
|player|p2|BasedRen|2|1116
|gen|9
|tier|[Gen 9] VGC 2025 Reg H (Bo3)
|rated|
|rule|Species Clause: Limit one of each Pokémon
|rule|Item Clause: Limit 1 of each item
|clearpoke
|poke|p1|Amoonguss, L50, F|
|poke|p1|Hydreigon, L50, F|
|poke|p1|Whimsicott, L50, F|
|poke|p1|Maushold-Four, L50|
|poke|p1|Annihilape, L50, M|
|poke|p1|Ursaluna-Bloodmoon, L50, M|
|poke|p2|Garchomp, L50, F|
|poke|p2|Blaziken, L50, M|
|poke|p2|Ceruledge, L50, M|
|poke|p2|Primarina, L50, F|
|poke|p2|Murkrow, L50, M|
|poke|p2|Zoroark-Hisui, L50, F|
|teampreview|4
|showteam|p1|Amoonguss||MentalHerb|Regenerator|ClearSmog,Spore,RagePowder,Protect|||F|||50|,,,,,Water]Hydreigon||ChoiceSpecs|Levitate|Snarl,HeatWave,DarkPulse,DracoMeteor|||F|||50|,,,,,Ghost]Whimsicott||CovertCloak|Prankster|BeatUp,Encore,HelpingHand,Tailwind|||F|||50|,,,,,Dark]Maushold-Four||WideLens|Technician|PopulationBomb,Taunt,FollowMe,Protect||||||50|,,,,,Ghost]Annihilape||Leftovers|Defiant|RageFist,CloseCombat,FinalGambit,Protect|||M|||50|,,,,,Fire]Ursaluna-Bloodmoon||LifeOrb|MindsEye|HyperVoice,EarthPower,BloodMoon,Protect|||M|||50|,,,,,Water
|showteam|p2|Garchomp||MirrorHerb|RoughSkin|Earthquake,DragonClaw,Protect,BrickBreak|||F|||50|,,,,,Ground]Blaziken||FocusSash|SpeedBoost|Coaching,Protect,Overheat,AuraSphere|||M|||50|,,,,,Flying]Ceruledge||ClearAmulet|FlashFire|BitterBlade,SolarBlade,ShadowSneak,CloseCombat|||M|||50|,,,,,Grass]Primarina||ThroatSpray|LiquidVoice|Moonblast,HyperVoice,TeraBlast,Protect|||F|||50|,,,,,Poison]Murkrow||Eviolite|Prankster|Tailwind,FoulPlay,Haze,SunnyDay|||M|||50|,,,,,Ghost]Zoroark-Hisui||ChoiceSpecs|Illusion|BitterMalice,HyperVoice,HyperBeam,FocusBlast|||F|||50|,,,,,Normal
|inactive|Battle timer is ON: inactive players will automatically lose when time's up. (requested by saboyita)
|inactive|saboyita has 60 seconds left.
|
|t:|1756422222
|teamsize|p1|4
|teamsize|p2|4
|start
|switch|p1a: Hydreigon|Hydreigon, L50, F|100/100
|switch|p1b: Whimsicott|Whimsicott, L50, F|100/100
|switch|p2a: Primarina|Primarina, L50, F|100/100
|switch|p2b: Murkrow|Murkrow, L50, M|100/100
|turn|1
|
|t:|1756422243
|move|p1b: Whimsicott|Tailwind|p1b: Whimsicott
|-sidestart|p1: saboyita|move: Tailwind
|move|p2b: Murkrow|Tailwind|p2b: Murkrow
|-sidestart|p2: BasedRen|move: Tailwind
|move|p2a: Primarina|Hyper Voice|p1a: Hydreigon|[spread] p1a,p1b
|-damage|p1a: Hydreigon|36/100
|-damage|p1b: Whimsicott|32/100
|move|p1a: Hydreigon|Draco Meteor|p2b: Murkrow
|-damage|p2b: Murkrow|0 fnt
|-unboost|p1a: Hydreigon|spa|2
|faint|p2b: Murkrow
|
|upkeep
|
|t:|1756422261
|switch|p2b: Primarina|Primarina, L50, F|100/100
|turn|2
|inactive|saboyita has 30 seconds left.
|
|t:|1756422295
|-terastallize|p1a: Hydreigon|Ghost
|move|p1b: Whimsicott|Helping Hand|p1a: Hydreigon
|-singleturn|p1a: Hydreigon|Helping Hand|[of] p1b: Whimsicott
|move|p2a: Primarina|Hyper Voice|p1b: Whimsicott|[spread] p1b
|-immune|p1a: Hydreigon
|-damage|p1b: Whimsicott|0 fnt
|faint|p1b: Whimsicott
|move|p1a: Hydreigon|Draco Meteor|p2a: Primarina
|-damage|p2a: Primarina|0 fnt
|-unboost|p1a: Hydreigon|spa|2
|replace|p2a: Zoroark|Zoroark-Hisui, L50, F, shiny
|-end|p2a: Zoroark|Illusion
|faint|p2a: Zoroark
|move|p2b: Primarina|Hyper Voice|p1a: Hydreigon
|-damage|p1a: Hydreigon|0 fnt
|faint|p1a: Hydreigon
|-enditem|p2b: Primarina|Throat Spray
|-boost|p2b: Primarina|spa|1|[from] item: Throat Spray
|
|upkeep
|
|t:|1756422312
|switch|p1b: Annihilape|Annihilape, L50, M|100/100
|switch|p2a: Ceruledge|Ceruledge, L50, M|100/100
|switch|p1a: Ursaluna|Ursaluna-Bloodmoon, L50, M|100/100
|turn|3
|inactive|saboyita has 30 seconds left.
|inactive|BasedRen has 30 seconds left.
|inactive|saboyita has 20 seconds left.
|
|t:|1756422348
|-terastallize|p2a: Ceruledge|Grass
|move|p2b: Primarina|Protect|p2b: Primarina
|-singleturn|p2b: Primarina|Protect
|move|p1a: Ursaluna|Protect|p1a: Ursaluna
|-singleturn|p1a: Ursaluna|Protect
|move|p1b: Annihilape|Final Gambit|p2b: Primarina
|-activate|p2b: Primarina|move: Protect
|move|p2a: Ceruledge|Bitter Blade|p1b: Annihilape
|-damage|p1b: Annihilape|43/100
|
|-heal|p1b: Annihilape|49/100|[from] item: Leftovers
|upkeep
|turn|4
|inactive|saboyita has 30 seconds left.
|inactive|BasedRen has 30 seconds left.
|inactive|BasedRen has 20 seconds left.
|
|t:|1756422385
|move|p1b: Annihilape|Protect|p1b: Annihilape
|-singleturn|p1b: Annihilape|Protect
|move|p2a: Ceruledge|Close Combat|p1a: Ursaluna
|-supereffective|p1a: Ursaluna
|-damage|p1a: Ursaluna|33/100
|-unboost|p2a: Ceruledge|def|1
|-unboost|p2a: Ceruledge|spd|1
|move|p2b: Primarina|Hyper Voice|p1a: Ursaluna|[spread] p1a
|-activate|p1b: Annihilape|move: Protect
|-supereffective|p1a: Ursaluna
|-damage|p1a: Ursaluna|0 fnt
|faint|p1a: Ursaluna
|
|-heal|p1b: Annihilape|55/100|[from] item: Leftovers
|-sideend|p1: saboyita|move: Tailwind
|-sideend|p2: BasedRen|move: Tailwind
|upkeep
|turn|5
|
|t:|1756422401
|move|p1b: Annihilape|Final Gambit|p2a: Ceruledge
|-damage|p2a: Ceruledge|38/100
|faint|p1b: Annihilape
|
|win|BasedRen
|raw|saboyita's rating: 1103 → 1079(-24 for losing)
|raw|BasedRen's rating: 1116 → 1140(+24 for winning)
