|j|☆Uscorp
|j|☆FlyingAntsArmy
|html|UscorpFlyingAntsArmy    
|uhtml|bestof|Game 1 of a best-of-3
|t:|1756844629
|gametype|doubles
|player|p1|Uscorp|hiker-gen4|1142
|player|p2|FlyingAntsArmy|clerk|1210
|gen|9
|tier|[Gen 9] VGC 2025 Reg H (Bo3)
|rated|
|rule|Species Clause: Limit one of each Pokémon
|rule|Item Clause: Limit 1 of each item
|clearpoke
|poke|p1|Kingambit, L50, F|
|poke|p1|Primarina, L50, M|
|poke|p1|Sneasler, L50, M|
|poke|p1|Magmar, L50, F|
|poke|p1|Rillaboom, L50, F|
|poke|p1|Dragapult, L50, F|
|poke|p2|Pelipper, L50, M|
|poke|p2|Basculegion, L50, M|
|poke|p2|Archaludon, L50, M|
|poke|p2|Rillaboom, L50, F|
|poke|p2|Kingambit, L50, F|
|poke|p2|Electabuzz, L50, M|
|teampreview|4
|showteam|p1|Kingambit||BlackGlasses|Defiant|KowtowCleave,SuckerPunch,SwordsDance,Protect|||F|||50|,,,,,Dark]Primarina||SitrusBerry|LiquidVoice|HyperVoice,Moonblast,Haze,Protect|||M|||50|,,,,,Poison]Sneasler||FocusSash|Unburden|CloseCombat,DireClaw,Coaching,Protect|||M|||50|,,,,,Stellar]Magmar||Eviolite|VitalSpirit|HeatWave,WillOWisp,FollowMe,Protect|||F|||50|,,,,,Ghost]Rillaboom||AssaultVest|GrassySurge|WoodHammer,GrassyGlide,HighHorsepower,FakeOut|||F|||50|,,,,,Fire]Dragapult||ChoiceBand|ClearBody|DragonDarts,PhantomForce,TeraBlast,Uturn|||F|||50|,,,,,Ghost
|showteam|p2|Pelipper||FocusSash|Drizzle|Hurricane,WeatherBall,Tailwind,Protect|||M|||50|,,,,,Ghost]Basculegion||LifeOrb|SwiftSwim|Protect,WaveCrash,AquaJet,LastRespects|||M|||50|,,,,,Water]Archaludon||AssaultVest|Stamina|ElectroShot,DragonPulse,FlashCannon,BodyPress|||M|||50|,,,,,Grass]Rillaboom||LoadedDice|GrassySurge|GrassyGlide,WoodHammer,BulletSeed,FakeOut|||F|||50|,,,,,Water]Kingambit||BlackGlasses|Defiant|KowtowCleave,SwordsDance,SuckerPunch,Protect|||F|||50|,,,,,Dark]Electabuzz||Eviolite|VitalSpirit|Electroweb,FollowMe,Taunt,Protect|||M|||50|,,,,,Ghost
|inactive|Battle timer is ON: inactive players will automatically lose when time's up. (requested by FlyingAntsArmy)
|inactive|Uscorp has 60 seconds left.
|
|t:|1756844665
|teamsize|p1|4
|teamsize|p2|4
|start
|switch|p1a: Rillaboom|Rillaboom, L50, F|100/100
|switch|p1b: Dragapult|Dragapult, L50, F|100/100
|switch|p2a: Electabuzz|Electabuzz, L50, M|100/100
|switch|p2b: Salaryman|Kingambit, L50, F, shiny|100/100
|-fieldstart|move: Grassy Terrain|[from] ability: Grassy Surge|[of] p1a: Rillaboom
|turn|1
|inactive|Uscorp has 30 seconds left.
|
|t:|1756844693
|move|p2a: Electabuzz|Protect|p2a: Electabuzz
|-singleturn|p2a: Electabuzz|Protect
|move|p2b: Salaryman|Protect|p2b: Salaryman
|-singleturn|p2b: Salaryman|Protect
|move|p1b: Dragapult|U-turn|p2a: Electabuzz
|-activate|p2a: Electabuzz|move: Protect
|move|p1a: Rillaboom|High Horsepower|p2a: Electabuzz
|-activate|p2a: Electabuzz|move: Protect
|
|upkeep
|turn|2
|
|t:|1756844708
|switch|p1b: Magmar|Magmar, L50, F|100/100
|-terastallize|p2a: Electabuzz|Ghost
|move|p2a: Electabuzz|Follow Me|p2a: Electabuzz
|-singleturn|p2a: Electabuzz|move: Follow Me
|move|p2b: Salaryman|Sucker Punch||[still]
|-fail|p2b: Salaryman
|move|p1a: Rillaboom|High Horsepower|p2a: Electabuzz
|-damage|p2a: Electabuzz|74/100
|
|-heal|p2a: Electabuzz|79/100|[from] Grassy Terrain
|upkeep
|turn|3
|inactive|Uscorp has 30 seconds left.
|
|t:|1756844742
|move|p2b: Salaryman|Protect|p2b: Salaryman
|-singleturn|p2b: Salaryman|Protect
|move|p2a: Electabuzz|Taunt|p1b: Magmar
|-start|p1b: Magmar|move: Taunt
|cant|p1b: Magmar|move: Taunt|Will-O-Wisp
|move|p1a: Rillaboom|Wood Hammer|p2a: Electabuzz
|-damage|p2a: Electabuzz|20/100
|-damage|p1a: Rillaboom|84/100|[from] Recoil
|
|-heal|p2a: Electabuzz|26/100|[from] Grassy Terrain
|-heal|p1a: Rillaboom|90/100|[from] Grassy Terrain
|upkeep
|turn|4
|
|t:|1756844761
|move|p2a: Electabuzz|Follow Me|p2a: Electabuzz
|-singleturn|p2a: Electabuzz|move: Follow Me
|move|p1b: Magmar|Heat Wave|p2b: Salaryman|[spread] p2a,p2b
|-supereffective|p2b: Salaryman
|-damage|p2a: Electabuzz|5/100
|-damage|p2b: Salaryman|50/100
|move|p1a: Rillaboom|High Horsepower|p2a: Electabuzz
|-damage|p2a: Electabuzz|0 fnt
|faint|p2a: Electabuzz
|move|p2b: Salaryman|Swords Dance|p2b: Salaryman
|-boost|p2b: Salaryman|atk|2
|
|-heal|p1a: Rillaboom|96/100|[from] Grassy Terrain
|-heal|p2b: Salaryman|56/100|[from] Grassy Terrain
|upkeep
|
|t:|1756844766
|switch|p2a: Pelipper|Pelipper, L50, M|100/100
|-weather|RainDance|[from] ability: Drizzle|[of] p2a: Pelipper
|turn|5
|inactive|Uscorp has 30 seconds left.
|inactive|Uscorp has 20 seconds left.
|inactive|Uscorp has 15 seconds left.
|inactive|Uscorp has 10 seconds left.
|
|t:|1756844815
|switch|p1b: Kingambit|Kingambit, L50, F|100/100
|move|p2b: Salaryman|Sucker Punch|p1a: Rillaboom
|-damage|p1a: Rillaboom|8/100
|move|p2a: Pelipper|Weather Ball|p1b: Kingambit
|-damage|p1b: Kingambit|35/100
|move|p1a: Rillaboom|Wood Hammer|p2a: Pelipper
|-enditem|p2a: Pelipper|Focus Sash
|-damage|p2a: Pelipper|1/100
|-damage|p1a: Rillaboom|0 fnt|[from] Recoil
|faint|p1a: Rillaboom
|
|-weather|RainDance|[upkeep]
|-heal|p1b: Kingambit|41/100|[from] Grassy Terrain
|-heal|p2b: Salaryman|62/100|[from] Grassy Terrain
|-fieldend|move: Grassy Terrain
|upkeep
|
|t:|1756844835
|switch|p1a: Magmar|Magmar, L50, F|100/100
|turn|6
|inactive|Uscorp has 30 seconds left.
|
|t:|1756844864
|move|p2b: Salaryman|Protect|p2b: Salaryman
|-singleturn|p2b: Salaryman|Protect
|move|p1a: Magmar|Heat Wave|p2b: Salaryman|[spread] p2a
|-activate|p2b: Salaryman|move: Protect
|-resisted|p2a: Pelipper
|-damage|p2a: Pelipper|0 fnt
|faint|p2a: Pelipper
|move|p1b: Kingambit|Swords Dance|p1b: Kingambit
|-boost|p1b: Kingambit|atk|2
|
|-weather|RainDance|[upkeep]
|upkeep
|
|t:|1756844870
|switch|p2a: Sicilia|Archaludon, L50, M, shiny|100/100
|turn|7
|
|t:|1756844885
|move|p1b: Kingambit|Protect|p1b: Kingambit
|-singleturn|p1b: Kingambit|Protect
|move|p2b: Salaryman|Sucker Punch||[still]
|-fail|p2b: Salaryman
|move|p1a: Magmar|Will-O-Wisp|p2b: Salaryman
|-status|p2b: Salaryman|brn
|move|p2a: Sicilia|Electro Shot||[still]
|-prepare|p2a: Sicilia|Electro Shot
|-boost|p2a: Sicilia|spa|1
|-anim|p2a: Sicilia|Electro Shot|p1a: Magmar
|-damage|p1a: Magmar|49/100
|
|-weather|RainDance|[upkeep]
|-damage|p2b: Salaryman|56/100 brn|[from] brn
|upkeep
|turn|8
|inactive|Uscorp has 30 seconds left.
|inactive|Uscorp has 20 seconds left.
|
|t:|1756844922
|-terastallize|p1b: Kingambit|Dark
|move|p1a: Magmar|Follow Me|p1a: Magmar
|-singleturn|p1a: Magmar|move: Follow Me
|move|p1b: Kingambit|Sucker Punch|p2a: Sicilia
|-damage|p2a: Sicilia|7/100
|-ability|p2a: Sicilia|Stamina|boost
|-boost|p2a: Sicilia|def|1
|move|p2a: Sicilia|Body Press|p1a: Magmar
|-damage|p1a: Magmar|20/100
|move|p2b: Salaryman|Kowtow Cleave|p1a: Magmar
|-damage|p1a: Magmar|0 fnt
|faint|p1a: Magmar
|
|-weather|RainDance|[upkeep]
|-damage|p2b: Salaryman|50/100 brn|[from] brn
|upkeep
|
|t:|1756844936
|switch|p1a: Dragapult|Dragapult, L50, F|100/100
|turn|9
|
|t:|1756844956
|move|p1b: Kingambit|Sucker Punch|p2a: Sicilia
|-damage|p2a: Sicilia|0 fnt
|faint|p2a: Sicilia
|move|p2b: Salaryman|Sucker Punch|p1a: Dragapult
|-supereffective|p1a: Dragapult
|-damage|p1a: Dragapult|0 fnt
|faint|p1a: Dragapult
|
|-weather|none
|-damage|p2b: Salaryman|44/100 brn|[from] brn
|upkeep
|turn|10
|inactive|Uscorp has 30 seconds left.
|inactive|Uscorp has 20 seconds left.
|
|t:|1756844992
|move|p1b: Kingambit|Protect|p1b: Kingambit
|-singleturn|p1b: Kingambit|Protect
|move|p2b: Salaryman|Sucker Punch||[still]
|-fail|p2b: Salaryman
|
|-damage|p2b: Salaryman|39/100 brn|[from] brn
|upkeep
|turn|11
|
|t:|1756845003
|move|p1b: Kingambit|Sucker Punch|p2b: Salaryman
|-resisted|p2b: Salaryman
|-damage|p2b: Salaryman|0 fnt
|faint|p2b: Salaryman
|
|win|Uscorp
||FlyingAntsArmy is ready for game 2.
||Uscorp is ready for game 2.
|uhtml|next|Next: Game 2 of 3
|l|☆FlyingAntsArmy
|player|p2|
