|j|☆PTP_VGC
|j|☆Recadeco
|html|PTP_VGCRecadeco    
|uhtml|bestof|Game 3 of a best-of-3
|t:|1755702838
|gametype|doubles
|player|p1|PTP_VGC|birdkeeper|1405
|player|p2|Recadeco|lucas|1349
|gen|9
|tier|[Gen 9] VGC 2025 Reg H (Bo3)
|rated|
|rule|Species Clause: Limit one of each Pokémon
|rule|Item Clause: Limit 1 of each item
|clearpoke
|poke|p1|Arcanine-Hisui, L50, M|
|poke|p1|Weezing, L50, M|
|poke|p1|Porygon2, L50|
|poke|p1|Weavile, L50, M|
|poke|p1|Pawmot, L50, F|
|poke|p1|Toedscruel, L50, M|
|poke|p2|Kingambit, L50, M|
|poke|p2|Maushold-Four, L50|
|poke|p2|Talonflame, L50, M|
|poke|p2|Primarina, L50, F|
|poke|p2|Rillaboom, L50, F|
|poke|p2|Gholdengo, L50|
|teampreview|4
|showteam|p1|Arcanine-Hisui||AbilityShield|Intimidate|FlareBlitz,RockSlide,ExtremeSpeed,Protect|||M|||50|,,,,,Ghost]Weezing||SitrusBerry|NeutralizingGas|SludgeBomb,WillOWisp,Taunt,Protect|||M|||50|,,,,,Grass]Porygon2||Eviolite|Download|TeraBlast,IceBeam,Recover,TrickRoom||||||50|,,,,,Water]Weavile||WideLens|Pressure|KnockOff,TripleAxel,FakeOut,Protect|||M|||50|,,,,,Stellar]Pawmot||FocusSash|NaturalCure|DoubleShock,CloseCombat,RevivalBlessing,Protect|||F|||50|,,,,,Stellar]Toedscruel||LifeOrb|MyceliumMight|EarthPower,EnergyBall,Spore,RagePowder|||M|||50|,,,,,Water
|showteam|p2|Kingambit||BlackGlasses|Defiant|KowtowCleave,SuckerPunch,SwordsDance,Protect|||M|||50|,,,,,Dark]Maushold-Four||SafetyGoggles|FriendGuard|SuperFang,HelpingHand,FollowMe,Taunt||||||50|,,,,,Ghost]Talonflame||CovertCloak|GaleWings|BraveBird,FlareBlitz,WillOWisp,Tailwind|||M|||50|,,,,,Stellar]Primarina||LifeOrb|LiquidVoice|HyperVoice,Moonblast,Haze,Protect|||F|||50|,,,,,Poison]Rillaboom||AssaultVest|GrassySurge|WoodHammer,HighHorsepower,Uturn,FakeOut|||F|||50|,,,,,Fire]Gholdengo||ChoiceSpecs|GoodasGold|MakeItRain,ShadowBall,Thunderbolt,PowerGem||||||50|,,,,,Steel
|inactive|Battle timer is ON: inactive players will automatically lose when time's up. (requested by Recadeco)
|inactive|Recadeco has 60 seconds left.
|
|t:|1755702893
|teamsize|p1|4
|teamsize|p2|4
|start
|switch|p1a: Funky Duck|Porygon2, L50|100/100
|switch|p1b: Adr. & Adr.|Weezing, L50, M|100/100
|switch|p2a: Flying Gorilla|Rillaboom, L50, F|100/100
|switch|p2b: Tom y Jerry|Maushold-Four, L50|100/100
|-ability|p1b: Adr. & Adr.|Neutralizing Gas
|turn|1
|
|t:|1755702913
|switch|p1a: Vulfmon|Arcanine-Hisui, L50, M|100/100
|-ability|p1a: Vulfmon|Intimidate|boost
|-unboost|p2a: Flying Gorilla|atk|1
|-unboost|p2b: Tom y Jerry|atk|1
|move|p2a: Flying Gorilla|Fake Out|p1b: Adr. & Adr.
|-damage|p1b: Adr. & Adr.|92/100
|move|p2b: Tom y Jerry|Taunt|p1a: Vulfmon
|-start|p1a: Vulfmon|move: Taunt
|cant|p1b: Adr. & Adr.|flinch
|
|upkeep
|turn|2
|inactive|PTP_VGC has 30 seconds left.
|inactive|Recadeco has 30 seconds left.
|
|t:|1755702943
|switch|p1a: Funky Duck|Porygon2, L50|100/100
|-terastallize|p2a: Flying Gorilla|Fire
|move|p2b: Tom y Jerry|Helping Hand|p2a: Flying Gorilla
|-singleturn|p2a: Flying Gorilla|Helping Hand|[of] p2b: Tom y Jerry
|move|p2a: Flying Gorilla|High Horsepower|p1a: Funky Duck
|-damage|p1a: Funky Duck|78/100
|move|p1b: Adr. & Adr.|Taunt|p2b: Tom y Jerry
|-start|p2b: Tom y Jerry|move: Taunt
|
|upkeep
|turn|3
|inactive|PTP_VGC has 30 seconds left.
|inactive|Recadeco has 30 seconds left.
|inactive|PTP_VGC has 20 seconds left.
|inactive|Recadeco has 20 seconds left.
|
|t:|1755702981
|-end|p1b: Adr. & Adr.|ability: Neutralizing Gas
|-fieldstart|move: Grassy Terrain|[from] ability: Grassy Surge|[of] p2a: Flying Gorilla
|-ability|p1a: Funky Duck|Download|boost
|-boost|p1a: Funky Duck|spa|1
|switch|p1b: Vulfmon|Arcanine-Hisui, L50, M|100/100
|-ability|p1b: Vulfmon|Intimidate|boost
|-unboost|p2a: Flying Gorilla|atk|1
|-unboost|p2b: Tom y Jerry|atk|1
|-terastallize|p1a: Funky Duck|Water
|move|p2b: Tom y Jerry|Super Fang|p1a: Funky Duck
|-damage|p1a: Funky Duck|40/100
|move|p2a: Flying Gorilla|U-turn|p1a: Funky Duck
|-damage|p1a: Funky Duck|32/100
|
|t:|1755702999
|switch|p2a: Eugine|Gholdengo, L50|100/100|[from] U-turn
|move|p1a: Funky Duck|Tera Blast|p2a: Eugine|[anim] Tera Blast Water
|-damage|p2a: Eugine|52/100
|
|-heal|p2a: Eugine|58/100|[from] Grassy Terrain
|-heal|p1a: Funky Duck|38/100|[from] Grassy Terrain
|upkeep
|turn|4
|inactive|Recadeco has 30 seconds left.
|
|t:|1755703033
|switch|p2a: Flying Gorilla|Rillaboom, L50, F, tera:Fire|100/100
|move|p2b: Tom y Jerry|Super Fang|p1b: Vulfmon|[miss]
|-miss|p2b: Tom y Jerry|p1b: Vulfmon
|move|p1b: Vulfmon|Flare Blitz|p2a: Flying Gorilla
|-resisted|p2a: Flying Gorilla
|-damage|p2a: Flying Gorilla|82/100
|-damage|p1b: Vulfmon|95/100|[from] Recoil
|move|p1a: Funky Duck|Recover|p1a: Funky Duck
|-heal|p1a: Funky Duck|88/100
|
|-heal|p1b: Vulfmon|100/100|[from] Grassy Terrain
|-heal|p2a: Flying Gorilla|88/100|[from] Grassy Terrain
|-heal|p1a: Funky Duck|94/100|[from] Grassy Terrain
|upkeep
|turn|5
|inactive|PTP_VGC has 30 seconds left.
|inactive|Recadeco has 30 seconds left.
|
|t:|1755703063
|move|p2b: Tom y Jerry|Super Fang|p1a: Funky Duck
|-damage|p1a: Funky Duck|47/100
|move|p1b: Vulfmon|Rock Slide|p2a: Flying Gorilla|[spread] p2a,p2b
|-supereffective|p2a: Flying Gorilla
|-damage|p2a: Flying Gorilla|51/100
|-damage|p2b: Tom y Jerry|66/100
|move|p2a: Flying Gorilla|High Horsepower|p1b: Vulfmon
|-supereffective|p1b: Vulfmon
|-damage|p1b: Vulfmon|0 fnt
|faint|p1b: Vulfmon
|move|p1a: Funky Duck|Tera Blast|p2a: Flying Gorilla|[anim] Tera Blast Water
|-supereffective|p2a: Flying Gorilla
|-damage|p2a: Flying Gorilla|0 fnt
|faint|p2a: Flying Gorilla
|
|-heal|p2b: Tom y Jerry|72/100|[from] Grassy Terrain
|-heal|p1a: Funky Duck|54/100|[from] Grassy Terrain
|-end|p2b: Tom y Jerry|move: Taunt
|upkeep
|inactive|PTP_VGC has 30 seconds left.
|inactive|Recadeco has 30 seconds left.
|
|t:|1755703098
|switch|p1b: Back Pocket|Pawmot, L50, F|100/100
|switch|p2a: Eugine|Gholdengo, L50|58/100
|turn|6
|inactive|Recadeco has 30 seconds left.
|inactive|Recadeco has 20 seconds left.
|inactive|Recadeco has 15 seconds left.
|inactive|Recadeco has 10 seconds left.
|
|t:|1755703145
|move|p2b: Tom y Jerry|Super Fang|p1b: Back Pocket
|-damage|p1b: Back Pocket|50/100
|move|p1b: Back Pocket|Close Combat|p2b: Tom y Jerry
|-supereffective|p2b: Tom y Jerry
|-damage|p2b: Tom y Jerry|0 fnt
|-unboost|p1b: Back Pocket|def|1
|-unboost|p1b: Back Pocket|spd|1
|faint|p2b: Tom y Jerry
|move|p2a: Eugine|Shadow Ball|p1b: Back Pocket
|-damage|p1b: Back Pocket|0 fnt
|faint|p1b: Back Pocket
|move|p1a: Funky Duck|Tera Blast|p2a: Eugine|[anim] Tera Blast Water
|-damage|p2a: Eugine|0 fnt
|faint|p2a: Eugine
|
|-heal|p1a: Funky Duck|60/100|[from] Grassy Terrain
|upkeep
|
|t:|1755703155
|switch|p1b: Adr. & Adr.|Weezing, L50, M|92/100
|switch|p2a: Slifer|Talonflame, L50, M, shiny|100/100
|-ability|p1b: Adr. & Adr.|Neutralizing Gas
|turn|7
|-message|Recadeco forfeited.
|raw|PTP_VGC's rating: 1405 → 1422(+17 for winning)
|raw|Recadeco's rating: 1349 → 1332(-17 for losing)
|
|win|PTP_VGC
|l|☆Recadeco
|player|p2|
