|j|☆PaquitoelBollito
|j|☆melikebunny
|html|PaquitoelBollitomelikebunny    
|uhtml|bestof|Game 1 of a best-of-3
|t:|1786127524
|gametype|doubles
|player|p1|PaquitoelBollito|102|1114
|player|p2|melikebunny|barry|1140
|gen|9
|tier|[Gen 9 Champions] VGC 2026 Reg M-B (Bo3)
|rated|
|rule|Species Clause: Limit one of each Pokémon
|rule|Item Clause: Limit 1 of each item
|clearpoke
|poke|p1|Froslass, L50, F|
|poke|p1|Scovillain, L50, F|
|poke|p1|Kingambit, L50, F|
|poke|p1|Sneasler, L50, F|
|poke|p1|Basculegion, L50, M|
|poke|p1|Lycanroc-Dusk, L50, F|
|poke|p2|Ceruledge, L50, F|
|poke|p2|Venusaur, L50, F|
|poke|p2|Kangaskhan, L50, F|
|poke|p2|Milotic, L50, M|
|poke|p2|Tyranitar, L50, M|
|poke|p2|Excadrill, L50, F|
|teampreview|4
|showteam|p1|Froslass||Froslassite|CursedBody|Protect,Blizzard,AuroraVeil,ShadowBall|Modest||F|||50|]Scovillain||Scovillainite|Moody|Protect,Overheat,GigaDrain,RagePowder|Modest||F|||50|]Kingambit||BlackGlasses|Defiant|Protect,KowtowCleave,SwordsDance,SuckerPunch|Adamant||F|||50|]Sneasler||WhiteHerb|Unburden|FakeOut,GunkShot,CloseCombat,Protect|Adamant||F|||50|]Basculegion||SitrusBerry|Adaptability|Protect,LastRespects,WaveCrash,AquaJet|Adamant||M|||50|]Lycanroc-Dusk||FocusSash|ToughClaws|Protect,Accelerock,RockSlide,CloseCombat|Adamant||F|||50|
|showteam|p2|Ceruledge||Leftovers|FlashFire|BitterBlade,Poltergeist,SwordsDance,Protect|Adamant||F|||50|]Venusaur||Venusaurite|Chlorophyll|SludgeBomb,EnergyBall,WeatherBall,Protect|Modest||F|||50|]Kangaskhan||Kangaskhanite|Scrappy|FakeOut,DoubleEdge,SuckerPunch,DrainPunch|Adamant||F|||50|]Milotic||RindoBerry|Competitive|MuddyWater,Hypnosis,Coil,Protect|Bold||M|||50|]Tyranitar||ChoiceScarf|SandStream|RockSlide,KnockOff,LowKick,IcePunch|Adamant||M|||50|]Excadrill||FocusSash|SandRush|RockSlide,IronHead,HighHorsepower,Protect|Adamant||F|||50|
|inactive|Battle timer is ON: inactive players will automatically lose when time's up. (requested by PaquitoelBollito)
|inactive|PaquitoelBollito has 60 seconds left.
|inactive|melikebunny has 60 seconds left.
|
|t:|1786127579
|teamsize|p1|4
|teamsize|p2|4
|start
|switch|p1a: Sneasler|Sneasler, L50, F|100/100
|switch|p1b: Froslass|Froslass, L50, F|100/100
|switch|p2a: Ceruledge|Ceruledge, L50, F|100/100
|switch|p2b: Kangaskhan|Kangaskhan, L50, F|100/100
|turn|1
|
|t:|1786127602
|detailschange|p1b: Froslass|Froslass-Mega, L50, F
|-mega|p1b: Froslass|Froslass|Froslassite
|-weather|Snowscape|[from] ability: Snow Warning|[of] p1b: Froslass
|move|p2a: Ceruledge|Protect|p2a: Ceruledge
|-singleturn|p2a: Ceruledge|Protect
|move|p1a: Sneasler|Fake Out|p2b: Kangaskhan
|-damage|p2b: Kangaskhan|84/100
|cant|p2b: Kangaskhan|flinch
|move|p1b: Froslass|Shadow Ball|p2a: Ceruledge
|-activate|p2a: Ceruledge|move: Protect
|
|-weather|Snowscape|[upkeep]
|upkeep
|turn|2
|
|t:|1786127623
|move|p2b: Kangaskhan|Sucker Punch||[still]
|-fail|p2b: Kangaskhan
|move|p1a: Sneasler|Close Combat|p2b: Kangaskhan
|-supereffective|p2b: Kangaskhan|1
|-damage|p2b: Kangaskhan|0 fnt
|-unboost|p1a: Sneasler|def|1
|-unboost|p1a: Sneasler|spd|1
|faint|p2b: Kangaskhan
|-enditem|p1a: Sneasler|White Herb
|-clearnegativeboost|p1a: Sneasler|[silent]
|move|p1b: Froslass|Aurora Veil|p1b: Froslass
|-sidestart|p1: PaquitoelBollito|move: Aurora Veil
|move|p2a: Ceruledge|Swords Dance|p2a: Ceruledge
|-boost|p2a: Ceruledge|atk|2
|
|-weather|Snowscape|[upkeep]
|upkeep
|
|t:|1786127636
|switch|p2b: Venusaur|Venusaur, L50, F|100/100
|turn|3
|
|t:|1786127647
|detailschange|p2b: Venusaur|Venusaur-Mega, L50, F
|-mega|p2b: Venusaur|Venusaur|Venusaurite
|move|p1a: Sneasler|Gunk Shot|p2a: Ceruledge|[miss]
|-miss|p1a: Sneasler|p2a: Ceruledge
|move|p1b: Froslass|Blizzard|p2a: Ceruledge|[spread] p2a,p2b
|-resisted|p2a: Ceruledge|1
|-supereffective|p2b: Venusaur|1
|-damage|p2a: Ceruledge|80/100
|-damage|p2b: Venusaur|66/100
|move|p2a: Ceruledge|Bitter Blade|p1b: Froslass
|-supereffective|p1b: Froslass|1
|-damage|p1b: Froslass|0 fnt
|-heal|p2a: Ceruledge|100/100|[from] drain|[of] p1b: Froslass
|faint|p1b: Froslass
|move|p2b: Venusaur|Weather Ball|p1a: Sneasler
|-damage|p1a: Sneasler|65/100
|
|-weather|Snowscape|[upkeep]
|upkeep
|
|t:|1786127662
|switch|p1b: Lycanroc|Lycanroc-Dusk, L50, F|100/100
|turn|4
|
|t:|1786127678
|move|p1b: Lycanroc|Protect|p1b: Lycanroc
|-singleturn|p1b: Lycanroc|Protect
|move|p1a: Sneasler|Gunk Shot|p2b: Venusaur
|-damage|p2b: Venusaur|16/100
|move|p2a: Ceruledge|Bitter Blade|p1a: Sneasler
|-damage|p1a: Sneasler|0 fnt
|faint|p1a: Sneasler
|move|p2b: Venusaur|Energy Ball|p1b: Lycanroc
|-activate|p1b: Lycanroc|move: Protect
|
|-weather|Snowscape|[upkeep]
|upkeep
|
|t:|1786127685
|switch|p1a: Basculegion|Basculegion, L50, M|100/100
|turn|5
|inactive|PaquitoelBollito has 30 seconds left.
|
|t:|1786127714
|move|p2a: Ceruledge|Protect|p2a: Ceruledge
|-singleturn|p2a: Ceruledge|Protect
|move|p1b: Lycanroc|Accelerock|p2a: Ceruledge
|-activate|p2a: Ceruledge|move: Protect
|move|p1a: Basculegion|Aqua Jet|p2b: Venusaur
|-resisted|p2b: Venusaur|1
|-damage|p2b: Venusaur|5/100
|move|p2b: Venusaur|Energy Ball|p1b: Lycanroc
|-supereffective|p1b: Lycanroc|1
|-enditem|p1b: Lycanroc|Focus Sash
|-damage|p1b: Lycanroc|1/100
|
|-weather|none
|upkeep
|turn|6
|
|t:|1786127730
|switch|p2a: Tyranitar|Tyranitar, L50, M|100/100
|-weather|Sandstorm|[from] ability: Sand Stream|[of] p2a: Tyranitar
|move|p1b: Lycanroc|Accelerock|p2a: Tyranitar
|-damage|p2a: Tyranitar|74/100
|move|p1a: Basculegion|Aqua Jet|p2b: Venusaur
|-resisted|p2b: Venusaur|1
|-damage|p2b: Venusaur|0 fnt
|faint|p2b: Venusaur
|
|-weather|Sandstorm|[upkeep]
|-damage|p1a: Basculegion|93/100|[from] Sandstorm
|-sideend|p1: PaquitoelBollito|move: Aurora Veil
|upkeep
|
|t:|1786127742
|switch|p2b: Ceruledge|Ceruledge, L50, F|100/100
|turn|7
|
|t:|1786127757
|move|p1b: Lycanroc|Protect|p1b: Lycanroc
|-singleturn|p1b: Lycanroc|Protect
|move|p2a: Tyranitar|Rock Slide|p1a: Basculegion|[spread] 
|-activate|p1b: Lycanroc|move: Protect
|-miss|p2a: Tyranitar|p1a: Basculegion
|move|p1a: Basculegion|Wave Crash|p2a: Tyranitar
|-supereffective|p2a: Tyranitar|1
|-damage|p2a: Tyranitar|0 fnt
|faint|p2a: Tyranitar
|-damage|p1a: Basculegion|71/100|[from] Recoil
|move|p2b: Ceruledge|Poltergeist|p1a: Basculegion
|-activate|p1a: Basculegion|move: Poltergeist|Sitrus Berry
|-supereffective|p1a: Basculegion|1
|-damage|p1a: Basculegion|0 fnt
|faint|p1a: Basculegion
|
|-weather|Sandstorm|[upkeep]
|-damage|p2b: Ceruledge|93/100|[from] Sandstorm
|-heal|p2b: Ceruledge|100/100|[from] item: Leftovers
|upkeep
|turn|8
|
|t:|1786127776
|move|p1b: Lycanroc|Accelerock|p2b: Ceruledge
|-supereffective|p2b: Ceruledge|1
|-damage|p2b: Ceruledge|36/100
|move|p2b: Ceruledge|Bitter Blade|p1b: Lycanroc
|-resisted|p1b: Lycanroc|1
|-damage|p1b: Lycanroc|0 fnt
|-heal|p2b: Ceruledge|36/100|[from] drain|[of] p1b: Lycanroc
|faint|p1b: Lycanroc
|
|win|melikebunny
