|j|☆thegreatestnone
|j|☆naibot2814
|html|thegreatestnonenaibot2814    
|uhtml|bestof|Game 1 of a best-of-3
|t:|1784760677
|gametype|doubles
|player|p1|thegreatestnone|265|1339
|player|p2|naibot2814|colress|1403
|gen|9
|tier|[Gen 9 Champions] VGC 2026 Reg M-B (Bo3)
|rated|
|rule|Species Clause: Limit one of each Pokémon
|rule|Item Clause: Limit 1 of each item
|clearpoke
|poke|p1|Grimmsnarl, L50, M|
|poke|p1|Toxapex, L50, F|
|poke|p1|Gliscor, L50, M|
|poke|p1|Tyranitar, L50, F|
|poke|p1|Excadrill, L50, M|
|poke|p1|Scovillain, L50, F|
|poke|p2|Gholdengo, L50|
|poke|p2|Kommo-o, L50, M|
|poke|p2|Whimsicott, L50, F|
|poke|p2|Glimmora, L50, M|
|poke|p2|Ninetales-Alola, L50, F|
|poke|p2|Basculegion, L50, M|
|teampreview|4
|showteam|p1|Grimmsnarl||LightClay|Prankster|Taunt,Reflect,PartingShot,LightScreen|Sassy||M|||50|]Toxapex||Leftovers|Regenerator|BanefulBunker,Infestation,Toxic,Recover|Relaxed||F|||50|]Gliscor||PasshoBerry|PoisonHeal|HighHorsepower,Toxic,Protect,StoneEdge|Careful||M|||50|]Tyranitar||ChoiceScarf|SandStream|RockSlide,IcePunch,HighHorsepower,KnockOff|Jolly||F|||50|]Excadrill||FocusSash|SandRush|RockSlide,Earthquake,Protect,IronHead|Adamant||M|||50|]Scovillain||Scovillainite|Chlorophyll|LeechSeed,RagePowder,Protect,Flamethrower|Calm||F|||50|
|showteam|p2|Gholdengo||SpellTag|GoodasGold|ShadowBall,MakeItRain,NastyPlot,Protect|Modest|||||50|]Kommo-o||LifeOrb|Overcoat|ClangingScales,AuraSphere,VacuumWave,Protect|Modest||M|||50|]Whimsicott||FocusSash|Prankster|Tailwind,Encore,Moonblast,Protect|Timid||F|||50|]Glimmora||Glimmoranite|ToxicDebris|PowerGem,SludgeBomb,EarthPower,SpikyShield|Timid||M|||50|]Ninetales-Alola||NeverMeltIce|SnowWarning|Blizzard,AuroraVeil,FreezeDry,Protect|Timid||F|||50|]Basculegion||ChoiceScarf|SwiftSwim|WaveCrash,LastRespects,AquaJet,FlipTurn|Jolly||M|||50|
|
|t:|1784760727
|teamsize|p1|4
|teamsize|p2|4
|start
|switch|p1a: Toxapex|Toxapex, L50, F|100/100
|switch|p1b: Gliscor|Gliscor, L50, M|100/100
|switch|p2a: Kommo-o|Kommo-o, L50, M|100/100
|switch|p2b: Glimmora|Glimmora, L50, M|100/100
|turn|1
|
|t:|1784760756
|detailschange|p2b: Glimmora|Glimmora-Mega, L50, M
|-mega|p2b: Glimmora|Glimmora|Glimmoranite
|move|p2b: Glimmora|Power Gem|p1b: Gliscor
|-damage|p1b: Gliscor|45/100
|move|p2a: Kommo-o|Clanging Scales|p1b: Gliscor|[spread] p1a,p1b
|-damage|p1a: Toxapex|60/100
|-damage|p1b: Gliscor|0 fnt
|faint|p1b: Gliscor
|-unboost|p2a: Kommo-o|def|1
|-damage|p2a: Kommo-o|90/100|[from] item: Life Orb
|move|p1a: Toxapex|Toxic|p2a: Kommo-o
|-status|p2a: Kommo-o|tox
|
|-heal|p1a: Toxapex|66/100|[from] item: Leftovers
|-damage|p2a: Kommo-o|84/100 tox|[from] psn
|upkeep
|
|t:|1784760772
|switch|p1b: Grimmsnarl|Grimmsnarl, L50, M|100/100
|turn|2
|
|t:|1784760784
|switch|p2a: Gholdengo|Gholdengo, L50|100/100
|move|p1b: Grimmsnarl|Light Screen|p1b: Grimmsnarl
|-sidestart|p1: thegreatestnone|move: Light Screen
|move|p2b: Glimmora|Sludge Bomb|p1b: Grimmsnarl
|-supereffective|p1b: Grimmsnarl|1
|-damage|p1b: Grimmsnarl|20/100y
|move|p1a: Toxapex|Infestation|p2b: Glimmora
|-resisted|p2b: Glimmora|1
|-damage|p2b: Glimmora|98/100
|-activate|p2b: Glimmora|move: Infestation|[of] p1a: Toxapex
|
|-heal|p1a: Toxapex|71/100|[from] item: Leftovers
|-damage|p2b: Glimmora|86/100|[from] move: Infestation|[partiallytrapped]
|upkeep
|turn|3
|
|t:|1784760797
|move|p1b: Grimmsnarl|Parting Shot|p2b: Glimmora
|-unboost|p2b: Glimmora|atk|1
|-unboost|p2b: Glimmora|spa|1
|
|t:|1784760800
|switch|p1b: Scovillain|Scovillain, L50, F|100/100|[from] Parting Shot
|move|p2b: Glimmora|Earth Power|p1a: Toxapex
|-supereffective|p1a: Toxapex|1
|-damage|p1a: Toxapex|47/100
|-unboost|p1a: Toxapex|spd|1
|move|p2a: Gholdengo|Nasty Plot|p2a: Gholdengo
|-boost|p2a: Gholdengo|spa|2
|move|p1a: Toxapex|Infestation|p2a: Gholdengo
|-resisted|p2a: Gholdengo|2
|-damage|p2a: Gholdengo|99/100
|-activate|p2a: Gholdengo|move: Infestation|[of] p1a: Toxapex
|
|-heal|p1a: Toxapex|52/100|[from] item: Leftovers
|-damage|p2b: Glimmora|73/100|[from] move: Infestation|[partiallytrapped]
|-damage|p2a: Gholdengo|87/100|[from] move: Infestation|[partiallytrapped]
|upkeep
|turn|4
|
|t:|1784760814
|detailschange|p1b: Scovillain|Scovillain-Mega, L50, F
|-mega|p1b: Scovillain|Scovillain|Scovillainite
|move|p1a: Toxapex|Baneful Bunker|p1a: Toxapex
|-singleturn|p1a: Toxapex|move: Protect
|move|p2b: Glimmora|Sludge Bomb|p1b: Scovillain
|-supereffective|p1b: Scovillain|1
|-damage|p1b: Scovillain|41/100
|-status|p2b: Glimmora|brn|[from] ability: Spicy Spray|[of] p1b: Scovillain
|move|p2a: Gholdengo|Shadow Ball|p1b: Scovillain
|-damage|p1b: Scovillain|0 fnt
|-status|p2a: Gholdengo|brn|[from] ability: Spicy Spray|[of] p1b: Scovillain
|faint|p1b: Scovillain
|
|-heal|p1a: Toxapex|58/100|[from] item: Leftovers
|-damage|p2b: Glimmora|67/100 brn|[from] brn
|-damage|p2a: Gholdengo|81/100 brn|[from] brn
|-damage|p2b: Glimmora|55/100 brn|[from] move: Infestation|[partiallytrapped]
|-damage|p2a: Gholdengo|68/100 brn|[from] move: Infestation|[partiallytrapped]
|upkeep
|
|t:|1784760831
|switch|p1b: Grimmsnarl|Grimmsnarl, L50, M|20/100y
|turn|5
|
|t:|1784760839
|move|p1b: Grimmsnarl|Parting Shot|p2b: Glimmora
|-unboost|p2b: Glimmora|atk|1
|-unboost|p2b: Glimmora|spa|1
|move|p2b: Glimmora|Sludge Bomb|p1b: Grimmsnarl
|-supereffective|p1b: Grimmsnarl|1
|-damage|p1b: Grimmsnarl|0 fnt
|faint|p1b: Grimmsnarl
|move|p2a: Gholdengo|Shadow Ball|p1a: Toxapex
|-damage|p1a: Toxapex|0 fnt
|faint|p1a: Toxapex
|
|win|naibot2814
||naibot2814 is ready for game 2.
|inactive|thegreatestnone has 30 seconds to confirm battle start!
||thegreatestnone is ready for game 2.
|uhtml|next|Next: Game 2 of 3
|l|☆thegreatestnone
|player|p1|
