|j|☆exposniffer
|j|☆boncuss
|html|exposnifferboncuss    
|uhtml|bestof|Game 1 of a best-of-3
|t:|1757123520
|gametype|doubles
|player|p1|exposniffer|blue|1139
|player|p2|boncuss|wattson|1095
|gen|9
|tier|[Gen 9] VGC 2025 Reg H (Bo3)
|rated|
|rule|Species Clause: Limit one of each Pokémon
|rule|Item Clause: Limit 1 of each item
|clearpoke
|poke|p1|Gholdengo, L50|
|poke|p1|Dragonite, L50, M|
|poke|p1|Ursaluna-Bloodmoon, L50, M|
|poke|p1|Ninetales-Alola, L50, M|
|poke|p1|Annihilape, L50, M|
|poke|p1|Incineroar, L50, M|
|poke|p2|Garganacl, L50, F|
|poke|p2|Tyranitar, L50, M|
|poke|p2|Glimmora, L50, M|
|poke|p2|Talonflame, L50, F|
|poke|p2|Excadrill, L50, M|
|poke|p2|Gastrodon, L50, F|
|teampreview|4
|showteam|p1|Gholdengo||MetalCoat|GoodasGold|MakeItRain,ShadowBall,NastyPlot,Protect||||||50|,,,,,Water]Dragonite||LoadedDice|Multiscale|ScaleShot,ExtremeSpeed,Haze,Protect|||M|||50|,,,,,Steel]Ursaluna-Bloodmoon||AssaultVest|MindsEye|BloodMoon,HyperVoice,EarthPower,VacuumWave|||M|||50|,,,,,Water]Ninetales-Alola||FocusSash|SnowWarning|Blizzard,IcyWind,AuroraVeil,IcicleSpear|||M|||50|,,,,,Ghost]Annihilape||SafetyGoggles|Defiant|CloseCombat,RageFist,Coaching,Taunt|||M|||50|,,,,,Fire]Incineroar||RockyHelmet|Intimidate|KnockOff,FlareBlitz,PartingShot,FakeOut|||M|||50|,,,,,Ghost
|showteam|p2|Garganacl||Leftovers|PurifyingSalt|SaltCure,Recover,WideGuard,Protect|||F|||50|,,,,,Grass]Tyranitar||AssaultVest|SandStream|RockSlide,KnockOff,LashOut,IcyWind|||M|||50|,,,,,Flying]Glimmora||PowerHerb|ToxicDebris|MeteorBeam,SpikyShield,SludgeBomb,EarthPower|||M|||50|,,,,,Grass]Talonflame||CovertCloak|GaleWings|DualWingbeat,Tailwind,WillOWisp,FlareBlitz|||F|||50|,,,,,Flying]Excadrill||ClearAmulet|SandRush|Protect,SwordsDance,Earthquake,IronHead|||M|||50|,,,,,Ghost]Gastrodon||SitrusBerry|StormDrain|EarthPower,MuddyWater,IceBeam,Protect|||F|||50|,,,,,Fire
|inactive|Battle timer is ON: inactive players will automatically lose when time's up. (requested by boncuss)
|inactive|exposniffer has 60 seconds left.
|inactive|exposniffer has 30 seconds left.
|
|t:|1757123581
|teamsize|p1|4
|teamsize|p2|4
|start
|switch|p1a: Dragonite|Dragonite, L50, M|100/100
|switch|p1b: Annihilape|Annihilape, L50, M|100/100
|switch|p2a: Garganacl|Garganacl, L50, F|100/100
|switch|p2b: Excadrill|Excadrill, L50, M|100/100
|turn|1
|inactive|boncuss has 30 seconds left.
|inactive|boncuss has 20 seconds left.
|inactive|boncuss has 15 seconds left.
|
|t:|1757123626
|move|p2b: Excadrill|Protect|p2b: Excadrill
|-singleturn|p2b: Excadrill|Protect
|move|p1b: Annihilape|Coaching|p1a: Dragonite
|-boost|p1a: Dragonite|atk|1
|-boost|p1a: Dragonite|def|1
|move|p1a: Dragonite|Scale Shot|p2a: Garganacl
|-damage|p2a: Garganacl|86/100
|-damage|p2a: Garganacl|69/100
|-crit|p2a: Garganacl
|-damage|p2a: Garganacl|47/100
|-damage|p2a: Garganacl|33/100
|-hitcount|p2a: Garganacl|4
|-unboost|p1a: Dragonite|def|1
|-boost|p1a: Dragonite|spe|1
|move|p2a: Garganacl|Salt Cure|p1b: Annihilape
|-resisted|p1b: Annihilape
|-damage|p1b: Annihilape|93/100
|-start|p1b: Annihilape|Salt Cure
|
|-heal|p2a: Garganacl|39/100|[from] item: Leftovers
|-damage|p1b: Annihilape|81/100|[from] Salt Cure
|upkeep
|turn|2
|inactive|exposniffer has 30 seconds left.
|
|t:|1757123652
|move|p1a: Dragonite|Scale Shot|p2b: Excadrill|[miss]
|-miss|p1a: Dragonite|p2b: Excadrill
|move|p1b: Annihilape|Coaching|p1a: Dragonite
|-boost|p1a: Dragonite|atk|1
|-boost|p1a: Dragonite|def|1
|move|p2b: Excadrill|Iron Head|p1a: Dragonite
|-damage|p1a: Dragonite|84/100
|move|p2a: Garganacl|Salt Cure|p1a: Dragonite
|-supereffective|p1a: Dragonite
|-damage|p1a: Dragonite|62/100
|-start|p1a: Dragonite|Salt Cure
|
|-heal|p2a: Garganacl|44/100|[from] item: Leftovers
|-damage|p1a: Dragonite|50/100|[from] Salt Cure
|-damage|p1b: Annihilape|69/100|[from] Salt Cure
|upkeep
|turn|3
|
|t:|1757123670
|move|p2b: Excadrill|Protect|p2b: Excadrill
|-singleturn|p2b: Excadrill|Protect
|move|p2a: Garganacl|Protect|p2a: Garganacl
|-singleturn|p2a: Garganacl|Protect
|move|p1a: Dragonite|Scale Shot|p2b: Excadrill
|-activate|p2b: Excadrill|move: Protect
|move|p1b: Annihilape|Close Combat|p2a: Garganacl
|-activate|p2a: Garganacl|move: Protect
|
|-heal|p2a: Garganacl|50/100|[from] item: Leftovers
|-damage|p1a: Dragonite|37/100|[from] Salt Cure
|-damage|p1b: Annihilape|57/100|[from] Salt Cure
|upkeep
|turn|4
|
|t:|1757123684
|switch|p2b: Tyranitar|Tyranitar, L50, M|100/100
|-weather|Sandstorm|[from] ability: Sand Stream|[of] p2b: Tyranitar
|switch|p2a: Glimmora|Glimmora, L50, M|100/100
|move|p1a: Dragonite|Scale Shot|p2b: Tyranitar
|-damage|p2b: Tyranitar|77/100
|-damage|p2b: Tyranitar|55/100
|-damage|p2b: Tyranitar|31/100
|-damage|p2b: Tyranitar|8/100
|-crit|p2b: Tyranitar
|-damage|p2b: Tyranitar|0 fnt
|faint|p2b: Tyranitar
|-hitcount|p2: Tyranitar|5
|-unboost|p1a: Dragonite|def|1
|-boost|p1a: Dragonite|spe|1
|move|p1b: Annihilape|Close Combat|p2a: Glimmora
|-crit|p2a: Glimmora
|-damage|p2a: Glimmora|6/100
|-unboost|p1b: Annihilape|def|1
|-unboost|p1b: Annihilape|spd|1
|-activate|p2a: Glimmora|ability: Toxic Debris
|-sidestart|p1: exposniffer|move: Toxic Spikes
|
|-weather|Sandstorm|[upkeep]
|-damage|p1a: Dragonite|31/100|[from] Sandstorm
|-damage|p1a: Dragonite|19/100|[from] Salt Cure
|-damage|p1b: Annihilape|44/100|[from] Salt Cure
|upkeep
|inactive|boncuss has 30 seconds left.
|
|t:|1757123716
|switch|p2b: Excadrill|Excadrill, L50, M|100/100
|turn|5
|
|t:|1757123722
|switch|p1b: Ninetales|Ninetales-Alola, L50, M|100/100
|-status|p1b: Ninetales|psn
|-weather|Snowscape|[from] ability: Snow Warning|[of] p1b: Ninetales
|move|p2a: Glimmora|Spiky Shield|p2a: Glimmora
|-singleturn|p2a: Glimmora|move: Protect
|move|p2b: Excadrill|Protect|p2b: Excadrill
|-singleturn|p2b: Excadrill|Protect
|move|p1a: Dragonite|Scale Shot|p2b: Excadrill
|-activate|p2b: Excadrill|move: Protect
|
|-weather|Snowscape|[upkeep]
|-damage|p1b: Ninetales|88/100 psn|[from] psn
|-damage|p1a: Dragonite|6/100|[from] Salt Cure
|upkeep
|turn|6
|
|t:|1757123744
|move|p1a: Dragonite|Scale Shot|p2b: Excadrill|[miss]
|-miss|p1a: Dragonite|p2b: Excadrill
|move|p1b: Ninetales|Blizzard|p2a: Glimmora|[spread] p2a,p2b
|-damage|p2a: Glimmora|0 fnt
|-damage|p2b: Excadrill|62/100
|faint|p2a: Glimmora
|move|p2b: Excadrill|Iron Head|p1b: Ninetales
|-supereffective|p1b: Ninetales
|-damage|p1b: Ninetales|0 fnt
|faint|p1b: Ninetales
|
|-weather|Snowscape|[upkeep]
|-damage|p1a: Dragonite|0 fnt|[from] Salt Cure
|faint|p1a: Dragonite
|upkeep
|
|t:|1757123751
|switch|p1b: Ursaluna|Ursaluna-Bloodmoon, L50, M|100/100
|switch|p2a: Garganacl|Garganacl, L50, F|50/100
|switch|p1a: Annihilape|Annihilape, L50, M|44/100
|-status|p1a: Annihilape|psn
|-status|p1b: Ursaluna|psn
|turn|7
|
|t:|1757123764
|move|p2b: Excadrill|Protect|p2b: Excadrill
|-singleturn|p2b: Excadrill|Protect
|move|p2a: Garganacl|Protect|p2a: Garganacl
|-singleturn|p2a: Garganacl|Protect
|move|p1a: Annihilape|Close Combat|p2b: Excadrill
|-activate|p2b: Excadrill|move: Protect
|move|p1b: Ursaluna|Blood Moon|p2a: Garganacl
|-activate|p2a: Garganacl|move: Protect
|
|-weather|Snowscape|[upkeep]
|-heal|p2a: Garganacl|56/100|[from] item: Leftovers
|-damage|p1a: Annihilape|32/100 psn|[from] psn
|-damage|p1b: Ursaluna|88/100 psn|[from] psn
|upkeep
|turn|8
|inactive|boncuss has 30 seconds left.
|inactive|boncuss has 20 seconds left.
|inactive|boncuss has 15 seconds left.
|
|t:|1757123807
|-terastallize|p2b: Excadrill|Ghost
|move|p1a: Annihilape|Close Combat|p2a: Garganacl
|-supereffective|p2a: Garganacl
|-damage|p2a: Garganacl|0 fnt
|-unboost|p1a: Annihilape|def|1
|-unboost|p1a: Annihilape|spd|1
|faint|p2a: Garganacl
|move|p2b: Excadrill|Iron Head|p1a: Annihilape
|-damage|p1a: Annihilape|0 fnt
|faint|p1a: Annihilape
|move|p1b: Ursaluna|Earth Power|p2b: Excadrill
|-damage|p2b: Excadrill|6/100
|
|-weather|Snowscape|[upkeep]
|-damage|p1b: Ursaluna|76/100 psn|[from] psn
|upkeep
|turn|9
|
|t:|1757123821
|move|p2b: Excadrill|Protect|p2b: Excadrill
|-singleturn|p2b: Excadrill|Protect
|move|p1b: Ursaluna|Vacuum Wave|p2b: Excadrill
|-activate|p2b: Excadrill|move: Protect
|
|-weather|none
|-damage|p1b: Ursaluna|64/100 psn|[from] psn
|upkeep
|turn|10
|
|t:|1757123828
|move|p1b: Ursaluna|Vacuum Wave|p2b: Excadrill
|-damage|p2b: Excadrill|0 fnt
|faint|p2b: Excadrill
|
|win|exposniffer
||boncuss is ready for game 2.
