|j|☆ingusdingus
|j|☆Morvs
|html|ingusdingusMorvs    
|uhtml|bestof|Game 1 of a best-of-3
|t:|1784831686
|gametype|doubles
|player|p1|ingusdingus|harlequin|1007
|player|p2|Morvs|266|1078
|gen|9
|tier|[Gen 9 Champions] VGC 2026 Reg M-B (Bo3)
|rated|
|rule|Species Clause: Limit one of each Pokémon
|rule|Item Clause: Limit 1 of each item
|clearpoke
|poke|p1|Scrafty, L50, F, shiny|
|poke|p1|Rotom-Wash, L50|
|poke|p1|Aegislash, L50, F|
|poke|p1|Farigiraf, L50, F|
|poke|p1|Froslass, L50, F|
|poke|p1|Garchomp, L50, F|
|poke|p2|Grimmsnarl, L50, M|
|poke|p2|Basculegion, L50, M|
|poke|p2|Venusaur, L50, M|
|poke|p2|Pelipper, L50, F|
|poke|p2|Archaludon, L50, F|
|poke|p2|Swampert, L50, F|
|teampreview|4
|showteam|p1|Scrafty||Scraftinite|Intimidate|SwordsDance,ThroatChop,DrainPunch,FakeOut|Adamant||F|||50|]Rotom-Wash||ChestoBerry|Levitate|Rest,LightScreen,HydroPump,WillOWisp|Calm|||||50|]Aegislash||ExpertBelt|StanceChange|Poltergeist,RockSlide,KingsShield,IronHead|Brave||F|||50|]Farigiraf||Leftovers|ArmorTail|TrickRoom,CalmMind,EnergyBall,HyperVoice|Modest||F|||50|]Froslass||Froslassite|SnowCloak|AuroraVeil,Blizzard,ShadowBall,Protect|Timid||F|||50|]Garchomp||LifeOrb|RoughSkin|RockSlide,Earthquake,Protect,DragonClaw|Jolly||F|||50|
|showteam|p2|Grimmsnarl||LightClay|Prankster|SpiritBreak,Reflect,LightScreen,PartingShot|Careful||M|||50|]Basculegion||ChoiceScarf|Adaptability|WaveCrash,LastRespects,AquaJet,FlipTurn|Jolly||M|||50|]Venusaur||Venusaurite|Chlorophyll|GigaDrain,SludgeBomb,EarthPower,Protect|Modest||M|||50|]Pelipper||SitrusBerry|Drizzle|Hurricane,WeatherBall,Tailwind,RainDance|Modest||F|||50|]Archaludon||Leftovers|Stamina|FlashCannon,DragonPulse,ElectroShot,Protect|Modest||F|||50|]Swampert||Swampertite|Damp|WaveCrash,Earthquake,IcePunch,Protect|Adamant||F|||50|
|
|t:|1784831732
|teamsize|p1|4
|teamsize|p2|4
|start
|switch|p1a: Aegislash|Aegislash, L50, F|100/100
|switch|p1b: Rotom|Rotom-Wash, L50|100/100
|switch|p2a: Basculegion|Basculegion, L50, M|100/100
|switch|p2b: Swampert|Swampert, L50, F|100/100
|turn|1
|
|t:|1784831754
|detailschange|p2b: Swampert|Swampert-Mega, L50, F
|-mega|p2b: Swampert|Swampert|Swampertite
|move|p2a: Basculegion|Flip Turn|p1a: Aegislash
|-damage|p1a: Aegislash|70/100
|
|t:|1784831759
|switch|p2a: Pelipper|Pelipper, L50, F|100/100|[from] Flip Turn
|-weather|RainDance|[from] ability: Drizzle|[of] p2a: Pelipper
|move|p2b: Swampert|Earthquake|p1a: Aegislash|[spread] p1a
|-immune|p2a: Pelipper
|-immune|p1b: Rotom|[from] ability: Levitate
|-supereffective|p1a: Aegislash|1
|-damage|p1a: Aegislash|0 fnt
|faint|p1a: Aegislash
|move|p1b: Rotom|Will-O-Wisp|p2b: Swampert
|-status|p2b: Swampert|brn
|
|-weather|RainDance|[upkeep]
|-damage|p2b: Swampert|93/100 brn|[from] brn
|upkeep
|
|t:|1784831773
|switch|p1a: Froslass|Froslass, L50, F|100/100
|turn|2
|
|t:|1784831795
|switch|p2a: Archaludon|Archaludon, L50, F|100/100
|detailschange|p1a: Froslass|Froslass-Mega, L50, F
|-mega|p1a: Froslass|Froslass|Froslassite
|-weather|Snowscape|[from] ability: Snow Warning|[of] p1a: Froslass
|move|p1a: Froslass|Blizzard|p2a: Archaludon|[spread] p2a,p2b
|-damage|p2a: Archaludon|51/100
|-damage|p2b: Swampert|54/100 brn
|-status|p2a: Archaludon|frz
|-ability|p2a: Archaludon|Stamina|boost
|-boost|p2a: Archaludon|def|1
|move|p2b: Swampert|Wave Crash|p1a: Froslass
|-damage|p1a: Froslass|61/100
|-damage|p2b: Swampert|44/100 brn|[from] Recoil
|move|p1b: Rotom|Light Screen|p1b: Rotom
|-sidestart|p1: ingusdingus|move: Light Screen
|
|-weather|Snowscape|[upkeep]
|-heal|p2a: Archaludon|57/100 frz|[from] item: Leftovers
|-damage|p2b: Swampert|38/100 brn|[from] brn
|upkeep
|turn|3
|
|t:|1784831819
|cant|p2a: Archaludon|frz
|move|p1a: Froslass|Blizzard|p2a: Archaludon|[spread] p2a,p2b
|-damage|p2a: Archaludon|8/100 frz
|-damage|p2b: Swampert|1/100 brn
|-ability|p2a: Archaludon|Stamina|boost
|-boost|p2a: Archaludon|def|1
|move|p2b: Swampert|Earthquake|p1b: Rotom|[spread] p2a,p1a
|-immune|p1b: Rotom|[from] ability: Levitate
|-supereffective|p2a: Archaludon|1
|-damage|p2a: Archaludon|0 fnt
|-damage|p1a: Froslass|34/100
|faint|p2a: Archaludon
|move|p1b: Rotom|Hydro Pump|p2b: Swampert
|-crit|p2b: Swampert
|-damage|p2b: Swampert|0 fnt
|faint|p2b: Swampert
|
|-weather|Snowscape|[upkeep]
|upkeep
|
|t:|1784831835
|switch|p2a: Basculegion|Basculegion, L50, M|100/100
|switch|p2b: Pelipper|Pelipper, L50, F|100/100
|-weather|RainDance|[from] ability: Drizzle|[of] p2b: Pelipper
|turn|4
|
|t:|1784831852
|switch|p1a: Garchomp|Garchomp, L50, F|100/100
|move|p2a: Basculegion|Last Respects|p1b: Rotom
|-damage|p1b: Rotom|10/100
|move|p1b: Rotom|Will-O-Wisp|p2a: Basculegion
|-status|p2a: Basculegion|brn
|move|p2b: Pelipper|Weather Ball|p1a: Garchomp
|-damage|p1a: Garchomp|57/100
|
|-weather|RainDance|[upkeep]
|-damage|p2a: Basculegion|93/100 brn|[from] brn
|upkeep
|turn|5
|
|t:|1784831893
|move|p2a: Basculegion|Last Respects|p1b: Rotom
|-damage|p1b: Rotom|0 fnt
|faint|p1b: Rotom
|move|p1a: Garchomp|Rock Slide|p2b: Pelipper|[spread] p2a,p2b
|-supereffective|p2b: Pelipper|1
|-damage|p2a: Basculegion|62/100 brn
|-damage|p2b: Pelipper|47/100
|-enditem|p2b: Pelipper|Sitrus Berry|[eat]
|-heal|p2b: Pelipper|71/100|[from] item: Sitrus Berry
|-damage|p1a: Garchomp|47/100|[from] item: Life Orb
|move|p2b: Pelipper|Weather Ball|p1a: Garchomp
|-damage|p1a: Garchomp|2/100
|
|-weather|RainDance|[upkeep]
|-damage|p2a: Basculegion|56/100 brn|[from] brn
|upkeep
|
|t:|1784831907
|switch|p1b: Froslass|Froslass-Mega, L50, F|34/100
|-weather|Snowscape|[from] ability: Snow Warning|[of] p1b: Froslass
|turn|6
|
|t:|1784831919
|move|p1b: Froslass|Protect|p1b: Froslass
|-singleturn|p1b: Froslass|Protect
|move|p2a: Basculegion|Last Respects|p1b: Froslass
|-activate|p1b: Froslass|move: Protect
|move|p1a: Garchomp|Earthquake|p2b: Pelipper|[spread] p2a
|-activate|p1b: Froslass|move: Protect
|-immune|p2b: Pelipper
|-damage|p2a: Basculegion|0 fnt
|faint|p2a: Basculegion
|-damage|p1a: Garchomp|0 fnt|[from] item: Life Orb
|faint|p1a: Garchomp
|move|p2b: Pelipper|Weather Ball|p1b: Froslass
|-activate|p1b: Froslass|move: Protect
|
|-weather|Snowscape|[upkeep]
|-sideend|p1: ingusdingus|move: Light Screen
|upkeep
|turn|7
|
|t:|1784831938
|move|p1b: Froslass|Blizzard|p2b: Pelipper
|-damage|p2b: Pelipper|0 fnt
|faint|p2b: Pelipper
|
|win|ingusdingus
||Morvs is ready for game 2.
||ingusdingus is ready for game 2.
|uhtml|next|Next: Game 2 of 3
|l|☆ingusdingus
|player|p1|
