|j|☆AgentPotato69
|j|☆SunshineTufo
|html|AgentPotato69SunshineTufo    
|uhtml|bestof|Game 1 of a best-of-3
|t:|1784710193
|gametype|doubles
|player|p1|AgentPotato69|2|1140
|player|p2|SunshineTufo|li|1249
|gen|9
|tier|[Gen 9 Champions] VGC 2026 Reg M-B (Bo3)
|rated|
|rule|Species Clause: Limit one of each Pokémon
|rule|Item Clause: Limit 1 of each item
|clearpoke
|poke|p1|Froslass, L50, F|
|poke|p1|Espathra, L50, F, shiny|
|poke|p1|Staraptor, L50, M, shiny|
|poke|p1|Kingambit, L50, F|
|poke|p1|Whimsicott, L50, M, shiny|
|poke|p1|Incineroar, L50, M, shiny|
|poke|p2|Charizard, L50, M, shiny|
|poke|p2|Incineroar, L50, M, shiny|
|poke|p2|Sylveon, L50, M, shiny|
|poke|p2|Aerodactyl, L50, M, shiny|
|poke|p2|Garchomp, L50, M, shiny|
|poke|p2|Farigiraf, L50, M, shiny|
|teampreview|4
|showteam|p1|Froslass||Froslassite|SnowCloak|Blizzard,Thunderbolt,ShadowBall,Protect|Mild||F|||50|]Espathra||SitrusBerry|SpeedBoost|SkillSwap,LuminaCrash,Protect,HelpingHand|Bold||F|||50|]Staraptor||Staraptite|Intimidate|CloseCombat,Roost,Protect,BraveBird|Adamant||M|||50|]Kingambit||BlackGlasses|Defiant|SuckerPunch,KowtowCleave,IronHead,Protect|Adamant||F|||50|]Whimsicott||MentalHerb|Prankster|Encore,Moonblast,Tailwind,Charm|Calm||M|||50|]Incineroar||Leftovers|Intimidate|FakeOut,PartingShot,Protect,FlareBlitz|Careful||M|||50|
|showteam|p2|Charizard||CharizarditeY|SolarPower|HeatWave,WeatherBall,SolarBeam,Protect|Modest||M|||50|]Incineroar||Charcoal|Intimidate|FlareBlitz,DarkestLariat,FakeOut,PartingShot|Brave||M|||50|]Sylveon||FairyFeather|Pixilate|HyperVoice,QuickAttack,HyperBeam,Detect|Modest||M|||50|]Aerodactyl||Aerodactylite|Unnerve|WideGuard,RockSlide,DualWingbeat,Tailwind|Jolly||M|||50|]Garchomp||LifeOrb|RoughSkin|Protect,StompingTantrum,DragonClaw,Earthquake|Adamant||M|||50|]Farigiraf||SitrusBerry|ArmorTail|SunnyDay,PsychicFangs,Thunderbolt,TrickRoom|Relaxed||M|||50|
|inactive|Battle timer is ON: inactive players will automatically lose when time's up. (requested by AgentPotato69)
|inactive|SunshineTufo also wants the timer to be on.
|c|☆SunshineTufo|interesting team
|inactive|AgentPotato69 has 60 seconds left.
|inactive|SunshineTufo has 60 seconds left.
|c|☆AgentPotato69|cheers
|c|☆AgentPotato69|i cooked myself
|c|☆SunshineTufo|yeah i saw it
|c|☆SunshineTufo|gl hf
|inactive|AgentPotato69 has 30 seconds left.
|
|t:|1784710257
|teamsize|p1|4
|teamsize|p2|4
|start
|switch|p1a: Whimsicott|Whimsicott, L50, M, shiny|100/100
|switch|p1b: Staraptor|Staraptor, L50, M, shiny|100/100
|switch|p2a: Incineroar|Incineroar, L50, M, shiny|100/100
|switch|p2b: Farigiraf|Farigiraf, L50, M, shiny|100/100
|-ability|p1b: Staraptor|Intimidate|boost
|-unboost|p2a: Incineroar|atk|1
|-unboost|p2b: Farigiraf|atk|1
|-ability|p2a: Incineroar|Intimidate|boost
|-unboost|p1a: Whimsicott|atk|1
|-unboost|p1b: Staraptor|atk|1
|turn|1
|inactive|AgentPotato69 has 30 seconds left.
|inactive|AgentPotato69 has 20 seconds left.
|inactive|AgentPotato69 has 15 seconds left.
|inactive|AgentPotato69 has 10 seconds left.
|inactive|AgentPotato69 has 5 seconds left.
|
|t:|1784710308
|move|p2a: Incineroar|Fake Out|p1a: Whimsicott
|-damage|p1a: Whimsicott|89/100
|cant|p1a: Whimsicott|flinch
|move|p1b: Staraptor|Close Combat|p2a: Incineroar
|-supereffective|p2a: Incineroar|1
|-damage|p2a: Incineroar|45/100
|-unboost|p1b: Staraptor|def|1
|-unboost|p1b: Staraptor|spd|1
|move|p2b: Farigiraf|Trick Room|p2b: Farigiraf
|-fieldstart|move: Trick Room|[of] p2b: Farigiraf
|
|upkeep
|turn|2
|c|☆AgentPotato69|oops i didint mega
|inactive|SunshineTufo has 30 seconds left.
|inactive|SunshineTufo has 20 seconds left.
|
|t:|1784710344
|switch|p1b: Kingambit|Kingambit, L50, F|100/100
|switch|p1a: Incineroar|Incineroar, L50, M, shiny|100/100
|-ability|p1a: Incineroar|Intimidate|boost
|-unboost|p2a: Incineroar|atk|1
|-unboost|p2b: Farigiraf|atk|1
|move|p2b: Farigiraf|Thunderbolt|p1b: Kingambit
|-damage|p1b: Kingambit|77/100
|move|p2a: Incineroar|Flare Blitz|p1b: Kingambit
|-supereffective|p1b: Kingambit|1
|-damage|p1b: Kingambit|25/100
|-damage|p2a: Incineroar|27/100|[from] Recoil
|
|upkeep
|turn|3
|
|t:|1784710361
|switch|p2b: Charizard|Charizard, L50, M, shiny|100/100
|move|p1b: Kingambit|Protect|p1b: Kingambit
|-singleturn|p1b: Kingambit|Protect
|move|p1a: Incineroar|Protect|p1a: Incineroar
|-singleturn|p1a: Incineroar|Protect
|move|p2a: Incineroar|Flare Blitz|p1b: Kingambit
|-activate|p1b: Kingambit|move: Protect
|
|upkeep
|turn|4
|
|t:|1784710376
|move|p2b: Charizard|Protect|p2b: Charizard
|-singleturn|p2b: Charizard|Protect
|move|p1b: Kingambit|Sucker Punch||[still]
|-fail|p1b: Kingambit
|move|p2a: Incineroar|Flare Blitz|p1b: Kingambit
|-supereffective|p1b: Kingambit|1
|-damage|p1b: Kingambit|0 fnt
|faint|p1b: Kingambit
|-damage|p2a: Incineroar|18/100|[from] Recoil
|move|p1a: Incineroar|Parting Shot|p2b: Charizard
|-activate|p2b: Charizard|move: Protect
|
|upkeep
|
|t:|1784710382
|switch|p1b: Staraptor|Staraptor, L50, M, shiny|100/100
|-ability|p1b: Staraptor|Intimidate|boost
|-unboost|p2a: Incineroar|atk|1
|-unboost|p2b: Charizard|atk|1
|turn|5
|
|t:|1784710391
|switch|p2b: Farigiraf|Farigiraf, L50, M, shiny|100/100
|move|p1b: Staraptor|Protect|p1b: Staraptor
|-singleturn|p1b: Staraptor|Protect
|move|p2a: Incineroar|Parting Shot|p1a: Incineroar
|-unboost|p1a: Incineroar|atk|1
|-unboost|p1a: Incineroar|spa|1
|
|t:|1784710400
|switch|p2a: Charizard|Charizard, L50, M, shiny|100/100|[from] Parting Shot
|move|p1a: Incineroar|Parting Shot|p2b: Farigiraf
|-unboost|p2b: Farigiraf|atk|1
|-unboost|p2b: Farigiraf|spa|1
|
|t:|1784710405
|switch|p1a: Whimsicott|Whimsicott, L50, M, shiny|89/100|[from] Parting Shot
|
|-fieldend|move: Trick Room
|upkeep
|turn|6
|inactive|AgentPotato69 has 30 seconds left.
|
|t:|1784710437
|detailschange|p2a: Charizard|Charizard-Mega-Y, L50, M, shiny
|-mega|p2a: Charizard|Charizard|Charizardite Y
|-weather|SunnyDay|[from] ability: Drought|[of] p2a: Charizard
|detailschange|p1b: Staraptor|Staraptor-Mega, L50, M, shiny
|-mega|p1b: Staraptor|Staraptor|Staraptite
|move|p1a: Whimsicott|Charm|p1b: Staraptor
|-boost|p1b: Staraptor|atk|2
|move|p2a: Charizard|Heat Wave|p1a: Whimsicott|[spread] p1a,p1b
|-supereffective|p1a: Whimsicott|1
|-damage|p1a: Whimsicott|0 fnt
|-damage|p1b: Staraptor|31/100
|faint|p1a: Whimsicott
|move|p1b: Staraptor|Brave Bird|p2b: Farigiraf
|-damage|p2b: Farigiraf|0 fnt
|faint|p2b: Farigiraf
|-damage|p1b: Staraptor|0 fnt|[from] Recoil
|faint|p1b: Staraptor
|
|-weather|SunnyDay|[upkeep]
|upkeep
|-message|AgentPotato69 forfeited.
|
|win|SunshineTufo
