|j|☆tomnumbers
|j|☆archebol
|html|tomnumbersarchebol    
|uhtml|bestof|Game 2 of a best-of-3
|t:|1757254808
|gametype|doubles
|player|p1|tomnumbers|gambler|1219
|player|p2|archebol|170|1248
|gen|9
|tier|[Gen 9] VGC 2025 Reg H (Bo3)
|rated|
|rule|Species Clause: Limit one of each Pokémon
|rule|Item Clause: Limit 1 of each item
|clearpoke
|poke|p1|Gholdengo, L50|
|poke|p1|Amoonguss, L50, M|
|poke|p1|Ursaluna, L50, F|
|poke|p1|Porygon2, L50|
|poke|p1|Incineroar, L50, F|
|poke|p1|Dragonite, L50, M|
|poke|p2|Maushold, L50|
|poke|p2|Annihilape, L50, F|
|poke|p2|Sinistcha, L50|
|poke|p2|Grimmsnarl, L50, M|
|poke|p2|Pelipper, L50, F|
|poke|p2|Archaludon, L50, F|
|teampreview|4
|showteam|p1|Gholdengo||MetalCoat|GoodasGold|MakeItRain,ShadowBall,NastyPlot,Protect||||||50|,,,,,Water]Amoonguss||SitrusBerry|Regenerator|Spore,RagePowder,PollenPuff,Protect|||M|||50|,,,,,Psychic]Ursaluna||FlameOrb|Guts|Facade,HeadlongRush,Earthquake,Protect|||F|||50|,,,,,Ghost]Porygon2||Eviolite|Download|TeraBlast,IceBeam,TrickRoom,Recover||||||50|,,,,,Fighting]Incineroar||SafetyGoggles|Intimidate|FlareBlitz,KnockOff,PartingShot,FakeOut|||F|||50|,,,,,Ghost]Dragonite||LoadedDice|Multiscale|ScaleShot,Haze,Tailwind,Protect|||M|||50|,,,,,Fairy
|showteam|p2|Maushold||SafetyGoggles|FriendGuard|Protect,BeatUp,FollowMe,Encore||||||50|,,,,,Ghost]Annihilape||Leftovers|Defiant|DrainPunch,RageFist,Protect,BulkUp|||F|||50|,,,,,Fire]Sinistcha||RockyHelmet|Hospitality|MatchaGotcha,LifeDew,TrickRoom,RagePowder||||||50|,,,,,Water]Grimmsnarl||LightClay|Prankster|MistyTerrain,Reflect,LightScreen,SpiritBreak|||M|||50|,,,,,Poison]Pelipper||FocusSash|Drizzle|Protect,WideGuard,WeatherBall,Hurricane|||F|||50|,,,,,Stellar]Archaludon||AssaultVest|Stamina|ElectroShot,FlashCannon,BodyPress,DracoMeteor|||F|||50|,,,,,Grass
|inactive|Battle timer is ON: inactive players will automatically lose when time's up. (requested by tomnumbers)
|inactive|tomnumbers has 60 seconds left.
|
|t:|1757254843
|teamsize|p1|4
|teamsize|p2|4
|start
|switch|p1a: Gholdengo|Gholdengo, L50|100/100
|switch|p1b: Dragonite|Dragonite, L50, M|100/100
|switch|p2a: Annihilape|Annihilape, L50, F|100/100
|switch|p2b: Grimmsnarl|Grimmsnarl, L50, M|100/100
|turn|1
|inactive|archebol has 30 seconds left.
|inactive|archebol has 20 seconds left.
|inactive|tomnumbers has 30 seconds left.
|inactive|archebol has 15 seconds left.
|
|t:|1757254887
|-terastallize|p1a: Gholdengo|Water
|move|p2b: Grimmsnarl|Light Screen|p2b: Grimmsnarl
|-sidestart|p2: archebol|move: Light Screen
|move|p1b: Dragonite|Scale Shot|p2a: Annihilape
|-damage|p2a: Annihilape|86/100
|-damage|p2a: Annihilape|72/100
|-damage|p2a: Annihilape|57/100
|-damage|p2a: Annihilape|43/100
|-hitcount|p2a: Annihilape|4
|-unboost|p1b: Dragonite|def|1
|-boost|p1b: Dragonite|spe|1
|move|p2a: Annihilape|Bulk Up|p2a: Annihilape
|-boost|p2a: Annihilape|atk|1
|-boost|p2a: Annihilape|def|1
|move|p1a: Gholdengo|Nasty Plot|p1a: Gholdengo
|-boost|p1a: Gholdengo|spa|2
|
|-heal|p2a: Annihilape|49/100|[from] item: Leftovers
|upkeep
|turn|2
|
|t:|1757254910
|move|p1a: Gholdengo|Protect|p1a: Gholdengo
|-singleturn|p1a: Gholdengo|Protect
|move|p2b: Grimmsnarl|Misty Terrain|p2b: Grimmsnarl
|-fieldstart|move: Misty Terrain
|move|p1b: Dragonite|Scale Shot|p2a: Annihilape
|-damage|p2a: Annihilape|44/100
|-damage|p2a: Annihilape|38/100
|-damage|p2a: Annihilape|32/100
|-damage|p2a: Annihilape|26/100
|-damage|p2a: Annihilape|20/100
|-hitcount|p2a: Annihilape|5
|-unboost|p1b: Dragonite|def|1
|-boost|p1b: Dragonite|spe|1
|move|p2a: Annihilape|Rage Fist|p1a: Gholdengo
|-activate|p1a: Gholdengo|move: Protect
|
|-heal|p2a: Annihilape|26/100|[from] item: Leftovers
|upkeep
|turn|3
|inactive|archebol has 30 seconds left.
|
|t:|1757254938
|move|p2b: Grimmsnarl|Reflect|p2b: Grimmsnarl
|-sidestart|p2: archebol|Reflect
|move|p1b: Dragonite|Tailwind|p1b: Dragonite
|-sidestart|p1: tomnumbers|move: Tailwind
|move|p1a: Gholdengo|Make It Rain|p2a: Annihilape|[spread] p2a,p2b
|-supereffective|p2b: Grimmsnarl
|-damage|p2a: Annihilape|0 fnt
|-damage|p2b: Grimmsnarl|0 fnt
|-unboost|p1a: Gholdengo|spa|1
|faint|p2a: Annihilape
|faint|p2b: Grimmsnarl
|
|upkeep
|
|t:|1757254947
|switch|p2a: Archaludon|Archaludon, L50, F|100/100
|switch|p2b: Pelipper|Pelipper, L50, F|100/100
|-weather|RainDance|[from] ability: Drizzle|[of] p2b: Pelipper
|turn|4
|inactive|tomnumbers has 30 seconds left.
|
|t:|1757254981
|move|p1a: Gholdengo|Protect|p1a: Gholdengo
|-singleturn|p1a: Gholdengo|Protect
|move|p2b: Pelipper|Wide Guard|p2b: Pelipper
|-singleturn|p2b: Pelipper|Wide Guard
|move|p1b: Dragonite|Scale Shot|p2b: Pelipper
|-damage|p2b: Pelipper|88/100
|-damage|p2b: Pelipper|75/100
|-damage|p2b: Pelipper|62/100
|-damage|p2b: Pelipper|49/100
|-hitcount|p2b: Pelipper|4
|-unboost|p1b: Dragonite|def|1
|-boost|p1b: Dragonite|spe|1
|move|p2a: Archaludon|Electro Shot||[still]
|-prepare|p2a: Archaludon|Electro Shot
|-boost|p2a: Archaludon|spa|1
|-anim|p2a: Archaludon|Electro Shot|p1a: Gholdengo
|-activate|p1a: Gholdengo|move: Protect
|
|-weather|RainDance|[upkeep]
|upkeep
|turn|5
|
|t:|1757254995
|switch|p1a: Amoonguss|Amoonguss, L50, M|100/100
|move|p2b: Pelipper|Protect|p2b: Pelipper
|-singleturn|p2b: Pelipper|Protect
|move|p1b: Dragonite|Scale Shot|p2b: Pelipper
|-activate|p2b: Pelipper|move: Protect
|move|p2a: Archaludon|Electro Shot||[still]
|-prepare|p2a: Archaludon|Electro Shot
|-boost|p2a: Archaludon|spa|1
|-anim|p2a: Archaludon|Electro Shot|p1a: Amoonguss
|-resisted|p1a: Amoonguss
|-damage|p1a: Amoonguss|63/100
|
|-weather|RainDance|[upkeep]
|upkeep
|turn|6
|
|t:|1757255018
|switch|p1a: Gholdengo|Gholdengo, L50, tera:Water|100/100
|-terastallize|p2a: Archaludon|Grass
|move|p1b: Dragonite|Scale Shot|p2b: Pelipper
|-damage|p2b: Pelipper|37/100
|-damage|p2b: Pelipper|23/100
|-damage|p2b: Pelipper|9/100
|-damage|p2b: Pelipper|0 fnt
|faint|p2b: Pelipper
|-hitcount|p2: Pelipper|4
|-unboost|p1b: Dragonite|def|1
|-boost|p1b: Dragonite|spe|1
|move|p2a: Archaludon|Electro Shot||[still]
|-prepare|p2a: Archaludon|Electro Shot
|-boost|p2a: Archaludon|spa|1
|-anim|p2a: Archaludon|Electro Shot|p1b: Dragonite
|-damage|p1b: Dragonite|43/100
|
|-weather|RainDance|[upkeep]
|-sideend|p1: tomnumbers|move: Tailwind
|-fieldend|Misty Terrain
|upkeep
|turn|7
|
|t:|1757255031
|move|p1b: Dragonite|Protect|p1b: Dragonite
|-singleturn|p1b: Dragonite|Protect
|move|p1a: Gholdengo|Protect|p1a: Gholdengo
|-singleturn|p1a: Gholdengo|Protect
|move|p2a: Archaludon|Electro Shot||[still]
|-prepare|p2a: Archaludon|Electro Shot
|-boost|p2a: Archaludon|spa|1
|-anim|p2a: Archaludon|Electro Shot|p1b: Dragonite
|-activate|p1b: Dragonite|move: Protect
|
|-weather|RainDance|[upkeep]
|upkeep
|turn|8
|
|t:|1757255038
|switch|p1a: Amoonguss|Amoonguss, L50, M|96/100
|move|p1b: Dragonite|Haze|p1b: Dragonite
|-clearallboost
|move|p2a: Archaludon|Electro Shot||[still]
|-prepare|p2a: Archaludon|Electro Shot
|-boost|p2a: Archaludon|spa|1
|-anim|p2a: Archaludon|Electro Shot|p1a: Amoonguss
|-resisted|p1a: Amoonguss
|-damage|p1a: Amoonguss|70/100
|
|-weather|none
|-sideend|p2: archebol|move: Light Screen
|upkeep
|turn|9
|
|t:|1757255058
|move|p1b: Dragonite|Haze|p1b: Dragonite
|-clearallboost
|move|p2a: Archaludon|Body Press|p1b: Dragonite
|-resisted|p1b: Dragonite
|-damage|p1b: Dragonite|31/100
|move|p1a: Amoonguss|Pollen Puff|p1b: Dragonite
|-heal|p1b: Dragonite|81/100
|
|upkeep
|turn|10
|
|t:|1757255079
|switch|p1b: Gholdengo|Gholdengo, L50, tera:Water|100/100
|move|p1a: Amoonguss|Protect|p1a: Amoonguss
|-singleturn|p1a: Amoonguss|Protect
|move|p2a: Archaludon|Flash Cannon|p1b: Gholdengo
|-resisted|p1b: Gholdengo
|-damage|p1b: Gholdengo|83/100
|
|-sideend|p2: archebol|Reflect
|upkeep
|turn|11
|
|t:|1757255095
|move|p1b: Gholdengo|Nasty Plot|p1b: Gholdengo
|-boost|p1b: Gholdengo|spa|2
|move|p2a: Archaludon|Flash Cannon|p1b: Gholdengo
|-resisted|p1b: Gholdengo
|-damage|p1b: Gholdengo|65/100
|move|p1a: Amoonguss|Pollen Puff|p1b: Gholdengo
|-heal|p1b: Gholdengo|100/100
|
|upkeep
|turn|12
|
|t:|1757255101
|move|p1b: Gholdengo|Nasty Plot|p1b: Gholdengo
|-boost|p1b: Gholdengo|spa|2
|move|p2a: Archaludon|Flash Cannon|p1b: Gholdengo
|-resisted|p1b: Gholdengo
|-damage|p1b: Gholdengo|82/100
|move|p1a: Amoonguss|Pollen Puff|p1b: Gholdengo
|-heal|p1b: Gholdengo|100/100
|
|upkeep
|turn|13
|
|t:|1757255106
|move|p1b: Gholdengo|Shadow Ball|p2a: Archaludon
|-damage|p2a: Archaludon|15/100
|-ability|p2a: Archaludon|Stamina|boost
|-boost|p2a: Archaludon|def|1
|move|p2a: Archaludon|Flash Cannon|p1b: Gholdengo
|-resisted|p1b: Gholdengo
|-damage|p1b: Gholdengo|82/100
|move|p1a: Amoonguss|Pollen Puff|p2a: Archaludon
|-supereffective|p2a: Archaludon
|-damage|p2a: Archaludon|0 fnt
|faint|p2a: Archaludon
|
|win|tomnumbers
|raw|tomnumbers's rating: 1219 → 1246(+27 for winning)
|raw|archebol's rating: 1248 → 1221(-27 for losing)
|c|☆tomnumbers|gg
|l|☆archebol
|player|p2|
