|j|☆heatvw
|j|☆inadomi
|html|heatvwinadomi    
|uhtml|bestof|Game 1 of a best-of-3
|t:|1756948351
|gametype|doubles
|player|p1|heatvw|gambler|1173
|player|p2|inadomi|lady-gen4|1135
|gen|9
|tier|[Gen 9] VGC 2025 Reg H (Bo3)
|rated|
|rule|Species Clause: Limit one of each Pokémon
|rule|Item Clause: Limit 1 of each item
|clearpoke
|poke|p1|Flamigo, L50, F|
|poke|p1|Ninetales-Alola, L50, M|
|poke|p1|Garchomp, L50, M|
|poke|p1|Incineroar, L50, M|
|poke|p1|Amoonguss, L50, F|
|poke|p1|Kingambit, L50, F|
|poke|p2|Indeedee, L50, M|
|poke|p2|Drifblim, L50, M|
|poke|p2|Volcarona, L50, F|
|poke|p2|Kommo-o, L50, M|
|poke|p2|Toxtricity, L50, M|
|poke|p2|Hydreigon, L50, M|
|teampreview|4
|showteam|p1|Flamigo||ChoiceBand|Scrappy|Uturn,CloseCombat,BraveBird,Facade|||F|||50|,,,,,Stellar]Ninetales-Alola||FocusSash|SnowWarning|Protect,Encore,IcyWind,Blizzard|||M|||50|,,,,,Ghost]Garchomp||LifeOrb|RoughSkin|DragonClaw,StompingTantrum,Earthquake,Protect|||M|||50|,,,,,Ground]Incineroar||SafetyGoggles|Intimidate|FakeOut,FlareBlitz,KnockOff,PartingShot|||M|||50|,,,,,Ghost]Amoonguss||SitrusBerry|Regenerator|Spore,RagePowder,PollenPuff,Protect|||F|||50|,,,,,Water]Kingambit||AssaultVest|Defiant|KowtowCleave,IronHead,LowKick,SuckerPunch|||F|||50|,,,,,Fire
|showteam|p2|Indeedee||FocusSash|PsychicSurge|ExpandingForce,TeraBlast,Imprison,TrickRoom|||M|||50|,,,,,Ground]Drifblim||PsychicSeed|Unburden|Acrobatics,WillOWisp,StrengthSap,Tailwind|||M|||50|,,,,,Flying]Volcarona||LifeOrb|FlameBody|BugBuzz,HeatWave,TeraBlast,GigaDrain|||F|||50|,,,,,Fairy]Kommo-o||Leftovers|Soundproof|BodyPress,Flamethrower,IronDefense,Protect|||M|||50|,,,,,Fire]Toxtricity||ChoiceSpecs|PunkRock|Overdrive,SludgeBomb,Boomburst,VoltSwitch|||M|||50|,,,,,Normal]Hydreigon||AssaultVest|Levitate|DarkPulse,DracoMeteor,FlashCannon,Snarl|||M|||50|,,,,,Ghost
|inactive|Battle timer is ON: inactive players will automatically lose when time's up. (requested by inadomi)
|inactive|heatvw also wants the timer to be on.
|inactive|heatvw has 60 seconds left.
|inactive|inadomi has 60 seconds left.
|
|t:|1756948393
|teamsize|p1|4
|teamsize|p2|4
|start
|switch|p1a: Flamigo|Flamigo, L50, F, shiny|100/100
|switch|p1b: Ninetales|Ninetales-Alola, L50, M|100/100
|switch|p2a: Indeedee|Indeedee, L50, M|100/100
|switch|p2b: Drifblim|Drifblim, L50, M|100/100
|-weather|Snowscape|[from] ability: Snow Warning|[of] p1b: Ninetales
|-fieldstart|move: Psychic Terrain|[from] ability: Psychic Surge|[of] p2a: Indeedee
|-enditem|p2b: Drifblim|Psychic Seed
|-boost|p2b: Drifblim|spd|1|[from] item: Psychic Seed
|turn|1
|c|☆inadomi|glhf
|
|t:|1756948414
|switch|p1a: Incineroar|Incineroar, L50, M, shiny|100/100
|-ability|p1a: Incineroar|Intimidate|boost
|-unboost|p2a: Indeedee|atk|1
|-unboost|p2b: Drifblim|atk|1
|move|p2b: Drifblim|Acrobatics|p1a: Incineroar
|-damage|p1a: Incineroar|81/100
|move|p1b: Ninetales|Icy Wind|p2b: Drifblim|[spread] p2a,p2b
|-supereffective|p2b: Drifblim
|-damage|p2a: Indeedee|80/100
|-damage|p2b: Drifblim|79/100
|-unboost|p2a: Indeedee|spe|1
|-unboost|p2b: Drifblim|spe|1
|move|p2a: Indeedee|Expanding Force|p1b: Ninetales|[spread] p1b
|-immune|p1a: Incineroar
|-damage|p1b: Ninetales|41/100
|
|-weather|Snowscape|[upkeep]
|upkeep
|turn|2
|inactive|heatvw has 30 seconds left.
|
|t:|1756948444
|move|p1b: Ninetales|Blizzard|p2b: Drifblim|[spread] p2a,p2b
|-supereffective|p2b: Drifblim
|-damage|p2a: Indeedee|40/100
|-damage|p2b: Drifblim|39/100
|move|p2b: Drifblim|Tailwind|p2b: Drifblim
|-sidestart|p2: inadomi|move: Tailwind
|move|p2a: Indeedee|Expanding Force|p1a: Incineroar|[spread] p1b
|-immune|p1a: Incineroar
|-damage|p1b: Ninetales|0 fnt
|faint|p1b: Ninetales
|move|p1a: Incineroar|Knock Off|p2a: Indeedee
|-supereffective|p2a: Indeedee
|-damage|p2a: Indeedee|0 fnt
|-enditem|p2a: Indeedee|Focus Sash|[from] move: Knock Off|[of] p1a: Incineroar
|faint|p2a: Indeedee
|
|-weather|Snowscape|[upkeep]
|upkeep
|
|t:|1756948466
|switch|p1b: Garchomp|Garchomp, L50, M, shiny|100/100
|switch|p2a: Volcarona|Volcarona, L50, F|100/100
|turn|3
|
|t:|1756948481
|-terastallize|p2a: Volcarona|Fairy
|move|p1b: Garchomp|Protect|p1b: Garchomp
|-singleturn|p1b: Garchomp|Protect
|move|p2b: Drifblim|Strength Sap|p1a: Incineroar
|-unboost|p1a: Incineroar|atk|1
|-heal|p2b: Drifblim|100/100
|move|p2a: Volcarona|Tera Blast|p1b: Garchomp|[anim] Tera Blast Fairy
|-activate|p1b: Garchomp|move: Protect
|move|p1a: Incineroar|Flare Blitz|p2b: Drifblim
|-damage|p2b: Drifblim|59/100
|-damage|p1a: Incineroar|65/100|[from] Recoil
|
|-weather|Snowscape|[upkeep]
|upkeep
|turn|4
|
|t:|1756948502
|switch|p1a: Flamigo|Flamigo, L50, F, shiny|100/100
|-terastallize|p1b: Garchomp|Ground
|move|p2b: Drifblim|Strength Sap|p1b: Garchomp
|-unboost|p1b: Garchomp|atk|1
|-heal|p2b: Drifblim|100/100
|move|p2a: Volcarona|Tera Blast|p1a: Flamigo|[anim] Tera Blast Fairy
|-supereffective|p1a: Flamigo
|-damage|p1a: Flamigo|0 fnt
|faint|p1a: Flamigo
|-damage|p2a: Volcarona|91/100|[from] item: Life Orb
|move|p1b: Garchomp|Earthquake|p2b: Drifblim|[spread] p2a
|-immune|p2b: Drifblim
|-damage|p2a: Volcarona|31/100
|-damage|p1b: Garchomp|91/100|[from] item: Life Orb
|
|-weather|Snowscape|[upkeep]
|upkeep
|
|t:|1756948518
|switch|p1a: Incineroar|Incineroar, L50, M, shiny|65/100
|-ability|p1a: Incineroar|Intimidate|boost
|-unboost|p2a: Volcarona|atk|1
|-unboost|p2b: Drifblim|atk|1
|turn|5
|
|t:|1756948535
|move|p1a: Incineroar|Fake Out|p2a: Volcarona
|-activate|p2a: Volcarona|move: Psychic Terrain
|move|p2b: Drifblim|Strength Sap|p1a: Incineroar
|-unboost|p1a: Incineroar|atk|1
|move|p2a: Volcarona|Giga Drain|p1b: Garchomp
|-supereffective|p1b: Garchomp
|-damage|p1b: Garchomp|21/100
|-heal|p2a: Volcarona|67/100|[from] drain|[of] p1b: Garchomp
|-damage|p2a: Volcarona|57/100|[from] item: Life Orb
|move|p1b: Garchomp|Stomping Tantrum|p2a: Volcarona
|-damage|p2a: Volcarona|0 fnt
|faint|p2a: Volcarona
|-damage|p1b: Garchomp|11/100|[from] item: Life Orb
|
|-weather|none
|-sideend|p2: inadomi|move: Tailwind
|-fieldend|move: Psychic Terrain
|upkeep
|
|t:|1756948550
|switch|p2a: Kommo-o|Kommo-o, L50, M|100/100
|turn|6
|inactive|heatvw has 30 seconds left.
|
|t:|1756948580
|move|p2b: Drifblim|Tailwind|p2b: Drifblim
|-sidestart|p2: inadomi|move: Tailwind
|move|p2a: Kommo-o|Body Press|p1b: Garchomp
|-damage|p1b: Garchomp|0 fnt
|-damage|p2a: Kommo-o|88/100|[from] ability: Rough Skin|[of] p1b: Garchomp
|faint|p1b: Garchomp
|move|p1a: Incineroar|Flare Blitz|p2a: Kommo-o
|-resisted|p2a: Kommo-o
|-damage|p2a: Kommo-o|77/100
|-damage|p1a: Incineroar|62/100|[from] Recoil
|
|-heal|p2a: Kommo-o|83/100|[from] item: Leftovers
|upkeep
|turn|7
|
|t:|1756948593
|move|p2b: Drifblim|Acrobatics|p1a: Incineroar
|-damage|p1a: Incineroar|45/100
|move|p2a: Kommo-o|Body Press|p1a: Incineroar
|-supereffective|p1a: Incineroar
|-damage|p1a: Incineroar|0 fnt
|faint|p1a: Incineroar
|
|win|inadomi
||heatvw is ready for game 2.
||inadomi is ready for game 2.
|uhtml|next|Next: Game 2 of 3
|l|☆inadomi
|player|p2|
