|j|☆jar3000
|j|☆mayavgc298
|html|jar3000mayavgc298    
|uhtml|bestof|Game 1 of a best-of-3
|t:|1783029260
|gametype|doubles
|player|p1|jar3000|roxie|1110
|player|p2|mayavgc298|1|1000
|gen|9
|tier|[Gen 9 Champions] VGC 2026 Reg M-B (Bo3)
|rated|
|rule|Species Clause: Limit one of each Pokémon
|rule|Item Clause: Limit 1 of each item
|clearpoke
|poke|p1|Pelipper, L50, M|
|poke|p1|Swampert, L50, F|
|poke|p1|Basculegion, L50, M|
|poke|p1|Incineroar, L50, F|
|poke|p1|Kingambit, L50, F|
|poke|p1|Sneasler, L50, F|
|poke|p2|Aerodactyl, L50, M|
|poke|p2|Sylveon, L50, M|
|poke|p2|Charizard, L50, M, shiny|
|poke|p2|Kingambit, L50, M, shiny|
|poke|p2|Farigiraf, L50, F, shiny|
|poke|p2|Garchomp, L50, F, shiny|
|teampreview|4
|showteam|p1|Pelipper||SitrusBerry|Drizzle|Tailwind,WideGuard,Hurricane,WeatherBall|Modest||M|||50|]Swampert||Swampertite|Torrent|IcePunch,Protect,WaveCrash,Earthquake|Adamant||F|||50|]Basculegion||ChoiceScarf|Adaptability|FlipTurn,AquaJet,LastRespects,WaveCrash|Adamant||M|||50|]Incineroar||LifeOrb|Intimidate|CloseCombat,FakeOut,FlareBlitz,DarkestLariat|Brave||F|||50|]Kingambit||FocusSash|Defiant|KowtowCleave,LowKick,IronHead,SuckerPunch|Brave||F|||50|]Sneasler||WhiteHerb|Unburden|FakeOut,CloseCombat,Protect,DireClaw|Adamant||F|||50|
|showteam|p2|Aerodactyl||Aerodactylite|Unnerve|RockSlide,DualWingbeat,IceFang,Tailwind|Jolly||M|||50|]Sylveon||FairyFeather|Pixilate|Detect,HyperVoice,HyperBeam,QuickAttack|Modest||M|||50|]Charizard||CharizarditeY|SolarPower|Protect,HeatWave,WeatherBall,SolarBeam|Modest||M|||50|]Kingambit||FocusSash|Defiant|KowtowCleave,IronHead,SuckerPunch,LowKick|Adamant||M|||50|]Farigiraf||SitrusBerry|ArmorTail|Psychic,Thunderbolt,Roar,TrickRoom|Bold||F|||50|]Garchomp||LifeOrb|RoughSkin|Protect,DragonClaw,StompingTantrum,Earthquake|Jolly||F|||50|
|inactive|Battle timer is ON: inactive players will automatically lose when time's up. (requested by jar3000)
|inactive|mayavgc298 has 60 seconds left.
|inactive|mayavgc298 has 30 seconds left.
|inactive|mayavgc298 has 20 seconds left.
|
|t:|1783029339
|teamsize|p1|4
|teamsize|p2|4
|start
|switch|p1a: Kingambit|Kingambit, L50, F|100/100
|switch|p1b: Pelipper|Pelipper, L50, M|100/100
|switch|p2a: Charizard|Charizard, L50, M, shiny|100/100
|switch|p2b: Kingambit|Kingambit, L50, M, shiny|100/100
|-weather|RainDance|[from] ability: Drizzle|[of] p1b: Pelipper
|turn|1
|inactive|mayavgc298 has 30 seconds left.
|inactive|mayavgc298 has 20 seconds left.
|inactive|mayavgc298 has 15 seconds left.
|
|t:|1783029380
|detailschange|p2a: Charizard|Charizard-Mega-Y, L50, M, shiny
|-mega|p2a: Charizard|Charizard|Charizardite Y
|-weather|SunnyDay|[from] ability: Drought|[of] p2a: Charizard
|move|p1a: Kingambit|Sucker Punch|p2b: Kingambit
|-resisted|p2b: Kingambit|1
|-damage|p2b: Kingambit|81/100
|move|p2a: Charizard|Weather Ball|p1a: Kingambit
|-supereffective|p1a: Kingambit|1
|-enditem|p1a: Kingambit|Focus Sash
|-damage|p1a: Kingambit|1/100
|move|p1b: Pelipper|Weather Ball|p2b: Kingambit
|-supereffective|p2b: Kingambit|1
|-damage|p2b: Kingambit|0 fnt
|faint|p2b: Kingambit
|
|-weather|SunnyDay|[upkeep]
|upkeep
|
|t:|1783029399
|switch|p2b: Sylveon|Sylveon, L50, M|100/100
|turn|2
|inactive|mayavgc298 has 30 seconds left.
|
|t:|1783029428
|switch|p1b: Swampert|Swampert, L50, F|100/100
|move|p1a: Kingambit|Sucker Punch|p2a: Charizard
|-damage|p2a: Charizard|61/100
|move|p2a: Charizard|Weather Ball|p1a: Kingambit
|-supereffective|p1a: Kingambit|1
|-damage|p1a: Kingambit|0 fnt
|faint|p1a: Kingambit
|move|p2b: Sylveon|Hyper Beam|p1b: Swampert
|-damage|p1b: Swampert|0 fnt
|-mustrecharge|p2b: Sylveon
|faint|p1b: Swampert
|
|-weather|SunnyDay|[upkeep]
|upkeep
|
|t:|1783029443
|switch|p1b: Pelipper|Pelipper, L50, M|100/100
|switch|p1a: Basculegion|Basculegion, L50, M|100/100
|-weather|RainDance|[from] ability: Drizzle|[of] p1b: Pelipper
|turn|3
|
|t:|1783029463
|switch|p2a: Farigiraf|Farigiraf, L50, F, shiny|100/100
|move|p1a: Basculegion|Last Respects|p2b: Sylveon
|-damage|p2b: Sylveon|0 fnt
|faint|p2b: Sylveon
|move|p1b: Pelipper|Hurricane|p2a: Farigiraf
|-damage|p2a: Farigiraf|56/100
|
|-weather|RainDance|[upkeep]
|upkeep
|
|t:|1783029472
|switch|p2b: Charizard|Charizard-Mega-Y, L50, M, shiny|61/100
|-weather|SunnyDay|[from] ability: Drought|[of] p2b: Charizard
|turn|4
|inactive|mayavgc298 has 30 seconds left.
|
|t:|1783029502
|move|p2b: Charizard|Protect|p2b: Charizard
|-singleturn|p2b: Charizard|Protect
|move|p1a: Basculegion|Last Respects|p2b: Charizard
|-activate|p2b: Charizard|move: Protect
|move|p1b: Pelipper|Weather Ball|p2a: Farigiraf
|-damage|p2a: Farigiraf|13/100
|-enditem|p2a: Farigiraf|Sitrus Berry|[eat]
|-heal|p2a: Farigiraf|38/100|[from] item: Sitrus Berry
|move|p2a: Farigiraf|Trick Room|p2a: Farigiraf
|-fieldstart|move: Trick Room|[of] p2a: Farigiraf
|
|-weather|SunnyDay|[upkeep]
|upkeep
|turn|5
|
|t:|1783029526
|move|p2a: Farigiraf|Thunderbolt|p1b: Pelipper
|-supereffective|p1b: Pelipper|2
|-damage|p1b: Pelipper|0 fnt
|faint|p1b: Pelipper
|move|p2b: Charizard|Solar Beam||[still]
|-prepare|p2b: Charizard|Solar Beam
|-anim|p2b: Charizard|Solar Beam|p1a: Basculegion
|-supereffective|p1a: Basculegion|1
|-damage|p1a: Basculegion|0 fnt
|faint|p1a: Basculegion
|
|win|mayavgc298
|inactive|jar3000 has 30 seconds to confirm battle start!
|inactive|mayavgc298 has 30 seconds to confirm battle start!
||jar3000 is ready for game 2.
||mayavgc298 is ready for game 2.
|uhtml|next|Next: Game 2 of 3
