|j|☆ShadowEliteYT
|j|☆PaquitoelBollito
|html|ShadowEliteYTPaquitoelBollito    
|uhtml|bestof|Game 2 of a best-of-3
|t:|1783878335
|gametype|doubles
|player|p1|ShadowEliteYT|2|1059
|player|p2|PaquitoelBollito|102|1111
|gen|9
|tier|[Gen 9 Champions] VGC 2026 Reg M-B (Bo3)
|rated|
|rule|Species Clause: Limit one of each Pokémon
|rule|Item Clause: Limit 1 of each item
|clearpoke
|poke|p1|Raichu, L50, M|
|poke|p1|Sinistcha-Masterpiece, L50|
|poke|p1|Incineroar, L50, M|
|poke|p1|Staraptor, L50, M|
|poke|p1|Whimsicott, L50, M|
|poke|p1|Palafin, L50, M|
|poke|p2|Aerodactyl, L50, M|
|poke|p2|Kingambit, L50, M|
|poke|p2|Garchomp, L50, F|
|poke|p2|Farigiraf, L50, M|
|poke|p2|Charizard, L50, M|
|poke|p2|Sylveon, L50, F|
|teampreview|4
|showteam|p1|Raichu||RaichuniteY|Static|ZapCannon,FocusBlast,VoltSwitch,Protect|Timid||M|||50|]Sinistcha-Masterpiece||Leftovers|Hospitality|MatchaGotcha,Poltergeist,RagePowder,Protect|Bold|||||50|]Incineroar||SitrusBerry|Intimidate|FlareBlitz,PartingShot,FakeOut,WillOWisp|Adamant||M|||50|]Staraptor||Staraptite|Intimidate|CloseCombat,BraveBird,Uturn,Protect|Jolly||M|||50|]Whimsicott||MentalHerb|Prankster|Moonblast,Tailwind,Encore,Charm|Timid||M|||50|]Palafin||LifeOrb|ZerotoHero|WaveCrash,IcePunch,FlipTurn,Protect|Jolly||M|||50|
|showteam|p2|Aerodactyl||Aerodactylite|Unnerve|Tailwind,DualWingbeat,IceFang,RockSlide|Jolly||M|||50|]Kingambit||BlackGlasses|Defiant|SuckerPunch,KowtowCleave,Protect,LowKick|Adamant||M|||50|]Garchomp||LifeOrb|RoughSkin|Protect,DragonClaw,Earthquake,StompingTantrum|Jolly||F|||50|]Farigiraf||SitrusBerry|ArmorTail|PsychicFangs,Thunderbolt,TrickRoom,SunnyDay|Relaxed||M|||50|]Charizard||CharizarditeY|Blaze|Protect,HeatWave,WeatherBall,SolarBeam|Modest||M|||50|]Sylveon||FairyFeather|Pixilate|HyperVoice,Protect,QuickAttack,HyperBeam|Modest||F|||50|
|inactive|Battle timer is ON: inactive players will automatically lose when time's up. (requested by PaquitoelBollito)
|
|t:|1783878357
|teamsize|p1|4
|teamsize|p2|4
|start
|switch|p1a: Palafin|Palafin, L50, M|100/100
|switch|p1b: Incineroar|Incineroar, L50, M|100/100
|switch|p2a: Aerodactyl|Aerodactyl, L50, M|100/100
|switch|p2b: Kingambit|Kingambit, L50, M|100/100
|-ability|p2a: Aerodactyl|Unnerve
|-ability|p1b: Incineroar|Intimidate|boost
|-unboost|p2a: Aerodactyl|atk|1
|-unboost|p2b: Kingambit|atk|1
|-ability|p2b: Kingambit|Defiant|boost
|-boost|p2b: Kingambit|atk|2
|turn|1
|inactive|PaquitoelBollito has 30 seconds left.
|
|t:|1783878385
|detailschange|p2a: Aerodactyl|Aerodactyl-Mega, L50, M
|-mega|p2a: Aerodactyl|Aerodactyl|Aerodactylite
|move|p2a: Aerodactyl|Rock Slide|p1a: Palafin|[spread] p1a,p1b
|-supereffective|p1b: Incineroar|1
|-damage|p1a: Palafin|74/100
|-damage|p1b: Incineroar|64/100
|move|p1a: Palafin|Flip Turn|p2a: Aerodactyl
|-supereffective|p2a: Aerodactyl|1
|-damage|p2a: Aerodactyl|36/100
|-damage|p1a: Palafin|64/100|[from] item: Life Orb
|
|t:|1783878400
|detailschange|p1a: Palafin|Palafin-Hero, L50, M
|switch|p1a: Whimsicott|Whimsicott, L50, M|100/100|[from] Flip Turn
|move|p2b: Kingambit|Low Kick|p1b: Incineroar
|-supereffective|p1b: Incineroar|1
|-damage|p1b: Incineroar|0 fnt
|faint|p1b: Incineroar
|
|upkeep
|
|t:|1783878408
|switch|p1b: Palafin|Palafin-Hero, L50, M|64/100
|-activate|p1b: Palafin|ability: Zero to Hero
|turn|2
|inactive|PaquitoelBollito has 30 seconds left.
|
|t:|1783878436
|switch|p2a: Sylveon|Sylveon, L50, F|100/100
|move|p1a: Whimsicott|Tailwind|p1a: Whimsicott
|-sidestart|p1: ShadowEliteYT|move: Tailwind
|move|p1b: Palafin|Ice Punch|p2a: Sylveon
|-damage|p2a: Sylveon|54/100
|-damage|p1b: Palafin|55/100|[from] item: Life Orb
|move|p2b: Kingambit|Kowtow Cleave|p1b: Palafin
|-damage|p1b: Palafin|0 fnt
|faint|p1b: Palafin
|
|upkeep
|
|t:|1783878447
|switch|p1b: Staraptor|Staraptor, L50, M|100/100
|-ability|p1b: Staraptor|Intimidate|boost
|-unboost|p2a: Sylveon|atk|1
|-unboost|p2b: Kingambit|atk|1
|-ability|p2b: Kingambit|Defiant|boost
|-boost|p2b: Kingambit|atk|2
|turn|3
|
|t:|1783878467
|detailschange|p1b: Staraptor|Staraptor-Mega, L50, M
|-mega|p1b: Staraptor|Staraptor|Staraptite
|move|p1a: Whimsicott|Charm|p1b: Staraptor
|-boost|p1b: Staraptor|atk|2
|move|p2b: Kingambit|Sucker Punch|p1b: Staraptor
|-resisted|p1b: Staraptor|1
|-damage|p1b: Staraptor|51/100
|move|p1b: Staraptor|Close Combat|p2b: Kingambit
|-supereffective|p2b: Kingambit|2
|-crit|p2b: Kingambit
|-damage|p2b: Kingambit|0 fnt
|-boost|p1b: Staraptor|def|1
|-boost|p1b: Staraptor|spd|1
|faint|p2b: Kingambit
|move|p2a: Sylveon|Hyper Beam|p1b: Staraptor
|-supereffective|p1b: Staraptor|1
|-damage|p1b: Staraptor|0 fnt
|-mustrecharge|p2a: Sylveon
|faint|p1b: Staraptor
|
|upkeep
|
|t:|1783878485
|switch|p2b: Garchomp|Garchomp, L50, F|100/100
|turn|4
|
|t:|1783878489
|move|p2b: Garchomp|Protect|p2b: Garchomp
|-singleturn|p2b: Garchomp|Protect
|move|p1a: Whimsicott|Moonblast|p2b: Garchomp
|-activate|p2b: Garchomp|move: Protect
|cant|p2a: Sylveon|recharge
|
|upkeep
|turn|5
|
|t:|1783878503
|move|p1a: Whimsicott|Moonblast|p2b: Garchomp
|-supereffective|p2b: Garchomp|1
|-damage|p2b: Garchomp|19/100
|move|p2b: Garchomp|Stomping Tantrum|p1a: Whimsicott
|-resisted|p1a: Whimsicott|1
|-damage|p1a: Whimsicott|71/100
|-damage|p2b: Garchomp|10/100|[from] item: Life Orb
|move|p2a: Sylveon|Hyper Beam|p1a: Whimsicott
|-damage|p1a: Whimsicott|0 fnt
|-mustrecharge|p2a: Sylveon
|faint|p1a: Whimsicott
|
|win|PaquitoelBollito
|raw|ShadowEliteYT's rating: 1059 → 1043(-16 for losing)
|raw|PaquitoelBollito's rating: 1111 → 1132(+21 for winning)
