|j|☆Fujin_20260416
|j|☆car10seduard0
|html|Fujin_20260416car10seduard0    
|uhtml|bestof|Game 2 of a best-of-3
|t:|1785892300
|gametype|doubles
|player|p1|Fujin_20260416|265|
|player|p2|car10seduard0|swimmer|
|gen|9
|tier|[Gen 9 Champions] VGC 2026 Reg M-B (Bo3)
|rule|Species Clause: Limit one of each Pokémon
|rule|Item Clause: Limit 1 of each item
|clearpoke
|poke|p1|Floette-Eternal, L50, F|
|poke|p1|Charizard, L50, F|
|poke|p1|Kingambit, L50, F|
|poke|p1|Whimsicott, L50, M|
|poke|p1|Basculegion, L50, M|
|poke|p1|Garchomp, L50, M|
|poke|p2|Charizard, L50, M|
|poke|p2|Venusaur, L50, F|
|poke|p2|Sinistcha, L50|
|poke|p2|Incineroar, L50, M|
|poke|p2|Floette-Eternal, L50, F|
|poke|p2|Garchomp, L50, M|
|teampreview|4
|showteam|p1|Floette-Eternal||Floettite|FlowerVeil|Protect,LightofRuin,Moonblast,DazzlingGleam|Timid||F|||50|]Charizard||CharizarditeY|Blaze|SolarBeam,HeatWave,WeatherBall,Protect|Modest||F|||50|]Kingambit||BlackGlasses|Defiant|IronHead,Protect,KowtowCleave,SuckerPunch|Adamant||F|||50|]Whimsicott||FocusSash|Prankster|Moonblast,Tailwind,Encore,Protect|Timid||M|||50|]Basculegion||MysticWater|Adaptability|WaveCrash,Protect,LastRespects,AquaJet|Adamant||M|||50|]Garchomp||LifeOrb|RoughSkin|Earthquake,RockSlide,Protect,DragonClaw|Jolly||M|||50|
|showteam|p2|Charizard||CharizarditeY|Blaze|HeatWave,Protect,SolarBeam,WeatherBall|Modest||M|||50|]Venusaur||FocusSash|Chlorophyll|SludgeBomb,LeafStorm,Protect,SleepPowder|Timid||F|||50|]Sinistcha||ColburBerry|Hospitality|TrickRoom,Protect,MatchaGotcha,RagePowder|Relaxed|||||50|]Incineroar||SitrusBerry|Intimidate|FlareBlitz,FakeOut,ThroatChop,PartingShot|Careful||M|||50|]Floette-Eternal||Floettite|FlowerVeil|Moonblast,CalmMind,DazzlingGleam,Protect|Timid||F|||50|]Garchomp||ChoiceScarf|RoughSkin|Earthquake,RockSlide,DragonClaw,StompingTantrum|Adamant||M|||50|
|inactive|Battle timer is ON: inactive players will automatically lose when time's up. (requested by car10seduard0)
|inactive|Fujin_20260416 has 60 seconds left.
|inactive|car10seduard0 has 60 seconds left.
|
|t:|1785892344
|teamsize|p1|4
|teamsize|p2|4
|start
|switch|p1a: Whimsicott|Whimsicott, L50, M|100/100
|switch|p1b: Floette|Floette-Eternal, L50, F|100/100
|switch|p2a: Floette|Floette-Eternal, L50, F|100/100
|switch|p2b: Venusaur|Venusaur, L50, F|100/100
|turn|1
|inactive|Fujin_20260416 has 30 seconds left.
|
|t:|1785892373
|switch|p1b: Kingambit|Kingambit, L50, F|100/100
|detailschange|p2a: Floette|Floette-Mega, L50, F
|-mega|p2a: Floette|Floette|Floettite
|-ability|p2a: Floette|Fairy Aura
|move|p1a: Whimsicott|Tailwind|p1a: Whimsicott
|-sidestart|p1: Fujin_20260416|move: Tailwind
|move|p2a: Floette|Dazzling Gleam|p1a: Whimsicott|[spread] p1a,p1b
|-damage|p1a: Whimsicott|27/100
|-damage|p1b: Kingambit|66/100
|move|p2b: Venusaur|Sludge Bomb|p1b: Kingambit
|-immune|p1b: Kingambit
|
|upkeep
|turn|2
|inactive|Fujin_20260416 has 30 seconds left.
|inactive|car10seduard0 has 30 seconds left.
|inactive|Fujin_20260416 has 20 seconds left.
|inactive|car10seduard0 has 20 seconds left.
|inactive|Fujin_20260416 has 15 seconds left.
|
|t:|1785892415
|move|p2a: Floette|Protect|p2a: Floette
|-singleturn|p2a: Floette|Protect
|move|p1a: Whimsicott|Encore|p2a: Floette
|-activate|p2a: Floette|move: Protect
|move|p2b: Venusaur|Sleep Powder|p1b: Kingambit
|-status|p1b: Kingambit|slp|[from] move: Sleep Powder
|cant|p1b: Kingambit|slp
|
|upkeep
|turn|3
|
|t:|1785892432
|switch|p2a: Garchomp|Garchomp, L50, M|100/100
|move|p1a: Whimsicott|Encore|p2b: Venusaur
|-start|p2b: Venusaur|Encore
|move|p2b: Venusaur|Sleep Powder|p1a: Whimsicott
|-immune|p1a: Whimsicott
|cant|p1b: Kingambit|slp
|
|upkeep
|turn|4
|inactive|Fujin_20260416 has 30 seconds left.
|
|t:|1785892463
|-curestatus|p1b: Kingambit|slp|[msg]
|move|p1b: Kingambit|Sucker Punch|p2a: Garchomp
|-damage|p2a: Garchomp|58/100
|-damage|p1b: Kingambit|54/100|[from] ability: Rough Skin|[of] p2a: Garchomp
|move|p1a: Whimsicott|Moonblast|p2a: Garchomp
|-supereffective|p2a: Garchomp|1
|-damage|p2a: Garchomp|0 fnt
|faint|p2a: Garchomp
|move|p2b: Venusaur|Sleep Powder|p1b: Kingambit
|-status|p1b: Kingambit|slp|[from] move: Sleep Powder
|
|-sideend|p1: Fujin_20260416|move: Tailwind
|upkeep
|
|t:|1785892471
|switch|p2a: Floette|Floette-Mega, L50, F|100/100
|-ability|p2a: Floette|Fairy Aura
|turn|5
|
|t:|1785892490
|move|p1a: Whimsicott|Protect|p1a: Whimsicott
|-singleturn|p1a: Whimsicott|Protect
|move|p2a: Floette|Dazzling Gleam|p1a: Whimsicott|[spread] p1b
|-activate|p1a: Whimsicott|move: Protect
|-damage|p1b: Kingambit|22/100 slp
|move|p2b: Venusaur|Sleep Powder|p1a: Whimsicott
|-activate|p1a: Whimsicott|move: Protect
|cant|p1b: Kingambit|slp
|
|-end|p2b: Venusaur|Encore
|upkeep
|turn|6
|
|t:|1785892512
|move|p2b: Venusaur|Protect|p2b: Venusaur
|-singleturn|p2b: Venusaur|Protect
|move|p1a: Whimsicott|Tailwind|p1a: Whimsicott
|-sidestart|p1: Fujin_20260416|move: Tailwind
|-curestatus|p1b: Kingambit|slp|[msg]
|move|p1b: Kingambit|Sucker Punch|p2a: Floette
|-resisted|p2a: Floette|1
|-damage|p2a: Floette|74/100
|move|p2a: Floette|Dazzling Gleam|p1a: Whimsicott|[spread] p1a,p1b
|-damage|p1a: Whimsicott|0 fnt
|-damage|p1b: Kingambit|0 fnt
|faint|p1a: Whimsicott
|faint|p1b: Kingambit
|
|upkeep
|
|t:|1785892520
|switch|p1a: Garchomp|Garchomp, L50, M|100/100
|switch|p1b: Floette|Floette-Eternal, L50, F|100/100
|turn|7
|inactive|car10seduard0 has 30 seconds left.
|inactive|car10seduard0 has 20 seconds left.
|inactive|car10seduard0 has 15 seconds left.
|inactive|car10seduard0 has 10 seconds left.
|inactive|car10seduard0 has 5 seconds left.
|
|t:|1785892573
|detailschange|p1b: Floette|Floette-Mega, L50, F
|-mega|p1b: Floette|Floette|Floettite
|-ability|p1b: Floette|Fairy Aura
|move|p2a: Floette|Protect|p2a: Floette
|-singleturn|p2a: Floette|Protect
|move|p1b: Floette|Moonblast|p2b: Venusaur
|-resisted|p2b: Venusaur|1
|-damage|p2b: Venusaur|55/100
|move|p1a: Garchomp|Earthquake|p2b: Venusaur|[spread] p1b,p2b
|-activate|p2a: Floette|move: Protect
|-damage|p1b: Floette|31/100
|-damage|p2b: Venusaur|0 fnt
|faint|p2b: Venusaur
|-damage|p1a: Garchomp|90/100|[from] item: Life Orb
|
|upkeep
|
|t:|1785892587
|switch|p2b: Incineroar|Incineroar, L50, M|100/100
|-ability|p2b: Incineroar|Intimidate|boost
|-unboost|p1a: Garchomp|atk|1
|-unboost|p1b: Floette|atk|1
|turn|8
|inactive|Fujin_20260416 has 30 seconds left.
|inactive|Fujin_20260416 has 20 seconds left.
|inactive|Fujin_20260416 has 15 seconds left.
|
|t:|1785892630
|move|p1b: Floette|Protect|p1b: Floette
|-singleturn|p1b: Floette|Protect
|move|p1a: Garchomp|Protect|p1a: Garchomp
|-singleturn|p1a: Garchomp|Protect
|move|p2b: Incineroar|Fake Out|p1b: Floette
|-activate|p1b: Floette|move: Protect
|move|p2a: Floette|Calm Mind|p2a: Floette
|-boost|p2a: Floette|spa|1
|-boost|p2a: Floette|spd|1
|
|upkeep
|turn|9
|
|t:|1785892655
|move|p1a: Garchomp|Rock Slide|p2a: Floette|[spread] p2a,p2b
|-supereffective|p2b: Incineroar|1
|-damage|p2a: Floette|56/100
|-damage|p2b: Incineroar|71/100
|-damage|p1a: Garchomp|80/100|[from] item: Life Orb
|move|p1b: Floette|Moonblast|p2b: Incineroar
|-damage|p2b: Incineroar|12/100
|-enditem|p2b: Incineroar|Sitrus Berry|[eat]
|-heal|p2b: Incineroar|37/100|[from] item: Sitrus Berry
|move|p2a: Floette|Dazzling Gleam|p1b: Floette|[spread] p1a,p1b
|-supereffective|p1a: Garchomp|1
|-damage|p1a: Garchomp|0 fnt
|-damage|p1b: Floette|0 fnt
|faint|p1a: Garchomp
|faint|p1b: Floette
|
|win|car10seduard0
|c|☆Fujin_20260416|gg
|c|☆car10seduard0|Gg
