|j|☆Rockslap
|j|☆epom158
|html|Rockslapepom158    
|uhtml|bestof|Game 2 of a best-of-3
|t:|1756697605
|gametype|doubles
|player|p1|Rockslap|hiker-gen4|1273
|player|p2|epom158|n|1243
|gen|9
|tier|[Gen 9] VGC 2025 Reg H (Bo3)
|rated|
|rule|Species Clause: Limit one of each Pokémon
|rule|Item Clause: Limit 1 of each item
|clearpoke
|poke|p1|Kommo-o, L50, M|
|poke|p1|Golduck, L50, M|
|poke|p1|Incineroar, L50, M|
|poke|p1|Rillaboom, L50, M|
|poke|p1|Volcarona, L50, F|
|poke|p1|Amoonguss, L50, M|
|poke|p2|Sneasler, L50, F|
|poke|p2|Rillaboom, L50, M|
|poke|p2|Dragonite, L50, F|
|poke|p2|Incineroar, L50, M|
|poke|p2|Kingambit, L50, F|
|poke|p2|Volcarona, L50, F|
|teampreview|4
|showteam|p1|Kommo-o||ThroatSpray|Soundproof|ClangingScales,FlashCannon,ClangorousSoul,Protect|||M|||50|,,,,,Steel]Golduck||CovertCloak|CloudNine|Encore,IcyWind,Taunt,SimpleBeam|||M|||50|,,,,,Ghost]Incineroar||SafetyGoggles|Intimidate|FakeOut,KnockOff,PartingShot,FlareBlitz|||M|||50|,,,,,Bug]Rillaboom||AssaultVest|GrassySurge|FakeOut,WoodHammer,GrassyGlide,HighHorsepower|||M|||50|,,,,,Water]Volcarona||SitrusBerry|FlameBody|QuiverDance,HeatWave,GigaDrain,Protect|||F|||50|,,,,,Grass]Amoonguss||RockyHelmet|Regenerator|PollenPuff,RagePowder,ClearSmog,Spore|||M|||50|,,,,,Water
|showteam|p2|Sneasler||FocusSash|Unburden|CloseCombat,DireClaw,Coaching,Protect|||F|||50|,,,,,Stellar]Rillaboom||AssaultVest|GrassySurge|WoodHammer,Uturn,FakeOut,GrassyGlide|||M|||50|,,,,,Fire]Dragonite||LoadedDice|Multiscale|ScaleShot,Tailwind,Haze,Protect|||F|||50|,,,,,Steel]Incineroar||SafetyGoggles|Intimidate|FlareBlitz,KnockOff,FakeOut,PartingShot|||M|||50|,,,,,Ghost]Kingambit||BlackGlasses|Defiant|KowtowCleave,SuckerPunch,SwordsDance,Protect|||F|||50|,,,,,Dark]Volcarona||CovertCloak|FlameBody|Flamethrower,TeraBlast,QuiverDance,Protect|||F|||50|,,,,,Fairy
|
|t:|1756697656
|teamsize|p1|4
|teamsize|p2|4
|start
|switch|p1a: Amoonguss|Amoonguss, L50, M|100/100
|switch|p1b: Volcarona|Volcarona, L50, F|100/100
|switch|p2a: Volcarona|Volcarona, L50, F|100/100
|switch|p2b: Kingambit|Kingambit, L50, F|100/100
|turn|1
|
|t:|1756697682
|-terastallize|p2b: Kingambit|Dark
|-terastallize|p1a: Amoonguss|Water
|move|p1b: Volcarona|Quiver Dance|p1b: Volcarona
|-boost|p1b: Volcarona|spa|1
|-boost|p1b: Volcarona|spd|1
|-boost|p1b: Volcarona|spe|1
|move|p2a: Volcarona|Quiver Dance|p2a: Volcarona
|-boost|p2a: Volcarona|spa|1
|-boost|p2a: Volcarona|spd|1
|-boost|p2a: Volcarona|spe|1
|move|p2b: Kingambit|Swords Dance|p2b: Kingambit
|-boost|p2b: Kingambit|atk|2
|move|p1a: Amoonguss|Spore|p2b: Kingambit
|-status|p2b: Kingambit|slp|[from] move: Spore
|
|upkeep
|turn|2
|
|t:|1756697699
|move|p2a: Volcarona|Flamethrower|p1b: Volcarona
|-damage|p1b: Volcarona|59/100
|move|p1b: Volcarona|Heat Wave|p2b: Kingambit|[spread] p2a,p2b
|-damage|p2a: Volcarona|70/100
|-damage|p2b: Kingambit|49/100 slp
|cant|p2b: Kingambit|slp
|move|p1a: Amoonguss|Clear Smog|p2b: Kingambit
|-damage|p2b: Kingambit|35/100 slp
|-clearboost|p2b: Kingambit
|
|upkeep
|turn|3
|
|t:|1756697709
|move|p1a: Amoonguss|Rage Powder|p1a: Amoonguss
|-singleturn|p1a: Amoonguss|move: Rage Powder
|-curestatus|p2b: Kingambit|slp|[msg]
|move|p2b: Kingambit|Sucker Punch||[still]
|-fail|p2b: Kingambit
|move|p2a: Volcarona|Flamethrower|p1a: Amoonguss
|-resisted|p1a: Amoonguss
|-damage|p1a: Amoonguss|73/100
|move|p1b: Volcarona|Heat Wave|p2a: Volcarona|[spread] p2a,p2b
|-damage|p2a: Volcarona|39/100
|-damage|p2b: Kingambit|0 fnt
|faint|p2b: Kingambit
|
|upkeep
|
|t:|1756697717
|switch|p2b: Sneasler|Sneasler, L50, F|100/100
|turn|4
|
|t:|1756697727
|move|p1a: Amoonguss|Rage Powder|p1a: Amoonguss
|-singleturn|p1a: Amoonguss|move: Rage Powder
|move|p2a: Volcarona|Quiver Dance|p2a: Volcarona
|-boost|p2a: Volcarona|spa|1
|-boost|p2a: Volcarona|spd|1
|-boost|p2a: Volcarona|spe|1
|move|p1b: Volcarona|Heat Wave|p2b: Sneasler|[spread] p2a,p2b
|-damage|p2a: Volcarona|16/100
|-damage|p2b: Sneasler|27/100
|move|p2b: Sneasler|Dire Claw|p1a: Amoonguss
|-damage|p1a: Amoonguss|37/100
|-damage|p2b: Sneasler|10/100|[from] item: Rocky Helmet|[of] p1a: Amoonguss
|
|upkeep
|turn|5
|
|t:|1756697747
|move|p2a: Volcarona|Protect|p2a: Volcarona
|-singleturn|p2a: Volcarona|Protect
|move|p1a: Amoonguss|Rage Powder|p1a: Amoonguss
|-singleturn|p1a: Amoonguss|move: Rage Powder
|move|p1b: Volcarona|Heat Wave|p2a: Volcarona|[spread] p2b
|-activate|p2a: Volcarona|move: Protect
|-damage|p2b: Sneasler|0 fnt
|faint|p2b: Sneasler
|
|upkeep
|
|t:|1756697749
|switch|p2b: Incineroar|Incineroar, L50, M|100/100
|-ability|p2b: Incineroar|Intimidate|boost
|-unboost|p1a: Amoonguss|atk|1
|-unboost|p1b: Volcarona|atk|1
|turn|6
|
|t:|1756697781
|move|p2b: Incineroar|Fake Out|p1b: Volcarona
|-damage|p1b: Volcarona|44/100
|-enditem|p1b: Volcarona|Sitrus Berry|[eat]
|-heal|p1b: Volcarona|69/100|[from] item: Sitrus Berry
|move|p2a: Volcarona|Tera Blast|p1a: Amoonguss
|-damage|p1a: Amoonguss|0 fnt
|faint|p1a: Amoonguss
|cant|p1b: Volcarona|flinch
|
|upkeep
|
|t:|1756697786
|switch|p1a: Golduck|Golduck, L50, M|100/100
|-ability|p1a: Golduck|Cloud Nine
|turn|7
|
|t:|1756697794
|move|p2a: Volcarona|Flamethrower|p1b: Volcarona
|-damage|p1b: Volcarona|12/100
|move|p1b: Volcarona|Heat Wave|p2a: Volcarona|[spread] p2a,p2b
|-resisted|p2b: Incineroar
|-damage|p2a: Volcarona|0 fnt
|-damage|p2b: Incineroar|77/100
|faint|p2a: Volcarona
|move|p1a: Golduck|Encore|p2b: Incineroar
|-start|p2b: Incineroar|Encore
|move|p2b: Incineroar|Fake Out||[still]
|-hint|Fake Out only works on your first turn out.
|-fail|p2b: Incineroar
|
|upkeep
|turn|8
|-message|epom158 forfeited.
|
|win|Rockslap
||epom158 is ready for game 3.
||Rockslap is ready for game 3.
|uhtml|next|Next: Game 3 of 3
|l|☆epom158
|player|p2|
