|j|☆MrPhoenixGC
|j|☆NuclearNutz321
|html|MrPhoenixGCNuclearNutz321    
|uhtml|bestof|Game 1 of a best-of-3
|t:|1756913838
|gametype|doubles
|player|p1|MrPhoenixGC|steven|1156
|player|p2|NuclearNutz321|veteranf|1219
|gen|9
|tier|[Gen 9] VGC 2025 Reg H (Bo3)
|rated|
|rule|Species Clause: Limit one of each Pokémon
|rule|Item Clause: Limit 1 of each item
|clearpoke
|poke|p1|Gholdengo, L50|
|poke|p1|Pelipper, L50, M|
|poke|p1|Archaludon, L50, F|
|poke|p1|Ursaluna, L50, F|
|poke|p1|Dragonite, L50, F|
|poke|p1|Sinistcha, L50|
|poke|p2|Chandelure, L50, M|
|poke|p2|Hydreigon, L50, M|
|poke|p2|Corviknight, L50, M|
|poke|p2|Sneasler, L50, M|
|poke|p2|Rillaboom, L50, M|
|poke|p2|Primarina, L50, M|
|teampreview|4
|showteam|p1|Gholdengo||ChoiceScarf|GoodasGold|MakeItRain,ShadowBall,Trick,Protect||||||50|,,,,,Steel]Pelipper||FocusSash|Drizzle|Protect,MuddyWater,Hurricane,WideGuard|||M|||50|,,,,,Ghost]Archaludon||AssaultVest|Stamina|BodyPress,Snarl,ElectroShot,FlashCannon|||F|||50|,,,,,Bug]Ursaluna||FlameOrb|Guts|Protect,Facade,Earthquake,HeadlongRush|||F|||50|,,,,,Ghost]Dragonite||LoadedDice|Multiscale|ScaleShot,Haze,Tailwind,Protect|||F|||50|,,,,,Fairy]Sinistcha||SitrusBerry|Hospitality|TrickRoom,MatchaGotcha,LifeDew,RagePowder||||||50|,,,,,Dark
|showteam|p2|Chandelure||FocusSash|FlashFire|HeatWave,ShadowBall,TrickRoom,Protect|||M|||50|,,,,,Grass]Hydreigon||SafetyGoggles|Levitate|DracoMeteor,DarkPulse,Tailwind,Protect|||M|||50|,,,,,Ghost]Corviknight||GrassySeed|MirrorArmor|BulkUp,BraveBird,BodyPress,Roost|||M|||50|,,,,,Dragon]Sneasler||WhiteHerb|Unburden|CloseCombat,DireClaw,ThroatChop,Coaching|||M|||50|,,,,,Ghost]Rillaboom||AssaultVest|GrassySurge|FakeOut,WoodHammer,GrassyGlide,HighHorsepower|||M|||50|,,,,,Water]Primarina||ThroatSpray|LiquidVoice|HyperVoice,Moonblast,IceBeam,Protect|||M|||50|,,,,,Poison
|
|t:|1756913869
|teamsize|p1|4
|teamsize|p2|4
|start
|switch|p1a: Pelipper|Pelipper, L50, M|100/100
|switch|p1b: Dragonite|Dragonite, L50, F|100/100
|switch|p2a: Sneasler|Sneasler, L50, M|100/100
|switch|p2b: Primarina|Primarina, L50, M|100/100
|-weather|RainDance|[from] ability: Drizzle|[of] p1a: Pelipper
|turn|1
|
|t:|1756913917
|switch|p2a: Roaring Knight|Corviknight, L50, M|100/100
|move|p1a: Pelipper|Wide Guard|p1a: Pelipper
|-singleturn|p1a: Pelipper|Wide Guard
|move|p1b: Dragonite|Tailwind|p1b: Dragonite
|-sidestart|p1: MrPhoenixGC|move: Tailwind
|move|p2b: Primarina|Hyper Voice|p1b: Dragonite|[spread] 
|-activate|p1a: Pelipper|move: Wide Guard
|-activate|p1b: Dragonite|move: Wide Guard
|
|-weather|RainDance|[upkeep]
|upkeep
|turn|2
|
|t:|1756913947
|switch|p1a: Archaludon|Archaludon, L50, F|100/100
|move|p1b: Dragonite|Scale Shot|p1a: Archaludon|[miss]
|-miss|p1b: Dragonite|p1a: Archaludon
|move|p2a: Roaring Knight|Brave Bird|p1a: Archaludon
|-resisted|p1a: Archaludon
|-damage|p1a: Archaludon|88/100
|-ability|p1a: Archaludon|Stamina|boost
|-boost|p1a: Archaludon|def|1
|-damage|p2a: Roaring Knight|97/100|[from] Recoil
|move|p2b: Primarina|Hyper Voice|p1a: Archaludon|[spread] p1a,p1b
|-resisted|p1a: Archaludon
|-resisted|p1b: Dragonite
|-damage|p1a: Archaludon|71/100
|-damage|p1b: Dragonite|88/100
|-ability|p1a: Archaludon|Stamina|boost
|-boost|p1a: Archaludon|def|1
|-enditem|p2b: Primarina|Throat Spray
|-boost|p2b: Primarina|spa|1|[from] item: Throat Spray
|
|-weather|RainDance|[upkeep]
|upkeep
|turn|3
|
|t:|1756913993
|-terastallize|p2b: Primarina|Poison
|move|p1b: Dragonite|Protect|p1b: Dragonite
|-singleturn|p1b: Dragonite|Protect
|move|p1a: Archaludon|Electro Shot||[still]
|-prepare|p1a: Archaludon|Electro Shot
|-boost|p1a: Archaludon|spa|1
|-anim|p1a: Archaludon|Electro Shot|p2a: Roaring Knight
|-supereffective|p2a: Roaring Knight
|-damage|p2a: Roaring Knight|8/100
|move|p2a: Roaring Knight|Brave Bird|p1b: Dragonite
|-activate|p1b: Dragonite|move: Protect
|move|p2b: Primarina|Moonblast|p1a: Archaludon
|-damage|p1a: Archaludon|19/100
|-ability|p1a: Archaludon|Stamina|boost
|-boost|p1a: Archaludon|def|1
|
|-weather|RainDance|[upkeep]
|upkeep
|turn|4
|
|t:|1756914024
|move|p2b: Primarina|Protect|p2b: Primarina
|-singleturn|p2b: Primarina|Protect
|move|p1b: Dragonite|Scale Shot|p2a: Roaring Knight
|-resisted|p2a: Roaring Knight
|-damage|p2a: Roaring Knight|2/100
|-resisted|p2a: Roaring Knight
|-damage|p2a: Roaring Knight|0 fnt
|faint|p2a: Roaring Knight
|-hitcount|p2: Roaring Knight|2
|-unboost|p1b: Dragonite|def|1
|-boost|p1b: Dragonite|spe|1
|move|p1a: Archaludon|Flash Cannon|p2b: Primarina
|-activate|p2b: Primarina|move: Protect
|
|-weather|RainDance|[upkeep]
|-sideend|p1: MrPhoenixGC|move: Tailwind
|upkeep
|
|t:|1756914031
|switch|p2a: Susie|Hydreigon, L50, M|100/100
|turn|5
|
|t:|1756914071
|-terastallize|p1b: Dragonite|Fairy
|move|p1b: Dragonite|Scale Shot|p2a: Susie
|-supereffective|p2a: Susie
|-damage|p2a: Susie|69/100
|-supereffective|p2a: Susie
|-damage|p2a: Susie|40/100
|-supereffective|p2a: Susie
|-damage|p2a: Susie|6/100
|-supereffective|p2a: Susie
|-damage|p2a: Susie|0 fnt
|faint|p2a: Susie
|-hitcount|p2: Susie|4
|-unboost|p1b: Dragonite|def|1
|-boost|p1b: Dragonite|spe|1
|move|p1a: Archaludon|Flash Cannon|p2b: Primarina
|-damage|p2b: Primarina|53/100
|move|p2b: Primarina|Hyper Voice|p1b: Dragonite|[spread] p1a,p1b
|-resisted|p1a: Archaludon
|-damage|p1a: Archaludon|0 fnt
|-damage|p1b: Dragonite|13/100
|faint|p1a: Archaludon
|
|-weather|none
|upkeep
|
|t:|1756914090
|switch|p2a: Sneasler|Sneasler, L50, M|100/100
|switch|p1a: Sinistcha|Sinistcha, L50|100/100
|-heal|p1b: Dragonite|38/100|[from] ability: Hospitality|[of] p1a: Sinistcha
|turn|6
|
|t:|1756914109
|move|p1a: Sinistcha|Rage Powder|p1a: Sinistcha
|-singleturn|p1a: Sinistcha|move: Rage Powder
|move|p1b: Dragonite|Scale Shot|p2a: Sneasler|[miss]
|-miss|p1b: Dragonite|p2a: Sneasler
|move|p2a: Sneasler|Dire Claw|p1a: Sinistcha
|-damage|p1a: Sinistcha|62/100
|move|p2b: Primarina|Hyper Voice|p1b: Dragonite|[spread] p1a,p1b
|-resisted|p1a: Sinistcha
|-damage|p1a: Sinistcha|42/100
|-damage|p1b: Dragonite|0 fnt
|-enditem|p1a: Sinistcha|Sitrus Berry|[eat]
|-heal|p1a: Sinistcha|66/100|[from] item: Sitrus Berry
|faint|p1b: Dragonite
|
|upkeep
|
|t:|1756914121
|switch|p1b: Pelipper|Pelipper, L50, M|100/100
|-weather|RainDance|[from] ability: Drizzle|[of] p1b: Pelipper
|turn|7
|
|t:|1756914173
|move|p2a: Sneasler|Throat Chop|p1b: Pelipper
|-damage|p1b: Pelipper|62/100
|-start|p1b: Pelipper|Throat Chop|[silent]
|move|p1b: Pelipper|Muddy Water|p2b: Primarina|[spread] p2a,p2b
|-damage|p2a: Sneasler|35/100
|-damage|p2b: Primarina|12/100
|move|p1a: Sinistcha|Matcha Gotcha|p2a: Sneasler|[spread] p2a,p2b
|-resisted|p2a: Sneasler
|-resisted|p2b: Primarina
|-damage|p2a: Sneasler|19/100
|-heal|p1a: Sinistcha|74/100|[from] drain|[of] p2a: Sneasler
|-damage|p2b: Primarina|2/100
|-heal|p1a: Sinistcha|79/100|[from] drain|[of] p2b: Primarina
|-status|p2b: Primarina|brn
|move|p2b: Primarina|Hyper Voice|p1b: Pelipper|[spread] p1a,p1b
|-resisted|p1a: Sinistcha
|-resisted|p1b: Pelipper
|-damage|p1a: Sinistcha|45/100
|-damage|p1b: Pelipper|0 fnt
|faint|p1b: Pelipper
|
|-weather|RainDance|[upkeep]
|-damage|p2b: Primarina|0 fnt|[from] brn
|faint|p2b: Primarina
|upkeep
|turn|8
|
|t:|1756914195
|move|p2a: Sneasler|Throat Chop|p1a: Sinistcha
|-supereffective|p1a: Sinistcha
|-damage|p1a: Sinistcha|0 fnt
|faint|p1a: Sinistcha
|
|win|NuclearNutz321
||NuclearNutz321 is ready for game 2.
