|j|☆OreXis945
|j|☆finnjh7
|html|OreXis945finnjh7    
|uhtml|bestof|Game 1 of a best-of-3
|t:|1756914215
|gametype|doubles
|player|p1|OreXis945|101|1151
|player|p2|finnjh7|266|1060
|gen|9
|tier|[Gen 9] VGC 2025 Reg H (Bo3)
|rated|
|rule|Species Clause: Limit one of each Pokémon
|rule|Item Clause: Limit 1 of each item
|clearpoke
|poke|p1|Archaludon, L50, M|
|poke|p1|Sinistcha-Masterpiece, L50|
|poke|p1|Dragonite, L50, M|
|poke|p1|Pelipper, L50, M|
|poke|p1|Ursaluna, L50, M|
|poke|p1|Gholdengo, L50|
|poke|p2|Snorlax, L50, F|
|poke|p2|Sinistcha, L50|
|poke|p2|Maushold, L50|
|poke|p2|Whimsicott, L50, M|
|poke|p2|Blastoise, L50, M|
|poke|p2|Archaludon, L50, M|
|teampreview|4
|showteam|p1|Archaludon||AssaultVest|Stamina|BodyPress,Snarl,ElectroShot,FlashCannon|||M|||50|,,,,,Fighting]Sinistcha-Masterpiece||SitrusBerry|Hospitality|MatchaGotcha,RagePowder,TrickRoom,LifeDew||||||50|,,,,,Dark]Dragonite||LoadedDice|Multiscale|ScaleShot,Protect,Tailwind,Haze|||M|||50|,,,,,Steel]Pelipper||FocusSash|Drizzle|MuddyWater,Hurricane,Tailwind,Protect|||M|||50|,,,,,Ghost]Ursaluna||FlameOrb|Guts|Facade,HeadlongRush,Earthquake,Protect|||M|||50|,,,,,Ghost]Gholdengo||ChoiceScarf|GoodasGold|MakeItRain,TeraBlast,ShadowBall,Trick||||||50|,,,,,Water
|showteam|p2|Snorlax||SitrusBerry|ThickFat|Facade,BellyDrum,Protect,HighHorsepower|||F|||50|,,,,,Ghost]Sinistcha||MentalHerb|Hospitality|MatchaGotcha,StrengthSap,RagePowder,TrickRoom||||||50|,,,,,Dark]Maushold||SafetyGoggles|FriendGuard|RainDance,FollowMe,PopulationBomb,Protect||||||50|,,,,,Bug]Whimsicott||FocusSash|Prankster|SunnyDay,Tailwind,Moonblast,Taunt|||M|||50|,,,,,Dark]Blastoise||WhiteHerb|RainDish|Protect,ShellSmash,FlashCannon,WaterSpout|||M|||50|,,,,,Steel]Archaludon||AssaultVest|Stamina|BodyPress,ElectroShot,DragonPulse,FlashCannon|||M|||50|,,,,,Flying
|
|t:|1756914280
|teamsize|p1|4
|teamsize|p2|4
|start
|switch|p1a: Dragonite|Dragonite, L50, M|100/100
|switch|p1b: Archaludon|Archaludon, L50, M|100/100
|switch|p2a: Snorlax|Snorlax, L50, F, shiny|100/100
|switch|p2b: Maushold|Maushold, L50|100/100
|turn|1
|inactive|Battle timer is ON: inactive players will automatically lose when time's up. (requested by finnjh7)
|
|t:|1756914300
|move|p2b: Maushold|Follow Me|p2b: Maushold
|-singleturn|p2b: Maushold|move: Follow Me
|move|p1a: Dragonite|Tailwind|p1a: Dragonite
|-sidestart|p1: OreXis945|move: Tailwind
|move|p1b: Archaludon|Body Press|p2b: Maushold
|-supereffective|p2b: Maushold
|-damage|p2b: Maushold|30/100
|move|p2a: Snorlax|High Horsepower|p1b: Archaludon
|-supereffective|p1b: Archaludon
|-damage|p1b: Archaludon|69/100
|-ability|p1b: Archaludon|Stamina|boost
|-boost|p1b: Archaludon|def|1
|
|upkeep
|turn|2
|inactive|finnjh7 has 30 seconds left.
|inactive|finnjh7 has 20 seconds left.
|inactive|finnjh7 has 15 seconds left.
|
|t:|1756914341
|-terastallize|p2a: Snorlax|Ghost
|move|p1a: Dragonite|Scale Shot|p2b: Maushold
|-damage|p2b: Maushold|11/100
|-damage|p2b: Maushold|0 fnt
|faint|p2b: Maushold
|-hitcount|p2: Maushold|2
|-unboost|p1a: Dragonite|def|1
|-boost|p1a: Dragonite|spe|1
|move|p1b: Archaludon|Body Press|p2a: Snorlax
|-immune|p2a: Snorlax
|move|p2a: Snorlax|High Horsepower|p1b: Archaludon
|-supereffective|p1b: Archaludon
|-damage|p1b: Archaludon|46/100
|-ability|p1b: Archaludon|Stamina|boost
|-boost|p1b: Archaludon|def|1
|
|upkeep
|
|t:|1756914349
|switch|p2b: Sinistcha|Sinistcha, L50|100/100
|turn|3
|
|t:|1756914366
|move|p1a: Dragonite|Scale Shot|p2a: Snorlax
|-damage|p2a: Snorlax|89/100
|-damage|p2a: Snorlax|79/100
|-damage|p2a: Snorlax|68/100
|-damage|p2a: Snorlax|58/100
|-hitcount|p2a: Snorlax|4
|-unboost|p1a: Dragonite|def|1
|-boost|p1a: Dragonite|spe|1
|move|p1b: Archaludon|Flash Cannon|p2a: Snorlax
|-damage|p2a: Snorlax|35/100
|-enditem|p2a: Snorlax|Sitrus Berry|[eat]
|-heal|p2a: Snorlax|60/100|[from] item: Sitrus Berry
|move|p2a: Snorlax|High Horsepower|p1b: Archaludon
|-supereffective|p1b: Archaludon
|-damage|p1b: Archaludon|29/100
|-ability|p1b: Archaludon|Stamina|boost
|-boost|p1b: Archaludon|def|1
|move|p2b: Sinistcha|Trick Room|p2b: Sinistcha
|-fieldstart|move: Trick Room|[of] p2b: Sinistcha
|
|upkeep
|turn|4
|inactive|OreXis945 has 30 seconds left.
|
|t:|1756914398
|move|p2b: Sinistcha|Rage Powder|p2b: Sinistcha
|-singleturn|p2b: Sinistcha|move: Rage Powder
|move|p2a: Snorlax|High Horsepower|p1b: Archaludon
|-supereffective|p1b: Archaludon
|-damage|p1b: Archaludon|16/100
|-ability|p1b: Archaludon|Stamina|boost
|-boost|p1b: Archaludon|def|1
|move|p1b: Archaludon|Snarl|p2a: Snorlax|[spread] p2a,p2b
|-supereffective|p2a: Snorlax
|-supereffective|p2b: Sinistcha
|-damage|p2a: Snorlax|43/100
|-damage|p2b: Sinistcha|80/100
|-unboost|p2a: Snorlax|spa|1
|-unboost|p2b: Sinistcha|spa|1
|move|p1a: Dragonite|Scale Shot|p2b: Sinistcha
|-damage|p2b: Sinistcha|68/100
|-damage|p2b: Sinistcha|55/100
|-damage|p2b: Sinistcha|42/100
|-damage|p2b: Sinistcha|28/100
|-damage|p2b: Sinistcha|16/100
|-hitcount|p2b: Sinistcha|5
|-unboost|p1a: Dragonite|def|1
|-boost|p1a: Dragonite|spe|1
|
|-sideend|p1: OreXis945|move: Tailwind
|upkeep
|turn|5
|inactive|finnjh7 has 30 seconds left.
|inactive|finnjh7 has 20 seconds left.
|inactive|finnjh7 has 15 seconds left.
|inactive|finnjh7 has 10 seconds left.
|
|t:|1756914444
|move|p2a: Snorlax|Protect|p2a: Snorlax
|-singleturn|p2a: Snorlax|Protect
|move|p2b: Sinistcha|Strength Sap|p1a: Dragonite
|-unboost|p1a: Dragonite|atk|1
|-heal|p2b: Sinistcha|100/100
|move|p1b: Archaludon|Snarl|p2a: Snorlax|[spread] p2b
|-activate|p2a: Snorlax|move: Protect
|-supereffective|p2b: Sinistcha
|-damage|p2b: Sinistcha|80/100
|-unboost|p2b: Sinistcha|spa|1
|move|p1a: Dragonite|Scale Shot|p2a: Snorlax
|-activate|p2a: Snorlax|move: Protect
|
|upkeep
|turn|6
|inactive|finnjh7 has 30 seconds left.
|
|t:|1756914477
|move|p2a: Snorlax|High Horsepower|p1b: Archaludon
|-supereffective|p1b: Archaludon
|-damage|p1b: Archaludon|4/100
|-ability|p1b: Archaludon|Stamina|boost
|-boost|p1b: Archaludon|def|1
|move|p2b: Sinistcha|Matcha Gotcha|p1a: Dragonite|[spread] p1a,p1b
|-resisted|p1a: Dragonite
|-resisted|p1b: Archaludon
|-damage|p1a: Dragonite|99/100
|-heal|p2b: Sinistcha|81/100|[from] drain|[of] p1a: Dragonite
|-damage|p1b: Archaludon|2/100
|-heal|p2b: Sinistcha|82/100|[from] drain|[of] p1b: Archaludon
|-status|p1a: Dragonite|brn
|-ability|p1b: Archaludon|Stamina|boost
|-boost|p1b: Archaludon|def|1
|move|p1b: Archaludon|Snarl|p2b: Sinistcha|[spread] p2a,p2b
|-supereffective|p2a: Snorlax
|-supereffective|p2b: Sinistcha
|-damage|p2a: Snorlax|28/100
|-damage|p2b: Sinistcha|59/100
|-unboost|p2a: Snorlax|spa|1
|-unboost|p2b: Sinistcha|spa|1
|move|p1a: Dragonite|Scale Shot|p2a: Snorlax
|-damage|p2a: Snorlax|24/100
|-damage|p2a: Snorlax|20/100
|-crit|p2a: Snorlax
|-damage|p2a: Snorlax|12/100
|-damage|p2a: Snorlax|9/100
|-hitcount|p2a: Snorlax|4
|-unboost|p1a: Dragonite|def|1
|-boost|p1a: Dragonite|spe|1
|
|-damage|p1a: Dragonite|93/100 brn|[from] brn
|upkeep
|turn|7
|inactive|OreXis945 has 30 seconds left.
|inactive|OreXis945 has 20 seconds left.
|
|t:|1756914513
|switch|p2b: Whimsicott|Whimsicott, L50, M|100/100
|move|p2a: Snorlax|Protect|p2a: Snorlax
|-singleturn|p2a: Snorlax|Protect
|move|p1b: Archaludon|Snarl|p2a: Snorlax|[spread] p2b
|-activate|p2a: Snorlax|move: Protect
|-resisted|p2b: Whimsicott
|-damage|p2b: Whimsicott|91/100
|-unboost|p2b: Whimsicott|spa|1
|move|p1a: Dragonite|Tailwind|p1a: Dragonite
|-sidestart|p1: OreXis945|move: Tailwind
|
|-damage|p1a: Dragonite|87/100 brn|[from] brn
|-fieldend|move: Trick Room
|upkeep
|turn|8
|
|t:|1756914533
|switch|p2a: Sinistcha|Sinistcha, L50|59/100
|-heal|p2b: Whimsicott|100/100|[from] ability: Hospitality|[of] p2a: Sinistcha
|move|p1a: Dragonite|Scale Shot|p2a: Sinistcha
|-damage|p2a: Sinistcha|56/100
|-damage|p2a: Sinistcha|51/100
|-damage|p2a: Sinistcha|47/100
|-damage|p2a: Sinistcha|43/100
|-hitcount|p2a: Sinistcha|4
|-unboost|p1a: Dragonite|def|1
|-boost|p1a: Dragonite|spe|1
|move|p1b: Archaludon|Snarl|p2a: Sinistcha|[spread] p2a,p2b
|-supereffective|p2a: Sinistcha
|-resisted|p2b: Whimsicott
|-damage|p2a: Sinistcha|20/100
|-damage|p2b: Whimsicott|91/100
|-unboost|p2a: Sinistcha|spa|1
|-unboost|p2b: Whimsicott|spa|1
|move|p2b: Whimsicott|Moonblast|p1b: Archaludon
|-damage|p1b: Archaludon|0 fnt
|faint|p1b: Archaludon
|
|-damage|p1a: Dragonite|81/100 brn|[from] brn
|upkeep
|
|t:|1756914545
|switch|p1b: Gholdengo|Gholdengo, L50|100/100
|turn|9
|
|t:|1756914568
|switch|p1a: Ursaluna|Ursaluna, L50, M|100/100
|move|p1b: Gholdengo|Make It Rain|p2b: Whimsicott|[spread] p2a,p2b
|-supereffective|p2b: Whimsicott
|-damage|p2a: Sinistcha|0 fnt
|-damage|p2b: Whimsicott|0 fnt
|-unboost|p1b: Gholdengo|spa|1
|faint|p2a: Sinistcha
|faint|p2b: Whimsicott
|
|-status|p1a: Ursaluna|brn|[from] item: Flame Orb
|upkeep
|-message|finnjh7 forfeited.
|
|win|OreXis945
|l|☆finnjh7
|player|p2|
||finnjh7 is ready for game 2.
||OreXis945 is ready for game 2.
|uhtml|next|Next: Game 2 of 3
