|j|☆MrKiran
|j|☆Alecat
|html|MrKiranAlecat    
|uhtml|bestof|Game 1 of a best-of-3
|t:|1756454043
|gametype|doubles
|player|p1|MrKiran|n|1131
|player|p2|Alecat|scientistf|1041
|gen|9
|tier|[Gen 9] VGC 2025 Reg H (Bo3)
|rated|
|rule|Species Clause: Limit one of each Pokémon
|rule|Item Clause: Limit 1 of each item
|clearpoke
|poke|p1|Charizard, L50, M|
|poke|p1|Torkoal, L50, M|
|poke|p1|Porygon2, L50|
|poke|p1|Incineroar, L50, F|
|poke|p1|Jumpluff, L50, M|
|poke|p1|Ursaluna, L50, M|
|poke|p2|Pawmot, L50, M|
|poke|p2|Gyarados, L50, M|
|poke|p2|Volcarona, L50, M|
|poke|p2|Murkrow, L50, F|
|poke|p2|Incineroar, L50, F|
|poke|p2|Archaludon, L50, F|
|teampreview|4
|showteam|p1|Charizard||ChoiceSpecs|SolarPower|HeatWave,Overheat,WeatherBall,AirSlash|||M|||50|,,,,,Ghost]Torkoal||EjectPack|Drought|Eruption,Overheat,HelpingHand,Protect|||M|||50|,,,,,Fire]Porygon2||Eviolite|Download|TeraBlast,IceBeam,Recover,TrickRoom||||||50|,,,,,Fighting]Incineroar||SitrusBerry|Intimidate|FlareBlitz,KnockOff,FakeOut,PartingShot|||F|||50|,,,,,Ghost]Jumpluff||CovertCloak|Chlorophyll|SleepPowder,SunnyDay,RagePowder,Tailwind|||M|||50|,,,,,Water]Ursaluna||FlameOrb|Guts|HeadlongRush,Facade,Earthquake,Protect|||M|||50|,,,,,Ghost
|showteam|p2|Pawmot||FocusSash|VoltAbsorb|DoubleShock,Coaching,CloseCombat,Protect|||M|||50|,,,,,Electric]Gyarados||ClearAmulet|Moxie|Waterfall,DragonDance,Earthquake,Protect|||M|||50|,,,,,Ground]Volcarona||SitrusBerry|FlameBody|Overheat,StruggleBug,RagePowder,Tailwind|||M|||50|,,,,,Grass]Murkrow||Eviolite|Prankster|FoulPlay,RainDance,Tailwind,SunnyDay|||F|||50|,,,,,Dark]Incineroar||AssaultVest|Intimidate|FlareBlitz,FakeOut,Bulldoze,KnockOff|||F|||50|,,,,,Ghost]Archaludon||PowerHerb|Stalwart|DragonTail,FlashCannon,ElectroShot,Protect|||F|||50|,,,,,Grass
|inactive|Battle timer is ON: inactive players will automatically lose when time's up. (requested by Alecat)
|inactive|Alecat has 60 seconds left.
|inactive|Alecat has 30 seconds left.
|
|t:|1756454107
|teamsize|p1|4
|teamsize|p2|4
|start
|switch|p1a: Charizard|Charizard, L50, M|100/100
|switch|p1b: Torkoal|Torkoal, L50, M|100/100
|switch|p2a: Murkrow|Murkrow, L50, F|100/100
|switch|p2b: Volcarona|Volcarona, L50, M|100/100
|-weather|SunnyDay|[from] ability: Drought|[of] p1b: Torkoal
|turn|1
|
|t:|1756454131
|move|p2a: Murkrow|Rain Dance|p2a: Murkrow
|-weather|RainDance
|move|p1a: Charizard|Weather Ball|p2a: Murkrow
|-damage|p2a: Murkrow|41/100
|move|p2b: Volcarona|Struggle Bug|p1a: Charizard|[spread] p1a,p1b
|-resisted|p1a: Charizard
|-resisted|p1b: Torkoal
|-damage|p1a: Charizard|96/100
|-damage|p1b: Torkoal|90/100
|-unboost|p1a: Charizard|spa|1
|-unboost|p1b: Torkoal|spa|1
|-enditem|p1b: Torkoal|Eject Pack
|
|t:|1756454143
|switch|p1b: Jumpluff|Jumpluff, L50, M|100/100
|
|-weather|RainDance|[upkeep]
|upkeep
|turn|2
|
|t:|1756454155
|move|p2a: Murkrow|Tailwind|p2a: Murkrow
|-sidestart|p2: Alecat|move: Tailwind
|move|p2b: Volcarona|Overheat|p1b: Jumpluff
|-supereffective|p1b: Jumpluff
|-damage|p1b: Jumpluff|36/100
|-unboost|p2b: Volcarona|spa|2
|move|p1b: Jumpluff|Sunny Day|p1b: Jumpluff
|-weather|SunnyDay
|move|p1a: Charizard|Weather Ball|p2a: Murkrow
|-damage|p2a: Murkrow|0 fnt
|faint|p2a: Murkrow
|
|-weather|SunnyDay|[upkeep]
|-damage|p1a: Charizard|84/100|[from] ability: Solar Power|[of] p1a: Charizard
|upkeep
|
|t:|1756454169
|switch|p2a: Incineroar|Incineroar, L50, F|100/100
|-ability|p2a: Incineroar|Intimidate|boost
|-unboost|p1a: Charizard|atk|1
|-unboost|p1b: Jumpluff|atk|1
|turn|3
|
|t:|1756454185
|switch|p1a: Ursaluna|Ursaluna, L50, M|100/100
|move|p1b: Jumpluff|Tailwind|p1b: Jumpluff
|-sidestart|p1: MrKiran|move: Tailwind
|move|p2b: Volcarona|Struggle Bug|p1b: Jumpluff|[spread] p1a,p1b
|-damage|p1a: Ursaluna|92/100
|-damage|p1b: Jumpluff|28/100
|-unboost|p1a: Ursaluna|spa|1
|move|p2a: Incineroar|Flare Blitz|p1b: Jumpluff
|-supereffective|p1b: Jumpluff
|-damage|p1b: Jumpluff|0 fnt
|faint|p1b: Jumpluff
|-damage|p2a: Incineroar|92/100|[from] Recoil
|
|-weather|SunnyDay|[upkeep]
|-status|p1a: Ursaluna|brn|[from] item: Flame Orb
|upkeep
|
|t:|1756454192
|switch|p1b: Charizard|Charizard, L50, M|84/100
|turn|4
|
|t:|1756454211
|switch|p2b: Gyarados|Gyarados, L50, M|100/100
|move|p1b: Charizard|Weather Ball|p2b: Gyarados
|-resisted|p2b: Gyarados
|-damage|p2b: Gyarados|19/100
|move|p2a: Incineroar|Knock Off|p1b: Charizard
|-damage|p1b: Charizard|26/100
|-enditem|p1b: Charizard|Choice Specs|[from] move: Knock Off|[of] p2a: Incineroar
|move|p1a: Ursaluna|Headlong Rush|p2a: Incineroar
|-supereffective|p2a: Incineroar
|-damage|p2a: Incineroar|0 fnt
|-unboost|p1a: Ursaluna|def|1
|-unboost|p1a: Ursaluna|spd|1
|faint|p2a: Incineroar
|
|-weather|SunnyDay|[upkeep]
|-damage|p1b: Charizard|14/100|[from] ability: Solar Power|[of] p1b: Charizard
|-damage|p1a: Ursaluna|86/100 brn|[from] brn
|upkeep
|
|t:|1756454227
|switch|p2a: Volcarona|Volcarona, L50, M|100/100
|turn|5
|inactive|Alecat has 30 seconds left.
|inactive|Alecat has 20 seconds left.
|inactive|Alecat has 15 seconds left.
|
|t:|1756454272
|move|p2b: Gyarados|Protect|p2b: Gyarados
|-singleturn|p2b: Gyarados|Protect
|move|p1b: Charizard|Weather Ball|p2b: Gyarados
|-activate|p2b: Gyarados|move: Protect
|move|p2a: Volcarona|Overheat|p1a: Ursaluna
|-damage|p1a: Ursaluna|0 fnt
|-unboost|p2a: Volcarona|spa|2
|faint|p1a: Ursaluna
|
|-weather|SunnyDay|[upkeep]
|-damage|p1b: Charizard|1/100|[from] ability: Solar Power|[of] p1b: Charizard
|-sideend|p2: Alecat|move: Tailwind
|upkeep
|
|t:|1756454281
|switch|p1a: Torkoal|Torkoal, L50, M|90/100
|turn|6
|inactive|Alecat has 30 seconds left.
|
|t:|1756454312
|move|p2b: Gyarados|Protect|p2b: Gyarados
|-singleturn|p2b: Gyarados|Protect
|move|p1b: Charizard|Weather Ball|p2b: Gyarados
|-activate|p2b: Gyarados|move: Protect
|move|p2a: Volcarona|Struggle Bug|p1b: Charizard|[spread] p1a,p1b
|-resisted|p1a: Torkoal
|-resisted|p1b: Charizard
|-damage|p1a: Torkoal|84/100
|-damage|p1b: Charizard|0 fnt
|-unboost|p1a: Torkoal|spa|1
|faint|p1b: Charizard
|move|p1a: Torkoal|Overheat|p2a: Volcarona|[miss]
|-miss|p1a: Torkoal|p2a: Volcarona
|
|-weather|none
|-sideend|p1: MrKiran|move: Tailwind
|upkeep
|turn|7
|c|☆MrKiran|boh, what a shit game
|c|☆MrKiran|What hax
|inactive|MrKiran has 30 seconds left.
|
|t:|1756454345
|-terastallize|p1a: Torkoal|Fire
|move|p2a: Volcarona|Struggle Bug|p1a: Torkoal
|-resisted|p1a: Torkoal
|-damage|p1a: Torkoal|77/100
|-unboost|p1a: Torkoal|spa|1
|move|p2b: Gyarados|Earthquake|p1a: Torkoal|[spread] p2a,p1a
|-supereffective|p1a: Torkoal
|-damage|p2a: Volcarona|71/100
|-damage|p1a: Torkoal|36/100
|move|p1a: Torkoal|Overheat|p2a: Volcarona|[miss]
|-miss|p1a: Torkoal|p2a: Volcarona
|
|upkeep
|turn|8
|-message|MrKiran forfeited.
|
|win|Alecat
|c|☆MrKiran|:skull
|inactive|MrKiran has 30 seconds to confirm battle start!
|inactive|Alecat has 30 seconds to confirm battle start!
||MrKiran is ready for game 2.
||Alecat is ready for game 2.
|uhtml|next|Next: Game 2 of 3
|l|☆MrKiran
|player|p1|
