|j|ŌśåKingNoahC17
|j|Ōśåcastoriceball
|html|KingNoahC17castoriceball    
|uhtml|bestof|Game 3 of a best-of-3
|t:|1784019563
|gametype|doubles
|player|p1|KingNoahC17|alec-anime|
|player|p2|castoriceball|miku-flying|
|gen|9
|tier|[Gen 9 Champions] VGC 2026 Reg M-B (Bo3)
|rule|Species Clause: Limit one of each Pok├®mon
|rule|Item Clause: Limit 1 of each item
|clearpoke
|poke|p1|Volcarona, L50, F|
|poke|p1|Milotic, L50, F|
|poke|p1|Gholdengo, L50|
|poke|p1|Sinistcha, L50|
|poke|p1|Tyranitar, L50, F|
|poke|p1|Grimmsnarl, L50, M|
|poke|p2|Garchomp, L50, M|
|poke|p2|Floette-Eternal, L50, F|
|poke|p2|Talonflame, L50, F|
|poke|p2|Rotom-Wash, L50, shiny|
|poke|p2|Sneasler, L50, F|
|poke|p2|Sinistcha, L50|
|teampreview|4
|showteam|p1|Volcarona||SitrusBerry|FlameBody|FieryDance,StruggleBug,RagePowder,Tailwind|Timid||F|||50|]Milotic||Leftovers|Competitive|MuddyWater,Coil,Hypnosis,Recover|Calm||F|||50|]Gholdengo||LifeOrb|GoodasGold|MakeItRain,ShadowBall,NastyPlot,Protect|Modest|||||50|]Sinistcha||ColburBerry|Hospitality|MatchaGotcha,RagePowder,TrickRoom,Protect|Bold|||||50|]Tyranitar||Tyranitarite|SandStream|RockSlide,KnockOff,DragonDance,Protect|Jolly||F|||50|]Grimmsnarl||LightClay|Prankster|FakeOut,Reflect,LightScreen,PartingShot|Careful||M|||50|
|showteam|p2|Garchomp||LifeOrb|RoughSkin|DragonClaw,Earthquake,RockSlide,Protect|Adamant||M|||50|]Floette-Eternal||Floettite|FlowerVeil|Moonblast,DazzlingGleam,LightofRuin,Protect|Modest||F|||50|]Talonflame||SharpBeak|GaleWings|Tailwind,DualWingbeat,FlareBlitz,Protect|Jolly||F|||50|]Rotom-Wash||Magnet|Levitate|Thunderbolt,HydroPump,Electroweb,Protect|Modest|||||50|]Sneasler||FocusSash|PoisonTouch|FakeOut,CloseCombat,DireClaw,QuickGuard|Adamant||F|||50|]Sinistcha||MiracleSeed|Hospitality|TrickRoom,ShadowBall,RagePowder,MatchaGotcha|Modest|||||50|
|inactive|Battle timer is ON: inactive players will automatically lose when time's up. (requested by KingNoahC17)
|c|Ōśåcastoriceball|fuck this milotic mon
|c|ŌśåKingNoahC17|lmao
|c|ŌśåKingNoahC17|beautiful work right here
|c|Ōśåcastoriceball|stupidest shit oat
|
|t:|1784019592
|teamsize|p1|4
|teamsize|p2|4
|start
|switch|p1a: Grimmsnarl|Grimmsnarl, L50, M|100/100
|switch|p1b: Milotic|Milotic, L50, F|100/100
|switch|p2a: $70 flutter|Floette-Eternal, L50, F|100/100
|switch|p2b: Sinistcha|Sinistcha, L50|100/100
|turn|1
|c|Ōśåcastoriceball|haha caught
|
|t:|1784019602
|switch|p1b: Gholdengo|Gholdengo, L50|100/100
|detailschange|p2a: $70 flutter|Floette-Mega, L50, F
|-mega|p2a: $70 flutter|Floette|Floettite
|-ability|p2a: $70 flutter|Fairy Aura
|move|p1a: Grimmsnarl|Light Screen|p1a: Grimmsnarl
|-sidestart|p1: KingNoahC17|move: Light Screen
|move|p2a: $70 flutter|Moonblast|p1a: Grimmsnarl
|-supereffective|p1a: Grimmsnarl|1
|-damage|p1a: Grimmsnarl|8/100
|move|p2b: Sinistcha|Matcha Gotcha|p1a: Grimmsnarl|[spread] p1a,p1b
|-resisted|p1b: Gholdengo|1
|-damage|p1a: Grimmsnarl|0 fnt
|-damage|p1b: Gholdengo|86/100
|faint|p1a: Grimmsnarl
|
|upkeep
|c|Ōśåcastoriceball|haha caught x2
|
|t:|1784019618
|switch|p1a: Sinistcha|Sinistcha, L50|100/100
|-heal|p1b: Gholdengo|100/100|[from] ability: Hospitality|[of] p1a: Sinistcha
|turn|2
|
|t:|1784019639
|move|p1a: Sinistcha|Protect|p1a: Sinistcha
|-singleturn|p1a: Sinistcha|Protect
|move|p2a: $70 flutter|Light of Ruin|p1a: Sinistcha
|-activate|p1a: Sinistcha|move: Protect
|move|p1b: Gholdengo|Nasty Plot|p1b: Gholdengo
|-boost|p1b: Gholdengo|spa|2
|move|p2b: Sinistcha|Shadow Ball|p1b: Gholdengo
|-supereffective|p1b: Gholdengo|1
|-crit|p1b: Gholdengo
|-damage|p1b: Gholdengo|0 fnt
|faint|p1b: Gholdengo
|
|upkeep
|c|Ōśåcastoriceball|oh
|c|ŌśåKingNoahC17|ok bro
|c|Ōśåcastoriceball|that's nice
|c|ŌśåKingNoahC17|wtf
|
|t:|1784019654
|switch|p1b: Milotic|Milotic, L50, F|100/100
|turn|3
|
|t:|1784019661
|move|p2a: $70 flutter|Moonblast|p1a: Sinistcha
|-damage|p1a: Sinistcha|43/100
|move|p2b: Sinistcha|Shadow Ball|p1a: Sinistcha
|-supereffective|p1a: Sinistcha|1
|-damage|p1a: Sinistcha|0 fnt
|faint|p1a: Sinistcha
|move|p1b: Milotic|Coil|p1b: Milotic
|-boost|p1b: Milotic|atk|1
|-boost|p1b: Milotic|def|1
|-boost|p1b: Milotic|accuracy|1
|
|upkeep
|turn|4
|
|t:|1784019667
|move|p2a: $70 flutter|Moonblast|p1b: Milotic
|-damage|p1b: Milotic|65/100
|move|p2b: Sinistcha|Matcha Gotcha|p1b: Milotic
|-supereffective|p1b: Milotic|1
|-damage|p1b: Milotic|27/100
|move|p1b: Milotic|Hypnosis|p2a: $70 flutter
|-status|p2a: $70 flutter|slp|[from] move: Hypnosis
|
|-heal|p1b: Milotic|33/100|[from] item: Leftovers
|upkeep
|turn|5
|c|ŌśåKingNoahC17|cmon dawg
|
|t:|1784019674
|cant|p2a: $70 flutter|slp
|move|p2b: Sinistcha|Matcha Gotcha|p1b: Milotic|[miss]
|-miss|p2b: Sinistcha|p1b: Milotic
|move|p1b: Milotic|Recover|p1b: Milotic
|-heal|p1b: Milotic|83/100
|
|-heal|p1b: Milotic|89/100|[from] item: Leftovers
|upkeep
|turn|6
|
|t:|1784019680
|cant|p2a: $70 flutter|slp
|move|p2b: Sinistcha|Matcha Gotcha|p1b: Milotic
|-supereffective|p1b: Milotic|1
|-damage|p1b: Milotic|50/100y
|move|p1b: Milotic|Hypnosis|p2b: Sinistcha
|-status|p2b: Sinistcha|slp|[from] move: Hypnosis
|
|-heal|p1b: Milotic|55/100|[from] item: Leftovers
|upkeep
|turn|7
|
|t:|1784019686
|-curestatus|p2a: $70 flutter|slp|[msg]
|move|p2a: $70 flutter|Moonblast|p1b: Milotic
|-damage|p1b: Milotic|20/100y
|cant|p2b: Sinistcha|slp
|move|p1b: Milotic|Muddy Water|p2a: $70 flutter|[spread] p2a,p2b
|-resisted|p2b: Sinistcha|1
|-damage|p2a: $70 flutter|80/100
|-damage|p2b: Sinistcha|84/100 slp
|
|-heal|p1b: Milotic|26/100|[from] item: Leftovers
|upkeep
|turn|8
|c|Ōśåcastoriceball|sonion ring ur not winning this
|
|t:|1784019695
|move|p2a: $70 flutter|Moonblast|p1b: Milotic
|-damage|p1b: Milotic|0 fnt
|faint|p1b: Milotic
|
|win|castoriceball
