|j|☆EDJPP
|j|☆Semiau
|html|EDJPPSemiau    
|uhtml|bestof|Game 3 of a best-of-3
|t:|1783436036
|gametype|doubles
|player|p1|EDJPP|volkner|1116
|player|p2|Semiau|170|1071
|gen|9
|tier|[Gen 9 Champions] VGC 2026 Reg M-B (Bo3)
|rated|
|rule|Species Clause: Limit one of each Pokémon
|rule|Item Clause: Limit 1 of each item
|clearpoke
|poke|p1|Charizard, L50, F, shiny|
|poke|p1|Venusaur, L50, F, shiny|
|poke|p1|Basculegion, L50, M|
|poke|p1|Farigiraf, L50, F|
|poke|p1|Sinistcha, L50|
|poke|p1|Sneasler, L50, M, shiny|
|poke|p2|Excadrill, L50, M|
|poke|p2|Vanilluxe, L50, F|
|poke|p2|Hawlucha, L50, F|
|poke|p2|Tyranitar, L50, F|
|poke|p2|Basculegion, L50, M|
|poke|p2|Incineroar, L50, M|
|teampreview|4
|showteam|p1|Charizard||CharizarditeY|SolarPower|HeatWave,SolarBeam,WeatherBall,Protect|Modest||F|||50|]Venusaur||Venusaurite|Chlorophyll|GigaDrain,SludgeBomb,EarthPower,SleepPowder|Modest||F|||50|]Basculegion||MysticWater|Adaptability|WaveCrash,AquaJet,LastRespects,Protect|Adamant||M|||50|]Farigiraf||FocusSash|ArmorTail|Roar,Psychic,Thunderbolt,Protect|Modest||F|||50|]Sinistcha||SitrusBerry|Hospitality|MatchaGotcha,RagePowder,LifeDew,Protect|Sassy|||||50|]Sneasler||WhiteHerb|Unburden|FakeOut,Protect,DireClaw,CloseCombat|Jolly||M|||50|
|showteam|p2|Excadrill||FocusSash|SandRush|Fissure,IronHead,Protect,Earthquake|Adamant||M|||50|]Vanilluxe||NeverMeltIce|SnowWarning|AuroraVeil,SheerCold,Protect,Blizzard|Calm||F|||50|]Hawlucha||Hawluchanite|MoldBreaker|CloseCombat,BraveBird,Entrainment,Protect|Jolly||F|||50|]Tyranitar||ChopleBerry|SandStream|RockSlide,KnockOff,Protect,DragonDance|Adamant||F|||50|]Basculegion||ChoiceScarf|Adaptability|WaveCrash,LastRespects,AquaJet,FlipTurn|Adamant||M|||50|]Incineroar||Leftovers|Intimidate|PartingShot,WillOWisp,FakeOut,FlareBlitz|Serious||M|||50|
|inactive|Battle timer is ON: inactive players will automatically lose when time's up. (requested by EDJPP)
|
|t:|1783436047
|teamsize|p1|4
|teamsize|p2|4
|start
|switch|p1a: Sneasler|Sneasler, L50, M, shiny|100/100
|switch|p1b: Sinistcha|Sinistcha, L50|100/100
|switch|p2a: Incineroar|Incineroar, L50, M|100/100
|switch|p2b: Hawlucha|Hawlucha, L50, F|100/100
|-ability|p2b: Hawlucha|Mold Breaker
|-ability|p2a: Incineroar|Intimidate|boost
|-unboost|p1a: Sneasler|atk|1
|-unboost|p1b: Sinistcha|atk|1
|-enditem|p1a: Sneasler|White Herb
|-clearnegativeboost|p1a: Sneasler|[silent]
|turn|1
|inactive|EDJPP has 30 seconds left.
|inactive|Semiau has 30 seconds left.
|inactive|EDJPP has 20 seconds left.
|inactive|EDJPP has 15 seconds left.
|inactive|EDJPP has 10 seconds left.
|inactive|EDJPP has 5 seconds left.
|
|t:|1783436098
|switch|p2a: Basculegion|Basculegion, L50, M|100/100
|detailschange|p2b: Hawlucha|Hawlucha-Mega, L50, F
|-mega|p2b: Hawlucha|Hawlucha|Hawluchanite
|move|p1a: Sneasler|Protect|p1a: Sneasler
|-singleturn|p1a: Sneasler|Protect
|move|p1b: Sinistcha|Protect|p1b: Sinistcha
|-singleturn|p1b: Sinistcha|Protect
|move|p2b: Hawlucha|Brave Bird|p1a: Sneasler
|-activate|p1a: Sneasler|move: Protect
|
|upkeep
|turn|2
|
|t:|1783436113
|switch|p2a: Incineroar|Incineroar, L50, M|100/100
|-ability|p2a: Incineroar|Intimidate|boost
|-unboost|p1a: Sneasler|atk|1
|-unboost|p1b: Sinistcha|atk|1
|move|p1a: Sneasler|Dire Claw|p2b: Hawlucha
|-damage|p2b: Hawlucha|72/100
|move|p2b: Hawlucha|Brave Bird|p1a: Sneasler
|-supereffective|p1a: Sneasler|1
|-damage|p1a: Sneasler|0 fnt
|faint|p1a: Sneasler
|-damage|p2b: Hawlucha|38/100|[from] Recoil
|move|p1b: Sinistcha|Matcha Gotcha|p2b: Hawlucha|[spread] p2a,p2b
|-resisted|p2a: Incineroar|1
|-resisted|p2b: Hawlucha|1
|-damage|p2a: Incineroar|88/100
|-damage|p2b: Hawlucha|24/100
|-status|p2b: Hawlucha|brn
|
|-heal|p2a: Incineroar|94/100|[from] item: Leftovers
|-damage|p2b: Hawlucha|18/100 brn|[from] brn
|upkeep
|
|t:|1783436136
|switch|p1a: Basculegion|Basculegion, L50, M|100/100
|turn|3
|
|t:|1783436154
|move|p1b: Sinistcha|Protect|p1b: Sinistcha
|-singleturn|p1b: Sinistcha|Protect
|move|p2b: Hawlucha|Brave Bird|p1b: Sinistcha
|-activate|p1b: Sinistcha|move: Protect
|move|p1a: Basculegion|Wave Crash|p2a: Incineroar
|-supereffective|p2a: Incineroar|1
|-damage|p2a: Incineroar|0 fnt
|faint|p2a: Incineroar
|-damage|p1a: Basculegion|75/100|[from] Recoil
|
|-damage|p2b: Hawlucha|12/100 brn|[from] brn
|upkeep
|
|t:|1783436169
|switch|p2a: Basculegion|Basculegion, L50, M|100/100
|turn|4
|inactive|EDJPP has 30 seconds left.
|inactive|EDJPP has 20 seconds left.
|inactive|EDJPP has 15 seconds left.
|inactive|EDJPP has 10 seconds left.
|
|t:|1783436215
|move|p1b: Sinistcha|Rage Powder|p1b: Sinistcha
|-singleturn|p1b: Sinistcha|move: Rage Powder
|move|p2a: Basculegion|Flip Turn|p1b: Sinistcha
|-resisted|p1b: Sinistcha|1
|-damage|p1b: Sinistcha|81/100
|inactive|Semiau has 30 seconds left.
|inactive|Semiau has 20 seconds left.
|inactive|Semiau has 15 seconds left.
|inactive|Semiau has 10 seconds left.
|inactive|Semiau has 5 seconds left.
|
|t:|1783436270
|switch|p2a: Tyranitar|Tyranitar, L50, F|100/100|[from] Flip Turn
|-weather|Sandstorm|[from] ability: Sand Stream|[of] p2a: Tyranitar
|move|p2b: Hawlucha|Brave Bird|p1b: Sinistcha
|-supereffective|p1b: Sinistcha|1
|-damage|p1b: Sinistcha|25/100
|-enditem|p1b: Sinistcha|Sitrus Berry|[eat]
|-heal|p1b: Sinistcha|50/100g|[from] item: Sitrus Berry
|-damage|p2b: Hawlucha|0 fnt|[from] Recoil
|faint|p2b: Hawlucha
|move|p1a: Basculegion|Last Respects|p2a: Tyranitar
|-resisted|p2a: Tyranitar|1
|-damage|p2a: Tyranitar|71/100
|
|-weather|Sandstorm|[upkeep]
|-damage|p1a: Basculegion|69/100|[from] Sandstorm
|-damage|p1b: Sinistcha|44/100|[from] Sandstorm
|upkeep
|inactive|Semiau has 30 seconds left.
|inactive|Semiau has 20 seconds left.
|inactive|Semiau has 15 seconds left.
|inactive|Semiau has 10 seconds left.
|inactive|Semiau has 5 seconds left.
|
|t:|1783436325
|switch|p2b: Basculegion|Basculegion, L50, M|100/100
|turn|5
|inactive|Semiau has 30 seconds left.
|inactive|Semiau has 20 seconds left.
|inactive|Semiau has 15 seconds left.
|inactive|Semiau has 10 seconds left.
|inactive|Semiau has 5 seconds left.
|
|t:|1783436380
|move|p1b: Sinistcha|Rage Powder|p1b: Sinistcha
|-singleturn|p1b: Sinistcha|move: Rage Powder
|move|p2b: Basculegion|Wave Crash|p1b: Sinistcha
|-resisted|p1b: Sinistcha|1
|-damage|p1b: Sinistcha|9/100
|-damage|p2b: Basculegion|89/100|[from] Recoil
|move|p1a: Basculegion|Last Respects|p2b: Basculegion
|-supereffective|p2b: Basculegion|1
|-damage|p2b: Basculegion|0 fnt
|faint|p2b: Basculegion
|move|p2a: Tyranitar|Rock Slide|p1a: Basculegion|[spread] p1a,p1b
|-damage|p1a: Basculegion|37/100
|-damage|p1b: Sinistcha|0 fnt
|faint|p1b: Sinistcha
|
|-weather|Sandstorm|[upkeep]
|-damage|p1a: Basculegion|31/100|[from] Sandstorm
|upkeep
|
|t:|1783436389
|switch|p1b: Venusaur|Venusaur, L50, F, shiny|100/100
|turn|6
|inactive|Semiau has 30 seconds left.
|inactive|Semiau has 20 seconds left.
|inactive|Semiau has 15 seconds left.
|inactive|Semiau has 10 seconds left.
|inactive|Semiau has 5 seconds left.
|
|t:|1783436444
|detailschange|p1b: Venusaur|Venusaur-Mega, L50, F, shiny
|-mega|p1b: Venusaur|Venusaur|Venusaurite
|move|p1b: Venusaur|Giga Drain|p2a: Tyranitar
|-supereffective|p2a: Tyranitar|1
|-damage|p2a: Tyranitar|19/100
|move|p1a: Basculegion|Wave Crash|p2a: Tyranitar
|-supereffective|p2a: Tyranitar|1
|-damage|p2a: Tyranitar|0 fnt
|faint|p2a: Tyranitar
|-damage|p1a: Basculegion|25/100|[from] Recoil
|
|win|EDJPP
|raw|EDJPP's rating: 1116 → 1138(+22 for winning)
|raw|Semiau's rating: 1071 → 1053(-18 for losing)
