|j|☆PuffTheCutie
|j|‽kurowasun
|html|PuffTheCutiekurowasun    
|uhtml|bestof|Game 3 of a best-of-3
|t:|1786163153
|gametype|doubles
|player|p1|PuffTheCutie|roxie|
|player|p2|kurowasun|102|
|gen|9
|tier|[Gen 9 Champions] VGC 2026 Reg M-B (Bo3)
|rule|Species Clause: Limit one of each Pokémon
|rule|Item Clause: Limit 1 of each item
|clearpoke
|poke|p1|Tyranitar, L50, M|
|poke|p1|Excadrill, L50, F|
|poke|p1|Gholdengo, L50|
|poke|p1|Staraptor, L50, F|
|poke|p1|Milotic, L50, M|
|poke|p1|Heliolisk, L50, F|
|poke|p2|Metagross, L50|
|poke|p2|Swampert, L50, M|
|poke|p2|Pelipper, L50, F|
|poke|p2|Sneasler, L50, M|
|poke|p2|Overqwil, L50, F|
|poke|p2|Tsareena, L50, F|
|teampreview|4
|showteam|p1|Tyranitar||Tyranitarite|SandStream|RockSlide,KnockOff,LowKick,Protect|Jolly||M|||50|]Excadrill||FocusSash|SandRush|IronHead,HighHorsepower,RockSlide,Protect|Adamant||F|||50|]Gholdengo||LifeOrb|GoodasGold|MakeItRain,ShadowBall,NastyPlot,Protect|Modest|||||50|]Staraptor||SharpBeak|Intimidate|CloseCombat,BraveBird,Tailwind,Protect|Jolly||F|||50|]Milotic||SitrusBerry|Competitive|Scald,IceBeam,Hypnosis,Protect|Modest||M|||50|]Heliolisk||ChoiceScarf|SolarPower|Thunderbolt,VoltSwitch,GrassKnot,HyperVoice|Modest||F|||50|
|showteam|p2|Metagross||Metagrossite|ClearBody|PsychicFangs,IronHead,BodyPress,Protect|Jolly|||||50|]Swampert||Swampertite|Torrent|WaveCrash,IcePunch,Earthquake,Protect|Adamant||M|||50|]Pelipper||SitrusBerry|Drizzle|Hurricane,WeatherBall,Tailwind,WideGuard|Modest||F|||50|]Sneasler||FocusSash|PoisonTouch|FakeOut,CloseCombat,Coaching,Protect|Jolly||M|||50|]Overqwil||Leftovers|Intimidate|BarbBarrage,Stockpile,Minimize,Protect|Careful||F|||50|]Tsareena||WideLens|QueenlyMajesty|TripleAxel,PowerWhip,LowKick,Protect|Jolly||F|||50|
|j| Peppersalt1
|j| Potatomonstr
|j| tempestuwumeow
|j| falba
|inactive|Battle timer is ON: inactive players will automatically lose when time's up. (requested by PuffTheCutie)
|j| tobyga
|inactive|kurowasun has 60 seconds left.
|
|t:|1786163188
|teamsize|p1|4
|teamsize|p2|4
|start
|switch|p1a: Heliolisk|Heliolisk, L50, F|100/100
|switch|p1b: Gholdengo|Gholdengo, L50|100/100
|switch|p2a: Sneasler|Sneasler, L50, M|100/100
|switch|p2b: Swampert|Swampert, L50, M|100/100
|turn|1
|inactive|PuffTheCutie has 30 seconds left.
|inactive|kurowasun has 30 seconds left.
|j| azileme
|inactive|kurowasun has 20 seconds left.
|inactive|kurowasun has 15 seconds left.
|inactive|kurowasun has 10 seconds left.
|
|t:|1786163239
|detailschange|p2b: Swampert|Swampert-Mega, L50, M
|-mega|p2b: Swampert|Swampert|Swampertite
|move|p2a: Sneasler|Fake Out|p1a: Heliolisk
|-damage|p1a: Heliolisk|71/100
|-status|p1a: Heliolisk|psn|[from] ability: Poison Touch|[of] p2a: Sneasler
|cant|p1a: Heliolisk|flinch
|move|p1b: Gholdengo|Shadow Ball|p2a: Sneasler
|-damage|p2a: Sneasler|25/100
|-damage|p1b: Gholdengo|90/100|[from] item: Life Orb
|move|p2b: Swampert|Wave Crash|p1a: Heliolisk
|-damage|p1a: Heliolisk|0 fnt
|faint|p1a: Heliolisk
|-damage|p2b: Swampert|81/100|[from] Recoil
|
|upkeep
|inactive|PuffTheCutie has 30 seconds left.
|
|t:|1786163273
|switch|p1a: Milotic|Milotic, L50, M|100/100
|turn|2
|inactive|PuffTheCutie has 30 seconds left.
|
|t:|1786163298
|move|p2b: Swampert|Protect|p2b: Swampert
|-singleturn|p2b: Swampert|Protect
|move|p2a: Sneasler|Coaching|p2b: Swampert
|-boost|p2b: Swampert|atk|1
|-boost|p2b: Swampert|def|1
|move|p1b: Gholdengo|Nasty Plot|p1b: Gholdengo
|-boost|p1b: Gholdengo|spa|2
|move|p1a: Milotic|Hypnosis|p2b: Swampert
|-activate|p2b: Swampert|move: Protect
|
|upkeep
|turn|3
|inactive|PuffTheCutie has 30 seconds left.
|
|t:|1786163326
|switch|p2a: Pelipper|Pelipper, L50, F|100/100
|-weather|RainDance|[from] ability: Drizzle|[of] p2a: Pelipper
|move|p1b: Gholdengo|Protect|p1b: Gholdengo
|-singleturn|p1b: Gholdengo|Protect
|move|p2b: Swampert|Earthquake|p1a: Milotic|[spread] p1a
|-activate|p1b: Gholdengo|move: Protect
|-immune|p2a: Pelipper
|-damage|p1a: Milotic|25/100
|-enditem|p1a: Milotic|Sitrus Berry|[eat]
|-heal|p1a: Milotic|50/100y|[from] item: Sitrus Berry
|move|p1a: Milotic|Hypnosis|p2b: Swampert
|-status|p2b: Swampert|slp|[from] move: Hypnosis
|
|-weather|RainDance|[upkeep]
|upkeep
|turn|4
|inactive|PuffTheCutie has 30 seconds left.
|inactive|kurowasun has 30 seconds left.
|inactive|kurowasun has 20 seconds left.
|
|t:|1786163365
|switch|p2a: Sneasler|Sneasler, L50, M|25/100
|cant|p2b: Swampert|slp
|move|p1b: Gholdengo|Make It Rain|p2a: Sneasler|[spread] p2a,p2b
|-resisted|p2b: Swampert|1
|-damage|p2a: Sneasler|0 fnt
|-damage|p2b: Swampert|25/100 slp
|-unboost|p1b: Gholdengo|spa|2
|faint|p2a: Sneasler
|-damage|p1b: Gholdengo|81/100|[from] item: Life Orb
|move|p1a: Milotic|Scald|p2b: Swampert
|-damage|p2b: Swampert|0 fnt
|faint|p2b: Swampert
|
|-weather|RainDance|[upkeep]
|upkeep
|
|t:|1786163374
|switch|p2a: Overqwil|Overqwil, L50, F|100/100
|switch|p2b: Pelipper|Pelipper, L50, F|100/100
|-ability|p2a: Overqwil|Intimidate|boost
|-unboost|p1a: Milotic|atk|1
|-ability|p1a: Milotic|Competitive|boost
|-boost|p1a: Milotic|spa|2
|-unboost|p1b: Gholdengo|atk|1
|turn|5
|inactive|PuffTheCutie has 30 seconds left.
|inactive|PuffTheCutie has 20 seconds left.
|inactive|PuffTheCutie has 15 seconds left.
|
|t:|1786163416
|move|p1b: Gholdengo|Protect|p1b: Gholdengo
|-singleturn|p1b: Gholdengo|Protect
|move|p2a: Overqwil|Minimize|p2a: Overqwil
|-boost|p2a: Overqwil|evasion|2
|move|p1a: Milotic|Scald|p2a: Overqwil
|-damage|p2a: Overqwil|7/100
|move|p2b: Pelipper|Tailwind|p2b: Pelipper
|-sidestart|p2: kurowasun|move: Tailwind
|
|-weather|RainDance|[upkeep]
|-heal|p2a: Overqwil|13/100|[from] item: Leftovers
|upkeep
|turn|6
|inactive|PuffTheCutie has 30 seconds left.
|
|t:|1786163446
|switch|p1b: Staraptor|Staraptor, L50, F|100/100
|-ability|p1b: Staraptor|Intimidate|boost
|-unboost|p2a: Overqwil|atk|1
|-unboost|p2b: Pelipper|atk|1
|move|p2a: Overqwil|Barb Barrage|p1a: Milotic
|-damage|p1a: Milotic|33/100
|-status|p1a: Milotic|psn
|move|p2b: Pelipper|Weather Ball|p1b: Staraptor
|-damage|p1b: Staraptor|20/100y
|move|p1a: Milotic|Hypnosis|p2b: Pelipper
|-status|p2b: Pelipper|slp|[from] move: Hypnosis
|
|-weather|RainDance|[upkeep]
|-heal|p2a: Overqwil|19/100|[from] item: Leftovers
|-damage|p1a: Milotic|21/100 psn|[from] psn
|upkeep
|turn|7
|inactive|PuffTheCutie has 30 seconds left.
|inactive|kurowasun has 30 seconds left.
|inactive|PuffTheCutie has 20 seconds left.
|inactive|kurowasun has 20 seconds left.
|inactive|PuffTheCutie has 15 seconds left.
|inactive|kurowasun has 15 seconds left.
|
|t:|1786163490
|move|p2a: Overqwil|Barb Barrage|p1b: Staraptor
|-damage|p1b: Staraptor|0 fnt
|faint|p1b: Staraptor
|cant|p2b: Pelipper|slp
|move|p1a: Milotic|Scald|p2a: Overqwil
|-damage|p2a: Overqwil|0 fnt
|faint|p2a: Overqwil
|
|-weather|none
|-damage|p1a: Milotic|8/100 psn|[from] psn
|upkeep
|
|t:|1786163501
|switch|p1b: Gholdengo|Gholdengo, L50|81/100
|turn|8
|
|t:|1786163511
|cant|p2b: Pelipper|slp
|move|p1b: Gholdengo|Shadow Ball|p2b: Pelipper
|-damage|p2b: Pelipper|31/100 slp
|-enditem|p2b: Pelipper|Sitrus Berry|[eat]
|-heal|p2b: Pelipper|56/100 slp|[from] item: Sitrus Berry
|-damage|p1b: Gholdengo|71/100|[from] item: Life Orb
|move|p1a: Milotic|Scald|p2b: Pelipper
|-resisted|p2b: Pelipper|1
|-damage|p2b: Pelipper|20/100y slp
|
|-damage|p1a: Milotic|0 fnt|[from] psn
|faint|p1a: Milotic
|-sideend|p2: kurowasun|move: Tailwind
|upkeep
|turn|9
|
|t:|1786163530
|move|p1b: Gholdengo|Shadow Ball|p2b: Pelipper
|-damage|p2b: Pelipper|0 fnt
|faint|p2b: Pelipper
|-damage|p1b: Gholdengo|62/100|[from] item: Life Orb
|
|win|PuffTheCutie
