|j|☆Kyooby
|j|☆Nearshort
|html|KyoobyNearshort    
|uhtml|bestof|Game 2 of a best-of-3
|t:|1757674759
|gametype|doubles
|player|p1|Kyooby|volkner|1108
|player|p2|Nearshort|birdkeeper-gen4dp|1155
|gen|9
|tier|[Gen 9] VGC 2025 Reg H (Bo3)
|rated|
|rule|Species Clause: Limit one of each Pokémon
|rule|Item Clause: Limit 1 of each item
|clearpoke
|poke|p1|Sinistcha, L50|
|poke|p1|Archaludon, L50, M|
|poke|p1|Pelipper, L50, M|
|poke|p1|Basculegion, L50, M|
|poke|p1|Hydreigon, L50, M|
|poke|p1|Electrode-Hisui, L50|
|poke|p2|Tyranitar, L50, M|
|poke|p2|Orthworm, L50, F|
|poke|p2|Excadrill, L50, M|
|poke|p2|Amoonguss, L50, M|
|poke|p2|Indeedee-F, L50, F|
|poke|p2|Armarouge, L50, M|
|teampreview|4
|showteam|p1|Sinistcha||SitrusBerry|Hospitality|MatchaGotcha,StrengthSap,RagePowder,TrickRoom||||||50|,,,,,Fire]Archaludon||AssaultVest|Stamina|DragonPulse,FlashCannon,ElectroShot,BodyPress|||M|||50|,,,,,Bug]Pelipper||FocusSash|Drizzle|WeatherBall,Hurricane,Tailwind,Protect|||M|||50|,,,,,Stellar]Basculegion||LifeOrb|SwiftSwim|WaveCrash,LastRespects,AquaJet,Protect|||M|||50|,,,,,Grass]Hydreigon||ScopeLens|Levitate|DracoMeteor,DarkPulse,FocusEnergy,Protect|||M|||50|,,,,,Steel]Electrode-Hisui||LoadedDice|Soundproof|BulletSeed,Electroweb,Taunt,RainDance||||||50|,,,,,Ghost
|showteam|p2|Tyranitar||AssaultVest|SandStream|RockSlide,LowKick,TeraBlast,KnockOff|||M|||50|,,,,,Flying]Orthworm||SitrusBerry|EarthEater|ShedTail,RockBlast,HelpingHand,Protect|||F|||50|,,,,,Poison]Excadrill||ChoiceScarf|SandForce|Earthquake,RockSlide,ShadowClaw,IronHead|||M|||50|,,,,,Ground]Amoonguss||RockyHelmet|Regenerator|RagePowder,Protect,ClearSmog,Spore|||M|||50|,,,,,Water]Indeedee-F||SafetyGoggles|PsychicSurge|FollowMe,Psychic,Protect,TrickRoom|||F|||50|,,,,,Fairy]Armarouge||PowerHerb|WeakArmor|ExpandingForce,HeatWave,Protect,MeteorBeam|||M|||50|,,,,,Grass
|inactive|Battle timer is ON: inactive players will automatically lose when time's up. (requested by Kyooby)
|inactive|Kyooby has 60 seconds left.
|inactive|Nearshort has 60 seconds left.
|
|t:|1757674813
|teamsize|p1|4
|teamsize|p2|4
|start
|switch|p1a: Electrode|Electrode-Hisui, L50, shiny|100/100
|switch|p1b: Hydreigon|Hydreigon, L50, M|100/100
|switch|p2a: Amoonguss|Amoonguss, L50, M|100/100
|switch|p2b: Orthworm|Orthworm, L50, F|100/100
|turn|1
|
|t:|1757674836
|move|p2a: Amoonguss|Rage Powder|p2a: Amoonguss
|-singleturn|p2a: Amoonguss|move: Rage Powder
|move|p1a: Electrode|Taunt|p2a: Amoonguss
|-start|p2a: Amoonguss|move: Taunt
|move|p1b: Hydreigon|Focus Energy|p1b: Hydreigon
|-start|p1b: Hydreigon|move: Focus Energy
|move|p2b: Orthworm|Shed Tail|p2b: Orthworm
|-start|p2b: Orthworm|Substitute|[from] move: Shed Tail
|-damage|p2b: Orthworm|50/100
|-enditem|p2b: Orthworm|Sitrus Berry|[eat]
|-heal|p2b: Orthworm|75/100|[from] item: Sitrus Berry
|
|t:|1757674848
|switch|p2b: Excadrill|Excadrill, L50, M|100/100|[from] Shed Tail
|
|upkeep
|turn|2
|
|t:|1757674867
|switch|p2a: Tyranitar|Tyranitar, L50, M|100/100
|-weather|Sandstorm|[from] ability: Sand Stream|[of] p2a: Tyranitar
|-terastallize|p1b: Hydreigon|Steel
|move|p1a: Electrode|Rain Dance|p1a: Electrode
|-weather|RainDance
|move|p2b: Excadrill|Rock Slide|p1a: Electrode|[spread] p1a,p1b
|-crit|p1a: Electrode
|-resisted|p1b: Hydreigon
|-damage|p1a: Electrode|53/100
|-damage|p1b: Hydreigon|89/100
|move|p1b: Hydreigon|Draco Meteor|p2b: Excadrill
|-resisted|p2b: Excadrill
|-crit|p2b: Excadrill
|-end|p2b: Excadrill|Substitute
|-unboost|p1b: Hydreigon|spa|2
|
|-weather|RainDance|[upkeep]
|upkeep
|turn|3
|inactive|Nearshort has 30 seconds left.
|
|t:|1757674902
|switch|p2b: Orthworm|Orthworm, L50, F|75/100
|-terastallize|p2a: Tyranitar|Flying
|move|p1a: Electrode|Bullet Seed|p2b: Orthworm
|-resisted|p2b: Orthworm
|-damage|p2b: Orthworm|73/100
|-resisted|p2b: Orthworm
|-damage|p2b: Orthworm|71/100
|-resisted|p2b: Orthworm
|-damage|p2b: Orthworm|69/100
|-resisted|p2b: Orthworm
|-damage|p2b: Orthworm|67/100
|-resisted|p2b: Orthworm
|-damage|p2b: Orthworm|66/100
|-hitcount|p2b: Orthworm|5
|move|p1b: Hydreigon|Draco Meteor|p2b: Orthworm
|-resisted|p2b: Orthworm
|-crit|p2b: Orthworm
|-damage|p2b: Orthworm|10/100
|-unboost|p1b: Hydreigon|spa|2
|move|p2a: Tyranitar|Low Kick|p1b: Hydreigon
|-supereffective|p1b: Hydreigon
|-damage|p1b: Hydreigon|10/100
|
|-weather|RainDance|[upkeep]
|upkeep
|turn|4
|inactive|Kyooby has 30 seconds left.
|inactive|Nearshort has 30 seconds left.
|
|t:|1757674932
|switch|p2a: Amoonguss|Amoonguss, L50, M|100/100
|move|p1a: Electrode|Electroweb|p2a: Amoonguss|[spread] p2a,p2b
|-resisted|p2a: Amoonguss
|-damage|p2a: Amoonguss|96/100
|-damage|p2b: Orthworm|0 fnt
|-unboost|p2a: Amoonguss|spe|1
|faint|p2b: Orthworm
|move|p1b: Hydreigon|Draco Meteor|p2a: Amoonguss
|-crit|p2a: Amoonguss
|-damage|p2a: Amoonguss|23/100
|-unboost|p1b: Hydreigon|spa|2
|
|-weather|RainDance|[upkeep]
|upkeep
|
|t:|1757674942
|switch|p2b: Tyranitar|Tyranitar, L50, M, tera:Flying|100/100
|-weather|Sandstorm|[from] ability: Sand Stream|[of] p2b: Tyranitar
|turn|5
|
|t:|1757674958
|move|p2a: Amoonguss|Rage Powder|p2a: Amoonguss
|-singleturn|p2a: Amoonguss|move: Rage Powder
|move|p1a: Electrode|Taunt|p2a: Amoonguss
|-start|p2a: Amoonguss|move: Taunt
|move|p1b: Hydreigon|Draco Meteor|p2a: Amoonguss
|-crit|p2a: Amoonguss
|-damage|p2a: Amoonguss|0 fnt
|faint|p2a: Amoonguss
|move|p2b: Tyranitar|Rock Slide|p1b: Hydreigon|[spread] p1a
|-miss|p2b: Tyranitar|p1b: Hydreigon
|-damage|p1a: Electrode|5/100
|
|-weather|Sandstorm|[upkeep]
|-damage|p1a: Electrode|0 fnt|[from] Sandstorm
|-damage|p2b: Tyranitar|95/100|[from] Sandstorm
|faint|p1a: Electrode
|upkeep
|inactive|Kyooby has 30 seconds left.
|inactive|Kyooby has 20 seconds left.
|
|t:|1757674994
|switch|p1a: Pelipper|Pelipper, L50, M|100/100
|switch|p2a: Excadrill|Excadrill, L50, M|100/100
|-weather|RainDance|[from] ability: Drizzle|[of] p1a: Pelipper
|turn|6
|
|t:|1757675013
|move|p2a: Excadrill|Rock Slide|p1a: Pelipper|[spread] p1a
|-miss|p2a: Excadrill|p1b: Hydreigon
|-supereffective|p1a: Pelipper
|-damage|p1a: Pelipper|46/100
|move|p1b: Hydreigon|Dark Pulse|p2a: Excadrill
|-crit|p2a: Excadrill
|-damage|p2a: Excadrill|24/100
|move|p1a: Pelipper|Tailwind|p1a: Pelipper
|-sidestart|p1: Kyooby|move: Tailwind
|move|p2b: Tyranitar|Rock Slide|p1b: Hydreigon|[spread] p1a,p1b
|-supereffective|p1a: Pelipper
|-resisted|p1b: Hydreigon
|-damage|p1a: Pelipper|0 fnt
|-damage|p1b: Hydreigon|0 fnt
|faint|p1a: Pelipper
|faint|p1b: Hydreigon
|
|-weather|RainDance|[upkeep]
|upkeep
|
|t:|1757675024
|switch|p1b: Archaludon|Archaludon, L50, M|100/100
|turn|7
|
|t:|1757675034
|move|p1b: Archaludon|Body Press|p2a: Excadrill
|-supereffective|p2a: Excadrill
|-damage|p2a: Excadrill|0 fnt
|faint|p2a: Excadrill
|move|p2b: Tyranitar|Knock Off|p1b: Archaludon
|-damage|p1b: Archaludon|62/100
|-ability|p1b: Archaludon|Stamina|boost
|-boost|p1b: Archaludon|def|1
|-enditem|p1b: Archaludon|Assault Vest|[from] move: Knock Off|[of] p2b: Tyranitar
|
|-weather|RainDance|[upkeep]
|upkeep
|turn|8
|
|t:|1757675046
|move|p1b: Archaludon|Electro Shot||[still]
|-prepare|p1b: Archaludon|Electro Shot
|-boost|p1b: Archaludon|spa|1
|-anim|p1b: Archaludon|Electro Shot|p2b: Tyranitar
|-supereffective|p2b: Tyranitar
|-damage|p2b: Tyranitar|12/100
|move|p2b: Tyranitar|Low Kick|p1b: Archaludon
|-supereffective|p1b: Archaludon
|-damage|p1b: Archaludon|32/100
|-ability|p1b: Archaludon|Stamina|boost
|-boost|p1b: Archaludon|def|1
|
|-weather|RainDance|[upkeep]
|upkeep
|turn|9
|inactive|Nearshort has 30 seconds left.
|
|t:|1757675071
|move|p1b: Archaludon|Electro Shot||[still]
|-prepare|p1b: Archaludon|Electro Shot
|-boost|p1b: Archaludon|spa|1
|-anim|p1b: Archaludon|Electro Shot|p2b: Tyranitar
|-supereffective|p2b: Tyranitar
|-damage|p2b: Tyranitar|0 fnt
|faint|p2b: Tyranitar
|
|win|Kyooby
||Nearshort is ready for game 3.
|inactive|Kyooby has 30 seconds to confirm battle start!
||Kyooby is ready for game 3.
|uhtml|next|Next: Game 3 of 3
|l|☆Kyooby
|player|p1|
