|j|☆Nidokingdra
|j|☆colemarcusvgc
|html|Nidokingdracolemarcusvgc    
|uhtml|bestof|Game 2 of a best-of-3
|t:|1757644341
|gametype|doubles
|player|p1|Nidokingdra|1|1014
|player|p2|colemarcusvgc|n|1031
|gen|9
|tier|[Gen 9] VGC 2025 Reg H (Bo3)
|rated|
|rule|Species Clause: Limit one of each Pokémon
|rule|Item Clause: Limit 1 of each item
|clearpoke
|poke|p1|Kingambit, L50, M|
|poke|p1|Pelipper, L50, M|
|poke|p1|Basculegion-F, L50, F|
|poke|p1|Rillaboom, L50, M|
|poke|p1|Electabuzz, L50, F|
|poke|p1|Gardevoir, L50, M|
|poke|p2|Indeedee-F, L50, F|
|poke|p2|Hatterene, L50, F|
|poke|p2|Gallade, L50, M|
|poke|p2|Ursaluna, L50, M|
|poke|p2|Torkoal, L50, F|
|poke|p2|Zoroark-Hisui, L50, F|
|teampreview|4
|showteam|p1|Kingambit||BlackGlasses|Defiant|SuckerPunch,Protect,IronHead,KowtowCleave|||M|||50|,,,,,Dark]Pelipper||FocusSash|Drizzle|Hurricane,WideGuard,WeatherBall,Protect|||M|||50|,,,,,Ground]Basculegion-F||LifeOrb|SwiftSwim|MuddyWater,FlipTurn,ShadowBall,Protect|||F|||50|,,,,,Water]Rillaboom||AssaultVest|GrassySurge|FakeOut,Uturn,GrassyGlide,HighHorsepower|||M|||50|,,,,,Fire]Electabuzz||Eviolite|VitalSpirit|FollowMe,Taunt,HelpingHand,Thunderbolt|||F|||50|,,,,,Ghost]Gardevoir||Leftovers|Trace|CalmMind,DazzlingGleam,Psychic,Protect|||M|||50|,,,,,Fairy
|showteam|p2|Indeedee-F||PsychicSeed|PsychicSurge|TrickRoom,FollowMe,HelpingHand,DazzlingGleam|||F|||50|,,,,,Fire]Hatterene||TwistedSpoon|MagicBounce|ExpandingForce,TrickRoom,DazzlingGleam,Protect|||F|||50|,,,,,Water]Gallade||ClearAmulet|Sharpness|SacredSword,PsychoCut,TrickRoom,WideGuard|||M|||50|,,,,,Grass]Ursaluna||FlameOrb|Guts|HeadlongRush,Facade,Earthquake,Protect|||M|||50|,,,,,Ghost]Torkoal||ChoiceSpecs|Drought|Eruption,HeatWave,WeatherBall,EarthPower|||F|||50|,,,,,Fire]Zoroark-Hisui||FocusSash|Illusion|HyperVoice,BitterMalice,Snarl,Taunt|||F|||50|,,,,,Stellar
|inactive|Battle timer is ON: inactive players will automatically lose when time's up. (requested by colemarcusvgc)
|inactive|colemarcusvgc has 60 seconds left.
|
|t:|1757644378
|teamsize|p1|4
|teamsize|p2|4
|start
|switch|p1a: Rillaboom|Rillaboom, L50, M|100/100
|switch|p1b: Kingambit|Kingambit, L50, M|100/100
|switch|p2a: Indeedee|Indeedee-F, L50, F|100/100
|switch|p2b: Hatterene|Hatterene, L50, F|100/100
|-fieldstart|move: Grassy Terrain|[from] ability: Grassy Surge|[of] p1a: Rillaboom
|-fieldstart|move: Psychic Terrain|[from] ability: Psychic Surge|[of] p2a: Indeedee
|-enditem|p2a: Indeedee|Psychic Seed
|-boost|p2a: Indeedee|spd|1|[from] item: Psychic Seed
|turn|1
|inactive|Nidokingdra has 30 seconds left.
|inactive|colemarcusvgc has 30 seconds left.
|
|t:|1757644409
|-terastallize|p2a: Indeedee|Fire
|move|p1a: Rillaboom|U-turn|p2a: Indeedee
|-resisted|p2a: Indeedee
|-damage|p2a: Indeedee|90/100
|
|t:|1757644413
|switch|p1a: Pelipper|Pelipper, L50, M|100/100|[from] U-turn
|-weather|RainDance|[from] ability: Drizzle|[of] p1a: Pelipper
|move|p1b: Kingambit|Kowtow Cleave|p2b: Hatterene
|-damage|p2b: Hatterene|34/100
|move|p2b: Hatterene|Expanding Force|p1a: Pelipper|[spread] p1a
|-immune|p1b: Kingambit
|-enditem|p1a: Pelipper|Focus Sash
|-damage|p1a: Pelipper|1/100
|move|p2a: Indeedee|Trick Room|p2a: Indeedee
|-fieldstart|move: Trick Room|[of] p2a: Indeedee
|
|-weather|RainDance|[upkeep]
|upkeep
|turn|2
|
|t:|1757644432
|switch|p1a: Rillaboom|Rillaboom, L50, M|100/100
|-fieldstart|move: Grassy Terrain|[from] ability: Grassy Surge|[of] p1a: Rillaboom
|move|p2b: Hatterene|Dazzling Gleam|p1b: Kingambit|[spread] p1a,p1b
|-damage|p1a: Rillaboom|72/100
|-damage|p1b: Kingambit|69/100
|move|p1b: Kingambit|Kowtow Cleave|p2a: Indeedee
|-damage|p2a: Indeedee|31/100
|move|p2a: Indeedee|Dazzling Gleam|p1a: Rillaboom|[spread] p1a,p1b
|-damage|p1a: Rillaboom|62/100
|-damage|p1b: Kingambit|55/100
|
|-weather|RainDance|[upkeep]
|-heal|p2b: Hatterene|40/100|[from] Grassy Terrain
|-heal|p1b: Kingambit|61/100|[from] Grassy Terrain
|-heal|p2a: Indeedee|37/100|[from] Grassy Terrain
|-heal|p1a: Rillaboom|69/100|[from] Grassy Terrain
|upkeep
|turn|3
|inactive|colemarcusvgc has 30 seconds left.
|
|t:|1757644457
|switch|p2a: Torkoal|Torkoal, L50, F|100/100
|-weather|SunnyDay|[from] ability: Drought|[of] p2a: Torkoal
|move|p1a: Rillaboom|Grassy Glide|p2b: Hatterene
|-damage|p2b: Hatterene|2/100
|move|p2b: Hatterene|Dazzling Gleam|p1b: Kingambit|[spread] p1a,p1b
|-damage|p1a: Rillaboom|42/100
|-damage|p1b: Kingambit|23/100
|move|p1b: Kingambit|Kowtow Cleave|p2a: Torkoal
|-crit|p2a: Torkoal
|-damage|p2a: Torkoal|29/100
|
|-weather|SunnyDay|[upkeep]
|-heal|p2a: Torkoal|36/100|[from] Grassy Terrain
|-heal|p2b: Hatterene|8/100|[from] Grassy Terrain
|-heal|p1b: Kingambit|29/100|[from] Grassy Terrain
|-heal|p1a: Rillaboom|48/100|[from] Grassy Terrain
|upkeep
|turn|4
|
|t:|1757644475
|switch|p1a: Pelipper|Pelipper, L50, M|1/100
|-weather|RainDance|[from] ability: Drizzle|[of] p1a: Pelipper
|move|p1b: Kingambit|Sucker Punch|p2a: Torkoal
|-crit|p2a: Torkoal
|-damage|p2a: Torkoal|0 fnt
|faint|p2a: Torkoal
|move|p2b: Hatterene|Dazzling Gleam|p1b: Kingambit|[spread] p1a,p1b
|-damage|p1a: Pelipper|0 fnt
|-damage|p1b: Kingambit|0 fnt
|faint|p1a: Pelipper
|faint|p1b: Kingambit
|
|-weather|RainDance|[upkeep]
|-heal|p2b: Hatterene|14/100|[from] Grassy Terrain
|upkeep
|
|t:|1757644488
|switch|p2a: Indeedee|Indeedee-F, L50, F, tera:Fire|37/100
|switch|p1b: Rillaboom|Rillaboom, L50, M|48/100
|switch|p1a: Basculegion|Basculegion-F, L50, F|100/100
|-fieldstart|move: Psychic Terrain|[from] ability: Psychic Surge|[of] p2a: Indeedee
|-fieldstart|move: Grassy Terrain|[from] ability: Grassy Surge|[of] p1b: Rillaboom
|turn|5
|inactive|colemarcusvgc has 30 seconds left.
|inactive|colemarcusvgc has 20 seconds left.
|inactive|colemarcusvgc has 15 seconds left.
|inactive|colemarcusvgc has 10 seconds left.
|inactive|colemarcusvgc has 5 seconds left.
|
|t:|1757644539
|switch|p2a: Ursaluna|Ursaluna, L50, M|100/100
|move|p1a: Basculegion|Protect|p1a: Basculegion
|-singleturn|p1a: Basculegion|Protect
|move|p1b: Rillaboom|Grassy Glide|p2b: Hatterene
|-damage|p2b: Hatterene|0 fnt
|faint|p2b: Hatterene
|
|-weather|RainDance|[upkeep]
|-heal|p1b: Rillaboom|55/100|[from] Grassy Terrain
|-fieldend|move: Trick Room
|-status|p2a: Ursaluna|brn|[from] item: Flame Orb
|upkeep
|
|t:|1757644551
|switch|p2b: Indeedee|Indeedee-F, L50, F, tera:Fire|37/100
|-fieldstart|move: Psychic Terrain|[from] ability: Psychic Surge|[of] p2b: Indeedee
|turn|6
|
|t:|1757644573
|move|p2b: Indeedee|Helping Hand|p2a: Ursaluna
|-singleturn|p2a: Ursaluna|Helping Hand|[of] p2b: Indeedee
|move|p1a: Basculegion|Muddy Water|p2a: Ursaluna|[spread] p2a,p2b
|-supereffective|p2a: Ursaluna
|-supereffective|p2b: Indeedee
|-damage|p2a: Ursaluna|0 fnt
|-damage|p2b: Indeedee|0 fnt
|faint|p2a: Ursaluna
|faint|p2b: Indeedee
|-damage|p1a: Basculegion|91/100|[from] item: Life Orb
|
|win|Nidokingdra
||Nidokingdra is ready for game 3.
|inactive|colemarcusvgc has 30 seconds to confirm battle start!
||colemarcusvgc is ready for game 3.
|uhtml|next|Next: Game 3 of 3
