|j|☆don zaloog is real
|j|☆NicoHax
|html|don zaloog is realNicoHax    
|uhtml|bestof|Game 1 of a best-of-3
|t:|1756482172
|gametype|doubles
|player|p1|don zaloog is real|collector|1254
|player|p2|NicoHax|ethan|1243
|gen|9
|tier|[Gen 9] VGC 2025 Reg H (Bo3)
|rated|
|rule|Species Clause: Limit one of each Pokémon
|rule|Item Clause: Limit 1 of each item
|clearpoke
|poke|p1|Murkrow, L50, F|
|poke|p1|Basculegion, L50, M|
|poke|p1|Gholdengo, L50|
|poke|p1|Pawmot, L50, M|
|poke|p1|Kommo-o, L50, F|
|poke|p1|Amoonguss, L50, M|
|poke|p2|Sneasler, L50, M|
|poke|p2|Volcarona, L50, M|
|poke|p2|Baxcalibur, L50, F|
|poke|p2|Rillaboom, L50, M|
|poke|p2|Kingambit, L50, M|
|poke|p2|Dondozo, L50, M|
|teampreview|4
|showteam|p1|Murkrow||Eviolite|Prankster|BraveBird,Tailwind,Quash,Haze|||F|||50|,,,,,Ghost]Basculegion||ChoiceScarf|Adaptability|LastRespects,WaveCrash,FlipTurn,AquaJet|||M|||50|,,,,,Grass]Gholdengo||ChoiceSpecs|GoodasGold|MakeItRain,ShadowBall,PowerGem,SteelBeam||||||50|,,,,,Steel]Pawmot||FocusSash|VoltAbsorb|CloseCombat,DoubleShock,Protect,RevivalBlessing|||M|||50|,,,,,Electric]Kommo-o||LifeOrb|Overcoat|ClangingScales,AuraSphere,Flamethrower,Protect|||F|||50|,,,,,Fire]Amoonguss||CovertCloak|Regenerator|LeafStorm,Protect,Spore,RagePowder|||M|||50|,,,,,Water
|showteam|p2|Sneasler||FocusSash|Unburden|FakeOut,CloseCombat,DireClaw,Coaching|||M|||50|,,,,,Stellar]Volcarona||CovertCloak|FlameBody|QuiverDance,HeatWave,TeraBlast,Protect|||M|||50|,,,,,Fairy]Baxcalibur||LoadedDice|ThermalExchange|Protect,IceShard,ScaleShot,IcicleSpear|||F|||50|,,,,,Ghost]Rillaboom||AssaultVest|GrassySurge|WoodHammer,GrassyGlide,HighHorsepower,FakeOut|||M|||50|,,,,,Water]Kingambit||SafetyGoggles|Defiant|KowtowCleave,SuckerPunch,SwordsDance,Protect|||M|||50|,,,,,Ghost]Dondozo||Leftovers|Unaware|Protect,Yawn,Liquidation,Fissure|||M|||50|,,,,,Poison
|
|t:|1756482232
|teamsize|p1|4
|teamsize|p2|4
|start
|switch|p1a: Basculegion|Basculegion, L50, M|100/100
|switch|p1b: Amoonguss|Amoonguss, L50, M|100/100
|switch|p2a: Laertes|Sneasler, L50, M|100/100
|switch|p2b: Jonathan|Rillaboom, L50, M|100/100
|-fieldstart|move: Grassy Terrain|[from] ability: Grassy Surge|[of] p2b: Jonathan
|turn|1
|
|t:|1756482251
|move|p2b: Jonathan|Grassy Glide|p1a: Basculegion
|-supereffective|p1a: Basculegion
|-damage|p1a: Basculegion|2/100
|move|p1a: Basculegion|Flip Turn|p2a: Laertes
|-damage|p2a: Laertes|30/100
|
|t:|1756482257
|switch|p1a: Gholdengo|Gholdengo, L50|100/100|[from] Flip Turn
|move|p2a: Laertes|Dire Claw|p1a: Gholdengo
|-immune|p1a: Gholdengo
|move|p1b: Amoonguss|Spore|p2a: Laertes
|-status|p2a: Laertes|slp|[from] move: Spore
|
|-heal|p2a: Laertes|36/100 slp|[from] Grassy Terrain
|upkeep
|turn|2
|
|t:|1756482300
|switch|p2a: Kaisen|Kingambit, L50, M|100/100
|move|p1a: Gholdengo|Make It Rain|p2a: Kaisen|[spread] p2a,p2b
|-resisted|p2a: Kaisen
|-crit|p2a: Kaisen
|-damage|p2a: Kaisen|49/100
|-damage|p2b: Jonathan|40/100
|-unboost|p1a: Gholdengo|spa|1
|move|p2b: Jonathan|High Horsepower|p1a: Gholdengo
|-supereffective|p1a: Gholdengo
|-damage|p1a: Gholdengo|21/100
|move|p1b: Amoonguss|Leaf Storm|p2b: Jonathan
|-resisted|p2b: Jonathan
|-damage|p2b: Jonathan|19/100
|-unboost|p1b: Amoonguss|spa|2
|
|-heal|p1a: Gholdengo|27/100|[from] Grassy Terrain
|-heal|p2b: Jonathan|25/100|[from] Grassy Terrain
|-heal|p2a: Kaisen|55/100|[from] Grassy Terrain
|upkeep
|turn|3
|
|t:|1756482334
|switch|p2b: Velosa|Volcarona, L50, M|100/100
|switch|p1b: Pawmot|Pawmot, L50, M|100/100
|move|p1a: Gholdengo|Make It Rain|p2a: Kaisen|[spread] p2a,p2b
|-resisted|p2a: Kaisen
|-resisted|p2b: Velosa
|-damage|p2a: Kaisen|31/100
|-damage|p2b: Velosa|76/100
|-unboost|p1a: Gholdengo|spa|1
|move|p2a: Kaisen|Kowtow Cleave|p1a: Gholdengo
|-supereffective|p1a: Gholdengo
|-damage|p1a: Gholdengo|0 fnt
|faint|p1a: Gholdengo
|
|-heal|p2b: Velosa|82/100|[from] Grassy Terrain
|-heal|p2a: Kaisen|37/100|[from] Grassy Terrain
|upkeep
|
|t:|1756482345
|switch|p1a: Amoonguss|Amoonguss, L50, M|100/100
|turn|4
|
|t:|1756482398
|-terastallize|p2a: Kaisen|Ghost
|-terastallize|p1a: Amoonguss|Water
|move|p1b: Pawmot|Revival Blessing|p1b: Pawmot
|
|t:|1756482401
|-heal|p1: Gholdengo|50/100|[from] move: Revival Blessing
|move|p2b: Velosa|Heat Wave|p1a: Amoonguss|[spread] p1a,p1b
|-resisted|p1a: Amoonguss
|-damage|p1a: Amoonguss|85/100
|-damage|p1b: Pawmot|37/100
|move|p2a: Kaisen|Kowtow Cleave|p1a: Amoonguss
|-damage|p1a: Amoonguss|38/100
|move|p1a: Amoonguss|Spore|p2b: Velosa
|-status|p2b: Velosa|slp|[from] move: Spore
|
|-heal|p1b: Pawmot|43/100|[from] Grassy Terrain
|-heal|p2b: Velosa|89/100 slp|[from] Grassy Terrain
|-heal|p2a: Kaisen|43/100|[from] Grassy Terrain
|-heal|p1a: Amoonguss|44/100|[from] Grassy Terrain
|upkeep
|turn|5
|
|t:|1756482419
|move|p2a: Kaisen|Sucker Punch|p1b: Pawmot
|-resisted|p1b: Pawmot
|-damage|p1b: Pawmot|8/100
|move|p1b: Pawmot|Double Shock|p2b: Velosa
|-damage|p2b: Velosa|16/100 slp
|-start|p1b: Pawmot|typechange|???/Fighting|[from] move: Double Shock
|cant|p2b: Velosa|slp
|move|p1a: Amoonguss|Leaf Storm|p2a: Kaisen
|-damage|p2a: Kaisen|0 fnt
|-unboost|p1a: Amoonguss|spa|2
|faint|p2a: Kaisen
|
|-heal|p1b: Pawmot|14/100|[from] Grassy Terrain
|-heal|p2b: Velosa|22/100 slp|[from] Grassy Terrain
|-heal|p1a: Amoonguss|50/100|[from] Grassy Terrain
|-fieldend|move: Grassy Terrain
|upkeep
|
|t:|1756482423
|switch|p2a: Jonathan|Rillaboom, L50, M|25/100
|-fieldstart|move: Grassy Terrain|[from] ability: Grassy Surge|[of] p2a: Jonathan
|turn|6
|
|t:|1756482452
|switch|p1a: Gholdengo|Gholdengo, L50|50/100
|move|p1b: Pawmot|Protect|p1b: Pawmot
|-singleturn|p1b: Pawmot|Protect
|move|p2a: Jonathan|Grassy Glide|p1a: Gholdengo
|-resisted|p1a: Gholdengo
|-damage|p1a: Gholdengo|30/100
|cant|p2b: Velosa|slp
|
|-heal|p1b: Pawmot|20/100|[from] Grassy Terrain
|-heal|p2b: Velosa|29/100 slp|[from] Grassy Terrain
|-heal|p1a: Gholdengo|36/100|[from] Grassy Terrain
|-heal|p2a: Jonathan|31/100|[from] Grassy Terrain
|upkeep
|turn|7
|
|t:|1756482464
|move|p2a: Jonathan|Grassy Glide|p1b: Pawmot
|-damage|p1b: Pawmot|0 fnt
|faint|p1b: Pawmot
|-curestatus|p2b: Velosa|slp|[msg]
|move|p2b: Velosa|Heat Wave|p1a: Gholdengo
|-supereffective|p1a: Gholdengo
|-damage|p1a: Gholdengo|0 fnt
|faint|p1a: Gholdengo
|
|-heal|p2b: Velosa|35/100|[from] Grassy Terrain
|-heal|p2a: Jonathan|37/100|[from] Grassy Terrain
|upkeep
|
|t:|1756482466
|switch|p1b: Amoonguss|Amoonguss, L50, M, tera:Water|83/100
|switch|p1a: Basculegion|Basculegion, L50, M|2/100
|turn|8
|
|t:|1756482474
|move|p2a: Jonathan|Grassy Glide|p1a: Basculegion
|-supereffective|p1a: Basculegion
|-damage|p1a: Basculegion|0 fnt
|faint|p1a: Basculegion
|move|p2b: Velosa|Quiver Dance|p2b: Velosa
|-boost|p2b: Velosa|spa|1
|-boost|p2b: Velosa|spd|1
|-boost|p2b: Velosa|spe|1
|move|p1b: Amoonguss|Spore|p2b: Velosa
|-status|p2b: Velosa|slp|[from] move: Spore
|
|-heal|p2b: Velosa|41/100 slp|[from] Grassy Terrain
|-heal|p2a: Jonathan|43/100|[from] Grassy Terrain
|-heal|p1b: Amoonguss|89/100|[from] Grassy Terrain
|upkeep
|turn|9
|
|t:|1756482480
|cant|p2b: Velosa|slp
|move|p2a: Jonathan|Wood Hammer|p1b: Amoonguss
|-supereffective|p1b: Amoonguss
|-damage|p1b: Amoonguss|0 fnt
|faint|p1b: Amoonguss
|-damage|p2a: Jonathan|11/100|[from] Recoil
|
|win|NicoHax
||don zaloog is real is ready for game 2.
||NicoHax is ready for game 2.
|uhtml|next|Next: Game 2 of 3
|l|☆NicoHax
|player|p2|
