|j|☆Aotius
|j|☆Sincubii
|html|AotiusSincubii    
|uhtml|bestof|Game 1 of a best-of-3
|t:|1757712558
|gametype|doubles
|player|p1|Aotius|170|1157
|player|p2|Sincubii|palmer|1132
|gen|9
|tier|[Gen 9] VGC 2025 Reg H (Bo3)
|rated|
|rule|Species Clause: Limit one of each Pokémon
|rule|Item Clause: Limit 1 of each item
|clearpoke
|poke|p1|Gholdengo, L50|
|poke|p1|Sneasler, L50, M|
|poke|p1|Rillaboom, L50, F|
|poke|p1|Dragonite, L50, F|
|poke|p1|Ninetales-Alola, L50, F|
|poke|p1|Arcanine-Hisui, L50, M|
|poke|p2|Weavile, L50, F|
|poke|p2|Weezing-Galar, L50, F|
|poke|p2|Tyranitar, L50, F|
|poke|p2|Toedscruel, L50, F|
|poke|p2|Rotom-Heat, L50|
|poke|p2|Dragonite, L50, M|
|teampreview|4
|showteam|p1|Gholdengo||GrassySeed|GoodasGold|NastyPlot,MakeItRain,ShadowBall,Protect||||||50|,,,,,Water]Sneasler||WhiteHerb|Unburden|CloseCombat,DireClaw,Coaching,Protect|||M|||50|,,,,,Ghost]Rillaboom||AssaultVest|GrassySurge|FakeOut,GrassyGlide,DrumBeating,HighHorsepower|||F|||50|,,,,,Fire]Dragonite||LoadedDice|Multiscale|ScaleShot,StompingTantrum,Tailwind,Protect|||F|||50|,,,,,Ground]Ninetales-Alola||FocusSash|SnowWarning|Blizzard,IcyWind,Encore,AuroraVeil|||F|||50|,,,,,Ghost]Arcanine-Hisui||ClearAmulet|Intimidate|RockSlide,FlareBlitz,ExtremeSpeed,Protect|||M|||50|,,,,,Water
|showteam|p2|Weavile||LifeOrb|Pressure|FakeOut,IceSpinner,KnockOff,LowKick|||F|||50|,,,,,Ghost]Weezing-Galar||SafetyGoggles|NeutralizingGas|StrangeSteam,WillOWisp,Taunt,Protect|||F|||50|,,,,,Fire]Tyranitar||AssaultVest|SandStream|KnockOff,RockSlide,TeraBlast,LowKick|||F|||50|,,,,,Flying]Toedscruel||FocusSash|MyceliumMight|Spore,EarthPower,Protect,LeafStorm|||F|||50|,,,,,Fire]Rotom-Heat||ChoiceScarf|Levitate|Electroweb,VoltSwitch,Trick,Overheat||||||50|,,,,,Electric]Dragonite||LoadedDice|InnerFocus|Protect,ScaleShot,Tailwind,Haze|||M|||50|,,,,,Fairy
|inactive|Battle timer is ON: inactive players will automatically lose when time's up. (requested by Aotius)
|j| Agent_999_999
|inactive|Aotius has 60 seconds left.
|inactive|Sincubii has 60 seconds left.
|inactive|Aotius has 30 seconds left.
|inactive|Aotius has 20 seconds left.
|
|t:|1757712637
|teamsize|p1|4
|teamsize|p2|4
|start
|switch|p1a: Ninetales|Ninetales-Alola, L50, F|100/100
|switch|p1b: Sneasler|Sneasler, L50, M|100/100
|switch|p2a: Big Boss|Dragonite, L50, M, shiny|100/100
|switch|p2b: Rotom|Rotom-Heat, L50|100/100
|-weather|Snowscape|[from] ability: Snow Warning|[of] p1a: Ninetales
|turn|1
|inactive|Aotius has 30 seconds left.
|
|t:|1757712663
|move|p2a: Big Boss|Protect|p2a: Big Boss
|-singleturn|p2a: Big Boss|Protect
|move|p2b: Rotom|Electroweb|p1a: Ninetales|[spread] p1a,p1b
|-damage|p1a: Ninetales|78/100
|-damage|p1b: Sneasler|78/100
|-unboost|p1a: Ninetales|spe|1
|-unboost|p1b: Sneasler|spe|1
|-enditem|p1b: Sneasler|White Herb
|-clearnegativeboost|p1b: Sneasler|[silent]
|move|p1b: Sneasler|Close Combat|p2b: Rotom
|-damage|p2b: Rotom|21/100
|-unboost|p1b: Sneasler|def|1
|-unboost|p1b: Sneasler|spd|1
|move|p1a: Ninetales|Blizzard|p2a: Big Boss|[spread] p2b
|-activate|p2a: Big Boss|move: Protect
|-resisted|p2b: Rotom
|-damage|p2b: Rotom|0 fnt
|faint|p2b: Rotom
|
|-weather|Snowscape|[upkeep]
|upkeep
|
|t:|1757712678
|switch|p2b: Tyranitar|Tyranitar, L50, F|100/100
|-weather|Sandstorm|[from] ability: Sand Stream|[of] p2b: Tyranitar
|turn|2
|inactive|Aotius has 30 seconds left.
|inactive|Sincubii has 30 seconds left.
|
|t:|1757712706
|switch|p2a: Weavile|Weavile, L50, F|100/100
|-ability|p2a: Weavile|Pressure
|-terastallize|p2b: Tyranitar|Flying
|move|p1b: Sneasler|Protect|p1b: Sneasler
|-singleturn|p1b: Sneasler|Protect
|move|p1a: Ninetales|Encore||[still]
|-fail|p1a: Ninetales
|move|p2b: Tyranitar|Rock Slide|p1b: Sneasler|[spread] 
|-activate|p1b: Sneasler|move: Protect
|-miss|p2b: Tyranitar|p1a: Ninetales
|
|-weather|Sandstorm|[upkeep]
|-damage|p1b: Sneasler|72/100|[from] Sandstorm
|-damage|p2a: Weavile|94/100|[from] Sandstorm
|-damage|p1a: Ninetales|72/100|[from] Sandstorm
|-damage|p2b: Tyranitar|94/100|[from] Sandstorm
|upkeep
|turn|3
|
|t:|1757712724
|-terastallize|p1b: Sneasler|Ghost
|move|p2a: Weavile|Fake Out|p1b: Sneasler
|-immune|p1b: Sneasler
|move|p1b: Sneasler|Close Combat|p2a: Weavile
|-supereffective|p2a: Weavile
|-damage|p2a: Weavile|0 fnt
|-unboost|p1b: Sneasler|def|1
|-unboost|p1b: Sneasler|spd|1
|faint|p2a: Weavile
|move|p1a: Ninetales|Icy Wind|p2b: Tyranitar
|-supereffective|p2b: Tyranitar
|-damage|p2b: Tyranitar|69/100
|-unboost|p2b: Tyranitar|spe|1
|move|p2b: Tyranitar|Rock Slide|p1b: Sneasler|[spread] p1a,p1b
|-supereffective|p1a: Ninetales
|-damage|p1a: Ninetales|0 fnt
|-damage|p1b: Sneasler|0 fnt
|faint|p1a: Ninetales
|faint|p1b: Sneasler
|
|-weather|Sandstorm|[upkeep]
|-damage|p2b: Tyranitar|63/100|[from] Sandstorm
|upkeep
|
|t:|1757712739
|switch|p2a: Big Boss|Dragonite, L50, M, shiny|100/100
|switch|p1a: Dragonite|Dragonite, L50, F|100/100
|switch|p1b: Arcanine|Arcanine-Hisui, L50, M|100/100
|-ability|p1b: Arcanine|Intimidate|boost
|-fail|p2a: Big Boss|unboost|Attack|[from] ability: Inner Focus|[of] p2a: Big Boss
|-unboost|p2b: Tyranitar|atk|1
|turn|4
|l| Agent_999_999
|inactive|Sincubii has 30 seconds left.
|
|t:|1757712766
|move|p1b: Arcanine|Rock Slide|p2b: Tyranitar|[spread] p2b
|-miss|p1b: Arcanine|p2a: Big Boss
|-supereffective|p2b: Tyranitar
|-damage|p2b: Tyranitar|17/100
|move|p1a: Dragonite|Scale Shot|p2a: Big Boss
|-supereffective|p2a: Big Boss
|-damage|p2a: Big Boss|72/100
|-supereffective|p2a: Big Boss
|-damage|p2a: Big Boss|40/100
|-supereffective|p2a: Big Boss
|-damage|p2a: Big Boss|8/100
|-supereffective|p2a: Big Boss
|-damage|p2a: Big Boss|0 fnt
|faint|p2a: Big Boss
|-hitcount|p2: Big Boss|4
|-unboost|p1a: Dragonite|def|1
|-boost|p1a: Dragonite|spe|1
|cant|p2b: Tyranitar|flinch
|
|-weather|Sandstorm|[upkeep]
|-damage|p1a: Dragonite|95/100|[from] Sandstorm
|-damage|p2b: Tyranitar|10/100|[from] Sandstorm
|upkeep
|turn|5
|-message|Sincubii forfeited.
|
|win|Aotius
|l|☆Sincubii
|player|p2|
||Sincubii is ready for game 2.
||Aotius is ready for game 2.
|uhtml|next|Next: Game 2 of 3
