|j|☆Rodrigo21amz
|j|☆Cristante terabug
|html|Rodrigo21amzCristante terabug    
|uhtml|bestof|Game 1 of a best-of-3
|t:|1756925443
|gametype|doubles
|player|p1|Rodrigo21amz|volkner|1237
|player|p2|Cristante terabug|kieran-champion|1240
|gen|9
|tier|[Gen 9] VGC 2025 Reg H (Bo3)
|rated|
|rule|Species Clause: Limit one of each Pokémon
|rule|Item Clause: Limit 1 of each item
|clearpoke
|poke|p1|Whimsicott, L50, M|
|poke|p1|Ursaluna-Bloodmoon, L50, M|
|poke|p1|Electabuzz, L50, M|
|poke|p1|Typhlosion-Hisui, L50, M|
|poke|p1|Sneasler, L50, M|
|poke|p1|Dragonite, L50, M|
|poke|p2|Incineroar, L50, F|
|poke|p2|Pelipper, L50, M|
|poke|p2|Archaludon, L50, M|
|poke|p2|Dragonite, L50, M|
|poke|p2|Sinistcha, L50|
|poke|p2|Ursaluna, L50, M|
|teampreview|4
|showteam|p1|Whimsicott||CovertCloak|Prankster|Tailwind,SunnyDay,Moonblast,Encore|||M|||50|,,,,,Fire]Ursaluna-Bloodmoon||LifeOrb|MindsEye|BloodMoon,HyperVoice,EarthPower,Protect|||M|||50|,,,,,Normal]Electabuzz||Eviolite|VitalSpirit|FollowMe,Electroweb,Taunt,Protect|||M|||50|,,,,,Fairy]Typhlosion-Hisui||ChoiceScarf|Blaze|Eruption,Overheat,ShadowBall,HeatWave|||M|||50|,,,,,Fire]Sneasler||FocusSash|PoisonTouch|FakeOut,DireClaw,CloseCombat,Protect|||M|||50|,,,,,Ghost]Dragonite||LoadedDice|Multiscale|Haze,ScaleShot,Protect,ExtremeSpeed|||M|||50|,,,,,Fairy
|showteam|p2|Incineroar||SafetyGoggles|Intimidate|FakeOut,PartingShot,KnockOff,Taunt|||F|||50|,,,,,Ghost]Pelipper||FocusSash|Drizzle|Hurricane,MuddyWater,Tailwind,Protect|||M|||50|,,,,,Ghost]Archaludon||AssaultVest|Stamina|ElectroShot,Snarl,FlashCannon,BodyPress|||M|||50|,,,,,Fighting]Dragonite||LoadedDice|Multiscale|ScaleShot,Tailwind,Haze,Protect|||M|||50|,,,,,Fairy]Sinistcha||SitrusBerry|Hospitality|MatchaGotcha,RagePowder,LifeDew,TrickRoom||||||50|,,,,,Dark]Ursaluna||FlameOrb|Guts|Earthquake,Facade,HeadlongRush,Protect|||M|||50|,,,,,Ghost
|
|t:|1756925481
|teamsize|p1|4
|teamsize|p2|4
|start
|switch|p1a: Ursaluna|Ursaluna-Bloodmoon, L50, M|100/100
|switch|p1b: Electabuzz|Electabuzz, L50, M|100/100
|switch|p2a: De Marinis|Incineroar, L50, F|100/100
|switch|p2b: Paolo|Dragonite, L50, M|100/100
|-ability|p2a: De Marinis|Intimidate|boost
|-unboost|p1a: Ursaluna|atk|1
|-unboost|p1b: Electabuzz|atk|1
|turn|1
|inactive|Battle timer is ON: inactive players will automatically lose when time's up. (requested by Cristante terabug)
|inactive|Rodrigo21amz has 60 seconds left.
|inactive|Cristante terabug has 60 seconds left.
|
|t:|1756925532
|-terastallize|p1b: Electabuzz|Fairy
|move|p1b: Electabuzz|Follow Me|p1b: Electabuzz
|-singleturn|p1b: Electabuzz|move: Follow Me
|move|p2b: Paolo|Tailwind|p2b: Paolo
|-sidestart|p2: Cristante terabug|move: Tailwind
|move|p2a: De Marinis|Knock Off|p1b: Electabuzz
|-resisted|p1b: Electabuzz
|-damage|p1b: Electabuzz|81/100
|-enditem|p1b: Electabuzz|Eviolite|[from] move: Knock Off|[of] p2a: De Marinis
|move|p1a: Ursaluna|Earth Power|p2a: De Marinis
|-supereffective|p2a: De Marinis
|-damage|p2a: De Marinis|0 fnt
|faint|p2a: De Marinis
|-damage|p1a: Ursaluna|91/100|[from] item: Life Orb
|
|upkeep
|
|t:|1756925544
|switch|p2a: Luca|Archaludon, L50, M|100/100
|turn|2
|
|t:|1756925553
|switch|p2b: Silvano|Pelipper, L50, M, shiny|100/100
|-weather|RainDance|[from] ability: Drizzle|[of] p2b: Silvano
|-terastallize|p2a: Luca|Fighting
|move|p1b: Electabuzz|Protect|p1b: Electabuzz
|-singleturn|p1b: Electabuzz|Protect
|move|p1a: Ursaluna|Protect|p1a: Ursaluna
|-singleturn|p1a: Ursaluna|Protect
|move|p2a: Luca|Flash Cannon|p1b: Electabuzz
|-activate|p1b: Electabuzz|move: Protect
|
|-weather|RainDance|[upkeep]
|upkeep
|turn|3
|inactive|Rodrigo21amz has 30 seconds left.
|inactive|Rodrigo21amz has 20 seconds left.
|inactive|Rodrigo21amz has 15 seconds left.
|inactive|Rodrigo21amz has 10 seconds left.
|inactive|Rodrigo21amz has 5 seconds left.
|
|t:|1756925606
|switch|p1a: Whimsicott|Whimsicott, L50, M|100/100
|move|p1b: Electabuzz|Protect||[still]
|-fail|p1b: Electabuzz
|move|p2b: Silvano|Muddy Water|p1b: Electabuzz|[spread] p1a,p1b
|-resisted|p1a: Whimsicott
|-damage|p1a: Whimsicott|65/100
|-damage|p1b: Electabuzz|27/100
|move|p2a: Luca|Snarl|p1b: Electabuzz|[spread] p1a,p1b
|-resisted|p1a: Whimsicott
|-resisted|p1b: Electabuzz
|-damage|p1a: Whimsicott|55/100
|-damage|p1b: Electabuzz|19/100
|-unboost|p1b: Electabuzz|spa|1
|
|-weather|RainDance|[upkeep]
|upkeep
|turn|4
|inactive|Rodrigo21amz has 30 seconds left.
|inactive|Cristante terabug has 30 seconds left.
|inactive|Rodrigo21amz has 20 seconds left.
|inactive|Rodrigo21amz has 15 seconds left.
|
|t:|1756925646
|move|p1a: Whimsicott|Tailwind|p1a: Whimsicott
|-sidestart|p1: Rodrigo21amz|move: Tailwind
|move|p1b: Electabuzz|Electroweb|p2b: Silvano|[spread] p2a,p2b
|-supereffective|p2b: Silvano
|-damage|p2a: Luca|94/100
|-damage|p2b: Silvano|41/100
|-unboost|p2a: Luca|spe|1
|-unboost|p2b: Silvano|spe|1
|-ability|p2a: Luca|Stamina|boost
|-boost|p2a: Luca|def|1
|move|p2b: Silvano|Muddy Water|p1b: Electabuzz|[spread] p1a
|-miss|p2b: Silvano|p1b: Electabuzz
|-resisted|p1a: Whimsicott
|-damage|p1a: Whimsicott|19/100
|move|p2a: Luca|Flash Cannon|p1a: Whimsicott
|-supereffective|p1a: Whimsicott
|-damage|p1a: Whimsicott|0 fnt
|faint|p1a: Whimsicott
|
|-weather|RainDance|[upkeep]
|-sideend|p2: Cristante terabug|move: Tailwind
|upkeep
|
|t:|1756925662
|switch|p1a: Ursaluna|Ursaluna-Bloodmoon, L50, M|91/100
|turn|5
|
|t:|1756925679
|move|p1b: Electabuzz|Electroweb|p2a: Luca|[spread] p2a,p2b
|-supereffective|p2b: Silvano
|-damage|p2a: Luca|88/100
|-damage|p2b: Silvano|0 fnt
|-unboost|p2a: Luca|spe|1
|-ability|p2a: Luca|Stamina|boost
|-boost|p2a: Luca|def|1
|faint|p2b: Silvano
|move|p1a: Ursaluna|Blood Moon|p2a: Luca
|-damage|p2a: Luca|8/100
|-ability|p2a: Luca|Stamina|boost
|-boost|p2a: Luca|def|1
|-damage|p1a: Ursaluna|81/100|[from] item: Life Orb
|move|p2a: Luca|Body Press|p1a: Ursaluna
|-supereffective|p1a: Ursaluna
|-damage|p1a: Ursaluna|0 fnt
|faint|p1a: Ursaluna
|
|-weather|RainDance|[upkeep]
|upkeep
|
|t:|1756925695
|switch|p2b: Paolo|Dragonite, L50, M|100/100
|switch|p1a: Typhlosion|Typhlosion-Hisui, L50, M|100/100
|turn|6
|
|t:|1756925707
|move|p1b: Electabuzz|Follow Me|p1b: Electabuzz
|-singleturn|p1b: Electabuzz|move: Follow Me
|move|p1a: Typhlosion|Shadow Ball|p2a: Luca
|-damage|p2a: Luca|0 fnt
|faint|p2a: Luca
|move|p2b: Paolo|Scale Shot|p1b: Electabuzz
|-immune|p1b: Electabuzz
|
|-weather|none
|upkeep
|turn|7
|-message|Cristante terabug forfeited.
|
|win|Rodrigo21amz
