|j|☆Adriatic Tides
|j|☆andiom123
|html|Adriatic Tidesandiom123    
|uhtml|bestof|Game 2 of a best-of-3
|t:|1784767217
|gametype|doubles
|player|p1|Adriatic Tides|leon|1171
|player|p2|andiom123|red|1134
|gen|9
|tier|[Gen 9 Champions] VGC 2026 Reg M-B (Bo3)
|rated|
|rule|Species Clause: Limit one of each Pokémon
|rule|Item Clause: Limit 1 of each item
|clearpoke
|poke|p1|Tyranitar, L50, F|
|poke|p1|Excadrill, L50, M|
|poke|p1|Delphox, L50, F|
|poke|p1|Sinistcha, L50|
|poke|p1|Rotom-Wash, L50|
|poke|p1|Incineroar, L50, M|
|poke|p2|Incineroar, L50, F|
|poke|p2|Farigiraf, L50, M|
|poke|p2|Sylveon, L50, F|
|poke|p2|Torkoal, L50, F|
|poke|p2|Kangaskhan, L50, F|
|poke|p2|Mudsdale, L50, F|
|teampreview|4
|showteam|p1|Tyranitar||Tyranitarite|SandStream|KnockOff,RockSlide,Protect,LowKick|Adamant||F|||50|]Excadrill||FocusSash|SandRush|Protect,Earthquake,IronHead,RockSlide|Adamant||M|||50|]Delphox||Delphoxite|Blaze|NastyPlot,HeatWave,Psyshock,Protect|Timid||F|||50|]Sinistcha||ColburBerry|Hospitality|TrickRoom,MatchaGotcha,Protect,RagePowder|Bold|||||50|]Rotom-Wash||Leftovers|Levitate|Electroweb,HydroPump,Protect,Thunderbolt|Modest|||||50|]Incineroar||SitrusBerry|Intimidate|FakeOut,FlareBlitz,PartingShot,ThroatChop|Careful||M|||50|
|showteam|p2|Incineroar||MuscleBand|Intimidate|ThroatChop,FlareBlitz,FakeOut,PartingShot|Brave||F|||50|]Farigiraf||SitrusBerry|ArmorTail|FoulPlay,PsychicNoise,TrickRoom,HelpingHand|Relaxed||M|||50|]Sylveon||FairyFeather|Pixilate|HyperVoice,HyperBeam,Yawn,Detect|Modest||F|||50|]Torkoal||Charcoal|Drought|Eruption,EarthPower,Flamethrower,Protect|Quiet||F|||50|]Kangaskhan||Kangaskhanite|Scrappy|DoubleEdge,FakeOut,IcePunch,HammerArm|Brave||F|||50|]Mudsdale||LifeOrb|InnerFocus|HighHorsepower,Earthquake,RockSlide,HeavySlam|Brave||F|||50|
|
|t:|1784767228
|teamsize|p1|4
|teamsize|p2|4
|start
|switch|p1a: Tyranitar|Tyranitar, L50, F|100/100
|switch|p1b: Sinistcha|Sinistcha, L50|100/100
|switch|p2a: Farigiraf|Farigiraf, L50, M|100/100
|switch|p2b: Kangaskhan|Kangaskhan, L50, F|100/100
|-weather|Sandstorm|[from] ability: Sand Stream|[of] p1a: Tyranitar
|turn|1
|
|t:|1784767244
|detailschange|p2b: Kangaskhan|Kangaskhan-Mega, L50, F
|-mega|p2b: Kangaskhan|Kangaskhan|Kangaskhanite
|move|p1b: Sinistcha|Protect|p1b: Sinistcha
|-singleturn|p1b: Sinistcha|Protect
|move|p1a: Tyranitar|Protect|p1a: Tyranitar
|-singleturn|p1a: Tyranitar|Protect
|move|p2b: Kangaskhan|Hammer Arm|p1a: Tyranitar
|-activate|p1a: Tyranitar|move: Protect
|move|p2a: Farigiraf|Trick Room|p2a: Farigiraf
|-fieldstart|move: Trick Room|[of] p2a: Farigiraf
|
|-weather|Sandstorm|[upkeep]
|-damage|p2a: Farigiraf|93/100|[from] Sandstorm
|-damage|p1b: Sinistcha|93/100|[from] Sandstorm
|-damage|p2b: Kangaskhan|93/100|[from] Sandstorm
|upkeep
|turn|2
|
|t:|1784767268
|switch|p2a: Sylveon|Sylveon, L50, F|100/100
|detailschange|p1a: Tyranitar|Tyranitar-Mega, L50, F
|-mega|p1a: Tyranitar|Tyranitar|Tyranitarite
|move|p1b: Sinistcha|Matcha Gotcha|p2b: Kangaskhan|[spread] p2a,p2b
|-damage|p2a: Sylveon|80/100
|-heal|p1b: Sinistcha|100/100|[from] drain|[of] p2a: Sylveon
|-damage|p2b: Kangaskhan|75/100
|move|p1a: Tyranitar|Low Kick|p2b: Kangaskhan
|-supereffective|p2b: Kangaskhan|1
|-damage|p2b: Kangaskhan|0 fnt
|faint|p2b: Kangaskhan
|
|-weather|Sandstorm|[upkeep]
|-damage|p2a: Sylveon|74/100|[from] Sandstorm
|-damage|p1b: Sinistcha|93/100|[from] Sandstorm
|upkeep
|
|t:|1784767283
|switch|p2b: Mudsdale|Mudsdale, L50, F|100/100
|turn|3
|
|t:|1784767290
|switch|p1a: Rotom|Rotom-Wash, L50|100/100
|move|p2b: Mudsdale|Rock Slide|p1b: Sinistcha|[spread] p1a,p1b
|-damage|p1a: Rotom|67/100
|-damage|p1b: Sinistcha|71/100
|-damage|p2b: Mudsdale|90/100|[from] item: Life Orb
|move|p2a: Sylveon|Hyper Voice|p1a: Rotom|[spread] p1a,p1b
|-damage|p1a: Rotom|19/100
|-damage|p1b: Sinistcha|25/100
|cant|p1b: Sinistcha|flinch
|
|-weather|Sandstorm|[upkeep]
|-damage|p2a: Sylveon|68/100|[from] Sandstorm
|-damage|p1b: Sinistcha|19/100|[from] Sandstorm
|-damage|p1a: Rotom|14/100|[from] Sandstorm
|-heal|p1a: Rotom|19/100|[from] item: Leftovers
|upkeep
|turn|4
|
|t:|1784767305
|move|p1b: Sinistcha|Protect|p1b: Sinistcha
|-singleturn|p1b: Sinistcha|Protect
|move|p1a: Rotom|Protect|p1a: Rotom
|-singleturn|p1a: Rotom|Protect
|move|p2b: Mudsdale|Rock Slide|p1a: Rotom|[spread] 
|-activate|p1a: Rotom|move: Protect
|-activate|p1b: Sinistcha|move: Protect
|move|p2a: Sylveon|Hyper Voice|p1b: Sinistcha|[spread] 
|-activate|p1a: Rotom|move: Protect
|-activate|p1b: Sinistcha|move: Protect
|
|-weather|Sandstorm|[upkeep]
|-damage|p2a: Sylveon|62/100|[from] Sandstorm
|-damage|p1b: Sinistcha|13/100|[from] Sandstorm
|-damage|p1a: Rotom|14/100|[from] Sandstorm
|-heal|p1a: Rotom|19/100|[from] item: Leftovers
|upkeep
|turn|5
|
|t:|1784767325
|switch|p2b: Farigiraf|Farigiraf, L50, M|93/100
|move|p2a: Sylveon|Hyper Voice|p1b: Sinistcha|[spread] p1a,p1b
|-damage|p1a: Rotom|0 fnt
|-damage|p1b: Sinistcha|0 fnt
|faint|p1a: Rotom
|faint|p1b: Sinistcha
|
|-weather|none
|-fieldend|move: Trick Room
|upkeep
|
|t:|1784767331
|switch|p1a: Tyranitar|Tyranitar-Mega, L50, F|100/100
|switch|p1b: Excadrill|Excadrill, L50, M|100/100
|-weather|Sandstorm|[from] ability: Sand Stream|[of] p1a: Tyranitar
|turn|6
|
|t:|1784767343
|move|p1b: Excadrill|Iron Head|p2a: Sylveon
|-supereffective|p2a: Sylveon|1
|-damage|p2a: Sylveon|0 fnt
|faint|p2a: Sylveon
|move|p1a: Tyranitar|Knock Off|p2b: Farigiraf
|-supereffective|p2b: Farigiraf|1
|-damage|p2b: Farigiraf|2/100
|-enditem|p2b: Farigiraf|Sitrus Berry|[from] move: Knock Off|[of] p1a: Tyranitar
|move|p2b: Farigiraf|Trick Room|p2b: Farigiraf
|-fieldstart|move: Trick Room|[of] p2b: Farigiraf
|
|-weather|Sandstorm|[upkeep]
|-damage|p2b: Farigiraf|0 fnt|[from] Sandstorm
|faint|p2b: Farigiraf
|upkeep
|
|t:|1784767356
|switch|p2b: Mudsdale|Mudsdale, L50, F|90/100
|turn|7
|
|t:|1784767372
|move|p2b: Mudsdale|Earthquake|p1b: Excadrill|[spread] p1a,p1b
|-supereffective|p1a: Tyranitar|1
|-supereffective|p1b: Excadrill|1
|-damage|p1a: Tyranitar|38/100
|-enditem|p1b: Excadrill|Focus Sash
|-damage|p1b: Excadrill|1/100
|-damage|p2b: Mudsdale|80/100|[from] item: Life Orb
|move|p1a: Tyranitar|Knock Off|p2b: Mudsdale
|-damage|p2b: Mudsdale|28/100
|-enditem|p2b: Mudsdale|Life Orb|[from] move: Knock Off|[of] p1a: Tyranitar
|move|p1b: Excadrill|Iron Head|p2b: Mudsdale
|-damage|p2b: Mudsdale|0 fnt
|faint|p2b: Mudsdale
|
|win|Adriatic Tides
|raw|Adriatic Tides's rating: 1171 → 1193(+22 for winning)
|raw|andiom123's rating: 1134 → 1112(-22 for losing)
|l|☆andiom123
|player|p2|
