|j|☆Jack_patata
|j|☆Gentlefish
|html|Jack_patataGentlefish    
|uhtml|bestof|Game 2 of a best-of-3
|t:|1756691697
|gametype|doubles
|player|p1|Jack_patata|byron|1081
|player|p2|Gentlefish|burglar-gen1rb|1164
|gen|9
|tier|[Gen 9] VGC 2025 Reg H (Bo3)
|rated|
|rule|Species Clause: Limit one of each Pokémon
|rule|Item Clause: Limit 1 of each item
|clearpoke
|poke|p1|Gholdengo, L50|
|poke|p1|Magmar, L50, F|
|poke|p1|Annihilape, L50, F|
|poke|p1|Ursaluna-Bloodmoon, L50, M|
|poke|p1|Dragonite, L50, F|
|poke|p1|Rillaboom, L50, F|
|poke|p2|Garchomp, L50, F|
|poke|p2|Weezing-Galar, L50, M|
|poke|p2|Archaludon, L50, M|
|poke|p2|Gholdengo, L50|
|poke|p2|Talonflame, L50, F|
|poke|p2|Annihilape, L50, F|
|teampreview|4
|showteam|p1|Gholdengo||MetalCoat|GoodasGold|MakeItRain,Protect,ShadowBall,NastyPlot||||||50|,,,,,Dragon]Magmar||Eviolite|FlameBody|FollowMe,HeatWave,Protect,Taunt|||F|||50|,,,,,Ghost]Annihilape||Leftovers|Defiant|DrainPunch,BulkUp,Protect,RageFist|||F|||50|,,,,,Fire]Ursaluna-Bloodmoon||AssaultVest|MindsEye|BloodMoon,HyperVoice,EarthPower,VacuumWave|||M|||50|,,,,,Normal]Dragonite||LoadedDice|InnerFocus|Haze,Protect,ScaleShot,Tailwind|||F|||50|,,,,,Fairy]Rillaboom||LifeOrb|GrassySurge|FakeOut,GrassyGlide,DrumBeating,KnockOff|||F|||50|,,,,,Grass
|showteam|p2|Garchomp||LifeOrb|RoughSkin|DragonClaw,Earthquake,StompingTantrum,Protect|||F|||50|,,,,,Ground]Weezing-Galar||FocusSash|NeutralizingGas|Protect,SludgeBomb,Taunt,StrangeSteam|||M|||50|,,,,,Flying]Archaludon||PowerHerb|Sturdy|ElectroShot,Thunderbolt,DracoMeteor,Protect|||M|||50|,,,,,Electric]Gholdengo||ChoiceSpecs|GoodasGold|ShadowBall,DazzlingGleam,PowerGem,MakeItRain||||||50|,,,,,Fairy]Talonflame||CovertCloak|GaleWings|Tailwind,DualWingbeat,Taunt,FlareBlitz|||F|||50|,,,,,Stellar]Annihilape||AssaultVest|Defiant|CloseCombat,RageFist,FinalGambit,IcePunch|||F|||50|,,,,,Grass
|j| Auragap
|
|t:|1756691775
|teamsize|p1|4
|teamsize|p2|4
|start
|switch|p1a: Gholdengo|Gholdengo, L50|100/100
|switch|p1b: Magmar|Magmar, L50, F|100/100
|switch|p2a: Archaludon|Archaludon, L50, M|100/100
|switch|p2b: Talonflame|Talonflame, L50, F|100/100
|turn|1
|
|t:|1756691794
|move|p1b: Magmar|Follow Me|p1b: Magmar
|-singleturn|p1b: Magmar|move: Follow Me
|move|p2b: Talonflame|Taunt|p1b: Magmar
|-start|p1b: Magmar|move: Taunt
|move|p2a: Archaludon|Electro Shot||[still]
|-prepare|p2a: Archaludon|Electro Shot
|-boost|p2a: Archaludon|spa|1
|-enditem|p2a: Archaludon|Power Herb
|-anim|p2a: Archaludon|Electro Shot|p1b: Magmar
|-damage|p1b: Magmar|57/100
|move|p1a: Gholdengo|Nasty Plot|p1a: Gholdengo
|-boost|p1a: Gholdengo|spa|2
|
|upkeep
|turn|2
|
|t:|1756691816
|move|p1a: Gholdengo|Protect|p1a: Gholdengo
|-singleturn|p1a: Gholdengo|Protect
|move|p2b: Talonflame|Flare Blitz|p1a: Gholdengo
|-activate|p1a: Gholdengo|move: Protect
|move|p2a: Archaludon|Thunderbolt|p1a: Gholdengo
|-activate|p1a: Gholdengo|move: Protect
|move|p1b: Magmar|Heat Wave|p2a: Archaludon|[spread] p2a,p2b
|-resisted|p2b: Talonflame
|-damage|p2a: Archaludon|60/100
|-damage|p2b: Talonflame|81/100
|
|upkeep
|turn|3
|
|t:|1756691848
|switch|p1b: Ursaluna|Ursaluna-Bloodmoon, L50, M|100/100
|-terastallize|p1a: Gholdengo|Dragon
|move|p2b: Talonflame|Tailwind|p2b: Talonflame
|-sidestart|p2: Gentlefish|move: Tailwind
|move|p2a: Archaludon|Thunderbolt|p1a: Gholdengo
|-resisted|p1a: Gholdengo
|-damage|p1a: Gholdengo|77/100
|move|p1a: Gholdengo|Shadow Ball|p2a: Archaludon
|-damage|p2a: Archaludon|0 fnt
|faint|p2a: Archaludon
|
|upkeep
|
|t:|1756691856
|switch|p2a: Annihilape|Annihilape, L50, F|100/100
|turn|4
|l| Auragap
|
|t:|1756691904
|move|p2b: Talonflame|Dual Wingbeat|p1b: Ursaluna
|-damage|p1b: Ursaluna|89/100
|-damage|p1b: Ursaluna|77/100
|-hitcount|p1b: Ursaluna|2
|move|p2a: Annihilape|Close Combat|p1a: Gholdengo
|-damage|p1a: Gholdengo|23/100
|-unboost|p2a: Annihilape|def|1
|-unboost|p2a: Annihilape|spd|1
|move|p1a: Gholdengo|Make It Rain|p2b: Talonflame|[spread] p2a,p2b
|-resisted|p2b: Talonflame
|-damage|p2a: Annihilape|0 fnt
|-damage|p2b: Talonflame|0 fnt
|-unboost|p1a: Gholdengo|spa|1
|faint|p2a: Annihilape
|faint|p2b: Talonflame
|move|p1b: Ursaluna|Blood Moon|p2: Annihilape|[notarget]
|-fail|p1b: Ursaluna
|
|upkeep
|
|t:|1756691914
|switch|p2a: Gholdengo|Gholdengo, L50|100/100
|turn|5
|j| Auragap
|
|t:|1756691931
|move|p2a: Gholdengo|Make It Rain|p1a: Gholdengo|[spread] p1a,p1b
|-damage|p1a: Gholdengo|0 fnt
|-damage|p1b: Ursaluna|22/100
|-unboost|p2a: Gholdengo|spa|1
|faint|p1a: Gholdengo
|move|p1b: Ursaluna|Earth Power|p2a: Gholdengo
|-supereffective|p2a: Gholdengo
|-damage|p2a: Gholdengo|0 fnt
|faint|p2a: Gholdengo
|
|win|Jack_patata
|raw|Jack_patata's rating: 1081 → 1115(+34 for winning)
|raw|Gentlefish's rating: 1164 → 1133(-31 for losing)
