|j|☆Llama_Llord
|j|‽Pejrbxkfnek
|html|Llama_LlordPejrbxkfnek    
|uhtml|bestof|Game 1 of a best-of-3
|t:|1756723991
|gametype|doubles
|player|p1|Llama_Llord|265|1072
|player|p2|Pejrbxkfnek|1|1045
|gen|9
|tier|[Gen 9] VGC 2025 Reg H (Bo3)
|rated|
|rule|Species Clause: Limit one of each Pokémon
|rule|Item Clause: Limit 1 of each item
|clearpoke
|poke|p1|Meowscarada, L50, M|
|poke|p1|Primarina, L50, F|
|poke|p1|Indeedee, L50, M|
|poke|p1|Sneasler, L50, F|
|poke|p1|Tatsugiri, L50, F|
|poke|p1|Kingambit, L50, F|
|poke|p2|Volcarona, L50, F|
|poke|p2|Kingambit, L50, F|
|poke|p2|Dragonite, L50, M|
|poke|p2|Sneasler, L50, F|
|poke|p2|Rillaboom, L50, F|
|poke|p2|Electabuzz, L50, F|
|teampreview|4
|showteam|p1|Meowscarada||FocusSash|Overgrow|GrassPledge,KnockOff,FlowerTrick,Protect|||M|||50|,,,,,Fairy]Primarina||LifeOrb|LiquidVoice|WaterPledge,HyperVoice,Moonblast,Protect|||F|||50|,,,,,Poison]Indeedee||SafetyGoggles|PsychicSurge|ExpandingForce,Imprison,TrickRoom,Protect|||M|||50|,,,,,Fire]Sneasler||PsychicSeed|Unburden|DireClaw,CloseCombat,ThroatChop,Protect|||F|||50|,,,,,Stellar]Tatsugiri||AssaultVest|StormDrain|DracoMeteor,IcyWind,TeraBlast,Surf|||F|||50|,,,,,Ground]Kingambit||BlackGlasses|Defiant|KowtowCleave,IronHead,SuckerPunch,Protect|||F|||50|,,,,,Fairy
|showteam|p2|Volcarona||Leftovers|FlameBody|HeatWave,TeraBlast,QuiverDance,Protect|||F|||50|,,,,,Fairy]Kingambit||BlackGlasses|Defiant|KowtowCleave,SuckerPunch,SwordsDance,Protect|||F|||50|,,,,,Dark]Dragonite||LoadedDice|Multiscale|ScaleShot,ExtremeSpeed,Haze,Protect|||M|||50|,,,,,Steel]Sneasler||FocusSash|PoisonTouch|CloseCombat,DireClaw,FakeOut,Coaching|||F|||50|,,,,,Stellar]Rillaboom||AssaultVest|GrassySurge|WoodHammer,GrassyGlide,HighHorsepower,FakeOut|||F|||50|,,,,,Fire]Electabuzz||Eviolite|VitalSpirit|Thunderbolt,Taunt,FollowMe,Protect|||F|||50|,,,,,Ghost
|inactive|Battle timer is ON: inactive players will automatically lose when time's up. (requested by Llama_Llord)
|inactive|Pejrbxkfnek has 60 seconds left.
|
|t:|1756724041
|teamsize|p1|4
|teamsize|p2|4
|start
|switch|p1a: Puss in Boots|Meowscarada, L50, M|100/100
|switch|p1b: Fiona|Primarina, L50, F|100/100
|switch|p2a: Volcarona|Volcarona, L50, F|100/100
|switch|p2b: Electabuzz|Electabuzz, L50, F|100/100
|turn|1
|inactive|Pejrbxkfnek has 30 seconds left.
|
|t:|1756724070
|move|p1a: Puss in Boots|Grass Pledge|p2a: Volcarona
|-waiting|p1a: Puss in Boots|p1b: Fiona
|move|p1b: Fiona|Water Pledge|p2a: Volcarona|[from] move: Grass Pledge
|-combine
|-resisted|p2a: Volcarona
|-damage|p2a: Volcarona|73/100
|-sidestart|p2: Pejrbxkfnek|Grass Pledge
|-damage|p1b: Fiona|91/100|[from] item: Life Orb
|move|p2a: Volcarona|Quiver Dance|p2a: Volcarona
|-boost|p2a: Volcarona|spa|1
|-boost|p2a: Volcarona|spd|1
|-boost|p2a: Volcarona|spe|1
|move|p2b: Electabuzz|Thunderbolt|p1b: Fiona
|-supereffective|p1b: Fiona
|-damage|p1b: Fiona|40/100
|
|-heal|p2a: Volcarona|79/100|[from] item: Leftovers
|upkeep
|turn|2
|inactive|Pejrbxkfnek has 30 seconds left.
|inactive|Llama_Llord has 30 seconds left.
|inactive|Pejrbxkfnek has 20 seconds left.
|inactive|Pejrbxkfnek has 15 seconds left.
|inactive|Pejrbxkfnek has 10 seconds left.
|inactive|Pejrbxkfnek has 5 seconds left.
|
|t:|1756724121
|move|p1b: Fiona|Protect|p1b: Fiona
|-singleturn|p1b: Fiona|Protect
|move|p2b: Electabuzz|Follow Me|p2b: Electabuzz
|-singleturn|p2b: Electabuzz|move: Follow Me
|move|p1a: Puss in Boots|Knock Off|p2b: Electabuzz
|-damage|p2b: Electabuzz|69/100
|-enditem|p2b: Electabuzz|Eviolite|[from] move: Knock Off|[of] p1a: Puss in Boots
|move|p2a: Volcarona|Quiver Dance|p2a: Volcarona
|-boost|p2a: Volcarona|spa|1
|-boost|p2a: Volcarona|spd|1
|-boost|p2a: Volcarona|spe|1
|
|-heal|p2a: Volcarona|86/100|[from] item: Leftovers
|upkeep
|turn|3
|
|t:|1756724146
|move|p2a: Volcarona|Protect|p2a: Volcarona
|-singleturn|p2a: Volcarona|Protect
|move|p1a: Puss in Boots|Knock Off|p2a: Volcarona
|-activate|p2a: Volcarona|move: Protect
|move|p1b: Fiona|Hyper Voice|p2b: Electabuzz|[spread] p2b
|-activate|p2a: Volcarona|move: Protect
|-damage|p2b: Electabuzz|6/100
|-damage|p1b: Fiona|31/100|[from] item: Life Orb
|move|p2b: Electabuzz|Thunderbolt|p1b: Fiona
|-supereffective|p1b: Fiona
|-damage|p1b: Fiona|0 fnt
|faint|p1b: Fiona
|
|-heal|p2a: Volcarona|92/100|[from] item: Leftovers
|upkeep
|
|t:|1756724150
|switch|p1b: Sneasler|Sneasler, L50, F|100/100
|turn|4
|
|t:|1756724170
|switch|p1a: Indeedee|Indeedee, L50, M|100/100
|-fieldstart|move: Psychic Terrain|[from] ability: Psychic Surge|[of] p1a: Indeedee
|-enditem|p1b: Sneasler|Psychic Seed
|-boost|p1b: Sneasler|spd|1|[from] item: Psychic Seed
|move|p2b: Electabuzz|Follow Me|p2b: Electabuzz
|-singleturn|p2b: Electabuzz|move: Follow Me
|move|p1b: Sneasler|Dire Claw|p2b: Electabuzz
|-damage|p2b: Electabuzz|0 fnt
|faint|p2b: Electabuzz
|move|p2a: Volcarona|Heat Wave|p1a: Indeedee|[spread] p1a,p1b
|-damage|p1a: Indeedee|9/100
|-damage|p1b: Sneasler|36/100
|
|-heal|p2a: Volcarona|98/100|[from] item: Leftovers
|-sideend|p2: Pejrbxkfnek|Grass Pledge
|upkeep
|inactive|Pejrbxkfnek has 30 seconds left.
|inactive|Pejrbxkfnek has 20 seconds left.
|
|t:|1756724206
|switch|p2b: Rillaboom|Rillaboom, L50, F|100/100
|-fieldstart|move: Grassy Terrain|[from] ability: Grassy Surge|[of] p2b: Rillaboom
|turn|5
|inactive|Pejrbxkfnek has 30 seconds left.
|inactive|Pejrbxkfnek has 20 seconds left.
|
|t:|1756724246
|move|p1b: Sneasler|Protect|p1b: Sneasler
|-singleturn|p1b: Sneasler|Protect
|move|p1a: Indeedee|Protect|p1a: Indeedee
|-singleturn|p1a: Indeedee|Protect
|move|p2b: Rillaboom|Fake Out|p1b: Sneasler
|-activate|p1b: Sneasler|move: Protect
|move|p2a: Volcarona|Quiver Dance|p2a: Volcarona
|-boost|p2a: Volcarona|spa|1
|-boost|p2a: Volcarona|spd|1
|-boost|p2a: Volcarona|spe|1
|
|-heal|p2a: Volcarona|100/100|[from] Grassy Terrain
|-heal|p1b: Sneasler|42/100|[from] Grassy Terrain
|-heal|p1a: Indeedee|15/100|[from] Grassy Terrain
|upkeep
|turn|6
|
|t:|1756724270
|move|p2a: Volcarona|Protect|p2a: Volcarona
|-singleturn|p2a: Volcarona|Protect
|move|p1b: Sneasler|Dire Claw|p2a: Volcarona
|-activate|p2a: Volcarona|move: Protect
|move|p2b: Rillaboom|High Horsepower|p1b: Sneasler
|-supereffective|p1b: Sneasler
|-damage|p1b: Sneasler|0 fnt
|faint|p1b: Sneasler
|move|p1a: Indeedee|Trick Room|p1a: Indeedee
|-fieldstart|move: Trick Room|[of] p1a: Indeedee
|
|-heal|p1a: Indeedee|21/100|[from] Grassy Terrain
|upkeep
|
|t:|1756724275
|switch|p1b: Puss in Boots|Meowscarada, L50, M|100/100
|turn|7
|
|t:|1756724291
|move|p1a: Indeedee|Protect|p1a: Indeedee
|-singleturn|p1a: Indeedee|Protect
|move|p2b: Rillaboom|Grassy Glide|p1a: Indeedee
|-activate|p1a: Indeedee|move: Protect
|move|p1b: Puss in Boots|Knock Off|p2a: Volcarona
|-crit|p2a: Volcarona
|-damage|p2a: Volcarona|19/100
|-enditem|p2a: Volcarona|Leftovers|[from] move: Knock Off|[of] p1b: Puss in Boots
|move|p2a: Volcarona|Heat Wave|p1a: Indeedee|[spread] p1b
|-activate|p1a: Indeedee|move: Protect
|-supereffective|p1b: Puss in Boots
|-enditem|p1b: Puss in Boots|Focus Sash
|-damage|p1b: Puss in Boots|1/100
|
|-heal|p1a: Indeedee|28/100|[from] Grassy Terrain
|-heal|p1b: Puss in Boots|7/100|[from] Grassy Terrain
|-heal|p2a: Volcarona|25/100|[from] Grassy Terrain
|upkeep
|turn|8
|
|t:|1756724313
|-terastallize|p1a: Indeedee|Fire
|move|p2a: Volcarona|Protect|p2a: Volcarona
|-singleturn|p2a: Volcarona|Protect
|move|p2b: Rillaboom|Grassy Glide|p1b: Puss in Boots
|-resisted|p1b: Puss in Boots
|-damage|p1b: Puss in Boots|0 fnt
|faint|p1b: Puss in Boots
|move|p1a: Indeedee|Expanding Force|p2a: Volcarona
|-activate|p2a: Volcarona|move: Protect
|
|-heal|p1a: Indeedee|34/100|[from] Grassy Terrain
|-heal|p2a: Volcarona|31/100|[from] Grassy Terrain
|upkeep
|turn|9
|
|t:|1756724335
|move|p2b: Rillaboom|High Horsepower|p1a: Indeedee
|-supereffective|p1a: Indeedee
|-damage|p1a: Indeedee|0 fnt
|faint|p1a: Indeedee
|
|win|Pejrbxkfnek
