|j|☆failandimprove2
|j|☆blublupblub
|html|failandimprove2blublupblub    
|uhtml|bestof|Game 1 of a best-of-3
|t:|1783196349
|gametype|doubles
|player|p1|failandimprove2|102|1418
|player|p2|blublupblub|akari|1492
|gen|9
|tier|[Gen 9 Champions] VGC 2026 Reg M-B (Bo3)
|rated|
|rule|Species Clause: Limit one of each Pokémon
|rule|Item Clause: Limit 1 of each item
|clearpoke
|poke|p1|Floette-Eternal, L50, F|
|poke|p1|Kingambit, L50, F|
|poke|p1|Garchomp, L50, F|
|poke|p1|Sneasler, L50, M|
|poke|p1|Sinistcha-Masterpiece, L50|
|poke|p1|Incineroar, L50, F|
|poke|p2|Delphox, L50, M|
|poke|p2|Annihilape, L50, F|
|poke|p2|Rotom-Wash, L50|
|poke|p2|Ninetales-Alola, L50, F, shiny|
|poke|p2|Incineroar, L50, M, shiny|
|poke|p2|Kingambit, L50, M, shiny|
|teampreview|4
|showteam|p1|Floette-Eternal||Floettite|FlowerVeil|DazzlingGleam,DrainingKiss,CalmMind,Protect|Timid||F|||50|]Kingambit||ChopleBerry|Defiant|KowtowCleave,SuckerPunch,IronHead,Protect|Adamant||F|||50|]Garchomp||Garchompite|RoughSkin|RockSlide,StompingTantrum,Earthquake,Protect|Adamant||F|||50|]Sneasler||FocusSash|Unburden|FakeOut,CloseCombat,DireClaw,Coaching|Naive||M|||50|]Sinistcha-Masterpiece||KasibBerry|Hospitality|MatchaGotcha,TrickRoom,RagePowder,Protect|Bold|||||50|]Incineroar||SitrusBerry|Intimidate|FakeOut,PartingShot,FlareBlitz,HelpingHand|Sassy||F|||50|
|showteam|p2|Delphox||Delphoxite|Blaze|HeatWave,Psychic,Encore,Protect|Timid||M|||50|]Annihilape||FocusSash|Defiant|CloseCombat,RageFist,Taunt,Protect|Jolly||F|||50|]Rotom-Wash||SitrusBerry|Levitate|HydroPump,VoltSwitch,WillOWisp,LightScreen|Bold|||||50|]Ninetales-Alola||LifeOrb|SnowWarning|Blizzard,Moonblast,FreezeDry,Protect|Timid||F|||50|]Incineroar||PasshoBerry|Intimidate|FlareBlitz,Snarl,FakeOut,PartingShot|Impish||M|||50|]Kingambit||BlackGlasses|Defiant|KowtowCleave,SuckerPunch,IronHead,Protect|Adamant||M|||50|
|inactive|Battle timer is ON: inactive players will automatically lose when time's up. (requested by blublupblub)
|inactive|failandimprove2 also wants the timer to be on.
|inactive|failandimprove2 has 60 seconds left.
|inactive|blublupblub has 60 seconds left.
|
|t:|1783196380
|teamsize|p1|4
|teamsize|p2|4
|start
|switch|p1a: Floette|Floette-Eternal, L50, F|100/100
|switch|p1b: Incineroar|Incineroar, L50, F|100/100
|switch|p2a: Serana|Delphox, L50, M|100/100
|switch|p2b: Pugliest|Annihilape, L50, F|100/100
|-ability|p1b: Incineroar|Intimidate|boost
|-unboost|p2a: Serana|atk|1
|-unboost|p2b: Pugliest|atk|1
|-ability|p2b: Pugliest|Defiant|boost
|-boost|p2b: Pugliest|atk|2
|turn|1
|inactive|failandimprove2 has 30 seconds left.
|inactive|failandimprove2 has 20 seconds left.
|inactive|failandimprove2 has 15 seconds left.
|inactive|failandimprove2 has 10 seconds left.
|
|t:|1783196427
|detailschange|p2a: Serana|Delphox-Mega, L50, M
|-mega|p2a: Serana|Delphox|Delphoxite
|detailschange|p1a: Floette|Floette-Mega, L50, F
|-mega|p1a: Floette|Floette|Floettite
|-ability|p1a: Floette|Fairy Aura
|move|p1b: Incineroar|Fake Out|p2a: Serana
|-damage|p2a: Serana|86/100
|cant|p2a: Serana|flinch
|move|p1a: Floette|Dazzling Gleam|p2b: Pugliest|[spread] p2a,p2b
|-resisted|p2a: Serana|1
|-supereffective|p2b: Pugliest|1
|-damage|p2a: Serana|68/100
|-damage|p2b: Pugliest|6/100
|move|p2b: Pugliest|Close Combat|p1a: Floette
|-resisted|p1a: Floette|1
|-damage|p1a: Floette|54/100
|-unboost|p2b: Pugliest|def|1
|-unboost|p2b: Pugliest|spd|1
|
|upkeep
|turn|2
|inactive|failandimprove2 has 30 seconds left.
|inactive|blublupblub has 30 seconds left.
|
|t:|1783196461
|move|p2a: Serana|Encore|p1b: Incineroar
|-start|p1b: Incineroar|Encore
|move|p1b: Incineroar|Fake Out||[still]
|-hint|Fake Out only works on your first turn out.
|-fail|p1b: Incineroar
|move|p1a: Floette|Dazzling Gleam|p2a: Serana|[spread] p2a,p2b
|-resisted|p2a: Serana|1
|-supereffective|p2b: Pugliest|1
|-damage|p2a: Serana|50/100g
|-damage|p2b: Pugliest|0 fnt
|faint|p2b: Pugliest
|
|upkeep
|
|t:|1783196470
|switch|p2b: Dovahkiin|Ninetales-Alola, L50, F, shiny|100/100
|-weather|Snowscape|[from] ability: Snow Warning|[of] p2b: Dovahkiin
|turn|3
|inactive|failandimprove2 has 30 seconds left.
|inactive|failandimprove2 has 20 seconds left.
|
|t:|1783196505
|switch|p1b: Sneasler|Sneasler, L50, M|100/100
|move|p1a: Floette|Protect|p1a: Floette
|-singleturn|p1a: Floette|Protect
|move|p2a: Serana|Heat Wave|p1b: Sneasler|[spread] p1b
|-activate|p1a: Floette|move: Protect
|-damage|p1b: Sneasler|40/100
|move|p2b: Dovahkiin|Blizzard|p1b: Sneasler|[spread] p1b
|-activate|p1a: Floette|move: Protect
|-damage|p1b: Sneasler|0 fnt
|faint|p1b: Sneasler
|-damage|p2b: Dovahkiin|90/100|[from] item: Life Orb
|
|-weather|Snowscape|[upkeep]
|upkeep
|
|t:|1783196526
|switch|p1b: Kingambit|Kingambit, L50, F|100/100
|turn|4
|
|t:|1783196548
|switch|p1a: Incineroar|Incineroar, L50, F|100/100
|-ability|p1a: Incineroar|Intimidate|boost
|-unboost|p2a: Serana|atk|1
|-unboost|p2b: Dovahkiin|atk|1
|move|p1b: Kingambit|Protect|p1b: Kingambit
|-singleturn|p1b: Kingambit|Protect
|move|p2a: Serana|Heat Wave|p1b: Kingambit|[spread] p1a
|-activate|p1b: Kingambit|move: Protect
|-resisted|p1a: Incineroar|1
|-damage|p1a: Incineroar|86/100
|move|p2b: Dovahkiin|Blizzard|p1b: Kingambit|[spread] p1a
|-activate|p1b: Kingambit|move: Protect
|-resisted|p1a: Incineroar|1
|-damage|p1a: Incineroar|72/100
|-damage|p2b: Dovahkiin|81/100|[from] item: Life Orb
|
|-weather|Snowscape|[upkeep]
|upkeep
|turn|5
|
|t:|1783196563
|move|p2a: Serana|Protect|p2a: Serana
|-singleturn|p2a: Serana|Protect
|move|p2b: Dovahkiin|Protect|p2b: Dovahkiin
|-singleturn|p2b: Dovahkiin|Protect
|move|p1a: Incineroar|Fake Out|p2a: Serana
|-activate|p2a: Serana|move: Protect
|move|p1b: Kingambit|Iron Head|p2b: Dovahkiin
|-activate|p2b: Dovahkiin|move: Protect
|
|-weather|Snowscape|[upkeep]
|upkeep
|turn|6
|
|t:|1783196580
|switch|p2b: Blade|Kingambit, L50, M, shiny|100/100
|switch|p1a: Floette|Floette-Mega, L50, F|54/100
|-ability|p1a: Floette|Fairy Aura
|move|p2a: Serana|Encore|p1b: Kingambit
|-start|p1b: Kingambit|Encore
|move|p1b: Kingambit|Iron Head|p2a: Serana
|-resisted|p2a: Serana|1
|-damage|p2a: Serana|21/100
|
|-weather|Snowscape|[upkeep]
|upkeep
|turn|7
|inactive|failandimprove2 has 30 seconds left.
|inactive|blublupblub has 30 seconds left.
|inactive|blublupblub has 20 seconds left.
|
|t:|1783196618
|move|p1a: Floette|Protect|p1a: Floette
|-singleturn|p1a: Floette|Protect
|move|p2a: Serana|Heat Wave|p1b: Kingambit|[spread] p1b
|-activate|p1a: Floette|move: Protect
|-supereffective|p1b: Kingambit|1
|-damage|p1b: Kingambit|26/100
|move|p2b: Blade|Iron Head|p1a: Floette
|-activate|p1a: Floette|move: Protect
|move|p1b: Kingambit|Iron Head|p2b: Blade
|-resisted|p2b: Blade|1
|-damage|p2b: Blade|79/100
|
|-weather|none
|upkeep
|turn|8
|
|t:|1783196625
|switch|p1b: Incineroar|Incineroar, L50, F|72/100
|-ability|p1b: Incineroar|Intimidate|boost
|-unboost|p2a: Serana|atk|1
|-unboost|p2b: Blade|atk|1
|-ability|p2b: Blade|Defiant|boost
|-boost|p2b: Blade|atk|2
|move|p2a: Serana|Heat Wave|p1b: Incineroar|[spread] p1a
|-miss|p2a: Serana|p1b: Incineroar
|-damage|p1a: Floette|23/100
|move|p1a: Floette|Dazzling Gleam|p2a: Serana|[spread] p2a,p2b
|-resisted|p2a: Serana|1
|-damage|p2a: Serana|5/100
|-damage|p2b: Blade|29/100
|move|p2b: Blade|Iron Head|p1a: Floette
|-supereffective|p1a: Floette|1
|-damage|p1a: Floette|0 fnt
|faint|p1a: Floette
|
|upkeep
|
|t:|1783196632
|switch|p1a: Kingambit|Kingambit, L50, F|26/100
|turn|9
|
|t:|1783196640
|move|p2a: Serana|Protect|p2a: Serana
|-singleturn|p2a: Serana|Protect
|move|p2b: Blade|Protect|p2b: Blade
|-singleturn|p2b: Blade|Protect
|move|p1a: Kingambit|Sucker Punch||[still]
|-fail|p1a: Kingambit
|move|p1b: Incineroar|Flare Blitz|p2b: Blade
|-activate|p2b: Blade|move: Protect
|
|upkeep
|turn|10
|
|t:|1783196655
|move|p1a: Kingambit|Protect|p1a: Kingambit
|-singleturn|p1a: Kingambit|Protect
|move|p2a: Serana|Encore|p1a: Kingambit
|-activate|p1a: Kingambit|move: Protect
|move|p2b: Blade|Kowtow Cleave|p1a: Kingambit
|-activate|p1a: Kingambit|move: Protect
|move|p1b: Incineroar|Flare Blitz|p2a: Serana
|-resisted|p2a: Serana|1
|-damage|p2a: Serana|0 fnt
|faint|p2a: Serana
|-damage|p1b: Incineroar|70/100|[from] Recoil
|
|upkeep
|
|t:|1783196657
|switch|p2a: Dovahkiin|Ninetales-Alola, L50, F, shiny|81/100
|-weather|Snowscape|[from] ability: Snow Warning|[of] p2a: Dovahkiin
|turn|11
|inactive|failandimprove2 has 30 seconds left.
|
|t:|1783196686
|move|p2b: Blade|Sucker Punch|p1a: Kingambit
|-resisted|p1a: Kingambit|1
|-damage|p1a: Kingambit|0 fnt
|faint|p1a: Kingambit
|move|p2a: Dovahkiin|Moonblast|p1b: Incineroar
|-damage|p1b: Incineroar|37/100
|-enditem|p1b: Incineroar|Sitrus Berry|[eat]
|-heal|p1b: Incineroar|61/100|[from] item: Sitrus Berry
|-damage|p2a: Dovahkiin|71/100|[from] item: Life Orb
|move|p1b: Incineroar|Flare Blitz|p2a: Dovahkiin
|-supereffective|p2a: Dovahkiin|1
|-damage|p2a: Dovahkiin|0 fnt
|faint|p2a: Dovahkiin
|-damage|p1b: Incineroar|44/100|[from] Recoil
|
|-weather|Snowscape|[upkeep]
|upkeep
|turn|12
|
|t:|1783196703
|move|p2b: Blade|Iron Head|p1b: Incineroar
|-resisted|p1b: Incineroar|1
|-damage|p1b: Incineroar|16/100
|move|p1b: Incineroar|Flare Blitz|p2b: Blade
|-supereffective|p2b: Blade|1
|-damage|p2b: Blade|0 fnt
|faint|p2b: Blade
|-damage|p1b: Incineroar|7/100|[from] Recoil
|
|win|failandimprove2
