|j|☆stoicone
|j|☆HenriqueZVGC
|html|stoiconeHenriqueZVGC    
|uhtml|bestof|Game 1 of a best-of-3
|t:|1784507986
|gametype|doubles
|player|p1|stoicone|1|1049
|player|p2|HenriqueZVGC|steven|1137
|gen|9
|tier|[Gen 9 Champions] VGC 2026 Reg M-B (Bo3)
|rated|
|rule|Species Clause: Limit one of each Pokémon
|rule|Item Clause: Limit 1 of each item
|clearpoke
|poke|p1|Beedrill, L50, M|
|poke|p1|Archaludon, L50, F|
|poke|p1|Farigiraf, L50, M|
|poke|p1|Incineroar, L50, F|
|poke|p1|Pelipper, L50, M|
|poke|p1|Swampert, L50, M|
|poke|p2|Malamar, L50, M|
|poke|p2|Maushold, L50|
|poke|p2|Mawile, L50, F|
|poke|p2|Sinistcha, L50|
|poke|p2|Whimsicott, L50, M|
|poke|p2|Incineroar, L50, M|
|teampreview|4
|showteam|p1|Beedrill||Beedrillite|Swarm|Uturn,PoisonJab,DrillRun,Protect|Jolly||M|||50|]Archaludon||Leftovers|Stamina|ElectroShot,DragonPulse,FlashCannon,Protect|Modest||F|||50|]Farigiraf||SitrusBerry|ArmorTail|Psychic,HelpingHand,TrickRoom,RainDance|Bold||M|||50|]Incineroar||PasshoBerry|Intimidate|FlareBlitz,ThroatChop,FakeOut,PartingShot|Adamant||F|||50|]Pelipper||LifeOrb|Drizzle|Hurricane,WeatherBall,Tailwind,WideGuard|Modest||M|||50|]Swampert||Swampertite|Torrent|WaveCrash,HighHorsepower,RockSlide,Protect|Adamant||M|||50|
|showteam|p2|Malamar||Malamarite|Contrary|Superpower,KnockOff,TrickRoom,Protect|Adamant||M|||50|]Maushold||WideLens|Technician|PopulationBomb,FollowMe,Feint,Protect|Jolly|||||50|]Mawile||Mawilite|HyperCutter|PlayRough,RockSlide,SuckerPunch,Protect|Brave||F|||50|]Sinistcha||ColburBerry|Hospitality|MatchaGotcha,LifeDew,RagePowder,Protect|Calm|||||50|]Whimsicott||FocusSash|Prankster|Moonblast,Tailwind,Charm,SunnyDay|Modest||M|||50|]Incineroar||LifeOrb|Intimidate|FlareBlitz,DarkestLariat,PartingShot,FakeOut|Brave||M|||50|
|inactive|Battle timer is ON: inactive players will automatically lose when time's up. (requested by stoicone)
|inactive|HenriqueZVGC also wants the timer to be on.
|inactive|HenriqueZVGC has 60 seconds left.
|inactive|stoicone has 60 seconds left.
|
|t:|1784508044
|teamsize|p1|4
|teamsize|p2|4
|start
|switch|p1a: Beedrill|Beedrill, L50, M|100/100
|switch|p1b: Archaludon|Archaludon, L50, F|100/100
|switch|p2a: Malamar|Malamar, L50, M|100/100
|switch|p2b: Maushold|Maushold, L50|100/100
|turn|1
|inactive|HenriqueZVGC has 30 seconds left.
|inactive|HenriqueZVGC has 20 seconds left.
|inactive|HenriqueZVGC has 15 seconds left.
|inactive|HenriqueZVGC has 10 seconds left.
|
|t:|1784508094
|detailschange|p1a: Beedrill|Beedrill-Mega, L50, M
|-mega|p1a: Beedrill|Beedrill|Beedrillite
|move|p1a: Beedrill|U-turn|p2a: Malamar
|-supereffective|p2a: Malamar|2
|-crit|p2a: Malamar
|-damage|p2a: Malamar|0 fnt
|faint|p2a: Malamar
|
|t:|1784508100
|switch|p1a: Pelipper|Pelipper, L50, M|100/100|[from] U-turn
|-weather|RainDance|[from] ability: Drizzle|[of] p1a: Pelipper
|move|p2b: Maushold|Population Bomb|p1a: Pelipper
|-damage|p1a: Pelipper|88/100
|-damage|p1a: Pelipper|77/100
|-damage|p1a: Pelipper|65/100
|-damage|p1a: Pelipper|54/100
|-damage|p1a: Pelipper|43/100
|-damage|p1a: Pelipper|30/100
|-damage|p1a: Pelipper|19/100
|-damage|p1a: Pelipper|7/100
|-damage|p1a: Pelipper|0 fnt
|faint|p1a: Pelipper
|-hitcount|p1: Pelipper|9
|move|p1b: Archaludon|Electro Shot||[still]
|-prepare|p1b: Archaludon|Electro Shot
|-boost|p1b: Archaludon|spa|1
|-anim|p1b: Archaludon|Electro Shot|p2b: Maushold
|-damage|p2b: Maushold|11/100
|
|-weather|RainDance|[upkeep]
|upkeep
|inactive|stoicone has 30 seconds left.
|inactive|HenriqueZVGC has 30 seconds left.
|inactive|HenriqueZVGC has 20 seconds left.
|
|t:|1784508137
|switch|p2a: Mawile|Mawile, L50, F|100/100
|switch|p1a: Beedrill|Beedrill-Mega, L50, M|100/100
|turn|2
|
|t:|1784508153
|detailschange|p2a: Mawile|Mawile-Mega, L50, F
|-mega|p2a: Mawile|Mawile|Mawilite
|move|p2b: Maushold|Follow Me|p2b: Maushold
|-singleturn|p2b: Maushold|move: Follow Me
|move|p1a: Beedrill|U-turn|p2b: Maushold
|-damage|p2b: Maushold|0 fnt
|faint|p2b: Maushold
|
|t:|1784508162
|switch|p1a: Incineroar|Incineroar, L50, F|100/100|[from] U-turn
|-ability|p1a: Incineroar|Intimidate|boost
|-unboost|p2a: Mawile|atk|1
|move|p1b: Archaludon|Electro Shot||[still]
|-prepare|p1b: Archaludon|Electro Shot
|-boost|p1b: Archaludon|spa|1
|-anim|p1b: Archaludon|Electro Shot|p2a: Mawile
|-damage|p2a: Mawile|13/100
|move|p2a: Mawile|Rock Slide|p1a: Incineroar|[spread] p1a,p1b
|-supereffective|p1a: Incineroar|1
|-resisted|p1b: Archaludon|1
|-damage|p1a: Incineroar|61/100
|-damage|p1b: Archaludon|90/100
|-ability|p1b: Archaludon|Stamina|boost
|-boost|p1b: Archaludon|def|1
|
|-weather|RainDance|[upkeep]
|-heal|p1b: Archaludon|96/100|[from] item: Leftovers
|upkeep
|
|t:|1784508178
|switch|p2b: Sinistcha|Sinistcha, L50|100/100
|-heal|p2a: Mawile|38/100|[from] ability: Hospitality|[of] p2b: Sinistcha
|turn|3
|
|t:|1784508196
|move|p2b: Sinistcha|Protect|p2b: Sinistcha
|-singleturn|p2b: Sinistcha|Protect
|move|p2a: Mawile|Protect|p2a: Mawile
|-singleturn|p2a: Mawile|Protect
|move|p1a: Incineroar|Fake Out|p2a: Mawile
|-activate|p2a: Mawile|move: Protect
|move|p1b: Archaludon|Dragon Pulse|p2b: Sinistcha
|-activate|p2b: Sinistcha|move: Protect
|
|-weather|RainDance|[upkeep]
|-heal|p1b: Archaludon|100/100|[from] item: Leftovers
|upkeep
|turn|4
|inactive|HenriqueZVGC has 30 seconds left.
|
|t:|1784508223
|move|p1b: Archaludon|Electro Shot||[still]
|-prepare|p1b: Archaludon|Electro Shot
|-boost|p1b: Archaludon|spa|1
|-anim|p1b: Archaludon|Electro Shot|p2a: Mawile
|-damage|p2a: Mawile|0 fnt
|faint|p2a: Mawile
|move|p2b: Sinistcha|Life Dew||[still]
|-fail|p2b: Sinistcha|heal
|move|p1a: Incineroar|Parting Shot|p2b: Sinistcha
|-unboost|p2b: Sinistcha|atk|1
|-unboost|p2b: Sinistcha|spa|1
|
|t:|1784508234
|switch|p1a: Beedrill|Beedrill-Mega, L50, M|100/100|[from] Parting Shot
|
|-weather|RainDance|[upkeep]
|upkeep
|turn|5
|
|t:|1784508250
|move|p1a: Beedrill|Poison Jab|p2b: Sinistcha
|-damage|p2b: Sinistcha|44/100
|move|p1b: Archaludon|Dragon Pulse|p2b: Sinistcha
|-damage|p2b: Sinistcha|0 fnt
|faint|p2b: Sinistcha
|
|win|stoicone
