|j|☆roll.sys
|j|☆phuc_lamvgc
|html|roll.sysphuc_lamvgc    
|uhtml|bestof|Game 2 of a best-of-3
|t:|1783391462
|gametype|doubles
|player|p1|roll.sys|102|1046
|player|p2|phuc_lamvgc|miku-ghost|1165
|gen|9
|tier|[Gen 9 Champions] VGC 2026 Reg M-B (Bo3)
|rated|
|rule|Species Clause: Limit one of each Pokémon
|rule|Item Clause: Limit 1 of each item
|clearpoke
|poke|p1|Corviknight, L50, F|
|poke|p1|Excadrill, L50, F|
|poke|p1|Houndstone, L50, F|
|poke|p1|Hydreigon, L50, M|
|poke|p1|Scovillain, L50, F|
|poke|p1|Tyranitar, L50, F|
|poke|p2|Pyroar, L50, M, shiny|
|poke|p2|Floette-Eternal, L50, F, shiny|
|poke|p2|Farigiraf, L50, M, shiny|
|poke|p2|Incineroar, L50, M, shiny|
|poke|p2|Torkoal, L50, M, shiny|
|poke|p2|Vileplume, L50, M, shiny|
|teampreview|4
|showteam|p1|Corviknight||Leftovers|MirrorArmor|BraveBird,Tailwind,Roost,IronHead|Adamant||F|||50|]Excadrill||FocusSash|SandRush|IronHead,Protect,RockSlide,Earthquake|Adamant||F|||50|]Houndstone||SitrusBerry|SandRush|LastRespects,WillOWisp,Protect,BodyPress|Adamant||F|||50|]Hydreigon||ChoiceScarf|Levitate|DracoMeteor,DarkPulse,Snarl,EarthPower|Timid||M|||50|]Scovillain||Scovillainite|Moody|RagePowder,Protect,Overheat,GigaDrain|Adamant||F|||50|]Tyranitar||Tyranitarite|SandStream|RockSlide,Protect,KnockOff,LowKick|Adamant||F|||50|
|showteam|p2|Pyroar||Pyroarite|Unnerve|Overheat,SolarBeam,HeatWave,Protect|Timid||M|||50|]Floette-Eternal||Floettite|FlowerVeil|Moonblast,DrainingKiss,CalmMind,Protect|Modest||F|||50|]Farigiraf||SitrusBerry|ArmorTail|HelpingHand,TrickRoom,Psychic,Thunderbolt|Relaxed||M|||50|]Incineroar||WhiteHerb|Intimidate|FakeOut,FlareBlitz,DarkestLariat,CloseCombat|Brave||M|||50|]Torkoal||Charcoal|Drought|WeatherBall,Eruption,HelpingHand,Protect|Quiet||M|||50|]Vileplume||FocusSash|Chlorophyll|SolarBeam,SleepPowder,SludgeBomb,AfterYou|Timid||M|||50|
|inactive|Battle timer is ON: inactive players will automatically lose when time's up. (requested by roll.sys)
|
|t:|1783391489
|teamsize|p1|4
|teamsize|p2|4
|start
|switch|p1a: Hydreigon|Hydreigon, L50, M|100/100
|switch|p1b: Tyranitar|Tyranitar, L50, F|100/100
|switch|p2a: Incineroar|Incineroar, L50, M, shiny|100/100
|switch|p2b: Farigiraf|Farigiraf, L50, M, shiny|100/100
|-weather|Sandstorm|[from] ability: Sand Stream|[of] p1b: Tyranitar
|-ability|p2a: Incineroar|Intimidate|boost
|-unboost|p1a: Hydreigon|atk|1
|-unboost|p1b: Tyranitar|atk|1
|turn|1
|inactive|roll.sys has 30 seconds left.
|inactive|roll.sys has 20 seconds left.
|inactive|roll.sys has 15 seconds left.
|inactive|phuc_lamvgc has 30 seconds left.
|
|t:|1783391536
|switch|p1a: Scovillain|Scovillain, L50, F|100/100
|move|p2a: Incineroar|Fake Out|p1b: Tyranitar
|-resisted|p1b: Tyranitar|1
|-damage|p1b: Tyranitar|93/100
|cant|p1b: Tyranitar|flinch
|move|p2b: Farigiraf|Trick Room|p2b: Farigiraf
|-fieldstart|move: Trick Room|[of] p2b: Farigiraf
|
|-weather|Sandstorm|[upkeep]
|-damage|p2a: Incineroar|94/100|[from] Sandstorm
|-damage|p2b: Farigiraf|93/100|[from] Sandstorm
|-damage|p1a: Scovillain|94/100|[from] Sandstorm
|-ability|p1a: Scovillain|Moody|boost
|-boost|p1a: Scovillain|def|2
|-unboost|p1a: Scovillain|spd|1
|upkeep
|turn|2
|inactive|roll.sys has 30 seconds left.
|inactive|roll.sys has 20 seconds left.
|inactive|roll.sys has 15 seconds left.
|inactive|roll.sys has 10 seconds left.
|
|t:|1783391582
|move|p1b: Tyranitar|Protect|p1b: Tyranitar
|-singleturn|p1b: Tyranitar|Protect
|move|p1a: Scovillain|Protect|p1a: Scovillain
|-singleturn|p1a: Scovillain|Protect
|move|p2b: Farigiraf|Psychic|p1a: Scovillain
|-activate|p1a: Scovillain|move: Protect
|move|p2a: Incineroar|Close Combat|p1b: Tyranitar
|-activate|p1b: Tyranitar|move: Protect
|
|-weather|Sandstorm|[upkeep]
|-damage|p2b: Farigiraf|87/100|[from] Sandstorm
|-damage|p2a: Incineroar|88/100|[from] Sandstorm
|-damage|p1a: Scovillain|88/100|[from] Sandstorm
|-ability|p1a: Scovillain|Moody|boost
|-boost|p1a: Scovillain|spa|2
|-unboost|p1a: Scovillain|def|1
|upkeep
|turn|3
|inactive|roll.sys has 30 seconds left.
|inactive|roll.sys has 20 seconds left.
|inactive|roll.sys has 15 seconds left.
|inactive|roll.sys has 10 seconds left.
|
|t:|1783391628
|detailschange|p1b: Tyranitar|Tyranitar-Mega, L50, F
|-mega|p1b: Tyranitar|Tyranitar|Tyranitarite
|move|p1a: Scovillain|Rage Powder|p1a: Scovillain
|-singleturn|p1a: Scovillain|move: Rage Powder
|move|p2a: Incineroar|Close Combat|p1a: Scovillain
|-damage|p1a: Scovillain|36/100
|-unboost|p2a: Incineroar|def|1
|-unboost|p2a: Incineroar|spd|1
|-enditem|p2a: Incineroar|White Herb
|-clearnegativeboost|p2a: Incineroar|[silent]
|move|p2b: Farigiraf|Psychic|p1a: Scovillain
|-damage|p1a: Scovillain|0 fnt
|faint|p1a: Scovillain
|move|p1b: Tyranitar|Knock Off|p2b: Farigiraf
|-supereffective|p2b: Farigiraf|1
|-damage|p2b: Farigiraf|16/100
|-enditem|p2b: Farigiraf|Sitrus Berry|[from] move: Knock Off|[of] p1b: Tyranitar
|
|-weather|Sandstorm|[upkeep]
|-damage|p2b: Farigiraf|10/100|[from] Sandstorm
|-damage|p2a: Incineroar|82/100|[from] Sandstorm
|upkeep
|
|t:|1783391642
|switch|p1a: Hydreigon|Hydreigon, L50, M|100/100
|turn|4
|
|t:|1783391650
|switch|p2b: Floette|Floette-Eternal, L50, F, shiny|100/100
|move|p1b: Tyranitar|Protect|p1b: Tyranitar
|-singleturn|p1b: Tyranitar|Protect
|move|p2a: Incineroar|Close Combat|p1a: Hydreigon
|-supereffective|p1a: Hydreigon|1
|-damage|p1a: Hydreigon|2/100
|-unboost|p2a: Incineroar|def|1
|-unboost|p2a: Incineroar|spd|1
|move|p1a: Hydreigon|Snarl|p2b: Floette|[spread] p2a,p2b
|-resisted|p2a: Incineroar|1
|-resisted|p2b: Floette|1
|-damage|p2a: Incineroar|67/100
|-damage|p2b: Floette|92/100
|-unboost|p2a: Incineroar|spa|1
|-unboost|p2b: Floette|spa|1
|
|-weather|Sandstorm|[upkeep]
|-damage|p2a: Incineroar|61/100|[from] Sandstorm
|-damage|p2b: Floette|86/100|[from] Sandstorm
|-damage|p1a: Hydreigon|0 fnt|[from] Sandstorm
|faint|p1a: Hydreigon
|upkeep
|
|t:|1783391657
|switch|p1a: Excadrill|Excadrill, L50, F|100/100
|turn|5
|
|t:|1783391672
|switch|p2a: Torkoal|Torkoal, L50, M, shiny|100/100
|-weather|SunnyDay|[from] ability: Drought|[of] p2a: Torkoal
|detailschange|p2b: Floette|Floette-Mega, L50, F, shiny
|-mega|p2b: Floette|Floette|Floettite
|-ability|p2b: Floette|Fairy Aura
|move|p1b: Tyranitar|Protect||[still]
|-fail|p1b: Tyranitar
|move|p1a: Excadrill|Protect|p1a: Excadrill
|-singleturn|p1a: Excadrill|Protect
|move|p2b: Floette|Calm Mind|p2b: Floette
|-boost|p2b: Floette|spa|1
|-boost|p2b: Floette|spd|1
|
|-weather|SunnyDay|[upkeep]
|-fieldend|move: Trick Room
|upkeep
|turn|6
|-message|roll.sys forfeited.
|
|win|phuc_lamvgc
|raw|roll.sys's rating: 1046 → 1035(-11 for losing)
|raw|phuc_lamvgc's rating: 1165 → 1182(+17 for winning)
|l|☆roll.sys
|player|p1|
