|j|☆cowking1736
|j|☆lysha
|html|cowking1736lysha    
|uhtml|bestof|Game 1 of a best-of-3
|t:|1783532179
|gametype|doubles
|player|p1|cowking1736|ethan|
|player|p2|lysha|parasollady|
|gen|9
|tier|[Gen 9 Champions] VGC 2026 Reg M-B (Bo3)
|rule|Species Clause: Limit one of each Pokémon
|rule|Item Clause: Limit 1 of each item
|clearpoke
|poke|p1|Charizard, L50, M|
|poke|p1|Sylveon, L50, M|
|poke|p1|Garchomp, L50, M|
|poke|p1|Kingambit, L50, F|
|poke|p1|Aerodactyl, L50, F|
|poke|p1|Farigiraf, L50, F|
|poke|p2|Incineroar, L50, F|
|poke|p2|Kingambit, L50, F|
|poke|p2|Sinistcha, L50|
|poke|p2|Sneasler, L50, M|
|poke|p2|Floette-Eternal, L50, F|
|poke|p2|Delphox, L50, M|
|teampreview|4
|showteam|p1|Charizard||CharizarditeY|Blaze|Protect,HeatWave,SolarBeam,WeatherBall|Modest||M|||50|]Sylveon||FairyFeather|Pixilate|Detect,HyperBeam,HyperVoice,QuickAttack|Modest||M|||50|]Garchomp||LifeOrb|RoughSkin|Protect,StompingTantrum,Earthquake,DragonClaw|Jolly||M|||50|]Kingambit||FocusSash|Defiant|KowtowCleave,SuckerPunch,LowKick,IronHead|Adamant||F|||50|]Aerodactyl||Aerodactylite|Unnerve|Tailwind,IceFang,RockSlide,DualWingbeat|Jolly||F|||50|]Farigiraf||SitrusBerry|ArmorTail|TwinBeam,Thunderbolt,HelpingHand,Roar|Serious||F|||50|
|showteam|p2|Incineroar||SitrusBerry|Intimidate|FlareBlitz,FakeOut,PartingShot,HelpingHand|Careful||F|||50|]Kingambit||BlackGlasses|Defiant|KowtowCleave,SuckerPunch,SwordsDance,Protect|Adamant||F|||50|]Sinistcha||KasibBerry|Hospitality|MatchaGotcha,RagePowder,TrickRoom,Protect|Bold|||||50|]Sneasler||FocusSash|PoisonTouch|FakeOut,CloseCombat,PoisonJab,QuickGuard|Jolly||M|||50|]Floette-Eternal||Floettite|FlowerVeil|Moonblast,DazzlingGleam,CalmMind,Protect|Modest||F|||50|]Delphox||Delphoxite|Blaze|HeatWave,Psyshock,NastyPlot,Protect|Timid||M|||50|
|inactive|Battle timer is ON: inactive players will automatically lose when time's up. (requested by lysha)
|inactive|cowking1736 has 60 seconds left.
|inactive|lysha has 60 seconds left.
|
|t:|1783532231
|teamsize|p1|4
|teamsize|p2|4
|start
|switch|p1a: Aerodactyl|Aerodactyl, L50, F|100/100
|switch|p1b: Kingambit|Kingambit, L50, F|100/100
|switch|p2a: Delphox|Delphox, L50, M|100/100
|switch|p2b: Incineroar|Incineroar, L50, F|100/100
|-ability|p1a: Aerodactyl|Unnerve
|-ability|p2b: Incineroar|Intimidate|boost
|-unboost|p1a: Aerodactyl|atk|1
|-unboost|p1b: Kingambit|atk|1
|-ability|p1b: Kingambit|Defiant|boost
|-boost|p1b: Kingambit|atk|2
|turn|1
|
|t:|1783532247
|detailschange|p1a: Aerodactyl|Aerodactyl-Mega, L50, F
|-mega|p1a: Aerodactyl|Aerodactyl|Aerodactylite
|detailschange|p2a: Delphox|Delphox-Mega, L50, M
|-mega|p2a: Delphox|Delphox|Delphoxite
|move|p2b: Incineroar|Fake Out|p1b: Kingambit
|-resisted|p1b: Kingambit|1
|-damage|p1b: Kingambit|95/100
|move|p1a: Aerodactyl|Rock Slide|p2b: Incineroar|[spread] p2a,p2b
|-supereffective|p2a: Delphox|1
|-supereffective|p2b: Incineroar|1
|-damage|p2a: Delphox|55/100
|-damage|p2b: Incineroar|66/100
|move|p2a: Delphox|Nasty Plot|p2a: Delphox
|-boost|p2a: Delphox|spa|2
|cant|p1b: Kingambit|flinch
|
|upkeep
|turn|2
|
|t:|1783532270
|move|p2a: Delphox|Protect|p2a: Delphox
|-singleturn|p2a: Delphox|Protect
|move|p1b: Kingambit|Sucker Punch||[still]
|-fail|p1b: Kingambit
|move|p1a: Aerodactyl|Tailwind|p1a: Aerodactyl
|-sidestart|p1: cowking1736|move: Tailwind
|move|p2b: Incineroar|Flare Blitz|p1b: Kingambit
|-supereffective|p1b: Kingambit|1
|-damage|p1b: Kingambit|17/100
|-damage|p2b: Incineroar|43/100|[from] Recoil
|-enditem|p2b: Incineroar|Sitrus Berry|[eat]
|-heal|p2b: Incineroar|68/100|[from] item: Sitrus Berry
|
|upkeep
|turn|3
|inactive|lysha has 30 seconds left.
|inactive|lysha has 20 seconds left.
|inactive|lysha has 15 seconds left.
|
|t:|1783532314
|switch|p2a: Sinistcha|Sinistcha, L50|100/100
|-heal|p2b: Incineroar|93/100|[from] ability: Hospitality|[of] p2a: Sinistcha
|move|p1b: Kingambit|Sucker Punch||[still]
|-fail|p1b: Kingambit
|move|p1a: Aerodactyl|Rock Slide|p2a: Sinistcha|[spread] p2a,p2b
|-supereffective|p2b: Incineroar|1
|-damage|p2a: Sinistcha|84/100
|-damage|p2b: Incineroar|59/100
|move|p2b: Incineroar|Flare Blitz|p1b: Kingambit
|-supereffective|p1b: Kingambit|1
|-damage|p1b: Kingambit|0 fnt
|faint|p1b: Kingambit
|-damage|p2b: Incineroar|54/100|[from] Recoil
|
|upkeep
|
|t:|1783532325
|switch|p1b: Garchomp|Garchomp, L50, M|100/100
|turn|4
|
|t:|1783532349
|move|p1a: Aerodactyl|Dual Wingbeat|p2a: Sinistcha|[miss]
|-miss|p1a: Aerodactyl|p2a: Sinistcha
|move|p1b: Garchomp|Dragon Claw|p2a: Sinistcha
|-damage|p2a: Sinistcha|40/100
|-damage|p1b: Garchomp|90/100|[from] item: Life Orb
|move|p2b: Incineroar|Parting Shot|p1a: Aerodactyl
|-unboost|p1a: Aerodactyl|atk|1
|-unboost|p1a: Aerodactyl|spa|1
|
|t:|1783532358
|switch|p2b: Delphox|Delphox-Mega, L50, M|55/100|[from] Parting Shot
|move|p2a: Sinistcha|Matcha Gotcha|p1b: Garchomp|[spread] p1a,p1b
|-crit|p1a: Aerodactyl
|-damage|p1a: Aerodactyl|58/100
|-heal|p2a: Sinistcha|61/100|[from] drain|[of] p1a: Aerodactyl
|-damage|p1b: Garchomp|62/100
|-heal|p2a: Sinistcha|76/100|[from] drain|[of] p1b: Garchomp
|
|upkeep
|turn|5
|
|t:|1783532378
|switch|p1a: Farigiraf|Farigiraf, L50, F|100/100
|switch|p2a: Incineroar|Incineroar, L50, F|54/100
|-ability|p2a: Incineroar|Intimidate|boost
|-unboost|p1a: Farigiraf|atk|1
|-unboost|p1b: Garchomp|atk|1
|move|p2b: Delphox|Protect|p2b: Delphox
|-singleturn|p2b: Delphox|Protect
|move|p1b: Garchomp|Dragon Claw|p2b: Delphox
|-activate|p2b: Delphox|move: Protect
|
|-sideend|p1: cowking1736|move: Tailwind
|upkeep
|turn|6
|
|t:|1783532397
|move|p2b: Delphox|Nasty Plot|p2b: Delphox
|-boost|p2b: Delphox|spa|2
|move|p1b: Garchomp|Stomping Tantrum|p2a: Incineroar
|-supereffective|p2a: Incineroar|1
|-damage|p2a: Incineroar|0 fnt
|faint|p2a: Incineroar
|-damage|p1b: Garchomp|52/100|[from] item: Life Orb
|move|p1a: Farigiraf|Roar|p2b: Delphox
|drag|p2b: Sinistcha|Sinistcha, L50|76/100
|
|upkeep
|
|t:|1783532407
|switch|p2a: Delphox|Delphox-Mega, L50, M|55/100
|turn|7
|
|t:|1783532424
|move|p1a: Farigiraf|Helping Hand|p1b: Garchomp
|-singleturn|p1b: Garchomp|Helping Hand|[of] p1a: Farigiraf
|move|p2a: Delphox|Protect|p2a: Delphox
|-singleturn|p2a: Delphox|Protect
|move|p1b: Garchomp|Dragon Claw|p2a: Delphox
|-activate|p2a: Delphox|move: Protect
|move|p2b: Sinistcha|Matcha Gotcha|p1b: Garchomp|[spread] p1a,p1b
|-damage|p1a: Farigiraf|79/100
|-heal|p2b: Sinistcha|89/100|[from] drain|[of] p1a: Farigiraf
|-damage|p1b: Garchomp|25/100
|-heal|p2b: Sinistcha|100/100|[from] drain|[of] p1b: Garchomp
|-status|p1b: Garchomp|brn
|
|-damage|p1b: Garchomp|19/100 brn|[from] brn
|upkeep
|turn|8
|
|t:|1783532437
|switch|p2b: Sneasler|Sneasler, L50, M|100/100
|move|p2a: Delphox|Heat Wave|p1a: Farigiraf|[spread] p1a,p1b
|-crit|p1a: Farigiraf
|-resisted|p1b: Garchomp|1
|-damage|p1a: Farigiraf|31/100
|-damage|p1b: Garchomp|0 fnt
|-enditem|p1a: Farigiraf|Sitrus Berry|[eat]
|-heal|p1a: Farigiraf|56/100|[from] item: Sitrus Berry
|faint|p1b: Garchomp
|move|p1a: Farigiraf|Roar|p2a: Delphox
|drag|p2a: Sinistcha|Sinistcha, L50|100/100
|
|upkeep
|
|t:|1783532443
|switch|p1b: Aerodactyl|Aerodactyl-Mega, L50, F|58/100
|turn|9
|
|t:|1783532455
|move|p2a: Sinistcha|Rage Powder|p2a: Sinistcha
|-singleturn|p2a: Sinistcha|move: Rage Powder
|move|p1b: Aerodactyl|Dual Wingbeat|p2a: Sinistcha|[miss]
|-miss|p1b: Aerodactyl|p2a: Sinistcha
|move|p2b: Sneasler|Close Combat|p1b: Aerodactyl
|-damage|p1b: Aerodactyl|0 fnt
|-unboost|p2b: Sneasler|def|1
|-unboost|p2b: Sneasler|spd|1
|faint|p1b: Aerodactyl
|move|p1a: Farigiraf|Twin Beam|p2a: Sinistcha
|-damage|p2a: Sinistcha|84/100
|-damage|p2a: Sinistcha|69/100
|-hitcount|p2a: Sinistcha|2
|
|upkeep
|turn|10
|c|☆lysha|im so sorry
|c|☆cowking1736|I've never missed so much in my life lol
|c|☆lysha|lol
|inactive|cowking1736 has 30 seconds left.
|
|t:|1783532487
|move|p2a: Sinistcha|Rage Powder|p2a: Sinistcha
|-singleturn|p2a: Sinistcha|move: Rage Powder
|move|p2b: Sneasler|Close Combat|p1a: Farigiraf
|-damage|p1a: Farigiraf|1/100
|-unboost|p2b: Sneasler|def|1
|-unboost|p2b: Sneasler|spd|1
|-status|p1a: Farigiraf|psn|[from] ability: Poison Touch|[of] p2b: Sneasler
|move|p1a: Farigiraf|Twin Beam|p2a: Sinistcha
|-damage|p2a: Sinistcha|56/100
|-damage|p2a: Sinistcha|42/100
|-hitcount|p2a: Sinistcha|2
|
|-damage|p1a: Farigiraf|0 fnt|[from] psn
|faint|p1a: Farigiraf
|
|win|lysha
|c|☆cowking1736|gg
||lysha is ready for game 2.
||cowking1736 is ready for game 2.
|uhtml|next|Next: Game 2 of 3
|l|☆cowking1736
|player|p1|
