|j|鈽唈amon_con_talco
|j|鈽唀liasvzqz
|html|jamon_con_talcoeliasvzqz    
|uhtml|bestof|Game 1 of a best-of-3
|t:|1786035565
|gametype|doubles
|player|p1|jamon_con_talco|swimmer|
|player|p2|eliasvzqz|miku-ghost|
|gen|9
|tier|[Gen 9 Champions] VGC 2026 Reg M-B (Bo3)
|rule|Species Clause: Limit one of each Pok茅mon
|rule|Item Clause: Limit 1 of each item
|clearpoke
|poke|p1|Watchog, L50, M|
|poke|p1|Garchomp, L50, M|
|poke|p1|Charizard, L50, M|
|poke|p1|Aerodactyl, L50, M|
|poke|p1|Farigiraf, L50, M|
|poke|p1|Venusaur, L50, M|
|poke|p2|Mimikyu, L50, F, shiny|
|poke|p2|Floette-Eternal, L50, F|
|poke|p2|Sylveon, L50, M, shiny|
|poke|p2|Umbreon, L50, M, shiny|
|poke|p2|Delphox, L50, F|
|poke|p2|Sinistcha, L50|
|teampreview|4
|showteam|p1|Watchog||ChopleBerry|Analytic|IcePunch,Detect,LowKick,Hypnosis|Impish||M|||50|]Garchomp||ChoiceScarf|RoughSkin|DragonClaw,RockSlide,StompingTantrum,Earthquake|Adamant||M|||50|]Charizard||CharizarditeY|Blaze|AncientPower,HeatWave,FocusBlast,Protect|Modest||M|||50|]Aerodactyl||WhiteHerb|Unnerve|WideGuard,RockSlide,Tailwind,Taunt|Jolly||M|||50|]Farigiraf||SilkScarf|ArmorTail|Psychic,TrickRoom,Imprison,HyperVoice|Modest||M|||50|]Venusaur||FocusSash|Chlorophyll|SleepPowder,SludgeBomb,Protect,EnergyBall|Timid||M|||50|
|showteam|p2|Mimikyu||LifeOrb|Disguise|ShadowSneak,ShadowClaw,PlayRough,SwordsDance|Adamant||F|||50|]Floette-Eternal||Floettite|FlowerVeil|CalmMind,Moonblast,Protect,DazzlingGleam|Timid||F|||50|]Sylveon||FairyFeather|Pixilate|HyperBeam,HyperVoice,QuickAttack,Protect|Modest||M|||50|]Umbreon||Leftovers|InnerFocus|FoulPlay,Moonlight,HelpingHand,Yawn|Careful||M|||50|]Delphox||Delphoxite|Blaze|HeatWave,Protect,CalmMind,Psyshock|Timid||F|||50|]Sinistcha||SitrusBerry|Hospitality|RagePowder,LifeDew,MatchaGotcha,StrengthSap|Calm|||||50|
|c|鈽唈amon_con_talco|cual mas meme
|c|鈽唈amon_con_talco|JSJDJSJDS
|c|鈽唀liasvzqz|DHDFAKJAHFKJA
|
|t:|1786035686
|teamsize|p1|4
|teamsize|p2|4
|start
|switch|p1a: Aerodactyl|Aerodactyl, L50, M|100/100
|switch|p1b: Garchomp|Garchomp, L50, M|100/100
|switch|p2a: Floette|Floette-Eternal, L50, F|100/100
|switch|p2b: Umbreon|Umbreon, L50, M, shiny|100/100
|-ability|p1a: Aerodactyl|Unnerve
|turn|1
|j| Shemages
|
|t:|1786035729
|switch|p1b: Venusaur|Venusaur, L50, M|100/100
|detailschange|p2a: Floette|Floette-Mega, L50, F
|-mega|p2a: Floette|Floette|Floettite
|-ability|p2a: Floette|Fairy Aura
|move|p2b: Umbreon|Helping Hand|p2a: Floette
|-singleturn|p2a: Floette|Helping Hand|[of] p2b: Umbreon
|move|p1a: Aerodactyl|Wide Guard|p1a: Aerodactyl
|-singleturn|p1a: Aerodactyl|Wide Guard
|move|p2a: Floette|Moonblast|p1a: Aerodactyl
|-damage|p1a: Aerodactyl|0 fnt
|faint|p1a: Aerodactyl
|
|upkeep
|
|t:|1786035746
|switch|p1a: Garchomp|Garchomp, L50, M|100/100
|turn|2
|j| mstrmiranda
|
|t:|1786035771
|switch|p2a: Sylveon|Sylveon, L50, M, shiny|100/100
|move|p1a: Garchomp|Rock Slide|p2a: Sylveon|[spread] p2a,p2b
|-damage|p2a: Sylveon|73/100
|-damage|p2b: Umbreon|84/100
|move|p1b: Venusaur|Sludge Bomb|p2a: Sylveon
|-supereffective|p2a: Sylveon|1
|-damage|p2a: Sylveon|19/100
|move|p2b: Umbreon|Yawn|p1a: Garchomp
|-start|p1a: Garchomp|move: Yawn|[of] p2b: Umbreon
|
|-heal|p2b: Umbreon|90/100|[from] item: Leftovers
|upkeep
|turn|3
|c| mstrmiranda|que es ese team eli
|c|鈽唀liasvzqz|no se, me gusta
|j| cronos36
|
|t:|1786035835
|switch|p1a: Charizard|Charizard, L50, M|100/100
|move|p2a: Sylveon|Quick Attack|p1a: Charizard
|-resisted|p1a: Charizard|1
|-damage|p1a: Charizard|91/100
|move|p1b: Venusaur|Sleep Powder|p2b: Umbreon|[miss]
|-miss|p1b: Venusaur|p2b: Umbreon
|move|p2b: Umbreon|Yawn|p1b: Venusaur
|-start|p1b: Venusaur|move: Yawn|[of] p2b: Umbreon
|
|-heal|p2b: Umbreon|95/100|[from] item: Leftovers
|upkeep
|turn|4
|c| mstrmiranda|eli vio el umbreon de pokealex y se lo rob贸
|c|鈽唀liasvzqz|lo tengo desdeq empezo la season unu
|j| ch4inisss
|c| mstrmiranda|que cabrita
|
|t:|1786035880
|detailschange|p1a: Charizard|Charizard-Mega-Y, L50, M
|-mega|p1a: Charizard|Charizard|Charizardite Y
|-weather|SunnyDay|[from] ability: Drought|[of] p1a: Charizard
|move|p2a: Sylveon|Protect|p2a: Sylveon
|-singleturn|p2a: Sylveon|Protect
|move|p1b: Venusaur|Sleep Powder|p2b: Umbreon
|-status|p2b: Umbreon|slp|[from] move: Sleep Powder
|move|p1a: Charizard|Ancient Power|p2a: Sylveon
|-activate|p2a: Sylveon|move: Protect
|cant|p2b: Umbreon|slp
|
|-weather|SunnyDay|[upkeep]
|-heal|p2b: Umbreon|100/100 slp|[from] item: Leftovers
|-end|p1b: Venusaur|move: Yawn|[silent]
|-status|p1b: Venusaur|slp
|upkeep
|turn|5
|c| ch4inisss|puto fenha es nadador y juega sol
|c| mstrmiranda|sea serio mk
|c| ch4inisss|hola sergio
|j| TheFoxGamer15
|c| mstrmiranda|que pasa mk
|c| TheFoxGamer15|Dale copo
|
|t:|1786035939
|cant|p1b: Venusaur|slp
|move|p1a: Charizard|Ancient Power|p2a: Sylveon
|-damage|p2a: Sylveon|1/100
|-curestatus|p2b: Umbreon|slp|[msg]
|move|p2b: Umbreon|Moonlight|p2b: Umbreon
|-fail|p2b: Umbreon|heal
|move|p2a: Sylveon|Hyper Beam|p1a: Charizard
|-resisted|p1a: Charizard|1
|-damage|p1a: Charizard|40/100
|-mustrecharge|p2a: Sylveon
|
|-weather|SunnyDay|[upkeep]
|upkeep
|turn|6
|c| mstrmiranda|no tendra un burrito por ahi que me comparta?
|c| Shemages|dale copito
|c| Shemages|jajajaja
|c|鈽唈amon_con_talco|nmms
|c| mstrmiranda|pero
|c| mstrmiranda|y esa play mk
|
|t:|1786035960
|switch|p1a: Garchomp|Garchomp, L50, M|100/100
|cant|p1b: Venusaur|slp
|move|p2b: Umbreon|Yawn|p1a: Garchomp
|-start|p1a: Garchomp|move: Yawn|[of] p2b: Umbreon
|cant|p2a: Sylveon|recharge
|
|-weather|SunnyDay|[upkeep]
|upkeep
|turn|7
|c| Shemages|vamos talco con jamon
|
|t:|1786035988
|move|p2a: Sylveon|Quick Attack|p1a: Garchomp
|-supereffective|p1a: Garchomp|1
|-damage|p1a: Garchomp|77/100
|-damage|p2a: Sylveon|0 fnt|[from] ability: Rough Skin|[of] p1a: Garchomp
|faint|p2a: Sylveon
|-curestatus|p1b: Venusaur|slp|[msg]
|move|p1b: Venusaur|Sludge Bomb|p2b: Umbreon
|-damage|p2b: Umbreon|75/100
|move|p1a: Garchomp|Rock Slide|p2b: Umbreon
|-damage|p2b: Umbreon|52/100
|move|p2b: Umbreon|Yawn|p1b: Venusaur
|-start|p1b: Venusaur|move: Yawn|[of] p2b: Umbreon
|
|-weather|SunnyDay|[upkeep]
|-heal|p2b: Umbreon|58/100|[from] item: Leftovers
|-end|p1a: Garchomp|move: Yawn|[silent]
|-status|p1a: Garchomp|slp
|upkeep
|
|t:|1786036014
|switch|p2a: Floette|Floette-Mega, L50, F|100/100
|-ability|p2a: Floette|Fairy Aura
|turn|8
|c| Shemages|copito y team de hombre pa cuando?
|c| mstrmiranda|PORQUE NO PROTEGES CON SYLVEON
|
|t:|1786036027
|move|p2a: Floette|Protect|p2a: Floette
|-singleturn|p2a: Floette|Protect
|move|p1b: Venusaur|Sludge Bomb|p2b: Umbreon
|-damage|p2b: Umbreon|31/100
|-status|p2b: Umbreon|psn
|cant|p1a: Garchomp|slp
|move|p2b: Umbreon|Moonlight|p2b: Umbreon
|-heal|p2b: Umbreon|98/100 psn
|
|-weather|none
|-heal|p2b: Umbreon|100/100 psn|[from] item: Leftovers
|-damage|p2b: Umbreon|87/100 psn|[from] psn
|-end|p1b: Venusaur|move: Yawn|[silent]
|-status|p1b: Venusaur|slp
|upkeep
|turn|9
|c| mstrmiranda|PERO
|c| mstrmiranda|A
|c| Shemages|lo coacheaba no?
|c| mstrmiranda|se acaba el sol
|
|t:|1786036049
|move|p2b: Umbreon|Helping Hand|p2a: Floette
|-singleturn|p2a: Floette|Helping Hand|[of] p2b: Umbreon
|cant|p1b: Venusaur|slp
|-curestatus|p1a: Garchomp|slp|[msg]
|move|p1a: Garchomp|Rock Slide|p2a: Floette|[spread] p2a,p2b
|-damage|p2a: Floette|69/100
|-damage|p2b: Umbreon|72/100 psn
|move|p2a: Floette|Dazzling Gleam|p1b: Venusaur|[spread] p1a,p1b
|-supereffective|p1a: Garchomp|1
|-resisted|p1b: Venusaur|1
|-damage|p1a: Garchomp|0 fnt
|-damage|p1b: Venusaur|57/100 slp
|faint|p1a: Garchomp
|
|-heal|p2b: Umbreon|77/100 psn|[from] item: Leftovers
|-damage|p2b: Umbreon|65/100 psn|[from] psn
|upkeep
|
|t:|1786036058
|switch|p1a: Charizard|Charizard-Mega-Y, L50, M|40/100
|-weather|SunnyDay|[from] ability: Drought|[of] p1a: Charizard
|turn|10
|c| mstrmiranda|shemages mk solo me parece extra帽o
|
|t:|1786036106
|-curestatus|p1b: Venusaur|slp|[msg]
|move|p1b: Venusaur|Sludge Bomb|p2a: Floette
|-supereffective|p2a: Floette|1
|-damage|p2a: Floette|1/100
|move|p2a: Floette|Calm Mind|p2a: Floette
|-boost|p2a: Floette|spa|1
|-boost|p2a: Floette|spd|1
|move|p1a: Charizard|Heat Wave|p2a: Floette|[spread] p2a,p2b
|-damage|p2a: Floette|0 fnt
|-damage|p2b: Umbreon|23/100 psn
|faint|p2a: Floette
|move|p2b: Umbreon|Yawn|p1a: Charizard
|-start|p1a: Charizard|move: Yawn|[of] p2b: Umbreon
|
|-weather|SunnyDay|[upkeep]
|-heal|p2b: Umbreon|29/100 psn|[from] item: Leftovers
|-damage|p2b: Umbreon|16/100 psn|[from] psn
|upkeep
|c|鈽唀liasvzqz|nah trolie
|c| Shemages|lo que trollea copito
|c|鈽唈amon_con_talco|Hno
|
|t:|1786036123
|switch|p2a: Sinistcha|Sinistcha, L50|100/100
|-heal|p2b: Umbreon|41/100 psn|[from] ability: Hospitality|[of] p2a: Sinistcha
|turn|11
|c|鈽唈amon_con_talco|quedaban todos a 1%
|c|鈽唈amon_con_talco|q xuxa
|c|鈽唈amon_con_talco|KKKKK
|c|鈽唀liasvzqz|me la jugue a que se quede dormido uno mas
|c| Shemages|quien trollea mas copito o fenha
|c|鈽唈amon_con_talco|el poder del amor lo despert贸
|c|鈽唈amon_con_talco|como en diamante brillante
|c|鈽唈amon_con_talco|amigo estoy jugando con un wathchog, no creo trolear m谩s
|c|鈽唈amon_con_talco|G2 lo saco
|c|鈽唈amon_con_talco|al goat
|c|鈽唈amon_con_talco|帽
|
|t:|1786036185
|move|p1b: Venusaur|Sludge Bomb|p2a: Sinistcha
|-damage|p2a: Sinistcha|62/100
|-status|p2a: Sinistcha|psn
|move|p1a: Charizard|Heat Wave|p2b: Umbreon|[spread] p2a,p2b
|-supereffective|p2a: Sinistcha|1
|-damage|p2a: Sinistcha|0 fnt
|-damage|p2b: Umbreon|0 fnt
|faint|p2a: Sinistcha
|faint|p2b: Umbreon
|
|win|jamon_con_talco
||eliasvzqz is ready for game 2.
|inactive|jamon_con_talco has 30 seconds to confirm battle start!
||jamon_con_talco is ready for game 2.
|uhtml|next|Next: Game 2 of 3
|l| cronos36
|l| ch4inisss
|j| ch4inisss
|l|鈽唈amon_con_talco
|player|p1|
|j| vertigou
|l| ch4inisss
|l| vertigou
|l| TheFoxGamer15
