|j|â˜†toughlogvgc
|j|â˜†tyninja-1
|html|toughlogvgctyninja-1    
|uhtml|bestof|Game 1 of a best-of-3
|t:|1784398572
|gametype|doubles
|player|p1|toughlogvgc|2|1194
|player|p2|tyninja-1|ingo|1212
|gen|9
|tier|[Gen 9 Champions] VGC 2026 Reg M-B (Bo3)
|rated|
|rule|Species Clause: Limit one of each PokÃ©mon
|rule|Item Clause: Limit 1 of each item
|clearpoke
|poke|p1|Charizard, L50, M|
|poke|p1|Garchomp, L50, M|
|poke|p1|Basculegion, L50, M|
|poke|p1|Whimsicott, L50, F|
|poke|p1|Kingambit, L50, F|
|poke|p1|Floette-Eternal, L50, F|
|poke|p2|Goodra-Hisui, L50, F, shiny|
|poke|p2|Incineroar, L50, M|
|poke|p2|Raichu, L50, M|
|poke|p2|Tsareena, L50, F|
|poke|p2|Basculegion, L50, M|
|poke|p2|Ninetales-Alola, L50, F|
|teampreview|4
|showteam|p1|Charizard||CharizarditeY|Blaze|HeatWave,SolarBeam,Protect,WeatherBall|Modest||M|||50|]Garchomp||LifeOrb|RoughSkin|DragonClaw,Earthquake,RockSlide,Protect|Jolly||M|||50|]Basculegion||ChoiceScarf|Adaptability|WaveCrash,AquaJet,FlipTurn,LastRespects|Adamant||M|||50|]Whimsicott||FocusSash|Prankster|Moonblast,Tailwind,Protect,Encore|Timid||F|||50|]Kingambit||BlackGlasses|Defiant|IronHead,KowtowCleave,Protect,SuckerPunch|Adamant||F|||50|]Floette-Eternal||Floettite|FlowerVeil|Moonblast,LightofRuin,DazzlingGleam,Protect|Modest||F|||50|
|showteam|p2|Goodra-Hisui||ShucaBerry|SapSipper|DracoMeteor,HeavySlam,DragonTail,Protect|Sassy||F|||50|]Incineroar||SitrusBerry|Intimidate|FakeOut,FlareBlitz,PartingShot,DarkestLariat|Impish||M|||50|]Raichu||RaichuniteY|LightningRod|ZapCannon,Protect,FakeOut,FocusBlast|Timid||M|||50|]Tsareena||OccaBerry|QueenlyMajesty|PetalBlizzard,TripleAxel,LowKick,Protect|Adamant||F|||50|]Basculegion||ChoiceScarf|Adaptability|AquaJet,WaveCrash,LastRespects,FlipTurn|Jolly||M|||50|]Ninetales-Alola||FocusSash|SnowWarning|Blizzard,Moonblast,FreezeDry,Protect|Timid||F|||50|
|
|t:|1784398628
|teamsize|p1|4
|teamsize|p2|4
|start
|switch|p1a: Whimsicott|Whimsicott, L50, F|100/100
|switch|p1b: Garchomp|Garchomp, L50, M|100/100
|switch|p2a: Tsareena|Tsareena, L50, F|100/100
|switch|p2b: Raichu|Raichu, L50, M|100/100
|turn|1
|inactive|Battle timer is ON: inactive players will automatically lose when time's up. (requested by tyninja-1)
|
|t:|1784398651
|detailschange|p2b: Raichu|Raichu-Mega-Y, L50, M
|-mega|p2b: Raichu|Raichu|Raichunite Y
|move|p1a: Whimsicott|Protect|p1a: Whimsicott
|-singleturn|p1a: Whimsicott|Protect
|move|p1b: Garchomp|Protect|p1b: Garchomp
|-singleturn|p1b: Garchomp|Protect
|move|p2b: Raichu|Fake Out|p1b: Garchomp
|-activate|p1b: Garchomp|move: Protect
|move|p2a: Tsareena|Triple Axel|p1a: Whimsicott
|-activate|p1a: Whimsicott|move: Protect
|
|upkeep
|turn|2
|inactive|toughlogvgc has 30 seconds left.
|
|t:|1784398677
|switch|p1a: Charizard|Charizard, L50, M|100/100
|move|p2b: Raichu|Protect|p2b: Raichu
|-singleturn|p2b: Raichu|Protect
|move|p1b: Garchomp|Earthquake|p2a: Tsareena|[spread] p2a
|-activate|p2b: Raichu|move: Protect
|-immune|p1a: Charizard
|-resisted|p2a: Tsareena|1
|-damage|p2a: Tsareena|75/100
|-damage|p1b: Garchomp|90/100|[from] item: Life Orb
|move|p2a: Tsareena|Triple Axel|p1b: Garchomp
|-supereffective|p1b: Garchomp|2
|-damage|p1b: Garchomp|63/100
|-damage|p2a: Tsareena|63/100|[from] ability: Rough Skin|[of] p1b: Garchomp
|-supereffective|p1b: Garchomp|2
|-damage|p1b: Garchomp|2/100
|-damage|p2a: Tsareena|50/100g|[from] ability: Rough Skin|[of] p1b: Garchomp
|-supereffective|p1b: Garchomp|2
|-damage|p1b: Garchomp|0 fnt
|-damage|p2a: Tsareena|38/100|[from] ability: Rough Skin|[of] p1b: Garchomp
|faint|p1b: Garchomp
|-hitcount|p1: Garchomp|3
|
|upkeep
|
|t:|1784398700
|switch|p1b: Basculegion|Basculegion, L50, M|100/100
|turn|3
|inactive|tyninja-1 has 30 seconds left.
|inactive|tyninja-1 has 20 seconds left.
|
|t:|1784398737
|detailschange|p1a: Charizard|Charizard-Mega-Y, L50, M
|-mega|p1a: Charizard|Charizard|Charizardite Y
|-weather|SunnyDay|[from] ability: Drought|[of] p1a: Charizard
|move|p1a: Charizard|Protect|p1a: Charizard
|-singleturn|p1a: Charizard|Protect
|move|p2a: Tsareena|Protect|p2a: Tsareena
|-singleturn|p2a: Tsareena|Protect
|move|p2b: Raichu|Zap Cannon|p1b: Basculegion
|-supereffective|p1b: Basculegion|1
|-damage|p1b: Basculegion|0 fnt
|faint|p1b: Basculegion
|
|-weather|SunnyDay|[upkeep]
|upkeep
|
|t:|1784398749
|switch|p1b: Whimsicott|Whimsicott, L50, F|100/100
|turn|4
|c|â˜†tyninja-1|not 32 speed?
|c|â˜†tyninja-1|good to know
|inactive|tyninja-1 has 30 seconds left.
|
|t:|1784398781
|move|p1b: Whimsicott|Tailwind|p1b: Whimsicott
|-sidestart|p1: toughlogvgc|move: Tailwind
|move|p1a: Charizard|Weather Ball|p2b: Raichu
|-damage|p2b: Raichu|0 fnt
|faint|p2b: Raichu
|move|p2a: Tsareena|Triple Axel|p1b: Whimsicott
|-supereffective|p1b: Whimsicott|1
|-damage|p1b: Whimsicott|78/100
|-supereffective|p1b: Whimsicott|1
|-damage|p1b: Whimsicott|34/100
|-supereffective|p1b: Whimsicott|1
|-damage|p1b: Whimsicott|0 fnt
|faint|p1b: Whimsicott
|-hitcount|p1: Whimsicott|3
|
|-weather|SunnyDay|[upkeep]
|upkeep
|
|t:|1784398793
|switch|p2b: Ninetales|Ninetales-Alola, L50, F|100/100
|-weather|Snowscape|[from] ability: Snow Warning|[of] p2b: Ninetales
|turn|5
|
|t:|1784398803
|move|p1a: Charizard|Heat Wave|p2b: Ninetales|[spread] p2a,p2b
|-supereffective|p2a: Tsareena|1
|-enditem|p2a: Tsareena|Occa Berry|[eat]
|-enditem|p2a: Tsareena|Occa Berry|[weaken]
|-supereffective|p2b: Ninetales|1
|-damage|p2a: Tsareena|0 fnt
|-damage|p2b: Ninetales|8/100
|faint|p2a: Tsareena
|move|p2b: Ninetales|Blizzard|p1a: Charizard
|-damage|p1a: Charizard|65/100
|
|-weather|Snowscape|[upkeep]
|upkeep
|
|t:|1784398811
|switch|p2a: Goodra|Goodra-Hisui, L50, F, shiny|100/100
|turn|6
|
|t:|1784398826
|move|p1a: Charizard|Heat Wave|p2a: Goodra|[spread] p2a,p2b
|-supereffective|p2b: Ninetales|1
|-damage|p2a: Goodra|78/100
|-damage|p2b: Ninetales|0 fnt
|-status|p2a: Goodra|brn
|faint|p2b: Ninetales
|move|p2a: Goodra|Draco Meteor|p1a: Charizard
|-damage|p1a: Charizard|23/100
|-unboost|p2a: Goodra|spa|2
|
|-weather|Snowscape|[upkeep]
|-damage|p2a: Goodra|72/100 brn|[from] brn
|upkeep
|turn|7
|inactive|toughlogvgc has 30 seconds left.
|
|t:|1784398855
|move|p1a: Charizard|Protect|p1a: Charizard
|-singleturn|p1a: Charizard|Protect
|move|p2a: Goodra|Protect||[still]
|-fail|p2a: Goodra
|
|-weather|Snowscape|[upkeep]
|-damage|p2a: Goodra|66/100 brn|[from] brn
|-sideend|p1: toughlogvgc|move: Tailwind
|upkeep
|turn|8
|
|t:|1784398866
|move|p1a: Charizard|Heat Wave|p2a: Goodra
|-damage|p2a: Goodra|37/100 brn
|move|p2a: Goodra|Draco Meteor|p1a: Charizard
|-damage|p1a: Charizard|1/100
|-unboost|p2a: Goodra|spa|2
|
|-weather|Snowscape|[upkeep]
|-damage|p2a: Goodra|32/100 brn|[from] brn
|upkeep
|turn|9
|
|t:|1784398880
|move|p1a: Charizard|Protect|p1a: Charizard
|-singleturn|p1a: Charizard|Protect
|move|p2a: Goodra|Heavy Slam|p1a: Charizard
|-activate|p1a: Charizard|move: Protect
|
|-weather|none
|-damage|p2a: Goodra|26/100 brn|[from] brn
|upkeep
|turn|10
|
|t:|1784398891
|move|p1a: Charizard|Heat Wave|p2a: Goodra
|-damage|p2a: Goodra|0 fnt
|faint|p2a: Goodra
|
|win|toughlogvgc
||tyninja-1 is ready for game 2.
|inactive|toughlogvgc has 30 seconds to confirm battle start!
||toughlogvgc is ready for game 2.
|uhtml|next|Next: Game 2 of 3
|l|â˜†tyninja-1
|player|p2|
