|j|☆wingblade33
|j|☆TheDark69420
|html|wingblade33TheDark69420    
|uhtml|bestof|Game 1 of a best-of-3
|t:|1786034141
|gametype|doubles
|player|p1|wingblade33|102|1316
|player|p2|TheDark69420|ghetsis-gen5bw|1343
|gen|9
|tier|[Gen 9 Champions] VGC 2026 Reg M-B (Bo3)
|rated|
|rule|Species Clause: Limit one of each Pokémon
|rule|Item Clause: Limit 1 of each item
|clearpoke
|poke|p1|Tyranitar, L50, F|
|poke|p1|Milotic, L50, M|
|poke|p1|Farigiraf, L50, M|
|poke|p1|Gholdengo, L50|
|poke|p1|Excadrill, L50, F|
|poke|p1|Staraptor, L50, M|
|poke|p2|Kingambit, L50, M|
|poke|p2|Ninetales-Alola, L50, M|
|poke|p2|Incineroar, L50, F|
|poke|p2|Dragonite, L50, M|
|poke|p2|Sneasler, L50, M|
|poke|p2|Gengar, L50, M|
|teampreview|4
|showteam|p1|Tyranitar||Tyranitarite|SandStream|KnockOff,DragonDance,RockSlide,Protect|Adamant||F|||50|]Milotic||Leftovers|Competitive|IcyWind,Scald,Haze,Protect|Calm||M|||50|]Farigiraf||SitrusBerry|ArmorTail|Psychic,TrickRoom,Roar,Thunderbolt|Modest||M|||50|]Gholdengo||LifeOrb|GoodasGold|MakeItRain,ShadowBall,NastyPlot,Protect|Modest|||||50|]Excadrill||FocusSash|SandRush|HighHorsepower,IronHead,RockSlide,Protect|Adamant||F|||50|]Staraptor||Staraptite|Intimidate|CloseCombat,BraveBird,Tailwind,Protect|Jolly||M|||50|
|showteam|p2|Kingambit||BlackGlasses|Defiant|KowtowCleave,SuckerPunch,LowKick,Protect|Adamant||M|||50|]Ninetales-Alola||ChoiceScarf|SnowWarning|Blizzard,FreezeDry,IcyWind,Encore|Timid||M|||50|]Incineroar||SitrusBerry|Intimidate|FlareBlitz,ThroatChop,FakeOut,PartingShot|Impish||F|||50|]Dragonite||LifeOrb|InnerFocus|DragonClaw,Superpower,ExtremeSpeed,Protect|Adamant||M|||50|]Sneasler||FocusSash|Unburden|CloseCombat,DireClaw,RockSlide,Protect|Adamant||M|||50|]Gengar||Gengarite|CursedBody|SludgeBomb,ShadowBall,Substitute,Protect|Modest||M|||50|
|inactive|Battle timer is ON: inactive players will automatically lose when time's up. (requested by TheDark69420)
|inactive|wingblade33 has 60 seconds left.
|
|t:|1786034178
|teamsize|p1|4
|teamsize|p2|4
|start
|switch|p1a: Staraptor|Staraptor, L50, M|100/100
|switch|p1b: Farigiraf|Farigiraf, L50, M|100/100
|switch|p2a: Gengar|Gengar, L50, M|100/100
|switch|p2b: Sneasler|Sneasler, L50, M|100/100
|-ability|p1a: Staraptor|Intimidate|boost
|-unboost|p2a: Gengar|atk|1
|-unboost|p2b: Sneasler|atk|1
|turn|1
|inactive|wingblade33 has 30 seconds left.
|inactive|wingblade33 has 20 seconds left.
|
|t:|1786034213
|detailschange|p1a: Staraptor|Staraptor-Mega, L50, M
|-mega|p1a: Staraptor|Staraptor|Staraptite
|detailschange|p2a: Gengar|Gengar-Mega, L50, M
|-mega|p2a: Gengar|Gengar|Gengarite
|move|p2a: Gengar|Sludge Bomb|p1a: Staraptor
|-damage|p1a: Staraptor|27/100
|move|p1a: Staraptor|Close Combat|p2b: Sneasler
|-resisted|p2b: Sneasler|1
|-damage|p2b: Sneasler|45/100
|-boost|p1a: Staraptor|def|1
|-boost|p1a: Staraptor|spd|1
|move|p2b: Sneasler|Dire Claw|p1b: Farigiraf
|-damage|p1b: Farigiraf|77/100
|move|p1b: Farigiraf|Psychic|p2a: Gengar
|-supereffective|p2a: Gengar|1
|-damage|p2a: Gengar|13/100
|
|upkeep
|turn|2
|inactive|wingblade33 has 30 seconds left.
|
|t:|1786034243
|move|p1a: Staraptor|Protect|p1a: Staraptor
|-singleturn|p1a: Staraptor|Protect
|move|p2a: Gengar|Sludge Bomb|p1b: Farigiraf
|-damage|p1b: Farigiraf|13/100
|-status|p1b: Farigiraf|psn
|-enditem|p1b: Farigiraf|Sitrus Berry|[eat]
|-heal|p1b: Farigiraf|37/100 psn|[from] item: Sitrus Berry
|move|p2b: Sneasler|Dire Claw|p1b: Farigiraf
|-damage|p1b: Farigiraf|12/100 psn
|move|p1b: Farigiraf|Psychic|p2b: Sneasler
|-supereffective|p2b: Sneasler|2
|-damage|p2b: Sneasler|0 fnt
|faint|p2b: Sneasler
|
|-damage|p1b: Farigiraf|0 fnt|[from] psn
|faint|p1b: Farigiraf
|upkeep
|
|t:|1786034255
|switch|p2b: Ninetales|Ninetales-Alola, L50, M|100/100
|switch|p1b: Tyranitar|Tyranitar, L50, F|100/100
|-weather|Snowscape|[from] ability: Snow Warning|[of] p2b: Ninetales
|-weather|Sandstorm|[from] ability: Sand Stream|[of] p1b: Tyranitar
|turn|3
|inactive|TheDark69420 has 30 seconds left.
|
|t:|1786034286
|move|p2b: Ninetales|Icy Wind|p1a: Staraptor|[spread] p1a,p1b
|-supereffective|p1a: Staraptor|1
|-damage|p1a: Staraptor|4/100
|-damage|p1b: Tyranitar|92/100
|-boost|p1a: Staraptor|spe|1
|-unboost|p1b: Tyranitar|spe|1
|move|p1a: Staraptor|Tailwind|p1a: Staraptor
|-sidestart|p1: wingblade33|move: Tailwind
|move|p2a: Gengar|Sludge Bomb|p1a: Staraptor
|-damage|p1a: Staraptor|0 fnt
|faint|p1a: Staraptor
|move|p1b: Tyranitar|Rock Slide|p2a: Gengar|[spread] p2a
|-miss|p1b: Tyranitar|p2b: Ninetales
|-damage|p2a: Gengar|0 fnt
|faint|p2a: Gengar
|
|-weather|Sandstorm|[upkeep]
|-damage|p2b: Ninetales|94/100|[from] Sandstorm
|upkeep
|
|t:|1786034297
|switch|p2a: Dragonite|Dragonite, L50, M|100/100
|switch|p1a: Excadrill|Excadrill, L50, F|100/100
|turn|4
|
|t:|1786034312
|move|p1a: Excadrill|Rock Slide|p2b: Ninetales|[spread] p2a
|-miss|p1a: Excadrill|p2b: Ninetales
|-supereffective|p2a: Dragonite|1
|-damage|p2a: Dragonite|61/100
|move|p2b: Ninetales|Icy Wind|p1a: Excadrill|[spread] p1a,p1b
|-damage|p1a: Excadrill|80/100
|-damage|p1b: Tyranitar|84/100
|-unboost|p1a: Excadrill|spe|1
|-unboost|p1b: Tyranitar|spe|1
|move|p2a: Dragonite|Superpower|p1b: Tyranitar
|-supereffective|p1b: Tyranitar|2
|-damage|p1b: Tyranitar|0 fnt
|-unboost|p2a: Dragonite|atk|1
|-unboost|p2a: Dragonite|def|1
|faint|p1b: Tyranitar
|-damage|p2a: Dragonite|51/100|[from] item: Life Orb
|
|-weather|Sandstorm|[upkeep]
|-damage|p2b: Ninetales|88/100|[from] Sandstorm
|-damage|p2a: Dragonite|45/100|[from] Sandstorm
|upkeep
|turn|5
|
|t:|1786034322
|move|p2a: Dragonite|Protect|p2a: Dragonite
|-singleturn|p2a: Dragonite|Protect
|move|p1a: Excadrill|Rock Slide|p2b: Ninetales|[spread] p2b
|-activate|p2a: Dragonite|move: Protect
|-supereffective|p2b: Ninetales|1
|-damage|p2b: Ninetales|28/100
|move|p2b: Ninetales|Icy Wind|p1a: Excadrill
|-crit|p1a: Excadrill
|-damage|p1a: Excadrill|43/100
|-unboost|p1a: Excadrill|spe|1
|
|-weather|Sandstorm|[upkeep]
|-damage|p2b: Ninetales|22/100|[from] Sandstorm
|-damage|p2a: Dragonite|38/100|[from] Sandstorm
|upkeep
|turn|6
|
|t:|1786034341
|move|p1a: Excadrill|Rock Slide|p2a: Dragonite|[spread] p2a,p2b
|-supereffective|p2a: Dragonite|1
|-supereffective|p2b: Ninetales|1
|-damage|p2a: Dragonite|0 fnt
|-damage|p2b: Ninetales|0 fnt
|faint|p2a: Dragonite
|faint|p2b: Ninetales
|
|win|wingblade33
||TheDark69420 is ready for game 2.
||wingblade33 is ready for game 2.
|uhtml|next|Next: Game 2 of 3
|l|☆TheDark69420
|player|p2|
