|j|☆Chapignon286
|j|☆Lab01JNEST
|html|Chapignon286Lab01JNEST    
|uhtml|bestof|Game 2 of a best-of-3
|t:|1757714323
|gametype|doubles
|player|p1|Chapignon286|102|1223
|player|p2|Lab01JNEST|266|1318
|gen|9
|tier|[Gen 9] VGC 2025 Reg H (Bo3)
|rated|
|rule|Species Clause: Limit one of each Pokémon
|rule|Item Clause: Limit 1 of each item
|clearpoke
|poke|p1|Dondozo, L50, M|
|poke|p1|Tatsugiri, L50, M|
|poke|p1|Kingambit, L50, M|
|poke|p1|Sneasler, L50, F|
|poke|p1|Volcarona, L50, M|
|poke|p1|Dragonite, L50, F|
|poke|p2|Tyranitar, L50, M|
|poke|p2|Garchomp, L50, F|
|poke|p2|Sinistcha, L50|
|poke|p2|Dragonite, L50, M|
|poke|p2|Corviknight, L50, M|
|poke|p2|Volcarona, L50, M|
|teampreview|4
|showteam|p1|Dondozo||Leftovers|Unaware|WaveCrash,OrderUp,Yawn,Protect|||M|||50|,,,,,Grass]Tatsugiri||ChoiceScarf|Commander|IcyWind,DracoMeteor,MuddyWater,TeraBlast|||M|||50|,,,,,Steel]Kingambit||SafetyGoggles|Defiant|KowtowCleave,SuckerPunch,SwordsDance,Protect|||M|||50|,,,,,Dark]Sneasler||FocusSash|PoisonTouch|CloseCombat,DireClaw,FakeOut,Protect|||F|||50|,,,,,Stellar]Volcarona||CovertCloak|FlameBody|HeatWave,TeraBlast,QuiverDance,RagePowder|||M|||50|,,,,,Fairy]Dragonite||LoadedDice|Multiscale|ScaleShot,Protect,Tailwind,StompingTantrum|||F|||50|,,,,,Fairy
|showteam|p2|Tyranitar||AssaultVest|SandStream|RockSlide,KnockOff,TeraBlast,LowKick|||M|||50|,,,,,Flying]Garchomp||LifeOrb|RoughSkin|Protect,DragonClaw,StompingTantrum,Earthquake|||F|||50|,,,,,Ground]Sinistcha||RockyHelmet|Hospitality|MatchaGotcha,LifeDew,TrickRoom,RagePowder||||||50|,,,,,Dark]Dragonite||ChoiceBand|InnerFocus|Outrage,ExtremeSpeed,IceSpinner,AerialAce|||M|||50|,,,,,Normal]Corviknight||SitrusBerry|MirrorArmor|Tailwind,BulkUp,Roost,BraveBird|||M|||50|,,,,,Dragon]Volcarona||Leftovers|FlameBody|FieryDance,GigaDrain,QuiverDance,Protect|||M|||50|,,,,,Dragon
|inactive|Battle timer is ON: inactive players will automatically lose when time's up. (requested by Chapignon286)
|inactive|Lab01JNEST also wants the timer to be on.
|inactive|Chapignon286 has 60 seconds left.
|
|t:|1757714355
|teamsize|p1|4
|teamsize|p2|4
|start
|switch|p1a: Sneasler|Sneasler, L50, F|100/100
|switch|p1b: Dragonite|Dragonite, L50, F|100/100
|switch|p2a: Garchomp|Garchomp, L50, F|100/100
|switch|p2b: Corviknight|Corviknight, L50, M|100/100
|turn|1
|
|t:|1757714377
|-terastallize|p2a: Garchomp|Ground
|move|p1a: Sneasler|Fake Out|p2b: Corviknight
|-resisted|p2b: Corviknight
|-damage|p2b: Corviknight|94/100
|move|p2a: Garchomp|Stomping Tantrum|p1a: Sneasler
|-supereffective|p1a: Sneasler
|-enditem|p1a: Sneasler|Focus Sash
|-damage|p1a: Sneasler|1/100
|-damage|p2a: Garchomp|91/100|[from] item: Life Orb
|move|p1b: Dragonite|Scale Shot|p2a: Garchomp
|-damage|p2a: Garchomp|75/100
|-damage|p2a: Garchomp|61/100
|-damage|p2a: Garchomp|46/100
|-damage|p2a: Garchomp|30/100
|-damage|p2a: Garchomp|14/100
|-hitcount|p2a: Garchomp|5
|-unboost|p1b: Dragonite|def|1
|-boost|p1b: Dragonite|spe|1
|cant|p2b: Corviknight|flinch
|
|upkeep
|turn|2
|inactive|Chapignon286 has 30 seconds left.
|inactive|Chapignon286 has 20 seconds left.
|inactive|Chapignon286 has 15 seconds left.
|
|t:|1757714419
|move|p2a: Garchomp|Protect|p2a: Garchomp
|-singleturn|p2a: Garchomp|Protect
|move|p1b: Dragonite|Tailwind|p1b: Dragonite
|-sidestart|p1: Chapignon286|move: Tailwind
|move|p1a: Sneasler|Close Combat|p2b: Corviknight
|-damage|p2b: Corviknight|44/100
|-unboost|p1a: Sneasler|def|1
|-unboost|p1a: Sneasler|spd|1
|-enditem|p2b: Corviknight|Sitrus Berry|[eat]
|-heal|p2b: Corviknight|69/100|[from] item: Sitrus Berry
|move|p2b: Corviknight|Brave Bird|p1a: Sneasler
|-supereffective|p1a: Sneasler
|-damage|p1a: Sneasler|0 fnt
|faint|p1a: Sneasler
|-damage|p2b: Corviknight|68/100|[from] Recoil
|
|upkeep
|
|t:|1757714424
|switch|p1a: Tatsugiri|Tatsugiri, L50, M|100/100
|turn|3
|
|t:|1757714438
|switch|p2a: Sinistcha|Sinistcha, L50|100/100
|-heal|p2b: Corviknight|93/100|[from] ability: Hospitality|[of] p2a: Sinistcha
|move|p1a: Tatsugiri|Muddy Water|p2a: Sinistcha|[spread] p2a,p2b
|-resisted|p2a: Sinistcha
|-damage|p2a: Sinistcha|86/100
|-damage|p2b: Corviknight|61/100
|-unboost|p2a: Sinistcha|accuracy|1
|move|p1b: Dragonite|Scale Shot|p2b: Corviknight
|-resisted|p2b: Corviknight
|-damage|p2b: Corviknight|55/100
|-resisted|p2b: Corviknight
|-damage|p2b: Corviknight|49/100
|-resisted|p2b: Corviknight
|-damage|p2b: Corviknight|43/100
|-resisted|p2b: Corviknight
|-damage|p2b: Corviknight|37/100
|-resisted|p2b: Corviknight
|-damage|p2b: Corviknight|30/100
|-hitcount|p2b: Corviknight|5
|-unboost|p1b: Dragonite|def|1
|-boost|p1b: Dragonite|spe|1
|move|p2b: Corviknight|Brave Bird|p1b: Dragonite
|-damage|p1b: Dragonite|54/100
|-damage|p2b: Corviknight|18/100|[from] Recoil
|
|upkeep
|turn|4
|
|t:|1757714462
|move|p1b: Dragonite|Scale Shot|p2a: Sinistcha
|-damage|p2a: Sinistcha|73/100
|-damage|p2a: Sinistcha|57/100
|-damage|p2a: Sinistcha|41/100
|-damage|p2a: Sinistcha|26/100
|-hitcount|p2a: Sinistcha|4
|-unboost|p1b: Dragonite|def|1
|-boost|p1b: Dragonite|spe|1
|move|p1a: Tatsugiri|Muddy Water|p2a: Sinistcha|[spread] p2a,p2b
|-resisted|p2a: Sinistcha
|-damage|p2a: Sinistcha|11/100
|-damage|p2b: Corviknight|0 fnt
|faint|p2b: Corviknight
|move|p2a: Sinistcha|Matcha Gotcha|p1a: Tatsugiri|[spread] p1a
|-miss|p2a: Sinistcha|p1b: Dragonite
|-damage|p1a: Tatsugiri|66/100
|-heal|p2a: Sinistcha|25/100|[from] drain|[of] p1a: Tatsugiri
|-status|p1a: Tatsugiri|brn
|
|-damage|p1a: Tatsugiri|60/100 brn|[from] brn
|upkeep
|
|t:|1757714474
|switch|p2b: Dragonite|Dragonite, L50, M|100/100
|turn|5
|
|t:|1757714488
|switch|p1b: Dondozo|Dondozo, L50, M|100/100
|-activate|p1a: Tatsugiri|ability: Commander|[of] p1b: Dondozo
|-boost|p1b: Dondozo|atk|2
|-boost|p1b: Dondozo|spa|2
|-boost|p1b: Dondozo|spe|2
|-boost|p1b: Dondozo|def|2
|-boost|p1b: Dondozo|spd|2
|move|p2b: Dragonite|Extreme Speed|p1a: Tatsugiri|[miss]
|-miss|p2b: Dragonite|p1a: Tatsugiri
|move|p2a: Sinistcha|Rage Powder|p2a: Sinistcha
|-singleturn|p2a: Sinistcha|move: Rage Powder
|
|-damage|p1a: Tatsugiri|54/100 brn|[from] brn
|-sideend|p1: Chapignon286|move: Tailwind
|upkeep
|turn|6
|-message|Lab01JNEST forfeited.
|
|win|Chapignon286
|raw|Chapignon286's rating: 1223 → 1255(+32 for winning)
|raw|Lab01JNEST's rating: 1318 → 1293(-25 for losing)
