|j|☆ZoryaPet
|j|☆om3gacatches
|html|ZoryaPetom3gacatches    
|uhtml|bestof|Game 1 of a best-of-3
|t:|1785463206
|gametype|doubles
|player|p1|ZoryaPet|102|
|player|p2|om3gacatches|lance|
|gen|9
|tier|[Gen 9 Champions] VGC 2026 Reg M-B (Bo3)
|rule|Species Clause: Limit one of each Pokémon
|rule|Item Clause: Limit 1 of each item
|clearpoke
|poke|p1|Froslass, L50, F|
|poke|p1|Scovillain, L50, F|
|poke|p1|Lycanroc-Dusk, L50, F, shiny|
|poke|p1|Kingambit, L50, M|
|poke|p1|Sneasler, L50, M|
|poke|p1|Basculegion, L50, M|
|poke|p2|Staraptor, L50, M, shiny|
|poke|p2|Garchomp, L50, M, shiny|
|poke|p2|Whimsicott, L50, M, shiny|
|poke|p2|Delphox, L50, M, shiny|
|poke|p2|Glimmora, L50, M, shiny|
|poke|p2|Kingambit, L50, M, shiny|
|teampreview|4
|showteam|p1|Froslass||Froslassite|CursedBody|Blizzard,ShadowBall,AuroraVeil,Protect|Modest||F|||50|]Scovillain||Scovillainite|Moody|Overheat,GigaDrain,RagePowder,Protect|Bold||F|||50|]Lycanroc-Dusk||FocusSash|ToughClaws|RockSlide,CloseCombat,Accelerock,Protect|Adamant||F|||50|]Kingambit||BlackGlasses|Defiant|KowtowCleave,SuckerPunch,SwordsDance,Protect|Adamant||M|||50|]Sneasler||WhiteHerb|Unburden|FakeOut,CloseCombat,GunkShot,Protect|Adamant||M|||50|]Basculegion||SitrusBerry|Adaptability|WaveCrash,LastRespects,AquaJet,Protect|Adamant||M|||50|
|showteam|p2|Staraptor||Staraptite|Intimidate|Protect,Roost,CloseCombat,BraveBird|Jolly||M|||50|]Garchomp||LifeOrb|RoughSkin|Protect,RockSlide,Earthquake,DragonClaw|Jolly||M|||50|]Whimsicott||OccaBerry|Prankster|Moonblast,Tailwind,Charm,LightScreen|Timid||M|||50|]Delphox||Delphoxite|Magician|Protect,Psychic,HeatWave,Substitute|Timid||M|||50|]Glimmora||FocusSash|ToxicDebris|SpikyShield,SludgeBomb,EarthPower,PowerGem|Timid||M|||50|]Kingambit||ChopleBerry|Defiant|SuckerPunch,LowKick,IronHead,KowtowCleave|Adamant||M|||50|
|inactive|Battle timer is ON: inactive players will automatically lose when time's up. (requested by ZoryaPet)
|c|☆om3gacatches|glhf
|inactiveoff|Battle timer is now OFF.
|c|☆ZoryaPet|1 moment for links plz ty
|j| Carneyasada
|j| tedidn
|j| retking
|j| FireTornado2023
|j| lewlewvgc
|inactive|Battle timer is ON: inactive players will automatically lose when time's up. (requested by ZoryaPet)
|c|☆ZoryaPet|kk glhf
|j|+Aldrich
|j| christianfinity
|j| TalonMasterJ
|c|+Aldrich|I got hoang hoooo
|j| lawrence123
|inactive|ZoryaPet has 60 seconds left.
|inactive|om3gacatches has 60 seconds left.
|c|+Aldrich|Balling like my brother hoooo
|l| retking
|j| retking
|inactive|ZoryaPet has 30 seconds left.
|
|t:|1785463325
|teamsize|p1|4
|teamsize|p2|4
|start
|switch|p1a: Móng Dài|Sneasler, L50, M|100/100
|switch|p1b: Nàng Thơ|Froslass, L50, F|100/100
|switch|p2a: Whimsicott|Whimsicott, L50, M, shiny|100/100
|switch|p2b: Delphox|Delphox, L50, M, shiny|100/100
|turn|1
|l| christianfinity
|
|t:|1785463344
|detailschange|p1b: Nàng Thơ|Froslass-Mega, L50, F
|-mega|p1b: Nàng Thơ|Froslass|Froslassite
|-weather|Snowscape|[from] ability: Snow Warning|[of] p1b: Nàng Thơ
|detailschange|p2b: Delphox|Delphox-Mega, L50, M, shiny
|-mega|p2b: Delphox|Delphox|Delphoxite
|move|p1a: Móng Dài|Fake Out|p2b: Delphox
|-damage|p2b: Delphox|80/100
|move|p2a: Whimsicott|Tailwind|p2a: Whimsicott
|-sidestart|p2: om3gacatches|move: Tailwind
|cant|p2b: Delphox|flinch
|move|p1b: Nàng Thơ|Aurora Veil|p1b: Nàng Thơ
|-sidestart|p1: ZoryaPet|move: Aurora Veil
|
|-weather|Snowscape|[upkeep]
|upkeep
|turn|2
|j| Kcmdmfmfm
|l|+Aldrich
|
|t:|1785463360
|switch|p1a: Con Cá|Basculegion, L50, M|100/100
|move|p2a: Whimsicott|Light Screen|p2a: Whimsicott
|-sidestart|p2: om3gacatches|move: Light Screen
|move|p2b: Delphox|Heat Wave|p1b: Nàng Thơ|[spread] p1a,p1b
|-resisted|p1a: Con Cá|1
|-supereffective|p1b: Nàng Thơ|1
|-damage|p1a: Con Cá|87/100
|-damage|p1b: Nàng Thơ|40/100
|move|p1b: Nàng Thơ|Blizzard|p2b: Delphox|[spread] p2a,p2b
|-supereffective|p2a: Whimsicott|1
|-resisted|p2b: Delphox|1
|-damage|p2a: Whimsicott|17/100
|-damage|p2b: Delphox|68/100
|
|-weather|Snowscape|[upkeep]
|upkeep
|turn|3
|j|+Aldrich
|inactive|ZoryaPet has 30 seconds left.
|l| lawrence123
|inactive|ZoryaPet has 20 seconds left.
|inactive|ZoryaPet has 15 seconds left.
|inactive|ZoryaPet has 10 seconds left.
|l| Kcmdmfmfm
|
|t:|1785463409
|switch|p1b: Móng Dài|Sneasler, L50, M|100/100
|move|p2a: Whimsicott|Charm|p1a: Con Cá
|-unboost|p1a: Con Cá|atk|2
|move|p2b: Delphox|Psychic|p1a: Con Cá
|-damage|p1a: Con Cá|55/100
|move|p1a: Con Cá|Wave Crash|p2b: Delphox
|-supereffective|p2b: Delphox|1
|-damage|p2b: Delphox|0 fnt
|faint|p2b: Delphox
|-damage|p1a: Con Cá|38/100|[from] Recoil
|-enditem|p1a: Con Cá|Sitrus Berry|[eat]
|-heal|p1a: Con Cá|63/100|[from] item: Sitrus Berry
|
|-weather|Snowscape|[upkeep]
|upkeep
|
|t:|1785463419
|switch|p2b: Kingambit|Kingambit, L50, M, shiny|100/100
|turn|4
|l| Carneyasada
|inactive|ZoryaPet has 30 seconds left.
|
|t:|1785463451
|move|p2b: Kingambit|Sucker Punch|p1a: Con Cá
|-supereffective|p1a: Con Cá|1
|-damage|p1a: Con Cá|6/100
|move|p2a: Whimsicott|Moonblast|p1b: Móng Dài
|-crit|p1b: Móng Dài
|-damage|p1b: Móng Dài|44/100
|-unboost|p1b: Móng Dài|spa|1
|-enditem|p1b: Móng Dài|White Herb
|-clearnegativeboost|p1b: Móng Dài|[silent]
|move|p1b: Móng Dài|Close Combat|p2b: Kingambit
|-supereffective|p2b: Kingambit|2
|-enditem|p2b: Kingambit|Chople Berry|[eat]
|-enditem|p2b: Kingambit|Chople Berry|[weaken]
|-damage|p2b: Kingambit|11/100
|-unboost|p1b: Móng Dài|def|1
|-unboost|p1b: Móng Dài|spd|1
|move|p1a: Con Cá|Last Respects|p2a: Whimsicott
|-damage|p2a: Whimsicott|0 fnt
|faint|p2a: Whimsicott
|
|-weather|Snowscape|[upkeep]
|-sideend|p2: om3gacatches|move: Tailwind
|upkeep
|
|t:|1785463458
|switch|p2a: Glimmora|Glimmora, L50, M, shiny|100/100
|turn|5
|j| AquamarineVGC
|inactive|ZoryaPet has 30 seconds left.
|
|t:|1785463483
|move|p1a: Con Cá|Aqua Jet|p2a: Glimmora
|-supereffective|p2a: Glimmora|1
|-damage|p2a: Glimmora|67/100
|-activate|p2a: Glimmora|ability: Toxic Debris
|-sidestart|p1: ZoryaPet|move: Toxic Spikes
|move|p2b: Kingambit|Sucker Punch|p1b: Móng Dài
|-resisted|p1b: Móng Dài|1
|-damage|p1b: Móng Dài|14/100
|move|p1b: Móng Dài|Close Combat|p2b: Kingambit
|-supereffective|p2b: Kingambit|2
|-damage|p2b: Kingambit|0 fnt
|-unboost|p1b: Móng Dài|def|1
|-unboost|p1b: Móng Dài|spd|1
|faint|p2b: Kingambit
|move|p2a: Glimmora|Power Gem|p1a: Con Cá
|-damage|p1a: Con Cá|0 fnt
|faint|p1a: Con Cá
|
|-weather|none
|-sideend|p1: ZoryaPet|move: Aurora Veil
|upkeep
|
|t:|1785463490
|switch|p1a: Nàng Thơ|Froslass-Mega, L50, F|40/100
|-status|p1a: Nàng Thơ|psn
|-weather|Snowscape|[from] ability: Snow Warning|[of] p1a: Nàng Thơ
|turn|6
|
|t:|1785463495
|move|p2a: Glimmora|Spiky Shield|p2a: Glimmora
|-singleturn|p2a: Glimmora|move: Protect
|move|p1b: Móng Dài|Close Combat|p2a: Glimmora
|-activate|p2a: Glimmora|move: Protect
|-damage|p1b: Móng Dài|2/100|[from] Spiky Shield|[of] p2a: Glimmora
|move|p1a: Nàng Thơ|Blizzard|p2a: Glimmora
|-activate|p2a: Glimmora|move: Protect
|
|-weather|Snowscape|[upkeep]
|-damage|p1a: Nàng Thơ|28/100 psn|[from] psn
|-sideend|p2: om3gacatches|move: Light Screen
|upkeep
|turn|7
|
|t:|1785463503
|move|p2a: Glimmora|Spiky Shield||[still]
|-fail|p2a: Glimmora
|move|p1b: Móng Dài|Close Combat|p2a: Glimmora
|-damage|p2a: Glimmora|0 fnt
|-unboost|p1b: Móng Dài|def|1
|-unboost|p1b: Móng Dài|spd|1
|-activate|p2a: Glimmora|ability: Toxic Debris
|-sidestart|p1: ZoryaPet|move: Toxic Spikes
|faint|p2a: Glimmora
|
|win|ZoryaPet
||ZoryaPet is ready for game 2.
||om3gacatches is ready for game 2.
|uhtml|next|Next: Game 2 of 3
|l| AquamarineVGC
|l|+Aldrich
|j|+Aldrich
|j| jakkudiamond
|l|+Aldrich
|j|+Aldrich
|l|+Aldrich
|l| jakkudiamond
|l| TalonMasterJ
|l| tedidn
|l|☆om3gacatches
|player|p2|
|j|☆om3gacatches
|player|p2|om3gacatches|lance|
|l| FireTornado2023
|l| lewlewvgc
|j| AquamarineVGC
|j|+Aldrich
|l| AquamarineVGC
