|j|☆mewtwo51
|j|☆100bo3norobot
|html|mewtwo51100bo3norobot    
|uhtml|bestof|Game 2 of a best-of-3
|t:|1782430200
|gametype|doubles
|player|p1|mewtwo51|102|1014
|player|p2|100bo3norobot|baker|1040
|gen|9
|tier|[Gen 9 Champions] VGC 2026 Reg M-B (Bo3)
|rated|
|rule|Species Clause: Limit one of each Pokémon
|rule|Item Clause: Limit 1 of each item
|clearpoke
|poke|p1|Weavile, L50, F|
|poke|p1|Sneasler, L50, M|
|poke|p1|Milotic, L50, F|
|poke|p1|Sceptile, L50, M|
|poke|p1|Aerodactyl, L50, M|
|poke|p1|Heliolisk, L50, F|
|poke|p2|Raichu, L50, F|
|poke|p2|Ceruledge, L50, M|
|poke|p2|Ninetales-Alola, L50, M|
|poke|p2|Milotic, L50, F|
|poke|p2|Sneasler, L50, M|
|poke|p2|Sinistcha-Masterpiece, L50|
|teampreview|4
|showteam|p1|Weavile||ExpertBelt|Pressure|FakeOut,TripleAxel,ThroatChop,LowKick|Jolly||F|||50|]Sneasler||WhiteHerb|Unburden|Acrobatics,DireClaw,CloseCombat,FakeOut|Jolly||M|||50|]Milotic||SitrusBerry|Competitive|MuddyWater,IceBeam,Recover,IcyWind|Timid||F|||50|]Sceptile||Sceptilite|Overgrow|DragonPulse,EnergyBall,EarthPower,Protect|Timid||M|||50|]Aerodactyl||Aerodactylite|Unnerve|Tailwind,RockSlide,Earthquake,DualWingbeat|Jolly||M|||50|]Heliolisk||LifeOrb|DrySkin|Discharge,VoltSwitch,HyperVoice,Protect|Timid||F|||50|
|showteam|p2|Raichu||RaichuniteY|LightningRod|ZapCannon,FocusBlast,FakeOut,Protect|Timid||F|||50|]Ceruledge||ColburBerry|FlashFire|BitterBlade,ShadowSneak,BulkUp,Protect|Adamant||M|||50|]Ninetales-Alola||FocusSash|SnowWarning|Blizzard,FreezeDry,Encore,Protect|Timid||M|||50|]Milotic||Leftovers|Competitive|MuddyWater,Coil,Hypnosis,Protect|Calm||F|||50|]Sneasler||WhiteHerb|Unburden|FakeOut,CloseCombat,DireClaw,Protect|Adamant||M|||50|]Sinistcha-Masterpiece||CobaBerry|Hospitality|MatchaGotcha,RagePowder,TrickRoom,Protect|Calm|||||50|
|inactive|Battle timer is ON: inactive players will automatically lose when time's up. (requested by 100bo3norobot)
|
|t:|1782430223
|teamsize|p1|4
|teamsize|p2|4
|start
|switch|p1a: Aerodactyl|Aerodactyl, L50, M|100/100
|switch|p1b: Sneasler|Sneasler, L50, M|100/100
|switch|p2a: Ninetales|Ninetales-Alola, L50, M|100/100
|switch|p2b: Raichu|Raichu, L50, F|100/100
|-ability|p1a: Aerodactyl|Unnerve
|-weather|Snowscape|[from] ability: Snow Warning|[of] p2a: Ninetales
|turn|1
|
|t:|1782430246
|detailschange|p2b: Raichu|Raichu-Mega-Y, L50, F
|-mega|p2b: Raichu|Raichu|Raichunite Y
|move|p2b: Raichu|Fake Out|p1b: Sneasler
|-damage|p1b: Sneasler|85/100
|cant|p1b: Sneasler|flinch
|move|p1a: Aerodactyl|Tailwind|p1a: Aerodactyl
|-sidestart|p1: mewtwo51|move: Tailwind
|move|p2a: Ninetales|Blizzard|p1a: Aerodactyl|[spread] p1a,p1b
|-supereffective|p1a: Aerodactyl|1
|-damage|p1a: Aerodactyl|14/100
|-damage|p1b: Sneasler|40/100
|
|-weather|Snowscape|[upkeep]
|upkeep
|turn|2
|
|t:|1782430264
|move|p1a: Aerodactyl|Rock Slide|p2b: Raichu|[spread] p2a,p2b
|-supereffective|p2a: Ninetales|1
|-damage|p2a: Ninetales|47/100
|-damage|p2b: Raichu|63/100
|move|p1b: Sneasler|Close Combat|p2b: Raichu
|-damage|p2b: Raichu|0 fnt
|-unboost|p1b: Sneasler|def|1
|-unboost|p1b: Sneasler|spd|1
|faint|p2b: Raichu
|-enditem|p1b: Sneasler|White Herb
|-clearnegativeboost|p1b: Sneasler|[silent]
|cant|p2a: Ninetales|flinch
|
|-weather|Snowscape|[upkeep]
|upkeep
|
|t:|1782430277
|switch|p2b: Ceruledge|Ceruledge, L50, M|100/100
|turn|3
|
|t:|1782430289
|switch|p2a: Sneasler|Sneasler, L50, M|100/100
|move|p2b: Ceruledge|Shadow Sneak|p1a: Aerodactyl
|-damage|p1a: Aerodactyl|0 fnt
|faint|p1a: Aerodactyl
|move|p1b: Sneasler|Dire Claw|p2a: Sneasler
|-resisted|p2a: Sneasler|1
|-damage|p2a: Sneasler|76/100
|
|-weather|Snowscape|[upkeep]
|upkeep
|
|t:|1782430301
|switch|p1a: Sceptile|Sceptile, L50, M|100/100
|turn|4
|
|t:|1782430319
|detailschange|p1a: Sceptile|Sceptile-Mega, L50, M
|-mega|p1a: Sceptile|Sceptile|Sceptilite
|move|p2a: Sneasler|Fake Out|p1a: Sceptile
|-damage|p1a: Sceptile|80/100
|move|p1b: Sneasler|Acrobatics|p2a: Sneasler
|-supereffective|p2a: Sneasler|1
|-damage|p2a: Sneasler|0 fnt
|faint|p2a: Sneasler
|cant|p1a: Sceptile|flinch
|move|p2b: Ceruledge|Bulk Up|p2b: Ceruledge
|-boost|p2b: Ceruledge|atk|1
|-boost|p2b: Ceruledge|def|1
|
|-weather|Snowscape|[upkeep]
|-sideend|p1: mewtwo51|move: Tailwind
|upkeep
|
|t:|1782430332
|switch|p2a: Ninetales|Ninetales-Alola, L50, M|47/100
|turn|5
|
|t:|1782430342
|move|p1a: Sceptile|Protect|p1a: Sceptile
|-singleturn|p1a: Sceptile|Protect
|move|p2b: Ceruledge|Shadow Sneak|p1b: Sneasler
|-damage|p1b: Sneasler|0 fnt
|faint|p1b: Sneasler
|move|p2a: Ninetales|Blizzard|p1a: Sceptile
|-activate|p1a: Sceptile|move: Protect
|
|-weather|none
|upkeep
|
|t:|1782430351
|switch|p1b: Heliolisk|Heliolisk, L50, F|100/100
|turn|6
|
|t:|1782430365
|move|p1a: Sceptile|Earth Power|p2b: Ceruledge
|-supereffective|p2b: Ceruledge|1
|-damage|p2b: Ceruledge|35/100
|move|p2a: Ninetales|Freeze-Dry|p1a: Sceptile
|-supereffective|p1a: Sceptile|2
|-damage|p1a: Sceptile|0 fnt
|faint|p1a: Sceptile
|move|p1b: Heliolisk|Discharge|p2a: Ninetales|[spread] p2a,p2b
|-damage|p2a: Ninetales|6/100
|-damage|p2b: Ceruledge|2/100
|-damage|p1b: Heliolisk|90/100|[from] item: Life Orb
|move|p2b: Ceruledge|Bitter Blade|p1b: Heliolisk
|-damage|p1b: Heliolisk|0 fnt
|-heal|p2b: Ceruledge|37/100|[from] drain|[of] p1b: Heliolisk
|faint|p1b: Heliolisk
|
|win|100bo3norobot
|raw|mewtwo51's rating: 1014 → 1003(-11 for losing)
|raw|100bo3norobot's rating: 1040 → 1071(+31 for winning)
