|j|☆tailmyroom
|j|☆mirokart wii
|html|tailmyroommirokart wii    
|uhtml|bestof|Game 2 of a best-of-3
|t:|1754994709
|gametype|doubles
|player|p1|tailmyroom|scientist-gen4dp|1251
|player|p2|mirokart wii|266|1279
|gen|9
|tier|[Gen 9] VGC 2025 Reg H (Bo3)
|rated|
|rule|Species Clause: Limit one of each Pokémon
|rule|Item Clause: Limit 1 of each item
|clearpoke
|poke|p1|Gholdengo, L50|
|poke|p1|Sneasler, L50, M|
|poke|p1|Rillaboom, L50, M|
|poke|p1|Dragonite, L50, F|
|poke|p1|Ninetales-Alola, L50, M|
|poke|p1|Arcanine-Hisui, L50, F|
|poke|p2|Indeedee, L50, M|
|poke|p2|Sneasler, L50, F|
|poke|p2|Ursaluna-Bloodmoon, L50, M|
|poke|p2|Volcarona, L50, F|
|poke|p2|Tyranitar, L50, F|
|poke|p2|Annihilape, L50, M|
|teampreview|4
|showteam|p1|Gholdengo||GrassySeed|GoodasGold|NastyPlot,MakeItRain,ShadowBall,Protect||||||50|,,,,,Water]Sneasler||WhiteHerb|Unburden|CloseCombat,DireClaw,Coaching,Protect|||M|||50|,,,,,Ghost]Rillaboom||AssaultVest|GrassySurge|FakeOut,GrassyGlide,DrumBeating,HighHorsepower|||M|||50|,,,,,Fire]Dragonite||LoadedDice|Multiscale|ScaleShot,StompingTantrum,Tailwind,Protect|||F|||50|,,,,,Ground]Ninetales-Alola||FocusSash|SnowWarning|Blizzard,IcyWind,Encore,AuroraVeil|||M|||50|,,,,,Ghost]Arcanine-Hisui||ClearAmulet|Intimidate|RockSlide,FlareBlitz,ExtremeSpeed,Protect|||F|||50|,,,,,Water
|showteam|p2|Indeedee||ChoiceScarf|PsychicSurge|ExpandingForce,Trick,Protect,TeraBlast|||M|||50|,,,,,Psychic]Sneasler||PsychicSeed|Unburden|CloseCombat,DireClaw,ThroatChop,Protect|||F|||50|,,,,,Dark]Ursaluna-Bloodmoon||LifeOrb|MindsEye|BloodMoon,EarthPower,HyperVoice,Protect|||M|||50|,,,,,Normal]Volcarona||SitrusBerry|FlameBody|Overheat,StruggleBug,Tailwind,RagePowder|||F|||50|,,,,,Grass]Tyranitar||AssaultVest|SandStream|RockSlide,KnockOff,LowKick,TeraBlast|||F|||50|,,,,,Flying]Annihilape||SafetyGoggles|Defiant|CloseCombat,RageFist,Taunt,FinalGambit|||M|||50|,,,,,Fairy
|inactive|Battle timer is ON: inactive players will automatically lose when time's up. (requested by mirokart wii)
|inactive|tailmyroom has 60 seconds left.
|inactive|tailmyroom has 30 seconds left.
|
|t:|1754994772
|teamsize|p1|4
|teamsize|p2|4
|start
|switch|p1a: Ninetales|Ninetales-Alola, L50, M|100/100
|switch|p1b: Arcanine|Arcanine-Hisui, L50, F|100/100
|switch|p2a: Volcarona|Volcarona, L50, F|100/100
|switch|p2b: Annihilape|Annihilape, L50, M|100/100
|-weather|Snowscape|[from] ability: Snow Warning|[of] p1a: Ninetales
|-ability|p1b: Arcanine|Intimidate|boost
|-unboost|p2a: Volcarona|atk|1
|-unboost|p2b: Annihilape|atk|1
|-ability|p2b: Annihilape|Defiant|boost
|-boost|p2b: Annihilape|atk|2
|turn|1
|
|t:|1754994791
|move|p1b: Arcanine|Protect|p1b: Arcanine
|-singleturn|p1b: Arcanine|Protect
|move|p1a: Ninetales|Aurora Veil|p1a: Ninetales
|-sidestart|p1: tailmyroom|move: Aurora Veil
|move|p2a: Volcarona|Tailwind|p2a: Volcarona
|-sidestart|p2: mirokart wii|move: Tailwind
|move|p2b: Annihilape|Close Combat|p1b: Arcanine
|-activate|p1b: Arcanine|move: Protect
|
|-weather|Snowscape|[upkeep]
|upkeep
|turn|2
|
|t:|1754994814
|switch|p2a: Sneasler|Sneasler, L50, F|100/100
|switch|p1b: Sneasler|Sneasler, L50, M|100/100
|move|p2b: Annihilape|Close Combat|p1b: Sneasler
|-resisted|p1b: Sneasler
|-damage|p1b: Sneasler|67/100
|-unboost|p2b: Annihilape|def|1
|-unboost|p2b: Annihilape|spd|1
|move|p1a: Ninetales|Encore||[still]
|-fail|p1a: Ninetales
|
|-weather|Snowscape|[upkeep]
|upkeep
|turn|3
|inactive|tailmyroom has 30 seconds left.
|inactive|tailmyroom has 20 seconds left.
|
|t:|1754994851
|move|p2a: Sneasler|Dire Claw|p1a: Ninetales
|-supereffective|p1a: Ninetales
|-damage|p1a: Ninetales|44/100
|-status|p1a: Ninetales|slp
|move|p2b: Annihilape|Close Combat|p1a: Ninetales
|-damage|p1a: Ninetales|0 fnt
|-unboost|p2b: Annihilape|def|1
|-unboost|p2b: Annihilape|spd|1
|faint|p1a: Ninetales
|move|p1b: Sneasler|Close Combat|p2a: Sneasler
|-resisted|p2a: Sneasler
|-damage|p2a: Sneasler|50/100
|-unboost|p1b: Sneasler|def|1
|-unboost|p1b: Sneasler|spd|1
|-enditem|p1b: Sneasler|White Herb
|-clearnegativeboost|p1b: Sneasler|[silent]
|
|-weather|Snowscape|[upkeep]
|upkeep
|inactive|tailmyroom has 30 seconds left.
|
|t:|1754994879
|switch|p1a: Rillaboom|Rillaboom, L50, M|100/100
|-fieldstart|move: Grassy Terrain|[from] ability: Grassy Surge|[of] p1a: Rillaboom
|turn|4
|
|t:|1754994893
|switch|p1a: Arcanine|Arcanine-Hisui, L50, F|100/100
|-ability|p1a: Arcanine|Intimidate|boost
|-unboost|p2a: Sneasler|atk|1
|-unboost|p2b: Annihilape|atk|1
|-ability|p2b: Annihilape|Defiant|boost
|-boost|p2b: Annihilape|atk|2
|move|p2a: Sneasler|Protect|p2a: Sneasler
|-singleturn|p2a: Sneasler|Protect
|move|p1b: Sneasler|Close Combat|p2a: Sneasler
|-activate|p2a: Sneasler|move: Protect
|move|p2b: Annihilape|Rage Fist|p1b: Sneasler
|-damage|p1b: Sneasler|31/100
|
|-weather|Snowscape|[upkeep]
|-heal|p2a: Sneasler|56/100|[from] Grassy Terrain
|-heal|p1b: Sneasler|37/100|[from] Grassy Terrain
|-sideend|p2: mirokart wii|move: Tailwind
|upkeep
|turn|5
|inactive|tailmyroom has 30 seconds left.
|inactive|tailmyroom has 20 seconds left.
|
|t:|1754994932
|-terastallize|p1a: Arcanine|Water
|move|p1b: Sneasler|Coaching|p1a: Arcanine
|-boost|p1a: Arcanine|atk|1
|-boost|p1a: Arcanine|def|1
|move|p2a: Sneasler|Dire Claw|p1b: Sneasler
|-resisted|p1b: Sneasler
|-damage|p1b: Sneasler|24/100
|move|p1a: Arcanine|Flare Blitz|p2b: Annihilape
|-damage|p2b: Annihilape|0 fnt
|faint|p2b: Annihilape
|-damage|p1a: Arcanine|60/100|[from] Recoil
|
|-weather|none
|-heal|p1b: Sneasler|30/100|[from] Grassy Terrain
|-heal|p2a: Sneasler|62/100|[from] Grassy Terrain
|-heal|p1a: Arcanine|66/100|[from] Grassy Terrain
|-sideend|p1: tailmyroom|move: Aurora Veil
|upkeep
|
|t:|1754994946
|switch|p2b: Indeedee|Indeedee, L50, M|100/100
|-fieldstart|move: Psychic Terrain|[from] ability: Psychic Surge|[of] p2b: Indeedee
|-enditem|p2a: Sneasler|Psychic Seed
|-boost|p2a: Sneasler|spd|1|[from] item: Psychic Seed
|turn|6
|inactive|tailmyroom has 30 seconds left.
|inactive|tailmyroom has 20 seconds left.
|
|t:|1754994986
|switch|p1b: Rillaboom|Rillaboom, L50, M|100/100
|-fieldstart|move: Grassy Terrain|[from] ability: Grassy Surge|[of] p1b: Rillaboom
|switch|p2b: Volcarona|Volcarona, L50, F|100/100
|move|p2a: Sneasler|Dire Claw|p1a: Arcanine
|-crit|p1a: Arcanine
|-damage|p1a: Arcanine|0 fnt
|faint|p1a: Arcanine
|
|-heal|p2a: Sneasler|67/100|[from] Grassy Terrain
|upkeep
|-message|tailmyroom forfeited.
|
|win|mirokart wii
|raw|tailmyroom's rating: 1251 → 1228(-23 for losing)
|raw|mirokart wii's rating: 1279 → 1302(+23 for winning)
