|j|☆P!nkbearz07
|j|☆SGambler
|html|P!nkbearz07SGambler    
|uhtml|bestof|Game 1 of a best-of-3
|t:|1757039523
|gametype|doubles
|player|p1|P!nkbearz07|marlon|1047
|player|p2|SGambler|266|1000
|gen|9
|tier|[Gen 9] VGC 2025 Reg H (Bo3)
|rated|
|rule|Species Clause: Limit one of each Pokémon
|rule|Item Clause: Limit 1 of each item
|clearpoke
|poke|p1|Empoleon, L50, F|
|poke|p1|Pelipper, L50, F|
|poke|p1|Ursaluna-Bloodmoon, L50, M|
|poke|p1|Sceptile, L50, F|
|poke|p1|Hydreigon, L50, F|
|poke|p1|Incineroar, L50, M|
|poke|p2|Slowking, L50, M|
|poke|p2|Indeedee-F, L50, F|
|poke|p2|Glaceon, L50, M|
|poke|p2|Ursaluna, L50, M|
|poke|p2|Amoonguss, L50, M|
|poke|p2|Rillaboom, L50, M|
|teampreview|4
|showteam|p1|Empoleon||CovertCloak|Competitive|WaterPledge,FlashCannon,IcyWind,Protect|||F|||50|,,,,,Bug]Pelipper||ChoiceScarf|Drizzle|Hurricane,MuddyWater,WeatherBall,Tailwind|||F|||50|,,,,,Ghost]Ursaluna-Bloodmoon||AssaultVest|MindsEye|EarthPower,BloodMoon,HyperVoice,VacuumWave|||M|||50|,,,,,Ghost]Sceptile||LumBerry|Unburden|GrassPledge,DragonPulse,VacuumWave,Detect|||F|||50|,,,,,Ghost]Hydreigon||ChoiceSpecs|Levitate|Snarl,DarkPulse,DracoMeteor,TeraBlast|||F|||50|,,,,,Poison]Incineroar||SafetyGoggles|Intimidate|FakeOut,FirePledge,KnockOff,PartingShot|||M|||50|,,,,,Ghost
|showteam|p2|Slowking||SafetyGoggles|Regenerator|ChillyReception,TrickRoom,Scald,ExpandingForce|||M|||50|,,,,,Dark]Indeedee-F||PsychicSeed|PsychicSurge|TrickRoom,FollowMe,HelpingHand,Psychic|||F|||50|,,,,,Grass]Glaceon||Leftovers|IceBody|FreezeDry,Substitute,Blizzard,Protect|||M|||50|,,,,,Water]Ursaluna||FlameOrb|Guts|Facade,Earthquake,HeadlongRush,Protect|||M|||50|,,,,,Ghost]Amoonguss||MentalHerb|Regenerator|Spore,RagePowder,PollenPuff,SludgeBomb|||M|||50|,,,,,Water]Rillaboom||AssaultVest|GrassySurge|HighHorsepower,Uturn,GrassyGlide,FakeOut|||M|||50|,,,,,Fire
|inactive|Battle timer is ON: inactive players will automatically lose when time's up. (requested by P!nkbearz07)
|inactive|P!nkbearz07 has 60 seconds left.
|
|t:|1757039566
|teamsize|p1|4
|teamsize|p2|4
|start
|switch|p1a: GEX|Sceptile, L50, F, shiny|100/100
|switch|p1b: Atlantis|Empoleon, L50, F, shiny|100/100
|switch|p2a: Slowking|Slowking, L50, M|100/100
|switch|p2b: Indeedee|Indeedee-F, L50, F|100/100
|-fieldstart|move: Psychic Terrain|[from] ability: Psychic Surge|[of] p2b: Indeedee
|-enditem|p2b: Indeedee|Psychic Seed
|-boost|p2b: Indeedee|spd|1|[from] item: Psychic Seed
|turn|1
|inactive|SGambler has 30 seconds left.
|
|t:|1757039593
|move|p2b: Indeedee|Follow Me|p2b: Indeedee
|-singleturn|p2b: Indeedee|move: Follow Me
|move|p1a: GEX|Grass Pledge|p2b: Indeedee
|-waiting|p1a: GEX|p1b: Atlantis
|move|p1b: Atlantis|Water Pledge|p2b: Indeedee|[from] move: Grass Pledge
|-combine
|-damage|p2b: Indeedee|66/100
|-sidestart|p2: SGambler|Grass Pledge
|move|p2a: Slowking|Trick Room|p2a: Slowking
|-fieldstart|move: Trick Room|[of] p2a: Slowking
|
|upkeep
|turn|2
|inactive|SGambler has 30 seconds left.
|inactive|SGambler has 20 seconds left.
|inactive|SGambler has 15 seconds left.
|
|t:|1757039635
|move|p2b: Indeedee|Helping Hand|p2a: Slowking
|-singleturn|p2a: Slowking|Helping Hand|[of] p2b: Indeedee
|move|p2a: Slowking|Expanding Force|p1a: GEX|[spread] p1a,p1b
|-resisted|p1b: Atlantis
|-damage|p1a: GEX|16/100
|-damage|p1b: Atlantis|72/100
|move|p1b: Atlantis|Water Pledge|p1a: GEX
|-waiting|p1b: Atlantis|p1a: GEX
|move|p1a: GEX|Grass Pledge|p1b: Atlantis|[from] move: Water Pledge
|-combine
|-damage|p1b: Atlantis|27/100
|-sidestart|p1: P!nkbearz07|Grass Pledge
|
|upkeep
|turn|3
|
|t:|1757039659
|switch|p1a: Incineroar|Incineroar, L50, M|100/100
|-ability|p1a: Incineroar|Intimidate|boost
|-unboost|p2a: Slowking|atk|1
|-unboost|p2b: Indeedee|atk|1
|move|p1b: Atlantis|Protect|p1b: Atlantis
|-singleturn|p1b: Atlantis|Protect
|move|p2b: Indeedee|Follow Me|p2b: Indeedee
|-singleturn|p2b: Indeedee|move: Follow Me
|move|p2a: Slowking|Expanding Force|p1b: Atlantis|[spread] 
|-activate|p1b: Atlantis|move: Protect
|-immune|p1a: Incineroar
|
|upkeep
|turn|4
|inactive|P!nkbearz07 has 30 seconds left.
|inactive|P!nkbearz07 has 20 seconds left.
|
|t:|1757039698
|move|p2b: Indeedee|Follow Me|p2b: Indeedee
|-singleturn|p2b: Indeedee|move: Follow Me
|move|p2a: Slowking|Scald|p1a: Incineroar
|-supereffective|p1a: Incineroar
|-damage|p1a: Incineroar|44/100
|move|p1b: Atlantis|Flash Cannon|p2b: Indeedee
|-damage|p2b: Indeedee|46/100
|-unboost|p2b: Indeedee|spd|1
|move|p1a: Incineroar|Knock Off|p2b: Indeedee
|-supereffective|p2b: Indeedee
|-damage|p2b: Indeedee|0 fnt
|faint|p2b: Indeedee
|
|-sideend|p2: SGambler|Grass Pledge
|upkeep
|
|t:|1757039716
|switch|p2b: Glaceon|Glaceon, L50, M|100/100
|turn|5
|
|t:|1757039737
|-terastallize|p2b: Glaceon|Water
|move|p1b: Atlantis|Protect|p1b: Atlantis
|-singleturn|p1b: Atlantis|Protect
|move|p1a: Incineroar|Parting Shot|p2b: Glaceon
|-unboost|p2b: Glaceon|atk|1
|-unboost|p2b: Glaceon|spa|1
|
|t:|1757039745
|switch|p1a: GEX|Sceptile, L50, F, shiny|16/100|[from] Parting Shot
|-prepare|p2a: Slowking|Chilly Reception|[premajor]
|move|p2a: Slowking|Chilly Reception|p2a: Slowking
|-weather|Snowscape
|
|t:|1757039753
|switch|p2a: Ursaluna|Ursaluna, L50, M|100/100|[from] Chilly Reception
|move|p2b: Glaceon|Freeze-Dry|p1b: Atlantis
|-activate|p1b: Atlantis|move: Protect
|
|-weather|Snowscape|[upkeep]
|-sideend|p1: P!nkbearz07|Grass Pledge
|-fieldend|move: Trick Room
|-fieldend|move: Psychic Terrain
|-status|p2a: Ursaluna|brn|[from] item: Flame Orb
|upkeep
|turn|6
|inactive|SGambler has 30 seconds left.
|
|t:|1757039778
|move|p2a: Ursaluna|Protect|p2a: Ursaluna
|-singleturn|p2a: Ursaluna|Protect
|move|p1a: GEX|Grass Pledge|p2b: Glaceon
|-waiting|p1a: GEX|p1b: Atlantis
|move|p1b: Atlantis|Water Pledge|p2b: Glaceon|[from] move: Grass Pledge
|-combine
|-supereffective|p2b: Glaceon
|-damage|p2b: Glaceon|0 fnt
|-sidestart|p2: SGambler|Grass Pledge
|faint|p2b: Glaceon
|
|-weather|Snowscape|[upkeep]
|-damage|p2a: Ursaluna|94/100 brn|[from] brn
|upkeep
|
|t:|1757039791
|switch|p2b: Slowking|Slowking, L50, M|100/100
|turn|7
|
|t:|1757039802
|move|p1a: GEX|Grass Pledge|p2b: Slowking
|-waiting|p1a: GEX|p1b: Atlantis
|move|p1b: Atlantis|Water Pledge|p2b: Slowking|[from] move: Grass Pledge
|-combine
|-supereffective|p2b: Slowking
|-damage|p2b: Slowking|4/100
|move|p2a: Ursaluna|Facade|p1b: Atlantis
|-resisted|p1b: Atlantis
|-damage|p1b: Atlantis|0 fnt
|faint|p1b: Atlantis
|move|p2b: Slowking|Trick Room|p2b: Slowking
|-fieldstart|move: Trick Room|[of] p2b: Slowking
|
|-weather|Snowscape|[upkeep]
|-damage|p2a: Ursaluna|88/100 brn|[from] brn
|upkeep
|
|t:|1757039822
|switch|p1b: Incineroar|Incineroar, L50, M|44/100
|-ability|p1b: Incineroar|Intimidate|boost
|-unboost|p2a: Ursaluna|atk|1
|-unboost|p2b: Slowking|atk|1
|turn|8
|
|t:|1757039835
|-terastallize|p1b: Incineroar|Ghost
|move|p1a: GEX|Vacuum Wave|p2a: Ursaluna
|-supereffective|p2a: Ursaluna
|-damage|p2a: Ursaluna|70/100 brn
|move|p2b: Slowking|Scald|p1b: Incineroar
|-damage|p1b: Incineroar|14/100
|move|p2a: Ursaluna|Headlong Rush|p1a: GEX
|-resisted|p1a: GEX
|-damage|p1a: GEX|0 fnt
|-unboost|p2a: Ursaluna|def|1
|-unboost|p2a: Ursaluna|spd|1
|faint|p1a: GEX
|move|p1b: Incineroar|Knock Off|p2a: Ursaluna
|-damage|p2a: Ursaluna|25/100 brn
|-enditem|p2a: Ursaluna|Flame Orb|[from] move: Knock Off|[of] p1b: Incineroar
|
|-weather|Snowscape|[upkeep]
|-damage|p2a: Ursaluna|19/100 brn|[from] brn
|upkeep
|
|t:|1757039851
|switch|p1a: Ursa Major|Ursaluna-Bloodmoon, L50, M|100/100
|turn|9
|inactive|SGambler has 30 seconds left.
|inactive|SGambler has 20 seconds left.
|inactive|SGambler has 15 seconds left.
|inactive|SGambler has 10 seconds left.
|
|t:|1757039897
|move|p1a: Ursa Major|Vacuum Wave|p2a: Ursaluna
|-supereffective|p2a: Ursaluna
|-damage|p2a: Ursaluna|0 fnt
|faint|p2a: Ursaluna
|move|p2b: Slowking|Scald|p1a: Ursa Major
|-supereffective|p1a: Ursa Major
|-damage|p1a: Ursa Major|45/100
|move|p1b: Incineroar|Knock Off|p2b: Slowking
|-supereffective|p2b: Slowking
|-damage|p2b: Slowking|0 fnt
|-enditem|p2b: Slowking|Safety Goggles|[from] move: Knock Off|[of] p1b: Incineroar
|faint|p2b: Slowking
|
|win|P!nkbearz07
