|j|☆Matyupeko
|j|☆Pytonia
|html|MatyupekoPytonia    
|uhtml|bestof|Game 3 of a best-of-3
|t:|1783431648
|gametype|doubles
|player|p1|Matyupeko|1|
|player|p2|Pytonia|lucian|
|gen|9
|tier|[Gen 9 Champions] VGC 2026 Reg M-B (Bo3)
|rule|Species Clause: Limit one of each Pokémon
|rule|Item Clause: Limit 1 of each item
|clearpoke
|poke|p1|Archaludon, L50, M|
|poke|p1|Drampa, L50, M|
|poke|p1|Grimmsnarl, L50, M|
|poke|p1|Pelipper, L50, M|
|poke|p1|Sinistcha-Masterpiece, L50|
|poke|p1|Swampert, L50, M|
|poke|p2|Raichu, L50, F|
|poke|p2|Volcarona, L50, F|
|poke|p2|Milotic, L50, F|
|poke|p2|Ninetales-Alola, L50, M|
|poke|p2|Farigiraf, L50, M|
|poke|p2|Metagross, L50|
|teampreview|4
|showteam|p1|Archaludon||Leftovers|Stamina|DragonPulse,FlashCannon,ElectroShot,Protect|Modest||M|||50|]Drampa||Drampanite|Berserk|HyperVoice,EarthPower,CalmMind,Protect|Modest||M|||50|]Grimmsnarl||LightClay|Prankster|SpiritBreak,PartingShot,LightScreen,Reflect|Careful||M|||50|]Pelipper||FocusSash|Drizzle|Hurricane,WeatherBall,Tailwind,Protect|Modest||M|||50|]Sinistcha-Masterpiece||SitrusBerry|Hospitality|MatchaGotcha,RagePowder,LifeDew,TrickRoom|Bold|||||50|]Swampert||Swampertite|Damp|WaveCrash,Earthquake,IcePunch,Protect|Adamant||M|||50|
|showteam|p2|Raichu||RaichuniteY|LightningRod|ZapCannon,FocusBlast,GrassKnot,Protect|Timid||F|||50|]Volcarona||PasshoBerry|FlameBody|HeatWave,BugBuzz,RagePowder,Protect|Bold||F|||50|]Milotic||Leftovers|Competitive|MuddyWater,Coil,Blizzard,Protect|Bold||F|||50|]Ninetales-Alola||FocusSash|SnowWarning|FreezeDry,DazzlingGleam,Extrasensory,Protect|Timid||M|||50|]Farigiraf||SitrusBerry|ArmorTail|TrickRoom,Psychic,Imprison,Protect|Modest||M|||50|]Metagross||Metagrossite|ClearBody|IronHead,PsychicFangs,IcePunch,Protect|Jolly|||||50|
|
|t:|1783431700
|teamsize|p1|4
|teamsize|p2|4
|start
|switch|p1a: Drampa|Drampa, L50, M|100/100
|switch|p1b: Grimmsnarl|Grimmsnarl, L50, M|100/100
|switch|p2a: Raichu|Raichu, L50, F|100/100
|switch|p2b: Metagross|Metagross, L50|100/100
|turn|1
|
|t:|1783431729
|detailschange|p2a: Raichu|Raichu-Mega-Y, L50, F
|-mega|p2a: Raichu|Raichu|Raichunite Y
|detailschange|p1a: Drampa|Drampa-Mega, L50, M
|-mega|p1a: Drampa|Drampa|Drampanite
|move|p1b: Grimmsnarl|Parting Shot|p2a: Raichu
|-unboost|p2a: Raichu|atk|1
|-unboost|p2a: Raichu|spa|1
|
|t:|1783431736
|switch|p1b: Sinistcha|Sinistcha-Masterpiece, L50|100/100|[from] Parting Shot
|move|p2a: Raichu|Zap Cannon|p1b: Sinistcha
|-resisted|p1b: Sinistcha|1
|-damage|p1b: Sinistcha|74/100
|-status|p1b: Sinistcha|par
|move|p2b: Metagross|Psychic Fangs|p1a: Drampa
|-crit|p1a: Drampa
|-damage|p1a: Drampa|41/100
|-ability|p1a: Drampa|Berserk|boost
|-boost|p1a: Drampa|spa|1
|move|p1a: Drampa|Earth Power|p2a: Raichu
|-supereffective|p2a: Raichu|1
|-damage|p2a: Raichu|0 fnt
|faint|p2a: Raichu
|
|upkeep
|
|t:|1783431741
|switch|p2a: Ninetales|Ninetales-Alola, L50, M|100/100
|-weather|Snowscape|[from] ability: Snow Warning|[of] p2a: Ninetales
|turn|2
|
|t:|1783431757
|switch|p1b: Grimmsnarl|Grimmsnarl, L50, M|100/100
|move|p1a: Drampa|Protect|p1a: Drampa
|-singleturn|p1a: Drampa|Protect
|move|p2a: Ninetales|Freeze-Dry|p1b: Grimmsnarl
|-damage|p1b: Grimmsnarl|77/100
|move|p2b: Metagross|Ice Punch|p1a: Drampa
|-activate|p1a: Drampa|move: Protect
|
|-weather|Snowscape|[upkeep]
|upkeep
|turn|3
|
|t:|1783431796
|switch|p1a: Pelipper|Pelipper, L50, M|100/100
|-weather|RainDance|[from] ability: Drizzle|[of] p1a: Pelipper
|move|p1b: Grimmsnarl|Parting Shot|p2a: Ninetales
|-unboost|p2a: Ninetales|atk|1
|-unboost|p2a: Ninetales|spa|1
|
|t:|1783431805
|switch|p1b: Sinistcha|Sinistcha-Masterpiece, L50|74/100 par|[from] Parting Shot
|move|p2a: Ninetales|Dazzling Gleam|p1a: Pelipper|[spread] p1a,p1b
|-damage|p1a: Pelipper|73/100
|-damage|p1b: Sinistcha|58/100 par
|move|p2b: Metagross|Psychic Fangs|p1a: Pelipper
|-damage|p1a: Pelipper|24/100
|
|-weather|RainDance|[upkeep]
|upkeep
|turn|4
|
|t:|1783431819
|move|p2a: Ninetales|Dazzling Gleam|p1a: Pelipper|[spread] p1a,p1b
|-damage|p1a: Pelipper|0 fnt
|-damage|p1b: Sinistcha|43/100 par
|-enditem|p1b: Sinistcha|Sitrus Berry|[eat]
|-heal|p1b: Sinistcha|68/100 par|[from] item: Sitrus Berry
|faint|p1a: Pelipper
|move|p2b: Metagross|Ice Punch|p1b: Sinistcha
|-supereffective|p1b: Sinistcha|1
|-crit|p1b: Sinistcha
|-damage|p1b: Sinistcha|11/100 par
|cant|p1b: Sinistcha|par
|
|-weather|RainDance|[upkeep]
|upkeep
|
|t:|1783431826
|switch|p1a: Drampa|Drampa-Mega, L50, M|41/100
|turn|5
|
|t:|1783431850
|switch|p1b: Grimmsnarl|Grimmsnarl, L50, M|77/100
|move|p1a: Drampa|Protect|p1a: Drampa
|-singleturn|p1a: Drampa|Protect
|move|p2a: Ninetales|Dazzling Gleam|p1a: Drampa|[spread] p1b
|-activate|p1a: Drampa|move: Protect
|-supereffective|p1b: Grimmsnarl|1
|-damage|p1b: Grimmsnarl|52/100
|move|p2b: Metagross|Ice Punch|p1a: Drampa
|-activate|p1a: Drampa|move: Protect
|
|-weather|RainDance|[upkeep]
|upkeep
|turn|6
|
|t:|1783431871
|switch|p2a: Milotic|Milotic, L50, F|100/100
|move|p1b: Grimmsnarl|Parting Shot|p2a: Milotic
|-unboost|p2a: Milotic|atk|1
|-ability|p2a: Milotic|Competitive|boost
|-boost|p2a: Milotic|spa|2
|-unboost|p2a: Milotic|spa|1
|-ability|p2a: Milotic|Competitive|boost
|-boost|p2a: Milotic|spa|2
|
|t:|1783431876
|switch|p1b: Sinistcha|Sinistcha-Masterpiece, L50|11/100 par|[from] Parting Shot
|-heal|p1a: Drampa|65/100|[from] ability: Hospitality|[of] p1b: Sinistcha
|move|p2b: Metagross|Psychic Fangs|p1a: Drampa
|-damage|p1a: Drampa|29/100
|-ability|p1a: Drampa|Berserk|boost
|-boost|p1a: Drampa|spa|1
|move|p1a: Drampa|Earth Power|p2b: Metagross
|-supereffective|p2b: Metagross|1
|-damage|p2b: Metagross|0 fnt
|faint|p2b: Metagross
|
|-weather|RainDance|[upkeep]
|upkeep
|
|t:|1783431883
|switch|p2b: Ninetales|Ninetales-Alola, L50, M|100/100
|-weather|Snowscape|[from] ability: Snow Warning|[of] p2b: Ninetales
|turn|7
|
|t:|1783431896
|switch|p1b: Grimmsnarl|Grimmsnarl, L50, M|52/100
|move|p1a: Drampa|Protect|p1a: Drampa
|-singleturn|p1a: Drampa|Protect
|move|p2b: Ninetales|Dazzling Gleam|p1a: Drampa|[spread] p1b
|-activate|p1a: Drampa|move: Protect
|-supereffective|p1b: Grimmsnarl|1
|-damage|p1b: Grimmsnarl|13/100
|move|p2a: Milotic|Blizzard|p1b: Grimmsnarl|[spread] p1b
|-activate|p1a: Drampa|move: Protect
|-damage|p1b: Grimmsnarl|0 fnt
|faint|p1b: Grimmsnarl
|
|-weather|Snowscape|[upkeep]
|upkeep
|
|t:|1783431908
|switch|p1b: Sinistcha|Sinistcha-Masterpiece, L50|11/100 par
|-heal|p1a: Drampa|53/100|[from] ability: Hospitality|[of] p1b: Sinistcha
|turn|8
|
|t:|1783431914
|move|p2b: Ninetales|Dazzling Gleam|p1a: Drampa|[spread] p1a,p1b
|-supereffective|p1a: Drampa|1
|-damage|p1a: Drampa|12/100
|-damage|p1b: Sinistcha|0 fnt
|faint|p1b: Sinistcha
|-ability|p1a: Drampa|Berserk|boost
|-boost|p1a: Drampa|spa|1
|move|p2a: Milotic|Blizzard|p1a: Drampa
|-supereffective|p1a: Drampa|1
|-damage|p1a: Drampa|0 fnt
|faint|p1a: Drampa
|
|win|Pytonia
|c|☆Matyupeko|GGWP
|c|☆Pytonia|Ggwp :D
|c|☆Pytonia|Good luck sa work
|l|☆Matyupeko
|player|p1|
