|j|☆Smollitalia
|j|☆Djogmacx
|html|SmollitaliaDjogmacx    
|uhtml|bestof|Game 1 of a best-of-3
|t:|1756640704
|gametype|doubles
|player|p1|Smollitalia|170|1065
|player|p2|Djogmacx|veteran|1061
|gen|9
|tier|[Gen 9] VGC 2025 Reg H (Bo3)
|rated|
|rule|Species Clause: Limit one of each Pokémon
|rule|Item Clause: Limit 1 of each item
|clearpoke
|poke|p1|Charizard, L50, M|
|poke|p1|Farigiraf, L50, M|
|poke|p1|Rillaboom, L50, M|
|poke|p1|Garchomp, L50, F|
|poke|p1|Torkoal, L50, F|
|poke|p1|Whimsicott, L50, F|
|poke|p2|Archaludon, L50, M|
|poke|p2|Pelipper, L50, F|
|poke|p2|Amoonguss, L50, M|
|poke|p2|Gholdengo, L50|
|poke|p2|Basculegion, L50, M|
|poke|p2|Incineroar, L50, M|
|teampreview|4
|showteam|p1|Charizard||ChoiceSpecs|SolarPower|HeatWave,DragonPulse,WeatherBall,AirSlash|||M|||50|,,,,,Ghost]Farigiraf||ThroatSpray|ArmorTail|HyperVoice,Thunderbolt,TrickRoom,HelpingHand|||M|||50|,,,,,Electric]Rillaboom||AssaultVest|GrassySurge|FakeOut,WoodHammer,GrassyGlide,Uturn|||M|||50|,,,,,Fire]Garchomp||LifeOrb|RoughSkin|Earthquake,DragonClaw,StompingTantrum,Protect|||F|||50|,,,,,Steel]Torkoal||Charcoal|Drought|HeatWave,HelpingHand,Protect,Eruption|||F|||50|,,,,,Fire]Whimsicott||FocusSash|Prankster|Moonblast,Tailwind,Encore,SunnyDay|||F|||50|,,,,,Ghost
|showteam|p2|Archaludon||AssaultVest|Stamina|ElectroShot,DragonPulse,FlashCannon,BodyPress|||M|||50|,,,,,Grass]Pelipper||FocusSash|Drizzle|WeatherBall,Hurricane,Protect,Tailwind|||F|||50|,,,,,Steel]Amoonguss||Leftovers|Regenerator|Spore,PollenPuff,RagePowder,Protect|||M|||50|,,,,,Water]Gholdengo||LifeOrb|GoodasGold|MakeItRain,ShadowBall,NastyPlot,Protect||||||50|,,,,,Water]Basculegion||ChoiceBand|SwiftSwim|WaveCrash,FlipTurn,AquaJet,LastRespects|||M|||50|,,,,,Water]Incineroar||SafetyGoggles|Intimidate|FakeOut,FlareBlitz,KnockOff,PartingShot|||M|||50|,,,,,Bug
|inactive|Battle timer is ON: inactive players will automatically lose when time's up. (requested by Smollitalia)
|inactive|Djogmacx has 60 seconds left.
|
|t:|1756640781
|teamsize|p1|4
|teamsize|p2|4
|start
|switch|p1a: Whimsicott|Whimsicott, L50, F|100/100
|switch|p1b: Rillaboom|Rillaboom, L50, M, shiny|100/100
|switch|p2a: Archaludon|Archaludon, L50, M|100/100
|switch|p2b: Amoonguss|Amoonguss, L50, M, shiny|100/100
|-fieldstart|move: Grassy Terrain|[from] ability: Grassy Surge|[of] p1b: Rillaboom
|turn|1
|inactive|Djogmacx has 30 seconds left.
|
|t:|1756640811
|move|p1a: Whimsicott|Tailwind|p1a: Whimsicott
|-sidestart|p1: Smollitalia|move: Tailwind
|move|p1b: Rillaboom|U-turn|p2b: Amoonguss
|-damage|p2b: Amoonguss|81/100
|
|t:|1756640816
|switch|p1b: Charizard|Charizard, L50, M, shiny|100/100|[from] U-turn
|move|p2a: Archaludon|Flash Cannon|p1a: Whimsicott
|-supereffective|p1a: Whimsicott
|-enditem|p1a: Whimsicott|Focus Sash
|-damage|p1a: Whimsicott|1/100
|move|p2b: Amoonguss|Pollen Puff|p1a: Whimsicott
|-damage|p1a: Whimsicott|0 fnt
|faint|p1a: Whimsicott
|
|-heal|p2b: Amoonguss|87/100|[from] Grassy Terrain
|-heal|p2b: Amoonguss|93/100|[from] item: Leftovers
|upkeep
|
|t:|1756640829
|switch|p1a: Rillaboom|Rillaboom, L50, M, shiny|100/100
|turn|2
|
|t:|1756640848
|switch|p2b: Pelipper|Pelipper, L50, F|100/100
|-weather|RainDance|[from] ability: Drizzle|[of] p2b: Pelipper
|move|p1a: Rillaboom|Fake Out|p2a: Archaludon
|-resisted|p2a: Archaludon
|-damage|p2a: Archaludon|95/100
|-ability|p2a: Archaludon|Stamina|boost
|-boost|p2a: Archaludon|def|1
|move|p1b: Charizard|Heat Wave|p2b: Pelipper|[spread] p2a,p2b
|-resisted|p2b: Pelipper
|-damage|p2a: Archaludon|79/100
|-damage|p2b: Pelipper|78/100
|-ability|p2a: Archaludon|Stamina|boost
|-boost|p2a: Archaludon|def|1
|cant|p2a: Archaludon|flinch
|
|-weather|RainDance|[upkeep]
|-heal|p2a: Archaludon|85/100|[from] Grassy Terrain
|upkeep
|turn|3
|inactive|Djogmacx has 30 seconds left.
|inactive|Djogmacx has 20 seconds left.
|
|t:|1756640888
|switch|p1a: Torkoal|Torkoal, L50, F|100/100
|-weather|SunnyDay|[from] ability: Drought|[of] p1a: Torkoal
|-terastallize|p1b: Charizard|Ghost
|move|p1b: Charizard|Heat Wave|p2b: Pelipper|[spread] p2a,p2b
|-resisted|p2b: Pelipper
|-damage|p2a: Archaludon|1/100
|-damage|p2b: Pelipper|0 fnt
|-ability|p2a: Archaludon|Stamina|boost
|-boost|p2a: Archaludon|def|1
|faint|p2b: Pelipper
|move|p2a: Archaludon|Dragon Pulse|p1b: Charizard
|-damage|p1b: Charizard|41/100
|
|-weather|SunnyDay|[upkeep]
|-damage|p1b: Charizard|29/100|[from] ability: Solar Power|[of] p1b: Charizard
|-heal|p1b: Charizard|35/100|[from] Grassy Terrain
|-heal|p2a: Archaludon|7/100|[from] Grassy Terrain
|upkeep
|
|t:|1756640906
|switch|p2b: Incineroar|Incineroar, L50, M|100/100
|-ability|p2b: Incineroar|Intimidate|boost
|-unboost|p1a: Torkoal|atk|1
|-unboost|p1b: Charizard|atk|1
|turn|4
|inactive|Djogmacx has 30 seconds left.
|
|t:|1756640933
|switch|p1b: Rillaboom|Rillaboom, L50, M, shiny|100/100
|move|p2b: Incineroar|Knock Off|p1b: Rillaboom
|-damage|p1b: Rillaboom|61/100
|-enditem|p1b: Rillaboom|Assault Vest|[from] move: Knock Off|[of] p2b: Incineroar
|move|p2a: Archaludon|Dragon Pulse|p1a: Torkoal
|-damage|p1a: Torkoal|44/100
|move|p1a: Torkoal|Heat Wave|p2a: Archaludon|[spread] p2b
|-miss|p1a: Torkoal|p2a: Archaludon
|-resisted|p2b: Incineroar
|-damage|p2b: Incineroar|76/100
|
|-weather|SunnyDay|[upkeep]
|-heal|p1b: Rillaboom|67/100|[from] Grassy Terrain
|-heal|p2b: Incineroar|82/100|[from] Grassy Terrain
|-heal|p2a: Archaludon|13/100|[from] Grassy Terrain
|-heal|p1a: Torkoal|50/100|[from] Grassy Terrain
|-sideend|p1: Smollitalia|move: Tailwind
|upkeep
|turn|5
|inactive|Djogmacx has 30 seconds left.
|inactive|Djogmacx has 20 seconds left.
|inactive|Djogmacx has 15 seconds left.
|
|t:|1756640974
|move|p1b: Rillaboom|Fake Out|p2a: Archaludon
|-resisted|p2a: Archaludon
|-damage|p2a: Archaludon|11/100
|-ability|p2a: Archaludon|Stamina|boost
|-boost|p2a: Archaludon|def|1
|move|p2b: Incineroar|Knock Off|p1a: Torkoal
|-damage|p1a: Torkoal|16/100
|-enditem|p1a: Torkoal|Charcoal|[from] move: Knock Off|[of] p2b: Incineroar
|cant|p2a: Archaludon|flinch
|move|p1a: Torkoal|Heat Wave|p2b: Incineroar|[spread] p2a,p2b
|-resisted|p2b: Incineroar
|-damage|p2a: Archaludon|0 fnt
|-damage|p2b: Incineroar|60/100
|faint|p2a: Archaludon
|
|-weather|SunnyDay|[upkeep]
|-heal|p2b: Incineroar|66/100|[from] Grassy Terrain
|-heal|p1b: Rillaboom|73/100|[from] Grassy Terrain
|-heal|p1a: Torkoal|22/100|[from] Grassy Terrain
|-fieldend|move: Grassy Terrain
|upkeep
|
|t:|1756640984
|switch|p2a: Amoonguss|Amoonguss, L50, M, shiny|100/100
|turn|6
|
|t:|1756641001
|-terastallize|p2a: Amoonguss|Water
|move|p1a: Torkoal|Helping Hand|p1b: Rillaboom
|-singleturn|p1b: Rillaboom|Helping Hand|[of] p1a: Torkoal
|move|p2b: Incineroar|Flare Blitz|p1b: Rillaboom
|-supereffective|p1b: Rillaboom
|-damage|p1b: Rillaboom|0 fnt
|faint|p1b: Rillaboom
|-damage|p2b: Incineroar|41/100|[from] Recoil
|move|p2a: Amoonguss|Spore|p1a: Torkoal
|-status|p1a: Torkoal|slp|[from] move: Spore
|
|-weather|SunnyDay|[upkeep]
|upkeep
|
|t:|1756641012
|switch|p1b: Charizard|Charizard, L50, M, shiny, tera:Ghost|35/100
|turn|7
|inactive|Djogmacx has 30 seconds left.
|inactive|Djogmacx has 20 seconds left.
|inactive|Djogmacx has 15 seconds left.
|inactive|Djogmacx has 10 seconds left.
|
|t:|1756641058
|cant|p1a: Torkoal|slp
|move|p1b: Charizard|Air Slash|p2b: Incineroar
|-crit|p2b: Incineroar
|-damage|p2b: Incineroar|0 fnt
|faint|p2b: Incineroar
|move|p2a: Amoonguss|Spore|p1b: Charizard
|-status|p1b: Charizard|slp|[from] move: Spore
|
|-weather|none
|upkeep
|turn|8
|
|t:|1756641071
|cant|p1b: Charizard|slp
|move|p2a: Amoonguss|Pollen Puff|p1b: Charizard
|-resisted|p1b: Charizard
|-damage|p1b: Charizard|23/100 slp
|cant|p1a: Torkoal|slp
|
|upkeep
|turn|9
|
|t:|1756641082
|-curestatus|p1a: Torkoal|slp|[msg]
|move|p1a: Torkoal|Protect|p1a: Torkoal
|-singleturn|p1a: Torkoal|Protect
|cant|p1b: Charizard|slp
|move|p2a: Amoonguss|Pollen Puff|p1b: Charizard
|-resisted|p1b: Charizard
|-crit|p1b: Charizard
|-damage|p1b: Charizard|6/100 slp
|
|upkeep
|turn|10
|
|t:|1756641094
|move|p1a: Torkoal|Helping Hand|p1b: Charizard
|-singleturn|p1b: Charizard|Helping Hand|[of] p1a: Torkoal
|-curestatus|p1b: Charizard|slp|[msg]
|move|p1b: Charizard|Air Slash|p2a: Amoonguss
|-damage|p2a: Amoonguss|40/100
|move|p2a: Amoonguss|Pollen Puff|p1b: Charizard
|-resisted|p1b: Charizard
|-damage|p1b: Charizard|0 fnt
|faint|p1b: Charizard
|
|-heal|p2a: Amoonguss|46/100|[from] item: Leftovers
|upkeep
|turn|11
|
|t:|1756641106
|move|p2a: Amoonguss|Protect|p2a: Amoonguss
|-singleturn|p2a: Amoonguss|Protect
|move|p1a: Torkoal|Heat Wave|p2a: Amoonguss
|-activate|p2a: Amoonguss|move: Protect
|
|-heal|p2a: Amoonguss|52/100|[from] item: Leftovers
|upkeep
|turn|12
|
|t:|1756641113
|move|p2a: Amoonguss|Pollen Puff|p1a: Torkoal
|-resisted|p1a: Torkoal
|-crit|p1a: Torkoal
|-damage|p1a: Torkoal|4/100
|move|p1a: Torkoal|Heat Wave|p2a: Amoonguss
|-resisted|p2a: Amoonguss
|-damage|p2a: Amoonguss|37/100
|
|-heal|p2a: Amoonguss|43/100|[from] item: Leftovers
|upkeep
|turn|13
|-message|Smollitalia forfeited.
|
|win|Djogmacx
|l|☆Smollitalia
|player|p1|
|raw|Smollitalia's rating: 1065 → 1045(-20 for losing)
|raw|Djogmacx's rating: 1061 → 1092(+31 for winning)
