|j|☆tismallahoodlegend
|j|☆cookie12328
|html|tismallahoodlegendcookie12328    
|uhtml|bestof|Game 2 of a best-of-3
|t:|1785708548
|gametype|doubles
|player|p1|tismallahoodlegend|morty-gen2|
|player|p2|cookie12328|101|
|gen|9
|tier|[Gen 9 Champions] VGC 2026 Reg M-B (Bo3)
|rule|Species Clause: Limit one of each Pokémon
|rule|Item Clause: Limit 1 of each item
|clearpoke
|poke|p1|Froslass, L50, F|
|poke|p1|Sneasler, L50, M|
|poke|p1|Volcarona, L50, F|
|poke|p1|Rotom-Mow, L50|
|poke|p1|Staraptor, L50, F|
|poke|p1|Primarina, L50, F|
|poke|p2|Basculegion, L50, M|
|poke|p2|Incineroar, L50, F|
|poke|p2|Dragonite, L50, M, shiny|
|poke|p2|Gallade, L50, M|
|poke|p2|Politoed, L50, M|
|poke|p2|Scizor, L50, F|
|teampreview|4
|showteam|p1|Froslass||Froslassite|CursedBody|Blizzard,ShadowBall,AuroraVeil,Protect|Modest||F|||50|]Sneasler||WhiteHerb|Unburden|CloseCombat,DireClaw,FakeOut,Protect|Adamant||M|||50|]Volcarona||PasshoBerry|FlameBody|HeatWave,Hurricane,RagePowder,Protect|Timid||F|||50|]Rotom-Mow||SitrusBerry|Levitate|Thunderbolt,LeafStorm,WillOWisp,Protect|Bold|||||50|]Staraptor||ChoiceScarf|Intimidate|BraveBird,DoubleEdge,BlazeKick,Uturn|Jolly||F|||50|]Primarina||RindoBerry|LiquidVoice|HyperVoice,Moonblast,WeatherBall,Protect|Modest||F|||50|
|showteam|p2|Basculegion||ChoiceScarf|Adaptability|LastRespects,WaveCrash,AquaJet,FlipTurn|Adamant||M|||50|]Incineroar||ChopleBerry|Intimidate|FakeOut,PartingShot,FlareBlitz,ThroatChop|Careful||F|||50|]Dragonite||Dragoninite|Multiscale|Protect,Thunderbolt,Hurricane,Tailwind|Modest||M|||50|]Gallade||KasibBerry|Sharpness|SacredSword,PsychoCut,LeafBlade,WideGuard|Adamant||M|||50|]Politoed||SitrusBerry|Drizzle|Protect,WeatherBall,RainDance,HelpingHand|Bold||M|||50|]Scizor||MetalCoat|Technician|BulletPunch,AerialAce,BugBite,Protect|Adamant||F|||50|
|inactive|Battle timer is ON: inactive players will automatically lose when time's up. (requested by tismallahoodlegend)
|inactive|cookie12328 has 60 seconds left.
|inactive|cookie12328 has 30 seconds left.
|
|t:|1785708614
|teamsize|p1|4
|teamsize|p2|4
|start
|switch|p1a: Froslass|Froslass, L50, F|100/100
|switch|p1b: Sneasler|Sneasler, L50, M|100/100
|switch|p2a: Basculegion|Basculegion, L50, M|100/100
|switch|p2b: Scizor|Scizor, L50, F|100/100
|turn|1
|inactive|cookie12328 has 30 seconds left.
|
|t:|1785708641
|switch|p1b: Rotom|Rotom-Mow, L50|100/100
|switch|p1a: Staraptor|Staraptor, L50, F|100/100
|-ability|p1a: Staraptor|Intimidate|boost
|-unboost|p2a: Basculegion|atk|1
|-unboost|p2b: Scizor|atk|1
|move|p2b: Scizor|Protect|p2b: Scizor
|-singleturn|p2b: Scizor|Protect
|move|p2a: Basculegion|Flip Turn|p1a: Staraptor
|-damage|p1a: Staraptor|59/100
|
|t:|1785708661
|switch|p2a: Dragonite|Dragonite, L50, M, shiny|100/100|[from] Flip Turn
|
|upkeep
|turn|2
|inactive|tismallahoodlegend has 30 seconds left.
|inactive|cookie12328 has 30 seconds left.
|inactive|tismallahoodlegend has 20 seconds left.
|
|t:|1785708704
|switch|p2b: Politoed|Politoed, L50, M|100/100
|-weather|RainDance|[from] ability: Drizzle|[of] p2b: Politoed
|detailschange|p2a: Dragonite|Dragonite-Mega, L50, M, shiny
|-mega|p2a: Dragonite|Dragonite|Dragoninite
|move|p1a: Staraptor|Brave Bird|p2a: Dragonite
|-damage|p2a: Dragonite|70/100
|-damage|p1a: Staraptor|49/100|[from] Recoil
|move|p2a: Dragonite|Tailwind|p2a: Dragonite
|-sidestart|p2: cookie12328|move: Tailwind
|move|p1b: Rotom|Thunderbolt|p2b: Politoed
|-supereffective|p2b: Politoed|1
|-damage|p2b: Politoed|42/100
|-status|p2b: Politoed|par
|-enditem|p2b: Politoed|Sitrus Berry|[eat]
|-heal|p2b: Politoed|67/100 par|[from] item: Sitrus Berry
|
|-weather|RainDance|[upkeep]
|upkeep
|turn|3
|inactive|cookie12328 has 30 seconds left.
|inactive|cookie12328 has 20 seconds left.
|inactive|cookie12328 has 15 seconds left.
|inactive|tismallahoodlegend has 30 seconds left.
|inactive|cookie12328 has 10 seconds left.
|
|t:|1785708754
|switch|p2b: Scizor|Scizor, L50, F|100/100
|move|p2a: Dragonite|Hurricane|p1b: Rotom
|-damage|p1b: Rotom|18/100
|-enditem|p1b: Rotom|Sitrus Berry|[eat]
|-heal|p1b: Rotom|43/100|[from] item: Sitrus Berry
|move|p1a: Staraptor|Brave Bird|p2b: Scizor
|-damage|p2b: Scizor|33/100
|-damage|p1a: Staraptor|26/100|[from] Recoil
|move|p1b: Rotom|Thunderbolt|p2a: Dragonite
|-damage|p2a: Dragonite|38/100
|
|-weather|RainDance|[upkeep]
|upkeep
|turn|4
|inactive|cookie12328 has 30 seconds left.
|
|t:|1785708782
|move|p1b: Rotom|Protect|p1b: Rotom
|-singleturn|p1b: Rotom|Protect
|move|p2b: Scizor|Bullet Punch|p1a: Staraptor
|-damage|p1a: Staraptor|0 fnt
|faint|p1a: Staraptor
|move|p2a: Dragonite|Hurricane|p1b: Rotom
|-activate|p1b: Rotom|move: Protect
|
|-weather|RainDance|[upkeep]
|upkeep
|
|t:|1785708789
|switch|p1a: Froslass|Froslass, L50, F|100/100
|turn|5
|inactive|cookie12328 has 30 seconds left.
|inactive|tismallahoodlegend has 30 seconds left.
|
|t:|1785708822
|detailschange|p1a: Froslass|Froslass-Mega, L50, F
|-mega|p1a: Froslass|Froslass|Froslassite
|-weather|Snowscape|[from] ability: Snow Warning|[of] p1a: Froslass
|move|p2a: Dragonite|Protect|p2a: Dragonite
|-singleturn|p2a: Dragonite|Protect
|move|p1a: Froslass|Protect|p1a: Froslass
|-singleturn|p1a: Froslass|Protect
|move|p2b: Scizor|Bullet Punch|p1a: Froslass
|-activate|p1a: Froslass|move: Protect
|move|p1b: Rotom|Will-O-Wisp|p2b: Scizor
|-status|p2b: Scizor|brn
|
|-weather|Snowscape|[upkeep]
|-damage|p2b: Scizor|27/100 brn|[from] brn
|-sideend|p2: cookie12328|move: Tailwind
|upkeep
|turn|6
|inactive|cookie12328 has 30 seconds left.
|
|t:|1785708854
|switch|p2a: Politoed|Politoed, L50, M|67/100 par
|-weather|RainDance|[from] ability: Drizzle|[of] p2a: Politoed
|move|p1b: Rotom|Protect|p1b: Rotom
|-singleturn|p1b: Rotom|Protect
|move|p1a: Froslass|Blizzard|p2a: Politoed|[spread] p2a,p2b
|-resisted|p2a: Politoed|1
|-resisted|p2b: Scizor|1
|-damage|p2a: Politoed|45/100 par
|-damage|p2b: Scizor|1/100 brn
|move|p2b: Scizor|Bug Bite|p1b: Rotom
|-activate|p1b: Rotom|move: Protect
|
|-weather|RainDance|[upkeep]
|-damage|p2b: Scizor|0 fnt|[from] brn
|faint|p2b: Scizor
|upkeep
|
|t:|1785708866
|switch|p2b: Basculegion|Basculegion, L50, M|100/100
|turn|7
|inactive|cookie12328 has 30 seconds left.
|
|t:|1785708891
|switch|p1a: Sneasler|Sneasler, L50, M|100/100
|move|p2b: Basculegion|Last Respects|p1b: Rotom
|-damage|p1b: Rotom|0 fnt
|faint|p1b: Rotom
|move|p2a: Politoed|Weather Ball|p1a: Sneasler
|-damage|p1a: Sneasler|34/100
|
|-weather|RainDance|[upkeep]
|upkeep
|
|t:|1785708898
|switch|p1b: Froslass|Froslass-Mega, L50, F|100/100
|-weather|Snowscape|[from] ability: Snow Warning|[of] p1b: Froslass
|turn|8
|inactive|cookie12328 has 30 seconds left.
|inactive|tismallahoodlegend has 30 seconds left.
|
|t:|1785708929
|move|p2b: Basculegion|Last Respects|p1b: Froslass
|-supereffective|p1b: Froslass|1
|-damage|p1b: Froslass|0 fnt
|faint|p1b: Froslass
|move|p1a: Sneasler|Close Combat|p2a: Politoed
|-damage|p2a: Politoed|0 fnt
|-unboost|p1a: Sneasler|def|1
|-unboost|p1a: Sneasler|spd|1
|faint|p2a: Politoed
|-enditem|p1a: Sneasler|White Herb
|-clearnegativeboost|p1a: Sneasler|[silent]
|
|-weather|Snowscape|[upkeep]
|upkeep
|
|t:|1785708941
|switch|p2a: Dragonite|Dragonite-Mega, L50, M, shiny|38/100
|turn|9
|c|☆tismallahoodlegend|ggs
|
|t:|1785708951
|move|p1a: Sneasler|Dire Claw|p2a: Dragonite
|-damage|p2a: Dragonite|0 fnt
|faint|p2a: Dragonite
|move|p2b: Basculegion|Last Respects|p1a: Sneasler
|-damage|p1a: Sneasler|0 fnt
|faint|p1a: Sneasler
|
|win|cookie12328
|c|☆cookie12328|ggs
|l|☆tismallahoodlegend
|player|p1|
