|j|☆sky yeh
|j|☆d1mo22
|html|sky yehd1mo22    
|uhtml|bestof|Game 3 of a best-of-3
|t:|1784291788
|gametype|doubles
|player|p1|sky yeh|lass-gen4dp|1408
|player|p2|d1mo22|skier|1292
|gen|9
|tier|[Gen 9 Champions] VGC 2026 Reg M-B (Bo3)
|rated|
|rule|Species Clause: Limit one of each Pokémon
|rule|Item Clause: Limit 1 of each item
|clearpoke
|poke|p1|Charizard, L50, M, shiny|
|poke|p1|Aerodactyl, L50, M, shiny|
|poke|p1|Garchomp, L50, F, shiny|
|poke|p1|Sylveon, L50, M|
|poke|p1|Farigiraf, L50, F, shiny|
|poke|p1|Incineroar, L50, M, shiny|
|poke|p2|Raichu, L50, F|
|poke|p2|Gyarados, L50, M, shiny|
|poke|p2|Mamoswine, L50, F|
|poke|p2|Ceruledge, L50, M|
|poke|p2|Sinistcha, L50|
|poke|p2|Kingambit, L50, F, shiny|
|teampreview|4
|showteam|p1|Charizard||CharizarditeY|Blaze|WeatherBall,HeatWave,SolarBeam,Protect|Modest||M|||50|]Aerodactyl||FocusSash|Unnerve|RockSlide,WideGuard,Tailwind,Protect|Jolly||M|||50|]Garchomp||LifeOrb|RoughSkin|Earthquake,StompingTantrum,DragonClaw,Protect|Jolly||F|||50|]Sylveon||FairyFeather|Pixilate|HyperBeam,HyperVoice,QuickAttack,Detect|Modest||M|||50|]Farigiraf||SitrusBerry|ArmorTail|Psyshock,TrickRoom,HelpingHand,Protect|Calm||F|||50|]Incineroar||Charcoal|Intimidate|FlareBlitz,DarkestLariat,PartingShot,FakeOut|Brave||M|||50|
|showteam|p2|Raichu||RaichuniteY|LightningRod|FakeOut,Encore,ZapCannon,FocusBlast|Timid||F|||50|]Gyarados||Gyaradosite|Intimidate|LashOut,Waterfall,DragonDance,Protect|Adamant||M|||50|]Mamoswine||LifeOrb|Oblivious|Protect,IcicleCrash,IceShard,HighHorsepower|Jolly||F|||50|]Ceruledge||ColburBerry|FlashFire|BitterBlade,ShadowSneak,BulkUp,Protect|Adamant||M|||50|]Sinistcha||SitrusBerry|Hospitality|Protect,RagePowder,MatchaGotcha,LifeDew|Bold|||||50|]Kingambit||FocusSash|Defiant|Protect,SuckerPunch,KowtowCleave,IronHead|Adamant||F|||50|
|inactive|Battle timer is ON: inactive players will automatically lose when time's up. (requested by d1mo22)
|inactive|sky yeh has 60 seconds left.
|inactive|d1mo22 has 60 seconds left.
|inactive|sky yeh has 30 seconds left.
|inactive|d1mo22 has 30 seconds left.
|
|t:|1784291853
|teamsize|p1|4
|teamsize|p2|4
|start
|switch|p1a: Aerodactyl|Aerodactyl, L50, M, shiny|100/100
|switch|p1b: Incineroar|Incineroar, L50, M, shiny|100/100
|switch|p2a: Raichu|Raichu, L50, F|100/100
|switch|p2b: Kingambit|Kingambit, L50, F, shiny|100/100
|-ability|p1a: Aerodactyl|Unnerve
|-ability|p1b: Incineroar|Intimidate|boost
|-unboost|p2a: Raichu|atk|1
|-unboost|p2b: Kingambit|atk|1
|-ability|p2b: Kingambit|Defiant|boost
|-boost|p2b: Kingambit|atk|2
|turn|1
|inactive|sky yeh has 30 seconds left.
|
|t:|1784291887
|switch|p1b: Farigiraf|Farigiraf, L50, F, shiny|100/100
|move|p2a: Raichu|Fake Out||[still]
|cant|p1b: Farigiraf|ability: Armor Tail|Fake Out|[of] p2a: Raichu
|move|p1a: Aerodactyl|Tailwind|p1a: Aerodactyl
|-sidestart|p1: sky yeh|move: Tailwind
|move|p2b: Kingambit|Iron Head|p1a: Aerodactyl
|-supereffective|p1a: Aerodactyl|1
|-enditem|p1a: Aerodactyl|Focus Sash
|-damage|p1a: Aerodactyl|1/100
|
|upkeep
|turn|2
|inactive|d1mo22 has 30 seconds left.
|
|t:|1784291916
|detailschange|p2a: Raichu|Raichu-Mega-Y, L50, F
|-mega|p2a: Raichu|Raichu|Raichunite Y
|move|p1b: Farigiraf|Protect|p1b: Farigiraf
|-singleturn|p1b: Farigiraf|Protect
|move|p1a: Aerodactyl|Rock Slide|p2a: Raichu|[spread] p2a
|-miss|p1a: Aerodactyl|p2b: Kingambit
|-damage|p2a: Raichu|63/100
|move|p2a: Raichu|Zap Cannon|p1b: Farigiraf
|-activate|p1b: Farigiraf|move: Protect
|move|p2b: Kingambit|Kowtow Cleave|p1a: Aerodactyl
|-damage|p1a: Aerodactyl|0 fnt
|faint|p1a: Aerodactyl
|
|upkeep
|inactive|sky yeh has 30 seconds left.
|
|t:|1784291948
|switch|p1a: Charizard|Charizard, L50, M, shiny|100/100
|turn|3
|inactive|sky yeh has 30 seconds left.
|inactive|d1mo22 has 30 seconds left.
|
|t:|1784291981
|switch|p2a: Ceruledge|Ceruledge, L50, M|100/100
|detailschange|p1a: Charizard|Charizard-Mega-Y, L50, M, shiny
|-mega|p1a: Charizard|Charizard|Charizardite Y
|-weather|SunnyDay|[from] ability: Drought|[of] p1a: Charizard
|move|p1a: Charizard|Heat Wave|p2b: Kingambit|[spread] p2b
|-start|p2a: Ceruledge|ability: Flash Fire
|-supereffective|p2b: Kingambit|1
|-enditem|p2b: Kingambit|Focus Sash
|-damage|p2b: Kingambit|1/100
|-status|p2b: Kingambit|brn
|move|p1b: Farigiraf|Psyshock|p2a: Ceruledge
|-damage|p2a: Ceruledge|63/100
|move|p2b: Kingambit|Kowtow Cleave|p1b: Farigiraf
|-supereffective|p1b: Farigiraf|1
|-damage|p1b: Farigiraf|33/100
|-enditem|p1b: Farigiraf|Sitrus Berry|[eat]
|-heal|p1b: Farigiraf|58/100|[from] item: Sitrus Berry
|
|-weather|SunnyDay|[upkeep]
|-damage|p2b: Kingambit|0 fnt|[from] brn
|faint|p2b: Kingambit
|upkeep
|inactive|d1mo22 has 30 seconds left.
|
|t:|1784292006
|switch|p2b: Raichu|Raichu-Mega-Y, L50, F|63/100
|turn|4
|
|t:|1784292020
|switch|p1b: Incineroar|Incineroar, L50, M, shiny|100/100
|-ability|p1b: Incineroar|Intimidate|boost
|-unboost|p2a: Ceruledge|atk|1
|-unboost|p2b: Raichu|atk|1
|move|p1a: Charizard|Weather Ball|p2b: Raichu
|-damage|p2b: Raichu|0 fnt
|faint|p2b: Raichu
|move|p2a: Ceruledge|Bitter Blade|p1a: Charizard
|-resisted|p1a: Charizard|1
|-damage|p1a: Charizard|64/100
|-heal|p2a: Ceruledge|81/100|[from] drain|[of] p1a: Charizard
|
|-weather|SunnyDay|[upkeep]
|-sideend|p1: sky yeh|move: Tailwind
|upkeep
|
|t:|1784292025
|switch|p2b: Mamoswine|Mamoswine, L50, F|100/100
|turn|5
|inactive|sky yeh has 30 seconds left.
|inactive|sky yeh has 20 seconds left.
|
|t:|1784292065
|move|p2b: Mamoswine|Protect|p2b: Mamoswine
|-singleturn|p2b: Mamoswine|Protect
|move|p1a: Charizard|Protect|p1a: Charizard
|-singleturn|p1a: Charizard|Protect
|move|p2a: Ceruledge|Bitter Blade|p1b: Incineroar
|-resisted|p1b: Incineroar|1
|-crit|p1b: Incineroar
|-damage|p1b: Incineroar|33/100
|-heal|p2a: Ceruledge|100/100|[from] drain|[of] p1b: Incineroar
|move|p1b: Incineroar|Darkest Lariat|p2a: Ceruledge
|-supereffective|p2a: Ceruledge|1
|-enditem|p2a: Ceruledge|Colbur Berry|[eat]
|-enditem|p2a: Ceruledge|Colbur Berry|[weaken]
|-damage|p2a: Ceruledge|52/100
|
|-weather|SunnyDay|[upkeep]
|upkeep
|turn|6
|inactive|sky yeh has 30 seconds left.
|inactive|d1mo22 has 30 seconds left.
|
|t:|1784292095
|switch|p1b: Farigiraf|Farigiraf, L50, F, shiny|58/100
|move|p2b: Mamoswine|Icicle Crash|p1a: Charizard
|-damage|p1a: Charizard|1/100
|-damage|p2b: Mamoswine|90/100|[from] item: Life Orb
|move|p1a: Charizard|Weather Ball|p2b: Mamoswine
|-supereffective|p2b: Mamoswine|1
|-damage|p2b: Mamoswine|0 fnt
|faint|p2b: Mamoswine
|move|p2a: Ceruledge|Bitter Blade|p1b: Farigiraf
|-damage|p1b: Farigiraf|1/100
|-heal|p2a: Ceruledge|86/100|[from] drain|[of] p1b: Farigiraf
|
|-weather|SunnyDay|[upkeep]
|upkeep
|turn|7
|inactive|d1mo22 has 30 seconds left.
|inactive|sky yeh has 30 seconds left.
|
|t:|1784292137
|move|p1a: Charizard|Solar Beam||[still]
|-prepare|p1a: Charizard|Solar Beam
|-anim|p1a: Charizard|Solar Beam|p2a: Ceruledge
|-resisted|p2a: Ceruledge|1
|-damage|p2a: Ceruledge|65/100
|move|p2a: Ceruledge|Bitter Blade|p1b: Farigiraf
|-damage|p1b: Farigiraf|0 fnt
|-heal|p2a: Ceruledge|66/100|[from] drain|[of] p1b: Farigiraf
|faint|p1b: Farigiraf
|
|-weather|none
|upkeep
|
|t:|1784292140
|switch|p1b: Incineroar|Incineroar, L50, M, shiny|33/100
|-ability|p1b: Incineroar|Intimidate|boost
|-unboost|p2a: Ceruledge|atk|1
|turn|8
|
|t:|1784292160
|move|p1a: Charizard|Solar Beam||[still]
|-prepare|p1a: Charizard|Solar Beam
|move|p2a: Ceruledge|Bitter Blade|p1b: Incineroar
|-resisted|p1b: Incineroar|1
|-crit|p1b: Incineroar
|-damage|p1b: Incineroar|0 fnt
|-heal|p2a: Ceruledge|85/100|[from] drain|[of] p1b: Incineroar
|faint|p1b: Incineroar
|
|upkeep
|turn|9
|
|t:|1784292169
|move|p2a: Ceruledge|Shadow Sneak|p1a: Charizard
|-damage|p1a: Charizard|0 fnt
|faint|p1a: Charizard
|
|win|d1mo22
|raw|sky yeh's rating: 1408 → 1382(-26 for losing)
|raw|d1mo22's rating: 1292 → 1325(+33 for winning)
|l|☆sky yeh
|player|p1|
