|j|☆CiccioCT29
|j|☆AndrewsWho
|html|CiccioCT29AndrewsWho    
|uhtml|bestof|Game 2 of a best-of-3
|t:|1785874041
|gametype|doubles
|player|p1|CiccioCT29|alder|
|player|p2|AndrewsWho|birdkeeper|
|gen|9
|tier|[Gen 9 Champions] VGC 2026 Reg M-B (Bo3)
|rule|Species Clause: Limit one of each Pokémon
|rule|Item Clause: Limit 1 of each item
|clearpoke
|poke|p1|Raichu, L50, M|
|poke|p1|Arcanine-Hisui, L50, F|
|poke|p1|Staraptor, L50, M|
|poke|p1|Farigiraf, L50, M|
|poke|p1|Sylveon, L50, M|
|poke|p1|Kingambit, L50, M|
|poke|p2|Tyranitar, L50, M|
|poke|p2|Staraptor, L50, F|
|poke|p2|Excadrill, L50, F|
|poke|p2|Sinistcha, L50|
|poke|p2|Gholdengo, L50|
|poke|p2|Milotic, L50, F|
|teampreview|4
|showteam|p1|Raichu||RaichuniteY|LightningRod|FakeOut,ZapCannon,FocusBlast,Protect|Timid||M|||50|]Arcanine-Hisui||FocusSash|RockHead|HeadSmash,FlareBlitz,ExtremeSpeed,Protect|Jolly||F|||50|]Staraptor||Staraptite|Intimidate|DualWingbeat,CloseCombat,Tailwind,Protect|Jolly||M|||50|]Farigiraf||SitrusBerry|ArmorTail|Psychic,HelpingHand,TrickRoom,Protect|Calm||M|||50|]Sylveon||FairyFeather|Pixilate|HyperVoice,HyperBeam,QuickAttack,Detect|Modest||M|||50|]Kingambit||LifeOrb|Defiant|KowtowCleave,SwordsDance,SuckerPunch,Protect|Adamant||M|||50|
|showteam|p2|Tyranitar||Tyranitarite|SandStream|KnockOff,RockSlide,Protect,LowKick|Jolly||M|||50|]Staraptor||Staraptite|Intimidate|BraveBird,CloseCombat,Protect,Tailwind|Jolly||F|||50|]Excadrill||FocusSash|SandRush|HighHorsepower,IronHead,RockSlide,Protect|Adamant||F|||50|]Sinistcha||ColburBerry|Hospitality|MatchaGotcha,RagePowder,ShadowBall,Protect|Calm|||||50|]Gholdengo||LifeOrb|GoodasGold|MakeItRain,NastyPlot,Protect,ShadowBall|Modest|||||50|]Milotic||SitrusBerry|Competitive|Scald,IcyWind,Protect,IceBeam|Modest||F|||50|
|inactive|Battle timer is ON: inactive players will automatically lose when time's up. (requested by CiccioCT29)
|j| crudo de fava
|inactiveoff|Battle timer is now OFF.
|j| gol di lukaku
|l| gol di lukaku
|j| Triad27
|j| Doomnik
|
|t:|1785874132
|teamsize|p1|4
|teamsize|p2|4
|start
|switch|p1a: Farigiraf|Farigiraf, L50, M|100/100
|switch|p1b: Raichu|Raichu, L50, M|100/100
|switch|p2a: Tyranitar|Tyranitar, L50, M|100/100
|switch|p2b: Excadrill|Excadrill, L50, F|100/100
|-weather|Sandstorm|[from] ability: Sand Stream|[of] p2a: Tyranitar
|turn|1
|j| Shaquille O Nell
|j| micheal hilittle
|
|t:|1785874168
|detailschange|p1b: Raichu|Raichu-Mega-Y, L50, M
|-mega|p1b: Raichu|Raichu|Raichunite Y
|detailschange|p2a: Tyranitar|Tyranitar-Mega, L50, M
|-mega|p2a: Tyranitar|Tyranitar|Tyranitarite
|move|p1b: Raichu|Fake Out|p2a: Tyranitar
|-resisted|p2a: Tyranitar|1
|-crit|p2a: Tyranitar
|-damage|p2a: Tyranitar|95/100
|move|p2b: Excadrill|High Horsepower|p1b: Raichu
|-supereffective|p1b: Raichu|1
|-damage|p1b: Raichu|0 fnt
|faint|p1b: Raichu
|cant|p2a: Tyranitar|flinch
|move|p1a: Farigiraf|Trick Room|p1a: Farigiraf
|-fieldstart|move: Trick Room|[of] p1a: Farigiraf
|
|-weather|Sandstorm|[upkeep]
|-damage|p1a: Farigiraf|93/100|[from] Sandstorm
|upkeep
|
|t:|1785874183
|switch|p1b: Sylveon|Sylveon, L50, M|100/100
|turn|2
|l| Shaquille O Nell
|j| Shaquille O Nell
|
|t:|1785874202
|switch|p2a: Gholdengo|Gholdengo, L50|100/100
|move|p1b: Sylveon|Detect|p1b: Sylveon
|-singleturn|p1b: Sylveon|Protect
|move|p2b: Excadrill|Protect|p2b: Excadrill
|-singleturn|p2b: Excadrill|Protect
|move|p1a: Farigiraf|Psychic|p2b: Excadrill
|-activate|p2b: Excadrill|move: Protect
|
|-weather|Sandstorm|[upkeep]
|-damage|p1b: Sylveon|93/100|[from] Sandstorm
|-damage|p1a: Farigiraf|87/100|[from] Sandstorm
|upkeep
|turn|3
|j| gol di lukaku
|
|t:|1785874232
|move|p1a: Farigiraf|Helping Hand|p1b: Sylveon
|-singleturn|p1b: Sylveon|Helping Hand|[of] p1a: Farigiraf
|move|p1b: Sylveon|Hyper Voice|p2a: Gholdengo|[spread] p2a,p2b
|-resisted|p2a: Gholdengo|1
|-resisted|p2b: Excadrill|1
|-damage|p2a: Gholdengo|59/100
|-damage|p2b: Excadrill|52/100
|move|p2a: Gholdengo|Make It Rain|p1a: Farigiraf|[spread] p1a,p1b
|-supereffective|p1b: Sylveon|1
|-damage|p1a: Farigiraf|39/100
|-damage|p1b: Sylveon|0 fnt
|-unboost|p2a: Gholdengo|spa|2
|-enditem|p1a: Farigiraf|Sitrus Berry|[eat]
|-heal|p1a: Farigiraf|63/100|[from] item: Sitrus Berry
|faint|p1b: Sylveon
|-damage|p2a: Gholdengo|49/100|[from] item: Life Orb
|move|p2b: Excadrill|High Horsepower|p1a: Farigiraf
|-damage|p1a: Farigiraf|15/100
|
|-weather|Sandstorm|[upkeep]
|-damage|p1a: Farigiraf|9/100|[from] Sandstorm
|upkeep
|
|t:|1785874240
|switch|p1b: Kingambit|Kingambit, L50, M|100/100
|turn|4
|
|t:|1785874262
|move|p2b: Excadrill|Protect|p2b: Excadrill
|-singleturn|p2b: Excadrill|Protect
|move|p1b: Kingambit|Swords Dance|p1b: Kingambit
|-boost|p1b: Kingambit|atk|2
|move|p1a: Farigiraf|Psychic|p2b: Excadrill
|-activate|p2b: Excadrill|move: Protect
|move|p2a: Gholdengo|Make It Rain|p1b: Kingambit|[spread] p1a,p1b
|-crit|p1a: Farigiraf
|-resisted|p1b: Kingambit|1
|-damage|p1a: Farigiraf|0 fnt
|-damage|p1b: Kingambit|88/100
|-unboost|p2a: Gholdengo|spa|2
|faint|p1a: Farigiraf
|-damage|p2a: Gholdengo|40/100|[from] item: Life Orb
|
|-weather|Sandstorm|[upkeep]
|upkeep
|turn|5
|
|t:|1785874285
|switch|p2a: Sinistcha|Sinistcha, L50|100/100
|-heal|p2b: Excadrill|77/100|[from] ability: Hospitality|[of] p2a: Sinistcha
|move|p1b: Kingambit|Kowtow Cleave|p2b: Excadrill
|-damage|p2b: Excadrill|0 fnt
|faint|p2b: Excadrill
|-damage|p1b: Kingambit|78/100|[from] item: Life Orb
|
|-weather|none
|-fieldend|move: Trick Room
|upkeep
|
|t:|1785874292
|switch|p2b: Tyranitar|Tyranitar-Mega, L50, M|95/100
|-weather|Sandstorm|[from] ability: Sand Stream|[of] p2b: Tyranitar
|turn|6
|
|t:|1785874298
|move|p2a: Sinistcha|Rage Powder|p2a: Sinistcha
|-singleturn|p2a: Sinistcha|move: Rage Powder
|move|p2b: Tyranitar|Low Kick|p1b: Kingambit
|-supereffective|p1b: Kingambit|2
|-damage|p1b: Kingambit|0 fnt
|faint|p1b: Kingambit
|
|win|AndrewsWho
||CiccioCT29 is ready for game 3.
||AndrewsWho is ready for game 3.
|uhtml|next|Next: Game 3 of 3
|l| gol di lukaku
|l| Doomnik
|l|☆AndrewsWho
|player|p2|
|l| Shaquille O Nell
|l| crudo de fava
|l| micheal hilittle
