|j|☆genetakavic
|j|☆Blizzzey
|html|genetakavicBlizzzey    
|uhtml|bestof|Game 2 of a best-of-3
|t:|1756230378
|gametype|doubles
|player|p1|genetakavic|169|1082
|player|p2|Blizzzey|twins-gen4dp|1158
|gen|9
|tier|[Gen 9] VGC 2025 Reg H (Bo3)
|rated|
|rule|Species Clause: Limit one of each Pokémon
|rule|Item Clause: Limit 1 of each item
|clearpoke
|poke|p1|Maushold, L50|
|poke|p1|Annihilape, L50, F|
|poke|p1|Gholdengo, L50|
|poke|p1|Basculegion, L50, M|
|poke|p1|Rillaboom, L50, M|
|poke|p1|Dragonite, L50, M|
|poke|p2|Gholdengo, L50|
|poke|p2|Pawmot, L50, M|
|poke|p2|Talonflame, L50, M|
|poke|p2|Glimmora, L50, M|
|poke|p2|Ninetales-Alola, L50, M|
|poke|p2|Dragonite, L50, M|
|teampreview|4
|showteam|p1|Maushold||WideLens|FriendGuard|FollowMe,PopulationBomb,Feint,Protect||||||50|,,,,,Ghost]Annihilape||SitrusBerry|Defiant|RageFist,CloseCombat,FinalGambit,Protect|||F|||50|,,,,,Steel]Gholdengo||ChoiceSpecs|GoodasGold|PowerGem,MakeItRain,ShadowBall,Trick||||||50|,,,,,Water]Basculegion||FocusSash|SwiftSwim|LastRespects,AquaJet,WaveCrash,Protect|||M|||50|,,,,,Ghost]Rillaboom||AssaultVest|GrassySurge|GrassyGlide,HighHorsepower,WoodHammer,FakeOut|||M|||50|,,,,,Fire]Dragonite||LoadedDice|Multiscale|ScaleShot,IceSpinner,Tailwind,Protect|||M|||50|,,,,,Steel
|showteam|p2|Gholdengo||ChoiceSpecs|GoodasGold|MakeItRain,ShadowBall,PowerGem,Thunderbolt||||||50|,,,,,Steel]Pawmot||FocusSash|VoltAbsorb|DoubleShock,CloseCombat,FakeOut,RevivalBlessing|||M|||50|,,,,,Electric]Talonflame||CovertCloak|GaleWings|BraveBird,FlareBlitz,Tailwind,WillOWisp|||M|||50|,,,,,Fairy]Glimmora||PowerHerb|ToxicDebris|SludgeBomb,MeteorBeam,EarthPower,SpikyShield|||M|||50|,,,,,Grass]Ninetales-Alola||LifeOrb|SnowWarning|FreezeDry,Blizzard,Protect,TeraBlast|||M|||50|,,,,,Ground]Dragonite||LoadedDice|Multiscale|ScaleShot,StompingTantrum,Protect,Haze|||M|||50|,,,,,Steel
|inactive|Battle timer is ON: inactive players will automatically lose when time's up. (requested by genetakavic)
|
|t:|1756230398
|teamsize|p1|4
|teamsize|p2|4
|start
|switch|p1a: Maushold|Maushold, L50|100/100
|switch|p1b: Gholdengo|Gholdengo, L50|100/100
|switch|p2a: Talonflame|Talonflame, L50, M|100/100
|switch|p2b: Dragonite|Dragonite, L50, M|100/100
|turn|1
|inactive|Blizzzey has 30 seconds left.
|inactive|Blizzzey has 20 seconds left.
|
|t:|1756230437
|-terastallize|p1b: Gholdengo|Water
|move|p1a: Maushold|Feint|p2b: Dragonite
|-damage|p2b: Dragonite|95/100
|move|p2a: Talonflame|Flare Blitz|p1b: Gholdengo
|-resisted|p1b: Gholdengo
|-damage|p1b: Gholdengo|82/100
|-damage|p2a: Talonflame|94/100|[from] Recoil
|move|p1b: Gholdengo|Make It Rain|p2b: Dragonite|[spread] p2a,p2b
|-resisted|p2a: Talonflame
|-damage|p2a: Talonflame|37/100
|-damage|p2b: Dragonite|20/100
|-unboost|p1b: Gholdengo|spa|1
|move|p2b: Dragonite|Scale Shot|p1b: Gholdengo
|-damage|p1b: Gholdengo|70/100
|-crit|p1b: Gholdengo
|-damage|p1b: Gholdengo|49/100
|-damage|p1b: Gholdengo|36/100
|-damage|p1b: Gholdengo|23/100
|-hitcount|p1b: Gholdengo|4
|-unboost|p2b: Dragonite|def|1
|-boost|p2b: Dragonite|spe|1
|
|upkeep
|turn|2
|inactive|genetakavic has 30 seconds left.
|inactive|Blizzzey has 30 seconds left.
|
|t:|1756230470
|move|p2b: Dragonite|Protect|p2b: Dragonite
|-singleturn|p2b: Dragonite|Protect
|move|p1a: Maushold|Follow Me|p1a: Maushold
|-singleturn|p1a: Maushold|move: Follow Me
|move|p2a: Talonflame|Tailwind|p2a: Talonflame
|-sidestart|p2: Blizzzey|move: Tailwind
|move|p1b: Gholdengo|Make It Rain|p2a: Talonflame|[spread] p2a
|-activate|p2b: Dragonite|move: Protect
|-resisted|p2a: Talonflame
|-crit|p2a: Talonflame
|-damage|p2a: Talonflame|0 fnt
|-unboost|p1b: Gholdengo|spa|1
|faint|p2a: Talonflame
|
|upkeep
|inactive|Blizzzey has 30 seconds left.
|inactive|Blizzzey has 20 seconds left.
|
|t:|1756230505
|switch|p2a: Pawmot|Pawmot, L50, M|100/100
|turn|3
|
|t:|1756230517
|switch|p1b: Annihilape|Annihilape, L50, F|100/100
|move|p1a: Maushold|Protect|p1a: Maushold
|-singleturn|p1a: Maushold|Protect
|move|p2b: Dragonite|Scale Shot|p1b: Annihilape
|-damage|p1b: Annihilape|89/100
|-damage|p1b: Annihilape|77/100
|-damage|p1b: Annihilape|64/100
|-damage|p1b: Annihilape|51/100
|-hitcount|p1b: Annihilape|4
|-unboost|p2b: Dragonite|def|1
|-boost|p2b: Dragonite|spe|1
|move|p2a: Pawmot|Close Combat|p1a: Maushold
|-activate|p1a: Maushold|move: Protect
|
|upkeep
|turn|4
|
|t:|1756230535
|move|p1a: Maushold|Follow Me|p1a: Maushold
|-singleturn|p1a: Maushold|move: Follow Me
|move|p2b: Dragonite|Scale Shot|p1a: Maushold
|-damage|p1a: Maushold|81/100
|-damage|p1a: Maushold|63/100
|-crit|p1a: Maushold
|-damage|p1a: Maushold|38/100
|-damage|p1a: Maushold|20/100
|-damage|p1a: Maushold|3/100
|-hitcount|p1a: Maushold|5
|-unboost|p2b: Dragonite|def|1
|-boost|p2b: Dragonite|spe|1
|move|p2a: Pawmot|Close Combat|p1a: Maushold
|-supereffective|p1a: Maushold
|-damage|p1a: Maushold|0 fnt
|-unboost|p2a: Pawmot|def|1
|-unboost|p2a: Pawmot|spd|1
|faint|p1a: Maushold
|move|p1b: Annihilape|Rage Fist|p2a: Pawmot
|-enditem|p2a: Pawmot|Focus Sash
|-damage|p2a: Pawmot|1/100
|
|upkeep
|
|t:|1756230558
|switch|p1a: Basculegion|Basculegion, L50, M|100/100
|turn|5
|
|t:|1756230577
|move|p1b: Annihilape|Protect|p1b: Annihilape
|-singleturn|p1b: Annihilape|Protect
|move|p1a: Basculegion|Aqua Jet|p2b: Dragonite
|-resisted|p2b: Dragonite
|-damage|p2b: Dragonite|0 fnt
|faint|p2b: Dragonite
|move|p2a: Pawmot|Revival Blessing|p2a: Pawmot
|inactive|Blizzzey has 30 seconds left.
|inactive|Blizzzey has 20 seconds left.
|inactive|Blizzzey has 15 seconds left.
|
|t:|1756230618
|-heal|p2: Talonflame|50/100|[from] move: Revival Blessing
|
|-sideend|p2: Blizzzey|move: Tailwind
|upkeep
|
|t:|1756230622
|switch|p2b: Talonflame|Talonflame, L50, M|50/100
|turn|6
|inactive|Blizzzey has 30 seconds left.
|inactive|Blizzzey has 20 seconds left.
|inactive|Blizzzey has 15 seconds left.
|
|t:|1756230663
|-terastallize|p2b: Talonflame|Fairy
|move|p1a: Basculegion|Aqua Jet|p2b: Talonflame
|-damage|p2b: Talonflame|19/100
|move|p2b: Talonflame|Flare Blitz|p1a: Basculegion
|-resisted|p1a: Basculegion
|-damage|p1a: Basculegion|71/100
|-damage|p2b: Talonflame|6/100|[from] Recoil
|move|p2a: Pawmot|Double Shock|p1a: Basculegion
|-supereffective|p1a: Basculegion
|-damage|p1a: Basculegion|0 fnt
|-start|p2a: Pawmot|typechange|???/Fighting|[from] move: Double Shock
|faint|p1a: Basculegion
|move|p1b: Annihilape|Rage Fist|p2a: Pawmot
|-damage|p2a: Pawmot|0 fnt
|faint|p2a: Pawmot
|
|upkeep
|
|t:|1756230678
|switch|p2a: Ninetales|Ninetales-Alola, L50, M|100/100
|switch|p1a: Gholdengo|Gholdengo, L50, tera:Water|23/100
|-weather|Snowscape|[from] ability: Snow Warning|[of] p2a: Ninetales
|turn|7
|
|t:|1756230693
|move|p2b: Talonflame|Brave Bird|p1b: Annihilape
|-supereffective|p1b: Annihilape
|-damage|p1b: Annihilape|0 fnt
|faint|p1b: Annihilape
|-damage|p2b: Talonflame|0 fnt|[from] Recoil
|faint|p2b: Talonflame
|move|p2a: Ninetales|Freeze-Dry|p1a: Gholdengo
|-supereffective|p1a: Gholdengo
|-damage|p1a: Gholdengo|0 fnt
|faint|p1a: Gholdengo
|-damage|p2a: Ninetales|91/100|[from] item: Life Orb
|
|win|Blizzzey
|raw|genetakavic's rating: 1082 → 1065(-17 for losing)
|raw|Blizzzey's rating: 1158 → 1178(+20 for winning)
