|j|☆powergo
|j|☆runeking6573
|html|powergoruneking6573    
|uhtml|bestof|Game 2 of a best-of-3
|t:|1784657547
|gametype|doubles
|player|p1|powergo|hassel|
|player|p2|runeking6573|bugcatcher-gen4dp|
|gen|9
|tier|[Gen 9 Champions] VGC 2026 Reg M-B (Bo3)
|rule|Species Clause: Limit one of each Pokémon
|rule|Item Clause: Limit 1 of each item
|clearpoke
|poke|p1|Gengar, L50, M|
|poke|p1|Archaludon, L50, M, shiny|
|poke|p1|Politoed, L50, F|
|poke|p1|Swampert, L50, M|
|poke|p1|Vivillon-Marine, L50, F|
|poke|p1|Incineroar, L50, M, shiny|
|poke|p2|Excadrill, L50, F|
|poke|p2|Tyranitar, L50, F|
|poke|p2|Staraptor, L50, F|
|poke|p2|Milotic, L50, F|
|poke|p2|Sinistcha, L50|
|poke|p2|Gholdengo, L50|
|teampreview|4
|showteam|p1|Gengar||Gengarite|CursedBody|ShadowBall,SludgeBomb,PerishSong,Protect|Modest||M|||50|]Archaludon||Leftovers|Stamina|ElectroShot,DragonPulse,FlashCannon,Protect|Bold||M|||50|]Politoed||SitrusBerry|Drizzle|WeatherBall,Hypnosis,PerishSong,Protect|Calm||F|||50|]Swampert||Swampertite|Torrent|WaveCrash,Earthquake,IcePunch,Protect|Adamant||M|||50|]Vivillon-Marine||FocusSash|CompoundEyes|Hurricane,RagePowder,SleepPowder,Protect|Timid||F|||50|]Incineroar||PasshoBerry|Intimidate|ThroatChop,FakeOut,PartingShot,Protect|Impish||M|||50|
|showteam|p2|Excadrill||FocusSash|SandRush|Earthquake,IronHead,RockSlide,Protect|Adamant||F|||50|]Tyranitar||Tyranitarite|SandStream|RockSlide,KnockOff,HighHorsepower,Protect|Adamant||F|||50|]Staraptor||Staraptite|Intimidate|Protect,BraveBird,CloseCombat,Tailwind|Jolly||F|||50|]Milotic||SitrusBerry|Competitive|Protect,Haze,IcyWind,Scald|Calm||F|||50|]Sinistcha||ColburBerry|Hospitality|Protect,RagePowder,MatchaGotcha,ShadowBall|Bold|||||50|]Gholdengo||LifeOrb|GoodasGold|Protect,ShadowBall,MakeItRain,NastyPlot|Modest|||||50|
|inactive|Battle timer is ON: inactive players will automatically lose when time's up. (requested by runeking6573)
|j| KrisKiwii
|inactive|powergo has 60 seconds left.
|inactive|runeking6573 has 60 seconds left.
|j| iiFWM
|
|t:|1784657601
|teamsize|p1|4
|teamsize|p2|4
|start
|switch|p1a: Gengar|Gengar, L50, M|100/100
|switch|p1b: Vivillon|Vivillon-Marine, L50, F|100/100
|switch|p2a: Sinistcha|Sinistcha, L50|100/100
|switch|p2b: Staraptor|Staraptor, L50, F|100/100
|-ability|p2b: Staraptor|Intimidate|boost
|-unboost|p1a: Gengar|atk|1
|-unboost|p1b: Vivillon|atk|1
|turn|1
|j| The_AG_Is_Real
|inactive|powergo has 30 seconds left.
|inactive|runeking6573 has 30 seconds left.
|inactive|runeking6573 has 20 seconds left.
|
|t:|1784657641
|switch|p2b: Gholdengo|Gholdengo, L50|100/100
|detailschange|p1a: Gengar|Gengar-Mega, L50, M
|-mega|p1a: Gengar|Gengar|Gengarite
|move|p1a: Gengar|Shadow Ball|p2a: Sinistcha
|-supereffective|p2a: Sinistcha|1
|-damage|p2a: Sinistcha|1/100
|move|p1b: Vivillon|Hurricane|p2b: Gholdengo
|-resisted|p2b: Gholdengo|1
|-damage|p2b: Gholdengo|76/100
|move|p2a: Sinistcha|Shadow Ball|p1a: Gengar
|-supereffective|p1a: Gengar|1
|-damage|p1a: Gengar|34/100
|-unboost|p1a: Gengar|spd|1
|
|upkeep
|turn|2
|
|t:|1784657665
|move|p2a: Sinistcha|Rage Powder|p2a: Sinistcha
|-singleturn|p2a: Sinistcha|move: Rage Powder
|move|p1a: Gengar|Shadow Ball|p2a: Sinistcha
|-supereffective|p2a: Sinistcha|1
|-damage|p2a: Sinistcha|0 fnt
|faint|p2a: Sinistcha
|move|p1b: Vivillon|Hurricane|p2b: Gholdengo
|-resisted|p2b: Gholdengo|1
|-damage|p2b: Gholdengo|48/100
|-start|p2b: Gholdengo|confusion
|-activate|p2b: Gholdengo|confusion
|move|p2b: Gholdengo|Make It Rain|p1a: Gengar|[spread] p1a,p1b
|-damage|p1a: Gengar|0 fnt
|-enditem|p1b: Vivillon|Focus Sash
|-damage|p1b: Vivillon|1/100
|-unboost|p2b: Gholdengo|spa|2
|faint|p1a: Gengar
|-damage|p2b: Gholdengo|39/100|[from] item: Life Orb
|
|upkeep
|
|t:|1784657689
|switch|p1a: Politoed|Politoed, L50, F|100/100
|switch|p2a: Milotic|Milotic, L50, F|100/100
|-weather|RainDance|[from] ability: Drizzle|[of] p1a: Politoed
|turn|3
|l| The_AG_Is_Real
|
|t:|1784657713
|-activate|p2b: Gholdengo|confusion
|-damage|p2b: Gholdengo|32/100|[from] confusion
|move|p1b: Vivillon|Sleep Powder|p2a: Milotic
|-status|p2a: Milotic|slp|[from] move: Sleep Powder
|cant|p2a: Milotic|slp
|move|p1a: Politoed|Weather Ball|p2b: Gholdengo
|-damage|p2b: Gholdengo|0 fnt
|faint|p2b: Gholdengo
|
|-weather|RainDance|[upkeep]
|upkeep
|
|t:|1784657723
|switch|p2b: Staraptor|Staraptor, L50, F|100/100
|-ability|p2b: Staraptor|Intimidate|boost
|-unboost|p1a: Politoed|atk|1
|-unboost|p1b: Vivillon|atk|1
|turn|4
|j| The_AG_Is_Real
|
|t:|1784657743
|detailschange|p2b: Staraptor|Staraptor-Mega, L50, F
|-mega|p2b: Staraptor|Staraptor|Staraptite
|move|p2b: Staraptor|Protect|p2b: Staraptor
|-singleturn|p2b: Staraptor|Protect
|move|p1b: Vivillon|Hurricane|p2b: Staraptor
|-activate|p2b: Staraptor|move: Protect
|cant|p2a: Milotic|slp
|move|p1a: Politoed|Weather Ball|p2b: Staraptor
|-activate|p2b: Staraptor|move: Protect
|
|-weather|RainDance|[upkeep]
|upkeep
|turn|5
|inactive|powergo has 30 seconds left.
|
|t:|1784657771
|move|p2b: Staraptor|Brave Bird|p1a: Politoed
|-damage|p1a: Politoed|35/100
|-enditem|p1a: Politoed|Sitrus Berry|[eat]
|-heal|p1a: Politoed|60/100|[from] item: Sitrus Berry
|-damage|p2b: Staraptor|74/100|[from] Recoil
|move|p1b: Vivillon|Hurricane|p2b: Staraptor
|-supereffective|p2b: Staraptor|1
|-damage|p2b: Staraptor|0 fnt
|faint|p2b: Staraptor
|-curestatus|p2a: Milotic|slp|[msg]
|move|p2a: Milotic|Icy Wind|p1b: Vivillon|[spread] p1a,p1b
|-resisted|p1a: Politoed|1
|-supereffective|p1b: Vivillon|1
|-damage|p1a: Politoed|57/100
|-damage|p1b: Vivillon|0 fnt
|-unboost|p1a: Politoed|spe|1
|faint|p1b: Vivillon
|move|p1a: Politoed|Perish Song|p1a: Politoed
|-start|p1a: Politoed|perish3|[silent]
|-start|p2a: Milotic|perish3|[silent]
|-fieldactivate|move: Perish Song
|
|-weather|RainDance|[upkeep]
|-start|p2a: Milotic|perish3
|-start|p1a: Politoed|perish3
|upkeep
|
|t:|1784657791
|switch|p1b: Incineroar|Incineroar, L50, M, shiny|100/100
|-ability|p1b: Incineroar|Intimidate|boost
|-unboost|p2a: Milotic|atk|1
|-ability|p2a: Milotic|Competitive|boost
|-boost|p2a: Milotic|spa|2
|turn|6
|
|t:|1784657805
|move|p1b: Incineroar|Fake Out|p2a: Milotic
|-damage|p2a: Milotic|91/100
|cant|p2a: Milotic|flinch
|move|p1a: Politoed|Hypnosis|p2a: Milotic|[miss]
|-miss|p1a: Politoed|p2a: Milotic
|
|-weather|RainDance|[upkeep]
|-start|p2a: Milotic|perish2
|-start|p1a: Politoed|perish2
|upkeep
|turn|7
|
|t:|1784657821
|move|p2a: Milotic|Scald|p1b: Incineroar
|-supereffective|p1b: Incineroar|1
|-enditem|p1b: Incineroar|Passho Berry|[eat]
|-enditem|p1b: Incineroar|Passho Berry|[weaken]
|-damage|p1b: Incineroar|34/100
|move|p1b: Incineroar|Throat Chop|p2a: Milotic
|-damage|p2a: Milotic|66/100
|-start|p2a: Milotic|Throat Chop|[silent]
|move|p1a: Politoed|Hypnosis|p2a: Milotic|[miss]
|-miss|p1a: Politoed|p2a: Milotic
|
|-weather|none
|-start|p2a: Milotic|perish1
|-start|p1a: Politoed|perish1
|upkeep
|turn|8
|
|t:|1784657836
|move|p1b: Incineroar|Protect|p1b: Incineroar
|-singleturn|p1b: Incineroar|Protect
|move|p1a: Politoed|Protect|p1a: Politoed
|-singleturn|p1a: Politoed|Protect
|move|p2a: Milotic|Haze|p2a: Milotic
|-clearallboost
|
|-end|p2a: Milotic|Throat Chop|[silent]
|-start|p2a: Milotic|perish0
|-start|p1a: Politoed|perish0
|faint|p2a: Milotic
|faint|p1a: Politoed
|
|win|powergo
||runeking6573 is ready for game 3.
|inactive|powergo has 30 seconds to confirm battle start!
||powergo is ready for game 3.
|uhtml|next|Next: Game 3 of 3
|l| The_AG_Is_Real
|l|☆runeking6573
|player|p2|
