|j|☆x-demon18
|j|☆TMB101
|html|x-demon18TMB101    
|uhtml|bestof|Game 1 of a best-of-3
|t:|1784945009
|gametype|doubles
|player|p1|x-demon18|pokefan-gen4|1059
|player|p2|TMB101|chuck|1040
|gen|9
|tier|[Gen 9 Champions] VGC 2026 Reg M-B (Bo3)
|rated|
|rule|Species Clause: Limit one of each Pokémon
|rule|Item Clause: Limit 1 of each item
|clearpoke
|poke|p1|Tyranitar, L50, M|
|poke|p1|Metagross, L50, shiny|
|poke|p1|Garchomp, L50, M|
|poke|p1|Primarina, L50, M|
|poke|p1|Rotom-Heat, L50|
|poke|p1|Sinistcha, L50|
|poke|p2|Gengar, L50, M|
|poke|p2|Archaludon, L50, M|
|poke|p2|Politoed, L50, M|
|poke|p2|Incineroar, L50, M|
|poke|p2|Clefable, L50, M|
|poke|p2|Sneasler, L50, M|
|teampreview|4
|showteam|p1|Tyranitar||Tyranitarite|SandStream|RockSlide,KnockOff,IcePunch,Protect|Adamant||M|||50|]Metagross||Metagrossite|ClearBody|IronHead,PsychicFangs,HammerArm,Protect|Adamant|||||50|]Garchomp||LifeOrb|RoughSkin|RockSlide,DragonClaw,StompingTantrum,Protect|Jolly||M|||50|]Primarina||Leftovers|LiquidVoice|HyperVoice,Moonblast,IcyWind,Protect|Modest||M|||50|]Rotom-Heat||SitrusBerry|Levitate|Overheat,Electroweb,WillOWisp,VoltSwitch|Modest|||||50|]Sinistcha||KasibBerry|Hospitality|MatchaGotcha,ShadowBall,RagePowder,Protect|Quiet|||||50|
|showteam|p2|Gengar||Gengarite|CursedBody|PerishSong,Protect,ShadowBall,SuckerPunch|Calm||M|||50|]Archaludon||ChoiceScarf|Sturdy|DragonPulse,Protect,Earthquake,ElectroShot|Mild||M|||50|]Politoed||Leftovers|Drizzle|Encore,Protect,WeatherBall,Liquidation|Bold||M|||50|]Incineroar||ChopleBerry|Intimidate|FakeOut,FlareBlitz,Protect,PartingShot|Adamant||M|||50|]Clefable||Clefablite|Unaware|FollowMe,Protect,Encore,Moonblast|Modest||M|||50|]Sneasler||MentalHerb|Unburden|CloseCombat,DireClaw,FakeOut,ShadowBall|Adamant||M|||50|
|
|t:|1784945041
|teamsize|p1|4
|teamsize|p2|4
|start
|switch|p1a: Sinistcha|Sinistcha, L50|100/100
|switch|p1b: Magneto|Metagross, L50, shiny|100/100
|switch|p2a: Incineroar|Incineroar, L50, M|100/100
|switch|p2b: Politoed|Politoed, L50, M|100/100
|-weather|RainDance|[from] ability: Drizzle|[of] p2b: Politoed
|-ability|p2a: Incineroar|Intimidate|boost
|-unboost|p1a: Sinistcha|atk|1
|-fail|p1b: Magneto|unboost|[from] ability: Clear Body|[of] p1b: Magneto
|turn|1
|
|t:|1784945087
|move|p2b: Politoed|Protect|p2b: Politoed
|-singleturn|p2b: Politoed|Protect
|move|p2a: Incineroar|Fake Out|p1b: Magneto
|-resisted|p1b: Magneto|1
|-damage|p1b: Magneto|94/100
|move|p1a: Sinistcha|Rage Powder|p1a: Sinistcha
|-singleturn|p1a: Sinistcha|move: Rage Powder
|cant|p1b: Magneto|flinch
|
|-weather|RainDance|[upkeep]
|upkeep
|turn|2
|
|t:|1784945112
|switch|p1a: Caliope|Primarina, L50, M|100/100
|move|p2b: Politoed|Encore||[still]
|-fail|p2b: Politoed
|move|p1b: Magneto|Hammer Arm|p2a: Incineroar
|-supereffective|p2a: Incineroar|1
|-enditem|p2a: Incineroar|Chople Berry|[eat]
|-enditem|p2a: Incineroar|Chople Berry|[weaken]
|-damage|p2a: Incineroar|71/100
|-unboost|p1b: Magneto|spe|1
|move|p2a: Incineroar|Parting Shot|p1b: Magneto
|-fail|p1b: Magneto|unboost|[from] ability: Clear Body|[of] p1b: Magneto
|
|-weather|RainDance|[upkeep]
|upkeep
|turn|3
|
|t:|1784945156
|move|p2b: Politoed|Liquidation|p1b: Magneto
|-damage|p1b: Magneto|66/100
|move|p2a: Incineroar|Flare Blitz|p1b: Magneto
|-supereffective|p1b: Magneto|1
|-damage|p1b: Magneto|22/100
|-damage|p2a: Incineroar|58/100|[from] Recoil
|move|p1a: Caliope|Hyper Voice|p2b: Politoed|[spread] p2a,p2b
|-supereffective|p2a: Incineroar|1
|-resisted|p2b: Politoed|1
|-damage|p2a: Incineroar|0 fnt
|-damage|p2b: Politoed|75/100
|faint|p2a: Incineroar
|move|p1b: Magneto|Psychic Fangs|p2b: Politoed
|-damage|p2b: Politoed|35/100
|
|-weather|RainDance|[upkeep]
|-heal|p2b: Politoed|41/100|[from] item: Leftovers
|upkeep
|
|t:|1784945171
|switch|p2a: Archaludon|Archaludon, L50, M|100/100
|turn|4
|
|t:|1784945187
|switch|p1b: Juggernaut|Tyranitar, L50, M|100/100
|-weather|Sandstorm|[from] ability: Sand Stream|[of] p1b: Juggernaut
|move|p2b: Politoed|Protect|p2b: Politoed
|-singleturn|p2b: Politoed|Protect
|move|p2a: Archaludon|Electro Shot||[still]
|-prepare|p2a: Archaludon|Electro Shot
|-boost|p2a: Archaludon|spa|1
|move|p1a: Caliope|Moonblast|p2a: Archaludon
|-damage|p2a: Archaludon|20/100y
|-unboost|p2a: Archaludon|spa|1
|
|-weather|Sandstorm|[upkeep]
|-damage|p2b: Politoed|35/100|[from] Sandstorm
|-damage|p1a: Caliope|93/100|[from] Sandstorm
|-heal|p2b: Politoed|41/100|[from] item: Leftovers
|-heal|p1a: Caliope|100/100|[from] item: Leftovers
|upkeep
|turn|5
|
|t:|1784945216
|switch|p2b: Gengar|Gengar, L50, M|100/100
|move|p2a: Archaludon|Electro Shot|p1a: Caliope|[from] lockedmove
|-supereffective|p1a: Caliope|1
|-damage|p1a: Caliope|7/100
|move|p1b: Juggernaut|Knock Off|p2a: Archaludon
|-damage|p2a: Archaludon|0 fnt
|-enditem|p2a: Archaludon|Choice Scarf|[from] move: Knock Off|[of] p1b: Juggernaut
|faint|p2a: Archaludon
|move|p1a: Caliope|Moonblast|p2b: Gengar
|-resisted|p2b: Gengar|1
|-damage|p2b: Gengar|73/100
|
|-weather|Sandstorm|[upkeep]
|-damage|p2b: Gengar|67/100|[from] Sandstorm
|-damage|p1a: Caliope|1/100|[from] Sandstorm
|-heal|p1a: Caliope|7/100|[from] item: Leftovers
|upkeep
|
|t:|1784945231
|switch|p2a: Politoed|Politoed, L50, M|41/100
|-weather|RainDance|[from] ability: Drizzle|[of] p2a: Politoed
|turn|6
|
|t:|1784945270
|detailschange|p2b: Gengar|Gengar-Mega, L50, M
|-mega|p2b: Gengar|Gengar|Gengarite
|detailschange|p1b: Juggernaut|Tyranitar-Mega, L50, M
|-mega|p1b: Juggernaut|Tyranitar|Tyranitarite
|-weather|Sandstorm|[from] ability: Sand Stream|[of] p1b: Juggernaut
|move|p2b: Gengar|Shadow Ball|p1a: Caliope
|-damage|p1a: Caliope|0 fnt
|faint|p1a: Caliope
|move|p1b: Juggernaut|Knock Off|p2b: Gengar
|-supereffective|p2b: Gengar|1
|-damage|p2b: Gengar|0 fnt
|faint|p2b: Gengar
|move|p2a: Politoed|Liquidation|p1b: Juggernaut
|-supereffective|p1b: Juggernaut|1
|-damage|p1b: Juggernaut|74/100
|
|-weather|Sandstorm|[upkeep]
|-damage|p2a: Politoed|35/100|[from] Sandstorm
|-heal|p2a: Politoed|41/100|[from] item: Leftovers
|upkeep
|-message|TMB101 forfeited.
|
|win|x-demon18
|l|☆TMB101
|player|p2|
