|j|☆P!nkbearz07
|j|☆elytsujuw
|html|P!nkbearz07elytsujuw    
|uhtml|bestof|Game 1 of a best-of-3
|t:|1757862169
|gametype|doubles
|player|p1|P!nkbearz07|marlon|1136
|player|p2|elytsujuw|volo|1195
|gen|9
|tier|[Gen 9] VGC 2025 Reg H (Bo3)
|rated|
|rule|Species Clause: Limit one of each Pokémon
|rule|Item Clause: Limit 1 of each item
|clearpoke
|poke|p1|Primeape, L50, F|
|poke|p1|Smeargle, L50, F|
|poke|p1|Coalossal, L50, F|
|poke|p1|Mismagius, L50, F|
|poke|p1|Tauros-Paldea-Aqua, L50, M|
|poke|p1|Rillaboom, L50, M|
|poke|p2|Comfey, L50, M|
|poke|p2|Rillaboom, L50, F|
|poke|p2|Incineroar, L50, F|
|poke|p2|Politoed, L50, F|
|poke|p2|Archaludon, L50, F|
|poke|p2|Grimmsnarl, L50, M|
|teampreview|4
|showteam|p1|Primeape||Eviolite|AngerPoint|RageFist,DrainPunch,Taunt,Protect|||F|||50|,,,,,Ghost]Smeargle||FocusSash|Technician|SurgingStrikes,Spore,AquaJet,Tailwind|||F|||50|,,,,,Ghost]Coalossal||WeaknessPolicy|SteamEngine|Earthquake,RockSlide,TemperFlare,IronDefense|||F|||50|,,,,,Ground]Mismagius||ChoiceSpecs|Levitate|ShadowBall,DazzlingGleam,MysticalFire,EnergyBall|||F|||50|,,,,,Stellar]Tauros-Paldea-Aqua||SafetyGoggles|AngerPoint|RagingBull,AquaJet,CloseCombat,SmartStrike|||M|||50|,,,,,Grass]Rillaboom||AssaultVest|GrassySurge|FakeOut,GrassyGlide,WoodHammer,DrumBeating|||M|||50|,,,,,Fire
|showteam|p2|Comfey||SitrusBerry|Triage|FloralHealing,DrainingKiss,GigaDrain,Protect|||M|||50|,,,,,Ghost]Rillaboom||LifeOrb|GrassySurge|FakeOut,WoodHammer,GrassyGlide,HighHorsepower|||F|||50|,,,,,Fire]Incineroar||AssaultVest|Intimidate|FlareBlitz,KnockOff,FakeOut,Uturn|||F|||50|,,,,,Ghost]Politoed||SafetyGoggles|Drizzle|WeatherBall,MuddyWater,Haze,Protect|||F|||50|,,,,,Grass]Archaludon||Leftovers|Stamina|ElectroShot,FlashCannon,BodyPress,Protect|||F|||50|,,,,,Electric]Grimmsnarl||LightClay|Prankster|SpiritBreak,LightScreen,Reflect,ThunderWave|||M|||50|,,,,,Steel
|inactive|Battle timer is ON: inactive players will automatically lose when time's up. (requested by P!nkbearz07)
|inactive|elytsujuw also wants the timer to be on.
|inactive|elytsujuw has 60 seconds left.
|
|t:|1757862205
|teamsize|p1|4
|teamsize|p2|4
|start
|switch|p1a: Tauros|Tauros-Paldea-Aqua, L50, M|100/100
|switch|p1b: Smeargle|Smeargle, L50, F|100/100
|switch|p2a: Rillaboom|Rillaboom, L50, F|100/100
|switch|p2b: Grimmsnarl|Grimmsnarl, L50, M|100/100
|-fieldstart|move: Grassy Terrain|[from] ability: Grassy Surge|[of] p2a: Rillaboom
|turn|1
|inactive|elytsujuw has 30 seconds left.
|inactive|P!nkbearz07 has 30 seconds left.
|inactive|elytsujuw has 20 seconds left.
|inactive|elytsujuw has 15 seconds left.
|inactive|elytsujuw has 10 seconds left.
|inactive|elytsujuw has 5 seconds left.
|
|t:|1757862260
|switch|p1a: Mismagius|Mismagius, L50, F|100/100
|move|p2a: Rillaboom|Fake Out|p1a: Mismagius
|-immune|p1a: Mismagius
|move|p1b: Smeargle|Spore|p2b: Grimmsnarl
|-status|p2b: Grimmsnarl|slp|[from] move: Spore
|cant|p2b: Grimmsnarl|slp
|
|upkeep
|turn|2
|inactive|P!nkbearz07 has 30 seconds left.
|
|t:|1757862290
|switch|p1b: Rillaboom|Rillaboom, L50, M, shiny|100/100
|switch|p2a: Politoed|Politoed, L50, F|100/100
|-weather|RainDance|[from] ability: Drizzle|[of] p2a: Politoed
|cant|p2b: Grimmsnarl|slp
|move|p1a: Mismagius|Mystical Fire|p2a: Politoed
|-resisted|p2a: Politoed
|-damage|p2a: Politoed|94/100
|-unboost|p2a: Politoed|spa|1
|
|-weather|RainDance|[upkeep]
|-heal|p2a: Politoed|100/100|[from] Grassy Terrain
|upkeep
|turn|3
|
|t:|1757862310
|switch|p1a: Tauros|Tauros-Paldea-Aqua, L50, M|100/100
|switch|p2a: Archaludon|Archaludon, L50, F|100/100
|move|p1b: Rillaboom|Fake Out|p2b: Grimmsnarl
|-damage|p2b: Grimmsnarl|87/100 slp
|-curestatus|p2b: Grimmsnarl|slp|[msg]
|cant|p2b: Grimmsnarl|flinch
|
|-weather|RainDance|[upkeep]
|-heal|p2b: Grimmsnarl|93/100|[from] Grassy Terrain
|upkeep
|turn|4
|inactive|P!nkbearz07 has 30 seconds left.
|
|t:|1757862341
|-terastallize|p1a: Tauros|Grass
|move|p1a: Tauros|Aqua Jet|p2b: Grimmsnarl
|-damage|p2b: Grimmsnarl|65/100
|move|p2b: Grimmsnarl|Reflect|p2b: Grimmsnarl
|-sidestart|p2: elytsujuw|Reflect
|move|p2a: Archaludon|Electro Shot||[still]
|-prepare|p2a: Archaludon|Electro Shot
|-boost|p2a: Archaludon|spa|1
|-anim|p2a: Archaludon|Electro Shot|p1a: Tauros
|-resisted|p1a: Tauros
|-damage|p1a: Tauros|46/100
|move|p1b: Rillaboom|Wood Hammer|p2b: Grimmsnarl
|-damage|p2b: Grimmsnarl|16/100
|-damage|p1b: Rillaboom|83/100|[from] Recoil
|
|-weather|RainDance|[upkeep]
|-heal|p1a: Tauros|52/100|[from] Grassy Terrain
|-heal|p1b: Rillaboom|90/100|[from] Grassy Terrain
|-heal|p2b: Grimmsnarl|22/100|[from] Grassy Terrain
|upkeep
|turn|5
|inactive|elytsujuw has 30 seconds left.
|
|t:|1757862372
|switch|p2b: Rillaboom|Rillaboom, L50, F|100/100
|move|p1b: Rillaboom|Grassy Glide|p2b: Rillaboom
|-resisted|p2b: Rillaboom
|-damage|p2b: Rillaboom|90/100
|move|p1a: Tauros|Close Combat|p2a: Archaludon
|-supereffective|p2a: Archaludon
|-damage|p2a: Archaludon|48/100
|-unboost|p1a: Tauros|def|1
|-unboost|p1a: Tauros|spd|1
|-ability|p2a: Archaludon|Stamina|boost
|-boost|p2a: Archaludon|def|1
|move|p2a: Archaludon|Electro Shot||[still]
|-prepare|p2a: Archaludon|Electro Shot
|-boost|p2a: Archaludon|spa|1
|-anim|p2a: Archaludon|Electro Shot|p1a: Tauros
|-resisted|p1a: Tauros
|-damage|p1a: Tauros|0 fnt
|faint|p1a: Tauros
|
|-weather|RainDance|[upkeep]
|-heal|p2b: Rillaboom|96/100|[from] Grassy Terrain
|-heal|p2a: Archaludon|54/100|[from] Grassy Terrain
|-heal|p2a: Archaludon|60/100|[from] item: Leftovers
|-heal|p1b: Rillaboom|96/100|[from] Grassy Terrain
|-fieldend|move: Grassy Terrain
|upkeep
|
|t:|1757862381
|switch|p1a: Smeargle|Smeargle, L50, F|100/100
|turn|6
|inactive|elytsujuw has 30 seconds left.
|inactive|elytsujuw has 20 seconds left.
|
|t:|1757862416
|switch|p1a: Mismagius|Mismagius, L50, F|100/100
|switch|p2b: Grimmsnarl|Grimmsnarl, L50, M|22/100
|move|p2a: Archaludon|Electro Shot||[still]
|-prepare|p2a: Archaludon|Electro Shot
|-boost|p2a: Archaludon|spa|1
|-anim|p2a: Archaludon|Electro Shot|p1a: Mismagius
|-damage|p1a: Mismagius|0 fnt
|faint|p1a: Mismagius
|move|p1b: Rillaboom|Drum Beating|p2a: Archaludon
|-resisted|p2a: Archaludon
|-crit|p2a: Archaludon
|-damage|p2a: Archaludon|51/100
|-unboost|p2a: Archaludon|spe|1
|-ability|p2a: Archaludon|Stamina|boost
|-boost|p2a: Archaludon|def|1
|
|-weather|none
|-heal|p2a: Archaludon|57/100|[from] item: Leftovers
|upkeep
|
|t:|1757862425
|switch|p1a: Smeargle|Smeargle, L50, F|100/100
|turn|7
|
|t:|1757862437
|switch|p2b: Politoed|Politoed, L50, F|100/100
|-weather|RainDance|[from] ability: Drizzle|[of] p2b: Politoed
|move|p1a: Smeargle|Spore|p2a: Archaludon
|-status|p2a: Archaludon|slp|[from] move: Spore
|move|p1b: Rillaboom|Wood Hammer|p2b: Politoed
|-supereffective|p2b: Politoed
|-damage|p2b: Politoed|36/100
|-damage|p1b: Rillaboom|74/100|[from] Recoil
|cant|p2a: Archaludon|slp
|
|-weather|RainDance|[upkeep]
|-heal|p2a: Archaludon|63/100 slp|[from] item: Leftovers
|upkeep
|turn|8
|
|t:|1757862458
|move|p2b: Politoed|Protect|p2b: Politoed
|-singleturn|p2b: Politoed|Protect
|move|p1a: Smeargle|Surging Strikes|p2a: Archaludon
|-resisted|p2a: Archaludon
|-crit|p2a: Archaludon
|-damage|p2a: Archaludon|59/100 slp
|-ability|p2a: Archaludon|Stamina|boost
|-boost|p2a: Archaludon|def|1
|-resisted|p2a: Archaludon
|-crit|p2a: Archaludon
|-damage|p2a: Archaludon|54/100 slp
|-ability|p2a: Archaludon|Stamina|boost
|-boost|p2a: Archaludon|def|1
|-resisted|p2a: Archaludon
|-crit|p2a: Archaludon
|-damage|p2a: Archaludon|50/100 slp
|-ability|p2a: Archaludon|Stamina|boost
|-boost|p2a: Archaludon|def|1
|-hitcount|p2a: Archaludon|3
|move|p1b: Rillaboom|Drum Beating|p2b: Politoed
|-activate|p2b: Politoed|move: Protect
|-curestatus|p2a: Archaludon|slp|[msg]
|move|p2a: Archaludon|Electro Shot||[still]
|-prepare|p2a: Archaludon|Electro Shot
|-boost|p2a: Archaludon|spa|1
|-anim|p2a: Archaludon|Electro Shot|p1b: Rillaboom
|-resisted|p1b: Rillaboom
|-damage|p1b: Rillaboom|27/100
|
|-weather|RainDance|[upkeep]
|-heal|p2a: Archaludon|56/100|[from] item: Leftovers
|upkeep
|turn|9
|
|t:|1757862480
|switch|p2b: Rillaboom|Rillaboom, L50, F|96/100
|-fieldstart|move: Grassy Terrain|[from] ability: Grassy Surge|[of] p2b: Rillaboom
|move|p1a: Smeargle|Spore|p2a: Archaludon
|-status|p2a: Archaludon|slp|[from] move: Spore
|move|p1b: Rillaboom|Drum Beating|p2b: Rillaboom
|-resisted|p2b: Rillaboom
|-damage|p2b: Rillaboom|81/100
|-unboost|p2b: Rillaboom|spe|1
|cant|p2a: Archaludon|slp
|
|-weather|RainDance|[upkeep]
|-heal|p1b: Rillaboom|33/100|[from] Grassy Terrain
|-heal|p2b: Rillaboom|87/100|[from] Grassy Terrain
|-heal|p2a: Archaludon|62/100 slp|[from] Grassy Terrain
|-heal|p2a: Archaludon|68/100 slp|[from] item: Leftovers
|upkeep
|turn|10
|
|t:|1757862494
|move|p2b: Rillaboom|Fake Out|p1a: Smeargle
|-damage|p1a: Smeargle|44/100
|-damage|p2b: Rillaboom|77/100|[from] item: Life Orb
|move|p1b: Rillaboom|Grassy Glide|p2a: Archaludon
|-resisted|p2a: Archaludon
|-damage|p2a: Archaludon|67/100 slp
|-ability|p2a: Archaludon|Stamina|boost
|-boost|p2a: Archaludon|def|1
|cant|p1a: Smeargle|flinch
|-curestatus|p2a: Archaludon|slp|[msg]
|move|p2a: Archaludon|Electro Shot||[still]
|-prepare|p2a: Archaludon|Electro Shot
|-boost|p2a: Archaludon|spa|1
|-anim|p2a: Archaludon|Electro Shot|p1b: Rillaboom
|-resisted|p1b: Rillaboom
|-damage|p1b: Rillaboom|0 fnt
|faint|p1b: Rillaboom
|
|-weather|RainDance|[upkeep]
|-heal|p1a: Smeargle|50/100|[from] Grassy Terrain
|-heal|p2b: Rillaboom|83/100|[from] Grassy Terrain
|-heal|p2a: Archaludon|73/100|[from] Grassy Terrain
|-heal|p2a: Archaludon|79/100|[from] item: Leftovers
|upkeep
|turn|11
|-message|P!nkbearz07 forfeited.
|
|win|elytsujuw
