|j|☆strifesada
|j|☆jesuskeep
|html|strifesadajesuskeep    
|uhtml|bestof|Game 1 of a best-of-3
|t:|1783648289
|gametype|doubles
|player|p1|strifesada|piers|1189
|player|p2|jesuskeep|266|1071
|gen|9
|tier|[Gen 9 Champions] VGC 2026 Reg M-B (Bo3)
|rated|
|rule|Species Clause: Limit one of each Pokémon
|rule|Item Clause: Limit 1 of each item
|clearpoke
|poke|p1|Raichu, L50, M|
|poke|p1|Sylveon, L50, F|
|poke|p1|Farigiraf, L50, F|
|poke|p1|Kingambit, L50, M|
|poke|p1|Kangaskhan, L50, F|
|poke|p1|Chandelure, L50, F|
|poke|p2|Sylveon, L50, F|
|poke|p2|Raichu, L50, M|
|poke|p2|Mamoswine, L50, F|
|poke|p2|Corviknight, L50, F|
|poke|p2|Tyranitar, L50, M|
|poke|p2|Basculegion, L50, M|
|teampreview|4
|showteam|p1|Raichu||RaichuniteY|LightningRod|ZapCannon,FocusBlast,FakeOut,Protect|Timid||M|||50|]Sylveon||FairyFeather|Pixilate|HyperVoice,Yawn,QuickAttack,Protect|Modest||F|||50|]Farigiraf||SitrusBerry|ArmorTail|Psychic,FoulPlay,TrickRoom,HelpingHand|Sassy||F|||50|]Kingambit||BlackGlasses|Defiant|KowtowCleave,SuckerPunch,SwordsDance,Protect|Adamant||M|||50|]Kangaskhan||Kangaskhanite|Scrappy|FakeOut,DoubleEdge,DrainPunch,IcePunch|Brave||F|||50|]Chandelure||FocusSash|FlashFire|TrickRoom,HeatWave,ShadowBall,Protect|Modest||F|||50|
|showteam|p2|Sylveon||Leftovers|Pixilate|HyperVoice,HyperBeam,CalmMind,Protect|Modest||F|||50|]Raichu||RaichuniteY|LightningRod|ZapCannon,FocusBlast,FakeOut,Protect|Timid||M|||50|]Mamoswine||LifeOrb|Oblivious|HighHorsepower,IceShard,IcicleCrash,Protect|Jolly||F|||50|]Corviknight||SitrusBerry|MirrorArmor|IronHead,BraveBird,Tailwind,Protect|Careful||F|||50|]Tyranitar||FocusSash|SandStream|RockSlide,KnockOff,LowKick,Protect|Adamant||M|||50|]Basculegion||ChoiceScarf|Adaptability|WaveCrash,LastRespects,FlipTurn,AquaJet|Jolly||M|||50|
|inactive|Battle timer is ON: inactive players will automatically lose when time's up. (requested by jesuskeep)
|inactive|strifesada has 60 seconds left.
|inactive|jesuskeep has 60 seconds left.
|
|t:|1783648340
|teamsize|p1|4
|teamsize|p2|4
|start
|switch|p1a: Kingambit|Kingambit, L50, M|100/100
|switch|p1b: Raichu|Raichu, L50, M|100/100
|switch|p2a: Corviknight|Corviknight, L50, F|100/100
|switch|p2b: Mamoswine|Mamoswine, L50, F|100/100
|turn|1
|
|t:|1783648362
|detailschange|p1b: Raichu|Raichu-Mega-Y, L50, M
|-mega|p1b: Raichu|Raichu|Raichunite Y
|move|p1b: Raichu|Fake Out|p2b: Mamoswine
|-damage|p2b: Mamoswine|89/100
|cant|p2b: Mamoswine|flinch
|move|p2a: Corviknight|Tailwind|p2a: Corviknight
|-sidestart|p2: jesuskeep|move: Tailwind
|move|p1a: Kingambit|Swords Dance|p1a: Kingambit
|-boost|p1a: Kingambit|atk|2
|
|upkeep
|turn|2
|
|t:|1783648381
|switch|p2a: Raichu|Raichu, L50, M|100/100
|move|p2b: Mamoswine|Ice Shard|p1b: Raichu
|-damage|p1b: Raichu|58/100
|-damage|p2b: Mamoswine|79/100|[from] item: Life Orb
|move|p1a: Kingambit|Sucker Punch||[still]
|-fail|p1a: Kingambit
|move|p1b: Raichu|Zap Cannon|p2a: Raichu
|-ability|p2a: Raichu|Lightning Rod|boost
|-boost|p2a: Raichu|spa|1
|
|upkeep
|turn|3
|inactive|strifesada has 30 seconds left.
|
|t:|1783648410
|detailschange|p2a: Raichu|Raichu-Mega-Y, L50, M
|-mega|p2a: Raichu|Raichu|Raichunite Y
|move|p1a: Kingambit|Protect|p1a: Kingambit
|-singleturn|p1a: Kingambit|Protect
|move|p2a: Raichu|Fake Out|p1a: Kingambit
|-activate|p1a: Kingambit|move: Protect
|move|p2b: Mamoswine|High Horsepower|p1b: Raichu
|-supereffective|p1b: Raichu|1
|-damage|p1b: Raichu|0 fnt
|faint|p1b: Raichu
|-damage|p2b: Mamoswine|70/100|[from] item: Life Orb
|
|upkeep
|
|t:|1783648423
|switch|p1b: Chandelure|Chandelure, L50, F|100/100
|turn|4
|
|t:|1783648437
|move|p1a: Kingambit|Sucker Punch|p2a: Raichu
|-damage|p2a: Raichu|0 fnt
|faint|p2a: Raichu
|move|p2b: Mamoswine|High Horsepower|p1a: Kingambit|[miss]
|-miss|p2b: Mamoswine|p1a: Kingambit
|move|p1b: Chandelure|Trick Room|p1b: Chandelure
|-fieldstart|move: Trick Room|[of] p1b: Chandelure
|
|-sideend|p2: jesuskeep|move: Tailwind
|upkeep
|
|t:|1783648445
|switch|p2a: Tyranitar|Tyranitar, L50, M|100/100
|-weather|Sandstorm|[from] ability: Sand Stream|[of] p2a: Tyranitar
|turn|5
|
|t:|1783648456
|move|p1a: Kingambit|Kowtow Cleave|p2b: Mamoswine
|-damage|p2b: Mamoswine|0 fnt
|faint|p2b: Mamoswine
|move|p1b: Chandelure|Heat Wave|p2a: Tyranitar
|-resisted|p2a: Tyranitar|1
|-damage|p2a: Tyranitar|80/100
|move|p2a: Tyranitar|Low Kick|p1a: Kingambit
|-supereffective|p1a: Kingambit|2
|-damage|p1a: Kingambit|0 fnt
|faint|p1a: Kingambit
|
|-weather|Sandstorm|[upkeep]
|-damage|p1b: Chandelure|93/100|[from] Sandstorm
|upkeep
|
|t:|1783648460
|switch|p1a: Sylveon|Sylveon, L50, F|100/100
|switch|p2b: Corviknight|Corviknight, L50, F|100/100
|turn|6
|
|t:|1783648483
|move|p2b: Corviknight|Protect|p2b: Corviknight
|-singleturn|p2b: Corviknight|Protect
|move|p2a: Tyranitar|Protect|p2a: Tyranitar
|-singleturn|p2a: Tyranitar|Protect
|move|p1a: Sylveon|Hyper Voice|p2a: Tyranitar|[spread] 
|-activate|p2a: Tyranitar|move: Protect
|-activate|p2b: Corviknight|move: Protect
|move|p1b: Chandelure|Heat Wave|p2a: Tyranitar|[spread] 
|-activate|p2a: Tyranitar|move: Protect
|-activate|p2b: Corviknight|move: Protect
|
|-weather|Sandstorm|[upkeep]
|-damage|p1a: Sylveon|94/100|[from] Sandstorm
|-damage|p1b: Chandelure|87/100|[from] Sandstorm
|upkeep
|turn|7
|inactive|strifesada has 30 seconds left.
|
|t:|1783648513
|move|p2b: Corviknight|Protect||[still]
|-fail|p2b: Corviknight
|move|p1a: Sylveon|Hyper Voice|p2b: Corviknight|[spread] p2a,p2b
|-supereffective|p2a: Tyranitar|1
|-resisted|p2b: Corviknight|1
|-damage|p2a: Tyranitar|15/100
|-damage|p2b: Corviknight|81/100
|move|p1b: Chandelure|Heat Wave|p2b: Corviknight|[spread] p2a,p2b
|-resisted|p2a: Tyranitar|1
|-supereffective|p2b: Corviknight|1
|-crit|p2b: Corviknight
|-damage|p2a: Tyranitar|0 fnt
|-damage|p2b: Corviknight|0 fnt
|faint|p2a: Tyranitar
|faint|p2b: Corviknight
|
|win|strifesada
