|j|☆mayavgc298
|j|☆ashenzero
|html|mayavgc298ashenzero    
|uhtml|bestof|Game 2 of a best-of-3
|t:|1783031811
|gametype|doubles
|player|p1|mayavgc298|1|1142
|player|p2|ashenzero|hilbert|1132
|gen|9
|tier|[Gen 9 Champions] VGC 2026 Reg M-B (Bo3)
|rated|
|rule|Species Clause: Limit one of each Pokémon
|rule|Item Clause: Limit 1 of each item
|clearpoke
|poke|p1|Aerodactyl, L50, M|
|poke|p1|Sylveon, L50, M|
|poke|p1|Charizard, L50, M, shiny|
|poke|p1|Kingambit, L50, M, shiny|
|poke|p1|Farigiraf, L50, F, shiny|
|poke|p1|Garchomp, L50, F, shiny|
|poke|p2|Charizard, L50, M|
|poke|p2|Hydreigon, L50, M, shiny|
|poke|p2|Milotic, L50, M, shiny|
|poke|p2|Sinistcha, L50|
|poke|p2|Sneasler, L50, M|
|poke|p2|Grimmsnarl, L50, M, shiny|
|teampreview|4
|showteam|p1|Aerodactyl||Aerodactylite|Unnerve|RockSlide,DualWingbeat,IceFang,Tailwind|Jolly||M|||50|]Sylveon||FairyFeather|Pixilate|Detect,HyperVoice,HyperBeam,QuickAttack|Modest||M|||50|]Charizard||CharizarditeY|SolarPower|Protect,HeatWave,WeatherBall,SolarBeam|Modest||M|||50|]Kingambit||FocusSash|Defiant|KowtowCleave,IronHead,SuckerPunch,LowKick|Adamant||M|||50|]Farigiraf||SitrusBerry|ArmorTail|Psychic,Thunderbolt,Roar,TrickRoom|Bold||F|||50|]Garchomp||LifeOrb|RoughSkin|Protect,DragonClaw,StompingTantrum,Earthquake|Jolly||F|||50|
|showteam|p2|Charizard||CharizarditeX|Blaze|Protect,FlareBlitz,DragonClaw,DragonDance|Jolly||M|||50|]Hydreigon||FocusSash|Levitate|Protect,Tailwind,DragonCheer,DarkPulse|Timid||M|||50|]Milotic||Leftovers|Competitive|MuddyWater,IcyWind,Protect,Coil|Calm||M|||50|]Sinistcha||SitrusBerry|Hospitality|MatchaGotcha,LifeDew,Protect,RagePowder|Bold|||||50|]Sneasler||WhiteHerb|Unburden|CloseCombat,DireClaw,FakeOut,Protect|Adamant||M|||50|]Grimmsnarl||LightClay|Prankster|FakeOut,Reflect,LightScreen,FoulPlay|Careful||M|||50|
|inactive|Battle timer is ON: inactive players will automatically lose when time's up. (requested by ashenzero)
|inactive|mayavgc298 has 60 seconds left.
|
|t:|1783031867
|teamsize|p1|4
|teamsize|p2|4
|start
|switch|p1a: Aerodactyl|Aerodactyl, L50, M|100/100
|switch|p1b: Sylveon|Sylveon, L50, M|100/100
|switch|p2a: Sneasler|Sneasler, L50, M|100/100
|switch|p2b: Milotic|Milotic, L50, M, shiny|100/100
|-ability|p1a: Aerodactyl|Unnerve
|turn|1
|
|t:|1783031882
|switch|p1b: Farigiraf|Farigiraf, L50, F, shiny|100/100
|detailschange|p1a: Aerodactyl|Aerodactyl-Mega, L50, M
|-mega|p1a: Aerodactyl|Aerodactyl|Aerodactylite
|move|p2a: Sneasler|Fake Out||[still]
|cant|p1b: Farigiraf|ability: Armor Tail|Fake Out|[of] p2a: Sneasler
|move|p1a: Aerodactyl|Dual Wingbeat|p2a: Sneasler
|-supereffective|p2a: Sneasler|1
|-damage|p2a: Sneasler|10/100
|-supereffective|p2a: Sneasler|1
|-damage|p2a: Sneasler|0 fnt
|faint|p2a: Sneasler
|-hitcount|p2: Sneasler|2
|move|p2b: Milotic|Muddy Water|p1a: Aerodactyl|[spread] p1a,p1b
|-supereffective|p1a: Aerodactyl|1
|-crit|p1b: Farigiraf
|-damage|p1a: Aerodactyl|52/100
|-damage|p1b: Farigiraf|65/100
|-unboost|p1a: Aerodactyl|accuracy|1
|
|upkeep
|
|t:|1783031898
|switch|p2a: Grimmsnarl|Grimmsnarl, L50, M, shiny|100/100
|turn|2
|
|t:|1783031915
|switch|p1a: Sylveon|Sylveon, L50, M|100/100
|move|p2a: Grimmsnarl|Reflect|p2a: Grimmsnarl
|-sidestart|p2: ashenzero|Reflect
|move|p2b: Milotic|Muddy Water|p1b: Farigiraf|[spread] p1a,p1b
|-damage|p1a: Sylveon|79/100
|-damage|p1b: Farigiraf|45/100
|-unboost|p1b: Farigiraf|accuracy|1
|-enditem|p1b: Farigiraf|Sitrus Berry|[eat]
|-heal|p1b: Farigiraf|70/100|[from] item: Sitrus Berry
|move|p1b: Farigiraf|Roar|p2b: Milotic
|drag|p2b: Charizard|Charizard, L50, M|100/100
|
|upkeep
|turn|3
|inactive|mayavgc298 has 30 seconds left.
|
|t:|1783031943
|detailschange|p2b: Charizard|Charizard-Mega-X, L50, M
|-mega|p2b: Charizard|Charizard|Charizardite X
|move|p2a: Grimmsnarl|Light Screen|p2a: Grimmsnarl
|-sidestart|p2: ashenzero|move: Light Screen
|move|p2b: Charizard|Dragon Dance|p2b: Charizard
|-boost|p2b: Charizard|atk|1
|-boost|p2b: Charizard|spe|1
|move|p1a: Sylveon|Hyper Voice|p2a: Grimmsnarl|[spread] p2a,p2b
|-supereffective|p2a: Grimmsnarl|1
|-damage|p2a: Grimmsnarl|48/100
|-damage|p2b: Charizard|58/100
|move|p1b: Farigiraf|Psychic|p2b: Charizard
|-damage|p2b: Charizard|29/100
|
|upkeep
|turn|4
|inactive|mayavgc298 has 30 seconds left.
|
|t:|1783031973
|move|p2b: Charizard|Dragon Claw|p1b: Farigiraf
|-damage|p1b: Farigiraf|9/100
|move|p1a: Sylveon|Hyper Voice|p2a: Grimmsnarl|[spread] p2a,p2b
|-supereffective|p2a: Grimmsnarl|1
|-damage|p2a: Grimmsnarl|0 fnt
|-damage|p2b: Charizard|0 fnt
|faint|p2a: Grimmsnarl
|faint|p2b: Charizard
|move|p1b: Farigiraf|Roar|p2: Grimmsnarl|[notarget]
|-fail|p1b: Farigiraf
|
|upkeep
|
|t:|1783031983
|switch|p2b: Milotic|Milotic, L50, M, shiny|100/100
|turn|5
|
|t:|1783031994
|move|p2b: Milotic|Muddy Water|p1a: Sylveon|[spread] p1a,p1b
|-damage|p1a: Sylveon|61/100
|-damage|p1b: Farigiraf|0 fnt
|faint|p1b: Farigiraf
|move|p1a: Sylveon|Hyper Voice|p2b: Milotic
|-damage|p2b: Milotic|77/100
|
|-heal|p2b: Milotic|83/100|[from] item: Leftovers
|upkeep
|
|t:|1783032001
|switch|p1b: Aerodactyl|Aerodactyl-Mega, L50, M|52/100
|turn|6
|
|t:|1783032009
|move|p1b: Aerodactyl|Rock Slide|p2b: Milotic
|-crit|p2b: Milotic
|-damage|p2b: Milotic|21/100
|cant|p2b: Milotic|flinch
|move|p1a: Sylveon|Hyper Voice|p2b: Milotic
|-damage|p2b: Milotic|0 fnt
|faint|p2b: Milotic
|
|win|mayavgc298
|raw|mayavgc298's rating: 1142 → 1166(+24 for winning)
|raw|ashenzero's rating: 1132 → 1108(-24 for losing)
|l|☆ashenzero
|player|p2|
