|j|☆farewell~friend
|j|☆Tchoubib
|html|farewell~friendTchoubib    
|uhtml|bestof|Game 1 of a best-of-3
|t:|1756584383
|gametype|doubles
|player|p1|farewell~friend|baker|1175
|player|p2|Tchoubib|cynthia|1230
|gen|9
|tier|[Gen 9] VGC 2025 Reg H (Bo3)
|rated|
|rule|Species Clause: Limit one of each Pokémon
|rule|Item Clause: Limit 1 of each item
|clearpoke
|poke|p1|Volcarona, L50, M|
|poke|p1|Baxcalibur, L50, M|
|poke|p1|Rillaboom, L50, M|
|poke|p1|Sneasler, L50, F|
|poke|p1|Kingambit, L50, F|
|poke|p1|Dondozo, L50, F|
|poke|p2|Sneasler, L50, F|
|poke|p2|Dragapult, L50, M|
|poke|p2|Primarina, L50, M|
|poke|p2|Rillaboom, L50, M|
|poke|p2|Kingambit, L50, M|
|poke|p2|Magmar, L50, F|
|teampreview|4
|showteam|p1|Volcarona||CovertCloak|FlameBody|HeatWave,TeraBlast,QuiverDance,Protect|||M|||50|,,,,,Fairy]Baxcalibur||LoadedDice|ThermalExchange|Protect,IceShard,ScaleShot,IcicleSpear|||M|||50|,,,,,Ghost]Rillaboom||AssaultVest|GrassySurge|FakeOut,GrassyGlide,WoodHammer,HighHorsepower|||M|||50|,,,,,Fire]Sneasler||FocusSash|PoisonTouch|Protect,Coaching,DireClaw,CloseCombat|||F|||50|,,,,,Ghost]Kingambit||BlackGlasses|Defiant|Protect,SuckerPunch,KowtowCleave,SwordsDance|||F|||50|,,,,,Dark]Dondozo||Leftovers|Unaware|Protect,WaveCrash,Fissure,Yawn|||F|||50|,,,,,Bug
|showteam|p2|Sneasler||FocusSash|PoisonTouch|CloseCombat,DireClaw,FakeOut,Protect|||F|||50|,,,,,Stellar]Dragapult||ChoiceBand|ClearBody|DragonDarts,TeraBlast,PhantomForce,Uturn|||M|||50|,,,,,Ghost]Primarina||SitrusBerry|LiquidVoice|HyperVoice,Moonblast,Haze,Protect|||M|||50|,,,,,Water]Rillaboom||AssaultVest|GrassySurge|WoodHammer,GrassyGlide,HighHorsepower,FakeOut|||M|||50|,,,,,Fire]Kingambit||BlackGlasses|Defiant|KowtowCleave,SuckerPunch,SwordsDance,Protect|||M|||50|,,,,,Ghost]Magmar||Eviolite|VitalSpirit|Flamethrower,WillOWisp,FollowMe,Protect|||F|||50|,,,,,Ghost
|inactive|Battle timer is ON: inactive players will automatically lose when time's up. (requested by farewell~friend)
|
|t:|1756584499
|teamsize|p1|4
|teamsize|p2|4
|start
|switch|p1a: Sneasler|Sneasler, L50, F|100/100
|switch|p1b: Baxcalibur|Baxcalibur, L50, M|100/100
|switch|p2a: Dragapult|Dragapult, L50, M|100/100
|switch|p2b: Magmar|Magmar, L50, F|100/100
|turn|1
|inactive|farewell~friend has 30 seconds left.
|inactive|Tchoubib has 30 seconds left.
|inactive|Tchoubib has 20 seconds left.
|inactive|Tchoubib has 15 seconds left.
|
|t:|1756584541
|-terastallize|p2a: Dragapult|Ghost
|-terastallize|p1b: Baxcalibur|Ghost
|move|p2b: Magmar|Follow Me|p2b: Magmar
|-singleturn|p2b: Magmar|move: Follow Me
|move|p2a: Dragapult|Dragon Darts|p1b: Baxcalibur
|-damage|p1b: Baxcalibur|60/100
|-anim|p2a: Dragapult|Dragon Darts|p1a: Sneasler
|-damage|p1a: Sneasler|32/100
|move|p1a: Sneasler|Coaching|p1b: Baxcalibur
|-boost|p1b: Baxcalibur|atk|1
|-boost|p1b: Baxcalibur|def|1
|move|p1b: Baxcalibur|Scale Shot|p2b: Magmar|[miss]
|-miss|p1b: Baxcalibur|p2b: Magmar
|
|upkeep
|turn|2
|inactive|farewell~friend has 30 seconds left.
|inactive|Tchoubib has 30 seconds left.
|inactive|farewell~friend has 20 seconds left.
|inactive|Tchoubib has 20 seconds left.
|
|t:|1756584580
|move|p1b: Baxcalibur|Protect|p1b: Baxcalibur
|-singleturn|p1b: Baxcalibur|Protect
|move|p2b: Magmar|Follow Me|p2b: Magmar
|-singleturn|p2b: Magmar|move: Follow Me
|move|p2a: Dragapult|Dragon Darts|p1a: Sneasler
|-damage|p1a: Sneasler|0 fnt
|faint|p1a: Sneasler
|
|upkeep
|
|t:|1756584590
|switch|p1a: Volcarona|Volcarona, L50, M|100/100
|turn|3
|inactive|Tchoubib has 30 seconds left.
|
|t:|1756584618
|move|p2a: Dragapult|Dragon Darts|p1a: Volcarona
|-damage|p1a: Volcarona|59/100
|-anim|p2a: Dragapult|Dragon Darts|p1b: Baxcalibur
|-damage|p1b: Baxcalibur|35/100
|move|p1b: Baxcalibur|Scale Shot|p2a: Dragapult
|-damage|p2a: Dragapult|69/100
|-damage|p2a: Dragapult|36/100
|-damage|p2a: Dragapult|4/100
|-damage|p2a: Dragapult|0 fnt
|faint|p2a: Dragapult
|-hitcount|p2: Dragapult|4
|-unboost|p1b: Baxcalibur|def|1
|-boost|p1b: Baxcalibur|spe|1
|move|p1a: Volcarona|Quiver Dance|p1a: Volcarona
|-boost|p1a: Volcarona|spa|1
|-boost|p1a: Volcarona|spd|1
|-boost|p1a: Volcarona|spe|1
|move|p2b: Magmar|Flamethrower|p1a: Volcarona
|-damage|p1a: Volcarona|39/100
|
|upkeep
|
|t:|1756584639
|switch|p2a: Rillaboom|Rillaboom, L50, M|100/100
|-fieldstart|move: Grassy Terrain|[from] ability: Grassy Surge|[of] p2a: Rillaboom
|turn|4
|inactive|farewell~friend has 30 seconds left.
|inactive|Tchoubib has 30 seconds left.
|inactive|farewell~friend has 20 seconds left.
|inactive|Tchoubib has 20 seconds left.
|
|t:|1756584680
|switch|p2a: Sneasler|Sneasler, L50, F|100/100
|move|p2b: Magmar|Follow Me|p2b: Magmar
|-singleturn|p2b: Magmar|move: Follow Me
|move|p1b: Baxcalibur|Icicle Spear|p2b: Magmar
|-resisted|p2b: Magmar
|-damage|p2b: Magmar|90/100
|-resisted|p2b: Magmar
|-damage|p2b: Magmar|80/100
|-resisted|p2b: Magmar
|-damage|p2b: Magmar|71/100
|-resisted|p2b: Magmar
|-damage|p2b: Magmar|61/100
|-resisted|p2b: Magmar
|-damage|p2b: Magmar|51/100
|-hitcount|p2b: Magmar|5
|move|p1a: Volcarona|Heat Wave|p2a: Sneasler|[spread] p2a,p2b
|-resisted|p2b: Magmar
|-damage|p2a: Sneasler|30/100
|-damage|p2b: Magmar|29/100
|
|-heal|p1b: Baxcalibur|41/100|[from] Grassy Terrain
|-heal|p1a: Volcarona|45/100|[from] Grassy Terrain
|-heal|p2a: Sneasler|36/100|[from] Grassy Terrain
|-heal|p2b: Magmar|35/100|[from] Grassy Terrain
|upkeep
|turn|5
|inactive|farewell~friend has 30 seconds left.
|
|t:|1756584708
|move|p1b: Baxcalibur|Icicle Spear|p2a: Sneasler
|-damage|p2a: Sneasler|0 fnt
|faint|p2a: Sneasler
|-hitcount|p2: Sneasler|1
|move|p1a: Volcarona|Heat Wave|p2b: Magmar
|-resisted|p2b: Magmar
|-damage|p2b: Magmar|8/100
|move|p2b: Magmar|Flamethrower|p1a: Volcarona
|-damage|p1a: Volcarona|24/100
|
|-heal|p1b: Baxcalibur|47/100|[from] Grassy Terrain
|-heal|p1a: Volcarona|31/100|[from] Grassy Terrain
|-heal|p2b: Magmar|14/100|[from] Grassy Terrain
|upkeep
|
|t:|1756584712
|switch|p2a: Rillaboom|Rillaboom, L50, M|100/100
|turn|6
|
|t:|1756584726
|move|p1b: Baxcalibur|Icicle Spear|p2a: Rillaboom
|-supereffective|p2a: Rillaboom
|-damage|p2a: Rillaboom|52/100
|-supereffective|p2a: Rillaboom
|-damage|p2a: Rillaboom|0 fnt
|faint|p2a: Rillaboom
|-hitcount|p2: Rillaboom|2
|move|p1a: Volcarona|Heat Wave|p2b: Magmar
|-resisted|p2b: Magmar
|-damage|p2b: Magmar|0 fnt
|faint|p2b: Magmar
|
|win|farewell~friend
||Tchoubib is ready for game 2.
||farewell~friend is ready for game 2.
|uhtml|next|Next: Game 2 of 3
