|j|☆indianpro#2011
|j|☆testdigi
|html|indianpro#2011testdigi    
|uhtml|bestof|Game 2 of a best-of-3
|t:|1784916958
|gametype|doubles
|player|p1|indianpro#2011|lucas|1119
|player|p2|testdigi|101|1162
|gen|9
|tier|[Gen 9 Champions] VGC 2026 Reg M-B (Bo3)
|rated|
|rule|Species Clause: Limit one of each Pokémon
|rule|Item Clause: Limit 1 of each item
|clearpoke
|poke|p1|Tyranitar, L50, F|
|poke|p1|Mawile, L50, M|
|poke|p1|Grimmsnarl, L50, M|
|poke|p1|Decidueye-Hisui, L50, M|
|poke|p1|Scizor, L50, F|
|poke|p1|Oranguru, L50, M|
|poke|p2|Raichu, L50, M|
|poke|p2|Sinistcha, L50|
|poke|p2|Corviknight, L50, M|
|poke|p2|Sylveon, L50, M|
|poke|p2|Garchomp, L50, M|
|poke|p2|Tyranitar, L50, F|
|teampreview|4
|showteam|p1|Tyranitar||ChopleBerry|SandStream|RockSlide,KnockOff,LowKick,Protect|Brave||F|||50|]Mawile||Mawilite|HyperCutter|IronHead,PlayRough,SuckerPunch,Protect|Brave||M|||50|]Grimmsnarl||LightClay|Prankster|Reflect,LightScreen,FakeOut,SpiritBreak|Adamant||M|||50|]Decidueye-Hisui||CobaBerry|Scrappy|LeafBlade,CloseCombat,UpperHand,Protect|Adamant||M|||50|]Scizor||Scizorite|Technician|BugBite,BulletPunch,DualWingbeat,Protect|Adamant||F|||50|]Oranguru||BrightPowder|InnerFocus|TrickRoom,Instruct,FoulPlay,Yawn|Sassy||M|||50|
|showteam|p2|Raichu||RaichuniteY|LightningRod|ZapCannon,FocusBlast,FakeOut,Protect|Timid||M|||50|]Sinistcha||KasibBerry|Hospitality|MatchaGotcha,LifeDew,RagePowder,Protect|Modest|||||50|]Corviknight||OccaBerry|MirrorArmor|IronHead,BraveBird,Tailwind,Protect|Adamant||M|||50|]Sylveon||FairyFeather|Pixilate|HyperVoice,QuickAttack,Yawn,Detect|Modest||M|||50|]Garchomp||LifeOrb|RoughSkin|DragonClaw,StompingTantrum,RockSlide,Protect|Adamant||M|||50|]Tyranitar||FocusSash|SandStream|RockSlide,KnockOff,Superpower,Protect|Adamant||F|||50|
|
|t:|1784916989
|teamsize|p1|4
|teamsize|p2|4
|start
|switch|p1a: Oranguru|Oranguru, L50, M|100/100
|switch|p1b: Grimmsnarl|Grimmsnarl, L50, M|100/100
|switch|p2a: Raichu|Raichu, L50, M|100/100
|switch|p2b: Sylveon|Sylveon, L50, M|100/100
|turn|1
|
|t:|1784917019
|switch|p1b: Mawile|Mawile, L50, M|100/100
|detailschange|p2a: Raichu|Raichu-Mega-Y, L50, M
|-mega|p2a: Raichu|Raichu|Raichunite Y
|move|p2a: Raichu|Zap Cannon|p1a: Oranguru
|-damage|p1a: Oranguru|59/100
|-status|p1a: Oranguru|par
|move|p2b: Sylveon|Hyper Voice|p1b: Mawile|[spread] p1a,p1b
|-resisted|p1b: Mawile|1
|-crit|p1b: Mawile
|-damage|p1a: Oranguru|35/100 par
|-damage|p1b: Mawile|42/100
|move|p1a: Oranguru|Trick Room|p1a: Oranguru
|-fieldstart|move: Trick Room|[of] p1a: Oranguru
|
|upkeep
|turn|2
|
|t:|1784917050
|detailschange|p1b: Mawile|Mawile-Mega, L50, M
|-mega|p1b: Mawile|Mawile|Mawilite
|move|p2b: Sylveon|Detect|p2b: Sylveon
|-singleturn|p2b: Sylveon|Protect
|move|p2a: Raichu|Protect|p2a: Raichu
|-singleturn|p2a: Raichu|Protect
|move|p1a: Oranguru|Instruct||[still]
|-fail|p1a: Oranguru
|move|p1b: Mawile|Play Rough|p2a: Raichu
|-activate|p2a: Raichu|move: Protect
|
|upkeep
|turn|3
|
|t:|1784917080
|switch|p2a: Sinistcha|Sinistcha, L50|100/100
|move|p1a: Oranguru|Foul Play|p2a: Sinistcha
|-supereffective|p2a: Sinistcha|1
|-damage|p2a: Sinistcha|76/100
|move|p1b: Mawile|Iron Head|p2b: Sylveon
|-supereffective|p2b: Sylveon|1
|-damage|p2b: Sylveon|0 fnt
|faint|p2b: Sylveon
|
|upkeep
|
|t:|1784917088
|switch|p2b: Raichu|Raichu-Mega-Y, L50, M|100/100
|turn|4
|
|t:|1784917100
|move|p2b: Raichu|Fake Out|p1b: Mawile
|-resisted|p1b: Mawile|1
|-damage|p1b: Mawile|38/100
|move|p1a: Oranguru|Instruct|p1b: Mawile
|-singleturn|p1b: Mawile|move: Instruct|[of] p1a: Oranguru
|cant|p1b: Mawile|flinch
|cant|p1b: Mawile|flinch
|move|p2a: Sinistcha|Matcha Gotcha|p1b: Mawile|[spread] p1a,p1b
|-resisted|p1b: Mawile|1
|-damage|p1a: Oranguru|18/100 par
|-heal|p2a: Sinistcha|85/100|[from] drain|[of] p1a: Oranguru
|-damage|p1b: Mawile|22/100
|-heal|p2a: Sinistcha|93/100|[from] drain|[of] p1b: Mawile
|
|upkeep
|turn|5
|
|t:|1784917137
|switch|p1a: Grimmsnarl|Grimmsnarl, L50, M|100/100
|switch|p1b: Decidueye|Decidueye-Hisui, L50, M|100/100
|move|p2a: Sinistcha|Protect|p2a: Sinistcha
|-singleturn|p2a: Sinistcha|Protect
|move|p2b: Raichu|Protect||[still]
|-fail|p2b: Raichu
|
|-fieldend|move: Trick Room
|upkeep
|turn|6
|
|t:|1784917173
|switch|p2b: Garchomp|Garchomp, L50, M|100/100
|move|p1a: Grimmsnarl|Fake Out|p2b: Garchomp
|-damage|p2b: Garchomp|87/100
|-damage|p1a: Grimmsnarl|87/100|[from] ability: Rough Skin|[of] p2b: Garchomp
|move|p2a: Sinistcha|Matcha Gotcha|p1b: Decidueye|[spread] p1a,p1b
|-resisted|p1b: Decidueye|1
|-damage|p1a: Grimmsnarl|56/100
|-heal|p2a: Sinistcha|100/100|[from] drain|[of] p1a: Grimmsnarl
|-damage|p1b: Decidueye|87/100
|move|p1b: Decidueye|Close Combat|p2b: Garchomp
|-damage|p2b: Garchomp|29/100
|-unboost|p1b: Decidueye|def|1
|-unboost|p1b: Decidueye|spd|1
|-damage|p1b: Decidueye|75/100|[from] ability: Rough Skin|[of] p2b: Garchomp
|
|upkeep
|turn|7
|
|t:|1784917213
|move|p1b: Decidueye|Protect|p1b: Decidueye
|-singleturn|p1b: Decidueye|Protect
|move|p2a: Sinistcha|Rage Powder|p2a: Sinistcha
|-singleturn|p2a: Sinistcha|move: Rage Powder
|move|p1a: Grimmsnarl|Reflect|p1a: Grimmsnarl
|-sidestart|p1: indianpro#2011|Reflect
|move|p2b: Garchomp|Stomping Tantrum|p1a: Grimmsnarl
|-damage|p1a: Grimmsnarl|13/100
|-damage|p2b: Garchomp|19/100|[from] item: Life Orb
|
|upkeep
|turn|8
|
|t:|1784917240
|move|p2a: Sinistcha|Rage Powder|p2a: Sinistcha
|-singleturn|p2a: Sinistcha|move: Rage Powder
|move|p2b: Garchomp|Rock Slide|p1a: Grimmsnarl|[spread] p1a,p1b
|-resisted|p1b: Decidueye|1
|-damage|p1a: Grimmsnarl|0 fnt
|-damage|p1b: Decidueye|61/100
|faint|p1a: Grimmsnarl
|-damage|p2b: Garchomp|9/100|[from] item: Life Orb
|cant|p1b: Decidueye|flinch
|
|upkeep
|
|t:|1784917258
|switch|p1a: Mawile|Mawile-Mega, L50, M|22/100
|turn|9
|
|t:|1784917270
|move|p2a: Sinistcha|Rage Powder|p2a: Sinistcha
|-singleturn|p2a: Sinistcha|move: Rage Powder
|move|p1a: Mawile|Sucker Punch||[still]
|-fail|p1a: Mawile
|move|p2b: Garchomp|Stomping Tantrum|p1a: Mawile
|-supereffective|p1a: Mawile|1
|-damage|p1a: Mawile|0 fnt
|faint|p1a: Mawile
|-damage|p2b: Garchomp|0 fnt|[from] item: Life Orb
|faint|p2b: Garchomp
|move|p1b: Decidueye|Close Combat|p2a: Sinistcha
|-damage|p2a: Sinistcha|43/100
|-unboost|p1b: Decidueye|def|1
|-unboost|p1b: Decidueye|spd|1
|
|upkeep
|
|t:|1784917286
|switch|p2b: Raichu|Raichu-Mega-Y, L50, M|100/100
|switch|p1a: Oranguru|Oranguru, L50, M|18/100 par
|turn|10
|
|t:|1784917311
|move|p1b: Decidueye|Upper Hand||[still]
|-fail|p1b: Decidueye
|move|p2b: Raichu|Zap Cannon|p1b: Decidueye
|-resisted|p1b: Decidueye|1
|-damage|p1b: Decidueye|3/100
|-status|p1b: Decidueye|par
|move|p2a: Sinistcha|Matcha Gotcha|p1a: Oranguru|[spread] p1a,p1b
|-resisted|p1b: Decidueye|1
|-damage|p1a: Oranguru|2/100 par
|-heal|p2a: Sinistcha|52/100|[from] drain|[of] p1a: Oranguru
|-damage|p1b: Decidueye|0 fnt
|-heal|p2a: Sinistcha|54/100|[from] drain|[of] p1b: Decidueye
|faint|p1b: Decidueye
|move|p1a: Oranguru|Trick Room|p1a: Oranguru
|-fieldstart|move: Trick Room|[of] p1a: Oranguru
|
|upkeep
|turn|11
|
|t:|1784917339
|cant|p1a: Oranguru|par
|move|p2a: Sinistcha|Life Dew||[still]|[spread] p2a,p2b
|-heal|p2a: Sinistcha|79/100
|-fail|p2b: Raichu|heal
|move|p2b: Raichu|Zap Cannon|p1a: Oranguru
|-damage|p1a: Oranguru|0 fnt
|faint|p1a: Oranguru
|
|win|testdigi
