|j|☆glubglobs
|j|☆Rosarino
|html|glubglobsRosarino    
|uhtml|bestof|Game 1 of a best-of-3
|t:|1756216705
|gametype|doubles
|player|p1|glubglobs|cynthia|1092
|player|p2|Rosarino|drayden|1002
|gen|9
|tier|[Gen 9] VGC 2025 Reg H (Bo3)
|rated|
|rule|Species Clause: Limit one of each Pokémon
|rule|Item Clause: Limit 1 of each item
|clearpoke
|poke|p1|Primarina, L50, F|
|poke|p1|Sneasler, L50, F|
|poke|p1|Electabuzz, L50, F|
|poke|p1|Kingambit, L50, F|
|poke|p1|Dragapult, L50, M|
|poke|p1|Rillaboom, L50, F|
|poke|p2|Ribombee, L50, F|
|poke|p2|Incineroar, L50, M|
|poke|p2|Rillaboom, L50, M|
|poke|p2|Arcanine-Hisui, L50, M|
|poke|p2|Sinistcha, L50|
|poke|p2|Slowbro, L50, F|
|teampreview|4
|showteam|p1|Primarina||ThroatSpray|LiquidVoice|Protect,Haze,HyperVoice,Moonblast|||F|||50|,,,,,Poison]Sneasler||FocusSash|PoisonTouch|Protect,NightSlash,DireClaw,CloseCombat|||F|||50|,,,,,Stellar]Electabuzz||Eviolite|VitalSpirit|Protect,FollowMe,Taunt,Electroweb|||F|||50|,,,,,Fairy]Kingambit||BlackGlasses|Defiant|Protect,SwordsDance,SuckerPunch,KowtowCleave|||F|||50|,,,,,Dark]Dragapult||ChoiceBand|ClearBody|Uturn,DragonDarts,PhantomForce,Outrage|||M|||50|,,,,,Dragon]Rillaboom||AssaultVest|GrassySurge|FakeOut,Uturn,GrassyGlide,WoodHammer|||F|||50|,,,,,Fire
|showteam|p2|Ribombee||FocusSash|SweetVeil|DazzlingGleam,QuiverDance,Protect,StunSpore|||F|||50|,,,,,Water]Incineroar||RockyHelmet|Intimidate|FakeOut,KnockOff,PartingShot,FlareBlitz|||M|||50|,,,,,Grass]Rillaboom||AssaultVest|GrassySurge|FakeOut,Uturn,WoodHammer,GrassyGlide|||M|||50|,,,,,Poison]Arcanine-Hisui||LifeOrb|RockHead|FlareBlitz,Protect,RockSlide,WillOWisp|||M|||50|,,,,,Grass]Sinistcha||SitrusBerry|Hospitality|MatchaGotcha,LifeDew,RagePowder,TrickRoom||||||50|,,,,,Grass]Slowbro||Leftovers|Oblivious|Scald,TrickRoom,Protect,Psychic|||F|||50|,,,,,Dragon
|inactive|Battle timer is ON: inactive players will automatically lose when time's up. (requested by glubglobs)
|l|☆Rosarino
|inactive|Rosarino disconnected and has a minute to reconnect!
|player|p2|
|inactive|glubglobs has 60 seconds left.
|j|☆Rosarino
|inactive|Rosarino reconnected and has 50 seconds left.
|player|p2|Rosarino|drayden|
|inactive|glubglobs has 30 seconds left.
|inactive|Rosarino has 30 seconds left.
|inactive|Rosarino has 20 seconds left.
|inactive|Rosarino has 15 seconds left.
|
|t:|1756216783
|teamsize|p1|4
|teamsize|p2|4
|start
|switch|p1a: Sneasler|Sneasler, L50, F|100/100
|switch|p1b: Kingambit|Kingambit, L50, F|100/100
|switch|p2a: Incineroar|Incineroar, L50, M|100/100
|switch|p2b: Ribombee|Ribombee, L50, F|100/100
|-ability|p2a: Incineroar|Intimidate|boost
|-unboost|p1a: Sneasler|atk|1
|-unboost|p1b: Kingambit|atk|1
|-ability|p1b: Kingambit|Defiant|boost
|-boost|p1b: Kingambit|atk|2
|turn|1
|inactive|glubglobs has 30 seconds left.
|
|t:|1756216813
|move|p2a: Incineroar|Fake Out|p1a: Sneasler
|-damage|p1a: Sneasler|79/100
|move|p2b: Ribombee|Stun Spore|p1b: Kingambit
|-status|p1b: Kingambit|par
|cant|p1a: Sneasler|flinch
|move|p1b: Kingambit|Swords Dance|p1b: Kingambit
|-boost|p1b: Kingambit|atk|2
|
|upkeep
|turn|2
|inactive|Rosarino has 30 seconds left.
|
|t:|1756216846
|-terastallize|p1b: Kingambit|Dark
|move|p2b: Ribombee|Quiver Dance|p2b: Ribombee
|-boost|p2b: Ribombee|spa|1
|-boost|p2b: Ribombee|spd|1
|-boost|p2b: Ribombee|spe|1
|move|p1a: Sneasler|Dire Claw|p2b: Ribombee
|-supereffective|p2b: Ribombee
|-enditem|p2b: Ribombee|Focus Sash
|-damage|p2b: Ribombee|1/100
|-block|p2b: Ribombee|ability: Sweet Veil|[of] p2b: Ribombee
|move|p2a: Incineroar|Parting Shot|p1a: Sneasler
|-unboost|p1a: Sneasler|atk|1
|-unboost|p1a: Sneasler|spa|1
|
|t:|1756216861
|switch|p2a: Rillaboom|Rillaboom, L50, M|100/100|[from] Parting Shot
|-fieldstart|move: Grassy Terrain|[from] ability: Grassy Surge|[of] p2a: Rillaboom
|move|p1b: Kingambit|Kowtow Cleave|p2a: Rillaboom
|-damage|p2a: Rillaboom|0 fnt
|faint|p2a: Rillaboom
|
|-heal|p2b: Ribombee|7/100|[from] Grassy Terrain
|-heal|p1a: Sneasler|84/100|[from] Grassy Terrain
|upkeep
|
|t:|1756216869
|switch|p2a: Incineroar|Incineroar, L50, M|100/100
|-ability|p2a: Incineroar|Intimidate|boost
|-unboost|p1a: Sneasler|atk|1
|-unboost|p1b: Kingambit|atk|1
|-ability|p1b: Kingambit|Defiant|boost
|-boost|p1b: Kingambit|atk|2
|turn|3
|
|t:|1756216886
|switch|p1a: Primarina|Primarina, L50, F|100/100
|move|p2a: Incineroar|Fake Out|p1b: Kingambit
|-damage|p1b: Kingambit|92/100 par
|cant|p1b: Kingambit|flinch
|move|p2b: Ribombee|Dazzling Gleam|p1a: Primarina|[spread] p1a,p1b
|-supereffective|p1b: Kingambit
|-damage|p1a: Primarina|67/100
|-damage|p1b: Kingambit|12/100 par
|
|-heal|p2b: Ribombee|13/100|[from] Grassy Terrain
|-heal|p1a: Primarina|73/100|[from] Grassy Terrain
|-heal|p1b: Kingambit|18/100 par|[from] Grassy Terrain
|upkeep
|turn|4
|inactive|Rosarino has 30 seconds left.
|
|t:|1756216918
|-terastallize|p2a: Incineroar|Grass
|move|p1b: Kingambit|Sucker Punch|p2b: Ribombee
|-resisted|p2b: Ribombee
|-damage|p2b: Ribombee|0 fnt
|faint|p2b: Ribombee
|move|p1a: Primarina|Hyper Voice|p2a: Incineroar
|-resisted|p2a: Incineroar
|-damage|p2a: Incineroar|79/100
|-enditem|p1a: Primarina|Throat Spray
|-boost|p1a: Primarina|spa|1|[from] item: Throat Spray
|move|p2a: Incineroar|Parting Shot|p1a: Primarina
|-unboost|p1a: Primarina|atk|1
|-unboost|p1a: Primarina|spa|1
|
|t:|1756216931
|switch|p2a: Sinistcha|Sinistcha, L50|100/100|[from] Parting Shot
|
|-heal|p1a: Primarina|79/100|[from] Grassy Terrain
|-heal|p1b: Kingambit|24/100 par|[from] Grassy Terrain
|upkeep
|
|t:|1756216934
|switch|p2b: Incineroar|Incineroar, L50, M, tera:Grass|79/100
|-ability|p2b: Incineroar|Intimidate|boost
|-unboost|p1a: Primarina|atk|1
|-unboost|p1b: Kingambit|atk|1
|-ability|p1b: Kingambit|Defiant|boost
|-boost|p1b: Kingambit|atk|2
|turn|5
|
|t:|1756216955
|move|p2b: Incineroar|Fake Out|p1b: Kingambit
|-damage|p1b: Kingambit|15/100 par
|move|p2a: Sinistcha|Matcha Gotcha|p1a: Primarina|[spread] p1a,p1b
|-supereffective|p1a: Primarina
|-damage|p1a: Primarina|13/100
|-damage|p1b: Kingambit|0 fnt
|faint|p1b: Kingambit
|move|p1a: Primarina|Moonblast|p2a: Sinistcha
|-damage|p2a: Sinistcha|48/100
|-unboost|p2a: Sinistcha|spa|1
|-enditem|p2a: Sinistcha|Sitrus Berry|[eat]
|-heal|p2a: Sinistcha|73/100|[from] item: Sitrus Berry
|
|-heal|p2a: Sinistcha|79/100|[from] Grassy Terrain
|-heal|p1a: Primarina|19/100|[from] Grassy Terrain
|-heal|p2b: Incineroar|85/100|[from] Grassy Terrain
|upkeep
|
|t:|1756216972
|switch|p1b: Sneasler|Sneasler, L50, F|84/100
|turn|6
|
|t:|1756216988
|move|p1b: Sneasler|Dire Claw|p2b: Incineroar
|-supereffective|p2b: Incineroar
|-damage|p2b: Incineroar|2/100
|-status|p2b: Incineroar|psn
|-damage|p1b: Sneasler|68/100|[from] item: Rocky Helmet|[of] p2b: Incineroar
|move|p2a: Sinistcha|Matcha Gotcha|p1a: Primarina|[spread] p1a,p1b
|-supereffective|p1a: Primarina
|-resisted|p1b: Sneasler
|-damage|p1a: Primarina|0 fnt
|-heal|p2a: Sinistcha|92/100|[from] drain|[of] p1a: Primarina
|-damage|p1b: Sneasler|49/100
|-heal|p2a: Sinistcha|100/100|[from] drain|[of] p1b: Sneasler
|-status|p1b: Sneasler|brn
|faint|p1a: Primarina
|move|p2b: Incineroar|Flare Blitz|p1b: Sneasler
|-damage|p1b: Sneasler|0 fnt
|faint|p1b: Sneasler
|-damage|p2b: Incineroar|0 fnt|[from] Recoil
|faint|p2b: Incineroar
|
|-fieldend|move: Grassy Terrain
|upkeep
|
|t:|1756217009
|switch|p1b: Electabuzz|Electabuzz, L50, F|100/100
|turn|7
|
|t:|1756217017
|move|p1b: Electabuzz|Electroweb|p2a: Sinistcha
|-resisted|p2a: Sinistcha
|-damage|p2a: Sinistcha|90/100
|-unboost|p2a: Sinistcha|spe|1
|move|p2a: Sinistcha|Matcha Gotcha|p1b: Electabuzz
|-damage|p1b: Electabuzz|80/100
|-heal|p2a: Sinistcha|100/100|[from] drain|[of] p1b: Electabuzz
|-status|p1b: Electabuzz|brn
|
|-damage|p1b: Electabuzz|74/100 brn|[from] brn
|upkeep
|turn|8
|
|t:|1756217037
|move|p1b: Electabuzz|Electroweb|p2a: Sinistcha
|-resisted|p2a: Sinistcha
|-damage|p2a: Sinistcha|90/100
|-unboost|p2a: Sinistcha|spe|1
|move|p2a: Sinistcha|Trick Room|p2a: Sinistcha
|-fieldstart|move: Trick Room|[of] p2a: Sinistcha
|
|-damage|p1b: Electabuzz|68/100 brn|[from] brn
|upkeep
|turn|9
|
|t:|1756217048
|move|p2a: Sinistcha|Matcha Gotcha|p1b: Electabuzz
|-damage|p1b: Electabuzz|45/100 brn
|-heal|p2a: Sinistcha|100/100|[from] drain|[of] p1b: Electabuzz
|move|p1b: Electabuzz|Taunt|p2a: Sinistcha
|-start|p2a: Sinistcha|move: Taunt
|
|-damage|p1b: Electabuzz|39/100 brn|[from] brn
|upkeep
|turn|10
|
|t:|1756217060
|move|p2a: Sinistcha|Matcha Gotcha|p1b: Electabuzz
|-damage|p1b: Electabuzz|18/100 brn
|move|p1b: Electabuzz|Electroweb|p2a: Sinistcha
|-resisted|p2a: Sinistcha
|-damage|p2a: Sinistcha|90/100
|-unboost|p2a: Sinistcha|spe|1
|
|-damage|p1b: Electabuzz|12/100 brn|[from] brn
|upkeep
|turn|11
|
|t:|1756217072
|move|p2a: Sinistcha|Matcha Gotcha|p1b: Electabuzz|[miss]
|-miss|p2a: Sinistcha|p1b: Electabuzz
|move|p1b: Electabuzz|Electroweb|p2a: Sinistcha
|-resisted|p2a: Sinistcha
|-damage|p2a: Sinistcha|79/100
|-unboost|p2a: Sinistcha|spe|1
|
|-damage|p1b: Electabuzz|6/100 brn|[from] brn
|upkeep
|turn|12
|
|t:|1756217085
|move|p2a: Sinistcha|Matcha Gotcha|p1b: Electabuzz
|-damage|p1b: Electabuzz|0 fnt
|-heal|p2a: Sinistcha|83/100|[from] drain|[of] p1b: Electabuzz
|faint|p1b: Electabuzz
|
|win|Rosarino
||Rosarino is ready for game 2.
|inactive|glubglobs has 30 seconds to confirm battle start!
||glubglobs is ready for game 2.
|uhtml|next|Next: Game 2 of 3
|l|☆glubglobs
|player|p1|
|j|☆glubglobs
|player|p1|glubglobs|cynthia|
|l|☆glubglobs
|player|p1|
|j|☆glubglobs
|player|p1|glubglobs|cynthia|
