|j|☆eternatusgaming
|j|☆Midnight Crimsonn
|html|eternatusgamingMidnight Crimsonn    
|uhtml|bestof|Game 2 of a best-of-3
|t:|1783087979
|gametype|doubles
|player|p1|eternatusgaming|iono|
|player|p2|Midnight Crimsonn|acetrainerf-gen4dp|
|gen|9
|tier|[Gen 9 Champions] VGC 2026 Reg M-B (Bo3)
|rule|Species Clause: Limit one of each Pokémon
|rule|Item Clause: Limit 1 of each item
|clearpoke
|poke|p1|Pyroar, L50, M|
|poke|p1|Mamoswine, L50, M|
|poke|p1|Whimsicott, L50, M|
|poke|p1|Torkoal, L50, M, shiny|
|poke|p1|Floette-Eternal, L50, F|
|poke|p1|Basculegion, L50, M|
|poke|p2|Metagross, L50, shiny|
|poke|p2|Charizard, L50, M|
|poke|p2|Incineroar, L50, M, shiny|
|poke|p2|Garchomp, L50, F, shiny|
|poke|p2|Hydreigon, L50, F|
|poke|p2|Toxapex, L50, F, shiny|
|teampreview|4
|showteam|p1|Pyroar||Pyroarite|Unnerve|HeatWave,Overheat,WillOWisp,Protect|Modest||M|||50|]Mamoswine||FocusSash|Oblivious|IcicleCrash,IceShard,HighHorsepower,Protect|Adamant||M|||50|]Whimsicott||FairyFeather|Prankster|Moonblast,SunnyDay,Tailwind,Protect|Timid||M|||50|]Torkoal||SitrusBerry|Drought|Overheat,Yawn,HelpingHand,Protect|Modest||M|||50|]Floette-Eternal||Floettite|FlowerVeil|Moonblast,DazzlingGleam,LightofRuin,Protect|Modest||F|||50|]Basculegion||LifeOrb|Adaptability|WaveCrash,AquaJet,LastRespects,Protect|Jolly||M|||50|
|showteam|p2|Metagross||Metagrossite|ClearBody|IronHead,PsychicFangs,BodyPress,Protect|Jolly|||||50|]Charizard||CharizarditeY|Blaze|HeatWave,WeatherBall,SolarBeam,Protect|Timid||M|||50|]Incineroar||SitrusBerry|Intimidate|FlareBlitz,ThroatChop,FakeOut,PartingShot|Impish||M|||50|]Garchomp||LifeOrb|RoughSkin|Earthquake,DragonClaw,RockSlide,Protect|Jolly||F|||50|]Hydreigon||ChoiceScarf|Levitate|DracoMeteor,DarkPulse,Snarl,HeatWave|Modest||F|||50|]Toxapex||Leftovers|Regenerator|Infestation,WideGuard,Toxic,BanefulBunker|Bold||F|||50|
|inactive|Battle timer is ON: inactive players will automatically lose when time's up. (requested by Midnight Crimsonn)
|inactiveoff|Battle timer is now OFF.
|c|☆Midnight Crimsonn|i genuinely think metagross only has 3 useful teams it can play into ngl
|c|☆Midnight Crimsonn|since the meta is just zard slop or some sort of weather and stuff
|c|☆eternatusgaming|that does sound right
|
|t:|1783088067
|teamsize|p1|4
|teamsize|p2|4
|start
|switch|p1a: Basculegion|Basculegion, L50, M|100/100
|switch|p1b: Whimsicott|Whimsicott, L50, M|100/100
|switch|p2a: Hydreigon|Hydreigon, L50, F|100/100
|switch|p2b: Incineroar|Incineroar, L50, M, shiny|100/100
|-ability|p2b: Incineroar|Intimidate|boost
|-unboost|p1a: Basculegion|atk|1
|-unboost|p1b: Whimsicott|atk|1
|turn|1
|c|☆eternatusgaming|but if the other 4-5 mons can fix the other mus, then that's fine, right?
|
|t:|1783088089
|switch|p1a: Floette|Floette-Eternal, L50, F|100/100
|move|p1b: Whimsicott|Protect|p1b: Whimsicott
|-singleturn|p1b: Whimsicott|Protect
|move|p2b: Incineroar|Fake Out|p1b: Whimsicott
|-activate|p1b: Whimsicott|move: Protect
|move|p2a: Hydreigon|Snarl|p1a: Floette|[spread] p1a
|-activate|p1b: Whimsicott|move: Protect
|-resisted|p1a: Floette|1
|-damage|p1a: Floette|88/100
|-unboost|p1a: Floette|spa|1
|
|upkeep
|turn|2
|c|☆Midnight Crimsonn|i would think so yeah
|
|t:|1783088121
|switch|p2a: Charizard|Charizard, L50, M|100/100
|move|p1a: Floette|Protect|p1a: Floette
|-singleturn|p1a: Floette|Protect
|move|p1b: Whimsicott|Moonblast|p2a: Charizard
|-resisted|p2a: Charizard|1
|-damage|p2a: Charizard|73/100
|move|p2b: Incineroar|Parting Shot|p1a: Floette
|-activate|p1a: Floette|move: Protect
|
|upkeep
|turn|3
|
|t:|1783088133
|detailschange|p2a: Charizard|Charizard-Mega-Y, L50, M
|-mega|p2a: Charizard|Charizard|Charizardite Y
|-weather|SunnyDay|[from] ability: Drought|[of] p2a: Charizard
|detailschange|p1a: Floette|Floette-Mega, L50, F
|-mega|p1a: Floette|Floette|Floettite
|-ability|p1a: Floette|Fairy Aura
|move|p1b: Whimsicott|Tailwind|p1b: Whimsicott
|-sidestart|p1: eternatusgaming|move: Tailwind
|move|p1a: Floette|Moonblast|p2b: Incineroar
|-damage|p2b: Incineroar|55/100
|-unboost|p2b: Incineroar|spa|1
|move|p2a: Charizard|Heat Wave|p1a: Floette|[spread] p1b
|-miss|p2a: Charizard|p1a: Floette
|-supereffective|p1b: Whimsicott|1
|-damage|p1b: Whimsicott|0 fnt
|faint|p1b: Whimsicott
|move|p2b: Incineroar|Parting Shot|p1a: Floette
|-unboost|p1a: Floette|atk|1
|-unboost|p1a: Floette|spa|1
|
|t:|1783088153
|switch|p2b: Hydreigon|Hydreigon, L50, F|100/100|[from] Parting Shot
|
|-weather|SunnyDay|[upkeep]
|upkeep
|
|t:|1783088164
|switch|p1b: Basculegion|Basculegion, L50, M|100/100
|turn|4
|
|t:|1783088172
|switch|p2b: Incineroar|Incineroar, L50, M, shiny|55/100
|-ability|p2b: Incineroar|Intimidate|boost
|-unboost|p1a: Floette|atk|1
|-unboost|p1b: Basculegion|atk|1
|move|p2a: Charizard|Protect|p2a: Charizard
|-singleturn|p2a: Charizard|Protect
|move|p1a: Floette|Moonblast|p2b: Incineroar
|-damage|p2b: Incineroar|22/100
|-enditem|p2b: Incineroar|Sitrus Berry|[eat]
|-heal|p2b: Incineroar|47/100|[from] item: Sitrus Berry
|move|p1b: Basculegion|Wave Crash|p2a: Charizard
|-activate|p2a: Charizard|move: Protect
|
|-weather|SunnyDay|[upkeep]
|upkeep
|turn|5
|
|t:|1783088198
|move|p2b: Incineroar|Fake Out|p1a: Floette
|-damage|p1a: Floette|74/100
|cant|p1a: Floette|flinch
|move|p1b: Basculegion|Wave Crash|p2b: Incineroar
|-supereffective|p2b: Incineroar|1
|-damage|p2b: Incineroar|0 fnt
|faint|p2b: Incineroar
|-damage|p1b: Basculegion|84/100|[from] Recoil
|-damage|p1b: Basculegion|74/100|[from] item: Life Orb
|move|p2a: Charizard|Solar Beam||[still]
|-prepare|p2a: Charizard|Solar Beam
|-anim|p2a: Charizard|Solar Beam|p1b: Basculegion
|-supereffective|p1b: Basculegion|1
|-damage|p1b: Basculegion|0 fnt
|faint|p1b: Basculegion
|
|-weather|SunnyDay|[upkeep]
|upkeep
|c|☆eternatusgaming|dang, nice play
|
|t:|1783088213
|switch|p1b: Mamoswine|Mamoswine, L50, M|100/100
|switch|p2b: Garchomp|Garchomp, L50, F, shiny|100/100
|turn|6
|c|☆Midnight Crimsonn|tyty
|
|t:|1783088235
|move|p2b: Garchomp|Protect|p2b: Garchomp
|-singleturn|p2b: Garchomp|Protect
|move|p2a: Charizard|Protect|p2a: Charizard
|-singleturn|p2a: Charizard|Protect
|move|p1a: Floette|Moonblast|p2a: Charizard
|-activate|p2a: Charizard|move: Protect
|move|p1b: Mamoswine|Icicle Crash|p2a: Charizard
|-activate|p2a: Charizard|move: Protect
|
|-weather|SunnyDay|[upkeep]
|-sideend|p1: eternatusgaming|move: Tailwind
|upkeep
|turn|7
|
|t:|1783088246
|move|p1b: Mamoswine|Protect|p1b: Mamoswine
|-singleturn|p1b: Mamoswine|Protect
|move|p2b: Garchomp|Earthquake|p1b: Mamoswine|[spread] p1a
|-activate|p1b: Mamoswine|move: Protect
|-immune|p2a: Charizard
|-damage|p1a: Floette|10/100
|-damage|p2b: Garchomp|90/100|[from] item: Life Orb
|move|p2a: Charizard|Heat Wave|p1b: Mamoswine|[spread] 
|-activate|p1b: Mamoswine|move: Protect
|-miss|p2a: Charizard|p1a: Floette
|move|p1a: Floette|Light of Ruin|p2a: Charizard
|-resisted|p2a: Charizard|1
|-damage|p2a: Charizard|47/100
|-damage|p1a: Floette|0 fnt|[from] Recoil
|faint|p1a: Floette
|
|-weather|none
|upkeep
|turn|8
|c|☆Midnight Crimsonn|damm it XD
|c|☆eternatusgaming|u still win
|c|☆Midnight Crimsonn|yeah i think so too
|
|t:|1783088271
|move|p2b: Garchomp|Dragon Claw|p1b: Mamoswine
|-damage|p1b: Mamoswine|32/100
|-damage|p2b: Garchomp|80/100|[from] item: Life Orb
|move|p2a: Charizard|Heat Wave|p1b: Mamoswine|[miss]
|-miss|p2a: Charizard|p1b: Mamoswine
|move|p1b: Mamoswine|Icicle Crash|p2a: Charizard
|-damage|p2a: Charizard|0 fnt
|faint|p2a: Charizard
|
|upkeep
|
|t:|1783088279
|switch|p2a: Hydreigon|Hydreigon, L50, F|100/100
|turn|9
|c|☆Midnight Crimsonn|if that was my last mon then i would of cried
|c|☆eternatusgaming|s
|
|t:|1783088293
|move|p1b: Mamoswine|Ice Shard|p2b: Garchomp
|-supereffective|p2b: Garchomp|2
|-damage|p2b: Garchomp|0 fnt
|faint|p2b: Garchomp
|move|p2a: Hydreigon|Dark Pulse|p1b: Mamoswine
|-damage|p1b: Mamoswine|0 fnt
|faint|p1b: Mamoswine
|
|win|Midnight Crimsonn
|c|☆eternatusgaming|fs*
|c|☆Midnight Crimsonn|i guess we can try the big 6 if you wanna
|c|☆eternatusgaming|yeah let's do that
|c|☆Midnight Crimsonn|i'll send these into the server for now tho
|l|☆eternatusgaming
|player|p1|
