|j|☆the cereal spoon
|j|☆BiomboVGC
|html|the cereal spoonBiomboVGC    
|uhtml|bestof|Game 3 of a best-of-3
|t:|1755655774
|gametype|doubles
|player|p1|the cereal spoon|2|1161
|player|p2|BiomboVGC|will|1351
|gen|9
|tier|[Gen 9] VGC 2025 Reg H (Bo3)
|rated|
|rule|Species Clause: Limit one of each Pokémon
|rule|Item Clause: Limit 1 of each item
|clearpoke
|poke|p1|Talonflame, L50, F|
|poke|p1|Garchomp, L50, F|
|poke|p1|Tyranitar, L50, F|
|poke|p1|Gholdengo, L50|
|poke|p1|Annihilape, L50, M|
|poke|p1|Amoonguss, L50, F|
|poke|p2|Maushold-Four, L50|
|poke|p2|Annihilape, L50, M|
|poke|p2|Rillaboom, L50, M|
|poke|p2|Arcanine-Hisui, L50, M|
|poke|p2|Talonflame, L50, M|
|poke|p2|Gallade, L50, M|
|teampreview|4
|showteam|p1|Talonflame||CovertCloak|GaleWings|DualWingbeat,Tailwind,Taunt,WillOWisp|||F|||50|,,,,,Ghost]Garchomp||LifeOrb|RoughSkin|Earthquake,DragonClaw,StompingTantrum,Protect|||F|||50|,,,,,Steel]Tyranitar||AssaultVest|SandStream|RockSlide,KnockOff,TeraBlast,LowKick|||F|||50|,,,,,Flying]Gholdengo||ChoiceSpecs|GoodasGold|MakeItRain,ShadowBall,PowerGem,DazzlingGleam||||||50|,,,,,Fairy]Annihilape||SafetyGoggles|Defiant|RageFist,CloseCombat,FinalGambit,Protect|||M|||50|,,,,,Water]Amoonguss||SitrusBerry|Regenerator|Spore,RagePowder,SludgeBomb,Protect|||F|||50|,,,,,Fairy
|showteam|p2|Maushold-Four||SafetyGoggles|FriendGuard|Protect,FollowMe,Taunt,BeatUp||||||50|,,,,,Ghost]Annihilape||Leftovers|Defiant|Protect,BulkUp,RageFist,DrainPunch|||M|||50|,,,,,Fire]Rillaboom||LoadedDice|GrassySurge|FakeOut,GrassyGlide,BulletSeed,Uturn|||M|||50|,,,,,Grass]Arcanine-Hisui||ChoiceBand|RockHead|HeadSmash,ExtremeSpeed,FlareBlitz,RockSlide|||M|||50|,,,,,Ghost]Talonflame||CovertCloak|GaleWings|BraveBird,Tailwind,Taunt,FlareBlitz|||M|||50|,,,,,Grass]Gallade||FocusSash|Sharpness|Protect,SacredSword,PsychoCut,NightSlash|||M|||50|,,,,,Stellar
|inactive|Battle timer is ON: inactive players will automatically lose when time's up. (requested by BiomboVGC)
|j| spicy rider
|l| spicy rider
|
|t:|1755655815
|teamsize|p1|4
|teamsize|p2|4
|start
|switch|p1a: Talonflame|Talonflame, L50, F|100/100
|switch|p1b: Garchomp|Garchomp, L50, F|100/100
|switch|p2a: ラベンダー|Rillaboom, L50, M|100/100
|switch|p2b: 沁み込む|Arcanine-Hisui, L50, M|100/100
|-fieldstart|move: Grassy Terrain|[from] ability: Grassy Surge|[of] p2a: ラベンダー
|turn|1
|j| spicy rider
|inactive|BiomboVGC has 30 seconds left.
|l| spicy rider
|
|t:|1755655847
|move|p1b: Garchomp|Protect|p1b: Garchomp
|-singleturn|p1b: Garchomp|Protect
|move|p2a: ラベンダー|Fake Out|p1b: Garchomp
|-activate|p1b: Garchomp|move: Protect
|move|p1a: Talonflame|Tailwind|p1a: Talonflame
|-sidestart|p1: the cereal spoon|move: Tailwind
|move|p2b: 沁み込む|Rock Slide|p1b: Garchomp|[spread] p1a
|-activate|p1b: Garchomp|move: Protect
|-supereffective|p1a: Talonflame
|-damage|p1a: Talonflame|0 fnt
|faint|p1a: Talonflame
|
|upkeep
|
|t:|1755655864
|switch|p1a: Gholdengo|Gholdengo, L50|100/100
|turn|2
|
|t:|1755655878
|move|p2a: ラベンダー|Grassy Glide|p1b: Garchomp
|-damage|p1b: Garchomp|56/100
|-damage|p2a: ラベンダー|88/100|[from] ability: Rough Skin|[of] p1b: Garchomp
|move|p1b: Garchomp|Dragon Claw|p2b: 沁み込む
|-damage|p2b: 沁み込む|36/100
|-damage|p1b: Garchomp|47/100|[from] item: Life Orb
|move|p1a: Gholdengo|Make It Rain|p2b: 沁み込む|[spread] p2a,p2b
|-damage|p2a: ラベンダー|6/100
|-damage|p2b: 沁み込む|0 fnt
|-unboost|p1a: Gholdengo|spa|1
|faint|p2b: 沁み込む
|
|-heal|p1b: Garchomp|53/100|[from] Grassy Terrain
|-heal|p2a: ラベンダー|12/100|[from] Grassy Terrain
|upkeep
|
|t:|1755655893
|switch|p2b: アンコールダンス|Talonflame, L50, M|100/100
|turn|3
|
|t:|1755655902
|-terastallize|p2a: ラベンダー|Grass
|move|p1b: Garchomp|Protect|p1b: Garchomp
|-singleturn|p1b: Garchomp|Protect
|move|p2b: アンコールダンス|Tailwind|p2b: アンコールダンス
|-sidestart|p2: BiomboVGC|move: Tailwind
|move|p2a: ラベンダー|Grassy Glide|p1b: Garchomp
|-activate|p1b: Garchomp|move: Protect
|move|p1a: Gholdengo|Make It Rain|p2b: アンコールダンス|[spread] p2a,p2b
|-resisted|p2b: アンコールダンス
|-damage|p2a: ラベンダー|0 fnt
|-damage|p2b: アンコールダンス|63/100
|-unboost|p1a: Gholdengo|spa|1
|faint|p2a: ラベンダー
|
|-heal|p1b: Garchomp|59/100|[from] Grassy Terrain
|upkeep
|
|t:|1755655906
|switch|p2a: サイエンス|Gallade, L50, M|100/100
|turn|4
|
|t:|1755655929
|move|p2b: アンコールダンス|Flare Blitz|p1a: Gholdengo
|-supereffective|p1a: Gholdengo
|-damage|p1a: Gholdengo|0 fnt
|faint|p1a: Gholdengo
|-damage|p2b: アンコールダンス|28/100|[from] Recoil
|move|p1b: Garchomp|Dragon Claw|p2b: アンコールダンス
|-damage|p2b: アンコールダンス|0 fnt
|faint|p2b: アンコールダンス
|-damage|p1b: Garchomp|49/100|[from] item: Life Orb
|move|p2a: サイエンス|Psycho Cut|p1b: Garchomp
|-damage|p1b: Garchomp|0 fnt
|faint|p1b: Garchomp
|
|-sideend|p1: the cereal spoon|move: Tailwind
|upkeep
|
|t:|1755655939
|switch|p1a: Annihilape|Annihilape, L50, M|100/100
|turn|5
|
|t:|1755655958
|-terastallize|p1a: Annihilape|Water
|move|p2a: サイエンス|Psycho Cut|p1a: Annihilape
|-damage|p1a: Annihilape|43/100
|move|p1a: Annihilape|Rage Fist|p2a: サイエンス
|-supereffective|p2a: サイエンス
|-enditem|p2a: サイエンス|Focus Sash
|-damage|p2a: サイエンス|1/100
|
|-heal|p2a: サイエンス|7/100|[from] Grassy Terrain
|-heal|p1a: Annihilape|49/100|[from] Grassy Terrain
|-fieldend|move: Grassy Terrain
|upkeep
|turn|6
|
|t:|1755655972
|move|p1a: Annihilape|Protect|p1a: Annihilape
|-singleturn|p1a: Annihilape|Protect
|move|p2a: サイエンス|Psycho Cut|p1a: Annihilape
|-activate|p1a: Annihilape|move: Protect
|
|-sideend|p2: BiomboVGC|move: Tailwind
|upkeep
|turn|7
|
|t:|1755655975
|move|p1a: Annihilape|Rage Fist|p2a: サイエンス
|-supereffective|p2a: サイエンス
|-damage|p2a: サイエンス|0 fnt
|faint|p2a: サイエンス
|
|win|the cereal spoon
|raw|the cereal spoon's rating: 1161 → 1198(+37 for winning)
|raw|BiomboVGC's rating: 1351 → 1321(-30 for losing)
|c|☆the cereal spoon|gg
|c|☆the cereal spoon|very cool team
|c|☆BiomboVGC|GG
