|j|☆Curebo
|j|☆dandetheheartless
|html|Curebodandetheheartless    
|uhtml|bestof|Game 1 of a best-of-3
|t:|1783021982
|gametype|doubles
|player|p1|Curebo|clay|1311
|player|p2|dandetheheartless|winona|1305
|gen|9
|tier|[Gen 9 Champions] VGC 2026 Reg M-B (Bo3)
|rated|
|rule|Species Clause: Limit one of each Pokémon
|rule|Item Clause: Limit 1 of each item
|clearpoke
|poke|p1|Excadrill, L50, F|
|poke|p1|Tyranitar, L50, F|
|poke|p1|Corviknight, L50, M|
|poke|p1|Hydreigon, L50, F|
|poke|p1|Scovillain, L50, F|
|poke|p1|Houndstone, L50, F|
|poke|p2|Raichu, L50, F|
|poke|p2|Gholdengo, L50|
|poke|p2|Basculegion, L50, M|
|poke|p2|Whimsicott, L50, M|
|poke|p2|Incineroar, L50, M|
|poke|p2|Ninetales-Alola, L50, F|
|teampreview|4
|showteam|p1|Excadrill||FocusSash|SandRush|Earthquake,IronHead,RockSlide,Protect|Adamant||F|||50|]Tyranitar||Tyranitarite|SandStream|KnockOff,RockSlide,Protect,LowKick|Adamant||F|||50|]Corviknight||Leftovers|MirrorArmor|BraveBird,BulkUp,Tailwind,Roost|Careful||M|||50|]Hydreigon||ChoiceScarf|Levitate|DracoMeteor,DarkPulse,HeatWave,Snarl|Modest||F|||50|]Scovillain||Scovillainite|Moody|Overheat,GigaDrain,RagePowder,Protect|Calm||F|||50|]Houndstone||SitrusBerry|SandRush|LastRespects,BodyPress,WillOWisp,Protect|Adamant||F|||50|
|showteam|p2|Raichu||RaichuniteY|LightningRod|ZapCannon,FocusBlast,FakeOut,Protect|Timid||F|||50|]Gholdengo||LifeOrb|GoodasGold|ShadowBall,MakeItRain,NastyPlot,Protect|Modest|||||50|]Basculegion||MysticWater|Adaptability|WaveCrash,AquaJet,LastRespects,Protect|Adamant||M|||50|]Whimsicott||FocusSash|Prankster|Moonblast,Tailwind,Encore,Protect|Timid||M|||50|]Incineroar||SitrusBerry|Intimidate|FakeOut,PartingShot,ThroatChop,FlareBlitz|Impish||M|||50|]Ninetales-Alola||NeverMeltIce|SnowWarning|Blizzard,FreezeDry,AuroraVeil,Protect|Timid||F|||50|
|inactive|Battle timer is ON: inactive players will automatically lose when time's up. (requested by dandetheheartless)
|inactive|Curebo also wants the timer to be on.
|inactive|Curebo has 60 seconds left.
|inactive|Curebo has 30 seconds left.
|
|t:|1783022044
|teamsize|p1|4
|teamsize|p2|4
|start
|switch|p1a: Tyranitar|Tyranitar, L50, F|100/100
|switch|p1b: Excadrill|Excadrill, L50, F|100/100
|switch|p2a: Ninetales|Ninetales-Alola, L50, F|100/100
|switch|p2b: Flair Expert|Incineroar, L50, M|100/100
|-weather|Snowscape|[from] ability: Snow Warning|[of] p2a: Ninetales
|-weather|Sandstorm|[from] ability: Sand Stream|[of] p1a: Tyranitar
|-ability|p2b: Flair Expert|Intimidate|boost
|-unboost|p1a: Tyranitar|atk|1
|-unboost|p1b: Excadrill|atk|1
|turn|1
|inactive|Curebo has 30 seconds left.
|
|t:|1783022071
|switch|p2a: Rai Y|Raichu, L50, F|100/100
|move|p2b: Flair Expert|Fake Out|p1b: Excadrill
|-resisted|p1b: Excadrill|1
|-damage|p1b: Excadrill|92/100
|cant|p1b: Excadrill|flinch
|move|p1a: Tyranitar|Rock Slide|p2b: Flair Expert|[spread] p2b
|-miss|p1a: Tyranitar|p2a: Rai Y
|-supereffective|p2b: Flair Expert|1
|-damage|p2b: Flair Expert|69/100
|
|-weather|Sandstorm|[upkeep]
|-damage|p2a: Rai Y|93/100|[from] Sandstorm
|-damage|p2b: Flair Expert|63/100|[from] Sandstorm
|upkeep
|turn|2
|inactive|Curebo has 30 seconds left.
|
|t:|1783022106
|detailschange|p2a: Rai Y|Raichu-Mega-Y, L50, F
|-mega|p2a: Rai Y|Raichu|Raichunite Y
|detailschange|p1a: Tyranitar|Tyranitar-Mega, L50, F
|-mega|p1a: Tyranitar|Tyranitar|Tyranitarite
|move|p1a: Tyranitar|Protect|p1a: Tyranitar
|-singleturn|p1a: Tyranitar|Protect
|move|p2a: Rai Y|Fake Out|p1b: Excadrill
|-resisted|p1b: Excadrill|1
|-damage|p1b: Excadrill|86/100
|cant|p1b: Excadrill|flinch
|move|p2b: Flair Expert|Parting Shot|p1a: Tyranitar
|-activate|p1a: Tyranitar|move: Protect
|
|-weather|Sandstorm|[upkeep]
|-damage|p2a: Rai Y|87/100|[from] Sandstorm
|-damage|p2b: Flair Expert|57/100|[from] Sandstorm
|upkeep
|turn|3
|
|t:|1783022133
|switch|p1a: Scovillain|Scovillain, L50, F|100/100
|switch|p2b: Ninetales|Ninetales-Alola, L50, F|100/100
|-weather|Snowscape|[from] ability: Snow Warning|[of] p2b: Ninetales
|move|p1b: Excadrill|Protect|p1b: Excadrill
|-singleturn|p1b: Excadrill|Protect
|move|p2a: Rai Y|Focus Blast|p1a: Scovillain
|-damage|p1a: Scovillain|54/100
|
|-weather|Snowscape|[upkeep]
|-ability|p1a: Scovillain|Moody|boost
|-boost|p1a: Scovillain|spa|2
|-unboost|p1a: Scovillain|spe|1
|upkeep
|turn|4
|inactive|Curebo has 30 seconds left.
|inactive|Curebo has 20 seconds left.
|inactive|Curebo has 15 seconds left.
|inactive|dandetheheartless has 30 seconds left.
|
|t:|1783022180
|switch|p2b: Basculegion|Basculegion, L50, M|100/100
|switch|p1a: Tyranitar|Tyranitar-Mega, L50, F|100/100
|-weather|Sandstorm|[from] ability: Sand Stream|[of] p1a: Tyranitar
|move|p2a: Rai Y|Protect|p2a: Rai Y
|-singleturn|p2a: Rai Y|Protect
|move|p1b: Excadrill|Rock Slide|p2a: Rai Y|[spread] p2b
|-activate|p2a: Rai Y|move: Protect
|-damage|p2b: Basculegion|84/100
|
|-weather|Sandstorm|[upkeep]
|-damage|p2a: Rai Y|81/100|[from] Sandstorm
|-damage|p2b: Basculegion|78/100|[from] Sandstorm
|upkeep
|turn|5
|inactive|Curebo has 30 seconds left.
|
|t:|1783022209
|switch|p1b: Scovillain|Scovillain, L50, F|54/100
|switch|p2b: Ninetales|Ninetales-Alola, L50, F|100/100
|-weather|Snowscape|[from] ability: Snow Warning|[of] p2b: Ninetales
|move|p1a: Tyranitar|Protect|p1a: Tyranitar
|-singleturn|p1a: Tyranitar|Protect
|move|p2a: Rai Y|Focus Blast|p1a: Tyranitar
|-activate|p1a: Tyranitar|move: Protect
|
|-weather|Snowscape|[upkeep]
|-ability|p1b: Scovillain|Moody|boost
|-boost|p1b: Scovillain|spa|2
|-unboost|p1b: Scovillain|def|1
|upkeep
|turn|6
|inactive|Curebo has 30 seconds left.
|
|t:|1783022244
|move|p1b: Scovillain|Rage Powder|p1b: Scovillain
|-singleturn|p1b: Scovillain|move: Rage Powder
|move|p2a: Rai Y|Focus Blast|p1b: Scovillain
|-crit|p1b: Scovillain
|-damage|p1b: Scovillain|0 fnt
|faint|p1b: Scovillain
|move|p2b: Ninetales|Blizzard|p1a: Tyranitar
|-damage|p1a: Tyranitar|61/100
|move|p1a: Tyranitar|Knock Off|p2a: Rai Y
|-damage|p2a: Rai Y|10/100
|
|-weather|Snowscape|[upkeep]
|upkeep
|
|t:|1783022262
|switch|p1b: Hydreigon|Hydreigon, L50, F|100/100
|turn|7
|
|t:|1783022279
|switch|p2a: Flair Expert|Incineroar, L50, M|57/100
|-ability|p2a: Flair Expert|Intimidate|boost
|-unboost|p1a: Tyranitar|atk|1
|-unboost|p1b: Hydreigon|atk|1
|switch|p1a: Excadrill|Excadrill, L50, F|86/100
|move|p1b: Hydreigon|Heat Wave|p2b: Ninetales|[spread] p2a,p2b
|-resisted|p2a: Flair Expert|1
|-supereffective|p2b: Ninetales|1
|-damage|p2a: Flair Expert|45/100
|-damage|p2b: Ninetales|44/100
|-enditem|p2a: Flair Expert|Sitrus Berry|[eat]
|-heal|p2a: Flair Expert|70/100|[from] item: Sitrus Berry
|move|p2b: Ninetales|Blizzard|p1b: Hydreigon|[spread] p1a,p1b
|-supereffective|p1b: Hydreigon|1
|-damage|p1a: Excadrill|33/100
|-damage|p1b: Hydreigon|8/100
|
|-weather|Snowscape|[upkeep]
|upkeep
|turn|8
|inactive|Curebo has 30 seconds left.
|inactive|dandetheheartless has 30 seconds left.
|
|t:|1783022309
|switch|p2b: Basculegion|Basculegion, L50, M|78/100
|move|p2a: Flair Expert|Fake Out|p1a: Excadrill
|-resisted|p1a: Excadrill|1
|-damage|p1a: Excadrill|26/100
|move|p1b: Hydreigon|Heat Wave|p2b: Basculegion|[spread] p2a,p2b
|-resisted|p2a: Flair Expert|1
|-resisted|p2b: Basculegion|1
|-damage|p2a: Flair Expert|58/100
|-damage|p2b: Basculegion|64/100
|cant|p1a: Excadrill|flinch
|
|-weather|Snowscape|[upkeep]
|upkeep
|turn|9
|inactive|Curebo has 30 seconds left.
|
|t:|1783022340
|move|p2b: Basculegion|Aqua Jet|p1a: Excadrill
|-supereffective|p1a: Excadrill|1
|-damage|p1a: Excadrill|0 fnt
|faint|p1a: Excadrill
|move|p1b: Hydreigon|Heat Wave|p2a: Flair Expert|[spread] p2a,p2b
|-resisted|p2a: Flair Expert|1
|-resisted|p2b: Basculegion|1
|-damage|p2a: Flair Expert|48/100
|-damage|p2b: Basculegion|50/100g
|move|p2a: Flair Expert|Parting Shot|p1b: Hydreigon
|-unboost|p1b: Hydreigon|atk|1
|-unboost|p1b: Hydreigon|spa|1
|
|t:|1783022346
|switch|p2a: Rai Y|Raichu-Mega-Y, L50, F|10/100|[from] Parting Shot
|
|-weather|none
|upkeep
|
|t:|1783022348
|switch|p1a: Tyranitar|Tyranitar-Mega, L50, F|61/100
|-weather|Sandstorm|[from] ability: Sand Stream|[of] p1a: Tyranitar
|turn|10
|
|t:|1783022357
|move|p2a: Rai Y|Fake Out|p1a: Tyranitar
|-resisted|p1a: Tyranitar|1
|-damage|p1a: Tyranitar|58/100
|move|p2b: Basculegion|Aqua Jet|p1b: Hydreigon
|-resisted|p1b: Hydreigon|1
|-damage|p1b: Hydreigon|0 fnt
|faint|p1b: Hydreigon
|cant|p1a: Tyranitar|flinch
|
|-weather|Sandstorm|[upkeep]
|-damage|p2a: Rai Y|3/100|[from] Sandstorm
|-damage|p2b: Basculegion|44/100|[from] Sandstorm
|upkeep
|turn|11
|
|t:|1783022363
|switch|p2b: Ninetales|Ninetales-Alola, L50, F|44/100
|-weather|Snowscape|[from] ability: Snow Warning|[of] p2b: Ninetales
|move|p1a: Tyranitar|Protect|p1a: Tyranitar
|-singleturn|p1a: Tyranitar|Protect
|move|p2a: Rai Y|Focus Blast|p1a: Tyranitar
|-activate|p1a: Tyranitar|move: Protect
|
|-weather|Snowscape|[upkeep]
|upkeep
|turn|12
|
|t:|1783022367
|move|p2a: Rai Y|Focus Blast|p1a: Tyranitar
|-supereffective|p1a: Tyranitar|2
|-damage|p1a: Tyranitar|0 fnt
|faint|p1a: Tyranitar
|
|win|dandetheheartless
||dandetheheartless is ready for game 2.
|inactive|Curebo has 30 seconds to confirm battle start!
||Curebo is ready for game 2.
|uhtml|next|Next: Game 2 of 3
