|j|☆m111naaaa
|j|☆ryoshino19
|html|m111naaaaryoshino19    
|uhtml|bestof|Game 1 of a best-of-3
|t:|1756309893
|gametype|doubles
|player|p1|m111naaaa|jasmine|1144
|player|p2|ryoshino19|101|1214
|gen|9
|tier|[Gen 9] VGC 2025 Reg H (Bo3)
|rated|
|rule|Species Clause: Limit one of each Pokémon
|rule|Item Clause: Limit 1 of each item
|clearpoke
|poke|p1|Kilowattrel, L50, M|
|poke|p1|Amoonguss, L50, F|
|poke|p1|Incineroar, L50, M|
|poke|p1|Porygon2, L50|
|poke|p1|Gholdengo, L50|
|poke|p1|Ursaluna, L50, F|
|poke|p2|Gholdengo, L50|
|poke|p2|Rillaboom, L50, F|
|poke|p2|Incineroar, L50, F|
|poke|p2|Porygon2, L50|
|poke|p2|Garchomp, L50, M|
|poke|p2|Clefable, L50, F|
|teampreview|4
|showteam|p1|Kilowattrel||FocusSash|Competitive|Thunderbolt,AirSlash,Tailwind,Protect|||M|||50|,,,,,Ghost]Amoonguss||SitrusBerry|Regenerator|PollenPuff,Spore,RagePowder,Protect|||F|||50|,,,,,Water]Incineroar||SafetyGoggles|Intimidate|FakeOut,FlareBlitz,KnockOff,PartingShot|||M|||50|,,,,,Ghost]Porygon2||Eviolite|Download|TeraBlast,IceBeam,Recover,TrickRoom||||||50|,,,,,Fighting]Gholdengo||MetalCoat|GoodasGold|MakeItRain,ShadowBall,NastyPlot,Protect||||||50|,,,,,Flying]Ursaluna||FlameOrb|Guts|Facade,HeadlongRush,Earthquake,Protect|||F|||50|,,,,,Ghost
|showteam|p2|Gholdengo||Leftovers|GoodasGold|MakeItRain,ShadowBall,NastyPlot,Protect||||||50|,,,,,Water]Rillaboom||AssaultVest|GrassySurge|DrumBeating,GrassyGlide,Uturn,FakeOut|||F|||50|,,,,,Fire]Incineroar||SafetyGoggles|Intimidate|FlareBlitz,KnockOff,PartingShot,FakeOut|||F|||50|,,,,,Ghost]Porygon2||Eviolite|Download|TeraBlast,IceBeam,Recover,TrickRoom||||||50|,,,,,Fighting]Garchomp||LifeOrb|RoughSkin|StompingTantrum,DragonClaw,RockSlide,Protect|||M|||50|,,,,,Fairy]Clefable||RockyHelmet|Unaware|Moonblast,FollowMe,Encore,Protect|||F|||50|,,,,,Ground
|inactive|Battle timer is ON: inactive players will automatically lose when time's up. (requested by ryoshino19)
|inactive|m111naaaa has 60 seconds left.
|
|t:|1756309932
|teamsize|p1|4
|teamsize|p2|4
|start
|switch|p1a: Kilowattrel|Kilowattrel, L50, M|100/100
|switch|p1b: Gholdengo|Gholdengo, L50|100/100
|switch|p2a: Gholdengo|Gholdengo, L50|100/100
|switch|p2b: Clefable|Clefable, L50, F|100/100
|turn|1
|
|t:|1756309945
|-terastallize|p2a: Gholdengo|Water
|move|p1b: Gholdengo|Protect|p1b: Gholdengo
|-singleturn|p1b: Gholdengo|Protect
|move|p1a: Kilowattrel|Tailwind|p1a: Kilowattrel
|-sidestart|p1: m111naaaa|move: Tailwind
|move|p2a: Gholdengo|Make It Rain|p1a: Kilowattrel|[spread] p1a
|-activate|p1b: Gholdengo|move: Protect
|-resisted|p1a: Kilowattrel
|-damage|p1a: Kilowattrel|57/100
|-unboost|p2a: Gholdengo|spa|1
|move|p2b: Clefable|Moonblast|p1a: Kilowattrel
|-damage|p1a: Kilowattrel|0 fnt
|faint|p1a: Kilowattrel
|
|upkeep
|
|t:|1756309958
|switch|p1a: Amoonguss|Amoonguss, L50, F|100/100
|turn|2
|
|t:|1756309972
|switch|p2b: Incineroar|Incineroar, L50, F, shiny|100/100
|-ability|p2b: Incineroar|Intimidate|boost
|-unboost|p1a: Amoonguss|atk|1
|-unboost|p1b: Gholdengo|atk|1
|move|p1a: Amoonguss|Rage Powder|p1a: Amoonguss
|-singleturn|p1a: Amoonguss|move: Rage Powder
|move|p1b: Gholdengo|Nasty Plot|p1b: Gholdengo
|-boost|p1b: Gholdengo|spa|2
|move|p2a: Gholdengo|Make It Rain|p1a: Amoonguss|[spread] p1a,p1b
|-resisted|p1b: Gholdengo
|-damage|p1a: Amoonguss|73/100
|-damage|p1b: Gholdengo|82/100
|-unboost|p2a: Gholdengo|spa|1
|
|upkeep
|turn|3
|
|t:|1756309985
|switch|p1a: Incineroar|Incineroar, L50, M|100/100
|-ability|p1a: Incineroar|Intimidate|boost
|-unboost|p2a: Gholdengo|atk|1
|-unboost|p2b: Incineroar|atk|1
|move|p1b: Gholdengo|Protect|p1b: Gholdengo
|-singleturn|p1b: Gholdengo|Protect
|move|p2a: Gholdengo|Protect|p2a: Gholdengo
|-singleturn|p2a: Gholdengo|Protect
|move|p2b: Incineroar|Knock Off|p1b: Gholdengo
|-activate|p1b: Gholdengo|move: Protect
|
|upkeep
|turn|4
|
|t:|1756309999
|switch|p2a: Clefable|Clefable, L50, F|100/100
|-terastallize|p1b: Gholdengo|Flying
|move|p1a: Incineroar|Fake Out|p2a: Clefable
|-damage|p2a: Clefable|88/100
|-damage|p1a: Incineroar|84/100|[from] item: Rocky Helmet|[of] p2a: Clefable
|move|p1b: Gholdengo|Shadow Ball|p2a: Clefable
|-damage|p2a: Clefable|52/100
|move|p2b: Incineroar|Knock Off|p1b: Gholdengo
|-damage|p1b: Gholdengo|52/100
|-enditem|p1b: Gholdengo|Metal Coat|[from] move: Knock Off|[of] p2b: Incineroar
|
|-sideend|p1: m111naaaa|move: Tailwind
|upkeep
|turn|5
|
|t:|1756310015
|move|p1b: Gholdengo|Make It Rain|p2a: Clefable|[spread] p2a,p2b
|-supereffective|p2a: Clefable
|-resisted|p2b: Incineroar
|-damage|p2a: Clefable|0 fnt
|-damage|p2b: Incineroar|60/100
|-unboost|p1b: Gholdengo|spa|1
|faint|p2a: Clefable
|move|p1a: Incineroar|Parting Shot|p2b: Incineroar
|-unboost|p2b: Incineroar|atk|1
|-unboost|p2b: Incineroar|spa|1
|
|t:|1756310024
|switch|p1a: Amoonguss|Amoonguss, L50, F|100/100|[from] Parting Shot
|move|p2b: Incineroar|Parting Shot|p1a: Amoonguss
|-unboost|p1a: Amoonguss|atk|1
|-unboost|p1a: Amoonguss|spa|1
|
|t:|1756310033
|switch|p2b: Gholdengo|Gholdengo, L50, tera:Water|100/100|[from] Parting Shot
|
|upkeep
|
|t:|1756310035
|switch|p2a: Garchomp|Garchomp, L50, M|100/100
|turn|6
|
|t:|1756310059
|switch|p1a: Incineroar|Incineroar, L50, M|84/100
|-ability|p1a: Incineroar|Intimidate|boost
|-unboost|p2a: Garchomp|atk|1
|-unboost|p2b: Gholdengo|atk|1
|move|p2a: Garchomp|Protect|p2a: Garchomp
|-singleturn|p2a: Garchomp|Protect
|move|p1b: Gholdengo|Protect|p1b: Gholdengo
|-singleturn|p1b: Gholdengo|Protect
|move|p2b: Gholdengo|Nasty Plot|p2b: Gholdengo
|-boost|p2b: Gholdengo|spa|2
|
|upkeep
|turn|7
|
|t:|1756310075
|move|p1a: Incineroar|Fake Out|p2b: Gholdengo
|-damage|p2b: Gholdengo|89/100
|move|p2a: Garchomp|Rock Slide|p1a: Incineroar|[spread] p1a,p1b
|-supereffective|p1a: Incineroar
|-supereffective|p1b: Gholdengo
|-damage|p1a: Incineroar|50/100
|-damage|p1b: Gholdengo|16/100
|-damage|p2a: Garchomp|91/100|[from] item: Life Orb
|cant|p2b: Gholdengo|flinch
|cant|p1b: Gholdengo|flinch
|
|-heal|p2b: Gholdengo|95/100|[from] item: Leftovers
|upkeep
|turn|8
|
|t:|1756310091
|switch|p1b: Amoonguss|Amoonguss, L50, F|100/100
|move|p2a: Garchomp|Rock Slide|p1a: Incineroar|[spread] p1a,p1b
|-supereffective|p1a: Incineroar
|-damage|p1a: Incineroar|20/100
|-damage|p1b: Amoonguss|86/100
|-damage|p2a: Garchomp|81/100|[from] item: Life Orb
|move|p2b: Gholdengo|Make It Rain|p1a: Incineroar|[spread] p1a,p1b
|-resisted|p1a: Incineroar
|-damage|p1a: Incineroar|0 fnt
|-damage|p1b: Amoonguss|4/100
|-unboost|p2b: Gholdengo|spa|1
|-enditem|p1b: Amoonguss|Sitrus Berry|[eat]
|-heal|p1b: Amoonguss|29/100|[from] item: Sitrus Berry
|faint|p1a: Incineroar
|
|-heal|p2b: Gholdengo|100/100|[from] item: Leftovers
|upkeep
|
|t:|1756310103
|switch|p1a: Gholdengo|Gholdengo, L50, tera:Flying|16/100
|turn|9
|
|t:|1756310109
|move|p2a: Garchomp|Rock Slide|p1b: Amoonguss|[spread] p1a,p1b
|-supereffective|p1a: Gholdengo
|-damage|p1a: Gholdengo|0 fnt
|-damage|p1b: Amoonguss|15/100
|faint|p1a: Gholdengo
|-damage|p2a: Garchomp|71/100|[from] item: Life Orb
|move|p2b: Gholdengo|Make It Rain|p1b: Amoonguss
|-damage|p1b: Amoonguss|0 fnt
|-unboost|p2b: Gholdengo|spa|1
|faint|p1b: Amoonguss
|
|win|ryoshino19
||m111naaaa is ready for game 2.
||ryoshino19 is ready for game 2.
|uhtml|next|Next: Game 2 of 3
|l|☆ryoshino19
|player|p2|
