|j|☆Lamburrito
|j|☆the crimson craig
|html|Lamburritothe crimson craig    
|uhtml|bestof|Game 1 of a best-of-3
|t:|1782450704
|gametype|doubles
|player|p1|Lamburrito|marlon|1193
|player|p2|the crimson craig|marshal|1328
|gen|9
|tier|[Gen 9 Champions] VGC 2026 Reg M-B (Bo3)
|rated|
|rule|Species Clause: Limit one of each Pokémon
|rule|Item Clause: Limit 1 of each item
|clearpoke
|poke|p1|Annihilape, L50, F|
|poke|p1|Metagross, L50|
|poke|p1|Clefable, L50, M|
|poke|p1|Incineroar, L50, M|
|poke|p1|Garchomp, L50, M|
|poke|p1|Raichu, L50, M|
|poke|p2|Charizard, L50, M|
|poke|p2|Gholdengo, L50|
|poke|p2|Floette-Eternal, L50, F|
|poke|p2|Basculegion, L50, M|
|poke|p2|Garchomp, L50, M|
|poke|p2|Grimmsnarl, L50, M|
|teampreview|4
|showteam|p1|Annihilape||FocusSash|Defiant|CloseCombat,RageFist,Coaching,Taunt|Jolly||F|||50|]Metagross||Metagrossite|ClearBody|BulletPunch,BodyPress,PsychicFangs,Protect|Adamant|||||50|]Clefable||Leftovers|Unaware|Moonblast,CosmicPower,FollowMe,LifeDew|Bold||M|||50|]Incineroar||ChopleBerry|Intimidate|BlazeKick,DarkestLariat,FakeOut,PartingShot|Sassy||M|||50|]Garchomp||LifeOrb|RoughSkin|DragonClaw,StompingTantrum,RockSlide,Protect|Jolly||M|||50|]Raichu||RaichuniteY|LightningRod|ZapCannon,FocusBlast,GrassKnot,Protect|Timid||M|||50|
|showteam|p2|Charizard||CharizarditeY|Blaze|HeatWave,WeatherBall,SolarBeam,Protect|Modest||M|||50|]Gholdengo||LifeOrb|GoodasGold|MakeItRain,ShadowBall,PowerGem,Protect|Modest|||||50|]Floette-Eternal||Floettite|FlowerVeil|Moonblast,DazzlingGleam,LightofRuin,Protect|Modest||F|||50|]Basculegion||ChoiceScarf|Adaptability|WaveCrash,FlipTurn,LastRespects,AquaJet|Jolly||M|||50|]Garchomp||SitrusBerry|RoughSkin|StompingTantrum,DragonClaw,RockSlide,Protect|Adamant||M|||50|]Grimmsnarl||LightClay|Prankster|SpiritBreak,PartingShot,Reflect,LightScreen|Careful||M|||50|
|inactive|Battle timer is ON: inactive players will automatically lose when time's up. (requested by the crimson craig)
|inactive|Lamburrito has 60 seconds left.
|inactive|Lamburrito has 30 seconds left.
|
|t:|1782450766
|teamsize|p1|4
|teamsize|p2|4
|start
|switch|p1a: Incineroar|Incineroar, L50, M|100/100
|switch|p1b: Annihilape|Annihilape, L50, F|100/100
|switch|p2a: Charizard|Charizard, L50, M|100/100
|switch|p2b: Slur Slinger|Grimmsnarl, L50, M|100/100
|-ability|p1a: Incineroar|Intimidate|boost
|-unboost|p2a: Charizard|atk|1
|-unboost|p2b: Slur Slinger|atk|1
|turn|1
|
|t:|1782450784
|move|p2a: Charizard|Protect|p2a: Charizard
|-singleturn|p2a: Charizard|Protect
|move|p1a: Incineroar|Fake Out|p2b: Slur Slinger
|-damage|p2b: Slur Slinger|89/100
|cant|p2b: Slur Slinger|flinch
|move|p1b: Annihilape|Taunt|p2b: Slur Slinger
|-start|p2b: Slur Slinger|move: Taunt
|
|upkeep
|turn|2
|
|t:|1782450811
|switch|p2b: Eye Candy|Basculegion, L50, M|100/100
|detailschange|p2a: Charizard|Charizard-Mega-Y, L50, M
|-mega|p2a: Charizard|Charizard|Charizardite Y
|-weather|SunnyDay|[from] ability: Drought|[of] p2a: Charizard
|move|p1b: Annihilape|Rage Fist|p2a: Charizard
|-damage|p2a: Charizard|77/100
|move|p2a: Charizard|Heat Wave|p1b: Annihilape|[spread] p1a,p1b
|-resisted|p1a: Incineroar|1
|-crit|p1b: Annihilape
|-damage|p1a: Incineroar|75/100
|-damage|p1b: Annihilape|8/100
|move|p1a: Incineroar|Parting Shot|p2a: Charizard
|-unboost|p2a: Charizard|atk|1
|-unboost|p2a: Charizard|spa|1
|
|t:|1782450827
|switch|p1a: Clefable|Clefable, L50, M|100/100|[from] Parting Shot
|
|-weather|SunnyDay|[upkeep]
|upkeep
|turn|3
|
|t:|1782450837
|switch|p2a: Slur Slinger|Grimmsnarl, L50, M|89/100
|move|p1a: Clefable|Follow Me|p1a: Clefable
|-singleturn|p1a: Clefable|move: Follow Me
|move|p2b: Eye Candy|Flip Turn|p1a: Clefable
|-damage|p1a: Clefable|84/100
|
|t:|1782450841
|switch|p2b: Charizard|Charizard-Mega-Y, L50, M|77/100|[from] Flip Turn
|move|p1b: Annihilape|Rage Fist|p2b: Charizard
|-crit|p2b: Charizard
|-damage|p2b: Charizard|16/100
|
|-weather|SunnyDay|[upkeep]
|-heal|p1a: Clefable|90/100|[from] item: Leftovers
|upkeep
|turn|4
|
|t:|1782450863
|move|p2a: Slur Slinger|Reflect|p2a: Slur Slinger
|-sidestart|p2: the crimson craig|Reflect
|move|p1b: Annihilape|Taunt|p2a: Slur Slinger
|-start|p2a: Slur Slinger|move: Taunt
|move|p2b: Charizard|Heat Wave|p1a: Clefable|[spread] p1a,p1b
|-damage|p1a: Clefable|23/100
|-damage|p1b: Annihilape|0 fnt
|faint|p1b: Annihilape
|move|p1a: Clefable|Life Dew|p1a: Clefable
|-heal|p1a: Clefable|48/100
|
|-weather|SunnyDay|[upkeep]
|-heal|p1a: Clefable|54/100|[from] item: Leftovers
|upkeep
|
|t:|1782450869
|switch|p1b: Incineroar|Incineroar, L50, M|75/100
|-ability|p1b: Incineroar|Intimidate|boost
|-unboost|p2a: Slur Slinger|atk|1
|-unboost|p2b: Charizard|atk|1
|turn|5
|
|t:|1782450876
|move|p2b: Charizard|Protect|p2b: Charizard
|-singleturn|p2b: Charizard|Protect
|move|p1b: Incineroar|Fake Out|p2a: Slur Slinger
|-damage|p2a: Slur Slinger|83/100
|move|p1a: Clefable|Moonblast|p2a: Slur Slinger
|-supereffective|p2a: Slur Slinger|1
|-damage|p2a: Slur Slinger|22/100
|cant|p2a: Slur Slinger|flinch
|
|-weather|SunnyDay|[upkeep]
|-heal|p1a: Clefable|60/100|[from] item: Leftovers
|upkeep
|turn|6
|
|t:|1782450896
|move|p2b: Charizard|Heat Wave|p1a: Clefable|[spread] p1a,p1b
|-resisted|p1b: Incineroar|1
|-damage|p1a: Clefable|0 fnt
|-damage|p1b: Incineroar|50/100g
|faint|p1a: Clefable
|move|p2a: Slur Slinger|Spirit Break|p1b: Incineroar
|-damage|p1b: Incineroar|33/100
|-unboost|p1b: Incineroar|spa|1
|move|p1b: Incineroar|Darkest Lariat|p2b: Charizard
|-damage|p2b: Charizard|0 fnt
|faint|p2b: Charizard
|
|-weather|none
|upkeep
|
|t:|1782450907
|switch|p2b: Eye Candy|Basculegion, L50, M|100/100
|switch|p1a: Metagross|Metagross, L50|100/100
|turn|7
|
|t:|1782450918
|detailschange|p1a: Metagross|Metagross-Mega, L50
|-mega|p1a: Metagross|Metagross|Metagrossite
|move|p2b: Eye Candy|Wave Crash|p1b: Incineroar
|-supereffective|p1b: Incineroar|1
|-damage|p1b: Incineroar|0 fnt
|faint|p1b: Incineroar
|-damage|p2b: Eye Candy|88/100|[from] Recoil
|move|p1a: Metagross|Psychic Fangs|p2b: Eye Candy
|-sideend|p2: the crimson craig|Reflect
|-damage|p2b: Eye Candy|1/100
|move|p2a: Slur Slinger|Spirit Break|p1a: Metagross
|-resisted|p1a: Metagross|1
|-damage|p1a: Metagross|92/100
|-unboost|p1a: Metagross|spa|1
|
|-end|p2a: Slur Slinger|move: Taunt
|upkeep
|turn|8
|
|t:|1782450928
|move|p1a: Metagross|Bullet Punch|p2b: Eye Candy
|-resisted|p2b: Eye Candy|1
|-damage|p2b: Eye Candy|0 fnt
|faint|p2b: Eye Candy
|move|p2a: Slur Slinger|Parting Shot|p1a: Metagross
|-unboost|p1a: Metagross|atk|1
|-unboost|p1a: Metagross|spa|1
|
|t:|1782450930
|switch|p2a: Mr.Bigbucks|Gholdengo, L50|100/100|[from] Parting Shot
|
|upkeep
|
|t:|1782450932
|switch|p2b: Slur Slinger|Grimmsnarl, L50, M|22/100
|turn|9
|
|t:|1782450937
|move|p2b: Slur Slinger|Reflect|p2b: Slur Slinger
|-sidestart|p2: the crimson craig|Reflect
|move|p1a: Metagross|Psychic Fangs|p2a: Mr.Bigbucks
|-sideend|p2: the crimson craig|Reflect
|-resisted|p2a: Mr.Bigbucks|1
|-damage|p2a: Mr.Bigbucks|79/100
|move|p2a: Mr.Bigbucks|Shadow Ball|p1a: Metagross
|-supereffective|p1a: Metagross|1
|-damage|p1a: Metagross|0 fnt
|faint|p1a: Metagross
|-damage|p2a: Mr.Bigbucks|69/100|[from] item: Life Orb
|
|win|the crimson craig
