|j|☆KASTEUSZ
|j|☆KodeBeast0526
|html|KASTEUSZKodeBeast0526    
|uhtml|bestof|Game 1 of a best-of-3
|t:|1783548885
|gametype|doubles
|player|p1|KASTEUSZ|2|1069
|player|p2|KodeBeast0526|sailor|1130
|gen|9
|tier|[Gen 9 Champions] VGC 2026 Reg M-B (Bo3)
|rated|
|rule|Species Clause: Limit one of each Pokémon
|rule|Item Clause: Limit 1 of each item
|clearpoke
|poke|p1|Camerupt, L50, M|
|poke|p1|Farigiraf, L50, M|
|poke|p1|Torkoal, L50, F|
|poke|p1|Kingambit, L50, M|
|poke|p1|Sinistcha, L50|
|poke|p1|Incineroar, L50, M|
|poke|p2|Garchomp, L50, M, shiny|
|poke|p2|Staraptor, L50, M, shiny|
|poke|p2|Whimsicott, L50, M, shiny|
|poke|p2|Incineroar, L50, F, shiny|
|poke|p2|Gholdengo, L50|
|poke|p2|Zoroark-Hisui, L50, M|
|teampreview|4
|showteam|p1|Camerupt||Cameruptite|SolidRock|Eruption,HeatWave,Protect,EarthPower|Quiet||M|||50|]Farigiraf||MentalHerb|ArmorTail|TrickRoom,Protect,Imprison,HyperVoice|Calm||M|||50|]Torkoal||Leftovers|Drought|Eruption,HeatWave,Protect,SolarBeam|Quiet||F|||50|]Kingambit||ChopleBerry|Defiant|KowtowCleave,SwordsDance,LowKick,SuckerPunch|Adamant||M|||50|]Sinistcha||FocusSash|Hospitality|MatchaGotcha,RagePowder,LifeDew,ShadowBall|Timid|||||50|]Incineroar||SitrusBerry|Intimidate|FakeOut,WillOWisp,Snarl,PartingShot|Calm||M|||50|
|showteam|p2|Garchomp||LifeOrb|RoughSkin|Earthquake,Protect,RockSlide,DragonClaw|Adamant||M|||50|]Staraptor||Staraptite|Intimidate|BraveBird,CloseCombat,Roost,Protect|Jolly||M|||50|]Whimsicott||FocusSash|Prankster|Moonblast,Tailwind,Tickle,FakeTears|Timid||M|||50|]Incineroar||SitrusBerry|Intimidate|FakeOut,PartingShot,FlareBlitz,DarkestLariat|Impish||F|||50|]Gholdengo||WiseGlasses|GoodasGold|Protect,ShadowBall,MakeItRain,NastyPlot|Modest|||||50|]Zoroark-Hisui||ChoiceScarf|Illusion|IcyWind,HyperVoice,BitterMalice,Psychic|Timid||M|||50|
|inactive|Battle timer is ON: inactive players will automatically lose when time's up. (requested by KASTEUSZ)
|
|t:|1783548898
|teamsize|p1|4
|teamsize|p2|4
|start
|switch|p1a: Farigiraf|Farigiraf, L50, M|100/100
|switch|p1b: Incineroar|Incineroar, L50, M|100/100
|switch|p2a: Garchomp|Garchomp, L50, M, shiny|100/100
|switch|p2b: Whimsicott|Whimsicott, L50, M, shiny|100/100
|-ability|p1b: Incineroar|Intimidate|boost
|-unboost|p2a: Garchomp|atk|1
|-unboost|p2b: Whimsicott|atk|1
|turn|1
|
|t:|1783548914
|move|p1b: Incineroar|Fake Out|p2a: Garchomp
|-damage|p2a: Garchomp|89/100
|-damage|p1b: Incineroar|87/100|[from] ability: Rough Skin|[of] p2a: Garchomp
|move|p2b: Whimsicott|Hyper Voice|p1b: Incineroar|[spread] p1a,p1b
|-damage|p1a: Farigiraf|70/100
|-damage|p1b: Incineroar|62/100
|cant|p2a: Garchomp|flinch
|move|p1a: Farigiraf|Trick Room|p1a: Farigiraf
|-fieldstart|move: Trick Room|[of] p1a: Farigiraf
|
|upkeep
|turn|2
|inactive|KodeBeast0526 has 30 seconds left.
|
|t:|1783548939
|move|p1a: Farigiraf|Imprison|p1a: Farigiraf
|-start|p1a: Farigiraf|move: Imprison
|move|p1b: Incineroar|Will-O-Wisp|p2a: Garchomp
|-status|p2a: Garchomp|brn
|move|p2a: Garchomp|Rock Slide|p1b: Incineroar|[spread] p1a,p1b
|-supereffective|p1b: Incineroar|1
|-damage|p1a: Farigiraf|62/100
|-damage|p1b: Incineroar|46/100
|-enditem|p1b: Incineroar|Sitrus Berry|[eat]
|-heal|p1b: Incineroar|71/100|[from] item: Sitrus Berry
|-damage|p2a: Garchomp|80/100 brn|[from] item: Life Orb
|cant|p2b: Whimsicott|move: Imprison|Hyper Voice
|
|-damage|p2a: Garchomp|74/100 brn|[from] brn
|upkeep
|turn|3
|
|t:|1783548956
|move|p1a: Farigiraf|Hyper Voice|p2b: Whimsicott|[spread] p2a
|-immune|p2b: Whimsicott
|-damage|p2a: Garchomp|44/100 brn
|move|p1b: Incineroar|Parting Shot|p2a: Garchomp
|-unboost|p2a: Garchomp|atk|1
|-unboost|p2a: Garchomp|spa|1
|
|t:|1783548965
|switch|p1b: Camerupt|Camerupt, L50, M|100/100|[from] Parting Shot
|move|p2a: Garchomp|Earthquake|p1a: Farigiraf|[spread] p2b,p1a,p1b
|-supereffective|p1b: Camerupt|1
|-damage|p2b: Whimsicott|72/100
|-damage|p1a: Farigiraf|51/100
|-damage|p1b: Camerupt|72/100
|replace|p2b: Zoroark|Zoroark-Hisui, L50, M
|-end|p2b: Zoroark|Illusion
|-damage|p2a: Garchomp|35/100 brn|[from] item: Life Orb
|-activate|p2b: Zoroark|move: Struggle
|move|p2b: Zoroark|Struggle|p1a: Farigiraf
|-damage|p1a: Farigiraf|44/100
|-damage|p2b: Zoroark|47/100|[from] recoil
|
|-damage|p2a: Garchomp|29/100 brn|[from] brn
|upkeep
|turn|4
|
|t:|1783548985
|detailschange|p1b: Camerupt|Camerupt-Mega, L50, M
|-mega|p1b: Camerupt|Camerupt|Cameruptite
|move|p1b: Camerupt|Heat Wave|p2b: Zoroark|[spread] p2b
|-miss|p1b: Camerupt|p2a: Garchomp
|-damage|p2b: Zoroark|0 fnt
|faint|p2b: Zoroark
|move|p1a: Farigiraf|Hyper Voice|p2a: Garchomp
|-damage|p2a: Garchomp|0 fnt
|faint|p2a: Garchomp
|
|upkeep
|
|t:|1783548997
|switch|p2a: Staraptor|Staraptor, L50, M, shiny|100/100
|switch|p2b: Whimsicott|Whimsicott, L50, M, shiny|100/100
|-ability|p2a: Staraptor|Intimidate|boost
|-unboost|p1a: Farigiraf|atk|1
|-unboost|p1b: Camerupt|atk|1
|turn|5
|
|t:|1783549013
|detailschange|p2a: Staraptor|Staraptor-Mega, L50, M, shiny
|-mega|p2a: Staraptor|Staraptor|Staraptite
|move|p2b: Whimsicott|Tickle|p2a: Staraptor
|-boost|p2a: Staraptor|atk|1
|-boost|p2a: Staraptor|def|1
|move|p1b: Camerupt|Heat Wave|p2a: Staraptor|[spread] p2a,p2b
|-supereffective|p2b: Whimsicott|1
|-damage|p2a: Staraptor|35/100
|-enditem|p2b: Whimsicott|Focus Sash
|-damage|p2b: Whimsicott|1/100
|move|p1a: Farigiraf|Hyper Voice|p2b: Whimsicott|[spread] p2a,p2b
|-damage|p2a: Staraptor|2/100
|-damage|p2b: Whimsicott|0 fnt
|faint|p2b: Whimsicott
|move|p2a: Staraptor|Close Combat|p1a: Farigiraf
|-damage|p1a: Farigiraf|0 fnt
|-boost|p2a: Staraptor|def|1
|-boost|p2a: Staraptor|spd|1
|faint|p1a: Farigiraf
|
|-fieldend|move: Trick Room
|upkeep
|
|t:|1783549026
|switch|p1a: Incineroar|Incineroar, L50, M|71/100
|-ability|p1a: Incineroar|Intimidate|boost
|-boost|p2a: Staraptor|atk|1
|turn|6
|
|t:|1783549029
|move|p2a: Staraptor|Protect|p2a: Staraptor
|-singleturn|p2a: Staraptor|Protect
|move|p1a: Incineroar|Fake Out|p2a: Staraptor
|-activate|p2a: Staraptor|move: Protect
|move|p1b: Camerupt|Heat Wave|p2a: Staraptor
|-activate|p2a: Staraptor|move: Protect
|
|upkeep
|turn|7
|
|t:|1783549034
|move|p2a: Staraptor|Roost|p2a: Staraptor
|-heal|p2a: Staraptor|52/100
|-singleturn|p2a: Staraptor|move: Roost
|move|p1a: Incineroar|Will-O-Wisp|p2a: Staraptor
|-status|p2a: Staraptor|brn
|move|p1b: Camerupt|Heat Wave|p2a: Staraptor
|-damage|p2a: Staraptor|0 fnt
|faint|p2a: Staraptor
|
|win|KASTEUSZ
