|j|☆VOVOMAXBEN10
|j|☆marcosdeltasena31
|html|VOVOMAXBEN10marcosdeltasena31    
|uhtml|bestof|Game 2 of a best-of-3
|t:|1783136530
|gametype|doubles
|player|p1|VOVOMAXBEN10|wattson|1353
|player|p2|marcosdeltasena31|hilbert|1503
|gen|9
|tier|[Gen 9 Champions] VGC 2026 Reg M-B (Bo3)
|rated|
|rule|Species Clause: Limit one of each Pokémon
|rule|Item Clause: Limit 1 of each item
|clearpoke
|poke|p1|Gardevoir, L50, F|
|poke|p1|Talonflame, L50, M|
|poke|p1|Maushold-Four, L50|
|poke|p1|Kingambit, L50, F|
|poke|p1|Kommo-o, L50, M|
|poke|p1|Basculegion, L50, M|
|poke|p2|Charizard, L50, M, shiny|
|poke|p2|Floette-Eternal, L50, F|
|poke|p2|Whimsicott, L50, M|
|poke|p2|Garchomp, L50, F|
|poke|p2|Basculegion, L50, M|
|poke|p2|Kingambit, L50, M|
|teampreview|4
|showteam|p1|Gardevoir||Gardevoirite|Trace|HyperVoice,Psychic,Thunderbolt,Protect|Modest||F|||50|]Talonflame||SharpBeak|GaleWings|DualWingbeat,FlareBlitz,Tailwind,Protect|Jolly||M|||50|]Maushold-Four||FocusSash|FriendGuard|SuperFang,Taunt,FollowMe,Protect|Jolly|||||50|]Kingambit||ExpertBelt|Defiant|KowtowCleave,SuckerPunch,LowKick,IronHead|Jolly||F|||50|]Kommo-o||LifeOrb|Soundproof|ClangingScales,DracoMeteor,AuraSphere,Protect|Modest||M|||50|]Basculegion||ChoiceScarf|Adaptability|WaveCrash,LastRespects,AquaJet,FlipTurn|Jolly||M|||50|
|showteam|p2|Charizard||CharizarditeY|Blaze|HeatWave,WeatherBall,SolarBeam,Protect|Modest||M|||50|]Floette-Eternal||Floettite|FlowerVeil|Moonblast,DazzlingGleam,LightofRuin,Protect|Modest||F|||50|]Whimsicott||FocusSash|Prankster|Moonblast,Tailwind,Encore,Protect|Timid||M|||50|]Garchomp||LifeOrb|RoughSkin|RockSlide,DragonClaw,Earthquake,Protect|Jolly||F|||50|]Basculegion||MysticWater|Adaptability|WaveCrash,LastRespects,AquaJet,Protect|Adamant||M|||50|]Kingambit||ChopleBerry|Defiant|KowtowCleave,LowKick,SuckerPunch,Protect|Adamant||M|||50|
|
|t:|1783136551
|teamsize|p1|4
|teamsize|p2|4
|start
|switch|p1a: Talonflame|Talonflame, L50, M|100/100
|switch|p1b: Basculegion|Basculegion, L50, M|100/100
|switch|p2a: Charizard|Charizard, L50, M, shiny|100/100
|switch|p2b: Whimsicott|Whimsicott, L50, M|100/100
|turn|1
|
|t:|1783136570
|detailschange|p2a: Charizard|Charizard-Mega-Y, L50, M, shiny
|-mega|p2a: Charizard|Charizard|Charizardite Y
|-weather|SunnyDay|[from] ability: Drought|[of] p2a: Charizard
|move|p1a: Talonflame|Tailwind|p1a: Talonflame
|-sidestart|p1: VOVOMAXBEN10|move: Tailwind
|move|p2b: Whimsicott|Tailwind|p2b: Whimsicott
|-sidestart|p2: marcosdeltasena31|move: Tailwind
|move|p1b: Basculegion|Wave Crash|p2a: Charizard
|-supereffective|p2a: Charizard|1
|-damage|p2a: Charizard|24/100
|-damage|p1b: Basculegion|79/100|[from] Recoil
|move|p2a: Charizard|Heat Wave|p1b: Basculegion|[spread] p1a,p1b
|-resisted|p1a: Talonflame|1
|-resisted|p1b: Basculegion|1
|-damage|p1a: Talonflame|54/100
|-damage|p1b: Basculegion|42/100
|
|-weather|SunnyDay|[upkeep]
|upkeep
|turn|2
|
|t:|1783136586
|switch|p2a: Kingambit|Kingambit, L50, M|100/100
|move|p2b: Whimsicott|Encore|p1a: Talonflame
|-start|p1a: Talonflame|Encore
|move|p1b: Basculegion|Wave Crash|p2a: Kingambit
|-damage|p2a: Kingambit|76/100
|-damage|p1b: Basculegion|34/100|[from] Recoil
|move|p1a: Talonflame|Tailwind||[still]
|-fail|p1a: Talonflame
|
|-weather|SunnyDay|[upkeep]
|upkeep
|turn|3
|
|t:|1783136596
|switch|p1a: Maushold|Maushold-Four, L50|100/100
|move|p1b: Basculegion|Wave Crash|p2a: Kingambit
|-damage|p2a: Kingambit|50/100g
|-damage|p1b: Basculegion|25/100|[from] Recoil
|move|p2b: Whimsicott|Moonblast|p1b: Basculegion
|-damage|p1b: Basculegion|0 fnt
|faint|p1b: Basculegion
|move|p2a: Kingambit|Kowtow Cleave|p1a: Maushold
|-damage|p1a: Maushold|38/100
|
|-weather|SunnyDay|[upkeep]
|upkeep
|
|t:|1783136604
|switch|p1b: Gardevoir|Gardevoir, L50, F|100/100
|-ability|p1b: Gardevoir|Defiant|Trace|[from] ability: Trace|[of] p2a: Kingambit
|turn|4
|
|t:|1783136618
|switch|p1a: Talonflame|Talonflame, L50, M|54/100
|detailschange|p1b: Gardevoir|Gardevoir-Mega, L50, F
|-mega|p1b: Gardevoir|Gardevoir|Gardevoirite
|move|p2a: Kingambit|Protect|p2a: Kingambit
|-singleturn|p2a: Kingambit|Protect
|move|p2b: Whimsicott|Moonblast|p1a: Talonflame
|-resisted|p1a: Talonflame|1
|-damage|p1a: Talonflame|29/100
|move|p1b: Gardevoir|Hyper Voice|p2a: Kingambit|[spread] p2b
|-activate|p2a: Kingambit|move: Protect
|-damage|p2b: Whimsicott|13/100
|
|-weather|SunnyDay|[upkeep]
|-sideend|p2: marcosdeltasena31|move: Tailwind
|-sideend|p1: VOVOMAXBEN10|move: Tailwind
|upkeep
|turn|5
|
|t:|1783136641
|move|p2a: Kingambit|Protect||[still]
|-fail|p2a: Kingambit
|move|p2b: Whimsicott|Tailwind|p2b: Whimsicott
|-sidestart|p2: marcosdeltasena31|move: Tailwind
|move|p1a: Talonflame|Tailwind|p1a: Talonflame
|-sidestart|p1: VOVOMAXBEN10|move: Tailwind
|move|p1b: Gardevoir|Hyper Voice|p2b: Whimsicott|[spread] p2a,p2b
|-damage|p2a: Kingambit|0 fnt
|-damage|p2b: Whimsicott|0 fnt
|faint|p2a: Kingambit
|faint|p2b: Whimsicott
|
|-weather|none
|upkeep
|
|t:|1783136644
|switch|p2b: Garchomp|Garchomp, L50, F|100/100
|switch|p2a: Charizard|Charizard-Mega-Y, L50, M, shiny|24/100
|-weather|SunnyDay|[from] ability: Drought|[of] p2a: Charizard
|turn|6
|
|t:|1783136658
|move|p1a: Talonflame|Protect|p1a: Talonflame
|-singleturn|p1a: Talonflame|Protect
|move|p1b: Gardevoir|Protect|p1b: Gardevoir
|-singleturn|p1b: Gardevoir|Protect
|move|p2b: Garchomp|Rock Slide|p1a: Talonflame|[spread] 
|-activate|p1a: Talonflame|move: Protect
|-activate|p1b: Gardevoir|move: Protect
|move|p2a: Charizard|Heat Wave|p1a: Talonflame|[spread] 
|-activate|p1a: Talonflame|move: Protect
|-activate|p1b: Gardevoir|move: Protect
|
|-weather|SunnyDay|[upkeep]
|upkeep
|turn|7
|
|t:|1783136664
|move|p2a: Charizard|Protect|p2a: Charizard
|-singleturn|p2a: Charizard|Protect
|move|p1a: Talonflame|Flare Blitz|p2a: Charizard
|-activate|p2a: Charizard|move: Protect
|move|p2b: Garchomp|Rock Slide|p1b: Gardevoir|[spread] p1a,p1b
|-supereffective|p1a: Talonflame|2
|-damage|p1a: Talonflame|0 fnt
|-damage|p1b: Gardevoir|55/100
|faint|p1a: Talonflame
|-damage|p2b: Garchomp|90/100|[from] item: Life Orb
|cant|p1b: Gardevoir|flinch
|
|-weather|SunnyDay|[upkeep]
|upkeep
|
|t:|1783136666
|switch|p1a: Maushold|Maushold-Four, L50|38/100
|turn|8
|
|t:|1783136680
|move|p1a: Maushold|Super Fang|p2b: Garchomp
|-damage|p2b: Garchomp|45/100
|-damage|p1a: Maushold|26/100|[from] ability: Rough Skin|[of] p2b: Garchomp
|move|p2b: Garchomp|Earthquake|p1b: Gardevoir|[spread] p1a,p1b
|-immune|p2a: Charizard
|-damage|p1a: Maushold|0 fnt
|-damage|p1b: Gardevoir|0 fnt
|faint|p1a: Maushold
|faint|p1b: Gardevoir
|-damage|p2b: Garchomp|35/100|[from] item: Life Orb
|
|win|marcosdeltasena31
|raw|VOVOMAXBEN10's rating: 1353 → 1341(-12 for losing)
|raw|marcosdeltasena31's rating: 1503 → 1515(+12 for winning)
|l|☆VOVOMAXBEN10
|player|p1|
