|j|☆AbadanRiyi92
|j|☆Cress De Lune
|html|AbadanRiyi92Cress De Lune    
|uhtml|bestof|Game 3 of a best-of-3
|t:|1785463357
|gametype|doubles
|player|p1|AbadanRiyi92|colress|1135
|player|p2|Cress De Lune|1|1125
|gen|9
|tier|[Gen 9 Champions] VGC 2026 Reg M-B (Bo3)
|rated|
|rule|Species Clause: Limit one of each Pokémon
|rule|Item Clause: Limit 1 of each item
|clearpoke
|poke|p1|Gengar, L50, F, shiny|
|poke|p1|Maushold-Four, L50|
|poke|p1|Annihilape, L50, M|
|poke|p1|Incineroar, L50, F|
|poke|p1|Politoed, L50, M, shiny|
|poke|p1|Archaludon, L50, M|
|poke|p2|Blastoise, L50, F|
|poke|p2|Incineroar, L50, F|
|poke|p2|Sinistcha, L50|
|poke|p2|Pelipper, L50, F|
|poke|p2|Aggron, L50, M|
|poke|p2|Aromatisse, L50, M|
|teampreview|4
|showteam|p1|Gengar||Gengarite|CursedBody|ShadowBall,Disable,PerishSong,Protect|Timid||F|||50|]Maushold-Four||FocusSash|FriendGuard|FollowMe,Encore,BeatUp,Protect|Jolly|||||50|]Annihilape||RoseliBerry|Defiant|RageFist,CloseCombat,Taunt,Protect|Jolly||M|||50|]Incineroar||PasshoBerry|Intimidate|PartingShot,ThroatChop,Protect,FakeOut|Sassy||F|||50|]Politoed||SitrusBerry|Drizzle|WeatherBall,Encore,PerishSong,Protect|Calm||M|||50|]Archaludon||Leftovers|Stamina|DragonPulse,FlashCannon,ElectroShot,Protect|Bold||M|||50|
|showteam|p2|Blastoise||Blastoisinite|Torrent|ShellSmash,WaterSpout,AuraSphere,DarkPulse|Quiet||F|||50|]Incineroar||LifeOrb|Intimidate|FlareBlitz,DarkestLariat,FakeOut,PartingShot|Brave||F|||50|]Sinistcha||CobaBerry|Hospitality|MatchaGotcha,StrengthSap,TrickRoom,RagePowder|Relaxed|||||50|]Pelipper||Leftovers|Drizzle|WeatherBall,Hurricane,WideGuard,Tailwind|Bold||F|||50|]Aggron||Aggronite|HeavyMetal|HeavySlam,BodyPress,IronDefense,Protect|Relaxed||M|||50|]Aromatisse||SitrusBerry|AromaVeil|HealPulse,AromaticMist,TrickRoom,Protect|Sassy||M|||50|
|
|t:|1785463387
|teamsize|p1|4
|teamsize|p2|4
|start
|switch|p1a: Gengar|Gengar, L50, F, shiny|100/100
|switch|p1b: Incineroar|Incineroar, L50, F|100/100
|switch|p2a: Private|Sinistcha, L50|100/100
|switch|p2b: Blastoise|Blastoise, L50, F|100/100
|-ability|p1b: Incineroar|Intimidate|boost
|-unboost|p2a: Private|atk|1
|-unboost|p2b: Blastoise|atk|1
|turn|1
|
|t:|1785463403
|detailschange|p1a: Gengar|Gengar-Mega, L50, F, shiny
|-mega|p1a: Gengar|Gengar|Gengarite
|detailschange|p2b: Blastoise|Blastoise-Mega, L50, F
|-mega|p2b: Blastoise|Blastoise|Blastoisinite
|move|p1b: Incineroar|Fake Out|p2b: Blastoise
|-damage|p2b: Blastoise|91/100
|move|p1a: Gengar|Perish Song|p1a: Gengar
|-start|p1a: Gengar|perish3|[silent]
|-start|p1b: Incineroar|perish3|[silent]
|-start|p2a: Private|perish3|[silent]
|-start|p2b: Blastoise|perish3|[silent]
|-fieldactivate|move: Perish Song
|cant|p2b: Blastoise|flinch
|move|p2a: Private|Trick Room|p2a: Private
|-fieldstart|move: Trick Room|[of] p2a: Private
|
|-start|p1b: Incineroar|perish3
|-start|p2a: Private|perish3
|-start|p2b: Blastoise|perish3
|-start|p1a: Gengar|perish3
|upkeep
|turn|2
|
|t:|1785463424
|move|p1b: Incineroar|Protect|p1b: Incineroar
|-singleturn|p1b: Incineroar|Protect
|move|p1a: Gengar|Protect|p1a: Gengar
|-singleturn|p1a: Gengar|Protect
|move|p2a: Private|Matcha Gotcha|p1b: Incineroar|[spread] 
|-activate|p1a: Gengar|move: Protect
|-activate|p1b: Incineroar|move: Protect
|move|p2b: Blastoise|Dark Pulse|p1a: Gengar
|-activate|p1a: Gengar|move: Protect
|
|-start|p1b: Incineroar|perish2
|-start|p2a: Private|perish2
|-start|p2b: Blastoise|perish2
|-start|p1a: Gengar|perish2
|upkeep
|turn|3
|
|t:|1785463449
|switch|p1a: Politoed|Politoed, L50, M, shiny|100/100
|-weather|RainDance|[from] ability: Drizzle|[of] p1a: Politoed
|move|p1b: Incineroar|Parting Shot|p2a: Private
|-unboost|p2a: Private|atk|1
|-unboost|p2a: Private|spa|1
|
|t:|1785463457
|switch|p1b: Gengar|Gengar-Mega, L50, F, shiny|100/100|[from] Parting Shot
|move|p2a: Private|Matcha Gotcha|p1b: Gengar|[spread] p1a,p1b
|-supereffective|p1a: Politoed|1
|-resisted|p1b: Gengar|1
|-damage|p1a: Politoed|75/100
|-damage|p1b: Gengar|90/100
|move|p2b: Blastoise|Dark Pulse|p1b: Gengar
|-supereffective|p1b: Gengar|1
|-damage|p1b: Gengar|0 fnt
|faint|p1b: Gengar
|
|-weather|RainDance|[upkeep]
|-start|p2a: Private|perish1
|-start|p2b: Blastoise|perish1
|upkeep
|c|☆AbadanRiyi92|gg
|
|t:|1785463472
|switch|p1b: Archaludon|Archaludon, L50, M|100/100
|turn|4
|c|☆Cress De Lune|Gg
|
|t:|1785463491
|switch|p2a: Gloria|Aggron, L50, M|100/100
|switch|p2b: Kowalski|Aromatisse, L50, M|100/100
|move|p1a: Politoed|Weather Ball|p2b: Kowalski
|-damage|p2b: Kowalski|66/100
|move|p1b: Archaludon|Electro Shot||[still]
|-prepare|p1b: Archaludon|Electro Shot
|-boost|p1b: Archaludon|spa|1
|-anim|p1b: Archaludon|Electro Shot|p2a: Gloria
|-damage|p2a: Gloria|40/100
|
|-weather|RainDance|[upkeep]
|upkeep
|turn|5
|c|☆Cress De Lune|Idk maybe it’s not over lol
|
|t:|1785463524
|move|p2b: Kowalski|Aromatic Mist|p2a: Gloria
|-boost|p2a: Gloria|spd|1
|move|p2a: Gloria|Iron Defense|p2a: Gloria
|-boost|p2a: Gloria|def|2
|move|p1a: Politoed|Weather Ball|p2a: Gloria
|-supereffective|p2a: Gloria|1
|-damage|p2a: Gloria|0 fnt
|faint|p2a: Gloria
|move|p1b: Archaludon|Electro Shot||[still]
|-prepare|p1b: Archaludon|Electro Shot
|-boost|p1b: Archaludon|spa|1
|-anim|p1b: Archaludon|Electro Shot|p2b: Kowalski
|-damage|p2b: Kowalski|17/100
|-enditem|p2b: Kowalski|Sitrus Berry|[eat]
|-heal|p2b: Kowalski|42/100|[from] item: Sitrus Berry
|
|-weather|RainDance|[upkeep]
|-fieldend|move: Trick Room
|upkeep
|
|t:|1785463531
|switch|p2a: Private|Sinistcha, L50|100/100
|-heal|p2b: Kowalski|67/100|[from] ability: Hospitality|[of] p2a: Private
|turn|6
|
|t:|1785463579
|switch|p1a: Incineroar|Incineroar, L50, F|100/100
|-ability|p1a: Incineroar|Intimidate|boost
|-unboost|p2a: Private|atk|1
|-unboost|p2b: Kowalski|atk|1
|move|p1b: Archaludon|Electro Shot||[still]
|-prepare|p1b: Archaludon|Electro Shot
|-boost|p1b: Archaludon|spa|1
|-anim|p1b: Archaludon|Electro Shot|p2b: Kowalski
|-damage|p2b: Kowalski|5/100
|move|p2b: Kowalski|Aromatic Mist|p2a: Private
|-boost|p2a: Private|spd|1
|move|p2a: Private|Trick Room|p2a: Private
|-fieldstart|move: Trick Room|[of] p2a: Private
|
|-weather|RainDance|[upkeep]
|upkeep
|turn|7
|
|t:|1785463614
|move|p2b: Kowalski|Aromatic Mist|p2a: Private
|-boost|p2a: Private|spd|1
|move|p1a: Incineroar|Parting Shot|p2a: Private
|-unboost|p2a: Private|atk|1
|-unboost|p2a: Private|spa|1
|
|t:|1785463621
|switch|p1a: Politoed|Politoed, L50, M, shiny|75/100|[from] Parting Shot
|move|p2a: Private|Strength Sap|p1a: Politoed
|-unboost|p1a: Politoed|atk|1
|move|p1b: Archaludon|Electro Shot||[still]
|-prepare|p1b: Archaludon|Electro Shot
|-boost|p1b: Archaludon|spa|1
|-anim|p1b: Archaludon|Electro Shot|p2b: Kowalski
|-damage|p2b: Kowalski|0 fnt
|faint|p2b: Kowalski
|
|-weather|none
|upkeep
|
|t:|1785463623
|switch|p2b: Blastoise|Blastoise-Mega, L50, F|91/100
|turn|8
|
|t:|1785463647
|move|p1b: Archaludon|Protect|p1b: Archaludon
|-singleturn|p1b: Archaludon|Protect
|move|p2b: Blastoise|Shell Smash|p2b: Blastoise
|-unboost|p2b: Blastoise|def|1
|-unboost|p2b: Blastoise|spd|1
|-boost|p2b: Blastoise|atk|2
|-boost|p2b: Blastoise|spa|2
|-boost|p2b: Blastoise|spe|2
|move|p1a: Politoed|Perish Song|p1a: Politoed
|-start|p1a: Politoed|perish3|[silent]
|-start|p1b: Archaludon|perish3|[silent]
|-start|p2a: Private|perish3|[silent]
|-start|p2b: Blastoise|perish3|[silent]
|-fieldactivate|move: Perish Song
|move|p2a: Private|Trick Room|p2a: Private
|-fieldend|move: Trick Room
|
|-start|p2b: Blastoise|perish3
|-start|p1b: Archaludon|perish3
|-start|p1a: Politoed|perish3
|-start|p2a: Private|perish3
|upkeep
|turn|9
|c|☆Cress De Lune|Clutch
|inactive|Battle timer is ON: inactive players will automatically lose when time's up. (requested by Cress De Lune)
|
|t:|1785463706
|move|p1a: Politoed|Protect|p1a: Politoed
|-singleturn|p1a: Politoed|Protect
|move|p2b: Blastoise|Aura Sphere|p1b: Archaludon
|-supereffective|p1b: Archaludon|1
|-damage|p1b: Archaludon|0 fnt
|faint|p1b: Archaludon
|move|p2a: Private|Matcha Gotcha|p1a: Politoed
|-activate|p1a: Politoed|move: Protect
|
|-start|p2b: Blastoise|perish2
|-start|p1a: Politoed|perish2
|-start|p2a: Private|perish2
|upkeep
|
|t:|1785463719
|switch|p1b: Incineroar|Incineroar, L50, F|100/100
|-ability|p1b: Incineroar|Intimidate|boost
|-unboost|p2a: Private|atk|1
|-unboost|p2b: Blastoise|atk|1
|turn|10
|
|t:|1785463736
|move|p1b: Incineroar|Fake Out|p2b: Blastoise
|-damage|p2b: Blastoise|77/100
|cant|p2b: Blastoise|flinch
|move|p1a: Politoed|Encore|p2a: Private
|-start|p2a: Private|Encore
|move|p2a: Private|Matcha Gotcha|p1a: Politoed|[spread] p1a,p1b
|-supereffective|p1a: Politoed|1
|-resisted|p1b: Incineroar|1
|-damage|p1a: Politoed|51/100
|-damage|p1b: Incineroar|93/100
|-status|p1a: Politoed|brn
|
|-damage|p1a: Politoed|44/100 brn|[from] brn
|-start|p2b: Blastoise|perish1
|-start|p1a: Politoed|perish1
|-start|p2a: Private|perish1
|upkeep
|-enditem|p1a: Politoed|Sitrus Berry|[eat]
|-heal|p1a: Politoed|69/100 brn|[from] item: Sitrus Berry
|turn|11
|
|t:|1785463755
|move|p1a: Politoed|Protect|p1a: Politoed
|-singleturn|p1a: Politoed|Protect
|move|p1b: Incineroar|Protect|p1b: Incineroar
|-singleturn|p1b: Incineroar|Protect
|move|p2b: Blastoise|Aura Sphere|p1b: Incineroar
|-activate|p1b: Incineroar|move: Protect
|move|p2a: Private|Matcha Gotcha|p1b: Incineroar|[spread] 
|-activate|p1a: Politoed|move: Protect
|-activate|p1b: Incineroar|move: Protect
|
|-damage|p1a: Politoed|63/100 brn|[from] brn
|-start|p2b: Blastoise|perish0
|-start|p1a: Politoed|perish0
|-start|p2a: Private|perish0
|faint|p2b: Blastoise
|faint|p1a: Politoed
|faint|p2a: Private
|
|win|AbadanRiyi92
|raw|AbadanRiyi92's rating: 1135 → 1159(+24 for winning)
|raw|Cress De Lune's rating: 1125 → 1101(-24 for losing)
|c|☆AbadanRiyi92|gg as predicted
|c|☆AbadanRiyi92|Lol
|c|☆Cress De Lune|Lmaooo
|c|☆Cress De Lune|Gg
|l|☆Cress De Lune
|player|p2|
