|j|☆bagninovgc
|j|☆Urshifu Hater
|html|bagninovgcUrshifu Hater    
|uhtml|bestof|Game 1 of a best-of-3
|t:|1757707667
|gametype|doubles
|player|p1|bagninovgc|266|1134
|player|p2|Urshifu Hater|265|1207
|gen|9
|tier|[Gen 9] VGC 2025 Reg H (Bo3)
|rated|
|rule|Species Clause: Limit one of each Pokémon
|rule|Item Clause: Limit 1 of each item
|clearpoke
|poke|p1|Tyranitar, L50, M|
|poke|p1|Excadrill, L50, M|
|poke|p1|Sneasler, L50, F|
|poke|p1|Indeedee, L50, M|
|poke|p1|Corviknight, L50, M|
|poke|p1|Magmar, L50, F|
|poke|p2|Volcarona, L50, F|
|poke|p2|Hitmontop, L50, M|
|poke|p2|Amoonguss, L50, M|
|poke|p2|Dragapult, L50, F|
|poke|p2|Primarina, L50, M|
|poke|p2|Kingambit, L50, M|
|teampreview|4
|showteam|p1|Tyranitar||AssaultVest|SandStream|RockSlide,KnockOff,TeraBlast,LowKick|||M|||50|,,,,,Flying]Excadrill||FocusSash|SandRush|Earthquake,HighHorsepower,IronHead,Protect|||M|||50|,,,,,Ground]Sneasler||PsychicSeed|Unburden|CloseCombat,DireClaw,ThroatChop,Protect|||F|||50|,,,,,Dark]Indeedee||ChoiceScarf|PsychicSurge|ExpandingForce,TeraBlast,Trick,Protect|||M|||50|,,,,,Psychic]Corviknight||SitrusBerry|MirrorArmor|BraveBird,BulkUp,Tailwind,Roost|||M|||50|,,,,,Dragon]Magmar||Eviolite|VitalSpirit|HeatWave,WillOWisp,FollowMe,Protect|||F|||50|,,,,,Flying
|showteam|p2|Volcarona||Leftovers|FlameBody|QuiverDance,HeatWave,GigaDrain,Protect|||F|||50|,,,,,Grass]Hitmontop||CovertCloak|Intimidate|FakeOut,CloseCombat,WideGuard,Coaching|||M|||50|,,,,,Steel]Amoonguss||SitrusBerry|Regenerator|Spore,RagePowder,PollenPuff,Protect|||M|||50|,,,,,Water]Dragapult||ChoiceBand|ClearBody|DragonDarts,PhantomForce,TeraBlast,Uturn|||F|||50|,,,,,Ghost]Primarina||LifeOrb|LiquidVoice|HyperVoice,Moonblast,Haze,Protect|||M|||50|,,,,,Ghost]Kingambit||BlackGlasses|Defiant|SwordsDance,KowtowCleave,SuckerPunch,Protect|||M|||50|,,,,,Dark
|inactive|Battle timer is ON: inactive players will automatically lose when time's up. (requested by Urshifu Hater)
|inactive|bagninovgc has 60 seconds left.
|inactive|Urshifu Hater has 60 seconds left.
|
|t:|1757707726
|teamsize|p1|4
|teamsize|p2|4
|start
|switch|p1a: Excadrill|Excadrill, L50, M|100/100
|switch|p1b: Tyranitar|Tyranitar, L50, M|100/100
|switch|p2a: Dragapult|Dragapult, L50, F|100/100
|switch|p2b: Hitmontop|Hitmontop, L50, M|100/100
|-ability|p2b: Hitmontop|Intimidate|boost
|-unboost|p1a: Excadrill|atk|1
|-unboost|p1b: Tyranitar|atk|1
|-weather|Sandstorm|[from] ability: Sand Stream|[of] p1b: Tyranitar
|turn|1
|
|t:|1757707745
|switch|p1b: Indeedee|Indeedee, L50, M|100/100
|-fieldstart|move: Psychic Terrain|[from] ability: Psychic Surge|[of] p1b: Indeedee
|move|p1a: Excadrill|Iron Head|p2a: Dragapult
|-damage|p2a: Dragapult|56/100
|move|p2a: Dragapult|U-turn|p1b: Indeedee
|-supereffective|p1b: Indeedee
|-damage|p1b: Indeedee|0 fnt
|faint|p1b: Indeedee
|
|t:|1757707758
|switch|p2a: Volcarona|Volcarona, L50, F|100/100|[from] U-turn
|move|p2b: Hitmontop|Close Combat|p1a: Excadrill
|-supereffective|p1a: Excadrill
|-crit|p1a: Excadrill
|-enditem|p1a: Excadrill|Focus Sash
|-damage|p1a: Excadrill|1/100
|-unboost|p2b: Hitmontop|def|1
|-unboost|p2b: Hitmontop|spd|1
|
|-weather|Sandstorm|[upkeep]
|-damage|p2a: Volcarona|94/100|[from] Sandstorm
|-damage|p2b: Hitmontop|94/100|[from] Sandstorm
|-heal|p2a: Volcarona|100/100|[from] item: Leftovers
|upkeep
|
|t:|1757707768
|switch|p1b: Tyranitar|Tyranitar, L50, M|100/100
|turn|2
|
|t:|1757707777
|switch|p1a: Sneasler|Sneasler, L50, F|100/100
|-enditem|p1a: Sneasler|Psychic Seed
|-boost|p1a: Sneasler|spd|1|[from] item: Psychic Seed
|switch|p2b: Amoonguss|Amoonguss, L50, M|100/100
|-terastallize|p1b: Tyranitar|Flying
|move|p2a: Volcarona|Protect|p2a: Volcarona
|-singleturn|p2a: Volcarona|Protect
|move|p1b: Tyranitar|Tera Blast|p2a: Volcarona|[anim] Tera Blast Flying
|-activate|p2a: Volcarona|move: Protect
|
|-weather|Sandstorm|[upkeep]
|-damage|p1a: Sneasler|95/100|[from] Sandstorm
|-damage|p2a: Volcarona|94/100|[from] Sandstorm
|-damage|p1b: Tyranitar|95/100|[from] Sandstorm
|-damage|p2b: Amoonguss|95/100|[from] Sandstorm
|-heal|p2a: Volcarona|100/100|[from] item: Leftovers
|upkeep
|turn|3
|inactive|Urshifu Hater has 30 seconds left.
|
|t:|1757707806
|switch|p2a: Hitmontop|Hitmontop, L50, M|94/100
|-ability|p2a: Hitmontop|Intimidate|boost
|-unboost|p1a: Sneasler|atk|1
|-unboost|p1b: Tyranitar|atk|1
|move|p1a: Sneasler|Dire Claw|p2b: Amoonguss
|-damage|p2b: Amoonguss|75/100
|move|p1b: Tyranitar|Tera Blast|p2b: Amoonguss|[anim] Tera Blast Flying
|-supereffective|p2b: Amoonguss
|-damage|p2b: Amoonguss|31/100
|-enditem|p2b: Amoonguss|Sitrus Berry|[eat]
|-heal|p2b: Amoonguss|55/100|[from] item: Sitrus Berry
|move|p2b: Amoonguss|Spore|p1a: Sneasler
|-status|p1a: Sneasler|slp|[from] move: Spore
|
|-weather|Sandstorm|[upkeep]
|-damage|p1a: Sneasler|89/100 slp|[from] Sandstorm
|-damage|p2a: Hitmontop|88/100|[from] Sandstorm
|-damage|p1b: Tyranitar|89/100|[from] Sandstorm
|-damage|p2b: Amoonguss|49/100|[from] Sandstorm
|upkeep
|turn|4
|inactive|Urshifu Hater has 30 seconds left.
|
|t:|1757707834
|switch|p2b: Volcarona|Volcarona, L50, F|100/100
|move|p2a: Hitmontop|Fake Out|p1b: Tyranitar
|-hint|Psychic Terrain doesn't affect Pokémon immune to Ground.
|-damage|p1b: Tyranitar|81/100
|cant|p1a: Sneasler|slp
|cant|p1b: Tyranitar|flinch
|
|-weather|Sandstorm|[upkeep]
|-damage|p1a: Sneasler|83/100 slp|[from] Sandstorm
|-damage|p2b: Volcarona|94/100|[from] Sandstorm
|-damage|p2a: Hitmontop|82/100|[from] Sandstorm
|-damage|p1b: Tyranitar|75/100|[from] Sandstorm
|-heal|p2b: Volcarona|100/100|[from] item: Leftovers
|upkeep
|turn|5
|
|t:|1757707852
|switch|p2a: Amoonguss|Amoonguss, L50, M|83/100
|cant|p1a: Sneasler|slp
|move|p2b: Volcarona|Quiver Dance|p2b: Volcarona
|-boost|p2b: Volcarona|spa|1
|-boost|p2b: Volcarona|spd|1
|-boost|p2b: Volcarona|spe|1
|move|p1b: Tyranitar|Tera Blast|p2a: Amoonguss|[anim] Tera Blast Flying
|-supereffective|p2a: Amoonguss
|-crit|p2a: Amoonguss
|-damage|p2a: Amoonguss|0 fnt
|faint|p2a: Amoonguss
|
|-weather|none
|-fieldend|move: Psychic Terrain
|upkeep
|
|t:|1757707875
|switch|p2a: Hitmontop|Hitmontop, L50, M|82/100
|-ability|p2a: Hitmontop|Intimidate|boost
|-unboost|p1a: Sneasler|atk|1
|-unboost|p1b: Tyranitar|atk|1
|turn|6
|
|t:|1757707882
|switch|p1b: Excadrill|Excadrill, L50, M|1/100
|move|p2a: Hitmontop|Fake Out|p1b: Excadrill
|-resisted|p1b: Excadrill
|-damage|p1b: Excadrill|0 fnt
|faint|p1b: Excadrill
|-curestatus|p1a: Sneasler|slp|[msg]
|move|p1a: Sneasler|Dire Claw|p2b: Volcarona
|-damage|p2b: Volcarona|78/100
|-status|p2b: Volcarona|slp
|cant|p2b: Volcarona|slp
|
|-heal|p2b: Volcarona|84/100 slp|[from] item: Leftovers
|upkeep
|
|t:|1757707888
|switch|p1b: Tyranitar|Tyranitar, L50, M, tera:Flying|75/100
|-weather|Sandstorm|[from] ability: Sand Stream|[of] p1b: Tyranitar
|turn|7
|inactive|Urshifu Hater has 30 seconds left.
|inactive|Urshifu Hater has 20 seconds left.
|
|t:|1757707926
|move|p2a: Hitmontop|Wide Guard|p2a: Hitmontop
|-singleturn|p2a: Hitmontop|Wide Guard
|move|p1a: Sneasler|Dire Claw|p2a: Hitmontop
|-damage|p2a: Hitmontop|60/100
|cant|p2b: Volcarona|slp
|move|p1b: Tyranitar|Tera Blast|p2b: Volcarona|[anim] Tera Blast Flying
|-supereffective|p2b: Volcarona
|-damage|p2b: Volcarona|0 fnt
|faint|p2b: Volcarona
|
|-weather|Sandstorm|[upkeep]
|-damage|p1a: Sneasler|77/100|[from] Sandstorm
|-damage|p2a: Hitmontop|54/100|[from] Sandstorm
|-damage|p1b: Tyranitar|70/100|[from] Sandstorm
|upkeep
|
|t:|1757707935
|switch|p2b: Dragapult|Dragapult, L50, F|56/100
|turn|8
|
|t:|1757707948
|move|p1a: Sneasler|Dire Claw|p2a: Hitmontop
|-damage|p2a: Hitmontop|35/100
|move|p2b: Dragapult|Dragon Darts|p1a: Sneasler
|-damage|p1a: Sneasler|19/100
|-anim|p2b: Dragapult|Dragon Darts|p1b: Tyranitar
|-damage|p1b: Tyranitar|40/100
|move|p2a: Hitmontop|Close Combat|p1b: Tyranitar
|-resisted|p1b: Tyranitar
|-damage|p1b: Tyranitar|23/100
|-unboost|p2a: Hitmontop|def|1
|-unboost|p2a: Hitmontop|spd|1
|move|p1b: Tyranitar|Knock Off|p2b: Dragapult
|-supereffective|p2b: Dragapult
|-damage|p2b: Dragapult|0 fnt
|-enditem|p2b: Dragapult|Choice Band|[from] move: Knock Off|[of] p1b: Tyranitar
|faint|p2b: Dragapult
|
|-weather|Sandstorm|[upkeep]
|-damage|p1a: Sneasler|13/100|[from] Sandstorm
|-damage|p2a: Hitmontop|28/100|[from] Sandstorm
|-damage|p1b: Tyranitar|17/100|[from] Sandstorm
|upkeep
|turn|9
|
|t:|1757707958
|-terastallize|p2a: Hitmontop|Steel
|move|p1a: Sneasler|Dire Claw|p2a: Hitmontop
|-immune|p2a: Hitmontop
|move|p2a: Hitmontop|Close Combat|p1a: Sneasler
|-resisted|p1a: Sneasler
|-damage|p1a: Sneasler|0 fnt
|-unboost|p2a: Hitmontop|def|1
|-unboost|p2a: Hitmontop|spd|1
|faint|p1a: Sneasler
|move|p1b: Tyranitar|Tera Blast|p2a: Hitmontop|[anim] Tera Blast Flying
|-resisted|p2a: Hitmontop
|-damage|p2a: Hitmontop|0 fnt
|faint|p2a: Hitmontop
|
|win|bagninovgc
||Urshifu Hater is ready for game 2.
|inactive|bagninovgc has 30 seconds to confirm battle start!
||bagninovgc is ready for game 2.
|uhtml|next|Next: Game 2 of 3
