|j|☆lazarett
|j|☆hatsune p2
|html|lazaretthatsune p2    
|uhtml|bestof|Game 1 of a best-of-3
|t:|1757668124
|gametype|doubles
|player|p1|lazarett|riley|1306
|player|p2|hatsune p2|miku-fairy|1271
|gen|9
|tier|[Gen 9] VGC 2025 Reg H (Bo3)
|rated|
|rule|Species Clause: Limit one of each Pokémon
|rule|Item Clause: Limit 1 of each item
|clearpoke
|poke|p1|Slaking, L50, M|
|poke|p1|Weezing, L50, F|
|poke|p1|Tatsugiri-Droopy, L50, M|
|poke|p1|Dondozo, L50, M|
|poke|p1|Kilowattrel, L50, F|
|poke|p1|Mamoswine, L50, M|
|poke|p2|Hydreigon, L50, M|
|poke|p2|Annihilape, L50, M|
|poke|p2|Maushold-Four, L50|
|poke|p2|Ursaluna-Bloodmoon, L50, M|
|poke|p2|Rillaboom, L50, F|
|poke|p2|Talonflame, L50, F|
|teampreview|4
|showteam|p1|Slaking||LifeOrb|Truant|Protect,DoubleEdge,HighHorsepower,SuckerPunch|||M|||50|,,,,,Ghost]Weezing||CovertCloak|NeutralizingGas|Protect,ToxicSpikes,WillOWisp,SludgeBomb|||F|||50|,,,,,Fairy]Tatsugiri-Droopy||AssaultVest|Commander|MuddyWater,DracoMeteor,IcyWind,MirrorCoat|||M|||50|,,,,,Steel]Dondozo||Leftovers|Unaware|Protect,Substitute,WaveCrash,Earthquake|||M|||50|,,,,,Ground]Kilowattrel||ChoiceSpecs|Competitive|VoltSwitch,Discharge,AirSlash,Thunderbolt|||F|||50|,,,,,Ghost]Mamoswine||FocusSash|Oblivious|Protect,Earthquake,IceShard,IcicleCrash|||M|||50|,,,,,Ghost
|showteam|p2|Hydreigon||SafetyGoggles|Levitate|DracoMeteor,DarkPulse,EarthPower,Protect|||M|||50|,,,,,Ghost]Annihilape||SitrusBerry|Defiant|DrainPunch,RageFist,BulkUp,Protect|||M|||50|,,,,,Fire]Maushold-Four||FocusSash|FriendGuard|BeatUp,Taunt,FollowMe,Protect||||||50|,,,,,Ghost]Ursaluna-Bloodmoon||AssaultVest|MindsEye|EarthPower,BloodMoon,HyperVoice,VacuumWave|||M|||50|,,,,,Water]Rillaboom||MiracleSeed|GrassySurge|FakeOut,GrassyGlide,WoodHammer,HighHorsepower|||F|||50|,,,,,Fire]Talonflame||CovertCloak|GaleWings|FlareBlitz,BraveBird,Tailwind,WillOWisp|||F|||50|,,,,,Dark
|c|☆hatsune p2|glhf
|
|t:|1757668167
|teamsize|p1|4
|teamsize|p2|4
|start
|switch|p1a: Kilowattrel|Kilowattrel, L50, F|100/100
|switch|p1b: Mamoswine|Mamoswine, L50, M|100/100
|switch|p2a: Talonflame|Talonflame, L50, F|100/100
|switch|p2b: Hydreigon|Hydreigon, L50, M|100/100
|turn|1
|
|t:|1757668201
|move|p2b: Hydreigon|Protect|p2b: Hydreigon
|-singleturn|p2b: Hydreigon|Protect
|move|p2a: Talonflame|Tailwind|p2a: Talonflame
|-sidestart|p2: hatsune p2|move: Tailwind
|move|p1b: Mamoswine|Ice Shard|p2b: Hydreigon
|-activate|p2b: Hydreigon|move: Protect
|move|p1a: Kilowattrel|Discharge|p2b: Hydreigon|[spread] p2a
|-activate|p2b: Hydreigon|move: Protect
|-immune|p1b: Mamoswine
|-supereffective|p2a: Talonflame
|-crit|p2a: Talonflame
|-damage|p2a: Talonflame|0 fnt
|faint|p2a: Talonflame
|
|upkeep
|
|t:|1757668210
|switch|p2a: Rillaboom|Rillaboom, L50, F|100/100
|-fieldstart|move: Grassy Terrain|[from] ability: Grassy Surge|[of] p2a: Rillaboom
|turn|2
|
|t:|1757668245
|switch|p1a: Dondozo|Dondozo, L50, M|100/100
|switch|p1b: Tatsugiri|Tatsugiri-Droopy, L50, M|100/100
|-activate|p1b: Tatsugiri|ability: Commander|[of] p1a: Dondozo
|-boost|p1a: Dondozo|atk|2
|-boost|p1a: Dondozo|spa|2
|-boost|p1a: Dondozo|spe|2
|-boost|p1a: Dondozo|def|2
|-boost|p1a: Dondozo|spd|2
|move|p2a: Rillaboom|Fake Out|p1b: Tatsugiri|[miss]
|-miss|p2a: Rillaboom|p1b: Tatsugiri
|move|p2b: Hydreigon|Draco Meteor|p1a: Dondozo
|-damage|p1a: Dondozo|67/100
|-unboost|p2b: Hydreigon|spa|2
|
|-heal|p1a: Dondozo|73/100|[from] Grassy Terrain
|-heal|p1a: Dondozo|79/100|[from] item: Leftovers
|upkeep
|turn|3
|
|t:|1757668279
|move|p1a: Dondozo|Protect|p1a: Dondozo
|-singleturn|p1a: Dondozo|Protect
|move|p2b: Hydreigon|Draco Meteor|p1a: Dondozo
|-activate|p1a: Dondozo|move: Protect
|move|p2a: Rillaboom|Wood Hammer|p1a: Dondozo
|-activate|p1a: Dondozo|move: Protect
|
|-heal|p1a: Dondozo|85/100|[from] Grassy Terrain
|-heal|p1a: Dondozo|92/100|[from] item: Leftovers
|upkeep
|turn|4
|
|t:|1757668293
|move|p2b: Hydreigon|Draco Meteor|p1a: Dondozo
|-damage|p1a: Dondozo|55/100
|-unboost|p2b: Hydreigon|spa|2
|move|p2a: Rillaboom|Wood Hammer|p1a: Dondozo
|-supereffective|p1a: Dondozo
|-damage|p1a: Dondozo|0 fnt
|faint|p1a: Dondozo
|-damage|p2a: Rillaboom|79/100|[from] Recoil
|
|-heal|p2a: Rillaboom|85/100|[from] Grassy Terrain
|-sideend|p2: hatsune p2|move: Tailwind
|upkeep
|
|t:|1757668300
|switch|p1a: Kilowattrel|Kilowattrel, L50, F|100/100
|turn|5
|
|t:|1757668316
|switch|p2b: Maushold|Maushold-Four, L50|100/100
|move|p1a: Kilowattrel|Air Slash|p2a: Rillaboom
|-supereffective|p2a: Rillaboom
|-damage|p2a: Rillaboom|5/100
|move|p2a: Rillaboom|Wood Hammer|p1b: Tatsugiri
|-damage|p1b: Tatsugiri|0 fnt
|faint|p1b: Tatsugiri
|-damage|p2a: Rillaboom|0 fnt|[from] Recoil
|faint|p2a: Rillaboom
|
|upkeep
|
|t:|1757668329
|switch|p2a: Hydreigon|Hydreigon, L50, M|100/100
|switch|p1b: Mamoswine|Mamoswine, L50, M|100/100
|turn|6
|
|t:|1757668360
|-terastallize|p2a: Hydreigon|Ghost
|move|p2b: Maushold|Follow Me|p2b: Maushold
|-singleturn|p2b: Maushold|move: Follow Me
|move|p1a: Kilowattrel|Air Slash|p2b: Maushold
|-damage|p2b: Maushold|45/100
|move|p2a: Hydreigon|Draco Meteor|p1a: Kilowattrel|[miss]
|-miss|p2a: Hydreigon|p1a: Kilowattrel
|move|p1b: Mamoswine|Icicle Crash|p2b: Maushold
|-crit|p2b: Maushold
|-damage|p2b: Maushold|0 fnt
|faint|p2b: Maushold
|
|-fieldend|move: Grassy Terrain
|upkeep
|turn|7
|-message|hatsune p2 forfeited.
|
|win|lazarett
|l|☆hatsune p2
|player|p2|
||hatsune p2 is ready for game 2.
|inactive|lazarett has 30 seconds to confirm battle start!
|inactive|lazarett has 20 seconds to confirm battle start!
|inactive|lazarett has 10 seconds to confirm battle start!
|uhtml|next|Next: Game 2 of 3
