|j|☆importarcade
|j|☆pelli03
|html|importarcadepelli03    
|uhtml|bestof|Game 1 of a best-of-3
|t:|1782668351
|gametype|doubles
|player|p1|importarcade|ethan|1075
|player|p2|pelli03|backersf|1143
|gen|9
|tier|[Gen 9 Champions] VGC 2026 Reg M-B (Bo3)
|rated|
|rule|Species Clause: Limit one of each Pokémon
|rule|Item Clause: Limit 1 of each item
|clearpoke
|poke|p1|Pyroar, L50, F|
|poke|p1|Ninetales, L50, F|
|poke|p1|Whimsicott, L50, M|
|poke|p1|Floette-Eternal, L50, F|
|poke|p1|Basculegion, L50, M|
|poke|p1|Farigiraf, L50, F|
|poke|p2|Kangaskhan, L50, F|
|poke|p2|Vileplume, L50, M|
|poke|p2|Torkoal, L50, M|
|poke|p2|Farigiraf, L50, F|
|poke|p2|Sneasler, L50, F|
|poke|p2|Staraptor, L50, F|
|teampreview|4
|showteam|p1|Pyroar||Pyroarite|Rivalry|HeatWave,Overheat,SolarBeam,Protect|Timid||F|||50|]Ninetales||ChoiceScarf|Drought|HeatWave,Overheat,SolarBeam,FakeTears|Modest||F|||50|]Whimsicott||FocusSash|Prankster|Moonblast,Tailwind,SunnyDay,Protect|Timid||M|||50|]Floette-Eternal||Floettite|FlowerVeil|Moonblast,LightofRuin,DazzlingGleam,Protect|Modest||F|||50|]Basculegion||LifeOrb|Adaptability|WaveCrash,LastRespects,AquaJet,Protect|Adamant||M|||50|]Farigiraf||SitrusBerry|ArmorTail|Psychic,Thunderbolt,TrickRoom,HelpingHand|Bold||F|||50|
|showteam|p2|Kangaskhan||Kangaskhanite|Scrappy|FakeOut,HammerArm,DoubleEdge,Crunch|Brave||F|||50|]Vileplume||FocusSash|Chlorophyll|LeafStorm,SludgeBomb,AfterYou,SleepPowder|Timid||M|||50|]Torkoal||Charcoal|Drought|Eruption,WeatherBall,Protect,HelpingHand|Quiet||M|||50|]Farigiraf||SitrusBerry|ArmorTail|TwinBeam,HelpingHand,TrickRoom,Protect|Relaxed||F|||50|]Sneasler||WhiteHerb|Unburden|FakeOut,CloseCombat,DireClaw,ThroatChop|Adamant||F|||50|]Staraptor||ChoiceScarf|Intimidate|BraveBird,Uturn,CloseCombat,FinalGambit|Adamant||F|||50|
|inactive|Battle timer is ON: inactive players will automatically lose when time's up. (requested by pelli03)
|inactive|importarcade has 60 seconds left.
|
|t:|1782668401
|teamsize|p1|4
|teamsize|p2|4
|start
|switch|p1a: Ninetales|Ninetales, L50, F|100/100
|switch|p1b: Farigiraf|Farigiraf, L50, F|100/100
|switch|p2a: Vileplume|Vileplume, L50, M|100/100
|switch|p2b: Kangaskhan|Kangaskhan, L50, F|100/100
|-weather|SunnyDay|[from] ability: Drought|[of] p1a: Ninetales
|turn|1
|inactive|importarcade has 30 seconds left.
|
|t:|1782668431
|detailschange|p2b: Kangaskhan|Kangaskhan-Mega, L50, F
|-mega|p2b: Kangaskhan|Kangaskhan|Kangaskhanite
|move|p2b: Kangaskhan|Fake Out||[still]
|cant|p1b: Farigiraf|ability: Armor Tail|Fake Out|[of] p2b: Kangaskhan
|move|p1a: Ninetales|Heat Wave|p2a: Vileplume|[spread] p2a,p2b
|-supereffective|p2a: Vileplume|1
|-enditem|p2a: Vileplume|Focus Sash
|-damage|p2a: Vileplume|1/100
|-damage|p2b: Kangaskhan|65/100
|move|p2a: Vileplume|Sleep Powder|p1a: Ninetales
|-status|p1a: Ninetales|slp|[from] move: Sleep Powder
|move|p1b: Farigiraf|Psychic|p2a: Vileplume
|-supereffective|p2a: Vileplume|1
|-damage|p2a: Vileplume|0 fnt
|faint|p2a: Vileplume
|
|-weather|SunnyDay|[upkeep]
|upkeep
|
|t:|1782668445
|switch|p2a: Torkoal|Torkoal, L50, M|100/100
|turn|2
|
|t:|1782668469
|cant|p1a: Ninetales|slp
|move|p2b: Kangaskhan|Double-Edge|p1a: Ninetales
|-damage|p1a: Ninetales|0 fnt
|faint|p1a: Ninetales
|-damage|p2b: Kangaskhan|41/100|[from] Recoil
|move|p1b: Farigiraf|Psychic|p2a: Torkoal
|-damage|p2a: Torkoal|53/100
|move|p2a: Torkoal|Eruption|p1b: Farigiraf
|-damage|p1b: Farigiraf|42/100
|-enditem|p1b: Farigiraf|Sitrus Berry|[eat]
|-heal|p1b: Farigiraf|67/100|[from] item: Sitrus Berry
|
|-weather|SunnyDay|[upkeep]
|upkeep
|
|t:|1782668485
|switch|p1a: Basculegion|Basculegion, L50, M|100/100
|turn|3
|inactive|importarcade has 30 seconds left.
|
|t:|1782668514
|move|p2a: Torkoal|Helping Hand|p2b: Kangaskhan
|-singleturn|p2b: Kangaskhan|Helping Hand|[of] p2a: Torkoal
|move|p1a: Basculegion|Protect|p1a: Basculegion
|-singleturn|p1a: Basculegion|Protect
|move|p2b: Kangaskhan|Crunch|p1a: Basculegion
|-activate|p1a: Basculegion|move: Protect
|move|p1b: Farigiraf|Psychic|p2a: Torkoal
|-damage|p2a: Torkoal|10/100
|
|-weather|SunnyDay|[upkeep]
|upkeep
|turn|4
|
|t:|1782668534
|move|p2a: Torkoal|Helping Hand|p2b: Kangaskhan
|-singleturn|p2b: Kangaskhan|Helping Hand|[of] p2a: Torkoal
|move|p1a: Basculegion|Aqua Jet|p2a: Torkoal
|-supereffective|p2a: Torkoal|1
|-damage|p2a: Torkoal|0 fnt
|faint|p2a: Torkoal
|-damage|p1a: Basculegion|90/100|[from] item: Life Orb
|move|p2b: Kangaskhan|Crunch|p1a: Basculegion
|-supereffective|p1a: Basculegion|1
|-damage|p1a: Basculegion|0 fnt
|faint|p1a: Basculegion
|move|p1b: Farigiraf|Psychic|p2b: Kangaskhan
|-damage|p2b: Kangaskhan|12/100
|
|-weather|SunnyDay|[upkeep]
|upkeep
|
|t:|1782668547
|switch|p1a: Pyroar|Pyroar, L50, F|100/100
|switch|p2a: Farigiraf|Farigiraf, L50, F|100/100
|turn|5
|inactive|importarcade has 30 seconds left.
|
|t:|1782668580
|detailschange|p1a: Pyroar|Pyroar-Mega, L50, F
|-mega|p1a: Pyroar|Pyroar|Pyroarite
|move|p1a: Pyroar|Protect|p1a: Pyroar
|-singleturn|p1a: Pyroar|Protect
|move|p2b: Kangaskhan|Crunch|p1b: Farigiraf
|-supereffective|p1b: Farigiraf|1
|-damage|p1b: Farigiraf|21/100
|-supereffective|p1b: Farigiraf|1
|-damage|p1b: Farigiraf|10/100
|-unboost|p1b: Farigiraf|def|1
|-hitcount|p1b: Farigiraf|2
|move|p1b: Farigiraf|Psychic|p2b: Kangaskhan
|-damage|p2b: Kangaskhan|0 fnt
|faint|p2b: Kangaskhan
|move|p2a: Farigiraf|Trick Room|p2a: Farigiraf
|-fieldstart|move: Trick Room|[of] p2a: Farigiraf
|
|-weather|none
|upkeep
|turn|6
|inactive|importarcade has 30 seconds left.
|
|t:|1782668612
|move|p1b: Farigiraf|Helping Hand|p1a: Pyroar
|-singleturn|p1a: Pyroar|Helping Hand|[of] p1b: Farigiraf
|move|p2a: Farigiraf|Twin Beam|p1b: Farigiraf
|-resisted|p1b: Farigiraf|1
|-damage|p1b: Farigiraf|3/100
|-resisted|p1b: Farigiraf|1
|-damage|p1b: Farigiraf|0 fnt
|faint|p1b: Farigiraf
|-hitcount|p1: Farigiraf|2
|move|p1a: Pyroar|Heat Wave|p2a: Farigiraf
|-damage|p2a: Farigiraf|0 fnt
|faint|p2a: Farigiraf
|
|win|importarcade
|l|☆pelli03
|player|p2|
||pelli03 is ready for game 2.
|inactive|importarcade has 30 seconds to confirm battle start!
||importarcade is ready for game 2.
|uhtml|next|Next: Game 2 of 3
