|j|☆puffinbee
|j|☆Sky_Yagami95
|html|puffinbeeSky_Yagami95    
|uhtml|bestof|Game 1 of a best-of-3
|t:|1784432246
|gametype|doubles
|player|p1|puffinbee|101|
|player|p2|Sky_Yagami95|riley|
|gen|9
|tier|[Gen 9 Champions] VGC 2026 Reg M-B (Bo3)
|rule|Species Clause: Limit one of each Pokémon
|rule|Item Clause: Limit 1 of each item
|clearpoke
|poke|p1|Mawile, L50, M|
|poke|p1|Incineroar, L50, F|
|poke|p1|Staraptor, L50, M|
|poke|p1|Farigiraf, L50, M|
|poke|p1|Ampharos, L50, M|
|poke|p1|Basculegion, L50, M|
|poke|p2|Lycanroc, L50, M|
|poke|p2|Lucario, L50, M|
|poke|p2|Goodra, L50, M|
|poke|p2|Samurott-Hisui, L50, M|
|poke|p2|Altaria, L50, F|
|poke|p2|Umbreon, L50, M|
|teampreview|4
|showteam|p1|Mawile||Mawilite|HyperCutter|IronHead,PlayRough,SuckerPunch,Protect|Brave||M|||50|]Incineroar||Charcoal|Intimidate|FlareBlitz,PartingShot,FakeOut,DarkestLariat|Adamant||F|||50|]Staraptor||ChoiceScarf|Intimidate|BraveBird,CloseCombat,Uturn,FinalGambit|Bashful||M|||50|]Farigiraf||SitrusBerry|ArmorTail|Psychic,GrassKnot,TrickRoom,HelpingHand|Quiet||M|||50|]Ampharos||Ampharosite|Static|Thunderbolt,DragonPulse,FocusBlast,Protect|Quiet||M|||50|]Basculegion||FocusSash|Adaptability|Liquidation,LastRespects,AquaJet,Protect|Adamant||M|||50|
|showteam|p2|Lycanroc||FocusSash|KeenEye|PlayRough,DrillRun,Endeavor,SuckerPunch|Jolly||M|||50|]Lucario||Lucarionite|InnerFocus|CloseCombat,MeteorMash,BulletPunch,BrickBreak|Jolly||M|||50|]Goodra||DampRock|Hydration|RainDance,DracoMeteor,Toxic,Rest|Calm||M|||50|]Samurott-Hisui||MentalHerb|Sharpness|AquaCutter,AirSlash,NightSlash,SacredSword|Naive||M|||50|]Altaria||Altarianite|CloudNine|DracoMeteor,BraveBird,Facade,AlluringVoice|Rash||F|||50|]Umbreon||LumBerry|Synchronize|Toxic,Substitute,Moonlight,DarkPulse|Calm||M|||50|
|
|t:|1784432348
|teamsize|p1|4
|teamsize|p2|4
|start
|switch|p1a: Staraptor|Staraptor, L50, M|100/100
|switch|p1b: Farigiraf|Farigiraf, L50, M|100/100
|switch|p2a: Altaria|Altaria, L50, F|100/100
|switch|p2b: Lycanroc|Lycanroc, L50, M|100/100
|-ability|p1a: Staraptor|Intimidate|boost
|-unboost|p2a: Altaria|atk|1
|-unboost|p2b: Lycanroc|atk|1
|-ability|p2a: Altaria|Cloud Nine
|turn|1
|
|t:|1784432385
|detailschange|p2a: Altaria|Altaria-Mega, L50, F
|-mega|p2a: Altaria|Altaria|Altarianite
|move|p2b: Lycanroc|Sucker Punch||[still]
|cant|p1b: Farigiraf|ability: Armor Tail|Sucker Punch|[of] p2b: Lycanroc
|move|p1a: Staraptor|Close Combat|p2b: Lycanroc
|-supereffective|p2b: Lycanroc|1
|-enditem|p2b: Lycanroc|Focus Sash
|-damage|p2b: Lycanroc|1/100
|-unboost|p1a: Staraptor|def|1
|-unboost|p1a: Staraptor|spd|1
|move|p2a: Altaria|Brave Bird|p1a: Staraptor
|-damage|p1a: Staraptor|59/100
|-damage|p2a: Altaria|85/100|[from] Recoil
|move|p1b: Farigiraf|Trick Room|p1b: Farigiraf
|-fieldstart|move: Trick Room|[of] p1b: Farigiraf
|
|upkeep
|turn|2
|
|t:|1784432420
|move|p1b: Farigiraf|Psychic|p2a: Altaria
|-damage|p2a: Altaria|42/100
|move|p2a: Altaria|Alluring Voice|p1a: Staraptor
|-damage|p1a: Staraptor|0 fnt
|faint|p1a: Staraptor
|move|p2b: Lycanroc|Endeavor|p1b: Farigiraf
|-damage|p1b: Farigiraf|1/100
|-enditem|p1b: Farigiraf|Sitrus Berry|[eat]
|-heal|p1b: Farigiraf|25/100|[from] item: Sitrus Berry
|
|upkeep
|
|t:|1784432430
|switch|p1a: Basculegion|Basculegion, L50, M|100/100
|turn|3
|
|t:|1784432451
|move|p1a: Basculegion|Aqua Jet|p2b: Lycanroc
|-supereffective|p2b: Lycanroc|1
|-damage|p2b: Lycanroc|0 fnt
|faint|p2b: Lycanroc
|move|p1b: Farigiraf|Psychic|p2a: Altaria
|-crit|p2a: Altaria
|-damage|p2a: Altaria|0 fnt
|faint|p2a: Altaria
|
|upkeep
|
|t:|1784432462
|switch|p2a: Goodra|Goodra, L50, M|100/100
|switch|p2b: Umbreon|Umbreon, L50, M|100/100
|turn|4
|
|t:|1784432479
|move|p1b: Farigiraf|Psychic|p2a: Goodra
|-damage|p2a: Goodra|78/100
|-unboost|p2a: Goodra|spd|1
|move|p2b: Umbreon|Dark Pulse|p1b: Farigiraf
|-supereffective|p1b: Farigiraf|1
|-damage|p1b: Farigiraf|0 fnt
|faint|p1b: Farigiraf
|move|p2a: Goodra|Rain Dance|p2a: Goodra
|-weather|RainDance
|move|p1a: Basculegion|Liquidation|p2b: Umbreon
|-damage|p2b: Umbreon|27/100
|
|-weather|RainDance|[upkeep]
|upkeep
|
|t:|1784432490
|switch|p1b: Mawile|Mawile, L50, M|100/100
|turn|5
|
|t:|1784432511
|detailschange|p1b: Mawile|Mawile-Mega, L50, M
|-mega|p1b: Mawile|Mawile|Mawilite
|move|p1a: Basculegion|Aqua Jet|p2b: Umbreon
|-damage|p2b: Umbreon|0 fnt
|faint|p2b: Umbreon
|move|p1b: Mawile|Play Rough|p2a: Goodra
|-supereffective|p2a: Goodra|1
|-damage|p2a: Goodra|0 fnt
|faint|p2a: Goodra
|
|win|puffinbee
|c|☆puffinbee|gg
||puffinbee is ready for game 2.
|inactive|Sky_Yagami95 has 30 seconds to confirm battle start!
||Sky_Yagami95 is ready for game 2.
|uhtml|next|Next: Game 2 of 3
|l|☆Sky_Yagami95
|player|p2|
