|j|☆failandimprove3
|j|☆Imreesithink
|html|failandimprove3Imreesithink    
|uhtml|bestof|Game 1 of a best-of-3
|t:|1782428680
|gametype|doubles
|player|p1|failandimprove3|1|1350
|player|p2|Imreesithink|blackbelt-gen4dp|1259
|gen|9
|tier|[Gen 9 Champions] VGC 2026 Reg M-B (Bo3)
|rated|
|rule|Species Clause: Limit one of each Pokémon
|rule|Item Clause: Limit 1 of each item
|clearpoke
|poke|p1|Charizard, L50, M|
|poke|p1|Floette-Eternal, L50, F|
|poke|p1|Whimsicott, L50, M|
|poke|p1|Basculegion, L50, M|
|poke|p1|Incineroar, L50, M|
|poke|p1|Garchomp, L50, F|
|poke|p2|Gardevoir, L50, F, shiny|
|poke|p2|Talonflame, L50, F, shiny|
|poke|p2|Maushold, L50|
|poke|p2|Basculegion, L50, M|
|poke|p2|Garchomp, L50, F, shiny|
|poke|p2|Kingambit, L50, F, shiny|
|teampreview|4
|showteam|p1|Charizard||CharizarditeY|Blaze|HeatWave,WeatherBall,SolarBeam,Protect|Modest||M|||50|]Floette-Eternal||Floettite|FlowerVeil|Moonblast,DazzlingGleam,LightofRuin,Protect|Timid||F|||50|]Whimsicott||FocusSash|Prankster|Moonblast,Tailwind,Encore,Protect|Timid||M|||50|]Basculegion||MysticWater|Adaptability|WaveCrash,LastRespects,AquaJet,Protect|Adamant||M|||50|]Incineroar||SitrusBerry|Intimidate|FlareBlitz,ThroatChop,PartingShot,FakeOut|Careful||M|||50|]Garchomp||LifeOrb|RoughSkin|Earthquake,RockSlide,DragonClaw,Protect|Jolly||F|||50|
|showteam|p2|Gardevoir||Gardevoirite|Telepathy|HyperVoice,Psychic,TrickRoom,Protect|Modest||F|||50|]Talonflame|||GaleWings|Acrobatics,Tailwind,WillOWisp,Protect|Jolly||F|||50|]Maushold||FocusSash|FriendGuard|SuperFang,Encore,FollowMe,Protect|Jolly|||||50|]Basculegion||SitrusBerry|Adaptability|WaveCrash,AquaJet,LastRespects,Protect|Adamant||M|||50|]Garchomp||LifeOrb|RoughSkin|Earthquake,DragonClaw,RockSlide,Protect|Adamant||F|||50|]Kingambit||BlackGlasses|Defiant|SuckerPunch,Protect,KowtowCleave,SwordsDance|Adamant||F|||50|
|inactive|Battle timer is ON: inactive players will automatically lose when time's up. (requested by Imreesithink)
|inactive|failandimprove3 has 60 seconds left.
|
|t:|1782428717
|teamsize|p1|4
|teamsize|p2|4
|start
|switch|p1a: Charizard|Charizard, L50, M|100/100
|switch|p1b: Incineroar|Incineroar, L50, M|100/100
|switch|p2a: Talonflame|Talonflame, L50, F, shiny|100/100
|switch|p2b: Kingambit|Kingambit, L50, F, shiny|100/100
|-ability|p1b: Incineroar|Intimidate|boost
|-unboost|p2a: Talonflame|atk|1
|-unboost|p2b: Kingambit|atk|1
|-ability|p2b: Kingambit|Defiant|boost
|-boost|p2b: Kingambit|atk|2
|turn|1
|
|t:|1782428731
|detailschange|p1a: Charizard|Charizard-Mega-Y, L50, M
|-mega|p1a: Charizard|Charizard|Charizardite Y
|-weather|SunnyDay|[from] ability: Drought|[of] p1a: Charizard
|move|p2a: Talonflame|Protect|p2a: Talonflame
|-singleturn|p2a: Talonflame|Protect
|move|p2b: Kingambit|Protect|p2b: Kingambit
|-singleturn|p2b: Kingambit|Protect
|move|p1b: Incineroar|Fake Out|p2a: Talonflame
|-activate|p2a: Talonflame|move: Protect
|move|p1a: Charizard|Heat Wave|p2a: Talonflame|[spread] 
|-activate|p2a: Talonflame|move: Protect
|-activate|p2b: Kingambit|move: Protect
|
|-weather|SunnyDay|[upkeep]
|upkeep
|turn|2
|inactive|Imreesithink has 30 seconds left.
|inactive|Imreesithink has 20 seconds left.
|inactive|Imreesithink has 15 seconds left.
|
|t:|1782428779
|switch|p2b: Garchomp|Garchomp, L50, F, shiny|100/100
|move|p1a: Charizard|Protect|p1a: Charizard
|-singleturn|p1a: Charizard|Protect
|move|p2a: Talonflame|Tailwind|p2a: Talonflame
|-sidestart|p2: Imreesithink|move: Tailwind
|move|p1b: Incineroar|Flare Blitz|p2b: Garchomp
|-resisted|p2b: Garchomp|1
|-damage|p2b: Garchomp|69/100
|-damage|p1b: Incineroar|87/100|[from] ability: Rough Skin|[of] p2b: Garchomp
|-damage|p1b: Incineroar|77/100|[from] Recoil
|
|-weather|SunnyDay|[upkeep]
|upkeep
|turn|3
|
|t:|1782428803
|switch|p2a: Gardevoir|Gardevoir, L50, F, shiny|100/100
|move|p2b: Garchomp|Rock Slide|p1b: Incineroar|[spread] p1a,p1b
|-supereffective|p1a: Charizard|2
|-supereffective|p1b: Incineroar|1
|-damage|p1a: Charizard|0 fnt
|-damage|p1b: Incineroar|26/100
|-enditem|p1b: Incineroar|Sitrus Berry|[eat]
|-heal|p1b: Incineroar|50/100g|[from] item: Sitrus Berry
|faint|p1a: Charizard
|-damage|p2b: Garchomp|59/100|[from] item: Life Orb
|move|p1b: Incineroar|Parting Shot|p2a: Gardevoir
|-unboost|p2a: Gardevoir|atk|1
|-unboost|p2a: Gardevoir|spa|1
|
|t:|1782428816
|switch|p1b: Garchomp|Garchomp, L50, F|100/100|[from] Parting Shot
|
|-weather|SunnyDay|[upkeep]
|upkeep
|
|t:|1782428817
|switch|p1a: Whimsicott|Whimsicott, L50, M|100/100
|turn|4
|
|t:|1782428840
|detailschange|p2a: Gardevoir|Gardevoir-Mega, L50, F, shiny
|-mega|p2a: Gardevoir|Gardevoir|Gardevoirite
|move|p1b: Garchomp|Protect|p1b: Garchomp
|-singleturn|p1b: Garchomp|Protect
|move|p2b: Garchomp|Dragon Claw|p1b: Garchomp
|-activate|p1b: Garchomp|move: Protect
|move|p2a: Gardevoir|Hyper Voice|p1b: Garchomp|[spread] p1a
|-activate|p1b: Garchomp|move: Protect
|-damage|p1a: Whimsicott|42/100
|move|p1a: Whimsicott|Moonblast|p2b: Garchomp
|-supereffective|p2b: Garchomp|1
|-damage|p2b: Garchomp|0 fnt
|faint|p2b: Garchomp
|
|-weather|SunnyDay|[upkeep]
|upkeep
|
|t:|1782428846
|switch|p2b: Talonflame|Talonflame, L50, F, shiny|100/100
|turn|5
|
|t:|1782428851
|move|p1a: Whimsicott|Protect|p1a: Whimsicott
|-singleturn|p1a: Whimsicott|Protect
|move|p2b: Talonflame|Acrobatics|p1b: Garchomp
|-damage|p1b: Garchomp|58/100
|-damage|p2b: Talonflame|87/100|[from] ability: Rough Skin|[of] p1b: Garchomp
|move|p2a: Gardevoir|Hyper Voice|p1a: Whimsicott|[spread] p1b
|-activate|p1a: Whimsicott|move: Protect
|-supereffective|p1b: Garchomp|1
|-damage|p1b: Garchomp|0 fnt
|faint|p1b: Garchomp
|
|-weather|none
|-sideend|p2: Imreesithink|move: Tailwind
|upkeep
|
|t:|1782428855
|switch|p1b: Incineroar|Incineroar, L50, M|50/100g
|-ability|p1b: Incineroar|Intimidate|boost
|-unboost|p2a: Gardevoir|atk|1
|-unboost|p2b: Talonflame|atk|1
|turn|6
|-message|failandimprove3 forfeited.
|
|win|Imreesithink
