|j|â˜†grfynnvgc
|j|â˜†shotstopper
|html|grfynnvgcshotstopper    
|uhtml|bestof|Game 3 of a best-of-3
|t:|1785383399
|gametype|doubles
|player|p1|grfynnvgc|1|1154
|player|p2|shotstopper|265|1016
|gen|9
|tier|[Gen 9 Champions] VGC 2026 Reg M-B (Bo3)
|rated|
|rule|Species Clause: Limit one of each PokÃ©mon
|rule|Item Clause: Limit 1 of each item
|clearpoke
|poke|p1|Gengar, L50, M|
|poke|p1|Kommo-o, L50, M|
|poke|p1|Ninetales-Alola, L50, F|
|poke|p1|Primarina, L50, M|
|poke|p1|Volcarona, L50, F|
|poke|p1|Incineroar, L50, M|
|poke|p2|Sinistcha-Masterpiece, L50|
|poke|p2|Incineroar, L50, M|
|poke|p2|Milotic, L50, F, shiny|
|poke|p2|Raichu, L50, F|
|poke|p2|Floette-Eternal, L50, F|
|poke|p2|Ceruledge, L50, F|
|teampreview|4
|showteam|p1|Gengar||Gengarite|CursedBody|ShadowBall,SludgeBomb,PerishSong,Protect|Modest||M|||50|]Kommo-o||Leftovers|Soundproof|ClangingScales,AuraSphere,ClangorousSoul,Protect|Modest||M|||50|]Ninetales-Alola||FocusSash|SnowWarning|Blizzard,FreezeDry,AuroraVeil,Protect|Timid||F|||50|]Primarina||MysticWater|LiquidVoice|HyperVoice,Moonblast,PerishSong,Protect|Modest||M|||50|]Volcarona||SitrusBerry|FlameBody|Flamethrower,StruggleBug,RagePowder,Protect|Bold||F|||50|]Incineroar||ShucaBerry|Intimidate|FakeOut,ThroatChop,PartingShot,Protect|Impish||M|||50|
|showteam|p2|Sinistcha-Masterpiece||SitrusBerry|Hospitality|RagePowder,MatchaGotcha,TrickRoom,LifeDew|Bold|||||50|]Incineroar||ChopleBerry|Intimidate|FakeOut,FlareBlitz,ThroatChop,PartingShot|Impish||M|||50|]Milotic||Leftovers|Competitive|MuddyWater,Coil,Hypnosis,Protect|Calm||F|||50|]Raichu||FocusSash|LightningRod|VoltSwitch,VoltTackle,FakeOut,Protect|Hasty||F|||50|]Floette-Eternal||Floettite|FlowerVeil|DazzlingGleam,DrainingKiss,CalmMind,Protect|Bold||F|||50|]Ceruledge||ColburBerry|FlashFire|BitterBlade,ShadowSneak,BulkUp,Protect|Adamant||F|||50|
|inactive|Battle timer is ON: inactive players will automatically lose when time's up. (requested by shotstopper)
|
|t:|1785383422
|teamsize|p1|4
|teamsize|p2|4
|start
|switch|p1a: Gengar|Gengar, L50, M|100/100
|switch|p1b: Volcarona|Volcarona, L50, F|100/100
|switch|p2a: Milotic|Milotic, L50, F, shiny|100/100
|switch|p2b: Incineroar|Incineroar, L50, M|100/100
|-ability|p2b: Incineroar|Intimidate|boost
|-unboost|p1a: Gengar|atk|1
|-unboost|p1b: Volcarona|atk|1
|turn|1
|
|t:|1785383441
|detailschange|p1a: Gengar|Gengar-Mega, L50, M
|-mega|p1a: Gengar|Gengar|Gengarite
|move|p1b: Volcarona|Protect|p1b: Volcarona
|-singleturn|p1b: Volcarona|Protect
|move|p1a: Gengar|Perish Song|p1a: Gengar
|-start|p1a: Gengar|perish3|[silent]
|-start|p1b: Volcarona|perish3|[silent]
|-start|p2a: Milotic|perish3|[silent]
|-start|p2b: Incineroar|perish3|[silent]
|-fieldactivate|move: Perish Song
|move|p2a: Milotic|Hypnosis|p1a: Gengar
|-status|p1a: Gengar|slp|[from] move: Hypnosis
|move|p2b: Incineroar|Throat Chop|p1a: Gengar
|-supereffective|p1a: Gengar|1
|-damage|p1a: Gengar|26/100 slp
|-start|p1a: Gengar|Throat Chop|[silent]
|
|-start|p1a: Gengar|perish3
|-start|p1b: Volcarona|perish3
|-start|p2a: Milotic|perish3
|-start|p2b: Incineroar|perish3
|upkeep
|turn|2
|c|â˜†grfynnvgc|SERIOUSLY
|
|t:|1785383465
|switch|p1a: Primarina|Primarina, L50, M|100/100
|switch|p1b: Ninetales|Ninetales-Alola, L50, F|100/100
|-weather|Snowscape|[from] ability: Snow Warning|[of] p1b: Ninetales
|move|p2a: Milotic|Muddy Water|p1b: Ninetales|[spread] p1a,p1b
|-resisted|p1a: Primarina|1
|-damage|p1a: Primarina|91/100
|-damage|p1b: Ninetales|73/100
|move|p2b: Incineroar|Throat Chop|p1a: Primarina
|-resisted|p1a: Primarina|1
|-damage|p1a: Primarina|73/100
|-start|p1a: Primarina|Throat Chop|[silent]
|
|-weather|Snowscape|[upkeep]
|-start|p2a: Milotic|perish2
|-start|p2b: Incineroar|perish2
|upkeep
|turn|3
|inactive|shotstopper has 30 seconds left.
|
|t:|1785383499
|move|p2a: Milotic|Protect|p2a: Milotic
|-singleturn|p2a: Milotic|Protect
|move|p1b: Ninetales|Blizzard|p2b: Incineroar|[spread] p2b
|-activate|p2a: Milotic|move: Protect
|-resisted|p2b: Incineroar|1
|-damage|p2b: Incineroar|86/100
|move|p1a: Primarina|Moonblast|p2b: Incineroar
|-damage|p2b: Incineroar|38/100
|move|p2b: Incineroar|Parting Shot|p1a: Primarina
|-unboost|p1a: Primarina|atk|1
|-unboost|p1a: Primarina|spa|1
|
|t:|1785383510
|switch|p2b: Floette|Floette-Eternal, L50, F|100/100|[from] Parting Shot
|
|-weather|Snowscape|[upkeep]
|-end|p1a: Primarina|Throat Chop|[silent]
|-start|p2a: Milotic|perish1
|upkeep
|turn|4
|
|t:|1785383525
|switch|p2a: Sinistcha|Sinistcha-Masterpiece, L50|100/100
|detailschange|p2b: Floette|Floette-Mega, L50, F
|-mega|p2b: Floette|Floette|Floettite
|-ability|p2b: Floette|Fairy Aura
|move|p1b: Ninetales|Aurora Veil|p1b: Ninetales
|-sidestart|p1: grfynnvgc|move: Aurora Veil
|move|p2b: Floette|Calm Mind|p2b: Floette
|-boost|p2b: Floette|spa|1
|-boost|p2b: Floette|spd|1
|move|p1a: Primarina|Hyper Voice|p2a: Sinistcha|[spread] p2a,p2b
|-resisted|p2a: Sinistcha|1
|-damage|p2a: Sinistcha|84/100
|-damage|p2b: Floette|85/100
|
|-weather|Snowscape|[upkeep]
|upkeep
|turn|5
|
|t:|1785383540
|move|p1b: Ninetales|Blizzard|p2a: Sinistcha|[spread] p2a,p2b
|-supereffective|p2a: Sinistcha|1
|-damage|p2a: Sinistcha|16/100
|-damage|p2b: Floette|71/100
|-enditem|p2a: Sinistcha|Sitrus Berry|[eat]
|-heal|p2a: Sinistcha|41/100|[from] item: Sitrus Berry
|move|p2b: Floette|Dazzling Gleam|p1a: Primarina|[spread] p1a,p1b
|-damage|p1a: Primarina|41/100
|-damage|p1b: Ninetales|29/100
|move|p2a: Sinistcha|Matcha Gotcha|p1a: Primarina|[spread] p1a,p1b
|-supereffective|p1a: Primarina|1
|-damage|p1a: Primarina|16/100
|-heal|p2a: Sinistcha|54/100|[from] drain|[of] p1a: Primarina
|-damage|p1b: Ninetales|11/100
|-heal|p2a: Sinistcha|62/100|[from] drain|[of] p1b: Ninetales
|move|p1a: Primarina|Perish Song|p1a: Primarina
|-start|p1a: Primarina|perish3|[silent]
|-start|p1b: Ninetales|perish3|[silent]
|-start|p2a: Sinistcha|perish3|[silent]
|-start|p2b: Floette|perish3|[silent]
|-fieldactivate|move: Perish Song
|
|-weather|Snowscape|[upkeep]
|-start|p1b: Ninetales|perish3
|-start|p2b: Floette|perish3
|-start|p2a: Sinistcha|perish3
|-start|p1a: Primarina|perish3
|upkeep
|turn|6
|
|t:|1785383564
|switch|p1a: Gengar|Gengar-Mega, L50, M|26/100 slp
|move|p1b: Ninetales|Blizzard|p2b: Floette|[spread] p2a,p2b
|-supereffective|p2a: Sinistcha|1
|-damage|p2a: Sinistcha|0 fnt
|-damage|p2b: Floette|56/100
|faint|p2a: Sinistcha
|move|p2b: Floette|Dazzling Gleam|p1a: Gengar|[spread] p1a,p1b
|-resisted|p1a: Gengar|1
|-damage|p1a: Gengar|7/100 slp
|-damage|p1b: Ninetales|0 fnt
|faint|p1b: Ninetales
|
|-weather|none
|-start|p2b: Floette|perish2
|upkeep
|
|t:|1785383579
|switch|p1b: Primarina|Primarina, L50, M|16/100
|switch|p2a: Incineroar|Incineroar, L50, M|38/100
|-ability|p2a: Incineroar|Intimidate|boost
|-unboost|p1a: Gengar|atk|1
|-unboost|p1b: Primarina|atk|1
|turn|7
|
|t:|1785383593
|cant|p1a: Gengar|slp
|move|p1b: Primarina|Protect|p1b: Primarina
|-singleturn|p1b: Primarina|Protect
|move|p2a: Incineroar|Fake Out|p1b: Primarina
|-activate|p1b: Primarina|move: Protect
|move|p2b: Floette|Dazzling Gleam|p1a: Gengar|[spread] p1a
|-activate|p1b: Primarina|move: Protect
|-resisted|p1a: Gengar|1
|-damage|p1a: Gengar|0 fnt
|faint|p1a: Gengar
|
|-start|p2b: Floette|perish1
|upkeep
|
|t:|1785383605
|switch|p1a: Volcarona|Volcarona, L50, F|100/100
|turn|8
|
|t:|1785383615
|switch|p2b: Milotic|Milotic, L50, F, shiny|100/100
|move|p1b: Primarina|Protect|p1b: Primarina
|-singleturn|p1b: Primarina|Protect
|move|p1a: Volcarona|Struggle Bug|p2a: Incineroar|[spread] p2a,p2b
|-damage|p2a: Incineroar|23/100
|-damage|p2b: Milotic|89/100
|-unboost|p2a: Incineroar|spa|1
|-unboost|p2b: Milotic|spa|1
|-ability|p2b: Milotic|Competitive|boost
|-boost|p2b: Milotic|spa|2
|move|p2a: Incineroar|Throat Chop|p1b: Primarina
|-activate|p1b: Primarina|move: Protect
|
|-heal|p2b: Milotic|95/100|[from] item: Leftovers
|-sideend|p1: grfynnvgc|move: Aurora Veil
|upkeep
|turn|9
|-message|grfynnvgc forfeited.
|
|win|shotstopper
|raw|grfynnvgc's rating: 1154 → 1120(-34 for losing)
|raw|shotstopper's rating: 1016 → 1068(+52 for winning)
