|j|☆CammelloGasante
|j|☆sbhaga34
|html|CammelloGasantesbhaga34    
|uhtml|bestof|Game 2 of a best-of-3
|t:|1784216735
|gametype|doubles
|player|p1|CammelloGasante|palmer|1235
|player|p2|sbhaga34|hugh|1288
|gen|9
|tier|[Gen 9 Champions] VGC 2026 Reg M-B (Bo3)
|rated|
|rule|Species Clause: Limit one of each Pokémon
|rule|Item Clause: Limit 1 of each item
|clearpoke
|poke|p1|Staraptor, L50, M|
|poke|p1|Whimsicott, L50, F|
|poke|p1|Gholdengo, L50|
|poke|p1|Tyranitar, L50, F|
|poke|p1|Venusaur, L50, M|
|poke|p1|Mamoswine, L50, F|
|poke|p2|Excadrill, L50, M|
|poke|p2|Tyranitar, L50, F|
|poke|p2|Corviknight, L50, M|
|poke|p2|Rotom-Wash, L50|
|poke|p2|Chandelure, L50, F|
|poke|p2|Clefable, L50, M|
|teampreview|4
|showteam|p1|Staraptor||Staraptite|Intimidate|CloseCombat,DualWingbeat,Roost,Protect|Jolly||M|||50|]Whimsicott||FocusSash|Prankster|Moonblast,Charm,FakeTears,Tailwind|Timid||F|||50|]Gholdengo||LifeOrb|GoodasGold|MakeItRain,ShadowBall,PowerGem,Protect|Modest|||||50|]Tyranitar||WhiteHerb|SandStream|RockSlide,Crunch,RockTomb,Protect|Adamant||F|||50|]Venusaur||Venusaurite|Chlorophyll|EnergyBall,EarthPower,SludgeBomb,Protect|Modest||M|||50|]Mamoswine||ChoiceScarf|Oblivious|IcicleCrash,RockSlide,HighHorsepower,IceShard|Jolly||F|||50|
|showteam|p2|Excadrill||FocusSash|SandRush|Earthquake,IronHead,SwordsDance,Protect|Adamant||M|||50|]Tyranitar||Tyranitarite|SandStream|RockSlide,KnockOff,LowKick,Protect|Adamant||F|||50|]Corviknight||SharpBeak|MirrorArmor|BraveBird,Tailwind,BulkUp,Roost|Careful||M|||50|]Rotom-Wash||ChoiceScarf|Levitate|VoltSwitch,Thunderbolt,Electroweb,HydroPump|Timid|||||50|]Chandelure||ShucaBerry|FlashFire|HeatWave,ShadowBall,TrickRoom,Protect|Modest||F|||50|]Clefable||Clefablite|MagicGuard|FollowMe,Moonblast,HealPulse,Protect|Modest||M|||50|
|inactive|Battle timer is ON: inactive players will automatically lose when time's up. (requested by CammelloGasante)
|inactive|sbhaga34 has 60 seconds left.
|
|t:|1784216774
|teamsize|p1|4
|teamsize|p2|4
|start
|switch|p1a: Whimsicott|Whimsicott, L50, F|100/100
|switch|p1b: Venusaur|Venusaur, L50, M|100/100
|switch|p2a: Rotom|Rotom-Wash, L50|100/100
|switch|p2b: Excadrill|Excadrill, L50, M|100/100
|turn|1
|
|t:|1784216791
|move|p1a: Whimsicott|Tailwind|p1a: Whimsicott
|-sidestart|p1: CammelloGasante|move: Tailwind
|move|p1b: Venusaur|Energy Ball|p2a: Rotom
|-supereffective|p2a: Rotom|1
|-damage|p2a: Rotom|22/100
|move|p2a: Rotom|Volt Switch|p1a: Whimsicott
|-resisted|p1a: Whimsicott|1
|-damage|p1a: Whimsicott|77/100
|
|t:|1784216798
|switch|p2a: Corviknight|Corviknight, L50, M|100/100|[from] Volt Switch
|move|p2b: Excadrill|Iron Head|p1a: Whimsicott
|-supereffective|p1a: Whimsicott|1
|-damage|p1a: Whimsicott|0 fnt
|faint|p1a: Whimsicott
|
|upkeep
|
|t:|1784216802
|switch|p1a: Staraptor|Staraptor, L50, M|100/100
|-ability|p1a: Staraptor|Intimidate|boost
|-ability|p2a: Corviknight|Mirror Armor
|-unboost|p1a: Staraptor|atk|1
|-unboost|p2b: Excadrill|atk|1
|turn|2
|inactive|sbhaga34 has 30 seconds left.
|
|t:|1784216828
|detailschange|p1a: Staraptor|Staraptor-Mega, L50, M
|-mega|p1a: Staraptor|Staraptor|Staraptite
|move|p2b: Excadrill|Protect|p2b: Excadrill
|-singleturn|p2b: Excadrill|Protect
|move|p1a: Staraptor|Close Combat|p2a: Corviknight
|-damage|p2a: Corviknight|68/100
|-boost|p1a: Staraptor|def|1
|-boost|p1a: Staraptor|spd|1
|move|p1b: Venusaur|Earth Power|p2b: Excadrill
|-activate|p2b: Excadrill|move: Protect
|move|p2a: Corviknight|Brave Bird|p1a: Staraptor
|-supereffective|p1a: Staraptor|1
|-damage|p1a: Staraptor|30/100
|-damage|p2a: Corviknight|47/100|[from] Recoil
|
|upkeep
|turn|3
|inactive|sbhaga34 has 30 seconds left.
|
|t:|1784216857
|switch|p2b: Rotom|Rotom-Wash, L50|22/100
|move|p1a: Staraptor|Roost|p1a: Staraptor
|-heal|p1a: Staraptor|81/100
|-singleturn|p1a: Staraptor|move: Roost
|move|p1b: Venusaur|Earth Power|p2b: Rotom
|-immune|p2b: Rotom|[from] ability: Levitate
|move|p2a: Corviknight|Brave Bird|p1a: Staraptor
|-supereffective|p1a: Staraptor|1
|-damage|p1a: Staraptor|12/100
|-damage|p2a: Corviknight|26/100|[from] Recoil
|
|upkeep
|turn|4
|
|t:|1784216871
|move|p1a: Staraptor|Close Combat|p2a: Corviknight
|-damage|p2a: Corviknight|0 fnt
|-boost|p1a: Staraptor|def|1
|-boost|p1a: Staraptor|spd|1
|faint|p2a: Corviknight
|move|p1b: Venusaur|Energy Ball|p2b: Rotom
|-supereffective|p2b: Rotom|1
|-damage|p2b: Rotom|0 fnt
|faint|p2b: Rotom
|
|-sideend|p1: CammelloGasante|move: Tailwind
|upkeep
|
|t:|1784216879
|switch|p2b: Tyranitar|Tyranitar, L50, F|100/100
|switch|p2a: Excadrill|Excadrill, L50, M|100/100
|-weather|Sandstorm|[from] ability: Sand Stream|[of] p2b: Tyranitar
|turn|5
|
|t:|1784216894
|detailschange|p2b: Tyranitar|Tyranitar-Mega, L50, F
|-mega|p2b: Tyranitar|Tyranitar|Tyranitarite
|move|p2a: Excadrill|Iron Head|p1a: Staraptor
|-damage|p1a: Staraptor|0 fnt
|faint|p1a: Staraptor
|move|p2b: Tyranitar|Rock Slide|p1b: Venusaur
|-damage|p1b: Venusaur|55/100
|move|p1b: Venusaur|Earth Power|p2a: Excadrill
|-supereffective|p2a: Excadrill|1
|-damage|p2a: Excadrill|23/100
|
|-weather|Sandstorm|[upkeep]
|-damage|p1b: Venusaur|49/100|[from] Sandstorm
|upkeep
|
|t:|1784216898
|switch|p1a: Mamoswine|Mamoswine, L50, F|100/100
|turn|6
|
|t:|1784216908
|move|p2a: Excadrill|Protect|p2a: Excadrill
|-singleturn|p2a: Excadrill|Protect
|move|p1a: Mamoswine|High Horsepower|p2a: Excadrill
|-activate|p2a: Excadrill|move: Protect
|move|p2b: Tyranitar|Low Kick|p1a: Mamoswine
|-supereffective|p1a: Mamoswine|1
|-damage|p1a: Mamoswine|0 fnt
|faint|p1a: Mamoswine
|move|p1b: Venusaur|Earth Power|p2a: Excadrill
|-activate|p2a: Excadrill|move: Protect
|
|-weather|Sandstorm|[upkeep]
|-damage|p1b: Venusaur|44/100|[from] Sandstorm
|upkeep
|turn|7
|-message|CammelloGasante forfeited.
|
|win|sbhaga34
|raw|CammelloGasante's rating: 1235 → 1214(-21 for losing)
|raw|sbhaga34's rating: 1288 → 1309(+21 for winning)
