|j|☆TemporalDonut
|j|☆zileu
|html|TemporalDonutzileu    
|uhtml|bestof|Game 3 of a best-of-3
|t:|1783889327
|gametype|doubles
|player|p1|TemporalDonut|ingo|1084
|player|p2|zileu|cyclist-gen4|1144
|gen|9
|tier|[Gen 9 Champions] VGC 2026 Reg M-B (Bo3)
|rated|
|rule|Species Clause: Limit one of each Pokémon
|rule|Item Clause: Limit 1 of each item
|clearpoke
|poke|p1|Gengar, L50, F|
|poke|p1|Maushold, L50|
|poke|p1|Incineroar, L50, F|
|poke|p1|Altaria, L50, M|
|poke|p1|Blaziken, L50, M|
|poke|p1|Kingambit, L50, F|
|poke|p2|Delphox, L50, M|
|poke|p2|Sneasler, L50, F|
|poke|p2|Incineroar, L50, F|
|poke|p2|Sinistcha, L50|
|poke|p2|Blastoise, L50, M|
|poke|p2|Kingambit, L50, M|
|teampreview|4
|showteam|p1|Gengar||Gengarite|CursedBody|ShadowBall,PerishSong,Disable,Protect|Timid||F|||50|]Maushold||ChopleBerry|FriendGuard|SuperFang,FollowMe,Encore,Protect|Jolly|||||50|]Incineroar||Leftovers|Intimidate|ThroatChop,PartingShot,FakeOut,Protect|Sassy||F|||50|]Altaria||SitrusBerry|CloudNine|BreakingSwipe,WillOWisp,PerishSong,Protect|Relaxed||M|||50|]Blaziken||Blazikenite|SpeedBoost|FlareBlitz,CloseCombat,RockSlide,Protect|Adamant||M|||50|]Kingambit||FocusSash|Defiant|KowtowCleave,SuckerPunch,Protect,SwordsDance|Adamant||F|||50|
|showteam|p2|Delphox||Delphoxite|Blaze|HeatWave,Psyshock,NastyPlot,Protect|Timid||M|||50|]Sneasler||FocusSash|PoisonTouch|QuickGuard,FakeOut,PoisonJab,CloseCombat|Jolly||F|||50|]Incineroar||SitrusBerry|Intimidate|FakeOut,PartingShot,HelpingHand,FlareBlitz|Impish||F|||50|]Sinistcha||OccaBerry|Hospitality|MatchaGotcha,RagePowder,TrickRoom,Protect|Bold|||||50|]Blastoise||Blastoisinite|RainDish|WaterSpout,DarkPulse,ShellSmash,Protect|Modest||M|||50|]Kingambit||BlackGlasses|Defiant|Protect,SwordsDance,KowtowCleave,SuckerPunch|Adamant||M|||50|
|inactive|Battle timer is ON: inactive players will automatically lose when time's up. (requested by zileu)
|
|t:|1783889348
|teamsize|p1|4
|teamsize|p2|4
|start
|switch|p1a: Incineroar|Incineroar, L50, F|100/100
|switch|p1b: Gengar|Gengar, L50, F|100/100
|switch|p2a: Blastoise|Blastoise, L50, M|100/100
|switch|p2b: Sinistcha|Sinistcha, L50|100/100
|-ability|p1a: Incineroar|Intimidate|boost
|-unboost|p2a: Blastoise|atk|1
|-unboost|p2b: Sinistcha|atk|1
|turn|1
|
|t:|1783889373
|switch|p2a: Incineroar|Incineroar, L50, F|100/100
|-ability|p2a: Incineroar|Intimidate|boost
|-unboost|p1a: Incineroar|atk|1
|-unboost|p1b: Gengar|atk|1
|detailschange|p1b: Gengar|Gengar-Mega, L50, F
|-mega|p1b: Gengar|Gengar|Gengarite
|move|p1a: Incineroar|Fake Out|p2a: Incineroar
|-damage|p2a: Incineroar|91/100
|move|p1b: Gengar|Perish Song|p1b: Gengar
|-start|p1a: Incineroar|perish3|[silent]
|-start|p1b: Gengar|perish3|[silent]
|-start|p2a: Incineroar|perish3|[silent]
|-start|p2b: Sinistcha|perish3|[silent]
|-fieldactivate|move: Perish Song
|move|p2b: Sinistcha|Trick Room|p2b: Sinistcha
|-fieldstart|move: Trick Room|[of] p2b: Sinistcha
|
|-start|p1a: Incineroar|perish3
|-start|p2a: Incineroar|perish3
|-start|p2b: Sinistcha|perish3
|-start|p1b: Gengar|perish3
|upkeep
|turn|2
|
|t:|1783889397
|move|p1a: Incineroar|Protect|p1a: Incineroar
|-singleturn|p1a: Incineroar|Protect
|move|p1b: Gengar|Protect|p1b: Gengar
|-singleturn|p1b: Gengar|Protect
|move|p2a: Incineroar|Flare Blitz|p1b: Gengar
|-activate|p1b: Gengar|move: Protect
|move|p2b: Sinistcha|Matcha Gotcha|p1a: Incineroar|[spread] 
|-activate|p1a: Incineroar|move: Protect
|-activate|p1b: Gengar|move: Protect
|
|-start|p1a: Incineroar|perish2
|-start|p2a: Incineroar|perish2
|-start|p2b: Sinistcha|perish2
|-start|p1b: Gengar|perish2
|upkeep
|turn|3
|inactive|TemporalDonut has 30 seconds left.
|
|t:|1783889432
|switch|p1b: Maushold|Maushold, L50|100/100
|move|p1a: Incineroar|Parting Shot|p2a: Incineroar
|-unboost|p2a: Incineroar|atk|1
|-unboost|p2a: Incineroar|spa|1
|
|t:|1783889438
|switch|p1a: Gengar|Gengar-Mega, L50, F|100/100|[from] Parting Shot
|move|p2a: Incineroar|Flare Blitz|p1a: Gengar
|-damage|p1a: Gengar|74/100
|-damage|p2a: Incineroar|83/100|[from] Recoil
|move|p2b: Sinistcha|Matcha Gotcha|p1b: Maushold|[spread] 
|-miss|p2b: Sinistcha|p1a: Gengar
|-miss|p2b: Sinistcha|p1b: Maushold
|
|-start|p2a: Incineroar|perish1
|-start|p2b: Sinistcha|perish1
|upkeep
|turn|4
|
|t:|1783889454
|move|p1a: Gengar|Protect|p1a: Gengar
|-singleturn|p1a: Gengar|Protect
|move|p1b: Maushold|Protect|p1b: Maushold
|-singleturn|p1b: Maushold|Protect
|move|p2a: Incineroar|Parting Shot|p2b: Sinistcha
|-unboost|p2b: Sinistcha|atk|1
|-unboost|p2b: Sinistcha|spa|1
|
|t:|1783889465
|switch|p2a: Blastoise|Blastoise, L50, M|100/100|[from] Parting Shot
|move|p2b: Sinistcha|Matcha Gotcha|p1a: Gengar|[spread] 
|-activate|p1a: Gengar|move: Protect
|-activate|p1b: Maushold|move: Protect
|
|-start|p2b: Sinistcha|perish0
|faint|p2b: Sinistcha
|upkeep
|
|t:|1783889468
|switch|p2b: Incineroar|Incineroar, L50, F|83/100
|-ability|p2b: Incineroar|Intimidate|boost
|-unboost|p1a: Gengar|atk|1
|-unboost|p1b: Maushold|atk|1
|turn|5
|
|t:|1783889485
|switch|p1a: Kingambit|Kingambit, L50, F|100/100
|detailschange|p2a: Blastoise|Blastoise-Mega, L50, M
|-mega|p2a: Blastoise|Blastoise|Blastoisinite
|move|p2b: Incineroar|Fake Out|p1b: Maushold
|-damage|p1b: Maushold|86/100
|move|p2a: Blastoise|Dark Pulse|p1a: Kingambit
|-resisted|p1a: Kingambit|1
|-damage|p1a: Kingambit|84/100
|cant|p1b: Maushold|flinch
|
|-fieldend|move: Trick Room
|upkeep
|turn|6
|inactive|TemporalDonut has 30 seconds left.
|
|t:|1783889512
|switch|p1a: Incineroar|Incineroar, L50, F|100/100
|-ability|p1a: Incineroar|Intimidate|boost
|-unboost|p2a: Blastoise|atk|1
|-unboost|p2b: Incineroar|atk|1
|move|p1b: Maushold|Super Fang|p2a: Blastoise
|-damage|p2a: Blastoise|50/100y
|move|p2a: Blastoise|Shell Smash|p2a: Blastoise
|-unboost|p2a: Blastoise|def|1
|-unboost|p2a: Blastoise|spd|1
|-boost|p2a: Blastoise|atk|2
|-boost|p2a: Blastoise|spa|2
|-boost|p2a: Blastoise|spe|2
|move|p2b: Incineroar|Flare Blitz|p1a: Incineroar
|-resisted|p1a: Incineroar|1
|-damage|p1a: Incineroar|89/100
|-damage|p2b: Incineroar|79/100|[from] Recoil
|
|-heal|p1a: Incineroar|95/100|[from] item: Leftovers
|upkeep
|turn|7
|inactive|zileu has 30 seconds left.
|
|t:|1783889537
|move|p2a: Blastoise|Protect|p2a: Blastoise
|-singleturn|p2a: Blastoise|Protect
|move|p1a: Incineroar|Fake Out|p2b: Incineroar
|-damage|p2b: Incineroar|67/100
|move|p1b: Maushold|Encore|p2a: Blastoise
|-activate|p2a: Blastoise|move: Protect
|cant|p2b: Incineroar|flinch
|
|-heal|p1a: Incineroar|100/100|[from] item: Leftovers
|upkeep
|turn|8
|
|t:|1783889554
|move|p2b: Incineroar|Helping Hand|p2a: Blastoise
|-singleturn|p2a: Blastoise|Helping Hand|[of] p2b: Incineroar
|move|p2a: Blastoise|Water Spout|p1b: Maushold|[spread] p1a,p1b
|-supereffective|p1a: Incineroar|1
|-damage|p1a: Incineroar|13/100
|-damage|p1b: Maushold|0 fnt
|faint|p1b: Maushold
|move|p1a: Incineroar|Parting Shot|p2b: Incineroar
|-unboost|p2b: Incineroar|atk|1
|-unboost|p2b: Incineroar|spa|1
|
|t:|1783889564
|switch|p1a: Gengar|Gengar-Mega, L50, F|74/100|[from] Parting Shot
|
|upkeep
|
|t:|1783889568
|switch|p1b: Incineroar|Incineroar, L50, F|13/100
|-ability|p1b: Incineroar|Intimidate|boost
|-unboost|p2a: Blastoise|atk|1
|-unboost|p2b: Incineroar|atk|1
|turn|9
|inactive|TemporalDonut has 30 seconds left.
|
|t:|1783889599
|move|p1b: Incineroar|Fake Out|p2a: Blastoise
|-damage|p2a: Blastoise|32/100
|cant|p2a: Blastoise|flinch
|move|p1a: Gengar|Shadow Ball|p2a: Blastoise
|-damage|p2a: Blastoise|0 fnt
|faint|p2a: Blastoise
|move|p2b: Incineroar|Parting Shot|p1a: Gengar
|-unboost|p1a: Gengar|atk|1
|-unboost|p1a: Gengar|spa|1
|
|t:|1783889606
|switch|p2b: Sneasler|Sneasler, L50, F|100/100|[from] Parting Shot
|
|-heal|p1b: Incineroar|19/100|[from] item: Leftovers
|upkeep
|
|t:|1783889608
|switch|p2a: Incineroar|Incineroar, L50, F|67/100
|-ability|p2a: Incineroar|Intimidate|boost
|-unboost|p1a: Gengar|atk|1
|-unboost|p1b: Incineroar|atk|1
|turn|10
|inactive|zileu has 30 seconds left.
|
|t:|1783889635
|move|p1b: Incineroar|Protect|p1b: Incineroar
|-singleturn|p1b: Incineroar|Protect
|move|p2a: Incineroar|Fake Out|p1b: Incineroar
|-activate|p1b: Incineroar|move: Protect
|move|p1a: Gengar|Perish Song|p1a: Gengar
|-start|p1a: Gengar|perish3|[silent]
|-start|p1b: Incineroar|perish3|[silent]
|-start|p2a: Incineroar|perish3|[silent]
|-start|p2b: Sneasler|perish3|[silent]
|-fieldactivate|move: Perish Song
|move|p2b: Sneasler|Poison Jab|p1a: Gengar
|-resisted|p1a: Gengar|2
|-damage|p1a: Gengar|64/100
|
|-heal|p1b: Incineroar|25/100|[from] item: Leftovers
|-start|p1a: Gengar|perish3
|-start|p2b: Sneasler|perish3
|-start|p2a: Incineroar|perish3
|-start|p1b: Incineroar|perish3
|upkeep
|turn|11
|inactive|TemporalDonut has 30 seconds left.
|
|t:|1783889665
|switch|p1a: Kingambit|Kingambit, L50, F|84/100
|move|p2b: Sneasler|Close Combat|p1b: Incineroar
|-supereffective|p1b: Incineroar|1
|-damage|p1b: Incineroar|0 fnt
|-unboost|p2b: Sneasler|def|1
|-unboost|p2b: Sneasler|spd|1
|faint|p1b: Incineroar
|move|p2a: Incineroar|Flare Blitz|p1a: Kingambit
|-supereffective|p1a: Kingambit|1
|-damage|p1a: Kingambit|4/100
|-damage|p2a: Incineroar|40/100|[from] Recoil
|-enditem|p2a: Incineroar|Sitrus Berry|[eat]
|-heal|p2a: Incineroar|64/100|[from] item: Sitrus Berry
|
|-start|p2b: Sneasler|perish2
|-start|p2a: Incineroar|perish2
|upkeep
|
|t:|1783889680
|switch|p1b: Gengar|Gengar-Mega, L50, F|64/100
|turn|12
|inactive|TemporalDonut has 30 seconds left.
|
|t:|1783889709
|move|p2b: Sneasler|Quick Guard|p2b: Sneasler
|-singleturn|p2b: Sneasler|Quick Guard
|move|p1a: Kingambit|Sucker Punch|p2a: Incineroar
|-activate|p2a: Incineroar|move: Quick Guard
|move|p1b: Gengar|Disable|p2a: Incineroar
|-start|p2a: Incineroar|Disable|Flare Blitz
|cant|p2a: Incineroar|Disable|Flare Blitz
|
|-start|p2b: Sneasler|perish1
|-start|p2a: Incineroar|perish1
|upkeep
|turn|13
|
|t:|1783889722
|move|p2a: Incineroar|Helping Hand|p2b: Sneasler
|-singleturn|p2b: Sneasler|Helping Hand|[of] p2a: Incineroar
|move|p1b: Gengar|Protect|p1b: Gengar
|-singleturn|p1b: Gengar|Protect
|move|p1a: Kingambit|Protect|p1a: Kingambit
|-singleturn|p1a: Kingambit|Protect
|move|p2b: Sneasler|Close Combat|p1a: Kingambit
|-activate|p1a: Kingambit|move: Protect
|
|-start|p2b: Sneasler|perish0
|-start|p2a: Incineroar|perish0
|faint|p2b: Sneasler
|faint|p2a: Incineroar
|
|win|TemporalDonut
|raw|TemporalDonut's rating: 1084 → 1116(+32 for winning)
|raw|zileu's rating: 1144 → 1115(-29 for losing)
|c|☆TemporalDonut|gg
|l|☆zileu
|player|p2|
