|j|☆FrancoilCieco777
|j|☆impno
|html|FrancoilCieco777impno    
|uhtml|bestof|Game 2 of a best-of-3
|t:|1756996636
|gametype|doubles
|player|p1|FrancoilCieco777|baker|1060
|player|p2|impno|ethan|1033
|gen|9
|tier|[Gen 9] VGC 2025 Reg H (Bo3)
|rated|
|rule|Species Clause: Limit one of each Pokémon
|rule|Item Clause: Limit 1 of each item
|clearpoke
|poke|p1|Volcarona, L50, M|
|poke|p1|Electabuzz, L50, F|
|poke|p1|Sneasler, L50, M|
|poke|p1|Kingambit, L50, F|
|poke|p1|Dragonite, L50, M|
|poke|p1|Rillaboom, L50, M|
|poke|p2|Indeedee, L50, M|
|poke|p2|Excadrill, L50, F|
|poke|p2|Tyranitar, L50, F|
|poke|p2|Sneasler, L50, F|
|poke|p2|Whimsicott, L50, M|
|poke|p2|Gholdengo, L50|
|teampreview|4
|showteam|p1|Volcarona||CovertCloak|FlameBody|HeatWave,TeraBlast,QuiverDance,Protect|||M|||50|,,,,,Fairy]Electabuzz||Eviolite|VitalSpirit|Thunderbolt,FollowMe,Taunt,Protect|||F|||50|,,,,,Ghost]Sneasler||FocusSash|Unburden|FakeOut,CloseCombat,DireClaw,Coaching|||M|||50|,,,,,Stellar]Kingambit||BlackGlasses|Defiant|KowtowCleave,SuckerPunch,SwordsDance,Protect|||F|||50|,,,,,Dark]Dragonite||LoadedDice|Multiscale|ScaleShot,ExtremeSpeed,Haze,Protect|||M|||50|,,,,,Normal]Rillaboom||AssaultVest|GrassySurge|WoodHammer,GrassyGlide,HighHorsepower,FakeOut|||M|||50|,,,,,Fire
|showteam|p2|Indeedee||ChoiceScarf|PsychicSurge|ExpandingForce,DazzlingGleam,Trick,Protect|||M|||50|,,,,,Psychic]Excadrill||LifeOrb|SandRush|HighHorsepower,IronHead,SwordsDance,Protect|||F|||50|,,,,,Ground]Tyranitar||AssaultVest|SandStream|HighHorsepower,KnockOff,StoneEdge,RockSlide|||F|||50|,,,,,Flying]Sneasler||PsychicSeed|Unburden|DireClaw,CloseCombat,Acrobatics,Protect|||F|||50|,,,,,Stellar]Whimsicott||FocusSash|Prankster|Tailwind,Encore,Moonblast,Protect|||M|||50|,,,,,Ghost]Gholdengo||ChoiceSpecs|GoodasGold|MakeItRain,ShadowBall,Trick,Protect||||||50|,,,,,Steel
|inactive|Battle timer is ON: inactive players will automatically lose when time's up. (requested by FrancoilCieco777)
|
|t:|1756996652
|teamsize|p1|4
|teamsize|p2|4
|start
|switch|p1a: Dragonite|Dragonite, L50, M, shiny|100/100
|switch|p1b: Kingambit|Kingambit, L50, F, shiny|100/100
|switch|p2a: Tyranitar|Tyranitar, L50, F, shiny|100/100
|switch|p2b: Excadrill|Excadrill, L50, F, shiny|100/100
|-weather|Sandstorm|[from] ability: Sand Stream|[of] p2a: Tyranitar
|turn|1
|
|t:|1756996665
|switch|p1a: Rillaboom|Rillaboom, L50, M|100/100
|-fieldstart|move: Grassy Terrain|[from] ability: Grassy Surge|[of] p1a: Rillaboom
|switch|p2a: Indeedee|Indeedee, L50, M, shiny|100/100
|-fieldstart|move: Psychic Terrain|[from] ability: Psychic Surge|[of] p2a: Indeedee
|-terastallize|p1b: Kingambit|Dark
|move|p1b: Kingambit|Sucker Punch|p2b: Excadrill
|-activate|p2b: Excadrill|move: Psychic Terrain
|move|p2b: Excadrill|High Horsepower|p1b: Kingambit
|-damage|p1b: Kingambit|49/100
|-damage|p2b: Excadrill|91/100|[from] item: Life Orb
|
|-weather|Sandstorm|[upkeep]
|-damage|p2a: Indeedee|95/100|[from] Sandstorm
|-damage|p1a: Rillaboom|94/100|[from] Sandstorm
|-damage|p1b: Kingambit|43/100|[from] Sandstorm
|upkeep
|turn|2
|inactive|impno has 30 seconds left.
|
|t:|1756996697
|move|p1b: Kingambit|Protect|p1b: Kingambit
|-singleturn|p1b: Kingambit|Protect
|move|p2b: Excadrill|High Horsepower|p1b: Kingambit
|-activate|p1b: Kingambit|move: Protect
|move|p2a: Indeedee|Expanding Force|p1a: Rillaboom|[spread] p1a
|-activate|p1b: Kingambit|move: Protect
|-damage|p1a: Rillaboom|59/100
|move|p1a: Rillaboom|Wood Hammer|p2b: Excadrill
|-damage|p2b: Excadrill|3/100
|-damage|p1a: Rillaboom|33/100|[from] Recoil
|
|-weather|Sandstorm|[upkeep]
|-damage|p2a: Indeedee|89/100|[from] Sandstorm
|-damage|p1a: Rillaboom|27/100|[from] Sandstorm
|-damage|p1b: Kingambit|37/100|[from] Sandstorm
|upkeep
|turn|3
|
|t:|1756996717
|switch|p1a: Dragonite|Dragonite, L50, M, shiny|100/100
|switch|p1b: Sneasler|Sneasler, L50, M|100/100
|move|p2b: Excadrill|Iron Head|p1b: Sneasler
|-enditem|p1b: Sneasler|Focus Sash
|-damage|p1b: Sneasler|1/100
|-damage|p2b: Excadrill|0 fnt|[from] item: Life Orb
|faint|p2b: Excadrill
|move|p2a: Indeedee|Expanding Force|p1b: Sneasler|[spread] p1a,p1b
|-supereffective|p1b: Sneasler
|-crit|p1b: Sneasler
|-damage|p1a: Dragonite|69/100
|-damage|p1b: Sneasler|0 fnt
|faint|p1b: Sneasler
|
|-weather|Sandstorm|[upkeep]
|-damage|p2a: Indeedee|83/100|[from] Sandstorm
|-damage|p1a: Dragonite|63/100|[from] Sandstorm
|upkeep
|
|t:|1756996734
|switch|p1b: Rillaboom|Rillaboom, L50, M|27/100
|switch|p2b: Tyranitar|Tyranitar, L50, F, shiny|100/100
|-fieldstart|move: Grassy Terrain|[from] ability: Grassy Surge|[of] p1b: Rillaboom
|turn|4
|inactive|impno has 30 seconds left.
|
|t:|1756996763
|switch|p2a: Gholdengo|Gholdengo, L50, shiny|100/100
|-terastallize|p2b: Tyranitar|Flying
|move|p1a: Dragonite|Scale Shot|p2b: Tyranitar
|-damage|p2b: Tyranitar|88/100
|-damage|p2b: Tyranitar|76/100
|-damage|p2b: Tyranitar|65/100
|-damage|p2b: Tyranitar|51/100
|-damage|p2b: Tyranitar|39/100
|-hitcount|p2b: Tyranitar|5
|-unboost|p1a: Dragonite|def|1
|-boost|p1a: Dragonite|spe|1
|move|p1b: Rillaboom|High Horsepower|p2a: Gholdengo
|-supereffective|p2a: Gholdengo
|-damage|p2a: Gholdengo|33/100
|move|p2b: Tyranitar|High Horsepower|p1b: Rillaboom
|-resisted|p1b: Rillaboom
|-damage|p1b: Rillaboom|9/100
|
|-weather|Sandstorm|[upkeep]
|-damage|p1a: Dragonite|57/100|[from] Sandstorm
|-damage|p1b: Rillaboom|3/100|[from] Sandstorm
|-damage|p2b: Tyranitar|33/100|[from] Sandstorm
|-heal|p2a: Gholdengo|39/100|[from] Grassy Terrain
|-heal|p1b: Rillaboom|9/100|[from] Grassy Terrain
|upkeep
|turn|5
|inactive|FrancoilCieco777 has 30 seconds left.
|inactive|impno has 30 seconds left.
|inactive|impno has 20 seconds left.
|
|t:|1756996798
|move|p1a: Dragonite|Scale Shot|p2a: Gholdengo
|-resisted|p2a: Gholdengo
|-damage|p2a: Gholdengo|30/100
|-resisted|p2a: Gholdengo
|-damage|p2a: Gholdengo|22/100
|-resisted|p2a: Gholdengo
|-damage|p2a: Gholdengo|13/100
|-resisted|p2a: Gholdengo
|-damage|p2a: Gholdengo|4/100
|-hitcount|p2a: Gholdengo|4
|-unboost|p1a: Dragonite|def|1
|-boost|p1a: Dragonite|spe|1
|move|p2a: Gholdengo|Shadow Ball|p1a: Dragonite
|-damage|p1a: Dragonite|0 fnt
|faint|p1a: Dragonite
|move|p1b: Rillaboom|Wood Hammer|p2b: Tyranitar
|-resisted|p2b: Tyranitar
|-damage|p2b: Tyranitar|2/100
|-damage|p1b: Rillaboom|0 fnt|[from] Recoil
|faint|p1b: Rillaboom
|move|p2b: Tyranitar|Rock Slide|p1: Dragonite|[notarget]
|-fail|p2b: Tyranitar
|
|-weather|none
|-heal|p2a: Gholdengo|10/100|[from] Grassy Terrain
|upkeep
|
|t:|1756996814
|switch|p1b: Kingambit|Kingambit, L50, F, shiny, tera:Dark|37/100
|turn|6
|
|t:|1756996831
|switch|p2a: Indeedee|Indeedee, L50, M, shiny|83/100
|-fieldstart|move: Psychic Terrain|[from] ability: Psychic Surge|[of] p2a: Indeedee
|move|p1b: Kingambit|Sucker Punch||[still]
|-fail|p1b: Kingambit
|move|p2b: Tyranitar|Knock Off|p1b: Kingambit
|-resisted|p1b: Kingambit
|-damage|p1b: Kingambit|17/100
|-enditem|p1b: Kingambit|Black Glasses|[from] move: Knock Off|[of] p2b: Tyranitar
|
|upkeep
|turn|7
|-message|FrancoilCieco777 forfeited.
|
|win|impno
