|j|☆kushala25
|j|☆Missed Ledgedash
|html|kushala25Missed Ledgedash    
|uhtml|bestof|Game 1 of a best-of-3
|t:|1782419023
|gametype|doubles
|player|p1|kushala25|marshal|1096
|player|p2|Missed Ledgedash|juan-gen3|1246
|gen|9
|tier|[Gen 9 Champions] VGC 2026 Reg M-B (Bo3)
|rated|
|rule|Species Clause: Limit one of each Pokémon
|rule|Item Clause: Limit 1 of each item
|clearpoke
|poke|p1|Metagross, L50|
|poke|p1|Staraptor, L50, M|
|poke|p1|Milotic, L50, M|
|poke|p1|Whimsicott, L50, M|
|poke|p1|Typhlosion-Hisui, L50, F|
|poke|p1|Garchomp, L50, M|
|poke|p2|Incineroar, L50, F|
|poke|p2|Gengar, L50, M|
|poke|p2|Staraptor, L50, M|
|poke|p2|Basculegion, L50, M|
|poke|p2|Sneasler, L50, M|
|poke|p2|Kingambit, L50, F|
|teampreview|4
|showteam|p1|Metagross||Metagrossite|ClearBody|PsychicFangs,HardPress,StompingTantrum,CosmicPower|Adamant|||||50|]Staraptor||Staraptite|Intimidate|CloseCombat,BraveBird,Protect,Roost|Jolly||M|||50|]Milotic||SitrusBerry|Competitive|LightScreen,Scald,Recover,AlluringVoice|Bold||M|||50|]Whimsicott||FocusSash|Prankster|Moonblast,Tailwind,Charm,FakeTears|Timid||M|||50|]Typhlosion-Hisui||ChoiceScarf|Frisk|Eruption,HeatWave,ShadowBall,WillOWisp|Timid||F|||50|]Garchomp||LifeOrb|RoughSkin|DragonClaw,RockTomb,StompingTantrum,PoisonJab|Jolly||M|||50|
|showteam|p2|Incineroar||SitrusBerry|Intimidate|Protect,FlareBlitz,PartingShot,FakeOut|Relaxed||F|||50|]Gengar||Gengarite|CursedBody|Protect,ShadowBall,SludgeBomb,PerishSong|Timid||M|||50|]Staraptor||Staraptite|Intimidate|Protect,CloseCombat,BraveBird,FinalGambit|Jolly||M|||50|]Basculegion||MysticWater|Adaptability|Protect,WaveCrash,LastRespects,AquaJet|Adamant||M|||50|]Sneasler||WhiteHerb|Unburden|Protect,CloseCombat,DireClaw,FakeOut|Adamant||M|||50|]Kingambit||ChopleBerry|Defiant|Protect,KowtowCleave,SuckerPunch,LowKick|Adamant||F|||50|
|
|t:|1782419090
|teamsize|p1|4
|teamsize|p2|4
|start
|switch|p1a: Metagross|Metagross, L50|100/100
|switch|p1b: Whimsicott|Whimsicott, L50, M|100/100
|switch|p2a: Kingambit|Kingambit, L50, F|100/100
|switch|p2b: Staraptor|Staraptor, L50, M|100/100
|-ability|p2b: Staraptor|Intimidate|boost
|-fail|p1a: Metagross|unboost|[from] ability: Clear Body|[of] p1a: Metagross
|-unboost|p1b: Whimsicott|atk|1
|turn|1
|
|t:|1782419113
|detailschange|p1a: Metagross|Metagross-Mega, L50
|-mega|p1a: Metagross|Metagross|Metagrossite
|move|p1b: Whimsicott|Tailwind|p1b: Whimsicott
|-sidestart|p1: kushala25|move: Tailwind
|move|p1a: Metagross|Cosmic Power|p1a: Metagross
|-boost|p1a: Metagross|def|1
|-boost|p1a: Metagross|spd|1
|move|p2b: Staraptor|Final Gambit|p1a: Metagross
|-damage|p1a: Metagross|0 fnt
|faint|p2b: Staraptor
|faint|p1a: Metagross
|move|p2a: Kingambit|Kowtow Cleave|p1b: Whimsicott
|-resisted|p1b: Whimsicott|1
|-damage|p1b: Whimsicott|64/100
|
|upkeep
|
|t:|1782419127
|switch|p2b: Gengar|Gengar, L50, M|100/100
|switch|p1a: Garchomp|Garchomp, L50, M|100/100
|turn|2
|
|t:|1782419148
|switch|p1b: Typhlosion|Typhlosion-Hisui, L50, F|100/100
|-item|p2a: Kingambit|Chople Berry|[from] ability: Frisk|[of] p1b: Typhlosion
|-item|p2b: Gengar|Gengarite|[from] ability: Frisk|[of] p1b: Typhlosion
|detailschange|p2b: Gengar|Gengar-Mega, L50, M
|-mega|p2b: Gengar|Gengar|Gengarite
|move|p2b: Gengar|Protect|p2b: Gengar
|-singleturn|p2b: Gengar|Protect
|move|p1a: Garchomp|Stomping Tantrum|p2b: Gengar
|-activate|p2b: Gengar|move: Protect
|move|p2a: Kingambit|Kowtow Cleave|p1a: Garchomp
|-damage|p1a: Garchomp|47/100
|-damage|p2a: Kingambit|87/100|[from] ability: Rough Skin|[of] p1a: Garchomp
|
|upkeep
|turn|3
|
|t:|1782419168
|switch|p2b: Basculegion|Basculegion, L50, M|100/100
|move|p2a: Kingambit|Sucker Punch||[still]
|-fail|p2a: Kingambit
|move|p1b: Typhlosion|Will-O-Wisp|p2a: Kingambit
|-status|p2a: Kingambit|brn
|move|p1a: Garchomp|Stomping Tantrum|p2b: Basculegion
|-damage|p2b: Basculegion|43/100
|-damage|p1a: Garchomp|37/100|[from] item: Life Orb
|
|-damage|p2a: Kingambit|82/100 brn|[from] brn
|upkeep
|turn|4
|
|t:|1782419179
|move|p2b: Basculegion|Protect|p2b: Basculegion
|-singleturn|p2b: Basculegion|Protect
|move|p2a: Kingambit|Protect|p2a: Kingambit
|-singleturn|p2a: Kingambit|Protect
|move|p1b: Typhlosion|Will-O-Wisp|p2b: Basculegion
|-activate|p2b: Basculegion|move: Protect
|move|p1a: Garchomp|Stomping Tantrum|p2a: Kingambit
|-activate|p2a: Kingambit|move: Protect
|
|-damage|p2a: Kingambit|76/100 brn|[from] brn
|-sideend|p1: kushala25|move: Tailwind
|upkeep
|turn|5
|
|t:|1782419193
|switch|p1b: Whimsicott|Whimsicott, L50, M|64/100
|move|p2a: Kingambit|Sucker Punch|p1a: Garchomp
|-damage|p1a: Garchomp|16/100
|-damage|p2a: Kingambit|64/100 brn|[from] ability: Rough Skin|[of] p1a: Garchomp
|move|p1a: Garchomp|Dragon Claw|p2b: Basculegion
|-damage|p2b: Basculegion|0 fnt
|faint|p2b: Basculegion
|-damage|p1a: Garchomp|6/100|[from] item: Life Orb
|
|-damage|p2a: Kingambit|58/100 brn|[from] brn
|upkeep
|
|t:|1782419202
|switch|p2b: Gengar|Gengar-Mega, L50, M|100/100
|turn|6
|
|t:|1782419214
|move|p1b: Whimsicott|Tailwind|p1b: Whimsicott
|-sidestart|p1: kushala25|move: Tailwind
|move|p2a: Kingambit|Sucker Punch|p1a: Garchomp
|-damage|p1a: Garchomp|0 fnt
|-damage|p2a: Kingambit|46/100 brn|[from] ability: Rough Skin|[of] p1a: Garchomp
|faint|p1a: Garchomp
|move|p2b: Gengar|Sludge Bomb|p1b: Whimsicott
|-supereffective|p1b: Whimsicott|2
|-damage|p1b: Whimsicott|0 fnt
|faint|p1b: Whimsicott
|
|-damage|p2a: Kingambit|40/100 brn|[from] brn
|upkeep
|
|t:|1782419224
|switch|p1a: Typhlosion|Typhlosion-Hisui, L50, F|100/100
|-item|p2a: Kingambit|Chople Berry|[from] ability: Frisk|[of] p1a: Typhlosion
|-item|p2b: Gengar|Gengarite|[from] ability: Frisk|[of] p1a: Typhlosion
|turn|7
|
|t:|1782419228
|move|p2b: Gengar|Protect|p2b: Gengar
|-singleturn|p2b: Gengar|Protect
|move|p2a: Kingambit|Protect|p2a: Kingambit
|-singleturn|p2a: Kingambit|Protect
|move|p1a: Typhlosion|Eruption|p2a: Kingambit|[spread] 
|-activate|p2a: Kingambit|move: Protect
|-activate|p2b: Gengar|move: Protect
|
|-damage|p2a: Kingambit|34/100 brn|[from] brn
|upkeep
|turn|8
|
|t:|1782419236
|move|p2a: Kingambit|Sucker Punch|p1a: Typhlosion
|-supereffective|p1a: Typhlosion|1
|-damage|p1a: Typhlosion|40/100
|move|p1a: Typhlosion|Eruption|p2a: Kingambit|[spread] p2a,p2b
|-supereffective|p2a: Kingambit|1
|-damage|p2a: Kingambit|0 fnt
|-damage|p2b: Gengar|74/100
|faint|p2a: Kingambit
|move|p2b: Gengar|Shadow Ball|p1a: Typhlosion
|-supereffective|p1a: Typhlosion|1
|-damage|p1a: Typhlosion|0 fnt
|faint|p1a: Typhlosion
|
|win|Missed Ledgedash
