|j|☆gundot
|j|☆ayrsoudneiht
|html|gundotayrsoudneiht    
|uhtml|bestof|Game 2 of a best-of-3
|t:|1782214465
|gametype|doubles
|player|p1|gundot|ethan|1128
|player|p2|ayrsoudneiht|266|1000
|gen|9
|tier|[Gen 9 Champions] VGC 2026 Reg M-B (Bo3)
|rated|
|rule|Species Clause: Limit one of each Pokémon
|rule|Item Clause: Limit 1 of each item
|clearpoke
|poke|p1|Froslass, L50, F|
|poke|p1|Scovillain, L50, F, shiny|
|poke|p1|Basculegion, L50, M|
|poke|p1|Kingambit, L50, M|
|poke|p1|Sneasler, L50, F|
|poke|p1|Lycanroc-Dusk, L50, F|
|poke|p2|Alcremie, L50, F|
|poke|p2|Maushold, L50|
|poke|p2|Dragalge, L50, M|
|poke|p2|Goodra-Hisui, L50, M|
|poke|p2|Emboar, L50, M|
|poke|p2|Mr. Rime, L50, F|
|teampreview|4
|showteam|p1|Froslass||Froslassite|CursedBody|Blizzard,ShadowBall,AuroraVeil,Protect|Modest||F|||50|]Scovillain||Scovillainite|Moody|GigaDrain,Overheat,RagePowder,Protect|Bold||F|||50|]Basculegion||SitrusBerry|Adaptability|WaveCrash,LastRespects,AquaJet,Protect|Adamant||M|||50|]Kingambit||BlackGlasses|Defiant|KowtowCleave,SuckerPunch,SwordsDance,Protect|Adamant||M|||50|]Sneasler||WhiteHerb|Unburden|CloseCombat,GunkShot,Protect,FakeOut|Adamant||F|||50|]Lycanroc-Dusk||FocusSash|ToughClaws|CloseCombat,Accelerock,RockSlide,Protect|Adamant||F|||50|
|showteam|p2|Alcremie||Leftovers|AromaVeil|Decorate,Psychic,DazzlingGleam,WonderRoom|Modest||F|||50|]Maushold||FocusSash|FriendGuard|FollowMe,Copycat,Uturn,AfterYou|Jolly|||||50|]Dragalge||Dragalgite|Adaptability|Toxic,Haze,Protect,SludgeWave|Sassy||M|||50|]Goodra-Hisui||SitrusBerry|ShellArmor|IceBeam,BodyPress,KnockOff,Protect|Sassy||M|||50|]Emboar||Emboarite|Reckless|BodyPress,WildCharge,FlareBlitz,WillOWisp|Careful||M|||50|]Mr. Rime||ChoiceScarf|IceBody|FreezeDry,ShadowBall,Thunder,BatonPass|Timid||F|||50|
|inactive|Battle timer is ON: inactive players will automatically lose when time's up. (requested by gundot)
|
|t:|1782214479
|teamsize|p1|4
|teamsize|p2|4
|start
|switch|p1a: Froslass|Froslass, L50, F|100/100
|switch|p1b: Sneasler|Sneasler, L50, F|100/100
|switch|p2a: Emboar|Emboar, L50, M|100/100
|switch|p2b: Maushold|Maushold, L50|100/100
|turn|1
|inactive|gundot has 30 seconds left.
|
|t:|1782214505
|detailschange|p1a: Froslass|Froslass-Mega, L50, F
|-mega|p1a: Froslass|Froslass|Froslassite
|-weather|Snowscape|[from] ability: Snow Warning|[of] p1a: Froslass
|detailschange|p2a: Emboar|Emboar-Mega, L50, M
|-mega|p2a: Emboar|Emboar|Emboarite
|-ability|p2a: Emboar|Mold Breaker
|move|p1b: Sneasler|Fake Out|p2a: Emboar
|-damage|p2a: Emboar|89/100
|move|p2b: Maushold|Copycat|p2b: Maushold
|move|p2b: Maushold|Fake Out|p1b: Sneasler|[from] move: Copycat
|-damage|p1b: Sneasler|87/100
|move|p1a: Froslass|Aurora Veil|p1a: Froslass
|-sidestart|p1: gundot|move: Aurora Veil
|cant|p2a: Emboar|flinch
|
|-weather|Snowscape|[upkeep]
|upkeep
|turn|2
|inactive|ayrsoudneiht has 30 seconds left.
|
|t:|1782214531
|move|p2b: Maushold|U-turn|p1a: Froslass
|-resisted|p1a: Froslass|1
|-damage|p1a: Froslass|95/100
|
|t:|1782214535
|switch|p2b: Alcremie|Alcremie, L50, F|100/100|[from] U-turn
|move|p1a: Froslass|Blizzard|p2a: Emboar|[spread] p2a,p2b
|-resisted|p2a: Emboar|1
|-damage|p2a: Emboar|78/100
|-damage|p2b: Alcremie|60/100
|move|p1b: Sneasler|Close Combat|p2a: Emboar
|-damage|p2a: Emboar|15/100
|-unboost|p1b: Sneasler|def|1
|-unboost|p1b: Sneasler|spd|1
|-enditem|p1b: Sneasler|White Herb
|-clearnegativeboost|p1b: Sneasler|[silent]
|move|p2a: Emboar|Flare Blitz|p1a: Froslass
|-supereffective|p1a: Froslass|1
|-damage|p1a: Froslass|21/100
|-damage|p2a: Emboar|0 fnt|[from] Recoil
|faint|p2a: Emboar
|
|-weather|Snowscape|[upkeep]
|-heal|p2b: Alcremie|66/100|[from] item: Leftovers
|upkeep
|
|t:|1782214557
|switch|p2a: Maushold|Maushold, L50|100/100
|turn|3
|
|t:|1782214572
|move|p2a: Maushold|Follow Me|p2a: Maushold
|-singleturn|p2a: Maushold|move: Follow Me
|move|p1b: Sneasler|Close Combat|p2a: Maushold
|-supereffective|p2a: Maushold|1
|-enditem|p2a: Maushold|Focus Sash
|-damage|p2a: Maushold|1/100
|-unboost|p1b: Sneasler|def|1
|-unboost|p1b: Sneasler|spd|1
|move|p1a: Froslass|Blizzard|p2a: Maushold|[spread] p2a,p2b
|-damage|p2a: Maushold|0 fnt
|-damage|p2b: Alcremie|33/100
|-status|p2b: Alcremie|frz
|faint|p2a: Maushold
|cant|p2b: Alcremie|frz
|
|-weather|Snowscape|[upkeep]
|-heal|p2b: Alcremie|40/100 frz|[from] item: Leftovers
|upkeep
|
|t:|1782214590
|switch|p2a: Goodra|Goodra-Hisui, L50, M|100/100
|turn|4
|inactive|gundot has 30 seconds left.
|
|t:|1782214615
|move|p1b: Sneasler|Close Combat|p2a: Goodra
|-supereffective|p2a: Goodra|1
|-damage|p2a: Goodra|1/100
|-unboost|p1b: Sneasler|def|1
|-unboost|p1b: Sneasler|spd|1
|-enditem|p2a: Goodra|Sitrus Berry|[eat]
|-heal|p2a: Goodra|25/100|[from] item: Sitrus Berry
|move|p1a: Froslass|Blizzard|p2b: Alcremie|[spread] p2a,p2b
|-damage|p2a: Goodra|1/100
|-damage|p2b: Alcremie|0 fnt
|faint|p2b: Alcremie
|move|p2a: Goodra|Knock Off|p1a: Froslass
|-supereffective|p1a: Froslass|1
|-damage|p1a: Froslass|2/100
|
|-weather|Snowscape|[upkeep]
|upkeep
|turn|5
|-message|ayrsoudneiht forfeited.
|
|win|gundot
|raw|gundot's rating: 1128 → 1144(+16 for winning)
|raw|ayrsoudneiht's rating: 1000 → 1000(+0 for losing)
