|j|☆the bugcather
|j|☆Fedemitra9
|html|the bugcatherFedemitra9    
|uhtml|bestof|Game 3 of a best-of-3
|t:|1756401245
|gametype|doubles
|player|p1|the bugcather|bugcatcher-gen4dp|1247
|player|p2|Fedemitra9|hiker-gen4|1169
|gen|9
|tier|[Gen 9] VGC 2025 Reg H (Bo3)
|rated|
|rule|Species Clause: Limit one of each Pokémon
|rule|Item Clause: Limit 1 of each item
|clearpoke
|poke|p1|Archaludon, L50, M|
|poke|p1|Pelipper, L50, M|
|poke|p1|Basculegion, L50, M|
|poke|p1|Maushold, L50|
|poke|p1|Annihilape, L50, F|
|poke|p1|Sinistcha-Masterpiece, L50|
|poke|p2|Garchomp, L50, M|
|poke|p2|Jumpluff, L50, M|
|poke|p2|Torkoal, L50, M|
|poke|p2|Dragonite, L50, M|
|poke|p2|Kingambit, L50, M|
|poke|p2|Typhlosion-Hisui, L50, M|
|teampreview|4
|showteam|p1|Archaludon||AssaultVest|Stamina|Snarl,ElectroShot,DracoMeteor,BodyPress|||M|||50|,,,,,Bug]Pelipper||FocusSash|Drizzle|MuddyWater,Hurricane,Tailwind,Protect|||M|||50|,,,,,Grass]Basculegion||ChoiceScarf|Adaptability|WaveCrash,LastRespects,AquaJet,FlipTurn|||M|||50|,,,,,Grass]Maushold||SafetyGoggles|FriendGuard|BeatUp,Taunt,FollowMe,Protect||||||50|,,,,,Ghost]Annihilape||Leftovers|Defiant|DrainPunch,RageFist,BulkUp,Protect|||F|||50|,,,,,Water]Sinistcha-Masterpiece||SitrusBerry|Hospitality|MatchaGotcha,Curse,RagePowder,TrickRoom||||||50|,,,,,Dark
|showteam|p2|Garchomp||LifeOrb|RoughSkin|DragonClaw,StompingTantrum,Earthquake,Protect|||M|||50|,,,,,Fire]Jumpluff||CovertCloak|Chlorophyll|LeafStorm,SleepPowder,Encore,Tailwind|||M|||50|,,,,,Poison]Torkoal||EjectPack|Drought|Overheat,BurningJealousy,HelpingHand,Protect|||M|||50|,,,,,Flying]Dragonite||LoadedDice|Multiscale|ExtremeSpeed,ScaleShot,IceSpinner,Protect|||M|||50|,,,,,Fairy]Kingambit||AssaultVest|Defiant|Assurance,SuckerPunch,IronHead,LowKick|||M|||50|,,,,,Flying]Typhlosion-Hisui||ChoiceSpecs|Blaze|Eruption,ShadowBall,HeatWave,Overheat|||M|||50|,,,,,Fire
|inactive|Battle timer is ON: inactive players will automatically lose when time's up. (requested by the bugcather)
|inactive|Fedemitra9 has 60 seconds left.
|
|t:|1756401300
|teamsize|p1|4
|teamsize|p2|4
|start
|switch|p1a: Basculegion|Basculegion, L50, M|100/100
|switch|p1b: Sinistcha|Sinistcha-Masterpiece, L50|100/100
|switch|p2a: Garchomp|Garchomp, L50, M, shiny|100/100
|switch|p2b: Dragonite|Dragonite, L50, M, shiny|100/100
|turn|1
|
|t:|1756401324
|move|p1a: Basculegion|Flip Turn|p2a: Garchomp
|-damage|p2a: Garchomp|57/100
|-damage|p1a: Basculegion|88/100|[from] ability: Rough Skin|[of] p2a: Garchomp
|
|t:|1756401327
|switch|p1a: Pelipper|Pelipper, L50, M|100/100|[from] Flip Turn
|-weather|RainDance|[from] ability: Drizzle|[of] p1a: Pelipper
|move|p2a: Garchomp|Dragon Claw|p1b: Sinistcha
|-damage|p1b: Sinistcha|47/100
|-enditem|p1b: Sinistcha|Sitrus Berry|[eat]
|-heal|p1b: Sinistcha|72/100|[from] item: Sitrus Berry
|-damage|p2a: Garchomp|47/100|[from] item: Life Orb
|move|p2b: Dragonite|Scale Shot|p1b: Sinistcha
|-damage|p1b: Sinistcha|56/100
|-damage|p1b: Sinistcha|42/100
|-damage|p1b: Sinistcha|28/100
|-damage|p1b: Sinistcha|14/100
|-hitcount|p1b: Sinistcha|4
|-unboost|p2b: Dragonite|def|1
|-boost|p2b: Dragonite|spe|1
|move|p1b: Sinistcha|Trick Room|p1b: Sinistcha
|-fieldstart|move: Trick Room|[of] p1b: Sinistcha
|
|-weather|RainDance|[upkeep]
|upkeep
|turn|2
|inactive|Fedemitra9 has 30 seconds left.
|
|t:|1756401362
|switch|p1a: Archaludon|Archaludon, L50, M|100/100
|switch|p2a: Torkoal|Torkoal, L50, M, shiny|100/100
|-weather|SunnyDay|[from] ability: Drought|[of] p2a: Torkoal
|move|p1b: Sinistcha|Matcha Gotcha|p2a: Torkoal|[spread] p2a,p2b
|-resisted|p2a: Torkoal
|-resisted|p2b: Dragonite
|-damage|p2a: Torkoal|85/100
|-heal|p1b: Sinistcha|22/100|[from] drain|[of] p2a: Torkoal
|-damage|p2b: Dragonite|98/100
|-heal|p1b: Sinistcha|24/100|[from] drain|[of] p2b: Dragonite
|move|p2b: Dragonite|Scale Shot|p1b: Sinistcha
|-damage|p1b: Sinistcha|10/100
|-damage|p1b: Sinistcha|0 fnt
|faint|p1b: Sinistcha
|-hitcount|p1: Sinistcha|2
|-unboost|p2b: Dragonite|def|1
|-boost|p2b: Dragonite|spe|1
|
|-weather|SunnyDay|[upkeep]
|upkeep
|
|t:|1756401367
|switch|p1b: Pelipper|Pelipper, L50, M|100/100
|-weather|RainDance|[from] ability: Drizzle|[of] p1b: Pelipper
|turn|3
|inactive|Fedemitra9 has 30 seconds left.
|inactive|the bugcather has 30 seconds left.
|inactive|Fedemitra9 has 20 seconds left.
|inactive|Fedemitra9 has 15 seconds left.
|inactive|Fedemitra9 has 10 seconds left.
|
|t:|1756401413
|move|p2a: Torkoal|Protect|p2a: Torkoal
|-singleturn|p2a: Torkoal|Protect
|move|p2b: Dragonite|Protect|p2b: Dragonite
|-singleturn|p2b: Dragonite|Protect
|move|p1b: Pelipper|Muddy Water|p2b: Dragonite|[spread] 
|-activate|p2a: Torkoal|move: Protect
|-activate|p2b: Dragonite|move: Protect
|move|p1a: Archaludon|Electro Shot||[still]
|-prepare|p1a: Archaludon|Electro Shot
|-boost|p1a: Archaludon|spa|1
|-anim|p1a: Archaludon|Electro Shot|p2a: Torkoal
|-activate|p2a: Torkoal|move: Protect
|
|-weather|RainDance|[upkeep]
|upkeep
|turn|4
|
|t:|1756401434
|move|p2a: Torkoal|Overheat|p1a: Archaludon
|-crit|p1a: Archaludon
|-damage|p1a: Archaludon|68/100
|-unboost|p2a: Torkoal|spa|2
|-ability|p1a: Archaludon|Stamina|boost
|-boost|p1a: Archaludon|def|1
|-enditem|p2a: Torkoal|Eject Pack
|
|t:|1756401440
|switch|p2a: Garchomp|Garchomp, L50, M, shiny|47/100
|move|p1b: Pelipper|Muddy Water|p2a: Garchomp|[spread] p2a,p2b
|-resisted|p2b: Dragonite
|-damage|p2a: Garchomp|0 fnt
|-damage|p2b: Dragonite|73/100
|faint|p2a: Garchomp
|move|p1a: Archaludon|Draco Meteor|p2b: Dragonite
|-supereffective|p2b: Dragonite
|-damage|p2b: Dragonite|0 fnt
|-unboost|p1a: Archaludon|spa|2
|faint|p2b: Dragonite
|
|-weather|RainDance|[upkeep]
|upkeep
|
|t:|1756401455
|switch|p2b: Typhlosion|Typhlosion-Hisui, L50, M, shiny|100/100
|switch|p2a: Torkoal|Torkoal, L50, M, shiny|85/100
|-weather|SunnyDay|[from] ability: Drought|[of] p2a: Torkoal
|turn|5
|inactive|Fedemitra9 has 30 seconds left.
|
|t:|1756401483
|move|p1b: Pelipper|Protect|p1b: Pelipper
|-singleturn|p1b: Pelipper|Protect
|move|p2a: Torkoal|Overheat|p1a: Archaludon
|-damage|p1a: Archaludon|7/100
|-unboost|p2a: Torkoal|spa|2
|-ability|p1a: Archaludon|Stamina|boost
|-boost|p1a: Archaludon|def|1
|move|p1a: Archaludon|Snarl|p2b: Typhlosion|[spread] p2a,p2b
|-supereffective|p2b: Typhlosion
|-damage|p2a: Torkoal|72/100
|-damage|p2b: Typhlosion|79/100
|-unboost|p2a: Torkoal|spa|1
|-unboost|p2b: Typhlosion|spa|1
|move|p2b: Typhlosion|Shadow Ball|p1b: Pelipper
|-activate|p1b: Pelipper|move: Protect
|
|-weather|SunnyDay|[upkeep]
|-fieldend|move: Trick Room
|upkeep
|turn|6
|
|t:|1756401507
|move|p2b: Typhlosion|Shadow Ball|p1b: Pelipper
|-crit|p1b: Pelipper
|-enditem|p1b: Pelipper|Focus Sash
|-damage|p1b: Pelipper|1/100
|move|p1a: Archaludon|Snarl|p2a: Torkoal|[spread] p2a,p2b
|-supereffective|p2b: Typhlosion
|-damage|p2a: Torkoal|61/100
|-damage|p2b: Typhlosion|58/100
|-unboost|p2a: Torkoal|spa|1
|-unboost|p2b: Typhlosion|spa|1
|move|p1b: Pelipper|Muddy Water|p2b: Typhlosion|[spread] p2a
|-miss|p1b: Pelipper|p2b: Typhlosion
|-supereffective|p2a: Torkoal
|-damage|p2a: Torkoal|22/100
|move|p2a: Torkoal|Burning Jealousy|p1b: Pelipper|[spread] p1a,p1b
|-resisted|p1b: Pelipper
|-damage|p1a: Archaludon|0 fnt
|-damage|p1b: Pelipper|0 fnt
|faint|p1a: Archaludon
|faint|p1b: Pelipper
|
|-weather|SunnyDay|[upkeep]
|upkeep
|
|t:|1756401510
|switch|p1b: Basculegion|Basculegion, L50, M|88/100
|turn|7
|
|t:|1756401531
|-terastallize|p2b: Typhlosion|Fire
|move|p1b: Basculegion|Last Respects|p2b: Typhlosion
|-damage|p2b: Typhlosion|0 fnt
|faint|p2b: Typhlosion
|move|p2a: Torkoal|Overheat|p1b: Basculegion
|-resisted|p1b: Basculegion
|-damage|p1b: Basculegion|72/100
|-unboost|p2a: Torkoal|spa|2
|
|-weather|SunnyDay|[upkeep]
|upkeep
|turn|8
|-message|Fedemitra9 forfeited.
|
|win|the bugcather
|raw|the bugcather's rating: 1247 → 1266(+19 for winning)
|raw|Fedemitra9's rating: 1169 → 1150(-19 for losing)
|l|☆Fedemitra9
|player|p2|
