|j|☆Farigi no Raf
|j|☆Mahomeswinz
|html|Farigi no RafMahomeswinz    
|uhtml|bestof|Game 2 of a best-of-3
|t:|1757010136
|gametype|doubles
|player|p1|Farigi no Raf|vince|1321
|player|p2|Mahomeswinz|dawn|1312
|gen|9
|tier|[Gen 9] VGC 2025 Reg H (Bo3)
|rated|
|rule|Species Clause: Limit one of each Pokémon
|rule|Item Clause: Limit 1 of each item
|clearpoke
|poke|p1|Dragonite, L50, F|
|poke|p1|Gholdengo, L50|
|poke|p1|Sneasler, L50, F|
|poke|p1|Rillaboom, L50, M|
|poke|p1|Ursaluna-Bloodmoon, L50, M|
|poke|p1|Magmar, L50, F|
|poke|p2|Dragonite, L50, M|
|poke|p2|Gholdengo, L50|
|poke|p2|Rillaboom, L50, F|
|poke|p2|Ursaluna-Bloodmoon, L50, M|
|poke|p2|Maushold-Four, L50|
|poke|p2|Annihilape, L50, M|
|teampreview|4
|showteam|p1|Dragonite||LoadedDice|Multiscale|ScaleShot,Tailwind,ExtremeSpeed,Protect|||F|||50|,,,,,Fairy]Gholdengo||LifeOrb|GoodasGold|MakeItRain,ShadowBall,NastyPlot,Protect||||||50|,,,,,Water]Sneasler||FocusSash|PoisonTouch|CloseCombat,DireClaw,Coaching,FakeOut|||F|||50|,,,,,Ghost]Rillaboom||AssaultVest|GrassySurge|WoodHammer,FakeOut,GrassyGlide,HighHorsepower|||M|||50|,,,,,Fire]Ursaluna-Bloodmoon||SilkScarf|MindsEye|HyperVoice,EarthPower,BloodMoon,Protect|||M|||50|,,,,,Water]Magmar||Eviolite|VitalSpirit|FollowMe,BurningJealousy,ClearSmog,Protect|||F|||50|,,,,,Dragon
|showteam|p2|Dragonite||LoadedDice|Multiscale|Tailwind,Haze,Protect,ScaleShot|||M|||50|,,,,,Fairy]Gholdengo||LifeOrb|GoodasGold|MakeItRain,ShadowBall,NastyPlot,Protect||||||50|,,,,,Water]Rillaboom||MiracleSeed|GrassySurge|WoodHammer,GrassyGlide,FakeOut,HighHorsepower|||F|||50|,,,,,Fire]Ursaluna-Bloodmoon||AssaultVest|MindsEye|BloodMoon,EarthPower,HyperVoice,VacuumWave|||M|||50|,,,,,Water]Maushold-Four||FocusSash|FriendGuard|SuperFang,FollowMe,BeatUp,Protect||||||50|,,,,,Ghost]Annihilape||SitrusBerry|Defiant|RageFist,DrainPunch,BulkUp,Protect|||M|||50|,,,,,Fire
|inactive|Battle timer is ON: inactive players will automatically lose when time's up. (requested by Mahomeswinz)
|
|t:|1757010171
|teamsize|p1|4
|teamsize|p2|4
|start
|switch|p1a: Magmar|Magmar, L50, F|100/100
|switch|p1b: Dragonite|Dragonite, L50, F|100/100
|switch|p2a: Dragonite|Dragonite, L50, M|100/100
|switch|p2b: Gholdengo|Gholdengo, L50|100/100
|turn|1
|inactive|Farigi no Raf has 30 seconds left.
|inactive|Farigi no Raf has 20 seconds left.
|
|t:|1757010209
|-terastallize|p2a: Dragonite|Fairy
|move|p2b: Gholdengo|Shadow Ball|p1a: Magmar
|-damage|p1a: Magmar|57/100
|-damage|p2b: Gholdengo|91/100|[from] item: Life Orb
|move|p2a: Dragonite|Scale Shot|p1b: Dragonite|[miss]
|-miss|p2a: Dragonite|p1b: Dragonite
|move|p1b: Dragonite|Scale Shot|p2b: Gholdengo
|-resisted|p2b: Gholdengo
|-damage|p2b: Gholdengo|82/100
|-resisted|p2b: Gholdengo
|-damage|p2b: Gholdengo|75/100
|-resisted|p2b: Gholdengo
|-damage|p2b: Gholdengo|67/100
|-resisted|p2b: Gholdengo
|-damage|p2b: Gholdengo|60/100
|-hitcount|p2b: Gholdengo|4
|-unboost|p1b: Dragonite|def|1
|-boost|p1b: Dragonite|spe|1
|move|p1a: Magmar|Burning Jealousy|p2b: Gholdengo|[spread] p2a,p2b
|-supereffective|p2b: Gholdengo
|-damage|p2a: Dragonite|91/100
|-damage|p2b: Gholdengo|21/100
|
|upkeep
|turn|2
|c|☆Mahomeswinz|bruh
|inactive|Mahomeswinz has 30 seconds left.
|inactive|Farigi no Raf has 30 seconds left.
|inactive|Mahomeswinz has 20 seconds left.
|
|t:|1757010249
|switch|p2b: Maushold|Maushold-Four, L50|100/100
|-terastallize|p1b: Dragonite|Fairy
|move|p1b: Dragonite|Extreme Speed|p2a: Dragonite
|-damage|p2a: Dragonite|65/100
|move|p2a: Dragonite|Tailwind|p2a: Dragonite
|-sidestart|p2: Mahomeswinz|move: Tailwind
|move|p1a: Magmar|Burning Jealousy|p2b: Maushold|[spread] p2a,p2b
|-damage|p2a: Dragonite|50/100
|-damage|p2b: Maushold|79/100
|
|upkeep
|turn|3
|
|t:|1757010262
|move|p1a: Magmar|Protect|p1a: Magmar
|-singleturn|p1a: Magmar|Protect
|move|p2b: Maushold|Super Fang|p1b: Dragonite
|-damage|p1b: Dragonite|50/100
|move|p2a: Dragonite|Scale Shot|p1a: Magmar
|-activate|p1a: Magmar|move: Protect
|move|p1b: Dragonite|Tailwind|p1b: Dragonite
|-sidestart|p1: Farigi no Raf|move: Tailwind
|
|upkeep
|turn|4
|
|t:|1757010279
|move|p1b: Dragonite|Scale Shot|p2b: Maushold|[miss]
|-miss|p1b: Dragonite|p2b: Maushold
|move|p2b: Maushold|Super Fang|p1a: Magmar
|-damage|p1a: Magmar|29/100
|move|p2a: Dragonite|Scale Shot|p1a: Magmar
|-damage|p1a: Magmar|18/100
|-damage|p1a: Magmar|7/100
|-damage|p1a: Magmar|0 fnt
|faint|p1a: Magmar
|-hitcount|p1: Magmar|3
|-unboost|p2a: Dragonite|def|1
|-boost|p2a: Dragonite|spe|1
|
|upkeep
|inactive|Farigi no Raf has 30 seconds left.
|
|t:|1757010306
|switch|p1a: Sneasler|Sneasler, L50, F|100/100
|turn|5
|
|t:|1757010328
|move|p2b: Maushold|Protect|p2b: Maushold
|-singleturn|p2b: Maushold|Protect
|move|p1b: Dragonite|Scale Shot|p2b: Maushold
|-activate|p2b: Maushold|move: Protect
|move|p2a: Dragonite|Scale Shot|p1a: Sneasler
|-damage|p1a: Sneasler|75/100
|-damage|p1a: Sneasler|49/100
|-damage|p1a: Sneasler|24/100
|-damage|p1a: Sneasler|0 fnt
|faint|p1a: Sneasler
|-hitcount|p1: Sneasler|4
|-unboost|p2a: Dragonite|def|1
|-boost|p2a: Dragonite|spe|1
|
|-sideend|p2: Mahomeswinz|move: Tailwind
|upkeep
|
|t:|1757010333
|switch|p1a: Ursaluna|Ursaluna-Bloodmoon, L50, M|100/100
|turn|6
|inactive|Mahomeswinz has 30 seconds left.
|
|t:|1757010361
|move|p1b: Dragonite|Extreme Speed|p2a: Dragonite
|-damage|p2a: Dragonite|0 fnt
|faint|p2a: Dragonite
|move|p1a: Ursaluna|Blood Moon|p2b: Maushold
|-damage|p2b: Maushold|0 fnt
|faint|p2b: Maushold
|
|-sideend|p1: Farigi no Raf|move: Tailwind
|upkeep
|
|t:|1757010365
|switch|p2b: Gholdengo|Gholdengo, L50|21/100
|switch|p2a: Ursaluna|Ursaluna-Bloodmoon, L50, M|100/100
|turn|7
|inactive|Mahomeswinz has 30 seconds left.
|
|t:|1757010395
|move|p1b: Dragonite|Tailwind|p1b: Dragonite
|-sidestart|p1: Farigi no Raf|move: Tailwind
|move|p1a: Ursaluna|Hyper Voice|p2a: Ursaluna|[spread] p2a,p2b
|-crit|p2a: Ursaluna
|-resisted|p2b: Gholdengo
|-damage|p2a: Ursaluna|55/100
|-damage|p2b: Gholdengo|0 fnt
|faint|p2b: Gholdengo
|move|p2a: Ursaluna|Blood Moon|p1a: Ursaluna
|-damage|p1a: Ursaluna|1/100
|
|upkeep
|turn|8
|
|t:|1757010406
|move|p1b: Dragonite|Scale Shot|p2a: Ursaluna
|-damage|p2a: Ursaluna|44/100
|-damage|p2a: Ursaluna|33/100
|-damage|p2a: Ursaluna|21/100
|-damage|p2a: Ursaluna|11/100
|-damage|p2a: Ursaluna|0 fnt
|faint|p2a: Ursaluna
|-hitcount|p2: Ursaluna|5
|
|win|Farigi no Raf
|raw|Farigi no Raf's rating: 1321 → 1340(+19 for winning)
|raw|Mahomeswinz's rating: 1312 → 1293(-19 for losing)
