|j|☆CappyTJ5
|j|☆Lord_of_Ewoks
|html|CappyTJ5Lord_of_Ewoks    
|uhtml|bestof|Game 1 of a best-of-3
|t:|1757036849
|gametype|doubles
|player|p1|CappyTJ5|wallace|1121
|player|p2|Lord_of_Ewoks|169|1082
|gen|9
|tier|[Gen 9] VGC 2025 Reg H (Bo3)
|rated|
|rule|Species Clause: Limit one of each Pokémon
|rule|Item Clause: Limit 1 of each item
|clearpoke
|poke|p1|Sneasler, L50, F|
|poke|p1|Incineroar, L50, M|
|poke|p1|Dragonite, L50, F|
|poke|p1|Gholdengo, L50|
|poke|p1|Amoonguss, L50, F|
|poke|p1|Ursaluna-Bloodmoon, L50, M|
|poke|p2|Blaziken, L50, F|
|poke|p2|Primarina, L50, M|
|poke|p2|Serperior, L50, F|
|poke|p2|Incineroar, L50, F|
|poke|p2|Indeedee-F, L50, F|
|poke|p2|Dragapult, L50, F|
|teampreview|4
|showteam|p1|Sneasler||FocusSash|Unburden|Protect,DireClaw,CloseCombat,ThroatChop|||F|||50|,,,,,Stellar]Incineroar||SafetyGoggles|Intimidate|KnockOff,FlareBlitz,PartingShot,FakeOut|||M|||50|,,,,,Ghost]Dragonite||LoadedDice|Multiscale|Protect,ScaleShot,Tailwind,Haze|||F|||50|,,,,,Fairy]Gholdengo||LifeOrb|GoodasGold|Protect,MakeItRain,ShadowBall,NastyPlot||||||50|,,,,,Water]Amoonguss||SitrusBerry|Regenerator|Protect,Spore,PollenPuff,RagePowder|||F|||50|,,,,,Water]Ursaluna-Bloodmoon||AssaultVest|MindsEye|HyperVoice,BloodMoon,EarthPower,VacuumWave|||M|||50|,,,,,Water
|showteam|p2|Blaziken||ClearAmulet|SpeedBoost|FirePledge,CloseCombat,RockSlide,Protect|||F|||50|,,,,,Dark]Primarina||LifeOrb|LiquidVoice|HyperVoice,Moonblast,WaterPledge,Protect|||M|||50|,,,,,Poison]Serperior||FocusSash|Contrary|LeafStorm,TeraBlast,GrassPledge,Protect|||F|||50|,,,,,Stellar]Incineroar||SitrusBerry|Intimidate|FakeOut,PartingShot,KnockOff,WillOWisp|||F|||50|,,,,,Ghost]Indeedee-F||SafetyGoggles|PsychicSurge|FollowMe,Protect,TrickRoom,Psychic|||F|||50|,,,,,Dark]Dragapult||ChoiceBand|ClearBody|DragonDarts,PhantomForce,Uturn,PsychicFangs|||F|||50|,,,,,Dragon
|inactive|Battle timer is ON: inactive players will automatically lose when time's up. (requested by CappyTJ5)
|inactive|CappyTJ5 has 60 seconds left.
|inactive|Lord_of_Ewoks has 60 seconds left.
|inactive|CappyTJ5 has 30 seconds left.
|
|t:|1757036916
|teamsize|p1|4
|teamsize|p2|4
|start
|switch|p1a: Dragonite|Dragonite, L50, F|100/100
|switch|p1b: Sneasler|Sneasler, L50, F|100/100
|switch|p2a: Incineroar|Incineroar, L50, F|100/100
|switch|p2b: Primarina|Primarina, L50, M|100/100
|-ability|p2a: Incineroar|Intimidate|boost
|-unboost|p1a: Dragonite|atk|1
|-unboost|p1b: Sneasler|atk|1
|turn|1
|
|t:|1757036932
|move|p1b: Sneasler|Protect|p1b: Sneasler
|-singleturn|p1b: Sneasler|Protect
|move|p1a: Dragonite|Protect|p1a: Dragonite
|-singleturn|p1a: Dragonite|Protect
|move|p2a: Incineroar|Fake Out|p1b: Sneasler
|-activate|p1b: Sneasler|move: Protect
|move|p2b: Primarina|Hyper Voice|p1b: Sneasler|[spread] 
|-activate|p1a: Dragonite|move: Protect
|-activate|p1b: Sneasler|move: Protect
|
|upkeep
|turn|2
|inactive|CappyTJ5 has 30 seconds left.
|
|t:|1757036967
|move|p2b: Primarina|Protect|p2b: Primarina
|-singleturn|p2b: Primarina|Protect
|move|p1b: Sneasler|Close Combat|p2a: Incineroar
|-supereffective|p2a: Incineroar
|-damage|p2a: Incineroar|26/100
|-unboost|p1b: Sneasler|def|1
|-unboost|p1b: Sneasler|spd|1
|-enditem|p2a: Incineroar|Sitrus Berry|[eat]
|-heal|p2a: Incineroar|51/100|[from] item: Sitrus Berry
|move|p1a: Dragonite|Tailwind|p1a: Dragonite
|-sidestart|p1: CappyTJ5|move: Tailwind
|move|p2a: Incineroar|Will-O-Wisp|p1b: Sneasler|[miss]
|-miss|p2a: Incineroar|p1b: Sneasler
|
|upkeep
|turn|3
|inactive|CappyTJ5 has 30 seconds left.
|inactive|Lord_of_Ewoks has 30 seconds left.
|
|t:|1757037002
|-terastallize|p2b: Primarina|Poison
|move|p1b: Sneasler|Close Combat|p2a: Incineroar
|-supereffective|p2a: Incineroar
|-damage|p2a: Incineroar|0 fnt
|-unboost|p1b: Sneasler|def|1
|-unboost|p1b: Sneasler|spd|1
|faint|p2a: Incineroar
|move|p1a: Dragonite|Haze|p1a: Dragonite
|-clearallboost
|move|p2b: Primarina|Hyper Voice|p1a: Dragonite|[spread] p1a,p1b
|-resisted|p1a: Dragonite
|-damage|p1a: Dragonite|88/100
|-damage|p1b: Sneasler|34/100
|-damage|p2b: Primarina|91/100|[from] item: Life Orb
|
|upkeep
|
|t:|1757037010
|switch|p2a: Dragapult|Dragapult, L50, F|100/100
|turn|4
|
|t:|1757037031
|switch|p2a: Serperior|Serperior, L50, F|100/100
|move|p1b: Sneasler|Protect|p1b: Sneasler
|-singleturn|p1b: Sneasler|Protect
|move|p1a: Dragonite|Protect|p1a: Dragonite
|-singleturn|p1a: Dragonite|Protect
|move|p2b: Primarina|Hyper Voice|p1b: Sneasler|[spread] 
|-activate|p1a: Dragonite|move: Protect
|-activate|p1b: Sneasler|move: Protect
|
|upkeep
|turn|5
|inactive|CappyTJ5 has 30 seconds left.
|inactive|CappyTJ5 has 20 seconds left.
|inactive|CappyTJ5 has 15 seconds left.
|inactive|CappyTJ5 has 10 seconds left.
|inactive|CappyTJ5 has 5 seconds left.
|
|t:|1757037086
|move|p1b: Sneasler|Protect|p1b: Sneasler
|-singleturn|p1b: Sneasler|Protect
|move|p1a: Dragonite|Protect||[still]
|-fail|p1a: Dragonite
|move|p2a: Serperior|Protect|p2a: Serperior
|-singleturn|p2a: Serperior|Protect
|move|p2b: Primarina|Protect||[still]
|-fail|p2b: Primarina
|
|-sideend|p1: CappyTJ5|move: Tailwind
|upkeep
|turn|6
|
|t:|1757037109
|-terastallize|p1a: Dragonite|Fairy
|move|p1b: Sneasler|Dire Claw|p2a: Serperior
|-supereffective|p2a: Serperior
|-enditem|p2a: Serperior|Focus Sash
|-damage|p2a: Serperior|1/100
|-status|p2a: Serperior|psn
|move|p2a: Serperior|Grass Pledge|p1b: Sneasler
|-waiting|p2a: Serperior|p2b: Primarina
|move|p2b: Primarina|Water Pledge|p1b: Sneasler|[from] move: Grass Pledge
|-combine
|-resisted|p1b: Sneasler
|-damage|p1b: Sneasler|0 fnt
|-sidestart|p1: CappyTJ5|Grass Pledge
|faint|p1b: Sneasler
|-damage|p2b: Primarina|82/100|[from] item: Life Orb
|move|p1a: Dragonite|Tailwind|p1a: Dragonite
|-sidestart|p1: CappyTJ5|move: Tailwind
|
|-damage|p2a: Serperior|0 fnt|[from] psn
|faint|p2a: Serperior
|upkeep
|
|t:|1757037128
|switch|p1b: Incineroar|Incineroar, L50, M|100/100
|switch|p2a: Dragapult|Dragapult, L50, F|100/100
|-ability|p1b: Incineroar|Intimidate|boost
|-fail|p2a: Dragapult|unboost|[from] ability: Clear Body|[of] p2a: Dragapult
|-unboost|p2b: Primarina|atk|1
|turn|7
|
|t:|1757037145
|move|p2b: Primarina|Protect|p2b: Primarina
|-singleturn|p2b: Primarina|Protect
|move|p1b: Incineroar|Fake Out|p2b: Primarina
|-activate|p2b: Primarina|move: Protect
|move|p2a: Dragapult|Phantom Force||[still]
|-prepare|p2a: Dragapult|Phantom Force
|move|p1a: Dragonite|Scale Shot|p2a: Dragapult|[miss]
|-miss|p1a: Dragonite|p2a: Dragapult
|
|upkeep
|turn|8
|
|t:|1757037155
|move|p2a: Dragapult|Phantom Force|p1a: Dragonite|[from] lockedmove
|-damage|p1a: Dragonite|17/100
|move|p2b: Primarina|Hyper Voice|p1b: Incineroar|[spread] p1a,p1b
|-supereffective|p1b: Incineroar
|-damage|p1a: Dragonite|0 fnt
|-damage|p1b: Incineroar|29/100
|faint|p1a: Dragonite
|-damage|p2b: Primarina|72/100|[from] item: Life Orb
|move|p1b: Incineroar|Knock Off|p2a: Dragapult
|-supereffective|p2a: Dragapult
|-damage|p2a: Dragapult|0 fnt
|-enditem|p2a: Dragapult|Choice Band|[from] move: Knock Off|[of] p1b: Incineroar
|faint|p2a: Dragapult
|
|upkeep
|
|t:|1757037160
|switch|p1a: Gholdengo|Gholdengo, L50|100/100
|turn|9
|
|t:|1757037178
|move|p2b: Primarina|Hyper Voice|p1b: Incineroar|[spread] p1a,p1b
|-supereffective|p1b: Incineroar
|-damage|p1a: Gholdengo|47/100
|-damage|p1b: Incineroar|0 fnt
|faint|p1b: Incineroar
|-damage|p2b: Primarina|63/100|[from] item: Life Orb
|move|p1a: Gholdengo|Nasty Plot|p1a: Gholdengo
|-boost|p1a: Gholdengo|spa|2
|
|-sideend|p1: CappyTJ5|move: Tailwind
|-sideend|p1: CappyTJ5|Grass Pledge
|upkeep
|turn|10
|
|t:|1757037186
|move|p1a: Gholdengo|Shadow Ball|p2b: Primarina
|-damage|p2b: Primarina|0 fnt
|faint|p2b: Primarina
|-damage|p1a: Gholdengo|38/100|[from] item: Life Orb
|
|win|CappyTJ5
||Lord_of_Ewoks is ready for game 2.
