|j|☆SeanClubcardcoach
|j|☆Slackermaru
|html|SeanClubcardcoachSlackermaru    
|uhtml|bestof|Game 2 of a best-of-3
|t:|1754604918
|gametype|doubles
|player|p1|SeanClubcardcoach|101|1284
|player|p2|Slackermaru|workerice|1317
|gen|9
|tier|[Gen 9] VGC 2025 Reg H (Bo3)
|rated|
|rule|Species Clause: Limit one of each Pokémon
|rule|Item Clause: Limit 1 of each item
|clearpoke
|poke|p1|Tyranitar, L50, M|
|poke|p1|Kommo-o, L50, M|
|poke|p1|Rillaboom, L50, M|
|poke|p1|Volcarona, L50, F|
|poke|p1|Whimsicott, L50, M|
|poke|p1|Gholdengo, L50|
|poke|p2|Porygon2, L50|
|poke|p2|Hydreigon, L50, F|
|poke|p2|Incineroar, L50, F|
|poke|p2|Garchomp, L50, M|
|poke|p2|Amoonguss, L50, F|
|poke|p2|Gholdengo, L50|
|teampreview|4
|showteam|p1|Tyranitar||AssaultVest|SandStream|KnockOff,RockSlide,LowKick,TeraBlast|||M|||50|,,,,,Flying]Kommo-o||ChoiceSpecs|Overcoat|ClangingScales,AuraSphere,Flamethrower,DracoMeteor|||M|||50|,,,,,Fire]Rillaboom||MiracleSeed|GrassySurge|Protect,WoodHammer,GrassyGlide,FakeOut|||M|||50|,,,,,Grass]Volcarona||GrassySeed|FlameBody|Protect,RagePowder,WillOWisp,HeatWave|||F|||50|,,,,,Dragon]Whimsicott||CovertCloak|Prankster|Tailwind,Moonblast,Encore,FakeTears|||M|||50|,,,,,Fire]Gholdengo||Leftovers|GoodasGold|Protect,NastyPlot,MakeItRain,ShadowBall||||||50|,,,,,Water
|showteam|p2|Porygon2||Eviolite|Download|TeraBlast,IceBeam,TrickRoom,Recover||||||50|,,,,,Fighting]Hydreigon||SafetyGoggles|Levitate|Snarl,DracoMeteor,Tailwind,Protect|||F|||50|,,,,,Ghost]Incineroar||SitrusBerry|Intimidate|FlareBlitz,KnockOff,PartingShot,FakeOut|||F|||50|,,,,,Grass]Garchomp||LoadedDice|RoughSkin|ScaleShot,Earthquake,StompingTantrum,Protect|||M|||50|,,,,,Fire]Amoonguss||CovertCloak|Regenerator|PollenPuff,Spore,RagePowder,Protect|||F|||50|,,,,,Fire]Gholdengo||MetalCoat|GoodasGold|MakeItRain,ShadowBall,NastyPlot,Protect||||||50|,,,,,Flying
|inactive|Battle timer is ON: inactive players will automatically lose when time's up. (requested by SeanClubcardcoach)
|inactive|SeanClubcardcoach has 60 seconds left.
|
|t:|1754604951
|teamsize|p1|4
|teamsize|p2|4
|start
|switch|p1a: Kommo-o|Kommo-o, L50, M|100/100
|switch|p1b: Rillaboom|Rillaboom, L50, M, shiny|100/100
|switch|p2a: Incineroar|Incineroar, L50, F, shiny|100/100
|switch|p2b: Garchomp|Garchomp, L50, M, shiny|100/100
|-fieldstart|move: Grassy Terrain|[from] ability: Grassy Surge|[of] p1b: Rillaboom
|-ability|p2a: Incineroar|Intimidate|boost
|-unboost|p1a: Kommo-o|atk|1
|-unboost|p1b: Rillaboom|atk|1
|turn|1
|inactive|Slackermaru has 30 seconds left.
|
|t:|1754604977
|-terastallize|p1a: Kommo-o|Fire
|move|p2b: Garchomp|Protect|p2b: Garchomp
|-singleturn|p2b: Garchomp|Protect
|move|p1b: Rillaboom|Fake Out|p2a: Incineroar
|-damage|p2a: Incineroar|90/100
|move|p1a: Kommo-o|Clanging Scales|p2b: Garchomp|[spread] p2a
|-activate|p2b: Garchomp|move: Protect
|-crit|p2a: Incineroar
|-damage|p2a: Incineroar|10/100
|-enditem|p2a: Incineroar|Sitrus Berry|[eat]
|-heal|p2a: Incineroar|35/100|[from] item: Sitrus Berry
|-unboost|p1a: Kommo-o|def|1
|cant|p2a: Incineroar|flinch
|
|-heal|p2a: Incineroar|41/100|[from] Grassy Terrain
|upkeep
|turn|2
|inactive|SeanClubcardcoach has 30 seconds left.
|inactive|SeanClubcardcoach has 20 seconds left.
|inactive|SeanClubcardcoach has 15 seconds left.
|
|t:|1754605019
|switch|p1a: Volcarona|Volcarona, L50, F, shiny|100/100
|-enditem|p1a: Volcarona|Grassy Seed
|-boost|p1a: Volcarona|def|1|[from] item: Grassy Seed
|switch|p1b: Tyranitar|Tyranitar, L50, M|100/100
|-weather|Sandstorm|[from] ability: Sand Stream|[of] p1b: Tyranitar
|move|p2b: Garchomp|Stomping Tantrum|p1a: Volcarona
|-damage|p1a: Volcarona|69/100
|move|p2a: Incineroar|Flare Blitz|p1b: Tyranitar
|-resisted|p1b: Tyranitar
|-damage|p1b: Tyranitar|79/100
|-damage|p2a: Incineroar|34/100|[from] Recoil
|
|-weather|Sandstorm|[upkeep]
|-damage|p1a: Volcarona|63/100|[from] Sandstorm
|-damage|p2a: Incineroar|28/100|[from] Sandstorm
|-heal|p1a: Volcarona|69/100|[from] Grassy Terrain
|-heal|p2a: Incineroar|34/100|[from] Grassy Terrain
|-heal|p1b: Tyranitar|85/100|[from] Grassy Terrain
|upkeep
|turn|3
|inactive|Slackermaru has 30 seconds left.
|
|t:|1754605047
|move|p1a: Volcarona|Rage Powder|p1a: Volcarona
|-singleturn|p1a: Volcarona|move: Rage Powder
|move|p2b: Garchomp|Scale Shot|p1a: Volcarona
|-damage|p1a: Volcarona|58/100
|-damage|p1a: Volcarona|45/100
|-damage|p1a: Volcarona|34/100
|-damage|p1a: Volcarona|23/100
|-damage|p1a: Volcarona|13/100
|-hitcount|p1a: Volcarona|5
|-unboost|p2b: Garchomp|def|1
|-boost|p2b: Garchomp|spe|1
|move|p2a: Incineroar|Parting Shot|p1a: Volcarona
|-unboost|p1a: Volcarona|atk|1
|-unboost|p1a: Volcarona|spa|1
|
|t:|1754605060
|switch|p2a: Porygon2|Porygon2, L50, shiny|100/100|[from] Parting Shot
|-ability|p2a: Porygon2|Download|boost
|-boost|p2a: Porygon2|spa|1
|move|p1b: Tyranitar|Rock Slide|p2b: Garchomp|[spread] p2a,p2b
|-resisted|p2b: Garchomp
|-damage|p2a: Porygon2|81/100
|-damage|p2b: Garchomp|77/100
|
|-weather|Sandstorm|[upkeep]
|-damage|p1a: Volcarona|7/100|[from] Sandstorm
|-damage|p2a: Porygon2|75/100|[from] Sandstorm
|-heal|p2b: Garchomp|83/100|[from] Grassy Terrain
|-heal|p1a: Volcarona|13/100|[from] Grassy Terrain
|-heal|p1b: Tyranitar|91/100|[from] Grassy Terrain
|-heal|p2a: Porygon2|81/100|[from] Grassy Terrain
|upkeep
|turn|4
|inactive|Slackermaru has 30 seconds left.
|
|t:|1754605094
|-terastallize|p2a: Porygon2|Fighting
|move|p1a: Volcarona|Protect|p1a: Volcarona
|-singleturn|p1a: Volcarona|Protect
|move|p2b: Garchomp|Stomping Tantrum|p1b: Tyranitar
|-supereffective|p1b: Tyranitar
|-crit|p1b: Tyranitar
|-damage|p1b: Tyranitar|0 fnt
|faint|p1b: Tyranitar
|move|p2a: Porygon2|Tera Blast|p1a: Volcarona|[anim] Tera Blast Fighting
|-activate|p1a: Volcarona|move: Protect
|
|-weather|Sandstorm|[upkeep]
|-damage|p1a: Volcarona|7/100|[from] Sandstorm
|-damage|p2a: Porygon2|75/100|[from] Sandstorm
|-heal|p2b: Garchomp|89/100|[from] Grassy Terrain
|-heal|p1a: Volcarona|13/100|[from] Grassy Terrain
|-heal|p2a: Porygon2|81/100|[from] Grassy Terrain
|upkeep
|
|t:|1754605108
|switch|p1b: Kommo-o|Kommo-o, L50, M, tera:Fire|100/100
|turn|5
|
|t:|1754605131
|switch|p2b: Incineroar|Incineroar, L50, F, shiny|34/100
|-ability|p2b: Incineroar|Intimidate|boost
|-unboost|p1a: Volcarona|atk|1
|-unboost|p1b: Kommo-o|atk|1
|move|p1a: Volcarona|Rage Powder|p1a: Volcarona
|-singleturn|p1a: Volcarona|move: Rage Powder
|move|p1b: Kommo-o|Clanging Scales|p2b: Incineroar|[spread] p2a,p2b
|-damage|p2a: Porygon2|47/100
|-damage|p2b: Incineroar|0 fnt
|faint|p2b: Incineroar
|-unboost|p1b: Kommo-o|def|1
|move|p2a: Porygon2|Tera Blast|p1a: Volcarona|[anim] Tera Blast Fighting
|-resisted|p1a: Volcarona
|-damage|p1a: Volcarona|0 fnt
|faint|p1a: Volcarona
|
|-weather|Sandstorm|[upkeep]
|-damage|p2a: Porygon2|41/100|[from] Sandstorm
|-heal|p2a: Porygon2|47/100|[from] Grassy Terrain
|-fieldend|move: Grassy Terrain
|upkeep
|
|t:|1754605150
|switch|p1a: Rillaboom|Rillaboom, L50, M, shiny|100/100
|switch|p2b: Garchomp|Garchomp, L50, M, shiny|89/100
|-fieldstart|move: Grassy Terrain|[from] ability: Grassy Surge|[of] p1a: Rillaboom
|turn|6
|
|t:|1754605165
|move|p2b: Garchomp|Protect|p2b: Garchomp
|-singleturn|p2b: Garchomp|Protect
|move|p1a: Rillaboom|Fake Out|p2a: Porygon2
|-damage|p2a: Porygon2|37/100
|move|p1b: Kommo-o|Clanging Scales|p2b: Garchomp|[spread] p2a
|-activate|p2b: Garchomp|move: Protect
|-damage|p2a: Porygon2|0 fnt
|faint|p2a: Porygon2
|-unboost|p1b: Kommo-o|def|1
|
|-weather|none
|-heal|p2b: Garchomp|95/100|[from] Grassy Terrain
|upkeep
|
|t:|1754605176
|switch|p2a: Hydreigon|Hydreigon, L50, F, shiny|100/100
|turn|7
|
|t:|1754605184
|move|p2a: Hydreigon|Draco Meteor|p1a: Rillaboom
|-damage|p1a: Rillaboom|25/100
|-unboost|p2a: Hydreigon|spa|2
|move|p2b: Garchomp|Stomping Tantrum|p1b: Kommo-o
|-supereffective|p1b: Kommo-o
|-damage|p1b: Kommo-o|0 fnt
|faint|p1b: Kommo-o
|move|p1a: Rillaboom|Wood Hammer|p2b: Garchomp
|-damage|p2b: Garchomp|1/100
|-damage|p1a: Rillaboom|13/100|[from] ability: Rough Skin|[of] p2b: Garchomp
|-damage|p1a: Rillaboom|0 fnt|[from] Recoil
|faint|p1a: Rillaboom
|
|win|Slackermaru
|raw|SeanClubcardcoach's rating: 1284 → 1261(-23 for losing)
|raw|Slackermaru's rating: 1317 → 1335(+18 for winning)
