|j|☆Mvine11
|j|☆okester
|html|Mvine11okester    
|uhtml|bestof|Game 2 of a best-of-3
|t:|1784341088
|gametype|doubles
|player|p1|Mvine11|101|
|player|p2|okester|265|
|gen|9
|tier|[Gen 9 Champions] VGC 2026 Reg M-B (Bo3)
|rule|Species Clause: Limit one of each Pokémon
|rule|Item Clause: Limit 1 of each item
|clearpoke
|poke|p1|Vivillon-Polar, L50, F|
|poke|p1|Raichu, L50, F|
|poke|p1|Decidueye-Hisui, L50, M|
|poke|p1|Primarina, L50, M|
|poke|p1|Sneasler, L50, M|
|poke|p1|Arcanine-Hisui, L50, F|
|poke|p2|Dragonite, L50, M, shiny|
|poke|p2|Gholdengo, L50|
|poke|p2|Talonflame, L50, M|
|poke|p2|Medicham, L50, M|
|poke|p2|Umbreon, L50, F|
|poke|p2|Azumarill, L50, M|
|teampreview|4
|showteam|p1|Vivillon-Polar||FocusSash|FriendGuard|Protect,Hurricane,Tailwind,RagePowder|Timid||F|||50|]Raichu||RaichuniteY|Static|Protect,ZapCannon,FakeOut,FocusBlast|Timid||F|||50|]Decidueye-Hisui||LifeOrb|Scrappy|TripleArrows,Protect,SuckerPunch,LeafBlade|Adamant||M|||50|]Primarina||Leftovers|LiquidVoice|Protect,Moonblast,CalmMind,HyperVoice|Modest||M|||50|]Sneasler||WhiteHerb|Unburden|CloseCombat,DireClaw,FakeOut,Protect|Jolly||M|||50|]Arcanine-Hisui||Charcoal|RockHead|FlareBlitz,RockSlide,HeadSmash,WillOWisp|Jolly||F|||50|
|showteam|p2|Dragonite||Dragoninite|Multiscale|DracoMeteor,AirSlash,IceBeam,ExtremeSpeed|Modest||M|||50|]Gholdengo||LifeOrb|GoodasGold|MakeItRain,ShadowBall,Thunderbolt,NastyPlot|Modest|||||50|]Talonflame||SharpBeak|GaleWings|Tailwind,Protect,FlareBlitz,BraveBird|Jolly||M|||50|]Medicham||Medichamite|PurePower|FakeOut,CloseCombat,PoisonJab,RockSlide|Brave||M|||50|]Umbreon||FocusSash|InnerFocus|Snarl,Taunt,FoulPlay,Moonlight|Bold||F|||50|]Azumarill||SitrusBerry|HugePower|PlayRough,AquaJet,Protect,GrassKnot|Adamant||M|||50|
|
|t:|1784341104
|teamsize|p1|4
|teamsize|p2|4
|start
|switch|p1a: Arcanine|Arcanine-Hisui, L50, F|100/100
|switch|p1b: Raichu|Raichu, L50, F|100/100
|switch|p2a: Talonflame|Talonflame, L50, M|100/100
|switch|p2b: Medicham|Medicham, L50, M|100/100
|turn|1
|
|t:|1784341141
|detailschange|p1b: Raichu|Raichu-Mega-Y, L50, F
|-mega|p1b: Raichu|Raichu|Raichunite Y
|move|p2a: Talonflame|Protect|p2a: Talonflame
|-singleturn|p2a: Talonflame|Protect
|move|p1b: Raichu|Fake Out|p2b: Medicham
|-damage|p2b: Medicham|88/100
|cant|p2b: Medicham|flinch
|move|p1a: Arcanine|Rock Slide|p2b: Medicham|[spread] p2b
|-activate|p2a: Talonflame|move: Protect
|-resisted|p2b: Medicham|1
|-damage|p2b: Medicham|70/100
|
|upkeep
|turn|2
|
|t:|1784341186
|switch|p1a: Primarina|Primarina, L50, M|100/100
|move|p2a: Talonflame|Tailwind|p2a: Talonflame
|-sidestart|p2: okester|move: Tailwind
|move|p1b: Raichu|Zap Cannon|p2a: Talonflame
|-supereffective|p2a: Talonflame|1
|-damage|p2a: Talonflame|0 fnt
|faint|p2a: Talonflame
|move|p2b: Medicham|Rock Slide|p1b: Raichu|[spread] p1a,p1b
|-damage|p1a: Primarina|65/100
|-damage|p1b: Raichu|46/100
|
|-heal|p1a: Primarina|71/100|[from] item: Leftovers
|upkeep
|l|☆okester
|player|p2|
|j|☆okester
|player|p2|okester|265|
|
|t:|1784341272
|switch|p2a: Gholdengo|Gholdengo, L50|100/100
|turn|3
|
|t:|1784341286
|switch|p1b: Decidueye|Decidueye-Hisui, L50, M|100/100
|move|p1a: Primarina|Protect|p1a: Primarina
|-singleturn|p1a: Primarina|Protect
|move|p2a: Gholdengo|Make It Rain|p1a: Primarina|[spread] p1b
|-activate|p1a: Primarina|move: Protect
|-damage|p1b: Decidueye|23/100
|-unboost|p2a: Gholdengo|spa|2
|-damage|p2a: Gholdengo|90/100|[from] item: Life Orb
|move|p2b: Medicham|Rock Slide|p1a: Primarina|[spread] p1b
|-activate|p1a: Primarina|move: Protect
|-resisted|p1b: Decidueye|1
|-damage|p1b: Decidueye|7/100
|
|-heal|p1a: Primarina|77/100|[from] item: Leftovers
|upkeep
|turn|4
|l|☆okester
|player|p2|
|j|☆okester
|player|p2|okester|265|
|
|t:|1784341375
|move|p1a: Primarina|Protect||[still]
|-fail|p1a: Primarina
|move|p1b: Decidueye|Sucker Punch|p2a: Gholdengo
|-supereffective|p2a: Gholdengo|1
|-damage|p2a: Gholdengo|17/100
|-damage|p1b: Decidueye|0 fnt|[from] item: Life Orb
|faint|p1b: Decidueye
|move|p2a: Gholdengo|Make It Rain|p1a: Primarina
|-damage|p1a: Primarina|39/100
|-unboost|p2a: Gholdengo|spa|2
|-damage|p2a: Gholdengo|7/100|[from] item: Life Orb
|move|p2b: Medicham|Rock Slide|p1a: Primarina
|-damage|p1a: Primarina|0 fnt
|faint|p1a: Primarina
|
|upkeep
|
|t:|1784341391
|switch|p1b: Raichu|Raichu-Mega-Y, L50, F|46/100
|switch|p1a: Arcanine|Arcanine-Hisui, L50, F|100/100
|turn|5
|
|t:|1784341428
|move|p1b: Raichu|Protect|p1b: Raichu
|-singleturn|p1b: Raichu|Protect
|move|p2a: Gholdengo|Shadow Ball|p1a: Arcanine
|-damage|p1a: Arcanine|74/100
|-unboost|p1a: Arcanine|spd|1
|-damage|p2a: Gholdengo|0 fnt|[from] item: Life Orb
|faint|p2a: Gholdengo
|move|p2b: Medicham|Rock Slide|p1b: Raichu|[spread] p1a
|-activate|p1b: Raichu|move: Protect
|-supereffective|p1a: Arcanine|1
|-crit|p1a: Arcanine
|-damage|p1a: Arcanine|0 fnt
|faint|p1a: Arcanine
|
|-sideend|p2: okester|move: Tailwind
|upkeep
|l|☆okester
|player|p2|
|j|☆okester
|player|p2|okester|265|
|l|☆okester
|player|p2|
|j|☆okester
|player|p2|okester|265|
|
|t:|1784341530
|switch|p2a: Dragonite|Dragonite, L50, M, shiny|100/100
|turn|6
|-message|Mvine11 forfeited.
|
|win|okester
|l|☆okester
|player|p2|
