|j|☆ReaDynn
|j|☆Dutchum
|html|ReaDynnDutchum    
|uhtml|bestof|Game 1 of a best-of-3
|t:|1783894051
|gametype|doubles
|player|p1|ReaDynn|pokefanf-gen4|
|player|p2|Dutchum|1|
|gen|9
|tier|[Gen 9 Champions] VGC 2026 Reg M-B (Bo3)
|rule|Species Clause: Limit one of each Pokémon
|rule|Item Clause: Limit 1 of each item
|clearpoke
|poke|p1|Excadrill, L50, F|
|poke|p1|Tyranitar, L50, M|
|poke|p1|Corviknight, L50, F|
|poke|p1|Hydreigon, L50, M|
|poke|p1|Scovillain, L50, F|
|poke|p1|Houndstone, L50, M|
|poke|p2|Kingambit, L50, M|
|poke|p2|Whimsicott, L50, F|
|poke|p2|Basculegion, L50, M|
|poke|p2|Garchomp, L50, M|
|poke|p2|Charizard, L50, F|
|poke|p2|Floette-Eternal, L50, F|
|teampreview|4
|showteam|p1|Excadrill||FocusSash|SandRush|Earthquake,Protect,IronHead,RockSlide|Adamant||F|||50|]Tyranitar||Tyranitarite|SandStream|RockSlide,KnockOff,LowKick,Protect|Adamant||M|||50|]Corviknight||Leftovers|MirrorArmor|BraveBird,BulkUp,Tailwind,Roost|Careful||F|||50|]Hydreigon||ChoiceScarf|Levitate|DracoMeteor,DarkPulse,HeatWave,Snarl|Modest||M|||50|]Scovillain||Scovillainite|Chlorophyll|Overheat,GigaDrain,RagePowder,Protect|Calm||F|||50|]Houndstone||SitrusBerry|SandRush|LastRespects,BodyPress,WillOWisp,Protect|Adamant||M|||50|
|showteam|p2|Kingambit||BlackGlasses|Defiant|KowtowCleave,SuckerPunch,IronHead,Protect|Adamant||M|||50|]Whimsicott||FocusSash|Prankster|Moonblast,Tailwind,Encore,Protect|Timid||F|||50|]Basculegion||MysticWater|Adaptability|WaveCrash,LastRespects,AquaJet,Protect|Adamant||M|||50|]Garchomp||LifeOrb|RoughSkin|DragonClaw,RockSlide,Earthquake,Protect|Jolly||M|||50|]Charizard||CharizarditeY|Blaze|WeatherBall,HeatWave,SolarBeam,Protect|Modest||F|||50|]Floette-Eternal||Floettite|FlowerVeil|Moonblast,DazzlingGleam,LightofRuin,Protect|Modest||F|||50|
|inactive|Battle timer is ON: inactive players will automatically lose when time's up. (requested by Dutchum)
|c|☆ReaDynn|glhf
|inactiveoff|Battle timer is now OFF.
|j| Jrm-gray
|j| t&a ninetales
|l| Jrm-gray
|j| Jrm-gray
|j| Trunce
|j| ZawwYT
|j| Lizardu
|c| t&a ninetales|aller dutch si tu loose tu mets la pp
|c| Trunce|GO REA
|c| Jrm-gray|jtm dutch
|j| Adryl ♫
|c| Lizardu|y'a un billet en jeu ReaDynn
|c| Jrm-gray|dutch y a le snap de ma daronne en jeu
|c| Lizardu|penses a la clim que tu vas te prendre avec l'argent
|c| Jrm-gray|pense au gosse que tu vas lui faire dutch
|c| t&a ninetales|dutch pense a l'apero que zaww va payer si on win
|c| Jrm-gray|pense a la soeur de minissou qui drop son num
|
|t:|1783894244
|teamsize|p1|4
|teamsize|p2|4
|start
|switch|p1a: Tyranitar|Tyranitar, L50, M|100/100
|switch|p1b: Excadrill|Excadrill, L50, F|100/100
|switch|p2a: Whimsicott|Whimsicott, L50, F|100/100
|switch|p2b: Basculegion|Basculegion, L50, M|100/100
|-weather|Sandstorm|[from] ability: Sand Stream|[of] p1a: Tyranitar
|turn|1
|c|☆Dutchum|hf
|l| Trunce
|inactive|Battle timer is ON: inactive players will automatically lose when time's up. (requested by ReaDynn)
|
|t:|1783894413
|switch|p1a: Hydreigon|Hydreigon, L50, M|100/100
|move|p2a: Whimsicott|Protect|p2a: Whimsicott
|-singleturn|p2a: Whimsicott|Protect
|move|p1b: Excadrill|Earthquake|p2b: Basculegion|[spread] p2b
|-activate|p2a: Whimsicott|move: Protect
|-immune|p1a: Hydreigon|[from] ability: Levitate
|-damage|p2b: Basculegion|49/100
|move|p2b: Basculegion|Wave Crash|p1a: Hydreigon
|-resisted|p1a: Hydreigon|1
|-damage|p1a: Hydreigon|48/100
|-damage|p2b: Basculegion|35/100|[from] Recoil
|
|-weather|Sandstorm|[upkeep]
|-damage|p1a: Hydreigon|42/100|[from] Sandstorm
|-damage|p2a: Whimsicott|94/100|[from] Sandstorm
|-damage|p2b: Basculegion|29/100|[from] Sandstorm
|upkeep
|turn|2
|inactive|Dutchum has 30 seconds left.
|inactive|Dutchum has 20 seconds left.
|inactive|Dutchum has 15 seconds left.
|inactive|Dutchum has 10 seconds left.
|
|t:|1783894460
|move|p2b: Basculegion|Protect|p2b: Basculegion
|-singleturn|p2b: Basculegion|Protect
|move|p2a: Whimsicott|Tailwind|p2a: Whimsicott
|-sidestart|p2: Dutchum|move: Tailwind
|move|p1b: Excadrill|Earthquake|p2a: Whimsicott|[spread] p2a
|-activate|p2b: Basculegion|move: Protect
|-immune|p1a: Hydreigon|[from] ability: Levitate
|-resisted|p2a: Whimsicott|1
|-damage|p2a: Whimsicott|63/100
|move|p1a: Hydreigon|Heat Wave|p2a: Whimsicott|[spread] p2a
|-activate|p2b: Basculegion|move: Protect
|-supereffective|p2a: Whimsicott|1
|-damage|p2a: Whimsicott|0 fnt
|faint|p2a: Whimsicott
|
|-weather|Sandstorm|[upkeep]
|-damage|p2b: Basculegion|23/100|[from] Sandstorm
|-damage|p1a: Hydreigon|36/100|[from] Sandstorm
|upkeep
|
|t:|1783894476
|switch|p2a: Floette|Floette-Eternal, L50, F|100/100
|turn|3
|inactive|Dutchum has 30 seconds left.
|inactive|Dutchum has 20 seconds left.
|
|t:|1783894514
|switch|p1a: Corviknight|Corviknight, L50, F|100/100
|detailschange|p2a: Floette|Floette-Mega, L50, F
|-mega|p2a: Floette|Floette|Floettite
|-ability|p2a: Floette|Fairy Aura
|move|p1b: Excadrill|Protect|p1b: Excadrill
|-singleturn|p1b: Excadrill|Protect
|move|p2b: Basculegion|Aqua Jet|p1b: Excadrill
|-activate|p1b: Excadrill|move: Protect
|move|p2a: Floette|Dazzling Gleam|p1b: Excadrill|[spread] p1a
|-activate|p1b: Excadrill|move: Protect
|-resisted|p1a: Corviknight|1
|-damage|p1a: Corviknight|76/100
|
|-weather|Sandstorm|[upkeep]
|-damage|p2a: Floette|94/100|[from] Sandstorm
|-damage|p2b: Basculegion|17/100|[from] Sandstorm
|-heal|p1a: Corviknight|82/100|[from] item: Leftovers
|upkeep
|turn|4
|inactive|Dutchum has 30 seconds left.
|inactive|Dutchum has 20 seconds left.
|inactive|Dutchum has 15 seconds left.
|
|t:|1783894557
|switch|p1b: Hydreigon|Hydreigon, L50, M|36/100
|move|p2b: Basculegion|Aqua Jet|p1b: Hydreigon
|-resisted|p1b: Hydreigon|1
|-damage|p1b: Hydreigon|18/100
|move|p2a: Floette|Dazzling Gleam|p1b: Hydreigon|[spread] p1a,p1b
|-resisted|p1a: Corviknight|1
|-supereffective|p1b: Hydreigon|2
|-damage|p1a: Corviknight|59/100
|-damage|p1b: Hydreigon|0 fnt
|faint|p1b: Hydreigon
|move|p1a: Corviknight|Brave Bird|p2b: Basculegion
|-damage|p2b: Basculegion|0 fnt
|faint|p2b: Basculegion
|-damage|p1a: Corviknight|53/100|[from] Recoil
|
|-weather|Sandstorm|[upkeep]
|-damage|p2a: Floette|88/100|[from] Sandstorm
|-heal|p1a: Corviknight|59/100|[from] item: Leftovers
|upkeep
|j| kthuloutre
|
|t:|1783894573
|switch|p1b: Excadrill|Excadrill, L50, F|100/100
|switch|p2b: Kingambit|Kingambit, L50, M|100/100
|turn|5
|inactive|Dutchum has 30 seconds left.
|l| kthuloutre
|inactive|Dutchum has 20 seconds left.
|inactive|Dutchum has 15 seconds left.
|inactive|Dutchum has 10 seconds left.
|inactive|Dutchum has 5 seconds left.
|
|t:|1783894624
|move|p1b: Excadrill|Protect|p1b: Excadrill
|-singleturn|p1b: Excadrill|Protect
|move|p2b: Kingambit|Sucker Punch||[still]
|-fail|p2b: Kingambit
|move|p2a: Floette|Moonblast|p1b: Excadrill
|-activate|p1b: Excadrill|move: Protect
|move|p1a: Corviknight|Tailwind|p1a: Corviknight
|-sidestart|p1: ReaDynn|move: Tailwind
|
|-weather|none
|-heal|p1a: Corviknight|65/100|[from] item: Leftovers
|-sideend|p2: Dutchum|move: Tailwind
|upkeep
|turn|6
|
|t:|1783894637
|move|p2a: Floette|Protect|p2a: Floette
|-singleturn|p2a: Floette|Protect
|move|p1b: Excadrill|Earthquake|p2b: Kingambit|[spread] p2b
|-activate|p2a: Floette|move: Protect
|-immune|p1a: Corviknight
|-supereffective|p2b: Kingambit|1
|-damage|p2b: Kingambit|41/100
|move|p1a: Corviknight|Brave Bird|p2a: Floette
|-activate|p2a: Floette|move: Protect
|move|p2b: Kingambit|Kowtow Cleave|p1b: Excadrill
|-damage|p1b: Excadrill|19/100
|
|-heal|p1a: Corviknight|71/100|[from] item: Leftovers
|upkeep
|turn|7
|
|t:|1783894661
|move|p2b: Kingambit|Sucker Punch|p1b: Excadrill
|-damage|p1b: Excadrill|0 fnt
|faint|p1b: Excadrill
|move|p1a: Corviknight|Brave Bird|p2a: Floette
|-damage|p2a: Floette|39/100
|-damage|p1a: Corviknight|58/100|[from] Recoil
|move|p2a: Floette|Moonblast|p1a: Corviknight
|-resisted|p1a: Corviknight|1
|-damage|p1a: Corviknight|25/100
|
|-heal|p1a: Corviknight|31/100|[from] item: Leftovers
|upkeep
|
|t:|1783894664
|switch|p1b: Tyranitar|Tyranitar, L50, M|100/100
|-weather|Sandstorm|[from] ability: Sand Stream|[of] p1b: Tyranitar
|turn|8
|
|t:|1783894681
|detailschange|p1b: Tyranitar|Tyranitar-Mega, L50, M
|-mega|p1b: Tyranitar|Tyranitar|Tyranitarite
|move|p2a: Floette|Protect|p2a: Floette
|-singleturn|p2a: Floette|Protect
|move|p2b: Kingambit|Protect|p2b: Kingambit
|-singleturn|p2b: Kingambit|Protect
|move|p1a: Corviknight|Roost|p1a: Corviknight
|-heal|p1a: Corviknight|81/100
|-singleturn|p1a: Corviknight|move: Roost
|move|p1b: Tyranitar|Low Kick|p2b: Kingambit
|-activate|p2b: Kingambit|move: Protect
|
|-weather|Sandstorm|[upkeep]
|-damage|p2a: Floette|33/100|[from] Sandstorm
|-heal|p1a: Corviknight|87/100|[from] item: Leftovers
|-sideend|p1: ReaDynn|move: Tailwind
|upkeep
|turn|9
|inactive|Dutchum has 30 seconds left.
|
|t:|1783894711
|move|p2b: Kingambit|Sucker Punch|p1a: Corviknight
|-damage|p1a: Corviknight|42/100
|move|p2a: Floette|Moonblast|p1a: Corviknight
|-resisted|p1a: Corviknight|1
|-damage|p1a: Corviknight|7/100
|move|p1a: Corviknight|Brave Bird|p2a: Floette
|-damage|p2a: Floette|0 fnt
|faint|p2a: Floette
|-damage|p1a: Corviknight|0 fnt|[from] Recoil
|faint|p1a: Corviknight
|move|p1b: Tyranitar|Low Kick|p2b: Kingambit
|-supereffective|p2b: Kingambit|2
|-damage|p2b: Kingambit|0 fnt
|faint|p2b: Kingambit
|
|win|ReaDynn
||ReaDynn is ready for game 2.
|inactive|Dutchum has 30 seconds to confirm battle start!
||Dutchum is ready for game 2.
|uhtml|next|Next: Game 2 of 3
|j| Trunce
|l| ZawwYT
|l| Trunce
|l| Adryl ♫
|l|☆Dutchum
|player|p2|
|l| t&a ninetales
|l| Jrm-gray
