|j|‚òÜjohn_gx
|j|‚òÜIcecreamboy340
|html|john_gxIcecreamboy340    
|uhtml|bestof|Game 3 of a best-of-3
|t:|1782743383
|gametype|doubles
|player|p1|john_gx|blue|1048
|player|p2|Icecreamboy340|2|1031
|gen|9
|tier|[Gen 9 Champions] VGC 2026 Reg M-B (Bo3)
|rated|
|rule|Species Clause: Limit one of each Pok√©mon
|rule|Item Clause: Limit 1 of each item
|clearpoke
|poke|p1|Scrafty, L50, F|
|poke|p1|Gholdengo, L50|
|poke|p1|Whimsicott, L50, F|
|poke|p1|Raichu, L50, F|
|poke|p1|Mamoswine, L50, M|
|poke|p1|Aerodactyl, L50, M|
|poke|p2|Sceptile, L50, M, shiny|
|poke|p2|Basculegion, L50, M, shiny|
|poke|p2|Pelipper, L50, F, shiny|
|poke|p2|Rotom-Heat, L50|
|poke|p2|Farigiraf, L50, M|
|poke|p2|Metagross, L50, shiny|
|teampreview|4
|showteam|p1|Scrafty||Scraftinite|Intimidate|KnockOff,DrainPunch,FakeOut,Protect|Adamant||F|||50|]Gholdengo||ColburBerry|GoodasGold|MakeItRain,ShadowBall,NastyPlot,Protect|Timid|||||50|]Whimsicott||FairyFeather|Prankster|Moonblast,Tailwind,Encore,Protect|Timid||F|||50|]Raichu||RaichuniteY|Static|ZapCannon,FocusBlast,FakeOut,Protect|Timid||F|||50|]Mamoswine||LifeOrb|ThickFat|IcicleCrash,IceShard,HighHorsepower,Protect|Adamant||M|||50|]Aerodactyl||FocusSash|Unnerve|RockSlide,DualWingbeat,Tailwind,WideGuard|Jolly||M|||50|
|showteam|p2|Sceptile||Sceptilite|Overgrow|EarthPower,EnergyBall,DragonPulse,Protect|Modest||M|||50|]Basculegion||MysticWater|SwiftSwim|AquaJet,WaveCrash,LastRespects,Protect|Adamant||M|||50|]Pelipper||DampRock|Drizzle|Hurricane,WeatherBall,WideGuard,KnockOff|Relaxed||F|||50|]Rotom-Heat||ChoiceScarf|Levitate|Discharge,Overheat,WillOWisp,RainDance|Timid|||||50|]Farigiraf||Leftovers|ArmorTail|DazzlingGleam,EnergyBall,Imprison,TrickRoom|Quiet||M|||50|]Metagross||Metagrossite|ClearBody|Earthquake,BulletPunch,PsychicFangs,Protect|Jolly|||||50|
|c|‚òÜjohn_gx|Lets get it
|c|‚òÜIcecreamboy340|that miss play got me
|c|‚òÜjohn_gx|I know
|c|‚òÜjohn_gx|Lmao
|c|‚òÜjohn_gx|You should have win the other one
|
|t:|1782743417
|teamsize|p1|4
|teamsize|p2|4
|start
|switch|p1a: Scrafty|Scrafty, L50, F|100/100
|switch|p1b: Gholdengo|Gholdengo, L50|100/100
|switch|p2a: Farigiraf|Farigiraf, L50, M|100/100
|switch|p2b: Rotom|Rotom-Heat, L50|100/100
|-ability|p1a: Scrafty|Intimidate|boost
|-unboost|p2a: Farigiraf|atk|1
|-unboost|p2b: Rotom|atk|1
|turn|1
|
|t:|1782743444
|detailschange|p1a: Scrafty|Scrafty-Mega, L50, F
|-mega|p1a: Scrafty|Scrafty|Scraftinite
|-ability|p1a: Scrafty|Intimidate|boost
|-unboost|p2a: Farigiraf|atk|1
|-unboost|p2b: Rotom|atk|1
|move|p1a: Scrafty|Fake Out||[still]
|cant|p2a: Farigiraf|ability: Armor Tail|Fake Out|[of] p1a: Scrafty
|move|p2b: Rotom|Will-O-Wisp|p1a: Scrafty
|-status|p1a: Scrafty|brn
|move|p1b: Gholdengo|Make It Rain|p2b: Rotom|[spread] p2a,p2b
|-resisted|p2b: Rotom|2
|-crit|p2b: Rotom
|-damage|p2a: Farigiraf|55/100
|-damage|p2b: Rotom|75/100
|-unboost|p1b: Gholdengo|spa|2
|move|p2a: Farigiraf|Dazzling Gleam|p1b: Gholdengo|[spread] p1a,p1b
|-supereffective|p1a: Scrafty|2
|-resisted|p1b: Gholdengo|1
|-damage|p1a: Scrafty|34/100 brn
|-damage|p1b: Gholdengo|87/100
|
|-heal|p2a: Farigiraf|61/100|[from] item: Leftovers
|-damage|p1a: Scrafty|29/100 brn|[from] brn
|upkeep
|turn|2
|c|‚òÜjohn_gx|rght
|c|‚òÜjohn_gx|armor tail
|c|‚òÜIcecreamboy340|yep
|c|‚òÜIcecreamboy340|i really should have
|
|t:|1782743487
|switch|p2b: Sceptile|Sceptile, L50, M, shiny|100/100
|move|p1b: Gholdengo|Protect|p1b: Gholdengo
|-singleturn|p1b: Gholdengo|Protect
|move|p1a: Scrafty|Knock Off|p2a: Farigiraf
|-supereffective|p2a: Farigiraf|1
|-damage|p2a: Farigiraf|1/100
|-enditem|p2a: Farigiraf|Leftovers|[from] move: Knock Off|[of] p1a: Scrafty
|move|p2a: Farigiraf|Dazzling Gleam|p1b: Gholdengo|[spread] p1a
|-activate|p1b: Gholdengo|move: Protect
|-supereffective|p1a: Scrafty|2
|-damage|p1a: Scrafty|0 fnt
|faint|p1a: Scrafty
|
|upkeep
|c|‚òÜjohn_gx|1%
|
|t:|1782743500
|switch|p1a: Mamoswine|Mamoswine, L50, M|100/100
|turn|3
|
|t:|1782743513
|switch|p1b: Whimsicott|Whimsicott, L50, F|100/100
|switch|p2a: Rotom|Rotom-Heat, L50|75/100
|move|p2b: Sceptile|Protect|p2b: Sceptile
|-singleturn|p2b: Sceptile|Protect
|move|p1a: Mamoswine|Icicle Crash|p2b: Sceptile
|-activate|p2b: Sceptile|move: Protect
|
|upkeep
|turn|4
|
|t:|1782743533
|switch|p2b: Basculegion|Basculegion, L50, M, shiny|100/100
|move|p1a: Mamoswine|Protect|p1a: Mamoswine
|-singleturn|p1a: Mamoswine|Protect
|move|p1b: Whimsicott|Tailwind|p1b: Whimsicott
|-sidestart|p1: john_gx|move: Tailwind
|move|p2a: Rotom|Overheat|p1b: Whimsicott|[miss]
|-miss|p2a: Rotom|p1b: Whimsicott
|
|upkeep
|turn|5
|
|t:|1782743552
|move|p2b: Basculegion|Protect|p2b: Basculegion
|-singleturn|p2b: Basculegion|Protect
|move|p1b: Whimsicott|Moonblast|p2a: Rotom
|-resisted|p2a: Rotom|1
|-damage|p2a: Rotom|49/100
|move|p1a: Mamoswine|Icicle Crash|p2a: Rotom
|-resisted|p2a: Rotom|1
|-damage|p2a: Rotom|9/100
|-damage|p1a: Mamoswine|90/100|[from] item: Life Orb
|move|p2a: Rotom|Overheat|p1a: Mamoswine
|-supereffective|p1a: Mamoswine|1
|-damage|p1a: Mamoswine|2/100
|-unboost|p2a: Rotom|spa|2
|
|upkeep
|turn|6
|
|t:|1782743576
|switch|p2a: Farigiraf|Farigiraf, L50, M|1/100
|move|p1b: Whimsicott|Protect|p1b: Whimsicott
|-singleturn|p1b: Whimsicott|Protect
|move|p1a: Mamoswine|Ice Shard||[still]
|cant|p2a: Farigiraf|ability: Armor Tail|Ice Shard|[of] p1a: Mamoswine
|move|p2b: Basculegion|Aqua Jet|p1a: Mamoswine
|-supereffective|p1a: Mamoswine|1
|-damage|p1a: Mamoswine|0 fnt
|faint|p1a: Mamoswine
|
|upkeep
|
|t:|1782743584
|switch|p1a: Gholdengo|Gholdengo, L50|87/100
|turn|7
|c|‚òÜjohn_gx|!dt armor tail
|c|‚òÜjohn_gx|/raw Armor Tail This Pokemon and its allies are protected from opposing priority moves. 
|c|‚òÜjohn_gx|/raw Gen: 9 |  ✓ Ignored by Mold Breaker

|
|t:|1782743611
|move|p1a: Gholdengo|Protect|p1a: Gholdengo
|-singleturn|p1a: Gholdengo|Protect
|move|p2b: Basculegion|Protect|p2b: Basculegion
|-singleturn|p2b: Basculegion|Protect
|move|p1b: Whimsicott|Encore||[still]
|cant|p2a: Farigiraf|ability: Armor Tail|Encore|[of] p1b: Whimsicott
|move|p2a: Farigiraf|Dazzling Gleam|p1a: Gholdengo|[spread] p1b
|-activate|p1a: Gholdengo|move: Protect
|-damage|p1b: Whimsicott|68/100
|
|-sideend|p1: john_gx|move: Tailwind
|upkeep
|turn|8
|
|t:|1782743627
|move|p1b: Whimsicott|Encore||[still]
|cant|p2a: Farigiraf|ability: Armor Tail|Encore|[of] p1b: Whimsicott
|move|p1a: Gholdengo|Shadow Ball|p2b: Basculegion
|-supereffective|p2b: Basculegion|1
|-damage|p2b: Basculegion|10/100
|move|p2b: Basculegion|Last Respects|p1a: Gholdengo
|-supereffective|p1a: Gholdengo|1
|-damage|p1a: Gholdengo|25/100
|move|p2a: Farigiraf|Dazzling Gleam|p1a: Gholdengo|[spread] p1a,p1b
|-resisted|p1a: Gholdengo|1
|-damage|p1a: Gholdengo|12/100
|-damage|p1b: Whimsicott|37/100
|
|upkeep
|turn|9
|c|‚òÜIcecreamboy340|can use prankster
|c|‚òÜIcecreamboy340|cant *
|c|‚òÜjohn_gx|Ik
|c|‚òÜjohn_gx|Just making it funny bro
|
|t:|1782743682
|switch|p2a: Rotom|Rotom-Heat, L50|9/100
|move|p1a: Gholdengo|Protect|p1a: Gholdengo
|-singleturn|p1a: Gholdengo|Protect
|move|p2b: Basculegion|Protect|p2b: Basculegion
|-singleturn|p2b: Basculegion|Protect
|move|p1b: Whimsicott|Moonblast|p2b: Basculegion
|-activate|p2b: Basculegion|move: Protect
|
|upkeep
|turn|10
|
|t:|1782743708
|move|p1b: Whimsicott|Tailwind|p1b: Whimsicott
|-sidestart|p1: john_gx|move: Tailwind
|move|p2b: Basculegion|Aqua Jet|p1a: Gholdengo
|-damage|p1a: Gholdengo|0 fnt
|faint|p1a: Gholdengo
|move|p2a: Rotom|Rain Dance|p2a: Rotom
|-weather|RainDance
|
|-weather|RainDance|[upkeep]
|upkeep
|turn|11
|c|‚òÜIcecreamboy340|im trying to get in perfrect
|c|‚òÜIcecreamboy340|the team
|c|‚òÜjohn_gx|Im testing this to use it in champions
|c|‚òÜIcecreamboy340|tryan get my EV right
|c|‚òÜIcecreamboy340|we doing the same thing
|c|‚òÜjohn_gx|Hhhshahahahaha
|
|t:|1782743757
|move|p1b: Whimsicott|Moonblast|p2a: Rotom
|-resisted|p2a: Rotom|1
|-damage|p2a: Rotom|0 fnt
|faint|p2a: Rotom
|move|p2b: Basculegion|Wave Crash|p1b: Whimsicott
|-resisted|p1b: Whimsicott|1
|-damage|p1b: Whimsicott|0 fnt
|faint|p1b: Whimsicott
|-damage|p2b: Basculegion|1/100|[from] Recoil
|
|win|Icecreamboy340
|raw|john_gx's rating: 1048 → 1030(-18 for losing)
|raw|Icecreamboy340's rating: 1031 → 1068(+37 for winning)
|c|‚òÜjohn_gx|ggswp
|c|‚òÜjohn_gx|goodluck!
|c|‚òÜIcecreamboy340|gg
