|j|☆bennobad
|j|☆Sincubii
|html|bennobadSincubii    
|uhtml|bestof|Game 2 of a best-of-3
|t:|1756911310
|gametype|doubles
|player|p1|bennobad|1|1171
|player|p2|Sincubii|palmer|1036
|gen|9
|tier|[Gen 9] VGC 2025 Reg H (Bo3)
|rated|
|rule|Species Clause: Limit one of each Pokémon
|rule|Item Clause: Limit 1 of each item
|clearpoke
|poke|p1|Ursaluna, L50, M|
|poke|p1|Hydreigon, L50, F|
|poke|p1|Gholdengo, L50|
|poke|p1|Incineroar, L50, F|
|poke|p1|Amoonguss, L50, M|
|poke|p1|Porygon2, L50|
|poke|p2|Weavile, L50, M|
|poke|p2|Rillaboom, L50, F|
|poke|p2|Magnezone, L50|
|poke|p2|Dragonite, L50, F|
|poke|p2|Infernape, L50, F|
|poke|p2|Primarina, L50, M|
|teampreview|4
|showteam|p1|Ursaluna||FlameOrb|Guts|Facade,HeadlongRush,Substitute,Protect|||M|||50|,,,,,Fairy]Hydreigon||CovertCloak|Levitate|DracoMeteor,Snarl,Tailwind,Protect|||F|||50|,,,,,Steel]Gholdengo||LifeOrb|GoodasGold|MakeItRain,ShadowBall,Protect,NastyPlot||||||50|,,,,,Dragon]Incineroar||AssaultVest|Intimidate|KnockOff,FlareBlitz,Uturn,FakeOut|||F|||50|,,,,,Grass]Amoonguss||MentalHerb|Regenerator|Spore,RagePowder,ClearSmog,Protect|||M|||50|,,,,,Fire]Porygon2||Eviolite|Download|TeraBlast,Thunderbolt,Recover,TrickRoom||||||50|,,,,,Fairy
|showteam|p2|Weavile||LifeOrb|Pressure|IceSpinner,FakeOut,KnockOff,Protect|||M|||50|,,,,,Ghost]Rillaboom||MiracleSeed|GrassySurge|FakeOut,GrassyGlide,WoodHammer,Protect|||F|||50|,,,,,Grass]Magnezone||AssaultVest|Analytic|VoltSwitch,Electroweb,Thunderbolt,FlashCannon||||||50|,,,,,Grass]Dragonite||LoadedDice|Multiscale|Protect,ScaleShot,Tailwind,Haze|||F|||50|,,,,,Fairy]Infernape||ChoiceSpecs|Blaze|AuraSphere,HeatWave,Overheat,ScorchingSands|||F|||50|,,,,,Fire]Primarina||ThroatSpray|LiquidVoice|HyperVoice,Moonblast,Protect,CalmMind|||M|||50|,,,,,Steel
|inactive|Battle timer is ON: inactive players will automatically lose when time's up. (requested by bennobad)
|inactive|Sincubii has 60 seconds left.
|
|t:|1756911356
|teamsize|p1|4
|teamsize|p2|4
|start
|switch|p1a: Amoonguss|Amoonguss, L50, M, shiny|100/100
|switch|p1b: Porygon2|Porygon2, L50, shiny|100/100
|switch|p2a: Infernape|Infernape, L50, F|100/100
|switch|p2b: Mr. Cool|Weavile, L50, M|100/100
|-ability|p2b: Mr. Cool|Pressure
|-ability|p1b: Porygon2|Download|boost
|-boost|p1b: Porygon2|atk|1
|turn|1
|
|t:|1756911371
|-terastallize|p2a: Infernape|Fire
|-terastallize|p1a: Amoonguss|Fire
|move|p2b: Mr. Cool|Knock Off|p1b: Porygon2
|-damage|p1b: Porygon2|64/100
|-enditem|p1b: Porygon2|Eviolite|[from] move: Knock Off|[of] p2b: Mr. Cool
|-damage|p2b: Mr. Cool|91/100|[from] item: Life Orb
|move|p2a: Infernape|Heat Wave|p1b: Porygon2|[spread] p1a,p1b
|-resisted|p1a: Amoonguss
|-damage|p1a: Amoonguss|75/100
|-damage|p1b: Porygon2|14/100
|move|p1a: Amoonguss|Spore|p2b: Mr. Cool
|-status|p2b: Mr. Cool|slp|[from] move: Spore
|move|p1b: Porygon2|Trick Room|p1b: Porygon2
|-fieldstart|move: Trick Room|[of] p1b: Porygon2
|
|upkeep
|turn|2
|
|t:|1756911394
|switch|p2a: TMAT|Rillaboom, L50, F|100/100
|-fieldstart|move: Grassy Terrain|[from] ability: Grassy Surge|[of] p2a: TMAT
|move|p1a: Amoonguss|Spore|p2a: TMAT
|-immune|p2a: TMAT
|move|p1b: Porygon2|Tera Blast|p2a: TMAT
|-damage|p2a: TMAT|68/100
|cant|p2b: Mr. Cool|slp
|
|-heal|p1a: Amoonguss|81/100|[from] Grassy Terrain
|-heal|p1b: Porygon2|19/100|[from] Grassy Terrain
|-heal|p2a: TMAT|74/100|[from] Grassy Terrain
|-heal|p2b: Mr. Cool|97/100 slp|[from] Grassy Terrain
|upkeep
|turn|3
|
|t:|1756911416
|switch|p1b: Incineroar|Incineroar, L50, F, shiny|100/100
|-ability|p1b: Incineroar|Intimidate|boost
|-unboost|p2a: TMAT|atk|1
|-unboost|p2b: Mr. Cool|atk|1
|switch|p2a: Infernape|Infernape, L50, F, tera:Fire|100/100
|move|p1a: Amoonguss|Clear Smog|p2a: Infernape
|-damage|p2a: Infernape|76/100
|-clearboost|p2a: Infernape
|-curestatus|p2b: Mr. Cool|slp|[msg]
|move|p2b: Mr. Cool|Ice Spinner|p1b: Incineroar
|-resisted|p1b: Incineroar
|-damage|p1b: Incineroar|84/100
|-fieldend|move: Grassy Terrain
|-damage|p2b: Mr. Cool|87/100|[from] item: Life Orb
|
|upkeep
|turn|4
|inactive|bennobad has 30 seconds left.
|inactive|Sincubii has 30 seconds left.
|inactive|Sincubii has 20 seconds left.
|inactive|Sincubii has 15 seconds left.
|inactive|Sincubii has 10 seconds left.
|inactive|Sincubii has 5 seconds left.
|
|t:|1756911472
|move|p1a: Amoonguss|Spore|p2a: Infernape
|-status|p2a: Infernape|slp|[from] move: Spore
|move|p1b: Incineroar|Flare Blitz|p2b: Mr. Cool
|-supereffective|p2b: Mr. Cool
|-damage|p2b: Mr. Cool|0 fnt
|faint|p2b: Mr. Cool
|-damage|p1b: Incineroar|63/100|[from] Recoil
|cant|p2a: Infernape|slp
|
|upkeep
|l|☆Sincubii
|inactive|Sincubii disconnected and has a minute to reconnect!
|player|p2|
|inactive|Sincubii has 30 seconds left.
|j|☆Sincubii
|inactive|Sincubii reconnected and has 30 seconds left.
|player|p2|Sincubii|palmer|
|inactive|Sincubii has 20 seconds left.
|inactive|Sincubii has 15 seconds left.
|inactive|Sincubii has 10 seconds left.
|inactive|Sincubii has 5 seconds left.
|
|t:|1756911522
|switch|p2b: Big Boss|Dragonite, L50, F, shiny|100/100
|turn|5
|
|t:|1756911542
|move|p2b: Big Boss|Protect|p2b: Big Boss
|-singleturn|p2b: Big Boss|Protect
|move|p1a: Amoonguss|Spore|p2b: Big Boss
|-activate|p2b: Big Boss|move: Protect
|move|p1b: Incineroar|U-turn|p2a: Infernape
|-resisted|p2a: Infernape
|-damage|p2a: Infernape|59/100 slp
|
|t:|1756911546
|switch|p1b: Ursaluna|Ursaluna, L50, M|100/100|[from] U-turn
|cant|p2a: Infernape|slp
|
|-fieldend|move: Trick Room
|-status|p1b: Ursaluna|brn|[from] item: Flame Orb
|upkeep
|turn|6
|
|t:|1756911565
|move|p1a: Amoonguss|Rage Powder|p1a: Amoonguss
|-singleturn|p1a: Amoonguss|move: Rage Powder
|cant|p2a: Infernape|slp
|move|p2b: Big Boss|Scale Shot|p1a: Amoonguss
|-damage|p1a: Amoonguss|69/100
|-damage|p1a: Amoonguss|58/100
|-damage|p1a: Amoonguss|47/100
|-damage|p1a: Amoonguss|36/100
|-hitcount|p1a: Amoonguss|4
|-unboost|p2b: Big Boss|def|1
|-boost|p2b: Big Boss|spe|1
|move|p1b: Ursaluna|Facade|p2a: Infernape
|-damage|p2a: Infernape|0 fnt
|faint|p2a: Infernape
|
|-damage|p1b: Ursaluna|95/100 brn|[from] brn
|upkeep
|
|t:|1756911571
|switch|p2a: TMAT|Rillaboom, L50, F|74/100
|-fieldstart|move: Grassy Terrain|[from] ability: Grassy Surge|[of] p2a: TMAT
|turn|7
|
|t:|1756911576
|switch|p1a: Incineroar|Incineroar, L50, F, shiny|63/100
|-ability|p1a: Incineroar|Intimidate|boost
|-unboost|p2a: TMAT|atk|1
|-unboost|p2b: Big Boss|atk|1
|move|p1b: Ursaluna|Protect|p1b: Ursaluna
|-singleturn|p1b: Ursaluna|Protect
|move|p2a: TMAT|Fake Out|p1b: Ursaluna
|-activate|p1b: Ursaluna|move: Protect
|move|p2b: Big Boss|Scale Shot|p1a: Incineroar
|-crit|p1a: Incineroar
|-damage|p1a: Incineroar|37/100
|-damage|p1a: Incineroar|27/100
|-damage|p1a: Incineroar|17/100
|-damage|p1a: Incineroar|7/100
|-hitcount|p1a: Incineroar|4
|-unboost|p2b: Big Boss|def|1
|-boost|p2b: Big Boss|spe|1
|
|-heal|p1a: Incineroar|13/100|[from] Grassy Terrain
|-heal|p2a: TMAT|80/100|[from] Grassy Terrain
|-heal|p1b: Ursaluna|100/100 brn|[from] Grassy Terrain
|-damage|p1b: Ursaluna|95/100 brn|[from] brn
|upkeep
|turn|8
|
|t:|1756911600
|move|p2b: Big Boss|Protect|p2b: Big Boss
|-singleturn|p2b: Big Boss|Protect
|move|p2a: TMAT|Protect|p2a: TMAT
|-singleturn|p2a: TMAT|Protect
|move|p1a: Incineroar|Fake Out|p2a: TMAT
|-activate|p2a: TMAT|move: Protect
|move|p1b: Ursaluna|Substitute|p1b: Ursaluna
|-start|p1b: Ursaluna|Substitute
|-damage|p1b: Ursaluna|70/100 brn
|
|-heal|p2a: TMAT|85/100|[from] Grassy Terrain
|-heal|p1a: Incineroar|19/100|[from] Grassy Terrain
|-heal|p1b: Ursaluna|76/100 brn|[from] Grassy Terrain
|-damage|p1b: Ursaluna|70/100 brn|[from] brn
|upkeep
|turn|9
|
|t:|1756911622
|move|p2b: Big Boss|Scale Shot|p1b: Ursaluna|[miss]
|-miss|p2b: Big Boss|p1b: Ursaluna
|move|p1a: Incineroar|Flare Blitz|p2a: TMAT
|-supereffective|p2a: TMAT
|-damage|p2a: TMAT|0 fnt
|faint|p2a: TMAT
|-damage|p1a: Incineroar|0 fnt|[from] Recoil
|faint|p1a: Incineroar
|move|p1b: Ursaluna|Facade|p2b: Big Boss
|-damage|p2b: Big Boss|0 fnt
|faint|p2b: Big Boss
|
|win|bennobad
|raw|bennobad's rating: 1171 → 1187(+16 for winning)
|raw|Sincubii's rating: 1036 → 1026(-10 for losing)
|l|☆Sincubii
|player|p2|
