|j|☆stormyrat
|j|☆Mr James Freak
|html|stormyratMr James Freak    
|uhtml|bestof|Game 2 of a best-of-3
|t:|1782185331
|gametype|doubles
|player|p1|stormyrat|265|1078
|player|p2|Mr James Freak|scientist|1119
|gen|9
|tier|[Gen 9 Champions] VGC 2026 Reg M-B (Bo3)
|rated|
|rule|Species Clause: Limit one of each Pokémon
|rule|Item Clause: Limit 1 of each item
|clearpoke
|poke|p1|Floette-Eternal, L50, F|
|poke|p1|Gholdengo, L50|
|poke|p1|Aerodactyl, L50, M|
|poke|p1|Incineroar, L50, F|
|poke|p1|Basculegion, L50, M|
|poke|p1|Rotom-Mow, L50|
|poke|p2|Tyranitar, L50, F, shiny|
|poke|p2|Metagross, L50, shiny|
|poke|p2|Sinistcha-Masterpiece, L50|
|poke|p2|Rotom-Wash, L50, shiny|
|poke|p2|Garchomp, L50, F, shiny|
|poke|p2|Incineroar, L50, M, shiny|
|teampreview|4
|showteam|p1|Floette-Eternal||Floettite|FlowerVeil|Moonblast,LightofRuin,DazzlingGleam,Protect|Modest||F|||50|]Gholdengo||LifeOrb|GoodasGold|NastyPlot,ShadowBall,MakeItRain,Protect|Modest|||||50|]Aerodactyl||FocusSash|Unnerve|DualWingbeat,RockSlide,Tailwind,WideGuard|Jolly||M|||50|]Incineroar||SitrusBerry|Intimidate|FakeOut,PartingShot,DarkestLariat,FlareBlitz|Impish||F|||50|]Basculegion||MysticWater|Adaptability|Protect,WaveCrash,LastRespects,AquaJet|Jolly||M|||50|]Rotom-Mow||WideLens|Levitate|LeafStorm,Electroweb,VoltSwitch,Protect|Timid|||||50|
|showteam|p2|Tyranitar||Tyranitarite|SandStream|RockSlide,KnockOff,DragonDance,Protect|Adamant||F|||50|]Metagross||Metagrossite|ClearBody|IronHead,PsychicFangs,BodyPress,Protect|Jolly|||||50|]Sinistcha-Masterpiece||SitrusBerry|Hospitality|MatchaGotcha,RagePowder,LifeDew,Protect|Bold|||||50|]Rotom-Wash||Leftovers|Levitate|Electroweb,HydroPump,WillOWisp,Protect|Calm|||||50|]Garchomp||LifeOrb|RoughSkin|Earthquake,RockSlide,ScaleShot,Protect|Jolly||F|||50|]Incineroar||PasshoBerry|Intimidate|FakeOut,PartingShot,FlareBlitz,ThroatChop|Careful||M|||50|
|inactive|Battle timer is ON: inactive players will automatically lose when time's up. (requested by stormyrat)
|inactive|stormyrat has 60 seconds left.
|
|t:|1782185362
|teamsize|p1|4
|teamsize|p2|4
|start
|switch|p1a: Gholdengo|Gholdengo, L50|100/100
|switch|p1b: Incineroar|Incineroar, L50, F|100/100
|switch|p2a: Rotom|Rotom-Wash, L50, shiny|100/100
|switch|p2b: Garchomp|Garchomp, L50, F, shiny|100/100
|-ability|p1b: Incineroar|Intimidate|boost
|-unboost|p2a: Rotom|atk|1
|-unboost|p2b: Garchomp|atk|1
|turn|1
|inactive|stormyrat has 30 seconds left.
|
|t:|1782185391
|move|p1b: Incineroar|Fake Out|p2b: Garchomp
|-damage|p2b: Garchomp|89/100
|-damage|p1b: Incineroar|87/100|[from] ability: Rough Skin|[of] p2b: Garchomp
|cant|p2b: Garchomp|flinch
|move|p2a: Rotom|Electroweb|p1a: Gholdengo|[spread] p1b
|-miss|p2a: Rotom|p1a: Gholdengo
|-damage|p1b: Incineroar|74/100
|-unboost|p1b: Incineroar|spe|1
|move|p1a: Gholdengo|Nasty Plot|p1a: Gholdengo
|-boost|p1a: Gholdengo|spa|2
|
|upkeep
|turn|2
|inactive|Mr James Freak has 30 seconds left.
|inactive|Mr James Freak has 20 seconds left.
|inactive|Mr James Freak has 15 seconds left.
|inactive|stormyrat has 30 seconds left.
|inactive|Mr James Freak has 10 seconds left.
|
|t:|1782185437
|move|p1a: Gholdengo|Protect|p1a: Gholdengo
|-singleturn|p1a: Gholdengo|Protect
|move|p2b: Garchomp|Earthquake|p1b: Incineroar|[spread] p1b
|-activate|p1a: Gholdengo|move: Protect
|-immune|p2a: Rotom|[from] ability: Levitate
|-supereffective|p1b: Incineroar|1
|-damage|p1b: Incineroar|31/100
|-enditem|p1b: Incineroar|Sitrus Berry|[eat]
|-heal|p1b: Incineroar|56/100|[from] item: Sitrus Berry
|-damage|p2b: Garchomp|80/100|[from] item: Life Orb
|move|p2a: Rotom|Electroweb|p1a: Gholdengo|[spread] p1b
|-activate|p1a: Gholdengo|move: Protect
|-damage|p1b: Incineroar|43/100
|-unboost|p1b: Incineroar|spe|1
|move|p1b: Incineroar|Parting Shot|p2a: Rotom
|-unboost|p2a: Rotom|atk|1
|-unboost|p2a: Rotom|spa|1
|
|t:|1782185453
|switch|p1b: Aerodactyl|Aerodactyl, L50, M|100/100|[from] Parting Shot
|-ability|p1b: Aerodactyl|Unnerve
|
|upkeep
|turn|3
|inactive|Mr James Freak has 30 seconds left.
|
|t:|1782185479
|switch|p2b: Incineroar|Incineroar, L50, M, shiny|100/100
|-ability|p2b: Incineroar|Intimidate|boost
|-unboost|p1a: Gholdengo|atk|1
|-unboost|p1b: Aerodactyl|atk|1
|move|p1b: Aerodactyl|Tailwind|p1b: Aerodactyl
|-sidestart|p1: stormyrat|move: Tailwind
|move|p1a: Gholdengo|Shadow Ball|p2b: Incineroar
|-resisted|p2b: Incineroar|1
|-damage|p2b: Incineroar|55/100
|-damage|p1a: Gholdengo|90/100|[from] item: Life Orb
|move|p2a: Rotom|Will-O-Wisp|p1b: Aerodactyl|[miss]
|-miss|p2a: Rotom|p1b: Aerodactyl
|
|upkeep
|turn|4
|
|t:|1782185504
|move|p2b: Incineroar|Fake Out|p1b: Aerodactyl
|-resisted|p1b: Aerodactyl|1
|-damage|p1b: Aerodactyl|91/100
|cant|p1b: Aerodactyl|flinch
|move|p1a: Gholdengo|Shadow Ball|p2a: Rotom
|-damage|p2a: Rotom|0 fnt
|faint|p2a: Rotom
|-damage|p1a: Gholdengo|80/100|[from] item: Life Orb
|
|upkeep
|
|t:|1782185518
|switch|p2a: Garchomp|Garchomp, L50, F, shiny|80/100
|turn|5
|
|t:|1782185528
|move|p1b: Aerodactyl|Rock Slide|p2a: Garchomp|[spread] p2a,p2b
|-resisted|p2a: Garchomp|1
|-supereffective|p2b: Incineroar|1
|-damage|p2a: Garchomp|72/100
|-damage|p2b: Incineroar|28/100
|move|p1a: Gholdengo|Shadow Ball|p2a: Garchomp
|-damage|p2a: Garchomp|0 fnt
|faint|p2a: Garchomp
|-damage|p1a: Gholdengo|70/100|[from] item: Life Orb
|move|p2b: Incineroar|Flare Blitz|p1a: Gholdengo
|-supereffective|p1a: Gholdengo|1
|-damage|p1a: Gholdengo|0 fnt
|faint|p1a: Gholdengo
|-damage|p2b: Incineroar|5/100|[from] Recoil
|
|upkeep
|
|t:|1782185539
|switch|p2a: Metagross|Metagross, L50, shiny|100/100
|switch|p1a: Incineroar|Incineroar, L50, F|43/100
|-ability|p1a: Incineroar|Intimidate|boost
|-fail|p2a: Metagross|unboost|[from] ability: Clear Body|[of] p2a: Metagross
|-unboost|p2b: Incineroar|atk|1
|turn|6
|inactive|stormyrat has 30 seconds left.
|
|t:|1782185568
|move|p2a: Metagross|Protect|p2a: Metagross
|-singleturn|p2a: Metagross|Protect
|move|p1b: Aerodactyl|Rock Slide|p2b: Incineroar|[spread] p2b
|-activate|p2a: Metagross|move: Protect
|-supereffective|p2b: Incineroar|1
|-damage|p2b: Incineroar|0 fnt
|faint|p2b: Incineroar
|move|p1a: Incineroar|Darkest Lariat|p2a: Metagross
|-activate|p2a: Metagross|move: Protect
|
|-sideend|p1: stormyrat|move: Tailwind
|upkeep
|turn|7
|
|t:|1782185579
|detailschange|p2a: Metagross|Metagross-Mega, L50, shiny
|-mega|p2a: Metagross|Metagross|Metagrossite
|move|p1b: Aerodactyl|Tailwind|p1b: Aerodactyl
|-sidestart|p1: stormyrat|move: Tailwind
|move|p2a: Metagross|Body Press|p1a: Incineroar
|-supereffective|p1a: Incineroar|1
|-damage|p1a: Incineroar|0 fnt
|faint|p1a: Incineroar
|
|upkeep
|
|t:|1782185584
|switch|p1a: Floette|Floette-Eternal, L50, F|100/100
|turn|8
|
|t:|1782185592
|detailschange|p1a: Floette|Floette-Mega, L50, F
|-mega|p1a: Floette|Floette|Floettite
|-ability|p1a: Floette|Fairy Aura
|move|p1a: Floette|Protect|p1a: Floette
|-singleturn|p1a: Floette|Protect
|move|p2a: Metagross|Protect|p2a: Metagross
|-singleturn|p2a: Metagross|Protect
|move|p1b: Aerodactyl|Dual Wingbeat|p2a: Metagross
|-activate|p2a: Metagross|move: Protect
|
|upkeep
|turn|9
|
|t:|1782185603
|move|p1b: Aerodactyl|Dual Wingbeat|p2a: Metagross
|-resisted|p2a: Metagross|1
|-crit|p2a: Metagross
|-damage|p2a: Metagross|88/100
|-resisted|p2a: Metagross|1
|-damage|p2a: Metagross|85/100
|-hitcount|p2a: Metagross|2
|move|p1a: Floette|Light of Ruin|p2a: Metagross
|-resisted|p2a: Metagross|1
|-damage|p2a: Metagross|28/100
|-damage|p1a: Floette|71/100|[from] Recoil
|move|p2a: Metagross|Iron Head|p1a: Floette
|-supereffective|p1a: Floette|1
|-damage|p1a: Floette|0 fnt
|faint|p1a: Floette
|
|upkeep
|turn|10
|
|t:|1782185617
|move|p2a: Metagross|Protect|p2a: Metagross
|-singleturn|p2a: Metagross|Protect
|move|p1b: Aerodactyl|Dual Wingbeat|p2a: Metagross
|-activate|p2a: Metagross|move: Protect
|
|-sideend|p1: stormyrat|move: Tailwind
|upkeep
|turn|11
|
|t:|1782185619
|move|p1b: Aerodactyl|Dual Wingbeat|p2a: Metagross
|-resisted|p2a: Metagross|1
|-damage|p2a: Metagross|25/100
|-resisted|p2a: Metagross|1
|-damage|p2a: Metagross|21/100
|-hitcount|p2a: Metagross|2
|move|p2a: Metagross|Iron Head|p1b: Aerodactyl
|-supereffective|p1b: Aerodactyl|1
|-damage|p1b: Aerodactyl|0 fnt
|faint|p1b: Aerodactyl
|
|win|Mr James Freak
|raw|stormyrat's rating: 1078 → 1059(-19 for losing)
|raw|Mr James Freak's rating: 1119 → 1141(+22 for winning)
