|j|☆d1mo22
|j|‽airpersia
|html|d1mo22airpersia    
|uhtml|bestof|Game 1 of a best-of-3
|t:|1784139580
|gametype|doubles
|player|p1|d1mo22|skier|1130
|player|p2|airpersia|266|1115
|gen|9
|tier|[Gen 9 Champions] VGC 2026 Reg M-B (Bo3)
|rated|
|rule|Species Clause: Limit one of each Pokémon
|rule|Item Clause: Limit 1 of each item
|clearpoke
|poke|p1|Raichu, L50, F|
|poke|p1|Gyarados, L50, M, shiny|
|poke|p1|Mamoswine, L50, F|
|poke|p1|Ceruledge, L50, F|
|poke|p1|Sinistcha, L50|
|poke|p1|Kingambit, L50, M, shiny|
|poke|p2|Metagross, L50|
|poke|p2|Whimsicott, L50, F, shiny|
|poke|p2|Incineroar, L50, M, shiny|
|poke|p2|Tyranitar, L50, F|
|poke|p2|Sinistcha, L50|
|poke|p2|Lucario, L50, F, shiny|
|teampreview|4
|showteam|p1|Raichu||RaichuniteY|LightningRod|FakeOut,Encore,ZapCannon,FocusBlast|Timid||F|||50|]Gyarados||Gyaradosite|Intimidate|LashOut,Waterfall,DragonDance,Protect|Adamant||M|||50|]Mamoswine||LifeOrb|Oblivious|Protect,IcicleCrash,IceShard,HighHorsepower|Jolly||F|||50|]Ceruledge||ColburBerry|FlashFire|BitterBlade,ShadowSneak,BulkUp,Protect|Adamant||F|||50|]Sinistcha||SitrusBerry|Hospitality|Protect,RagePowder,MatchaGotcha,LifeDew|Bold|||||50|]Kingambit||FocusSash|Defiant|Protect,SuckerPunch,KowtowCleave,IronHead|Adamant||M|||50|
|showteam|p2|Metagross||Metagrossite|ClearBody|IronHead,PsychicFangs,BodyPress,Protect|Jolly|||||50|]Whimsicott||FocusSash|Prankster|Tailwind,Taunt,Moonblast,Encore|Timid||F|||50|]Incineroar||ChopleBerry|Intimidate|ThroatChop,FlareBlitz,PartingShot,FakeOut|Impish||M|||50|]Tyranitar||Tyranitarite|SandStream|RockSlide,KnockOff,DragonDance,Protect|Adamant||F|||50|]Sinistcha||SitrusBerry|Hospitality|MatchaGotcha,ShadowBall,RagePowder,LifeDew|Bold|||||50|]Lucario||Lucarionite|InnerFocus|Detect,AuraSphere,FlashCannon,ShadowBall|Timid||F|||50|
|inactive|Battle timer is ON: inactive players will automatically lose when time's up. (requested by airpersia)
|inactive|d1mo22 has 60 seconds left.
|inactive|airpersia has 60 seconds left.
|inactive|d1mo22 has 30 seconds left.
|inactive|d1mo22 has 20 seconds left.
|inactive|d1mo22 has 15 seconds left.
|
|t:|1784139658
|teamsize|p1|4
|teamsize|p2|4
|start
|switch|p1a: Raichu|Raichu, L50, F|100/100
|switch|p1b: Gyarados|Gyarados, L50, M, shiny|100/100
|switch|p2a: Lucario|Lucario, L50, F, shiny|100/100
|switch|p2b: Incineroar|Incineroar, L50, M, shiny|100/100
|-ability|p1b: Gyarados|Intimidate|boost
|-fail|p2a: Lucario|unboost|Attack|[from] ability: Inner Focus|[of] p2a: Lucario
|-unboost|p2b: Incineroar|atk|1
|-ability|p2b: Incineroar|Intimidate|boost
|-unboost|p1a: Raichu|atk|1
|-unboost|p1b: Gyarados|atk|1
|turn|1
|inactive|d1mo22 has 30 seconds left.
|
|t:|1784139686
|detailschange|p1a: Raichu|Raichu-Mega-Y, L50, F
|-mega|p1a: Raichu|Raichu|Raichunite Y
|move|p2a: Lucario|Detect|p2a: Lucario
|-singleturn|p2a: Lucario|Protect
|move|p1a: Raichu|Fake Out|p2a: Lucario
|-activate|p2a: Lucario|move: Protect
|move|p1b: Gyarados|Dragon Dance|p1b: Gyarados
|-boost|p1b: Gyarados|atk|1
|-boost|p1b: Gyarados|spe|1
|move|p2b: Incineroar|Parting Shot|p1b: Gyarados
|-unboost|p1b: Gyarados|atk|1
|-unboost|p1b: Gyarados|spa|1
|
|t:|1784139693
|switch|p2b: Sinistcha|Sinistcha, L50|100/100|[from] Parting Shot
|
|upkeep
|turn|2
|
|t:|1784139706
|detailschange|p2a: Lucario|Lucario-Mega, L50, F, shiny
|-mega|p2a: Lucario|Lucario|Lucarionite
|move|p2b: Sinistcha|Rage Powder|p2b: Sinistcha
|-singleturn|p2b: Sinistcha|move: Rage Powder
|move|p1a: Raichu|Focus Blast|p2b: Sinistcha
|-immune|p2b: Sinistcha
|move|p2a: Lucario|Aura Sphere|p1a: Raichu
|-damage|p1a: Raichu|23/100
|move|p1b: Gyarados|Lash Out|p2b: Sinistcha
|-supereffective|p2b: Sinistcha|1
|-crit|p2b: Sinistcha
|-damage|p2b: Sinistcha|46/100
|-enditem|p2b: Sinistcha|Sitrus Berry|[eat]
|-heal|p2b: Sinistcha|70/100|[from] item: Sitrus Berry
|
|upkeep
|turn|3
|inactive|airpersia has 30 seconds left.
|
|t:|1784139737
|switch|p1a: Sinistcha|Sinistcha, L50|100/100
|move|p2b: Sinistcha|Rage Powder|p2b: Sinistcha
|-singleturn|p2b: Sinistcha|move: Rage Powder
|move|p1b: Gyarados|Dragon Dance|p1b: Gyarados
|-boost|p1b: Gyarados|atk|1
|-boost|p1b: Gyarados|spe|1
|move|p2a: Lucario|Aura Sphere|p1a: Sinistcha
|-immune|p1a: Sinistcha
|
|upkeep
|turn|4
|inactive|d1mo22 has 30 seconds left.
|
|t:|1784139766
|switch|p2b: Incineroar|Incineroar, L50, M, shiny|100/100
|-ability|p2b: Incineroar|Intimidate|boost
|-unboost|p1a: Sinistcha|atk|1
|-unboost|p1b: Gyarados|atk|1
|move|p2a: Lucario|Detect|p2a: Lucario
|-singleturn|p2a: Lucario|Protect
|move|p1a: Sinistcha|Protect|p1a: Sinistcha
|-singleturn|p1a: Sinistcha|Protect
|move|p1b: Gyarados|Lash Out|p2b: Incineroar
|-resisted|p2b: Incineroar|1
|-damage|p2b: Incineroar|87/100
|
|upkeep
|turn|5
|
|t:|1784139784
|move|p1b: Gyarados|Dragon Dance|p1b: Gyarados
|-boost|p1b: Gyarados|atk|1
|-boost|p1b: Gyarados|spe|1
|move|p2a: Lucario|Shadow Ball|p1a: Sinistcha
|-supereffective|p1a: Sinistcha|1
|-damage|p1a: Sinistcha|45/100
|-unboost|p1a: Sinistcha|spd|1
|-enditem|p1a: Sinistcha|Sitrus Berry|[eat]
|-heal|p1a: Sinistcha|70/100|[from] item: Sitrus Berry
|move|p1a: Sinistcha|Matcha Gotcha|p2a: Lucario|[spread] p2a,p2b
|-resisted|p2a: Lucario|1
|-resisted|p2b: Incineroar|1
|-damage|p2a: Lucario|79/100
|-heal|p1a: Sinistcha|78/100|[from] drain|[of] p2a: Lucario
|-damage|p2b: Incineroar|77/100
|-heal|p1a: Sinistcha|85/100|[from] drain|[of] p2b: Incineroar
|move|p2b: Incineroar|Parting Shot|p1b: Gyarados
|-unboost|p1b: Gyarados|atk|1
|-unboost|p1b: Gyarados|spa|1
|
|t:|1784139791
|switch|p2b: Sinistcha|Sinistcha, L50|70/100|[from] Parting Shot
|-heal|p2a: Lucario|100/100|[from] ability: Hospitality|[of] p2b: Sinistcha
|
|upkeep
|turn|6
|inactive|d1mo22 has 30 seconds left.
|
|t:|1784139822
|switch|p1b: Mamoswine|Mamoswine, L50, F|100/100
|switch|p2b: Incineroar|Incineroar, L50, M, shiny|77/100
|-ability|p2b: Incineroar|Intimidate|boost
|-unboost|p1a: Sinistcha|atk|1
|-fail|p1b: Mamoswine|unboost|Attack|[from] ability: Oblivious|[of] p1b: Mamoswine
|move|p2a: Lucario|Shadow Ball|p1a: Sinistcha
|-supereffective|p1a: Sinistcha|1
|-damage|p1a: Sinistcha|1/100
|move|p1a: Sinistcha|Life Dew||[still]|[spread] p1a,p1b
|-heal|p1a: Sinistcha|26/100
|-fail|p1b: Mamoswine|heal
|
|upkeep
|turn|7
|
|t:|1784139845
|switch|p1a: Gyarados|Gyarados, L50, M, shiny|100/100
|-ability|p1a: Gyarados|Intimidate|boost
|-unboost|p2a: Lucario|atk|1
|-unboost|p2b: Incineroar|atk|1
|move|p1b: Mamoswine|Protect|p1b: Mamoswine
|-singleturn|p1b: Mamoswine|Protect
|move|p2b: Incineroar|Fake Out|p1b: Mamoswine
|-activate|p1b: Mamoswine|move: Protect
|move|p2a: Lucario|Flash Cannon|p1a: Gyarados
|-resisted|p1a: Gyarados|1
|-damage|p1a: Gyarados|72/100
|
|upkeep
|turn|8
|inactive|d1mo22 has 30 seconds left.
|inactive|d1mo22 has 20 seconds left.
|
|t:|1784139884
|move|p2a: Lucario|Flash Cannon|p1b: Mamoswine
|-supereffective|p1b: Mamoswine|1
|-damage|p1b: Mamoswine|0 fnt
|faint|p1b: Mamoswine
|move|p1a: Gyarados|Waterfall|p2b: Incineroar
|-supereffective|p2b: Incineroar|1
|-damage|p2b: Incineroar|17/100
|move|p2b: Incineroar|Parting Shot|p1a: Gyarados
|-unboost|p1a: Gyarados|atk|1
|-unboost|p1a: Gyarados|spa|1
|
|t:|1784139894
|switch|p2b: Metagross|Metagross, L50|100/100|[from] Parting Shot
|
|upkeep
|
|t:|1784139899
|switch|p1b: Raichu|Raichu-Mega-Y, L50, F|23/100
|turn|9
|
|t:|1784139914
|move|p2a: Lucario|Detect|p2a: Lucario
|-singleturn|p2a: Lucario|Protect
|move|p1b: Raichu|Focus Blast|p2b: Metagross
|-damage|p2b: Metagross|50/100g
|move|p2b: Metagross|Psychic Fangs|p1b: Raichu
|-damage|p1b: Raichu|0 fnt
|faint|p1b: Raichu
|move|p1a: Gyarados|Lash Out|p2b: Metagross
|-supereffective|p2b: Metagross|1
|-damage|p2b: Metagross|17/100
|
|upkeep
|
|t:|1784139924
|switch|p1b: Sinistcha|Sinistcha, L50|26/100
|-heal|p1a: Gyarados|97/100|[from] ability: Hospitality|[of] p1b: Sinistcha
|turn|10
|
|t:|1784139931
|switch|p2b: Incineroar|Incineroar, L50, M, shiny|17/100
|-ability|p2b: Incineroar|Intimidate|boost
|-unboost|p1a: Gyarados|atk|1
|-unboost|p1b: Sinistcha|atk|1
|move|p2a: Lucario|Shadow Ball|p1b: Sinistcha
|-supereffective|p1b: Sinistcha|1
|-damage|p1b: Sinistcha|0 fnt
|faint|p1b: Sinistcha
|move|p1a: Gyarados|Waterfall|p2a: Lucario
|-damage|p2a: Lucario|71/100
|
|upkeep
|turn|11
|
|t:|1784139940
|move|p2b: Incineroar|Fake Out|p1a: Gyarados
|-damage|p1a: Gyarados|85/100
|move|p2a: Lucario|Shadow Ball|p1a: Gyarados
|-damage|p1a: Gyarados|57/100
|cant|p1a: Gyarados|flinch
|
|upkeep
|turn|12
|
|t:|1784139946
|move|p2a: Lucario|Detect|p2a: Lucario
|-singleturn|p2a: Lucario|Protect
|move|p1a: Gyarados|Waterfall|p2b: Incineroar
|-supereffective|p2b: Incineroar|1
|-damage|p2b: Incineroar|0 fnt
|faint|p2b: Incineroar
|
|upkeep
|
|t:|1784139950
|switch|p2b: Sinistcha|Sinistcha, L50|70/100
|-heal|p2a: Lucario|95/100|[from] ability: Hospitality|[of] p2b: Sinistcha
|turn|13
|
|t:|1784139960
|move|p2a: Lucario|Shadow Ball|p1a: Gyarados
|-damage|p1a: Gyarados|31/100
|move|p1a: Gyarados|Lash Out|p2b: Sinistcha
|-supereffective|p2b: Sinistcha|1
|-damage|p2b: Sinistcha|53/100
|move|p2b: Sinistcha|Matcha Gotcha|p1a: Gyarados
|-damage|p1a: Gyarados|3/100
|-heal|p2b: Sinistcha|70/100|[from] drain|[of] p1a: Gyarados
|
|upkeep
|turn|14
|
|t:|1784139973
|move|p2a: Lucario|Detect|p2a: Lucario
|-singleturn|p2a: Lucario|Protect
|move|p1a: Gyarados|Lash Out|p2b: Sinistcha
|-supereffective|p2b: Sinistcha|1
|-damage|p2b: Sinistcha|52/100
|move|p2b: Sinistcha|Matcha Gotcha|p1a: Gyarados
|-damage|p1a: Gyarados|0 fnt
|-heal|p2b: Sinistcha|54/100|[from] drain|[of] p1a: Gyarados
|faint|p1a: Gyarados
|
|win|airpersia
||d1mo22 is ready for game 2.
||airpersia is ready for game 2.
|uhtml|next|Next: Game 2 of 3
