|j|☆Xodroont
|j|☆Mario3x
|html|XodroontMario3x    
|uhtml|bestof|Game 2 of a best-of-3
|t:|1757688982
|gametype|doubles
|player|p1|Xodroont|rocketgrunt|1120
|player|p2|Mario3x|170|1175
|gen|9
|tier|[Gen 9] VGC 2025 Reg H (Bo3)
|rated|
|rule|Species Clause: Limit one of each Pokémon
|rule|Item Clause: Limit 1 of each item
|clearpoke
|poke|p1|Tsareena, L50, F|
|poke|p1|Pelipper, L50, F|
|poke|p1|Basculegion, L50, M|
|poke|p1|Venonat, L50, M|
|poke|p1|Rillaboom, L50, F|
|poke|p1|Archaludon, L50, M|
|poke|p2|Whimsicott, L50, M|
|poke|p2|Ursaluna-Bloodmoon, L50, M|
|poke|p2|Annihilape, L50, M|
|poke|p2|Incineroar, L50, M|
|poke|p2|Charizard, L50, M|
|poke|p2|Rillaboom, L50, F|
|teampreview|4
|showteam|p1|Tsareena||SitrusBerry|QueenlyMajesty|Uturn,GrassyGlide,Protect,TripleAxel|||F|||50|,,,,,Grass]Pelipper||FocusSash|Drizzle|Hurricane,WeatherBall,Tailwind,Protect|||F|||50|,,,,,Ghost]Basculegion||MysticWater|SwiftSwim|Protect,WaveCrash,AquaJet,LastRespects|||M|||50|,,,,,Water]Venonat||Eviolite|CompoundEyes|RagePowder,GigaDrain,Toxic,SleepPowder|||M|||50|,,,,,Dragon]Rillaboom||GrassySeed|GrassySurge|GrassyGlide,KnockOff,Uturn,FakeOut|||F|||50|,,,,,Grass]Archaludon||AssaultVest|Stamina|ElectroShot,DragonPulse,FlashCannon,BodyPress|||M|||50|,,,,,Grass
|showteam|p2|Whimsicott||FocusSash|Prankster|Moonblast,Tailwind,Encore,SunnyDay|||M|||50|,,,,,Ghost]Ursaluna-Bloodmoon||LifeOrb|MindsEye|BloodMoon,HyperVoice,EarthPower,Protect|||M|||50|,,,,,Poison]Annihilape||Leftovers|Defiant|DrainPunch,RageFist,BulkUp,Protect|||M|||50|,,,,,Water]Incineroar||SafetyGoggles|Intimidate|FakeOut,FlareBlitz,KnockOff,PartingShot|||M|||50|,,,,,Ghost]Charizard||ChoiceSpecs|SolarPower|HeatWave,Overheat,AirSlash,DragonPulse|||M|||50|,,,,,Fire]Rillaboom||AssaultVest|GrassySurge|FakeOut,WoodHammer,HighHorsepower,GrassyGlide|||F|||50|,,,,,Water
|
|t:|1757689008
|teamsize|p1|4
|teamsize|p2|4
|start
|switch|p1a: Venonat|Venonat, L50, M|100/100
|switch|p1b: Archaludon|Archaludon, L50, M|100/100
|switch|p2a: Charizard|Charizard, L50, M, shiny|100/100
|switch|p2b: Whimsicott|Whimsicott, L50, M|100/100
|turn|1
|
|t:|1757689024
|-terastallize|p2a: Charizard|Fire
|-terastallize|p1a: Venonat|Dragon
|move|p2b: Whimsicott|Sunny Day|p2b: Whimsicott
|-weather|SunnyDay
|move|p2a: Charizard|Heat Wave|p1b: Archaludon|[spread] p1a,p1b
|-resisted|p1a: Venonat
|-damage|p1a: Venonat|29/100
|-damage|p1b: Archaludon|7/100
|-ability|p1b: Archaludon|Stamina|boost
|-boost|p1b: Archaludon|def|1
|move|p1b: Archaludon|Flash Cannon|p2b: Whimsicott
|-supereffective|p2b: Whimsicott
|-enditem|p2b: Whimsicott|Focus Sash
|-damage|p2b: Whimsicott|1/100
|move|p1a: Venonat|Sleep Powder|p2a: Charizard
|-status|p2a: Charizard|slp|[from] move: Sleep Powder
|
|-weather|SunnyDay|[upkeep]
|-damage|p2a: Charizard|88/100 slp|[from] ability: Solar Power|[of] p2a: Charizard
|upkeep
|turn|2
|
|t:|1757689060
|switch|p2a: Ursaluna|Ursaluna-Bloodmoon, L50, M|100/100
|switch|p1b: Pelipper|Pelipper, L50, F|100/100
|-weather|RainDance|[from] ability: Drizzle|[of] p1b: Pelipper
|move|p2b: Whimsicott|Moonblast|p1a: Venonat
|-supereffective|p1a: Venonat
|-damage|p1a: Venonat|0 fnt
|faint|p1a: Venonat
|
|-weather|RainDance|[upkeep]
|upkeep
|
|t:|1757689071
|switch|p1a: Tsareena|Tsareena, L50, F|100/100
|turn|3
|
|t:|1757689097
|move|p2b: Whimsicott|Tailwind|p2b: Whimsicott
|-sidestart|p2: Mario3x|move: Tailwind
|move|p2a: Ursaluna|Blood Moon|p1a: Tsareena
|-damage|p1a: Tsareena|0 fnt
|faint|p1a: Tsareena
|-damage|p2a: Ursaluna|91/100|[from] item: Life Orb
|move|p1b: Pelipper|Tailwind|p1b: Pelipper
|-sidestart|p1: Xodroont|move: Tailwind
|
|-weather|RainDance|[upkeep]
|upkeep
|
|t:|1757689107
|switch|p1a: Archaludon|Archaludon, L50, M|7/100
|turn|4
|
|t:|1757689115
|move|p2b: Whimsicott|Tailwind||[still]
|-fail|p2b: Whimsicott
|move|p1b: Pelipper|Weather Ball|p2a: Ursaluna
|-supereffective|p2a: Ursaluna
|-damage|p2a: Ursaluna|0 fnt
|faint|p2a: Ursaluna
|move|p1a: Archaludon|Flash Cannon|p2b: Whimsicott
|-supereffective|p2b: Whimsicott
|-damage|p2b: Whimsicott|0 fnt
|faint|p2b: Whimsicott
|
|-weather|RainDance|[upkeep]
|upkeep
|
|t:|1757689121
|switch|p2b: Rillaboom|Rillaboom, L50, F|100/100
|switch|p2a: Charizard|Charizard, L50, M, shiny, tera:Fire|88/100 slp
|-fieldstart|move: Grassy Terrain|[from] ability: Grassy Surge|[of] p2b: Rillaboom
|turn|5
|c|☆Xodroont|miccklick?
|c|☆Mario3x|Yes
|c|☆Mario3x|xd
|
|t:|1757689159
|cant|p2a: Charizard|slp
|move|p2b: Rillaboom|High Horsepower|p1a: Archaludon
|-supereffective|p1a: Archaludon
|-damage|p1a: Archaludon|0 fnt
|faint|p1a: Archaludon
|move|p1b: Pelipper|Hurricane|p2b: Rillaboom
|-supereffective|p2b: Rillaboom
|-damage|p2b: Rillaboom|34/100
|
|-weather|RainDance|[upkeep]
|-heal|p2a: Charizard|94/100 slp|[from] Grassy Terrain
|-heal|p2b: Rillaboom|40/100|[from] Grassy Terrain
|upkeep
|turn|6
|
|t:|1757689174
|move|p2b: Rillaboom|Grassy Glide|p1b: Pelipper
|-damage|p1b: Pelipper|52/100
|cant|p2a: Charizard|slp
|move|p1b: Pelipper|Hurricane|p2b: Rillaboom
|-supereffective|p2b: Rillaboom
|-damage|p2b: Rillaboom|0 fnt
|faint|p2b: Rillaboom
|
|-weather|none
|-heal|p2a: Charizard|99/100 slp|[from] Grassy Terrain
|-sideend|p2: Mario3x|move: Tailwind
|-sideend|p1: Xodroont|move: Tailwind
|upkeep
|turn|7
|
|t:|1757689187
|cant|p2a: Charizard|slp
|move|p1b: Pelipper|Hurricane|p2a: Charizard
|-damage|p2a: Charizard|31/100 slp
|-start|p2a: Charizard|confusion
|
|-heal|p2a: Charizard|36/100 slp|[from] Grassy Terrain
|upkeep
|turn|8
|
|t:|1757689195
|-curestatus|p2a: Charizard|slp|[msg]
|-activate|p2a: Charizard|confusion
|-damage|p2a: Charizard|27/100|[from] confusion
|move|p1b: Pelipper|Hurricane|p2a: Charizard
|-damage|p2a: Charizard|0 fnt
|faint|p2a: Charizard
|
|win|Xodroont
|raw|Xodroont's rating: 1120 → 1149(+29 for winning)
|raw|Mario3x's rating: 1175 → 1146(-29 for losing)
|c|☆Mario3x|gg
|l|☆Mario3x
|player|p2|
|c|☆Xodroont|sorry
