|j|☆DGAvalon
|j|☆Jsnobs
|html|DGAvalonJsnobs    
|uhtml|bestof|Game 2 of a best-of-3
|t:|1783165633
|gametype|doubles
|player|p1|DGAvalon|169|
|player|p2|Jsnobs|acetrainer-gen4dp|
|gen|9
|tier|[Gen 9 Champions] VGC 2026 Reg M-B (Bo3)
|rule|Species Clause: Limit one of each Pokémon
|rule|Item Clause: Limit 1 of each item
|clearpoke
|poke|p1|Swampert, L50, M|
|poke|p1|Sableye, L50, M|
|poke|p1|Vivillon-Fancy, L50, M|
|poke|p1|Politoed, L50, M|
|poke|p1|Raichu, L50, M|
|poke|p1|Gholdengo, L50|
|poke|p2|Sceptile, L50, M, shiny|
|poke|p2|Meowstic, L50, M, shiny|
|poke|p2|Oranguru, L50, M, shiny|
|poke|p2|Torkoal, L50, M, shiny|
|poke|p2|Araquanid, L50, M, shiny|
|poke|p2|Mawile, L50, F, shiny|
|teampreview|4
|showteam|p1|Swampert||Swampertite|Torrent|IcePunch,Earthquake,SmackDown,WideGuard|Adamant||M|||50|]Sableye||SitrusBerry|Prankster|RainDance,Quash,Taunt,NightShade|Calm||M|||50|]Vivillon-Fancy||FocusSash|CompoundEyes|SleepPowder,Hurricane,PollenPuff,RagePowder|Timid||M|||50|]Politoed||Leftovers|Drizzle|EarthPower,IceBeam,Protect,HelpingHand|Calm||M|||50|]Raichu||RaichuniteY|LightningRod|FakeOut,AlluringVoice,Thunderbolt,Protect|Timid||M|||50|]Gholdengo||LifeOrb|GoodasGold|MakeItRain,PowerGem,NastyPlot,Protect|Modest|||||50|
|showteam|p2|Sceptile||Sceptilite|Overgrow|Detect,LeafStorm,DragonPulse,EarthPower|Timid||M|||50|]Meowstic||FocusSash|Prankster|FakeOut,SunnyDay,LightScreen,ShadowBall|Timid||M|||50|]Oranguru||MentalHerb|InnerFocus|Protect,TrickRoom,Instruct,Encore|Sassy||M|||50|]Torkoal||Charcoal|Drought|Protect,Eruption,Flamethrower,SolarBeam|Quiet||M|||50|]Araquanid||MysticWater|WaterBubble|Protect,Liquidation,LeechLife,IcyWind|Brave||M|||50|]Mawile||Mawilite|HyperCutter|Protect,PlayRough,KnockOff,SuckerPunch|Brave||F|||50|
|
|t:|1783165679
|teamsize|p1|4
|teamsize|p2|4
|start
|switch|p1a: Swampert|Swampert, L50, M|100/100
|switch|p1b: Politoed|Politoed, L50, M|100/100
|switch|p2a: Sceptile|Sceptile, L50, M, shiny|100/100
|switch|p2b: Meowstic|Meowstic, L50, M, shiny|100/100
|-weather|RainDance|[from] ability: Drizzle|[of] p1b: Politoed
|turn|1
|
|t:|1783165717
|switch|p1a: Sableye|Sableye, L50, M|100/100
|detailschange|p2a: Sceptile|Sceptile-Mega, L50, M, shiny
|-mega|p2a: Sceptile|Sceptile|Sceptilite
|move|p2b: Meowstic|Sunny Day|p2b: Meowstic
|-weather|SunnyDay
|move|p2a: Sceptile|Leaf Storm|p1a: Sableye
|-damage|p1a: Sableye|22/100
|-unboost|p2a: Sceptile|spa|2
|-enditem|p1a: Sableye|Sitrus Berry|[eat]
|-heal|p1a: Sableye|47/100|[from] item: Sitrus Berry
|move|p1b: Politoed|Ice Beam|p2a: Sceptile
|-supereffective|p2a: Sceptile|2
|-damage|p2a: Sceptile|0 fnt
|faint|p2a: Sceptile
|
|-weather|SunnyDay|[upkeep]
|upkeep
|
|t:|1783165731
|switch|p2a: Oranguru|Oranguru, L50, M, shiny|100/100
|turn|2
|
|t:|1783165743
|move|p1b: Politoed|Protect|p1b: Politoed
|-singleturn|p1b: Politoed|Protect
|move|p1a: Sableye|Taunt|p2a: Oranguru
|-start|p2a: Oranguru|move: Taunt
|-enditem|p2a: Oranguru|Mental Herb
|-end|p2a: Oranguru|move: Taunt
|move|p2b: Meowstic|Shadow Ball|p1a: Sableye
|-damage|p1a: Sableye|26/100
|move|p2a: Oranguru|Trick Room|p2a: Oranguru
|-fieldstart|move: Trick Room|[of] p2a: Oranguru
|
|-weather|SunnyDay|[upkeep]
|upkeep
|turn|3
|
|t:|1783165760
|switch|p2a: Araquanid|Araquanid, L50, M, shiny|100/100
|switch|p1b: Swampert|Swampert, L50, M|100/100
|move|p1a: Sableye|Taunt|p2a: Araquanid
|-start|p2a: Araquanid|move: Taunt
|move|p2b: Meowstic|Light Screen|p2b: Meowstic
|-sidestart|p2: Jsnobs|move: Light Screen
|
|-weather|SunnyDay|[upkeep]
|upkeep
|turn|4
|
|t:|1783165785
|switch|p2b: Oranguru|Oranguru, L50, M, shiny|100/100
|detailschange|p1b: Swampert|Swampert-Mega, L50, M
|-mega|p1b: Swampert|Swampert|Swampertite
|move|p1a: Sableye|Taunt|p2b: Oranguru
|-start|p2b: Oranguru|move: Taunt
|move|p2a: Araquanid|Liquidation|p1a: Sableye
|-crit|p1a: Sableye
|-damage|p1a: Sableye|0 fnt
|faint|p1a: Sableye
|move|p1b: Swampert|Smack Down|p2a: Araquanid
|-supereffective|p2a: Araquanid|1
|-damage|p2a: Araquanid|55/100
|
|-weather|SunnyDay|[upkeep]
|upkeep
|
|t:|1783165800
|switch|p1a: Politoed|Politoed, L50, M|100/100
|-weather|RainDance|[from] ability: Drizzle|[of] p1a: Politoed
|turn|5
|
|t:|1783165811
|move|p1a: Politoed|Helping Hand|p1b: Swampert
|-singleturn|p1b: Swampert|Helping Hand|[of] p1a: Politoed
|move|p2a: Araquanid|Liquidation|p1b: Swampert
|-damage|p1b: Swampert|0 fnt
|faint|p1b: Swampert
|-activate|p2b: Oranguru|move: Struggle
|move|p2b: Oranguru|Struggle|p1a: Politoed
|-damage|p1a: Politoed|90/100
|-damage|p2b: Oranguru|75/100|[from] recoil
|
|-weather|RainDance|[upkeep]
|-heal|p1a: Politoed|96/100|[from] item: Leftovers
|-end|p2a: Araquanid|move: Taunt
|upkeep
|
|t:|1783165823
|switch|p1b: Gholdengo|Gholdengo, L50|100/100
|turn|6
|
|t:|1783165849
|move|p1a: Politoed|Helping Hand|p1b: Gholdengo
|-immune|p1b: Gholdengo|[from] ability: Good as Gold
|move|p2a: Araquanid|Liquidation|p1a: Politoed
|-resisted|p1a: Politoed|1
|-damage|p1a: Politoed|31/100
|-activate|p2b: Oranguru|move: Struggle
|move|p2b: Oranguru|Struggle|p1b: Gholdengo
|-damage|p1b: Gholdengo|92/100
|-damage|p2b: Oranguru|50/100g|[from] recoil
|move|p1b: Gholdengo|Power Gem|p2a: Araquanid
|-supereffective|p2a: Araquanid|1
|-damage|p2a: Araquanid|10/100
|-damage|p1b: Gholdengo|82/100|[from] item: Life Orb
|
|-weather|RainDance|[upkeep]
|-heal|p1a: Politoed|37/100|[from] item: Leftovers
|-end|p2b: Oranguru|move: Taunt
|-fieldend|move: Trick Room
|upkeep
|turn|7
|
|t:|1783165879
|move|p2a: Araquanid|Protect|p2a: Araquanid
|-singleturn|p2a: Araquanid|Protect
|move|p1b: Gholdengo|Power Gem|p2a: Araquanid
|-activate|p2a: Araquanid|move: Protect
|move|p1a: Politoed|Earth Power|p2b: Oranguru
|-damage|p2b: Oranguru|41/100
|move|p2b: Oranguru|Trick Room|p2b: Oranguru
|-fieldstart|move: Trick Room|[of] p2b: Oranguru
|
|-weather|RainDance|[upkeep]
|-heal|p1a: Politoed|43/100|[from] item: Leftovers
|-sideend|p2: Jsnobs|move: Light Screen
|upkeep
|turn|8
|
|t:|1783165899
|move|p1a: Politoed|Protect|p1a: Politoed
|-singleturn|p1a: Politoed|Protect
|move|p1b: Gholdengo|Protect|p1b: Gholdengo
|-singleturn|p1b: Gholdengo|Protect
|move|p2a: Araquanid|Liquidation|p1a: Politoed
|-activate|p1a: Politoed|move: Protect
|move|p2b: Oranguru|Instruct|p2a: Araquanid
|-singleturn|p2a: Araquanid|move: Instruct|[of] p2b: Oranguru
|move|p2a: Araquanid|Liquidation|p1a: Politoed
|-activate|p1a: Politoed|move: Protect
|
|-weather|RainDance|[upkeep]
|-heal|p1a: Politoed|49/100|[from] item: Leftovers
|upkeep
|turn|9
|
|t:|1783165918
|move|p2a: Araquanid|Liquidation|p1a: Politoed
|-resisted|p1a: Politoed|1
|-damage|p1a: Politoed|0 fnt
|faint|p1a: Politoed
|move|p2b: Oranguru|Instruct|p2a: Araquanid
|-singleturn|p2a: Araquanid|move: Instruct|[of] p2b: Oranguru
|move|p2a: Araquanid|Liquidation|p1b: Gholdengo
|-damage|p1b: Gholdengo|0 fnt
|faint|p1b: Gholdengo
|
|win|Jsnobs
|c|☆DGAvalon|GG G2
||DGAvalon is ready for game 3.
|inactive|Jsnobs has 30 seconds to confirm battle start!
|c|☆Jsnobs|ggs
||Jsnobs is ready for game 3.
|uhtml|next|Next: Game 3 of 3
