|j|☆cocobennyy
|j|☆pistoiese1312
|html|cocobennyypistoiese1312    
|uhtml|bestof|Game 2 of a best-of-3
|t:|1784640265
|gametype|doubles
|player|p1|cocobennyy|medium|1123
|player|p2|pistoiese1312|102|1185
|gen|9
|tier|[Gen 9 Champions] VGC 2026 Reg M-B (Bo3)
|rated|
|rule|Species Clause: Limit one of each Pokémon
|rule|Item Clause: Limit 1 of each item
|clearpoke
|poke|p1|Charizard, L50, M|
|poke|p1|Mimikyu, L50, F|
|poke|p1|Politoed, L50, M|
|poke|p1|Venusaur, L50, F|
|poke|p1|Archaludon, L50, M|
|poke|p1|Sableye, L50, F|
|poke|p2|Gengar, L50, M|
|poke|p2|Incineroar, L50, M|
|poke|p2|Floette-Eternal, L50, F|
|poke|p2|Kingambit, L50, M|
|poke|p2|Kommo-o, L50, M|
|poke|p2|Sneasler, L50, M|
|teampreview|4
|showteam|p1|Charizard||CharizarditeY|Blaze|Protect,HeatWave,WeatherBall,SolarBeam|Modest||M|||50|]Mimikyu||LifeOrb|Disguise|Protect,PlayRough,WoodHammer,TrickRoom|Adamant||F|||50|]Politoed||SitrusBerry|Drizzle|Protect,PerishSong,IceBeam,WeatherBall|Calm||M|||50|]Venusaur||Venusaurite|Chlorophyll|Protect,SludgeBomb,GigaDrain,EarthPower|Modest||F|||50|]Archaludon||Leftovers|Stamina|Protect,ElectroShot,FlashCannon,DragonPulse|Timid||M|||50|]Sableye||LightClay|Prankster|Quash,RainDance,LightScreen,Reflect|Careful||F|||50|
|showteam|p2|Gengar||Gengarite|CursedBody|ShadowBall,PerishSong,Disable,Protect|Modest||M|||50|]Incineroar||PasshoBerry|Intimidate|FlareBlitz,PartingShot,FakeOut,Protect|Relaxed||M|||50|]Floette-Eternal||Floettite|FlowerVeil|LightofRuin,Moonblast,DazzlingGleam,Protect|Calm||F|||50|]Kingambit||BlackGlasses|Defiant|SuckerPunch,KowtowCleave,SwordsDance,Protect|Adamant||M|||50|]Kommo-o||Leftovers|Soundproof|AuraSphere,ClangingScales,ClangorousSoul,Protect|Modest||M|||50|]Sneasler||WhiteHerb|Unburden|DireClaw,CloseCombat,FakeOut,Protect|Adamant||M|||50|
|
|t:|1784640320
|teamsize|p1|4
|teamsize|p2|4
|start
|switch|p1a: Mimikyu|Mimikyu, L50, F|100/100
|switch|p1b: Sableye|Sableye, L50, F|100/100
|switch|p2a: Kommo-o|Kommo-o, L50, M|100/100
|switch|p2b: Incineroar|Incineroar, L50, M|100/100
|-ability|p2b: Incineroar|Intimidate|boost
|-unboost|p1a: Mimikyu|atk|1
|-unboost|p1b: Sableye|atk|1
|turn|1
|
|t:|1784640349
|switch|p2a: Sneasler|Sneasler, L50, M|100/100
|switch|p1b: Archaludon|Archaludon, L50, M|100/100
|move|p2b: Incineroar|Flare Blitz|p1a: Mimikyu
|-activate|p1a: Mimikyu|ability: Disguise
|-damage|p1a: Mimikyu|100/100
|detailschange|p1a: Mimikyu|Mimikyu-Busted, L50, F
|-damage|p1a: Mimikyu|87/100|[from] pokemon: Mimikyu-Busted
|move|p1a: Mimikyu|Trick Room|p1a: Mimikyu
|-fieldstart|move: Trick Room|[of] p1a: Mimikyu
|
|upkeep
|turn|2
|
|t:|1784640391
|switch|p1b: Sableye|Sableye, L50, F|100/100
|move|p1a: Mimikyu|Protect|p1a: Mimikyu
|-singleturn|p1a: Mimikyu|Protect
|move|p2a: Sneasler|Fake Out|p1b: Sableye
|-immune|p1b: Sableye
|move|p2b: Incineroar|Parting Shot|p1a: Mimikyu
|-activate|p1a: Mimikyu|move: Protect
|
|upkeep
|turn|3
|
|t:|1784640426
|switch|p1a: Archaludon|Archaludon, L50, M|100/100
|move|p1b: Sableye|Reflect|p1b: Sableye
|-sidestart|p1: cocobennyy|Reflect
|move|p2b: Incineroar|Parting Shot|p1a: Archaludon
|-unboost|p1a: Archaludon|atk|1
|-unboost|p1a: Archaludon|spa|1
|
|t:|1784640437
|switch|p2b: Kommo-o|Kommo-o, L50, M|100/100|[from] Parting Shot
|move|p2a: Sneasler|Dire Claw|p1a: Archaludon
|-immune|p1a: Archaludon
|
|upkeep
|turn|4
|
|t:|1784640479
|move|p2b: Kommo-o|Protect|p2b: Kommo-o
|-singleturn|p2b: Kommo-o|Protect
|move|p1b: Sableye|Rain Dance|p1b: Sableye
|-weather|RainDance
|move|p1a: Archaludon|Electro Shot||[still]
|-prepare|p1a: Archaludon|Electro Shot
|-boost|p1a: Archaludon|spa|1
|-anim|p1a: Archaludon|Electro Shot|p2a: Sneasler
|-damage|p2a: Sneasler|50/100g
|move|p2a: Sneasler|Close Combat|p1a: Archaludon
|-supereffective|p1a: Archaludon|1
|-damage|p1a: Archaludon|32/100
|-unboost|p2a: Sneasler|def|1
|-unboost|p2a: Sneasler|spd|1
|-ability|p1a: Archaludon|Stamina|boost
|-boost|p1a: Archaludon|def|1
|-enditem|p2a: Sneasler|White Herb
|-clearnegativeboost|p2a: Sneasler|[silent]
|
|-weather|RainDance|[upkeep]
|-heal|p1a: Archaludon|39/100|[from] item: Leftovers
|upkeep
|turn|5
|
|t:|1784640513
|switch|p1a: Mimikyu|Mimikyu-Busted, L50, F|87/100
|move|p1b: Sableye|Light Screen|p1b: Sableye
|-sidestart|p1: cocobennyy|move: Light Screen
|move|p2b: Kommo-o|Clanging Scales|p1b: Sableye|[spread] p1b
|-immune|p1a: Mimikyu
|-damage|p1b: Sableye|73/100
|-unboost|p2b: Kommo-o|def|1
|move|p2a: Sneasler|Close Combat|p1a: Mimikyu
|-immune|p1a: Mimikyu
|
|-weather|RainDance|[upkeep]
|-fieldend|move: Trick Room
|upkeep
|turn|6
|
|t:|1784640537
|move|p1b: Sableye|Quash|p2a: Sneasler
|-activate|p2a: Sneasler|move: Quash
|move|p1a: Mimikyu|Play Rough|p2a: Sneasler|[miss]
|-miss|p1a: Mimikyu|p2a: Sneasler
|move|p2b: Kommo-o|Clangorous Soul|p2b: Kommo-o
|-boost|p2b: Kommo-o|atk|1
|-boost|p2b: Kommo-o|def|1
|-boost|p2b: Kommo-o|spa|1
|-boost|p2b: Kommo-o|spd|1
|-boost|p2b: Kommo-o|spe|1
|-damage|p2b: Kommo-o|67/100
|move|p2a: Sneasler|Dire Claw|p1a: Mimikyu
|-damage|p1a: Mimikyu|43/100
|
|-weather|RainDance|[upkeep]
|-heal|p2b: Kommo-o|73/100|[from] item: Leftovers
|upkeep
|turn|7
|
|t:|1784640585
|move|p2b: Kommo-o|Protect|p2b: Kommo-o
|-singleturn|p2b: Kommo-o|Protect
|move|p1b: Sableye|Quash|p2a: Sneasler
|-activate|p2a: Sneasler|move: Quash
|move|p1a: Mimikyu|Play Rough|p2a: Sneasler
|-damage|p2a: Sneasler|0 fnt
|faint|p2a: Sneasler
|-damage|p1a: Mimikyu|33/100|[from] item: Life Orb
|
|-weather|RainDance|[upkeep]
|-heal|p2b: Kommo-o|79/100|[from] item: Leftovers
|upkeep
|
|t:|1784640599
|switch|p2a: Floette|Floette-Eternal, L50, F|100/100
|turn|8
|
|t:|1784640619
|detailschange|p2a: Floette|Floette-Mega, L50, F
|-mega|p2a: Floette|Floette|Floettite
|-ability|p2a: Floette|Fairy Aura
|move|p1b: Sableye|Quash|p2a: Floette
|-activate|p2a: Floette|move: Quash
|move|p2b: Kommo-o|Clangorous Soul|p2b: Kommo-o
|-boost|p2b: Kommo-o|atk|1
|-boost|p2b: Kommo-o|def|1
|-boost|p2b: Kommo-o|spa|1
|-boost|p2b: Kommo-o|spd|1
|-boost|p2b: Kommo-o|spe|1
|-damage|p2b: Kommo-o|46/100
|move|p1a: Mimikyu|Play Rough|p2b: Kommo-o
|-supereffective|p2b: Kommo-o|2
|-damage|p2b: Kommo-o|0 fnt
|faint|p2b: Kommo-o
|-damage|p1a: Mimikyu|23/100|[from] item: Life Orb
|move|p2a: Floette|Dazzling Gleam|p1b: Sableye|[spread] p1a,p1b
|-supereffective|p1b: Sableye|1
|-damage|p1a: Mimikyu|0 fnt
|-damage|p1b: Sableye|11/100
|faint|p1a: Mimikyu
|
|-weather|none
|upkeep
|
|t:|1784640647
|switch|p1a: Archaludon|Archaludon, L50, M|39/100
|switch|p2b: Incineroar|Incineroar, L50, M|100/100
|-ability|p2b: Incineroar|Intimidate|boost
|-unboost|p1a: Archaludon|atk|1
|-unboost|p1b: Sableye|atk|1
|turn|9
|
|t:|1784640676
|move|p2a: Floette|Protect|p2a: Floette
|-singleturn|p2a: Floette|Protect
|move|p1b: Sableye|Rain Dance|p1b: Sableye
|-weather|RainDance
|move|p1a: Archaludon|Flash Cannon|p2a: Floette
|-activate|p2a: Floette|move: Protect
|move|p2b: Incineroar|Flare Blitz|p1b: Sableye
|-damage|p1b: Sableye|0 fnt
|faint|p1b: Sableye
|-damage|p2b: Incineroar|97/100|[from] Recoil
|
|-weather|RainDance|[upkeep]
|-heal|p1a: Archaludon|45/100|[from] item: Leftovers
|upkeep
|
|t:|1784640688
|switch|p1b: Venusaur|Venusaur, L50, F|100/100
|turn|10
|
|t:|1784640697
|detailschange|p1b: Venusaur|Venusaur-Mega, L50, F
|-mega|p1b: Venusaur|Venusaur|Venusaurite
|move|p2a: Floette|Dazzling Gleam|p1b: Venusaur|[spread] p1a,p1b
|-resisted|p1b: Venusaur|1
|-damage|p1a: Archaludon|11/100
|-damage|p1b: Venusaur|84/100
|-ability|p1a: Archaludon|Stamina|boost
|-boost|p1a: Archaludon|def|1
|move|p1a: Archaludon|Flash Cannon|p2a: Floette
|-supereffective|p2a: Floette|1
|-damage|p2a: Floette|47/100
|move|p1b: Venusaur|Sludge Bomb|p2a: Floette
|-supereffective|p2a: Floette|1
|-damage|p2a: Floette|0 fnt
|faint|p2a: Floette
|move|p2b: Incineroar|Parting Shot|p1b: Venusaur
|-unboost|p1b: Venusaur|atk|1
|-unboost|p1b: Venusaur|spa|1
|
|-weather|RainDance|[upkeep]
|-heal|p1a: Archaludon|17/100|[from] item: Leftovers
|-sideend|p1: cocobennyy|Reflect
|upkeep
|turn|11
|-message|pistoiese1312 forfeited.
|
|win|cocobennyy
|l|☆pistoiese1312
|player|p2|
||pistoiese1312 is ready for game 3.
||cocobennyy is ready for game 3.
|uhtml|next|Next: Game 3 of 3
|l|☆cocobennyy
|player|p1|
|j|☆cocobennyy
|player|p1|cocobennyy|medium|
