|j|☆gabzeraroadtoglory
|j|☆marcoslegui
|html|gabzeraroadtoglorymarcoslegui    
|uhtml|bestof|Game 2 of a best-of-3
|t:|1756248067
|gametype|doubles
|player|p1|gabzeraroadtoglory|youngster-gen4dp|
|player|p2|marcoslegui|pokekid|
|gen|9
|tier|[Gen 9] VGC 2025 Reg H (Bo3)
|rule|Species Clause: Limit one of each Pokémon
|rule|Item Clause: Limit 1 of each item
|clearpoke
|poke|p1|Pelipper, L50, F|
|poke|p1|Archaludon, L50, M|
|poke|p1|Amoonguss, L50, M|
|poke|p1|Dragonite, L50, M|
|poke|p1|Incineroar, L50, F|
|poke|p1|Ursaluna, L50, F|
|poke|p2|Sneasler, L50, F|
|poke|p2|Volcarona, L50, M|
|poke|p2|Kingambit, L50, M|
|poke|p2|Baxcalibur, L50, F|
|poke|p2|Basculegion, L50, M|
|poke|p2|Rillaboom, L50, M|
|teampreview|4
|showteam|p1|Pelipper||CovertCloak|Drizzle|WeatherBall,Hurricane,Protect,Tailwind|||F|||50|,,,,,Stellar]Archaludon||AssaultVest|Stamina|ElectroShot,BodyPress,DragonPulse,FlashCannon|||M|||50|,,,,,Bug]Amoonguss||SitrusBerry|Regenerator|Spore,RagePowder,PollenPuff,SludgeBomb|||M|||50|,,,,,Water]Dragonite||LoadedDice|Multiscale|ScaleShot,ExtremeSpeed,Tailwind,Protect|||M|||50|,,,,,Fairy]Incineroar||SafetyGoggles|Intimidate|FakeOut,Uturn,KnockOff,WillOWisp|||F|||50|,,,,,Ghost]Ursaluna||FlameOrb|Guts|Earthquake,HeadlongRush,Facade,Protect|||F|||50|,,,,,Ghost
|showteam|p2|Sneasler||FocusSash|Unburden|Protect,CloseCombat,DireClaw,Coaching|||F|||50|,,,,,Stellar]Volcarona||CovertCloak|FlameBody|HeatWave,TeraBlast,QuiverDance,Protect|||M|||50|,,,,,Fairy]Kingambit||AssaultVest|Defiant|KowtowCleave,SuckerPunch,IronHead,LowKick|||M|||50|,,,,,Ghost]Baxcalibur||LoadedDice|ThermalExchange|IcicleSpear,ScaleShot,IceShard,Protect|||F|||50|,,,,,Ghost]Basculegion||ChoiceScarf|Adaptability|WaveCrash,FlipTurn,LastRespects,TeraBlast|||M|||50|,,,,,Fairy]Rillaboom||MiracleSeed|GrassySurge|WoodHammer,GrassyGlide,HighHorsepower,FakeOut|||M|||50|,,,,,Fire
|inactive|Battle timer is ON: inactive players will automatically lose when time's up. (requested by gabzeraroadtoglory)
|inactive|gabzeraroadtoglory has 60 seconds left.
|
|t:|1756248122
|teamsize|p1|4
|teamsize|p2|4
|start
|switch|p1a: Archaludon|Archaludon, L50, M|100/100
|switch|p1b: Pelipper|Pelipper, L50, F|100/100
|switch|p2a: Sneasler|Sneasler, L50, F|100/100
|switch|p2b: Baxcalibur|Baxcalibur, L50, F|100/100
|-weather|RainDance|[from] ability: Drizzle|[of] p1b: Pelipper
|turn|1
|inactive|gabzeraroadtoglory has 30 seconds left.
|
|t:|1756248153
|-terastallize|p2a: Sneasler|Stellar
|-terastallize|p1a: Archaludon|Bug
|move|p2a: Sneasler|Close Combat|p1a: Archaludon
|-resisted|p1a: Archaludon
|-damage|p1a: Archaludon|70/100
|-unboost|p2a: Sneasler|def|1
|-unboost|p2a: Sneasler|spd|1
|-ability|p1a: Archaludon|Stamina|boost
|-boost|p1a: Archaludon|def|1
|move|p2b: Baxcalibur|Scale Shot|p1b: Pelipper
|-damage|p1b: Pelipper|84/100
|-damage|p1b: Pelipper|69/100
|-damage|p1b: Pelipper|53/100
|-crit|p1b: Pelipper
|-damage|p1b: Pelipper|26/100
|-damage|p1b: Pelipper|11/100
|-hitcount|p1b: Pelipper|5
|-unboost|p2b: Baxcalibur|def|1
|-boost|p2b: Baxcalibur|spe|1
|move|p1a: Archaludon|Electro Shot||[still]
|-prepare|p1a: Archaludon|Electro Shot
|-boost|p1a: Archaludon|spa|1
|-anim|p1a: Archaludon|Electro Shot|p2b: Baxcalibur
|-resisted|p2b: Baxcalibur
|-damage|p2b: Baxcalibur|71/100
|move|p1b: Pelipper|Tailwind|p1b: Pelipper
|-sidestart|p1: gabzeraroadtoglory|move: Tailwind
|
|-weather|RainDance|[upkeep]
|upkeep
|turn|2
|inactive|gabzeraroadtoglory has 30 seconds left.
|
|t:|1756248179
|switch|p1b: Dragonite|Dragonite, L50, M|100/100
|move|p1a: Archaludon|Dragon Pulse|p2b: Baxcalibur
|-supereffective|p2b: Baxcalibur
|-damage|p2b: Baxcalibur|0 fnt
|faint|p2b: Baxcalibur
|move|p2a: Sneasler|Dire Claw|p1a: Archaludon
|-damage|p1a: Archaludon|46/100
|-status|p1a: Archaludon|psn
|-ability|p1a: Archaludon|Stamina|boost
|-boost|p1a: Archaludon|def|1
|
|-weather|RainDance|[upkeep]
|-damage|p1a: Archaludon|33/100 psn|[from] psn
|upkeep
|
|t:|1756248196
|switch|p2b: Rillaboom|Rillaboom, L50, M|100/100
|-fieldstart|move: Grassy Terrain|[from] ability: Grassy Surge|[of] p2b: Rillaboom
|turn|3
|
|t:|1756248205
|switch|p2b: Volcarona|Volcarona, L50, M|100/100
|move|p1b: Dragonite|Scale Shot|p2a: Sneasler
|-damage|p2a: Sneasler|61/100
|-damage|p2a: Sneasler|22/100
|-damage|p2a: Sneasler|0 fnt
|faint|p2a: Sneasler
|-hitcount|p2: Sneasler|3
|-unboost|p1b: Dragonite|def|1
|-boost|p1b: Dragonite|spe|1
|move|p1a: Archaludon|Electro Shot||[still]
|-prepare|p1a: Archaludon|Electro Shot
|-boost|p1a: Archaludon|spa|1
|-anim|p1a: Archaludon|Electro Shot|p2b: Volcarona
|-damage|p2b: Volcarona|24/100
|
|-weather|RainDance|[upkeep]
|-heal|p1a: Archaludon|40/100 psn|[from] Grassy Terrain
|-heal|p2b: Volcarona|31/100|[from] Grassy Terrain
|-damage|p1a: Archaludon|27/100 psn|[from] psn
|upkeep
|inactive|marcoslegui has 30 seconds left.
|
|t:|1756248230
|switch|p2a: Rillaboom|Rillaboom, L50, M|100/100
|turn|4
|
|t:|1756248239
|move|p2a: Rillaboom|Fake Out|p1a: Archaludon
|-damage|p1a: Archaludon|22/100 psn
|-ability|p1a: Archaludon|Stamina|boost
|-boost|p1a: Archaludon|def|1
|move|p1b: Dragonite|Extreme Speed|p2b: Volcarona
|-damage|p2b: Volcarona|0 fnt
|faint|p2b: Volcarona
|cant|p1a: Archaludon|flinch
|
|-weather|RainDance|[upkeep]
|-heal|p1a: Archaludon|28/100 psn|[from] Grassy Terrain
|-damage|p1a: Archaludon|16/100 psn|[from] psn
|-sideend|p1: gabzeraroadtoglory|move: Tailwind
|upkeep
|turn|5
|
|t:|1756248252
|move|p1b: Dragonite|Scale Shot|p2a: Rillaboom|[miss]
|-miss|p1b: Dragonite|p2a: Rillaboom
|move|p1a: Archaludon|Electro Shot||[still]
|-prepare|p1a: Archaludon|Electro Shot
|-boost|p1a: Archaludon|spa|1
|-anim|p1a: Archaludon|Electro Shot|p2a: Rillaboom
|-resisted|p2a: Rillaboom
|-damage|p2a: Rillaboom|44/100
|move|p2a: Rillaboom|Wood Hammer|p1b: Dragonite
|-resisted|p1b: Dragonite
|-damage|p1b: Dragonite|81/100
|-damage|p2a: Rillaboom|38/100|[from] Recoil
|
|-weather|none
|-heal|p1a: Archaludon|22/100 psn|[from] Grassy Terrain
|-heal|p2a: Rillaboom|44/100|[from] Grassy Terrain
|-damage|p1a: Archaludon|10/100 psn|[from] psn
|upkeep
|turn|6
|
|t:|1756248265
|move|p2a: Rillaboom|Grassy Glide|p1a: Archaludon
|-resisted|p1a: Archaludon
|-damage|p1a: Archaludon|5/100 psn
|-ability|p1a: Archaludon|Stamina|boost
|-boost|p1a: Archaludon|def|1
|move|p1b: Dragonite|Scale Shot|p2a: Rillaboom
|-damage|p2a: Rillaboom|30/100
|-damage|p2a: Rillaboom|16/100
|-damage|p2a: Rillaboom|0 fnt
|faint|p2a: Rillaboom
|-hitcount|p2: Rillaboom|3
|
|win|gabzeraroadtoglory
||gabzeraroadtoglory is ready for game 3.
||marcoslegui is ready for game 3.
|uhtml|next|Next: Game 3 of 3
|l|☆marcoslegui
|player|p2|
|j|☆marcoslegui
|player|p2|marcoslegui|pokekid|
