|j|☆pink spoon
|j|☆almagroalanzarote
|html|pink spoonalmagroalanzarote    
|uhtml|bestof|Game 1 of a best-of-3
|t:|1784297985
|gametype|doubles
|player|p1|pink spoon|parasollady|1203
|player|p2|almagroalanzarote|nate|1271
|gen|9
|tier|[Gen 9 Champions] VGC 2026 Reg M-B (Bo3)
|rated|
|rule|Species Clause: Limit one of each Pokémon
|rule|Item Clause: Limit 1 of each item
|clearpoke
|poke|p1|Lopunny, L50, M|
|poke|p1|Zoroark-Hisui, L50, M|
|poke|p1|Mamoswine, L50, M|
|poke|p1|Arcanine-Hisui, L50, M|
|poke|p1|Hydreigon, L50, F|
|poke|p1|Mawile, L50, M|
|poke|p2|Grimmsnarl, L50, M|
|poke|p2|Venusaur, L50, F|
|poke|p2|Pelipper, L50, M|
|poke|p2|Archaludon, L50, M|
|poke|p2|Charizard, L50, F|
|poke|p2|Basculegion, L50, M|
|teampreview|4
|showteam|p1|Lopunny||Lopunnite|Limber|CloseCombat,MegaKick,FakeOut,Protect|Jolly||M|||50|]Zoroark-Hisui||FocusSash|Illusion|HyperVoice,ShadowBall,NastyPlot,Protect|Timid||M|||50|]Mamoswine||LifeOrb|Oblivious|IcicleCrash,HighHorsepower,IceShard,Protect|Adamant||M|||50|]Arcanine-Hisui||PasshoBerry|RockHead|FlareBlitz,RockSlide,ExtremeSpeed,Protect|Jolly||M|||50|]Hydreigon||SitrusBerry|Levitate|DracoMeteor,Snarl,NastyPlot,Protect|Modest||F|||50|]Mawile||Mawilite|HyperCutter|PlayRough,SuckerPunch,SwordsDance,Protect|Brave||M|||50|
|showteam|p2|Grimmsnarl||LightClay|Prankster|SpiritBreak,Reflect,LightScreen,PartingShot|Careful||M|||50|]Venusaur||FocusSash|Chlorophyll|SludgeBomb,EarthPower,SleepPowder,Protect|Modest||F|||50|]Pelipper||SitrusBerry|Drizzle|WeatherBall,Hurricane,Tailwind,WideGuard|Modest||M|||50|]Archaludon||Leftovers|Stamina|ElectroShot,FlashCannon,DragonPulse,Protect|Modest||M|||50|]Charizard||CharizarditeY|Blaze|WeatherBall,HeatWave,SolarBeam,Protect|Modest||F|||50|]Basculegion||ChoiceScarf|Adaptability|WaveCrash,FlipTurn,AquaJet,LastRespects|Jolly||M|||50|
|inactive|Battle timer is ON: inactive players will automatically lose when time's up. (requested by almagroalanzarote)
|inactive|pink spoon has 60 seconds left.
|inactive|almagroalanzarote has 60 seconds left.
|
|t:|1784298034
|teamsize|p1|4
|teamsize|p2|4
|start
|switch|p1a: Lopunny|Lopunny, L50, M|100/100
|switch|p1b: Hydreigon|Hydreigon, L50, F|100/100
|switch|p2a: Archaludon|Archaludon, L50, M|100/100
|switch|p2b: Grimmsnarl|Grimmsnarl, L50, M|100/100
|turn|1
|
|t:|1784298051
|detailschange|p1a: Lopunny|Lopunny-Mega, L50, M
|-mega|p1a: Lopunny|Lopunny|Lopunnite
|move|p1b: Hydreigon|Protect|p1b: Hydreigon
|-singleturn|p1b: Hydreigon|Protect
|move|p1a: Lopunny|Close Combat|p2a: Archaludon
|-supereffective|p2a: Archaludon|1
|-damage|p2a: Archaludon|14/100
|-unboost|p1a: Lopunny|def|1
|-unboost|p1a: Lopunny|spd|1
|-ability|p2a: Archaludon|Stamina|boost
|-boost|p2a: Archaludon|def|1
|move|p2a: Archaludon|Dragon Pulse|p1b: Hydreigon
|-activate|p1b: Hydreigon|move: Protect
|move|p2b: Grimmsnarl|Spirit Break|p1b: Hydreigon
|-activate|p1b: Hydreigon|move: Protect
|
|-heal|p2a: Archaludon|20/100y|[from] item: Leftovers
|upkeep
|turn|2
|
|t:|1784298070
|move|p2a: Archaludon|Protect|p2a: Archaludon
|-singleturn|p2a: Archaludon|Protect
|move|p1a: Lopunny|Close Combat|p2b: Grimmsnarl
|-damage|p2b: Grimmsnarl|33/100
|-unboost|p1a: Lopunny|def|1
|-unboost|p1a: Lopunny|spd|1
|move|p1b: Hydreigon|Hyper Voice|p2b: Grimmsnarl|[spread] p2b
|-activate|p2a: Archaludon|move: Protect
|-damage|p2b: Grimmsnarl|4/100
|move|p2b: Grimmsnarl|Spirit Break|p1b: Hydreigon
|-damage|p1b: Hydreigon|43/100
|-unboost|p1b: Hydreigon|spa|1
|replace|p1b: Zoroark|Zoroark-Hisui, L50, M
|-end|p1b: Zoroark|Illusion
|
|-heal|p2a: Archaludon|26/100|[from] item: Leftovers
|upkeep
|turn|3
|
|t:|1784298093
|switch|p2a: Charizard|Charizard, L50, F|100/100
|move|p2b: Grimmsnarl|Parting Shot|p1b: Zoroark
|-unboost|p1b: Zoroark|atk|1
|-unboost|p1b: Zoroark|spa|1
|
|t:|1784298099
|switch|p2b: Archaludon|Archaludon, L50, M|26/100|[from] Parting Shot
|move|p1a: Lopunny|Close Combat|p2a: Charizard
|-resisted|p2a: Charizard|1
|-damage|p2a: Charizard|68/100
|-unboost|p1a: Lopunny|def|1
|-unboost|p1a: Lopunny|spd|1
|move|p1b: Zoroark|Hyper Voice|p2a: Charizard|[spread] p2a,p2b
|-resisted|p2b: Archaludon|1
|-damage|p2a: Charizard|48/100
|-damage|p2b: Archaludon|17/100
|-ability|p2b: Archaludon|Stamina|boost
|-boost|p2b: Archaludon|def|1
|
|-heal|p2b: Archaludon|23/100|[from] item: Leftovers
|upkeep
|turn|4
|inactive|almagroalanzarote has 30 seconds left.
|
|t:|1784298125
|switch|p1b: Hydreigon|Hydreigon, L50, F|100/100
|switch|p2b: Pelipper|Pelipper, L50, M|100/100
|-weather|RainDance|[from] ability: Drizzle|[of] p2b: Pelipper
|move|p1a: Lopunny|Protect|p1a: Lopunny
|-singleturn|p1a: Lopunny|Protect
|move|p2a: Charizard|Protect||[still]
|-fail|p2a: Charizard
|
|-weather|RainDance|[upkeep]
|upkeep
|turn|5
|
|t:|1784298148
|move|p2a: Charizard|Protect|p2a: Charizard
|-singleturn|p2a: Charizard|Protect
|move|p1a: Lopunny|Mega Kick|p2a: Charizard
|-activate|p2a: Charizard|move: Protect
|move|p1b: Hydreigon|Draco Meteor|p2b: Pelipper
|-damage|p2b: Pelipper|20/100y
|-unboost|p1b: Hydreigon|spa|2
|-enditem|p2b: Pelipper|Sitrus Berry|[eat]
|-heal|p2b: Pelipper|45/100|[from] item: Sitrus Berry
|move|p2b: Pelipper|Tailwind|p2b: Pelipper
|-sidestart|p2: almagroalanzarote|move: Tailwind
|
|-weather|RainDance|[upkeep]
|upkeep
|turn|6
|
|t:|1784298168
|detailschange|p2a: Charizard|Charizard-Mega-Y, L50, F
|-mega|p2a: Charizard|Charizard|Charizardite Y
|-weather|SunnyDay|[from] ability: Drought|[of] p2a: Charizard
|move|p1a: Lopunny|Protect|p1a: Lopunny
|-singleturn|p1a: Lopunny|Protect
|move|p1b: Hydreigon|Protect|p1b: Hydreigon
|-singleturn|p1b: Hydreigon|Protect
|move|p2b: Pelipper|Wide Guard|p2b: Pelipper
|-singleturn|p2b: Pelipper|Wide Guard
|move|p2a: Charizard|Heat Wave|p1a: Lopunny|[spread] 
|-activate|p1a: Lopunny|move: Protect
|-activate|p1b: Hydreigon|move: Protect
|
|-weather|SunnyDay|[upkeep]
|upkeep
|turn|7
|
|t:|1784298181
|switch|p1a: Lopunny|Lopunny-Mega, L50, M|43/100
|move|p2a: Charizard|Heat Wave|p1b: Hydreigon|[spread] p1a
|-miss|p2a: Charizard|p1b: Hydreigon
|-damage|p1a: Lopunny|0 fnt
|replace|p1a: Zoroark|Zoroark-Hisui, L50, M
|-end|p1a: Zoroark|Illusion
|faint|p1a: Zoroark
|move|p2b: Pelipper|Weather Ball|p1b: Hydreigon
|-resisted|p1b: Hydreigon|1
|-damage|p1b: Hydreigon|83/100
|move|p1b: Hydreigon|Draco Meteor|p2a: Charizard
|-damage|p2a: Charizard|23/100
|-unboost|p1b: Hydreigon|spa|2
|
|-weather|SunnyDay|[upkeep]
|upkeep
|
|t:|1784298196
|switch|p1a: Mamoswine|Mamoswine, L50, M|100/100
|turn|8
|
|t:|1784298203
|switch|p1b: Lopunny|Lopunny-Mega, L50, M|100/100
|move|p1a: Mamoswine|Protect|p1a: Mamoswine
|-singleturn|p1a: Mamoswine|Protect
|move|p2a: Charizard|Heat Wave|p1b: Lopunny|[spread] p1b
|-activate|p1a: Mamoswine|move: Protect
|-damage|p1b: Lopunny|21/100
|move|p2b: Pelipper|Weather Ball|p1a: Mamoswine
|-activate|p1a: Mamoswine|move: Protect
|
|-weather|SunnyDay|[upkeep]
|-sideend|p2: almagroalanzarote|move: Tailwind
|upkeep
|turn|9
|
|t:|1784298221
|move|p2a: Charizard|Protect|p2a: Charizard
|-singleturn|p2a: Charizard|Protect
|move|p1b: Lopunny|Close Combat|p2a: Charizard
|-activate|p2a: Charizard|move: Protect
|move|p1a: Mamoswine|Icicle Crash|p2b: Pelipper
|-damage|p2b: Pelipper|0 fnt
|faint|p2b: Pelipper
|-damage|p1a: Mamoswine|90/100|[from] item: Life Orb
|
|-weather|SunnyDay|[upkeep]
|upkeep
|-message|almagroalanzarote forfeited.
|
|win|pink spoon
