|j|☆new mental
|j|☆iuqpui
|html|new mentaliuqpui    
|uhtml|bestof|Game 2 of a best-of-3
|t:|1783697890
|gametype|doubles
|player|p1|new mental|volkner|1218
|player|p2|iuqpui|170|1254
|gen|9
|tier|[Gen 9 Champions] VGC 2026 Reg M-B (Bo3)
|rated|
|rule|Species Clause: Limit one of each Pokémon
|rule|Item Clause: Limit 1 of each item
|clearpoke
|poke|p1|Charizard, L50, M|
|poke|p1|Kingambit, L50, F|
|poke|p1|Sylveon, L50, F|
|poke|p1|Garchomp, L50, F|
|poke|p1|Aerodactyl, L50, F|
|poke|p1|Farigiraf, L50, F|
|poke|p2|Gengar, L50, M, shiny|
|poke|p2|Vivillon-Icy Snow, L50, M|
|poke|p2|Incineroar, L50, F|
|poke|p2|Archaludon, L50, M, shiny|
|poke|p2|Politoed, L50, F, shiny|
|poke|p2|Swampert, L50, M, shiny|
|teampreview|4
|showteam|p1|Charizard||CharizarditeY|SolarPower|Protect,HeatWave,SolarBeam,WeatherBall|Modest||M|||50|]Kingambit||FocusSash|Defiant|IronHead,SuckerPunch,KowtowCleave,LowKick|Adamant||F|||50|]Sylveon||FairyFeather|Pixilate|Detect,HyperVoice,HyperBeam,QuickAttack|Modest||F|||50|]Garchomp||LifeOrb|RoughSkin|Protect,DragonClaw,Earthquake,RockSlide|Jolly||F|||50|]Aerodactyl||Aerodactylite|Unnerve|IceFang,RockSlide,Tailwind,DualWingbeat|Jolly||F|||50|]Farigiraf||SitrusBerry|ArmorTail|TrickRoom,Psychic,Thunderbolt,Roar|Bold||F|||50|
|showteam|p2|Gengar||Gengarite|CursedBody|SludgeBomb,ShadowBall,PerishSong,Protect|Timid||M|||50|]Vivillon-Icy Snow||FocusSash|CompoundEyes|Hurricane,SleepPowder,RagePowder,Protect|Timid||M|||50|]Incineroar||PasshoBerry|Intimidate|ThroatChop,PartingShot,FakeOut,Protect|Sassy||F|||50|]Archaludon||Leftovers|Stamina|DragonPulse,ElectroShot,FlashCannon,Protect|Bold||M|||50|]Politoed||SitrusBerry|Drizzle|WeatherBall,PerishSong,Encore,Protect|Calm||F|||50|]Swampert||Swampertite|Torrent|WaveCrash,Earthquake,IcePunch,Protect|Adamant||M|||50|
|inactive|Battle timer is ON: inactive players will automatically lose when time's up. (requested by iuqpui)
|
|t:|1783697923
|teamsize|p1|4
|teamsize|p2|4
|start
|switch|p1a: Sylveon|Sylveon, L50, F|100/100
|switch|p1b: Farigiraf|Farigiraf, L50, F|100/100
|switch|p2a: Vivillon|Vivillon-Icy Snow, L50, M|100/100
|switch|p2b: Gengar|Gengar, L50, M, shiny|100/100
|turn|1
|
|t:|1783697937
|detailschange|p2b: Gengar|Gengar-Mega, L50, M, shiny
|-mega|p2b: Gengar|Gengar|Gengarite
|move|p2b: Gengar|Perish Song|p2b: Gengar
|-start|p1a: Sylveon|perish3|[silent]
|-start|p1b: Farigiraf|perish3|[silent]
|-start|p2a: Vivillon|perish3|[silent]
|-start|p2b: Gengar|perish3|[silent]
|-fieldactivate|move: Perish Song
|move|p2a: Vivillon|Sleep Powder|p1b: Farigiraf
|-status|p1b: Farigiraf|slp|[from] move: Sleep Powder
|move|p1a: Sylveon|Hyper Voice|p2a: Vivillon|[spread] p2a,p2b
|-resisted|p2b: Gengar|1
|-damage|p2a: Vivillon|7/100
|-damage|p2b: Gengar|73/100
|cant|p1b: Farigiraf|slp
|
|-start|p2b: Gengar|perish3
|-start|p2a: Vivillon|perish3
|-start|p1a: Sylveon|perish3
|-start|p1b: Farigiraf|perish3
|upkeep
|turn|2
|
|t:|1783697961
|move|p1a: Sylveon|Quick Attack|p2a: Vivillon
|-damage|p2a: Vivillon|0 fnt
|faint|p2a: Vivillon
|move|p2b: Gengar|Sludge Bomb|p1b: Farigiraf
|-damage|p1b: Farigiraf|53/100 slp
|cant|p1b: Farigiraf|slp
|
|-start|p2b: Gengar|perish2
|-start|p1a: Sylveon|perish2
|-start|p1b: Farigiraf|perish2
|upkeep
|
|t:|1783697968
|switch|p2a: Incineroar|Incineroar, L50, F|100/100
|-ability|p2a: Incineroar|Intimidate|boost
|-unboost|p1a: Sylveon|atk|1
|-unboost|p1b: Farigiraf|atk|1
|turn|3
|
|t:|1783697976
|move|p2b: Gengar|Protect|p2b: Gengar
|-singleturn|p2b: Gengar|Protect
|move|p2a: Incineroar|Protect|p2a: Incineroar
|-singleturn|p2a: Incineroar|Protect
|move|p1a: Sylveon|Hyper Voice|p2a: Incineroar|[spread] 
|-activate|p2a: Incineroar|move: Protect
|-activate|p2b: Gengar|move: Protect
|-curestatus|p1b: Farigiraf|slp|[msg]
|move|p1b: Farigiraf|Roar|p2b: Gengar
|drag|p2b: Politoed|Politoed, L50, F, shiny|100/100
|-weather|RainDance|[from] ability: Drizzle|[of] p2b: Politoed
|
|-weather|RainDance|[upkeep]
|-start|p1a: Sylveon|perish1
|-start|p1b: Farigiraf|perish1
|upkeep
|turn|4
|inactive|new mental has 30 seconds left.
|inactive|iuqpui has 30 seconds left.
|
|t:|1783698004
|switch|p1b: Kingambit|Kingambit, L50, F|100/100
|move|p2b: Politoed|Perish Song|p2b: Politoed
|-start|p1b: Kingambit|perish3|[silent]
|-start|p2a: Incineroar|perish3|[silent]
|-start|p2b: Politoed|perish3|[silent]
|-fieldactivate|move: Perish Song
|move|p1a: Sylveon|Hyper Beam|p2a: Incineroar
|-damage|p2a: Incineroar|17/100
|-mustrecharge|p1a: Sylveon
|move|p2a: Incineroar|Parting Shot|p1a: Sylveon
|-unboost|p1a: Sylveon|atk|1
|-unboost|p1a: Sylveon|spa|1
|
|t:|1783698013
|switch|p2a: Gengar|Gengar-Mega, L50, M, shiny|73/100|[from] Parting Shot
|
|-weather|RainDance|[upkeep]
|-start|p1b: Kingambit|perish3
|-start|p2b: Politoed|perish3
|-start|p1a: Sylveon|perish0
|faint|p1a: Sylveon
|upkeep
|
|t:|1783698017
|switch|p1a: Charizard|Charizard, L50, M|100/100
|turn|5
|
|t:|1783698034
|switch|p2b: Incineroar|Incineroar, L50, F|17/100
|-ability|p2b: Incineroar|Intimidate|boost
|-unboost|p1a: Charizard|atk|1
|-unboost|p1b: Kingambit|atk|1
|-ability|p1b: Kingambit|Defiant|boost
|-boost|p1b: Kingambit|atk|2
|detailschange|p1a: Charizard|Charizard-Mega-Y, L50, M
|-mega|p1a: Charizard|Charizard|Charizardite Y
|-weather|SunnyDay|[from] ability: Drought|[of] p1a: Charizard
|move|p2a: Gengar|Protect|p2a: Gengar
|-singleturn|p2a: Gengar|Protect
|move|p1a: Charizard|Heat Wave|p2b: Incineroar|[spread] p2b
|-activate|p2a: Gengar|move: Protect
|-resisted|p2b: Incineroar|1
|-damage|p2b: Incineroar|0 fnt
|faint|p2b: Incineroar
|move|p1b: Kingambit|Kowtow Cleave|p2a: Gengar
|-activate|p2a: Gengar|move: Protect
|
|-weather|SunnyDay|[upkeep]
|-start|p1b: Kingambit|perish2
|upkeep
|
|t:|1783698051
|switch|p2b: Politoed|Politoed, L50, F, shiny|100/100
|-weather|RainDance|[from] ability: Drizzle|[of] p2b: Politoed
|turn|6
|
|t:|1783698066
|move|p2a: Gengar|Protect|p2a: Gengar
|-singleturn|p2a: Gengar|Protect
|move|p1a: Charizard|Weather Ball|p2a: Gengar
|-activate|p2a: Gengar|move: Protect
|move|p1b: Kingambit|Kowtow Cleave|p2a: Gengar
|-activate|p2a: Gengar|move: Protect
|move|p2b: Politoed|Weather Ball|p1b: Kingambit
|-damage|p1b: Kingambit|50/100g
|
|-weather|RainDance|[upkeep]
|-start|p1b: Kingambit|perish1
|upkeep
|turn|7
|inactive|iuqpui has 30 seconds left.
|inactive|new mental has 30 seconds left.
|
|t:|1783698097
|move|p2a: Gengar|Protect||[still]
|-fail|p2a: Gengar
|move|p1a: Charizard|Weather Ball|p2a: Gengar
|-damage|p2a: Gengar|18/100
|move|p1b: Kingambit|Kowtow Cleave|p2a: Gengar
|-supereffective|p2a: Gengar|1
|-damage|p2a: Gengar|0 fnt
|faint|p2a: Gengar
|move|p2b: Politoed|Weather Ball|p1a: Charizard
|-supereffective|p1a: Charizard|1
|-damage|p1a: Charizard|14/100
|
|-weather|RainDance|[upkeep]
|-start|p1b: Kingambit|perish0
|upkeep
|faint|p1b: Kingambit
|
|t:|1783698102
|switch|p1b: Farigiraf|Farigiraf, L50, F|53/100
|turn|8
|
|t:|1783698116
|move|p1a: Charizard|Weather Ball|p2b: Politoed
|-resisted|p2b: Politoed|1
|-damage|p2b: Politoed|79/100
|move|p2b: Politoed|Perish Song|p2b: Politoed
|-start|p1a: Charizard|perish3|[silent]
|-start|p1b: Farigiraf|perish3|[silent]
|-start|p2b: Politoed|perish3|[silent]
|-fieldactivate|move: Perish Song
|move|p1b: Farigiraf|Thunderbolt|p2b: Politoed
|-supereffective|p2b: Politoed|1
|-damage|p2b: Politoed|43/100
|-enditem|p2b: Politoed|Sitrus Berry|[eat]
|-heal|p2b: Politoed|68/100|[from] item: Sitrus Berry
|
|-weather|RainDance|[upkeep]
|-start|p1a: Charizard|perish3
|-start|p2b: Politoed|perish3
|-start|p1b: Farigiraf|perish3
|upkeep
|turn|9
|
|t:|1783698127
|move|p2b: Politoed|Protect|p2b: Politoed
|-singleturn|p2b: Politoed|Protect
|move|p1a: Charizard|Weather Ball|p2b: Politoed
|-activate|p2b: Politoed|move: Protect
|move|p1b: Farigiraf|Thunderbolt|p2b: Politoed
|-activate|p2b: Politoed|move: Protect
|
|-weather|RainDance|[upkeep]
|-start|p1a: Charizard|perish2
|-start|p2b: Politoed|perish2
|-start|p1b: Farigiraf|perish2
|upkeep
|turn|10
|
|t:|1783698141
|move|p1a: Charizard|Weather Ball|p2b: Politoed
|-resisted|p2b: Politoed|1
|-damage|p2b: Politoed|44/100
|move|p2b: Politoed|Weather Ball|p1b: Farigiraf
|-damage|p1b: Farigiraf|11/100
|-enditem|p1b: Farigiraf|Sitrus Berry|[eat]
|-heal|p1b: Farigiraf|36/100|[from] item: Sitrus Berry
|move|p1b: Farigiraf|Thunderbolt|p2b: Politoed
|-supereffective|p2b: Politoed|1
|-damage|p2b: Politoed|6/100
|
|-weather|none
|-start|p1a: Charizard|perish1
|-start|p2b: Politoed|perish1
|-start|p1b: Farigiraf|perish1
|upkeep
|turn|11
|
|t:|1783698161
|move|p2b: Politoed|Protect|p2b: Politoed
|-singleturn|p2b: Politoed|Protect
|move|p1a: Charizard|Weather Ball|p2b: Politoed
|-activate|p2b: Politoed|move: Protect
|move|p1b: Farigiraf|Thunderbolt|p2b: Politoed
|-activate|p2b: Politoed|move: Protect
|
|-start|p1a: Charizard|perish0
|-start|p2b: Politoed|perish0
|-start|p1b: Farigiraf|perish0
|faint|p1a: Charizard
|faint|p2b: Politoed
|faint|p1b: Farigiraf
|
|win|new mental
||iuqpui is ready for game 3.
|inactive|new mental has 30 seconds to confirm battle start!
||new mental is ready for game 3.
|uhtml|next|Next: Game 3 of 3
