|j|☆Earth 2099
|j|☆thehairballking
|html|Earth 2099thehairballking    
|uhtml|bestof|Game 3 of a best-of-3
|t:|1756300581
|gametype|doubles
|player|p1|Earth 2099|veteran|1045
|player|p2|thehairballking|1|1063
|gen|9
|tier|[Gen 9] VGC 2025 Reg H (Bo3)
|rated|
|rule|Species Clause: Limit one of each Pokémon
|rule|Item Clause: Limit 1 of each item
|clearpoke
|poke|p1|Dragapult, L50, M|
|poke|p1|Sneasler, L50, F|
|poke|p1|Jumpluff, L50, M|
|poke|p1|Meowscarada, L50, F|
|poke|p1|Incineroar, L50, F|
|poke|p1|Gholdengo, L50|
|poke|p2|Pelipper, L50, F|
|poke|p2|Archaludon, L50, F|
|poke|p2|Sneasler, L50, F|
|poke|p2|Farigiraf, L50, M|
|poke|p2|Ursaluna-Bloodmoon, L50, M|
|poke|p2|Rillaboom, L50, M|
|teampreview|4
|showteam|p1|Dragapult||SafetyGoggles|ClearBody|Flamethrower,Uturn,Thunderbolt,ShadowBall|||M|||50|,,,,,Steel]Sneasler||NormalGem|Unburden|DireClaw,FakeOut,CloseCombat,ShadowClaw|||F|||50|,,,,,Poison]Jumpluff||FocusSash|Chlorophyll|SleepPowder,RagePowder,PollenPuff,Tailwind|||M|||50|,,,,,Water]Meowscarada||BlackGlasses|Protean|FlowerTrick,SuckerPunch,Uturn,KnockOff|||F|||50|,,,,,Grass]Incineroar||SitrusBerry|Intimidate|FakeOut,FlareBlitz,KnockOff,Uturn|||F|||50|,,,,,Water]Gholdengo||Leftovers|GoodasGold|DazzlingGleam,Hex,ThunderWave,Recover||||||50|,,,,,Water
|showteam|p2|Pelipper||FocusSash|Drizzle|Tailwind,Hurricane,WideGuard,WeatherBall|||F|||50|,,,,,Water]Archaludon||AssaultVest|Stamina|ElectroShot,DragonPulse,Earthquake,BodyPress|||F|||50|,,,,,Grass]Sneasler||WhiteHerb|Unburden|DireClaw,CloseCombat,Protect,ThroatChop|||F|||50|,,,,,Fighting]Farigiraf||SitrusBerry|ArmorTail|TrickRoom,FoulPlay,HelpingHand,Imprison|||M|||50|,,,,,Dark]Ursaluna-Bloodmoon||LifeOrb|MindsEye|BloodMoon,EarthPower,HyperVoice,VacuumWave|||M|||50|,,,,,Normal]Rillaboom||LoadedDice|GrassySurge|BulletSeed,GrassyGlide,FakeOut,Protect|||M|||50|,,,,,Grass
|
|t:|1756300614
|teamsize|p1|4
|teamsize|p2|4
|start
|switch|p1a: Jumpluff|Jumpluff, L50, M|100/100
|switch|p1b: Gholdengo|Gholdengo, L50|100/100
|switch|p2a: Pelipper|Pelipper, L50, F|100/100
|switch|p2b: Archaludon|Archaludon, L50, F|100/100
|-weather|RainDance|[from] ability: Drizzle|[of] p2a: Pelipper
|turn|1
|
|t:|1756300630
|switch|p2a: Rillaboom|Rillaboom, L50, M|100/100
|-fieldstart|move: Grassy Terrain|[from] ability: Grassy Surge|[of] p2a: Rillaboom
|-terastallize|p2b: Archaludon|Grass
|move|p1a: Jumpluff|Sleep Powder|p2b: Archaludon
|-immune|p2b: Archaludon
|move|p1b: Gholdengo|Thunder Wave|p2a: Rillaboom
|-status|p2a: Rillaboom|par
|move|p2b: Archaludon|Electro Shot||[still]
|-prepare|p2b: Archaludon|Electro Shot
|-boost|p2b: Archaludon|spa|1
|-anim|p2b: Archaludon|Electro Shot|p1a: Jumpluff
|-damage|p1a: Jumpluff|32/100
|
|-weather|RainDance|[upkeep]
|upkeep
|turn|2
|
|t:|1756300667
|switch|p1a: Incineroar|Incineroar, L50, F|100/100
|-ability|p1a: Incineroar|Intimidate|boost
|-unboost|p2a: Rillaboom|atk|1
|-unboost|p2b: Archaludon|atk|1
|move|p1b: Gholdengo|Thunder Wave|p2b: Archaludon
|-status|p2b: Archaludon|par
|move|p2a: Rillaboom|Bullet Seed|p2b: Archaludon
|-resisted|p2b: Archaludon
|-damage|p2b: Archaludon|97/100 par
|-ability|p2b: Archaludon|Stamina|boost
|-boost|p2b: Archaludon|def|1
|-resisted|p2b: Archaludon
|-damage|p2b: Archaludon|95/100 par
|-ability|p2b: Archaludon|Stamina|boost
|-boost|p2b: Archaludon|def|1
|-resisted|p2b: Archaludon
|-damage|p2b: Archaludon|92/100 par
|-ability|p2b: Archaludon|Stamina|boost
|-boost|p2b: Archaludon|def|1
|-resisted|p2b: Archaludon
|-damage|p2b: Archaludon|91/100 par
|-ability|p2b: Archaludon|Stamina|boost
|-boost|p2b: Archaludon|def|1
|-hitcount|p2b: Archaludon|4
|move|p2b: Archaludon|Electro Shot||[still]
|-prepare|p2b: Archaludon|Electro Shot
|-boost|p2b: Archaludon|spa|1
|-anim|p2b: Archaludon|Electro Shot|p1a: Incineroar
|-damage|p1a: Incineroar|32/100
|-enditem|p1a: Incineroar|Sitrus Berry|[eat]
|-heal|p1a: Incineroar|57/100|[from] item: Sitrus Berry
|
|-weather|RainDance|[upkeep]
|-heal|p1a: Incineroar|63/100|[from] Grassy Terrain
|-heal|p2b: Archaludon|97/100 par|[from] Grassy Terrain
|upkeep
|turn|3
|
|t:|1756300705
|switch|p2a: Ursaluna|Ursaluna-Bloodmoon, L50, M|100/100
|move|p1a: Incineroar|Fake Out|p2b: Archaludon
|-damage|p2b: Archaludon|93/100 par
|-ability|p2b: Archaludon|Stamina|boost
|-boost|p2b: Archaludon|def|1
|move|p1b: Gholdengo|Hex|p2b: Archaludon
|-damage|p2b: Archaludon|33/100 par
|-ability|p2b: Archaludon|Stamina|boost
|-boost|p2b: Archaludon|def|1
|cant|p2b: Archaludon|flinch
|
|-weather|RainDance|[upkeep]
|-heal|p1a: Incineroar|69/100|[from] Grassy Terrain
|-heal|p2b: Archaludon|39/100 par|[from] Grassy Terrain
|upkeep
|turn|4
|
|t:|1756300735
|switch|p2b: Pelipper|Pelipper, L50, F|100/100
|move|p1b: Gholdengo|Hex|p2b: Pelipper
|-crit|p2b: Pelipper
|-damage|p2b: Pelipper|44/100
|move|p1a: Incineroar|Knock Off|p2a: Ursaluna
|-damage|p2a: Ursaluna|70/100
|-enditem|p2a: Ursaluna|Life Orb|[from] move: Knock Off|[of] p1a: Incineroar
|move|p2a: Ursaluna|Earth Power|p1b: Gholdengo
|-supereffective|p1b: Gholdengo
|-damage|p1b: Gholdengo|0 fnt
|faint|p1b: Gholdengo
|
|-weather|RainDance|[upkeep]
|-heal|p1a: Incineroar|75/100|[from] Grassy Terrain
|-heal|p2a: Ursaluna|76/100|[from] Grassy Terrain
|upkeep
|
|t:|1756300757
|switch|p1b: Sneasler|Sneasler, L50, F|100/100
|turn|5
|
|t:|1756300782
|switch|p2a: Rillaboom|Rillaboom, L50, M|100/100 par
|move|p1b: Sneasler|Close Combat|p2a: Rillaboom
|-damage|p2a: Rillaboom|41/100 par
|-unboost|p1b: Sneasler|def|1
|-unboost|p1b: Sneasler|spd|1
|move|p1a: Incineroar|Knock Off|p2b: Pelipper
|-damage|p2b: Pelipper|0 fnt
|-enditem|p2b: Pelipper|Focus Sash|[from] move: Knock Off|[of] p1a: Incineroar
|faint|p2b: Pelipper
|
|-weather|none
|-heal|p1a: Incineroar|81/100|[from] Grassy Terrain
|-heal|p2a: Rillaboom|47/100 par|[from] Grassy Terrain
|-fieldend|move: Grassy Terrain
|upkeep
|
|t:|1756300795
|switch|p2b: Ursaluna|Ursaluna-Bloodmoon, L50, M|76/100
|turn|6
|
|t:|1756300806
|move|p2a: Rillaboom|Fake Out|p1b: Sneasler
|-damage|p1b: Sneasler|65/100
|cant|p1b: Sneasler|flinch
|move|p1a: Incineroar|Flare Blitz|p2a: Rillaboom
|-supereffective|p2a: Rillaboom
|-damage|p2a: Rillaboom|0 fnt
|faint|p2a: Rillaboom
|-damage|p1a: Incineroar|65/100|[from] Recoil
|move|p2b: Ursaluna|Earth Power|p1b: Sneasler
|-supereffective|p1b: Sneasler
|-damage|p1b: Sneasler|0 fnt
|faint|p1b: Sneasler
|
|upkeep
|
|t:|1756300822
|switch|p1b: Jumpluff|Jumpluff, L50, M|32/100
|switch|p2a: Archaludon|Archaludon, L50, F, tera:Grass|39/100 par
|turn|7
|
|t:|1756300842
|move|p2b: Ursaluna|Vacuum Wave|p1a: Incineroar
|-supereffective|p1a: Incineroar
|-damage|p1a: Incineroar|38/100
|move|p1b: Jumpluff|Sleep Powder|p2b: Ursaluna
|-status|p2b: Ursaluna|slp|[from] move: Sleep Powder
|move|p1a: Incineroar|Flare Blitz|p2a: Archaludon
|-supereffective|p2a: Archaludon
|-damage|p2a: Archaludon|0 fnt
|faint|p2a: Archaludon
|-damage|p1a: Incineroar|27/100|[from] Recoil
|
|upkeep
|turn|8
|
|t:|1756300877
|move|p1b: Jumpluff|Pollen Puff|p2b: Ursaluna
|-damage|p2b: Ursaluna|60/100 slp
|move|p1a: Incineroar|U-turn|p2b: Ursaluna
|-damage|p2b: Ursaluna|47/100 slp
|cant|p2b: Ursaluna|slp
|
|upkeep
|turn|9
|
|t:|1756300895
|move|p1b: Jumpluff|Pollen Puff|p1a: Incineroar
|-heal|p1a: Incineroar|77/100
|move|p1a: Incineroar|U-turn|p2b: Ursaluna
|-damage|p2b: Ursaluna|33/100 slp
|cant|p2b: Ursaluna|slp
|
|upkeep
|turn|10
|
|t:|1756300915
|move|p1b: Jumpluff|Pollen Puff|p1a: Incineroar
|-heal|p1a: Incineroar|100/100
|move|p1a: Incineroar|U-turn|p2b: Ursaluna
|-damage|p2b: Ursaluna|20/100 slp
|-curestatus|p2b: Ursaluna|slp|[msg]
|move|p2b: Ursaluna|Blood Moon|p1b: Jumpluff
|-damage|p1b: Jumpluff|0 fnt
|faint|p1b: Jumpluff
|
|upkeep
|turn|11
|
|t:|1756300945
|move|p1a: Incineroar|Flare Blitz|p2b: Ursaluna
|-damage|p2b: Ursaluna|0 fnt
|faint|p2b: Ursaluna
|-damage|p1a: Incineroar|93/100|[from] Recoil
|
|win|Earth 2099
|raw|Earth 2099's rating: 1045 → 1080(+35 for winning)
|raw|thehairballking's rating: 1063 → 1043(-20 for losing)
