|j|☆BenniOVY
|j|☆DINOLONK
|html|BenniOVYDINOLONK    
|uhtml|bestof|Game 2 of a best-of-3
|t:|1782568575
|gametype|doubles
|player|p1|BenniOVY|psychic-gen4|1220
|player|p2|DINOLONK|parasollady-gen4|1194
|gen|9
|tier|[Gen 9 Champions] VGC 2026 Reg M-B (Bo3)
|rated|
|rule|Species Clause: Limit one of each Pokémon
|rule|Item Clause: Limit 1 of each item
|clearpoke
|poke|p1|Delphox, L50, F|
|poke|p1|Sneasler, L50, M|
|poke|p1|Incineroar, L50, M|
|poke|p1|Sinistcha, L50|
|poke|p1|Kingambit, L50, F|
|poke|p1|Floette-Eternal, L50, F|
|poke|p2|Hydreigon, L50, M|
|poke|p2|Garchomp, L50, F|
|poke|p2|Metagross, L50|
|poke|p2|Charizard, L50, M|
|poke|p2|Grimmsnarl, L50, M|
|poke|p2|Toxapex, L50, M|
|teampreview|4
|showteam|p1|Delphox||Delphoxite|Blaze|HeatWave,Psyshock,NastyPlot,Protect|Timid||F|||50|]Sneasler||WhiteHerb|Unburden|CloseCombat,DireClaw,FakeOut,Protect|Adamant||M|||50|]Incineroar||PasshoBerry|Intimidate|FlareBlitz,DarkestLariat,PartingShot,FakeOut|Impish||M|||50|]Sinistcha||KasibBerry|Hospitality|MatchaGotcha,LifeDew,RagePowder,Protect|Bold|||||50|]Kingambit||BlackGlasses|Defiant|KowtowCleave,SuckerPunch,SwordsDance,Protect|Adamant||F|||50|]Floette-Eternal||Floettite|FlowerVeil|DazzlingGleam,Moonblast,CalmMind,Protect|Modest||F|||50|
|showteam|p2|Hydreigon||ChoiceScarf|Levitate|HeatWave,DarkPulse,DracoMeteor,Snarl|Modest||M|||50|]Garchomp||SitrusBerry|RoughSkin|Earthquake,RockSlide,DragonClaw,Protect|Adamant||F|||50|]Metagross||Metagrossite|ClearBody|IronHead,HammerArm,BulletPunch,Protect|Adamant|||||50|]Charizard||CharizarditeY|Blaze|Protect,HeatWave,SolarBeam,WeatherBall|Timid||M|||50|]Grimmsnarl||RoseliBerry|Prankster|FakeOut,FoulPlay,Reflect,PartingShot|Sassy||M|||50|]Toxapex||Leftovers|Regenerator|Infestation,Toxic,BanefulBunker,WideGuard|Bold||M|||50|
|inactive|Battle timer is ON: inactive players will automatically lose when time's up. (requested by DINOLONK)
|
|t:|1782568582
|teamsize|p1|4
|teamsize|p2|4
|start
|switch|p1a: Delphox|Delphox, L50, F|100/100
|switch|p1b: Incineroar|Incineroar, L50, M|100/100
|switch|p2a: Toxapex|Toxapex, L50, M|100/100
|switch|p2b: Hydreigon|Hydreigon, L50, M|100/100
|-ability|p1b: Incineroar|Intimidate|boost
|-unboost|p2a: Toxapex|atk|1
|-unboost|p2b: Hydreigon|atk|1
|turn|1
|
|t:|1782568589
|switch|p1a: Kingambit|Kingambit, L50, F|100/100
|move|p2b: Hydreigon|Snarl|p1a: Kingambit|[spread] p1a,p1b
|-resisted|p1a: Kingambit|1
|-resisted|p1b: Incineroar|1
|-damage|p1a: Kingambit|89/100
|-damage|p1b: Incineroar|91/100
|-unboost|p1a: Kingambit|spa|1
|-ability|p1a: Kingambit|Defiant|boost
|-boost|p1a: Kingambit|atk|2
|-unboost|p1b: Incineroar|spa|1
|move|p1b: Incineroar|Parting Shot|p2b: Hydreigon
|-unboost|p2b: Hydreigon|atk|1
|-unboost|p2b: Hydreigon|spa|1
|
|t:|1782568596
|switch|p1b: Sinistcha|Sinistcha, L50|100/100|[from] Parting Shot
|-heal|p1a: Kingambit|100/100|[from] ability: Hospitality|[of] p1b: Sinistcha
|move|p2a: Toxapex|Infestation|p1a: Kingambit
|-crit|p1a: Kingambit
|-damage|p1a: Kingambit|95/100
|-activate|p1a: Kingambit|move: Infestation|[of] p2a: Toxapex
|
|-damage|p1a: Kingambit|82/100|[from] move: Infestation|[partiallytrapped]
|upkeep
|turn|2
|
|t:|1782568602
|switch|p2b: Charizard|Charizard, L50, M|100/100
|switch|p1b: Incineroar|Incineroar, L50, M|91/100
|-ability|p1b: Incineroar|Intimidate|boost
|-unboost|p2a: Toxapex|atk|1
|-unboost|p2b: Charizard|atk|1
|move|p1a: Kingambit|Kowtow Cleave|p2a: Toxapex
|-damage|p2a: Toxapex|21/100
|move|p2a: Toxapex|Toxic|p1b: Incineroar
|-status|p1b: Incineroar|tox
|
|-heal|p2a: Toxapex|26/100|[from] item: Leftovers
|-damage|p1b: Incineroar|85/100 tox|[from] psn
|-damage|p1a: Kingambit|70/100|[from] move: Infestation|[partiallytrapped]
|upkeep
|turn|3
|
|t:|1782568622
|-heal|p2a: Toxapex|59/100|[from] ability: Regenerator|[silent]
|switch|p2a: Garchomp|Garchomp, L50, F|100/100
|move|p2b: Charizard|Protect|p2b: Charizard
|-singleturn|p2b: Charizard|Protect
|move|p1b: Incineroar|Fake Out|p2b: Charizard
|-activate|p2b: Charizard|move: Protect
|move|p1a: Kingambit|Swords Dance|p1a: Kingambit
|-boost|p1a: Kingambit|atk|2
|
|-damage|p1b: Incineroar|73/100 tox|[from] psn
|-end|p1a: Kingambit|Infestation|[partiallytrapped]|[silent]
|upkeep
|turn|4
|
|t:|1782568633
|switch|p1b: Sinistcha|Sinistcha, L50|100/100
|-heal|p1a: Kingambit|95/100|[from] ability: Hospitality|[of] p1b: Sinistcha
|detailschange|p2b: Charizard|Charizard-Mega-Y, L50, M
|-mega|p2b: Charizard|Charizard|Charizardite Y
|-weather|SunnyDay|[from] ability: Drought|[of] p2b: Charizard
|move|p1a: Kingambit|Sucker Punch|p2b: Charizard
|-damage|p2b: Charizard|0 fnt
|faint|p2b: Charizard
|move|p2a: Garchomp|Earthquake|p1a: Kingambit|[spread] p1a,p1b
|-supereffective|p1a: Kingambit|1
|-resisted|p1b: Sinistcha|1
|-damage|p1a: Kingambit|38/100
|-damage|p1b: Sinistcha|87/100
|
|-weather|SunnyDay|[upkeep]
|upkeep
|
|t:|1782568638
|switch|p2b: Toxapex|Toxapex, L50, M|59/100
|turn|5
|
|t:|1782568644
|move|p1a: Kingambit|Sucker Punch|p2a: Garchomp
|-damage|p2a: Garchomp|0 fnt
|-damage|p1a: Kingambit|26/100|[from] ability: Rough Skin|[of] p2a: Garchomp
|faint|p2a: Garchomp
|move|p1b: Sinistcha|Life Dew|p1b: Sinistcha|[spread] p1a,p1b
|-heal|p1a: Kingambit|51/100
|-heal|p1b: Sinistcha|100/100
|move|p2b: Toxapex|Infestation|p1a: Kingambit
|-damage|p1a: Kingambit|48/100
|-activate|p1a: Kingambit|move: Infestation|[of] p2b: Toxapex
|
|-weather|SunnyDay|[upkeep]
|-heal|p2b: Toxapex|65/100|[from] item: Leftovers
|-damage|p1a: Kingambit|35/100|[from] move: Infestation|[partiallytrapped]
|upkeep
|
|t:|1782568647
|switch|p2a: Hydreigon|Hydreigon, L50, M|100/100
|turn|6
|c|☆BenniOVY|Ggs
|c|☆DINOLONK|gg
|
|t:|1782568659
|switch|p1b: Incineroar|Incineroar, L50, M|73/100 tox
|-ability|p1b: Incineroar|Intimidate|boost
|-unboost|p2a: Hydreigon|atk|1
|-unboost|p2b: Toxapex|atk|1
|move|p1a: Kingambit|Sucker Punch|p2a: Hydreigon
|-resisted|p2a: Hydreigon|1
|-damage|p2a: Hydreigon|16/100
|move|p2a: Hydreigon|Heat Wave|p1a: Kingambit|[spread] p1a,p1b
|-supereffective|p1a: Kingambit|1
|-resisted|p1b: Incineroar|1
|-damage|p1a: Kingambit|0 fnt
|-damage|p1b: Incineroar|55/100 tox
|faint|p1a: Kingambit
|move|p2b: Toxapex|Toxic|p1b: Incineroar
|-fail|p1b: Incineroar|tox
|
|-weather|SunnyDay|[upkeep]
|-heal|p2b: Toxapex|71/100|[from] item: Leftovers
|-damage|p1b: Incineroar|49/100 tox|[from] psn
|upkeep
|
|t:|1782568661
|switch|p1a: Delphox|Delphox, L50, F|100/100
|turn|7
|
|t:|1782568667
|detailschange|p1a: Delphox|Delphox-Mega, L50, F
|-mega|p1a: Delphox|Delphox|Delphoxite
|move|p1b: Incineroar|Fake Out|p2a: Hydreigon
|-damage|p2a: Hydreigon|4/100
|cant|p2a: Hydreigon|flinch
|move|p1a: Delphox|Nasty Plot|p1a: Delphox
|-boost|p1a: Delphox|spa|2
|move|p2b: Toxapex|Toxic|p1a: Delphox
|-status|p1a: Delphox|tox
|
|-weather|SunnyDay|[upkeep]
|-heal|p2b: Toxapex|77/100|[from] item: Leftovers
|-damage|p1a: Delphox|94/100 tox|[from] psn
|-damage|p1b: Incineroar|37/100 tox|[from] psn
|upkeep
|turn|8
|
|t:|1782568678
|move|p1a: Delphox|Protect|p1a: Delphox
|-singleturn|p1a: Delphox|Protect
|move|p2a: Hydreigon|Heat Wave|p1a: Delphox|[spread] p1b
|-activate|p1a: Delphox|move: Protect
|-resisted|p1b: Incineroar|1
|-damage|p1b: Incineroar|18/100 tox
|move|p1b: Incineroar|Darkest Lariat|p2a: Hydreigon
|-resisted|p2a: Hydreigon|1
|-damage|p2a: Hydreigon|0 fnt
|faint|p2a: Hydreigon
|move|p2b: Toxapex|Infestation|p1a: Delphox
|-activate|p1a: Delphox|move: Protect
|
|-weather|none
|-heal|p2b: Toxapex|82/100|[from] item: Leftovers
|-damage|p1a: Delphox|82/100 tox|[from] psn
|-damage|p1b: Incineroar|1/100 tox|[from] psn
|upkeep
|turn|9
|
|t:|1782568698
|move|p2b: Toxapex|Baneful Bunker|p2b: Toxapex
|-singleturn|p2b: Toxapex|move: Protect
|move|p1a: Delphox|Psyshock|p2b: Toxapex
|-activate|p2b: Toxapex|move: Protect
|move|p1b: Incineroar|Parting Shot|p2b: Toxapex
|-activate|p2b: Toxapex|move: Protect
|
|-heal|p2b: Toxapex|88/100|[from] item: Leftovers
|-damage|p1a: Delphox|64/100 tox|[from] psn
|-damage|p1b: Incineroar|0 fnt|[from] psn
|faint|p1b: Incineroar
|upkeep
|
|t:|1782568700
|switch|p1b: Sinistcha|Sinistcha, L50|100/100
|-heal|p1a: Delphox|89/100 tox|[from] ability: Hospitality|[of] p1b: Sinistcha
|turn|10
|
|t:|1782568710
|move|p2b: Toxapex|Baneful Bunker||[still]
|-fail|p2b: Toxapex
|move|p1a: Delphox|Psyshock|p2b: Toxapex
|-supereffective|p2b: Toxapex|1
|-damage|p2b: Toxapex|0 fnt
|faint|p2b: Toxapex
|
|win|BenniOVY
|raw|BenniOVY's rating: 1220 → 1243(+23 for winning)
|raw|DINOLONK's rating: 1194 → 1171(-23 for losing)
|l|☆DINOLONK
|player|p2|
|l|☆BenniOVY
|player|p1|
|j|☆BenniOVY
|player|p1|BenniOVY|psychic-gen4|
