|j|☆saboyita
|j|☆redxsteiner
|html|saboyitaredxsteiner    
|uhtml|bestof|Game 2 of a best-of-3
|t:|1756233264
|gametype|doubles
|player|p1|saboyita|grimsley|1136
|player|p2|redxsteiner|n|1214
|gen|9
|tier|[Gen 9] VGC 2025 Reg H (Bo3)
|rated|
|rule|Species Clause: Limit one of each Pokémon
|rule|Item Clause: Limit 1 of each item
|clearpoke
|poke|p1|Amoonguss, L50, M|
|poke|p1|Hydreigon, L50, M|
|poke|p1|Whimsicott, L50, F|
|poke|p1|Maushold-Four, L50|
|poke|p1|Annihilape, L50, F|
|poke|p1|Ursaluna-Bloodmoon, L50, M|
|poke|p2|Sneasler, L50, M|
|poke|p2|Gholdengo, L50|
|poke|p2|Tyranitar, L50, F|
|poke|p2|Incineroar, L50, M|
|poke|p2|Amoonguss, L50, F|
|poke|p2|Rillaboom, L50, M|
|teampreview|4
|showteam|p1|Amoonguss||RockyHelmet|Regenerator|PollenPuff,Spore,RagePowder,Protect|||M|||50|,,,,,Water]Hydreigon||ChoiceSpecs|Levitate|HeatWave,DarkPulse,DragonPulse,DracoMeteor|||M|||50|,,,,,Fire]Whimsicott||CovertCloak|Prankster|Moonblast,HelpingHand,Tailwind,Encore|||F|||50|,,,,,Dark]Maushold-Four||WideLens|Technician|PopulationBomb,Taunt,FollowMe,Protect||||||50|,,,,,Ghost]Annihilape||Leftovers|Defiant|RageFist,DrainPunch,BulkUp,Protect|||F|||50|,,,,,Fire]Ursaluna-Bloodmoon||LifeOrb|MindsEye|HyperVoice,EarthPower,BloodMoon,Protect|||M|||50|,,,,,Water
|showteam|p2|Sneasler||FocusSash|PoisonTouch|DireClaw,CloseCombat,FakeOut,Protect|||M|||50|,,,,,Stellar]Gholdengo||GrassySeed|GoodasGold|MakeItRain,ShadowBall,NastyPlot,Protect||||||50|,,,,,Water]Tyranitar||AssaultVest|SandStream|RockSlide,KnockOff,LowKick,TeraBlast|||F|||50|,,,,,Flying]Incineroar||SafetyGoggles|Intimidate|FlareBlitz,KnockOff,FakeOut,PartingShot|||M|||50|,,,,,Ghost]Amoonguss||SitrusBerry|Regenerator|ClearSmog,PollenPuff,Spore,RagePowder|||F|||50|,,,,,Water]Rillaboom||MiracleSeed|GrassySurge|WoodHammer,GrassyGlide,HighHorsepower,FakeOut|||M|||50|,,,,,Fire
|inactive|Battle timer is ON: inactive players will automatically lose when time's up. (requested by saboyita)
|inactive|redxsteiner also wants the timer to be on.
|inactive|saboyita has 60 seconds left.
|inactive|redxsteiner has 60 seconds left.
|
|t:|1756233307
|teamsize|p1|4
|teamsize|p2|4
|start
|switch|p1a: Hydreigon|Hydreigon, L50, M|100/100
|switch|p1b: Maushold|Maushold-Four, L50|100/100
|switch|p2a: Gholdengo|Gholdengo, L50|100/100
|switch|p2b: Rillaboom|Rillaboom, L50, M|100/100
|-fieldstart|move: Grassy Terrain|[from] ability: Grassy Surge|[of] p2b: Rillaboom
|-enditem|p2a: Gholdengo|Grassy Seed
|-boost|p2a: Gholdengo|def|1|[from] item: Grassy Seed
|turn|1
|inactive|saboyita has 30 seconds left.
|
|t:|1756233339
|-terastallize|p1a: Hydreigon|Fire
|move|p2b: Rillaboom|Fake Out|p1a: Hydreigon
|-damage|p1a: Hydreigon|83/100
|move|p1b: Maushold|Population Bomb|p2b: Rillaboom
|-damage|p2b: Rillaboom|90/100
|-damage|p2b: Rillaboom|79/100
|-damage|p2b: Rillaboom|70/100
|-damage|p2b: Rillaboom|60/100
|-damage|p2b: Rillaboom|50/100
|-damage|p2b: Rillaboom|41/100
|-damage|p2b: Rillaboom|30/100
|-damage|p2b: Rillaboom|19/100
|-damage|p2b: Rillaboom|9/100
|-damage|p2b: Rillaboom|0 fnt
|faint|p2b: Rillaboom
|-hitcount|p2: Rillaboom|10
|cant|p1a: Hydreigon|flinch
|move|p2a: Gholdengo|Nasty Plot|p2a: Gholdengo
|-boost|p2a: Gholdengo|spa|2
|
|upkeep
|inactive|redxsteiner has 30 seconds left.
|
|t:|1756233365
|switch|p2b: Sneasler|Sneasler, L50, M, shiny|100/100
|turn|2
|
|t:|1756233380
|move|p2b: Sneasler|Fake Out|p1a: Hydreigon
|-damage|p1a: Hydreigon|67/100
|move|p1b: Maushold|Population Bomb|p2b: Sneasler
|-damage|p2b: Sneasler|81/100
|-damage|p2b: Sneasler|61/100
|-damage|p2b: Sneasler|43/100
|-damage|p2b: Sneasler|24/100
|-damage|p2b: Sneasler|6/100
|-damage|p2b: Sneasler|0 fnt
|faint|p2b: Sneasler
|-hitcount|p2: Sneasler|6
|cant|p1a: Hydreigon|flinch
|move|p2a: Gholdengo|Shadow Ball|p1a: Hydreigon
|-damage|p1a: Hydreigon|0 fnt
|faint|p1a: Hydreigon
|
|upkeep
|
|t:|1756233396
|switch|p2b: Amoonguss|Amoonguss, L50, F, shiny|100/100
|switch|p1a: Annihilape|Annihilape, L50, F|100/100
|turn|3
|
|t:|1756233414
|move|p1a: Annihilape|Protect|p1a: Annihilape
|-singleturn|p1a: Annihilape|Protect
|move|p1b: Maushold|Taunt|p2b: Amoonguss
|-start|p2b: Amoonguss|move: Taunt
|move|p2a: Gholdengo|Nasty Plot|p2a: Gholdengo
|-boost|p2a: Gholdengo|spa|2
|cant|p2b: Amoonguss|move: Taunt|Spore
|
|upkeep
|turn|4
|
|t:|1756233434
|move|p1b: Maushold|Population Bomb|p2b: Amoonguss
|-damage|p2b: Amoonguss|90/100
|-damage|p2b: Amoonguss|79/100
|-damage|p2b: Amoonguss|67/100
|-damage|p2b: Amoonguss|56/100
|-damage|p2b: Amoonguss|45/100
|-enditem|p2b: Amoonguss|Sitrus Berry|[eat]
|-heal|p2b: Amoonguss|70/100|[from] item: Sitrus Berry
|-damage|p2b: Amoonguss|60/100
|-damage|p2b: Amoonguss|48/100
|-damage|p2b: Amoonguss|36/100
|-damage|p2b: Amoonguss|25/100
|-damage|p2b: Amoonguss|15/100
|-hitcount|p2b: Amoonguss|10
|move|p2a: Gholdengo|Make It Rain|p1a: Annihilape|[spread] p1a,p1b
|-crit|p1b: Maushold
|-damage|p1a: Annihilape|0 fnt
|-damage|p1b: Maushold|0 fnt
|-unboost|p2a: Gholdengo|spa|1
|faint|p1a: Annihilape
|faint|p1b: Maushold
|move|p2b: Amoonguss|Pollen Puff|p2a: Gholdengo
|
|-heal|p2b: Amoonguss|20/100|[from] Grassy Terrain
|upkeep
|
|t:|1756233453
|switch|p1b: Whimsicott|Whimsicott, L50, F|100/100
|turn|5
|
|t:|1756233465
|move|p1b: Whimsicott|Moonblast|p2b: Amoonguss
|-resisted|p2b: Amoonguss
|-damage|p2b: Amoonguss|7/100
|move|p2a: Gholdengo|Shadow Ball|p1b: Whimsicott
|-damage|p1b: Whimsicott|0 fnt
|faint|p1b: Whimsicott
|
|win|redxsteiner
|raw|saboyita's rating: 1136 → 1117(-19 for losing)
|raw|redxsteiner's rating: 1214 → 1233(+19 for winning)
|l|☆redxsteiner
|player|p2|
