|j|☆baichede
|j|☆moicito
|html|baichedemoicito    
|uhtml|bestof|Game 2 of a best-of-3
|t:|1756955008
|gametype|doubles
|player|p1|baichede|cyclistf|1138
|player|p2|moicito|caitlin|1101
|gen|9
|tier|[Gen 9] VGC 2025 Reg H (Bo3)
|rated|
|rule|Species Clause: Limit one of each Pokémon
|rule|Item Clause: Limit 1 of each item
|clearpoke
|poke|p1|Whimsicott, L50, F|
|poke|p1|Pelipper, L50, M|
|poke|p1|Archaludon, L50, F|
|poke|p1|Incineroar, L50, M|
|poke|p1|Sneasler, L50, F|
|poke|p1|Ursaluna-Bloodmoon, L50, M|
|poke|p2|Kingambit, L50, F|
|poke|p2|Rillaboom, L50, F|
|poke|p2|Magmar, L50, F|
|poke|p2|Primarina, L50, F|
|poke|p2|Sneasler, L50, M|
|poke|p2|Dragapult, L50, F|
|teampreview|4
|showteam|p1|Whimsicott||CovertCloak|Prankster|BeatUp,Tailwind,Taunt,Encore|||F|||50|,,,,,Dark]Pelipper||FocusSash|Drizzle|Tailwind,Protect,Hurricane,WeatherBall|||M|||50|,,,,,Ground]Archaludon||AssaultVest|Stamina|ElectroShot,FlashCannon,BodyPress,DracoMeteor|||F|||50|,,,,,Grass]Incineroar||SafetyGoggles|Intimidate|WillOWisp,PartingShot,FakeOut,KnockOff|||M|||50|,,,,,Bug]Sneasler||WhiteHerb|Unburden|DireClaw,CloseCombat,FakeOut,Protect|||F|||50|,,,,,Stellar]Ursaluna-Bloodmoon||ThroatSpray|MindsEye|EarthPower,BloodMoon,HyperVoice,Protect|||M|||50|,,,,,Normal
|showteam|p2|Kingambit||BlackGlasses|Defiant|Protect,KowtowCleave,SuckerPunch,SwordsDance|||F|||50|,,,,,Ghost]Rillaboom||AssaultVest|GrassySurge|WoodHammer,GrassyGlide,HighHorsepower,FakeOut|||F|||50|,,,,,Fire]Magmar||Eviolite|VitalSpirit|Overheat,WillOWisp,FollowMe,Protect|||F|||50|,,,,,Ghost]Primarina||SitrusBerry|LiquidVoice|HyperVoice,Moonblast,Haze,Protect|||F|||50|,,,,,Water]Sneasler||FocusSash|PoisonTouch|CloseCombat,DireClaw,Coaching,FakeOut|||M|||50|,,,,,Stellar]Dragapult||ChoiceBand|ClearBody|DragonDarts,TeraBlast,PhantomForce,Uturn|||F|||50|,,,,,Steel
|inactive|Battle timer is ON: inactive players will automatically lose when time's up. (requested by baichede)
|inactive|moicito has 60 seconds left.
|
|t:|1756955060
|teamsize|p1|4
|teamsize|p2|4
|start
|switch|p1a: Whimsicott|Whimsicott, L50, F|100/100
|switch|p1b: Ursaluna|Ursaluna-Bloodmoon, L50, M|100/100
|switch|p2a: Dragapult|Dragapult, L50, F|100/100
|switch|p2b: Snisli|Sneasler, L50, M|100/100
|turn|1
|inactive|baichede has 30 seconds left.
|inactive|moicito has 30 seconds left.
|
|t:|1756955086
|move|p1a: Whimsicott|Tailwind|p1a: Whimsicott
|-sidestart|p1: baichede|move: Tailwind
|move|p2a: Dragapult|Dragon Darts|p1b: Ursaluna
|-damage|p1b: Ursaluna|68/100
|-anim|p2a: Dragapult|Dragon Darts|p1b: Ursaluna
|-damage|p1b: Ursaluna|38/100
|move|p1b: Ursaluna|Hyper Voice|p2b: Snisli|[spread] p2a,p2b
|-damage|p2a: Dragapult|47/100
|-damage|p2b: Snisli|52/100
|-enditem|p1b: Ursaluna|Throat Spray
|-boost|p1b: Ursaluna|spa|1|[from] item: Throat Spray
|move|p2b: Snisli|Dire Claw|p1a: Whimsicott
|-supereffective|p1a: Whimsicott
|-crit|p1a: Whimsicott
|-damage|p1a: Whimsicott|0 fnt
|faint|p1a: Whimsicott
|
|upkeep
|
|t:|1756955104
|switch|p1a: Pelipper|Pelipper, L50, M|100/100
|-weather|RainDance|[from] ability: Drizzle|[of] p1a: Pelipper
|turn|2
|
|t:|1756955128
|switch|p1a: Archaludon|Archaludon, L50, F|100/100
|move|p2a: Dragapult|Dragon Darts|p1b: Ursaluna
|-damage|p1b: Ursaluna|6/100
|-anim|p2a: Dragapult|Dragon Darts|p1a: Archaludon
|-damage|p1a: Archaludon|71/100
|-ability|p1a: Archaludon|Stamina|boost
|-boost|p1a: Archaludon|def|1
|move|p1b: Ursaluna|Hyper Voice|p2a: Dragapult|[spread] p2a,p2b
|-damage|p2a: Dragapult|0 fnt
|-damage|p2b: Snisli|0 fnt
|faint|p2a: Dragapult
|faint|p2b: Snisli
|
|-weather|RainDance|[upkeep]
|upkeep
|
|t:|1756955142
|switch|p2a: Magmar|Magmar, L50, F|100/100
|switch|p2b: Primarina|Primarina, L50, F|100/100
|turn|3
|inactive|moicito has 30 seconds left.
|
|t:|1756955171
|move|p2a: Magmar|Follow Me|p2a: Magmar
|-singleturn|p2a: Magmar|move: Follow Me
|move|p1a: Archaludon|Electro Shot||[still]
|-prepare|p1a: Archaludon|Electro Shot
|-boost|p1a: Archaludon|spa|1
|-anim|p1a: Archaludon|Electro Shot|p2a: Magmar
|-crit|p2a: Magmar
|-damage|p2a: Magmar|23/100
|move|p1b: Ursaluna|Earth Power|p2a: Magmar
|-supereffective|p2a: Magmar
|-damage|p2a: Magmar|0 fnt
|faint|p2a: Magmar
|move|p2b: Primarina|Haze|p2b: Primarina
|-clearallboost
|
|-weather|RainDance|[upkeep]
|upkeep
|turn|4
|
|t:|1756955189
|move|p2b: Primarina|Protect|p2b: Primarina
|-singleturn|p2b: Primarina|Protect
|move|p1a: Archaludon|Electro Shot||[still]
|-prepare|p1a: Archaludon|Electro Shot
|-boost|p1a: Archaludon|spa|1
|-anim|p1a: Archaludon|Electro Shot|p2b: Primarina
|-activate|p2b: Primarina|move: Protect
|move|p1b: Ursaluna|Blood Moon|p2b: Primarina
|-activate|p2b: Primarina|move: Protect
|
|-weather|RainDance|[upkeep]
|-sideend|p1: baichede|move: Tailwind
|upkeep
|turn|5
|inactive|moicito has 30 seconds left.
|
|t:|1756955218
|switch|p1b: Pelipper|Pelipper, L50, M|100/100
|-terastallize|p2b: Primarina|Water
|move|p1a: Archaludon|Electro Shot||[still]
|-prepare|p1a: Archaludon|Electro Shot
|-boost|p1a: Archaludon|spa|1
|-anim|p1a: Archaludon|Electro Shot|p2b: Primarina
|-supereffective|p2b: Primarina
|-damage|p2b: Primarina|0 fnt
|faint|p2b: Primarina
|
|win|baichede
||moicito is ready for game 3.
|inactive|baichede has 30 seconds to confirm battle start!
||baichede is ready for game 3.
|uhtml|next|Next: Game 3 of 3
