|j|☆ZeGaboVGC
|j|☆C.Num8
|html|ZeGaboVGCC.Num8    
|uhtml|bestof|Game 3 of a best-of-3
|t:|1757088514
|gametype|doubles
|player|p1|ZeGaboVGC|benga|1185
|player|p2|C.Num8|shadowtriad|1249
|gen|9
|tier|[Gen 9] VGC 2025 Reg H (Bo3)
|rated|
|rule|Species Clause: Limit one of each Pokémon
|rule|Item Clause: Limit 1 of each item
|clearpoke
|poke|p1|Incineroar, L50, F|
|poke|p1|Amoonguss, L50, M|
|poke|p1|Ursaluna-Bloodmoon, L50, M|
|poke|p1|Sneasler, L50, F|
|poke|p1|Gholdengo, L50|
|poke|p1|Dragonite, L50, F|
|poke|p2|Archaludon, L50, F|
|poke|p2|Pelipper, L50, M|
|poke|p2|Basculegion, L50, M|
|poke|p2|Amoonguss, L50, F|
|poke|p2|Gholdengo, L50|
|poke|p2|Annihilape, L50, M|
|teampreview|4
|showteam|p1|Incineroar||SafetyGoggles|Intimidate|FlareBlitz,KnockOff,PartingShot,FakeOut|||F|||50|,,,,,Ghost]Amoonguss||SitrusBerry|Regenerator|Spore,RagePowder,PollenPuff,Protect|||M|||50|,,,,,Dark]Ursaluna-Bloodmoon||AssaultVest|MindsEye|HyperVoice,BloodMoon,EarthPower,VacuumWave|||M|||50|,,,,,Water]Sneasler||FocusSash|Unburden|CloseCombat,DireClaw,ThroatChop,Protect|||F|||50|,,,,,Stellar]Gholdengo||LifeOrb|GoodasGold|MakeItRain,ShadowBall,NastyPlot,Protect||||||50|,,,,,Water]Dragonite||LoadedDice|Multiscale|ScaleShot,Tailwind,Haze,Protect|||F|||50|,,,,,Fairy
|showteam|p2|Archaludon||AssaultVest|Stamina|ElectroShot,DragonPulse,BodyPress,Snarl|||F|||50|,,,,,Bug]Pelipper||FocusSash|Drizzle|WeatherBall,Hurricane,Tailwind,Protect|||M|||50|,,,,,Ghost]Basculegion||ChoiceBand|SwiftSwim|WaveCrash,AquaJet,LastRespects,FlipTurn|||M|||50|,,,,,Water]Amoonguss||SitrusBerry|Regenerator|RagePowder,Spore,PollenPuff,Protect|||F|||50|,,,,,Fairy]Gholdengo||LifeOrb|GoodasGold|MakeItRain,ShadowBall,NastyPlot,Protect||||||50|,,,,,Water]Annihilape||SafetyGoggles|Defiant|CloseCombat,RageFist,Taunt,FinalGambit|||M|||50|,,,,,Fire
|inactive|Battle timer is ON: inactive players will automatically lose when time's up. (requested by ZeGaboVGC)
|inactive|C.Num8 has 60 seconds left.
|
|t:|1757088563
|teamsize|p1|4
|teamsize|p2|4
|start
|switch|p1a: Dragonite|Dragonite, L50, F|100/100
|switch|p1b: Amoonguss|Amoonguss, L50, M|100/100
|switch|p2a: Annihilape|Annihilape, L50, M|100/100
|switch|p2b: Amoonguss|Amoonguss, L50, F|100/100
|turn|1
|
|t:|1757088587
|move|p2a: Annihilape|Final Gambit|p1b: Amoonguss
|-damage|p1b: Amoonguss|5/100
|-enditem|p1b: Amoonguss|Sitrus Berry|[eat]
|-heal|p1b: Amoonguss|30/100|[from] item: Sitrus Berry
|faint|p2a: Annihilape
|move|p1a: Dragonite|Scale Shot|p2b: Amoonguss
|-crit|p2b: Amoonguss
|-damage|p2b: Amoonguss|83/100
|-damage|p2b: Amoonguss|72/100
|-damage|p2b: Amoonguss|59/100
|-damage|p2b: Amoonguss|47/100
|-enditem|p2b: Amoonguss|Sitrus Berry|[eat]
|-heal|p2b: Amoonguss|72/100|[from] item: Sitrus Berry
|-damage|p2b: Amoonguss|59/100
|-hitcount|p2b: Amoonguss|5
|-unboost|p1a: Dragonite|def|1
|-boost|p1a: Dragonite|spe|1
|move|p1b: Amoonguss|Pollen Puff|p1a: Dragonite
|move|p2b: Amoonguss|Spore|p1a: Dragonite
|-status|p1a: Dragonite|slp|[from] move: Spore
|
|upkeep
|
|t:|1757088603
|switch|p2a: Pelipper|Pelipper, L50, M|100/100
|-weather|RainDance|[from] ability: Drizzle|[of] p2a: Pelipper
|turn|2
|
|t:|1757088614
|switch|p1b: Gholdengo|Gholdengo, L50|100/100
|switch|p2b: Basculegion|Basculegion, L50, M|100/100
|cant|p1a: Dragonite|slp
|move|p2a: Pelipper|Hurricane|p1b: Gholdengo
|-resisted|p1b: Gholdengo
|-damage|p1b: Gholdengo|77/100
|-start|p1b: Gholdengo|confusion
|
|-weather|RainDance|[upkeep]
|upkeep
|turn|3
|
|t:|1757088630
|-terastallize|p1b: Gholdengo|Water
|move|p2b: Basculegion|Last Respects|p1b: Gholdengo
|-damage|p1b: Gholdengo|2/100
|-curestatus|p1a: Dragonite|slp|[msg]
|move|p1a: Dragonite|Scale Shot|p2a: Pelipper
|-damage|p2a: Pelipper|80/100
|-damage|p2a: Pelipper|60/100
|-damage|p2a: Pelipper|39/100
|-damage|p2a: Pelipper|21/100
|-damage|p2a: Pelipper|1/100
|-hitcount|p2a: Pelipper|5
|-unboost|p1a: Dragonite|def|1
|-boost|p1a: Dragonite|spe|1
|-activate|p1b: Gholdengo|confusion
|move|p1b: Gholdengo|Shadow Ball|p2b: Basculegion
|-supereffective|p2b: Basculegion
|-crit|p2b: Basculegion
|-damage|p2b: Basculegion|0 fnt
|faint|p2b: Basculegion
|-damage|p1b: Gholdengo|0 fnt|[from] item: Life Orb
|faint|p1b: Gholdengo
|move|p2a: Pelipper|Hurricane|p1a: Dragonite
|-damage|p1a: Dragonite|75/100
|-start|p1a: Dragonite|confusion
|
|-weather|RainDance|[upkeep]
|upkeep
|
|t:|1757088647
|switch|p1b: Amoonguss|Amoonguss, L50, M|63/100
|switch|p2b: Amoonguss|Amoonguss, L50, F|92/100
|turn|4
|inactive|C.Num8 has 30 seconds left.
|inactive|ZeGaboVGC has 30 seconds left.
|inactive|C.Num8 has 20 seconds left.
|
|t:|1757088690
|switch|p1a: Sneasler|Sneasler, L50, F|100/100
|move|p1b: Amoonguss|Protect|p1b: Amoonguss
|-singleturn|p1b: Amoonguss|Protect
|move|p2b: Amoonguss|Rage Powder|p2b: Amoonguss
|-singleturn|p2b: Amoonguss|move: Rage Powder
|move|p2a: Pelipper|Hurricane|p1b: Amoonguss
|-activate|p1b: Amoonguss|move: Protect
|
|-weather|RainDance|[upkeep]
|upkeep
|turn|5
|
|t:|1757088713
|move|p2b: Amoonguss|Rage Powder|p2b: Amoonguss
|-singleturn|p2b: Amoonguss|move: Rage Powder
|move|p1a: Sneasler|Dire Claw|p2b: Amoonguss
|-damage|p2b: Amoonguss|60/100
|move|p2a: Pelipper|Hurricane|p1b: Amoonguss
|-supereffective|p1b: Amoonguss
|-damage|p1b: Amoonguss|0 fnt
|faint|p1b: Amoonguss
|
|-weather|RainDance|[upkeep]
|upkeep
|
|t:|1757088718
|switch|p1b: Dragonite|Dragonite, L50, F|75/100
|turn|6
|inactive|C.Num8 has 30 seconds left.
|
|t:|1757088751
|move|p2a: Pelipper|Protect|p2a: Pelipper
|-singleturn|p2a: Pelipper|Protect
|move|p1a: Sneasler|Dire Claw|p2b: Amoonguss
|-damage|p2b: Amoonguss|26/100
|move|p1b: Dragonite|Scale Shot|p2a: Pelipper
|-activate|p2a: Pelipper|move: Protect
|move|p2b: Amoonguss|Spore|p1a: Sneasler
|-status|p1a: Sneasler|slp|[from] move: Spore
|
|-weather|none
|upkeep
|turn|7
|
|t:|1757088767
|-terastallize|p2b: Amoonguss|Fairy
|move|p2b: Amoonguss|Rage Powder|p2b: Amoonguss
|-singleturn|p2b: Amoonguss|move: Rage Powder
|cant|p1a: Sneasler|slp
|move|p1b: Dragonite|Scale Shot|p2b: Amoonguss
|-immune|p2b: Amoonguss
|move|p2a: Pelipper|Hurricane|p1a: Sneasler
|-supereffective|p1a: Sneasler
|-enditem|p1a: Sneasler|Focus Sash
|-damage|p1a: Sneasler|1/100 slp
|
|upkeep
|turn|8
|
|t:|1757088779
|move|p2b: Amoonguss|Rage Powder|p2b: Amoonguss
|-singleturn|p2b: Amoonguss|move: Rage Powder
|-curestatus|p1a: Sneasler|slp|[msg]
|move|p1a: Sneasler|Dire Claw|p2b: Amoonguss
|-supereffective|p2b: Amoonguss
|-damage|p2b: Amoonguss|0 fnt
|faint|p2b: Amoonguss
|move|p1b: Dragonite|Scale Shot|p2a: Pelipper
|-damage|p2a: Pelipper|0 fnt
|faint|p2a: Pelipper
|-hitcount|p2: Pelipper|1
|
|win|ZeGaboVGC
|raw|ZeGaboVGC's rating: 1185 → 1215(+30 for winning)
|raw|C.Num8's rating: 1249 → 1219(-30 for losing)
