|j|☆Goddamnthesun_VGC
|j|☆endk649
|html|Goddamnthesun_VGCendk649    
|uhtml|bestof|Game 1 of a best-of-3
|t:|1756985306
|gametype|doubles
|player|p1|Goddamnthesun_VGC|fisherman-gen4|1087
|player|p2|endk649|gambler|1099
|gen|9
|tier|[Gen 9] VGC 2025 Reg H (Bo3)
|rated|
|rule|Species Clause: Limit one of each Pokémon
|rule|Item Clause: Limit 1 of each item
|clearpoke
|poke|p1|Ninetales-Alola, L50, F|
|poke|p1|Garchomp, L50, F|
|poke|p1|Kingambit, L50, F|
|poke|p1|Rillaboom, L50, M|
|poke|p1|Annihilape, L50, F|
|poke|p1|Volcarona, L50, F|
|poke|p2|Feraligatr, L50, M|
|poke|p2|Kommo-o, L50, M|
|poke|p2|Politoed, L50, F|
|poke|p2|Rillaboom, L50, M|
|poke|p2|Incineroar, L50, M|
|poke|p2|Amoonguss, L50, M|
|teampreview|4
|showteam|p1|Ninetales-Alola||LoadedDice|SnowWarning|AuroraVeil,Encore,IcicleSpear,Howl|||F|||50|,,,,,Ghost]Garchomp||LifeOrb|RoughSkin|Earthquake,StompingTantrum,DragonClaw,Protect|||F|||50|,,,,,Steel]Kingambit||BlackGlasses|Defiant|KowtowCleave,SuckerPunch,SwordsDance,Protect|||F|||50|,,,,,Dark]Rillaboom||AssaultVest|GrassySurge|WoodHammer,GrassyGlide,HighHorsepower,FakeOut|||M|||50|,,,,,Fire]Annihilape||SafetyGoggles|Defiant|RageFist,CloseCombat,Coaching,FinalGambit|||F|||50|,,,,,Steel]Volcarona||GrassySeed|FlameBody|HeatWave,GigaDrain,QuiverDance,RagePowder|||F|||50|,,,,,Grass
|showteam|p2|Feraligatr||LifeOrb|SheerForce|Liquidation,Crunch,DragonDance,Protect|||M|||50|,,,,,Dark]Kommo-o||ThroatSpray|Bulletproof|ClangingScales,AuraSphere,ClangorousSoul,Protect|||M|||50|,,,,,Fairy]Politoed||SitrusBerry|Drizzle|WeatherBall,IcyWind,Haze,Protect|||F|||50|,,,,,Grass]Rillaboom||AssaultVest|GrassySurge|WoodHammer,GrassyGlide,FakeOut,Uturn|||M|||50|,,,,,Fire]Incineroar||SafetyGoggles|Intimidate|KnockOff,FakeOut,Taunt,PartingShot|||M|||50|,,,,,Ghost]Amoonguss||CovertCloak|Regenerator|PollenPuff,Spore,RagePowder,Protect|||M|||50|,,,,,Water
|inactive|Battle timer is ON: inactive players will automatically lose when time's up. (requested by endk649)
|
|t:|1756985349
|teamsize|p1|4
|teamsize|p2|4
|start
|switch|p1a: Ninetales|Ninetales-Alola, L50, F|100/100
|switch|p1b: Annihilape|Annihilape, L50, F|100/100
|switch|p2a: Kommo-o|Kommo-o, L50, M|100/100
|switch|p2b: Rillaboom|Rillaboom, L50, M, shiny|100/100
|-weather|Snowscape|[from] ability: Snow Warning|[of] p1a: Ninetales
|-fieldstart|move: Grassy Terrain|[from] ability: Grassy Surge|[of] p2b: Rillaboom
|turn|1
|inactive|Goddamnthesun_VGC has 30 seconds left.
|inactive|endk649 has 30 seconds left.
|inactive|Goddamnthesun_VGC has 20 seconds left.
|
|t:|1756985385
|switch|p2a: Politoed|Politoed, L50, F|100/100
|-weather|RainDance|[from] ability: Drizzle|[of] p2a: Politoed
|move|p1a: Ninetales|Icicle Spear|p1b: Annihilape
|-damage|p1b: Annihilape|94/100
|-damage|p1b: Annihilape|87/100
|-damage|p1b: Annihilape|80/100
|-damage|p1b: Annihilape|72/100
|-hitcount|p1b: Annihilape|4
|move|p1b: Annihilape|Rage Fist|p2a: Politoed
|-damage|p2a: Politoed|0 fnt
|faint|p2a: Politoed
|move|p2b: Rillaboom|Wood Hammer|p1b: Annihilape
|-damage|p1b: Annihilape|0 fnt
|faint|p1b: Annihilape
|-damage|p2b: Rillaboom|77/100|[from] Recoil
|
|-weather|RainDance|[upkeep]
|-heal|p2b: Rillaboom|83/100|[from] Grassy Terrain
|upkeep
|
|t:|1756985408
|switch|p1b: Rillaboom|Rillaboom, L50, M|100/100
|switch|p2a: Kommo-o|Kommo-o, L50, M|100/100
|turn|2
|inactive|Goddamnthesun_VGC has 30 seconds left.
|
|t:|1756985439
|switch|p1a: Volcarona|Volcarona, L50, F|100/100
|-enditem|p1a: Volcarona|Grassy Seed
|-boost|p1a: Volcarona|def|1|[from] item: Grassy Seed
|move|p2a: Kommo-o|Protect|p2a: Kommo-o
|-singleturn|p2a: Kommo-o|Protect
|move|p1b: Rillaboom|Fake Out|p2a: Kommo-o
|-activate|p2a: Kommo-o|move: Protect
|move|p2b: Rillaboom|U-turn|p1b: Rillaboom
|-supereffective|p1b: Rillaboom
|-damage|p1b: Rillaboom|56/100
|
|t:|1756985447
|switch|p2b: Amoonguss|Amoonguss, L50, M|100/100|[from] U-turn
|
|-weather|RainDance|[upkeep]
|-heal|p1b: Rillaboom|62/100|[from] Grassy Terrain
|upkeep
|turn|3
|
|t:|1756985469
|switch|p1b: Ninetales|Ninetales-Alola, L50, F|100/100
|-weather|Snowscape|[from] ability: Snow Warning|[of] p1b: Ninetales
|-terastallize|p1a: Volcarona|Grass
|move|p1a: Volcarona|Quiver Dance|p1a: Volcarona
|-boost|p1a: Volcarona|spa|1
|-boost|p1a: Volcarona|spd|1
|-boost|p1a: Volcarona|spe|1
|move|p2a: Kommo-o|Clangorous Soul|p2a: Kommo-o
|-boost|p2a: Kommo-o|atk|1
|-boost|p2a: Kommo-o|def|1
|-boost|p2a: Kommo-o|spa|1
|-boost|p2a: Kommo-o|spd|1
|-boost|p2a: Kommo-o|spe|1
|-damage|p2a: Kommo-o|68/100
|-enditem|p2a: Kommo-o|Throat Spray
|-boost|p2a: Kommo-o|spa|1|[from] item: Throat Spray
|move|p2b: Amoonguss|Pollen Puff|p2a: Kommo-o
|-immune|p2a: Kommo-o|[from] ability: Bulletproof
|
|-weather|Snowscape|[upkeep]
|-heal|p2a: Kommo-o|74/100|[from] Grassy Terrain
|upkeep
|turn|4
|inactive|Goddamnthesun_VGC has 30 seconds left.
|inactive|endk649 has 30 seconds left.
|inactive|Goddamnthesun_VGC has 20 seconds left.
|inactive|endk649 has 20 seconds left.
|inactive|Goddamnthesun_VGC has 15 seconds left.
|inactive|endk649 has 15 seconds left.
|
|t:|1756985513
|move|p2b: Amoonguss|Rage Powder|p2b: Amoonguss
|-singleturn|p2b: Amoonguss|move: Rage Powder
|move|p1a: Volcarona|Quiver Dance|p1a: Volcarona
|-boost|p1a: Volcarona|spa|1
|-boost|p1a: Volcarona|spd|1
|-boost|p1a: Volcarona|spe|1
|move|p2a: Kommo-o|Aura Sphere|p1b: Ninetales
|-crit|p1b: Ninetales
|-damage|p1b: Ninetales|0 fnt
|faint|p1b: Ninetales
|
|-weather|Snowscape|[upkeep]
|-heal|p2a: Kommo-o|80/100|[from] Grassy Terrain
|upkeep
|l|☆Goddamnthesun_VGC
|inactive|Goddamnthesun_VGC disconnected and has a minute to reconnect!
|player|p1|
|inactive|Goddamnthesun_VGC has 30 seconds left.
|j|☆Goddamnthesun_VGC
|inactive|Goddamnthesun_VGC reconnected and has 25 seconds left.
|player|p1|Goddamnthesun_VGC|fisherman-gen4|
|inactive|Goddamnthesun_VGC has 20 seconds left.
|
|t:|1756985549
|switch|p1b: Rillaboom|Rillaboom, L50, M|62/100
|turn|5
|
|t:|1756985568
|move|p2a: Kommo-o|Protect|p2a: Kommo-o
|-singleturn|p2a: Kommo-o|Protect
|move|p1b: Rillaboom|Fake Out|p2a: Kommo-o
|-activate|p2a: Kommo-o|move: Protect
|move|p1a: Volcarona|Quiver Dance|p1a: Volcarona
|-boost|p1a: Volcarona|spa|1
|-boost|p1a: Volcarona|spd|1
|-boost|p1a: Volcarona|spe|1
|move|p2b: Amoonguss|Pollen Puff|p1a: Volcarona
|-supereffective|p1a: Volcarona
|-damage|p1a: Volcarona|88/100
|
|-weather|Snowscape|[upkeep]
|-heal|p1a: Volcarona|94/100|[from] Grassy Terrain
|-heal|p2a: Kommo-o|87/100|[from] Grassy Terrain
|-heal|p1b: Rillaboom|68/100|[from] Grassy Terrain
|-fieldend|move: Grassy Terrain
|upkeep
|turn|6
|
|t:|1756985593
|move|p1a: Volcarona|Heat Wave|p2b: Amoonguss|[spread] p2a,p2b
|-resisted|p2a: Kommo-o
|-supereffective|p2b: Amoonguss
|-damage|p2a: Kommo-o|52/100
|-damage|p2b: Amoonguss|0 fnt
|-status|p2a: Kommo-o|brn
|faint|p2b: Amoonguss
|move|p2a: Kommo-o|Clanging Scales|p1b: Rillaboom|[spread] p1a,p1b
|-damage|p1a: Volcarona|68/100
|-damage|p1b: Rillaboom|14/100
|-unboost|p2a: Kommo-o|def|1
|move|p1b: Rillaboom|Wood Hammer|p2a: Kommo-o
|-resisted|p2a: Kommo-o
|-damage|p2a: Kommo-o|21/100 brn
|-damage|p1b: Rillaboom|5/100|[from] Recoil
|
|-weather|Snowscape|[upkeep]
|-damage|p2a: Kommo-o|15/100 brn|[from] brn
|upkeep
|
|t:|1756985595
|switch|p2b: Rillaboom|Rillaboom, L50, M, shiny|83/100
|-fieldstart|move: Grassy Terrain|[from] ability: Grassy Surge|[of] p2b: Rillaboom
|turn|7
|inactive|Goddamnthesun_VGC has 30 seconds left.
|
|t:|1756985626
|move|p2b: Rillaboom|Fake Out|p1a: Volcarona
|-damage|p1a: Volcarona|56/100
|-status|p2b: Rillaboom|brn|[from] ability: Flame Body|[of] p1a: Volcarona
|move|p1b: Rillaboom|Grassy Glide|p2a: Kommo-o
|-resisted|p2a: Kommo-o
|-damage|p2a: Kommo-o|0 fnt
|faint|p2a: Kommo-o
|cant|p1a: Volcarona|flinch
|
|-weather|none
|-heal|p1a: Volcarona|62/100|[from] Grassy Terrain
|-heal|p1b: Rillaboom|11/100|[from] Grassy Terrain
|-heal|p2b: Rillaboom|88/100 brn|[from] Grassy Terrain
|-damage|p2b: Rillaboom|83/100 brn|[from] brn
|upkeep
|turn|8
|-message|endk649 forfeited.
|
|win|Goddamnthesun_VGC
||endk649 is ready for game 2.
||Goddamnthesun_VGC is ready for game 2.
|uhtml|next|Next: Game 2 of 3
