|j|☆lolgz
|j|☆Pointee
|html|lolgzPointee    
|uhtml|bestof|Game 2 of a best-of-3
|t:|1782515683
|gametype|doubles
|player|p1|lolgz|dawn|1286
|player|p2|Pointee|265|1164
|gen|9
|tier|[Gen 9 Champions] VGC 2026 Reg M-B (Bo3)
|rated|
|rule|Species Clause: Limit one of each Pokémon
|rule|Item Clause: Limit 1 of each item
|clearpoke
|poke|p1|Torkoal, L50, F|
|poke|p1|Vileplume, L50, F|
|poke|p1|Farigiraf, L50, F|
|poke|p1|Scrafty, L50, F|
|poke|p1|Gallade, L50, M|
|poke|p1|Mawile, L50, F|
|poke|p2|Metagross, L50, shiny|
|poke|p2|Venusaur, L50, F|
|poke|p2|Incineroar, L50, M|
|poke|p2|Ceruledge, L50, M|
|poke|p2|Ninetales-Alola, L50, M|
|poke|p2|Milotic, L50, M|
|teampreview|4
|showteam|p1|Torkoal||Charcoal|Drought|Eruption,WeatherBall,EarthPower,Protect|Quiet||F|||50|]Vileplume||FocusSash|Chlorophyll|EnergyBall,SludgeBomb,SleepPowder,AfterYou|Timid||F|||50|]Farigiraf||SitrusBerry|ArmorTail|TrickRoom,Thunderbolt,Psychic,HelpingHand|Relaxed||F|||50|]Scrafty||Scraftinite|Intimidate|FakeOut,CloseCombat,KnockOff,RockTomb|Brave||F|||50|]Gallade||IronBall|Sharpness|SacredSword,PsychoCut,WideGuard,TrickRoom|Brave||M|||50|]Mawile||Mawilite|HyperCutter|SuckerPunch,PlayRough,SwordsDance,Protect|Brave||F|||50|
|showteam|p2|Metagross||Metagrossite|ClearBody|PsychicFangs,IronHead,StompingTantrum,Protect|Jolly|||||50|]Venusaur||Venusaurite|Overgrow|GigaDrain,SludgeBomb,Protect,EarthPower|Bold||F|||50|]Incineroar||ChopleBerry|Intimidate|FakeOut,FlareBlitz,PartingShot,DarkestLariat|Adamant||M|||50|]Ceruledge||LifeOrb|FlashFire|BulkUp,BitterBlade,ShadowSneak,Protect|Adamant||M|||50|]Ninetales-Alola||LightClay|SnowWarning|Blizzard,AuroraVeil,Moonblast,Encore|Timid||M|||50|]Milotic||SitrusBerry|Competitive|Coil,Hypnosis,MuddyWater,Protect|Calm||M|||50|
|inactive|Battle timer is ON: inactive players will automatically lose when time's up. (requested by lolgz)
|inactive|lolgz has 60 seconds left.
|inactive|Pointee has 60 seconds left.
|
|t:|1782515725
|teamsize|p1|4
|teamsize|p2|4
|start
|switch|p1a: Farigiraf|Farigiraf, L50, F|100/100
|switch|p1b: Gallade|Gallade, L50, M|100/100
|switch|p2a: Ceruledge|Ceruledge, L50, M|100/100
|switch|p2b: Ninetales|Ninetales-Alola, L50, M|100/100
|-weather|Snowscape|[from] ability: Snow Warning|[of] p2b: Ninetales
|turn|1
|
|t:|1782515734
|move|p2b: Ninetales|Aurora Veil|p2b: Ninetales
|-sidestart|p2: Pointee|move: Aurora Veil
|move|p2a: Ceruledge|Bulk Up|p2a: Ceruledge
|-boost|p2a: Ceruledge|atk|1
|-boost|p2a: Ceruledge|def|1
|move|p1b: Gallade|Psycho Cut|p2a: Ceruledge
|-damage|p2a: Ceruledge|71/100
|move|p1a: Farigiraf|Trick Room|p1a: Farigiraf
|-fieldstart|move: Trick Room|[of] p1a: Farigiraf
|
|-weather|Snowscape|[upkeep]
|upkeep
|turn|2
|
|t:|1782515745
|move|p1b: Gallade|Psycho Cut|p2a: Ceruledge
|-crit|p2a: Ceruledge
|-damage|p2a: Ceruledge|0 fnt
|faint|p2a: Ceruledge
|move|p1a: Farigiraf|Psychic|p2b: Ninetales
|-damage|p2b: Ninetales|71/100
|move|p2b: Ninetales|Blizzard|p1b: Gallade|[spread] p1a,p1b
|-damage|p1a: Farigiraf|69/100
|-damage|p1b: Gallade|73/100
|
|-weather|Snowscape|[upkeep]
|upkeep
|c|☆Pointee|fair nough
|c|☆lolgz|sry
|
|t:|1782515755
|switch|p2a: Incineroar|Incineroar, L50, M|100/100
|-ability|p2a: Incineroar|Intimidate|boost
|-unboost|p1a: Farigiraf|atk|1
|-unboost|p1b: Gallade|atk|1
|turn|3
|c|☆lolgz|but its also + crit chance
|c|☆Pointee|mhm
|
|t:|1782515779
|switch|p2a: Venusaur|Venusaur, L50, F|100/100
|move|p1a: Farigiraf|Helping Hand|p1b: Gallade
|-singleturn|p1b: Gallade|Helping Hand|[of] p1a: Farigiraf
|move|p1b: Gallade|Sacred Sword|p2a: Venusaur
|-resisted|p2a: Venusaur|1
|-damage|p2a: Venusaur|78/100
|move|p2b: Ninetales|Moonblast|p1b: Gallade
|-supereffective|p1b: Gallade|1
|-damage|p1b: Gallade|7/100
|
|-weather|Snowscape|[upkeep]
|upkeep
|turn|4
|inactive|Pointee has 30 seconds left.
|
|t:|1782515809
|switch|p2a: Incineroar|Incineroar, L50, M|100/100
|-ability|p2a: Incineroar|Intimidate|boost
|-unboost|p1a: Farigiraf|atk|1
|-unboost|p1b: Gallade|atk|1
|move|p1b: Gallade|Psycho Cut|p2b: Ninetales
|-damage|p2b: Ninetales|50/100g
|move|p1a: Farigiraf|Psychic|p2b: Ninetales
|-crit|p2b: Ninetales
|-damage|p2b: Ninetales|0 fnt
|faint|p2b: Ninetales
|
|-weather|Snowscape|[upkeep]
|upkeep
|c|☆Pointee|is psychic also plus crit chance...
|
|t:|1782515823
|switch|p2b: Venusaur|Venusaur, L50, F|78/100
|turn|5
|
|t:|1782515844
|detailschange|p2b: Venusaur|Venusaur-Mega, L50, F
|-mega|p2b: Venusaur|Venusaur|Venusaurite
|move|p1a: Farigiraf|Helping Hand|p1b: Gallade
|-singleturn|p1b: Gallade|Helping Hand|[of] p1a: Farigiraf
|move|p1b: Gallade|Sacred Sword|p2a: Incineroar
|-supereffective|p2a: Incineroar|1
|-enditem|p2a: Incineroar|Chople Berry|[eat]
|-enditem|p2a: Incineroar|Chople Berry|[weaken]
|-damage|p2a: Incineroar|64/100
|move|p2a: Incineroar|Darkest Lariat|p1b: Gallade
|-damage|p1b: Gallade|0 fnt
|faint|p1b: Gallade
|move|p2b: Venusaur|Sludge Bomb|p1a: Farigiraf
|-damage|p1a: Farigiraf|30/100
|-enditem|p1a: Farigiraf|Sitrus Berry|[eat]
|-heal|p1a: Farigiraf|55/100|[from] item: Sitrus Berry
|
|-weather|none
|-fieldend|move: Trick Room
|upkeep
|c|☆lolgz|no
|c|☆lolgz|that was straight bull
|
|t:|1782515854
|switch|p1b: Torkoal|Torkoal, L50, F|100/100
|-weather|SunnyDay|[from] ability: Drought|[of] p1b: Torkoal
|turn|6
|
|t:|1782515864
|move|p2b: Venusaur|Earth Power|p1b: Torkoal
|-supereffective|p1b: Torkoal|1
|-damage|p1b: Torkoal|26/100
|move|p2a: Incineroar|Darkest Lariat|p1a: Farigiraf
|-supereffective|p1a: Farigiraf|1
|-damage|p1a: Farigiraf|0 fnt
|faint|p1a: Farigiraf
|move|p1b: Torkoal|Weather Ball|p2b: Venusaur
|-supereffective|p2b: Venusaur|1
|-damage|p2b: Venusaur|29/100
|
|-weather|SunnyDay|[upkeep]
|upkeep
|c|☆lolgz|i will say
|c|☆lolgz|the best way to break htr or my team specifically is to use milotic
|
|t:|1782515883
|switch|p1a: Mawile|Mawile, L50, F|100/100
|turn|7
|c|☆Pointee|yeah but you didnt bring scrafty and mawile isnt intim
|c|☆Pointee|so lots of utility lost
|inactive|Pointee has 30 seconds left.
|c|☆lolgz|i dropped intim on mawile cuz of milotic
|inactive|Pointee has 20 seconds left.
|inactive|Pointee has 15 seconds left.
|
|t:|1782515925
|detailschange|p1a: Mawile|Mawile-Mega, L50, F
|-mega|p1a: Mawile|Mawile|Mawilite
|move|p2b: Venusaur|Protect|p2b: Venusaur
|-singleturn|p2b: Venusaur|Protect
|move|p1a: Mawile|Sucker Punch||[still]
|-fail|p1a: Mawile
|move|p2a: Incineroar|Flare Blitz|p1a: Mawile
|-supereffective|p1a: Mawile|1
|-damage|p1a: Mawile|0 fnt
|faint|p1a: Mawile
|-damage|p2a: Incineroar|38/100|[from] Recoil
|move|p1b: Torkoal|Earth Power|p2a: Incineroar
|-supereffective|p2a: Incineroar|1
|-damage|p2a: Incineroar|4/100
|
|-weather|SunnyDay|[upkeep]
|upkeep
|turn|8
|-message|lolgz forfeited.
|
|win|Pointee
