|j|☆chamoy-pt2
|j|☆lewis94
|html|chamoy-pt2lewis94    
|uhtml|bestof|Game 1 of a best-of-3
|t:|1756920173
|gametype|doubles
|player|p1|chamoy-pt2|riley|1090
|player|p2|lewis94|ethan-gen2|1130
|gen|9
|tier|[Gen 9] VGC 2025 Reg H (Bo3)
|rated|
|rule|Species Clause: Limit one of each Pokémon
|rule|Item Clause: Limit 1 of each item
|clearpoke
|poke|p1|Gholdengo, L50|
|poke|p1|Hydreigon, L50, M|
|poke|p1|Dragapult, L50, F|
|poke|p1|Electabuzz, L50, F|
|poke|p1|Whimsicott, L50, M|
|poke|p1|Ursaluna, L50, F|
|poke|p2|Talonflame, L50, M|
|poke|p2|Ursaluna-Bloodmoon, L50, M|
|poke|p2|Tyranitar, L50, M|
|poke|p2|Sneasler, L50, F|
|poke|p2|Indeedee, L50, M|
|poke|p2|Electabuzz, L50, M|
|teampreview|4
|showteam|p1|Gholdengo||LifeOrb|GoodasGold|MakeItRain,ShadowBall,NastyPlot,Protect||||||50|,,,,,Water]Hydreigon||AssaultVest|Levitate|DragonPulse,DarkPulse,HeatWave,Snarl|||M|||50|,,,,,Fire]Dragapult||ChoiceBand|ClearBody|DragonDarts,PhantomForce,SuckerPunch,Uturn|||F|||50|,,,,,Dragon]Electabuzz||Eviolite|VitalSpirit|FollowMe,HelpingHand,VoltSwitch,Protect|||F|||50|,,,,,Fairy]Whimsicott||CovertCloak|Prankster|Tailwind,Encore,Taunt,Moonblast|||M|||50|,,,,,Water]Ursaluna||FlameOrb|Guts|Facade,HeadlongRush,Earthquake,Protect|||F|||50|,,,,,Ground
|showteam|p2|Talonflame||CovertCloak|GaleWings|FlareBlitz,DualWingbeat,WillOWisp,Tailwind|||M|||50|,,,,,Fairy]Ursaluna-Bloodmoon||LifeOrb|MindsEye|BloodMoon,HyperVoice,EarthPower,Protect|||M|||50|,,,,,Normal]Tyranitar||AssaultVest|SandStream|RockSlide,KnockOff,TeraBlast,LowKick|||M|||50|,,,,,Flying]Sneasler||PsychicSeed|Unburden|DireClaw,CloseCombat,ThroatChop,Protect|||F|||50|,,,,,Dark]Indeedee||ChoiceScarf|PsychicSurge|ExpandingForce,TeraBlast,Protect,Trick|||M|||50|,,,,,Psychic]Electabuzz||Eviolite|VitalSpirit|Electroweb,FollowMe,Taunt,Protect|||M|||50|,,,,,Ghost
|inactive|Battle timer is ON: inactive players will automatically lose when time's up. (requested by lewis94)
|inactive|lewis94 has 60 seconds left.
|
|t:|1756920220
|teamsize|p1|4
|teamsize|p2|4
|start
|switch|p1a: Electabuzz|Electabuzz, L50, F|100/100
|switch|p1b: Dragapult|Dragapult, L50, F|100/100
|switch|p2a: Talonflame|Talonflame, L50, M|100/100
|switch|p2b: Sneasler|Sneasler, L50, F|100/100
|turn|1
|inactive|lewis94 has 30 seconds left.
|inactive|lewis94 has 20 seconds left.
|
|t:|1756920260
|-terastallize|p2a: Talonflame|Fairy
|-terastallize|p1b: Dragapult|Dragon
|move|p1a: Electabuzz|Helping Hand|p1b: Dragapult
|-singleturn|p1b: Dragapult|Helping Hand|[of] p1a: Electabuzz
|move|p2a: Talonflame|Tailwind|p2a: Talonflame
|-sidestart|p2: lewis94|move: Tailwind
|move|p2b: Sneasler|Dire Claw|p1b: Dragapult
|-damage|p1b: Dragapult|44/100
|move|p1b: Dragapult|Dragon Darts|p2b: Sneasler
|-crit|p2b: Sneasler
|-damage|p2b: Sneasler|0 fnt
|faint|p2b: Sneasler
|
|upkeep
|
|t:|1756920277
|switch|p2b: Tyranitar|Tyranitar, L50, M|100/100
|-weather|Sandstorm|[from] ability: Sand Stream|[of] p2b: Tyranitar
|turn|2
|
|t:|1756920302
|move|p1a: Electabuzz|Follow Me|p1a: Electabuzz
|-singleturn|p1a: Electabuzz|move: Follow Me
|move|p2a: Talonflame|Flare Blitz|p1a: Electabuzz
|-damage|p1a: Electabuzz|72/100
|-damage|p2a: Talonflame|91/100|[from] Recoil
|move|p2b: Tyranitar|Rock Slide|p1b: Dragapult|[spread] p1a,p1b
|-damage|p1a: Electabuzz|50/100
|-damage|p1b: Dragapult|4/100
|move|p1b: Dragapult|Dragon Darts|p2b: Tyranitar
|-damage|p2b: Tyranitar|58/100
|-anim|p1b: Dragapult|Dragon Darts|p2b: Tyranitar
|-damage|p2b: Tyranitar|14/100
|
|-weather|Sandstorm|[upkeep]
|-damage|p2a: Talonflame|86/100|[from] Sandstorm
|-damage|p1b: Dragapult|0 fnt|[from] Sandstorm
|-damage|p1a: Electabuzz|45/100|[from] Sandstorm
|faint|p1b: Dragapult
|upkeep
|
|t:|1756920320
|switch|p1b: Gholdengo|Gholdengo, L50|100/100
|turn|3
|
|t:|1756920338
|move|p1a: Electabuzz|Protect|p1a: Electabuzz
|-singleturn|p1a: Electabuzz|Protect
|move|p1b: Gholdengo|Protect|p1b: Gholdengo
|-singleturn|p1b: Gholdengo|Protect
|move|p2a: Talonflame|Will-O-Wisp|p1b: Gholdengo
|-activate|p1b: Gholdengo|move: Protect
|move|p2b: Tyranitar|Rock Slide|p1b: Gholdengo|[spread] 
|-activate|p1a: Electabuzz|move: Protect
|-activate|p1b: Gholdengo|move: Protect
|
|-weather|Sandstorm|[upkeep]
|-damage|p2a: Talonflame|80/100|[from] Sandstorm
|-damage|p1a: Electabuzz|39/100|[from] Sandstorm
|upkeep
|turn|4
|
|t:|1756920362
|switch|p1b: Hydreigon|Hydreigon, L50, M|100/100
|move|p2a: Talonflame|Flare Blitz|p1b: Hydreigon
|-resisted|p1b: Hydreigon
|-damage|p1b: Hydreigon|80/100
|-damage|p2a: Talonflame|72/100|[from] Recoil
|move|p2b: Tyranitar|Rock Slide|p1a: Electabuzz|[spread] p1a,p1b
|-damage|p1a: Electabuzz|16/100
|-damage|p1b: Hydreigon|48/100
|move|p1a: Electabuzz|Volt Switch|p2a: Talonflame
|-damage|p2a: Talonflame|42/100
|
|t:|1756920373
|switch|p1a: Gholdengo|Gholdengo, L50|100/100|[from] Volt Switch
|
|-weather|Sandstorm|[upkeep]
|-damage|p2a: Talonflame|36/100|[from] Sandstorm
|-damage|p1b: Hydreigon|42/100|[from] Sandstorm
|-sideend|p2: lewis94|move: Tailwind
|upkeep
|turn|5
|
|t:|1756920384
|move|p2a: Talonflame|Tailwind|p2a: Talonflame
|-sidestart|p2: lewis94|move: Tailwind
|move|p2b: Tyranitar|Knock Off|p1a: Gholdengo
|-supereffective|p1a: Gholdengo
|-damage|p1a: Gholdengo|0 fnt
|-enditem|p1a: Gholdengo|Life Orb|[from] move: Knock Off|[of] p2b: Tyranitar
|faint|p1a: Gholdengo
|move|p1b: Hydreigon|Heat Wave|p2a: Talonflame|[spread] p2a,p2b
|-resisted|p2b: Tyranitar
|-damage|p2a: Talonflame|4/100
|-damage|p2b: Tyranitar|9/100
|
|-weather|Sandstorm|[upkeep]
|-damage|p2a: Talonflame|0 fnt|[from] Sandstorm
|-damage|p1b: Hydreigon|36/100|[from] Sandstorm
|faint|p2a: Talonflame
|upkeep
|
|t:|1756920396
|switch|p2a: Ursaluna|Ursaluna-Bloodmoon, L50, M|100/100
|switch|p1a: Electabuzz|Electabuzz, L50, F|16/100
|turn|6
|
|t:|1756920402
|move|p1a: Electabuzz|Follow Me|p1a: Electabuzz
|-singleturn|p1a: Electabuzz|move: Follow Me
|move|p2b: Tyranitar|Rock Slide|p1a: Electabuzz|[spread] p1a,p1b
|-damage|p1a: Electabuzz|0 fnt
|-damage|p1b: Hydreigon|4/100
|faint|p1a: Electabuzz
|move|p2a: Ursaluna|Hyper Voice|p1b: Hydreigon
|-damage|p1b: Hydreigon|0 fnt
|faint|p1b: Hydreigon
|-damage|p2a: Ursaluna|91/100|[from] item: Life Orb
|
|win|lewis94
||chamoy-pt2 is ready for game 2.
|inactive|lewis94 has 30 seconds to confirm battle start!
||lewis94 is ready for game 2.
|uhtml|next|Next: Game 2 of 3
|l|☆chamoy-pt2
|player|p1|
