|j|☆tailmyroom
|j|☆IceApfel
|html|tailmyroomIceApfel    
|uhtml|bestof|Game 3 of a best-of-3
|t:|1755699311
|gametype|doubles
|player|p1|tailmyroom|scientist-gen4dp|1196
|player|p2|IceApfel|waiter-gen4|1263
|gen|9
|tier|[Gen 9] VGC 2025 Reg H (Bo3)
|rated|
|rule|Species Clause: Limit one of each Pokémon
|rule|Item Clause: Limit 1 of each item
|clearpoke
|poke|p1|Gholdengo, L50|
|poke|p1|Sneasler, L50, M|
|poke|p1|Rillaboom, L50, M|
|poke|p1|Dragonite, L50, F|
|poke|p1|Ninetales-Alola, L50, F|
|poke|p1|Arcanine-Hisui, L50, M|
|poke|p2|Archaludon, L50, F|
|poke|p2|Pelipper, L50, M|
|poke|p2|Dragonite, L50, F|
|poke|p2|Ursaluna, L50, F|
|poke|p2|Sinistcha, L50|
|poke|p2|Gholdengo, L50|
|teampreview|4
|showteam|p1|Gholdengo||GrassySeed|GoodasGold|NastyPlot,MakeItRain,ShadowBall,Protect||||||50|,,,,,Water]Sneasler||WhiteHerb|Unburden|CloseCombat,DireClaw,Coaching,Protect|||M|||50|,,,,,Ghost]Rillaboom||AssaultVest|GrassySurge|FakeOut,GrassyGlide,DrumBeating,HighHorsepower|||M|||50|,,,,,Fire]Dragonite||LoadedDice|Multiscale|ScaleShot,StompingTantrum,Tailwind,Protect|||F|||50|,,,,,Ground]Ninetales-Alola||FocusSash|SnowWarning|Blizzard,IcyWind,Encore,AuroraVeil|||F|||50|,,,,,Ghost]Arcanine-Hisui||ClearAmulet|Intimidate|RockSlide,FlareBlitz,ExtremeSpeed,Protect|||M|||50|,,,,,Water
|showteam|p2|Archaludon||AssaultVest|Stamina|FlashCannon,BodyPress,ElectroShot,Snarl|||F|||50|,,,,,Fighting]Pelipper||FocusSash|Drizzle|MuddyWater,Hurricane,Tailwind,Protect|||M|||50|,,,,,Ghost]Dragonite||LoadedDice|Multiscale|ScaleShot,Tailwind,Haze,Protect|||F|||50|,,,,,Steel]Ursaluna||FlameOrb|Guts|Facade,HeadlongRush,Earthquake,Protect|||F|||50|,,,,,Ghost]Sinistcha||SitrusBerry|Hospitality|MatchaGotcha,LifeDew,RagePowder,TrickRoom||||||50|,,,,,Dark]Gholdengo||ChoiceScarf|GoodasGold|MakeItRain,ShadowBall,Trick,Protect||||||50|,,,,,Flying
|inactive|Battle timer is ON: inactive players will automatically lose when time's up. (requested by IceApfel)
|inactive|tailmyroom has 60 seconds left.
|
|t:|1755699358
|teamsize|p1|4
|teamsize|p2|4
|start
|switch|p1a: Dragonite|Dragonite, L50, F|100/100
|switch|p1b: Sneasler|Sneasler, L50, M|100/100
|switch|p2a: Archaludon|Archaludon, L50, F, shiny|100/100
|switch|p2b: Gholdengo|Gholdengo, L50|100/100
|turn|1
|
|t:|1755699372
|-terastallize|p2a: Archaludon|Fighting
|move|p1b: Sneasler|Protect|p1b: Sneasler
|-singleturn|p1b: Sneasler|Protect
|move|p1a: Dragonite|Protect|p1a: Dragonite
|-singleturn|p1a: Dragonite|Protect
|move|p2b: Gholdengo|Make It Rain|p1b: Sneasler|[spread] 
|-activate|p1a: Dragonite|move: Protect
|-activate|p1b: Sneasler|move: Protect
|move|p2a: Archaludon|Flash Cannon|p1b: Sneasler
|-activate|p1b: Sneasler|move: Protect
|
|upkeep
|turn|2
|inactive|tailmyroom has 30 seconds left.
|inactive|tailmyroom has 20 seconds left.
|inactive|tailmyroom has 15 seconds left.
|
|t:|1755699414
|switch|p1b: Gholdengo|Gholdengo, L50|100/100
|move|p2b: Gholdengo|Make It Rain|p1b: Gholdengo|[spread] p1a,p1b
|-resisted|p1b: Gholdengo
|-damage|p1a: Dragonite|74/100
|-damage|p1b: Gholdengo|73/100
|-unboost|p2b: Gholdengo|spa|1
|move|p2a: Archaludon|Flash Cannon|p1b: Gholdengo
|-resisted|p1b: Gholdengo
|-damage|p1b: Gholdengo|55/100
|move|p1a: Dragonite|Tailwind|p1a: Dragonite
|-sidestart|p1: tailmyroom|move: Tailwind
|
|upkeep
|turn|3
|inactive|tailmyroom has 30 seconds left.
|inactive|IceApfel has 30 seconds left.
|inactive|tailmyroom has 20 seconds left.
|inactive|tailmyroom has 15 seconds left.
|
|t:|1755699456
|switch|p2b: Pelipper|Pelipper, L50, M, shiny|100/100
|-weather|RainDance|[from] ability: Drizzle|[of] p2b: Pelipper
|move|p1b: Gholdengo|Nasty Plot|p1b: Gholdengo
|-boost|p1b: Gholdengo|spa|2
|move|p1a: Dragonite|Scale Shot|p2b: Pelipper
|-damage|p2b: Pelipper|81/100
|-damage|p2b: Pelipper|61/100
|-damage|p2b: Pelipper|42/100
|-damage|p2b: Pelipper|20/100
|-damage|p2b: Pelipper|0 fnt
|faint|p2b: Pelipper
|-hitcount|p2: Pelipper|5
|-unboost|p1a: Dragonite|def|1
|-boost|p1a: Dragonite|spe|1
|move|p2a: Archaludon|Electro Shot||[still]
|-prepare|p2a: Archaludon|Electro Shot
|-boost|p2a: Archaludon|spa|1
|-anim|p2a: Archaludon|Electro Shot|p1b: Gholdengo
|-damage|p1b: Gholdengo|0 fnt
|faint|p1b: Gholdengo
|
|-weather|RainDance|[upkeep]
|upkeep
|
|t:|1755699476
|switch|p1b: Ninetales|Ninetales-Alola, L50, F|100/100
|switch|p2b: Gholdengo|Gholdengo, L50|100/100
|-weather|Snowscape|[from] ability: Snow Warning|[of] p1b: Ninetales
|turn|4
|inactive|tailmyroom has 30 seconds left.
|inactive|IceApfel has 30 seconds left.
|inactive|IceApfel has 20 seconds left.
|
|t:|1755699515
|switch|p2a: Sinistcha|Sinistcha, L50, shiny|100/100
|move|p2b: Gholdengo|Protect|p2b: Gholdengo
|-singleturn|p2b: Gholdengo|Protect
|move|p1a: Dragonite|Scale Shot|p2b: Gholdengo
|-activate|p2b: Gholdengo|move: Protect
|move|p1b: Ninetales|Encore||[still]
|-fail|p1b: Ninetales
|
|-weather|Snowscape|[upkeep]
|upkeep
|turn|5
|inactive|IceApfel has 30 seconds left.
|inactive|IceApfel has 20 seconds left.
|inactive|IceApfel has 15 seconds left.
|
|t:|1755699560
|switch|p2a: Archaludon|Archaludon, L50, F, shiny, tera:Fighting|100/100
|move|p2b: Gholdengo|Protect||[still]
|-fail|p2b: Gholdengo
|move|p1a: Dragonite|Scale Shot|p2a: Archaludon
|-damage|p2a: Archaludon|91/100
|-ability|p2a: Archaludon|Stamina|boost
|-boost|p2a: Archaludon|def|1
|-damage|p2a: Archaludon|83/100
|-ability|p2a: Archaludon|Stamina|boost
|-boost|p2a: Archaludon|def|1
|-damage|p2a: Archaludon|77/100
|-ability|p2a: Archaludon|Stamina|boost
|-boost|p2a: Archaludon|def|1
|-damage|p2a: Archaludon|72/100
|-ability|p2a: Archaludon|Stamina|boost
|-boost|p2a: Archaludon|def|1
|-damage|p2a: Archaludon|69/100
|-ability|p2a: Archaludon|Stamina|boost
|-boost|p2a: Archaludon|def|1
|-hitcount|p2a: Archaludon|5
|-unboost|p1a: Dragonite|def|1
|-boost|p1a: Dragonite|spe|1
|move|p1b: Ninetales|Blizzard|p2b: Gholdengo|[spread] p2a,p2b
|-resisted|p2b: Gholdengo
|-damage|p2a: Archaludon|44/100
|-damage|p2b: Gholdengo|81/100
|-ability|p2a: Archaludon|Stamina|boost
|-boost|p2a: Archaludon|def|1
|
|-weather|Snowscape|[upkeep]
|-sideend|p1: tailmyroom|move: Tailwind
|upkeep
|turn|6
|inactive|tailmyroom has 30 seconds left.
|inactive|IceApfel has 30 seconds left.
|inactive|tailmyroom has 20 seconds left.
|
|t:|1755699595
|switch|p2b: Sinistcha|Sinistcha, L50, shiny|100/100
|-heal|p2a: Archaludon|69/100|[from] ability: Hospitality|[of] p2b: Sinistcha
|move|p1a: Dragonite|Scale Shot|p2b: Sinistcha
|-damage|p2b: Sinistcha|86/100
|-damage|p2b: Sinistcha|74/100
|-damage|p2b: Sinistcha|60/100
|-damage|p2b: Sinistcha|48/100
|-enditem|p2b: Sinistcha|Sitrus Berry|[eat]
|-heal|p2b: Sinistcha|73/100|[from] item: Sitrus Berry
|-damage|p2b: Sinistcha|58/100
|-hitcount|p2b: Sinistcha|5
|-unboost|p1a: Dragonite|def|1
|-boost|p1a: Dragonite|spe|1
|move|p1b: Ninetales|Blizzard|p2b: Sinistcha|[spread] p2a,p2b
|-supereffective|p2b: Sinistcha
|-damage|p2a: Archaludon|43/100
|-damage|p2b: Sinistcha|3/100
|move|p2a: Archaludon|Flash Cannon|p1a: Dragonite
|-damage|p1a: Dragonite|32/100
|
|-weather|Snowscape|[upkeep]
|upkeep
|turn|7
|inactive|IceApfel has 30 seconds left.
|inactive|tailmyroom has 30 seconds left.
|inactive|IceApfel has 20 seconds left.
|inactive|IceApfel has 15 seconds left.
|inactive|IceApfel has 10 seconds left.
|
|t:|1755699643
|switch|p2b: Gholdengo|Gholdengo, L50|81/100
|move|p1a: Dragonite|Protect|p1a: Dragonite
|-singleturn|p1a: Dragonite|Protect
|move|p1b: Ninetales|Blizzard|p2b: Gholdengo|[spread] p2a,p2b
|-resisted|p2b: Gholdengo
|-damage|p2a: Archaludon|15/100
|-damage|p2b: Gholdengo|63/100
|move|p2a: Archaludon|Flash Cannon|p1b: Ninetales
|-supereffective|p1b: Ninetales
|-enditem|p1b: Ninetales|Focus Sash
|-damage|p1b: Ninetales|1/100
|-unboost|p1b: Ninetales|spd|1
|
|-weather|Snowscape|[upkeep]
|upkeep
|turn|8
|inactive|tailmyroom has 30 seconds left.
|inactive|IceApfel has 30 seconds left.
|inactive|tailmyroom has 20 seconds left.
|inactive|tailmyroom has 15 seconds left.
|inactive|tailmyroom has 10 seconds left.
|inactive|tailmyroom has 5 seconds left.
|
|t:|1755699696
|switch|p2b: Sinistcha|Sinistcha, L50, shiny|3/100
|-heal|p2a: Archaludon|40/100|[from] ability: Hospitality|[of] p2b: Sinistcha
|move|p1a: Dragonite|Scale Shot|p2a: Archaludon
|-damage|p2a: Archaludon|37/100
|-crit|p2a: Archaludon
|-damage|p2a: Archaludon|19/100
|-damage|p2a: Archaludon|16/100
|-damage|p2a: Archaludon|13/100
|-damage|p2a: Archaludon|10/100
|-hitcount|p2a: Archaludon|5
|-unboost|p1a: Dragonite|def|1
|-boost|p1a: Dragonite|spe|1
|move|p1b: Ninetales|Blizzard|p2a: Archaludon|[spread] p2a,p2b
|-supereffective|p2b: Sinistcha
|-damage|p2a: Archaludon|0 fnt
|-damage|p2b: Sinistcha|0 fnt
|faint|p2a: Archaludon
|faint|p2b: Sinistcha
|
|-weather|none
|upkeep
|inactive|IceApfel has 30 seconds left.
|-message|IceApfel forfeited.
|
|win|tailmyroom
|raw|tailmyroom's rating: 1196 → 1226(+30 for winning)
|raw|IceApfel's rating: 1263 → 1233(-30 for losing)
|l|☆IceApfel
|player|p2|
