|j|☆RikuXmas
|j|☆spellbreakvgc
|html|RikuXmasspellbreakvgc    
|uhtml|bestof|Game 2 of a best-of-3
|t:|1757921275
|gametype|doubles
|player|p1|RikuXmas|marlon|1166
|player|p2|spellbreakvgc|lance|1064
|gen|9
|tier|[Gen 9] VGC 2025 Reg H (Bo3)
|rated|
|rule|Species Clause: Limit one of each Pokémon
|rule|Item Clause: Limit 1 of each item
|clearpoke
|poke|p1|Pelipper, L50, F|
|poke|p1|Charizard, L50, F|
|poke|p1|Rillaboom, L50, M|
|poke|p1|Gholdengo, L50|
|poke|p1|Kommo-o, L50, M|
|poke|p1|Clefable, L50, F|
|poke|p2|Dachsbun, L50, M|
|poke|p2|Typhlosion-Hisui, L50, M|
|poke|p2|Whimsicott, L50, M|
|poke|p2|Grimmsnarl, L50, M|
|poke|p2|Incineroar, L50, M|
|poke|p2|Umbreon, L50, M|
|teampreview|4
|showteam|p1|Pelipper||FocusSash|Drizzle|Protect,Tailwind,Hurricane,WeatherBall|||F|||50|,,,,,Grass]Charizard||LifeOrb|Blaze|Protect,Hurricane,HeatWave,ScorchingSands|||F|||50|,,,,,Grass]Rillaboom||AssaultVest|GrassySurge|FakeOut,GrassyGlide,WoodHammer,StompingTantrum|||M|||50|,,,,,Fire]Gholdengo||WiseGlasses|GoodasGold|Protect,NastyPlot,ShadowBall,MakeItRain||||||50|,,,,,Steel]Kommo-o||ThroatSpray|Bulletproof|Protect,AuraSphere,ClangingScales,ClangorousSoul|||M|||50|,,,,,Steel]Clefable||SitrusBerry|Unaware|Protect,FollowMe,Moonblast,ThunderWave|||F|||50|,,,,,Water
|showteam|p2|Dachsbun||Leftovers|WellBakedBody|BodyPress,Snarl,Substitute,Protect|||M|||50|,,,,,Steel]Typhlosion-Hisui||ChoiceScarf|Frisk|Eruption,ShadowBall,Flamethrower,LavaPlume|||M|||50|,,,,,Fire]Whimsicott||CovertCloak|Prankster|Moonblast,Tailwind,MistyTerrain,SunnyDay|||M|||50|,,,,,Poison]Grimmsnarl||LightClay|Prankster|PartingShot,LightScreen,Reflect,SpiritBreak|||M|||50|,,,,,Ghost]Incineroar||SitrusBerry|Intimidate|PartingShot,FakeOut,KnockOff,Roar|||M|||50|,,,,,Water]Umbreon||MentalHerb|InnerFocus|Snarl,Roar,LightScreen,Toxic|||M|||50|,,,,,Poison
|inactive|Battle timer is ON: inactive players will automatically lose when time's up. (requested by spellbreakvgc)
|inactive|RikuXmas has 60 seconds left.
|inactive|spellbreakvgc has 60 seconds left.
|
|t:|1757921328
|teamsize|p1|4
|teamsize|p2|4
|start
|switch|p1a: Trinity|Kommo-o, L50, M, shiny|100/100
|switch|p1b: Faris|Clefable, L50, F, shiny|100/100
|switch|p2a: Umbreon|Umbreon, L50, M|100/100
|switch|p2b: Dachsbun|Dachsbun, L50, M|100/100
|turn|1
|inactive|RikuXmas has 30 seconds left.
|inactive|RikuXmas has 20 seconds left.
|
|t:|1757921366
|move|p1a: Trinity|Clangorous Soul|p1a: Trinity
|-boost|p1a: Trinity|atk|1
|-boost|p1a: Trinity|def|1
|-boost|p1a: Trinity|spa|1
|-boost|p1a: Trinity|spd|1
|-boost|p1a: Trinity|spe|1
|-damage|p1a: Trinity|68/100
|-enditem|p1a: Trinity|Throat Spray
|-boost|p1a: Trinity|spa|1|[from] item: Throat Spray
|move|p2b: Dachsbun|Snarl|p1a: Trinity|[spread] p1a,p1b
|-resisted|p1a: Trinity
|-resisted|p1b: Faris
|-damage|p1a: Trinity|66/100
|-damage|p1b: Faris|99/100
|-unboost|p1a: Trinity|spa|1
|-unboost|p1b: Faris|spa|1
|move|p2a: Umbreon|Toxic|p1a: Trinity
|-status|p1a: Trinity|tox
|move|p1b: Faris|Moonblast|p2a: Umbreon
|-supereffective|p2a: Umbreon
|-damage|p2a: Umbreon|77/100
|
|-damage|p1a: Trinity|60/100 tox|[from] psn
|upkeep
|turn|2
|inactive|RikuXmas has 30 seconds left.
|inactive|spellbreakvgc has 30 seconds left.
|inactive|spellbreakvgc has 20 seconds left.
|inactive|spellbreakvgc has 15 seconds left.
|inactive|spellbreakvgc has 10 seconds left.
|inactive|spellbreakvgc has 5 seconds left.
|
|t:|1757921421
|move|p1a: Trinity|Aura Sphere|p2a: Umbreon
|-supereffective|p2a: Umbreon
|-damage|p2a: Umbreon|17/100
|move|p2b: Dachsbun|Snarl|p1a: Trinity|[spread] p1a,p1b
|-resisted|p1a: Trinity
|-resisted|p1b: Faris
|-damage|p1a: Trinity|57/100 tox
|-damage|p1b: Faris|97/100
|-unboost|p1a: Trinity|spa|1
|-unboost|p1b: Faris|spa|1
|move|p2a: Umbreon|Snarl|p1b: Faris|[spread] p1a,p1b
|-resisted|p1a: Trinity
|-resisted|p1b: Faris
|-damage|p1a: Trinity|54/100 tox
|-damage|p1b: Faris|94/100
|-unboost|p1a: Trinity|spa|1
|-unboost|p1b: Faris|spa|1
|move|p1b: Faris|Thunder Wave|p2b: Dachsbun
|-status|p2b: Dachsbun|par
|
|-damage|p1a: Trinity|42/100 tox|[from] psn
|upkeep
|turn|3
|inactive|RikuXmas has 30 seconds left.
|inactive|RikuXmas has 20 seconds left.
|
|t:|1757921461
|move|p1a: Trinity|Protect|p1a: Trinity
|-singleturn|p1a: Trinity|Protect
|move|p2a: Umbreon|Light Screen|p2a: Umbreon
|-sidestart|p2: spellbreakvgc|move: Light Screen
|move|p1b: Faris|Moonblast|p2a: Umbreon
|-supereffective|p2a: Umbreon
|-damage|p2a: Umbreon|9/100
|cant|p2b: Dachsbun|par
|
|-damage|p1a: Trinity|24/100 tox|[from] psn
|upkeep
|turn|4
|inactive|RikuXmas has 30 seconds left.
|inactive|spellbreakvgc has 30 seconds left.
|inactive|spellbreakvgc has 20 seconds left.
|inactive|spellbreakvgc has 15 seconds left.
|
|t:|1757921503
|switch|p1b: AdustedGold|Gholdengo, L50, shiny|100/100
|move|p1a: Trinity|Aura Sphere|p2a: Umbreon
|-supereffective|p2a: Umbreon
|-damage|p2a: Umbreon|0 fnt
|faint|p2a: Umbreon
|move|p2b: Dachsbun|Snarl|p1a: Trinity|[spread] p1a,p1b
|-resisted|p1a: Trinity
|-supereffective|p1b: AdustedGold
|-damage|p1a: Trinity|22/100 tox
|-damage|p1b: AdustedGold|87/100
|-unboost|p1a: Trinity|spa|1
|-unboost|p1b: AdustedGold|spa|1
|
|-damage|p1a: Trinity|0 fnt|[from] psn
|faint|p1a: Trinity
|upkeep
|
|t:|1757921524
|switch|p1a: Tempest|Pelipper, L50, F, shiny|100/100
|switch|p2a: Typhlosion|Typhlosion-Hisui, L50, M|100/100
|-item|p1a: Tempest|Focus Sash|[from] ability: Frisk|[of] p2a: Typhlosion
|-item|p1b: AdustedGold|Wise Glasses|[from] ability: Frisk|[of] p2a: Typhlosion
|-weather|RainDance|[from] ability: Drizzle|[of] p1a: Tempest
|turn|5
|
|t:|1757921539
|move|p1b: AdustedGold|Protect|p1b: AdustedGold
|-singleturn|p1b: AdustedGold|Protect
|move|p2a: Typhlosion|Lava Plume|p1b: AdustedGold|[spread] p1a
|-activate|p1b: AdustedGold|move: Protect
|-ability|p2b: Dachsbun|Well-Baked Body|boost
|-boost|p2b: Dachsbun|def|2
|-resisted|p1a: Tempest
|-damage|p1a: Tempest|87/100
|-status|p1a: Tempest|brn
|move|p1a: Tempest|Tailwind|p1a: Tempest
|-sidestart|p1: RikuXmas|move: Tailwind
|move|p2b: Dachsbun|Snarl|p1a: Tempest|[spread] p1a
|-activate|p1b: AdustedGold|move: Protect
|-damage|p1a: Tempest|78/100 brn
|-unboost|p1a: Tempest|spa|1
|
|-weather|RainDance|[upkeep]
|-damage|p1a: Tempest|72/100 brn|[from] brn
|upkeep
|turn|6
|
|t:|1757921561
|switch|p1b: Faris|Clefable, L50, F, shiny|94/100
|move|p1a: Tempest|Weather Ball|p2a: Typhlosion
|-supereffective|p2a: Typhlosion
|-damage|p2a: Typhlosion|15/100
|move|p2a: Typhlosion|Lava Plume|p1a: Tempest|[spread] p1a,p1b
|-ability|p2b: Dachsbun|Well-Baked Body|boost
|-boost|p2b: Dachsbun|def|2
|-resisted|p1a: Tempest
|-damage|p1a: Tempest|58/100 brn
|-damage|p1b: Faris|80/100
|cant|p2b: Dachsbun|par
|
|-weather|RainDance|[upkeep]
|-damage|p1a: Tempest|52/100 brn|[from] brn
|upkeep
|turn|7
|
|t:|1757921579
|move|p1a: Tempest|Weather Ball|p2a: Typhlosion
|-supereffective|p2a: Typhlosion
|-damage|p2a: Typhlosion|0 fnt
|faint|p2a: Typhlosion
|move|p1b: Faris|Moonblast|p2b: Dachsbun
|-damage|p2b: Dachsbun|82/100 par
|-unboost|p2b: Dachsbun|spa|1
|move|p2b: Dachsbun|Body Press|p1b: Faris
|-resisted|p1b: Faris
|-damage|p1b: Faris|70/100
|
|-weather|RainDance|[upkeep]
|-heal|p2b: Dachsbun|88/100 par|[from] item: Leftovers
|-damage|p1a: Tempest|46/100 brn|[from] brn
|-sideend|p2: spellbreakvgc|move: Light Screen
|upkeep
|
|t:|1757921592
|switch|p2a: Incineroar|Incineroar, L50, M|100/100
|-ability|p2a: Incineroar|Intimidate|boost
|-unboost|p1a: Tempest|atk|1
|-unboost|p1b: Faris|atk|1
|turn|8
|
|t:|1757921600
|move|p2a: Incineroar|Fake Out|p1b: Faris
|-damage|p1b: Faris|60/100
|move|p1a: Tempest|Hurricane|p2a: Incineroar
|-damage|p2a: Incineroar|76/100
|cant|p1b: Faris|flinch
|move|p2b: Dachsbun|Snarl|p1b: Faris|[spread] p1a,p1b
|-resisted|p1b: Faris
|-damage|p1a: Tempest|40/100 brn
|-damage|p1b: Faris|58/100
|-unboost|p1a: Tempest|spa|1
|-unboost|p1b: Faris|spa|1
|
|-weather|RainDance|[upkeep]
|-heal|p2b: Dachsbun|94/100 par|[from] item: Leftovers
|-damage|p1a: Tempest|34/100 brn|[from] brn
|-sideend|p1: RikuXmas|move: Tailwind
|upkeep
|turn|9
|
|t:|1757921620
|-terastallize|p2a: Incineroar|Water
|move|p1a: Tempest|Weather Ball|p2a: Incineroar
|-resisted|p2a: Incineroar
|-damage|p2a: Incineroar|64/100
|move|p1b: Faris|Moonblast|p2a: Incineroar
|-damage|p2a: Incineroar|51/100
|move|p2a: Incineroar|Knock Off|p1b: Faris
|-resisted|p1b: Faris
|-damage|p1b: Faris|41/100
|-enditem|p1b: Faris|Sitrus Berry|[from] move: Knock Off|[of] p2a: Incineroar
|cant|p2b: Dachsbun|par
|
|-weather|none
|-heal|p2b: Dachsbun|99/100 par|[from] item: Leftovers
|-damage|p1a: Tempest|28/100 brn|[from] brn
|upkeep
|turn|10
|inactive|RikuXmas has 30 seconds left.
|inactive|RikuXmas has 20 seconds left.
|
|t:|1757921659
|switch|p1a: AdustedGold|Gholdengo, L50, shiny|87/100
|move|p1b: Faris|Follow Me|p1b: Faris
|-singleturn|p1b: Faris|move: Follow Me
|move|p2a: Incineroar|Knock Off|p1b: Faris
|-resisted|p1b: Faris
|-damage|p1b: Faris|30/100
|move|p2b: Dachsbun|Snarl|p1a: AdustedGold|[spread] p1a,p1b
|-supereffective|p1a: AdustedGold
|-resisted|p1b: Faris
|-damage|p1a: AdustedGold|77/100
|-damage|p1b: Faris|28/100
|-unboost|p1a: AdustedGold|spa|1
|-unboost|p1b: Faris|spa|1
|
|-heal|p2b: Dachsbun|100/100 par|[from] item: Leftovers
|upkeep
|turn|11
|
|t:|1757921678
|move|p1a: AdustedGold|Protect|p1a: AdustedGold
|-singleturn|p1a: AdustedGold|Protect
|move|p2a: Incineroar|Knock Off|p1a: AdustedGold
|-activate|p1a: AdustedGold|move: Protect
|move|p1b: Faris|Moonblast|p2a: Incineroar
|-damage|p2a: Incineroar|41/100
|-enditem|p2a: Incineroar|Sitrus Berry|[eat]
|-heal|p2a: Incineroar|65/100|[from] item: Sitrus Berry
|move|p2b: Dachsbun|Snarl|p1b: Faris|[spread] p1b
|-activate|p1a: AdustedGold|move: Protect
|-resisted|p1b: Faris
|-damage|p1b: Faris|26/100
|-unboost|p1b: Faris|spa|1
|
|upkeep
|turn|12
|inactive|RikuXmas has 30 seconds left.
|
|t:|1757921706
|switch|p1a: Tempest|Pelipper, L50, F, shiny|28/100 brn
|-weather|RainDance|[from] ability: Drizzle|[of] p1a: Tempest
|move|p1b: Faris|Follow Me|p1b: Faris
|-singleturn|p1b: Faris|move: Follow Me
|move|p2a: Incineroar|Knock Off|p1b: Faris
|-resisted|p1b: Faris
|-damage|p1b: Faris|13/100
|move|p2b: Dachsbun|Snarl|p1b: Faris|[spread] p1a,p1b
|-resisted|p1b: Faris
|-damage|p1a: Tempest|22/100 brn
|-damage|p1b: Faris|11/100
|-unboost|p1a: Tempest|spa|1
|-unboost|p1b: Faris|spa|1
|
|-weather|RainDance|[upkeep]
|-damage|p1a: Tempest|16/100 brn|[from] brn
|upkeep
|turn|13
|
|t:|1757921724
|move|p1a: Tempest|Hurricane|p2a: Incineroar
|-damage|p2a: Incineroar|43/100
|move|p1b: Faris|Moonblast|p2a: Incineroar
|-damage|p2a: Incineroar|36/100
|move|p2a: Incineroar|Knock Off|p1a: Tempest
|-damage|p1a: Tempest|0 fnt
|-enditem|p1a: Tempest|Focus Sash|[from] move: Knock Off|[of] p2a: Incineroar
|faint|p1a: Tempest
|move|p2b: Dachsbun|Snarl|p1b: Faris
|-resisted|p1b: Faris
|-damage|p1b: Faris|8/100
|-unboost|p1b: Faris|spa|1
|
|-weather|RainDance|[upkeep]
|upkeep
|
|t:|1757921737
|switch|p1a: AdustedGold|Gholdengo, L50, shiny|77/100
|turn|14
|
|t:|1757921742
|move|p1b: Faris|Follow Me|p1b: Faris
|-singleturn|p1b: Faris|move: Follow Me
|move|p1a: AdustedGold|Nasty Plot|p1a: AdustedGold
|-boost|p1a: AdustedGold|spa|2
|move|p2a: Incineroar|Knock Off|p1b: Faris
|-resisted|p1b: Faris
|-crit|p1b: Faris
|-damage|p1b: Faris|0 fnt
|faint|p1b: Faris
|cant|p2b: Dachsbun|par
|
|-weather|RainDance|[upkeep]
|upkeep
|turn|15
|
|t:|1757921753
|-terastallize|p1a: AdustedGold|Steel
|move|p1a: AdustedGold|Make It Rain|p2a: Incineroar|[spread] p2a,p2b
|-resisted|p2a: Incineroar
|-supereffective|p2b: Dachsbun
|-damage|p2a: Incineroar|0 fnt
|-damage|p2b: Dachsbun|0 fnt
|-unboost|p1a: AdustedGold|spa|1
|faint|p2a: Incineroar
|faint|p2b: Dachsbun
|
|win|RikuXmas
||spellbreakvgc is ready for game 3.
|inactive|RikuXmas has 30 seconds to confirm battle start!
||RikuXmas is ready for game 3.
|uhtml|next|Next: Game 3 of 3
