|j|☆beanybag
|j|☆NightshadeAI
|html|beanybagNightshadeAI    
|uhtml|bestof|Game 1 of a best-of-3
|t:|1783475558
|gametype|doubles
|player|p1|beanybag|102|1225
|player|p2|NightshadeAI|265|1076
|gen|9
|tier|[Gen 9 Champions] VGC 2026 Reg M-B (Bo3)
|rated|
|rule|Species Clause: Limit one of each Pokémon
|rule|Item Clause: Limit 1 of each item
|clearpoke
|poke|p1|Bellibolt, L50, F|
|poke|p1|Ampharos, L50, F, shiny|
|poke|p1|Araquanid, L50, F, shiny|
|poke|p1|Sinistcha, L50|
|poke|p1|Scovillain, L50, F|
|poke|p1|Grimmsnarl, L50, M, shiny|
|poke|p2|Whimsicott, L50, F|
|poke|p2|Charizard, L50, M|
|poke|p2|Basculegion, L50, M|
|poke|p2|Garchomp, L50, F|
|poke|p2|Floette-Eternal, L50, F|
|poke|p2|Kingambit, L50, M|
|teampreview|4
|showteam|p1|Bellibolt||SitrusBerry|Electromorphosis|Soak,VoltSwitch,ParabolicCharge,Protect|Calm||F|||50|]Ampharos||Ampharosite|Static|ParabolicCharge,Charge,CottonGuard,Protect|Calm||F|||50|]Araquanid||Leftovers|WaterBubble|Soak,Stockpile,Infestation,Protect|Relaxed||F|||50|]Sinistcha||WideLens|Hospitality|MatchaGotcha,LifeDew,TrickRoom,Protect|Sassy|||||50|]Scovillain||Scovillainite|Moody|GigaDrain,LeechSeed,RagePowder,Protect|Sassy||F|||50|]Grimmsnarl||LightClay|Prankster|PartingShot,SpiritBreak,Reflect,LightScreen|Impish||M|||50|
|showteam|p2|Whimsicott||FocusSash|Prankster|Moonblast,Tailwind,Encore,Protect|Timid||F|||50|]Charizard||CharizarditeY|Blaze|WeatherBall,SolarBeam,HeatWave,Protect|Modest||M|||50|]Basculegion||MysticWater|Adaptability|LastRespects,WaveCrash,AquaJet,Protect|Adamant||M|||50|]Garchomp||LifeOrb|RoughSkin|DragonClaw,Earthquake,RockSlide,Protect|Adamant||F|||50|]Floette-Eternal||Floettite|FlowerVeil|DazzlingGleam,LightofRuin,Moonblast,Protect|Modest||F|||50|]Kingambit||ChopleBerry|Defiant|KowtowCleave,SuckerPunch,IronHead,LowKick|Adamant||M|||50|
|inactive|Battle timer is ON: inactive players will automatically lose when time's up. (requested by NightshadeAI)
|inactive|beanybag has 60 seconds left.
|
|t:|1783475597
|teamsize|p1|4
|teamsize|p2|4
|start
|switch|p1a: Metal Nthuziast|Grimmsnarl, L50, M, shiny|100/100
|switch|p1b: GREEN LAVA|Sinistcha, L50|100/100
|switch|p2a: Whimsicott|Whimsicott, L50, F|100/100
|switch|p2b: Charizard|Charizard, L50, M|100/100
|turn|1
|
|t:|1783475613
|switch|p1b: SUPA SOOKA|Araquanid, L50, F, shiny|100/100
|detailschange|p2b: Charizard|Charizard-Mega-Y, L50, M
|-mega|p2b: Charizard|Charizard|Charizardite Y
|-weather|SunnyDay|[from] ability: Drought|[of] p2b: Charizard
|move|p2a: Whimsicott|Tailwind|p2a: Whimsicott
|-sidestart|p2: NightshadeAI|move: Tailwind
|move|p1a: Metal Nthuziast|Light Screen|p1a: Metal Nthuziast
|-sidestart|p1: beanybag|move: Light Screen
|move|p2b: Charizard|Heat Wave|p1b: SUPA SOOKA|[spread] p1b
|-miss|p2b: Charizard|p1a: Metal Nthuziast
|-damage|p1b: SUPA SOOKA|81/100
|
|-weather|SunnyDay|[upkeep]
|-heal|p1b: SUPA SOOKA|86/100|[from] item: Leftovers
|upkeep
|turn|2
|
|t:|1783475628
|move|p1a: Metal Nthuziast|Parting Shot|p2b: Charizard
|-unboost|p2b: Charizard|atk|1
|-unboost|p2b: Charizard|spa|1
|
|t:|1783475637
|switch|p1a: NONO SPOT|Scovillain, L50, F|100/100|[from] Parting Shot
|move|p2a: Whimsicott|Moonblast|p1a: NONO SPOT
|-resisted|p1a: NONO SPOT|1
|-damage|p1a: NONO SPOT|90/100
|move|p2b: Charizard|Heat Wave|p1b: SUPA SOOKA|[spread] p1a,p1b
|-damage|p1a: NONO SPOT|56/100
|-damage|p1b: SUPA SOOKA|75/100
|move|p1b: SUPA SOOKA|Stockpile|p1b: SUPA SOOKA
|-start|p1b: SUPA SOOKA|stockpile1
|-boost|p1b: SUPA SOOKA|def|1
|-boost|p1b: SUPA SOOKA|spd|1
|
|-weather|SunnyDay|[upkeep]
|-heal|p1b: SUPA SOOKA|81/100|[from] item: Leftovers
|-ability|p1a: NONO SPOT|Moody|boost
|-boost|p1a: NONO SPOT|spd|2
|-unboost|p1a: NONO SPOT|atk|1
|upkeep
|turn|3
|inactive|beanybag has 30 seconds left.
|
|t:|1783475663
|detailschange|p1a: NONO SPOT|Scovillain-Mega, L50, F
|-mega|p1a: NONO SPOT|Scovillain|Scovillainite
|move|p1a: NONO SPOT|Rage Powder|p1a: NONO SPOT
|-singleturn|p1a: NONO SPOT|move: Rage Powder
|move|p2a: Whimsicott|Moonblast|p1b: SUPA SOOKA
|-damage|p1b: SUPA SOOKA|70/100
|move|p2b: Charizard|Heat Wave|p1a: NONO SPOT|[spread] p1a,p1b
|-damage|p1a: NONO SPOT|42/100
|-damage|p1b: SUPA SOOKA|61/100
|-immune|p2b: Charizard
|move|p1b: SUPA SOOKA|Soak|p2b: Charizard
|-start|p2b: Charizard|typechange|Water
|
|-weather|SunnyDay|[upkeep]
|-heal|p1b: SUPA SOOKA|67/100|[from] item: Leftovers
|upkeep
|turn|4
|
|t:|1783475686
|move|p2a: Whimsicott|Moonblast|p1b: SUPA SOOKA
|-damage|p1b: SUPA SOOKA|56/100
|move|p2b: Charizard|Heat Wave|p1b: SUPA SOOKA|[spread] p1a,p1b
|-crit|p1a: NONO SPOT
|-damage|p1a: NONO SPOT|0 fnt
|-damage|p1b: SUPA SOOKA|51/100
|-status|p2b: Charizard|brn|[from] ability: Spicy Spray|[of] p1a: NONO SPOT
|faint|p1a: NONO SPOT
|move|p1b: SUPA SOOKA|Soak|p2a: Whimsicott
|-start|p2a: Whimsicott|typechange|Water
|
|-weather|SunnyDay|[upkeep]
|-heal|p1b: SUPA SOOKA|57/100|[from] item: Leftovers
|-damage|p2b: Charizard|94/100 brn|[from] brn
|-sideend|p2: NightshadeAI|move: Tailwind
|upkeep
|
|t:|1783475704
|switch|p1a: GREEN LAVA|Sinistcha, L50|100/100
|-heal|p1b: SUPA SOOKA|81/100|[from] ability: Hospitality|[of] p1a: GREEN LAVA
|turn|5
|inactive|beanybag has 30 seconds left.
|
|t:|1783475730
|move|p2a: Whimsicott|Tailwind|p2a: Whimsicott
|-sidestart|p2: NightshadeAI|move: Tailwind
|move|p2b: Charizard|Weather Ball|p1a: GREEN LAVA
|-supereffective|p1a: GREEN LAVA|1
|-damage|p1a: GREEN LAVA|48/100
|move|p1a: GREEN LAVA|Matcha Gotcha|p2b: Charizard|[spread] p2a,p2b
|-supereffective|p2a: Whimsicott|1
|-supereffective|p2b: Charizard|1
|-damage|p2a: Whimsicott|37/100
|-heal|p1a: GREEN LAVA|78/100|[from] drain|[of] p2a: Whimsicott
|-damage|p2b: Charizard|46/100 brn
|-heal|p1a: GREEN LAVA|100/100|[from] drain|[of] p2b: Charizard
|-status|p2a: Whimsicott|brn
|move|p1b: SUPA SOOKA|Stockpile|p1b: SUPA SOOKA
|-start|p1b: SUPA SOOKA|stockpile2
|-boost|p1b: SUPA SOOKA|def|1
|-boost|p1b: SUPA SOOKA|spd|1
|
|-weather|none
|-heal|p1b: SUPA SOOKA|87/100|[from] item: Leftovers
|-damage|p2a: Whimsicott|31/100 brn|[from] brn
|-damage|p2b: Charizard|40/100 brn|[from] brn
|upkeep
|turn|6
|
|t:|1783475747
|move|p2a: Whimsicott|Moonblast|p1a: GREEN LAVA
|-damage|p1a: GREEN LAVA|89/100
|move|p2b: Charizard|Heat Wave|p1b: SUPA SOOKA|[spread] p1a,p1b
|-supereffective|p1a: GREEN LAVA|1
|-crit|p1b: SUPA SOOKA
|-damage|p1a: GREEN LAVA|65/100
|-damage|p1b: SUPA SOOKA|68/100
|move|p1a: GREEN LAVA|Matcha Gotcha|p2b: Charizard|[spread] p2a,p2b
|-supereffective|p2a: Whimsicott|1
|-supereffective|p2b: Charizard|1
|-damage|p2a: Whimsicott|0 fnt
|-heal|p1a: GREEN LAVA|80/100|[from] drain|[of] p2a: Whimsicott
|-damage|p2b: Charizard|0 fnt
|-heal|p1a: GREEN LAVA|99/100|[from] drain|[of] p2b: Charizard
|faint|p2a: Whimsicott
|faint|p2b: Charizard
|move|p1b: SUPA SOOKA|Stockpile|p1b: SUPA SOOKA
|-start|p1b: SUPA SOOKA|stockpile3
|-boost|p1b: SUPA SOOKA|def|1
|-boost|p1b: SUPA SOOKA|spd|1
|
|-heal|p1b: SUPA SOOKA|74/100|[from] item: Leftovers
|upkeep
|
|t:|1783475747
|switch|p2a: Basculegion|Basculegion, L50, M|100/100
|switch|p2b: Garchomp|Garchomp, L50, F|100/100
|turn|7
|inactive|beanybag has 30 seconds left.
|inactive|beanybag has 20 seconds left.
|inactive|beanybag has 15 seconds left.
|inactive|beanybag has 10 seconds left.
|
|t:|1783475796
|switch|p1a: Metal Nthuziast|Grimmsnarl, L50, M, shiny|100/100
|move|p2b: Garchomp|Dragon Claw|p1a: Metal Nthuziast
|-immune|p1a: Metal Nthuziast
|move|p2a: Basculegion|Last Respects|p1a: Metal Nthuziast
|-resisted|p1a: Metal Nthuziast|1
|-damage|p1a: Metal Nthuziast|53/100
|move|p1b: SUPA SOOKA|Infestation|p2a: Basculegion
|-resisted|p2a: Basculegion|1
|-damage|p2a: Basculegion|98/100
|-activate|p2a: Basculegion|move: Infestation|[of] p1b: SUPA SOOKA
|
|-heal|p1b: SUPA SOOKA|80/100|[from] item: Leftovers
|-damage|p2a: Basculegion|85/100|[from] move: Infestation|[partiallytrapped]
|upkeep
|turn|8
|
|t:|1783475808
|move|p1a: Metal Nthuziast|Reflect|p1a: Metal Nthuziast
|-sidestart|p1: beanybag|Reflect
|move|p2b: Garchomp|Earthquake|p1a: Metal Nthuziast|[spread] p2a,p1a,p1b
|-resisted|p1b: SUPA SOOKA|1
|-damage|p2a: Basculegion|14/100
|-damage|p1a: Metal Nthuziast|22/100
|-damage|p1b: SUPA SOOKA|74/100
|-damage|p2b: Garchomp|90/100|[from] item: Life Orb
|move|p2a: Basculegion|Wave Crash|p1a: Metal Nthuziast
|-damage|p1a: Metal Nthuziast|0 fnt
|faint|p1a: Metal Nthuziast
|-damage|p2a: Basculegion|7/100|[from] Recoil
|move|p1b: SUPA SOOKA|Soak|p2b: Garchomp
|-start|p2b: Garchomp|typechange|Water
|
|-heal|p1b: SUPA SOOKA|80/100|[from] item: Leftovers
|-damage|p2a: Basculegion|0 fnt|[from] move: Infestation|[partiallytrapped]
|faint|p2a: Basculegion
|-sideend|p1: beanybag|move: Light Screen
|-sideend|p2: NightshadeAI|move: Tailwind
|upkeep
|
|t:|1783475811
|switch|p1a: GREEN LAVA|Sinistcha, L50|99/100
|-heal|p1b: SUPA SOOKA|100/100|[from] ability: Hospitality|[of] p1a: GREEN LAVA
|turn|9
|
|t:|1783475821
|move|p2b: Garchomp|Rock Slide|p1b: SUPA SOOKA|[spread] p1a,p1b
|-supereffective|p1b: SUPA SOOKA|1
|-damage|p1a: GREEN LAVA|82/100
|-damage|p1b: SUPA SOOKA|89/100
|-damage|p2b: Garchomp|80/100|[from] item: Life Orb
|move|p1a: GREEN LAVA|Matcha Gotcha|p2b: Garchomp
|-supereffective|p2b: Garchomp|1
|-damage|p2b: Garchomp|9/100
|-heal|p1a: GREEN LAVA|100/100|[from] drain|[of] p2b: Garchomp
|-status|p2b: Garchomp|brn
|move|p1b: SUPA SOOKA|Infestation|p2b: Garchomp
|-damage|p2b: Garchomp|5/100 brn
|-activate|p2b: Garchomp|move: Infestation|[of] p1b: SUPA SOOKA
|-damage|p1b: SUPA SOOKA|77/100|[from] ability: Rough Skin|[of] p2b: Garchomp
|
|-heal|p1b: SUPA SOOKA|82/100|[from] item: Leftovers
|-damage|p2b: Garchomp|0 fnt|[from] brn
|faint|p2b: Garchomp
|
|win|beanybag
|l|☆NightshadeAI
|player|p2|
||beanybag is ready for game 2.
|inactive|NightshadeAI has 30 seconds to confirm battle start!
|inactive|NightshadeAI has 20 seconds to confirm battle start!
|inactive|NightshadeAI has 10 seconds to confirm battle start!
