|j|☆SunshineTufo
|j|☆engdeutsch
|html|SunshineTufoengdeutsch    
|uhtml|bestof|Game 1 of a best-of-3
|t:|1785263201
|gametype|doubles
|player|p1|SunshineTufo|li|1177
|player|p2|engdeutsch|youngcouple|1169
|gen|9
|tier|[Gen 9 Champions] VGC 2026 Reg M-B (Bo3)
|rated|
|rule|Species Clause: Limit one of each Pokémon
|rule|Item Clause: Limit 1 of each item
|clearpoke
|poke|p1|Charizard, L50, M, shiny|
|poke|p1|Incineroar, L50, M, shiny|
|poke|p1|Sylveon, L50, M, shiny|
|poke|p1|Aerodactyl, L50, M, shiny|
|poke|p1|Garchomp, L50, M, shiny|
|poke|p1|Farigiraf, L50, M, shiny|
|poke|p2|Torkoal, L50, M, shiny|
|poke|p2|Farigiraf, L50, M, shiny|
|poke|p2|Sableye, L50, M, shiny|
|poke|p2|Sylveon, L50, F, shiny|
|poke|p2|Hatterene, L50, F, shiny|
|poke|p2|Camerupt, L50, M, shiny|
|teampreview|4
|showteam|p1|Charizard||CharizarditeY|SolarPower|HeatWave,WeatherBall,SolarBeam,Protect|Modest||M|||50|]Incineroar||Charcoal|Intimidate|FlareBlitz,DarkestLariat,FakeOut,PartingShot|Brave||M|||50|]Sylveon||FairyFeather|Pixilate|HyperVoice,QuickAttack,HyperBeam,Detect|Modest||M|||50|]Aerodactyl||Aerodactylite|Unnerve|WideGuard,RockSlide,DualWingbeat,Tailwind|Jolly||M|||50|]Garchomp||LifeOrb|RoughSkin|Protect,StompingTantrum,DragonClaw,Earthquake|Adamant||M|||50|]Farigiraf||SitrusBerry|ArmorTail|SunnyDay,PsychicFangs,Thunderbolt,TrickRoom|Relaxed||M|||50|
|showteam|p2|Torkoal||Charcoal|Drought|Eruption,HeatWave,Protect,HelpingHand|Quiet||M|||50|]Farigiraf||SitrusBerry|ArmorTail|HelpingHand,TrickRoom,Psychic,HyperVoice|Quiet||M|||50|]Sableye||FocusSash|Prankster|WillOWisp,Reflect,LightScreen,SunnyDay|Relaxed||M|||50|]Sylveon||FairyFeather|Pixilate|HyperVoice,Detect,HyperBeam,QuickAttack|Modest||F|||50|]Hatterene||LifeOrb|MagicBounce|DazzlingGleam,FutureSight,Protect,TrickRoom|Quiet||F|||50|]Camerupt||Cameruptite|SolidRock|Eruption,Overheat,Protect,FlashCannon|Quiet||M|||50|
|inactive|Battle timer is ON: inactive players will automatically lose when time's up. (requested by SunshineTufo)
|
|t:|1785263230
|teamsize|p1|4
|teamsize|p2|4
|start
|switch|p1a: Farigiraf|Farigiraf, L50, M, shiny|100/100
|switch|p1b: Incineroar|Incineroar, L50, M, shiny|100/100
|switch|p2a: Torkoal|Torkoal, L50, M, shiny|100/100
|switch|p2b: Farigiraf|Farigiraf, L50, M, shiny|100/100
|-ability|p1b: Incineroar|Intimidate|boost
|-unboost|p2a: Torkoal|atk|1
|-unboost|p2b: Farigiraf|atk|1
|-weather|SunnyDay|[from] ability: Drought|[of] p2a: Torkoal
|turn|1
|
|t:|1785263251
|move|p2a: Torkoal|Protect|p2a: Torkoal
|-singleturn|p2a: Torkoal|Protect
|move|p1b: Incineroar|Flare Blitz|p2b: Farigiraf
|-damage|p2b: Farigiraf|7/100
|-enditem|p2b: Farigiraf|Sitrus Berry|[eat]
|-heal|p2b: Farigiraf|32/100|[from] item: Sitrus Berry
|-damage|p1b: Incineroar|65/100|[from] Recoil
|move|p1a: Farigiraf|Psychic Fangs|p2b: Farigiraf
|-resisted|p2b: Farigiraf|1
|-damage|p2b: Farigiraf|20/100y
|move|p2b: Farigiraf|Trick Room|p2b: Farigiraf
|-fieldstart|move: Trick Room|[of] p2b: Farigiraf
|
|-weather|SunnyDay|[upkeep]
|upkeep
|turn|2
|
|t:|1785263275
|move|p2a: Torkoal|Eruption|p1a: Farigiraf|[spread] p1a,p1b
|-resisted|p1b: Incineroar|1
|-damage|p1a: Farigiraf|27/100
|-damage|p1b: Incineroar|30/100
|-enditem|p1a: Farigiraf|Sitrus Berry|[eat]
|-heal|p1a: Farigiraf|52/100|[from] item: Sitrus Berry
|move|p2b: Farigiraf|Hyper Voice|p1b: Incineroar|[spread] p1a,p1b
|-damage|p1a: Farigiraf|26/100
|-damage|p1b: Incineroar|5/100
|move|p1b: Incineroar|Flare Blitz|p2b: Farigiraf
|-damage|p2b: Farigiraf|0 fnt
|faint|p2b: Farigiraf
|-damage|p1b: Incineroar|0 fnt|[from] Recoil
|faint|p1b: Incineroar
|move|p1a: Farigiraf|Trick Room|p1a: Farigiraf
|-fieldend|move: Trick Room
|
|-weather|SunnyDay|[upkeep]
|upkeep
|
|t:|1785263297
|switch|p1b: Garchomp|Garchomp, L50, M, shiny|100/100
|switch|p2b: Sylveon|Sylveon, L50, F, shiny|100/100
|turn|3
|
|t:|1785263315
|move|p1b: Garchomp|Protect|p1b: Garchomp
|-singleturn|p1b: Garchomp|Protect
|move|p2b: Sylveon|Hyper Beam|p1b: Garchomp
|-activate|p1b: Garchomp|move: Protect
|move|p1a: Farigiraf|Thunderbolt|p2b: Sylveon
|-damage|p2b: Sylveon|81/100
|-status|p2b: Sylveon|par
|move|p2a: Torkoal|Heat Wave|p1b: Garchomp|[spread] p1a
|-activate|p1b: Garchomp|move: Protect
|-damage|p1a: Farigiraf|0 fnt
|faint|p1a: Farigiraf
|
|-weather|SunnyDay|[upkeep]
|upkeep
|
|t:|1785263325
|switch|p1a: Charizard|Charizard, L50, M, shiny|100/100
|turn|4
|
|t:|1785263345
|move|p1b: Garchomp|Earthquake|p2b: Sylveon|[spread] p2a,p2b
|-immune|p1a: Charizard
|-supereffective|p2a: Torkoal|1
|-damage|p2a: Torkoal|29/100
|-damage|p2b: Sylveon|12/100 par
|-damage|p1b: Garchomp|90/100|[from] item: Life Orb
|move|p1a: Charizard|Weather Ball|p2b: Sylveon
|-damage|p2b: Sylveon|0 fnt
|faint|p2b: Sylveon
|move|p2a: Torkoal|Eruption|p1a: Charizard|[spread] p1a,p1b
|-resisted|p1a: Charizard|1
|-resisted|p1b: Garchomp|1
|-damage|p1a: Charizard|84/100
|-damage|p1b: Garchomp|77/100
|
|-weather|SunnyDay|[upkeep]
|-damage|p1a: Charizard|72/100|[from] ability: Solar Power|[of] p1a: Charizard
|upkeep
|
|t:|1785263362
|switch|p2b: Camerupt|Camerupt, L50, M, shiny|100/100
|turn|5
|
|t:|1785263376
|detailschange|p2b: Camerupt|Camerupt-Mega, L50, M, shiny
|-mega|p2b: Camerupt|Camerupt|Cameruptite
|move|p1b: Garchomp|Earthquake|p2b: Camerupt|[spread] p2a,p2b
|-immune|p1a: Charizard
|-supereffective|p2a: Torkoal|1
|-supereffective|p2b: Camerupt|1
|-damage|p2a: Torkoal|0 fnt
|-damage|p2b: Camerupt|0 fnt
|faint|p2a: Torkoal
|faint|p2b: Camerupt
|-damage|p1b: Garchomp|67/100|[from] item: Life Orb
|
|win|SunshineTufo
