|j|☆lox1sm
|j|☆kpojiunh
|html|lox1smkpojiunh    
|uhtml|bestof|Game 2 of a best-of-3
|t:|1782308813
|gametype|doubles
|player|p1|lox1sm|veteran|1144
|player|p2|kpojiunh|pokemonrangerf|1088
|gen|9
|tier|[Gen 9 Champions] VGC 2026 Reg M-B (Bo3)
|rated|
|rule|Species Clause: Limit one of each Pokémon
|rule|Item Clause: Limit 1 of each item
|clearpoke
|poke|p1|Charizard, L50, M|
|poke|p1|Metagross, L50|
|poke|p1|Aerodactyl, L50, F|
|poke|p1|Garchomp, L50, F|
|poke|p1|Tsareena, L50, F|
|poke|p1|Samurott-Hisui, L50, F|
|poke|p2|Sceptile, L50, M|
|poke|p2|Volcarona, L50, M|
|poke|p2|Metagross, L50|
|poke|p2|Milotic, L50, F|
|poke|p2|Incineroar, L50, F|
|poke|p2|Excadrill, L50, F|
|teampreview|4
|showteam|p1|Charizard||CharizarditeY|Blaze|HeatWave,WeatherBall,SolarBeam,Protect|Modest||M|||50|]Metagross||Metagrossite|ClearBody|IronHead,PsychicFangs,StompingTantrum,Protect|Jolly|||||50|]Aerodactyl||FocusSash|Unnerve|RockSlide,IceFang,Tailwind,WideGuard|Jolly||F|||50|]Garchomp||LifeOrb|RoughSkin|DragonClaw,Earthquake,RockSlide,Protect|Jolly||F|||50|]Tsareena||WideLens|QueenlyMajesty|PowerWhip,TripleAxel,Taunt,Protect|Adamant||F|||50|]Samurott-Hisui||BlackGlasses|Sharpness|NightSlash,SuckerPunch,SacredSword,Protect|Adamant||F|||50|
|showteam|p2|Sceptile||Sceptilite|Overgrow|ShedTail,LeafStorm,EarthPower,DragonPulse|Timid||M|||50|]Volcarona||Leftovers|FlameBody|QuiverDance,HeatWave,RagePowder,Protect|Timid||M|||50|]Metagross||Metagrossite|ClearBody|BulletPunch,PsychicFangs,Protect,MeteorMash|Jolly|||||50|]Milotic||MysticWater|Competitive|MuddyWater,Hypnosis,Coil,Recover|Modest||F|||50|]Incineroar||SitrusBerry|Intimidate|FlareBlitz,ThroatChop,PartingShot,FakeOut|Adamant||F|||50|]Excadrill||LifeOrb|MoldBreaker|HighHorsepower,Protect,IronHead,RockSlide|Jolly||F|||50|
|inactive|Battle timer is ON: inactive players will automatically lose when time's up. (requested by kpojiunh)
|
|t:|1782308824
|teamsize|p1|4
|teamsize|p2|4
|start
|switch|p1a: Aerodactyl|Aerodactyl, L50, F|100/100
|switch|p1b: Charizard|Charizard, L50, M|100/100
|switch|p2a: Incineroar|Incineroar, L50, F|100/100
|switch|p2b: Sceptile|Sceptile, L50, M|100/100
|-ability|p1a: Aerodactyl|Unnerve
|-ability|p2a: Incineroar|Intimidate|boost
|-unboost|p1a: Aerodactyl|atk|1
|-unboost|p1b: Charizard|atk|1
|turn|1
|
|t:|1782308845
|detailschange|p2b: Sceptile|Sceptile-Mega, L50, M
|-mega|p2b: Sceptile|Sceptile|Sceptilite
|detailschange|p1b: Charizard|Charizard-Mega-Y, L50, M
|-mega|p1b: Charizard|Charizard|Charizardite Y
|-weather|SunnyDay|[from] ability: Drought|[of] p1b: Charizard
|move|p2a: Incineroar|Fake Out|p1a: Aerodactyl
|-resisted|p1a: Aerodactyl|1
|-damage|p1a: Aerodactyl|91/100
|move|p2b: Sceptile|Shed Tail|p2b: Sceptile
|-start|p2b: Sceptile|Substitute|[from] move: Shed Tail
|-damage|p2b: Sceptile|49/100
|
|t:|1782308851
|switch|p2b: Milotic|Milotic, L50, F|100/100|[from] Shed Tail
|cant|p1a: Aerodactyl|flinch
|move|p1b: Charizard|Weather Ball|p2b: Milotic
|-resisted|p2b: Milotic|1
|-end|p2b: Milotic|Substitute
|
|-weather|SunnyDay|[upkeep]
|upkeep
|turn|2
|
|t:|1782308876
|move|p1a: Aerodactyl|Rock Slide|p2a: Incineroar|[spread] p2a,p2b
|-supereffective|p2a: Incineroar|1
|-damage|p2a: Incineroar|64/100
|-damage|p2b: Milotic|85/100
|move|p1b: Charizard|Solar Beam||[still]
|-prepare|p1b: Charizard|Solar Beam
|-anim|p1b: Charizard|Solar Beam|p2b: Milotic
|-supereffective|p2b: Milotic|1
|-damage|p2b: Milotic|15/100
|cant|p2a: Incineroar|flinch
|move|p2b: Milotic|Coil|p2b: Milotic
|-boost|p2b: Milotic|atk|1
|-boost|p2b: Milotic|def|1
|-boost|p2b: Milotic|accuracy|1
|
|-weather|SunnyDay|[upkeep]
|upkeep
|turn|3
|inactive|lox1sm has 30 seconds left.
|
|t:|1782308903
|move|p1a: Aerodactyl|Rock Slide|p2a: Incineroar|[spread] p2a,p2b
|-supereffective|p2a: Incineroar|1
|-damage|p2a: Incineroar|31/100
|-damage|p2b: Milotic|5/100
|move|p1b: Charizard|Solar Beam||[still]
|-prepare|p1b: Charizard|Solar Beam
|-anim|p1b: Charizard|Solar Beam|p2b: Milotic
|-supereffective|p2b: Milotic|1
|-damage|p2b: Milotic|0 fnt
|faint|p2b: Milotic
|move|p2a: Incineroar|Parting Shot|p1a: Aerodactyl
|-unboost|p1a: Aerodactyl|atk|1
|-unboost|p1a: Aerodactyl|spa|1
|
|t:|1782308912
|switch|p2a: Volcarona|Volcarona, L50, M|100/100|[from] Parting Shot
|
|-weather|SunnyDay|[upkeep]
|upkeep
|
|t:|1782308914
|switch|p2b: Incineroar|Incineroar, L50, F|31/100
|-ability|p2b: Incineroar|Intimidate|boost
|-unboost|p1a: Aerodactyl|atk|1
|-unboost|p1b: Charizard|atk|1
|turn|4
|
|t:|1782308927
|switch|p1b: Tsareena|Tsareena, L50, F|100/100
|move|p1a: Aerodactyl|Rock Slide|p2a: Volcarona|[spread] p2a,p2b
|-supereffective|p2a: Volcarona|2
|-supereffective|p2b: Incineroar|1
|-damage|p2a: Volcarona|54/100
|-damage|p2b: Incineroar|10/100
|cant|p2a: Volcarona|flinch
|move|p2b: Incineroar|Parting Shot|p1b: Tsareena
|-unboost|p1b: Tsareena|atk|1
|-unboost|p1b: Tsareena|spa|1
|
|t:|1782308934
|switch|p2b: Sceptile|Sceptile-Mega, L50, M|49/100|[from] Parting Shot
|
|-weather|SunnyDay|[upkeep]
|-heal|p2a: Volcarona|60/100|[from] item: Leftovers
|upkeep
|turn|5
|
|t:|1782308953
|move|p2a: Volcarona|Protect|p2a: Volcarona
|-singleturn|p2a: Volcarona|Protect
|move|p2b: Sceptile|Leaf Storm|p1a: Aerodactyl
|-damage|p1a: Aerodactyl|8/100
|-unboost|p2b: Sceptile|spa|2
|move|p1a: Aerodactyl|Tailwind|p1a: Aerodactyl
|-sidestart|p1: lox1sm|move: Tailwind
|move|p1b: Tsareena|Triple Axel|p2b: Sceptile
|-supereffective|p2b: Sceptile|2
|-damage|p2b: Sceptile|24/100
|-supereffective|p2b: Sceptile|2
|-damage|p2b: Sceptile|0 fnt
|faint|p2b: Sceptile
|-hitcount|p2: Sceptile|2
|
|-weather|none
|-heal|p2a: Volcarona|66/100|[from] item: Leftovers
|upkeep
|
|t:|1782308963
|switch|p2b: Incineroar|Incineroar, L50, F|10/100
|-ability|p2b: Incineroar|Intimidate|boost
|-unboost|p1a: Aerodactyl|atk|1
|-unboost|p1b: Tsareena|atk|1
|turn|6
|
|t:|1782308985
|move|p1a: Aerodactyl|Rock Slide|p2b: Incineroar|[spread] p2a,p2b
|-supereffective|p2a: Volcarona|2
|-supereffective|p2b: Incineroar|1
|-damage|p2a: Volcarona|31/100
|-damage|p2b: Incineroar|0 fnt
|faint|p2b: Incineroar
|move|p1b: Tsareena|Taunt|p2a: Volcarona
|-start|p2a: Volcarona|move: Taunt
|cant|p2a: Volcarona|flinch
|
|-heal|p2a: Volcarona|37/100|[from] item: Leftovers
|upkeep
|turn|7
|-message|kpojiunh forfeited.
|
|win|lox1sm
|raw|lox1sm's rating: 1144 → 1165(+21 for winning)
|raw|kpojiunh's rating: 1088 → 1069(-19 for losing)
|l|☆kpojiunh
|player|p2|
