|j|☆poison mouse
|j|☆UpsideDownPants
|html|poison mouseUpsideDownPants    
|uhtml|bestof|Game 1 of a best-of-3
|t:|1784727649
|gametype|doubles
|player|p1|poison mouse|tate|1024
|player|p2|UpsideDownPants|elesa-masters2|1040
|gen|9
|tier|[Gen 9 Champions] VGC 2026 Reg M-B (Bo3)
|rated|
|rule|Species Clause: Limit one of each Pokémon
|rule|Item Clause: Limit 1 of each item
|clearpoke
|poke|p1|Charizard, L50, F|
|poke|p1|Garchomp, L50, F|
|poke|p1|Incineroar, L50, F|
|poke|p1|Venusaur, L50, F|
|poke|p1|Toxapex, L50, M|
|poke|p1|Sylveon, L50, F|
|poke|p2|Delphox, L50, F|
|poke|p2|Kingambit, L50, M|
|poke|p2|Floette-Eternal, L50, F|
|poke|p2|Sneasler, L50, M|
|poke|p2|Incineroar, L50, F|
|poke|p2|Sinistcha, L50|
|teampreview|4
|showteam|p1|Charizard||CharizarditeY|SolarPower|WeatherBall,HeatWave,AncientPower,Protect|Modest||F|||50|]Garchomp||ChoiceScarf|RoughSkin|RockSlide,DragonClaw,Earthquake,StompingTantrum|Adamant||F|||50|]Incineroar||SitrusBerry|Intimidate|FlareBlitz,FakeOut,DarkestLariat,PartingShot|Impish||F|||50|]Venusaur||LifeOrb|Chlorophyll|SludgeBomb,LeafStorm,EarthPower,Protect|Modest||F|||50|]Toxapex||Leftovers|Regenerator|Infestation,Toxic,WideGuard,BanefulBunker|Bold||M|||50|]Sylveon||FairyFeather|Pixilate|HyperVoice,QuickAttack,Yawn,Detect|Modest||F|||50|
|showteam|p2|Delphox||Delphoxite|Blaze|NastyPlot,HeatWave,Psyshock,Protect|Timid||F|||50|]Kingambit||BlackGlasses|Defiant|SwordsDance,KowtowCleave,SuckerPunch,Protect|Adamant||M|||50|]Floette-Eternal||Floettite|FlowerVeil|CalmMind,Moonblast,DazzlingGleam,Protect|Timid||F|||50|]Sneasler||FocusSash|PoisonTouch|FakeOut,PoisonJab,CloseCombat,QuickGuard|Jolly||M|||50|]Incineroar||SitrusBerry|Intimidate|FakeOut,FlareBlitz,WillOWisp,PartingShot|Careful||F|||50|]Sinistcha||KasibBerry|Hospitality|RagePowder,MatchaGotcha,TrickRoom,Protect|Calm|||||50|
|inactive|Battle timer is ON: inactive players will automatically lose when time's up. (requested by UpsideDownPants)
|inactive|poison mouse has 60 seconds left.
|
|t:|1784727682
|teamsize|p1|4
|teamsize|p2|4
|start
|switch|p1a: Toxapex|Toxapex, L50, M|100/100
|switch|p1b: Charizard|Charizard, L50, F|100/100
|switch|p2a: Incineroar|Incineroar, L50, F|100/100
|switch|p2b: Delphox|Delphox, L50, F|100/100
|-ability|p2a: Incineroar|Intimidate|boost
|-unboost|p1a: Toxapex|atk|1
|-unboost|p1b: Charizard|atk|1
|turn|1
|
|t:|1784727695
|detailschange|p2b: Delphox|Delphox-Mega, L50, F
|-mega|p2b: Delphox|Delphox|Delphoxite
|detailschange|p1b: Charizard|Charizard-Mega-Y, L50, F
|-mega|p1b: Charizard|Charizard|Charizardite Y
|-weather|SunnyDay|[from] ability: Drought|[of] p1b: Charizard
|move|p2a: Incineroar|Fake Out|p1b: Charizard
|-damage|p1b: Charizard|90/100
|move|p2b: Delphox|Nasty Plot|p2b: Delphox
|-boost|p2b: Delphox|spa|2
|cant|p1b: Charizard|flinch
|move|p1a: Toxapex|Toxic|p2b: Delphox
|-status|p2b: Delphox|tox
|
|-weather|SunnyDay|[upkeep]
|-damage|p2b: Delphox|94/100 tox|[from] psn
|upkeep
|turn|2
|
|t:|1784727714
|switch|p2a: Sneasler|Sneasler, L50, M|100/100
|switch|p1a: Incineroar|Incineroar, L50, F|100/100
|-ability|p1a: Incineroar|Intimidate|boost
|-unboost|p2a: Sneasler|atk|1
|-unboost|p2b: Delphox|atk|1
|move|p1b: Charizard|Protect|p1b: Charizard
|-singleturn|p1b: Charizard|Protect
|move|p2b: Delphox|Psyshock|p1a: Incineroar
|-immune|p1a: Incineroar
|
|-weather|SunnyDay|[upkeep]
|-damage|p2b: Delphox|82/100 tox|[from] psn
|upkeep
|turn|3
|
|t:|1784727730
|move|p2a: Sneasler|Fake Out|p1a: Incineroar
|-crit|p1a: Incineroar
|-damage|p1a: Incineroar|83/100
|cant|p1a: Incineroar|flinch
|move|p2b: Delphox|Psyshock|p1b: Charizard
|-damage|p1b: Charizard|1/100
|move|p1b: Charizard|Ancient Power|p2b: Delphox
|-supereffective|p2b: Delphox|1
|-damage|p2b: Delphox|35/100 tox
|
|-weather|SunnyDay|[upkeep]
|-damage|p2b: Delphox|17/100 tox|[from] psn
|upkeep
|turn|4
|inactive|poison mouse has 30 seconds left.
|
|t:|1784727761
|move|p1b: Charizard|Protect|p1b: Charizard
|-singleturn|p1b: Charizard|Protect
|move|p2b: Delphox|Heat Wave|p1a: Incineroar|[spread] p1a
|-activate|p1b: Charizard|move: Protect
|-resisted|p1a: Incineroar|1
|-damage|p1a: Incineroar|23/100
|-enditem|p1a: Incineroar|Sitrus Berry|[eat]
|-heal|p1a: Incineroar|48/100|[from] item: Sitrus Berry
|move|p2a: Sneasler|Close Combat|p1a: Incineroar
|-supereffective|p1a: Incineroar|1
|-damage|p1a: Incineroar|0 fnt
|-unboost|p2a: Sneasler|def|1
|-unboost|p2a: Sneasler|spd|1
|faint|p1a: Incineroar
|
|-weather|SunnyDay|[upkeep]
|-damage|p2b: Delphox|0 fnt|[from] psn
|faint|p2b: Delphox
|upkeep
|
|t:|1784727775
|switch|p2b: Incineroar|Incineroar, L50, F|100/100
|switch|p1a: Toxapex|Toxapex, L50, M|100/100
|-ability|p2b: Incineroar|Intimidate|boost
|-unboost|p1a: Toxapex|atk|1
|-unboost|p1b: Charizard|atk|1
|turn|5
|
|t:|1784727783
|switch|p2a: Kingambit|Kingambit, L50, M|100/100
|switch|p1b: Garchomp|Garchomp, L50, F|100/100
|move|p2b: Incineroar|Fake Out|p1b: Garchomp
|-damage|p1b: Garchomp|89/100
|-damage|p2b: Incineroar|87/100|[from] ability: Rough Skin|[of] p1b: Garchomp
|move|p1a: Toxapex|Infestation|p2a: Kingambit
|-damage|p2a: Kingambit|97/100
|-activate|p2a: Kingambit|move: Infestation|[of] p1a: Toxapex
|
|-weather|none
|-damage|p2a: Kingambit|84/100|[from] move: Infestation|[partiallytrapped]
|upkeep
|turn|6
|
|t:|1784727806
|move|p2a: Kingambit|Protect|p2a: Kingambit
|-singleturn|p2a: Kingambit|Protect
|move|p1a: Toxapex|Wide Guard|p1a: Toxapex
|-singleturn|p1a: Toxapex|Wide Guard
|move|p1b: Garchomp|Earthquake|p2b: Incineroar|[spread] p2b
|-activate|p1a: Toxapex|move: Wide Guard
|-activate|p2a: Kingambit|move: Protect
|-supereffective|p2b: Incineroar|1
|-damage|p2b: Incineroar|18/100
|-enditem|p2b: Incineroar|Sitrus Berry|[eat]
|-heal|p2b: Incineroar|43/100|[from] item: Sitrus Berry
|move|p2b: Incineroar|Will-O-Wisp|p1b: Garchomp
|-status|p1b: Garchomp|brn
|
|-damage|p1b: Garchomp|83/100 brn|[from] brn
|-damage|p2a: Kingambit|72/100|[from] move: Infestation|[partiallytrapped]
|upkeep
|turn|7
|inactive|UpsideDownPants has 30 seconds left.
|
|t:|1784727835
|switch|p2b: Sneasler|Sneasler, L50, M|100/100
|move|p1b: Garchomp|Earthquake|p2a: Kingambit|[spread] p1a,p2a,p2b
|-supereffective|p1a: Toxapex|1
|-supereffective|p2a: Kingambit|1
|-supereffective|p2b: Sneasler|1
|-damage|p1a: Toxapex|70/100
|-damage|p2a: Kingambit|33/100
|-damage|p2b: Sneasler|28/100
|move|p2a: Kingambit|Swords Dance|p2a: Kingambit
|-boost|p2a: Kingambit|atk|2
|move|p1a: Toxapex|Infestation|p2b: Sneasler
|-resisted|p2b: Sneasler|2
|-damage|p2b: Sneasler|28/100
|-activate|p2b: Sneasler|move: Infestation|[of] p1a: Toxapex
|
|-heal|p1a: Toxapex|76/100|[from] item: Leftovers
|-damage|p1b: Garchomp|77/100 brn|[from] brn
|-damage|p2b: Sneasler|15/100|[from] move: Infestation|[partiallytrapped]
|-damage|p2a: Kingambit|20/100y|[from] move: Infestation|[partiallytrapped]
|upkeep
|turn|8
|
|t:|1784727859
|move|p1a: Toxapex|Baneful Bunker|p1a: Toxapex
|-singleturn|p1a: Toxapex|move: Protect
|move|p2a: Kingambit|Sucker Punch|p1b: Garchomp
|-damage|p1b: Garchomp|0 fnt
|-damage|p2a: Kingambit|8/100|[from] ability: Rough Skin|[of] p1b: Garchomp
|faint|p1b: Garchomp
|move|p2b: Sneasler|Close Combat|p1a: Toxapex
|-activate|p1a: Toxapex|move: Protect
|
|-heal|p1a: Toxapex|82/100|[from] item: Leftovers
|-damage|p2b: Sneasler|3/100|[from] move: Infestation|[partiallytrapped]
|-damage|p2a: Kingambit|0 fnt|[from] move: Infestation|[partiallytrapped]
|faint|p2a: Kingambit
|upkeep
|
|t:|1784727865
|switch|p1b: Charizard|Charizard-Mega-Y, L50, F|1/100
|switch|p2a: Incineroar|Incineroar, L50, F|43/100
|-weather|SunnyDay|[from] ability: Drought|[of] p1b: Charizard
|-ability|p2a: Incineroar|Intimidate|boost
|-unboost|p1a: Toxapex|atk|1
|-unboost|p1b: Charizard|atk|1
|turn|9
|
|t:|1784727885
|move|p2a: Incineroar|Fake Out|p1b: Charizard
|-damage|p1b: Charizard|0 fnt
|faint|p1b: Charizard
|move|p2b: Sneasler|Close Combat|p1a: Toxapex
|-resisted|p1a: Toxapex|1
|-damage|p1a: Toxapex|61/100
|-unboost|p2b: Sneasler|def|1
|-unboost|p2b: Sneasler|spd|1
|move|p1a: Toxapex|Toxic|p2a: Incineroar
|-status|p2a: Incineroar|tox
|
|-weather|SunnyDay|[upkeep]
|-heal|p1a: Toxapex|66/100|[from] item: Leftovers
|-damage|p2a: Incineroar|37/100 tox|[from] psn
|-damage|p2b: Sneasler|0 fnt|[from] move: Infestation|[partiallytrapped]
|faint|p2b: Sneasler
|upkeep
|turn|10
|
|t:|1784727897
|move|p1a: Toxapex|Baneful Bunker|p1a: Toxapex
|-singleturn|p1a: Toxapex|move: Protect
|move|p2a: Incineroar|Flare Blitz|p1a: Toxapex
|-activate|p1a: Toxapex|move: Protect
|
|-weather|SunnyDay|[upkeep]
|-heal|p1a: Toxapex|72/100|[from] item: Leftovers
|-damage|p2a: Incineroar|25/100 tox|[from] psn
|upkeep
|turn|11
|
|t:|1784727903
|move|p2a: Incineroar|Flare Blitz|p1a: Toxapex
|-resisted|p1a: Toxapex|1
|-damage|p1a: Toxapex|47/100
|-damage|p2a: Incineroar|18/100 tox|[from] Recoil
|move|p1a: Toxapex|Infestation|p2a: Incineroar
|-damage|p2a: Incineroar|16/100 tox
|-activate|p2a: Incineroar|move: Infestation|[of] p1a: Toxapex
|
|-weather|SunnyDay|[upkeep]
|-heal|p1a: Toxapex|53/100|[from] item: Leftovers
|-damage|p2a: Incineroar|0 fnt|[from] psn
|faint|p2a: Incineroar
|
|win|poison mouse
||poison mouse is ready for game 2.
||UpsideDownPants is ready for game 2.
|uhtml|next|Next: Game 2 of 3
|l|☆UpsideDownPants
|player|p2|
