|j|☆smearscat
|j|☆Hivemind125
|html|smearscatHivemind125    
|uhtml|bestof|Game 2 of a best-of-3
|t:|1784606509
|gametype|doubles
|player|p1|smearscat|marlon|
|player|p2|Hivemind125|102|
|gen|9
|tier|[Gen 9 Champions] VGC 2026 Reg M-B (Bo3)
|rule|Species Clause: Limit one of each Pokémon
|rule|Item Clause: Limit 1 of each item
|clearpoke
|poke|p1|Tyranitar, L50, M|
|poke|p1|Excadrill, L50, M|
|poke|p1|Slowbro, L50, F|
|poke|p1|Rotom-Mow, L50|
|poke|p1|Pidgeot, L50, M|
|poke|p1|Gholdengo, L50|
|poke|p2|Palafin, L50, F|
|poke|p2|Metagross, L50|
|poke|p2|Sableye, L50, F|
|poke|p2|Gyarados, L50, M|
|poke|p2|Sylveon, L50, M|
|poke|p2|Zoroark, L50, M|
|teampreview|4
|showteam|p1|Tyranitar||Tyranitarite|SandStream|DragonDance,RockSlide,Crunch,FirePunch|Jolly||M|||50|]Excadrill||FocusSash|SandRush|Earthquake,IronHead,RockSlide,SwordsDance|Jolly||M|||50|]Slowbro||Leftovers|Regenerator|Scald,Flamethrower,SlackOff,ThunderWave|Bold||F|||50|]Rotom-Mow||ChoiceScarf|Levitate|VoltSwitch,Thunderbolt,LeafStorm,Trick|Timid|||||50|]Pidgeot||Pidgeotite|BigPecks|Hurricane,HeatWave,Uturn,Roost|Timid||M|||50|]Gholdengo||ColburBerry|GoodasGold|MakeItRain,ShadowBall,Thunderbolt,Recover|Timid|||||50|
|showteam|p2|Palafin||FocusBand|ZerotoHero|DrainPunch,CloseCombat,FlipTurn,WaveCrash|Jolly||F|||50|]Metagross||Metagrossite|ClearBody|BodyPress,BulletPunch,Earthquake,PsychicFangs|Jolly|||||50|]Sableye||Sablenite|Prankster|Encore,FakeOut,Taunt,ThunderWave|Impish||F|||50|]Gyarados||LumBerry|Intimidate|DragonDance,Waterfall,PowerWhip,IceFang|Jolly||M|||50|]Sylveon||FairyFeather|Pixilate|HyperVoice,HyperBeam,QuickAttack,Detect|Modest||M|||50|]Zoroark||LifeOrb|Illusion|DarkPulse,SludgeBomb,Flamethrower,GrassKnot|Timid||M|||50|
|
|t:|1784606583
|teamsize|p1|4
|teamsize|p2|4
|start
|switch|p1a: lawnmower|Rotom-Mow, L50|100/100
|switch|p1b: mega idiot|Pidgeot, L50, M|100/100
|switch|p2a: Metagross|Metagross, L50|100/100
|switch|p2b: Sylveon|Sylveon, L50, M|100/100
|turn|1
|
|t:|1784606632
|move|p1a: lawnmower|Volt Switch|p2a: Metagross
|-damage|p2a: Metagross|43/100
|replace|p2a: Zoroark|Zoroark, L50, M
|-end|p2a: Zoroark|Illusion
|
|t:|1784606638
|switch|p1a: Gholdilddy|Gholdengo, L50|100/100|[from] Volt Switch
|move|p2a: Zoroark|Flamethrower|p1a: Gholdilddy
|-supereffective|p1a: Gholdilddy|1
|-damage|p1a: Gholdilddy|9/100
|-damage|p2a: Zoroark|33/100|[from] item: Life Orb
|move|p1b: mega idiot|Heat Wave|p2a: Zoroark|[spread] p2a,p2b
|-damage|p2a: Zoroark|0 fnt
|-damage|p2b: Sylveon|85/100
|faint|p2a: Zoroark
|move|p2b: Sylveon|Hyper Beam|p1b: mega idiot
|-damage|p1b: mega idiot|0 fnt
|-mustrecharge|p2b: Sylveon
|faint|p1b: mega idiot
|
|upkeep
|
|t:|1784606664
|switch|p2a: Metagross|Metagross, L50|100/100
|switch|p1b: lawnmower|Rotom-Mow, L50|100/100
|turn|2
|
|t:|1784606693
|detailschange|p2a: Metagross|Metagross-Mega, L50
|-mega|p2a: Metagross|Metagross|Metagrossite
|move|p2a: Metagross|Bullet Punch|p1a: Gholdilddy
|-resisted|p1a: Gholdilddy|1
|-damage|p1a: Gholdilddy|0 fnt
|faint|p1a: Gholdilddy
|move|p1b: lawnmower|Volt Switch|p2b: Sylveon
|-damage|p2b: Sylveon|60/100
|
|t:|1784606701
|switch|p1b: hobo|Slowbro, L50, F|100/100|[from] Volt Switch
|cant|p2b: Sylveon|recharge
|
|upkeep
|
|t:|1784606706
|switch|p1a: lawnmower|Rotom-Mow, L50|100/100
|turn|3
|
|t:|1784606759
|switch|p2a: Palafin|Palafin, L50, F|100/100
|move|p1a: lawnmower|Thunderbolt|p2a: Palafin
|-supereffective|p2a: Palafin|1
|-damage|p2a: Palafin|0 fnt
|faint|p2a: Palafin
|move|p2b: Sylveon|Hyper Beam|p1a: lawnmower
|-damage|p1a: lawnmower|0 fnt
|-mustrecharge|p2b: Sylveon
|faint|p1a: lawnmower
|move|p1b: hobo|Flamethrower|p2b: Sylveon
|-damage|p2b: Sylveon|43/100
|
|upkeep
|
|t:|1784606770
|switch|p2a: Metagross|Metagross-Mega, L50|100/100
|turn|4
|
|t:|1784606789
|move|p2a: Metagross|Psychic Fangs|p1b: hobo
|-resisted|p1b: hobo|1
|-damage|p1b: hobo|80/100
|cant|p2b: Sylveon|recharge
|move|p1b: hobo|Thunder Wave|p2b: Sylveon
|-status|p2b: Sylveon|par
|
|-heal|p1b: hobo|86/100|[from] item: Leftovers
|upkeep
|turn|5
|
|t:|1784606806
|move|p2a: Metagross|Psychic Fangs|p1b: hobo
|-resisted|p1b: hobo|1
|-damage|p1b: hobo|68/100
|move|p1b: hobo|Flamethrower|p2a: Metagross
|-supereffective|p2a: Metagross|1
|-damage|p2a: Metagross|52/100
|move|p2b: Sylveon|Hyper Beam|p1b: hobo
|-damage|p1b: hobo|0 fnt
|-mustrecharge|p2b: Sylveon
|faint|p1b: hobo
|
|win|Hivemind125
|inactive|smearscat has 30 seconds to confirm battle start!
|inactive|Hivemind125 has 30 seconds to confirm battle start!
