|j|☆artyowls
|j|☆dambro222
|html|artyowlsdambro222    
|uhtml|bestof|Game 1 of a best-of-3
|t:|1756846538
|gametype|doubles
|player|p1|artyowls|plasmagrunt|1096
|player|p2|dambro222|ethan|1084
|gen|9
|tier|[Gen 9] VGC 2025 Reg H (Bo3)
|rated|
|rule|Species Clause: Limit one of each Pokémon
|rule|Item Clause: Limit 1 of each item
|clearpoke
|poke|p1|Incineroar, L50, M|
|poke|p1|Amoonguss, L50, F|
|poke|p1|Ursaluna-Bloodmoon, L50, M|
|poke|p1|Sneasler, L50, F|
|poke|p1|Gholdengo, L50|
|poke|p1|Dragonite, L50, F|
|poke|p2|Dragonite, L50, M|
|poke|p2|Volcarona, L50, F|
|poke|p2|Sneasler, L50, M|
|poke|p2|Rillaboom, L50, M|
|poke|p2|Electabuzz, L50, M|
|poke|p2|Kingambit, L50, M|
|teampreview|4
|showteam|p1|Incineroar||SafetyGoggles|Intimidate|FlareBlitz,KnockOff,PartingShot,FakeOut|||M|||50|,,,,,Ghost]Amoonguss||SitrusBerry|Regenerator|Spore,RagePowder,PollenPuff,Protect|||F|||50|,,,,,Psychic]Ursaluna-Bloodmoon||AssaultVest|MindsEye|HyperVoice,BloodMoon,EarthPower,VacuumWave|||M|||50|,,,,,Water]Sneasler||FocusSash|Unburden|CloseCombat,DireClaw,ThroatChop,Protect|||F|||50|,,,,,Stellar]Gholdengo||LifeOrb|GoodasGold|MakeItRain,ShadowBall,NastyPlot,Protect||||||50|,,,,,Water]Dragonite||LoadedDice|Multiscale|ScaleShot,Tailwind,Haze,Protect|||F|||50|,,,,,Fairy
|showteam|p2|Dragonite||LoadedDice|Multiscale|ScaleShot,ExtremeSpeed,Haze,Protect|||M|||50|,,,,,Fairy]Volcarona||CovertCloak|FlameBody|HeatWave,TeraBlast,QuiverDance,Protect|||F|||50|,,,,,Fairy]Sneasler||FocusSash|Unburden|CloseCombat,DireClaw,RockSlide,Protect|||M|||50|,,,,,Stellar]Rillaboom||AssaultVest|GrassySurge|WoodHammer,GrassyGlide,HighHorsepower,FakeOut|||M|||50|,,,,,Water]Electabuzz||Eviolite|VitalSpirit|Electroweb,FollowMe,Taunt,Protect|||M|||50|,,,,,Ghost]Kingambit||BlackGlasses|Defiant|KowtowCleave,SuckerPunch,SwordsDance,Protect|||M|||50|,,,,,Dark
|inactive|Battle timer is ON: inactive players will automatically lose when time's up. (requested by dambro222)
|inactive|artyowls has 60 seconds left.
|
|t:|1756846590
|teamsize|p1|4
|teamsize|p2|4
|start
|switch|p1a: Dragonite|Dragonite, L50, F|100/100
|switch|p1b: Ursaluna|Ursaluna-Bloodmoon, L50, M|100/100
|switch|p2a: Volcarona|Volcarona, L50, F|100/100
|switch|p2b: Electabuzz|Electabuzz, L50, M|100/100
|turn|1
|inactive|artyowls has 30 seconds left.
|inactive|dambro222 has 30 seconds left.
|inactive|artyowls has 20 seconds left.
|inactive|artyowls has 15 seconds left.
|
|t:|1756846634
|-terastallize|p2a: Volcarona|Fairy
|move|p2a: Volcarona|Quiver Dance|p2a: Volcarona
|-boost|p2a: Volcarona|spa|1
|-boost|p2a: Volcarona|spd|1
|-boost|p2a: Volcarona|spe|1
|move|p2b: Electabuzz|Electroweb|p1a: Dragonite|[spread] p1a
|-immune|p1b: Ursaluna
|-damage|p1a: Dragonite|93/100
|-unboost|p1a: Dragonite|spe|1
|move|p1a: Dragonite|Scale Shot|p2b: Electabuzz
|-damage|p2b: Electabuzz|88/100
|-damage|p2b: Electabuzz|77/100
|-damage|p2b: Electabuzz|67/100
|-damage|p2b: Electabuzz|55/100
|-damage|p2b: Electabuzz|43/100
|-hitcount|p2b: Electabuzz|5
|-unboost|p1a: Dragonite|def|1
|-boost|p1a: Dragonite|spe|1
|move|p1b: Ursaluna|Blood Moon|p2a: Volcarona
|-crit|p2a: Volcarona
|-damage|p2a: Volcarona|0 fnt
|faint|p2a: Volcarona
|
|upkeep
|
|t:|1756846650
|switch|p2a: Rillaboom|Rillaboom, L50, M|100/100
|-fieldstart|move: Grassy Terrain|[from] ability: Grassy Surge|[of] p2a: Rillaboom
|turn|2
|inactive|artyowls has 30 seconds left.
|inactive|artyowls has 20 seconds left.
|inactive|artyowls has 15 seconds left.
|
|t:|1756846691
|switch|p1b: Amoonguss|Amoonguss, L50, F|100/100
|move|p2b: Electabuzz|Electroweb|p1a: Dragonite|[spread] p1a,p1b
|-resisted|p1b: Amoonguss
|-damage|p1a: Dragonite|77/100
|-damage|p1b: Amoonguss|95/100
|-unboost|p1a: Dragonite|spe|1
|-unboost|p1b: Amoonguss|spe|1
|move|p2a: Rillaboom|Wood Hammer|p1b: Amoonguss
|-resisted|p1b: Amoonguss
|-crit|p1b: Amoonguss
|-damage|p1b: Amoonguss|65/100
|-damage|p2a: Rillaboom|89/100|[from] Recoil
|move|p1a: Dragonite|Scale Shot|p2b: Electabuzz
|-damage|p2b: Electabuzz|33/100
|-damage|p2b: Electabuzz|22/100
|-damage|p2b: Electabuzz|10/100
|-damage|p2b: Electabuzz|0 fnt
|faint|p2b: Electabuzz
|-hitcount|p2: Electabuzz|4
|-unboost|p1a: Dragonite|def|1
|-boost|p1a: Dragonite|spe|1
|
|-heal|p2a: Rillaboom|95/100|[from] Grassy Terrain
|-heal|p1b: Amoonguss|71/100|[from] Grassy Terrain
|upkeep
|
|t:|1756846698
|switch|p2b: Kingambit|Kingambit, L50, M, shiny|100/100
|turn|3
|inactive|artyowls has 30 seconds left.
|
|t:|1756846727
|move|p1a: Dragonite|Haze|p1a: Dragonite
|-clearallboost
|move|p2a: Rillaboom|Wood Hammer|p1b: Amoonguss
|-resisted|p1b: Amoonguss
|-damage|p1b: Amoonguss|50/100
|-enditem|p1b: Amoonguss|Sitrus Berry|[eat]
|-heal|p1b: Amoonguss|75/100|[from] item: Sitrus Berry
|-damage|p2a: Rillaboom|87/100|[from] Recoil
|move|p2b: Kingambit|Kowtow Cleave|p1b: Amoonguss
|-damage|p1b: Amoonguss|23/100
|move|p1b: Amoonguss|Spore|p2b: Kingambit
|-status|p2b: Kingambit|slp|[from] move: Spore
|
|-heal|p2a: Rillaboom|94/100|[from] Grassy Terrain
|-heal|p1b: Amoonguss|29/100|[from] Grassy Terrain
|upkeep
|turn|4
|inactive|artyowls has 30 seconds left.
|inactive|artyowls has 20 seconds left.
|
|t:|1756846763
|cant|p2b: Kingambit|slp
|move|p1a: Dragonite|Scale Shot|p2a: Rillaboom
|-damage|p2a: Rillaboom|79/100
|-damage|p2a: Rillaboom|65/100
|-damage|p2a: Rillaboom|50/100
|-damage|p2a: Rillaboom|36/100
|-hitcount|p2a: Rillaboom|4
|-unboost|p1a: Dragonite|def|1
|-boost|p1a: Dragonite|spe|1
|move|p2a: Rillaboom|High Horsepower|p1b: Amoonguss
|-damage|p1b: Amoonguss|0 fnt
|faint|p1b: Amoonguss
|
|-heal|p2a: Rillaboom|42/100|[from] Grassy Terrain
|upkeep
|
|t:|1756846779
|switch|p1b: Ursaluna|Ursaluna-Bloodmoon, L50, M|100/100
|turn|5
|
|t:|1756846794
|cant|p2b: Kingambit|slp
|move|p1a: Dragonite|Scale Shot|p2a: Rillaboom|[miss]
|-miss|p1a: Dragonite|p2a: Rillaboom
|move|p2a: Rillaboom|Wood Hammer|p1b: Ursaluna
|-supereffective|p1b: Ursaluna
|-damage|p1b: Ursaluna|0 fnt
|faint|p1b: Ursaluna
|-damage|p2a: Rillaboom|7/100|[from] Recoil
|
|-heal|p2a: Rillaboom|13/100|[from] Grassy Terrain
|upkeep
|
|t:|1756846801
|switch|p1b: Sneasler|Sneasler, L50, F|100/100
|turn|6
|inactive|artyowls has 30 seconds left.
|
|t:|1756846829
|cant|p2b: Kingambit|slp
|move|p1a: Dragonite|Scale Shot|p2a: Rillaboom|[miss]
|-miss|p1a: Dragonite|p2a: Rillaboom
|move|p1b: Sneasler|Close Combat|p2b: Kingambit
|-supereffective|p2b: Kingambit
|-damage|p2b: Kingambit|0 fnt
|-unboost|p1b: Sneasler|def|1
|-unboost|p1b: Sneasler|spd|1
|faint|p2b: Kingambit
|move|p2a: Rillaboom|High Horsepower|p1b: Sneasler|[miss]
|-miss|p2a: Rillaboom|p1b: Sneasler
|
|-heal|p2a: Rillaboom|19/100|[from] Grassy Terrain
|-fieldend|move: Grassy Terrain
|upkeep
|turn|7
|c|☆dambro222|gg
|inactive|artyowls has 30 seconds left.
|
|t:|1756846858
|move|p1a: Dragonite|Scale Shot|p2a: Rillaboom|[miss]
|-miss|p1a: Dragonite|p2a: Rillaboom
|move|p1b: Sneasler|Dire Claw|p2a: Rillaboom
|-supereffective|p2a: Rillaboom
|-damage|p2a: Rillaboom|0 fnt
|faint|p2a: Rillaboom
|
|win|artyowls
||dambro222 is ready for game 2.
||artyowls is ready for game 2.
|uhtml|next|Next: Game 2 of 3
