|j|☆SuperPokeVGC
|j|☆midnight labworks
|html|SuperPokeVGCmidnight labworks    
|uhtml|bestof|Game 3 of a best-of-3
|t:|1756492122
|gametype|doubles
|player|p1|SuperPokeVGC|ltsurge|1212
|player|p2|midnight labworks|cynthia-gen4|1062
|gen|9
|tier|[Gen 9] VGC 2025 Reg H (Bo3)
|rated|
|rule|Species Clause: Limit one of each Pokémon
|rule|Item Clause: Limit 1 of each item
|clearpoke
|poke|p1|Tyranitar, L50, F|
|poke|p1|Garchomp, L50, F|
|poke|p1|Gholdengo, L50|
|poke|p1|Sinistcha, L50|
|poke|p1|Yanmega, L50, M|
|poke|p1|Arcanine, L50, F|
|poke|p2|Venusaur, L50, F|
|poke|p2|Torkoal, L50, F|
|poke|p2|Farigiraf, L50, F|
|poke|p2|Ursaluna, L50, M|
|poke|p2|Annihilape, L50, F|
|poke|p2|Mandibuzz, L50, F|
|teampreview|4
|showteam|p1|Tyranitar||LifeOrb|SandStream|KnockOff,RockSlide,TeraBlast,Protect|||F|||50|,,,,,Flying]Garchomp||ClearAmulet|SandVeil|DragonClaw,StompingTantrum,Earthquake,Protect|||F|||50|,,,,,Fire]Gholdengo||Leftovers|GoodasGold|MakeItRain,ShadowBall,NastyPlot,Protect||||||50|,,,,,Water]Sinistcha||SitrusBerry|Hospitality|RagePowder,MatchaGotcha,TrickRoom,Protect||||||50|,,,,,Water]Yanmega||FocusSash|SpeedBoost|Tailwind,AirSlash,BugBuzz,Detect|||M|||50|,,,,,Ghost]Arcanine||MirrorHerb|Intimidate|ExtremeSpeed,FlareBlitz,WillOWisp,Protect|||F|||50|,,,,,Normal
|showteam|p2|Venusaur||LifeOrb|Chlorophyll|SludgeBomb,EnergyBall,EarthPower,Protect|||F|||50|,,,,,Stellar]Torkoal||Charcoal|Drought|Eruption,BurningJealousy,EarthPower,Protect|||F|||50|,,,,,Fire]Farigiraf||SitrusBerry|ArmorTail|Psychic,BeatUp,HelpingHand,TrickRoom|||F|||50|,,,,,Normal]Ursaluna||FlameOrb|Guts|Facade,HeadlongRush,Substitute,Protect|||M|||50|,,,,,Normal]Annihilape||LumBerry|Defiant|RageFist,DrainPunch,BulkUp,Protect|||F|||50|,,,,,Fire]Mandibuzz||Leftovers|Overcoat|FoulPlay,Snarl,Taunt,Tailwind|||F|||50|,,,,,Ground
|inactive|Battle timer is ON: inactive players will automatically lose when time's up. (requested by midnight labworks)
|
|t:|1756492149
|teamsize|p1|4
|teamsize|p2|4
|start
|switch|p1a: Yanmega|Yanmega, L50, M, shiny|100/100
|switch|p1b: Garchomp|Garchomp, L50, F|100/100
|switch|p2a: Juice|Annihilape, L50, F|100/100
|switch|p2b: Farigiraf|Farigiraf, L50, F|100/100
|turn|1
|
|t:|1756492170
|move|p1b: Garchomp|Earthquake|p2a: Juice|[spread] p2a,p2b
|-immune|p1a: Yanmega
|-damage|p2a: Juice|61/100
|-damage|p2b: Farigiraf|67/100
|move|p1a: Yanmega|Bug Buzz|p2b: Farigiraf
|-supereffective|p2b: Farigiraf
|-damage|p2b: Farigiraf|0 fnt
|faint|p2b: Farigiraf
|move|p2a: Juice|Bulk Up|p2a: Juice
|-boost|p2a: Juice|atk|1
|-boost|p2a: Juice|def|1
|
|-ability|p1a: Yanmega|Speed Boost|boost
|-boost|p1a: Yanmega|spe|1
|upkeep
|
|t:|1756492179
|switch|p2b: Ursaluna|Ursaluna, L50, M|100/100
|turn|2
|
|t:|1756492191
|move|p1a: Yanmega|Air Slash|p2a: Juice|[miss]
|-miss|p1a: Yanmega|p2a: Juice
|move|p1b: Garchomp|Earthquake|p2a: Juice|[spread] p2a,p2b
|-immune|p1a: Yanmega
|-crit|p2a: Juice
|-damage|p2a: Juice|4/100
|-damage|p2b: Ursaluna|71/100
|move|p2a: Juice|Rage Fist|p1b: Garchomp
|-damage|p1b: Garchomp|5/100
|move|p2b: Ursaluna|Substitute|p2b: Ursaluna
|-start|p2b: Ursaluna|Substitute
|-damage|p2b: Ursaluna|46/100
|
|-ability|p1a: Yanmega|Speed Boost|boost
|-boost|p1a: Yanmega|spe|1
|-status|p2b: Ursaluna|brn|[from] item: Flame Orb
|upkeep
|turn|3
|inactive|SuperPokeVGC has 30 seconds left.
|inactive|midnight labworks has 30 seconds left.
|inactive|SuperPokeVGC has 20 seconds left.
|
|t:|1756492229
|move|p2a: Juice|Protect|p2a: Juice
|-singleturn|p2a: Juice|Protect
|move|p1a: Yanmega|Bug Buzz|p2b: Ursaluna
|-damage|p2b: Ursaluna|5/100 brn
|move|p1b: Garchomp|Earthquake|p2a: Juice|[spread] p2b
|-activate|p2a: Juice|move: Protect
|-immune|p1a: Yanmega
|-end|p2b: Ursaluna|Substitute
|move|p2b: Ursaluna|Facade|p1b: Garchomp
|-damage|p1b: Garchomp|0 fnt
|faint|p1b: Garchomp
|
|-damage|p2b: Ursaluna|0 fnt|[from] brn
|faint|p2b: Ursaluna
|-ability|p1a: Yanmega|Speed Boost|boost
|-boost|p1a: Yanmega|spe|1
|upkeep
|
|t:|1756492245
|switch|p1b: Arcanine|Arcanine, L50, F|100/100
|switch|p2b: Torkoal|Torkoal, L50, F|100/100
|-ability|p1b: Arcanine|Intimidate|boost
|-unboost|p2a: Juice|atk|1
|-ability|p2a: Juice|Defiant|boost
|-boost|p2a: Juice|atk|2
|-unboost|p2b: Torkoal|atk|1
|-weather|SunnyDay|[from] ability: Drought|[of] p2b: Torkoal
|-enditem|p1b: Arcanine|Mirror Herb
|-boost|p1b: Arcanine|atk|2|[from] item: Mirror Herb
|turn|4
|inactive|SuperPokeVGC has 30 seconds left.
|
|t:|1756492272
|move|p2a: Juice|Protect||[still]
|-fail|p2a: Juice
|move|p1a: Yanmega|Bug Buzz|p2a: Juice
|-resisted|p2a: Juice
|-damage|p2a: Juice|0 fnt
|faint|p2a: Juice
|move|p1b: Arcanine|Flare Blitz|p2b: Torkoal
|-resisted|p2b: Torkoal
|-damage|p2b: Torkoal|28/100
|-damage|p1b: Arcanine|78/100|[from] Recoil
|move|p2b: Torkoal|Burning Jealousy|p1b: Arcanine|[spread] p1a,p1b
|-supereffective|p1a: Yanmega
|-resisted|p1b: Arcanine
|-enditem|p1a: Yanmega|Focus Sash
|-damage|p1a: Yanmega|1/100
|-damage|p1b: Arcanine|53/100
|
|-weather|SunnyDay|[upkeep]
|-ability|p1a: Yanmega|Speed Boost|boost
|-boost|p1a: Yanmega|spe|1
|upkeep
|turn|5
|-message|midnight labworks forfeited.
|
|win|SuperPokeVGC
|raw|SuperPokeVGC's rating: 1212 → 1227(+15 for winning)
|raw|midnight labworks's rating: 1062 → 1051(-11 for losing)
|l|☆midnight labworks
|player|p2|
