|j|☆b(r)2
|j|☆robby w
|html|b(r)2robby w    
|uhtml|bestof|Game 2 of a best-of-3
|t:|1756864905
|gametype|doubles
|player|p1|b(r)2|102|1163
|player|p2|robby w|pokefan-gen4|1101
|gen|9
|tier|[Gen 9] VGC 2025 Reg H (Bo3)
|rated|
|rule|Species Clause: Limit one of each Pokémon
|rule|Item Clause: Limit 1 of each item
|clearpoke
|poke|p1|Pelipper, L50, F|
|poke|p1|Basculegion, L50, M|
|poke|p1|Gholdengo, L50|
|poke|p1|Amoonguss, L50, F|
|poke|p1|Archaludon, L50, M|
|poke|p1|Incineroar, L50, F|
|poke|p2|Dondozo, L50, F|
|poke|p2|Tatsugiri, L50, F|
|poke|p2|Sneasler, L50, F|
|poke|p2|Whimsicott, L50, M|
|poke|p2|Indeedee, L50, M|
|poke|p2|Hydreigon, L50, M|
|teampreview|4
|showteam|p1|Pelipper||FocusSash|Drizzle|WeatherBall,Hurricane,Tailwind,Protect|||F|||50|,,,,,Dark]Basculegion||ChoiceBand|SwiftSwim|LastRespects,WaveCrash,AquaJet,FlipTurn|||M|||50|,,,,,Water]Gholdengo||ChoiceSpecs|GoodasGold|MakeItRain,ShadowBall,FocusBlast,Trick||||||50|,,,,,Steel]Amoonguss||SitrusBerry|Regenerator|RagePowder,Spore,PollenPuff,ClearSmog|||F|||50|,,,,,Water]Archaludon||AssaultVest|Stamina|DracoMeteor,ElectroShot,FlashCannon,BodyPress|||M|||50|,,,,,Grass]Incineroar||SafetyGoggles|Intimidate|PartingShot,FlareBlitz,KnockOff,FakeOut|||F|||50|,,,,,Ghost
|showteam|p2|Dondozo||Leftovers|Unaware|Protect,WaveCrash,Earthquake,OrderUp|||F|||50|,,,,,Grass]Tatsugiri||ChoiceScarf|Commander|DragonPulse,IcyWind,DracoMeteor,MuddyWater|||F|||50|,,,,,Stellar]Sneasler||PsychicSeed|Unburden|DireClaw,CloseCombat,Protect,ThroatChop|||F|||50|,,,,,Dark]Whimsicott||CovertCloak|Prankster|Tailwind,Moonblast,Taunt,HelpingHand|||M|||50|,,,,,Dark]Indeedee||FocusSash|PsychicSurge|ExpandingForce,TrickRoom,DazzlingGleam,Protect|||M|||50|,,,,,Fairy]Hydreigon||LifeOrb|Levitate|DracoMeteor,Snarl,HeatWave,Protect|||M|||50|,,,,,Steel
|inactive|Battle timer is ON: inactive players will automatically lose when time's up. (requested by robby w)
|
|t:|1756864937
|teamsize|p1|4
|teamsize|p2|4
|start
|switch|p1a: Pelipper|Pelipper, L50, F|100/100
|switch|p1b: Gholdengo|Gholdengo, L50|100/100
|switch|p2a: Dondozo|Dondozo, L50, F, shiny|100/100
|switch|p2b: Sneasler|Sneasler, L50, F|100/100
|-weather|RainDance|[from] ability: Drizzle|[of] p1a: Pelipper
|turn|1
|inactive|robby w has 30 seconds left.
|inactive|robby w has 20 seconds left.
|
|t:|1756864972
|switch|p2b: Tatsugiri|Tatsugiri, L50, F|100/100
|-activate|p2b: Tatsugiri|ability: Commander|[of] p2a: Dondozo
|-boost|p2a: Dondozo|atk|2
|-boost|p2a: Dondozo|spa|2
|-boost|p2a: Dondozo|spe|2
|-boost|p2a: Dondozo|def|2
|-boost|p2a: Dondozo|spd|2
|move|p2a: Dondozo|Earthquake|p1b: Gholdengo|[spread] p1b
|-miss|p2a: Dondozo|p2b: Tatsugiri
|-immune|p1a: Pelipper
|-supereffective|p1b: Gholdengo
|-damage|p1b: Gholdengo|9/100
|move|p1a: Pelipper|Tailwind|p1a: Pelipper
|-sidestart|p1: b(r)2|move: Tailwind
|move|p1b: Gholdengo|Trick|p2a: Dondozo
|-activate|p1b: Gholdengo|move: Trick|[of] p2a: Dondozo
|-item|p2a: Dondozo|Choice Specs|[from] move: Trick
|-item|p1b: Gholdengo|Leftovers|[from] move: Trick
|
|-weather|RainDance|[upkeep]
|-heal|p1b: Gholdengo|15/100|[from] item: Leftovers
|upkeep
|turn|2
|inactive|b(r)2 has 30 seconds left.
|
|t:|1756865003
|switch|p1b: Amoonguss|Amoonguss, L50, F|100/100
|move|p1a: Pelipper|Hurricane|p2a: Dondozo
|-damage|p2a: Dondozo|74/100
|-start|p2a: Dondozo|confusion
|-activate|p2a: Dondozo|confusion
|move|p2a: Dondozo|Wave Crash|p1b: Amoonguss
|-resisted|p1b: Amoonguss
|-damage|p1b: Amoonguss|38/100
|-enditem|p1b: Amoonguss|Sitrus Berry|[eat]
|-heal|p1b: Amoonguss|63/100|[from] item: Sitrus Berry
|-damage|p2a: Dondozo|54/100|[from] Recoil
|
|-weather|RainDance|[upkeep]
|upkeep
|turn|3
|
|t:|1756865028
|move|p1a: Pelipper|Hurricane|p2a: Dondozo
|-damage|p2a: Dondozo|26/100
|-activate|p2a: Dondozo|confusion
|move|p2a: Dondozo|Wave Crash|p1b: Amoonguss
|-resisted|p1b: Amoonguss
|-damage|p1b: Amoonguss|0 fnt
|faint|p1b: Amoonguss
|-damage|p2a: Dondozo|5/100|[from] Recoil
|
|-weather|RainDance|[upkeep]
|upkeep
|
|t:|1756865045
|switch|p1b: Archaludon|Archaludon, L50, M|100/100
|turn|4
|
|t:|1756865053
|switch|p1a: Gholdengo|Gholdengo, L50|15/100
|move|p1b: Archaludon|Electro Shot||[still]
|-prepare|p1b: Archaludon|Electro Shot
|-boost|p1b: Archaludon|spa|1
|-anim|p1b: Archaludon|Electro Shot|p2a: Dondozo
|-supereffective|p2a: Dondozo
|-damage|p2a: Dondozo|0 fnt
|faint|p2a: Dondozo
|
|-weather|RainDance|[upkeep]
|-heal|p1a: Gholdengo|21/100|[from] item: Leftovers
|-sideend|p1: b(r)2|move: Tailwind
|upkeep
|
|t:|1756865075
|switch|p2a: Sneasler|Sneasler, L50, F|100/100
|turn|5
|
|t:|1756865091
|-terastallize|p1b: Archaludon|Grass
|move|p2b: Tatsugiri|Muddy Water|p1a: Gholdengo|[spread] p1a,p1b
|-resisted|p1b: Archaludon
|-damage|p1a: Gholdengo|0 fnt
|-damage|p1b: Archaludon|79/100
|-ability|p1b: Archaludon|Stamina|boost
|-boost|p1b: Archaludon|def|1
|faint|p1a: Gholdengo
|move|p2a: Sneasler|Close Combat|p1b: Archaludon
|-damage|p1b: Archaludon|41/100
|-unboost|p2a: Sneasler|def|1
|-unboost|p2a: Sneasler|spd|1
|-ability|p1b: Archaludon|Stamina|boost
|-boost|p1b: Archaludon|def|1
|move|p1b: Archaludon|Electro Shot||[still]
|-prepare|p1b: Archaludon|Electro Shot
|-boost|p1b: Archaludon|spa|1
|-anim|p1b: Archaludon|Electro Shot|p2a: Sneasler
|-damage|p2a: Sneasler|0 fnt
|faint|p2a: Sneasler
|
|-weather|none
|upkeep
|
|t:|1756865109
|switch|p2a: Indeedee|Indeedee, L50, M|100/100
|switch|p1a: Pelipper|Pelipper, L50, F|100/100
|-fieldstart|move: Psychic Terrain|[from] ability: Psychic Surge|[of] p2a: Indeedee
|-weather|RainDance|[from] ability: Drizzle|[of] p1a: Pelipper
|turn|6
|inactive|b(r)2 has 30 seconds left.
|
|t:|1756865139
|move|p2b: Tatsugiri|Muddy Water|p1b: Archaludon|[spread] p1a,p1b
|-resisted|p1a: Pelipper
|-resisted|p1b: Archaludon
|-damage|p1a: Pelipper|58/100
|-damage|p1b: Archaludon|20/100
|-ability|p1b: Archaludon|Stamina|boost
|-boost|p1b: Archaludon|def|1
|move|p2a: Indeedee|Expanding Force|p1b: Archaludon|[spread] p1a,p1b
|-damage|p1a: Pelipper|0 fnt
|-damage|p1b: Archaludon|0 fnt
|faint|p1a: Pelipper
|faint|p1b: Archaludon
|
|win|robby w
|raw|b(r)2's rating: 1163 → 1134(-29 for losing)
|raw|robby w's rating: 1101 → 1130(+29 for winning)
|l|☆b(r)2
|player|p1|
