|j|☆Daniw9
|j|☆MichaelderBeste2
|html|Daniw9MichaelderBeste2    
|uhtml|bestof|Game 3 of a best-of-3
|t:|1756508404
|gametype|doubles
|player|p1|Daniw9|2|1215
|player|p2|MichaelderBeste2|#michaelderbeste2|1206
|gen|9
|tier|[Gen 9] VGC 2025 Reg H (Bo3)
|rated|
|rule|Species Clause: Limit one of each Pokémon
|rule|Item Clause: Limit 1 of each item
|clearpoke
|poke|p1|Garchomp, L50, F|
|poke|p1|Tyranitar, L50, M|
|poke|p1|Delphox, L50, F|
|poke|p1|Indeedee-F, L50, F|
|poke|p1|Gallade, L50, M|
|poke|p1|Whimsicott, L50, M|
|poke|p2|Gholdengo, L50|
|poke|p2|Electabuzz, L50, M|
|poke|p2|Rillaboom, L50, F|
|poke|p2|Dragonite, L50, M|
|poke|p2|Annihilape, L50, M|
|poke|p2|Incineroar, L50, F|
|teampreview|4
|showteam|p1|Garchomp||LifeOrb|SandVeil|Earthquake,StompingTantrum,Protect,DragonClaw|||F|||50|,,,,,Steel]Tyranitar||AssaultVest|SandStream|RockSlide,TeraBlast,KnockOff,LowKick|||M|||50|,,,,,Flying]Delphox||PsychicSeed|Magician|ExpandingForce,HeatWave,TeraBlast,Protect|||F|||50|,,,,,Fairy]Indeedee-F||SafetyGoggles|PsychicSurge|DazzlingGleam,TrickRoom,FollowMe,HelpingHand|||F|||50|,,,,,Water]Gallade||ClearAmulet|Sharpness|SacredSword,PsychoCut,TrickRoom,Protect|||M|||50|,,,,,Grass]Whimsicott||CovertCloak|Prankster|Moonblast,Tailwind,Encore,Protect|||M|||50|,,,,,Ghost
|showteam|p2|Gholdengo||SitrusBerry|GoodasGold|MakeItRain,ShadowBall,NastyPlot,Protect||||||50|,,,,,Water]Electabuzz||Eviolite|VitalSpirit|Thunderbolt,Electroweb,FollowMe,Protect|||M|||50|,,,,,Dragon]Rillaboom||AssaultVest|GrassySurge|WoodHammer,GrassyGlide,HighHorsepower,FakeOut|||F|||50|,,,,,Fire]Dragonite||LoadedDice|Multiscale|ScaleShot,ExtremeSpeed,Haze,Protect|||M|||50|,,,,,Steel]Annihilape||FocusSash|Defiant|CloseCombat,RageFist,Coaching,FinalGambit|||M|||50|,,,,,Fairy]Incineroar||MirrorHerb|Intimidate|FlareBlitz,KnockOff,FakeOut,PartingShot|||F|||50|,,,,,Ghost
|
|t:|1756508424
|teamsize|p1|4
|teamsize|p2|4
|start
|switch|p1a: Indeedee|Indeedee-F, L50, F|100/100
|switch|p1b: Gallade|Gallade, L50, M|100/100
|switch|p2a: Incineroar|Incineroar, L50, F|100/100
|switch|p2b: Gholdengo|Gholdengo, L50|100/100
|-ability|p2a: Incineroar|Intimidate|boost
|-unboost|p1a: Indeedee|atk|1
|-fail|p1b: Gallade|unboost|[from] item: Clear Amulet|[of] p1b: Gallade
|-fieldstart|move: Psychic Terrain|[from] ability: Psychic Surge|[of] p1a: Indeedee
|turn|1
|
|t:|1756508444
|-terastallize|p2a: Incineroar|Ghost
|move|p1a: Indeedee|Follow Me|p1a: Indeedee
|-singleturn|p1a: Indeedee|move: Follow Me
|move|p2b: Gholdengo|Nasty Plot|p2b: Gholdengo
|-boost|p2b: Gholdengo|spa|2
|move|p2a: Incineroar|Parting Shot|p1a: Indeedee
|-unboost|p1a: Indeedee|atk|1
|-unboost|p1a: Indeedee|spa|1
|
|t:|1756508456
|switch|p2a: Rillaboom|Rillaboom, L50, F|100/100|[from] Parting Shot
|-fieldstart|move: Grassy Terrain|[from] ability: Grassy Surge|[of] p2a: Rillaboom
|move|p1b: Gallade|Trick Room|p1b: Gallade
|-fieldstart|move: Trick Room|[of] p1b: Gallade
|
|upkeep
|turn|2
|
|t:|1756508470
|switch|p1a: Delphox|Delphox, L50, F|100/100
|move|p1b: Gallade|Protect|p1b: Gallade
|-singleturn|p1b: Gallade|Protect
|move|p2a: Rillaboom|Fake Out|p1b: Gallade
|-activate|p1b: Gallade|move: Protect
|move|p2b: Gholdengo|Make It Rain|p1a: Delphox|[spread] p1a
|-activate|p1b: Gallade|move: Protect
|-resisted|p1a: Delphox
|-damage|p1a: Delphox|42/100
|-unboost|p2b: Gholdengo|spa|1
|
|-heal|p1a: Delphox|48/100|[from] Grassy Terrain
|upkeep
|turn|3
|
|t:|1756508492
|switch|p1a: Indeedee|Indeedee-F, L50, F|100/100
|-fieldstart|move: Psychic Terrain|[from] ability: Psychic Surge|[of] p1a: Indeedee
|move|p1b: Gallade|Psycho Cut|p2a: Rillaboom
|-damage|p2a: Rillaboom|29/100
|move|p2a: Rillaboom|High Horsepower|p1a: Indeedee
|-damage|p1a: Indeedee|72/100
|move|p2b: Gholdengo|Shadow Ball|p1b: Gallade
|-supereffective|p1b: Gallade
|-damage|p1b: Gallade|0 fnt
|faint|p1b: Gallade
|
|upkeep
|
|t:|1756508505
|switch|p1b: Tyranitar|Tyranitar, L50, M|100/100
|-weather|Sandstorm|[from] ability: Sand Stream|[of] p1b: Tyranitar
|turn|4
|
|t:|1756508518
|switch|p1a: Delphox|Delphox, L50, F|48/100
|-enditem|p1a: Delphox|Psychic Seed
|-boost|p1a: Delphox|spd|1|[from] item: Psychic Seed
|switch|p2a: Incineroar|Incineroar, L50, F, tera:Ghost|100/100
|-ability|p2a: Incineroar|Intimidate|boost
|-unboost|p1a: Delphox|atk|1
|-unboost|p1b: Tyranitar|atk|1
|move|p1b: Tyranitar|Knock Off|p2b: Gholdengo
|-supereffective|p2b: Gholdengo
|-damage|p2b: Gholdengo|38/100
|-enditem|p2b: Gholdengo|Sitrus Berry|[from] move: Knock Off|[of] p1b: Tyranitar
|move|p2b: Gholdengo|Make It Rain|p1b: Tyranitar|[spread] p1a,p1b
|-resisted|p1a: Delphox
|-supereffective|p1b: Tyranitar
|-damage|p1a: Delphox|19/100
|-damage|p1b: Tyranitar|48/100
|-unboost|p2b: Gholdengo|spa|1
|
|-weather|Sandstorm|[upkeep]
|-damage|p2a: Incineroar|95/100|[from] Sandstorm
|-damage|p1a: Delphox|13/100|[from] Sandstorm
|upkeep
|turn|5
|
|t:|1756508542
|move|p1a: Delphox|Protect|p1a: Delphox
|-singleturn|p1a: Delphox|Protect
|move|p1b: Tyranitar|Knock Off|p2a: Incineroar
|-supereffective|p2a: Incineroar
|-damage|p2a: Incineroar|32/100
|-enditem|p2a: Incineroar|Mirror Herb|[from] move: Knock Off|[of] p1b: Tyranitar
|move|p2a: Incineroar|Knock Off|p1a: Delphox
|-activate|p1a: Delphox|move: Protect
|move|p2b: Gholdengo|Make It Rain|p1b: Tyranitar|[spread] p1b
|-activate|p1a: Delphox|move: Protect
|-supereffective|p1b: Tyranitar
|-damage|p1b: Tyranitar|10/100
|-unboost|p2b: Gholdengo|spa|1
|
|-weather|Sandstorm|[upkeep]
|-damage|p2a: Incineroar|26/100|[from] Sandstorm
|-damage|p1a: Delphox|7/100|[from] Sandstorm
|-fieldend|move: Trick Room
|upkeep
|turn|6
|
|t:|1756508579
|move|p2b: Gholdengo|Protect|p2b: Gholdengo
|-singleturn|p2b: Gholdengo|Protect
|move|p1a: Delphox|Heat Wave|p2b: Gholdengo|[spread] p2a
|-activate|p2b: Gholdengo|move: Protect
|-damage|p2a: Incineroar|0 fnt
|faint|p2a: Incineroar
|move|p1b: Tyranitar|Rock Slide|p2b: Gholdengo
|-activate|p2b: Gholdengo|move: Protect
|
|-weather|Sandstorm|[upkeep]
|-damage|p1a: Delphox|1/100|[from] Sandstorm
|upkeep
|
|t:|1756508592
|switch|p2a: Annihilape|Annihilape, L50, M|100/100
|turn|7
|
|t:|1756508618
|switch|p2b: Rillaboom|Rillaboom, L50, F|29/100
|-fieldstart|move: Grassy Terrain|[from] ability: Grassy Surge|[of] p2b: Rillaboom
|switch|p1b: Indeedee|Indeedee-F, L50, F|72/100
|-fieldstart|move: Psychic Terrain|[from] ability: Psychic Surge|[of] p1b: Indeedee
|move|p1a: Delphox|Heat Wave|p2a: Annihilape|[spread] p2a,p2b
|-supereffective|p2b: Rillaboom
|-damage|p2a: Annihilape|67/100
|-damage|p2b: Rillaboom|0 fnt
|faint|p2b: Rillaboom
|-item|p1a: Delphox|Focus Sash|[from] ability: Magician|[of] p2a: Annihilape
|move|p2a: Annihilape|Close Combat|p1b: Indeedee
|-damage|p1b: Indeedee|24/100
|-unboost|p2a: Annihilape|def|1
|-unboost|p2a: Annihilape|spd|1
|
|-weather|Sandstorm|[upkeep]
|-damage|p1a: Delphox|0 fnt|[from] Sandstorm
|-damage|p2a: Annihilape|61/100|[from] Sandstorm
|faint|p1a: Delphox
|upkeep
|
|t:|1756508637
|switch|p1a: Tyranitar|Tyranitar, L50, M|10/100
|switch|p2b: Gholdengo|Gholdengo, L50|38/100
|turn|8
|-message|Daniw9 forfeited.
|
|win|MichaelderBeste2
|raw|Daniw9's rating: 1215 → 1189(-26 for losing)
|raw|MichaelderBeste2's rating: 1206 → 1232(+26 for winning)
|l|☆Daniw9
|player|p1|
|j|☆Daniw9
|player|p1|Daniw9|2|
|l|☆MichaelderBeste2
|player|p2|
