|j|☆galloway2001
|j|☆8787878i
|html|galloway20018787878i    
|uhtml|bestof|Game 1 of a best-of-3
|t:|1785690676
|gametype|doubles
|player|p1|galloway2001|1|1204
|player|p2|8787878i|tuberf|1230
|gen|9
|tier|[Gen 9 Champions] VGC 2026 Reg M-B (Bo3)
|rated|
|rule|Species Clause: Limit one of each Pokémon
|rule|Item Clause: Limit 1 of each item
|clearpoke
|poke|p1|Whimsicott, L50, M|
|poke|p1|Basculegion, L50, M|
|poke|p1|Floette-Eternal, L50, F|
|poke|p1|Garchomp, L50, F|
|poke|p1|Kingambit, L50, M|
|poke|p1|Charizard, L50, M|
|poke|p2|Froslass, L50, F|
|poke|p2|Sneasler, L50, M|
|poke|p2|Kingambit, L50, M|
|poke|p2|Basculegion, L50, M|
|poke|p2|Scovillain, L50, F|
|poke|p2|Lycanroc-Dusk, L50, F|
|teampreview|4
|showteam|p1|Whimsicott||FocusSash|Prankster|Protect,Tailwind,Moonblast,Encore|Timid||M|||50|]Basculegion||LifeOrb|Adaptability|Protect,WaveCrash,LastRespects,AquaJet|Adamant||M|||50|]Floette-Eternal||Floettite|FlowerVeil|Protect,HelpingHand,Moonblast,DazzlingGleam|Timid||F|||50|]Garchomp||SitrusBerry|RoughSkin|DragonClaw,Earthquake,PoisonJab,RockSlide|Adamant||F|||50|]Kingambit||ChopleBerry|Defiant|IronHead,KowtowCleave,SuckerPunch,LowKick|Adamant||M|||50|]Charizard||CharizarditeY|Blaze|Protect,HeatWave,WeatherBall,SolarBeam|Modest||M|||50|
|showteam|p2|Froslass||Froslassite|CursedBody|Protect,Blizzard,AuroraVeil,ShadowBall|Modest||F|||50|]Sneasler||WhiteHerb|Unburden|Protect,CloseCombat,FakeOut,GunkShot|Adamant||M|||50|]Kingambit||LifeOrb|Defiant|KowtowCleave,SuckerPunch,SwordsDance,Protect|Adamant||M|||50|]Basculegion||SitrusBerry|Adaptability|Protect,WaveCrash,LastRespects,AquaJet|Adamant||M|||50|]Scovillain||Scovillainite|Moody|Protect,GigaDrain,Overheat,RagePowder|Bold||F|||50|]Lycanroc-Dusk||FocusSash|ToughClaws|Protect,Accelerock,RockSlide,CloseCombat|Adamant||F|||50|
|inactive|Battle timer is ON: inactive players will automatically lose when time's up. (requested by 8787878i)
|
|t:|1785690701
|teamsize|p1|4
|teamsize|p2|4
|start
|switch|p1a: Basculegion|Basculegion, L50, M|100/100
|switch|p1b: Whimsicott|Whimsicott, L50, M|100/100
|switch|p2a: Zara|Lycanroc-Dusk, L50, F|100/100
|switch|p2b: Nella|Froslass, L50, F|100/100
|turn|1
|
|t:|1785690716
|detailschange|p2b: Nella|Froslass-Mega, L50, F
|-mega|p2b: Nella|Froslass|Froslassite
|-weather|Snowscape|[from] ability: Snow Warning|[of] p2b: Nella
|move|p1b: Whimsicott|Tailwind|p1b: Whimsicott
|-sidestart|p1: galloway2001|move: Tailwind
|move|p2a: Zara|Accelerock|p1b: Whimsicott
|-damage|p1b: Whimsicott|55/100
|move|p1a: Basculegion|Wave Crash|p2b: Nella
|-crit|p2b: Nella
|-damage|p2b: Nella|0 fnt
|faint|p2b: Nella
|-damage|p1a: Basculegion|71/100|[from] Recoil
|-damage|p1a: Basculegion|61/100|[from] item: Life Orb
|
|-weather|Snowscape|[upkeep]
|upkeep
|
|t:|1785690728
|switch|p2b: Basculegion|Basculegion, L50, M|100/100
|turn|2
|
|t:|1785690743
|move|p1a: Basculegion|Aqua Jet|p2a: Zara
|-supereffective|p2a: Zara|1
|-enditem|p2a: Zara|Focus Sash
|-damage|p2a: Zara|1/100
|-damage|p1a: Basculegion|51/100|[from] item: Life Orb
|move|p2a: Zara|Accelerock|p1b: Whimsicott
|-damage|p1b: Whimsicott|10/100
|move|p2b: Basculegion|Aqua Jet|p1b: Whimsicott
|-resisted|p1b: Whimsicott|1
|-damage|p1b: Whimsicott|0 fnt
|faint|p1b: Whimsicott
|
|-weather|Snowscape|[upkeep]
|upkeep
|
|t:|1785690758
|switch|p1b: Kingambit|Kingambit, L50, M|100/100
|turn|3
|inactive|8787878i has 30 seconds left.
|
|t:|1785690792
|move|p2a: Zara|Protect|p2a: Zara
|-singleturn|p2a: Zara|Protect
|move|p1a: Basculegion|Aqua Jet|p2a: Zara
|-activate|p2a: Zara|move: Protect
|move|p1b: Kingambit|Kowtow Cleave|p2b: Basculegion
|-supereffective|p2b: Basculegion|1
|-damage|p2b: Basculegion|1/100
|-enditem|p2b: Basculegion|Sitrus Berry|[eat]
|-heal|p2b: Basculegion|25/100|[from] item: Sitrus Berry
|move|p2b: Basculegion|Last Respects|p1a: Basculegion
|-supereffective|p1a: Basculegion|1
|-damage|p1a: Basculegion|0 fnt
|faint|p1a: Basculegion
|
|-weather|Snowscape|[upkeep]
|upkeep
|inactive|galloway2001 has 30 seconds left.
|inactive|galloway2001 has 20 seconds left.
|
|t:|1785690829
|switch|p1a: Floette|Floette-Eternal, L50, F|100/100
|turn|4
|
|t:|1785690840
|detailschange|p1a: Floette|Floette-Mega, L50, F
|-mega|p1a: Floette|Floette|Floettite
|-ability|p1a: Floette|Fairy Aura
|move|p2a: Zara|Protect||[still]
|-fail|p2a: Zara
|move|p2b: Basculegion|Protect|p2b: Basculegion
|-singleturn|p2b: Basculegion|Protect
|move|p1b: Kingambit|Sucker Punch||[still]
|-fail|p1b: Kingambit
|move|p1a: Floette|Dazzling Gleam|p2a: Zara|[spread] p2a
|-activate|p2b: Basculegion|move: Protect
|-damage|p2a: Zara|0 fnt
|faint|p2a: Zara
|
|-weather|Snowscape|[upkeep]
|-sideend|p1: galloway2001|move: Tailwind
|upkeep
|
|t:|1785690842
|switch|p2a: Sneasler|Sneasler, L50, M|100/100
|turn|5
|
|t:|1785690859
|move|p2b: Basculegion|Aqua Jet|p1b: Kingambit
|-damage|p1b: Kingambit|82/100
|move|p1b: Kingambit|Sucker Punch||[still]
|-fail|p1b: Kingambit
|move|p1a: Floette|Dazzling Gleam|p2b: Basculegion|[spread] p2a,p2b
|-damage|p2a: Sneasler|42/100
|-damage|p2b: Basculegion|0 fnt
|faint|p2b: Basculegion
|move|p2a: Sneasler|Close Combat|p1b: Kingambit
|-supereffective|p1b: Kingambit|2
|-enditem|p1b: Kingambit|Chople Berry|[eat]
|-enditem|p1b: Kingambit|Chople Berry|[weaken]
|-damage|p1b: Kingambit|0 fnt
|-unboost|p2a: Sneasler|def|1
|-unboost|p2a: Sneasler|spd|1
|faint|p1b: Kingambit
|-enditem|p2a: Sneasler|White Herb
|-clearnegativeboost|p2a: Sneasler|[silent]
|
|-weather|none
|upkeep
|turn|6
|-message|8787878i forfeited.
|
|win|galloway2001
|l|☆8787878i
|player|p2|
||8787878i is ready for game 2.
|inactive|galloway2001 has 29 seconds to confirm battle start!
||galloway2001 is ready for game 2.
|uhtml|next|Next: Game 2 of 3
