|j|☆Zurneus
|j|☆parsley<3
|html|Zurneusparsley<3    
|uhtml|bestof|Game 1 of a best-of-3
|t:|1756252062
|gametype|doubles
|player|p1|Zurneus|silver|1183
|player|p2|parsley<3|lacey|1222
|gen|9
|tier|[Gen 9] VGC 2025 Reg H (Bo3)
|rated|
|rule|Species Clause: Limit one of each Pokémon
|rule|Item Clause: Limit 1 of each item
|clearpoke
|poke|p1|Gyarados, L50, M|
|poke|p1|Indeedee, L50, M|
|poke|p1|Volcarona, L50, M|
|poke|p1|Excadrill, L50, F|
|poke|p1|Amoonguss, L50, M|
|poke|p1|Tyranitar, L50, F|
|poke|p2|Maushold, L50|
|poke|p2|Annihilape, L50, M|
|poke|p2|Gholdengo, L50|
|poke|p2|Ursaluna-Bloodmoon, L50, M|
|poke|p2|Dragonite, L50, M|
|poke|p2|Sneasler, L50, F|
|teampreview|4
|showteam|p1|Gyarados||SafetyGoggles|Intimidate|Taunt,ThunderWave,Waterfall,Protect|||M|||50|,,,,,Steel]Indeedee||ChoiceScarf|PsychicSurge|DazzlingGleam,TeraBlast,Trick,ExpandingForce|||M|||50|,,,,,Psychic]Volcarona||CovertCloak|FlameBody|HeatWave,Tailwind,TeraBlast,WillOWisp|||M|||50|,,,,,Fairy]Excadrill||ClearAmulet|SandRush|Protect,Earthquake,HighHorsepower,IronHead|||F|||50|,,,,,Ghost]Amoonguss||SitrusBerry|Regenerator|Protect,ClearSmog,RagePowder,Spore|||M|||50|,,,,,Water]Tyranitar||AssaultVest|SandStream|LowKick,TeraBlast,KnockOff,RockSlide|||F|||50|,,,,,Flying
|showteam|p2|Maushold||SafetyGoggles|FriendGuard|SuperFang,BeatUp,Protect,FollowMe||||||50|,,,,,Ghost]Annihilape||SitrusBerry|Defiant|RageFist,CloseCombat,Protect,FinalGambit|||M|||50|,,,,,Fire]Gholdengo||LifeOrb|GoodasGold|MakeItRain,ShadowBall,Protect,NastyPlot||||||50|,,,,,Water]Ursaluna-Bloodmoon||AssaultVest|MindsEye|HyperVoice,BloodMoon,EarthPower,VacuumWave|||M|||50|,,,,,Ghost]Dragonite||LoadedDice|Multiscale|ScaleShot,Tailwind,Protect,Haze|||M|||50|,,,,,Fairy]Sneasler||FocusSash|Unburden|DireClaw,CloseCombat,Protect,ThroatChop|||F|||50|,,,,,Stellar
|
|t:|1756252091
|teamsize|p1|4
|teamsize|p2|4
|start
|switch|p1a: Indeedee|Indeedee, L50, M|100/100
|switch|p1b: Volcarona|Volcarona, L50, M|100/100
|switch|p2a: Gholdengo|Gholdengo, L50|100/100
|switch|p2b: freddy fivebear|Ursaluna-Bloodmoon, L50, M|100/100
|-fieldstart|move: Psychic Terrain|[from] ability: Psychic Surge|[of] p1a: Indeedee
|turn|1
|
|t:|1756252133
|move|p1a: Indeedee|Expanding Force|p2a: Gholdengo|[spread] p2a,p2b
|-resisted|p2a: Gholdengo
|-damage|p2a: Gholdengo|68/100
|-damage|p2b: freddy fivebear|56/100
|move|p2a: Gholdengo|Make It Rain|p1a: Indeedee|[spread] p1a,p1b
|-resisted|p1b: Volcarona
|-damage|p1a: Indeedee|24/100
|-damage|p1b: Volcarona|74/100
|-unboost|p2a: Gholdengo|spa|1
|-damage|p2a: Gholdengo|58/100|[from] item: Life Orb
|move|p1b: Volcarona|Heat Wave|p2a: Gholdengo|[spread] p2a,p2b
|-supereffective|p2a: Gholdengo
|-crit|p2a: Gholdengo
|-damage|p2a: Gholdengo|0 fnt
|-damage|p2b: freddy fivebear|28/100
|faint|p2a: Gholdengo
|move|p2b: freddy fivebear|Hyper Voice|p1a: Indeedee|[spread] p1a,p1b
|-damage|p1a: Indeedee|0 fnt
|-damage|p1b: Volcarona|40/100
|faint|p1a: Indeedee
|
|upkeep
|
|t:|1756252153
|switch|p2a: hermes|Dragonite, L50, M|100/100
|switch|p1a: Excadrill|Excadrill, L50, F|100/100
|turn|2
|
|t:|1756252174
|move|p1b: Volcarona|Tailwind|p1b: Volcarona
|-sidestart|p1: Zurneus|move: Tailwind
|move|p1a: Excadrill|Iron Head|p2a: hermes
|-damage|p2a: hermes|73/100
|move|p2a: hermes|Scale Shot|p1b: Volcarona
|-damage|p1b: Volcarona|23/100
|-damage|p1b: Volcarona|4/100
|-damage|p1b: Volcarona|0 fnt
|faint|p1b: Volcarona
|-hitcount|p1: Volcarona|3
|-unboost|p2a: hermes|def|1
|-boost|p2a: hermes|spe|1
|move|p2b: freddy fivebear|Earth Power|p1a: Excadrill
|-supereffective|p1a: Excadrill
|-damage|p1a: Excadrill|0 fnt
|faint|p1a: Excadrill
|
|upkeep
|
|t:|1756252190
|switch|p1b: Tyranitar|Tyranitar, L50, F|100/100
|-weather|Sandstorm|[from] ability: Sand Stream|[of] p1b: Tyranitar
|turn|3
|
|t:|1756252216
|-terastallize|p2a: hermes|Fairy
|move|p2a: hermes|Tailwind|p2a: hermes
|-sidestart|p2: parsley<3|move: Tailwind
|move|p1b: Tyranitar|Knock Off|p2b: freddy fivebear
|-damage|p2b: freddy fivebear|0 fnt
|-enditem|p2b: freddy fivebear|Assault Vest|[from] move: Knock Off|[of] p1b: Tyranitar
|faint|p2b: freddy fivebear
|
|-weather|Sandstorm|[upkeep]
|-damage|p2a: hermes|67/100|[from] Sandstorm
|upkeep
|
|t:|1756252223
|switch|p2b: Sneasler|Sneasler, L50, F|100/100
|turn|4
|
|t:|1756252235
|-terastallize|p1b: Tyranitar|Flying
|move|p2a: hermes|Scale Shot|p1b: Tyranitar
|-damage|p1b: Tyranitar|87/100
|-damage|p1b: Tyranitar|75/100
|-damage|p1b: Tyranitar|63/100
|-damage|p1b: Tyranitar|51/100
|-damage|p1b: Tyranitar|38/100
|-hitcount|p1b: Tyranitar|5
|-unboost|p2a: hermes|def|1
|-boost|p2a: hermes|spe|1
|move|p2b: Sneasler|Close Combat|p1b: Tyranitar
|-resisted|p1b: Tyranitar
|-damage|p1b: Tyranitar|13/100
|-unboost|p2b: Sneasler|def|1
|-unboost|p2b: Sneasler|spd|1
|move|p1b: Tyranitar|Tera Blast|p2b: Sneasler|[anim] Tera Blast Flying
|-supereffective|p2b: Sneasler
|-enditem|p2b: Sneasler|Focus Sash
|-damage|p2b: Sneasler|1/100
|
|-weather|Sandstorm|[upkeep]
|-damage|p2b: Sneasler|0 fnt|[from] Sandstorm
|-damage|p2a: hermes|61/100|[from] Sandstorm
|-damage|p1b: Tyranitar|7/100|[from] Sandstorm
|faint|p2b: Sneasler
|upkeep
|turn|5
|
|t:|1756252265
|move|p2a: hermes|Protect|p2a: hermes
|-singleturn|p2a: hermes|Protect
|move|p1b: Tyranitar|Tera Blast|p2a: hermes|[anim] Tera Blast Flying
|-activate|p2a: hermes|move: Protect
|
|-weather|Sandstorm|[upkeep]
|-damage|p2a: hermes|55/100|[from] Sandstorm
|-damage|p1b: Tyranitar|1/100|[from] Sandstorm
|-sideend|p1: Zurneus|move: Tailwind
|-fieldend|move: Psychic Terrain
|upkeep
|turn|6
|
|t:|1756252273
|move|p2a: hermes|Haze|p2a: hermes
|-clearallboost
|move|p1b: Tyranitar|Tera Blast|p2a: hermes|[anim] Tera Blast Flying
|-damage|p2a: hermes|3/100
|
|-weather|Sandstorm|[upkeep]
|-damage|p2a: hermes|0 fnt|[from] Sandstorm
|-damage|p1b: Tyranitar|0 fnt|[from] Sandstorm
|faint|p2a: hermes
|faint|p1b: Tyranitar
|
|win|Zurneus
