|j|☆tomnumbers
|j|☆archebol
|html|tomnumbersarchebol    
|uhtml|bestof|Game 1 of a best-of-3
|t:|1757254634
|gametype|doubles
|player|p1|tomnumbers|gambler|1219
|player|p2|archebol|170|1248
|gen|9
|tier|[Gen 9] VGC 2025 Reg H (Bo3)
|rated|
|rule|Species Clause: Limit one of each Pokémon
|rule|Item Clause: Limit 1 of each item
|clearpoke
|poke|p1|Gholdengo, L50|
|poke|p1|Amoonguss, L50, M|
|poke|p1|Ursaluna, L50, F|
|poke|p1|Porygon2, L50|
|poke|p1|Incineroar, L50, F|
|poke|p1|Dragonite, L50, M|
|poke|p2|Maushold, L50|
|poke|p2|Annihilape, L50, F|
|poke|p2|Sinistcha, L50|
|poke|p2|Grimmsnarl, L50, M|
|poke|p2|Pelipper, L50, F|
|poke|p2|Archaludon, L50, F|
|teampreview|4
|showteam|p1|Gholdengo||MetalCoat|GoodasGold|MakeItRain,ShadowBall,NastyPlot,Protect||||||50|,,,,,Water]Amoonguss||SitrusBerry|Regenerator|Spore,RagePowder,PollenPuff,Protect|||M|||50|,,,,,Psychic]Ursaluna||FlameOrb|Guts|Facade,HeadlongRush,Earthquake,Protect|||F|||50|,,,,,Ghost]Porygon2||Eviolite|Download|TeraBlast,IceBeam,TrickRoom,Recover||||||50|,,,,,Fighting]Incineroar||SafetyGoggles|Intimidate|FlareBlitz,KnockOff,PartingShot,FakeOut|||F|||50|,,,,,Ghost]Dragonite||LoadedDice|Multiscale|ScaleShot,Haze,Tailwind,Protect|||M|||50|,,,,,Fairy
|showteam|p2|Maushold||SafetyGoggles|FriendGuard|Protect,BeatUp,FollowMe,Encore||||||50|,,,,,Ghost]Annihilape||Leftovers|Defiant|DrainPunch,RageFist,Protect,BulkUp|||F|||50|,,,,,Fire]Sinistcha||RockyHelmet|Hospitality|MatchaGotcha,LifeDew,TrickRoom,RagePowder||||||50|,,,,,Water]Grimmsnarl||LightClay|Prankster|MistyTerrain,Reflect,LightScreen,SpiritBreak|||M|||50|,,,,,Poison]Pelipper||FocusSash|Drizzle|Protect,WideGuard,WeatherBall,Hurricane|||F|||50|,,,,,Stellar]Archaludon||AssaultVest|Stamina|ElectroShot,FlashCannon,BodyPress,DracoMeteor|||F|||50|,,,,,Grass
|inactive|Battle timer is ON: inactive players will automatically lose when time's up. (requested by tomnumbers)
|inactive|tomnumbers has 60 seconds left.
|inactive|tomnumbers has 30 seconds left.
|
|t:|1757254700
|teamsize|p1|4
|teamsize|p2|4
|start
|switch|p1a: Amoonguss|Amoonguss, L50, M|100/100
|switch|p1b: Gholdengo|Gholdengo, L50|100/100
|switch|p2a: Maushold|Maushold, L50|100/100
|switch|p2b: Annihilape|Annihilape, L50, F|100/100
|turn|1
|
|t:|1757254723
|-terastallize|p1b: Gholdengo|Water
|move|p2a: Maushold|Follow Me|p2a: Maushold
|-singleturn|p2a: Maushold|move: Follow Me
|move|p2b: Annihilape|Bulk Up|p2b: Annihilape
|-boost|p2b: Annihilape|atk|1
|-boost|p2b: Annihilape|def|1
|move|p1b: Gholdengo|Nasty Plot|p1b: Gholdengo
|-boost|p1b: Gholdengo|spa|2
|move|p1a: Amoonguss|Spore|p2a: Maushold
|-activate|p2a: Maushold|item: Safety Goggles|Spore
|
|upkeep
|turn|2
|
|t:|1757254739
|switch|p2a: Grimmsnarl|Grimmsnarl, L50, M|100/100
|move|p2b: Annihilape|Protect|p2b: Annihilape
|-singleturn|p2b: Annihilape|Protect
|move|p1b: Gholdengo|Nasty Plot|p1b: Gholdengo
|-boost|p1b: Gholdengo|spa|2
|move|p1a: Amoonguss|Spore|p2b: Annihilape
|-activate|p2b: Annihilape|move: Protect
|
|upkeep
|turn|3
|
|t:|1757254754
|-terastallize|p2b: Annihilape|Fire
|move|p1a: Amoonguss|Rage Powder|p1a: Amoonguss
|-singleturn|p1a: Amoonguss|move: Rage Powder
|move|p2a: Grimmsnarl|Misty Terrain|p2a: Grimmsnarl
|-fieldstart|move: Misty Terrain
|move|p2b: Annihilape|Rage Fist|p1a: Amoonguss
|-crit|p1a: Amoonguss
|-damage|p1a: Amoonguss|57/100
|move|p1b: Gholdengo|Make It Rain|p2a: Grimmsnarl|[spread] p2a,p2b
|-supereffective|p2a: Grimmsnarl
|-resisted|p2b: Annihilape
|-damage|p2a: Grimmsnarl|0 fnt
|-damage|p2b: Annihilape|23/100
|-unboost|p1b: Gholdengo|spa|1
|faint|p2a: Grimmsnarl
|
|-heal|p2b: Annihilape|29/100|[from] item: Leftovers
|upkeep
|
|t:|1757254761
|switch|p2a: Maushold|Maushold, L50|100/100
|turn|4
|inactive|archebol has 30 seconds left.
|
|t:|1757254789
|move|p1a: Amoonguss|Rage Powder|p1a: Amoonguss
|-singleturn|p1a: Amoonguss|move: Rage Powder
|move|p2a: Maushold|Beat Up|p2b: Annihilape
|-damage|p2b: Annihilape|28/100
|-damage|p2b: Annihilape|27/100
|-damage|p2b: Annihilape|26/100
|-hitcount|p2b: Annihilape|3
|move|p2b: Annihilape|Rage Fist|p1a: Amoonguss
|-damage|p1a: Amoonguss|0 fnt
|faint|p1a: Amoonguss
|move|p1b: Gholdengo|Make It Rain|p2b: Annihilape|[spread] p2a,p2b
|-resisted|p2b: Annihilape
|-damage|p2a: Maushold|0 fnt
|-damage|p2b: Annihilape|0 fnt
|-unboost|p1b: Gholdengo|spa|1
|faint|p2a: Maushold
|faint|p2b: Annihilape
|
|upkeep
|
|t:|1757254795
|switch|p2b: Pelipper|Pelipper, L50, F|100/100
|switch|p1a: Dragonite|Dragonite, L50, M|100/100
|-weather|RainDance|[from] ability: Drizzle|[of] p2b: Pelipper
|turn|5
|
|t:|1757254804
|move|p1a: Dragonite|Scale Shot|p2b: Pelipper
|-crit|p2b: Pelipper
|-damage|p2b: Pelipper|69/100
|-damage|p2b: Pelipper|50/100
|-damage|p2b: Pelipper|32/100
|-damage|p2b: Pelipper|10/100
|-damage|p2b: Pelipper|0 fnt
|faint|p2b: Pelipper
|-hitcount|p2: Pelipper|5
|
|win|tomnumbers
||archebol is ready for game 2.
||tomnumbers is ready for game 2.
|uhtml|next|Next: Game 2 of 3
