|j|☆flaminanmol
|j|☆AviDotWav
|html|flaminanmolAviDotWav    
|uhtml|bestof|Game 1 of a best-of-3
|t:|1783672540
|gametype|doubles
|player|p1|flaminanmol|red|1058
|player|p2|AviDotWav|lady-gen4|1183
|gen|9
|tier|[Gen 9 Champions] VGC 2026 Reg M-B (Bo3)
|rated|
|rule|Species Clause: Limit one of each Pokémon
|rule|Item Clause: Limit 1 of each item
|clearpoke
|poke|p1|Sneasler, L50, M|
|poke|p1|Whimsicott, L50, F|
|poke|p1|Incineroar, L50, F|
|poke|p1|Staraptor, L50, M|
|poke|p1|Garchomp, L50, M|
|poke|p1|Farigiraf, L50, M|
|poke|p2|Audino, L50, F|
|poke|p2|Kingambit, L50, M|
|poke|p2|Staraptor, L50, M|
|poke|p2|Farigiraf, L50, M|
|poke|p2|Torkoal, L50, F|
|poke|p2|Blastoise, L50, F|
|teampreview|4
|showteam|p1|Sneasler||FocusSash|Unburden|DireClaw,CloseCombat,FakeOut,Protect|Adamant||M|||50|]Whimsicott||MentalHerb|Prankster|Tailwind,Protect,Moonblast,Charm|Timid||F|||50|]Incineroar||SitrusBerry|Intimidate|FakeOut,FlareBlitz,DarkestLariat,PartingShot|Brave||F|||50|]Staraptor||Staraptite|Intimidate|CloseCombat,BraveBird,Protect,Roost|Adamant||M|||50|]Garchomp||ChoiceScarf|RoughSkin|DragonClaw,Earthquake,Outrage,RockSlide|Adamant||M|||50|]Farigiraf||SilkScarf|ArmorTail|HyperVoice,TrickRoom,HelpingHand,Protect|Quiet||M|||50|
|showteam|p2|Audino||Audinite|Healer|Protect,TrickRoom,LifeDew,DazzlingGleam|Relaxed||F|||50|]Kingambit||BlackGlasses|Defiant|Protect,IronHead,KowtowCleave,SuckerPunch|Brave||M|||50|]Staraptor||ChoiceScarf|Intimidate|FinalGambit,Uturn,BraveBird,CloseCombat|Jolly||M|||50|]Farigiraf||SitrusBerry|ArmorTail|TwinBeam,Thunderbolt,TrickRoom,HelpingHand|Relaxed||M|||50|]Torkoal||Charcoal|Drought|Protect,Eruption,WeatherBall,HelpingHand|Quiet||F|||50|]Blastoise||Blastoisinite|Torrent|FakeOut,WaterSpout,DarkPulse,AuraSphere|Quiet||F|||50|
|inactive|Battle timer is ON: inactive players will automatically lose when time's up. (requested by AviDotWav)
|
|t:|1783672570
|teamsize|p1|4
|teamsize|p2|4
|start
|switch|p1a: Whimsicott|Whimsicott, L50, F|100/100
|switch|p1b: Staraptor|Staraptor, L50, M|100/100
|switch|p2a: Staraptor|Staraptor, L50, M|100/100
|switch|p2b: Kingambit|Kingambit, L50, M|100/100
|-ability|p2a: Staraptor|Intimidate|boost
|-unboost|p1a: Whimsicott|atk|1
|-unboost|p1b: Staraptor|atk|1
|-ability|p1b: Staraptor|Intimidate|boost
|-unboost|p2a: Staraptor|atk|1
|-unboost|p2b: Kingambit|atk|1
|-ability|p2b: Kingambit|Defiant|boost
|-boost|p2b: Kingambit|atk|2
|turn|1
|
|t:|1783672588
|detailschange|p1b: Staraptor|Staraptor-Mega, L50, M
|-mega|p1b: Staraptor|Staraptor|Staraptite
|move|p1b: Staraptor|Protect|p1b: Staraptor
|-singleturn|p1b: Staraptor|Protect
|move|p1a: Whimsicott|Tailwind|p1a: Whimsicott
|-sidestart|p1: flaminanmol|move: Tailwind
|move|p2a: Staraptor|Final Gambit|p1b: Staraptor
|-activate|p1b: Staraptor|move: Protect
|move|p2b: Kingambit|Iron Head|p1a: Whimsicott
|-supereffective|p1a: Whimsicott|1
|-damage|p1a: Whimsicott|0 fnt
|faint|p1a: Whimsicott
|
|upkeep
|
|t:|1783672603
|switch|p1a: Sneasler|Sneasler, L50, M|100/100
|turn|2
|inactive|AviDotWav has 30 seconds left.
|inactive|AviDotWav has 20 seconds left.
|inactive|AviDotWav has 15 seconds left.
|
|t:|1783672648
|switch|p1b: Garchomp|Garchomp, L50, M|100/100
|switch|p2a: Farigiraf|Farigiraf, L50, M|100/100
|move|p1a: Sneasler|Close Combat|p2b: Kingambit
|-supereffective|p2b: Kingambit|2
|-damage|p2b: Kingambit|0 fnt
|-unboost|p1a: Sneasler|def|1
|-unboost|p1a: Sneasler|spd|1
|faint|p2b: Kingambit
|
|upkeep
|
|t:|1783672661
|switch|p2b: Audino|Audino, L50, F|100/100
|turn|3
|
|t:|1783672677
|switch|p2a: Staraptor|Staraptor, L50, M|100/100
|-ability|p2a: Staraptor|Intimidate|boost
|-unboost|p1a: Sneasler|atk|1
|-unboost|p1b: Garchomp|atk|1
|detailschange|p2b: Audino|Audino-Mega, L50, F
|-mega|p2b: Audino|Audino|Audinite
|move|p1b: Garchomp|Outrage|p2b: Audino
|-immune|p2b: Audino
|move|p1a: Sneasler|Close Combat|p2b: Audino
|-damage|p2b: Audino|74/100
|-unboost|p1a: Sneasler|def|1
|-unboost|p1a: Sneasler|spd|1
|move|p2b: Audino|Trick Room|p2b: Audino
|-fieldstart|move: Trick Room|[of] p2b: Audino
|
|upkeep
|turn|4
|
|t:|1783672696
|move|p2b: Audino|Dazzling Gleam|p1b: Garchomp|[spread] p1a,p1b
|-supereffective|p1b: Garchomp|1
|-damage|p1a: Sneasler|54/100
|-damage|p1b: Garchomp|60/100
|move|p2a: Staraptor|Final Gambit|p1b: Garchomp
|-damage|p1b: Garchomp|0 fnt
|faint|p2a: Staraptor
|faint|p1b: Garchomp
|move|p1a: Sneasler|Dire Claw|p2b: Audino
|-supereffective|p2b: Audino|1
|-damage|p2b: Audino|41/100
|
|-sideend|p1: flaminanmol|move: Tailwind
|upkeep
|
|t:|1783672713
|switch|p1b: Staraptor|Staraptor-Mega, L50, M|100/100
|switch|p2a: Farigiraf|Farigiraf, L50, M|100/100
|turn|5
|
|t:|1783672726
|move|p2b: Audino|Life Dew||[still]|[spread] p2a,p2b
|-fail|p2a: Farigiraf|heal
|-heal|p2b: Audino|66/100
|move|p2a: Farigiraf|Twin Beam|p1a: Sneasler
|-supereffective|p1a: Sneasler|2
|-damage|p1a: Sneasler|0 fnt
|faint|p1a: Sneasler
|-hitcount|p1: Sneasler|1
|move|p1b: Staraptor|Close Combat|p2a: Farigiraf
|-damage|p2a: Farigiraf|35/100
|-boost|p1b: Staraptor|def|1
|-boost|p1b: Staraptor|spd|1
|-enditem|p2a: Farigiraf|Sitrus Berry|[eat]
|-heal|p2a: Farigiraf|59/100|[from] item: Sitrus Berry
|
|upkeep
|turn|6
|c|☆AviDotWav|this
|
|t:|1783672743
|move|p1b: Staraptor|Protect|p1b: Staraptor
|-singleturn|p1b: Staraptor|Protect
|move|p2b: Audino|Life Dew|p2b: Audino|[spread] p2a,p2b
|-heal|p2a: Farigiraf|85/100
|-heal|p2b: Audino|91/100
|move|p2a: Farigiraf|Twin Beam|p1b: Staraptor
|-activate|p1b: Staraptor|move: Protect
|
|upkeep
|turn|7
|c|☆AviDotWav|is gonna take a while isn't it
|
|t:|1783672755
|move|p1b: Staraptor|Protect||[still]
|-fail|p1b: Staraptor
|move|p2b: Audino|Dazzling Gleam|p1b: Staraptor
|-supereffective|p1b: Staraptor|1
|-damage|p1b: Staraptor|62/100
|move|p2a: Farigiraf|Twin Beam|p1b: Staraptor
|-supereffective|p1b: Staraptor|1
|-damage|p1b: Staraptor|38/100
|-supereffective|p1b: Staraptor|1
|-damage|p1b: Staraptor|16/100
|-hitcount|p1b: Staraptor|2
|
|-fieldend|move: Trick Room
|upkeep
|turn|8
|
|t:|1783672772
|move|p1b: Staraptor|Close Combat|p2b: Audino
|-damage|p2b: Audino|52/100
|-boost|p1b: Staraptor|def|1
|-boost|p1b: Staraptor|spd|1
|move|p2a: Farigiraf|Twin Beam|p1b: Staraptor
|-supereffective|p1b: Staraptor|1
|-damage|p1b: Staraptor|0 fnt
|faint|p1b: Staraptor
|-hitcount|p1: Staraptor|1
|
|win|AviDotWav
||AviDotWav is ready for game 2.
