|j|☆BigIronChungus
|j|☆The FMB
|html|BigIronChungusThe FMB    
|uhtml|bestof|Game 2 of a best-of-3
|t:|1784966075
|gametype|doubles
|player|p1|BigIronChungus|arezu|1104
|player|p2|The FMB|170|1136
|gen|9
|tier|[Gen 9 Champions] VGC 2026 Reg M-B (Bo3)
|rated|
|rule|Species Clause: Limit one of each Pokémon
|rule|Item Clause: Limit 1 of each item
|clearpoke
|poke|p1|Milotic, L50, F|
|poke|p1|Staraptor, L50, F|
|poke|p1|Tyranitar, L50, F|
|poke|p1|Gholdengo, L50|
|poke|p1|Excadrill, L50, F|
|poke|p1|Sinistcha, L50|
|poke|p2|Eelektross, L50, M|
|poke|p2|Talonflame, L50, F|
|poke|p2|Swampert, L50, M|
|poke|p2|Grimmsnarl, L50, M|
|poke|p2|Aerodactyl, L50, M, shiny|
|poke|p2|Primarina, L50, M|
|teampreview|4
|showteam|p1|Milotic||Leftovers|Competitive|Protect,IceBeam,Scald,IcyWind|Modest||F|||50|]Staraptor||Staraptite|Intimidate|Protect,BraveBird,CloseCombat,Tailwind|Jolly||F|||50|]Tyranitar||Tyranitarite|SandStream|Protect,KnockOff,RockSlide,LowKick|Adamant||F|||50|]Gholdengo||LifeOrb|GoodasGold|Protect,ShadowBall,NastyPlot,MakeItRain|Modest|||||50|]Excadrill||FocusSash|SandRush|Protect,IronHead,RockSlide,HighHorsepower|Adamant||F|||50|]Sinistcha||SitrusBerry|Hospitality|Protect,TrickRoom,RagePowder,MatchaGotcha|Bold|||||50|
|showteam|p2|Eelektross||Eelektrossite|Levitate|SupercellSlam,VoltSwitch,Coil,Superpower|Jolly||M|||50|]Talonflame||FocusSash|GaleWings|Tailwind,DualWingbeat,FlareBlitz,WillOWisp|Jolly||F|||50|]Swampert||Swampertite|Torrent|IcePunch,Earthquake,WaveCrash,FlipTurn|Adamant||M|||50|]Grimmsnarl||LightClay|Prankster|Taunt,SpiritBreak,FakeOut,PartingShot|Adamant||M|||50|]Aerodactyl||HardStone|Unnerve|RockSlide,Protect,Tailwind,Earthquake|Jolly||M|||50|]Primarina||MysticWater|LiquidVoice|HyperVoice,IceBeam,Protect,Moonblast|Modest||M|||50|
|
|t:|1784966118
|teamsize|p1|4
|teamsize|p2|4
|start
|switch|p1a: Staraptor|Staraptor, L50, F|100/100
|switch|p1b: Gholdengo|Gholdengo, L50|100/100
|switch|p2a: Eelektross|Eelektross, L50, M|100/100
|switch|p2b: Grimmsnarl|Grimmsnarl, L50, M|100/100
|-ability|p1a: Staraptor|Intimidate|boost
|-unboost|p2a: Eelektross|atk|1
|-unboost|p2b: Grimmsnarl|atk|1
|turn|1
|
|t:|1784966157
|detailschange|p2a: Eelektross|Eelektross-Mega, L50, M
|-mega|p2a: Eelektross|Eelektross|Eelektrossite
|move|p1a: Staraptor|Protect|p1a: Staraptor
|-singleturn|p1a: Staraptor|Protect
|move|p2b: Grimmsnarl|Fake Out|p1a: Staraptor
|-activate|p1a: Staraptor|move: Protect
|move|p2a: Eelektross|Coil|p2a: Eelektross
|-boost|p2a: Eelektross|atk|1
|-boost|p2a: Eelektross|def|1
|-boost|p2a: Eelektross|accuracy|1
|move|p1b: Gholdengo|Nasty Plot|p1b: Gholdengo
|-boost|p1b: Gholdengo|spa|2
|
|upkeep
|turn|2
|
|t:|1784966183
|move|p2b: Grimmsnarl|Parting Shot|p1a: Staraptor
|-unboost|p1a: Staraptor|atk|1
|-unboost|p1a: Staraptor|spa|1
|
|t:|1784966187
|switch|p2b: Primarina|Primarina, L50, M|100/100|[from] Parting Shot
|move|p1a: Staraptor|Tailwind|p1a: Staraptor
|-sidestart|p1: BigIronChungus|move: Tailwind
|move|p1b: Gholdengo|Shadow Ball|p2a: Eelektross
|-damage|p2a: Eelektross|0 fnt
|faint|p2a: Eelektross
|-damage|p1b: Gholdengo|90/100|[from] item: Life Orb
|
|upkeep
|
|t:|1784966197
|switch|p2a: Grimmsnarl|Grimmsnarl, L50, M|100/100
|turn|3
|
|t:|1784966228
|switch|p1a: Sinistcha|Sinistcha, L50|100/100
|-heal|p1b: Gholdengo|100/100|[from] ability: Hospitality|[of] p1a: Sinistcha
|move|p2b: Primarina|Protect|p2b: Primarina
|-singleturn|p2b: Primarina|Protect
|move|p2a: Grimmsnarl|Fake Out|p1a: Sinistcha
|-immune|p1a: Sinistcha
|move|p1b: Gholdengo|Shadow Ball|p2b: Primarina
|-activate|p2b: Primarina|move: Protect
|
|upkeep
|turn|4
|
|t:|1784966250
|move|p2a: Grimmsnarl|Taunt|p1a: Sinistcha
|-start|p1a: Sinistcha|move: Taunt
|move|p1b: Gholdengo|Make It Rain|p2a: Grimmsnarl|[spread] p2a,p2b
|-supereffective|p2a: Grimmsnarl|1
|-damage|p2a: Grimmsnarl|0 fnt
|-damage|p2b: Primarina|0 fnt
|-unboost|p1b: Gholdengo|spa|2
|faint|p2a: Grimmsnarl
|faint|p2b: Primarina
|-damage|p1b: Gholdengo|90/100|[from] item: Life Orb
|move|p1a: Sinistcha|Matcha Gotcha|p2: Grimmsnarl|[notarget]
|-fail|p1a: Sinistcha
|
|upkeep
|
|t:|1784966257
|switch|p2b: Talonflame|Talonflame, L50, F|100/100
|turn|5
|
|t:|1784966265
|move|p1b: Gholdengo|Protect|p1b: Gholdengo
|-singleturn|p1b: Gholdengo|Protect
|move|p2b: Talonflame|Flare Blitz|p1a: Sinistcha
|-supereffective|p1a: Sinistcha|1
|-damage|p1a: Sinistcha|32/100
|-enditem|p1a: Sinistcha|Sitrus Berry|[eat]
|-heal|p1a: Sinistcha|57/100|[from] item: Sitrus Berry
|-damage|p2b: Talonflame|74/100|[from] Recoil
|move|p1a: Sinistcha|Matcha Gotcha|p2b: Talonflame|[miss]
|-miss|p1a: Sinistcha|p2b: Talonflame
|
|-sideend|p1: BigIronChungus|move: Tailwind
|upkeep
|turn|6
|-message|The FMB forfeited.
|raw|BigIronChungus's rating: 1104 → 1131(+27 for winning)
|raw|The FMB's rating: 1136 → 1109(-27 for losing)
|
|win|BigIronChungus
|l|☆The FMB
|player|p2|
