|j|☆ArsenioMaster
|j|☆Nessa333
|html|ArsenioMasterNessa333    
|uhtml|bestof|Game 3 of a best-of-3
|t:|1757200348
|gametype|doubles
|player|p1|ArsenioMaster|lucian|1000
|player|p2|Nessa333|2|1000
|gen|9
|tier|[Gen 9] VGC 2025 Reg H (Bo3)
|rated|
|rule|Species Clause: Limit one of each Pokémon
|rule|Item Clause: Limit 1 of each item
|clearpoke
|poke|p1|Archaludon, L50, M|
|poke|p1|Baxcalibur, L50, F|
|poke|p1|Incineroar, L50, M|
|poke|p1|Whimsicott, L50, F|
|poke|p1|Gholdengo, L50|
|poke|p1|Milotic, L50, M|
|poke|p2|Basculegion, L50, M|
|poke|p2|Archaludon, L50, M|
|poke|p2|Rillaboom, L50, F|
|poke|p2|Maushold, L50|
|poke|p2|Sneasler, L50, M|
|poke|p2|Volcarona, L50, F|
|teampreview|4
|showteam|p1|Archaludon||PowerHerb|Stamina|ElectroShot,DragonPulse,FlashCannon,Protect|||M|||50|,,,,,Flying]Baxcalibur||LifeOrb|ThermalExchange|DragonDance,GlaiveRush,Earthquake,IcicleCrash|||F|||50|,,,,,Steel]Incineroar||AssaultVest|Intimidate|FakeOut,Uturn,FlareBlitz,DarkestLariat|||M|||50|,,,,,Fire]Whimsicott||FocusSash|Prankster|BeatUp,Encore,Moonblast,Tailwind|||F|||50|,,,,,Grass]Gholdengo||ChoiceSpecs|GoodasGold|MakeItRain,DazzlingGleam,Psyshock,ShadowBall||||||50|,,,,,Steel]Milotic||FlameOrb|MarvelScale|Protect,LifeDew,IcyWind,Scald|||M|||50|,,,,,Water
|showteam|p2|Basculegion||ChoiceScarf|Adaptability|AquaJet,WaveCrash,LastRespects,FlipTurn|||M|||50|,,,,,Grass]Archaludon||PowerHerb|Sturdy|AuraSphere,ElectroShot,FlashCannon,Protect|||M|||50|,,,,,Fighting]Rillaboom||AssaultVest|GrassySurge|Uturn,FakeOut,GrassyGlide,WoodHammer|||F|||50|,,,,,Fire]Maushold||WideLens|Technician|PopulationBomb,FollowMe,Taunt,Protect||||||50|,,,,,Ghost]Sneasler||GrassySeed|Unburden|DireClaw,CloseCombat,ThroatChop,Protect|||M|||50|,,,,,Stellar]Volcarona||CovertCloak|FlameBody|StruggleBug,WillOWisp,HeatWave,Tailwind|||F|||50|,,,,,Fairy
|inactive|Battle timer is ON: inactive players will automatically lose when time's up. (requested by ArsenioMaster)
|inactive|ArsenioMaster has 60 seconds left.
|
|t:|1757200404
|teamsize|p1|4
|teamsize|p2|4
|start
|switch|p1a: Gholdengo|Gholdengo, L50|100/100
|switch|p1b: Whimsicott|Whimsicott, L50, F|100/100
|switch|p2a: Rillaboom|Rillaboom, L50, F|100/100
|switch|p2b: Sneasler|Sneasler, L50, M|100/100
|-fieldstart|move: Grassy Terrain|[from] ability: Grassy Surge|[of] p2a: Rillaboom
|-enditem|p2b: Sneasler|Grassy Seed
|-boost|p2b: Sneasler|def|1|[from] item: Grassy Seed
|turn|1
|inactive|ArsenioMaster has 30 seconds left.
|inactive|Nessa333 has 30 seconds left.
|
|t:|1757200434
|move|p2a: Rillaboom|Fake Out|p1b: Whimsicott
|-damage|p1b: Whimsicott|78/100
|cant|p1b: Whimsicott|flinch
|move|p2b: Sneasler|Throat Chop|p1a: Gholdengo
|-supereffective|p1a: Gholdengo
|-damage|p1a: Gholdengo|35/100
|-start|p1a: Gholdengo|Throat Chop|[silent]
|move|p1a: Gholdengo|Psyshock|p2b: Sneasler
|-supereffective|p2b: Sneasler
|-damage|p2b: Sneasler|0 fnt
|faint|p2b: Sneasler
|
|-heal|p1b: Whimsicott|84/100|[from] Grassy Terrain
|-heal|p1a: Gholdengo|41/100|[from] Grassy Terrain
|upkeep
|
|t:|1757200453
|switch|p2b: Archaludon|Archaludon, L50, M|100/100
|turn|2
|inactive|ArsenioMaster has 30 seconds left.
|
|t:|1757200488
|switch|p1a: Incineroar|Incineroar, L50, M|100/100
|-ability|p1a: Incineroar|Intimidate|boost
|-unboost|p2a: Rillaboom|atk|1
|-unboost|p2b: Archaludon|atk|1
|switch|p2a: Basculegion|Basculegion, L50, M|100/100
|move|p1b: Whimsicott|Encore||[still]
|-fail|p1b: Whimsicott
|move|p2b: Archaludon|Electro Shot||[still]
|-prepare|p2b: Archaludon|Electro Shot
|-boost|p2b: Archaludon|spa|1
|-enditem|p2b: Archaludon|Power Herb
|-anim|p2b: Archaludon|Electro Shot|p1a: Incineroar
|-damage|p1a: Incineroar|56/100
|
|-heal|p1b: Whimsicott|90/100|[from] Grassy Terrain
|-heal|p1a: Incineroar|62/100|[from] Grassy Terrain
|upkeep
|turn|3
|inactive|ArsenioMaster has 30 seconds left.
|inactive|Nessa333 has 30 seconds left.
|inactive|Nessa333 has 20 seconds left.
|
|t:|1757200524
|switch|p2b: Rillaboom|Rillaboom, L50, F|100/100
|move|p1b: Whimsicott|Encore||[still]
|-fail|p1b: Whimsicott
|move|p2a: Basculegion|Flip Turn|p1a: Incineroar
|-supereffective|p1a: Incineroar
|-damage|p1a: Incineroar|0 fnt
|faint|p1a: Incineroar
|
|t:|1757200534
|switch|p2a: Archaludon|Archaludon, L50, M|100/100|[from] Flip Turn
|
|-heal|p1b: Whimsicott|96/100|[from] Grassy Terrain
|upkeep
|
|t:|1757200556
|switch|p1a: Archaludon|Archaludon, L50, M|100/100
|turn|4
|inactive|ArsenioMaster has 30 seconds left.
|
|t:|1757200587
|-terastallize|p1a: Archaludon|Flying
|move|p1b: Whimsicott|Beat Up|p1a: Archaludon
|-damage|p1a: Archaludon|98/100
|-ability|p1a: Archaludon|Stamina|boost
|-boost|p1a: Archaludon|def|1
|-damage|p1a: Archaludon|97/100
|-ability|p1a: Archaludon|Stamina|boost
|-boost|p1a: Archaludon|def|1
|-damage|p1a: Archaludon|96/100
|-ability|p1a: Archaludon|Stamina|boost
|-boost|p1a: Archaludon|def|1
|-hitcount|p1a: Archaludon|3
|move|p2a: Archaludon|Flash Cannon|p1b: Whimsicott
|-supereffective|p1b: Whimsicott
|-damage|p1b: Whimsicott|0 fnt
|faint|p1b: Whimsicott
|move|p1a: Archaludon|Electro Shot||[still]
|-prepare|p1a: Archaludon|Electro Shot
|-boost|p1a: Archaludon|spa|1
|-enditem|p1a: Archaludon|Power Herb
|-anim|p1a: Archaludon|Electro Shot|p2b: Rillaboom
|-resisted|p2b: Rillaboom
|-damage|p2b: Rillaboom|76/100
|move|p2b: Rillaboom|U-turn|p1a: Archaludon
|-resisted|p1a: Archaludon
|-damage|p1a: Archaludon|91/100
|-ability|p1a: Archaludon|Stamina|boost
|-boost|p1a: Archaludon|def|1
|
|t:|1757200611
|switch|p2b: Basculegion|Basculegion, L50, M|100/100|[from] U-turn
|
|upkeep
|
|t:|1757200615
|switch|p1b: Gholdengo|Gholdengo, L50|41/100
|turn|5
|inactive|ArsenioMaster has 30 seconds left.
|inactive|ArsenioMaster has 20 seconds left.
|
|t:|1757200654
|move|p2b: Basculegion|Last Respects|p1b: Gholdengo
|-supereffective|p1b: Gholdengo
|-damage|p1b: Gholdengo|0 fnt
|faint|p1b: Gholdengo
|move|p1a: Archaludon|Dragon Pulse|p2b: Basculegion
|-damage|p2b: Basculegion|31/100
|move|p2a: Archaludon|Electro Shot||[still]
|-prepare|p2a: Archaludon|Electro Shot
|-boost|p2a: Archaludon|spa|1
|
|-heal|p2b: Basculegion|37/100|[from] Grassy Terrain
|-fieldend|move: Grassy Terrain
|upkeep
|turn|6
|
|t:|1757200669
|move|p1a: Archaludon|Protect|p1a: Archaludon
|-singleturn|p1a: Archaludon|Protect
|move|p2b: Basculegion|Last Respects|p1a: Archaludon
|-activate|p1a: Archaludon|move: Protect
|move|p2a: Archaludon|Electro Shot|p1a: Archaludon|[from] lockedmove
|-activate|p1a: Archaludon|move: Protect
|
|upkeep
|turn|7
|
|t:|1757200684
|switch|p2b: Rillaboom|Rillaboom, L50, F|76/100
|-fieldstart|move: Grassy Terrain|[from] ability: Grassy Surge|[of] p2b: Rillaboom
|move|p2a: Archaludon|Protect|p2a: Archaludon
|-singleturn|p2a: Archaludon|Protect
|move|p1a: Archaludon|Dragon Pulse|p2b: Rillaboom
|-damage|p2b: Rillaboom|30/100
|
|-heal|p2b: Rillaboom|36/100|[from] Grassy Terrain
|upkeep
|turn|8
|inactive|Nessa333 has 30 seconds left.
|inactive|Nessa333 has 20 seconds left.
|
|t:|1757200723
|switch|p2b: Basculegion|Basculegion, L50, M|37/100
|move|p2a: Archaludon|Electro Shot||[still]
|-prepare|p2a: Archaludon|Electro Shot
|-boost|p2a: Archaludon|spa|1
|move|p1a: Archaludon|Dragon Pulse|p2a: Archaludon
|-ability|p2a: Archaludon|Sturdy
|-damage|p2a: Archaludon|1/100
|
|-heal|p2b: Basculegion|43/100|[from] Grassy Terrain
|-heal|p2a: Archaludon|7/100|[from] Grassy Terrain
|upkeep
|turn|9
|
|t:|1757200738
|switch|p2b: Rillaboom|Rillaboom, L50, F|36/100
|move|p1a: Archaludon|Protect|p1a: Archaludon
|-singleturn|p1a: Archaludon|Protect
|move|p2a: Archaludon|Electro Shot|p1a: Archaludon|[from] lockedmove
|-activate|p1a: Archaludon|move: Protect
|
|-heal|p2a: Archaludon|13/100|[from] Grassy Terrain
|-heal|p2b: Rillaboom|42/100|[from] Grassy Terrain
|upkeep
|turn|10
|
|t:|1757200755
|move|p2b: Rillaboom|Fake Out|p1a: Archaludon
|-damage|p1a: Archaludon|88/100
|-ability|p1a: Archaludon|Stamina|boost
|-boost|p1a: Archaludon|def|1
|cant|p1a: Archaludon|flinch
|move|p2a: Archaludon|Flash Cannon|p1a: Archaludon
|-damage|p1a: Archaludon|0 fnt
|faint|p1a: Archaludon
|
|win|Nessa333
|raw|ArsenioMaster's rating: 1000 → 1000(+0 for losing)
|raw|Nessa333's rating: 1000 → 1040(+40 for winning)
|l|☆ArsenioMaster
|player|p1|
|l|☆Nessa333
|player|p2|
|j|☆Nessa333
|player|p2|Nessa333|2|
