|j|☆Grogguu
|j|☆WASHINGTONGARGACHA
|html|GrogguuWASHINGTONGARGACHA    
|uhtml|bestof|Game 2 of a best-of-3
|t:|1756433140
|gametype|doubles
|player|p1|Grogguu|zinzolin|1122
|player|p2|WASHINGTONGARGACHA|265|1119
|gen|9
|tier|[Gen 9] VGC 2025 Reg H (Bo3)
|rated|
|rule|Species Clause: Limit one of each Pokémon
|rule|Item Clause: Limit 1 of each item
|clearpoke
|poke|p1|Dragonite, L50, M|
|poke|p1|Sneasler, L50, M|
|poke|p1|Primarina, L50, F|
|poke|p1|Rillaboom, L50, M|
|poke|p1|Magmar, L50, F|
|poke|p1|Gholdengo, L50|
|poke|p2|Gholdengo, L50|
|poke|p2|Ursaluna, L50, M|
|poke|p2|Archaludon, L50, F|
|poke|p2|Murkrow, L50, M|
|poke|p2|Farigiraf, L50, M|
|poke|p2|Palafin, L50, F|
|teampreview|4
|showteam|p1|Dragonite||LoadedDice|Multiscale|ScaleShot,Tailwind,Haze,Protect|||M|||50|,,,,,Fairy]Sneasler||FocusSash|Unburden|CloseCombat,DireClaw,FakeOut,Protect|||M|||50|,,,,,Ghost]Primarina||SitrusBerry|LiquidVoice|HyperVoice,Moonblast,CalmMind,Protect|||F|||50|,,,,,Poison]Rillaboom||AssaultVest|GrassySurge|WoodHammer,KnockOff,GrassyGlide,FakeOut|||M|||50|,,,,,Psychic]Magmar||Eviolite|VitalSpirit|Overheat,FollowMe,Taunt,Protect|||F|||50|,,,,,Flying]Gholdengo||Leftovers|GoodasGold|MakeItRain,ShadowBall,Protect,NastyPlot||||||50|,,,,,Water
|showteam|p2|Gholdengo||SitrusBerry|GoodasGold|ShadowBall,MakeItRain,NastyPlot,Protect||||||50|,,,,,Water]Ursaluna||FlameOrb|Guts|Facade,Earthquake,Protect,HeadlongRush|||M|||50|,,,,,Ghost]Archaludon||PowerHerb|Stamina|ElectroShot,FlashCannon,DracoMeteor,Protect|||F|||50|,,,,,Grass]Murkrow||Eviolite|Prankster|Tailwind,RainDance,FoulPlay,Haze|||M|||50|,,,,,Dark]Farigiraf||ThroatSpray|ArmorTail|HyperVoice,TrickRoom,Psychic,Protect|||M|||50|,,,,,Fairy]Palafin||MysticWater|ZerotoHero|FlipTurn,Protect,JetPunch,WaveCrash|||F|||50|,,,,,Water
|inactive|Battle timer is ON: inactive players will automatically lose when time's up. (requested by Grogguu)
|
|t:|1756433193
|teamsize|p1|4
|teamsize|p2|4
|start
|switch|p1a: Gholdengo|Gholdengo, L50|100/100
|switch|p1b: Dragonite|Dragonite, L50, M|100/100
|switch|p2a: Farigiraf|Farigiraf, L50, M|100/100
|switch|p2b: Palafin|Palafin, L50, F|100/100
|turn|1
|inactive|Grogguu has 30 seconds left.
|
|t:|1756433220
|-terastallize|p2b: Palafin|Water
|move|p2a: Farigiraf|Protect|p2a: Farigiraf
|-singleturn|p2a: Farigiraf|Protect
|move|p2b: Palafin|Flip Turn|p1a: Gholdengo
|-damage|p1a: Gholdengo|70/100
|
|t:|1756433228
|detailschange|p2b: Palafin|Palafin-Hero, L50, F, tera:Water
|switch|p2b: Gholdengo|Gholdengo, L50|100/100|[from] Flip Turn
|move|p1b: Dragonite|Scale Shot|p2a: Farigiraf
|-activate|p2a: Farigiraf|move: Protect
|move|p1a: Gholdengo|Nasty Plot|p1a: Gholdengo
|-boost|p1a: Gholdengo|spa|2
|
|-heal|p1a: Gholdengo|76/100|[from] item: Leftovers
|upkeep
|turn|2
|inactive|Grogguu has 30 seconds left.
|
|t:|1756433261
|move|p2b: Gholdengo|Shadow Ball|p1a: Gholdengo
|-supereffective|p1a: Gholdengo
|-damage|p1a: Gholdengo|3/100
|-unboost|p1a: Gholdengo|spd|1
|move|p1b: Dragonite|Scale Shot|p2a: Farigiraf
|-damage|p2a: Farigiraf|83/100
|-damage|p2a: Farigiraf|66/100
|-damage|p2a: Farigiraf|49/100
|-damage|p2a: Farigiraf|31/100
|-damage|p2a: Farigiraf|15/100
|-hitcount|p2a: Farigiraf|5
|-unboost|p1b: Dragonite|def|1
|-boost|p1b: Dragonite|spe|1
|move|p1a: Gholdengo|Shadow Ball|p2b: Gholdengo
|-supereffective|p2b: Gholdengo
|-damage|p2b: Gholdengo|0 fnt
|faint|p2b: Gholdengo
|move|p2a: Farigiraf|Trick Room|p2a: Farigiraf
|-fieldstart|move: Trick Room|[of] p2a: Farigiraf
|
|-heal|p1a: Gholdengo|9/100|[from] item: Leftovers
|upkeep
|
|t:|1756433281
|switch|p2b: Ursaluna|Ursaluna, L50, M|100/100
|turn|3
|inactive|Grogguu has 30 seconds left.
|
|t:|1756433307
|move|p2a: Farigiraf|Psychic|p1a: Gholdengo
|-resisted|p1a: Gholdengo
|-damage|p1a: Gholdengo|0 fnt
|faint|p1a: Gholdengo
|move|p2b: Ursaluna|Facade|p1b: Dragonite
|-damage|p1b: Dragonite|67/100
|move|p1b: Dragonite|Scale Shot|p2b: Ursaluna
|-damage|p2b: Ursaluna|90/100
|-damage|p2b: Ursaluna|78/100
|-damage|p2b: Ursaluna|67/100
|-damage|p2b: Ursaluna|55/100
|-hitcount|p2b: Ursaluna|4
|-unboost|p1b: Dragonite|def|1
|-boost|p1b: Dragonite|spe|1
|
|-status|p2b: Ursaluna|brn|[from] item: Flame Orb
|upkeep
|
|t:|1756433319
|switch|p1a: Rillaboom|Rillaboom, L50, M|100/100
|-fieldstart|move: Grassy Terrain|[from] ability: Grassy Surge|[of] p1a: Rillaboom
|turn|4
|
|t:|1756433342
|move|p1b: Dragonite|Protect|p1b: Dragonite
|-singleturn|p1b: Dragonite|Protect
|move|p2a: Farigiraf|Hyper Voice|p1a: Rillaboom|[spread] p1a
|-activate|p1b: Dragonite|move: Protect
|-damage|p1a: Rillaboom|82/100
|-enditem|p2a: Farigiraf|Throat Spray
|-boost|p2a: Farigiraf|spa|1|[from] item: Throat Spray
|move|p2b: Ursaluna|Facade|p1a: Rillaboom
|-damage|p1a: Rillaboom|0 fnt
|faint|p1a: Rillaboom
|
|-heal|p2a: Farigiraf|21/100|[from] Grassy Terrain
|-heal|p2b: Ursaluna|61/100 brn|[from] Grassy Terrain
|-damage|p2b: Ursaluna|55/100 brn|[from] brn
|upkeep
|
|t:|1756433356
|switch|p1a: Sneasler|Sneasler, L50, M|100/100
|turn|5
|
|t:|1756433372
|move|p1a: Sneasler|Protect|p1a: Sneasler
|-singleturn|p1a: Sneasler|Protect
|move|p1b: Dragonite|Protect|p1b: Dragonite
|-singleturn|p1b: Dragonite|Protect
|move|p2a: Farigiraf|Hyper Voice|p1b: Dragonite|[spread] 
|-activate|p1a: Sneasler|move: Protect
|-activate|p1b: Dragonite|move: Protect
|move|p2b: Ursaluna|Facade|p1b: Dragonite
|-activate|p1b: Dragonite|move: Protect
|
|-heal|p2a: Farigiraf|27/100|[from] Grassy Terrain
|-heal|p2b: Ursaluna|61/100 brn|[from] Grassy Terrain
|-damage|p2b: Ursaluna|55/100 brn|[from] brn
|upkeep
|turn|6
|
|t:|1756433387
|move|p1a: Sneasler|Protect||[still]
|-fail|p1a: Sneasler
|move|p1b: Dragonite|Protect||[still]
|-fail|p1b: Dragonite
|move|p2a: Farigiraf|Hyper Voice|p1b: Dragonite|[spread] p1a,p1b
|-damage|p1a: Sneasler|46/100
|-damage|p1b: Dragonite|24/100
|move|p2b: Ursaluna|Facade|p1b: Dragonite
|-damage|p1b: Dragonite|0 fnt
|faint|p1b: Dragonite
|
|-heal|p2a: Farigiraf|34/100|[from] Grassy Terrain
|-heal|p2b: Ursaluna|61/100 brn|[from] Grassy Terrain
|-heal|p1a: Sneasler|51/100|[from] Grassy Terrain
|-damage|p2b: Ursaluna|55/100 brn|[from] brn
|-fieldend|move: Trick Room
|upkeep
|turn|7
|
|t:|1756433403
|move|p1a: Sneasler|Close Combat|p2b: Ursaluna
|-supereffective|p2b: Ursaluna
|-damage|p2b: Ursaluna|0 fnt
|-unboost|p1a: Sneasler|def|1
|-unboost|p1a: Sneasler|spd|1
|faint|p2b: Ursaluna
|move|p2a: Farigiraf|Psychic|p1a: Sneasler
|-supereffective|p1a: Sneasler
|-damage|p1a: Sneasler|0 fnt
|faint|p1a: Sneasler
|
|win|WASHINGTONGARGACHA
|raw|Grogguu's rating: 1122 → 1097(-25 for losing)
|raw|WASHINGTONGARGACHA's rating: 1119 → 1144(+25 for winning)
