|j|☆ray294
|j|☆Rat Rizzo
|html|ray294Rat Rizzo    
|uhtml|bestof|Game 2 of a best-of-3
|t:|1757027876
|gametype|doubles
|player|p1|ray294|hiker-gen4|1089
|player|p2|Rat Rizzo|2|1125
|gen|9
|tier|[Gen 9] VGC 2025 Reg H (Bo3)
|rated|
|rule|Species Clause: Limit one of each Pokémon
|rule|Item Clause: Limit 1 of each item
|clearpoke
|poke|p1|Meowstic, L50, M|
|poke|p1|Yanmega, L50, F|
|poke|p1|Incineroar, L50, M|
|poke|p1|Gholdengo, L50|
|poke|p1|Dragonite, L50, M|
|poke|p1|Sneasler, L50, F|
|poke|p2|Garchomp, L50, M|
|poke|p2|Jumpluff, L50, F|
|poke|p2|Torkoal, L50, M|
|poke|p2|Dragonite, L50, F|
|poke|p2|Kingambit, L50, M|
|poke|p2|Typhlosion-Hisui, L50, M|
|teampreview|4
|showteam|p1|Meowstic||MentalHerb|Prankster|FakeOut,Protect,Gravity,Psychic|||M|||50|,,,,,Ghost]Yanmega||FocusSash|SpeedBoost|AirSlash,Tailwind,Protect,Hypnosis|||F|||50|,,,,,Grass]Incineroar||SafetyGoggles|Intimidate|FakeOut,FlareBlitz,KnockOff,PartingShot|||M|||50|,,,,,Ghost]Gholdengo||SitrusBerry|GoodasGold|MakeItRain,NastyPlot,Protect,ShadowBall||||||50|,,,,,Steel]Dragonite||ChoiceBand|InnerFocus|ExtremeSpeed,DragonClaw,Earthquake,ScaleShot|||M|||50|,,,,,Normal]Sneasler||NormalGem|Unburden|FakeOut,Acrobatics,CloseCombat,DireClaw|||F|||50|,,,,,Flying
|showteam|p2|Garchomp||LifeOrb|RoughSkin|DragonClaw,StompingTantrum,Earthquake,Protect|||M|||50|,,,,,Fire]Jumpluff||CovertCloak|Chlorophyll|LeafStorm,SleepPowder,Encore,Tailwind|||F|||50|,,,,,Poison]Torkoal||EjectPack|Drought|Overheat,BurningJealousy,HelpingHand,Protect|||M|||50|,,,,,Flying]Dragonite||LoadedDice|Multiscale|ScaleShot,ExtremeSpeed,IceSpinner,Protect|||F|||50|,,,,,Fairy]Kingambit||AssaultVest|Defiant|IronHead,SuckerPunch,KowtowCleave,LowKick|||M|||50|,,,,,Flying]Typhlosion-Hisui||ChoiceScarf|Blaze|Eruption,ShadowBall,HeatWave,Overheat|||M|||50|,,,,,Fire
|inactive|Battle timer is ON: inactive players will automatically lose when time's up. (requested by Rat Rizzo)
|inactive|ray294 has 60 seconds left.
|inactive|Rat Rizzo has 60 seconds left.
|
|t:|1757027920
|teamsize|p1|4
|teamsize|p2|4
|start
|switch|p1a: Sneasler|Sneasler, L50, F|100/100
|switch|p1b: Dragonite|Dragonite, L50, M|100/100
|switch|p2a: Jumpluff|Jumpluff, L50, F|100/100
|switch|p2b: Torkoal|Torkoal, L50, M|100/100
|-weather|SunnyDay|[from] ability: Drought|[of] p2b: Torkoal
|turn|1
|inactive|Rat Rizzo has 30 seconds left.
|
|t:|1757027949
|-terastallize|p1b: Dragonite|Normal
|move|p1a: Sneasler|Fake Out|p2b: Torkoal
|-enditem|p1a: Sneasler|Normal Gem|[from] gem
|-damage|p2b: Torkoal|85/100
|move|p1b: Dragonite|Extreme Speed|p2a: Jumpluff
|-damage|p2a: Jumpluff|3/100
|move|p2a: Jumpluff|Sleep Powder|p1a: Sneasler
|-status|p1a: Sneasler|slp|[from] move: Sleep Powder
|cant|p2b: Torkoal|flinch
|
|-weather|SunnyDay|[upkeep]
|upkeep
|turn|2
|inactive|Rat Rizzo has 30 seconds left.
|
|t:|1757027982
|move|p1b: Dragonite|Extreme Speed|p2a: Jumpluff
|-damage|p2a: Jumpluff|0 fnt
|faint|p2a: Jumpluff
|cant|p1a: Sneasler|slp
|move|p2b: Torkoal|Overheat|p1a: Sneasler
|-damage|p1a: Sneasler|11/100 slp
|-unboost|p2b: Torkoal|spa|2
|-enditem|p2b: Torkoal|Eject Pack
|
|t:|1757027985
|switch|p2b: Typhlosion|Typhlosion-Hisui, L50, M|100/100
|
|-weather|SunnyDay|[upkeep]
|upkeep
|
|t:|1757027992
|switch|p2a: Torkoal|Torkoal, L50, M|85/100
|turn|3
|inactive|ray294 has 30 seconds left.
|
|t:|1757028020
|move|p2a: Torkoal|Helping Hand|p2b: Typhlosion
|-singleturn|p2b: Typhlosion|Helping Hand|[of] p2a: Torkoal
|move|p1b: Dragonite|Extreme Speed|p2a: Torkoal
|-damage|p2a: Torkoal|27/100
|-curestatus|p1a: Sneasler|slp|[msg]
|move|p1a: Sneasler|Dire Claw|p2b: Typhlosion
|-resisted|p2b: Typhlosion
|-damage|p2b: Typhlosion|65/100
|-status|p2b: Typhlosion|slp
|cant|p2b: Typhlosion|slp
|
|-weather|SunnyDay|[upkeep]
|upkeep
|turn|4
|
|t:|1757028043
|move|p2a: Torkoal|Protect|p2a: Torkoal
|-singleturn|p2a: Torkoal|Protect
|move|p1b: Dragonite|Extreme Speed|p2a: Torkoal
|-activate|p2a: Torkoal|move: Protect
|move|p1a: Sneasler|Acrobatics|p2b: Typhlosion
|-damage|p2b: Typhlosion|2/100 slp
|-curestatus|p2b: Typhlosion|slp|[msg]
|move|p2b: Typhlosion|Heat Wave|p1b: Dragonite|[spread] p1a,p1b
|-damage|p1a: Sneasler|0 fnt
|-damage|p1b: Dragonite|32/100
|faint|p1a: Sneasler
|
|-weather|SunnyDay|[upkeep]
|upkeep
|
|t:|1757028062
|switch|p1a: Yanmega|Yanmega, L50, F|100/100
|turn|5
|
|t:|1757028074
|move|p2a: Torkoal|Helping Hand|p2b: Typhlosion
|-singleturn|p2b: Typhlosion|Helping Hand|[of] p2a: Torkoal
|move|p1a: Yanmega|Protect|p1a: Yanmega
|-singleturn|p1a: Yanmega|Protect
|move|p1b: Dragonite|Extreme Speed|p2a: Torkoal
|-damage|p2a: Torkoal|0 fnt
|faint|p2a: Torkoal
|move|p2b: Typhlosion|Heat Wave|p1a: Yanmega|[spread] p1b
|-activate|p1a: Yanmega|move: Protect
|-damage|p1b: Dragonite|0 fnt
|faint|p1b: Dragonite
|
|-weather|none
|-ability|p1a: Yanmega|Speed Boost|boost
|-boost|p1a: Yanmega|spe|1
|upkeep
|
|t:|1757028089
|switch|p1b: Gholdengo|Gholdengo, L50|100/100
|switch|p2a: Dragonite|Dragonite, L50, F|100/100
|turn|6
|inactive|Rat Rizzo has 30 seconds left.
|
|t:|1757028117
|move|p1b: Gholdengo|Protect|p1b: Gholdengo
|-singleturn|p1b: Gholdengo|Protect
|move|p2b: Typhlosion|Heat Wave|p1b: Gholdengo|[spread] 
|-activate|p1b: Gholdengo|move: Protect
|-miss|p2b: Typhlosion|p1a: Yanmega
|move|p1a: Yanmega|Air Slash|p2b: Typhlosion
|-damage|p2b: Typhlosion|0 fnt
|faint|p2b: Typhlosion
|move|p2a: Dragonite|Scale Shot|p1a: Yanmega
|-damage|p1a: Yanmega|83/100
|-damage|p1a: Yanmega|66/100
|-damage|p1a: Yanmega|46/100
|-damage|p1a: Yanmega|27/100
|-hitcount|p1a: Yanmega|4
|-unboost|p2a: Dragonite|def|1
|-boost|p2a: Dragonite|spe|1
|
|-ability|p1a: Yanmega|Speed Boost|boost
|-boost|p1a: Yanmega|spe|1
|upkeep
|turn|7
|c|☆Rat Rizzo|bro this rng is killing me
|inactive|ray294 has 30 seconds left.
|inactive|ray294 has 20 seconds left.
|
|t:|1757028155
|move|p2a: Dragonite|Extreme Speed|p1a: Yanmega
|-damage|p1a: Yanmega|0 fnt
|faint|p1a: Yanmega
|move|p1b: Gholdengo|Shadow Ball|p2a: Dragonite
|-damage|p2a: Dragonite|77/100
|
|upkeep
|turn|8
|
|t:|1757028165
|move|p2a: Dragonite|Scale Shot|p1b: Gholdengo
|-resisted|p1b: Gholdengo
|-damage|p1b: Gholdengo|94/100
|-resisted|p1b: Gholdengo
|-damage|p1b: Gholdengo|88/100
|-resisted|p1b: Gholdengo
|-damage|p1b: Gholdengo|81/100
|-resisted|p1b: Gholdengo
|-damage|p1b: Gholdengo|75/100
|-hitcount|p1b: Gholdengo|4
|-unboost|p2a: Dragonite|def|1
|-boost|p2a: Dragonite|spe|1
|move|p1b: Gholdengo|Make It Rain|p2a: Dragonite
|-damage|p2a: Dragonite|8/100
|-unboost|p1b: Gholdengo|spa|1
|
|upkeep
|turn|9
|-message|Rat Rizzo forfeited.
|
|win|ray294
