|j|☆fosa25
|j|☆Nanans
|html|fosa25Nanans    
|uhtml|bestof|Game 2 of a best-of-3
|t:|1756815888
|gametype|doubles
|player|p1|fosa25|psychicf|1098
|player|p2|Nanans|2|1106
|gen|9
|tier|[Gen 9] VGC 2025 Reg H (Bo3)
|rated|
|rule|Species Clause: Limit one of each Pokémon
|rule|Item Clause: Limit 1 of each item
|clearpoke
|poke|p1|Gholdengo, L50|
|poke|p1|Magmar, L50, M|
|poke|p1|Dragonite, L50, F|
|poke|p1|Dondozo, L50, F|
|poke|p1|Rillaboom, L50, M|
|poke|p1|Annihilape, L50, M|
|poke|p2|Garchomp, L50, F|
|poke|p2|Weezing-Galar, L50, M|
|poke|p2|Incineroar, L50, M|
|poke|p2|Annihilape, L50, F|
|poke|p2|Maushold, L50|
|poke|p2|Hawlucha, L50, M|
|teampreview|4
|showteam|p1|Gholdengo||LifeOrb|GoodasGold|Protect,NastyPlot,MakeItRain,ShadowBall||||||50|,,,,,Water]Magmar||Eviolite|VitalSpirit|Taunt,WillOWisp,FollowMe,HeatWave|||M|||50|,,,,,Ghost]Dragonite||LoadedDice|Multiscale|Protect,Haze,Tailwind,ScaleShot|||F|||50|,,,,,Fairy]Dondozo||Leftovers|Unaware|Protect,Yawn,WaveCrash,Fissure|||F|||50|,,,,,Fairy]Rillaboom||AssaultVest|GrassySurge|FakeOut,GrassyGlide,WoodHammer,Uturn|||M|||50|,,,,,Fire]Annihilape||SafetyGoggles|Defiant|Protect,BulkUp,RageFist,DrainPunch|||M|||50|,,,,,Steel
|showteam|p2|Garchomp||LifeOrb|RoughSkin|Earthquake,StompingTantrum,BreakingSwipe,Protect|||F|||50|,,,,,Fairy]Weezing-Galar||SitrusBerry|NeutralizingGas|StrangeSteam,WillOWisp,Taunt,Protect|||M|||50|,,,,,Water]Incineroar||AbilityShield|Intimidate|FakeOut,PartingShot,KnockOff,Protect|||M|||50|,,,,,Grass]Annihilape||ChoiceScarf|Defiant|RageFist,CloseCombat,FinalGambit,Uturn|||F|||50|,,,,,Grass]Maushold||CovertCloak|FriendGuard|BeatUp,FollowMe,SuperFang,Protect||||||50|,,,,,Grass]Hawlucha||FocusSash|Limber|DualWingbeat,Encore,Protect,Taunt|||M|||50|,,,,,Ghost
|inactive|Battle timer is ON: inactive players will automatically lose when time's up. (requested by fosa25)
|inactive|Nanans has 60 seconds left.
|
|t:|1756815921
|teamsize|p1|4
|teamsize|p2|4
|start
|switch|p1a: Magmar|Magmar, L50, M|100/100
|switch|p1b: Dragonite|Dragonite, L50, F|100/100
|switch|p2a: Garchomp|Garchomp, L50, F|100/100
|switch|p2b: Weezing|Weezing-Galar, L50, M|100/100
|-ability|p2b: Weezing|Neutralizing Gas
|turn|1
|inactive|fosa25 has 30 seconds left.
|
|t:|1756815947
|move|p2a: Garchomp|Protect|p2a: Garchomp
|-singleturn|p2a: Garchomp|Protect
|move|p1b: Dragonite|Tailwind|p1b: Dragonite
|-sidestart|p1: fosa25|move: Tailwind
|move|p1a: Magmar|Will-O-Wisp|p2a: Garchomp
|-activate|p2a: Garchomp|move: Protect
|move|p2b: Weezing|Will-O-Wisp|p1b: Dragonite
|-status|p1b: Dragonite|brn
|
|-damage|p1b: Dragonite|94/100 brn|[from] brn
|upkeep
|turn|2
|
|t:|1756815963
|switch|p1b: Gholdengo|Gholdengo, L50|100/100
|switch|p2a: Incineroar|Incineroar, L50, M|100/100
|-ability|p2a: Incineroar|Intimidate|boost
|-unboost|p1a: Magmar|atk|1
|-unboost|p1b: Gholdengo|atk|1
|move|p1a: Magmar|Will-O-Wisp|p2a: Incineroar
|-immune|p2a: Incineroar
|move|p2b: Weezing|Taunt|p1a: Magmar
|-start|p1a: Magmar|move: Taunt
|
|upkeep
|turn|3
|
|t:|1756815979
|switch|p1b: Annihilape|Annihilape, L50, M|100/100
|move|p2b: Weezing|Protect|p2b: Weezing
|-singleturn|p2b: Weezing|Protect
|move|p1a: Magmar|Heat Wave|p2b: Weezing|[spread] p2a
|-activate|p2b: Weezing|move: Protect
|-resisted|p2a: Incineroar
|-damage|p2a: Incineroar|90/100
|move|p2a: Incineroar|Knock Off|p1b: Annihilape
|-damage|p1b: Annihilape|55/100
|-enditem|p1b: Annihilape|Safety Goggles|[from] move: Knock Off|[of] p2a: Incineroar
|
|upkeep
|turn|4
|
|t:|1756815989
|move|p1b: Annihilape|Protect|p1b: Annihilape
|-singleturn|p1b: Annihilape|Protect
|move|p1a: Magmar|Heat Wave|p2b: Weezing|[spread] p2a,p2b
|-resisted|p2a: Incineroar
|-damage|p2a: Incineroar|81/100
|-damage|p2b: Weezing|73/100
|move|p2b: Weezing|Will-O-Wisp|p1b: Annihilape
|-activate|p1b: Annihilape|move: Protect
|move|p2a: Incineroar|Parting Shot|p1a: Magmar
|-unboost|p1a: Magmar|atk|1
|-unboost|p1a: Magmar|spa|1
|
|t:|1756815993
|switch|p2a: Garchomp|Garchomp, L50, F|100/100|[from] Parting Shot
|
|-sideend|p1: fosa25|move: Tailwind
|upkeep
|turn|5
|
|t:|1756816016
|move|p2a: Garchomp|Stomping Tantrum|p1a: Magmar
|-supereffective|p1a: Magmar
|-crit|p1a: Magmar
|-damage|p1a: Magmar|0 fnt
|faint|p1a: Magmar
|-damage|p2a: Garchomp|91/100|[from] item: Life Orb
|move|p1b: Annihilape|Rage Fist|p2a: Garchomp
|-damage|p2a: Garchomp|43/100
|move|p2b: Weezing|Will-O-Wisp|p1b: Annihilape
|-status|p1b: Annihilape|brn
|
|-damage|p1b: Annihilape|49/100 brn|[from] brn
|upkeep
|
|t:|1756816027
|switch|p1a: Dragonite|Dragonite, L50, F|94/100 brn
|turn|6
|
|t:|1756816039
|move|p1b: Annihilape|Protect|p1b: Annihilape
|-singleturn|p1b: Annihilape|Protect
|move|p2a: Garchomp|Earthquake|p1a: Dragonite|[spread] p2b
|-activate|p1b: Annihilape|move: Protect
|-immune|p1a: Dragonite
|-supereffective|p2b: Weezing
|-damage|p2b: Weezing|0 fnt
|faint|p2b: Weezing
|-end|p2b: Weezing|ability: Neutralizing Gas
|-damage|p2a: Garchomp|33/100|[from] item: Life Orb
|move|p1a: Dragonite|Tailwind|p1a: Dragonite
|-sidestart|p1: fosa25|move: Tailwind
|
|-damage|p1a: Dragonite|88/100 brn|[from] brn
|-damage|p1b: Annihilape|43/100 brn|[from] brn
|upkeep
|c|☆Nanans|wait im bad
|
|t:|1756816053
|switch|p2b: i get a mega|Hawlucha, L50, M|100/100
|turn|7
|
|t:|1756816069
|move|p1a: Dragonite|Scale Shot|p2b: i get a mega
|-damage|p2b: i get a mega|92/100
|-damage|p2b: i get a mega|84/100
|-damage|p2b: i get a mega|76/100
|-damage|p2b: i get a mega|68/100
|-hitcount|p2b: i get a mega|4
|-unboost|p1a: Dragonite|def|1
|-boost|p1a: Dragonite|spe|1
|move|p1b: Annihilape|Rage Fist|p2a: Garchomp
|-damage|p2a: Garchomp|10/100
|-damage|p1b: Annihilape|30/100 brn|[from] ability: Rough Skin|[of] p2a: Garchomp
|move|p2b: i get a mega|Dual Wingbeat|p1b: Annihilape
|-supereffective|p1b: Annihilape
|-damage|p1b: Annihilape|2/100 brn
|-supereffective|p1b: Annihilape
|-damage|p1b: Annihilape|0 fnt
|faint|p1b: Annihilape
|-hitcount|p1: Annihilape|2
|move|p2a: Garchomp|Breaking Swipe|p1a: Dragonite
|-supereffective|p1a: Dragonite
|-damage|p1a: Dragonite|0 fnt
|faint|p1a: Dragonite
|-damage|p2a: Garchomp|0 fnt|[from] item: Life Orb
|faint|p2a: Garchomp
|
|upkeep
|
|t:|1756816080
|switch|p2a: Incineroar|Incineroar, L50, M|81/100
|switch|p1b: Gholdengo|Gholdengo, L50|100/100
|-ability|p2a: Incineroar|Intimidate|boost
|-unboost|p1b: Gholdengo|atk|1
|turn|8
|
|t:|1756816095
|-terastallize|p1b: Gholdengo|Water
|move|p1b: Gholdengo|Make It Rain|p2a: Incineroar|[spread] p2a,p2b
|-resisted|p2a: Incineroar
|-damage|p2a: Incineroar|55/100
|-damage|p2b: i get a mega|0 fnt
|-unboost|p1b: Gholdengo|spa|1
|faint|p2b: i get a mega
|-damage|p1b: Gholdengo|91/100|[from] item: Life Orb
|move|p2a: Incineroar|Knock Off|p1b: Gholdengo
|-damage|p1b: Gholdengo|36/100
|-enditem|p1b: Gholdengo|Life Orb|[from] move: Knock Off|[of] p2a: Incineroar
|
|upkeep
|turn|9
|
|t:|1756816109
|move|p1b: Gholdengo|Nasty Plot|p1b: Gholdengo
|-boost|p1b: Gholdengo|spa|2
|move|p2a: Incineroar|Knock Off|p1b: Gholdengo
|-damage|p1b: Gholdengo|0 fnt
|faint|p1b: Gholdengo
|
|win|Nanans
||fosa25 is ready for game 3.
||Nanans is ready for game 3.
|uhtml|next|Next: Game 3 of 3
