|j|☆waveniki
|j|☆huyfgj
|html|wavenikihuyfgj    
|uhtml|bestof|Game 2 of a best-of-3
|t:|1756618281
|gametype|doubles
|player|p1|waveniki|clerk|1186
|player|p2|huyfgj|101|1312
|gen|9
|tier|[Gen 9] VGC 2025 Reg H (Bo3)
|rated|
|rule|Species Clause: Limit one of each Pokémon
|rule|Item Clause: Limit 1 of each item
|clearpoke
|poke|p1|Incineroar, L50, F|
|poke|p1|Amoonguss, L50, M|
|poke|p1|Ursaluna-Bloodmoon, L50, M|
|poke|p1|Dragonite, L50, M|
|poke|p1|Sneasler, L50, F|
|poke|p1|Gholdengo, L50|
|poke|p2|Dondozo, L50, M|
|poke|p2|Tatsugiri, L50, M|
|poke|p2|Annihilape, L50, F|
|poke|p2|Gholdengo, L50|
|poke|p2|Maushold, L50|
|poke|p2|Murkrow, L50, F|
|teampreview|4
|showteam|p1|Incineroar||SafetyGoggles|Intimidate|FlareBlitz,KnockOff,FakeOut,PartingShot|||F|||50|,,,,,Ghost]Amoonguss||SitrusBerry|Regenerator|PollenPuff,Spore,RagePowder,Protect|||M|||50|,,,,,Psychic]Ursaluna-Bloodmoon||AssaultVest|MindsEye|HyperVoice,BloodMoon,EarthPower,VacuumWave|||M|||50|,,,,,Water]Dragonite||LoadedDice|Multiscale|ScaleShot,Tailwind,Haze,Protect|||M|||50|,,,,,Fairy]Sneasler||FocusSash|Unburden|CloseCombat,DireClaw,ThroatChop,Protect|||F|||50|,,,,,Stellar]Gholdengo||LifeOrb|GoodasGold|MakeItRain,ShadowBall,NastyPlot,Protect||||||50|,,,,,Water
|showteam|p2|Dondozo||ClearAmulet|Unaware|WaveCrash,OrderUp,Protect,TeraBlast|||M|||50|,,,,,Fire]Tatsugiri||FocusSash|Commander|DracoMeteor,MuddyWater,IcyWind,Protect|||M|||50|,,,,,Water]Annihilape||SafetyGoggles|Defiant|BulkUp,DrainPunch,Protect,RageFist|||F|||50|,,,,,Fire]Gholdengo||ChoiceSpecs|GoodasGold|MakeItRain,ShadowBall,DazzlingGleam,PowerGem||||||50|,,,,,Steel]Maushold||WideLens|Technician|PopulationBomb,Protect,Taunt,FollowMe||||||50|,,,,,Grass]Murkrow||CovertCloak|Prankster|Tailwind,Haze,BraveBird,Taunt|||F|||50|,,,,,Grass
|inactive|Battle timer is ON: inactive players will automatically lose when time's up. (requested by waveniki)
|inactive|waveniki has 60 seconds left.
|inactive|huyfgj has 60 seconds left.
|
|t:|1756618322
|teamsize|p1|4
|teamsize|p2|4
|start
|switch|p1a: Gholdengo|Gholdengo, L50|100/100
|switch|p1b: Dragonite|Dragonite, L50, M|100/100
|switch|p2a: Annihilape|Annihilape, L50, F|100/100
|switch|p2b: Maushold|Maushold, L50, shiny|100/100
|turn|1
|inactive|waveniki has 30 seconds left.
|inactive|huyfgj has 30 seconds left.
|inactive|huyfgj has 20 seconds left.
|inactive|huyfgj has 15 seconds left.
|inactive|huyfgj has 10 seconds left.
|
|t:|1756618370
|-terastallize|p2a: Annihilape|Fire
|move|p2b: Maushold|Population Bomb|p2a: Annihilape
|-damage|p2a: Annihilape|92/100
|-damage|p2a: Annihilape|83/100
|-damage|p2a: Annihilape|73/100
|-damage|p2a: Annihilape|65/100
|-damage|p2a: Annihilape|56/100
|-damage|p2a: Annihilape|48/100
|-crit|p2a: Annihilape
|-damage|p2a: Annihilape|35/100
|-damage|p2a: Annihilape|25/100
|-damage|p2a: Annihilape|16/100
|-damage|p2a: Annihilape|6/100
|-hitcount|p2a: Annihilape|10
|move|p1a: Gholdengo|Nasty Plot|p1a: Gholdengo
|-boost|p1a: Gholdengo|spa|2
|move|p1b: Dragonite|Tailwind|p1b: Dragonite
|-sidestart|p1: waveniki|move: Tailwind
|move|p2a: Annihilape|Rage Fist|p1a: Gholdengo
|-supereffective|p1a: Gholdengo
|-damage|p1a: Gholdengo|0 fnt
|faint|p1a: Gholdengo
|
|upkeep
|
|t:|1756618386
|switch|p1a: Sneasler|Sneasler, L50, F|100/100
|turn|2
|inactive|huyfgj has 30 seconds left.
|
|t:|1756618420
|move|p2b: Maushold|Protect|p2b: Maushold
|-singleturn|p2b: Maushold|Protect
|move|p2a: Annihilape|Protect|p2a: Annihilape
|-singleturn|p2a: Annihilape|Protect
|move|p1a: Sneasler|Close Combat|p2b: Maushold
|-activate|p2b: Maushold|move: Protect
|move|p1b: Dragonite|Scale Shot|p2a: Annihilape
|-activate|p2a: Annihilape|move: Protect
|
|upkeep
|turn|3
|
|t:|1756618436
|move|p1a: Sneasler|Close Combat|p2b: Maushold
|-supereffective|p2b: Maushold
|-crit|p2b: Maushold
|-damage|p2b: Maushold|0 fnt
|-unboost|p1a: Sneasler|def|1
|-unboost|p1a: Sneasler|spd|1
|faint|p2b: Maushold
|move|p1b: Dragonite|Scale Shot|p2a: Annihilape
|-damage|p2a: Annihilape|0 fnt
|faint|p2a: Annihilape
|-hitcount|p2: Annihilape|1
|-unboost|p1b: Dragonite|def|1
|-boost|p1b: Dragonite|spe|1
|
|upkeep
|
|t:|1756618448
|switch|p2b: Murkrow|Murkrow, L50, F|100/100
|switch|p2a: Gholdengo|Gholdengo, L50, shiny|100/100
|turn|4
|inactive|waveniki has 30 seconds left.
|
|t:|1756618479
|-terastallize|p1a: Sneasler|Stellar
|move|p2b: Murkrow|Tailwind|p2b: Murkrow
|-sidestart|p2: huyfgj|move: Tailwind
|move|p1b: Dragonite|Scale Shot|p2b: Murkrow
|-damage|p2b: Murkrow|68/100
|-damage|p2b: Murkrow|37/100
|-damage|p2b: Murkrow|6/100
|-damage|p2b: Murkrow|0 fnt
|faint|p2b: Murkrow
|-hitcount|p2: Murkrow|4
|-unboost|p1b: Dragonite|def|1
|-boost|p1b: Dragonite|spe|1
|move|p1a: Sneasler|Throat Chop|p2a: Gholdengo
|-supereffective|p2a: Gholdengo
|-damage|p2a: Gholdengo|20/100
|-start|p2a: Gholdengo|Throat Chop|[silent]
|move|p2a: Gholdengo|Make It Rain|p1b: Dragonite|[spread] p1a,p1b
|-enditem|p1a: Sneasler|Focus Sash
|-damage|p1a: Sneasler|1/100
|-damage|p1b: Dragonite|60/100
|-unboost|p2a: Gholdengo|spa|1
|
|-sideend|p1: waveniki|move: Tailwind
|upkeep
|turn|5
|inactive|waveniki has 30 seconds left.
|
|t:|1756618512
|move|p1b: Dragonite|Protect|p1b: Dragonite
|-singleturn|p1b: Dragonite|Protect
|move|p1a: Sneasler|Throat Chop|p2a: Gholdengo
|-supereffective|p2a: Gholdengo
|-damage|p2a: Gholdengo|0 fnt
|faint|p2a: Gholdengo
|
|win|waveniki
||waveniki is ready for game 3.
||huyfgj is ready for game 3.
|uhtml|next|Next: Game 3 of 3
|l|☆huyfgj
|player|p2|
