|j|☆citrus12340
|j|☆marilltest8787
|html|citrus12340marilltest8787    
|uhtml|bestof|Game 2 of a best-of-3
|t:|1785487746
|gametype|doubles
|player|p1|citrus12340|1|1138
|player|p2|marilltest8787|101|1082
|gen|9
|tier|[Gen 9 Champions] VGC 2026 Reg M-B (Bo3)
|rated|
|rule|Species Clause: Limit one of each Pokémon
|rule|Item Clause: Limit 1 of each item
|clearpoke
|poke|p1|Ceruledge, L50, M|
|poke|p1|Ninetales-Alola, L50, M|
|poke|p1|Scrafty, L50, F|
|poke|p1|Sinistcha, L50|
|poke|p1|Raichu, L50, M|
|poke|p1|Milotic, L50, F|
|poke|p2|Blaziken, L50, M|
|poke|p2|Venusaur, L50, F|
|poke|p2|Lycanroc-Dusk, L50, F, shiny|
|poke|p2|Basculegion, L50, M|
|poke|p2|Kingambit, L50, F, shiny|
|poke|p2|Ninetales-Alola, L50, M|
|teampreview|4
|showteam|p1|Ceruledge||ColburBerry|FlashFire|BitterBlade,ShadowSneak,BulkUp,Protect|Adamant||M|||50|]Ninetales-Alola||FocusSash|SnowWarning|Blizzard,FreezeDry,AuroraVeil,Protect|Timid||M|||50|]Scrafty||SitrusBerry|Intimidate|FakeOut,KnockOff,CloseCombat,Detect|Careful||F|||50|]Sinistcha||KasibBerry|Hospitality|MatchaGotcha,LifeDew,RagePowder,TrickRoom|Bold|||||50|]Raichu||RaichuniteY|LightningRod|FakeOut,ZapCannon,FocusBlast,Protect|Timid||M|||50|]Milotic||Leftovers|Competitive|Coil,Hypnosis,MuddyWater,Protect|Bold||F|||50|
|showteam|p2|Blaziken||Blazikenite|SpeedBoost|FlareBlitz,CloseCombat,RockTomb,Detect|Adamant||M|||50|]Venusaur||Venusaurite|Chlorophyll|Protect,GigaDrain,SludgeBomb,EarthPower|Modest||F|||50|]Lycanroc-Dusk||FocusSash|ToughClaws|Protect,Accelerock,RockSlide,CloseCombat|Jolly||F|||50|]Basculegion||ChoiceScarf|Adaptability|WaveCrash,LastRespects,FlipTurn,AquaJet|Jolly||M|||50|]Kingambit||LifeOrb|Defiant|Protect,KowtowCleave,SuckerPunch,IronHead|Adamant||F|||50|]Ninetales-Alola||NeverMeltIce|SnowWarning|Protect,Blizzard,Moonblast,FreezeDry|Timid||M|||50|
|inactive|Battle timer is ON: inactive players will automatically lose when time's up. (requested by citrus12340)
|
|t:|1785487778
|teamsize|p1|4
|teamsize|p2|4
|start
|switch|p1a: Ninetales|Ninetales-Alola, L50, M|100/100
|switch|p1b: Scrafty|Scrafty, L50, F|100/100
|switch|p2a: 華堡|Venusaur, L50, F|100/100
|switch|p2b: Cure Sky|Lycanroc-Dusk, L50, F, shiny|100/100
|-weather|Snowscape|[from] ability: Snow Warning|[of] p1a: Ninetales
|-ability|p1b: Scrafty|Intimidate|boost
|-unboost|p2a: 華堡|atk|1
|-unboost|p2b: Cure Sky|atk|1
|turn|1
|inactive|marilltest8787 has 30 seconds left.
|inactive|marilltest8787 has 20 seconds left.
|inactive|marilltest8787 has 15 seconds left.
|
|t:|1785487821
|detailschange|p2a: 華堡|Venusaur-Mega, L50, F
|-mega|p2a: 華堡|Venusaur|Venusaurite
|move|p1b: Scrafty|Fake Out|p2b: Cure Sky
|-resisted|p2b: Cure Sky|1
|-damage|p2b: Cure Sky|92/100
|cant|p2b: Cure Sky|flinch
|move|p1a: Ninetales|Blizzard|p2a: 華堡|[spread] p2a,p2b
|-supereffective|p2a: 華堡|1
|-damage|p2a: 華堡|74/100
|-damage|p2b: Cure Sky|40/100
|move|p2a: 華堡|Sludge Bomb|p1a: Ninetales
|-supereffective|p1a: Ninetales|1
|-enditem|p1a: Ninetales|Focus Sash
|-damage|p1a: Ninetales|1/100
|-status|p1a: Ninetales|psn
|
|-weather|Snowscape|[upkeep]
|-damage|p1a: Ninetales|0 fnt|[from] psn
|faint|p1a: Ninetales
|upkeep
|
|t:|1785487841
|switch|p1a: Ceruledge|Ceruledge, L50, M|100/100
|turn|2
|
|t:|1785487859
|move|p1a: Ceruledge|Protect|p1a: Ceruledge
|-singleturn|p1a: Ceruledge|Protect
|move|p2b: Cure Sky|Close Combat|p1b: Scrafty
|-supereffective|p1b: Scrafty|1
|-damage|p1b: Scrafty|38/100
|-unboost|p2b: Cure Sky|def|1
|-unboost|p2b: Cure Sky|spd|1
|-enditem|p1b: Scrafty|Sitrus Berry|[eat]
|-heal|p1b: Scrafty|63/100|[from] item: Sitrus Berry
|move|p2a: 華堡|Earth Power|p1a: Ceruledge
|-activate|p1a: Ceruledge|move: Protect
|move|p1b: Scrafty|Knock Off|p2b: Cure Sky
|-damage|p2b: Cure Sky|0 fnt
|-enditem|p2b: Cure Sky|Focus Sash|[from] move: Knock Off|[of] p1b: Scrafty
|faint|p2b: Cure Sky
|
|-weather|Snowscape|[upkeep]
|upkeep
|
|t:|1785487872
|switch|p2b: 大切生鮭魚|Basculegion, L50, M|100/100
|turn|3
|
|t:|1785487889
|move|p2b: 大切生鮭魚|Last Respects|p1b: Scrafty
|-resisted|p1b: Scrafty|1
|-damage|p1b: Scrafty|36/100
|move|p2a: 華堡|Earth Power|p1b: Scrafty
|-damage|p1b: Scrafty|11/100
|move|p1a: Ceruledge|Bitter Blade|p2a: 華堡
|-supereffective|p2a: 華堡|1
|-damage|p2a: 華堡|38/100
|move|p1b: Scrafty|Knock Off|p2b: 大切生鮭魚
|-supereffective|p2b: 大切生鮭魚|1
|-damage|p2b: 大切生鮭魚|14/100
|-enditem|p2b: 大切生鮭魚|Choice Scarf|[from] move: Knock Off|[of] p1b: Scrafty
|
|-weather|Snowscape|[upkeep]
|upkeep
|turn|4
|
|t:|1785487909
|switch|p2b: 三番隊隊長|Kingambit, L50, F, shiny|100/100
|switch|p1b: Raichu|Raichu, L50, M|100/100
|move|p1a: Ceruledge|Shadow Sneak|p2b: 三番隊隊長
|-resisted|p2b: 三番隊隊長|1
|-damage|p2b: 三番隊隊長|92/100
|move|p2a: 華堡|Giga Drain|p1b: Raichu
|-damage|p1b: Raichu|29/100
|-heal|p2a: 華堡|66/100|[from] drain|[of] p1b: Raichu
|
|-weather|Snowscape|[upkeep]
|upkeep
|turn|5
|inactive|marilltest8787 has 30 seconds left.
|
|t:|1785487942
|detailschange|p1b: Raichu|Raichu-Mega-Y, L50, M
|-mega|p1b: Raichu|Raichu|Raichunite Y
|move|p1b: Raichu|Zap Cannon|p2a: 華堡
|-resisted|p2a: 華堡|1
|-damage|p2a: 華堡|32/100
|-status|p2a: 華堡|par
|move|p1a: Ceruledge|Bitter Blade|p2a: 華堡
|-supereffective|p2a: 華堡|1
|-damage|p2a: 華堡|0 fnt
|faint|p2a: 華堡
|move|p2b: 三番隊隊長|Kowtow Cleave|p1a: Ceruledge
|-supereffective|p1a: Ceruledge|1
|-enditem|p1a: Ceruledge|Colbur Berry|[eat]
|-enditem|p1a: Ceruledge|Colbur Berry|[weaken]
|-damage|p1a: Ceruledge|47/100
|-damage|p2b: 三番隊隊長|83/100|[from] item: Life Orb
|
|-weather|none
|upkeep
|
|t:|1785487951
|switch|p2a: 大切生鮭魚|Basculegion, L50, M|14/100
|turn|6
|
|t:|1785487968
|switch|p1b: Scrafty|Scrafty, L50, F|11/100
|-ability|p1b: Scrafty|Intimidate|boost
|-unboost|p2a: 大切生鮭魚|atk|1
|-unboost|p2b: 三番隊隊長|atk|1
|-ability|p2b: 三番隊隊長|Defiant|boost
|-boost|p2b: 三番隊隊長|atk|2
|move|p2a: 大切生鮭魚|Aqua Jet|p1b: Scrafty
|-damage|p1b: Scrafty|0 fnt
|faint|p1b: Scrafty
|move|p1a: Ceruledge|Shadow Sneak|p2a: 大切生鮭魚
|-supereffective|p2a: 大切生鮭魚|1
|-damage|p2a: 大切生鮭魚|0 fnt
|faint|p2a: 大切生鮭魚
|move|p2b: 三番隊隊長|Kowtow Cleave|p1a: Ceruledge
|-supereffective|p1a: Ceruledge|1
|-damage|p1a: Ceruledge|0 fnt
|faint|p1a: Ceruledge
|-damage|p2b: 三番隊隊長|73/100|[from] item: Life Orb
|
|upkeep
|
|t:|1785487979
|switch|p1b: Raichu|Raichu-Mega-Y, L50, M|29/100
|turn|7
|
|t:|1785487983
|move|p2b: 三番隊隊長|Protect|p2b: 三番隊隊長
|-singleturn|p2b: 三番隊隊長|Protect
|move|p1b: Raichu|Focus Blast|p2b: 三番隊隊長
|-activate|p2b: 三番隊隊長|move: Protect
|
|upkeep
|turn|8
|
|t:|1785487988
|move|p1b: Raichu|Protect|p1b: Raichu
|-singleturn|p1b: Raichu|Protect
|move|p2b: 三番隊隊長|Sucker Punch||[still]
|-fail|p2b: 三番隊隊長
|
|upkeep
|turn|9
|
|t:|1785487992
|move|p1b: Raichu|Protect||[still]
|-fail|p1b: Raichu
|move|p2b: 三番隊隊長|Sucker Punch||[still]
|-fail|p2b: 三番隊隊長
|
|upkeep
|turn|10
|
|t:|1785487997
|move|p1b: Raichu|Protect|p1b: Raichu
|-singleturn|p1b: Raichu|Protect
|move|p2b: 三番隊隊長|Sucker Punch||[still]
|-fail|p2b: 三番隊隊長
|
|upkeep
|turn|11
|
|t:|1785488004
|move|p2b: 三番隊隊長|Sucker Punch|p1b: Raichu
|-damage|p1b: Raichu|0 fnt
|faint|p1b: Raichu
|-damage|p2b: 三番隊隊長|63/100|[from] item: Life Orb
|
|win|marilltest8787
||citrus12340 is ready for game 3.
||marilltest8787 is ready for game 3.
|uhtml|next|Next: Game 3 of 3
|l|☆citrus12340
|player|p1|
