|j|☆jakekaplan87
|j|☆vilan333
|html|jakekaplan87vilan333    
|uhtml|bestof|Game 2 of a best-of-3
|t:|1784672716
|gametype|doubles
|player|p1|jakekaplan87|169|1165
|player|p2|vilan333|marshal|1201
|gen|9
|tier|[Gen 9 Champions] VGC 2026 Reg M-B (Bo3)
|rated|
|rule|Species Clause: Limit one of each Pokémon
|rule|Item Clause: Limit 1 of each item
|clearpoke
|poke|p1|Ceruledge, L50, F|
|poke|p1|Incineroar, L50, M|
|poke|p1|Aerodactyl, L50, F|
|poke|p1|Hydreigon, L50, M|
|poke|p1|Metagross, L50|
|poke|p1|Venusaur, L50, M|
|poke|p2|Charizard, L50, M|
|poke|p2|Aerodactyl, L50, M|
|poke|p2|Garchomp, L50, F|
|poke|p2|Sylveon, L50, M|
|poke|p2|Farigiraf, L50, F|
|poke|p2|Incineroar, L50, F|
|teampreview|4
|showteam|p1|Ceruledge||ColburBerry|FlashFire|BulkUp,BitterBlade,ShadowSneak,Protect|Adamant||F|||50|]Incineroar||SitrusBerry|Intimidate|FakeOut,PartingShot,Taunt,FlareBlitz|Careful||M|||50|]Aerodactyl||FocusSash|RockHead|RockSlide,DualWingbeat,WideGuard,Tailwind|Jolly||F|||50|]Hydreigon||ChoiceScarf|Levitate|Snarl,DracoMeteor,Uturn,DarkPulse|Timid||M|||50|]Metagross||Metagrossite|ClearBody|BulletPunch,IronHead,Protect,PsychicFangs|Jolly|||||50|]Venusaur||Venusaurite|Chlorophyll|EarthPower,GigaDrain,SleepPowder,Protect|Modest||M|||50|
|showteam|p2|Charizard||CharizarditeY|Blaze|Protect,HeatWave,WeatherBall,SolarBeam|Modest||M|||50|]Aerodactyl||FocusSash|RockHead|Protect,WideGuard,Tailwind,RockSlide|Jolly||M|||50|]Garchomp||LifeOrb|RoughSkin|DragonClaw,Protect,RockSlide,Earthquake|Jolly||F|||50|]Sylveon||FairyFeather|Pixilate|HyperBeam,Detect,HyperVoice,QuickAttack|Modest||M|||50|]Farigiraf||SitrusBerry|ArmorTail|Psyshock,Thunderbolt,TrickRoom,Protect|Bold||F|||50|]Incineroar||Charcoal|Intimidate|PartingShot,FakeOut,FlareBlitz,ThroatChop|Brave||F|||50|
|inactive|Battle timer is ON: inactive players will automatically lose when time's up. (requested by vilan333)
|
|t:|1784672758
|teamsize|p1|4
|teamsize|p2|4
|start
|switch|p1a: Hydreigon|Hydreigon, L50, M|100/100
|switch|p1b: Aerodactyl|Aerodactyl, L50, F|100/100
|switch|p2a: Aerodactyl|Aerodactyl, L50, M|100/100
|switch|p2b: Incineroar|Incineroar, L50, F|100/100
|-ability|p2b: Incineroar|Intimidate|boost
|-unboost|p1a: Hydreigon|atk|1
|-unboost|p1b: Aerodactyl|atk|1
|turn|1
|inactive|vilan333 has 30 seconds left.
|
|t:|1784672783
|move|p2b: Incineroar|Fake Out|p1b: Aerodactyl
|-resisted|p1b: Aerodactyl|1
|-damage|p1b: Aerodactyl|89/100
|move|p1a: Hydreigon|U-turn|p2a: Aerodactyl
|-resisted|p2a: Aerodactyl|1
|-damage|p2a: Aerodactyl|92/100
|
|t:|1784672791
|switch|p1a: Venusaur|Venusaur, L50, M|100/100|[from] U-turn
|cant|p1b: Aerodactyl|flinch
|move|p2a: Aerodactyl|Tailwind|p2a: Aerodactyl
|-sidestart|p2: vilan333|move: Tailwind
|
|upkeep
|turn|2
|
|t:|1784672810
|switch|p2a: Garchomp|Garchomp, L50, F|100/100
|detailschange|p1a: Venusaur|Venusaur-Mega, L50, M
|-mega|p1a: Venusaur|Venusaur|Venusaurite
|move|p1b: Aerodactyl|Wide Guard|p1b: Aerodactyl
|-singleturn|p1b: Aerodactyl|Wide Guard
|move|p2b: Incineroar|Flare Blitz|p1a: Venusaur
|-supereffective|p1a: Venusaur|1
|-damage|p1a: Venusaur|41/100
|-damage|p2b: Incineroar|82/100|[from] Recoil
|move|p1a: Venusaur|Earth Power|p2b: Incineroar
|-supereffective|p2b: Incineroar|1
|-damage|p2b: Incineroar|14/100
|
|upkeep
|turn|3
|
|t:|1784672834
|move|p1a: Venusaur|Protect|p1a: Venusaur
|-singleturn|p1a: Venusaur|Protect
|move|p2a: Garchomp|Dragon Claw|p1a: Venusaur
|-activate|p1a: Venusaur|move: Protect
|move|p1b: Aerodactyl|Rock Slide|p2a: Garchomp|[spread] p2a,p2b
|-resisted|p2a: Garchomp|1
|-supereffective|p2b: Incineroar|1
|-damage|p2a: Garchomp|92/100
|-damage|p2b: Incineroar|0 fnt
|faint|p2b: Incineroar
|
|upkeep
|
|t:|1784672846
|switch|p2b: Farigiraf|Farigiraf, L50, F|100/100
|turn|4
|
|t:|1784672860
|switch|p1a: Ceruledge|Ceruledge, L50, F|100/100
|move|p2a: Garchomp|Dragon Claw|p1a: Ceruledge
|-damage|p1a: Ceruledge|39/100
|-damage|p2a: Garchomp|82/100|[from] item: Life Orb
|move|p1b: Aerodactyl|Tailwind|p1b: Aerodactyl
|-sidestart|p1: jakekaplan87|move: Tailwind
|move|p2b: Farigiraf|Thunderbolt|p1b: Aerodactyl
|-supereffective|p1b: Aerodactyl|1
|-damage|p1b: Aerodactyl|26/100
|
|-sideend|p2: vilan333|move: Tailwind
|upkeep
|turn|5
|
|t:|1784672885
|move|p1b: Aerodactyl|Wide Guard|p1b: Aerodactyl
|-singleturn|p1b: Aerodactyl|Wide Guard
|move|p1a: Ceruledge|Bitter Blade|p2b: Farigiraf
|-damage|p2b: Farigiraf|69/100
|-heal|p1a: Ceruledge|58/100|[from] drain|[of] p2b: Farigiraf
|move|p2a: Garchomp|Rock Slide|p1b: Aerodactyl|[spread] 
|-activate|p1a: Ceruledge|move: Wide Guard
|-activate|p1b: Aerodactyl|move: Wide Guard
|move|p2b: Farigiraf|Trick Room|p2b: Farigiraf
|-fieldstart|move: Trick Room|[of] p2b: Farigiraf
|
|upkeep
|turn|6
|
|t:|1784672909
|switch|p1b: Venusaur|Venusaur-Mega, L50, M|41/100
|move|p1a: Ceruledge|Protect|p1a: Ceruledge
|-singleturn|p1a: Ceruledge|Protect
|move|p2b: Farigiraf|Psyshock|p1a: Ceruledge
|-activate|p1a: Ceruledge|move: Protect
|move|p2a: Garchomp|Dragon Claw|p1b: Venusaur
|-crit|p1b: Venusaur
|-damage|p1b: Venusaur|0 fnt
|faint|p1b: Venusaur
|-damage|p2a: Garchomp|73/100|[from] item: Life Orb
|
|upkeep
|
|t:|1784672920
|switch|p1b: Aerodactyl|Aerodactyl, L50, F|26/100
|turn|7
|
|t:|1784672930
|move|p2b: Farigiraf|Thunderbolt|p1b: Aerodactyl
|-supereffective|p1b: Aerodactyl|1
|-damage|p1b: Aerodactyl|0 fnt
|faint|p1b: Aerodactyl
|move|p2a: Garchomp|Dragon Claw|p1a: Ceruledge
|-damage|p1a: Ceruledge|0 fnt
|faint|p1a: Ceruledge
|-damage|p2a: Garchomp|63/100|[from] item: Life Orb
|
|-sideend|p1: jakekaplan87|move: Tailwind
|upkeep
|
|t:|1784672936
|switch|p1b: Hydreigon|Hydreigon, L50, M|100/100
|turn|8
|-message|jakekaplan87 forfeited.
|
|win|vilan333
|raw|jakekaplan87's rating: 1165 → 1143(-22 for losing)
|raw|vilan333's rating: 1201 → 1223(+22 for winning)
|l|☆jakekaplan87
|player|p1|
