|j|☆minasdevilcrobats
|j|☆fleamarketninja
|html|minasdevilcrobatsfleamarketninja    
|uhtml|bestof|Game 1 of a best-of-3
|t:|1756826485
|gametype|doubles
|player|p1|minasdevilcrobats|darach-caitlin|1168
|player|p2|fleamarketninja|baker|1080
|gen|9
|tier|[Gen 9] VGC 2025 Reg H (Bo3)
|rated|
|rule|Species Clause: Limit one of each Pokémon
|rule|Item Clause: Limit 1 of each item
|clearpoke
|poke|p1|Indeedee, L50, M|
|poke|p1|Sneasler, L50, F|
|poke|p1|Dondozo, L50, F|
|poke|p1|Tatsugiri, L50, F|
|poke|p1|Talonflame, L50, M|
|poke|p1|Glimmora, L50, M|
|poke|p2|Incineroar, L50, F|
|poke|p2|Amoonguss, L50, F|
|poke|p2|Ursaluna-Bloodmoon, L50, M|
|poke|p2|Sneasler, L50, F|
|poke|p2|Gholdengo, L50|
|poke|p2|Dragonite, L50, F|
|teampreview|4
|showteam|p1|Indeedee||ChoiceScarf|PsychicSurge|ExpandingForce,DazzlingGleam,Trick,Protect|||M|||50|,,,,,Psychic]Sneasler||PsychicSeed|Unburden|CloseCombat,DireClaw,ThroatChop,Protect|||F|||50|,,,,,Dark]Dondozo||Leftovers|Unaware|WaveCrash,OrderUp,Earthquake,Protect|||F|||50|,,,,,Grass]Tatsugiri||LifeOrb|Commander|MuddyWater,DracoMeteor,DragonPulse,Protect|||F|||50|,,,,,Steel]Talonflame||CovertCloak|GaleWings|FlareBlitz,WillOWisp,Tailwind,Taunt|||M|||50|,,,,,Water]Glimmora||PowerHerb|ToxicDebris|MeteorBeam,SludgeBomb,EarthPower,SpikyShield|||M|||50|,,,,,Grass
|showteam|p2|Incineroar||SafetyGoggles|Intimidate|FlareBlitz,KnockOff,PartingShot,FakeOut|||F|||50|,,,,,Ghost]Amoonguss||SitrusBerry|Regenerator|Spore,RagePowder,PollenPuff,Protect|||F|||50|,,,,,Psychic]Ursaluna-Bloodmoon||AssaultVest|MindsEye|HyperVoice,BloodMoon,EarthPower,VacuumWave|||M|||50|,,,,,Water]Sneasler||FocusSash|Unburden|CloseCombat,DireClaw,ThroatChop,Protect|||F|||50|,,,,,Stellar]Gholdengo||LifeOrb|GoodasGold|MakeItRain,ShadowBall,NastyPlot,Protect||||||50|,,,,,Water]Dragonite||LoadedDice|Multiscale|ScaleShot,Tailwind,Haze,Protect|||F|||50|,,,,,Fairy
|inactive|Battle timer is ON: inactive players will automatically lose when time's up. (requested by minasdevilcrobats)
|
|t:|1756826509
|teamsize|p1|4
|teamsize|p2|4
|start
|switch|p1a: Talonflame|Talonflame, L50, M|100/100
|switch|p1b: Glimmora|Glimmora, L50, M|100/100
|switch|p2a: Dragonite|Dragonite, L50, F|100/100
|switch|p2b: Amoonguss|Amoonguss, L50, F|100/100
|turn|1
|
|t:|1756826521
|move|p2b: Amoonguss|Protect|p2b: Amoonguss
|-singleturn|p2b: Amoonguss|Protect
|move|p1a: Talonflame|Taunt|p2b: Amoonguss
|-activate|p2b: Amoonguss|move: Protect
|move|p1b: Glimmora|Meteor Beam||[still]
|-prepare|p1b: Glimmora|Meteor Beam
|-boost|p1b: Glimmora|spa|1
|-enditem|p1b: Glimmora|Power Herb
|-anim|p1b: Glimmora|Meteor Beam|p2a: Dragonite
|-supereffective|p2a: Dragonite
|-crit|p2a: Dragonite
|-damage|p2a: Dragonite|0 fnt
|faint|p2a: Dragonite
|
|upkeep
|
|t:|1756826534
|switch|p2a: Sneasler|Sneasler, L50, F|100/100
|turn|2
|
|t:|1756826555
|-terastallize|p1b: Glimmora|Grass
|-terastallize|p2b: Amoonguss|Psychic
|move|p2b: Amoonguss|Rage Powder|p2b: Amoonguss
|-singleturn|p2b: Amoonguss|move: Rage Powder
|move|p1a: Talonflame|Tailwind|p1a: Talonflame
|-sidestart|p1: minasdevilcrobats|move: Tailwind
|move|p1b: Glimmora|Earth Power|p2a: Sneasler
|-supereffective|p2a: Sneasler
|-enditem|p2a: Sneasler|Focus Sash
|-damage|p2a: Sneasler|1/100
|move|p2a: Sneasler|Close Combat|p1b: Glimmora
|-damage|p1b: Glimmora|33/100
|-unboost|p2a: Sneasler|def|1
|-unboost|p2a: Sneasler|spd|1
|-activate|p1b: Glimmora|ability: Toxic Debris
|-sidestart|p2: fleamarketninja|move: Toxic Spikes
|
|upkeep
|turn|3
|inactive|minasdevilcrobats has 30 seconds left.
|inactive|fleamarketninja has 30 seconds left.
|
|t:|1756826587
|move|p1b: Glimmora|Spiky Shield|p1b: Glimmora
|-singleturn|p1b: Glimmora|move: Protect
|move|p2b: Amoonguss|Rage Powder|p2b: Amoonguss
|-singleturn|p2b: Amoonguss|move: Rage Powder
|move|p1a: Talonflame|Flare Blitz|p2b: Amoonguss
|-damage|p2b: Amoonguss|60/100
|-damage|p1a: Talonflame|82/100|[from] Recoil
|move|p2a: Sneasler|Dire Claw|p1b: Glimmora
|-activate|p1b: Glimmora|move: Protect
|-damage|p2a: Sneasler|0 fnt|[from] Spiky Shield|[of] p1b: Glimmora
|faint|p2a: Sneasler
|
|upkeep
|
|t:|1756826593
|switch|p2a: Ursaluna|Ursaluna-Bloodmoon, L50, M|100/100
|-status|p2a: Ursaluna|psn
|turn|4
|
|t:|1756826608
|move|p2b: Amoonguss|Rage Powder|p2b: Amoonguss
|-singleturn|p2b: Amoonguss|move: Rage Powder
|move|p1a: Talonflame|Taunt|p2b: Amoonguss
|-start|p2b: Amoonguss|move: Taunt
|move|p1b: Glimmora|Earth Power|p2a: Ursaluna
|-damage|p2a: Ursaluna|68/100 psn
|move|p2a: Ursaluna|Hyper Voice|p1a: Talonflame|[spread] p1a,p1b
|-damage|p1a: Talonflame|27/100
|-damage|p1b: Glimmora|0 fnt
|faint|p1b: Glimmora
|
|-damage|p2a: Ursaluna|56/100 psn|[from] psn
|upkeep
|
|t:|1756826619
|switch|p1b: Dondozo|Dondozo, L50, F|100/100
|turn|5
|inactive|fleamarketninja has 30 seconds left.
|inactive|fleamarketninja has 20 seconds left.
|
|t:|1756826656
|switch|p1a: Tatsugiri|Tatsugiri, L50, F|100/100
|-activate|p1a: Tatsugiri|ability: Commander|[of] p1b: Dondozo
|-boost|p1b: Dondozo|atk|2
|-boost|p1b: Dondozo|spa|2
|-boost|p1b: Dondozo|spe|2
|-boost|p1b: Dondozo|def|2
|-boost|p1b: Dondozo|spd|2
|move|p1b: Dondozo|Wave Crash|p2a: Ursaluna
|-supereffective|p2a: Ursaluna
|-crit|p2a: Ursaluna
|-damage|p2a: Ursaluna|0 fnt
|faint|p2a: Ursaluna
|-damage|p1b: Dondozo|84/100|[from] Recoil
|move|p2b: Amoonguss|Pollen Puff|p2: Ursaluna|[notarget]
|-fail|p2b: Amoonguss
|
|-heal|p1b: Dondozo|90/100|[from] item: Leftovers
|-sideend|p1: minasdevilcrobats|move: Tailwind
|upkeep
|turn|6
|-message|fleamarketninja forfeited.
|
|win|minasdevilcrobats
||fleamarketninja is ready for game 2.
||minasdevilcrobats is ready for game 2.
|uhtml|next|Next: Game 2 of 3
