|j|☆AjaniVGC
|j|☆Soda_Machine4
|html|AjaniVGCSoda_Machine4    
|uhtml|bestof|Game 3 of a best-of-3
|t:|1757235787
|gametype|doubles
|player|p1|AjaniVGC|2|1092
|player|p2|Soda_Machine4|baker|1000
|gen|9
|tier|[Gen 9] VGC 2025 Reg H (Bo3)
|rated|
|rule|Species Clause: Limit one of each Pokémon
|rule|Item Clause: Limit 1 of each item
|clearpoke
|poke|p1|Sneasler, L50, F|
|poke|p1|Ursaluna-Bloodmoon, L50, M|
|poke|p1|Gholdengo, L50|
|poke|p1|Magmar, L50, M|
|poke|p1|Annihilape, L50, M|
|poke|p1|Whimsicott, L50, M|
|poke|p2|Tyranitar, L50, M|
|poke|p2|Excadrill, L50, M|
|poke|p2|Kommo-o, L50, M|
|poke|p2|Indeedee-F, L50, F|
|poke|p2|Incineroar, L50, F|
|poke|p2|Amoonguss, L50, M|
|teampreview|4
|showteam|p1|Sneasler||FocusSash|Unburden|DireClaw,CloseCombat,FakeOut,ThroatChop|||F|||50|,,,,,Dark]Ursaluna-Bloodmoon||LifeOrb|MindsEye|EarthPower,BloodMoon,HyperVoice,Protect|||M|||50|,,,,,Ghost]Gholdengo||MetalCoat|GoodasGold|MakeItRain,ShadowBall,NastyPlot,Protect||||||50|,,,,,Water]Magmar||Eviolite|VitalSpirit|FollowMe,WillOWisp,Protect,Overheat|||M|||50|,,,,,Ghost]Annihilape||Leftovers|Defiant|RageFist,DrainPunch,BulkUp,Protect|||M|||50|,,,,,Fire]Whimsicott||CovertCloak|Prankster|Moonblast,Tailwind,Encore,SunnyDay|||M|||50|,,,,,Water
|showteam|p2|Tyranitar||AssaultVest|SandStream|RockSlide,KnockOff,LowKick,TeraBlast|||M|||50|,,,,,Flying]Excadrill||FocusSash|SandRush|HighHorsepower,IronHead,Earthquake,Protect|||M|||50|,,,,,Ghost]Kommo-o||ThroatSpray|Overcoat|ClangingScales,ClangorousSoul,AuraSphere,Protect|||M|||50|,,,,,Steel]Indeedee-F||PsychicSeed|PsychicSurge|Psychic,FollowMe,HelpingHand,TrickRoom|||F|||50|,,,,,Fairy]Incineroar||SafetyGoggles|Intimidate|FakeOut,KnockOff,Taunt,PartingShot|||F|||50|,,,,,Bug]Amoonguss||RockyHelmet|Regenerator|PollenPuff,Spore,RagePowder,Protect|||M|||50|,,,,,Water
|inactive|Battle timer is ON: inactive players will automatically lose when time's up. (requested by AjaniVGC)
|
|t:|1757235824
|teamsize|p1|4
|teamsize|p2|4
|start
|switch|p1a: Sneasler|Sneasler, L50, F|100/100
|switch|p1b: Gholdengo|Gholdengo, L50|100/100
|switch|p2a: Tyranitar|Tyranitar, L50, M|100/100
|switch|p2b: Excadrill|Excadrill, L50, M|100/100
|-weather|Sandstorm|[from] ability: Sand Stream|[of] p2a: Tyranitar
|turn|1
|inactive|AjaniVGC has 30 seconds left.
|inactive|Soda_Machine4 has 30 seconds left.
|inactive|Soda_Machine4 has 20 seconds left.
|inactive|Soda_Machine4 has 15 seconds left.
|inactive|Soda_Machine4 has 10 seconds left.
|
|t:|1757235869
|switch|p1a: Whimsicott|Whimsicott, L50, M|100/100
|switch|p2a: Indeedee|Indeedee-F, L50, F|100/100
|-fieldstart|move: Psychic Terrain|[from] ability: Psychic Surge|[of] p2a: Indeedee
|-enditem|p2a: Indeedee|Psychic Seed
|-boost|p2a: Indeedee|spd|1|[from] item: Psychic Seed
|move|p1b: Gholdengo|Protect|p1b: Gholdengo
|-singleturn|p1b: Gholdengo|Protect
|move|p2b: Excadrill|High Horsepower|p1a: Whimsicott
|-resisted|p1a: Whimsicott
|-damage|p1a: Whimsicott|75/100
|
|-weather|Sandstorm|[upkeep]
|-damage|p1a: Whimsicott|69/100|[from] Sandstorm
|-damage|p2a: Indeedee|94/100|[from] Sandstorm
|upkeep
|turn|2
|inactive|AjaniVGC has 30 seconds left.
|inactive|Soda_Machine4 has 30 seconds left.
|
|t:|1757235900
|-terastallize|p1b: Gholdengo|Water
|move|p1a: Whimsicott|Tailwind|p1a: Whimsicott
|-sidestart|p1: AjaniVGC|move: Tailwind
|move|p1b: Gholdengo|Nasty Plot|p1b: Gholdengo
|-boost|p1b: Gholdengo|spa|2
|move|p2b: Excadrill|High Horsepower|p1b: Gholdengo
|-damage|p1b: Gholdengo|34/100
|move|p2a: Indeedee|Trick Room|p2a: Indeedee
|-fieldstart|move: Trick Room|[of] p2a: Indeedee
|
|-weather|Sandstorm|[upkeep]
|-damage|p2a: Indeedee|88/100|[from] Sandstorm
|-damage|p1a: Whimsicott|63/100|[from] Sandstorm
|-damage|p1b: Gholdengo|28/100|[from] Sandstorm
|upkeep
|turn|3
|inactive|Soda_Machine4 has 30 seconds left.
|inactive|Soda_Machine4 has 20 seconds left.
|inactive|Soda_Machine4 has 15 seconds left.
|
|t:|1757235943
|move|p1b: Gholdengo|Protect|p1b: Gholdengo
|-singleturn|p1b: Gholdengo|Protect
|move|p2a: Indeedee|Follow Me|p2a: Indeedee
|-singleturn|p2a: Indeedee|move: Follow Me
|move|p1a: Whimsicott|Moonblast|p2a: Indeedee
|-damage|p2a: Indeedee|75/100
|move|p2b: Excadrill|High Horsepower|p1b: Gholdengo
|-activate|p1b: Gholdengo|move: Protect
|
|-weather|Sandstorm|[upkeep]
|-damage|p2a: Indeedee|68/100|[from] Sandstorm
|-damage|p1a: Whimsicott|57/100|[from] Sandstorm
|-damage|p1b: Gholdengo|21/100|[from] Sandstorm
|upkeep
|turn|4
|
|t:|1757235966
|switch|p2b: Kommo-o|Kommo-o, L50, M|100/100
|switch|p1b: Sneasler|Sneasler, L50, F|100/100
|move|p1a: Whimsicott|Sunny Day|p1a: Whimsicott
|-weather|SunnyDay
|move|p2a: Indeedee|Psychic|p1b: Sneasler
|-supereffective|p1b: Sneasler
|-enditem|p1b: Sneasler|Focus Sash
|-damage|p1b: Sneasler|1/100
|
|-weather|SunnyDay|[upkeep]
|upkeep
|turn|5
|inactive|AjaniVGC has 30 seconds left.
|inactive|Soda_Machine4 has 30 seconds left.
|inactive|Soda_Machine4 has 20 seconds left.
|inactive|Soda_Machine4 has 15 seconds left.
|
|t:|1757236008
|switch|p2b: Tyranitar|Tyranitar, L50, M|100/100
|-weather|Sandstorm|[from] ability: Sand Stream|[of] p2b: Tyranitar
|switch|p1b: Gholdengo|Gholdengo, L50, tera:Water|21/100
|move|p2a: Indeedee|Psychic|p1b: Gholdengo
|-damage|p1b: Gholdengo|0 fnt
|faint|p1b: Gholdengo
|move|p1a: Whimsicott|Moonblast|p2b: Tyranitar
|-supereffective|p2b: Tyranitar
|-damage|p2b: Tyranitar|79/100
|
|-weather|Sandstorm|[upkeep]
|-damage|p2a: Indeedee|62/100|[from] Sandstorm
|-damage|p1a: Whimsicott|51/100|[from] Sandstorm
|-sideend|p1: AjaniVGC|move: Tailwind
|-fieldend|move: Psychic Terrain
|upkeep
|
|t:|1757236030
|switch|p1b: Annihilape|Annihilape, L50, M|100/100
|turn|6
|inactive|Soda_Machine4 has 30 seconds left.
|inactive|AjaniVGC has 30 seconds left.
|inactive|Soda_Machine4 has 20 seconds left.
|inactive|Soda_Machine4 has 15 seconds left.
|inactive|Soda_Machine4 has 10 seconds left.
|
|t:|1757236079
|move|p1b: Annihilape|Protect|p1b: Annihilape
|-singleturn|p1b: Annihilape|Protect
|move|p2a: Indeedee|Follow Me|p2a: Indeedee
|-singleturn|p2a: Indeedee|move: Follow Me
|move|p2b: Tyranitar|Rock Slide|p1a: Whimsicott|[spread] p1a
|-activate|p1b: Annihilape|move: Protect
|-damage|p1a: Whimsicott|23/100
|move|p1a: Whimsicott|Moonblast|p2a: Indeedee
|-damage|p2a: Indeedee|49/100
|
|-weather|Sandstorm|[upkeep]
|-damage|p2a: Indeedee|42/100|[from] Sandstorm
|-damage|p1b: Annihilape|95/100|[from] Sandstorm
|-damage|p1a: Whimsicott|17/100|[from] Sandstorm
|-heal|p1b: Annihilape|100/100|[from] item: Leftovers
|-fieldend|move: Trick Room
|upkeep
|turn|7
|inactive|Soda_Machine4 has 30 seconds left.
|inactive|Soda_Machine4 has 20 seconds left.
|inactive|Soda_Machine4 has 15 seconds left.
|inactive|Soda_Machine4 has 10 seconds left.
|
|t:|1757236128
|switch|p2a: Excadrill|Excadrill, L50, M|100/100
|-terastallize|p2b: Tyranitar|Flying
|move|p1a: Whimsicott|Sunny Day|p1a: Whimsicott
|-weather|SunnyDay
|move|p1b: Annihilape|Drain Punch|p2a: Excadrill
|-supereffective|p2a: Excadrill
|-enditem|p2a: Excadrill|Focus Sash
|-damage|p2a: Excadrill|1/100
|move|p2b: Tyranitar|Rock Slide|p1b: Annihilape|[spread] p1a,p1b
|-resisted|p1b: Annihilape
|-crit|p1b: Annihilape
|-damage|p1a: Whimsicott|0 fnt
|-damage|p1b: Annihilape|75/100
|faint|p1a: Whimsicott
|
|-weather|SunnyDay|[upkeep]
|-heal|p1b: Annihilape|81/100|[from] item: Leftovers
|upkeep
|
|t:|1757236141
|switch|p1a: Sneasler|Sneasler, L50, F|1/100
|turn|8
|inactive|Soda_Machine4 has 30 seconds left.
|inactive|Soda_Machine4 has 20 seconds left.
|inactive|AjaniVGC has 30 seconds left.
|
|t:|1757236183
|switch|p2a: Kommo-o|Kommo-o, L50, M|100/100
|switch|p2b: Indeedee|Indeedee-F, L50, F|42/100
|-fieldstart|move: Psychic Terrain|[from] ability: Psychic Surge|[of] p2b: Indeedee
|move|p1a: Sneasler|Throat Chop|p2a: Kommo-o
|-resisted|p2a: Kommo-o
|-damage|p2a: Kommo-o|87/100
|-start|p2a: Kommo-o|Throat Chop|[silent]
|move|p1b: Annihilape|Rage Fist|p2b: Indeedee
|-immune|p2b: Indeedee
|
|-weather|SunnyDay|[upkeep]
|-heal|p1b: Annihilape|87/100|[from] item: Leftovers
|upkeep
|turn|9
|inactive|Soda_Machine4 has 30 seconds left.
|inactive|Soda_Machine4 has 20 seconds left.
|inactive|Soda_Machine4 has 15 seconds left.
|
|t:|1757236227
|move|p2b: Indeedee|Follow Me|p2b: Indeedee
|-singleturn|p2b: Indeedee|move: Follow Me
|move|p1a: Sneasler|Throat Chop|p2b: Indeedee
|-supereffective|p2b: Indeedee
|-damage|p2b: Indeedee|0 fnt
|faint|p2b: Indeedee
|move|p1b: Annihilape|Rage Fist|p2a: Kommo-o
|-damage|p2a: Kommo-o|44/100
|move|p2a: Kommo-o|Aura Sphere|p1a: Sneasler
|-resisted|p1a: Sneasler
|-damage|p1a: Sneasler|0 fnt
|faint|p1a: Sneasler
|
|-weather|SunnyDay|[upkeep]
|-heal|p1b: Annihilape|93/100|[from] item: Leftovers
|-end|p2a: Kommo-o|Throat Chop|[silent]
|upkeep
|
|t:|1757236244
|switch|p2b: Tyranitar|Tyranitar, L50, M, tera:Flying|79/100
|-weather|Sandstorm|[from] ability: Sand Stream|[of] p2b: Tyranitar
|turn|10
|
|t:|1757236262
|move|p1b: Annihilape|Rage Fist|p2b: Tyranitar
|-damage|p2b: Tyranitar|40/100
|move|p2a: Kommo-o|Clanging Scales|p1b: Annihilape
|-damage|p1b: Annihilape|53/100
|-unboost|p2a: Kommo-o|def|1
|-enditem|p2a: Kommo-o|Throat Spray
|-boost|p2a: Kommo-o|spa|1|[from] item: Throat Spray
|move|p2b: Tyranitar|Tera Blast|p1b: Annihilape|[anim] Tera Blast Flying
|-supereffective|p1b: Annihilape
|-damage|p1b: Annihilape|0 fnt
|faint|p1b: Annihilape
|
|win|Soda_Machine4
|raw|AjaniVGC's rating: 1092 → 1062(-30 for losing)
|raw|Soda_Machine4's rating: 1000 → 1050(+50 for winning)
|l|☆AjaniVGC
|player|p1|
|c|☆Soda_Machine4|gg
