|j|☆dcerza127
|j|☆dollartreehero
|html|dcerza127dollartreehero    
|uhtml|bestof|Game 3 of a best-of-3
|t:|1755562747
|gametype|doubles
|player|p1|dcerza127|102|1203
|player|p2|dollartreehero|bugcatcher-gen4dp|1272
|gen|9
|tier|[Gen 9] VGC 2025 Reg H (Bo3)
|rated|
|rule|Species Clause: Limit one of each Pokémon
|rule|Item Clause: Limit 1 of each item
|clearpoke
|poke|p1|Meowscarada, L50, M|
|poke|p1|Primarina, L50, M|
|poke|p1|Sneasler, L50, F|
|poke|p1|Indeedee, L50, M|
|poke|p1|Typhlosion-Hisui, L50, M|
|poke|p1|Decidueye-Hisui, L50, F|
|poke|p2|Tyranitar, L50, M|
|poke|p2|Excadrill, L50, M|
|poke|p2|Houndstone, L50, M|
|poke|p2|Milotic, L50, F|
|poke|p2|Amoonguss, L50, M|
|poke|p2|Volcarona, L50, F|
|teampreview|4
|showteam|p1|Meowscarada||FocusSash|Overgrow|GrassPledge,FlowerTrick,KnockOff,Protect|||M|||50|,,,,,Ghost]Primarina||CovertCloak|LiquidVoice|WaterPledge,HyperVoice,Moonblast,Protect|||M|||50|,,,,,Poison]Sneasler||PsychicSeed|Unburden|DireClaw,CloseCombat,ThroatChop,Protect|||F|||50|,,,,,Dark]Indeedee||SafetyGoggles|PsychicSurge|ExpandingForce,Imprison,TrickRoom,Protect|||M|||50|,,,,,Fairy]Typhlosion-Hisui||ChoiceSpecs|Blaze|Eruption,HeatWave,FirePledge,ShadowBall|||M|||50|,,,,,Fire]Decidueye-Hisui||RazorClaw|Scrappy|TripleArrows,LeafBlade,Tailwind,Protect|||F|||50|,,,,,Fire
|showteam|p2|Tyranitar||AssaultVest|SandStream|KnockOff,RockSlide,TeraBlast,LowKick|||M|||50|,,,,,Flying]Excadrill||FocusSash|SandRush|HighHorsepower,IronHead,Protect,Earthquake|||M|||50|,,,,,Fire]Houndstone||LifeOrb|SandRush|LastRespects,ShadowSneak,BodyPress,Protect|||M|||50|,,,,,Normal]Milotic||SitrusBerry|Competitive|Scald,IcyWind,Protect,Haze|||F|||50|,,,,,Poison]Amoonguss||RockyHelmet|Regenerator|RagePowder,Spore,PollenPuff,SludgeBomb|||M|||50|,,,,,Water]Volcarona||Leftovers|FlameBody|QuiverDance,HeatWave,GigaDrain,Protect|||F|||50|,,,,,Grass
|inactive|Battle timer is ON: inactive players will automatically lose when time's up. (requested by dollartreehero)
|inactive|dcerza127 also wants the timer to be on.
|inactive|dcerza127 has 60 seconds left.
|inactive|dcerza127 has 30 seconds left.
|inactive|dcerza127 has 20 seconds left.
|inactive|dcerza127 has 15 seconds left.
|inactive|dcerza127 has 10 seconds left.
|inactive|dcerza127 has 5 seconds left.
|
|t:|1755562835
|teamsize|p1|4
|teamsize|p2|4
|start
|switch|p1a: Meowscarada|Meowscarada, L50, M|100/100
|switch|p1b: Typhlosion|Typhlosion-Hisui, L50, M|100/100
|switch|p2a: Amoonguss|Amoonguss, L50, M|100/100
|switch|p2b: Volcarona|Volcarona, L50, F|100/100
|turn|1
|
|t:|1755562859
|switch|p2a: Tyranitar|Tyranitar, L50, M|100/100
|-weather|Sandstorm|[from] ability: Sand Stream|[of] p2a: Tyranitar
|move|p1a: Meowscarada|Knock Off|p2a: Tyranitar
|-resisted|p2a: Tyranitar
|-damage|p2a: Tyranitar|82/100
|-enditem|p2a: Tyranitar|Assault Vest|[from] move: Knock Off|[of] p1a: Meowscarada
|move|p1b: Typhlosion|Eruption|p2b: Volcarona|[spread] p2a,p2b
|-resisted|p2a: Tyranitar
|-damage|p2a: Tyranitar|59/100
|-damage|p2b: Volcarona|28/100
|move|p2b: Volcarona|Quiver Dance|p2b: Volcarona
|-boost|p2b: Volcarona|spa|1
|-boost|p2b: Volcarona|spd|1
|-boost|p2b: Volcarona|spe|1
|
|-weather|Sandstorm|[upkeep]
|-damage|p2b: Volcarona|22/100|[from] Sandstorm
|-damage|p1a: Meowscarada|95/100|[from] Sandstorm
|-damage|p1b: Typhlosion|94/100|[from] Sandstorm
|-heal|p2b: Volcarona|28/100|[from] item: Leftovers
|upkeep
|turn|2
|inactive|dcerza127 has 30 seconds left.
|inactive|dollartreehero has 30 seconds left.
|
|t:|1755562892
|move|p1a: Meowscarada|Protect|p1a: Meowscarada
|-singleturn|p1a: Meowscarada|Protect
|move|p2b: Volcarona|Heat Wave|p1b: Typhlosion|[spread] p1b
|-activate|p1a: Meowscarada|move: Protect
|-resisted|p1b: Typhlosion
|-damage|p1b: Typhlosion|54/100
|move|p1b: Typhlosion|Eruption|p2a: Tyranitar|[spread] p2a,p2b
|-resisted|p2a: Tyranitar
|-damage|p2a: Tyranitar|46/100
|-damage|p2b: Volcarona|2/100
|move|p2a: Tyranitar|Rock Slide|p1b: Typhlosion|[spread] p1b
|-activate|p1a: Meowscarada|move: Protect
|-supereffective|p1b: Typhlosion
|-damage|p1b: Typhlosion|0 fnt
|faint|p1b: Typhlosion
|
|-weather|Sandstorm|[upkeep]
|-damage|p2b: Volcarona|0 fnt|[from] Sandstorm
|-damage|p1a: Meowscarada|89/100|[from] Sandstorm
|faint|p2b: Volcarona
|upkeep
|
|t:|1755562910
|switch|p1b: Primarina|Primarina, L50, M|100/100
|switch|p2b: Excadrill|Excadrill, L50, M|100/100
|turn|3
|inactive|dollartreehero has 30 seconds left.
|
|t:|1755562945
|switch|p2a: Amoonguss|Amoonguss, L50, M|100/100
|move|p2b: Excadrill|Iron Head|p1b: Primarina
|-damage|p1b: Primarina|49/100
|move|p1a: Meowscarada|Grass Pledge|p2a: Amoonguss
|-waiting|p1a: Meowscarada|p1b: Primarina
|move|p1b: Primarina|Water Pledge|p2a: Amoonguss|[from] move: Grass Pledge
|-combine
|-resisted|p2a: Amoonguss
|-damage|p2a: Amoonguss|83/100
|-sidestart|p2: dollartreehero|Grass Pledge
|
|-weather|Sandstorm|[upkeep]
|-damage|p1a: Meowscarada|83/100|[from] Sandstorm
|-damage|p1b: Primarina|43/100|[from] Sandstorm
|-damage|p2a: Amoonguss|77/100|[from] Sandstorm
|upkeep
|turn|4
|
|t:|1755562964
|switch|p1b: Indeedee|Indeedee, L50, M|100/100
|-fieldstart|move: Psychic Terrain|[from] ability: Psychic Surge|[of] p1b: Indeedee
|move|p2a: Amoonguss|Rage Powder|p2a: Amoonguss
|-singleturn|p2a: Amoonguss|move: Rage Powder
|move|p1a: Meowscarada|Flower Trick|p2b: Excadrill
|-crit|p2b: Excadrill
|-damage|p2b: Excadrill|33/100
|move|p2b: Excadrill|Iron Head|p1b: Indeedee
|-damage|p1b: Indeedee|18/100
|
|-weather|Sandstorm|[upkeep]
|-damage|p1a: Meowscarada|77/100|[from] Sandstorm
|-damage|p2a: Amoonguss|71/100|[from] Sandstorm
|upkeep
|turn|5
|
|t:|1755562991
|-terastallize|p2a: Amoonguss|Water
|move|p2b: Excadrill|Protect|p2b: Excadrill
|-singleturn|p2b: Excadrill|Protect
|move|p1a: Meowscarada|Flower Trick|p2a: Amoonguss
|-supereffective|p2a: Amoonguss
|-crit|p2a: Amoonguss
|-damage|p2a: Amoonguss|0 fnt
|faint|p2a: Amoonguss
|move|p1b: Indeedee|Expanding Force|p2b: Excadrill
|-activate|p2b: Excadrill|move: Protect
|
|-weather|none
|upkeep
|
|t:|1755563002
|switch|p2a: Tyranitar|Tyranitar, L50, M|46/100
|-weather|Sandstorm|[from] ability: Sand Stream|[of] p2a: Tyranitar
|turn|6
|
|t:|1755563009
|move|p2b: Excadrill|Protect||[still]
|-fail|p2b: Excadrill
|move|p1a: Meowscarada|Flower Trick|p2a: Tyranitar
|-supereffective|p2a: Tyranitar
|-crit|p2a: Tyranitar
|-damage|p2a: Tyranitar|0 fnt
|faint|p2a: Tyranitar
|move|p1b: Indeedee|Expanding Force|p2b: Excadrill
|-resisted|p2b: Excadrill
|-damage|p2b: Excadrill|0 fnt
|faint|p2b: Excadrill
|
|win|dcerza127
|raw|dcerza127's rating: 1203 → 1233(+30 for winning)
|raw|dollartreehero's rating: 1272 → 1242(-30 for losing)
