|j|☆JNEST
|j|☆ApostrofoRosaVGC
|html|JNESTApostrofoRosaVGC    
|uhtml|bestof|Game 2 of a best-of-3
|t:|1756213890
|gametype|doubles
|player|p1|JNEST|veteran-gen4|1144
|player|p2|ApostrofoRosaVGC|170|1284
|gen|9
|tier|[Gen 9] VGC 2025 Reg H (Bo3)
|rated|
|rule|Species Clause: Limit one of each Pokémon
|rule|Item Clause: Limit 1 of each item
|clearpoke
|poke|p1|Weezing, L50, M|
|poke|p1|Incineroar, L50, M|
|poke|p1|Annihilape, L50, M|
|poke|p1|Tyranitar, L50, M|
|poke|p1|Kommo-o, L50, M|
|poke|p2|Gholdengo, L50|
|poke|p2|Sneasler, L50, M|
|poke|p2|Ursaluna-Bloodmoon, L50, M|
|poke|p2|Dragonite, L50, M|
|poke|p2|Incineroar, L50, M|
|poke|p2|Amoonguss, L50, M|
|teampreview|4
|showteam|p1|Weezing||SitrusBerry|NeutralizingGas|Protect,Haze,WillOWisp,SludgeBomb|||M|||50|,,,,,Ghost]Incineroar||AbilityShield|Intimidate|KnockOff,FlareBlitz,FakeOut,PartingShot|||M|||50|,,,,,Ghost]Annihilape||SafetyGoggles|Defiant|Taunt,RageFist,CloseCombat,FinalGambit|||M|||50|,,,,,Fairy]Tyranitar||AssaultVest|SandStream|RockSlide,KnockOff,TeraBlast,LowKick|||M|||50|,,,,,Flying]Kommo-o||ThroatSpray|Overcoat|Protect,ClangorousSoul,ClangingScales,AuraSphere|||M|||50|,,,,,Steel
|showteam|p2|Gholdengo||LifeOrb|GoodasGold|MakeItRain,ShadowBall,NastyPlot,Protect||||||50|,,,,,Water]Sneasler||FocusSash|Unburden|CloseCombat,DireClaw,ThroatChop,Protect|||M|||50|,,,,,Stellar]Ursaluna-Bloodmoon||AssaultVest|MindsEye|EarthPower,BloodMoon,HyperVoice,VacuumWave|||M|||50|,,,,,Water]Dragonite||LoadedDice|Multiscale|ScaleShot,Tailwind,Haze,Protect|||M|||50|,,,,,Fairy]Incineroar||SafetyGoggles|Intimidate|FlareBlitz,KnockOff,FakeOut,PartingShot|||M|||50|,,,,,Ghost]Amoonguss||SitrusBerry|Regenerator|PollenPuff,Spore,RagePowder,Protect|||M|||50|,,,,,Psychic
|inactive|Battle timer is ON: inactive players will automatically lose when time's up. (requested by JNEST)
|
|t:|1756213904
|teamsize|p1|4
|teamsize|p2|4
|start
|switch|p1a: Annihilape|Annihilape, L50, M|100/100
|switch|p1b: Kommo-o|Kommo-o, L50, M|100/100
|switch|p2a: Amoonguss|Amoonguss, L50, M|100/100
|switch|p2b: Gholdengo|Gholdengo, L50|100/100
|turn|1
|
|t:|1756213919
|move|p1a: Annihilape|Taunt|p2a: Amoonguss
|-start|p2a: Amoonguss|move: Taunt
|move|p2b: Gholdengo|Nasty Plot|p2b: Gholdengo
|-boost|p2b: Gholdengo|spa|2
|move|p1b: Kommo-o|Clangorous Soul|p1b: Kommo-o
|-boost|p1b: Kommo-o|atk|1
|-boost|p1b: Kommo-o|def|1
|-boost|p1b: Kommo-o|spa|1
|-boost|p1b: Kommo-o|spd|1
|-boost|p1b: Kommo-o|spe|1
|-damage|p1b: Kommo-o|68/100
|-enditem|p1b: Kommo-o|Throat Spray
|-boost|p1b: Kommo-o|spa|1|[from] item: Throat Spray
|move|p2a: Amoonguss|Pollen Puff|p2b: Gholdengo
|
|upkeep
|turn|2
|inactive|ApostrofoRosaVGC has 30 seconds left.
|
|t:|1756213945
|-terastallize|p1b: Kommo-o|Steel
|move|p1b: Kommo-o|Clanging Scales|p2a: Amoonguss|[spread] p2a,p2b
|-resisted|p2b: Gholdengo
|-crit|p2b: Gholdengo
|-damage|p2a: Amoonguss|44/100
|-damage|p2b: Gholdengo|50/100
|-enditem|p2a: Amoonguss|Sitrus Berry|[eat]
|-heal|p2a: Amoonguss|69/100|[from] item: Sitrus Berry
|-unboost|p1b: Kommo-o|def|1
|move|p1a: Annihilape|Rage Fist|p2b: Gholdengo
|-supereffective|p2b: Gholdengo
|-damage|p2b: Gholdengo|7/100
|move|p2b: Gholdengo|Make It Rain|p1b: Kommo-o|[spread] p1a,p1b
|-resisted|p1b: Kommo-o
|-damage|p1a: Annihilape|0 fnt
|-damage|p1b: Kommo-o|33/100
|-unboost|p2b: Gholdengo|spa|1
|faint|p1a: Annihilape
|-damage|p2b: Gholdengo|0 fnt|[from] item: Life Orb
|faint|p2b: Gholdengo
|move|p2a: Amoonguss|Pollen Puff|p2: Gholdengo|[notarget]
|-fail|p2a: Amoonguss
|
|upkeep
|inactive|ApostrofoRosaVGC has 30 seconds left.
|
|t:|1756213970
|switch|p1a: Incineroar|Incineroar, L50, M|100/100
|switch|p2b: Ursaluna|Ursaluna-Bloodmoon, L50, M|100/100
|-ability|p1a: Incineroar|Intimidate|boost
|-unboost|p2a: Amoonguss|atk|1
|-unboost|p2b: Ursaluna|atk|1
|turn|3
|inactive|ApostrofoRosaVGC has 30 seconds left.
|inactive|ApostrofoRosaVGC has 20 seconds left.
|
|t:|1756214006
|move|p1a: Incineroar|Fake Out|p2b: Ursaluna
|-damage|p2b: Ursaluna|92/100
|move|p1b: Kommo-o|Clanging Scales|p2b: Ursaluna|[spread] p2a,p2b
|-damage|p2a: Amoonguss|18/100
|-damage|p2b: Ursaluna|48/100
|-unboost|p1b: Kommo-o|def|1
|cant|p2b: Ursaluna|flinch
|move|p2a: Amoonguss|Pollen Puff|p1b: Kommo-o
|-resisted|p1b: Kommo-o
|-damage|p1b: Kommo-o|26/100
|
|-end|p2a: Amoonguss|move: Taunt
|upkeep
|turn|4
|
|t:|1756214022
|move|p2b: Ursaluna|Vacuum Wave|p1b: Kommo-o
|-supereffective|p1b: Kommo-o
|-damage|p1b: Kommo-o|4/100
|move|p1b: Kommo-o|Clanging Scales|p2a: Amoonguss|[spread] p2a,p2b
|-damage|p2a: Amoonguss|0 fnt
|-damage|p2b: Ursaluna|9/100
|faint|p2a: Amoonguss
|-unboost|p1b: Kommo-o|def|1
|move|p1a: Incineroar|Knock Off|p2b: Ursaluna
|-damage|p2b: Ursaluna|0 fnt
|-enditem|p2b: Ursaluna|Assault Vest|[from] move: Knock Off|[of] p1a: Incineroar
|faint|p2b: Ursaluna
|
|upkeep
|
|t:|1756214033
|switch|p2a: Dragonite|Dragonite, L50, M|100/100
|turn|5
|
|t:|1756214041
|-terastallize|p2a: Dragonite|Fairy
|move|p1b: Kommo-o|Clanging Scales|p2a: Dragonite
|-immune|p2a: Dragonite
|move|p2a: Dragonite|Scale Shot|p1a: Incineroar
|-damage|p1a: Incineroar|87/100
|-damage|p1a: Incineroar|71/100
|-damage|p1a: Incineroar|58/100
|-damage|p1a: Incineroar|44/100
|-hitcount|p1a: Incineroar|4
|-unboost|p2a: Dragonite|def|1
|-boost|p2a: Dragonite|spe|1
|move|p1a: Incineroar|Parting Shot|p2a: Dragonite
|-unboost|p2a: Dragonite|atk|1
|-unboost|p2a: Dragonite|spa|1
|
|t:|1756214048
|switch|p1a: Tyranitar|Tyranitar, L50, M|100/100|[from] Parting Shot
|-weather|Sandstorm|[from] ability: Sand Stream|[of] p1a: Tyranitar
|
|-weather|Sandstorm|[upkeep]
|-damage|p2a: Dragonite|94/100|[from] Sandstorm
|upkeep
|turn|6
|
|t:|1756214056
|move|p1b: Kommo-o|Aura Sphere|p2a: Dragonite
|-resisted|p2a: Dragonite
|-damage|p2a: Dragonite|64/100
|move|p2a: Dragonite|Haze|p2a: Dragonite
|-clearallboost
|move|p1a: Tyranitar|Knock Off|p2a: Dragonite
|-resisted|p2a: Dragonite
|-damage|p2a: Dragonite|31/100
|-enditem|p2a: Dragonite|Loaded Dice|[from] move: Knock Off|[of] p1a: Tyranitar
|
|-weather|Sandstorm|[upkeep]
|-damage|p2a: Dragonite|25/100|[from] Sandstorm
|upkeep
|turn|7
|
|t:|1756214066
|move|p1b: Kommo-o|Aura Sphere|p2a: Dragonite
|-resisted|p2a: Dragonite
|-damage|p2a: Dragonite|8/100
|move|p2a: Dragonite|Scale Shot|p1b: Kommo-o
|-resisted|p1b: Kommo-o
|-damage|p1b: Kommo-o|0 fnt
|faint|p1b: Kommo-o
|-hitcount|p1: Kommo-o|1
|-unboost|p2a: Dragonite|def|1
|-boost|p2a: Dragonite|spe|1
|move|p1a: Tyranitar|Rock Slide|p2a: Dragonite|[miss]
|-miss|p1a: Tyranitar|p2a: Dragonite
|
|-weather|Sandstorm|[upkeep]
|-damage|p2a: Dragonite|2/100|[from] Sandstorm
|upkeep
|
|t:|1756214072
|switch|p1b: Incineroar|Incineroar, L50, M|44/100
|-ability|p1b: Incineroar|Intimidate|boost
|-unboost|p2a: Dragonite|atk|1
|turn|8
|
|t:|1756214078
|move|p1b: Incineroar|Fake Out|p2a: Dragonite
|-damage|p2a: Dragonite|0 fnt
|faint|p2a: Dragonite
|
|win|JNEST
||JNEST is ready for game 3.
|inactive|ApostrofoRosaVGC has 30 seconds to confirm battle start!
