|j|☆ethnol1816
|j|☆tailmyroom
|html|ethnol1816tailmyroom    
|uhtml|bestof|Game 2 of a best-of-3
|t:|1756301614
|gametype|doubles
|player|p1|ethnol1816|boarder|1160
|player|p2|tailmyroom|scientist-gen4dp|1190
|gen|9
|tier|[Gen 9] VGC 2025 Reg H (Bo3)
|rated|
|rule|Species Clause: Limit one of each Pokémon
|rule|Item Clause: Limit 1 of each item
|clearpoke
|poke|p1|Gholdengo, L50|
|poke|p1|Samurott-Hisui, L50, F|
|poke|p1|Hydreigon, L50, M|
|poke|p1|Whimsicott, L50, F|
|poke|p1|Garchomp, L50, F|
|poke|p1|Clefable, L50, M|
|poke|p2|Gholdengo, L50|
|poke|p2|Sneasler, L50, M|
|poke|p2|Rillaboom, L50, F|
|poke|p2|Dragonite, L50, M|
|poke|p2|Ninetales-Alola, L50, F|
|poke|p2|Arcanine-Hisui, L50, M|
|teampreview|4
|showteam|p1|Gholdengo||Leftovers|GoodasGold|NastyPlot,ShadowBall,MakeItRain,Protect||||||50|,,,,,Dragon]Samurott-Hisui||AssaultVest|Sharpness|CeaselessEdge,SuckerPunch,SacredSword,AquaCutter|||F|||50|,,,,,Ghost]Hydreigon||ChoiceSpecs|Levitate|DarkPulse,DracoMeteor,HeatWave,FlashCannon|||M|||50|,,,,,Fire]Whimsicott||FocusSash|Prankster|Moonblast,Tailwind,SunnyDay,Encore|||F|||50|,,,,,Ghost]Garchomp||LifeOrb|RoughSkin|Protect,StompingTantrum,Earthquake,DragonClaw|||F|||50|,,,,,Steel]Clefable||SitrusBerry|Unaware|Moonblast,MistyTerrain,FollowMe,Protect|||M|||50|,,,,,Water
|showteam|p2|Gholdengo||GrassySeed|GoodasGold|NastyPlot,MakeItRain,ShadowBall,Protect||||||50|,,,,,Water]Sneasler||WhiteHerb|Unburden|CloseCombat,DireClaw,Coaching,Protect|||M|||50|,,,,,Ghost]Rillaboom||AssaultVest|GrassySurge|FakeOut,GrassyGlide,DrumBeating,HighHorsepower|||F|||50|,,,,,Fire]Dragonite||LoadedDice|Multiscale|ScaleShot,StompingTantrum,Tailwind,Protect|||M|||50|,,,,,Ground]Ninetales-Alola||FocusSash|SnowWarning|Blizzard,IcyWind,Encore,AuroraVeil|||F|||50|,,,,,Ghost]Arcanine-Hisui||ClearAmulet|Intimidate|RockSlide,FlareBlitz,ExtremeSpeed,Protect|||M|||50|,,,,,Water
|inactive|Battle timer is ON: inactive players will automatically lose when time's up. (requested by ethnol1816)
|inactive|tailmyroom has 60 seconds left.
|
|t:|1756301665
|teamsize|p1|4
|teamsize|p2|4
|start
|switch|p1a: hyculese|Hydreigon, L50, M, shiny|100/100
|switch|p1b: scott|Whimsicott, L50, F|100/100
|switch|p2a: Rillaboom|Rillaboom, L50, F|100/100
|switch|p2b: Dragonite|Dragonite, L50, M|100/100
|-fieldstart|move: Grassy Terrain|[from] ability: Grassy Surge|[of] p2a: Rillaboom
|turn|1
|
|t:|1756301679
|-terastallize|p1a: hyculese|Fire
|move|p2a: Rillaboom|Fake Out|p1a: hyculese
|-damage|p1a: hyculese|87/100
|move|p1b: scott|Sunny Day|p1b: scott
|-weather|SunnyDay
|cant|p1a: hyculese|flinch
|move|p2b: Dragonite|Scale Shot|p1a: hyculese
|-damage|p1a: hyculese|71/100
|-damage|p1a: hyculese|53/100
|-damage|p1a: hyculese|37/100
|-damage|p1a: hyculese|20/100
|-damage|p1a: hyculese|4/100
|-hitcount|p1a: hyculese|5
|-unboost|p2b: Dragonite|def|1
|-boost|p2b: Dragonite|spe|1
|
|-weather|SunnyDay|[upkeep]
|upkeep
|turn|2
|
|t:|1756301703
|switch|p1a: cleanable|Clefable, L50, M|100/100
|switch|p2a: Arcanine|Arcanine-Hisui, L50, M|100/100
|-ability|p2a: Arcanine|Intimidate|boost
|-unboost|p1a: cleanable|atk|1
|-unboost|p1b: scott|atk|1
|move|p1b: scott|Encore||[still]
|-fail|p1b: scott
|move|p2b: Dragonite|Tailwind|p2b: Dragonite
|-sidestart|p2: tailmyroom|move: Tailwind
|
|-weather|SunnyDay|[upkeep]
|upkeep
|turn|3
|inactive|tailmyroom has 30 seconds left.
|
|t:|1756301737
|switch|p2b: Rillaboom|Rillaboom, L50, F|100/100
|move|p1a: cleanable|Protect|p1a: cleanable
|-singleturn|p1a: cleanable|Protect
|move|p1b: scott|Tailwind|p1b: scott
|-sidestart|p1: ethnol1816|move: Tailwind
|move|p2a: Arcanine|Rock Slide|p1a: cleanable|[spread] p1b
|-activate|p1a: cleanable|move: Protect
|-damage|p1b: scott|60/100
|
|-weather|SunnyDay|[upkeep]
|-heal|p1b: scott|66/100|[from] Grassy Terrain
|upkeep
|turn|4
|
|t:|1756301757
|move|p1b: scott|Moonblast|p2a: Arcanine
|-resisted|p2a: Arcanine
|-damage|p2a: Arcanine|77/100
|move|p2a: Arcanine|Rock Slide|p1a: cleanable|[spread] p1a,p1b
|-damage|p1a: cleanable|80/100
|-damage|p1b: scott|27/100
|move|p2b: Rillaboom|Drum Beating|p1a: cleanable
|-damage|p1a: cleanable|42/100
|-unboost|p1a: cleanable|spe|1
|-enditem|p1a: cleanable|Sitrus Berry|[eat]
|-heal|p1a: cleanable|67/100|[from] item: Sitrus Berry
|move|p1a: cleanable|Misty Terrain|p1a: cleanable
|-fieldstart|move: Misty Terrain
|
|-weather|SunnyDay|[upkeep]
|upkeep
|turn|5
|
|t:|1756301774
|switch|p1b: nsdr trdng|Gholdengo, L50|100/100
|switch|p2b: Ninetales|Ninetales-Alola, L50, F|100/100
|-weather|Snowscape|[from] ability: Snow Warning|[of] p2b: Ninetales
|move|p1a: cleanable|Follow Me|p1a: cleanable
|-singleturn|p1a: cleanable|move: Follow Me
|move|p2a: Arcanine|Rock Slide|p1b: nsdr trdng|[spread] p1a,p1b
|-resisted|p1b: nsdr trdng
|-damage|p1a: cleanable|47/100
|-damage|p1b: nsdr trdng|87/100
|
|-weather|Snowscape|[upkeep]
|-heal|p1b: nsdr trdng|93/100|[from] item: Leftovers
|-sideend|p2: tailmyroom|move: Tailwind
|upkeep
|turn|6
|
|t:|1756301798
|switch|p1a: hyculese|Hydreigon, L50, M, shiny, tera:Fire|4/100
|move|p2a: Arcanine|Protect|p2a: Arcanine
|-singleturn|p2a: Arcanine|Protect
|move|p1b: nsdr trdng|Make It Rain|p2a: Arcanine|[spread] p2b
|-activate|p2a: Arcanine|move: Protect
|-supereffective|p2b: Ninetales
|-enditem|p2b: Ninetales|Focus Sash
|-damage|p2b: Ninetales|1/100
|-unboost|p1b: nsdr trdng|spa|1
|move|p2b: Ninetales|Blizzard|p1b: nsdr trdng|[spread] p1a,p1b
|-resisted|p1a: hyculese
|-resisted|p1b: nsdr trdng
|-damage|p1a: hyculese|0 fnt
|-damage|p1b: nsdr trdng|76/100
|faint|p1a: hyculese
|
|-weather|Snowscape|[upkeep]
|-heal|p1b: nsdr trdng|83/100|[from] item: Leftovers
|-sideend|p1: ethnol1816|move: Tailwind
|upkeep
|
|t:|1756301811
|switch|p1a: scott|Whimsicott, L50, F|27/100
|turn|7
|
|t:|1756301822
|move|p2a: Arcanine|Extreme Speed|p1a: scott
|-damage|p1a: scott|0 fnt
|faint|p1a: scott
|move|p2b: Ninetales|Aurora Veil|p2b: Ninetales
|-sidestart|p2: tailmyroom|move: Aurora Veil
|move|p1b: nsdr trdng|Make It Rain|p2a: Arcanine|[spread] p2a,p2b
|-supereffective|p2b: Ninetales
|-damage|p2a: Arcanine|52/100
|-damage|p2b: Ninetales|0 fnt
|-unboost|p1b: nsdr trdng|spa|1
|faint|p2b: Ninetales
|
|-weather|Snowscape|[upkeep]
|-heal|p1b: nsdr trdng|89/100|[from] item: Leftovers
|upkeep
|
|t:|1756301837
|switch|p1a: cleanable|Clefable, L50, M|47/100
|switch|p2b: Rillaboom|Rillaboom, L50, F|100/100
|-fieldstart|move: Grassy Terrain|[from] ability: Grassy Surge|[of] p2b: Rillaboom
|turn|8
|
|t:|1756301860
|move|p1b: nsdr trdng|Protect|p1b: nsdr trdng
|-singleturn|p1b: nsdr trdng|Protect
|move|p1a: cleanable|Protect|p1a: cleanable
|-singleturn|p1a: cleanable|Protect
|move|p2a: Arcanine|Rock Slide|p1a: cleanable|[spread] 
|-activate|p1a: cleanable|move: Protect
|-activate|p1b: nsdr trdng|move: Protect
|move|p2b: Rillaboom|Drum Beating|p1a: cleanable
|-activate|p1a: cleanable|move: Protect
|
|-weather|Snowscape|[upkeep]
|-heal|p2a: Arcanine|58/100|[from] Grassy Terrain
|-heal|p1b: nsdr trdng|95/100|[from] Grassy Terrain
|-heal|p1b: nsdr trdng|100/100|[from] item: Leftovers
|-heal|p1a: cleanable|53/100|[from] Grassy Terrain
|upkeep
|turn|9
|
|t:|1756301876
|move|p1a: cleanable|Follow Me|p1a: cleanable
|-singleturn|p1a: cleanable|move: Follow Me
|move|p2a: Arcanine|Flare Blitz|p1a: cleanable
|-damage|p1a: cleanable|9/100
|-damage|p2a: Arcanine|41/100|[from] Recoil
|move|p2b: Rillaboom|Drum Beating|p1a: cleanable
|-damage|p1a: cleanable|0 fnt
|faint|p1a: cleanable
|move|p1b: nsdr trdng|Nasty Plot|p1b: nsdr trdng
|-boost|p1b: nsdr trdng|spa|2
|
|-weather|none
|-heal|p2a: Arcanine|47/100|[from] Grassy Terrain
|upkeep
|turn|10
|
|t:|1756301886
|move|p2a: Arcanine|Flare Blitz|p1b: nsdr trdng
|-supereffective|p1b: nsdr trdng
|-damage|p1b: nsdr trdng|0 fnt
|faint|p1b: nsdr trdng
|-damage|p2a: Arcanine|12/100|[from] Recoil
|
|win|tailmyroom
||ethnol1816 is ready for game 3.
|inactive|tailmyroom has 30 seconds to confirm battle start!
||tailmyroom is ready for game 3.
|uhtml|next|Next: Game 3 of 3
