|j|☆Someoneofficial
|j|☆Theo The Mighty
|html|SomeoneofficialTheo The Mighty    
|uhtml|bestof|Game 2 of a best-of-3
|t:|1783890444
|gametype|doubles
|player|p1|Someoneofficial|gentleman-gen4|
|player|p2|Theo The Mighty|acetrainer-gen4|
|gen|9
|tier|[Gen 9 Champions] VGC 2026 Reg M-B (Bo3)
|rule|Species Clause: Limit one of each Pokémon
|rule|Item Clause: Limit 1 of each item
|clearpoke
|poke|p1|Floette-Eternal, L50, F|
|poke|p1|Grimmsnarl, L50, M, shiny|
|poke|p1|Basculegion, L50, M, shiny|
|poke|p1|Sneasler, L50, M, shiny|
|poke|p1|Garchomp, L50, M, shiny|
|poke|p1|Charizard, L50, M, shiny|
|poke|p2|Decidueye-Hisui, L50, F|
|poke|p2|Dragonite, L50, F|
|poke|p2|Zoroark-Hisui, L50, M|
|poke|p2|Excadrill, L50, M|
|poke|p2|Lycanroc-Dusk, L50, F|
|poke|p2|Incineroar, L50, M|
|teampreview|4
|showteam|p1|Floette-Eternal||Floettite|FlowerVeil|Moonblast,Protect,LightofRuin,DazzlingGleam|Timid||F|||50|]Grimmsnarl||LightClay|Prankster|LightScreen,Reflect,PartingShot,SpiritBreak|Impish||M|||50|]Basculegion||ChoiceScarf|Adaptability|WaveCrash,LastRespects,AquaJet,FlipTurn|Jolly||M|||50|]Sneasler||FocusSash|PoisonTouch|FakeOut,CloseCombat,DireClaw,Protect|Jolly||M|||50|]Garchomp||LifeOrb|RoughSkin|DragonClaw,StompingTantrum,RockSlide,Protect|Jolly||M|||50|]Charizard||CharizarditeY|Blaze|Protect,SolarBeam,WeatherBall,HeatWave|Timid||M|||50|
|showteam|p2|Decidueye-Hisui||FocusSash|Scrappy|TripleArrows,LeafBlade,Tailwind,Protect|Adamant||F|||50|]Dragonite||Dragoninite|Multiscale|AirCutter,Thunderbolt,IceBeam,Protect|Timid||F|||50|]Zoroark-Hisui||LifeOrb|Illusion|ShadowBall,IcyWind,Taunt,Protect|Timid||M|||50|]Excadrill||Excadrite|MoldBreaker|IronHead,HighHorsepower,RockSlide,Protect|Adamant||M|||50|]Lycanroc-Dusk||MuscleBand|ToughClaws|Accelerock,SuckerPunch,PsychicFangs,Protect|Jolly||F|||50|]Incineroar||SitrusBerry|Intimidate|DarkestLariat,FakeOut,FlareBlitz,PartingShot|Adamant||M|||50|
|
|t:|1783890491
|teamsize|p1|4
|teamsize|p2|4
|start
|switch|p1a: Basculegion|Basculegion, L50, M, shiny|100/100
|switch|p1b: Sneasler|Sneasler, L50, M, shiny|100/100
|switch|p2a: Decidueye|Decidueye-Hisui, L50, F|100/100
|switch|p2b: Incineroar|Incineroar, L50, M|100/100
|turn|1
|
|t:|1783890532
|switch|p2b: Incineroar|Incineroar, L50, M|100/100
|-ability|p2b: Incineroar|Intimidate|boost
|-unboost|p1a: Basculegion|atk|1
|-unboost|p1b: Sneasler|atk|1
|move|p2a: Decidueye|Protect|p2a: Decidueye
|-singleturn|p2a: Decidueye|Protect
|move|p1b: Sneasler|Fake Out|p2a: Decidueye
|-activate|p2a: Decidueye|move: Protect
|move|p1a: Basculegion|Flip Turn|p2b: Incineroar
|-supereffective|p2b: Incineroar|1
|-damage|p2b: Incineroar|48/100
|-enditem|p2b: Incineroar|Sitrus Berry|[eat]
|-heal|p2b: Incineroar|73/100|[from] item: Sitrus Berry
|
|t:|1783890541
|switch|p1a: Garchomp|Garchomp, L50, M, shiny|100/100|[from] Flip Turn
|
|upkeep
|turn|2
|inactive|Battle timer is ON: inactive players will automatically lose when time's up. (requested by Someoneofficial)
|
|t:|1783890589
|switch|p1b: Basculegion|Basculegion, L50, M, shiny|100/100
|move|p2b: Incineroar|Fake Out|p1b: Basculegion
|-immune|p1b: Basculegion
|move|p1a: Garchomp|Dragon Claw|p2a: Decidueye
|-damage|p2a: Decidueye|33/100
|-damage|p1a: Garchomp|90/100|[from] item: Life Orb
|move|p2a: Decidueye|Tailwind|p2a: Decidueye
|-sidestart|p2: Theo The Mighty|move: Tailwind
|
|upkeep
|turn|3
|inactive|Theo The Mighty has 30 seconds left.
|inactive|Someoneofficial has 30 seconds left.
|
|t:|1783890619
|switch|p1b: Sneasler|Sneasler, L50, M, shiny|100/100
|move|p2a: Decidueye|Leaf Blade|p1b: Sneasler
|-resisted|p1b: Sneasler|1
|-damage|p1b: Sneasler|63/100
|move|p1a: Garchomp|Stomping Tantrum|p2b: Incineroar
|-supereffective|p2b: Incineroar|1
|-damage|p2b: Incineroar|0 fnt
|faint|p2b: Incineroar
|-damage|p1a: Garchomp|80/100|[from] item: Life Orb
|
|upkeep
|
|t:|1783890634
|switch|p2b: Excadrill|Excadrill, L50, M|100/100
|turn|4
|
|t:|1783890646
|move|p1b: Sneasler|Fake Out|p2b: Excadrill
|-immune|p2b: Excadrill
|move|p2b: Excadrill|Icy Wind|p1b: Sneasler|[spread] p1a,p1b
|-supereffective|p1a: Garchomp|2
|-crit|p1b: Sneasler
|-damage|p1a: Garchomp|0 fnt
|-damage|p1b: Sneasler|26/100
|-unboost|p1b: Sneasler|spe|1
|faint|p1a: Garchomp
|-damage|p2b: Excadrill|90/100|[from] item: Life Orb
|move|p2a: Decidueye|Triple Arrows|p1b: Sneasler
|-resisted|p1b: Sneasler|1
|-damage|p1b: Sneasler|0 fnt
|faint|p1b: Sneasler
|
|upkeep
|
|t:|1783890654
|switch|p1b: Floette|Floette-Eternal, L50, F|100/100
|switch|p1a: Basculegion|Basculegion, L50, M, shiny|100/100
|turn|5
|inactive|Someoneofficial has 30 seconds left.
|inactive|Someoneofficial has 20 seconds left.
|inactive|Someoneofficial has 15 seconds left.
|
|t:|1783890705
|detailschange|p1b: Floette|Floette-Mega, L50, F
|-mega|p1b: Floette|Floette|Floettite
|-ability|p1b: Floette|Fairy Aura
|move|p1a: Basculegion|Aqua Jet|p2b: Excadrill
|-damage|p2b: Excadrill|35/100
|replace|p2b: Zoroark|Zoroark-Hisui, L50, M
|-end|p2b: Zoroark|Illusion
|move|p2b: Zoroark|Shadow Ball|p1a: Basculegion
|-supereffective|p1a: Basculegion|1
|-damage|p1a: Basculegion|0 fnt
|faint|p1a: Basculegion
|-damage|p2b: Zoroark|25/100|[from] item: Life Orb
|move|p2a: Decidueye|Leaf Blade|p1b: Floette
|-damage|p1b: Floette|42/100
|move|p1b: Floette|Dazzling Gleam|p2b: Zoroark|[spread] p2a,p2b
|-supereffective|p2a: Decidueye|1
|-damage|p2a: Decidueye|0 fnt
|-damage|p2b: Zoroark|0 fnt
|faint|p2a: Decidueye
|faint|p2b: Zoroark
|
|-sideend|p2: Theo The Mighty|move: Tailwind
|upkeep
|
|t:|1783890728
|switch|p2b: Excadrill|Excadrill, L50, M|100/100
|-ability|p2b: Excadrill|Mold Breaker
|turn|6
|inactive|Someoneofficial has 30 seconds left.
|
|t:|1783890761
|detailschange|p2b: Excadrill|Excadrill-Mega, L50, M
|-mega|p2b: Excadrill|Excadrill|Excadrite
|move|p1b: Floette|Light of Ruin|p2b: Excadrill
|-resisted|p2b: Excadrill|1
|-damage|p2b: Excadrill|26/100
|-damage|p1b: Floette|0 fnt|[from] Recoil
|faint|p1b: Floette
|
|win|Theo The Mighty
||Someoneofficial is ready for game 3.
|inactive|Theo The Mighty has 30 seconds to confirm battle start!
|inactive|Theo The Mighty has 20 seconds to confirm battle start!
|inactive|Theo The Mighty has 10 seconds to confirm battle start!
||Theo The Mighty is ready for game 3.
|uhtml|next|Next: Game 3 of 3
