|j|☆Capravolante97
|j|☆Andrea Pirlo 2
|html|Capravolante97Andrea Pirlo 2    
|uhtml|bestof|Game 3 of a best-of-3
|t:|1782231504
|gametype|doubles
|player|p1|Capravolante97|fantina|
|player|p2|Andrea Pirlo 2|volkner|
|gen|9
|tier|[Gen 9 Champions] VGC 2026 Reg M-B (Bo3)
|rule|Species Clause: Limit one of each Pokémon
|rule|Item Clause: Limit 1 of each item
|clearpoke
|poke|p1|Gholdengo, L50|
|poke|p1|Scovillain, L50, M|
|poke|p1|Aerodactyl, L50, F|
|poke|p1|Garchomp, L50, M|
|poke|p1|Primarina, L50, M|
|poke|p1|Hydreigon, L50, M|
|poke|p2|Pelipper, L50, M|
|poke|p2|Swampert, L50, M|
|poke|p2|Basculegion, L50, M|
|poke|p2|Archaludon, L50, M|
|poke|p2|Floette-Eternal, L50, F|
|poke|p2|Whimsicott, L50, F|
|teampreview|4
|showteam|p1|Gholdengo||LifeOrb|GoodasGold|MakeItRain,ShadowBall,NastyPlot,Protect|Timid|||||50|]Scovillain||Scovillainite|Moody|RagePowder,GigaDrain,Overheat,Protect|Bold||M|||50|]Aerodactyl||FocusSash|Unnerve|Tailwind,RockSlide,Protect,DualWingbeat|Jolly||F|||50|]Garchomp||ExpertBelt|RoughSkin|RockSlide,DragonClaw,Earthquake,Protect|Jolly||M|||50|]Primarina||MysticWater|LiquidVoice|CalmMind,HyperVoice,Moonblast,Protect|Modest||M|||50|]Hydreigon||ChoiceScarf|Levitate|Snarl,DarkPulse,HeatWave,DracoMeteor|Modest||M|||50|
|showteam|p2|Pelipper||LifeOrb|Drizzle|WeatherBall,Hurricane,Tailwind,Protect|Modest||M|||50|]Swampert||Swampertite|Torrent|WaveCrash,HighHorsepower,IcePunch,Protect|Adamant||M|||50|]Basculegion||FocusSash|Adaptability|Liquidation,LastRespects,AquaJet,Protect|Adamant||M|||50|]Archaludon||Leftovers|Stamina|ElectroShot,DragonPulse,FlashCannon,Protect|Modest||M|||50|]Floette-Eternal||Floettite|FlowerVeil|LightofRuin,Moonblast,DazzlingGleam,Protect|Modest||F|||50|]Whimsicott||CobaBerry|Prankster|Moonblast,Tailwind,Encore,Protect|Bold||F|||50|
|inactive|Battle timer is ON: inactive players will automatically lose when time's up. (requested by Capravolante97)
|inactive|Capravolante97 has 60 seconds left.
|
|t:|1782231549
|teamsize|p1|4
|teamsize|p2|4
|start
|switch|p1a: Aerodactyl|Aerodactyl, L50, F|100/100
|switch|p1b: Primarina|Primarina, L50, M|100/100
|switch|p2a: Pelipper|Pelipper, L50, M|100/100
|switch|p2b: Swampert|Swampert, L50, M|100/100
|-ability|p1a: Aerodactyl|Unnerve
|-weather|RainDance|[from] ability: Drizzle|[of] p2a: Pelipper
|turn|1
|inactive|Andrea Pirlo 2 has 30 seconds left.
|inactive|Andrea Pirlo 2 has 20 seconds left.
|
|t:|1782231585
|detailschange|p2b: Swampert|Swampert-Mega, L50, M
|-mega|p2b: Swampert|Swampert|Swampertite
|move|p2b: Swampert|High Horsepower|p1b: Primarina
|-damage|p1b: Primarina|24/100
|move|p1a: Aerodactyl|Tailwind|p1a: Aerodactyl
|-sidestart|p1: Capravolante97|move: Tailwind
|move|p1b: Primarina|Hyper Voice|p2a: Pelipper|[spread] p2a,p2b
|-resisted|p2a: Pelipper|1
|-damage|p2a: Pelipper|50/100g
|-damage|p2b: Swampert|41/100
|move|p2a: Pelipper|Tailwind|p2a: Pelipper
|-sidestart|p2: Andrea Pirlo 2|move: Tailwind
|
|-weather|RainDance|[upkeep]
|upkeep
|turn|2
|
|t:|1782231605
|switch|p2a: Archaludon|Archaludon, L50, M|100/100
|move|p2b: Swampert|Wave Crash|p1b: Primarina
|-resisted|p1b: Primarina|1
|-damage|p1b: Primarina|0 fnt
|faint|p1b: Primarina
|-damage|p2b: Swampert|33/100|[from] Recoil
|move|p1a: Aerodactyl|Dual Wingbeat|p2b: Swampert
|-damage|p2b: Swampert|16/100
|-damage|p2b: Swampert|0 fnt
|faint|p2b: Swampert
|-hitcount|p2: Swampert|2
|
|-weather|RainDance|[upkeep]
|upkeep
|
|t:|1782231624
|switch|p2b: Basculegion|Basculegion, L50, M|100/100
|switch|p1b: Scovillain|Scovillain, L50, M|100/100
|turn|3
|
|t:|1782231639
|detailschange|p1b: Scovillain|Scovillain-Mega, L50, M
|-mega|p1b: Scovillain|Scovillain|Scovillainite
|move|p1a: Aerodactyl|Protect|p1a: Aerodactyl
|-singleturn|p1a: Aerodactyl|Protect
|move|p2b: Basculegion|Protect|p2b: Basculegion
|-singleturn|p2b: Basculegion|Protect
|move|p2a: Archaludon|Electro Shot||[still]
|-prepare|p2a: Archaludon|Electro Shot
|-boost|p2a: Archaludon|spa|1
|-anim|p2a: Archaludon|Electro Shot|p1a: Aerodactyl
|-activate|p1a: Aerodactyl|move: Protect
|move|p1b: Scovillain|Giga Drain|p2b: Basculegion
|-activate|p2b: Basculegion|move: Protect
|
|-weather|RainDance|[upkeep]
|upkeep
|turn|4
|inactive|Capravolante97 has 30 seconds left.
|
|t:|1782231665
|move|p1b: Scovillain|Rage Powder|p1b: Scovillain
|-singleturn|p1b: Scovillain|move: Rage Powder
|move|p1a: Aerodactyl|Dual Wingbeat|p2b: Basculegion
|-damage|p2b: Basculegion|77/100
|-damage|p2b: Basculegion|56/100
|-hitcount|p2b: Basculegion|2
|move|p2b: Basculegion|Last Respects|p1b: Scovillain
|-damage|p1b: Scovillain|37/100
|-status|p2b: Basculegion|brn|[from] ability: Spicy Spray|[of] p1b: Scovillain
|move|p2a: Archaludon|Dragon Pulse|p1b: Scovillain
|-damage|p1b: Scovillain|0 fnt
|-status|p2a: Archaludon|brn|[from] ability: Spicy Spray|[of] p1b: Scovillain
|faint|p1b: Scovillain
|
|-weather|RainDance|[upkeep]
|-damage|p2b: Basculegion|50/100g brn|[from] brn
|-damage|p2a: Archaludon|93/100 brn|[from] brn
|-sideend|p2: Andrea Pirlo 2|move: Tailwind
|-sideend|p1: Capravolante97|move: Tailwind
|upkeep
|
|t:|1782231677
|switch|p1b: Hydreigon|Hydreigon, L50, M|100/100
|turn|5
|inactive|Capravolante97 has 30 seconds left.
|
|t:|1782231706
|move|p2a: Archaludon|Protect|p2a: Archaludon
|-singleturn|p2a: Archaludon|Protect
|move|p2b: Basculegion|Aqua Jet|p1a: Aerodactyl
|-supereffective|p1a: Aerodactyl|1
|-damage|p1a: Aerodactyl|29/100
|move|p1b: Hydreigon|Draco Meteor|p2a: Archaludon
|-activate|p2a: Archaludon|move: Protect
|move|p1a: Aerodactyl|Rock Slide|p2b: Basculegion|[spread] p2b
|-activate|p2a: Archaludon|move: Protect
|-damage|p2b: Basculegion|16/100 brn
|
|-weather|none
|-heal|p2a: Archaludon|100/100 brn|[from] item: Leftovers
|-damage|p2b: Basculegion|10/100 brn|[from] brn
|-damage|p2a: Archaludon|93/100 brn|[from] brn
|upkeep
|turn|6
|
|t:|1782231727
|move|p1a: Aerodactyl|Protect|p1a: Aerodactyl
|-singleturn|p1a: Aerodactyl|Protect
|move|p2b: Basculegion|Aqua Jet|p1a: Aerodactyl
|-activate|p1a: Aerodactyl|move: Protect
|move|p1b: Hydreigon|Draco Meteor|p2a: Archaludon
|-damage|p2a: Archaludon|28/100 brn
|-unboost|p1b: Hydreigon|spa|2
|-ability|p2a: Archaludon|Stamina|boost
|-boost|p2a: Archaludon|def|1
|move|p2a: Archaludon|Dragon Pulse|p1b: Hydreigon
|-supereffective|p1b: Hydreigon|1
|-damage|p1b: Hydreigon|0 fnt
|faint|p1b: Hydreigon
|
|-heal|p2a: Archaludon|34/100 brn|[from] item: Leftovers
|-damage|p2b: Basculegion|4/100 brn|[from] brn
|-damage|p2a: Archaludon|28/100 brn|[from] brn
|upkeep
|turn|7
|
|t:|1782231739
|move|p2b: Basculegion|Aqua Jet|p1a: Aerodactyl
|-supereffective|p1a: Aerodactyl|1
|-damage|p1a: Aerodactyl|0 fnt
|faint|p1a: Aerodactyl
|
|win|Andrea Pirlo 2
