|j|☆vicky182
|j|☆VenusaurBot
|html|vicky182VenusaurBot    
|uhtml|bestof|Game 3 of a best-of-3
|t:|1784465086
|gametype|doubles
|player|p1|vicky182|266|1207
|player|p2|VenusaurBot|koga|1198
|gen|9
|tier|[Gen 9 Champions] VGC 2026 Reg M-B (Bo3)
|rated|
|rule|Species Clause: Limit one of each Pokémon
|rule|Item Clause: Limit 1 of each item
|clearpoke
|poke|p1|Charizard, L50, M|
|poke|p1|Aerodactyl, L50, F|
|poke|p1|Sylveon, L50, F|
|poke|p1|Farigiraf, L50, F|
|poke|p1|Kingambit, L50, F|
|poke|p1|Garchomp, L50, F|
|poke|p2|Blaziken, L50, F|
|poke|p2|Venusaur, L50, M|
|poke|p2|Ninetales-Alola, L50, F|
|poke|p2|Dragonite, L50, F|
|poke|p2|Kingambit, L50, F|
|poke|p2|Basculegion, L50, M|
|teampreview|4
|showteam|p1|Charizard||CharizarditeY|Blaze|Protect,HeatWave,WeatherBall,SolarBeam|Modest||M|||50|]Aerodactyl||Aerodactylite|Unnerve|IceFang,DualWingbeat,Tailwind,RockSlide|Jolly||F|||50|]Sylveon||FairyFeather|Pixilate|Detect,HyperVoice,HyperBeam,QuickAttack|Quiet||F|||50|]Farigiraf||SitrusBerry|ArmorTail|TrickRoom,Roar,TwinBeam,Thunderbolt|Quiet||F|||50|]Kingambit||FocusSash|Defiant|Protect,KowtowCleave,IronHead,SuckerPunch|Adamant||F|||50|]Garchomp||LifeOrb|RoughSkin|Protect,Earthquake,StompingTantrum,DragonClaw|Jolly||F|||50|
|showteam|p2|Blaziken||Blazikenite|SpeedBoost|Protect,FlareBlitz,CloseCombat,RockSlide|Adamant||F|||50|]Venusaur||Venusaurite|Chlorophyll|Protect,EarthPower,SludgeBomb,GigaDrain|Modest||M|||50|]Ninetales-Alola||NeverMeltIce|SnowWarning|Protect,Blizzard,FreezeDry,Encore|Timid||F|||50|]Dragonite||LifeOrb|InnerFocus|Protect,ExtremeSpeed,DragonClaw,LowKick|Adamant||F|||50|]Kingambit||BlackGlasses|Defiant|Protect,KowtowCleave,SuckerPunch,IronHead|Adamant||F|||50|]Basculegion||ChoiceScarf|Adaptability|WaveCrash,FlipTurn,AquaJet,LastRespects|Jolly||M|||50|
|inactive|Battle timer is ON: inactive players will automatically lose when time's up. (requested by VenusaurBot)
|inactive|VenusaurBot has 60 seconds left.
|
|t:|1784465143
|teamsize|p1|4
|teamsize|p2|4
|start
|switch|p1a: Charizard|Charizard, L50, M|100/100
|switch|p1b: Aerodactyl|Aerodactyl, L50, F|100/100
|switch|p2a: Dragonite|Dragonite, L50, F|100/100
|switch|p2b: Basculegion|Basculegion, L50, M|100/100
|-ability|p1b: Aerodactyl|Unnerve
|turn|1
|inactive|vicky182 has 30 seconds left.
|
|t:|1784465175
|detailschange|p1a: Charizard|Charizard-Mega-Y, L50, M
|-mega|p1a: Charizard|Charizard|Charizardite Y
|-weather|SunnyDay|[from] ability: Drought|[of] p1a: Charizard
|move|p2b: Basculegion|Wave Crash|p1b: Aerodactyl
|-supereffective|p1b: Aerodactyl|1
|-damage|p1b: Aerodactyl|0 fnt
|faint|p1b: Aerodactyl
|-damage|p2b: Basculegion|73/100|[from] Recoil
|move|p1a: Charizard|Solar Beam||[still]
|-prepare|p1a: Charizard|Solar Beam
|-anim|p1a: Charizard|Solar Beam|p2b: Basculegion
|-supereffective|p2b: Basculegion|1
|-damage|p2b: Basculegion|0 fnt
|faint|p2b: Basculegion
|move|p2a: Dragonite|Dragon Claw|p1a: Charizard
|-damage|p1a: Charizard|30/100
|-damage|p2a: Dragonite|90/100|[from] item: Life Orb
|
|-weather|SunnyDay|[upkeep]
|upkeep
|
|t:|1784465195
|switch|p1b: Garchomp|Garchomp, L50, F|100/100
|switch|p2b: Ninetales|Ninetales-Alola, L50, F|100/100
|-weather|Snowscape|[from] ability: Snow Warning|[of] p2b: Ninetales
|turn|2
|inactive|VenusaurBot has 30 seconds left.
|
|t:|1784465220
|switch|p1a: Kingambit|Kingambit, L50, F|100/100
|move|p1b: Garchomp|Protect|p1b: Garchomp
|-singleturn|p1b: Garchomp|Protect
|move|p2b: Ninetales|Blizzard|p1a: Kingambit|[spread] p1a
|-activate|p1b: Garchomp|move: Protect
|-resisted|p1a: Kingambit|1
|-damage|p1a: Kingambit|83/100
|move|p2a: Dragonite|Low Kick|p1a: Kingambit
|-supereffective|p1a: Kingambit|2
|-damage|p1a: Kingambit|0 fnt
|faint|p1a: Kingambit
|-damage|p2a: Dragonite|80/100|[from] item: Life Orb
|
|-weather|Snowscape|[upkeep]
|upkeep
|
|t:|1784465236
|switch|p1a: Charizard|Charizard-Mega-Y, L50, M|30/100
|-weather|SunnyDay|[from] ability: Drought|[of] p1a: Charizard
|turn|3
|
|t:|1784465252
|move|p2a: Dragonite|Protect|p2a: Dragonite
|-singleturn|p2a: Dragonite|Protect
|move|p2b: Ninetales|Blizzard|p1b: Garchomp|[spread] 
|-miss|p2b: Ninetales|p1a: Charizard
|-miss|p2b: Ninetales|p1b: Garchomp
|move|p1b: Garchomp|Dragon Claw|p2a: Dragonite
|-activate|p2a: Dragonite|move: Protect
|move|p1a: Charizard|Weather Ball|p2b: Ninetales
|-supereffective|p2b: Ninetales|1
|-damage|p2b: Ninetales|0 fnt
|faint|p2b: Ninetales
|
|-weather|SunnyDay|[upkeep]
|upkeep
|
|t:|1784465262
|switch|p2b: Blaziken|Blaziken, L50, F|100/100
|turn|4
|inactive|vicky182 has 30 seconds left.
|inactive|VenusaurBot has 30 seconds left.
|inactive|VenusaurBot has 20 seconds left.
|
|t:|1784465304
|detailschange|p2b: Blaziken|Blaziken-Mega, L50, F
|-mega|p2b: Blaziken|Blaziken|Blazikenite
|move|p2a: Dragonite|Extreme Speed|p1a: Charizard
|-damage|p1a: Charizard|0 fnt
|faint|p1a: Charizard
|-damage|p2a: Dragonite|71/100|[from] item: Life Orb
|move|p1b: Garchomp|Dragon Claw|p2a: Dragonite
|-supereffective|p2a: Dragonite|1
|-damage|p2a: Dragonite|0 fnt
|faint|p2a: Dragonite
|-damage|p1b: Garchomp|90/100|[from] item: Life Orb
|move|p2b: Blaziken|Close Combat|p1b: Garchomp
|-damage|p1b: Garchomp|7/100
|-unboost|p2b: Blaziken|def|1
|-unboost|p2b: Blaziken|spd|1
|-damage|p2b: Blaziken|87/100|[from] ability: Rough Skin|[of] p1b: Garchomp
|
|-weather|SunnyDay|[upkeep]
|-ability|p2b: Blaziken|Speed Boost|boost
|-boost|p2b: Blaziken|spe|1
|upkeep
|turn|5
|
|t:|1784465325
|move|p2b: Blaziken|Close Combat|p1b: Garchomp
|-damage|p1b: Garchomp|0 fnt
|-unboost|p2b: Blaziken|def|1
|-unboost|p2b: Blaziken|spd|1
|-damage|p2b: Blaziken|75/100|[from] ability: Rough Skin|[of] p1b: Garchomp
|faint|p1b: Garchomp
|
|win|VenusaurBot
|raw|vicky182's rating: 1207 → 1181(-26 for losing)
|raw|VenusaurBot's rating: 1198 → 1224(+26 for winning)
|l|☆vicky182
|player|p1|
