|j|☆SurfinSamurott
|j|☆Steveman19
|html|SurfinSamurottSteveman19    
|uhtml|bestof|Game 2 of a best-of-3
|t:|1755818557
|gametype|doubles
|player|p1|SurfinSamurott|hassel|1147
|player|p2|Steveman19|ninjaboy|1186
|gen|9
|tier|[Gen 9] VGC 2025 Reg H (Bo3)
|rated|
|rule|Species Clause: Limit one of each Pokémon
|rule|Item Clause: Limit 1 of each item
|clearpoke
|poke|p1|Whimsicott, L50, F|
|poke|p1|Typhlosion-Hisui, L50, F|
|poke|p1|Ursaluna-Bloodmoon, L50, M|
|poke|p1|Electabuzz, L50, M|
|poke|p1|Rillaboom, L50, M|
|poke|p1|Sneasler, L50, F|
|poke|p2|Tyranitar, L50, F|
|poke|p2|Garchomp, L50, F|
|poke|p2|Gholdengo, L50|
|poke|p2|Sylveon, L50, M|
|poke|p2|Vivillon, L50, F|
|poke|p2|Incineroar, L50, M|
|teampreview|4
|showteam|p1|Whimsicott||FocusSash|Prankster|Moonblast,Tailwind,SunnyDay,Protect|||F|||50|,,,,,Ghost]Typhlosion-Hisui||ChoiceSpecs|Blaze|Eruption,HeatWave,ShadowBall,Overheat|||F|||50|,,,,,Fire]Ursaluna-Bloodmoon||AssaultVest|MindsEye|BloodMoon,EarthPower,HyperVoice,VacuumWave|||M|||50|,,,,,Water]Electabuzz||Eviolite|VitalSpirit|Electroweb,Taunt,FollowMe,HelpingHand|||M|||50|,,,,,Ghost]Rillaboom||MeadowPlate|GrassySurge|WoodHammer,GrassyGlide,HighHorsepower,Protect|||M|||50|,,,,,Grass]Sneasler||GrassySeed|Unburden|CloseCombat,DireClaw,RockSlide,Protect|||F|||50|,,,,,Stellar
|showteam|p2|Tyranitar||AssaultVest|SandStream|RockSlide,KnockOff,TeraBlast,LowKick|||F|||50|,,,,,Flying]Garchomp||ClearAmulet|RoughSkin|StompingTantrum,Earthquake,DragonClaw,Protect|||F|||50|,,,,,Water]Gholdengo||MetalCoat|GoodasGold|MakeItRain,ShadowBall,NastyPlot,Protect||||||50|,,,,,Steel]Sylveon||ThroatSpray|Pixilate|HyperVoice,QuickAttack,TeraBlast,Protect|||M|||50|,,,,,Fire]Vivillon||FocusSash|CompoundEyes|SleepPowder,Tailwind,Hurricane,RagePowder|||F|||50|,,,,,Ghost]Incineroar||SafetyGoggles|Intimidate|FakeOut,KnockOff,PartingShot,FlareBlitz|||M|||50|,,,,,Ghost
|inactive|Battle timer is ON: inactive players will automatically lose when time's up. (requested by Steveman19)
|
|t:|1755818577
|teamsize|p1|4
|teamsize|p2|4
|start
|switch|p1a: Whimsicott|Whimsicott, L50, F|100/100
|switch|p1b: Ursaluna|Ursaluna-Bloodmoon, L50, M|100/100
|switch|p2a: Garchomp|Garchomp, L50, F|100/100
|switch|p2b: Vivillon|Vivillon, L50, F|100/100
|turn|1
|
|t:|1755818593
|switch|p1b: Rillaboom|Rillaboom, L50, M|100/100
|-fieldstart|move: Grassy Terrain|[from] ability: Grassy Surge|[of] p1b: Rillaboom
|-terastallize|p2a: Garchomp|Water
|move|p1a: Whimsicott|Moonblast|p2b: Vivillon
|-damage|p2b: Vivillon|31/100
|move|p2b: Vivillon|Tailwind|p2b: Vivillon
|-sidestart|p2: Steveman19|move: Tailwind
|move|p2a: Garchomp|Earthquake|p1b: Rillaboom|[spread] p1a,p1b
|-immune|p2b: Vivillon
|-resisted|p1a: Whimsicott
|-resisted|p1b: Rillaboom
|-damage|p1a: Whimsicott|85/100
|-damage|p1b: Rillaboom|89/100
|
|-heal|p1a: Whimsicott|91/100|[from] Grassy Terrain
|-heal|p1b: Rillaboom|95/100|[from] Grassy Terrain
|upkeep
|turn|2
|
|t:|1755818612
|move|p1a: Whimsicott|Tailwind|p1a: Whimsicott
|-sidestart|p1: SurfinSamurott|move: Tailwind
|move|p2b: Vivillon|Hurricane|p1b: Rillaboom
|-supereffective|p1b: Rillaboom
|-damage|p1b: Rillaboom|0 fnt
|faint|p1b: Rillaboom
|move|p2a: Garchomp|Dragon Claw|p1a: Whimsicott
|-immune|p1a: Whimsicott
|
|-heal|p1a: Whimsicott|97/100|[from] Grassy Terrain
|upkeep
|inactive|SurfinSamurott has 30 seconds left.
|
|t:|1755818644
|switch|p1b: Ursaluna|Ursaluna-Bloodmoon, L50, M|100/100
|turn|3
|
|t:|1755818656
|move|p1a: Whimsicott|Moonblast|p2b: Vivillon
|-damage|p2b: Vivillon|0 fnt
|faint|p2b: Vivillon
|move|p2a: Garchomp|Stomping Tantrum|p1b: Ursaluna
|-damage|p1b: Ursaluna|38/100
|move|p1b: Ursaluna|Earth Power|p2a: Garchomp
|-damage|p2a: Garchomp|53/100
|
|-heal|p1a: Whimsicott|100/100|[from] Grassy Terrain
|-heal|p2a: Garchomp|59/100|[from] Grassy Terrain
|-heal|p1b: Ursaluna|44/100|[from] Grassy Terrain
|upkeep
|
|t:|1755818665
|switch|p2b: Incineroar|Incineroar, L50, M, shiny|100/100
|-ability|p2b: Incineroar|Intimidate|boost
|-unboost|p1a: Whimsicott|atk|1
|-unboost|p1b: Ursaluna|atk|1
|turn|4
|
|t:|1755818686
|move|p1a: Whimsicott|Sunny Day|p1a: Whimsicott
|-weather|SunnyDay
|move|p2a: Garchomp|Stomping Tantrum|p1b: Ursaluna
|-damage|p1b: Ursaluna|16/100
|move|p1b: Ursaluna|Earth Power|p2b: Incineroar
|-supereffective|p2b: Incineroar
|-damage|p2b: Incineroar|19/100
|move|p2b: Incineroar|Flare Blitz|p1a: Whimsicott
|-supereffective|p1a: Whimsicott
|-enditem|p1a: Whimsicott|Focus Sash
|-damage|p1a: Whimsicott|1/100
|-damage|p2b: Incineroar|0 fnt|[from] Recoil
|faint|p2b: Incineroar
|
|-weather|SunnyDay|[upkeep]
|-heal|p1a: Whimsicott|7/100|[from] Grassy Terrain
|-heal|p2a: Garchomp|65/100|[from] Grassy Terrain
|-heal|p1b: Ursaluna|22/100|[from] Grassy Terrain
|-sideend|p2: Steveman19|move: Tailwind
|upkeep
|
|t:|1755818699
|switch|p2b: Tyranitar|Tyranitar, L50, F, shiny|100/100
|-weather|Sandstorm|[from] ability: Sand Stream|[of] p2b: Tyranitar
|turn|5
|
|t:|1755818713
|move|p2a: Garchomp|Protect|p2a: Garchomp
|-singleturn|p2a: Garchomp|Protect
|move|p1a: Whimsicott|Sunny Day|p1a: Whimsicott
|-weather|SunnyDay
|move|p1b: Ursaluna|Earth Power|p2b: Tyranitar
|-supereffective|p2b: Tyranitar
|-crit|p2b: Tyranitar
|-damage|p2b: Tyranitar|20/100
|move|p2b: Tyranitar|Rock Slide|p1a: Whimsicott|[spread] p1a,p1b
|-resisted|p1b: Ursaluna
|-damage|p1a: Whimsicott|0 fnt
|-damage|p1b: Ursaluna|12/100
|faint|p1a: Whimsicott
|
|-weather|SunnyDay|[upkeep]
|-heal|p1b: Ursaluna|18/100|[from] Grassy Terrain
|-heal|p2a: Garchomp|71/100|[from] Grassy Terrain
|-heal|p2b: Tyranitar|26/100|[from] Grassy Terrain
|-sideend|p1: SurfinSamurott|move: Tailwind
|-fieldend|move: Grassy Terrain
|upkeep
|
|t:|1755818721
|switch|p1a: Typhlosion|Typhlosion-Hisui, L50, F|100/100
|turn|6
|
|t:|1755818739
|-terastallize|p1a: Typhlosion|Fire
|move|p1b: Ursaluna|Vacuum Wave|p2b: Tyranitar
|-supereffective|p2b: Tyranitar
|-damage|p2b: Tyranitar|0 fnt
|faint|p2b: Tyranitar
|move|p1a: Typhlosion|Heat Wave|p2a: Garchomp
|-resisted|p2a: Garchomp
|-damage|p2a: Garchomp|0 fnt
|faint|p2a: Garchomp
|
|win|SurfinSamurott
|raw|SurfinSamurott's rating: 1147 → 1175(+28 for winning)
|raw|Steveman19's rating: 1186 → 1158(-28 for losing)
|l|☆Steveman19
|player|p2|
