|j|☆rdw39
|j|☆ZNX Ferro
|html|rdw39ZNX Ferro    
|uhtml|bestof|Game 2 of a best-of-3
|t:|1756805401
|gametype|doubles
|player|p1|rdw39|169|1044
|player|p2|ZNX Ferro|101|1029
|gen|9
|tier|[Gen 9] VGC 2025 Reg H (Bo3)
|rated|
|rule|Species Clause: Limit one of each Pokémon
|rule|Item Clause: Limit 1 of each item
|clearpoke
|poke|p1|Sneasler, L50, F|
|poke|p1|Indeedee, L50, M|
|poke|p1|Ursaluna-Bloodmoon, L50, M|
|poke|p1|Electabuzz, L50, F|
|poke|p1|Incineroar, L50, M|
|poke|p1|Talonflame, L50, M|
|poke|p2|Snorlax, L50, F|
|poke|p2|Kommo-o, L50, F|
|poke|p2|Clefairy, L50, F|
|poke|p2|Sinistcha, L50|
|poke|p2|Incineroar, L50, F|
|poke|p2|Milotic, L50, M|
|teampreview|4
|showteam|p1|Sneasler||PsychicSeed|Unburden|CloseCombat,DireClaw,ThroatChop,Protect|||F|||50|,,,,,Dark]Indeedee||FocusSash|PsychicSurge|ExpandingForce,TrickRoom,HelpingHand,Protect|||M|||50|,,,,,Psychic]Ursaluna-Bloodmoon||LifeOrb|MindsEye|BloodMoon,HyperVoice,EarthPower,Protect|||M|||50|,,,,,Normal]Electabuzz||Eviolite|VitalSpirit|Electroweb,FollowMe,Taunt,Protect|||F|||50|,,,,,Dragon]Incineroar||SafetyGoggles|Intimidate|FlareBlitz,KnockOff,PartingShot,FakeOut|||M|||50|,,,,,Ghost]Talonflame||CovertCloak|GaleWings|FlareBlitz,DualWingbeat,WillOWisp,Tailwind|||M|||50|,,,,,Fairy
|showteam|p2|Snorlax||SitrusBerry|ThickFat|Protect,DoubleEdge,HighHorsepower,BellyDrum|||F|||50|,,,,,Poison]Kommo-o||ThroatSpray|Bulletproof|Protect,ClangingScales,AuraSphere,ClangorousSoul|||F|||50|,,,,,Steel]Clefairy||Eviolite|FriendGuard|Protect,FollowMe,Endeavor,LifeDew|||F|||50|,,,,,Grass]Sinistcha||FocusSash|Hospitality|RagePowder,TrickRoom,MatchaGotcha,LifeDew||||||50|,,,,,Fire]Incineroar||SafetyGoggles|Intimidate|KnockOff,FlareBlitz,PartingShot,FakeOut|||F|||50|,,,,,Ghost]Milotic||Leftovers|Competitive|Protect,Scald,DrainingKiss,LifeDew|||M|||50|,,,,,Fairy
|
|t:|1756805421
|teamsize|p1|4
|teamsize|p2|4
|start
|switch|p1a: Talonflame|Talonflame, L50, M|100/100
|switch|p1b: Ursaluna|Ursaluna-Bloodmoon, L50, M|100/100
|switch|p2a: Incineroar|Incineroar, L50, F|100/100
|switch|p2b: Kommo-o|Kommo-o, L50, F|100/100
|-ability|p2a: Incineroar|Intimidate|boost
|-unboost|p1a: Talonflame|atk|1
|-unboost|p1b: Ursaluna|atk|1
|turn|1
|
|t:|1756805467
|move|p1a: Talonflame|Dual Wingbeat|p2b: Kommo-o
|-supereffective|p2b: Kommo-o
|-damage|p2b: Kommo-o|85/100
|-supereffective|p2b: Kommo-o
|-damage|p2b: Kommo-o|69/100
|-hitcount|p2b: Kommo-o|2
|move|p2b: Kommo-o|Clanging Scales|p1a: Talonflame|[spread] p1a,p1b
|-damage|p1a: Talonflame|40/100
|-damage|p1b: Ursaluna|52/100
|-unboost|p2b: Kommo-o|def|1
|-enditem|p2b: Kommo-o|Throat Spray
|-boost|p2b: Kommo-o|spa|1|[from] item: Throat Spray
|move|p1b: Ursaluna|Earth Power|p2b: Kommo-o
|-damage|p2b: Kommo-o|2/100
|-damage|p1b: Ursaluna|43/100|[from] item: Life Orb
|move|p2a: Incineroar|Knock Off|p1a: Talonflame
|-damage|p1a: Talonflame|0 fnt
|-enditem|p1a: Talonflame|Covert Cloak|[from] move: Knock Off|[of] p2a: Incineroar
|faint|p1a: Talonflame
|
|upkeep
|
|t:|1756805485
|switch|p1a: Indeedee|Indeedee, L50, M|100/100
|-fieldstart|move: Psychic Terrain|[from] ability: Psychic Surge|[of] p1a: Indeedee
|turn|2
|
|t:|1756805500
|move|p2b: Kommo-o|Protect|p2b: Kommo-o
|-singleturn|p2b: Kommo-o|Protect
|move|p1a: Indeedee|Expanding Force|p2b: Kommo-o|[spread] 
|-activate|p2b: Kommo-o|move: Protect
|-immune|p2a: Incineroar
|move|p1b: Ursaluna|Earth Power|p2a: Incineroar
|-supereffective|p2a: Incineroar
|-crit|p2a: Incineroar
|-damage|p2a: Incineroar|0 fnt
|faint|p2a: Incineroar
|-damage|p1b: Ursaluna|33/100|[from] item: Life Orb
|
|upkeep
|
|t:|1756805513
|switch|p2a: Sinistcha|Sinistcha, L50|100/100
|-heal|p2b: Kommo-o|27/100|[from] ability: Hospitality|[of] p2a: Sinistcha
|turn|3
|
|t:|1756805529
|-terastallize|p2b: Kommo-o|Steel
|move|p2a: Sinistcha|Rage Powder|p2a: Sinistcha
|-singleturn|p2a: Sinistcha|move: Rage Powder
|move|p1a: Indeedee|Expanding Force|p2b: Kommo-o|[spread] p2a,p2b
|-resisted|p2b: Kommo-o
|-damage|p2a: Sinistcha|53/100
|-damage|p2b: Kommo-o|1/100
|move|p2b: Kommo-o|Clanging Scales|p1a: Indeedee|[spread] p1a,p1b
|-damage|p1a: Indeedee|23/100
|-damage|p1b: Ursaluna|0 fnt
|faint|p1b: Ursaluna
|-unboost|p2b: Kommo-o|def|1
|
|upkeep
|
|t:|1756805540
|switch|p1b: Sneasler|Sneasler, L50, F|100/100
|-enditem|p1b: Sneasler|Psychic Seed
|-boost|p1b: Sneasler|spd|1|[from] item: Psychic Seed
|turn|4
|
|t:|1756805571
|switch|p2b: Milotic|Milotic, L50, M|100/100
|-terastallize|p1b: Sneasler|Dark
|move|p1b: Sneasler|Throat Chop|p2a: Sinistcha
|-supereffective|p2a: Sinistcha
|-damage|p2a: Sinistcha|0 fnt
|faint|p2a: Sinistcha
|move|p1a: Indeedee|Expanding Force|p2b: Milotic
|-damage|p2b: Milotic|48/100
|
|-heal|p2b: Milotic|54/100|[from] item: Leftovers
|upkeep
|
|t:|1756805581
|switch|p2a: Kommo-o|Kommo-o, L50, F, tera:Steel|1/100
|turn|5
|
|t:|1756805601
|move|p2a: Kommo-o|Protect|p2a: Kommo-o
|-singleturn|p2a: Kommo-o|Protect
|move|p1b: Sneasler|Throat Chop|p2b: Milotic
|-damage|p2b: Milotic|9/100
|-start|p2b: Milotic|Throat Chop|[silent]
|move|p1a: Indeedee|Expanding Force|p2b: Milotic|[spread] p2b
|-activate|p2a: Kommo-o|move: Protect
|-damage|p2b: Milotic|0 fnt
|faint|p2b: Milotic
|
|upkeep
|turn|6
|
|t:|1756805613
|move|p1b: Sneasler|Throat Chop|p2a: Kommo-o
|-damage|p2a: Kommo-o|0 fnt
|faint|p2a: Kommo-o
|
|win|rdw39
|raw|rdw39's rating: 1044 → 1076(+32 for winning)
|raw|ZNX Ferro's rating: 1029 → 1015(-14 for losing)
|l|☆ZNX Ferro
|player|p2|
