|j|☆CretaceousDraconid
|j|☆PuppinMusic
|html|CretaceousDraconidPuppinMusic    
|uhtml|bestof|Game 1 of a best-of-3
|t:|1757832128
|gametype|doubles
|player|p1|CretaceousDraconid|zinnia-masters|1198
|player|p2|PuppinMusic|guitarist|1100
|gen|9
|tier|[Gen 9] VGC 2025 Reg H (Bo3)
|rated|
|rule|Species Clause: Limit one of each Pokémon
|rule|Item Clause: Limit 1 of each item
|clearpoke
|poke|p1|Whimsicott, L50, F|
|poke|p1|Incineroar, L50, M|
|poke|p1|Salamence, L50, M|
|poke|p1|Garchomp, L50, M|
|poke|p1|Sneasler, L50, F|
|poke|p1|Ninetales-Alola, L50, F|
|poke|p2|Annihilape, L50, F|
|poke|p2|Maushold, L50|
|poke|p2|Ninetales-Alola, L50, F|
|poke|p2|Sneasler, L50, M|
|poke|p2|Rillaboom, L50, M|
|poke|p2|Talonflame, L50, F|
|teampreview|4
|showteam|p1|Whimsicott||CovertCloak|Prankster|Tailwind,Moonblast,Encore,Taunt|||F|||50|,,,,,Water]Incineroar||SafetyGoggles|Intimidate|FakeOut,Taunt,PartingShot,KnockOff|||M|||50|,,,,,Ghost]Salamence||ChoiceSpecs|Intimidate|Hurricane,HeatWave,DracoMeteor,HydroPump|||M|||50|,,,,,Fire]Garchomp||LoadedDice|RoughSkin|StompingTantrum,Earthquake,ScaleShot,Protect|||M|||50|,,,,,Ghost]Sneasler||FocusSash|PoisonTouch|DireClaw,CloseCombat,Coaching,Protect|||F|||50|,,,,,Fairy]Ninetales-Alola||NeverMeltIce|SnowWarning|FreezeDry,Blizzard,AuroraVeil,Protect|||F|||50|,,,,,Ghost
|showteam|p2|Annihilape||Leftovers|Defiant|BulkUp,RageFist,DrainPunch,Protect|||F|||50|,,,,,Fire]Maushold||SafetyGoggles|FriendGuard|FollowMe,Encore,BeatUp,Protect||||||50|,,,,,Dark]Ninetales-Alola||LightClay|SnowWarning|AuroraVeil,Blizzard,IcyWind,Encore|||F|||50|,,,,,Ghost]Sneasler||GrassySeed|Unburden|FakeOut,DireClaw,CloseCombat,Protect|||M|||50|,,,,,Stellar]Rillaboom||AssaultVest|GrassySurge|FakeOut,GrassyGlide,WoodHammer,Uturn|||M|||50|,,,,,Fire]Talonflame||CovertCloak|GaleWings|Tailwind,DualWingbeat,Taunt,Protect|||F|||50|,,,,,Dark
|inactive|Battle timer is ON: inactive players will automatically lose when time's up. (requested by PuppinMusic)
|inactive|CretaceousDraconid has 60 seconds left.
|inactive|PuppinMusic has 60 seconds left.
|inactive|PuppinMusic has 30 seconds left.
|
|t:|1757832190
|teamsize|p1|4
|teamsize|p2|4
|start
|switch|p1a: TheFuckYouGuy|Sneasler, L50, F|100/100
|switch|p1b: Garchomp|Garchomp, L50, M|100/100
|switch|p2a: Annihilape|Annihilape, L50, F, shiny|100/100
|switch|p2b: Maushold|Maushold, L50|100/100
|turn|1
|inactive|PuppinMusic has 30 seconds left.
|
|t:|1757832216
|move|p1a: TheFuckYouGuy|Close Combat|p2b: Maushold
|-supereffective|p2b: Maushold
|-damage|p2b: Maushold|0 fnt
|-unboost|p1a: TheFuckYouGuy|def|1
|-unboost|p1a: TheFuckYouGuy|spd|1
|faint|p2b: Maushold
|move|p1b: Garchomp|Scale Shot|p2a: Annihilape
|-damage|p2a: Annihilape|86/100
|-damage|p2a: Annihilape|74/100
|-damage|p2a: Annihilape|59/100
|-damage|p2a: Annihilape|47/100
|-hitcount|p2a: Annihilape|4
|-unboost|p1b: Garchomp|def|1
|-boost|p1b: Garchomp|spe|1
|move|p2a: Annihilape|Rage Fist|p1a: TheFuckYouGuy
|-enditem|p1a: TheFuckYouGuy|Focus Sash
|-damage|p1a: TheFuckYouGuy|1/100
|
|-heal|p2a: Annihilape|53/100|[from] item: Leftovers
|upkeep
|inactive|PuppinMusic has 30 seconds left.
|
|t:|1757832243
|switch|p2b: Talonflame|Talonflame, L50, F|100/100
|turn|2
|
|t:|1757832252
|move|p1b: Garchomp|Protect|p1b: Garchomp
|-singleturn|p1b: Garchomp|Protect
|move|p2a: Annihilape|Protect|p2a: Annihilape
|-singleturn|p2a: Annihilape|Protect
|move|p2b: Talonflame|Dual Wingbeat|p1a: TheFuckYouGuy
|-supereffective|p1a: TheFuckYouGuy
|-damage|p1a: TheFuckYouGuy|0 fnt
|faint|p1a: TheFuckYouGuy
|-hitcount|p1: TheFuckYouGuy|1
|
|-heal|p2a: Annihilape|59/100|[from] item: Leftovers
|upkeep
|
|t:|1757832260
|switch|p1a: Whimsicott|Whimsicott, L50, F|100/100
|turn|3
|
|t:|1757832276
|switch|p2a: Ninetales|Ninetales-Alola, L50, F|100/100
|-weather|Snowscape|[from] ability: Snow Warning|[of] p2a: Ninetales
|move|p2b: Talonflame|Tailwind|p2b: Talonflame
|-sidestart|p2: PuppinMusic|move: Tailwind
|move|p1a: Whimsicott|Tailwind|p1a: Whimsicott
|-sidestart|p1: CretaceousDraconid|move: Tailwind
|move|p1b: Garchomp|Scale Shot|p2b: Talonflame
|-damage|p2b: Talonflame|81/100
|-damage|p2b: Talonflame|59/100
|-damage|p2b: Talonflame|37/100
|-damage|p2b: Talonflame|16/100
|-damage|p2b: Talonflame|0 fnt
|faint|p2b: Talonflame
|-hitcount|p2: Talonflame|5
|-unboost|p1b: Garchomp|def|1
|-boost|p1b: Garchomp|spe|1
|
|-weather|Snowscape|[upkeep]
|upkeep
|
|t:|1757832290
|switch|p2b: Annihilape|Annihilape, L50, F, shiny|59/100
|turn|4
|
|t:|1757832300
|move|p1b: Garchomp|Protect|p1b: Garchomp
|-singleturn|p1b: Garchomp|Protect
|move|p1a: Whimsicott|Taunt|p2a: Ninetales
|-start|p2a: Ninetales|move: Taunt
|cant|p2a: Ninetales|move: Taunt|Aurora Veil
|move|p2b: Annihilape|Rage Fist|p1b: Garchomp
|-activate|p1b: Garchomp|move: Protect
|
|-weather|Snowscape|[upkeep]
|-heal|p2b: Annihilape|65/100|[from] item: Leftovers
|upkeep
|turn|5
|
|t:|1757832319
|move|p1b: Garchomp|Earthquake|p2b: Annihilape|[spread] p1a,p2a,p2b
|-resisted|p1a: Whimsicott
|-damage|p1a: Whimsicott|78/100
|-damage|p2a: Ninetales|67/100
|-damage|p2b: Annihilape|27/100
|move|p1a: Whimsicott|Moonblast|p2b: Annihilape
|-supereffective|p2b: Annihilape
|-damage|p2b: Annihilape|0 fnt
|faint|p2b: Annihilape
|move|p2a: Ninetales|Blizzard|p1b: Garchomp|[spread] p1a,p1b
|-supereffective|p1a: Whimsicott
|-supereffective|p1b: Garchomp
|-damage|p1a: Whimsicott|6/100
|-damage|p1b: Garchomp|0 fnt
|faint|p1b: Garchomp
|
|-weather|Snowscape|[upkeep]
|upkeep
|
|t:|1757832327
|switch|p1b: Salamence|Salamence, L50, M|100/100
|-ability|p1b: Salamence|Intimidate|boost
|-unboost|p2a: Ninetales|atk|1
|turn|6
|
|t:|1757832347
|-terastallize|p2a: Ninetales|Ghost
|-terastallize|p1b: Salamence|Fire
|move|p1a: Whimsicott|Moonblast|p2a: Ninetales
|-damage|p2a: Ninetales|38/100
|-unboost|p2a: Ninetales|spa|1
|move|p2a: Ninetales|Blizzard|p1b: Salamence|[spread] p1a,p1b
|-supereffective|p1a: Whimsicott
|-resisted|p1b: Salamence
|-damage|p1a: Whimsicott|0 fnt
|-damage|p1b: Salamence|90/100
|faint|p1a: Whimsicott
|move|p1b: Salamence|Heat Wave|p2a: Ninetales
|-damage|p2a: Ninetales|0 fnt
|faint|p2a: Ninetales
|
|win|CretaceousDraconid
||PuppinMusic is ready for game 2.
||CretaceousDraconid is ready for game 2.
|uhtml|next|Next: Game 2 of 3
