|j|☆danicruz.music
|j|☆quain4
|html|danicruz.musicquain4    
|uhtml|bestof|Game 1 of a best-of-3
|t:|1757713449
|gametype|doubles
|player|p1|danicruz.music|whitney|1216
|player|p2|quain4|169|1180
|gen|9
|tier|[Gen 9] VGC 2025 Reg H (Bo3)
|rated|
|rule|Species Clause: Limit one of each Pokémon
|rule|Item Clause: Limit 1 of each item
|clearpoke
|poke|p1|Dondozo, L50, F|
|poke|p1|Tatsugiri-Stretchy, L50, F|
|poke|p1|Pelipper, L50, M|
|poke|p1|Archaludon, L50, M|
|poke|p1|Weezing-Galar, L50, F|
|poke|p1|Dragapult, L50, F|
|poke|p2|Amoonguss, L50, M|
|poke|p2|Mandibuzz, L50, F|
|poke|p2|Ursaluna-Bloodmoon, L50, M|
|poke|p2|Archaludon, L50, F|
|poke|p2|Zoroark-Hisui, L50, M|
|poke|p2|Sneasler, L50, M|
|teampreview|4
|showteam|p1|Dondozo||Leftovers|Unaware|WaveCrash,Earthquake,OrderUp,Protect|||F|||50|,,,,,Ground]Tatsugiri-Stretchy||FocusSash|Commander|DragonPulse,MirrorCoat,MuddyWater,IcyWind|||F|||50|,,,,,Fairy]Pelipper||CovertCloak|Drizzle|Hurricane,WeatherBall,WideGuard,Tailwind|||M|||50|,,,,,Fire]Archaludon||PowerHerb|Stalwart|ElectroShot,FlashCannon,DracoMeteor,Protect|||M|||50|,,,,,Electric]Weezing-Galar||RockyHelmet|NeutralizingGas|DazzlingGleam,PoisonGas,SludgeBomb,Protect|||F|||50|,,,,,Flying]Dragapult||LifeOrb|ClearBody|DragonDarts,Protect,PhantomForce,TeraBlast|||F|||50|,,,,,Fighting
|showteam|p2|Amoonguss||SitrusBerry|Regenerator|Protect,Spore,RagePowder,PollenPuff|||M|||50|,,,,,Water]Mandibuzz||AguavBerry|Overcoat|Protect,FoulPlay,Snarl,Tailwind|||F|||50|,,,,,Steel]Ursaluna-Bloodmoon||LifeOrb|MindsEye|BloodMoon,HyperVoice,Protect,EarthPower|||M|||50|,,,,,Ghost]Archaludon||PowerHerb|Sturdy|ElectroShot,FlashCannon,DracoMeteor,Protect|||F|||50|,,,,,Electric]Zoroark-Hisui||FocusSash|Illusion|Protect,HyperVoice,NastyPlot,BitterMalice|||M|||50|,,,,,Normal]Sneasler||WhiteHerb|Unburden|Protect,ThroatChop,CloseCombat,DireClaw|||M|||50|,,,,,Dark
|inactive|Battle timer is ON: inactive players will automatically lose when time's up. (requested by quain4)
|inactive|danicruz.music also wants the timer to be on.
|
|t:|1757713478
|teamsize|p1|4
|teamsize|p2|4
|start
|switch|p1a: Weezing|Weezing-Galar, L50, F|100/100
|switch|p1b: Dragapult|Dragapult, L50, F|100/100
|switch|p2a: Amoonguss|Amoonguss, L50, M|100/100
|switch|p2b: Ursaluna|Ursaluna-Bloodmoon, L50, M|100/100
|-ability|p1a: Weezing|Neutralizing Gas
|turn|1
|inactive|danicruz.music has 30 seconds left.
|inactive|danicruz.music has 20 seconds left.
|
|t:|1757713517
|move|p1b: Dragapult|Protect|p1b: Dragapult
|-singleturn|p1b: Dragapult|Protect
|move|p2b: Ursaluna|Protect|p2b: Ursaluna
|-singleturn|p2b: Ursaluna|Protect
|move|p1a: Weezing|Dazzling Gleam|p2b: Ursaluna|[spread] p2a
|-activate|p2b: Ursaluna|move: Protect
|-resisted|p2a: Amoonguss
|-damage|p2a: Amoonguss|91/100
|move|p2a: Amoonguss|Spore|p1b: Dragapult
|-activate|p1b: Dragapult|move: Protect
|
|upkeep
|turn|2
|
|t:|1757713540
|-terastallize|p1b: Dragapult|Fighting
|move|p1b: Dragapult|Tera Blast|p2b: Ursaluna|[anim] Tera Blast Fighting
|-supereffective|p2b: Ursaluna
|-crit|p2b: Ursaluna
|-damage|p2b: Ursaluna|0 fnt
|faint|p2b: Ursaluna
|-damage|p1b: Dragapult|91/100|[from] item: Life Orb
|move|p1a: Weezing|Sludge Bomb|p2a: Amoonguss
|-damage|p2a: Amoonguss|64/100
|move|p2a: Amoonguss|Spore|p1b: Dragapult
|-status|p1b: Dragapult|slp|[from] move: Spore
|
|upkeep
|
|t:|1757713555
|switch|p2b: Sneasler|Sneasler, L50, M|100/100
|turn|3
|
|t:|1757713565
|cant|p1b: Dragapult|slp
|move|p2b: Sneasler|Close Combat|p1b: Dragapult
|-damage|p1b: Dragapult|0 fnt
|-unboost|p2b: Sneasler|def|1
|-unboost|p2b: Sneasler|spd|1
|faint|p1b: Dragapult
|-enditem|p2b: Sneasler|White Herb
|-clearnegativeboost|p2b: Sneasler|[silent]
|move|p1a: Weezing|Dazzling Gleam|p2a: Amoonguss|[spread] p2a,p2b
|-resisted|p2a: Amoonguss
|-damage|p2a: Amoonguss|57/100
|-damage|p2b: Sneasler|66/100
|move|p2a: Amoonguss|Spore|p1a: Weezing
|-status|p1a: Weezing|slp|[from] move: Spore
|
|upkeep
|
|t:|1757713580
|switch|p1b: Dondozo|Dondozo, L50, F|100/100
|turn|4
|
|t:|1757713596
|move|p2b: Sneasler|Protect|p2b: Sneasler
|-singleturn|p2b: Sneasler|Protect
|move|p1b: Dondozo|Protect|p1b: Dondozo
|-singleturn|p1b: Dondozo|Protect
|cant|p1a: Weezing|slp
|move|p2a: Amoonguss|Spore|p1b: Dondozo
|-activate|p1b: Dondozo|move: Protect
|
|upkeep
|turn|5
|
|t:|1757713608
|-end|p1a: Weezing|ability: Neutralizing Gas
|switch|p1a: Tatsugiri|Tatsugiri-Stretchy, L50, F|100/100
|-activate|p1a: Tatsugiri|ability: Commander|[of] p1b: Dondozo
|-boost|p1b: Dondozo|atk|2
|-boost|p1b: Dondozo|spa|2
|-boost|p1b: Dondozo|spe|2
|-boost|p1b: Dondozo|def|2
|-boost|p1b: Dondozo|spd|2
|move|p2b: Sneasler|Dire Claw|p1a: Tatsugiri|[miss]
|-miss|p2b: Sneasler|p1a: Tatsugiri
|move|p1b: Dondozo|Earthquake|p2a: Amoonguss|[spread] p2a,p2b
|-miss|p1b: Dondozo|p1a: Tatsugiri
|-supereffective|p2b: Sneasler
|-damage|p2a: Amoonguss|9/100
|-damage|p2b: Sneasler|0 fnt
|-enditem|p2a: Amoonguss|Sitrus Berry|[eat]
|-heal|p2a: Amoonguss|34/100|[from] item: Sitrus Berry
|faint|p2b: Sneasler
|move|p2a: Amoonguss|Spore|p1b: Dondozo
|-status|p1b: Dondozo|slp|[from] move: Spore
|
|upkeep
|
|t:|1757713611
|switch|p2b: Archaludon|Archaludon, L50, F|100/100
|turn|6
|
|t:|1757713624
|-terastallize|p2b: Archaludon|Electric
|move|p2a: Amoonguss|Protect|p2a: Amoonguss
|-singleturn|p2a: Amoonguss|Protect
|move|p2b: Archaludon|Electro Shot||[still]
|-prepare|p2b: Archaludon|Electro Shot
|-boost|p2b: Archaludon|spa|1
|-enditem|p2b: Archaludon|Power Herb
|-anim|p2b: Archaludon|Electro Shot|p1b: Dondozo
|-supereffective|p1b: Dondozo
|-damage|p1b: Dondozo|30/100 slp
|cant|p1b: Dondozo|slp
|
|-heal|p1b: Dondozo|36/100 slp|[from] item: Leftovers
|upkeep
|turn|7
|
|t:|1757713642
|move|p2b: Archaludon|Electro Shot||[still]
|-prepare|p2b: Archaludon|Electro Shot
|-boost|p2b: Archaludon|spa|1
|cant|p1b: Dondozo|slp
|move|p2a: Amoonguss|Pollen Puff|p1b: Dondozo
|-damage|p1b: Dondozo|27/100 slp
|
|-heal|p1b: Dondozo|34/100 slp|[from] item: Leftovers
|upkeep
|turn|8
|
|t:|1757713649
|cant|p1b: Dondozo|slp
|move|p2a: Amoonguss|Protect|p2a: Amoonguss
|-singleturn|p2a: Amoonguss|Protect
|move|p2b: Archaludon|Electro Shot|p1b: Dondozo|[from] lockedmove
|-supereffective|p1b: Dondozo
|-damage|p1b: Dondozo|0 fnt
|faint|p1b: Dondozo
|
|upkeep
|
|t:|1757713652
|switch|p1b: Weezing|Weezing-Galar, L50, F|100/100 slp
|-ability|p1b: Weezing|Neutralizing Gas
|turn|9
|
|t:|1757713669
|cant|p1b: Weezing|slp
|move|p2b: Archaludon|Draco Meteor|p1a: Tatsugiri
|-supereffective|p1a: Tatsugiri
|-enditem|p1a: Tatsugiri|Focus Sash
|-damage|p1a: Tatsugiri|1/100
|-unboost|p2b: Archaludon|spa|2
|move|p2a: Amoonguss|Pollen Puff|p1a: Tatsugiri
|-damage|p1a: Tatsugiri|0 fnt
|faint|p1a: Tatsugiri
|
|upkeep
|turn|10
|-message|danicruz.music forfeited.
|
|win|quain4
|l|☆danicruz.music
|player|p1|
||danicruz.music is ready for game 2.
||quain4 is ready for game 2.
|uhtml|next|Next: Game 2 of 3
