|j|☆Sedrav
|j|☆P!nkbearz07
|html|SedravP!nkbearz07    
|uhtml|bestof|Game 1 of a best-of-3
|t:|1756951096
|gametype|doubles
|player|p1|Sedrav|265|1175
|player|p2|P!nkbearz07|marlon|1077
|gen|9
|tier|[Gen 9] VGC 2025 Reg H (Bo3)
|rated|
|rule|Species Clause: Limit one of each Pokémon
|rule|Item Clause: Limit 1 of each item
|clearpoke
|poke|p1|Garchomp, L50, F|
|poke|p1|Talonflame, L50, M|
|poke|p1|Gholdengo, L50|
|poke|p1|Tyranitar, L50, M|
|poke|p1|Amoonguss, L50, F|
|poke|p1|Milotic, L50, M|
|poke|p2|Garchomp, L50, M|
|poke|p2|Hydreigon, L50, M|
|poke|p2|Clefable, L50, M|
|poke|p2|Tyranitar, L50, F|
|poke|p2|Rillaboom, L50, F|
|poke|p2|Empoleon, L50, F|
|teampreview|4
|showteam|p1|Garchomp||LifeOrb|RoughSkin|DragonClaw,StompingTantrum,Earthquake,Protect|||F|||50|,,,,,Fairy]Talonflame||CovertCloak|GaleWings|BraveBird,Tailwind,WillOWisp,Taunt|||M|||50|,,,,,Grass]Gholdengo||MetalCoat|GoodasGold|MakeItRain,ShadowBall,NastyPlot,Protect||||||50|,,,,,Flying]Tyranitar||AssaultVest|SandStream|RockSlide,KnockOff,LowKick,TeraBlast|||M|||50|,,,,,Flying]Amoonguss||SitrusBerry|Regenerator|Spore,RagePowder,PollenPuff,Protect|||F|||50|,,,,,Water]Milotic||SafetyGoggles|Competitive|Scald,IcyWind,Haze,Protect|||M|||50|,,,,,Dragon
|showteam|p2|Garchomp||LifeOrb|SandVeil|Protect,StompingTantrum,DragonClaw,Earthquake|||M|||50|,,,,,Steel]Hydreigon||ChoiceSpecs|Levitate|HeatWave,Snarl,DarkPulse,DracoMeteor|||M|||50|,,,,,Fire]Clefable||SitrusBerry|Unaware|Protect,FollowMe,MistyTerrain,Moonblast|||M|||50|,,,,,Water]Tyranitar||AssaultVest|SandStream|RockSlide,KnockOff,TeraBlast,LowKick|||F|||50|,,,,,Flying]Rillaboom||MiracleSeed|GrassySurge|FakeOut,DrumBeating,GrassPledge,Protect|||F|||50|,,,,,Fire]Empoleon||CovertCloak|Competitive|WaterPledge,FlashCannon,IceBeam,Protect|||F|||50|,,,,,Bug
|inactive|Battle timer is ON: inactive players will automatically lose when time's up. (requested by P!nkbearz07)
|inactive|P!nkbearz07 has 60 seconds left.
|
|t:|1756951153
|teamsize|p1|4
|teamsize|p2|4
|start
|switch|p1a: Gholdengo|Gholdengo, L50|100/100
|switch|p1b: Tyranitar|Tyranitar, L50, M|100/100
|switch|p2a: Rillaboom|Rillaboom, L50, F|100/100
|switch|p2b: Atlantis|Empoleon, L50, F, shiny|100/100
|-fieldstart|move: Grassy Terrain|[from] ability: Grassy Surge|[of] p2a: Rillaboom
|-weather|Sandstorm|[from] ability: Sand Stream|[of] p1b: Tyranitar
|turn|1
|inactive|Sedrav has 30 seconds left.
|
|t:|1756951186
|-terastallize|p1b: Tyranitar|Flying
|move|p1a: Gholdengo|Shadow Ball|p2b: Atlantis
|-crit|p2b: Atlantis
|-damage|p2b: Atlantis|50/100
|move|p2a: Rillaboom|Grass Pledge|p1b: Tyranitar
|-waiting|p2a: Rillaboom|p2b: Atlantis
|move|p2b: Atlantis|Water Pledge|p1b: Tyranitar|[from] move: Grass Pledge
|-combine
|-resisted|p1b: Tyranitar
|-damage|p1b: Tyranitar|77/100
|-sidestart|p1: Sedrav|Grass Pledge
|move|p1b: Tyranitar|Low Kick|p2b: Atlantis
|-supereffective|p2b: Atlantis
|-damage|p2b: Atlantis|0 fnt
|faint|p2b: Atlantis
|
|-weather|Sandstorm|[upkeep]
|-damage|p2a: Rillaboom|94/100|[from] Sandstorm
|-damage|p1b: Tyranitar|72/100|[from] Sandstorm
|-heal|p2a: Rillaboom|100/100|[from] Grassy Terrain
|upkeep
|
|t:|1756951200
|switch|p2b: Hydreigon|Hydreigon, L50, M|100/100
|turn|2
|inactive|Sedrav has 30 seconds left.
|
|t:|1756951229
|-terastallize|p2b: Hydreigon|Fire
|move|p1a: Gholdengo|Protect|p1a: Gholdengo
|-singleturn|p1a: Gholdengo|Protect
|move|p2b: Hydreigon|Heat Wave|p1a: Gholdengo|[spread] p1b
|-activate|p1a: Gholdengo|move: Protect
|-damage|p1b: Tyranitar|35/100
|move|p2a: Rillaboom|Drum Beating|p1b: Tyranitar
|-resisted|p1b: Tyranitar
|-damage|p1b: Tyranitar|11/100
|-unboost|p1b: Tyranitar|spe|1
|move|p1b: Tyranitar|Low Kick|p2b: Hydreigon
|-damage|p2b: Hydreigon|59/100
|
|-weather|Sandstorm|[upkeep]
|-damage|p2b: Hydreigon|53/100|[from] Sandstorm
|-damage|p2a: Rillaboom|94/100|[from] Sandstorm
|-damage|p1b: Tyranitar|5/100|[from] Sandstorm
|-heal|p2a: Rillaboom|100/100|[from] Grassy Terrain
|upkeep
|turn|3
|
|t:|1756951250
|switch|p1a: Garchomp|Garchomp, L50, F|100/100
|move|p2b: Hydreigon|Heat Wave|p1b: Tyranitar|[spread] p1b
|-miss|p2b: Hydreigon|p1a: Garchomp
|-damage|p1b: Tyranitar|0 fnt
|faint|p1b: Tyranitar
|move|p2a: Rillaboom|Drum Beating|p1a: Garchomp
|-damage|p1a: Garchomp|39/100
|-unboost|p1a: Garchomp|spe|1
|
|-weather|Sandstorm|[upkeep]
|-damage|p2b: Hydreigon|48/100|[from] Sandstorm
|-damage|p2a: Rillaboom|94/100|[from] Sandstorm
|-heal|p2a: Rillaboom|100/100|[from] Grassy Terrain
|-heal|p1a: Garchomp|45/100|[from] Grassy Terrain
|upkeep
|
|t:|1756951263
|switch|p1b: Talonflame|Talonflame, L50, M|100/100
|turn|4
|
|t:|1756951281
|move|p1a: Garchomp|Protect|p1a: Garchomp
|-singleturn|p1a: Garchomp|Protect
|move|p1b: Talonflame|Brave Bird|p2b: Hydreigon
|-damage|p2b: Hydreigon|0 fnt
|faint|p2b: Hydreigon
|-damage|p1b: Talonflame|84/100|[from] Recoil
|move|p2a: Rillaboom|Drum Beating|p1b: Talonflame
|-resisted|p1b: Talonflame
|-damage|p1b: Talonflame|62/100
|
|-weather|Sandstorm|[upkeep]
|-damage|p2a: Rillaboom|94/100|[from] Sandstorm
|-damage|p1b: Talonflame|56/100|[from] Sandstorm
|-heal|p2a: Rillaboom|100/100|[from] Grassy Terrain
|-heal|p1a: Garchomp|50/100|[from] Grassy Terrain
|-sideend|p1: Sedrav|Grass Pledge
|upkeep
|
|t:|1756951287
|switch|p2b: Garchomp|Garchomp, L50, M|100/100
|turn|5
|inactive|Sedrav has 30 seconds left.
|inactive|P!nkbearz07 has 30 seconds left.
|inactive|Sedrav has 20 seconds left.
|inactive|Sedrav has 15 seconds left.
|
|t:|1756951327
|switch|p1a: Gholdengo|Gholdengo, L50|100/100
|move|p1b: Talonflame|Tailwind|p1b: Talonflame
|-sidestart|p1: Sedrav|move: Tailwind
|move|p2b: Garchomp|Dragon Claw|p1b: Talonflame
|-damage|p1b: Talonflame|0 fnt
|faint|p1b: Talonflame
|-damage|p2b: Garchomp|91/100|[from] item: Life Orb
|move|p2a: Rillaboom|Drum Beating|p1a: Gholdengo
|-resisted|p1a: Gholdengo
|-damage|p1a: Gholdengo|67/100
|-unboost|p1a: Gholdengo|spe|1
|
|-weather|none
|-heal|p1a: Gholdengo|73/100|[from] Grassy Terrain
|-heal|p2b: Garchomp|97/100|[from] Grassy Terrain
|-fieldend|move: Grassy Terrain
|upkeep
|
|t:|1756951342
|switch|p1b: Garchomp|Garchomp, L50, F|50/100
|turn|6
|
|t:|1756951357
|move|p2b: Garchomp|Protect|p2b: Garchomp
|-singleturn|p2b: Garchomp|Protect
|move|p1b: Garchomp|Dragon Claw|p2b: Garchomp
|-activate|p2b: Garchomp|move: Protect
|move|p1a: Gholdengo|Nasty Plot|p1a: Gholdengo
|-boost|p1a: Gholdengo|spa|2
|move|p2a: Rillaboom|Drum Beating|p1b: Garchomp
|-damage|p1b: Garchomp|0 fnt
|faint|p1b: Garchomp
|
|upkeep
|turn|7
|
|t:|1756951373
|move|p1a: Gholdengo|Make It Rain|p2b: Garchomp|[spread] p2a,p2b
|-damage|p2a: Rillaboom|0 fnt
|-damage|p2b: Garchomp|0 fnt
|-unboost|p1a: Gholdengo|spa|1
|faint|p2a: Rillaboom
|faint|p2b: Garchomp
|
|win|Sedrav
