|j|☆OdieVGC
|j|☆KhristianVG
|html|OdieVGCKhristianVG    
|uhtml|bestof|Game 2 of a best-of-3
|t:|1783026854
|gametype|doubles
|player|p1|OdieVGC|265|1095
|player|p2|KhristianVG|nate|1205
|gen|9
|tier|[Gen 9 Champions] VGC 2026 Reg M-B (Bo3)
|rated|
|rule|Species Clause: Limit one of each Pokémon
|rule|Item Clause: Limit 1 of each item
|clearpoke
|poke|p1|Primarina, L50, M|
|poke|p1|Staraptor, L50, M, shiny|
|poke|p1|Delphox, L50, F, shiny|
|poke|p1|Garchomp, L50, F|
|poke|p1|Grimmsnarl, L50, M|
|poke|p1|Sinistcha-Masterpiece, L50, shiny|
|poke|p2|Charizard, L50, M|
|poke|p2|Whimsicott, L50, M|
|poke|p2|Floette-Eternal, L50, F|
|poke|p2|Basculegion, L50, M|
|poke|p2|Garchomp, L50, F|
|poke|p2|Kingambit, L50, M, shiny|
|teampreview|4
|showteam|p1|Primarina||Leftovers|LiquidVoice|Protect,HyperVoice,CalmMind,Moonblast|Modest||M|||50|]Staraptor||Staraptite|Intimidate|Protect,BraveBird,Tailwind,CloseCombat|Jolly||M|||50|]Delphox||Delphoxite|Blaze|Protect,HeatWave,Encore,Psychic|Timid||F|||50|]Garchomp||LifeOrb|RoughSkin|Protect,DragonClaw,RockSlide,StompingTantrum|Jolly||F|||50|]Grimmsnarl||LightClay|Prankster|SpiritBreak,Reflect,LightScreen,PartingShot|Careful||M|||50|]Sinistcha-Masterpiece||KasibBerry|Hospitality|Protect,MatchaGotcha,RagePowder,StrengthSap|Bold|||||50|
|showteam|p2|Charizard||CharizarditeY|Blaze|HeatWave,SolarBeam,WeatherBall,Protect|Modest||M|||50|]Whimsicott||FocusSash|Prankster|Moonblast,Encore,Tailwind,Protect|Timid||M|||50|]Floette-Eternal||Floettite|FlowerVeil|Moonblast,DazzlingGleam,LightofRuin,Protect|Modest||F|||50|]Basculegion||MysticWater|Adaptability|WaveCrash,AquaJet,LastRespects,Protect|Adamant||M|||50|]Garchomp||LifeOrb|RoughSkin|DragonClaw,Earthquake,RockSlide,Protect|Jolly||F|||50|]Kingambit||BlackGlasses|Defiant|KowtowCleave,SuckerPunch,IronHead,Protect|Adamant||M|||50|
|inactive|Battle timer is ON: inactive players will automatically lose when time's up. (requested by KhristianVG)
|inactive|OdieVGC has 60 seconds left.
|inactive|OdieVGC has 30 seconds left.
|inactive|OdieVGC has 20 seconds left.
|inactive|OdieVGC has 15 seconds left.
|inactive|OdieVGC has 10 seconds left.
|
|t:|1783026935
|teamsize|p1|4
|teamsize|p2|4
|start
|switch|p1a: Staraptor|Staraptor, L50, M, shiny|100/100
|switch|p1b: Grimmsnarl|Grimmsnarl, L50, M|100/100
|switch|p2a: Whimsicott|Whimsicott, L50, M|100/100
|switch|p2b: Basculegion|Basculegion, L50, M|100/100
|-ability|p1a: Staraptor|Intimidate|boost
|-unboost|p2a: Whimsicott|atk|1
|-unboost|p2b: Basculegion|atk|1
|turn|1
|inactive|OdieVGC has 30 seconds left.
|inactive|OdieVGC has 20 seconds left.
|
|t:|1783026971
|detailschange|p1a: Staraptor|Staraptor-Mega, L50, M, shiny
|-mega|p1a: Staraptor|Staraptor|Staraptite
|move|p1b: Grimmsnarl|Light Screen|p1b: Grimmsnarl
|-sidestart|p1: OdieVGC|move: Light Screen
|move|p2a: Whimsicott|Moonblast|p1a: Staraptor
|-supereffective|p1a: Staraptor|1
|-damage|p1a: Staraptor|42/100
|move|p1a: Staraptor|Close Combat|p2a: Whimsicott
|-resisted|p2a: Whimsicott|1
|-damage|p2a: Whimsicott|52/100
|-boost|p1a: Staraptor|def|1
|-boost|p1a: Staraptor|spd|1
|move|p2b: Basculegion|Wave Crash|p1a: Staraptor
|-damage|p1a: Staraptor|0 fnt
|faint|p1a: Staraptor
|-damage|p2b: Basculegion|89/100|[from] Recoil
|
|upkeep
|
|t:|1783026984
|switch|p1a: Primarina|Primarina, L50, M|100/100
|turn|2
|inactive|OdieVGC has 30 seconds left.
|
|t:|1783027015
|move|p2a: Whimsicott|Moonblast|p1b: Grimmsnarl
|-supereffective|p1b: Grimmsnarl|1
|-damage|p1b: Grimmsnarl|54/100
|-unboost|p1b: Grimmsnarl|spa|1
|move|p2b: Basculegion|Wave Crash|p1b: Grimmsnarl
|-damage|p1b: Grimmsnarl|0 fnt
|faint|p1b: Grimmsnarl
|-damage|p2b: Basculegion|71/100|[from] Recoil
|move|p1a: Primarina|Calm Mind|p1a: Primarina
|-boost|p1a: Primarina|spa|1
|-boost|p1a: Primarina|spd|1
|
|upkeep
|
|t:|1783027026
|switch|p1b: Sinistcha|Sinistcha-Masterpiece, L50, shiny|100/100
|turn|3
|
|t:|1783027047
|move|p2a: Whimsicott|Moonblast|p1b: Sinistcha
|-damage|p1b: Sinistcha|74/100
|move|p2b: Basculegion|Last Respects|p1b: Sinistcha
|-supereffective|p1b: Sinistcha|1
|-enditem|p1b: Sinistcha|Kasib Berry|[eat]
|-enditem|p1b: Sinistcha|Kasib Berry|[weaken]
|-damage|p1b: Sinistcha|58/100
|move|p1a: Primarina|Moonblast|p2b: Basculegion
|-crit|p2b: Basculegion
|-damage|p2b: Basculegion|0 fnt
|faint|p2b: Basculegion
|move|p1b: Sinistcha|Strength Sap|p2a: Whimsicott
|-unboost|p2a: Whimsicott|atk|1
|-heal|p1b: Sinistcha|88/100
|
|upkeep
|
|t:|1783027063
|switch|p2b: Floette|Floette-Eternal, L50, F|100/100
|turn|4
|
|t:|1783027088
|detailschange|p2b: Floette|Floette-Mega, L50, F
|-mega|p2b: Floette|Floette|Floettite
|-ability|p2b: Floette|Fairy Aura
|move|p1b: Sinistcha|Protect|p1b: Sinistcha
|-singleturn|p1b: Sinistcha|Protect
|move|p2a: Whimsicott|Tailwind|p2a: Whimsicott
|-sidestart|p2: KhristianVG|move: Tailwind
|move|p2b: Floette|Dazzling Gleam|p1a: Primarina|[spread] p1a
|-activate|p1b: Sinistcha|move: Protect
|-damage|p1a: Primarina|80/100
|move|p1a: Primarina|Calm Mind|p1a: Primarina
|-boost|p1a: Primarina|spa|1
|-boost|p1a: Primarina|spd|1
|
|-heal|p1a: Primarina|86/100|[from] item: Leftovers
|upkeep
|turn|5
|
|t:|1783027110
|move|p1b: Sinistcha|Rage Powder|p1b: Sinistcha
|-singleturn|p1b: Sinistcha|move: Rage Powder
|move|p2a: Whimsicott|Moonblast|p1b: Sinistcha
|-damage|p1b: Sinistcha|52/100
|move|p2b: Floette|Moonblast|p1b: Sinistcha
|-damage|p1b: Sinistcha|0 fnt
|faint|p1b: Sinistcha
|move|p1a: Primarina|Moonblast|p2b: Floette
|-damage|p2b: Floette|0 fnt
|faint|p2b: Floette
|
|-heal|p1a: Primarina|92/100|[from] item: Leftovers
|upkeep
|
|t:|1783027118
|switch|p2b: Garchomp|Garchomp, L50, F|100/100
|turn|6
|
|t:|1783027131
|move|p2a: Whimsicott|Moonblast|p1a: Primarina
|-damage|p1a: Primarina|81/100
|move|p2b: Garchomp|Rock Slide|p1a: Primarina
|-damage|p1a: Primarina|40/100
|-damage|p2b: Garchomp|90/100|[from] item: Life Orb
|move|p1a: Primarina|Moonblast|p2a: Whimsicott
|-damage|p2a: Whimsicott|0 fnt
|faint|p2a: Whimsicott
|
|-heal|p1a: Primarina|47/100|[from] item: Leftovers
|upkeep
|turn|7
|
|t:|1783027142
|move|p1a: Primarina|Protect|p1a: Primarina
|-singleturn|p1a: Primarina|Protect
|move|p2b: Garchomp|Rock Slide|p1a: Primarina
|-activate|p1a: Primarina|move: Protect
|
|-heal|p1a: Primarina|53/100|[from] item: Leftovers
|-sideend|p2: KhristianVG|move: Tailwind
|upkeep
|turn|8
|
|t:|1783027150
|move|p2b: Garchomp|Rock Slide|p1a: Primarina
|-damage|p1a: Primarina|17/100
|-damage|p2b: Garchomp|80/100|[from] item: Life Orb
|move|p1a: Primarina|Moonblast|p2b: Garchomp
|-supereffective|p2b: Garchomp|1
|-damage|p2b: Garchomp|0 fnt
|faint|p2b: Garchomp
|
|win|OdieVGC
|raw|OdieVGC's rating: 1095 → 1129(+34 for winning)
|raw|KhristianVG's rating: 1205 → 1172(-33 for losing)
