|j|☆CrazyComet37
|j|☆HopsVGC
|html|CrazyComet37HopsVGC    
|uhtml|bestof|Game 1 of a best-of-3
|t:|1785952962
|gametype|doubles
|player|p1|CrazyComet37|flint|
|player|p2|HopsVGC|2|
|gen|9
|tier|[Gen 9 Champions] VGC 2026 Reg M-B (Bo3)
|rule|Species Clause: Limit one of each Pokémon
|rule|Item Clause: Limit 1 of each item
|clearpoke
|poke|p1|Whimsicott, L50, M|
|poke|p1|Garchomp, L50, F|
|poke|p1|Charizard, L50, M|
|poke|p1|Floette-Eternal, L50, F|
|poke|p1|Kingambit, L50, M|
|poke|p1|Basculegion, L50, M|
|poke|p2|Delphox, L50, M, shiny|
|poke|p2|Tyranitar, L50, M|
|poke|p2|Excadrill, L50, F|
|poke|p2|Hydreigon, L50, M, shiny|
|poke|p2|Sinistcha, L50|
|poke|p2|Sneasler, L50, M|
|teampreview|4
|showteam|p1|Whimsicott||FocusSash|Prankster|Protect,Tailwind,Moonblast,Encore|Timid||M|||50|]Garchomp||LifeOrb|RoughSkin|Protect,Earthquake,DragonClaw,RockSlide|Jolly||F|||50|]Charizard||CharizarditeY|Blaze|Protect,HeatWave,WeatherBall,SolarBeam|Modest||M|||50|]Floette-Eternal||Floettite|FlowerVeil|Protect,LightofRuin,DazzlingGleam,Moonblast|Modest||F|||50|]Kingambit||ChopleBerry|Defiant|IronHead,SuckerPunch,KowtowCleave,LowKick|Adamant||M|||50|]Basculegion||MysticWater|Adaptability|Protect,AquaJet,LastRespects,WaveCrash|Adamant||M|||50|
|showteam|p2|Delphox||Delphoxite|Blaze|HeatWave,Psychic,NastyPlot,Protect|Timid||M|||50|]Tyranitar||Tyranitarite|SandStream|RockSlide,KnockOff,LowKick,Protect|Adamant||M|||50|]Excadrill||FocusSash|SandRush|Earthquake,RockSlide,IronHead,Protect|Adamant||F|||50|]Hydreigon||ChoiceScarf|Levitate|DragonPulse,DarkPulse,EarthPower,FlashCannon|Modest||M|||50|]Sinistcha||SitrusBerry|Hospitality|MatchaGotcha,RagePowder,TrickRoom,Protect|Relaxed|||||50|]Sneasler||WhiteHerb|Unburden|CloseCombat,DireClaw,FakeOut,Protect|Adamant||M|||50|
|c|☆HopsVGC|glhf
|c|☆CrazyComet37|Glhf!
|inactive|Battle timer is ON: inactive players will automatically lose when time's up. (requested by CrazyComet37)
|
|t:|1785953050
|teamsize|p1|4
|teamsize|p2|4
|start
|switch|p1a: Whimsicott|Whimsicott, L50, M|100/100
|switch|p1b: Floette|Floette-Eternal, L50, F|100/100
|switch|p2a: Tyranitar|Tyranitar, L50, M|100/100
|switch|p2b: Excadrill|Excadrill, L50, F|100/100
|-weather|Sandstorm|[from] ability: Sand Stream|[of] p2a: Tyranitar
|turn|1
|
|t:|1785953067
|switch|p2a: Sneasler|Sneasler, L50, M|100/100
|detailschange|p1b: Floette|Floette-Mega, L50, F
|-mega|p1b: Floette|Floette|Floettite
|-ability|p1b: Floette|Fairy Aura
|move|p1a: Whimsicott|Tailwind|p1a: Whimsicott
|-sidestart|p1: CrazyComet37|move: Tailwind
|move|p1b: Floette|Dazzling Gleam|p2a: Sneasler|[spread] p2a,p2b
|-resisted|p2b: Excadrill|1
|-damage|p2a: Sneasler|32/100
|-damage|p2b: Excadrill|65/100
|move|p2b: Excadrill|Iron Head|p1b: Floette
|-supereffective|p1b: Floette|1
|-damage|p1b: Floette|0 fnt
|faint|p1b: Floette
|
|-weather|Sandstorm|[upkeep]
|-damage|p1a: Whimsicott|94/100|[from] Sandstorm
|-damage|p2a: Sneasler|26/100|[from] Sandstorm
|upkeep
|inactive|CrazyComet37 has 30 seconds left.
|
|t:|1785953102
|switch|p1b: Basculegion|Basculegion, L50, M|100/100
|turn|2
|inactive|HopsVGC has 30 seconds left.
|
|t:|1785953133
|switch|p2a: Sinistcha|Sinistcha, L50|100/100
|-heal|p2b: Excadrill|89/100|[from] ability: Hospitality|[of] p2a: Sinistcha
|move|p2b: Excadrill|Protect|p2b: Excadrill
|-singleturn|p2b: Excadrill|Protect
|move|p1a: Whimsicott|Moonblast|p2a: Sinistcha
|-damage|p2a: Sinistcha|64/100
|move|p1b: Basculegion|Wave Crash|p2b: Excadrill
|-activate|p2b: Excadrill|move: Protect
|
|-weather|Sandstorm|[upkeep]
|-damage|p1a: Whimsicott|88/100|[from] Sandstorm
|-damage|p1b: Basculegion|93/100|[from] Sandstorm
|-damage|p2a: Sinistcha|57/100|[from] Sandstorm
|upkeep
|turn|3
|inactive|HopsVGC has 30 seconds left.
|
|t:|1785953160
|switch|p2b: Tyranitar|Tyranitar, L50, M|100/100
|switch|p2a: Sneasler|Sneasler, L50, M|26/100
|move|p1a: Whimsicott|Encore|p2b: Tyranitar
|-hint|Since gen 7, Dark is immune to Prankster moves.
|-immune|p2b: Tyranitar
|move|p1b: Basculegion|Last Respects|p2a: Sneasler
|-damage|p2a: Sneasler|0 fnt
|faint|p2a: Sneasler
|
|-weather|Sandstorm|[upkeep]
|-damage|p1a: Whimsicott|82/100|[from] Sandstorm
|-damage|p1b: Basculegion|87/100|[from] Sandstorm
|upkeep
|
|t:|1785953174
|switch|p2a: Sinistcha|Sinistcha, L50|57/100
|turn|4
|
|t:|1785953188
|move|p2a: Sinistcha|Rage Powder|p2a: Sinistcha
|-singleturn|p2a: Sinistcha|move: Rage Powder
|move|p1a: Whimsicott|Moonblast|p2b: Tyranitar
|-supereffective|p2b: Tyranitar|1
|-damage|p2b: Tyranitar|55/100
|move|p1b: Basculegion|Last Respects|p2a: Sinistcha
|-supereffective|p2a: Sinistcha|1
|-damage|p2a: Sinistcha|0 fnt
|faint|p2a: Sinistcha
|move|p2b: Tyranitar|Knock Off|p1b: Basculegion
|-supereffective|p1b: Basculegion|1
|-damage|p1b: Basculegion|0 fnt
|-enditem|p1b: Basculegion|Mystic Water|[from] move: Knock Off|[of] p2b: Tyranitar
|faint|p1b: Basculegion
|
|-weather|Sandstorm|[upkeep]
|-damage|p1a: Whimsicott|76/100|[from] Sandstorm
|-sideend|p1: CrazyComet37|move: Tailwind
|upkeep
|
|t:|1785953194
|switch|p1b: Garchomp|Garchomp, L50, F|100/100
|switch|p2a: Excadrill|Excadrill, L50, F|89/100
|turn|5
|inactive|HopsVGC has 30 seconds left.
|
|t:|1785953229
|detailschange|p2b: Tyranitar|Tyranitar-Mega, L50, M
|-mega|p2b: Tyranitar|Tyranitar|Tyranitarite
|move|p2a: Excadrill|Protect|p2a: Excadrill
|-singleturn|p2a: Excadrill|Protect
|move|p1a: Whimsicott|Tailwind|p1a: Whimsicott
|-sidestart|p1: CrazyComet37|move: Tailwind
|move|p1b: Garchomp|Earthquake|p2a: Excadrill|[spread] p1a,p2b
|-activate|p2a: Excadrill|move: Protect
|-resisted|p1a: Whimsicott|1
|-supereffective|p2b: Tyranitar|1
|-damage|p1a: Whimsicott|39/100
|-damage|p2b: Tyranitar|0 fnt
|faint|p2b: Tyranitar
|-damage|p1b: Garchomp|90/100|[from] item: Life Orb
|
|-weather|none
|upkeep
|turn|6
|
|t:|1785953248
|move|p1a: Whimsicott|Moonblast|p2a: Excadrill
|-resisted|p2a: Excadrill|1
|-damage|p2a: Excadrill|66/100
|move|p1b: Garchomp|Earthquake|p2a: Excadrill|[spread] p1a,p2a
|-resisted|p1a: Whimsicott|1
|-crit|p1a: Whimsicott
|-supereffective|p2a: Excadrill|1
|-damage|p1a: Whimsicott|0 fnt
|-damage|p2a: Excadrill|0 fnt
|faint|p1a: Whimsicott
|faint|p2a: Excadrill
|-damage|p1b: Garchomp|80/100|[from] item: Life Orb
|
|win|CrazyComet37
||HopsVGC is ready for game 2.
||CrazyComet37 is ready for game 2.
|uhtml|next|Next: Game 2 of 3
|l|☆HopsVGC
|player|p2|
