|j|☆smearglehater21
|j|☆JustPeachy7
|html|smearglehater21JustPeachy7    
|uhtml|bestof|Game 1 of a best-of-3
|t:|1784736204
|gametype|doubles
|player|p1|smearglehater21|nate|1000
|player|p2|JustPeachy7|silver|1124
|gen|9
|tier|[Gen 9 Champions] VGC 2026 Reg M-B (Bo3)
|rated|
|rule|Species Clause: Limit one of each Pokémon
|rule|Item Clause: Limit 1 of each item
|clearpoke
|poke|p1|Kingambit, L50, M|
|poke|p1|Whimsicott, L50, M|
|poke|p1|Basculegion, L50, M|
|poke|p1|Garchomp, L50, F|
|poke|p1|Charizard, L50, F|
|poke|p1|Floette-Eternal, L50, F|
|poke|p2|Pidgeot, L50, F, shiny|
|poke|p2|Sneasler, L50, F, shiny|
|poke|p2|Arcanine-Hisui, L50, F|
|poke|p2|Metagross, L50, shiny|
|poke|p2|Scizor, L50, M, shiny|
|poke|p2|Samurott-Hisui, L50, M|
|teampreview|4
|showteam|p1|Kingambit||ChopleBerry|Defiant|KowtowCleave,LowKick,SuckerPunch,IronHead|Adamant||M|||50|]Whimsicott||FocusSash|Prankster|Moonblast,Tailwind,Encore,Protect|Timid||M|||50|]Basculegion||MysticWater|Adaptability|WaveCrash,LastRespects,AquaJet,Protect|Adamant||M|||50|]Garchomp||LifeOrb|RoughSkin|DragonClaw,RockSlide,Earthquake,Protect|Jolly||F|||50|]Charizard||CharizarditeY|Blaze|WeatherBall,HeatWave,SolarBeam,Protect|Modest||F|||50|]Floette-Eternal||Floettite|FlowerVeil|Moonblast,DazzlingGleam,LightofRuin,Protect|Timid||F|||50|
|showteam|p2|Pidgeot||Pidgeotite|BigPecks|Protect,Tailwind,Hurricane,HeatWave|Modest||F|||50|]Sneasler||FocusSash|Unburden|FakeOut,DireClaw,CloseCombat,Protect|Adamant||F|||50|]Arcanine-Hisui||ShucaBerry|RockHead|FlareBlitz,HeadSmash,Protect,ExtremeSpeed|Jolly||F|||50|]Metagross||Leftovers|ClearBody|MeteorMash,Protect,LightScreen,PsychicFangs|Impish|||||50|]Scizor||Scizorite|Technician|BulletPunch,BugBite,Tailwind,Protect|Adamant||M|||50|]Samurott-Hisui||LifeOrb|Sharpness|CeaselessEdge,AquaCutter,SacredSword,Protect|Adamant||M|||50|
|inactive|Battle timer is ON: inactive players will automatically lose when time's up. (requested by smearglehater21)
|inactive|smearglehater21 has 60 seconds left.
|
|t:|1784736238
|teamsize|p1|4
|teamsize|p2|4
|start
|switch|p1a: Whimsicott|Whimsicott, L50, M|100/100
|switch|p1b: Garchomp|Garchomp, L50, F|100/100
|switch|p2a: Scizor|Scizor, L50, M, shiny|100/100
|switch|p2b: Samurott|Samurott-Hisui, L50, M|100/100
|turn|1
|
|t:|1784736265
|detailschange|p2a: Scizor|Scizor-Mega, L50, M, shiny
|-mega|p2a: Scizor|Scizor|Scizorite
|move|p1a: Whimsicott|Moonblast|p2b: Samurott
|-supereffective|p2b: Samurott|1
|-damage|p2b: Samurott|0 fnt
|faint|p2b: Samurott
|move|p1b: Garchomp|Dragon Claw|p2a: Scizor
|-resisted|p2a: Scizor|1
|-damage|p2a: Scizor|80/100
|-damage|p1b: Garchomp|90/100|[from] item: Life Orb
|move|p2a: Scizor|Tailwind|p2a: Scizor
|-sidestart|p2: JustPeachy7|move: Tailwind
|
|upkeep
|
|t:|1784736279
|switch|p2b: Arcanine|Arcanine-Hisui, L50, F|100/100
|turn|2
|
|t:|1784736290
|move|p1a: Whimsicott|Protect|p1a: Whimsicott
|-singleturn|p1a: Whimsicott|Protect
|move|p2b: Arcanine|Protect|p2b: Arcanine
|-singleturn|p2b: Arcanine|Protect
|move|p2a: Scizor|Bullet Punch|p1a: Whimsicott
|-activate|p1a: Whimsicott|move: Protect
|move|p1b: Garchomp|Earthquake|p2a: Scizor|[spread] p2a
|-activate|p1a: Whimsicott|move: Protect
|-activate|p2b: Arcanine|move: Protect
|-damage|p2a: Scizor|37/100
|-damage|p1b: Garchomp|80/100|[from] item: Life Orb
|
|upkeep
|turn|3
|
|t:|1784736312
|switch|p1a: Charizard|Charizard, L50, F|100/100
|move|p2b: Arcanine|Head Smash|p1b: Garchomp
|-resisted|p1b: Garchomp|1
|-damage|p1b: Garchomp|43/100
|-damage|p2b: Arcanine|87/100|[from] ability: Rough Skin|[of] p1b: Garchomp
|move|p2a: Scizor|Bug Bite|p1b: Garchomp
|-crit|p1b: Garchomp
|-damage|p1b: Garchomp|0 fnt
|-damage|p2a: Scizor|25/100|[from] ability: Rough Skin|[of] p1b: Garchomp
|faint|p1b: Garchomp
|
|upkeep
|
|t:|1784736327
|switch|p1b: Basculegion|Basculegion, L50, M|100/100
|turn|4
|
|t:|1784736343
|move|p1a: Charizard|Protect|p1a: Charizard
|-singleturn|p1a: Charizard|Protect
|move|p1b: Basculegion|Aqua Jet|p2b: Arcanine
|-supereffective|p2b: Arcanine|2
|-damage|p2b: Arcanine|0 fnt
|faint|p2b: Arcanine
|move|p2a: Scizor|Bug Bite|p1b: Basculegion
|-resisted|p1b: Basculegion|1
|-crit|p1b: Basculegion
|-damage|p1b: Basculegion|55/100
|
|-sideend|p2: JustPeachy7|move: Tailwind
|upkeep
|
|t:|1784736354
|switch|p2b: Metagross|Metagross, L50, shiny|100/100
|turn|5
|
|t:|1784736367
|detailschange|p1a: Charizard|Charizard-Mega-Y, L50, F
|-mega|p1a: Charizard|Charizard|Charizardite Y
|-weather|SunnyDay|[from] ability: Drought|[of] p1a: Charizard
|move|p1a: Charizard|Weather Ball|p2a: Scizor
|-supereffective|p2a: Scizor|2
|-damage|p2a: Scizor|0 fnt
|faint|p2a: Scizor
|move|p1b: Basculegion|Last Respects|p2b: Metagross
|-supereffective|p2b: Metagross|1
|-damage|p2b: Metagross|18/100
|move|p2b: Metagross|Psychic Fangs|p1a: Charizard
|-damage|p1a: Charizard|62/100
|
|-weather|SunnyDay|[upkeep]
|-heal|p2b: Metagross|24/100|[from] item: Leftovers
|upkeep
|turn|6
|
|t:|1784736383
|move|p1a: Charizard|Weather Ball|p2b: Metagross
|-supereffective|p2b: Metagross|1
|-crit|p2b: Metagross
|-damage|p2b: Metagross|0 fnt
|faint|p2b: Metagross
|
|win|smearglehater21
