|j|☆miseria010
|j|☆uchihalex3
|html|miseria010uchihalex3    
|uhtml|bestof|Game 2 of a best-of-3
|t:|1783195095
|gametype|doubles
|player|p1|miseria010|unknown|1000
|player|p2|uchihalex3|2|1035
|gen|9
|tier|[Gen 9 Champions] VGC 2026 Reg M-B (Bo3)
|rated|
|rule|Species Clause: Limit one of each Pokémon
|rule|Item Clause: Limit 1 of each item
|clearpoke
|poke|p1|Charizard, L50, M, shiny|
|poke|p1|Kingambit, L50, M|
|poke|p1|Sylveon, L50, F|
|poke|p1|Garchomp, L50, M|
|poke|p1|Aerodactyl, L50, M|
|poke|p1|Farigiraf, L50, M|
|poke|p2|Tyranitar, L50, M|
|poke|p2|Excadrill, L50, F|
|poke|p2|Incineroar, L50, F|
|poke|p2|Sinistcha, L50|
|poke|p2|Sylveon, L50, M|
|poke|p2|Staraptor, L50, F|
|teampreview|4
|showteam|p1|Charizard||CharizarditeY|SolarPower|Protect,HeatWave,SolarBeam,WeatherBall|Modest||M|||50|]Kingambit||FocusSash|Defiant|IronHead,SuckerPunch,KowtowCleave,LowKick|Adamant||M|||50|]Sylveon||FairyFeather|Pixilate|Detect,HyperVoice,HyperBeam,QuickAttack|Modest||F|||50|]Garchomp||LifeOrb|RoughSkin|Protect,DragonClaw,Earthquake,StompingTantrum|Jolly||M|||50|]Aerodactyl||Aerodactylite|RockHead|IceFang,RockSlide,Tailwind,DualWingbeat|Jolly||M|||50|]Farigiraf||SitrusBerry|ArmorTail|TrickRoom,Psychic,Thunderbolt,GrassKnot|Bold||M|||50|
|showteam|p2|Tyranitar||Tyranitarite|SandStream|RockSlide,KnockOff,LowKick,Protect|Adamant||M|||50|]Excadrill||FocusSash|SandRush|Earthquake,RockSlide,IronHead,Protect|Adamant||F|||50|]Incineroar||PasshoBerry|Intimidate|FakeOut,PartingShot,ThroatChop,FlareBlitz|Impish||F|||50|]Sinistcha||SitrusBerry|Hospitality|MatchaGotcha,RagePowder,TrickRoom,StrengthSap|Modest|||||50|]Sylveon||FairyFeather|Pixilate|HyperVoice,HyperBeam,QuickAttack,Protect|Modest||M|||50|]Staraptor||Staraptite|Intimidate|Roost,CloseCombat,BraveBird,Protect|Jolly||F|||50|
|
|t:|1783195123
|teamsize|p1|4
|teamsize|p2|4
|start
|switch|p1a: Kingambit|Kingambit, L50, M|100/100
|switch|p1b: Sylveon|Sylveon, L50, F|100/100
|switch|p2a: Sylveon|Sylveon, L50, M|100/100
|switch|p2b: Excadrill|Excadrill, L50, F|100/100
|turn|1
|
|t:|1783195149
|move|p1b: Sylveon|Detect|p1b: Sylveon
|-singleturn|p1b: Sylveon|Protect
|move|p2a: Sylveon|Protect|p2a: Sylveon
|-singleturn|p2a: Sylveon|Protect
|move|p2b: Excadrill|Earthquake|p1a: Kingambit|[spread] p1a
|-activate|p2a: Sylveon|move: Protect
|-activate|p1b: Sylveon|move: Protect
|-supereffective|p1a: Kingambit|1
|-damage|p1a: Kingambit|28/100
|move|p1a: Kingambit|Low Kick|p2b: Excadrill
|-supereffective|p2b: Excadrill|1
|-damage|p2b: Excadrill|27/100
|
|upkeep
|turn|2
|
|t:|1783195189
|move|p2b: Excadrill|Protect|p2b: Excadrill
|-singleturn|p2b: Excadrill|Protect
|move|p1a: Kingambit|Sucker Punch||[still]
|-fail|p1a: Kingambit
|move|p1b: Sylveon|Hyper Voice|p2b: Excadrill|[spread] p2a
|-activate|p2b: Excadrill|move: Protect
|-damage|p2a: Sylveon|63/100
|move|p2a: Sylveon|Hyper Voice|p1b: Sylveon|[spread] p1a,p1b
|-damage|p1a: Kingambit|0 fnt
|-damage|p1b: Sylveon|55/100
|faint|p1a: Kingambit
|
|upkeep
|
|t:|1783195193
|switch|p1a: Farigiraf|Farigiraf, L50, M|100/100
|turn|3
|
|t:|1783195222
|switch|p2b: Incineroar|Incineroar, L50, F|100/100
|-ability|p2b: Incineroar|Intimidate|boost
|-unboost|p1a: Farigiraf|atk|1
|-unboost|p1b: Sylveon|atk|1
|move|p1b: Sylveon|Detect|p1b: Sylveon
|-singleturn|p1b: Sylveon|Protect
|move|p1a: Farigiraf|Grass Knot|p2b: Incineroar
|-resisted|p2b: Incineroar|1
|-damage|p2b: Incineroar|91/100
|move|p2a: Sylveon|Hyper Beam|p1a: Farigiraf
|-damage|p1a: Farigiraf|2/100
|-mustrecharge|p2a: Sylveon
|-enditem|p1a: Farigiraf|Sitrus Berry|[eat]
|-heal|p1a: Farigiraf|27/100|[from] item: Sitrus Berry
|
|upkeep
|turn|4
|
|t:|1783195260
|move|p1b: Sylveon|Hyper Voice|p2b: Incineroar|[spread] p2a,p2b
|-damage|p2a: Sylveon|25/100
|-damage|p2b: Incineroar|55/100
|move|p2b: Incineroar|Flare Blitz|p1b: Sylveon
|-damage|p1b: Sylveon|2/100
|-damage|p2b: Incineroar|39/100|[from] Recoil
|cant|p2a: Sylveon|recharge
|move|p1a: Farigiraf|Trick Room|p1a: Farigiraf
|-fieldstart|move: Trick Room|[of] p1a: Farigiraf
|
|upkeep
|turn|5
|
|t:|1783195289
|switch|p1b: Charizard|Charizard, L50, M, shiny|100/100
|move|p2a: Sylveon|Protect|p2a: Sylveon
|-singleturn|p2a: Sylveon|Protect
|move|p2b: Incineroar|Throat Chop|p1a: Farigiraf
|-supereffective|p1a: Farigiraf|1
|-damage|p1a: Farigiraf|0 fnt
|faint|p1a: Farigiraf
|
|upkeep
|
|t:|1783195294
|switch|p1a: Sylveon|Sylveon, L50, F|2/100
|turn|6
|
|t:|1783195303
|move|p2a: Sylveon|Quick Attack|p1a: Sylveon
|-crit|p1a: Sylveon
|-damage|p1a: Sylveon|0 fnt
|faint|p1a: Sylveon
|move|p2b: Incineroar|Parting Shot|p1b: Charizard
|-unboost|p1b: Charizard|atk|1
|-unboost|p1b: Charizard|spa|1
|
|t:|1783195312
|switch|p2b: Excadrill|Excadrill, L50, F|27/100|[from] Parting Shot
|move|p1b: Charizard|Heat Wave|p2b: Excadrill|[spread] p2a,p2b
|-supereffective|p2b: Excadrill|1
|-damage|p2a: Sylveon|8/100
|-damage|p2b: Excadrill|0 fnt
|faint|p2b: Excadrill
|
|upkeep
|
|t:|1783195320
|switch|p2b: Incineroar|Incineroar, L50, F|39/100
|-ability|p2b: Incineroar|Intimidate|boost
|-unboost|p1b: Charizard|atk|1
|turn|7
|
|t:|1783195334
|move|p1b: Charizard|Protect|p1b: Charizard
|-singleturn|p1b: Charizard|Protect
|move|p2b: Incineroar|Fake Out|p1b: Charizard
|-activate|p1b: Charizard|move: Protect
|move|p2a: Sylveon|Hyper Voice|p1b: Charizard
|-activate|p1b: Charizard|move: Protect
|
|upkeep
|turn|8
|
|t:|1783195354
|move|p2a: Sylveon|Protect|p2a: Sylveon
|-singleturn|p2a: Sylveon|Protect
|move|p2b: Incineroar|Parting Shot|p1b: Charizard
|-unboost|p1b: Charizard|atk|1
|-unboost|p1b: Charizard|spa|1
|
|t:|1783195359
|switch|p2b: Staraptor|Staraptor, L50, F|100/100|[from] Parting Shot
|-ability|p2b: Staraptor|Intimidate|boost
|-unboost|p1b: Charizard|atk|1
|move|p1b: Charizard|Heat Wave|p2b: Staraptor|[spread] p2b
|-activate|p2a: Sylveon|move: Protect
|-damage|p2b: Staraptor|77/100
|
|-fieldend|move: Trick Room
|upkeep
|turn|9
|
|t:|1783195377
|detailschange|p2b: Staraptor|Staraptor-Mega, L50, F
|-mega|p2b: Staraptor|Staraptor|Staraptite
|detailschange|p1b: Charizard|Charizard-Mega-Y, L50, M, shiny
|-mega|p1b: Charizard|Charizard|Charizardite Y
|-weather|SunnyDay|[from] ability: Drought|[of] p1b: Charizard
|move|p2b: Staraptor|Brave Bird|p1b: Charizard
|-damage|p1b: Charizard|30/100
|-damage|p2b: Staraptor|52/100|[from] Recoil
|move|p1b: Charizard|Heat Wave|p2b: Staraptor|[spread] p2a,p2b
|-damage|p2a: Sylveon|0 fnt
|-damage|p2b: Staraptor|12/100
|faint|p2a: Sylveon
|
|-weather|SunnyDay|[upkeep]
|upkeep
|
|t:|1783195389
|switch|p2a: Incineroar|Incineroar, L50, F|39/100
|-ability|p2a: Incineroar|Intimidate|boost
|-unboost|p1b: Charizard|atk|1
|turn|10
|
|t:|1783195397
|move|p2a: Incineroar|Fake Out|p1b: Charizard
|-damage|p1b: Charizard|19/100
|move|p2b: Staraptor|Brave Bird|p1b: Charizard
|-damage|p1b: Charizard|0 fnt
|faint|p1b: Charizard
|-damage|p2b: Staraptor|6/100|[from] Recoil
|
|win|uchihalex3
||uchihalex3 is ready for game 3.
|inactive|miseria010 has 30 seconds to confirm battle start!
