|j|☆mikewwm8
|j|☆Leon000
|html|mikewwm8Leon000    
|uhtml|bestof|Game 1 of a best-of-3
|t:|1785683262
|gametype|doubles
|player|p1|mikewwm8|265|
|player|p2|Leon000|serena|
|gen|9
|tier|[Gen 9 Champions] VGC 2026 Reg M-B (Bo3)
|rule|Species Clause: Limit one of each Pokémon
|rule|Item Clause: Limit 1 of each item
|clearpoke
|poke|p1|Tyranitar, L50, F|
|poke|p1|Excadrill, L50, M|
|poke|p1|Milotic, L50, M|
|poke|p1|Sinistcha, L50|
|poke|p1|Staraptor, L50, F|
|poke|p1|Gholdengo, L50|
|poke|p2|Floette-Eternal, L50, F|
|poke|p2|Charizard, L50, F|
|poke|p2|Whimsicott, L50, F|
|poke|p2|Garchomp, L50, M|
|poke|p2|Basculegion, L50, M|
|poke|p2|Kingambit, L50, F|
|teampreview|4
|showteam|p1|Tyranitar||Tyranitarite|SandStream|KnockOff,RockSlide,LowKick,Protect|Jolly||F|||50|]Excadrill||FocusSash|SandRush|HighHorsepower,IronHead,RockSlide,Protect|Adamant||M|||50|]Milotic||SitrusBerry|Competitive|Scald,IcyWind,Recover,Protect|Calm||M|||50|]Sinistcha||ColburBerry|Hospitality|MatchaGotcha,TrickRoom,Protect,RagePowder|Bold|||||50|]Staraptor||Staraptite|Intimidate|CloseCombat,BraveBird,Tailwind,Protect|Jolly||F|||50|]Gholdengo||LifeOrb|GoodasGold|MakeItRain,ShadowBall,NastyPlot,Protect|Modest|||||50|
|showteam|p2|Floette-Eternal||Floettite|FlowerVeil|Moonblast,DazzlingGleam,LightofRuin,Protect|Modest||F|||50|]Charizard||CharizarditeY|Blaze|HeatWave,WeatherBall,SolarBeam,Protect|Modest||F|||50|]Whimsicott||FocusSash|Prankster|Moonblast,Encore,Tailwind,Protect|Timid||F|||50|]Garchomp||LifeOrb|RoughSkin|DragonClaw,Earthquake,Protect,RockSlide|Jolly||M|||50|]Basculegion||MysticWater|Adaptability|WaveCrash,LastRespects,AquaJet,Protect|Adamant||M|||50|]Kingambit||BlackGlasses|Defiant|KowtowCleave,IronHead,SuckerPunch,Protect|Adamant||F|||50|
|c|☆Leon000|we gonna wait 1 min ok
|c|☆mikewwm8|sure
|c|☆Leon000|i think now one is joining but we can start i think
|c|☆mikewwm8|alright
|
|t:|1785683433
|teamsize|p1|4
|teamsize|p2|4
|start
|switch|p1a: Staraptor|Staraptor, L50, F|100/100
|switch|p1b: Gholdengo|Gholdengo, L50|100/100
|switch|p2a: Whimsicott|Whimsicott, L50, F|100/100
|switch|p2b: Kingambit|Kingambit, L50, F|100/100
|-ability|p1a: Staraptor|Intimidate|boost
|-unboost|p2a: Whimsicott|atk|1
|-unboost|p2b: Kingambit|atk|1
|-ability|p2b: Kingambit|Defiant|boost
|-boost|p2b: Kingambit|atk|2
|turn|1
|inactive|Battle timer is ON: inactive players will automatically lose when time's up. (requested by mikewwm8)
|
|t:|1785683455
|detailschange|p1a: Staraptor|Staraptor-Mega, L50, F
|-mega|p1a: Staraptor|Staraptor|Staraptite
|move|p2b: Kingambit|Sucker Punch||[still]
|-fail|p2b: Kingambit
|move|p2a: Whimsicott|Moonblast|p1a: Staraptor
|-supereffective|p1a: Staraptor|1
|-damage|p1a: Staraptor|30/100
|-boost|p1a: Staraptor|spa|1
|move|p1a: Staraptor|Tailwind|p1a: Staraptor
|-sidestart|p1: mikewwm8|move: Tailwind
|move|p1b: Gholdengo|Nasty Plot|p1b: Gholdengo
|-boost|p1b: Gholdengo|spa|2
|
|upkeep
|turn|2
|inactive|Leon000 has 30 seconds left.
|
|t:|1785683481
|switch|p1a: Tyranitar|Tyranitar, L50, F|100/100
|-weather|Sandstorm|[from] ability: Sand Stream|[of] p1a: Tyranitar
|move|p1b: Gholdengo|Protect|p1b: Gholdengo
|-singleturn|p1b: Gholdengo|Protect
|move|p2a: Whimsicott|Encore|p1a: Tyranitar
|-hint|Since gen 7, Dark is immune to Prankster moves.
|-immune|p1a: Tyranitar
|move|p2b: Kingambit|Sucker Punch||[still]
|-fail|p2b: Kingambit
|
|-weather|Sandstorm|[upkeep]
|-damage|p2a: Whimsicott|94/100|[from] Sandstorm
|upkeep
|turn|3
|j| vgc yung eezy
|
|t:|1785683504
|move|p2b: Kingambit|Protect|p2b: Kingambit
|-singleturn|p2b: Kingambit|Protect
|move|p2a: Whimsicott|Tailwind|p2a: Whimsicott
|-sidestart|p2: Leon000|move: Tailwind
|move|p1a: Tyranitar|Low Kick|p2b: Kingambit
|-activate|p2b: Kingambit|move: Protect
|move|p1b: Gholdengo|Nasty Plot|p1b: Gholdengo
|-boost|p1b: Gholdengo|spa|2
|
|-weather|Sandstorm|[upkeep]
|-damage|p2a: Whimsicott|88/100|[from] Sandstorm
|upkeep
|turn|4
|inactive|Leon000 has 30 seconds left.
|inactive|Leon000 has 20 seconds left.
|
|t:|1785683542
|switch|p2b: Garchomp|Garchomp, L50, M|100/100
|move|p1b: Gholdengo|Protect|p1b: Gholdengo
|-singleturn|p1b: Gholdengo|Protect
|move|p2a: Whimsicott|Moonblast|p1a: Tyranitar
|-supereffective|p1a: Tyranitar|1
|-damage|p1a: Tyranitar|59/100
|move|p1a: Tyranitar|Low Kick|p2b: Garchomp
|-damage|p2b: Garchomp|73/100
|-damage|p1a: Tyranitar|46/100|[from] ability: Rough Skin|[of] p2b: Garchomp
|
|-weather|Sandstorm|[upkeep]
|-damage|p2a: Whimsicott|82/100|[from] Sandstorm
|-sideend|p1: mikewwm8|move: Tailwind
|upkeep
|turn|5
|
|t:|1785683556
|move|p2a: Whimsicott|Moonblast|p1b: Gholdengo
|-resisted|p1b: Gholdengo|1
|-damage|p1b: Gholdengo|83/100
|move|p2b: Garchomp|Earthquake|p1a: Tyranitar|[spread] p2a,p1a,p1b
|-resisted|p2a: Whimsicott|1
|-supereffective|p1a: Tyranitar|1
|-supereffective|p1b: Gholdengo|1
|-damage|p2a: Whimsicott|48/100
|-damage|p1a: Tyranitar|0 fnt
|-damage|p1b: Gholdengo|0 fnt
|faint|p1a: Tyranitar
|faint|p1b: Gholdengo
|-damage|p2b: Garchomp|63/100|[from] item: Life Orb
|
|-weather|Sandstorm|[upkeep]
|-damage|p2a: Whimsicott|42/100|[from] Sandstorm
|upkeep
|
|t:|1785683563
|switch|p1a: Milotic|Milotic, L50, M|100/100
|switch|p1b: Staraptor|Staraptor-Mega, L50, F|30/100
|turn|6
|
|t:|1785683576
|move|p2a: Whimsicott|Protect|p2a: Whimsicott
|-singleturn|p2a: Whimsicott|Protect
|move|p1b: Staraptor|Protect|p1b: Staraptor
|-singleturn|p1b: Staraptor|Protect
|move|p2b: Garchomp|Dragon Claw|p1a: Milotic
|-damage|p1a: Milotic|52/100
|-damage|p2b: Garchomp|54/100|[from] item: Life Orb
|move|p1a: Milotic|Icy Wind|p2b: Garchomp|[spread] p2b
|-activate|p2a: Whimsicott|move: Protect
|-supereffective|p2b: Garchomp|2
|-damage|p2b: Garchomp|13/100
|-unboost|p2b: Garchomp|spe|1
|
|-weather|none
|-sideend|p2: Leon000|move: Tailwind
|upkeep
|turn|7
|
|t:|1785683598
|move|p2a: Whimsicott|Moonblast|p1b: Staraptor
|-supereffective|p1b: Staraptor|1
|-damage|p1b: Staraptor|0 fnt
|faint|p1b: Staraptor
|move|p1a: Milotic|Scald|p2a: Whimsicott
|-resisted|p2a: Whimsicott|1
|-damage|p2a: Whimsicott|18/100
|move|p2b: Garchomp|Dragon Claw|p1a: Milotic
|-damage|p1a: Milotic|6/100
|-enditem|p1a: Milotic|Sitrus Berry|[eat]
|-heal|p1a: Milotic|31/100|[from] item: Sitrus Berry
|-damage|p2b: Garchomp|3/100|[from] item: Life Orb
|
|upkeep
|turn|8
|-message|mikewwm8 forfeited.
|
|win|Leon000
||mikewwm8 is ready for game 2.
||Leon000 is ready for game 2.
|uhtml|next|Next: Game 2 of 3
