|j|☆serbol03
|j|☆goatdengo77
|html|serbol03goatdengo77    
|uhtml|bestof|Game 3 of a best-of-3
|t:|1756918107
|gametype|doubles
|player|p1|serbol03|giovanni|1196
|player|p2|goatdengo77|265|1092
|gen|9
|tier|[Gen 9] VGC 2025 Reg H (Bo3)
|rated|
|rule|Species Clause: Limit one of each Pokémon
|rule|Item Clause: Limit 1 of each item
|clearpoke
|poke|p1|Porygon2, L50|
|poke|p1|Incineroar, L50, M|
|poke|p1|Ursaluna, L50, F|
|poke|p1|Amoonguss, L50, F|
|poke|p1|Gholdengo, L50|
|poke|p1|Dragonite, L50, M|
|poke|p2|Pelipper, L50, F|
|poke|p2|Archaludon, L50, M|
|poke|p2|Incineroar, L50, F|
|poke|p2|Gholdengo, L50|
|poke|p2|Amoonguss, L50, F|
|poke|p2|Indeedee, L50, M|
|teampreview|4
|showteam|p1|Porygon2||Eviolite|Download|TeraBlast,IceBeam,Recover,TrickRoom||||||50|,,,,,Fighting]Incineroar||SafetyGoggles|Intimidate|FakeOut,KnockOff,FlareBlitz,PartingShot|||M|||50|,,,,,Ghost]Ursaluna||FlameOrb|Guts|HeadlongRush,Facade,Earthquake,Protect|||F|||50|,,,,,Ghost]Amoonguss||SitrusBerry|Regenerator|PollenPuff,Spore,RagePowder,Protect|||F|||50|,,,,,Water]Gholdengo||LifeOrb|GoodasGold|MakeItRain,ShadowBall,NastyPlot,Protect||||||50|,,,,,Water]Dragonite||LoadedDice|Multiscale|ScaleShot,Haze,Tailwind,Protect|||M|||50|,,,,,Steel
|showteam|p2|Pelipper||FocusSash|Drizzle|Hurricane,WeatherBall,WideGuard,Protect|||F|||50|,,,,,Ghost]Archaludon||AssaultVest|Stamina|ElectroShot,DracoMeteor,BodyPress,Snarl|||M|||50|,,,,,Grass]Incineroar||SafetyGoggles|Intimidate|FakeOut,FlareBlitz,KnockOff,PartingShot|||F|||50|,,,,,Bug]Gholdengo||Leftovers|GoodasGold|MakeItRain,ShadowBall,NastyPlot,Protect||||||50|,,,,,Water]Amoonguss||RockyHelmet|Regenerator|Spore,RagePowder,PollenPuff,ClearSmog|||F|||50|,,,,,Ghost]Indeedee||ChoiceScarf|PsychicSurge|ExpandingForce,DazzlingGleam,HyperVoice,TrickRoom|||M|||50|,,,,,Psychic
|
|t:|1756918143
|teamsize|p1|4
|teamsize|p2|4
|start
|switch|p1a: Gholdengo|Gholdengo, L50|100/100
|switch|p1b: Amoonguss|Amoonguss, L50, F|100/100
|switch|p2a: Incineroar|Incineroar, L50, F|100/100
|switch|p2b: Gholdengo|Gholdengo, L50|100/100
|-ability|p2a: Incineroar|Intimidate|boost
|-unboost|p1a: Gholdengo|atk|1
|-unboost|p1b: Amoonguss|atk|1
|turn|1
|inactive|Battle timer is ON: inactive players will automatically lose when time's up. (requested by goatdengo77)
|inactive|serbol03 has 60 seconds left.
|
|t:|1756918176
|switch|p1b: Ursaluna|Ursaluna, L50, F|100/100
|-terastallize|p1a: Gholdengo|Water
|-terastallize|p2b: Gholdengo|Water
|move|p1a: Gholdengo|Nasty Plot|p1a: Gholdengo
|-boost|p1a: Gholdengo|spa|2
|move|p2b: Gholdengo|Nasty Plot|p2b: Gholdengo
|-boost|p2b: Gholdengo|spa|2
|move|p2a: Incineroar|Knock Off|p1a: Gholdengo
|-damage|p1a: Gholdengo|59/100
|-enditem|p1a: Gholdengo|Life Orb|[from] move: Knock Off|[of] p2a: Incineroar
|
|-status|p1b: Ursaluna|brn|[from] item: Flame Orb
|upkeep
|turn|2
|inactive|serbol03 has 30 seconds left.
|
|t:|1756918202
|move|p1a: Gholdengo|Shadow Ball|p2b: Gholdengo
|-damage|p2b: Gholdengo|16/100
|move|p2b: Gholdengo|Make It Rain|p1b: Ursaluna|[spread] p1a,p1b
|-resisted|p1a: Gholdengo
|-damage|p1a: Gholdengo|5/100
|-damage|p1b: Ursaluna|20/100 brn
|-unboost|p2b: Gholdengo|spa|1
|move|p1b: Ursaluna|Facade|p2a: Incineroar
|-damage|p2a: Incineroar|1/100
|move|p2a: Incineroar|Parting Shot|p1b: Ursaluna
|-unboost|p1b: Ursaluna|atk|1
|-unboost|p1b: Ursaluna|spa|1
|
|t:|1756918218
|switch|p2a: Archaludon|Archaludon, L50, M|100/100|[from] Parting Shot
|
|-heal|p2b: Gholdengo|22/100|[from] item: Leftovers
|-damage|p1b: Ursaluna|14/100 brn|[from] brn
|upkeep
|turn|3
|
|t:|1756918239
|switch|p1b: Amoonguss|Amoonguss, L50, F|100/100
|move|p1a: Gholdengo|Protect|p1a: Gholdengo
|-singleturn|p1a: Gholdengo|Protect
|move|p2b: Gholdengo|Make It Rain|p1a: Gholdengo|[spread] p1b
|-activate|p1a: Gholdengo|move: Protect
|-damage|p1b: Amoonguss|41/100
|-unboost|p2b: Gholdengo|spa|1
|-enditem|p1b: Amoonguss|Sitrus Berry|[eat]
|-heal|p1b: Amoonguss|66/100|[from] item: Sitrus Berry
|move|p2a: Archaludon|Snarl|p1b: Amoonguss|[spread] p1b
|-activate|p1a: Gholdengo|move: Protect
|-damage|p1b: Amoonguss|53/100
|-unboost|p1b: Amoonguss|spa|1
|
|-heal|p2b: Gholdengo|29/100|[from] item: Leftovers
|upkeep
|turn|4
|inactive|serbol03 has 30 seconds left.
|
|t:|1756918266
|move|p1a: Gholdengo|Make It Rain|p2b: Gholdengo|[spread] p2a,p2b
|-resisted|p2a: Archaludon
|-resisted|p2b: Gholdengo
|-damage|p2a: Archaludon|61/100
|-damage|p2b: Gholdengo|0 fnt
|-unboost|p1a: Gholdengo|spa|1
|-ability|p2a: Archaludon|Stamina|boost
|-boost|p2a: Archaludon|def|1
|faint|p2b: Gholdengo
|move|p2a: Archaludon|Snarl|p1b: Amoonguss|[spread] p1a,p1b
|-damage|p1a: Gholdengo|0 fnt
|-damage|p1b: Amoonguss|39/100
|-unboost|p1b: Amoonguss|spa|1
|faint|p1a: Gholdengo
|move|p1b: Amoonguss|Spore|p2a: Archaludon
|-status|p2a: Archaludon|slp|[from] move: Spore
|
|upkeep
|inactive|serbol03 has 30 seconds left.
|
|t:|1756918292
|switch|p1a: Ursaluna|Ursaluna, L50, F|14/100 brn
|switch|p2b: Incineroar|Incineroar, L50, F|1/100
|-ability|p2b: Incineroar|Intimidate|boost
|-unboost|p1a: Ursaluna|atk|1
|-unboost|p1b: Amoonguss|atk|1
|turn|5
|
|t:|1756918307
|move|p1a: Ursaluna|Protect|p1a: Ursaluna
|-singleturn|p1a: Ursaluna|Protect
|move|p2b: Incineroar|Fake Out|p1a: Ursaluna
|-activate|p1a: Ursaluna|move: Protect
|cant|p2a: Archaludon|slp
|move|p1b: Amoonguss|Pollen Puff|p2b: Incineroar
|-damage|p2b: Incineroar|0 fnt
|faint|p2b: Incineroar
|
|-damage|p1a: Ursaluna|8/100 brn|[from] brn
|upkeep
|
|t:|1756918314
|switch|p2b: Pelipper|Pelipper, L50, F|100/100
|-weather|RainDance|[from] ability: Drizzle|[of] p2b: Pelipper
|turn|6
|
|t:|1756918331
|move|p1b: Amoonguss|Rage Powder|p1b: Amoonguss
|-singleturn|p1b: Amoonguss|move: Rage Powder
|move|p2b: Pelipper|Weather Ball|p1b: Amoonguss
|-resisted|p1b: Amoonguss
|-damage|p1b: Amoonguss|12/100
|-curestatus|p2a: Archaludon|slp|[msg]
|move|p2a: Archaludon|Snarl|p1b: Amoonguss|[spread] p1a,p1b
|-damage|p1a: Ursaluna|0 fnt
|-damage|p1b: Amoonguss|0 fnt
|faint|p1a: Ursaluna
|faint|p1b: Amoonguss
|
|-weather|RainDance|[upkeep]
|upkeep
|
|t:|1756918344
|switch|p1a: Dragonite|Dragonite, L50, M|100/100
|turn|7
|c|☆serbol03|1twu
|c|☆serbol03|yuppy
|
|t:|1756918365
|move|p1a: Dragonite|Scale Shot|p2b: Pelipper
|-damage|p2b: Pelipper|80/100
|-damage|p2b: Pelipper|59/100
|-damage|p2b: Pelipper|41/100
|-damage|p2b: Pelipper|20/100
|-hitcount|p2b: Pelipper|4
|-unboost|p1a: Dragonite|def|1
|-boost|p1a: Dragonite|spe|1
|move|p2b: Pelipper|Hurricane|p1a: Dragonite
|-damage|p1a: Dragonite|76/100
|move|p2a: Archaludon|Electro Shot||[still]
|-prepare|p2a: Archaludon|Electro Shot
|-boost|p2a: Archaludon|spa|1
|-anim|p2a: Archaludon|Electro Shot|p1a: Dragonite
|-damage|p1a: Dragonite|0 fnt
|faint|p1a: Dragonite
|
|win|goatdengo77
|raw|serbol03's rating: 1196 → 1164(-32 for losing)
|raw|goatdengo77's rating: 1092 → 1126(+34 for winning)
