|j|☆lolgz
|j|☆katkraydel
|html|lolgzkatkraydel    
|uhtml|bestof|Game 2 of a best-of-3
|t:|1782429199
|gametype|doubles
|player|p1|lolgz|dawn|1194
|player|p2|katkraydel|lebanne|1286
|gen|9
|tier|[Gen 9 Champions] VGC 2026 Reg M-B (Bo3)
|rated|
|rule|Species Clause: Limit one of each Pokémon
|rule|Item Clause: Limit 1 of each item
|clearpoke
|poke|p1|Mawile, L50, F|
|poke|p1|Sneasler, L50, M|
|poke|p1|Farigiraf, L50, M|
|poke|p1|Ampharos, L50, M|
|poke|p1|Vileplume, L50, F|
|poke|p1|Torkoal, L50, M|
|poke|p2|Torkoal, L50, F|
|poke|p2|Farigiraf, L50, M|
|poke|p2|Sylveon, L50, M|
|poke|p2|Kingambit, L50, F|
|poke|p2|Vileplume, L50, F|
|poke|p2|Kangaskhan, L50, F|
|teampreview|4
|showteam|p1|Mawile||Mawilite|HyperCutter|PlayRough,SuckerPunch,SwordsDance,Protect|Serious||F|||50|]Sneasler||IronBall|PoisonTouch|FakeOut,DireClaw,CloseCombat,RockTomb|Brave||M|||50|]Farigiraf||SitrusBerry|ArmorTail|TrickRoom,Thunderbolt,Psychic,HelpingHand|Relaxed||M|||50|]Ampharos||Ampharosite|Static|Thunderbolt,DragonPulse,Protect,FocusBlast|Brave||M|||50|]Vileplume||FocusSash|Chlorophyll|SleepPowder,SludgeBomb,EnergyBall,AfterYou|Timid||F|||50|]Torkoal||Charcoal|Drought|Eruption,WeatherBall,EarthPower,Protect|Quiet||M|||50|
|showteam|p2|Torkoal||Charcoal|Drought|Eruption,HeatWave,WeatherBall,Protect|Quiet||F|||50|]Farigiraf||SitrusBerry|ArmorTail|HyperVoice,Psychic,TrickRoom,Protect|Relaxed||M|||50|]Sylveon||LifeOrb|Pixilate|HyperVoice,HyperBeam,QuickAttack,Protect|Quiet||M|||50|]Kingambit||OccaBerry|Defiant|KowtowCleave,SuckerPunch,LowKick,IronHead|Brave||F|||50|]Vileplume||FocusSash|Chlorophyll|SludgeBomb,EnergyBall,SleepPowder,AfterYou|Timid||F|||50|]Kangaskhan||Kangaskhanite|Scrappy|DoubleEdge,DrainPunch,FakeOut,SuckerPunch|Adamant||F|||50|
|inactive|Battle timer is ON: inactive players will automatically lose when time's up. (requested by lolgz)
|
|t:|1782429214
|teamsize|p1|4
|teamsize|p2|4
|start
|switch|p1a: Farigiraf|Farigiraf, L50, M|100/100
|switch|p1b: Torkoal|Torkoal, L50, M|100/100
|switch|p2a: Sylveon|Sylveon, L50, M|100/100
|switch|p2b: Farigiraf|Farigiraf, L50, M|100/100
|-weather|SunnyDay|[from] ability: Drought|[of] p1b: Torkoal
|turn|1
|
|t:|1782429225
|move|p2a: Sylveon|Hyper Voice|p1a: Farigiraf|[spread] p1a,p1b
|-resisted|p1b: Torkoal|1
|-damage|p1a: Farigiraf|50/100g
|-damage|p1b: Torkoal|67/100
|-damage|p2a: Sylveon|90/100|[from] item: Life Orb
|move|p2b: Farigiraf|Hyper Voice|p1b: Torkoal|[spread] p1a,p1b
|-damage|p1a: Farigiraf|26/100
|-damage|p1b: Torkoal|35/100
|-enditem|p1a: Farigiraf|Sitrus Berry|[eat]
|-heal|p1a: Farigiraf|51/100|[from] item: Sitrus Berry
|move|p1b: Torkoal|Weather Ball|p2a: Sylveon
|-damage|p2a: Sylveon|37/100
|move|p1a: Farigiraf|Trick Room|p1a: Farigiraf
|-fieldstart|move: Trick Room|[of] p1a: Farigiraf
|
|-weather|SunnyDay|[upkeep]
|upkeep
|turn|2
|
|t:|1782429238
|switch|p1a: Ampharos|Ampharos, L50, M|100/100
|move|p2a: Sylveon|Protect|p2a: Sylveon
|-singleturn|p2a: Sylveon|Protect
|move|p1b: Torkoal|Weather Ball|p2a: Sylveon
|-activate|p2a: Sylveon|move: Protect
|move|p2b: Farigiraf|Psychic|p1b: Torkoal
|-damage|p1b: Torkoal|0 fnt
|faint|p1b: Torkoal
|
|-weather|SunnyDay|[upkeep]
|upkeep
|
|t:|1782429243
|switch|p1b: Sneasler|Sneasler, L50, M|100/100
|turn|3
|
|t:|1782429256
|switch|p2a: Torkoal|Torkoal, L50, F|100/100
|detailschange|p1a: Ampharos|Ampharos-Mega, L50, M
|-mega|p1a: Ampharos|Ampharos|Ampharosite
|-ability|p1a: Ampharos|Mold Breaker
|move|p1a: Ampharos|Dragon Pulse|p2b: Farigiraf
|-damage|p2b: Farigiraf|53/100
|move|p1b: Sneasler|Dire Claw|p2a: Torkoal
|-damage|p2a: Torkoal|63/100
|-status|p2a: Torkoal|psn|[from] ability: Poison Touch|[of] p1b: Sneasler
|move|p2b: Farigiraf|Psychic|p1b: Sneasler
|-supereffective|p1b: Sneasler|2
|-damage|p1b: Sneasler|0 fnt
|faint|p1b: Sneasler
|
|-weather|SunnyDay|[upkeep]
|-damage|p2a: Torkoal|51/100 psn|[from] psn
|upkeep
|
|t:|1782429264
|switch|p1b: Farigiraf|Farigiraf, L50, M|51/100
|turn|4
|
|t:|1782429272
|move|p2a: Torkoal|Weather Ball|p1b: Farigiraf
|-crit|p1b: Farigiraf
|-damage|p1b: Farigiraf|0 fnt
|faint|p1b: Farigiraf
|move|p1a: Ampharos|Dragon Pulse|p2a: Torkoal
|-damage|p2a: Torkoal|0 fnt
|faint|p2a: Torkoal
|move|p2b: Farigiraf|Psychic|p1a: Ampharos
|-damage|p1a: Ampharos|69/100
|
|-weather|SunnyDay|[upkeep]
|upkeep
|
|t:|1782429281
|switch|p2a: Kangaskhan|Kangaskhan, L50, F|100/100
|turn|5
|-message|lolgz forfeited.
|raw|lolgz's rating: 1194 → 1175(-19 for losing)
|raw|katkraydel's rating: 1286 → 1305(+19 for winning)
|
|win|katkraydel
