|j|☆r4ka
|j|☆ansufati7
|html|r4kaansufati7    
|uhtml|bestof|Game 2 of a best-of-3
|t:|1757187125
|gametype|doubles
|player|p1|r4ka|101|1277
|player|p2|ansufati7|ethan|1202
|gen|9
|tier|[Gen 9] VGC 2025 Reg H (Bo3)
|rated|
|rule|Species Clause: Limit one of each Pokémon
|rule|Item Clause: Limit 1 of each item
|clearpoke
|poke|p1|Rillaboom, L50, F|
|poke|p1|Dragonite, L50, M|
|poke|p1|Sneasler, L50, M|
|poke|p1|Kingambit, L50, M|
|poke|p1|Electabuzz, L50, M|
|poke|p1|Volcarona, L50, M|
|poke|p2|Pelipper, L50, F|
|poke|p2|Archaludon, L50, F|
|poke|p2|Incineroar, L50, M|
|poke|p2|Amoonguss, L50, F|
|poke|p2|Kingdra, L50, M|
|poke|p2|Sneasler, L50, F|
|teampreview|4
|showteam|p1|Rillaboom||AssaultVest|GrassySurge|FakeOut,HighHorsepower,WoodHammer,GrassyGlide|||F|||50|,,,,,Fire]Dragonite||LoadedDice|Multiscale|ExtremeSpeed,ScaleShot,Protect,Haze|||M|||50|,,,,,Steel]Sneasler||FocusSash|PoisonTouch|DireClaw,CloseCombat,FakeOut,Coaching|||M|||50|,,,,,Stellar]Kingambit||BlackGlasses|Defiant|KowtowCleave,SuckerPunch,SwordsDance,Protect|||M|||50|,,,,,Ghost]Electabuzz||Eviolite|VitalSpirit|Thunderbolt,Taunt,Protect,FollowMe|||M|||50|,,,,,Ghost]Volcarona||Leftovers|FlameBody|HeatWave,TeraBlast,QuiverDance,Protect|||M|||50|,,,,,Fairy
|showteam|p2|Pelipper||CovertCloak|Drizzle|Tailwind,WideGuard,WeatherBall,Hurricane|||F|||50|,,,,,Ground]Archaludon||AssaultVest|Stamina|DracoMeteor,ElectroShot,BodyPress,FlashCannon|||F|||50|,,,,,Flying]Incineroar||SafetyGoggles|Intimidate|FakeOut,KnockOff,PartingShot,Protect|||M|||50|,,,,,Ghost]Amoonguss||SitrusBerry|Regenerator|Spore,ClearSmog,PollenPuff,RagePowder|||F|||50|,,,,,Dark]Kingdra||LifeOrb|SwiftSwim|DracoMeteor,WeatherBall,MuddyWater,Hurricane|||M|||50|,,,,,Stellar]Sneasler||FocusSash|Unburden|DireClaw,CloseCombat,ThroatChop,Protect|||F|||50|,,,,,Ghost
|
|t:|1757187136
|teamsize|p1|4
|teamsize|p2|4
|start
|switch|p1a: Rillaboom|Rillaboom, L50, F|100/100
|switch|p1b: Sneasler|Sneasler, L50, M|100/100
|switch|p2a: Pelipper|Pelipper, L50, F|100/100
|switch|p2b: Archaludon|Archaludon, L50, F|100/100
|-weather|RainDance|[from] ability: Drizzle|[of] p2a: Pelipper
|-fieldstart|move: Grassy Terrain|[from] ability: Grassy Surge|[of] p1a: Rillaboom
|turn|1
|
|t:|1757187153
|move|p1b: Sneasler|Close Combat|p2b: Archaludon
|-supereffective|p2b: Archaludon
|-damage|p2b: Archaludon|0 fnt
|-unboost|p1b: Sneasler|def|1
|-unboost|p1b: Sneasler|spd|1
|faint|p2b: Archaludon
|move|p2a: Pelipper|Weather Ball|p1a: Rillaboom
|-resisted|p1a: Rillaboom
|-damage|p1a: Rillaboom|75/100
|move|p1a: Rillaboom|Wood Hammer|p2a: Pelipper
|-damage|p2a: Pelipper|1/100
|-damage|p1a: Rillaboom|53/100|[from] Recoil
|
|-weather|RainDance|[upkeep]
|-heal|p1a: Rillaboom|59/100|[from] Grassy Terrain
|upkeep
|
|t:|1757187169
|switch|p2b: Sneasler|Sneasler, L50, F|100/100
|turn|2
|
|t:|1757187187
|move|p1a: Rillaboom|Grassy Glide|p2a: Pelipper
|-damage|p2a: Pelipper|0 fnt
|faint|p2a: Pelipper
|move|p2b: Sneasler|Dire Claw|p1a: Rillaboom
|-supereffective|p1a: Rillaboom
|-damage|p1a: Rillaboom|0 fnt
|faint|p1a: Rillaboom
|move|p1b: Sneasler|Close Combat|p2b: Sneasler
|-resisted|p2b: Sneasler
|-damage|p2b: Sneasler|47/100
|-unboost|p1b: Sneasler|def|1
|-unboost|p1b: Sneasler|spd|1
|
|-weather|RainDance|[upkeep]
|-heal|p2b: Sneasler|53/100|[from] Grassy Terrain
|upkeep
|
|t:|1757187203
|switch|p2a: Incineroar|Incineroar, L50, M|100/100
|switch|p1a: Electabuzz|Electabuzz, L50, M|100/100
|-ability|p2a: Incineroar|Intimidate|boost
|-unboost|p1a: Electabuzz|atk|1
|-unboost|p1b: Sneasler|atk|1
|turn|3
|
|t:|1757187227
|switch|p1b: Kingambit|Kingambit, L50, M, shiny|100/100
|-terastallize|p1a: Electabuzz|Ghost
|move|p2a: Incineroar|Fake Out|p1b: Kingambit
|-resisted|p1b: Kingambit
|-damage|p1b: Kingambit|97/100
|move|p1a: Electabuzz|Follow Me|p1a: Electabuzz
|-singleturn|p1a: Electabuzz|move: Follow Me
|move|p2b: Sneasler|Dire Claw|p1a: Electabuzz
|-resisted|p1a: Electabuzz
|-damage|p1a: Electabuzz|85/100
|-status|p1a: Electabuzz|psn
|
|-weather|RainDance|[upkeep]
|-heal|p2b: Sneasler|59/100|[from] Grassy Terrain
|-heal|p1a: Electabuzz|91/100 psn|[from] Grassy Terrain
|-heal|p1b: Kingambit|100/100|[from] Grassy Terrain
|-damage|p1a: Electabuzz|78/100 psn|[from] psn
|upkeep
|turn|4
|
|t:|1757187257
|move|p1a: Electabuzz|Follow Me|p1a: Electabuzz
|-singleturn|p1a: Electabuzz|move: Follow Me
|move|p1b: Kingambit|Sucker Punch|p2b: Sneasler
|-resisted|p2b: Sneasler
|-damage|p2b: Sneasler|13/100
|move|p2b: Sneasler|Close Combat|p1a: Electabuzz
|-immune|p1a: Electabuzz
|move|p2a: Incineroar|Knock Off|p1a: Electabuzz
|-supereffective|p1a: Electabuzz
|-damage|p1a: Electabuzz|21/100 psn
|-enditem|p1a: Electabuzz|Eviolite|[from] move: Knock Off|[of] p2a: Incineroar
|
|-weather|RainDance|[upkeep]
|-heal|p2b: Sneasler|19/100|[from] Grassy Terrain
|-heal|p1a: Electabuzz|27/100 psn|[from] Grassy Terrain
|-damage|p1a: Electabuzz|15/100 psn|[from] psn
|upkeep
|turn|5
|
|t:|1757187275
|move|p2b: Sneasler|Protect|p2b: Sneasler
|-singleturn|p2b: Sneasler|Protect
|move|p1b: Kingambit|Protect|p1b: Kingambit
|-singleturn|p1b: Kingambit|Protect
|move|p1a: Electabuzz|Thunderbolt|p2b: Sneasler
|-activate|p2b: Sneasler|move: Protect
|move|p2a: Incineroar|Knock Off|p1a: Electabuzz
|-supereffective|p1a: Electabuzz
|-damage|p1a: Electabuzz|0 fnt
|faint|p1a: Electabuzz
|
|-weather|none
|-heal|p2b: Sneasler|25/100|[from] Grassy Terrain
|-fieldend|move: Grassy Terrain
|upkeep
|
|t:|1757187287
|switch|p1a: Sneasler|Sneasler, L50, M|100/100
|turn|6
|
|t:|1757187303
|-terastallize|p2a: Incineroar|Ghost
|move|p1b: Kingambit|Sucker Punch|p2a: Incineroar
|-supereffective|p2a: Incineroar
|-damage|p2a: Incineroar|20/100
|move|p1a: Sneasler|Close Combat|p2b: Sneasler
|-resisted|p2b: Sneasler
|-damage|p2b: Sneasler|0 fnt
|-unboost|p1a: Sneasler|def|1
|-unboost|p1a: Sneasler|spd|1
|faint|p2b: Sneasler
|move|p2a: Incineroar|Knock Off|p1a: Sneasler
|-resisted|p1a: Sneasler
|-damage|p1a: Sneasler|54/100
|-enditem|p1a: Sneasler|Focus Sash|[from] move: Knock Off|[of] p2a: Incineroar
|
|upkeep
|turn|7
|-message|ansufati7 forfeited.
|
|win|r4ka
|raw|r4ka's rating: 1277 → 1297(+20 for winning)
|raw|ansufati7's rating: 1202 → 1182(-20 for losing)
|l|☆ansufati7
|player|p2|
