|j|☆claudiusmaximus125
|j|☆ExessVGC
|html|claudiusmaximus125ExessVGC    
|uhtml|bestof|Game 1 of a best-of-3
|t:|1756329102
|gametype|doubles
|player|p1|claudiusmaximus125|ghetsis-gen5bw|1171
|player|p2|ExessVGC|1|1103
|gen|9
|tier|[Gen 9] VGC 2025 Reg H (Bo3)
|rated|
|rule|Species Clause: Limit one of each Pokémon
|rule|Item Clause: Limit 1 of each item
|clearpoke
|poke|p1|Sneasler, L50, F|
|poke|p1|Indeedee, L50, M|
|poke|p1|Dragonite, L50, F|
|poke|p1|Gholdengo, L50|
|poke|p1|Amoonguss, L50, M|
|poke|p1|Ursaluna-Bloodmoon, L50, M|
|poke|p2|Talonflame, L50, F|
|poke|p2|Dragapult, L50, M|
|poke|p2|Farigiraf, L50, M|
|poke|p2|Ursaluna, L50, F|
|poke|p2|Sinistcha-Masterpiece, L50|
|poke|p2|Incineroar, L50, M|
|teampreview|4
|showteam|p1|Sneasler||PsychicSeed|Unburden|DireClaw,CloseCombat,ThroatChop,Coaching|||F|||50|,,,,,Stellar]Indeedee||ChoiceScarf|PsychicSurge|ExpandingForce,Psychic,DazzlingGleam,ShadowBall|||M|||50|,,,,,Fairy]Dragonite||LoadedDice|Multiscale|ScaleShot,TeraBlast,Tailwind,Protect|||F|||50|,,,,,Flying]Gholdengo||LifeOrb|GoodasGold|MakeItRain,ShadowBall,NastyPlot,Protect||||||50|,,,,,Water]Amoonguss||SitrusBerry|Regenerator|Spore,RagePowder,ClearSmog,Protect|||M|||50|,,,,,Water]Ursaluna-Bloodmoon||ThroatSpray|MindsEye|BloodMoon,EarthPower,HyperVoice,Protect|||M|||50|,,,,,Normal
|showteam|p2|Talonflame||CovertCloak|GaleWings|DualWingbeat,Tailwind,Taunt,SunnyDay|||F|||50|,,,,,Grass]Dragapult||ChoiceBand|ClearBody|DragonDarts,PhantomForce,Uturn,Outrage|||M|||50|,,,,,Dragon]Farigiraf||SitrusBerry|ArmorTail|TrickRoom,PsychicNoise,DazzlingGleam,HelpingHand|||M|||50|,,,,,Fairy]Ursaluna||FlameOrb|Guts|Facade,HeadlongRush,Earthquake,Protect|||F|||50|,,,,,Normal]Sinistcha-Masterpiece||RockyHelmet|Hospitality|RagePowder,TrickRoom,MatchaGotcha,StrengthSap||||||50|,,,,,Fire]Incineroar||AssaultVest|Intimidate|FakeOut,FlareBlitz,Uturn,KnockOff|||M|||50|,,,,,Grass
|
|t:|1756329175
|teamsize|p1|4
|teamsize|p2|4
|start
|switch|p1a: Indeedee|Indeedee, L50, M|100/100
|switch|p1b: Sneasler|Sneasler, L50, F|100/100
|switch|p2a: Talonflame|Talonflame, L50, F|100/100
|switch|p2b: Dragapult|Dragapult, L50, M|100/100
|-fieldstart|move: Psychic Terrain|[from] ability: Psychic Surge|[of] p1a: Indeedee
|-enditem|p1b: Sneasler|Psychic Seed
|-boost|p1b: Sneasler|spd|1|[from] item: Psychic Seed
|turn|1
|
|t:|1756329225
|move|p2a: Talonflame|Tailwind|p2a: Talonflame
|-sidestart|p2: ExessVGC|move: Tailwind
|move|p2b: Dragapult|U-turn|p1a: Indeedee
|-supereffective|p1a: Indeedee
|-damage|p1a: Indeedee|0 fnt
|faint|p1a: Indeedee
|
|t:|1756329230
|switch|p2b: Incineroar|Incineroar, L50, M|100/100|[from] U-turn
|-ability|p2b: Incineroar|Intimidate|boost
|-unboost|p1b: Sneasler|atk|1
|move|p1b: Sneasler|Throat Chop|p2b: Incineroar
|-resisted|p2b: Incineroar
|-damage|p2b: Incineroar|93/100
|-start|p2b: Incineroar|Throat Chop|[silent]
|
|upkeep
|
|t:|1756329244
|switch|p1a: Ursaluna|Ursaluna-Bloodmoon, L50, M|100/100
|turn|2
|
|t:|1756329289
|-terastallize|p1a: Ursaluna|Normal
|move|p2b: Incineroar|Fake Out|p2a: Talonflame
|-damage|p2a: Talonflame|84/100
|move|p2a: Talonflame|Dual Wingbeat|p1b: Sneasler
|-supereffective|p1b: Sneasler
|-damage|p1b: Sneasler|42/100
|-supereffective|p1b: Sneasler
|-damage|p1b: Sneasler|0 fnt
|faint|p1b: Sneasler
|-hitcount|p1: Sneasler|2
|move|p1a: Ursaluna|Hyper Voice|p2a: Talonflame|[spread] p2a,p2b
|-damage|p2a: Talonflame|0 fnt
|-damage|p2b: Incineroar|56/100
|faint|p2a: Talonflame
|-enditem|p1a: Ursaluna|Throat Spray
|-boost|p1a: Ursaluna|spa|1|[from] item: Throat Spray
|
|-end|p2b: Incineroar|Throat Chop|[silent]
|upkeep
|
|t:|1756329311
|switch|p2a: Sinistcha|Sinistcha-Masterpiece, L50|100/100
|switch|p1b: Amoonguss|Amoonguss, L50, M|100/100
|-heal|p2b: Incineroar|81/100|[from] ability: Hospitality|[of] p2a: Sinistcha
|turn|3
|
|t:|1756329343
|-terastallize|p2b: Incineroar|Grass
|move|p1b: Amoonguss|Protect|p1b: Amoonguss
|-singleturn|p1b: Amoonguss|Protect
|move|p2a: Sinistcha|Matcha Gotcha|p1a: Ursaluna|[spread] p1a
|-activate|p1b: Amoonguss|move: Protect
|-damage|p1a: Ursaluna|70/100
|move|p2b: Incineroar|Flare Blitz|p1a: Ursaluna
|-damage|p1a: Ursaluna|33/100
|-damage|p2b: Incineroar|69/100|[from] Recoil
|move|p1a: Ursaluna|Blood Moon|p2b: Incineroar
|-damage|p2b: Incineroar|0 fnt
|faint|p2b: Incineroar
|
|upkeep
|
|t:|1756329359
|switch|p2b: Dragapult|Dragapult, L50, M|100/100
|turn|4
|
|t:|1756329380
|move|p1a: Ursaluna|Protect|p1a: Ursaluna
|-singleturn|p1a: Ursaluna|Protect
|move|p2b: Dragapult|Dragon Darts|p1b: Amoonguss
|-damage|p1b: Amoonguss|66/100
|-anim|p2b: Dragapult|Dragon Darts|p1b: Amoonguss
|-damage|p1b: Amoonguss|34/100
|-enditem|p1b: Amoonguss|Sitrus Berry|[eat]
|-heal|p1b: Amoonguss|58/100|[from] item: Sitrus Berry
|move|p2a: Sinistcha|Matcha Gotcha|p1b: Amoonguss|[spread] p1b
|-activate|p1a: Ursaluna|move: Protect
|-resisted|p1b: Amoonguss
|-damage|p1b: Amoonguss|53/100
|move|p1b: Amoonguss|Spore|p2b: Dragapult
|-status|p2b: Dragapult|slp|[from] move: Spore
|
|-sideend|p2: ExessVGC|move: Tailwind
|upkeep
|turn|5
|
|t:|1756329407
|cant|p2b: Dragapult|slp
|move|p2a: Sinistcha|Matcha Gotcha|p1a: Ursaluna|[spread] p1a,p1b
|-resisted|p1b: Amoonguss
|-damage|p1a: Ursaluna|5/100
|-damage|p1b: Amoonguss|47/100
|-status|p1a: Ursaluna|brn
|move|p1a: Ursaluna|Blood Moon|p2b: Dragapult
|-damage|p2b: Dragapult|0 fnt
|faint|p2b: Dragapult
|move|p1b: Amoonguss|Clear Smog|p2a: Sinistcha
|-damage|p2a: Sinistcha|84/100
|-clearboost|p2a: Sinistcha
|
|-damage|p1a: Ursaluna|0 fnt|[from] brn
|faint|p1a: Ursaluna
|-fieldend|move: Psychic Terrain
|upkeep
|turn|6
|
|t:|1756329426
|move|p2a: Sinistcha|Matcha Gotcha|p1b: Amoonguss
|-resisted|p1b: Amoonguss
|-damage|p1b: Amoonguss|39/100
|-heal|p2a: Sinistcha|89/100|[from] drain|[of] p1b: Amoonguss
|move|p1b: Amoonguss|Clear Smog|p2a: Sinistcha
|-damage|p2a: Sinistcha|72/100
|-clearboost|p2a: Sinistcha
|
|upkeep
|turn|7
|
|t:|1756329465
|move|p2a: Sinistcha|Matcha Gotcha|p1b: Amoonguss
|-resisted|p1b: Amoonguss
|-damage|p1b: Amoonguss|32/100
|-heal|p2a: Sinistcha|77/100|[from] drain|[of] p1b: Amoonguss
|move|p1b: Amoonguss|Clear Smog|p2a: Sinistcha
|-damage|p2a: Sinistcha|62/100
|-clearboost|p2a: Sinistcha
|
|upkeep
|turn|8
|
|t:|1756329476
|move|p2a: Sinistcha|Matcha Gotcha|p1b: Amoonguss
|-resisted|p1b: Amoonguss
|-damage|p1b: Amoonguss|25/100
|-heal|p2a: Sinistcha|67/100|[from] drain|[of] p1b: Amoonguss
|move|p1b: Amoonguss|Clear Smog|p2a: Sinistcha
|-damage|p2a: Sinistcha|52/100
|-clearboost|p2a: Sinistcha
|
|upkeep
|turn|9
|
|t:|1756329487
|move|p2a: Sinistcha|Matcha Gotcha|p1b: Amoonguss
|-resisted|p1b: Amoonguss
|-damage|p1b: Amoonguss|18/100
|-heal|p2a: Sinistcha|57/100|[from] drain|[of] p1b: Amoonguss
|move|p1b: Amoonguss|Clear Smog|p2a: Sinistcha
|-crit|p2a: Sinistcha
|-damage|p2a: Sinistcha|32/100
|-clearboost|p2a: Sinistcha
|
|upkeep
|turn|10
|
|t:|1756329499
|move|p2a: Sinistcha|Strength Sap|p1b: Amoonguss
|-unboost|p1b: Amoonguss|atk|1
|-heal|p2a: Sinistcha|89/100
|move|p1b: Amoonguss|Clear Smog|p2a: Sinistcha
|-damage|p2a: Sinistcha|74/100
|-clearboost|p2a: Sinistcha
|
|upkeep
|turn|11
|-message|claudiusmaximus125 forfeited.
|
|win|ExessVGC
|l|☆claudiusmaximus125
|player|p1|
||claudiusmaximus125 is ready for game 2.
||ExessVGC is ready for game 2.
|uhtml|next|Next: Game 2 of 3
