|j|☆Can I pet the dog?
|j|☆arapucavgc
|html|Can I pet the dog?arapucavgc    
|uhtml|bestof|Game 1 of a best-of-3
|t:|1785946718
|gametype|doubles
|player|p1|Can I pet the dog?|yancy|1458
|player|p2|arapucavgc|giovanni|1506
|gen|9
|tier|[Gen 9 Champions] VGC 2026 Reg M-B (Bo3)
|rated|
|rule|Species Clause: Limit one of each Pokémon
|rule|Item Clause: Limit 1 of each item
|clearpoke
|poke|p1|Froslass, L50, F|
|poke|p1|Glimmora, L50, F|
|poke|p1|Hydreigon, L50, M|
|poke|p1|Garchomp, L50, F|
|poke|p1|Talonflame, L50, F|
|poke|p1|Basculegion, L50, M|
|poke|p2|Charizard, L50, M|
|poke|p2|Floette-Eternal, L50, F|
|poke|p2|Whimsicott, L50, M|
|poke|p2|Kingambit, L50, M|
|poke|p2|Basculegion, L50, M|
|poke|p2|Garchomp, L50, F|
|teampreview|4
|showteam|p1|Froslass||Froslassite|CursedBody|Blizzard,ShadowBall,AuroraVeil,Protect|Timid||F|||50|]Glimmora||FocusSash|ToxicDebris|PowerGem,SludgeBomb,EarthPower,SpikyShield|Timid||F|||50|]Hydreigon||ChoiceScarf|Levitate|DarkPulse,Snarl,DracoMeteor,EarthPower|Modest||M|||50|]Garchomp||LifeOrb|RoughSkin|Earthquake,StompingTantrum,RockSlide,Protect|Jolly||F|||50|]Talonflame||SharpBeak|GaleWings|FlareBlitz,DualWingbeat,Tailwind,QuickGuard|Jolly||F|||50|]Basculegion||MysticWater|Adaptability|LastRespects,WaveCrash,AquaJet,Protect|Jolly||M|||50|
|showteam|p2|Charizard||CharizarditeY|Blaze|HeatWave,SolarBeam,WeatherBall,Protect|Modest||M|||50|]Floette-Eternal||Floettite|FlowerVeil|Protect,Moonblast,DazzlingGleam,CalmMind|Modest||F|||50|]Whimsicott||FocusSash|Prankster|Moonblast,Tailwind,Encore,Protect|Timid||M|||50|]Kingambit||ChopleBerry|Defiant|KowtowCleave,LowKick,SuckerPunch,IronHead|Adamant||M|||50|]Basculegion||MysticWater|Adaptability|WaveCrash,LastRespects,AquaJet,Protect|Adamant||M|||50|]Garchomp||LifeOrb|RoughSkin|DragonClaw,Earthquake,RockSlide,Protect|Jolly||F|||50|
|inactive|Battle timer is ON: inactive players will automatically lose when time's up. (requested by arapucavgc)
|inactive|Can I pet the dog? also wants the timer to be on.
|
|t:|1785946746
|teamsize|p1|4
|teamsize|p2|4
|start
|switch|p1a: Froslass|Froslass, L50, F|100/100
|switch|p1b: Glimmora|Glimmora, L50, F|100/100
|switch|p2a: Whimsicott|Whimsicott, L50, M|100/100
|switch|p2b: Floette|Floette-Eternal, L50, F|100/100
|turn|1
|
|t:|1785946759
|detailschange|p1a: Froslass|Froslass-Mega, L50, F
|-mega|p1a: Froslass|Froslass|Froslassite
|-weather|Snowscape|[from] ability: Snow Warning|[of] p1a: Froslass
|detailschange|p2b: Floette|Floette-Mega, L50, F
|-mega|p2b: Floette|Floette|Floettite
|-ability|p2b: Floette|Fairy Aura
|move|p2a: Whimsicott|Tailwind|p2a: Whimsicott
|-sidestart|p2: arapucavgc|move: Tailwind
|move|p2b: Floette|Dazzling Gleam|p1a: Froslass|[spread] p1a,p1b
|-resisted|p1b: Glimmora|1
|-damage|p1a: Froslass|41/100
|-damage|p1b: Glimmora|68/100
|move|p1a: Froslass|Aurora Veil|p1a: Froslass
|-sidestart|p1: Can I pet the dog?|move: Aurora Veil
|move|p1b: Glimmora|Sludge Bomb|p2b: Floette
|-supereffective|p2b: Floette|1
|-crit|p2b: Floette
|-damage|p2b: Floette|0 fnt
|faint|p2b: Floette
|
|-weather|Snowscape|[upkeep]
|upkeep
|
|t:|1785946770
|switch|p2b: Kingambit|Kingambit, L50, M|100/100
|turn|2
|
|t:|1785946778
|move|p1b: Glimmora|Spiky Shield|p1b: Glimmora
|-singleturn|p1b: Glimmora|move: Protect
|move|p2a: Whimsicott|Encore|p1b: Glimmora
|-activate|p1b: Glimmora|move: Protect
|move|p2b: Kingambit|Kowtow Cleave|p1a: Froslass
|-supereffective|p1a: Froslass|1
|-crit|p1a: Froslass
|-damage|p1a: Froslass|0 fnt
|faint|p1a: Froslass
|
|-weather|Snowscape|[upkeep]
|upkeep
|
|t:|1785946785
|switch|p1a: Talonflame|Talonflame, L50, F|100/100
|turn|3
|
|t:|1785946803
|move|p1a: Talonflame|Dual Wingbeat|p2a: Whimsicott
|-supereffective|p2a: Whimsicott|1
|-damage|p2a: Whimsicott|43/100
|-supereffective|p2a: Whimsicott|1
|-damage|p2a: Whimsicott|0 fnt
|faint|p2a: Whimsicott
|-hitcount|p2: Whimsicott|2
|move|p2b: Kingambit|Kowtow Cleave|p1a: Talonflame
|-damage|p1a: Talonflame|47/100
|move|p1b: Glimmora|Earth Power|p2b: Kingambit
|-supereffective|p2b: Kingambit|1
|-damage|p2b: Kingambit|38/100
|
|-weather|Snowscape|[upkeep]
|upkeep
|
|t:|1785946807
|switch|p2a: Basculegion|Basculegion, L50, M|100/100
|turn|4
|
|t:|1785946831
|move|p1b: Glimmora|Spiky Shield|p1b: Glimmora
|-singleturn|p1b: Glimmora|move: Protect
|move|p2a: Basculegion|Aqua Jet|p1a: Talonflame
|-supereffective|p1a: Talonflame|1
|-damage|p1a: Talonflame|0 fnt
|faint|p1a: Talonflame
|move|p2b: Kingambit|Iron Head|p1b: Glimmora
|-activate|p1b: Glimmora|move: Protect
|-damage|p2b: Kingambit|26/100|[from] Spiky Shield|[of] p1b: Glimmora
|
|-weather|Snowscape|[upkeep]
|-sideend|p2: arapucavgc|move: Tailwind
|upkeep
|
|t:|1785946834
|switch|p1a: Basculegion|Basculegion, L50, M|100/100
|turn|5
|
|t:|1785946849
|move|p2a: Basculegion|Aqua Jet|p1b: Glimmora
|-supereffective|p1b: Glimmora|1
|-damage|p1b: Glimmora|10/100
|-activate|p1b: Glimmora|ability: Toxic Debris
|-sidestart|p2: arapucavgc|move: Toxic Spikes
|move|p2b: Kingambit|Sucker Punch|p1b: Glimmora
|-damage|p1b: Glimmora|0 fnt
|-activate|p1b: Glimmora|ability: Toxic Debris
|-sidestart|p2: arapucavgc|move: Toxic Spikes
|faint|p1b: Glimmora
|move|p1a: Basculegion|Last Respects|p2a: Basculegion
|-supereffective|p2a: Basculegion|1
|-damage|p2a: Basculegion|0 fnt
|faint|p2a: Basculegion
|
|-weather|none
|-sideend|p1: Can I pet the dog?|move: Aurora Veil
|upkeep
|turn|6
|
|t:|1785946855
|move|p1a: Basculegion|Wave Crash|p2b: Kingambit
|-damage|p2b: Kingambit|0 fnt
|faint|p2b: Kingambit
|-damage|p1a: Basculegion|91/100|[from] Recoil
|
|win|Can I pet the dog?
||Can I pet the dog? is ready for game 2.
||arapucavgc is ready for game 2.
|uhtml|next|Next: Game 2 of 3
