|j|☆thegreatestnone
|j|☆icemonggs
|html|thegreatestnoneicemonggs    
|uhtml|bestof|Game 1 of a best-of-3
|t:|1785008276
|gametype|doubles
|player|p1|thegreatestnone|170|1228
|player|p2|icemonggs|cilan|1304
|gen|9
|tier|[Gen 9 Champions] VGC 2026 Reg M-B (Bo3)
|rated|
|rule|Species Clause: Limit one of each Pokémon
|rule|Item Clause: Limit 1 of each item
|clearpoke
|poke|p1|Staraptor, L50, F|
|poke|p1|Vanilluxe, L50, M|
|poke|p1|Farigiraf, L50, M|
|poke|p1|Blastoise, L50, F|
|poke|p1|Kingambit, L50, M|
|poke|p1|Camerupt, L50, F|
|poke|p2|Dragonite, L50, M, shiny|
|poke|p2|Toxapex, L50, M, shiny|
|poke|p2|Sneasler, L50, F|
|poke|p2|Kingambit, L50, F, shiny|
|poke|p2|Charizard, L50, M, shiny|
|poke|p2|Froslass, L50, F, shiny|
|teampreview|4
|showteam|p1|Staraptor||ChoiceScarf|Intimidate|FinalGambit,BraveBird,CloseCombat,Uturn|Jolly||F|||50|]Vanilluxe||NeverMeltIce|SnowWarning|Blizzard,FreezeDry,Protect,IceShard|Quiet||M|||50|]Farigiraf||SitrusBerry|ArmorTail|PsychicFangs,HyperVoice,HelpingHand,TrickRoom|Relaxed||M|||50|]Blastoise||Blastoisinite|RainDish|FakeOut,WaterSpout,AuraSphere,DarkPulse|Quiet||F|||50|]Kingambit||LifeOrb|Defiant|KowtowCleave,IronHead,Protect,SuckerPunch|Brave||M|||50|]Camerupt||Cameruptite|SolidRock|HeatWave,EarthPower,Protect,AncientPower|Quiet||F|||50|
|showteam|p2|Dragonite||LifeOrb|InnerFocus|DragonClaw,ExtremeSpeed,LowKick,Protect|Adamant||M|||50|]Toxapex||Leftovers|Regenerator|Infestation,Toxic,WideGuard,BanefulBunker|Bold||M|||50|]Sneasler||FocusSash|PoisonTouch|CloseCombat,PoisonJab,FakeOut,Protect|Jolly||F|||50|]Kingambit||BlackGlasses|Defiant|KowtowCleave,SwordsDance,SuckerPunch,Protect|Adamant||F|||50|]Charizard||CharizarditeY|Blaze|HeatWave,WeatherBall,SolarBeam,Protect|Modest||M|||50|]Froslass||Froslassite|CursedBody|Blizzard,ShadowBall,AuroraVeil,Protect|Modest||F|||50|
|inactive|Battle timer is ON: inactive players will automatically lose when time's up. (requested by icemonggs)
|
|t:|1785008325
|teamsize|p1|4
|teamsize|p2|4
|start
|switch|p1a: Farigiraf|Farigiraf, L50, M|100/100
|switch|p1b: Staraptor|Staraptor, L50, F|100/100
|switch|p2a: Froslass|Froslass, L50, F, shiny|100/100
|switch|p2b: Dragonite|Dragonite, L50, M, shiny|100/100
|-ability|p1b: Staraptor|Intimidate|boost
|-unboost|p2a: Froslass|atk|1
|-fail|p2b: Dragonite|unboost|Attack|[from] ability: Inner Focus|[of] p2b: Dragonite
|turn|1
|
|t:|1785008343
|detailschange|p2a: Froslass|Froslass-Mega, L50, F, shiny
|-mega|p2a: Froslass|Froslass|Froslassite
|-weather|Snowscape|[from] ability: Snow Warning|[of] p2a: Froslass
|move|p2b: Dragonite|Protect|p2b: Dragonite
|-singleturn|p2b: Dragonite|Protect
|move|p1b: Staraptor|U-turn|p2a: Froslass
|-resisted|p2a: Froslass|1
|-damage|p2a: Froslass|90/100
|
|t:|1785008349
|switch|p1b: Camerupt|Camerupt, L50, F|100/100|[from] U-turn
|move|p2a: Froslass|Aurora Veil|p2a: Froslass
|-sidestart|p2: icemonggs|move: Aurora Veil
|move|p1a: Farigiraf|Trick Room|p1a: Farigiraf
|-fieldstart|move: Trick Room|[of] p1a: Farigiraf
|
|-weather|Snowscape|[upkeep]
|upkeep
|turn|2
|
|t:|1785008364
|detailschange|p1b: Camerupt|Camerupt-Mega, L50, F
|-mega|p1b: Camerupt|Camerupt|Cameruptite
|move|p2a: Froslass|Protect|p2a: Froslass
|-singleturn|p2a: Froslass|Protect
|move|p1b: Camerupt|Heat Wave|p2b: Dragonite|[spread] p2b
|-activate|p2a: Froslass|move: Protect
|-resisted|p2b: Dragonite|1
|-damage|p2b: Dragonite|83/100
|move|p1a: Farigiraf|Psychic Fangs|p2b: Dragonite
|-sideend|p2: icemonggs|move: Aurora Veil
|-damage|p2b: Dragonite|59/100
|move|p2b: Dragonite|Dragon Claw|p1b: Camerupt
|-damage|p1b: Camerupt|39/100
|-damage|p2b: Dragonite|49/100|[from] item: Life Orb
|
|-weather|Snowscape|[upkeep]
|upkeep
|turn|3
|
|t:|1785008381
|switch|p2a: Sneasler|Sneasler, L50, F|100/100
|move|p1a: Farigiraf|Helping Hand|p1b: Camerupt
|-singleturn|p1b: Camerupt|Helping Hand|[of] p1a: Farigiraf
|move|p2b: Dragonite|Protect|p2b: Dragonite
|-singleturn|p2b: Dragonite|Protect
|move|p1b: Camerupt|Heat Wave|p2b: Dragonite|[spread] p2a
|-activate|p2b: Dragonite|move: Protect
|-enditem|p2a: Sneasler|Focus Sash
|-damage|p2a: Sneasler|1/100
|
|-weather|Snowscape|[upkeep]
|upkeep
|turn|4
|
|t:|1785008395
|move|p1a: Farigiraf|Helping Hand|p1b: Camerupt
|-singleturn|p1b: Camerupt|Helping Hand|[of] p1a: Farigiraf
|move|p2a: Sneasler|Protect|p2a: Sneasler
|-singleturn|p2a: Sneasler|Protect
|move|p1b: Camerupt|Heat Wave|p2a: Sneasler|[spread] p2b
|-activate|p2a: Sneasler|move: Protect
|-resisted|p2b: Dragonite|1
|-damage|p2b: Dragonite|11/100
|move|p2b: Dragonite|Dragon Claw|p1a: Farigiraf
|-damage|p1a: Farigiraf|53/100
|-damage|p2b: Dragonite|1/100|[from] item: Life Orb
|
|-weather|Snowscape|[upkeep]
|upkeep
|turn|5
|
|t:|1785008411
|move|p2b: Dragonite|Protect|p2b: Dragonite
|-singleturn|p2b: Dragonite|Protect
|move|p1b: Camerupt|Heat Wave|p2a: Sneasler|[spread] p2a
|-activate|p2b: Dragonite|move: Protect
|-damage|p2a: Sneasler|0 fnt
|faint|p2a: Sneasler
|move|p1a: Farigiraf|Hyper Voice|p2b: Dragonite
|-activate|p2b: Dragonite|move: Protect
|
|-weather|none
|-fieldend|move: Trick Room
|upkeep
|
|t:|1785008419
|switch|p2a: Kingambit|Kingambit, L50, F, shiny|100/100
|turn|6
|
|t:|1785008436
|move|p2b: Dragonite|Dragon Claw|p1b: Camerupt
|-crit|p1b: Camerupt
|-damage|p1b: Camerupt|0 fnt
|faint|p1b: Camerupt
|-damage|p2b: Dragonite|0 fnt|[from] item: Life Orb
|faint|p2b: Dragonite
|move|p2a: Kingambit|Kowtow Cleave|p1a: Farigiraf
|-supereffective|p1a: Farigiraf|1
|-damage|p1a: Farigiraf|0 fnt
|faint|p1a: Farigiraf
|
|upkeep
|
|t:|1785008445
|switch|p2b: Froslass|Froslass-Mega, L50, F, shiny|90/100
|switch|p1a: Vanilluxe|Vanilluxe, L50, M|100/100
|switch|p1b: Staraptor|Staraptor, L50, F|100/100
|-ability|p1b: Staraptor|Intimidate|boost
|-unboost|p2a: Kingambit|atk|1
|-ability|p2a: Kingambit|Defiant|boost
|-boost|p2a: Kingambit|atk|2
|-unboost|p2b: Froslass|atk|1
|-weather|Snowscape|[from] ability: Snow Warning|[of] p2b: Froslass
|turn|7
|
|t:|1785008462
|move|p2a: Kingambit|Protect|p2a: Kingambit
|-singleturn|p2a: Kingambit|Protect
|move|p1b: Staraptor|Close Combat|p2a: Kingambit
|-activate|p2a: Kingambit|move: Protect
|move|p2b: Froslass|Blizzard|p1a: Vanilluxe|[spread] p1a,p1b
|-resisted|p1a: Vanilluxe|1
|-supereffective|p1b: Staraptor|1
|-damage|p1a: Vanilluxe|79/100
|-damage|p1b: Staraptor|0 fnt
|faint|p1b: Staraptor
|move|p1a: Vanilluxe|Blizzard|p2a: Kingambit|[spread] p2b
|-activate|p2a: Kingambit|move: Protect
|-resisted|p2b: Froslass|1
|-damage|p2b: Froslass|62/100
|
|-weather|Snowscape|[upkeep]
|upkeep
|turn|8
|-message|thegreatestnone forfeited.
|
|win|icemonggs
|l|☆thegreatestnone
|player|p1|
|raw|thegreatestnone's rating: 1228 → 1208(-20 for losing)
|raw|icemonggs's rating: 1304 → 1320(+16 for winning)
