|j|☆Akalaman
|j|☆LegionVGC
|html|AkalamanLegionVGC    
|uhtml|bestof|Game 2 of a best-of-3
|t:|1757862101
|gametype|doubles
|player|p1|Akalaman|266|1190
|player|p2|LegionVGC|170|1172
|gen|9
|tier|[Gen 9] VGC 2025 Reg H (Bo3)
|rated|
|rule|Species Clause: Limit one of each Pokémon
|rule|Item Clause: Limit 1 of each item
|clearpoke
|poke|p1|Typhlosion-Hisui, L50, M|
|poke|p1|Ninetales, L50, F|
|poke|p1|Venusaur, L50, M|
|poke|p1|Garganacl, L50, F|
|poke|p1|Whimsicott, L50, F|
|poke|p1|Pawmot, L50, F|
|poke|p2|Jumpluff, L50, M|
|poke|p2|Charizard, L50, M|
|poke|p2|Incineroar, L50, M|
|poke|p2|Ursaluna, L50, M|
|poke|p2|Porygon2, L50|
|poke|p2|Torkoal, L50, M|
|teampreview|4
|showteam|p1|Typhlosion-Hisui||ChoiceScarf|Blaze|Eruption,HeatWave,ShadowBall,Poltergeist|||M|||50|,,,,,Fire]Ninetales||EjectPack|Drought|Overheat,WillOWisp,EnergyBall,Protect|||F|||50|,,,,,Fairy]Venusaur||WideLens|Chlorophyll|SleepPowder,LeafStorm,SludgeBomb,Protect|||M|||50|,,,,,Poison]Garganacl||Leftovers|PurifyingSalt|SaltCure,IronDefense,Recover,BodyPress|||F|||50|,,,,,Ghost]Whimsicott||CovertCloak|Prankster|SunnyDay,Taunt,Tailwind,Moonblast|||F|||50|,,,,,Dark]Pawmot||FocusSash|IronFist|ThunderPunch,DoubleShock,CloseCombat,Protect|||F|||50|,,,,,Electric
|showteam|p2|Jumpluff||CovertCloak|Chlorophyll|RagePowder,SleepPowder,SunnyDay,Tailwind|||M|||50|,,,,,Water]Charizard||ChoiceSpecs|SolarPower|HeatWave,Overheat,WeatherBall,AirSlash|||M|||50|,,,,,Ghost]Incineroar||SafetyGoggles|Intimidate|FlareBlitz,KnockOff,FakeOut,PartingShot|||M|||50|,,,,,Ghost]Ursaluna||FlameOrb|Guts|HeadlongRush,Facade,Earthquake,Protect|||M|||50|,,,,,Ghost]Porygon2||Eviolite|Download|TeraBlast,IceBeam,Recover,TrickRoom||||||50|,,,,,Fighting]Torkoal||EjectPack|Drought|Eruption,Overheat,HelpingHand,Protect|||M|||50|,,,,,Fire
|inactive|Battle timer is ON: inactive players will automatically lose when time's up. (requested by LegionVGC)
|
|t:|1757862130
|teamsize|p1|4
|teamsize|p2|4
|start
|switch|p1a: Venusaur|Venusaur, L50, M|100/100
|switch|p1b: Garganacl|Garganacl, L50, F|100/100
|switch|p2a: Scat Pack|Incineroar, L50, M|100/100
|switch|p2b: Baloo|Ursaluna, L50, M, shiny|100/100
|-ability|p2a: Scat Pack|Intimidate|boost
|-unboost|p1a: Venusaur|atk|1
|-unboost|p1b: Garganacl|atk|1
|turn|1
|
|t:|1757862155
|move|p1a: Venusaur|Protect|p1a: Venusaur
|-singleturn|p1a: Venusaur|Protect
|move|p2b: Baloo|Protect|p2b: Baloo
|-singleturn|p2b: Baloo|Protect
|move|p2a: Scat Pack|Flare Blitz|p1a: Venusaur
|-activate|p1a: Venusaur|move: Protect
|move|p1b: Garganacl|Iron Defense|p1b: Garganacl
|-boost|p1b: Garganacl|def|2
|
|-status|p2b: Baloo|brn|[from] item: Flame Orb
|upkeep
|turn|2
|
|t:|1757862173
|-terastallize|p1b: Garganacl|Ghost
|move|p2a: Scat Pack|Flare Blitz|p1a: Venusaur
|-supereffective|p1a: Venusaur
|-damage|p1a: Venusaur|0 fnt
|faint|p1a: Venusaur
|-damage|p2a: Scat Pack|70/100|[from] Recoil
|move|p2b: Baloo|Headlong Rush|p1b: Garganacl
|-damage|p1b: Garganacl|63/100
|-unboost|p2b: Baloo|def|1
|-unboost|p2b: Baloo|spd|1
|move|p1b: Garganacl|Salt Cure|p2a: Scat Pack
|-supereffective|p2a: Scat Pack
|-damage|p2a: Scat Pack|51/100
|-start|p2a: Scat Pack|Salt Cure
|
|-heal|p1b: Garganacl|69/100|[from] item: Leftovers
|-damage|p2b: Baloo|95/100 brn|[from] brn
|-damage|p2a: Scat Pack|39/100|[from] Salt Cure
|upkeep
|
|t:|1757862176
|switch|p1a: Typhlosion|Typhlosion-Hisui, L50, M|100/100
|turn|3
|
|t:|1757862197
|move|p2b: Baloo|Protect|p2b: Baloo
|-singleturn|p2b: Baloo|Protect
|move|p1a: Typhlosion|Eruption|p2a: Scat Pack|[spread] p2a
|-activate|p2b: Baloo|move: Protect
|-resisted|p2a: Scat Pack
|-damage|p2a: Scat Pack|7/100
|move|p2a: Scat Pack|Parting Shot|p1a: Typhlosion
|-unboost|p1a: Typhlosion|atk|1
|-unboost|p1a: Typhlosion|spa|1
|
|t:|1757862207
|switch|p2a: Raven|Charizard, L50, M, shiny|100/100|[from] Parting Shot
|move|p1b: Garganacl|Recover|p1b: Garganacl
|-heal|p1b: Garganacl|100/100
|
|-damage|p2b: Baloo|89/100 brn|[from] brn
|upkeep
|turn|4
|
|t:|1757862229
|switch|p2b: Turtle|Torkoal, L50, M|100/100
|-weather|SunnyDay|[from] ability: Drought|[of] p2b: Turtle
|move|p1a: Typhlosion|Eruption|p2b: Turtle|[spread] p2a,p2b
|-resisted|p2a: Raven
|-resisted|p2b: Turtle
|-damage|p2a: Raven|58/100
|-damage|p2b: Turtle|57/100
|move|p2a: Raven|Heat Wave|p1b: Garganacl|[spread] p1a,p1b
|-resisted|p1a: Typhlosion
|-damage|p1a: Typhlosion|22/100
|-damage|p1b: Garganacl|32/100
|move|p1b: Garganacl|Salt Cure|p2a: Raven
|-supereffective|p2a: Raven
|-crit|p2a: Raven
|-damage|p2a: Raven|0 fnt
|faint|p2a: Raven
|
|-weather|SunnyDay|[upkeep]
|-heal|p1b: Garganacl|38/100|[from] item: Leftovers
|upkeep
|
|t:|1757862249
|switch|p2a: Baloo|Ursaluna, L50, M, shiny|89/100 brn
|turn|5
|
|t:|1757862272
|switch|p1a: Pawmot|Pawmot, L50, F|100/100
|move|p2b: Turtle|Helping Hand|p2a: Baloo
|-singleturn|p2a: Baloo|Helping Hand|[of] p2b: Turtle
|move|p2a: Baloo|Earthquake|p1b: Garganacl|[spread] p2b,p1a,p1b
|-supereffective|p2b: Turtle
|-supereffective|p1a: Pawmot
|-damage|p2b: Turtle|0 fnt
|-enditem|p1a: Pawmot|Focus Sash
|-damage|p1a: Pawmot|1/100
|-damage|p1b: Garganacl|4/100
|faint|p2b: Turtle
|move|p1b: Garganacl|Salt Cure|p2a: Baloo
|-resisted|p2a: Baloo
|-damage|p2a: Baloo|85/100 brn
|-start|p2a: Baloo|Salt Cure
|
|-weather|SunnyDay|[upkeep]
|-heal|p1b: Garganacl|10/100|[from] item: Leftovers
|-damage|p2a: Baloo|79/100 brn|[from] brn
|-damage|p2a: Baloo|67/100 brn|[from] Salt Cure
|upkeep
|
|t:|1757862289
|switch|p2b: Scat Pack|Incineroar, L50, M|7/100
|-ability|p2b: Scat Pack|Intimidate|boost
|-unboost|p1a: Pawmot|atk|1
|-unboost|p1b: Garganacl|atk|1
|turn|6
|inactive|LegionVGC has 30 seconds left.
|
|t:|1757862315
|-terastallize|p2b: Scat Pack|Ghost
|move|p1a: Pawmot|Protect|p1a: Pawmot
|-singleturn|p1a: Pawmot|Protect
|move|p2a: Baloo|Protect|p2a: Baloo
|-singleturn|p2a: Baloo|Protect
|move|p2b: Scat Pack|Knock Off|p1b: Garganacl
|-supereffective|p1b: Garganacl
|-damage|p1b: Garganacl|0 fnt
|-enditem|p1b: Garganacl|Leftovers|[from] move: Knock Off|[of] p2b: Scat Pack
|faint|p1b: Garganacl
|
|-weather|SunnyDay|[upkeep]
|-damage|p2a: Baloo|61/100 brn|[from] brn
|-damage|p2a: Baloo|49/100 brn|[from] Salt Cure
|upkeep
|
|t:|1757862318
|switch|p1b: Typhlosion|Typhlosion-Hisui, L50, M|22/100
|turn|7
|
|t:|1757862335
|move|p1b: Typhlosion|Shadow Ball|p2b: Scat Pack
|-supereffective|p2b: Scat Pack
|-damage|p2b: Scat Pack|0 fnt
|faint|p2b: Scat Pack
|move|p1a: Pawmot|Close Combat|p2a: Baloo
|-supereffective|p2a: Baloo
|-damage|p2a: Baloo|0 fnt
|-unboost|p1a: Pawmot|def|1
|-unboost|p1a: Pawmot|spd|1
|faint|p2a: Baloo
|
|win|Akalaman
||LegionVGC is ready for game 3.
||Akalaman is ready for game 3.
|uhtml|next|Next: Game 3 of 3
|l|☆Akalaman
|player|p1|
