|j|☆FruitloopsFL
|j|☆Cheery Cinccino
|html|FruitloopsFLCheery Cinccino    
|uhtml|bestof|Game 2 of a best-of-3
|t:|1783682069
|gametype|doubles
|player|p1|FruitloopsFL|alder|
|player|p2|Cheery Cinccino|lucas|
|gen|9
|tier|[Gen 9 Champions] VGC 2026 Reg M-B (Bo3)
|rule|Species Clause: Limit one of each Pokémon
|rule|Item Clause: Limit 1 of each item
|clearpoke
|poke|p1|Toucannon, L50, F|
|poke|p1|Grimmsnarl, L50, M|
|poke|p1|Raichu, L50, M|
|poke|p1|Garchomp, L50, M|
|poke|p1|Annihilape, L50, M|
|poke|p1|Volcarona, L50, F|
|poke|p2|Raichu, L50, F|
|poke|p2|Sceptile, L50, F|
|poke|p2|Metagross, L50|
|poke|p2|Staraptor, L50, M|
|poke|p2|Eelektross, L50, F|
|poke|p2|Dragalge, L50, M|
|teampreview|4
|showteam|p1|Toucannon||SilkScarf|SkillLink|Tailwind,BulletSeed,Boomburst,Protect|Impish||F|||50|]Grimmsnarl||LightClay|Prankster|FakeOut,PartingShot,Reflect,LightScreen|Careful||M|||50|]Raichu||RaichuniteY|LightningRod|FakeOut,GrassKnot,FocusBlast,ZapCannon|Hasty||M|||50|]Garchomp||LifeOrb|RoughSkin|RockSlide,Earthquake,DragonClaw,Protect|Jolly||M|||50|]Annihilape||Leftovers|Defiant|IcePunch,RageFist,DrainPunch,Protect|Adamant||M|||50|]Volcarona||ChartiBerry|FlameBody|RagePowder,MorningSun,WillOWisp,HeatWave|Calm||F|||50|
|showteam|p2|Raichu|||Static|VoltSwitch,FocusBlast,Agility,FakeOut|Mild||F|||50|]Sceptile|||Overgrow|DragonPulse,LeafBlade,SwordsDance,Acrobatics|Serious||F|||50|]Metagross||Metagrossite|ClearBody|Psychic,Earthquake,IronHead,Explosion|Serious|||||50|]Staraptor||SitrusBerry|Intimidate|AirSlash,CloseCombat,BraveBird,Agility|Serious||M|||50|]Eelektross|||Levitate|Thunderbolt,Flamethrower,Uturn,Crunch|Serious||F|||50|]Dragalge||Leftovers|PoisonPoint|AcidArmor,SludgeBomb,ToxicSpikes,DragonTail|Serious||M|||50|
|c|☆FruitloopsFL|glhf
|
|t:|1783682112
|teamsize|p1|4
|teamsize|p2|4
|start
|switch|p1a: Toucannon|Toucannon, L50, F|100/100
|switch|p1b: Annihilape|Annihilape, L50, M|100/100
|switch|p2a: Metatron|Metagross, L50|100/100
|switch|p2b: Seija|Staraptor, L50, M|100/100
|-ability|p2b: Seija|Intimidate|boost
|-unboost|p1a: Toucannon|atk|1
|-unboost|p1b: Annihilape|atk|1
|-ability|p1b: Annihilape|Defiant|boost
|-boost|p1b: Annihilape|atk|2
|turn|1
|
|t:|1783682139
|move|p1b: Annihilape|Protect|p1b: Annihilape
|-singleturn|p1b: Annihilape|Protect
|move|p2b: Seija|Brave Bird|p1b: Annihilape
|-activate|p1b: Annihilape|move: Protect
|move|p2a: Metatron|Psychic|p1b: Annihilape
|-activate|p1b: Annihilape|move: Protect
|move|p1a: Toucannon|Tailwind|p1a: Toucannon
|-sidestart|p1: FruitloopsFL|move: Tailwind
|
|upkeep
|turn|2
|
|t:|1783682199
|switch|p1b: Grimmsnarl|Grimmsnarl, L50, M|100/100
|detailschange|p2a: Metatron|Metagross-Mega, L50
|-mega|p2a: Metatron|Metagross|Metagrossite
|move|p1a: Toucannon|Boomburst|p2b: Seija|[spread] p1b,p2a,p2b
|-resisted|p2a: Metatron|1
|-damage|p1b: Grimmsnarl|71/100
|-damage|p2a: Metatron|80/100
|-damage|p2b: Seija|43/100
|-enditem|p2b: Seija|Sitrus Berry|[eat]
|-heal|p2b: Seija|68/100|[from] item: Sitrus Berry
|move|p2a: Metatron|Psychic|p1b: Grimmsnarl
|-immune|p1b: Grimmsnarl
|move|p2b: Seija|Air Slash|p1b: Grimmsnarl
|-damage|p1b: Grimmsnarl|59/100
|
|upkeep
|turn|3
|
|t:|1783682239
|switch|p2a: Tidal Wave|Eelektross, L50, F|100/100
|move|p1a: Toucannon|Protect|p1a: Toucannon
|-singleturn|p1a: Toucannon|Protect
|move|p1b: Grimmsnarl|Reflect|p1b: Grimmsnarl
|-sidestart|p1: FruitloopsFL|Reflect
|move|p2b: Seija|Close Combat|p1b: Grimmsnarl
|-damage|p1b: Grimmsnarl|27/100
|-unboost|p2b: Seija|def|1
|-unboost|p2b: Seija|spd|1
|
|upkeep
|turn|4
|
|t:|1783682261
|switch|p1a: Garchomp|Garchomp, L50, M|100/100
|move|p1b: Grimmsnarl|Light Screen|p1b: Grimmsnarl
|-sidestart|p1: FruitloopsFL|move: Light Screen
|move|p2b: Seija|Brave Bird|p1b: Grimmsnarl
|-damage|p1b: Grimmsnarl|0 fnt
|faint|p1b: Grimmsnarl
|-damage|p2b: Seija|57/100|[from] Recoil
|move|p2a: Tidal Wave|Thunderbolt|p1a: Garchomp
|-immune|p1a: Garchomp
|
|-sideend|p1: FruitloopsFL|move: Tailwind
|upkeep
|
|t:|1783682269
|switch|p1b: Annihilape|Annihilape, L50, M|100/100
|turn|5
|
|t:|1783682311
|move|p1a: Garchomp|Rock Slide|p2a: Tidal Wave|[spread] p2a,p2b
|-supereffective|p2b: Seija|1
|-damage|p2a: Tidal Wave|71/100
|-damage|p2b: Seija|0 fnt
|faint|p2b: Seija
|-damage|p1a: Garchomp|90/100|[from] item: Life Orb
|move|p1b: Annihilape|Drain Punch|p2a: Tidal Wave
|-damage|p2a: Tidal Wave|24/100
|move|p2a: Tidal Wave|Crunch|p1b: Annihilape
|-damage|p1b: Annihilape|85/100
|
|-heal|p1b: Annihilape|91/100|[from] item: Leftovers
|upkeep
|
|t:|1783682325
|switch|p2b: Zoro|Sceptile, L50, F|100/100
|turn|6
|
|t:|1783682349
|move|p2b: Zoro|Dragon Pulse|p1a: Garchomp
|-supereffective|p1a: Garchomp|1
|-damage|p1a: Garchomp|60/100
|move|p1a: Garchomp|Rock Slide|p2a: Tidal Wave|[spread] p2a,p2b
|-crit|p2b: Zoro
|-damage|p2a: Tidal Wave|0 fnt
|-damage|p2b: Zoro|27/100
|faint|p2a: Tidal Wave
|-damage|p1a: Garchomp|50/100g|[from] item: Life Orb
|move|p1b: Annihilape|Ice Punch|p2b: Zoro
|-supereffective|p2b: Zoro|1
|-damage|p2b: Zoro|0 fnt
|faint|p2b: Zoro
|
|-heal|p1b: Annihilape|97/100|[from] item: Leftovers
|upkeep
|
|t:|1783682365
|switch|p2b: Metatron|Metagross-Mega, L50|80/100
|turn|7
|
|t:|1783682379
|move|p1a: Garchomp|Earthquake|p2b: Metatron|[spread] p1b,p2b
|-supereffective|p2b: Metatron|1
|-damage|p1b: Annihilape|66/100
|-damage|p2b: Metatron|0 fnt
|faint|p2b: Metatron
|-damage|p1a: Garchomp|40/100|[from] item: Life Orb
|
|win|FruitloopsFL
|c|☆FruitloopsFL|gg
|c|☆Cheery Cinccino|gg
