|j|☆Inteligent8pro
|j|☆8787878i
|html|Inteligent8pro8787878i    
|uhtml|bestof|Game 3 of a best-of-3
|t:|1786117792
|gametype|doubles
|player|p1|Inteligent8pro|elesa|1197
|player|p2|8787878i|tuberf|1303
|gen|9
|tier|[Gen 9 Champions] VGC 2026 Reg M-B (Bo3)
|rated|
|rule|Species Clause: Limit one of each Pokémon
|rule|Item Clause: Limit 1 of each item
|clearpoke
|poke|p1|Blaziken, L50, F|
|poke|p1|Venusaur, L50, M|
|poke|p1|Kingambit, L50, F|
|poke|p1|Ninetales-Alola, L50, M|
|poke|p1|Lycanroc-Dusk, L50, M|
|poke|p1|Basculegion, L50, M|
|poke|p2|Venusaur, L50, F|
|poke|p2|Charizard, L50, F|
|poke|p2|Sylveon, L50, F|
|poke|p2|Incineroar, L50, F|
|poke|p2|Garchomp, L50, M|
|poke|p2|Farigiraf, L50, M|
|teampreview|4
|showteam|p1|Blaziken||Blazikenite|SpeedBoost|FlareBlitz,CloseCombat,RockSlide,Detect|Adamant||F|||50|]Venusaur||Venusaurite|Chlorophyll|GigaDrain,SludgeBomb,EarthPower,Protect|Modest||M|||50|]Kingambit||LifeOrb|Defiant|KowtowCleave,SuckerPunch,IronHead,Protect|Adamant||F|||50|]Ninetales-Alola||NeverMeltIce|SnowWarning|Blizzard,FreezeDry,Encore,Protect|Timid||M|||50|]Lycanroc-Dusk||FocusSash|ToughClaws|RockSlide,Accelerock,CloseCombat,Protect|Adamant||M|||50|]Basculegion||ChoiceScarf|Adaptability|LastRespects,WaveCrash,AquaJet,FlipTurn|Jolly||M|||50|
|showteam|p2|Venusaur||FocusSash|Chlorophyll|SludgeBomb,SleepPowder,LeafStorm,Protect|Modest||F|||50|]Charizard||CharizarditeY|Blaze|Protect,HeatWave,WeatherBall,SolarBeam|Modest||F|||50|]Sylveon||FairyFeather|Pixilate|HyperVoice,HyperBeam,QuickAttack,Detect|Modest||F|||50|]Incineroar||SitrusBerry|Intimidate|DarkestLariat,FlareBlitz,PartingShot,FakeOut|Careful||F|||50|]Garchomp||LifeOrb|RoughSkin|Earthquake,DragonClaw,RockSlide,Protect|Jolly||M|||50|]Farigiraf||ColburBerry|ArmorTail|Psychic,Thunderbolt,TrickRoom,Protect|Modest||M|||50|
|inactive|Battle timer is ON: inactive players will automatically lose when time's up. (requested by Inteligent8pro)
|inactive|8787878i has 60 seconds left.
|inactive|8787878i has 30 seconds left.
|
|t:|1786117899
|teamsize|p1|4
|teamsize|p2|4
|start
|switch|p1a: Blaziken|Blaziken, L50, F|100/100
|switch|p1b: Basculegion|Basculegion, L50, M|100/100
|switch|p2a: Incineroar|Incineroar, L50, F|100/100
|switch|p2b: Farigiraf|Farigiraf, L50, M|100/100
|-ability|p2a: Incineroar|Intimidate|boost
|-unboost|p1a: Blaziken|atk|1
|-unboost|p1b: Basculegion|atk|1
|turn|1
|inactive|Inteligent8pro has 30 seconds left.
|
|t:|1786117932
|detailschange|p1a: Blaziken|Blaziken-Mega, L50, F
|-mega|p1a: Blaziken|Blaziken|Blazikenite
|move|p1b: Basculegion|Wave Crash|p2b: Farigiraf
|-damage|p2b: Farigiraf|54/100
|-damage|p1b: Basculegion|82/100|[from] Recoil
|move|p1a: Blaziken|Close Combat|p2b: Farigiraf
|-damage|p2b: Farigiraf|10/100
|-unboost|p1a: Blaziken|def|1
|-unboost|p1a: Blaziken|spd|1
|move|p2a: Incineroar|Parting Shot|p1b: Basculegion
|-unboost|p1b: Basculegion|atk|1
|-unboost|p1b: Basculegion|spa|1
|
|t:|1786117940
|switch|p2a: Sylveon|Sylveon, L50, F|100/100|[from] Parting Shot
|move|p2b: Farigiraf|Trick Room|p2b: Farigiraf
|-fieldstart|move: Trick Room|[of] p2b: Farigiraf
|
|-ability|p1a: Blaziken|Speed Boost|boost
|-boost|p1a: Blaziken|spe|1
|upkeep
|turn|2
|inactive|Inteligent8pro has 30 seconds left.
|inactive|Inteligent8pro has 20 seconds left.
|
|t:|1786117978
|switch|p2b: Incineroar|Incineroar, L50, F|100/100
|-ability|p2b: Incineroar|Intimidate|boost
|-unboost|p1a: Blaziken|atk|1
|-unboost|p1b: Basculegion|atk|1
|move|p1a: Blaziken|Detect|p1a: Blaziken
|-singleturn|p1a: Blaziken|Protect
|move|p2a: Sylveon|Hyper Voice|p1a: Blaziken|[spread] p1b
|-activate|p1a: Blaziken|move: Protect
|-damage|p1b: Basculegion|28/100
|move|p1b: Basculegion|Wave Crash|p2a: Sylveon
|-damage|p2a: Sylveon|73/100
|-damage|p1b: Basculegion|19/100|[from] Recoil
|
|-ability|p1a: Blaziken|Speed Boost|boost
|-boost|p1a: Blaziken|spe|1
|upkeep
|turn|3
|
|t:|1786117998
|switch|p1b: Lycanroc|Lycanroc-Dusk, L50, M|100/100
|switch|p1a: Ninetales|Ninetales-Alola, L50, M|100/100
|-weather|Snowscape|[from] ability: Snow Warning|[of] p1a: Ninetales
|move|p2b: Incineroar|Parting Shot|p1a: Ninetales
|-unboost|p1a: Ninetales|atk|1
|-unboost|p1a: Ninetales|spa|1
|
|t:|1786118006
|switch|p2b: Charizard|Charizard, L50, F|100/100|[from] Parting Shot
|move|p2a: Sylveon|Hyper Voice|p1b: Lycanroc|[spread] p1a,p1b
|-damage|p1a: Ninetales|55/100
|-damage|p1b: Lycanroc|30/100
|
|-weather|Snowscape|[upkeep]
|upkeep
|turn|4
|inactive|Inteligent8pro has 30 seconds left.
|inactive|Inteligent8pro has 20 seconds left.
|
|t:|1786118042
|switch|p1a: Basculegion|Basculegion, L50, M|19/100
|move|p2b: Charizard|Protect|p2b: Charizard
|-singleturn|p2b: Charizard|Protect
|move|p1b: Lycanroc|Protect|p1b: Lycanroc
|-singleturn|p1b: Lycanroc|Protect
|move|p2a: Sylveon|Hyper Voice|p1a: Basculegion|[spread] p1a
|-activate|p1b: Lycanroc|move: Protect
|-damage|p1a: Basculegion|0 fnt
|faint|p1a: Basculegion
|
|-weather|Snowscape|[upkeep]
|upkeep
|
|t:|1786118055
|switch|p1a: Blaziken|Blaziken-Mega, L50, F|100/100
|turn|5
|
|t:|1786118066
|switch|p2b: Incineroar|Incineroar, L50, F|100/100
|-ability|p2b: Incineroar|Intimidate|boost
|-unboost|p1a: Blaziken|atk|1
|-unboost|p1b: Lycanroc|atk|1
|move|p1b: Lycanroc|Accelerock|p2b: Incineroar
|-supereffective|p2b: Incineroar|1
|-damage|p2b: Incineroar|66/100
|move|p2a: Sylveon|Hyper Voice|p1a: Blaziken|[spread] p1a,p1b
|-damage|p1a: Blaziken|40/100
|-damage|p1b: Lycanroc|0 fnt
|faint|p1b: Lycanroc
|move|p1a: Blaziken|Rock Slide|p2b: Incineroar|[spread] p2b
|-miss|p1a: Blaziken|p2a: Sylveon
|-supereffective|p2b: Incineroar|1
|-damage|p2b: Incineroar|38/100
|-enditem|p2b: Incineroar|Sitrus Berry|[eat]
|-heal|p2b: Incineroar|63/100|[from] item: Sitrus Berry
|
|-weather|Snowscape|[upkeep]
|-fieldend|move: Trick Room
|-ability|p1a: Blaziken|Speed Boost|boost
|-boost|p1a: Blaziken|spe|1
|upkeep
|
|t:|1786118084
|switch|p1b: Ninetales|Ninetales-Alola, L50, M|55/100
|turn|6
|
|t:|1786118096
|move|p2b: Incineroar|Fake Out|p1a: Blaziken
|-damage|p1a: Blaziken|28/100
|cant|p1a: Blaziken|flinch
|move|p1b: Ninetales|Blizzard|p2b: Incineroar|[spread] p2a,p2b
|-resisted|p2b: Incineroar|1
|-damage|p2a: Sylveon|49/100
|-damage|p2b: Incineroar|50/100g
|move|p2a: Sylveon|Hyper Voice|p1b: Ninetales|[spread] p1a,p1b
|-damage|p1a: Blaziken|0 fnt
|-damage|p1b: Ninetales|11/100
|faint|p1a: Blaziken
|
|-weather|Snowscape|[upkeep]
|upkeep
|turn|7
|
|t:|1786118117
|move|p2a: Sylveon|Quick Attack|p1b: Ninetales
|-damage|p1b: Ninetales|0 fnt
|faint|p1b: Ninetales
|
|win|8787878i
|raw|Inteligent8pro's rating: 1197 → 1180(-17 for losing)
|raw|8787878i's rating: 1319 → 1332(+13 for winning)
