|j|☆mythicalslol
|j|☆Quill86
|html|mythicalslolQuill86    
|uhtml|bestof|Game 1 of a best-of-3
|t:|1757643111
|gametype|doubles
|player|p1|mythicalslol|102|1243
|player|p2|Quill86|lucas|1245
|gen|9
|tier|[Gen 9] VGC 2025 Reg H (Bo3)
|rated|
|rule|Species Clause: Limit one of each Pokémon
|rule|Item Clause: Limit 1 of each item
|clearpoke
|poke|p1|Archaludon, L50, M|
|poke|p1|Dragonite, L50, M|
|poke|p1|Pelipper, L50, F|
|poke|p1|Ursaluna, L50, F|
|poke|p1|Sinistcha, L50|
|poke|p1|Gholdengo, L50|
|poke|p2|Incineroar, L50, M|
|poke|p2|Gholdengo, L50|
|poke|p2|Ursaluna-Bloodmoon, L50, M|
|poke|p2|Amoonguss, L50, F|
|poke|p2|Indeedee-F, L50, F|
|poke|p2|Gallade, L50, M|
|teampreview|4
|showteam|p1|Archaludon||AssaultVest|Stamina|FlashCannon,BodyPress,ElectroShot,Snarl|||M|||50|,,,,,Fighting]Dragonite||LoadedDice|Multiscale|ScaleShot,Tailwind,Haze,Protect|||M|||50|,,,,,Fairy]Pelipper||FocusSash|Drizzle|MuddyWater,Hurricane,Tailwind,Protect|||F|||50|,,,,,Ghost]Ursaluna||FlameOrb|Guts|Facade,HeadlongRush,Earthquake,Protect|||F|||50|,,,,,Ghost]Sinistcha||SitrusBerry|Hospitality|MatchaGotcha,LifeDew,RagePowder,TrickRoom||||||50|,,,,,Dark]Gholdengo||ChoiceScarf|GoodasGold|MakeItRain,ShadowBall,Trick,Protect||||||50|,,,,,Flying
|showteam|p2|Incineroar||SafetyGoggles|Intimidate|FakeOut,FlareBlitz,KnockOff,PartingShot|||M|||50|,,,,,Ghost]Gholdengo||SitrusBerry|GoodasGold|MakeItRain,ShadowBall,NastyPlot,Protect||||||50|,,,,,Water]Ursaluna-Bloodmoon||LifeOrb|MindsEye|BloodMoon,HyperVoice,EarthPower,Protect|||M|||50|,,,,,Normal]Amoonguss||MentalHerb|Regenerator|Spore,RagePowder,PollenPuff,ClearSmog|||F|||50|,,,,,Dragon]Indeedee-F||PsychicSeed|PsychicSurge|FollowMe,TrickRoom,HelpingHand,DazzlingGleam|||F|||50|,,,,,Fairy]Gallade||ClearAmulet|Sharpness|SacredSword,PsychoCut,WideGuard,TrickRoom|||M|||50|,,,,,Grass
|inactive|Battle timer is ON: inactive players will automatically lose when time's up. (requested by Quill86)
|inactive|mythicalslol has 60 seconds left.
|inactive|Quill86 has 60 seconds left.
|inactive|Quill86 has 30 seconds left.
|inactive|Quill86 has 20 seconds left.
|
|t:|1757643271
|teamsize|p1|4
|teamsize|p2|4
|start
|switch|p1a: Archaludon|Archaludon, L50, M|100/100
|switch|p1b: Pelipper|Pelipper, L50, F|100/100
|switch|p2a: Indeedee|Indeedee-F, L50, F|100/100
|switch|p2b: Gallade|Gallade, L50, M|100/100
|-weather|RainDance|[from] ability: Drizzle|[of] p1b: Pelipper
|-fieldstart|move: Psychic Terrain|[from] ability: Psychic Surge|[of] p2a: Indeedee
|-enditem|p2a: Indeedee|Psychic Seed
|-boost|p2a: Indeedee|spd|1|[from] item: Psychic Seed
|turn|1
|
|t:|1757643298
|move|p2a: Indeedee|Follow Me|p2a: Indeedee
|-singleturn|p2a: Indeedee|move: Follow Me
|move|p1b: Pelipper|Hurricane|p2a: Indeedee
|-damage|p2a: Indeedee|69/100
|move|p1a: Archaludon|Snarl|p2b: Gallade|[spread] p2a,p2b
|-supereffective|p2a: Indeedee
|-damage|p2a: Indeedee|56/100
|-damage|p2b: Gallade|90/100
|-unboost|p2a: Indeedee|spa|1
|move|p2b: Gallade|Trick Room|p2b: Gallade
|-fieldstart|move: Trick Room|[of] p2b: Gallade
|
|-weather|RainDance|[upkeep]
|upkeep
|turn|2
|
|t:|1757643312
|move|p2b: Gallade|Sacred Sword|p1a: Archaludon
|-supereffective|p1a: Archaludon
|-damage|p1a: Archaludon|5/100
|-ability|p1a: Archaludon|Stamina|boost
|-boost|p1a: Archaludon|def|1
|move|p2a: Indeedee|Dazzling Gleam|p1a: Archaludon|[spread] p1a,p1b
|-crit|p1b: Pelipper
|-damage|p1a: Archaludon|0 fnt
|-damage|p1b: Pelipper|67/100
|faint|p1a: Archaludon
|move|p1b: Pelipper|Muddy Water|p2a: Indeedee|[spread] p2a,p2b
|-damage|p2a: Indeedee|23/100
|-damage|p2b: Gallade|46/100
|-unboost|p2a: Indeedee|accuracy|1
|
|-weather|RainDance|[upkeep]
|upkeep
|
|t:|1757643319
|switch|p1a: Ursaluna|Ursaluna, L50, F|100/100
|turn|3
|
|t:|1757643328
|move|p1a: Ursaluna|Protect|p1a: Ursaluna
|-singleturn|p1a: Ursaluna|Protect
|move|p1b: Pelipper|Protect|p1b: Pelipper
|-singleturn|p1b: Pelipper|Protect
|move|p2b: Gallade|Psycho Cut|p1b: Pelipper
|-activate|p1b: Pelipper|move: Protect
|move|p2a: Indeedee|Dazzling Gleam|p1a: Ursaluna|[spread] 
|-activate|p1a: Ursaluna|move: Protect
|-activate|p1b: Pelipper|move: Protect
|
|-weather|RainDance|[upkeep]
|-status|p1a: Ursaluna|brn|[from] item: Flame Orb
|upkeep
|turn|4
|
|t:|1757643343
|switch|p1b: Gholdengo|Gholdengo, L50|100/100
|-terastallize|p1a: Ursaluna|Ghost
|move|p2a: Indeedee|Helping Hand|p2b: Gallade
|-singleturn|p2b: Gallade|Helping Hand|[of] p2a: Indeedee
|move|p2b: Gallade|Psycho Cut|p1a: Ursaluna
|-damage|p1a: Ursaluna|12/100 brn
|move|p1a: Ursaluna|Facade|p2b: Gallade
|-damage|p2b: Gallade|0 fnt
|faint|p2b: Gallade
|
|-weather|RainDance|[upkeep]
|-damage|p1a: Ursaluna|6/100 brn|[from] brn
|upkeep
|
|t:|1757643356
|switch|p2b: Ursaluna|Ursaluna-Bloodmoon, L50, M|100/100
|turn|5
|
|t:|1757643371
|move|p2b: Ursaluna|Earth Power|p1b: Gholdengo
|-supereffective|p1b: Gholdengo
|-damage|p1b: Gholdengo|0 fnt
|faint|p1b: Gholdengo
|-damage|p2b: Ursaluna|90/100|[from] item: Life Orb
|move|p1a: Ursaluna|Facade|p2b: Ursaluna
|-damage|p2b: Ursaluna|0 fnt
|faint|p2b: Ursaluna
|move|p2a: Indeedee|Dazzling Gleam|p1a: Ursaluna
|-damage|p1a: Ursaluna|0 fnt
|faint|p1a: Ursaluna
|
|-weather|none
|-fieldend|move: Trick Room
|-fieldend|move: Psychic Terrain
|upkeep
|
|t:|1757643375
|switch|p1a: Pelipper|Pelipper, L50, F|67/100
|switch|p2b: Incineroar|Incineroar, L50, M|100/100
|-weather|RainDance|[from] ability: Drizzle|[of] p1a: Pelipper
|-ability|p2b: Incineroar|Intimidate|boost
|-unboost|p1a: Pelipper|atk|1
|turn|6
|
|t:|1757643383
|move|p2b: Incineroar|Fake Out|p1a: Pelipper
|-damage|p1a: Pelipper|53/100
|cant|p1a: Pelipper|flinch
|move|p2a: Indeedee|Dazzling Gleam|p1a: Pelipper
|-damage|p1a: Pelipper|31/100
|
|-weather|RainDance|[upkeep]
|upkeep
|turn|7
|
|t:|1757643388
|-terastallize|p2b: Incineroar|Ghost
|move|p1a: Pelipper|Muddy Water|p2b: Incineroar|[spread] p2a,p2b
|-damage|p2a: Indeedee|0 fnt
|-damage|p2b: Incineroar|53/100
|faint|p2a: Indeedee
|move|p2b: Incineroar|Knock Off|p1a: Pelipper
|-damage|p1a: Pelipper|0 fnt
|-enditem|p1a: Pelipper|Focus Sash|[from] move: Knock Off|[of] p2b: Incineroar
|faint|p1a: Pelipper
|
|win|Quill86
||Quill86 is ready for game 2.
||mythicalslol is ready for game 2.
|uhtml|next|Next: Game 2 of 3
