|j|☆Giraffearmy1717
|j|☆Cristante terabug
|html|Giraffearmy1717Cristante terabug    
|uhtml|bestof|Game 2 of a best-of-3
|t:|1756332971
|gametype|doubles
|player|p1|Giraffearmy1717|2|1008
|player|p2|Cristante terabug|kieran-champion|1137
|gen|9
|tier|[Gen 9] VGC 2025 Reg H (Bo3)
|rated|
|rule|Species Clause: Limit one of each Pokémon
|rule|Item Clause: Limit 1 of each item
|clearpoke
|poke|p1|Mimikyu, L50, F|
|poke|p1|Flamigo, L50, M|
|poke|p1|Incineroar, L50, M|
|poke|p1|Torkoal, L50, F|
|poke|p1|Electabuzz, L50, F|
|poke|p1|Ursaluna, L50, M|
|poke|p2|Tyranitar, L50, F|
|poke|p2|Kommo-o, L50, M|
|poke|p2|Primarina, L50, F|
|poke|p2|Corviknight, L50, F|
|poke|p2|Volcarona, L50, F|
|poke|p2|Sinistcha, L50|
|teampreview|4
|showteam|p1|Mimikyu||LifeOrb|Disguise|TrickRoom,SwordsDance,ShadowClaw,PlayRough|||F|||50|,,,,,Steel]Flamigo||FocusSash|Scrappy|CloseCombat,Protect,Uturn,Acrobatics|||M|||50|,,,,,Ghost]Incineroar||SitrusBerry|Intimidate|FakeOut,PartingShot,KnockOff,FlareBlitz|||M|||50|,,,,,Grass]Torkoal||Charcoal|Drought|Eruption,SolarBeam,HeatWave,Protect|||F|||50|,,,,,Fire]Electabuzz||Eviolite|VitalSpirit|FollowMe,Protect,VoltSwitch,IcePunch|||F|||50|,,,,,Flying]Ursaluna||FlameOrb|Guts|Earthquake,Facade,CloseCombat,Protect|||M|||50|,,,,,Fighting
|showteam|p2|Tyranitar||AssaultVest|SandStream|KnockOff,LowKick,RockSlide,TeraBlast|||F|||50|,,,,,Flying]Kommo-o||Leftovers|Overcoat|BodyPress,IronDefense,ThroatChop,Protect|||M|||50|,,,,,Steel]Primarina||MysticWater|LiquidVoice|Haze,Moonblast,HyperVoice,Protect|||F|||50|,,,,,Poison]Corviknight||SafetyGoggles|MirrorArmor|BraveBird,BulkUp,Roost,Tailwind|||F|||50|,,,,,Ghost]Volcarona||CovertCloak|FlameBody|HeatWave,Protect,RagePowder,StruggleBug|||F|||50|,,,,,Dragon]Sinistcha||SitrusBerry|Hospitality|Protect,MatchaGotcha,RagePowder,ShadowBall||||||50|,,,,,Water
|inactive|Battle timer is ON: inactive players will automatically lose when time's up. (requested by Cristante terabug)
|inactive|Cristante terabug has 60 seconds left.
|
|t:|1756333004
|teamsize|p1|4
|teamsize|p2|4
|start
|switch|p1a: Mimikyu|Mimikyu, L50, F|100/100
|switch|p1b: Flamigo|Flamigo, L50, M|100/100
|switch|p2a: Hero|Tyranitar, L50, F|100/100
|switch|p2b: Aubrey|Primarina, L50, F|100/100
|-weather|Sandstorm|[from] ability: Sand Stream|[of] p2a: Hero
|turn|1
|inactive|Giraffearmy1717 has 30 seconds left.
|
|t:|1756333033
|-terastallize|p2a: Hero|Flying
|move|p1a: Mimikyu|Shadow Claw|p2b: Aubrey
|-damage|p2b: Aubrey|55/100
|-damage|p1a: Mimikyu|91/100|[from] item: Life Orb
|move|p1b: Flamigo|U-turn|p2a: Hero
|-resisted|p2a: Hero
|-crit|p2a: Hero
|-damage|p2a: Hero|85/100
|
|t:|1756333044
|switch|p1b: Electabuzz|Electabuzz, L50, F|100/100|[from] U-turn
|move|p2a: Hero|Rock Slide|p1a: Mimikyu|[spread] p1a,p1b
|-activate|p1a: Mimikyu|ability: Disguise
|-damage|p1a: Mimikyu|91/100
|-damage|p1b: Electabuzz|66/100
|detailschange|p1a: Mimikyu|Mimikyu-Busted, L50, F
|-damage|p1a: Mimikyu|78/100|[from] pokemon: Mimikyu-Busted
|move|p2b: Aubrey|Hyper Voice|p1a: Mimikyu|[spread] p1a,p1b
|-damage|p1a: Mimikyu|28/100
|-damage|p1b: Electabuzz|39/100
|
|-weather|Sandstorm|[upkeep]
|-damage|p1a: Mimikyu|22/100|[from] Sandstorm
|-damage|p1b: Electabuzz|33/100|[from] Sandstorm
|-damage|p2a: Hero|79/100|[from] Sandstorm
|-damage|p2b: Aubrey|49/100|[from] Sandstorm
|upkeep
|turn|2
|inactive|Giraffearmy1717 has 30 seconds left.
|inactive|Giraffearmy1717 has 20 seconds left.
|inactive|Giraffearmy1717 has 15 seconds left.
|
|t:|1756333088
|switch|p2a: Mari|Sinistcha, L50|100/100
|-heal|p2b: Aubrey|73/100|[from] ability: Hospitality|[of] p2a: Mari
|move|p1a: Mimikyu|Shadow Claw|p2b: Aubrey
|-damage|p2b: Aubrey|29/100
|-damage|p1a: Mimikyu|12/100|[from] item: Life Orb
|move|p1b: Electabuzz|Volt Switch|p2a: Mari
|-resisted|p2a: Mari
|-damage|p2a: Mari|90/100
|
|t:|1756333108
|switch|p1b: Ursaluna|Ursaluna, L50, M|100/100|[from] Volt Switch
|move|p2b: Aubrey|Hyper Voice|p1a: Mimikyu|[spread] p1a,p1b
|-supereffective|p1b: Ursaluna
|-damage|p1a: Mimikyu|0 fnt
|-damage|p1b: Ursaluna|35/100
|faint|p1a: Mimikyu
|
|-weather|Sandstorm|[upkeep]
|-damage|p2b: Aubrey|23/100|[from] Sandstorm
|-damage|p2a: Mari|84/100|[from] Sandstorm
|-status|p1b: Ursaluna|brn|[from] item: Flame Orb
|upkeep
|
|t:|1756333114
|switch|p1a: Electabuzz|Electabuzz, L50, F|33/100
|turn|3
|inactive|Giraffearmy1717 has 30 seconds left.
|inactive|Giraffearmy1717 has 20 seconds left.
|inactive|Giraffearmy1717 has 15 seconds left.
|inactive|Giraffearmy1717 has 10 seconds left.
|
|t:|1756333162
|move|p2b: Aubrey|Protect|p2b: Aubrey
|-singleturn|p2b: Aubrey|Protect
|move|p1a: Electabuzz|Ice Punch|p2a: Mari
|-supereffective|p2a: Mari
|-damage|p2a: Mari|54/100
|-status|p2a: Mari|frz
|-curestatus|p2a: Mari|frz|[from] move: Matcha Gotcha
|move|p2a: Mari|Matcha Gotcha|p1a: Electabuzz|[spread] p1a
|-miss|p2a: Mari|p1b: Ursaluna
|-damage|p1a: Electabuzz|16/100
|-heal|p2a: Mari|62/100|[from] drain|[of] p1a: Electabuzz
|move|p1b: Ursaluna|Facade|p2b: Aubrey
|-activate|p2b: Aubrey|move: Protect
|
|-weather|Sandstorm|[upkeep]
|-damage|p1a: Electabuzz|10/100|[from] Sandstorm
|-damage|p2b: Aubrey|17/100|[from] Sandstorm
|-damage|p2a: Mari|56/100|[from] Sandstorm
|-damage|p1b: Ursaluna|29/100 brn|[from] brn
|upkeep
|turn|4
|inactive|Giraffearmy1717 has 30 seconds left.
|
|t:|1756333194
|move|p2a: Mari|Rage Powder|p2a: Mari
|-singleturn|p2a: Mari|move: Rage Powder
|move|p1a: Electabuzz|Volt Switch|p2a: Mari
|-resisted|p2a: Mari
|-damage|p2a: Mari|45/100
|-enditem|p2a: Mari|Sitrus Berry|[eat]
|-heal|p2a: Mari|70/100|[from] item: Sitrus Berry
|
|t:|1756333203
|switch|p1a: Flamigo|Flamigo, L50, M|100/100|[from] Volt Switch
|move|p2b: Aubrey|Hyper Voice|p1a: Flamigo|[spread] p1a,p1b
|-supereffective|p1b: Ursaluna
|-crit|p1b: Ursaluna
|-damage|p1a: Flamigo|36/100
|-damage|p1b: Ursaluna|0 fnt
|faint|p1b: Ursaluna
|
|-weather|Sandstorm|[upkeep]
|-damage|p1a: Flamigo|30/100|[from] Sandstorm
|-damage|p2b: Aubrey|11/100|[from] Sandstorm
|-damage|p2a: Mari|64/100|[from] Sandstorm
|upkeep
|
|t:|1756333224
|switch|p1b: Electabuzz|Electabuzz, L50, F|10/100
|turn|5
|
|t:|1756333233
|move|p2a: Mari|Protect|p2a: Mari
|-singleturn|p2a: Mari|Protect
|move|p1a: Flamigo|Acrobatics|p2a: Mari
|-activate|p2a: Mari|move: Protect
|move|p1b: Electabuzz|Volt Switch|p2b: Aubrey
|-supereffective|p2b: Aubrey
|-damage|p2b: Aubrey|0 fnt
|faint|p2b: Aubrey
|
|-weather|none
|upkeep
|
|t:|1756333255
|switch|p2b: Hero|Tyranitar, L50, F, tera:Flying|79/100
|-weather|Sandstorm|[from] ability: Sand Stream|[of] p2b: Hero
|turn|6
|
|t:|1756333277
|move|p2a: Mari|Rage Powder|p2a: Mari
|-singleturn|p2a: Mari|move: Rage Powder
|move|p1a: Flamigo|U-turn|p2a: Mari
|-damage|p2a: Mari|43/100
|move|p1b: Electabuzz|Ice Punch|p2a: Mari
|-supereffective|p2a: Mari
|-damage|p2a: Mari|15/100
|move|p2b: Hero|Tera Blast|p1a: Flamigo|[anim] Tera Blast Flying
|-supereffective|p1a: Flamigo
|-damage|p1a: Flamigo|0 fnt
|faint|p1a: Flamigo
|
|-weather|Sandstorm|[upkeep]
|-damage|p1b: Electabuzz|4/100|[from] Sandstorm
|-damage|p2b: Hero|73/100|[from] Sandstorm
|-damage|p2a: Mari|9/100|[from] Sandstorm
|upkeep
|turn|7
|
|t:|1756333286
|move|p1b: Electabuzz|Volt Switch|p2b: Hero
|-supereffective|p2b: Hero
|-damage|p2b: Hero|47/100
|move|p2b: Hero|Tera Blast|p1b: Electabuzz|[anim] Tera Blast Flying
|-resisted|p1b: Electabuzz
|-damage|p1b: Electabuzz|0 fnt
|faint|p1b: Electabuzz
|
|win|Cristante terabug
|raw|Giraffearmy1717's rating: 1008 → 1001(-7 for losing)
|raw|Cristante terabug's rating: 1137 → 1153(+16 for winning)
