|j|☆shieeeee
|j|☆hideinarea0
|html|shieeeeehideinarea0    
|uhtml|bestof|Game 1 of a best-of-3
|t:|1757001860
|gametype|doubles
|player|p1|shieeeee|169|1247
|player|p2|hideinarea0|lance|1150
|gen|9
|tier|[Gen 9] VGC 2025 Reg H (Bo3)
|rated|
|rule|Species Clause: Limit one of each Pokémon
|rule|Item Clause: Limit 1 of each item
|clearpoke
|poke|p1|Whimsicott, L50, M|
|poke|p1|Garchomp, L50, F|
|poke|p1|Gholdengo, L50|
|poke|p1|Incineroar, L50, F|
|poke|p1|Sneasler, L50, F|
|poke|p1|Dragonite, L50, M|
|poke|p2|Dragonite, L50, F|
|poke|p2|Gholdengo, L50|
|poke|p2|Ursaluna-Bloodmoon, L50, M|
|poke|p2|Annihilape, L50, M|
|poke|p2|Maushold-Four, L50|
|poke|p2|Rillaboom, L50, M|
|teampreview|4
|showteam|p1|Whimsicott||FocusSash|Prankster|Moonblast,Tailwind,Encore,Protect|||M|||50|,,,,,Ghost]Garchomp||LifeOrb|RoughSkin|Earthquake,DragonClaw,StompingTantrum,Protect|||F|||50|,,,,,Ground]Gholdengo||ChoiceSpecs|GoodasGold|MakeItRain,ShadowBall,Trick,Protect||||||50|,,,,,Steel]Incineroar||AssaultVest|Intimidate|FlareBlitz,FakeOut,KnockOff,Uturn|||F|||50|,,,,,Grass]Sneasler||WhiteHerb|Unburden|FakeOut,DireClaw,CloseCombat,Protect|||F|||50|,,,,,Stellar]Dragonite||ChoiceBand|InnerFocus|ExtremeSpeed,Outrage,IceSpinner,StompingTantrum|||M|||50|,,,,,Normal
|showteam|p2|Dragonite||LoadedDice|Multiscale|ScaleShot,Tailwind,Haze,Protect|||F|||50|,,,,,Fairy]Gholdengo||LifeOrb|GoodasGold|MakeItRain,ShadowBall,NastyPlot,Protect||||||50|,,,,,Water]Ursaluna-Bloodmoon||AssaultVest|MindsEye|BloodMoon,EarthPower,HyperVoice,VacuumWave|||M|||50|,,,,,Water]Annihilape||SitrusBerry|Defiant|DrainPunch,RageFist,BulkUp,Protect|||M|||50|,,,,,Grass]Maushold-Four||FocusSash|FriendGuard|SuperFang,BeatUp,FollowMe,Protect||||||50|,,,,,Ghost]Rillaboom||MiracleSeed|GrassySurge|WoodHammer,GrassyGlide,HighHorsepower,FakeOut|||M|||50|,,,,,Fire
|inactive|Battle timer is ON: inactive players will automatically lose when time's up. (requested by shieeeee)
|inactive|shieeeee has 60 seconds left.
|inactive|hideinarea0 has 60 seconds left.
|inactive|hideinarea0 has 30 seconds left.
|
|t:|1757001929
|teamsize|p1|4
|teamsize|p2|4
|start
|switch|p1a: Whimsicott|Whimsicott, L50, M, shiny|100/100
|switch|p1b: Garchomp|Garchomp, L50, F, shiny|100/100
|switch|p2a: Maushold|Maushold-Four, L50|100/100
|switch|p2b: Ursaluna|Ursaluna-Bloodmoon, L50, M|100/100
|turn|1
|inactive|shieeeee has 30 seconds left.
|inactive|hideinarea0 has 30 seconds left.
|inactive|shieeeee has 20 seconds left.
|
|t:|1757001966
|move|p1a: Whimsicott|Moonblast|p2b: Ursaluna
|-damage|p2b: Ursaluna|83/100
|-unboost|p2b: Ursaluna|spa|1
|move|p2a: Maushold|Super Fang|p1b: Garchomp
|-damage|p1b: Garchomp|50/100
|-damage|p2a: Maushold|88/100|[from] ability: Rough Skin|[of] p1b: Garchomp
|move|p1b: Garchomp|Dragon Claw|p2b: Ursaluna
|-damage|p2b: Ursaluna|52/100
|-damage|p1b: Garchomp|41/100|[from] item: Life Orb
|move|p2b: Ursaluna|Blood Moon|p1b: Garchomp
|-damage|p1b: Garchomp|0 fnt
|faint|p1b: Garchomp
|
|upkeep
|inactive|shieeeee has 30 seconds left.
|inactive|shieeeee has 20 seconds left.
|inactive|shieeeee has 15 seconds left.
|inactive|shieeeee has 10 seconds left.
|
|t:|1757002012
|switch|p1b: Gholdengo|Gholdengo, L50|100/100
|turn|2
|
|t:|1757002030
|switch|p2b: Annihilape|Annihilape, L50, M|100/100
|-terastallize|p1b: Gholdengo|Steel
|move|p2a: Maushold|Protect|p2a: Maushold
|-singleturn|p2a: Maushold|Protect
|move|p1a: Whimsicott|Tailwind|p1a: Whimsicott
|-sidestart|p1: shieeeee|move: Tailwind
|move|p1b: Gholdengo|Make It Rain|p2b: Annihilape|[spread] p2b
|-activate|p2a: Maushold|move: Protect
|-damage|p2b: Annihilape|36/100
|-unboost|p1b: Gholdengo|spa|1
|-enditem|p2b: Annihilape|Sitrus Berry|[eat]
|-heal|p2b: Annihilape|61/100|[from] item: Sitrus Berry
|
|upkeep
|turn|3
|inactive|shieeeee has 30 seconds left.
|inactive|hideinarea0 has 30 seconds left.
|
|t:|1757002058
|move|p1a: Whimsicott|Moonblast|p2b: Annihilape
|-supereffective|p2b: Annihilape
|-damage|p2b: Annihilape|11/100
|move|p1b: Gholdengo|Make It Rain|p2b: Annihilape|[spread] p2a,p2b
|-damage|p2a: Maushold|13/100
|-damage|p2b: Annihilape|0 fnt
|-unboost|p1b: Gholdengo|spa|1
|faint|p2b: Annihilape
|move|p2a: Maushold|Super Fang|p1b: Gholdengo
|-damage|p1b: Gholdengo|51/100
|
|upkeep
|
|t:|1757002071
|switch|p2b: Ursaluna|Ursaluna-Bloodmoon, L50, M|52/100
|turn|4
|
|t:|1757002095
|switch|p1b: Dragonite|Dragonite, L50, M, shiny|100/100
|-terastallize|p2b: Ursaluna|Water
|move|p2a: Maushold|Follow Me|p2a: Maushold
|-singleturn|p2a: Maushold|move: Follow Me
|move|p1a: Whimsicott|Moonblast|p2a: Maushold
|-damage|p2a: Maushold|0 fnt
|faint|p2a: Maushold
|move|p2b: Ursaluna|Hyper Voice|p1b: Dragonite|[spread] p1a,p1b
|-damage|p1a: Whimsicott|39/100
|-damage|p1b: Dragonite|62/100
|
|upkeep
|
|t:|1757002105
|switch|p2a: Rillaboom|Rillaboom, L50, M|100/100
|-fieldstart|move: Grassy Terrain|[from] ability: Grassy Surge|[of] p2a: Rillaboom
|turn|5
|
|t:|1757002126
|move|p1a: Whimsicott|Protect|p1a: Whimsicott
|-singleturn|p1a: Whimsicott|Protect
|move|p2a: Rillaboom|Fake Out|p1a: Whimsicott
|-activate|p1a: Whimsicott|move: Protect
|move|p1b: Dragonite|Outrage|p2a: Rillaboom
|-damage|p2a: Rillaboom|0 fnt
|faint|p2a: Rillaboom
|move|p2b: Ursaluna|Blood Moon|p1b: Dragonite
|-crit|p1b: Dragonite
|-damage|p1b: Dragonite|0 fnt
|faint|p1b: Dragonite
|
|-heal|p1a: Whimsicott|45/100|[from] Grassy Terrain
|-heal|p2b: Ursaluna|58/100|[from] Grassy Terrain
|-sideend|p1: shieeeee|move: Tailwind
|upkeep
|
|t:|1757002135
|switch|p1b: Gholdengo|Gholdengo, L50, tera:Steel|51/100
|turn|6
|
|t:|1757002149
|move|p1a: Whimsicott|Moonblast|p2b: Ursaluna
|-damage|p2b: Ursaluna|34/100
|move|p1b: Gholdengo|Shadow Ball|p2b: Ursaluna
|-damage|p2b: Ursaluna|0 fnt
|faint|p2b: Ursaluna
|
|win|shieeeee
||shieeeee is ready for game 2.
||hideinarea0 is ready for game 2.
|uhtml|next|Next: Game 2 of 3
