|j|☆sum1dum
|j|☆chan chai rap xiec
|html|sum1dumchan chai rap xiec    
|uhtml|bestof|Game 3 of a best-of-3
|t:|1784079255
|gametype|doubles
|player|p1|sum1dum|rosa|1158
|player|p2|chan chai rap xiec|101|1049
|gen|9
|tier|[Gen 9 Champions] VGC 2026 Reg M-B (Bo3)
|rated|
|rule|Species Clause: Limit one of each Pokémon
|rule|Item Clause: Limit 1 of each item
|clearpoke
|poke|p1|Gliscor, L50, F|
|poke|p1|Primarina, L50, F|
|poke|p1|Metagross, L50|
|poke|p1|Ninetales-Alola, L50, F|
|poke|p1|Incineroar, L50, M|
|poke|p1|Sinistcha, L50|
|poke|p2|Sceptile, L50, F|
|poke|p2|Rotom-Heat, L50|
|poke|p2|Farigiraf, L50, M|
|poke|p2|Ninetales-Alola, L50, F|
|poke|p2|Aegislash, L50, F|
|poke|p2|Slowbro, L50, M|
|teampreview|4
|showteam|p1|Gliscor||LifeOrb|HyperCutter|DualWingbeat,HighHorsepower,Protect,RockSlide|Jolly||F|||50|]Primarina||Leftovers|LiquidVoice|CalmMind,HyperVoice,Moonblast,Protect|Modest||F|||50|]Metagross||Metagrossite|ClearBody|BulletPunch,IronHead,Protect,PsychicFangs|Jolly|||||50|]Ninetales-Alola||LightClay|SnowWarning|AuroraVeil,FreezeDry,Moonblast,Protect|Timid||F|||50|]Incineroar||ChopleBerry|Intimidate|FakeOut,FlareBlitz,DarkestLariat,PartingShot|Impish||M|||50|]Sinistcha||SitrusBerry|Hospitality|MatchaGotcha,Protect,LifeDew,RagePowder|Bold|||||50|
|showteam|p2|Sceptile||Sceptilite|Overgrow|Protect,EnergyBall,EarthPower,DragonPulse|Timid||F|||50|]Rotom-Heat||ChoiceScarf|Levitate|Overheat,Discharge,Electroweb,Trick|Naive|||||50|]Farigiraf||SitrusBerry|ArmorTail|AllySwitch,TrickRoom,TwinBeam,HelpingHand|Relaxed||M|||50|]Ninetales-Alola||LifeOrb|SnowWarning|Blizzard,Protect,FreezeDry,DazzlingGleam|Timid||F|||50|]Aegislash||MentalHerb|StanceChange|Poltergeist,IronHead,KingsShield,ShadowSneak|Adamant||F|||50|]Slowbro||Slowbronite|Oblivious|BodyPress,StoredPower,IronDefense,SlackOff|Sassy||M|||50|
|inactive|Battle timer is ON: inactive players will automatically lose when time's up. (requested by sum1dum)
|inactive|sum1dum has 60 seconds left.
|
|t:|1784079292
|teamsize|p1|4
|teamsize|p2|4
|start
|switch|p1a: Justice|Incineroar, L50, M|100/100
|switch|p1b: Perserverance|Metagross, L50|100/100
|switch|p2a: Slowbro|Slowbro, L50, M|100/100
|switch|p2b: Farigiraf|Farigiraf, L50, M|100/100
|-ability|p1a: Justice|Intimidate|boost
|-fail|p2a: Slowbro|unboost|Attack|[from] ability: Oblivious|[of] p2a: Slowbro
|-unboost|p2b: Farigiraf|atk|1
|turn|1
|
|t:|1784079315
|detailschange|p1b: Perserverance|Metagross-Mega, L50
|-mega|p1b: Perserverance|Metagross|Metagrossite
|detailschange|p2a: Slowbro|Slowbro-Mega, L50, M
|-mega|p2a: Slowbro|Slowbro|Slowbronite
|move|p1b: Perserverance|Iron Head|p2b: Farigiraf
|-damage|p2b: Farigiraf|59/100
|move|p1a: Justice|Darkest Lariat|p2a: Slowbro
|-supereffective|p2a: Slowbro|1
|-damage|p2a: Slowbro|64/100
|move|p2a: Slowbro|Iron Defense|p2a: Slowbro
|-boost|p2a: Slowbro|def|2
|move|p2b: Farigiraf|Trick Room|p2b: Farigiraf
|-fieldstart|move: Trick Room|[of] p2b: Farigiraf
|
|upkeep
|turn|2
|
|t:|1784079334
|move|p2b: Farigiraf|Ally Switch|p2b: Farigiraf
|swap|p2b: Farigiraf|0|[from] move: Ally Switch
|move|p2b: Slowbro|Body Press|p1a: Justice
|-supereffective|p1a: Justice|1
|-enditem|p1a: Justice|Chople Berry|[eat]
|-enditem|p1a: Justice|Chople Berry|[weaken]
|-damage|p1a: Justice|50/100y
|move|p1a: Justice|Darkest Lariat|p2a: Farigiraf
|-supereffective|p2a: Farigiraf|1
|-damage|p2a: Farigiraf|13/100
|-enditem|p2a: Farigiraf|Sitrus Berry|[eat]
|-heal|p2a: Farigiraf|37/100|[from] item: Sitrus Berry
|move|p1b: Perserverance|Iron Head|p2b: Slowbro
|-resisted|p2b: Slowbro|1
|-damage|p2b: Slowbro|55/100
|
|upkeep
|turn|3
|
|t:|1784079354
|switch|p2a: Aegislash|Aegislash, L50, F|100/100
|switch|p1a: Bravery|Gliscor, L50, F|100/100
|move|p2b: Slowbro|Body Press|p1a: Bravery
|-resisted|p1a: Bravery|1
|-damage|p1a: Bravery|67/100
|move|p1b: Perserverance|Iron Head|p2a: Aegislash
|-resisted|p2a: Aegislash|1
|-damage|p2a: Aegislash|74/100
|
|upkeep
|turn|4
|
|t:|1784079367
|switch|p1b: Justice|Incineroar, L50, M|50/100y
|-ability|p1b: Justice|Intimidate|boost
|-unboost|p2a: Aegislash|atk|1
|-unboost|p2b: Slowbro|atk|1
|move|p2b: Slowbro|Iron Defense|p2b: Slowbro
|-boost|p2b: Slowbro|def|2
|-formechange|p2a: Aegislash|Aegislash-Blade|
|move|p2a: Aegislash|Poltergeist|p1a: Bravery
|-activate|p1a: Bravery|move: Poltergeist|Life Orb
|-damage|p1a: Bravery|25/100
|move|p1a: Bravery|High Horsepower|p2a: Aegislash
|-supereffective|p2a: Aegislash|1
|-damage|p2a: Aegislash|0 fnt
|faint|p2a: Aegislash
|-damage|p1a: Bravery|15/100|[from] item: Life Orb
|
|upkeep
|
|t:|1784079388
|switch|p2a: Farigiraf|Farigiraf, L50, M|37/100
|turn|5
|
|t:|1784079401
|switch|p1b: Integrity|Ninetales-Alola, L50, F|100/100
|-weather|Snowscape|[from] ability: Snow Warning|[of] p1b: Integrity
|move|p2b: Slowbro|Body Press|p1b: Integrity
|-damage|p1b: Integrity|6/100
|move|p2a: Farigiraf|Twin Beam|p1a: Bravery
|-damage|p1a: Bravery|0 fnt
|faint|p1a: Bravery
|-hitcount|p1: Bravery|1
|
|-weather|Snowscape|[upkeep]
|-fieldend|move: Trick Room
|upkeep
|
|t:|1784079408
|switch|p1a: Justice|Incineroar, L50, M|50/100y
|-ability|p1a: Justice|Intimidate|boost
|-unboost|p2a: Farigiraf|atk|1
|-unboost|p2b: Slowbro|atk|1
|turn|6
|
|t:|1784079424
|move|p2a: Farigiraf|Ally Switch|p2a: Farigiraf
|swap|p2a: Farigiraf|1|[from] move: Ally Switch
|move|p1b: Integrity|Freeze-Dry|p2b: Farigiraf
|-damage|p2b: Farigiraf|8/100
|move|p1a: Justice|Darkest Lariat|p2b: Farigiraf
|-supereffective|p2b: Farigiraf|1
|-damage|p2b: Farigiraf|0 fnt
|faint|p2b: Farigiraf
|move|p2a: Slowbro|Body Press|p1a: Justice
|-supereffective|p1a: Justice|1
|-damage|p1a: Justice|0 fnt
|faint|p1a: Justice
|
|-weather|Snowscape|[upkeep]
|upkeep
|
|t:|1784079434
|switch|p1a: Perserverance|Metagross-Mega, L50|100/100
|switch|p2b: Rotom|Rotom-Heat, L50|100/100
|turn|7
|inactive|chan chai rap xiec has 30 seconds left.
|inactive|chan chai rap xiec has 20 seconds left.
|inactive|chan chai rap xiec has 15 seconds left.
|
|t:|1784079478
|move|p1b: Integrity|Protect|p1b: Integrity
|-singleturn|p1b: Integrity|Protect
|move|p2b: Rotom|Discharge|p1b: Integrity|[spread] p2a,p1a
|-activate|p1b: Integrity|move: Protect
|-supereffective|p2a: Slowbro|1
|-damage|p2a: Slowbro|19/100
|-damage|p1a: Perserverance|71/100
|move|p1a: Perserverance|Psychic Fangs|p2b: Rotom
|-damage|p2b: Rotom|14/100
|move|p2a: Slowbro|Body Press|p1a: Perserverance
|-damage|p1a: Perserverance|0 fnt
|faint|p1a: Perserverance
|
|-weather|Snowscape|[upkeep]
|upkeep
|turn|8
|
|t:|1784079496
|move|p2b: Rotom|Discharge|p1b: Integrity|[spread] p2a,p1b
|-supereffective|p2a: Slowbro|1
|-damage|p2a: Slowbro|0 fnt
|-damage|p1b: Integrity|0 fnt
|faint|p2a: Slowbro
|faint|p1b: Integrity
|
|win|chan chai rap xiec
|raw|sum1dum's rating: 1158 → 1125(-33 for losing)
|raw|chan chai rap xiec's rating: 1049 → 1092(+43 for winning)
