|j|☆Yutsami
|j|☆quarteroy26
|html|Yutsamiquarteroy26    
|uhtml|bestof|Game 2 of a best-of-3
|t:|1782413889
|gametype|doubles
|player|p1|Yutsami|n|1144
|player|p2|quarteroy26|cameraman|1068
|gen|9
|tier|[Gen 9 Champions] VGC 2026 Reg M-B (Bo3)
|rated|
|rule|Species Clause: Limit one of each Pokémon
|rule|Item Clause: Limit 1 of each item
|clearpoke
|poke|p1|Whimsicott, L50, F|
|poke|p1|Staraptor, L50, M|
|poke|p1|Garchomp, L50, M|
|poke|p1|Gholdengo, L50|
|poke|p1|Basculegion, L50, M|
|poke|p1|Typhlosion-Hisui, L50, M|
|poke|p2|Raichu, L50, F, shiny|
|poke|p2|Whimsicott, L50, M, shiny|
|poke|p2|Vileplume, L50, F|
|poke|p2|Pelipper, L50, M, shiny|
|poke|p2|Swampert, L50, F, shiny|
|poke|p2|Kingambit, L50, M|
|teampreview|4
|showteam|p1|Whimsicott||FocusSash|Prankster|Moonblast,Tickle,FakeTears,Tailwind|Timid||F|||50|]Staraptor||Staraptite|Intimidate|BraveBird,CloseCombat,Roost,Protect|Jolly||M|||50|]Garchomp||RoseliBerry|RoughSkin|DragonClaw,StompingTantrum,RockSlide,PoisonJab|Jolly||M|||50|]Gholdengo||LifeOrb|GoodasGold|MakeItRain,ShadowBall,PowerGem,Protect|Modest|||||50|]Basculegion||MysticWater|Adaptability|WaveCrash,LastRespects,AquaJet,Protect|Adamant||M|||50|]Typhlosion-Hisui||ChoiceScarf|Frisk|ShadowBall,Eruption,HeatWave,BurnUp|Modest||M|||50|
|showteam|p2|Raichu||RaichuniteY|Static|ZapCannon,FocusBlast,GrassKnot,Protect|Modest||F|||50|]Whimsicott||FocusSash|Prankster|Tailwind,SunnyDay,Moonblast,FakeTears|Bold||M|||50|]Vileplume||SitrusBerry|Chlorophyll|SludgeBomb,SolarBeam,SleepPowder,WeatherBall|Modest||F|||50|]Pelipper||Leftovers|Drizzle|WideGuard,WeatherBall,Hurricane,Tailwind|Bold||M|||50|]Swampert||Swampertite|Damp|Earthquake,IcePunch,WaveCrash,Protect|Adamant||F|||50|]Kingambit||BlackGlasses|Defiant|SuckerPunch,IronHead,KowtowCleave,Protect|Adamant||M|||50|
|inactive|Battle timer is ON: inactive players will automatically lose when time's up. (requested by quarteroy26)
|inactive|Yutsami also wants the timer to be on.
|
|t:|1782413906
|teamsize|p1|4
|teamsize|p2|4
|start
|switch|p1a: Whimsicott|Whimsicott, L50, F|100/100
|switch|p1b: Garchomp|Garchomp, L50, M|100/100
|switch|p2a: Raichu|Raichu, L50, F, shiny|100/100
|switch|p2b: Whimsicott|Whimsicott, L50, M, shiny|100/100
|turn|1
|inactive|Yutsami has 30 seconds left.
|
|t:|1782413932
|move|p2a: Raichu|Protect|p2a: Raichu
|-singleturn|p2a: Raichu|Protect
|move|p1a: Whimsicott|Tailwind|p1a: Whimsicott
|-sidestart|p1: Yutsami|move: Tailwind
|move|p2b: Whimsicott|Tailwind|p2b: Whimsicott
|-sidestart|p2: quarteroy26|move: Tailwind
|move|p1b: Garchomp|Stomping Tantrum|p2a: Raichu
|-activate|p2a: Raichu|move: Protect
|
|upkeep
|turn|2
|
|t:|1782413947
|detailschange|p2a: Raichu|Raichu-Mega-Y, L50, F, shiny
|-mega|p2a: Raichu|Raichu|Raichunite Y
|move|p2b: Whimsicott|Fake Tears|p1b: Garchomp
|-unboost|p1b: Garchomp|spd|2
|move|p1a: Whimsicott|Moonblast|p2b: Whimsicott
|-damage|p2b: Whimsicott|53/100
|move|p2a: Raichu|Focus Blast|p1b: Garchomp
|-damage|p1b: Garchomp|0 fnt
|faint|p1b: Garchomp
|
|upkeep
|inactive|Yutsami has 30 seconds left.
|
|t:|1782413980
|switch|p1b: Staraptor|Staraptor, L50, M|100/100
|-ability|p1b: Staraptor|Intimidate|boost
|-unboost|p2a: Raichu|atk|1
|-unboost|p2b: Whimsicott|atk|1
|turn|3
|inactive|Yutsami has 30 seconds left.
|
|t:|1782414010
|detailschange|p1b: Staraptor|Staraptor-Mega, L50, M
|-mega|p1b: Staraptor|Staraptor|Staraptite
|move|p1a: Whimsicott|Fake Tears|p1b: Staraptor
|-boost|p1b: Staraptor|spd|2
|move|p2a: Raichu|Zap Cannon|p1b: Staraptor
|-supereffective|p1b: Staraptor|1
|-damage|p1b: Staraptor|2/100
|-status|p1b: Staraptor|par
|move|p2b: Whimsicott|Moonblast|p1b: Staraptor
|-supereffective|p1b: Staraptor|1
|-damage|p1b: Staraptor|0 fnt
|faint|p1b: Staraptor
|
|upkeep
|
|t:|1782414019
|switch|p1b: Basculegion|Basculegion, L50, M|100/100
|turn|4
|
|t:|1782414036
|move|p1b: Basculegion|Aqua Jet|p2a: Raichu
|-damage|p2a: Raichu|29/100
|move|p1a: Whimsicott|Moonblast|p2a: Raichu
|-damage|p2a: Raichu|0 fnt
|faint|p2a: Raichu
|move|p2b: Whimsicott|Moonblast|p1b: Basculegion
|-damage|p1b: Basculegion|68/100
|-unboost|p1b: Basculegion|spa|1
|
|-sideend|p2: quarteroy26|move: Tailwind
|-sideend|p1: Yutsami|move: Tailwind
|upkeep
|
|t:|1782414043
|switch|p2a: Vileplume|Vileplume, L50, F|100/100
|turn|5
|
|t:|1782414061
|move|p1a: Whimsicott|Tickle|p2a: Vileplume
|-unboost|p2a: Vileplume|atk|1
|-unboost|p2a: Vileplume|def|1
|move|p2b: Whimsicott|Sunny Day|p2b: Whimsicott
|-weather|SunnyDay
|move|p2a: Vileplume|Weather Ball|p1a: Whimsicott
|-supereffective|p1a: Whimsicott|1
|-enditem|p1a: Whimsicott|Focus Sash
|-damage|p1a: Whimsicott|1/100
|move|p1b: Basculegion|Last Respects|p2a: Vileplume
|-damage|p2a: Vileplume|0 fnt
|faint|p2a: Vileplume
|
|-weather|SunnyDay|[upkeep]
|upkeep
|
|t:|1782414068
|switch|p2a: Kingambit|Kingambit, L50, M|100/100
|turn|6
|
|t:|1782414091
|move|p1b: Basculegion|Aqua Jet|p2b: Whimsicott
|-resisted|p2b: Whimsicott|1
|-damage|p2b: Whimsicott|46/100
|move|p2a: Kingambit|Sucker Punch||[still]
|-fail|p2a: Kingambit
|move|p1a: Whimsicott|Moonblast|p2b: Whimsicott
|-crit|p2b: Whimsicott
|-damage|p2b: Whimsicott|0 fnt
|faint|p2b: Whimsicott
|
|-weather|SunnyDay|[upkeep]
|upkeep
|turn|7
|inactive|Yutsami has 30 seconds left.
|
|t:|1782414125
|move|p1a: Whimsicott|Tickle|p2a: Kingambit
|-hint|Since gen 7, Dark is immune to Prankster moves.
|-immune|p2a: Kingambit
|move|p2a: Kingambit|Sucker Punch||[still]
|-fail|p2a: Kingambit
|move|p1b: Basculegion|Last Respects|p2a: Kingambit
|-resisted|p2a: Kingambit|1
|-damage|p2a: Kingambit|63/100
|
|-weather|SunnyDay|[upkeep]
|upkeep
|turn|8
|
|t:|1782414146
|move|p1a: Whimsicott|Moonblast|p2a: Kingambit
|-damage|p2a: Kingambit|31/100
|move|p1b: Basculegion|Last Respects|p2a: Kingambit
|-resisted|p2a: Kingambit|1
|-damage|p2a: Kingambit|0 fnt
|faint|p2a: Kingambit
|
|win|Yutsami
|raw|Yutsami's rating: 1144 → 1164(+20 for winning)
|raw|quarteroy26's rating: 1068 → 1052(-16 for losing)
|l|☆quarteroy26
|player|p2|
