|j|☆PhilHellmuth.PH
|j|☆Darkan33
|html|PhilHellmuth.PHDarkan33    
|uhtml|bestof|Game 2 of a best-of-3
|t:|1756312002
|gametype|doubles
|player|p1|PhilHellmuth.PH|1|1129
|player|p2|Darkan33|veteran|1035
|gen|9
|tier|[Gen 9] VGC 2025 Reg H (Bo3)
|rated|
|rule|Species Clause: Limit one of each Pokémon
|rule|Item Clause: Limit 1 of each item
|clearpoke
|poke|p1|Charizard, L50, F|
|poke|p1|Torkoal, L50, M|
|poke|p1|Porygon2, L50|
|poke|p1|Incineroar, L50, F|
|poke|p1|Jumpluff, L50, F|
|poke|p1|Ursaluna, L50, F|
|poke|p2|Kingdra, L50, F|
|poke|p2|Pelipper, L50, F|
|poke|p2|Garchomp, L50, F|
|poke|p2|Breloom, L50, M|
|poke|p2|Archaludon, L50, M|
|poke|p2|Grimmsnarl, L50, M|
|teampreview|4
|showteam|p1|Charizard||ChoiceSpecs|SolarPower|HeatWave,Overheat,WeatherBall,AirSlash|||F|||50|,,,,,Ghost]Torkoal||EjectPack|Drought|Eruption,Overheat,HelpingHand,Protect|||M|||50|,,,,,Fire]Porygon2||Eviolite|Download|TeraBlast,IceBeam,Recover,TrickRoom||||||50|,,,,,Fighting]Incineroar||SitrusBerry|Intimidate|FlareBlitz,KnockOff,FakeOut,PartingShot|||F|||50|,,,,,Ghost]Jumpluff||CovertCloak|Chlorophyll|SleepPowder,SunnyDay,RagePowder,Tailwind|||F|||50|,,,,,Water]Ursaluna||FlameOrb|Guts|HeadlongRush,Facade,Earthquake,Protect|||F|||50|,,,,,Ghost
|showteam|p2|Kingdra||LifeOrb|SwiftSwim|MuddyWater,DracoMeteor,Hurricane,Protect|||F|||50|,,,,,Stellar]Pelipper||CovertCloak|Drizzle|WeatherBall,Hurricane,WideGuard,Tailwind|||F|||50|,,,,,Ghost]Garchomp||LoadedDice|RoughSkin|ScaleShot,Protect,StompingTantrum,Earthquake|||F|||50|,,,,,Steel]Breloom||FocusSash|Technician|MachPunch,BulletSeed,Spore,Protect|||M|||50|,,,,,Steel]Archaludon||AssaultVest|Stamina|BodyPress,FlashCannon,ElectroShot,DragonPulse|||M|||50|,,,,,Grass]Grimmsnarl||LightClay|Prankster|LightScreen,Reflect,SpiritBreak,ThunderWave|||M|||50|,,,,,Ghost
|inactive|Battle timer is ON: inactive players will automatically lose when time's up. (requested by PhilHellmuth.PH)
|inactive|Darkan33 has 60 seconds left.
|inactive|Darkan33 has 30 seconds left.
|
|t:|1756312069
|teamsize|p1|4
|teamsize|p2|4
|start
|switch|p1a: Jumpluff|Jumpluff, L50, F|100/100
|switch|p1b: Torkoal|Torkoal, L50, M|100/100
|switch|p2a: Archaludon|Archaludon, L50, M|100/100
|switch|p2b: Grimmsnarl|Grimmsnarl, L50, M|100/100
|-weather|SunnyDay|[from] ability: Drought|[of] p1b: Torkoal
|turn|1
|inactive|PhilHellmuth.PH has 30 seconds left.
|
|t:|1756312102
|switch|p2b: Pelipper|Pelipper, L50, F, shiny|100/100
|-weather|RainDance|[from] ability: Drizzle|[of] p2b: Pelipper
|move|p1a: Jumpluff|Tailwind|p1a: Jumpluff
|-sidestart|p1: PhilHellmuth.PH|move: Tailwind
|move|p2a: Archaludon|Electro Shot||[still]
|-prepare|p2a: Archaludon|Electro Shot
|-boost|p2a: Archaludon|spa|1
|-anim|p2a: Archaludon|Electro Shot|p1b: Torkoal
|-damage|p1b: Torkoal|20/100
|move|p1b: Torkoal|Overheat|p2a: Archaludon
|-damage|p2a: Archaludon|81/100
|-unboost|p1b: Torkoal|spa|2
|-ability|p2a: Archaludon|Stamina|boost
|-boost|p2a: Archaludon|def|1
|-enditem|p1b: Torkoal|Eject Pack
|
|t:|1756312118
|switch|p1b: Charizard|Charizard, L50, F|100/100
|
|-weather|RainDance|[upkeep]
|upkeep
|turn|2
|
|t:|1756312139
|move|p1a: Jumpluff|Sunny Day|p1a: Jumpluff
|-weather|SunnyDay
|move|p1b: Charizard|Weather Ball|p2a: Archaludon
|-damage|p2a: Archaludon|0 fnt
|faint|p2a: Archaludon
|move|p2b: Pelipper|Weather Ball|p1b: Charizard
|-resisted|p1b: Charizard
|-damage|p1b: Charizard|72/100
|
|-weather|SunnyDay|[upkeep]
|-damage|p1b: Charizard|59/100|[from] ability: Solar Power|[of] p1b: Charizard
|upkeep
|
|t:|1756312156
|switch|p2a: Garchomp|Garchomp, L50, F|100/100
|turn|3
|inactive|PhilHellmuth.PH has 30 seconds left.
|inactive|PhilHellmuth.PH has 20 seconds left.
|inactive|PhilHellmuth.PH has 15 seconds left.
|
|t:|1756312198
|move|p1a: Jumpluff|Sleep Powder|p2a: Garchomp
|-status|p2a: Garchomp|slp|[from] move: Sleep Powder
|move|p1b: Charizard|Weather Ball|p2b: Pelipper
|-resisted|p2b: Pelipper
|-damage|p2b: Pelipper|0 fnt
|faint|p2b: Pelipper
|cant|p2a: Garchomp|slp
|
|-weather|SunnyDay|[upkeep]
|-damage|p1b: Charizard|47/100|[from] ability: Solar Power|[of] p1b: Charizard
|upkeep
|
|t:|1756312209
|switch|p2b: Grimmsnarl|Grimmsnarl, L50, M|100/100
|turn|4
|inactive|PhilHellmuth.PH has 30 seconds left.
|
|t:|1756312234
|move|p1a: Jumpluff|Rage Powder|p1a: Jumpluff
|-singleturn|p1a: Jumpluff|move: Rage Powder
|move|p2b: Grimmsnarl|Light Screen|p2b: Grimmsnarl
|-sidestart|p2: Darkan33|move: Light Screen
|move|p1b: Charizard|Weather Ball|p2a: Garchomp
|-resisted|p2a: Garchomp
|-damage|p2a: Garchomp|47/100 slp
|-curestatus|p2a: Garchomp|slp|[msg]
|move|p2a: Garchomp|Scale Shot|p1a: Jumpluff
|-damage|p1a: Jumpluff|84/100
|-damage|p1a: Jumpluff|69/100
|-damage|p1a: Jumpluff|52/100
|-damage|p1a: Jumpluff|37/100
|-damage|p1a: Jumpluff|20/100
|-hitcount|p1a: Jumpluff|5
|-unboost|p2a: Garchomp|def|1
|-boost|p2a: Garchomp|spe|1
|
|-weather|SunnyDay|[upkeep]
|-damage|p1b: Charizard|34/100|[from] ability: Solar Power|[of] p1b: Charizard
|-sideend|p1: PhilHellmuth.PH|move: Tailwind
|upkeep
|turn|5
|inactive|PhilHellmuth.PH has 30 seconds left.
|inactive|Darkan33 has 30 seconds left.
|inactive|Darkan33 has 20 seconds left.
|
|t:|1756312273
|move|p1a: Jumpluff|Tailwind|p1a: Jumpluff
|-sidestart|p1: PhilHellmuth.PH|move: Tailwind
|move|p1b: Charizard|Weather Ball|p2a: Garchomp
|-resisted|p2a: Garchomp
|-damage|p2a: Garchomp|0 fnt
|faint|p2a: Garchomp
|move|p2b: Grimmsnarl|Spirit Break|p1a: Jumpluff
|-damage|p1a: Jumpluff|0 fnt
|faint|p1a: Jumpluff
|
|-weather|SunnyDay|[upkeep]
|-damage|p1b: Charizard|22/100|[from] ability: Solar Power|[of] p1b: Charizard
|upkeep
|
|t:|1756312281
|switch|p1a: Ursaluna|Ursaluna, L50, F|100/100
|turn|6
|
|t:|1756312287
|move|p1b: Charizard|Weather Ball|p2b: Grimmsnarl
|-damage|p2b: Grimmsnarl|7/100
|move|p1a: Ursaluna|Headlong Rush|p2b: Grimmsnarl
|-damage|p2b: Grimmsnarl|0 fnt
|-unboost|p1a: Ursaluna|def|1
|-unboost|p1a: Ursaluna|spd|1
|faint|p2b: Grimmsnarl
|
|win|PhilHellmuth.PH
|raw|PhilHellmuth.PH's rating: 1129 → 1147(+18 for winning)
|raw|Darkan33's rating: 1035 → 1024(-11 for losing)
|l|☆Darkan33
|player|p2|
|c|☆PhilHellmuth.PH|Gg
|l|☆PhilHellmuth.PH
|player|p1|
|j|☆Darkan33
|player|p2|Darkan33|veteran|
