|j|☆LiarChoir
|j|☆Jakobtc
|html|LiarChoirJakobtc    
|uhtml|bestof|Game 1 of a best-of-3
|t:|1757130579
|gametype|doubles
|player|p1|LiarChoir|candice|1149
|player|p2|Jakobtc|riley|1186
|gen|9
|tier|[Gen 9] VGC 2025 Reg H (Bo3)
|rated|
|rule|Species Clause: Limit one of each Pokémon
|rule|Item Clause: Limit 1 of each item
|clearpoke
|poke|p1|Farigiraf, L50, M|
|poke|p1|Ninetales-Alola, L50, F|
|poke|p1|Ursaluna-Bloodmoon, L50, M|
|poke|p1|Incineroar, L50, M|
|poke|p1|Kingambit, L50, F|
|poke|p1|Primarina, L50, M|
|poke|p2|Gholdengo, L50|
|poke|p2|Incineroar, L50, F|
|poke|p2|Rillaboom, L50, M|
|poke|p2|Dragonite, L50, F|
|poke|p2|Sneasler, L50, F|
|poke|p2|Electabuzz, L50, F|
|teampreview|4
|showteam|p1|Farigiraf||MentalHerb|ArmorTail|Psychic,FoulPlay,HelpingHand,TrickRoom|||M|||50|,,,,,Grass]Ninetales-Alola||LightClay|SnowWarning|AuroraVeil,Protect,Blizzard,Encore|||F|||50|,,,,,Ghost]Ursaluna-Bloodmoon||AssaultVest|MindsEye|BloodMoon,HyperVoice,VacuumWave,EarthPower|||M|||50|,,,,,Ghost]Incineroar||SafetyGoggles|Intimidate|FlareBlitz,KnockOff,PartingShot,FakeOut|||M|||50|,,,,,Ghost]Kingambit||BlackGlasses|Defiant|SuckerPunch,KowtowCleave,Protect,LowKick|||F|||50|,,,,,Dark]Primarina||ThroatSpray|LiquidVoice|HyperVoice,Moonblast,Haze,Protect|||M|||50|,,,,,Water
|showteam|p2|Gholdengo||LifeOrb|GoodasGold|MakeItRain,ShadowBall,NastyPlot,Protect||||||50|,,,,,Water]Incineroar||SafetyGoggles|Intimidate|FakeOut,FlareBlitz,KnockOff,PartingShot|||F|||50|,,,,,Bug]Rillaboom||AssaultVest|GrassySurge|FakeOut,GrassyGlide,WoodHammer,HighHorsepower|||M|||50|,,,,,Rock]Dragonite||LoadedDice|Multiscale|ScaleShot,TeraBlast,Tailwind,Protect|||F|||50|,,,,,Flying]Sneasler||FocusSash|Unburden|DireClaw,CloseCombat,Taunt,Protect|||F|||50|,,,,,Stellar]Electabuzz||Eviolite|VitalSpirit|FollowMe,Electroweb,VoltSwitch,Protect|||F|||50|,,,,,Fairy
|c|☆Jakobtc|glhf
|c|☆LiarChoir|glhf
|
|t:|1757130627
|teamsize|p1|4
|teamsize|p2|4
|start
|switch|p1a: Ninetales|Ninetales-Alola, L50, F|100/100
|switch|p1b: Incineroar|Incineroar, L50, M|100/100
|switch|p2a: Gholdengo|Gholdengo, L50|100/100
|switch|p2b: Sneasler|Sneasler, L50, F|100/100
|-weather|Snowscape|[from] ability: Snow Warning|[of] p1a: Ninetales
|-ability|p1b: Incineroar|Intimidate|boost
|-unboost|p2a: Gholdengo|atk|1
|-unboost|p2b: Sneasler|atk|1
|turn|1
|
|t:|1757130652
|move|p2b: Sneasler|Taunt|p1a: Ninetales
|-start|p1a: Ninetales|move: Taunt
|cant|p1a: Ninetales|move: Taunt|Aurora Veil
|move|p2a: Gholdengo|Nasty Plot|p2a: Gholdengo
|-boost|p2a: Gholdengo|spa|2
|move|p1b: Incineroar|Flare Blitz|p2a: Gholdengo
|-supereffective|p2a: Gholdengo
|-damage|p2a: Gholdengo|0 fnt
|faint|p2a: Gholdengo
|-damage|p1b: Incineroar|71/100|[from] Recoil
|
|-weather|Snowscape|[upkeep]
|upkeep
|
|t:|1757130666
|switch|p2a: Dragonite|Dragonite, L50, F|100/100
|turn|2
|
|t:|1757130689
|-terastallize|p2b: Sneasler|Stellar
|move|p2b: Sneasler|Dire Claw|p1a: Ninetales
|-supereffective|p1a: Ninetales
|-damage|p1a: Ninetales|36/100
|move|p1a: Ninetales|Blizzard|p2a: Dragonite|[spread] p2a,p2b
|-supereffective|p2a: Dragonite
|-damage|p2a: Dragonite|50/100
|-damage|p2b: Sneasler|69/100
|move|p2a: Dragonite|Scale Shot|p1b: Incineroar
|-damage|p1b: Incineroar|56/100
|-damage|p1b: Incineroar|41/100
|-damage|p1b: Incineroar|26/100
|-damage|p1b: Incineroar|11/100
|-damage|p1b: Incineroar|0 fnt
|faint|p1b: Incineroar
|-hitcount|p1: Incineroar|5
|-unboost|p2a: Dragonite|def|1
|-boost|p2a: Dragonite|spe|1
|
|-weather|Snowscape|[upkeep]
|upkeep
|
|t:|1757130707
|switch|p1b: Primarina|Primarina, L50, M|100/100
|turn|3
|
|t:|1757130731
|switch|p2a: Rillaboom|Rillaboom, L50, M|100/100
|-fieldstart|move: Grassy Terrain|[from] ability: Grassy Surge|[of] p2a: Rillaboom
|switch|p1a: Ursaluna|Ursaluna-Bloodmoon, L50, M|100/100
|move|p2b: Sneasler|Dire Claw|p1a: Ursaluna
|-resisted|p1a: Ursaluna
|-damage|p1a: Ursaluna|91/100
|-status|p1a: Ursaluna|par
|move|p1b: Primarina|Hyper Voice|p2b: Sneasler|[spread] p2a,p2b
|-resisted|p2a: Rillaboom
|-damage|p2a: Rillaboom|91/100
|-damage|p2b: Sneasler|25/100
|-enditem|p1b: Primarina|Throat Spray
|-boost|p1b: Primarina|spa|1|[from] item: Throat Spray
|
|-weather|Snowscape|[upkeep]
|-heal|p2b: Sneasler|31/100|[from] Grassy Terrain
|-heal|p2a: Rillaboom|97/100|[from] Grassy Terrain
|-heal|p1a: Ursaluna|97/100 par|[from] Grassy Terrain
|upkeep
|turn|4
|
|t:|1757130777
|-terastallize|p1a: Ursaluna|Ghost
|move|p2b: Sneasler|Protect|p2b: Sneasler
|-singleturn|p2b: Sneasler|Protect
|move|p2a: Rillaboom|Wood Hammer|p1a: Ursaluna
|-damage|p1a: Ursaluna|44/100 par
|-damage|p2a: Rillaboom|78/100|[from] Recoil
|move|p1b: Primarina|Moonblast|p2a: Rillaboom
|-damage|p2a: Rillaboom|34/100
|-unboost|p2a: Rillaboom|spa|1
|move|p1a: Ursaluna|Hyper Voice|p2a: Rillaboom|[spread] p2a
|-activate|p2b: Sneasler|move: Protect
|-damage|p2a: Rillaboom|11/100
|
|-weather|Snowscape|[upkeep]
|-heal|p2b: Sneasler|36/100|[from] Grassy Terrain
|-heal|p2a: Rillaboom|16/100|[from] Grassy Terrain
|-heal|p1a: Ursaluna|50/100 par|[from] Grassy Terrain
|upkeep
|turn|5
|
|t:|1757130820
|switch|p2a: Dragonite|Dragonite, L50, F|50/100
|move|p1b: Primarina|Protect|p1b: Primarina
|-singleturn|p1b: Primarina|Protect
|move|p2b: Sneasler|Dire Claw|p1b: Primarina
|-activate|p1b: Primarina|move: Protect
|cant|p1a: Ursaluna|par
|
|-weather|none
|-heal|p2b: Sneasler|42/100|[from] Grassy Terrain
|-heal|p1a: Ursaluna|55/100 par|[from] Grassy Terrain
|upkeep
|turn|6
|
|t:|1757130872
|switch|p1a: Ninetales|Ninetales-Alola, L50, F|36/100
|-weather|Snowscape|[from] ability: Snow Warning|[of] p1a: Ninetales
|move|p2b: Sneasler|Dire Claw|p1b: Primarina
|-supereffective|p1b: Primarina
|-crit|p1b: Primarina
|-damage|p1b: Primarina|0 fnt
|faint|p1b: Primarina
|move|p2a: Dragonite|Scale Shot|p1a: Ninetales
|-immune|p1a: Ninetales
|
|-weather|Snowscape|[upkeep]
|-heal|p2b: Sneasler|48/100|[from] Grassy Terrain
|-heal|p1a: Ninetales|42/100|[from] Grassy Terrain
|upkeep
|
|t:|1757130884
|switch|p1b: Ursaluna|Ursaluna-Bloodmoon, L50, M, tera:Ghost|55/100 par
|turn|7
|
|t:|1757130899
|move|p2b: Sneasler|Protect|p2b: Sneasler
|-singleturn|p2b: Sneasler|Protect
|move|p1a: Ninetales|Aurora Veil|p1a: Ninetales
|-sidestart|p1: LiarChoir|move: Aurora Veil
|move|p2a: Dragonite|Scale Shot|p1b: Ursaluna|[miss]
|-miss|p2a: Dragonite|p1b: Ursaluna
|move|p1b: Ursaluna|Hyper Voice|p2b: Sneasler|[spread] p2a
|-activate|p2b: Sneasler|move: Protect
|-damage|p2a: Dragonite|8/100
|
|-weather|Snowscape|[upkeep]
|-heal|p2b: Sneasler|54/100|[from] Grassy Terrain
|-heal|p1a: Ninetales|48/100|[from] Grassy Terrain
|-heal|p1b: Ursaluna|61/100 par|[from] Grassy Terrain
|-fieldend|move: Grassy Terrain
|upkeep
|turn|8
|
|t:|1757130925
|move|p2b: Sneasler|Dire Claw|p1a: Ninetales
|-supereffective|p1a: Ninetales
|-damage|p1a: Ninetales|17/100
|-status|p1a: Ninetales|par
|move|p2a: Dragonite|Scale Shot|p1b: Ursaluna
|-damage|p1b: Ursaluna|54/100 par
|-crit|p1b: Ursaluna
|-damage|p1b: Ursaluna|38/100 par
|-damage|p1b: Ursaluna|30/100 par
|-damage|p1b: Ursaluna|23/100 par
|-hitcount|p1b: Ursaluna|4
|-unboost|p2a: Dragonite|def|1
|-boost|p2a: Dragonite|spe|1
|move|p1a: Ninetales|Blizzard|p2a: Dragonite|[spread] p2a,p2b
|-supereffective|p2a: Dragonite
|-damage|p2a: Dragonite|0 fnt
|-damage|p2b: Sneasler|17/100
|faint|p2a: Dragonite
|move|p1b: Ursaluna|Earth Power|p2b: Sneasler
|-supereffective|p2b: Sneasler
|-damage|p2b: Sneasler|0 fnt
|faint|p2b: Sneasler
|
|-weather|Snowscape|[upkeep]
|upkeep
|
|t:|1757130947
|switch|p2b: Rillaboom|Rillaboom, L50, M|16/100
|-fieldstart|move: Grassy Terrain|[from] ability: Grassy Surge|[of] p2b: Rillaboom
|turn|9
|
|t:|1757130962
|move|p2b: Rillaboom|Grassy Glide|p1a: Ninetales
|-damage|p1a: Ninetales|0 fnt
|faint|p1a: Ninetales
|move|p1b: Ursaluna|Blood Moon|p2b: Rillaboom
|-damage|p2b: Rillaboom|0 fnt
|faint|p2b: Rillaboom
|
|win|LiarChoir
