|j|☆strye
|j|☆Edward0516
|html|stryeEdward0516    
|uhtml|bestof|Game 2 of a best-of-3
|t:|1785423862
|gametype|doubles
|player|p1|strye|1|
|player|p2|Edward0516|266|
|gen|9
|tier|[Gen 9 Champions] VGC 2026 Reg M-B (Bo3)
|rule|Species Clause: Limit one of each Pokémon
|rule|Item Clause: Limit 1 of each item
|clearpoke
|poke|p1|Mawile, L50, F, shiny|
|poke|p1|Charizard, L50, F|
|poke|p1|Maushold, L50|
|poke|p1|Farigiraf, L50, M|
|poke|p1|Basculegion, L50, M|
|poke|p1|Incineroar, L50, F, shiny|
|poke|p2|Whimsicott, L50, M, shiny|
|poke|p2|Charizard, L50, F, shiny|
|poke|p2|Farigiraf, L50, M, shiny|
|poke|p2|Metagross, L50, shiny|
|poke|p2|Basculegion, L50, M|
|poke|p2|Garchomp, L50, F, shiny|
|teampreview|4
|showteam|p1|Mawile||Mawilite|HyperCutter|PlayRough,SuckerPunch,RockSlide,BrickBreak|Brave||F|||50|]Charizard||CharizarditeY|SolarPower|HeatWave,WeatherBall,SolarBeam,Protect|Modest||F|||50|]Maushold||WideLens|Technician|PopulationBomb,Feint,FollowMe,Protect|Jolly|||||50|]Farigiraf||ColburBerry|ArmorTail|TwinBeam,Thunderbolt,HelpingHand,TrickRoom|Relaxed||M|||50|]Basculegion||FocusSash|Adaptability|Liquidation,AquaJet,LastRespects,Protect|Adamant||M|||50|]Incineroar||LifeOrb|Intimidate|FakeOut,FlareBlitz,DarkestLariat,CloseCombat|Brave||F|||50|
|showteam|p2|Whimsicott||FocusSash|Prankster|Tailwind,Moonblast,Encore,Protect|Timid||M|||50|]Charizard||CharizarditeY|SolarPower|HeatWave,WeatherBall,SolarBeam,Protect|Modest||F|||50|]Farigiraf||SitrusBerry|ArmorTail|TwinBeam,Thunderbolt,HelpingHand,TrickRoom|Calm||M|||50|]Metagross||Metagrossite|ClearBody|PsychicFangs,IcePunch,BrickBreak,StoneEdge|Jolly|||||50|]Basculegion||ChoiceScarf|Adaptability|WaveCrash,LastRespects,AquaJet,FlipTurn|Jolly||M|||50|]Garchomp||LifeOrb|RoughSkin|Earthquake,DragonClaw,RockSlide,Protect|Adamant||F|||50|
|j| phoenix burner
|j| smallyeeaa
|j| 86test
|j| Mirrorer
|j| BenBen84
|
|t:|1785423948
|teamsize|p1|4
|teamsize|p2|4
|start
|switch|p1a: 鼠患大軍|Maushold, L50|100/100
|switch|p1b: Farigiraf|Farigiraf, L50, M|100/100
|switch|p2a: Charizard|Charizard, L50, F, shiny|100/100
|switch|p2b: Garchomp|Garchomp, L50, F, shiny|100/100
|turn|1
|
|t:|1785423970
|move|p2a: Charizard|Protect|p2a: Charizard
|-singleturn|p2a: Charizard|Protect
|move|p1a: 鼠患大軍|Population Bomb|p2a: Charizard
|-activate|p2a: Charizard|move: Protect
|move|p2b: Garchomp|Earthquake|p1b: Farigiraf|[spread] p1a,p1b
|-activate|p2a: Charizard|move: Protect
|-damage|p1a: 鼠患大軍|7/100
|-damage|p1b: Farigiraf|51/100
|-damage|p2b: Garchomp|90/100|[from] item: Life Orb
|move|p1b: Farigiraf|Trick Room|p1b: Farigiraf
|-fieldstart|move: Trick Room|[of] p1b: Farigiraf
|
|upkeep
|turn|2
|j| haymi1004
|
|t:|1785424002
|switch|p2a: Basculegion|Basculegion, L50, M|100/100
|switch|p2b: Farigiraf|Farigiraf, L50, M, shiny|100/100
|move|p1a: 鼠患大軍|Follow Me|p1a: 鼠患大軍
|-singleturn|p1a: 鼠患大軍|move: Follow Me
|move|p1b: Farigiraf|Thunderbolt|p2a: Basculegion
|-supereffective|p2a: Basculegion|1
|-crit|p2a: Basculegion
|-damage|p2a: Basculegion|16/100
|-status|p2a: Basculegion|par
|
|upkeep
|turn|3
|
|t:|1785424019
|move|p1b: Farigiraf|Helping Hand|p1a: 鼠患大軍
|-singleturn|p1a: 鼠患大軍|Helping Hand|[of] p1b: Farigiraf
|move|p2a: Basculegion|Flip Turn|p1a: 鼠患大軍
|-damage|p1a: 鼠患大軍|0 fnt
|faint|p1a: 鼠患大軍
|
|t:|1785424029
|switch|p2a: Charizard|Charizard, L50, F, shiny|100/100|[from] Flip Turn
|move|p2b: Farigiraf|Trick Room|p2b: Farigiraf
|-fieldend|move: Trick Room
|
|upkeep
|
|t:|1785424034
|switch|p1a: Basculegion|Basculegion, L50, M|100/100
|turn|4
|j| Roselia Sayo
|j| Aurorascepter
|
|t:|1785424087
|detailschange|p2a: Charizard|Charizard-Mega-Y, L50, F, shiny
|-mega|p2a: Charizard|Charizard|Charizardite Y
|-weather|SunnyDay|[from] ability: Drought|[of] p2a: Charizard
|move|p2b: Farigiraf|Helping Hand|p2a: Charizard
|-singleturn|p2a: Charizard|Helping Hand|[of] p2b: Farigiraf
|move|p1b: Farigiraf|Helping Hand|p1a: Basculegion
|-singleturn|p1a: Basculegion|Helping Hand|[of] p1b: Farigiraf
|move|p2a: Charizard|Heat Wave|p1a: Basculegion|[spread] p1a
|-miss|p2a: Charizard|p1b: Farigiraf
|-resisted|p1a: Basculegion|1
|-damage|p1a: Basculegion|40/100
|move|p1a: Basculegion|Last Respects|p2a: Charizard
|-damage|p2a: Charizard|0 fnt
|faint|p2a: Charizard
|
|-weather|SunnyDay|[upkeep]
|upkeep
|
|t:|1785424100
|switch|p2a: Garchomp|Garchomp, L50, F, shiny|90/100
|turn|5
|
|t:|1785424113
|move|p2b: Farigiraf|Helping Hand|p2a: Garchomp
|-singleturn|p2a: Garchomp|Helping Hand|[of] p2b: Farigiraf
|move|p2a: Garchomp|Earthquake|p1b: Farigiraf|[spread] p2b,p1a,p1b
|-damage|p2b: Farigiraf|23/100
|-damage|p1a: Basculegion|0 fnt
|-damage|p1b: Farigiraf|0 fnt
|-enditem|p2b: Farigiraf|Sitrus Berry|[eat]
|-heal|p2b: Farigiraf|48/100|[from] item: Sitrus Berry
|faint|p1a: Basculegion
|faint|p1b: Farigiraf
|-damage|p2a: Garchomp|80/100|[from] item: Life Orb
|
|-weather|SunnyDay|[upkeep]
|upkeep
|
|t:|1785424120
|switch|p1b: 雙馬尾真理|Mawile, L50, F, shiny|100/100
|turn|6
|l| haymi1004
|
|t:|1785424129
|detailschange|p1b: 雙馬尾真理|Mawile-Mega, L50, F, shiny
|-mega|p1b: 雙馬尾真理|Mawile|Mawilite
|move|p2a: Garchomp|Earthquake|p1b: 雙馬尾真理|[spread] p2b,p1b
|-supereffective|p1b: 雙馬尾真理|1
|-damage|p2b: Farigiraf|0 fnt
|-damage|p1b: 雙馬尾真理|1/100
|faint|p2b: Farigiraf
|-damage|p2a: Garchomp|71/100|[from] item: Life Orb
|move|p1b: 雙馬尾真理|Play Rough|p2a: Garchomp
|-supereffective|p2a: Garchomp|1
|-damage|p2a: Garchomp|0 fnt
|-damage|p1b: 雙馬尾真理|0 fnt|[from] ability: Rough Skin|[of] p2a: Garchomp
|faint|p2a: Garchomp
|faint|p1b: 雙馬尾真理
|
|win|Edward0516
|c|☆Edward0516|ggs
|l| Mirrorer
|l| phoenix burner
|l| Roselia Sayo
|j| Manimo_1126
|j| PaparaEX
|l| Manimo_1126
|l| PaparaEX
