|j|☆Permasona
|j|☆Wikdchikn
|html|PermasonaWikdchikn    
|uhtml|bestof|Game 1 of a best-of-3
|t:|1757790255
|gametype|doubles
|player|p1|Permasona|sabrina|1159
|player|p2|Wikdchikn|cameraman|1184
|gen|9
|tier|[Gen 9] VGC 2025 Reg H (Bo3)
|rated|
|rule|Species Clause: Limit one of each Pokémon
|rule|Item Clause: Limit 1 of each item
|clearpoke
|poke|p1|Sneasler, L50, M|
|poke|p1|Archaludon, L50, F|
|poke|p1|Pelipper, L50, F|
|poke|p1|Rillaboom, L50, F|
|poke|p1|Gholdengo, L50|
|poke|p1|Incineroar, L50, M|
|poke|p2|Arboliva, L50, M|
|poke|p2|Porygon2, L50|
|poke|p2|Primarina, L50, F|
|poke|p2|Ursaluna, L50, F|
|poke|p2|Amoonguss, L50, M|
|poke|p2|Armarouge, L50, M|
|teampreview|4
|showteam|p1|Sneasler||GrassySeed|Unburden|ThroatChop,Protect,DireClaw,CloseCombat|||M|||50|,,,,,Dark]Archaludon||AssaultVest|Stamina|DracoMeteor,FlashCannon,ElectroShot,BodyPress|||F|||50|,,,,,Ghost]Pelipper||FocusSash|Drizzle|Protect,WeatherBall,Tailwind,Hurricane|||F|||50|,,,,,Ghost]Rillaboom||CovertCloak|GrassySurge|GrassyGlide,Uturn,BulletSeed,FakeOut|||F|||50|,,,,,Fire]Gholdengo||LifeOrb|GoodasGold|MakeItRain,ShadowBall,Protect,NastyPlot||||||50|,,,,,Water]Incineroar||SafetyGoggles|Intimidate|PartingShot,FakeOut,KnockOff,FlareBlitz|||M|||50|,,,,,Ghost
|showteam|p2|Arboliva||ChoiceSpecs|SeedSower|DazzlingGleam,HyperVoice,EarthPower,GigaDrain|||M|||50|,,,,,Fairy]Porygon2||Eviolite|Trace|TeraBlast,ShadowBall,TrickRoom,Protect||||||50|,,,,,Fighting]Primarina||ThroatSpray|LiquidVoice|Moonblast,HyperVoice,Haze,Protect|||F|||50|,,,,,Water]Ursaluna||FlameOrb|Guts|Protect,Facade,HeadlongRush,Earthquake|||F|||50|,,,,,Ghost]Amoonguss||RockyHelmet|Regenerator|RagePowder,Spore,FoulPlay,Protect|||M|||50|,,,,,Dark]Armarouge||SitrusBerry|FlashFire|WideGuard,TrickRoom,HeatWave,HelpingHand|||M|||50|,,,,,Grass
|inactive|Battle timer is ON: inactive players will automatically lose when time's up. (requested by Wikdchikn)
|inactive|Permasona has 60 seconds left.
|inactive|Wikdchikn has 60 seconds left.
|inactive|Permasona has 30 seconds left.
|inactive|Permasona has 20 seconds left.
|inactive|Permasona has 15 seconds left.
|
|t:|1757790331
|teamsize|p1|4
|teamsize|p2|4
|start
|switch|p1a: Rillaboom|Rillaboom, L50, F|100/100
|switch|p1b: Archaludon|Archaludon, L50, F, shiny|100/100
|switch|p2a: Undying Duck|Porygon2, L50, shiny|100/100
|switch|p2b: Pest|Amoonguss, L50, M|100/100
|-fieldstart|move: Grassy Terrain|[from] ability: Grassy Surge|[of] p1a: Rillaboom
|-ability|p2a: Undying Duck|Stamina|Trace|[from] ability: Trace|[of] p1b: Archaludon
|turn|1
|inactive|Permasona has 30 seconds left.
|inactive|Permasona has 20 seconds left.
|
|t:|1757790368
|move|p1a: Rillaboom|Bullet Seed|p1b: Archaludon
|-resisted|p1b: Archaludon
|-damage|p1b: Archaludon|97/100
|-ability|p1b: Archaludon|Stamina|boost
|-boost|p1b: Archaludon|def|1
|-resisted|p1b: Archaludon
|-damage|p1b: Archaludon|95/100
|-ability|p1b: Archaludon|Stamina|boost
|-boost|p1b: Archaludon|def|1
|-resisted|p1b: Archaludon
|-damage|p1b: Archaludon|94/100
|-ability|p1b: Archaludon|Stamina|boost
|-boost|p1b: Archaludon|def|1
|-hitcount|p1b: Archaludon|3
|move|p1b: Archaludon|Body Press|p2a: Undying Duck
|-supereffective|p2a: Undying Duck
|-damage|p2a: Undying Duck|31/100
|-ability|p2a: Undying Duck|Stamina|boost
|-boost|p2a: Undying Duck|def|1
|move|p2b: Pest|Spore|p1b: Archaludon
|-status|p1b: Archaludon|slp|[from] move: Spore
|move|p2a: Undying Duck|Trick Room|p2a: Undying Duck
|-fieldstart|move: Trick Room|[of] p2a: Undying Duck
|
|-heal|p2a: Undying Duck|37/100|[from] Grassy Terrain
|-heal|p1b: Archaludon|99/100 slp|[from] Grassy Terrain
|upkeep
|turn|2
|inactive|Permasona has 30 seconds left.
|inactive|Wikdchikn has 30 seconds left.
|
|t:|1757790404
|switch|p2a: Olive You|Arboliva, L50, M|100/100
|-terastallize|p2b: Pest|Dark
|-terastallize|p1b: Archaludon|Ghost
|move|p2b: Pest|Foul Play|p1a: Rillaboom
|-damage|p1a: Rillaboom|55/100
|cant|p1b: Archaludon|slp
|move|p1a: Rillaboom|U-turn|p1b: Archaludon
|-resisted|p1b: Archaludon
|-damage|p1b: Archaludon|96/100 slp
|-ability|p1b: Archaludon|Stamina|boost
|-boost|p1b: Archaludon|def|1
|
|t:|1757790424
|switch|p1a: Incineroar|Incineroar, L50, M, shiny|100/100|[from] U-turn
|-ability|p1a: Incineroar|Intimidate|boost
|-unboost|p2a: Olive You|atk|1
|-unboost|p2b: Pest|atk|1
|
|-heal|p1b: Archaludon|100/100 slp|[from] Grassy Terrain
|upkeep
|turn|3
|
|t:|1757790441
|move|p1a: Incineroar|Fake Out|p2a: Olive You
|-damage|p2a: Olive You|87/100
|move|p2b: Pest|Foul Play|p1b: Archaludon
|-supereffective|p1b: Archaludon
|-damage|p1b: Archaludon|85/100 slp
|-ability|p1b: Archaludon|Stamina|boost
|-boost|p1b: Archaludon|def|1
|cant|p2a: Olive You|flinch
|cant|p1b: Archaludon|slp
|
|-heal|p2a: Olive You|93/100|[from] Grassy Terrain
|-heal|p1b: Archaludon|91/100 slp|[from] Grassy Terrain
|upkeep
|turn|4
|
|t:|1757790457
|move|p2b: Pest|Rage Powder|p2b: Pest
|-singleturn|p2b: Pest|move: Rage Powder
|move|p2a: Olive You|Giga Drain|p1b: Archaludon
|-damage|p1b: Archaludon|36/100 slp
|-heal|p2a: Olive You|100/100|[from] drain|[of] p1b: Archaludon
|-ability|p1b: Archaludon|Stamina|boost
|-boost|p1b: Archaludon|def|1
|move|p1a: Incineroar|Flare Blitz|p2a: Olive You
|-supereffective|p2a: Olive You
|-damage|p2a: Olive You|0 fnt
|faint|p2a: Olive You
|-damage|p1a: Incineroar|73/100|[from] Recoil
|-curestatus|p1b: Archaludon|slp|[msg]
|move|p1b: Archaludon|Body Press|p2b: Pest
|-supereffective|p2b: Pest
|-damage|p2b: Pest|0 fnt
|-damage|p1b: Archaludon|19/100|[from] item: Rocky Helmet|[of] p2b: Pest
|faint|p2b: Pest
|
|-heal|p1a: Incineroar|79/100|[from] Grassy Terrain
|-heal|p1b: Archaludon|25/100|[from] Grassy Terrain
|upkeep
|
|t:|1757790466
|switch|p2b: Undying Duck|Porygon2, L50, shiny|37/100
|switch|p2a: Bear with me|Ursaluna, L50, F|100/100
|-ability|p2b: Undying Duck|Intimidate|Trace|[from] ability: Trace|[of] p1a: Incineroar
|-ability|p2b: Undying Duck|Intimidate|boost
|-unboost|p1a: Incineroar|atk|1
|-unboost|p1b: Archaludon|atk|1
|turn|5
|
|t:|1757790483
|move|p2a: Bear with me|Headlong Rush|p1a: Incineroar
|-supereffective|p1a: Incineroar
|-damage|p1a: Incineroar|0 fnt
|-unboost|p2a: Bear with me|def|1
|-unboost|p2a: Bear with me|spd|1
|faint|p1a: Incineroar
|move|p2b: Undying Duck|Shadow Ball|p1b: Archaludon
|-supereffective|p1b: Archaludon
|-damage|p1b: Archaludon|0 fnt
|faint|p1b: Archaludon
|
|-heal|p2b: Undying Duck|43/100|[from] Grassy Terrain
|-fieldend|move: Trick Room
|-fieldend|move: Grassy Terrain
|-status|p2a: Bear with me|brn|[from] item: Flame Orb
|upkeep
|
|t:|1757790491
|switch|p1b: Sneasler|Sneasler, L50, M|100/100
|switch|p1a: Rillaboom|Rillaboom, L50, F|55/100
|-fieldstart|move: Grassy Terrain|[from] ability: Grassy Surge|[of] p1a: Rillaboom
|-enditem|p1b: Sneasler|Grassy Seed
|-boost|p1b: Sneasler|def|1|[from] item: Grassy Seed
|turn|6
|-message|Wikdchikn forfeited.
|
|win|Permasona
|l|☆Wikdchikn
|player|p2|
||Wikdchikn is ready for game 2.
||Permasona is ready for game 2.
|uhtml|next|Next: Game 2 of 3
