|j|☆RelentlessRogue
|j|☆mochamecha
|html|RelentlessRoguemochamecha    
|uhtml|bestof|Game 1 of a best-of-3
|t:|1757645642
|gametype|doubles
|player|p1|RelentlessRogue|ethan|1303
|player|p2|mochamecha|170|1367
|gen|9
|tier|[Gen 9] VGC 2025 Reg H (Bo3)
|rated|
|rule|Species Clause: Limit one of each Pokémon
|rule|Item Clause: Limit 1 of each item
|clearpoke
|poke|p1|Basculegion, L50, M|
|poke|p1|Pelipper, L50, M|
|poke|p1|Archaludon, L50, F|
|poke|p1|Whimsicott, L50, F|
|poke|p1|Gholdengo, L50|
|poke|p1|Incineroar, L50, F|
|poke|p2|Ursaluna, L50, M|
|poke|p2|Jumpluff, L50, F|
|poke|p2|Charizard, L50, F|
|poke|p2|Torkoal, L50, M|
|poke|p2|Incineroar, L50, F|
|poke|p2|Porygon2, L50|
|teampreview|4
|showteam|p1|Basculegion||ChoiceBand|SwiftSwim|WaveCrash,LastRespects,FlipTurn,AquaJet|||M|||50|,,,,,Water]Pelipper||FocusSash|Drizzle|WeatherBall,Hurricane,WideGuard,Protect|||M|||50|,,,,,Stellar]Archaludon||PowerHerb|Stalwart|ElectroShot,DracoMeteor,FlashCannon,Protect|||F|||50|,,,,,Electric]Whimsicott||CovertCloak|Prankster|Moonblast,Tailwind,Taunt,WorrySeed|||F|||50|,,,,,Steel]Gholdengo||LifeOrb|GoodasGold|MakeItRain,ShadowBall,NastyPlot,Protect||||||50|,,,,,Steel]Incineroar||SafetyGoggles|Intimidate|FlareBlitz,KnockOff,PartingShot,FakeOut|||F|||50|,,,,,Ghost
|showteam|p2|Ursaluna||FlameOrb|Guts|HeadlongRush,Facade,Earthquake,Protect|||M|||50|,,,,,Ghost]Jumpluff||CovertCloak|Chlorophyll|SleepPowder,SunnyDay,Tailwind,RagePowder|||F|||50|,,,,,Water]Charizard||ChoiceSpecs|SolarPower|AirSlash,HeatWave,Overheat,WeatherBall|||F|||50|,,,,,Ghost]Torkoal||EjectPack|Drought|HelpingHand,Eruption,Overheat,Protect|||M|||50|,,,,,Fire]Incineroar||SitrusBerry|Intimidate|FlareBlitz,KnockOff,FakeOut,PartingShot|||F|||50|,,,,,Ghost]Porygon2||Eviolite|Download|TeraBlast,IceBeam,Recover,TrickRoom||||||50|,,,,,Fighting
|inactive|Battle timer is ON: inactive players will automatically lose when time's up. (requested by RelentlessRogue)
|
|t:|1757645662
|teamsize|p1|4
|teamsize|p2|4
|start
|switch|p1a: Basculegion|Basculegion, L50, M|100/100
|switch|p1b: Whimsicott|Whimsicott, L50, F, shiny|100/100
|switch|p2a: Jumpluff|Jumpluff, L50, F|100/100
|switch|p2b: Charizard|Charizard, L50, F|100/100
|turn|1
|inactive|RelentlessRogue has 30 seconds left.
|inactive|mochamecha has 30 seconds left.
|inactive|RelentlessRogue has 20 seconds left.
|
|t:|1757645700
|switch|p1b: Pelipper|Pelipper, L50, M|100/100
|-weather|RainDance|[from] ability: Drizzle|[of] p1b: Pelipper
|switch|p2b: Porygon2|Porygon2, L50|100/100
|-ability|p2b: Porygon2|Download|boost
|-boost|p2b: Porygon2|spa|1
|-terastallize|p1a: Basculegion|Water
|move|p1a: Basculegion|Flip Turn|p2b: Porygon2
|-damage|p2b: Porygon2|47/100
|
|t:|1757645711
|switch|p1a: Whimsicott|Whimsicott, L50, F, shiny|100/100|[from] Flip Turn
|move|p2a: Jumpluff|Sleep Powder|p1a: Whimsicott
|-immune|p1a: Whimsicott
|
|-weather|RainDance|[upkeep]
|upkeep
|turn|2
|
|t:|1757645727
|switch|p2b: Charizard|Charizard, L50, F|100/100
|move|p1a: Whimsicott|Taunt|p2b: Charizard
|-start|p2b: Charizard|move: Taunt
|move|p2a: Jumpluff|Sunny Day|p2a: Jumpluff
|-weather|SunnyDay
|move|p1b: Pelipper|Hurricane|p2a: Jumpluff|[miss]
|-miss|p1b: Pelipper|p2a: Jumpluff
|
|-weather|SunnyDay|[upkeep]
|-damage|p2b: Charizard|88/100|[from] ability: Solar Power|[of] p2b: Charizard
|upkeep
|turn|3
|
|t:|1757645740
|switch|p2a: Porygon2|Porygon2, L50|47/100
|-ability|p2a: Porygon2|Download|boost
|-boost|p2a: Porygon2|spa|1
|switch|p1b: Incineroar|Incineroar, L50, F|100/100
|-ability|p1b: Incineroar|Intimidate|boost
|-unboost|p2a: Porygon2|atk|1
|-unboost|p2b: Charizard|atk|1
|move|p1a: Whimsicott|Taunt|p2a: Porygon2
|-start|p2a: Porygon2|move: Taunt
|move|p2b: Charizard|Weather Ball|p1a: Whimsicott
|-supereffective|p1a: Whimsicott
|-damage|p1a: Whimsicott|0 fnt
|faint|p1a: Whimsicott
|
|-weather|SunnyDay|[upkeep]
|-damage|p2b: Charizard|76/100|[from] ability: Solar Power|[of] p2b: Charizard
|upkeep
|
|t:|1757645743
|switch|p1a: Pelipper|Pelipper, L50, M|100/100
|-weather|RainDance|[from] ability: Drizzle|[of] p1a: Pelipper
|turn|4
|
|t:|1757645760
|switch|p1a: Basculegion|Basculegion, L50, M, tera:Water|100/100
|move|p2b: Charizard|Weather Ball|p1b: Incineroar
|-supereffective|p1b: Incineroar
|-damage|p1b: Incineroar|0 fnt
|faint|p1b: Incineroar
|move|p2a: Porygon2|Tera Blast|p1a: Basculegion
|-damage|p1a: Basculegion|45/100
|
|-weather|RainDance|[upkeep]
|-end|p2b: Charizard|move: Taunt
|upkeep
|
|t:|1757645765
|switch|p1b: Pelipper|Pelipper, L50, M|100/100
|turn|5
|
|t:|1757645774
|move|p1a: Basculegion|Wave Crash|p2b: Charizard
|-supereffective|p2b: Charizard
|-damage|p2b: Charizard|0 fnt
|faint|p2b: Charizard
|-damage|p1a: Basculegion|25/100|[from] Recoil
|move|p1b: Pelipper|Hurricane|p2a: Porygon2
|-damage|p2a: Porygon2|15/100
|move|p2a: Porygon2|Tera Blast|p1a: Basculegion
|-damage|p1a: Basculegion|0 fnt
|faint|p1a: Basculegion
|
|-weather|RainDance|[upkeep]
|-end|p2a: Porygon2|move: Taunt
|upkeep
|
|t:|1757645777
|switch|p2b: Jumpluff|Jumpluff, L50, F|100/100
|turn|6
|
|t:|1757645784
|move|p2b: Jumpluff|Sunny Day|p2b: Jumpluff
|-weather|SunnyDay
|move|p1b: Pelipper|Hurricane|p2b: Jumpluff|[miss]
|-miss|p1b: Pelipper|p2b: Jumpluff
|move|p2a: Porygon2|Recover|p2a: Porygon2
|-heal|p2a: Porygon2|65/100
|
|-weather|SunnyDay|[upkeep]
|upkeep
|turn|7
|-message|RelentlessRogue forfeited.
|
|win|mochamecha
