|j|☆jao9222
|j|☆dragonite fraude
|html|jao9222dragonite fraude    
|uhtml|bestof|Game 1 of a best-of-3
|t:|1757842466
|gametype|doubles
|player|p1|jao9222|170|1058
|player|p2|dragonite fraude|265|1000
|gen|9
|tier|[Gen 9] VGC 2025 Reg H (Bo3)
|rated|
|rule|Species Clause: Limit one of each Pokémon
|rule|Item Clause: Limit 1 of each item
|clearpoke
|poke|p1|Gothitelle, L50, M|
|poke|p1|Politoed, L50, F|
|poke|p1|Primarina, L50, M|
|poke|p1|Archaludon, L50, M|
|poke|p1|Incineroar, L50, F|
|poke|p1|Amoonguss, L50, F|
|poke|p2|Maushold-Four, L50|
|poke|p2|Gholdengo, L50|
|poke|p2|Dragonite, L50, M|
|poke|p2|Annihilape, L50, M|
|poke|p2|Rillaboom, L50, M|
|poke|p2|Ursaluna-Bloodmoon, L50, M|
|teampreview|4
|showteam|p1|Gothitelle||Leftovers|ShadowTag|FakeOut,Protect,TrickRoom,Psychic|||M|||50|,,,,,Steel]Politoed||SitrusBerry|Drizzle|PerishSong,IcyWind,WeatherBall,Protect|||F|||50|,,,,,Fire]Primarina||ThroatSpray|LiquidVoice|PerishSong,Protect,HyperVoice,Moonblast|||M|||50|,,,,,Grass]Archaludon||PowerHerb|Stamina|Protect,ElectroShot,IronDefense,BodyPress|||M|||50|,,,,,Electric]Incineroar||SafetyGoggles|Intimidate|FakeOut,PartingShot,KnockOff,Protect|||F|||50|,,,,,Bug]Amoonguss||EjectButton|Regenerator|Spore,Protect,RagePowder,PollenPuff|||F|||50|,,,,,Water
|showteam|p2|Maushold-Four||FocusSash|FriendGuard|SuperFang,BeatUp,FollowMe,Protect||||||50|,,,,,Ghost]Gholdengo||LifeOrb|GoodasGold|MakeItRain,ShadowBall,NastyPlot,Protect||||||50|,,,,,Water]Dragonite||LoadedDice|Multiscale|ScaleShot,Tailwind,Haze,Protect|||M|||50|,,,,,Fairy]Annihilape||SitrusBerry|Defiant|DrainPunch,RageFist,BulkUp,Protect|||M|||50|,,,,,Fire]Rillaboom||MiracleSeed|GrassySurge|WoodHammer,GrassyGlide,HighHorsepower,FakeOut|||M|||50|,,,,,Fire]Ursaluna-Bloodmoon||AssaultVest|MindsEye|BloodMoon,EarthPower,HyperVoice,VacuumWave|||M|||50|,,,,,Water
|
|t:|1757842512
|teamsize|p1|4
|teamsize|p2|4
|start
|switch|p1a: Amoonguss|Amoonguss, L50, F|100/100
|switch|p1b: Archaludon|Archaludon, L50, M|100/100
|switch|p2a: Gholdengo|Gholdengo, L50|100/100
|switch|p2b: Rillaboom|Rillaboom, L50, M|100/100
|-fieldstart|move: Grassy Terrain|[from] ability: Grassy Surge|[of] p2b: Rillaboom
|turn|1
|inactive|Battle timer is ON: inactive players will automatically lose when time's up. (requested by dragonite fraude)
|
|t:|1757842533
|move|p2b: Rillaboom|Fake Out|p1b: Archaludon
|-resisted|p1b: Archaludon
|-damage|p1b: Archaludon|96/100
|-ability|p1b: Archaludon|Stamina|boost
|-boost|p1b: Archaludon|def|1
|move|p2a: Gholdengo|Nasty Plot|p2a: Gholdengo
|-boost|p2a: Gholdengo|spa|2
|cant|p1b: Archaludon|flinch
|move|p1a: Amoonguss|Spore|p2a: Gholdengo
|-immune|p2a: Gholdengo|[from] ability: Good as Gold
|
|-heal|p1b: Archaludon|100/100|[from] Grassy Terrain
|upkeep
|turn|2
|inactive|jao9222 has 30 seconds left.
|inactive|dragonite fraude has 30 seconds left.
|
|t:|1757842567
|switch|p2b: Maushold|Maushold-Four, L50|100/100
|move|p2a: Gholdengo|Shadow Ball|p1b: Archaludon
|-damage|p1b: Archaludon|0 fnt
|faint|p1b: Archaludon
|-damage|p2a: Gholdengo|91/100|[from] item: Life Orb
|move|p1a: Amoonguss|Pollen Puff|p1: Archaludon|[notarget]
|-fail|p1a: Amoonguss
|
|-heal|p2a: Gholdengo|97/100|[from] Grassy Terrain
|upkeep
|
|t:|1757842575
|switch|p1b: Primarina|Primarina, L50, M|100/100
|turn|3
|
|t:|1757842587
|move|p1a: Amoonguss|Rage Powder|p1a: Amoonguss
|-singleturn|p1a: Amoonguss|move: Rage Powder
|move|p2b: Maushold|Super Fang|p1a: Amoonguss
|-damage|p1a: Amoonguss|50/100
|-enditem|p1a: Amoonguss|Eject Button
|
|t:|1757842591
|switch|p1a: Politoed|Politoed, L50, F|100/100
|-weather|RainDance|[from] ability: Drizzle|[of] p1a: Politoed
|move|p2a: Gholdengo|Make It Rain|p1b: Primarina|[spread] p1a,p1b
|-resisted|p1a: Politoed
|-crit|p1a: Politoed
|-damage|p1a: Politoed|31/100
|-damage|p1b: Primarina|17/100
|-unboost|p2a: Gholdengo|spa|1
|-enditem|p1a: Politoed|Sitrus Berry|[eat]
|-heal|p1a: Politoed|56/100|[from] item: Sitrus Berry
|-damage|p2a: Gholdengo|88/100|[from] item: Life Orb
|move|p1b: Primarina|Hyper Voice|p2a: Gholdengo|[spread] p2a,p2b
|-damage|p2a: Gholdengo|51/100
|-damage|p2b: Maushold|45/100
|-enditem|p1b: Primarina|Throat Spray
|-boost|p1b: Primarina|spa|1|[from] item: Throat Spray
|
|-weather|RainDance|[upkeep]
|-heal|p2b: Maushold|51/100|[from] Grassy Terrain
|-heal|p2a: Gholdengo|57/100|[from] Grassy Terrain
|-heal|p1b: Primarina|23/100|[from] Grassy Terrain
|-heal|p1a: Politoed|62/100|[from] Grassy Terrain
|upkeep
|turn|4
|inactive|jao9222 has 30 seconds left.
|
|t:|1757842617
|move|p1b: Primarina|Protect|p1b: Primarina
|-singleturn|p1b: Primarina|Protect
|move|p2b: Maushold|Super Fang|p1a: Politoed
|-damage|p1a: Politoed|31/100
|move|p2a: Gholdengo|Make It Rain|p1a: Politoed|[spread] p1a
|-activate|p1b: Primarina|move: Protect
|-resisted|p1a: Politoed
|-damage|p1a: Politoed|0 fnt
|-unboost|p2a: Gholdengo|spa|1
|faint|p1a: Politoed
|-damage|p2a: Gholdengo|47/100|[from] item: Life Orb
|
|-weather|RainDance|[upkeep]
|-heal|p2b: Maushold|57/100|[from] Grassy Terrain
|-heal|p2a: Gholdengo|54/100|[from] Grassy Terrain
|-heal|p1b: Primarina|29/100|[from] Grassy Terrain
|upkeep
|
|t:|1757842624
|switch|p1a: Amoonguss|Amoonguss, L50, F|84/100
|turn|5
|
|t:|1757842633
|-terastallize|p1b: Primarina|Grass
|move|p1a: Amoonguss|Rage Powder|p1a: Amoonguss
|-singleturn|p1a: Amoonguss|move: Rage Powder
|move|p2b: Maushold|Super Fang|p1a: Amoonguss
|-damage|p1a: Amoonguss|42/100
|move|p2a: Gholdengo|Make It Rain|p1b: Primarina|[spread] p1a,p1b
|-damage|p1a: Amoonguss|0 fnt
|-damage|p1b: Primarina|0 fnt
|-unboost|p2a: Gholdengo|spa|1
|faint|p1a: Amoonguss
|faint|p1b: Primarina
|-damage|p2a: Gholdengo|44/100|[from] item: Life Orb
|
|win|dragonite fraude
||jao9222 is ready for game 2.
||dragonite fraude is ready for game 2.
|uhtml|next|Next: Game 2 of 3
|n|☆dragonite fraude|dragonitefraude
