|j|☆Brutalandathebozz
|j|☆BackonmyPittBull
|html|BrutalandathebozzBackonmyPittBull    
|uhtml|bestof|Game 2 of a best-of-3
|t:|1756724396
|gametype|doubles
|player|p1|Brutalandathebozz|266|1273
|player|p2|BackonmyPittBull|n|1315
|gen|9
|tier|[Gen 9] VGC 2025 Reg H (Bo3)
|rated|
|rule|Species Clause: Limit one of each Pokémon
|rule|Item Clause: Limit 1 of each item
|clearpoke
|poke|p1|Sneasler, L50, M|
|poke|p1|Electabuzz, L50, F|
|poke|p1|Rillaboom, L50, F|
|poke|p1|Primarina, L50, F|
|poke|p1|Kingambit, L50, M|
|poke|p1|Volcarona, L50, M|
|poke|p2|Charizard, L50, F|
|poke|p2|Torkoal, L50, M|
|poke|p2|Porygon2, L50|
|poke|p2|Incineroar, L50, F|
|poke|p2|Jumpluff, L50, F|
|poke|p2|Ursaluna, L50, F|
|teampreview|4
|showteam|p1|Sneasler||FocusSash|PoisonTouch|FakeOut,CloseCombat,DireClaw,Protect|||M|||50|,,,,,Ghost]Electabuzz||Eviolite|VitalSpirit|Protect,Taunt,FollowMe,Electroweb|||F|||50|,,,,,Ghost]Rillaboom||AssaultVest|GrassySurge|WoodHammer,GrassyGlide,FakeOut,HighHorsepower|||F|||50|,,,,,Fire]Primarina||SitrusBerry|LiquidVoice|HyperVoice,Moonblast,Protect,Haze|||F|||50|,,,,,Poison]Kingambit||BlackGlasses|Defiant|KowtowCleave,SuckerPunch,Protect,SwordsDance|||M|||50|,,,,,Dark]Volcarona||CovertCloak|FlameBody|HeatWave,TeraBlast,QuiverDance,Protect|||M|||50|,,,,,Fairy
|showteam|p2|Charizard||ChoiceSpecs|SolarPower|HeatWave,Overheat,WeatherBall,AirSlash|||F|||50|,,,,,Ghost]Torkoal||EjectPack|Drought|Eruption,Overheat,HelpingHand,Protect|||M|||50|,,,,,Fire]Porygon2||Eviolite|Download|TeraBlast,IceBeam,Recover,TrickRoom||||||50|,,,,,Fighting]Incineroar||SitrusBerry|Intimidate|FlareBlitz,KnockOff,FakeOut,PartingShot|||F|||50|,,,,,Ghost]Jumpluff||CovertCloak|Chlorophyll|SleepPowder,SunnyDay,RagePowder,Tailwind|||F|||50|,,,,,Water]Ursaluna||FlameOrb|Guts|HeadlongRush,Facade,Earthquake,Protect|||F|||50|,,,,,Ghost
|
|t:|1756724437
|teamsize|p1|4
|teamsize|p2|4
|start
|switch|p1a: Volcarona|Volcarona, L50, M, shiny|100/100
|switch|p1b: Sneasler|Sneasler, L50, M|100/100
|switch|p2a: Torkoal|Torkoal, L50, M|100/100
|switch|p2b: Charizard|Charizard, L50, F|100/100
|-weather|SunnyDay|[from] ability: Drought|[of] p2a: Torkoal
|turn|1
|
|t:|1756724453
|move|p1b: Sneasler|Dire Claw|p2b: Charizard
|-damage|p2b: Charizard|36/100
|-status|p2b: Charizard|slp
|cant|p2b: Charizard|slp
|move|p1a: Volcarona|Quiver Dance|p1a: Volcarona
|-boost|p1a: Volcarona|spa|1
|-boost|p1a: Volcarona|spd|1
|-boost|p1a: Volcarona|spe|1
|move|p2a: Torkoal|Eruption|p1a: Volcarona|[spread] p1a,p1b
|-damage|p1a: Volcarona|60/100
|-damage|p1b: Sneasler|3/100
|
|-weather|SunnyDay|[upkeep]
|-damage|p2b: Charizard|23/100 slp|[from] ability: Solar Power|[of] p2b: Charizard
|upkeep
|turn|2
|
|t:|1756724496
|switch|p1b: Electabuzz|Electabuzz, L50, F|100/100
|move|p1a: Volcarona|Heat Wave|p2a: Torkoal|[spread] p2a,p2b
|-resisted|p2a: Torkoal
|-resisted|p2b: Charizard
|-damage|p2a: Torkoal|47/100
|-damage|p2b: Charizard|0 fnt
|faint|p2b: Charizard
|move|p2a: Torkoal|Overheat|p1a: Volcarona
|-damage|p1a: Volcarona|9/100
|-unboost|p2a: Torkoal|spa|2
|-enditem|p2a: Torkoal|Eject Pack
|
|t:|1756724506
|switch|p2a: Ursaluna|Ursaluna, L50, F|100/100
|
|-weather|SunnyDay|[upkeep]
|-status|p2a: Ursaluna|brn|[from] item: Flame Orb
|upkeep
|
|t:|1756724511
|switch|p2b: Jumpluff|Jumpluff, L50, F|100/100
|turn|3
|inactive|Battle timer is ON: inactive players will automatically lose when time's up. (requested by Brutalandathebozz)
|
|t:|1756724531
|-terastallize|p2b: Jumpluff|Water
|move|p1b: Electabuzz|Follow Me|p1b: Electabuzz
|-singleturn|p1b: Electabuzz|move: Follow Me
|move|p2b: Jumpluff|Tailwind|p2b: Jumpluff
|-sidestart|p2: BackonmyPittBull|move: Tailwind
|move|p1a: Volcarona|Heat Wave|p2b: Jumpluff|[spread] p2a,p2b
|-resisted|p2b: Jumpluff
|-damage|p2a: Ursaluna|20/100 brn
|-damage|p2b: Jumpluff|58/100
|move|p2a: Ursaluna|Earthquake|p1a: Volcarona|[spread] p2b,p1a,p1b
|-supereffective|p1b: Electabuzz
|-damage|p2b: Jumpluff|0 fnt
|-damage|p1a: Volcarona|0 fnt
|-damage|p1b: Electabuzz|0 fnt
|faint|p2b: Jumpluff
|faint|p1a: Volcarona
|faint|p1b: Electabuzz
|
|-weather|SunnyDay|[upkeep]
|-damage|p2a: Ursaluna|14/100 brn|[from] brn
|upkeep
|
|t:|1756724546
|switch|p2b: Torkoal|Torkoal, L50, M|47/100
|switch|p1b: Primarina|Primarina, L50, F|100/100
|switch|p1a: Sneasler|Sneasler, L50, M|3/100
|turn|4
|inactive|Brutalandathebozz has 30 seconds left.
|inactive|Brutalandathebozz has 20 seconds left.
|inactive|BackonmyPittBull has 30 seconds left.
|inactive|Brutalandathebozz has 15 seconds left.
|inactive|Brutalandathebozz has 10 seconds left.
|inactive|Brutalandathebozz has 5 seconds left.
|
|t:|1756724598
|move|p2b: Torkoal|Helping Hand|p2a: Ursaluna
|-singleturn|p2a: Ursaluna|Helping Hand|[of] p2b: Torkoal
|move|p1a: Sneasler|Protect|p1a: Sneasler
|-singleturn|p1a: Sneasler|Protect
|move|p2a: Ursaluna|Earthquake|p1a: Sneasler|[spread] p2b,p1b
|-activate|p1a: Sneasler|move: Protect
|-supereffective|p2b: Torkoal
|-damage|p2b: Torkoal|0 fnt
|-damage|p1b: Primarina|0 fnt
|faint|p2b: Torkoal
|faint|p1b: Primarina
|
|-weather|SunnyDay|[upkeep]
|-damage|p2a: Ursaluna|8/100 brn|[from] brn
|upkeep
|turn|5
|
|t:|1756724611
|move|p1a: Sneasler|Protect||[still]
|-fail|p1a: Sneasler
|move|p2a: Ursaluna|Headlong Rush|p1a: Sneasler
|-supereffective|p1a: Sneasler
|-damage|p1a: Sneasler|0 fnt
|-unboost|p2a: Ursaluna|def|1
|-unboost|p2a: Ursaluna|spd|1
|faint|p1a: Sneasler
|
|win|BackonmyPittBull
|raw|Brutalandathebozz's rating: 1273 → 1251(-22 for losing)
|raw|BackonmyPittBull's rating: 1315 → 1333(+18 for winning)
