|j|☆sbhaga34
|j|☆marcosdeltasena31
|html|sbhaga34marcosdeltasena31    
|uhtml|bestof|Game 3 of a best-of-3
|t:|1757797252
|gametype|doubles
|player|p1|sbhaga34|hugh|1486
|player|p2|marcosdeltasena31|hilbert|1447
|gen|9
|tier|[Gen 9] VGC 2025 Reg H (Bo3)
|rated|
|rule|Species Clause: Limit one of each Pokémon
|rule|Item Clause: Limit 1 of each item
|clearpoke
|poke|p1|Indeedee-F, L50, F|
|poke|p1|Talonflame, L50, F|
|poke|p1|Tyranitar, L50, F|
|poke|p1|Excadrill, L50, M|
|poke|p1|Gardevoir, L50, M|
|poke|p1|Ursaluna-Bloodmoon, L50, M|
|poke|p2|Dragonite, L50, F|
|poke|p2|Sneasler, L50, F|
|poke|p2|Volcarona, L50, F|
|poke|p2|Rillaboom, L50, M|
|poke|p2|Kingambit, L50, F|
|poke|p2|Electabuzz, L50, F|
|teampreview|4
|showteam|p1|Indeedee-F||SafetyGoggles|PsychicSurge|FollowMe,TrickRoom,HelpingHand,Psychic|||F|||50|,,,,,Fairy]Talonflame||CovertCloak|GaleWings|Tailwind,Taunt,FlareBlitz,BraveBird|||F|||50|,,,,,Grass]Tyranitar||WeaknessPolicy|SandStream|RockSlide,KnockOff,LowKick,Protect|||F|||50|,,,,,Flying]Excadrill||FocusSash|SandRush|Earthquake,IronHead,SwordsDance,Protect|||M|||50|,,,,,Ground]Gardevoir||ChoiceScarf|Telepathy|ExpandingForce,Moonblast,IcyWind,Trick|||M|||50|,,,,,Psychic]Ursaluna-Bloodmoon||SilkScarf|MindsEye|BloodMoon,HyperVoice,EarthPower,Protect|||M|||50|,,,,,Normal
|showteam|p2|Dragonite||LoadedDice|Multiscale|ScaleShot,ExtremeSpeed,Haze,Protect|||F|||50|,,,,,Fairy]Sneasler||FocusSash|PoisonTouch|DireClaw,CloseCombat,FakeOut,Coaching|||F|||50|,,,,,Ghost]Volcarona||CovertCloak|FlameBody|HeatWave,TeraBlast,QuiverDance,Protect|||F|||50|,,,,,Fairy]Rillaboom||AssaultVest|GrassySurge|WoodHammer,FakeOut,GrassyGlide,HighHorsepower|||M|||50|,,,,,Fire]Kingambit||BlackGlasses|Defiant|KowtowCleave,SwordsDance,SuckerPunch,Protect|||F|||50|,,,,,Dark]Electabuzz||Eviolite|VitalSpirit|Thunderbolt,FollowMe,Taunt,Protect|||F|||50|,,,,,Ghost
|
|t:|1757797299
|teamsize|p1|4
|teamsize|p2|4
|start
|switch|p1a: Indeedee|Indeedee-F, L50, F|100/100
|switch|p1b: Excadrill|Excadrill, L50, M, shiny|100/100
|switch|p2a: Kingambit|Kingambit, L50, F|100/100
|switch|p2b: Sneasler|Sneasler, L50, F|100/100
|-fieldstart|move: Psychic Terrain|[from] ability: Psychic Surge|[of] p1a: Indeedee
|turn|1
|
|t:|1757797349
|switch|p1a: Tyranitar|Tyranitar, L50, F|100/100
|-weather|Sandstorm|[from] ability: Sand Stream|[of] p1a: Tyranitar
|-terastallize|p2a: Kingambit|Dark
|move|p1b: Excadrill|Swords Dance|p1b: Excadrill
|-boost|p1b: Excadrill|atk|2
|move|p2b: Sneasler|Dire Claw|p1a: Tyranitar
|-resisted|p1a: Tyranitar
|-damage|p1a: Tyranitar|82/100
|-status|p1a: Tyranitar|slp
|move|p2a: Kingambit|Kowtow Cleave|p1a: Tyranitar
|-resisted|p1a: Tyranitar
|-damage|p1a: Tyranitar|48/100 slp
|
|-weather|Sandstorm|[upkeep]
|-damage|p2b: Sneasler|95/100|[from] Sandstorm
|-damage|p2a: Kingambit|95/100|[from] Sandstorm
|upkeep
|turn|2
|
|t:|1757797371
|switch|p2b: Rillaboom|Rillaboom, L50, M|100/100
|-fieldstart|move: Grassy Terrain|[from] ability: Grassy Surge|[of] p2b: Rillaboom
|switch|p1a: Gardevoir|Gardevoir, L50, M, shiny|100/100
|-terastallize|p1b: Excadrill|Ground
|move|p1b: Excadrill|Earthquake|p2b: Rillaboom|[spread] p2a,p2b
|-activate|p1a: Gardevoir|ability: Telepathy
|-resisted|p2b: Rillaboom
|-damage|p2a: Kingambit|47/100
|-damage|p2b: Rillaboom|70/100
|move|p2a: Kingambit|Kowtow Cleave|p1a: Gardevoir
|-damage|p1a: Gardevoir|0 fnt
|faint|p1a: Gardevoir
|
|-weather|Sandstorm|[upkeep]
|-damage|p2b: Rillaboom|64/100|[from] Sandstorm
|-damage|p2a: Kingambit|42/100|[from] Sandstorm
|-heal|p2b: Rillaboom|70/100|[from] Grassy Terrain
|-heal|p2a: Kingambit|47/100|[from] Grassy Terrain
|upkeep
|
|t:|1757797389
|switch|p1a: Indeedee|Indeedee-F, L50, F|100/100
|-fieldstart|move: Psychic Terrain|[from] ability: Psychic Surge|[of] p1a: Indeedee
|turn|3
|
|t:|1757797397
|switch|p1a: Tyranitar|Tyranitar, L50, F|48/100 slp
|move|p2a: Kingambit|Protect|p2a: Kingambit
|-singleturn|p2a: Kingambit|Protect
|move|p1b: Excadrill|Iron Head|p2b: Rillaboom
|-damage|p2b: Rillaboom|0 fnt
|faint|p2b: Rillaboom
|
|-weather|Sandstorm|[upkeep]
|-damage|p2a: Kingambit|42/100|[from] Sandstorm
|upkeep
|
|t:|1757797420
|switch|p2b: Volcarona|Volcarona, L50, F|100/100
|turn|4
|
|t:|1757797445
|move|p2b: Volcarona|Protect|p2b: Volcarona
|-singleturn|p2b: Volcarona|Protect
|move|p2a: Kingambit|Protect|p2a: Kingambit
|-singleturn|p2a: Kingambit|Protect
|move|p1b: Excadrill|Earthquake|p2a: Kingambit|[spread] p1a
|-activate|p2a: Kingambit|move: Protect
|-activate|p2b: Volcarona|move: Protect
|-supereffective|p1a: Tyranitar
|-damage|p1a: Tyranitar|0 fnt
|faint|p1a: Tyranitar
|
|-weather|Sandstorm|[upkeep]
|-damage|p2b: Volcarona|94/100|[from] Sandstorm
|-damage|p2a: Kingambit|36/100|[from] Sandstorm
|upkeep
|
|t:|1757797457
|switch|p1a: Indeedee|Indeedee-F, L50, F|100/100
|turn|5
|
|t:|1757797469
|switch|p2b: Sneasler|Sneasler, L50, F|95/100
|move|p1b: Excadrill|Iron Head|p2a: Kingambit
|-crit|p2a: Kingambit
|-damage|p2a: Kingambit|0 fnt
|faint|p2a: Kingambit
|move|p1a: Indeedee|Trick Room|p1a: Indeedee
|-fieldstart|move: Trick Room|[of] p1a: Indeedee
|
|-weather|none
|upkeep
|
|t:|1757797475
|switch|p2a: Volcarona|Volcarona, L50, F|94/100
|turn|6
|
|t:|1757797487
|move|p1a: Indeedee|Helping Hand|p1b: Excadrill
|-singleturn|p1b: Excadrill|Helping Hand|[of] p1a: Indeedee
|move|p1b: Excadrill|Earthquake|p2b: Sneasler|[spread] p1a,p2a,p2b
|-crit|p1a: Indeedee
|-supereffective|p2b: Sneasler
|-damage|p1a: Indeedee|0 fnt
|-damage|p2a: Volcarona|0 fnt
|-damage|p2b: Sneasler|0 fnt
|faint|p1a: Indeedee
|faint|p2a: Volcarona
|faint|p2b: Sneasler
|
|win|sbhaga34
|raw|sbhaga34's rating: 1486 → 1504(+18 for winning)
|raw|marcosdeltasena31's rating: 1447 → 1429(-18 for losing)
|l|☆sbhaga34
|player|p1|
|c|☆marcosdeltasena31|HOW DO YOU MAKE MONEY FROM THIS, YOU JERK
