|j|☆jurjuane
|j|☆tjamesbasketball
|html|jurjuanetjamesbasketball    
|uhtml|bestof|Game 1 of a best-of-3
|t:|1783453222
|gametype|doubles
|player|p1|jurjuane|170|1134
|player|p2|tjamesbasketball|hoopster|1139
|gen|9
|tier|[Gen 9 Champions] VGC 2026 Reg M-B (Bo3)
|rated|
|rule|Species Clause: Limit one of each Pokémon
|rule|Item Clause: Limit 1 of each item
|clearpoke
|poke|p1|Swampert, L50, F|
|poke|p1|Archaludon, L50, M|
|poke|p1|Pelipper, L50, M|
|poke|p1|Metagross, L50|
|poke|p1|Sinistcha, L50|
|poke|p1|Grimmsnarl, L50, M|
|poke|p2|Froslass, L50, F|
|poke|p2|Blaziken, L50, M|
|poke|p2|Sinistcha, L50|
|poke|p2|Kingambit, L50, F|
|poke|p2|Toxapex, L50, F|
|poke|p2|Grimmsnarl, L50, M|
|teampreview|4
|showteam|p1|Swampert||Swampertite|Damp|WaveCrash,Earthquake,IcePunch,Protect|Adamant||F|||50|]Archaludon||Leftovers|Stamina|ElectroShot,DragonPulse,FlashCannon,Protect|Calm||M|||50|]Pelipper||DampRock|Drizzle|Hurricane,Tailwind,WeatherBall,Protect|Calm||M|||50|]Metagross||Metagrossite|ClearBody|BulletPunch,MeteorMash,PsychicFangs,Protect|Adamant|||||50|]Sinistcha||SitrusBerry|Hospitality|MatchaGotcha,LifeDew,RagePowder,Protect|Bold|||||50|]Grimmsnarl||LightClay|Prankster|SpiritBreak,PartingShot,Reflect,LightScreen|Calm||M|||50|
|showteam|p2|Froslass||Froslassite|SnowCloak|Protect,Blizzard,ShadowBall,NastyPlot|Timid||F|||50|]Blaziken||Blazikenite|SpeedBoost|Protect,SwordsDance,BraveBird,CloseCombat|Adamant||M|||50|]Sinistcha||KasibBerry|Hospitality|Protect,RagePowder,MatchaGotcha,LifeDew|Bold|||||50|]Kingambit||BlackGlasses|Defiant|Protect,SwordsDance,SuckerPunch,IronHead|Adamant||F|||50|]Toxapex||Leftovers|Regenerator|BanefulBunker,WideGuard,Toxic,Infestation|Bold||F|||50|]Grimmsnarl||LightClay|Prankster|FakeOut,Reflect,LightScreen,SpiritBreak|Careful||M|||50|
|
|t:|1783453260
|teamsize|p1|4
|teamsize|p2|4
|start
|switch|p1a: Metagross|Metagross, L50|100/100
|switch|p1b: Pelipper|Pelipper, L50, M|100/100
|switch|p2a: Grimmsnarl|Grimmsnarl, L50, M|100/100
|switch|p2b: Froslass|Froslass, L50, F|100/100
|-weather|RainDance|[from] ability: Drizzle|[of] p1b: Pelipper
|turn|1
|
|t:|1783453279
|move|p1a: Metagross|Protect|p1a: Metagross
|-singleturn|p1a: Metagross|Protect
|move|p2a: Grimmsnarl|Fake Out|p1a: Metagross
|-activate|p1a: Metagross|move: Protect
|move|p2b: Froslass|Nasty Plot|p2b: Froslass
|-boost|p2b: Froslass|spa|2
|move|p1b: Pelipper|Tailwind|p1b: Pelipper
|-sidestart|p1: jurjuane|move: Tailwind
|
|-weather|RainDance|[upkeep]
|upkeep
|turn|2
|
|t:|1783453289
|detailschange|p1a: Metagross|Metagross-Mega, L50
|-mega|p1a: Metagross|Metagross|Metagrossite
|move|p2b: Froslass|Protect|p2b: Froslass
|-singleturn|p2b: Froslass|Protect
|move|p2a: Grimmsnarl|Reflect|p2a: Grimmsnarl
|-sidestart|p2: tjamesbasketball|Reflect
|move|p1a: Metagross|Meteor Mash|p2b: Froslass
|-activate|p2b: Froslass|move: Protect
|move|p1b: Pelipper|Weather Ball|p2a: Grimmsnarl
|-damage|p2a: Grimmsnarl|56/100
|
|-weather|RainDance|[upkeep]
|upkeep
|turn|3
|
|t:|1783453306
|switch|p2a: Toxapex|Toxapex, L50, F|100/100
|detailschange|p2b: Froslass|Froslass-Mega, L50, F
|-mega|p2b: Froslass|Froslass|Froslassite
|-weather|Snowscape|[from] ability: Snow Warning|[of] p2b: Froslass
|move|p1a: Metagross|Meteor Mash|p2b: Froslass
|-supereffective|p2b: Froslass|1
|-damage|p2b: Froslass|0 fnt
|-boost|p1a: Metagross|atk|1
|faint|p2b: Froslass
|move|p1b: Pelipper|Weather Ball|p2a: Toxapex
|-resisted|p2a: Toxapex|1
|-damage|p2a: Toxapex|91/100
|
|-weather|Snowscape|[upkeep]
|-heal|p2a: Toxapex|97/100|[from] item: Leftovers
|upkeep
|
|t:|1783453318
|switch|p2b: Grimmsnarl|Grimmsnarl, L50, M|56/100
|turn|4
|
|t:|1783453323
|move|p1a: Metagross|Protect|p1a: Metagross
|-singleturn|p1a: Metagross|Protect
|move|p1b: Pelipper|Protect|p1b: Pelipper
|-singleturn|p1b: Pelipper|Protect
|move|p2b: Grimmsnarl|Fake Out|p1a: Metagross
|-activate|p1a: Metagross|move: Protect
|move|p2a: Toxapex|Infestation|p1a: Metagross
|-activate|p1a: Metagross|move: Protect
|
|-weather|Snowscape|[upkeep]
|-heal|p2a: Toxapex|100/100|[from] item: Leftovers
|-sideend|p1: jurjuane|move: Tailwind
|upkeep
|turn|5
|
|t:|1783453346
|switch|p1b: Sinistcha|Sinistcha, L50|100/100
|move|p2a: Toxapex|Baneful Bunker|p2a: Toxapex
|-singleturn|p2a: Toxapex|move: Protect
|move|p1a: Metagross|Psychic Fangs|p2a: Toxapex
|-activate|p2a: Toxapex|move: Protect
|move|p2b: Grimmsnarl|Spirit Break|p1b: Sinistcha
|-damage|p1b: Sinistcha|79/100
|-unboost|p1b: Sinistcha|spa|1
|
|-weather|Snowscape|[upkeep]
|upkeep
|turn|6
|
|t:|1783453365
|switch|p2a: Sinistcha|Sinistcha, L50|100/100
|-heal|p2b: Grimmsnarl|81/100|[from] ability: Hospitality|[of] p2a: Sinistcha
|move|p2b: Grimmsnarl|Light Screen|p2b: Grimmsnarl
|-sidestart|p2: tjamesbasketball|move: Light Screen
|move|p1a: Metagross|Meteor Mash|p2b: Grimmsnarl
|-supereffective|p2b: Grimmsnarl|1
|-damage|p2b: Grimmsnarl|0 fnt
|faint|p2b: Grimmsnarl
|move|p1b: Sinistcha|Matcha Gotcha|p2a: Sinistcha
|-resisted|p2a: Sinistcha|1
|-damage|p2a: Sinistcha|91/100
|-heal|p1b: Sinistcha|83/100|[from] drain|[of] p2a: Sinistcha
|-status|p2a: Sinistcha|brn
|
|-weather|Snowscape|[upkeep]
|-damage|p2a: Sinistcha|84/100 brn|[from] brn
|upkeep
|-message|tjamesbasketball forfeited.
|
|win|jurjuane
||tjamesbasketball is ready for game 2.
||jurjuane is ready for game 2.
|uhtml|next|Next: Game 2 of 3
