|j|☆hgsimon
|j|☆achiphoond
|html|hgsimonachiphoond    
|uhtml|bestof|Game 1 of a best-of-3
|t:|1756318048
|gametype|doubles
|player|p1|hgsimon|266|1062
|player|p2|achiphoond|1|1000
|gen|9
|tier|[Gen 9] VGC 2025 Reg H (Bo3)
|rated|
|rule|Species Clause: Limit one of each Pokémon
|rule|Item Clause: Limit 1 of each item
|clearpoke
|poke|p1|Blastoise, L50, F|
|poke|p1|Pelipper, L50, F|
|poke|p1|Indeedee-F, L50, F|
|poke|p1|Delphox, L50, F|
|poke|p1|Decidueye-Hisui, L50, F|
|poke|p1|Sylveon, L50, F|
|poke|p2|Gholdengo, L50|
|poke|p2|Sneasler, L50, M|
|poke|p2|Rillaboom, L50, F|
|poke|p2|Dragonite, L50, M|
|poke|p2|Ninetales-Alola, L50, M|
|poke|p2|Arcanine-Hisui, L50, F|
|teampreview|4
|showteam|p1|Blastoise||ChoiceSpecs|Torrent|WaterSpout,IceBeam,AuraSphere,WeatherBall|||F|||50|,,,,,Water]Pelipper||CovertCloak|Drizzle|Hurricane,Protect,WeatherBall,Tailwind|||F|||50|,,,,,Stellar]Indeedee-F||SafetyGoggles|PsychicSurge|Protect,FollowMe,HelpingHand,TrickRoom|||F|||50|,,,,,Fairy]Delphox||LifeOrb|Blaze|Protect,HeatWave,Flamethrower,ExpandingForce|||F|||50|,,,,,Psychic]Decidueye-Hisui||ClearAmulet|Scrappy|Protect,Haze,TripleArrows,LeafBlade|||F|||50|,,,,,Steel]Sylveon||PixiePlate|Pixilate|HyperVoice,TeraBlast,Detect,WeatherBall|||F|||50|,,,,,Water
|showteam|p2|Gholdengo||GrassySeed|GoodasGold|NastyPlot,MakeItRain,ShadowBall,Protect||||||50|,,,,,Water]Sneasler||WhiteHerb|Unburden|CloseCombat,DireClaw,Coaching,Protect|||M|||50|,,,,,Ghost]Rillaboom||AssaultVest|GrassySurge|FakeOut,GrassyGlide,DrumBeating,HighHorsepower|||F|||50|,,,,,Fire]Dragonite||LoadedDice|Multiscale|ScaleShot,StompingTantrum,Tailwind,Protect|||M|||50|,,,,,Ground]Ninetales-Alola||FocusSash|SnowWarning|Blizzard,IcyWind,Encore,AuroraVeil|||M|||50|,,,,,Ghost]Arcanine-Hisui||ClearAmulet|Intimidate|RockSlide,FlareBlitz,ExtremeSpeed,Protect|||F|||50|,,,,,Water
|inactive|Battle timer is ON: inactive players will automatically lose when time's up. (requested by achiphoond)
|inactive|achiphoond has 60 seconds left.
|
|t:|1756318090
|teamsize|p1|4
|teamsize|p2|4
|start
|switch|p1a: Delphox|Delphox, L50, F|100/100
|switch|p1b: Blastoise|Blastoise, L50, F|100/100
|switch|p2a: Gholdengo|Gholdengo, L50|100/100
|switch|p2b: Dragonite|Dragonite, L50, M|100/100
|turn|1
|inactive|hgsimon has 30 seconds left.
|
|t:|1756318117
|switch|p1b: Indeedee|Indeedee-F, L50, F|100/100
|-fieldstart|move: Psychic Terrain|[from] ability: Psychic Surge|[of] p1b: Indeedee
|move|p2a: Gholdengo|Protect|p2a: Gholdengo
|-singleturn|p2a: Gholdengo|Protect
|move|p1a: Delphox|Expanding Force|p2a: Gholdengo|[spread] p2b
|-activate|p2a: Gholdengo|move: Protect
|-damage|p2b: Dragonite|61/100
|-damage|p1a: Delphox|91/100|[from] item: Life Orb
|move|p2b: Dragonite|Scale Shot|p1a: Delphox
|-damage|p1a: Delphox|68/100
|-damage|p1a: Delphox|44/100
|-damage|p1a: Delphox|19/100
|-damage|p1a: Delphox|0 fnt
|faint|p1a: Delphox
|-hitcount|p1: Delphox|4
|-unboost|p2b: Dragonite|def|1
|-boost|p2b: Dragonite|spe|1
|
|upkeep
|
|t:|1756318141
|switch|p1a: Pelipper|Pelipper, L50, F|100/100
|-weather|RainDance|[from] ability: Drizzle|[of] p1a: Pelipper
|turn|2
|
|t:|1756318154
|switch|p2b: Ninetales|Ninetales-Alola, L50, M|100/100
|-weather|Snowscape|[from] ability: Snow Warning|[of] p2b: Ninetales
|move|p1b: Indeedee|Follow Me|p1b: Indeedee
|-singleturn|p1b: Indeedee|move: Follow Me
|move|p2a: Gholdengo|Nasty Plot|p2a: Gholdengo
|-boost|p2a: Gholdengo|spa|2
|move|p1a: Pelipper|Tailwind|p1a: Pelipper
|-sidestart|p1: hgsimon|move: Tailwind
|
|-weather|Snowscape|[upkeep]
|upkeep
|turn|3
|
|t:|1756318174
|switch|p1a: Blastoise|Blastoise, L50, F|100/100
|move|p1b: Indeedee|Follow Me|p1b: Indeedee
|-singleturn|p1b: Indeedee|move: Follow Me
|move|p2b: Ninetales|Blizzard|p1a: Blastoise|[spread] p1a,p1b
|-resisted|p1a: Blastoise
|-damage|p1a: Blastoise|82/100
|-damage|p1b: Indeedee|71/100
|-status|p1b: Indeedee|frz
|move|p2a: Gholdengo|Make It Rain|p1a: Blastoise|[spread] p1a,p1b
|-resisted|p1a: Blastoise
|-damage|p1a: Blastoise|38/100
|-damage|p1b: Indeedee|0 fnt
|-unboost|p2a: Gholdengo|spa|1
|faint|p1b: Indeedee
|
|-weather|Snowscape|[upkeep]
|upkeep
|
|t:|1756318188
|switch|p1b: Pelipper|Pelipper, L50, F|100/100
|-weather|RainDance|[from] ability: Drizzle|[of] p1b: Pelipper
|turn|4
|
|t:|1756318197
|switch|p2b: Dragonite|Dragonite, L50, M|61/100
|move|p2a: Gholdengo|Protect|p2a: Gholdengo
|-singleturn|p2a: Gholdengo|Protect
|move|p1a: Blastoise|Weather Ball|p2b: Dragonite
|-resisted|p2b: Dragonite
|-damage|p2b: Dragonite|11/100
|move|p1b: Pelipper|Tailwind||[still]
|-fail|p1b: Pelipper
|
|-weather|RainDance|[upkeep]
|upkeep
|turn|5
|-message|hgsimon forfeited.
|
|win|achiphoond
