|j|â˜†pranavg_oat
|j|â˜†LeonardPlayz
|html|pranavg_oatLeonardPlayz    
|uhtml|bestof|Game 2 of a best-of-3
|t:|1784112886
|gametype|doubles
|player|p1|pranavg_oat|101|1118
|player|p2|LeonardPlayz|hilbert-wonderlauncher|1156
|gen|9
|tier|[Gen 9 Champions] VGC 2026 Reg M-B (Bo3)
|rated|
|rule|Species Clause: Limit one of each PokÃ©mon
|rule|Item Clause: Limit 1 of each item
|clearpoke
|poke|p1|Whimsicott, L50, F|
|poke|p1|Staraptor, L50, F|
|poke|p1|Garchomp, L50, F|
|poke|p1|Gholdengo, L50|
|poke|p1|Basculegion, L50, M|
|poke|p1|Kingambit, L50, M|
|poke|p2|Hawlucha, L50, F|
|poke|p2|Gardevoir, L50, M|
|poke|p2|Volcarona, L50, M|
|poke|p2|Gengar, L50, M|
|poke|p2|Mr. Rime, L50, F|
|poke|p2|Krookodile, L50, F|
|teampreview|4
|showteam|p1|Whimsicott||FocusSash|Prankster|Charm,Tailwind,Moonblast,Taunt|Timid||F|||50|]Staraptor||Staraptite|Intimidate|CloseCombat,BraveBird,Protect,Roost|Jolly||F|||50|]Garchomp||RoseliBerry|RoughSkin|Earthquake,StompingTantrum,Protect,RockSlide|Jolly||F|||50|]Gholdengo||LifeOrb|GoodasGold|MakeItRain,ShadowBall,PowerGem,Protect|Modest|||||50|]Basculegion||MysticWater|Adaptability|WaveCrash,LastRespects,AquaJet,Protect|Adamant||M|||50|]Kingambit||BlackGlasses|Defiant|SuckerPunch,KowtowCleave,IronHead,Protect|Adamant||M|||50|
|showteam|p2|Hawlucha||Hawluchanite|Limber|CrossChop,StoneEdge,DualWingbeat,Detect|Jolly||F|||50|]Gardevoir||Gardevoirite|Telepathy|HyperVoice,Psyshock,Thunderbolt,Protect|Timid||M|||50|]Volcarona||ChartiBerry|FlameBody|Tailwind,Flamethrower,WillOWisp,RagePowder|Timid||M|||50|]Gengar||FocusSash|CursedBody|ShadowBall,SludgeBomb,Taunt,Protect|Timid||M|||50|]Mr. Rime||NeverMeltIce|ScreenCleaner|FakeOut,FreezeDry,Encore,Protect|Timid||F|||50|]Krookodile||ChopleBerry|Intimidate|StoneEdge,HighHorsepower,KnockOff,Protect|Adamant||F|||50|
|inactive|Battle timer is ON: inactive players will automatically lose when time's up. (requested by LeonardPlayz)
|inactive|pranavg_oat has 60 seconds left.
|
|t:|1784112923
|teamsize|p1|4
|teamsize|p2|4
|start
|switch|p1a: Whimsicott|Whimsicott, L50, F|100/100
|switch|p1b: Staraptor|Staraptor, L50, F|100/100
|switch|p2a: Volcarona|Volcarona, L50, M|100/100
|switch|p2b: Gardevoir|Gardevoir, L50, M|100/100
|-ability|p1b: Staraptor|Intimidate|boost
|-unboost|p2a: Volcarona|atk|1
|-unboost|p2b: Gardevoir|atk|1
|turn|1
|
|t:|1784112941
|detailschange|p1b: Staraptor|Staraptor-Mega, L50, F
|-mega|p1b: Staraptor|Staraptor|Staraptite
|detailschange|p2b: Gardevoir|Gardevoir-Mega, L50, M
|-mega|p2b: Gardevoir|Gardevoir|Gardevoirite
|move|p1b: Staraptor|Protect|p1b: Staraptor
|-singleturn|p1b: Staraptor|Protect
|move|p1a: Whimsicott|Tailwind|p1a: Whimsicott
|-sidestart|p1: pranavg_oat|move: Tailwind
|move|p2b: Gardevoir|Hyper Voice|p1a: Whimsicott|[spread] p1a
|-activate|p1b: Staraptor|move: Protect
|-damage|p1a: Whimsicott|16/100
|move|p2a: Volcarona|Flamethrower|p1a: Whimsicott
|-supereffective|p1a: Whimsicott|1
|-damage|p1a: Whimsicott|0 fnt
|faint|p1a: Whimsicott
|
|upkeep
|
|t:|1784112962
|switch|p1a: Garchomp|Garchomp, L50, F|100/100
|turn|2
|
|t:|1784112974
|move|p2a: Volcarona|Rage Powder|p2a: Volcarona
|-singleturn|p2a: Volcarona|move: Rage Powder
|move|p1b: Staraptor|Brave Bird|p2a: Volcarona
|-supereffective|p2a: Volcarona|1
|-damage|p2a: Volcarona|0 fnt
|faint|p2a: Volcarona
|-damage|p1b: Staraptor|61/100|[from] Recoil
|move|p1a: Garchomp|Rock Slide|p2b: Gardevoir
|-damage|p2b: Gardevoir|57/100
|move|p2b: Gardevoir|Hyper Voice|p1b: Staraptor|[spread] p1a,p1b
|-supereffective|p1a: Garchomp|1
|-enditem|p1a: Garchomp|Roseli Berry|[eat]
|-enditem|p1a: Garchomp|Roseli Berry|[weaken]
|-supereffective|p1b: Staraptor|1
|-damage|p1a: Garchomp|45/100
|-damage|p1b: Staraptor|0 fnt
|faint|p1b: Staraptor
|
|upkeep
|
|t:|1784112994
|switch|p1b: Kingambit|Kingambit, L50, M|100/100
|switch|p2a: Mr. Rime|Mr. Rime, L50, F|100/100
|turn|3
|
|t:|1784113008
|move|p1a: Garchomp|Protect|p1a: Garchomp
|-singleturn|p1a: Garchomp|Protect
|move|p1b: Kingambit|Protect|p1b: Kingambit
|-singleturn|p1b: Kingambit|Protect
|move|p2a: Mr. Rime|Fake Out|p1b: Kingambit
|-activate|p1b: Kingambit|move: Protect
|move|p2b: Gardevoir|Hyper Voice|p1a: Garchomp|[spread] 
|-activate|p1a: Garchomp|move: Protect
|-activate|p1b: Kingambit|move: Protect
|
|upkeep
|turn|4
|inactive|pranavg_oat has 30 seconds left.
|
|t:|1784113036
|move|p2b: Gardevoir|Protect|p2b: Gardevoir
|-singleturn|p2b: Gardevoir|Protect
|move|p1a: Garchomp|Stomping Tantrum|p2b: Gardevoir
|-activate|p2b: Gardevoir|move: Protect
|move|p1b: Kingambit|Kowtow Cleave|p2a: Mr. Rime
|-supereffective|p2a: Mr. Rime|1
|-damage|p2a: Mr. Rime|0 fnt
|faint|p2a: Mr. Rime
|
|-sideend|p1: pranavg_oat|move: Tailwind
|upkeep
|
|t:|1784113047
|switch|p2a: Gengar|Gengar, L50, M|100/100
|turn|5
|
|t:|1784113059
|move|p1b: Kingambit|Sucker Punch|p2b: Gardevoir
|-damage|p2b: Gardevoir|0 fnt
|faint|p2b: Gardevoir
|move|p2a: Gengar|Shadow Ball|p1a: Garchomp
|-damage|p1a: Garchomp|0 fnt
|faint|p1a: Garchomp
|
|upkeep
|turn|6
|inactive|pranavg_oat has 30 seconds left.
|
|t:|1784113085
|move|p1b: Kingambit|Sucker Punch||[still]
|-fail|p1b: Kingambit
|move|p2a: Gengar|Taunt|p1b: Kingambit
|-start|p1b: Kingambit|move: Taunt
|
|upkeep
|turn|7
|c|â˜†LeonardPlayz|ain't no way I'm winning this
|
|t:|1784113094
|move|p2a: Gengar|Protect|p2a: Gengar
|-singleturn|p2a: Gengar|Protect
|move|p1b: Kingambit|Sucker Punch||[still]
|-fail|p1b: Kingambit
|
|upkeep
|turn|8
|c|â˜†pranavg_oat|i will click sucker punc henoguh times
|
|t:|1784113104
|move|p2a: Gengar|Protect|p2a: Gengar
|-singleturn|p2a: Gengar|Protect
|move|p1b: Kingambit|Sucker Punch||[still]
|-fail|p1b: Kingambit
|
|upkeep
|turn|9
|
|t:|1784113111
|move|p2a: Gengar|Protect||[still]
|-fail|p2a: Gengar
|move|p1b: Kingambit|Kowtow Cleave|p2a: Gengar
|-supereffective|p2a: Gengar|1
|-enditem|p2a: Gengar|Focus Sash
|-damage|p2a: Gengar|1/100
|
|-end|p1b: Kingambit|move: Taunt
|upkeep
|turn|10
|
|t:|1784113120
|move|p2a: Gengar|Protect|p2a: Gengar
|-singleturn|p2a: Gengar|Protect
|move|p1b: Kingambit|Kowtow Cleave|p2a: Gengar
|-activate|p2a: Gengar|move: Protect
|
|upkeep
|turn|11
|
|t:|1784113127
|move|p2a: Gengar|Protect||[still]
|-fail|p2a: Gengar
|move|p1b: Kingambit|Kowtow Cleave|p2a: Gengar
|-supereffective|p2a: Gengar|1
|-damage|p2a: Gengar|0 fnt
|faint|p2a: Gengar
|
|win|pranavg_oat
||LeonardPlayz is ready for game 3.
||pranavg_oat is ready for game 3.
|uhtml|next|Next: Game 3 of 3
|l|â˜†pranavg_oat
|player|p1|
