|j|☆Welosethose!
|j|☆Alysa Liu
|html|Welosethose!Alysa Liu    
|uhtml|bestof|Game 1 of a best-of-3
|t:|1756856750
|gametype|doubles
|player|p1|Welosethose!|hilbert|1232
|player|p2|Alysa Liu|lady|1408
|gen|9
|tier|[Gen 9] VGC 2025 Reg H (Bo3)
|rated|
|rule|Species Clause: Limit one of each Pokémon
|rule|Item Clause: Limit 1 of each item
|clearpoke
|poke|p1|Politoed, L50, M|
|poke|p1|Gothitelle, L50, M|
|poke|p1|Kingdra, L50, M|
|poke|p1|Archaludon, L50, M|
|poke|p1|Amoonguss, L50, M|
|poke|p1|Incineroar, L50, F|
|poke|p2|Dachsbun, L50, M|
|poke|p2|Typhlosion-Hisui, L50, F|
|poke|p2|Kingambit, L50, M|
|poke|p2|Jumpluff, L50, F|
|poke|p2|Rillaboom, L50, M|
|poke|p2|Torkoal, L50, M|
|teampreview|4
|showteam|p1|Politoed||Leftovers|Drizzle|WeatherBall,Encore,PerishSong,Protect|||M|||50|,,,,,Grass]Gothitelle||SitrusBerry|ShadowTag|FakeOut,Psychic,TrickRoom,Protect|||M|||50|,,,,,Dark]Kingdra||LifeOrb|SwiftSwim|WeatherBall,MuddyWater,DracoMeteor,Protect|||M|||50|,,,,,Stellar]Archaludon||PowerHerb|Sturdy|ElectroShot,FlashCannon,DragonPulse,Protect|||M|||50|,,,,,Electric]Amoonguss||EjectButton|Regenerator|PollenPuff,Spore,RagePowder,Protect|||M|||50|,,,,,Fairy]Incineroar||SafetyGoggles|Intimidate|FakeOut,KnockOff,PartingShot,Protect|||F|||50|,,,,,Ghost
|showteam|p2|Dachsbun||Leftovers|WellBakedBody|BodyPress,Snarl,HelpingHand,Protect|||M|||50|,,,,,Steel]Typhlosion-Hisui||ChoiceSpecs|Blaze|Eruption,LavaPlume,Overheat,ShadowBall|||F|||50|,,,,,Fire]Kingambit||SafetyGoggles|Defiant|Protect,KowtowCleave,SuckerPunch,SwordsDance|||M|||50|,,,,,Dark]Jumpluff||CovertCloak|Chlorophyll|SleepPowder,SunnyDay,RagePowder,Tailwind|||F|||50|,,,,,Water]Rillaboom||AssaultVest|GrassySurge|WoodHammer,GrassyGlide,FakeOut,HighHorsepower|||M|||50|,,,,,Water]Torkoal||SitrusBerry|Drought|HeatWave,LavaPlume,ClearSmog,Protect|||M|||50|,,,,,Fairy
|inactive|Battle timer is ON: inactive players will automatically lose when time's up. (requested by Alysa Liu)
|inactive|Welosethose! has 60 seconds left.
|inactive|Alysa Liu has 60 seconds left.
|
|t:|1756856784
|teamsize|p1|4
|teamsize|p2|4
|start
|switch|p1a: Gothitelle|Gothitelle, L50, M|100/100
|switch|p1b: Kingdra|Kingdra, L50, M|100/100
|switch|p2a: Typhlosion|Typhlosion-Hisui, L50, F|100/100
|switch|p2b: Jumpluff|Jumpluff, L50, F|100/100
|turn|1
|
|t:|1756856796
|switch|p2a: Kingambit|Kingambit, L50, M|100/100
|switch|p1a: Politoed|Politoed, L50, M|100/100
|-weather|RainDance|[from] ability: Drizzle|[of] p1a: Politoed
|-terastallize|p1b: Kingdra|Stellar
|move|p1b: Kingdra|Draco Meteor|p2b: Jumpluff
|-damage|p2b: Jumpluff|0 fnt
|-unboost|p1b: Kingdra|spa|2
|faint|p2b: Jumpluff
|-damage|p1b: Kingdra|91/100|[from] item: Life Orb
|
|-weather|RainDance|[upkeep]
|upkeep
|
|t:|1756856811
|switch|p2b: Dachsbun|Dachsbun, L50, M|100/100
|turn|2
|inactive|Alysa Liu has 30 seconds left.
|
|t:|1756856837
|switch|p1b: Gothitelle|Gothitelle, L50, M|100/100
|-terastallize|p2a: Kingambit|Dark
|move|p2b: Dachsbun|Snarl|p1b: Gothitelle|[spread] p1a,p1b
|-supereffective|p1b: Gothitelle
|-damage|p1a: Politoed|96/100
|-damage|p1b: Gothitelle|91/100
|-unboost|p1a: Politoed|spa|1
|-unboost|p1b: Gothitelle|spa|1
|move|p1a: Politoed|Perish Song|p1a: Politoed
|-start|p1a: Politoed|perish3|[silent]
|-start|p1b: Gothitelle|perish3|[silent]
|-start|p2a: Kingambit|perish3|[silent]
|-start|p2b: Dachsbun|perish3|[silent]
|-fieldactivate|move: Perish Song
|move|p2a: Kingambit|Kowtow Cleave|p1a: Politoed
|-damage|p1a: Politoed|22/100
|
|-weather|RainDance|[upkeep]
|-heal|p1a: Politoed|28/100|[from] item: Leftovers
|-start|p2b: Dachsbun|perish3
|-start|p1a: Politoed|perish3
|-start|p2a: Kingambit|perish3
|-start|p1b: Gothitelle|perish3
|upkeep
|turn|3
|
|t:|1756856858
|switch|p1a: Amoonguss|Amoonguss, L50, M|100/100
|move|p1b: Gothitelle|Fake Out|p2a: Kingambit
|-damage|p2a: Kingambit|96/100
|move|p2b: Dachsbun|Body Press|p1a: Amoonguss
|-resisted|p1a: Amoonguss
|-damage|p1a: Amoonguss|89/100
|-enditem|p1a: Amoonguss|Eject Button
|
|t:|1756856867
|switch|p1a: Kingdra|Kingdra, L50, M, tera:Stellar|91/100
|cant|p2a: Kingambit|flinch
|
|-weather|RainDance|[upkeep]
|-start|p2b: Dachsbun|perish2
|-start|p2a: Kingambit|perish2
|-start|p1b: Gothitelle|perish2
|upkeep
|turn|4
|
|t:|1756856891
|switch|p1a: Amoonguss|Amoonguss, L50, M|100/100
|move|p2b: Dachsbun|Helping Hand|p2a: Kingambit
|-singleturn|p2a: Kingambit|Helping Hand|[of] p2b: Dachsbun
|move|p1b: Gothitelle|Protect|p1b: Gothitelle
|-singleturn|p1b: Gothitelle|Protect
|move|p2a: Kingambit|Kowtow Cleave|p1a: Amoonguss
|-damage|p1a: Amoonguss|20/100
|
|-weather|RainDance|[upkeep]
|-start|p2b: Dachsbun|perish1
|-start|p2a: Kingambit|perish1
|-start|p1b: Gothitelle|perish1
|upkeep
|turn|5
|inactive|Welosethose! has 30 seconds left.
|
|t:|1756856918
|move|p2b: Dachsbun|Helping Hand|p2a: Kingambit
|-singleturn|p2a: Kingambit|Helping Hand|[of] p2b: Dachsbun
|move|p1a: Amoonguss|Protect|p1a: Amoonguss
|-singleturn|p1a: Amoonguss|Protect
|move|p2a: Kingambit|Kowtow Cleave|p1b: Gothitelle
|-supereffective|p1b: Gothitelle
|-damage|p1b: Gothitelle|0 fnt
|faint|p1b: Gothitelle
|
|-weather|none
|-start|p2b: Dachsbun|perish0
|-start|p2a: Kingambit|perish0
|faint|p2b: Dachsbun
|faint|p2a: Kingambit
|upkeep
|
|t:|1756856931
|switch|p2b: Typhlosion|Typhlosion-Hisui, L50, F|100/100
|switch|p1b: Kingdra|Kingdra, L50, M, tera:Stellar|91/100
|turn|6
|
|t:|1756856937
|switch|p1a: Politoed|Politoed, L50, M|28/100
|-weather|RainDance|[from] ability: Drizzle|[of] p1a: Politoed
|move|p1b: Kingdra|Weather Ball|p2b: Typhlosion
|-supereffective|p2b: Typhlosion
|-damage|p2b: Typhlosion|0 fnt
|faint|p2b: Typhlosion
|-damage|p1b: Kingdra|81/100|[from] item: Life Orb
|
|win|Welosethose!
||Welosethose! is ready for game 2.
||Alysa Liu is ready for game 2.
|uhtml|next|Next: Game 2 of 3
|l|☆Alysa Liu
|player|p2|
