|j|☆Chaos16
|j|☆dragonite fraude
|html|Chaos16dragonite fraude    
|uhtml|bestof|Game 3 of a best-of-3
|t:|1757932227
|gametype|doubles
|player|p1|Chaos16|skyla|1171
|player|p2|dragonite fraude|1|1192
|gen|9
|tier|[Gen 9] VGC 2025 Reg H (Bo3)
|rated|
|rule|Species Clause: Limit one of each Pokémon
|rule|Item Clause: Limit 1 of each item
|clearpoke
|poke|p1|Ursaluna-Bloodmoon, L50, M|
|poke|p1|Farigiraf, L50, M|
|poke|p1|Sneasler, L50, M|
|poke|p1|Whimsicott, L50, M|
|poke|p1|Annihilape, L50, M|
|poke|p1|Incineroar, L50, F|
|poke|p2|Maushold-Four, L50|
|poke|p2|Gholdengo, L50|
|poke|p2|Dragonite, L50, M|
|poke|p2|Annihilape, L50, M|
|poke|p2|Rillaboom, L50, M|
|poke|p2|Ursaluna-Bloodmoon, L50, M|
|teampreview|4
|showteam|p1|Ursaluna-Bloodmoon||ThroatSpray|MindsEye|Protect,HyperVoice,BloodMoon,EarthPower|||M|||50|,,,,,Normal]Farigiraf||SitrusBerry|ArmorTail|TrickRoom,Psychic,Protect,HelpingHand|||M|||50|,,,,,Grass]Sneasler||NormalGem|Unburden|FakeOut,DireClaw,CloseCombat,Protect|||M|||50|,,,,,Dark]Whimsicott||FocusSash|Prankster|Tailwind,Encore,Moonblast,Taunt|||M|||50|,,,,,Steel]Annihilape||Leftovers|Defiant|RageFist,DrainPunch,BulkUp,Protect|||M|||50|,,,,,Water]Incineroar||SafetyGoggles|Intimidate|FakeOut,FlareBlitz,KnockOff,PartingShot|||F|||50|,,,,,Ghost
|showteam|p2|Maushold-Four||FocusSash|FriendGuard|SuperFang,BeatUp,FollowMe,Protect||||||50|,,,,,Ghost]Gholdengo||LifeOrb|GoodasGold|MakeItRain,ShadowBall,NastyPlot,Protect||||||50|,,,,,Water]Dragonite||LoadedDice|Multiscale|ScaleShot,Tailwind,Haze,Protect|||M|||50|,,,,,Fairy]Annihilape||SitrusBerry|Defiant|DrainPunch,RageFist,BulkUp,Protect|||M|||50|,,,,,Fire]Rillaboom||MiracleSeed|GrassySurge|WoodHammer,GrassyGlide,HighHorsepower,FakeOut|||M|||50|,,,,,Fire]Ursaluna-Bloodmoon||AssaultVest|MindsEye|BloodMoon,EarthPower,HyperVoice,VacuumWave|||M|||50|,,,,,Water
|
|t:|1757932248
|teamsize|p1|4
|teamsize|p2|4
|start
|switch|p1a: Farigiraf|Farigiraf, L50, M, shiny|100/100
|switch|p1b: Ursaluna|Ursaluna-Bloodmoon, L50, M|100/100
|switch|p2a: Maushold|Maushold-Four, L50|100/100
|switch|p2b: Gholdengo|Gholdengo, L50|100/100
|turn|1
|
|t:|1757932266
|move|p2a: Maushold|Super Fang|p1b: Ursaluna
|-damage|p1b: Ursaluna|50/100
|move|p2b: Gholdengo|Make It Rain|p1b: Ursaluna|[spread] p1a,p1b
|-damage|p1a: Farigiraf|59/100
|-damage|p1b: Ursaluna|0 fnt
|-unboost|p2b: Gholdengo|spa|1
|faint|p1b: Ursaluna
|-damage|p2b: Gholdengo|91/100|[from] item: Life Orb
|move|p1a: Farigiraf|Trick Room|p1a: Farigiraf
|-fieldstart|move: Trick Room|[of] p1a: Farigiraf
|
|upkeep
|inactive|Battle timer is ON: inactive players will automatically lose when time's up. (requested by dragonite fraude)
|
|t:|1757932274
|switch|p1b: Incineroar|Incineroar, L50, F, shiny|100/100
|-ability|p1b: Incineroar|Intimidate|boost
|-unboost|p2a: Maushold|atk|1
|-unboost|p2b: Gholdengo|atk|1
|turn|2
|inactive|Chaos16 has 30 seconds left.
|inactive|dragonite fraude has 30 seconds left.
|
|t:|1757932304
|move|p2b: Gholdengo|Protect|p2b: Gholdengo
|-singleturn|p2b: Gholdengo|Protect
|move|p2a: Maushold|Protect|p2a: Maushold
|-singleturn|p2a: Maushold|Protect
|move|p1a: Farigiraf|Psychic|p2a: Maushold
|-activate|p2a: Maushold|move: Protect
|move|p1b: Incineroar|Flare Blitz|p2b: Gholdengo
|-activate|p2b: Gholdengo|move: Protect
|
|upkeep
|turn|3
|
|t:|1757932317
|-terastallize|p2b: Gholdengo|Water
|move|p1a: Farigiraf|Psychic|p2a: Maushold
|-damage|p2a: Maushold|61/100
|move|p1b: Incineroar|Flare Blitz|p2b: Gholdengo
|-resisted|p2b: Gholdengo
|-damage|p2b: Gholdengo|71/100
|-damage|p1b: Incineroar|94/100|[from] Recoil
|move|p2b: Gholdengo|Nasty Plot|p2b: Gholdengo
|-boost|p2b: Gholdengo|spa|2
|move|p2a: Maushold|Super Fang|p1b: Incineroar
|-damage|p1b: Incineroar|47/100
|
|upkeep
|turn|4
|
|t:|1757932340
|move|p2b: Gholdengo|Protect|p2b: Gholdengo
|-singleturn|p2b: Gholdengo|Protect
|move|p2a: Maushold|Protect|p2a: Maushold
|-singleturn|p2a: Maushold|Protect
|move|p1a: Farigiraf|Psychic|p2b: Gholdengo
|-activate|p2b: Gholdengo|move: Protect
|move|p1b: Incineroar|Knock Off|p2b: Gholdengo
|-activate|p2b: Gholdengo|move: Protect
|
|upkeep
|turn|5
|
|t:|1757932347
|move|p2a: Maushold|Follow Me|p2a: Maushold
|-singleturn|p2a: Maushold|move: Follow Me
|move|p1a: Farigiraf|Psychic|p2a: Maushold
|-damage|p2a: Maushold|16/100
|move|p1b: Incineroar|Knock Off|p2a: Maushold
|-damage|p2a: Maushold|0 fnt
|-enditem|p2a: Maushold|Focus Sash|[from] move: Knock Off|[of] p1b: Incineroar
|faint|p2a: Maushold
|move|p2b: Gholdengo|Make It Rain|p1b: Incineroar|[spread] p1a,p1b
|-resisted|p1b: Incineroar
|-damage|p1a: Farigiraf|0 fnt
|-damage|p1b: Incineroar|15/100
|-unboost|p2b: Gholdengo|spa|1
|faint|p1a: Farigiraf
|-damage|p2b: Gholdengo|61/100|[from] item: Life Orb
|
|-fieldend|move: Trick Room
|upkeep
|
|t:|1757932363
|switch|p2a: Ursaluna|Ursaluna-Bloodmoon, L50, M|100/100
|switch|p1a: Annihilape|Annihilape, L50, M|100/100
|turn|6
|
|t:|1757932380
|-terastallize|p1a: Annihilape|Water
|move|p2b: Gholdengo|Shadow Ball|p1b: Incineroar
|-resisted|p1b: Incineroar
|-damage|p1b: Incineroar|0 fnt
|faint|p1b: Incineroar
|-damage|p2b: Gholdengo|51/100|[from] item: Life Orb
|move|p1a: Annihilape|Drain Punch|p2a: Ursaluna
|-supereffective|p2a: Ursaluna
|-damage|p2a: Ursaluna|47/100
|move|p2a: Ursaluna|Blood Moon|p1a: Annihilape
|-damage|p1a: Annihilape|44/100
|
|-heal|p1a: Annihilape|50/100|[from] item: Leftovers
|upkeep
|turn|7
|
|t:|1757932398
|switch|p2a: Annihilape|Annihilape, L50, M|100/100
|move|p2b: Gholdengo|Nasty Plot|p2b: Gholdengo
|-boost|p2b: Gholdengo|spa|2
|move|p1a: Annihilape|Drain Punch|p2a: Annihilape
|-immune|p2a: Annihilape
|
|-heal|p1a: Annihilape|56/100|[from] item: Leftovers
|upkeep
|turn|8
|
|t:|1757932405
|move|p2b: Gholdengo|Protect|p2b: Gholdengo
|-singleturn|p2b: Gholdengo|Protect
|move|p2a: Annihilape|Bulk Up|p2a: Annihilape
|-boost|p2a: Annihilape|atk|1
|-boost|p2a: Annihilape|def|1
|move|p1a: Annihilape|Rage Fist|p2b: Gholdengo
|-activate|p2b: Gholdengo|move: Protect
|
|-heal|p1a: Annihilape|63/100|[from] item: Leftovers
|upkeep
|turn|9
|
|t:|1757932417
|switch|p2b: Ursaluna|Ursaluna-Bloodmoon, L50, M|47/100
|move|p2a: Annihilape|Bulk Up|p2a: Annihilape
|-boost|p2a: Annihilape|atk|1
|-boost|p2a: Annihilape|def|1
|move|p1a: Annihilape|Rage Fist|p2b: Ursaluna
|-immune|p2b: Ursaluna
|
|-heal|p1a: Annihilape|69/100|[from] item: Leftovers
|upkeep
|turn|10
|
|t:|1757932429
|move|p2a: Annihilape|Rage Fist|p1a: Annihilape
|-damage|p1a: Annihilape|29/100
|move|p1a: Annihilape|Rage Fist|p2a: Annihilape
|-supereffective|p2a: Annihilape
|-crit|p2a: Annihilape
|-damage|p2a: Annihilape|0 fnt
|faint|p2a: Annihilape
|move|p2b: Ursaluna|Blood Moon|p1a: Annihilape
|-damage|p1a: Annihilape|0 fnt
|faint|p1a: Annihilape
|
|win|dragonite fraude
|raw|Chaos16's rating: 1171 → 1148(-23 for losing)
|raw|dragonite fraude's rating: 1192 → 1215(+23 for winning)
|l|☆Chaos16
|player|p1|
