|j|‽TransGirlChomp1
|j|☆Adriatic Tides
|html|TransGirlChomp1Adriatic Tides    
|uhtml|bestof|Game 1 of a best-of-3
|t:|1784423308
|gametype|doubles
|player|p1|TransGirlChomp1|skierf|1309
|player|p2|Adriatic Tides|leon|1222
|gen|9
|tier|[Gen 9 Champions] VGC 2026 Reg M-B (Bo3)
|rated|
|rule|Species Clause: Limit one of each Pokémon
|rule|Item Clause: Limit 1 of each item
|clearpoke
|poke|p1|Garchomp, L50, F|
|poke|p1|Tyranitar, L50, M|
|poke|p1|Gholdengo, L50|
|poke|p1|Venusaur, L50, M|
|poke|p1|Incineroar, L50, F|
|poke|p1|Sylveon, L50, M|
|poke|p2|Tyranitar, L50, F|
|poke|p2|Excadrill, L50, F|
|poke|p2|Delphox, L50, M|
|poke|p2|Sinistcha, L50|
|poke|p2|Rotom-Wash, L50|
|poke|p2|Incineroar, L50, F|
|teampreview|4
|showteam|p1|Garchomp||Garchompite|SandVeil|EarthPower,DragonPulse,PowerGem,Protect|Modest||F|||50|]Tyranitar||ChoiceScarf|SandStream|RockSlide,KnockOff,LowKick,IcyWind|Jolly||M|||50|]Gholdengo||LifeOrb|GoodasGold|MakeItRain,ShadowBall,NastyPlot,Protect|Modest|||||50|]Venusaur||Venusaurite|Chlorophyll|GigaDrain,SludgeBomb,LeechSeed,Protect|Modest||M|||50|]Incineroar||PasshoBerry|Intimidate|FakeOut,FlareBlitz,ThroatChop,PartingShot|Careful||F|||50|]Sylveon||FairyFeather|Pixilate|HyperVoice,HyperBeam,QuickAttack,Protect|Modest||M|||50|
|showteam|p2|Tyranitar||Tyranitarite|SandStream|KnockOff,RockSlide,Protect,LowKick|Adamant||F|||50|]Excadrill||FocusSash|SandRush|Protect,Earthquake,IronHead,RockSlide|Adamant||F|||50|]Delphox||Delphoxite|Blaze|NastyPlot,HeatWave,Psyshock,Protect|Timid||M|||50|]Sinistcha||ColburBerry|Hospitality|TrickRoom,MatchaGotcha,Protect,RagePowder|Bold|||||50|]Rotom-Wash||Leftovers|Levitate|Electroweb,HydroPump,Protect,Thunderbolt|Modest|||||50|]Incineroar||SitrusBerry|Intimidate|FakeOut,FlareBlitz,PartingShot,ThroatChop|Careful||F|||50|
|inactive|Battle timer is ON: inactive players will automatically lose when time's up. (requested by TransGirlChomp1)
|c|☆Adriatic Tides|gl hf!
|inactive|TransGirlChomp1 has 60 seconds left.
|
|t:|1784423368
|teamsize|p1|4
|teamsize|p2|4
|start
|switch|p1a: Garchomp|Garchomp, L50, F|100/100
|switch|p1b: Incineroar|Incineroar, L50, F|100/100
|switch|p2a: Incineroar|Incineroar, L50, F|100/100
|switch|p2b: Delphox|Delphox, L50, M|100/100
|-ability|p1b: Incineroar|Intimidate|boost
|-unboost|p2a: Incineroar|atk|1
|-unboost|p2b: Delphox|atk|1
|-ability|p2a: Incineroar|Intimidate|boost
|-unboost|p1a: Garchomp|atk|1
|-unboost|p1b: Incineroar|atk|1
|turn|1
|
|t:|1784423379
|switch|p1b: Tyranitar|Tyranitar, L50, M|100/100
|-weather|Sandstorm|[from] ability: Sand Stream|[of] p1b: Tyranitar
|detailschange|p1a: Garchomp|Garchomp-Mega, L50, F
|-mega|p1a: Garchomp|Garchomp|Garchompite
|move|p2b: Delphox|Protect|p2b: Delphox
|-singleturn|p2b: Delphox|Protect
|move|p2a: Incineroar|Fake Out|p1a: Garchomp
|-damage|p1a: Garchomp|93/100
|cant|p1a: Garchomp|flinch
|
|-weather|Sandstorm|[upkeep]
|-damage|p2b: Delphox|94/100|[from] Sandstorm
|-damage|p2a: Incineroar|94/100|[from] Sandstorm
|upkeep
|turn|2
|
|t:|1784423394
|switch|p2b: Rotom|Rotom-Wash, L50|100/100
|move|p1b: Tyranitar|Rock Slide|p2b: Rotom|[spread] p2a,p2b
|-supereffective|p2a: Incineroar|1
|-crit|p2b: Rotom
|-damage|p2a: Incineroar|46/100
|-damage|p2b: Rotom|55/100
|-enditem|p2a: Incineroar|Sitrus Berry|[eat]
|-heal|p2a: Incineroar|71/100|[from] item: Sitrus Berry
|move|p1a: Garchomp|Earth Power|p2a: Incineroar
|-supereffective|p2a: Incineroar|1
|-damage|p2a: Incineroar|0 fnt
|faint|p2a: Incineroar
|
|-weather|Sandstorm|[upkeep]
|-damage|p2b: Rotom|49/100|[from] Sandstorm
|-heal|p2b: Rotom|55/100|[from] item: Leftovers
|upkeep
|
|t:|1784423406
|switch|p2a: Sinistcha|Sinistcha, L50|100/100
|-heal|p2b: Rotom|80/100|[from] ability: Hospitality|[of] p2a: Sinistcha
|turn|3
|
|t:|1784423417
|move|p1b: Tyranitar|Rock Slide|p2a: Sinistcha|[spread] p2a,p2b
|-damage|p2a: Sinistcha|77/100
|-damage|p2b: Rotom|47/100
|move|p1a: Garchomp|Dragon Pulse|p2b: Rotom
|-damage|p2b: Rotom|0 fnt
|faint|p2b: Rotom
|move|p2a: Sinistcha|Matcha Gotcha|p1b: Tyranitar|[spread] p1a,p1b
|-supereffective|p1b: Tyranitar|1
|-damage|p1a: Garchomp|68/100
|-heal|p2a: Sinistcha|91/100|[from] drain|[of] p1a: Garchomp
|-damage|p1b: Tyranitar|68/100
|-heal|p2a: Sinistcha|100/100|[from] drain|[of] p1b: Tyranitar
|-status|p1b: Tyranitar|brn
|
|-weather|Sandstorm|[upkeep]
|-damage|p2a: Sinistcha|93/100|[from] Sandstorm
|-damage|p1b: Tyranitar|62/100 brn|[from] brn
|upkeep
|
|t:|1784423432
|switch|p2b: Delphox|Delphox, L50, M|94/100
|turn|4
|
|t:|1784423448
|move|p2b: Delphox|Protect|p2b: Delphox
|-singleturn|p2b: Delphox|Protect
|move|p1b: Tyranitar|Rock Slide|p2b: Delphox|[spread] p2a
|-activate|p2b: Delphox|move: Protect
|-damage|p2a: Sinistcha|82/100
|move|p1a: Garchomp|Dragon Pulse|p2a: Sinistcha
|-damage|p2a: Sinistcha|31/100
|move|p2a: Sinistcha|Matcha Gotcha|p1a: Garchomp|[spread] p1a,p1b
|-supereffective|p1b: Tyranitar|1
|-crit|p1b: Tyranitar
|-damage|p1a: Garchomp|46/100
|-heal|p2a: Sinistcha|43/100|[from] drain|[of] p1a: Garchomp
|-damage|p1b: Tyranitar|11/100 brn
|-heal|p2a: Sinistcha|69/100|[from] drain|[of] p1b: Tyranitar
|
|-weather|Sandstorm|[upkeep]
|-damage|p2b: Delphox|88/100|[from] Sandstorm
|-damage|p2a: Sinistcha|62/100|[from] Sandstorm
|-damage|p1b: Tyranitar|5/100 brn|[from] brn
|upkeep
|turn|5
|
|t:|1784423470
|detailschange|p2b: Delphox|Delphox-Mega, L50, M
|-mega|p2b: Delphox|Delphox|Delphoxite
|move|p2b: Delphox|Psyshock|p1a: Garchomp
|-damage|p1a: Garchomp|6/100
|move|p1b: Tyranitar|Rock Slide|p2a: Sinistcha|[spread] p2a,p2b
|-supereffective|p2b: Delphox|1
|-damage|p2a: Sinistcha|51/100
|-damage|p2b: Delphox|42/100
|move|p1a: Garchomp|Power Gem|p2b: Delphox
|-supereffective|p2b: Delphox|1
|-damage|p2b: Delphox|0 fnt
|faint|p2b: Delphox
|move|p2a: Sinistcha|Matcha Gotcha|p1a: Garchomp|[spread] p1a,p1b
|-supereffective|p1b: Tyranitar|1
|-damage|p1a: Garchomp|0 fnt
|-heal|p2a: Sinistcha|54/100|[from] drain|[of] p1a: Garchomp
|-damage|p1b: Tyranitar|0 fnt
|-heal|p2a: Sinistcha|57/100|[from] drain|[of] p1b: Tyranitar
|faint|p1a: Garchomp
|faint|p1b: Tyranitar
|
|-weather|none
|upkeep
|
|t:|1784423477
|switch|p1a: Incineroar|Incineroar, L50, F|100/100
|switch|p1b: Gholdengo|Gholdengo, L50|100/100
|-ability|p1a: Incineroar|Intimidate|boost
|-unboost|p2a: Sinistcha|atk|1
|turn|6
|
|t:|1784423481
|move|p1b: Gholdengo|Shadow Ball|p2a: Sinistcha
|-supereffective|p2a: Sinistcha|1
|-damage|p2a: Sinistcha|0 fnt
|faint|p2a: Sinistcha
|-damage|p1b: Gholdengo|90/100|[from] item: Life Orb
|
|win|TransGirlChomp1
||Adriatic Tides is ready for game 2.
||TransGirlChomp1 is ready for game 2.
|uhtml|next|Next: Game 2 of 3
