|j|☆CheesyTime
|j|☆Ianthebluefishv2
|html|CheesyTimeIanthebluefishv2    
|uhtml|bestof|Game 2 of a best-of-3
|t:|1782658286
|gametype|doubles
|player|p1|CheesyTime|colress|1317
|player|p2|Ianthebluefishv2|janitor|1354
|gen|9
|tier|[Gen 9 Champions] VGC 2026 Reg M-B (Bo3)
|rated|
|rule|Species Clause: Limit one of each Pokémon
|rule|Item Clause: Limit 1 of each item
|clearpoke
|poke|p1|Grimmsnarl, L50, M, shiny|
|poke|p1|Swampert, L50, M|
|poke|p1|Pelipper, L50, M|
|poke|p1|Archaludon, L50, M|
|poke|p1|Sinistcha, L50|
|poke|p1|Metagross, L50, shiny|
|poke|p2|Pyroar, L50, M|
|poke|p2|Torkoal, L50, F|
|poke|p2|Scrafty, L50, F|
|poke|p2|Farigiraf, L50, F|
|poke|p2|Sylveon, L50, F|
|poke|p2|Vileplume, L50, F|
|teampreview|4
|showteam|p1|Grimmsnarl||LightClay|Prankster|FoulPlay,PartingShot,Reflect,LightScreen|Calm||M|||50|]Swampert||Swampertite|Damp|WaveCrash,Earthquake,IcePunch,Protect|Adamant||M|||50|]Pelipper||SitrusBerry|Drizzle|Hurricane,WeatherBall,Tailwind,WideGuard|Modest||M|||50|]Archaludon||Leftovers|Stamina|ElectroShot,DragonPulse,FlashCannon,Protect|Modest||M|||50|]Sinistcha||CobaBerry|Hospitality|MatchaGotcha,RagePowder,TrickRoom,Protect|Relaxed|||||50|]Metagross||Metagrossite|ClearBody|IronHead,PsychicFangs,BodyPress,Protect|Jolly|||||50|
|showteam|p2|Pyroar||Pyroarite|Unnerve|HeatWave,Overheat,ScorchingSands,Protect|Timid||M|||50|]Torkoal||Charcoal|Drought|HeatWave,Eruption,HelpingHand,Protect|Quiet||F|||50|]Scrafty||Scraftinite|Intimidate|FakeOut,CloseCombat,KnockOff,PoisonJab|Brave||F|||50|]Farigiraf||ColburBerry|ArmorTail|Thunderbolt,Psychic,TrickRoom,HelpingHand|Modest||F|||50|]Sylveon||FairyFeather|Pixilate|HyperVoice,HyperBeam,QuickAttack,Protect|Quiet||F|||50|]Vileplume||FocusSash|Chlorophyll|EnergyBall,Protect,SleepPowder,AfterYou|Timid||F|||50|
|inactive|Battle timer is ON: inactive players will automatically lose when time's up. (requested by CheesyTime)
|
|t:|1782658330
|teamsize|p1|4
|teamsize|p2|4
|start
|switch|p1a: Grimmsnarl|Grimmsnarl, L50, M, shiny|100/100
|switch|p1b: Archaludon|Archaludon, L50, M|100/100
|switch|p2a: Farigiraf|Farigiraf, L50, F|100/100
|switch|p2b: Scrafty|Scrafty, L50, F|100/100
|-ability|p2b: Scrafty|Intimidate|boost
|-unboost|p1a: Grimmsnarl|atk|1
|-unboost|p1b: Archaludon|atk|1
|turn|1
|
|t:|1782658351
|detailschange|p2b: Scrafty|Scrafty-Mega, L50, F
|-mega|p2b: Scrafty|Scrafty|Scraftinite
|-ability|p2b: Scrafty|Intimidate|boost
|-unboost|p1a: Grimmsnarl|atk|1
|-unboost|p1b: Archaludon|atk|1
|move|p1a: Grimmsnarl|Reflect|p1a: Grimmsnarl
|-sidestart|p1: CheesyTime|Reflect
|move|p1b: Archaludon|Dragon Pulse|p2a: Farigiraf
|-damage|p2a: Farigiraf|63/100
|move|p2b: Scrafty|Poison Jab|p1a: Grimmsnarl
|-supereffective|p1a: Grimmsnarl|1
|-damage|p1a: Grimmsnarl|60/100
|move|p2a: Farigiraf|Trick Room|p2a: Farigiraf
|-fieldstart|move: Trick Room|[of] p2a: Farigiraf
|
|upkeep
|turn|2
|
|t:|1782658375
|switch|p2a: Sylveon|Sylveon, L50, F|100/100
|move|p1b: Archaludon|Protect|p1b: Archaludon
|-singleturn|p1b: Archaludon|Protect
|move|p2b: Scrafty|Close Combat|p1b: Archaludon
|-activate|p1b: Archaludon|move: Protect
|move|p1a: Grimmsnarl|Foul Play|p2a: Sylveon
|-resisted|p2a: Sylveon|1
|-damage|p2a: Sylveon|86/100
|
|upkeep
|turn|3
|inactive|Ianthebluefishv2 has 30 seconds left.
|
|t:|1782658408
|move|p1a: Grimmsnarl|Light Screen|p1a: Grimmsnarl
|-sidestart|p1: CheesyTime|move: Light Screen
|move|p2a: Sylveon|Hyper Voice|p1a: Grimmsnarl|[spread] p1a,p1b
|-supereffective|p1a: Grimmsnarl|1
|-crit|p1a: Grimmsnarl
|-damage|p1a: Grimmsnarl|0 fnt
|-damage|p1b: Archaludon|70/100
|-ability|p1b: Archaludon|Stamina|boost
|-boost|p1b: Archaludon|def|1
|faint|p1a: Grimmsnarl
|move|p2b: Scrafty|Close Combat|p1b: Archaludon
|-supereffective|p1b: Archaludon|1
|-damage|p1b: Archaludon|29/100
|-unboost|p2b: Scrafty|def|1
|-unboost|p2b: Scrafty|spd|1
|-ability|p1b: Archaludon|Stamina|boost
|-boost|p1b: Archaludon|def|1
|move|p1b: Archaludon|Flash Cannon|p2a: Sylveon
|-supereffective|p2a: Sylveon|1
|-damage|p2a: Sylveon|35/100
|-unboost|p2a: Sylveon|spd|1
|
|-heal|p1b: Archaludon|35/100|[from] item: Leftovers
|upkeep
|
|t:|1782658417
|switch|p1a: Swampert|Swampert, L50, M|100/100
|turn|4
|
|t:|1782658438
|switch|p2b: Vileplume|Vileplume, L50, F|100/100
|detailschange|p1a: Swampert|Swampert-Mega, L50, M
|-mega|p1a: Swampert|Swampert|Swampertite
|move|p2a: Sylveon|Protect|p2a: Sylveon
|-singleturn|p2a: Sylveon|Protect
|move|p1b: Archaludon|Protect|p1b: Archaludon
|-singleturn|p1b: Archaludon|Protect
|move|p1a: Swampert|Earthquake|p2b: Vileplume|[spread] p2b
|-activate|p1b: Archaludon|move: Protect
|-activate|p2a: Sylveon|move: Protect
|-damage|p2b: Vileplume|38/100
|
|-heal|p1b: Archaludon|41/100|[from] item: Leftovers
|upkeep
|turn|5
|
|t:|1782658456
|switch|p1b: Pelipper|Pelipper, L50, M|100/100
|-weather|RainDance|[from] ability: Drizzle|[of] p1b: Pelipper
|move|p2a: Sylveon|Hyper Beam|p1b: Pelipper
|-damage|p1b: Pelipper|18/100
|-mustrecharge|p2a: Sylveon
|-enditem|p1b: Pelipper|Sitrus Berry|[eat]
|-heal|p1b: Pelipper|43/100|[from] item: Sitrus Berry
|move|p2b: Vileplume|Energy Ball|p1a: Swampert
|-supereffective|p1a: Swampert|2
|-damage|p1a: Swampert|1/100
|move|p1a: Swampert|Earthquake|p2b: Vileplume|[spread] p2a,p2b
|-immune|p1b: Pelipper
|-damage|p2a: Sylveon|0 fnt
|-damage|p2b: Vileplume|0 fnt
|faint|p2a: Sylveon
|faint|p2b: Vileplume
|
|-weather|RainDance|[upkeep]
|-fieldend|move: Trick Room
|upkeep
|
|t:|1782658470
|switch|p2b: Farigiraf|Farigiraf, L50, F|63/100
|switch|p2a: Scrafty|Scrafty-Mega, L50, F|100/100
|-ability|p2a: Scrafty|Intimidate|boost
|-unboost|p1a: Swampert|atk|1
|-unboost|p1b: Pelipper|atk|1
|turn|6
|
|t:|1782658481
|switch|p1a: Archaludon|Archaludon, L50, M|41/100
|move|p2a: Scrafty|Fake Out|p1b: Pelipper
|-damage|p1b: Pelipper|31/100
|cant|p1b: Pelipper|flinch
|move|p2b: Farigiraf|Trick Room|p2b: Farigiraf
|-fieldstart|move: Trick Room|[of] p2b: Farigiraf
|
|-weather|RainDance|[upkeep]
|-heal|p1a: Archaludon|47/100|[from] item: Leftovers
|upkeep
|turn|7
|c|☆CheesyTime|well played
|
|t:|1782658497
|move|p2a: Scrafty|Close Combat|p1a: Archaludon
|-supereffective|p1a: Archaludon|1
|-damage|p1a: Archaludon|0 fnt
|-unboost|p2a: Scrafty|def|1
|-unboost|p2a: Scrafty|spd|1
|faint|p1a: Archaludon
|move|p2b: Farigiraf|Psychic|p1b: Pelipper
|-damage|p1b: Pelipper|0 fnt
|faint|p1b: Pelipper
|
|-weather|RainDance|[upkeep]
|upkeep
|-message|CheesyTime forfeited.
|
|win|Ianthebluefishv2
