|j|☆Invencible19
|j|☆Keith Jones
|html|Invencible19Keith Jones    
|uhtml|bestof|Game 2 of a best-of-3
|t:|1783855846
|gametype|doubles
|player|p1|Invencible19|dawn-gen4pt|1269
|player|p2|Keith Jones|169|1321
|gen|9
|tier|[Gen 9 Champions] VGC 2026 Reg M-B (Bo3)
|rated|
|rule|Species Clause: Limit one of each Pokémon
|rule|Item Clause: Limit 1 of each item
|clearpoke
|poke|p1|Gardevoir, L50, M|
|poke|p1|Talonflame, L50, M|
|poke|p1|Blastoise, L50, M|
|poke|p1|Farigiraf, L50, M|
|poke|p1|Scrafty, L50, F|
|poke|p1|Kingambit, L50, F|
|poke|p2|Kleavor, L50, M|
|poke|p2|Metagross, L50|
|poke|p2|Whimsicott, L50, M|
|poke|p2|Basculegion, L50, M|
|poke|p2|Kingambit, L50, M|
|poke|p2|Floette-Eternal, L50, F|
|teampreview|4
|showteam|p1|Gardevoir||Gardevoirite|Synchronize|MysticalFire,HyperVoice,HyperBeam,Protect|Modest||M|||50|]Talonflame||LifeOrb|GaleWings|FlareBlitz,BraveBird,Tailwind,Taunt|Jolly||M|||50|]Blastoise||Blastoisinite|RainDish|WaterSpout,DarkPulse,ShellSmash,Protect|Modest||M|||50|]Farigiraf||SitrusBerry|ArmorTail|Psychic,TrickRoom,HelpingHand,Thunderbolt|Modest||M|||50|]Scrafty||Leftovers|Intimidate|DrainPunch,RockSlide,FakeOut,Protect|Impish||F|||50|]Kingambit||BlackGlasses|Defiant|KowtowCleave,IronHead,SuckerPunch,Protect|Adamant||F|||50|
|showteam|p2|Kleavor||FocusSash|Sharpness|StoneAxe,XScissor,CloseCombat,Protect|Jolly||M|||50|]Metagross||Metagrossite|ClearBody|IronHead,ThunderPunch,IcePunch,Protect|Jolly|||||50|]Whimsicott||FairyFeather|Prankster|Moonblast,Tailwind,Encore,Protect|Timid||M|||50|]Basculegion||ChoiceScarf|Adaptability|WaveCrash,FlipTurn,AquaJet,LastRespects|Jolly||M|||50|]Kingambit||BlackGlasses|Defiant|KowtowCleave,SuckerPunch,LowKick,Protect|Adamant||M|||50|]Floette-Eternal||Floettite|FlowerVeil|Moonblast,DazzlingGleam,Psychic,Protect|Timid||F|||50|
|inactive|Battle timer is ON: inactive players will automatically lose when time's up. (requested by Invencible19)
|inactive|Invencible19 has 60 seconds left.
|
|t:|1783855882
|teamsize|p1|4
|teamsize|p2|4
|start
|switch|p1a: Scrafty|Scrafty, L50, F|100/100
|switch|p1b: Blastoise|Blastoise, L50, M|100/100
|switch|p2a: Kleavor|Kleavor, L50, M|100/100
|switch|p2b: Kingambit|Kingambit, L50, M|100/100
|-ability|p1a: Scrafty|Intimidate|boost
|-unboost|p2a: Kleavor|atk|1
|-unboost|p2b: Kingambit|atk|1
|-ability|p2b: Kingambit|Defiant|boost
|-boost|p2b: Kingambit|atk|2
|turn|1
|
|t:|1783855900
|detailschange|p1b: Blastoise|Blastoise-Mega, L50, M
|-mega|p1b: Blastoise|Blastoise|Blastoisinite
|move|p1a: Scrafty|Fake Out|p2a: Kleavor
|-resisted|p2a: Kleavor|1
|-damage|p2a: Kleavor|93/100
|cant|p2a: Kleavor|flinch
|move|p1b: Blastoise|Shell Smash|p1b: Blastoise
|-unboost|p1b: Blastoise|def|1
|-unboost|p1b: Blastoise|spd|1
|-boost|p1b: Blastoise|atk|2
|-boost|p1b: Blastoise|spa|2
|-boost|p1b: Blastoise|spe|2
|move|p2b: Kingambit|Kowtow Cleave|p1b: Blastoise
|-damage|p1b: Blastoise|0 fnt
|faint|p1b: Blastoise
|
|upkeep
|
|t:|1783855915
|switch|p1b: Kingambit|Kingambit, L50, F|100/100
|turn|2
|
|t:|1783855924
|move|p2b: Kingambit|Protect|p2b: Kingambit
|-singleturn|p2b: Kingambit|Protect
|move|p2a: Kleavor|Stone Axe|p1a: Scrafty
|-resisted|p1a: Scrafty|1
|-crit|p1a: Scrafty
|-damage|p1a: Scrafty|71/100
|-sidestart|p1: Invencible19|move: Stealth Rock
|move|p1b: Kingambit|Iron Head|p2a: Kleavor
|-supereffective|p2a: Kleavor|1
|-damage|p2a: Kleavor|0 fnt
|faint|p2a: Kleavor
|move|p1a: Scrafty|Drain Punch|p2b: Kingambit
|-activate|p2b: Kingambit|move: Protect
|
|-heal|p1a: Scrafty|77/100|[from] item: Leftovers
|upkeep
|
|t:|1783855929
|switch|p2a: Whimsicott|Whimsicott, L50, M|100/100
|turn|3
|
|t:|1783855938
|switch|p1a: Farigiraf|Farigiraf, L50, M|100/100
|-damage|p1a: Farigiraf|87/100|[from] Stealth Rock
|move|p1b: Kingambit|Protect|p1b: Kingambit
|-singleturn|p1b: Kingambit|Protect
|move|p2a: Whimsicott|Moonblast|p1a: Farigiraf
|-damage|p1a: Farigiraf|50/100g
|move|p2b: Kingambit|Low Kick|p1b: Kingambit
|-activate|p1b: Kingambit|move: Protect
|
|upkeep
|turn|4
|
|t:|1783855948
|switch|p1b: Scrafty|Scrafty, L50, F|77/100
|-damage|p1b: Scrafty|71/100|[from] Stealth Rock
|-ability|p1b: Scrafty|Intimidate|boost
|-unboost|p2a: Whimsicott|atk|1
|-unboost|p2b: Kingambit|atk|1
|-ability|p2b: Kingambit|Defiant|boost
|-boost|p2b: Kingambit|atk|2
|move|p2a: Whimsicott|Moonblast|p1b: Scrafty
|-supereffective|p1b: Scrafty|2
|-damage|p1b: Scrafty|0 fnt
|faint|p1b: Scrafty
|move|p2b: Kingambit|Kowtow Cleave|p1a: Farigiraf
|-supereffective|p1a: Farigiraf|1
|-damage|p1a: Farigiraf|0 fnt
|faint|p1a: Farigiraf
|
|upkeep
|c|☆Invencible19|gg
|
|t:|1783855951
|switch|p1b: Kingambit|Kingambit, L50, F|100/100
|-damage|p1b: Kingambit|94/100|[from] Stealth Rock
|turn|5
|-message|Invencible19 forfeited.
|
|win|Keith Jones
|raw|Invencible19's rating: 1269 → 1248(-21 for losing)
|raw|Keith Jones's rating: 1321 → 1338(+17 for winning)
|l|☆Invencible19
|player|p1|
