|j|☆mikoksor
|j|☆marriage4ever
|html|mikoksormarriage4ever    
|uhtml|bestof|Game 3 of a best-of-3
|t:|1783458608
|gametype|doubles
|player|p1|mikoksor|169|1174
|player|p2|marriage4ever|backersf|1127
|gen|9
|tier|[Gen 9 Champions] VGC 2026 Reg M-B (Bo3)
|rated|
|rule|Species Clause: Limit one of each Pokémon
|rule|Item Clause: Limit 1 of each item
|clearpoke
|poke|p1|Ceruledge, L50, F|
|poke|p1|Grimmsnarl, L50, M|
|poke|p1|Froslass, L50, F|
|poke|p1|Sneasler, L50, F|
|poke|p1|Garganacl, L50, M|
|poke|p1|Rotom-Wash, L50|
|poke|p2|Floette-Eternal, L50, F|
|poke|p2|Basculegion, L50, M|
|poke|p2|Kingambit, L50, M|
|poke|p2|Sinistcha, L50|
|poke|p2|Sneasler, L50, M|
|poke|p2|Ceruledge, L50, F|
|teampreview|4
|showteam|p1|Ceruledge||LifeOrb|FlashFire|BitterBlade,ShadowSneak,Poltergeist,Protect|Adamant||F|||50|]Grimmsnarl||LightClay|Prankster|SpiritBreak,LightScreen,Reflect,PartingShot|Bold||M|||50|]Froslass||Froslassite|SnowCloak|Blizzard,ShadowBall,WillOWisp,Protect|Modest||F|||50|]Sneasler||WhiteHerb|Unburden|FakeOut,CloseCombat,DireClaw,Protect|Adamant||F|||50|]Garganacl||Leftovers|PurifyingSalt|SaltCure,WideGuard,Recover,Protect|Impish||M|||50|]Rotom-Wash||ChoiceScarf|Levitate|Thunderbolt,HydroPump,VoltSwitch,Trick|Timid|||||50|
|showteam|p2|Floette-Eternal||Floettite|FlowerVeil|Moonblast,CalmMind,Protect,DazzlingGleam|Modest||F|||50|]Basculegion||ChoiceScarf|Adaptability|WaveCrash,FlipTurn,AquaJet,LastRespects|Jolly||M|||50|]Kingambit||BlackGlasses|Defiant|KowtowCleave,IronHead,SuckerPunch,Protect|Adamant||M|||50|]Sinistcha||Leftovers|Hospitality|RagePowder,MatchaGotcha,TrickRoom,LifeDew|Bold|||||50|]Sneasler||WhiteHerb|Unburden|DireClaw,FakeOut,Coaching,CloseCombat|Jolly||M|||50|]Ceruledge||ColburBerry|FlashFire|BulkUp,BitterBlade,Protect,ShadowSneak|Adamant||F|||50|
|inactive|Battle timer is ON: inactive players will automatically lose when time's up. (requested by marriage4ever)
|
|t:|1783458630
|teamsize|p1|4
|teamsize|p2|4
|start
|switch|p1a: Rotom|Rotom-Wash, L50|100/100
|switch|p1b: Ceruledge|Ceruledge, L50, F|100/100
|switch|p2a: Seaora|Sneasler, L50, M|100/100
|switch|p2b: Iris|Floette-Eternal, L50, F|100/100
|turn|1
|
|t:|1783458643
|detailschange|p2b: Iris|Floette-Mega, L50, F
|-mega|p2b: Iris|Floette|Floettite
|-ability|p2b: Iris|Fairy Aura
|move|p2a: Seaora|Fake Out|p1a: Rotom
|-damage|p1a: Rotom|79/100
|cant|p1a: Rotom|flinch
|move|p1b: Ceruledge|Poltergeist|p2a: Seaora
|-activate|p2a: Seaora|move: Poltergeist|White Herb
|-damage|p2a: Seaora|0 fnt
|faint|p2a: Seaora
|-damage|p1b: Ceruledge|90/100|[from] item: Life Orb
|move|p2b: Iris|Calm Mind|p2b: Iris
|-boost|p2b: Iris|spa|1
|-boost|p2b: Iris|spd|1
|
|upkeep
|
|t:|1783458657
|switch|p2a: Queen Ebony|Kingambit, L50, M|100/100
|turn|2
|
|t:|1783458669
|move|p1b: Ceruledge|Protect|p1b: Ceruledge
|-singleturn|p1b: Ceruledge|Protect
|move|p2a: Queen Ebony|Sucker Punch||[still]
|-fail|p2a: Queen Ebony
|move|p1a: Rotom|Volt Switch|p2a: Queen Ebony
|-damage|p2a: Queen Ebony|70/100
|
|t:|1783458673
|switch|p1a: Sneasler|Sneasler, L50, F|100/100|[from] Volt Switch
|move|p2b: Iris|Calm Mind|p2b: Iris
|-boost|p2b: Iris|spa|1
|-boost|p2b: Iris|spd|1
|
|upkeep
|turn|3
|
|t:|1783458686
|move|p1a: Sneasler|Fake Out|p2a: Queen Ebony
|-resisted|p2a: Queen Ebony|1
|-damage|p2a: Queen Ebony|65/100
|cant|p2a: Queen Ebony|flinch
|move|p1b: Ceruledge|Bitter Blade|p2a: Queen Ebony
|-supereffective|p2a: Queen Ebony|1
|-damage|p2a: Queen Ebony|0 fnt
|-heal|p1b: Ceruledge|100/100|[from] drain|[of] p2a: Queen Ebony
|faint|p2a: Queen Ebony
|-damage|p1b: Ceruledge|90/100|[from] item: Life Orb
|move|p2b: Iris|Dazzling Gleam|p1a: Sneasler|[spread] p1a,p1b
|-resisted|p1b: Ceruledge|1
|-damage|p1a: Sneasler|0 fnt
|-damage|p1b: Ceruledge|40/100
|faint|p1a: Sneasler
|
|upkeep
|
|t:|1783458699
|switch|p1a: Garganacl|Garganacl, L50, M|100/100
|switch|p2a: Breaker|Basculegion, L50, M|100/100
|turn|4
|
|t:|1783458715
|move|p1a: Garganacl|Protect|p1a: Garganacl
|-singleturn|p1a: Garganacl|Protect
|move|p2a: Breaker|Aqua Jet|p1a: Garganacl
|-activate|p1a: Garganacl|move: Protect
|move|p1b: Ceruledge|Shadow Sneak|p2a: Breaker
|-supereffective|p2a: Breaker|1
|-damage|p2a: Breaker|42/100
|-damage|p1b: Ceruledge|30/100|[from] item: Life Orb
|move|p2b: Iris|Moonblast|p1b: Ceruledge
|-resisted|p1b: Ceruledge|1
|-damage|p1b: Ceruledge|0 fnt
|faint|p1b: Ceruledge
|
|upkeep
|
|t:|1783458717
|switch|p1b: Rotom|Rotom-Wash, L50|79/100
|turn|5
|
|t:|1783458727
|move|p2a: Breaker|Aqua Jet|p1a: Garganacl
|-supereffective|p1a: Garganacl|1
|-damage|p1a: Garganacl|69/100
|move|p1b: Rotom|Thunderbolt|p2a: Breaker
|-supereffective|p2a: Breaker|1
|-damage|p2a: Breaker|0 fnt
|faint|p2a: Breaker
|move|p2b: Iris|Moonblast|p1a: Garganacl
|-damage|p1a: Garganacl|0 fnt
|faint|p1a: Garganacl
|
|upkeep
|turn|6
|-message|mikoksor forfeited.
|
|win|marriage4ever
|raw|mikoksor's rating: 1174 → 1146(-28 for losing)
|raw|marriage4ever's rating: 1127 → 1155(+28 for winning)
|l|☆mikoksor
|player|p1|
