|j|☆Clintoap
|j|☆PreparationHHH
|html|ClintoapPreparationHHH    
|uhtml|bestof|Game 2 of a best-of-3
|t:|1757861853
|gametype|doubles
|player|p1|Clintoap|265|1230
|player|p2|PreparationHHH|zinzolin|1134
|gen|9
|tier|[Gen 9] VGC 2025 Reg H (Bo3)
|rated|
|rule|Species Clause: Limit one of each Pokémon
|rule|Item Clause: Limit 1 of each item
|clearpoke
|poke|p1|Kleavor, L50, M|
|poke|p1|Tyranitar, L50, F|
|poke|p1|Corviknight, L50, F|
|poke|p1|Comfey, L50, F|
|poke|p1|Torterra, L50, M|
|poke|p1|Gholdengo, L50|
|poke|p2|Toedscruel, L50, F|
|poke|p2|Weezing-Galar, L50, F|
|poke|p2|Pelipper, L50, M|
|poke|p2|Archaludon, L50, F|
|poke|p2|Comfey, L50, F|
|poke|p2|Kingdra, L50, M|
|teampreview|4
|showteam|p1|Kleavor||ChoiceScarf|Sharpness|NightSlash,DualWingbeat,StoneAxe,Uturn|||M|||50|,,,,,Grass]Tyranitar||AssaultVest|SandStream|RockSlide,KnockOff,LowKick,TeraBlast|||F|||50|,,,,,Flying]Corviknight||SitrusBerry|MirrorArmor|BraveBird,Roost,Tailwind,BulkUp|||F|||50|,,,,,Fire]Comfey||RockyHelmet|Triage|DrainingKiss,GigaDrain,FloralHealing,Protect|||F|||50|,,,,,Steel]Torterra||Leftovers|ShellArmor|LeechSeed,Protect,Stockpile,BodyPress|||M|||50|,,,,,Water]Gholdengo||LifeOrb|GoodasGold|MakeItRain,ShadowBall,Protect,NastyPlot||||||50|,,,,,Water
|showteam|p2|Toedscruel||CovertCloak|MyceliumMight|Spore,BulletSeed,Protect,EarthPower|||F|||50|,,,,,Water]Weezing-Galar||SitrusBerry|NeutralizingGas|Taunt,SludgeBomb,Protect,DazzlingGleam|||F|||50|,,,,,Ghost]Pelipper||ChoiceScarf|Drizzle|WeatherBall,Hurricane,Tailwind,Uturn|||M|||50|,,,,,Ghost]Archaludon||AssaultVest|Stamina|ElectroShot,Snarl,BodyPress,FlashCannon|||F|||50|,,,,,Grass]Comfey||SafetyGoggles|Triage|DrainingKiss,FloralHealing,LightScreen,Protect|||F|||50|,,,,,Steel]Kingdra||LifeOrb|SwiftSwim|WeatherBall,Surf,DracoMeteor,Protect|||M|||50|,,,,,Steel
|inactive|Battle timer is ON: inactive players will automatically lose when time's up. (requested by Clintoap)
|
|t:|1757861884
|teamsize|p1|4
|teamsize|p2|4
|start
|switch|p1a: Kleavor|Kleavor, L50, M|100/100
|switch|p1b: Torterra|Torterra, L50, M|100/100
|switch|p2a: Kingdra|Kingdra, L50, M|100/100
|switch|p2b: Comfey|Comfey, L50, F|100/100
|turn|1
|
|t:|1757861900
|-terastallize|p1a: Kleavor|Grass
|move|p2a: Kingdra|Protect|p2a: Kingdra
|-singleturn|p2a: Kingdra|Protect
|move|p2b: Comfey|Protect|p2b: Comfey
|-singleturn|p2b: Comfey|Protect
|move|p1a: Kleavor|Stone Axe|p2a: Kingdra
|-activate|p2a: Kingdra|move: Protect
|move|p1b: Torterra|Body Press|p2a: Kingdra
|-activate|p2a: Kingdra|move: Protect
|
|upkeep
|turn|2
|
|t:|1757861925
|switch|p2b: Pelipper|Pelipper, L50, M|100/100
|-weather|RainDance|[from] ability: Drizzle|[of] p2b: Pelipper
|move|p2a: Kingdra|Draco Meteor|p1a: Kleavor
|-damage|p1a: Kleavor|0 fnt
|-unboost|p2a: Kingdra|spa|2
|faint|p1a: Kleavor
|-damage|p2a: Kingdra|91/100|[from] item: Life Orb
|move|p1b: Torterra|Stockpile|p1b: Torterra
|-start|p1b: Torterra|stockpile1
|-boost|p1b: Torterra|def|1
|-boost|p1b: Torterra|spd|1
|
|-weather|RainDance|[upkeep]
|upkeep
|
|t:|1757861941
|switch|p1a: Comfey|Comfey, L50, F, shiny|100/100
|turn|3
|
|t:|1757861958
|move|p1a: Comfey|Draining Kiss|p2a: Kingdra
|-supereffective|p2a: Kingdra
|-damage|p2a: Kingdra|44/100
|move|p2a: Kingdra|Weather Ball|p1a: Comfey
|-damage|p1a: Comfey|50/100
|-damage|p2a: Kingdra|34/100|[from] item: Life Orb
|move|p2b: Pelipper|Weather Ball|p1a: Comfey
|-damage|p1a: Comfey|0 fnt
|faint|p1a: Comfey
|move|p1b: Torterra|Leech Seed|p2b: Pelipper
|-start|p2b: Pelipper|move: Leech Seed
|
|-weather|RainDance|[upkeep]
|-damage|p2b: Pelipper|88/100|[from] Leech Seed|[of] p1b: Torterra
|upkeep
|
|t:|1757861962
|switch|p1a: Tyranitar|Tyranitar, L50, F|100/100
|-weather|Sandstorm|[from] ability: Sand Stream|[of] p1a: Tyranitar
|turn|4
|
|t:|1757861978
|switch|p2b: Archaludon|Archaludon, L50, F|100/100
|move|p2a: Kingdra|Surf|p1b: Torterra|[spread] p2b,p1a,p1b
|-resisted|p2b: Archaludon
|-supereffective|p1a: Tyranitar
|-damage|p2b: Archaludon|94/100
|-damage|p1a: Tyranitar|86/100
|-damage|p1b: Torterra|88/100
|-ability|p2b: Archaludon|Stamina|boost
|-boost|p2b: Archaludon|def|1
|-damage|p2a: Kingdra|25/100|[from] item: Life Orb
|move|p1a: Tyranitar|Rock Slide|p2a: Kingdra|[spread] p2a,p2b
|-resisted|p2b: Archaludon
|-damage|p2a: Kingdra|0 fnt
|-damage|p2b: Archaludon|87/100
|-ability|p2b: Archaludon|Stamina|boost
|-boost|p2b: Archaludon|def|1
|faint|p2a: Kingdra
|move|p1b: Torterra|Stockpile|p1b: Torterra
|-start|p1b: Torterra|stockpile2
|-boost|p1b: Torterra|def|1
|-boost|p1b: Torterra|spd|1
|
|-weather|Sandstorm|[upkeep]
|-heal|p1b: Torterra|94/100|[from] item: Leftovers
|upkeep
|
|t:|1757861998
|switch|p2a: Pelipper|Pelipper, L50, M|88/100
|-weather|RainDance|[from] ability: Drizzle|[of] p2a: Pelipper
|turn|5
|
|t:|1757862014
|-terastallize|p2b: Archaludon|Grass
|move|p2a: Pelipper|Hurricane|p1b: Torterra
|-supereffective|p1b: Torterra
|-damage|p1b: Torterra|55/100
|move|p2b: Archaludon|Body Press|p1b: Torterra
|-damage|p1b: Torterra|37/100
|move|p1a: Tyranitar|Rock Slide|p2b: Archaludon|[spread] p2a,p2b
|-supereffective|p2a: Pelipper
|-damage|p2a: Pelipper|0 fnt
|-damage|p2b: Archaludon|75/100
|-ability|p2b: Archaludon|Stamina|boost
|-boost|p2b: Archaludon|def|1
|faint|p2a: Pelipper
|move|p1b: Torterra|Leech Seed|p2b: Archaludon
|-immune|p2b: Archaludon
|
|-weather|RainDance|[upkeep]
|-heal|p1b: Torterra|43/100|[from] item: Leftovers
|upkeep
|
|t:|1757862030
|switch|p2a: Comfey|Comfey, L50, F|100/100
|turn|6
|
|t:|1757862051
|move|p1b: Torterra|Protect|p1b: Torterra
|-singleturn|p1b: Torterra|Protect
|move|p2a: Comfey|Draining Kiss|p1a: Tyranitar
|-supereffective|p1a: Tyranitar
|-damage|p1a: Tyranitar|70/100
|move|p2b: Archaludon|Body Press|p1b: Torterra
|-activate|p1b: Torterra|move: Protect
|move|p1a: Tyranitar|Knock Off|p2a: Comfey
|-resisted|p2a: Comfey
|-damage|p2a: Comfey|73/100
|-enditem|p2a: Comfey|Safety Goggles|[from] move: Knock Off|[of] p1a: Tyranitar
|
|-weather|RainDance|[upkeep]
|-heal|p1b: Torterra|49/100|[from] item: Leftovers
|upkeep
|turn|7
|
|t:|1757862072
|move|p2a: Comfey|Draining Kiss|p1a: Tyranitar
|-supereffective|p1a: Tyranitar
|-damage|p1a: Tyranitar|53/100
|-heal|p2a: Comfey|90/100|[from] drain|[of] p1a: Tyranitar
|move|p2b: Archaludon|Body Press|p1b: Torterra
|-damage|p1b: Torterra|29/100
|move|p1a: Tyranitar|Rock Slide|p2b: Archaludon|[spread] p2a
|-miss|p1a: Tyranitar|p2b: Archaludon
|-damage|p2a: Comfey|57/100
|move|p1b: Torterra|Leech Seed|p2a: Comfey
|-start|p2a: Comfey|move: Leech Seed
|
|-weather|RainDance|[upkeep]
|-heal|p1b: Torterra|34/100|[from] item: Leftovers
|-damage|p2a: Comfey|45/100|[from] Leech Seed|[of] p1b: Torterra
|-heal|p1b: Torterra|46/100|[silent]
|upkeep
|turn|8
|inactive|Clintoap has 30 seconds left.
|
|t:|1757862097
|move|p1b: Torterra|Protect|p1b: Torterra
|-singleturn|p1b: Torterra|Protect
|move|p2a: Comfey|Draining Kiss|p1a: Tyranitar
|-supereffective|p1a: Tyranitar
|-damage|p1a: Tyranitar|34/100
|-heal|p2a: Comfey|64/100|[from] drain|[of] p1a: Tyranitar
|move|p2b: Archaludon|Body Press|p1a: Tyranitar
|-supereffective|p1a: Tyranitar
|-damage|p1a: Tyranitar|0 fnt
|faint|p1a: Tyranitar
|
|-weather|RainDance|[upkeep]
|-heal|p1b: Torterra|51/100|[from] item: Leftovers
|-damage|p2a: Comfey|52/100|[from] Leech Seed|[of] p1b: Torterra
|-heal|p1b: Torterra|62/100|[silent]
|upkeep
|turn|9
|
|t:|1757862112
|move|p2a: Comfey|Floral Healing|p2b: Archaludon
|-heal|p2b: Archaludon|100/100
|move|p2b: Archaludon|Body Press|p1b: Torterra
|-damage|p1b: Torterra|40/100
|move|p1b: Torterra|Stockpile|p1b: Torterra
|-start|p1b: Torterra|stockpile3
|-boost|p1b: Torterra|def|1
|-boost|p1b: Torterra|spd|1
|
|-weather|none
|-heal|p1b: Torterra|46/100|[from] item: Leftovers
|-damage|p2a: Comfey|40/100|[from] Leech Seed|[of] p1b: Torterra
|-heal|p1b: Torterra|57/100|[silent]
|upkeep
|turn|10
|
|t:|1757862126
|move|p1b: Torterra|Protect|p1b: Torterra
|-singleturn|p1b: Torterra|Protect
|move|p2a: Comfey|Draining Kiss|p2b: Archaludon
|-damage|p2b: Archaludon|90/100
|-heal|p2a: Comfey|50/100|[from] drain|[of] p2b: Archaludon
|-ability|p2b: Archaludon|Stamina|boost
|-boost|p2b: Archaludon|def|1
|move|p2b: Archaludon|Body Press|p1b: Torterra
|-activate|p1b: Torterra|move: Protect
|
|-heal|p1b: Torterra|63/100|[from] item: Leftovers
|-damage|p2a: Comfey|38/100|[from] Leech Seed|[of] p1b: Torterra
|-heal|p1b: Torterra|74/100|[silent]
|upkeep
|turn|11
|
|t:|1757862136
|move|p2a: Comfey|Draining Kiss|p2b: Archaludon
|-damage|p2b: Archaludon|79/100
|-heal|p2a: Comfey|49/100|[from] drain|[of] p2b: Archaludon
|-ability|p2b: Archaludon|Stamina|boost
|-boost|p2b: Archaludon|def|1
|move|p2b: Archaludon|Body Press|p1b: Torterra
|-damage|p1b: Torterra|48/100
|move|p1b: Torterra|Body Press|p2b: Archaludon
|-damage|p2b: Archaludon|65/100
|-ability|p2b: Archaludon|Stamina|boost
|-boost|p2b: Archaludon|def|1
|
|-heal|p1b: Torterra|54/100|[from] item: Leftovers
|-damage|p2a: Comfey|37/100|[from] Leech Seed|[of] p1b: Torterra
|-heal|p1b: Torterra|65/100|[silent]
|upkeep
|turn|12
|
|t:|1757862155
|move|p1b: Torterra|Protect|p1b: Torterra
|-singleturn|p1b: Torterra|Protect
|move|p2a: Comfey|Draining Kiss|p1b: Torterra
|-activate|p1b: Torterra|move: Protect
|move|p2b: Archaludon|Body Press|p1b: Torterra
|-activate|p1b: Torterra|move: Protect
|
|-heal|p1b: Torterra|71/100|[from] item: Leftovers
|-damage|p2a: Comfey|25/100|[from] Leech Seed|[of] p1b: Torterra
|-heal|p1b: Torterra|82/100|[silent]
|upkeep
|turn|13
|
|t:|1757862161
|move|p2a: Comfey|Draining Kiss|p1b: Torterra
|-damage|p1b: Torterra|77/100
|-heal|p2a: Comfey|30/100|[from] drain|[of] p1b: Torterra
|move|p2b: Archaludon|Body Press|p1b: Torterra
|-damage|p1b: Torterra|48/100
|move|p1b: Torterra|Body Press|p2b: Archaludon
|-damage|p2b: Archaludon|53/100
|
|-heal|p1b: Torterra|54/100|[from] item: Leftovers
|-damage|p2a: Comfey|18/100|[from] Leech Seed|[of] p1b: Torterra
|-heal|p1b: Torterra|65/100|[silent]
|upkeep
|turn|14
|
|t:|1757862173
|move|p1b: Torterra|Protect|p1b: Torterra
|-singleturn|p1b: Torterra|Protect
|move|p2a: Comfey|Floral Healing|p2b: Archaludon
|-heal|p2b: Archaludon|100/100
|move|p2b: Archaludon|Body Press|p1b: Torterra
|-activate|p1b: Torterra|move: Protect
|
|-heal|p1b: Torterra|71/100|[from] item: Leftovers
|-damage|p2a: Comfey|6/100|[from] Leech Seed|[of] p1b: Torterra
|-heal|p1b: Torterra|82/100|[silent]
|upkeep
|turn|15
|
|t:|1757862183
|move|p2a: Comfey|Draining Kiss|p1b: Torterra
|-damage|p1b: Torterra|77/100
|-heal|p2a: Comfey|11/100|[from] drain|[of] p1b: Torterra
|move|p2b: Archaludon|Body Press|p1b: Torterra
|-damage|p1b: Torterra|50/100
|move|p1b: Torterra|Body Press|p2b: Archaludon
|-damage|p2b: Archaludon|87/100
|
|-heal|p1b: Torterra|55/100|[from] item: Leftovers
|-damage|p2a: Comfey|0 fnt|[from] Leech Seed|[of] p1b: Torterra
|-heal|p1b: Torterra|65/100|[silent]
|faint|p2a: Comfey
|upkeep
|turn|16
|
|t:|1757862197
|move|p1b: Torterra|Protect|p1b: Torterra
|-singleturn|p1b: Torterra|Protect
|move|p2b: Archaludon|Body Press|p1b: Torterra
|-activate|p1b: Torterra|move: Protect
|
|-heal|p1b: Torterra|71/100|[from] item: Leftovers
|upkeep
|turn|17
|
|t:|1757862204
|move|p2b: Archaludon|Body Press|p1b: Torterra
|-damage|p1b: Torterra|43/100
|move|p1b: Torterra|Body Press|p2b: Archaludon
|-damage|p2b: Archaludon|75/100
|
|-heal|p1b: Torterra|48/100|[from] item: Leftovers
|upkeep
|turn|18
|
|t:|1757862212
|move|p1b: Torterra|Protect|p1b: Torterra
|-singleturn|p1b: Torterra|Protect
|move|p2b: Archaludon|Electro Shot||[still]
|-prepare|p2b: Archaludon|Electro Shot
|-boost|p2b: Archaludon|spa|1
|
|-heal|p1b: Torterra|54/100|[from] item: Leftovers
|upkeep
|turn|19
|
|t:|1757862216
|move|p2b: Archaludon|Electro Shot|p1b: Torterra|[from] lockedmove
|-immune|p1b: Torterra
|move|p1b: Torterra|Body Press|p2b: Archaludon
|-damage|p2b: Archaludon|64/100
|
|-heal|p1b: Torterra|60/100|[from] item: Leftovers
|upkeep
|turn|20
|
|t:|1757862236
|move|p1b: Torterra|Protect|p1b: Torterra
|-singleturn|p1b: Torterra|Protect
|move|p2b: Archaludon|Electro Shot||[still]
|-prepare|p2b: Archaludon|Electro Shot
|-boost|p2b: Archaludon|spa|1
|
|-heal|p1b: Torterra|66/100|[from] item: Leftovers
|upkeep
|turn|21
|
|t:|1757862240
|move|p2b: Archaludon|Electro Shot|p1b: Torterra|[from] lockedmove
|-immune|p1b: Torterra
|move|p1b: Torterra|Body Press|p2b: Archaludon
|-damage|p2b: Archaludon|52/100
|
|-heal|p1b: Torterra|72/100|[from] item: Leftovers
|upkeep
|turn|22
|
|t:|1757862258
|move|p1b: Torterra|Protect|p1b: Torterra
|-singleturn|p1b: Torterra|Protect
|move|p2b: Archaludon|Flash Cannon|p1b: Torterra
|-activate|p1b: Torterra|move: Protect
|
|-heal|p1b: Torterra|78/100|[from] item: Leftovers
|upkeep
|turn|23
|
|t:|1757862263
|move|p2b: Archaludon|Body Press|p1b: Torterra
|-damage|p1b: Torterra|51/100
|move|p1b: Torterra|Body Press|p2b: Archaludon
|-damage|p2b: Archaludon|39/100
|
|-heal|p1b: Torterra|57/100|[from] item: Leftovers
|upkeep
|turn|24
|
|t:|1757862271
|move|p1b: Torterra|Protect|p1b: Torterra
|-singleturn|p1b: Torterra|Protect
|move|p2b: Archaludon|Flash Cannon|p1b: Torterra
|-activate|p1b: Torterra|move: Protect
|
|-heal|p1b: Torterra|62/100|[from] item: Leftovers
|upkeep
|turn|25
|
|t:|1757862274
|move|p2b: Archaludon|Body Press|p1b: Torterra
|-damage|p1b: Torterra|37/100
|move|p1b: Torterra|Body Press|p2b: Archaludon
|-damage|p2b: Archaludon|27/100
|
|-heal|p1b: Torterra|43/100|[from] item: Leftovers
|upkeep
|turn|26
|
|t:|1757862281
|move|p1b: Torterra|Protect|p1b: Torterra
|-singleturn|p1b: Torterra|Protect
|move|p2b: Archaludon|Flash Cannon|p1b: Torterra
|-activate|p1b: Torterra|move: Protect
|
|-heal|p1b: Torterra|48/100|[from] item: Leftovers
|upkeep
|turn|27
|
|t:|1757862285
|move|p2b: Archaludon|Body Press|p1b: Torterra
|-damage|p1b: Torterra|22/100
|move|p1b: Torterra|Body Press|p2b: Archaludon
|-crit|p2b: Archaludon
|-damage|p2b: Archaludon|0 fnt
|faint|p2b: Archaludon
|
|win|Clintoap
|l|☆Clintoap
|player|p1|
||Clintoap is ready for game 3.
||PreparationHHH is ready for game 3.
|uhtml|next|Next: Game 3 of 3
