|j|☆andorite2
|j|☆tobyga
|html|andorite2tobyga    
|uhtml|bestof|Game 1 of a best-of-3
|t:|1786157082
|gametype|doubles
|player|p1|andorite2|169|
|player|p2|tobyga|miku-flying|
|gen|9
|tier|[Gen 9 Champions] VGC 2026 Reg M-B (Bo3)
|rule|Species Clause: Limit one of each Pokémon
|rule|Item Clause: Limit 1 of each item
|clearpoke
|poke|p1|Toxapex, L50, F|
|poke|p1|Lycanroc-Dusk, L50, M|
|poke|p1|Incineroar, L50, M|
|poke|p1|Froslass, L50, F|
|poke|p1|Dragonite, L50, F|
|poke|p1|Sinistcha, L50|
|poke|p2|Farigiraf, L50, F|
|poke|p2|Garchomp, L50, M|
|poke|p2|Charizard, L50, M|
|poke|p2|Azumarill, L50, M|
|poke|p2|Cofagrigus, L50, F, shiny|
|poke|p2|Torkoal, L50, M|
|teampreview|4
|showteam|p1|Toxapex||Leftovers|Regenerator|Toxic,Infestation,BanefulBunker,WideGuard|Calm||F|||50|]Lycanroc-Dusk||FocusSash|ToughClaws|Accelerock,CloseCombat,Protect,RockSlide|Adamant||M|||50|]Incineroar||ChestoBerry|Intimidate|FakeOut,PartingShot,FlareBlitz,ThroatChop|Careful||M|||50|]Froslass||Froslassite|CursedBody|Blizzard,Protect,ShadowBall,AuroraVeil|Timid||F|||50|]Dragonite||Dragoninite|Multiscale|Safeguard,HeatWave,DragonPulse,Protect|Modest||F|||50|]Sinistcha||OccaBerry|Hospitality|RagePowder,MatchaGotcha,Protect,TrickRoom|Bold|||||50|
|showteam|p2|Farigiraf||SitrusBerry|ArmorTail|TrickRoom,Psychic,HelpingHand,Protect|Sassy||F|||50|]Garchomp||Garchompite|RoughSkin|Protect,RockSlide,Earthquake,SwordsDance|Jolly||M|||50|]Charizard||CharizarditeY|Blaze|Protect,HeatWave,ScorchingSands,WeatherBall|Modest||M|||50|]Azumarill||WhiteHerb|HugePower|BellyDrum,AquaJet,KnockOff,PlayRough|Brave||M|||50|]Cofagrigus||MentalHerb|Mummy|TrickRoom,FakeTears,WillOWisp,ShadowBall|Sassy||F|||50|]Torkoal||Charcoal|Drought|Eruption,EarthPower,Protect,WeatherBall|Modest||M|||50|
|j| PuffTheCutie
|j| Potatomonstr
|inactive|Battle timer is ON: inactive players will automatically lose when time's up. (requested by andorite2)
|
|t:|1786157155
|teamsize|p1|4
|teamsize|p2|4
|start
|switch|p1a: Lycanroc|Lycanroc-Dusk, L50, M|100/100
|switch|p1b: Incineroar|Incineroar, L50, M|100/100
|switch|p2a: Me at this hour|Cofagrigus, L50, F, shiny|100/100
|switch|p2b: Gonzales|Torkoal, L50, M|100/100
|-ability|p1b: Incineroar|Intimidate|boost
|-unboost|p2a: Me at this hour|atk|1
|-unboost|p2b: Gonzales|atk|1
|-weather|SunnyDay|[from] ability: Drought|[of] p2b: Gonzales
|turn|1
|j| Peppersalt1
|inactive|andorite2 has 30 seconds left.
|inactive|tobyga has 30 seconds left.
|inactive|andorite2 has 20 seconds left.
|inactive|tobyga has 20 seconds left.
|
|t:|1786157195
|switch|p1a: Toxapex|Toxapex, L50, F|100/100
|move|p2b: Gonzales|Protect|p2b: Gonzales
|-singleturn|p2b: Gonzales|Protect
|move|p1b: Incineroar|Parting Shot|p2a: Me at this hour
|-unboost|p2a: Me at this hour|atk|1
|-unboost|p2a: Me at this hour|spa|1
|
|t:|1786157202
|switch|p1b: Froslass|Froslass, L50, F|100/100|[from] Parting Shot
|move|p2a: Me at this hour|Trick Room|p2a: Me at this hour
|-fieldstart|move: Trick Room|[of] p2a: Me at this hour
|
|-weather|SunnyDay|[upkeep]
|upkeep
|turn|2
|inactive|andorite2 has 30 seconds left.
|inactive|andorite2 has 20 seconds left.
|inactive|andorite2 has 15 seconds left.
|
|t:|1786157245
|switch|p1a: Incineroar|Incineroar, L50, M|100/100
|-ability|p1a: Incineroar|Intimidate|boost
|-unboost|p2a: Me at this hour|atk|1
|-unboost|p2b: Gonzales|atk|1
|detailschange|p1b: Froslass|Froslass-Mega, L50, F
|-mega|p1b: Froslass|Froslass|Froslassite
|-weather|Snowscape|[from] ability: Snow Warning|[of] p1b: Froslass
|move|p1b: Froslass|Protect|p1b: Froslass
|-singleturn|p1b: Froslass|Protect
|move|p2a: Me at this hour|Fake Tears|p1a: Incineroar
|-unboost|p1a: Incineroar|spd|2
|move|p2b: Gonzales|Earth Power|p1a: Incineroar
|-supereffective|p1a: Incineroar|1
|-damage|p1a: Incineroar|30/100
|
|-weather|Snowscape|[upkeep]
|upkeep
|turn|3
|inactive|andorite2 has 30 seconds left.
|inactive|tobyga has 30 seconds left.
|inactive|andorite2 has 20 seconds left.
|inactive|andorite2 has 15 seconds left.
|inactive|andorite2 has 10 seconds left.
|inactive|andorite2 has 5 seconds left.
|
|t:|1786157297
|switch|p2a: Clearly a Fairy|Azumarill, L50, M|100/100
|move|p2b: Gonzales|Protect|p2b: Gonzales
|-singleturn|p2b: Gonzales|Protect
|move|p1a: Incineroar|Fake Out|p2b: Gonzales
|-activate|p2b: Gonzales|move: Protect
|move|p1b: Froslass|Aurora Veil|p1b: Froslass
|-sidestart|p1: andorite2|move: Aurora Veil
|
|-weather|Snowscape|[upkeep]
|upkeep
|turn|4
|inactive|andorite2 has 30 seconds left.
|inactive|tobyga has 30 seconds left.
|inactive|tobyga has 20 seconds left.
|inactive|andorite2 has 20 seconds left.
|inactive|tobyga has 15 seconds left.
|inactive|andorite2 has 15 seconds left.
|
|t:|1786157342
|move|p2b: Gonzales|Eruption|p1a: Incineroar|[spread] p1a,p1b
|-resisted|p1a: Incineroar|1
|-supereffective|p1b: Froslass|1
|-damage|p1a: Incineroar|2/100
|-damage|p1b: Froslass|7/100
|move|p2a: Clearly a Fairy|Belly Drum|p2a: Clearly a Fairy
|-damage|p2a: Clearly a Fairy|50/100g
|-setboost|p2a: Clearly a Fairy|atk|6|[from] move: Belly Drum
|move|p1a: Incineroar|Parting Shot|p2b: Gonzales
|-unboost|p2b: Gonzales|atk|1
|-unboost|p2b: Gonzales|spa|1
|
|t:|1786157355
|switch|p1a: Lycanroc|Lycanroc-Dusk, L50, M|100/100|[from] Parting Shot
|move|p1b: Froslass|Shadow Ball|p2a: Clearly a Fairy
|-damage|p2a: Clearly a Fairy|3/100
|
|-weather|Snowscape|[upkeep]
|upkeep
|turn|5
|inactive|tobyga has 30 seconds left.
|inactive|andorite2 has 30 seconds left.
|inactive|tobyga has 20 seconds left.
|inactive|tobyga has 15 seconds left.
|
|t:|1786157396
|switch|p2b: Me at this hour|Cofagrigus, L50, F, shiny|100/100
|switch|p1b: Toxapex|Toxapex, L50, F|100/100
|move|p2a: Clearly a Fairy|Aqua Jet|p1a: Lycanroc
|-supereffective|p1a: Lycanroc|1
|-enditem|p1a: Lycanroc|Focus Sash
|-damage|p1a: Lycanroc|1/100
|move|p1a: Lycanroc|Accelerock|p2a: Clearly a Fairy
|-damage|p2a: Clearly a Fairy|0 fnt
|faint|p2a: Clearly a Fairy
|
|-weather|Snowscape|[upkeep]
|-fieldend|move: Trick Room
|upkeep
|
|t:|1786157411
|switch|p2a: dragon wannabe|Charizard, L50, M|100/100
|turn|6
|inactive|andorite2 has 30 seconds left.
|inactive|tobyga has 30 seconds left.
|inactive|tobyga has 20 seconds left.
|inactive|andorite2 has 20 seconds left.
|inactive|tobyga has 15 seconds left.
|inactive|andorite2 has 15 seconds left.
|inactive|andorite2 has 10 seconds left.
|
|t:|1786157465
|switch|p1b: Incineroar|Incineroar, L50, M|2/100
|-ability|p1b: Incineroar|Intimidate|boost
|-unboost|p2a: dragon wannabe|atk|1
|-unboost|p2b: Me at this hour|atk|1
|move|p2a: dragon wannabe|Protect|p2a: dragon wannabe
|-singleturn|p2a: dragon wannabe|Protect
|move|p1a: Lycanroc|Rock Slide|p2a: dragon wannabe|[spread] p2b
|-activate|p2a: dragon wannabe|move: Protect
|-damage|p2b: Me at this hour|76/100
|move|p2b: Me at this hour|Will-O-Wisp|p1a: Lycanroc
|-status|p1a: Lycanroc|brn
|
|-weather|none
|-damage|p1a: Lycanroc|0 fnt|[from] brn
|faint|p1a: Lycanroc
|upkeep
|
|t:|1786157481
|switch|p1a: Froslass|Froslass-Mega, L50, F|7/100
|-weather|Snowscape|[from] ability: Snow Warning|[of] p1a: Froslass
|turn|7
|
|t:|1786157499
|switch|p1a: Toxapex|Toxapex, L50, F|100/100
|detailschange|p2a: dragon wannabe|Charizard-Mega-Y, L50, M
|-mega|p2a: dragon wannabe|Charizard|Charizardite Y
|-weather|SunnyDay|[from] ability: Drought|[of] p2a: dragon wannabe
|move|p2a: dragon wannabe|Heat Wave|p1b: Incineroar|[spread] p1a,p1b
|-resisted|p1a: Toxapex|1
|-resisted|p1b: Incineroar|1
|-crit|p1b: Incineroar
|-damage|p1a: Toxapex|84/100
|-damage|p1b: Incineroar|0 fnt
|faint|p1b: Incineroar
|move|p2b: Me at this hour|Trick Room|p2b: Me at this hour
|-fieldstart|move: Trick Room|[of] p2b: Me at this hour
|
|-weather|SunnyDay|[upkeep]
|-heal|p1a: Toxapex|89/100|[from] item: Leftovers
|-sideend|p1: andorite2|move: Aurora Veil
|upkeep
|
|t:|1786157508
|switch|p1b: Froslass|Froslass-Mega, L50, F|7/100
|-weather|Snowscape|[from] ability: Snow Warning|[of] p1b: Froslass
|turn|8
|inactive|andorite2 has 30 seconds left.
|inactive|tobyga has 30 seconds left.
|inactive|andorite2 has 20 seconds left.
|
|t:|1786157546
|move|p2b: Me at this hour|Fake Tears|p1a: Toxapex
|-unboost|p1a: Toxapex|spd|2
|move|p1a: Toxapex|Toxic|p2a: dragon wannabe
|-status|p2a: dragon wannabe|tox
|move|p2a: dragon wannabe|Weather Ball|p1b: Froslass
|-resisted|p1b: Froslass|1
|-damage|p1b: Froslass|0 fnt
|faint|p1b: Froslass
|
|-weather|Snowscape|[upkeep]
|-heal|p1a: Toxapex|95/100|[from] item: Leftovers
|-damage|p2a: dragon wannabe|94/100 tox|[from] psn
|upkeep
|turn|9
|j| falba
|
|t:|1786157562
|switch|p2b: Gonzales|Torkoal, L50, M|100/100
|-weather|SunnyDay|[from] ability: Drought|[of] p2b: Gonzales
|move|p1a: Toxapex|Toxic|p2b: Gonzales
|-status|p2b: Gonzales|tox
|move|p2a: dragon wannabe|Scorching Sands|p1a: Toxapex
|-supereffective|p1a: Toxapex|1
|-damage|p1a: Toxapex|20/100y
|
|-weather|SunnyDay|[upkeep]
|-heal|p1a: Toxapex|26/100|[from] item: Leftovers
|-damage|p2b: Gonzales|94/100 tox|[from] psn
|-damage|p2a: dragon wannabe|82/100 tox|[from] psn
|upkeep
|turn|10
|
|t:|1786157574
|move|p2b: Gonzales|Earth Power|p1a: Toxapex
|-supereffective|p1a: Toxapex|1
|-damage|p1a: Toxapex|0 fnt
|faint|p1a: Toxapex
|
|win|tobyga
||andorite2 is ready for game 2.
