|j|☆beni_9
|j|☆lux raymundi
|html|beni_9lux raymundi    
|uhtml|bestof|Game 1 of a best-of-3
|t:|1783611030
|gametype|doubles
|player|p1|beni_9|alder|1255
|player|p2|lux raymundi|266|1282
|gen|9
|tier|[Gen 9 Champions] VGC 2026 Reg M-B (Bo3)
|rated|
|rule|Species Clause: Limit one of each Pokémon
|rule|Item Clause: Limit 1 of each item
|clearpoke
|poke|p1|Charizard, L50, M|
|poke|p1|Venusaur, L50, M|
|poke|p1|Mamoswine, L50, F|
|poke|p1|Garchomp, L50, M|
|poke|p1|Incineroar, L50, M|
|poke|p1|Toxapex, L50, M|
|poke|p2|Charizard, L50, M|
|poke|p2|Incineroar, L50, M|
|poke|p2|Sylveon, L50, F|
|poke|p2|Farigiraf, L50, M|
|poke|p2|Garchomp, L50, M|
|poke|p2|Aerodactyl, L50, F|
|teampreview|4
|showteam|p1|Charizard||CharizarditeY|Blaze|HeatWave,WeatherBall,HelpingHand,Protect|Modest||M|||50|]Venusaur||LifeOrb|Chlorophyll|LeafStorm,SludgeBomb,EarthPower,Protect|Modest||M|||50|]Mamoswine||FocusSash|Oblivious|HighHorsepower,RockTomb,IceShard,Protect|Jolly||F|||50|]Garchomp||ChoiceScarf|RoughSkin|DragonClaw,Earthquake,RockSlide,StompingTantrum|Adamant||M|||50|]Incineroar||SitrusBerry|Intimidate|FlareBlitz,ThroatChop,PartingShot,FakeOut|Impish||M|||50|]Toxapex||Leftovers|Regenerator|Toxic,Infestation,WideGuard,BanefulBunker|Bold||M|||50|
|showteam|p2|Charizard||CharizarditeY|Blaze|HeatWave,WeatherBall,SolarBeam,Protect|Modest||M|||50|]Incineroar||Charcoal|Intimidate|FlareBlitz,DarkestLariat,FakeOut,PartingShot|Brave||M|||50|]Sylveon||FairyFeather|Pixilate|HyperVoice,HyperBeam,QuickAttack,Protect|Modest||F|||50|]Farigiraf||SitrusBerry|ArmorTail|Psyshock,HelpingHand,TrickRoom,Protect|Calm||M|||50|]Garchomp||LifeOrb|RoughSkin|Earthquake,Protect,DragonClaw,StompingTantrum|Jolly||M|||50|]Aerodactyl||FocusSash|Unnerve|RockSlide,Tailwind,WideGuard,Protect|Jolly||F|||50|
|inactive|Battle timer is ON: inactive players will automatically lose when time's up. (requested by beni_9)
|inactive|lux raymundi has 60 seconds left.
|inactive|lux raymundi has 30 seconds left.
|inactive|lux raymundi has 20 seconds left.
|inactive|lux raymundi has 15 seconds left.
|inactive|lux raymundi has 10 seconds left.
|inactive|lux raymundi has 5 seconds left.
|
|t:|1783611266
|teamsize|p1|4
|teamsize|p2|4
|start
|switch|p1a: Toxapex|Toxapex, L50, M|100/100
|switch|p1b: Incineroar|Incineroar, L50, M|100/100
|switch|p2a: Charizard|Charizard, L50, M|100/100
|switch|p2b: Incineroar|Incineroar, L50, M|100/100
|-ability|p1b: Incineroar|Intimidate|boost
|-unboost|p2a: Charizard|atk|1
|-unboost|p2b: Incineroar|atk|1
|-ability|p2b: Incineroar|Intimidate|boost
|-unboost|p1a: Toxapex|atk|1
|-unboost|p1b: Incineroar|atk|1
|turn|1
|inactive|beni_9 has 30 seconds left.
|inactive|lux raymundi has 30 seconds left.
|inactive|beni_9 has 20 seconds left.
|inactive|lux raymundi has 20 seconds left.
|inactive|lux raymundi has 15 seconds left.
|inactive|lux raymundi has 10 seconds left.
|inactive|lux raymundi has 5 seconds left.
|
|t:|1783611321
|move|p1b: Incineroar|Fake Out|p2a: Charizard
|-damage|p2a: Charizard|91/100
|cant|p2a: Charizard|flinch
|move|p2b: Incineroar|Flare Blitz|p1b: Incineroar
|-resisted|p1b: Incineroar|1
|-damage|p1b: Incineroar|84/100
|-damage|p2b: Incineroar|94/100|[from] Recoil
|move|p1a: Toxapex|Infestation|p2a: Charizard
|-resisted|p2a: Charizard|2
|-damage|p2a: Charizard|91/100
|-activate|p2a: Charizard|move: Infestation|[of] p1a: Toxapex
|
|-damage|p2a: Charizard|78/100|[from] move: Infestation|[partiallytrapped]
|upkeep
|turn|2
|inactive|beni_9 has 30 seconds left.
|inactive|lux raymundi has 30 seconds left.
|
|t:|1783611352
|switch|p1b: Garchomp|Garchomp, L50, M|100/100
|detailschange|p2a: Charizard|Charizard-Mega-Y, L50, M
|-mega|p2a: Charizard|Charizard|Charizardite Y
|-weather|SunnyDay|[from] ability: Drought|[of] p2a: Charizard
|move|p2a: Charizard|Solar Beam||[still]
|-prepare|p2a: Charizard|Solar Beam
|-anim|p2a: Charizard|Solar Beam|p1a: Toxapex
|-damage|p1a: Toxapex|66/100
|move|p2b: Incineroar|Darkest Lariat|p1a: Toxapex
|-damage|p1a: Toxapex|48/100
|move|p1a: Toxapex|Toxic|p2a: Charizard
|-status|p2a: Charizard|tox
|
|-weather|SunnyDay|[upkeep]
|-heal|p1a: Toxapex|54/100|[from] item: Leftovers
|-damage|p2a: Charizard|72/100 tox|[from] psn
|-damage|p2a: Charizard|60/100 tox|[from] move: Infestation|[partiallytrapped]
|upkeep
|turn|3
|inactive|beni_9 has 30 seconds left.
|
|t:|1783611381
|move|p1a: Toxapex|Baneful Bunker|p1a: Toxapex
|-singleturn|p1a: Toxapex|move: Protect
|move|p1b: Garchomp|Stomping Tantrum|p2b: Incineroar
|-supereffective|p2b: Incineroar|1
|-damage|p2b: Incineroar|22/100
|move|p2a: Charizard|Solar Beam||[still]
|-prepare|p2a: Charizard|Solar Beam
|-anim|p2a: Charizard|Solar Beam|p1b: Garchomp
|-damage|p1b: Garchomp|43/100
|move|p2b: Incineroar|Parting Shot|p1b: Garchomp
|-unboost|p1b: Garchomp|atk|1
|-unboost|p1b: Garchomp|spa|1
|
|t:|1783611396
|switch|p2b: Sylveon|Sylveon, L50, F|100/100|[from] Parting Shot
|
|-weather|SunnyDay|[upkeep]
|-heal|p1a: Toxapex|59/100|[from] item: Leftovers
|-damage|p2a: Charizard|48/100 tox|[from] psn
|-damage|p2a: Charizard|36/100 tox|[from] move: Infestation|[partiallytrapped]
|upkeep
|turn|4
|
|t:|1783611421
|switch|p1b: Charizard|Charizard, L50, M|100/100
|move|p2b: Sylveon|Protect|p2b: Sylveon
|-singleturn|p2b: Sylveon|Protect
|move|p2a: Charizard|Weather Ball|p1b: Charizard
|-resisted|p1b: Charizard|1
|-damage|p1b: Charizard|49/100
|move|p1a: Toxapex|Infestation|p2b: Sylveon
|-activate|p2b: Sylveon|move: Protect
|
|-weather|SunnyDay|[upkeep]
|-heal|p1a: Toxapex|65/100|[from] item: Leftovers
|-damage|p2a: Charizard|18/100 tox|[from] psn
|-damage|p2a: Charizard|5/100 tox|[from] move: Infestation|[partiallytrapped]
|upkeep
|turn|5
|
|t:|1783611446
|switch|p2b: Incineroar|Incineroar, L50, M|22/100
|-ability|p2b: Incineroar|Intimidate|boost
|-unboost|p1a: Toxapex|atk|1
|-unboost|p1b: Charizard|atk|1
|detailschange|p1b: Charizard|Charizard-Mega-Y, L50, M
|-mega|p1b: Charizard|Charizard|Charizardite Y
|move|p1b: Charizard|Protect|p1b: Charizard
|-singleturn|p1b: Charizard|Protect
|move|p2a: Charizard|Heat Wave|p1a: Toxapex|[spread] p1a
|-activate|p1b: Charizard|move: Protect
|-resisted|p1a: Toxapex|1
|-damage|p1a: Toxapex|40/100
|move|p1a: Toxapex|Infestation|p2b: Incineroar
|-crit|p2b: Incineroar
|-damage|p2b: Incineroar|17/100
|-activate|p2b: Incineroar|move: Infestation|[of] p1a: Toxapex
|
|-weather|SunnyDay|[upkeep]
|-heal|p1a: Toxapex|46/100|[from] item: Leftovers
|-damage|p2a: Charizard|0 fnt|[from] psn
|faint|p2a: Charizard
|-damage|p2b: Incineroar|5/100|[from] move: Infestation|[partiallytrapped]
|upkeep
|
|t:|1783611467
|switch|p2a: Farigiraf|Farigiraf, L50, M|100/100
|turn|6
|
|t:|1783611488
|move|p1b: Charizard|Protect||[still]
|-fail|p1b: Charizard
|move|p1a: Toxapex|Baneful Bunker|p1a: Toxapex
|-singleturn|p1a: Toxapex|move: Protect
|move|p2b: Incineroar|Fake Out|p1b: Charizard
|-damage|p1b: Charizard|38/100
|move|p2a: Farigiraf|Psyshock|p1b: Charizard
|-damage|p1b: Charizard|8/100
|
|-weather|none
|-heal|p1a: Toxapex|52/100|[from] item: Leftovers
|-damage|p2b: Incineroar|0 fnt|[from] move: Infestation|[partiallytrapped]
|faint|p2b: Incineroar
|upkeep
|
|t:|1783611500
|switch|p2b: Sylveon|Sylveon, L50, F|100/100
|turn|7
|inactive|beni_9 has 30 seconds left.
|
|t:|1783611528
|-heal|p1a: Toxapex|85/100|[from] ability: Regenerator|[silent]
|switch|p1a: Incineroar|Incineroar, L50, M|84/100
|-ability|p1a: Incineroar|Intimidate|boost
|-unboost|p2a: Farigiraf|atk|1
|-unboost|p2b: Sylveon|atk|1
|move|p1b: Charizard|Protect|p1b: Charizard
|-singleturn|p1b: Charizard|Protect
|move|p2b: Sylveon|Hyper Voice|p1a: Incineroar|[spread] p1a
|-activate|p1b: Charizard|move: Protect
|-damage|p1a: Incineroar|43/100
|-enditem|p1a: Incineroar|Sitrus Berry|[eat]
|-heal|p1a: Incineroar|68/100|[from] item: Sitrus Berry
|move|p2a: Farigiraf|Psyshock|p1a: Incineroar
|-immune|p1a: Incineroar
|
|upkeep
|turn|8
|inactive|beni_9 has 30 seconds left.
|inactive|lux raymundi has 30 seconds left.
|inactive|beni_9 has 20 seconds left.
|
|t:|1783611566
|switch|p1b: Garchomp|Garchomp, L50, M|43/100
|move|p2a: Farigiraf|Helping Hand|p2b: Sylveon
|-singleturn|p2b: Sylveon|Helping Hand|[of] p2a: Farigiraf
|move|p1a: Incineroar|Throat Chop|p2b: Sylveon
|-resisted|p2b: Sylveon|1
|-damage|p2b: Sylveon|84/100
|-start|p2b: Sylveon|Throat Chop|[silent]
|cant|p2b: Sylveon|move: Throat Chop
|
|upkeep
|turn|9
|inactive|beni_9 has 30 seconds left.
|inactive|beni_9 has 20 seconds left.
|
|t:|1783611604
|move|p2b: Sylveon|Protect|p2b: Sylveon
|-singleturn|p2b: Sylveon|Protect
|move|p1b: Garchomp|Rock Slide|p2b: Sylveon|[spread] p2a
|-activate|p2b: Sylveon|move: Protect
|-damage|p2a: Farigiraf|83/100
|move|p1a: Incineroar|Parting Shot|p2b: Sylveon
|-activate|p2b: Sylveon|move: Protect
|move|p2a: Farigiraf|Trick Room|p2a: Farigiraf
|-fieldstart|move: Trick Room|[of] p2a: Farigiraf
|
|-end|p2b: Sylveon|Throat Chop|[silent]
|upkeep
|turn|10
|inactive|beni_9 has 30 seconds left.
|inactive|beni_9 has 20 seconds left.
|
|t:|1783611643
|switch|p1a: Toxapex|Toxapex, L50, M|85/100
|move|p2a: Farigiraf|Helping Hand|p2b: Sylveon
|-singleturn|p2b: Sylveon|Helping Hand|[of] p2a: Farigiraf
|move|p2b: Sylveon|Hyper Voice|p1a: Toxapex|[spread] p1a,p1b
|-resisted|p1a: Toxapex|1
|-supereffective|p1b: Garchomp|1
|-crit|p1b: Garchomp
|-damage|p1a: Toxapex|58/100
|-damage|p1b: Garchomp|0 fnt
|faint|p1b: Garchomp
|
|-heal|p1a: Toxapex|64/100|[from] item: Leftovers
|upkeep
|
|t:|1783611656
|switch|p1b: Incineroar|Incineroar, L50, M|68/100
|-ability|p1b: Incineroar|Intimidate|boost
|-unboost|p2a: Farigiraf|atk|1
|-unboost|p2b: Sylveon|atk|1
|turn|11
|inactive|beni_9 has 30 seconds left.
|
|t:|1783611682
|move|p1a: Toxapex|Toxic|p2a: Farigiraf
|-status|p2a: Farigiraf|tox
|move|p2a: Farigiraf|Psyshock|p1a: Toxapex
|-supereffective|p1a: Toxapex|1
|-damage|p1a: Toxapex|24/100
|move|p2b: Sylveon|Hyper Beam|p1a: Toxapex
|-resisted|p1a: Toxapex|1
|-damage|p1a: Toxapex|0 fnt
|-mustrecharge|p2b: Sylveon
|faint|p1a: Toxapex
|move|p1b: Incineroar|Throat Chop|p2b: Sylveon
|-resisted|p2b: Sylveon|1
|-damage|p2b: Sylveon|68/100
|-start|p2b: Sylveon|Throat Chop|[silent]
|
|-damage|p2a: Farigiraf|77/100 tox|[from] psn
|upkeep
|
|t:|1783611694
|switch|p1a: Charizard|Charizard-Mega-Y, L50, M|8/100
|-weather|SunnyDay|[from] ability: Drought|[of] p1a: Charizard
|turn|12
|
|t:|1783611716
|move|p2a: Farigiraf|Psyshock|p1a: Charizard
|-damage|p1a: Charizard|0 fnt
|faint|p1a: Charizard
|cant|p2b: Sylveon|recharge
|move|p1b: Incineroar|Flare Blitz|p2b: Sylveon
|-damage|p2b: Sylveon|1/100
|-damage|p1b: Incineroar|47/100|[from] Recoil
|
|-weather|SunnyDay|[upkeep]
|-damage|p2a: Farigiraf|65/100 tox|[from] psn
|-end|p2b: Sylveon|Throat Chop|[silent]
|upkeep
|turn|13
|inactive|lux raymundi has 30 seconds left.
|
|t:|1783611750
|move|p2a: Farigiraf|Helping Hand|p2b: Sylveon
|-singleturn|p2b: Sylveon|Helping Hand|[of] p2a: Farigiraf
|move|p2b: Sylveon|Hyper Voice|p1b: Incineroar
|-damage|p1b: Incineroar|0 fnt
|faint|p1b: Incineroar
|
|win|lux raymundi
||lux raymundi is ready for game 2.
||beni_9 is ready for game 2.
|uhtml|next|Next: Game 2 of 3
