|j|☆Cactusmax
|j|☆Gottkomplexe
|html|CactusmaxGottkomplexe    
|uhtml|bestof|Game 2 of a best-of-3
|t:|1785953473
|gametype|doubles
|player|p1|Cactusmax|ballguy|
|player|p2|Gottkomplexe|ilima|
|gen|9
|tier|[Gen 9 Champions] VGC 2026 Reg M-B (Bo3)
|rule|Species Clause: Limit one of each Pokémon
|rule|Item Clause: Limit 1 of each item
|clearpoke
|poke|p1|Sneasler, L50, M|
|poke|p1|Blastoise, L50, M|
|poke|p1|Kingambit, L50, M|
|poke|p1|Incineroar, L50, M|
|poke|p1|Delphox, L50, F|
|poke|p1|Sinistcha, L50|
|poke|p2|Kingambit, L50, M|
|poke|p2|Ninetales-Alola, L50, M|
|poke|p2|Incineroar, L50, F|
|poke|p2|Dragonite, L50, M|
|poke|p2|Sneasler, L50, F|
|poke|p2|Gengar, L50, F|
|teampreview|4
|showteam|p1|Sneasler||FocusSash|PoisonTouch|PoisonJab,CloseCombat,FakeOut,QuickGuard|Jolly||M|||50|]Blastoise||Blastoisinite|RainDish|DarkPulse,WaterSpout,ShellSmash,Protect|Modest||M|||50|]Kingambit||LifeOrb|Defiant|KowtowCleave,SuckerPunch,SwordsDance,Protect|Adamant||M|||50|]Incineroar||SitrusBerry|Intimidate|FlareBlitz,HelpingHand,PartingShot,FakeOut|Careful||M|||50|]Delphox||Delphoxite|Blaze|HeatWave,NastyPlot,Psyshock,Protect|Modest||F|||50|]Sinistcha||OccaBerry|Hospitality|MatchaGotcha,RagePowder,TrickRoom,Protect|Bold|||||50|
|showteam|p2|Kingambit||BlackGlasses|Defiant|KowtowCleave,SuckerPunch,LowKick,Protect|Adamant||M|||50|]Ninetales-Alola||ChoiceScarf|SnowWarning|Blizzard,FreezeDry,IcyWind,Encore|Timid||M|||50|]Incineroar||SitrusBerry|Intimidate|FlareBlitz,ThroatChop,FakeOut,PartingShot|Impish||F|||50|]Dragonite||LifeOrb|InnerFocus|DragonClaw,Superpower,ExtremeSpeed,Protect|Adamant||M|||50|]Sneasler||FocusSash|Unburden|CloseCombat,DireClaw,RockSlide,Protect|Adamant||F|||50|]Gengar||Gengarite|CursedBody|SludgeBomb,ShadowBall,Substitute,Protect|Modest||F|||50|
|inactive|Battle timer is ON: inactive players will automatically lose when time's up. (requested by Gottkomplexe)
|inactive|Cactusmax has 60 seconds left.
|
|t:|1785953519
|teamsize|p1|4
|teamsize|p2|4
|start
|switch|p1a: Blastoise|Blastoise, L50, M|100/100
|switch|p1b: Incineroar|Incineroar, L50, M|100/100
|switch|p2a: Kingambit|Kingambit, L50, M|100/100
|switch|p2b: Dragonite|Dragonite, L50, M|100/100
|-ability|p1b: Incineroar|Intimidate|boost
|-unboost|p2a: Kingambit|atk|1
|-ability|p2a: Kingambit|Defiant|boost
|-boost|p2a: Kingambit|atk|2
|-fail|p2b: Dragonite|unboost|Attack|[from] ability: Inner Focus|[of] p2b: Dragonite
|turn|1
|inactive|Cactusmax has 30 seconds left.
|inactive|Cactusmax has 20 seconds left.
|inactive|Cactusmax has 15 seconds left.
|
|t:|1785953568
|detailschange|p1a: Blastoise|Blastoise-Mega, L50, M
|-mega|p1a: Blastoise|Blastoise|Blastoisinite
|move|p1a: Blastoise|Water Spout|p2a: Kingambit|[spread] p2a,p2b
|-resisted|p2b: Dragonite|1
|-damage|p2a: Kingambit|36/100
|-damage|p2b: Dragonite|70/100
|move|p2b: Dragonite|Dragon Claw|p1a: Blastoise
|-damage|p1a: Blastoise|34/100
|-damage|p2b: Dragonite|60/100|[from] item: Life Orb
|move|p1b: Incineroar|Flare Blitz|p2a: Kingambit
|-supereffective|p2a: Kingambit|1
|-damage|p2a: Kingambit|0 fnt
|faint|p2a: Kingambit
|-damage|p1b: Incineroar|87/100|[from] Recoil
|
|upkeep
|
|t:|1785953586
|switch|p2a: Sneasler|Sneasler, L50, F|100/100
|turn|2
|inactive|Cactusmax has 30 seconds left.
|inactive|Cactusmax has 20 seconds left.
|inactive|Cactusmax has 15 seconds left.
|inactive|Cactusmax has 10 seconds left.
|
|t:|1785953636
|switch|p2a: Ninetales|Ninetales-Alola, L50, M|100/100
|-weather|Snowscape|[from] ability: Snow Warning|[of] p2a: Ninetales
|move|p1a: Blastoise|Protect|p1a: Blastoise
|-singleturn|p1a: Blastoise|Protect
|move|p2b: Dragonite|Superpower|p1b: Incineroar
|-supereffective|p1b: Incineroar|1
|-damage|p1b: Incineroar|0 fnt
|-unboost|p2b: Dragonite|atk|1
|-unboost|p2b: Dragonite|def|1
|faint|p1b: Incineroar
|-damage|p2b: Dragonite|50/100g|[from] item: Life Orb
|
|-weather|Snowscape|[upkeep]
|upkeep
|
|t:|1785953651
|switch|p1b: Kingambit|Kingambit, L50, M|100/100
|turn|3
|inactive|Cactusmax has 30 seconds left.
|inactive|Gottkomplexe has 30 seconds left.
|inactive|Cactusmax has 20 seconds left.
|inactive|Cactusmax has 15 seconds left.
|inactive|Gottkomplexe has 20 seconds left.
|inactive|Cactusmax has 10 seconds left.
|
|t:|1785953696
|move|p2a: Ninetales|Blizzard|p1a: Blastoise|[spread] p1a,p1b
|-resisted|p1a: Blastoise|1
|-resisted|p1b: Kingambit|1
|-damage|p1a: Blastoise|20/100r
|-damage|p1b: Kingambit|85/100
|move|p1a: Blastoise|Shell Smash|p1a: Blastoise
|-unboost|p1a: Blastoise|def|1
|-unboost|p1a: Blastoise|spd|1
|-boost|p1a: Blastoise|atk|2
|-boost|p1a: Blastoise|spa|2
|-boost|p1a: Blastoise|spe|2
|move|p2b: Dragonite|Superpower|p1b: Kingambit
|-supereffective|p1b: Kingambit|2
|-damage|p1b: Kingambit|0 fnt
|-unboost|p2b: Dragonite|atk|1
|-unboost|p2b: Dragonite|def|1
|faint|p1b: Kingambit
|-damage|p2b: Dragonite|41/100|[from] item: Life Orb
|
|-weather|Snowscape|[upkeep]
|upkeep
|
|t:|1785953701
|switch|p1b: Sinistcha|Sinistcha, L50|100/100
|-heal|p1a: Blastoise|44/100|[from] ability: Hospitality|[of] p1b: Sinistcha
|turn|4
|inactive|Cactusmax has 30 seconds left.
|inactive|Cactusmax has 20 seconds left.
|
|t:|1785953739
|move|p1a: Blastoise|Protect|p1a: Blastoise
|-singleturn|p1a: Blastoise|Protect
|move|p2b: Dragonite|Extreme Speed|p1a: Blastoise
|-activate|p1a: Blastoise|move: Protect
|move|p2a: Ninetales|Blizzard|p1a: Blastoise|[spread] p1b
|-activate|p1a: Blastoise|move: Protect
|-supereffective|p1b: Sinistcha|1
|-damage|p1b: Sinistcha|49/100
|move|p1b: Sinistcha|Matcha Gotcha|p2a: Ninetales|[spread] p2a,p2b
|-resisted|p2b: Dragonite|2
|-crit|p2b: Dragonite
|-damage|p2a: Ninetales|72/100
|-heal|p1b: Sinistcha|61/100|[from] drain|[of] p2a: Ninetales
|-damage|p2b: Dragonite|33/100
|-heal|p1b: Sinistcha|65/100|[from] drain|[of] p2b: Dragonite
|-status|p2b: Dragonite|brn
|
|-weather|Snowscape|[upkeep]
|-damage|p2b: Dragonite|27/100 brn|[from] brn
|upkeep
|turn|5
|inactive|Cactusmax has 30 seconds left.
|inactive|Cactusmax has 20 seconds left.
|inactive|Gottkomplexe has 30 seconds left.
|
|t:|1785953783
|switch|p2b: Sneasler|Sneasler, L50, F|100/100
|move|p2a: Ninetales|Blizzard|p1b: Sinistcha|[spread] p1a,p1b
|-resisted|p1a: Blastoise|1
|-supereffective|p1b: Sinistcha|1
|-damage|p1a: Blastoise|21/100
|-damage|p1b: Sinistcha|14/100
|move|p1a: Blastoise|Dark Pulse|p2a: Ninetales
|-resisted|p2a: Ninetales|1
|-damage|p2a: Ninetales|20/100y
|move|p1b: Sinistcha|Matcha Gotcha|p2a: Ninetales|[spread] p2a,p2b
|-resisted|p2b: Sneasler|1
|-damage|p2a: Ninetales|0 fnt
|-heal|p1b: Sinistcha|23/100|[from] drain|[of] p2a: Ninetales
|-damage|p2b: Sneasler|81/100
|-heal|p1b: Sinistcha|30/100|[from] drain|[of] p2b: Sneasler
|-status|p2b: Sneasler|brn
|faint|p2a: Ninetales
|
|-weather|Snowscape|[upkeep]
|-damage|p2b: Sneasler|76/100 brn|[from] brn
|upkeep
|
|t:|1785953792
|switch|p2a: Dragonite|Dragonite, L50, M|27/100 brn
|turn|6
|c|☆Gottkomplexe|haha crazy
|inactive|Cactusmax has 30 seconds left.
|inactive|Cactusmax has 20 seconds left.
|inactive|Cactusmax has 15 seconds left.
|
|t:|1785953832
|move|p1a: Blastoise|Protect|p1a: Blastoise
|-singleturn|p1a: Blastoise|Protect
|move|p1b: Sinistcha|Protect|p1b: Sinistcha
|-singleturn|p1b: Sinistcha|Protect
|move|p2a: Dragonite|Extreme Speed|p1a: Blastoise
|-activate|p1a: Blastoise|move: Protect
|move|p2b: Sneasler|Dire Claw|p1b: Sinistcha
|-activate|p1b: Sinistcha|move: Protect
|
|-weather|none
|-damage|p2b: Sneasler|70/100 brn|[from] brn
|-damage|p2a: Dragonite|21/100 brn|[from] brn
|upkeep
|turn|7
|
|t:|1785953856
|move|p2a: Dragonite|Extreme Speed|p1a: Blastoise
|-damage|p1a: Blastoise|0 fnt
|faint|p1a: Blastoise
|-damage|p2a: Dragonite|11/100 brn|[from] item: Life Orb
|move|p2b: Sneasler|Dire Claw|p1b: Sinistcha
|-damage|p1b: Sinistcha|12/100
|move|p1b: Sinistcha|Matcha Gotcha|p2b: Sneasler|[spread] p2a,p2b
|-resisted|p2a: Dragonite|2
|-resisted|p2b: Sneasler|1
|-damage|p2a: Dragonite|5/100 brn
|-heal|p1b: Sinistcha|15/100|[from] drain|[of] p2a: Dragonite
|-damage|p2b: Sneasler|54/100 brn
|-heal|p1b: Sinistcha|22/100|[from] drain|[of] p2b: Sneasler
|
|-damage|p2b: Sneasler|49/100 brn|[from] brn
|-damage|p2a: Dragonite|0 fnt|[from] brn
|faint|p2a: Dragonite
|upkeep
|turn|8
|
|t:|1785953873
|move|p1b: Sinistcha|Protect|p1b: Sinistcha
|-singleturn|p1b: Sinistcha|Protect
|move|p2b: Sneasler|Dire Claw|p1b: Sinistcha
|-activate|p1b: Sinistcha|move: Protect
|
|-damage|p2b: Sneasler|43/100 brn|[from] brn
|upkeep
|turn|9
|
|t:|1785953893
|move|p2b: Sneasler|Dire Claw|p1b: Sinistcha
|-damage|p1b: Sinistcha|3/100
|move|p1b: Sinistcha|Trick Room|p1b: Sinistcha
|-fieldstart|move: Trick Room|[of] p1b: Sinistcha
|
|-damage|p2b: Sneasler|37/100 brn|[from] brn
|upkeep
|turn|10
|
|t:|1785953915
|move|p1b: Sinistcha|Protect|p1b: Sinistcha
|-singleturn|p1b: Sinistcha|Protect
|move|p2b: Sneasler|Dire Claw|p1b: Sinistcha
|-activate|p1b: Sinistcha|move: Protect
|
|-damage|p2b: Sneasler|31/100 brn|[from] brn
|upkeep
|turn|11
|
|t:|1785953923
|move|p1b: Sinistcha|Matcha Gotcha|p2b: Sneasler
|-resisted|p2b: Sneasler|1
|-damage|p2b: Sneasler|8/100 brn
|-heal|p1b: Sinistcha|14/100|[from] drain|[of] p2b: Sneasler
|move|p2b: Sneasler|Dire Claw|p1b: Sinistcha
|-damage|p1b: Sinistcha|0 fnt
|faint|p1b: Sinistcha
|
|win|Gottkomplexe
