|j|☆BlackStag52
|j|☆houseofpros
|html|BlackStag52houseofpros    
|uhtml|bestof|Game 1 of a best-of-3
|t:|1756956364
|gametype|doubles
|player|p1|BlackStag52|swimmerf|1139
|player|p2|houseofpros|lucas-gen4pt|1096
|gen|9
|tier|[Gen 9] VGC 2025 Reg H (Bo3)
|rated|
|rule|Species Clause: Limit one of each Pokémon
|rule|Item Clause: Limit 1 of each item
|clearpoke
|poke|p1|Kingambit, L50, M|
|poke|p1|Gallade, L50, M|
|poke|p1|Indeedee-F, L50, F|
|poke|p1|Annihilape, L50, F|
|poke|p1|Hatterene, L50, F|
|poke|p1|Torkoal, L50, M|
|poke|p2|Amoonguss, L50, F|
|poke|p2|Goodra-Hisui, L50, M|
|poke|p2|Politoed, L50, M|
|poke|p2|Ludicolo, L50, F|
|poke|p2|Scizor, L50, M|
|poke|p2|Tauros-Paldea-Aqua, L50, M|
|teampreview|4
|showteam|p1|Kingambit||BlackGlasses|Defiant|KowtowCleave,SuckerPunch,Protect,SwordsDance|||M|||50|,,,,,Psychic]Gallade||ClearAmulet|Sharpness|SacredSword,TrickRoom,PsychoCut,WideGuard|||M|||50|,,,,,Ghost]Indeedee-F||PsychicSeed|PsychicSurge|TrickRoom,FollowMe,HelpingHand,HyperVoice|||F|||50|,,,,,Fairy]Annihilape||ChoiceScarf|Defiant|FinalGambit,Uturn,Taunt,HelpingHand|||F|||50|,,,,,Fighting]Hatterene||LifeOrb|MagicBounce|ExpandingForce,TrickRoom,DazzlingGleam,MysticalFire|||F|||50|,,,,,Fire]Torkoal||ChoiceSpecs|Drought|Eruption,Overheat,WeatherBall,EarthPower|||M|||50|,,,,,Fire
|showteam|p2|Amoonguss||RockyHelmet|Regenerator|Spore,RagePowder,PollenPuff,LeafStorm|||F|||50|,,,,,Bug]Goodra-Hisui||AssaultVest|SapSipper|HydroPump,DracoMeteor,HeavySlam,DragonPulse|||M|||50|,,,,,Stellar]Politoed||SitrusBerry|Drizzle|Protect,WeatherBall,HelpingHand,PerishSong|||M|||50|,,,,,Grass]Ludicolo||MysticWater|SwiftSwim|FakeOut,HydroPump,EnergyBall,Protect|||F|||50|,,,,,Stellar]Scizor||ClearAmulet|Technician|KnockOff,BulletPunch,BugBite,Protect|||M|||50|,,,,,Stellar]Tauros-Paldea-Aqua||SafetyGoggles|Intimidate|AquaJet,CloseCombat,WaveCrash,Protect|||M|||50|,,,,,Fighting
|c|☆BlackStag52|glhf!
|c|☆houseofpros|glhf!
|
|t:|1756956492
|teamsize|p1|4
|teamsize|p2|4
|start
|switch|p1a: Hatterene|Hatterene, L50, F|100/100
|switch|p1b: Indeedee|Indeedee-F, L50, F|100/100
|switch|p2a: Amoonguss|Amoonguss, L50, F|100/100
|switch|p2b: Scizor|Scizor, L50, M|100/100
|-fieldstart|move: Psychic Terrain|[from] ability: Psychic Surge|[of] p1b: Indeedee
|-enditem|p1b: Indeedee|Psychic Seed
|-boost|p1b: Indeedee|spd|1|[from] item: Psychic Seed
|turn|1
|
|t:|1756956581
|move|p1b: Indeedee|Follow Me|p1b: Indeedee
|-singleturn|p1b: Indeedee|move: Follow Me
|move|p2b: Scizor|Bug Bite|p1b: Indeedee
|-supereffective|p1b: Indeedee
|-damage|p1b: Indeedee|0 fnt
|faint|p1b: Indeedee
|move|p2a: Amoonguss|Pollen Puff|p1a: Hatterene
|-damage|p1a: Hatterene|79/100
|move|p1a: Hatterene|Trick Room|p1a: Hatterene
|-fieldstart|move: Trick Room|[of] p1a: Hatterene
|
|upkeep
|
|t:|1756956591
|switch|p1b: Torkoal|Torkoal, L50, M|100/100
|-weather|SunnyDay|[from] ability: Drought|[of] p1b: Torkoal
|turn|2
|
|t:|1756956637
|switch|p2b: Politoed|Politoed, L50, M|100/100
|-weather|RainDance|[from] ability: Drizzle|[of] p2b: Politoed
|-terastallize|p1b: Torkoal|Fire
|-terastallize|p2a: Amoonguss|Bug
|move|p1b: Torkoal|Eruption|p2a: Amoonguss|[spread] p2a,p2b
|-supereffective|p2a: Amoonguss
|-resisted|p2b: Politoed
|-damage|p2a: Amoonguss|17/100
|-damage|p2b: Politoed|77/100
|move|p1a: Hatterene|Expanding Force|p2a: Amoonguss|[spread] p2a,p2b
|-damage|p2a: Amoonguss|0 fnt
|-damage|p2b: Politoed|0 fnt
|faint|p2a: Amoonguss
|faint|p2b: Politoed
|-damage|p1a: Hatterene|69/100|[from] item: Life Orb
|
|-weather|RainDance|[upkeep]
|upkeep
|c|☆houseofpros|goddamn
|
|t:|1756956656
|switch|p2a: Goodra|Goodra-Hisui, L50, M, shiny|100/100
|switch|p2b: Scizor|Scizor, L50, M|100/100
|turn|3
|c|☆BlackStag52|yeah, it's crazy how much lorb hatt does
|
|t:|1756956727
|move|p2b: Scizor|Protect|p2b: Scizor
|-singleturn|p2b: Scizor|Protect
|move|p1b: Torkoal|Eruption|p2a: Goodra|[spread] p2a
|-activate|p2b: Scizor|move: Protect
|-damage|p2a: Goodra|80/100
|move|p1a: Hatterene|Dazzling Gleam|p2a: Goodra|[spread] p2a
|-activate|p2b: Scizor|move: Protect
|-damage|p2a: Goodra|59/100
|-damage|p1a: Hatterene|60/100|[from] item: Life Orb
|move|p2a: Goodra|Hydro Pump|p1b: Torkoal
|-supereffective|p1b: Torkoal
|-damage|p1b: Torkoal|0 fnt
|faint|p1b: Torkoal
|
|-weather|RainDance|[upkeep]
|upkeep
|
|t:|1756956737
|switch|p1b: Kingambit|Kingambit, L50, M|100/100
|turn|4
|
|t:|1756956822
|move|p1a: Hatterene|Mystical Fire|p2b: Scizor
|-supereffective|p2b: Scizor
|-damage|p2b: Scizor|15/100
|-damage|p1a: Hatterene|50/100|[from] item: Life Orb
|move|p1b: Kingambit|Swords Dance|p1b: Kingambit
|-boost|p1b: Kingambit|atk|2
|move|p2a: Goodra|Hydro Pump|p1b: Kingambit
|-crit|p1b: Kingambit
|-damage|p1b: Kingambit|19/100
|move|p2b: Scizor|Bug Bite|p1b: Kingambit
|-damage|p1b: Kingambit|0 fnt
|faint|p1b: Kingambit
|
|-weather|RainDance|[upkeep]
|upkeep
|turn|5
|c|☆houseofpros|biggeset crit
|c|☆houseofpros|crit of the century right there
|c|☆BlackStag52|I'm crying so hard rn
|c|☆houseofpros|loool
|
|t:|1756956888
|move|p2b: Scizor|Protect|p2b: Scizor
|-singleturn|p2b: Scizor|Protect
|move|p1a: Hatterene|Dazzling Gleam|p2a: Goodra|[spread] p2a
|-activate|p2b: Scizor|move: Protect
|-damage|p2a: Goodra|38/100
|-damage|p1a: Hatterene|40/100|[from] item: Life Orb
|move|p2a: Goodra|Heavy Slam|p1a: Hatterene
|-supereffective|p1a: Hatterene
|-damage|p1a: Hatterene|0 fnt
|faint|p1a: Hatterene
|
|win|houseofpros
