|j|☆i miss my miraidon
|j|☆Oscarm92
|html|i miss my miraidonOscarm92    
|uhtml|bestof|Game 2 of a best-of-3
|t:|1784155260
|gametype|doubles
|player|p1|i miss my miraidon|102|1371
|player|p2|Oscarm92|265|1311
|gen|9
|tier|[Gen 9 Champions] VGC 2026 Reg M-B (Bo3)
|rated|
|rule|Species Clause: Limit one of each Pokémon
|rule|Item Clause: Limit 1 of each item
|clearpoke
|poke|p1|Venusaur, L50, M|
|poke|p1|Arcanine-Hisui, L50, M|
|poke|p1|Dragonite, L50, M|
|poke|p1|Incineroar, L50, F|
|poke|p1|Ninetales-Alola, L50, F|
|poke|p1|Gholdengo, L50|
|poke|p2|Charizard, L50, F, shiny|
|poke|p2|Aerodactyl, L50, M|
|poke|p2|Garchomp, L50, F, shiny|
|poke|p2|Kingambit, L50, M|
|poke|p2|Sylveon, L50, F|
|poke|p2|Farigiraf, L50, F|
|teampreview|4
|showteam|p1|Venusaur||Venusaurite|Overgrow|GigaDrain,SludgeBomb,EarthPower,Protect|Modest||M|||50|]Arcanine-Hisui||FocusSash|RockHead|FlareBlitz,ExtremeSpeed,HeadSmash,Protect|Adamant||M|||50|]Dragonite||LifeOrb|InnerFocus|DragonClaw,LowKick,ExtremeSpeed,Protect|Adamant||M|||50|]Incineroar||SitrusBerry|Intimidate|ThroatChop,FlareBlitz,PartingShot,FakeOut|Careful||F|||50|]Ninetales-Alola||NeverMeltIce|SnowWarning|Blizzard,FreezeDry,AuroraVeil,Protect|Timid||F|||50|]Gholdengo||SpellTag|GoodasGold|MakeItRain,ShadowBall,NastyPlot,Protect|Modest|||||50|
|showteam|p2|Charizard||CharizarditeY|Blaze|HeatWave,WeatherBall,SolarBeam,Protect|Modest||F|||50|]Aerodactyl||Aerodactylite|Unnerve|IceFang,RockSlide,Tailwind,DualWingbeat|Jolly||M|||50|]Garchomp||LifeOrb|RoughSkin|DragonClaw,StompingTantrum,Earthquake,Protect|Jolly||F|||50|]Kingambit||FocusSash|Defiant|SuckerPunch,KowtowCleave,IronHead,LowKick|Adamant||M|||50|]Sylveon||FairyFeather|Pixilate|QuickAttack,HyperVoice,HyperBeam,Protect|Modest||F|||50|]Farigiraf||SitrusBerry|ArmorTail|TrickRoom,Thunderbolt,Roar,Psychic|Bold||F|||50|
|inactive|Battle timer is ON: inactive players will automatically lose when time's up. (requested by i miss my miraidon)
|
|t:|1784155350
|teamsize|p1|4
|teamsize|p2|4
|start
|switch|p1a: Dragonite|Dragonite, L50, M|100/100
|switch|p1b: Ninetales|Ninetales-Alola, L50, F|100/100
|switch|p2a: Charizard|Charizard, L50, F, shiny|100/100
|switch|p2b: Kingambit|Kingambit, L50, M|100/100
|-weather|Snowscape|[from] ability: Snow Warning|[of] p1b: Ninetales
|turn|1
|inactive|i miss my miraidon has 30 seconds left.
|inactive|Oscarm92 has 30 seconds left.
|inactive|i miss my miraidon has 20 seconds left.
|inactive|Oscarm92 has 20 seconds left.
|inactive|Oscarm92 has 15 seconds left.
|inactive|i miss my miraidon has 15 seconds left.
|inactive|Oscarm92 has 10 seconds left.
|
|t:|1784155397
|detailschange|p2a: Charizard|Charizard-Mega-Y, L50, F, shiny
|-mega|p2a: Charizard|Charizard|Charizardite Y
|-weather|SunnyDay|[from] ability: Drought|[of] p2a: Charizard
|move|p2b: Kingambit|Sucker Punch|p1a: Dragonite
|-damage|p1a: Dragonite|51/100
|move|p1b: Ninetales|Freeze-Dry|p2a: Charizard
|-damage|p2a: Charizard|72/100
|move|p1a: Dragonite|Dragon Claw|p2a: Charizard
|-damage|p2a: Charizard|10/100
|-damage|p1a: Dragonite|42/100|[from] item: Life Orb
|move|p2a: Charizard|Heat Wave|p1a: Dragonite|[spread] p1a,p1b
|-resisted|p1a: Dragonite|1
|-supereffective|p1b: Ninetales|1
|-damage|p1a: Dragonite|11/100
|-damage|p1b: Ninetales|0 fnt
|faint|p1b: Ninetales
|
|-weather|SunnyDay|[upkeep]
|upkeep
|
|t:|1784155415
|switch|p1b: Arcanine|Arcanine-Hisui, L50, M|100/100
|turn|2
|inactive|Oscarm92 has 30 seconds left.
|
|t:|1784155443
|move|p2a: Charizard|Protect|p2a: Charizard
|-singleturn|p2a: Charizard|Protect
|move|p1a: Dragonite|Extreme Speed|p2b: Kingambit
|-resisted|p2b: Kingambit|1
|-damage|p2b: Kingambit|81/100
|-damage|p1a: Dragonite|1/100|[from] item: Life Orb
|move|p2b: Kingambit|Sucker Punch|p1b: Arcanine
|-damage|p1b: Arcanine|49/100
|move|p1b: Arcanine|Flare Blitz|p2b: Kingambit
|-supereffective|p2b: Kingambit|1
|-damage|p2b: Kingambit|0 fnt
|faint|p2b: Kingambit
|
|-weather|SunnyDay|[upkeep]
|upkeep
|
|t:|1784155452
|switch|p2b: Garchomp|Garchomp, L50, F, shiny|100/100
|turn|3
|
|t:|1784155466
|switch|p2a: Farigiraf|Farigiraf, L50, F|100/100
|move|p1b: Arcanine|Extreme Speed||[still]
|cant|p2a: Farigiraf|ability: Armor Tail|Extreme Speed|[of] p1b: Arcanine
|move|p2b: Garchomp|Dragon Claw|p1b: Arcanine
|-damage|p1b: Arcanine|0 fnt
|faint|p1b: Arcanine
|-damage|p2b: Garchomp|90/100|[from] item: Life Orb
|move|p1a: Dragonite|Dragon Claw|p2b: Garchomp
|-supereffective|p2b: Garchomp|1
|-damage|p2b: Garchomp|0 fnt
|-damage|p1a: Dragonite|0 fnt|[from] ability: Rough Skin|[of] p2b: Garchomp
|faint|p2b: Garchomp
|faint|p1a: Dragonite
|
|-weather|SunnyDay|[upkeep]
|upkeep
|inactive|Oscarm92 has 30 seconds left.
|
|t:|1784155498
|switch|p2b: Charizard|Charizard-Mega-Y, L50, F, shiny|10/100
|switch|p1a: Incineroar|Incineroar, L50, F|100/100
|-ability|p1a: Incineroar|Intimidate|boost
|-unboost|p2a: Farigiraf|atk|1
|-unboost|p2b: Charizard|atk|1
|turn|4
|inactive|Oscarm92 has 30 seconds left.
|inactive|Oscarm92 has 20 seconds left.
|
|t:|1784155535
|move|p2b: Charizard|Weather Ball|p1a: Incineroar
|-resisted|p1a: Incineroar|1
|-damage|p1a: Incineroar|67/100
|move|p2a: Farigiraf|Thunderbolt|p1a: Incineroar
|-damage|p1a: Incineroar|50/100g
|move|p1a: Incineroar|Throat Chop|p2b: Charizard
|-damage|p2b: Charizard|0 fnt
|faint|p2b: Charizard
|
|-weather|SunnyDay|[upkeep]
|upkeep
|turn|5
|
|t:|1784155551
|move|p1a: Incineroar|Flare Blitz|p2a: Farigiraf
|-damage|p2a: Farigiraf|49/100
|-status|p2a: Farigiraf|brn
|-enditem|p2a: Farigiraf|Sitrus Berry|[eat]
|-heal|p2a: Farigiraf|74/100 brn|[from] item: Sitrus Berry
|-damage|p1a: Incineroar|32/100|[from] Recoil
|-enditem|p1a: Incineroar|Sitrus Berry|[eat]
|-heal|p1a: Incineroar|57/100|[from] item: Sitrus Berry
|move|p2a: Farigiraf|Thunderbolt|p1a: Incineroar
|-damage|p1a: Incineroar|40/100
|
|-weather|none
|-damage|p2a: Farigiraf|68/100 brn|[from] brn
|upkeep
|turn|6
|
|t:|1784155563
|move|p2a: Farigiraf|Thunderbolt|p1a: Incineroar
|-damage|p1a: Incineroar|21/100
|move|p1a: Incineroar|Throat Chop|p2a: Farigiraf
|-supereffective|p2a: Farigiraf|1
|-crit|p2a: Farigiraf
|-damage|p2a: Farigiraf|0 fnt
|faint|p2a: Farigiraf
|
|win|i miss my miraidon
||Oscarm92 is ready for game 3.
||i miss my miraidon is ready for game 3.
|uhtml|next|Next: Game 3 of 3
|l|☆i miss my miraidon
|player|p1|
