|j|☆RoadToWorlds44
|j|☆sicu_bb
|html|RoadToWorlds44sicu_bb    
|uhtml|bestof|Game 1 of a best-of-3
|t:|1756900925
|gametype|doubles
|player|p1|RoadToWorlds44|2|
|player|p2|sicu_bb|1|
|gen|9
|tier|[Gen 9] VGC 2025 Reg H (Bo3)
|rule|Species Clause: Limit one of each Pokémon
|rule|Item Clause: Limit 1 of each item
|clearpoke
|poke|p1|Kingambit, L50, F|
|poke|p1|Rillaboom, L50, M|
|poke|p1|Electabuzz, L50, F|
|poke|p1|Volcarona, L50, F|
|poke|p1|Sneasler, L50, F|
|poke|p1|Dragapult, L50, F|
|poke|p2|Sneasler, L50, F|
|poke|p2|Whimsicott, L50, F|
|poke|p2|Indeedee, L50, M|
|poke|p2|Delphox, L50, F|
|poke|p2|Ninetales-Alola, L50, M|
|poke|p2|Basculegion, L50, M|
|teampreview|4
|showteam|p1|Kingambit||BlackGlasses|Defiant|KowtowCleave,SuckerPunch,SwordsDance,Protect|||F|||50|,,,,,Dark]Rillaboom||AssaultVest|GrassySurge|WoodHammer,GrassyGlide,HighHorsepower,FakeOut|||M|||50|,,,,,Fire]Electabuzz||Eviolite|VitalSpirit|FollowMe,Thunderbolt,Taunt,Protect|||F|||50|,,,,,Ghost]Volcarona||Leftovers|FlameBody|QuiverDance,HeatWave,TeraBlast,Protect|||F|||50|,,,,,Fairy]Sneasler||FocusSash|Unburden|CloseCombat,DireClaw,FakeOut,Protect|||F|||50|,,,,,Stellar]Dragapult||ChoiceBand|ClearBody|Outrage,DragonDarts,Uturn,PhantomForce|||F|||50|,,,,,Dragon
|showteam|p2|Sneasler||PsychicSeed|Unburden|DireClaw,CloseCombat,ThroatChop,Protect|||F|||50|,,,,,Dark]Whimsicott||CovertCloak|Prankster|Tailwind,Moonblast,HelpingHand,SunnyDay|||F|||50|,,,,,Water]Indeedee||FocusSash|PsychicSurge|ExpandingForce,TeraBlast,Imprison,TrickRoom|||M|||50|,,,,,Fighting]Delphox||LifeOrb|Blaze|HeatWave,ExpandingForce,Protect,DazzlingGleam|||F|||50|,,,,,Fairy]Ninetales-Alola||NeverMeltIce|SnowWarning|Moonblast,Blizzard,Protect,FreezeDry|||M|||50|,,,,,Fire]Basculegion||ChoiceScarf|Adaptability|FlipTurn,WaveCrash,LastRespects,TeraBlast|||M|||50|,,,,,Grass
|inactive|Battle timer is ON: inactive players will automatically lose when time's up. (requested by RoadToWorlds44)
|inactive|RoadToWorlds44 has 60 seconds left.
|
|t:|1756900974
|teamsize|p1|4
|teamsize|p2|4
|start
|switch|p1a: Volcarona|Volcarona, L50, F|100/100
|switch|p1b: Rillaboom|Rillaboom, L50, M|100/100
|switch|p2a: Delphox|Delphox, L50, F|100/100
|switch|p2b: Basculegion|Basculegion, L50, M|100/100
|-fieldstart|move: Grassy Terrain|[from] ability: Grassy Surge|[of] p1b: Rillaboom
|turn|1
|inactive|RoadToWorlds44 has 30 seconds left.
|
|t:|1756901006
|switch|p2b: Indeedee|Indeedee, L50, M|100/100
|-fieldstart|move: Psychic Terrain|[from] ability: Psychic Surge|[of] p2b: Indeedee
|move|p1a: Volcarona|Protect|p1a: Volcarona
|-singleturn|p1a: Volcarona|Protect
|move|p2a: Delphox|Expanding Force|p1a: Volcarona|[spread] p1b
|-activate|p1a: Volcarona|move: Protect
|-damage|p1b: Rillaboom|47/100
|-damage|p2a: Delphox|91/100|[from] item: Life Orb
|move|p1b: Rillaboom|Wood Hammer|p2b: Indeedee
|-enditem|p2b: Indeedee|Focus Sash
|-damage|p2b: Indeedee|1/100
|-damage|p1b: Rillaboom|25/100|[from] Recoil
|
|upkeep
|turn|2
|inactive|RoadToWorlds44 has 30 seconds left.
|inactive|sicu_bb has 30 seconds left.
|inactive|RoadToWorlds44 has 20 seconds left.
|inactive|RoadToWorlds44 has 15 seconds left.
|inactive|RoadToWorlds44 has 10 seconds left.
|
|t:|1756901053
|switch|p1a: Electabuzz|Electabuzz, L50, F|100/100
|switch|p1b: Sneasler|Sneasler, L50, F|100/100
|move|p2a: Delphox|Expanding Force|p1a: Electabuzz|[spread] p1a,p1b
|-supereffective|p1b: Sneasler
|-damage|p1a: Electabuzz|50/100
|-enditem|p1b: Sneasler|Focus Sash
|-damage|p1b: Sneasler|1/100
|-damage|p2a: Delphox|81/100|[from] item: Life Orb
|move|p2b: Indeedee|Expanding Force|p1b: Sneasler|[spread] p1a,p1b
|-supereffective|p1b: Sneasler
|-damage|p1a: Electabuzz|8/100
|-damage|p1b: Sneasler|0 fnt
|faint|p1b: Sneasler
|
|upkeep
|
|t:|1756901068
|switch|p1b: Volcarona|Volcarona, L50, F|100/100
|turn|3
|
|t:|1756901093
|switch|p2b: Basculegion|Basculegion, L50, M|100/100
|move|p1a: Electabuzz|Protect|p1a: Electabuzz
|-singleturn|p1a: Electabuzz|Protect
|move|p2a: Delphox|Heat Wave|p1a: Electabuzz|[spread] p1b
|-activate|p1a: Electabuzz|move: Protect
|-damage|p1b: Volcarona|59/100
|-damage|p2a: Delphox|71/100|[from] item: Life Orb
|move|p1b: Volcarona|Quiver Dance|p1b: Volcarona
|-boost|p1b: Volcarona|spa|1
|-boost|p1b: Volcarona|spd|1
|-boost|p1b: Volcarona|spe|1
|
|-heal|p1b: Volcarona|66/100|[from] item: Leftovers
|upkeep
|turn|4
|inactive|RoadToWorlds44 has 30 seconds left.
|inactive|sicu_bb has 30 seconds left.
|inactive|RoadToWorlds44 has 20 seconds left.
|
|t:|1756901132
|switch|p1a: Rillaboom|Rillaboom, L50, M|25/100
|-fieldstart|move: Grassy Terrain|[from] ability: Grassy Surge|[of] p1a: Rillaboom
|move|p1b: Volcarona|Protect|p1b: Volcarona
|-singleturn|p1b: Volcarona|Protect
|move|p2b: Basculegion|Wave Crash|p1b: Volcarona
|-activate|p1b: Volcarona|move: Protect
|move|p2a: Delphox|Heat Wave|p1a: Rillaboom|[spread] p1a
|-activate|p1b: Volcarona|move: Protect
|-supereffective|p1a: Rillaboom
|-damage|p1a: Rillaboom|0 fnt
|faint|p1a: Rillaboom
|-damage|p2a: Delphox|61/100|[from] item: Life Orb
|
|-heal|p1b: Volcarona|72/100|[from] Grassy Terrain
|-heal|p1b: Volcarona|78/100|[from] item: Leftovers
|-heal|p2a: Delphox|67/100|[from] Grassy Terrain
|upkeep
|
|t:|1756901147
|switch|p1a: Electabuzz|Electabuzz, L50, F|8/100
|turn|5
|inactive|RoadToWorlds44 has 30 seconds left.
|inactive|RoadToWorlds44 has 20 seconds left.
|
|t:|1756901186
|switch|p2b: Indeedee|Indeedee, L50, M|1/100
|-fieldstart|move: Psychic Terrain|[from] ability: Psychic Surge|[of] p2b: Indeedee
|move|p1a: Electabuzz|Follow Me|p1a: Electabuzz
|-singleturn|p1a: Electabuzz|move: Follow Me
|move|p1b: Volcarona|Quiver Dance|p1b: Volcarona
|-boost|p1b: Volcarona|spa|1
|-boost|p1b: Volcarona|spd|1
|-boost|p1b: Volcarona|spe|1
|move|p2a: Delphox|Expanding Force|p1a: Electabuzz|[spread] p1a,p1b
|-damage|p1a: Electabuzz|0 fnt
|-damage|p1b: Volcarona|47/100
|faint|p1a: Electabuzz
|-damage|p2a: Delphox|57/100|[from] item: Life Orb
|
|-heal|p1b: Volcarona|53/100|[from] item: Leftovers
|upkeep
|turn|6
|inactive|RoadToWorlds44 has 30 seconds left.
|
|t:|1756901212
|move|p1b: Volcarona|Heat Wave|p2b: Indeedee|[spread] p2a,p2b
|-resisted|p2a: Delphox
|-damage|p2a: Delphox|17/100
|-damage|p2b: Indeedee|0 fnt
|faint|p2b: Indeedee
|move|p2a: Delphox|Expanding Force|p1b: Volcarona
|-damage|p1b: Volcarona|8/100
|-damage|p2a: Delphox|7/100|[from] item: Life Orb
|
|-heal|p1b: Volcarona|15/100|[from] item: Leftovers
|upkeep
|
|t:|1756901224
|switch|p2b: Basculegion|Basculegion, L50, M|100/100
|turn|7
|
|t:|1756901233
|move|p1b: Volcarona|Protect|p1b: Volcarona
|-singleturn|p1b: Volcarona|Protect
|move|p2b: Basculegion|Wave Crash|p1b: Volcarona
|-activate|p1b: Volcarona|move: Protect
|move|p2a: Delphox|Expanding Force|p1b: Volcarona
|-activate|p1b: Volcarona|move: Protect
|
|-heal|p1b: Volcarona|21/100|[from] item: Leftovers
|upkeep
|turn|8
|
|t:|1756901251
|move|p1b: Volcarona|Protect||[still]
|-fail|p1b: Volcarona
|move|p2b: Basculegion|Wave Crash|p1b: Volcarona
|-supereffective|p1b: Volcarona
|-damage|p1b: Volcarona|0 fnt
|faint|p1b: Volcarona
|-damage|p2b: Basculegion|94/100|[from] Recoil
|
|win|sicu_bb
