|j|â˜†Zurneus
|j|â˜†AsexualBillClinton
|html|ZurneusAsexualBillClinton    
|uhtml|bestof|Game 3 of a best-of-3
|t:|1756173083
|gametype|doubles
|player|p1|Zurneus|silver|1050
|player|p2|AsexualBillClinton|marlon|1060
|gen|9
|tier|[Gen 9] VGC 2025 Reg H (Bo3)
|rated|
|rule|Species Clause: Limit one of each PokÃ©mon
|rule|Item Clause: Limit 1 of each item
|clearpoke
|poke|p1|Gyarados, L50, M|
|poke|p1|Indeedee, L50, M|
|poke|p1|Volcarona, L50, F|
|poke|p1|Excadrill, L50, M|
|poke|p1|Amoonguss, L50, M|
|poke|p1|Tyranitar, L50, M|
|poke|p2|Mudsdale, L50, M|
|poke|p2|Maushold, L50|
|poke|p2|Annihilape, L50, F|
|poke|p2|Sinistcha, L50|
|poke|p2|Porygon2, L50|
|poke|p2|Torkoal, L50, F|
|teampreview|4
|showteam|p1|Gyarados||SafetyGoggles|Intimidate|Taunt,ThunderWave,Waterfall,Protect|||M|||50|,,,,,Steel]Indeedee||ChoiceScarf|PsychicSurge|DazzlingGleam,TeraBlast,Trick,ExpandingForce|||M|||50|,,,,,Psychic]Volcarona||LifeOrb|FlameBody|HeatWave,Tailwind,TeraBlast,Protect|||F|||50|,,,,,Fairy]Excadrill||ClearAmulet|SandRush|Protect,Earthquake,HighHorsepower,IronHead|||M|||50|,,,,,Ghost]Amoonguss||SitrusBerry|Regenerator|Protect,ClearSmog,RagePowder,Spore|||M|||50|,,,,,Water]Tyranitar||AssaultVest|SandStream|LowKick,TeraBlast,KnockOff,RockSlide|||M|||50|,,,,,Flying
|showteam|p2|Mudsdale||AssaultVest|Stamina|BodyPress,HighHorsepower,RockSlide,HeavySlam|||M|||50|,,,,,Fighting]Maushold||WideLens|FriendGuard|BeatUp,PopulationBomb,FollowMe,Taunt||||||50|,,,,,Ghost]Annihilape||Leftovers|Defiant|DrainPunch,RageFist,BulkUp,Protect|||F|||50|,,,,,Grass]Sinistcha||RockyHelmet|Hospitality|MatchaGotcha,LifeDew,TrickRoom,RagePowder||||||50|,,,,,Water]Porygon2||Eviolite|Download|TeraBlast,IceBeam,TrickRoom,Recover||||||50|,,,,,Fighting]Torkoal||Charcoal|Drought|Eruption,WeatherBall,Protect,ClearSmog|||F|||50|,,,,,Fire
|inactive|Battle timer is ON: inactive players will automatically lose when time's up. (requested by AsexualBillClinton)
|
|t:|1756173136
|teamsize|p1|4
|teamsize|p2|4
|start
|switch|p1a: Indeedee|Indeedee, L50, M|100/100
|switch|p1b: Volcarona|Volcarona, L50, F|100/100
|switch|p2a: Annihilape|Annihilape, L50, F|100/100
|switch|p2b: Porygon2|Porygon2, L50|100/100
|-fieldstart|move: Psychic Terrain|[from] ability: Psychic Surge|[of] p1a: Indeedee
|-ability|p2b: Porygon2|Download|boost
|-boost|p2b: Porygon2|atk|1
|turn|1
|inactive|Zurneus has 30 seconds left.
|
|t:|1756173165
|-terastallize|p1a: Indeedee|Psychic
|move|p1a: Indeedee|Expanding Force|p2a: Annihilape|[spread] p2a,p2b
|-supereffective|p2a: Annihilape
|-damage|p2a: Annihilape|0 fnt
|-damage|p2b: Porygon2|52/100
|faint|p2a: Annihilape
|move|p1b: Volcarona|Heat Wave|p2b: Porygon2
|-damage|p2b: Porygon2|7/100
|-damage|p1b: Volcarona|91/100|[from] item: Life Orb
|move|p2b: Porygon2|Trick Room|p2b: Porygon2
|-fieldstart|move: Trick Room|[of] p2b: Porygon2
|
|upkeep
|
|t:|1756173175
|switch|p2a: Mudsdale|Mudsdale, L50, M|100/100
|turn|2
|
|t:|1756173189
|move|p2a: Mudsdale|Rock Slide|p1a: Indeedee|[spread] p1a,p1b
|-supereffective|p1b: Volcarona
|-damage|p1a: Indeedee|65/100
|-damage|p1b: Volcarona|11/100
|move|p2b: Porygon2|Tera Blast|p1a: Indeedee
|-damage|p1a: Indeedee|15/100
|cant|p1b: Volcarona|flinch
|move|p1a: Indeedee|Expanding Force|p2a: Mudsdale|[spread] p2a,p2b
|-damage|p2a: Mudsdale|52/100
|-damage|p2b: Porygon2|0 fnt
|-ability|p2a: Mudsdale|Stamina|boost
|-boost|p2a: Mudsdale|def|1
|faint|p2b: Porygon2
|
|upkeep
|
|t:|1756173195
|switch|p2b: Sinistcha|Sinistcha, L50|100/100
|-heal|p2a: Mudsdale|77/100|[from] ability: Hospitality|[of] p2b: Sinistcha
|turn|3
|
|t:|1756173210
|switch|p1b: Tyranitar|Tyranitar, L50, M|100/100
|-weather|Sandstorm|[from] ability: Sand Stream|[of] p1b: Tyranitar
|switch|p1a: Amoonguss|Amoonguss, L50, M|100/100
|move|p2a: Mudsdale|Rock Slide|p1a: Amoonguss|[spread] p1a
|-miss|p2a: Mudsdale|p1b: Tyranitar
|-damage|p1a: Amoonguss|87/100
|move|p2b: Sinistcha|Matcha Gotcha|p1b: Tyranitar|[spread] p1a,p1b
|-resisted|p1a: Amoonguss
|-supereffective|p1b: Tyranitar
|-damage|p1a: Amoonguss|83/100
|-damage|p1b: Tyranitar|82/100
|-status|p1a: Amoonguss|brn
|
|-weather|Sandstorm|[upkeep]
|-damage|p1a: Amoonguss|77/100 brn|[from] Sandstorm
|-damage|p2b: Sinistcha|94/100|[from] Sandstorm
|-damage|p1a: Amoonguss|71/100 brn|[from] brn
|upkeep
|turn|4
|
|t:|1756173233
|move|p1a: Amoonguss|Spore|p2a: Mudsdale
|-status|p2a: Mudsdale|slp|[from] move: Spore
|cant|p2a: Mudsdale|slp
|move|p1b: Tyranitar|Knock Off|p2b: Sinistcha
|-supereffective|p2b: Sinistcha
|-damage|p2b: Sinistcha|16/100
|-damage|p1b: Tyranitar|66/100|[from] item: Rocky Helmet|[of] p2b: Sinistcha
|-enditem|p2b: Sinistcha|Rocky Helmet|[from] move: Knock Off|[of] p1b: Tyranitar
|move|p2b: Sinistcha|Matcha Gotcha|p1b: Tyranitar|[spread] p1b
|-miss|p2b: Sinistcha|p1a: Amoonguss
|-supereffective|p1b: Tyranitar
|-damage|p1b: Tyranitar|47/100
|-heal|p2b: Sinistcha|27/100|[from] drain|[of] p1b: Tyranitar
|
|-weather|Sandstorm|[upkeep]
|-damage|p1a: Amoonguss|65/100 brn|[from] Sandstorm
|-damage|p2b: Sinistcha|21/100|[from] Sandstorm
|-damage|p1a: Amoonguss|59/100 brn|[from] brn
|upkeep
|turn|5
|inactive|Zurneus has 30 seconds left.
|
|t:|1756173263
|move|p1a: Amoonguss|Rage Powder|p1a: Amoonguss
|-singleturn|p1a: Amoonguss|move: Rage Powder
|-curestatus|p2a: Mudsdale|slp|[msg]
|move|p2a: Mudsdale|Body Press|p1a: Amoonguss
|-resisted|p1a: Amoonguss
|-damage|p1a: Amoonguss|45/100 brn
|-enditem|p1a: Amoonguss|Sitrus Berry|[eat]
|-heal|p1a: Amoonguss|70/100 brn|[from] item: Sitrus Berry
|move|p1b: Tyranitar|Rock Slide|p2a: Mudsdale|[spread] p2a,p2b
|-resisted|p2a: Mudsdale
|-damage|p2a: Mudsdale|70/100
|-damage|p2b: Sinistcha|0 fnt
|-ability|p2a: Mudsdale|Stamina|boost
|-boost|p2a: Mudsdale|def|1
|faint|p2b: Sinistcha
|
|-weather|Sandstorm|[upkeep]
|-damage|p1a: Amoonguss|64/100 brn|[from] Sandstorm
|-damage|p1a: Amoonguss|58/100 brn|[from] brn
|-fieldend|move: Trick Room
|-fieldend|move: Psychic Terrain
|upkeep
|turn|6
|
|t:|1756173284
|move|p1b: Tyranitar|Knock Off|p2a: Mudsdale
|-damage|p2a: Mudsdale|48/100
|-ability|p2a: Mudsdale|Stamina|boost
|-boost|p2a: Mudsdale|def|1
|-enditem|p2a: Mudsdale|Assault Vest|[from] move: Knock Off|[of] p1b: Tyranitar
|move|p2a: Mudsdale|Rock Slide|p1a: Amoonguss|[spread] p1a,p1b
|-damage|p1a: Amoonguss|44/100 brn
|-damage|p1b: Tyranitar|34/100
|move|p1a: Amoonguss|Spore|p2a: Mudsdale
|-status|p2a: Mudsdale|slp|[from] move: Spore
|
|-weather|Sandstorm|[upkeep]
|-damage|p1a: Amoonguss|38/100 brn|[from] Sandstorm
|-damage|p1a: Amoonguss|32/100 brn|[from] brn
|upkeep
|turn|7
|-message|AsexualBillClinton forfeited.
|
|win|Zurneus
|raw|Zurneus's rating: 1050 → 1083(+33 for winning)
|raw|AsexualBillClinton's rating: 1060 → 1040(-20 for losing)
|l|â˜†AsexualBillClinton
|player|p2|
