|j|☆ILoveMIR
|j|☆DreamPrince
|html|ILoveMIRDreamPrince    
|uhtml|bestof|Game 2 of a best-of-3
|t:|1783716020
|gametype|doubles
|player|p1|ILoveMIR|shauntal|1437
|player|p2|DreamPrince|dahlia|1350
|gen|9
|tier|[Gen 9 Champions] VGC 2026 Reg M-B (Bo3)
|rated|
|rule|Species Clause: Limit one of each Pokémon
|rule|Item Clause: Limit 1 of each item
|clearpoke
|poke|p1|Blaziken, L50, M|
|poke|p1|Tsareena, L50, F|
|poke|p1|Talonflame, L50, F|
|poke|p1|Basculegion, L50, M|
|poke|p1|Hydreigon, L50, F|
|poke|p1|Sylveon, L50, F|
|poke|p2|Charizard, L50, F|
|poke|p2|Sneasler, L50, F|
|poke|p2|Milotic, L50, M|
|poke|p2|Wyrdeer, L50, M|
|poke|p2|Clefable, L50, F|
|poke|p2|Gholdengo, L50|
|teampreview|4
|showteam|p1|Blaziken||Blazikenite|SpeedBoost|FlareBlitz,CloseCombat,RockSlide,Detect|Adamant||M|||50|]Tsareena||WideLens|QueenlyMajesty|PowerWhip,TripleAxel,Taunt,Protect|Adamant||F|||50|]Talonflame|||GaleWings|Acrobatics,WillOWisp,Tailwind,Protect|Jolly||F|||50|]Basculegion||ChoiceScarf|Adaptability|WaveCrash,LastRespects,AquaJet,FlipTurn|Jolly||M|||50|]Hydreigon||LifeOrb|Levitate|DracoMeteor,DarkPulse,EarthPower,Protect|Modest||F|||50|]Sylveon||FairyFeather|Pixilate|HyperVoice,QuickAttack,HyperBeam,Protect|Modest||F|||50|
|showteam|p2|Charizard||CharizarditeX|Blaze|DragonDance,BreakingSwipe,TemperFlare,Protect|Adamant||F|||50|]Sneasler||FocusSash|Unburden|FakeOut,CloseCombat,GunkShot,Coaching|Jolly||F|||50|]Milotic||RindoBerry|Competitive|Coil,LifeDew,Hypnosis,MuddyWater|Sassy||M|||50|]Wyrdeer||ColburBerry|Intimidate|Gravity,Hypnosis,PsyshieldBash,TrickRoom|Careful||M|||50|]Clefable||SitrusBerry|Unaware|FollowMe,Moonblast,LifeDew,Protect|Bold||F|||50|]Gholdengo||Leftovers|GoodasGold|ShadowBall,MakeItRain,NastyPlot,Protect|Timid|||||50|
|inactive|Battle timer is ON: inactive players will automatically lose when time's up. (requested by ILoveMIR)
|inactive|ILoveMIR has 60 seconds left.
|inactive|ILoveMIR has 30 seconds left.
|
|t:|1783716082
|teamsize|p1|4
|teamsize|p2|4
|start
|switch|p1a: Sylveon|Sylveon, L50, F|100/100
|switch|p1b: Blaziken|Blaziken, L50, M|100/100
|switch|p2a: Wyrdeer|Wyrdeer, L50, M|100/100
|switch|p2b: Milotic|Milotic, L50, M|100/100
|-ability|p2a: Wyrdeer|Intimidate|boost
|-unboost|p1a: Sylveon|atk|1
|-unboost|p1b: Blaziken|atk|1
|turn|1
|inactive|DreamPrince has 30 seconds left.
|inactive|DreamPrince has 20 seconds left.
|inactive|ILoveMIR has 30 seconds left.
|inactive|DreamPrince has 15 seconds left.
|
|t:|1783716124
|detailschange|p1b: Blaziken|Blaziken-Mega, L50, M
|-mega|p1b: Blaziken|Blaziken|Blazikenite
|move|p1b: Blaziken|Rock Slide|p2b: Milotic|[spread] p2a,p2b
|-damage|p2a: Wyrdeer|81/100
|-damage|p2b: Milotic|85/100
|move|p1a: Sylveon|Hyper Voice|p2a: Wyrdeer|[spread] p2a,p2b
|-crit|p2b: Milotic
|-damage|p2a: Wyrdeer|46/100
|-damage|p2b: Milotic|44/100
|cant|p2a: Wyrdeer|flinch
|move|p2b: Milotic|Hypnosis|p1a: Sylveon
|-status|p1a: Sylveon|slp|[from] move: Hypnosis
|
|-ability|p1b: Blaziken|Speed Boost|boost
|-boost|p1b: Blaziken|spe|1
|upkeep
|turn|2
|
|t:|1783716146
|move|p1b: Blaziken|Flare Blitz|p2a: Wyrdeer
|-damage|p2a: Wyrdeer|0 fnt
|faint|p2a: Wyrdeer
|-damage|p1b: Blaziken|80/100|[from] Recoil
|cant|p1a: Sylveon|slp
|move|p2b: Milotic|Life Dew|p2b: Milotic
|-heal|p2b: Milotic|69/100
|
|-ability|p1b: Blaziken|Speed Boost|boost
|-boost|p1b: Blaziken|spe|1
|upkeep
|
|t:|1783716149
|switch|p2a: Charizard|Charizard, L50, F|100/100
|turn|3
|
|t:|1783716160
|detailschange|p2a: Charizard|Charizard-Mega-X, L50, F
|-mega|p2a: Charizard|Charizard|Charizardite X
|move|p1b: Blaziken|Rock Slide|p2b: Milotic|[spread] p2a,p2b
|-supereffective|p2a: Charizard|1
|-damage|p2a: Charizard|66/100
|-damage|p2b: Milotic|55/100
|cant|p2a: Charizard|flinch
|cant|p1a: Sylveon|slp
|move|p2b: Milotic|Muddy Water|p1a: Sylveon|[spread] p1a,p1b
|-supereffective|p1b: Blaziken|1
|-damage|p1a: Sylveon|80/100 slp
|-damage|p1b: Blaziken|18/100
|-unboost|p1a: Sylveon|accuracy|1
|-unboost|p1b: Blaziken|accuracy|1
|
|-ability|p1b: Blaziken|Speed Boost|boost
|-boost|p1b: Blaziken|spe|1
|upkeep
|turn|4
|
|t:|1783716177
|switch|p1a: Tsareena|Tsareena, L50, F|100/100
|move|p1b: Blaziken|Close Combat|p2b: Milotic
|-damage|p2b: Milotic|13/100
|-unboost|p1b: Blaziken|def|1
|-unboost|p1b: Blaziken|spd|1
|move|p2a: Charizard|Dragon Dance|p2a: Charizard
|-boost|p2a: Charizard|atk|1
|-boost|p2a: Charizard|spe|1
|move|p2b: Milotic|Life Dew|p2b: Milotic|[spread] p2a,p2b
|-heal|p2a: Charizard|92/100
|-heal|p2b: Milotic|38/100
|
|-ability|p1b: Blaziken|Speed Boost|boost
|-boost|p1b: Blaziken|spe|1
|upkeep
|turn|5
|
|t:|1783716201
|move|p1b: Blaziken|Rock Slide|p2b: Milotic|[spread] p2b
|-miss|p1b: Blaziken|p2a: Charizard
|-damage|p2b: Milotic|24/100
|move|p2a: Charizard|Breaking Swipe|p1b: Blaziken|[spread] p1a,p1b
|-damage|p1a: Tsareena|55/100
|-damage|p1b: Blaziken|0 fnt
|-unboost|p1a: Tsareena|atk|1
|faint|p1b: Blaziken
|move|p1a: Tsareena|Triple Axel|p2a: Charizard
|-damage|p2a: Charizard|88/100
|-damage|p2a: Charizard|79/100
|-damage|p2a: Charizard|66/100
|-hitcount|p2a: Charizard|3
|move|p2b: Milotic|Muddy Water|p1a: Tsareena
|-resisted|p1a: Tsareena|1
|-damage|p1a: Tsareena|40/100
|-unboost|p1a: Tsareena|accuracy|1
|
|upkeep
|
|t:|1783716213
|switch|p1b: Sylveon|Sylveon, L50, F|80/100 slp
|turn|6
|
|t:|1783716223
|switch|p1a: Hydreigon|Hydreigon, L50, F|100/100
|-curestatus|p1b: Sylveon|slp|[msg]
|move|p1b: Sylveon|Protect|p1b: Sylveon
|-singleturn|p1b: Sylveon|Protect
|move|p2a: Charizard|Temper Flare|p1b: Sylveon
|-activate|p1b: Sylveon|move: Protect
|move|p2b: Milotic|Life Dew|p2b: Milotic|[spread] p2a,p2b
|-heal|p2a: Charizard|91/100
|-heal|p2b: Milotic|49/100
|
|upkeep
|turn|7
|
|t:|1783716236
|switch|p2b: Clefable|Clefable, L50, F|100/100
|move|p2a: Charizard|Protect|p2a: Charizard
|-singleturn|p2a: Charizard|Protect
|move|p1a: Hydreigon|Draco Meteor|p2a: Charizard
|-activate|p2a: Charizard|move: Protect
|move|p1b: Sylveon|Hyper Beam|p2a: Charizard
|-activate|p2a: Charizard|move: Protect
|
|upkeep
|turn|8
|
|t:|1783716246
|move|p1b: Sylveon|Protect|p1b: Sylveon
|-singleturn|p1b: Sylveon|Protect
|move|p2b: Clefable|Follow Me|p2b: Clefable
|-singleturn|p2b: Clefable|move: Follow Me
|move|p2a: Charizard|Temper Flare|p1b: Sylveon
|-activate|p1b: Sylveon|move: Protect
|move|p1a: Hydreigon|Earth Power|p2b: Clefable
|-damage|p2b: Clefable|63/100
|-damage|p1a: Hydreigon|90/100|[from] item: Life Orb
|
|upkeep
|turn|9
|
|t:|1783716258
|move|p1b: Sylveon|Protect|p1b: Sylveon
|-singleturn|p1b: Sylveon|Protect
|move|p2b: Clefable|Follow Me|p2b: Clefable
|-singleturn|p2b: Clefable|move: Follow Me
|move|p2a: Charizard|Temper Flare|p1b: Sylveon
|-activate|p1b: Sylveon|move: Protect
|move|p1a: Hydreigon|Earth Power|p2b: Clefable
|-damage|p2b: Clefable|31/100
|-enditem|p2b: Clefable|Sitrus Berry|[eat]
|-heal|p2b: Clefable|55/100|[from] item: Sitrus Berry
|-damage|p1a: Hydreigon|81/100|[from] item: Life Orb
|
|upkeep
|turn|10
|
|t:|1783716263
|switch|p1b: Tsareena|Tsareena, L50, F|40/100
|move|p2b: Clefable|Follow Me|p2b: Clefable
|-singleturn|p2b: Clefable|move: Follow Me
|move|p2a: Charizard|Temper Flare|p1b: Tsareena
|-supereffective|p1b: Tsareena|1
|-damage|p1b: Tsareena|0 fnt
|faint|p1b: Tsareena
|move|p1a: Hydreigon|Earth Power|p2b: Clefable
|-damage|p2b: Clefable|21/100
|-damage|p1a: Hydreigon|71/100|[from] item: Life Orb
|
|upkeep
|
|t:|1783716268
|switch|p1b: Sylveon|Sylveon, L50, F|80/100
|turn|11
|
|t:|1783716277
|move|p1a: Hydreigon|Protect|p1a: Hydreigon
|-singleturn|p1a: Hydreigon|Protect
|move|p2b: Clefable|Follow Me|p2b: Clefable
|-singleturn|p2b: Clefable|move: Follow Me
|move|p2a: Charizard|Breaking Swipe|p1a: Hydreigon|[spread] 
|-activate|p1a: Hydreigon|move: Protect
|-immune|p1b: Sylveon
|move|p1b: Sylveon|Hyper Voice|p2b: Clefable|[spread] p2a,p2b
|-damage|p2a: Charizard|45/100
|-damage|p2b: Clefable|0 fnt
|faint|p2b: Clefable
|
|upkeep
|
|t:|1783716279
|switch|p2b: Milotic|Milotic, L50, M|49/100
|turn|12
|
|t:|1783716294
|move|p2a: Charizard|Temper Flare|p1b: Sylveon
|-crit|p1b: Sylveon
|-damage|p1b: Sylveon|0 fnt
|faint|p1b: Sylveon
|move|p1a: Hydreigon|Earth Power|p2a: Charizard
|-supereffective|p2a: Charizard|1
|-damage|p2a: Charizard|0 fnt
|faint|p2a: Charizard
|-damage|p1a: Hydreigon|62/100|[from] item: Life Orb
|move|p2b: Milotic|Hypnosis|p1a: Hydreigon
|-status|p1a: Hydreigon|slp|[from] move: Hypnosis
|
|upkeep
|turn|13
|
|t:|1783716301
|cant|p1a: Hydreigon|slp
|move|p2b: Milotic|Life Dew|p2b: Milotic
|-heal|p2b: Milotic|74/100
|
|upkeep
|turn|14
|
|t:|1783716304
|cant|p1a: Hydreigon|slp
|move|p2b: Milotic|Life Dew|p2b: Milotic
|-heal|p2b: Milotic|99/100
|
|upkeep
|turn|15
|
|t:|1783716307
|-curestatus|p1a: Hydreigon|slp|[msg]
|move|p1a: Hydreigon|Dark Pulse|p2b: Milotic
|-damage|p2b: Milotic|58/100
|-damage|p1a: Hydreigon|52/100|[from] item: Life Orb
|move|p2b: Milotic|Hypnosis|p1a: Hydreigon
|-status|p1a: Hydreigon|slp|[from] move: Hypnosis
|
|upkeep
|turn|16
|
|t:|1783716314
|cant|p1a: Hydreigon|slp
|move|p2b: Milotic|Muddy Water|p1a: Hydreigon
|-resisted|p1a: Hydreigon|1
|-damage|p1a: Hydreigon|33/100 slp
|
|upkeep
|turn|17
|
|t:|1783716317
|cant|p1a: Hydreigon|slp
|move|p2b: Milotic|Life Dew|p2b: Milotic
|-heal|p2b: Milotic|83/100
|
|upkeep
|turn|18
|
|t:|1783716324
|-curestatus|p1a: Hydreigon|slp|[msg]
|move|p1a: Hydreigon|Dark Pulse|p2b: Milotic
|-damage|p2b: Milotic|43/100
|-damage|p1a: Hydreigon|23/100|[from] item: Life Orb
|move|p2b: Milotic|Muddy Water|p1a: Hydreigon
|-resisted|p1a: Hydreigon|1
|-damage|p1a: Hydreigon|4/100
|
|upkeep
|turn|19
|
|t:|1783716333
|move|p1a: Hydreigon|Draco Meteor|p2b: Milotic|[miss]
|-miss|p1a: Hydreigon|p2b: Milotic
|move|p2b: Milotic|Muddy Water|p1a: Hydreigon
|-resisted|p1a: Hydreigon|1
|-damage|p1a: Hydreigon|0 fnt
|faint|p1a: Hydreigon
|
|win|DreamPrince
