|j|☆x-demon18
|j|☆babysha
|html|x-demon18babysha    
|uhtml|bestof|Game 1 of a best-of-3
|t:|1783891566
|gametype|doubles
|player|p1|x-demon18|266|1172
|player|p2|babysha|102|1163
|gen|9
|tier|[Gen 9 Champions] VGC 2026 Reg M-B (Bo3)
|rated|
|rule|Species Clause: Limit one of each Pokémon
|rule|Item Clause: Limit 1 of each item
|clearpoke
|poke|p1|Incineroar, L50, F|
|poke|p1|Rotom-Wash, L50|
|poke|p1|Venusaur, L50, M|
|poke|p1|Garchomp, L50, M|
|poke|p1|Sylveon, L50, F|
|poke|p1|Corviknight, L50, M|
|poke|p2|Sneasler, L50, M|
|poke|p2|Floette-Eternal, L50, F|
|poke|p2|Aerodactyl, L50, F|
|poke|p2|Pelipper, L50, M|
|poke|p2|Sceptile, L50, M|
|poke|p2|Lycanroc-Dusk, L50, F|
|teampreview|4
|showteam|p1|Incineroar||ExpertBelt|Intimidate|FakeOut,TemperFlare,ThroatChop,PartingShot|Adamant||F|||50|]Rotom-Wash||SitrusBerry|Levitate|HydroPump,Electroweb,WillOWisp,VoltSwitch|Modest|||||50|]Venusaur||Venusaurite|Chlorophyll|GigaDrain,SludgeBomb,EarthPower,Protect|Modest||M|||50|]Garchomp||LifeOrb|RoughSkin|RockSlide,DragonClaw,StompingTantrum,Protect|Jolly||M|||50|]Sylveon||FairyFeather|Pixilate|HyperVoice,QuickAttack,Yawn,Detect|Modest||F|||50|]Corviknight||OccaBerry|MirrorArmor|Tailwind,BraveBird,IronHead,BodyPress|Careful||M|||50|
|showteam|p2|Sneasler||WhiteHerb|Unburden|FakeOut,DireClaw,CloseCombat,Protect|Jolly||M|||50|]Floette-Eternal||Floettite|FlowerVeil|CalmMind,LightofRuin,Moonblast,Protect|Timid||F|||50|]Aerodactyl||WideLens|Unnerve|Tailwind,DualWingbeat,RockSlide,WideGuard|Jolly||F|||50|]Pelipper||SharpBeak|Drizzle|Tailwind,Hurricane,WeatherBall,WideGuard|Modest||M|||50|]Sceptile||Sceptilite|Overgrow|GigaDrain,DragonPulse,EarthPower,Protect|Timid||M|||50|]Lycanroc-Dusk||FocusSash|ToughClaws|Accelerock,CloseCombat,RockSlide,Protect|Jolly||F|||50|
|inactive|Battle timer is ON: inactive players will automatically lose when time's up. (requested by babysha)
|inactive|x-demon18 has 60 seconds left.
|inactive|babysha has 60 seconds left.
|inactive|x-demon18 has 30 seconds left.
|
|t:|1783891633
|teamsize|p1|4
|teamsize|p2|4
|start
|switch|p1a: Griffith|Corviknight, L50, M|100/100
|switch|p1b: HydroVolt|Rotom-Wash, L50|100/100
|switch|p2a: Sceptile|Sceptile, L50, M|100/100
|switch|p2b: Sneasler|Sneasler, L50, M|100/100
|turn|1
|
|t:|1783891654
|detailschange|p2a: Sceptile|Sceptile-Mega, L50, M
|-mega|p2a: Sceptile|Sceptile|Sceptilite
|move|p2b: Sneasler|Fake Out|p1a: Griffith
|-resisted|p1a: Griffith|1
|-damage|p1a: Griffith|93/100
|move|p2a: Sceptile|Giga Drain|p1b: HydroVolt
|-supereffective|p1b: HydroVolt|1
|-damage|p1b: HydroVolt|11/100
|-enditem|p1b: HydroVolt|Sitrus Berry|[eat]
|-heal|p1b: HydroVolt|36/100|[from] item: Sitrus Berry
|move|p1b: HydroVolt|Will-O-Wisp|p2b: Sneasler
|-status|p2b: Sneasler|brn
|cant|p1a: Griffith|flinch
|
|-damage|p2b: Sneasler|94/100 brn|[from] brn
|upkeep
|turn|2
|inactive|babysha has 30 seconds left.
|
|t:|1783891683
|switch|p2b: Pelipper|Pelipper, L50, M|100/100
|-weather|RainDance|[from] ability: Drizzle|[of] p2b: Pelipper
|switch|p1b: Yggdrasil|Venusaur, L50, M|100/100
|move|p2a: Sceptile|Earth Power|p1b: Yggdrasil
|-damage|p1b: Yggdrasil|64/100
|move|p1a: Griffith|Tailwind|p1a: Griffith
|-sidestart|p1: x-demon18|move: Tailwind
|
|-weather|RainDance|[upkeep]
|upkeep
|turn|3
|inactive|babysha has 30 seconds left.
|
|t:|1783891709
|detailschange|p1b: Yggdrasil|Venusaur-Mega, L50, M
|-mega|p1b: Yggdrasil|Venusaur|Venusaurite
|move|p2a: Sceptile|Protect|p2a: Sceptile
|-singleturn|p2a: Sceptile|Protect
|move|p1b: Yggdrasil|Sludge Bomb|p2b: Pelipper
|-damage|p2b: Pelipper|25/100
|move|p1a: Griffith|Iron Head|p2b: Pelipper
|-resisted|p2b: Pelipper|1
|-damage|p2b: Pelipper|8/100
|move|p2b: Pelipper|Hurricane|p1b: Yggdrasil
|-supereffective|p1b: Yggdrasil|1
|-damage|p1b: Yggdrasil|0 fnt
|faint|p1b: Yggdrasil
|
|-weather|RainDance|[upkeep]
|upkeep
|
|t:|1783891729
|switch|p1b: Frieren|Sylveon, L50, F|100/100
|turn|4
|
|t:|1783891748
|switch|p2a: Sneasler|Sneasler, L50, M|94/100 brn
|move|p2b: Pelipper|Wide Guard|p2b: Pelipper
|-singleturn|p2b: Pelipper|Wide Guard
|move|p1a: Griffith|Brave Bird|p2a: Sneasler
|-supereffective|p2a: Sneasler|1
|-damage|p2a: Sneasler|0 fnt
|faint|p2a: Sneasler
|-damage|p1a: Griffith|68/100|[from] Recoil
|move|p1b: Frieren|Hyper Voice|p2b: Pelipper
|-activate|p2b: Pelipper|move: Wide Guard
|
|-weather|RainDance|[upkeep]
|upkeep
|
|t:|1783891761
|switch|p2a: Floette|Floette-Eternal, L50, F|100/100
|turn|5
|
|t:|1783891773
|move|p2a: Floette|Protect|p2a: Floette
|-singleturn|p2a: Floette|Protect
|move|p1b: Frieren|Quick Attack|p2b: Pelipper
|-damage|p2b: Pelipper|0 fnt
|faint|p2b: Pelipper
|move|p1a: Griffith|Iron Head|p2a: Floette
|-activate|p2a: Floette|move: Protect
|
|-weather|RainDance|[upkeep]
|-sideend|p1: x-demon18|move: Tailwind
|upkeep
|
|t:|1783891778
|switch|p2b: Sceptile|Sceptile-Mega, L50, M|100/100
|turn|6
|inactive|x-demon18 has 30 seconds left.
|
|t:|1783891807
|move|p1b: Frieren|Detect|p1b: Frieren
|-singleturn|p1b: Frieren|Protect
|move|p2b: Sceptile|Dragon Pulse|p1a: Griffith
|-resisted|p1a: Griffith|1
|-damage|p1a: Griffith|48/100
|move|p2a: Floette|Light of Ruin|p1a: Griffith
|-resisted|p1a: Griffith|1
|-damage|p1a: Griffith|20/100y
|-damage|p2a: Floette|82/100|[from] Recoil
|move|p1a: Griffith|Tailwind|p1a: Griffith
|-sidestart|p1: x-demon18|move: Tailwind
|
|-weather|none
|upkeep
|turn|7
|inactive|babysha has 30 seconds left.
|
|t:|1783891833
|move|p2b: Sceptile|Protect|p2b: Sceptile
|-singleturn|p2b: Sceptile|Protect
|move|p1a: Griffith|Brave Bird|p2b: Sceptile
|-activate|p2b: Sceptile|move: Protect
|move|p1b: Frieren|Hyper Voice|p2b: Sceptile|[spread] p2a
|-activate|p2b: Sceptile|move: Protect
|-damage|p2a: Floette|43/100
|move|p2a: Floette|Moonblast|p1a: Griffith
|-resisted|p1a: Griffith|1
|-damage|p1a: Griffith|0 fnt
|faint|p1a: Griffith
|
|upkeep
|
|t:|1783891847
|switch|p1a: HydroVolt|Rotom-Wash, L50|36/100
|turn|8
|
|t:|1783891868
|move|p2b: Sceptile|Protect||[still]
|-fail|p2b: Sceptile
|move|p1a: HydroVolt|Electroweb|p2b: Sceptile|[spread] p2a
|-ability|p2b: Sceptile|Lightning Rod|boost
|-boost|p2b: Sceptile|spa|1
|-damage|p2a: Floette|25/100
|-unboost|p2a: Floette|spe|1
|move|p1b: Frieren|Hyper Voice|p2b: Sceptile|[spread] p2a,p2b
|-supereffective|p2b: Sceptile|1
|-damage|p2a: Floette|0 fnt
|-damage|p2b: Sceptile|0 fnt
|faint|p2a: Floette
|faint|p2b: Sceptile
|
|win|x-demon18
||babysha is ready for game 2.
|inactive|x-demon18 has 30 seconds to confirm battle start!
