|j|☆blizzardspamming
|j|☆basmati
|html|blizzardspammingbasmati    
|uhtml|bestof|Game 2 of a best-of-3
|t:|1784042741
|gametype|doubles
|player|p1|blizzardspamming|clair|1208
|player|p2|basmati|102|1079
|gen|9
|tier|[Gen 9 Champions] VGC 2026 Reg M-B (Bo3)
|rated|
|rule|Species Clause: Limit one of each Pokémon
|rule|Item Clause: Limit 1 of each item
|clearpoke
|poke|p1|Gengar, L50, M|
|poke|p1|Ninetales-Alola, L50, F|
|poke|p1|Incineroar, L50, M|
|poke|p1|Palafin, L50, M|
|poke|p1|Sneasler, L50, M|
|poke|p1|Hydreigon, L50, M|
|poke|p2|Grimmsnarl, L50, M, shiny|
|poke|p2|Charizard, L50, F|
|poke|p2|Gengar, L50, M, shiny|
|poke|p2|Volcarona, L50, F, shiny|
|poke|p2|Incineroar, L50, F|
|poke|p2|Toxapex, L50, M, shiny|
|teampreview|4
|showteam|p1|Gengar||Gengarite|CursedBody|ShadowBall,SludgeBomb,Disable,Protect|Modest||M|||50|]Ninetales-Alola||OccaBerry|SnowWarning|Blizzard,FreezeDry,Encore,Protect|Timid||F|||50|]Incineroar||SitrusBerry|Intimidate|FakeOut,FlareBlitz,DarkestLariat,PartingShot|Sassy||M|||50|]Palafin||MysticWater|ZerotoHero|JetPunch,WaveCrash,CloseCombat,Protect|Careful||M|||50|]Sneasler||FocusSash|PoisonTouch|FakeOut,CloseCombat,DireClaw,QuickGuard|Jolly||M|||50|]Hydreigon||LifeOrb|Levitate|DracoMeteor,DarkPulse,EarthPower,Protect|Modest||M|||50|
|showteam|p2|Grimmsnarl||LightClay|Prankster|PartingShot,LightScreen,Reflect,FakeOut|Careful||M|||50|]Charizard||CharizarditeX|Blaze|DragonClaw,DragonDance,FlareBlitz,Protect|Adamant||F|||50|]Gengar||Gengarite|CursedBody|ShadowBall,Protect,SludgeBomb,DestinyBond|Timid||M|||50|]Volcarona||Leftovers|FlameBody|QuiverDance,StruggleBug,HeatWave,Protect|Bold||F|||50|]Incineroar||ChopleBerry|Intimidate|FakeOut,PartingShot,FlareBlitz,ThroatChop|Adamant||F|||50|]Toxapex||BrightPowder|Regenerator|Infestation,Toxic,BanefulBunker,WideGuard|Bold||M|||50|
|
|t:|1784042759
|teamsize|p1|4
|teamsize|p2|4
|start
|switch|p1a: Sneasler|Sneasler, L50, M|100/100
|switch|p1b: Hydreigon|Hydreigon, L50, M|100/100
|switch|p2a: Toxapex|Toxapex, L50, M, shiny|100/100
|switch|p2b: Grimmsnarl|Grimmsnarl, L50, M, shiny|100/100
|turn|1
|
|t:|1784042772
|move|p1a: Sneasler|Fake Out|p2b: Grimmsnarl
|-damage|p2b: Grimmsnarl|80/100
|cant|p2b: Grimmsnarl|flinch
|move|p1b: Hydreigon|Earth Power|p2b: Grimmsnarl
|-damage|p2b: Grimmsnarl|48/100
|-damage|p1b: Hydreigon|90/100|[from] item: Life Orb
|move|p2a: Toxapex|Infestation|p1b: Hydreigon
|-supereffective|p1b: Hydreigon|1
|-damage|p1b: Hydreigon|82/100
|-activate|p1b: Hydreigon|move: Infestation|[of] p2a: Toxapex
|
|-damage|p1b: Hydreigon|70/100|[from] move: Infestation|[partiallytrapped]
|upkeep
|turn|2
|
|t:|1784042784
|move|p2b: Grimmsnarl|Parting Shot|p1a: Sneasler
|-unboost|p1a: Sneasler|atk|1
|-unboost|p1a: Sneasler|spa|1
|
|t:|1784042789
|switch|p2b: Incineroar|Incineroar, L50, F|100/100|[from] Parting Shot
|-ability|p2b: Incineroar|Intimidate|boost
|-unboost|p1a: Sneasler|atk|1
|-unboost|p1b: Hydreigon|atk|1
|move|p1a: Sneasler|Dire Claw|p2b: Incineroar
|-damage|p2b: Incineroar|80/100
|-status|p2b: Incineroar|slp
|move|p1b: Hydreigon|Earth Power|p2a: Toxapex
|-supereffective|p2a: Toxapex|1
|-damage|p2a: Toxapex|23/100
|-unboost|p2a: Toxapex|spd|1
|-damage|p1b: Hydreigon|60/100|[from] item: Life Orb
|move|p2a: Toxapex|Infestation|p1a: Sneasler
|-resisted|p1a: Sneasler|2
|-damage|p1a: Sneasler|99/100
|-activate|p1a: Sneasler|move: Infestation|[of] p2a: Toxapex
|
|-damage|p1a: Sneasler|87/100|[from] move: Infestation|[partiallytrapped]
|-damage|p1b: Hydreigon|48/100|[from] move: Infestation|[partiallytrapped]
|upkeep
|turn|3
|
|t:|1784042829
|-heal|p2a: Toxapex|56/100|[from] ability: Regenerator|[silent]
|switch|p2a: Grimmsnarl|Grimmsnarl, L50, M, shiny|48/100
|move|p1a: Sneasler|Dire Claw|p2a: Grimmsnarl
|-supereffective|p2a: Grimmsnarl|1
|-damage|p2a: Grimmsnarl|0 fnt
|faint|p2a: Grimmsnarl
|move|p1b: Hydreigon|Earth Power|p2b: Incineroar
|-supereffective|p2b: Incineroar|1
|-damage|p2b: Incineroar|0 fnt
|faint|p2b: Incineroar
|-damage|p1b: Hydreigon|38/100|[from] item: Life Orb
|
|-end|p1a: Sneasler|Infestation|[partiallytrapped]|[silent]
|-end|p1b: Hydreigon|Infestation|[partiallytrapped]|[silent]
|upkeep
|
|t:|1784042839
|switch|p2b: Toxapex|Toxapex, L50, M, shiny|56/100
|switch|p2a: Gengar|Gengar, L50, M, shiny|100/100
|turn|4
|
|t:|1784042855
|switch|p1a: Incineroar|Incineroar, L50, M|100/100
|-ability|p1a: Incineroar|Intimidate|boost
|-unboost|p2a: Gengar|atk|1
|-unboost|p2b: Toxapex|atk|1
|switch|p1b: Gengar|Gengar, L50, M|100/100
|detailschange|p2a: Gengar|Gengar-Mega, L50, M, shiny
|-mega|p2a: Gengar|Gengar|Gengarite
|move|p2a: Gengar|Protect|p2a: Gengar
|-singleturn|p2a: Gengar|Protect
|move|p2b: Toxapex|Infestation|p1b: Gengar
|-resisted|p1b: Gengar|2
|-damage|p1b: Gengar|99/100
|-activate|p1b: Gengar|move: Infestation|[of] p2b: Toxapex
|-start|p2b: Toxapex|Disable|Infestation|[from] ability: Cursed Body|[of] p1b: Gengar
|
|-damage|p1b: Gengar|87/100|[from] move: Infestation|[partiallytrapped]
|upkeep
|turn|5
|l|☆basmati
|player|p2|
|inactive|Battle timer is ON: inactive players will automatically lose when time's up. (requested by blizzardspamming)
|inactive|basmati has 30 seconds to reconnect!
|inactive|basmati has 20 seconds to reconnect!
|inactive|basmati has 15 seconds to reconnect!
|inactive|basmati has 10 seconds to reconnect!
|inactive|basmati has 5 seconds to reconnect!
|-message|basmati lost due to inactivity.
|
|win|blizzardspamming
|raw|blizzardspamming's rating: 1208 → 1224(+16 for winning)
|raw|basmati's rating: 1079 → 1065(-14 for losing)
