|j|☆Purgatory12
|j|☆TrashTest6116
|html|Purgatory12TrashTest6116    
|uhtml|bestof|Game 1 of a best-of-3
|t:|1784565499
|gametype|doubles
|player|p1|Purgatory12|266|1270
|player|p2|TrashTest6116|colress|1157
|gen|9
|tier|[Gen 9 Champions] VGC 2026 Reg M-B (Bo3)
|rated|
|rule|Species Clause: Limit one of each Pokémon
|rule|Item Clause: Limit 1 of each item
|clearpoke
|poke|p1|Whimsicott, L50, F|
|poke|p1|Raichu, L50, M|
|poke|p1|Staraptor, L50, M|
|poke|p1|Farigiraf, L50, M|
|poke|p1|Basculegion, L50, M|
|poke|p1|Kingambit, L50, F|
|poke|p2|Garchomp, L50, M|
|poke|p2|Venusaur, L50, F|
|poke|p2|Incineroar, L50, M|
|poke|p2|Charizard, L50, M|
|poke|p2|Toxapex, L50, F|
|poke|p2|Annihilape, L50, F|
|teampreview|4
|showteam|p1|Whimsicott||FairyFeather|Prankster|Moonblast,Tailwind,Protect,Encore|Timid||F|||50|]Raichu||RaichuniteY|LightningRod|Protect,ZapCannon,FocusBlast,GrassKnot|Timid||M|||50|]Staraptor||Staraptite|Intimidate|CloseCombat,BraveBird,BlazeKick,Protect|Adamant||M|||50|]Farigiraf||SitrusBerry|ArmorTail|TwinBeam,TrickRoom,HelpingHand,HyperVoice|Bold||M|||50|]Basculegion||LifeOrb|Adaptability|WaveCrash,LastRespects,Protect,AquaJet|Jolly||M|||50|]Kingambit||FocusSash|Defiant|KowtowCleave,SuckerPunch,IronHead,LowKick|Adamant||F|||50|
|showteam|p2|Garchomp||ChoiceScarf|RoughSkin|Earthquake,RockSlide,DragonClaw,StompingTantrum|Adamant||M|||50|]Venusaur||LifeOrb|Chlorophyll|SludgeBomb,SolarBeam,EarthPower,Protect|Modest||F|||50|]Incineroar||SitrusBerry|Intimidate|FakeOut,FlareBlitz,ThroatChop,PartingShot|Impish||M|||50|]Charizard||CharizarditeY|Blaze|HeatWave,WeatherBall,Protect,HelpingHand|Modest||M|||50|]Toxapex||Leftovers|Regenerator|Infestation,Toxic,WideGuard,BanefulBunker|Impish||F|||50|]Annihilape||FocusSash|Defiant|CloseCombat,PhantomForce,RockTomb,Protect|Jolly||F|||50|
|l|☆Purgatory12
|player|p1|
|j|☆Purgatory12
|player|p1|Purgatory12|266|
|inactive|Battle timer is ON: inactive players will automatically lose when time's up. (requested by TrashTest6116)
|inactive|Purgatory12 has 60 seconds left.
|
|t:|1784565629
|teamsize|p1|4
|teamsize|p2|4
|start
|switch|p1a: Whimsicott|Whimsicott, L50, F|100/100
|switch|p1b: Raichu|Raichu, L50, M|100/100
|switch|p2a: Toxapex|Toxapex, L50, F|100/100
|switch|p2b: Annihilape|Annihilape, L50, F|100/100
|turn|1
|
|t:|1784565653
|switch|p2a: Garchomp|Garchomp, L50, M|100/100
|detailschange|p1b: Raichu|Raichu-Mega-Y, L50, M
|-mega|p1b: Raichu|Raichu|Raichunite Y
|move|p1b: Raichu|Zap Cannon|p2b: Annihilape
|-damage|p2b: Annihilape|24/100
|-status|p2b: Annihilape|par
|move|p1a: Whimsicott|Moonblast|p2b: Annihilape
|-supereffective|p2b: Annihilape|1
|-damage|p2b: Annihilape|0 fnt
|faint|p2b: Annihilape
|
|upkeep
|
|t:|1784565660
|switch|p2b: Charizard|Charizard, L50, M|100/100
|turn|2
|
|t:|1784565682
|detailschange|p2b: Charizard|Charizard-Mega-Y, L50, M
|-mega|p2b: Charizard|Charizard|Charizardite Y
|-weather|SunnyDay|[from] ability: Drought|[of] p2b: Charizard
|move|p1b: Raichu|Protect|p1b: Raichu
|-singleturn|p1b: Raichu|Protect
|move|p1a: Whimsicott|Tailwind|p1a: Whimsicott
|-sidestart|p1: Purgatory12|move: Tailwind
|move|p2a: Garchomp|Earthquake|p1b: Raichu|[spread] p1a
|-activate|p1b: Raichu|move: Protect
|-immune|p2b: Charizard
|-resisted|p1a: Whimsicott|1
|-damage|p1a: Whimsicott|66/100
|move|p2b: Charizard|Weather Ball|p1a: Whimsicott
|-supereffective|p1a: Whimsicott|1
|-damage|p1a: Whimsicott|0 fnt
|faint|p1a: Whimsicott
|
|-weather|SunnyDay|[upkeep]
|upkeep
|
|t:|1784565705
|switch|p1a: Staraptor|Staraptor, L50, M|100/100
|-ability|p1a: Staraptor|Intimidate|boost
|-unboost|p2a: Garchomp|atk|1
|-unboost|p2b: Charizard|atk|1
|turn|3
|
|t:|1784565716
|move|p2b: Charizard|Protect|p2b: Charizard
|-singleturn|p2b: Charizard|Protect
|move|p1b: Raichu|Zap Cannon|p2b: Charizard
|-activate|p2b: Charizard|move: Protect
|move|p1a: Staraptor|Brave Bird|p2a: Garchomp
|-damage|p2a: Garchomp|42/100
|-damage|p1a: Staraptor|87/100|[from] ability: Rough Skin|[of] p2a: Garchomp
|-damage|p1a: Staraptor|64/100|[from] Recoil
|move|p2a: Garchomp|Earthquake|p1a: Staraptor|[spread] p1b
|-activate|p2b: Charizard|move: Protect
|-immune|p1a: Staraptor
|-supereffective|p1b: Raichu|1
|-damage|p1b: Raichu|0 fnt
|faint|p1b: Raichu
|
|-weather|SunnyDay|[upkeep]
|upkeep
|
|t:|1784565721
|switch|p1b: Basculegion|Basculegion, L50, M|100/100
|turn|4
|
|t:|1784565735
|switch|p2b: Toxapex|Toxapex, L50, F|100/100
|move|p1a: Staraptor|Brave Bird|p2b: Toxapex
|-damage|p2b: Toxapex|53/100
|-damage|p1a: Staraptor|49/100|[from] Recoil
|move|p1b: Basculegion|Last Respects|p2b: Toxapex
|-damage|p2b: Toxapex|0 fnt
|faint|p2b: Toxapex
|-damage|p1b: Basculegion|90/100|[from] item: Life Orb
|move|p2a: Garchomp|Earthquake|p1b: Basculegion|[spread] p1b
|-immune|p1a: Staraptor
|-damage|p1b: Basculegion|52/100
|
|-weather|SunnyDay|[upkeep]
|upkeep
|
|t:|1784565736
|switch|p2b: Charizard|Charizard-Mega-Y, L50, M|100/100
|turn|5
|
|t:|1784565755
|move|p2b: Charizard|Protect|p2b: Charizard
|-singleturn|p2b: Charizard|Protect
|move|p1a: Staraptor|Brave Bird|p2a: Garchomp
|-damage|p2a: Garchomp|0 fnt
|-damage|p1a: Staraptor|37/100|[from] ability: Rough Skin|[of] p2a: Garchomp
|faint|p2a: Garchomp
|-damage|p1a: Staraptor|20/100y|[from] Recoil
|move|p1b: Basculegion|Last Respects|p2b: Charizard
|-activate|p2b: Charizard|move: Protect
|
|-weather|SunnyDay|[upkeep]
|-sideend|p1: Purgatory12|move: Tailwind
|upkeep
|turn|6
|
|t:|1784565778
|move|p1a: Staraptor|Brave Bird|p2b: Charizard
|-damage|p2b: Charizard|32/100
|-damage|p1a: Staraptor|0 fnt|[from] Recoil
|faint|p1a: Staraptor
|move|p1b: Basculegion|Last Respects|p2b: Charizard
|-damage|p2b: Charizard|0 fnt
|faint|p2b: Charizard
|-damage|p1b: Basculegion|42/100|[from] item: Life Orb
|
|win|Purgatory12
