|j|☆edhen
|j|☆meance
|html|edhenmeance    
|uhtml|bestof|Game 3 of a best-of-3
|t:|1757006289
|gametype|doubles
|player|p1|edhen|clair|1230
|player|p2|meance|102|1175
|gen|9
|tier|[Gen 9] VGC 2025 Reg H (Bo3)
|rated|
|rule|Species Clause: Limit one of each Pokémon
|rule|Item Clause: Limit 1 of each item
|clearpoke
|poke|p1|Pelipper, L50, F|
|poke|p1|Archaludon, L50, F|
|poke|p1|Comfey, L50, M|
|poke|p1|Rillaboom, L50, F|
|poke|p1|Dragonite, L50, M|
|poke|p1|Maushold, L50|
|poke|p2|Ursaluna, L50, F|
|poke|p2|Hawlucha, L50, F|
|poke|p2|Rillaboom, L50, F|
|poke|p2|Dragonite, L50, F|
|poke|p2|Annihilape, L50, M|
|poke|p2|Incineroar, L50, M|
|teampreview|4
|showteam|p1|Pelipper||FocusSash|Drizzle|MuddyWater,Hurricane,Tailwind,Protect|||F|||50|,,,,,Ghost]Archaludon||AssaultVest|Stamina|ElectroShot,BodyPress,FlashCannon,DragonPulse|||F|||50|,,,,,Grass]Comfey||WikiBerry|Triage|Protect,FloralHealing,DrainingKiss,Taunt|||M|||50|,,,,,Steel]Rillaboom||MiracleSeed|GrassySurge|WoodHammer,GrassyGlide,FakeOut,Uturn|||F|||50|,,,,,Fire]Dragonite||LoadedDice|Multiscale|ScaleShot,Haze,StompingTantrum,ExtremeSpeed|||M|||50|,,,,,Fairy]Maushold||WideLens|Technician|Protect,BeatUp,FollowMe,PopulationBomb||||||50|,,,,,Ghost
|showteam|p2|Ursaluna||FlameOrb|Guts|Facade,HeadlongRush,Earthquake,Protect|||F|||50|,,,,,Ghost]Hawlucha||GrassySeed|Unburden|Acrobatics,Coaching,Taunt,CloseCombat|||F|||50|,,,,,Stellar]Rillaboom||AssaultVest|GrassySurge|WoodHammer,GrassyGlide,FakeOut,HighHorsepower|||F|||50|,,,,,Fire]Dragonite||LoadedDice|Multiscale|Haze,ScaleShot,Protect,Tailwind|||F|||50|,,,,,Steel]Annihilape||Leftovers|Defiant|DrainPunch,BulkUp,RageFist,Protect|||M|||50|,,,,,Water]Incineroar||SafetyGoggles|Intimidate|KnockOff,FlareBlitz,FakeOut,PartingShot|||M|||50|,,,,,Water
|inactive|Battle timer is ON: inactive players will automatically lose when time's up. (requested by meance)
|
|t:|1757006333
|teamsize|p1|4
|teamsize|p2|4
|start
|switch|p1a: Rillaboom|Rillaboom, L50, F|100/100
|switch|p1b: Archaludon|Archaludon, L50, F|100/100
|switch|p2a: Dragonite|Dragonite, L50, F, shiny|100/100
|switch|p2b: Ursaluna|Ursaluna, L50, F|100/100
|-fieldstart|move: Grassy Terrain|[from] ability: Grassy Surge|[of] p1a: Rillaboom
|turn|1
|inactive|edhen has 30 seconds left.
|inactive|meance has 30 seconds left.
|
|t:|1757006367
|switch|p1b: Pelipper|Pelipper, L50, F|100/100
|-weather|RainDance|[from] ability: Drizzle|[of] p1b: Pelipper
|move|p2a: Dragonite|Protect|p2a: Dragonite
|-singleturn|p2a: Dragonite|Protect
|move|p2b: Ursaluna|Protect|p2b: Ursaluna
|-singleturn|p2b: Ursaluna|Protect
|move|p1a: Rillaboom|Fake Out|p2a: Dragonite
|-activate|p2a: Dragonite|move: Protect
|
|-weather|RainDance|[upkeep]
|-status|p2b: Ursaluna|brn|[from] item: Flame Orb
|upkeep
|turn|2
|inactive|edhen has 30 seconds left.
|inactive|edhen has 20 seconds left.
|
|t:|1757006403
|switch|p1a: Maushold|Maushold, L50|100/100
|-terastallize|p2b: Ursaluna|Ghost
|move|p2a: Dragonite|Scale Shot|p1b: Pelipper
|-damage|p1b: Pelipper|84/100
|-damage|p1b: Pelipper|67/100
|-damage|p1b: Pelipper|48/100
|-damage|p1b: Pelipper|32/100
|-damage|p1b: Pelipper|14/100
|-hitcount|p1b: Pelipper|5
|-unboost|p2a: Dragonite|def|1
|-boost|p2a: Dragonite|spe|1
|move|p1b: Pelipper|Tailwind|p1b: Pelipper
|-sidestart|p1: edhen|move: Tailwind
|move|p2b: Ursaluna|Facade|p1a: Maushold
|-crit|p1a: Maushold
|-damage|p1a: Maushold|0 fnt
|faint|p1a: Maushold
|
|-weather|RainDance|[upkeep]
|-damage|p2b: Ursaluna|95/100 brn|[from] brn
|upkeep
|
|t:|1757006424
|switch|p1a: Rillaboom|Rillaboom, L50, F|100/100
|turn|3
|
|t:|1757006438
|move|p2b: Ursaluna|Protect|p2b: Ursaluna
|-singleturn|p2b: Ursaluna|Protect
|move|p1a: Rillaboom|Wood Hammer|p2b: Ursaluna
|-activate|p2b: Ursaluna|move: Protect
|move|p1b: Pelipper|Muddy Water|p2b: Ursaluna|[spread] p2a
|-activate|p2b: Ursaluna|move: Protect
|-resisted|p2a: Dragonite
|-damage|p2a: Dragonite|88/100
|move|p2a: Dragonite|Tailwind|p2a: Dragonite
|-sidestart|p2: meance|move: Tailwind
|
|-weather|RainDance|[upkeep]
|-heal|p2b: Ursaluna|100/100 brn|[from] Grassy Terrain
|-damage|p2b: Ursaluna|95/100 brn|[from] brn
|upkeep
|turn|4
|
|t:|1757006454
|switch|p2b: Rillaboom|Rillaboom, L50, F|100/100
|move|p1b: Pelipper|Protect|p1b: Pelipper
|-singleturn|p1b: Pelipper|Protect
|move|p2a: Dragonite|Scale Shot|p1a: Rillaboom
|-crit|p1a: Rillaboom
|-damage|p1a: Rillaboom|80/100
|-damage|p1a: Rillaboom|67/100
|-damage|p1a: Rillaboom|53/100
|-damage|p1a: Rillaboom|38/100
|-hitcount|p1a: Rillaboom|4
|-unboost|p2a: Dragonite|def|1
|-boost|p2a: Dragonite|spe|1
|move|p1a: Rillaboom|Wood Hammer|p2b: Rillaboom
|-resisted|p2b: Rillaboom
|-damage|p2b: Rillaboom|48/100
|-damage|p1a: Rillaboom|19/100|[from] Recoil
|
|-weather|RainDance|[upkeep]
|-heal|p1a: Rillaboom|25/100|[from] Grassy Terrain
|-heal|p2b: Rillaboom|54/100|[from] Grassy Terrain
|upkeep
|turn|5
|inactive|meance has 30 seconds left.
|inactive|meance has 20 seconds left.
|
|t:|1757006494
|switch|p1b: Archaludon|Archaludon, L50, F|100/100
|move|p2b: Rillaboom|Fake Out|p1a: Rillaboom
|-damage|p1a: Rillaboom|9/100
|cant|p1a: Rillaboom|flinch
|move|p2a: Dragonite|Scale Shot|p1b: Archaludon
|-damage|p1b: Archaludon|91/100
|-ability|p1b: Archaludon|Stamina|boost
|-boost|p1b: Archaludon|def|1
|-damage|p1b: Archaludon|85/100
|-ability|p1b: Archaludon|Stamina|boost
|-boost|p1b: Archaludon|def|1
|-damage|p1b: Archaludon|80/100
|-ability|p1b: Archaludon|Stamina|boost
|-boost|p1b: Archaludon|def|1
|-damage|p1b: Archaludon|75/100
|-ability|p1b: Archaludon|Stamina|boost
|-boost|p1b: Archaludon|def|1
|-damage|p1b: Archaludon|71/100
|-ability|p1b: Archaludon|Stamina|boost
|-boost|p1b: Archaludon|def|1
|-hitcount|p1b: Archaludon|5
|-unboost|p2a: Dragonite|def|1
|-boost|p2a: Dragonite|spe|1
|
|-weather|none
|-heal|p1a: Rillaboom|15/100|[from] Grassy Terrain
|-heal|p2b: Rillaboom|60/100|[from] Grassy Terrain
|-heal|p1b: Archaludon|77/100|[from] Grassy Terrain
|-sideend|p1: edhen|move: Tailwind
|-fieldend|move: Grassy Terrain
|upkeep
|turn|6
|
|t:|1757006511
|switch|p1a: Pelipper|Pelipper, L50, F|14/100
|-weather|RainDance|[from] ability: Drizzle|[of] p1a: Pelipper
|move|p2a: Dragonite|Haze|p2a: Dragonite
|-clearallboost
|move|p2b: Rillaboom|Wood Hammer|p1a: Pelipper
|-damage|p1a: Pelipper|0 fnt
|faint|p1a: Pelipper
|-damage|p2b: Rillaboom|56/100|[from] Recoil
|move|p1b: Archaludon|Electro Shot||[still]
|-prepare|p1b: Archaludon|Electro Shot
|-boost|p1b: Archaludon|spa|1
|-anim|p1b: Archaludon|Electro Shot|p2a: Dragonite
|-damage|p2a: Dragonite|21/100
|
|-weather|RainDance|[upkeep]
|-sideend|p2: meance|move: Tailwind
|upkeep
|
|t:|1757006519
|switch|p1a: Rillaboom|Rillaboom, L50, F|15/100
|-fieldstart|move: Grassy Terrain|[from] ability: Grassy Surge|[of] p1a: Rillaboom
|turn|7
|
|t:|1757006537
|move|p2a: Dragonite|Protect|p2a: Dragonite
|-singleturn|p2a: Dragonite|Protect
|move|p1a: Rillaboom|Fake Out|p2b: Rillaboom
|-damage|p2b: Rillaboom|42/100
|cant|p2b: Rillaboom|flinch
|move|p1b: Archaludon|Electro Shot||[still]
|-prepare|p1b: Archaludon|Electro Shot
|-boost|p1b: Archaludon|spa|1
|-anim|p1b: Archaludon|Electro Shot|p2a: Dragonite
|-activate|p2a: Dragonite|move: Protect
|
|-weather|RainDance|[upkeep]
|-heal|p1a: Rillaboom|21/100|[from] Grassy Terrain
|-heal|p2b: Rillaboom|48/100|[from] Grassy Terrain
|-heal|p1b: Archaludon|83/100|[from] Grassy Terrain
|upkeep
|turn|8
|
|t:|1757006554
|move|p1a: Rillaboom|Grassy Glide|p1b: Archaludon
|-resisted|p1b: Archaludon
|-damage|p1b: Archaludon|76/100
|-ability|p1b: Archaludon|Stamina|boost
|-boost|p1b: Archaludon|def|1
|move|p2a: Dragonite|Tailwind|p2a: Dragonite
|-sidestart|p2: meance|move: Tailwind
|move|p2b: Rillaboom|Wood Hammer|p1a: Rillaboom
|-resisted|p1a: Rillaboom
|-damage|p1a: Rillaboom|0 fnt
|faint|p1a: Rillaboom
|-damage|p2b: Rillaboom|41/100|[from] Recoil
|move|p1b: Archaludon|Electro Shot||[still]
|-prepare|p1b: Archaludon|Electro Shot
|-boost|p1b: Archaludon|spa|1
|-anim|p1b: Archaludon|Electro Shot|p2a: Dragonite
|-damage|p2a: Dragonite|0 fnt
|faint|p2a: Dragonite
|
|-weather|RainDance|[upkeep]
|-heal|p2b: Rillaboom|47/100|[from] Grassy Terrain
|-heal|p1b: Archaludon|82/100|[from] Grassy Terrain
|upkeep
|
|t:|1757006563
|switch|p2a: Ursaluna|Ursaluna, L50, F, tera:Ghost|95/100 brn
|turn|9
|
|t:|1757006575
|switch|p2b: Annihilape|Annihilape, L50, M|100/100
|-terastallize|p1b: Archaludon|Grass
|move|p2a: Ursaluna|Facade|p1b: Archaludon
|-damage|p1b: Archaludon|20/100
|-ability|p1b: Archaludon|Stamina|boost
|-boost|p1b: Archaludon|def|1
|move|p1b: Archaludon|Electro Shot||[still]
|-prepare|p1b: Archaludon|Electro Shot
|-boost|p1b: Archaludon|spa|1
|-anim|p1b: Archaludon|Electro Shot|p2a: Ursaluna
|-damage|p2a: Ursaluna|0 fnt
|faint|p2a: Ursaluna
|
|-weather|RainDance|[upkeep]
|-heal|p1b: Archaludon|26/100|[from] Grassy Terrain
|upkeep
|
|t:|1757006587
|switch|p2a: Rillaboom|Rillaboom, L50, F|47/100
|turn|10
|
|t:|1757006594
|move|p2a: Rillaboom|Fake Out|p1b: Archaludon
|-damage|p1b: Archaludon|21/100
|-ability|p1b: Archaludon|Stamina|boost
|-boost|p1b: Archaludon|def|1
|move|p2b: Annihilape|Drain Punch|p1b: Archaludon
|-damage|p1b: Archaludon|12/100
|-ability|p1b: Archaludon|Stamina|boost
|-boost|p1b: Archaludon|def|1
|cant|p1b: Archaludon|flinch
|
|-weather|none
|-heal|p2a: Rillaboom|53/100|[from] Grassy Terrain
|-heal|p1b: Archaludon|18/100|[from] Grassy Terrain
|upkeep
|turn|11
|
|t:|1757006604
|move|p2b: Annihilape|Drain Punch|p1b: Archaludon
|-damage|p1b: Archaludon|10/100
|-ability|p1b: Archaludon|Stamina|boost
|-boost|p1b: Archaludon|def|1
|move|p2a: Rillaboom|Wood Hammer|p1b: Archaludon
|-resisted|p1b: Archaludon
|-damage|p1b: Archaludon|2/100
|-ability|p1b: Archaludon|Stamina|boost
|-boost|p1b: Archaludon|def|1
|-damage|p2a: Rillaboom|50/100|[from] Recoil
|move|p1b: Archaludon|Dragon Pulse|p2b: Annihilape
|-damage|p2b: Annihilape|0 fnt
|faint|p2b: Annihilape
|
|-heal|p2a: Rillaboom|56/100|[from] Grassy Terrain
|-heal|p1b: Archaludon|8/100|[from] Grassy Terrain
|-sideend|p2: meance|move: Tailwind
|-fieldend|move: Grassy Terrain
|upkeep
|turn|12
|
|t:|1757006619
|move|p2a: Rillaboom|Wood Hammer|p1b: Archaludon
|-resisted|p1b: Archaludon
|-damage|p1b: Archaludon|3/100
|-damage|p2a: Rillaboom|54/100|[from] Recoil
|move|p1b: Archaludon|Dragon Pulse|p2a: Rillaboom
|-damage|p2a: Rillaboom|0 fnt
|faint|p2a: Rillaboom
|
|win|edhen
|raw|edhen's rating: 1230 → 1251(+21 for winning)
|raw|meance's rating: 1175 → 1154(-21 for losing)
|l|☆meance
|player|p2|
