|j|☆Parchesin
|j|☆vikaenjoyer
|html|Parchesinvikaenjoyer    
|uhtml|bestof|Game 3 of a best-of-3
|t:|1756213003
|gametype|doubles
|player|p1|Parchesin|1|1035
|player|p2|vikaenjoyer|102|1102
|gen|9
|tier|[Gen 9] VGC 2025 Reg H (Bo3)
|rated|
|rule|Species Clause: Limit one of each Pokémon
|rule|Item Clause: Limit 1 of each item
|clearpoke
|poke|p1|Kilowattrel, L50, F|
|poke|p1|Garchomp, L50, F|
|poke|p1|Sylveon, L50, F|
|poke|p1|Incineroar, L50, M|
|poke|p1|Smeargle, L50, M|
|poke|p1|Weezing, L50, F|
|poke|p2|Torkoal, L50, F|
|poke|p2|Whimsicott, L50, F|
|poke|p2|Incineroar, L50, F|
|poke|p2|Charizard, L50, F|
|poke|p2|Farigiraf, L50, F|
|poke|p2|Ursaluna, L50, M|
|teampreview|4
|showteam|p1|Kilowattrel||CovertCloak|Competitive|Protect,Tailwind,AirSlash,Discharge|||F|||50|,,,,,Ghost]Garchomp||LifeOrb|RoughSkin|Protect,DragonClaw,StompingTantrum,Earthquake|||F|||50|,,,,,Ground]Sylveon||Metronome|Pixilate|HyperBeam,HyperVoice,DazzlingGleam,Psychic|||F|||50|,,,,,Fairy]Incineroar||AbilityShield|Intimidate|FakeOut,FlareBlitz,KnockOff,PartingShot|||M|||50|,,,,,Grass]Smeargle||FocusSash|Moody|FakeOut,Spore,FollowMe,Decorate|||M|||50|,,,,,Ghost]Weezing||SitrusBerry|NeutralizingGas|Protect,SludgeBomb,WillOWisp,Haze|||F|||50|,,,,,Water
|showteam|p2|Torkoal||EjectPack|Drought|Protect,Eruption,Overheat,HelpingHand|||F|||50|,,,,,Fire]Whimsicott||CovertCloak|Chlorophyll|Moonblast,SunnyDay,Tailwind,Encore|||F|||50|,,,,,Water]Incineroar||SitrusBerry|Intimidate|FakeOut,FlareBlitz,KnockOff,PartingShot|||F|||50|,,,,,Ghost]Charizard||ChoiceSpecs|SolarPower|HeatWave,WeatherBall,AirSlash,Overheat|||F|||50|,,,,,Ghost]Farigiraf||SafetyGoggles|ArmorTail|Psychic,TeraBlast,TrickRoom,AllySwitch|||F|||50|,,,,,Fighting]Ursaluna||FlameOrb|Guts|Protect,Facade,HeadlongRush,Earthquake|||M|||50|,,,,,Ghost
|inactive|Battle timer is ON: inactive players will automatically lose when time's up. (requested by Parchesin)
|inactive|vikaenjoyer also wants the timer to be on.
|inactive|Parchesin has 60 seconds left.
|inactive|vikaenjoyer has 60 seconds left.
|
|t:|1756213042
|teamsize|p1|4
|teamsize|p2|4
|start
|switch|p1a: Smeargle|Smeargle, L50, M|100/100
|switch|p1b: Sylveon|Sylveon, L50, F|100/100
|switch|p2a: Farigiraf|Farigiraf, L50, F|100/100
|switch|p2b: Incineroar|Incineroar, L50, F|100/100
|-ability|p2b: Incineroar|Intimidate|boost
|-unboost|p1a: Smeargle|atk|1
|-unboost|p1b: Sylveon|atk|1
|turn|1
|inactive|vikaenjoyer has 30 seconds left.
|
|t:|1756213070
|-terastallize|p1a: Smeargle|Ghost
|move|p2b: Incineroar|Fake Out|p1b: Sylveon
|-damage|p1b: Sylveon|83/100
|move|p1a: Smeargle|Spore|p2a: Farigiraf
|-activate|p2a: Farigiraf|item: Safety Goggles|Spore
|move|p2a: Farigiraf|Psychic|p1a: Smeargle
|-damage|p1a: Smeargle|18/100
|cant|p1b: Sylveon|flinch
|
|-ability|p1a: Smeargle|Moody|boost
|-boost|p1a: Smeargle|spd|2
|-unboost|p1a: Smeargle|atk|1
|upkeep
|turn|2
|
|t:|1756213090
|switch|p2b: Whimsicott|Whimsicott, L50, F|100/100
|move|p1a: Smeargle|Decorate|p1b: Sylveon
|-boost|p1b: Sylveon|atk|2
|-boost|p1b: Sylveon|spa|2
|move|p2a: Farigiraf|Psychic|p1b: Sylveon
|-damage|p1b: Sylveon|52/100
|move|p1b: Sylveon|Hyper Voice|p2b: Whimsicott|[spread] p2a,p2b
|-damage|p2a: Farigiraf|35/100
|-damage|p2b: Whimsicott|0 fnt
|faint|p2b: Whimsicott
|
|-ability|p1a: Smeargle|Moody|boost
|-boost|p1a: Smeargle|spe|2
|-unboost|p1a: Smeargle|spa|1
|upkeep
|
|t:|1756213103
|switch|p2b: Incineroar|Incineroar, L50, F|100/100
|-ability|p2b: Incineroar|Intimidate|boost
|-unboost|p1a: Smeargle|atk|1
|-unboost|p1b: Sylveon|atk|1
|turn|3
|
|t:|1756213126
|move|p2b: Incineroar|Fake Out|p1b: Sylveon
|-damage|p1b: Sylveon|35/100
|move|p1a: Smeargle|Spore|p2b: Incineroar
|-status|p2b: Incineroar|slp|[from] move: Spore
|move|p2a: Farigiraf|Psychic|p1a: Smeargle
|-damage|p1a: Smeargle|0 fnt
|faint|p1a: Smeargle
|cant|p1b: Sylveon|flinch
|
|upkeep
|
|t:|1756213149
|switch|p1a: Garchomp|Garchomp, L50, F|100/100
|turn|4
|
|t:|1756213164
|switch|p2b: Ursaluna|Ursaluna, L50, M|100/100
|move|p1a: Garchomp|Dragon Claw|p2b: Ursaluna
|-damage|p2b: Ursaluna|61/100
|-damage|p1a: Garchomp|91/100|[from] item: Life Orb
|move|p2a: Farigiraf|Psychic|p1b: Sylveon
|-damage|p1b: Sylveon|4/100
|move|p1b: Sylveon|Hyper Voice|p2b: Ursaluna|[spread] p2a,p2b
|-damage|p2a: Farigiraf|0 fnt
|-damage|p2b: Ursaluna|0 fnt
|faint|p2a: Farigiraf
|faint|p2b: Ursaluna
|
|upkeep
|
|t:|1756213166
|switch|p2b: Incineroar|Incineroar, L50, F|100/100 slp
|-ability|p2b: Incineroar|Intimidate|boost
|-unboost|p1a: Garchomp|atk|1
|-unboost|p1b: Sylveon|atk|1
|turn|5
|
|t:|1756213187
|cant|p2b: Incineroar|slp
|move|p1a: Garchomp|Stomping Tantrum|p2b: Incineroar
|-supereffective|p2b: Incineroar
|-damage|p2b: Incineroar|39/100 slp
|-enditem|p2b: Incineroar|Sitrus Berry|[eat]
|-heal|p2b: Incineroar|63/100 slp|[from] item: Sitrus Berry
|-damage|p1a: Garchomp|81/100|[from] item: Life Orb
|move|p1b: Sylveon|Hyper Voice|p2b: Incineroar
|-damage|p2b: Incineroar|0 fnt
|faint|p2b: Incineroar
|
|win|Parchesin
|raw|Parchesin's rating: 1035 → 1076(+41 for winning)
|raw|vikaenjoyer's rating: 1102 → 1072(-30 for losing)
|l|☆vikaenjoyer
|player|p2|
