|j|☆poopymcpooperstank
|j|☆artyowls
|html|poopymcpooperstankartyowls    
|uhtml|bestof|Game 2 of a best-of-3
|t:|1756410115
|gametype|doubles
|player|p1|poopymcpooperstank|iris|1072
|player|p2|artyowls|plasmagrunt|1089
|gen|9
|tier|[Gen 9] VGC 2025 Reg H (Bo3)
|rated|
|rule|Species Clause: Limit one of each Pokémon
|rule|Item Clause: Limit 1 of each item
|clearpoke
|poke|p1|Dragapult, L50, F|
|poke|p1|Sneasler, L50, M|
|poke|p1|Tauros-Paldea-Aqua, L50, M|
|poke|p1|Pelipper, L50, F|
|poke|p1|Gholdengo, L50|
|poke|p1|Rillaboom, L50, F|
|poke|p2|Archaludon, L50, M|
|poke|p2|Electabuzz, L50, M|
|poke|p2|Rillaboom, L50, F|
|poke|p2|Kingambit, L50, F|
|poke|p2|Pelipper, L50, M|
|poke|p2|Dragapult, L50, M|
|teampreview|4
|showteam|p1|Dragapult||ChoiceBand|ClearBody|DragonDarts,PhantomForce,Outrage,Uturn|||F|||50|,,,,,Dragon]Sneasler||WhiteHerb|Unburden|DireClaw,CloseCombat,QuickGuard,FakeOut|||M|||50|,,,,,Fighting]Tauros-Paldea-Aqua||MysticWater|Intimidate|WaveCrash,AquaJet,CloseCombat,Protect|||M|||50|,,,,,Water]Pelipper||FocusSash|Drizzle|WeatherBall,Hurricane,Tailwind,WideGuard|||F|||50|,,,,,Stellar]Gholdengo||Leftovers|GoodasGold|ShadowBall,MakeItRain,NastyPlot,Protect||||||50|,,,,,Dragon]Rillaboom||AssaultVest|GrassySurge|WoodHammer,GrassyGlide,FakeOut,Uturn|||F|||50|,,,,,Fire
|showteam|p2|Archaludon||AssaultVest|Stamina|BodyPress,ElectroShot,DracoMeteor,FlashCannon|||M|||50|,,,,,Flying]Electabuzz||Eviolite|VitalSpirit|FollowMe,Protect,Taunt,Thunderbolt|||M|||50|,,,,,Fairy]Rillaboom||LoadedDice|GrassySurge|FakeOut,GrassyGlide,BulletSeed,HighHorsepower|||F|||50|,,,,,Water]Kingambit||SafetyGoggles|Defiant|SuckerPunch,SwordsDance,KowtowCleave,Protect|||F|||50|,,,,,Dark]Pelipper||FocusSash|Drizzle|Hurricane,WeatherBall,Protect,Tailwind|||M|||50|,,,,,Stellar]Dragapult||ChoiceBand|ClearBody|DragonDarts,PhantomForce,Outrage,Uturn|||M|||50|,,,,,Dragon
|
|t:|1756410153
|teamsize|p1|4
|teamsize|p2|4
|start
|switch|p1a: Tauros|Tauros-Paldea-Aqua, L50, M|100/100
|switch|p1b: Rillaboom|Rillaboom, L50, F|100/100
|switch|p2a: Rillaboom|Rillaboom, L50, F|100/100
|switch|p2b: Archaludon|Archaludon, L50, M|100/100
|-ability|p1a: Tauros|Intimidate|boost
|-unboost|p2a: Rillaboom|atk|1
|-unboost|p2b: Archaludon|atk|1
|-fieldstart|move: Grassy Terrain|[from] ability: Grassy Surge|[of] p2a: Rillaboom
|turn|1
|
|t:|1756410206
|move|p1a: Tauros|Protect|p1a: Tauros
|-singleturn|p1a: Tauros|Protect
|move|p2a: Rillaboom|Fake Out|p1a: Tauros
|-activate|p1a: Tauros|move: Protect
|move|p2b: Archaludon|Draco Meteor|p1a: Tauros
|-activate|p1a: Tauros|move: Protect
|move|p1b: Rillaboom|U-turn|p2a: Rillaboom
|-supereffective|p2a: Rillaboom
|-damage|p2a: Rillaboom|54/100
|
|t:|1756410219
|switch|p1b: Dragapult|Dragapult, L50, F, shiny|100/100|[from] U-turn
|
|-heal|p2a: Rillaboom|60/100|[from] Grassy Terrain
|upkeep
|turn|2
|
|t:|1756410260
|switch|p1a: Rillaboom|Rillaboom, L50, F|100/100
|-terastallize|p2b: Archaludon|Flying
|move|p1b: Dragapult|U-turn|p2a: Rillaboom
|-supereffective|p2a: Rillaboom
|-damage|p2a: Rillaboom|0 fnt
|faint|p2a: Rillaboom
|
|t:|1756410273
|switch|p1b: Pelipper|Pelipper, L50, F|100/100|[from] U-turn
|-weather|RainDance|[from] ability: Drizzle|[of] p1b: Pelipper
|move|p2b: Archaludon|Draco Meteor|p1b: Pelipper
|-enditem|p1b: Pelipper|Focus Sash
|-damage|p1b: Pelipper|1/100
|-unboost|p2b: Archaludon|spa|2
|
|-weather|RainDance|[upkeep]
|upkeep
|
|t:|1756410281
|switch|p2a: Electabuzz|Electabuzz, L50, M|100/100
|turn|3
|
|t:|1756410305
|-terastallize|p1b: Pelipper|Stellar
|move|p1a: Rillaboom|Fake Out|p2a: Electabuzz
|-damage|p2a: Electabuzz|91/100
|cant|p2a: Electabuzz|flinch
|move|p1b: Pelipper|Weather Ball|p2b: Archaludon
|-damage|p2b: Archaludon|42/100
|-ability|p2b: Archaludon|Stamina|boost
|-boost|p2b: Archaludon|def|1
|move|p2b: Archaludon|Electro Shot||[still]
|-prepare|p2b: Archaludon|Electro Shot
|-boost|p2b: Archaludon|spa|1
|-anim|p2b: Archaludon|Electro Shot|p1b: Pelipper
|-supereffective|p1b: Pelipper
|-damage|p1b: Pelipper|0 fnt
|faint|p1b: Pelipper
|
|-weather|RainDance|[upkeep]
|-heal|p2a: Electabuzz|96/100|[from] Grassy Terrain
|upkeep
|
|t:|1756410323
|switch|p1b: Dragapult|Dragapult, L50, F, shiny|100/100
|turn|4
|
|t:|1756410348
|move|p2a: Electabuzz|Follow Me|p2a: Electabuzz
|-singleturn|p2a: Electabuzz|move: Follow Me
|move|p1b: Dragapult|Phantom Force||[still]
|-prepare|p1b: Dragapult|Phantom Force
|move|p2b: Archaludon|Draco Meteor|p1b: Dragapult|[miss]
|-miss|p2b: Archaludon|p1b: Dragapult
|move|p1a: Rillaboom|Wood Hammer|p2a: Electabuzz
|-damage|p2a: Electabuzz|34/100
|-damage|p1a: Rillaboom|82/100|[from] Recoil
|
|-weather|RainDance|[upkeep]
|-heal|p2a: Electabuzz|39/100|[from] Grassy Terrain
|-heal|p1a: Rillaboom|88/100|[from] Grassy Terrain
|upkeep
|turn|5
|
|t:|1756410371
|switch|p1a: Tauros|Tauros-Paldea-Aqua, L50, M|100/100
|-ability|p1a: Tauros|Intimidate|boost
|-unboost|p2a: Electabuzz|atk|1
|-unboost|p2b: Archaludon|atk|1
|move|p2a: Electabuzz|Follow Me|p2a: Electabuzz
|-singleturn|p2a: Electabuzz|move: Follow Me
|move|p1b: Dragapult|Phantom Force|p2a: Electabuzz|[from] lockedmove
|-crit|p2a: Electabuzz
|-damage|p2a: Electabuzz|0 fnt
|faint|p2a: Electabuzz
|move|p2b: Archaludon|Draco Meteor|p1b: Dragapult
|-supereffective|p1b: Dragapult
|-damage|p1b: Dragapult|0 fnt
|-unboost|p2b: Archaludon|spa|2
|faint|p1b: Dragapult
|
|-weather|RainDance|[upkeep]
|-fieldend|move: Grassy Terrain
|upkeep
|
|t:|1756410385
|switch|p1b: Rillaboom|Rillaboom, L50, F|88/100
|switch|p2a: Kingambit|Kingambit, L50, F|100/100
|-fieldstart|move: Grassy Terrain|[from] ability: Grassy Surge|[of] p1b: Rillaboom
|turn|6
|
|t:|1756410410
|move|p2a: Kingambit|Protect|p2a: Kingambit
|-singleturn|p2a: Kingambit|Protect
|move|p1b: Rillaboom|Fake Out|p2a: Kingambit
|-activate|p2a: Kingambit|move: Protect
|move|p1a: Tauros|Wave Crash|p2b: Archaludon
|-damage|p2b: Archaludon|0 fnt
|faint|p2b: Archaludon
|-damage|p1a: Tauros|82/100|[from] Recoil
|
|-weather|none
|-heal|p1a: Tauros|88/100|[from] Grassy Terrain
|-heal|p1b: Rillaboom|94/100|[from] Grassy Terrain
|upkeep
|turn|7
|
|t:|1756410434
|move|p2a: Kingambit|Sucker Punch|p1a: Tauros
|-resisted|p1a: Tauros
|-crit|p1a: Tauros
|-damage|p1a: Tauros|50/100
|move|p1a: Tauros|Close Combat|p2a: Kingambit
|-supereffective|p2a: Kingambit
|-damage|p2a: Kingambit|0 fnt
|-unboost|p1a: Tauros|def|1
|-unboost|p1a: Tauros|spd|1
|faint|p2a: Kingambit
|
|win|poopymcpooperstank
|raw|poopymcpooperstank's rating: 1072 → 1103(+31 for winning)
|raw|artyowls's rating: 1089 → 1065(-24 for losing)
|l|☆poopymcpooperstank
|player|p1|
