|j|☆IloveBugs<3
|j|‽awammy
|html|IloveBugs<3awammy    
|uhtml|bestof|Game 2 of a best-of-3
|t:|1782766668
|gametype|doubles
|player|p1|IloveBugs<3|shauntal|1314
|player|p2|awammy|colress|1219
|gen|9
|tier|[Gen 9 Champions] VGC 2026 Reg M-B (Bo3)
|rated|
|rule|Species Clause: Limit one of each Pokémon
|rule|Item Clause: Limit 1 of each item
|clearpoke
|poke|p1|Charizard, L50, M|
|poke|p1|Glimmora, L50, F|
|poke|p1|Farigiraf, L50, M|
|poke|p1|Whimsicott, L50, M|
|poke|p1|Basculegion, L50, M|
|poke|p1|Incineroar, L50, M|
|poke|p2|Kingambit, L50, M|
|poke|p2|Basculegion, L50, M|
|poke|p2|Floette-Eternal, L50, F|
|poke|p2|Whimsicott, L50, F|
|poke|p2|Charizard, L50, F|
|poke|p2|Garchomp, L50, M|
|teampreview|4
|showteam|p1|Charizard||CharizarditeY|Blaze|HeatWave,WeatherBall,SolarBeam,Protect|Modest||M|||50|]Glimmora||FocusSash|ToxicDebris|PowerGem,SludgeBomb,EarthPower,SpikyShield|Timid||F|||50|]Farigiraf||ColburBerry|ArmorTail|TwinBeam,Thunderbolt,HelpingHand,TrickRoom|Relaxed||M|||50|]Whimsicott||FairyFeather|Prankster|Moonblast,Encore,Tailwind,Protect|Bold||M|||50|]Basculegion||SitrusBerry|Adaptability|WaveCrash,LastRespects,AquaJet,Protect|Adamant||M|||50|]Incineroar||WhiteHerb|Intimidate|FlareBlitz,DarkestLariat,FakeOut,CloseCombat|Brave||M|||50|
|showteam|p2|Kingambit||BlackGlasses|Defiant|SwordsDance,KowtowCleave,SuckerPunch,Protect|Adamant||M|||50|]Basculegion||MysticWater|Adaptability|WaveCrash,AquaJet,LastRespects,Protect|Adamant||M|||50|]Floette-Eternal||Floettite|FlowerVeil|LightofRuin,Moonblast,DazzlingGleam,Protect|Modest||F|||50|]Whimsicott||FocusSash|Prankster|Tailwind,Protect,Encore,Moonblast|Timid||F|||50|]Charizard||CharizarditeY|Blaze|HeatWave,WeatherBall,SolarBeam,Protect|Modest||F|||50|]Garchomp||LifeOrb|RoughSkin|DragonClaw,RockSlide,Earthquake,Protect|Adamant||M|||50|
|
|t:|1782766708
|teamsize|p1|4
|teamsize|p2|4
|start
|switch|p1a: Farigiraf|Farigiraf, L50, M|100/100
|switch|p1b: Incineroar|Incineroar, L50, M|100/100
|switch|p2a: Basculegion|Basculegion, L50, M|100/100
|switch|p2b: Whimsicott|Whimsicott, L50, F|100/100
|-ability|p1b: Incineroar|Intimidate|boost
|-unboost|p2a: Basculegion|atk|1
|-unboost|p2b: Whimsicott|atk|1
|turn|1
|inactive|Battle timer is ON: inactive players will automatically lose when time's up. (requested by IloveBugs<3)
|
|t:|1782766744
|move|p2b: Whimsicott|Moonblast|p1b: Incineroar
|-damage|p1b: Incineroar|77/100
|move|p2a: Basculegion|Wave Crash|p1b: Incineroar
|-supereffective|p1b: Incineroar|1
|-damage|p1b: Incineroar|0 fnt
|faint|p1b: Incineroar
|-damage|p2a: Basculegion|74/100|[from] Recoil
|move|p1a: Farigiraf|Trick Room|p1a: Farigiraf
|-fieldstart|move: Trick Room|[of] p1a: Farigiraf
|
|upkeep
|
|t:|1782766752
|switch|p1b: Charizard|Charizard, L50, M|100/100
|turn|2
|inactive|awammy has 30 seconds left.
|
|t:|1782766785
|detailschange|p1b: Charizard|Charizard-Mega-Y, L50, M
|-mega|p1b: Charizard|Charizard|Charizardite Y
|-weather|SunnyDay|[from] ability: Drought|[of] p1b: Charizard
|move|p2b: Whimsicott|Protect|p2b: Whimsicott
|-singleturn|p2b: Whimsicott|Protect
|move|p1a: Farigiraf|Thunderbolt|p2a: Basculegion
|-supereffective|p2a: Basculegion|1
|-damage|p2a: Basculegion|20/100y
|move|p1b: Charizard|Heat Wave|p2b: Whimsicott|[spread] p2a
|-activate|p2b: Whimsicott|move: Protect
|-resisted|p2a: Basculegion|1
|-damage|p2a: Basculegion|0 fnt
|faint|p2a: Basculegion
|
|-weather|SunnyDay|[upkeep]
|upkeep
|
|t:|1782766798
|switch|p2a: Garchomp|Garchomp, L50, M|100/100
|turn|3
|
|t:|1782766815
|switch|p2b: Charizard|Charizard, L50, F|100/100
|move|p1a: Farigiraf|Twin Beam|p2b: Charizard
|-damage|p2b: Charizard|81/100
|-damage|p2b: Charizard|63/100
|-hitcount|p2b: Charizard|2
|move|p1b: Charizard|Solar Beam||[still]
|-prepare|p1b: Charizard|Solar Beam
|-anim|p1b: Charizard|Solar Beam|p2a: Garchomp
|-damage|p2a: Garchomp|48/100
|move|p2a: Garchomp|Rock Slide|p1a: Farigiraf|[spread] p1a,p1b
|-crit|p1a: Farigiraf
|-supereffective|p1b: Charizard|2
|-damage|p1a: Farigiraf|65/100
|-damage|p1b: Charizard|0 fnt
|faint|p1b: Charizard
|-damage|p2a: Garchomp|38/100|[from] item: Life Orb
|
|-weather|SunnyDay|[upkeep]
|upkeep
|
|t:|1782766825
|switch|p1b: Basculegion|Basculegion, L50, M|100/100
|turn|4
|
|t:|1782766843
|move|p2b: Charizard|Protect|p2b: Charizard
|-singleturn|p2b: Charizard|Protect
|move|p2a: Garchomp|Protect|p2a: Garchomp
|-singleturn|p2a: Garchomp|Protect
|move|p1a: Farigiraf|Twin Beam|p2a: Garchomp
|-activate|p2a: Garchomp|move: Protect
|move|p1b: Basculegion|Last Respects|p2b: Charizard
|-activate|p2b: Charizard|move: Protect
|
|-weather|SunnyDay|[upkeep]
|upkeep
|turn|5
|inactive|awammy has 30 seconds left.
|inactive|awammy has 20 seconds left.
|inactive|awammy has 15 seconds left.
|
|t:|1782766883
|switch|p2b: Whimsicott|Whimsicott, L50, F|100/100
|move|p1a: Farigiraf|Twin Beam|p2a: Garchomp
|-damage|p2a: Garchomp|21/100
|-damage|p2a: Garchomp|4/100
|-hitcount|p2a: Garchomp|2
|move|p1b: Basculegion|Last Respects|p2b: Whimsicott
|-enditem|p2b: Whimsicott|Focus Sash
|-damage|p2b: Whimsicott|1/100
|move|p2a: Garchomp|Dragon Claw|p1b: Basculegion
|-damage|p1b: Basculegion|31/100
|-enditem|p1b: Basculegion|Sitrus Berry|[eat]
|-heal|p1b: Basculegion|56/100|[from] item: Sitrus Berry
|-damage|p2a: Garchomp|0 fnt|[from] item: Life Orb
|faint|p2a: Garchomp
|
|-weather|SunnyDay|[upkeep]
|-fieldend|move: Trick Room
|upkeep
|
|t:|1782766896
|switch|p2a: Charizard|Charizard, L50, F|63/100
|turn|6
|inactive|awammy has 30 seconds left.
|inactive|awammy has 20 seconds left.
|
|t:|1782766933
|move|p2b: Whimsicott|Protect|p2b: Whimsicott
|-singleturn|p2b: Whimsicott|Protect
|move|p2a: Charizard|Weather Ball|p1a: Farigiraf
|-damage|p1a: Farigiraf|1/100
|move|p1b: Basculegion|Last Respects|p2a: Charizard
|-damage|p2a: Charizard|0 fnt
|faint|p2a: Charizard
|move|p1a: Farigiraf|Trick Room|p1a: Farigiraf
|-fieldstart|move: Trick Room|[of] p1a: Farigiraf
|
|-weather|none
|upkeep
|turn|7
|
|t:|1782766946
|move|p1a: Farigiraf|Twin Beam|p2b: Whimsicott
|-crit|p2b: Whimsicott
|-damage|p2b: Whimsicott|0 fnt
|faint|p2b: Whimsicott
|-hitcount|p2: Whimsicott|1
|
|win|IloveBugs<3
