|j|☆AirBloom
|j|☆raksbach
|html|AirBloomraksbach    
|uhtml|bestof|Game 1 of a best-of-3
|t:|1783345502
|gametype|doubles
|player|p1|AirBloom|sabrina|1205
|player|p2|raksbach|102|1264
|gen|9
|tier|[Gen 9 Champions] VGC 2026 Reg M-B (Bo3)
|rated|
|rule|Species Clause: Limit one of each Pokémon
|rule|Item Clause: Limit 1 of each item
|clearpoke
|poke|p1|Pelipper, L50, M|
|poke|p1|Archaludon, L50, M|
|poke|p1|Raichu, L50, F|
|poke|p1|Basculegion, L50, M|
|poke|p1|Venusaur, L50, F|
|poke|p1|Grimmsnarl, L50, M, shiny|
|poke|p2|Incineroar, L50, F|
|poke|p2|Maushold, L50|
|poke|p2|Sinistcha, L50|
|poke|p2|Sneasler, L50, F|
|poke|p2|Blastoise, L50, M|
|poke|p2|Delphox, L50, M|
|teampreview|4
|showteam|p1|Pelipper||SitrusBerry|Drizzle|Hurricane,WeatherBall,Tailwind,WideGuard|Timid||M|||50|]Archaludon||Leftovers|Stamina|DragonPulse,FlashCannon,ElectroShot,Protect|Modest||M|||50|]Raichu||RaichuniteY|LightningRod|FakeOut,PlayRough,ZapCannon,VoltSwitch|Timid||F|||50|]Basculegion||ChoiceScarf|Adaptability|LastRespects,WaveCrash,FlipTurn,AquaJet|Jolly||M|||50|]Venusaur||Venusaurite|Overgrow|GigaDrain,Protect,LeechSeed,SludgeBomb|Modest||F|||50|]Grimmsnarl||LightClay|Prankster|Reflect,LightScreen,PartingShot,SpiritBreak|Careful||M|||50|
|showteam|p2|Incineroar||SitrusBerry|Intimidate|FakeOut,FlareBlitz,DarkestLariat,PartingShot|Impish||F|||50|]Maushold||ChopleBerry|FriendGuard|SuperFang,Feint,FollowMe,Protect|Impish|||||50|]Sinistcha||OccaBerry|Hospitality|MatchaGotcha,LifeDew,RagePowder,Protect|Bold|||||50|]Sneasler||FocusSash|PoisonTouch|FakeOut,CloseCombat,DireClaw,QuickGuard|Jolly||F|||50|]Blastoise||Blastoisinite|Torrent|WaterSpout,DarkPulse,ShellSmash,Protect|Modest||M|||50|]Delphox||Delphoxite|Blaze|HeatWave,Psychic,NastyPlot,Protect|Timid||M|||50|
|inactive|Battle timer is ON: inactive players will automatically lose when time's up. (requested by raksbach)
|inactive|AirBloom has 60 seconds left.
|inactive|raksbach has 60 seconds left.
|inactive|raksbach has 30 seconds left.
|
|t:|1783345570
|teamsize|p1|4
|teamsize|p2|4
|start
|switch|p1a: Grimmsnarl|Grimmsnarl, L50, M, shiny|100/100
|switch|p1b: Archaludon|Archaludon, L50, M|100/100
|switch|p2a: Blastoise|Blastoise, L50, M|100/100
|switch|p2b: Maushold|Maushold, L50|100/100
|turn|1
|
|t:|1783345584
|detailschange|p2a: Blastoise|Blastoise-Mega, L50, M
|-mega|p2a: Blastoise|Blastoise|Blastoisinite
|move|p1b: Archaludon|Protect|p1b: Archaludon
|-singleturn|p1b: Archaludon|Protect
|move|p2b: Maushold|Super Fang|p1b: Archaludon
|-activate|p1b: Archaludon|move: Protect
|move|p2a: Blastoise|Shell Smash|p2a: Blastoise
|-unboost|p2a: Blastoise|def|1
|-unboost|p2a: Blastoise|spd|1
|-boost|p2a: Blastoise|atk|2
|-boost|p2a: Blastoise|spa|2
|-boost|p2a: Blastoise|spe|2
|move|p1a: Grimmsnarl|Spirit Break|p2a: Blastoise
|-damage|p2a: Blastoise|68/100
|-unboost|p2a: Blastoise|spa|1
|
|upkeep
|turn|2
|inactive|raksbach has 30 seconds left.
|inactive|raksbach has 20 seconds left.
|
|t:|1783345620
|move|p2b: Maushold|Follow Me|p2b: Maushold
|-singleturn|p2b: Maushold|move: Follow Me
|move|p1a: Grimmsnarl|Light Screen|p1a: Grimmsnarl
|-sidestart|p1: AirBloom|move: Light Screen
|move|p2a: Blastoise|Shell Smash|p2a: Blastoise
|-unboost|p2a: Blastoise|def|1
|-unboost|p2a: Blastoise|spd|1
|-boost|p2a: Blastoise|atk|2
|-boost|p2a: Blastoise|spa|2
|-boost|p2a: Blastoise|spe|2
|move|p1b: Archaludon|Dragon Pulse|p2b: Maushold
|-damage|p2b: Maushold|51/100
|
|upkeep
|turn|3
|
|t:|1783345638
|move|p2b: Maushold|Follow Me|p2b: Maushold
|-singleturn|p2b: Maushold|move: Follow Me
|move|p1a: Grimmsnarl|Parting Shot|p2b: Maushold
|-unboost|p2b: Maushold|atk|1
|-unboost|p2b: Maushold|spa|1
|
|t:|1783345650
|switch|p1a: Venusaur|Venusaur, L50, F|100/100|[from] Parting Shot
|move|p2a: Blastoise|Shell Smash|p2a: Blastoise
|-unboost|p2a: Blastoise|def|1
|-unboost|p2a: Blastoise|spd|1
|-boost|p2a: Blastoise|atk|2
|-boost|p2a: Blastoise|spa|2
|-boost|p2a: Blastoise|spe|2
|move|p1b: Archaludon|Dragon Pulse|p2b: Maushold
|-damage|p2b: Maushold|9/100
|
|upkeep
|turn|4
|inactive|raksbach has 30 seconds left.
|inactive|raksbach has 20 seconds left.
|inactive|raksbach has 15 seconds left.
|
|t:|1783345695
|detailschange|p1a: Venusaur|Venusaur-Mega, L50, F
|-mega|p1a: Venusaur|Venusaur|Venusaurite
|move|p2a: Blastoise|Protect|p2a: Blastoise
|-singleturn|p2a: Blastoise|Protect
|move|p2b: Maushold|Super Fang|p1b: Archaludon
|-damage|p1b: Archaludon|50/100y
|-ability|p1b: Archaludon|Stamina|boost
|-boost|p1b: Archaludon|def|1
|move|p1b: Archaludon|Dragon Pulse|p2b: Maushold
|-damage|p2b: Maushold|0 fnt
|faint|p2b: Maushold
|move|p1a: Venusaur|Giga Drain|p2a: Blastoise
|-activate|p2a: Blastoise|move: Protect
|
|-heal|p1b: Archaludon|56/100|[from] item: Leftovers
|upkeep
|
|t:|1783345709
|switch|p2b: Sinistcha|Sinistcha, L50|100/100
|-heal|p2a: Blastoise|92/100|[from] ability: Hospitality|[of] p2b: Sinistcha
|turn|5
|
|t:|1783345720
|move|p1a: Venusaur|Protect|p1a: Venusaur
|-singleturn|p1a: Venusaur|Protect
|move|p2b: Sinistcha|Rage Powder|p2b: Sinistcha
|-singleturn|p2b: Sinistcha|move: Rage Powder
|move|p2a: Blastoise|Water Spout|p1a: Venusaur|[spread] p1b
|-activate|p1a: Venusaur|move: Protect
|-resisted|p1b: Archaludon|1
|-damage|p1b: Archaludon|0 fnt
|faint|p1b: Archaludon
|
|upkeep
|
|t:|1783345730
|switch|p1b: Grimmsnarl|Grimmsnarl, L50, M, shiny|100/100
|turn|6
|
|t:|1783345745
|move|p2b: Sinistcha|Rage Powder|p2b: Sinistcha
|-singleturn|p2b: Sinistcha|move: Rage Powder
|move|p2a: Blastoise|Water Spout|p1b: Grimmsnarl|[spread] p1a,p1b
|-resisted|p1a: Venusaur|1
|-damage|p1a: Venusaur|40/100
|-damage|p1b: Grimmsnarl|0 fnt
|faint|p1b: Grimmsnarl
|move|p1a: Venusaur|Giga Drain|p2a: Blastoise
|-supereffective|p2a: Blastoise|1
|-damage|p2a: Blastoise|0 fnt
|-heal|p1a: Venusaur|78/100|[from] drain|[of] p2a: Blastoise
|faint|p2a: Blastoise
|
|upkeep
|
|t:|1783345756
|switch|p2a: Sneasler|Sneasler, L50, F|100/100
|switch|p1b: Pelipper|Pelipper, L50, M|100/100
|-weather|RainDance|[from] ability: Drizzle|[of] p1b: Pelipper
|turn|7
|inactive|AirBloom has 30 seconds left.
|inactive|raksbach has 30 seconds left.
|
|t:|1783345787
|move|p2b: Sinistcha|Protect|p2b: Sinistcha
|-singleturn|p2b: Sinistcha|Protect
|move|p2a: Sneasler|Dire Claw|p1a: Venusaur
|-damage|p1a: Venusaur|47/100
|-status|p1a: Venusaur|par
|move|p1b: Pelipper|Hurricane|p2a: Sneasler
|-supereffective|p2a: Sneasler|1
|-enditem|p2a: Sneasler|Focus Sash
|-damage|p2a: Sneasler|1/100
|move|p1a: Venusaur|Leech Seed|p2a: Sneasler|[miss]
|-miss|p1a: Venusaur|p2a: Sneasler
|
|-weather|RainDance|[upkeep]
|upkeep
|turn|8
|
|t:|1783345810
|move|p2a: Sneasler|Dire Claw|p1b: Pelipper
|-damage|p1b: Pelipper|45/100
|-status|p1b: Pelipper|psn|[from] ability: Poison Touch|[of] p2a: Sneasler
|-enditem|p1b: Pelipper|Sitrus Berry|[eat]
|-heal|p1b: Pelipper|70/100 psn|[from] item: Sitrus Berry
|move|p1b: Pelipper|Hurricane|p2a: Sneasler
|-supereffective|p2a: Sneasler|1
|-damage|p2a: Sneasler|0 fnt
|faint|p2a: Sneasler
|move|p2b: Sinistcha|Life Dew||[still]
|-fail|p2b: Sinistcha|heal
|move|p1a: Venusaur|Giga Drain|p2b: Sinistcha
|-resisted|p2b: Sinistcha|1
|-damage|p2b: Sinistcha|80/100
|-heal|p1a: Venusaur|56/100 par|[from] drain|[of] p2b: Sinistcha
|
|-weather|RainDance|[upkeep]
|-damage|p1b: Pelipper|57/100 psn|[from] psn
|upkeep
|turn|9
|
|t:|1783345829
|move|p2b: Sinistcha|Protect|p2b: Sinistcha
|-singleturn|p2b: Sinistcha|Protect
|move|p1b: Pelipper|Hurricane|p2b: Sinistcha
|-activate|p2b: Sinistcha|move: Protect
|move|p1a: Venusaur|Sludge Bomb|p2b: Sinistcha
|-activate|p2b: Sinistcha|move: Protect
|
|-weather|RainDance|[upkeep]
|-damage|p1b: Pelipper|45/100 psn|[from] psn
|-sideend|p1: AirBloom|move: Light Screen
|upkeep
|turn|10
|
|t:|1783345844
|move|p1b: Pelipper|Hurricane|p2b: Sinistcha
|-supereffective|p2b: Sinistcha|1
|-damage|p2b: Sinistcha|0 fnt
|faint|p2b: Sinistcha
|
|win|AirBloom
