|j|☆spearow's nest
|j|☆dogwitdaglasses
|html|spearow's nestdogwitdaglasses    
|uhtml|bestof|Game 2 of a best-of-3
|t:|1756670097
|gametype|doubles
|player|p1|spearow's nest|lance|
|player|p2|dogwitdaglasses|guzma|
|gen|9
|tier|[Gen 9] VGC 2025 Reg H (Bo3)
|rule|Species Clause: Limit one of each Pokémon
|rule|Item Clause: Limit 1 of each item
|clearpoke
|poke|p1|Dragonite, L50, M|
|poke|p1|Gholdengo, L50|
|poke|p1|Rillaboom, L50, M|
|poke|p1|Ursaluna-Bloodmoon, L50, M|
|poke|p1|Maushold-Four, L50|
|poke|p1|Annihilape, L50, F|
|poke|p2|Rillaboom, L50, F|
|poke|p2|Dragonite, L50, F|
|poke|p2|Sneasler, L50, F|
|poke|p2|Ninetales-Alola, L50, F|
|poke|p2|Kingambit, L50, F|
|poke|p2|Magmar, L50, M|
|teampreview|4
|showteam|p1|Dragonite||LoadedDice|Multiscale|Tailwind,Haze,Protect,ScaleShot|||M|||50|,,,,,Fairy]Gholdengo||LifeOrb|GoodasGold|MakeItRain,ShadowBall,NastyPlot,Protect||||||50|,,,,,Water]Rillaboom||MiracleSeed|GrassySurge|WoodHammer,GrassyGlide,FakeOut,HighHorsepower|||M|||50|,,,,,Fire]Ursaluna-Bloodmoon||AssaultVest|MindsEye|BloodMoon,HyperVoice,EarthPower,VacuumWave|||M|||50|,,,,,Water]Maushold-Four||FocusSash|FriendGuard|SuperFang,FollowMe,BeatUp,Protect||||||50|,,,,,Ghost]Annihilape||SitrusBerry|Defiant|RageFist,DrainPunch,BulkUp,Protect|||F|||50|,,,,,Fire
|showteam|p2|Rillaboom||AssaultVest|GrassySurge|WoodHammer,GrassyGlide,HighHorsepower,FakeOut|||F|||50|,,,,,Fire]Dragonite||LoadedDice|Multiscale|Protect,ScaleShot,LowKick,Haze|||F|||50|,,,,,Fairy]Sneasler||WhiteHerb|Unburden|Protect,DireClaw,CloseCombat,Coaching|||F|||50|,,,,,Ghost]Ninetales-Alola||ChoiceSpecs|SnowWarning|Blizzard,IcyWind,Moonblast,FreezeDry|||F|||50|,,,,,Ghost]Kingambit||SafetyGoggles|Defiant|Protect,KowtowCleave,SuckerPunch,SwordsDance|||F|||50|,,,,,Dark]Magmar||Eviolite|VitalSpirit|Protect,FollowMe,Overheat,WillOWisp|||M|||50|,,,,,Dragon
|
|t:|1756670131
|teamsize|p1|4
|teamsize|p2|4
|start
|switch|p1a: Maushold|Maushold-Four, L50|100/100
|switch|p1b: Annihilape|Annihilape, L50, F|100/100
|switch|p2a: Noah's BFF|Sneasler, L50, F, shiny|100/100
|switch|p2b: 90% = 50%|Dragonite, L50, F, shiny|100/100
|turn|1
|
|t:|1756670198
|move|p1a: Maushold|Super Fang|p2b: 90% = 50%
|-damage|p2b: 90% = 50%|51/100
|move|p2a: Noah's BFF|Coaching|p2b: 90% = 50%
|-boost|p2b: 90% = 50%|atk|1
|-boost|p2b: 90% = 50%|def|1
|move|p1b: Annihilape|Rage Fist|p2b: 90% = 50%
|-damage|p2b: 90% = 50%|35/100
|move|p2b: 90% = 50%|Scale Shot|p1b: Annihilape
|-damage|p1b: Annihilape|82/100
|-damage|p1b: Annihilape|65/100
|-damage|p1b: Annihilape|48/100
|-enditem|p1b: Annihilape|Sitrus Berry|[eat]
|-heal|p1b: Annihilape|73/100|[from] item: Sitrus Berry
|-damage|p1b: Annihilape|55/100
|-hitcount|p1b: Annihilape|4
|-unboost|p2b: 90% = 50%|def|1
|-boost|p2b: 90% = 50%|spe|1
|
|upkeep
|turn|2
|
|t:|1756670239
|move|p1a: Maushold|Follow Me|p1a: Maushold
|-singleturn|p1a: Maushold|move: Follow Me
|move|p2b: 90% = 50%|Scale Shot|p1a: Maushold
|-damage|p1a: Maushold|72/100
|-damage|p1a: Maushold|42/100
|-damage|p1a: Maushold|15/100
|-damage|p1a: Maushold|0 fnt
|faint|p1a: Maushold
|-hitcount|p1: Maushold|4
|-unboost|p2b: 90% = 50%|def|1
|-boost|p2b: 90% = 50%|spe|1
|move|p2a: Noah's BFF|Dire Claw|p1b: Annihilape
|-resisted|p1b: Annihilape
|-damage|p1b: Annihilape|32/100
|move|p1b: Annihilape|Rage Fist|p2a: Noah's BFF
|-damage|p2a: Noah's BFF|0 fnt
|faint|p2a: Noah's BFF
|
|upkeep
|
|t:|1756670262
|switch|p1a: Gholdengo|Gholdengo, L50|100/100
|switch|p2a: Monke|Rillaboom, L50, F, shiny|100/100
|-fieldstart|move: Grassy Terrain|[from] ability: Grassy Surge|[of] p2a: Monke
|turn|3
|
|t:|1756670285
|switch|p2a: Kingambling|Kingambit, L50, F, shiny|100/100
|move|p2b: 90% = 50%|Protect|p2b: 90% = 50%
|-singleturn|p2b: 90% = 50%|Protect
|move|p1b: Annihilape|Drain Punch|p2a: Kingambling
|-supereffective|p2a: Kingambling
|-damage|p2a: Kingambling|6/100
|-heal|p1b: Annihilape|81/100|[from] drain|[of] p2a: Kingambling
|move|p1a: Gholdengo|Nasty Plot|p1a: Gholdengo
|-boost|p1a: Gholdengo|spa|2
|
|-heal|p1b: Annihilape|87/100|[from] Grassy Terrain
|-heal|p2a: Kingambling|12/100|[from] Grassy Terrain
|upkeep
|turn|4
|
|t:|1756670304
|switch|p1b: Ursaluna|Ursaluna-Bloodmoon, L50, M|100/100
|move|p1a: Gholdengo|Protect|p1a: Gholdengo
|-singleturn|p1a: Gholdengo|Protect
|move|p2a: Kingambling|Sucker Punch||[still]
|-fail|p2a: Kingambling
|move|p2b: 90% = 50%|Scale Shot|p1a: Gholdengo
|-activate|p1a: Gholdengo|move: Protect
|
|-heal|p2a: Kingambling|17/100|[from] Grassy Terrain
|upkeep
|turn|5
|
|t:|1756670332
|move|p2a: Kingambling|Protect|p2a: Kingambling
|-singleturn|p2a: Kingambling|Protect
|move|p1b: Ursaluna|Vacuum Wave|p2a: Kingambling
|-activate|p2a: Kingambling|move: Protect
|move|p2b: 90% = 50%|Low Kick|p1b: Ursaluna
|-supereffective|p1b: Ursaluna
|-crit|p1b: Ursaluna
|-damage|p1b: Ursaluna|0 fnt
|faint|p1b: Ursaluna
|move|p1a: Gholdengo|Shadow Ball|p2b: 90% = 50%
|-damage|p2b: 90% = 50%|0 fnt
|faint|p2b: 90% = 50%
|-damage|p1a: Gholdengo|91/100|[from] item: Life Orb
|
|-heal|p1a: Gholdengo|97/100|[from] Grassy Terrain
|-heal|p2a: Kingambling|23/100|[from] Grassy Terrain
|upkeep
|
|t:|1756670342
|switch|p2b: Monke|Rillaboom, L50, F, shiny|100/100
|switch|p1b: Annihilape|Annihilape, L50, F|87/100
|turn|6
|
|t:|1756670367
|-terastallize|p2a: Kingambling|Dark
|move|p1a: Gholdengo|Protect|p1a: Gholdengo
|-singleturn|p1a: Gholdengo|Protect
|move|p2b: Monke|Grassy Glide|p1b: Annihilape
|-damage|p1b: Annihilape|45/100
|move|p2a: Kingambling|Sucker Punch|p1b: Annihilape
|-damage|p1b: Annihilape|0 fnt
|faint|p1b: Annihilape
|
|-heal|p1a: Gholdengo|100/100|[from] Grassy Terrain
|-heal|p2a: Kingambling|29/100|[from] Grassy Terrain
|upkeep
|turn|7
|
|t:|1756670393
|-terastallize|p1a: Gholdengo|Water
|move|p2a: Kingambling|Sucker Punch|p1a: Gholdengo
|-damage|p1a: Gholdengo|37/100
|move|p1a: Gholdengo|Make It Rain|p2b: Monke|[spread] p2a,p2b
|-damage|p2a: Kingambling|0 fnt
|-damage|p2b: Monke|0 fnt
|-unboost|p1a: Gholdengo|spa|1
|faint|p2a: Kingambling
|faint|p2b: Monke
|-damage|p1a: Gholdengo|27/100|[from] item: Life Orb
|
|win|spearow's nest
