|j|☆Kampfstube
|j|☆Slaklord
|html|KampfstubeSlaklord    
|uhtml|bestof|Game 1 of a best-of-3
|t:|1757651569
|gametype|doubles
|player|p1|Kampfstube|n|1193
|player|p2|Slaklord|unknown|1000
|gen|9
|tier|[Gen 9] VGC 2025 Reg H (Bo3)
|rated|
|rule|Species Clause: Limit one of each Pokémon
|rule|Item Clause: Limit 1 of each item
|clearpoke
|poke|p1|Grimmsnarl, L50, M|
|poke|p1|Volcarona, L50, F|
|poke|p1|Annihilape, L50, F|
|poke|p1|Ursaluna-Bloodmoon, L50, M|
|poke|p1|Sneasler, L50, F|
|poke|p1|Dragonite, L50, M|
|poke|p2|Incineroar, L50, M|
|poke|p2|Pelipper, L50, F|
|poke|p2|Basculegion, L50, M|
|poke|p2|Amoonguss, L50, F|
|poke|p2|Maushold-Four, L50|
|poke|p2|Archaludon, L50, M|
|teampreview|4
|showteam|p1|Grimmsnarl||CovertCloak|Prankster|SpiritBreak,LightScreen,Reflect,ThunderWave|||M|||50|,,,,,Steel]Volcarona||SitrusBerry|FlameBody|GigaDrain,QuiverDance,FieryDance,Protect|||F|||50|,,,,,Grass]Annihilape||SafetyGoggles|Defiant|BulkUp,DrainPunch,Protect,RageFist|||F|||50|,,,,,Fire]Ursaluna-Bloodmoon||AssaultVest|MindsEye|EarthPower,BloodMoon,HyperVoice,VacuumWave|||M|||50|,,,,,Water]Sneasler||FocusSash|Unburden|FakeOut,Coaching,CloseCombat,DireClaw|||F|||50|,,,,,Ghost]Dragonite||LoadedDice|Multiscale|ScaleShot,Protect,Haze,ExtremeSpeed|||M|||50|,,,,,Steel
|showteam|p2|Incineroar||SafetyGoggles|Intimidate|FakeOut,FlareBlitz,KnockOff,PartingShot|||M|||50|,,,,,Ghost]Pelipper||FocusSash|Drizzle|Hurricane,WeatherBall,Tailwind,Protect|||F|||50|,,,,,Ghost]Basculegion||MysticWater|SwiftSwim|Protect,WaveCrash,AquaJet,LastRespects|||M|||50|,,,,,Water]Amoonguss||SitrusBerry|Regenerator|Spore,RagePowder,PollenPuff,ClearSmog|||F|||50|,,,,,Water]Maushold-Four||WideLens|Technician|PopulationBomb,FollowMe,Taunt,Protect||||||50|,,,,,Grass]Archaludon||AssaultVest|Stamina|ElectroShot,DragonPulse,FlashCannon,BodyPress|||M|||50|,,,,,Grass
|inactive|Battle timer is ON: inactive players will automatically lose when time's up. (requested by Kampfstube)
|inactive|Slaklord has 60 seconds left.
|inactive|Kampfstube has 60 seconds left.
|
|t:|1757651620
|teamsize|p1|4
|teamsize|p2|4
|start
|switch|p1a: Volcarona|Volcarona, L50, F, shiny|100/100
|switch|p1b: Sneasler|Sneasler, L50, F, shiny|100/100
|switch|p2a: Happy|Pelipper, L50, F|100/100
|switch|p2b: Grrrrrrrrrrrrr|Archaludon, L50, M|100/100
|-weather|RainDance|[from] ability: Drizzle|[of] p2a: Happy
|turn|1
|inactive|Slaklord has 30 seconds left.
|inactive|Slaklord has 20 seconds left.
|inactive|Slaklord has 15 seconds left.
|
|t:|1757651664
|switch|p1b: Grimmsnarl|Grimmsnarl, L50, M|100/100
|switch|p2b: Goldie|Basculegion, L50, M|100/100
|move|p1a: Volcarona|Protect|p1a: Volcarona
|-singleturn|p1a: Volcarona|Protect
|move|p2a: Happy|Tailwind|p2a: Happy
|-sidestart|p2: Slaklord|move: Tailwind
|
|-weather|RainDance|[upkeep]
|upkeep
|turn|2
|inactive|Kampfstube has 30 seconds left.
|inactive|Slaklord has 30 seconds left.
|inactive|Kampfstube has 20 seconds left.
|inactive|Slaklord has 20 seconds left.
|inactive|Slaklord has 15 seconds left.
|
|t:|1757651704
|-terastallize|p1a: Volcarona|Grass
|move|p1b: Grimmsnarl|Light Screen|p1b: Grimmsnarl
|-sidestart|p1: Kampfstube|move: Light Screen
|move|p2b: Goldie|Wave Crash|p1a: Volcarona
|-resisted|p1a: Volcarona
|-damage|p1a: Volcarona|54/100
|-status|p2b: Goldie|brn|[from] ability: Flame Body|[of] p1a: Volcarona
|-damage|p2b: Goldie|86/100 brn|[from] Recoil
|move|p2a: Happy|Hurricane|p1b: Grimmsnarl
|-damage|p1b: Grimmsnarl|70/100
|move|p1a: Volcarona|Quiver Dance|p1a: Volcarona
|-boost|p1a: Volcarona|spa|1
|-boost|p1a: Volcarona|spd|1
|-boost|p1a: Volcarona|spe|1
|
|-weather|RainDance|[upkeep]
|-damage|p2b: Goldie|79/100 brn|[from] brn
|upkeep
|turn|3
|
|t:|1757651729
|move|p1a: Volcarona|Protect|p1a: Volcarona
|-singleturn|p1a: Volcarona|Protect
|move|p1b: Grimmsnarl|Thunder Wave|p2a: Happy
|-status|p2a: Happy|par
|move|p2b: Goldie|Wave Crash|p1b: Grimmsnarl
|-damage|p1b: Grimmsnarl|20/100
|-damage|p2b: Goldie|63/100 brn|[from] Recoil
|move|p2a: Happy|Hurricane|p1a: Volcarona
|-activate|p1a: Volcarona|move: Protect
|
|-weather|RainDance|[upkeep]
|-damage|p2b: Goldie|56/100 brn|[from] brn
|upkeep
|turn|4
|
|t:|1757651747
|move|p1b: Grimmsnarl|Reflect|p1b: Grimmsnarl
|-sidestart|p1: Kampfstube|Reflect
|move|p2b: Goldie|Wave Crash|p1b: Grimmsnarl
|-damage|p1b: Grimmsnarl|0 fnt
|faint|p1b: Grimmsnarl
|-damage|p2b: Goldie|50/100 brn|[from] Recoil
|move|p1a: Volcarona|Giga Drain|p2b: Goldie
|-supereffective|p2b: Goldie
|-damage|p2b: Goldie|0 fnt
|-heal|p1a: Volcarona|79/100|[from] drain|[of] p2b: Goldie
|faint|p2b: Goldie
|move|p2a: Happy|Hurricane|p1a: Volcarona
|-supereffective|p1a: Volcarona
|-damage|p1a: Volcarona|37/100
|-enditem|p1a: Volcarona|Sitrus Berry|[eat]
|-heal|p1a: Volcarona|62/100|[from] item: Sitrus Berry
|
|-weather|RainDance|[upkeep]
|-sideend|p2: Slaklord|move: Tailwind
|upkeep
|
|t:|1757651768
|switch|p2b: Grrrrrrrrrrrrr|Archaludon, L50, M|100/100
|switch|p1b: Annihilape|Annihilape, L50, F|100/100
|turn|5
|inactive|Kampfstube has 30 seconds left.
|inactive|Slaklord has 30 seconds left.
|inactive|Slaklord has 20 seconds left.
|inactive|Slaklord has 15 seconds left.
|inactive|Slaklord has 10 seconds left.
|
|t:|1757651816
|move|p1a: Volcarona|Giga Drain|p2a: Happy
|-damage|p2a: Happy|15/100 par
|-heal|p1a: Volcarona|92/100|[from] drain|[of] p2a: Happy
|move|p1b: Annihilape|Drain Punch|p2a: Happy
|-resisted|p2a: Happy
|-damage|p2a: Happy|0 fnt
|faint|p2a: Happy
|move|p2b: Grrrrrrrrrrrrr|Electro Shot||[still]
|-prepare|p2b: Grrrrrrrrrrrrr|Electro Shot
|-boost|p2b: Grrrrrrrrrrrrr|spa|1
|-anim|p2b: Grrrrrrrrrrrrr|Electro Shot|p1b: Annihilape
|-damage|p1b: Annihilape|70/100
|
|-weather|none
|upkeep
|
|t:|1757651830
|switch|p2a: Jerry&Family|Maushold-Four, L50, shiny|100/100
|turn|6
|inactive|Kampfstube has 30 seconds left.
|
|t:|1757651856
|-terastallize|p2a: Jerry&Family|Grass
|move|p2a: Jerry&Family|Follow Me|p2a: Jerry&Family
|-singleturn|p2a: Jerry&Family|move: Follow Me
|move|p1a: Volcarona|Fiery Dance|p2a: Jerry&Family
|-supereffective|p2a: Jerry&Family
|-damage|p2a: Jerry&Family|0 fnt
|faint|p2a: Jerry&Family
|move|p1b: Annihilape|Bulk Up|p1b: Annihilape
|-boost|p1b: Annihilape|atk|1
|-boost|p1b: Annihilape|def|1
|move|p2b: Grrrrrrrrrrrrr|Dragon Pulse|p1a: Volcarona
|-damage|p1a: Volcarona|69/100
|
|-sideend|p1: Kampfstube|move: Light Screen
|upkeep
|turn|7
|
|t:|1757651870
|move|p1a: Volcarona|Fiery Dance|p2b: Grrrrrrrrrrrrr
|-damage|p2b: Grrrrrrrrrrrrr|66/100
|-ability|p2b: Grrrrrrrrrrrrr|Stamina|boost
|-boost|p2b: Grrrrrrrrrrrrr|def|1
|move|p1b: Annihilape|Drain Punch|p2b: Grrrrrrrrrrrrr
|-supereffective|p2b: Grrrrrrrrrrrrr
|-damage|p2b: Grrrrrrrrrrrrr|18/100
|-heal|p1b: Annihilape|92/100|[from] drain|[of] p2b: Grrrrrrrrrrrrr
|-ability|p2b: Grrrrrrrrrrrrr|Stamina|boost
|-boost|p2b: Grrrrrrrrrrrrr|def|1
|move|p2b: Grrrrrrrrrrrrr|Dragon Pulse|p1a: Volcarona
|-damage|p1a: Volcarona|32/100
|
|upkeep
|turn|8
|
|t:|1757651885
|move|p1a: Volcarona|Fiery Dance|p2b: Grrrrrrrrrrrrr
|-damage|p2b: Grrrrrrrrrrrrr|0 fnt
|-boost|p1a: Volcarona|spa|1
|faint|p2b: Grrrrrrrrrrrrr
|
|win|Kampfstube
