|j|☆cooledoregon
|j|☆klkconklwa
|html|cooledoregonklkconklwa    
|uhtml|bestof|Game 3 of a best-of-3
|t:|1783596978
|gametype|doubles
|player|p1|cooledoregon|1|1218
|player|p2|klkconklwa|102|1153
|gen|9
|tier|[Gen 9 Champions] VGC 2026 Reg M-B (Bo3)
|rated|
|rule|Species Clause: Limit one of each Pokémon
|rule|Item Clause: Limit 1 of each item
|clearpoke
|poke|p1|Aerodactyl, L50, M|
|poke|p1|Meganium, L50, F|
|poke|p1|Rotom-Wash, L50|
|poke|p1|Sneasler, L50, F|
|poke|p1|Incineroar, L50, M|
|poke|p1|Farigiraf, L50, F|
|poke|p2|Charizard, L50, M|
|poke|p2|Kingambit, L50, F|
|poke|p2|Sylveon, L50, M|
|poke|p2|Garchomp, L50, F|
|poke|p2|Aerodactyl, L50, M|
|poke|p2|Farigiraf, L50, F|
|teampreview|4
|showteam|p1|Aerodactyl||FocusSash|Unnerve|RockSlide,DualWingbeat,Protect,Tailwind|Jolly||M|||50|]Meganium||Meganiumite|Overgrow|SolarBeam,WeatherBall,DazzlingGleam,Protect|Modest||F|||50|]Rotom-Wash||ChoiceScarf|Levitate|VoltSwitch,Electroweb,HydroPump,Thunderbolt|Timid|||||50|]Sneasler||WhiteHerb|Unburden|FakeOut,DireClaw,CloseCombat,Protect|Jolly||F|||50|]Incineroar||SitrusBerry|Intimidate|PartingShot,FakeOut,Snarl,FlareBlitz|Careful||M|||50|]Farigiraf||ColburBerry|ArmorTail|TwinBeam,TrickRoom,Protect,MirrorCoat|Bold||F|||50|
|showteam|p2|Charizard||CharizarditeY|SolarPower|WeatherBall,SolarBeam,HeatWave,Protect|Modest||M|||50|]Kingambit||FocusSash|Defiant|IronHead,SuckerPunch,KowtowCleave,LowKick|Adamant||F|||50|]Sylveon||FairyFeather|Pixilate|Detect,HyperVoice,HyperBeam,QuickAttack|Modest||M|||50|]Garchomp||LifeOrb|RoughSkin|Protect,DragonClaw,Earthquake,RockSlide|Jolly||F|||50|]Aerodactyl||Aerodactylite|RockHead|IceFang,RockSlide,Tailwind,DualWingbeat|Jolly||M|||50|]Farigiraf||SitrusBerry|ArmorTail|TrickRoom,Psychic,Thunderbolt,Protect|Bold||F|||50|
|inactive|Battle timer is ON: inactive players will automatically lose when time's up. (requested by cooledoregon)
|inactive|cooledoregon has 60 seconds left.
|inactive|klkconklwa has 60 seconds left.
|inactive|cooledoregon has 30 seconds left.
|inactive|cooledoregon has 20 seconds left.
|
|t:|1783597052
|teamsize|p1|4
|teamsize|p2|4
|start
|switch|p1a: Sneasler|Sneasler, L50, F|100/100
|switch|p1b: Rotom|Rotom-Wash, L50|100/100
|switch|p2a: Aerodactyl|Aerodactyl, L50, M|100/100
|switch|p2b: Kingambit|Kingambit, L50, F|100/100
|turn|1
|
|t:|1783597076
|switch|p2a: Garchomp|Garchomp, L50, F|100/100
|switch|p2b: Farigiraf|Farigiraf, L50, F|100/100
|move|p1b: Rotom|Electroweb|p2a: Garchomp|[spread] p2b
|-immune|p2a: Garchomp
|-damage|p2b: Farigiraf|83/100
|-unboost|p2b: Farigiraf|spe|1
|move|p1a: Sneasler|Close Combat|p2b: Farigiraf
|-damage|p2b: Farigiraf|31/100
|-unboost|p1a: Sneasler|def|1
|-unboost|p1a: Sneasler|spd|1
|-enditem|p2b: Farigiraf|Sitrus Berry|[eat]
|-heal|p2b: Farigiraf|56/100|[from] item: Sitrus Berry
|-enditem|p1a: Sneasler|White Herb
|-clearnegativeboost|p1a: Sneasler|[silent]
|
|upkeep
|turn|2
|inactive|klkconklwa has 30 seconds left.
|inactive|klkconklwa has 20 seconds left.
|inactive|cooledoregon has 30 seconds left.
|inactive|klkconklwa has 15 seconds left.
|inactive|klkconklwa has 10 seconds left.
|
|t:|1783597124
|switch|p1b: Meganium|Meganium, L50, F|100/100
|switch|p2a: Kingambit|Kingambit, L50, F|100/100
|move|p1a: Sneasler|Protect|p1a: Sneasler
|-singleturn|p1a: Sneasler|Protect
|move|p2b: Farigiraf|Psychic|p1a: Sneasler
|-activate|p1a: Sneasler|move: Protect
|
|upkeep
|turn|3
|
|t:|1783597149
|switch|p2a: Garchomp|Garchomp, L50, F|100/100
|detailschange|p1b: Meganium|Meganium-Mega, L50, F
|-mega|p1b: Meganium|Meganium|Meganiumite
|move|p1a: Sneasler|Close Combat|p2a: Garchomp
|-damage|p2a: Garchomp|43/100
|-unboost|p1a: Sneasler|def|1
|-unboost|p1a: Sneasler|spd|1
|-damage|p1a: Sneasler|87/100|[from] ability: Rough Skin|[of] p2a: Garchomp
|move|p1b: Meganium|Solar Beam||[still]
|-prepare|p1b: Meganium|Solar Beam
|-activate|p1b: Meganium|ability: Mega Sol
|-anim|p1b: Meganium|Solar Beam|p2b: Farigiraf
|-damage|p2b: Farigiraf|0 fnt
|faint|p2b: Farigiraf
|
|upkeep
|
|t:|1783597160
|switch|p2b: Aerodactyl|Aerodactyl, L50, M|100/100
|turn|4
|inactive|cooledoregon has 30 seconds left.
|
|t:|1783597187
|switch|p2a: Kingambit|Kingambit, L50, F|100/100
|switch|p1b: Rotom|Rotom-Wash, L50|100/100
|detailschange|p2b: Aerodactyl|Aerodactyl-Mega, L50, M
|-mega|p2b: Aerodactyl|Aerodactyl|Aerodactylite
|move|p1a: Sneasler|Close Combat|p2a: Kingambit
|-supereffective|p2a: Kingambit|2
|-crit|p2a: Kingambit
|-enditem|p2a: Kingambit|Focus Sash
|-damage|p2a: Kingambit|1/100
|-unboost|p1a: Sneasler|def|1
|-unboost|p1a: Sneasler|spd|1
|move|p2b: Aerodactyl|Dual Wingbeat|p1b: Rotom
|-resisted|p1b: Rotom|1
|-damage|p1b: Rotom|84/100
|-resisted|p1b: Rotom|1
|-damage|p1b: Rotom|70/100
|-hitcount|p1b: Rotom|2
|
|upkeep
|turn|5
|inactive|klkconklwa has 30 seconds left.
|
|t:|1783597216
|switch|p1a: Aerodactyl|Aerodactyl, L50, M|100/100
|-ability|p1a: Aerodactyl|Unnerve
|move|p2a: Kingambit|Sucker Punch|p1b: Rotom
|-damage|p1b: Rotom|21/100
|move|p1b: Rotom|Hydro Pump|p2b: Aerodactyl
|-supereffective|p2b: Aerodactyl|1
|-damage|p2b: Aerodactyl|11/100
|move|p2b: Aerodactyl|Tailwind|p2b: Aerodactyl
|-sidestart|p2: klkconklwa|move: Tailwind
|
|upkeep
|turn|6
|
|t:|1783597240
|move|p2b: Aerodactyl|Rock Slide|p1a: Aerodactyl|[spread] p1a,p1b
|-supereffective|p1a: Aerodactyl|1
|-damage|p1a: Aerodactyl|17/100
|-damage|p1b: Rotom|0 fnt
|faint|p1b: Rotom
|move|p2a: Kingambit|Iron Head|p1a: Aerodactyl
|-supereffective|p1a: Aerodactyl|1
|-damage|p1a: Aerodactyl|0 fnt
|faint|p1a: Aerodactyl
|
|upkeep
|
|t:|1783597247
|switch|p1a: Sneasler|Sneasler, L50, F|87/100
|switch|p1b: Meganium|Meganium-Mega, L50, F|100/100
|turn|7
|inactive|cooledoregon has 30 seconds left.
|
|t:|1783597274
|move|p1a: Sneasler|Fake Out|p2b: Aerodactyl
|-resisted|p2b: Aerodactyl|1
|-damage|p2b: Aerodactyl|3/100
|cant|p2b: Aerodactyl|flinch
|move|p2a: Kingambit|Iron Head|p1b: Meganium
|-supereffective|p1b: Meganium|1
|-damage|p1b: Meganium|11/100
|cant|p1b: Meganium|flinch
|
|upkeep
|turn|8
|inactive|klkconklwa has 30 seconds left.
|inactive|klkconklwa has 20 seconds left.
|inactive|klkconklwa has 15 seconds left.
|
|t:|1783597316
|move|p1a: Sneasler|Protect|p1a: Sneasler
|-singleturn|p1a: Sneasler|Protect
|move|p1b: Meganium|Protect|p1b: Meganium
|-singleturn|p1b: Meganium|Protect
|move|p2a: Kingambit|Sucker Punch||[still]
|-fail|p2a: Kingambit
|move|p2b: Aerodactyl|Dual Wingbeat|p1b: Meganium
|-activate|p1b: Meganium|move: Protect
|
|-sideend|p2: klkconklwa|move: Tailwind
|upkeep
|turn|9
|inactive|klkconklwa has 30 seconds left.
|
|t:|1783597345
|move|p1b: Meganium|Protect||[still]
|-fail|p1b: Meganium
|move|p2a: Kingambit|Sucker Punch||[still]
|-fail|p2a: Kingambit
|move|p2b: Aerodactyl|Dual Wingbeat|p1b: Meganium
|-supereffective|p1b: Meganium|1
|-damage|p1b: Meganium|0 fnt
|faint|p1b: Meganium
|-hitcount|p1: Meganium|1
|move|p1a: Sneasler|Close Combat|p2b: Aerodactyl
|-damage|p2b: Aerodactyl|0 fnt
|-unboost|p1a: Sneasler|def|1
|-unboost|p1a: Sneasler|spd|1
|faint|p2b: Aerodactyl
|
|upkeep
|
|t:|1783597348
|switch|p2b: Garchomp|Garchomp, L50, F|43/100
|turn|10
|inactive|cooledoregon has 30 seconds left.
|c|☆cooledoregon|Ofc Sneasler doesnt attack before lol
|
|t:|1783597382
|move|p2a: Kingambit|Sucker Punch|p1a: Sneasler
|-resisted|p1a: Sneasler|1
|-damage|p1a: Sneasler|36/100
|move|p1a: Sneasler|Close Combat|p2b: Garchomp
|-damage|p2b: Garchomp|0 fnt
|-unboost|p1a: Sneasler|def|1
|-unboost|p1a: Sneasler|spd|1
|-damage|p1a: Sneasler|24/100|[from] ability: Rough Skin|[of] p2b: Garchomp
|faint|p2b: Garchomp
|
|upkeep
|turn|11
|
|t:|1783597389
|move|p1a: Sneasler|Protect|p1a: Sneasler
|-singleturn|p1a: Sneasler|Protect
|move|p2a: Kingambit|Sucker Punch||[still]
|-fail|p2a: Kingambit
|
|upkeep
|turn|12
|
|t:|1783597394
|move|p1a: Sneasler|Protect||[still]
|-fail|p1a: Sneasler
|move|p2a: Kingambit|Sucker Punch||[still]
|-fail|p2a: Kingambit
|
|upkeep
|turn|13
|
|t:|1783597402
|move|p2a: Kingambit|Sucker Punch|p1a: Sneasler
|-resisted|p1a: Sneasler|1
|-damage|p1a: Sneasler|0 fnt
|faint|p1a: Sneasler
|
|win|klkconklwa
|raw|cooledoregon's rating: 1218 → 1188(-30 for losing)
|raw|klkconklwa's rating: 1153 → 1183(+30 for winning)
|l|☆klkconklwa
|player|p2|
