|j|☆Arkhept
|j|☆impurities2
|html|Arkheptimpurities2    
|uhtml|bestof|Game 1 of a best-of-3
|t:|1756857473
|gametype|doubles
|player|p1|Arkhept|misty|1216
|player|p2|impurities2|miku-ghost|1198
|gen|9
|tier|[Gen 9] VGC 2025 Reg H (Bo3)
|rated|
|rule|Species Clause: Limit one of each Pokémon
|rule|Item Clause: Limit 1 of each item
|clearpoke
|poke|p1|Sylveon, L50, F|
|poke|p1|Whimsicott, L50, M|
|poke|p1|Farigiraf, L50, M|
|poke|p1|Dragapult, L50, F|
|poke|p1|Annihilape, L50, F|
|poke|p1|Maushold, L50|
|poke|p2|Archaludon, L50, F|
|poke|p2|Rillaboom, L50, M|
|poke|p2|Basculegion, L50, M|
|poke|p2|Kingambit, L50, M|
|poke|p2|Pelipper, L50, M|
|poke|p2|Electabuzz, L50, M|
|teampreview|4
|showteam|p1|Sylveon||ChoiceSpecs|Pixilate|HyperVoice,TeraBlast,HyperBeam,DrainingKiss|||F|||50|,,,,,Fairy]Whimsicott||FocusSash|Prankster|Moonblast,Tailwind,Encore,HelpingHand|||M|||50|,,,,,Ghost]Farigiraf||ThroatSpray|ArmorTail|HyperVoice,ShadowBall,TrickRoom,Protect|||M|||50|,,,,,Fire]Dragapult||ChoiceBand|ClearBody|DragonDarts,Uturn,TeraBlast,PhantomForce|||F|||50|,,,,,Ghost]Annihilape||Leftovers|Defiant|DrainPunch,RageFist,BulkUp,Protect|||F|||50|,,,,,Fire]Maushold||SafetyGoggles|FriendGuard|FollowMe,BeatUp,SuperFang,Protect||||||50|,,,,,Ghost
|showteam|p2|Archaludon||AssaultVest|Stamina|ElectroShot,DracoMeteor,FlashCannon,BodyPress|||F|||50|,,,,,Fairy]Rillaboom||LoadedDice|GrassySurge|BulletSeed,GrassyGlide,FakeOut,HighHorsepower|||M|||50|,,,,,Fire]Basculegion||ChoiceBand|SwiftSwim|WaveCrash,LastRespects,FlipTurn,AquaJet|||M|||50|,,,,,Grass]Kingambit||BlackGlasses|Defiant|KowtowCleave,SuckerPunch,SwordsDance,Protect|||M|||50|,,,,,Dark]Pelipper||FocusSash|Drizzle|WeatherBall,Hurricane,Tailwind,Protect|||M|||50|,,,,,Ghost]Electabuzz||Eviolite|VitalSpirit|Electroweb,Taunt,FollowMe,Protect|||M|||50|,,,,,Ghost
|inactive|Battle timer is ON: inactive players will automatically lose when time's up. (requested by impurities2)
|
|t:|1756857531
|teamsize|p1|4
|teamsize|p2|4
|start
|switch|p1a: Whimsicott|Whimsicott, L50, M|100/100
|switch|p1b: Dragapult|Dragapult, L50, F|100/100
|switch|p2a: Archaludon|Archaludon, L50, F|100/100
|switch|p2b: Rillaboom|Rillaboom, L50, M|100/100
|-fieldstart|move: Grassy Terrain|[from] ability: Grassy Surge|[of] p2b: Rillaboom
|turn|1
|inactive|impurities2 has 30 seconds left.
|
|t:|1756857565
|-terastallize|p1b: Dragapult|Ghost
|move|p1a: Whimsicott|Helping Hand|p1b: Dragapult
|-singleturn|p1b: Dragapult|Helping Hand|[of] p1a: Whimsicott
|move|p2b: Rillaboom|Fake Out|p1a: Whimsicott
|-damage|p1a: Whimsicott|80/100
|move|p1b: Dragapult|Tera Blast|p2a: Archaludon|[anim] Tera Blast Ghost
|-damage|p2a: Archaludon|6/100
|-ability|p2a: Archaludon|Stamina|boost
|-boost|p2a: Archaludon|def|1
|move|p2a: Archaludon|Draco Meteor|p1b: Dragapult|[miss]
|-miss|p2a: Archaludon|p1b: Dragapult
|
|-heal|p1a: Whimsicott|86/100|[from] Grassy Terrain
|-heal|p2a: Archaludon|12/100|[from] Grassy Terrain
|upkeep
|turn|2
|c|☆Arkhept|sry
|
|t:|1756857585
|move|p1b: Dragapult|Tera Blast|p2b: Rillaboom|[anim] Tera Blast Ghost
|-damage|p2b: Rillaboom|23/100
|move|p1a: Whimsicott|Moonblast|p2a: Archaludon
|-damage|p2a: Archaludon|0 fnt
|faint|p2a: Archaludon
|move|p2b: Rillaboom|Bullet Seed|p1b: Dragapult
|-damage|p1b: Dragapult|78/100
|-damage|p1b: Dragapult|56/100
|-damage|p1b: Dragapult|34/100
|-damage|p1b: Dragapult|12/100
|-hitcount|p1b: Dragapult|4
|
|-heal|p1b: Dragapult|18/100|[from] Grassy Terrain
|-heal|p1a: Whimsicott|92/100|[from] Grassy Terrain
|-heal|p2b: Rillaboom|29/100|[from] Grassy Terrain
|upkeep
|
|t:|1756857598
|switch|p2a: Pelipper|Pelipper, L50, M|100/100
|-weather|RainDance|[from] ability: Drizzle|[of] p2a: Pelipper
|turn|3
|
|t:|1756857605
|switch|p1a: Farigiraf|Farigiraf, L50, M|100/100
|-terastallize|p2b: Rillaboom|Fire
|move|p2b: Rillaboom|Grassy Glide||[still]
|cant|p1a: Farigiraf|ability: Armor Tail|Grassy Glide|[of] p2b: Rillaboom
|move|p1b: Dragapult|Tera Blast|p2b: Rillaboom|[anim] Tera Blast Ghost
|-damage|p2b: Rillaboom|0 fnt
|faint|p2b: Rillaboom
|move|p2a: Pelipper|Hurricane|p1a: Farigiraf
|-damage|p1a: Farigiraf|46/100
|
|-weather|RainDance|[upkeep]
|-heal|p1b: Dragapult|24/100|[from] Grassy Terrain
|-heal|p1a: Farigiraf|52/100|[from] Grassy Terrain
|upkeep
|
|t:|1756857608
|switch|p2b: Basculegion|Basculegion, L50, M|100/100
|turn|4
|inactive|Arkhept has 30 seconds left.
|inactive|Arkhept has 20 seconds left.
|
|t:|1756857643
|switch|p1b: Whimsicott|Whimsicott, L50, M|92/100
|move|p2b: Basculegion|Last Respects|p1b: Whimsicott
|-damage|p1b: Whimsicott|0 fnt
|faint|p1b: Whimsicott
|move|p2a: Pelipper|Weather Ball|p1a: Farigiraf
|-damage|p1a: Farigiraf|0 fnt
|faint|p1a: Farigiraf
|
|-weather|RainDance|[upkeep]
|upkeep
|
|t:|1756857651
|switch|p1b: Sylveon|Sylveon, L50, F, shiny|100/100
|switch|p1a: Dragapult|Dragapult, L50, F, tera:Ghost|24/100
|turn|5
|
|t:|1756857658
|move|p2b: Basculegion|Last Respects|p1a: Dragapult
|-supereffective|p1a: Dragapult
|-damage|p1a: Dragapult|0 fnt
|faint|p1a: Dragapult
|move|p2a: Pelipper|Weather Ball|p1b: Sylveon
|-damage|p1b: Sylveon|43/100
|move|p1b: Sylveon|Hyper Voice|p2a: Pelipper|[spread] p2a,p2b
|-crit|p2a: Pelipper
|-enditem|p2a: Pelipper|Focus Sash
|-damage|p2a: Pelipper|1/100
|-damage|p2b: Basculegion|35/100
|
|-weather|RainDance|[upkeep]
|-heal|p2b: Basculegion|42/100|[from] Grassy Terrain
|-heal|p1b: Sylveon|49/100|[from] Grassy Terrain
|-fieldend|move: Grassy Terrain
|upkeep
|turn|6
|
|t:|1756857663
|move|p2b: Basculegion|Last Respects|p1b: Sylveon
|-damage|p1b: Sylveon|0 fnt
|faint|p1b: Sylveon
|
|win|impurities2
