|j|☆Kylliza
|j|☆martharia
|html|Kyllizamartharia    
|uhtml|bestof|Game 1 of a best-of-3
|t:|1782333917
|gametype|doubles
|player|p1|Kylliza|265|1061
|player|p2|martharia|1|1152
|gen|9
|tier|[Gen 9 Champions] VGC 2026 Reg M-B (Bo3)
|rated|
|rule|Species Clause: Limit one of each Pokémon
|rule|Item Clause: Limit 1 of each item
|clearpoke
|poke|p1|Blaziken, L50, F|
|poke|p1|Whimsicott, L50, M|
|poke|p1|Incineroar, L50, M|
|poke|p1|Sylveon, L50, M|
|poke|p1|Basculegion, L50, M|
|poke|p1|Froslass, L50, F|
|poke|p2|Delphox, L50, F, shiny|
|poke|p2|Meowscarada, L50, F|
|poke|p2|Quaquaval, L50, F|
|poke|p2|Zoroark-Hisui, L50, F, shiny|
|poke|p2|Talonflame, L50, F|
|poke|p2|Mawile, L50, F, shiny|
|teampreview|4
|showteam|p1|Blaziken||Blazikenite|SpeedBoost|FlareBlitz,CloseCombat,RockSlide,Protect|Adamant||F|||50|]Whimsicott||FocusSash|Prankster|Moonblast,Tailwind,Encore,Protect|Timid||M|||50|]Incineroar||SitrusBerry|Intimidate|FakeOut,FlareBlitz,ThroatChop,PartingShot|Careful||M|||50|]Sylveon||FairyFeather|Pixilate|HyperVoice,HyperBeam,QuickAttack,Protect|Modest||M|||50|]Basculegion||ChoiceScarf|Adaptability|WaveCrash,LastRespects,AquaJet,FlipTurn|Jolly||M|||50|]Froslass||Froslassite|CursedBody|Blizzard,ShadowBall,AuroraVeil,Protect|Timid||F|||50|
|showteam|p2|Delphox||Delphoxite|Blaze|HeatWave,Psyshock,CalmMind,Protect|Modest||F|||50|]Meowscarada||ExpertBelt|Protean|FlowerTrick,ThroatChop,ThunderPunch,Protect|Adamant||F|||50|]Quaquaval||LifeOrb|Moxie|AquaStep,CloseCombat,AquaJet,Protect|Jolly||F|||50|]Zoroark-Hisui||FocusSash|Illusion|BitterMalice,IcyWind,Taunt,Protect|Timid||F|||50|]Talonflame||ChartiBerry|GaleWings|BraveBird,Tailwind,WillOWisp,QuickGuard|Jolly||F|||50|]Mawile||Mawilite|HyperCutter|IronHead,PlayRough,SuckerPunch,Protect|Adamant||F|||50|
|inactive|Battle timer is ON: inactive players will automatically lose when time's up. (requested by Kylliza)
|
|t:|1782333976
|teamsize|p1|4
|teamsize|p2|4
|start
|switch|p1a: Whimsicott|Whimsicott, L50, M|100/100
|switch|p1b: Blaziken|Blaziken, L50, F|100/100
|switch|p2a: Talonflame|Talonflame, L50, F|100/100
|switch|p2b: Meowscarada|Meowscarada, L50, F|100/100
|turn|1
|inactive|Kylliza has 30 seconds left.
|inactive|martharia has 30 seconds left.
|inactive|Kylliza has 20 seconds left.
|inactive|Kylliza has 15 seconds left.
|
|t:|1782334020
|move|p1b: Blaziken|Protect|p1b: Blaziken
|-singleturn|p1b: Blaziken|Protect
|move|p2a: Talonflame|Tailwind|p2a: Talonflame
|-sidestart|p2: martharia|move: Tailwind
|move|p2b: Meowscarada|Icy Wind|p1b: Blaziken|[spread] 
|-activate|p1b: Blaziken|move: Protect
|-miss|p2b: Meowscarada|p1a: Whimsicott
|move|p1a: Whimsicott|Moonblast|p2a: Talonflame
|-resisted|p2a: Talonflame|1
|-damage|p2a: Talonflame|73/100
|
|-ability|p1b: Blaziken|Speed Boost|boost
|-boost|p1b: Blaziken|spe|1
|upkeep
|turn|2
|inactive|Kylliza has 30 seconds left.
|
|t:|1782334051
|detailschange|p1b: Blaziken|Blaziken-Mega, L50, F
|-mega|p1b: Blaziken|Blaziken|Blazikenite
|move|p1a: Whimsicott|Tailwind|p1a: Whimsicott
|-sidestart|p1: Kylliza|move: Tailwind
|move|p1b: Blaziken|Rock Slide|p2b: Meowscarada|[spread] p2a,p2b
|-supereffective|p2a: Talonflame|2
|-enditem|p2a: Talonflame|Charti Berry|[eat]
|-enditem|p2a: Talonflame|Charti Berry|[weaken]
|-damage|p2a: Talonflame|9/100
|-damage|p2b: Meowscarada|53/100
|replace|p2b: Zoroark|Zoroark-Hisui, L50, F, shiny
|-end|p2b: Zoroark|Illusion
|move|p2a: Talonflame|Brave Bird|p1b: Blaziken
|-supereffective|p1b: Blaziken|1
|-damage|p1b: Blaziken|0 fnt
|faint|p1b: Blaziken
|-damage|p2a: Talonflame|0 fnt|[from] Recoil
|faint|p2a: Talonflame
|cant|p2b: Zoroark|flinch
|
|upkeep
|
|t:|1782334075
|switch|p2a: Delphox|Delphox, L50, F, shiny|100/100
|switch|p1b: Basculegion|Basculegion, L50, M|100/100
|turn|3
|inactive|Kylliza has 30 seconds left.
|inactive|Kylliza has 20 seconds left.
|
|t:|1782334110
|detailschange|p2a: Delphox|Delphox-Mega, L50, F, shiny
|-mega|p2a: Delphox|Delphox|Delphoxite
|move|p2a: Delphox|Protect|p2a: Delphox
|-singleturn|p2a: Delphox|Protect
|move|p1a: Whimsicott|Encore|p2b: Zoroark
|-start|p2b: Zoroark|Encore
|move|p1b: Basculegion|Wave Crash|p2a: Delphox
|-activate|p2a: Delphox|move: Protect
|move|p2b: Zoroark|Icy Wind|p1a: Whimsicott|[spread] p1a,p1b
|-supereffective|p1a: Whimsicott|1
|-resisted|p1b: Basculegion|1
|-damage|p1a: Whimsicott|59/100
|-damage|p1b: Basculegion|92/100
|-unboost|p1a: Whimsicott|spe|1
|-unboost|p1b: Basculegion|spe|1
|
|upkeep
|turn|4
|
|t:|1782334135
|move|p1a: Whimsicott|Encore|p2a: Delphox
|-start|p2a: Delphox|Encore
|move|p2a: Delphox|Protect||[still]
|-fail|p2a: Delphox
|move|p2b: Zoroark|Icy Wind|p1b: Basculegion|[spread] p1b
|-miss|p2b: Zoroark|p1a: Whimsicott
|-resisted|p1b: Basculegion|1
|-damage|p1b: Basculegion|85/100
|-unboost|p1b: Basculegion|spe|1
|move|p1b: Basculegion|Wave Crash|p2b: Zoroark
|-damage|p2b: Zoroark|0 fnt
|faint|p2b: Zoroark
|-damage|p1b: Basculegion|73/100|[from] Recoil
|
|-sideend|p2: martharia|move: Tailwind
|upkeep
|
|t:|1782334140
|switch|p2b: Meowscarada|Meowscarada, L50, F|100/100
|turn|5
|-message|martharia forfeited.
|
|win|Kylliza
