|j|☆antopeizYZ
|j|☆Silver98dragon_
|html|antopeizYZSilver98dragon_    
|uhtml|bestof|Game 1 of a best-of-3
|t:|1785496298
|gametype|doubles
|player|p1|antopeizYZ|hilda|1115
|player|p2|Silver98dragon_|lucian|1074
|gen|9
|tier|[Gen 9 Champions] VGC 2026 Reg M-B (Bo3)
|rated|
|rule|Species Clause: Limit one of each Pokémon
|rule|Item Clause: Limit 1 of each item
|clearpoke
|poke|p1|Hatterene, L50, F, shiny|
|poke|p1|Farigiraf, L50, M|
|poke|p1|Camerupt, L50, M|
|poke|p1|Grimmsnarl, L50, M, shiny|
|poke|p1|Sinistcha, L50|
|poke|p1|Crabominable, L50, M|
|poke|p2|Altaria, L50, F|
|poke|p2|Sinistcha, L50, shiny|
|poke|p2|Milotic, L50, F, shiny|
|poke|p2|Incineroar, L50, M, shiny|
|poke|p2|Garchomp, L50, F|
|poke|p2|Metagross, L50|
|teampreview|4
|showteam|p1|Hatterene||LifeOrb|MagicBounce|DazzlingGleam,TrickRoom,Psychic,Protect|Quiet||F|||50|]Farigiraf||SitrusBerry|ArmorTail|TrickRoom,TwinBeam,Protect,HelpingHand|Relaxed||M|||50|]Camerupt||Cameruptite|SolidRock|AncientPower,HeatWave,EarthPower,Protect|Quiet||M|||50|]Grimmsnarl||LightClay|Prankster|SpiritBreak,Reflect,LightScreen,PartingShot|Sassy||M|||50|]Sinistcha||Leftovers|Hospitality|MatchaGotcha,RagePowder,TrickRoom,Protect|Relaxed|||||50|]Crabominable||Crabominite|HyperCutter|DrainPunch,IceHammer,MachPunch,Protect|Brave||M|||50|
|showteam|p2|Altaria||Altarianite|CloudNine|Tailwind,WillOWisp,BraveBird,Protect|Impish||F|||50|]Sinistcha||ColburBerry|Hospitality|MatchaGotcha,Protect,RagePowder,TrickRoom|Calm|||||50|]Milotic||Leftovers|Competitive|Scald,IcyWind,Protect,Recover|Bold||F|||50|]Incineroar||SitrusBerry|Intimidate|FlareBlitz,FakeOut,PartingShot,Taunt|Careful||M|||50|]Garchomp||ChoiceScarf|RoughSkin|DragonClaw,RockSlide,StompingTantrum,PoisonJab|Adamant||F|||50|]Metagross||Metagrossite|ClearBody|IronHead,BulletPunch,PsychicFangs,StompingTantrum|Jolly|||||50|
|inactive|Battle timer is ON: inactive players will automatically lose when time's up. (requested by antopeizYZ)
|inactive|antopeizYZ has 60 seconds left.
|inactive|Silver98dragon_ has 60 seconds left.
|inactive|antopeizYZ has 30 seconds left.
|inactive|antopeizYZ has 20 seconds left.
|
|t:|1785496372
|teamsize|p1|4
|teamsize|p2|4
|start
|switch|p1a: Farigiraf|Farigiraf, L50, M|100/100
|switch|p1b: Camerupt|Camerupt, L50, M|100/100
|switch|p2a: Incineroar|Incineroar, L50, M, shiny|100/100
|switch|p2b: Metagross|Metagross, L50|100/100
|-ability|p2a: Incineroar|Intimidate|boost
|-unboost|p1a: Farigiraf|atk|1
|-unboost|p1b: Camerupt|atk|1
|turn|1
|inactive|Silver98dragon_ has 30 seconds left.
|
|t:|1785496403
|detailschange|p2b: Metagross|Metagross-Mega, L50
|-mega|p2b: Metagross|Metagross|Metagrossite
|detailschange|p1b: Camerupt|Camerupt-Mega, L50, M
|-mega|p1b: Camerupt|Camerupt|Cameruptite
|move|p2b: Metagross|Stomping Tantrum|p1b: Camerupt
|-supereffective|p1b: Camerupt|1
|-damage|p1b: Camerupt|29/100
|move|p2a: Incineroar|Taunt|p1a: Farigiraf
|-start|p1a: Farigiraf|move: Taunt
|move|p1b: Camerupt|Earth Power|p2b: Metagross
|-supereffective|p2b: Metagross|1
|-damage|p2b: Metagross|0 fnt
|faint|p2b: Metagross
|cant|p1a: Farigiraf|move: Taunt|Trick Room
|
|upkeep
|
|t:|1785496421
|switch|p2b: Milotic|Milotic, L50, F, shiny|100/100
|turn|2
|
|t:|1785496438
|switch|p1a: Sinistcha|Sinistcha, L50|100/100
|-heal|p1b: Camerupt|54/100|[from] ability: Hospitality|[of] p1a: Sinistcha
|move|p1b: Camerupt|Protect|p1b: Camerupt
|-singleturn|p1b: Camerupt|Protect
|move|p2b: Milotic|Icy Wind|p1b: Camerupt|[spread] p1a
|-activate|p1b: Camerupt|move: Protect
|-supereffective|p1a: Sinistcha|1
|-damage|p1a: Sinistcha|82/100
|-unboost|p1a: Sinistcha|spe|1
|move|p2a: Incineroar|Parting Shot|p1b: Camerupt
|-activate|p1b: Camerupt|move: Protect
|
|-heal|p1a: Sinistcha|88/100|[from] item: Leftovers
|upkeep
|turn|3
|
|t:|1785496462
|switch|p1b: Hatterene|Hatterene, L50, F, shiny|100/100
|move|p1a: Sinistcha|Protect|p1a: Sinistcha
|-singleturn|p1a: Sinistcha|Protect
|move|p2b: Milotic|Scald|p1b: Hatterene
|-damage|p1b: Hatterene|70/100
|-status|p1b: Hatterene|brn
|move|p2a: Incineroar|Flare Blitz|p1a: Sinistcha
|-activate|p1a: Sinistcha|move: Protect
|
|-heal|p1a: Sinistcha|94/100|[from] item: Leftovers
|-damage|p1b: Hatterene|64/100 brn|[from] brn
|upkeep
|turn|4
|inactive|Silver98dragon_ has 30 seconds left.
|inactive|Silver98dragon_ has 20 seconds left.
|inactive|Silver98dragon_ has 15 seconds left.
|inactive|Silver98dragon_ has 10 seconds left.
|
|t:|1785496511
|move|p1a: Sinistcha|Rage Powder|p1a: Sinistcha
|-singleturn|p1a: Sinistcha|move: Rage Powder
|move|p2b: Milotic|Icy Wind|p1b: Hatterene|[spread] p1b
|-miss|p2b: Milotic|p1a: Sinistcha
|-damage|p1b: Hatterene|53/100 brn
|-unboost|p1b: Hatterene|spe|1
|move|p2a: Incineroar|Flare Blitz|p1a: Sinistcha
|-supereffective|p1a: Sinistcha|1
|-damage|p1a: Sinistcha|13/100
|-status|p1a: Sinistcha|brn
|-damage|p2a: Incineroar|76/100|[from] Recoil
|move|p1b: Hatterene|Trick Room|p1b: Hatterene
|-fieldstart|move: Trick Room|[of] p1b: Hatterene
|
|-heal|p1a: Sinistcha|19/100 brn|[from] item: Leftovers
|-damage|p1b: Hatterene|47/100 brn|[from] brn
|-damage|p1a: Sinistcha|13/100 brn|[from] brn
|upkeep
|turn|5
|inactive|Silver98dragon_ has 30 seconds left.
|inactive|Silver98dragon_ has 20 seconds left.
|
|t:|1785496548
|move|p1b: Hatterene|Dazzling Gleam|p2b: Milotic|[spread] p2a,p2b
|-damage|p2a: Incineroar|43/100
|-damage|p2b: Milotic|68/100
|-enditem|p2a: Incineroar|Sitrus Berry|[eat]
|-heal|p2a: Incineroar|68/100|[from] item: Sitrus Berry
|-damage|p1b: Hatterene|37/100 brn|[from] item: Life Orb
|move|p1a: Sinistcha|Matcha Gotcha|p2b: Milotic|[spread] p2a
|-miss|p1a: Sinistcha|p2b: Milotic
|-resisted|p2a: Incineroar|1
|-damage|p2a: Incineroar|59/100
|-heal|p1a: Sinistcha|18/100 brn|[from] drain|[of] p2a: Incineroar
|move|p2a: Incineroar|Parting Shot|p1a: Sinistcha
|-unboost|p1a: Sinistcha|atk|1
|-unboost|p1a: Sinistcha|spa|1
|
|t:|1785496564
|switch|p2a: Sinistcha|Sinistcha, L50, shiny|100/100|[from] Parting Shot
|-heal|p2b: Milotic|93/100|[from] ability: Hospitality|[of] p2a: Sinistcha
|move|p2b: Milotic|Scald|p1b: Hatterene
|-damage|p1b: Hatterene|6/100 brn
|
|-heal|p1a: Sinistcha|24/100 brn|[from] item: Leftovers
|-heal|p2b: Milotic|99/100|[from] item: Leftovers
|-damage|p1b: Hatterene|1/100 brn|[from] brn
|-damage|p1a: Sinistcha|18/100 brn|[from] brn
|upkeep
|turn|6
|inactive|Silver98dragon_ has 30 seconds left.
|
|t:|1785496590
|move|p1b: Hatterene|Dazzling Gleam|p2b: Milotic|[spread] p2a,p2b
|-damage|p2a: Sinistcha|62/100
|-damage|p2b: Milotic|66/100
|-damage|p1b: Hatterene|0 fnt|[from] item: Life Orb
|faint|p1b: Hatterene
|move|p1a: Sinistcha|Matcha Gotcha|p2b: Milotic|[spread] p2a,p2b
|-resisted|p2a: Sinistcha|1
|-supereffective|p2b: Milotic|1
|-damage|p2a: Sinistcha|56/100
|-heal|p1a: Sinistcha|21/100 brn|[from] drain|[of] p2a: Sinistcha
|-damage|p2b: Milotic|44/100
|-heal|p1a: Sinistcha|34/100 brn|[from] drain|[of] p2b: Milotic
|move|p2a: Sinistcha|Matcha Gotcha|p1a: Sinistcha
|-resisted|p1a: Sinistcha|1
|-damage|p1a: Sinistcha|19/100 brn
|-heal|p2a: Sinistcha|64/100|[from] drain|[of] p1a: Sinistcha
|move|p2b: Milotic|Icy Wind|p1a: Sinistcha
|-supereffective|p1a: Sinistcha|1
|-damage|p1a: Sinistcha|0 fnt
|faint|p1a: Sinistcha
|
|-heal|p2b: Milotic|50/100g|[from] item: Leftovers
|upkeep
|
|t:|1785496608
|switch|p1b: Farigiraf|Farigiraf, L50, M|100/100
|switch|p1a: Camerupt|Camerupt-Mega, L50, M|54/100
|turn|7
|
|t:|1785496628
|move|p1b: Farigiraf|Helping Hand|p1a: Camerupt
|-singleturn|p1a: Camerupt|Helping Hand|[of] p1b: Farigiraf
|move|p2a: Sinistcha|Protect|p2a: Sinistcha
|-singleturn|p2a: Sinistcha|Protect
|move|p2b: Milotic|Protect|p2b: Milotic
|-singleturn|p2b: Milotic|Protect
|move|p1a: Camerupt|Earth Power|p2b: Milotic
|-activate|p2b: Milotic|move: Protect
|
|-heal|p2b: Milotic|56/100|[from] item: Leftovers
|upkeep
|turn|8
|inactive|Silver98dragon_ has 30 seconds left.
|
|t:|1785496659
|switch|p2a: Incineroar|Incineroar, L50, M, shiny|59/100
|-ability|p2a: Incineroar|Intimidate|boost
|-unboost|p1a: Camerupt|atk|1
|-unboost|p1b: Farigiraf|atk|1
|move|p1b: Farigiraf|Helping Hand|p1a: Camerupt
|-singleturn|p1a: Camerupt|Helping Hand|[of] p1b: Farigiraf
|move|p1a: Camerupt|Heat Wave|p2a: Incineroar|[spread] p2a,p2b
|-resisted|p2a: Incineroar|1
|-crit|p2a: Incineroar
|-resisted|p2b: Milotic|1
|-damage|p2a: Incineroar|15/100
|-damage|p2b: Milotic|25/100
|move|p2b: Milotic|Recover|p2b: Milotic
|-heal|p2b: Milotic|75/100
|
|-heal|p2b: Milotic|81/100|[from] item: Leftovers
|-fieldend|move: Trick Room
|upkeep
|turn|9
|
|t:|1785496682
|move|p1a: Camerupt|Protect|p1a: Camerupt
|-singleturn|p1a: Camerupt|Protect
|move|p2b: Milotic|Scald|p1a: Camerupt
|-activate|p1a: Camerupt|move: Protect
|move|p2a: Incineroar|Taunt|p1b: Farigiraf
|-start|p1b: Farigiraf|move: Taunt
|cant|p1b: Farigiraf|move: Taunt|Trick Room
|
|-heal|p2b: Milotic|87/100|[from] item: Leftovers
|upkeep
|turn|10
|
|t:|1785496696
|move|p2b: Milotic|Scald|p1a: Camerupt
|-supereffective|p1a: Camerupt|2
|-crit|p1a: Camerupt
|-damage|p1a: Camerupt|0 fnt
|faint|p1a: Camerupt
|move|p2a: Incineroar|Parting Shot|p1b: Farigiraf
|-unboost|p1b: Farigiraf|atk|1
|-unboost|p1b: Farigiraf|spa|1
|
|t:|1785496703
|switch|p2a: Sinistcha|Sinistcha, L50, shiny|64/100|[from] Parting Shot
|-heal|p2b: Milotic|100/100|[from] ability: Hospitality|[of] p2a: Sinistcha
|move|p1b: Farigiraf|Twin Beam|p2b: Milotic
|-damage|p2b: Milotic|92/100
|-damage|p2b: Milotic|84/100
|-hitcount|p2b: Milotic|2
|
|-heal|p2b: Milotic|90/100|[from] item: Leftovers
|upkeep
|turn|11
|-message|antopeizYZ forfeited.
|
|win|Silver98dragon_
|l|☆antopeizYZ
|player|p1|
||antopeizYZ is ready for game 2.
|inactive|Silver98dragon_ has 30 seconds to confirm battle start!
||Silver98dragon_ is ready for game 2.
|uhtml|next|Next: Game 2 of 3
