|j|☆Hackervgc
|j|☆rojo53
|html|Hackervgcrojo53    
|uhtml|bestof|Game 3 of a best-of-3
|t:|1782499424
|gametype|doubles
|player|p1|Hackervgc|gentleman-gen4|1181
|player|p2|rojo53|adaman|1159
|gen|9
|tier|[Gen 9 Champions] VGC 2026 Reg M-B (Bo3)
|rated|
|rule|Species Clause: Limit one of each Pokémon
|rule|Item Clause: Limit 1 of each item
|clearpoke
|poke|p1|Charizard, L50, F|
|poke|p1|Mawile, L50, M|
|poke|p1|Basculegion, L50, M|
|poke|p1|Garchomp, L50, M|
|poke|p1|Whimsicott, L50, F|
|poke|p1|Farigiraf, L50, M|
|poke|p2|Meganium, L50, F|
|poke|p2|Kingambit, L50, F|
|poke|p2|Sneasler, L50, F|
|poke|p2|Hydreigon, L50, F|
|poke|p2|Delphox, L50, F|
|poke|p2|Farigiraf, L50, M|
|teampreview|4
|showteam|p1|Charizard||CharizarditeY|Blaze|WeatherBall,HeatWave,SolarBeam,Protect|Timid||F|||50|]Mawile||Mawilite|HyperCutter|PlayRough,SuckerPunch,BrickBreak,Protect|Adamant||M|||50|]Basculegion||MysticWater|Adaptability|WaveCrash,LastRespects,AquaJet,Protect|Adamant||M|||50|]Garchomp||LifeOrb|RoughSkin|Earthquake,DragonClaw,RockSlide,Protect|Jolly||M|||50|]Whimsicott||FocusSash|Prankster|Moonblast,Encore,Tailwind,Protect|Timid||F|||50|]Farigiraf||SitrusBerry|ArmorTail|TwinBeam,Thunderbolt,TrickRoom,HelpingHand|Bold||M|||50|
|showteam|p2|Meganium||Meganiumite|Overgrow|WeatherBall,DazzlingGleam,SolarBeam,Protect|Modest||F|||50|]Kingambit||BlackGlasses|Defiant|KowtowCleave,SuckerPunch,IronHead,Protect|Adamant||F|||50|]Sneasler||FocusSash|Unburden|CloseCombat,DireClaw,FakeOut,Protect|Adamant||F|||50|]Hydreigon||LifeOrb|Levitate|DracoMeteor,DarkPulse,Tailwind,Protect|Timid||F|||50|]Delphox||Delphoxite|Blaze|HeatWave,Psychic,DazzlingGleam,Protect|Timid||F|||50|]Farigiraf||SitrusBerry|ArmorTail|TwinBeam,HyperVoice,Protect,TrickRoom|Relaxed||M|||50|
|
|t:|1782499487
|teamsize|p1|4
|teamsize|p2|4
|start
|switch|p1a: Whimsicott|Whimsicott, L50, F|100/100
|switch|p1b: Garchomp|Garchomp, L50, M|100/100
|switch|p2a: Delphox|Delphox, L50, F|100/100
|switch|p2b: Sneasler|Sneasler, L50, F|100/100
|turn|1
|
|t:|1782499497
|detailschange|p2a: Delphox|Delphox-Mega, L50, F
|-mega|p2a: Delphox|Delphox|Delphoxite
|move|p1a: Whimsicott|Protect|p1a: Whimsicott
|-singleturn|p1a: Whimsicott|Protect
|move|p1b: Garchomp|Protect|p1b: Garchomp
|-singleturn|p1b: Garchomp|Protect
|move|p2a: Delphox|Heat Wave|p1a: Whimsicott|[spread] 
|-activate|p1a: Whimsicott|move: Protect
|-activate|p1b: Garchomp|move: Protect
|move|p2b: Sneasler|Close Combat|p1b: Garchomp
|-activate|p1b: Garchomp|move: Protect
|
|upkeep
|turn|2
|
|t:|1782499513
|move|p1a: Whimsicott|Tailwind|p1a: Whimsicott
|-sidestart|p1: Hackervgc|move: Tailwind
|move|p1b: Garchomp|Rock Slide|p2a: Delphox|[spread] p2a,p2b
|-supereffective|p2a: Delphox|1
|-resisted|p2b: Sneasler|1
|-damage|p2a: Delphox|28/100
|-damage|p2b: Sneasler|78/100
|-damage|p1b: Garchomp|90/100|[from] item: Life Orb
|cant|p2a: Delphox|flinch
|move|p2b: Sneasler|Dire Claw|p1a: Whimsicott
|-supereffective|p1a: Whimsicott|2
|-enditem|p1a: Whimsicott|Focus Sash
|-damage|p1a: Whimsicott|1/100
|
|upkeep
|turn|3
|
|t:|1782499538
|switch|p1a: Basculegion|Basculegion, L50, M|100/100
|switch|p2b: Farigiraf|Farigiraf, L50, M|100/100
|move|p1b: Garchomp|Rock Slide|p2b: Farigiraf|[spread] p2a
|-miss|p1b: Garchomp|p2b: Farigiraf
|-supereffective|p2a: Delphox|1
|-damage|p2a: Delphox|0 fnt
|faint|p2a: Delphox
|-damage|p1b: Garchomp|80/100|[from] item: Life Orb
|
|upkeep
|
|t:|1782499549
|switch|p2a: Hydreigon|Hydreigon, L50, F|100/100
|turn|4
|
|t:|1782499557
|move|p2a: Hydreigon|Protect|p2a: Hydreigon
|-singleturn|p2a: Hydreigon|Protect
|move|p1b: Garchomp|Dragon Claw|p2b: Farigiraf
|-damage|p2b: Farigiraf|59/100
|-damage|p1b: Garchomp|70/100|[from] item: Life Orb
|move|p1a: Basculegion|Wave Crash|p2b: Farigiraf
|-damage|p2b: Farigiraf|0 fnt
|faint|p2b: Farigiraf
|-damage|p1a: Basculegion|80/100|[from] Recoil
|
|upkeep
|
|t:|1782499565
|switch|p2b: Sneasler|Sneasler, L50, F|78/100
|turn|5
|
|t:|1782499572
|move|p1b: Garchomp|Dragon Claw|p2a: Hydreigon
|-supereffective|p2a: Hydreigon|1
|-damage|p2a: Hydreigon|0 fnt
|faint|p2a: Hydreigon
|-damage|p1b: Garchomp|61/100|[from] item: Life Orb
|move|p1a: Basculegion|Wave Crash|p2b: Sneasler
|-damage|p2b: Sneasler|0 fnt
|faint|p2b: Sneasler
|-damage|p1a: Basculegion|62/100|[from] Recoil
|
|win|Hackervgc
|raw|Hackervgc's rating: 1181 → 1204(+23 for winning)
|raw|rojo53's rating: 1159 → 1136(-23 for losing)
|l|☆rojo53
|player|p2|
