|j|☆MazapanAzteca
|j|☆Sala335
|html|MazapanAztecaSala335    
|uhtml|bestof|Game 3 of a best-of-3
|t:|1756909150
|gametype|doubles
|player|p1|MazapanAzteca|ingo|1176
|player|p2|Sala335|gambler|1187
|gen|9
|tier|[Gen 9] VGC 2025 Reg H (Bo3)
|rated|
|rule|Species Clause: Limit one of each Pokémon
|rule|Item Clause: Limit 1 of each item
|clearpoke
|poke|p1|Kommo-o, L50, M|
|poke|p1|Gholdengo, L50|
|poke|p1|Sneasler, L50, F|
|poke|p1|Rillaboom, L50, M|
|poke|p1|Dondozo, L50, M|
|poke|p1|Electabuzz, L50, M|
|poke|p2|Primarina, L50, M|
|poke|p2|Porygon2, L50|
|poke|p2|Ursaluna, L50, M|
|poke|p2|Gholdengo, L50|
|poke|p2|Talonflame, L50, F|
|poke|p2|Amoonguss, L50, M|
|teampreview|4
|showteam|p1|Kommo-o||ThroatSpray|Soundproof|ClangingScales,Flamethrower,Protect,ClangorousSoul|||M|||50|,,,,,Fire]Gholdengo||ChoiceSpecs|GoodasGold|MakeItRain,ShadowBall,PowerGem,Trick||||||50|,,,,,Steel]Sneasler||WhiteHerb|Unburden|CloseCombat,DireClaw,Protect,FakeOut|||F|||50|,,,,,Stellar]Rillaboom||AssaultVest|GrassySurge|WoodHammer,GrassyGlide,HighHorsepower,FakeOut|||M|||50|,,,,,Water]Dondozo||Leftovers|Unaware|WaveCrash,Yawn,Protect,Fissure|||M|||50|,,,,,Bug]Electabuzz||Eviolite|VitalSpirit|Electroweb,FollowMe,Taunt,Protect|||M|||50|,,,,,Dragon
|showteam|p2|Primarina||ThroatSpray|LiquidVoice|Protect,HyperVoice,Moonblast,Haze|||M|||50|,,,,,Poison]Porygon2||Eviolite|Download|TrickRoom,Protect,IceBeam,TeraBlast||||||50|,,,,,Flying]Ursaluna||FlameOrb|Guts|Facade,HeadlongRush,Earthquake,Protect|||M|||50|,,,,,Ghost]Gholdengo||Leftovers|GoodasGold|MakeItRain,NastyPlot,ShadowBall,Protect||||||50|,,,,,Flying]Talonflame||CovertCloak|GaleWings|Tailwind,QuickGuard,Taunt,DualWingbeat|||F|||50|,,,,,Water]Amoonguss||SitrusBerry|Regenerator|Spore,RagePowder,Protect,PollenPuff|||M|||50|,,,,,Water
|
|t:|1756909215
|teamsize|p1|4
|teamsize|p2|4
|start
|switch|p1a: Dondozo|Dondozo, L50, M|100/100
|switch|p1b: Kommo-o|Kommo-o, L50, M|100/100
|switch|p2a: Talonflame|Talonflame, L50, F|100/100
|switch|p2b: Primarina|Primarina, L50, M|100/100
|turn|1
|
|t:|1756909261
|-terastallize|p1b: Kommo-o|Fire
|move|p2a: Talonflame|Tailwind|p2a: Talonflame
|-sidestart|p2: Sala335|move: Tailwind
|move|p2b: Primarina|Hyper Voice|p1a: Dondozo|[spread] p1a
|-immune|p1b: Kommo-o|[from] ability: Soundproof
|-resisted|p1a: Dondozo
|-damage|p1a: Dondozo|89/100
|-enditem|p2b: Primarina|Throat Spray
|-boost|p2b: Primarina|spa|1|[from] item: Throat Spray
|move|p1b: Kommo-o|Clanging Scales|p2a: Talonflame|[spread] p2a
|-immune|p2b: Primarina
|-damage|p2a: Talonflame|54/100
|-unboost|p1b: Kommo-o|def|1
|-enditem|p1b: Kommo-o|Throat Spray
|-boost|p1b: Kommo-o|spa|1|[from] item: Throat Spray
|move|p1a: Dondozo|Wave Crash|p2a: Talonflame
|-supereffective|p2a: Talonflame
|-damage|p2a: Talonflame|0 fnt
|faint|p2a: Talonflame
|-damage|p1a: Dondozo|77/100|[from] Recoil
|
|-heal|p1a: Dondozo|83/100|[from] item: Leftovers
|upkeep
|
|t:|1756909277
|switch|p2a: Ursaluna|Ursaluna, L50, M|100/100
|turn|2
|
|t:|1756909342
|switch|p1b: Rillaboom|Rillaboom, L50, M|100/100
|-fieldstart|move: Grassy Terrain|[from] ability: Grassy Surge|[of] p1b: Rillaboom
|-terastallize|p2a: Ursaluna|Ghost
|move|p2a: Ursaluna|Headlong Rush|p1b: Rillaboom
|-resisted|p1b: Rillaboom
|-damage|p1b: Rillaboom|67/100
|-unboost|p2a: Ursaluna|def|1
|-unboost|p2a: Ursaluna|spd|1
|move|p2b: Primarina|Moonblast|p1a: Dondozo
|-damage|p1a: Dondozo|47/100
|-unboost|p1a: Dondozo|spa|1
|move|p1a: Dondozo|Wave Crash|p2a: Ursaluna
|-damage|p2a: Ursaluna|66/100
|-damage|p1a: Dondozo|37/100|[from] Recoil
|
|-heal|p2a: Ursaluna|73/100|[from] Grassy Terrain
|-heal|p1b: Rillaboom|73/100|[from] Grassy Terrain
|-heal|p1a: Dondozo|43/100|[from] Grassy Terrain
|-heal|p1a: Dondozo|50/100|[from] item: Leftovers
|-status|p2a: Ursaluna|brn|[from] item: Flame Orb
|upkeep
|turn|3
|
|t:|1756909384
|switch|p1b: Gholdengo|Gholdengo, L50|100/100
|move|p2a: Ursaluna|Facade|p1b: Gholdengo
|-immune|p1b: Gholdengo
|move|p2b: Primarina|Moonblast|p1a: Dondozo
|-damage|p1a: Dondozo|15/100
|-unboost|p1a: Dondozo|spa|1
|move|p1a: Dondozo|Yawn|p2b: Primarina
|-start|p2b: Primarina|move: Yawn|[of] p1a: Dondozo
|
|-heal|p2a: Ursaluna|79/100 brn|[from] Grassy Terrain
|-heal|p1a: Dondozo|22/100|[from] Grassy Terrain
|-heal|p1a: Dondozo|28/100|[from] item: Leftovers
|-damage|p2a: Ursaluna|73/100 brn|[from] brn
|upkeep
|turn|4
|
|t:|1756909405
|switch|p2b: Gholdengo|Gholdengo, L50|100/100
|switch|p1b: Kommo-o|Kommo-o, L50, M, tera:Fire|100/100
|move|p1a: Dondozo|Protect|p1a: Dondozo
|-singleturn|p1a: Dondozo|Protect
|move|p2a: Ursaluna|Facade|p1b: Kommo-o
|-damage|p1b: Kommo-o|0 fnt
|faint|p1b: Kommo-o
|
|-heal|p2a: Ursaluna|79/100 brn|[from] Grassy Terrain
|-heal|p1a: Dondozo|34/100|[from] Grassy Terrain
|-heal|p1a: Dondozo|40/100|[from] item: Leftovers
|-damage|p2a: Ursaluna|73/100 brn|[from] brn
|-sideend|p2: Sala335|move: Tailwind
|upkeep
|
|t:|1756909426
|switch|p1b: Rillaboom|Rillaboom, L50, M|73/100
|turn|5
|
|t:|1756909446
|switch|p2a: Primarina|Primarina, L50, M|100/100
|move|p2b: Gholdengo|Nasty Plot|p2b: Gholdengo
|-boost|p2b: Gholdengo|spa|2
|move|p1b: Rillaboom|Wood Hammer|p2a: Primarina
|-supereffective|p2a: Primarina
|-damage|p2a: Primarina|0 fnt
|faint|p2a: Primarina
|-damage|p1b: Rillaboom|45/100|[from] Recoil
|move|p1a: Dondozo|Fissure|p2b: Gholdengo
|-damage|p2b: Gholdengo|0 fnt
|faint|p2b: Gholdengo
|-ohko
|
|-heal|p1b: Rillaboom|50/100|[from] Grassy Terrain
|-heal|p1a: Dondozo|47/100|[from] Grassy Terrain
|-heal|p1a: Dondozo|53/100|[from] item: Leftovers
|upkeep
|-message|Sala335 forfeited.
|
|win|MazapanAzteca
|raw|MazapanAzteca's rating: 1176 → 1202(+26 for winning)
|raw|Sala335's rating: 1187 → 1161(-26 for losing)
|l|☆Sala335
|player|p2|
