|j|☆zaher birgir
|j|☆dr_sugus_vgc
|html|zaher birgirdr_sugus_vgc    
|uhtml|bestof|Game 2 of a best-of-3
|t:|1757190680
|gametype|doubles
|player|p1|zaher birgir|wallace|1084
|player|p2|dr_sugus_vgc|266|1156
|gen|9
|tier|[Gen 9] VGC 2025 Reg H (Bo3)
|rated|
|rule|Species Clause: Limit one of each Pokémon
|rule|Item Clause: Limit 1 of each item
|clearpoke
|poke|p1|Porygon2, L50|
|poke|p1|Indeedee-F, L50, F|
|poke|p1|Armarouge, L50, M|
|poke|p1|Torkoal, L50, F|
|poke|p1|Ursaluna, L50, M|
|poke|p1|Amoonguss, L50, M|
|poke|p2|Amoonguss, L50, F|
|poke|p2|Hydreigon, L50, M|
|poke|p2|Incineroar, L50, M|
|poke|p2|Gholdengo, L50|
|poke|p2|Palafin, L50, M|
|poke|p2|Garchomp, L50, M|
|teampreview|4
|showteam|p1|Porygon2||Eviolite|Download|TrickRoom,Recover,TeraBlast,IceBeam||||||50|,,,,,Fighting]Indeedee-F||SafetyGoggles|PsychicSurge|FollowMe,DazzlingGleam,Protect,TrickRoom|||F|||50|,,,,,Steel]Armarouge||PsychicSeed|FlashFire|ExpandingForce,Flamethrower,Protect,WideGuard|||M|||50|,,,,,Grass]Torkoal||ChoiceSpecs|Drought|Eruption,HeatWave,EarthPower,Overheat|||F|||50|,,,,,Fire]Ursaluna||FlameOrb|Guts|Facade,HeadlongRush,Protect,Taunt|||M|||50|,,,,,Ghost]Amoonguss||MentalHerb|Regenerator|Spore,PollenPuff,Protect,RagePowder|||M|||50|,,,,,Water
|showteam|p2|Amoonguss||RockyHelmet|Regenerator|PollenPuff,Spore,RagePowder,Protect|||F|||50|,,,,,Fairy]Hydreigon||SafetyGoggles|Levitate|DracoMeteor,Protect,Tailwind,Snarl|||M|||50|,,,,,Ghost]Incineroar||SitrusBerry|Intimidate|FlareBlitz,KnockOff,PartingShot,FakeOut|||M|||50|,,,,,Ghost]Gholdengo||MetalCoat|GoodasGold|MakeItRain,ShadowBall,NastyPlot,Protect||||||50|,,,,,Water]Palafin||LifeOrb|ZerotoHero|JetPunch,WaveCrash,CloseCombat,Protect|||M|||50|,,,,,Water]Garchomp||ClearAmulet|RoughSkin|Earthquake,DragonClaw,StompingTantrum,Protect|||M|||50|,,,,,Fire
|inactive|Battle timer is ON: inactive players will automatically lose when time's up. (requested by zaher birgir)
|
|t:|1757190706
|teamsize|p1|4
|teamsize|p2|4
|start
|switch|p1a: Porygon2|Porygon2, L50|100/100
|switch|p1b: Indeedee|Indeedee-F, L50, F|100/100
|switch|p2a: Amoonguss|Amoonguss, L50, F|100/100
|switch|p2b: Garchomp|Garchomp, L50, M|100/100
|-fieldstart|move: Psychic Terrain|[from] ability: Psychic Surge|[of] p1b: Indeedee
|-ability|p1a: Porygon2|Download|boost
|-boost|p1a: Porygon2|spa|1
|turn|1
|
|t:|1757190730
|switch|p2b: Incineroar|Incineroar, L50, M|100/100
|-ability|p2b: Incineroar|Intimidate|boost
|-unboost|p1a: Porygon2|atk|1
|-unboost|p1b: Indeedee|atk|1
|move|p1b: Indeedee|Follow Me|p1b: Indeedee
|-singleturn|p1b: Indeedee|move: Follow Me
|move|p2a: Amoonguss|Pollen Puff|p1b: Indeedee
|-supereffective|p1b: Indeedee
|-damage|p1b: Indeedee|64/100
|move|p1a: Porygon2|Trick Room|p1a: Porygon2
|-fieldstart|move: Trick Room|[of] p1a: Porygon2
|
|upkeep
|turn|2
|inactive|dr_sugus_vgc has 30 seconds left.
|inactive|dr_sugus_vgc has 20 seconds left.
|inactive|dr_sugus_vgc has 15 seconds left.
|
|t:|1757190773
|move|p1b: Indeedee|Protect|p1b: Indeedee
|-singleturn|p1b: Indeedee|Protect
|move|p2a: Amoonguss|Spore|p1a: Porygon2
|-status|p1a: Porygon2|slp|[from] move: Spore
|cant|p1a: Porygon2|slp
|move|p2b: Incineroar|Knock Off|p1a: Porygon2
|-damage|p1a: Porygon2|76/100 slp
|-enditem|p1a: Porygon2|Eviolite|[from] move: Knock Off|[of] p2b: Incineroar
|
|upkeep
|turn|3
|
|t:|1757190798
|switch|p2a: Hydreigon|Hydreigon, L50, M|100/100
|cant|p1a: Porygon2|slp
|move|p1b: Indeedee|Dazzling Gleam|p2a: Hydreigon|[spread] p2a,p2b
|-supereffective|p2a: Hydreigon
|-damage|p2a: Hydreigon|47/100
|-damage|p2b: Incineroar|91/100
|move|p2b: Incineroar|Parting Shot|p1b: Indeedee
|-unboost|p1b: Indeedee|atk|1
|-unboost|p1b: Indeedee|spa|1
|
|t:|1757190809
|switch|p2b: Amoonguss|Amoonguss, L50, F|100/100|[from] Parting Shot
|
|upkeep
|turn|4
|inactive|dr_sugus_vgc has 30 seconds left.
|inactive|dr_sugus_vgc has 20 seconds left.
|inactive|dr_sugus_vgc has 15 seconds left.
|
|t:|1757190851
|move|p1b: Indeedee|Follow Me|p1b: Indeedee
|-singleturn|p1b: Indeedee|move: Follow Me
|move|p2b: Amoonguss|Pollen Puff|p1b: Indeedee
|-supereffective|p1b: Indeedee
|-damage|p1b: Indeedee|28/100
|cant|p1a: Porygon2|slp
|move|p2a: Hydreigon|Snarl|p1b: Indeedee|[spread] p1a
|-miss|p2a: Hydreigon|p1b: Indeedee
|-damage|p1a: Porygon2|61/100 slp
|-unboost|p1a: Porygon2|spa|1
|
|upkeep
|turn|5
|inactive|zaher birgir has 30 seconds left.
|inactive|dr_sugus_vgc has 30 seconds left.
|
|t:|1757190880
|switch|p2a: Incineroar|Incineroar, L50, M|91/100
|-ability|p2a: Incineroar|Intimidate|boost
|-unboost|p1a: Porygon2|atk|1
|-unboost|p1b: Indeedee|atk|1
|move|p2b: Amoonguss|Protect|p2b: Amoonguss
|-singleturn|p2b: Amoonguss|Protect
|move|p1b: Indeedee|Protect|p1b: Indeedee
|-singleturn|p1b: Indeedee|Protect
|-curestatus|p1a: Porygon2|slp|[msg]
|move|p1a: Porygon2|Recover|p1a: Porygon2
|-heal|p1a: Porygon2|100/100
|
|-fieldend|move: Trick Room
|-fieldend|move: Psychic Terrain
|upkeep
|turn|6
|inactive|zaher birgir has 30 seconds left.
|
|t:|1757190914
|switch|p1b: Armarouge|Armarouge, L50, M|100/100
|move|p2a: Incineroar|Fake Out|p1b: Armarouge
|-damage|p1b: Armarouge|91/100
|move|p2b: Amoonguss|Spore|p1a: Porygon2
|-status|p1a: Porygon2|slp|[from] move: Spore
|cant|p1a: Porygon2|slp
|
|upkeep
|turn|7
|
|t:|1757190934
|switch|p1a: Indeedee|Indeedee-F, L50, F|28/100
|-fieldstart|move: Psychic Terrain|[from] ability: Psychic Surge|[of] p1a: Indeedee
|-enditem|p1b: Armarouge|Psychic Seed
|-boost|p1b: Armarouge|spd|1|[from] item: Psychic Seed
|switch|p2b: Hydreigon|Hydreigon, L50, M|47/100
|-terastallize|p1b: Armarouge|Grass
|move|p2a: Incineroar|Knock Off|p1b: Armarouge
|-damage|p1b: Armarouge|66/100
|move|p1b: Armarouge|Expanding Force|p2b: Hydreigon|[spread] 
|-immune|p2a: Incineroar
|-immune|p2b: Hydreigon
|
|upkeep
|turn|8
|inactive|zaher birgir has 30 seconds left.
|inactive|dr_sugus_vgc has 30 seconds left.
|
|t:|1757190962
|switch|p1a: Porygon2|Porygon2, L50|100/100 slp
|-ability|p1a: Porygon2|Download|boost
|-boost|p1a: Porygon2|atk|1
|move|p1b: Armarouge|Wide Guard|p1b: Armarouge
|-singleturn|p1b: Armarouge|Wide Guard
|move|p2b: Hydreigon|Snarl|p1b: Armarouge|[spread] 
|-activate|p1a: Porygon2|move: Wide Guard
|-activate|p1b: Armarouge|move: Wide Guard
|move|p2a: Incineroar|Knock Off|p1a: Porygon2
|-damage|p1a: Porygon2|76/100 slp
|
|upkeep
|turn|9
|
|t:|1757190979
|move|p1b: Armarouge|Protect||[still]
|-fail|p1b: Armarouge
|move|p2b: Hydreigon|Snarl|p1a: Porygon2|[spread] p1a,p1b
|-damage|p1a: Porygon2|59/100 slp
|-damage|p1b: Armarouge|50/100
|-unboost|p1a: Porygon2|spa|1
|-unboost|p1b: Armarouge|spa|1
|move|p2a: Incineroar|Parting Shot|p1b: Armarouge
|-unboost|p1b: Armarouge|atk|1
|-unboost|p1b: Armarouge|spa|1
|
|t:|1757190990
|switch|p2a: Garchomp|Garchomp, L50, M|100/100|[from] Parting Shot
|cant|p1a: Porygon2|slp
|
|upkeep
|turn|10
|
|t:|1757191001
|switch|p1b: Indeedee|Indeedee-F, L50, F|28/100
|move|p2a: Garchomp|Dragon Claw|p1b: Indeedee
|-damage|p1b: Indeedee|0 fnt
|faint|p1b: Indeedee
|move|p2b: Hydreigon|Snarl|p1a: Porygon2
|-damage|p1a: Porygon2|35/100 slp
|-unboost|p1a: Porygon2|spa|1
|cant|p1a: Porygon2|slp
|
|upkeep
|
|t:|1757191008
|switch|p1b: Armarouge|Armarouge, L50, M, tera:Grass|50/100
|turn|11
|
|t:|1757191021
|move|p1b: Armarouge|Wide Guard|p1b: Armarouge
|-singleturn|p1b: Armarouge|Wide Guard
|move|p2a: Garchomp|Stomping Tantrum|p1a: Porygon2
|-damage|p1a: Porygon2|0 fnt
|faint|p1a: Porygon2
|move|p2b: Hydreigon|Draco Meteor|p1b: Armarouge
|-crit|p1b: Armarouge
|-damage|p1b: Armarouge|0 fnt
|-unboost|p2b: Hydreigon|spa|2
|faint|p1b: Armarouge
|
|-fieldend|move: Psychic Terrain
|upkeep
|
|t:|1757191024
|switch|p1b: Torkoal|Torkoal, L50, F|100/100
|-weather|SunnyDay|[from] ability: Drought|[of] p1b: Torkoal
|turn|12
|-message|zaher birgir forfeited.
|
|win|dr_sugus_vgc
|raw|zaher birgir's rating: 1084 → 1066(-18 for losing)
|raw|dr_sugus_vgc's rating: 1156 → 1176(+20 for winning)
|l|☆zaher birgir
|player|p1|
