|j|☆Slayermen34
|j|☆MK_Hero1
|html|Slayermen34MK_Hero1    
|uhtml|bestof|Game 1 of a best-of-3
|t:|1783053801
|gametype|doubles
|player|p1|Slayermen34|alder|
|player|p2|MK_Hero1|170|
|gen|9
|tier|[Gen 9 Champions] VGC 2026 Reg M-B (Bo3)
|rule|Species Clause: Limit one of each Pokémon
|rule|Item Clause: Limit 1 of each item
|clearpoke
|poke|p1|Gardevoir, L50, F, shiny|
|poke|p1|Ceruledge, L50, F|
|poke|p1|Goodra, L50, M|
|poke|p1|Mamoswine, L50, M|
|poke|p1|Musharna, L50, F, shiny|
|poke|p1|Aggron, L50, M|
|poke|p2|Metagross, L50, shiny|
|poke|p2|Eelektross, L50, F|
|poke|p2|Dragapult, L50, M, shiny|
|poke|p2|Houndoom, L50, M|
|poke|p2|Polteageist, L50, shiny|
|poke|p2|Meganium, L50, M, shiny|
|teampreview|4
|showteam|p1|Gardevoir||Gardevoirite|Trace|CalmMind,HyperVoice,ShadowBall,EnergyBall|Timid||F|||50|]Ceruledge||FocusSash|FlashFire|SwordsDance,BitterBlade,SunnyDay,SolarBlade|Jolly||F|||50|]Goodra||Leftovers|Gooey|AcidArmor,GigaDrain,Thunderbolt,DragonPulse|Modest||M|||50|]Mamoswine||LifeOrb|ThickFat|Earthquake,RockSlide,IceShard,KnockOff|Jolly||M|||50|]Musharna||LightClay|Telepathy|LightScreen,Reflect,EnergyBall,MistyExplosion|Modest||F|||50|]Aggron||QuickClaw|Sturdy|RockSlide,IronHead,StealthRock,Outrage|Adamant||M|||50|
|showteam|p2|Metagross||Metagrossite|ClearBody|IronHead,PsychicFangs,Trailblaze,Protect|Jolly|||||50|]Eelektross||Leftovers|Levitate|VoltSwitch,DragonTail,Flamethrower,Electroweb|Quiet||F|||50|]Dragapult||FocusSash|ClearBody|DragonDarts,PhantomForce,SuckerPunch,Uturn|Jolly||M|||50|]Houndoom||ChoiceScarf|FlashFire|Protect,HeatWave,DarkPulse,ScorchingSands|Timid||M|||50|]Polteageist||WhiteHerb|WeakArmor|ShellSmash,Protect,ShadowBall,StoredPower|Modest|||||50|]Meganium||LightClay|LeafGuard|HelpingHand,LeechSeed,LightScreen,Protect|Calm||M|||50|
|
|t:|1783053834
|teamsize|p1|4
|teamsize|p2|4
|start
|switch|p1a: JOD|Musharna, L50, F, shiny|100/100
|switch|p1b: Uther|Aggron, L50, M|100/100
|switch|p2a: Metagross|Metagross, L50, shiny|100/100
|switch|p2b: Meganium|Meganium, L50, M, shiny|100/100
|turn|1
|
|t:|1783053862
|detailschange|p2a: Metagross|Metagross-Mega, L50, shiny
|-mega|p2a: Metagross|Metagross|Metagrossite
|move|p2a: Metagross|Iron Head|p1a: JOD
|-damage|p1a: JOD|50/100g
|move|p2b: Meganium|Light Screen|p2b: Meganium
|-sidestart|p2: MK_Hero1|move: Light Screen
|move|p1b: Uther|Stealth Rock|p2b: Meganium
|-sidestart|p2: MK_Hero1|move: Stealth Rock
|move|p1a: JOD|Reflect|p1a: JOD
|-sidestart|p1: Slayermen34|Reflect
|
|upkeep
|turn|2
|
|t:|1783053882
|switch|p1b: Alter|Ceruledge, L50, F|100/100
|move|p2a: Metagross|Trailblaze|p1a: JOD
|-damage|p1a: JOD|34/100
|-boost|p2a: Metagross|spe|1
|move|p2b: Meganium|Leech Seed|p1b: Alter|[miss]
|-miss|p2b: Meganium|p1b: Alter
|move|p1a: JOD|Light Screen|p1a: JOD
|-sidestart|p1: Slayermen34|move: Light Screen
|
|upkeep
|turn|3
|
|t:|1783053904
|switch|p2a: Houndoom|Houndoom, L50, M|100/100
|-damage|p2a: Houndoom|75/100|[from] Stealth Rock
|move|p1b: Alter|Swords Dance|p1b: Alter
|-boost|p1b: Alter|atk|2
|move|p2b: Meganium|Leech Seed|p1b: Alter
|-start|p1b: Alter|move: Leech Seed
|move|p1a: JOD|Energy Ball|p2a: Houndoom
|-resisted|p2a: Houndoom|1
|-damage|p2a: Houndoom|61/100
|
|-damage|p1b: Alter|88/100|[from] Leech Seed|[of] p2b: Meganium
|upkeep
|turn|4
|
|t:|1783053923
|switch|p1a: Titania|Gardevoir, L50, F, shiny|100/100
|-ability|p1a: Titania|Leaf Guard|Trace|[from] ability: Trace|[of] p2b: Meganium
|move|p2b: Meganium|Helping Hand|p2a: Houndoom
|-singleturn|p2a: Houndoom|Helping Hand|[of] p2b: Meganium
|move|p2a: Houndoom|Dark Pulse|p1b: Alter
|-supereffective|p1b: Alter|1
|-damage|p1b: Alter|3/100
|move|p1b: Alter|Bitter Blade|p2b: Meganium
|-supereffective|p2b: Meganium|1
|-damage|p2b: Meganium|0 fnt
|-heal|p1b: Alter|65/100|[from] drain|[of] p2b: Meganium
|faint|p2b: Meganium
|
|upkeep
|
|t:|1783053938
|switch|p2b: Dragapult|Dragapult, L50, M, shiny|100/100
|-damage|p2b: Dragapult|87/100|[from] Stealth Rock
|turn|5
|
|t:|1783053953
|detailschange|p1a: Titania|Gardevoir-Mega, L50, F, shiny
|-mega|p1a: Titania|Gardevoir|Gardevoirite
|move|p2a: Houndoom|Dark Pulse|p1b: Alter
|-supereffective|p1b: Alter|1
|-damage|p1b: Alter|1/100
|move|p2b: Dragapult|Phantom Force||[still]
|-prepare|p2b: Dragapult|Phantom Force
|move|p1a: Titania|Calm Mind|p1a: Titania
|-boost|p1a: Titania|spa|1
|-boost|p1a: Titania|spd|1
|move|p1b: Alter|Bitter Blade|p2b: Dragapult|[miss]
|-miss|p1b: Alter|p2b: Dragapult
|
|-damage|p1b: Alter|0 fnt|[from] Leech Seed|[of] p2b: Dragapult
|-heal|p2b: Dragapult|89/100|[silent]
|faint|p1b: Alter
|upkeep
|
|t:|1783053967
|switch|p1b: Uther|Aggron, L50, M|100/100
|turn|6
|-activate|p1b: Uther|item: Quick Claw
|
|t:|1783053988
|switch|p2a: Metagross|Metagross-Mega, L50, shiny|100/100
|-damage|p2a: Metagross|94/100|[from] Stealth Rock
|move|p1b: Uther|Rock Slide|p2a: Metagross|[spread] p2a
|-miss|p1b: Uther|p2b: Dragapult
|-resisted|p2a: Metagross|1
|-damage|p2a: Metagross|82/100
|move|p2b: Dragapult|Phantom Force|p1a: Titania|[from] lockedmove
|-supereffective|p1a: Titania|1
|-damage|p1a: Titania|0 fnt
|faint|p1a: Titania
|
|upkeep
|j| GetSlagged
|
|t:|1783054001
|switch|p1a: JOD|Musharna, L50, F, shiny|34/100
|turn|7
|
|t:|1783054028
|move|p2b: Dragapult|Dragon Darts|p1a: JOD
|-damage|p1a: JOD|20/100y
|-anim|p2b: Dragapult|Dragon Darts|p1b: Uther
|-resisted|p1b: Uther|1
|-damage|p1b: Uther|94/100
|move|p2a: Metagross|Psychic Fangs|p1b: Uther
|-sideend|p1: Slayermen34|Reflect
|-sideend|p1: Slayermen34|move: Light Screen
|-resisted|p1b: Uther|1
|-damage|p1b: Uther|74/100
|move|p1b: Uther|Iron Head|p2a: Metagross
|-resisted|p2a: Metagross|1
|-damage|p2a: Metagross|66/100
|move|p1a: JOD|Misty Explosion|p2b: Dragapult|[spread] p1b,p2a,p2b
|-resisted|p1b: Uther|1
|-resisted|p2a: Metagross|1
|-supereffective|p2b: Dragapult|1
|-crit|p2b: Dragapult
|-damage|p1b: Uther|57/100
|-damage|p2a: Metagross|58/100
|-damage|p2b: Dragapult|0 fnt
|faint|p1a: JOD
|faint|p2b: Dragapult
|
|upkeep
|
|t:|1783054043
|switch|p2b: Houndoom|Houndoom, L50, M|61/100
|-damage|p2b: Houndoom|37/100|[from] Stealth Rock
|turn|8
|
|t:|1783054066
|move|p2b: Houndoom|Scorching Sands|p1b: Uther
|-supereffective|p1b: Uther|2
|-damage|p1b: Uther|0 fnt
|faint|p1b: Uther
|
|win|MK_Hero1
