|j|☆ash_x_angel
|j|☆daphnesgarden
|html|ash_x_angeldaphnesgarden    
|uhtml|bestof|Game 2 of a best-of-3
|t:|1782675558
|gametype|doubles
|player|p1|ash_x_angel|266|1067
|player|p2|daphnesgarden|winona|1067
|gen|9
|tier|[Gen 9 Champions] VGC 2026 Reg M-B (Bo3)
|rated|
|rule|Species Clause: Limit one of each Pokémon
|rule|Item Clause: Limit 1 of each item
|clearpoke
|poke|p1|Politoed, L50, M|
|poke|p1|Blastoise, L50, F|
|poke|p1|Grimmsnarl, L50, M|
|poke|p1|Vileplume, L50, M|
|poke|p1|Pyroar, L50, F|
|poke|p1|Torkoal, L50, F|
|poke|p2|Pelipper, L50, M|
|poke|p2|Archaludon, L50, M|
|poke|p2|Beedrill, L50, M|
|poke|p2|Farigiraf, L50, F|
|poke|p2|Swampert, L50, F|
|poke|p2|Incineroar, L50, F|
|teampreview|4
|showteam|p1|Politoed||LifeOrb|Drizzle|RainDance,HelpingHand,Waterfall,Protect|Relaxed||M|||50|]Blastoise||Blastoisinite|Torrent|WaterSpout,HydroPump,IceBeam,Protect|Timid||F|||50|]Grimmsnarl||QuickClaw|Prankster|LightScreen,FakeOut,PartingShot,FoulPlay|Hasty||M|||50|]Vileplume||Leftovers|Chlorophyll|PollenPuff,SleepPowder,GrassKnot,SludgeWave|Bold||M|||50|]Pyroar||Pyroarite|Moxie|HeatWave,Flamethrower,Protect,Yawn|Bold||F|||50|]Torkoal||Charcoal|Drought|Eruption,Protect,SunnyDay,HelpingHand|Sassy||F|||50|
|showteam|p2|Pelipper||LifeOrb|Drizzle|WeatherBall,Hurricane,WideGuard,Tailwind|Modest||M|||50|]Archaludon||Leftovers|Stamina|ElectroShot,FlashCannon,DragonPulse,Protect|Modest||M|||50|]Beedrill||Beedrillite|Swarm|Uturn,PoisonJab,DrillRun,Protect|Adamant||M|||50|]Farigiraf||SitrusBerry|ArmorTail|HelpingHand,TrickRoom,Psychic,RainDance|Bold||F|||50|]Swampert||Swampertite|Damp|WaveCrash,RockSlide,HighHorsepower,Protect|Adamant||F|||50|]Incineroar||PasshoBerry|Intimidate|FakeOut,ThroatChop,FlareBlitz,PartingShot|Adamant||F|||50|
|inactive|Battle timer is ON: inactive players will automatically lose when time's up. (requested by daphnesgarden)
|
|t:|1782675577
|teamsize|p1|4
|teamsize|p2|4
|start
|switch|p1a: Blastoise|Blastoise, L50, F|100/100
|switch|p1b: Vileplume|Vileplume, L50, M|100/100
|switch|p2a: Incineroar|Incineroar, L50, F|100/100
|switch|p2b: Archaludon|Archaludon, L50, M|100/100
|-ability|p2a: Incineroar|Intimidate|boost
|-unboost|p1a: Blastoise|atk|1
|-unboost|p1b: Vileplume|atk|1
|turn|1
|inactive|ash_x_angel has 30 seconds left.
|inactive|ash_x_angel has 20 seconds left.
|inactive|ash_x_angel has 15 seconds left.
|inactive|ash_x_angel has 10 seconds left.
|
|t:|1782675623
|move|p2a: Incineroar|Fake Out|p1b: Vileplume
|-damage|p1b: Vileplume|87/100
|move|p1a: Blastoise|Water Spout|p2b: Archaludon|[spread] p2a,p2b
|-supereffective|p2a: Incineroar|1
|-enditem|p2a: Incineroar|Passho Berry|[eat]
|-enditem|p2a: Incineroar|Passho Berry|[weaken]
|-resisted|p2b: Archaludon|1
|-damage|p2a: Incineroar|71/100
|-damage|p2b: Archaludon|80/100
|-ability|p2b: Archaludon|Stamina|boost
|-boost|p2b: Archaludon|def|1
|move|p2b: Archaludon|Dragon Pulse|p1a: Blastoise
|-damage|p1a: Blastoise|61/100
|cant|p1b: Vileplume|flinch
|
|-heal|p2b: Archaludon|86/100|[from] item: Leftovers
|-heal|p1b: Vileplume|93/100|[from] item: Leftovers
|upkeep
|turn|2
|inactive|daphnesgarden has 30 seconds left.
|
|t:|1782675651
|move|p2b: Archaludon|Protect|p2b: Archaludon
|-singleturn|p2b: Archaludon|Protect
|move|p1a: Blastoise|Hydro Pump|p2a: Incineroar
|-supereffective|p2a: Incineroar|1
|-damage|p2a: Incineroar|11/100
|move|p1b: Vileplume|Grass Knot|p2b: Archaludon
|-activate|p2b: Archaludon|move: Protect
|move|p2a: Incineroar|Flare Blitz|p1b: Vileplume
|-supereffective|p1b: Vileplume|1
|-damage|p1b: Vileplume|0 fnt
|faint|p1b: Vileplume
|-damage|p2a: Incineroar|0 fnt|[from] Recoil
|faint|p2a: Incineroar
|
|-heal|p2b: Archaludon|92/100|[from] item: Leftovers
|upkeep
|
|t:|1782675667
|switch|p1b: Pyroar|Pyroar, L50, F|100/100
|switch|p2a: Pelipper|Pelipper, L50, M|100/100
|-weather|RainDance|[from] ability: Drizzle|[of] p2a: Pelipper
|turn|3
|inactive|ash_x_angel has 30 seconds left.
|
|t:|1782675693
|switch|p1a: Torkoal|Torkoal, L50, F|100/100
|-weather|SunnyDay|[from] ability: Drought|[of] p1a: Torkoal
|detailschange|p1b: Pyroar|Pyroar-Mega, L50, F
|-mega|p1b: Pyroar|Pyroar|Pyroarite
|move|p2a: Pelipper|Wide Guard|p2a: Pelipper
|-singleturn|p2a: Pelipper|Wide Guard
|move|p1b: Pyroar|Heat Wave|p2a: Pelipper|[spread] 
|-activate|p2a: Pelipper|move: Wide Guard
|-activate|p2b: Archaludon|move: Wide Guard
|move|p2b: Archaludon|Dragon Pulse|p1a: Torkoal
|-damage|p1a: Torkoal|62/100
|
|-weather|SunnyDay|[upkeep]
|-heal|p2b: Archaludon|98/100|[from] item: Leftovers
|upkeep
|turn|4
|inactive|ash_x_angel has 30 seconds left.
|
|t:|1782675719
|switch|p2a: Swampert|Swampert, L50, F|100/100
|move|p1a: Torkoal|Helping Hand|p1b: Pyroar
|-singleturn|p1b: Pyroar|Helping Hand|[of] p1a: Torkoal
|move|p1b: Pyroar|Flamethrower|p2b: Archaludon
|-damage|p2b: Archaludon|0 fnt
|faint|p2b: Archaludon
|
|-weather|SunnyDay|[upkeep]
|upkeep
|
|t:|1782675728
|switch|p2b: Pelipper|Pelipper, L50, M|100/100
|-weather|RainDance|[from] ability: Drizzle|[of] p2b: Pelipper
|turn|5
|
|t:|1782675744
|detailschange|p2a: Swampert|Swampert-Mega, L50, F
|-mega|p2a: Swampert|Swampert|Swampertite
|move|p1b: Pyroar|Protect|p1b: Pyroar
|-singleturn|p1b: Pyroar|Protect
|move|p2a: Swampert|Wave Crash|p1b: Pyroar
|-activate|p1b: Pyroar|move: Protect
|move|p2b: Pelipper|Weather Ball|p1a: Torkoal
|-supereffective|p1a: Torkoal|1
|-damage|p1a: Torkoal|0 fnt
|faint|p1a: Torkoal
|-damage|p2b: Pelipper|90/100|[from] item: Life Orb
|
|-weather|RainDance|[upkeep]
|upkeep
|
|t:|1782675757
|switch|p1a: Blastoise|Blastoise, L50, F|61/100
|turn|6
|
|t:|1782675774
|move|p2a: Swampert|Wave Crash|p1b: Pyroar
|-supereffective|p1b: Pyroar|1
|-damage|p1b: Pyroar|0 fnt
|faint|p1b: Pyroar
|-damage|p2a: Swampert|66/100|[from] Recoil
|move|p1a: Blastoise|Hydro Pump|p2a: Swampert
|-damage|p2a: Swampert|21/100
|move|p2b: Pelipper|Hurricane|p1a: Blastoise
|-damage|p1a: Blastoise|10/100
|-damage|p2b: Pelipper|80/100|[from] item: Life Orb
|
|-weather|RainDance|[upkeep]
|upkeep
|turn|7
|c|☆daphnesgarden|wp
|
|t:|1782675791
|move|p2a: Swampert|Wave Crash|p1a: Blastoise
|-resisted|p1a: Blastoise|1
|-damage|p1a: Blastoise|0 fnt
|faint|p1a: Blastoise
|-damage|p2a: Swampert|18/100|[from] Recoil
|
|win|daphnesgarden
|raw|ash_x_angel's rating: 1067 → 1047(-20 for losing)
|raw|daphnesgarden's rating: 1067 → 1097(+30 for winning)
