|j|☆Lemonade Insurance
|j|☆Traindelpivgc
|html|Lemonade InsuranceTraindelpivgc    
|uhtml|bestof|Game 2 of a best-of-3
|t:|1756221532
|gametype|doubles
|player|p1|Lemonade Insurance|265|1098
|player|p2|Traindelpivgc|hilbert-wonderlauncher|1158
|gen|9
|tier|[Gen 9] VGC 2025 Reg H (Bo3)
|rated|
|rule|Species Clause: Limit one of each Pokémon
|rule|Item Clause: Limit 1 of each item
|clearpoke
|poke|p1|Charizard, L50, M|
|poke|p1|Torkoal, L50, F|
|poke|p1|Porygon2, L50|
|poke|p1|Incineroar, L50, F|
|poke|p1|Jumpluff, L50, M|
|poke|p1|Ursaluna, L50, M|
|poke|p2|Incineroar, L50, M|
|poke|p2|Amoonguss, L50, M|
|poke|p2|Ursaluna-Bloodmoon, L50, M|
|poke|p2|Sneasler, L50, M|
|poke|p2|Gholdengo, L50|
|poke|p2|Dragonite, L50, F|
|teampreview|4
|showteam|p1|Charizard||ChoiceSpecs|SolarPower|HeatWave,Overheat,WeatherBall,AirSlash|||M|||50|,,,,,Ghost]Torkoal||EjectPack|Drought|Eruption,Overheat,HelpingHand,Protect|||F|||50|,,,,,Fire]Porygon2||Eviolite|Download|TeraBlast,IceBeam,Recover,TrickRoom||||||50|,,,,,Ghost]Incineroar||SitrusBerry|Intimidate|FlareBlitz,KnockOff,FakeOut,PartingShot|||F|||50|,,,,,Ghost]Jumpluff||CovertCloak|Chlorophyll|SleepPowder,SunnyDay,RagePowder,Tailwind|||M|||50|,,,,,Water]Ursaluna||FlameOrb|Guts|HeadlongRush,Facade,Earthquake,Protect|||M|||50|,,,,,Ghost
|showteam|p2|Incineroar||SafetyGoggles|Intimidate|FlareBlitz,KnockOff,PartingShot,FakeOut|||M|||50|,,,,,Ghost]Amoonguss||SitrusBerry|Regenerator|Spore,RagePowder,PollenPuff,Protect|||M|||50|,,,,,Psychic]Ursaluna-Bloodmoon||AssaultVest|MindsEye|HyperVoice,BloodMoon,EarthPower,VacuumWave|||M|||50|,,,,,Water]Sneasler||FocusSash|Unburden|CloseCombat,DireClaw,ThroatChop,Protect|||M|||50|,,,,,Stellar]Gholdengo||LifeOrb|GoodasGold|MakeItRain,ShadowBall,NastyPlot,Protect||||||50|,,,,,Water]Dragonite||LoadedDice|Multiscale|ScaleShot,Tailwind,Haze,Protect|||F|||50|,,,,,Fairy
|inactive|Battle timer is ON: inactive players will automatically lose when time's up. (requested by Lemonade Insurance)
|inactive|Traindelpivgc has 60 seconds left.
|
|t:|1756221588
|teamsize|p1|4
|teamsize|p2|4
|start
|switch|p1a: Torkoal|Torkoal, L50, F|100/100
|switch|p1b: Jumpluff|Jumpluff, L50, M|100/100
|switch|p2a: Amoonguss|Amoonguss, L50, M|100/100
|switch|p2b: Ursaluna|Ursaluna-Bloodmoon, L50, M|100/100
|-weather|SunnyDay|[from] ability: Drought|[of] p1a: Torkoal
|turn|1
|inactive|Lemonade Insurance has 30 seconds left.
|inactive|Traindelpivgc has 30 seconds left.
|inactive|Traindelpivgc has 20 seconds left.
|
|t:|1756221628
|switch|p2b: Incineroar|Incineroar, L50, M|100/100
|-ability|p2b: Incineroar|Intimidate|boost
|-unboost|p1a: Torkoal|atk|1
|-unboost|p1b: Jumpluff|atk|1
|-enditem|p1a: Torkoal|Eject Pack
|
|t:|1756221635
|switch|p1a: Charizard|Charizard, L50, M|100/100
|-terastallize|p2a: Amoonguss|Psychic
|move|p1b: Jumpluff|Sleep Powder|p2b: Incineroar
|-activate|p2b: Incineroar|item: Safety Goggles|Sleep Powder
|move|p2a: Amoonguss|Spore|p1a: Charizard
|-status|p1a: Charizard|slp|[from] move: Spore
|
|-weather|SunnyDay|[upkeep]
|-damage|p1a: Charizard|88/100 slp|[from] ability: Solar Power|[of] p1a: Charizard
|upkeep
|turn|2
|inactive|Traindelpivgc has 30 seconds left.
|inactive|Traindelpivgc has 20 seconds left.
|
|t:|1756221675
|-terastallize|p1b: Jumpluff|Water
|move|p1b: Jumpluff|Sleep Powder|p2a: Amoonguss
|-status|p2a: Amoonguss|slp|[from] move: Sleep Powder
|cant|p1a: Charizard|slp
|move|p2b: Incineroar|Knock Off|p1b: Jumpluff
|-damage|p1b: Jumpluff|46/100
|-enditem|p1b: Jumpluff|Covert Cloak|[from] move: Knock Off|[of] p2b: Incineroar
|cant|p2a: Amoonguss|slp
|
|-weather|SunnyDay|[upkeep]
|-damage|p1a: Charizard|76/100 slp|[from] ability: Solar Power|[of] p1a: Charizard
|upkeep
|turn|3
|
|t:|1756221696
|-curestatus|p2a: Amoonguss|slp|[msg]
|move|p2a: Amoonguss|Rage Powder|p2a: Amoonguss
|-singleturn|p2a: Amoonguss|move: Rage Powder
|move|p1b: Jumpluff|Tailwind|p1b: Jumpluff
|-sidestart|p1: Lemonade Insurance|move: Tailwind
|cant|p1a: Charizard|slp
|move|p2b: Incineroar|Parting Shot|p1a: Charizard
|-unboost|p1a: Charizard|atk|1
|-unboost|p1a: Charizard|spa|1
|
|t:|1756221706
|switch|p2b: Ursaluna|Ursaluna-Bloodmoon, L50, M|100/100|[from] Parting Shot
|
|-weather|SunnyDay|[upkeep]
|-damage|p1a: Charizard|63/100 slp|[from] ability: Solar Power|[of] p1a: Charizard
|upkeep
|turn|4
|inactive|Traindelpivgc has 30 seconds left.
|inactive|Traindelpivgc has 20 seconds left.
|inactive|Traindelpivgc has 15 seconds left.
|inactive|Traindelpivgc has 10 seconds left.
|
|t:|1756221754
|move|p2a: Amoonguss|Rage Powder|p2a: Amoonguss
|-singleturn|p2a: Amoonguss|move: Rage Powder
|move|p1b: Jumpluff|Sleep Powder|p2a: Amoonguss|[miss]
|-miss|p1b: Jumpluff|p2a: Amoonguss
|-curestatus|p1a: Charizard|slp|[msg]
|move|p1a: Charizard|Heat Wave|p2b: Ursaluna|[spread] p2a
|-miss|p1a: Charizard|p2b: Ursaluna
|-damage|p2a: Amoonguss|40/100
|-enditem|p2a: Amoonguss|Sitrus Berry|[eat]
|-heal|p2a: Amoonguss|65/100|[from] item: Sitrus Berry
|move|p2b: Ursaluna|Earth Power|p1a: Charizard
|-immune|p1a: Charizard
|
|-weather|SunnyDay|[upkeep]
|-damage|p1a: Charizard|51/100|[from] ability: Solar Power|[of] p1a: Charizard
|upkeep
|turn|5
|inactive|Lemonade Insurance has 30 seconds left.
|
|t:|1756221783
|switch|p2b: Incineroar|Incineroar, L50, M|100/100
|-ability|p2b: Incineroar|Intimidate|boost
|-unboost|p1a: Charizard|atk|1
|-unboost|p1b: Jumpluff|atk|1
|move|p2a: Amoonguss|Protect|p2a: Amoonguss
|-singleturn|p2a: Amoonguss|Protect
|move|p1b: Jumpluff|Sleep Powder|p2b: Incineroar
|-activate|p2b: Incineroar|item: Safety Goggles|Sleep Powder
|move|p1a: Charizard|Heat Wave|p2a: Amoonguss|[spread] p2b
|-activate|p2a: Amoonguss|move: Protect
|-resisted|p2b: Incineroar
|-damage|p2b: Incineroar|68/100
|
|-weather|none
|upkeep
|turn|6
|
|t:|1756221804
|switch|p1a: Ursaluna|Ursaluna, L50, M|100/100
|move|p2b: Incineroar|Fake Out|p1b: Jumpluff
|-crit|p1b: Jumpluff
|-damage|p1b: Jumpluff|25/100
|cant|p1b: Jumpluff|flinch
|move|p2a: Amoonguss|Spore|p1a: Ursaluna
|-status|p1a: Ursaluna|slp|[from] move: Spore
|
|-sideend|p1: Lemonade Insurance|move: Tailwind
|upkeep
|turn|7
|inactive|Lemonade Insurance has 30 seconds left.
|inactive|Lemonade Insurance has 20 seconds left.
|
|t:|1756221841
|move|p1b: Jumpluff|Tailwind|p1b: Jumpluff
|-sidestart|p1: Lemonade Insurance|move: Tailwind
|cant|p1a: Ursaluna|slp
|move|p2b: Incineroar|Parting Shot|p1a: Ursaluna
|-unboost|p1a: Ursaluna|atk|1
|-unboost|p1a: Ursaluna|spa|1
|
|t:|1756221848
|switch|p2b: Sneasler|Sneasler, L50, M|100/100|[from] Parting Shot
|move|p2a: Amoonguss|Pollen Puff|p1b: Jumpluff
|-damage|p1b: Jumpluff|5/100
|
|upkeep
|turn|8
|
|t:|1756221866
|move|p2a: Amoonguss|Rage Powder|p2a: Amoonguss
|-singleturn|p2a: Amoonguss|move: Rage Powder
|move|p1b: Jumpluff|Sleep Powder|p2a: Amoonguss
|-status|p2a: Amoonguss|slp|[from] move: Sleep Powder
|move|p2b: Sneasler|Close Combat|p1a: Ursaluna
|-supereffective|p1a: Ursaluna
|-damage|p1a: Ursaluna|5/100 slp
|-unboost|p2b: Sneasler|def|1
|-unboost|p2b: Sneasler|spd|1
|cant|p1a: Ursaluna|slp
|
|upkeep
|turn|9
|inactive|Traindelpivgc has 30 seconds left.
|
|t:|1756221899
|switch|p2a: Incineroar|Incineroar, L50, M|68/100
|-ability|p2a: Incineroar|Intimidate|boost
|-unboost|p1a: Ursaluna|atk|1
|-unboost|p1b: Jumpluff|atk|1
|move|p2b: Sneasler|Protect|p2b: Sneasler
|-singleturn|p2b: Sneasler|Protect
|move|p1b: Jumpluff|Sleep Powder|p2b: Sneasler
|-activate|p2b: Sneasler|move: Protect
|cant|p1a: Ursaluna|slp
|
|upkeep
|turn|10
|
|t:|1756221924
|switch|p1a: Torkoal|Torkoal, L50, F|100/100
|-weather|SunnyDay|[from] ability: Drought|[of] p1a: Torkoal
|move|p2a: Incineroar|Fake Out|p1b: Jumpluff
|-damage|p1b: Jumpluff|0 fnt
|faint|p1b: Jumpluff
|move|p2b: Sneasler|Close Combat|p1a: Torkoal
|-damage|p1a: Torkoal|55/100
|-unboost|p2b: Sneasler|def|1
|-unboost|p2b: Sneasler|spd|1
|
|-weather|SunnyDay|[upkeep]
|-sideend|p1: Lemonade Insurance|move: Tailwind
|upkeep
|
|t:|1756221937
|switch|p1b: Charizard|Charizard, L50, M|51/100
|turn|11
|
|t:|1756221954
|move|p2b: Sneasler|Protect|p2b: Sneasler
|-singleturn|p2b: Sneasler|Protect
|move|p1b: Charizard|Heat Wave|p2b: Sneasler|[spread] 
|-activate|p2b: Sneasler|move: Protect
|-miss|p1b: Charizard|p2a: Incineroar
|move|p2a: Incineroar|Parting Shot|p1b: Charizard
|-unboost|p1b: Charizard|atk|1
|-unboost|p1b: Charizard|spa|1
|l|☆Lemonade Insurance
|inactive|Lemonade Insurance disconnected and has a minute to reconnect!
|player|p1|
|
|t:|1756221963
|switch|p2a: Ursaluna|Ursaluna-Bloodmoon, L50, M|100/100|[from] Parting Shot
|move|p1a: Torkoal|Overheat|p2b: Sneasler
|-activate|p2b: Sneasler|move: Protect
|
|-weather|SunnyDay|[upkeep]
|-damage|p1b: Charizard|38/100|[from] ability: Solar Power|[of] p1b: Charizard
|upkeep
|turn|12
|j|☆Lemonade Insurance
|inactive|Lemonade Insurance reconnected and has 55 seconds left.
|player|p1|Lemonade Insurance|265|
|l|☆Lemonade Insurance
|inactive|Lemonade Insurance disconnected and has a minute to reconnect!
|player|p1|
|-message|Lemonade Insurance forfeited.
|raw|Lemonade Insurance's rating: 1098 → 1078(-20 for losing)
|raw|Traindelpivgc's rating: 1158 → 1179(+21 for winning)
|
|win|Traindelpivgc
|c|☆Traindelpivgc|gg
