|j|☆hexagonfoot
|j|☆HLS_Filipe
|html|hexagonfootHLS_Filipe    
|uhtml|bestof|Game 2 of a best-of-3
|t:|1756652115
|gametype|doubles
|player|p1|hexagonfoot|caitlin|1250
|player|p2|HLS_Filipe|hilbert-wonderlauncher|1245
|gen|9
|tier|[Gen 9] VGC 2025 Reg H (Bo3)
|rated|
|rule|Species Clause: Limit one of each Pokémon
|rule|Item Clause: Limit 1 of each item
|clearpoke
|poke|p1|Kingambit, L50, M|
|poke|p1|Primarina, L50, M|
|poke|p1|Sneasler, L50, M|
|poke|p1|Magmar, L50, F|
|poke|p1|Rillaboom, L50, M|
|poke|p1|Dragapult, L50, F|
|poke|p2|Excadrill, L50, F|
|poke|p2|Tyranitar, L50, M|
|poke|p2|Emboar, L50, F|
|poke|p2|Indeedee-F, L50, F|
|poke|p2|Hatterene, L50, F|
|poke|p2|Gyarados, L50, M|
|teampreview|4
|showteam|p1|Kingambit||BlackGlasses|Defiant|KowtowCleave,SuckerPunch,SwordsDance,Protect|||M|||50|,,,,,Ghost]Primarina||SitrusBerry|LiquidVoice|HyperVoice,Moonblast,Haze,Protect|||M|||50|,,,,,Water]Sneasler||FocusSash|PoisonTouch|CloseCombat,DireClaw,FakeOut,Protect|||M|||50|,,,,,Stellar]Magmar||Eviolite|VitalSpirit|Overheat,WillOWisp,FollowMe,Protect|||F|||50|,,,,,Ghost]Rillaboom||AssaultVest|GrassySurge|WoodHammer,GrassyGlide,HighHorsepower,FakeOut|||M|||50|,,,,,Fire]Dragapult||ChoiceBand|ClearBody|DragonDarts,PhantomForce,TeraBlast,Uturn|||F|||50|,,,,,Ghost
|showteam|p2|Excadrill||FocusSash|SandRush|HighHorsepower,IronHead,Protect,SwordsDance|||F|||50|,,,,,Stellar]Tyranitar||AssaultVest|SandStream|RockSlide,KnockOff,TeraBlast,IceBeam|||M|||50|,,,,,Flying]Emboar||ClearAmulet|Reckless|FlareBlitz,CloseCombat,Protect,WildCharge|||F|||50|,,,,,Grass]Indeedee-F||SafetyGoggles|PsychicSurge|FollowMe,TrickRoom,HelpingHand,Psychic|||F|||50|,,,,,Fairy]Hatterene||LifeOrb|MagicBounce|ExpandingForce,DazzlingGleam,MysticalFire,TrickRoom|||F|||50|,,,,,Fire]Gyarados||CovertCloak|Intimidate|Waterfall,Protect,ThunderWave,Taunt|||M|||50|,,,,,Steel
|inactive|Battle timer is ON: inactive players will automatically lose when time's up. (requested by HLS_Filipe)
|
|t:|1756652145
|teamsize|p1|4
|teamsize|p2|4
|start
|switch|p1a: Syon Lane|Magmar, L50, F|100/100
|switch|p1b: Headstone Lane|Dragapult, L50, F|100/100
|switch|p2a: Excadrill|Excadrill, L50, F|100/100
|switch|p2b: Tyranitar|Tyranitar, L50, M|100/100
|-weather|Sandstorm|[from] ability: Sand Stream|[of] p2b: Tyranitar
|turn|1
|inactive|HLS_Filipe has 30 seconds left.
|
|t:|1756652175
|move|p1a: Syon Lane|Protect|p1a: Syon Lane
|-singleturn|p1a: Syon Lane|Protect
|move|p2a: Excadrill|High Horsepower|p1a: Syon Lane
|-activate|p1a: Syon Lane|move: Protect
|move|p1b: Headstone Lane|U-turn|p2b: Tyranitar
|-supereffective|p2b: Tyranitar
|-damage|p2b: Tyranitar|47/100
|
|t:|1756652182
|switch|p1b: Canary Wharf|Primarina, L50, M|100/100|[from] U-turn
|move|p2b: Tyranitar|Knock Off|p1a: Syon Lane
|-activate|p1a: Syon Lane|move: Protect
|
|-weather|Sandstorm|[upkeep]
|-damage|p1a: Syon Lane|95/100|[from] Sandstorm
|-damage|p1b: Canary Wharf|95/100|[from] Sandstorm
|upkeep
|turn|2
|
|t:|1756652203
|switch|p1a: Hampstead Heath|Rillaboom, L50, M|100/100
|-fieldstart|move: Grassy Terrain|[from] ability: Grassy Surge|[of] p1a: Hampstead Heath
|switch|p2b: Gyarados|Gyarados, L50, M|100/100
|-ability|p2b: Gyarados|Intimidate|boost
|-unboost|p1a: Hampstead Heath|atk|1
|-unboost|p1b: Canary Wharf|atk|1
|move|p2a: Excadrill|Iron Head|p1b: Canary Wharf
|-damage|p1b: Canary Wharf|44/100
|-enditem|p1b: Canary Wharf|Sitrus Berry|[eat]
|-heal|p1b: Canary Wharf|69/100|[from] item: Sitrus Berry
|move|p1b: Canary Wharf|Hyper Voice|p2b: Gyarados|[spread] p2a,p2b
|-supereffective|p2a: Excadrill
|-resisted|p2b: Gyarados
|-crit|p2b: Gyarados
|-damage|p2a: Excadrill|9/100
|-damage|p2b: Gyarados|83/100
|
|-weather|Sandstorm|[upkeep]
|-damage|p1a: Hampstead Heath|94/100|[from] Sandstorm
|-damage|p2b: Gyarados|77/100|[from] Sandstorm
|-damage|p1b: Canary Wharf|63/100|[from] Sandstorm
|-heal|p2a: Excadrill|15/100|[from] Grassy Terrain
|-heal|p1a: Hampstead Heath|100/100|[from] Grassy Terrain
|-heal|p1b: Canary Wharf|69/100|[from] Grassy Terrain
|upkeep
|turn|3
|inactive|hexagonfoot has 30 seconds left.
|
|t:|1756652230
|move|p2a: Excadrill|Protect|p2a: Excadrill
|-singleturn|p2a: Excadrill|Protect
|move|p1a: Hampstead Heath|Wood Hammer|p2b: Gyarados
|-damage|p2b: Gyarados|24/100
|-damage|p1a: Hampstead Heath|83/100|[from] Recoil
|move|p2b: Gyarados|Waterfall|p1b: Canary Wharf
|-resisted|p1b: Canary Wharf
|-damage|p1b: Canary Wharf|51/100
|move|p1b: Canary Wharf|Hyper Voice|p2a: Excadrill|[spread] p2b
|-activate|p2a: Excadrill|move: Protect
|-resisted|p2b: Gyarados
|-damage|p2b: Gyarados|12/100
|
|-weather|Sandstorm|[upkeep]
|-damage|p1a: Hampstead Heath|77/100|[from] Sandstorm
|-damage|p2b: Gyarados|6/100|[from] Sandstorm
|-damage|p1b: Canary Wharf|45/100|[from] Sandstorm
|-heal|p2a: Excadrill|20/100|[from] Grassy Terrain
|-heal|p1a: Hampstead Heath|83/100|[from] Grassy Terrain
|-heal|p1b: Canary Wharf|51/100|[from] Grassy Terrain
|upkeep
|turn|4
|inactive|HLS_Filipe has 30 seconds left.
|
|t:|1756652260
|switch|p2b: Emboar|Emboar, L50, F|100/100
|move|p1a: Hampstead Heath|Grassy Glide|p2a: Excadrill
|-crit|p2a: Excadrill
|-damage|p2a: Excadrill|0 fnt
|faint|p2a: Excadrill
|move|p1b: Canary Wharf|Hyper Voice|p2b: Emboar
|-supereffective|p2b: Emboar
|-damage|p2b: Emboar|16/100
|
|-weather|Sandstorm|[upkeep]
|-damage|p1a: Hampstead Heath|77/100|[from] Sandstorm
|-damage|p1b: Canary Wharf|45/100|[from] Sandstorm
|-damage|p2b: Emboar|10/100|[from] Sandstorm
|-heal|p1a: Hampstead Heath|83/100|[from] Grassy Terrain
|-heal|p1b: Canary Wharf|51/100|[from] Grassy Terrain
|-heal|p2b: Emboar|16/100|[from] Grassy Terrain
|upkeep
|
|t:|1756652265
|switch|p2a: Gyarados|Gyarados, L50, M|6/100
|-ability|p2a: Gyarados|Intimidate|boost
|-unboost|p1a: Hampstead Heath|atk|1
|-unboost|p1b: Canary Wharf|atk|1
|turn|5
|-message|HLS_Filipe forfeited.
|raw|hexagonfoot's rating: 1250 → 1275(+25 for winning)
|raw|HLS_Filipe's rating: 1245 → 1220(-25 for losing)
|
|win|hexagonfoot
|l|☆HLS_Filipe
|player|p2|
