|j|☆TubeKnight
|j|☆void25o
|html|TubeKnightvoid25o    
|uhtml|bestof|Game 1 of a best-of-3
|t:|1785635617
|gametype|doubles
|player|p1|TubeKnight|veteran|
|player|p2|void25o|raihan-masters|
|gen|9
|tier|[Gen 9 Champions] VGC 2026 Reg M-B (Bo3)
|rule|Species Clause: Limit one of each Pokémon
|rule|Item Clause: Limit 1 of each item
|clearpoke
|poke|p1|Staraptor, L50, F|
|poke|p1|Whimsicott, L50, F|
|poke|p1|Gholdengo, L50|
|poke|p1|Incineroar, L50, F, shiny|
|poke|p1|Garchomp, L50, F|
|poke|p1|Charizard, L50, M, shiny|
|poke|p2|Garchomp, L50, F|
|poke|p2|Whimsicott, L50, F|
|poke|p2|Gengar, L50, M|
|poke|p2|Delphox, L50, F|
|poke|p2|Tsareena, L50, F, shiny|
|poke|p2|Basculegion, L50, M|
|teampreview|4
|showteam|p1|Staraptor||Staraptite|Intimidate|CloseCombat,BraveBird,Protect,Roost|Jolly||F|||50|]Whimsicott||FocusSash|Prankster|Moonblast,Charm,Tailwind,Encore|Timid||F|||50|]Gholdengo||LifeOrb|GoodasGold|ShadowBall,MakeItRain,Protect,NastyPlot|Modest|||||50|]Incineroar||SitrusBerry|Intimidate|DarkestLariat,FakeOut,PartingShot,FlareBlitz|Careful||F|||50|]Garchomp||ChoiceScarf|RoughSkin|Earthquake,StompingTantrum,DragonClaw,RockSlide|Adamant||F|||50|]Charizard||CharizarditeY|Blaze|HeatWave,Protect,SolarBeam,WeatherBall|Modest||M|||50|
|showteam|p2|Garchomp||LifeOrb|RoughSkin|DragonClaw,Earthquake,RockSlide,Protect|Jolly||F|||50|]Whimsicott||FocusSash|Prankster|Moonblast,Encore,Tailwind,Protect|Timid||F|||50|]Gengar||Gengarite|CursedBody|ShadowBall,Disable,SludgeBomb,Protect|Timid||M|||50|]Delphox||Delphoxite|Blaze|HeatWave,Psychic,Encore,Protect|Timid||F|||50|]Tsareena||WideLens|QueenlyMajesty|PowerWhip,HighJumpKick,TripleAxel,Protect|Adamant||F|||50|]Basculegion||MysticWater|Adaptability|WaveCrash,LastRespects,AquaJet,Protect|Adamant||M|||50|
|c|☆TubeKnight|Glhf
|c|☆void25o|glhf
|
|t:|1785635701
|teamsize|p1|4
|teamsize|p2|4
|start
|switch|p1a: Charizard|Charizard, L50, M, shiny|100/100
|switch|p1b: Whimsicott|Whimsicott, L50, F|100/100
|switch|p2a: Jaun|Basculegion, L50, M|100/100
|switch|p2b: Jawn|Whimsicott, L50, F|100/100
|turn|1
|
|t:|1785635737
|detailschange|p1a: Charizard|Charizard-Mega-Y, L50, M, shiny
|-mega|p1a: Charizard|Charizard|Charizardite Y
|-weather|SunnyDay|[from] ability: Drought|[of] p1a: Charizard
|move|p2a: Jaun|Protect|p2a: Jaun
|-singleturn|p2a: Jaun|Protect
|move|p2b: Jawn|Tailwind|p2b: Jawn
|-sidestart|p2: void25o|move: Tailwind
|move|p1b: Whimsicott|Moonblast|p2b: Jawn
|-damage|p2b: Jawn|43/100
|move|p1a: Charizard|Heat Wave|p2b: Jawn|[spread] p2b
|-activate|p2a: Jaun|move: Protect
|-supereffective|p2b: Jawn|1
|-damage|p2b: Jawn|0 fnt
|faint|p2b: Jawn
|
|-weather|SunnyDay|[upkeep]
|upkeep
|
|t:|1785635746
|switch|p2b: Delphox|Delphox, L50, F|100/100
|turn|2
|
|t:|1785635762
|detailschange|p2b: Delphox|Delphox-Mega, L50, F
|-mega|p2b: Delphox|Delphox|Delphoxite
|move|p1b: Whimsicott|Tailwind|p1b: Whimsicott
|-sidestart|p1: TubeKnight|move: Tailwind
|move|p2b: Delphox|Heat Wave|p1a: Charizard|[spread] p1a,p1b
|-resisted|p1a: Charizard|1
|-supereffective|p1b: Whimsicott|1
|-damage|p1a: Charizard|69/100
|-enditem|p1b: Whimsicott|Focus Sash
|-damage|p1b: Whimsicott|1/100
|move|p1a: Charizard|Weather Ball|p2b: Delphox
|-resisted|p2b: Delphox|1
|-damage|p2b: Delphox|55/100
|move|p2a: Jaun|Wave Crash|p1a: Charizard
|-supereffective|p1a: Charizard|1
|-damage|p1a: Charizard|0 fnt
|faint|p1a: Charizard
|-damage|p2a: Jaun|80/100|[from] Recoil
|
|-weather|SunnyDay|[upkeep]
|upkeep
|
|t:|1785635779
|switch|p1a: Garchomp|Garchomp, L50, F|100/100
|turn|3
|
|t:|1785635804
|switch|p1b: Incineroar|Incineroar, L50, F, shiny|100/100
|-ability|p1b: Incineroar|Intimidate|boost
|-unboost|p2a: Jaun|atk|1
|-unboost|p2b: Delphox|atk|1
|move|p1a: Garchomp|Dragon Claw|p2b: Delphox
|-damage|p2b: Delphox|0 fnt
|faint|p2b: Delphox
|move|p2a: Jaun|Last Respects|p1a: Garchomp
|-damage|p1a: Garchomp|31/100
|
|-weather|SunnyDay|[upkeep]
|upkeep
|
|t:|1785635813
|switch|p2b: Jean|Garchomp, L50, F|100/100
|turn|4
|
|t:|1785635820
|move|p2b: Jean|Protect|p2b: Jean
|-singleturn|p2b: Jean|Protect
|move|p1b: Incineroar|Fake Out|p2b: Jean
|-activate|p2b: Jean|move: Protect
|move|p1a: Garchomp|Dragon Claw|p2a: Jaun
|-damage|p2a: Jaun|24/100
|move|p2a: Jaun|Last Respects|p1a: Garchomp
|-damage|p1a: Garchomp|0 fnt
|faint|p1a: Garchomp
|
|-weather|SunnyDay|[upkeep]
|-sideend|p2: void25o|move: Tailwind
|upkeep
|
|t:|1785635830
|switch|p1a: Whimsicott|Whimsicott, L50, F|1/100
|turn|5
|
|t:|1785635839
|move|p1a: Whimsicott|Encore|p2b: Jean
|-start|p2b: Jean|Encore
|move|p2b: Jean|Protect|p2b: Jean
|-singleturn|p2b: Jean|Protect
|move|p1b: Incineroar|Darkest Lariat|p2a: Jaun
|-supereffective|p2a: Jaun|1
|-damage|p2a: Jaun|0 fnt
|faint|p2a: Jaun
|
|-weather|none
|-sideend|p1: TubeKnight|move: Tailwind
|upkeep
|turn|6
|
|t:|1785635883
|move|p2b: Jean|Protect||[still]
|-fail|p2b: Jean
|move|p1a: Whimsicott|Moonblast|p2b: Jean
|-supereffective|p2b: Jean|1
|-damage|p2b: Jean|25/100
|move|p1b: Incineroar|Darkest Lariat|p2b: Jean
|-damage|p2b: Jean|0 fnt
|-damage|p1b: Incineroar|87/100|[from] ability: Rough Skin|[of] p2b: Jean
|faint|p2b: Jean
|
|win|TubeKnight
||void25o is ready for game 2.
