|j|☆Prepucio Santos
|j|☆kheld
|html|Prepucio Santoskheld    
|uhtml|bestof|Game 2 of a best-of-3
|t:|1783534607
|gametype|doubles
|player|p1|Prepucio Santos|striker|1353
|player|p2|kheld|1|1381
|gen|9
|tier|[Gen 9 Champions] VGC 2026 Reg M-B (Bo3)
|rated|
|rule|Species Clause: Limit one of each Pokémon
|rule|Item Clause: Limit 1 of each item
|clearpoke
|poke|p1|Incineroar, L50, F|
|poke|p1|Sinistcha-Masterpiece, L50, shiny|
|poke|p1|Floette-Eternal, L50, F|
|poke|p1|Kingambit, L50, M|
|poke|p1|Sneasler, L50, M|
|poke|p1|Delphox, L50, F, shiny|
|poke|p2|Farigiraf, L50, F|
|poke|p2|Incineroar, L50, M|
|poke|p2|Camerupt, L50, M|
|poke|p2|Abomasnow, L50, F|
|poke|p2|Kingambit, L50, F|
|poke|p2|Vivillon-Fancy, L50, M|
|teampreview|4
|showteam|p1|Incineroar||SitrusBerry|Intimidate|FakeOut,PartingShot,ThroatChop,FlareBlitz|Careful||F|||50|]Sinistcha-Masterpiece||KasibBerry|Hospitality|MatchaGotcha,LifeDew,RagePowder,TrickRoom|Bold|||||50|]Floette-Eternal||Floettite|FlowerVeil|Moonblast,DazzlingGleam,CalmMind,Protect|Modest||F|||50|]Kingambit||BlackGlasses|Defiant|KowtowCleave,SuckerPunch,SwordsDance,Protect|Adamant||M|||50|]Sneasler||FocusSash|PoisonTouch|FakeOut,CloseCombat,DireClaw,QuickGuard|Jolly||M|||50|]Delphox||Delphoxite|Blaze|HeatWave,Psyshock,NastyPlot,Protect|Timid||F|||50|
|showteam|p2|Farigiraf||SitrusBerry|ArmorTail|TrickRoom,HelpingHand,Psychic,Protect|Sassy||F|||50|]Incineroar||LifeOrb|Intimidate|FakeOut,FlareBlitz,PartingShot,DarkestLariat|Brave||M|||50|]Camerupt||Cameruptite|MagmaArmor|HeatWave,Earthquake,AncientPower,Protect|Quiet||M|||50|]Abomasnow||Abomasite|SnowWarning|Blizzard,EnergyBall,IceShard,EarthPower|Quiet||F|||50|]Kingambit||BlackGlasses|Defiant|KowtowCleave,SuckerPunch,IronHead,SwordsDance|Brave||F|||50|]Vivillon-Fancy||FocusSash|CompoundEyes|SleepPowder,RagePowder,Hurricane,Protect|Timid||M|||50|
|inactive|Battle timer is ON: inactive players will automatically lose when time's up. (requested by kheld)
|
|t:|1783534645
|teamsize|p1|4
|teamsize|p2|4
|start
|switch|p1a: Sneasler|Sneasler, L50, M|100/100
|switch|p1b: Kingambit|Kingambit, L50, M|100/100
|switch|p2a: Farigiraf|Farigiraf, L50, F|100/100
|switch|p2b: Incineroar|Incineroar, L50, M|100/100
|-ability|p2b: Incineroar|Intimidate|boost
|-unboost|p1a: Sneasler|atk|1
|-unboost|p1b: Kingambit|atk|1
|-ability|p1b: Kingambit|Defiant|boost
|-boost|p1b: Kingambit|atk|2
|turn|1
|
|t:|1783534657
|move|p1a: Sneasler|Quick Guard|p1a: Sneasler
|-singleturn|p1a: Sneasler|Quick Guard
|move|p2b: Incineroar|Flare Blitz|p1b: Kingambit
|-supereffective|p1b: Kingambit|1
|-crit|p1b: Kingambit
|-damage|p1b: Kingambit|0 fnt
|faint|p1b: Kingambit
|-damage|p2b: Incineroar|66/100|[from] Recoil
|-damage|p2b: Incineroar|56/100|[from] item: Life Orb
|move|p2a: Farigiraf|Trick Room|p2a: Farigiraf
|-fieldstart|move: Trick Room|[of] p2a: Farigiraf
|
|upkeep
|
|t:|1783534666
|switch|p1b: Floette|Floette-Eternal, L50, F|100/100
|turn|2
|inactive|kheld has 30 seconds left.
|
|t:|1783534697
|detailschange|p1b: Floette|Floette-Mega, L50, F
|-mega|p1b: Floette|Floette|Floettite
|-ability|p1b: Floette|Fairy Aura
|move|p2b: Incineroar|Parting Shot|p1a: Sneasler
|-unboost|p1a: Sneasler|atk|1
|-unboost|p1a: Sneasler|spa|1
|
|t:|1783534706
|switch|p2b: Camerupt|Camerupt, L50, M|100/100|[from] Parting Shot
|move|p2a: Farigiraf|Psychic|p1a: Sneasler
|-supereffective|p1a: Sneasler|2
|-enditem|p1a: Sneasler|Focus Sash
|-damage|p1a: Sneasler|1/100
|move|p1b: Floette|Calm Mind|p1b: Floette
|-boost|p1b: Floette|spa|1
|-boost|p1b: Floette|spd|1
|move|p1a: Sneasler|Close Combat|p2b: Camerupt
|-damage|p2b: Camerupt|62/100
|-unboost|p1a: Sneasler|def|1
|-unboost|p1a: Sneasler|spd|1
|-status|p2b: Camerupt|psn|[from] ability: Poison Touch|[of] p1a: Sneasler
|
|-damage|p2b: Camerupt|49/100 psn|[from] psn
|upkeep
|turn|3
|
|t:|1783534723
|detailschange|p2b: Camerupt|Camerupt-Mega, L50, M
|-mega|p2b: Camerupt|Camerupt|Cameruptite
|move|p2a: Farigiraf|Helping Hand|p2b: Camerupt
|-singleturn|p2b: Camerupt|Helping Hand|[of] p2a: Farigiraf
|move|p2b: Camerupt|Heat Wave|p1b: Floette|[spread] p1a,p1b
|-damage|p1a: Sneasler|0 fnt
|-damage|p1b: Floette|62/100
|faint|p1a: Sneasler
|move|p1b: Floette|Moonblast|p2b: Camerupt
|-resisted|p2b: Camerupt|1
|-damage|p2b: Camerupt|0 fnt
|faint|p2b: Camerupt
|
|upkeep
|
|t:|1783534731
|switch|p2b: Kingambit|Kingambit, L50, F|100/100
|switch|p1a: Sinistcha|Sinistcha-Masterpiece, L50, shiny|100/100
|-heal|p1b: Floette|87/100|[from] ability: Hospitality|[of] p1a: Sinistcha
|turn|4
|
|t:|1783534752
|move|p1a: Sinistcha|Rage Powder|p1a: Sinistcha
|-singleturn|p1a: Sinistcha|move: Rage Powder
|move|p2b: Kingambit|Kowtow Cleave|p1a: Sinistcha
|-supereffective|p1a: Sinistcha|1
|-damage|p1a: Sinistcha|4/100
|move|p2a: Farigiraf|Psychic|p1a: Sinistcha
|-damage|p1a: Sinistcha|0 fnt
|faint|p1a: Sinistcha
|move|p1b: Floette|Moonblast|p2b: Kingambit
|-damage|p2b: Kingambit|0 fnt
|faint|p2b: Kingambit
|
|upkeep
|
|t:|1783534761
|switch|p2b: Incineroar|Incineroar, L50, M|56/100
|-ability|p2b: Incineroar|Intimidate|boost
|-unboost|p1b: Floette|atk|1
|turn|5
|
|t:|1783534768
|move|p1b: Floette|Protect|p1b: Floette
|-singleturn|p1b: Floette|Protect
|move|p2b: Incineroar|Fake Out|p1b: Floette
|-activate|p1b: Floette|move: Protect
|move|p2a: Farigiraf|Psychic|p1b: Floette
|-activate|p1b: Floette|move: Protect
|
|-fieldend|move: Trick Room
|upkeep
|turn|6
|
|t:|1783534774
|move|p1b: Floette|Dazzling Gleam|p2a: Farigiraf|[spread] p2a,p2b
|-damage|p2a: Farigiraf|46/100
|-damage|p2b: Incineroar|0 fnt
|-enditem|p2a: Farigiraf|Sitrus Berry|[eat]
|-heal|p2a: Farigiraf|71/100|[from] item: Sitrus Berry
|faint|p2b: Incineroar
|move|p2a: Farigiraf|Psychic|p1b: Floette
|-crit|p1b: Floette
|-damage|p1b: Floette|54/100
|-unboost|p1b: Floette|spd|1
|
|upkeep
|turn|7
|
|t:|1783534782
|move|p1b: Floette|Moonblast|p2a: Farigiraf
|-damage|p2a: Farigiraf|0 fnt
|faint|p2a: Farigiraf
|
|win|Prepucio Santos
