|j|☆dookyinmycookie
|j|☆P3pp0uz
|html|dookyinmycookieP3pp0uz    
|uhtml|bestof|Game 3 of a best-of-3
|t:|1783008605
|gametype|doubles
|player|p1|dookyinmycookie|skyla|1089
|player|p2|P3pp0uz|266|1025
|gen|9
|tier|[Gen 9 Champions] VGC 2026 Reg M-B (Bo3)
|rated|
|rule|Species Clause: Limit one of each Pokémon
|rule|Item Clause: Limit 1 of each item
|clearpoke
|poke|p1|Blastoise, L50, M, shiny|
|poke|p1|Sinistcha-Masterpiece, L50, shiny|
|poke|p1|Aerodactyl, L50, M, shiny|
|poke|p1|Sableye, L50, F, shiny|
|poke|p1|Araquanid, L50, M, shiny|
|poke|p1|Basculegion, L50, M, shiny|
|poke|p2|Gholdengo, L50|
|poke|p2|Whimsicott, L50, F|
|poke|p2|Garchomp, L50, F|
|poke|p2|Charizard, L50, F|
|poke|p2|Basculegion, L50, M|
|poke|p2|Sneasler, L50, F|
|teampreview|4
|showteam|p1|Blastoise||Blastoisinite|Torrent|FakeOut,WaterSpout,DarkPulse,AuraSphere|Modest||M|||50|]Sinistcha-Masterpiece||Leftovers|Hospitality|RagePowder,TrickRoom,MatchaGotcha,Protect|Modest|||||50|]Aerodactyl||FocusSash|Unnerve|Tailwind,RockSlide,Crunch,Protect|Jolly||M|||50|]Sableye||RoseliBerry|Prankster|FakeOut,Quash,RainDance,LightScreen|Careful||F|||50|]Araquanid||SitrusBerry|WaterBubble|Liquidation,LeechLife,WideGuard,Protect|Brave||M|||50|]Basculegion||LifeOrb|Adaptability|WaveCrash,LastRespects,FlipTurn,Protect|Brave||M|||50|
|showteam|p2|Gholdengo||MetalCoat|GoodasGold|ShadowBall,MakeItRain,NastyPlot,Protect|Modest|||||50|]Whimsicott||FocusSash|Prankster|Moonblast,Tailwind,Encore,Protect|Timid||F|||50|]Garchomp||LifeOrb|SandVeil|DragonClaw,StompingTantrum,Earthquake,Protect|Jolly||F|||50|]Charizard||CharizarditeY|Blaze|WeatherBall,HeatWave,SolarBeam,Protect|Modest||F|||50|]Basculegion||MysticWater|Adaptability|WaveCrash,LastRespects,AquaJet,Protect|Adamant||M|||50|]Sneasler||WhiteHerb|Unburden|DireClaw,FakeOut,CloseCombat,Protect|Jolly||F|||50|
|
|t:|1783008660
|teamsize|p1|4
|teamsize|p2|4
|start
|switch|p1a: Sinistcha|Sinistcha-Masterpiece, L50, shiny|100/100
|switch|p1b: Araquanid|Araquanid, L50, M, shiny|100/100
|switch|p2a: Whimsicott|Whimsicott, L50, F|100/100
|switch|p2b: Charizard|Charizard, L50, F|100/100
|turn|1
|inactive|Battle timer is ON: inactive players will automatically lose when time's up. (requested by dookyinmycookie)
|
|t:|1783008714
|switch|p1b: Sableye|Sableye, L50, F, shiny|100/100
|detailschange|p2b: Charizard|Charizard-Mega-Y, L50, F
|-mega|p2b: Charizard|Charizard|Charizardite Y
|-weather|SunnyDay|[from] ability: Drought|[of] p2b: Charizard
|move|p1a: Sinistcha|Protect|p1a: Sinistcha
|-singleturn|p1a: Sinistcha|Protect
|move|p2a: Whimsicott|Moonblast|p1b: Sableye
|-supereffective|p1b: Sableye|1
|-enditem|p1b: Sableye|Roseli Berry|[eat]
|-enditem|p1b: Sableye|Roseli Berry|[weaken]
|-damage|p1b: Sableye|59/100
|move|p2b: Charizard|Weather Ball|p1b: Sableye
|-damage|p1b: Sableye|0 fnt
|faint|p1b: Sableye
|
|-weather|SunnyDay|[upkeep]
|upkeep
|
|t:|1783008729
|switch|p1b: Blastoise|Blastoise, L50, M, shiny|100/100
|turn|2
|
|t:|1783008742
|detailschange|p1b: Blastoise|Blastoise-Mega, L50, M, shiny
|-mega|p1b: Blastoise|Blastoise|Blastoisinite
|move|p1b: Blastoise|Fake Out|p2a: Whimsicott
|-damage|p2a: Whimsicott|86/100
|cant|p2a: Whimsicott|flinch
|move|p2b: Charizard|Solar Beam||[still]
|-prepare|p2b: Charizard|Solar Beam
|-anim|p2b: Charizard|Solar Beam|p1b: Blastoise
|-supereffective|p1b: Blastoise|1
|-damage|p1b: Blastoise|27/100
|move|p1a: Sinistcha|Trick Room|p1a: Sinistcha
|-fieldstart|move: Trick Room|[of] p1a: Sinistcha
|
|-weather|SunnyDay|[upkeep]
|upkeep
|turn|3
|inactive|dookyinmycookie has 30 seconds left.
|inactive|dookyinmycookie has 20 seconds left.
|inactive|dookyinmycookie has 15 seconds left.
|
|t:|1783008782
|move|p2b: Charizard|Protect|p2b: Charizard
|-singleturn|p2b: Charizard|Protect
|move|p1a: Sinistcha|Rage Powder|p1a: Sinistcha
|-singleturn|p1a: Sinistcha|move: Rage Powder
|move|p1b: Blastoise|Dark Pulse|p2b: Charizard
|-activate|p2b: Charizard|move: Protect
|move|p2a: Whimsicott|Moonblast|p1b: Blastoise
|-damage|p1b: Blastoise|0 fnt
|faint|p1b: Blastoise
|
|-weather|SunnyDay|[upkeep]
|upkeep
|
|t:|1783008785
|switch|p1b: Araquanid|Araquanid, L50, M, shiny|100/100
|turn|4
|inactive|P3pp0uz has 30 seconds left.
|
|t:|1783008811
|move|p1b: Araquanid|Protect|p1b: Araquanid
|-singleturn|p1b: Araquanid|Protect
|move|p1a: Sinistcha|Matcha Gotcha|p2a: Whimsicott|[spread] p2a,p2b
|-resisted|p2a: Whimsicott|1
|-resisted|p2b: Charizard|2
|-damage|p2a: Whimsicott|59/100
|-damage|p2b: Charizard|92/100
|move|p2b: Charizard|Heat Wave|p1b: Araquanid|[spread] 
|-activate|p1b: Araquanid|move: Protect
|-miss|p2b: Charizard|p1a: Sinistcha
|move|p2a: Whimsicott|Moonblast|p1b: Araquanid
|-activate|p1b: Araquanid|move: Protect
|
|-weather|SunnyDay|[upkeep]
|upkeep
|turn|5
|
|t:|1783008835
|move|p1b: Araquanid|Wide Guard|p1b: Araquanid
|-singleturn|p1b: Araquanid|Wide Guard
|move|p1a: Sinistcha|Matcha Gotcha|p2a: Whimsicott|[spread] p2a,p2b
|-resisted|p2a: Whimsicott|1
|-resisted|p2b: Charizard|2
|-damage|p2a: Whimsicott|32/100
|-damage|p2b: Charizard|84/100
|move|p2b: Charizard|Heat Wave|p1a: Sinistcha|[spread] 
|-activate|p1a: Sinistcha|move: Wide Guard
|-activate|p1b: Araquanid|move: Wide Guard
|move|p2a: Whimsicott|Moonblast|p1b: Araquanid
|-damage|p1b: Araquanid|73/100
|
|-weather|none
|upkeep
|turn|6
|inactive|dookyinmycookie has 30 seconds left.
|
|t:|1783008861
|move|p2b: Charizard|Protect|p2b: Charizard
|-singleturn|p2b: Charizard|Protect
|move|p2a: Whimsicott|Tailwind|p2a: Whimsicott
|-sidestart|p2: P3pp0uz|move: Tailwind
|move|p1b: Araquanid|Leech Life|p2a: Whimsicott
|-damage|p2a: Whimsicott|0 fnt
|-heal|p1b: Araquanid|86/100|[from] drain|[of] p2a: Whimsicott
|faint|p2a: Whimsicott
|move|p1a: Sinistcha|Matcha Gotcha|p2b: Charizard
|-activate|p2b: Charizard|move: Protect
|
|-fieldend|move: Trick Room
|upkeep
|
|t:|1783008875
|switch|p2a: Basculegion|Basculegion, L50, M|100/100
|turn|7
|
|t:|1783008895
|switch|p2b: Gholdengo|Gholdengo, L50|100/100
|move|p1a: Sinistcha|Protect|p1a: Sinistcha
|-singleturn|p1a: Sinistcha|Protect
|move|p2a: Basculegion|Last Respects|p1a: Sinistcha
|-activate|p1a: Sinistcha|move: Protect
|move|p1b: Araquanid|Liquidation|p2b: Gholdengo
|-damage|p2b: Gholdengo|42/100
|-unboost|p2b: Gholdengo|def|1
|
|upkeep
|turn|8
|
|t:|1783008917
|move|p1a: Sinistcha|Protect||[still]
|-fail|p1a: Sinistcha
|move|p2a: Basculegion|Last Respects|p1a: Sinistcha
|-supereffective|p1a: Sinistcha|1
|-damage|p1a: Sinistcha|0 fnt
|faint|p1a: Sinistcha
|move|p2b: Gholdengo|Shadow Ball|p1b: Araquanid
|-damage|p1b: Araquanid|55/100
|move|p1b: Araquanid|Liquidation|p2b: Gholdengo
|-damage|p2b: Gholdengo|0 fnt
|faint|p2b: Gholdengo
|
|upkeep
|
|t:|1783008928
|switch|p2b: Charizard|Charizard-Mega-Y, L50, F|84/100
|-weather|SunnyDay|[from] ability: Drought|[of] p2b: Charizard
|turn|9
|
|t:|1783008934
|move|p1b: Araquanid|Protect|p1b: Araquanid
|-singleturn|p1b: Araquanid|Protect
|move|p2b: Charizard|Weather Ball|p1b: Araquanid
|-activate|p1b: Araquanid|move: Protect
|move|p2a: Basculegion|Last Respects|p1b: Araquanid
|-activate|p1b: Araquanid|move: Protect
|
|-weather|SunnyDay|[upkeep]
|-sideend|p2: P3pp0uz|move: Tailwind
|upkeep
|turn|10
|
|t:|1783008945
|move|p2b: Charizard|Heat Wave|p1b: Araquanid
|-damage|p1b: Araquanid|20/100y
|-enditem|p1b: Araquanid|Sitrus Berry|[eat]
|-heal|p1b: Araquanid|45/100|[from] item: Sitrus Berry
|move|p2a: Basculegion|Last Respects|p1b: Araquanid
|-damage|p1b: Araquanid|0 fnt
|faint|p1b: Araquanid
|
|win|P3pp0uz
|raw|dookyinmycookie's rating: 1089 → 1061(-28 for losing)
|raw|P3pp0uz's rating: 1025 → 1068(+43 for winning)
|l|☆dookyinmycookie
|player|p1|
