|j|☆grapejuiceplaysyt
|j|☆merrypasta
|html|grapejuiceplaysytmerrypasta    
|uhtml|bestof|Game 3 of a best-of-3
|t:|1756707502
|gametype|doubles
|player|p1|grapejuiceplaysyt|roughneck-gen4|1080
|player|p2|merrypasta|carmine|1125
|gen|9
|tier|[Gen 9] VGC 2025 Reg H (Bo3)
|rated|
|rule|Species Clause: Limit one of each Pokémon
|rule|Item Clause: Limit 1 of each item
|clearpoke
|poke|p1|Charizard, L50, F|
|poke|p1|Torkoal, L50, M|
|poke|p1|Porygon2, L50|
|poke|p1|Incineroar, L50, M|
|poke|p1|Jumpluff, L50, F|
|poke|p1|Ursaluna, L50, M|
|poke|p2|Gothitelle, L50, F|
|poke|p2|Politoed, L50, F|
|poke|p2|Annihilape, L50, M|
|poke|p2|Incineroar, L50, M|
|poke|p2|Sinistcha, L50|
|poke|p2|Ursaluna, L50, F|
|teampreview|4
|showteam|p1|Charizard||ChoiceSpecs|SolarPower|HeatWave,Overheat,WeatherBall,AirSlash|||F|||50|,,,,,Ghost]Torkoal||EjectPack|Drought|Eruption,Overheat,HelpingHand,Protect|||M|||50|,,,,,Fire]Porygon2||Eviolite|Download|TeraBlast,IceBeam,Recover,TrickRoom||||||50|,,,,,Fighting]Incineroar||SitrusBerry|Intimidate|FlareBlitz,KnockOff,FakeOut,PartingShot|||M|||50|,,,,,Ghost]Jumpluff||CovertCloak|Chlorophyll|SleepPowder,SunnyDay,RagePowder,Tailwind|||F|||50|,,,,,Water]Ursaluna||FlameOrb|Guts|HeadlongRush,Facade,Earthquake,Protect|||M|||50|,,,,,Ghost
|showteam|p2|Gothitelle||SitrusBerry|ShadowTag|Psychic,FakeOut,Protect,TrickRoom|||F|||50|,,,,,Water]Politoed||CovertCloak|Drizzle|WeatherBall,PerishSong,Protect,HelpingHand|||F|||50|,,,,,Grass]Annihilape||SafetyGoggles|Defiant|RageFist,DrainPunch,Protect,BulkUp|||M|||50|,,,,,Fairy]Incineroar||RockyHelmet|Intimidate|KnockOff,FakeOut,Protect,PartingShot|||M|||50|,,,,,Bug]Sinistcha||LifeOrb|Hospitality|MatchaGotcha,RagePowder,Protect,TrickRoom||||||50|,,,,,Dark]Ursaluna||FlameOrb|Guts|Facade,HeadlongRush,Protect,Earthquake|||F|||50|,,,,,Ghost
|
|t:|1756707534
|teamsize|p1|4
|teamsize|p2|4
|start
|switch|p1a: Jumpluff|Jumpluff, L50, F|100/100
|switch|p1b: Charizard|Charizard, L50, F|100/100
|switch|p2a: Incineroar|Incineroar, L50, M|100/100
|switch|p2b: Sinistcha|Sinistcha, L50|100/100
|-ability|p2a: Incineroar|Intimidate|boost
|-unboost|p1a: Jumpluff|atk|1
|-unboost|p1b: Charizard|atk|1
|turn|1
|
|t:|1756707565
|switch|p2a: Politoed|Politoed, L50, F|100/100
|-weather|RainDance|[from] ability: Drizzle|[of] p2a: Politoed
|-terastallize|p1b: Charizard|Ghost
|move|p1a: Jumpluff|Sunny Day|p1a: Jumpluff
|-weather|SunnyDay
|move|p1b: Charizard|Heat Wave|p2b: Sinistcha|[spread] p2a,p2b
|-resisted|p2a: Politoed
|-supereffective|p2b: Sinistcha
|-damage|p2a: Politoed|57/100
|-damage|p2b: Sinistcha|0 fnt
|faint|p2b: Sinistcha
|
|-weather|SunnyDay|[upkeep]
|-damage|p1b: Charizard|88/100|[from] ability: Solar Power|[of] p1b: Charizard
|upkeep
|c|☆merrypasta|I predicted your move but I somehow forgot the order weather changes
|c|☆merrypasta|oops
|
|t:|1756707591
|switch|p2b: Incineroar|Incineroar, L50, M|100/100
|-ability|p2b: Incineroar|Intimidate|boost
|-unboost|p1a: Jumpluff|atk|1
|-unboost|p1b: Charizard|atk|1
|turn|2
|
|t:|1756707617
|-terastallize|p2a: Politoed|Grass
|move|p1a: Jumpluff|Tailwind|p1a: Jumpluff
|-sidestart|p1: grapejuiceplaysyt|move: Tailwind
|move|p1b: Charizard|Heat Wave|p2b: Incineroar|[spread] p2a
|-miss|p1b: Charizard|p2b: Incineroar
|-supereffective|p2a: Politoed
|-damage|p2a: Politoed|0 fnt
|faint|p2a: Politoed
|move|p2b: Incineroar|Knock Off|p1b: Charizard
|-supereffective|p1b: Charizard
|-damage|p1b: Charizard|0 fnt
|-enditem|p1b: Charizard|Choice Specs|[from] move: Knock Off|[of] p2b: Incineroar
|faint|p1b: Charizard
|
|-weather|SunnyDay|[upkeep]
|upkeep
|c|☆merrypasta|wait i'm really dumb
|
|t:|1756707631
|switch|p1b: Ursaluna|Ursaluna, L50, M|100/100
|switch|p2a: Ursaluna|Ursaluna, L50, F|100/100
|turn|3
|
|t:|1756707641
|move|p2a: Ursaluna|Protect|p2a: Ursaluna
|-singleturn|p2a: Ursaluna|Protect
|move|p1a: Jumpluff|Sleep Powder|p2a: Ursaluna
|-activate|p2a: Ursaluna|move: Protect
|move|p1b: Ursaluna|Headlong Rush|p2b: Incineroar
|-supereffective|p2b: Incineroar
|-damage|p2b: Incineroar|0 fnt
|-unboost|p1b: Ursaluna|def|1
|-unboost|p1b: Ursaluna|spd|1
|-damage|p1b: Ursaluna|84/100|[from] item: Rocky Helmet|[of] p2b: Incineroar
|faint|p2b: Incineroar
|
|-weather|SunnyDay|[upkeep]
|-status|p1b: Ursaluna|brn|[from] item: Flame Orb
|-status|p2a: Ursaluna|brn|[from] item: Flame Orb
|upkeep
|turn|4
|
|t:|1756707665
|move|p1a: Jumpluff|Rage Powder|p1a: Jumpluff
|-singleturn|p1a: Jumpluff|move: Rage Powder
|move|p1b: Ursaluna|Facade|p2a: Ursaluna
|-damage|p2a: Ursaluna|7/100 brn
|move|p2a: Ursaluna|Facade|p1a: Jumpluff
|-damage|p1a: Jumpluff|0 fnt
|faint|p1a: Jumpluff
|
|-weather|SunnyDay|[upkeep]
|-damage|p1b: Ursaluna|78/100 brn|[from] brn
|-damage|p2a: Ursaluna|1/100 brn|[from] brn
|upkeep
|
|t:|1756707674
|switch|p1a: Porygon2|Porygon2, L50|100/100
|-ability|p1a: Porygon2|Download|boost
|-boost|p1a: Porygon2|spa|1
|turn|5
|-message|merrypasta forfeited.
|
|win|grapejuiceplaysyt
|raw|grapejuiceplaysyt's rating: 1080 → 1112(+32 for winning)
|raw|merrypasta's rating: 1125 → 1097(-28 for losing)
|l|☆merrypasta
|player|p2|
