|j|☆Trestkon
|j|☆Bread248
|html|TrestkonBread248    
|uhtml|bestof|Game 2 of a best-of-3
|t:|1756608537
|gametype|doubles
|player|p1|Trestkon|265|1247
|player|p2|Bread248|170|1384
|gen|9
|tier|[Gen 9] VGC 2025 Reg H (Bo3)
|rated|
|rule|Species Clause: Limit one of each Pokémon
|rule|Item Clause: Limit 1 of each item
|clearpoke
|poke|p1|Indeedee-F, L50, F|
|poke|p1|Gallade, L50, M|
|poke|p1|Torkoal, L50, F|
|poke|p1|Ursaluna-Bloodmoon, L50, M|
|poke|p1|Armarouge, L50, M|
|poke|p1|Incineroar, L50, M|
|poke|p2|Ursaluna-Bloodmoon, L50, M|
|poke|p2|Incineroar, L50, F|
|poke|p2|Dragonite, L50, M|
|poke|p2|Rillaboom, L50, M|
|poke|p2|Gholdengo, L50|
|poke|p2|Annihilape, L50, F|
|teampreview|4
|showteam|p1|Indeedee-F||SafetyGoggles|PsychicSurge|FollowMe,Psychic,HelpingHand,TrickRoom|||F|||50|,,,,,Fairy]Gallade||ClearAmulet|Sharpness|PsychoCut,SacredSword,WideGuard,TrickRoom|||M|||50|,,,,,Steel]Torkoal||Charcoal|Drought|Eruption,WeatherBall,ClearSmog,Protect|||F|||50|,,,,,Fire]Ursaluna-Bloodmoon||ThroatSpray|MindsEye|EarthPower,HyperVoice,BloodMoon,Protect|||M|||50|,,,,,Normal]Armarouge||PowerHerb|FlashFire|ArmorCannon,ExpandingForce,MeteorBeam,TrickRoom|||M|||50|,,,,,Grass]Incineroar||RockyHelmet|Intimidate|FakeOut,FlareBlitz,KnockOff,PartingShot|||M|||50|,,,,,Ghost
|showteam|p2|Ursaluna-Bloodmoon||FocusSash|MindsEye|BloodMoon,HyperVoice,EarthPower,Protect|||M|||50|,,,,,Normal]Incineroar||SafetyGoggles|Intimidate|FlareBlitz,KnockOff,PartingShot,FakeOut|||F|||50|,,,,,Ghost]Dragonite||LoadedDice|Multiscale|ScaleShot,Tailwind,Protect,Haze|||M|||50|,,,,,Fairy]Rillaboom||AssaultVest|GrassySurge|WoodHammer,FakeOut,GrassyGlide,HighHorsepower|||M|||50|,,,,,Fire]Gholdengo||LifeOrb|GoodasGold|MakeItRain,ShadowBall,NastyPlot,Protect||||||50|,,,,,Water]Annihilape||LumBerry|Defiant|CloseCombat,RageFist,Taunt,Coaching|||F|||50|,,,,,Fire
|inactive|Battle timer is ON: inactive players will automatically lose when time's up. (requested by Bread248)
|inactive|Trestkon has 60 seconds left.
|
|t:|1756608577
|teamsize|p1|4
|teamsize|p2|4
|start
|switch|p1a: Dermezel|Indeedee-F, L50, F|100/100
|switch|p1b: Ronin|Gallade, L50, M|100/100
|switch|p2a: Annihilape|Annihilape, L50, F|100/100
|switch|p2b: Incineroar|Incineroar, L50, F|100/100
|-ability|p2b: Incineroar|Intimidate|boost
|-unboost|p1a: Dermezel|atk|1
|-fail|p1b: Ronin|unboost|[from] item: Clear Amulet|[of] p1b: Ronin
|-fieldstart|move: Psychic Terrain|[from] ability: Psychic Surge|[of] p1a: Dermezel
|turn|1
|
|t:|1756608597
|switch|p2b: Rillaboom|Rillaboom, L50, M|100/100
|-fieldstart|move: Grassy Terrain|[from] ability: Grassy Surge|[of] p2b: Rillaboom
|-terastallize|p2a: Annihilape|Fire
|move|p2a: Annihilape|Taunt|p1a: Dermezel
|-start|p1a: Dermezel|move: Taunt
|move|p1b: Ronin|Psycho Cut|p2a: Annihilape
|-damage|p2a: Annihilape|33/100
|cant|p1a: Dermezel|move: Taunt|Trick Room
|
|-heal|p2a: Annihilape|39/100|[from] Grassy Terrain
|upkeep
|turn|2
|
|t:|1756608615
|switch|p1a: Dr. Love|Torkoal, L50, F|100/100
|-weather|SunnyDay|[from] ability: Drought|[of] p1a: Dr. Love
|move|p2b: Rillaboom|Fake Out|p1b: Ronin
|-damage|p1b: Ronin|80/100
|move|p2a: Annihilape|Rage Fist|p1b: Ronin
|-supereffective|p1b: Ronin
|-crit|p1b: Ronin
|-damage|p1b: Ronin|0 fnt
|faint|p1b: Ronin
|
|-weather|SunnyDay|[upkeep]
|-heal|p2a: Annihilape|45/100|[from] Grassy Terrain
|upkeep
|
|t:|1756608631
|switch|p1b: Dermezel|Indeedee-F, L50, F|100/100
|-fieldstart|move: Psychic Terrain|[from] ability: Psychic Surge|[of] p1b: Dermezel
|turn|3
|
|t:|1756608642
|switch|p2b: Incineroar|Incineroar, L50, F|100/100
|-ability|p2b: Incineroar|Intimidate|boost
|-unboost|p1a: Dr. Love|atk|1
|-unboost|p1b: Dermezel|atk|1
|-terastallize|p1a: Dr. Love|Fire
|move|p1b: Dermezel|Follow Me|p1b: Dermezel
|-singleturn|p1b: Dermezel|move: Follow Me
|move|p2a: Annihilape|Taunt|p1b: Dermezel
|-start|p1b: Dermezel|move: Taunt
|move|p1a: Dr. Love|Eruption|p2a: Annihilape|[spread] p2a,p2b
|-resisted|p2a: Annihilape
|-resisted|p2b: Incineroar
|-damage|p2a: Annihilape|0 fnt
|-damage|p2b: Incineroar|49/100
|faint|p2a: Annihilape
|
|-weather|SunnyDay|[upkeep]
|upkeep
|inactive|Bread248 has 30 seconds left.
|
|t:|1756608677
|switch|p2a: Gholdengo|Gholdengo, L50|100/100
|turn|4
|
|t:|1756608686
|switch|p1b: Ursaluna|Ursaluna-Bloodmoon, L50, M|100/100
|move|p2a: Gholdengo|Shadow Ball|p1a: Dr. Love
|-damage|p1a: Dr. Love|38/100
|-damage|p2a: Gholdengo|91/100|[from] item: Life Orb
|move|p2b: Incineroar|Knock Off|p1a: Dr. Love
|-damage|p1a: Dr. Love|6/100
|-enditem|p1a: Dr. Love|Charcoal|[from] move: Knock Off|[of] p2b: Incineroar
|move|p1a: Dr. Love|Weather Ball|p2a: Gholdengo
|-supereffective|p2a: Gholdengo
|-damage|p2a: Gholdengo|0 fnt
|faint|p2a: Gholdengo
|
|-weather|SunnyDay|[upkeep]
|upkeep
|
|t:|1756608696
|switch|p2a: Rillaboom|Rillaboom, L50, M|100/100
|-fieldstart|move: Grassy Terrain|[from] ability: Grassy Surge|[of] p2a: Rillaboom
|turn|5
|inactive|Trestkon has 30 seconds left.
|inactive|Trestkon has 20 seconds left.
|inactive|Trestkon has 15 seconds left.
|
|t:|1756608740
|move|p1b: Ursaluna|Protect|p1b: Ursaluna
|-singleturn|p1b: Ursaluna|Protect
|move|p2a: Rillaboom|Wood Hammer|p1b: Ursaluna
|-activate|p1b: Ursaluna|move: Protect
|move|p2b: Incineroar|Knock Off|p1b: Ursaluna
|-activate|p1b: Ursaluna|move: Protect
|move|p1a: Dr. Love|Weather Ball|p2a: Rillaboom
|-supereffective|p2a: Rillaboom
|-damage|p2a: Rillaboom|0 fnt
|faint|p2a: Rillaboom
|
|-weather|SunnyDay|[upkeep]
|-heal|p2b: Incineroar|55/100|[from] Grassy Terrain
|-heal|p1a: Dr. Love|12/100|[from] Grassy Terrain
|upkeep
|turn|6
|
|t:|1756608759
|move|p2b: Incineroar|Knock Off|p1a: Dr. Love
|-damage|p1a: Dr. Love|0 fnt
|faint|p1a: Dr. Love
|move|p1b: Ursaluna|Earth Power|p2b: Incineroar
|-supereffective|p2b: Incineroar
|-damage|p2b: Incineroar|0 fnt
|faint|p2b: Incineroar
|
|win|Trestkon
||Trestkon is ready for game 3.
|inactive|Bread248 has 30 seconds to confirm battle start!
||Bread248 is ready for game 3.
|uhtml|next|Next: Game 3 of 3
