|j|☆Slackermaru
|j|☆dialghite
|html|Slackermarudialghite    
|uhtml|bestof|Game 2 of a best-of-3
|t:|1756733073
|gametype|doubles
|player|p1|Slackermaru|workerice|1484
|player|p2|dialghite|volkner|1477
|gen|9
|tier|[Gen 9] VGC 2025 Reg H (Bo3)
|rated|
|rule|Species Clause: Limit one of each Pokémon
|rule|Item Clause: Limit 1 of each item
|clearpoke
|poke|p1|Rillaboom, L50, M|
|poke|p1|Dragonite, L50, F|
|poke|p1|Sneasler, L50, M|
|poke|p1|Kingambit, L50, F|
|poke|p1|Electabuzz, L50, M|
|poke|p1|Volcarona, L50, F|
|poke|p2|Whimsicott, L50, F|
|poke|p2|Corviknight, L50, M|
|poke|p2|Indeedee, L50, M|
|poke|p2|Sneasler, L50, M|
|poke|p2|Ursaluna-Bloodmoon, L50, M|
|poke|p2|Archaludon, L50, F|
|teampreview|4
|showteam|p1|Rillaboom||AssaultVest|GrassySurge|FakeOut,HighHorsepower,WoodHammer,GrassyGlide|||M|||50|,,,,,Fire]Dragonite||LoadedDice|Multiscale|ExtremeSpeed,ScaleShot,Protect,Haze|||F|||50|,,,,,Steel]Sneasler||FocusSash|Unburden|DireClaw,CloseCombat,FakeOut,Protect|||M|||50|,,,,,Stellar]Kingambit||SafetyGoggles|Defiant|KowtowCleave,SuckerPunch,SwordsDance,Protect|||F|||50|,,,,,Dark]Electabuzz||Eviolite|VitalSpirit|Thunderbolt,Taunt,FollowMe,Protect|||M|||50|,,,,,Ghost]Volcarona||Leftovers|FlameBody|HeatWave,TeraBlast,QuiverDance,Protect|||F|||50|,,,,,Fairy
|showteam|p2|Whimsicott||CovertCloak|Prankster|Moonblast,Taunt,Tailwind,FakeTears|||F|||50|,,,,,Water]Corviknight||Leftovers|MirrorArmor|BraveBird,BodyPress,Tailwind,BulkUp|||M|||50|,,,,,Dragon]Indeedee||FocusSash|PsychicSurge|ExpandingForce,TeraBlast,Imprison,TrickRoom|||M|||50|,,,,,Psychic]Sneasler||PsychicSeed|Unburden|CloseCombat,DireClaw,ThroatChop,Protect|||M|||50|,,,,,Dark]Ursaluna-Bloodmoon||LifeOrb|MindsEye|HyperVoice,BloodMoon,EarthPower,Protect|||M|||50|,,,,,Normal]Archaludon||PowerHerb|Stalwart|ElectroShot,DragonPulse,Thunderbolt,Protect|||F|||50|,,,,,Electric
|inactive|Battle timer is ON: inactive players will automatically lose when time's up. (requested by dialghite)
|
|t:|1756733082
|teamsize|p1|4
|teamsize|p2|4
|start
|switch|p1a: Sneasler|Sneasler, L50, M|100/100
|switch|p1b: Rillaboom|Rillaboom, L50, M|100/100
|switch|p2a: Whimsicott|Whimsicott, L50, F|100/100
|switch|p2b: Ursaluna|Ursaluna-Bloodmoon, L50, M|100/100
|-fieldstart|move: Grassy Terrain|[from] ability: Grassy Surge|[of] p1b: Rillaboom
|turn|1
|
|t:|1756733094
|move|p2b: Ursaluna|Protect|p2b: Ursaluna
|-singleturn|p2b: Ursaluna|Protect
|move|p1b: Rillaboom|Fake Out|p2b: Ursaluna
|-activate|p2b: Ursaluna|move: Protect
|move|p2a: Whimsicott|Tailwind|p2a: Whimsicott
|-sidestart|p2: dialghite|move: Tailwind
|move|p1a: Sneasler|Dire Claw|p2a: Whimsicott
|-supereffective|p2a: Whimsicott
|-damage|p2a: Whimsicott|0 fnt
|faint|p2a: Whimsicott
|
|upkeep
|
|t:|1756733099
|switch|p2a: Sneasler|Sneasler, L50, M|100/100
|turn|2
|
|t:|1756733116
|move|p1a: Sneasler|Protect|p1a: Sneasler
|-singleturn|p1a: Sneasler|Protect
|move|p2a: Sneasler|Dire Claw|p1b: Rillaboom
|-supereffective|p1b: Rillaboom
|-damage|p1b: Rillaboom|19/100
|move|p2b: Ursaluna|Hyper Voice|p1a: Sneasler|[spread] p1b
|-activate|p1a: Sneasler|move: Protect
|-damage|p1b: Rillaboom|0 fnt
|faint|p1b: Rillaboom
|-damage|p2b: Ursaluna|91/100|[from] item: Life Orb
|
|-heal|p2b: Ursaluna|97/100|[from] Grassy Terrain
|upkeep
|
|t:|1756733129
|switch|p1b: Electabuzz|Electabuzz, L50, M|100/100
|turn|3
|
|t:|1756733153
|-terastallize|p1a: Sneasler|Stellar
|move|p1b: Electabuzz|Follow Me|p1b: Electabuzz
|-singleturn|p1b: Electabuzz|move: Follow Me
|move|p2a: Sneasler|Dire Claw|p1b: Electabuzz
|-damage|p1b: Electabuzz|69/100
|-status|p1b: Electabuzz|psn
|move|p2b: Ursaluna|Hyper Voice|p1b: Electabuzz|[spread] p1a,p1b
|-damage|p1a: Sneasler|38/100
|-damage|p1b: Electabuzz|29/100 psn
|-damage|p2b: Ursaluna|87/100|[from] item: Life Orb
|move|p1a: Sneasler|Close Combat|p2b: Ursaluna
|-supereffective|p2b: Ursaluna
|-damage|p2b: Ursaluna|0 fnt
|-unboost|p1a: Sneasler|def|1
|-unboost|p1a: Sneasler|spd|1
|faint|p2b: Ursaluna
|
|-heal|p1a: Sneasler|44/100|[from] Grassy Terrain
|-heal|p1b: Electabuzz|35/100 psn|[from] Grassy Terrain
|-damage|p1b: Electabuzz|23/100 psn|[from] psn
|upkeep
|
|t:|1756733166
|switch|p2b: Indeedee|Indeedee, L50, M|100/100
|-fieldstart|move: Psychic Terrain|[from] ability: Psychic Surge|[of] p2b: Indeedee
|-enditem|p2a: Sneasler|Psychic Seed
|-boost|p2a: Sneasler|spd|1|[from] item: Psychic Seed
|turn|4
|
|t:|1756733181
|move|p1a: Sneasler|Protect|p1a: Sneasler
|-singleturn|p1a: Sneasler|Protect
|move|p1b: Electabuzz|Protect|p1b: Electabuzz
|-singleturn|p1b: Electabuzz|Protect
|move|p2a: Sneasler|Dire Claw|p1a: Sneasler
|-activate|p1a: Sneasler|move: Protect
|move|p2b: Indeedee|Expanding Force|p1a: Sneasler|[spread] 
|-activate|p1a: Sneasler|move: Protect
|-activate|p1b: Electabuzz|move: Protect
|
|-damage|p1b: Electabuzz|11/100 psn|[from] psn
|-sideend|p2: dialghite|move: Tailwind
|upkeep
|turn|5
|
|t:|1756733196
|move|p1b: Electabuzz|Follow Me|p1b: Electabuzz
|-singleturn|p1b: Electabuzz|move: Follow Me
|move|p2a: Sneasler|Dire Claw|p1b: Electabuzz
|-damage|p1b: Electabuzz|0 fnt
|faint|p1b: Electabuzz
|move|p1a: Sneasler|Dire Claw|p2b: Indeedee
|-enditem|p2b: Indeedee|Focus Sash
|-damage|p2b: Indeedee|1/100
|-status|p2b: Indeedee|psn
|move|p2b: Indeedee|Expanding Force|p1a: Sneasler
|-supereffective|p1a: Sneasler
|-damage|p1a: Sneasler|0 fnt
|faint|p1a: Sneasler
|
|-damage|p2b: Indeedee|0 fnt|[from] psn
|faint|p2b: Indeedee
|upkeep
|
|t:|1756733212
|switch|p1b: Dragonite|Dragonite, L50, F|100/100
|turn|6
|
|t:|1756733216
|move|p1b: Dragonite|Protect|p1b: Dragonite
|-singleturn|p1b: Dragonite|Protect
|move|p2a: Sneasler|Dire Claw|p1b: Dragonite
|-activate|p1b: Dragonite|move: Protect
|
|upkeep
|turn|7
|
|t:|1756733224
|move|p2a: Sneasler|Dire Claw|p1b: Dragonite
|-damage|p1b: Dragonite|75/100
|move|p1b: Dragonite|Scale Shot|p2a: Sneasler
|-damage|p2a: Sneasler|77/100
|-damage|p2a: Sneasler|53/100
|-damage|p2a: Sneasler|29/100
|-damage|p2a: Sneasler|6/100
|-damage|p2a: Sneasler|0 fnt
|faint|p2a: Sneasler
|-hitcount|p2: Sneasler|5
|
|win|Slackermaru
||dialghite is ready for game 3.
||dialghite is ready for game 3.
|inactive|Slackermaru has 30 seconds to confirm battle start!
||Slackermaru is ready for game 3.
|uhtml|next|Next: Game 3 of 3
|l|☆dialghite
|player|p2|
