|j|☆EPL Lane
|j|☆Echoes4
|html|EPL LaneEchoes4    
|uhtml|bestof|Game 1 of a best-of-3
|t:|1783120334
|gametype|doubles
|player|p1|EPL Lane|170|
|player|p2|Echoes4|brock|
|gen|9
|tier|[Gen 9 Champions] VGC 2026 Reg M-B (Bo3)
|rule|Species Clause: Limit one of each Pokémon
|rule|Item Clause: Limit 1 of each item
|clearpoke
|poke|p1|Vivillon-High Plains, L50, M|
|poke|p1|Scrafty, L50, M|
|poke|p1|Venusaur, L50, M|
|poke|p1|Ninetales-Alola, L50, F, shiny|
|poke|p1|Araquanid, L50, M|
|poke|p1|Kommo-o, L50, M|
|poke|p2|Swampert, L50, F|
|poke|p2|Sableye, L50, M|
|poke|p2|Kingambit, L50, F|
|poke|p2|Scizor, L50, M|
|poke|p2|Dragapult, L50, F|
|poke|p2|Heliolisk, L50, M|
|teampreview|4
|showteam|p1|Vivillon-High Plains||FocusSash|FriendGuard|SunnyDay,Tailwind,Protect,RagePowder|Timid||M|||50|]Scrafty||Scraftinite|Intimidate|BulkUp,DrainPunch,KnockOff,FakeOut|Adamant||M|||50|]Venusaur||Venusaurite|Chlorophyll|GigaDrain,EarthPower,WeatherBall,Protect|Modest||M|||50|]Ninetales-Alola||LifeOrb|SnowWarning|Blizzard,Moonblast,AuroraVeil,Protect|Modest||F|||50|]Araquanid||MiracleSeed|WaterAbsorb|GigaDrain,Liquidation,Crunch,Reflect|Quiet||M|||50|]Kommo-o||ChoiceScarf|Bulletproof|DragonClaw,CloseCombat,Earthquake,Outrage|Jolly||M|||50|
|showteam|p2|Swampert||Swampertite|Torrent|Protect,WaveCrash,RockSlide,HighHorsepower|Adamant||F|||50|]Sableye||SitrusBerry|Prankster|RainDance,Reflect,WillOWisp,Taunt|Sassy||M|||50|]Kingambit||Leftovers|Defiant|SuckerPunch,Protect,BrickBreak,IronHead|Adamant||F|||50|]Scizor||LifeOrb|Technician|BulletPunch,Tailwind,BugBite,DualWingbeat|Adamant||M|||50|]Dragapult||KasibBerry|Infiltrator|WillOWisp,DragonDarts,PhantomForce,Acrobatics|Adamant||F|||50|]Heliolisk||FocusSash|DrySkin|Thunderbolt,WeatherBall,DarkPulse,DragonPulse|Modest||M|||50|
|
|t:|1783120411
|teamsize|p1|4
|teamsize|p2|4
|start
|switch|p1a: Ninetales|Ninetales-Alola, L50, F, shiny|100/100
|switch|p1b: Venusaur|Venusaur, L50, M|100/100
|switch|p2a: Frankie|Sableye, L50, M|100/100
|switch|p2b: Kingambit|Kingambit, L50, F|100/100
|-weather|Snowscape|[from] ability: Snow Warning|[of] p1a: Ninetales
|turn|1
|
|t:|1783120454
|detailschange|p1b: Venusaur|Venusaur-Mega, L50, M
|-mega|p1b: Venusaur|Venusaur|Venusaurite
|move|p2a: Frankie|Rain Dance|p2a: Frankie
|-weather|RainDance
|move|p1a: Ninetales|Moonblast|p2a: Frankie
|-supereffective|p2a: Frankie|1
|-damage|p2a: Frankie|0 fnt
|faint|p2a: Frankie
|-damage|p1a: Ninetales|90/100|[from] item: Life Orb
|move|p1b: Venusaur|Earth Power|p2b: Kingambit
|-supereffective|p2b: Kingambit|1
|-damage|p2b: Kingambit|33/100
|move|p2b: Kingambit|Iron Head|p1a: Ninetales
|-supereffective|p1a: Ninetales|2
|-damage|p1a: Ninetales|0 fnt
|faint|p1a: Ninetales
|
|-weather|RainDance|[upkeep]
|-heal|p2b: Kingambit|39/100|[from] item: Leftovers
|upkeep
|
|t:|1783120492
|switch|p1a: Scrafty|Scrafty, L50, M|100/100
|switch|p2a: Scizor|Scizor, L50, M|100/100
|-ability|p1a: Scrafty|Intimidate|boost
|-unboost|p2a: Scizor|atk|1
|-unboost|p2b: Kingambit|atk|1
|-ability|p2b: Kingambit|Defiant|boost
|-boost|p2b: Kingambit|atk|2
|turn|2
|
|t:|1783120557
|move|p2b: Kingambit|Protect|p2b: Kingambit
|-singleturn|p2b: Kingambit|Protect
|move|p1a: Scrafty|Fake Out|p2a: Scizor
|-resisted|p2a: Scizor|1
|-damage|p2a: Scizor|93/100
|move|p1b: Venusaur|Earth Power|p2b: Kingambit
|-activate|p2b: Kingambit|move: Protect
|cant|p2a: Scizor|flinch
|
|-weather|RainDance|[upkeep]
|-heal|p2b: Kingambit|45/100|[from] item: Leftovers
|upkeep
|turn|3
|
|t:|1783120619
|move|p2b: Kingambit|Sucker Punch|p1b: Venusaur
|-damage|p1b: Venusaur|45/100
|move|p1b: Venusaur|Earth Power|p2b: Kingambit
|-supereffective|p2b: Kingambit|1
|-damage|p2b: Kingambit|0 fnt
|faint|p2b: Kingambit
|move|p2a: Scizor|Dual Wingbeat|p1b: Venusaur
|-supereffective|p1b: Venusaur|1
|-damage|p1b: Venusaur|2/100
|-supereffective|p1b: Venusaur|1
|-damage|p1b: Venusaur|0 fnt
|faint|p1b: Venusaur
|-hitcount|p1: Venusaur|2
|-damage|p2a: Scizor|83/100|[from] item: Life Orb
|move|p1a: Scrafty|Bulk Up|p1a: Scrafty
|-boost|p1a: Scrafty|atk|1
|-boost|p1a: Scrafty|def|1
|
|-weather|RainDance|[upkeep]
|upkeep
|
|t:|1783120639
|switch|p1b: Kommo-o|Kommo-o, L50, M|100/100
|switch|p2b: Rick Ross|Swampert, L50, F|100/100
|turn|4
|
|t:|1783120675
|detailschange|p2b: Rick Ross|Swampert-Mega, L50, F
|-mega|p2b: Rick Ross|Swampert|Swampertite
|move|p2b: Rick Ross|Wave Crash|p1b: Kommo-o
|-resisted|p1b: Kommo-o|1
|-damage|p1b: Kommo-o|50/100g
|-damage|p2b: Rick Ross|85/100|[from] Recoil
|move|p1b: Kommo-o|Outrage|p2b: Rick Ross
|-damage|p2b: Rick Ross|39/100
|move|p2a: Scizor|Dual Wingbeat|p1b: Kommo-o
|-supereffective|p1b: Kommo-o|1
|-damage|p1b: Kommo-o|11/100
|-supereffective|p1b: Kommo-o|1
|-damage|p1b: Kommo-o|0 fnt
|faint|p1b: Kommo-o
|-hitcount|p1: Kommo-o|2
|-damage|p2a: Scizor|74/100|[from] item: Life Orb
|move|p1a: Scrafty|Drain Punch|p2b: Rick Ross
|-damage|p2b: Rick Ross|0 fnt
|faint|p2b: Rick Ross
|
|-weather|RainDance|[upkeep]
|upkeep
|turn|5
|
|t:|1783120704
|move|p2a: Scizor|Dual Wingbeat|p1a: Scrafty
|-supereffective|p1a: Scrafty|1
|-damage|p1a: Scrafty|74/100
|-supereffective|p1a: Scrafty|1
|-damage|p1a: Scrafty|48/100
|-hitcount|p1a: Scrafty|2
|-damage|p2a: Scizor|64/100|[from] item: Life Orb
|move|p1a: Scrafty|Drain Punch|p2a: Scizor
|-damage|p2a: Scizor|11/100
|-heal|p1a: Scrafty|72/100|[from] drain|[of] p2a: Scizor
|
|-weather|none
|upkeep
|turn|6
|
|t:|1783120720
|move|p2a: Scizor|Bug Bite|p1a: Scrafty
|-damage|p1a: Scrafty|47/100
|-damage|p2a: Scizor|1/100|[from] item: Life Orb
|move|p1a: Scrafty|Drain Punch|p2a: Scizor
|-damage|p2a: Scizor|0 fnt
|-heal|p1a: Scrafty|47/100|[from] drain|[of] p2a: Scizor
|faint|p2a: Scizor
|
|win|EPL Lane
|inactive|EPL Lane has 30 seconds to confirm battle start!
|inactive|Echoes4 has 30 seconds to confirm battle start!
||EPL Lane is ready for game 2.
|inactive|Echoes4 has 20 seconds to confirm battle start!
|inactive|Echoes4 has 10 seconds to confirm battle start!
|uhtml|next|Next: Game 2 of 3
|l|☆Echoes4
|player|p2|
