|j|☆jANMxRin
|j|☆undershucklee
|html|jANMxRinundershucklee    
|uhtml|bestof|Game 2 of a best-of-3
|t:|1782986477
|gametype|doubles
|player|p1|jANMxRin|2|1102
|player|p2|undershucklee|102|1040
|gen|9
|tier|[Gen 9 Champions] VGC 2026 Reg M-B (Bo3)
|rated|
|rule|Species Clause: Limit one of each Pokémon
|rule|Item Clause: Limit 1 of each item
|clearpoke
|poke|p1|Delphox, L50, M|
|poke|p1|Floette-Eternal, L50, F|
|poke|p1|Sinistcha, L50|
|poke|p1|Kingambit, L50, F|
|poke|p1|Sneasler, L50, F|
|poke|p1|Incineroar, L50, M|
|poke|p2|Garchomp, L50, F|
|poke|p2|Raichu, L50, F|
|poke|p2|Sinistcha, L50|
|poke|p2|Whimsicott, L50, F|
|poke|p2|Gholdengo, L50|
|poke|p2|Basculegion, L50, M|
|teampreview|4
|showteam|p1|Delphox||Delphoxite|Blaze|HeatWave,Psyshock,NastyPlot,Protect|Timid||M|||50|]Floette-Eternal||Floettite|FlowerVeil|Moonblast,DazzlingGleam,CalmMind,Protect|Modest||F|||50|]Sinistcha||KasibBerry|Hospitality|MatchaGotcha,RagePowder,TrickRoom,Protect|Bold|||||50|]Kingambit||BlackGlasses|Defiant|KowtowCleave,SuckerPunch,SwordsDance,Protect|Adamant||F|||50|]Sneasler||FocusSash|PoisonTouch|FakeOut,CloseCombat,DireClaw,QuickGuard|Jolly||F|||50|]Incineroar||SitrusBerry|Intimidate|PartingShot,FlareBlitz,ThroatChop,FakeOut|Impish||M|||50|
|showteam|p2|Garchomp||LifeOrb|RoughSkin|DragonClaw,Earthquake,SwordsDance,Protect|Adamant||F|||50|]Raichu||RaichuniteY|LightningRod|FakeOut,FocusBlast,ZapCannon,Protect|Modest||F|||50|]Sinistcha||Leftovers|Hospitality|MatchaGotcha,LifeDew,RagePowder,Protect|Bold|||||50|]Whimsicott||FocusSash|Prankster|Tailwind,Encore,HelpingHand,Moonblast|Timid||F|||50|]Gholdengo||ColburBerry|GoodasGold|NastyPlot,MakeItRain,ShadowBall,Protect|Modest|||||50|]Basculegion||ChoiceScarf|SwiftSwim|AquaJet,WaveCrash,LastRespects,PsychicFangs|Adamant||M|||50|
|inactive|Battle timer is ON: inactive players will automatically lose when time's up. (requested by jANMxRin)
|
|t:|1782986493
|teamsize|p1|4
|teamsize|p2|4
|start
|switch|p1a: Delphox|Delphox, L50, M|100/100
|switch|p1b: Sneasler|Sneasler, L50, F|100/100
|switch|p2a: Gholdengo|Gholdengo, L50|100/100
|switch|p2b: Whimsicott|Whimsicott, L50, F|100/100
|turn|1
|inactive|jANMxRin has 30 seconds left.
|
|t:|1782986521
|detailschange|p1a: Delphox|Delphox-Mega, L50, M
|-mega|p1a: Delphox|Delphox|Delphoxite
|move|p2a: Gholdengo|Protect|p2a: Gholdengo
|-singleturn|p2a: Gholdengo|Protect
|move|p1b: Sneasler|Fake Out|p2b: Whimsicott
|-damage|p2b: Whimsicott|78/100
|-status|p2b: Whimsicott|psn|[from] ability: Poison Touch|[of] p1b: Sneasler
|cant|p2b: Whimsicott|flinch
|move|p1a: Delphox|Nasty Plot|p1a: Delphox
|-boost|p1a: Delphox|spa|2
|
|-damage|p2b: Whimsicott|66/100 psn|[from] psn
|upkeep
|turn|2
|
|t:|1782986544
|move|p1b: Sneasler|Quick Guard|p1b: Sneasler
|-singleturn|p1b: Sneasler|Quick Guard
|move|p2b: Whimsicott|Tailwind|p2b: Whimsicott
|-sidestart|p2: undershucklee|move: Tailwind
|move|p2a: Gholdengo|Shadow Ball|p1a: Delphox
|-supereffective|p1a: Delphox|1
|-damage|p1a: Delphox|9/100
|move|p1a: Delphox|Heat Wave|p2a: Gholdengo|[spread] p2a,p2b
|-supereffective|p2a: Gholdengo|1
|-supereffective|p2b: Whimsicott|1
|-damage|p2a: Gholdengo|0 fnt
|-damage|p2b: Whimsicott|0 fnt
|faint|p2a: Gholdengo
|faint|p2b: Whimsicott
|
|upkeep
|
|t:|1782986557
|switch|p2b: Raichu|Raichu, L50, F|100/100
|switch|p2a: Sinistcha|Sinistcha, L50|100/100
|turn|3
|
|t:|1782986574
|detailschange|p2b: Raichu|Raichu-Mega-Y, L50, F
|-mega|p2b: Raichu|Raichu|Raichunite Y
|move|p2b: Raichu|Fake Out|p1a: Delphox
|-damage|p1a: Delphox|0 fnt
|faint|p1a: Delphox
|move|p1b: Sneasler|Dire Claw|p2b: Raichu
|-damage|p2b: Raichu|18/100
|-status|p2b: Raichu|psn
|move|p2a: Sinistcha|Matcha Gotcha|p1b: Sneasler
|-resisted|p1b: Sneasler|1
|-damage|p1b: Sneasler|77/100
|
|-damage|p2b: Raichu|5/100 psn|[from] psn
|upkeep
|
|t:|1782986588
|switch|p1a: Sinistcha|Sinistcha, L50|100/100
|-heal|p1b: Sneasler|100/100|[from] ability: Hospitality|[of] p1a: Sinistcha
|turn|4
|
|t:|1782986606
|move|p2b: Raichu|Protect|p2b: Raichu
|-singleturn|p2b: Raichu|Protect
|move|p1a: Sinistcha|Rage Powder|p1a: Sinistcha
|-singleturn|p1a: Sinistcha|move: Rage Powder
|move|p1b: Sneasler|Dire Claw|p2a: Sinistcha
|-damage|p2a: Sinistcha|69/100
|move|p2a: Sinistcha|Life Dew|p2a: Sinistcha|[spread] p2a,p2b
|-heal|p2a: Sinistcha|94/100
|-heal|p2b: Raichu|30/100 psn
|
|-heal|p2a: Sinistcha|100/100|[from] item: Leftovers
|-damage|p2b: Raichu|18/100 psn|[from] psn
|upkeep
|turn|5
|
|t:|1782986627
|move|p1a: Sinistcha|Rage Powder|p1a: Sinistcha
|-singleturn|p1a: Sinistcha|move: Rage Powder
|move|p2b: Raichu|Zap Cannon|p1a: Sinistcha
|-resisted|p1a: Sinistcha|1
|-damage|p1a: Sinistcha|59/100
|-status|p1a: Sinistcha|par
|move|p1b: Sneasler|Dire Claw|p2b: Raichu
|-damage|p2b: Raichu|0 fnt
|faint|p2b: Raichu
|move|p2a: Sinistcha|Life Dew||[still]
|-fail|p2a: Sinistcha|heal
|
|-sideend|p2: undershucklee|move: Tailwind
|upkeep
|turn|6
|-message|undershucklee forfeited.
|raw|jANMxRin's rating: 1102 → 1123(+21 for winning)
|raw|undershucklee's rating: 1040 → 1027(-13 for losing)
|
|win|jANMxRin
