|j|☆Chug132
|j|☆Zirconious
|html|Chug132Zirconious    
|uhtml|bestof|Game 2 of a best-of-3
|t:|1783716512
|gametype|doubles
|player|p1|Chug132|1|
|player|p2|Zirconious|ethan|
|gen|9
|tier|[Gen 9 Champions] VGC 2026 Reg M-B (Bo3)
|rule|Species Clause: Limit one of each Pokémon
|rule|Item Clause: Limit 1 of each item
|clearpoke
|poke|p1|Kingambit, L50, F|
|poke|p1|Ninetales-Alola, L50, M|
|poke|p1|Froslass, L50, F|
|poke|p1|Beartic, L50, M|
|poke|p1|Eelektross, L50, F|
|poke|p1|Swampert, L50, F|
|poke|p2|Sneasler, L50, F|
|poke|p2|Volcarona, L50, F|
|poke|p2|Samurott-Hisui, L50, F|
|poke|p2|Aegislash, L50, M|
|poke|p2|Tsareena, L50, F|
|poke|p2|Musharna, L50, F|
|teampreview|4
|showteam|p1|Kingambit||LifeOrb|SupremeOverlord|KowtowCleave,IronHead,Protect,SuckerPunch|Adamant||F|||50|]Ninetales-Alola||LightClay|SnowWarning|AuroraVeil,Moonblast,Blizzard,Protect|Timid||M|||50|]Froslass||Froslassite|SnowCloak|Blizzard,AuroraVeil,ShadowBall,Protect|Timid||F|||50|]Beartic||FocusSash|SlushRush|IcicleCrash,Superpower,SwordsDance,Protect|Adamant||M|||50|]Eelektross||Leftovers|Levitate|Flamethrower,VoltSwitch,AcidSpray,Protect|Modest||F|||50|]Swampert||SitrusBerry|Torrent|Earthquake,Waterfall,IceBeam,Protect|Adamant||F|||50|
|showteam|p2|Sneasler||WhiteHerb|Unburden|FakeOut,DireClaw,Protect,CloseCombat|Jolly||F|||50|]Volcarona||SitrusBerry|FlameBody|QuiverDance,FieryDance,BugBuzz,RagePowder|Timid||F|||50|]Samurott-Hisui||ChoiceScarf|Sharpness|RazorShell,SacredSword,CeaselessEdge,SuckerPunch|Adamant||F|||50|]Aegislash||LifeOrb|StanceChange|IronHead,KingsShield,CloseCombat,ShadowSneak|Adamant||M|||50|]Tsareena||WideLens|QueenlyMajesty|Protect,TripleAxel,LowKick,PowerWhip|Adamant||F|||50|]Musharna||LightClay|Forewarn|Psychic,Moonblast,LightScreen,Reflect|Bold||F|||50|
|
|t:|1783716566
|teamsize|p1|4
|teamsize|p2|4
|start
|switch|p1a: Ninetales|Ninetales-Alola, L50, M|100/100
|switch|p1b: Beartic|Beartic, L50, M|100/100
|switch|p2a: Volcarona|Volcarona, L50, F|100/100
|switch|p2b: Sneasler|Sneasler, L50, F|100/100
|-weather|Snowscape|[from] ability: Snow Warning|[of] p1a: Ninetales
|turn|1
|
|t:|1783716603
|move|p2b: Sneasler|Fake Out|p1a: Ninetales
|-damage|p1a: Ninetales|85/100
|move|p1b: Beartic|Icicle Crash|p2b: Sneasler
|-damage|p2b: Sneasler|17/100
|cant|p1a: Ninetales|flinch
|move|p2a: Volcarona|Quiver Dance|p2a: Volcarona
|-boost|p2a: Volcarona|spa|1
|-boost|p2a: Volcarona|spd|1
|-boost|p2a: Volcarona|spe|1
|
|-weather|Snowscape|[upkeep]
|upkeep
|turn|2
|
|t:|1783716632
|move|p2a: Volcarona|Rage Powder|p2a: Volcarona
|-singleturn|p2a: Volcarona|move: Rage Powder
|move|p1b: Beartic|Icicle Crash|p2a: Volcarona
|-resisted|p2a: Volcarona|1
|-damage|p2a: Volcarona|77/100
|move|p2b: Sneasler|Close Combat|p1b: Beartic
|-supereffective|p1b: Beartic|1
|-enditem|p1b: Beartic|Focus Sash
|-damage|p1b: Beartic|1/100
|-unboost|p2b: Sneasler|def|1
|-unboost|p2b: Sneasler|spd|1
|-enditem|p2b: Sneasler|White Herb
|-clearnegativeboost|p2b: Sneasler|[silent]
|move|p1a: Ninetales|Aurora Veil|p1a: Ninetales
|-sidestart|p1: Chug132|move: Aurora Veil
|
|-weather|Snowscape|[upkeep]
|upkeep
|turn|3
|
|t:|1783716691
|move|p2b: Sneasler|Dire Claw|p1b: Beartic
|-damage|p1b: Beartic|0 fnt
|faint|p1b: Beartic
|move|p2a: Volcarona|Fiery Dance|p1a: Ninetales
|-supereffective|p1a: Ninetales|1
|-damage|p1a: Ninetales|0 fnt
|-boost|p2a: Volcarona|spa|1
|faint|p1a: Ninetales
|
|-weather|Snowscape|[upkeep]
|upkeep
|
|t:|1783716701
|switch|p1a: Froslass|Froslass, L50, F|100/100
|switch|p1b: Swampert|Swampert, L50, F|100/100
|turn|4
|
|t:|1783716738
|detailschange|p1a: Froslass|Froslass-Mega, L50, F
|-mega|p1a: Froslass|Froslass|Froslassite
|move|p2b: Sneasler|Close Combat|p1b: Swampert
|-damage|p1b: Swampert|56/100
|-unboost|p2b: Sneasler|def|1
|-unboost|p2b: Sneasler|spd|1
|move|p2a: Volcarona|Bug Buzz|p1b: Swampert
|-damage|p1b: Swampert|0 fnt
|faint|p1b: Swampert
|move|p1a: Froslass|Blizzard|p2a: Volcarona|[spread] p2a,p2b
|-resisted|p2a: Volcarona|1
|-damage|p2a: Volcarona|65/100
|-damage|p2b: Sneasler|0 fnt
|faint|p2b: Sneasler
|
|-weather|Snowscape|[upkeep]
|upkeep
|
|t:|1783716752
|switch|p2b: Aegislash|Aegislash, L50, M|100/100
|turn|5
|
|t:|1783716763
|-formechange|p2b: Aegislash|Aegislash-Blade|
|move|p2b: Aegislash|Shadow Sneak|p1a: Froslass
|-supereffective|p1a: Froslass|1
|-damage|p1a: Froslass|57/100
|-damage|p2b: Aegislash|90/100|[from] item: Life Orb
|move|p2a: Volcarona|Fiery Dance|p1a: Froslass
|-supereffective|p1a: Froslass|1
|-damage|p1a: Froslass|0 fnt
|-boost|p2a: Volcarona|spa|1
|faint|p1a: Froslass
|
|win|Zirconious
|inactive|Chug132 has 30 seconds to confirm battle start!
|inactive|Zirconious has 30 seconds to confirm battle start!
||Zirconious is ready for game 3.
||Chug132 is ready for game 3.
|uhtml|next|Next: Game 3 of 3
