|j|☆Pier (Champion)
|j|☆kirkin07
|html|Pier (Champion)kirkin07    
|uhtml|bestof|Game 3 of a best-of-3
|t:|1782341428
|gametype|doubles
|player|p1|Pier (Champion)|cynthia-gen4|1202
|player|p2|kirkin07|170|1156
|gen|9
|tier|[Gen 9 Champions] VGC 2026 Reg M-B (Bo3)
|rated|
|rule|Species Clause: Limit one of each Pokémon
|rule|Item Clause: Limit 1 of each item
|clearpoke
|poke|p1|Staraptor, L50, M|
|poke|p1|Garchomp, L50, M|
|poke|p1|Gholdengo, L50|
|poke|p1|Whimsicott, L50, F|
|poke|p1|Incineroar, L50, M|
|poke|p1|Toxapex, L50, F|
|poke|p2|Blaziken, L50, M|
|poke|p2|Basculegion, L50, M|
|poke|p2|Hydreigon, L50, M|
|poke|p2|Farigiraf, L50, M|
|poke|p2|Metagross, L50|
|poke|p2|Whimsicott, L50, M|
|teampreview|4
|showteam|p1|Staraptor||Staraptite|Intimidate|DualWingbeat,CloseCombat,Protect,Roost|Jolly||M|||50|]Garchomp||LifeOrb|RoughSkin|DragonClaw,Earthquake,RockSlide,Protect|Jolly||M|||50|]Gholdengo||ChoiceScarf|GoodasGold|MakeItRain,ShadowBall,PowerGem,Trick|Timid|||||50|]Whimsicott||FocusSash|Prankster|Moonblast,Tailwind,Tickle,FakeTears|Bold||F|||50|]Incineroar||SitrusBerry|Intimidate|FlareBlitz,ThroatChop,PartingShot,FakeOut|Careful||M|||50|]Toxapex||Leftovers|Regenerator|Infestation,BanefulBunker,Toxic,WideGuard|Bold||F|||50|
|showteam|p2|Blaziken||Blazikenite|SpeedBoost|FlareBlitz,CloseCombat,Detect,RockSlide|Adamant||M|||50|]Basculegion||LifeOrb|Adaptability|AquaJet,LastRespects,WaveCrash,Protect|Adamant||M|||50|]Hydreigon||ChoiceScarf|Levitate|EarthPower,DracoMeteor,DarkPulse,Snarl|Modest||M|||50|]Farigiraf||SitrusBerry|ArmorTail|Thunderbolt,Psychic,TrickRoom,Roar|Bold||M|||50|]Metagross||Metagrossite|ClearBody|IcePunch,PsychicFangs,Protect,IronHead|Jolly|||||50|]Whimsicott||FocusSash|Prankster|EnergyBall,Moonblast,Tailwind,Protect|Timid||M|||50|
|inactive|Battle timer is ON: inactive players will automatically lose when time's up. (requested by Pier (Champion))
|inactive|kirkin07 has 60 seconds left.
|inactive|kirkin07 has 30 seconds left.
|
|t:|1782341502
|teamsize|p1|4
|teamsize|p2|4
|start
|switch|p1a: Gholdengo|Gholdengo, L50|100/100
|switch|p1b: Whimsicott|Whimsicott, L50, F|100/100
|switch|p2a: Farigiraf|Farigiraf, L50, M|100/100
|switch|p2b: Whimsicott|Whimsicott, L50, M|100/100
|turn|1
|inactive|kirkin07 has 30 seconds left.
|inactive|kirkin07 has 20 seconds left.
|inactive|kirkin07 has 15 seconds left.
|
|t:|1782341543
|move|p2b: Whimsicott|Protect|p2b: Whimsicott
|-singleturn|p2b: Whimsicott|Protect
|move|p1a: Gholdengo|Make It Rain|p2a: Farigiraf|[spread] p2a
|-activate|p2b: Whimsicott|move: Protect
|-damage|p2a: Farigiraf|51/100
|-unboost|p1a: Gholdengo|spa|2
|move|p1b: Whimsicott|Moonblast|p2a: Farigiraf
|-damage|p2a: Farigiraf|25/100
|-enditem|p2a: Farigiraf|Sitrus Berry|[eat]
|-heal|p2a: Farigiraf|50/100g|[from] item: Sitrus Berry
|move|p2a: Farigiraf|Trick Room|p2a: Farigiraf
|-fieldstart|move: Trick Room|[of] p2a: Farigiraf
|
|upkeep
|turn|2
|
|t:|1782341567
|switch|p2b: Basculegion|Basculegion, L50, M|100/100
|move|p2a: Farigiraf|Thunderbolt|p1a: Gholdengo
|-damage|p1a: Gholdengo|75/100
|move|p1b: Whimsicott|Moonblast|p2b: Basculegion
|-damage|p2b: Basculegion|68/100
|move|p1a: Gholdengo|Make It Rain|p2a: Farigiraf|[spread] p2a,p2b
|-resisted|p2b: Basculegion|1
|-crit|p2b: Basculegion
|-damage|p2a: Farigiraf|27/100
|-damage|p2b: Basculegion|27/100
|-unboost|p1a: Gholdengo|spa|2
|
|upkeep
|turn|3
|inactive|kirkin07 has 30 seconds left.
|inactive|Pier (Champion) has 30 seconds left.
|inactive|kirkin07 has 20 seconds left.
|
|t:|1782341607
|switch|p1a: Incineroar|Incineroar, L50, M|100/100
|-ability|p1a: Incineroar|Intimidate|boost
|-unboost|p2a: Farigiraf|atk|1
|-unboost|p2b: Basculegion|atk|1
|move|p2a: Farigiraf|Thunderbolt|p1a: Incineroar
|-damage|p1a: Incineroar|83/100
|move|p2b: Basculegion|Wave Crash|p1b: Whimsicott
|-resisted|p1b: Whimsicott|1
|-damage|p1b: Whimsicott|63/100
|-damage|p2b: Basculegion|17/100|[from] Recoil
|-damage|p2b: Basculegion|8/100|[from] item: Life Orb
|move|p1b: Whimsicott|Moonblast|p2b: Basculegion
|-damage|p2b: Basculegion|0 fnt
|faint|p2b: Basculegion
|
|upkeep
|
|t:|1782341619
|switch|p2b: Blaziken|Blaziken, L50, M|100/100
|turn|4
|
|t:|1782341630
|detailschange|p2b: Blaziken|Blaziken-Mega, L50, M
|-mega|p2b: Blaziken|Blaziken|Blazikenite
|move|p2a: Farigiraf|Psychic|p1b: Whimsicott
|-damage|p1b: Whimsicott|22/100
|move|p1a: Incineroar|Parting Shot|p2b: Blaziken
|-unboost|p2b: Blaziken|atk|1
|-unboost|p2b: Blaziken|spa|1
|
|t:|1782341643
|switch|p1a: Gholdengo|Gholdengo, L50|75/100|[from] Parting Shot
|move|p1b: Whimsicott|Moonblast|p2a: Farigiraf
|-damage|p2a: Farigiraf|3/100
|move|p2b: Blaziken|Rock Slide|p1a: Gholdengo|[spread] p1a,p1b
|-resisted|p1a: Gholdengo|1
|-damage|p1a: Gholdengo|65/100
|-damage|p1b: Whimsicott|6/100
|
|-ability|p2b: Blaziken|Speed Boost|boost
|-boost|p2b: Blaziken|spe|1
|upkeep
|turn|5
|
|t:|1782341665
|switch|p2b: Whimsicott|Whimsicott, L50, M|100/100
|move|p2a: Farigiraf|Thunderbolt|p1b: Whimsicott
|-resisted|p1b: Whimsicott|1
|-damage|p1b: Whimsicott|0 fnt
|faint|p1b: Whimsicott
|move|p1a: Gholdengo|Power Gem|p2b: Whimsicott
|-damage|p2b: Whimsicott|53/100
|
|-fieldend|move: Trick Room
|upkeep
|
|t:|1782341679
|switch|p1b: Incineroar|Incineroar, L50, M|83/100
|-ability|p1b: Incineroar|Intimidate|boost
|-unboost|p2a: Farigiraf|atk|1
|-unboost|p2b: Whimsicott|atk|1
|turn|6
|
|t:|1782341704
|move|p2b: Whimsicott|Protect|p2b: Whimsicott
|-singleturn|p2b: Whimsicott|Protect
|move|p1a: Gholdengo|Power Gem|p2a: Farigiraf
|-damage|p2a: Farigiraf|0 fnt
|faint|p2a: Farigiraf
|move|p1b: Incineroar|Flare Blitz|p2b: Whimsicott
|-activate|p2b: Whimsicott|move: Protect
|
|upkeep
|
|t:|1782341712
|switch|p2a: Blaziken|Blaziken-Mega, L50, M|100/100
|turn|7
|
|t:|1782341733
|switch|p1b: Garchomp|Garchomp, L50, M|100/100
|move|p2b: Whimsicott|Tailwind|p2b: Whimsicott
|-sidestart|p2: kirkin07|move: Tailwind
|move|p2a: Blaziken|Flare Blitz|p1a: Gholdengo
|-supereffective|p1a: Gholdengo|1
|-damage|p1a: Gholdengo|0 fnt
|faint|p1a: Gholdengo
|-damage|p2a: Blaziken|77/100|[from] Recoil
|
|-ability|p2a: Blaziken|Speed Boost|boost
|-boost|p2a: Blaziken|spe|1
|upkeep
|
|t:|1782341742
|switch|p1a: Incineroar|Incineroar, L50, M|83/100
|-ability|p1a: Incineroar|Intimidate|boost
|-unboost|p2a: Blaziken|atk|1
|-unboost|p2b: Whimsicott|atk|1
|turn|8
|
|t:|1782341756
|move|p2b: Whimsicott|Protect|p2b: Whimsicott
|-singleturn|p2b: Whimsicott|Protect
|move|p2a: Blaziken|Detect|p2a: Blaziken
|-singleturn|p2a: Blaziken|Protect
|move|p1a: Incineroar|Fake Out|p2b: Whimsicott
|-activate|p2b: Whimsicott|move: Protect
|move|p1b: Garchomp|Rock Slide|p2b: Whimsicott|[spread] 
|-activate|p2a: Blaziken|move: Protect
|-activate|p2b: Whimsicott|move: Protect
|
|-ability|p2a: Blaziken|Speed Boost|boost
|-boost|p2a: Blaziken|spe|1
|upkeep
|turn|9
|
|t:|1782341781
|move|p1b: Garchomp|Protect|p1b: Garchomp
|-singleturn|p1b: Garchomp|Protect
|move|p2a: Blaziken|Close Combat|p1a: Incineroar
|-supereffective|p1a: Incineroar|1
|-damage|p1a: Incineroar|0 fnt
|-unboost|p2a: Blaziken|def|1
|-unboost|p2a: Blaziken|spd|1
|faint|p1a: Incineroar
|move|p2b: Whimsicott|Moonblast|p1b: Garchomp
|-activate|p1b: Garchomp|move: Protect
|
|-ability|p2a: Blaziken|Speed Boost|boost
|-boost|p2a: Blaziken|spe|1
|upkeep
|turn|10
|
|t:|1782341791
|move|p2a: Blaziken|Close Combat|p1b: Garchomp
|-damage|p1b: Garchomp|49/100
|-unboost|p2a: Blaziken|def|1
|-unboost|p2a: Blaziken|spd|1
|-damage|p2a: Blaziken|65/100|[from] ability: Rough Skin|[of] p1b: Garchomp
|move|p2b: Whimsicott|Moonblast|p1b: Garchomp
|-supereffective|p1b: Garchomp|1
|-damage|p1b: Garchomp|0 fnt
|faint|p1b: Garchomp
|
|win|kirkin07
|raw|Pier (Champion)'s rating: 1202 → 1174(-28 for losing)
|raw|kirkin07's rating: 1156 → 1184(+28 for winning)
|l|☆Pier (Champion)
|player|p1|
