|j|☆Phix_X
|j|☆retking
|html|Phix_Xretking    
|uhtml|bestof|Game 2 of a best-of-3
|t:|1783170523
|gametype|doubles
|player|p1|Phix_X|raihan|
|player|p2|retking|n|
|gen|9
|tier|[Gen 9 Champions] VGC 2026 Reg M-B (Bo3)
|rule|Species Clause: Limit one of each Pokémon
|rule|Item Clause: Limit 1 of each item
|clearpoke
|poke|p1|Staraptor, L50, F|
|poke|p1|Grimmsnarl, L50, M|
|poke|p1|Kingambit, L50, M|
|poke|p1|Glimmora, L50, F|
|poke|p1|Basculegion, L50, M|
|poke|p1|Whimsicott, L50, F|
|poke|p2|Whimsicott, L50, F|
|poke|p2|Floette-Eternal, L50, F|
|poke|p2|Charizard, L50, M|
|poke|p2|Garchomp, L50, M|
|poke|p2|Basculegion, L50, M|
|poke|p2|Kingambit, L50, F|
|teampreview|4
|showteam|p1|Staraptor||Staraptite|Intimidate|BraveBird,CloseCombat,Protect,Roost|Jolly||F|||50|]Grimmsnarl||LightClay|Prankster|SpiritBreak,LightScreen,Reflect,FakeOut|Adamant||M|||50|]Kingambit||BlackGlasses|Defiant|KowtowCleave,SuckerPunch,SwordsDance,Protect|Adamant||M|||50|]Glimmora||FocusSash|ToxicDebris|SludgeBomb,PowerGem,SpikyShield,EarthPower|Timid||F|||50|]Basculegion||ChoiceScarf|Adaptability|LastRespects,AquaJet,WaveCrash,FlipTurn|Jolly||M|||50|]Whimsicott||FairyFeather|Prankster|Moonblast,Charm,Encore,Tailwind|Timid||F|||50|
|showteam|p2|Whimsicott||FocusSash|Prankster|Moonblast,Tailwind,Encore,Protect|Timid||F|||50|]Floette-Eternal||Floettite|FlowerVeil|DazzlingGleam,Moonblast,LightofRuin,Protect|Timid||F|||50|]Charizard||CharizarditeY|Blaze|HeatWave,WeatherBall,SolarBeam,Protect|Modest||M|||50|]Garchomp||LifeOrb|RoughSkin|Earthquake,DragonClaw,RockSlide,Protect|Jolly||M|||50|]Basculegion||MysticWater|Adaptability|WaveCrash,LastRespects,AquaJet,Protect|Adamant||M|||50|]Kingambit||BlackGlasses|Defiant|KowtowCleave,SuckerPunch,IronHead,Protect|Adamant||F|||50|
|inactive|Battle timer is ON: inactive players will automatically lose when time's up. (requested by Phix_X)
|inactive|retking also wants the timer to be on.
|c|☆Phix_X|glhf
|j| DoctorGrizzman
|inactive|Phix_X has 60 seconds left.
|inactive|retking has 60 seconds left.
|
|t:|1783170567
|teamsize|p1|4
|teamsize|p2|4
|start
|switch|p1a: Kingambit|Kingambit, L50, M|100/100
|switch|p1b: Grimmsnarl|Grimmsnarl, L50, M|100/100
|switch|p2a: Floette|Floette-Eternal, L50, F|100/100
|switch|p2b: Whimsicott|Whimsicott, L50, F|100/100
|turn|1
|
|t:|1783170591
|detailschange|p2a: Floette|Floette-Mega, L50, F
|-mega|p2a: Floette|Floette|Floettite
|-ability|p2a: Floette|Fairy Aura
|move|p1a: Kingambit|Protect|p1a: Kingambit
|-singleturn|p1a: Kingambit|Protect
|move|p1b: Grimmsnarl|Light Screen|p1b: Grimmsnarl
|-sidestart|p1: Phix_X|move: Light Screen
|move|p2b: Whimsicott|Moonblast|p1a: Kingambit
|-activate|p1a: Kingambit|move: Protect
|move|p2a: Floette|Moonblast|p1a: Kingambit
|-activate|p1a: Kingambit|move: Protect
|
|upkeep
|turn|2
|
|t:|1783170612
|switch|p1a: Basculegion|Basculegion, L50, M|100/100
|move|p2b: Whimsicott|Moonblast|p1a: Basculegion
|-damage|p1a: Basculegion|61/100
|move|p2a: Floette|Light of Ruin|p1a: Basculegion
|-damage|p1a: Basculegion|0 fnt
|faint|p1a: Basculegion
|-damage|p2a: Floette|59/100|[from] Recoil
|move|p1b: Grimmsnarl|Spirit Break|p2a: Floette
|-damage|p2a: Floette|0 fnt
|faint|p2a: Floette
|
|upkeep
|
|t:|1783170626
|switch|p2a: Kingambit|Kingambit, L50, F|100/100
|switch|p1a: Staraptor|Staraptor, L50, F|100/100
|-ability|p1a: Staraptor|Intimidate|boost
|-unboost|p2a: Kingambit|atk|1
|-ability|p2a: Kingambit|Defiant|boost
|-boost|p2a: Kingambit|atk|2
|-unboost|p2b: Whimsicott|atk|1
|turn|3
|
|t:|1783170638
|switch|p2a: Basculegion|Basculegion, L50, M|100/100
|detailschange|p1a: Staraptor|Staraptor-Mega, L50, F
|-mega|p1a: Staraptor|Staraptor|Staraptite
|move|p1b: Grimmsnarl|Reflect|p1b: Grimmsnarl
|-sidestart|p1: Phix_X|Reflect
|move|p2b: Whimsicott|Moonblast|p1a: Staraptor
|-supereffective|p1a: Staraptor|1
|-damage|p1a: Staraptor|45/100
|move|p1a: Staraptor|Close Combat|p2a: Basculegion
|-immune|p2a: Basculegion
|
|upkeep
|turn|4
|inactive|retking has 30 seconds left.
|
|t:|1783170666
|switch|p1a: Kingambit|Kingambit, L50, M|100/100
|switch|p2a: Kingambit|Kingambit, L50, F|100/100
|move|p2b: Whimsicott|Moonblast|p1a: Kingambit
|-damage|p1a: Kingambit|76/100
|move|p1b: Grimmsnarl|Spirit Break|p2b: Whimsicott
|-damage|p2b: Whimsicott|49/100
|-unboost|p2b: Whimsicott|spa|1
|
|upkeep
|turn|5
|inactive|retking has 30 seconds left.
|
|t:|1783170696
|switch|p2b: Basculegion|Basculegion, L50, M|100/100
|move|p1b: Grimmsnarl|Spirit Break|p2b: Basculegion
|-damage|p2b: Basculegion|62/100
|-unboost|p2b: Basculegion|spa|1
|move|p2a: Kingambit|Kowtow Cleave|p1a: Kingambit
|-resisted|p1a: Kingambit|1
|-damage|p1a: Kingambit|61/100
|move|p1a: Kingambit|Swords Dance|p1a: Kingambit
|-boost|p1a: Kingambit|atk|2
|
|upkeep
|turn|6
|l| DoctorGrizzman
|j| DoctorGrizzman
|
|t:|1783170714
|move|p2b: Basculegion|Aqua Jet|p1a: Kingambit
|-damage|p1a: Kingambit|44/100
|move|p1b: Grimmsnarl|Spirit Break|p2b: Basculegion
|-damage|p2b: Basculegion|21/100
|-unboost|p2b: Basculegion|spa|1
|move|p2a: Kingambit|Kowtow Cleave|p1a: Kingambit
|-resisted|p1a: Kingambit|1
|-damage|p1a: Kingambit|30/100
|move|p1a: Kingambit|Kowtow Cleave|p2b: Basculegion
|-supereffective|p2b: Basculegion|1
|-damage|p2b: Basculegion|0 fnt
|faint|p2b: Basculegion
|
|upkeep
|
|t:|1783170731
|switch|p2b: Whimsicott|Whimsicott, L50, F|49/100
|turn|7
|j| shunwee!
|
|t:|1783170743
|move|p2b: Whimsicott|Protect|p2b: Whimsicott
|-singleturn|p2b: Whimsicott|Protect
|move|p1b: Grimmsnarl|Spirit Break|p2b: Whimsicott
|-activate|p2b: Whimsicott|move: Protect
|move|p2a: Kingambit|Iron Head|p1b: Grimmsnarl
|-supereffective|p1b: Grimmsnarl|1
|-damage|p1b: Grimmsnarl|30/100
|move|p1a: Kingambit|Kowtow Cleave|p2b: Whimsicott
|-activate|p2b: Whimsicott|move: Protect
|
|upkeep
|turn|8
|inactive|retking has 30 seconds left.
|inactive|retking has 20 seconds left.
|inactive|retking has 15 seconds left.
|
|t:|1783170784
|move|p2b: Whimsicott|Moonblast|p1a: Kingambit
|-crit|p1a: Kingambit
|-damage|p1a: Kingambit|0 fnt
|faint|p1a: Kingambit
|move|p1b: Grimmsnarl|Spirit Break|p2b: Whimsicott
|-damage|p2b: Whimsicott|0 fnt
|faint|p2b: Whimsicott
|move|p2a: Kingambit|Kowtow Cleave|p1b: Grimmsnarl
|-resisted|p1b: Grimmsnarl|2
|-damage|p1b: Grimmsnarl|20/100y
|
|-sideend|p1: Phix_X|move: Light Screen
|upkeep
|
|t:|1783170790
|switch|p1a: Staraptor|Staraptor-Mega, L50, F|45/100
|turn|9
|
|t:|1783170800
|move|p1b: Grimmsnarl|Light Screen|p1b: Grimmsnarl
|-sidestart|p1: Phix_X|move: Light Screen
|move|p2a: Kingambit|Sucker Punch|p1a: Staraptor
|-resisted|p1a: Staraptor|1
|-damage|p1a: Staraptor|27/100
|move|p1a: Staraptor|Close Combat|p2a: Kingambit
|-supereffective|p2a: Kingambit|2
|-damage|p2a: Kingambit|0 fnt
|-boost|p1a: Staraptor|def|1
|-boost|p1a: Staraptor|spd|1
|faint|p2a: Kingambit
|
|win|Phix_X
||retking is ready for game 3.
||Phix_X is ready for game 3.
|uhtml|next|Next: Game 3 of 3
|l|☆Phix_X
|player|p1|
|j|☆Phix_X
|player|p1|Phix_X|raihan|
|l| DoctorGrizzman
|l|☆Phix_X
|player|p1|
|l| shunwee!
