|j|☆mirokartlivehc
|j|☆TheCrazyMonkey14
|html|mirokartlivehcTheCrazyMonkey14    
|uhtml|bestof|Game 3 of a best-of-3
|t:|1756330926
|gametype|doubles
|player|p1|mirokartlivehc|lucas|1079
|player|p2|TheCrazyMonkey14|benga|1000
|gen|9
|tier|[Gen 9] VGC 2025 Reg H (Bo3)
|rated|
|rule|Species Clause: Limit one of each Pokémon
|rule|Item Clause: Limit 1 of each item
|clearpoke
|poke|p1|Dragapult, L50, M|
|poke|p1|Volcarona, L50, F|
|poke|p1|Annihilape, L50, M|
|poke|p1|Clodsire, L50, F|
|poke|p1|Gastrodon-East, L50, F|
|poke|p1|Sinistcha, L50|
|poke|p2|Ursaluna-Bloodmoon, L50, M|
|poke|p2|Gholdengo, L50|
|poke|p2|Dragonite, L50, F|
|poke|p2|Sneasler, L50, M|
|poke|p2|Incineroar, L50, F|
|poke|p2|Amoonguss, L50, M|
|teampreview|4
|showteam|p1|Dragapult||SafetyGoggles|ClearBody|DragonDarts,PhantomForce,WillOWisp,Protect|||M|||50|,,,,,Steel]Volcarona||CovertCloak|FlameBody|FieryDance,StruggleBug,Tailwind,QuiverDance|||F|||50|,,,,,Water]Annihilape||ChoiceScarf|Defiant|FinalGambit,CloseCombat,RageFist,Coaching|||M|||50|,,,,,Stellar]Clodsire||Leftovers|WaterAbsorb|PoisonJab,StompingTantrum,Curse,Protect|||F|||50|,,,,,Fire]Gastrodon-East||SitrusBerry|StormDrain|EarthPower,IceBeam,Yawn,Protect|||F|||50|,,,,,Normal]Sinistcha||MentalHerb|Hospitality|MatchaGotcha,ShadowBall,RagePowder,TrickRoom||||||50|,,,,,Dark
|showteam|p2|Ursaluna-Bloodmoon||AssaultVest|MindsEye|BloodMoon,EarthPower,VacuumWave,HyperVoice|||M|||50|,,,,,Water]Gholdengo||LifeOrb|GoodasGold|Protect,MakeItRain,ShadowBall,NastyPlot||||||50|,,,,,Water]Dragonite||LoadedDice|Multiscale|ScaleShot,Tailwind,Haze,Protect|||F|||50|,,,,,Fairy]Sneasler||FocusSash|Unburden|Protect,DireClaw,CloseCombat,ThroatChop|||M|||50|,,,,,Stellar]Incineroar||SafetyGoggles|Intimidate|KnockOff,PartingShot,FlareBlitz,FakeOut|||F|||50|,,,,,Ghost]Amoonguss||SitrusBerry|Regenerator|RagePowder,Spore,PollenPuff,Protect|||M|||50|,,,,,Psychic
|
|t:|1756330978
|teamsize|p1|4
|teamsize|p2|4
|start
|switch|p1a: Annihilape|Annihilape, L50, M|100/100
|switch|p1b: Dragapult|Dragapult, L50, M|100/100
|switch|p2a: Sneasler|Sneasler, L50, M|100/100
|switch|p2b: Gholdengo|Gholdengo, L50|100/100
|turn|1
|
|t:|1756331001
|-terastallize|p2b: Gholdengo|Water
|move|p1b: Dragapult|Protect|p1b: Dragapult
|-singleturn|p1b: Dragapult|Protect
|move|p1a: Annihilape|Coaching|p1b: Dragapult
|-boost|p1b: Dragapult|atk|1
|-boost|p1b: Dragapult|def|1
|move|p2a: Sneasler|Dire Claw|p1a: Annihilape
|-resisted|p1a: Annihilape
|-damage|p1a: Annihilape|80/100
|-status|p1a: Annihilape|psn
|move|p2b: Gholdengo|Nasty Plot|p2b: Gholdengo
|-boost|p2b: Gholdengo|spa|2
|
|-damage|p1a: Annihilape|68/100 psn|[from] psn
|upkeep
|turn|2
|
|t:|1756331033
|-terastallize|p1b: Dragapult|Steel
|move|p1a: Annihilape|Coaching|p1b: Dragapult
|-boost|p1b: Dragapult|atk|1
|-boost|p1b: Dragapult|def|1
|move|p1b: Dragapult|Dragon Darts|p2a: Sneasler
|-damage|p2a: Sneasler|28/100
|-anim|p1b: Dragapult|Dragon Darts|p2b: Gholdengo
|-damage|p2b: Gholdengo|56/100
|move|p2a: Sneasler|Throat Chop|p1a: Annihilape
|-damage|p1a: Annihilape|39/100 psn
|-start|p1a: Annihilape|Throat Chop|[silent]
|move|p2b: Gholdengo|Shadow Ball|p1b: Dragapult
|-damage|p1b: Dragapult|0 fnt
|faint|p1b: Dragapult
|-damage|p2b: Gholdengo|47/100|[from] item: Life Orb
|
|-damage|p1a: Annihilape|26/100 psn|[from] psn
|upkeep
|
|t:|1756331052
|switch|p1b: Volcarona|Volcarona, L50, F|100/100
|turn|3
|
|t:|1756331076
|move|p2b: Gholdengo|Protect|p2b: Gholdengo
|-singleturn|p2b: Gholdengo|Protect
|move|p1a: Annihilape|Coaching|p1b: Volcarona
|-boost|p1b: Volcarona|atk|1
|-boost|p1b: Volcarona|def|1
|move|p2a: Sneasler|Dire Claw|p1b: Volcarona
|-damage|p1b: Volcarona|70/100
|move|p1b: Volcarona|Quiver Dance|p1b: Volcarona
|-boost|p1b: Volcarona|spa|1
|-boost|p1b: Volcarona|spd|1
|-boost|p1b: Volcarona|spe|1
|
|-damage|p1a: Annihilape|14/100 psn|[from] psn
|-end|p1a: Annihilape|Throat Chop|[silent]
|upkeep
|turn|4
|
|t:|1756331102
|switch|p1a: Gastrodon|Gastrodon-East, L50, F|100/100
|move|p1b: Volcarona|Struggle Bug|p2a: Sneasler|[spread] p2a,p2b
|-resisted|p2a: Sneasler
|-damage|p2a: Sneasler|19/100
|-damage|p2b: Gholdengo|16/100
|-unboost|p2a: Sneasler|spa|1
|-unboost|p2b: Gholdengo|spa|1
|move|p2a: Sneasler|Close Combat|p1b: Volcarona
|-resisted|p1b: Volcarona
|-damage|p1b: Volcarona|50/100
|-unboost|p2a: Sneasler|def|1
|-unboost|p2a: Sneasler|spd|1
|-status|p2a: Sneasler|brn|[from] ability: Flame Body|[of] p1b: Volcarona
|move|p2b: Gholdengo|Make It Rain|p1a: Gastrodon|[spread] p1a,p1b
|-resisted|p1a: Gastrodon
|-resisted|p1b: Volcarona
|-damage|p1a: Gastrodon|62/100
|-damage|p1b: Volcarona|26/100
|-unboost|p2b: Gholdengo|spa|1
|-damage|p2b: Gholdengo|7/100|[from] item: Life Orb
|
|-damage|p2a: Sneasler|13/100 brn|[from] brn
|upkeep
|turn|5
|
|t:|1756331128
|move|p1b: Volcarona|Struggle Bug|p2a: Sneasler|[spread] p2a,p2b
|-resisted|p2a: Sneasler
|-damage|p2a: Sneasler|0 fnt
|-damage|p2b: Gholdengo|0 fnt
|faint|p2a: Sneasler
|faint|p2b: Gholdengo
|move|p1a: Gastrodon|Earth Power|p2: Sneasler|[notarget]
|-fail|p1a: Gastrodon
|
|upkeep
|
|t:|1756331135
|switch|p2a: Incineroar|Incineroar, L50, F|100/100
|switch|p2b: Dragonite|Dragonite, L50, F|100/100
|-ability|p2a: Incineroar|Intimidate|boost
|-unboost|p1a: Gastrodon|atk|1
|-unboost|p1b: Volcarona|atk|1
|turn|6
|
|t:|1756331150
|move|p1b: Volcarona|Fiery Dance|p2b: Dragonite
|-resisted|p2b: Dragonite
|-damage|p2b: Dragonite|84/100
|move|p2b: Dragonite|Scale Shot|p1a: Gastrodon
|-damage|p1a: Gastrodon|48/100
|-enditem|p1a: Gastrodon|Sitrus Berry|[eat]
|-heal|p1a: Gastrodon|73/100|[from] item: Sitrus Berry
|-damage|p1a: Gastrodon|59/100
|-damage|p1a: Gastrodon|44/100
|-damage|p1a: Gastrodon|29/100
|-hitcount|p1a: Gastrodon|4
|-unboost|p2b: Dragonite|def|1
|-boost|p2b: Dragonite|spe|1
|move|p2a: Incineroar|Knock Off|p1a: Gastrodon
|-damage|p1a: Gastrodon|0 fnt
|faint|p1a: Gastrodon
|
|upkeep
|
|t:|1756331167
|switch|p1a: Annihilape|Annihilape, L50, M|14/100 psn
|turn|7
|
|t:|1756331185
|move|p1a: Annihilape|Rage Fist|p2b: Dragonite
|-damage|p2b: Dragonite|0 fnt
|faint|p2b: Dragonite
|move|p1b: Volcarona|Fiery Dance|p2a: Incineroar
|-resisted|p2a: Incineroar
|-crit|p2a: Incineroar
|-damage|p2a: Incineroar|59/100
|-boost|p1b: Volcarona|spa|1
|move|p2a: Incineroar|Knock Off|p1b: Volcarona
|-damage|p1b: Volcarona|0 fnt
|-enditem|p1b: Volcarona|Covert Cloak|[from] move: Knock Off|[of] p2a: Incineroar
|faint|p1b: Volcarona
|
|-damage|p1a: Annihilape|1/100 psn|[from] psn
|upkeep
|turn|8
|
|t:|1756331201
|move|p1a: Annihilape|Rage Fist|p2a: Incineroar
|-resisted|p2a: Incineroar
|-damage|p2a: Incineroar|29/100
|move|p2a: Incineroar|Knock Off|p1a: Annihilape
|-damage|p1a: Annihilape|0 fnt
|-enditem|p1a: Annihilape|Choice Scarf|[from] move: Knock Off|[of] p2a: Incineroar
|faint|p1a: Annihilape
|
|win|TheCrazyMonkey14
|raw|mirokartlivehc's rating: 1079 → 1052(-27 for losing)
|raw|TheCrazyMonkey14's rating: 1000 → 1049(+49 for winning)
|l|☆mirokartlivehc
|player|p1|
