|j|☆funnymann66
|j|☆Ritzbitz12
|html|funnymann66Ritzbitz12    
|uhtml|bestof|Game 2 of a best-of-3
|t:|1756506435
|gametype|doubles
|player|p1|funnymann66|lucas-gen4pt|1000
|player|p2|Ritzbitz12|palmer|1024
|gen|9
|tier|[Gen 9] VGC 2025 Reg H (Bo3)
|rated|
|rule|Species Clause: Limit one of each Pokémon
|rule|Item Clause: Limit 1 of each item
|clearpoke
|poke|p1|Torkoal, L50, F|
|poke|p1|Porygon2, L50|
|poke|p1|Ursaluna, L50, F|
|poke|p1|Hatterene, L50, F|
|poke|p1|Indeedee-F, L50, F|
|poke|p1|Incineroar, L50, M|
|poke|p2|Incineroar, L50, M|
|poke|p2|Dragonite, L50, M|
|poke|p2|Porygon2, L50|
|poke|p2|Ursaluna-Bloodmoon, L50, M|
|poke|p2|Ninetales-Alola, L50, M|
|poke|p2|Annihilape, L50, M|
|teampreview|4
|showteam|p1|Torkoal||Charcoal|Drought|Eruption,Flamethrower,EarthPower,Protect|||F|||50|,,,,,Fire]Porygon2||Eviolite|Download|TeraBlast,IceBeam,Recover,TrickRoom||||||50|,,,,,Fighting]Ursaluna||FlameOrb|Guts|HeadlongRush,Facade,Protect,SwordsDance|||F|||50|,,,,,Ghost]Hatterene||LifeOrb|MagicBounce|ExpandingForce,DazzlingGleam,Protect,TrickRoom|||F|||50|,,,,,Psychic]Indeedee-F||SafetyGoggles|PsychicSurge|HelpingHand,Protect,FollowMe,TrickRoom|||F|||50|,,,,,Dark]Incineroar||SitrusBerry|Intimidate|FakeOut,KnockOff,Taunt,PartingShot|||M|||50|,,,,,Bug
|showteam|p2|Incineroar||ChopleBerry|Intimidate|FlareBlitz,KnockOff,FakeOut,PartingShot|||M|||50|,,,,,Grass]Dragonite||LoadedDice|Multiscale|ScaleShot,Tailwind,Haze,Protect|||M|||50|,,,,,Steel]Porygon2||Eviolite|Download|TeraBlast,IceBeam,Recover,TrickRoom||||||50|,,,,,Fighting]Ursaluna-Bloodmoon||AssaultVest|MindsEye|HyperVoice,BloodMoon,VacuumWave,EarthPower|||M|||50|,,,,,Water]Ninetales-Alola||LightClay|SnowWarning|IcicleSpear,Encore,IcyWind,AuroraVeil|||M|||50|,,,,,Ghost]Annihilape||SafetyGoggles|Defiant|DrainPunch,RageFist,BulkUp,Protect|||M|||50|,,,,,Fire
|inactive|Battle timer is ON: inactive players will automatically lose when time's up. (requested by funnymann66)
|
|t:|1756506459
|teamsize|p1|4
|teamsize|p2|4
|start
|switch|p1a: Nokia Brick|Porygon2, L50, shiny|100/100
|switch|p1b: Incineroar|Incineroar, L50, M|100/100
|switch|p2a: Incineroar|Incineroar, L50, M|100/100
|switch|p2b: Annihilape|Annihilape, L50, M|100/100
|-ability|p2a: Incineroar|Intimidate|boost
|-unboost|p1a: Nokia Brick|atk|1
|-unboost|p1b: Incineroar|atk|1
|-ability|p1b: Incineroar|Intimidate|boost
|-unboost|p2a: Incineroar|atk|1
|-unboost|p2b: Annihilape|atk|1
|-ability|p2b: Annihilape|Defiant|boost
|-boost|p2b: Annihilape|atk|2
|-ability|p1a: Nokia Brick|Download|boost
|-boost|p1a: Nokia Brick|atk|1
|turn|1
|inactive|funnymann66 has 30 seconds left.
|inactive|Ritzbitz12 has 30 seconds left.
|
|t:|1756506489
|move|p2a: Incineroar|Fake Out|p1a: Nokia Brick
|-damage|p1a: Nokia Brick|95/100
|move|p2b: Annihilape|Bulk Up|p2b: Annihilape
|-boost|p2b: Annihilape|atk|1
|-boost|p2b: Annihilape|def|1
|move|p1b: Incineroar|Knock Off|p2b: Annihilape
|-damage|p2b: Annihilape|81/100
|-enditem|p2b: Annihilape|Safety Goggles|[from] move: Knock Off|[of] p1b: Incineroar
|cant|p1a: Nokia Brick|flinch
|
|upkeep
|turn|2
|inactive|funnymann66 has 30 seconds left.
|inactive|Ritzbitz12 has 30 seconds left.
|inactive|funnymann66 has 20 seconds left.
|
|t:|1756506525
|switch|p1b: Torkoal|Torkoal, L50, F|100/100
|-weather|SunnyDay|[from] ability: Drought|[of] p1b: Torkoal
|-terastallize|p1a: Nokia Brick|Fighting
|move|p2b: Annihilape|Drain Punch|p1a: Nokia Brick
|-damage|p1a: Nokia Brick|59/100
|-heal|p2b: Annihilape|98/100|[from] drain|[of] p1a: Nokia Brick
|move|p2a: Incineroar|Knock Off|p1a: Nokia Brick
|-resisted|p1a: Nokia Brick
|-damage|p1a: Nokia Brick|50/100
|-enditem|p1a: Nokia Brick|Eviolite|[from] move: Knock Off|[of] p2a: Incineroar
|move|p1a: Nokia Brick|Trick Room|p1a: Nokia Brick
|-fieldstart|move: Trick Room|[of] p1a: Nokia Brick
|
|-weather|SunnyDay|[upkeep]
|upkeep
|turn|3
|inactive|funnymann66 has 30 seconds left.
|inactive|Ritzbitz12 has 30 seconds left.
|
|t:|1756506558
|move|p2b: Annihilape|Protect|p2b: Annihilape
|-singleturn|p2b: Annihilape|Protect
|move|p1b: Torkoal|Eruption|p2b: Annihilape|[spread] p2a
|-activate|p2b: Annihilape|move: Protect
|-resisted|p2a: Incineroar
|-damage|p2a: Incineroar|61/100
|move|p1a: Nokia Brick|Ice Beam|p2b: Annihilape
|-activate|p2b: Annihilape|move: Protect
|move|p2a: Incineroar|Knock Off|p1b: Torkoal
|-damage|p1b: Torkoal|78/100
|-enditem|p1b: Torkoal|Charcoal|[from] move: Knock Off|[of] p2a: Incineroar
|
|-weather|SunnyDay|[upkeep]
|upkeep
|turn|4
|inactive|Ritzbitz12 has 30 seconds left.
|inactive|Ritzbitz12 has 20 seconds left.
|inactive|Ritzbitz12 has 15 seconds left.
|
|t:|1756506603
|switch|p1a: Ursaluna|Ursaluna, L50, F|100/100
|-terastallize|p2b: Annihilape|Fire
|move|p1b: Torkoal|Flamethrower|p2b: Annihilape
|-resisted|p2b: Annihilape
|-damage|p2b: Annihilape|69/100
|move|p2a: Incineroar|Parting Shot|p1b: Torkoal
|-unboost|p1b: Torkoal|atk|1
|-unboost|p1b: Torkoal|spa|1
|
|t:|1756506617
|switch|p2a: Porygon2|Porygon2, L50|100/100|[from] Parting Shot
|-ability|p2a: Porygon2|Download|boost
|-boost|p2a: Porygon2|spa|1
|move|p2b: Annihilape|Rage Fist|p1b: Torkoal
|-damage|p1b: Torkoal|0 fnt
|faint|p1b: Torkoal
|
|-weather|SunnyDay|[upkeep]
|-status|p1a: Ursaluna|brn|[from] item: Flame Orb
|upkeep
|
|t:|1756506635
|switch|p1b: Nokia Brick|Porygon2, L50, shiny, tera:Fighting|50/100
|-ability|p1b: Nokia Brick|Download|boost
|-boost|p1b: Nokia Brick|spa|1
|turn|5
|
|t:|1756506645
|switch|p2a: Incineroar|Incineroar, L50, M|61/100
|-ability|p2a: Incineroar|Intimidate|boost
|-unboost|p1a: Ursaluna|atk|1
|-unboost|p1b: Nokia Brick|atk|1
|move|p2b: Annihilape|Protect|p2b: Annihilape
|-singleturn|p2b: Annihilape|Protect
|move|p1a: Ursaluna|Facade|p2a: Incineroar
|-damage|p2a: Incineroar|0 fnt
|faint|p2a: Incineroar
|move|p1b: Nokia Brick|Tera Blast|p2b: Annihilape|[anim] Tera Blast Fighting
|-activate|p2b: Annihilape|move: Protect
|
|-weather|SunnyDay|[upkeep]
|-damage|p1a: Ursaluna|95/100 brn|[from] brn
|upkeep
|
|t:|1756506662
|switch|p2a: Ursaluna|Ursaluna-Bloodmoon, L50, M|100/100
|turn|6
|inactive|Ritzbitz12 has 30 seconds left.
|
|t:|1756506688
|move|p1a: Ursaluna|Headlong Rush|p2b: Annihilape
|-supereffective|p2b: Annihilape
|-damage|p2b: Annihilape|0 fnt
|-unboost|p1a: Ursaluna|def|1
|-unboost|p1a: Ursaluna|spd|1
|faint|p2b: Annihilape
|move|p1b: Nokia Brick|Ice Beam|p2a: Ursaluna
|-supereffective|p2a: Ursaluna
|-damage|p2a: Ursaluna|49/100
|move|p2a: Ursaluna|Blood Moon|p1a: Ursaluna
|-crit|p1a: Ursaluna
|-damage|p1a: Ursaluna|0 fnt
|faint|p1a: Ursaluna
|
|-weather|none
|-fieldend|move: Trick Room
|upkeep
|
|t:|1756506701
|switch|p2b: Porygon2|Porygon2, L50|100/100
|switch|p1a: Incineroar|Incineroar, L50, M|100/100
|-ability|p2b: Porygon2|Download|boost
|-boost|p2b: Porygon2|atk|1
|-ability|p1a: Incineroar|Intimidate|boost
|-unboost|p2a: Ursaluna|atk|1
|-unboost|p2b: Porygon2|atk|1
|turn|7
|inactive|Ritzbitz12 has 30 seconds left.
|inactive|funnymann66 has 30 seconds left.
|inactive|Ritzbitz12 has 20 seconds left.
|inactive|Ritzbitz12 has 15 seconds left.
|
|t:|1756506746
|move|p1a: Incineroar|Fake Out|p2a: Ursaluna
|-damage|p2a: Ursaluna|40/100
|cant|p2a: Ursaluna|flinch
|move|p2b: Porygon2|Tera Blast|p1b: Nokia Brick
|-damage|p1b: Nokia Brick|24/100
|move|p1b: Nokia Brick|Ice Beam|p2a: Ursaluna
|-supereffective|p2a: Ursaluna
|-damage|p2a: Ursaluna|0 fnt
|faint|p2a: Ursaluna
|
|upkeep
|turn|8
|
|t:|1756506762
|move|p2b: Porygon2|Tera Blast|p1b: Nokia Brick
|-damage|p1b: Nokia Brick|0 fnt
|faint|p1b: Nokia Brick
|move|p1a: Incineroar|Knock Off|p2b: Porygon2
|-damage|p2b: Porygon2|73/100
|-enditem|p2b: Porygon2|Eviolite|[from] move: Knock Off|[of] p1a: Incineroar
|
|upkeep
|turn|9
|
|t:|1756506776
|move|p2b: Porygon2|Tera Blast|p1a: Incineroar
|-damage|p1a: Incineroar|72/100
|move|p1a: Incineroar|Knock Off|p2b: Porygon2
|-crit|p2b: Porygon2
|-damage|p2b: Porygon2|29/100
|
|upkeep
|turn|10
|
|t:|1756506783
|move|p2b: Porygon2|Recover|p2b: Porygon2
|-heal|p2b: Porygon2|79/100
|move|p1a: Incineroar|Knock Off|p2b: Porygon2
|-damage|p2b: Porygon2|49/100
|
|upkeep
|turn|11
|
|t:|1756506788
|move|p2b: Porygon2|Recover|p2b: Porygon2
|-heal|p2b: Porygon2|99/100
|move|p1a: Incineroar|Knock Off|p2b: Porygon2
|-crit|p2b: Porygon2
|-damage|p2b: Porygon2|58/100
|
|upkeep
|turn|12
|
|t:|1756506795
|move|p2b: Porygon2|Recover|p2b: Porygon2
|-heal|p2b: Porygon2|100/100
|move|p1a: Incineroar|Parting Shot|p2b: Porygon2
|-unboost|p2b: Porygon2|atk|1
|-unboost|p2b: Porygon2|spa|1
|
|upkeep
|turn|13
|
|t:|1756506802
|move|p2b: Porygon2|Tera Blast|p1a: Incineroar
|-damage|p1a: Incineroar|51/100
|move|p1a: Incineroar|Knock Off|p2b: Porygon2
|-damage|p2b: Porygon2|72/100
|
|upkeep
|turn|14
|
|t:|1756506808
|move|p2b: Porygon2|Tera Blast|p1a: Incineroar
|-damage|p1a: Incineroar|31/100
|-enditem|p1a: Incineroar|Sitrus Berry|[eat]
|-heal|p1a: Incineroar|55/100|[from] item: Sitrus Berry
|move|p1a: Incineroar|Knock Off|p2b: Porygon2
|-damage|p2b: Porygon2|46/100
|
|upkeep
|turn|15
|
|t:|1756506818
|move|p2b: Porygon2|Tera Blast|p1a: Incineroar
|-damage|p1a: Incineroar|36/100
|move|p1a: Incineroar|Parting Shot|p2b: Porygon2
|-unboost|p2b: Porygon2|atk|1
|-unboost|p2b: Porygon2|spa|1
|
|upkeep
|turn|16
|
|t:|1756506824
|move|p2b: Porygon2|Recover|p2b: Porygon2
|-heal|p2b: Porygon2|96/100
|move|p1a: Incineroar|Knock Off|p2b: Porygon2
|-damage|p2b: Porygon2|65/100
|
|upkeep
|turn|17
|
|t:|1756506830
|move|p2b: Porygon2|Tera Blast|p1a: Incineroar
|-damage|p1a: Incineroar|20/100
|move|p1a: Incineroar|Knock Off|p2b: Porygon2
|-damage|p2b: Porygon2|35/100
|
|upkeep
|turn|18
|
|t:|1756506838
|move|p2b: Porygon2|Tera Blast|p1a: Incineroar
|-damage|p1a: Incineroar|6/100
|move|p1a: Incineroar|Knock Off|p2b: Porygon2
|-damage|p2b: Porygon2|5/100
|
|upkeep
|turn|19
|
|t:|1756506845
|move|p2b: Porygon2|Tera Blast|p1a: Incineroar
|-damage|p1a: Incineroar|0 fnt
|faint|p1a: Incineroar
|
|win|Ritzbitz12
||funnymann66 is ready for game 3.
