|j|☆grapejuiceplaysyt
|j|☆pupusaeater
|html|grapejuiceplaysytpupusaeater    
|uhtml|bestof|Game 2 of a best-of-3
|t:|1756706172
|gametype|doubles
|player|p1|grapejuiceplaysyt|roughneck-gen4|1035
|player|p2|pupusaeater|169|1142
|gen|9
|tier|[Gen 9] VGC 2025 Reg H (Bo3)
|rated|
|rule|Species Clause: Limit one of each Pokémon
|rule|Item Clause: Limit 1 of each item
|clearpoke
|poke|p1|Charizard, L50, F|
|poke|p1|Torkoal, L50, M|
|poke|p1|Porygon2, L50|
|poke|p1|Incineroar, L50, M|
|poke|p1|Jumpluff, L50, M|
|poke|p1|Ursaluna, L50, F|
|poke|p2|Kingambit, L50, F|
|poke|p2|Sneasler, L50, F|
|poke|p2|Electabuzz, L50, F|
|poke|p2|Rillaboom, L50, M|
|poke|p2|Dragonite, L50, F|
|poke|p2|Clefable, L50, F|
|teampreview|4
|showteam|p1|Charizard||ChoiceSpecs|SolarPower|HeatWave,Overheat,WeatherBall,AirSlash|||F|||50|,,,,,Ghost]Torkoal||EjectPack|Drought|Eruption,Overheat,HelpingHand,Protect|||M|||50|,,,,,Fire]Porygon2||Eviolite|Download|TeraBlast,IceBeam,Recover,TrickRoom||||||50|,,,,,Fighting]Incineroar||SitrusBerry|Intimidate|FlareBlitz,KnockOff,FakeOut,PartingShot|||M|||50|,,,,,Ghost]Jumpluff||CovertCloak|Chlorophyll|SleepPowder,SunnyDay,RagePowder,Tailwind|||M|||50|,,,,,Water]Ursaluna||FlameOrb|Guts|HeadlongRush,Facade,Earthquake,Protect|||F|||50|,,,,,Ghost
|showteam|p2|Kingambit||BlackGlasses|Defiant|KowtowCleave,SuckerPunch,LowKick,Protect|||F|||50|,,,,,Water]Sneasler||FocusSash|PoisonTouch|CloseCombat,DireClaw,Coaching,Protect|||F|||50|,,,,,Ghost]Electabuzz||Eviolite|VitalSpirit|FollowMe,Protect,Thunderbolt,Taunt|||F|||50|,,,,,Ghost]Rillaboom||AssaultVest|GrassySurge|WoodHammer,GrassyGlide,HighHorsepower,FakeOut|||M|||50|,,,,,Fire]Dragonite||SitrusBerry|Multiscale|ExtremeSpeed,Haze,DragonClaw,Tailwind|||F|||50|,,,,,Normal]Clefable||SafetyGoggles|MagicGuard|KnockOff,Moonblast,FollowMe,Protect|||F|||50|,,,,,Poison
|inactive|Battle timer is ON: inactive players will automatically lose when time's up. (requested by pupusaeater)
|
|t:|1756706201
|teamsize|p1|4
|teamsize|p2|4
|start
|switch|p1a: Torkoal|Torkoal, L50, M|100/100
|switch|p1b: Porygon2|Porygon2, L50|100/100
|switch|p2a: Electabuzz|Electabuzz, L50, F|100/100
|switch|p2b: Sneasler|Sneasler, L50, F, shiny|100/100
|-ability|p1b: Porygon2|Download|boost
|-boost|p1b: Porygon2|atk|1
|-weather|SunnyDay|[from] ability: Drought|[of] p1a: Torkoal
|turn|1
|inactive|grapejuiceplaysyt has 30 seconds left.
|
|t:|1756706228
|switch|p1b: Incineroar|Incineroar, L50, M|100/100
|-ability|p1b: Incineroar|Intimidate|boost
|-unboost|p2a: Electabuzz|atk|1
|-unboost|p2b: Sneasler|atk|1
|switch|p1a: Ursaluna|Ursaluna, L50, F|100/100
|move|p2b: Sneasler|Close Combat|p1a: Ursaluna
|-supereffective|p1a: Ursaluna
|-damage|p1a: Ursaluna|32/100
|-unboost|p2b: Sneasler|def|1
|-unboost|p2b: Sneasler|spd|1
|move|p2a: Electabuzz|Taunt|p1b: Incineroar
|-start|p1b: Incineroar|move: Taunt
|
|-weather|SunnyDay|[upkeep]
|-status|p1a: Ursaluna|brn|[from] item: Flame Orb
|upkeep
|turn|2
|inactive|grapejuiceplaysyt has 30 seconds left.
|inactive|pupusaeater has 30 seconds left.
|inactive|grapejuiceplaysyt has 20 seconds left.
|inactive|pupusaeater has 20 seconds left.
|inactive|grapejuiceplaysyt has 15 seconds left.
|inactive|pupusaeater has 15 seconds left.
|
|t:|1756706271
|move|p2b: Sneasler|Protect|p2b: Sneasler
|-singleturn|p2b: Sneasler|Protect
|move|p2a: Electabuzz|Protect|p2a: Electabuzz
|-singleturn|p2a: Electabuzz|Protect
|move|p1b: Incineroar|Fake Out|p2b: Sneasler
|-activate|p2b: Sneasler|move: Protect
|move|p1a: Ursaluna|Headlong Rush|p2a: Electabuzz
|-activate|p2a: Electabuzz|move: Protect
|
|-weather|SunnyDay|[upkeep]
|-damage|p1a: Ursaluna|27/100 brn|[from] brn
|upkeep
|turn|3
|inactive|grapejuiceplaysyt has 30 seconds left.
|
|t:|1756706298
|move|p1a: Ursaluna|Protect|p1a: Ursaluna
|-singleturn|p1a: Ursaluna|Protect
|move|p2b: Sneasler|Close Combat|p1a: Ursaluna
|-activate|p1a: Ursaluna|move: Protect
|move|p2a: Electabuzz|Thunderbolt|p1a: Ursaluna
|-activate|p1a: Ursaluna|move: Protect
|move|p1b: Incineroar|Flare Blitz|p2b: Sneasler
|-enditem|p2b: Sneasler|Focus Sash
|-damage|p2b: Sneasler|1/100
|-damage|p1b: Incineroar|75/100|[from] Recoil
|
|-weather|SunnyDay|[upkeep]
|-damage|p1a: Ursaluna|21/100 brn|[from] brn
|-end|p1b: Incineroar|move: Taunt
|upkeep
|turn|4
|inactive|grapejuiceplaysyt has 30 seconds left.
|inactive|grapejuiceplaysyt has 20 seconds left.
|inactive|grapejuiceplaysyt has 15 seconds left.
|inactive|grapejuiceplaysyt has 10 seconds left.
|inactive|grapejuiceplaysyt has 5 seconds left.
|
|t:|1756706349
|switch|p1a: Torkoal|Torkoal, L50, M|100/100
|move|p2b: Sneasler|Dire Claw|p1a: Torkoal
|-damage|p1a: Torkoal|80/100
|-status|p1a: Torkoal|psn|[from] ability: Poison Touch|[of] p2b: Sneasler
|move|p2a: Electabuzz|Thunderbolt|p1a: Torkoal
|-damage|p1a: Torkoal|41/100 psn
|move|p1b: Incineroar|Parting Shot|p2a: Electabuzz
|-unboost|p2a: Electabuzz|atk|1
|-unboost|p2a: Electabuzz|spa|1
|
|t:|1756706361
|switch|p1b: Ursaluna|Ursaluna, L50, F|21/100 brn|[from] Parting Shot
|
|-weather|SunnyDay|[upkeep]
|-damage|p1a: Torkoal|28/100 psn|[from] psn
|-damage|p1b: Ursaluna|15/100 brn|[from] brn
|upkeep
|turn|5
|
|t:|1756706379
|switch|p1b: Incineroar|Incineroar, L50, M|75/100
|-ability|p1b: Incineroar|Intimidate|boost
|-unboost|p2a: Electabuzz|atk|1
|-unboost|p2b: Sneasler|atk|1
|move|p2b: Sneasler|Dire Claw|p1b: Incineroar
|-damage|p1b: Incineroar|53/100
|-status|p1b: Incineroar|psn|[from] ability: Poison Touch|[of] p2b: Sneasler
|move|p2a: Electabuzz|Thunderbolt|p1a: Torkoal
|-damage|p1a: Torkoal|2/100 psn
|move|p1a: Torkoal|Eruption|p2b: Sneasler|[spread] p2a,p2b
|-damage|p2a: Electabuzz|99/100
|-damage|p2b: Sneasler|0 fnt
|faint|p2b: Sneasler
|
|-weather|none
|-damage|p1b: Incineroar|41/100 psn|[from] psn
|-damage|p1a: Torkoal|0 fnt|[from] psn
|faint|p1a: Torkoal
|upkeep
|-enditem|p1b: Incineroar|Sitrus Berry|[eat]
|-heal|p1b: Incineroar|65/100 psn|[from] item: Sitrus Berry
|
|t:|1756706403
|switch|p2b: Kingambit|Kingambit, L50, F|100/100
|switch|p1a: Porygon2|Porygon2, L50|100/100
|-ability|p1a: Porygon2|Download|boost
|-boost|p1a: Porygon2|spa|1
|turn|6
|inactive|pupusaeater has 30 seconds left.
|
|t:|1756706435
|-terastallize|p1a: Porygon2|Fighting
|-terastallize|p2b: Kingambit|Water
|move|p2a: Electabuzz|Taunt|p1a: Porygon2
|-start|p1a: Porygon2|move: Taunt
|move|p1b: Incineroar|Knock Off|p2a: Electabuzz
|-damage|p2a: Electabuzz|62/100
|-enditem|p2a: Electabuzz|Eviolite|[from] move: Knock Off|[of] p1b: Incineroar
|move|p1a: Porygon2|Tera Blast|p2b: Kingambit|[anim] Tera Blast Fighting
|-damage|p2b: Kingambit|41/100
|move|p2b: Kingambit|Low Kick|p1a: Porygon2
|-crit|p1a: Porygon2
|-damage|p1a: Porygon2|77/100
|
|-damage|p1b: Incineroar|53/100 psn|[from] psn
|upkeep
|turn|7
|
|t:|1756706454
|move|p2a: Electabuzz|Follow Me|p2a: Electabuzz
|-singleturn|p2a: Electabuzz|move: Follow Me
|move|p1b: Incineroar|Parting Shot|p2a: Electabuzz
|-unboost|p2a: Electabuzz|atk|1
|-unboost|p2a: Electabuzz|spa|1
|
|t:|1756706459
|switch|p1b: Ursaluna|Ursaluna, L50, F|15/100 brn|[from] Parting Shot
|move|p1a: Porygon2|Tera Blast|p2a: Electabuzz|[anim] Tera Blast Fighting
|-damage|p2a: Electabuzz|0 fnt
|faint|p2a: Electabuzz
|move|p2b: Kingambit|Kowtow Cleave|p1a: Porygon2
|-resisted|p1a: Porygon2
|-damage|p1a: Porygon2|57/100
|
|-damage|p1b: Ursaluna|9/100 brn|[from] brn
|upkeep
|
|t:|1756706470
|switch|p2a: Rillaboom|Rillaboom, L50, M|100/100
|-fieldstart|move: Grassy Terrain|[from] ability: Grassy Surge|[of] p2a: Rillaboom
|turn|8
|
|t:|1756706483
|switch|p1a: Incineroar|Incineroar, L50, M|53/100 psn
|-ability|p1a: Incineroar|Intimidate|boost
|-unboost|p2a: Rillaboom|atk|1
|-unboost|p2b: Kingambit|atk|1
|-ability|p2b: Kingambit|Defiant|boost
|-boost|p2b: Kingambit|atk|2
|move|p2a: Rillaboom|Fake Out|p1a: Incineroar
|-damage|p1a: Incineroar|43/100 psn
|move|p2b: Kingambit|Sucker Punch|p1b: Ursaluna
|-damage|p1b: Ursaluna|0 fnt
|faint|p1b: Ursaluna
|
|-heal|p1a: Incineroar|49/100 psn|[from] Grassy Terrain
|-heal|p2b: Kingambit|47/100|[from] Grassy Terrain
|-damage|p1a: Incineroar|37/100 psn|[from] psn
|upkeep
|
|t:|1756706493
|switch|p1b: Porygon2|Porygon2, L50, tera:Fighting|57/100
|-ability|p1b: Porygon2|Download|boost
|-boost|p1b: Porygon2|spa|1
|turn|9
|inactive|pupusaeater has 30 seconds left.
|inactive|pupusaeater has 20 seconds left.
|
|t:|1756706528
|move|p2a: Rillaboom|Wood Hammer|p1b: Porygon2
|-damage|p1b: Porygon2|21/100
|-damage|p2a: Rillaboom|89/100|[from] Recoil
|move|p1a: Incineroar|Flare Blitz|p2a: Rillaboom
|-supereffective|p2a: Rillaboom
|-damage|p2a: Rillaboom|0 fnt
|faint|p2a: Rillaboom
|-damage|p1a: Incineroar|7/100 psn|[from] Recoil
|move|p1b: Porygon2|Recover|p1b: Porygon2
|-heal|p1b: Porygon2|71/100
|move|p2b: Kingambit|Low Kick|p1a: Incineroar
|-supereffective|p1a: Incineroar
|-damage|p1a: Incineroar|0 fnt
|faint|p1a: Incineroar
|
|-heal|p1b: Porygon2|77/100|[from] Grassy Terrain
|-heal|p2b: Kingambit|53/100|[from] Grassy Terrain
|upkeep
|turn|10
|inactive|pupusaeater has 30 seconds left.
|
|t:|1756706560
|move|p1b: Porygon2|Tera Blast|p2b: Kingambit|[anim] Tera Blast Fighting
|-damage|p2b: Kingambit|0 fnt
|faint|p2b: Kingambit
|
|win|grapejuiceplaysyt
|raw|grapejuiceplaysyt's rating: 1035 → 1080(+45 for winning)
|raw|pupusaeater's rating: 1142 → 1110(-32 for losing)
|c|☆pupusaeater|gg
|l|☆pupusaeater
|player|p2|
|c|☆grapejuiceplaysyt|gg
