|j|☆irluke
|j|☆Luna_walking
|html|irlukeLuna_walking    
|uhtml|bestof|Game 2 of a best-of-3
|t:|1755875497
|gametype|doubles
|player|p1|irluke|n|1244
|player|p2|Luna_walking|1|1142
|gen|9
|tier|[Gen 9] VGC 2025 Reg H (Bo3)
|rated|
|rule|Species Clause: Limit one of each Pokémon
|rule|Item Clause: Limit 1 of each item
|clearpoke
|poke|p1|Dragonite, L50, F|
|poke|p1|Annihilape, L50, F|
|poke|p1|Volcarona, L50, M|
|poke|p1|Rillaboom, L50, M|
|poke|p1|Archaludon, L50, M|
|poke|p1|Ninetales-Alola, L50, M|
|poke|p2|Ursaluna-Bloodmoon, L50, M|
|poke|p2|Dragonite, L50, F|
|poke|p2|Gholdengo, L50|
|poke|p2|Incineroar, L50, M|
|poke|p2|Sneasler, L50, M|
|poke|p2|Amoonguss, L50, F|
|teampreview|4
|showteam|p1|Dragonite||AssaultVest|InnerFocus|ExtremeSpeed,DragonClaw,LowKick,AerialAce|||F|||50|,,,,,Fire]Annihilape||FocusSash|Defiant|Coaching,RageFist,CloseCombat,Taunt|||F|||50|,,,,,Stellar]Volcarona||GrassySeed|FlameBody|QuiverDance,Protect,HeatWave,GigaDrain|||M|||50|,,,,,Grass]Rillaboom||LoadedDice|GrassySurge|BulletSeed,GrassyGlide,HighHorsepower,FakeOut|||M|||50|,,,,,Poison]Archaludon||PowerHerb|Stamina|BodyPress,ElectroShot,DragonPulse,Protect|||M|||50|,,,,,Electric]Ninetales-Alola||NeverMeltIce|SnowWarning|IcyWind,Blizzard,FreezeDry,Protect|||M|||50|,,,,,Ice
|showteam|p2|Ursaluna-Bloodmoon||LifeOrb|MindsEye|BloodMoon,HyperVoice,EarthPower,Protect|||M|||50|,,,,,Normal]Dragonite||LoadedDice|Multiscale|ScaleShot,Tailwind,Protect,Haze|||F|||50|,,,,,Ghost]Gholdengo||MetalCoat|GoodasGold|NastyPlot,MakeItRain,ShadowBall,Protect||||||50|,,,,,Water]Incineroar||AssaultVest|Intimidate|FakeOut,FlareBlitz,KnockOff,Uturn|||M|||50|,,,,,Grass]Sneasler||FocusSash|Unburden|FakeOut,CloseCombat,DireClaw,Protect|||M|||50|,,,,,Stellar]Amoonguss||SitrusBerry|Regenerator|Spore,RagePowder,PollenPuff,Protect|||F|||50|,,,,,Water
|inactive|Battle timer is ON: inactive players will automatically lose when time's up. (requested by irluke)
|
|t:|1755875515
|teamsize|p1|4
|teamsize|p2|4
|start
|switch|p1a: Volcarona|Volcarona, L50, M, shiny|100/100
|switch|p1b: Annihilape|Annihilape, L50, F, shiny|100/100
|switch|p2a: Ursaluna|Ursaluna-Bloodmoon, L50, M|100/100
|switch|p2b: Dragonite|Dragonite, L50, F|100/100
|turn|1
|
|t:|1755875534
|-terastallize|p2a: Ursaluna|Normal
|move|p1b: Annihilape|Taunt|p2b: Dragonite
|-start|p2b: Dragonite|move: Taunt
|move|p1a: Volcarona|Quiver Dance|p1a: Volcarona
|-boost|p1a: Volcarona|spa|1
|-boost|p1a: Volcarona|spd|1
|-boost|p1a: Volcarona|spe|1
|cant|p2b: Dragonite|move: Taunt|Tailwind
|move|p2a: Ursaluna|Hyper Voice|p1b: Annihilape|[spread] p1a,p1b
|-crit|p1a: Volcarona
|-damage|p1a: Volcarona|14/100
|-damage|p1b: Annihilape|35/100
|-damage|p2a: Ursaluna|91/100|[from] item: Life Orb
|
|upkeep
|turn|2
|inactive|irluke has 30 seconds left.
|
|t:|1755875566
|switch|p2b: Sneasler|Sneasler, L50, M|100/100
|move|p2a: Ursaluna|Protect|p2a: Ursaluna
|-singleturn|p2a: Ursaluna|Protect
|move|p1a: Volcarona|Giga Drain|p2a: Ursaluna
|-activate|p2a: Ursaluna|move: Protect
|move|p1b: Annihilape|Rage Fist|p2b: Sneasler
|-damage|p2b: Sneasler|21/100
|
|upkeep
|turn|3
|inactive|Luna_walking has 30 seconds left.
|
|t:|1755875598
|switch|p2a: Dragonite|Dragonite, L50, F|100/100
|move|p1a: Volcarona|Protect|p1a: Volcarona
|-singleturn|p1a: Volcarona|Protect
|move|p2b: Sneasler|Dire Claw|p1b: Annihilape
|-resisted|p1b: Annihilape
|-damage|p1b: Annihilape|11/100
|move|p1b: Annihilape|Coaching|p1a: Volcarona
|-boost|p1a: Volcarona|atk|1
|-boost|p1a: Volcarona|def|1
|
|upkeep
|turn|4
|inactive|Luna_walking has 30 seconds left.
|
|t:|1755875632
|move|p2a: Dragonite|Protect|p2a: Dragonite
|-singleturn|p2a: Dragonite|Protect
|move|p1a: Volcarona|Heat Wave|p2a: Dragonite|[spread] p2b
|-activate|p2a: Dragonite|move: Protect
|-damage|p2b: Sneasler|0 fnt
|faint|p2b: Sneasler
|move|p1b: Annihilape|Rage Fist|p2a: Dragonite
|-activate|p2a: Dragonite|move: Protect
|
|upkeep
|
|t:|1755875642
|switch|p2b: Incineroar|Incineroar, L50, M|100/100
|-ability|p2b: Incineroar|Intimidate|boost
|-unboost|p1a: Volcarona|atk|1
|-unboost|p1b: Annihilape|atk|1
|-ability|p1b: Annihilape|Defiant|boost
|-boost|p1b: Annihilape|atk|2
|turn|5
|
|t:|1755875654
|switch|p1b: Rillaboom|Rillaboom, L50, M, shiny|100/100
|-fieldstart|move: Grassy Terrain|[from] ability: Grassy Surge|[of] p1b: Rillaboom
|-enditem|p1a: Volcarona|Grassy Seed
|-boost|p1a: Volcarona|def|1|[from] item: Grassy Seed
|move|p1a: Volcarona|Protect|p1a: Volcarona
|-singleturn|p1a: Volcarona|Protect
|move|p2b: Incineroar|Fake Out|p1a: Volcarona
|-activate|p1a: Volcarona|move: Protect
|move|p2a: Dragonite|Tailwind|p2a: Dragonite
|-sidestart|p2: Luna_walking|move: Tailwind
|
|-heal|p1a: Volcarona|20/100|[from] Grassy Terrain
|upkeep
|turn|6
|
|t:|1755875679
|move|p2a: Dragonite|Protect|p2a: Dragonite
|-singleturn|p2a: Dragonite|Protect
|move|p1b: Rillaboom|Fake Out|p2a: Dragonite
|-activate|p2a: Dragonite|move: Protect
|move|p1a: Volcarona|Quiver Dance|p1a: Volcarona
|-boost|p1a: Volcarona|spa|1
|-boost|p1a: Volcarona|spd|1
|-boost|p1a: Volcarona|spe|1
|move|p2b: Incineroar|Flare Blitz|p1a: Volcarona
|-damage|p1a: Volcarona|0 fnt
|faint|p1a: Volcarona
|-damage|p2b: Incineroar|94/100|[from] Recoil
|
|-heal|p2b: Incineroar|99/100|[from] Grassy Terrain
|upkeep
|
|t:|1755875683
|switch|p1a: Annihilape|Annihilape, L50, F, shiny|11/100
|turn|7
|
|t:|1755875697
|switch|p1b: Dragonite|Dragonite, L50, F, shiny|100/100
|move|p2a: Dragonite|Scale Shot|p1a: Annihilape
|-damage|p1a: Annihilape|0 fnt
|faint|p1a: Annihilape
|-hitcount|p1: Annihilape|1
|-unboost|p2a: Dragonite|def|1
|-boost|p2a: Dragonite|spe|1
|move|p2b: Incineroar|Flare Blitz|p1b: Dragonite
|-resisted|p1b: Dragonite
|-damage|p1b: Dragonite|72/100
|-damage|p2b: Incineroar|91/100|[from] Recoil
|
|-heal|p2b: Incineroar|97/100|[from] Grassy Terrain
|upkeep
|
|t:|1755875708
|switch|p1a: Rillaboom|Rillaboom, L50, M, shiny|100/100
|turn|8
|
|t:|1755875732
|-terastallize|p1b: Dragonite|Fire
|move|p2a: Dragonite|Scale Shot|p1b: Dragonite
|-damage|p1b: Dragonite|58/100
|-damage|p1b: Dragonite|43/100
|-damage|p1b: Dragonite|27/100
|-damage|p1b: Dragonite|11/100
|-hitcount|p1b: Dragonite|4
|-unboost|p2a: Dragonite|def|1
|-boost|p2a: Dragonite|spe|1
|move|p2b: Incineroar|Flare Blitz|p1a: Rillaboom
|-supereffective|p1a: Rillaboom
|-damage|p1a: Rillaboom|0 fnt
|faint|p1a: Rillaboom
|-damage|p2b: Incineroar|66/100|[from] Recoil
|move|p1b: Dragonite|Dragon Claw|p2b: Incineroar
|-damage|p2b: Incineroar|29/100
|
|-heal|p2b: Incineroar|35/100|[from] Grassy Terrain
|-heal|p1b: Dragonite|18/100|[from] Grassy Terrain
|-sideend|p2: Luna_walking|move: Tailwind
|upkeep
|turn|9
|
|t:|1755875754
|move|p1b: Dragonite|Extreme Speed|p2a: Dragonite
|-damage|p2a: Dragonite|74/100
|move|p2a: Dragonite|Scale Shot|p1b: Dragonite
|-damage|p1b: Dragonite|3/100
|-damage|p1b: Dragonite|0 fnt
|faint|p1b: Dragonite
|-hitcount|p1: Dragonite|2
|
|win|Luna_walking
|raw|irluke's rating: 1244 → 1212(-32 for losing)
|raw|Luna_walking's rating: 1142 → 1174(+32 for winning)
