|j|☆EchoShadowYT
|j|☆rustychair13
|html|EchoShadowYTrustychair13    
|uhtml|bestof|Game 2 of a best-of-3
|t:|1783711143
|gametype|doubles
|player|p1|EchoShadowYT|skierf|1290
|player|p2|rustychair13|265|1339
|gen|9
|tier|[Gen 9 Champions] VGC 2026 Reg M-B (Bo3)
|rated|
|rule|Species Clause: Limit one of each Pokémon
|rule|Item Clause: Limit 1 of each item
|clearpoke
|poke|p1|Delphox, L50, M|
|poke|p1|Sneasler, L50, M|
|poke|p1|Floette-Eternal, L50, F|
|poke|p1|Kingambit, L50, M|
|poke|p1|Incineroar, L50, F|
|poke|p1|Sinistcha, L50|
|poke|p2|Garchomp, L50, M|
|poke|p2|Charizard, L50, F|
|poke|p2|Incineroar, L50, M|
|poke|p2|Aerodactyl, L50, F|
|poke|p2|Sylveon, L50, F|
|poke|p2|Farigiraf, L50, F|
|teampreview|4
|showteam|p1|Delphox||Delphoxite|Blaze|HeatWave,Psyshock,NastyPlot,Protect|Timid||M|||50|]Sneasler||FocusSash|PoisonTouch|DireClaw,CloseCombat,FakeOut,Protect|Jolly||M|||50|]Floette-Eternal||Floettite|FlowerVeil|DazzlingGleam,DrainingKiss,CalmMind,Protect|Modest||F|||50|]Kingambit||BlackGlasses|Defiant|KowtowCleave,SuckerPunch,SwordsDance,Protect|Adamant||M|||50|]Incineroar||SitrusBerry|Intimidate|ThroatChop,FlareBlitz,PartingShot,FakeOut|Impish||F|||50|]Sinistcha||KasibBerry|Hospitality|MatchaGotcha,RagePowder,TrickRoom,Protect|Calm|||||50|
|showteam|p2|Garchomp||LifeOrb|RoughSkin|DragonClaw,Earthquake,StompingTantrum,Protect|Jolly||M|||50|]Charizard||CharizarditeY|Blaze|WeatherBall,HeatWave,SolarBeam,Protect|Modest||F|||50|]Incineroar||Charcoal|Intimidate|FlareBlitz,DarkestLariat,PartingShot,FakeOut|Brave||M|||50|]Aerodactyl||FocusSash|Unnerve|RockSlide,Tailwind,WideGuard,Protect|Jolly||F|||50|]Sylveon||FairyFeather|Pixilate|HyperVoice,QuickAttack,Yawn,Detect|Modest||F|||50|]Farigiraf||SitrusBerry|ArmorTail|Psychic,HelpingHand,TrickRoom,Protect|Calm||F|||50|
|inactive|Battle timer is ON: inactive players will automatically lose when time's up. (requested by EchoShadowYT)
|
|t:|1783711153
|teamsize|p1|4
|teamsize|p2|4
|start
|switch|p1a: Floette|Floette-Eternal, L50, F|100/100
|switch|p1b: Incineroar|Incineroar, L50, F|100/100
|switch|p2a: Incineroar|Incineroar, L50, M|100/100
|switch|p2b: Sylveon|Sylveon, L50, F|100/100
|-ability|p1b: Incineroar|Intimidate|boost
|-unboost|p2a: Incineroar|atk|1
|-unboost|p2b: Sylveon|atk|1
|-ability|p2a: Incineroar|Intimidate|boost
|-unboost|p1a: Floette|atk|1
|-unboost|p1b: Incineroar|atk|1
|turn|1
|
|t:|1783711165
|move|p1a: Floette|Protect|p1a: Floette
|-singleturn|p1a: Floette|Protect
|move|p2a: Incineroar|Fake Out|p1a: Floette
|-activate|p1a: Floette|move: Protect
|move|p2b: Sylveon|Hyper Voice|p1a: Floette|[spread] p1b
|-activate|p1a: Floette|move: Protect
|-damage|p1b: Incineroar|57/100
|move|p1b: Incineroar|Parting Shot|p2a: Incineroar
|-unboost|p2a: Incineroar|atk|1
|-unboost|p2a: Incineroar|spa|1
|
|t:|1783711176
|switch|p1b: Sneasler|Sneasler, L50, M|100/100|[from] Parting Shot
|
|upkeep
|turn|2
|inactive|rustychair13 has 30 seconds left.
|
|t:|1783711209
|detailschange|p1a: Floette|Floette-Mega, L50, F
|-mega|p1a: Floette|Floette|Floettite
|-ability|p1a: Floette|Fairy Aura
|move|p1b: Sneasler|Dire Claw|p2b: Sylveon
|-supereffective|p2b: Sylveon|1
|-damage|p2b: Sylveon|0 fnt
|faint|p2b: Sylveon
|move|p1a: Floette|Calm Mind|p1a: Floette
|-boost|p1a: Floette|spa|1
|-boost|p1a: Floette|spd|1
|move|p2a: Incineroar|Parting Shot|p1b: Sneasler
|-unboost|p1b: Sneasler|atk|1
|-unboost|p1b: Sneasler|spa|1
|
|t:|1783711219
|switch|p2a: Aerodactyl|Aerodactyl, L50, F|100/100|[from] Parting Shot
|-ability|p2a: Aerodactyl|Unnerve
|
|upkeep
|
|t:|1783711222
|switch|p2b: Incineroar|Incineroar, L50, M|100/100
|-ability|p2b: Incineroar|Intimidate|boost
|-unboost|p1a: Floette|atk|1
|-unboost|p1b: Sneasler|atk|1
|turn|3
|
|t:|1783711236
|switch|p1b: Incineroar|Incineroar, L50, F|57/100
|-ability|p1b: Incineroar|Intimidate|boost
|-unboost|p2a: Aerodactyl|atk|1
|-unboost|p2b: Incineroar|atk|1
|move|p1a: Floette|Protect|p1a: Floette
|-singleturn|p1a: Floette|Protect
|move|p2a: Aerodactyl|Rock Slide|p1b: Incineroar|[spread] p1b
|-activate|p1a: Floette|move: Protect
|-supereffective|p1b: Incineroar|1
|-damage|p1b: Incineroar|30/100
|move|p2b: Incineroar|Flare Blitz|p1b: Incineroar
|-resisted|p1b: Incineroar|1
|-damage|p1b: Incineroar|11/100
|-damage|p2b: Incineroar|93/100|[from] Recoil
|
|upkeep
|turn|4
|inactive|EchoShadowYT has 30 seconds left.
|
|t:|1783711270
|move|p2a: Aerodactyl|Wide Guard|p2a: Aerodactyl
|-singleturn|p2a: Aerodactyl|Wide Guard
|move|p1b: Incineroar|Fake Out|p2a: Aerodactyl
|-resisted|p2a: Aerodactyl|1
|-damage|p2a: Aerodactyl|90/100
|move|p1a: Floette|Calm Mind|p1a: Floette
|-boost|p1a: Floette|spa|1
|-boost|p1a: Floette|spd|1
|move|p2b: Incineroar|Parting Shot|p1a: Floette
|-unboost|p1a: Floette|atk|1
|-unboost|p1a: Floette|spa|1
|
|t:|1783711277
|switch|p2b: Garchomp|Garchomp, L50, M|100/100|[from] Parting Shot
|
|upkeep
|turn|5
|
|t:|1783711289
|switch|p1b: Sneasler|Sneasler, L50, M|100/100
|move|p1a: Floette|Protect|p1a: Floette
|-singleturn|p1a: Floette|Protect
|move|p2a: Aerodactyl|Rock Slide|p1b: Sneasler|[spread] p1b
|-activate|p1a: Floette|move: Protect
|-resisted|p1b: Sneasler|1
|-crit|p1b: Sneasler
|-damage|p1b: Sneasler|66/100
|move|p2b: Garchomp|Stomping Tantrum|p1a: Floette
|-activate|p1a: Floette|move: Protect
|
|upkeep
|turn|6
|
|t:|1783711305
|switch|p1b: Incineroar|Incineroar, L50, F|11/100
|-ability|p1b: Incineroar|Intimidate|boost
|-unboost|p2a: Aerodactyl|atk|1
|-unboost|p2b: Garchomp|atk|1
|move|p2a: Aerodactyl|Protect|p2a: Aerodactyl
|-singleturn|p2a: Aerodactyl|Protect
|move|p2b: Garchomp|Protect|p2b: Garchomp
|-singleturn|p2b: Garchomp|Protect
|move|p1a: Floette|Draining Kiss|p2b: Garchomp
|-activate|p2b: Garchomp|move: Protect
|
|upkeep
|turn|7
|
|t:|1783711318
|switch|p2b: Incineroar|Incineroar, L50, M|93/100
|-ability|p2b: Incineroar|Intimidate|boost
|-unboost|p1a: Floette|atk|1
|-unboost|p1b: Incineroar|atk|1
|move|p1b: Incineroar|Fake Out|p2b: Incineroar
|-damage|p2b: Incineroar|86/100
|move|p2a: Aerodactyl|Rock Slide|p1a: Floette|[spread] p1b
|-miss|p2a: Aerodactyl|p1a: Floette
|-supereffective|p1b: Incineroar|1
|-damage|p1b: Incineroar|0 fnt
|faint|p1b: Incineroar
|move|p1a: Floette|Draining Kiss|p2b: Incineroar
|-damage|p2b: Incineroar|26/100
|
|upkeep
|
|t:|1783711341
|switch|p1b: Sinistcha|Sinistcha, L50|100/100
|turn|8
|
|t:|1783711350
|switch|p2a: Garchomp|Garchomp, L50, M|100/100
|move|p2b: Incineroar|Fake Out|p1a: Floette
|-damage|p1a: Floette|84/100
|cant|p1a: Floette|flinch
|move|p1b: Sinistcha|Trick Room|p1b: Sinistcha
|-fieldstart|move: Trick Room|[of] p1b: Sinistcha
|
|upkeep
|turn|9
|
|t:|1783711372
|move|p2a: Garchomp|Protect|p2a: Garchomp
|-singleturn|p2a: Garchomp|Protect
|move|p2b: Incineroar|Flare Blitz|p1a: Floette
|-damage|p1a: Floette|4/100
|-damage|p2b: Incineroar|5/100|[from] Recoil
|move|p1b: Sinistcha|Matcha Gotcha|p2a: Garchomp|[spread] p2b
|-activate|p2a: Garchomp|move: Protect
|-resisted|p2b: Incineroar|1
|-crit|p2b: Incineroar
|-damage|p2b: Incineroar|0 fnt
|faint|p2b: Incineroar
|move|p1a: Floette|Dazzling Gleam|p2a: Garchomp
|-activate|p2a: Garchomp|move: Protect
|
|upkeep
|
|t:|1783711380
|switch|p2b: Aerodactyl|Aerodactyl, L50, F|90/100
|-ability|p2b: Aerodactyl|Unnerve
|turn|10
|
|t:|1783711401
|move|p2a: Garchomp|Protect||[still]
|-fail|p2a: Garchomp
|move|p1b: Sinistcha|Matcha Gotcha|p2a: Garchomp|[spread] p2a,p2b
|-crit|p2a: Garchomp
|-damage|p2a: Garchomp|62/100
|-damage|p2b: Aerodactyl|53/100
|move|p1a: Floette|Draining Kiss|p2a: Garchomp
|-supereffective|p2a: Garchomp|1
|-damage|p2a: Garchomp|0 fnt
|-heal|p1a: Floette|59/100|[from] drain|[of] p2a: Garchomp
|-damage|p1a: Floette|47/100|[from] ability: Rough Skin|[of] p2a: Garchomp
|faint|p2a: Garchomp
|move|p2b: Aerodactyl|Rock Slide|p1b: Sinistcha|[spread] p1a,p1b
|-crit|p1b: Sinistcha
|-damage|p1a: Floette|20/100y
|-damage|p1b: Sinistcha|65/100
|
|upkeep
|turn|11
|-message|rustychair13 forfeited.
|raw|EchoShadowYT's rating: 1290 → 1319(+29 for winning)
|raw|rustychair13's rating: 1339 → 1316(-23 for losing)
|
|win|EchoShadowYT
|l|☆rustychair13
|player|p2|
