|j|☆impassw
|j|☆viatles
|html|impasswviatles    
|uhtml|bestof|Game 2 of a best-of-3
|t:|1756153313
|gametype|doubles
|player|p1|impassw|giovanni|1030
|player|p2|viatles|hiker|1000
|gen|9
|tier|[Gen 9] VGC 2025 Reg H (Bo3)
|rated|
|rule|Species Clause: Limit one of each Pokémon
|rule|Item Clause: Limit 1 of each item
|clearpoke
|poke|p1|Porygon2, L50|
|poke|p1|Ursaluna, L50, F|
|poke|p1|Amoonguss, L50, M|
|poke|p1|Gholdengo, L50|
|poke|p1|Incineroar, L50, M|
|poke|p1|Dragonite, L50, M|
|poke|p2|Oricorio-Sensu, L50, M|
|poke|p2|Volcarona, L50, M|
|poke|p2|Sylveon, L50, F|
|poke|p2|Murkrow, L50, F|
|poke|p2|Dragapult, L50, M|
|poke|p2|Baxcalibur, L50, F|
|teampreview|4
|showteam|p1|Porygon2||Eviolite|Download|TrickRoom,IceBeam,Recover,TeraBlast||||||50|,,,,,Fighting]Ursaluna||FlameOrb|Guts|Facade,HeadlongRush,Earthquake,Protect|||F|||50|,,,,,Ghost]Amoonguss||CovertCloak|Regenerator|Spore,RagePowder,PollenPuff,SludgeBomb|||M|||50|,,,,,Water]Gholdengo||LifeOrb|GoodasGold|MakeItRain,ShadowBall,NastyPlot,Protect||||||50|,,,,,Water]Incineroar||RockyHelmet|Intimidate|FakeOut,KnockOff,PartingShot,FlareBlitz|||M|||50|,,,,,Ghost]Dragonite||LoadedDice|Multiscale|ScaleShot,Protect,ExtremeSpeed,Haze|||M|||50|,,,,,Fairy
|showteam|p2|Oricorio-Sensu||FocusSash|Dancer|QuiverDance,BatonPass,RevelationDance,Protect|||M|||50|,,,,,Fighting]Volcarona||SitrusBerry|FlameBody|QuiverDance,GigaDrain,FieryDance,Protect|||M|||50|,,,,,Grass]Sylveon||ChoiceScarf|Pixilate|HyperVoice,TeraBlast,StoredPower,SleepTalk|||F|||50|,,,,,Ground]Murkrow||Eviolite|Prankster|Tailwind,FoulPlay,Haze,FeatherDance|||F|||50|,,,,,Dark]Dragapult||CovertCloak|ClearBody|DragonCheer,DragonDarts,Protect,PhantomForce|||M|||50|,,,,,Stellar]Baxcalibur||LoadedDice|ThermalExchange|IcicleSpear,ScaleShot,GlaiveRush,Protect|||F|||50|,,,,,Grass
|c|☆viatles|ngl did not think that bird would do so much
|inactive|Battle timer is ON: inactive players will automatically lose when time's up. (requested by viatles)
|c|☆impassw|yeahh first time seeing it im impressed
|inactive|impassw has 60 seconds left.
|inactive|viatles has 60 seconds left.
|
|t:|1756153377
|teamsize|p1|4
|teamsize|p2|4
|start
|switch|p1a: Gholdengo|Gholdengo, L50|100/100
|switch|p1b: Amoonguss|Amoonguss, L50, M|100/100
|switch|p2a: Murkrow|Murkrow, L50, F|100/100
|switch|p2b: Oricorio|Oricorio-Sensu, L50, M|100/100
|turn|1
|inactive|impassw has 30 seconds left.
|inactive|viatles has 30 seconds left.
|
|t:|1756153412
|move|p2a: Murkrow|Tailwind|p2a: Murkrow
|-sidestart|p2: viatles|move: Tailwind
|move|p2b: Oricorio|Quiver Dance|p2b: Oricorio
|-boost|p2b: Oricorio|spa|1
|-boost|p2b: Oricorio|spd|1
|-boost|p2b: Oricorio|spe|1
|move|p1a: Gholdengo|Nasty Plot|p1a: Gholdengo
|-boost|p1a: Gholdengo|spa|2
|move|p1b: Amoonguss|Spore|p2a: Murkrow
|-status|p2a: Murkrow|slp|[from] move: Spore
|
|upkeep
|turn|2
|inactive|viatles has 30 seconds left.
|
|t:|1756153440
|switch|p2a: Volcarona|Volcarona, L50, M|100/100
|move|p2b: Oricorio|Protect|p2b: Oricorio
|-singleturn|p2b: Oricorio|Protect
|move|p1b: Amoonguss|Rage Powder|p1b: Amoonguss
|-singleturn|p1b: Amoonguss|move: Rage Powder
|move|p1a: Gholdengo|Make It Rain|p2a: Volcarona|[spread] p2a
|-activate|p2b: Oricorio|move: Protect
|-resisted|p2a: Volcarona
|-damage|p2a: Volcarona|38/100
|-unboost|p1a: Gholdengo|spa|1
|-enditem|p2a: Volcarona|Sitrus Berry|[eat]
|-heal|p2a: Volcarona|62/100|[from] item: Sitrus Berry
|-damage|p1a: Gholdengo|91/100|[from] item: Life Orb
|
|upkeep
|turn|3
|inactive|impassw has 30 seconds left.
|inactive|impassw has 20 seconds left.
|
|t:|1756153477
|move|p1b: Amoonguss|Rage Powder|p1b: Amoonguss
|-singleturn|p1b: Amoonguss|move: Rage Powder
|move|p2b: Oricorio|Revelation Dance|p1b: Amoonguss
|-damage|p1b: Amoonguss|50/100
|move|p2a: Volcarona|Fiery Dance|p1b: Amoonguss
|-supereffective|p1b: Amoonguss
|-crit|p1b: Amoonguss
|-damage|p1b: Amoonguss|0 fnt
|faint|p1b: Amoonguss
|-activate|p2b: Oricorio|ability: Dancer
|move|p2b: Oricorio|Fiery Dance|p1a: Gholdengo|[from] ability: Dancer
|-supereffective|p1a: Gholdengo
|-damage|p1a: Gholdengo|21/100
|-boost|p2b: Oricorio|spa|1
|move|p1a: Gholdengo|Make It Rain|p2a: Volcarona|[spread] p2a,p2b
|-resisted|p2a: Volcarona
|-damage|p2a: Volcarona|19/100
|-damage|p2b: Oricorio|2/100
|-unboost|p1a: Gholdengo|spa|1
|-damage|p1a: Gholdengo|11/100|[from] item: Life Orb
|
|upkeep
|
|t:|1756153499
|switch|p1b: Porygon2|Porygon2, L50|100/100
|-ability|p1b: Porygon2|Download|boost
|-boost|p1b: Porygon2|atk|1
|turn|4
|
|t:|1756153519
|-terastallize|p2b: Oricorio|Fighting
|move|p1a: Gholdengo|Protect|p1a: Gholdengo
|-singleturn|p1a: Gholdengo|Protect
|move|p2b: Oricorio|Revelation Dance|p1b: Porygon2
|-supereffective|p1b: Porygon2
|-damage|p1b: Porygon2|7/100
|move|p2a: Volcarona|Fiery Dance|p1b: Porygon2
|-damage|p1b: Porygon2|0 fnt
|-boost|p2a: Volcarona|spa|1
|faint|p1b: Porygon2
|-activate|p2b: Oricorio|ability: Dancer
|move|p2b: Oricorio|Fiery Dance|p1a: Gholdengo|[from] ability: Dancer
|-activate|p1a: Gholdengo|move: Protect
|
|-sideend|p2: viatles|move: Tailwind
|upkeep
|
|t:|1756153542
|switch|p1b: Ursaluna|Ursaluna, L50, F|100/100
|turn|5
|inactive|viatles has 30 seconds left.
|inactive|viatles has 20 seconds left.
|
|t:|1756153581
|switch|p2b: Murkrow|Murkrow, L50, F|100/100 slp
|move|p2a: Volcarona|Protect|p2a: Volcarona
|-singleturn|p2a: Volcarona|Protect
|move|p1a: Gholdengo|Make It Rain|p2a: Volcarona|[spread] p2b
|-activate|p2a: Volcarona|move: Protect
|-damage|p2b: Murkrow|30/100 slp
|-unboost|p1a: Gholdengo|spa|1
|-damage|p1a: Gholdengo|1/100|[from] item: Life Orb
|move|p1b: Ursaluna|Earthquake|p2a: Volcarona|[spread] p1a
|-activate|p2a: Volcarona|move: Protect
|-immune|p2b: Murkrow
|-supereffective|p1a: Gholdengo
|-damage|p1a: Gholdengo|0 fnt
|faint|p1a: Gholdengo
|
|-status|p1b: Ursaluna|brn|[from] item: Flame Orb
|upkeep
|turn|6
|inactive|impassw has 30 seconds left.
|
|t:|1756153612
|cant|p2b: Murkrow|slp
|move|p2a: Volcarona|Giga Drain|p1b: Ursaluna
|-supereffective|p1b: Ursaluna
|-damage|p1b: Ursaluna|29/100 brn
|-heal|p2a: Volcarona|61/100|[from] drain|[of] p1b: Ursaluna
|move|p1b: Ursaluna|Facade|p2a: Volcarona
|-damage|p2a: Volcarona|0 fnt
|faint|p2a: Volcarona
|
|-damage|p1b: Ursaluna|23/100 brn|[from] brn
|upkeep
|
|t:|1756153623
|switch|p2a: Oricorio|Oricorio-Sensu, L50, M, tera:Fighting|2/100
|turn|7
|
|t:|1756153645
|-terastallize|p1b: Ursaluna|Ghost
|cant|p2b: Murkrow|slp
|move|p2a: Oricorio|Revelation Dance|p1b: Ursaluna
|-immune|p1b: Ursaluna
|move|p1b: Ursaluna|Facade|p2a: Oricorio
|-damage|p2a: Oricorio|0 fnt
|faint|p2a: Oricorio
|
|-damage|p1b: Ursaluna|17/100 brn|[from] brn
|upkeep
|
|t:|1756153656
|switch|p2a: Dragapult|Dragapult, L50, M|100/100
|turn|8
|
|t:|1756153664
|-curestatus|p2b: Murkrow|slp|[msg]
|move|p2b: Murkrow|Feather Dance|p1b: Ursaluna
|-unboost|p1b: Ursaluna|atk|2
|move|p2a: Dragapult|Phantom Force||[still]
|-prepare|p2a: Dragapult|Phantom Force
|move|p1b: Ursaluna|Headlong Rush|p2a: Dragapult|[miss]
|-miss|p1b: Ursaluna|p2a: Dragapult
|
|-damage|p1b: Ursaluna|11/100 brn|[from] brn
|upkeep
|turn|9
|-message|impassw forfeited.
|
|win|viatles
|raw|impassw's rating: 1030 → 1014(-16 for losing)
|raw|viatles's rating: 1000 → 1043(+43 for winning)
|c|☆impassw|ggs
|c|☆viatles|ggs
|l|☆impassw
|player|p1|
