|j|☆car10seduard0
|j|☆shinkahma
|html|car10seduard0shinkahma    
|uhtml|bestof|Game 1 of a best-of-3
|t:|1783900845
|gametype|doubles
|player|p1|car10seduard0|swimmer|
|player|p2|shinkahma|pokemonranger-gen4|
|gen|9
|tier|[Gen 9 Champions] VGC 2026 Reg M-B (Bo3)
|rule|Species Clause: Limit one of each Pokémon
|rule|Item Clause: Limit 1 of each item
|clearpoke
|poke|p1|Charizard, L50, F|
|poke|p1|Venusaur, L50, F|
|poke|p1|Sinistcha, L50|
|poke|p1|Incineroar, L50, F|
|poke|p1|Floette-Eternal, L50, F|
|poke|p1|Garchomp, L50, M|
|poke|p2|Metagross, L50|
|poke|p2|Sneasler, L50, F|
|poke|p2|Floette-Eternal, L50, F|
|poke|p2|Hydreigon, L50, M|
|poke|p2|Incineroar, L50, M|
|poke|p2|Aerodactyl, L50, M|
|teampreview|4
|showteam|p1|Charizard||CharizarditeY|Blaze|HeatWave,Protect,SolarBeam,WeatherBall|Modest||F|||50|]Venusaur||FocusSash|Chlorophyll|SludgeBomb,LeafStorm,Protect,SleepPowder|Timid||F|||50|]Sinistcha||ColburBerry|Hospitality|TrickRoom,Protect,MatchaGotcha,RagePowder|Relaxed|||||50|]Incineroar||SitrusBerry|Intimidate|FlareBlitz,FakeOut,ThroatChop,PartingShot|Careful||F|||50|]Floette-Eternal||Floettite|FlowerVeil|Moonblast,CalmMind,DazzlingGleam,Protect|Modest||F|||50|]Garchomp||ChoiceScarf|RoughSkin|Earthquake,RockSlide,DragonClaw,StompingTantrum|Adamant||M|||50|
|showteam|p2|Metagross||Metagrossite|ClearBody|IronHead,BodyPress,StompingTantrum,Protect|Adamant|||||50|]Sneasler||WhiteHerb|Unburden|Coaching,FakeOut,DireClaw,CloseCombat|Jolly||F|||50|]Floette-Eternal||Floettite|FlowerVeil|DrainingKiss,Protect,CalmMind,DazzlingGleam|Modest||F|||50|]Hydreigon||ChoiceScarf|Levitate|DracoMeteor,Snarl,HeatWave,DarkPulse|Modest||M|||50|]Incineroar||PasshoBerry|Intimidate|FakeOut,PartingShot,FlareBlitz,DarkestLariat|Careful||M|||50|]Aerodactyl||FocusSash|Unnerve|DualWingbeat,WideGuard,Tailwind,RockSlide|Jolly||M|||50|
|inactive|Battle timer is ON: inactive players will automatically lose when time's up. (requested by car10seduard0)
|inactive|car10seduard0 has 60 seconds left.
|inactive|shinkahma has 60 seconds left.
|
|t:|1783900919
|teamsize|p1|4
|teamsize|p2|4
|start
|switch|p1a: Garchomp|Garchomp, L50, M|100/100
|switch|p1b: Floette|Floette-Eternal, L50, F|100/100
|switch|p2a: Leito Moonlight|Hydreigon, L50, M|100/100
|switch|p2b: Tigre Toño|Incineroar, L50, M|100/100
|-ability|p2b: Tigre Toño|Intimidate|boost
|-unboost|p1a: Garchomp|atk|1
|-unboost|p1b: Floette|atk|1
|turn|1
|inactive|car10seduard0 has 30 seconds left.
|inactive|shinkahma has 30 seconds left.
|inactive|car10seduard0 has 20 seconds left.
|inactive|shinkahma has 20 seconds left.
|inactive|shinkahma has 15 seconds left.
|
|t:|1783900963
|switch|p1a: Incineroar|Incineroar, L50, F|100/100
|-ability|p1a: Incineroar|Intimidate|boost
|-unboost|p2a: Leito Moonlight|atk|1
|-unboost|p2b: Tigre Toño|atk|1
|detailschange|p1b: Floette|Floette-Mega, L50, F
|-mega|p1b: Floette|Floette|Floettite
|-ability|p1b: Floette|Fairy Aura
|move|p1b: Floette|Protect|p1b: Floette
|-singleturn|p1b: Floette|Protect
|move|p2b: Tigre Toño|Fake Out|p1b: Floette
|-activate|p1b: Floette|move: Protect
|move|p2a: Leito Moonlight|Draco Meteor|p1a: Incineroar
|-damage|p1a: Incineroar|40/100
|-unboost|p2a: Leito Moonlight|spa|2
|-enditem|p1a: Incineroar|Sitrus Berry|[eat]
|-heal|p1a: Incineroar|64/100|[from] item: Sitrus Berry
|
|upkeep
|turn|2
|l|☆shinkahma
|inactive|shinkahma disconnected and has 300 seconds to reconnect!
|player|p2|
|j|☆shinkahma
|inactive|shinkahma reconnected and has 40 seconds left.
|player|p2|shinkahma|pokemonranger-gen4|
|inactive|shinkahma has 30 seconds left.
|
|t:|1783901000
|switch|p2a: Pajatactyl|Aerodactyl, L50, M|100/100
|-ability|p2a: Pajatactyl|Unnerve
|move|p1a: Incineroar|Fake Out|p2b: Tigre Toño
|-damage|p2b: Tigre Toño|91/100
|move|p1b: Floette|Calm Mind|p1b: Floette
|-boost|p1b: Floette|spa|1
|-boost|p1b: Floette|spd|1
|cant|p2b: Tigre Toño|flinch
|
|upkeep
|turn|3
|inactive|shinkahma has 30 seconds left.
|inactive|shinkahma has 20 seconds left.
|inactive|shinkahma has 15 seconds left.
|inactive|shinkahma has 10 seconds left.
|l|☆shinkahma
|inactive|shinkahma disconnected and has 290 seconds to reconnect!
|player|p2|
|inactive|shinkahma has 270 seconds to reconnect!
|inactive|shinkahma has 240 seconds to reconnect!
|inactive|shinkahma has 210 seconds to reconnect!
|j|☆shinkahma
|inactive|shinkahma reconnected and has 10 seconds left.
|player|p2|shinkahma|pokemonranger-gen4|
|inactive|shinkahma has 5 seconds left.
|
|t:|1783901160
|move|p2a: Pajatactyl|Dual Wingbeat|p1a: Incineroar
|-damage|p1a: Incineroar|48/100
|-damage|p1a: Incineroar|30/100
|-hitcount|p1a: Incineroar|2
|move|p1b: Floette|Moonblast|p2b: Tigre Toño
|-damage|p2b: Tigre Toño|10/100
|move|p1a: Incineroar|Parting Shot|p2a: Pajatactyl
|-unboost|p2a: Pajatactyl|atk|1
|-unboost|p2a: Pajatactyl|spa|1
|
|t:|1783901171
|switch|p1a: Garchomp|Garchomp, L50, M|100/100|[from] Parting Shot
|move|p2b: Tigre Toño|Parting Shot|p1b: Floette
|-unboost|p1b: Floette|atk|1
|-unboost|p1b: Floette|spa|1
|
|t:|1783901187
|switch|p2b: Rosa de Guadalupa|Floette-Eternal, L50, F|100/100|[from] Parting Shot
|
|upkeep
|turn|4
|
|t:|1783901205
|detailschange|p2b: Rosa de Guadalupa|Floette-Mega, L50, F
|-mega|p2b: Rosa de Guadalupa|Floette|Floettite
|-ability|p2b: Rosa de Guadalupa|Fairy Aura
|move|p1a: Garchomp|Stomping Tantrum|p2b: Rosa de Guadalupa
|-damage|p2b: Rosa de Guadalupa|57/100
|move|p2a: Pajatactyl|Tailwind|p2a: Pajatactyl
|-sidestart|p2: shinkahma|move: Tailwind
|move|p2b: Rosa de Guadalupa|Dazzling Gleam|p1b: Floette|[spread] p1a,p1b
|-supereffective|p1a: Garchomp|1
|-damage|p1a: Garchomp|10/100
|-damage|p1b: Floette|79/100
|move|p1b: Floette|Moonblast|p2b: Rosa de Guadalupa
|-damage|p2b: Rosa de Guadalupa|0 fnt
|faint|p2b: Rosa de Guadalupa
|
|upkeep
|
|t:|1783901221
|switch|p2b: Tigre Toño|Incineroar, L50, M|10/100
|-ability|p2b: Tigre Toño|Intimidate|boost
|-unboost|p1a: Garchomp|atk|1
|-unboost|p1b: Floette|atk|1
|turn|5
|
|t:|1783901239
|switch|p1a: Incineroar|Incineroar, L50, F|30/100
|-ability|p1a: Incineroar|Intimidate|boost
|-unboost|p2a: Pajatactyl|atk|1
|-unboost|p2b: Tigre Toño|atk|1
|move|p1b: Floette|Protect|p1b: Floette
|-singleturn|p1b: Floette|Protect
|move|p2b: Tigre Toño|Fake Out|p1a: Incineroar
|-damage|p1a: Incineroar|23/100
|move|p2a: Pajatactyl|Rock Slide|p1a: Incineroar|[spread] p1a
|-activate|p1b: Floette|move: Protect
|-supereffective|p1a: Incineroar|1
|-damage|p1a: Incineroar|0 fnt
|faint|p1a: Incineroar
|
|upkeep
|
|t:|1783901252
|switch|p1a: Sinistcha|Sinistcha, L50|100/100
|-heal|p1b: Floette|100/100|[from] ability: Hospitality|[of] p1a: Sinistcha
|turn|6
|inactive|shinkahma has 30 seconds left.
|
|t:|1783901284
|move|p2a: Pajatactyl|Wide Guard|p2a: Pajatactyl
|-singleturn|p2a: Pajatactyl|Wide Guard
|move|p2b: Tigre Toño|Flare Blitz|p1a: Sinistcha
|-supereffective|p1a: Sinistcha|1
|-damage|p1a: Sinistcha|44/100
|-damage|p2b: Tigre Toño|0 fnt|[from] Recoil
|faint|p2b: Tigre Toño
|move|p1b: Floette|Dazzling Gleam|p2a: Pajatactyl
|-activate|p2a: Pajatactyl|move: Wide Guard
|move|p1a: Sinistcha|Trick Room|p1a: Sinistcha
|-fieldstart|move: Trick Room|[of] p1a: Sinistcha
|
|upkeep
|
|t:|1783901297
|switch|p2b: Leito Moonlight|Hydreigon, L50, M|100/100
|turn|7
|
|t:|1783901318
|move|p1a: Sinistcha|Matcha Gotcha|p2b: Leito Moonlight|[spread] p2a,p2b
|-resisted|p2b: Leito Moonlight|1
|-damage|p2a: Pajatactyl|64/100
|-heal|p1a: Sinistcha|60/100|[from] drain|[of] p2a: Pajatactyl
|-damage|p2b: Leito Moonlight|85/100
|-heal|p1a: Sinistcha|67/100|[from] drain|[of] p2b: Leito Moonlight
|-status|p2b: Leito Moonlight|brn
|move|p1b: Floette|Moonblast|p2b: Leito Moonlight
|-supereffective|p2b: Leito Moonlight|2
|-damage|p2b: Leito Moonlight|0 fnt
|faint|p2b: Leito Moonlight
|move|p2a: Pajatactyl|Dual Wingbeat|p1a: Sinistcha
|-supereffective|p1a: Sinistcha|1
|-damage|p1a: Sinistcha|52/100
|-supereffective|p1a: Sinistcha|1
|-damage|p1a: Sinistcha|38/100
|-hitcount|p1a: Sinistcha|2
|
|-sideend|p2: shinkahma|move: Tailwind
|upkeep
|turn|8
|inactive|car10seduard0 has 30 seconds left.
|l|☆shinkahma
|inactive|shinkahma disconnected and has 185 seconds to reconnect!
|player|p2|
|
|t:|1783901351
|move|p1a: Sinistcha|Matcha Gotcha|p2a: Pajatactyl
|-damage|p2a: Pajatactyl|16/100
|-heal|p1a: Sinistcha|59/100|[from] drain|[of] p2a: Pajatactyl
|move|p1b: Floette|Moonblast|p2a: Pajatactyl
|-damage|p2a: Pajatactyl|0 fnt
|faint|p2a: Pajatactyl
|
|win|car10seduard0
|j|☆shinkahma
|player|p2|shinkahma|pokemonranger-gen4|
||car10seduard0 is ready for game 2.
||shinkahma is ready for game 2.
|uhtml|next|Next: Game 2 of 3
