|j|☆test220102
|j|☆Latios66
|html|test220102Latios66    
|uhtml|bestof|Game 1 of a best-of-3
|t:|1757712725
|gametype|doubles
|player|p1|test220102|2|1082
|player|p2|Latios66|169|1124
|gen|9
|tier|[Gen 9] VGC 2025 Reg H (Bo3)
|rated|
|rule|Species Clause: Limit one of each Pokémon
|rule|Item Clause: Limit 1 of each item
|clearpoke
|poke|p1|Incineroar, L50, F|
|poke|p1|Sinistcha, L50|
|poke|p1|Kilowattrel, L50, M|
|poke|p1|Palafin, L50, M|
|poke|p1|Ursaluna, L50, F|
|poke|p1|Sneasler, L50, M|
|poke|p2|Tyranitar, L50, M|
|poke|p2|Blaziken, L50, F|
|poke|p2|Excadrill, L50, M|
|poke|p2|Salamence, L50, F|
|poke|p2|Sinistcha-Masterpiece, L50|
|poke|p2|Annihilape, L50, F|
|teampreview|4
|showteam|p1|Incineroar||AssaultVest|Intimidate|FakeOut,FlareBlitz,KnockOff,Uturn|||F|||50|,,,,,Bug]Sinistcha||SitrusBerry|Hospitality|Protect,RagePowder,ShadowBall,TrickRoom||||||50|,,,,,Water]Kilowattrel||CovertCloak|WindPower|Protect,VoltSwitch,Thunderbolt,Tailwind|||M|||50|,,,,,Electric]Palafin||MysticWater|ZerotoHero|Protect,Haze,JetPunch,WaveCrash|||M|||50|,,,,,Dragon]Ursaluna||FlameOrb|Guts|Protect,HeadlongRush,Facade,Earthquake|||F|||50|,,,,,Ghost]Sneasler||FocusSash|PoisonTouch|Protect,Taunt,CloseCombat,DireClaw|||M|||50|,,,,,Ghost
|showteam|p2|Tyranitar||ClearAmulet|SandStream|RockSlide,KnockOff,Protect,DragonDance|||M|||50|,,,,,Grass]Blaziken||CovertCloak|SpeedBoost|AuraSphere,HeatWave,Coaching,WillOWisp|||F|||50|,,,,,Dragon]Excadrill||AssaultVest|SandRush|RockSlide,HighHorsepower,IronHead,Earthquake|||M|||50|,,,,,Ghost]Salamence||LifeOrb|Intimidate|AirSlash,Tailwind,DracoMeteor,Protect|||F|||50|,,,,,Ghost]Sinistcha-Masterpiece||SitrusBerry|Hospitality|ShadowBall,MatchaGotcha,RagePowder,Protect||||||50|,,,,,Dark]Annihilape||ChoiceScarf|Defiant|FinalGambit,Uturn,CloseCombat,ShadowClaw|||F|||50|,,,,,Grass
|inactive|Battle timer is ON: inactive players will automatically lose when time's up. (requested by test220102)
|inactive|test220102 has 60 seconds left.
|inactive|Latios66 has 60 seconds left.
|
|t:|1757712769
|teamsize|p1|4
|teamsize|p2|4
|start
|switch|p1a: Kilowattrel|Kilowattrel, L50, M|100/100
|switch|p1b: Palafin|Palafin, L50, M|100/100
|switch|p2a: Tyranitar|Tyranitar, L50, M|100/100
|switch|p2b: Excadrill|Excadrill, L50, M|100/100
|-weather|Sandstorm|[from] ability: Sand Stream|[of] p2a: Tyranitar
|turn|1
|inactive|test220102 has 30 seconds left.
|
|t:|1757712797
|detailschange|p1b: Palafin|Palafin-Hero, L50, M
|switch|p1b: Sinistcha|Sinistcha, L50|100/100
|-terastallize|p2a: Tyranitar|Grass
|move|p2b: Excadrill|Rock Slide|p1b: Sinistcha|[spread] p1a,p1b
|-supereffective|p1a: Kilowattrel
|-damage|p1a: Kilowattrel|16/100
|-damage|p1b: Sinistcha|79/100
|move|p1a: Kilowattrel|Tailwind|p1a: Kilowattrel
|-sidestart|p1: test220102|move: Tailwind
|-start|p1a: Kilowattrel|Charge|Tailwind|[from] ability: Wind Power
|move|p2a: Tyranitar|Knock Off|p1b: Sinistcha
|-supereffective|p1b: Sinistcha
|-damage|p1b: Sinistcha|0 fnt
|-enditem|p1b: Sinistcha|Sitrus Berry|[from] move: Knock Off|[of] p2a: Tyranitar
|faint|p1b: Sinistcha
|
|-weather|Sandstorm|[upkeep]
|-damage|p1a: Kilowattrel|9/100|[from] Sandstorm
|-damage|p2a: Tyranitar|94/100|[from] Sandstorm
|upkeep
|
|t:|1757712814
|switch|p1b: Palafin|Palafin-Hero, L50, M|100/100
|-activate|p1b: Palafin|ability: Zero to Hero
|turn|2
|
|t:|1757712831
|switch|p2b: Salamence|Salamence, L50, F|100/100
|-ability|p2b: Salamence|Intimidate|boost
|-unboost|p1a: Kilowattrel|atk|1
|-unboost|p1b: Palafin|atk|1
|move|p1a: Kilowattrel|Volt Switch|p2a: Tyranitar
|-resisted|p2a: Tyranitar
|-damage|p2a: Tyranitar|60/100
|-end|p1a: Kilowattrel|Charge|[silent]
|
|t:|1757712837
|switch|p1a: Sneasler|Sneasler, L50, M|100/100|[from] Volt Switch
|move|p1b: Palafin|Wave Crash|p2b: Salamence
|-resisted|p2b: Salamence
|-damage|p2b: Salamence|61/100
|-damage|p1b: Palafin|90/100|[from] Recoil
|move|p2a: Tyranitar|Knock Off|p1b: Palafin
|-crit|p1b: Palafin
|-damage|p1b: Palafin|18/100
|-enditem|p1b: Palafin|Mystic Water|[from] move: Knock Off|[of] p2a: Tyranitar
|
|-weather|Sandstorm|[upkeep]
|-damage|p1a: Sneasler|95/100|[from] Sandstorm
|-damage|p1b: Palafin|13/100|[from] Sandstorm
|-damage|p2b: Salamence|55/100|[from] Sandstorm
|-damage|p2a: Tyranitar|54/100|[from] Sandstorm
|upkeep
|turn|3
|
|t:|1757712859
|switch|p1b: Kilowattrel|Kilowattrel, L50, M|9/100
|switch|p2b: Annihilape|Annihilape, L50, F|100/100
|move|p2a: Tyranitar|Protect|p2a: Tyranitar
|-singleturn|p2a: Tyranitar|Protect
|move|p1a: Sneasler|Dire Claw|p2a: Tyranitar
|-activate|p2a: Tyranitar|move: Protect
|
|-weather|Sandstorm|[upkeep]
|-damage|p1b: Kilowattrel|3/100|[from] Sandstorm
|-damage|p1a: Sneasler|89/100|[from] Sandstorm
|-damage|p2b: Annihilape|95/100|[from] Sandstorm
|-damage|p2a: Tyranitar|48/100|[from] Sandstorm
|upkeep
|turn|4
|inactive|Latios66 has 30 seconds left.
|
|t:|1757712885
|switch|p2a: Excadrill|Excadrill, L50, M|100/100
|move|p1b: Kilowattrel|Volt Switch|p2b: Annihilape
|-damage|p2b: Annihilape|64/100
|
|t:|1757712890
|switch|p1b: Palafin|Palafin-Hero, L50, M|13/100|[from] Volt Switch
|move|p1a: Sneasler|Dire Claw|p2a: Excadrill
|-immune|p2a: Excadrill
|move|p2b: Annihilape|Final Gambit|p1a: Sneasler
|-damage|p1a: Sneasler|1/100
|faint|p2b: Annihilape
|
|-weather|Sandstorm|[upkeep]
|-damage|p1a: Sneasler|0 fnt|[from] Sandstorm
|-damage|p1b: Palafin|7/100|[from] Sandstorm
|faint|p1a: Sneasler
|-sideend|p1: test220102|move: Tailwind
|upkeep
|
|t:|1757712905
|switch|p1a: Kilowattrel|Kilowattrel, L50, M|3/100
|switch|p2b: Salamence|Salamence, L50, F|55/100
|-ability|p2b: Salamence|Intimidate|boost
|-unboost|p1a: Kilowattrel|atk|1
|-unboost|p1b: Palafin|atk|1
|turn|5
|
|t:|1757712918
|move|p1b: Palafin|Jet Punch|p2a: Excadrill
|-supereffective|p2a: Excadrill
|-damage|p2a: Excadrill|25/100
|move|p2a: Excadrill|Rock Slide|p1a: Kilowattrel|[spread] 
|-miss|p2a: Excadrill|p1a: Kilowattrel
|-miss|p2a: Excadrill|p1b: Palafin
|move|p1a: Kilowattrel|Tailwind|p1a: Kilowattrel
|-sidestart|p1: test220102|move: Tailwind
|-start|p1a: Kilowattrel|Charge|Tailwind|[from] ability: Wind Power
|move|p2b: Salamence|Tailwind|p2b: Salamence
|-sidestart|p2: Latios66|move: Tailwind
|
|-weather|none
|upkeep
|turn|6
|inactive|Latios66 has 30 seconds left.
|
|t:|1757712951
|switch|p2a: Tyranitar|Tyranitar, L50, M, tera:Grass|48/100
|-weather|Sandstorm|[from] ability: Sand Stream|[of] p2a: Tyranitar
|-terastallize|p1a: Kilowattrel|Electric
|move|p1b: Palafin|Jet Punch|p2a: Tyranitar
|-resisted|p2a: Tyranitar
|-damage|p2a: Tyranitar|36/100
|move|p1a: Kilowattrel|Thunderbolt|p2b: Salamence
|-damage|p2b: Salamence|0 fnt
|faint|p2b: Salamence
|-end|p1a: Kilowattrel|Charge|[silent]
|
|-weather|Sandstorm|[upkeep]
|-damage|p1a: Kilowattrel|0 fnt|[from] Sandstorm
|-damage|p1b: Palafin|1/100|[from] Sandstorm
|-damage|p2a: Tyranitar|29/100|[from] Sandstorm
|faint|p1a: Kilowattrel
|upkeep
|-message|test220102 forfeited.
|
|win|Latios66
|l|☆test220102
|player|p1|
||test220102 is ready for game 2.
