|j|☆we_are_toasted
|j|☆MudkipBestp0kem0n
|html|we_are_toastedMudkipBestp0kem0n    
|uhtml|bestof|Game 1 of a best-of-3
|t:|1784487734
|gametype|doubles
|player|p1|we_are_toasted|102|1280
|player|p2|MudkipBestp0kem0n|170|1151
|gen|9
|tier|[Gen 9 Champions] VGC 2026 Reg M-B (Bo3)
|rated|
|rule|Species Clause: Limit one of each Pokémon
|rule|Item Clause: Limit 1 of each item
|clearpoke
|poke|p1|Froslass, L50, F|
|poke|p1|Sneasler, L50, F, shiny|
|poke|p1|Lycanroc-Dusk, L50, F, shiny|
|poke|p1|Basculegion, L50, M|
|poke|p1|Kingambit, L50, F, shiny|
|poke|p1|Scovillain, L50, F|
|poke|p2|Torkoal, L50, F|
|poke|p2|Annihilape, L50, M, shiny|
|poke|p2|Skarmory, L50, F|
|poke|p2|Whimsicott, L50, F, shiny|
|poke|p2|Houndoom, L50, F|
|poke|p2|Sinistcha-Masterpiece, L50|
|teampreview|4
|showteam|p1|Froslass||Froslassite|CursedBody|Blizzard,ShadowBall,AuroraVeil,Protect|Timid||F|||50|]Sneasler||WhiteHerb|Unburden|CloseCombat,GunkShot,Protect,FakeOut|Adamant||F|||50|]Lycanroc-Dusk||FocusSash|ToughClaws|RockSlide,Accelerock,CloseCombat,Protect|Adamant||F|||50|]Basculegion||SitrusBerry|Adaptability|WaveCrash,LastRespects,AquaJet,Protect|Adamant||M|||50|]Kingambit||LifeOrb|Defiant|KowtowCleave,SuckerPunch,SwordsDance,Protect|Adamant||F|||50|]Scovillain||Scovillainite|Moody|GigaDrain,Overheat,RagePowder,Protect|Bold||F|||50|
|showteam|p2|Torkoal||SitrusBerry|Drought|LavaPlume,Protect,HelpingHand,EarthPower|Bold||F|||50|]Annihilape||LifeOrb|Defiant|Protect,DrainPunch,RageFist,Uturn|Brave||M|||50|]Skarmory||Skarmorite|KeenEye|BraveBird,Protect,SwordsDance,IronHead|Jolly||F|||50|]Whimsicott||FocusSash|Prankster|SunnyDay,Encore,HelpingHand,Tailwind|Calm||F|||50|]Houndoom||Houndoominite|FlashFire|HeatWave,Protect,DarkPulse,SolarBeam|Timid||F|||50|]Sinistcha-Masterpiece||Leftovers|Hospitality|MatchaGotcha,Protect,RagePowder,LifeDew|Bold|||||50|
|inactive|Battle timer is ON: inactive players will automatically lose when time's up. (requested by we_are_toasted)
|inactive|we_are_toasted has 60 seconds left.
|inactive|MudkipBestp0kem0n has 60 seconds left.
|inactive|we_are_toasted has 30 seconds left.
|
|t:|1784487809
|teamsize|p1|4
|teamsize|p2|4
|start
|switch|p1a: Sneasler|Sneasler, L50, F, shiny|100/100
|switch|p1b: Lycanroc|Lycanroc-Dusk, L50, F, shiny|100/100
|switch|p2a: Whimsicott|Whimsicott, L50, F, shiny|100/100
|switch|p2b: Houndoom|Houndoom, L50, F|100/100
|turn|1
|
|t:|1784487824
|switch|p2b: Annihilape|Annihilape, L50, M, shiny|100/100
|move|p1a: Sneasler|Fake Out|p2a: Whimsicott
|-damage|p2a: Whimsicott|85/100
|cant|p2a: Whimsicott|flinch
|move|p1b: Lycanroc|Rock Slide|p2a: Whimsicott|[spread] p2a,p2b
|-resisted|p2b: Annihilape|1
|-damage|p2a: Whimsicott|47/100
|-damage|p2b: Annihilape|85/100
|
|upkeep
|turn|2
|inactive|we_are_toasted has 30 seconds left.
|inactive|we_are_toasted has 20 seconds left.
|inactive|we_are_toasted has 15 seconds left.
|inactive|we_are_toasted has 10 seconds left.
|inactive|we_are_toasted has 5 seconds left.
|
|t:|1784487877
|move|p1b: Lycanroc|Protect|p1b: Lycanroc
|-singleturn|p1b: Lycanroc|Protect
|move|p2a: Whimsicott|Encore|p1a: Sneasler
|-start|p1a: Sneasler|Encore
|move|p1a: Sneasler|Fake Out||[still]
|-hint|Fake Out only works on your first turn out.
|-fail|p1a: Sneasler
|move|p2b: Annihilape|Drain Punch|p1b: Lycanroc
|-activate|p1b: Lycanroc|move: Protect
|
|upkeep
|turn|3
|inactive|we_are_toasted has 30 seconds left.
|
|t:|1784487907
|switch|p1b: Basculegion|Basculegion, L50, M|100/100
|switch|p1a: Froslass|Froslass, L50, F|100/100
|move|p2a: Whimsicott|Tailwind|p2a: Whimsicott
|-sidestart|p2: MudkipBestp0kem0n|move: Tailwind
|move|p2b: Annihilape|Drain Punch|p1b: Basculegion
|-immune|p1b: Basculegion
|
|upkeep
|turn|4
|inactive|we_are_toasted has 30 seconds left.
|inactive|we_are_toasted has 20 seconds left.
|
|t:|1784487945
|detailschange|p1a: Froslass|Froslass-Mega, L50, F
|-mega|p1a: Froslass|Froslass|Froslassite
|-weather|Snowscape|[from] ability: Snow Warning|[of] p1a: Froslass
|move|p2a: Whimsicott|Sunny Day|p2a: Whimsicott
|-weather|SunnyDay
|move|p2b: Annihilape|Rage Fist|p1b: Basculegion
|-supereffective|p1b: Basculegion|1
|-damage|p1b: Basculegion|0 fnt
|faint|p1b: Basculegion
|-damage|p2b: Annihilape|76/100|[from] item: Life Orb
|move|p1a: Froslass|Blizzard|p2a: Whimsicott|[spread] p2a,p2b
|-supereffective|p2a: Whimsicott|1
|-damage|p2a: Whimsicott|0 fnt
|-damage|p2b: Annihilape|45/100
|faint|p2a: Whimsicott
|
|-weather|SunnyDay|[upkeep]
|upkeep
|inactive|we_are_toasted has 30 seconds left.
|
|t:|1784487976
|switch|p2a: Torkoal|Torkoal, L50, F|100/100
|switch|p1b: Lycanroc|Lycanroc-Dusk, L50, F, shiny|100/100
|turn|5
|inactive|we_are_toasted has 30 seconds left.
|inactive|we_are_toasted has 20 seconds left.
|inactive|we_are_toasted has 15 seconds left.
|
|t:|1784488016
|move|p2b: Annihilape|Protect|p2b: Annihilape
|-singleturn|p2b: Annihilape|Protect
|move|p1a: Froslass|Protect|p1a: Froslass
|-singleturn|p1a: Froslass|Protect
|move|p1b: Lycanroc|Rock Slide|p2b: Annihilape|[spread] 
|-activate|p2b: Annihilape|move: Protect
|-miss|p1b: Lycanroc|p2a: Torkoal
|move|p2a: Torkoal|Lava Plume|p1b: Lycanroc|[spread] p1b
|-activate|p2b: Annihilape|move: Protect
|-activate|p1a: Froslass|move: Protect
|-resisted|p1b: Lycanroc|1
|-damage|p1b: Lycanroc|78/100
|-status|p1b: Lycanroc|brn
|
|-weather|SunnyDay|[upkeep]
|-damage|p1b: Lycanroc|72/100 brn|[from] brn
|upkeep
|turn|6
|
|t:|1784488038
|switch|p1a: Sneasler|Sneasler, L50, F, shiny|100/100
|move|p2b: Annihilape|Rage Fist|p1a: Sneasler
|-damage|p1a: Sneasler|0 fnt
|faint|p1a: Sneasler
|-damage|p2b: Annihilape|35/100|[from] item: Life Orb
|move|p1b: Lycanroc|Rock Slide|p2b: Annihilape|[spread] p2a,p2b
|-supereffective|p2a: Torkoal|1
|-resisted|p2b: Annihilape|1
|-damage|p2a: Torkoal|84/100
|-damage|p2b: Annihilape|28/100
|move|p2a: Torkoal|Earth Power|p1b: Lycanroc
|-supereffective|p1b: Lycanroc|1
|-damage|p1b: Lycanroc|7/100 brn
|
|-weather|SunnyDay|[upkeep]
|-damage|p1b: Lycanroc|1/100 brn|[from] brn
|-sideend|p2: MudkipBestp0kem0n|move: Tailwind
|upkeep
|
|t:|1784488051
|switch|p1a: Froslass|Froslass-Mega, L50, F|100/100
|-weather|Snowscape|[from] ability: Snow Warning|[of] p1a: Froslass
|turn|7
|
|t:|1784488064
|move|p2b: Annihilape|Protect|p2b: Annihilape
|-singleturn|p2b: Annihilape|Protect
|move|p1a: Froslass|Blizzard|p2a: Torkoal|[spread] p2a
|-activate|p2b: Annihilape|move: Protect
|-resisted|p2a: Torkoal|1
|-damage|p2a: Torkoal|58/100
|move|p1b: Lycanroc|Rock Slide|p2a: Torkoal|[spread] p2a
|-activate|p2b: Annihilape|move: Protect
|-supereffective|p2a: Torkoal|1
|-damage|p2a: Torkoal|41/100
|-enditem|p2a: Torkoal|Sitrus Berry|[eat]
|-heal|p2a: Torkoal|66/100|[from] item: Sitrus Berry
|move|p2a: Torkoal|Lava Plume|p1a: Froslass|[spread] p1a,p1b
|-activate|p2b: Annihilape|move: Protect
|-supereffective|p1a: Froslass|1
|-resisted|p1b: Lycanroc|1
|-damage|p1a: Froslass|67/100
|-damage|p1b: Lycanroc|0 fnt
|faint|p1b: Lycanroc
|
|-weather|Snowscape|[upkeep]
|upkeep
|turn|8
|
|t:|1784488070
|move|p2a: Torkoal|Protect|p2a: Torkoal
|-singleturn|p2a: Torkoal|Protect
|move|p1a: Froslass|Blizzard|p2b: Annihilape|[spread] p2b
|-activate|p2a: Torkoal|move: Protect
|-damage|p2b: Annihilape|0 fnt
|faint|p2b: Annihilape
|
|-weather|Snowscape|[upkeep]
|upkeep
|
|t:|1784488072
|switch|p2b: Houndoom|Houndoom, L50, F|100/100
|turn|9
|-message|we_are_toasted forfeited.
|
|win|MudkipBestp0kem0n
||MudkipBestp0kem0n is ready for game 2.
|inactive|we_are_toasted has 30 seconds to confirm battle start!
||we_are_toasted is ready for game 2.
|uhtml|next|Next: Game 2 of 3
|l|☆MudkipBestp0kem0n
|player|p2|
