|j|☆staraptorbravebird
|j|☆carrotvg
|html|staraptorbravebirdcarrotvg    
|uhtml|bestof|Game 2 of a best-of-3
|t:|1786113504
|gametype|doubles
|player|p1|staraptorbravebird|265|
|player|p2|carrotvg|lucas|
|gen|9
|tier|[Gen 9 Champions] VGC 2026 Reg M-B (Bo3)
|rule|Species Clause: Limit one of each Pokémon
|rule|Item Clause: Limit 1 of each item
|clearpoke
|poke|p1|Garchomp, L50, M|
|poke|p1|Sneasler, L50, M|
|poke|p1|Floette-Eternal, L50, F|
|poke|p1|Sinistcha, L50|
|poke|p1|Kingambit, L50, F|
|poke|p1|Incineroar, L50, F|
|poke|p2|Charizard, L50, F|
|poke|p2|Venusaur, L50, M|
|poke|p2|Toxapex, L50, M|
|poke|p2|Incineroar, L50, F|
|poke|p2|Garchomp, L50, M|
|poke|p2|Hydreigon, L50, M|
|teampreview|4
|showteam|p1|Garchomp||Garchompite|RoughSkin|RockSlide,Earthquake,StompingTantrum,Protect|Jolly||M|||50|]Sneasler||FocusSash|Unburden|DireClaw,CloseCombat,FakeOut,Coaching|Naive||M|||50|]Floette-Eternal||Floettite|FlowerVeil|DazzlingGleam,CalmMind,Protect,DrainingKiss|Modest||F|||50|]Sinistcha||OccaBerry|Hospitality|MatchaGotcha,TrickRoom,LifeDew,RagePowder|Calm|||||50|]Kingambit||ChopleBerry|Defiant|Protect,KowtowCleave,SuckerPunch,IronHead|Adamant||F|||50|]Incineroar||SitrusBerry|Intimidate|FlareBlitz,ThroatChop,PartingShot,FakeOut|Careful||F|||50|
|showteam|p2|Charizard||CharizarditeY|Blaze|WeatherBall,HeatWave,AncientPower,Protect|Timid||F|||50|]Venusaur||LifeOrb|Chlorophyll|SludgeBomb,LeafStorm,EarthPower,Protect|Modest||M|||50|]Toxapex||Leftovers|Regenerator|Toxic,Infestation,WideGuard,BanefulBunker|Relaxed||M|||50|]Incineroar||SitrusBerry|Intimidate|FlareBlitz,ThroatChop,FakeOut,PartingShot|Careful||F|||50|]Garchomp||SoftSand|RoughSkin|Earthquake,DragonClaw,RockSlide,Protect|Jolly||M|||50|]Hydreigon||ChoiceScarf|Levitate|DarkPulse,DracoMeteor,Snarl,Flamethrower|Modest||M|||50|
|
|t:|1786113529
|teamsize|p1|4
|teamsize|p2|4
|start
|switch|p1a: Kingambit|Kingambit, L50, F|100/100
|switch|p1b: Sneasler|Sneasler, L50, M|100/100
|switch|p2a: Charizard|Charizard, L50, F|100/100
|switch|p2b: Hydreigon|Hydreigon, L50, M|100/100
|turn|1
|
|t:|1786113554
|detailschange|p2a: Charizard|Charizard-Mega-Y, L50, F
|-mega|p2a: Charizard|Charizard|Charizardite Y
|-weather|SunnyDay|[from] ability: Drought|[of] p2a: Charizard
|move|p1b: Sneasler|Fake Out|p2b: Hydreigon
|-damage|p2b: Hydreigon|82/100
|cant|p2b: Hydreigon|flinch
|move|p2a: Charizard|Heat Wave|p1a: Kingambit|[spread] p1a,p1b
|-supereffective|p1a: Kingambit|1
|-damage|p1a: Kingambit|0 fnt
|-damage|p1b: Sneasler|11/100
|faint|p1a: Kingambit
|
|-weather|SunnyDay|[upkeep]
|upkeep
|
|t:|1786113565
|switch|p1a: Garchomp|Garchomp, L50, M|100/100
|turn|2
|
|t:|1786113575
|move|p1a: Garchomp|Protect|p1a: Garchomp
|-singleturn|p1a: Garchomp|Protect
|move|p2b: Hydreigon|Draco Meteor|p1a: Garchomp
|-activate|p1a: Garchomp|move: Protect
|move|p1b: Sneasler|Coaching|p1a: Garchomp
|-boost|p1a: Garchomp|atk|1
|-boost|p1a: Garchomp|def|1
|move|p2a: Charizard|Heat Wave|p1b: Sneasler|[spread] p1b
|-activate|p1a: Garchomp|move: Protect
|-damage|p1b: Sneasler|0 fnt
|faint|p1b: Sneasler
|
|-weather|SunnyDay|[upkeep]
|upkeep
|
|t:|1786113589
|switch|p1b: Sinistcha|Sinistcha, L50|100/100
|turn|3
|
|t:|1786113598
|switch|p2b: Toxapex|Toxapex, L50, M|100/100
|move|p2a: Charizard|Protect|p2a: Charizard
|-singleturn|p2a: Charizard|Protect
|move|p1b: Sinistcha|Rage Powder|p1b: Sinistcha
|-singleturn|p1b: Sinistcha|move: Rage Powder
|move|p1a: Garchomp|Rock Slide|p2b: Toxapex|[spread] p2b
|-activate|p2a: Charizard|move: Protect
|-damage|p2b: Toxapex|80/100
|
|-weather|SunnyDay|[upkeep]
|-heal|p2b: Toxapex|86/100|[from] item: Leftovers
|upkeep
|turn|4
|
|t:|1786113624
|detailschange|p1a: Garchomp|Garchomp-Mega, L50, M
|-mega|p1a: Garchomp|Garchomp|Garchompite
|move|p2b: Toxapex|Wide Guard|p2b: Toxapex
|-singleturn|p2b: Toxapex|Wide Guard
|move|p2a: Charizard|Weather Ball|p1b: Sinistcha
|-supereffective|p1b: Sinistcha|1
|-enditem|p1b: Sinistcha|Occa Berry|[eat]
|-enditem|p1b: Sinistcha|Occa Berry|[weaken]
|-damage|p1b: Sinistcha|22/100
|move|p1a: Garchomp|Stomping Tantrum|p2b: Toxapex
|-supereffective|p2b: Toxapex|1
|-damage|p2b: Toxapex|0 fnt
|faint|p2b: Toxapex
|move|p1b: Sinistcha|Life Dew||[still]|[spread] p1a,p1b
|-fail|p1a: Garchomp|heal
|-heal|p1b: Sinistcha|47/100
|
|-weather|SunnyDay|[upkeep]
|upkeep
|
|t:|1786113641
|switch|p2b: Garchomp|Garchomp, L50, M|100/100
|turn|5
|
|t:|1786113652
|move|p1b: Sinistcha|Rage Powder|p1b: Sinistcha
|-singleturn|p1b: Sinistcha|move: Rage Powder
|move|p2b: Garchomp|Earthquake|p1a: Garchomp|[spread] p1a,p1b
|-immune|p2a: Charizard
|-resisted|p1b: Sinistcha|1
|-damage|p1a: Garchomp|77/100
|-damage|p1b: Sinistcha|28/100
|move|p2a: Charizard|Weather Ball|p1b: Sinistcha
|-supereffective|p1b: Sinistcha|1
|-damage|p1b: Sinistcha|0 fnt
|faint|p1b: Sinistcha
|move|p1a: Garchomp|Rock Slide|p2b: Garchomp|[spread] p2a,p2b
|-supereffective|p2a: Charizard|2
|-resisted|p2b: Garchomp|1
|-damage|p2a: Charizard|0 fnt
|-damage|p2b: Garchomp|83/100
|faint|p2a: Charizard
|
|-weather|none
|upkeep
|
|t:|1786113661
|switch|p2a: Hydreigon|Hydreigon, L50, M|82/100
|turn|6
|
|t:|1786113677
|move|p2a: Hydreigon|Draco Meteor|p1a: Garchomp
|-supereffective|p1a: Garchomp|1
|-damage|p1a: Garchomp|0 fnt
|-unboost|p2a: Hydreigon|spa|2
|faint|p1a: Garchomp
|
|win|carrotvg
||carrotvg is ready for game 3.
||staraptorbravebird is ready for game 3.
|uhtml|next|Next: Game 3 of 3
|l|☆carrotvg
|player|p2|
|l|☆staraptorbravebird
|player|p1|
|j|☆carrotvg
|player|p2|carrotvg|lucas|
