|j|☆minasdevilcrobats
|j|☆Something147
|html|minasdevilcrobatsSomething147    
|uhtml|bestof|Game 1 of a best-of-3
|t:|1756827281
|gametype|doubles
|player|p1|minasdevilcrobats|darach-caitlin|1187
|player|p2|Something147|miku-ghost|1227
|gen|9
|tier|[Gen 9] VGC 2025 Reg H (Bo3)
|rated|
|rule|Species Clause: Limit one of each Pokémon
|rule|Item Clause: Limit 1 of each item
|clearpoke
|poke|p1|Indeedee, L50, M|
|poke|p1|Sneasler, L50, F|
|poke|p1|Dondozo, L50, F|
|poke|p1|Tatsugiri, L50, M|
|poke|p1|Talonflame, L50, F|
|poke|p1|Glimmora, L50, F|
|poke|p2|Dragapult, L50, M|
|poke|p2|Electabuzz, L50, M|
|poke|p2|Rillaboom, L50, F|
|poke|p2|Primarina, L50, M|
|poke|p2|Volcarona, L50, F|
|poke|p2|Sneasler, L50, M|
|teampreview|4
|showteam|p1|Indeedee||ChoiceScarf|PsychicSurge|ExpandingForce,DazzlingGleam,Trick,Protect|||M|||50|,,,,,Psychic]Sneasler||PsychicSeed|Unburden|CloseCombat,DireClaw,ThroatChop,Protect|||F|||50|,,,,,Dark]Dondozo||Leftovers|Unaware|WaveCrash,OrderUp,Earthquake,Protect|||F|||50|,,,,,Grass]Tatsugiri||LifeOrb|Commander|MuddyWater,DracoMeteor,DragonPulse,Protect|||M|||50|,,,,,Steel]Talonflame||CovertCloak|GaleWings|FlareBlitz,WillOWisp,Tailwind,Taunt|||F|||50|,,,,,Water]Glimmora||PowerHerb|ToxicDebris|MeteorBeam,SludgeBomb,EarthPower,SpikyShield|||F|||50|,,,,,Grass
|showteam|p2|Dragapult||ChoiceBand|ClearBody|DragonDarts,PhantomForce,Outrage,Uturn|||M|||50|,,,,,Dragon]Electabuzz||Eviolite|VitalSpirit|Electroweb,FollowMe,HelpingHand,Protect|||M|||50|,,,,,Fairy]Rillaboom||AssaultVest|GrassySurge|GrassyGlide,WoodHammer,FakeOut,Uturn|||F|||50|,,,,,Fire]Primarina||ThroatSpray|LiquidVoice|Moonblast,HyperVoice,Protect,Haze|||M|||50|,,,,,Steel]Volcarona||Leftovers|FlameBody|Flamethrower,GigaDrain,QuiverDance,Protect|||F|||50|,,,,,Grass]Sneasler||FocusSash|PoisonTouch|CloseCombat,DireClaw,FakeOut,Protect|||M|||50|,,,,,Stellar
|inactive|Battle timer is ON: inactive players will automatically lose when time's up. (requested by Something147)
|
|t:|1756827302
|teamsize|p1|4
|teamsize|p2|4
|start
|switch|p1a: Talonflame|Talonflame, L50, F|100/100
|switch|p1b: Glimmora|Glimmora, L50, F|100/100
|switch|p2a: Dragapult|Dragapult, L50, M|100/100
|switch|p2b: Sneasler|Sneasler, L50, M|100/100
|turn|1
|inactive|Something147 has 30 seconds left.
|
|t:|1756827336
|-terastallize|p2a: Dragapult|Dragon
|move|p1b: Glimmora|Spiky Shield|p1b: Glimmora
|-singleturn|p1b: Glimmora|move: Protect
|move|p1a: Talonflame|Tailwind|p1a: Talonflame
|-sidestart|p1: minasdevilcrobats|move: Tailwind
|move|p2a: Dragapult|Outrage|p1b: Glimmora
|-activate|p1b: Glimmora|move: Protect
|-damage|p2a: Dragapult|88/100|[from] Spiky Shield|[of] p1b: Glimmora
|move|p2b: Sneasler|Dire Claw|p1a: Talonflame
|-damage|p1a: Talonflame|37/100
|
|upkeep
|turn|2
|
|t:|1756827361
|move|p1a: Talonflame|Will-O-Wisp|p2b: Sneasler
|-status|p2b: Sneasler|brn
|move|p1b: Glimmora|Meteor Beam||[still]
|-prepare|p1b: Glimmora|Meteor Beam
|-boost|p1b: Glimmora|spa|1
|-enditem|p1b: Glimmora|Power Herb
|-anim|p1b: Glimmora|Meteor Beam|p2a: Dragapult
|-damage|p2a: Dragapult|0 fnt
|faint|p2a: Dragapult
|move|p2b: Sneasler|Dire Claw|p1a: Talonflame
|-damage|p1a: Talonflame|6/100
|
|-damage|p2b: Sneasler|95/100 brn|[from] brn
|upkeep
|
|t:|1756827371
|switch|p2a: Rillaboom|Rillaboom, L50, F|100/100
|-fieldstart|move: Grassy Terrain|[from] ability: Grassy Surge|[of] p2a: Rillaboom
|turn|3
|
|t:|1756827389
|-terastallize|p1b: Glimmora|Grass
|move|p2a: Rillaboom|Fake Out|p1b: Glimmora
|-damage|p1b: Glimmora|86/100
|-activate|p1b: Glimmora|ability: Toxic Debris
|-sidestart|p2: Something147|move: Toxic Spikes
|move|p1a: Talonflame|Will-O-Wisp|p2a: Rillaboom|[miss]
|-miss|p1a: Talonflame|p2a: Rillaboom
|cant|p1b: Glimmora|flinch
|move|p2b: Sneasler|Close Combat|p1b: Glimmora
|-damage|p1b: Glimmora|52/100
|-unboost|p2b: Sneasler|def|1
|-unboost|p2b: Sneasler|spd|1
|-activate|p1b: Glimmora|ability: Toxic Debris
|-sidestart|p2: Something147|move: Toxic Spikes
|
|-heal|p1b: Glimmora|58/100|[from] Grassy Terrain
|-heal|p2b: Sneasler|100/100 brn|[from] Grassy Terrain
|-damage|p2b: Sneasler|95/100 brn|[from] brn
|upkeep
|turn|4
|inactive|Something147 has 30 seconds left.
|
|t:|1756827420
|move|p2a: Rillaboom|Grassy Glide|p1a: Talonflame
|-resisted|p1a: Talonflame
|-crit|p1a: Talonflame
|-damage|p1a: Talonflame|0 fnt
|faint|p1a: Talonflame
|move|p1b: Glimmora|Sludge Bomb|p2a: Rillaboom
|-supereffective|p2a: Rillaboom
|-damage|p2a: Rillaboom|3/100
|move|p2b: Sneasler|Dire Claw|p1b: Glimmora
|-supereffective|p1b: Glimmora
|-damage|p1b: Glimmora|7/100
|-status|p1b: Glimmora|par
|
|-heal|p2b: Sneasler|100/100 brn|[from] Grassy Terrain
|-heal|p1b: Glimmora|14/100 par|[from] Grassy Terrain
|-heal|p2a: Rillaboom|9/100|[from] Grassy Terrain
|-damage|p2b: Sneasler|95/100 brn|[from] brn
|-sideend|p1: minasdevilcrobats|move: Tailwind
|upkeep
|
|t:|1756827431
|switch|p1a: Indeedee|Indeedee, L50, M|100/100
|-fieldstart|move: Psychic Terrain|[from] ability: Psychic Surge|[of] p1a: Indeedee
|turn|5
|
|t:|1756827442
|switch|p2a: Primarina|Primarina, L50, M|100/100
|-status|p2a: Primarina|tox
|move|p2b: Sneasler|Protect|p2b: Sneasler
|-singleturn|p2b: Sneasler|Protect
|move|p1a: Indeedee|Expanding Force|p2b: Sneasler|[spread] p2a
|-activate|p2b: Sneasler|move: Protect
|-damage|p2a: Primarina|59/100 tox
|move|p1b: Glimmora|Sludge Bomb|p2b: Sneasler
|-activate|p2b: Sneasler|move: Protect
|
|-damage|p2a: Primarina|53/100 tox|[from] psn
|-damage|p2b: Sneasler|89/100 brn|[from] brn
|upkeep
|turn|6
|
|t:|1756827461
|switch|p1a: Sneasler|Sneasler, L50, F|100/100
|-enditem|p1a: Sneasler|Psychic Seed
|-boost|p1a: Sneasler|spd|1|[from] item: Psychic Seed
|switch|p2b: Rillaboom|Rillaboom, L50, F|9/100
|-status|p2b: Rillaboom|tox
|-fieldstart|move: Grassy Terrain|[from] ability: Grassy Surge|[of] p2b: Rillaboom
|move|p2a: Primarina|Hyper Voice|p1b: Glimmora|[spread] p1a,p1b
|-resisted|p1b: Glimmora
|-damage|p1a: Sneasler|66/100
|-damage|p1b: Glimmora|0 fnt
|faint|p1b: Glimmora
|-enditem|p2a: Primarina|Throat Spray
|-boost|p2a: Primarina|spa|1|[from] item: Throat Spray
|
|-heal|p1a: Sneasler|71/100|[from] Grassy Terrain
|-heal|p2b: Rillaboom|15/100 tox|[from] Grassy Terrain
|-heal|p2a: Primarina|59/100 tox|[from] Grassy Terrain
|-damage|p2b: Rillaboom|9/100 tox|[from] psn
|-damage|p2a: Primarina|47/100 tox|[from] psn
|upkeep
|
|t:|1756827473
|switch|p1b: Indeedee|Indeedee, L50, M|100/100
|-fieldstart|move: Psychic Terrain|[from] ability: Psychic Surge|[of] p1b: Indeedee
|turn|7
|
|t:|1756827486
|move|p2a: Primarina|Protect|p2a: Primarina
|-singleturn|p2a: Primarina|Protect
|move|p1a: Sneasler|Dire Claw|p2a: Primarina
|-activate|p2a: Primarina|move: Protect
|move|p1b: Indeedee|Expanding Force|p2b: Rillaboom|[spread] p2b
|-activate|p2a: Primarina|move: Protect
|-crit|p2b: Rillaboom
|-damage|p2b: Rillaboom|0 fnt
|faint|p2b: Rillaboom
|
|-damage|p2a: Primarina|29/100 tox|[from] psn
|upkeep
|
|t:|1756827492
|switch|p2b: Sneasler|Sneasler, L50, M|89/100 brn
|-sideend|p2: Something147|move: Toxic Spikes|[of] p2b: Sneasler
|turn|8
|
|t:|1756827500
|move|p1a: Sneasler|Dire Claw|p2a: Primarina
|-supereffective|p2a: Primarina
|-damage|p2a: Primarina|0 fnt
|faint|p2a: Primarina
|move|p1b: Indeedee|Expanding Force|p2b: Sneasler
|-supereffective|p2b: Sneasler
|-damage|p2b: Sneasler|0 fnt
|faint|p2b: Sneasler
|
|win|minasdevilcrobats
||Something147 is ready for game 2.
||minasdevilcrobats is ready for game 2.
|uhtml|next|Next: Game 2 of 3
