|j|☆mikelpoyarzabal
|j|☆CappoFeFe
|html|mikelpoyarzabalCappoFeFe    
|uhtml|bestof|Game 2 of a best-of-3
|t:|1784737725
|gametype|doubles
|player|p1|mikelpoyarzabal|arven-s|1317
|player|p2|CappoFeFe|1|1251
|gen|9
|tier|[Gen 9 Champions] VGC 2026 Reg M-B (Bo3)
|rated|
|rule|Species Clause: Limit one of each Pokémon
|rule|Item Clause: Limit 1 of each item
|clearpoke
|poke|p1|Charizard, L50, M|
|poke|p1|Garchomp, L50, F|
|poke|p1|Incineroar, L50, F|
|poke|p1|Venusaur, L50, M|
|poke|p1|Toxapex, L50, F|
|poke|p1|Sylveon, L50, M|
|poke|p2|Gardevoir, L50, F, shiny|
|poke|p2|Maushold-Four, L50, shiny|
|poke|p2|Torkoal, L50, M, shiny|
|poke|p2|Basculegion, L50, M|
|poke|p2|Venusaur, L50, F, shiny|
|poke|p2|Incineroar, L50, F, shiny|
|teampreview|4
|showteam|p1|Charizard||CharizarditeY|SolarPower|WeatherBall,HeatWave,AncientPower,Protect|Modest||M|||50|]Garchomp||ChoiceScarf|RoughSkin|RockSlide,DragonClaw,Earthquake,StompingTantrum|Adamant||F|||50|]Incineroar||SitrusBerry|Intimidate|FlareBlitz,FakeOut,DarkestLariat,PartingShot|Impish||F|||50|]Venusaur||LifeOrb|Chlorophyll|SludgeBomb,LeafStorm,EarthPower,Protect|Modest||M|||50|]Toxapex||Leftovers|Regenerator|Infestation,Toxic,WideGuard,BanefulBunker|Bold||F|||50|]Sylveon||FairyFeather|Pixilate|HyperVoice,QuickAttack,Yawn,Detect|Modest||M|||50|
|showteam|p2|Gardevoir||Gardevoirite|Synchronize|HyperVoice,Psyshock,TrickRoom,Protect|Modest||F|||50|]Maushold-Four||ChopleBerry|FriendGuard|SuperFang,AfterYou,FollowMe,Protect|Jolly|||||50|]Torkoal||Charcoal|Drought|Eruption,HeatWave,AncientPower,Protect|Quiet||M|||50|]Basculegion||MysticWater|Adaptability|WaveCrash,LastRespects,AquaJet,Protect|Adamant||M|||50|]Venusaur||FocusSash|Chlorophyll|SludgeBomb,EarthPower,SleepPowder,Protect|Modest||F|||50|]Incineroar||SitrusBerry|Intimidate|FakeOut,PartingShot,FlareBlitz,ThroatChop|Adamant||F|||50|
|inactive|Battle timer is ON: inactive players will automatically lose when time's up. (requested by mikelpoyarzabal)
|inactive|CappoFeFe has 60 seconds left.
|
|t:|1784737770
|teamsize|p1|4
|teamsize|p2|4
|start
|switch|p1a: Charizard|Charizard, L50, M|100/100
|switch|p1b: Sylveon|Sylveon, L50, M|100/100
|switch|p2a: Gardevoir|Gardevoir, L50, F, shiny|100/100
|switch|p2b: Incineroar|Incineroar, L50, F, shiny|100/100
|-ability|p2b: Incineroar|Intimidate|boost
|-unboost|p1a: Charizard|atk|1
|-unboost|p1b: Sylveon|atk|1
|turn|1
|
|t:|1784737787
|detailschange|p1a: Charizard|Charizard-Mega-Y, L50, M
|-mega|p1a: Charizard|Charizard|Charizardite Y
|-weather|SunnyDay|[from] ability: Drought|[of] p1a: Charizard
|detailschange|p2a: Gardevoir|Gardevoir-Mega, L50, F, shiny
|-mega|p2a: Gardevoir|Gardevoir|Gardevoirite
|move|p2b: Incineroar|Fake Out|p1a: Charizard
|-damage|p1a: Charizard|88/100
|cant|p1a: Charizard|flinch
|move|p1b: Sylveon|Hyper Voice|p2a: Gardevoir|[spread] p2a,p2b
|-damage|p2a: Gardevoir|65/100
|-damage|p2b: Incineroar|59/100
|move|p2a: Gardevoir|Trick Room|p2a: Gardevoir
|-fieldstart|move: Trick Room|[of] p2a: Gardevoir
|
|-weather|SunnyDay|[upkeep]
|upkeep
|turn|2
|inactive|CappoFeFe has 30 seconds left.
|
|t:|1784737814
|switch|p1a: Incineroar|Incineroar, L50, F|100/100
|-ability|p1a: Incineroar|Intimidate|boost
|-unboost|p2a: Gardevoir|atk|1
|-unboost|p2b: Incineroar|atk|1
|move|p2b: Incineroar|Flare Blitz|p1b: Sylveon
|-damage|p1b: Sylveon|36/100
|-damage|p2b: Incineroar|40/100|[from] Recoil
|-enditem|p2b: Incineroar|Sitrus Berry|[eat]
|-heal|p2b: Incineroar|64/100|[from] item: Sitrus Berry
|move|p1b: Sylveon|Yawn|p2a: Gardevoir
|-start|p2a: Gardevoir|move: Yawn|[of] p1b: Sylveon
|move|p2a: Gardevoir|Psyshock|p1a: Incineroar
|-immune|p1a: Incineroar
|
|-weather|SunnyDay|[upkeep]
|upkeep
|turn|3
|
|t:|1784737834
|switch|p1b: Toxapex|Toxapex, L50, F|100/100
|switch|p2a: Torkoal|Torkoal, L50, M, shiny|100/100
|move|p2b: Incineroar|Flare Blitz|p1b: Toxapex
|-resisted|p1b: Toxapex|1
|-damage|p1b: Toxapex|80/100
|-damage|p2b: Incineroar|59/100|[from] Recoil
|move|p1a: Incineroar|Parting Shot|p2a: Torkoal
|-unboost|p2a: Torkoal|atk|1
|-unboost|p2a: Torkoal|spa|1
|
|t:|1784737849
|switch|p1a: Charizard|Charizard-Mega-Y, L50, M|88/100|[from] Parting Shot
|
|-weather|SunnyDay|[upkeep]
|-heal|p1b: Toxapex|86/100|[from] item: Leftovers
|upkeep
|turn|4
|inactive|CappoFeFe has 30 seconds left.
|
|t:|1784737876
|switch|p1a: Sylveon|Sylveon, L50, M|36/100
|move|p2a: Torkoal|Ancient Power|p1a: Sylveon
|-damage|p1a: Sylveon|27/100
|move|p1b: Toxapex|Infestation|p2a: Torkoal
|-resisted|p2a: Torkoal|1
|-damage|p2a: Torkoal|98/100
|-activate|p2a: Torkoal|move: Infestation|[of] p1b: Toxapex
|move|p2b: Incineroar|Parting Shot|p1b: Toxapex
|-unboost|p1b: Toxapex|atk|1
|-unboost|p1b: Toxapex|spa|1
|
|t:|1784737882
|switch|p2b: Gardevoir|Gardevoir-Mega, L50, F, shiny|65/100|[from] Parting Shot
|
|-weather|SunnyDay|[upkeep]
|-heal|p1b: Toxapex|92/100|[from] item: Leftovers
|-damage|p2a: Torkoal|85/100|[from] move: Infestation|[partiallytrapped]
|upkeep
|turn|5
|inactive|mikelpoyarzabal has 30 seconds left.
|
|t:|1784737913
|move|p1b: Toxapex|Wide Guard|p1b: Toxapex
|-singleturn|p1b: Toxapex|Wide Guard
|move|p2a: Torkoal|Heat Wave|p1b: Toxapex|[spread] 
|-activate|p1a: Sylveon|move: Wide Guard
|-activate|p1b: Toxapex|move: Wide Guard
|move|p1a: Sylveon|Hyper Voice|p2b: Gardevoir|[spread] p2a,p2b
|-resisted|p2a: Torkoal|1
|-damage|p2a: Torkoal|56/100
|-damage|p2b: Gardevoir|33/100
|move|p2b: Gardevoir|Psyshock|p1b: Toxapex
|-supereffective|p1b: Toxapex|1
|-crit|p1b: Toxapex
|-damage|p1b: Toxapex|0 fnt
|faint|p1b: Toxapex
|
|-weather|none
|-end|p2a: Torkoal|Infestation|[partiallytrapped]|[silent]
|-fieldend|move: Trick Room
|upkeep
|
|t:|1784737925
|switch|p1b: Charizard|Charizard-Mega-Y, L50, M|88/100
|-weather|SunnyDay|[from] ability: Drought|[of] p1b: Charizard
|turn|6
|
|t:|1784737940
|move|p2b: Gardevoir|Protect|p2b: Gardevoir
|-singleturn|p2b: Gardevoir|Protect
|move|p1b: Charizard|Heat Wave|p2a: Torkoal|[spread] p2a
|-activate|p2b: Gardevoir|move: Protect
|-resisted|p2a: Torkoal|1
|-damage|p2a: Torkoal|15/100
|move|p1a: Sylveon|Hyper Voice|p2b: Gardevoir|[spread] p2a
|-activate|p2b: Gardevoir|move: Protect
|-resisted|p2a: Torkoal|1
|-damage|p2a: Torkoal|0 fnt
|faint|p2a: Torkoal
|
|-weather|SunnyDay|[upkeep]
|upkeep
|
|t:|1784737942
|switch|p2a: Incineroar|Incineroar, L50, F, shiny|59/100
|-ability|p2a: Incineroar|Intimidate|boost
|-unboost|p1a: Sylveon|atk|1
|-unboost|p1b: Charizard|atk|1
|turn|7
|inactive|CappoFeFe has 30 seconds left.
|
|t:|1784737972
|move|p1b: Charizard|Protect|p1b: Charizard
|-singleturn|p1b: Charizard|Protect
|move|p1a: Sylveon|Detect|p1a: Sylveon
|-singleturn|p1a: Sylveon|Protect
|move|p2a: Incineroar|Fake Out|p1b: Charizard
|-activate|p1b: Charizard|move: Protect
|move|p2b: Gardevoir|Trick Room|p2b: Gardevoir
|-fieldstart|move: Trick Room|[of] p2b: Gardevoir
|
|-weather|SunnyDay|[upkeep]
|upkeep
|turn|8
|
|t:|1784737995
|switch|p1a: Incineroar|Incineroar, L50, F|100/100
|-ability|p1a: Incineroar|Intimidate|boost
|-unboost|p2a: Incineroar|atk|1
|-unboost|p2b: Gardevoir|atk|1
|move|p2a: Incineroar|Flare Blitz|p1b: Charizard
|-resisted|p1b: Charizard|1
|-damage|p1b: Charizard|61/100
|-damage|p2a: Incineroar|51/100|[from] Recoil
|move|p2b: Gardevoir|Hyper Voice|p1b: Charizard|[spread] p1a,p1b
|-resisted|p1b: Charizard|1
|-damage|p1a: Incineroar|53/100
|-damage|p1b: Charizard|37/100
|move|p1b: Charizard|Heat Wave|p2a: Incineroar|[spread] p2a,p2b
|-resisted|p2a: Incineroar|1
|-damage|p2a: Incineroar|23/100
|-damage|p2b: Gardevoir|0 fnt
|faint|p2b: Gardevoir
|
|-weather|SunnyDay|[upkeep]
|upkeep
|
|t:|1784737998
|switch|p2b: Basculegion|Basculegion, L50, M|100/100
|turn|9
|inactive|CappoFeFe has 30 seconds left.
|
|t:|1784738026
|move|p2a: Incineroar|Flare Blitz|p1b: Charizard
|-resisted|p1b: Charizard|1
|-damage|p1b: Charizard|11/100
|-damage|p2a: Incineroar|15/100|[from] Recoil
|move|p1a: Incineroar|Parting Shot|p2b: Basculegion
|-unboost|p2b: Basculegion|atk|1
|-unboost|p2b: Basculegion|spa|1
|
|t:|1784738031
|switch|p1a: Sylveon|Sylveon, L50, M|27/100|[from] Parting Shot
|move|p2b: Basculegion|Wave Crash|p1a: Sylveon
|-damage|p1a: Sylveon|0 fnt
|faint|p1a: Sylveon
|-damage|p2b: Basculegion|92/100|[from] Recoil
|move|p1b: Charizard|Ancient Power|p2a: Incineroar
|-supereffective|p2a: Incineroar|1
|-damage|p2a: Incineroar|0 fnt
|faint|p2a: Incineroar
|
|-weather|SunnyDay|[upkeep]
|upkeep
|
|t:|1784738037
|switch|p1a: Incineroar|Incineroar, L50, F|53/100
|-ability|p1a: Incineroar|Intimidate|boost
|-unboost|p2b: Basculegion|atk|1
|turn|10
|
|t:|1784738043
|move|p2b: Basculegion|Protect|p2b: Basculegion
|-singleturn|p2b: Basculegion|Protect
|move|p1a: Incineroar|Darkest Lariat|p2b: Basculegion
|-activate|p2b: Basculegion|move: Protect
|move|p1b: Charizard|Weather Ball|p2b: Basculegion
|-activate|p2b: Basculegion|move: Protect
|
|-weather|none
|upkeep
|turn|11
|
|t:|1784738057
|move|p2b: Basculegion|Aqua Jet|p1b: Charizard
|-supereffective|p1b: Charizard|1
|-damage|p1b: Charizard|0 fnt
|faint|p1b: Charizard
|move|p1a: Incineroar|Darkest Lariat|p2b: Basculegion
|-supereffective|p2b: Basculegion|1
|-damage|p2b: Basculegion|34/100
|
|-fieldend|move: Trick Room
|upkeep
|turn|12
|-message|mikelpoyarzabal forfeited.
|
|win|CappoFeFe
|raw|mikelpoyarzabal's rating: 1317 → 1293(-24 for losing)
|raw|CappoFeFe's rating: 1251 → 1281(+30 for winning)
