|j|☆TCM Zaukepoo
|j|☆Jakobtc
|html|TCM ZaukepooJakobtc    
|uhtml|bestof|Game 1 of a best-of-3
|t:|1756757071
|gametype|doubles
|player|p1|TCM Zaukepoo|169|1107
|player|p2|Jakobtc|riley|1177
|gen|9
|tier|[Gen 9] VGC 2025 Reg H (Bo3)
|rated|
|rule|Species Clause: Limit one of each Pokémon
|rule|Item Clause: Limit 1 of each item
|clearpoke
|poke|p1|Tyranitar, L50, F|
|poke|p1|Volcarona, L50, F|
|poke|p1|Ursaluna, L50, F|
|poke|p1|Dragonite, L50, M|
|poke|p1|Incineroar, L50, F|
|poke|p1|Gholdengo, L50|
|poke|p2|Gholdengo, L50|
|poke|p2|Incineroar, L50, F|
|poke|p2|Ursaluna, L50, F|
|poke|p2|Porygon2, L50|
|poke|p2|Kilowattrel, L50, M|
|poke|p2|Sneasler, L50, M|
|teampreview|4
|showteam|p1|Tyranitar||AssaultVest|SandStream|RockSlide,KnockOff,TeraBlast,LowKick|||F|||50|,,,,,Flying]Volcarona||CovertCloak|FlameBody|HeatWave,GigaDrain,QuiverDance,Protect|||F|||50|,,,,,Grass]Ursaluna||FlameOrb|Guts|HeadlongRush,Facade,Earthquake,Protect|||F|||50|,,,,,Ghost]Dragonite||LoadedDice|Multiscale|ScaleShot,Haze,ExtremeSpeed,Protect|||M|||50|,,,,,Dragon]Incineroar||SafetyGoggles|Intimidate|FakeOut,KnockOff,PartingShot,FlareBlitz|||F|||50|,,,,,Ghost]Gholdengo||LifeOrb|GoodasGold|NastyPlot,ShadowBall,MakeItRain,Protect||||||50|,,,,,Water
|showteam|p2|Gholdengo||LifeOrb|GoodasGold|MakeItRain,ShadowBall,NastyPlot,Protect||||||50|,,,,,Dragon]Incineroar||SafetyGoggles|Intimidate|FakeOut,FlareBlitz,KnockOff,PartingShot|||F|||50|,,,,,Bug]Ursaluna||FlameOrb|Guts|Facade,HeadlongRush,Earthquake,Protect|||F|||50|,,,,,Ghost]Porygon2||Eviolite|Download|TeraBlast,IceBeam,Recover,TrickRoom||||||50|,,,,,Fighting]Kilowattrel||FocusSash|Competitive|AirSlash,Thunderbolt,Tailwind,Protect|||M|||50|,,,,,Ghost]Sneasler||WhiteHerb|Unburden|DireClaw,CloseCombat,Taunt,Protect|||M|||50|,,,,,Stellar
|inactive|Battle timer is ON: inactive players will automatically lose when time's up. (requested by TCM Zaukepoo)
|c|☆Jakobtc|glhf
|inactive|Jakobtc has 60 seconds left.
|c|☆TCM Zaukepoo|U2
|
|t:|1756757113
|teamsize|p1|4
|teamsize|p2|4
|start
|switch|p1a: Incineroar|Incineroar, L50, F|100/100
|switch|p1b: Volcarona|Volcarona, L50, F|100/100
|switch|p2a: Sneasler|Sneasler, L50, M|100/100
|switch|p2b: Incineroar|Incineroar, L50, F|100/100
|-ability|p2b: Incineroar|Intimidate|boost
|-unboost|p1a: Incineroar|atk|1
|-unboost|p1b: Volcarona|atk|1
|-ability|p1a: Incineroar|Intimidate|boost
|-unboost|p2a: Sneasler|atk|1
|-unboost|p2b: Incineroar|atk|1
|-enditem|p2a: Sneasler|White Herb
|-clearnegativeboost|p2a: Sneasler|[silent]
|turn|1
|
|t:|1756757129
|switch|p1a: Gholdengo|Gholdengo, L50|100/100
|move|p2a: Sneasler|Protect|p2a: Sneasler
|-singleturn|p2a: Sneasler|Protect
|move|p1b: Volcarona|Quiver Dance|p1b: Volcarona
|-boost|p1b: Volcarona|spa|1
|-boost|p1b: Volcarona|spd|1
|-boost|p1b: Volcarona|spe|1
|move|p2b: Incineroar|Parting Shot|p1b: Volcarona
|-unboost|p1b: Volcarona|atk|1
|-unboost|p1b: Volcarona|spa|1
|inactive|Jakobtc has 30 seconds left.
|inactive|Jakobtc has 20 seconds left.
|
|t:|1756757168
|switch|p2b: Porygon2|Porygon2, L50, shiny|100/100|[from] Parting Shot
|-ability|p2b: Porygon2|Download|boost
|-boost|p2b: Porygon2|atk|1
|
|upkeep
|turn|2
|inactive|Jakobtc has 30 seconds left.
|inactive|Jakobtc has 20 seconds left.
|inactive|Jakobtc has 15 seconds left.
|
|t:|1756757211
|switch|p2a: Ursaluna|Ursaluna, L50, F|100/100
|move|p1b: Volcarona|Quiver Dance|p1b: Volcarona
|-boost|p1b: Volcarona|spa|1
|-boost|p1b: Volcarona|spd|1
|-boost|p1b: Volcarona|spe|1
|move|p1a: Gholdengo|Nasty Plot|p1a: Gholdengo
|-boost|p1a: Gholdengo|spa|2
|move|p2b: Porygon2|Trick Room|p2b: Porygon2
|-fieldstart|move: Trick Room|[of] p2b: Porygon2
|
|-status|p2a: Ursaluna|brn|[from] item: Flame Orb
|upkeep
|turn|3
|inactive|Jakobtc has 30 seconds left.
|inactive|Jakobtc has 20 seconds left.
|inactive|Jakobtc has 15 seconds left.
|inactive|Jakobtc has 10 seconds left.
|inactive|Jakobtc has 5 seconds left.
|
|t:|1756757263
|switch|p1a: Incineroar|Incineroar, L50, F|100/100
|-ability|p1a: Incineroar|Intimidate|boost
|-unboost|p2a: Ursaluna|atk|1
|-unboost|p2b: Porygon2|atk|1
|move|p1b: Volcarona|Protect|p1b: Volcarona
|-singleturn|p1b: Volcarona|Protect
|move|p2a: Ursaluna|Facade|p1b: Volcarona
|-activate|p1b: Volcarona|move: Protect
|move|p2b: Porygon2|Ice Beam|p1b: Volcarona
|-activate|p1b: Volcarona|move: Protect
|
|-damage|p2a: Ursaluna|94/100 brn|[from] brn
|upkeep
|turn|4
|inactive|Jakobtc has 30 seconds left.
|inactive|Jakobtc has 20 seconds left.
|inactive|Jakobtc has 15 seconds left.
|inactive|TCM Zaukepoo has 30 seconds left.
|inactive|Jakobtc has 10 seconds left.
|
|t:|1756757311
|-terastallize|p2b: Porygon2|Fighting
|move|p2a: Ursaluna|Protect|p2a: Ursaluna
|-singleturn|p2a: Ursaluna|Protect
|move|p1a: Incineroar|Fake Out|p2b: Porygon2
|-damage|p2b: Porygon2|91/100
|cant|p2b: Porygon2|flinch
|move|p1b: Volcarona|Giga Drain|p2a: Ursaluna
|-activate|p2a: Ursaluna|move: Protect
|
|-damage|p2a: Ursaluna|88/100 brn|[from] brn
|upkeep
|turn|5
|inactive|Jakobtc has 30 seconds left.
|inactive|Jakobtc has 20 seconds left.
|inactive|TCM Zaukepoo has 30 seconds left.
|inactive|Jakobtc has 15 seconds left.
|inactive|Jakobtc has 10 seconds left.
|inactive|Jakobtc has 5 seconds left.
|
|t:|1756757364
|move|p2a: Ursaluna|Earthquake|p1b: Volcarona|[spread] p2b,p1a,p1b
|-supereffective|p1a: Incineroar
|-damage|p2b: Porygon2|61/100
|-damage|p1a: Incineroar|11/100
|-damage|p1b: Volcarona|59/100
|move|p1a: Incineroar|Knock Off|p2b: Porygon2
|-resisted|p2b: Porygon2
|-damage|p2b: Porygon2|45/100
|-enditem|p2b: Porygon2|Eviolite|[from] move: Knock Off|[of] p1a: Incineroar
|move|p2b: Porygon2|Recover|p2b: Porygon2
|-heal|p2b: Porygon2|95/100
|move|p1b: Volcarona|Giga Drain|p2a: Ursaluna
|-supereffective|p2a: Ursaluna
|-damage|p2a: Ursaluna|22/100 brn
|-heal|p1b: Volcarona|100/100|[from] drain|[of] p2a: Ursaluna
|
|-damage|p2a: Ursaluna|16/100 brn|[from] brn
|upkeep
|turn|6
|inactive|Jakobtc has 30 seconds left.
|inactive|TCM Zaukepoo has 30 seconds left.
|inactive|Jakobtc has 20 seconds left.
|
|t:|1756757402
|switch|p2a: Incineroar|Incineroar, L50, F|100/100
|-ability|p2a: Incineroar|Intimidate|boost
|-unboost|p1a: Incineroar|atk|1
|-unboost|p1b: Volcarona|atk|1
|move|p1b: Volcarona|Protect|p1b: Volcarona
|-singleturn|p1b: Volcarona|Protect
|move|p1a: Incineroar|Flare Blitz|p2b: Porygon2
|-damage|p2b: Porygon2|51/100
|-damage|p1a: Incineroar|0 fnt|[from] Recoil
|faint|p1a: Incineroar
|move|p2b: Porygon2|Ice Beam|p1b: Volcarona
|-activate|p1b: Volcarona|move: Protect
|
|-fieldend|move: Trick Room
|upkeep
|
|t:|1756757409
|switch|p1a: Gholdengo|Gholdengo, L50|100/100
|turn|7
|inactive|Jakobtc has 30 seconds left.
|inactive|Jakobtc has 20 seconds left.
|inactive|Jakobtc has 15 seconds left.
|inactive|Jakobtc has 10 seconds left.
|inactive|Jakobtc has 5 seconds left.
|
|t:|1756757460
|move|p1b: Volcarona|Heat Wave|p2b: Porygon2|[spread] p2a,p2b
|-resisted|p2a: Incineroar
|-damage|p2a: Incineroar|78/100
|-damage|p2b: Porygon2|5/100
|move|p1a: Gholdengo|Make It Rain|p2a: Incineroar|[spread] p2a,p2b
|-resisted|p2a: Incineroar
|-damage|p2a: Incineroar|50/100
|-damage|p2b: Porygon2|0 fnt
|-unboost|p1a: Gholdengo|spa|1
|faint|p2b: Porygon2
|-damage|p1a: Gholdengo|91/100|[from] item: Life Orb
|move|p2a: Incineroar|Flare Blitz|p1b: Volcarona
|-damage|p1b: Volcarona|39/100
|-damage|p2a: Incineroar|34/100|[from] Recoil
|
|upkeep
|
|t:|1756757478
|switch|p2b: Sneasler|Sneasler, L50, M|100/100
|turn|8
|inactive|Jakobtc has 30 seconds left.
|
|t:|1756757510
|switch|p2a: Ursaluna|Ursaluna, L50, F|16/100 brn
|move|p1b: Volcarona|Heat Wave|p2b: Sneasler|[spread] p2a,p2b
|-damage|p2a: Ursaluna|0 fnt
|-damage|p2b: Sneasler|27/100
|faint|p2a: Ursaluna
|move|p2b: Sneasler|Dire Claw|p1b: Volcarona
|-damage|p1b: Volcarona|0 fnt
|faint|p1b: Volcarona
|move|p1a: Gholdengo|Make It Rain|p2b: Sneasler
|-crit|p2b: Sneasler
|-damage|p2b: Sneasler|0 fnt
|-unboost|p1a: Gholdengo|spa|1
|faint|p2b: Sneasler
|-damage|p1a: Gholdengo|81/100|[from] item: Life Orb
|
|upkeep
|
|t:|1756757526
|switch|p2b: Incineroar|Incineroar, L50, F|34/100
|switch|p1b: Ursaluna|Ursaluna, L50, F|100/100
|-ability|p2b: Incineroar|Intimidate|boost
|-unboost|p1a: Gholdengo|atk|1
|-unboost|p1b: Ursaluna|atk|1
|turn|9
|inactive|Jakobtc has 30 seconds left.
|inactive|Jakobtc has 20 seconds left.
|inactive|Jakobtc has 15 seconds left.
|inactive|Jakobtc has 10 seconds left.
|inactive|Jakobtc has 5 seconds left.
|
|t:|1756757562
|-terastallize|p1a: Gholdengo|Water
|move|p1a: Gholdengo|Nasty Plot|p1a: Gholdengo
|-boost|p1a: Gholdengo|spa|2
|move|p2b: Incineroar|Flare Blitz|p1a: Gholdengo
|-resisted|p1a: Gholdengo
|-damage|p1a: Gholdengo|49/100
|-damage|p2b: Incineroar|26/100|[from] Recoil
|move|p1b: Ursaluna|Headlong Rush|p2b: Incineroar
|-supereffective|p2b: Incineroar
|-damage|p2b: Incineroar|0 fnt
|-unboost|p1b: Ursaluna|def|1
|-unboost|p1b: Ursaluna|spd|1
|faint|p2b: Incineroar
|
|win|TCM Zaukepoo
||TCM Zaukepoo is ready for game 2.
|inactive|Jakobtc has 30 seconds to confirm battle start!
