|j|☆roiiiiilmaooo
|j|☆Saecha0
|html|roiiiiilmaoooSaecha0    
|uhtml|bestof|Game 1 of a best-of-3
|t:|1785378964
|gametype|doubles
|player|p1|roiiiiilmaooo|pokemaniac|
|player|p2|Saecha0|169|
|gen|9
|tier|[Gen 9 Champions] VGC 2026 Reg M-B (Bo3)
|rule|Species Clause: Limit one of each Pokémon
|rule|Item Clause: Limit 1 of each item
|clearpoke
|poke|p1|Archaludon, L50, M, shiny|
|poke|p1|Pelipper, L50, F|
|poke|p1|Aerodactyl, L50, F|
|poke|p1|Raichu, L50, F|
|poke|p1|Rotom-Heat, L50|
|poke|p1|Garchomp, L50, M|
|poke|p2|Greninja, L50, F, shiny|
|poke|p2|Vanilluxe, L50, F, shiny|
|poke|p2|Farigiraf, L50, M|
|poke|p2|Whimsicott, L50, M, shiny|
|poke|p2|Froslass, L50, F|
|poke|p2|Garchomp, L50, F|
|teampreview|4
|showteam|p1|Archaludon||Metronome|Stamina|ElectroShot,DracoMeteor,Protect,ThunderWave|Timid||M|||50|]Pelipper||DampRock|Drizzle|Tailwind,WideGuard,Hurricane,WeatherBall|Modest||F|||50|]Aerodactyl||FocusSash|Unnerve|Tailwind,RainDance,RockSlide,DualWingbeat|Jolly||F|||50|]Raichu||RaichuniteY|LightningRod|VoltSwitch,ZapCannon,Protect,FocusBlast|Timid||F|||50|]Rotom-Heat||Leftovers|Levitate|Overheat,VoltSwitch,Protect,ThunderWave|Serious|||||50|]Garchomp||YacheBerry|RoughSkin|Earthquake,RockSlide,DragonClaw,Protect|Jolly||M|||50|
|showteam|p2|Greninja||Greninjite|Torrent|HydroPump,Blizzard,DarkPulse,Protect|Modest||F|||50|]Vanilluxe||OccaBerry|SnowWarning|FlashCannon,Blizzard,AuroraVeil,Protect|Modest||F|||50|]Farigiraf||SitrusBerry|ArmorTail|TrickRoom,ThunderWave,HyperVoice,HelpingHand|Bold||M|||50|]Whimsicott||FocusSash|Prankster|Psychic,Tailwind,Moonblast,Encore|Modest||M|||50|]Froslass||Froslassite|CursedBody|Blizzard,Psychic,ShadowBall,Protect|Timid||F|||50|]Garchomp||LifeOrb|RoughSkin|BrickBreak,Earthquake,IronHead,RockSlide|Adamant||F|||50|
|c|☆Saecha0|Glhf
|c|☆roiiiiilmaooo|u2
|
|t:|1785379006
|teamsize|p1|4
|teamsize|p2|4
|start
|switch|p1a: Raichu|Raichu, L50, F|100/100
|switch|p1b: Archaludon|Archaludon, L50, M, shiny|100/100
|switch|p2a: Garchomp|Garchomp, L50, F|100/100
|switch|p2b: Whimsicott|Whimsicott, L50, M, shiny|100/100
|turn|1
|inactive|Battle timer is ON: inactive players will automatically lose when time's up. (requested by roiiiiilmaooo)
|
|t:|1785379022
|detailschange|p1a: Raichu|Raichu-Mega-Y, L50, F
|-mega|p1a: Raichu|Raichu|Raichunite Y
|move|p1b: Archaludon|Protect|p1b: Archaludon
|-singleturn|p1b: Archaludon|Protect
|move|p2b: Whimsicott|Tailwind|p2b: Whimsicott
|-sidestart|p2: Saecha0|move: Tailwind
|move|p2a: Garchomp|Earthquake|p1a: Raichu|[spread] p2b,p1a
|-activate|p1b: Archaludon|move: Protect
|-resisted|p2b: Whimsicott|1
|-supereffective|p1a: Raichu|1
|-damage|p2b: Whimsicott|66/100
|-damage|p1a: Raichu|0 fnt
|faint|p1a: Raichu
|-damage|p2a: Garchomp|90/100|[from] item: Life Orb
|
|upkeep
|
|t:|1785379032
|switch|p1a: Aerodactyl|Aerodactyl, L50, F|100/100
|-ability|p1a: Aerodactyl|Unnerve
|turn|2
|
|t:|1785379038
|move|p2b: Whimsicott|Encore|p1b: Archaludon
|-start|p1b: Archaludon|Encore
|move|p1b: Archaludon|Protect||[still]
|-fail|p1b: Archaludon
|move|p2a: Garchomp|Rock Slide|p1b: Archaludon|[spread] p1a,p1b
|-supereffective|p1a: Aerodactyl|1
|-resisted|p1b: Archaludon|1
|-damage|p1a: Aerodactyl|14/100
|-damage|p1b: Archaludon|87/100
|-ability|p1b: Archaludon|Stamina|boost
|-boost|p1b: Archaludon|def|1
|-damage|p2a: Garchomp|80/100|[from] item: Life Orb
|cant|p1a: Aerodactyl|flinch
|
|upkeep
|turn|3
|inactive|Saecha0 has 30 seconds left.
|
|t:|1785379070
|move|p1b: Archaludon|Protect|p1b: Archaludon
|-singleturn|p1b: Archaludon|Protect
|move|p2b: Whimsicott|Moonblast|p1a: Aerodactyl
|-damage|p1a: Aerodactyl|0 fnt
|faint|p1a: Aerodactyl
|move|p2a: Garchomp|Rock Slide|p1b: Archaludon
|-activate|p1b: Archaludon|move: Protect
|
|upkeep
|
|t:|1785379072
|switch|p1a: Pelipper|Pelipper, L50, F|100/100
|-weather|RainDance|[from] ability: Drizzle|[of] p1a: Pelipper
|turn|4
|
|t:|1785379079
|switch|p2b: Vanilluxe|Vanilluxe, L50, F, shiny|100/100
|-weather|Snowscape|[from] ability: Snow Warning|[of] p2b: Vanilluxe
|move|p1b: Archaludon|Protect|p1b: Archaludon
|-singleturn|p1b: Archaludon|Protect
|move|p2a: Garchomp|Earthquake|p1a: Pelipper|[spread] p2b
|-activate|p1b: Archaludon|move: Protect
|-immune|p1a: Pelipper
|-damage|p2b: Vanilluxe|57/100
|-damage|p2a: Garchomp|71/100|[from] item: Life Orb
|move|p1a: Pelipper|Weather Ball|p2a: Garchomp
|-supereffective|p2a: Garchomp|2
|-damage|p2a: Garchomp|0 fnt
|faint|p2a: Garchomp
|
|-weather|Snowscape|[upkeep]
|-end|p1b: Archaludon|Encore
|-sideend|p2: Saecha0|move: Tailwind
|upkeep
|
|t:|1785379091
|switch|p2a: Greninja|Greninja, L50, F, shiny|100/100
|turn|5
|
|t:|1785379101
|detailschange|p2a: Greninja|Greninja-Mega, L50, F, shiny
|-mega|p2a: Greninja|Greninja|Greninjite
|move|p1a: Pelipper|Wide Guard|p1a: Pelipper
|-singleturn|p1a: Pelipper|Wide Guard
|move|p2a: Greninja|Blizzard|p1a: Pelipper|[spread] 
|-start|p2a: Greninja|typechange|Ice|[from] ability: Protean
|-activate|p1a: Pelipper|move: Wide Guard
|-activate|p1b: Archaludon|move: Wide Guard
|move|p1b: Archaludon|Electro Shot||[still]
|-prepare|p1b: Archaludon|Electro Shot
|-boost|p1b: Archaludon|spa|1
|move|p2b: Vanilluxe|Aurora Veil|p2b: Vanilluxe
|-sidestart|p2: Saecha0|move: Aurora Veil
|
|-weather|Snowscape|[upkeep]
|upkeep
|turn|6
|
|t:|1785379120
|switch|p2a: Whimsicott|Whimsicott, L50, M, shiny|66/100
|move|p1b: Archaludon|Electro Shot|p2a: Whimsicott|[from] lockedmove
|-resisted|p2a: Whimsicott|1
|-damage|p2a: Whimsicott|33/100
|move|p2b: Vanilluxe|Flash Cannon|p1a: Pelipper
|-resisted|p1a: Pelipper|1
|-damage|p1a: Pelipper|80/100
|move|p1a: Pelipper|Tailwind|p1a: Pelipper
|-sidestart|p1: roiiiiilmaooo|move: Tailwind
|
|-weather|Snowscape|[upkeep]
|upkeep
|turn|7
|
|t:|1785379135
|move|p1b: Archaludon|Protect|p1b: Archaludon
|-singleturn|p1b: Archaludon|Protect
|move|p2a: Whimsicott|Encore|p1a: Pelipper
|-start|p1a: Pelipper|Encore
|move|p1a: Pelipper|Tailwind||[still]
|-fail|p1a: Pelipper
|move|p2b: Vanilluxe|Blizzard|p1a: Pelipper|[spread] p1a
|-activate|p1b: Archaludon|move: Protect
|-damage|p1a: Pelipper|27/100
|
|-weather|Snowscape|[upkeep]
|upkeep
|turn|8
|
|t:|1785379151
|move|p1b: Archaludon|Electro Shot||[still]
|-prepare|p1b: Archaludon|Electro Shot
|-boost|p1b: Archaludon|spa|1
|move|p1a: Pelipper|Tailwind||[still]
|-fail|p1a: Pelipper
|move|p2a: Whimsicott|Moonblast|p1b: Archaludon
|-damage|p1b: Archaludon|44/100
|-unboost|p1b: Archaludon|spa|1
|-ability|p1b: Archaludon|Stamina|boost
|-boost|p1b: Archaludon|def|1
|move|p2b: Vanilluxe|Blizzard|p1a: Pelipper|[spread] p1a,p1b
|-damage|p1a: Pelipper|0 fnt
|-damage|p1b: Archaludon|0 fnt
|faint|p1a: Pelipper
|faint|p1b: Archaludon
|
|win|Saecha0
||roiiiiilmaooo is ready for game 2.
|inactive|Saecha0 has 30 seconds to confirm battle start!
||Saecha0 is ready for game 2.
|uhtml|next|Next: Game 2 of 3
|l|☆roiiiiilmaooo
|player|p1|
