|j|☆SoundsGoodra
|j|☆temporary name 3
|html|SoundsGoodratemporary name 3    
|uhtml|bestof|Game 2 of a best-of-3
|t:|1785175841
|gametype|doubles
|player|p1|SoundsGoodra|dragontamer|1160
|player|p2|temporary name 3|265|1063
|gen|9
|tier|[Gen 9 Champions] VGC 2026 Reg M-B (Bo3)
|rated|
|rule|Species Clause: Limit one of each Pokémon
|rule|Item Clause: Limit 1 of each item
|clearpoke
|poke|p1|Raichu, L50, M, shiny|
|poke|p1|Sinistcha, L50, shiny|
|poke|p1|Incineroar, L50, M, shiny|
|poke|p1|Sylveon, L50, M, shiny|
|poke|p1|Metagross, L50, shiny|
|poke|p1|Hydreigon, L50, F, shiny|
|poke|p2|Tyranitar, L50, F|
|poke|p2|Excadrill, L50, M|
|poke|p2|Sinistcha, L50|
|poke|p2|Farigiraf, L50, F|
|poke|p2|Houndstone, L50, F|
|poke|p2|Grimmsnarl, L50, M|
|teampreview|4
|showteam|p1|Raichu||RaichuniteY|LightningRod|ZapCannon,FocusBlast,FakeOut,Protect|Timid||M|||50|]Sinistcha||SitrusBerry|Hospitality|MatchaGotcha,RagePowder,TrickRoom,Protect|Bold|||||50|]Incineroar||ShucaBerry|Intimidate|FlareBlitz,DarkestLariat,PartingShot,FakeOut|Careful||M|||50|]Sylveon||FairyFeather|Pixilate|HyperVoice,Moonblast,CalmMind,Protect|Modest||M|||50|]Metagross||Metagrossite|ClearBody|HardPress,PsychicFangs,BodyPress,Protect|Adamant|||||50|]Hydreigon||ChoiceScarf|Levitate|DracoMeteor,DarkPulse,EarthPower,Snarl|Modest||F|||50|
|showteam|p2|Tyranitar||Tyranitarite|SandStream|RockSlide,KnockOff,DragonDance,Protect|Adamant||F|||50|]Excadrill||FocusSash|SandRush|IronHead,RockSlide,HighHorsepower,Protect|Adamant||M|||50|]Sinistcha||CobaBerry|Hospitality|MatchaGotcha,RagePowder,TrickRoom,LifeDew|Calm|||||50|]Farigiraf||Leftovers|ArmorTail|TrickRoom,Thunderbolt,Protect,Psychic|Bold||F|||50|]Houndstone||SitrusBerry|SandRush|Protect,WillOWisp,Howl,LastRespects|Adamant||F|||50|]Grimmsnarl||LightClay|Prankster|LightScreen,Reflect,SpiritBreak,PartingShot|Careful||M|||50|
|inactive|Battle timer is ON: inactive players will automatically lose when time's up. (requested by SoundsGoodra)
|
|t:|1785175878
|teamsize|p1|4
|teamsize|p2|4
|start
|switch|p1a: Incineroar|Incineroar, L50, M, shiny|100/100
|switch|p1b: Metagross|Metagross, L50, shiny|100/100
|switch|p2a: Excadrill|Excadrill, L50, M|100/100
|switch|p2b: Grimmsnarl|Grimmsnarl, L50, M|100/100
|-ability|p1a: Incineroar|Intimidate|boost
|-unboost|p2a: Excadrill|atk|1
|-unboost|p2b: Grimmsnarl|atk|1
|turn|1
|inactive|SoundsGoodra has 30 seconds left.
|
|t:|1785175905
|switch|p2a: Sinistcha|Sinistcha, L50|100/100
|detailschange|p1b: Metagross|Metagross-Mega, L50, shiny
|-mega|p1b: Metagross|Metagross|Metagrossite
|move|p1a: Incineroar|Fake Out|p2a: Sinistcha
|-immune|p2a: Sinistcha
|move|p2b: Grimmsnarl|Reflect|p2b: Grimmsnarl
|-sidestart|p2: temporary name 3|Reflect
|move|p1b: Metagross|Hard Press|p2b: Grimmsnarl
|-supereffective|p2b: Grimmsnarl|1
|-damage|p2b: Grimmsnarl|0 fnt
|faint|p2b: Grimmsnarl
|
|upkeep
|
|t:|1785175922
|switch|p2b: Excadrill|Excadrill, L50, M|100/100
|turn|2
|
|t:|1785175939
|move|p2b: Excadrill|High Horsepower|p1a: Incineroar
|-supereffective|p1a: Incineroar|1
|-enditem|p1a: Incineroar|Shuca Berry|[eat]
|-enditem|p1a: Incineroar|Shuca Berry|[weaken]
|-damage|p1a: Incineroar|50/100g
|move|p1b: Metagross|Psychic Fangs|p2b: Excadrill
|-sideend|p2: temporary name 3|Reflect
|-resisted|p2b: Excadrill|1
|-damage|p2b: Excadrill|55/100
|move|p2a: Sinistcha|Matcha Gotcha|p1b: Metagross|[spread] p1a,p1b
|-resisted|p1a: Incineroar|1
|-resisted|p1b: Metagross|1
|-damage|p1a: Incineroar|41/100
|-damage|p1b: Metagross|89/100
|move|p1a: Incineroar|Flare Blitz|p2b: Excadrill
|-supereffective|p2b: Excadrill|1
|-damage|p2b: Excadrill|0 fnt
|faint|p2b: Excadrill
|-damage|p1a: Incineroar|24/100|[from] Recoil
|
|upkeep
|
|t:|1785175953
|switch|p2b: Tyranitar|Tyranitar, L50, F|100/100
|-weather|Sandstorm|[from] ability: Sand Stream|[of] p2b: Tyranitar
|turn|3
|
|t:|1785175967
|detailschange|p2b: Tyranitar|Tyranitar-Mega, L50, F
|-mega|p2b: Tyranitar|Tyranitar|Tyranitarite
|move|p2a: Sinistcha|Rage Powder|p2a: Sinistcha
|-singleturn|p2a: Sinistcha|move: Rage Powder
|move|p1b: Metagross|Hard Press|p2a: Sinistcha
|-damage|p2a: Sinistcha|30/100
|move|p2b: Tyranitar|Dragon Dance|p2b: Tyranitar
|-boost|p2b: Tyranitar|atk|1
|-boost|p2b: Tyranitar|spe|1
|move|p1a: Incineroar|Flare Blitz|p2a: Sinistcha
|-supereffective|p2a: Sinistcha|1
|-damage|p2a: Sinistcha|0 fnt
|faint|p2a: Sinistcha
|-damage|p1a: Incineroar|15/100|[from] Recoil
|
|-weather|Sandstorm|[upkeep]
|-damage|p1a: Incineroar|9/100|[from] Sandstorm
|upkeep
|turn|4
|
|t:|1785175982
|switch|p1a: Sinistcha|Sinistcha, L50, shiny|100/100
|-heal|p1b: Metagross|100/100|[from] ability: Hospitality|[of] p1a: Sinistcha
|move|p2b: Tyranitar|Rock Slide|p1b: Metagross|[spread] p1a,p1b
|-resisted|p1b: Metagross|1
|-damage|p1a: Sinistcha|61/100
|-damage|p1b: Metagross|82/100
|move|p1b: Metagross|Body Press|p2b: Tyranitar
|-supereffective|p2b: Tyranitar|2
|-damage|p2b: Tyranitar|14/100
|
|-weather|Sandstorm|[upkeep]
|-damage|p1a: Sinistcha|55/100|[from] Sandstorm
|upkeep
|turn|5
|-message|temporary name 3 forfeited.
|
|win|SoundsGoodra
|raw|SoundsGoodra's rating: 1160 → 1178(+18 for winning)
|raw|temporary name 3's rating: 1063 → 1049(-14 for losing)
