|badge|p2|silver|gen9ou|30-6
|uhtml|medal-msg|Curious what those medals under the avatar are? PS now has Ladder Seasons! For more information, check out the thread on Smogon.
|j|☆colemarcusvgc
|j|☆JackRG1
|html|colemarcusvgcJackRG1    
|uhtml|bestof|Game 2 of a best-of-3
|t:|1757790550
|gametype|doubles
|player|p1|colemarcusvgc|n|1149
|player|p2|JackRG1|dawn-gen4pt|1265
|gen|9
|tier|[Gen 9] VGC 2025 Reg H (Bo3)
|rated|
|rule|Species Clause: Limit one of each Pokémon
|rule|Item Clause: Limit 1 of each item
|clearpoke
|poke|p1|Indeedee-F, L50, F|
|poke|p1|Hatterene, L50, F|
|poke|p1|Gallade, L50, M|
|poke|p1|Ursaluna, L50, M|
|poke|p1|Torkoal, L50, F|
|poke|p1|Zoroark-Hisui, L50, F|
|poke|p2|Tyranitar, L50, F|
|poke|p2|Excadrill, L50, M|
|poke|p2|Gastrodon-East, L50, F|
|poke|p2|Corviknight, L50, F|
|poke|p2|Glimmora, L50, M|
|poke|p2|Indeedee-F, L50, F|
|teampreview|4
|showteam|p1|Indeedee-F||PsychicSeed|PsychicSurge|TrickRoom,FollowMe,HelpingHand,DazzlingGleam|||F|||50|,,,,,Fire]Hatterene||TwistedSpoon|MagicBounce|ExpandingForce,TrickRoom,DazzlingGleam,Protect|||F|||50|,,,,,Water]Gallade||ClearAmulet|Sharpness|SacredSword,PsychoCut,TrickRoom,WideGuard|||M|||50|,,,,,Grass]Ursaluna||FlameOrb|Guts|HeadlongRush,Facade,Earthquake,Protect|||M|||50|,,,,,Ghost]Torkoal||ChoiceSpecs|Drought|Eruption,HeatWave,WeatherBall,EarthPower|||F|||50|,,,,,Fire]Zoroark-Hisui||FocusSash|Illusion|HyperVoice,BitterMalice,Snarl,Taunt|||F|||50|,,,,,Stellar
|showteam|p2|Tyranitar||AssaultVest|SandStream|RockSlide,KnockOff,TeraBlast,LowKick|||F|||50|,,,,,Flying]Excadrill||FocusSash|SandRush|Earthquake,HighHorsepower,IronHead,Protect|||M|||50|,,,,,Stellar]Gastrodon-East||Leftovers|StormDrain|EarthPower,HydroPump,ClearSmog,Protect|||F|||50|,,,,,Grass]Corviknight||PsychicSeed|MirrorArmor|BraveBird,PowerTrip,BulkUp,Roost|||F|||50|,,,,,Dark]Glimmora||ChoiceScarf|ToxicDebris|EnergyBall,PowerGem,EarthPower,SludgeBomb|||M|||50|,,,,,Grass]Indeedee-F||SafetyGoggles|PsychicSurge|FollowMe,Psychic,TrickRoom,Protect|||F|||50|,,,,,Fairy
|inactive|Battle timer is ON: inactive players will automatically lose when time's up. (requested by JackRG1)
|
|t:|1757790566
|teamsize|p1|4
|teamsize|p2|4
|start
|switch|p1a: Indeedee|Indeedee-F, L50, F|100/100
|switch|p1b: Gallade|Gallade, L50, M|100/100
|switch|p2a: Glimmora|Glimmora, L50, M|100/100
|switch|p2b: Tyranitar|Tyranitar, L50, F|100/100
|-weather|Sandstorm|[from] ability: Sand Stream|[of] p2b: Tyranitar
|-fieldstart|move: Psychic Terrain|[from] ability: Psychic Surge|[of] p1a: Indeedee
|-enditem|p1a: Indeedee|Psychic Seed
|-boost|p1a: Indeedee|spd|1|[from] item: Psychic Seed
|turn|1
|inactive|colemarcusvgc has 30 seconds left.
|inactive|colemarcusvgc has 20 seconds left.
|
|t:|1757790602
|move|p2a: Glimmora|Sludge Bomb|p1b: Gallade
|-damage|p1b: Gallade|56/100
|-status|p1b: Gallade|psn
|move|p2b: Tyranitar|Knock Off|p1a: Indeedee
|-supereffective|p1a: Indeedee
|-damage|p1a: Indeedee|29/100
|move|p1b: Gallade|Sacred Sword|p2b: Tyranitar
|-supereffective|p2b: Tyranitar
|-damage|p2b: Tyranitar|0 fnt
|faint|p2b: Tyranitar
|move|p1a: Indeedee|Trick Room|p1a: Indeedee
|-fieldstart|move: Trick Room|[of] p1a: Indeedee
|
|-weather|Sandstorm|[upkeep]
|-damage|p1b: Gallade|50/100 psn|[from] Sandstorm
|-damage|p1a: Indeedee|23/100|[from] Sandstorm
|-damage|p1b: Gallade|38/100 psn|[from] psn
|upkeep
|
|t:|1757790615
|switch|p2b: Gastrodon|Gastrodon-East, L50, F|100/100
|turn|2
|inactive|colemarcusvgc has 30 seconds left.
|
|t:|1757790645
|switch|p1a: Hatterene|Hatterene, L50, F|100/100
|move|p2b: Gastrodon|Protect|p2b: Gastrodon
|-singleturn|p2b: Gastrodon|Protect
|move|p1b: Gallade|Sacred Sword|p2b: Gastrodon
|-activate|p2b: Gastrodon|move: Protect
|move|p2a: Glimmora|Sludge Bomb|p1b: Gallade
|-damage|p1b: Gallade|0 fnt
|faint|p1b: Gallade
|
|-weather|Sandstorm|[upkeep]
|-damage|p1a: Hatterene|95/100|[from] Sandstorm
|upkeep
|
|t:|1757790657
|switch|p1b: Ursaluna|Ursaluna, L50, M|100/100
|turn|3
|inactive|colemarcusvgc has 30 seconds left.
|inactive|colemarcusvgc has 20 seconds left.
|inactive|colemarcusvgc has 15 seconds left.
|inactive|colemarcusvgc has 10 seconds left.
|
|t:|1757790705
|move|p1b: Ursaluna|Protect|p1b: Ursaluna
|-singleturn|p1b: Ursaluna|Protect
|move|p1a: Hatterene|Expanding Force|p2a: Glimmora|[spread] p2a,p2b
|-supereffective|p2a: Glimmora
|-crit|p2a: Glimmora
|-damage|p2a: Glimmora|0 fnt
|-damage|p2b: Gastrodon|17/100
|faint|p2a: Glimmora
|move|p2b: Gastrodon|Hydro Pump|p1b: Ursaluna
|-activate|p1b: Ursaluna|move: Protect
|
|-weather|Sandstorm|[upkeep]
|-damage|p1a: Hatterene|89/100|[from] Sandstorm
|-heal|p2b: Gastrodon|23/100|[from] item: Leftovers
|-status|p1b: Ursaluna|brn|[from] item: Flame Orb
|upkeep
|
|t:|1757790711
|switch|p2a: Corviknight|Corviknight, L50, F|100/100
|-enditem|p2a: Corviknight|Psychic Seed
|-boost|p2a: Corviknight|spd|1|[from] item: Psychic Seed
|turn|4
|
|t:|1757790730
|-terastallize|p1b: Ursaluna|Ghost
|move|p1a: Hatterene|Expanding Force|p2a: Corviknight|[spread] p2a,p2b
|-resisted|p2a: Corviknight
|-damage|p2a: Corviknight|73/100
|-damage|p2b: Gastrodon|0 fnt
|faint|p2b: Gastrodon
|move|p1b: Ursaluna|Facade|p2a: Corviknight
|-resisted|p2a: Corviknight
|-damage|p2a: Corviknight|32/100
|move|p2a: Corviknight|Bulk Up|p2a: Corviknight
|-boost|p2a: Corviknight|atk|1
|-boost|p2a: Corviknight|def|1
|
|-weather|Sandstorm|[upkeep]
|-damage|p1a: Hatterene|84/100|[from] Sandstorm
|-damage|p1b: Ursaluna|95/100 brn|[from] Sandstorm
|-damage|p1b: Ursaluna|89/100 brn|[from] brn
|upkeep
|turn|5
|
|t:|1757790747
|move|p1a: Hatterene|Expanding Force|p2a: Corviknight
|-resisted|p2a: Corviknight
|-damage|p2a: Corviknight|0 fnt
|faint|p2a: Corviknight
|
|win|colemarcusvgc
|raw|colemarcusvgc's rating: 1149 → 1182(+33 for winning)
|raw|JackRG1's rating: 1265 → 1232(-33 for losing)
|l|☆JackRG1
|player|p2|
|l|☆colemarcusvgc
|player|p1|
|j|☆colemarcusvgc
|player|p1|colemarcusvgc|n|
