|j|☆metecan
|j|☆Lorido
|html|metecanLorido    
|uhtml|bestof|Game 1 of a best-of-3
|t:|1782552705
|gametype|doubles
|player|p1|metecan|101|1155
|player|p2|Lorido|266|1238
|gen|9
|tier|[Gen 9 Champions] VGC 2026 Reg M-B (Bo3)
|rated|
|rule|Species Clause: Limit one of each Pokémon
|rule|Item Clause: Limit 1 of each item
|clearpoke
|poke|p1|Metagross, L50|
|poke|p1|Hydreigon, L50, M|
|poke|p1|Tyranitar, L50, F|
|poke|p1|Tsareena, L50, F|
|poke|p1|Incineroar, L50, F|
|poke|p1|Sinistcha-Masterpiece, L50|
|poke|p2|Charizard, L50, M|
|poke|p2|Floette-Eternal, L50, F|
|poke|p2|Whimsicott, L50, M|
|poke|p2|Kingambit, L50, M|
|poke|p2|Garchomp, L50, M|
|poke|p2|Basculegion, L50, M|
|teampreview|4
|showteam|p1|Metagross||Metagrossite|ClearBody|IronHead,PsychicFangs,StompingTantrum,Protect|Adamant|||||50|]Hydreigon||HabanBerry|Levitate|Snarl,DracoMeteor,Tailwind,Protect|Timid||M|||50|]Tyranitar||Tyranitarite|SandStream|KnockOff,RockSlide,LowKick,Protect|Adamant||F|||50|]Tsareena||ChoiceScarf|QueenlyMajesty|HighJumpKick,TripleAxel,Uturn,SeedBomb|Jolly||F|||50|]Incineroar||ShucaBerry|Intimidate|FakeOut,FlareBlitz,DarkestLariat,PartingShot|Adamant||F|||50|]Sinistcha-Masterpiece||Leftovers|Hospitality|MatchaGotcha,RagePowder,TrickRoom,Protect|Bold|||||50|
|showteam|p2|Charizard||CharizarditeY|Blaze|HeatWave,WeatherBall,SolarBeam,Protect|Modest||M|||50|]Floette-Eternal||Floettite|FlowerVeil|DazzlingGleam,Protect,Moonblast,LightofRuin|Modest||F|||50|]Whimsicott||FocusSash|Prankster|Moonblast,Protect,Tailwind,Encore|Timid||M|||50|]Kingambit||ChopleBerry|Defiant|KowtowCleave,SuckerPunch,IronHead,LowKick|Adamant||M|||50|]Garchomp||LifeOrb|RoughSkin|DragonClaw,StompingTantrum,RockSlide,Protect|Jolly||M|||50|]Basculegion||MysticWater|Adaptability|WaveCrash,LastRespects,AquaJet,Protect|Adamant||M|||50|
|inactive|Battle timer is ON: inactive players will automatically lose when time's up. (requested by Lorido)
|inactive|metecan has 60 seconds left.
|inactive|Lorido has 60 seconds left.
|inactive|Lorido has 30 seconds left.
|
|t:|1782552775
|teamsize|p1|4
|teamsize|p2|4
|start
|switch|p1a: Tyranitar|Tyranitar, L50, F|100/100
|switch|p1b: Hydreigon|Hydreigon, L50, M|100/100
|switch|p2a: Charizard|Charizard, L50, M|100/100
|switch|p2b: Whimsicott|Whimsicott, L50, M|100/100
|-weather|Sandstorm|[from] ability: Sand Stream|[of] p1a: Tyranitar
|turn|1
|inactive|metecan has 30 seconds left.
|
|t:|1782552801
|switch|p1b: Metagross|Metagross, L50|100/100
|switch|p2a: Kingambit|Kingambit, L50, M|100/100
|move|p2b: Whimsicott|Moonblast|p1b: Metagross
|-resisted|p1b: Metagross|1
|-damage|p1b: Metagross|78/100
|move|p1a: Tyranitar|Rock Slide|p2a: Kingambit|[spread] p2a
|-miss|p1a: Tyranitar|p2b: Whimsicott
|-resisted|p2a: Kingambit|1
|-damage|p2a: Kingambit|87/100
|
|-weather|Sandstorm|[upkeep]
|-damage|p2b: Whimsicott|94/100|[from] Sandstorm
|upkeep
|turn|2
|inactive|metecan has 30 seconds left.
|inactive|Lorido has 30 seconds left.
|inactive|metecan has 20 seconds left.
|inactive|metecan has 15 seconds left.
|inactive|Lorido has 20 seconds left.
|inactive|Lorido has 15 seconds left.
|
|t:|1782552847
|switch|p1b: Tsareena|Tsareena, L50, F|100/100
|move|p2b: Whimsicott|Tailwind|p2b: Whimsicott
|-sidestart|p2: Lorido|move: Tailwind
|move|p2a: Kingambit|Low Kick|p1a: Tyranitar
|-supereffective|p1a: Tyranitar|2
|-damage|p1a: Tyranitar|0 fnt
|faint|p1a: Tyranitar
|
|-weather|Sandstorm|[upkeep]
|-damage|p2b: Whimsicott|88/100|[from] Sandstorm
|-damage|p1b: Tsareena|93/100|[from] Sandstorm
|upkeep
|
|t:|1782552862
|switch|p1a: Hydreigon|Hydreigon, L50, M|100/100
|turn|3
|
|t:|1782552875
|switch|p2a: Charizard|Charizard, L50, M|100/100
|move|p1a: Hydreigon|Protect|p1a: Hydreigon
|-singleturn|p1a: Hydreigon|Protect
|move|p2b: Whimsicott|Moonblast|p1a: Hydreigon
|-activate|p1a: Hydreigon|move: Protect
|move|p1b: Tsareena|Triple Axel|p2b: Whimsicott
|-supereffective|p2b: Whimsicott|1
|-damage|p2b: Whimsicott|67/100
|-supereffective|p2b: Whimsicott|1
|-crit|p2b: Whimsicott
|-damage|p2b: Whimsicott|2/100
|-supereffective|p2b: Whimsicott|1
|-damage|p2b: Whimsicott|0 fnt
|faint|p2b: Whimsicott
|-hitcount|p2: Whimsicott|3
|
|-weather|Sandstorm|[upkeep]
|-damage|p2a: Charizard|94/100|[from] Sandstorm
|-damage|p1b: Tsareena|87/100|[from] Sandstorm
|-damage|p1a: Hydreigon|94/100|[from] Sandstorm
|upkeep
|
|t:|1782552889
|switch|p2b: Kingambit|Kingambit, L50, M|87/100
|turn|4
|
|t:|1782552910
|switch|p1b: Metagross|Metagross, L50|78/100
|move|p2a: Charizard|Heat Wave|p1a: Hydreigon|[spread] p1a,p1b
|-resisted|p1a: Hydreigon|1
|-crit|p1a: Hydreigon
|-supereffective|p1b: Metagross|1
|-damage|p1a: Hydreigon|69/100
|-damage|p1b: Metagross|13/100
|move|p1a: Hydreigon|Tailwind|p1a: Hydreigon
|-sidestart|p1: metecan|move: Tailwind
|move|p2b: Kingambit|Kowtow Cleave|p1b: Metagross
|-supereffective|p1b: Metagross|1
|-damage|p1b: Metagross|0 fnt
|faint|p1b: Metagross
|
|-weather|Sandstorm|[upkeep]
|-damage|p1a: Hydreigon|63/100|[from] Sandstorm
|-damage|p2a: Charizard|88/100|[from] Sandstorm
|upkeep
|
|t:|1782552924
|switch|p1b: Tsareena|Tsareena, L50, F|87/100
|turn|5
|
|t:|1782552941
|detailschange|p2a: Charizard|Charizard-Mega-Y, L50, M
|-mega|p2a: Charizard|Charizard|Charizardite Y
|-weather|SunnyDay|[from] ability: Drought|[of] p2a: Charizard
|move|p1b: Tsareena|High Jump Kick|p2b: Kingambit
|-supereffective|p2b: Kingambit|2
|-enditem|p2b: Kingambit|Chople Berry|[eat]
|-enditem|p2b: Kingambit|Chople Berry|[weaken]
|-damage|p2b: Kingambit|27/100
|move|p1a: Hydreigon|Draco Meteor|p2a: Charizard
|-damage|p2a: Charizard|26/100
|-unboost|p1a: Hydreigon|spa|2
|move|p2a: Charizard|Heat Wave|p1b: Tsareena|[spread] p1b
|-miss|p2a: Charizard|p1a: Hydreigon
|-supereffective|p1b: Tsareena|1
|-damage|p1b: Tsareena|0 fnt
|faint|p1b: Tsareena
|move|p2b: Kingambit|Low Kick|p1a: Hydreigon
|-supereffective|p1a: Hydreigon|1
|-damage|p1a: Hydreigon|0 fnt
|faint|p1a: Hydreigon
|
|win|Lorido
