|j|☆redx50
|j|☆Implosive Diarrhea
|html|redx50Implosive Diarrhea    
|uhtml|bestof|Game 2 of a best-of-3
|t:|1757794352
|gametype|doubles
|player|p1|redx50|red|1295
|player|p2|Implosive Diarrhea|roark|1232
|gen|9
|tier|[Gen 9] VGC 2025 Reg H (Bo3)
|rated|
|rule|Species Clause: Limit one of each Pokémon
|rule|Item Clause: Limit 1 of each item
|clearpoke
|poke|p1|Charizard, L50, M|
|poke|p1|Torkoal, L50, M|
|poke|p1|Incineroar, L50, M|
|poke|p1|Jumpluff, L50, F|
|poke|p1|Ursaluna, L50, F|
|poke|p1|Farigiraf, L50, F|
|poke|p2|Sneasler, L50, M|
|poke|p2|Dragapult, L50, F|
|poke|p2|Primarina, L50, F|
|poke|p2|Rillaboom, L50, M|
|poke|p2|Kingambit, L50, F|
|poke|p2|Electabuzz, L50, F|
|teampreview|4
|showteam|p1|Charizard||ChoiceSpecs|SolarPower|HeatWave,Overheat,WeatherBall,AirSlash|||M|||50|,,,,,Ghost]Torkoal||EjectPack|Drought|Eruption,Overheat,HelpingHand,Protect|||M|||50|,,,,,Fire]Incineroar||SafetyGoggles|Intimidate|FlareBlitz,KnockOff,FakeOut,PartingShot|||M|||50|,,,,,Ghost]Jumpluff||CovertCloak|Chlorophyll|SleepPowder,SunnyDay,RagePowder,Tailwind|||F|||50|,,,,,Water]Ursaluna||FlameOrb|Guts|Facade,Protect,HeadlongRush,Earthquake|||F|||50|,,,,,Ghost]Farigiraf||ThroatSpray|ArmorTail|TrickRoom,HyperVoice,Psychic,Protect|||F|||50|,,,,,Fairy
|showteam|p2|Sneasler||FocusSash|PoisonTouch|CloseCombat,DireClaw,FakeOut,Protect|||M|||50|,,,,,Stellar]Dragapult||ChoiceBand|ClearBody|DragonDarts,Outrage,PhantomForce,Uturn|||F|||50|,,,,,Dragon]Primarina||LifeOrb|LiquidVoice|HyperVoice,Moonblast,Haze,Protect|||F|||50|,,,,,Grass]Rillaboom||AssaultVest|GrassySurge|WoodHammer,GrassyGlide,HighHorsepower,FakeOut|||M|||50|,,,,,Fire]Kingambit||BlackGlasses|Defiant|KowtowCleave,SuckerPunch,SwordsDance,Protect|||F|||50|,,,,,Ghost]Electabuzz||Eviolite|VitalSpirit|Thunderbolt,FollowMe,HelpingHand,Protect|||F|||50|,,,,,Ghost
|inactive|Battle timer is ON: inactive players will automatically lose when time's up. (requested by redx50)
|
|t:|1757794375
|teamsize|p1|4
|teamsize|p2|4
|start
|switch|p1a: Charizard|Charizard, L50, M|100/100
|switch|p1b: Jumpluff|Jumpluff, L50, F|100/100
|switch|p2a: 777|Sneasler, L50, M|100/100
|switch|p2b: B-2|Dragapult, L50, F|100/100
|turn|1
|inactive|redx50 has 30 seconds left.
|inactive|Implosive Diarrhea has 30 seconds left.
|inactive|redx50 has 20 seconds left.
|inactive|redx50 has 15 seconds left.
|inactive|redx50 has 10 seconds left.
|inactive|redx50 has 5 seconds left.
|
|t:|1757794431
|-terastallize|p2b: B-2|Dragon
|move|p2b: B-2|Outrage|p1a: Charizard
|-damage|p1a: Charizard|0 fnt
|faint|p1a: Charizard
|move|p2a: 777|Dire Claw|p1b: Jumpluff
|-supereffective|p1b: Jumpluff
|-damage|p1b: Jumpluff|9/100
|move|p1b: Jumpluff|Sleep Powder|p2a: 777
|-status|p2a: 777|slp|[from] move: Sleep Powder
|
|upkeep
|
|t:|1757794442
|switch|p1a: Farigiraf|Farigiraf, L50, F|100/100
|turn|2
|
|t:|1757794451
|-terastallize|p1a: Farigiraf|Fairy
|move|p1b: Jumpluff|Rage Powder|p1b: Jumpluff
|-singleturn|p1b: Jumpluff|move: Rage Powder
|move|p2b: B-2|Outrage|p1b: Jumpluff|[from] lockedmove
|-damage|p1b: Jumpluff|0 fnt
|faint|p1b: Jumpluff
|-start|p2b: B-2|confusion|[fatigue]
|cant|p2a: 777|slp
|move|p1a: Farigiraf|Trick Room|p1a: Farigiraf
|-fieldstart|move: Trick Room|[of] p1a: Farigiraf
|
|upkeep
|
|t:|1757794452
|switch|p1b: Ursaluna|Ursaluna, L50, F|100/100
|turn|3
|
|t:|1757794474
|switch|p2a: Grassy Kong|Rillaboom, L50, M|100/100
|-fieldstart|move: Grassy Terrain|[from] ability: Grassy Surge|[of] p2a: Grassy Kong
|move|p1b: Ursaluna|Facade|p2a: Grassy Kong
|-damage|p2a: Grassy Kong|59/100
|move|p1a: Farigiraf|Hyper Voice|p2b: B-2|[spread] p2a,p2b
|-damage|p2a: Grassy Kong|36/100
|-damage|p2b: B-2|56/100
|-enditem|p1a: Farigiraf|Throat Spray
|-boost|p1a: Farigiraf|spa|1|[from] item: Throat Spray
|-activate|p2b: B-2|confusion
|-damage|p2b: B-2|38/100|[from] confusion
|
|-heal|p2a: Grassy Kong|42/100|[from] Grassy Terrain
|-heal|p2b: B-2|44/100|[from] Grassy Terrain
|-status|p1b: Ursaluna|brn|[from] item: Flame Orb
|upkeep
|turn|4
|
|t:|1757794495
|move|p1b: Ursaluna|Facade|p2a: Grassy Kong
|-damage|p2a: Grassy Kong|0 fnt
|faint|p2a: Grassy Kong
|move|p1a: Farigiraf|Hyper Voice|p2b: B-2
|-damage|p2b: B-2|0 fnt
|faint|p2b: B-2
|
|-damage|p1b: Ursaluna|95/100 brn|[from] brn
|upkeep
|
|t:|1757794503
|switch|p2a: 777|Sneasler, L50, M|100/100 slp
|switch|p2b: Slayyy|Primarina, L50, F|100/100
|turn|5
|
|t:|1757794528
|cant|p2a: 777|slp
|move|p2b: Slayyy|Hyper Voice|p1b: Ursaluna|[spread] p1a,p1b
|-supereffective|p1b: Ursaluna
|-damage|p1a: Farigiraf|67/100
|-damage|p1b: Ursaluna|19/100 brn
|-damage|p2b: Slayyy|91/100|[from] item: Life Orb
|move|p1b: Ursaluna|Facade|p2b: Slayyy
|-damage|p2b: Slayyy|0 fnt
|faint|p2b: Slayyy
|move|p1a: Farigiraf|Hyper Voice|p2a: 777
|-damage|p2a: 777|15/100 slp
|
|-heal|p1b: Ursaluna|25/100 brn|[from] Grassy Terrain
|-heal|p1a: Farigiraf|73/100|[from] Grassy Terrain
|-heal|p2a: 777|21/100 slp|[from] Grassy Terrain
|-damage|p1b: Ursaluna|19/100 brn|[from] brn
|upkeep
|turn|6
|
|t:|1757794540
|-curestatus|p2a: 777|slp|[msg]
|move|p2a: 777|Protect|p2a: 777
|-singleturn|p2a: 777|Protect
|move|p1b: Ursaluna|Facade|p2a: 777
|-activate|p2a: 777|move: Protect
|move|p1a: Farigiraf|Psychic|p2a: 777
|-activate|p2a: 777|move: Protect
|
|-heal|p1b: Ursaluna|25/100 brn|[from] Grassy Terrain
|-heal|p1a: Farigiraf|80/100|[from] Grassy Terrain
|-heal|p2a: 777|27/100|[from] Grassy Terrain
|-damage|p1b: Ursaluna|19/100 brn|[from] brn
|-fieldend|move: Trick Room
|upkeep
|turn|7
|
|t:|1757794551
|move|p2a: 777|Dire Claw|p1a: Farigiraf
|-supereffective|p1a: Farigiraf
|-damage|p1a: Farigiraf|0 fnt
|faint|p1a: Farigiraf
|move|p1b: Ursaluna|Facade|p2a: 777
|-damage|p2a: 777|0 fnt
|faint|p2a: 777
|
|win|redx50
|raw|redx50's rating: 1295 → 1316(+21 for winning)
|raw|Implosive Diarrhea's rating: 1232 → 1211(-21 for losing)
|l|☆redx50
|player|p1|
