|j|☆ProtectThyKing34
|j|☆Oooo11
|html|ProtectThyKing34Oooo11    
|uhtml|bestof|Game 1 of a best-of-3
|t:|1784767403
|gametype|doubles
|player|p1|ProtectThyKing34|rocketgrunt|1104
|player|p2|Oooo11|169|1180
|gen|9
|tier|[Gen 9 Champions] VGC 2026 Reg M-B (Bo3)
|rated|
|rule|Species Clause: Limit one of each Pokémon
|rule|Item Clause: Limit 1 of each item
|clearpoke
|poke|p1|Delphox, L50, F|
|poke|p1|Incineroar, L50, M|
|poke|p1|Sneasler, L50, M|
|poke|p1|Sinistcha, L50|
|poke|p1|Kingambit, L50, M|
|poke|p1|Blastoise, L50, M|
|poke|p2|Charizard, L50, M|
|poke|p2|Garchomp, L50, F|
|poke|p2|Whimsicott, L50, M|
|poke|p2|Gardevoir, L50, F|
|poke|p2|Farigiraf, L50, F|
|poke|p2|Hydreigon, L50, F|
|teampreview|4
|showteam|p1|Delphox||Delphoxite|Blaze|NastyPlot,Protect,Psyshock,HeatWave|Timid||F|||50|]Incineroar||SitrusBerry|Intimidate|FakeOut,PartingShot,FlareBlitz,DarkestLariat|Impish||M|||50|]Sneasler||FocusSash|PoisonTouch|GunkShot,FakeOut,CloseCombat,QuickGuard|Jolly||M|||50|]Sinistcha||OccaBerry|Hospitality|MatchaGotcha,RagePowder,TrickRoom,Protect|Calm|||||50|]Kingambit||BlackGlasses|Defiant|SuckerPunch,KowtowCleave,LowKick,Protect|Adamant||M|||50|]Blastoise||Blastoisinite|RainDish|ShellSmash,WaterSpout,DarkPulse,Protect|Timid||M|||50|
|showteam|p2|Charizard||CharizarditeY|Blaze|SolarBeam,Protect,HeatWave,WeatherBall|Timid||M|||50|]Garchomp||LifeOrb|RoughSkin|Protect,Earthquake,DragonClaw,RockSlide|Jolly||F|||50|]Whimsicott||FocusSash|Prankster|Protect,Encore,Moonblast,Tailwind|Bold||M|||50|]Gardevoir||Gardevoirite|Trace|Protect,HyperVoice,Psyshock,AuraSphere|Modest||F|||50|]Farigiraf||SitrusBerry|ArmorTail|Protect,Psychic,Imprison,TrickRoom|Sassy||F|||50|]Hydreigon||ChoiceScarf|Levitate|Snarl,DracoMeteor,DragonPulse,DarkPulse|Timid||F|||50|
|j| combee54
|c| combee54|yo
|c| combee54|oh wait you again wtf
|inactive|Battle timer is ON: inactive players will automatically lose when time's up. (requested by ProtectThyKing34)
|l| combee54
|
|t:|1784767465
|teamsize|p1|4
|teamsize|p2|4
|start
|switch|p1a: Sneasler|Sneasler, L50, M|100/100
|switch|p1b: Sinistcha|Sinistcha, L50|100/100
|switch|p2a: Charizard|Charizard, L50, M|100/100
|switch|p2b: Garchomp|Garchomp, L50, F|100/100
|turn|1
|inactive|ProtectThyKing34 has 30 seconds left.
|inactive|ProtectThyKing34 has 20 seconds left.
|
|t:|1784767502
|switch|p1a: Incineroar|Incineroar, L50, M|100/100
|-ability|p1a: Incineroar|Intimidate|boost
|-unboost|p2a: Charizard|atk|1
|-unboost|p2b: Garchomp|atk|1
|detailschange|p2a: Charizard|Charizard-Mega-Y, L50, M
|-mega|p2a: Charizard|Charizard|Charizardite Y
|-weather|SunnyDay|[from] ability: Drought|[of] p2a: Charizard
|move|p2a: Charizard|Protect|p2a: Charizard
|-singleturn|p2a: Charizard|Protect
|move|p2b: Garchomp|Earthquake|p1a: Incineroar|[spread] p1a,p1b
|-activate|p2a: Charizard|move: Protect
|-supereffective|p1a: Incineroar|1
|-resisted|p1b: Sinistcha|1
|-damage|p1a: Incineroar|53/100
|-damage|p1b: Sinistcha|85/100
|-damage|p2b: Garchomp|90/100|[from] item: Life Orb
|move|p1b: Sinistcha|Trick Room|p1b: Sinistcha
|-fieldstart|move: Trick Room|[of] p1b: Sinistcha
|
|-weather|SunnyDay|[upkeep]
|upkeep
|turn|2
|
|t:|1784767520
|switch|p2b: Farigiraf|Farigiraf, L50, F|100/100
|move|p1a: Incineroar|Darkest Lariat|p2a: Charizard
|-damage|p2a: Charizard|51/100
|move|p1b: Sinistcha|Matcha Gotcha|p2a: Charizard|[spread] p2a
|-miss|p1b: Sinistcha|p2b: Farigiraf
|-resisted|p2a: Charizard|2
|-damage|p2a: Charizard|45/100
|-heal|p1b: Sinistcha|88/100|[from] drain|[of] p2a: Charizard
|move|p2a: Charizard|Heat Wave|p1a: Incineroar|[spread] p1a
|-miss|p2a: Charizard|p1b: Sinistcha
|-resisted|p1a: Incineroar|1
|-damage|p1a: Incineroar|26/100
|-enditem|p1a: Incineroar|Sitrus Berry|[eat]
|-heal|p1a: Incineroar|51/100|[from] item: Sitrus Berry
|
|-weather|SunnyDay|[upkeep]
|upkeep
|turn|3
|inactive|Oooo11 has 30 seconds left.
|inactive|ProtectThyKing34 has 30 seconds left.
|inactive|Oooo11 has 20 seconds left.
|
|t:|1784767556
|switch|p2a: Garchomp|Garchomp, L50, F|90/100
|move|p2b: Farigiraf|Imprison|p2b: Farigiraf
|-start|p2b: Farigiraf|move: Imprison
|move|p1a: Incineroar|Flare Blitz|p2b: Farigiraf
|-damage|p2b: Farigiraf|24/100
|-enditem|p2b: Farigiraf|Sitrus Berry|[eat]
|-heal|p2b: Farigiraf|49/100|[from] item: Sitrus Berry
|-damage|p1a: Incineroar|23/100|[from] Recoil
|move|p1b: Sinistcha|Matcha Gotcha|p2a: Garchomp|[spread] p2b
|-miss|p1b: Sinistcha|p2a: Garchomp
|-damage|p2b: Farigiraf|29/100
|-heal|p1b: Sinistcha|100/100|[from] drain|[of] p2b: Farigiraf
|
|-weather|SunnyDay|[upkeep]
|upkeep
|turn|4
|
|t:|1784767580
|move|p2b: Farigiraf|Protect|p2b: Farigiraf
|-singleturn|p2b: Farigiraf|Protect
|move|p2a: Garchomp|Protect|p2a: Garchomp
|-singleturn|p2a: Garchomp|Protect
|move|p1a: Incineroar|Darkest Lariat|p2a: Garchomp
|-activate|p2a: Garchomp|move: Protect
|move|p1b: Sinistcha|Matcha Gotcha|p2b: Farigiraf|[spread] 
|-activate|p2a: Garchomp|move: Protect
|-activate|p2b: Farigiraf|move: Protect
|
|-weather|SunnyDay|[upkeep]
|upkeep
|turn|5
|
|t:|1784767599
|move|p2b: Farigiraf|Psychic|p1b: Sinistcha
|-damage|p1b: Sinistcha|69/100
|move|p1a: Incineroar|Darkest Lariat|p2a: Garchomp
|-damage|p2a: Garchomp|55/100
|-damage|p1a: Incineroar|11/100|[from] ability: Rough Skin|[of] p2a: Garchomp
|move|p1b: Sinistcha|Matcha Gotcha|p2b: Farigiraf|[spread] p2a,p2b
|-damage|p2a: Garchomp|29/100
|-heal|p1b: Sinistcha|83/100|[from] drain|[of] p2a: Garchomp
|-damage|p2b: Farigiraf|9/100
|-heal|p1b: Sinistcha|96/100|[from] drain|[of] p2b: Farigiraf
|-status|p2b: Farigiraf|brn
|move|p2a: Garchomp|Earthquake|p1b: Sinistcha|[spread] p2b,p1a,p1b
|-supereffective|p1a: Incineroar|1
|-resisted|p1b: Sinistcha|1
|-crit|p1b: Sinistcha
|-damage|p2b: Farigiraf|0 fnt
|-damage|p1a: Incineroar|0 fnt
|-damage|p1b: Sinistcha|62/100
|faint|p2b: Farigiraf
|faint|p1a: Incineroar
|-damage|p2a: Garchomp|20/100r|[from] item: Life Orb
|
|-weather|none
|-fieldend|move: Trick Room
|upkeep
|
|t:|1784767621
|switch|p1a: Delphox|Delphox, L50, F|100/100
|switch|p2b: Charizard|Charizard-Mega-Y, L50, M|45/100
|-weather|SunnyDay|[from] ability: Drought|[of] p2b: Charizard
|turn|6
|
|t:|1784767633
|switch|p1b: Sneasler|Sneasler, L50, M|100/100
|detailschange|p1a: Delphox|Delphox-Mega, L50, F
|-mega|p1a: Delphox|Delphox|Delphoxite
|move|p1a: Delphox|Heat Wave|p2a: Garchomp|[spread] p2a,p2b
|-resisted|p2a: Garchomp|1
|-resisted|p2b: Charizard|1
|-damage|p2a: Garchomp|0 fnt
|-damage|p2b: Charizard|11/100
|faint|p2a: Garchomp
|move|p2b: Charizard|Heat Wave|p1a: Delphox|[spread] p1a,p1b
|-resisted|p1a: Delphox|1
|-damage|p1a: Delphox|69/100
|-damage|p1b: Sneasler|8/100
|
|-weather|SunnyDay|[upkeep]
|upkeep
|
|t:|1784767644
|switch|p2a: Hydreigon|Hydreigon, L50, F|100/100
|turn|7
|
|t:|1784767663
|switch|p1b: Sinistcha|Sinistcha, L50|62/100
|-heal|p1a: Delphox|94/100|[from] ability: Hospitality|[of] p1b: Sinistcha
|move|p1a: Delphox|Protect|p1a: Delphox
|-singleturn|p1a: Delphox|Protect
|move|p2b: Charizard|Protect|p2b: Charizard
|-singleturn|p2b: Charizard|Protect
|move|p2a: Hydreigon|Snarl|p1a: Delphox|[spread] p1b
|-activate|p1a: Delphox|move: Protect
|-supereffective|p1b: Sinistcha|1
|-damage|p1b: Sinistcha|25/100
|-unboost|p1b: Sinistcha|spa|1
|
|-weather|SunnyDay|[upkeep]
|upkeep
|turn|8
|inactive|ProtectThyKing34 has 30 seconds left.
|inactive|ProtectThyKing34 has 20 seconds left.
|
|t:|1784767701
|move|p2a: Hydreigon|Snarl|p1b: Sinistcha|[spread] p1a,p1b
|-supereffective|p1a: Delphox|1
|-supereffective|p1b: Sinistcha|1
|-damage|p1a: Delphox|54/100
|-damage|p1b: Sinistcha|0 fnt
|-unboost|p1a: Delphox|spa|1
|faint|p1b: Sinistcha
|move|p1a: Delphox|Heat Wave|p2b: Charizard|[spread] p2a,p2b
|-resisted|p2a: Hydreigon|1
|-resisted|p2b: Charizard|1
|-crit|p2b: Charizard
|-damage|p2a: Hydreigon|75/100
|-damage|p2b: Charizard|0 fnt
|faint|p2b: Charizard
|
|-weather|SunnyDay|[upkeep]
|upkeep
|
|t:|1784767709
|switch|p1b: Sneasler|Sneasler, L50, M|8/100
|turn|9
|
|t:|1784767719
|move|p1b: Sneasler|Fake Out|p2a: Hydreigon
|-damage|p2a: Hydreigon|57/100
|cant|p2a: Hydreigon|flinch
|move|p1a: Delphox|Nasty Plot|p1a: Delphox
|-boost|p1a: Delphox|spa|2
|
|-weather|SunnyDay|[upkeep]
|upkeep
|turn|10
|
|t:|1784767728
|move|p2a: Hydreigon|Snarl|p1a: Delphox|[spread] p1a,p1b
|-supereffective|p1a: Delphox|1
|-resisted|p1b: Sneasler|1
|-damage|p1a: Delphox|11/100
|-damage|p1b: Sneasler|0 fnt
|-unboost|p1a: Delphox|spa|1
|faint|p1b: Sneasler
|move|p1a: Delphox|Heat Wave|p2a: Hydreigon
|-resisted|p2a: Hydreigon|1
|-damage|p2a: Hydreigon|11/100
|
|-weather|none
|upkeep
|turn|11
|
|t:|1784767738
|move|p2a: Hydreigon|Snarl|p1a: Delphox
|-supereffective|p1a: Delphox|1
|-damage|p1a: Delphox|0 fnt
|faint|p1a: Delphox
|
|win|Oooo11
