|j|☆Rustic_Moose
|j|☆EchoShadowYT
|html|Rustic_MooseEchoShadowYT    
|uhtml|bestof|Game 1 of a best-of-3
|t:|1786046334
|gametype|doubles
|player|p1|Rustic_Moose|102|1214
|player|p2|EchoShadowYT|skierf|1360
|gen|9
|tier|[Gen 9 Champions] VGC 2026 Reg M-B (Bo3)
|rated|
|rule|Species Clause: Limit one of each Pokémon
|rule|Item Clause: Limit 1 of each item
|clearpoke
|poke|p1|Rotom-Mow, L50|
|poke|p1|Crabominable, L50, M|
|poke|p1|Farigiraf, L50, F|
|poke|p1|Camerupt, L50, M|
|poke|p1|Sneasler, L50, M|
|poke|p1|Basculegion, L50, M|
|poke|p2|Delphox, L50, F|
|poke|p2|Sneasler, L50, F|
|poke|p2|Blastoise, L50, M|
|poke|p2|Kingambit, L50, M|
|poke|p2|Incineroar, L50, F|
|poke|p2|Sinistcha, L50|
|teampreview|4
|showteam|p1|Rotom-Mow||ExpertBelt|Levitate|Thunderbolt,LeafStorm,HyperVoice,WillOWisp|Modest|||||50|]Crabominable||Crabominite|AngerPoint|MachPunch,IcePunch,DrainPunch,Protect|Brave||M|||50|]Farigiraf||FocusSash|ArmorTail|TrickRoom,HyperVoice,Psychic,Protect|Relaxed||F|||50|]Camerupt||Cameruptite|SolidRock|Eruption,Flamethrower,EarthPower,Protect|Quiet||M|||50|]Sneasler||PoisonBarb|PoisonTouch|CloseCombat,DireClaw,FakeOut,Protect|Jolly||M|||50|]Basculegion||ChoiceScarf|Adaptability|AquaJet,WaveCrash,FlipTurn,LastRespects|Jolly||M|||50|
|showteam|p2|Delphox||Delphoxite|Blaze|HeatWave,Psyshock,NastyPlot,Protect|Timid||F|||50|]Sneasler||FocusSash|PoisonTouch|DireClaw,CloseCombat,FakeOut,Protect|Jolly||F|||50|]Blastoise||Blastoisinite|Torrent|WaterSpout,Protect,DarkPulse,ShellSmash|Modest||M|||50|]Kingambit||BlackGlasses|Defiant|KowtowCleave,SuckerPunch,SwordsDance,Protect|Adamant||M|||50|]Incineroar||SitrusBerry|Intimidate|ThroatChop,FlareBlitz,PartingShot,FakeOut|Impish||F|||50|]Sinistcha||KasibBerry|Hospitality|MatchaGotcha,RagePowder,TrickRoom,Protect|Calm|||||50|
|inactive|Battle timer is ON: inactive players will automatically lose when time's up. (requested by EchoShadowYT)
|inactive|Rustic_Moose has 60 seconds left.
|inactive|EchoShadowYT has 60 seconds left.
|
|t:|1786046379
|teamsize|p1|4
|teamsize|p2|4
|start
|switch|p1a: Sneasler|Sneasler, L50, M|100/100
|switch|p1b: Crabominable|Crabominable, L50, M|100/100
|switch|p2a: Blastoise|Blastoise, L50, M|100/100
|switch|p2b: Incineroar|Incineroar, L50, F|100/100
|-ability|p2b: Incineroar|Intimidate|boost
|-unboost|p1a: Sneasler|atk|1
|-unboost|p1b: Crabominable|atk|1
|turn|1
|inactive|EchoShadowYT has 30 seconds left.
|inactive|EchoShadowYT has 20 seconds left.
|inactive|EchoShadowYT has 15 seconds left.
|
|t:|1786046422
|switch|p2b: Sinistcha|Sinistcha, L50|100/100
|detailschange|p1b: Crabominable|Crabominable-Mega, L50, M
|-mega|p1b: Crabominable|Crabominable|Crabominite
|move|p2a: Blastoise|Protect|p2a: Blastoise
|-singleturn|p2a: Blastoise|Protect
|move|p1a: Sneasler|Fake Out|p2b: Sinistcha
|-immune|p2b: Sinistcha
|move|p1b: Crabominable|Drain Punch|p2a: Blastoise
|-activate|p2a: Blastoise|move: Protect
|
|upkeep
|turn|2
|
|t:|1786046443
|detailschange|p2a: Blastoise|Blastoise-Mega, L50, M
|-mega|p2a: Blastoise|Blastoise|Blastoisinite
|move|p2b: Sinistcha|Rage Powder|p2b: Sinistcha
|-singleturn|p2b: Sinistcha|move: Rage Powder
|move|p1a: Sneasler|Dire Claw|p2b: Sinistcha
|-damage|p2b: Sinistcha|67/100
|-status|p2b: Sinistcha|psn|[from] ability: Poison Touch|[of] p1a: Sneasler
|move|p2a: Blastoise|Shell Smash|p2a: Blastoise
|-unboost|p2a: Blastoise|def|1
|-unboost|p2a: Blastoise|spd|1
|-boost|p2a: Blastoise|atk|2
|-boost|p2a: Blastoise|spa|2
|-boost|p2a: Blastoise|spe|2
|move|p1b: Crabominable|Ice Punch|p2b: Sinistcha
|-supereffective|p2b: Sinistcha|1
|-damage|p2b: Sinistcha|7/100 psn
|
|-damage|p2b: Sinistcha|0 fnt|[from] psn
|faint|p2b: Sinistcha
|upkeep
|inactive|EchoShadowYT has 30 seconds left.
|
|t:|1786046477
|switch|p2b: Kingambit|Kingambit, L50, M|100/100
|turn|3
|
|t:|1786046502
|move|p1b: Crabominable|Protect|p1b: Crabominable
|-singleturn|p1b: Crabominable|Protect
|move|p2a: Blastoise|Water Spout|p1b: Crabominable|[spread] p1a
|-activate|p1b: Crabominable|move: Protect
|-damage|p1a: Sneasler|0 fnt
|faint|p1a: Sneasler
|move|p2b: Kingambit|Swords Dance|p2b: Kingambit
|-boost|p2b: Kingambit|atk|2
|
|upkeep
|
|t:|1786046512
|switch|p1a: Farigiraf|Farigiraf, L50, F|100/100
|turn|4
|
|t:|1786046523
|switch|p1b: Basculegion|Basculegion, L50, M|100/100
|move|p2a: Blastoise|Water Spout|p1a: Farigiraf|[spread] p1a,p1b
|-resisted|p1b: Basculegion|1
|-enditem|p1a: Farigiraf|Focus Sash
|-damage|p1a: Farigiraf|1/100
|-damage|p1b: Basculegion|26/100
|move|p2b: Kingambit|Kowtow Cleave|p1a: Farigiraf
|-supereffective|p1a: Farigiraf|1
|-damage|p1a: Farigiraf|0 fnt
|faint|p1a: Farigiraf
|
|upkeep
|
|t:|1786046526
|switch|p1a: Crabominable|Crabominable-Mega, L50, M|100/100
|turn|5
|
|t:|1786046547
|move|p1b: Basculegion|Aqua Jet|p2b: Kingambit
|-damage|p2b: Kingambit|80/100
|move|p1a: Crabominable|Mach Punch|p2a: Blastoise
|-damage|p2a: Blastoise|59/100
|move|p2a: Blastoise|Water Spout|p1a: Crabominable|[spread] p1a,p1b
|-resisted|p1b: Basculegion|1
|-damage|p1a: Crabominable|40/100
|-damage|p1b: Basculegion|0 fnt
|faint|p1b: Basculegion
|move|p2b: Kingambit|Kowtow Cleave|p1a: Crabominable
|-resisted|p1a: Crabominable|1
|-damage|p1a: Crabominable|0 fnt
|faint|p1a: Crabominable
|
|win|EchoShadowYT
||Rustic_Moose is ready for game 2.
|inactive|EchoShadowYT has 30 seconds to confirm battle start!
||EchoShadowYT is ready for game 2.
|uhtml|next|Next: Game 2 of 3
|l|☆Rustic_Moose
|player|p1|
