|j|☆FrancoilCieco777
|j|☆gostzin
|html|FrancoilCieco777gostzin    
|uhtml|bestof|Game 3 of a best-of-3
|t:|1757018243
|gametype|doubles
|player|p1|FrancoilCieco777|baker|1188
|player|p2|gostzin|1|1141
|gen|9
|tier|[Gen 9] VGC 2025 Reg H (Bo3)
|rated|
|rule|Species Clause: Limit one of each Pokémon
|rule|Item Clause: Limit 1 of each item
|clearpoke
|poke|p1|Volcarona, L50, F|
|poke|p1|Electabuzz, L50, M|
|poke|p1|Sneasler, L50, M|
|poke|p1|Kingambit, L50, F|
|poke|p1|Dragonite, L50, M|
|poke|p1|Rillaboom, L50, F|
|poke|p2|Incineroar, L50, M|
|poke|p2|Volcarona, L50, M|
|poke|p2|Amoonguss, L50, M|
|poke|p2|Ninetales-Alola, L50, F|
|poke|p2|Ursaluna-Bloodmoon, L50, M|
|poke|p2|Dondozo, L50, F|
|teampreview|4
|showteam|p1|Volcarona||CovertCloak|FlameBody|HeatWave,TeraBlast,QuiverDance,Protect|||F|||50|,,,,,Fairy]Electabuzz||Eviolite|VitalSpirit|Thunderbolt,FollowMe,Taunt,Protect|||M|||50|,,,,,Ghost]Sneasler||FocusSash|Unburden|FakeOut,CloseCombat,DireClaw,Coaching|||M|||50|,,,,,Stellar]Kingambit||BlackGlasses|Defiant|KowtowCleave,SuckerPunch,SwordsDance,Protect|||F|||50|,,,,,Dark]Dragonite||LoadedDice|Multiscale|ScaleShot,ExtremeSpeed,Haze,Protect|||M|||50|,,,,,Normal]Rillaboom||AssaultVest|GrassySurge|WoodHammer,GrassyGlide,HighHorsepower,FakeOut|||F|||50|,,,,,Fire
|showteam|p2|Incineroar||SafetyGoggles|Intimidate|WillOWisp,FakeOut,Taunt,KnockOff|||M|||50|,,,,,Ghost]Volcarona||CovertCloak|FlameBody|QuiverDance,FieryDance,GigaDrain,Protect|||M|||50|,,,,,Fairy]Amoonguss||RockyHelmet|Regenerator|Spore,ClearSmog,PollenPuff,RagePowder|||M|||50|,,,,,Water]Ninetales-Alola||FocusSash|SnowWarning|Blizzard,Encore,IcyWind,AuroraVeil|||F|||50|,,,,,Ghost]Ursaluna-Bloodmoon||AssaultVest|MindsEye|BloodMoon,EarthPower,HyperVoice,VacuumWave|||M|||50|,,,,,Ghost]Dondozo||Leftovers|Unaware|Yawn,Protect,Liquidation,Fissure|||F|||50|,,,,,Fire
|inactive|Battle timer is ON: inactive players will automatically lose when time's up. (requested by FrancoilCieco777)
|
|t:|1757018256
|teamsize|p1|4
|teamsize|p2|4
|start
|switch|p1a: Kingambit|Kingambit, L50, F|100/100
|switch|p1b: Electabuzz|Electabuzz, L50, M|100/100
|switch|p2a: Incineroar|Incineroar, L50, M, shiny|100/100
|switch|p2b: Volcarona|Volcarona, L50, M, shiny|100/100
|-ability|p2a: Incineroar|Intimidate|boost
|-unboost|p1a: Kingambit|atk|1
|-ability|p1a: Kingambit|Defiant|boost
|-boost|p1a: Kingambit|atk|2
|-unboost|p1b: Electabuzz|atk|1
|turn|1
|
|t:|1757018276
|-terastallize|p2b: Volcarona|Fairy
|move|p1a: Kingambit|Protect|p1a: Kingambit
|-singleturn|p1a: Kingambit|Protect
|move|p2a: Incineroar|Fake Out|p1b: Electabuzz
|-damage|p1b: Electabuzz|92/100
|move|p2b: Volcarona|Quiver Dance|p2b: Volcarona
|-boost|p2b: Volcarona|spa|1
|-boost|p2b: Volcarona|spd|1
|-boost|p2b: Volcarona|spe|1
|cant|p1b: Electabuzz|flinch
|
|upkeep
|turn|2
|
|t:|1757018290
|-terastallize|p1a: Kingambit|Dark
|move|p2b: Volcarona|Quiver Dance|p2b: Volcarona
|-boost|p2b: Volcarona|spa|1
|-boost|p2b: Volcarona|spd|1
|-boost|p2b: Volcarona|spe|1
|move|p1b: Electabuzz|Thunderbolt|p2b: Volcarona
|-damage|p2b: Volcarona|86/100
|move|p2a: Incineroar|Taunt|p1b: Electabuzz
|-start|p1b: Electabuzz|move: Taunt
|move|p1a: Kingambit|Kowtow Cleave|p2b: Volcarona
|-resisted|p2b: Volcarona
|-damage|p2b: Volcarona|10/100
|
|upkeep
|turn|3
|
|t:|1757018310
|switch|p1b: Sneasler|Sneasler, L50, M|100/100
|move|p2b: Volcarona|Protect|p2b: Volcarona
|-singleturn|p2b: Volcarona|Protect
|move|p2a: Incineroar|Will-O-Wisp|p1a: Kingambit
|-status|p1a: Kingambit|brn
|move|p1a: Kingambit|Kowtow Cleave|p2b: Volcarona
|-activate|p2b: Volcarona|move: Protect
|
|-damage|p1a: Kingambit|95/100 brn|[from] brn
|upkeep
|turn|4
|
|t:|1757018328
|switch|p2b: Amoonguss|Amoonguss, L50, M|100/100
|switch|p2a: Dondozo|Dondozo, L50, F|100/100
|move|p1b: Sneasler|Dire Claw|p2b: Amoonguss
|-damage|p2b: Amoonguss|58/100
|-status|p2b: Amoonguss|slp
|-damage|p1b: Sneasler|84/100|[from] item: Rocky Helmet|[of] p2b: Amoonguss
|move|p1a: Kingambit|Kowtow Cleave|p2a: Dondozo
|-damage|p2a: Dondozo|79/100
|
|-heal|p2a: Dondozo|85/100|[from] item: Leftovers
|-damage|p1a: Kingambit|89/100 brn|[from] brn
|upkeep
|turn|5
|inactive|gostzin has 30 seconds left.
|
|t:|1757018356
|move|p1b: Sneasler|Coaching|p1a: Kingambit
|-boost|p1a: Kingambit|atk|1
|-boost|p1a: Kingambit|def|1
|move|p1a: Kingambit|Kowtow Cleave|p2b: Amoonguss
|-damage|p2b: Amoonguss|0 fnt
|-damage|p1a: Kingambit|72/100 brn|[from] item: Rocky Helmet|[of] p2b: Amoonguss
|faint|p2b: Amoonguss
|move|p2a: Dondozo|Liquidation|p1a: Kingambit
|-damage|p1a: Kingambit|52/100 brn
|
|-heal|p2a: Dondozo|92/100|[from] item: Leftovers
|-damage|p1a: Kingambit|46/100 brn|[from] brn
|upkeep
|
|t:|1757018370
|switch|p2b: Volcarona|Volcarona, L50, M, shiny, tera:Fairy|10/100
|turn|6
|
|t:|1757018380
|move|p1b: Sneasler|Dire Claw|p2a: Dondozo
|-damage|p2a: Dondozo|68/100
|-status|p2a: Dondozo|par
|move|p2b: Volcarona|Fiery Dance|p1a: Kingambit
|-damage|p1a: Kingambit|10/100 brn
|-boost|p2b: Volcarona|spa|1
|move|p1a: Kingambit|Swords Dance|p1a: Kingambit
|-boost|p1a: Kingambit|atk|2
|move|p2a: Dondozo|Liquidation|p1b: Sneasler
|-damage|p1b: Sneasler|30/100
|
|-heal|p2a: Dondozo|74/100 par|[from] item: Leftovers
|-damage|p1a: Kingambit|4/100 brn|[from] brn
|upkeep
|turn|7
|
|t:|1757018398
|move|p2b: Volcarona|Protect|p2b: Volcarona
|-singleturn|p2b: Volcarona|Protect
|cant|p2a: Dondozo|par
|move|p1b: Sneasler|Dire Claw|p2b: Volcarona
|-activate|p2b: Volcarona|move: Protect
|move|p1a: Kingambit|Kowtow Cleave|p2a: Dondozo
|-damage|p2a: Dondozo|52/100 par
|
|-heal|p2a: Dondozo|58/100 par|[from] item: Leftovers
|-damage|p1a: Kingambit|0 fnt|[from] brn
|faint|p1a: Kingambit
|upkeep
|
|t:|1757018404
|switch|p1a: Electabuzz|Electabuzz, L50, M|92/100
|turn|8
|
|t:|1757018418
|move|p1b: Sneasler|Close Combat|p2b: Volcarona
|-resisted|p2b: Volcarona
|-damage|p2b: Volcarona|0 fnt
|-unboost|p1b: Sneasler|def|1
|-unboost|p1b: Sneasler|spd|1
|faint|p2b: Volcarona
|move|p1a: Electabuzz|Thunderbolt|p2a: Dondozo
|-supereffective|p2a: Dondozo
|-damage|p2a: Dondozo|15/100 par
|move|p2a: Dondozo|Fissure|p1a: Electabuzz|[miss]
|-miss|p2a: Dondozo|p1a: Electabuzz
|
|-heal|p2a: Dondozo|22/100 par|[from] item: Leftovers
|upkeep
|
|t:|1757018430
|switch|p2b: Incineroar|Incineroar, L50, M, shiny|100/100
|-ability|p2b: Incineroar|Intimidate|boost
|-unboost|p1a: Electabuzz|atk|1
|-unboost|p1b: Sneasler|atk|1
|turn|9
|
|t:|1757018438
|switch|p1b: Volcarona|Volcarona, L50, F, shiny|100/100
|move|p1a: Electabuzz|Protect|p1a: Electabuzz
|-singleturn|p1a: Electabuzz|Protect
|move|p2b: Incineroar|Fake Out|p1a: Electabuzz
|-activate|p1a: Electabuzz|move: Protect
|move|p2a: Dondozo|Liquidation|p1b: Volcarona
|-supereffective|p1b: Volcarona
|-damage|p1b: Volcarona|37/100
|
|-heal|p2a: Dondozo|28/100 par|[from] item: Leftovers
|upkeep
|turn|10
|
|t:|1757018461
|move|p1b: Volcarona|Quiver Dance|p1b: Volcarona
|-boost|p1b: Volcarona|spa|1
|-boost|p1b: Volcarona|spd|1
|-boost|p1b: Volcarona|spe|1
|move|p1a: Electabuzz|Thunderbolt|p2a: Dondozo
|-supereffective|p2a: Dondozo
|-damage|p2a: Dondozo|0 fnt
|faint|p2a: Dondozo
|move|p2b: Incineroar|Knock Off|p1b: Volcarona
|-damage|p1b: Volcarona|0 fnt
|-enditem|p1b: Volcarona|Covert Cloak|[from] move: Knock Off|[of] p2b: Incineroar
|faint|p1b: Volcarona
|
|upkeep
|
|t:|1757018469
|switch|p1b: Sneasler|Sneasler, L50, M|30/100
|turn|11
|-message|gostzin forfeited.
|
|win|FrancoilCieco777
|raw|FrancoilCieco777's rating: 1188 → 1210(+22 for winning)
|raw|gostzin's rating: 1141 → 1119(-22 for losing)
