|j|☆gunkqing
|j|☆Tizio20
|html|gunkqingTizio20    
|uhtml|bestof|Game 2 of a best-of-3
|t:|1756920327
|gametype|doubles
|player|p1|gunkqing|striker|
|player|p2|Tizio20|hilda-wonderlauncher|
|gen|9
|tier|[Gen 9] VGC 2025 Reg H (Bo3)
|rule|Species Clause: Limit one of each Pokémon
|rule|Item Clause: Limit 1 of each item
|clearpoke
|poke|p1|Rillaboom, L50, F|
|poke|p1|Electabuzz, L50, M|
|poke|p1|Kommo-o, L50, F|
|poke|p1|Incineroar, L50, F|
|poke|p1|Basculegion, L50, M|
|poke|p1|Sylveon, L50, M|
|poke|p2|Typhlosion-Hisui, L50, M|
|poke|p2|Whimsicott, L50, F|
|poke|p2|Gyarados, L50, M|
|poke|p2|Ursaluna-Bloodmoon, L50, M|
|poke|p2|Kingambit, L50, F|
|poke|p2|Gengar, L50, M|
|teampreview|4
|showteam|p1|Rillaboom||MeadowPlate|GrassySurge|FakeOut,WoodHammer,GrassyGlide,Uturn|||F|||50|,,,,,Fire]Electabuzz||Eviolite|VitalSpirit|FollowMe,Thunderbolt,Taunt,Protect|||M|||50|,,,,,Dragon]Kommo-o||Leftovers|Soundproof|ClangingScales,ClangorousSoul,Flamethrower,Protect|||F|||50|,,,,,Fire]Incineroar||AssaultVest|Intimidate|FakeOut,FlareBlitz,KnockOff,Uturn|||F|||50|,,,,,Ghost]Basculegion||ChoiceScarf|Adaptability|WaveCrash,AquaJet,LastRespects,FlipTurn|||M|||50|,,,,,Grass]Sylveon||LifeOrb|Pixilate|HyperVoice,Moonblast,Reflect,Detect|||M|||50|,,,,,Fairy
|showteam|p2|Typhlosion-Hisui||ChoiceSpecs|Blaze|Eruption,HeatWave,Overheat,ShadowBall|||M|||50|,,,,,Fire]Whimsicott||CovertCloak|Prankster|Tailwind,SunnyDay,FakeTears,Moonblast|||F|||50|,,,,,Water]Gyarados||SafetyGoggles|Intimidate|Waterfall,ThunderWave,Taunt,Protect|||M|||50|,,,,,Steel]Ursaluna-Bloodmoon||LifeOrb|MindsEye|Protect,BloodMoon,HyperVoice,EarthPower|||M|||50|,,,,,Normal]Kingambit||AssaultVest|Defiant|KowtowCleave,SuckerPunch,IronHead,LowKick|||F|||50|,,,,,Fairy]Gengar||FocusSash|CursedBody|SludgeBomb,ShadowBall,Haze,Protect|||M|||50|,,,,,Stellar
|inactive|Battle timer is ON: inactive players will automatically lose when time's up. (requested by gunkqing)
|inactive|Tizio20 has 60 seconds left.
|
|t:|1756920370
|teamsize|p1|4
|teamsize|p2|4
|start
|switch|p1a: Kommo-o|Kommo-o, L50, F|100/100
|switch|p1b: Incineroar|Incineroar, L50, F|100/100
|switch|p2a: Whimsicott|Whimsicott, L50, F|100/100
|switch|p2b: Gyarados|Gyarados, L50, M|100/100
|-ability|p2b: Gyarados|Intimidate|boost
|-unboost|p1a: Kommo-o|atk|1
|-unboost|p1b: Incineroar|atk|1
|-ability|p1b: Incineroar|Intimidate|boost
|-unboost|p2a: Whimsicott|atk|1
|-unboost|p2b: Gyarados|atk|1
|turn|1
|inactive|gunkqing has 30 seconds left.
|inactive|gunkqing has 20 seconds left.
|
|t:|1756920409
|switch|p1a: Rillaboom|Rillaboom, L50, F|100/100
|-fieldstart|move: Grassy Terrain|[from] ability: Grassy Surge|[of] p1a: Rillaboom
|-terastallize|p2a: Whimsicott|Water
|move|p2a: Whimsicott|Tailwind|p2a: Whimsicott
|-sidestart|p2: Tizio20|move: Tailwind
|move|p2b: Gyarados|Thunder Wave|p1a: Rillaboom
|-status|p1a: Rillaboom|par
|move|p1b: Incineroar|Flare Blitz|p2a: Whimsicott
|-resisted|p2a: Whimsicott
|-damage|p2a: Whimsicott|77/100
|-damage|p1b: Incineroar|94/100|[from] Recoil
|
|-heal|p2a: Whimsicott|83/100|[from] Grassy Terrain
|-heal|p1b: Incineroar|99/100|[from] Grassy Terrain
|upkeep
|turn|2
|
|t:|1756920431
|switch|p2a: Gengar|Gengar, L50, M|100/100
|cant|p1a: Rillaboom|par
|move|p2b: Gyarados|Thunder Wave|p1b: Incineroar
|-status|p1b: Incineroar|par
|cant|p1b: Incineroar|par
|
|-heal|p1b: Incineroar|100/100 par|[from] Grassy Terrain
|upkeep
|turn|3
|
|t:|1756920455
|move|p2a: Gengar|Sludge Bomb|p1a: Rillaboom
|-supereffective|p1a: Rillaboom
|-damage|p1a: Rillaboom|2/100 par
|move|p2b: Gyarados|Waterfall|p1b: Incineroar
|-supereffective|p1b: Incineroar
|-damage|p1b: Incineroar|54/100 par
|move|p1a: Rillaboom|U-turn|p2a: Gengar
|-resisted|p2a: Gengar
|-damage|p2a: Gengar|88/100
|-start|p1a: Rillaboom|Disable|U-turn|[from] ability: Cursed Body|[of] p2a: Gengar
|
|t:|1756920465
|switch|p1a: Kommo-o|Kommo-o, L50, F|100/100|[from] U-turn
|move|p1b: Incineroar|U-turn|p2a: Gengar
|-resisted|p2a: Gengar
|-damage|p2a: Gengar|81/100
|
|t:|1756920473
|switch|p1b: Electabuzz|Electabuzz, L50, M|100/100|[from] U-turn
|
|-heal|p2a: Gengar|87/100|[from] Grassy Terrain
|upkeep
|turn|4
|l|☆Tizio20
|inactive|Tizio20 disconnected and has 300 seconds to reconnect!
|player|p2|
|j|☆Tizio20
|inactive|Tizio20 reconnected and has 50 seconds left.
|player|p2|Tizio20|hilda-wonderlauncher|
|inactive|Tizio20 has 30 seconds left.
|
|t:|1756920506
|switch|p2b: Whimsicott|Whimsicott, L50, F, tera:Water|83/100
|move|p1b: Electabuzz|Follow Me|p1b: Electabuzz
|-singleturn|p1b: Electabuzz|move: Follow Me
|move|p2a: Gengar|Sludge Bomb|p1b: Electabuzz
|-damage|p1b: Electabuzz|67/100
|-status|p1b: Electabuzz|psn
|move|p1a: Kommo-o|Clangorous Soul|p1a: Kommo-o
|-boost|p1a: Kommo-o|atk|1
|-boost|p1a: Kommo-o|def|1
|-boost|p1a: Kommo-o|spa|1
|-boost|p1a: Kommo-o|spd|1
|-boost|p1a: Kommo-o|spe|1
|-damage|p1a: Kommo-o|68/100
|
|-heal|p2a: Gengar|92/100|[from] Grassy Terrain
|-heal|p2b: Whimsicott|89/100|[from] Grassy Terrain
|-heal|p1a: Kommo-o|74/100|[from] Grassy Terrain
|-heal|p1a: Kommo-o|79/100|[from] item: Leftovers
|-heal|p1b: Electabuzz|73/100 psn|[from] Grassy Terrain
|-damage|p1b: Electabuzz|60/100 psn|[from] psn
|-sideend|p2: Tizio20|move: Tailwind
|upkeep
|turn|5
|inactive|gunkqing has 30 seconds left.
|
|t:|1756920534
|move|p2b: Whimsicott|Tailwind|p2b: Whimsicott
|-sidestart|p2: Tizio20|move: Tailwind
|move|p2a: Gengar|Haze|p2a: Gengar
|-clearallboost
|move|p1a: Kommo-o|Clanging Scales|p2a: Gengar|[spread] p2a,p2b
|-damage|p2a: Gengar|24/100
|-damage|p2b: Whimsicott|38/100
|-unboost|p1a: Kommo-o|def|1
|move|p1b: Electabuzz|Thunderbolt|p2b: Whimsicott
|-supereffective|p2b: Whimsicott
|-damage|p2b: Whimsicott|0 fnt
|faint|p2b: Whimsicott
|
|-heal|p2a: Gengar|30/100|[from] Grassy Terrain
|-heal|p1a: Kommo-o|85/100|[from] Grassy Terrain
|-heal|p1a: Kommo-o|91/100|[from] item: Leftovers
|-heal|p1b: Electabuzz|66/100 psn|[from] Grassy Terrain
|-damage|p1b: Electabuzz|54/100 psn|[from] psn
|-fieldend|move: Grassy Terrain
|upkeep
|
|t:|1756920553
|switch|p2b: Ursaluna|Ursaluna-Bloodmoon, L50, M|100/100
|turn|6
|
|t:|1756920575
|switch|p2a: Gyarados|Gyarados, L50, M|100/100
|-ability|p2a: Gyarados|Intimidate|boost
|-unboost|p1a: Kommo-o|atk|1
|-unboost|p1b: Electabuzz|atk|1
|move|p1b: Electabuzz|Follow Me|p1b: Electabuzz
|-singleturn|p1b: Electabuzz|move: Follow Me
|move|p2b: Ursaluna|Earth Power|p1b: Electabuzz
|-supereffective|p1b: Electabuzz
|-damage|p1b: Electabuzz|0 fnt
|faint|p1b: Electabuzz
|-damage|p2b: Ursaluna|90/100|[from] item: Life Orb
|move|p1a: Kommo-o|Clanging Scales|p2a: Gyarados|[spread] p2a,p2b
|-damage|p2a: Gyarados|62/100
|-damage|p2b: Ursaluna|39/100
|-unboost|p1a: Kommo-o|def|1
|
|-heal|p1a: Kommo-o|97/100|[from] item: Leftovers
|upkeep
|
|t:|1756920594
|switch|p1b: Rillaboom|Rillaboom, L50, F|2/100 par
|-fieldstart|move: Grassy Terrain|[from] ability: Grassy Surge|[of] p1b: Rillaboom
|turn|7
|
|t:|1756920616
|cant|p1b: Rillaboom|par
|move|p2a: Gyarados|Taunt|p1a: Kommo-o
|-start|p1a: Kommo-o|move: Taunt
|move|p2b: Ursaluna|Blood Moon|p1a: Kommo-o
|-damage|p1a: Kommo-o|0 fnt
|faint|p1a: Kommo-o
|-damage|p2b: Ursaluna|29/100|[from] item: Life Orb
|
|-heal|p2b: Ursaluna|35/100|[from] Grassy Terrain
|-heal|p1b: Rillaboom|8/100 par|[from] Grassy Terrain
|upkeep
|-message|gunkqing forfeited.
|
|win|Tizio20
||gunkqing is ready for game 3.
||Tizio20 is ready for game 3.
|uhtml|next|Next: Game 3 of 3
|l|☆Tizio20
|player|p2|
