|j|☆Scoseb
|j|☆AceSama(YT)
|html|ScosebAceSama(YT)    
|uhtml|bestof|Game 1 of a best-of-3
|t:|1784661297
|gametype|doubles
|player|p1|Scoseb|brycenman|1294
|player|p2|AceSama(YT)|169|1385
|gen|9
|tier|[Gen 9 Champions] VGC 2026 Reg M-B (Bo3)
|rated|
|rule|Species Clause: Limit one of each Pokémon
|rule|Item Clause: Limit 1 of each item
|clearpoke
|poke|p1|Gholdengo, L50|
|poke|p1|Zoroark-Hisui, L50, F|
|poke|p1|Incineroar, L50, F|
|poke|p1|Whimsicott, L50, M|
|poke|p1|Staraptor, L50, M|
|poke|p1|Garchomp, L50, F|
|poke|p2|Delphox, L50, M|
|poke|p2|Sneasler, L50, M|
|poke|p2|Whimsicott, L50, F|
|poke|p2|Meowscarada, L50, F|
|poke|p2|Milotic, L50, M|
|poke|p2|Farigiraf, L50, M|
|teampreview|4
|showteam|p1|Gholdengo||LifeOrb|GoodasGold|PowerGem,Protect,MakeItRain,ShadowBall|Modest|||||50|]Zoroark-Hisui||FocusSash|Illusion|Taunt,IcyWind,FakeTears,BitterMalice|Timid||F|||50|]Incineroar||SitrusBerry|Intimidate|FakeOut,PartingShot,FlareBlitz,DarkestLariat|Careful||F|||50|]Whimsicott||FairyFeather|Prankster|Moonblast,Tailwind,Charm,Encore|Modest||M|||50|]Staraptor||Staraptite|Reckless|CloseCombat,Protect,BraveBird,Roost|Jolly||M|||50|]Garchomp||Garchompite|RoughSkin|Protect,Earthquake,DragonClaw,RockSlide|Adamant||F|||50|
|showteam|p2|Delphox||Delphoxite|Blaze|HeatWave,Psychic,GrassKnot,Protect|Timid||M|||50|]Sneasler||WhiteHerb|Unburden|DireClaw,CloseCombat,RockSlide,FakeOut|Jolly||M|||50|]Whimsicott||FocusSash|Prankster|SunnyDay,Tailwind,Encore,Moonblast|Timid||F|||50|]Meowscarada||ChoiceScarf|Protean|FlowerTrick,TripleAxel,KnockOff,LowKick|Jolly||F|||50|]Milotic||Leftovers|Competitive|Scald,LifeDew,Protect,IcyWind|Bold||M|||50|]Farigiraf||ColburBerry|ArmorTail|Psychic,Imprison,TrickRoom,HelpingHand|Bold||M|||50|
|inactive|Battle timer is ON: inactive players will automatically lose when time's up. (requested by Scoseb)
|inactive|Scoseb has 60 seconds left.
|inactive|AceSama(YT) has 60 seconds left.
|c|☆AceSama(YT)|good luck
|c|☆Scoseb|you 2 :)
|inactive|Scoseb has 30 seconds left.
|inactive|Scoseb has 20 seconds left.
|inactive|Scoseb has 15 seconds left.
|
|t:|1784661373
|teamsize|p1|4
|teamsize|p2|4
|start
|switch|p1a: Staraptor|Staraptor, L50, M|100/100
|switch|p1b: Gholdengo|Gholdengo, L50|100/100
|switch|p2a: Whimsicott|Whimsicott, L50, F|100/100
|switch|p2b: Milotic|Milotic, L50, M|100/100
|turn|1
|inactive|Scoseb has 30 seconds left.
|inactive|AceSama(YT) has 30 seconds left.
|inactive|Scoseb has 20 seconds left.
|inactive|Scoseb has 15 seconds left.
|inactive|Scoseb has 10 seconds left.
|inactive|Scoseb has 5 seconds left.
|
|t:|1784661423
|move|p2a: Whimsicott|Tailwind|p2a: Whimsicott
|-sidestart|p2: AceSama(YT)|move: Tailwind
|move|p2b: Milotic|Scald|p1a: Staraptor
|-damage|p1a: Staraptor|33/100
|-status|p1a: Staraptor|brn
|replace|p1a: Zoroark|Zoroark-Hisui, L50, F
|-end|p1a: Zoroark|Illusion
|move|p1a: Zoroark|Bitter Malice|p2a: Whimsicott
|-damage|p2a: Whimsicott|38/100
|-unboost|p2a: Whimsicott|atk|1
|move|p1b: Gholdengo|Shadow Ball|p2a: Whimsicott
|-damage|p2a: Whimsicott|0 fnt
|faint|p2a: Whimsicott
|-damage|p1b: Gholdengo|90/100|[from] item: Life Orb
|
|-damage|p1a: Zoroark|27/100 brn|[from] brn
|upkeep
|
|t:|1784661438
|switch|p2a: Delphox|Delphox, L50, M|100/100
|turn|2
|
|t:|1784661451
|detailschange|p2a: Delphox|Delphox-Mega, L50, M
|-mega|p2a: Delphox|Delphox|Delphoxite
|move|p1b: Gholdengo|Protect|p1b: Gholdengo
|-singleturn|p1b: Gholdengo|Protect
|move|p2a: Delphox|Heat Wave|p1a: Zoroark|[spread] p1a
|-activate|p1b: Gholdengo|move: Protect
|-damage|p1a: Zoroark|0 fnt
|faint|p1a: Zoroark
|move|p2b: Milotic|Icy Wind|p1b: Gholdengo
|-activate|p1b: Gholdengo|move: Protect
|
|upkeep
|
|t:|1784661462
|switch|p1a: Whimsicott|Whimsicott, L50, M|100/100
|turn|3
|
|t:|1784661472
|move|p1a: Whimsicott|Tailwind|p1a: Whimsicott
|-sidestart|p1: Scoseb|move: Tailwind
|move|p2a: Delphox|Heat Wave|p1b: Gholdengo|[spread] p1a,p1b
|-supereffective|p1a: Whimsicott|1
|-supereffective|p1b: Gholdengo|1
|-damage|p1a: Whimsicott|0 fnt
|-damage|p1b: Gholdengo|7/100
|faint|p1a: Whimsicott
|move|p1b: Gholdengo|Shadow Ball|p2a: Delphox
|-supereffective|p2a: Delphox|1
|-damage|p2a: Delphox|0 fnt
|faint|p2a: Delphox
|-damage|p1b: Gholdengo|0 fnt|[from] item: Life Orb
|faint|p1b: Gholdengo
|move|p2b: Milotic|Icy Wind|p1: Whimsicott|[notarget]
|-fail|p2b: Milotic
|
|upkeep
|
|t:|1784661485
|switch|p2a: Meowscarada|Meowscarada, L50, F|100/100
|switch|p1b: Staraptor|Staraptor, L50, M|100/100
|turn|4
|
|t:|1784661493
|detailschange|p1b: Staraptor|Staraptor-Mega, L50, M
|-mega|p1b: Staraptor|Staraptor|Staraptite
|move|p1b: Staraptor|Protect|p1b: Staraptor
|-singleturn|p1b: Staraptor|Protect
|move|p2a: Meowscarada|Triple Axel|p1b: Staraptor
|-start|p2a: Meowscarada|typechange|Ice|[from] ability: Protean
|-activate|p1b: Staraptor|move: Protect
|move|p2b: Milotic|Scald|p1b: Staraptor
|-activate|p1b: Staraptor|move: Protect
|
|-sideend|p2: AceSama(YT)|move: Tailwind
|upkeep
|turn|5
|
|t:|1784661505
|move|p1b: Staraptor|Close Combat|p2a: Meowscarada
|-supereffective|p2a: Meowscarada|1
|-damage|p2a: Meowscarada|0 fnt
|-boost|p1b: Staraptor|def|1
|-boost|p1b: Staraptor|spd|1
|faint|p2a: Meowscarada
|move|p2b: Milotic|Scald|p1b: Staraptor
|-damage|p1b: Staraptor|80/100
|
|upkeep
|turn|6
|
|t:|1784661516
|move|p1b: Staraptor|Close Combat|p2b: Milotic
|-damage|p2b: Milotic|52/100
|-boost|p1b: Staraptor|def|1
|-boost|p1b: Staraptor|spd|1
|move|p2b: Milotic|Scald|p1b: Staraptor
|-damage|p1b: Staraptor|64/100
|
|-heal|p2b: Milotic|58/100|[from] item: Leftovers
|-sideend|p1: Scoseb|move: Tailwind
|upkeep
|turn|7
|
|t:|1784661525
|move|p2b: Milotic|Protect|p2b: Milotic
|-singleturn|p2b: Milotic|Protect
|move|p1b: Staraptor|Close Combat|p2b: Milotic
|-activate|p2b: Milotic|move: Protect
|
|-heal|p2b: Milotic|64/100|[from] item: Leftovers
|upkeep
|turn|8
|
|t:|1784661535
|move|p1b: Staraptor|Close Combat|p2b: Milotic
|-damage|p2b: Milotic|14/100
|-boost|p1b: Staraptor|def|1
|-boost|p1b: Staraptor|spd|1
|move|p2b: Milotic|Life Dew|p2b: Milotic
|-heal|p2b: Milotic|40/100
|
|-heal|p2b: Milotic|46/100|[from] item: Leftovers
|upkeep
|turn|9
|-message|AceSama(YT) forfeited.
|
|win|Scoseb
|l|☆AceSama(YT)
|player|p2|
||AceSama(YT) is ready for game 2.
||Scoseb is ready for game 2.
|uhtml|next|Next: Game 2 of 3
