|j|☆Tinged
|j|☆GubGubFan
|html|TingedGubGubFan    
|uhtml|bestof|Game 1 of a best-of-3
|t:|1757736368
|gametype|doubles
|player|p1|Tinged|pokemaniac|
|player|p2|GubGubFan|baoba|
|gen|9
|tier|[Gen 9] VGC 2025 Reg H (Bo3)
|rule|Species Clause: Limit one of each Pokémon
|rule|Item Clause: Limit 1 of each item
|clearpoke
|poke|p1|Ursaluna, L50, F|
|poke|p1|Charizard, L50, F|
|poke|p1|Torkoal, L50, M|
|poke|p1|Exeggutor-Alola, L50, M|
|poke|p1|Sneasler, L50, F|
|poke|p1|Kingambit, L50, M|
|poke|p2|Tyranitar, L50, F|
|poke|p2|Excadrill, L50, M|
|poke|p2|Basculegion, L50, M|
|poke|p2|Volcarona, L50, F|
|poke|p2|Dragonite, L50, M|
|poke|p2|Magmar, L50, F|
|teampreview|4
|showteam|p1|Ursaluna||FlameOrb|Guts|HeadlongRush,Facade,Protect,CloseCombat|||F|||50|,,,,,Ghost]Charizard||ChoiceScarf|SolarPower|HeatWave,WeatherBall,AirSlash,ScorchingSands|||F|||50|,,,,,Fire]Torkoal||SafetyGoggles|Drought|Eruption,Protect,HelpingHand,Flamethrower|||M|||50|,,,,,Fire]Exeggutor-Alola||SitrusBerry|Harvest|TrickRoom,Protect,DragonPulse,GigaDrain|||M|||50|,,,,,Ghost]Sneasler||WhiteHerb|Unburden|CloseCombat,DireClaw,FakeOut,Protect|||F|||50|,,,,,Fighting]Kingambit||AssaultVest|Defiant|KowtowCleave,SuckerPunch,IronHead,LowKick|||M|||50|,,,,,Fairy
|showteam|p2|Tyranitar||AssaultVest|SandStream|RockSlide,KnockOff,LowKick,TeraBlast|||F|||50|,,,,,Flying]Excadrill||FocusSash|SandRush|Earthquake,HighHorsepower,IronHead,Protect|||M|||50|,,,,,Ground]Basculegion||ChoiceScarf|Adaptability|WaveCrash,FlipTurn,AquaJet,LastRespects|||M|||50|,,,,,Grass]Volcarona||Leftovers|FlameBody|HeatWave,QuiverDance,TeraBlast,Protect|||F|||50|,,,,,Fairy]Dragonite||LoadedDice|Multiscale|Protect,Tailwind,ScaleShot,Haze|||M|||50|,,,,,Fairy]Magmar||Eviolite|VitalSpirit|FollowMe,Taunt,HeatWave,WillOWisp|||F|||50|,,,,,Grass
|
|t:|1757736421
|teamsize|p1|4
|teamsize|p2|4
|start
|switch|p1a: Exeggutor|Exeggutor-Alola, L50, M|100/100
|switch|p1b: Sneasler|Sneasler, L50, F|100/100
|switch|p2a: Magmar|Magmar, L50, F|100/100
|switch|p2b: Dragonite|Dragonite, L50, M|100/100
|turn|1
|
|t:|1757736464
|-terastallize|p1a: Exeggutor|Ghost
|move|p1b: Sneasler|Fake Out|p2a: Magmar
|-damage|p2a: Magmar|88/100
|cant|p2a: Magmar|flinch
|move|p2b: Dragonite|Scale Shot|p1a: Exeggutor|[miss]
|-miss|p2b: Dragonite|p1a: Exeggutor
|move|p1a: Exeggutor|Trick Room|p1a: Exeggutor
|-fieldstart|move: Trick Room|[of] p1a: Exeggutor
|
|upkeep
|turn|2
|
|t:|1757736482
|move|p1a: Exeggutor|Protect|p1a: Exeggutor
|-singleturn|p1a: Exeggutor|Protect
|move|p2b: Dragonite|Protect|p2b: Dragonite
|-singleturn|p2b: Dragonite|Protect
|move|p2a: Magmar|Heat Wave|p1b: Sneasler|[spread] p1b
|-activate|p1a: Exeggutor|move: Protect
|-damage|p1b: Sneasler|66/100
|move|p1b: Sneasler|Dire Claw|p2b: Dragonite
|-activate|p2b: Dragonite|move: Protect
|
|upkeep
|turn|3
|
|t:|1757736499
|move|p1a: Exeggutor|Dragon Pulse|p2b: Dragonite
|-supereffective|p2b: Dragonite
|-damage|p2b: Dragonite|48/100
|move|p2b: Dragonite|Scale Shot|p1a: Exeggutor
|-damage|p1a: Exeggutor|85/100
|-damage|p1a: Exeggutor|67/100
|-damage|p1a: Exeggutor|50/100
|-enditem|p1a: Exeggutor|Sitrus Berry|[eat]
|-heal|p1a: Exeggutor|75/100|[from] item: Sitrus Berry
|-damage|p1a: Exeggutor|58/100
|-hitcount|p1a: Exeggutor|4
|-unboost|p2b: Dragonite|def|1
|-boost|p2b: Dragonite|spe|1
|move|p2a: Magmar|Heat Wave|p1a: Exeggutor|[spread] p1a,p1b
|-damage|p1a: Exeggutor|32/100
|-damage|p1b: Sneasler|31/100
|move|p1b: Sneasler|Dire Claw|p2b: Dragonite
|-damage|p2b: Dragonite|0 fnt
|faint|p2b: Dragonite
|
|-item|p1a: Exeggutor|Sitrus Berry|[from] ability: Harvest
|upkeep
|-enditem|p1a: Exeggutor|Sitrus Berry|[eat]
|-heal|p1a: Exeggutor|57/100|[from] item: Sitrus Berry
|
|t:|1757736527
|switch|p2b: Tyranitar|Tyranitar, L50, F|100/100
|-weather|Sandstorm|[from] ability: Sand Stream|[of] p2b: Tyranitar
|turn|4
|
|t:|1757736561
|switch|p1b: Torkoal|Torkoal, L50, M|100/100
|-weather|SunnyDay|[from] ability: Drought|[of] p1b: Torkoal
|move|p1a: Exeggutor|Giga Drain|p2b: Tyranitar
|-supereffective|p2b: Tyranitar
|-damage|p2b: Tyranitar|50/100
|-heal|p1a: Exeggutor|85/100|[from] drain|[of] p2b: Tyranitar
|move|p2b: Tyranitar|Rock Slide|p1b: Torkoal|[spread] p1a,p1b
|-supereffective|p1b: Torkoal
|-damage|p1a: Exeggutor|47/100
|-damage|p1b: Torkoal|48/100
|move|p2a: Magmar|Heat Wave|p1a: Exeggutor|[spread] p1a,p1b
|-resisted|p1b: Torkoal
|-damage|p1a: Exeggutor|12/100
|-damage|p1b: Torkoal|27/100
|
|-weather|SunnyDay|[upkeep]
|-item|p1a: Exeggutor|Sitrus Berry|[from] ability: Harvest
|upkeep
|-enditem|p1a: Exeggutor|Sitrus Berry|[eat]
|-heal|p1a: Exeggutor|37/100|[from] item: Sitrus Berry
|turn|5
|
|t:|1757736623
|-terastallize|p2b: Tyranitar|Flying
|move|p1b: Torkoal|Helping Hand|p1a: Exeggutor
|-singleturn|p1a: Exeggutor|Helping Hand|[of] p1b: Torkoal
|move|p1a: Exeggutor|Dragon Pulse|p2b: Tyranitar
|-damage|p2b: Tyranitar|9/100
|move|p2b: Tyranitar|Rock Slide|p1a: Exeggutor|[spread] p1a,p1b
|-supereffective|p1b: Torkoal
|-damage|p1a: Exeggutor|4/100
|-damage|p1b: Torkoal|0 fnt
|faint|p1b: Torkoal
|move|p2a: Magmar|Heat Wave|p1a: Exeggutor
|-damage|p1a: Exeggutor|0 fnt
|faint|p1a: Exeggutor
|
|-weather|SunnyDay|[upkeep]
|-fieldend|move: Trick Room
|upkeep
|
|t:|1757736635
|switch|p1a: Sneasler|Sneasler, L50, F|31/100
|switch|p1b: Ursaluna|Ursaluna, L50, F|100/100
|turn|6
|
|t:|1757736668
|move|p1a: Sneasler|Fake Out|p2b: Tyranitar
|-damage|p2b: Tyranitar|0 fnt
|faint|p2b: Tyranitar
|move|p2a: Magmar|Heat Wave|p1b: Ursaluna|[spread] p1a,p1b
|-damage|p1a: Sneasler|0 fnt
|-damage|p1b: Ursaluna|68/100
|faint|p1a: Sneasler
|move|p1b: Ursaluna|Facade|p2a: Magmar
|-damage|p2a: Magmar|56/100
|
|-weather|SunnyDay|[upkeep]
|-status|p1b: Ursaluna|brn|[from] item: Flame Orb
|upkeep
|
|t:|1757736677
|switch|p2b: Basculegion|Basculegion, L50, M|100/100
|turn|7
|
|t:|1757736685
|move|p2b: Basculegion|Wave Crash|p1b: Ursaluna
|-supereffective|p1b: Ursaluna
|-damage|p1b: Ursaluna|5/100 brn
|-damage|p2b: Basculegion|79/100|[from] Recoil
|move|p2a: Magmar|Heat Wave|p1b: Ursaluna
|-damage|p1b: Ursaluna|0 fnt
|faint|p1b: Ursaluna
|
|win|GubGubFan
||Tinged is ready for game 2.
||GubGubFan is ready for game 2.
|uhtml|next|Next: Game 2 of 3
