|j|☆Money03
|j|☆magic 561
|html|Money03magic 561    
|uhtml|bestof|Game 3 of a best-of-3
|t:|1755633705
|gametype|doubles
|player|p1|Money03|wattson|1195
|player|p2|magic 561|266|1325
|gen|9
|tier|[Gen 9] VGC 2025 Reg H (Bo3)
|rated|
|rule|Species Clause: Limit one of each Pokémon
|rule|Item Clause: Limit 1 of each item
|clearpoke
|poke|p1|Volcarona, L50, F|
|poke|p1|Rillaboom, L50, F|
|poke|p1|Electabuzz, L50, M|
|poke|p1|Dragonite, L50, M|
|poke|p1|Kingambit, L50, F|
|poke|p1|Sneasler, L50, M|
|poke|p2|Hydreigon, L50, M|
|poke|p2|Metagross, L50|
|poke|p2|Ninetales-Alola, L50, M|
|poke|p2|Basculegion, L50, M|
|poke|p2|Kilowattrel, L50, F|
|poke|p2|Incineroar, L50, M|
|teampreview|4
|showteam|p1|Volcarona||Leftovers|FlameBody|HeatWave,TeraBlast,QuiverDance,Protect|||F|||50|,,,,,Fairy]Rillaboom||AssaultVest|GrassySurge|WoodHammer,GrassyGlide,HighHorsepower,FakeOut|||F|||50|,,,,,Fire]Electabuzz||Eviolite|VitalSpirit|Thunderbolt,FollowMe,Taunt,Protect|||M|||50|,,,,,Ghost]Dragonite||LoadedDice|Multiscale|ScaleShot,ExtremeSpeed,Haze,Protect|||M|||50|,,,,,Steel]Kingambit||BlackGlasses|Defiant|KowtowCleave,SuckerPunch,SwordsDance,Protect|||F|||50|,,,,,Dark]Sneasler||FocusSash|Unburden|CloseCombat,DireClaw,Coaching,Protect|||M|||50|,,,,,Stellar
|showteam|p2|Hydreigon||LifeOrb|Levitate|DarkPulse,DracoMeteor,EarthPower,Protect|||M|||50|,,,,,Poison]Metagross||AssaultVest|ClearBody|BulletPunch,HeavySlam,PsychicFangs,HammerArm||||||50|,,,,,Water]Ninetales-Alola||NeverMeltIce|SnowWarning|Moonblast,IcyWind,Blizzard,Protect|||M|||50|,,,,,Ice]Basculegion||ChoiceScarf|Adaptability|WaveCrash,LastRespects,AquaJet,FlipTurn|||M|||50|,,,,,Grass]Kilowattrel||FocusSash|Competitive|Thunderbolt,AirSlash,Tailwind,Protect|||F|||50|,,,,,Ghost]Incineroar||SafetyGoggles|Intimidate|KnockOff,FlareBlitz,PartingShot,FakeOut|||M|||50|,,,,,Ghost
|inactive|Battle timer is ON: inactive players will automatically lose when time's up. (requested by magic 561)
|inactive|magic 561 has 60 seconds left.
|
|t:|1755633739
|teamsize|p1|4
|teamsize|p2|4
|start
|switch|p1a: Dragonite|Dragonite, L50, M|100/100
|switch|p1b: Rillaboom|Rillaboom, L50, F|100/100
|switch|p2a: Basculegion|Basculegion, L50, M|100/100
|switch|p2b: Kilowattrel|Kilowattrel, L50, F|100/100
|-fieldstart|move: Grassy Terrain|[from] ability: Grassy Surge|[of] p1b: Rillaboom
|turn|1
|inactive|Money03 has 30 seconds left.
|
|t:|1755633772
|switch|p2b: Incineroar|Incineroar, L50, M|100/100
|-ability|p2b: Incineroar|Intimidate|boost
|-unboost|p1a: Dragonite|atk|1
|-unboost|p1b: Rillaboom|atk|1
|move|p1b: Rillaboom|Grassy Glide|p2a: Basculegion
|-supereffective|p2a: Basculegion
|-damage|p2a: Basculegion|36/100
|move|p2a: Basculegion|Flip Turn|p1a: Dragonite
|-resisted|p1a: Dragonite
|-damage|p1a: Dragonite|89/100
|
|t:|1755633791
|switch|p2a: Kilowattrel|Kilowattrel, L50, F|100/100|[from] Flip Turn
|move|p1a: Dragonite|Scale Shot|p2b: Incineroar
|-damage|p2b: Incineroar|91/100
|-damage|p2b: Incineroar|83/100
|-damage|p2b: Incineroar|74/100
|-damage|p2b: Incineroar|64/100
|-hitcount|p2b: Incineroar|4
|-unboost|p1a: Dragonite|def|1
|-boost|p1a: Dragonite|spe|1
|
|-heal|p2b: Incineroar|70/100|[from] Grassy Terrain
|upkeep
|turn|2
|inactive|Money03 has 30 seconds left.
|inactive|Money03 has 20 seconds left.
|inactive|Money03 has 15 seconds left.
|inactive|Money03 has 10 seconds left.
|
|t:|1755633840
|move|p1a: Dragonite|Protect|p1a: Dragonite
|-singleturn|p1a: Dragonite|Protect
|move|p2b: Incineroar|Fake Out|p1a: Dragonite
|-activate|p1a: Dragonite|move: Protect
|move|p2a: Kilowattrel|Tailwind|p2a: Kilowattrel
|-sidestart|p2: magic 561|move: Tailwind
|move|p1b: Rillaboom|High Horsepower|p2b: Incineroar|[miss]
|-miss|p1b: Rillaboom|p2b: Incineroar
|
|-heal|p2b: Incineroar|76/100|[from] Grassy Terrain
|upkeep
|turn|3
|inactive|Money03 has 30 seconds left.
|inactive|magic 561 has 30 seconds left.
|inactive|Money03 has 20 seconds left.
|inactive|Money03 has 15 seconds left.
|
|t:|1755633882
|switch|p1a: Kingambit|Kingambit, L50, F|100/100
|switch|p1b: Sneasler|Sneasler, L50, M|100/100
|move|p2a: Kilowattrel|Thunderbolt|p1a: Kingambit
|-damage|p1a: Kingambit|57/100
|-status|p1a: Kingambit|par
|move|p2b: Incineroar|Knock Off|p1a: Kingambit
|-resisted|p1a: Kingambit
|-damage|p1a: Kingambit|42/100 par
|-enditem|p1a: Kingambit|Black Glasses|[from] move: Knock Off|[of] p2b: Incineroar
|
|-heal|p2b: Incineroar|82/100|[from] Grassy Terrain
|-heal|p1a: Kingambit|48/100 par|[from] Grassy Terrain
|upkeep
|turn|4
|inactive|Money03 has 30 seconds left.
|inactive|magic 561 has 30 seconds left.
|inactive|Money03 has 20 seconds left.
|inactive|magic 561 has 20 seconds left.
|inactive|Money03 has 15 seconds left.
|inactive|magic 561 has 15 seconds left.
|inactive|Money03 has 10 seconds left.
|
|t:|1755633927
|switch|p2b: Basculegion|Basculegion, L50, M|36/100
|move|p2a: Kilowattrel|Air Slash|p1b: Sneasler
|-supereffective|p1b: Sneasler
|-damage|p1b: Sneasler|10/100
|move|p1b: Sneasler|Close Combat|p2b: Basculegion
|-immune|p2b: Basculegion
|move|p1a: Kingambit|Kowtow Cleave|p2b: Basculegion
|-supereffective|p2b: Basculegion
|-damage|p2b: Basculegion|0 fnt
|faint|p2b: Basculegion
|
|-heal|p1b: Sneasler|16/100|[from] Grassy Terrain
|-heal|p1a: Kingambit|54/100 par|[from] Grassy Terrain
|upkeep
|
|t:|1755633933
|switch|p2b: Adel|Hydreigon, L50, M|100/100
|turn|5
|inactive|Money03 has 30 seconds left.
|inactive|magic 561 has 30 seconds left.
|
|t:|1755633962
|move|p1b: Sneasler|Protect|p1b: Sneasler
|-singleturn|p1b: Sneasler|Protect
|move|p1a: Kingambit|Sucker Punch|p2a: Kilowattrel
|-damage|p2a: Kilowattrel|30/100
|move|p2a: Kilowattrel|Thunderbolt|p1b: Sneasler
|-activate|p1b: Sneasler|move: Protect
|move|p2b: Adel|Earth Power|p1a: Kingambit
|-supereffective|p1a: Kingambit
|-damage|p1a: Kingambit|0 fnt
|faint|p1a: Kingambit
|-damage|p2b: Adel|91/100|[from] item: Life Orb
|
|-heal|p1b: Sneasler|22/100|[from] Grassy Terrain
|-sideend|p2: magic 561|move: Tailwind
|-fieldend|move: Grassy Terrain
|upkeep
|
|t:|1755633979
|switch|p1a: Dragonite|Dragonite, L50, M|89/100
|turn|6
|inactive|Money03 has 30 seconds left.
|inactive|magic 561 has 30 seconds left.
|
|t:|1755634013
|-terastallize|p1a: Dragonite|Steel
|move|p2a: Kilowattrel|Protect|p2a: Kilowattrel
|-singleturn|p2a: Kilowattrel|Protect
|move|p2b: Adel|Protect|p2b: Adel
|-singleturn|p2b: Adel|Protect
|move|p1b: Sneasler|Dire Claw|p2a: Kilowattrel
|-activate|p2a: Kilowattrel|move: Protect
|move|p1a: Dragonite|Scale Shot|p2b: Adel
|-activate|p2b: Adel|move: Protect
|
|upkeep
|turn|7
|inactive|Money03 has 30 seconds left.
|inactive|Money03 has 20 seconds left.
|
|t:|1755634051
|-terastallize|p2b: Adel|Poison
|move|p2a: Kilowattrel|Thunderbolt|p1b: Sneasler
|-damage|p1b: Sneasler|0 fnt
|faint|p1b: Sneasler
|move|p2b: Adel|Earth Power|p1a: Dragonite
|-supereffective|p1a: Dragonite
|-damage|p1a: Dragonite|0 fnt
|faint|p1a: Dragonite
|-damage|p2b: Adel|81/100|[from] item: Life Orb
|
|upkeep
|c|☆magic 561|gg wp
|
|t:|1755634061
|switch|p1b: Rillaboom|Rillaboom, L50, F|100/100
|-fieldstart|move: Grassy Terrain|[from] ability: Grassy Surge|[of] p1b: Rillaboom
|turn|8
|inactive|Money03 has 30 seconds left.
|inactive|Money03 has 20 seconds left.
|inactive|Money03 has 15 seconds left.
|inactive|Money03 has 10 seconds left.
|inactive|Money03 has 5 seconds left.
|
|t:|1755634116
|move|p2a: Kilowattrel|Protect|p2a: Kilowattrel
|-singleturn|p2a: Kilowattrel|Protect
|move|p2b: Adel|Protect|p2b: Adel
|-singleturn|p2b: Adel|Protect
|move|p1b: Rillaboom|Wood Hammer|p2a: Kilowattrel
|-activate|p2a: Kilowattrel|move: Protect
|
|upkeep
|turn|9
|
|t:|1755634135
|move|p1b: Rillaboom|Grassy Glide|p2a: Kilowattrel
|-resisted|p2a: Kilowattrel
|-damage|p2a: Kilowattrel|0 fnt
|faint|p2a: Kilowattrel
|move|p2b: Adel|Dark Pulse|p1b: Rillaboom
|-crit|p1b: Rillaboom
|-damage|p1b: Rillaboom|46/100
|-damage|p2b: Adel|72/100|[from] item: Life Orb
|
|-heal|p1b: Rillaboom|52/100|[from] Grassy Terrain
|upkeep
|
|t:|1755634142
|switch|p2a: Incineroar|Incineroar, L50, M|82/100
|-ability|p2a: Incineroar|Intimidate|boost
|-unboost|p1b: Rillaboom|atk|1
|turn|10
|
|t:|1755634149
|move|p2a: Incineroar|Fake Out|p1b: Rillaboom
|-damage|p1b: Rillaboom|41/100
|move|p2b: Adel|Dark Pulse|p1b: Rillaboom
|-damage|p1b: Rillaboom|6/100
|-damage|p2b: Adel|62/100|[from] item: Life Orb
|cant|p1b: Rillaboom|flinch
|
|-heal|p1b: Rillaboom|12/100|[from] Grassy Terrain
|-heal|p2a: Incineroar|88/100|[from] Grassy Terrain
|upkeep
|turn|11
|
|t:|1755634161
|move|p1b: Rillaboom|Grassy Glide|p2b: Adel
|-resisted|p2b: Adel
|-damage|p2b: Adel|49/100
|move|p2b: Adel|Dark Pulse|p1b: Rillaboom
|-damage|p1b: Rillaboom|0 fnt
|faint|p1b: Rillaboom
|-damage|p2b: Adel|39/100|[from] item: Life Orb
|
|win|magic 561
|raw|Money03's rating: 1195 → 1179(-16 for losing)
|raw|magic 561's rating: 1325 → 1338(+13 for winning)
|c|☆Money03|gg
|c|☆magic 561|gg wp
|l|☆magic 561
|player|p2|
