|j|☆Terra95
|j|☆Randompanda2
|html|Terra95Randompanda2    
|uhtml|bestof|Game 1 of a best-of-3
|t:|1783696164
|gametype|doubles
|player|p1|Terra95|102|
|player|p2|Randompanda2|giovanni|
|gen|9
|tier|[Gen 9 Champions] VGC 2026 Reg M-B (Bo3)
|rule|Species Clause: Limit one of each Pokémon
|rule|Item Clause: Limit 1 of each item
|clearpoke
|poke|p1|Metagross, L50, shiny|
|poke|p1|Grimmsnarl, L50, M|
|poke|p1|Clefable, L50, F|
|poke|p1|Gourgeist-Super, L50, M|
|poke|p1|Gengar, L50, F|
|poke|p1|Slowbro, L50, F|
|poke|p2|Gardevoir, L50, M|
|poke|p2|Scizor, L50, M|
|poke|p2|Ditto, L50|
|poke|p2|Gyarados, L50, F|
|poke|p2|Umbreon, L50, F|
|poke|p2|Chandelure, L50, F|
|teampreview|4
|showteam|p1|Metagross||Metagrossite|ClearBody|Earthquake,BulletPunch,ZenHeadbutt,ThunderPunch|Adamant|||||50|]Grimmsnarl||LightClay|Prankster|LightScreen,Reflect,SpiritBreak,Taunt|Careful||M|||50|]Clefable||Leftovers|MagicGuard|CosmicPower,StoredPower,Wish,Protect|Bold||F|||50|]Gourgeist-Super||QuickClaw|Frisk|WillOWisp,FoulPlay,Protect,LeechSeed|Impish||M|||50|]Gengar||FocusSash|CursedBody|ShadowBall,SludgeBomb,Thunderbolt,FocusBlast|Timid||F|||50|]Slowbro||SitrusBerry|Regenerator|Flamethrower,Scald,SlackOff,Protect|Bold||F|||50|
|showteam|p2|Gardevoir||Gardevoirite|Synchronize|DrainingKiss,HyperVoice,Psychic,Protect|Timid||M|||50|]Scizor||LifeOrb|Technician|SwordsDance,BulletPunch,BugBite,DualWingbeat|Adamant||M|||50|]Ditto||ChoiceScarf|Imposter|Transform|Bold|||||50|]Gyarados||FocusSash|Intimidate|DragonDance,Earthquake,Waterfall,Outrage|Adamant||F|||50|]Umbreon||Leftovers|Synchronize|FoulPlay,Moonlight,Toxic,Reflect|Calm||F|||50|]Chandelure||ExpertBelt|FlashFire|Flamethrower,Curse,Hex,Trailblaze|Hasty||F|||50|
|j| Jabby Wabby
|
|t:|1783696217
|teamsize|p1|4
|teamsize|p2|4
|start
|switch|p1a: Grimmsnarl|Grimmsnarl, L50, M|100/100
|switch|p1b: Metagross|Metagross, L50, shiny|100/100
|switch|p2a: Chandelure|Chandelure, L50, F|100/100
|switch|p2b: Ditto|Ditto, L50|100/100
|-transform|p2b: Ditto|p1a: Grimmsnarl|[from] ability: Imposter
|turn|1
|c| Jabby Wabby|:popcorn:
|
|t:|1783696241
|detailschange|p1b: Metagross|Metagross-Mega, L50, shiny
|-mega|p1b: Metagross|Metagross|Metagrossite
|move|p2b: Ditto|Reflect|p2b: Ditto
|-sidestart|p2: Randompanda2|Reflect
|move|p1a: Grimmsnarl|Light Screen|p1a: Grimmsnarl
|-sidestart|p1: Terra95|move: Light Screen
|move|p2a: Chandelure|Flamethrower|p1b: Metagross
|-supereffective|p1b: Metagross|1
|-damage|p1b: Metagross|26/100
|move|p1b: Metagross|Earthquake|p2b: Ditto|[spread] p1a,p2a,p2b
|-supereffective|p2a: Chandelure|1
|-damage|p1a: Grimmsnarl|59/100
|-damage|p2a: Chandelure|28/100
|-damage|p2b: Ditto|69/100
|
|upkeep
|turn|2
|
|t:|1783696260
|switch|p2b: Gyarados|Gyarados, L50, F|100/100
|-ability|p2b: Gyarados|Intimidate|boost
|-unboost|p1a: Grimmsnarl|atk|1
|-unboost|p1b: Metagross|atk|1
|move|p1b: Metagross|Bullet Punch|p2b: Gyarados
|-resisted|p2b: Gyarados|1
|-damage|p2b: Gyarados|90/100
|move|p1a: Grimmsnarl|Reflect|p1a: Grimmsnarl
|-sidestart|p1: Terra95|Reflect
|move|p2a: Chandelure|Flamethrower|p1b: Metagross
|-supereffective|p1b: Metagross|1
|-damage|p1b: Metagross|0 fnt
|faint|p1b: Metagross
|
|upkeep
|
|t:|1783696274
|switch|p1b: Clefable|Clefable, L50, F|100/100
|turn|3
|j| Renki134
|
|t:|1783696294
|move|p1a: Grimmsnarl|Taunt|p2b: Gyarados
|-start|p2b: Gyarados|move: Taunt
|move|p2a: Chandelure|Curse|p1a: Grimmsnarl
|-start|p1a: Grimmsnarl|Curse|[of] p2a: Chandelure
|-damage|p2a: Chandelure|0 fnt
|faint|p2a: Chandelure
|move|p2b: Gyarados|Earthquake|p1a: Grimmsnarl|[spread] p1a,p1b
|-damage|p1a: Grimmsnarl|39/100
|-damage|p1b: Clefable|85/100
|move|p1b: Clefable|Cosmic Power|p1b: Clefable
|-boost|p1b: Clefable|def|1
|-boost|p1b: Clefable|spd|1
|
|-heal|p1b: Clefable|91/100|[from] item: Leftovers
|-damage|p1a: Grimmsnarl|14/100|[from] Curse
|upkeep
|
|t:|1783696315
|switch|p2a: Ditto|Ditto, L50|69/100
|-transform|p2a: Ditto|p1b: Clefable|[from] ability: Imposter
|turn|4
|
|t:|1783696332
|move|p1a: Grimmsnarl|Taunt|p2a: Ditto
|-start|p2a: Ditto|move: Taunt
|move|p2b: Gyarados|Earthquake|p1a: Grimmsnarl|[spread] p2a,p1a,p1b
|-damage|p2a: Ditto|55/100
|-damage|p1a: Grimmsnarl|0 fnt
|-damage|p1b: Clefable|82/100
|faint|p1a: Grimmsnarl
|cant|p2a: Ditto|move: Taunt|Wish
|move|p1b: Clefable|Cosmic Power|p1b: Clefable
|-boost|p1b: Clefable|def|1
|-boost|p1b: Clefable|spd|1
|
|-heal|p1b: Clefable|88/100|[from] item: Leftovers
|upkeep
|
|t:|1783696343
|switch|p1a: Gourgeist|Gourgeist-Super, L50, M|100/100
|-item|p2a: Ditto|Choice Scarf|[from] ability: Frisk|[of] p1a: Gourgeist
|-item|p2b: Gyarados|Focus Sash|[from] ability: Frisk|[of] p1a: Gourgeist
|turn|5
|
|t:|1783696361
|switch|p2a: Umbreon|Umbreon, L50, F|100/100
|move|p2b: Gyarados|Waterfall|p1b: Clefable
|-damage|p1b: Clefable|75/100
|move|p1b: Clefable|Cosmic Power|p1b: Clefable
|-boost|p1b: Clefable|def|1
|-boost|p1b: Clefable|spd|1
|move|p1a: Gourgeist|Will-O-Wisp|p2b: Gyarados
|-status|p2b: Gyarados|brn
|
|-heal|p1b: Clefable|81/100|[from] item: Leftovers
|-damage|p2b: Gyarados|84/100 brn|[from] brn
|-end|p2b: Gyarados|move: Taunt
|-sideend|p2: Randompanda2|Reflect
|upkeep
|turn|6
|-activate|p1a: Gourgeist|item: Quick Claw
|
|t:|1783696390
|move|p1a: Gourgeist|Leech Seed|p2a: Umbreon
|-start|p2a: Umbreon|move: Leech Seed
|move|p2b: Gyarados|Dragon Dance|p2b: Gyarados
|-boost|p2b: Gyarados|atk|1
|-boost|p2b: Gyarados|spe|1
|move|p2a: Umbreon|Toxic|p1a: Gourgeist
|-status|p1a: Gourgeist|tox
|move|p1b: Clefable|Cosmic Power|p1b: Clefable
|-boost|p1b: Clefable|def|1
|-boost|p1b: Clefable|spd|1
|
|-heal|p1b: Clefable|87/100|[from] item: Leftovers
|-damage|p2a: Umbreon|87/100|[from] Leech Seed|[of] p1a: Gourgeist
|-damage|p1a: Gourgeist|93/100 tox|[from] psn
|-damage|p2b: Gyarados|78/100 brn|[from] brn
|upkeep
|turn|7
|
|t:|1783696412
|switch|p2a: Ditto|Ditto, L50|55/100
|-transform|p2a: Ditto|p1b: Clefable|[from] ability: Imposter
|move|p2b: Gyarados|Dragon Dance|p2b: Gyarados
|-boost|p2b: Gyarados|atk|1
|-boost|p2b: Gyarados|spe|1
|move|p1b: Clefable|Stored Power|p2a: Ditto
|-damage|p2a: Ditto|40/100
|move|p1a: Gourgeist|Leech Seed|p2b: Gyarados
|-start|p2b: Gyarados|move: Leech Seed
|
|-heal|p1b: Clefable|93/100|[from] item: Leftovers
|-damage|p2b: Gyarados|66/100 brn|[from] Leech Seed|[of] p1a: Gourgeist
|-heal|p1a: Gourgeist|100/100 tox|[silent]
|-damage|p1a: Gourgeist|87/100 tox|[from] psn
|-damage|p2b: Gyarados|60/100 brn|[from] brn
|upkeep
|turn|8
|
|t:|1783696433
|move|p2b: Gyarados|Dragon Dance|p2b: Gyarados
|-boost|p2b: Gyarados|atk|1
|-boost|p2b: Gyarados|spe|1
|move|p2a: Ditto|Wish|p2a: Ditto
|move|p1b: Clefable|Stored Power|p2a: Ditto
|-damage|p2a: Ditto|21/100
|move|p1a: Gourgeist|Will-O-Wisp|p2a: Ditto
|-status|p2a: Ditto|brn
|
|-heal|p1b: Clefable|99/100|[from] item: Leftovers
|-damage|p2b: Gyarados|47/100 brn|[from] Leech Seed|[of] p1a: Gourgeist
|-heal|p1a: Gourgeist|98/100 tox|[silent]
|-damage|p1a: Gourgeist|79/100 tox|[from] psn
|-damage|p2b: Gyarados|42/100 brn|[from] brn
|-sideend|p1: Terra95|move: Light Screen
|upkeep
|turn|9
|
|t:|1783696459
|switch|p2a: Umbreon|Umbreon, L50, F|87/100
|move|p2b: Gyarados|Earthquake|p1a: Gourgeist|[spread] p2a,p1a,p1b
|-resisted|p1a: Gourgeist|1
|-crit|p1a: Gourgeist
|-damage|p2a: Umbreon|61/100
|-damage|p1a: Gourgeist|65/100 tox
|-damage|p1b: Clefable|93/100
|move|p1b: Clefable|Stored Power|p2a: Umbreon
|-immune|p2a: Umbreon
|move|p1a: Gourgeist|Leech Seed|p2a: Umbreon
|-start|p2a: Umbreon|move: Leech Seed
|
|-heal|p2a: Umbreon|99/100|[from] move: Wish|[wisher] Ditto
|-heal|p2a: Umbreon|100/100|[from] item: Leftovers
|-heal|p1b: Clefable|99/100|[from] item: Leftovers
|-damage|p2b: Gyarados|29/100 brn|[from] Leech Seed|[of] p1a: Gourgeist
|-heal|p1a: Gourgeist|76/100 tox|[silent]
|-damage|p2a: Umbreon|87/100|[from] Leech Seed|[of] p1a: Gourgeist
|-heal|p1a: Gourgeist|89/100 tox|[silent]
|-damage|p1a: Gourgeist|64/100 tox|[from] psn
|-damage|p2b: Gyarados|23/100 brn|[from] brn
|-sideend|p1: Terra95|Reflect
|upkeep
|turn|10
|
|t:|1783696496
|switch|p2b: Ditto|Ditto, L50|21/100 brn
|-transform|p2b: Ditto|p1a: Gourgeist|[from] ability: Imposter
|-item|p1a: Gourgeist|Quick Claw|[from] ability: Frisk|[of] p2b: Ditto
|-item|p1b: Clefable|Leftovers|[from] ability: Frisk|[of] p2b: Ditto
|move|p2a: Umbreon|Foul Play|p1a: Gourgeist
|-supereffective|p1a: Gourgeist|1
|-damage|p1a: Gourgeist|29/100 tox
|move|p1b: Clefable|Cosmic Power|p1b: Clefable
|-boost|p1b: Clefable|def|1
|-boost|p1b: Clefable|spd|1
|move|p1a: Gourgeist|Will-O-Wisp||[still]
|-status|p2a: Umbreon|brn
|-activate|p2a: Umbreon|ability: Synchronize
|-fail|p2a: Umbreon
|
|-heal|p2a: Umbreon|93/100 brn|[from] item: Leftovers
|-heal|p1b: Clefable|100/100|[from] item: Leftovers
|-damage|p2a: Umbreon|81/100 brn|[from] Leech Seed|[of] p1a: Gourgeist
|-heal|p1a: Gourgeist|42/100 tox|[silent]
|-damage|p1a: Gourgeist|10/100 tox|[from] psn
|-damage|p2b: Ditto|16/100 brn|[from] brn
|-damage|p2a: Umbreon|75/100 brn|[from] brn
|upkeep
|turn|11
|
|t:|1783696544
|switch|p2a: Gyarados|Gyarados, L50, F|23/100 brn
|-ability|p2a: Gyarados|Intimidate|boost
|-unboost|p1a: Gourgeist|atk|1
|-unboost|p1b: Clefable|atk|1
|move|p2b: Ditto|Leech Seed|p1b: Clefable|[miss]
|-miss|p2b: Ditto|p1b: Clefable
|move|p1b: Clefable|Cosmic Power|p1b: Clefable
|-boost|p1b: Clefable|def|1
|-boost|p1b: Clefable|spd|1
|move|p1a: Gourgeist|Leech Seed|p2b: Ditto
|-immune|p2b: Ditto
|
|-damage|p1a: Gourgeist|0 fnt|[from] psn
|faint|p1a: Gourgeist
|-damage|p2a: Gyarados|18/100 brn|[from] brn
|-damage|p2b: Ditto|10/100 brn|[from] brn
|upkeep
|turn|12
|
|t:|1783696565
|move|p1b: Clefable|Protect|p1b: Clefable
|-singleturn|p1b: Clefable|Protect
|move|p2a: Gyarados|Waterfall|p1b: Clefable
|-activate|p1b: Clefable|move: Protect
|move|p2b: Ditto|Leech Seed|p1b: Clefable
|-activate|p1b: Clefable|move: Protect
|
|-damage|p2a: Gyarados|12/100 brn|[from] brn
|-damage|p2b: Ditto|4/100 brn|[from] brn
|upkeep
|turn|13
|
|t:|1783696586
|move|p2a: Gyarados|Waterfall|p1b: Clefable
|-damage|p1b: Clefable|95/100
|move|p2b: Ditto|Leech Seed|p1b: Clefable
|-start|p1b: Clefable|move: Leech Seed
|move|p1b: Clefable|Cosmic Power|p1b: Clefable
|-boost|p1b: Clefable|def|0
|-boost|p1b: Clefable|spd|0
|
|-heal|p1b: Clefable|100/100|[from] item: Leftovers
|-damage|p2a: Gyarados|6/100 brn|[from] brn
|-damage|p2b: Ditto|0 fnt|[from] brn
|faint|p2b: Ditto
|upkeep
|
|t:|1783696598
|switch|p2b: Umbreon|Umbreon, L50, F|75/100 brn
|turn|14
|
|t:|1783696614
|move|p2a: Gyarados|Waterfall|p1b: Clefable
|-damage|p1b: Clefable|95/100
|move|p2b: Umbreon|Foul Play|p1b: Clefable
|-resisted|p1b: Clefable|1
|-damage|p1b: Clefable|95/100
|cant|p1b: Clefable|flinch
|
|-heal|p2b: Umbreon|81/100 brn|[from] item: Leftovers
|-heal|p1b: Clefable|100/100|[from] item: Leftovers
|-damage|p2a: Gyarados|1/100 brn|[from] brn
|-damage|p2b: Umbreon|75/100 brn|[from] brn
|upkeep
|turn|15
|c| Jabby Wabby|this could take a while
|
|t:|1783696671
|move|p2a: Gyarados|Waterfall|p1b: Clefable
|-damage|p1b: Clefable|96/100
|move|p2b: Umbreon|Toxic|p1b: Clefable
|-status|p1b: Clefable|tox
|move|p1b: Clefable|Wish|p1b: Clefable
|
|-heal|p2b: Umbreon|81/100 brn|[from] item: Leftovers
|-heal|p1b: Clefable|100/100 tox|[from] item: Leftovers
|-damage|p2a: Gyarados|0 fnt|[from] brn
|faint|p2a: Gyarados
|-damage|p2b: Umbreon|75/100 brn|[from] brn
|upkeep
|turn|16
|
|t:|1783696692
|move|p2b: Umbreon|Foul Play|p1b: Clefable
|-resisted|p1b: Clefable|1
|-damage|p1b: Clefable|99/100 tox
|move|p1b: Clefable|Stored Power|p2b: Umbreon
|-immune|p2b: Umbreon
|
|-heal|p1b: Clefable|100/100 tox|[from] move: Wish|[wisher] Clefable
|-heal|p2b: Umbreon|81/100 brn|[from] item: Leftovers
|-damage|p2b: Umbreon|75/100 brn|[from] brn
|upkeep
|turn|17
|
|t:|1783696705
|move|p2b: Umbreon|Reflect|p2b: Umbreon
|-sidestart|p2: Randompanda2|Reflect
|move|p1b: Clefable|Cosmic Power|p1b: Clefable
|-boost|p1b: Clefable|def|0
|-boost|p1b: Clefable|spd|0
|
|-heal|p2b: Umbreon|81/100 brn|[from] item: Leftovers
|-damage|p2b: Umbreon|75/100 brn|[from] brn
|upkeep
|turn|18
|
|t:|1783696715
|move|p2b: Umbreon|Toxic|p1b: Clefable
|-fail|p1b: Clefable|tox
|move|p1b: Clefable|Cosmic Power|p1b: Clefable
|-boost|p1b: Clefable|def|0
|-boost|p1b: Clefable|spd|0
|
|-heal|p2b: Umbreon|81/100 brn|[from] item: Leftovers
|-damage|p2b: Umbreon|75/100 brn|[from] brn
|upkeep
|turn|19
|
|t:|1783696726
|move|p2b: Umbreon|Foul Play|p1b: Clefable
|-resisted|p1b: Clefable|1
|-damage|p1b: Clefable|99/100 tox
|move|p1b: Clefable|Cosmic Power|p1b: Clefable
|-boost|p1b: Clefable|def|0
|-boost|p1b: Clefable|spd|0
|
|-heal|p2b: Umbreon|81/100 brn|[from] item: Leftovers
|-heal|p1b: Clefable|100/100 tox|[from] item: Leftovers
|-damage|p2b: Umbreon|75/100 brn|[from] brn
|upkeep
|turn|20
|
|t:|1783696745
|move|p2b: Umbreon|Foul Play|p1b: Clefable
|-resisted|p1b: Clefable|1
|-damage|p1b: Clefable|99/100 tox
|move|p1b: Clefable|Cosmic Power|p1b: Clefable
|-boost|p1b: Clefable|def|0
|-boost|p1b: Clefable|spd|0
|
|-heal|p2b: Umbreon|81/100 brn|[from] item: Leftovers
|-heal|p1b: Clefable|100/100 tox|[from] item: Leftovers
|-damage|p2b: Umbreon|75/100 brn|[from] brn
|upkeep
|turn|21
|
|t:|1783696756
|move|p2b: Umbreon|Reflect||[still]
|-fail|p2b: Umbreon
|move|p1b: Clefable|Cosmic Power|p1b: Clefable
|-boost|p1b: Clefable|def|0
|-boost|p1b: Clefable|spd|0
|
|-heal|p2b: Umbreon|81/100 brn|[from] item: Leftovers
|-damage|p2b: Umbreon|75/100 brn|[from] brn
|-sideend|p2: Randompanda2|Reflect
|upkeep
|turn|22
|
|t:|1783696772
|move|p2b: Umbreon|Foul Play|p1b: Clefable
|-resisted|p1b: Clefable|1
|-damage|p1b: Clefable|99/100 tox
|move|p1b: Clefable|Cosmic Power|p1b: Clefable
|-boost|p1b: Clefable|def|0
|-boost|p1b: Clefable|spd|0
|
|-heal|p2b: Umbreon|81/100 brn|[from] item: Leftovers
|-heal|p1b: Clefable|100/100 tox|[from] item: Leftovers
|-damage|p2b: Umbreon|75/100 brn|[from] brn
|upkeep
|turn|23
|
|t:|1783696789
|move|p2b: Umbreon|Toxic|p1b: Clefable
|-fail|p1b: Clefable|tox
|move|p1b: Clefable|Cosmic Power|p1b: Clefable
|-boost|p1b: Clefable|def|0
|-boost|p1b: Clefable|spd|0
|
|-heal|p2b: Umbreon|81/100 brn|[from] item: Leftovers
|-damage|p2b: Umbreon|75/100 brn|[from] brn
|upkeep
|turn|24
|
|t:|1783696800
|move|p2b: Umbreon|Reflect|p2b: Umbreon
|-sidestart|p2: Randompanda2|Reflect
|move|p1b: Clefable|Cosmic Power|p1b: Clefable
|-boost|p1b: Clefable|def|0
|-boost|p1b: Clefable|spd|0
|
|-heal|p2b: Umbreon|81/100 brn|[from] item: Leftovers
|-damage|p2b: Umbreon|75/100 brn|[from] brn
|upkeep
|turn|25
|
|t:|1783696811
|move|p2b: Umbreon|Foul Play|p1b: Clefable
|-resisted|p1b: Clefable|1
|-damage|p1b: Clefable|99/100 tox
|move|p1b: Clefable|Cosmic Power|p1b: Clefable
|-boost|p1b: Clefable|def|0
|-boost|p1b: Clefable|spd|0
|
|-heal|p2b: Umbreon|81/100 brn|[from] item: Leftovers
|-heal|p1b: Clefable|100/100 tox|[from] item: Leftovers
|-damage|p2b: Umbreon|75/100 brn|[from] brn
|upkeep
|turn|26
|
|t:|1783696827
|move|p2b: Umbreon|Foul Play|p1b: Clefable
|-resisted|p1b: Clefable|1
|-damage|p1b: Clefable|99/100 tox
|move|p1b: Clefable|Cosmic Power|p1b: Clefable
|-boost|p1b: Clefable|def|0
|-boost|p1b: Clefable|spd|0
|
|-heal|p2b: Umbreon|81/100 brn|[from] item: Leftovers
|-heal|p1b: Clefable|100/100 tox|[from] item: Leftovers
|-damage|p2b: Umbreon|75/100 brn|[from] brn
|upkeep
|turn|27
|
|t:|1783696840
|move|p2b: Umbreon|Reflect||[still]
|-fail|p2b: Umbreon
|move|p1b: Clefable|Cosmic Power|p1b: Clefable
|-boost|p1b: Clefable|def|0
|-boost|p1b: Clefable|spd|0
|
|-heal|p2b: Umbreon|81/100 brn|[from] item: Leftovers
|-damage|p2b: Umbreon|75/100 brn|[from] brn
|upkeep
|turn|28
|
|t:|1783696850
|move|p2b: Umbreon|Moonlight|p2b: Umbreon
|-heal|p2b: Umbreon|100/100 brn
|move|p1b: Clefable|Cosmic Power|p1b: Clefable
|-boost|p1b: Clefable|def|0
|-boost|p1b: Clefable|spd|0
|
|-damage|p2b: Umbreon|94/100 brn|[from] brn
|-sideend|p2: Randompanda2|Reflect
|upkeep
|turn|29
|
|t:|1783696861
|move|p2b: Umbreon|Toxic|p1b: Clefable
|-fail|p1b: Clefable|tox
|move|p1b: Clefable|Cosmic Power|p1b: Clefable
|-boost|p1b: Clefable|def|0
|-boost|p1b: Clefable|spd|0
|
|-heal|p2b: Umbreon|100/100 brn|[from] item: Leftovers
|-damage|p2b: Umbreon|94/100 brn|[from] brn
|upkeep
|turn|30
|
|t:|1783696871
|move|p2b: Umbreon|Foul Play|p1b: Clefable
|-resisted|p1b: Clefable|1
|-damage|p1b: Clefable|99/100 tox
|move|p1b: Clefable|Stored Power|p2b: Umbreon
|-immune|p2b: Umbreon
|
|-heal|p2b: Umbreon|100/100 brn|[from] item: Leftovers
|-heal|p1b: Clefable|100/100 tox|[from] item: Leftovers
|-damage|p2b: Umbreon|94/100 brn|[from] brn
|upkeep
|turn|31
|
|t:|1783696881
|move|p2b: Umbreon|Reflect|p2b: Umbreon
|-sidestart|p2: Randompanda2|Reflect
|move|p1b: Clefable|Stored Power|p2b: Umbreon
|-immune|p2b: Umbreon
|
|-heal|p2b: Umbreon|100/100 brn|[from] item: Leftovers
|-damage|p2b: Umbreon|94/100 brn|[from] brn
|upkeep
|turn|32
|
|t:|1783696891
|move|p2b: Umbreon|Foul Play|p1b: Clefable
|-resisted|p1b: Clefable|1
|-damage|p1b: Clefable|99/100 tox
|move|p1b: Clefable|Stored Power|p2b: Umbreon
|-immune|p2b: Umbreon
|
|-heal|p2b: Umbreon|100/100 brn|[from] item: Leftovers
|-heal|p1b: Clefable|100/100 tox|[from] item: Leftovers
|-damage|p2b: Umbreon|94/100 brn|[from] brn
|upkeep
|turn|33
|
|t:|1783696904
|move|p2b: Umbreon|Toxic|p1b: Clefable|[miss]
|-miss|p2b: Umbreon|p1b: Clefable
|move|p1b: Clefable|Stored Power|p2b: Umbreon
|-immune|p2b: Umbreon
|
|-heal|p2b: Umbreon|100/100 brn|[from] item: Leftovers
|-damage|p2b: Umbreon|94/100 brn|[from] brn
|upkeep
|turn|34
|
|t:|1783696915
|move|p2b: Umbreon|Foul Play|p1b: Clefable
|-resisted|p1b: Clefable|1
|-damage|p1b: Clefable|99/100 tox
|move|p1b: Clefable|Stored Power|p2b: Umbreon
|-immune|p2b: Umbreon
|
|-heal|p2b: Umbreon|100/100 brn|[from] item: Leftovers
|-heal|p1b: Clefable|100/100 tox|[from] item: Leftovers
|-damage|p2b: Umbreon|94/100 brn|[from] brn
|upkeep
|turn|35
|
|t:|1783696933
|move|p2b: Umbreon|Foul Play|p1b: Clefable
|-resisted|p1b: Clefable|1
|-damage|p1b: Clefable|99/100 tox
|move|p1b: Clefable|Stored Power|p2b: Umbreon
|-immune|p2b: Umbreon
|
|-heal|p2b: Umbreon|100/100 brn|[from] item: Leftovers
|-heal|p1b: Clefable|100/100 tox|[from] item: Leftovers
|-damage|p2b: Umbreon|94/100 brn|[from] brn
|-sideend|p2: Randompanda2|Reflect
|upkeep
|turn|36
|
|t:|1783696946
|move|p2b: Umbreon|Foul Play|p1b: Clefable
|-resisted|p1b: Clefable|1
|-damage|p1b: Clefable|99/100 tox
|move|p1b: Clefable|Stored Power|p2b: Umbreon
|-immune|p2b: Umbreon
|
|-heal|p2b: Umbreon|100/100 brn|[from] item: Leftovers
|-heal|p1b: Clefable|100/100 tox|[from] item: Leftovers
|-damage|p2b: Umbreon|94/100 brn|[from] brn
|upkeep
|turn|37
|
|t:|1783696965
|move|p2b: Umbreon|Reflect|p2b: Umbreon
|-sidestart|p2: Randompanda2|Reflect
|move|p1b: Clefable|Stored Power|p2b: Umbreon
|-immune|p2b: Umbreon
|
|-heal|p2b: Umbreon|100/100 brn|[from] item: Leftovers
|-damage|p2b: Umbreon|94/100 brn|[from] brn
|upkeep
|turn|38
|
|t:|1783696986
|move|p2b: Umbreon|Toxic|p1b: Clefable
|-fail|p1b: Clefable|tox
|move|p1b: Clefable|Wish|p1b: Clefable
|
|-heal|p2b: Umbreon|100/100 brn|[from] item: Leftovers
|-damage|p2b: Umbreon|94/100 brn|[from] brn
|upkeep
|turn|39
|
|t:|1783697004
|move|p1b: Clefable|Protect|p1b: Clefable
|-singleturn|p1b: Clefable|Protect
|move|p2b: Umbreon|Reflect||[still]
|-fail|p2b: Umbreon
|
|-heal|p2b: Umbreon|100/100 brn|[from] item: Leftovers
|-damage|p2b: Umbreon|94/100 brn|[from] brn
|upkeep
|turn|40
|j| kazthespaz
|
|t:|1783697015
|move|p1b: Clefable|Protect|p1b: Clefable
|-singleturn|p1b: Clefable|Protect
|move|p2b: Umbreon|Toxic|p1b: Clefable
|-activate|p1b: Clefable|move: Protect
|
|-heal|p2b: Umbreon|100/100 brn|[from] item: Leftovers
|-damage|p2b: Umbreon|94/100 brn|[from] brn
|upkeep
|turn|41
|c| kazthespaz|OH LAWWWD
|c| kazthespaz|40 turnssss
|
|t:|1783697028
|move|p1b: Clefable|Protect||[still]
|-fail|p1b: Clefable
|move|p2b: Umbreon|Foul Play|p1b: Clefable
|-resisted|p1b: Clefable|1
|-damage|p1b: Clefable|99/100 tox
|
|-heal|p2b: Umbreon|100/100 brn|[from] item: Leftovers
|-heal|p1b: Clefable|100/100 tox|[from] item: Leftovers
|-damage|p2b: Umbreon|94/100 brn|[from] brn
|-sideend|p2: Randompanda2|Reflect
|upkeep
|turn|42
|c| Jabby Wabby|yeah kaz it's going to be this for a while
|c| kazthespaz|lmao stored power aint doing shittttt
|
|t:|1783697038
|move|p2b: Umbreon|Reflect|p2b: Umbreon
|-sidestart|p2: Randompanda2|Reflect
|move|p1b: Clefable|Wish|p1b: Clefable
|
|-heal|p2b: Umbreon|100/100 brn|[from] item: Leftovers
|-damage|p2b: Umbreon|94/100 brn|[from] brn
|upkeep
|turn|43
|c| Jabby Wabby|grab a snack, go to the toilet
|c| kazthespaz|I can imagine ahhaa
|
|t:|1783697048
|move|p1b: Clefable|Protect|p1b: Clefable
|-singleturn|p1b: Clefable|Protect
|move|p2b: Umbreon|Moonlight|p2b: Umbreon
|-heal|p2b: Umbreon|100/100 brn
|
|-damage|p2b: Umbreon|94/100 brn|[from] brn
|upkeep
|turn|44
|c| kazthespaz|droppin off the kids as we speak
|
|t:|1783697064
|move|p2b: Umbreon|Toxic|p1b: Clefable
|-fail|p1b: Clefable|tox
|move|p1b: Clefable|Wish|p1b: Clefable
|
|-heal|p2b: Umbreon|100/100 brn|[from] item: Leftovers
|-damage|p2b: Umbreon|94/100 brn|[from] brn
|upkeep
|turn|45
|
|t:|1783697081
|move|p2b: Umbreon|Foul Play|p1b: Clefable
|-resisted|p1b: Clefable|1
|-damage|p1b: Clefable|99/100 tox
|move|p1b: Clefable|Wish||[still]
|-fail|p1b: Clefable
|
|-heal|p1b: Clefable|100/100 tox|[from] move: Wish|[wisher] Clefable
|-heal|p2b: Umbreon|100/100 brn|[from] item: Leftovers
|-damage|p2b: Umbreon|94/100 brn|[from] brn
|upkeep
|turn|46
|c| kazthespaz|only have wish protect left loooo
|
|t:|1783697094
|move|p2b: Umbreon|Reflect||[still]
|-fail|p2b: Umbreon
|move|p1b: Clefable|Wish|p1b: Clefable
|
|-heal|p2b: Umbreon|100/100 brn|[from] item: Leftovers
|-damage|p2b: Umbreon|94/100 brn|[from] brn
|-sideend|p2: Randompanda2|Reflect
|upkeep
|turn|47
|
|t:|1783697101
|move|p1b: Clefable|Protect|p1b: Clefable
|-singleturn|p1b: Clefable|Protect
|move|p2b: Umbreon|Reflect|p2b: Umbreon
|-sidestart|p2: Randompanda2|Reflect
|
|-heal|p2b: Umbreon|100/100 brn|[from] item: Leftovers
|-damage|p2b: Umbreon|94/100 brn|[from] brn
|upkeep
|turn|48
|
|t:|1783697111
|move|p1b: Clefable|Protect||[still]
|-fail|p1b: Clefable
|move|p2b: Umbreon|Reflect||[still]
|-fail|p2b: Umbreon
|
|-heal|p2b: Umbreon|100/100 brn|[from] item: Leftovers
|-damage|p2b: Umbreon|94/100 brn|[from] brn
|upkeep
|turn|49
|c| kazthespaz|I too like to self inflict pain
|
|t:|1783697120
|move|p1b: Clefable|Protect|p1b: Clefable
|-singleturn|p1b: Clefable|Protect
|move|p2b: Umbreon|Reflect||[still]
|-fail|p2b: Umbreon
|
|-heal|p2b: Umbreon|100/100 brn|[from] item: Leftovers
|-damage|p2b: Umbreon|94/100 brn|[from] brn
|upkeep
|turn|50
|c| kazthespaz|jk jk
|
|t:|1783697132
|move|p2b: Umbreon|Moonlight|p2b: Umbreon
|-heal|p2b: Umbreon|100/100 brn
|move|p1b: Clefable|Wish|p1b: Clefable
|
|-damage|p2b: Umbreon|94/100 brn|[from] brn
|upkeep
|turn|51
|c| kazthespaz|at least the turns are going fast
|
|t:|1783697142
|move|p2b: Umbreon|Toxic|p1b: Clefable
|-fail|p1b: Clefable|tox
|move|p1b: Clefable|Wish||[still]
|-fail|p1b: Clefable
|
|-heal|p2b: Umbreon|100/100 brn|[from] item: Leftovers
|-damage|p2b: Umbreon|94/100 brn|[from] brn
|-sideend|p2: Randompanda2|Reflect
|upkeep
|turn|52
|c| Jabby Wabby|The definition of insanity
|
|t:|1783697153
|move|p2b: Umbreon|Reflect|p2b: Umbreon
|-sidestart|p2: Randompanda2|Reflect
|move|p1b: Clefable|Wish|p1b: Clefable
|
|-heal|p2b: Umbreon|100/100 brn|[from] item: Leftovers
|-damage|p2b: Umbreon|94/100 brn|[from] brn
|upkeep
|turn|53
|
|t:|1783697166
|move|p2b: Umbreon|Toxic|p1b: Clefable
|-fail|p1b: Clefable|tox
|move|p1b: Clefable|Wish||[still]
|-fail|p1b: Clefable
|
|-heal|p2b: Umbreon|100/100 brn|[from] item: Leftovers
|-damage|p2b: Umbreon|94/100 brn|[from] brn
|upkeep
|turn|54
|
|t:|1783697175
|move|p2b: Umbreon|Reflect||[still]
|-fail|p2b: Umbreon
|move|p1b: Clefable|Wish|p1b: Clefable
|
|-heal|p2b: Umbreon|100/100 brn|[from] item: Leftovers
|-damage|p2b: Umbreon|94/100 brn|[from] brn
|upkeep
|turn|55
|
|t:|1783697186
|move|p2b: Umbreon|Moonlight|p2b: Umbreon
|-heal|p2b: Umbreon|100/100 brn
|move|p1b: Clefable|Wish||[still]
|-fail|p1b: Clefable
|
|-damage|p2b: Umbreon|94/100 brn|[from] brn
|upkeep
|turn|56
|
|t:|1783697196
|move|p2b: Umbreon|Reflect||[still]
|-fail|p2b: Umbreon
|-activate|p1b: Clefable|move: Struggle
|move|p1b: Clefable|Struggle|p2b: Umbreon
|-damage|p2b: Umbreon|90/100 brn
|-damage|p1b: Clefable|74/100 tox|[from] recoil
|
|-heal|p2b: Umbreon|96/100 brn|[from] item: Leftovers
|-heal|p1b: Clefable|80/100 tox|[from] item: Leftovers
|-damage|p2b: Umbreon|90/100 brn|[from] brn
|-sideend|p2: Randompanda2|Reflect
|upkeep
|turn|57
|
|t:|1783697209
|move|p2b: Umbreon|Toxic|p1b: Clefable
|-fail|p1b: Clefable|tox
|-activate|p1b: Clefable|move: Struggle
|move|p1b: Clefable|Struggle|p2b: Umbreon
|-damage|p2b: Umbreon|85/100 brn
|-damage|p1b: Clefable|55/100 tox|[from] recoil
|
|-heal|p2b: Umbreon|91/100 brn|[from] item: Leftovers
|-heal|p1b: Clefable|61/100 tox|[from] item: Leftovers
|-damage|p2b: Umbreon|85/100 brn|[from] brn
|upkeep
|turn|58
|
|t:|1783697221
|move|p2b: Umbreon|Moonlight|p2b: Umbreon
|-heal|p2b: Umbreon|100/100 brn
|-activate|p1b: Clefable|move: Struggle
|move|p1b: Clefable|Struggle|p2b: Umbreon
|-damage|p2b: Umbreon|95/100 brn
|-damage|p1b: Clefable|36/100 tox|[from] recoil
|
|-heal|p2b: Umbreon|100/100 brn|[from] item: Leftovers
|-heal|p1b: Clefable|42/100 tox|[from] item: Leftovers
|-damage|p2b: Umbreon|94/100 brn|[from] brn
|upkeep
|turn|59
|
|t:|1783697236
|move|p2b: Umbreon|Reflect|p2b: Umbreon
|-sidestart|p2: Randompanda2|Reflect
|-activate|p1b: Clefable|move: Struggle
|move|p1b: Clefable|Struggle|p2b: Umbreon
|-damage|p2b: Umbreon|91/100 brn
|-damage|p1b: Clefable|16/100 tox|[from] recoil
|
|-heal|p2b: Umbreon|97/100 brn|[from] item: Leftovers
|-heal|p1b: Clefable|22/100 tox|[from] item: Leftovers
|-damage|p2b: Umbreon|91/100 brn|[from] brn
|upkeep
|turn|60
|
|t:|1783697256
|move|p2b: Umbreon|Moonlight|p2b: Umbreon
|-heal|p2b: Umbreon|100/100 brn
|-activate|p1b: Clefable|move: Struggle
|move|p1b: Clefable|Struggle|p2b: Umbreon
|-damage|p2b: Umbreon|97/100 brn
|-damage|p1b: Clefable|0 fnt|[from] recoil
|faint|p1b: Clefable
|
|win|Randompanda2
|c| kazthespaz|are we gna hit triple digits?
||Randompanda2 is ready for game 2.
|inactive|Terra95 has 30 seconds to confirm battle start!
|c| kazthespaz|omgggg
|inactive|Terra95 has 20 seconds to confirm battle start!
|c| Jabby Wabby|well I'm really glad we sat through that
|inactive|Terra95 has 10 seconds to confirm battle start!
||Terra95 is ready for game 2.
|uhtml|next|Next: Game 2 of 3
|c| kazthespaz|I was here for 1/3 of it
|l| Renki134
|j| Renki134
|l| Renki134
