|j|‽pseudo_777
|j|☆Tryingcosas
|html|pseudo_777Tryingcosas    
|uhtml|bestof|Game 1 of a best-of-3
|t:|1783165654
|gametype|doubles
|player|p1|pseudo_777|dancer|1134
|player|p2|Tryingcosas|169|1203
|gen|9
|tier|[Gen 9 Champions] VGC 2026 Reg M-B (Bo3)
|rated|
|rule|Species Clause: Limit one of each Pokémon
|rule|Item Clause: Limit 1 of each item
|clearpoke
|poke|p1|Charizard, L50, F|
|poke|p1|Whimsicott, L50, F|
|poke|p1|Kingambit, L50, F|
|poke|p1|Basculegion, L50, M|
|poke|p1|Garchomp, L50, F|
|poke|p1|Floette-Eternal, L50, F|
|poke|p2|Mawile, L50, F, shiny|
|poke|p2|Farigiraf, L50, M, shiny|
|poke|p2|Incineroar, L50, M|
|poke|p2|Froslass, L50, F|
|poke|p2|Lycanroc-Dusk, L50, M|
|poke|p2|Sneasler, L50, M|
|teampreview|4
|showteam|p1|Charizard||CharizarditeY|Blaze|HeatWave,SolarBeam,WeatherBall,Protect|Modest||F|||50|]Whimsicott||FocusSash|Prankster|Protect,Tailwind,Moonblast,Encore|Timid||F|||50|]Kingambit||BlackGlasses|Defiant|Protect,SuckerPunch,KowtowCleave,IronHead|Adamant||F|||50|]Basculegion||MysticWater|Adaptability|Protect,WaveCrash,LastRespects,AquaJet|Adamant||M|||50|]Garchomp||LifeOrb|RoughSkin|Earthquake,Protect,DragonClaw,RockSlide|Jolly||F|||50|]Floette-Eternal||Floettite|FlowerVeil|LightofRuin,Moonblast,DazzlingGleam,Protect|Modest||F|||50|
|showteam|p2|Mawile||Mawilite|HyperCutter|IronHead,PlayRough,SuckerPunch,Protect|Brave||F|||50|]Farigiraf||SitrusBerry|ArmorTail|GrassKnot,TrickRoom,HelpingHand,Psychic|Bold||M|||50|]Incineroar||PasshoBerry|Intimidate|FakeOut,DarkestLariat,FlareBlitz,PartingShot|Impish||M|||50|]Froslass||Froslassite|SnowCloak|Blizzard,ShadowBall,Protect,AuroraVeil|Timid||F|||50|]Lycanroc-Dusk||FocusSash|ToughClaws|RockSlide,Accelerock,CloseCombat,Protect|Adamant||M|||50|]Sneasler||WhiteHerb|Unburden|CloseCombat,FakeOut,DireClaw,Protect|Adamant||M|||50|
|inactive|Battle timer is ON: inactive players will automatically lose when time's up. (requested by Tryingcosas)
|inactive|pseudo_777 has 60 seconds left.
|
|t:|1783165757
|teamsize|p1|4
|teamsize|p2|4
|start
|switch|p1a: Whimsicott|Whimsicott, L50, F|100/100
|switch|p1b: Basculegion|Basculegion, L50, M|100/100
|switch|p2a: Froslass|Froslass, L50, F|100/100
|switch|p2b: Sneasler|Sneasler, L50, M|100/100
|turn|1
|
|t:|1783165777
|switch|p2b: Incineroar|Incineroar, L50, M|100/100
|-ability|p2b: Incineroar|Intimidate|boost
|-unboost|p1a: Whimsicott|atk|1
|-unboost|p1b: Basculegion|atk|1
|detailschange|p2a: Froslass|Froslass-Mega, L50, F
|-mega|p2a: Froslass|Froslass|Froslassite
|-weather|Snowscape|[from] ability: Snow Warning|[of] p2a: Froslass
|move|p1a: Whimsicott|Protect|p1a: Whimsicott
|-singleturn|p1a: Whimsicott|Protect
|move|p2a: Froslass|Shadow Ball|p1b: Basculegion
|-supereffective|p1b: Basculegion|1
|-damage|p1b: Basculegion|1/100
|move|p1b: Basculegion|Wave Crash|p2b: Incineroar
|-supereffective|p2b: Incineroar|1
|-enditem|p2b: Incineroar|Passho Berry|[eat]
|-enditem|p2b: Incineroar|Passho Berry|[weaken]
|-damage|p2b: Incineroar|56/100
|-damage|p1b: Basculegion|0 fnt|[from] Recoil
|faint|p1b: Basculegion
|
|-weather|Snowscape|[upkeep]
|upkeep
|
|t:|1783165798
|switch|p1b: Charizard|Charizard, L50, F|100/100
|turn|2
|
|t:|1783165811
|detailschange|p1b: Charizard|Charizard-Mega-Y, L50, F
|-mega|p1b: Charizard|Charizard|Charizardite Y
|-weather|SunnyDay|[from] ability: Drought|[of] p1b: Charizard
|move|p2a: Froslass|Protect|p2a: Froslass
|-singleturn|p2a: Froslass|Protect
|move|p1a: Whimsicott|Encore|p2a: Froslass
|-activate|p2a: Froslass|move: Protect
|move|p1b: Charizard|Heat Wave|p2a: Froslass|[spread] p2b
|-activate|p2a: Froslass|move: Protect
|-resisted|p2b: Incineroar|1
|-damage|p2b: Incineroar|29/100
|move|p2b: Incineroar|Parting Shot|p1b: Charizard
|-unboost|p1b: Charizard|atk|1
|-unboost|p1b: Charizard|spa|1
|
|t:|1783165813
|switch|p2b: Lycanroc|Lycanroc-Dusk, L50, M|100/100|[from] Parting Shot
|
|-weather|SunnyDay|[upkeep]
|upkeep
|turn|3
|
|t:|1783165822
|switch|p1b: Garchomp|Garchomp, L50, F|100/100
|move|p1a: Whimsicott|Encore|p2a: Froslass
|-start|p2a: Froslass|Encore
|move|p2a: Froslass|Protect||[still]
|-fail|p2a: Froslass
|move|p2b: Lycanroc|Accelerock|p1b: Garchomp
|-resisted|p1b: Garchomp|1
|-damage|p1b: Garchomp|85/100
|-damage|p2b: Lycanroc|88/100|[from] ability: Rough Skin|[of] p1b: Garchomp
|
|-weather|SunnyDay|[upkeep]
|upkeep
|turn|4
|
|t:|1783165836
|switch|p2a: Incineroar|Incineroar, L50, M|29/100
|-ability|p2a: Incineroar|Intimidate|boost
|-unboost|p1a: Whimsicott|atk|1
|-unboost|p1b: Garchomp|atk|1
|move|p2b: Lycanroc|Protect|p2b: Lycanroc
|-singleturn|p2b: Lycanroc|Protect
|move|p1a: Whimsicott|Tailwind|p1a: Whimsicott
|-sidestart|p1: pseudo_777|move: Tailwind
|move|p1b: Garchomp|Earthquake|p2a: Incineroar|[spread] p1a,p2a
|-activate|p2b: Lycanroc|move: Protect
|-resisted|p1a: Whimsicott|1
|-supereffective|p2a: Incineroar|1
|-damage|p1a: Whimsicott|76/100
|-damage|p2a: Incineroar|0 fnt
|faint|p2a: Incineroar
|-damage|p1b: Garchomp|75/100|[from] item: Life Orb
|
|-weather|SunnyDay|[upkeep]
|upkeep
|
|t:|1783165839
|switch|p2a: Froslass|Froslass-Mega, L50, F|100/100
|-weather|Snowscape|[from] ability: Snow Warning|[of] p2a: Froslass
|turn|5
|
|t:|1783165863
|switch|p1b: Charizard|Charizard-Mega-Y, L50, F|100/100
|-weather|SunnyDay|[from] ability: Drought|[of] p1b: Charizard
|move|p1a: Whimsicott|Protect|p1a: Whimsicott
|-singleturn|p1a: Whimsicott|Protect
|move|p2b: Lycanroc|Accelerock|p1a: Whimsicott
|-activate|p1a: Whimsicott|move: Protect
|move|p2a: Froslass|Blizzard|p1b: Charizard|[spread] 
|-activate|p1a: Whimsicott|move: Protect
|-miss|p2a: Froslass|p1b: Charizard
|
|-weather|SunnyDay|[upkeep]
|upkeep
|turn|6
|
|t:|1783165876
|switch|p2a: Sneasler|Sneasler, L50, M|100/100
|move|p1a: Whimsicott|Moonblast|p2b: Lycanroc
|-damage|p2b: Lycanroc|30/100
|move|p1b: Charizard|Heat Wave|p2b: Lycanroc|[spread] p2a,p2b
|-resisted|p2b: Lycanroc|1
|-damage|p2a: Sneasler|13/100
|-damage|p2b: Lycanroc|0 fnt
|faint|p2b: Lycanroc
|
|-weather|SunnyDay|[upkeep]
|upkeep
|
|t:|1783165883
|switch|p2b: Froslass|Froslass-Mega, L50, F|100/100
|-weather|Snowscape|[from] ability: Snow Warning|[of] p2b: Froslass
|turn|7
|
|t:|1783165894
|move|p1a: Whimsicott|Protect|p1a: Whimsicott
|-singleturn|p1a: Whimsicott|Protect
|move|p1b: Charizard|Protect|p1b: Charizard
|-singleturn|p1b: Charizard|Protect
|move|p2a: Sneasler|Fake Out|p1a: Whimsicott
|-activate|p1a: Whimsicott|move: Protect
|move|p2b: Froslass|Blizzard|p1b: Charizard|[spread] 
|-activate|p1a: Whimsicott|move: Protect
|-activate|p1b: Charizard|move: Protect
|
|-weather|Snowscape|[upkeep]
|-sideend|p1: pseudo_777|move: Tailwind
|upkeep
|turn|8
|
|t:|1783165915
|switch|p1b: Garchomp|Garchomp, L50, F|75/100
|move|p2a: Sneasler|Protect|p2a: Sneasler
|-singleturn|p2a: Sneasler|Protect
|move|p1a: Whimsicott|Tailwind|p1a: Whimsicott
|-sidestart|p1: pseudo_777|move: Tailwind
|move|p2b: Froslass|Blizzard|p1b: Garchomp|[spread] p1a,p1b
|-supereffective|p1a: Whimsicott|1
|-supereffective|p1b: Garchomp|2
|-damage|p1a: Whimsicott|0 fnt
|-damage|p1b: Garchomp|0 fnt
|faint|p1a: Whimsicott
|faint|p1b: Garchomp
|
|-weather|Snowscape|[upkeep]
|upkeep
|
|t:|1783165921
|switch|p1a: Charizard|Charizard-Mega-Y, L50, F|100/100
|-weather|SunnyDay|[from] ability: Drought|[of] p1a: Charizard
|turn|9
|
|t:|1783165928
|move|p1a: Charizard|Weather Ball|p2a: Sneasler
|-damage|p2a: Sneasler|0 fnt
|faint|p2a: Sneasler
|move|p2b: Froslass|Shadow Ball|p1a: Charizard
|-damage|p1a: Charizard|61/100
|
|-weather|SunnyDay|[upkeep]
|upkeep
|turn|10
|
|t:|1783165932
|move|p1a: Charizard|Weather Ball|p2b: Froslass
|-supereffective|p2b: Froslass|1
|-damage|p2b: Froslass|0 fnt
|faint|p2b: Froslass
|
|win|pseudo_777
||Tryingcosas is ready for game 2.
||pseudo_777 is ready for game 2.
|uhtml|next|Next: Game 2 of 3
|l|☆Tryingcosas
|player|p2|
|l|‽pseudo_777
|player|p1|
|j|‽pseudo_777
|player|p1|pseudo_777|dancer|
