|j|☆eitipopipo
|j|☆ramennoodsz
|html|eitipopiporamennoodsz    
|uhtml|bestof|Game 2 of a best-of-3
|t:|1785393025
|gametype|doubles
|player|p1|eitipopipo|170|1150
|player|p2|ramennoodsz|170|1077
|gen|9
|tier|[Gen 9 Champions] VGC 2026 Reg M-B (Bo3)
|rated|
|rule|Species Clause: Limit one of each Pokémon
|rule|Item Clause: Limit 1 of each item
|clearpoke
|poke|p1|Charizard, L50, M|
|poke|p1|Metagross, L50|
|poke|p1|Samurott-Hisui, L50, F|
|poke|p1|Sylveon, L50, M|
|poke|p1|Garchomp, L50, F|
|poke|p1|Aerodactyl, L50, F|
|poke|p2|Staraptor, L50, F|
|poke|p2|Scrafty, L50, F|
|poke|p2|Farigiraf, L50, F|
|poke|p2|Mawile, L50, M|
|poke|p2|Torkoal, L50, F|
|poke|p2|Vileplume, L50, M|
|teampreview|4
|showteam|p1|Charizard||CharizarditeY|Blaze|HeatWave,SolarBeam,Protect,WeatherBall|Modest||M|||50|]Metagross||Metagrossite|ClearBody|Protect,IronHead,BodyPress,IcePunch|Impish|||||50|]Samurott-Hisui||BlackGlasses|Sharpness|CeaselessEdge,SuckerPunch,SacredSword,Protect|Jolly||F|||50|]Sylveon||FairyFeather|Pixilate|HyperBeam,HyperVoice,QuickAttack,Protect|Sassy||M|||50|]Garchomp||LifeOrb|RoughSkin|DragonClaw,Protect,Earthquake,RockTomb|Jolly||F|||50|]Aerodactyl||FocusSash|Unnerve|Tailwind,RockSlide,WideGuard,Protect|Jolly||F|||50|
|showteam|p2|Staraptor||ChoiceScarf|Intimidate|BraveBird,FinalGambit,Uturn,CloseCombat|Jolly||F|||50|]Scrafty||LifeOrb|Moxie|KnockOff,DrainPunch,FakeOut,CloseCombat|Brave||F|||50|]Farigiraf||SitrusBerry|ArmorTail|Psychic,Thunderbolt,TrickRoom,Protect|Bold||F|||50|]Mawile||Mawilite|Intimidate|RockSlide,PlayRough,SuckerPunch,Protect|Brave||M|||50|]Torkoal||Charcoal|Drought|Eruption,WeatherBall,HeatWave,Protect|Quiet||F|||50|]Vileplume||WideLens|Chlorophyll|AfterYou,SludgeBomb,SleepPowder,LeafStorm|Timid||M|||50|
|inactive|Battle timer is ON: inactive players will automatically lose when time's up. (requested by ramennoodsz)
|
|t:|1785393048
|teamsize|p1|4
|teamsize|p2|4
|start
|switch|p1a: Samurott|Samurott-Hisui, L50, F|100/100
|switch|p1b: Aerodactyl|Aerodactyl, L50, F|100/100
|switch|p2a: Staraptor|Staraptor, L50, F|100/100
|switch|p2b: Farigiraf|Farigiraf, L50, F|100/100
|-ability|p1b: Aerodactyl|Unnerve
|-ability|p2a: Staraptor|Intimidate|boost
|-unboost|p1a: Samurott|atk|1
|-unboost|p1b: Aerodactyl|atk|1
|turn|1
|
|t:|1785393061
|move|p1a: Samurott|Protect|p1a: Samurott
|-singleturn|p1a: Samurott|Protect
|move|p2a: Staraptor|Close Combat|p1a: Samurott
|-activate|p1a: Samurott|move: Protect
|move|p1b: Aerodactyl|Rock Slide|p2a: Staraptor|[spread] p2a,p2b
|-supereffective|p2a: Staraptor|1
|-damage|p2a: Staraptor|68/100
|-damage|p2b: Farigiraf|90/100
|move|p2b: Farigiraf|Trick Room|p2b: Farigiraf
|-fieldstart|move: Trick Room|[of] p2b: Farigiraf
|
|upkeep
|turn|2
|inactive|eitipopipo has 30 seconds left.
|inactive|eitipopipo has 20 seconds left.
|
|t:|1785393099
|switch|p1a: Garchomp|Garchomp, L50, F|100/100
|move|p2b: Farigiraf|Thunderbolt|p1b: Aerodactyl
|-supereffective|p1b: Aerodactyl|1
|-damage|p1b: Aerodactyl|48/100
|move|p1b: Aerodactyl|Rock Slide|p2a: Staraptor|[spread] p2a,p2b
|-supereffective|p2a: Staraptor|1
|-damage|p2a: Staraptor|37/100
|-damage|p2b: Farigiraf|80/100
|move|p2a: Staraptor|Close Combat|p1a: Garchomp
|-damage|p1a: Garchomp|64/100
|-unboost|p2a: Staraptor|def|1
|-unboost|p2a: Staraptor|spd|1
|-damage|p2a: Staraptor|25/100|[from] ability: Rough Skin|[of] p1a: Garchomp
|
|upkeep
|turn|3
|
|t:|1785393118
|switch|p2a: Scrafty|Scrafty, L50, F|100/100
|move|p2b: Farigiraf|Protect|p2b: Farigiraf
|-singleturn|p2b: Farigiraf|Protect
|move|p1a: Garchomp|Earthquake|p2a: Scrafty|[spread] p2a
|-activate|p2b: Farigiraf|move: Protect
|-immune|p1b: Aerodactyl
|-damage|p2a: Scrafty|56/100
|-damage|p1a: Garchomp|54/100|[from] item: Life Orb
|move|p1b: Aerodactyl|Rock Slide|p2b: Farigiraf|[spread] p2a
|-activate|p2b: Farigiraf|move: Protect
|-resisted|p2a: Scrafty|1
|-damage|p2a: Scrafty|49/100
|
|upkeep
|turn|4
|
|t:|1785393143
|move|p1a: Garchomp|Protect|p1a: Garchomp
|-singleturn|p1a: Garchomp|Protect
|move|p1b: Aerodactyl|Protect|p1b: Aerodactyl
|-singleturn|p1b: Aerodactyl|Protect
|move|p2a: Scrafty|Fake Out|p1a: Garchomp
|-activate|p1a: Garchomp|move: Protect
|move|p2b: Farigiraf|Thunderbolt|p1b: Aerodactyl
|-activate|p1b: Aerodactyl|move: Protect
|
|upkeep
|turn|5
|inactive|eitipopipo has 30 seconds left.
|
|t:|1785393177
|switch|p2a: Staraptor|Staraptor, L50, F|25/100
|-ability|p2a: Staraptor|Intimidate|boost
|-unboost|p1a: Garchomp|atk|1
|-unboost|p1b: Aerodactyl|atk|1
|switch|p1b: Charizard|Charizard, L50, M|100/100
|move|p2b: Farigiraf|Thunderbolt|p1b: Charizard
|-supereffective|p1b: Charizard|1
|-damage|p1b: Charizard|43/100
|move|p1a: Garchomp|Dragon Claw|p2a: Staraptor
|-damage|p2a: Staraptor|0 fnt
|faint|p2a: Staraptor
|-damage|p1a: Garchomp|44/100|[from] item: Life Orb
|
|-fieldend|move: Trick Room
|upkeep
|
|t:|1785393192
|switch|p2a: Scrafty|Scrafty, L50, F|49/100
|turn|6
|
|t:|1785393208
|detailschange|p1b: Charizard|Charizard-Mega-Y, L50, M
|-mega|p1b: Charizard|Charizard|Charizardite Y
|-weather|SunnyDay|[from] ability: Drought|[of] p1b: Charizard
|move|p2a: Scrafty|Fake Out|p1b: Charizard
|-damage|p1b: Charizard|22/100
|-damage|p2a: Scrafty|39/100|[from] item: Life Orb
|move|p1a: Garchomp|Dragon Claw|p2b: Farigiraf
|-damage|p2b: Farigiraf|52/100
|-damage|p1a: Garchomp|35/100|[from] item: Life Orb
|cant|p1b: Charizard|flinch
|move|p2b: Farigiraf|Trick Room|p2b: Farigiraf
|-fieldstart|move: Trick Room|[of] p2b: Farigiraf
|
|-weather|SunnyDay|[upkeep]
|upkeep
|turn|7
|inactive|eitipopipo has 30 seconds left.
|
|t:|1785393235
|move|p1b: Charizard|Protect|p1b: Charizard
|-singleturn|p1b: Charizard|Protect
|move|p2a: Scrafty|Knock Off|p1a: Garchomp
|-damage|p1a: Garchomp|0 fnt
|-damage|p2a: Scrafty|27/100|[from] ability: Rough Skin|[of] p1a: Garchomp
|-enditem|p1a: Garchomp|Life Orb|[from] move: Knock Off|[of] p2a: Scrafty
|faint|p1a: Garchomp
|-ability|p2a: Scrafty|Moxie|boost
|-boost|p2a: Scrafty|atk|1
|-damage|p2a: Scrafty|17/100|[from] item: Life Orb
|move|p2b: Farigiraf|Thunderbolt|p1b: Charizard
|-activate|p1b: Charizard|move: Protect
|
|-weather|SunnyDay|[upkeep]
|upkeep
|
|t:|1785393246
|switch|p1a: Aerodactyl|Aerodactyl, L50, F|48/100
|-ability|p1a: Aerodactyl|Unnerve
|turn|8
|
|t:|1785393254
|move|p2a: Scrafty|Knock Off|p1b: Charizard
|-damage|p1b: Charizard|0 fnt
|faint|p1b: Charizard
|-ability|p2a: Scrafty|Moxie|boost
|-boost|p2a: Scrafty|atk|1
|-damage|p2a: Scrafty|7/100|[from] item: Life Orb
|move|p2b: Farigiraf|Thunderbolt|p1a: Aerodactyl
|-supereffective|p1a: Aerodactyl|1
|-damage|p1a: Aerodactyl|0 fnt
|faint|p1a: Aerodactyl
|
|-weather|SunnyDay|[upkeep]
|upkeep
|
|t:|1785393259
|switch|p1a: Samurott|Samurott-Hisui, L50, F|100/100
|turn|9
|
|t:|1785393266
|move|p1a: Samurott|Protect|p1a: Samurott
|-singleturn|p1a: Samurott|Protect
|move|p2a: Scrafty|Drain Punch|p1a: Samurott
|-activate|p1a: Samurott|move: Protect
|move|p2b: Farigiraf|Thunderbolt|p1a: Samurott
|-activate|p1a: Samurott|move: Protect
|
|-weather|SunnyDay|[upkeep]
|upkeep
|turn|10
|
|t:|1785393270
|move|p1a: Samurott|Protect||[still]
|-fail|p1a: Samurott
|move|p2a: Scrafty|Drain Punch|p1a: Samurott
|-supereffective|p1a: Samurott|1
|-damage|p1a: Samurott|0 fnt
|-heal|p2a: Scrafty|56/100|[from] drain|[of] p1a: Samurott
|faint|p1a: Samurott
|-damage|p2a: Scrafty|46/100|[from] item: Life Orb
|
|win|ramennoodsz
