|j|☆SeeYouInSf
|j|☆yassineVGC
|html|SeeYouInSfyassineVGC    
|uhtml|bestof|Game 3 of a best-of-3
|t:|1756241837
|gametype|doubles
|player|p1|SeeYouInSf|unknown|1205
|player|p2|yassineVGC|hilbert|1090
|gen|9
|tier|[Gen 9] VGC 2025 Reg H (Bo3)
|rated|
|rule|Species Clause: Limit one of each Pokémon
|rule|Item Clause: Limit 1 of each item
|clearpoke
|poke|p1|Grimmsnarl, L50, M|
|poke|p1|Gholdengo, L50|
|poke|p1|Porygon2, L50|
|poke|p1|Incineroar, L50, F|
|poke|p1|Ursaluna, L50, M|
|poke|p1|Tyranitar, L50, F|
|poke|p2|Yanmega, L50, F|
|poke|p2|Samurott-Hisui, L50, M|
|poke|p2|Garchomp, L50, M|
|poke|p2|Ninetales-Alola, L50, F|
|poke|p2|Sneasler, L50, M|
|poke|p2|Volcarona, L50, F|
|teampreview|4
|showteam|p1|Grimmsnarl||LightClay|Prankster|SpiritBreak,Reflect,LightScreen,Taunt|||M|||50|,,,,,Steel]Gholdengo||LifeOrb|GoodasGold|MakeItRain,ShadowBall,NastyPlot,Protect||||||50|,,,,,Dragon]Porygon2||Eviolite|Download|TeraBlast,TrickRoom,Recover,IceBeam||||||50|,,,,,Fighting]Incineroar||SafetyGoggles|Intimidate|PartingShot,KnockOff,FlareBlitz,FakeOut|||F|||50|,,,,,Ghost]Ursaluna||FlameOrb|Guts|Facade,HeadlongRush,Substitute,Protect|||M|||50|,,,,,Ghost]Tyranitar||AssaultVest|SandStream|LowKick,TeraBlast,RockSlide,KnockOff|||F|||50|,,,,,Fairy
|showteam|p2|Yanmega||FocusSash|SpeedBoost|Detect,Tailwind,AirSlash,BugBuzz|||F|||50|,,,,,Ghost]Samurott-Hisui||AssaultVest|Sharpness|SuckerPunch,AquaCutter,KnockOff,SacredSword|||M|||50|,,,,,Bug]Garchomp||LifeOrb|RoughSkin|Protect,Earthquake,StompingTantrum,DragonClaw|||M|||50|,,,,,Ground]Ninetales-Alola||CovertCloak|SnowWarning|Blizzard,FreezeDry,IcyWind,Encore|||F|||50|,,,,,Fire]Sneasler||WhiteHerb|Unburden|DireClaw,CloseCombat,Protect|||M|||50|,,,,,Stellar]Volcarona||SafetyGoggles|FlameBody|RagePowder,QuiverDance,TeraBlast,HeatWave|||F|||50|,,,,,Fairy
|inactive|Battle timer is ON: inactive players will automatically lose when time's up. (requested by SeeYouInSf)
|inactive|yassineVGC also wants the timer to be on.
|
|t:|1756241850
|teamsize|p1|4
|teamsize|p2|4
|start
|switch|p1a: Incineroar|Incineroar, L50, F|100/100
|switch|p1b: Porygon2|Porygon2, L50|100/100
|switch|p2a: Samurott|Samurott-Hisui, L50, M|100/100
|switch|p2b: Sneasler|Sneasler, L50, M|100/100
|-ability|p1a: Incineroar|Intimidate|boost
|-unboost|p2a: Samurott|atk|1
|-unboost|p2b: Sneasler|atk|1
|-ability|p1b: Porygon2|Download|boost
|-boost|p1b: Porygon2|atk|1
|-enditem|p2b: Sneasler|White Herb
|-clearnegativeboost|p2b: Sneasler|[silent]
|turn|1
|inactive|yassineVGC has 30 seconds left.
|inactive|SeeYouInSf has 30 seconds left.
|inactive|yassineVGC has 20 seconds left.
|inactive|SeeYouInSf has 20 seconds left.
|inactive|yassineVGC has 15 seconds left.
|inactive|yassineVGC has 10 seconds left.
|
|t:|1756241899
|move|p1a: Incineroar|Fake Out|p2b: Sneasler
|-damage|p2b: Sneasler|84/100
|cant|p2b: Sneasler|flinch
|move|p2a: Samurott|Aqua Cutter|p1a: Incineroar
|-supereffective|p1a: Incineroar
|-crit|p1a: Incineroar
|-damage|p1a: Incineroar|0 fnt
|faint|p1a: Incineroar
|move|p1b: Porygon2|Trick Room|p1b: Porygon2
|-fieldstart|move: Trick Room|[of] p1b: Porygon2
|
|upkeep
|
|t:|1756241912
|switch|p1a: Ursaluna|Ursaluna, L50, M|100/100
|turn|2
|
|t:|1756241929
|-terastallize|p1b: Porygon2|Fighting
|-terastallize|p2b: Sneasler|Stellar
|move|p1a: Ursaluna|Protect|p1a: Ursaluna
|-singleturn|p1a: Ursaluna|Protect
|move|p1b: Porygon2|Tera Blast|p2a: Samurott|[anim] Tera Blast Fighting
|-supereffective|p2a: Samurott
|-damage|p2a: Samurott|11/100
|move|p2a: Samurott|Knock Off|p1a: Ursaluna
|-activate|p1a: Ursaluna|move: Protect
|move|p2b: Sneasler|Close Combat|p1b: Porygon2
|-damage|p1b: Porygon2|46/100
|-unboost|p2b: Sneasler|def|1
|-unboost|p2b: Sneasler|spd|1
|
|-status|p1a: Ursaluna|brn|[from] item: Flame Orb
|upkeep
|turn|3
|inactive|yassineVGC has 30 seconds left.
|
|t:|1756241955
|move|p2b: Sneasler|Protect|p2b: Sneasler
|-singleturn|p2b: Sneasler|Protect
|move|p2a: Samurott|Sucker Punch|p1a: Ursaluna
|-damage|p1a: Ursaluna|84/100 brn
|move|p1b: Porygon2|Tera Blast|p2a: Samurott|[anim] Tera Blast Fighting
|-supereffective|p2a: Samurott
|-damage|p2a: Samurott|0 fnt
|faint|p2a: Samurott
|move|p1a: Ursaluna|Facade|p2b: Sneasler
|-activate|p2b: Sneasler|move: Protect
|
|-damage|p1a: Ursaluna|78/100 brn|[from] brn
|upkeep
|
|t:|1756241967
|switch|p2a: Volcarona|Volcarona, L50, F|100/100
|turn|4
|inactive|SeeYouInSf has 30 seconds left.
|
|t:|1756241997
|move|p2a: Volcarona|Rage Powder|p2a: Volcarona
|-singleturn|p2a: Volcarona|move: Rage Powder
|move|p1b: Porygon2|Ice Beam|p2a: Volcarona
|-resisted|p2a: Volcarona
|-damage|p2a: Volcarona|90/100
|move|p1a: Ursaluna|Facade|p2a: Volcarona
|-damage|p2a: Volcarona|0 fnt
|faint|p2a: Volcarona
|move|p2b: Sneasler|Close Combat|p1a: Ursaluna
|-supereffective|p1a: Ursaluna
|-damage|p1a: Ursaluna|0 fnt
|-unboost|p2b: Sneasler|def|1
|-unboost|p2b: Sneasler|spd|1
|faint|p1a: Ursaluna
|
|upkeep
|
|t:|1756242010
|switch|p1a: Tyranitar|Tyranitar, L50, F|100/100
|switch|p2a: Ninetales|Ninetales-Alola, L50, F|100/100
|-weather|Sandstorm|[from] ability: Sand Stream|[of] p1a: Tyranitar
|-weather|Snowscape|[from] ability: Snow Warning|[of] p2a: Ninetales
|turn|5
|
|t:|1756242034
|move|p2b: Sneasler|Protect|p2b: Sneasler
|-singleturn|p2b: Sneasler|Protect
|move|p1b: Porygon2|Recover|p1b: Porygon2
|-heal|p1b: Porygon2|96/100
|move|p1a: Tyranitar|Rock Slide|p2a: Ninetales|[spread] p2a
|-activate|p2b: Sneasler|move: Protect
|-supereffective|p2a: Ninetales
|-damage|p2a: Ninetales|44/100
|move|p2a: Ninetales|Encore|p1b: Porygon2
|-start|p1b: Porygon2|Encore
|
|-weather|Snowscape|[upkeep]
|-fieldend|move: Trick Room
|upkeep
|turn|6
|
|t:|1756242056
|move|p2b: Sneasler|Close Combat|p1a: Tyranitar
|-supereffective|p1a: Tyranitar
|-damage|p1a: Tyranitar|0 fnt
|-unboost|p2b: Sneasler|def|1
|-unboost|p2b: Sneasler|spd|1
|faint|p1a: Tyranitar
|move|p2a: Ninetales|Freeze-Dry|p1b: Porygon2
|-damage|p1b: Porygon2|82/100
|move|p1b: Porygon2|Recover|p1b: Porygon2
|-heal|p1b: Porygon2|100/100
|
|-weather|Snowscape|[upkeep]
|upkeep
|turn|7
|
|t:|1756242074
|move|p2b: Sneasler|Dire Claw|p1b: Porygon2
|-damage|p1b: Porygon2|66/100
|move|p2a: Ninetales|Blizzard|p1b: Porygon2
|-damage|p1b: Porygon2|49/100
|move|p1b: Porygon2|Recover|p1b: Porygon2
|-heal|p1b: Porygon2|99/100
|
|-weather|Snowscape|[upkeep]
|upkeep
|turn|8
|
|t:|1756242084
|move|p2b: Sneasler|Dire Claw|p1b: Porygon2
|-crit|p1b: Porygon2
|-damage|p1b: Porygon2|61/100
|move|p2a: Ninetales|Blizzard|p1b: Porygon2
|-damage|p1b: Porygon2|41/100
|move|p1b: Porygon2|Recover|p1b: Porygon2
|-heal|p1b: Porygon2|91/100
|
|-weather|Snowscape|[upkeep]
|-end|p1b: Porygon2|Encore
|upkeep
|turn|9
|
|t:|1756242101
|move|p2b: Sneasler|Dire Claw|p1b: Porygon2
|-damage|p1b: Porygon2|64/100
|move|p2a: Ninetales|Encore|p1b: Porygon2
|-start|p1b: Porygon2|Encore
|move|p1b: Porygon2|Recover|p1b: Porygon2
|-heal|p1b: Porygon2|100/100
|
|-weather|none
|upkeep
|turn|10
|
|t:|1756242113
|move|p2b: Sneasler|Dire Claw|p1b: Porygon2
|-damage|p1b: Porygon2|75/100
|move|p2a: Ninetales|Freeze-Dry|p1b: Porygon2
|-damage|p1b: Porygon2|62/100
|-status|p1b: Porygon2|frz
|-curestatus|p1b: Porygon2|frz|[msg]
|move|p1b: Porygon2|Recover|p1b: Porygon2
|-heal|p1b: Porygon2|100/100
|
|upkeep
|turn|11
|
|t:|1756242128
|move|p2b: Sneasler|Dire Claw|p1b: Porygon2
|-damage|p1b: Porygon2|72/100
|-status|p1b: Porygon2|slp
|move|p2a: Ninetales|Freeze-Dry|p1b: Porygon2
|-damage|p1b: Porygon2|59/100 slp
|cant|p1b: Porygon2|slp
|
|-end|p1b: Porygon2|Encore
|upkeep
|turn|12
|
|t:|1756242139
|move|p2b: Sneasler|Dire Claw|p1b: Porygon2
|-damage|p1b: Porygon2|34/100 slp
|move|p2a: Ninetales|Freeze-Dry|p1b: Porygon2
|-damage|p1b: Porygon2|23/100 slp
|-curestatus|p1b: Porygon2|slp|[msg]
|move|p1b: Porygon2|Tera Blast|p2b: Sneasler|[anim] Tera Blast Fighting
|-resisted|p2b: Sneasler
|-crit|p2b: Sneasler
|-damage|p2b: Sneasler|0 fnt
|faint|p2b: Sneasler
|
|upkeep
|turn|13
|c|☆SeeYouInSf|omfg
|
|t:|1756242154
|move|p2a: Ninetales|Freeze-Dry|p1b: Porygon2
|-damage|p1b: Porygon2|10/100
|move|p1b: Porygon2|Tera Blast|p2a: Ninetales|[anim] Tera Blast Fighting
|-damage|p2a: Ninetales|0 fnt
|faint|p2a: Ninetales
|
|win|SeeYouInSf
|raw|SeeYouInSf's rating: 1205 → 1222(+17 for winning)
|raw|yassineVGC's rating: 1090 → 1074(-16 for losing)
|c|☆yassineVGC|gg
|c|☆SeeYouInSf|gg
|l|☆yassineVGC
|player|p2|
