|j|☆Clementine1997
|j|☆browe
|html|Clementine1997browe    
|uhtml|bestof|Game 2 of a best-of-3
|t:|1757732830
|gametype|doubles
|player|p1|Clementine1997|clair|1060
|player|p2|browe|shadowtriad|1173
|gen|9
|tier|[Gen 9] VGC 2025 Reg H (Bo3)
|rated|
|rule|Species Clause: Limit one of each Pokémon
|rule|Item Clause: Limit 1 of each item
|clearpoke
|poke|p1|Whimsicott, L50, F|
|poke|p1|Rillaboom, L50, M|
|poke|p1|Charizard, L50, F|
|poke|p1|Kingambit, L50, M|
|poke|p1|Electabuzz, L50, M|
|poke|p1|Incineroar, L50, M|
|poke|p2|Sneasler, L50, M|
|poke|p2|Pelipper, L50, M|
|poke|p2|Basculegion, L50, M|
|poke|p2|Indeedee, L50, M|
|poke|p2|Amoonguss, L50, M|
|poke|p2|Archaludon, L50, F|
|teampreview|4
|showteam|p1|Whimsicott||CovertCloak|Prankster|Moonblast,Tailwind,Encore,SunnyDay|||F|||50|,,,,,Fire]Rillaboom||AssaultVest|GrassySurge|GrassyGlide,Uturn,FakeOut,HighHorsepower|||M|||50|,,,,,Fire]Charizard||ChoiceSpecs|SolarPower|HeatWave,AirSlash,DragonPulse,ScorchingSands|||F|||50|,,,,,Ghost]Kingambit||SafetyGoggles|Defiant|SuckerPunch,KowtowCleave,SwordsDance,Protect|||M|||50|,,,,,Ghost]Electabuzz||Eviolite|VitalSpirit|Electroweb,Taunt,FollowMe,ThunderWave|||M|||50|,,,,,Flying]Incineroar||SitrusBerry|Intimidate|FlareBlitz,KnockOff,FakeOut,PartingShot|||M|||50|,,,,,Grass
|showteam|p2|Sneasler||PsychicSeed|Unburden|DireClaw,CloseCombat,ThroatChop,Protect|||M|||50|,,,,,Dark]Pelipper||FocusSash|Drizzle|Hurricane,WeatherBall,Tailwind,Protect|||M|||50|,,,,,Ghost]Basculegion||ChoiceBand|SwiftSwim|WaveCrash,LastRespects,AquaJet,FlipTurn|||M|||50|,,,,,Grass]Indeedee||ChoiceScarf|PsychicSurge|ExpandingForce,DazzlingGleam,ShadowBall,Trick|||M|||50|,,,,,Psychic]Amoonguss||SitrusBerry|Regenerator|PollenPuff,RagePowder,ClearSmog,Spore|||M|||50|,,,,,Psychic]Archaludon||AssaultVest|Stamina|DracoMeteor,FlashCannon,ElectroShot,BodyPress|||F|||50|,,,,,Bug
|inactive|Battle timer is ON: inactive players will automatically lose when time's up. (requested by Clementine1997)
|
|t:|1757732842
|teamsize|p1|4
|teamsize|p2|4
|start
|switch|p1a: Whimsicott|Whimsicott, L50, F, shiny|100/100
|switch|p1b: Charizard|Charizard, L50, F, shiny|100/100
|switch|p2a: Pelipper|Pelipper, L50, M|100/100
|switch|p2b: Basculegion|Basculegion, L50, M|100/100
|-weather|RainDance|[from] ability: Drizzle|[of] p2a: Pelipper
|turn|1
|
|t:|1757732856
|move|p1a: Whimsicott|Sunny Day|p1a: Whimsicott
|-weather|SunnyDay
|move|p1b: Charizard|Air Slash|p2b: Basculegion
|-damage|p2b: Basculegion|25/100
|move|p2a: Pelipper|Weather Ball|p1a: Whimsicott
|-supereffective|p1a: Whimsicott
|-damage|p1a: Whimsicott|0 fnt
|faint|p1a: Whimsicott
|move|p2b: Basculegion|Flip Turn|p1b: Charizard
|-supereffective|p1b: Charizard
|-damage|p1b: Charizard|34/100
|
|t:|1757732871
|switch|p2b: Amoonguss|Amoonguss, L50, M|100/100|[from] Flip Turn
|
|-weather|SunnyDay|[upkeep]
|-damage|p1b: Charizard|21/100|[from] ability: Solar Power|[of] p1b: Charizard
|upkeep
|
|t:|1757732875
|switch|p1a: Kingambit|Kingambit, L50, M, shiny|100/100
|turn|2
|inactive|browe has 30 seconds left.
|inactive|browe has 20 seconds left.
|
|t:|1757732912
|switch|p2a: Archaludon|Archaludon, L50, F|100/100
|move|p1b: Charizard|Air Slash|p2b: Amoonguss|[miss]
|-miss|p1b: Charizard|p2b: Amoonguss
|move|p1a: Kingambit|Swords Dance|p1a: Kingambit
|-boost|p1a: Kingambit|atk|2
|move|p2b: Amoonguss|Pollen Puff|p2a: Archaludon
|
|-weather|SunnyDay|[upkeep]
|-damage|p1b: Charizard|9/100|[from] ability: Solar Power|[of] p1b: Charizard
|upkeep
|turn|3
|inactive|Clementine1997 has 30 seconds left.
|
|t:|1757732939
|switch|p2b: Pelipper|Pelipper, L50, M|100/100
|-weather|RainDance|[from] ability: Drizzle|[of] p2b: Pelipper
|-terastallize|p1a: Kingambit|Ghost
|move|p1a: Kingambit|Sucker Punch|p2a: Archaludon
|-damage|p2a: Archaludon|41/100
|-ability|p2a: Archaludon|Stamina|boost
|-boost|p2a: Archaludon|def|1
|move|p1b: Charizard|Air Slash|p2a: Archaludon
|-resisted|p2a: Archaludon
|-damage|p2a: Archaludon|25/100
|-ability|p2a: Archaludon|Stamina|boost
|-boost|p2a: Archaludon|def|1
|move|p2a: Archaludon|Electro Shot||[still]
|-prepare|p2a: Archaludon|Electro Shot
|-boost|p2a: Archaludon|spa|1
|-anim|p2a: Archaludon|Electro Shot|p1a: Kingambit
|-damage|p1a: Kingambit|45/100
|
|-weather|RainDance|[upkeep]
|upkeep
|turn|4
|inactive|browe has 30 seconds left.
|inactive|browe has 20 seconds left.
|
|t:|1757732975
|switch|p2a: Basculegion|Basculegion, L50, M|25/100
|move|p1a: Kingambit|Sucker Punch||[still]
|-fail|p1a: Kingambit
|move|p1b: Charizard|Air Slash|p2b: Pelipper
|-damage|p2b: Pelipper|13/100
|move|p2b: Pelipper|Hurricane|p1a: Kingambit
|-damage|p1a: Kingambit|0 fnt
|faint|p1a: Kingambit
|
|-weather|RainDance|[upkeep]
|upkeep
|
|t:|1757732978
|switch|p1a: Rillaboom|Rillaboom, L50, M, shiny|100/100
|-fieldstart|move: Grassy Terrain|[from] ability: Grassy Surge|[of] p1a: Rillaboom
|turn|5
|
|t:|1757732989
|move|p2b: Pelipper|Protect|p2b: Pelipper
|-singleturn|p2b: Pelipper|Protect
|move|p2a: Basculegion|Aqua Jet|p1b: Charizard
|-supereffective|p1b: Charizard
|-damage|p1b: Charizard|0 fnt
|faint|p1b: Charizard
|move|p1a: Rillaboom|Grassy Glide|p2a: Basculegion
|-supereffective|p2a: Basculegion
|-damage|p2a: Basculegion|0 fnt
|faint|p2a: Basculegion
|
|-weather|RainDance|[upkeep]
|upkeep
|
|t:|1757732995
|switch|p2a: Archaludon|Archaludon, L50, F|25/100
|turn|6
|
|t:|1757733005
|switch|p2a: Amoonguss|Amoonguss, L50, M|100/100
|move|p1a: Rillaboom|Grassy Glide|p2b: Pelipper
|-damage|p2b: Pelipper|0 fnt
|faint|p2b: Pelipper
|
|-weather|RainDance|[upkeep]
|upkeep
|
|t:|1757733009
|switch|p2b: Archaludon|Archaludon, L50, F|25/100
|turn|7
|
|t:|1757733029
|move|p2b: Archaludon|Draco Meteor|p1a: Rillaboom|[miss]
|-miss|p2b: Archaludon|p1a: Rillaboom
|move|p1a: Rillaboom|High Horsepower|p2b: Archaludon
|-supereffective|p2b: Archaludon
|-damage|p2b: Archaludon|0 fnt
|faint|p2b: Archaludon
|move|p2a: Amoonguss|Clear Smog|p1a: Rillaboom
|-supereffective|p1a: Rillaboom
|-damage|p1a: Rillaboom|77/100
|-clearboost|p1a: Rillaboom
|
|-weather|none
|-heal|p1a: Rillaboom|83/100|[from] Grassy Terrain
|upkeep
|turn|8
|
|t:|1757733037
|move|p1a: Rillaboom|High Horsepower|p2a: Amoonguss
|-damage|p2a: Amoonguss|74/100
|move|p2a: Amoonguss|Clear Smog|p1a: Rillaboom
|-supereffective|p1a: Rillaboom
|-damage|p1a: Rillaboom|59/100
|-clearboost|p1a: Rillaboom
|
|-heal|p1a: Rillaboom|65/100|[from] Grassy Terrain
|-heal|p2a: Amoonguss|80/100|[from] Grassy Terrain
|upkeep
|turn|9
|
|t:|1757733043
|move|p1a: Rillaboom|High Horsepower|p2a: Amoonguss
|-damage|p2a: Amoonguss|50/100
|-enditem|p2a: Amoonguss|Sitrus Berry|[eat]
|-heal|p2a: Amoonguss|75/100|[from] item: Sitrus Berry
|move|p2a: Amoonguss|Pollen Puff|p1a: Rillaboom
|-supereffective|p1a: Rillaboom
|-damage|p1a: Rillaboom|37/100
|
|-heal|p1a: Rillaboom|43/100|[from] Grassy Terrain
|-heal|p2a: Amoonguss|81/100|[from] Grassy Terrain
|-fieldend|move: Grassy Terrain
|upkeep
|turn|10
|
|t:|1757733047
|move|p1a: Rillaboom|High Horsepower|p2a: Amoonguss
|-damage|p2a: Amoonguss|52/100
|move|p2a: Amoonguss|Pollen Puff|p1a: Rillaboom
|-supereffective|p1a: Rillaboom
|-damage|p1a: Rillaboom|13/100
|
|upkeep
|turn|11
|
|t:|1757733054
|move|p1a: Rillaboom|High Horsepower|p2a: Amoonguss
|-damage|p2a: Amoonguss|23/100
|move|p2a: Amoonguss|Pollen Puff|p1a: Rillaboom
|-supereffective|p1a: Rillaboom
|-damage|p1a: Rillaboom|0 fnt
|faint|p1a: Rillaboom
|
|win|browe
|raw|Clementine1997's rating: 1060 → 1047(-13 for losing)
|raw|browe's rating: 1173 → 1190(+17 for winning)
|l|☆Clementine1997
|player|p1|
