|j|☆galgith
|j|☆Joseph Terastalin
|html|galgithJoseph Terastalin    
|uhtml|bestof|Game 2 of a best-of-3
|t:|1757249936
|gametype|doubles
|player|p1|galgith|steven|1029
|player|p2|Joseph Terastalin|blaine|1075
|gen|9
|tier|[Gen 9] VGC 2025 Reg H (Bo3)
|rated|
|rule|Species Clause: Limit one of each Pokémon
|rule|Item Clause: Limit 1 of each item
|clearpoke
|poke|p1|Dragapult, L50, M|
|poke|p1|Rillaboom, L50, M|
|poke|p1|Volcarona, L50, F|
|poke|p1|Incineroar, L50, M|
|poke|p1|Primarina, L50, F|
|poke|p1|Gholdengo, L50|
|poke|p2|Venusaur, L50, F|
|poke|p2|Torkoal, L50, M|
|poke|p2|Tyranitar, L50, F|
|poke|p2|Farigiraf, L50, F|
|poke|p2|Electabuzz, L50, F|
|poke|p2|Whimsicott, L50, F|
|teampreview|4
|showteam|p1|Dragapult||ChoiceBand|Infiltrator|DragonDarts,PhantomForce,TeraBlast,SuckerPunch|||M|||50|,,,,,Ghost]Rillaboom||AssaultVest|GrassySurge|FakeOut,GrassyGlide,WoodHammer,Uturn|||M|||50|,,,,,Fire]Volcarona||SitrusBerry|FlameBody|StruggleBug,RagePowder,FieryDance,Tailwind|||F|||50|,,,,,Water]Incineroar||SafetyGoggles|Intimidate|FakeOut,PartingShot,KnockOff,WillOWisp|||M|||50|,,,,,Bug]Primarina||LifeOrb|LiquidVoice|HyperVoice,Moonblast,Protect,Haze|||F|||50|,,,,,Steel]Gholdengo||MetalCoat|GoodasGold|ShadowBall,MakeItRain,NastyPlot,Protect||||||50|,,,,,Dragon
|showteam|p2|Venusaur||LifeOrb|Chlorophyll|Protect,SludgeBomb,GigaDrain,WeatherBall|||F|||50|,,,,,Rock]Torkoal||EjectPack|Drought|Overheat,BodyPress,HelpingHand,Yawn|||M|||50|,,,,,Grass]Tyranitar||ChoiceBand|SandStream|RockSlide,KnockOff,TeraBlast,HeavySlam|||F|||50|,,,,,Flying]Farigiraf||ThroatSpray|ArmorTail|Protect,HyperVoice,Psychic,TrickRoom|||F|||50|,,,,,Fairy]Electabuzz||Eviolite|VitalSpirit|Electroweb,Taunt,FollowMe,VoltSwitch|||F|||50|,,,,,Fairy]Whimsicott||FocusSash|Prankster|MistyTerrain,Tailwind,Moonblast,Endeavor|||F|||50|,,,,,Rock
|inactive|Battle timer is ON: inactive players will automatically lose when time's up. (requested by Joseph Terastalin)
|inactive|Joseph Terastalin has 60 seconds left.
|
|t:|1757249976
|teamsize|p1|4
|teamsize|p2|4
|start
|switch|p1a: Gholdengo|Gholdengo, L50|100/100
|switch|p1b: Incineroar|Incineroar, L50, M, shiny|100/100
|switch|p2a: Venusaur|Venusaur, L50, F|100/100
|switch|p2b: Tyranitar|Tyranitar, L50, F|100/100
|-ability|p1b: Incineroar|Intimidate|boost
|-unboost|p2a: Venusaur|atk|1
|-unboost|p2b: Tyranitar|atk|1
|-weather|Sandstorm|[from] ability: Sand Stream|[of] p2b: Tyranitar
|turn|1
|inactive|galgith has 30 seconds left.
|inactive|Joseph Terastalin has 30 seconds left.
|
|t:|1757250012
|switch|p2b: Torkoal|Torkoal, L50, M|100/100
|-weather|SunnyDay|[from] ability: Drought|[of] p2b: Torkoal
|move|p2a: Venusaur|Protect|p2a: Venusaur
|-singleturn|p2a: Venusaur|Protect
|move|p1b: Incineroar|Fake Out|p2b: Torkoal
|-damage|p2b: Torkoal|94/100
|move|p1a: Gholdengo|Make It Rain|p2a: Venusaur|[spread] p2b
|-activate|p2a: Venusaur|move: Protect
|-resisted|p2b: Torkoal
|-damage|p2b: Torkoal|59/100
|-unboost|p1a: Gholdengo|spa|1
|
|-weather|SunnyDay|[upkeep]
|upkeep
|turn|2
|inactive|galgith has 30 seconds left.
|inactive|Joseph Terastalin has 30 seconds left.
|
|t:|1757250046
|switch|p1a: Volcarona|Volcarona, L50, F|100/100
|move|p2a: Venusaur|Weather Ball|p1a: Volcarona
|-damage|p1a: Volcarona|48/100
|-enditem|p1a: Volcarona|Sitrus Berry|[eat]
|-heal|p1a: Volcarona|73/100|[from] item: Sitrus Berry
|-damage|p2a: Venusaur|91/100|[from] item: Life Orb
|move|p1b: Incineroar|Knock Off|p2a: Venusaur
|-damage|p2a: Venusaur|38/100
|-enditem|p2a: Venusaur|Life Orb|[from] move: Knock Off|[of] p1b: Incineroar
|move|p2b: Torkoal|Body Press|p1b: Incineroar
|-supereffective|p1b: Incineroar
|-damage|p1b: Incineroar|56/100
|
|-weather|SunnyDay|[upkeep]
|upkeep
|turn|3
|inactive|galgith has 30 seconds left.
|inactive|Joseph Terastalin has 30 seconds left.
|inactive|galgith has 20 seconds left.
|inactive|Joseph Terastalin has 20 seconds left.
|
|t:|1757250084
|switch|p1b: Primarina|Primarina, L50, F|100/100
|move|p2a: Venusaur|Protect|p2a: Venusaur
|-singleturn|p2a: Venusaur|Protect
|move|p1a: Volcarona|Struggle Bug|p2b: Torkoal|[spread] p2b
|-activate|p2a: Venusaur|move: Protect
|-resisted|p2b: Torkoal
|-damage|p2b: Torkoal|49/100
|-unboost|p2b: Torkoal|spa|1
|-enditem|p2b: Torkoal|Eject Pack
|
|t:|1757250101
|switch|p2b: Tyranitar|Tyranitar, L50, F|100/100
|-weather|Sandstorm|[from] ability: Sand Stream|[of] p2b: Tyranitar
|
|-weather|Sandstorm|[upkeep]
|-damage|p2a: Venusaur|32/100|[from] Sandstorm
|-damage|p1a: Volcarona|67/100|[from] Sandstorm
|-damage|p1b: Primarina|94/100|[from] Sandstorm
|upkeep
|turn|4
|inactive|galgith has 30 seconds left.
|inactive|Joseph Terastalin has 30 seconds left.
|inactive|galgith has 20 seconds left.
|
|t:|1757250141
|-terastallize|p1b: Primarina|Steel
|-terastallize|p2b: Tyranitar|Flying
|move|p2a: Venusaur|Weather Ball|p1a: Volcarona
|-supereffective|p1a: Volcarona
|-damage|p1a: Volcarona|0 fnt
|faint|p1a: Volcarona
|move|p1b: Primarina|Hyper Voice|p2b: Tyranitar|[spread] p2a,p2b
|-resisted|p2a: Venusaur
|-damage|p2a: Venusaur|5/100
|-damage|p2b: Tyranitar|64/100
|-damage|p1b: Primarina|84/100|[from] item: Life Orb
|move|p2b: Tyranitar|Rock Slide|p1b: Primarina
|-resisted|p1b: Primarina
|-damage|p1b: Primarina|50/100
|
|-weather|Sandstorm|[upkeep]
|-damage|p2a: Venusaur|0 fnt|[from] Sandstorm
|-damage|p2b: Tyranitar|58/100|[from] Sandstorm
|faint|p2a: Venusaur
|upkeep
|
|t:|1757250164
|switch|p2a: Torkoal|Torkoal, L50, M|49/100
|switch|p1a: Gholdengo|Gholdengo, L50|100/100
|-weather|SunnyDay|[from] ability: Drought|[of] p2a: Torkoal
|turn|5
|inactive|galgith has 30 seconds left.
|inactive|Joseph Terastalin has 30 seconds left.
|
|t:|1757250199
|switch|p2b: Farigiraf|Farigiraf, L50, F|100/100
|move|p1a: Gholdengo|Make It Rain|p2a: Torkoal|[spread] p2a,p2b
|-resisted|p2a: Torkoal
|-damage|p2a: Torkoal|15/100
|-damage|p2b: Farigiraf|48/100
|-unboost|p1a: Gholdengo|spa|1
|move|p1b: Primarina|Hyper Voice|p2b: Farigiraf|[spread] p2a,p2b
|-supereffective|p2a: Torkoal
|-damage|p2a: Torkoal|0 fnt
|-damage|p2b: Farigiraf|29/100
|faint|p2a: Torkoal
|-damage|p1b: Primarina|40/100|[from] item: Life Orb
|
|-weather|SunnyDay|[upkeep]
|upkeep
|
|t:|1757250203
|switch|p2a: Tyranitar|Tyranitar, L50, F, tera:Flying|58/100
|-weather|Sandstorm|[from] ability: Sand Stream|[of] p2a: Tyranitar
|turn|6
|inactive|galgith has 30 seconds left.
|
|t:|1757250230
|move|p1a: Gholdengo|Make It Rain|p2a: Tyranitar|[spread] p2a,p2b
|-damage|p2a: Tyranitar|28/100
|-damage|p2b: Farigiraf|0 fnt
|-unboost|p1a: Gholdengo|spa|1
|faint|p2b: Farigiraf
|move|p1b: Primarina|Hyper Voice|p2a: Tyranitar
|-damage|p2a: Tyranitar|0 fnt
|faint|p2a: Tyranitar
|-damage|p1b: Primarina|30/100|[from] item: Life Orb
|
|win|galgith
|raw|galgith's rating: 1029 → 1069(+40 for winning)
|raw|Joseph Terastalin's rating: 1075 → 1051(-24 for losing)
|l|☆Joseph Terastalin
|player|p2|
