|j|☆el nino vgc 21
|j|☆tennerps
|html|el nino vgc 21tennerps    
|uhtml|bestof|Game 3 of a best-of-3
|t:|1783659351
|gametype|doubles
|player|p1|el nino vgc 21|#smogonxnpa2026draftee|
|player|p2|tennerps|idol|
|gen|9
|tier|[Gen 9 Champions] VGC 2026 Reg M-B (Bo3)
|rule|Species Clause: Limit one of each Pokémon
|rule|Item Clause: Limit 1 of each item
|clearpoke
|poke|p1|Floette-Eternal, L50, F|
|poke|p1|Incineroar, L50, F, shiny|
|poke|p1|Sinistcha, L50, shiny|
|poke|p1|Kingambit, L50, M, shiny|
|poke|p1|Sneasler, L50, M, shiny|
|poke|p1|Feraligatr, L50, M, shiny|
|poke|p2|Mawile, L50, F|
|poke|p2|Basculegion, L50, M|
|poke|p2|Garchomp, L50, M|
|poke|p2|Whimsicott, L50, M|
|poke|p2|Farigiraf, L50, M|
|poke|p2|Charizard, L50, M|
|teampreview|4
|showteam|p1|Floette-Eternal||Floettite|FlowerVeil|DazzlingGleam,DrainingKiss,CalmMind,Protect|Timid||F|||50|]Incineroar||Leftovers|Intimidate|FakeOut,FlareBlitz,PartingShot,HelpingHand|Sassy||F|||50|]Sinistcha||SitrusBerry|Hospitality|MatchaGotcha,RagePowder,Protect,TrickRoom|Bold|||||50|]Kingambit||ChopleBerry|Defiant|KowtowCleave,SuckerPunch,IronHead,Protect|Adamant||M|||50|]Sneasler||FocusSash|Unburden|DireClaw,CloseCombat,FakeOut,Protect|Naive||M|||50|]Feraligatr||Feraligite|SheerForce|Liquidation,DragonDance,DoubleEdge,Protect|Adamant||M|||50|
|showteam|p2|Mawile||Mawilite|HyperCutter|PlayRough,SuckerPunch,IronHead,Protect|Adamant||F|||50|]Basculegion||MysticWater|Adaptability|WaveCrash,LastRespects,AquaJet,Protect|Adamant||M|||50|]Garchomp||LifeOrb|RoughSkin|Earthquake,DragonClaw,RockSlide,Protect|Jolly||M|||50|]Whimsicott||FocusSash|Prankster|Moonblast,Encore,Tailwind,Protect|Timid||M|||50|]Farigiraf||SitrusBerry|ArmorTail|TwinBeam,Thunderbolt,TrickRoom,HelpingHand|Bold||M|||50|]Charizard||CharizarditeY|Blaze|HeatWave,WeatherBall,SolarBeam,Protect|Modest||M|||50|
|j| triziateam
|j| Cos(wt)
|j| magnetman210
|j| vrocehpalon
|j| dangernoodlevgc
|inactive|Battle timer is ON: inactive players will automatically lose when time's up. (requested by el nino vgc 21)
|inactive|tennerps has 60 seconds left.
|
|t:|1783659408
|teamsize|p1|4
|teamsize|p2|4
|start
|switch|p1a: Sneasler|Sneasler, L50, M, shiny|100/100
|switch|p1b: Kingambit|Kingambit, L50, M, shiny|100/100
|switch|p2a: Whimsicott|Whimsicott, L50, M|100/100
|switch|p2b: Mawile|Mawile, L50, F|100/100
|turn|1
|inactive|el nino vgc 21 has 30 seconds left.
|
|t:|1783659438
|move|p2a: Whimsicott|Protect|p2a: Whimsicott
|-singleturn|p2a: Whimsicott|Protect
|move|p2b: Mawile|Protect|p2b: Mawile
|-singleturn|p2b: Mawile|Protect
|move|p1a: Sneasler|Dire Claw|p2a: Whimsicott
|-activate|p2a: Whimsicott|move: Protect
|move|p1b: Kingambit|Iron Head|p2b: Mawile
|-activate|p2b: Mawile|move: Protect
|
|upkeep
|turn|2
|inactive|tennerps has 30 seconds left.
|
|t:|1783659465
|switch|p2a: Garchomp|Garchomp, L50, M|100/100
|detailschange|p2b: Mawile|Mawile-Mega, L50, F
|-mega|p2b: Mawile|Mawile|Mawilite
|move|p1b: Kingambit|Protect|p1b: Kingambit
|-singleturn|p1b: Kingambit|Protect
|move|p1a: Sneasler|Close Combat|p2b: Mawile
|-damage|p2b: Mawile|34/100
|-unboost|p1a: Sneasler|def|1
|-unboost|p1a: Sneasler|spd|1
|move|p2b: Mawile|Iron Head|p1a: Sneasler
|-enditem|p1a: Sneasler|Focus Sash
|-damage|p1a: Sneasler|1/100
|
|upkeep
|turn|3
|inactive|el nino vgc 21 has 30 seconds left.
|inactive|tennerps has 30 seconds left.
|inactive|tennerps has 20 seconds left.
|inactive|el nino vgc 21 has 20 seconds left.
|inactive|tennerps has 15 seconds left.
|inactive|el nino vgc 21 has 15 seconds left.
|inactive|tennerps has 10 seconds left.
|
|t:|1783659513
|switch|p1a: Incineroar|Incineroar, L50, F, shiny|100/100
|-ability|p1a: Incineroar|Intimidate|boost
|-unboost|p2a: Garchomp|atk|1
|-unboost|p2b: Mawile|atk|1
|move|p2a: Garchomp|Protect|p2a: Garchomp
|-singleturn|p2a: Garchomp|Protect
|move|p2b: Mawile|Sucker Punch||[still]
|-fail|p2b: Mawile
|move|p1b: Kingambit|Kowtow Cleave|p2a: Garchomp
|-activate|p2a: Garchomp|move: Protect
|
|upkeep
|turn|4
|inactive|tennerps has 30 seconds left.
|
|t:|1783659539
|switch|p2a: Whimsicott|Whimsicott, L50, M|100/100
|switch|p2b: Basculegion|Basculegion, L50, M|100/100
|move|p1a: Incineroar|Parting Shot|p2a: Whimsicott
|-unboost|p2a: Whimsicott|atk|1
|-unboost|p2a: Whimsicott|spa|1
|
|t:|1783659546
|switch|p1a: Floette|Floette-Eternal, L50, F|100/100|[from] Parting Shot
|move|p1b: Kingambit|Iron Head|p2b: Basculegion
|-resisted|p2b: Basculegion|1
|-damage|p2b: Basculegion|71/100
|
|upkeep
|turn|5
|inactive|tennerps has 30 seconds left.
|
|t:|1783659574
|detailschange|p1a: Floette|Floette-Mega, L50, F
|-mega|p1a: Floette|Floette|Floettite
|-ability|p1a: Floette|Fairy Aura
|move|p2b: Basculegion|Protect|p2b: Basculegion
|-singleturn|p2b: Basculegion|Protect
|move|p2a: Whimsicott|Tailwind|p2a: Whimsicott
|-sidestart|p2: tennerps|move: Tailwind
|move|p1b: Kingambit|Sucker Punch||[still]
|-fail|p1b: Kingambit
|move|p1a: Floette|Dazzling Gleam|p2a: Whimsicott|[spread] p2a
|-activate|p2b: Basculegion|move: Protect
|-crit|p2a: Whimsicott
|-damage|p2a: Whimsicott|1/100
|
|upkeep
|turn|6
|inactive|tennerps has 30 seconds left.
|
|t:|1783659600
|move|p2a: Whimsicott|Encore|p1a: Floette
|-start|p1a: Floette|Encore
|move|p2b: Basculegion|Aqua Jet|p1b: Kingambit
|-damage|p1b: Kingambit|75/100
|move|p1b: Kingambit|Sucker Punch||[still]
|-fail|p1b: Kingambit
|move|p1a: Floette|Dazzling Gleam|p2b: Basculegion|[spread] p2a,p2b
|-damage|p2a: Whimsicott|0 fnt
|-damage|p2b: Basculegion|26/100
|faint|p2a: Whimsicott
|
|upkeep
|
|t:|1783659611
|switch|p2a: Garchomp|Garchomp, L50, M|100/100
|turn|7
|j| SurfingJackal
|
|t:|1783659620
|switch|p1b: Incineroar|Incineroar, L50, F, shiny|100/100
|-ability|p1b: Incineroar|Intimidate|boost
|-unboost|p2a: Garchomp|atk|1
|-unboost|p2b: Basculegion|atk|1
|move|p2b: Basculegion|Protect|p2b: Basculegion
|-singleturn|p2b: Basculegion|Protect
|move|p2a: Garchomp|Earthquake|p1b: Incineroar|[spread] p1a,p1b
|-activate|p2b: Basculegion|move: Protect
|-supereffective|p1b: Incineroar|1
|-damage|p1a: Floette|65/100
|-damage|p1b: Incineroar|46/100
|-damage|p2a: Garchomp|90/100|[from] item: Life Orb
|move|p1a: Floette|Dazzling Gleam|p2b: Basculegion|[spread] p2a
|-activate|p2b: Basculegion|move: Protect
|-supereffective|p2a: Garchomp|1
|-damage|p2a: Garchomp|0 fnt
|faint|p2a: Garchomp
|
|-heal|p1b: Incineroar|51/100|[from] item: Leftovers
|upkeep
|
|t:|1783659635
|switch|p2a: Mawile|Mawile-Mega, L50, F|34/100
|turn|8
|inactive|tennerps has 30 seconds left.
|
|t:|1783659667
|switch|p1a: Sneasler|Sneasler, L50, M, shiny|1/100
|move|p1b: Incineroar|Fake Out|p2a: Mawile
|-resisted|p2a: Mawile|1
|-damage|p2a: Mawile|28/100
|move|p2b: Basculegion|Wave Crash|p1b: Incineroar
|-supereffective|p1b: Incineroar|1
|-damage|p1b: Incineroar|0 fnt
|faint|p1b: Incineroar
|-damage|p2b: Basculegion|9/100|[from] Recoil
|cant|p2a: Mawile|flinch
|
|-sideend|p2: tennerps|move: Tailwind
|upkeep
|
|t:|1783659681
|switch|p1b: Floette|Floette-Mega, L50, F|65/100
|-ability|p1b: Floette|Fairy Aura
|turn|9
|
|t:|1783659693
|move|p2a: Mawile|Protect|p2a: Mawile
|-singleturn|p2a: Mawile|Protect
|move|p1a: Sneasler|Fake Out|p2a: Mawile
|-activate|p2a: Mawile|move: Protect
|move|p2b: Basculegion|Aqua Jet|p1a: Sneasler
|-damage|p1a: Sneasler|0 fnt
|faint|p1a: Sneasler
|move|p1b: Floette|Dazzling Gleam|p2b: Basculegion|[spread] p2b
|-activate|p2a: Mawile|move: Protect
|-damage|p2b: Basculegion|0 fnt
|faint|p2b: Basculegion
|
|upkeep
|
|t:|1783659698
|switch|p1a: Kingambit|Kingambit, L50, M, shiny|75/100
|turn|10
|l| triziateam
|c|☆tennerps|ggs
|c|☆el nino vgc 21|gg
|j| triziateam
|
|t:|1783659722
|move|p1a: Kingambit|Sucker Punch|p2a: Mawile
|-resisted|p2a: Mawile|1
|-damage|p2a: Mawile|6/100
|move|p1b: Floette|Dazzling Gleam|p2a: Mawile
|-resisted|p2a: Mawile|1
|-damage|p2a: Mawile|0 fnt
|faint|p2a: Mawile
|
|win|el nino vgc 21
|l| magnetman210
|l| Cos(wt)
|l| SurfingJackal
|l| dangernoodlevgc
