|j|‽EDJPP
|j|☆imsochove
|html|EDJPPimsochove    
|uhtml|bestof|Game 2 of a best-of-3
|t:|1785876796
|gametype|doubles
|player|p1|EDJPP|volkner|1177
|player|p2|imsochove|2|1236
|gen|9
|tier|[Gen 9 Champions] VGC 2026 Reg M-B (Bo3)
|rated|
|rule|Species Clause: Limit one of each Pokémon
|rule|Item Clause: Limit 1 of each item
|clearpoke
|poke|p1|Froslass, L50, F|
|poke|p1|Lycanroc-Dusk, L50, M|
|poke|p1|Sneasler, L50, M|
|poke|p1|Corviknight, L50, M|
|poke|p1|Garchomp, L50, F|
|poke|p1|Tsareena, L50, F|
|poke|p2|Staraptor, L50, M|
|poke|p2|Incineroar, L50, F|
|poke|p2|Toxapex, L50, F|
|poke|p2|Tyranitar, L50, F|
|poke|p2|Excadrill, L50, M|
|poke|p2|Venusaur, L50, F|
|teampreview|4
|showteam|p1|Froslass||Froslassite|SnowCloak|Blizzard,Protect,ShadowBall,AuroraVeil|Timid||F|||50|]Lycanroc-Dusk||ExpertBelt|ToughClaws|Accelerock,CloseCombat,RockSlide,Protect|Adamant||M|||50|]Sneasler||WhiteHerb|Unburden|CloseCombat,FakeOut,DireClaw,Protect|Jolly||M|||50|]Corviknight||Leftovers|MirrorArmor|BraveBird,Tailwind,IronHead,Roost|Adamant||M|||50|]Garchomp||ChoiceScarf|RoughSkin|StompingTantrum,DragonClaw,RockTomb,IronHead|Jolly||F|||50|]Tsareena||WideLens|QueenlyMajesty|Taunt,HighJumpKick,PowerWhip,Protect|Jolly||F|||50|
|showteam|p2|Staraptor||Staraptite|Intimidate|BraveBird,CloseCombat,Roost,Protect|Jolly||M|||50|]Incineroar||SitrusBerry|Intimidate|FakeOut,PartingShot,DarkestLariat,FlareBlitz|Sassy||F|||50|]Toxapex||Leftovers|Regenerator|Infestation,Toxic,WideGuard,BanefulBunker|Bold||F|||50|]Tyranitar||ChoiceScarf|SandStream|RockSlide,KnockOff,IcePunch,LowKick|Jolly||F|||50|]Excadrill||FocusSash|SandRush|HighHorsepower,RockSlide,IronHead,Protect|Jolly||M|||50|]Venusaur||Venusaurite|Overgrow|GigaDrain,EarthPower,SludgeBomb,Protect|Modest||F|||50|
|inactive|Battle timer is ON: inactive players will automatically lose when time's up. (requested by EDJPP)
|
|t:|1785876820
|teamsize|p1|4
|teamsize|p2|4
|start
|switch|p1a: Froslass|Froslass, L50, F|100/100
|switch|p1b: Sneasler|Sneasler, L50, M|100/100
|switch|p2a: Staraptor|Staraptor, L50, M|100/100
|switch|p2b: Incineroar|Incineroar, L50, F|100/100
|-ability|p2a: Staraptor|Intimidate|boost
|-unboost|p1a: Froslass|atk|1
|-unboost|p1b: Sneasler|atk|1
|-ability|p2b: Incineroar|Intimidate|boost
|-unboost|p1a: Froslass|atk|1
|-unboost|p1b: Sneasler|atk|1
|-enditem|p1b: Sneasler|White Herb
|-clearnegativeboost|p1b: Sneasler|[silent]
|turn|1
|inactive|EDJPP has 30 seconds left.
|inactive|EDJPP has 20 seconds left.
|
|t:|1785876860
|switch|p2b: Toxapex|Toxapex, L50, F|100/100
|detailschange|p1a: Froslass|Froslass-Mega, L50, F
|-mega|p1a: Froslass|Froslass|Froslassite
|-weather|Snowscape|[from] ability: Snow Warning|[of] p1a: Froslass
|detailschange|p2a: Staraptor|Staraptor-Mega, L50, M
|-mega|p2a: Staraptor|Staraptor|Staraptite
|move|p1b: Sneasler|Protect|p1b: Sneasler
|-singleturn|p1b: Sneasler|Protect
|move|p2a: Staraptor|Protect|p2a: Staraptor
|-singleturn|p2a: Staraptor|Protect
|move|p1a: Froslass|Aurora Veil|p1a: Froslass
|-sidestart|p1: EDJPP|move: Aurora Veil
|
|-weather|Snowscape|[upkeep]
|upkeep
|turn|2
|inactive|imsochove has 30 seconds left.
|
|t:|1785876885
|move|p1b: Sneasler|Dire Claw|p2a: Staraptor
|-damage|p2a: Staraptor|58/100
|move|p1a: Froslass|Shadow Ball|p2a: Staraptor
|-damage|p2a: Staraptor|15/100
|-boost|p2a: Staraptor|spd|1
|move|p2a: Staraptor|Close Combat|p1b: Sneasler
|-resisted|p1b: Sneasler|1
|-damage|p1b: Sneasler|67/100
|-boost|p2a: Staraptor|def|1
|-boost|p2a: Staraptor|spd|1
|move|p2b: Toxapex|Toxic|p1a: Froslass
|-status|p1a: Froslass|tox
|
|-weather|Snowscape|[upkeep]
|-damage|p1a: Froslass|93/100 tox|[from] psn
|upkeep
|turn|3
|
|t:|1785876906
|move|p2b: Toxapex|Wide Guard|p2b: Toxapex
|-singleturn|p2b: Toxapex|Wide Guard
|move|p1b: Sneasler|Dire Claw|p2a: Staraptor
|-damage|p2a: Staraptor|0 fnt
|faint|p2a: Staraptor
|move|p1a: Froslass|Shadow Ball|p2b: Toxapex
|-damage|p2b: Toxapex|64/100
|
|-weather|Snowscape|[upkeep]
|-heal|p2b: Toxapex|70/100|[from] item: Leftovers
|-damage|p1a: Froslass|81/100 tox|[from] psn
|upkeep
|
|t:|1785876912
|switch|p2a: Incineroar|Incineroar, L50, F|100/100
|-ability|p2a: Incineroar|Intimidate|boost
|-unboost|p1a: Froslass|atk|1
|-unboost|p1b: Sneasler|atk|1
|turn|4
|
|t:|1785876922
|switch|p1a: Tsareena|Tsareena, L50, F|100/100
|move|p1b: Sneasler|Close Combat|p2a: Incineroar
|-supereffective|p2a: Incineroar|1
|-damage|p2a: Incineroar|28/100
|-unboost|p1b: Sneasler|def|1
|-unboost|p1b: Sneasler|spd|1
|-enditem|p2a: Incineroar|Sitrus Berry|[eat]
|-heal|p2a: Incineroar|53/100|[from] item: Sitrus Berry
|move|p2a: Incineroar|Darkest Lariat|p1a: Tsareena
|-damage|p1a: Tsareena|71/100
|move|p2b: Toxapex|Infestation|p1b: Sneasler
|-resisted|p1b: Sneasler|2
|-damage|p1b: Sneasler|66/100
|-activate|p1b: Sneasler|move: Infestation|[of] p2b: Toxapex
|
|-weather|Snowscape|[upkeep]
|-heal|p2b: Toxapex|76/100|[from] item: Leftovers
|-damage|p1b: Sneasler|54/100|[from] move: Infestation|[partiallytrapped]
|upkeep
|turn|5
|inactive|EDJPP has 30 seconds left.
|inactive|imsochove has 30 seconds left.
|
|t:|1785876952
|move|p2b: Toxapex|Baneful Bunker|p2b: Toxapex
|-singleturn|p2b: Toxapex|move: Protect
|move|p1b: Sneasler|Dire Claw|p2b: Toxapex
|-activate|p2b: Toxapex|move: Protect
|move|p1a: Tsareena|High Jump Kick|p2a: Incineroar
|-supereffective|p2a: Incineroar|1
|-damage|p2a: Incineroar|0 fnt
|faint|p2a: Incineroar
|
|-weather|none
|-heal|p2b: Toxapex|82/100|[from] item: Leftovers
|-damage|p1b: Sneasler|42/100|[from] move: Infestation|[partiallytrapped]
|-sideend|p1: EDJPP|move: Aurora Veil
|upkeep
|
|t:|1785876960
|switch|p2a: Tyranitar|Tyranitar, L50, F|100/100
|-weather|Sandstorm|[from] ability: Sand Stream|[of] p2a: Tyranitar
|turn|6
|
|t:|1785876980
|move|p1b: Sneasler|Close Combat|p2a: Tyranitar
|-supereffective|p2a: Tyranitar|2
|-damage|p2a: Tyranitar|0 fnt
|-unboost|p1b: Sneasler|def|1
|-unboost|p1b: Sneasler|spd|1
|faint|p2a: Tyranitar
|move|p1a: Tsareena|Power Whip|p2b: Toxapex|[miss]
|-miss|p1a: Tsareena|p2b: Toxapex
|move|p2b: Toxapex|Toxic|p1a: Tsareena
|-status|p1a: Tsareena|tox
|
|-weather|Sandstorm|[upkeep]
|-damage|p1b: Sneasler|36/100|[from] Sandstorm
|-damage|p1a: Tsareena|65/100 tox|[from] Sandstorm
|-damage|p2b: Toxapex|76/100|[from] Sandstorm
|-heal|p2b: Toxapex|82/100|[from] item: Leftovers
|-damage|p1a: Tsareena|59/100 tox|[from] psn
|-damage|p1b: Sneasler|24/100|[from] move: Infestation|[partiallytrapped]
|upkeep
|turn|7
|
|t:|1785877000
|move|p2b: Toxapex|Baneful Bunker|p2b: Toxapex
|-singleturn|p2b: Toxapex|move: Protect
|move|p1b: Sneasler|Dire Claw|p2b: Toxapex
|-activate|p2b: Toxapex|move: Protect
|move|p1a: Tsareena|Power Whip|p2b: Toxapex
|-activate|p2b: Toxapex|move: Protect
|
|-weather|Sandstorm|[upkeep]
|-damage|p1b: Sneasler|19/100|[from] Sandstorm
|-damage|p1a: Tsareena|53/100 tox|[from] Sandstorm
|-damage|p2b: Toxapex|76/100|[from] Sandstorm
|-heal|p2b: Toxapex|82/100|[from] item: Leftovers
|-damage|p1a: Tsareena|41/100 tox|[from] psn
|-damage|p1b: Sneasler|7/100|[from] move: Infestation|[partiallytrapped]
|upkeep
|turn|8
|
|t:|1785877010
|move|p1b: Sneasler|Close Combat|p2b: Toxapex
|-resisted|p2b: Toxapex|1
|-damage|p2b: Toxapex|68/100
|-unboost|p1b: Sneasler|def|1
|-unboost|p1b: Sneasler|spd|1
|move|p1a: Tsareena|Power Whip|p2b: Toxapex
|-damage|p2b: Toxapex|30/100
|move|p2b: Toxapex|Infestation|p1a: Tsareena
|-supereffective|p1a: Tsareena|1
|-damage|p1a: Tsareena|33/100 tox
|-activate|p1a: Tsareena|move: Infestation|[of] p2b: Toxapex
|
|-weather|Sandstorm|[upkeep]
|-damage|p1b: Sneasler|1/100|[from] Sandstorm
|-damage|p1a: Tsareena|27/100 tox|[from] Sandstorm
|-damage|p2b: Toxapex|24/100|[from] Sandstorm
|-heal|p2b: Toxapex|30/100|[from] item: Leftovers
|-damage|p1a: Tsareena|9/100 tox|[from] psn
|-end|p1b: Sneasler|Infestation|[partiallytrapped]
|-damage|p1a: Tsareena|0 fnt|[from] move: Infestation|[partiallytrapped]
|faint|p1a: Tsareena
|upkeep
|
|t:|1785877021
|switch|p1a: Froslass|Froslass-Mega, L50, F|81/100 tox
|-weather|Snowscape|[from] ability: Snow Warning|[of] p1a: Froslass
|turn|9
|
|t:|1785877028
|switch|p1b: Garchomp|Garchomp, L50, F|100/100
|move|p2b: Toxapex|Baneful Bunker|p2b: Toxapex
|-singleturn|p2b: Toxapex|move: Protect
|move|p1a: Froslass|Shadow Ball|p2b: Toxapex
|-activate|p2b: Toxapex|move: Protect
|
|-weather|Snowscape|[upkeep]
|-heal|p2b: Toxapex|36/100|[from] item: Leftovers
|-damage|p1a: Froslass|75/100 tox|[from] psn
|upkeep
|turn|10
|-message|imsochove forfeited.
|
|win|EDJPP
|l|☆imsochove
|player|p2|
||imsochove is ready for game 3.
