|j|☆AncientFuture
|j|☆L1onHeart10
|html|AncientFutureL1onHeart10    
|uhtml|bestof|Game 2 of a best-of-3
|t:|1783552335
|gametype|doubles
|player|p1|AncientFuture|benga|
|player|p2|L1onHeart10|cyclist-gen4|
|gen|9
|tier|[Gen 9 Champions] VGC 2026 Reg M-B (Bo3)
|rule|Species Clause: Limit one of each Pokémon
|rule|Item Clause: Limit 1 of each item
|clearpoke
|poke|p1|Blaziken, L50, M|
|poke|p1|Aerodactyl, L50, F|
|poke|p1|Kingambit, L50, M|
|poke|p1|Basculegion, L50, M|
|poke|p1|Sylveon, L50, F|
|poke|p1|Torkoal, L50, F|
|poke|p2|Grimmsnarl, L50, M|
|poke|p2|Swampert, L50, M|
|poke|p2|Pelipper, L50, M|
|poke|p2|Archaludon, L50, M|
|poke|p2|Sinistcha, L50|
|poke|p2|Metagross, L50|
|teampreview|4
|showteam|p1|Blaziken||Blazikenite|SpeedBoost|FlareBlitz,CloseCombat,Protect,RockSlide|Adamant||M|||50|]Aerodactyl||Aerodactylite|Unnerve|RockSlide,DualWingbeat,IceFang,Tailwind|Jolly||F|||50|]Kingambit||LifeOrb|Defiant|KowtowCleave,Protect,IronHead,SuckerPunch|Adamant||M|||50|]Basculegion||FocusSash|Adaptability|Liquidation,Protect,LastRespects,AquaJet|Adamant||M|||50|]Sylveon||FairyFeather|Pixilate|HyperVoice,Moonblast,QuickAttack,Protect|Modest||F|||50|]Torkoal||Leftovers|Drought|BurningJealousy,WeatherBall,Protect,Yawn|Relaxed||F|||50|
|showteam|p2|Grimmsnarl||LightClay|Prankster|FoulPlay,PartingShot,Reflect,LightScreen|Calm||M|||50|]Swampert||Swampertite|Damp|WaveCrash,Earthquake,IcePunch,Protect|Adamant||M|||50|]Pelipper||SitrusBerry|Drizzle|Hurricane,WeatherBall,Tailwind,WideGuard|Modest||M|||50|]Archaludon||Leftovers|Stamina|ElectroShot,DragonPulse,FlashCannon,Protect|Modest||M|||50|]Sinistcha||CobaBerry|Hospitality|MatchaGotcha,RagePowder,TrickRoom,Protect|Relaxed|||||50|]Metagross||Metagrossite|ClearBody|IronHead,PsychicFangs,BodyPress,Protect|Jolly|||||50|
|j| Evelyie
|j| TemporalDonut
|
|t:|1783552381
|teamsize|p1|4
|teamsize|p2|4
|start
|switch|p1a: Aerodactyl|Aerodactyl, L50, F|100/100
|switch|p1b: Sylveon|Sylveon, L50, F|100/100
|switch|p2a: Grimmsnarl|Grimmsnarl, L50, M|100/100
|switch|p2b: Swampert|Swampert, L50, M|100/100
|-ability|p1a: Aerodactyl|Unnerve
|turn|1
|
|t:|1783552437
|detailschange|p1a: Aerodactyl|Aerodactyl-Mega, L50, F
|-mega|p1a: Aerodactyl|Aerodactyl|Aerodactylite
|detailschange|p2b: Swampert|Swampert-Mega, L50, M
|-mega|p2b: Swampert|Swampert|Swampertite
|move|p2a: Grimmsnarl|Light Screen|p2a: Grimmsnarl
|-sidestart|p2: L1onHeart10|move: Light Screen
|move|p1a: Aerodactyl|Tailwind|p1a: Aerodactyl
|-sidestart|p1: AncientFuture|move: Tailwind
|move|p1b: Sylveon|Hyper Voice|p2b: Swampert|[spread] p2a,p2b
|-supereffective|p2a: Grimmsnarl|1
|-damage|p2a: Grimmsnarl|44/100
|-damage|p2b: Swampert|72/100
|move|p2b: Swampert|Wave Crash|p1b: Sylveon
|-damage|p1b: Sylveon|3/100
|-damage|p2b: Swampert|42/100|[from] Recoil
|
|upkeep
|turn|2
|
|t:|1783552456
|move|p2b: Swampert|Protect|p2b: Swampert
|-singleturn|p2b: Swampert|Protect
|move|p2a: Grimmsnarl|Parting Shot|p1a: Aerodactyl
|-unboost|p1a: Aerodactyl|atk|1
|-unboost|p1a: Aerodactyl|spa|1
|
|t:|1783552461
|switch|p2a: Sinistcha|Sinistcha, L50|100/100|[from] Parting Shot
|-heal|p2b: Swampert|67/100|[from] ability: Hospitality|[of] p2a: Sinistcha
|move|p1a: Aerodactyl|Dual Wingbeat|p2b: Swampert
|-activate|p2b: Swampert|move: Protect
|move|p1b: Sylveon|Hyper Voice|p2a: Sinistcha|[spread] p2a
|-activate|p2b: Swampert|move: Protect
|-damage|p2a: Sinistcha|71/100
|
|upkeep
|turn|3
|
|t:|1783552476
|move|p1a: Aerodactyl|Dual Wingbeat|p2b: Swampert
|-damage|p2b: Swampert|51/100
|-damage|p2b: Swampert|35/100
|-hitcount|p2b: Swampert|2
|move|p1b: Sylveon|Hyper Voice|p2b: Swampert|[spread] p2a,p2b
|-damage|p2a: Sinistcha|41/100
|-damage|p2b: Swampert|5/100
|move|p2b: Swampert|Wave Crash|p1a: Aerodactyl
|-supereffective|p1a: Aerodactyl|1
|-damage|p1a: Aerodactyl|0 fnt
|faint|p1a: Aerodactyl
|-damage|p2b: Swampert|0 fnt|[from] Recoil
|faint|p2b: Swampert
|move|p2a: Sinistcha|Matcha Gotcha|p1b: Sylveon|[miss]
|-miss|p2a: Sinistcha|p1b: Sylveon
|
|upkeep
|
|t:|1783552493
|switch|p1a: Basculegion|Basculegion, L50, M|100/100
|switch|p2b: Pelipper|Pelipper, L50, M|100/100
|-weather|RainDance|[from] ability: Drizzle|[of] p2b: Pelipper
|turn|4
|
|t:|1783552506
|move|p2b: Pelipper|Wide Guard|p2b: Pelipper
|-singleturn|p2b: Pelipper|Wide Guard
|move|p1a: Basculegion|Last Respects|p2b: Pelipper
|-damage|p2b: Pelipper|30/100
|-enditem|p2b: Pelipper|Sitrus Berry|[eat]
|-heal|p2b: Pelipper|55/100|[from] item: Sitrus Berry
|move|p1b: Sylveon|Moonblast|p2a: Sinistcha
|-damage|p2a: Sinistcha|5/100
|move|p2a: Sinistcha|Matcha Gotcha|p1b: Sylveon|[spread] p1a,p1b
|-supereffective|p1a: Basculegion|1
|-damage|p1a: Basculegion|40/100
|-heal|p2a: Sinistcha|38/100|[from] drain|[of] p1a: Basculegion
|-damage|p1b: Sylveon|0 fnt
|-heal|p2a: Sinistcha|39/100|[from] drain|[of] p1b: Sylveon
|faint|p1b: Sylveon
|
|-weather|RainDance|[upkeep]
|-sideend|p1: AncientFuture|move: Tailwind
|upkeep
|
|t:|1783552522
|switch|p1b: Torkoal|Torkoal, L50, F|100/100
|-weather|SunnyDay|[from] ability: Drought|[of] p1b: Torkoal
|turn|5
|
|t:|1783552554
|switch|p2b: Grimmsnarl|Grimmsnarl, L50, M|44/100
|move|p2a: Sinistcha|Protect|p2a: Sinistcha
|-singleturn|p2a: Sinistcha|Protect
|move|p1a: Basculegion|Last Respects|p2a: Sinistcha
|-activate|p2a: Sinistcha|move: Protect
|move|p1b: Torkoal|Weather Ball|p2b: Grimmsnarl
|-damage|p2b: Grimmsnarl|11/100
|
|-weather|SunnyDay|[upkeep]
|upkeep
|turn|6
|
|t:|1783552588
|move|p1a: Basculegion|Protect|p1a: Basculegion
|-singleturn|p1a: Basculegion|Protect
|move|p2b: Grimmsnarl|Parting Shot|p1b: Torkoal
|-unboost|p1b: Torkoal|atk|1
|-unboost|p1b: Torkoal|spa|1
|
|t:|1783552593
|switch|p2b: Pelipper|Pelipper, L50, M|55/100|[from] Parting Shot
|-weather|RainDance|[from] ability: Drizzle|[of] p2b: Pelipper
|move|p2a: Sinistcha|Matcha Gotcha|p1a: Basculegion|[spread] p1b
|-activate|p1a: Basculegion|move: Protect
|-resisted|p1b: Torkoal|1
|-damage|p1b: Torkoal|87/100
|-heal|p2a: Sinistcha|46/100|[from] drain|[of] p1b: Torkoal
|move|p1b: Torkoal|Weather Ball|p2a: Sinistcha
|-resisted|p2a: Sinistcha|1
|-damage|p2a: Sinistcha|38/100
|
|-weather|RainDance|[upkeep]
|-heal|p1b: Torkoal|93/100|[from] item: Leftovers
|upkeep
|turn|7
|
|t:|1783552610
|move|p1a: Basculegion|Last Respects|p2b: Pelipper
|-damage|p2b: Pelipper|0 fnt
|faint|p2b: Pelipper
|move|p2a: Sinistcha|Matcha Gotcha|p1b: Torkoal|[spread] p1a,p1b
|-supereffective|p1a: Basculegion|1
|-resisted|p1b: Torkoal|1
|-damage|p1a: Basculegion|0 fnt
|-heal|p2a: Sinistcha|60/100|[from] drain|[of] p1a: Basculegion
|-damage|p1b: Torkoal|80/100
|-heal|p2a: Sinistcha|67/100|[from] drain|[of] p1b: Torkoal
|faint|p1a: Basculegion
|move|p1b: Torkoal|Burning Jealousy|p2a: Sinistcha
|-supereffective|p2a: Sinistcha|1
|-damage|p2a: Sinistcha|57/100
|
|-weather|RainDance|[upkeep]
|-heal|p1b: Torkoal|86/100|[from] item: Leftovers
|upkeep
|
|t:|1783552618
|switch|p2b: Grimmsnarl|Grimmsnarl, L50, M|11/100
|turn|8
|l| Evelyie
|
|t:|1783552638
|move|p2a: Sinistcha|Matcha Gotcha|p1b: Torkoal
|-resisted|p1b: Torkoal|1
|-damage|p1b: Torkoal|68/100
|-heal|p2a: Sinistcha|66/100|[from] drain|[of] p1b: Torkoal
|move|p2b: Grimmsnarl|Foul Play|p1b: Torkoal
|-damage|p1b: Torkoal|55/100
|move|p1b: Torkoal|Yawn|p2a: Sinistcha
|-start|p2a: Sinistcha|move: Yawn|[of] p1b: Torkoal
|
|-weather|RainDance|[upkeep]
|-heal|p1b: Torkoal|61/100|[from] item: Leftovers
|-sideend|p2: L1onHeart10|move: Light Screen
|upkeep
|turn|9
|j| Evelyie
|
|t:|1783552656
|move|p1b: Torkoal|Protect|p1b: Torkoal
|-singleturn|p1b: Torkoal|Protect
|move|p2b: Grimmsnarl|Light Screen|p2b: Grimmsnarl
|-sidestart|p2: L1onHeart10|move: Light Screen
|move|p2a: Sinistcha|Matcha Gotcha|p1b: Torkoal
|-activate|p1b: Torkoal|move: Protect
|
|-weather|RainDance|[upkeep]
|-heal|p1b: Torkoal|68/100|[from] item: Leftovers
|-end|p2a: Sinistcha|move: Yawn|[silent]
|-status|p2a: Sinistcha|slp
|upkeep
|turn|10
|
|t:|1783552670
|move|p2b: Grimmsnarl|Parting Shot|p1b: Torkoal
|-unboost|p1b: Torkoal|atk|1
|-unboost|p1b: Torkoal|spa|1
|cant|p2a: Sinistcha|slp
|move|p1b: Torkoal|Burning Jealousy|p2a: Sinistcha|[spread] p2a,p2b
|-supereffective|p2a: Sinistcha|1
|-damage|p2a: Sinistcha|61/100 slp
|-damage|p2b: Grimmsnarl|8/100
|
|-weather|none
|-heal|p1b: Torkoal|74/100|[from] item: Leftovers
|upkeep
|turn|11
|
|t:|1783552684
|move|p2b: Grimmsnarl|Parting Shot|p1b: Torkoal
|-unboost|p1b: Torkoal|atk|1
|-unboost|p1b: Torkoal|spa|1
|cant|p2a: Sinistcha|slp
|move|p1b: Torkoal|Burning Jealousy|p2b: Grimmsnarl|[spread] p2a,p2b
|-supereffective|p2a: Sinistcha|1
|-crit|p2a: Sinistcha
|-damage|p2a: Sinistcha|7/100 slp
|-damage|p2b: Grimmsnarl|4/100
|
|-heal|p1b: Torkoal|80/100|[from] item: Leftovers
|upkeep
|turn|12
|
|t:|1783552694
|-curestatus|p2a: Sinistcha|slp|[msg]
|move|p2a: Sinistcha|Matcha Gotcha|p1b: Torkoal
|-resisted|p1b: Torkoal|1
|-damage|p1b: Torkoal|61/100
|-heal|p2a: Sinistcha|17/100|[from] drain|[of] p1b: Torkoal
|move|p2b: Grimmsnarl|Foul Play|p1b: Torkoal
|-damage|p1b: Torkoal|54/100
|move|p1b: Torkoal|Burning Jealousy|p2b: Grimmsnarl|[spread] p2a,p2b
|-supereffective|p2a: Sinistcha|1
|-damage|p2a: Sinistcha|7/100
|-damage|p2b: Grimmsnarl|0 fnt
|faint|p2b: Grimmsnarl
|
|-heal|p1b: Torkoal|60/100|[from] item: Leftovers
|upkeep
|turn|13
|
|t:|1783552717
|move|p2a: Sinistcha|Matcha Gotcha|p1b: Torkoal
|-resisted|p1b: Torkoal|1
|-damage|p1b: Torkoal|42/100
|-heal|p2a: Sinistcha|16/100|[from] drain|[of] p1b: Torkoal
|move|p1b: Torkoal|Yawn|p2a: Sinistcha
|-start|p2a: Sinistcha|move: Yawn|[of] p1b: Torkoal
|
|-heal|p1b: Torkoal|48/100|[from] item: Leftovers
|upkeep
|turn|14
|l| Evelyie
|
|t:|1783552724
|move|p1b: Torkoal|Protect|p1b: Torkoal
|-singleturn|p1b: Torkoal|Protect
|move|p2a: Sinistcha|Matcha Gotcha|p1b: Torkoal
|-activate|p1b: Torkoal|move: Protect
|
|-heal|p1b: Torkoal|55/100|[from] item: Leftovers
|-end|p2a: Sinistcha|move: Yawn|[silent]
|-status|p2a: Sinistcha|slp
|upkeep
|turn|15
|
|t:|1783552727
|cant|p2a: Sinistcha|slp
|move|p1b: Torkoal|Burning Jealousy|p2a: Sinistcha
|-supereffective|p2a: Sinistcha|1
|-damage|p2a: Sinistcha|5/100 slp
|
|-heal|p1b: Torkoal|61/100|[from] item: Leftovers
|upkeep
|turn|16
|
|t:|1783552731
|-curestatus|p2a: Sinistcha|slp|[msg]
|move|p2a: Sinistcha|Matcha Gotcha|p1b: Torkoal
|-resisted|p1b: Torkoal|1
|-crit|p1b: Torkoal
|-damage|p1b: Torkoal|34/100
|-heal|p2a: Sinistcha|18/100|[from] drain|[of] p1b: Torkoal
|move|p1b: Torkoal|Burning Jealousy|p2a: Sinistcha
|-supereffective|p2a: Sinistcha|1
|-damage|p2a: Sinistcha|5/100
|
|-heal|p1b: Torkoal|40/100|[from] item: Leftovers
|-sideend|p2: L1onHeart10|move: Light Screen
|upkeep
|turn|17
|j| Evelyie
|
|t:|1783552742
|move|p2a: Sinistcha|Matcha Gotcha|p1b: Torkoal|[miss]
|-miss|p2a: Sinistcha|p1b: Torkoal
|move|p1b: Torkoal|Yawn|p2a: Sinistcha
|-start|p2a: Sinistcha|move: Yawn|[of] p1b: Torkoal
|
|-heal|p1b: Torkoal|47/100|[from] item: Leftovers
|upkeep
|turn|18
|
|t:|1783552747
|move|p1b: Torkoal|Protect|p1b: Torkoal
|-singleturn|p1b: Torkoal|Protect
|move|p2a: Sinistcha|Matcha Gotcha|p1b: Torkoal
|-activate|p1b: Torkoal|move: Protect
|
|-heal|p1b: Torkoal|53/100|[from] item: Leftovers
|-end|p2a: Sinistcha|move: Yawn|[silent]
|-status|p2a: Sinistcha|slp
|upkeep
|turn|19
|
|t:|1783552751
|cant|p2a: Sinistcha|slp
|move|p1b: Torkoal|Burning Jealousy|p2a: Sinistcha
|-supereffective|p2a: Sinistcha|1
|-damage|p2a: Sinistcha|0 fnt
|faint|p2a: Sinistcha
|
|win|AncientFuture
||L1onHeart10 is ready for game 3.
|inactive|AncientFuture has 30 seconds to confirm battle start!
||AncientFuture is ready for game 3.
|uhtml|next|Next: Game 3 of 3
|l| TemporalDonut
|l| Evelyie
|j| TemporalDonut
|l| TemporalDonut
