|j|☆wittraid
|j|☆CrazyyBoi
|html|wittraidCrazyyBoi    
|uhtml|bestof|Game 2 of a best-of-3
|t:|1757236692
|gametype|doubles
|player|p1|wittraid|2|1330
|player|p2|CrazyyBoi|102|1273
|gen|9
|tier|[Gen 9] VGC 2025 Reg H (Bo3)
|rated|
|rule|Species Clause: Limit one of each Pokémon
|rule|Item Clause: Limit 1 of each item
|clearpoke
|poke|p1|Pelipper, L50, F|
|poke|p1|Archaludon, L50, F|
|poke|p1|Basculegion, L50, M|
|poke|p1|Incineroar, L50, F|
|poke|p1|Sinistcha-Masterpiece, L50|
|poke|p1|Ursaluna-Bloodmoon, L50, M|
|poke|p2|Maushold-Four, L50|
|poke|p2|Sableye, L50, F|
|poke|p2|Gothitelle, L50, F|
|poke|p2|Kommo-o, L50, M|
|poke|p2|Incineroar, L50, F|
|poke|p2|Primarina, L50, M|
|teampreview|4
|showteam|p1|Pelipper||FocusSash|Drizzle|Tailwind,WideGuard,Hurricane,Protect|||F|||50|,,,,,Ghost]Archaludon||AssaultVest|Stamina|ElectroShot,DragonPulse,BodyPress,Snarl|||F|||50|,,,,,Grass]Basculegion||ChoiceBand|SwiftSwim|WaveCrash,LastRespects,AquaJet,FlipTurn|||M|||50|,,,,,Grass]Incineroar||SafetyGoggles|Intimidate|FakeOut,KnockOff,Taunt,PartingShot|||F|||50|,,,,,Ghost]Sinistcha-Masterpiece||SitrusBerry|Hospitality|RagePowder,MatchaGotcha,TrickRoom,LifeDew||||||50|,,,,,Fairy]Ursaluna-Bloodmoon||LifeOrb|MindsEye|BloodMoon,EarthPower,HyperVoice,Protect|||M|||50|,,,,,Bug
|showteam|p2|Maushold-Four||WideLens|Technician|Protect,PopulationBomb,Bite,FollowMe||||||50|,,,,,Poison]Sableye||FocusSash|Prankster|FakeOut,Quash,Disable,Encore|||F|||50|,,,,,Grass]Gothitelle||SitrusBerry|ShadowTag|FakeOut,Psychic,TrickRoom,Protect|||F|||50|,,,,,Steel]Kommo-o||ThroatSpray|Overcoat|ClangorousSoul,ClangingScales,Protect,AuraSphere|||M|||50|,,,,,Steel]Incineroar||SafetyGoggles|Intimidate|FakeOut,PartingShot,KnockOff,Taunt|||F|||50|,,,,,Ghost]Primarina||LifeOrb|LiquidVoice|HyperVoice,Moonblast,PerishSong,Protect|||M|||50|,,,,,Dragon
|inactive|Battle timer is ON: inactive players will automatically lose when time's up. (requested by wittraid)
|
|t:|1757236719
|teamsize|p1|4
|teamsize|p2|4
|start
|switch|p1a: Pelipper|Pelipper, L50, F|100/100
|switch|p1b: Basculegion|Basculegion, L50, M|100/100
|switch|p2a: Sableye|Sableye, L50, F|100/100
|switch|p2b: Gothitelle|Gothitelle, L50, F|100/100
|-weather|RainDance|[from] ability: Drizzle|[of] p1a: Pelipper
|turn|1
|inactive|CrazyyBoi has 30 seconds left.
|
|t:|1757236745
|move|p2b: Gothitelle|Protect|p2b: Gothitelle
|-singleturn|p2b: Gothitelle|Protect
|move|p2a: Sableye|Fake Out|p1a: Pelipper
|-damage|p1a: Pelipper|92/100
|move|p1b: Basculegion|Flip Turn|p2b: Gothitelle
|-activate|p2b: Gothitelle|move: Protect
|cant|p1a: Pelipper|flinch
|
|-weather|RainDance|[upkeep]
|upkeep
|turn|2
|
|t:|1757236766
|switch|p1b: Archaludon|Archaludon, L50, F|100/100
|move|p2a: Sableye|Disable||[still]
|-fail|p2a: Sableye
|move|p1a: Pelipper|Hurricane|p2b: Gothitelle
|-damage|p2b: Gothitelle|64/100
|move|p2b: Gothitelle|Psychic|p1a: Pelipper
|-crit|p1a: Pelipper
|-damage|p1a: Pelipper|32/100
|
|-weather|RainDance|[upkeep]
|upkeep
|turn|3
|inactive|CrazyyBoi has 30 seconds left.
|inactive|CrazyyBoi has 20 seconds left.
|
|t:|1757236804
|switch|p2a: Kommo-o|Kommo-o, L50, M|100/100
|move|p1b: Archaludon|Electro Shot||[still]
|-prepare|p1b: Archaludon|Electro Shot
|-boost|p1b: Archaludon|spa|1
|-anim|p1b: Archaludon|Electro Shot|p2b: Gothitelle
|-damage|p2b: Gothitelle|18/100
|-enditem|p2b: Gothitelle|Sitrus Berry|[eat]
|-heal|p2b: Gothitelle|43/100|[from] item: Sitrus Berry
|move|p1a: Pelipper|Hurricane|p2b: Gothitelle
|-damage|p2b: Gothitelle|7/100
|-start|p2b: Gothitelle|confusion
|-activate|p2b: Gothitelle|confusion
|move|p2b: Gothitelle|Trick Room|p2b: Gothitelle
|-fieldstart|move: Trick Room|[of] p2b: Gothitelle
|
|-weather|RainDance|[upkeep]
|upkeep
|turn|4
|inactive|CrazyyBoi has 30 seconds left.
|
|t:|1757236836
|switch|p2b: Sableye|Sableye, L50, F|100/100
|move|p2a: Kommo-o|Protect|p2a: Kommo-o
|-singleturn|p2a: Kommo-o|Protect
|move|p1a: Pelipper|Wide Guard|p1a: Pelipper
|-singleturn|p1a: Pelipper|Wide Guard
|move|p1b: Archaludon|Snarl|p2b: Sableye|[spread] p2b
|-activate|p2a: Kommo-o|move: Protect
|-damage|p2b: Sableye|79/100
|-unboost|p2b: Sableye|spa|1
|
|-weather|RainDance|[upkeep]
|upkeep
|turn|5
|inactive|CrazyyBoi has 30 seconds left.
|
|t:|1757236871
|switch|p1a: Basculegion|Basculegion, L50, M|100/100
|move|p2b: Sableye|Fake Out|p1a: Basculegion
|-immune|p1a: Basculegion
|move|p2a: Kommo-o|Aura Sphere|p1b: Archaludon
|-supereffective|p1b: Archaludon
|-damage|p1b: Archaludon|51/100
|-ability|p1b: Archaludon|Stamina|boost
|-boost|p1b: Archaludon|def|1
|move|p1b: Archaludon|Dragon Pulse|p2a: Kommo-o
|-supereffective|p2a: Kommo-o
|-damage|p2a: Kommo-o|0 fnt
|faint|p2a: Kommo-o
|
|-weather|none
|upkeep
|
|t:|1757236884
|switch|p2a: Primarina|Primarina, L50, M|100/100
|turn|6
|
|t:|1757236897
|switch|p2b: Gothitelle|Gothitelle, L50, F|7/100
|move|p2a: Primarina|Moonblast|p1a: Basculegion
|-damage|p1a: Basculegion|30/100
|-damage|p2a: Primarina|91/100|[from] item: Life Orb
|move|p1b: Archaludon|Snarl|p2b: Gothitelle|[spread] p2a,p2b
|-resisted|p2a: Primarina
|-supereffective|p2b: Gothitelle
|-damage|p2a: Primarina|83/100
|-damage|p2b: Gothitelle|0 fnt
|-unboost|p2a: Primarina|spa|1
|faint|p2b: Gothitelle
|move|p1a: Basculegion|Flip Turn|p2a: Primarina
|-resisted|p2a: Primarina
|-damage|p2a: Primarina|55/100
|-message|CrazyyBoi forfeited.
|
|win|wittraid
|raw|wittraid's rating: 1330 → 1347(+17 for winning)
|raw|CrazyyBoi's rating: 1273 → 1252(-21 for losing)
|l|☆CrazyyBoi
|player|p2|
