|j|☆DonnyBoy766
|j|☆MegaMetaBestMeta
|html|DonnyBoy766MegaMetaBestMeta    
|uhtml|bestof|Game 1 of a best-of-3
|t:|1756399060
|gametype|doubles
|player|p1|DonnyBoy766|fisherman-gen4|1111
|player|p2|MegaMetaBestMeta|266|1136
|gen|9
|tier|[Gen 9] VGC 2025 Reg H (Bo3)
|rated|
|rule|Species Clause: Limit one of each Pokémon
|rule|Item Clause: Limit 1 of each item
|clearpoke
|poke|p1|Tyranitar, L50, F|
|poke|p1|Corviknight, L50, F|
|poke|p1|Ursaluna-Bloodmoon, L50, M|
|poke|p1|Annihilape, L50, F|
|poke|p1|Indeedee, L50, M|
|poke|p1|Sneasler, L50, M|
|poke|p2|Ursaluna, L50, M|
|poke|p2|Dragapult, L50, F|
|poke|p2|Empoleon, L50, M|
|poke|p2|Porygon2, L50|
|poke|p2|Blaziken, L50, F|
|poke|p2|Amoonguss, L50, M|
|teampreview|4
|showteam|p1|Tyranitar||AssaultVest|SandStream|KnockOff,TeraBlast,LowKick,RockSlide|||F|||50|,,,,,Flying]Corviknight||CovertCloak|MirrorArmor|BraveBird,BulkUp,Roost,Tailwind|||F|||50|,,,,,Fire]Ursaluna-Bloodmoon||LifeOrb|MindsEye|BloodMoon,HyperVoice,EarthPower,Protect|||M|||50|,,,,,Normal]Annihilape||SafetyGoggles|Defiant|CloseCombat,RageFist,Taunt,Protect|||F|||50|,,,,,Fire]Indeedee||ChoiceScarf|PsychicSurge|ExpandingForce,TeraBlast,Trick,Protect|||M|||50|,,,,,Psychic]Sneasler||PsychicSeed|Unburden|CloseCombat,DireClaw,ThroatChop,Protect|||M|||50|,,,,,Dark
|showteam|p2|Ursaluna||FlameOrb|Guts|HeadlongRush,Facade,HelpingHand,Protect|||M|||50|,,,,,Ghost]Dragapult||ChoiceBand|ClearBody|DragonDarts,PhantomForce,Uturn,TeraBlast|||F|||50|,,,,,Ghost]Empoleon||AssaultVest|Competitive|WaterPledge,IceBeam,FlipTurn,FlashCannon|||M|||50|,,,,,Flying]Porygon2||Eviolite|Download|TeraBlast,IceBeam,Recover,TrickRoom||||||50|,,,,,Fighting]Blaziken||FocusSash|SpeedBoost|CloseCombat,FirePledge,UpperHand,Detect|||F|||50|,,,,,Fighting]Amoonguss||SitrusBerry|Regenerator|Protect,RagePowder,PollenPuff,Spore|||M|||50|,,,,,Fairy
|c|☆MegaMetaBestMeta|hf
|c|☆DonnyBoy766|glhf
|inactive|Battle timer is ON: inactive players will automatically lose when time's up. (requested by DonnyBoy766)
|inactive|MegaMetaBestMeta has 60 seconds left.
|
|t:|1756399232
|teamsize|p1|4
|teamsize|p2|4
|start
|switch|p1a: Tyranitar|Tyranitar, L50, F|100/100
|switch|p1b: Corviknight|Corviknight, L50, F|100/100
|switch|p2a: Blaziken|Blaziken, L50, F|100/100
|switch|p2b: Dragapult|Dragapult, L50, F|100/100
|-weather|Sandstorm|[from] ability: Sand Stream|[of] p1a: Tyranitar
|turn|1
|inactive|DonnyBoy766 has 30 seconds left.
|inactive|MegaMetaBestMeta has 30 seconds left.
|inactive|MegaMetaBestMeta has 20 seconds left.
|
|t:|1756399267
|-terastallize|p1b: Corviknight|Fire
|move|p2b: Dragapult|U-turn|p1a: Tyranitar
|-supereffective|p1a: Tyranitar
|-damage|p1a: Tyranitar|37/100
|
|t:|1756399272
|switch|p2b: Empoleon|Empoleon, L50, M|100/100|[from] U-turn
|move|p2a: Blaziken|Fire Pledge|p1b: Corviknight
|-resisted|p1b: Corviknight
|-damage|p1b: Corviknight|87/100
|move|p1a: Tyranitar|Knock Off|p2b: Empoleon
|-damage|p2b: Empoleon|48/100
|-enditem|p2b: Empoleon|Assault Vest|[from] move: Knock Off|[of] p1a: Tyranitar
|move|p1b: Corviknight|Brave Bird|p2a: Blaziken
|-supereffective|p2a: Blaziken
|-enditem|p2a: Blaziken|Focus Sash
|-damage|p2a: Blaziken|1/100
|-damage|p1b: Corviknight|62/100|[from] Recoil
|
|-weather|Sandstorm|[upkeep]
|-damage|p2a: Blaziken|0 fnt|[from] Sandstorm
|-damage|p1b: Corviknight|56/100|[from] Sandstorm
|faint|p2a: Blaziken
|upkeep
|
|t:|1756399292
|switch|p2a: Dragapult|Dragapult, L50, F|100/100
|turn|2
|inactive|DonnyBoy766 has 30 seconds left.
|inactive|MegaMetaBestMeta has 30 seconds left.
|
|t:|1756399320
|switch|p1b: Sneasler|Sneasler, L50, M|100/100
|move|p2a: Dragapult|Dragon Darts|p1b: Sneasler
|-damage|p1b: Sneasler|34/100
|-anim|p2a: Dragapult|Dragon Darts|p1a: Tyranitar
|-damage|p1a: Tyranitar|4/100
|move|p1a: Tyranitar|Knock Off|p2a: Dragapult
|-supereffective|p2a: Dragapult
|-damage|p2a: Dragapult|0 fnt
|-enditem|p2a: Dragapult|Choice Band|[from] move: Knock Off|[of] p1a: Tyranitar
|faint|p2a: Dragapult
|move|p2b: Empoleon|Water Pledge|p1a: Tyranitar
|-supereffective|p1a: Tyranitar
|-damage|p1a: Tyranitar|0 fnt
|faint|p1a: Tyranitar
|
|-weather|Sandstorm|[upkeep]
|-damage|p1b: Sneasler|28/100|[from] Sandstorm
|upkeep
|
|t:|1756399336
|switch|p2a: Porygon2|Porygon2, L50|100/100
|switch|p1a: Corviknight|Corviknight, L50, F, tera:Fire|56/100
|-ability|p2a: Porygon2|Download|boost
|-boost|p2a: Porygon2|atk|1
|turn|3
|
|t:|1756399356
|move|p1b: Sneasler|Dire Claw|p2a: Porygon2
|-damage|p2a: Porygon2|74/100
|-status|p2a: Porygon2|par
|move|p1a: Corviknight|Brave Bird|p2b: Empoleon
|-resisted|p2b: Empoleon
|-damage|p2b: Empoleon|26/100
|-damage|p1a: Corviknight|49/100|[from] Recoil
|move|p2b: Empoleon|Water Pledge|p1b: Sneasler
|-damage|p1b: Sneasler|0 fnt
|faint|p1b: Sneasler
|cant|p2a: Porygon2|par
|
|-weather|Sandstorm|[upkeep]
|-damage|p1a: Corviknight|43/100|[from] Sandstorm
|-damage|p2a: Porygon2|68/100 par|[from] Sandstorm
|upkeep
|
|t:|1756399366
|switch|p1b: Ursaluna|Ursaluna-Bloodmoon, L50, M|100/100
|turn|4
|
|t:|1756399383
|move|p1a: Corviknight|Roost|p1a: Corviknight
|-heal|p1a: Corviknight|94/100
|move|p1b: Ursaluna|Hyper Voice|p2b: Empoleon|[spread] p2a,p2b
|-resisted|p2b: Empoleon
|-damage|p2a: Porygon2|36/100 par
|-damage|p2b: Empoleon|5/100
|-damage|p1b: Ursaluna|91/100|[from] item: Life Orb
|move|p2b: Empoleon|Water Pledge|p1b: Ursaluna
|-supereffective|p1b: Ursaluna
|-damage|p1b: Ursaluna|0 fnt
|faint|p1b: Ursaluna
|move|p2a: Porygon2|Recover|p2a: Porygon2
|-heal|p2a: Porygon2|86/100 par
|
|-weather|Sandstorm|[upkeep]
|-damage|p1a: Corviknight|88/100|[from] Sandstorm
|-damage|p2a: Porygon2|80/100 par|[from] Sandstorm
|upkeep
|turn|5
|
|t:|1756399405
|move|p1a: Corviknight|Brave Bird|p2b: Empoleon
|-resisted|p2b: Empoleon
|-damage|p2b: Empoleon|0 fnt
|faint|p2b: Empoleon
|-damage|p1a: Corviknight|86/100|[from] Recoil
|move|p2a: Porygon2|Tera Blast|p1a: Corviknight
|-damage|p1a: Corviknight|55/100
|
|-weather|none
|upkeep
|turn|6
|
|t:|1756399417
|move|p1a: Corviknight|Brave Bird|p2a: Porygon2
|-damage|p2a: Porygon2|53/100 par
|-damage|p1a: Corviknight|47/100|[from] Recoil
|cant|p2a: Porygon2|par
|
|upkeep
|turn|7
|
|t:|1756399426
|move|p1a: Corviknight|Roost|p1a: Corviknight
|-heal|p1a: Corviknight|97/100
|move|p2a: Porygon2|Recover|p2a: Porygon2
|-heal|p2a: Porygon2|100/100 par
|
|upkeep
|turn|8
|
|t:|1756399431
|move|p1a: Corviknight|Brave Bird|p2a: Porygon2
|-damage|p2a: Porygon2|72/100 par
|-damage|p1a: Corviknight|88/100|[from] Recoil
|move|p2a: Porygon2|Tera Blast|p1a: Corviknight
|-damage|p1a: Corviknight|60/100
|
|upkeep
|turn|9
|
|t:|1756399442
|move|p1a: Corviknight|Bulk Up|p1a: Corviknight
|-boost|p1a: Corviknight|atk|1
|-boost|p1a: Corviknight|def|1
|cant|p2a: Porygon2|par
|
|upkeep
|turn|10
|
|t:|1756399448
|move|p1a: Corviknight|Brave Bird|p2a: Porygon2
|-damage|p2a: Porygon2|32/100 par
|-damage|p1a: Corviknight|48/100|[from] Recoil
|move|p2a: Porygon2|Trick Room|p2a: Porygon2
|-fieldstart|move: Trick Room|[of] p2a: Porygon2
|
|upkeep
|turn|11
|
|t:|1756399459
|move|p2a: Porygon2|Recover|p2a: Porygon2
|-heal|p2a: Porygon2|82/100 par
|move|p1a: Corviknight|Brave Bird|p2a: Porygon2
|-damage|p2a: Porygon2|42/100 par
|-damage|p1a: Corviknight|35/100|[from] Recoil
|
|upkeep
|turn|12
|
|t:|1756399475
|cant|p2a: Porygon2|par
|move|p1a: Corviknight|Brave Bird|p2a: Porygon2
|-damage|p2a: Porygon2|2/100 par
|-damage|p1a: Corviknight|23/100|[from] Recoil
|
|upkeep
|turn|13
|
|t:|1756399485
|move|p2a: Porygon2|Tera Blast|p1a: Corviknight
|-damage|p1a: Corviknight|0 fnt
|faint|p1a: Corviknight
|
|win|MegaMetaBestMeta
||MegaMetaBestMeta is ready for game 2.
|c|☆DonnyBoy766|that was close lol
|inactive|DonnyBoy766 has 30 seconds to confirm battle start!
||DonnyBoy766 is ready for game 2.
|uhtml|next|Next: Game 2 of 3
|l|☆MegaMetaBestMeta
|player|p2|
