|j|☆DKit15
|j|☆ZXMaverickHunter
|html|DKit15ZXMaverickHunter    
|uhtml|bestof|Game 2 of a best-of-3
|t:|1756261983
|gametype|doubles
|player|p1|DKit15|giovanni|1057
|player|p2|ZXMaverickHunter|flint|1088
|gen|9
|tier|[Gen 9] VGC 2025 Reg H (Bo3)
|rated|
|rule|Species Clause: Limit one of each Pokémon
|rule|Item Clause: Limit 1 of each item
|clearpoke
|poke|p1|Murkrow, L50, M|
|poke|p1|Smeargle, L50, M|
|poke|p1|Garchomp, L50, M|
|poke|p1|Incineroar, L50, F|
|poke|p1|Sinistcha, L50|
|poke|p1|Ninetales-Alola, L50, F|
|poke|p2|Archaludon, L50, F|
|poke|p2|Dragonite, L50, M|
|poke|p2|Pelipper, L50, F|
|poke|p2|Ursaluna, L50, M|
|poke|p2|Sinistcha, L50|
|poke|p2|Gholdengo, L50|
|teampreview|4
|showteam|p1|Murkrow||Eviolite|Prankster|Haze,Tailwind,Protect,FoulPlay|||M|||50|,,,,,Dark]Smeargle||FocusSash|Moody|SpikyShield,Ruination,Spore,Decorate|||M|||50|,,,,,Grass]Garchomp||LifeOrb|RoughSkin|Protect,Earthquake,DragonClaw,StompingTantrum|||M|||50|,,,,,Ground]Incineroar||SafetyGoggles|Intimidate|FakeOut,FlareBlitz,KnockOff,PartingShot|||F|||50|,,,,,Ghost]Sinistcha||RockyHelmet|Hospitality|MatchaGotcha,RagePowder,ShadowBall,StrengthSap||||||50|,,,,,Grass]Ninetales-Alola||LightClay|SnowWarning|WeatherBall,AuroraVeil,Moonblast,Protect|||F|||50|,,,,,Ice
|showteam|p2|Archaludon||AssaultVest|Stamina|FlashCannon,BodyPress,ElectroShot,Snarl|||F|||50|,,,,,Fighting]Dragonite||LoadedDice|Multiscale|ScaleShot,Tailwind,Haze,Protect|||M|||50|,,,,,Fairy]Pelipper||FocusSash|Drizzle|MuddyWater,Hurricane,Tailwind,Protect|||F|||50|,,,,,Ghost]Ursaluna||FlameOrb|Guts|Facade,HeadlongRush,Earthquake,Protect|||M|||50|,,,,,Ghost]Sinistcha||SitrusBerry|Hospitality|MatchaGotcha,LifeDew,RagePowder,TrickRoom||||||50|,,,,,Dark]Gholdengo||ChoiceScarf|GoodasGold|MakeItRain,ShadowBall,Trick,Protect||||||50|,,,,,Flying
|inactive|Battle timer is ON: inactive players will automatically lose when time's up. (requested by DKit15)
|
|t:|1756262025
|teamsize|p1|4
|teamsize|p2|4
|start
|switch|p1a: Ninetales|Ninetales-Alola, L50, F|100/100
|switch|p1b: Incineroar|Incineroar, L50, F|100/100
|switch|p2a: Ursaluna|Ursaluna, L50, M|100/100
|switch|p2b: Gholdengo|Gholdengo, L50|100/100
|-weather|Snowscape|[from] ability: Snow Warning|[of] p1a: Ninetales
|-ability|p1b: Incineroar|Intimidate|boost
|-unboost|p2a: Ursaluna|atk|1
|-unboost|p2b: Gholdengo|atk|1
|turn|1
|inactive|ZXMaverickHunter has 30 seconds left.
|inactive|ZXMaverickHunter has 20 seconds left.
|
|t:|1756262064
|-terastallize|p2a: Ursaluna|Ghost
|move|p2b: Gholdengo|Make It Rain|p1a: Ninetales|[spread] p1a,p1b
|-supereffective|p1a: Ninetales
|-resisted|p1b: Incineroar
|-damage|p1a: Ninetales|0 fnt
|-damage|p1b: Incineroar|77/100
|-unboost|p2b: Gholdengo|spa|1
|faint|p1a: Ninetales
|move|p2a: Ursaluna|Headlong Rush|p1b: Incineroar
|-supereffective|p1b: Incineroar
|-damage|p1b: Incineroar|0 fnt
|-unboost|p2a: Ursaluna|def|1
|-unboost|p2a: Ursaluna|spd|1
|faint|p1b: Incineroar
|
|-weather|Snowscape|[upkeep]
|-status|p2a: Ursaluna|brn|[from] item: Flame Orb
|upkeep
|
|t:|1756262082
|switch|p1a: Garchomp|Garchomp, L50, M|100/100
|switch|p1b: Murkrow|Murkrow, L50, M|100/100
|turn|2
|
|t:|1756262099
|switch|p2a: Dragonite|Dragonite, L50, M|100/100
|move|p1b: Murkrow|Tailwind|p1b: Murkrow
|-sidestart|p1: DKit15|move: Tailwind
|move|p1a: Garchomp|Earthquake|p2a: Dragonite|[spread] p2b
|-immune|p1b: Murkrow
|-immune|p2a: Dragonite
|-supereffective|p2b: Gholdengo
|-damage|p2b: Gholdengo|0 fnt
|faint|p2b: Gholdengo
|-damage|p1a: Garchomp|91/100|[from] item: Life Orb
|
|-weather|Snowscape|[upkeep]
|upkeep
|
|t:|1756262110
|switch|p2b: Sinistcha|Sinistcha, L50|100/100
|turn|3
|
|t:|1756262127
|-terastallize|p1a: Garchomp|Ground
|move|p1a: Garchomp|Dragon Claw|p2b: Sinistcha
|-damage|p2b: Sinistcha|52/100
|-damage|p1a: Garchomp|81/100|[from] item: Life Orb
|move|p1b: Murkrow|Foul Play|p2b: Sinistcha
|-supereffective|p2b: Sinistcha
|-damage|p2b: Sinistcha|18/100
|-enditem|p2b: Sinistcha|Sitrus Berry|[eat]
|-heal|p2b: Sinistcha|43/100|[from] item: Sitrus Berry
|move|p2a: Dragonite|Scale Shot|p1a: Garchomp
|-damage|p1a: Garchomp|64/100
|-damage|p1a: Garchomp|50/100
|-damage|p1a: Garchomp|35/100
|-damage|p1a: Garchomp|20/100
|-hitcount|p1a: Garchomp|4
|-unboost|p2a: Dragonite|def|1
|-boost|p2a: Dragonite|spe|1
|move|p2b: Sinistcha|Trick Room|p2b: Sinistcha
|-fieldstart|move: Trick Room|[of] p2b: Sinistcha
|
|-weather|Snowscape|[upkeep]
|upkeep
|turn|4
|inactive|DKit15 has 30 seconds left.
|inactive|ZXMaverickHunter has 30 seconds left.
|
|t:|1756262157
|move|p2b: Sinistcha|Matcha Gotcha|p1a: Garchomp|[spread] p1a,p1b
|-supereffective|p1a: Garchomp
|-resisted|p1b: Murkrow
|-damage|p1a: Garchomp|0 fnt
|-heal|p2b: Sinistcha|53/100|[from] drain|[of] p1a: Garchomp
|-damage|p1b: Murkrow|84/100
|-heal|p2b: Sinistcha|61/100|[from] drain|[of] p1b: Murkrow
|faint|p1a: Garchomp
|move|p2a: Dragonite|Scale Shot|p1b: Murkrow
|-damage|p1b: Murkrow|71/100
|-damage|p1b: Murkrow|59/100
|-damage|p1b: Murkrow|45/100
|-damage|p1b: Murkrow|33/100
|-damage|p1b: Murkrow|20/100
|-hitcount|p1b: Murkrow|5
|-unboost|p2a: Dragonite|def|1
|-boost|p2a: Dragonite|spe|1
|move|p1b: Murkrow|Foul Play|p2a: Dragonite
|-damage|p2a: Dragonite|41/100
|
|-weather|Snowscape|[upkeep]
|upkeep
|turn|5
|inactive|DKit15 has 30 seconds left.
|
|t:|1756262183
|move|p2a: Dragonite|Protect|p2a: Dragonite
|-singleturn|p2a: Dragonite|Protect
|move|p2b: Sinistcha|Life Dew|p2b: Sinistcha|[spread] p2a,p2b
|-heal|p2a: Dragonite|66/100
|-heal|p2b: Sinistcha|86/100
|move|p1b: Murkrow|Foul Play|p2a: Dragonite
|-activate|p2a: Dragonite|move: Protect
|
|-weather|none
|-sideend|p1: DKit15|move: Tailwind
|upkeep
|turn|6
|
|t:|1756262198
|move|p2b: Sinistcha|Rage Powder|p2b: Sinistcha
|-singleturn|p2b: Sinistcha|move: Rage Powder
|move|p1b: Murkrow|Foul Play|p2b: Sinistcha
|-supereffective|p2b: Sinistcha
|-damage|p2b: Sinistcha|49/100
|move|p2a: Dragonite|Scale Shot|p1b: Murkrow
|-damage|p1b: Murkrow|8/100
|-damage|p1b: Murkrow|0 fnt
|faint|p1b: Murkrow
|-hitcount|p1: Murkrow|2
|
|win|ZXMaverickHunter
|raw|DKit15's rating: 1057 → 1040(-17 for losing)
|raw|ZXMaverickHunter's rating: 1088 → 1112(+24 for winning)
|l|☆DKit15
|player|p1|
