|j|☆ShadowOfAMan
|j|☆Siegfried_TV
|html|ShadowOfAManSiegfried_TV    
|uhtml|bestof|Game 1 of a best-of-3
|t:|1757242256
|gametype|doubles
|player|p1|ShadowOfAMan|elio-usum|1069
|player|p2|Siegfried_TV|lance|1090
|gen|9
|tier|[Gen 9] VGC 2025 Reg H (Bo3)
|rated|
|rule|Species Clause: Limit one of each Pokémon
|rule|Item Clause: Limit 1 of each item
|clearpoke
|poke|p1|Politoed, L50, M|
|poke|p1|Gothitelle, L50, F|
|poke|p1|Archaludon, L50, M|
|poke|p1|Incineroar, L50, M|
|poke|p1|Amoonguss, L50, F|
|poke|p1|Kingdra, L50, M|
|poke|p2|Indeedee-F, L50, F|
|poke|p2|Hatterene, L50, F|
|poke|p2|Gallade, L50, M|
|poke|p2|Ursaluna, L50, M|
|poke|p2|Lilligant-Hisui, L50, F|
|poke|p2|Torkoal, L50, M|
|teampreview|4
|showteam|p1|Politoed||Leftovers|Drizzle|WeatherBall,Encore,PerishSong,Protect|||M|||50|,,,,,Grass]Gothitelle||SitrusBerry|ShadowTag|FakeOut,Psychic,TrickRoom,Protect|||F|||50|,,,,,Dark]Archaludon||PowerHerb|Sturdy|ElectroShot,DragonPulse,FlashCannon,Protect|||M|||50|,,,,,Electric]Incineroar||SafetyGoggles|Intimidate|FakeOut,PartingShot,KnockOff,Protect|||M|||50|,,,,,Ghost]Amoonguss||EjectButton|Regenerator|PollenPuff,Spore,RagePowder,Protect|||F|||50|,,,,,Fairy]Kingdra||LifeOrb|SwiftSwim|MuddyWater,WeatherBall,DracoMeteor,Protect|||M|||50|,,,,,Stellar
|showteam|p2|Indeedee-F||PsychicSeed|PsychicSurge|TrickRoom,FollowMe,HelpingHand,DazzlingGleam|||F|||50|,,,,,Fire]Hatterene||LifeOrb|MagicBounce|ExpandingForce,TrickRoom,DazzlingGleam,Protect|||F|||50|,,,,,Psychic]Gallade||ClearAmulet|Sharpness|PsychoCut,TrickRoom,SacredSword,WideGuard|||M|||50|,,,,,Grass]Ursaluna||FlameOrb|Guts|HeadlongRush,Facade,SwordsDance,Protect|||M|||50|,,,,,Ghost]Lilligant-Hisui||FocusSash|Chlorophyll|SolarBlade,SleepPowder,CloseCombat,AfterYou|||F|||50|,,,,,Ghost]Torkoal||ChoiceSpecs|Drought|Eruption,HeatWave,WeatherBall,EarthPower|||M|||50|,,,,,Fire
|
|t:|1757242329
|teamsize|p1|4
|teamsize|p2|4
|start
|switch|p1a: Gothitelle|Gothitelle, L50, F|100/100
|switch|p1b: Sniper|Kingdra, L50, M, shiny|100/100
|switch|p2a: Meister|Hatterene, L50, F, shiny|100/100
|switch|p2b: ist|Ursaluna, L50, M, shiny|100/100
|turn|1
|
|t:|1757242343
|switch|p1a: Politoed|Politoed, L50, M|100/100
|-weather|RainDance|[from] ability: Drizzle|[of] p1a: Politoed
|-terastallize|p1b: Sniper|Stellar
|move|p2b: ist|Protect|p2b: ist
|-singleturn|p2b: ist|Protect
|move|p1b: Sniper|Weather Ball|p2a: Meister
|-damage|p2a: Meister|0 fnt
|faint|p2a: Meister
|-damage|p1b: Sniper|91/100|[from] item: Life Orb
|
|-weather|RainDance|[upkeep]
|-status|p2b: ist|brn|[from] item: Flame Orb
|upkeep
|
|t:|1757242360
|switch|p2a: MOIN|Indeedee-F, L50, F, shiny|100/100
|-fieldstart|move: Psychic Terrain|[from] ability: Psychic Surge|[of] p2a: MOIN
|-enditem|p2a: MOIN|Psychic Seed
|-boost|p2a: MOIN|spd|1|[from] item: Psychic Seed
|turn|2
|
|t:|1757242379
|-terastallize|p2b: ist|Ghost
|move|p1b: Sniper|Muddy Water|p2a: MOIN|[spread] p2b
|-miss|p1b: Sniper|p2a: MOIN
|-damage|p2b: ist|44/100 brn
|-unboost|p2b: ist|accuracy|1
|-damage|p1b: Sniper|81/100|[from] item: Life Orb
|move|p1a: Politoed|Encore|p2b: ist
|-start|p2b: ist|Encore
|move|p2b: ist|Protect||[still]
|-fail|p2b: ist
|move|p2a: MOIN|Trick Room|p2a: MOIN
|-fieldstart|move: Trick Room|[of] p2a: MOIN
|
|-weather|RainDance|[upkeep]
|-damage|p2b: ist|38/100 brn|[from] brn
|upkeep
|turn|3
|
|t:|1757242408
|switch|p2b: Bruder?|Torkoal, L50, M, shiny|100/100
|-weather|SunnyDay|[from] ability: Drought|[of] p2b: Bruder?
|switch|p1a: Nizo|Incineroar, L50, M|100/100
|-ability|p1a: Nizo|Intimidate|boost
|-unboost|p2a: MOIN|atk|1
|-unboost|p2b: Bruder?|atk|1
|move|p2a: MOIN|Follow Me|p2a: MOIN
|-singleturn|p2a: MOIN|move: Follow Me
|move|p1b: Sniper|Draco Meteor|p2a: MOIN
|-damage|p2a: MOIN|33/100
|-unboost|p1b: Sniper|spa|2
|-damage|p1b: Sniper|71/100|[from] item: Life Orb
|
|-weather|SunnyDay|[upkeep]
|upkeep
|turn|4
|
|t:|1757242433
|switch|p2a: ist|Ursaluna, L50, M, shiny, tera:Ghost|38/100 brn
|switch|p1b: Politoed|Politoed, L50, M|100/100
|-weather|RainDance|[from] ability: Drizzle|[of] p1b: Politoed
|move|p2b: Bruder?|Eruption|p1b: Politoed|[spread] p1a,p1b
|-resisted|p1a: Nizo
|-resisted|p1b: Politoed
|-damage|p1a: Nizo|89/100
|-damage|p1b: Politoed|86/100
|move|p1a: Nizo|Knock Off|p2b: Bruder?
|-damage|p2b: Bruder?|75/100
|-enditem|p2b: Bruder?|Choice Specs|[from] move: Knock Off|[of] p1a: Nizo
|
|-weather|RainDance|[upkeep]
|-heal|p1b: Politoed|92/100|[from] item: Leftovers
|-damage|p2a: ist|32/100 brn|[from] brn
|upkeep
|turn|5
|
|t:|1757242470
|switch|p1a: Gothitelle|Gothitelle, L50, F|100/100
|move|p1b: Politoed|Protect|p1b: Politoed
|-singleturn|p1b: Politoed|Protect
|move|p2b: Bruder?|Weather Ball|p1a: Gothitelle
|-damage|p1a: Gothitelle|68/100
|move|p2a: ist|Facade|p1b: Politoed
|-activate|p1b: Politoed|move: Protect
|
|-weather|RainDance|[upkeep]
|-heal|p1b: Politoed|98/100|[from] item: Leftovers
|-damage|p2a: ist|26/100 brn|[from] brn
|upkeep
|turn|6
|
|t:|1757242504
|switch|p1b: Nizo|Incineroar, L50, M|89/100
|-ability|p1b: Nizo|Intimidate|boost
|-unboost|p2a: ist|atk|1
|-unboost|p2b: Bruder?|atk|1
|move|p2b: Bruder?|Weather Ball|p1a: Gothitelle
|-damage|p1a: Gothitelle|36/100
|-enditem|p1a: Gothitelle|Sitrus Berry|[eat]
|-heal|p1a: Gothitelle|61/100|[from] item: Sitrus Berry
|move|p2a: ist|Facade|p1b: Nizo
|-damage|p1b: Nizo|16/100
|move|p1a: Gothitelle|Psychic|p2a: ist
|-damage|p2a: ist|0 fnt
|faint|p2a: ist
|
|-weather|RainDance|[upkeep]
|-fieldend|move: Trick Room
|-fieldend|move: Psychic Terrain
|upkeep
|
|t:|1757242519
|switch|p2a: MOIN|Indeedee-F, L50, F, shiny|33/100
|-fieldstart|move: Psychic Terrain|[from] ability: Psychic Surge|[of] p2a: MOIN
|turn|7
|
|t:|1757242540
|move|p1a: Gothitelle|Psychic|p2b: Bruder?
|-damage|p2b: Bruder?|19/100
|move|p1b: Nizo|Parting Shot|p2b: Bruder?
|-unboost|p2b: Bruder?|atk|1
|-unboost|p2b: Bruder?|spa|1
|
|t:|1757242549
|switch|p1b: Sniper|Kingdra, L50, M, shiny, tera:Stellar|71/100|[from] Parting Shot
|move|p2b: Bruder?|Weather Ball|p1b: Sniper
|-resisted|p1b: Sniper
|-damage|p1b: Sniper|62/100
|move|p2a: MOIN|Trick Room|p2a: MOIN
|-fieldstart|move: Trick Room|[of] p2a: MOIN
|
|-weather|RainDance|[upkeep]
|upkeep
|turn|8
|
|t:|1757242567
|switch|p1a: Nizo|Incineroar, L50, M|16/100
|-ability|p1a: Nizo|Intimidate|boost
|-unboost|p2a: MOIN|atk|1
|-unboost|p2b: Bruder?|atk|1
|move|p1b: Sniper|Protect|p1b: Sniper
|-singleturn|p1b: Sniper|Protect
|move|p2b: Bruder?|Heat Wave|p1a: Nizo|[spread] p1a
|-activate|p1b: Sniper|move: Protect
|-resisted|p1a: Nizo
|-damage|p1a: Nizo|13/100
|move|p2a: MOIN|Dazzling Gleam|p1a: Nizo|[spread] p1a
|-activate|p1b: Sniper|move: Protect
|-damage|p1a: Nizo|4/100
|
|-weather|none
|upkeep
|turn|9
|
|t:|1757242590
|move|p2b: Bruder?|Heat Wave|p1b: Sniper|[spread] p1b
|-miss|p2b: Bruder?|p1a: Nizo
|-resisted|p1b: Sniper
|-damage|p1b: Sniper|55/100
|move|p1a: Nizo|Parting Shot|p2b: Bruder?
|-unboost|p2b: Bruder?|atk|1
|-unboost|p2b: Bruder?|spa|1
|
|t:|1757242596
|switch|p1a: Politoed|Politoed, L50, M|98/100|[from] Parting Shot
|-weather|RainDance|[from] ability: Drizzle|[of] p1a: Politoed
|move|p2a: MOIN|Dazzling Gleam|p1a: Politoed|[spread] p1a,p1b
|-supereffective|p1b: Sniper
|-damage|p1a: Politoed|88/100
|-damage|p1b: Sniper|20/100
|move|p1b: Sniper|Weather Ball|p2b: Bruder?
|-supereffective|p2b: Bruder?
|-damage|p2b: Bruder?|0 fnt
|faint|p2b: Bruder?
|-damage|p1b: Sniper|10/100|[from] item: Life Orb
|
|-weather|RainDance|[upkeep]
|-heal|p1a: Politoed|94/100|[from] item: Leftovers
|upkeep
|turn|10
|
|t:|1757242611
|move|p2a: MOIN|Follow Me|p2a: MOIN
|-singleturn|p2a: MOIN|move: Follow Me
|move|p1a: Politoed|Perish Song|p1a: Politoed
|-start|p1a: Politoed|perish3|[silent]
|-start|p1b: Sniper|perish3|[silent]
|-start|p2a: MOIN|perish3|[silent]
|-fieldactivate|move: Perish Song
|move|p1b: Sniper|Muddy Water|p2a: MOIN
|-damage|p2a: MOIN|0 fnt
|faint|p2a: MOIN
|-damage|p1b: Sniper|0 fnt|[from] item: Life Orb
|faint|p1b: Sniper
|
|win|ShadowOfAMan
||ShadowOfAMan is ready for game 2.
|inactive|Siegfried_TV has 30 seconds to confirm battle start!
|inactive|Siegfried_TV has 20 seconds to confirm battle start!
|inactive|Siegfried_TV has 10 seconds to confirm battle start!
||Siegfried_TV is ready for game 2.
|uhtml|next|Next: Game 2 of 3
|l|☆Siegfried_TV
|player|p2|
