|j|☆edhen
|j|☆pressinblades
|html|edhenpressinblades    
|uhtml|bestof|Game 1 of a best-of-3
|t:|1782332278
|gametype|doubles
|player|p1|edhen|clair|1149
|player|p2|pressinblades|steven|1132
|gen|9
|tier|[Gen 9 Champions] VGC 2026 Reg M-B (Bo3)
|rated|
|rule|Species Clause: Limit one of each Pokémon
|rule|Item Clause: Limit 1 of each item
|clearpoke
|poke|p1|Raichu, L50, F|
|poke|p1|Venusaur, L50, F|
|poke|p1|Pelipper, L50, F|
|poke|p1|Archaludon, L50, F|
|poke|p1|Grimmsnarl, L50, M|
|poke|p1|Basculegion, L50, M|
|poke|p2|Talonflame, L50, M, shiny|
|poke|p2|Garchomp, L50, M, shiny|
|poke|p2|Maushold, L50|
|poke|p2|Gardevoir, L50, F, shiny|
|poke|p2|Pyroar, L50, F|
|poke|p2|Torkoal, L50, F|
|teampreview|4
|showteam|p1|Raichu||RaichuniteX|LightningRod|FakeOut,VoltTackle,VoltSwitch,Encore|Jolly||F|||50|]Venusaur||Venusaurite|Chlorophyll|Protect,SludgeBomb,EarthPower,GigaDrain|Modest||F|||50|]Pelipper||SitrusBerry|Drizzle|WeatherBall,Tailwind,Hurricane,WideGuard|Bold||F|||50|]Archaludon||Leftovers|Stamina|Protect,DragonPulse,FlashCannon,ElectroShot|Bold||F|||50|]Grimmsnarl||LightClay|Prankster|LightScreen,SpiritBreak,Reflect,PartingShot|Careful||M|||50|]Basculegion||ChoiceScarf|Adaptability|FlipTurn,WaveCrash,LastRespects,AquaJet|Jolly||M|||50|
|showteam|p2|Talonflame||FocusSash|GaleWings|Protect,DualWingbeat,Tailwind,Overheat|Naive||M|||50|]Garchomp||LifeOrb|RoughSkin|Protect,RockSlide,StompingTantrum,DragonClaw|Adamant||M|||50|]Maushold||WideLens|FriendGuard|Protect,SuperFang,PopulationBomb,FollowMe|Adamant|||||50|]Gardevoir||Gardevoirite|Telepathy|Protect,TrickRoom,HyperVoice,Psychic|Modest||F|||50|]Pyroar||Pyroarite|Unnerve|Protect,HeatWave,Overheat,WildCharge|Naive||F|||50|]Torkoal||Charcoal|Drought|Protect,Overheat,HeatWave,EarthPower|Quiet||F|||50|
|
|t:|1782332336
|teamsize|p1|4
|teamsize|p2|4
|start
|switch|p1a: Grimmsnarl|Grimmsnarl, L50, M|100/100
|switch|p1b: Archaludon|Archaludon, L50, F|100/100
|switch|p2a: Maushold|Maushold, L50|100/100
|switch|p2b: Gardevoir|Gardevoir, L50, F, shiny|100/100
|turn|1
|
|t:|1782332369
|detailschange|p2b: Gardevoir|Gardevoir-Mega, L50, F, shiny
|-mega|p2b: Gardevoir|Gardevoir|Gardevoirite
|move|p1a: Grimmsnarl|Light Screen|p1a: Grimmsnarl
|-sidestart|p1: edhen|move: Light Screen
|move|p2a: Maushold|Super Fang|p1b: Archaludon
|-damage|p1b: Archaludon|50/100g
|-ability|p1b: Archaludon|Stamina|boost
|-boost|p1b: Archaludon|def|1
|move|p2b: Gardevoir|Hyper Voice|p1b: Archaludon|[spread] p1a,p1b
|-supereffective|p1a: Grimmsnarl|1
|-crit|p1b: Archaludon
|-damage|p1a: Grimmsnarl|38/100
|-damage|p1b: Archaludon|0 fnt
|faint|p1b: Archaludon
|
|upkeep
|
|t:|1782332380
|switch|p1b: Venusaur|Venusaur, L50, F|100/100
|turn|2
|
|t:|1782332402
|detailschange|p1b: Venusaur|Venusaur-Mega, L50, F
|-mega|p1b: Venusaur|Venusaur|Venusaurite
|move|p2b: Gardevoir|Protect|p2b: Gardevoir
|-singleturn|p2b: Gardevoir|Protect
|move|p2a: Maushold|Population Bomb|p1b: Venusaur
|-damage|p1b: Venusaur|93/100
|-damage|p1b: Venusaur|87/100
|-damage|p1b: Venusaur|80/100
|-damage|p1b: Venusaur|74/100
|-damage|p1b: Venusaur|67/100
|-damage|p1b: Venusaur|60/100
|-damage|p1b: Venusaur|54/100
|-damage|p1b: Venusaur|48/100
|-damage|p1b: Venusaur|41/100
|-damage|p1b: Venusaur|34/100
|-hitcount|p1b: Venusaur|10
|move|p1b: Venusaur|Sludge Bomb|p2b: Gardevoir
|-activate|p2b: Gardevoir|move: Protect
|move|p1a: Grimmsnarl|Spirit Break|p2a: Maushold
|-damage|p2a: Maushold|53/100
|-unboost|p2a: Maushold|spa|1
|
|upkeep
|turn|3
|
|t:|1782332440
|move|p1a: Grimmsnarl|Parting Shot|p2a: Maushold
|-unboost|p2a: Maushold|atk|1
|-unboost|p2a: Maushold|spa|1
|
|t:|1782332446
|switch|p1a: Pelipper|Pelipper, L50, F|100/100|[from] Parting Shot
|-weather|RainDance|[from] ability: Drizzle|[of] p1a: Pelipper
|move|p2a: Maushold|Population Bomb|p1b: Venusaur
|-damage|p1b: Venusaur|29/100
|-damage|p1b: Venusaur|24/100
|-damage|p1b: Venusaur|20/100y
|-damage|p1b: Venusaur|16/100
|-damage|p1b: Venusaur|11/100
|-damage|p1b: Venusaur|6/100
|-damage|p1b: Venusaur|1/100
|-damage|p1b: Venusaur|0 fnt
|faint|p1b: Venusaur
|-hitcount|p1: Venusaur|8
|move|p2b: Gardevoir|Hyper Voice|p1a: Pelipper
|-damage|p1a: Pelipper|51/100
|
|-weather|RainDance|[upkeep]
|upkeep
|
|t:|1782332452
|switch|p1b: Grimmsnarl|Grimmsnarl, L50, M|38/100
|turn|4
|
|t:|1782332477
|move|p2a: Maushold|Population Bomb|p1a: Pelipper
|-damage|p1a: Pelipper|45/100
|-enditem|p1a: Pelipper|Sitrus Berry|[eat]
|-heal|p1a: Pelipper|69/100|[from] item: Sitrus Berry
|-damage|p1a: Pelipper|63/100
|-damage|p1a: Pelipper|57/100
|-damage|p1a: Pelipper|51/100
|-damage|p1a: Pelipper|45/100
|-damage|p1a: Pelipper|39/100
|-damage|p1a: Pelipper|33/100
|-damage|p1a: Pelipper|27/100
|-damage|p1a: Pelipper|21/100
|-damage|p1a: Pelipper|15/100
|-hitcount|p1a: Pelipper|10
|move|p2b: Gardevoir|Psychic|p1a: Pelipper
|-damage|p1a: Pelipper|0 fnt
|faint|p1a: Pelipper
|move|p1b: Grimmsnarl|Spirit Break|p2b: Gardevoir
|-damage|p2b: Gardevoir|72/100
|-unboost|p2b: Gardevoir|spa|1
|
|-weather|RainDance|[upkeep]
|upkeep
|turn|5
|-message|edhen forfeited.
|
|win|pressinblades
|l|☆edhen
|player|p1|
||edhen is ready for game 2.
