|j|☆new mental
|j|☆Testingdeez
|html|new mentalTestingdeez    
|uhtml|bestof|Game 1 of a best-of-3
|t:|1785160300
|gametype|doubles
|player|p1|new mental|volkner|1271
|player|p2|Testingdeez|102|1309
|gen|9
|tier|[Gen 9 Champions] VGC 2026 Reg M-B (Bo3)
|rated|
|rule|Species Clause: Limit one of each Pokémon
|rule|Item Clause: Limit 1 of each item
|clearpoke
|poke|p1|Charizard, L50, M|
|poke|p1|Garchomp, L50, M|
|poke|p1|Incineroar, L50, F|
|poke|p1|Venusaur, L50, M|
|poke|p1|Toxapex, L50, F|
|poke|p1|Sylveon, L50, M|
|poke|p2|Tyranitar, L50, M|
|poke|p2|Excadrill, L50, F|
|poke|p2|Milotic, L50, F|
|poke|p2|Sinistcha, L50|
|poke|p2|Staraptor, L50, F|
|poke|p2|Gholdengo, L50|
|teampreview|4
|showteam|p1|Charizard||CharizarditeY|SolarPower|WeatherBall,HeatWave,AncientPower,Protect|Modest||M|||50|]Garchomp||ChoiceScarf|RoughSkin|RockSlide,DragonClaw,Earthquake,StompingTantrum|Adamant||M|||50|]Incineroar||SitrusBerry|Intimidate|FlareBlitz,FakeOut,DarkestLariat,PartingShot|Impish||F|||50|]Venusaur||LifeOrb|Chlorophyll|SludgeBomb,LeafStorm,EarthPower,Protect|Modest||M|||50|]Toxapex||Leftovers|Regenerator|Infestation,Toxic,WideGuard,BanefulBunker|Bold||F|||50|]Sylveon||FairyFeather|Pixilate|HyperVoice,QuickAttack,Yawn,Detect|Modest||M|||50|
|showteam|p2|Tyranitar||Tyranitarite|SandStream|KnockOff,RockSlide,LowKick,Protect|Jolly||M|||50|]Excadrill||FocusSash|SandRush|HighHorsepower,IronHead,RockSlide,Protect|Adamant||F|||50|]Milotic||Leftovers|Competitive|Scald,IceBeam,Recover,Protect|Calm||F|||50|]Sinistcha||KasibBerry|Hospitality|MatchaGotcha,ShadowBall,Protect,RagePowder|Calm|||||50|]Staraptor||Staraptite|Intimidate|CloseCombat,DualWingbeat,Tailwind,Protect|Jolly||F|||50|]Gholdengo||LifeOrb|GoodasGold|MakeItRain,ShadowBall,NastyPlot,Protect|Modest|||||50|
|
|t:|1785160350
|teamsize|p1|4
|teamsize|p2|4
|start
|switch|p1a: Charizard|Charizard, L50, M|100/100
|switch|p1b: Toxapex|Toxapex, L50, F|100/100
|switch|p2a: Milotic|Milotic, L50, F|100/100
|switch|p2b: Staraptor|Staraptor, L50, F|100/100
|-ability|p2b: Staraptor|Intimidate|boost
|-unboost|p1a: Charizard|atk|1
|-unboost|p1b: Toxapex|atk|1
|turn|1
|inactive|Battle timer is ON: inactive players will automatically lose when time's up. (requested by Testingdeez)
|inactive|Testingdeez has 60 seconds left.
|
|t:|1785160387
|detailschange|p1a: Charizard|Charizard-Mega-Y, L50, M
|-mega|p1a: Charizard|Charizard|Charizardite Y
|-weather|SunnyDay|[from] ability: Drought|[of] p1a: Charizard
|move|p2b: Staraptor|Protect|p2b: Staraptor
|-singleturn|p2b: Staraptor|Protect
|move|p2a: Milotic|Protect|p2a: Milotic
|-singleturn|p2a: Milotic|Protect
|move|p1a: Charizard|Heat Wave|p2b: Staraptor|[spread] 
|-activate|p2a: Milotic|move: Protect
|-activate|p2b: Staraptor|move: Protect
|move|p1b: Toxapex|Toxic|p2b: Staraptor
|-activate|p2b: Staraptor|move: Protect
|
|-weather|SunnyDay|[upkeep]
|upkeep
|turn|2
|inactive|Testingdeez has 30 seconds left.
|
|t:|1785160413
|switch|p2b: Tyranitar|Tyranitar, L50, M|100/100
|-weather|Sandstorm|[from] ability: Sand Stream|[of] p2b: Tyranitar
|switch|p1a: Incineroar|Incineroar, L50, F|100/100
|-ability|p1a: Incineroar|Intimidate|boost
|-unboost|p2a: Milotic|atk|1
|-ability|p2a: Milotic|Competitive|boost
|-boost|p2a: Milotic|spa|2
|-unboost|p2b: Tyranitar|atk|1
|move|p2a: Milotic|Scald|p1a: Incineroar
|-supereffective|p1a: Incineroar|1
|-damage|p1a: Incineroar|4/100
|-enditem|p1a: Incineroar|Sitrus Berry|[eat]
|-heal|p1a: Incineroar|29/100|[from] item: Sitrus Berry
|move|p1b: Toxapex|Toxic|p2b: Tyranitar
|-status|p2b: Tyranitar|tox
|
|-weather|Sandstorm|[upkeep]
|-damage|p2a: Milotic|94/100|[from] Sandstorm
|-damage|p1a: Incineroar|23/100|[from] Sandstorm
|-damage|p1b: Toxapex|94/100|[from] Sandstorm
|-heal|p2a: Milotic|100/100|[from] item: Leftovers
|-heal|p1b: Toxapex|100/100|[from] item: Leftovers
|-damage|p2b: Tyranitar|93/100 tox|[from] psn
|upkeep
|turn|3
|inactive|Testingdeez has 30 seconds left.
|
|t:|1785160439
|switch|p2b: Staraptor|Staraptor, L50, F|100/100
|-ability|p2b: Staraptor|Intimidate|boost
|-unboost|p1a: Incineroar|atk|1
|-unboost|p1b: Toxapex|atk|1
|move|p2a: Milotic|Protect|p2a: Milotic
|-singleturn|p2a: Milotic|Protect
|move|p1a: Incineroar|Fake Out|p2b: Staraptor
|-damage|p2b: Staraptor|91/100
|move|p1b: Toxapex|Toxic|p2a: Milotic
|-activate|p2a: Milotic|move: Protect
|
|-weather|Sandstorm|[upkeep]
|-damage|p2b: Staraptor|85/100|[from] Sandstorm
|-damage|p2a: Milotic|94/100|[from] Sandstorm
|-damage|p1a: Incineroar|17/100|[from] Sandstorm
|-damage|p1b: Toxapex|94/100|[from] Sandstorm
|-heal|p2a: Milotic|100/100|[from] item: Leftovers
|-heal|p1b: Toxapex|100/100|[from] item: Leftovers
|upkeep
|turn|4
|
|t:|1785160463
|detailschange|p2b: Staraptor|Staraptor-Mega, L50, F
|-mega|p2b: Staraptor|Staraptor|Staraptite
|move|p2b: Staraptor|Dual Wingbeat|p1a: Incineroar
|-damage|p1a: Incineroar|2/100
|-damage|p1a: Incineroar|0 fnt
|faint|p1a: Incineroar
|-hitcount|p1: Incineroar|2
|move|p2a: Milotic|Scald|p1b: Toxapex
|-resisted|p1b: Toxapex|1
|-damage|p1b: Toxapex|75/100
|move|p1b: Toxapex|Toxic|p2a: Milotic
|-status|p2a: Milotic|tox
|
|-weather|Sandstorm|[upkeep]
|-damage|p2b: Staraptor|79/100|[from] Sandstorm
|-damage|p2a: Milotic|94/100 tox|[from] Sandstorm
|-damage|p1b: Toxapex|70/100|[from] Sandstorm
|-heal|p2a: Milotic|100/100 tox|[from] item: Leftovers
|-heal|p1b: Toxapex|75/100|[from] item: Leftovers
|-damage|p2a: Milotic|94/100 tox|[from] psn
|upkeep
|
|t:|1785160483
|switch|p1a: Charizard|Charizard-Mega-Y, L50, M|100/100
|-weather|SunnyDay|[from] ability: Drought|[of] p1a: Charizard
|turn|5
|
|t:|1785160502
|switch|p2b: Tyranitar|Tyranitar, L50, M|93/100 tox
|-weather|Sandstorm|[from] ability: Sand Stream|[of] p2b: Tyranitar
|move|p1a: Charizard|Heat Wave|p2b: Tyranitar|[spread] p2a,p2b
|-resisted|p2a: Milotic|1
|-resisted|p2b: Tyranitar|1
|-damage|p2a: Milotic|79/100 tox
|-damage|p2b: Tyranitar|82/100 tox
|move|p2a: Milotic|Scald|p1a: Charizard
|-supereffective|p1a: Charizard|1
|-damage|p1a: Charizard|0 fnt
|faint|p1a: Charizard
|move|p1b: Toxapex|Toxic|p2b: Tyranitar
|-fail|p2b: Tyranitar|tox
|
|-weather|Sandstorm|[upkeep]
|-damage|p2a: Milotic|73/100 tox|[from] Sandstorm
|-damage|p1b: Toxapex|70/100|[from] Sandstorm
|-heal|p2a: Milotic|79/100 tox|[from] item: Leftovers
|-heal|p1b: Toxapex|75/100|[from] item: Leftovers
|-damage|p2b: Tyranitar|76/100 tox|[from] psn
|-damage|p2a: Milotic|67/100 tox|[from] psn
|upkeep
|
|t:|1785160510
|switch|p1a: Venusaur|Venusaur, L50, M|100/100
|turn|6
|inactive|Testingdeez has 30 seconds left.
|inactive|new mental has 30 seconds left.
|inactive|Testingdeez has 20 seconds left.
|
|t:|1785160550
|move|p1a: Venusaur|Protect|p1a: Venusaur
|-singleturn|p1a: Venusaur|Protect
|move|p2b: Tyranitar|Knock Off|p1b: Toxapex
|-damage|p1b: Toxapex|41/100
|-enditem|p1b: Toxapex|Leftovers|[from] move: Knock Off|[of] p2b: Tyranitar
|move|p2a: Milotic|Ice Beam|p1a: Venusaur
|-activate|p1a: Venusaur|move: Protect
|move|p1b: Toxapex|Infestation|p2a: Milotic
|-damage|p2a: Milotic|65/100 tox
|-activate|p2a: Milotic|move: Infestation|[of] p1b: Toxapex
|
|-weather|Sandstorm|[upkeep]
|-damage|p1a: Venusaur|94/100|[from] Sandstorm
|-damage|p2a: Milotic|60/100 tox|[from] Sandstorm
|-damage|p1b: Toxapex|35/100|[from] Sandstorm
|-heal|p2a: Milotic|65/100 tox|[from] item: Leftovers
|-damage|p2b: Tyranitar|64/100 tox|[from] psn
|-damage|p2a: Milotic|48/100 tox|[from] psn
|-damage|p2a: Milotic|36/100 tox|[from] move: Infestation|[partiallytrapped]
|upkeep
|turn|7
|
|t:|1785160568
|move|p2b: Tyranitar|Rock Slide|p1a: Venusaur|[spread] p1b
|-miss|p2b: Tyranitar|p1a: Venusaur
|-damage|p1b: Toxapex|17/100
|move|p1a: Venusaur|Sludge Bomb|p2a: Milotic
|-damage|p2a: Milotic|0 fnt
|faint|p2a: Milotic
|-damage|p1a: Venusaur|84/100|[from] item: Life Orb
|cant|p1b: Toxapex|flinch
|
|-weather|Sandstorm|[upkeep]
|-damage|p1a: Venusaur|79/100|[from] Sandstorm
|-damage|p1b: Toxapex|12/100|[from] Sandstorm
|-damage|p2b: Tyranitar|45/100 tox|[from] psn
|upkeep
|
|t:|1785160580
|switch|p2a: Staraptor|Staraptor-Mega, L50, F|79/100
|turn|8
|
|t:|1785160589
|move|p2a: Staraptor|Dual Wingbeat|p1a: Venusaur
|-supereffective|p1a: Venusaur|1
|-damage|p1a: Venusaur|36/100
|-supereffective|p1a: Venusaur|1
|-damage|p1a: Venusaur|0 fnt
|faint|p1a: Venusaur
|-hitcount|p1: Venusaur|2
|move|p2b: Tyranitar|Knock Off|p1b: Toxapex
|-damage|p1b: Toxapex|0 fnt
|faint|p1b: Toxapex
|
|win|Testingdeez
