|j|☆gabriaut7
|j|☆Pier (Champion)
|html|gabriaut7Pier (Champion)    
|uhtml|bestof|Game 2 of a best-of-3
|t:|1757758373
|gametype|doubles
|player|p1|gabriaut7|102|1237
|player|p2|Pier (Champion)|cynthia-gen4|1119
|gen|9
|tier|[Gen 9] VGC 2025 Reg H (Bo3)
|rated|
|rule|Species Clause: Limit one of each Pokémon
|rule|Item Clause: Limit 1 of each item
|clearpoke
|poke|p1|Archaludon, L50, F|
|poke|p1|Dragonite, L50, F|
|poke|p1|Pelipper, L50, M|
|poke|p1|Ursaluna, L50, F|
|poke|p1|Sinistcha, L50|
|poke|p1|Gholdengo, L50|
|poke|p2|Annihilape, L50, F|
|poke|p2|Sinistcha, L50|
|poke|p2|Maushold-Four, L50|
|poke|p2|Klefki, L50, F|
|poke|p2|Ursaluna-Bloodmoon, L50, M|
|poke|p2|Ninetales-Alola, L50, F|
|teampreview|4
|showteam|p1|Archaludon||AssaultVest|Stamina|FlashCannon,BodyPress,ElectroShot,Snarl|||F|||50|,,,,,Fighting]Dragonite||LoadedDice|Multiscale|ScaleShot,Tailwind,Haze,Protect|||F|||50|,,,,,Fairy]Pelipper||FocusSash|Drizzle|MuddyWater,Hurricane,Tailwind,Protect|||M|||50|,,,,,Ghost]Ursaluna||FlameOrb|Guts|Facade,HeadlongRush,Earthquake,Protect|||F|||50|,,,,,Ghost]Sinistcha||SitrusBerry|Hospitality|MatchaGotcha,LifeDew,RagePowder,TrickRoom||||||50|,,,,,Dark]Gholdengo||ChoiceScarf|GoodasGold|MakeItRain,ShadowBall,Trick,Protect||||||50|,,,,,Flying
|showteam|p2|Annihilape||Leftovers|Defiant|Protect,BulkUp,DrainPunch,RageFist|||F|||50|,,,,,Fire]Sinistcha||SitrusBerry|Hospitality|MatchaGotcha,TrickRoom,LifeDew,RagePowder||||||50|,,,,,Water]Maushold-Four||SafetyGoggles|FriendGuard|FollowMe,Taunt,BeatUp,Protect||||||50|,,,,,Ghost]Klefki||LightClay|Prankster|Reflect,LightScreen,MistyTerrain,DazzlingGleam|||F|||50|,,,,,Ghost]Ursaluna-Bloodmoon||AssaultVest|MindsEye|BloodMoon,HyperVoice,EarthPower,VacuumWave|||M|||50|,,,,,Water]Ninetales-Alola||FocusSash|SnowWarning|Protect,Encore,FreezeDry,Blizzard|||F|||50|,,,,,Ghost
|inactive|Battle timer is ON: inactive players will automatically lose when time's up. (requested by gabriaut7)
|inactive|Pier (Champion) also wants the timer to be on.
|
|t:|1757758403
|teamsize|p1|4
|teamsize|p2|4
|start
|switch|p1a: Archaludon|Archaludon, L50, F|100/100
|switch|p1b: Pelipper|Pelipper, L50, M|100/100
|switch|p2a: Annihilape|Annihilape, L50, F|100/100
|switch|p2b: Maushold|Maushold-Four, L50|100/100
|-weather|RainDance|[from] ability: Drizzle|[of] p1b: Pelipper
|turn|1
|inactive|gabriaut7 has 30 seconds left.
|inactive|Pier (Champion) has 30 seconds left.
|
|t:|1757758437
|switch|p2b: Ninetales|Ninetales-Alola, L50, F|100/100
|-weather|Snowscape|[from] ability: Snow Warning|[of] p2b: Ninetales
|move|p2a: Annihilape|Bulk Up|p2a: Annihilape
|-boost|p2a: Annihilape|atk|1
|-boost|p2a: Annihilape|def|1
|move|p1b: Pelipper|Tailwind|p1b: Pelipper
|-sidestart|p1: gabriaut7|move: Tailwind
|move|p1a: Archaludon|Flash Cannon|p2b: Ninetales
|-supereffective|p2b: Ninetales
|-enditem|p2b: Ninetales|Focus Sash
|-damage|p2b: Ninetales|1/100
|
|-weather|Snowscape|[upkeep]
|upkeep
|turn|2
|
|t:|1757758453
|switch|p2b: Maushold|Maushold-Four, L50|100/100
|move|p1b: Pelipper|Muddy Water|p2b: Maushold|[spread] p2a,p2b
|-crit|p2b: Maushold
|-damage|p2a: Annihilape|81/100
|-damage|p2b: Maushold|34/100
|move|p1a: Archaludon|Flash Cannon|p2a: Annihilape
|-crit|p2a: Annihilape
|-damage|p2a: Annihilape|47/100
|-unboost|p2a: Annihilape|spd|1
|-ability|p2a: Annihilape|Defiant|boost
|-boost|p2a: Annihilape|atk|2
|move|p2a: Annihilape|Bulk Up|p2a: Annihilape
|-boost|p2a: Annihilape|atk|1
|-boost|p2a: Annihilape|def|1
|
|-weather|Snowscape|[upkeep]
|-heal|p2a: Annihilape|53/100|[from] item: Leftovers
|upkeep
|turn|3
|
|t:|1757758476
|-terastallize|p1a: Archaludon|Fighting
|move|p2b: Maushold|Protect|p2b: Maushold
|-singleturn|p2b: Maushold|Protect
|move|p2a: Annihilape|Protect|p2a: Annihilape
|-singleturn|p2a: Annihilape|Protect
|move|p1b: Pelipper|Muddy Water|p2a: Annihilape|[spread] 
|-activate|p2a: Annihilape|move: Protect
|-activate|p2b: Maushold|move: Protect
|move|p1a: Archaludon|Flash Cannon|p2a: Annihilape
|-activate|p2a: Annihilape|move: Protect
|
|-weather|Snowscape|[upkeep]
|-heal|p2a: Annihilape|60/100|[from] item: Leftovers
|upkeep
|turn|4
|
|t:|1757758492
|move|p2b: Maushold|Follow Me|p2b: Maushold
|-singleturn|p2b: Maushold|move: Follow Me
|move|p1b: Pelipper|Muddy Water|p2a: Annihilape|[spread] p2a,p2b
|-damage|p2a: Annihilape|27/100
|-damage|p2b: Maushold|0 fnt
|-unboost|p2a: Annihilape|accuracy|1
|-ability|p2a: Annihilape|Defiant|boost
|-boost|p2a: Annihilape|atk|2
|faint|p2b: Maushold
|move|p1a: Archaludon|Flash Cannon|p2a: Annihilape
|-damage|p2a: Annihilape|0 fnt
|faint|p2a: Annihilape
|
|-weather|Snowscape|[upkeep]
|-sideend|p1: gabriaut7|move: Tailwind
|upkeep
|
|t:|1757758502
|switch|p2b: Ursaluna|Ursaluna-Bloodmoon, L50, M|100/100
|switch|p2a: Ninetales|Ninetales-Alola, L50, F|1/100
|turn|5
|
|t:|1757758514
|move|p2a: Ninetales|Blizzard|p1b: Pelipper|[spread] p1a,p1b
|-damage|p1a: Archaludon|80/100
|-damage|p1b: Pelipper|45/100
|-ability|p1a: Archaludon|Stamina|boost
|-boost|p1a: Archaludon|def|1
|move|p1b: Pelipper|Tailwind|p1b: Pelipper
|-sidestart|p1: gabriaut7|move: Tailwind
|move|p1a: Archaludon|Snarl|p2a: Ninetales|[spread] p2a,p2b
|-resisted|p2a: Ninetales
|-damage|p2a: Ninetales|0 fnt
|-damage|p2b: Ursaluna|92/100
|-unboost|p2b: Ursaluna|spa|1
|faint|p2a: Ninetales
|move|p2b: Ursaluna|Blood Moon|p1a: Archaludon
|-damage|p1a: Archaludon|42/100
|-ability|p1a: Archaludon|Stamina|boost
|-boost|p1a: Archaludon|def|1
|
|-weather|none
|upkeep
|turn|6
|-message|Pier (Champion) forfeited.
|
|win|gabriaut7
|l|☆Pier (Champion)
|player|p2|
||Pier (Champion) is ready for game 3.
||gabriaut7 is ready for game 3.
|uhtml|next|Next: Game 3 of 3
|l|☆gabriaut7
|player|p1|
