|j|☆pinkey569
|j|☆KIME09122
|html|pinkey569KIME09122    
|uhtml|bestof|Game 1 of a best-of-3
|t:|1756598134
|gametype|doubles
|player|p1|pinkey569|102|1030
|player|p2|KIME09122|101|1006
|gen|9
|tier|[Gen 9] VGC 2025 Reg H (Bo3)
|rated|
|rule|Species Clause: Limit one of each Pokémon
|rule|Item Clause: Limit 1 of each item
|clearpoke
|poke|p1|Tyranitar, L50, M|
|poke|p1|Dragonite, L50, M|
|poke|p1|Excadrill, L50, M|
|poke|p1|Volcarona, L50, M|
|poke|p1|Kilowattrel, L50, M|
|poke|p1|Indeedee, L50, M|
|poke|p2|Gothitelle, L50, F|
|poke|p2|Incineroar, L50, F|
|poke|p2|Amoonguss, L50, F|
|poke|p2|Politoed, L50, F|
|poke|p2|Archaludon, L50, M|
|poke|p2|Ludicolo, L50, F|
|teampreview|4
|showteam|p1|Tyranitar||AssaultVest|SandStream|RockSlide,KnockOff,TeraBlast,LowKick|||M|||50|,,,,,Flying]Dragonite||LoadedDice|Multiscale|Protect,ThunderWave,Roar,ScaleShot|||M|||50|,,,,,Fairy]Excadrill||LifeOrb|SandRush|Protect,Earthquake,IronHead,TeraBlast|||M|||50|,,,,,Fairy]Volcarona||SitrusBerry|FlameBody|Tailwind,RagePowder,Overheat,StruggleBug|||M|||50|,,,,,Grass]Kilowattrel||ChoiceSpecs|Competitive|Thunderbolt,Discharge,AirSlash,WeatherBall|||M|||50|,,,,,Ghost]Indeedee||FocusSash|PsychicSurge|TrickRoom,HelpingHand,ExpandingForce,TeraBlast|||M|||50|,,,,,Psychic
|showteam|p2|Gothitelle||SitrusBerry|ShadowTag|FakeOut,Protect,ExpandingForce,TrickRoom|||F|||50|,,,,,Psychic]Incineroar||SafetyGoggles|Intimidate|FakeOut,KnockOff,PartingShot,Protect|||F|||50|,,,,,Fire]Amoonguss||EjectButton|Regenerator|Protect,RagePowder,Spore,SludgeBomb|||F|||50|,,,,,Poison]Politoed||CovertCloak|Drizzle|Encore,PerishSong,WeatherBall,Protect|||F|||50|,,,,,Water]Archaludon||RockyHelmet|Stamina|ElectroShot,IronDefense,BodyPress,FoulPlay|||M|||50|,,,,,Steel]Ludicolo||KingsRock|SwiftSwim|FakeOut,WeatherBall,EnergyBall,Fling|||F|||50|,,,,,Water
|
|t:|1756598212
|teamsize|p1|4
|teamsize|p2|4
|start
|switch|p1a: Dragonite|Dragonite, L50, M|100/100
|switch|p1b: Kilowattrel|Kilowattrel, L50, M|100/100
|switch|p2a: Politoed|Politoed, L50, F|100/100
|switch|p2b: Gothitelle|Gothitelle, L50, F|100/100
|-weather|RainDance|[from] ability: Drizzle|[of] p2a: Politoed
|turn|1
|
|t:|1756598258
|-terastallize|p1b: Kilowattrel|Ghost
|move|p2b: Gothitelle|Fake Out|p1b: Kilowattrel
|-immune|p1b: Kilowattrel
|move|p1b: Kilowattrel|Thunderbolt|p2a: Politoed
|-supereffective|p2a: Politoed
|-damage|p2a: Politoed|12/100
|move|p1a: Dragonite|Thunder Wave|p2b: Gothitelle
|-status|p2b: Gothitelle|par
|move|p2a: Politoed|Perish Song|p2a: Politoed
|-start|p1a: Dragonite|perish3|[silent]
|-start|p1b: Kilowattrel|perish3|[silent]
|-start|p2a: Politoed|perish3|[silent]
|-start|p2b: Gothitelle|perish3|[silent]
|-fieldactivate|move: Perish Song
|
|-weather|RainDance|[upkeep]
|-start|p1b: Kilowattrel|perish3
|-start|p1a: Dragonite|perish3
|-start|p2a: Politoed|perish3
|-start|p2b: Gothitelle|perish3
|upkeep
|turn|2
|
|t:|1756598273
|move|p2b: Gothitelle|Protect|p2b: Gothitelle
|-singleturn|p2b: Gothitelle|Protect
|move|p1b: Kilowattrel|Thunderbolt|p2a: Politoed
|-supereffective|p2a: Politoed
|-damage|p2a: Politoed|0 fnt
|faint|p2a: Politoed
|move|p1a: Dragonite|Roar|p2b: Gothitelle
|drag|p2b: Archaludon|Archaludon, L50, M|100/100
|
|-weather|RainDance|[upkeep]
|-start|p1b: Kilowattrel|perish2
|-start|p1a: Dragonite|perish2
|upkeep
|
|t:|1756598296
|switch|p2a: Gothitelle|Gothitelle, L50, F|100/100 par
|turn|3
|
|t:|1756598310
|switch|p1b: Indeedee|Indeedee, L50, M|100/100
|-fieldstart|move: Psychic Terrain|[from] ability: Psychic Surge|[of] p1b: Indeedee
|switch|p2a: Amoonguss|Amoonguss, L50, F|100/100
|move|p2b: Archaludon|Iron Defense|p2b: Archaludon
|-boost|p2b: Archaludon|def|2
|move|p1a: Dragonite|Roar|p2a: Amoonguss
|drag|p2a: Gothitelle|Gothitelle, L50, F|100/100 par
|
|-weather|RainDance|[upkeep]
|-start|p1a: Dragonite|perish1
|upkeep
|turn|4
|
|t:|1756598348
|move|p1b: Indeedee|Expanding Force|p2b: Archaludon|[spread] p2a,p2b
|-resisted|p2a: Gothitelle
|-resisted|p2b: Archaludon
|-damage|p2a: Gothitelle|82/100 par
|-damage|p2b: Archaludon|78/100
|-ability|p2b: Archaludon|Stamina|boost
|-boost|p2b: Archaludon|def|1
|move|p1a: Dragonite|Thunder Wave|p2b: Archaludon
|-status|p2b: Archaludon|par
|move|p2b: Archaludon|Electro Shot||[still]
|-prepare|p2b: Archaludon|Electro Shot
|-boost|p2b: Archaludon|spa|1
|-anim|p2b: Archaludon|Electro Shot|p1b: Indeedee
|-damage|p1b: Indeedee|23/100
|move|p2a: Gothitelle|Expanding Force|p1a: Dragonite|[spread] p1a,p1b
|-resisted|p1b: Indeedee
|-damage|p1a: Dragonite|80/100
|-damage|p1b: Indeedee|0 fnt
|faint|p1b: Indeedee
|
|-weather|RainDance|[upkeep]
|-start|p1a: Dragonite|perish0
|faint|p1a: Dragonite
|upkeep
|
|t:|1756598361
|switch|p1b: Kilowattrel|Kilowattrel, L50, M, tera:Ghost|100/100
|switch|p1a: Tyranitar|Tyranitar, L50, M|100/100
|-weather|Sandstorm|[from] ability: Sand Stream|[of] p1a: Tyranitar
|turn|5
|
|t:|1756598410
|move|p1b: Kilowattrel|Thunderbolt|p2a: Gothitelle
|-damage|p2a: Gothitelle|34/100 par
|-enditem|p2a: Gothitelle|Sitrus Berry|[eat]
|-heal|p2a: Gothitelle|59/100 par|[from] item: Sitrus Berry
|move|p1a: Tyranitar|Low Kick|p2b: Archaludon
|-supereffective|p2b: Archaludon
|-damage|p2b: Archaludon|60/100 par
|-damage|p1a: Tyranitar|84/100|[from] item: Rocky Helmet|[of] p2b: Archaludon
|-ability|p2b: Archaludon|Stamina|boost
|-boost|p2b: Archaludon|def|1
|move|p2b: Archaludon|Body Press|p1a: Tyranitar
|-supereffective|p1a: Tyranitar
|-damage|p1a: Tyranitar|0 fnt
|faint|p1a: Tyranitar
|cant|p2a: Gothitelle|par
|
|-weather|Sandstorm|[upkeep]
|-damage|p1b: Kilowattrel|94/100|[from] Sandstorm
|-damage|p2a: Gothitelle|53/100 par|[from] Sandstorm
|upkeep
|turn|6
|
|t:|1756598438
|move|p1b: Kilowattrel|Thunderbolt|p2a: Gothitelle
|-damage|p2a: Gothitelle|5/100 par
|move|p2b: Archaludon|Foul Play|p1b: Kilowattrel
|-supereffective|p1b: Kilowattrel
|-damage|p1b: Kilowattrel|50/100
|move|p2a: Gothitelle|Expanding Force|p1b: Kilowattrel
|-damage|p1b: Kilowattrel|0 fnt
|faint|p1b: Kilowattrel
|
|win|KIME09122
|l|☆pinkey569
|player|p1|
|j|☆pinkey569
|player|p1|pinkey569|102|
|inactive|pinkey569 has 30 seconds to confirm battle start!
|inactive|KIME09122 has 30 seconds to confirm battle start!
||pinkey569 is ready for game 2.
|inactive|KIME09122 has 20 seconds to confirm battle start!
|inactive|KIME09122 has 10 seconds to confirm battle start!
|uhtml|next|Next: Game 2 of 3
|l|☆KIME09122
|player|p2|
