|j|☆KatzeVGC
|j|☆ArazetHD
|html|KatzeVGCArazetHD    
|uhtml|bestof|Game 3 of a best-of-3
|t:|1757245427
|gametype|doubles
|player|p1|KatzeVGC|102|1052
|player|p2|ArazetHD|hilbert|1000
|gen|9
|tier|[Gen 9] VGC 2025 Reg H (Bo3)
|rated|
|rule|Species Clause: Limit one of each Pokémon
|rule|Item Clause: Limit 1 of each item
|clearpoke
|poke|p1|Tyranitar, L50, M|
|poke|p1|Gastrodon, L50, M|
|poke|p1|Volcarona, L50, M|
|poke|p1|Rillaboom, L50, F|
|poke|p1|Gholdengo, L50|
|poke|p1|Annihilape, L50, M|
|poke|p2|Garchomp, L50, M|
|poke|p2|Tinkaton, L50, F|
|poke|p2|Gyarados, L50, M|
|poke|p2|Talonflame, L50, M|
|poke|p2|Decidueye-Hisui, L50, M|
|poke|p2|Gengar, L50, M|
|teampreview|4
|showteam|p1|Tyranitar||AssaultVest|SandStream|KnockOff,RockSlide,TeraBlast,LowKick|||M|||50|,,,,,Ghost]Gastrodon||SitrusBerry|StormDrain|EarthPower,Protect,IceBeam,Yawn|||M|||50|,,,,,Fire]Volcarona||SafetyGoggles|FlameBody|RagePowder,Tailwind,Overheat,WillOWisp|||M|||50|,,,,,Grass]Rillaboom||MiracleSeed|GrassySurge|WoodHammer,GrassyGlide,FakeOut,Uturn|||F|||50|,,,,,Water]Gholdengo||LifeOrb|GoodasGold|Protect,MakeItRain,ShadowBall,NastyPlot||||||50|,,,,,Water]Annihilape||FocusSash|Defiant|CloseCombat,RageFist,Taunt,FinalGambit|||M|||50|,,,,,Fighting
|showteam|p2|Garchomp||LifeOrb|RoughSkin|Earthquake,DragonClaw,Protect,SwordsDance|||M|||50|,,,,,Ground]Tinkaton||Leftovers|MoldBreaker|KnockOff,PlayRough,FakeOut,GigatonHammer|||F|||50|,,,,,Steel]Gyarados||SitrusBerry|Intimidate|Waterfall,TeraBlast,ThunderWave,HelpingHand|||M|||50|,,,,,Flying]Talonflame||CovertCloak|GaleWings|Tailwind,FlareBlitz,Protect,Taunt|||M|||50|,,,,,Steel]Decidueye-Hisui||ScopeLens|Scrappy|TripleArrows,Protect,SuckerPunch,LeafBlade|||M|||50|,,,,,Grass]Gengar||FocusSash|CursedBody|SludgeBomb,ShadowBall,Haze,DestinyBond|||M|||50|,,,,,Flying
|inactive|Battle timer is ON: inactive players will automatically lose when time's up. (requested by ArazetHD)
|
|t:|1757245462
|teamsize|p1|4
|teamsize|p2|4
|start
|switch|p1a: Annihilape|Annihilape, L50, M|100/100
|switch|p1b: Tyranitar|Tyranitar, L50, M|100/100
|switch|p2a: Decidueye|Decidueye-Hisui, L50, M|100/100
|switch|p2b: Talonflame|Talonflame, L50, M|100/100
|-weather|Sandstorm|[from] ability: Sand Stream|[of] p1b: Tyranitar
|turn|1
|inactive|KatzeVGC has 30 seconds left.
|inactive|KatzeVGC has 20 seconds left.
|c|☆ArazetHD|btw
|inactive|KatzeVGC has 15 seconds left.
|c|☆ArazetHD|cooles team
|inactive|KatzeVGC has 10 seconds left.
|inactive|KatzeVGC has 5 seconds left.
|
|t:|1757245517
|move|p2a: Decidueye|Protect|p2a: Decidueye
|-singleturn|p2a: Decidueye|Protect
|move|p2b: Talonflame|Tailwind|p2b: Talonflame
|-sidestart|p2: ArazetHD|move: Tailwind
|move|p1a: Annihilape|Close Combat|p2b: Talonflame
|-resisted|p2b: Talonflame
|-damage|p2b: Talonflame|67/100
|-unboost|p1a: Annihilape|def|1
|-unboost|p1a: Annihilape|spd|1
|move|p1b: Tyranitar|Knock Off|p2b: Talonflame
|-damage|p2b: Talonflame|0 fnt
|-enditem|p2b: Talonflame|Covert Cloak|[from] move: Knock Off|[of] p1b: Tyranitar
|faint|p2b: Talonflame
|
|-weather|Sandstorm|[upkeep]
|-damage|p2a: Decidueye|95/100|[from] Sandstorm
|-damage|p1a: Annihilape|94/100|[from] Sandstorm
|upkeep
|
|t:|1757245532
|switch|p2b: Garchomp|Garchomp, L50, M|100/100
|turn|2
|inactive|KatzeVGC has 30 seconds left.
|inactive|ArazetHD has 30 seconds left.
|inactive|KatzeVGC has 20 seconds left.
|inactive|ArazetHD has 20 seconds left.
|inactive|KatzeVGC has 15 seconds left.
|inactive|ArazetHD has 15 seconds left.
|inactive|KatzeVGC has 10 seconds left.
|inactive|ArazetHD has 10 seconds left.
|inactive|ArazetHD has 5 seconds left.
|
|t:|1757245582
|switch|p1a: Rillaboom|Rillaboom, L50, F|100/100
|-fieldstart|move: Grassy Terrain|[from] ability: Grassy Surge|[of] p1a: Rillaboom
|-terastallize|p1b: Tyranitar|Ghost
|move|p2b: Garchomp|Protect|p2b: Garchomp
|-singleturn|p2b: Garchomp|Protect
|move|p2a: Decidueye|Triple Arrows|p1b: Tyranitar
|-crit|p1b: Tyranitar
|-damage|p1b: Tyranitar|50/100
|move|p1b: Tyranitar|Knock Off|p2b: Garchomp
|-activate|p2b: Garchomp|move: Protect
|
|-weather|Sandstorm|[upkeep]
|-damage|p2a: Decidueye|89/100|[from] Sandstorm
|-damage|p1a: Rillaboom|95/100|[from] Sandstorm
|-damage|p1b: Tyranitar|44/100|[from] Sandstorm
|-heal|p2a: Decidueye|95/100|[from] Grassy Terrain
|-heal|p1a: Rillaboom|100/100|[from] Grassy Terrain
|-heal|p1b: Tyranitar|50/100|[from] Grassy Terrain
|upkeep
|turn|3
|inactive|ArazetHD has 30 seconds left.
|
|t:|1757245613
|switch|p2b: Gengar|Gengar, L50, M|100/100
|move|p2a: Decidueye|Triple Arrows|p1b: Tyranitar
|-crit|p1b: Tyranitar
|-damage|p1b: Tyranitar|0 fnt
|faint|p1b: Tyranitar
|move|p1a: Rillaboom|Wood Hammer|p2b: Gengar
|-resisted|p2b: Gengar
|-damage|p2b: Gengar|7/100
|-start|p1a: Rillaboom|Disable|Wood Hammer|[from] ability: Cursed Body|[of] p2b: Gengar
|-damage|p1a: Rillaboom|80/100|[from] Recoil
|
|-weather|Sandstorm|[upkeep]
|-damage|p2b: Gengar|1/100|[from] Sandstorm
|-damage|p2a: Decidueye|89/100|[from] Sandstorm
|-damage|p1a: Rillaboom|74/100|[from] Sandstorm
|-heal|p2b: Gengar|7/100|[from] Grassy Terrain
|-heal|p2a: Decidueye|95/100|[from] Grassy Terrain
|-heal|p1a: Rillaboom|80/100|[from] Grassy Terrain
|upkeep
|inactive|KatzeVGC has 30 seconds left.
|inactive|KatzeVGC has 20 seconds left.
|inactive|KatzeVGC has 15 seconds left.
|
|t:|1757245657
|switch|p1b: Gholdengo|Gholdengo, L50|100/100
|turn|4
|inactive|ArazetHD has 30 seconds left.
|inactive|ArazetHD has 20 seconds left.
|inactive|ArazetHD has 15 seconds left.
|
|t:|1757245697
|move|p1a: Rillaboom|Grassy Glide|p2b: Gengar
|-resisted|p2b: Gengar
|-damage|p2b: Gengar|0 fnt
|faint|p2b: Gengar
|move|p2a: Decidueye|Triple Arrows|p1b: Gholdengo
|-supereffective|p1b: Gholdengo
|-crit|p1b: Gholdengo
|-damage|p1b: Gholdengo|0 fnt
|faint|p1b: Gholdengo
|
|-weather|Sandstorm|[upkeep]
|-damage|p2a: Decidueye|89/100|[from] Sandstorm
|-damage|p1a: Rillaboom|74/100|[from] Sandstorm
|-heal|p2a: Decidueye|95/100|[from] Grassy Terrain
|-heal|p1a: Rillaboom|80/100|[from] Grassy Terrain
|-sideend|p2: ArazetHD|move: Tailwind
|upkeep
|inactive|KatzeVGC has 30 seconds left.
|inactive|KatzeVGC has 20 seconds left.
|
|t:|1757245735
|switch|p2b: Garchomp|Garchomp, L50, M|100/100
|switch|p1b: Annihilape|Annihilape, L50, M|94/100
|turn|5
|inactive|ArazetHD has 30 seconds left.
|inactive|ArazetHD has 20 seconds left.
|
|t:|1757245771
|move|p2b: Garchomp|Protect|p2b: Garchomp
|-singleturn|p2b: Garchomp|Protect
|move|p1a: Rillaboom|Grassy Glide|p2b: Garchomp
|-activate|p2b: Garchomp|move: Protect
|move|p2a: Decidueye|Sucker Punch|p1b: Annihilape
|-crit|p1b: Annihilape
|-damage|p1b: Annihilape|60/100
|move|p1b: Annihilape|Final Gambit|p2a: Decidueye
|-damage|p2a: Decidueye|29/100
|faint|p1b: Annihilape
|
|-weather|none
|-heal|p1a: Rillaboom|86/100|[from] Grassy Terrain
|-heal|p2a: Decidueye|35/100|[from] Grassy Terrain
|upkeep
|turn|6
|inactive|ArazetHD has 30 seconds left.
|-message|KatzeVGC forfeited.
|
|win|ArazetHD
|raw|KatzeVGC's rating: 1090 → 1061(-29 for losing)
|raw|ArazetHD's rating: 1000 → 1050(+50 for winning)
|l|☆KatzeVGC
|player|p1|
|c|☆ArazetHD|gutes spiel
