|j|☆SuperPokeVGC
|j|☆VermillionAcademy
|html|SuperPokeVGCVermillionAcademy    
|uhtml|bestof|Game 2 of a best-of-3
|t:|1756412684
|gametype|doubles
|player|p1|SuperPokeVGC|ltsurge|1161
|player|p2|VermillionAcademy|266|1060
|gen|9
|tier|[Gen 9] VGC 2025 Reg H (Bo3)
|rated|
|rule|Species Clause: Limit one of each Pokémon
|rule|Item Clause: Limit 1 of each item
|clearpoke
|poke|p1|Tyranitar, L50, M|
|poke|p1|Garchomp, L50, F|
|poke|p1|Gholdengo, L50|
|poke|p1|Sinistcha, L50|
|poke|p1|Yanmega, L50, M|
|poke|p1|Arcanine, L50, M|
|poke|p2|Indeedee, L50, M|
|poke|p2|Sneasler, L50, F|
|poke|p2|Ninetales-Alola, L50, M|
|poke|p2|Basculegion, L50, M|
|poke|p2|Kilowattrel, L50, M|
|poke|p2|Ursaluna-Bloodmoon, L50, M|
|teampreview|4
|showteam|p1|Tyranitar||LifeOrb|SandStream|KnockOff,RockSlide,TeraBlast,Protect|||M|||50|,,,,,Flying]Garchomp||ClearAmulet|SandVeil|DragonClaw,StompingTantrum,Earthquake,Protect|||F|||50|,,,,,Fire]Gholdengo||Leftovers|GoodasGold|MakeItRain,ShadowBall,NastyPlot,Protect||||||50|,,,,,Water]Sinistcha||SitrusBerry|Hospitality|RagePowder,MatchaGotcha,TrickRoom,Protect||||||50|,,,,,Water]Yanmega||FocusSash|SpeedBoost|Tailwind,AirSlash,BugBuzz,Detect|||M|||50|,,,,,Ghost]Arcanine||MirrorHerb|Intimidate|ExtremeSpeed,FlareBlitz,WillOWisp,Protect|||M|||50|,,,,,Normal
|showteam|p2|Indeedee||TwistedSpoon|PsychicSurge|ExpandingForce,DazzlingGleam,Imprison,TrickRoom|||M|||50|,,,,,Fairy]Sneasler||PsychicSeed|Unburden|DireClaw,CloseCombat,ThroatChop,Protect|||F|||50|,,,,,Dark]Ninetales-Alola||LifeOrb|SnowWarning|Blizzard,FreezeDry,Encore,Protect|||M|||50|,,,,,Ghost]Basculegion||ChoiceScarf|Adaptability|WaveCrash,LastRespects,AquaJet,FlipTurn|||M|||50|,,,,,Grass]Kilowattrel||FocusSash|Competitive|Thunderbolt,AirSlash,Tailwind,Protect|||M|||50|,,,,,Ghost]Ursaluna-Bloodmoon||AssaultVest|MindsEye|BloodMoon,HyperVoice,EarthPower,VacuumWave|||M|||50|,,,,,Water
|inactive|Battle timer is ON: inactive players will automatically lose when time's up. (requested by SuperPokeVGC)
|inactive|VermillionAcademy has 60 seconds left.
|inactive|SuperPokeVGC has 60 seconds left.
|
|t:|1756412736
|teamsize|p1|4
|teamsize|p2|4
|start
|switch|p1a: Tyranitar|Tyranitar, L50, M|100/100
|switch|p1b: Yanmega|Yanmega, L50, M, shiny|100/100
|switch|p2a: Kilowattrel|Kilowattrel, L50, M|100/100
|switch|p2b: Ursaluna|Ursaluna-Bloodmoon, L50, M|100/100
|-weather|Sandstorm|[from] ability: Sand Stream|[of] p1a: Tyranitar
|turn|1
|inactive|SuperPokeVGC has 30 seconds left.
|inactive|VermillionAcademy has 30 seconds left.
|inactive|SuperPokeVGC has 20 seconds left.
|inactive|VermillionAcademy has 20 seconds left.
|inactive|VermillionAcademy has 15 seconds left.
|inactive|VermillionAcademy has 10 seconds left.
|
|t:|1756412782
|-terastallize|p1a: Tyranitar|Flying
|move|p1b: Yanmega|Detect|p1b: Yanmega
|-singleturn|p1b: Yanmega|Protect
|move|p2a: Kilowattrel|Tailwind|p2a: Kilowattrel
|-sidestart|p2: VermillionAcademy|move: Tailwind
|move|p2b: Ursaluna|Hyper Voice|p1a: Tyranitar|[spread] p1a
|-activate|p1b: Yanmega|move: Protect
|-damage|p1a: Tyranitar|71/100
|move|p1a: Tyranitar|Rock Slide|p2a: Kilowattrel|[spread] p2a,p2b
|-supereffective|p2a: Kilowattrel
|-resisted|p2b: Ursaluna
|-enditem|p2a: Kilowattrel|Focus Sash
|-damage|p2a: Kilowattrel|1/100
|-damage|p2b: Ursaluna|87/100
|-damage|p1a: Tyranitar|61/100|[from] item: Life Orb
|
|-weather|Sandstorm|[upkeep]
|-damage|p2a: Kilowattrel|0 fnt|[from] Sandstorm
|-damage|p1b: Yanmega|94/100|[from] Sandstorm
|-damage|p1a: Tyranitar|55/100|[from] Sandstorm
|faint|p2a: Kilowattrel
|-ability|p1b: Yanmega|Speed Boost|boost
|-boost|p1b: Yanmega|spe|1
|upkeep
|
|t:|1756412795
|switch|p2a: Ninetales|Ninetales-Alola, L50, M, shiny|100/100
|-weather|Snowscape|[from] ability: Snow Warning|[of] p2a: Ninetales
|turn|2
|
|t:|1756412823
|move|p1b: Yanmega|Detect||[still]
|-fail|p1b: Yanmega
|move|p1a: Tyranitar|Protect|p1a: Tyranitar
|-singleturn|p1a: Tyranitar|Protect
|move|p2a: Ninetales|Blizzard|p1a: Tyranitar|[spread] p1b
|-activate|p1a: Tyranitar|move: Protect
|-supereffective|p1b: Yanmega
|-damage|p1b: Yanmega|0 fnt
|faint|p1b: Yanmega
|-damage|p2a: Ninetales|91/100|[from] item: Life Orb
|move|p2b: Ursaluna|Blood Moon|p1a: Tyranitar
|-activate|p1a: Tyranitar|move: Protect
|
|-weather|Snowscape|[upkeep]
|upkeep
|
|t:|1756412831
|switch|p1b: Sinistcha|Sinistcha, L50|100/100
|-heal|p1a: Tyranitar|80/100|[from] ability: Hospitality|[of] p1b: Sinistcha
|turn|3
|
|t:|1756412841
|move|p2a: Ninetales|Encore|p1a: Tyranitar
|-start|p1a: Tyranitar|Encore
|move|p2b: Ursaluna|Hyper Voice|p1a: Tyranitar|[spread] p1a,p1b
|-damage|p1a: Tyranitar|50/100
|-damage|p1b: Sinistcha|70/100
|move|p1a: Tyranitar|Protect||[still]
|-fail|p1a: Tyranitar
|move|p1b: Sinistcha|Trick Room|p1b: Sinistcha
|-fieldstart|move: Trick Room|[of] p1b: Sinistcha
|
|-weather|Snowscape|[upkeep]
|upkeep
|turn|4
|
|t:|1756412859
|switch|p1a: Gholdengo|Gholdengo, L50|100/100
|move|p1b: Sinistcha|Matcha Gotcha|p2a: Ninetales|[spread] p2a,p2b
|-supereffective|p2b: Ursaluna
|-damage|p2a: Ninetales|63/100
|-heal|p1b: Sinistcha|82/100|[from] drain|[of] p2a: Ninetales
|-damage|p2b: Ursaluna|53/100
|-heal|p1b: Sinistcha|100/100|[from] drain|[of] p2b: Ursaluna
|-status|p2a: Ninetales|brn
|move|p2b: Ursaluna|Blood Moon|p1a: Gholdengo
|-resisted|p1a: Gholdengo
|-damage|p1a: Gholdengo|63/100
|move|p2a: Ninetales|Blizzard|p1b: Sinistcha|[spread] p1a,p1b
|-resisted|p1a: Gholdengo
|-supereffective|p1b: Sinistcha
|-damage|p1a: Gholdengo|42/100
|-damage|p1b: Sinistcha|26/100
|-status|p1a: Gholdengo|frz
|-enditem|p1b: Sinistcha|Sitrus Berry|[eat]
|-heal|p1b: Sinistcha|50/100|[from] item: Sitrus Berry
|-damage|p2a: Ninetales|54/100 brn|[from] item: Life Orb
|
|-weather|Snowscape|[upkeep]
|-heal|p1a: Gholdengo|48/100 frz|[from] item: Leftovers
|-damage|p2a: Ninetales|47/100 brn|[from] brn
|-sideend|p2: VermillionAcademy|move: Tailwind
|upkeep
|turn|5
|inactive|VermillionAcademy has 30 seconds left.
|inactive|SuperPokeVGC has 30 seconds left.
|
|t:|1756412892
|switch|p1a: Tyranitar|Tyranitar, L50, M, tera:Flying|50/100
|-weather|Sandstorm|[from] ability: Sand Stream|[of] p1a: Tyranitar
|switch|p2a: Basculegion|Basculegion, L50, M, shiny|100/100
|move|p2b: Ursaluna|Hyper Voice|p1b: Sinistcha|[spread] p1a,p1b
|-damage|p1a: Tyranitar|19/100
|-damage|p1b: Sinistcha|17/100
|move|p1b: Sinistcha|Matcha Gotcha|p2b: Ursaluna|[spread] p2a,p2b
|-supereffective|p2a: Basculegion
|-supereffective|p2b: Ursaluna
|-damage|p2a: Basculegion|41/100
|-heal|p1b: Sinistcha|49/100|[from] drain|[of] p2a: Basculegion
|-damage|p2b: Ursaluna|20/100
|-heal|p1b: Sinistcha|68/100|[from] drain|[of] p2b: Ursaluna
|
|-weather|Sandstorm|[upkeep]
|-damage|p1a: Tyranitar|13/100|[from] Sandstorm
|-damage|p1b: Sinistcha|62/100|[from] Sandstorm
|-damage|p2a: Basculegion|35/100|[from] Sandstorm
|upkeep
|turn|6
|inactive|SuperPokeVGC has 30 seconds left.
|inactive|VermillionAcademy has 30 seconds left.
|inactive|VermillionAcademy has 20 seconds left.
|inactive|VermillionAcademy has 15 seconds left.
|inactive|VermillionAcademy has 10 seconds left.
|
|t:|1756412939
|move|p1a: Tyranitar|Protect|p1a: Tyranitar
|-singleturn|p1a: Tyranitar|Protect
|move|p2a: Basculegion|Aqua Jet|p1a: Tyranitar
|-activate|p1a: Tyranitar|move: Protect
|move|p2b: Ursaluna|Blood Moon|p1b: Sinistcha
|-damage|p1b: Sinistcha|0 fnt
|faint|p1b: Sinistcha
|
|-weather|Sandstorm|[upkeep]
|-damage|p1a: Tyranitar|7/100|[from] Sandstorm
|-damage|p2a: Basculegion|29/100|[from] Sandstorm
|upkeep
|
|t:|1756412947
|switch|p1b: Gholdengo|Gholdengo, L50|48/100 frz
|turn|7
|
|t:|1756412954
|move|p1a: Tyranitar|Protect||[still]
|-fail|p1a: Tyranitar
|move|p2a: Basculegion|Aqua Jet|p1a: Tyranitar
|-damage|p1a: Tyranitar|0 fnt
|faint|p1a: Tyranitar
|move|p2b: Ursaluna|Earth Power|p1b: Gholdengo
|-supereffective|p1b: Gholdengo
|-damage|p1b: Gholdengo|0 fnt
|faint|p1b: Gholdengo
|
|win|VermillionAcademy
||VermillionAcademy is ready for game 3.
||SuperPokeVGC is ready for game 3.
|uhtml|next|Next: Game 3 of 3
|l|☆VermillionAcademy
|player|p2|
