|j|☆HopsVGC
|j|☆ttsui234
|html|HopsVGCttsui234    
|uhtml|bestof|Game 2 of a best-of-3
|t:|1785499026
|gametype|doubles
|player|p1|HopsVGC|266|1345
|player|p2|ttsui234|101|1319
|gen|9
|tier|[Gen 9 Champions] VGC 2026 Reg M-B (Bo3)
|rated|
|rule|Species Clause: Limit one of each Pokémon
|rule|Item Clause: Limit 1 of each item
|clearpoke
|poke|p1|Delphox, L50, M, shiny|
|poke|p1|Excadrill, L50, F|
|poke|p1|Tyranitar, L50, F|
|poke|p1|Sinistcha, L50|
|poke|p1|Hydreigon, L50, M, shiny|
|poke|p1|Sneasler, L50, F|
|poke|p2|Froslass, L50, F|
|poke|p2|Sneasler, L50, F|
|poke|p2|Garchomp, L50, M|
|poke|p2|Talonflame, L50, F|
|poke|p2|Samurott-Hisui, L50, M|
|poke|p2|Dragonite, L50, F|
|teampreview|4
|showteam|p1|Delphox||Delphoxite|Blaze|HeatWave,Psychic,NastyPlot,Protect|Timid||M|||50|]Excadrill||FocusSash|SandRush|Earthquake,RockSlide,IronHead,Protect|Adamant||F|||50|]Tyranitar||Tyranitarite|SandStream|RockSlide,KnockOff,DragonDance,Protect|Adamant||F|||50|]Sinistcha||SitrusBerry|Hospitality|MatchaGotcha,RagePowder,TrickRoom,Protect|Relaxed|||||50|]Hydreigon||ChoiceScarf|Levitate|Snarl,DarkPulse,EarthPower,DragonPulse|Modest||M|||50|]Sneasler||WhiteHerb|Unburden|CloseCombat,DireClaw,FakeOut,Protect|Adamant||F|||50|
|showteam|p2|Froslass||Froslassite|CursedBody|Blizzard,Thunderbolt,ShadowBall,Protect|Modest||F|||50|]Sneasler||WhiteHerb|Unburden|CloseCombat,DireClaw,FakeOut,Protect|Adamant||F|||50|]Garchomp||LifeOrb|RoughSkin|Earthquake,StompingTantrum,RockSlide,Protect|Jolly||M|||50|]Talonflame||SharpBeak|GaleWings|DualWingbeat,FlareBlitz,Tailwind,Protect|Adamant||F|||50|]Samurott-Hisui||ExpertBelt|Sharpness|RazorShell,NightSlash,SuckerPunch,SacredSword|Adamant||M|||50|]Dragonite||Dragoninite|Multiscale|DragonPulse,HeatWave,Thunderbolt,Protect|Modest||F|||50|
|inactive|Battle timer is ON: inactive players will automatically lose when time's up. (requested by HopsVGC)
|
|t:|1785499114
|teamsize|p1|4
|teamsize|p2|4
|start
|switch|p1a: Excadrill|Excadrill, L50, F|100/100
|switch|p1b: Tyranitar|Tyranitar, L50, F|100/100
|switch|p2a: Talonflame|Talonflame, L50, F|100/100
|switch|p2b: Sneasler|Sneasler, L50, F|100/100
|-weather|Sandstorm|[from] ability: Sand Stream|[of] p1b: Tyranitar
|turn|1
|inactive|HopsVGC has 30 seconds left.
|inactive|HopsVGC has 20 seconds left.
|inactive|ttsui234 has 30 seconds left.
|inactive|HopsVGC has 15 seconds left.
|inactive|ttsui234 has 20 seconds left.
|
|t:|1785499159
|move|p1a: Excadrill|Protect|p1a: Excadrill
|-singleturn|p1a: Excadrill|Protect
|move|p2b: Sneasler|Fake Out|p1a: Excadrill
|-activate|p1a: Excadrill|move: Protect
|move|p2a: Talonflame|Tailwind|p2a: Talonflame
|-sidestart|p2: ttsui234|move: Tailwind
|move|p1b: Tyranitar|Rock Slide|p2b: Sneasler|[spread] p2a,p2b
|-supereffective|p2a: Talonflame|2
|-resisted|p2b: Sneasler|1
|-damage|p2a: Talonflame|0 fnt
|-damage|p2b: Sneasler|74/100
|faint|p2a: Talonflame
|
|-weather|Sandstorm|[upkeep]
|-damage|p2b: Sneasler|68/100|[from] Sandstorm
|upkeep
|
|t:|1785499181
|switch|p2a: Samurott|Samurott-Hisui, L50, M|100/100
|turn|2
|
|t:|1785499203
|switch|p1a: Sneasler|Sneasler, L50, F|100/100
|move|p1b: Tyranitar|Protect|p1b: Tyranitar
|-singleturn|p1b: Tyranitar|Protect
|move|p2b: Sneasler|Close Combat|p1a: Sneasler
|-resisted|p1a: Sneasler|1
|-damage|p1a: Sneasler|36/100
|-unboost|p2b: Sneasler|def|1
|-unboost|p2b: Sneasler|spd|1
|-enditem|p2b: Sneasler|White Herb
|-clearnegativeboost|p2b: Sneasler|[silent]
|move|p2a: Samurott|Sacred Sword|p1b: Tyranitar
|-activate|p1b: Tyranitar|move: Protect
|
|-weather|Sandstorm|[upkeep]
|-damage|p2b: Sneasler|63/100|[from] Sandstorm
|-damage|p2a: Samurott|94/100|[from] Sandstorm
|-damage|p1a: Sneasler|31/100|[from] Sandstorm
|upkeep
|turn|3
|inactive|HopsVGC has 30 seconds left.
|
|t:|1785499235
|detailschange|p1b: Tyranitar|Tyranitar-Mega, L50, F
|-mega|p1b: Tyranitar|Tyranitar|Tyranitarite
|move|p1a: Sneasler|Fake Out|p2b: Sneasler
|-damage|p2b: Sneasler|38/100
|cant|p2b: Sneasler|flinch
|move|p2a: Samurott|Sacred Sword|p1b: Tyranitar
|-supereffective|p1b: Tyranitar|2
|-damage|p1b: Tyranitar|0 fnt
|faint|p1b: Tyranitar
|
|-weather|Sandstorm|[upkeep]
|-damage|p2b: Sneasler|32/100|[from] Sandstorm
|-damage|p2a: Samurott|88/100|[from] Sandstorm
|-damage|p1a: Sneasler|25/100|[from] Sandstorm
|upkeep
|
|t:|1785499247
|switch|p1b: Excadrill|Excadrill, L50, F|100/100
|turn|4
|
|t:|1785499270
|move|p1b: Excadrill|Protect|p1b: Excadrill
|-singleturn|p1b: Excadrill|Protect
|move|p1a: Sneasler|Protect|p1a: Sneasler
|-singleturn|p1a: Sneasler|Protect
|move|p2a: Samurott|Sucker Punch||[still]
|-fail|p2a: Samurott
|move|p2b: Sneasler|Close Combat|p1b: Excadrill
|-activate|p1b: Excadrill|move: Protect
|
|-weather|Sandstorm|[upkeep]
|-damage|p2b: Sneasler|26/100|[from] Sandstorm
|-damage|p2a: Samurott|82/100|[from] Sandstorm
|-damage|p1a: Sneasler|19/100|[from] Sandstorm
|-sideend|p2: ttsui234|move: Tailwind
|upkeep
|turn|5
|
|t:|1785499280
|move|p2a: Samurott|Sucker Punch|p1b: Excadrill
|-damage|p1b: Excadrill|48/100
|move|p2b: Sneasler|Close Combat|p1b: Excadrill
|-supereffective|p1b: Excadrill|1
|-damage|p1b: Excadrill|0 fnt
|-unboost|p2b: Sneasler|def|1
|-unboost|p2b: Sneasler|spd|1
|faint|p1b: Excadrill
|move|p1a: Sneasler|Close Combat|p2a: Samurott
|-supereffective|p2a: Samurott|1
|-damage|p2a: Samurott|0 fnt
|-unboost|p1a: Sneasler|def|1
|-unboost|p1a: Sneasler|spd|1
|faint|p2a: Samurott
|-enditem|p1a: Sneasler|White Herb
|-clearnegativeboost|p1a: Sneasler|[silent]
|
|-weather|none
|upkeep
|
|t:|1785499285
|switch|p1b: Hydreigon|Hydreigon, L50, M, shiny|100/100
|switch|p2a: Froslass|Froslass, L50, F|100/100
|turn|6
|
|t:|1785499294
|detailschange|p2a: Froslass|Froslass-Mega, L50, F
|-mega|p2a: Froslass|Froslass|Froslassite
|-weather|Snowscape|[from] ability: Snow Warning|[of] p2a: Froslass
|move|p2b: Sneasler|Close Combat|p1b: Hydreigon
|-supereffective|p1b: Hydreigon|1
|-damage|p1b: Hydreigon|0 fnt
|-unboost|p2b: Sneasler|def|1
|-unboost|p2b: Sneasler|spd|1
|faint|p1b: Hydreigon
|move|p1a: Sneasler|Close Combat|p2b: Sneasler
|-resisted|p2b: Sneasler|1
|-damage|p2b: Sneasler|0 fnt
|-unboost|p1a: Sneasler|def|1
|-unboost|p1a: Sneasler|spd|1
|faint|p2b: Sneasler
|move|p2a: Froslass|Blizzard|p1a: Sneasler
|-damage|p1a: Sneasler|0 fnt
|faint|p1a: Sneasler
|
|win|ttsui234
|raw|HopsVGC's rating: 1345 → 1324(-21 for losing)
|raw|ttsui234's rating: 1319 → 1340(+21 for winning)
|l|☆HopsVGC
|player|p1|
