|j|☆Icarus#UPAD
|j|☆AnriVGC
|html|Icarus#UPADAnriVGC    
|uhtml|bestof|Game 1 of a best-of-3
|t:|1756496641
|gametype|doubles
|player|p1|Icarus#UPAD|grimsley|1090
|player|p2|AnriVGC|hilda-masters3|1128
|gen|9
|tier|[Gen 9] VGC 2025 Reg H (Bo3)
|rated|
|rule|Species Clause: Limit one of each Pokémon
|rule|Item Clause: Limit 1 of each item
|clearpoke
|poke|p1|Gholdengo, L50|
|poke|p1|Dragonite, L50, F|
|poke|p1|Porygon2, L50|
|poke|p1|Ursaluna-Bloodmoon, L50, M|
|poke|p1|Primarina, L50, M|
|poke|p1|Incineroar, L50, F|
|poke|p2|Gholdengo, L50|
|poke|p2|Sneasler, L50, F|
|poke|p2|Rillaboom, L50, M|
|poke|p2|Dragonite, L50, F|
|poke|p2|Ninetales-Alola, L50, F|
|poke|p2|Arcanine-Hisui, L50, M|
|teampreview|4
|showteam|p1|Gholdengo||LifeOrb|GoodasGold|ShadowBall,MakeItRain,Reflect,LightScreen||||||50|,,,,,Steel]Dragonite||LoadedDice|Multiscale|Tailwind,ScaleShot,ExtremeSpeed,Haze|||F|||50|,,,,,Fairy]Porygon2||Eviolite|Download|Recover,IceBeam,TrickRoom,TeraBlast||||||50|,,,,,Fighting]Ursaluna-Bloodmoon||AssaultVest|MindsEye|VacuumWave,EarthPower,HyperVoice,BloodMoon|||M|||50|,,,,,Ghost]Primarina||SitrusBerry|LiquidVoice|HyperVoice,Haze,Moonblast,Protect|||M|||50|,,,,,Steel]Incineroar||SafetyGoggles|Intimidate|FakeOut,KnockOff,PartingShot,FlareBlitz|||F|||50|,,,,,Ghost
|showteam|p2|Gholdengo||GrassySeed|GoodasGold|NastyPlot,MakeItRain,ShadowBall,Protect||||||50|,,,,,Water]Sneasler||FocusSash|Unburden|CloseCombat,DireClaw,Coaching,FakeOut|||F|||50|,,,,,Ghost]Rillaboom||AssaultVest|GrassySurge|FakeOut,DrumBeating,HighHorsepower,GrassyGlide|||M|||50|,,,,,Fire]Dragonite||LoadedDice|Multiscale|ScaleShot,StompingTantrum,Haze,Protect|||F|||50|,,,,,Steel]Ninetales-Alola||LightClay|SnowWarning|IcyWind,Blizzard,Moonblast,AuroraVeil|||F|||50|,,,,,Water]Arcanine-Hisui||ClearAmulet|Intimidate|RockSlide,FlareBlitz,ExtremeSpeed,Protect|||M|||50|,,,,,Grass
|
|t:|1756496694
|teamsize|p1|4
|teamsize|p2|4
|start
|switch|p1a: Incineroar|Incineroar, L50, F|100/100
|switch|p1b: Gholdengo|Gholdengo, L50|100/100
|switch|p2a: Dragonite|Dragonite, L50, F|100/100
|switch|p2b: Sneasler|Sneasler, L50, F|100/100
|-ability|p1a: Incineroar|Intimidate|boost
|-unboost|p2a: Dragonite|atk|1
|-unboost|p2b: Sneasler|atk|1
|turn|1
|inactive|Battle timer is ON: inactive players will automatically lose when time's up. (requested by Icarus#UPAD)
|inactive|Icarus#UPAD has 60 seconds left.
|
|t:|1756496733
|move|p2b: Sneasler|Fake Out|p1a: Incineroar
|-damage|p1a: Incineroar|90/100
|cant|p1a: Incineroar|flinch
|move|p2a: Dragonite|Haze|p2a: Dragonite
|-clearallboost
|move|p1b: Gholdengo|Reflect|p1b: Gholdengo
|-sidestart|p1: Icarus#UPAD|Reflect
|
|upkeep
|turn|2
|inactive|Icarus#UPAD has 30 seconds left.
|inactive|Icarus#UPAD has 20 seconds left.
|inactive|Icarus#UPAD has 15 seconds left.
|
|t:|1756496776
|move|p2b: Sneasler|Coaching|p2a: Dragonite
|-boost|p2a: Dragonite|atk|1
|-boost|p2a: Dragonite|def|1
|move|p2a: Dragonite|Stomping Tantrum|p1b: Gholdengo
|-supereffective|p1b: Gholdengo
|-damage|p1b: Gholdengo|40/100
|move|p1a: Incineroar|Parting Shot|p2a: Dragonite
|-unboost|p2a: Dragonite|atk|1
|-unboost|p2a: Dragonite|spa|1
|
|t:|1756496790
|switch|p1a: Dragonite|Dragonite, L50, F|100/100|[from] Parting Shot
|move|p1b: Gholdengo|Shadow Ball|p2b: Sneasler
|-crit|p2b: Sneasler
|-enditem|p2b: Sneasler|Focus Sash
|-damage|p2b: Sneasler|1/100
|-damage|p1b: Gholdengo|30/100|[from] item: Life Orb
|
|upkeep
|turn|3
|
|t:|1756496815
|switch|p1b: Incineroar|Incineroar, L50, F|90/100
|-ability|p1b: Incineroar|Intimidate|boost
|-unboost|p2a: Dragonite|atk|1
|-unboost|p2b: Sneasler|atk|1
|-terastallize|p2a: Dragonite|Steel
|move|p2b: Sneasler|Coaching|p2a: Dragonite
|-boost|p2a: Dragonite|atk|1
|-boost|p2a: Dragonite|def|1
|move|p2a: Dragonite|Scale Shot|p1b: Incineroar|[miss]
|-miss|p2a: Dragonite|p1b: Incineroar
|move|p1a: Dragonite|Scale Shot|p2a: Dragonite
|-resisted|p2a: Dragonite
|-damage|p2a: Dragonite|99/100
|-resisted|p2a: Dragonite
|-damage|p2a: Dragonite|95/100
|-resisted|p2a: Dragonite
|-damage|p2a: Dragonite|90/100
|-resisted|p2a: Dragonite
|-damage|p2a: Dragonite|87/100
|-resisted|p2a: Dragonite
|-crit|p2a: Dragonite
|-damage|p2a: Dragonite|75/100
|-hitcount|p2a: Dragonite|5
|-unboost|p1a: Dragonite|def|1
|-boost|p1a: Dragonite|spe|1
|
|upkeep
|turn|4
|
|t:|1756496837
|switch|p2b: Arcanine|Arcanine-Hisui, L50, M|100/100
|-ability|p2b: Arcanine|Intimidate|boost
|-unboost|p1a: Dragonite|atk|1
|-unboost|p1b: Incineroar|atk|1
|move|p2a: Dragonite|Protect|p2a: Dragonite
|-singleturn|p2a: Dragonite|Protect
|move|p1b: Incineroar|Fake Out|p2b: Arcanine
|-resisted|p2b: Arcanine
|-damage|p2b: Arcanine|96/100
|move|p1a: Dragonite|Haze|p1a: Dragonite
|-clearallboost
|
|upkeep
|turn|5
|inactive|AnriVGC has 30 seconds left.
|
|t:|1756496868
|switch|p2a: Sneasler|Sneasler, L50, F|1/100
|move|p2b: Arcanine|Rock Slide|p1b: Incineroar|[spread] p1a,p1b
|-supereffective|p1a: Dragonite
|-supereffective|p1b: Incineroar
|-damage|p1a: Dragonite|83/100
|-damage|p1b: Incineroar|60/100
|move|p1a: Dragonite|Scale Shot|p2a: Sneasler|[miss]
|-miss|p1a: Dragonite|p2a: Sneasler
|cant|p1b: Incineroar|flinch
|
|-sideend|p1: Icarus#UPAD|Reflect
|upkeep
|turn|6
|
|t:|1756496882
|switch|p1b: Primarina|Primarina, L50, M|100/100
|move|p1a: Dragonite|Extreme Speed|p2a: Sneasler
|-damage|p2a: Sneasler|0 fnt
|faint|p2a: Sneasler
|move|p2b: Arcanine|Rock Slide|p1b: Primarina|[spread] p1a,p1b
|-supereffective|p1a: Dragonite
|-crit|p1b: Primarina
|-damage|p1a: Dragonite|28/100
|-damage|p1b: Primarina|53/100
|
|upkeep
|
|t:|1756496892
|switch|p2a: Rillaboom|Rillaboom, L50, M|100/100
|-fieldstart|move: Grassy Terrain|[from] ability: Grassy Surge|[of] p2a: Rillaboom
|turn|7
|
|t:|1756496904
|move|p1b: Primarina|Protect|p1b: Primarina
|-singleturn|p1b: Primarina|Protect
|move|p2b: Arcanine|Rock Slide|p1b: Primarina|[spread] p1a
|-activate|p1b: Primarina|move: Protect
|-supereffective|p1a: Dragonite
|-damage|p1a: Dragonite|0 fnt
|faint|p1a: Dragonite
|move|p2a: Rillaboom|High Horsepower|p1b: Primarina
|-activate|p1b: Primarina|move: Protect
|
|-heal|p2b: Arcanine|100/100|[from] Grassy Terrain
|-heal|p1b: Primarina|59/100|[from] Grassy Terrain
|upkeep
|
|t:|1756496920
|switch|p1a: Incineroar|Incineroar, L50, F|60/100
|-ability|p1a: Incineroar|Intimidate|boost
|-unboost|p2a: Rillaboom|atk|1
|-fail|p2b: Arcanine|unboost|[from] item: Clear Amulet|[of] p2b: Arcanine
|turn|8
|
|t:|1756496945
|move|p2b: Arcanine|Protect|p2b: Arcanine
|-singleturn|p2b: Arcanine|Protect
|move|p2a: Rillaboom|High Horsepower|p1a: Incineroar
|-supereffective|p1a: Incineroar
|-damage|p1a: Incineroar|23/100
|move|p1a: Incineroar|Flare Blitz|p2a: Rillaboom
|-supereffective|p2a: Rillaboom
|-damage|p2a: Rillaboom|3/100
|-damage|p1a: Incineroar|0 fnt|[from] Recoil
|faint|p1a: Incineroar
|move|p1b: Primarina|Moonblast|p2a: Rillaboom
|-damage|p2a: Rillaboom|0 fnt
|faint|p2a: Rillaboom
|
|-heal|p1b: Primarina|65/100|[from] Grassy Terrain
|upkeep
|
|t:|1756496956
|switch|p2a: Dragonite|Dragonite, L50, F, tera:Steel|75/100
|switch|p1a: Gholdengo|Gholdengo, L50|30/100
|turn|9
|
|t:|1756496972
|move|p1b: Primarina|Protect|p1b: Primarina
|-singleturn|p1b: Primarina|Protect
|move|p2b: Arcanine|Rock Slide|p1a: Gholdengo|[spread] p1a
|-activate|p1b: Primarina|move: Protect
|-resisted|p1a: Gholdengo
|-damage|p1a: Gholdengo|18/100
|move|p2a: Dragonite|Stomping Tantrum|p1a: Gholdengo
|-supereffective|p1a: Gholdengo
|-damage|p1a: Gholdengo|0 fnt
|faint|p1a: Gholdengo
|
|-heal|p2a: Dragonite|81/100|[from] Grassy Terrain
|-heal|p1b: Primarina|71/100|[from] Grassy Terrain
|upkeep
|turn|10
|
|t:|1756496988
|-terastallize|p1b: Primarina|Steel
|move|p2b: Arcanine|Rock Slide|p1b: Primarina
|-resisted|p1b: Primarina
|-damage|p1b: Primarina|50/100
|-enditem|p1b: Primarina|Sitrus Berry|[eat]
|-heal|p1b: Primarina|75/100|[from] item: Sitrus Berry
|move|p2a: Dragonite|Stomping Tantrum|p1b: Primarina
|-supereffective|p1b: Primarina
|-damage|p1b: Primarina|4/100
|move|p1b: Primarina|Hyper Voice|p2a: Dragonite|[spread] p2a,p2b
|-supereffective|p2b: Arcanine
|-damage|p2a: Dragonite|45/100
|-damage|p2b: Arcanine|0 fnt
|faint|p2b: Arcanine
|
|-heal|p2a: Dragonite|51/100|[from] Grassy Terrain
|-heal|p1b: Primarina|10/100|[from] Grassy Terrain
|upkeep
|turn|11
|
|t:|1756497001
|move|p2a: Dragonite|Stomping Tantrum|p1b: Primarina
|-supereffective|p1b: Primarina
|-damage|p1b: Primarina|0 fnt
|faint|p1b: Primarina
|
|win|AnriVGC
||AnriVGC is ready for game 2.
