|j|☆Shalude
|j|☆dambro222
|html|Shaludedambro222    
|uhtml|bestof|Game 3 of a best-of-3
|t:|1756813259
|gametype|doubles
|player|p1|Shalude|bugcatcher-gen4dp|1201
|player|p2|dambro222|ethan|1121
|gen|9
|tier|[Gen 9] VGC 2025 Reg H (Bo3)
|rated|
|rule|Species Clause: Limit one of each Pokémon
|rule|Item Clause: Limit 1 of each item
|clearpoke
|poke|p1|Rillaboom, L50, M|
|poke|p1|Gholdengo, L50|
|poke|p1|Incineroar, L50, F|
|poke|p1|Annihilape, L50, F|
|poke|p1|Tyranitar, L50, F|
|poke|p1|Electabuzz, L50, F|
|poke|p2|Dragonite, L50, M|
|poke|p2|Volcarona, L50, F|
|poke|p2|Sneasler, L50, M|
|poke|p2|Rillaboom, L50, M|
|poke|p2|Electabuzz, L50, M|
|poke|p2|Kingambit, L50, M|
|teampreview|4
|showteam|p1|Rillaboom||AssaultVest|GrassySurge|GrassyGlide,WoodHammer,FakeOut,Uturn|||M|||50|,,,,,Fire]Gholdengo||GrassySeed|GoodasGold|MakeItRain,ShadowBall,NastyPlot,Protect||||||50|,,,,,Water]Incineroar||SitrusBerry|Intimidate|FakeOut,KnockOff,FlareBlitz,PartingShot|||F|||50|,,,,,Ghost]Annihilape||ChoiceScarf|Defiant|RageFist,FinalGambit,CloseCombat,Coaching|||F|||50|,,,,,Stellar]Tyranitar||ChoiceBand|SandStream|TeraBlast,RockSlide,KnockOff,LowKick|||F|||50|,,,,,Flying]Electabuzz||Eviolite|VitalSpirit|FollowMe,Protect,Taunt,Electroweb|||F|||50|,,,,,Ghost
|showteam|p2|Dragonite||LoadedDice|Multiscale|ScaleShot,ExtremeSpeed,Haze,Protect|||M|||50|,,,,,Fairy]Volcarona||CovertCloak|FlameBody|HeatWave,TeraBlast,QuiverDance,Protect|||F|||50|,,,,,Fairy]Sneasler||FocusSash|Unburden|CloseCombat,DireClaw,RockSlide,Protect|||M|||50|,,,,,Stellar]Rillaboom||AssaultVest|GrassySurge|WoodHammer,GrassyGlide,HighHorsepower,FakeOut|||M|||50|,,,,,Water]Electabuzz||Eviolite|VitalSpirit|Electroweb,FollowMe,Taunt,Protect|||M|||50|,,,,,Ghost]Kingambit||BlackGlasses|Defiant|KowtowCleave,SuckerPunch,SwordsDance,Protect|||M|||50|,,,,,Dark
|inactive|Battle timer is ON: inactive players will automatically lose when time's up. (requested by dambro222)
|inactive|Shalude also wants the timer to be on.
|inactive|dambro222 has 60 seconds left.
|
|t:|1756813299
|teamsize|p1|4
|teamsize|p2|4
|start
|switch|p1a: Electabuzz|Electabuzz, L50, F, shiny|100/100
|switch|p1b: Tyranitar|Tyranitar, L50, F, shiny|100/100
|switch|p2a: Volcarona|Volcarona, L50, F|100/100
|switch|p2b: Electabuzz|Electabuzz, L50, M|100/100
|-weather|Sandstorm|[from] ability: Sand Stream|[of] p1b: Tyranitar
|turn|1
|
|t:|1756813315
|switch|p2b: Rillaboom|Rillaboom, L50, M|100/100
|-fieldstart|move: Grassy Terrain|[from] ability: Grassy Surge|[of] p2b: Rillaboom
|-terastallize|p2a: Volcarona|Fairy
|move|p2a: Volcarona|Quiver Dance|p2a: Volcarona
|-boost|p2a: Volcarona|spa|1
|-boost|p2a: Volcarona|spd|1
|-boost|p2a: Volcarona|spe|1
|move|p1a: Electabuzz|Electroweb|p2a: Volcarona|[spread] p2a,p2b
|-resisted|p2b: Rillaboom
|-damage|p2a: Volcarona|92/100
|-damage|p2b: Rillaboom|95/100
|-unboost|p2b: Rillaboom|spe|1
|move|p1b: Tyranitar|Rock Slide|p2b: Rillaboom|[spread] p2b
|-miss|p1b: Tyranitar|p2a: Volcarona
|-damage|p2b: Rillaboom|45/100
|
|-weather|Sandstorm|[upkeep]
|-damage|p2a: Volcarona|86/100|[from] Sandstorm
|-damage|p1a: Electabuzz|95/100|[from] Sandstorm
|-damage|p2b: Rillaboom|39/100|[from] Sandstorm
|-heal|p2a: Volcarona|92/100|[from] Grassy Terrain
|-heal|p1a: Electabuzz|100/100|[from] Grassy Terrain
|-heal|p2b: Rillaboom|45/100|[from] Grassy Terrain
|upkeep
|turn|2
|inactive|Shalude has 30 seconds left.
|inactive|dambro222 has 30 seconds left.
|inactive|Shalude has 20 seconds left.
|
|t:|1756813354
|move|p2b: Rillaboom|Fake Out|p1b: Tyranitar
|-resisted|p1b: Tyranitar
|-crit|p1b: Tyranitar
|-damage|p1b: Tyranitar|91/100
|move|p1a: Electabuzz|Follow Me|p1a: Electabuzz
|-singleturn|p1a: Electabuzz|move: Follow Me
|move|p2a: Volcarona|Quiver Dance|p2a: Volcarona
|-boost|p2a: Volcarona|spa|1
|-boost|p2a: Volcarona|spd|1
|-boost|p2a: Volcarona|spe|1
|cant|p1b: Tyranitar|flinch
|
|-weather|Sandstorm|[upkeep]
|-damage|p2a: Volcarona|86/100|[from] Sandstorm
|-damage|p1a: Electabuzz|95/100|[from] Sandstorm
|-damage|p2b: Rillaboom|39/100|[from] Sandstorm
|-heal|p2a: Volcarona|92/100|[from] Grassy Terrain
|-heal|p1a: Electabuzz|100/100|[from] Grassy Terrain
|-heal|p1b: Tyranitar|97/100|[from] Grassy Terrain
|-heal|p2b: Rillaboom|45/100|[from] Grassy Terrain
|upkeep
|turn|3
|
|t:|1756813375
|switch|p2b: Electabuzz|Electabuzz, L50, M|100/100
|move|p1a: Electabuzz|Follow Me|p1a: Electabuzz
|-singleturn|p1a: Electabuzz|move: Follow Me
|move|p2a: Volcarona|Heat Wave|p1b: Tyranitar|[spread] p1a,p1b
|-resisted|p1b: Tyranitar
|-damage|p1a: Electabuzz|42/100
|-damage|p1b: Tyranitar|75/100
|move|p1b: Tyranitar|Rock Slide|p2b: Electabuzz|[spread] p2a,p2b
|-damage|p2a: Volcarona|22/100
|-damage|p2b: Electabuzz|65/100
|
|-weather|Sandstorm|[upkeep]
|-damage|p2a: Volcarona|15/100|[from] Sandstorm
|-damage|p1a: Electabuzz|37/100|[from] Sandstorm
|-damage|p2b: Electabuzz|59/100|[from] Sandstorm
|-heal|p2a: Volcarona|22/100|[from] Grassy Terrain
|-heal|p1a: Electabuzz|42/100|[from] Grassy Terrain
|-heal|p2b: Electabuzz|65/100|[from] Grassy Terrain
|-heal|p1b: Tyranitar|81/100|[from] Grassy Terrain
|upkeep
|turn|4
|
|t:|1756813397
|move|p2a: Volcarona|Protect|p2a: Volcarona
|-singleturn|p2a: Volcarona|Protect
|move|p1a: Electabuzz|Protect|p1a: Electabuzz
|-singleturn|p1a: Electabuzz|Protect
|move|p2b: Electabuzz|Taunt|p1a: Electabuzz
|-activate|p1a: Electabuzz|move: Protect
|move|p1b: Tyranitar|Rock Slide|p2a: Volcarona|[spread] p2b
|-activate|p2a: Volcarona|move: Protect
|-damage|p2b: Electabuzz|26/100
|
|-weather|Sandstorm|[upkeep]
|-damage|p2a: Volcarona|15/100|[from] Sandstorm
|-damage|p1a: Electabuzz|37/100|[from] Sandstorm
|-damage|p2b: Electabuzz|20/100|[from] Sandstorm
|-heal|p2a: Volcarona|22/100|[from] Grassy Terrain
|-heal|p1a: Electabuzz|42/100|[from] Grassy Terrain
|-heal|p2b: Electabuzz|26/100|[from] Grassy Terrain
|-heal|p1b: Tyranitar|87/100|[from] Grassy Terrain
|upkeep
|turn|5
|inactive|dambro222 has 30 seconds left.
|
|t:|1756813425
|move|p2b: Electabuzz|Protect|p2b: Electabuzz
|-singleturn|p2b: Electabuzz|Protect
|move|p1a: Electabuzz|Follow Me|p1a: Electabuzz
|-singleturn|p1a: Electabuzz|move: Follow Me
|move|p2a: Volcarona|Heat Wave|p1a: Electabuzz|[spread] p1a,p1b
|-resisted|p1b: Tyranitar
|-damage|p1a: Electabuzz|0 fnt
|-damage|p1b: Tyranitar|65/100
|faint|p1a: Electabuzz
|move|p1b: Tyranitar|Rock Slide|p2a: Volcarona|[spread] p2a
|-activate|p2b: Electabuzz|move: Protect
|-damage|p2a: Volcarona|0 fnt
|faint|p2a: Volcarona
|
|-weather|none
|-heal|p2b: Electabuzz|32/100|[from] Grassy Terrain
|-heal|p1b: Tyranitar|72/100|[from] Grassy Terrain
|-fieldend|move: Grassy Terrain
|upkeep
|
|t:|1756813436
|switch|p2a: Sneasler|Sneasler, L50, M|100/100
|switch|p1a: Annihilape|Annihilape, L50, F, shiny|100/100
|turn|6
|
|t:|1756813457
|-terastallize|p1b: Tyranitar|Flying
|move|p2b: Electabuzz|Follow Me|p2b: Electabuzz
|-singleturn|p2b: Electabuzz|move: Follow Me
|move|p1a: Annihilape|Close Combat|p2b: Electabuzz
|-damage|p2b: Electabuzz|0 fnt
|-unboost|p1a: Annihilape|def|1
|-unboost|p1a: Annihilape|spd|1
|faint|p2b: Electabuzz
|move|p2a: Sneasler|Rock Slide|p1b: Tyranitar|[spread] p1a,p1b
|-resisted|p1a: Annihilape
|-supereffective|p1b: Tyranitar
|-damage|p1a: Annihilape|87/100
|-damage|p1b: Tyranitar|35/100
|cant|p1b: Tyranitar|flinch
|
|upkeep
|
|t:|1756813470
|switch|p2b: Rillaboom|Rillaboom, L50, M|45/100
|-fieldstart|move: Grassy Terrain|[from] ability: Grassy Surge|[of] p2b: Rillaboom
|turn|7
|
|t:|1756813483
|move|p2b: Rillaboom|Grassy Glide|p1a: Annihilape
|-damage|p1a: Annihilape|30/100
|move|p1a: Annihilape|Close Combat|p2b: Rillaboom
|-damage|p2b: Rillaboom|0 fnt
|-unboost|p1a: Annihilape|def|1
|-unboost|p1a: Annihilape|spd|1
|faint|p2b: Rillaboom
|move|p2a: Sneasler|Rock Slide|p1b: Tyranitar|[spread] p1a,p1b
|-resisted|p1a: Annihilape
|-supereffective|p1b: Tyranitar
|-damage|p1a: Annihilape|11/100
|-damage|p1b: Tyranitar|0 fnt
|faint|p1b: Tyranitar
|
|-heal|p1a: Annihilape|17/100|[from] Grassy Terrain
|upkeep
|
|t:|1756813502
|switch|p1b: Gholdengo|Gholdengo, L50|100/100
|-enditem|p1b: Gholdengo|Grassy Seed
|-boost|p1b: Gholdengo|def|1|[from] item: Grassy Seed
|turn|8
|
|t:|1756813515
|move|p1a: Annihilape|Close Combat|p2a: Sneasler
|-resisted|p2a: Sneasler
|-damage|p2a: Sneasler|61/100
|-unboost|p1a: Annihilape|def|1
|-unboost|p1a: Annihilape|spd|1
|move|p2a: Sneasler|Rock Slide|p1a: Annihilape|[spread] p1a,p1b
|-resisted|p1a: Annihilape
|-resisted|p1b: Gholdengo
|-crit|p1b: Gholdengo
|-damage|p1a: Annihilape|0 fnt
|-damage|p1b: Gholdengo|86/100
|faint|p1a: Annihilape
|move|p1b: Gholdengo|Make It Rain|p2a: Sneasler
|-damage|p2a: Sneasler|0 fnt
|-unboost|p1b: Gholdengo|spa|1
|faint|p2a: Sneasler
|
|win|Shalude
|raw|Shalude's rating: 1201 → 1220(+19 for winning)
|raw|dambro222's rating: 1121 → 1102(-19 for losing)
|c|☆dambro222|gg
|c|☆Shalude|ggs
|l|☆Shalude
|player|p1|
