|j|☆pikatrod
|j|☆s!dd_1
|html|pikatrods!dd_1    
|uhtml|bestof|Game 3 of a best-of-3
|t:|1784911079
|gametype|doubles
|player|p1|pikatrod|170|1504
|player|p2|s!dd_1|flannery-gen6|1555
|gen|9
|tier|[Gen 9 Champions] VGC 2026 Reg M-B (Bo3)
|rated|
|rule|Species Clause: Limit one of each Pokémon
|rule|Item Clause: Limit 1 of each item
|clearpoke
|poke|p1|Froslass, L50, F|
|poke|p1|Dragonite, L50, M|
|poke|p1|Toxapex, L50, F|
|poke|p1|Sneasler, L50, M|
|poke|p1|Kingambit, L50, M|
|poke|p1|Blaziken, L50, F|
|poke|p2|Raichu, L50, M|
|poke|p2|Mamoswine, L50, M|
|poke|p2|Maushold, L50|
|poke|p2|Sylveon, L50, M|
|poke|p2|Arcanine-Hisui, L50, M|
|poke|p2|Meowscarada, L50, F|
|teampreview|4
|showteam|p1|Froslass||Froslassite|CursedBody|Blizzard,ShadowBall,AuroraVeil,Protect|Timid||F|||50|]Dragonite||LifeOrb|InnerFocus|DragonClaw,ExtremeSpeed,LowKick,Protect|Adamant||M|||50|]Toxapex||Leftovers|Regenerator|Infestation,Toxic,WideGuard,BanefulBunker|Bold||F|||50|]Sneasler||FocusSash|PoisonTouch|CloseCombat,PoisonJab,FakeOut,Protect|Jolly||M|||50|]Kingambit||BlackGlasses|Defiant|KowtowCleave,IronHead,SuckerPunch,Protect|Adamant||M|||50|]Blaziken||Blazikenite|SpeedBoost|CloseCombat,FlareBlitz,RockSlide,Protect|Adamant||F|||50|
|showteam|p2|Raichu||RaichuniteY|LightningRod|ZapCannon,FocusBlast,FakeOut,Protect|Timid||M|||50|]Mamoswine||LifeOrb|Oblivious|HighHorsepower,IcicleCrash,IceShard,Protect|Adamant||M|||50|]Maushold||ChopleBerry|FriendGuard|SuperFang,HelpingHand,FollowMe,Protect|Timid|||||50|]Sylveon||FairyFeather|Pixilate|HyperVoice,HyperBeam,CalmMind,Detect|Modest||M|||50|]Arcanine-Hisui||FocusSash|Intimidate|FlareBlitz,RockSlide,ExtremeSpeed,Protect|Adamant||M|||50|]Meowscarada||ChoiceScarf|Protean|FlowerTrick,KnockOff,TripleAxel,LowKick|Jolly||F|||50|
|inactive|Battle timer is ON: inactive players will automatically lose when time's up. (requested by s!dd_1)
|inactive|pikatrod has 60 seconds left.
|inactive|pikatrod has 30 seconds left.
|inactive|pikatrod has 20 seconds left.
|
|t:|1784911152
|teamsize|p1|4
|teamsize|p2|4
|start
|switch|p1a: Blaziken|Blaziken, L50, F|100/100
|switch|p1b: Kingambit|Kingambit, L50, M|100/100
|switch|p2a: Grabbitz|Raichu, L50, M|100/100
|switch|p2b: Panic!|Mamoswine, L50, M|100/100
|turn|1
|
|t:|1784911163
|switch|p2a: Maushold|Maushold, L50|100/100
|detailschange|p1a: Blaziken|Blaziken-Mega, L50, F
|-mega|p1a: Blaziken|Blaziken|Blazikenite
|move|p1a: Blaziken|Protect|p1a: Blaziken
|-singleturn|p1a: Blaziken|Protect
|move|p2b: Panic!|Protect|p2b: Panic!
|-singleturn|p2b: Panic!|Protect
|move|p1b: Kingambit|Protect||[still]
|-fail|p1b: Kingambit
|
|-ability|p1a: Blaziken|Speed Boost|boost
|-boost|p1a: Blaziken|spe|1
|upkeep
|turn|2
|inactive|pikatrod has 30 seconds left.
|
|t:|1784911195
|switch|p1a: Dragonite|Dragonite, L50, M|100/100
|move|p2a: Maushold|Follow Me|p2a: Maushold
|-singleturn|p2a: Maushold|move: Follow Me
|move|p2b: Panic!|High Horsepower|p1b: Kingambit
|-supereffective|p1b: Kingambit|1
|-damage|p1b: Kingambit|0 fnt
|faint|p1b: Kingambit
|-damage|p2b: Panic!|90/100|[from] item: Life Orb
|
|upkeep
|
|t:|1784911214
|switch|p1b: Sneasler|Sneasler, L50, M|100/100
|turn|3
|inactive|pikatrod has 30 seconds left.
|inactive|s!dd_1 has 30 seconds left.
|inactive|pikatrod has 20 seconds left.
|inactive|s!dd_1 has 20 seconds left.
|j| mynamegrassgreen
|inactive|pikatrod has 15 seconds left.
|inactive|s!dd_1 has 15 seconds left.
|inactive|pikatrod has 10 seconds left.
|inactive|s!dd_1 has 10 seconds left.
|
|t:|1784911261
|move|p2a: Maushold|Protect|p2a: Maushold
|-singleturn|p2a: Maushold|Protect
|move|p2b: Panic!|Protect|p2b: Panic!
|-singleturn|p2b: Panic!|Protect
|move|p1b: Sneasler|Close Combat|p2b: Panic!
|-activate|p2b: Panic!|move: Protect
|move|p1a: Dragonite|Dragon Claw|p2a: Maushold
|-activate|p2a: Maushold|move: Protect
|
|upkeep
|turn|4
|
|t:|1784911285
|switch|p1a: Blaziken|Blaziken-Mega, L50, F|100/100
|move|p2a: Maushold|Follow Me|p2a: Maushold
|-singleturn|p2a: Maushold|move: Follow Me
|move|p1b: Sneasler|Poison Jab|p2a: Maushold
|-damage|p2a: Maushold|48/100
|-status|p2a: Maushold|psn
|move|p2b: Panic!|High Horsepower|p1b: Sneasler
|-supereffective|p1b: Sneasler|1
|-enditem|p1b: Sneasler|Focus Sash
|-damage|p1b: Sneasler|1/100
|-damage|p2b: Panic!|80/100|[from] item: Life Orb
|
|-damage|p2a: Maushold|36/100 psn|[from] psn
|upkeep
|turn|5
|
|t:|1784911313
|move|p1b: Sneasler|Protect|p1b: Sneasler
|-singleturn|p1b: Sneasler|Protect
|move|p1a: Blaziken|Protect|p1a: Blaziken
|-singleturn|p1a: Blaziken|Protect
|move|p2a: Maushold|Follow Me|p2a: Maushold
|-singleturn|p2a: Maushold|move: Follow Me
|move|p2b: Panic!|Ice Shard|p1b: Sneasler
|-activate|p1b: Sneasler|move: Protect
|
|-damage|p2a: Maushold|24/100 psn|[from] psn
|-ability|p1a: Blaziken|Speed Boost|boost
|-boost|p1a: Blaziken|spe|1
|upkeep
|turn|6
|
|t:|1784911326
|move|p2a: Maushold|Follow Me|p2a: Maushold
|-singleturn|p2a: Maushold|move: Follow Me
|move|p2b: Panic!|Ice Shard|p1b: Sneasler
|-damage|p1b: Sneasler|0 fnt
|faint|p1b: Sneasler
|-damage|p2b: Panic!|71/100|[from] item: Life Orb
|move|p1a: Blaziken|Rock Slide|p2a: Maushold|[spread] p2a,p2b
|-damage|p2a: Maushold|0 fnt
|-damage|p2b: Panic!|51/100
|faint|p2a: Maushold
|
|-ability|p1a: Blaziken|Speed Boost|boost
|-boost|p1a: Blaziken|spe|1
|upkeep
|
|t:|1784911350
|switch|p1b: Dragonite|Dragonite, L50, M|100/100
|switch|p2a: Grabbitz|Raichu, L50, M|100/100
|turn|7
|
|t:|1784911356
|detailschange|p2a: Grabbitz|Raichu-Mega-Y, L50, M
|-mega|p2a: Grabbitz|Raichu|Raichunite Y
|move|p1a: Blaziken|Protect|p1a: Blaziken
|-singleturn|p1a: Blaziken|Protect
|move|p1b: Dragonite|Protect|p1b: Dragonite
|-singleturn|p1b: Dragonite|Protect
|move|p2a: Grabbitz|Fake Out|p1a: Blaziken
|-activate|p1a: Blaziken|move: Protect
|move|p2b: Panic!|Ice Shard|p1b: Dragonite
|-activate|p1b: Dragonite|move: Protect
|
|-ability|p1a: Blaziken|Speed Boost|boost
|-boost|p1a: Blaziken|spe|1
|upkeep
|turn|8
|
|t:|1784911371
|move|p2a: Grabbitz|Protect|p2a: Grabbitz
|-singleturn|p2a: Grabbitz|Protect
|move|p1b: Dragonite|Extreme Speed|p2b: Panic!
|-damage|p2b: Panic!|4/100
|-damage|p1b: Dragonite|90/100|[from] item: Life Orb
|move|p2b: Panic!|Ice Shard|p1b: Dragonite
|-supereffective|p1b: Dragonite|2
|-damage|p1b: Dragonite|0 fnt
|faint|p1b: Dragonite
|-damage|p2b: Panic!|0 fnt|[from] item: Life Orb
|faint|p2b: Panic!
|move|p1a: Blaziken|Close Combat|p2a: Grabbitz
|-activate|p2a: Grabbitz|move: Protect
|
|-ability|p1a: Blaziken|Speed Boost|boost
|-boost|p1a: Blaziken|spe|1
|upkeep
|
|t:|1784911377
|switch|p2b: Tame Impala|Sylveon, L50, M|100/100
|turn|9
|c|☆pikatrod|gg
|c|☆pikatrod|wp
|c|☆pikatrod|bulky mamo?
|inactive|pikatrod has 30 seconds left.
|c|☆s!dd_1|nope
|c|☆s!dd_1|max atk/speed
|c|☆pikatrod|dang haha
|
|t:|1784911412
|move|p1a: Blaziken|Close Combat|p2a: Grabbitz
|-damage|p2a: Grabbitz|0 fnt
|-unboost|p1a: Blaziken|def|1
|-unboost|p1a: Blaziken|spd|1
|faint|p2a: Grabbitz
|move|p2b: Tame Impala|Hyper Beam|p1a: Blaziken
|-damage|p1a: Blaziken|0 fnt
|-mustrecharge|p2b: Tame Impala
|faint|p1a: Blaziken
|
|win|s!dd_1
|raw|pikatrod's rating: 1504 → 1487(-17 for losing)
|raw|s!dd_1's rating: 1555 → 1572(+17 for winning)
|c|☆s!dd_1|thank god i didnt miss beam
|c|☆s!dd_1|ggwp
|c|☆pikatrod|cool team
|c|☆pikatrod|you too :-)
|c|☆s!dd_1|thx!
|c|☆s!dd_1|u2
|c|☆s!dd_1|lol
|c|☆pikatrod|haha
|c| mynamegrassgreen|goat
