|j|☆beanybag
|j|☆phuc_lamvgc
|html|beanybagphuc_lamvgc    
|uhtml|bestof|Game 3 of a best-of-3
|t:|1783510878
|gametype|doubles
|player|p1|beanybag|169|1159
|player|p2|phuc_lamvgc|miku-ghost|1102
|gen|9
|tier|[Gen 9 Champions] VGC 2026 Reg M-B (Bo3)
|rated|
|rule|Species Clause: Limit one of each Pokémon
|rule|Item Clause: Limit 1 of each item
|clearpoke
|poke|p1|Bellibolt, L50, M|
|poke|p1|Ampharos, L50, F, shiny|
|poke|p1|Araquanid, L50, M, shiny|
|poke|p1|Sinistcha, L50|
|poke|p1|Scovillain, L50, F|
|poke|p1|Typhlosion-Hisui, L50, M|
|poke|p2|Pyroar, L50, F, shiny|
|poke|p2|Floette-Eternal, L50, F|
|poke|p2|Farigiraf, L50, M|
|poke|p2|Incineroar, L50, M|
|poke|p2|Torkoal, L50, M|
|poke|p2|Vileplume, L50, M|
|teampreview|4
|showteam|p1|Bellibolt||SitrusBerry|Electromorphosis|Soak,VoltSwitch,ParabolicCharge,Protect|Calm||M|||50|]Ampharos||Ampharosite|Static|ParabolicCharge,Charge,CottonGuard,Protect|Calm||F|||50|]Araquanid||Leftovers|WaterBubble|Soak,Stockpile,Infestation,Protect|Relaxed||M|||50|]Sinistcha||WideLens|Hospitality|MatchaGotcha,LifeDew,TrickRoom,Protect|Sassy|||||50|]Scovillain||Scovillainite|Moody|GigaDrain,LeechSeed,RagePowder,Protect|Sassy||F|||50|]Typhlosion-Hisui||FocusSash|Blaze|InfernalParade,Eruption,HeatWave,Protect|Timid||M|||50|
|showteam|p2|Pyroar||Pyroarite|Unnerve|Overheat,SolarBeam,HeatWave,Protect|Timid||F|||50|]Floette-Eternal||Floettite|FlowerVeil|Moonblast,DrainingKiss,CalmMind,Protect|Modest||F|||50|]Farigiraf||SitrusBerry|ArmorTail|HelpingHand,TrickRoom,Psychic,Thunderbolt|Relaxed||M|||50|]Incineroar||WhiteHerb|Intimidate|FakeOut,FlareBlitz,DarkestLariat,CloseCombat|Brave||M|||50|]Torkoal||Charcoal|Drought|WeatherBall,Eruption,EarthPower,Protect|Quiet||M|||50|]Vileplume||FocusSash|Chlorophyll|SludgeBomb,SleepPowder,AfterYou,Protect|Timid||M|||50|
|
|t:|1783510905
|teamsize|p1|4
|teamsize|p2|4
|start
|switch|p1a: SUPA SOOKA|Araquanid, L50, M, shiny|100/100
|switch|p1b: SQRTTTT|Bellibolt, L50, M|100/100
|switch|p2a: Vileplume|Vileplume, L50, M|100/100
|switch|p2b: Torkoal|Torkoal, L50, M|100/100
|-weather|SunnyDay|[from] ability: Drought|[of] p2b: Torkoal
|turn|1
|inactive|Battle timer is ON: inactive players will automatically lose when time's up. (requested by phuc_lamvgc)
|
|t:|1783510934
|move|p2b: Torkoal|Protect|p2b: Torkoal
|-singleturn|p2b: Torkoal|Protect
|move|p2a: Vileplume|Sleep Powder|p1b: SQRTTTT
|-status|p1b: SQRTTTT|slp|[from] move: Sleep Powder
|cant|p1b: SQRTTTT|slp
|move|p1a: SUPA SOOKA|Stockpile|p1a: SUPA SOOKA
|-start|p1a: SUPA SOOKA|stockpile1
|-boost|p1a: SUPA SOOKA|def|1
|-boost|p1a: SUPA SOOKA|spd|1
|
|-weather|SunnyDay|[upkeep]
|upkeep
|turn|2
|
|t:|1783510950
|move|p2a: Vileplume|Sleep Powder|p1a: SUPA SOOKA
|-status|p1a: SUPA SOOKA|slp|[from] move: Sleep Powder
|cant|p1b: SQRTTTT|slp
|cant|p1a: SUPA SOOKA|slp
|move|p2b: Torkoal|Eruption|p1a: SUPA SOOKA|[spread] p1a,p1b
|-damage|p1a: SUPA SOOKA|77/100 slp
|-damage|p1b: SQRTTTT|43/100 slp
|-start|p1b: SQRTTTT|Charge|Eruption|[from] ability: Electromorphosis
|-enditem|p1b: SQRTTTT|Sitrus Berry|[eat]
|-heal|p1b: SQRTTTT|68/100 slp|[from] item: Sitrus Berry
|
|-weather|SunnyDay|[upkeep]
|-heal|p1a: SUPA SOOKA|82/100 slp|[from] item: Leftovers
|upkeep
|turn|3
|
|t:|1783510961
|move|p2a: Vileplume|Sludge Bomb|p1a: SUPA SOOKA
|-damage|p1a: SUPA SOOKA|60/100 slp
|-curestatus|p1b: SQRTTTT|slp|[msg]
|move|p1b: SQRTTTT|Soak|p2a: Vileplume
|-start|p2a: Vileplume|typechange|Water
|-curestatus|p1a: SUPA SOOKA|slp|[msg]
|move|p1a: SUPA SOOKA|Stockpile|p1a: SUPA SOOKA
|-start|p1a: SUPA SOOKA|stockpile2
|-boost|p1a: SUPA SOOKA|def|1
|-boost|p1a: SUPA SOOKA|spd|1
|move|p2b: Torkoal|Eruption|p1b: SQRTTTT|[spread] p1a,p1b
|-damage|p1a: SUPA SOOKA|42/100
|-damage|p1b: SQRTTTT|10/100
|-start|p1b: SQRTTTT|Charge|Eruption|[from] ability: Electromorphosis
|
|-weather|SunnyDay|[upkeep]
|-heal|p1a: SUPA SOOKA|48/100|[from] item: Leftovers
|upkeep
|turn|4
|
|t:|1783510976
|move|p1a: SUPA SOOKA|Protect|p1a: SUPA SOOKA
|-singleturn|p1a: SUPA SOOKA|Protect
|move|p2a: Vileplume|Sleep Powder|p1a: SUPA SOOKA
|-activate|p1a: SUPA SOOKA|move: Protect
|move|p1b: SQRTTTT|Parabolic Charge|p2a: Vileplume|[spread] p2a,p2b
|-activate|p1a: SUPA SOOKA|move: Protect
|-supereffective|p2a: Vileplume|1
|-crit|p2b: Torkoal
|-damage|p2a: Vileplume|7/100
|-heal|p1b: SQRTTTT|43/100|[from] drain|[of] p2a: Vileplume
|-damage|p2b: Torkoal|28/100
|-heal|p1b: SQRTTTT|72/100|[from] drain|[of] p2b: Torkoal
|-end|p1b: SQRTTTT|Charge|[silent]
|move|p2b: Torkoal|Eruption|p1a: SUPA SOOKA|[spread] p1b
|-activate|p1a: SUPA SOOKA|move: Protect
|-crit|p1b: SQRTTTT
|-damage|p1b: SQRTTTT|47/100
|-start|p1b: SQRTTTT|Charge|Eruption|[from] ability: Electromorphosis
|
|-weather|SunnyDay|[upkeep]
|-heal|p1a: SUPA SOOKA|53/100|[from] item: Leftovers
|upkeep
|turn|5
|
|t:|1783510985
|move|p2a: Vileplume|Sleep Powder|p1a: SUPA SOOKA|[miss]
|-miss|p2a: Vileplume|p1a: SUPA SOOKA
|move|p1b: SQRTTTT|Parabolic Charge|p2b: Torkoal|[spread] p1a,p2a,p2b
|-supereffective|p1a: SUPA SOOKA|1
|-supereffective|p2a: Vileplume|1
|-damage|p1a: SUPA SOOKA|28/100
|-heal|p1b: SQRTTTT|57/100|[from] drain|[of] p1a: SUPA SOOKA
|-damage|p2a: Vileplume|0 fnt
|-heal|p1b: SQRTTTT|60/100|[from] drain|[of] p2a: Vileplume
|-damage|p2b: Torkoal|0 fnt
|-heal|p1b: SQRTTTT|72/100|[from] drain|[of] p2b: Torkoal
|faint|p2a: Vileplume
|faint|p2b: Torkoal
|-end|p1b: SQRTTTT|Charge|[silent]
|move|p1a: SUPA SOOKA|Stockpile|p1a: SUPA SOOKA
|-start|p1a: SUPA SOOKA|stockpile3
|-boost|p1a: SUPA SOOKA|def|1
|-boost|p1a: SUPA SOOKA|spd|1
|
|-weather|none
|-heal|p1a: SUPA SOOKA|34/100|[from] item: Leftovers
|upkeep
|
|t:|1783510988
|switch|p2a: Floette|Floette-Eternal, L50, F|100/100
|switch|p2b: Farigiraf|Farigiraf, L50, M|100/100
|turn|6
|-message|phuc_lamvgc forfeited.
|
|win|beanybag
|raw|beanybag's rating: 1159 → 1180(+21 for winning)
|raw|phuc_lamvgc's rating: 1102 → 1081(-21 for losing)
|l|☆phuc_lamvgc
|player|p2|
