|j|☆FlashoGoing
|j|☆teyvgc
|html|FlashoGoingteyvgc    
|uhtml|bestof|Game 2 of a best-of-3
|t:|1785894135
|gametype|doubles
|player|p1|FlashoGoing|pokemaniac|1131
|player|p2|teyvgc|rood|1281
|gen|9
|tier|[Gen 9 Champions] VGC 2026 Reg M-B (Bo3)
|rated|
|rule|Species Clause: Limit one of each Pokémon
|rule|Item Clause: Limit 1 of each item
|clearpoke
|poke|p1|Whimsicott, L50, F|
|poke|p1|Ninetales-Alola, L50, F|
|poke|p1|Glimmora, L50, F|
|poke|p1|Rotom-Wash, L50|
|poke|p1|Blastoise, L50, F|
|poke|p1|Garchomp, L50, F|
|poke|p2|Staraptor, L50, M|
|poke|p2|Metagross, L50|
|poke|p2|Farigiraf, L50, F|
|poke|p2|Whimsicott, L50, F|
|poke|p2|Garchomp, L50, F|
|poke|p2|Ceruledge, L50, M|
|teampreview|4
|showteam|p1|Whimsicott||FocusSash|Prankster|Tailwind,Moonblast,Encore,Protect|Timid||F|||50|]Ninetales-Alola||NeverMeltIce|SnowWarning|Blizzard,FreezeDry,AuroraVeil,Protect|Timid||F|||50|]Glimmora||Glimmoranite|ToxicDebris|PowerGem,SludgeBomb,EarthPower,SpikyShield|Timid||F|||50|]Rotom-Wash||SitrusBerry|Levitate|Thunderbolt,HydroPump,WillOWisp,LightScreen|Modest|||||50|]Blastoise||Blastoisinite|Torrent|WaterSpout,WaterPulse,AuraSphere,Protect|Modest||F|||50|]Garchomp||HabanBerry|SandVeil|DragonClaw,StompingTantrum,SwordsDance,Protect|Adamant||F|||50|
|showteam|p2|Staraptor||Staraptite|Intimidate|Protect,CloseCombat,BraveBird,Roost|Jolly||M|||50|]Metagross||Metagrossite|ClearBody|Protect,IronHead,PsychicFangs,StompingTantrum|Adamant|||||50|]Farigiraf||SitrusBerry|ArmorTail|HelpingHand,Psychic,Thunderbolt,TrickRoom|Calm||F|||50|]Whimsicott||FocusSash|Prankster|Moonblast,Tailwind,Charm,Encore|Timid||F|||50|]Garchomp||LifeOrb|RoughSkin|Protect,StompingTantrum,RockSlide,DragonClaw|Jolly||F|||50|]Ceruledge||ColburBerry|FlashFire|Protect,ShadowSneak,BulkUp,BitterBlade|Adamant||M|||50|
|
|t:|1785894154
|teamsize|p1|4
|teamsize|p2|4
|start
|switch|p1a: Whimsicott|Whimsicott, L50, F|100/100
|switch|p1b: Glimmora|Glimmora, L50, F|100/100
|switch|p2a: Trick Room Hater|Whimsicott, L50, F|100/100
|switch|p2b: 747|Staraptor, L50, M|100/100
|-ability|p2b: 747|Intimidate|boost
|-unboost|p1a: Whimsicott|atk|1
|-unboost|p1b: Glimmora|atk|1
|turn|1
|
|t:|1785894196
|detailschange|p2b: 747|Staraptor-Mega, L50, M
|-mega|p2b: 747|Staraptor|Staraptite
|detailschange|p1b: Glimmora|Glimmora-Mega, L50, F
|-mega|p1b: Glimmora|Glimmora|Glimmoranite
|move|p1a: Whimsicott|Tailwind|p1a: Whimsicott
|-sidestart|p1: FlashoGoing|move: Tailwind
|move|p2a: Trick Room Hater|Tailwind|p2a: Trick Room Hater
|-sidestart|p2: teyvgc|move: Tailwind
|move|p2b: 747|Close Combat|p1b: Glimmora
|-damage|p1b: Glimmora|45/100
|-boost|p2b: 747|def|1
|-boost|p2b: 747|spd|1
|move|p1b: Glimmora|Power Gem|p2b: 747
|-damage|p2b: 747|58/100
|
|upkeep
|turn|2
|
|t:|1785894253
|move|p1b: Glimmora|Spiky Shield|p1b: Glimmora
|-singleturn|p1b: Glimmora|move: Protect
|move|p1a: Whimsicott|Encore|p2a: Trick Room Hater
|-start|p2a: Trick Room Hater|Encore
|move|p2a: Trick Room Hater|Tailwind||[still]
|-fail|p2a: Trick Room Hater
|move|p2b: 747|Close Combat|p1a: Whimsicott
|-resisted|p1a: Whimsicott|1
|-damage|p1a: Whimsicott|59/100
|-boost|p2b: 747|def|1
|-boost|p2b: 747|spd|1
|
|upkeep
|turn|3
|inactive|Battle timer is ON: inactive players will automatically lose when time's up. (requested by FlashoGoing)
|
|t:|1785894280
|switch|p2a: Nek|Farigiraf, L50, F|100/100
|move|p1a: Whimsicott|Moonblast|p2b: 747
|-supereffective|p2b: 747|1
|-damage|p2b: 747|20/100y
|-boost|p2b: 747|spa|1
|move|p2b: 747|Close Combat|p1b: Glimmora
|-damage|p1b: Glimmora|0 fnt
|-boost|p2b: 747|def|1
|-boost|p2b: 747|spd|1
|faint|p1b: Glimmora
|
|upkeep
|
|t:|1785894295
|switch|p1b: Garchomp|Garchomp, L50, F|100/100
|turn|4
|
|t:|1785894310
|move|p1a: Whimsicott|Moonblast|p2b: 747
|-supereffective|p2b: 747|1
|-damage|p2b: 747|0 fnt
|faint|p2b: 747
|move|p1b: Garchomp|Swords Dance|p1b: Garchomp
|-boost|p1b: Garchomp|atk|2
|move|p2a: Nek|Psychic|p1a: Whimsicott
|-damage|p1a: Whimsicott|1/100
|
|-sideend|p1: FlashoGoing|move: Tailwind
|-sideend|p2: teyvgc|move: Tailwind
|upkeep
|
|t:|1785894321
|switch|p2b: Trick Room Hater|Whimsicott, L50, F|100/100
|turn|5
|
|t:|1785894338
|move|p2b: Trick Room Hater|Encore|p1b: Garchomp
|-start|p1b: Garchomp|Encore
|move|p1a: Whimsicott|Moonblast|p2b: Trick Room Hater
|-damage|p2b: Trick Room Hater|38/100
|move|p1b: Garchomp|Swords Dance|p1b: Garchomp
|-boost|p1b: Garchomp|atk|2
|move|p2a: Nek|Psychic|p1a: Whimsicott
|-damage|p1a: Whimsicott|0 fnt
|faint|p1a: Whimsicott
|
|upkeep
|
|t:|1785894350
|switch|p1a: Rotom|Rotom-Wash, L50|100/100
|turn|6
|
|t:|1785894361
|move|p2b: Trick Room Hater|Tailwind|p2b: Trick Room Hater
|-sidestart|p2: teyvgc|move: Tailwind
|move|p2a: Nek|Psychic|p1a: Rotom
|-damage|p1a: Rotom|56/100
|move|p1a: Rotom|Thunderbolt|p2b: Trick Room Hater
|-resisted|p2b: Trick Room Hater|1
|-damage|p2b: Trick Room Hater|5/100
|move|p1b: Garchomp|Swords Dance|p1b: Garchomp
|-boost|p1b: Garchomp|atk|2
|
|upkeep
|turn|7
|
|t:|1785894374
|move|p2b: Trick Room Hater|Moonblast|p1a: Rotom
|-damage|p1a: Rotom|7/100
|-enditem|p1a: Rotom|Sitrus Berry|[eat]
|-heal|p1a: Rotom|32/100|[from] item: Sitrus Berry
|move|p2a: Nek|Psychic|p1a: Rotom
|-crit|p1a: Rotom
|-damage|p1a: Rotom|0 fnt
|faint|p1a: Rotom
|move|p1b: Garchomp|Swords Dance|p1b: Garchomp
|-boost|p1b: Garchomp|atk|0
|
|-end|p1b: Garchomp|Encore
|upkeep
|turn|8
|-message|FlashoGoing forfeited.
|
|win|teyvgc
|raw|FlashoGoing's rating: 1131 → 1116(-15 for losing)
|raw|teyvgc's rating: 1281 → 1296(+15 for winning)
