|j|☆thebrickwall285
|j|☆DogGoesWoof123!
|html|thebrickwall285DogGoesWoof123!    
|uhtml|bestof|Game 1 of a best-of-3
|t:|1785204154
|gametype|doubles
|player|p1|thebrickwall285|1|1006
|player|p2|DogGoesWoof123!|170|1051
|gen|9
|tier|[Gen 9 Champions] VGC 2026 Reg M-B (Bo3)
|rated|
|rule|Species Clause: Limit one of each Pokémon
|rule|Item Clause: Limit 1 of each item
|clearpoke
|poke|p1|Scovillain, L50, F|
|poke|p1|Aerodactyl, L50, F|
|poke|p1|Sylveon, L50, F|
|poke|p1|Salazzle, L50, F|
|poke|p1|Meowstic, L50, M|
|poke|p1|Kingambit, L50, M|
|poke|p2|Charizard, L50, M|
|poke|p2|Pelipper, L50, F|
|poke|p2|Venusaur, L50, M|
|poke|p2|Archaludon, L50, F|
|poke|p2|Grimmsnarl, L50, M|
|poke|p2|Basculegion, L50, M|
|teampreview|4
|showteam|p1|Scovillain||Scovillainite|Chlorophyll|Flamethrower,GigaDrain,RagePowder,LeechSeed|Modest||F|||50|]Aerodactyl||Aerodactylite|RockHead|DragonClaw,Tailwind,DualWingbeat,RockSlide|Jolly||F|||50|]Sylveon||SitrusBerry|Pixilate|CalmMind,Protect,HyperVoice,ShadowBall|Modest||F|||50|]Salazzle||ShellBell|Corrosion|FakeOut,Flamethrower,SludgeBomb,Toxic|Hasty||F|||50|]Meowstic||FocusSash|Prankster|FakeOut,TrickRoom,Psychic,SunnyDay|Sassy||M|||50|]Kingambit||Leftovers|Defiant|IronHead,LowKick,SuckerPunch,KowtowCleave|Adamant||M|||50|
|showteam|p2|Charizard||CharizarditeY|Blaze|HeatWave,WeatherBall,SolarBeam,Protect|Modest||M|||50|]Pelipper||SitrusBerry|Drizzle|Hurricane,WeatherBall,WideGuard,Tailwind|Modest||F|||50|]Venusaur||FocusSash|Chlorophyll|SleepPowder,SludgeBomb,LeafStorm,Protect|Modest||M|||50|]Archaludon||Leftovers|Stamina|FlashCannon,DragonPulse,ElectroShot,Protect|Calm||F|||50|]Grimmsnarl||LightClay|Prankster|SpiritBreak,Reflect,LightScreen,PartingShot|Careful||M|||50|]Basculegion||ChoiceScarf|Adaptability|WaveCrash,LastRespects,FlipTurn,AquaJet|Jolly||M|||50|
|
|t:|1785204242
|teamsize|p1|4
|teamsize|p2|4
|start
|switch|p1a: Meowstic|Meowstic, L50, M|100/100
|switch|p1b: Aerodactyl|Aerodactyl, L50, F|100/100
|switch|p2a: Archaludon|Archaludon, L50, F|100/100
|switch|p2b: Basculegion|Basculegion, L50, M|100/100
|turn|1
|
|t:|1785204291
|switch|p1b: Kingambit|Kingambit, L50, M|100/100
|move|p1a: Meowstic|Sunny Day|p1a: Meowstic
|-weather|SunnyDay
|move|p2b: Basculegion|Flip Turn|p1b: Kingambit
|-damage|p1b: Kingambit|86/100
|
|t:|1785204298
|switch|p2b: Pelipper|Pelipper, L50, F|100/100|[from] Flip Turn
|-weather|RainDance|[from] ability: Drizzle|[of] p2b: Pelipper
|move|p2a: Archaludon|Electro Shot||[still]
|-prepare|p2a: Archaludon|Electro Shot
|-boost|p2a: Archaludon|spa|1
|-anim|p2a: Archaludon|Electro Shot|p1a: Meowstic
|-damage|p1a: Meowstic|56/100
|
|-weather|RainDance|[upkeep]
|-heal|p1b: Kingambit|92/100|[from] item: Leftovers
|upkeep
|turn|2
|
|t:|1785204331
|move|p1a: Meowstic|Sunny Day|p1a: Meowstic
|-weather|SunnyDay
|move|p2a: Archaludon|Flash Cannon|p1a: Meowstic
|-damage|p1a: Meowstic|14/100
|move|p2b: Pelipper|Weather Ball|p1b: Kingambit
|-supereffective|p1b: Kingambit|1
|-damage|p1b: Kingambit|23/100
|move|p1b: Kingambit|Low Kick|p2a: Archaludon
|-supereffective|p2a: Archaludon|1
|-damage|p2a: Archaludon|57/100
|-ability|p2a: Archaludon|Stamina|boost
|-boost|p2a: Archaludon|def|1
|
|-weather|SunnyDay|[upkeep]
|-heal|p2a: Archaludon|63/100|[from] item: Leftovers
|-heal|p1b: Kingambit|29/100|[from] item: Leftovers
|upkeep
|turn|3
|
|t:|1785204359
|move|p1b: Kingambit|Sucker Punch|p2b: Pelipper
|-damage|p2b: Pelipper|55/100
|move|p1a: Meowstic|Psychic|p2a: Archaludon
|-resisted|p2a: Archaludon|1
|-damage|p2a: Archaludon|51/100
|-ability|p2a: Archaludon|Stamina|boost
|-boost|p2a: Archaludon|def|1
|move|p2a: Archaludon|Flash Cannon|p1a: Meowstic
|-damage|p1a: Meowstic|0 fnt
|faint|p1a: Meowstic
|move|p2b: Pelipper|Weather Ball|p1b: Kingambit
|-supereffective|p1b: Kingambit|1
|-damage|p1b: Kingambit|0 fnt
|faint|p1b: Kingambit
|
|-weather|SunnyDay|[upkeep]
|-heal|p2a: Archaludon|57/100|[from] item: Leftovers
|upkeep
|
|t:|1785204375
|switch|p1a: Aerodactyl|Aerodactyl, L50, F|100/100
|switch|p1b: Salazzle|Salazzle, L50, F|100/100
|turn|4
|
|t:|1785204391
|switch|p2b: Basculegion|Basculegion, L50, M|100/100
|detailschange|p1a: Aerodactyl|Aerodactyl-Mega, L50, F
|-mega|p1a: Aerodactyl|Aerodactyl|Aerodactylite
|move|p2a: Archaludon|Protect|p2a: Archaludon
|-singleturn|p2a: Archaludon|Protect
|move|p1a: Aerodactyl|Rock Slide|p2a: Archaludon|[spread] p2b
|-activate|p2a: Archaludon|move: Protect
|-damage|p2b: Basculegion|65/100
|move|p1b: Salazzle|Flamethrower|p2a: Archaludon
|-activate|p2a: Archaludon|move: Protect
|
|-weather|SunnyDay|[upkeep]
|-heal|p2a: Archaludon|63/100|[from] item: Leftovers
|upkeep
|turn|5
|
|t:|1785204414
|switch|p2b: Pelipper|Pelipper, L50, F|55/100
|-weather|RainDance|[from] ability: Drizzle|[of] p2b: Pelipper
|move|p1a: Aerodactyl|Rock Slide|p2a: Archaludon|[spread] p2b
|-miss|p1a: Aerodactyl|p2a: Archaludon
|-supereffective|p2b: Pelipper|1
|-damage|p2b: Pelipper|0 fnt
|faint|p2b: Pelipper
|move|p1b: Salazzle|Flamethrower|p2a: Archaludon
|-damage|p2a: Archaludon|44/100
|-ability|p2a: Archaludon|Stamina|boost
|-boost|p2a: Archaludon|def|1
|move|p2a: Archaludon|Electro Shot||[still]
|-prepare|p2a: Archaludon|Electro Shot
|-boost|p2a: Archaludon|spa|1
|-anim|p2a: Archaludon|Electro Shot|p1a: Aerodactyl
|-supereffective|p1a: Aerodactyl|1
|-damage|p1a: Aerodactyl|0 fnt
|faint|p1a: Aerodactyl
|
|-weather|RainDance|[upkeep]
|-heal|p2a: Archaludon|50/100g|[from] item: Leftovers
|upkeep
|
|t:|1785204433
|switch|p2b: Basculegion|Basculegion, L50, M|65/100
|turn|6
|
|t:|1785204442
|move|p2b: Basculegion|Wave Crash|p1b: Salazzle
|-supereffective|p1b: Salazzle|1
|-damage|p1b: Salazzle|0 fnt
|faint|p1b: Salazzle
|-damage|p2b: Basculegion|41/100|[from] Recoil
|
|win|DogGoesWoof123!
