|j|☆Dugtrio64
|j|☆melon storme
|html|Dugtrio64melon storme    
|uhtml|bestof|Game 2 of a best-of-3
|t:|1786113645
|gametype|doubles
|player|p1|Dugtrio64|102|1204
|player|p2|melon storme|kieran-masters|1136
|gen|9
|tier|[Gen 9 Champions] VGC 2026 Reg M-B (Bo3)
|rated|
|rule|Species Clause: Limit one of each Pokémon
|rule|Item Clause: Limit 1 of each item
|clearpoke
|poke|p1|Charizard, L50, M|
|poke|p1|Garchomp, L50, F|
|poke|p1|Whimsicott, L50, F|
|poke|p1|Basculegion, L50, M|
|poke|p1|Floette-Eternal, L50, F|
|poke|p1|Kingambit, L50, F|
|poke|p2|Pyroar, L50, F|
|poke|p2|Aerodactyl, L50, M|
|poke|p2|Torkoal, L50, M|
|poke|p2|Vileplume, L50, M|
|poke|p2|Farigiraf, L50, F, shiny|
|poke|p2|Mawile, L50, F|
|teampreview|4
|showteam|p1|Charizard||CharizarditeY|Blaze|HeatWave,SolarBeam,WeatherBall,Protect|Modest||M|||50|]Garchomp||LifeOrb|RoughSkin|DragonClaw,StompingTantrum,RockSlide,Protect|Jolly||F|||50|]Whimsicott||FocusSash|Prankster|Moonblast,Tailwind,Encore,Protect|Timid||F|||50|]Basculegion||MysticWater|Adaptability|WaveCrash,LastRespects,AquaJet,Protect|Adamant||M|||50|]Floette-Eternal||Floettite|FlowerVeil|Moonblast,DazzlingGleam,LightofRuin,Protect|Modest||F|||50|]Kingambit||ChopleBerry|Defiant|KowtowCleave,IronHead,LowKick,SuckerPunch|Adamant||F|||50|
|showteam|p2|Pyroar||Pyroarite|Rivalry|Taunt,HeatWave,Overheat,Protect|Timid||F|||50|]Aerodactyl||SitrusBerry|Unnerve|RockSlide,Tailwind,WideGuard,DualWingbeat|Jolly||M|||50|]Torkoal||Charcoal|Drought|Eruption,HeatWave,SolarBeam,Protect|Quiet||M|||50|]Vileplume||FocusSash|Chlorophyll|EnergyBall,SludgeBomb,AfterYou,SleepPowder|Timid||M|||50|]Farigiraf||Leftovers|ArmorTail|HyperVoice,Psychic,Protect,TrickRoom|Relaxed||F|||50|]Mawile||Mawilite|Intimidate|IronHead,PlayRough,SwordsDance,SuckerPunch|Sassy||F|||50|
|
|t:|1786113681
|teamsize|p1|4
|teamsize|p2|4
|start
|switch|p1a: Basculegion|Basculegion, L50, M|100/100
|switch|p1b: Kingambit|Kingambit, L50, F|100/100
|switch|p2a: Mahrukasha|Aerodactyl, L50, M|100/100
|switch|p2b: Can of Beans|Farigiraf, L50, F, shiny|100/100
|-ability|p2a: Mahrukasha|Unnerve
|turn|1
|
|t:|1786113703
|move|p2b: Can of Beans|Protect|p2b: Can of Beans
|-singleturn|p2b: Can of Beans|Protect
|move|p2a: Mahrukasha|Rock Slide|p1a: Basculegion|[spread] p1a,p1b
|-resisted|p1b: Kingambit|1
|-damage|p1a: Basculegion|74/100
|-damage|p1b: Kingambit|92/100
|move|p1a: Basculegion|Wave Crash|p2a: Mahrukasha
|-supereffective|p2a: Mahrukasha|1
|-damage|p2a: Mahrukasha|0 fnt
|faint|p2a: Mahrukasha
|-damage|p1a: Basculegion|44/100|[from] Recoil
|move|p1b: Kingambit|Kowtow Cleave|p2b: Can of Beans
|-activate|p2b: Can of Beans|move: Protect
|
|upkeep
|
|t:|1786113712
|switch|p2a: 4-loko|Pyroar, L50, F|100/100
|turn|2
|
|t:|1786113731
|detailschange|p2a: 4-loko|Pyroar-Mega, L50, F
|-mega|p2a: 4-loko|Pyroar|Pyroarite
|move|p2a: 4-loko|Heat Wave|p1b: Kingambit|[spread] p1a,p1b
|-resisted|p1a: Basculegion|1
|-crit|p1a: Basculegion
|-supereffective|p1b: Kingambit|1
|-damage|p1a: Basculegion|0 fnt
|-damage|p1b: Kingambit|12/100
|faint|p1a: Basculegion
|move|p2b: Can of Beans|Psychic|p1b: Kingambit
|-immune|p1b: Kingambit
|move|p1b: Kingambit|Kowtow Cleave|p2b: Can of Beans
|-supereffective|p2b: Can of Beans|1
|-damage|p2b: Can of Beans|32/100
|
|-heal|p2b: Can of Beans|38/100|[from] item: Leftovers
|upkeep
|
|t:|1786113746
|switch|p1a: Garchomp|Garchomp, L50, F|100/100
|turn|3
|
|t:|1786113757
|move|p2a: 4-loko|Protect|p2a: 4-loko
|-singleturn|p2a: 4-loko|Protect
|move|p1a: Garchomp|Rock Slide|p2b: Can of Beans|[spread] p2b
|-activate|p2a: 4-loko|move: Protect
|-damage|p2b: Can of Beans|16/100
|-damage|p1a: Garchomp|90/100|[from] item: Life Orb
|move|p2b: Can of Beans|Hyper Voice|p1a: Garchomp|[spread] p1a,p1b
|-resisted|p1b: Kingambit|1
|-damage|p1a: Garchomp|60/100
|-damage|p1b: Kingambit|3/100
|move|p1b: Kingambit|Low Kick|p2a: 4-loko
|-activate|p2a: 4-loko|move: Protect
|
|-heal|p2b: Can of Beans|22/100|[from] item: Leftovers
|upkeep
|turn|4
|
|t:|1786113782
|move|p2a: 4-loko|Heat Wave|p1a: Garchomp|[spread] p1a,p1b
|-resisted|p1a: Garchomp|1
|-supereffective|p1b: Kingambit|1
|-damage|p1a: Garchomp|29/100
|-damage|p1b: Kingambit|0 fnt
|faint|p1b: Kingambit
|move|p1a: Garchomp|Stomping Tantrum|p2a: 4-loko
|-supereffective|p2a: 4-loko|1
|-damage|p2a: 4-loko|0 fnt
|faint|p2a: 4-loko
|-damage|p1a: Garchomp|20/100r|[from] item: Life Orb
|move|p2b: Can of Beans|Trick Room|p2b: Can of Beans
|-fieldstart|move: Trick Room|[of] p2b: Can of Beans
|
|-heal|p2b: Can of Beans|28/100|[from] item: Leftovers
|upkeep
|
|t:|1786113793
|switch|p1b: Floette|Floette-Eternal, L50, F|100/100
|switch|p2a: Ghengas Khan|Torkoal, L50, M|100/100
|-weather|SunnyDay|[from] ability: Drought|[of] p2a: Ghengas Khan
|turn|5
|
|t:|1786113812
|detailschange|p1b: Floette|Floette-Mega, L50, F
|-mega|p1b: Floette|Floette|Floettite
|-ability|p1b: Floette|Fairy Aura
|move|p1a: Garchomp|Protect|p1a: Garchomp
|-singleturn|p1a: Garchomp|Protect
|move|p2a: Ghengas Khan|Eruption|p1a: Garchomp|[spread] p1b
|-activate|p1a: Garchomp|move: Protect
|-damage|p1b: Floette|26/100
|move|p2b: Can of Beans|Psychic|p1b: Floette
|-damage|p1b: Floette|0 fnt
|faint|p1b: Floette
|
|-weather|SunnyDay|[upkeep]
|-heal|p2b: Can of Beans|34/100|[from] item: Leftovers
|upkeep
|turn|6
|
|t:|1786113824
|move|p1a: Garchomp|Protect|p1a: Garchomp
|-singleturn|p1a: Garchomp|Protect
|move|p2a: Ghengas Khan|Eruption|p1a: Garchomp
|-activate|p1a: Garchomp|move: Protect
|move|p2b: Can of Beans|Hyper Voice|p1a: Garchomp
|-activate|p1a: Garchomp|move: Protect
|
|-weather|SunnyDay|[upkeep]
|-heal|p2b: Can of Beans|40/100|[from] item: Leftovers
|upkeep
|turn|7
|
|t:|1786113828
|move|p1a: Garchomp|Protect||[still]
|-fail|p1a: Garchomp
|move|p2a: Ghengas Khan|Eruption|p1a: Garchomp
|-resisted|p1a: Garchomp|1
|-damage|p1a: Garchomp|0 fnt
|faint|p1a: Garchomp
|
|win|melon storme
|raw|Dugtrio64's rating: 1204 → 1174(-30 for losing)
|raw|melon storme's rating: 1136 → 1166(+30 for winning)
|c|☆melon storme|ggs
|l|☆Dugtrio64
|player|p1|
