|j|☆fev24
|j|☆Kigaru
|html|fev24Kigaru    
|uhtml|bestof|Game 1 of a best-of-3
|t:|1784307475
|gametype|doubles
|player|p1|fev24|266|
|player|p2|Kigaru|ethan|
|gen|9
|tier|[Gen 9 Champions] VGC 2026 Reg M-B (Bo3)
|rule|Species Clause: Limit one of each Pokémon
|rule|Item Clause: Limit 1 of each item
|clearpoke
|poke|p1|Pyroar, L50, M|
|poke|p1|Vileplume, L50, F|
|poke|p1|Torkoal, L50, M|
|poke|p1|Incineroar, L50, M|
|poke|p1|Farigiraf, L50, F|
|poke|p1|Ditto, L50|
|poke|p2|Swampert, L50, F|
|poke|p2|Pelipper, L50, M|
|poke|p2|Archaludon, L50, F|
|poke|p2|Sinistcha, L50|
|poke|p2|Whimsicott, L50, M|
|poke|p2|Kingambit, L50, M|
|teampreview|4
|showteam|p1|Pyroar||Pyroarite|Unnerve|Protect,Overheat,SolarBeam,HeatWave|Timid||M|||50|]Vileplume||FocusSash|Chlorophyll|SleepPowder,SludgeBomb,AfterYou,SolarBeam|Modest||F|||50|]Torkoal||Charcoal|Drought|Protect,Eruption,HelpingHand,WeatherBall|Quiet||M|||50|]Incineroar||WhiteHerb|Intimidate|FakeOut,DarkestLariat,FlareBlitz,CloseCombat|Adamant||M|||50|]Farigiraf||SitrusBerry|ArmorTail|HelpingHand,Psychic,Thunderbolt,TrickRoom|Sassy||F|||50|]Ditto||LifeOrb|Imposter|Transform|Adamant|||||50|
|showteam|p2|Swampert|||Torrent|WaveCrash,Earthquake,IcePunch,Protect|Adamant||F|||50|]Pelipper||DampRock|Drizzle|Tailwind,Hurricane,Protect,HydroPump|Bold||M|||50|]Archaludon||Leftovers|Stamina|ElectroShot,FlashCannon,DracoMeteor,Snarl|Timid||F|||50|]Sinistcha||BigRoot|Hospitality|MatchaGotcha,RagePowder,TrickRoom,Protect|Relaxed|||||50|]Whimsicott||MentalHerb|Prankster|Tailwind,Moonblast,Encore,HelpingHand|Bold||M|||50|]Kingambit||LumBerry|SupremeOverlord|KowtowCleave,SuckerPunch,IronHead,Protect|Adamant||M|||50|
|inactive|Battle timer is ON: inactive players will automatically lose when time's up. (requested by fev24)
|inactive|fev24 has 60 seconds left.
|
|t:|1784307525
|teamsize|p1|4
|teamsize|p2|4
|start
|switch|p1a: Incineroar|Incineroar, L50, M|100/100
|switch|p1b: Torkoal|Torkoal, L50, M|100/100
|switch|p2a: Princesa|Swampert, L50, F|100/100
|switch|p2b: Pelipper|Pelipper, L50, M|100/100
|-weather|RainDance|[from] ability: Drizzle|[of] p2b: Pelipper
|-ability|p1a: Incineroar|Intimidate|boost
|-unboost|p2a: Princesa|atk|1
|-unboost|p2b: Pelipper|atk|1
|-weather|SunnyDay|[from] ability: Drought|[of] p1b: Torkoal
|turn|1
|inactive|fev24 has 30 seconds left.
|inactive|Kigaru has 30 seconds left.
|inactive|Kigaru has 20 seconds left.
|inactive|Kigaru has 15 seconds left.
|inactive|fev24 has 20 seconds left.
|inactive|Kigaru has 10 seconds left.
|
|t:|1784307574
|switch|p1b: Vileplume|Vileplume, L50, F|100/100
|move|p2b: Pelipper|Protect|p2b: Pelipper
|-singleturn|p2b: Pelipper|Protect
|move|p1a: Incineroar|Fake Out|p2a: Princesa
|-damage|p2a: Princesa|86/100
|cant|p2a: Princesa|flinch
|
|-weather|SunnyDay|[upkeep]
|upkeep
|turn|2
|inactive|fev24 has 30 seconds left.
|inactive|Kigaru has 30 seconds left.
|inactive|Kigaru has 20 seconds left.
|inactive|Kigaru has 15 seconds left.
|
|t:|1784307614
|switch|p2b: Kingambit|Kingambit, L50, M|100/100
|move|p1b: Vileplume|Solar Beam||[still]
|-prepare|p1b: Vileplume|Solar Beam
|-anim|p1b: Vileplume|Solar Beam|p2a: Princesa
|-supereffective|p2a: Princesa|2
|-damage|p2a: Princesa|0 fnt
|faint|p2a: Princesa
|move|p1a: Incineroar|Darkest Lariat|p2b: Kingambit
|-resisted|p2b: Kingambit|1
|-damage|p2b: Kingambit|84/100
|
|-weather|SunnyDay|[upkeep]
|upkeep
|
|t:|1784307637
|switch|p2a: Pelipper|Pelipper, L50, M|100/100
|-weather|RainDance|[from] ability: Drizzle|[of] p2a: Pelipper
|turn|3
|inactive|Kigaru has 30 seconds left.
|inactive|Kigaru has 20 seconds left.
|
|t:|1784307676
|switch|p1b: Torkoal|Torkoal, L50, M|100/100
|-weather|SunnyDay|[from] ability: Drought|[of] p1b: Torkoal
|move|p2b: Kingambit|Protect|p2b: Kingambit
|-singleturn|p2b: Kingambit|Protect
|move|p2a: Pelipper|Hurricane|p1b: Torkoal
|-damage|p1b: Torkoal|52/100
|move|p1a: Incineroar|Close Combat|p2b: Kingambit
|-activate|p2b: Kingambit|move: Protect
|
|-weather|SunnyDay|[upkeep]
|upkeep
|turn|4
|inactive|fev24 has 30 seconds left.
|inactive|Kigaru has 30 seconds left.
|inactive|Kigaru has 20 seconds left.
|inactive|fev24 has 20 seconds left.
|inactive|Kigaru has 15 seconds left.
|inactive|fev24 has 15 seconds left.
|
|t:|1784307725
|move|p2a: Pelipper|Hydro Pump|p1a: Incineroar
|-supereffective|p1a: Incineroar|1
|-damage|p1a: Incineroar|66/100
|move|p1a: Incineroar|Close Combat|p2b: Kingambit
|-supereffective|p2b: Kingambit|2
|-damage|p2b: Kingambit|0 fnt
|-unboost|p1a: Incineroar|def|1
|-unboost|p1a: Incineroar|spd|1
|faint|p2b: Kingambit
|-end|p2b: Kingambit|fallenundefined|[silent]
|-enditem|p1a: Incineroar|White Herb
|-clearnegativeboost|p1a: Incineroar|[silent]
|move|p1b: Torkoal|Eruption|p2a: Pelipper
|-resisted|p2a: Pelipper|1
|-damage|p2a: Pelipper|55/100
|
|-weather|SunnyDay|[upkeep]
|upkeep
|
|t:|1784307746
|switch|p2b: Whimsicott|Whimsicott, L50, M|100/100
|turn|5
|
|t:|1784307761
|move|p2b: Whimsicott|Helping Hand|p2a: Pelipper
|-singleturn|p2a: Pelipper|Helping Hand|[of] p2b: Whimsicott
|move|p1b: Torkoal|Helping Hand|p1a: Incineroar
|-singleturn|p1a: Incineroar|Helping Hand|[of] p1b: Torkoal
|move|p2a: Pelipper|Hydro Pump|p1a: Incineroar
|-supereffective|p1a: Incineroar|1
|-damage|p1a: Incineroar|15/100
|move|p1a: Incineroar|Flare Blitz|p2b: Whimsicott
|-supereffective|p2b: Whimsicott|1
|-damage|p2b: Whimsicott|0 fnt
|faint|p2b: Whimsicott
|-damage|p1a: Incineroar|0 fnt|[from] Recoil
|faint|p1a: Incineroar
|
|-weather|SunnyDay|[upkeep]
|upkeep
|
|t:|1784307778
|switch|p1a: Vileplume|Vileplume, L50, F|100/100
|turn|6
|
|t:|1784307792
|move|p1b: Torkoal|Protect|p1b: Torkoal
|-singleturn|p1b: Torkoal|Protect
|move|p1a: Vileplume|Sleep Powder|p2a: Pelipper
|-status|p2a: Pelipper|slp|[from] move: Sleep Powder
|cant|p2a: Pelipper|slp
|
|-weather|SunnyDay|[upkeep]
|upkeep
|turn|7
|
|t:|1784307816
|move|p1b: Torkoal|Helping Hand|p1a: Vileplume
|-singleturn|p1a: Vileplume|Helping Hand|[of] p1b: Torkoal
|move|p1a: Vileplume|Sludge Bomb|p2a: Pelipper
|-damage|p2a: Pelipper|0 fnt
|faint|p2a: Pelipper
|
|win|fev24
|inactive|fev24 has 30 seconds to confirm battle start!
|inactive|Kigaru has 30 seconds to confirm battle start!
