|j|☆homerj71
|j|☆ambitiousAutistic
|html|homerj71ambitiousAutistic    
|uhtml|bestof|Game 1 of a best-of-3
|t:|1785869212
|gametype|doubles
|player|p1|homerj71|266|1220
|player|p2|ambitiousAutistic|101|1017
|gen|9
|tier|[Gen 9 Champions] VGC 2026 Reg M-B (Bo3)
|rated|
|rule|Species Clause: Limit one of each Pokémon
|rule|Item Clause: Limit 1 of each item
|clearpoke
|poke|p1|Tyranitar, L50, F|
|poke|p1|Staraptor, L50, F|
|poke|p1|Gholdengo, L50|
|poke|p1|Excadrill, L50, M|
|poke|p1|Sinistcha, L50|
|poke|p1|Milotic, L50, M|
|poke|p2|Meowstic, L50, M|
|poke|p2|Reuniclus, L50, M|
|poke|p2|Ninetales-Alola, L50, F|
|poke|p2|Garchomp, L50, M|
|poke|p2|Scrafty, L50, M|
|poke|p2|Delphox, L50, F|
|teampreview|4
|showteam|p1|Tyranitar||Tyranitarite|SandStream|KnockOff,RockSlide,Protect,LowKick|Jolly||F|||50|]Staraptor||Staraptite|Intimidate|DualWingbeat,CloseCombat,Protect,Tailwind|Jolly||F|||50|]Gholdengo||LifeOrb|GoodasGold|MakeItRain,NastyPlot,Protect,ShadowBall|Timid|||||50|]Excadrill||FocusSash|SandRush|HighHorsepower,IronHead,RockSlide,Protect|Adamant||M|||50|]Sinistcha||SitrusBerry|Hospitality|MatchaGotcha,RagePowder,ShadowBall,Protect|Calm|||||50|]Milotic||Leftovers|Competitive|Scald,IcyWind,Protect,IceBeam|Modest||M|||50|
|showteam|p2|Meowstic||FocusSash|Prankster|SkillSwap,FakeOut,PsychicTerrain,ExpandingForce|Calm||M|||50|]Reuniclus||LifeOrb|Regenerator|ExpandingForce,ShadowBall,PsychicTerrain,Recover|Modest||M|||50|]Ninetales-Alola||LightClay|SnowWarning|AuroraVeil,Blizzard,Moonblast,Disable|Modest||F|||50|]Garchomp||SitrusBerry|RoughSkin|Earthquake,DragonClaw,Protect,RockSlide|Jolly||M|||50|]Scrafty||Scraftinite|Intimidate|FakeOut,Crunch,DrainPunch,SwordsDance|Adamant||M|||50|]Delphox||Delphoxite|Blaze|ExpandingForce,HeatWave,Protect,Wish|Modest||F|||50|
|inactive|Battle timer is ON: inactive players will automatically lose when time's up. (requested by homerj71)
|c|☆ambitiousAutistic|hey, can i have some feedback on this team?
|
|t:|1785869237
|teamsize|p1|4
|teamsize|p2|4
|start
|switch|p1a: Milotic|Milotic, L50, M|100/100
|switch|p1b: Gholdengo|Gholdengo, L50|100/100
|switch|p2a: Meowstic|Meowstic, L50, M|100/100
|switch|p2b: Delphox|Delphox, L50, F|100/100
|turn|1
|
|t:|1785869258
|switch|p1b: Tyranitar|Tyranitar, L50, F|100/100
|-weather|Sandstorm|[from] ability: Sand Stream|[of] p1b: Tyranitar
|detailschange|p2b: Delphox|Delphox-Mega, L50, F
|-mega|p2b: Delphox|Delphox|Delphoxite
|move|p2b: Delphox|Protect|p2b: Delphox
|-singleturn|p2b: Delphox|Protect
|move|p2a: Meowstic|Fake Out|p1a: Milotic
|-damage|p1a: Milotic|95/100
|cant|p1a: Milotic|flinch
|
|-weather|Sandstorm|[upkeep]
|-damage|p2b: Delphox|93/100|[from] Sandstorm
|-damage|p2a: Meowstic|93/100|[from] Sandstorm
|-damage|p1a: Milotic|89/100|[from] Sandstorm
|-heal|p1a: Milotic|95/100|[from] item: Leftovers
|upkeep
|turn|2
|inactive|homerj71 has 30 seconds left.
|
|t:|1785869286
|switch|p2b: Ninetales|Ninetales-Alola, L50, F|100/100
|-weather|Snowscape|[from] ability: Snow Warning|[of] p2b: Ninetales
|move|p2a: Meowstic|Psychic Terrain|p2a: Meowstic
|-fieldstart|move: Psychic Terrain
|move|p1b: Tyranitar|Knock Off|p2b: Ninetales
|-resisted|p2b: Ninetales|1
|-damage|p2b: Ninetales|75/100
|-enditem|p2b: Ninetales|Light Clay|[from] move: Knock Off|[of] p1b: Tyranitar
|move|p1a: Milotic|Scald|p2a: Meowstic
|-damage|p2a: Meowstic|66/100
|-status|p2a: Meowstic|brn
|
|-weather|Snowscape|[upkeep]
|-heal|p1a: Milotic|100/100|[from] item: Leftovers
|-damage|p2a: Meowstic|60/100 brn|[from] brn
|upkeep
|turn|3
|inactive|ambitiousAutistic has 30 seconds left.
|
|t:|1785869315
|move|p2b: Ninetales|Aurora Veil|p2b: Ninetales
|-sidestart|p2: ambitiousAutistic|move: Aurora Veil
|move|p2a: Meowstic|Expanding Force|p1a: Milotic|[spread] p1a
|-immune|p1b: Tyranitar
|-damage|p1a: Milotic|73/100
|move|p1b: Tyranitar|Knock Off|p2a: Meowstic
|-supereffective|p2a: Meowstic|1
|-damage|p2a: Meowstic|0 fnt
|-enditem|p2a: Meowstic|Focus Sash|[from] move: Knock Off|[of] p1b: Tyranitar
|faint|p2a: Meowstic
|move|p1a: Milotic|Scald|p2b: Ninetales
|-damage|p2b: Ninetales|48/100
|
|-weather|Snowscape|[upkeep]
|-heal|p1a: Milotic|79/100|[from] item: Leftovers
|upkeep
|
|t:|1785869328
|switch|p2a: Scrafty|Scrafty, L50, M|100/100
|-ability|p2a: Scrafty|Intimidate|boost
|-unboost|p1a: Milotic|atk|1
|-ability|p1a: Milotic|Competitive|boost
|-boost|p1a: Milotic|spa|2
|-unboost|p1b: Tyranitar|atk|1
|turn|4
|
|t:|1785869344
|switch|p1b: Gholdengo|Gholdengo, L50|100/100
|move|p1a: Milotic|Protect|p1a: Milotic
|-singleturn|p1a: Milotic|Protect
|move|p2b: Ninetales|Disable|p1a: Milotic
|-activate|p1a: Milotic|move: Protect
|move|p2a: Scrafty|Swords Dance|p2a: Scrafty
|-boost|p2a: Scrafty|atk|2
|
|-weather|Snowscape|[upkeep]
|-heal|p1a: Milotic|85/100|[from] item: Leftovers
|upkeep
|turn|5
|
|t:|1785869362
|switch|p1b: Staraptor|Staraptor, L50, F|100/100
|-ability|p1b: Staraptor|Intimidate|boost
|-unboost|p2a: Scrafty|atk|1
|-unboost|p2b: Ninetales|atk|1
|move|p2b: Ninetales|Blizzard|p1a: Milotic|[spread] p1a,p1b
|-resisted|p1a: Milotic|1
|-supereffective|p1b: Staraptor|1
|-damage|p1a: Milotic|72/100
|-damage|p1b: Staraptor|0 fnt
|faint|p1b: Staraptor
|move|p1a: Milotic|Scald|p2a: Scrafty
|-damage|p2a: Scrafty|60/100
|move|p2a: Scrafty|Crunch|p1a: Milotic
|-damage|p1a: Milotic|22/100
|
|-weather|Snowscape|[upkeep]
|-heal|p1a: Milotic|28/100|[from] item: Leftovers
|upkeep
|
|t:|1785869373
|switch|p1b: Tyranitar|Tyranitar, L50, F|100/100
|-weather|Sandstorm|[from] ability: Sand Stream|[of] p1b: Tyranitar
|turn|6
|
|t:|1785869384
|move|p2b: Ninetales|Moonblast|p1a: Milotic
|-crit|p1a: Milotic
|-damage|p1a: Milotic|0 fnt
|faint|p1a: Milotic
|move|p1b: Tyranitar|Low Kick|p2a: Scrafty
|-supereffective|p2a: Scrafty|1
|-damage|p2a: Scrafty|33/100
|move|p2a: Scrafty|Drain Punch|p1b: Tyranitar
|-supereffective|p1b: Tyranitar|2
|-damage|p1b: Tyranitar|0 fnt
|-heal|p2a: Scrafty|87/100|[from] drain|[of] p1b: Tyranitar
|faint|p1b: Tyranitar
|
|-weather|Sandstorm|[upkeep]
|-damage|p2b: Ninetales|42/100|[from] Sandstorm
|-damage|p2a: Scrafty|81/100|[from] Sandstorm
|-fieldend|move: Psychic Terrain
|upkeep
|
|t:|1785869390
|switch|p1b: Gholdengo|Gholdengo, L50|100/100
|turn|7
|
|t:|1785869397
|switch|p2b: Delphox|Delphox-Mega, L50, F|93/100
|move|p1b: Gholdengo|Make It Rain|p2a: Scrafty|[spread] p2a,p2b
|-resisted|p2b: Delphox|1
|-damage|p2a: Scrafty|45/100
|-damage|p2b: Delphox|80/100
|-unboost|p1b: Gholdengo|spa|2
|-damage|p1b: Gholdengo|90/100|[from] item: Life Orb
|move|p2a: Scrafty|Crunch|p1b: Gholdengo
|-supereffective|p1b: Gholdengo|1
|-damage|p1b: Gholdengo|0 fnt
|faint|p1b: Gholdengo
|
|win|ambitiousAutistic
