|j|☆trevyah
|j|☆sadnessvgc
|html|trevyahsadnessvgc    
|uhtml|bestof|Game 1 of a best-of-3
|t:|1785853143
|gametype|doubles
|player|p1|trevyah|trevor|1458
|player|p2|sadnessvgc|agatha-lgpe|1425
|gen|9
|tier|[Gen 9 Champions] VGC 2026 Reg M-B (Bo3)
|rated|
|rule|Species Clause: Limit one of each Pokémon
|rule|Item Clause: Limit 1 of each item
|clearpoke
|poke|p1|Incineroar, L50, F|
|poke|p1|Toxapex, L50, F|
|poke|p1|Floette-Eternal, L50, F|
|poke|p1|Kingambit, L50, M|
|poke|p1|Dragonite, L50, M|
|poke|p1|Blaziken, L50, M|
|poke|p2|Floette-Eternal, L50, F|
|poke|p2|Whimsicott, L50, F, shiny|
|poke|p2|Garchomp, L50, F, shiny|
|poke|p2|Kingambit, L50, M, shiny|
|poke|p2|Basculegion, L50, M, shiny|
|poke|p2|Charizard, L50, M, shiny|
|teampreview|4
|showteam|p1|Incineroar||SitrusBerry|Intimidate|FlareBlitz,ThroatChop,PartingShot,FakeOut|Careful||F|||50|]Toxapex||Leftovers|Regenerator|Toxic,Infestation,WideGuard,BanefulBunker|Impish||F|||50|]Floette-Eternal||Floettite|FlowerVeil|Moonblast,DazzlingGleam,CalmMind,Protect|Timid||F|||50|]Kingambit||FocusSash|Defiant|KowtowCleave,IronHead,SuckerPunch,Protect|Adamant||M|||50|]Dragonite||LifeOrb|InnerFocus|DragonClaw,ExtremeSpeed,Superpower,Protect|Adamant||M|||50|]Blaziken||Blazikenite|SpeedBoost|CloseCombat,FlareBlitz,RockSlide,Detect|Adamant||M|||50|
|showteam|p2|Floette-Eternal||Floettite|FlowerVeil|DazzlingGleam,Moonblast,Protect,LightofRuin|Timid||F|||50|]Whimsicott||FocusSash|Prankster|Moonblast,Protect,Encore,Tailwind|Timid||F|||50|]Garchomp||RoseliBerry|RoughSkin|Earthquake,DragonClaw,PoisonJab,RockSlide|Jolly||F|||50|]Kingambit||ChopleBerry|Defiant|KowtowCleave,LowKick,SuckerPunch,IronHead|Adamant||M|||50|]Basculegion||LifeOrb|Adaptability|LastRespects,WaveCrash,AquaJet,Protect|Adamant||M|||50|]Charizard||CharizarditeY|Blaze|HeatWave,WeatherBall,SolarBeam,Protect|Modest||M|||50|
|inactive|Battle timer is ON: inactive players will automatically lose when time's up. (requested by sadnessvgc)
|inactive|trevyah has 60 seconds left.
|inactive|sadnessvgc has 60 seconds left.
|
|t:|1785853192
|teamsize|p1|4
|teamsize|p2|4
|start
|switch|p1a: Toxapex|Toxapex, L50, F|100/100
|switch|p1b: Dragonite|Dragonite, L50, M|100/100
|switch|p2a: Whimsicott|Whimsicott, L50, F, shiny|100/100
|switch|p2b: Floette|Floette-Eternal, L50, F|100/100
|turn|1
|
|t:|1785853210
|switch|p2b: Kingambit|Kingambit, L50, M, shiny|100/100
|move|p1b: Dragonite|Protect|p1b: Dragonite
|-singleturn|p1b: Dragonite|Protect
|move|p2a: Whimsicott|Moonblast|p1b: Dragonite
|-activate|p1b: Dragonite|move: Protect
|move|p1a: Toxapex|Toxic|p2b: Kingambit
|-immune|p2b: Kingambit
|
|upkeep
|turn|2
|inactive|sadnessvgc has 30 seconds left.
|inactive|trevyah has 30 seconds left.
|
|t:|1785853241
|move|p2a: Whimsicott|Encore|p1a: Toxapex
|-start|p1a: Toxapex|Encore
|move|p1b: Dragonite|Superpower|p2b: Kingambit
|-supereffective|p2b: Kingambit|2
|-enditem|p2b: Kingambit|Chople Berry|[eat]
|-enditem|p2b: Kingambit|Chople Berry|[weaken]
|-damage|p2b: Kingambit|9/100
|-unboost|p1b: Dragonite|atk|1
|-unboost|p1b: Dragonite|def|1
|-damage|p1b: Dragonite|90/100|[from] item: Life Orb
|move|p2b: Kingambit|Low Kick|p1b: Dragonite
|-resisted|p1b: Dragonite|1
|-damage|p1b: Dragonite|56/100
|move|p1a: Toxapex|Toxic|p2a: Whimsicott
|-status|p2a: Whimsicott|tox
|
|-damage|p2a: Whimsicott|94/100 tox|[from] psn
|upkeep
|turn|3
|
|t:|1785853261
|switch|p1a: Floette|Floette-Eternal, L50, F|100/100
|move|p1b: Dragonite|Extreme Speed|p2b: Kingambit
|-resisted|p2b: Kingambit|1
|-damage|p2b: Kingambit|0 fnt
|faint|p2b: Kingambit
|-damage|p1b: Dragonite|46/100|[from] item: Life Orb
|move|p2a: Whimsicott|Moonblast|p1b: Dragonite
|-supereffective|p1b: Dragonite|1
|-damage|p1b: Dragonite|0 fnt
|faint|p1b: Dragonite
|
|-damage|p2a: Whimsicott|82/100 tox|[from] psn
|upkeep
|
|t:|1785853273
|switch|p1b: Incineroar|Incineroar, L50, F|100/100
|switch|p2b: Floette|Floette-Eternal, L50, F|100/100
|-ability|p1b: Incineroar|Intimidate|boost
|-block|p2a: Whimsicott|ability: Flower Veil|[of] p2b: Floette
|-unboost|p2b: Floette|atk|1
|turn|4
|
|t:|1785853287
|detailschange|p1a: Floette|Floette-Mega, L50, F
|-mega|p1a: Floette|Floette|Floettite
|-ability|p1a: Floette|Fairy Aura
|detailschange|p2b: Floette|Floette-Mega, L50, F
|-mega|p2b: Floette|Floette|Floettite
|-ability|p2b: Floette|Fairy Aura
|move|p2a: Whimsicott|Protect|p2a: Whimsicott
|-singleturn|p2a: Whimsicott|Protect
|move|p2b: Floette|Protect|p2b: Floette
|-singleturn|p2b: Floette|Protect
|move|p1b: Incineroar|Fake Out|p2b: Floette
|-activate|p2b: Floette|move: Protect
|move|p1a: Floette|Moonblast|p2a: Whimsicott
|-activate|p2a: Whimsicott|move: Protect
|
|-damage|p2a: Whimsicott|64/100 tox|[from] psn
|upkeep
|turn|5
|
|t:|1785853316
|switch|p1b: Toxapex|Toxapex, L50, F|100/100
|move|p2a: Whimsicott|Moonblast|p1b: Toxapex
|-resisted|p1b: Toxapex|1
|-damage|p1b: Toxapex|82/100
|move|p1a: Floette|Dazzling Gleam|p2b: Floette|[spread] p2a,p2b
|-damage|p2a: Whimsicott|0 fnt
|-damage|p2b: Floette|65/100
|faint|p2a: Whimsicott
|move|p2b: Floette|Dazzling Gleam|p1a: Floette|[spread] p1a,p1b
|-resisted|p1b: Toxapex|1
|-damage|p1a: Floette|60/100
|-damage|p1b: Toxapex|66/100
|
|-heal|p1b: Toxapex|71/100|[from] item: Leftovers
|upkeep
|
|t:|1785853330
|switch|p2a: Garchomp|Garchomp, L50, F, shiny|100/100
|turn|6
|
|t:|1785853341
|switch|p1a: Incineroar|Incineroar, L50, F|100/100
|-ability|p1a: Incineroar|Intimidate|boost
|-unboost|p2a: Garchomp|atk|1
|-unboost|p2b: Floette|atk|1
|move|p2b: Floette|Protect|p2b: Floette
|-singleturn|p2b: Floette|Protect
|move|p2a: Garchomp|Earthquake|p1b: Toxapex|[spread] p1a,p1b
|-activate|p2b: Floette|move: Protect
|-supereffective|p1a: Incineroar|1
|-supereffective|p1b: Toxapex|1
|-damage|p1a: Incineroar|55/100
|-damage|p1b: Toxapex|36/100
|move|p1b: Toxapex|Toxic|p2b: Floette
|-activate|p2b: Floette|move: Protect
|
|-heal|p1b: Toxapex|42/100|[from] item: Leftovers
|upkeep
|turn|7
|inactive|sadnessvgc has 30 seconds left.
|
|t:|1785853371
|move|p1a: Incineroar|Fake Out|p2a: Garchomp
|-damage|p2a: Garchomp|89/100
|-damage|p1a: Incineroar|43/100|[from] ability: Rough Skin|[of] p2a: Garchomp
|-enditem|p1a: Incineroar|Sitrus Berry|[eat]
|-heal|p1a: Incineroar|67/100|[from] item: Sitrus Berry
|move|p2b: Floette|Moonblast|p1a: Incineroar
|-damage|p1a: Incineroar|5/100
|-unboost|p1a: Incineroar|spa|1
|cant|p2a: Garchomp|flinch
|move|p1b: Toxapex|Toxic|p2b: Floette
|-status|p2b: Floette|tox
|
|-heal|p1b: Toxapex|47/100|[from] item: Leftovers
|-damage|p2b: Floette|59/100 tox|[from] psn
|upkeep
|turn|8
|
|t:|1785853392
|move|p1b: Toxapex|Baneful Bunker|p1b: Toxapex
|-singleturn|p1b: Toxapex|move: Protect
|move|p2a: Garchomp|Poison Jab|p1a: Incineroar
|-damage|p1a: Incineroar|0 fnt
|faint|p1a: Incineroar
|move|p2b: Floette|Moonblast|p1b: Toxapex
|-activate|p1b: Toxapex|move: Protect
|
|-heal|p1b: Toxapex|53/100|[from] item: Leftovers
|-damage|p2b: Floette|46/100 tox|[from] psn
|upkeep
|
|t:|1785853399
|switch|p1a: Floette|Floette-Mega, L50, F|60/100
|-ability|p1a: Floette|Fairy Aura
|turn|9
|
|t:|1785853413
|move|p1a: Floette|Dazzling Gleam|p2a: Garchomp|[spread] p2a,p2b
|-supereffective|p2a: Garchomp|1
|-enditem|p2a: Garchomp|Roseli Berry|[eat]
|-enditem|p2a: Garchomp|Roseli Berry|[weaken]
|-damage|p2a: Garchomp|51/100
|-damage|p2b: Floette|12/100 tox
|move|p2a: Garchomp|Dragon Claw|p1b: Toxapex
|-damage|p1b: Toxapex|36/100
|move|p2b: Floette|Light of Ruin|p1b: Toxapex
|-resisted|p1b: Toxapex|1
|-damage|p1b: Toxapex|0 fnt
|faint|p1b: Toxapex
|-damage|p2b: Floette|0 fnt|[from] Recoil
|faint|p2b: Floette
|
|upkeep
|turn|10
|
|t:|1785853432
|move|p2a: Garchomp|Rock Slide|p1a: Floette
|-damage|p1a: Floette|41/100
|move|p1a: Floette|Moonblast|p2a: Garchomp
|-supereffective|p2a: Garchomp|1
|-damage|p2a: Garchomp|0 fnt
|faint|p2a: Garchomp
|
|win|trevyah
||sadnessvgc is ready for game 2.
||trevyah is ready for game 2.
|uhtml|next|Next: Game 2 of 3
