|j|☆senorToji
|j|☆Baba Banjo
|html|senorTojiBaba Banjo    
|uhtml|bestof|Game 2 of a best-of-3
|t:|1782642206
|gametype|doubles
|player|p1|senorToji|veteran|1000
|player|p2|Baba Banjo|morty|1000
|gen|9
|tier|[Gen 9 Champions] VGC 2026 Reg M-B (Bo3)
|rated|
|rule|Species Clause: Limit one of each Pokémon
|rule|Item Clause: Limit 1 of each item
|clearpoke
|poke|p1|Charizard, L50, F|
|poke|p1|Garchomp, L50, M|
|poke|p1|Farigiraf, L50, F|
|poke|p1|Sylveon, L50, M|
|poke|p1|Aerodactyl, L50, M|
|poke|p1|Meowscarada, L50, F|
|poke|p2|Delphox, L50, M|
|poke|p2|Garchomp, L50, M|
|poke|p2|Whimsicott, L50, F|
|poke|p2|Aerodactyl, L50, F|
|poke|p2|Basculegion, L50, M|
|poke|p2|Tsareena, L50, F|
|teampreview|4
|showteam|p1|Charizard||CharizarditeY|Blaze|Protect,HeatWave,WeatherBall,SolarBeam|Modest||F|||50|]Garchomp||WhiteHerb|RoughSkin|Protect,Earthquake,DragonClaw,StompingTantrum|Adamant||M|||50|]Farigiraf||SitrusBerry|ArmorTail|TwinBeam,Thunderbolt,GrassKnot,TrickRoom|Bold||F|||50|]Sylveon||FairyFeather|Pixilate|Protect,HyperVoice,HyperBeam,QuickAttack|Serious||M|||50|]Aerodactyl||Aerodactylite|Unnerve|Protect,RockSlide,DualWingbeat,Tailwind|Jolly||M|||50|]Meowscarada||LifeOrb|Protean|KnockOff,FlowerTrick,BrickBreak,TripleAxel|Jolly||F|||50|
|showteam|p2|Delphox||Delphoxite|Blaze|HeatWave,Psychic,GrassKnot,Protect|Timid||M|||50|]Garchomp||LifeOrb|RoughSkin|Earthquake,RockSlide,DragonClaw,Protect|Jolly||M|||50|]Whimsicott||FocusSash|Prankster|EnergyBall,Tailwind,Encore,Protect|Timid||F|||50|]Aerodactyl||Aerodactylite|Unnerve|RockSlide,IceFang,WideGuard,Protect|Jolly||F|||50|]Basculegion||MysticWater|Adaptability|WaveCrash,AquaJet,LastRespects,Protect|Adamant||M|||50|]Tsareena||ChoiceScarf|QueenlyMajesty|TropKick,LowKick,TripleAxel,KnockOff|Jolly||F|||50|
|inactive|Battle timer is ON: inactive players will automatically lose when time's up. (requested by senorToji)
|inactive|senorToji has 60 seconds left.
|
|t:|1782642267
|teamsize|p1|4
|teamsize|p2|4
|start
|switch|p1a: Aerodactyl|Aerodactyl, L50, M|100/100
|switch|p1b: Meowscarada|Meowscarada, L50, F|100/100
|switch|p2a: Whimsicott|Whimsicott, L50, F|100/100
|switch|p2b: Tsareena|Tsareena, L50, F|100/100
|-ability|p1a: Aerodactyl|Unnerve
|turn|1
|inactive|senorToji has 30 seconds left.
|inactive|Baba Banjo has 30 seconds left.
|inactive|senorToji has 20 seconds left.
|inactive|senorToji has 15 seconds left.
|inactive|senorToji has 10 seconds left.
|inactive|Baba Banjo has 20 seconds left.
|inactive|senorToji has 5 seconds left.
|
|t:|1782642319
|detailschange|p1a: Aerodactyl|Aerodactyl-Mega, L50, M
|-mega|p1a: Aerodactyl|Aerodactyl|Aerodactylite
|move|p2a: Whimsicott|Tailwind|p2a: Whimsicott
|-sidestart|p2: Baba Banjo|move: Tailwind
|move|p2b: Tsareena|Triple Axel|p1b: Meowscarada
|-supereffective|p1b: Meowscarada|1
|-damage|p1b: Meowscarada|80/100
|-supereffective|p1b: Meowscarada|1
|-damage|p1b: Meowscarada|41/100
|-supereffective|p1b: Meowscarada|1
|-damage|p1b: Meowscarada|0 fnt
|faint|p1b: Meowscarada
|-hitcount|p1: Meowscarada|3
|move|p1a: Aerodactyl|Tailwind|p1a: Aerodactyl
|-sidestart|p1: senorToji|move: Tailwind
|
|upkeep
|
|t:|1782642340
|switch|p1b: Sylveon|Sylveon, L50, M|100/100
|turn|2
|inactive|senorToji has 30 seconds left.
|
|t:|1782642365
|move|p1a: Aerodactyl|Protect|p1a: Aerodactyl
|-singleturn|p1a: Aerodactyl|Protect
|move|p2a: Whimsicott|Encore|p1a: Aerodactyl
|-activate|p1a: Aerodactyl|move: Protect
|move|p2b: Tsareena|Triple Axel|p1b: Sylveon
|-damage|p1b: Sylveon|91/100
|-damage|p1b: Sylveon|77/100
|-damage|p1b: Sylveon|54/100
|-hitcount|p1b: Sylveon|3
|move|p1b: Sylveon|Hyper Voice|p2b: Tsareena|[spread] p2a,p2b
|-damage|p2a: Whimsicott|31/100
|-damage|p2b: Tsareena|42/100
|
|upkeep
|turn|3
|inactive|senorToji has 30 seconds left.
|
|t:|1782642393
|move|p1a: Aerodactyl|Rock Slide|p2a: Whimsicott|[spread] p2a
|-miss|p1a: Aerodactyl|p2b: Tsareena
|-damage|p2a: Whimsicott|0 fnt
|faint|p2a: Whimsicott
|move|p2b: Tsareena|Triple Axel|p1b: Sylveon
|-damage|p1b: Sylveon|46/100
|-damage|p1b: Sylveon|30/100
|-damage|p1b: Sylveon|8/100
|-hitcount|p1b: Sylveon|3
|move|p1b: Sylveon|Hyper Voice|p2b: Tsareena
|-damage|p2b: Tsareena|0 fnt
|faint|p2b: Tsareena
|
|upkeep
|
|t:|1782642396
|switch|p2a: Aerodactyl|Aerodactyl, L50, F|100/100
|switch|p2b: Delphox|Delphox, L50, M|100/100
|-ability|p2a: Aerodactyl|Unnerve
|turn|4
|inactive|senorToji has 30 seconds left.
|inactive|Baba Banjo has 30 seconds left.
|inactive|senorToji has 20 seconds left.
|inactive|Baba Banjo has 20 seconds left.
|inactive|senorToji has 15 seconds left.
|inactive|Baba Banjo has 15 seconds left.
|inactive|Baba Banjo has 10 seconds left.
|
|t:|1782642444
|detailschange|p2a: Aerodactyl|Aerodactyl-Mega, L50, F
|-mega|p2a: Aerodactyl|Aerodactyl|Aerodactylite
|move|p2a: Aerodactyl|Wide Guard|p2a: Aerodactyl
|-singleturn|p2a: Aerodactyl|Wide Guard
|move|p1b: Sylveon|Quick Attack|p2a: Aerodactyl
|-damage|p2a: Aerodactyl|82/100
|move|p1a: Aerodactyl|Rock Slide|p2a: Aerodactyl|[spread] 
|-activate|p2a: Aerodactyl|move: Wide Guard
|-activate|p2b: Delphox|move: Wide Guard
|move|p2b: Delphox|Heat Wave|p1b: Sylveon|[spread] p1b
|-miss|p2b: Delphox|p1a: Aerodactyl
|-damage|p1b: Sylveon|0 fnt
|faint|p1b: Sylveon
|
|-sideend|p1: senorToji|move: Tailwind
|-sideend|p2: Baba Banjo|move: Tailwind
|upkeep
|
|t:|1782642458
|switch|p1b: Farigiraf|Farigiraf, L50, F|100/100
|turn|5
|c|☆Baba Banjo|your aero has plot armor
|inactive|senorToji has 30 seconds left.
|inactive|senorToji has 20 seconds left.
|
|t:|1782642494
|move|p2a: Aerodactyl|Ice Fang|p1a: Aerodactyl
|-supereffective|p1a: Aerodactyl|1
|-damage|p1a: Aerodactyl|29/100
|move|p1a: Aerodactyl|Dual Wingbeat|p2b: Delphox
|-damage|p2b: Delphox|57/100
|-damage|p2b: Delphox|19/100
|-hitcount|p2b: Delphox|2
|move|p2b: Delphox|Heat Wave|p1b: Farigiraf|[spread] p1a,p1b
|-resisted|p1a: Aerodactyl|1
|-damage|p1a: Aerodactyl|0 fnt
|-damage|p1b: Farigiraf|53/100
|faint|p1a: Aerodactyl
|move|p1b: Farigiraf|Thunderbolt|p2a: Aerodactyl
|-supereffective|p2a: Aerodactyl|1
|-damage|p2a: Aerodactyl|28/100
|
|upkeep
|turn|6
|inactive|senorToji has 30 seconds left.
|
|t:|1782642520
|move|p2a: Aerodactyl|Rock Slide|p1b: Farigiraf
|-damage|p1b: Farigiraf|22/100
|-enditem|p1b: Farigiraf|Sitrus Berry|[eat]
|-heal|p1b: Farigiraf|46/100|[from] item: Sitrus Berry
|move|p2b: Delphox|Heat Wave|p1b: Farigiraf
|-damage|p1b: Farigiraf|0 fnt
|faint|p1b: Farigiraf
|
|win|Baba Banjo
||senorToji is ready for game 3.
||Baba Banjo is ready for game 3.
|uhtml|next|Next: Game 3 of 3
|l|☆senorToji
|player|p1|
|l|☆Baba Banjo
|player|p2|
|j|☆Baba Banjo
|player|p2|Baba Banjo|morty|
