|j|☆harogods
|j|☆U lost da game
|html|harogodsU lost da game    
|uhtml|bestof|Game 1 of a best-of-3
|t:|1757217084
|gametype|doubles
|player|p1|harogods|169|1087
|player|p2|U lost da game|102|1107
|gen|9
|tier|[Gen 9] VGC 2025 Reg H (Bo3)
|rated|
|rule|Species Clause: Limit one of each Pokémon
|rule|Item Clause: Limit 1 of each item
|clearpoke
|poke|p1|Archaludon, L50, F|
|poke|p1|Rillaboom, L50, F|
|poke|p1|Basculegion, L50, M|
|poke|p1|Kingambit, L50, M|
|poke|p1|Pelipper, L50, F|
|poke|p1|Electabuzz, L50, F|
|poke|p2|Primarina, L50, M|
|poke|p2|Farigiraf, L50, F|
|poke|p2|Incineroar, L50, F|
|poke|p2|Amoonguss, L50, M|
|poke|p2|Ursaluna-Bloodmoon, L50, M|
|poke|p2|Kingambit, L50, M|
|teampreview|4
|showteam|p1|Archaludon||AssaultVest|Stamina|ElectroShot,DracoMeteor,FlashCannon,BodyPress|||F|||50|,,,,,Fairy]Rillaboom||LoadedDice|GrassySurge|BulletSeed,GrassyGlide,FakeOut,HighHorsepower|||F|||50|,,,,,Fire]Basculegion||ChoiceBand|SwiftSwim|WaveCrash,LastRespects,FlipTurn,AquaJet|||M|||50|,,,,,Grass]Kingambit||BlackGlasses|Defiant|KowtowCleave,SuckerPunch,SwordsDance,Protect|||M|||50|,,,,,Dark]Pelipper||FocusSash|Drizzle|WeatherBall,Hurricane,Tailwind,Protect|||F|||50|,,,,,Ghost]Electabuzz||Eviolite|VitalSpirit|Electroweb,Taunt,FollowMe,Protect|||F|||50|,,,,,Ghost
|showteam|p2|Primarina||SitrusBerry|LiquidVoice|HyperVoice,Protect,Moonblast,Haze|||M|||50|,,,,,Steel]Farigiraf||ThroatSpray|ArmorTail|TrickRoom,HyperVoice,Protect,DazzlingGleam|||F|||50|,,,,,Fairy]Incineroar||ClearAmulet|Intimidate|PartingShot,KnockOff,FakeOut,FlareBlitz|||F|||50|,,,,,Grass]Amoonguss||RockyHelmet|Regenerator|Spore,RagePowder,Protect,PollenPuff|||M|||50|,,,,,Water]Ursaluna-Bloodmoon||SafetyGoggles|MindsEye|BloodMoon,HyperVoice,Protect,EarthPower|||M|||50|,,,,,Normal]Kingambit||AssaultVest|Defiant|KowtowCleave,SuckerPunch,IronHead,BrickBreak|||M|||50|,,,,,Ghost
|inactive|Battle timer is ON: inactive players will automatically lose when time's up. (requested by harogods)
|inactive|U lost da game has 60 seconds left.
|
|t:|1757217132
|teamsize|p1|4
|teamsize|p2|4
|start
|switch|p1a: Electabuzz|Electabuzz, L50, F|100/100
|switch|p1b: Kingambit|Kingambit, L50, M|100/100
|switch|p2a: Amoonguss|Amoonguss, L50, M|100/100
|switch|p2b: Farigiraf|Farigiraf, L50, F|100/100
|turn|1
|
|t:|1757217150
|switch|p2a: Ursaluna|Ursaluna-Bloodmoon, L50, M|100/100
|move|p1a: Electabuzz|Follow Me|p1a: Electabuzz
|-singleturn|p1a: Electabuzz|move: Follow Me
|move|p1b: Kingambit|Swords Dance|p1b: Kingambit
|-boost|p1b: Kingambit|atk|2
|move|p2b: Farigiraf|Trick Room|p2b: Farigiraf
|-fieldstart|move: Trick Room|[of] p2b: Farigiraf
|
|upkeep
|turn|2
|inactive|harogods has 30 seconds left.
|inactive|harogods has 20 seconds left.
|inactive|harogods has 15 seconds left.
|inactive|harogods has 10 seconds left.
|
|t:|1757217195
|move|p1a: Electabuzz|Follow Me|p1a: Electabuzz
|-singleturn|p1a: Electabuzz|move: Follow Me
|move|p2b: Farigiraf|Hyper Voice|p1b: Kingambit|[spread] p1a,p1b
|-resisted|p1b: Kingambit
|-damage|p1a: Electabuzz|77/100
|-damage|p1b: Kingambit|86/100
|-enditem|p2b: Farigiraf|Throat Spray
|-boost|p2b: Farigiraf|spa|1|[from] item: Throat Spray
|move|p2a: Ursaluna|Earth Power|p1a: Electabuzz
|-supereffective|p1a: Electabuzz
|-damage|p1a: Electabuzz|3/100
|move|p1b: Kingambit|Kowtow Cleave|p2a: Ursaluna
|-damage|p2a: Ursaluna|14/100
|
|upkeep
|turn|3
|inactive|harogods has 30 seconds left.
|inactive|harogods has 20 seconds left.
|inactive|harogods has 15 seconds left.
|
|t:|1757217237
|switch|p1b: Pelipper|Pelipper, L50, F|100/100
|-weather|RainDance|[from] ability: Drizzle|[of] p1b: Pelipper
|move|p1a: Electabuzz|Protect|p1a: Electabuzz
|-singleturn|p1a: Electabuzz|Protect
|move|p2b: Farigiraf|Dazzling Gleam|p1b: Pelipper|[spread] p1b
|-activate|p1a: Electabuzz|move: Protect
|-damage|p1b: Pelipper|55/100
|move|p2a: Ursaluna|Earth Power|p1b: Pelipper
|-immune|p1b: Pelipper
|
|-weather|RainDance|[upkeep]
|upkeep
|turn|4
|inactive|harogods has 30 seconds left.
|inactive|harogods has 20 seconds left.
|inactive|harogods has 15 seconds left.
|inactive|harogods has 10 seconds left.
|
|t:|1757217287
|switch|p2a: Primarina|Primarina, L50, M|100/100
|switch|p1a: Archaludon|Archaludon, L50, F|100/100
|move|p1b: Pelipper|Protect|p1b: Pelipper
|-singleturn|p1b: Pelipper|Protect
|move|p2b: Farigiraf|Dazzling Gleam|p1a: Archaludon|[spread] p1a
|-activate|p1b: Pelipper|move: Protect
|-damage|p1a: Archaludon|81/100
|-ability|p1a: Archaludon|Stamina|boost
|-boost|p1a: Archaludon|def|1
|
|-weather|RainDance|[upkeep]
|upkeep
|turn|5
|inactive|U lost da game has 30 seconds left.
|
|t:|1757217317
|switch|p2a: Amoonguss|Amoonguss, L50, M|100/100
|-terastallize|p2b: Farigiraf|Fairy
|-terastallize|p1a: Archaludon|Fairy
|move|p2b: Farigiraf|Dazzling Gleam|p1a: Archaludon|[spread] p1a,p1b
|-damage|p1a: Archaludon|53/100
|-damage|p1b: Pelipper|0 fnt
|-ability|p1a: Archaludon|Stamina|boost
|-boost|p1a: Archaludon|def|1
|faint|p1b: Pelipper
|move|p1a: Archaludon|Flash Cannon|p2a: Amoonguss
|-damage|p2a: Amoonguss|72/100
|
|-weather|RainDance|[upkeep]
|-fieldend|move: Trick Room
|upkeep
|
|t:|1757217333
|switch|p1b: Electabuzz|Electabuzz, L50, F|3/100
|turn|6
|
|t:|1757217341
|move|p1b: Electabuzz|Follow Me|p1b: Electabuzz
|-singleturn|p1b: Electabuzz|move: Follow Me
|move|p2a: Amoonguss|Rage Powder|p2a: Amoonguss
|-singleturn|p2a: Amoonguss|move: Rage Powder
|move|p1a: Archaludon|Flash Cannon|p2a: Amoonguss
|-damage|p2a: Amoonguss|42/100
|-unboost|p2a: Amoonguss|spd|1
|move|p2b: Farigiraf|Trick Room|p2b: Farigiraf
|-fieldstart|move: Trick Room|[of] p2b: Farigiraf
|
|-weather|RainDance|[upkeep]
|upkeep
|turn|7
|inactive|harogods has 30 seconds left.
|
|t:|1757217367
|switch|p2a: Primarina|Primarina, L50, M|100/100
|move|p1b: Electabuzz|Follow Me|p1b: Electabuzz
|-singleturn|p1b: Electabuzz|move: Follow Me
|move|p2b: Farigiraf|Hyper Voice|p1b: Electabuzz|[spread] p1a,p1b
|-damage|p1a: Archaludon|19/100
|-damage|p1b: Electabuzz|0 fnt
|-ability|p1a: Archaludon|Stamina|boost
|-boost|p1a: Archaludon|def|1
|faint|p1b: Electabuzz
|move|p1a: Archaludon|Flash Cannon|p2b: Farigiraf
|-supereffective|p2b: Farigiraf
|-damage|p2b: Farigiraf|40/100
|
|-weather|none
|upkeep
|
|t:|1757217382
|switch|p1b: Kingambit|Kingambit, L50, M|86/100
|turn|8
|
|t:|1757217396
|move|p2b: Farigiraf|Dazzling Gleam|p1a: Archaludon|[spread] p1a,p1b
|-damage|p1a: Archaludon|0 fnt
|-damage|p1b: Kingambit|49/100
|faint|p1a: Archaludon
|move|p1b: Kingambit|Kowtow Cleave|p2a: Primarina
|-resisted|p2a: Primarina
|-damage|p2a: Primarina|68/100
|move|p2a: Primarina|Moonblast|p1b: Kingambit
|-damage|p1b: Kingambit|0 fnt
|faint|p1b: Kingambit
|
|win|U lost da game
||harogods is ready for game 2.
|inactive|U lost da game has 30 seconds to confirm battle start!
||U lost da game is ready for game 2.
|uhtml|next|Next: Game 2 of 3
|l|☆harogods
|player|p1|
