|j|â˜†Frisk Azzy
|j|â˜†LittleSunLight
|html|Frisk AzzyLittleSunLight    
|uhtml|bestof|Game 3 of a best-of-3
|t:|1783893639
|gametype|doubles
|player|p1|Frisk Azzy|riley|
|player|p2|LittleSunLight|beauty|
|gen|9
|tier|[Gen 9 Champions] VGC 2026 Reg M-B (Bo3)
|rule|Species Clause: Limit one of each PokÃ©mon
|rule|Item Clause: Limit 1 of each item
|clearpoke
|poke|p1|Charizard, L50, M, shiny|
|poke|p1|Venusaur, L50, M|
|poke|p1|Whimsicott, L50, M|
|poke|p1|Luxray, L50, M, shiny|
|poke|p1|Aegislash, L50, M|
|poke|p1|Garchomp, L50, F, shiny|
|poke|p2|Dragonite, L50, F, shiny|
|poke|p2|Froslass, L50, F|
|poke|p2|Sneasler, L50, M|
|poke|p2|Arcanine-Hisui, L50, M|
|poke|p2|Basculegion, L50, M|
|poke|p2|Kingambit, L50, F|
|teampreview|4
|showteam|p1|Charizard||CharizarditeY|SolarPower|HeatWave,Protect,SolarBeam,AirSlash|Timid||M|||50|]Venusaur||LifeOrb|Chlorophyll|GigaDrain,SludgeBomb,Protect,EarthPower|Modest||M|||50|]Whimsicott||FocusSash|Prankster|Moonblast,Tailwind,Taunt,SunnyDay|Timid||M|||50|]Luxray||SitrusBerry|Intimidate|Crunch,WildCharge,Protect,VoltSwitch|Sassy||M|||50|]Aegislash||SpellTag|StanceChange|IronHead,KingsShield,WideGuard,ShadowSneak|Adamant||M|||50|]Garchomp||YacheBerry|RoughSkin|DragonClaw,Protect,Earthquake,RockSlide|Jolly||F|||50|
|showteam|p2|Dragonite||Dragoninite|Multiscale|Protect,Tailwind,DragonPulse,Flamethrower|Modest||F|||50|]Froslass||Froslassite|CursedBody|Protect,Blizzard,ShadowBall,AuroraVeil|Timid||F|||50|]Sneasler||WhiteHerb|Unburden|Protect,CloseCombat,DireClaw,FakeOut|Jolly||M|||50|]Arcanine-Hisui||FocusSash|RockHead|FlareBlitz,HeadSmash,RockSlide,ExtremeSpeed|Jolly||M|||50|]Basculegion||LifeOrb|Adaptability|Protect,WaveCrash,AquaJet,LastRespects|Adamant||M|||50|]Kingambit||ChopleBerry|Defiant|Protect,KowtowCleave,IronHead,SuckerPunch|Adamant||F|||50|
|inactive|Battle timer is ON: inactive players will automatically lose when time's up. (requested by LittleSunLight)
|
|t:|1783893663
|teamsize|p1|4
|teamsize|p2|4
|start
|switch|p1a: Dr While|Whimsicott, L50, M|100/100
|switch|p1b: Bow|Garchomp, L50, F, shiny|100/100
|switch|p2a: Helix!|Dragonite, L50, F, shiny|100/100
|switch|p2b: Mochi|Sneasler, L50, M|100/100
|turn|1
|inactive|LittleSunLight has 30 seconds left.
|inactive|LittleSunLight has 20 seconds left.
|
|t:|1783893701
|switch|p1a: Hexcalibern|Aegislash, L50, M|100/100
|move|p2b: Mochi|Fake Out|p1b: Bow
|-damage|p1b: Bow|85/100
|-damage|p2b: Mochi|87/100|[from] ability: Rough Skin|[of] p1b: Bow
|cant|p1b: Bow|flinch
|move|p2a: Helix!|Flamethrower|p1a: Hexcalibern
|-supereffective|p1a: Hexcalibern|1
|-damage|p1a: Hexcalibern|61/100
|-status|p1a: Hexcalibern|brn
|
|-damage|p1a: Hexcalibern|55/100 brn|[from] brn
|upkeep
|turn|2
|inactive|Frisk Azzy has 30 seconds left.
|inactive|LittleSunLight has 30 seconds left.
|inactive|LittleSunLight has 20 seconds left.
|inactive|LittleSunLight has 15 seconds left.
|
|t:|1783893745
|move|p1a: Hexcalibern|King's Shield|p1a: Hexcalibern
|-singleturn|p1a: Hexcalibern|Protect
|move|p2b: Mochi|Close Combat|p1b: Bow
|-damage|p1b: Bow|26/100
|-unboost|p2b: Mochi|def|1
|-unboost|p2b: Mochi|spd|1
|-damage|p2b: Mochi|75/100|[from] ability: Rough Skin|[of] p1b: Bow
|-enditem|p2b: Mochi|White Herb
|-clearnegativeboost|p2b: Mochi|[silent]
|move|p1b: Bow|Earthquake|p2a: Helix!|[spread] p2b
|-activate|p1a: Hexcalibern|move: Protect
|-immune|p2a: Helix!
|-supereffective|p2b: Mochi|1
|-damage|p2b: Mochi|0 fnt
|faint|p2b: Mochi
|move|p2a: Helix!|Flamethrower|p1a: Hexcalibern
|-activate|p1a: Hexcalibern|move: Protect
|
|-damage|p1a: Hexcalibern|49/100 brn|[from] brn
|upkeep
|
|t:|1783893769
|switch|p2b: Frisk|Arcanine-Hisui, L50, M|100/100
|turn|3
|inactiveoff|Battle timer is now OFF.
|c|â˜†LittleSunLight|one sec boss is giving orders lol
|c|â˜†Frisk Azzy|No worries
|
|t:|1783893850
|move|p2b: Frisk|Extreme Speed|p1b: Bow
|-damage|p1b: Bow|1/100
|-damage|p2b: Frisk|87/100|[from] ability: Rough Skin|[of] p1b: Bow
|-formechange|p1a: Hexcalibern|Aegislash-Blade|
|move|p1a: Hexcalibern|Shadow Sneak|p2a: Helix!
|-damage|p2a: Helix!|92/100
|move|p1b: Bow|Rock Slide|p2a: Helix!|[spread] p2a,p2b
|-supereffective|p2a: Helix!|1
|-supereffective|p2b: Frisk|1
|-damage|p2a: Helix!|48/100
|-damage|p2b: Frisk|38/100
|move|p2a: Helix!|Flamethrower|p1a: Hexcalibern
|-supereffective|p1a: Hexcalibern|1
|-damage|p1a: Hexcalibern|0 fnt
|faint|p1a: Hexcalibern
|
|upkeep
|
|t:|1783893866
|switch|p1a: Dr While|Whimsicott, L50, M|100/100
|turn|4
|c|â˜†LittleSunLight|nooo again
|
|t:|1783893915
|move|p1b: Bow|Protect|p1b: Bow
|-singleturn|p1b: Bow|Protect
|move|p2b: Frisk|Extreme Speed|p1b: Bow
|-activate|p1b: Bow|move: Protect
|move|p1a: Dr While|Taunt|p2a: Helix!
|-start|p2a: Helix!|move: Taunt
|cant|p2a: Helix!|move: Taunt|Tailwind
|
|upkeep
|turn|5
|
|t:|1783893939
|move|p2b: Frisk|Extreme Speed|p1b: Bow
|-damage|p1b: Bow|0 fnt
|-damage|p2b: Frisk|26/100|[from] ability: Rough Skin|[of] p1b: Bow
|faint|p1b: Bow
|move|p1a: Dr While|Tailwind|p1a: Dr While
|-sidestart|p1: Frisk Azzy|move: Tailwind
|move|p2a: Helix!|Flamethrower|p1a: Dr While
|-supereffective|p1a: Dr While|1
|-damage|p1a: Dr While|4/100
|
|upkeep
|
|t:|1783893950
|switch|p1b: Dragonoid|Charizard, L50, M, shiny|100/100
|turn|6
|
|t:|1783893990
|detailschange|p1b: Dragonoid|Charizard-Mega-Y, L50, M, shiny
|-mega|p1b: Dragonoid|Charizard|Charizardite Y
|-weather|SunnyDay|[from] ability: Drought|[of] p1b: Dragonoid
|move|p2b: Frisk|Extreme Speed|p1a: Dr While
|-damage|p1a: Dr While|0 fnt
|faint|p1a: Dr While
|move|p1b: Dragonoid|Heat Wave|p2a: Helix!|[spread] p2a
|-miss|p1b: Dragonoid|p2b: Frisk
|-resisted|p2a: Helix!|1
|-damage|p2a: Helix!|14/100
|move|p2a: Helix!|Flamethrower|p1b: Dragonoid
|-resisted|p1b: Dragonoid|1
|-damage|p1b: Dragonoid|76/100
|
|-weather|SunnyDay|[upkeep]
|-end|p2a: Helix!|move: Taunt
|upkeep
|turn|7
|
|t:|1783894025
|move|p1b: Dragonoid|Heat Wave|p2a: Helix!|[spread] p2a,p2b
|-resisted|p2a: Helix!|1
|-resisted|p2b: Frisk|2
|-damage|p2a: Helix!|0 fnt
|-damage|p2b: Frisk|6/100
|faint|p2a: Helix!
|move|p2b: Frisk|Rock Slide|p1b: Dragonoid
|-supereffective|p1b: Dragonoid|2
|-damage|p1b: Dragonoid|0 fnt
|faint|p1b: Dragonoid
|
|win|LittleSunLight
|c|â˜†LittleSunLight|ggs
|c|â˜†Frisk Azzy|Ggwp
|l|â˜†Frisk Azzy
|player|p1|
