|j|☆AncientFuture
|j|☆L1onHeart10
|html|AncientFutureL1onHeart10    
|uhtml|bestof|Game 1 of a best-of-3
|t:|1783552051
|gametype|doubles
|player|p1|AncientFuture|benga|
|player|p2|L1onHeart10|cyclist-gen4|
|gen|9
|tier|[Gen 9 Champions] VGC 2026 Reg M-B (Bo3)
|rule|Species Clause: Limit one of each Pokémon
|rule|Item Clause: Limit 1 of each item
|clearpoke
|poke|p1|Blaziken, L50, F|
|poke|p1|Aerodactyl, L50, F|
|poke|p1|Kingambit, L50, F|
|poke|p1|Basculegion, L50, M|
|poke|p1|Sylveon, L50, M|
|poke|p1|Torkoal, L50, M|
|poke|p2|Grimmsnarl, L50, M|
|poke|p2|Swampert, L50, M|
|poke|p2|Pelipper, L50, M|
|poke|p2|Archaludon, L50, M|
|poke|p2|Sinistcha, L50|
|poke|p2|Metagross, L50|
|teampreview|4
|showteam|p1|Blaziken||Blazikenite|SpeedBoost|FlareBlitz,CloseCombat,Protect,RockSlide|Adamant||F|||50|]Aerodactyl||Aerodactylite|Unnerve|RockSlide,DualWingbeat,IceFang,Tailwind|Jolly||F|||50|]Kingambit||LifeOrb|Defiant|KowtowCleave,Protect,IronHead,SuckerPunch|Adamant||F|||50|]Basculegion||FocusSash|Adaptability|Liquidation,Protect,LastRespects,AquaJet|Adamant||M|||50|]Sylveon||FairyFeather|Pixilate|HyperVoice,Moonblast,QuickAttack,Protect|Modest||M|||50|]Torkoal||Leftovers|Drought|BurningJealousy,WeatherBall,Protect,Yawn|Relaxed||M|||50|
|showteam|p2|Grimmsnarl||LightClay|Prankster|FoulPlay,PartingShot,Reflect,LightScreen|Calm||M|||50|]Swampert||Swampertite|Damp|WaveCrash,Earthquake,IcePunch,Protect|Adamant||M|||50|]Pelipper||SitrusBerry|Drizzle|Hurricane,WeatherBall,Tailwind,WideGuard|Modest||M|||50|]Archaludon||Leftovers|Stamina|ElectroShot,DragonPulse,FlashCannon,Protect|Modest||M|||50|]Sinistcha||CobaBerry|Hospitality|MatchaGotcha,RagePowder,TrickRoom,Protect|Relaxed|||||50|]Metagross||Metagrossite|ClearBody|IronHead,PsychicFangs,BodyPress,Protect|Jolly|||||50|
|c|☆AncientFuture|glhf
|c|☆L1onHeart10|u too
|j| TemporalDonut
|j| Evelyie
|
|t:|1783552165
|teamsize|p1|4
|teamsize|p2|4
|start
|switch|p1a: Blaziken|Blaziken, L50, F|100/100
|switch|p1b: Kingambit|Kingambit, L50, F|100/100
|switch|p2a: Grimmsnarl|Grimmsnarl, L50, M|100/100
|switch|p2b: Swampert|Swampert, L50, M|100/100
|turn|1
|c| Evelyie|blazebish... now its blazegambit...
|
|t:|1783552182
|detailschange|p2b: Swampert|Swampert-Mega, L50, M
|-mega|p2b: Swampert|Swampert|Swampertite
|move|p1a: Blaziken|Protect|p1a: Blaziken
|-singleturn|p1a: Blaziken|Protect
|move|p2a: Grimmsnarl|Reflect|p2a: Grimmsnarl
|-sidestart|p2: L1onHeart10|Reflect
|move|p2b: Swampert|Earthquake|p1a: Blaziken|[spread] p2a,p1b
|-activate|p1a: Blaziken|move: Protect
|-supereffective|p1b: Kingambit|1
|-damage|p2a: Grimmsnarl|67/100
|-damage|p1b: Kingambit|33/100
|move|p1b: Kingambit|Iron Head|p2a: Grimmsnarl
|-supereffective|p2a: Grimmsnarl|1
|-damage|p2a: Grimmsnarl|0 fnt
|faint|p2a: Grimmsnarl
|-damage|p1b: Kingambit|24/100|[from] item: Life Orb
|
|-ability|p1a: Blaziken|Speed Boost|boost
|-boost|p1a: Blaziken|spe|1
|upkeep
|
|t:|1783552193
|switch|p2a: Pelipper|Pelipper, L50, M|100/100
|-weather|RainDance|[from] ability: Drizzle|[of] p2a: Pelipper
|turn|2
|
|t:|1783552213
|switch|p1b: Torkoal|Torkoal, L50, M|100/100
|-weather|SunnyDay|[from] ability: Drought|[of] p1b: Torkoal
|detailschange|p1a: Blaziken|Blaziken-Mega, L50, F
|-mega|p1a: Blaziken|Blaziken|Blazikenite
|move|p1a: Blaziken|Close Combat|p2b: Swampert
|-damage|p2b: Swampert|55/100
|-unboost|p1a: Blaziken|def|1
|-unboost|p1a: Blaziken|spd|1
|move|p2b: Swampert|Earthquake|p1b: Torkoal|[spread] p1a,p1b
|-immune|p2a: Pelipper
|-supereffective|p1a: Blaziken|1
|-supereffective|p1b: Torkoal|1
|-damage|p1a: Blaziken|0 fnt
|-damage|p1b: Torkoal|35/100
|faint|p1a: Blaziken
|move|p2a: Pelipper|Tailwind|p2a: Pelipper
|-sidestart|p2: L1onHeart10|move: Tailwind
|
|-weather|SunnyDay|[upkeep]
|-heal|p1b: Torkoal|41/100|[from] item: Leftovers
|upkeep
|
|t:|1783552231
|switch|p1a: Kingambit|Kingambit, L50, F|24/100
|turn|3
|
|t:|1783552239
|move|p1a: Kingambit|Protect|p1a: Kingambit
|-singleturn|p1a: Kingambit|Protect
|move|p1b: Torkoal|Protect|p1b: Torkoal
|-singleturn|p1b: Torkoal|Protect
|move|p2a: Pelipper|Wide Guard|p2a: Pelipper
|-singleturn|p2a: Pelipper|Wide Guard
|move|p2b: Swampert|Earthquake|p1a: Kingambit|[spread] 
|-activate|p2a: Pelipper|move: Wide Guard
|-activate|p1a: Kingambit|move: Protect
|-activate|p1b: Torkoal|move: Protect
|
|-weather|SunnyDay|[upkeep]
|-heal|p1b: Torkoal|47/100|[from] item: Leftovers
|upkeep
|turn|4
|
|t:|1783552259
|move|p2a: Pelipper|Wide Guard|p2a: Pelipper
|-singleturn|p2a: Pelipper|Wide Guard
|move|p1a: Kingambit|Sucker Punch|p2b: Swampert
|-damage|p2b: Swampert|24/100
|-damage|p1a: Kingambit|14/100|[from] item: Life Orb
|move|p2b: Swampert|Earthquake|p1a: Kingambit|[spread] p1a,p1b
|-activate|p2a: Pelipper|move: Wide Guard
|-supereffective|p1a: Kingambit|1
|-supereffective|p1b: Torkoal|1
|-damage|p1a: Kingambit|0 fnt
|-damage|p1b: Torkoal|0 fnt
|faint|p1a: Kingambit
|faint|p1b: Torkoal
|
|-weather|SunnyDay|[upkeep]
|upkeep
|
|t:|1783552269
|switch|p1a: Basculegion|Basculegion, L50, M|100/100
|turn|5
|
|t:|1783552290
|switch|p2a: Archaludon|Archaludon, L50, M|100/100
|move|p2b: Swampert|Protect|p2b: Swampert
|-singleturn|p2b: Swampert|Protect
|move|p1a: Basculegion|Protect||[still]
|-fail|p1a: Basculegion
|
|-weather|SunnyDay|[upkeep]
|-sideend|p2: L1onHeart10|move: Tailwind
|upkeep
|turn|6
|
|t:|1783552300
|switch|p2b: Pelipper|Pelipper, L50, M|100/100
|-weather|RainDance|[from] ability: Drizzle|[of] p2b: Pelipper
|move|p1a: Basculegion|Protect|p1a: Basculegion
|-singleturn|p1a: Basculegion|Protect
|move|p2a: Archaludon|Electro Shot||[still]
|-prepare|p2a: Archaludon|Electro Shot
|-boost|p2a: Archaludon|spa|1
|-anim|p2a: Archaludon|Electro Shot|p1a: Basculegion
|-activate|p1a: Basculegion|move: Protect
|
|-weather|RainDance|[upkeep]
|upkeep
|turn|7
|
|t:|1783552313
|move|p1a: Basculegion|Last Respects|p2a: Archaludon
|-damage|p2a: Archaludon|31/100
|-ability|p2a: Archaludon|Stamina|boost
|-boost|p2a: Archaludon|def|1
|move|p2a: Archaludon|Electro Shot||[still]
|-prepare|p2a: Archaludon|Electro Shot
|-boost|p2a: Archaludon|spa|1
|-anim|p2a: Archaludon|Electro Shot|p1a: Basculegion
|-supereffective|p1a: Basculegion|1
|-enditem|p1a: Basculegion|Focus Sash
|-damage|p1a: Basculegion|1/100
|move|p2b: Pelipper|Tailwind|p2b: Pelipper
|-sidestart|p2: L1onHeart10|move: Tailwind
|
|-weather|RainDance|[upkeep]
|-heal|p2a: Archaludon|37/100|[from] item: Leftovers
|upkeep
|turn|8
|l| Evelyie
|
|t:|1783552328
|move|p1a: Basculegion|Aqua Jet|p2a: Archaludon
|-resisted|p2a: Archaludon|1
|-damage|p2a: Archaludon|29/100
|-ability|p2a: Archaludon|Stamina|boost
|-boost|p2a: Archaludon|def|1
|move|p2a: Archaludon|Electro Shot||[still]
|-prepare|p2a: Archaludon|Electro Shot
|-boost|p2a: Archaludon|spa|1
|-anim|p2a: Archaludon|Electro Shot|p1a: Basculegion
|-supereffective|p1a: Basculegion|1
|-damage|p1a: Basculegion|0 fnt
|faint|p1a: Basculegion
|
|win|L1onHeart10
|j| Evelyie
||AncientFuture is ready for game 2.
||L1onHeart10 is ready for game 2.
|uhtml|next|Next: Game 2 of 3
|j| LookersCooking
|l| Evelyie
|l| LookersCooking
|l| TemporalDonut
|j| TemporalDonut
|l| TemporalDonut
