|j|☆Colonelpaco
|j|☆viatles
|html|Colonelpacoviatles    
|uhtml|bestof|Game 2 of a best-of-3
|t:|1757629639
|gametype|doubles
|player|p1|Colonelpaco|266|1035
|player|p2|viatles|hiker|1031
|gen|9
|tier|[Gen 9] VGC 2025 Reg H (Bo3)
|rated|
|rule|Species Clause: Limit one of each Pokémon
|rule|Item Clause: Limit 1 of each item
|clearpoke
|poke|p1|Sneasler, L50, F|
|poke|p1|Dragapult, L50, M|
|poke|p1|Primarina, L50, M|
|poke|p1|Rillaboom, L50, M|
|poke|p1|Kingambit, L50, M|
|poke|p1|Magmar, L50, F|
|poke|p2|Scizor, L50, M|
|poke|p2|Talonflame, L50, M|
|poke|p2|Rillaboom, L50, F|
|poke|p2|Garchomp, L50, F|
|poke|p2|Kilowattrel, L50, M|
|poke|p2|Garganacl, L50, M|
|teampreview|4
|showteam|p1|Sneasler||FocusSash|Unburden|CloseCombat,DireClaw,FakeOut,Protect|||F|||50|,,,,,Stellar]Dragapult||ChoiceBand|ClearBody|DragonDarts,TeraBlast,PhantomForce,Uturn|||M|||50|,,,,,Ghost]Primarina||SitrusBerry|LiquidVoice|HyperVoice,Moonblast,Haze,Protect|||M|||50|,,,,,Water]Rillaboom||AssaultVest|GrassySurge|WoodHammer,GrassyGlide,HighHorsepower,FakeOut|||M|||50|,,,,,Fire]Kingambit||BlackGlasses|Defiant|KowtowCleave,SuckerPunch,SwordsDance,Protect|||M|||50|,,,,,Ghost]Magmar||Eviolite|VitalSpirit|Overheat,WillOWisp,FollowMe,Protect|||F|||50|,,,,,Ghost
|showteam|p2|Scizor||LifeOrb|Technician|BulletPunch,BugBite,DualWingbeat,Protect|||M|||50|,,,,,Fire]Talonflame||CovertCloak|GaleWings|DualWingbeat,Tailwind,Taunt,FlareBlitz|||M|||50|,,,,,Flying]Rillaboom||AssaultVest|GrassySurge|FakeOut,GrassyGlide,Uturn,WoodHammer|||F|||50|,,,,,Fairy]Garchomp||ClearAmulet|RoughSkin|IronHead,Earthquake,DragonClaw,Protect|||F|||50|,,,,,Steel]Kilowattrel||FocusSash|Competitive|Discharge,AirSlash,Tailwind,Protect|||M|||50|,,,,,Fairy]Garganacl||Leftovers|PurifyingSalt|SaltCure,Recover,Protect,RockSlide|||M|||50|,,,,,Grass
|inactive|Battle timer is ON: inactive players will automatically lose when time's up. (requested by Colonelpaco)
|
|t:|1757629658
|teamsize|p1|4
|teamsize|p2|4
|start
|switch|p1a: Kingambit|Kingambit, L50, M|100/100
|switch|p1b: Primarina|Primarina, L50, M|100/100
|switch|p2a: Talonflame|Talonflame, L50, M|100/100
|switch|p2b: Garchomp|Garchomp, L50, F|100/100
|turn|1
|
|t:|1757629671
|-terastallize|p1b: Primarina|Water
|move|p1a: Kingambit|Protect|p1a: Kingambit
|-singleturn|p1a: Kingambit|Protect
|move|p2a: Talonflame|Tailwind|p2a: Talonflame
|-sidestart|p2: viatles|move: Tailwind
|move|p2b: Garchomp|Earthquake|p1a: Kingambit|[spread] p1b
|-activate|p1a: Kingambit|move: Protect
|-immune|p2a: Talonflame
|-damage|p1b: Primarina|55/100
|move|p1b: Primarina|Hyper Voice|p2a: Talonflame|[spread] p2a,p2b
|-supereffective|p2a: Talonflame
|-damage|p2a: Talonflame|0 fnt
|-damage|p2b: Garchomp|53/100
|faint|p2a: Talonflame
|
|upkeep
|
|t:|1757629685
|switch|p2a: Scizor|Scizor, L50, M|100/100
|turn|2
|
|t:|1757629701
|switch|p1b: Rillaboom|Rillaboom, L50, M|100/100
|-fieldstart|move: Grassy Terrain|[from] ability: Grassy Surge|[of] p1b: Rillaboom
|move|p2b: Garchomp|Protect|p2b: Garchomp
|-singleturn|p2b: Garchomp|Protect
|move|p2a: Scizor|Bug Bite|p1b: Rillaboom
|-supereffective|p1b: Rillaboom
|-damage|p1b: Rillaboom|0 fnt
|faint|p1b: Rillaboom
|-damage|p2a: Scizor|91/100|[from] item: Life Orb
|move|p1a: Kingambit|Swords Dance|p1a: Kingambit
|-boost|p1a: Kingambit|atk|2
|
|-heal|p2b: Garchomp|59/100|[from] Grassy Terrain
|-heal|p2a: Scizor|97/100|[from] Grassy Terrain
|upkeep
|
|t:|1757629715
|switch|p1b: Sneasler|Sneasler, L50, F|100/100
|turn|3
|
|t:|1757629729
|move|p2a: Scizor|Protect|p2a: Scizor
|-singleturn|p2a: Scizor|Protect
|move|p1b: Sneasler|Fake Out|p2a: Scizor
|-activate|p2a: Scizor|move: Protect
|move|p1a: Kingambit|Sucker Punch|p2b: Garchomp
|-damage|p2b: Garchomp|0 fnt
|-damage|p1a: Kingambit|88/100|[from] ability: Rough Skin|[of] p2b: Garchomp
|faint|p2b: Garchomp
|
|-heal|p2a: Scizor|100/100|[from] Grassy Terrain
|-heal|p1a: Kingambit|94/100|[from] Grassy Terrain
|upkeep
|
|t:|1757629740
|switch|p2b: Garganacl|Garganacl, L50, M|100/100
|turn|4
|
|t:|1757629752
|move|p1a: Kingambit|Protect|p1a: Kingambit
|-singleturn|p1a: Kingambit|Protect
|move|p1b: Sneasler|Close Combat|p2b: Garganacl
|-supereffective|p2b: Garganacl
|-damage|p2b: Garganacl|15/100
|-unboost|p1b: Sneasler|def|1
|-unboost|p1b: Sneasler|spd|1
|move|p2a: Scizor|Dual Wingbeat|p1b: Sneasler
|-supereffective|p1b: Sneasler
|-enditem|p1b: Sneasler|Focus Sash
|-damage|p1b: Sneasler|1/100
|-supereffective|p1b: Sneasler
|-damage|p1b: Sneasler|0 fnt
|faint|p1b: Sneasler
|-hitcount|p1: Sneasler|2
|-damage|p2a: Scizor|91/100|[from] item: Life Orb
|move|p2b: Garganacl|Recover|p2b: Garganacl
|-heal|p2b: Garganacl|66/100
|
|-heal|p2a: Scizor|97/100|[from] Grassy Terrain
|-heal|p2b: Garganacl|72/100|[from] Grassy Terrain
|-heal|p2b: Garganacl|77/100|[from] item: Leftovers
|-heal|p1a: Kingambit|100/100|[from] Grassy Terrain
|-sideend|p2: viatles|move: Tailwind
|upkeep
|
|t:|1757629772
|switch|p1b: Primarina|Primarina, L50, M, tera:Water|55/100
|turn|5
|
|t:|1757629782
|-terastallize|p2b: Garganacl|Grass
|move|p1a: Kingambit|Sucker Punch|p2a: Scizor
|-damage|p2a: Scizor|0 fnt
|faint|p2a: Scizor
|move|p1b: Primarina|Hyper Voice|p2b: Garganacl
|-resisted|p2b: Garganacl
|-damage|p2b: Garganacl|60/100
|move|p2b: Garganacl|Salt Cure|p1a: Kingambit
|-resisted|p1a: Kingambit
|-damage|p1a: Kingambit|95/100
|-start|p1a: Kingambit|Salt Cure
|
|-heal|p1b: Primarina|61/100|[from] Grassy Terrain
|-heal|p1a: Kingambit|100/100|[from] Grassy Terrain
|-heal|p2b: Garganacl|66/100|[from] Grassy Terrain
|-heal|p2b: Garganacl|72/100|[from] item: Leftovers
|-damage|p1a: Kingambit|76/100|[from] Salt Cure
|upkeep
|turn|6
|
|t:|1757629799
|move|p1b: Primarina|Moonblast|p2b: Garganacl
|-damage|p2b: Garganacl|43/100
|-unboost|p2b: Garganacl|spa|1
|move|p1a: Kingambit|Kowtow Cleave|p2b: Garganacl
|-damage|p2b: Garganacl|0 fnt
|faint|p2b: Garganacl
|
|win|Colonelpaco
||Colonelpaco is ready for game 3.
|inactive|viatles has 30 seconds to confirm battle start!
||viatles is ready for game 3.
|uhtml|next|Next: Game 3 of 3
|l|☆viatles
|player|p2|
