|j|☆Praximus
|j|☆joyfulwizard
|html|Praximusjoyfulwizard    
|uhtml|bestof|Game 1 of a best-of-3
|t:|1785330516
|gametype|doubles
|player|p1|Praximus|red|1239
|player|p2|joyfulwizard|cheren-gen5bw2|1364
|gen|9
|tier|[Gen 9 Champions] VGC 2026 Reg M-B (Bo3)
|rated|
|rule|Species Clause: Limit one of each Pokémon
|rule|Item Clause: Limit 1 of each item
|clearpoke
|poke|p1|Staraptor, L50, M, shiny|
|poke|p1|Milotic, L50, M|
|poke|p1|Tyranitar, L50, M|
|poke|p1|Excadrill, L50, M|
|poke|p1|Gholdengo, L50|
|poke|p1|Venusaur, L50, M|
|poke|p2|Charizard, L50, M|
|poke|p2|Glimmora, L50, M|
|poke|p2|Whimsicott, L50, F|
|poke|p2|Ninetales-Alola, L50, F|
|poke|p2|Kingambit, L50, M|
|poke|p2|Kommo-o, L50, M|
|teampreview|4
|showteam|p1|Staraptor||Staraptite|Intimidate|BraveBird,CloseCombat,Tailwind,Protect|Jolly||M|||50|]Milotic||Leftovers|Competitive|Scald,IcyWind,IceBeam,Recover|Calm||M|||50|]Tyranitar||ChoiceScarf|SandStream|RockSlide,KnockOff,BrickBreak,IcePunch|Jolly||M|||50|]Excadrill||FocusSash|SandRush|StompingTantrum,IronHead,RockSlide,Protect|Adamant||M|||50|]Gholdengo||LifeOrb|GoodasGold|MakeItRain,ShadowBall,Thunderbolt,Protect|Serious|||||50|]Venusaur||Venusaurite|Chlorophyll|SludgeBomb,GigaDrain,EarthPower,Protect|Modest||M|||50|
|showteam|p2|Charizard||CharizarditeY|Blaze|HeatWave,WeatherBall,SolarBeam,Protect|Modest||M|||50|]Glimmora||Glimmoranite|ToxicDebris|SludgeBomb,PowerGem,EarthPower,SpikyShield|Modest||M|||50|]Whimsicott||FocusSash|Prankster|Moonblast,Tailwind,Encore,Protect|Timid||F|||50|]Ninetales-Alola||NeverMeltIce|SnowWarning|Blizzard,FreezeDry,Disable,Protect|Timid||F|||50|]Kingambit||BlackGlasses|Defiant|KowtowCleave,SuckerPunch,IronHead,Protect|Adamant||M|||50|]Kommo-o||LifeOrb|Overcoat|ClangingScales,AuraSphere,VacuumWave,Protect|Modest||M|||50|
|inactive|Battle timer is ON: inactive players will automatically lose when time's up. (requested by Praximus)
|inactive|Praximus has 60 seconds left.
|inactive|joyfulwizard has 60 seconds left.
|
|t:|1785330557
|teamsize|p1|4
|teamsize|p2|4
|start
|switch|p1a: Milotic|Milotic, L50, M|100/100
|switch|p1b: Venusaur|Venusaur, L50, M|100/100
|switch|p2a: Whimsicott|Whimsicott, L50, F|100/100
|switch|p2b: Kommo-o|Kommo-o, L50, M|100/100
|turn|1
|inactive|Praximus has 30 seconds left.
|inactive|joyfulwizard has 30 seconds left.
|
|t:|1785330585
|switch|p2b: Charizard|Charizard, L50, M|100/100
|move|p2a: Whimsicott|Protect|p2a: Whimsicott
|-singleturn|p2a: Whimsicott|Protect
|move|p1b: Venusaur|Sludge Bomb|p2a: Whimsicott
|-activate|p2a: Whimsicott|move: Protect
|move|p1a: Milotic|Icy Wind|p2b: Charizard|[spread] 
|-activate|p2a: Whimsicott|move: Protect
|-miss|p1a: Milotic|p2b: Charizard
|
|upkeep
|turn|2
|
|t:|1785330610
|detailschange|p2b: Charizard|Charizard-Mega-Y, L50, M
|-mega|p2b: Charizard|Charizard|Charizardite Y
|-weather|SunnyDay|[from] ability: Drought|[of] p2b: Charizard
|move|p1b: Venusaur|Protect|p1b: Venusaur
|-singleturn|p1b: Venusaur|Protect
|move|p2a: Whimsicott|Tailwind|p2a: Whimsicott
|-sidestart|p2: joyfulwizard|move: Tailwind
|move|p2b: Charizard|Heat Wave|p1a: Milotic|[spread] p1a
|-activate|p1b: Venusaur|move: Protect
|-resisted|p1a: Milotic|1
|-damage|p1a: Milotic|79/100
|move|p1a: Milotic|Icy Wind|p2a: Whimsicott|[spread] p2a,p2b
|-supereffective|p2a: Whimsicott|1
|-damage|p2a: Whimsicott|67/100
|-damage|p2b: Charizard|90/100
|-unboost|p2a: Whimsicott|spe|1
|-unboost|p2b: Charizard|spe|1
|
|-weather|SunnyDay|[upkeep]
|-heal|p1a: Milotic|85/100|[from] item: Leftovers
|upkeep
|turn|3
|
|t:|1785330629
|switch|p1b: Tyranitar|Tyranitar, L50, M|100/100
|-weather|Sandstorm|[from] ability: Sand Stream|[of] p1b: Tyranitar
|move|p2a: Whimsicott|Encore|p1b: Tyranitar
|-hint|Since gen 7, Dark is immune to Prankster moves.
|-immune|p1b: Tyranitar
|move|p2b: Charizard|Solar Beam||[still]
|-prepare|p2b: Charizard|Solar Beam
|move|p1a: Milotic|Scald|p2b: Charizard
|-supereffective|p2b: Charizard|1
|-damage|p2b: Charizard|38/100
|
|-weather|Sandstorm|[upkeep]
|-damage|p2a: Whimsicott|61/100|[from] Sandstorm
|-damage|p2b: Charizard|32/100|[from] Sandstorm
|-damage|p1a: Milotic|79/100|[from] Sandstorm
|-heal|p1a: Milotic|85/100|[from] item: Leftovers
|upkeep
|turn|4
|
|t:|1785330646
|move|p2a: Whimsicott|Moonblast|p1b: Tyranitar
|-supereffective|p1b: Tyranitar|1
|-damage|p1b: Tyranitar|51/100
|move|p1b: Tyranitar|Rock Slide|p2b: Charizard|[spread] p2a,p2b
|-supereffective|p2b: Charizard|2
|-damage|p2a: Whimsicott|17/100
|-damage|p2b: Charizard|0 fnt
|faint|p2b: Charizard
|move|p1a: Milotic|Ice Beam|p2a: Whimsicott
|-supereffective|p2a: Whimsicott|1
|-damage|p2a: Whimsicott|0 fnt
|faint|p2a: Whimsicott
|
|-weather|Sandstorm|[upkeep]
|-damage|p1a: Milotic|79/100|[from] Sandstorm
|-heal|p1a: Milotic|85/100|[from] item: Leftovers
|upkeep
|
|t:|1785330649
|switch|p2a: Ninetales|Ninetales-Alola, L50, F|100/100
|switch|p2b: Kommo-o|Kommo-o, L50, M|100/100
|-weather|Snowscape|[from] ability: Snow Warning|[of] p2a: Ninetales
|turn|5
|inactive|joyfulwizard has 30 seconds left.
|inactive|joyfulwizard has 20 seconds left.
|
|t:|1785330689
|switch|p1b: Staraptor|Staraptor, L50, M, shiny|100/100
|-ability|p1b: Staraptor|Intimidate|boost
|-unboost|p2a: Ninetales|atk|1
|-unboost|p2b: Kommo-o|atk|1
|move|p2a: Ninetales|Freeze-Dry|p1a: Milotic
|-supereffective|p1a: Milotic|1
|-damage|p1a: Milotic|40/100
|move|p2b: Kommo-o|Clanging Scales|p1a: Milotic|[spread] p1a,p1b
|-damage|p1a: Milotic|4/100
|-damage|p1b: Staraptor|28/100
|-unboost|p2b: Kommo-o|def|1
|-damage|p2b: Kommo-o|90/100|[from] item: Life Orb
|move|p1a: Milotic|Icy Wind|p2b: Kommo-o|[spread] p2a,p2b
|-resisted|p2a: Ninetales|1
|-supereffective|p2b: Kommo-o|1
|-damage|p2a: Ninetales|93/100
|-damage|p2b: Kommo-o|67/100
|-unboost|p2a: Ninetales|spe|1
|-unboost|p2b: Kommo-o|spe|1
|
|-weather|Snowscape|[upkeep]
|-heal|p1a: Milotic|10/100|[from] item: Leftovers
|-sideend|p2: joyfulwizard|move: Tailwind
|upkeep
|turn|6
|inactive|Praximus has 30 seconds left.
|
|t:|1785330719
|move|p2b: Kommo-o|Protect|p2b: Kommo-o
|-singleturn|p2b: Kommo-o|Protect
|move|p1b: Staraptor|Tailwind|p1b: Staraptor
|-sidestart|p1: Praximus|move: Tailwind
|move|p1a: Milotic|Ice Beam|p2b: Kommo-o
|-activate|p2b: Kommo-o|move: Protect
|move|p2a: Ninetales|Blizzard|p1a: Milotic|[spread] p1a,p1b
|-resisted|p1a: Milotic|1
|-supereffective|p1b: Staraptor|1
|-damage|p1a: Milotic|0 fnt
|-damage|p1b: Staraptor|0 fnt
|faint|p1a: Milotic
|faint|p1b: Staraptor
|
|-weather|Snowscape|[upkeep]
|upkeep
|
|t:|1785330731
|switch|p1b: Venusaur|Venusaur, L50, M|100/100
|switch|p1a: Tyranitar|Tyranitar, L50, M|51/100
|-weather|Sandstorm|[from] ability: Sand Stream|[of] p1a: Tyranitar
|turn|7
|
|t:|1785330746
|detailschange|p1b: Venusaur|Venusaur-Mega, L50, M
|-mega|p1b: Venusaur|Venusaur|Venusaurite
|move|p2a: Ninetales|Protect|p2a: Ninetales
|-singleturn|p2a: Ninetales|Protect
|move|p2b: Kommo-o|Vacuum Wave|p1a: Tyranitar
|-supereffective|p1a: Tyranitar|2
|-damage|p1a: Tyranitar|0 fnt
|faint|p1a: Tyranitar
|-damage|p2b: Kommo-o|57/100|[from] item: Life Orb
|move|p1b: Venusaur|Sludge Bomb|p2a: Ninetales
|-activate|p2a: Ninetales|move: Protect
|
|-weather|Sandstorm|[upkeep]
|-damage|p1b: Venusaur|94/100|[from] Sandstorm
|-damage|p2a: Ninetales|87/100|[from] Sandstorm
|upkeep
|turn|8
|
|t:|1785330771
|move|p1b: Venusaur|Sludge Bomb|p2a: Ninetales
|-supereffective|p2a: Ninetales|1
|-damage|p2a: Ninetales|0 fnt
|faint|p2a: Ninetales
|move|p2b: Kommo-o|Clanging Scales|p1b: Venusaur
|-damage|p1b: Venusaur|36/100
|-unboost|p2b: Kommo-o|def|1
|-damage|p2b: Kommo-o|47/100|[from] item: Life Orb
|
|-weather|Sandstorm|[upkeep]
|-damage|p1b: Venusaur|30/100|[from] Sandstorm
|upkeep
|turn|9
|
|t:|1785330785
|move|p2b: Kommo-o|Protect|p2b: Kommo-o
|-singleturn|p2b: Kommo-o|Protect
|move|p1b: Venusaur|Sludge Bomb|p2b: Kommo-o
|-activate|p2b: Kommo-o|move: Protect
|
|-weather|Sandstorm|[upkeep]
|-damage|p1b: Venusaur|24/100|[from] Sandstorm
|-sideend|p1: Praximus|move: Tailwind
|upkeep
|turn|10
|
|t:|1785330793
|move|p1b: Venusaur|Sludge Bomb|p2b: Kommo-o
|-damage|p2b: Kommo-o|0 fnt
|faint|p2b: Kommo-o
|
|win|Praximus
||Praximus is ready for game 2.
|inactive|joyfulwizard has 30 seconds to confirm battle start!
||joyfulwizard is ready for game 2.
|uhtml|next|Next: Game 2 of 3
|l|☆Praximus
|player|p1|
