|j|☆YungDungBeetle
|j|☆BeebeRock
|html|YungDungBeetleBeebeRock    
|uhtml|bestof|Game 1 of a best-of-3
|t:|1756689563
|gametype|doubles
|player|p1|YungDungBeetle|n|1000
|player|p2|BeebeRock|170|1000
|gen|9
|tier|[Gen 9] VGC 2025 Reg H (Bo3)
|rated|
|rule|Species Clause: Limit one of each Pokémon
|rule|Item Clause: Limit 1 of each item
|clearpoke
|poke|p1|Rillaboom, L50, F|
|poke|p1|Baxcalibur, L50, F|
|poke|p1|Volcarona, L50, F|
|poke|p1|Annihilape, L50, M|
|poke|p1|Garganacl, L50, F|
|poke|p1|Murkrow, L50, F|
|poke|p2|Jumpluff, L50, F|
|poke|p2|Torkoal, L50, F|
|poke|p2|Typhlosion-Hisui, L50, F|
|poke|p2|Garchomp, L50, F|
|poke|p2|Kingambit, L50, M|
|poke|p2|Dragonite, L50, F|
|teampreview|4
|showteam|p1|Rillaboom||AssaultVest|GrassySurge|WoodHammer,GrassyGlide,HighHorsepower,FakeOut|||F|||50|,,,,,Fire]Baxcalibur||LoadedDice|ThermalExchange|ScaleShot,IcicleSpear,IceShard,Protect|||F|||50|,,,,,Ghost]Volcarona||GrassySeed|FlameBody|HeatWave,QuiverDance,Protect,GigaDrain|||F|||50|,,,,,Grass]Annihilape||FocusSash|Defiant|CloseCombat,RageFist,Coaching,Protect|||M|||50|,,,,,Water]Garganacl||MarangaBerry|PurifyingSalt|Recover,WideGuard,SaltCure,BodyPress|||F|||50|,,,,,Ghost]Murkrow||CovertCloak|Prankster|BraveBird,SunnyDay,Tailwind,Haze|||F|||50|,,,,,Flying
|showteam|p2|Jumpluff||CovertCloak|Chlorophyll|LeafStorm,SleepPowder,Tailwind,Encore|||F|||50|,,,,,Poison]Torkoal||EjectPack|Drought|Overheat,Yawn,HelpingHand,Protect|||F|||50|,,,,,Flying]Typhlosion-Hisui||ChoiceSpecs|Blaze|Eruption,ShadowBall,HeatWave,Overheat|||F|||50|,,,,,Fire]Garchomp||LifeOrb|RoughSkin|DragonClaw,Earthquake,StompingTantrum,Protect|||F|||50|,,,,,Fire]Kingambit||AssaultVest|Defiant|IronHead,SuckerPunch,Assurance,LowKick|||M|||50|,,,,,Flying]Dragonite||ChoiceBand|InnerFocus|ExtremeSpeed,IceSpinner,Outrage,ScaleShot|||F|||50|,,,,,Normal
|inactive|Battle timer is ON: inactive players will automatically lose when time's up. (requested by YungDungBeetle)
|inactive|YungDungBeetle has 60 seconds left.
|inactive|BeebeRock has 60 seconds left.
|inactive|YungDungBeetle has 30 seconds left.
|inactive|YungDungBeetle has 20 seconds left.
|inactive|YungDungBeetle has 15 seconds left.
|inactive|YungDungBeetle has 10 seconds left.
|inactive|YungDungBeetle has 5 seconds left.
|
|t:|1756689652
|teamsize|p1|4
|teamsize|p2|4
|start
|switch|p1a: Garganacl|Garganacl, L50, F|100/100
|switch|p1b: BIG BODY BENZ|Baxcalibur, L50, F|100/100
|switch|p2a: Jumpluff|Jumpluff, L50, F|100/100
|switch|p2b: Torkoal|Torkoal, L50, F|100/100
|-weather|SunnyDay|[from] ability: Drought|[of] p2b: Torkoal
|turn|1
|inactive|YungDungBeetle has 30 seconds left.
|inactive|BeebeRock has 30 seconds left.
|inactive|YungDungBeetle has 20 seconds left.
|inactive|YungDungBeetle has 15 seconds left.
|
|t:|1756689694
|move|p1b: BIG BODY BENZ|Ice Shard|p2a: Jumpluff
|-supereffective|p2a: Jumpluff
|-damage|p2a: Jumpluff|0 fnt
|faint|p2a: Jumpluff
|move|p1a: Garganacl|Salt Cure|p2b: Torkoal
|-supereffective|p2b: Torkoal
|-damage|p2b: Torkoal|84/100
|-start|p2b: Torkoal|Salt Cure
|move|p2b: Torkoal|Overheat|p1a: Garganacl
|-resisted|p1a: Garganacl
|-damage|p1a: Garganacl|72/100
|-unboost|p2b: Torkoal|spa|2
|-enditem|p1a: Garganacl|Maranga Berry|[eat]
|-boost|p1a: Garganacl|spd|1|[from] item: Maranga Berry
|-enditem|p2b: Torkoal|Eject Pack
|
|t:|1756689718
|switch|p2b: Typhlosion|Typhlosion-Hisui, L50, F|100/100
|
|-weather|SunnyDay|[upkeep]
|upkeep
|
|t:|1756689730
|switch|p2a: Garchomp|Garchomp, L50, F|100/100
|turn|2
|
|t:|1756689746
|-terastallize|p2b: Typhlosion|Fire
|-terastallize|p1a: Garganacl|Ghost
|move|p2a: Garchomp|Protect|p2a: Garchomp
|-singleturn|p2a: Garchomp|Protect
|move|p1a: Garganacl|Wide Guard|p1a: Garganacl
|-singleturn|p1a: Garganacl|Wide Guard
|move|p2b: Typhlosion|Eruption|p1b: BIG BODY BENZ|[spread] 
|-activate|p1a: Garganacl|move: Wide Guard
|-activate|p1b: BIG BODY BENZ|move: Wide Guard
|move|p1b: BIG BODY BENZ|Scale Shot|p2b: Typhlosion
|-damage|p2b: Typhlosion|76/100
|-damage|p2b: Typhlosion|52/100
|-damage|p2b: Typhlosion|27/100
|-damage|p2b: Typhlosion|4/100
|-damage|p2b: Typhlosion|0 fnt
|faint|p2b: Typhlosion
|-hitcount|p2: Typhlosion|5
|-unboost|p1b: BIG BODY BENZ|def|1
|-boost|p1b: BIG BODY BENZ|spe|1
|
|-weather|SunnyDay|[upkeep]
|upkeep
|inactive|BeebeRock has 30 seconds left.
|
|t:|1756689772
|switch|p2b: Torkoal|Torkoal, L50, F|84/100
|turn|3
|
|t:|1756689784
|move|p2b: Torkoal|Protect|p2b: Torkoal
|-singleturn|p2b: Torkoal|Protect
|move|p1b: BIG BODY BENZ|Icicle Spear|p2a: Garchomp
|-supereffective|p2a: Garchomp
|-damage|p2a: Garchomp|33/100
|-supereffective|p2a: Garchomp
|-damage|p2a: Garchomp|0 fnt
|faint|p2a: Garchomp
|-hitcount|p2: Garchomp|2
|move|p1a: Garganacl|Salt Cure|p2b: Torkoal
|-activate|p2b: Torkoal|move: Protect
|
|-weather|SunnyDay|[upkeep]
|upkeep
|turn|4
|
|t:|1756689798
|move|p1b: BIG BODY BENZ|Scale Shot|p2b: Torkoal
|-damage|p2b: Torkoal|75/100
|-damage|p2b: Torkoal|65/100
|-damage|p2b: Torkoal|55/100
|-damage|p2b: Torkoal|45/100
|-hitcount|p2b: Torkoal|4
|-unboost|p1b: BIG BODY BENZ|def|1
|-boost|p1b: BIG BODY BENZ|spe|1
|move|p1a: Garganacl|Salt Cure|p2b: Torkoal
|-supereffective|p2b: Torkoal
|-damage|p2b: Torkoal|28/100
|-start|p2b: Torkoal|Salt Cure
|move|p2b: Torkoal|Overheat|p1b: BIG BODY BENZ
|-damage|p1b: BIG BODY BENZ|40/100
|-unboost|p2b: Torkoal|spa|2
|-ability|p1b: BIG BODY BENZ|Thermal Exchange|boost
|-boost|p1b: BIG BODY BENZ|atk|1
|
|-weather|SunnyDay|[upkeep]
|-damage|p2b: Torkoal|15/100|[from] Salt Cure
|upkeep
|turn|5
|inactive|YungDungBeetle has 30 seconds left.
|
|t:|1756689825
|move|p1b: BIG BODY BENZ|Ice Shard|p2b: Torkoal
|-resisted|p2b: Torkoal
|-damage|p2b: Torkoal|3/100
|move|p1a: Garganacl|Salt Cure|p2b: Torkoal
|-supereffective|p2b: Torkoal
|-damage|p2b: Torkoal|0 fnt
|faint|p2b: Torkoal
|
|win|YungDungBeetle
||BeebeRock is ready for game 2.
||YungDungBeetle is ready for game 2.
|uhtml|next|Next: Game 2 of 3
