|j|☆Luke693VGC
|j|☆Cyny
|html|Luke693VGCCyny    
|uhtml|bestof|Game 1 of a best-of-3
|t:|1756920764
|gametype|doubles
|player|p1|Luke693VGC|cyclist-gen4|1133
|player|p2|Cyny|n-masters|1000
|gen|9
|tier|[Gen 9] VGC 2025 Reg H (Bo3)
|rated|
|rule|Species Clause: Limit one of each Pokémon
|rule|Item Clause: Limit 1 of each item
|clearpoke
|poke|p1|Archaludon, L50, M|
|poke|p1|Pelipper, L50, F|
|poke|p1|Basculegion, L50, M|
|poke|p1|Amoonguss, L50, F|
|poke|p1|Incineroar, L50, F|
|poke|p1|Gholdengo, L50|
|poke|p2|Sinistcha-Masterpiece, L50|
|poke|p2|Farigiraf, L50, F|
|poke|p2|Ursaluna, L50, F|
|poke|p2|Primarina, L50, F|
|poke|p2|Emboar, L50, M|
|poke|p2|Sneasler, L50, M|
|teampreview|4
|showteam|p1|Archaludon||AssaultVest|Stamina|DragonPulse,ElectroShot,FlashCannon,BodyPress|||M|||50|,,,,,Grass]Pelipper||FocusSash|Drizzle|WeatherBall,Hurricane,Tailwind,Protect|||F|||50|,,,,,Stellar]Basculegion||ChoiceBand|SwiftSwim|WaveCrash,LastRespects,AquaJet,FlipTurn|||M|||50|,,,,,Water]Amoonguss||RockyHelmet|Regenerator|PollenPuff,RagePowder,Spore,Protect|||F|||50|,,,,,Water]Incineroar||SafetyGoggles|Intimidate|KnockOff,FakeOut,PartingShot,Taunt|||F|||50|,,,,,Ghost]Gholdengo||LifeOrb|GoodasGold|MakeItRain,ShadowBall,NastyPlot,Protect||||||50|,,,,,Water
|showteam|p2|Sinistcha-Masterpiece||RockyHelmet|Hospitality|TrickRoom,RagePowder,MatchaGotcha,ShadowBall||||||50|,,,,,Fairy]Farigiraf||SitrusBerry|ArmorTail|TwinBeam,TrickRoom,Protect,HelpingHand|||F|||50|,,,,,Normal]Ursaluna||FlameOrb|Guts|HeadlongRush,Facade,Earthquake,Protect|||F|||50|,,,,,Ground]Primarina||ThroatSpray|LiquidVoice|HyperVoice,Moonblast,Protect,Haze|||F|||50|,,,,,Steel]Emboar||ClearAmulet|Reckless|FlareBlitz,WildCharge,CloseCombat,Protect|||M|||50|,,,,,Fire]Sneasler||FocusSash|Unburden|FakeOut,DireClaw,ThroatChop,Coaching|||M|||50|,,,,,Dark
|j| roman_legend
|l| roman_legend
|inactive|Battle timer is ON: inactive players will automatically lose when time's up. (requested by Cyny)
|inactive|Luke693VGC has 60 seconds left.
|
|t:|1756920844
|teamsize|p1|4
|teamsize|p2|4
|start
|switch|p1a: Gholdengo|Gholdengo, L50|100/100
|switch|p1b: Incineroar|Incineroar, L50, F|100/100
|switch|p2a: Sneasler|Sneasler, L50, M|100/100
|switch|p2b: Farigiraf|Farigiraf, L50, F|100/100
|-ability|p1b: Incineroar|Intimidate|boost
|-unboost|p2a: Sneasler|atk|1
|-unboost|p2b: Farigiraf|atk|1
|turn|1
|inactive|Luke693VGC has 30 seconds left.
|inactive|Luke693VGC has 20 seconds left.
|inactive|Luke693VGC has 15 seconds left.
|inactive|Luke693VGC has 10 seconds left.
|
|t:|1756920890
|-terastallize|p1b: Incineroar|Ghost
|move|p2a: Sneasler|Dire Claw|p1b: Incineroar
|-resisted|p1b: Incineroar
|-damage|p1b: Incineroar|88/100
|-status|p1b: Incineroar|psn
|move|p1a: Gholdengo|Nasty Plot|p1a: Gholdengo
|-boost|p1a: Gholdengo|spa|2
|move|p1b: Incineroar|Taunt|p2b: Farigiraf
|-start|p2b: Farigiraf|move: Taunt
|cant|p2b: Farigiraf|move: Taunt|Trick Room
|
|-damage|p1b: Incineroar|75/100 psn|[from] psn
|upkeep
|turn|2
|inactive|Luke693VGC has 30 seconds left.
|inactive|Luke693VGC has 20 seconds left.
|inactive|Luke693VGC has 15 seconds left.
|inactive|Luke693VGC has 10 seconds left.
|
|t:|1756920938
|move|p2a: Sneasler|Throat Chop|p1a: Gholdengo
|-supereffective|p1a: Gholdengo
|-crit|p1a: Gholdengo
|-damage|p1a: Gholdengo|5/100
|-start|p1a: Gholdengo|Throat Chop|[silent]
|move|p1a: Gholdengo|Make It Rain|p2a: Sneasler|[spread] p2a,p2b
|-enditem|p2a: Sneasler|Focus Sash
|-damage|p2a: Sneasler|1/100
|-damage|p2b: Farigiraf|0 fnt
|-unboost|p1a: Gholdengo|spa|1
|faint|p2b: Farigiraf
|-damage|p1a: Gholdengo|0 fnt|[from] item: Life Orb
|faint|p1a: Gholdengo
|move|p1b: Incineroar|Knock Off|p2a: Sneasler
|-resisted|p2a: Sneasler
|-damage|p2a: Sneasler|0 fnt
|faint|p2a: Sneasler
|
|-damage|p1b: Incineroar|63/100 psn|[from] psn
|upkeep
|inactive|Luke693VGC has 30 seconds left.
|
|t:|1756920965
|switch|p2a: Ursaluna|Ursaluna, L50, F|100/100
|switch|p1a: Basculegion|Basculegion, L50, M|100/100
|switch|p2b: Emboar|Emboar, L50, M|100/100
|turn|3
|inactive|Luke693VGC has 30 seconds left.
|inactive|Luke693VGC has 20 seconds left.
|inactive|Luke693VGC has 15 seconds left.
|inactive|Luke693VGC has 10 seconds left.
|
|t:|1756921011
|switch|p1b: Pelipper|Pelipper, L50, F|100/100
|-weather|RainDance|[from] ability: Drizzle|[of] p1b: Pelipper
|move|p2a: Ursaluna|Protect|p2a: Ursaluna
|-singleturn|p2a: Ursaluna|Protect
|move|p1a: Basculegion|Wave Crash|p2a: Ursaluna
|-activate|p2a: Ursaluna|move: Protect
|move|p2b: Emboar|Wild Charge|p1a: Basculegion
|-supereffective|p1a: Basculegion
|-damage|p1a: Basculegion|0 fnt
|faint|p1a: Basculegion
|-damage|p2b: Emboar|78/100|[from] Recoil
|
|-weather|RainDance|[upkeep]
|-status|p2a: Ursaluna|brn|[from] item: Flame Orb
|upkeep
|
|t:|1756921026
|switch|p1a: Incineroar|Incineroar, L50, F, tera:Ghost|63/100 psn
|-ability|p1a: Incineroar|Intimidate|boost
|-unboost|p2a: Ursaluna|atk|1
|-fail|p2b: Emboar|unboost|[from] item: Clear Amulet|[of] p2b: Emboar
|turn|4
|inactive|Luke693VGC has 30 seconds left.
|inactive|Cyny has 30 seconds left.
|
|t:|1756921055
|move|p2b: Emboar|Protect|p2b: Emboar
|-singleturn|p2b: Emboar|Protect
|move|p1a: Incineroar|Fake Out|p2a: Ursaluna
|-damage|p2a: Ursaluna|92/100 brn
|move|p1b: Pelipper|Weather Ball|p2b: Emboar
|-activate|p2b: Emboar|move: Protect
|cant|p2a: Ursaluna|flinch
|
|-weather|RainDance|[upkeep]
|-damage|p1a: Incineroar|50/100 psn|[from] psn
|-damage|p2a: Ursaluna|87/100 brn|[from] brn
|upkeep
|turn|5
|
|t:|1756921077
|move|p2b: Emboar|Protect||[still]
|-fail|p2b: Emboar
|move|p1b: Pelipper|Weather Ball|p2b: Emboar
|-supereffective|p2b: Emboar
|-damage|p2b: Emboar|0 fnt
|faint|p2b: Emboar
|move|p1a: Incineroar|Knock Off|p2a: Ursaluna
|-damage|p2a: Ursaluna|58/100 brn
|-enditem|p2a: Ursaluna|Flame Orb|[from] move: Knock Off|[of] p1a: Incineroar
|move|p2a: Ursaluna|Facade|p1b: Pelipper
|-enditem|p1b: Pelipper|Focus Sash
|-damage|p1b: Pelipper|1/100
|
|-weather|RainDance|[upkeep]
|-damage|p1a: Incineroar|38/100 psn|[from] psn
|-damage|p2a: Ursaluna|52/100 brn|[from] brn
|upkeep
|turn|6
|-message|Cyny forfeited.
|
|win|Luke693VGC
