|j|☆tumtumman2
|j|☆salmoncashew
|html|tumtumman2salmoncashew    
|uhtml|bestof|Game 1 of a best-of-3
|t:|1783731115
|gametype|doubles
|player|p1|tumtumman2|170|1115
|player|p2|salmoncashew|caitlin|1224
|gen|9
|tier|[Gen 9 Champions] VGC 2026 Reg M-B (Bo3)
|rated|
|rule|Species Clause: Limit one of each Pokémon
|rule|Item Clause: Limit 1 of each item
|clearpoke
|poke|p1|Sneasler, L50, F|
|poke|p1|Delphox, L50, M|
|poke|p1|Garchomp, L50, M|
|poke|p1|Raichu, L50, F|
|poke|p1|Farigiraf, L50, M|
|poke|p1|Kingambit, L50, M|
|poke|p2|Whimsicott, L50, F|
|poke|p2|Sneasler, L50, M|
|poke|p2|Basculegion, L50, M|
|poke|p2|Incineroar, L50, M, shiny|
|poke|p2|Pyroar, L50, F, shiny|
|poke|p2|Garchomp, L50, M|
|teampreview|4
|showteam|p1|Sneasler||FocusSash|PoisonTouch|DireClaw,Protect,FakeOut,CloseCombat|Jolly||F|||50|]Delphox||Delphoxite|Blaze|HeatWave,Encore,Protect,ExpandingForce|Timid||M|||50|]Garchomp||ChoiceScarf|RoughSkin|StompingTantrum,DragonClaw,RockSlide,Earthquake|Adamant||M|||50|]Raichu||RaichuniteY|Static|Protect,GrassKnot,FocusBlast,ZapCannon|Timid||F|||50|]Farigiraf||SitrusBerry|ArmorTail|Protect,HyperVoice,PsychicTerrain,TrickRoom|Sassy||M|||50|]Kingambit||ExpertBelt|Defiant|Protect,KowtowCleave,IronHead,SuckerPunch|Brave||M|||50|
|showteam|p2|Whimsicott||FocusSash|Prankster|Protect,Tailwind,SunnyDay,Moonblast|Timid||F|||50|]Sneasler||WhiteHerb|Unburden|Protect,CloseCombat,ThroatChop,GunkShot|Adamant||M|||50|]Basculegion||ChoiceScarf|Adaptability|LastRespects,FlipTurn,WaveCrash,AquaJet|Jolly||M|||50|]Incineroar||SitrusBerry|Intimidate|FakeOut,PartingShot,ThroatChop,FlareBlitz|Adamant||M|||50|]Pyroar||Pyroarite|Unnerve|Protect,HeatWave,Overheat,SolarBeam|Timid||F|||50|]Garchomp||LifeOrb|RoughSkin|Earthquake,DragonClaw,StompingTantrum,Protect|Adamant||M|||50|
|inactive|Battle timer is ON: inactive players will automatically lose when time's up. (requested by salmoncashew)
|inactive|tumtumman2 has 60 seconds left.
|inactive|salmoncashew has 60 seconds left.
|
|t:|1783731156
|teamsize|p1|4
|teamsize|p2|4
|start
|switch|p1a: Sneasler|Sneasler, L50, F|100/100
|switch|p1b: Raichu|Raichu, L50, F|100/100
|switch|p2a: Whimsicott|Whimsicott, L50, F|100/100
|switch|p2b: Incineroar|Incineroar, L50, M, shiny|100/100
|-ability|p2b: Incineroar|Intimidate|boost
|-unboost|p1a: Sneasler|atk|1
|-unboost|p1b: Raichu|atk|1
|turn|1
|inactive|salmoncashew has 30 seconds left.
|
|t:|1783731185
|detailschange|p1b: Raichu|Raichu-Mega-Y, L50, F
|-mega|p1b: Raichu|Raichu|Raichunite Y
|move|p1a: Sneasler|Fake Out|p2b: Incineroar
|-damage|p2b: Incineroar|89/100
|cant|p2b: Incineroar|flinch
|move|p2a: Whimsicott|Tailwind|p2a: Whimsicott
|-sidestart|p2: salmoncashew|move: Tailwind
|move|p1b: Raichu|Zap Cannon|p2b: Incineroar
|-damage|p2b: Incineroar|14/100
|-status|p2b: Incineroar|par
|-enditem|p2b: Incineroar|Sitrus Berry|[eat]
|-heal|p2b: Incineroar|39/100 par|[from] item: Sitrus Berry
|
|upkeep
|turn|2
|
|t:|1783731209
|switch|p1a: Kingambit|Kingambit, L50, M|100/100
|move|p2a: Whimsicott|Moonblast|p1a: Kingambit
|-damage|p1a: Kingambit|73/100
|move|p1b: Raichu|Zap Cannon|p2a: Whimsicott
|-resisted|p2a: Whimsicott|1
|-damage|p2a: Whimsicott|52/100
|-status|p2a: Whimsicott|par
|move|p2b: Incineroar|Parting Shot|p1b: Raichu
|-unboost|p1b: Raichu|atk|1
|-unboost|p1b: Raichu|spa|1
|
|t:|1783731216
|switch|p2b: Pyroar|Pyroar, L50, F, shiny|100/100|[from] Parting Shot
|-ability|p2b: Pyroar|Unnerve
|
|upkeep
|turn|3
|
|t:|1783731235
|detailschange|p2b: Pyroar|Pyroar-Mega, L50, F, shiny
|-mega|p2b: Pyroar|Pyroar|Pyroarite
|move|p1b: Raichu|Protect|p1b: Raichu
|-singleturn|p1b: Raichu|Protect
|move|p1a: Kingambit|Protect|p1a: Kingambit
|-singleturn|p1a: Kingambit|Protect
|move|p2a: Whimsicott|Sunny Day|p2a: Whimsicott
|-weather|SunnyDay
|move|p2b: Pyroar|Heat Wave|p1a: Kingambit|[spread] 
|-activate|p1a: Kingambit|move: Protect
|-activate|p1b: Raichu|move: Protect
|
|-weather|SunnyDay|[upkeep]
|upkeep
|turn|4
|
|t:|1783731251
|switch|p1b: Garchomp|Garchomp, L50, M|100/100
|move|p1a: Kingambit|Sucker Punch|p2b: Pyroar
|-damage|p2b: Pyroar|51/100
|move|p2b: Pyroar|Heat Wave|p1a: Kingambit|[spread] p1a
|-miss|p2b: Pyroar|p1b: Garchomp
|-supereffective|p1a: Kingambit|1
|-damage|p1a: Kingambit|0 fnt
|faint|p1a: Kingambit
|move|p2a: Whimsicott|Moonblast|p1b: Garchomp
|-supereffective|p1b: Garchomp|1
|-damage|p1b: Garchomp|40/100
|
|-weather|SunnyDay|[upkeep]
|-sideend|p2: salmoncashew|move: Tailwind
|upkeep
|
|t:|1783731257
|switch|p1a: Raichu|Raichu-Mega-Y, L50, F|100/100
|turn|5
|
|t:|1783731273
|switch|p2b: Incineroar|Incineroar, L50, M, shiny|39/100 par
|-ability|p2b: Incineroar|Intimidate|boost
|-unboost|p1a: Raichu|atk|1
|-unboost|p1b: Garchomp|atk|1
|move|p2a: Whimsicott|Protect|p2a: Whimsicott
|-singleturn|p2a: Whimsicott|Protect
|move|p1b: Garchomp|Stomping Tantrum|p2b: Incineroar
|-supereffective|p2b: Incineroar|1
|-damage|p2b: Incineroar|0 fnt
|faint|p2b: Incineroar
|move|p1a: Raichu|Zap Cannon|p2a: Whimsicott
|-activate|p2a: Whimsicott|move: Protect
|
|-weather|SunnyDay|[upkeep]
|upkeep
|
|t:|1783731286
|switch|p2b: Pyroar|Pyroar-Mega, L50, F, shiny|51/100
|turn|6
|
|t:|1783731294
|switch|p1b: Sneasler|Sneasler, L50, F|100/100
|move|p1a: Raichu|Protect|p1a: Raichu
|-singleturn|p1a: Raichu|Protect
|move|p2a: Whimsicott|Tailwind|p2a: Whimsicott
|-sidestart|p2: salmoncashew|move: Tailwind
|move|p2b: Pyroar|Heat Wave|p1b: Sneasler|[spread] p1b
|-activate|p1a: Raichu|move: Protect
|-enditem|p1b: Sneasler|Focus Sash
|-damage|p1b: Sneasler|1/100
|
|-weather|SunnyDay|[upkeep]
|upkeep
|turn|7
|
|t:|1783731311
|move|p2b: Pyroar|Protect|p2b: Pyroar
|-singleturn|p2b: Pyroar|Protect
|move|p1b: Sneasler|Fake Out|p2a: Whimsicott
|-damage|p2a: Whimsicott|34/100 par
|move|p1a: Raichu|Zap Cannon|p2b: Pyroar
|-activate|p2b: Pyroar|move: Protect
|cant|p2a: Whimsicott|flinch
|
|-weather|none
|upkeep
|turn|8
|
|t:|1783731322
|move|p2a: Whimsicott|Sunny Day|p2a: Whimsicott
|-weather|SunnyDay
|move|p2b: Pyroar|Heat Wave|p1b: Sneasler|[spread] p1a,p1b
|-crit|p1a: Raichu
|-damage|p1a: Raichu|0 fnt
|-damage|p1b: Sneasler|0 fnt
|faint|p1a: Raichu
|faint|p1b: Sneasler
|
|-weather|SunnyDay|[upkeep]
|upkeep
|
|t:|1783731326
|switch|p1b: Garchomp|Garchomp, L50, M|40/100
|turn|9
|
|t:|1783731332
|move|p2b: Pyroar|Solar Beam||[still]
|-prepare|p2b: Pyroar|Solar Beam
|-anim|p2b: Pyroar|Solar Beam|p1b: Garchomp
|-damage|p1b: Garchomp|0 fnt
|faint|p1b: Garchomp
|
|win|salmoncashew
|l|☆tumtumman2
|player|p1|
