|j|☆Plebston mcbacon
|j|☆3l v4qu3r0
|html|Plebston mcbacon3l v4qu3r0    
|uhtml|bestof|Game 2 of a best-of-3
|t:|1785270598
|gametype|doubles
|player|p1|Plebston mcbacon|steven|1040
|player|p2|3l v4qu3r0|170|1000
|gen|9
|tier|[Gen 9 Champions] VGC 2026 Reg M-B (Bo3)
|rated|
|rule|Species Clause: Limit one of each Pokémon
|rule|Item Clause: Limit 1 of each item
|clearpoke
|poke|p1|Drampa, L50, F|
|poke|p1|Farigiraf, L50, M|
|poke|p1|Primarina, L50, M|
|poke|p1|Camerupt, L50, F|
|poke|p1|Abomasnow, L50, F|
|poke|p1|Kingambit, L50, F|
|poke|p2|Liepard, L50, F|
|poke|p2|Bellibolt, L50, M|
|poke|p2|Gliscor, L50, F|
|poke|p2|Serperior, L50, M|
|poke|p2|Hawlucha, L50, M|
|poke|p2|Primarina, L50, F|
|teampreview|4
|showteam|p1|Drampa||SilkScarf|CloudNine|HyperVoice,DracoMeteor,HelpingHand,Protect|Calm||F|||50|]Farigiraf||MentalHerb|ArmorTail|TrickRoom,Psychic,HelpingHand,Protect|Sassy||M|||50|]Primarina||LifeOrb|LiquidVoice|HyperVoice,Moonblast,CalmMind,Protect|Modest||M|||50|]Camerupt||Cameruptite|AngerPoint|Eruption,HeatWave,EarthPower,Protect|Modest||F|||50|]Abomasnow||Abomasite|SnowWarning|AuroraVeil,Blizzard,EnergyBall,Protect|Quiet||F|||50|]Kingambit||ChopleBerry|Defiant|SuckerPunch,KowtowCleave,IronHead,Protect|Brave||F|||50|
|showteam|p2|Liepard||FocusSash|Prankster|Encore,FakeOut,ThunderWave,ThroatChop|Hasty||F|||50|]Bellibolt||LifeOrb|Electromorphosis|ParabolicCharge,Soak,EerieImpulse,SlackOff|Quiet||M|||50|]Gliscor||WideLens|HyperCutter|HighHorsepower,Tailwind,Crabhammer,DualWingbeat|Adamant||F|||50|]Serperior||MiracleSeed|Contrary|LeafStorm,Protect,DragonPulse,GigaDrain|Modest||M|||50|]Hawlucha||Hawluchanite|Limber|Protect,FlyingPress,StoneEdge,Roost|Adamant||M|||50|]Primarina||Leftovers|LiquidVoice|Protect,IceBeam,HyperVoice,Moonblast|Modest||F|||50|
|j| soulmoonvgc
|
|t:|1785270643
|teamsize|p1|4
|teamsize|p2|4
|start
|switch|p1a: Farigiraf|Farigiraf, L50, M|100/100
|switch|p1b: Primarina|Primarina, L50, M|100/100
|switch|p2a: Hawlucha|Hawlucha, L50, M|100/100
|switch|p2b: Liepard|Liepard, L50, F|100/100
|turn|1
|
|t:|1785270664
|detailschange|p2a: Hawlucha|Hawlucha-Mega, L50, M
|-mega|p2a: Hawlucha|Hawlucha|Hawluchanite
|move|p1a: Farigiraf|Protect|p1a: Farigiraf
|-singleturn|p1a: Farigiraf|Protect
|move|p2b: Liepard|Throat Chop|p1a: Farigiraf
|-activate|p1a: Farigiraf|move: Protect
|move|p2a: Hawlucha|Flying Press|p1a: Farigiraf
|-activate|p1a: Farigiraf|move: Protect
|move|p1b: Primarina|Moonblast|p2a: Hawlucha
|-supereffective|p2a: Hawlucha|1
|-damage|p2a: Hawlucha|0 fnt
|faint|p2a: Hawlucha
|-damage|p1b: Primarina|90/100|[from] item: Life Orb
|
|upkeep
|
|t:|1785270683
|switch|p2a: Primarina|Primarina, L50, F|100/100
|turn|2
|
|t:|1785270706
|move|p1a: Farigiraf|Helping Hand|p1b: Primarina
|-singleturn|p1b: Primarina|Helping Hand|[of] p1a: Farigiraf
|move|p2b: Liepard|Throat Chop|p1a: Farigiraf
|-supereffective|p1a: Farigiraf|1
|-damage|p1a: Farigiraf|33/100
|-start|p1a: Farigiraf|Throat Chop|[silent]
|move|p2a: Primarina|Moonblast|p1a: Farigiraf
|-damage|p1a: Farigiraf|2/100
|move|p1b: Primarina|Moonblast|p2a: Primarina
|-damage|p2a: Primarina|6/100
|-damage|p1b: Primarina|80/100|[from] item: Life Orb
|
|-heal|p2a: Primarina|12/100|[from] item: Leftovers
|upkeep
|turn|3
|
|t:|1785270726
|move|p1a: Farigiraf|Protect|p1a: Farigiraf
|-singleturn|p1a: Farigiraf|Protect
|move|p2b: Liepard|Thunder Wave||[still]
|cant|p1a: Farigiraf|ability: Armor Tail|Thunder Wave|[of] p2b: Liepard
|move|p2a: Primarina|Hyper Voice|p1b: Primarina|[spread] p1b
|-activate|p1a: Farigiraf|move: Protect
|-resisted|p1b: Primarina|1
|-damage|p1b: Primarina|66/100
|move|p1b: Primarina|Moonblast|p2b: Liepard
|-supereffective|p2b: Liepard|1
|-enditem|p2b: Liepard|Focus Sash
|-damage|p2b: Liepard|1/100
|-unboost|p2b: Liepard|spa|1
|-damage|p1b: Primarina|56/100|[from] item: Life Orb
|
|-heal|p2a: Primarina|19/100|[from] item: Leftovers
|-end|p1a: Farigiraf|Throat Chop|[silent]
|upkeep
|turn|4
|
|t:|1785270746
|move|p2b: Liepard|Throat Chop|p1a: Farigiraf
|-supereffective|p1a: Farigiraf|1
|-damage|p1a: Farigiraf|0 fnt
|faint|p1a: Farigiraf
|move|p2a: Primarina|Hyper Voice|p1b: Primarina
|-resisted|p1b: Primarina|1
|-damage|p1b: Primarina|38/100
|move|p1b: Primarina|Moonblast|p2a: Primarina
|-damage|p2a: Primarina|0 fnt
|faint|p2a: Primarina
|-damage|p1b: Primarina|28/100|[from] item: Life Orb
|
|upkeep
|
|t:|1785270758
|switch|p2a: Gliscor|Gliscor, L50, F|100/100
|switch|p1a: Camerupt|Camerupt, L50, F|100/100
|turn|5
|
|t:|1785270784
|move|p2b: Liepard|Thunder Wave|p1b: Primarina
|-status|p1b: Primarina|par
|move|p2a: Gliscor|High Horsepower|p1a: Camerupt
|-supereffective|p1a: Camerupt|1
|-damage|p1a: Camerupt|0 fnt
|faint|p1a: Camerupt
|move|p1b: Primarina|Hyper Voice|p2b: Liepard|[spread] p2a,p2b
|-supereffective|p2a: Gliscor|1
|-damage|p2a: Gliscor|0 fnt
|-damage|p2b: Liepard|0 fnt
|faint|p2a: Gliscor
|faint|p2b: Liepard
|-damage|p1b: Primarina|19/100 par|[from] item: Life Orb
|
|win|Plebston mcbacon
|raw|Plebston mcbacon's rating: 1040 → 1070(+30 for winning)
|raw|3l v4qu3r0's rating: 1000 → 1000(+0 for losing)
