|j|☆ZeGaboVGC
|j|☆NotNiceface
|html|ZeGaboVGCNotNiceface    
|uhtml|bestof|Game 1 of a best-of-3
|t:|1756150817
|gametype|doubles
|player|p1|ZeGaboVGC|benga|1080
|player|p2|NotNiceface|1|1146
|gen|9
|tier|[Gen 9] VGC 2025 Reg H (Bo3)
|rated|
|rule|Species Clause: Limit one of each Pokémon
|rule|Item Clause: Limit 1 of each item
|clearpoke
|poke|p1|Incineroar, L50, M|
|poke|p1|Amoonguss, L50, M|
|poke|p1|Ursaluna-Bloodmoon, L50, M|
|poke|p1|Sneasler, L50, F|
|poke|p1|Gholdengo, L50|
|poke|p1|Dragonite, L50, F|
|poke|p2|Primarina, L50, F|
|poke|p2|Rillaboom, L50, M|
|poke|p2|Sneasler, L50, M|
|poke|p2|Dragapult, L50, M|
|poke|p2|Electabuzz, L50, M|
|poke|p2|Kingambit, L50, M|
|teampreview|4
|showteam|p1|Incineroar||SafetyGoggles|Intimidate|FlareBlitz,KnockOff,PartingShot,FakeOut|||M|||50|,,,,,Ghost]Amoonguss||SitrusBerry|Regenerator|Spore,RagePowder,PollenPuff,Protect|||M|||50|,,,,,Dark]Ursaluna-Bloodmoon||AssaultVest|MindsEye|HyperVoice,BloodMoon,EarthPower,VacuumWave|||M|||50|,,,,,Water]Sneasler||FocusSash|Unburden|CloseCombat,DireClaw,ThroatChop,Protect|||F|||50|,,,,,Stellar]Gholdengo||LifeOrb|GoodasGold|MakeItRain,ShadowBall,NastyPlot,Protect||||||50|,,,,,Water]Dragonite||LoadedDice|Multiscale|ScaleShot,Tailwind,Haze,Protect|||F|||50|,,,,,Fairy
|showteam|p2|Primarina||LifeOrb|LiquidVoice|HyperVoice,Moonblast,Haze,Protect|||F|||50|,,,,,Poison]Rillaboom||AssaultVest|GrassySurge|WoodHammer,GrassyGlide,Uturn,FakeOut|||M|||50|,,,,,Fire]Sneasler||FocusSash|PoisonTouch|DireClaw,CloseCombat,ThroatChop,Protect|||M|||50|,,,,,Stellar]Dragapult||ChoiceBand|ClearBody|DragonDarts,Uturn,PhantomForce,TeraBlast|||M|||50|,,,,,Dragon]Electabuzz||Eviolite|VitalSpirit|FollowMe,Electroweb,Taunt,Protect|||M|||50|,,,,,Dragon]Kingambit||BlackGlasses|Defiant|KowtowCleave,SuckerPunch,SwordsDance,Protect|||M|||50|,,,,,Dark
|inactive|Battle timer is ON: inactive players will automatically lose when time's up. (requested by ZeGaboVGC)
|inactive|ZeGaboVGC has 60 seconds left.
|inactive|NotNiceface has 60 seconds left.
|inactive|ZeGaboVGC has 30 seconds left.
|inactive|NotNiceface has 30 seconds left.
|
|t:|1756150878
|teamsize|p1|4
|teamsize|p2|4
|start
|switch|p1a: Sneasler|Sneasler, L50, F|100/100
|switch|p1b: Amoonguss|Amoonguss, L50, M|100/100
|switch|p2a: Sneasler|Sneasler, L50, M|100/100
|switch|p2b: Dragapult|Dragapult, L50, M|100/100
|turn|1
|inactive|ZeGaboVGC has 30 seconds left.
|inactive|NotNiceface has 30 seconds left.
|inactive|ZeGaboVGC has 20 seconds left.
|inactive|NotNiceface has 20 seconds left.
|inactive|ZeGaboVGC has 15 seconds left.
|inactive|NotNiceface has 15 seconds left.
|inactive|ZeGaboVGC has 10 seconds left.
|inactive|NotNiceface has 10 seconds left.
|inactive|ZeGaboVGC has 5 seconds left.
|inactive|NotNiceface has 5 seconds left.
|
|t:|1756150929
|move|p1b: Amoonguss|Rage Powder|p1b: Amoonguss
|-singleturn|p1b: Amoonguss|move: Rage Powder
|move|p2b: Dragapult|Phantom Force||[still]
|-prepare|p2b: Dragapult|Phantom Force
|move|p2a: Sneasler|Dire Claw|p1b: Amoonguss
|-damage|p1b: Amoonguss|66/100
|-status|p1b: Amoonguss|par
|move|p1a: Sneasler|Throat Chop|p2b: Dragapult|[miss]
|-miss|p1a: Sneasler|p2b: Dragapult
|
|upkeep
|turn|2
|
|t:|1756150947
|move|p1b: Amoonguss|Rage Powder|p1b: Amoonguss
|-singleturn|p1b: Amoonguss|move: Rage Powder
|move|p2b: Dragapult|Phantom Force|p1b: Amoonguss|[from] lockedmove
|-damage|p1b: Amoonguss|5/100 par
|-enditem|p1b: Amoonguss|Sitrus Berry|[eat]
|-heal|p1b: Amoonguss|30/100 par|[from] item: Sitrus Berry
|move|p2a: Sneasler|Dire Claw|p1b: Amoonguss
|-damage|p1b: Amoonguss|0 fnt
|faint|p1b: Amoonguss
|move|p1a: Sneasler|Throat Chop|p2b: Dragapult
|-supereffective|p2b: Dragapult
|-damage|p2b: Dragapult|16/100
|-start|p2b: Dragapult|Throat Chop|[silent]
|
|upkeep
|
|t:|1756150958
|switch|p1b: Ursaluna|Ursaluna-Bloodmoon, L50, M|100/100
|turn|3
|
|t:|1756150978
|-terastallize|p1b: Ursaluna|Water
|move|p2b: Dragapult|Phantom Force||[still]
|-prepare|p2b: Dragapult|Phantom Force
|move|p2a: Sneasler|Throat Chop|p1b: Ursaluna
|-damage|p1b: Ursaluna|81/100
|-start|p1b: Ursaluna|Throat Chop|[silent]
|-status|p1b: Ursaluna|psn|[from] ability: Poison Touch|[of] p2a: Sneasler
|move|p1a: Sneasler|Close Combat|p2a: Sneasler
|-resisted|p2a: Sneasler
|-damage|p2a: Sneasler|47/100
|-unboost|p1a: Sneasler|def|1
|-unboost|p1a: Sneasler|spd|1
|move|p1b: Ursaluna|Earth Power|p2a: Sneasler
|-supereffective|p2a: Sneasler
|-damage|p2a: Sneasler|0 fnt
|faint|p2a: Sneasler
|
|-damage|p1b: Ursaluna|69/100 psn|[from] psn
|-end|p2b: Dragapult|Throat Chop|[silent]
|upkeep
|
|t:|1756150997
|switch|p2a: Primarina|Primarina, L50, F|100/100
|turn|4
|inactive|NotNiceface has 30 seconds left.
|inactive|NotNiceface has 20 seconds left.
|
|t:|1756151037
|-terastallize|p2a: Primarina|Poison
|move|p2b: Dragapult|Phantom Force|p1a: Sneasler|[from] lockedmove
|-enditem|p1a: Sneasler|Focus Sash
|-damage|p1a: Sneasler|1/100
|move|p1a: Sneasler|Dire Claw|p2a: Primarina
|-resisted|p2a: Primarina
|-damage|p2a: Primarina|78/100
|move|p2a: Primarina|Hyper Voice|p1a: Sneasler|[spread] p1a,p1b
|-resisted|p1b: Ursaluna
|-damage|p1a: Sneasler|0 fnt
|-damage|p1b: Ursaluna|54/100 psn
|faint|p1a: Sneasler
|-damage|p2a: Primarina|68/100|[from] item: Life Orb
|move|p1b: Ursaluna|Earth Power|p2b: Dragapult
|-crit|p2b: Dragapult
|-damage|p2b: Dragapult|0 fnt
|faint|p2b: Dragapult
|
|-damage|p1b: Ursaluna|42/100 psn|[from] psn
|-end|p1b: Ursaluna|Throat Chop|[silent]
|upkeep
|
|t:|1756151055
|switch|p2b: Kingambit|Kingambit, L50, M|100/100
|switch|p1a: Gholdengo|Gholdengo, L50|100/100
|turn|5
|
|t:|1756151071
|move|p2a: Primarina|Protect|p2a: Primarina
|-singleturn|p2a: Primarina|Protect
|move|p2b: Kingambit|Protect|p2b: Kingambit
|-singleturn|p2b: Kingambit|Protect
|move|p1b: Ursaluna|Vacuum Wave|p2b: Kingambit
|-activate|p2b: Kingambit|move: Protect
|move|p1a: Gholdengo|Nasty Plot|p1a: Gholdengo
|-boost|p1a: Gholdengo|spa|2
|
|-damage|p1b: Ursaluna|30/100 psn|[from] psn
|upkeep
|turn|6
|
|t:|1756151085
|move|p1b: Ursaluna|Vacuum Wave|p2b: Kingambit
|-supereffective|p2b: Kingambit
|-damage|p2b: Kingambit|42/100
|move|p2b: Kingambit|Sucker Punch||[still]
|-fail|p2b: Kingambit
|move|p1a: Gholdengo|Nasty Plot|p1a: Gholdengo
|-boost|p1a: Gholdengo|spa|2
|move|p2a: Primarina|Moonblast|p1b: Ursaluna
|-damage|p1b: Ursaluna|0 fnt
|faint|p1b: Ursaluna
|-damage|p2a: Primarina|59/100|[from] item: Life Orb
|
|upkeep
|turn|7
|
|t:|1756151096
|move|p2b: Kingambit|Sucker Punch|p1a: Gholdengo
|-supereffective|p1a: Gholdengo
|-damage|p1a: Gholdengo|4/100
|move|p1a: Gholdengo|Make It Rain|p2b: Kingambit|[spread] p2a,p2b
|-resisted|p2b: Kingambit
|-damage|p2a: Primarina|0 fnt
|-damage|p2b: Kingambit|0 fnt
|-unboost|p1a: Gholdengo|spa|1
|faint|p2a: Primarina
|faint|p2b: Kingambit
|-damage|p1a: Gholdengo|0 fnt|[from] item: Life Orb
|faint|p1a: Gholdengo
|
|win|ZeGaboVGC
