|j|â˜†tavinn_n
|j|â˜†CrawlingKingSnake
|html|tavinn_nCrawlingKingSnake    
|uhtml|bestof|Game 1 of a best-of-3
|t:|1785191531
|gametype|doubles
|player|p1|tavinn_n|ghetsis|1282
|player|p2|CrawlingKingSnake|kamado-armor|1208
|gen|9
|tier|[Gen 9 Champions] VGC 2026 Reg M-B (Bo3)
|rated|
|rule|Species Clause: Limit one of each PokÃ©mon
|rule|Item Clause: Limit 1 of each item
|clearpoke
|poke|p1|Tyranitar, L50, M|
|poke|p1|Excadrill, L50, F|
|poke|p1|Milotic, L50, M|
|poke|p1|Sinistcha, L50|
|poke|p1|Staraptor, L50, F|
|poke|p1|Gholdengo, L50|
|poke|p2|Floette-Eternal, L50, F|
|poke|p2|Palafin, L50, M, shiny|
|poke|p2|Incineroar, L50, M|
|poke|p2|Toxapex, L50, F|
|poke|p2|Delphox, L50, F|
|poke|p2|Kingambit, L50, M|
|teampreview|4
|showteam|p1|Tyranitar||Tyranitarite|SandStream|KnockOff,RockSlide,HighHorsepower,Protect|Jolly||M|||50|]Excadrill||FocusSash|SandRush|HighHorsepower,IronHead,RockSlide,Protect|Jolly||F|||50|]Milotic||SitrusBerry|Competitive|Scald,IcyWind,Haze,Protect|Calm||M|||50|]Sinistcha||ColburBerry|Hospitality|MatchaGotcha,ShadowBall,Protect,RagePowder|Bold|||||50|]Staraptor||Staraptite|Intimidate|CloseCombat,BraveBird,Tailwind,Protect|Jolly||F|||50|]Gholdengo||LifeOrb|GoodasGold|MakeItRain,ShadowBall,NastyPlot,Protect|Modest|||||50|
|showteam|p2|Floette-Eternal||Floettite|FlowerVeil|DazzlingGleam,DrainingKiss,CalmMind,Protect|Modest||F|||50|]Palafin||LifeOrb|ZerotoHero|WaveCrash,JetPunch,CloseCombat,Protect|Adamant||M|||50|]Incineroar||SitrusBerry|Intimidate|FlareBlitz,FakeOut,DarkestLariat,PartingShot|Careful||M|||50|]Toxapex||Leftovers|Regenerator|Infestation,Toxic,WideGuard,BanefulBunker|Bold||F|||50|]Delphox||Delphoxite|Blaze|HeatWave,Psychic,NastyPlot,Protect|Timid||F|||50|]Kingambit||FocusSash|Defiant|KowtowCleave,SuckerPunch,IronHead,LowKick|Adamant||M|||50|
|inactive|Battle timer is ON: inactive players will automatically lose when time's up. (requested by tavinn_n)
|inactive|CrawlingKingSnake has 60 seconds left.
|
|t:|1785191576
|teamsize|p1|4
|teamsize|p2|4
|start
|switch|p1a: Milotic|Milotic, L50, M|100/100
|switch|p1b: Gholdengo|Gholdengo, L50|100/100
|switch|p2a: Floette|Floette-Eternal, L50, F|100/100
|switch|p2b: Palafin|Palafin, L50, M, shiny|100/100
|turn|1
|
|t:|1785191593
|detailschange|p2b: Palafin|Palafin-Hero, L50, M, shiny
|switch|p2b: Kingambit|Kingambit, L50, M|100/100
|detailschange|p2a: Floette|Floette-Mega, L50, F
|-mega|p2a: Floette|Floette|Floettite
|-ability|p2a: Floette|Fairy Aura
|move|p2a: Floette|Protect|p2a: Floette
|-singleturn|p2a: Floette|Protect
|move|p1a: Milotic|Icy Wind|p2b: Kingambit|[spread] p2b
|-activate|p2a: Floette|move: Protect
|-resisted|p2b: Kingambit|1
|-damage|p2b: Kingambit|94/100
|-unboost|p2b: Kingambit|spe|1
|-ability|p2b: Kingambit|Defiant|boost
|-boost|p2b: Kingambit|atk|2
|move|p1b: Gholdengo|Nasty Plot|p1b: Gholdengo
|-boost|p1b: Gholdengo|spa|2
|
|upkeep
|turn|2
|
|t:|1785191607
|move|p1b: Gholdengo|Protect|p1b: Gholdengo
|-singleturn|p1b: Gholdengo|Protect
|move|p2b: Kingambit|Sucker Punch||[still]
|-fail|p2b: Kingambit
|move|p2a: Floette|Calm Mind|p2a: Floette
|-boost|p2a: Floette|spa|1
|-boost|p2a: Floette|spd|1
|move|p1a: Milotic|Haze|p1a: Milotic
|-clearallboost
|
|upkeep
|turn|3
|
|t:|1785191633
|switch|p1b: Excadrill|Excadrill, L50, F|100/100
|move|p2b: Kingambit|Sucker Punch||[still]
|-fail|p2b: Kingambit
|move|p2a: Floette|Dazzling Gleam|p1b: Excadrill|[spread] p1a,p1b
|-resisted|p1b: Excadrill|1
|-damage|p1a: Milotic|70/100
|-damage|p1b: Excadrill|68/100
|move|p1a: Milotic|Scald|p2b: Kingambit
|-damage|p2b: Kingambit|63/100
|
|upkeep
|turn|4
|inactive|CrawlingKingSnake has 30 seconds left.
|
|t:|1785191667
|switch|p1a: Tyranitar|Tyranitar, L50, M|100/100
|-weather|Sandstorm|[from] ability: Sand Stream|[of] p1a: Tyranitar
|move|p2a: Floette|Protect|p2a: Floette
|-singleturn|p2a: Floette|Protect
|move|p2b: Kingambit|Sucker Punch|p1b: Excadrill
|-damage|p1b: Excadrill|5/100
|move|p1b: Excadrill|High Horsepower|p2b: Kingambit|[miss]
|-miss|p1b: Excadrill|p2b: Kingambit
|
|-weather|Sandstorm|[upkeep]
|-damage|p2a: Floette|93/100|[from] Sandstorm
|upkeep
|turn|5
|
|t:|1785191688
|switch|p2b: Incineroar|Incineroar, L50, M|100/100
|-ability|p2b: Incineroar|Intimidate|boost
|-unboost|p1a: Tyranitar|atk|1
|-unboost|p1b: Excadrill|atk|1
|detailschange|p1a: Tyranitar|Tyranitar-Mega, L50, M
|-mega|p1a: Tyranitar|Tyranitar|Tyranitarite
|move|p2a: Floette|Protect||[still]
|-fail|p2a: Floette
|move|p1b: Excadrill|High Horsepower|p2b: Incineroar|[miss]
|-miss|p1b: Excadrill|p2b: Incineroar
|move|p1a: Tyranitar|High Horsepower|p2b: Incineroar
|-supereffective|p2b: Incineroar|1
|-damage|p2b: Incineroar|51/100
|
|-weather|Sandstorm|[upkeep]
|-damage|p2a: Floette|87/100|[from] Sandstorm
|-damage|p2b: Incineroar|45/100|[from] Sandstorm
|-enditem|p2b: Incineroar|Sitrus Berry|[eat]
|-heal|p2b: Incineroar|70/100|[from] item: Sitrus Berry
|upkeep
|turn|6
|c|â˜†CrawlingKingSnake|lowkey forgot i protected
|inactive|CrawlingKingSnake has 30 seconds left.
|
|t:|1785191714
|switch|p1a: Gholdengo|Gholdengo, L50|100/100
|move|p2b: Incineroar|Fake Out|p1b: Excadrill
|-resisted|p1b: Excadrill|1
|-damage|p1b: Excadrill|0 fnt
|faint|p1b: Excadrill
|move|p2a: Floette|Dazzling Gleam|p1a: Gholdengo
|-resisted|p1a: Gholdengo|1
|-damage|p1a: Gholdengo|74/100
|
|-weather|Sandstorm|[upkeep]
|-damage|p2a: Floette|81/100|[from] Sandstorm
|-damage|p2b: Incineroar|64/100|[from] Sandstorm
|upkeep
|
|t:|1785191730
|switch|p1b: Milotic|Milotic, L50, M|70/100
|turn|7
|
|t:|1785191746
|move|p2a: Floette|Dazzling Gleam|p1a: Gholdengo|[spread] p1a,p1b
|-resisted|p1a: Gholdengo|1
|-damage|p1a: Gholdengo|53/100
|-damage|p1b: Milotic|39/100
|-enditem|p1b: Milotic|Sitrus Berry|[eat]
|-heal|p1b: Milotic|64/100|[from] item: Sitrus Berry
|move|p1b: Milotic|Scald|p2b: Incineroar
|-supereffective|p2b: Incineroar|1
|-damage|p2b: Incineroar|13/100
|move|p1a: Gholdengo|Shadow Ball|p2b: Incineroar
|-resisted|p2b: Incineroar|1
|-damage|p2b: Incineroar|0 fnt
|faint|p2b: Incineroar
|-damage|p1a: Gholdengo|43/100|[from] item: Life Orb
|
|-weather|Sandstorm|[upkeep]
|-damage|p2a: Floette|75/100|[from] Sandstorm
|-damage|p1b: Milotic|58/100|[from] Sandstorm
|upkeep
|
|t:|1785191758
|switch|p2b: Palafin|Palafin-Hero, L50, M, shiny|100/100
|-activate|p2b: Palafin|ability: Zero to Hero
|turn|8
|
|t:|1785191767
|move|p2b: Palafin|Jet Punch|p1a: Gholdengo
|-damage|p1a: Gholdengo|0 fnt
|faint|p1a: Gholdengo
|-damage|p2b: Palafin|90/100|[from] item: Life Orb
|move|p2a: Floette|Dazzling Gleam|p1b: Milotic
|-damage|p1b: Milotic|18/100
|move|p1b: Milotic|Scald|p2b: Palafin
|-resisted|p2b: Palafin|1
|-damage|p2b: Palafin|74/100
|
|-weather|none
|upkeep
|
|t:|1785191773
|switch|p1a: Tyranitar|Tyranitar-Mega, L50, M|100/100
|-weather|Sandstorm|[from] ability: Sand Stream|[of] p1a: Tyranitar
|turn|9
|
|t:|1785191779
|move|p2a: Floette|Dazzling Gleam|p1a: Tyranitar|[spread] p1a,p1b
|-supereffective|p1a: Tyranitar|1
|-damage|p1a: Tyranitar|53/100
|-damage|p1b: Milotic|0 fnt
|faint|p1b: Milotic
|move|p2b: Palafin|Close Combat|p1a: Tyranitar
|-supereffective|p1a: Tyranitar|2
|-damage|p1a: Tyranitar|0 fnt
|-unboost|p2b: Palafin|def|1
|-unboost|p2b: Palafin|spd|1
|faint|p1a: Tyranitar
|-damage|p2b: Palafin|64/100|[from] item: Life Orb
|
|win|CrawlingKingSnake
||tavinn_n is ready for game 2.
||CrawlingKingSnake is ready for game 2.
|uhtml|next|Next: Game 2 of 3
|l|â˜†tavinn_n
|player|p1|
