|j|☆Frakub
|j|☆tessa scarlet
|html|Frakubtessa scarlet    
|uhtml|bestof|Game 1 of a best-of-3
|t:|1756461567
|gametype|doubles
|player|p1|Frakub|acetrainer-gen4dp|1248
|player|p2|tessa scarlet|102|1378
|gen|9
|tier|[Gen 9] VGC 2025 Reg H (Bo3)
|rated|
|rule|Species Clause: Limit one of each Pokémon
|rule|Item Clause: Limit 1 of each item
|clearpoke
|poke|p1|Kingambit, L50, F|
|poke|p1|Rillaboom, L50, M|
|poke|p1|Ninetales-Alola, L50, F|
|poke|p1|Dragonite, L50, F|
|poke|p1|Magmar, L50, F|
|poke|p1|Sneasler, L50, F|
|poke|p2|Gholdengo, L50|
|poke|p2|Sneasler, L50, M|
|poke|p2|Rillaboom, L50, M|
|poke|p2|Dragonite, L50, M|
|poke|p2|Ninetales-Alola, L50, F|
|poke|p2|Arcanine-Hisui, L50, F|
|teampreview|4
|showteam|p1|Kingambit||BlackGlasses|Defiant|KowtowCleave,SuckerPunch,SwordsDance,Protect|||F|||50|,,,,,Dark]Rillaboom||AssaultVest|GrassySurge|WoodHammer,GrassyGlide,HighHorsepower,FakeOut|||M|||50|,,,,,Fire]Ninetales-Alola||LightClay|SnowWarning|Blizzard,FreezeDry,Protect,AuroraVeil|||F|||50|,,,,,Ghost]Dragonite||LoadedDice|Multiscale|ScaleShot,ExtremeSpeed,Haze,Protect|||F|||50|,,,,,Steel]Magmar||Eviolite|VitalSpirit|Taunt,Overheat,FollowMe,Protect|||F|||50|,,,,,Ghost]Sneasler||FocusSash|PoisonTouch|FakeOut,DireClaw,CloseCombat,Protect|||F|||50|,,,,,Ghost
|showteam|p2|Gholdengo||GrassySeed|GoodasGold|NastyPlot,MakeItRain,ShadowBall,Protect||||||50|,,,,,Water]Sneasler||WhiteHerb|Unburden|CloseCombat,DireClaw,Coaching,Protect|||M|||50|,,,,,Ghost]Rillaboom||AssaultVest|GrassySurge|FakeOut,GrassyGlide,DrumBeating,HighHorsepower|||M|||50|,,,,,Fire]Dragonite||LoadedDice|Multiscale|ScaleShot,StompingTantrum,Tailwind,Protect|||M|||50|,,,,,Ground]Ninetales-Alola||FocusSash|SnowWarning|Blizzard,IcyWind,Encore,AuroraVeil|||F|||50|,,,,,Ghost]Arcanine-Hisui||ClearAmulet|Intimidate|RockSlide,FlareBlitz,ExtremeSpeed,Protect|||F|||50|,,,,,Water
|inactive|Battle timer is ON: inactive players will automatically lose when time's up. (requested by Frakub)
|inactive|Frakub has 60 seconds left.
|inactive|tessa scarlet has 60 seconds left.
|
|t:|1756461623
|teamsize|p1|4
|teamsize|p2|4
|start
|switch|p1a: Kingambit|Kingambit, L50, F|100/100
|switch|p1b: Sneasler|Sneasler, L50, F|100/100
|switch|p2a: Sneasler|Sneasler, L50, M|100/100
|switch|p2b: Arcanine|Arcanine-Hisui, L50, F|100/100
|-ability|p2b: Arcanine|Intimidate|boost
|-unboost|p1a: Kingambit|atk|1
|-ability|p1a: Kingambit|Defiant|boost
|-boost|p1a: Kingambit|atk|2
|-unboost|p1b: Sneasler|atk|1
|turn|1
|inactive|Frakub has 30 seconds left.
|
|t:|1756461652
|-terastallize|p1a: Kingambit|Dark
|move|p1b: Sneasler|Fake Out|p2b: Arcanine
|-resisted|p2b: Arcanine
|-damage|p2b: Arcanine|95/100
|move|p1a: Kingambit|Sucker Punch||[still]
|-fail|p1a: Kingambit
|move|p2a: Sneasler|Coaching|p2b: Arcanine
|-boost|p2b: Arcanine|atk|1
|-boost|p2b: Arcanine|def|1
|cant|p2b: Arcanine|flinch
|
|upkeep
|turn|2
|inactive|tessa scarlet has 30 seconds left.
|
|t:|1756461679
|-terastallize|p2b: Arcanine|Water
|move|p1b: Sneasler|Close Combat|p2b: Arcanine
|-damage|p2b: Arcanine|58/100
|-unboost|p1b: Sneasler|def|1
|-unboost|p1b: Sneasler|spd|1
|move|p2a: Sneasler|Close Combat|p1a: Kingambit
|-supereffective|p1a: Kingambit
|-damage|p1a: Kingambit|7/100
|-unboost|p2a: Sneasler|def|1
|-unboost|p2a: Sneasler|spd|1
|-enditem|p2a: Sneasler|White Herb
|-clearnegativeboost|p2a: Sneasler|[silent]
|move|p2b: Arcanine|Rock Slide|p1b: Sneasler|[spread] p1a,p1b
|-resisted|p1b: Sneasler
|-damage|p1a: Kingambit|0 fnt
|-damage|p1b: Sneasler|51/100
|faint|p1a: Kingambit
|
|upkeep
|
|t:|1756461700
|switch|p1a: Magmar|Magmar, L50, F|100/100
|turn|3
|
|t:|1756461709
|switch|p1b: Rillaboom|Rillaboom, L50, M|100/100
|-fieldstart|move: Grassy Terrain|[from] ability: Grassy Surge|[of] p1b: Rillaboom
|move|p2a: Sneasler|Coaching|p2b: Arcanine
|-boost|p2b: Arcanine|atk|1
|-boost|p2b: Arcanine|def|1
|move|p2b: Arcanine|Rock Slide|p1a: Magmar|[spread] p1b
|-miss|p2b: Arcanine|p1a: Magmar
|-damage|p1b: Rillaboom|51/100
|move|p1a: Magmar|Overheat|p2a: Sneasler
|-damage|p2a: Sneasler|41/100
|-unboost|p1a: Magmar|spa|2
|
|-heal|p2a: Sneasler|47/100|[from] Grassy Terrain
|-heal|p2b: Arcanine|64/100|[from] Grassy Terrain
|-heal|p1b: Rillaboom|57/100|[from] Grassy Terrain
|upkeep
|turn|4
|inactive|tessa scarlet has 30 seconds left.
|
|t:|1756461734
|move|p2b: Arcanine|Protect|p2b: Arcanine
|-singleturn|p2b: Arcanine|Protect
|move|p1a: Magmar|Follow Me|p1a: Magmar
|-singleturn|p1a: Magmar|move: Follow Me
|move|p2a: Sneasler|Dire Claw|p1a: Magmar
|-damage|p1a: Magmar|69/100
|move|p1b: Rillaboom|Wood Hammer|p2b: Arcanine
|-activate|p2b: Arcanine|move: Protect
|
|-heal|p2a: Sneasler|54/100|[from] Grassy Terrain
|-heal|p2b: Arcanine|70/100|[from] Grassy Terrain
|-heal|p1a: Magmar|75/100|[from] Grassy Terrain
|-heal|p1b: Rillaboom|62/100|[from] Grassy Terrain
|upkeep
|turn|5
|
|t:|1756461743
|move|p1a: Magmar|Follow Me|p1a: Magmar
|-singleturn|p1a: Magmar|move: Follow Me
|move|p2a: Sneasler|Dire Claw|p1a: Magmar
|-damage|p1a: Magmar|41/100
|move|p2b: Arcanine|Rock Slide|p1a: Magmar|[spread] p1a,p1b
|-supereffective|p1a: Magmar
|-damage|p1a: Magmar|0 fnt
|-damage|p1b: Rillaboom|18/100
|faint|p1a: Magmar
|move|p1b: Rillaboom|High Horsepower|p2a: Sneasler
|-supereffective|p2a: Sneasler
|-damage|p2a: Sneasler|0 fnt
|faint|p2a: Sneasler
|
|-heal|p2b: Arcanine|75/100|[from] Grassy Terrain
|-heal|p1b: Rillaboom|24/100|[from] Grassy Terrain
|upkeep
|
|t:|1756461752
|switch|p2a: Ninetales|Ninetales-Alola, L50, F|100/100
|switch|p1a: Sneasler|Sneasler, L50, F|51/100
|-weather|Snowscape|[from] ability: Snow Warning|[of] p2a: Ninetales
|turn|6
|
|t:|1756461762
|move|p1a: Sneasler|Fake Out|p2a: Ninetales
|-damage|p2a: Ninetales|85/100
|-status|p2a: Ninetales|psn|[from] ability: Poison Touch|[of] p1a: Sneasler
|move|p2b: Arcanine|Extreme Speed|p1a: Sneasler
|-damage|p1a: Sneasler|0 fnt
|faint|p1a: Sneasler
|cant|p2a: Ninetales|flinch
|move|p1b: Rillaboom|Wood Hammer|p2b: Arcanine
|-supereffective|p2b: Arcanine
|-damage|p2b: Arcanine|0 fnt
|faint|p2b: Arcanine
|-damage|p1b: Rillaboom|4/100|[from] Recoil
|
|-weather|Snowscape|[upkeep]
|-heal|p2a: Ninetales|91/100 psn|[from] Grassy Terrain
|-heal|p1b: Rillaboom|10/100|[from] Grassy Terrain
|-damage|p2a: Ninetales|79/100 psn|[from] psn
|upkeep
|
|t:|1756461764
|switch|p2b: Dragonite|Dragonite, L50, M|100/100
|turn|7
|
|t:|1756461768
|move|p2a: Ninetales|Blizzard|p1b: Rillaboom
|-supereffective|p1b: Rillaboom
|-damage|p1b: Rillaboom|0 fnt
|faint|p1b: Rillaboom
|
|win|tessa scarlet
||Frakub is ready for game 2.
||tessa scarlet is ready for game 2.
|uhtml|next|Next: Game 2 of 3
