|j|☆dual22
|j|☆CrazyComet37
|html|dual22CrazyComet37    
|uhtml|bestof|Game 1 of a best-of-3
|t:|1783385933
|gametype|doubles
|player|p1|dual22|2|1139
|player|p2|CrazyComet37|flint|1196
|gen|9
|tier|[Gen 9 Champions] VGC 2026 Reg M-B (Bo3)
|rated|
|rule|Species Clause: Limit one of each Pokémon
|rule|Item Clause: Limit 1 of each item
|clearpoke
|poke|p1|Vivillon-Pokeball, L50, F|
|poke|p1|Maushold-Four, L50|
|poke|p1|Floette-Eternal, L50, F|
|poke|p1|Sinistcha, L50|
|poke|p1|Delphox, L50, M|
|poke|p1|Sableye, L50, M|
|poke|p2|Whimsicott, L50, M|
|poke|p2|Garchomp, L50, M|
|poke|p2|Charizard, L50, F|
|poke|p2|Floette-Eternal, L50, F|
|poke|p2|Kingambit, L50, M|
|poke|p2|Basculegion, L50, M|
|teampreview|4
|showteam|p1|Vivillon-Pokeball||ChoiceScarf|CompoundEyes|SleepPowder,Hurricane,RagePowder,Tailwind|Timid||F|||50|]Maushold-Four||ChopleBerry|FriendGuard|FollowMe,SuperFang,Feint,Protect|Impish|||||50|]Floette-Eternal||Floettite|FlowerVeil|Moonblast,DrainingKiss,CalmMind,Protect|Modest||F|||50|]Sinistcha||KasibBerry|Hospitality|MatchaGotcha,RagePowder,LifeDew,Protect|Bold|||||50|]Delphox||Delphoxite|Blaze|HeatWave,Psychic,NastyPlot,Protect|Timid||M|||50|]Sableye||FocusSash|Prankster|FakeOut,FoulPlay,SunnyDay,Quash|Calm||M|||50|
|showteam|p2|Whimsicott||FocusSash|Prankster|Protect,Tailwind,Moonblast,Encore|Timid||M|||50|]Garchomp||LifeOrb|RoughSkin|Protect,Earthquake,DragonClaw,RockSlide|Jolly||M|||50|]Charizard||CharizarditeY|Blaze|Protect,HeatWave,WeatherBall,SolarBeam|Modest||F|||50|]Floette-Eternal||Floettite|FlowerVeil|Protect,LightofRuin,DazzlingGleam,Moonblast|Modest||F|||50|]Kingambit||ChopleBerry|Defiant|IronHead,SuckerPunch,KowtowCleave,LowKick|Adamant||M|||50|]Basculegion||MysticWater|Adaptability|Protect,AquaJet,LastRespects,WaveCrash|Adamant||M|||50|
|inactive|Battle timer is ON: inactive players will automatically lose when time's up. (requested by dual22)
|inactive|dual22 has 60 seconds left.
|inactive|CrazyComet37 has 60 seconds left.
|inactive|dual22 has 30 seconds left.
|inactive|CrazyComet37 has 30 seconds left.
|inactive|dual22 has 20 seconds left.
|inactive|dual22 has 15 seconds left.
|
|t:|1783386009
|teamsize|p1|4
|teamsize|p2|4
|start
|switch|p1a: Floette|Floette-Eternal, L50, F|100/100
|switch|p1b: Sableye|Sableye, L50, M|100/100
|switch|p2a: Whimsicott|Whimsicott, L50, M|100/100
|switch|p2b: Garchomp|Garchomp, L50, M|100/100
|turn|1
|inactive|CrazyComet37 has 30 seconds left.
|inactive|CrazyComet37 has 20 seconds left.
|
|t:|1783386046
|detailschange|p1a: Floette|Floette-Mega, L50, F
|-mega|p1a: Floette|Floette|Floettite
|-ability|p1a: Floette|Fairy Aura
|move|p2a: Whimsicott|Protect|p2a: Whimsicott
|-singleturn|p2a: Whimsicott|Protect
|move|p2b: Garchomp|Protect|p2b: Garchomp
|-singleturn|p2b: Garchomp|Protect
|move|p1b: Sableye|Fake Out|p2a: Whimsicott
|-activate|p2a: Whimsicott|move: Protect
|move|p1a: Floette|Calm Mind|p1a: Floette
|-boost|p1a: Floette|spa|1
|-boost|p1a: Floette|spd|1
|
|upkeep
|turn|2
|
|t:|1783386066
|switch|p1b: Sinistcha|Sinistcha, L50|100/100
|move|p1a: Floette|Protect|p1a: Floette
|-singleturn|p1a: Floette|Protect
|move|p2a: Whimsicott|Encore|p1a: Floette
|-activate|p1a: Floette|move: Protect
|move|p2b: Garchomp|Rock Slide|p1a: Floette|[spread] p1b
|-activate|p1a: Floette|move: Protect
|-damage|p1b: Sinistcha|80/100
|-damage|p2b: Garchomp|90/100|[from] item: Life Orb
|
|upkeep
|turn|3
|
|t:|1783386080
|move|p1b: Sinistcha|Rage Powder|p1b: Sinistcha
|-singleturn|p1b: Sinistcha|move: Rage Powder
|move|p2a: Whimsicott|Moonblast|p1a: Floette
|-damage|p1a: Floette|75/100
|move|p2b: Garchomp|Rock Slide|p1b: Sinistcha|[spread] p1a,p1b
|-damage|p1a: Floette|47/100
|-damage|p1b: Sinistcha|62/100
|-damage|p2b: Garchomp|80/100|[from] item: Life Orb
|move|p1a: Floette|Moonblast|p2b: Garchomp
|-supereffective|p2b: Garchomp|1
|-damage|p2b: Garchomp|0 fnt
|faint|p2b: Garchomp
|
|upkeep
|
|t:|1783386094
|switch|p2b: Charizard|Charizard, L50, F|100/100
|turn|4
|
|t:|1783386111
|detailschange|p2b: Charizard|Charizard-Mega-Y, L50, F
|-mega|p2b: Charizard|Charizard|Charizardite Y
|-weather|SunnyDay|[from] ability: Drought|[of] p2b: Charizard
|move|p1b: Sinistcha|Protect|p1b: Sinistcha
|-singleturn|p1b: Sinistcha|Protect
|move|p2a: Whimsicott|Moonblast|p1a: Floette
|-damage|p1a: Floette|18/100
|move|p1a: Floette|Draining Kiss|p2a: Whimsicott
|-damage|p2a: Whimsicott|11/100
|-heal|p1a: Floette|78/100|[from] drain|[of] p2a: Whimsicott
|move|p2b: Charizard|Heat Wave|p1b: Sinistcha|[spread] 
|-activate|p1b: Sinistcha|move: Protect
|-miss|p2b: Charizard|p1a: Floette
|
|-weather|SunnyDay|[upkeep]
|upkeep
|turn|5
|inactive|dual22 has 30 seconds left.
|inactive|dual22 has 20 seconds left.
|inactive|dual22 has 15 seconds left.
|
|t:|1783386151
|move|p2a: Whimsicott|Tailwind|p2a: Whimsicott
|-sidestart|p2: CrazyComet37|move: Tailwind
|move|p2b: Charizard|Heat Wave|p1a: Floette|[spread] p1a,p1b
|-supereffective|p1b: Sinistcha|1
|-crit|p1b: Sinistcha
|-damage|p1a: Floette|41/100
|-damage|p1b: Sinistcha|0 fnt
|faint|p1b: Sinistcha
|move|p1a: Floette|Moonblast|p2b: Charizard
|-resisted|p2b: Charizard|1
|-damage|p2b: Charizard|48/100
|
|-weather|SunnyDay|[upkeep]
|upkeep
|
|t:|1783386167
|switch|p1b: Sableye|Sableye, L50, M|100/100
|turn|6
|inactive|dual22 has 30 seconds left.
|
|t:|1783386197
|move|p1b: Sableye|Fake Out|p2a: Whimsicott
|-damage|p2a: Whimsicott|1/100
|cant|p2a: Whimsicott|flinch
|move|p2b: Charizard|Heat Wave|p1a: Floette|[spread] p1a,p1b
|-damage|p1a: Floette|0 fnt
|-damage|p1b: Sableye|17/100
|-status|p1b: Sableye|brn
|faint|p1a: Floette
|
|-weather|SunnyDay|[upkeep]
|-damage|p1b: Sableye|12/100 brn|[from] brn
|upkeep
|-message|dual22 forfeited.
|
|win|CrazyComet37
|l|☆dual22
|player|p1|
||dual22 is ready for game 2.
||CrazyComet37 is ready for game 2.
|uhtml|next|Next: Game 2 of 3
