|j|☆Hukjtfthj
|j|☆Vikack
|html|HukjtfthjVikack    
|uhtml|bestof|Game 1 of a best-of-3
|t:|1782700215
|gametype|doubles
|player|p1|Hukjtfthj|2|1040
|player|p2|Vikack|volkner|1000
|gen|9
|tier|[Gen 9 Champions] VGC 2026 Reg M-B (Bo3)
|rated|
|rule|Species Clause: Limit one of each Pokémon
|rule|Item Clause: Limit 1 of each item
|clearpoke
|poke|p1|Charizard, L50, M|
|poke|p1|Garchomp, L50, F|
|poke|p1|Froslass, L50, F|
|poke|p1|Farigiraf, L50, F|
|poke|p1|Gliscor, L50, F, shiny|
|poke|p1|Rotom-Mow, L50|
|poke|p2|Charizard, L50, M, shiny|
|poke|p2|Venusaur, L50, F|
|poke|p2|Tyranitar, L50, F, shiny|
|poke|p2|Garchomp, L50, M|
|poke|p2|Liepard, L50, F|
|poke|p2|Primarina, L50, F|
|teampreview|4
|showteam|p1|Charizard||CharizarditeY|SolarPower|HeatWave,ScorchingSands,Protect,SolarBeam|Timid||M|||50|]Garchomp||LifeOrb|RoughSkin|RockSlide,Earthquake,Protect,DragonClaw|Jolly||F|||50|]Froslass||Froslassite|CursedBody|Blizzard,Thunderbolt,ShadowBall,Protect|Timid||F|||50|]Farigiraf||MentalHerb|ArmorTail|TrickRoom,Imprison,HelpingHand,DazzlingGleam|Sassy||F|||50|]Gliscor||FocusSash|HyperCutter|Tailwind,HighHorsepower,Protect,PoisonJab|Jolly||F|||50|]Rotom-Mow||ExpertBelt|Levitate|Electroweb,Thunderbolt,Protect,LeafStorm|Timid|||||50|
|showteam|p2|Charizard||CharizarditeY|SolarPower|HeatWave,SolarBeam,AirSlash,Protect|Timid||M|||50|]Venusaur||Leftovers|Chlorophyll|EnergyBall,SludgeBomb,SleepPowder,Protect|Timid||F|||50|]Tyranitar||SitrusBerry|SandStream|Crunch,RockSlide,FirePunch,Protect|Adamant||F|||50|]Garchomp||Garchompite|RoughSkin|StompingTantrum,DragonClaw,RockSlide,Protect|Jolly||M|||50|]Liepard||FocusSash|Prankster|FakeOut,ThunderWave,FoulPlay,SunnyDay|Jolly||F|||50|]Primarina||ChoiceScarf|LiquidVoice|DazzlingGleam,HyperVoice,Moonblast,IceBeam|Timid||F|||50|
|inactive|Battle timer is ON: inactive players will automatically lose when time's up. (requested by Hukjtfthj)
|
|t:|1782700291
|teamsize|p1|4
|teamsize|p2|4
|start
|switch|p1a: Garchomp|Garchomp, L50, F|100/100
|switch|p1b: Farigiraf|Farigiraf, L50, F|100/100
|switch|p2a: Liepard|Liepard, L50, F|100/100
|switch|p2b: Charizard|Charizard, L50, M, shiny|100/100
|turn|1
|inactive|Vikack has 30 seconds left.
|inactive|Hukjtfthj has 30 seconds left.
|
|t:|1782700327
|move|p1b: Farigiraf|Helping Hand|p1a: Garchomp
|-singleturn|p1a: Garchomp|Helping Hand|[of] p1b: Farigiraf
|move|p2b: Charizard|Protect|p2b: Charizard
|-singleturn|p2b: Charizard|Protect
|move|p2a: Liepard|Foul Play|p1b: Farigiraf
|-supereffective|p1b: Farigiraf|1
|-damage|p1b: Farigiraf|48/100
|move|p1a: Garchomp|Rock Slide|p2a: Liepard|[spread] p2a
|-activate|p2b: Charizard|move: Protect
|-damage|p2a: Liepard|17/100
|-damage|p1a: Garchomp|90/100|[from] item: Life Orb
|
|upkeep
|turn|2
|inactive|Vikack has 30 seconds left.
|inactive|Vikack has 20 seconds left.
|inactive|Vikack has 15 seconds left.
|
|t:|1782700370
|switch|p2b: Primarina|Primarina, L50, F|100/100
|move|p1b: Farigiraf|Helping Hand|p1a: Garchomp
|-singleturn|p1a: Garchomp|Helping Hand|[of] p1b: Farigiraf
|move|p2a: Liepard|Foul Play|p1b: Farigiraf
|-supereffective|p1b: Farigiraf|1
|-damage|p1b: Farigiraf|0 fnt
|faint|p1b: Farigiraf
|move|p1a: Garchomp|Rock Slide|p2a: Liepard|[spread] p2a,p2b
|-damage|p2a: Liepard|0 fnt
|-damage|p2b: Primarina|48/100
|faint|p2a: Liepard
|-damage|p1a: Garchomp|80/100|[from] item: Life Orb
|
|upkeep
|
|t:|1782700392
|switch|p2a: Charizard|Charizard, L50, M, shiny|100/100
|switch|p1b: Rotom|Rotom-Mow, L50|100/100
|turn|3
|
|t:|1782700416
|detailschange|p2a: Charizard|Charizard-Mega-Y, L50, M, shiny
|-mega|p2a: Charizard|Charizard|Charizardite Y
|-weather|SunnyDay|[from] ability: Drought|[of] p2a: Charizard
|move|p2b: Primarina|Moonblast|p1a: Garchomp
|-supereffective|p1a: Garchomp|1
|-damage|p1a: Garchomp|0 fnt
|faint|p1a: Garchomp
|move|p2a: Charizard|Heat Wave|p1b: Rotom|[miss]
|-miss|p2a: Charizard|p1b: Rotom
|move|p1b: Rotom|Electroweb|p2a: Charizard|[spread] p2a,p2b
|-supereffective|p2a: Charizard|1
|-supereffective|p2b: Primarina|1
|-damage|p2a: Charizard|56/100
|-damage|p2b: Primarina|2/100
|-unboost|p2a: Charizard|spe|1
|-unboost|p2b: Primarina|spe|1
|
|-weather|SunnyDay|[upkeep]
|upkeep
|
|t:|1782700433
|switch|p1a: Froslass|Froslass, L50, F|100/100
|turn|4
|inactive|Vikack has 30 seconds left.
|inactive|Hukjtfthj has 30 seconds left.
|inactive|Vikack has 20 seconds left.
|inactive|Vikack has 15 seconds left.
|
|t:|1782700473
|switch|p2a: Venusaur|Venusaur, L50, F|100/100
|move|p1a: Froslass|Thunderbolt|p2a: Venusaur
|-resisted|p2a: Venusaur|1
|-damage|p2a: Venusaur|87/100
|move|p1b: Rotom|Electroweb|p2a: Venusaur|[spread] p2a,p2b
|-resisted|p2a: Venusaur|1
|-crit|p2a: Venusaur
|-supereffective|p2b: Primarina|1
|-damage|p2a: Venusaur|73/100
|-damage|p2b: Primarina|0 fnt
|-unboost|p2a: Venusaur|spe|1
|faint|p2b: Primarina
|
|-weather|SunnyDay|[upkeep]
|-heal|p2a: Venusaur|78/100|[from] item: Leftovers
|upkeep
|
|t:|1782700487
|switch|p2b: Charizard|Charizard-Mega-Y, L50, M, shiny|56/100
|turn|5
|inactive|Hukjtfthj has 30 seconds left.
|
|t:|1782700513
|detailschange|p1a: Froslass|Froslass-Mega, L50, F
|-mega|p1a: Froslass|Froslass|Froslassite
|-weather|Snowscape|[from] ability: Snow Warning|[of] p1a: Froslass
|move|p2b: Charizard|Protect|p2b: Charizard
|-singleturn|p2b: Charizard|Protect
|move|p1a: Froslass|Thunderbolt|p2b: Charizard
|-activate|p2b: Charizard|move: Protect
|move|p1b: Rotom|Electroweb|p2b: Charizard|[spread] p2a
|-activate|p2b: Charizard|move: Protect
|-resisted|p2a: Venusaur|1
|-damage|p2a: Venusaur|69/100
|-unboost|p2a: Venusaur|spe|1
|move|p2a: Venusaur|Sleep Powder|p1a: Froslass
|-status|p1a: Froslass|slp|[from] move: Sleep Powder
|
|-weather|Snowscape|[upkeep]
|-heal|p2a: Venusaur|75/100|[from] item: Leftovers
|upkeep
|turn|6
|
|t:|1782700534
|cant|p1a: Froslass|slp
|move|p2b: Charizard|Heat Wave|p1b: Rotom|[spread] p1b
|-miss|p2b: Charizard|p1a: Froslass
|-supereffective|p1b: Rotom|1
|-damage|p1b: Rotom|0 fnt
|faint|p1b: Rotom
|move|p2a: Venusaur|Sleep Powder|p1a: Froslass
|-fail|p1a: Froslass|slp
|
|-weather|Snowscape|[upkeep]
|-heal|p2a: Venusaur|80/100|[from] item: Leftovers
|upkeep
|turn|7
|
|t:|1782700552
|cant|p1a: Froslass|slp
|move|p2b: Charizard|Heat Wave|p1a: Froslass
|-supereffective|p1a: Froslass|1
|-damage|p1a: Froslass|0 fnt
|faint|p1a: Froslass
|
|win|Vikack
||Vikack is ready for game 2.
|inactive|Hukjtfthj has 30 seconds to confirm battle start!
|inactive|Hukjtfthj has 20 seconds to confirm battle start!
|inactive|Hukjtfthj has 10 seconds to confirm battle start!
|uhtml|next|Next: Game 2 of 3
|l|☆Hukjtfthj
|player|p1|
