|j|☆1OO% Jesus
|j|☆CiepVGC
|html|1OO% JesusCiepVGC    
|uhtml|bestof|Game 2 of a best-of-3
|t:|1783697851
|gametype|doubles
|player|p1|1OO% Jesus|lillie-z|1195
|player|p2|CiepVGC|silver|1288
|gen|9
|tier|[Gen 9 Champions] VGC 2026 Reg M-B (Bo3)
|rated|
|rule|Species Clause: Limit one of each Pokémon
|rule|Item Clause: Limit 1 of each item
|clearpoke
|poke|p1|Delphox, L50, M|
|poke|p1|Sneasler, L50, F|
|poke|p1|Incineroar, L50, M|
|poke|p1|Sinistcha, L50|
|poke|p1|Maushold-Four, L50|
|poke|p1|Blastoise, L50, M|
|poke|p2|Floette-Eternal, L50, F|
|poke|p2|Delphox, L50, F|
|poke|p2|Sinistcha, L50|
|poke|p2|Incineroar, L50, M|
|poke|p2|Kingambit, L50, F|
|poke|p2|Sneasler, L50, F|
|teampreview|4
|showteam|p1|Delphox||Delphoxite|Blaze|HeatWave,Psyshock,NastyPlot,Protect|Timid||M|||50|]Sneasler||FocusSash|PoisonTouch|CloseCombat,PoisonJab,FakeOut,QuickGuard|Jolly||F|||50|]Incineroar||SitrusBerry|Intimidate|FlareBlitz,ThroatChop,FakeOut,PartingShot|Impish||M|||50|]Sinistcha||OccaBerry|Hospitality|MatchaGotcha,RagePowder,LifeDew,Protect|Bold|||||50|]Maushold-Four||ChopleBerry|FriendGuard|FollowMe,Feint,SuperFang,Protect|Impish|||||50|]Blastoise||Blastoisinite|RainDish|WaterSpout,DarkPulse,ShellSmash,Protect|Modest||M|||50|
|showteam|p2|Floette-Eternal||Floettite|FlowerVeil|Protect,CalmMind,DrainingKiss,DazzlingGleam|Modest||F|||50|]Delphox||Delphoxite|Blaze|Protect,NastyPlot,HeatWave,Psyshock|Timid||F|||50|]Sinistcha||KasibBerry|Hospitality|Protect,RagePowder,TrickRoom,MatchaGotcha|Bold|||||50|]Incineroar||SitrusBerry|Intimidate|FakeOut,PartingShot,ThroatChop,FlareBlitz|Impish||M|||50|]Kingambit||BlackGlasses|Defiant|Protect,KowtowCleave,SuckerPunch,SwordsDance|Adamant||F|||50|]Sneasler||FocusSash|PoisonTouch|RockTomb,CloseCombat,FakeOut,PoisonJab|Jolly||F|||50|
|inactive|Battle timer is ON: inactive players will automatically lose when time's up. (requested by CiepVGC)
|inactive|1OO% Jesus has 60 seconds left.
|
|t:|1783697914
|teamsize|p1|4
|teamsize|p2|4
|start
|switch|p1a: Sneasler|Sneasler, L50, F|100/100
|switch|p1b: Blastoise|Blastoise, L50, M|100/100
|switch|p2a: Floette|Floette-Eternal, L50, F|100/100
|switch|p2b: Sneasler|Sneasler, L50, F|100/100
|turn|1
|
|t:|1783697933
|switch|p1b: Incineroar|Incineroar, L50, M|100/100
|-ability|p1b: Incineroar|Intimidate|boost
|-unboost|p2a: Floette|atk|1
|-unboost|p2b: Sneasler|atk|1
|detailschange|p2a: Floette|Floette-Mega, L50, F
|-mega|p2a: Floette|Floette|Floettite
|-ability|p2a: Floette|Fairy Aura
|move|p2b: Sneasler|Fake Out|p1a: Sneasler
|-damage|p1a: Sneasler|85/100
|cant|p1a: Sneasler|flinch
|move|p2a: Floette|Dazzling Gleam|p1a: Sneasler|[spread] p1a,p1b
|-damage|p1a: Sneasler|24/100
|-damage|p1b: Incineroar|55/100
|
|upkeep
|turn|2
|inactive|1OO% Jesus has 30 seconds left.
|
|t:|1783697958
|switch|p1a: Sinistcha|Sinistcha, L50|100/100
|-heal|p1b: Incineroar|80/100|[from] ability: Hospitality|[of] p1a: Sinistcha
|switch|p2b: Incineroar|Incineroar, L50, M|100/100
|-ability|p2b: Incineroar|Intimidate|boost
|-unboost|p1a: Sinistcha|atk|1
|-unboost|p1b: Incineroar|atk|1
|move|p2a: Floette|Protect|p2a: Floette
|-singleturn|p2a: Floette|Protect
|move|p1b: Incineroar|Parting Shot|p2a: Floette
|-activate|p2a: Floette|move: Protect
|
|upkeep
|turn|3
|inactive|1OO% Jesus has 30 seconds left.
|
|t:|1783697990
|move|p2b: Incineroar|Fake Out|p1b: Incineroar
|-damage|p1b: Incineroar|71/100
|move|p2a: Floette|Calm Mind|p2a: Floette
|-boost|p2a: Floette|spa|1
|-boost|p2a: Floette|spd|1
|cant|p1b: Incineroar|flinch
|move|p1a: Sinistcha|Life Dew||[still]|[spread] p1a,p1b
|-fail|p1a: Sinistcha|heal
|-heal|p1b: Incineroar|96/100
|
|upkeep
|turn|4
|
|t:|1783698000
|move|p2a: Floette|Dazzling Gleam|p1b: Incineroar|[spread] p1a,p1b
|-damage|p1a: Sinistcha|25/100
|-damage|p1b: Incineroar|28/100
|-enditem|p1b: Incineroar|Sitrus Berry|[eat]
|-heal|p1b: Incineroar|52/100|[from] item: Sitrus Berry
|move|p1b: Incineroar|Flare Blitz|p2a: Floette
|-damage|p2a: Floette|66/100
|-damage|p1b: Incineroar|43/100|[from] Recoil
|move|p1a: Sinistcha|Life Dew|p1a: Sinistcha|[spread] p1a,p1b
|-heal|p1a: Sinistcha|51/100
|-heal|p1b: Incineroar|68/100
|move|p2b: Incineroar|Parting Shot|p1b: Incineroar
|-unboost|p1b: Incineroar|atk|1
|-unboost|p1b: Incineroar|spa|1
|
|t:|1783698010
|switch|p2b: Sinistcha|Sinistcha, L50|100/100|[from] Parting Shot
|-heal|p2a: Floette|90/100|[from] ability: Hospitality|[of] p2b: Sinistcha
|
|upkeep
|turn|5
|
|t:|1783698031
|switch|p1b: Sneasler|Sneasler, L50, F|24/100
|move|p2b: Sinistcha|Rage Powder|p2b: Sinistcha
|-singleturn|p2b: Sinistcha|move: Rage Powder
|move|p2a: Floette|Dazzling Gleam|p1b: Sneasler|[spread] p1a,p1b
|-crit|p1a: Sinistcha
|-damage|p1a: Sinistcha|0 fnt
|-damage|p1b: Sneasler|0 fnt
|faint|p1a: Sinistcha
|faint|p1b: Sneasler
|
|upkeep
|
|t:|1783698034
|switch|p1b: Blastoise|Blastoise, L50, M|100/100
|switch|p1a: Incineroar|Incineroar, L50, M|68/100
|-ability|p1a: Incineroar|Intimidate|boost
|-unboost|p2a: Floette|atk|1
|-unboost|p2b: Sinistcha|atk|1
|turn|6
|-message|1OO% Jesus forfeited.
|
|win|CiepVGC
