|j|☆A Regu1ar Guy
|j|☆new mental
|html|A Regu1ar Guynew mental    
|uhtml|bestof|Game 2 of a best-of-3
|t:|1786130979
|gametype|doubles
|player|p1|A Regu1ar Guy|elesa|1217
|player|p2|new mental|volkner|1139
|gen|9
|tier|[Gen 9 Champions] VGC 2026 Reg M-B (Bo3)
|rated|
|rule|Species Clause: Limit one of each Pokémon
|rule|Item Clause: Limit 1 of each item
|clearpoke
|poke|p1|Froslass, L50, F|
|poke|p1|Kingambit, L50, F|
|poke|p1|Sneasler, L50, M|
|poke|p1|Lycanroc-Dusk, L50, M|
|poke|p1|Scovillain, L50, F|
|poke|p1|Swampert, L50, F|
|poke|p2|Charizard, L50, F|
|poke|p2|Garchomp, L50, M|
|poke|p2|Incineroar, L50, F|
|poke|p2|Venusaur, L50, M|
|poke|p2|Toxapex, L50, F|
|poke|p2|Sylveon, L50, M|
|teampreview|4
|showteam|p1|Froslass||Froslassite|CursedBody|Blizzard,ShadowBall,Thunderbolt,Protect|Timid||F|||50|]Kingambit||LifeOrb|Defiant|KowtowCleave,SuckerPunch,SwordsDance,Protect|Adamant||F|||50|]Sneasler||WhiteHerb|Unburden|CloseCombat,GunkShot,FakeOut,Protect|Adamant||M|||50|]Lycanroc-Dusk||FocusSash|ToughClaws|RockSlide,CloseCombat,Accelerock,Protect|Adamant||M|||50|]Scovillain||Scovillainite|Moody|Overheat,GigaDrain,RagePowder,Protect|Bold||F|||50|]Swampert||SitrusBerry|Torrent|HydroPump,IceBeam,EarthPower,Protect|Modest||F|||50|
|showteam|p2|Charizard||CharizarditeY|Blaze|WeatherBall,HeatWave,AncientPower,Protect|Modest||F|||50|]Garchomp||ChoiceScarf|RoughSkin|RockSlide,DragonClaw,Earthquake,StompingTantrum|Adamant||M|||50|]Incineroar||SitrusBerry|Intimidate|FlareBlitz,FakeOut,DarkestLariat,PartingShot|Impish||F|||50|]Venusaur||LifeOrb|Chlorophyll|SludgeBomb,LeafStorm,EarthPower,Protect|Modest||M|||50|]Toxapex||Leftovers|Regenerator|Infestation,Toxic,WideGuard,BanefulBunker|Bold||F|||50|]Sylveon||FairyFeather|Pixilate|HyperVoice,QuickAttack,Yawn,Detect|Modest||M|||50|
|inactive|Battle timer is ON: inactive players will automatically lose when time's up. (requested by A Regu1ar Guy)
|
|t:|1786130989
|teamsize|p1|4
|teamsize|p2|4
|start
|switch|p1a: Froslass|Froslass, L50, F|100/100
|switch|p1b: Lycanroc|Lycanroc-Dusk, L50, M|100/100
|switch|p2a: Charizard|Charizard, L50, F|100/100
|switch|p2b: Incineroar|Incineroar, L50, F|100/100
|-ability|p2b: Incineroar|Intimidate|boost
|-unboost|p1a: Froslass|atk|1
|-unboost|p1b: Lycanroc|atk|1
|turn|1
|
|t:|1786130999
|detailschange|p2a: Charizard|Charizard-Mega-Y, L50, F
|-mega|p2a: Charizard|Charizard|Charizardite Y
|-weather|SunnyDay|[from] ability: Drought|[of] p2a: Charizard
|move|p1a: Froslass|Protect|p1a: Froslass
|-singleturn|p1a: Froslass|Protect
|move|p1b: Lycanroc|Protect|p1b: Lycanroc
|-singleturn|p1b: Lycanroc|Protect
|move|p2b: Incineroar|Fake Out|p1b: Lycanroc
|-activate|p1b: Lycanroc|move: Protect
|move|p2a: Charizard|Heat Wave|p1b: Lycanroc|[spread] 
|-activate|p1a: Froslass|move: Protect
|-activate|p1b: Lycanroc|move: Protect
|
|-weather|SunnyDay|[upkeep]
|upkeep
|turn|2
|
|t:|1786131010
|detailschange|p1a: Froslass|Froslass-Mega, L50, F
|-mega|p1a: Froslass|Froslass|Froslassite
|-weather|Snowscape|[from] ability: Snow Warning|[of] p1a: Froslass
|move|p2a: Charizard|Protect|p2a: Charizard
|-singleturn|p2a: Charizard|Protect
|move|p1a: Froslass|Blizzard|p2b: Incineroar|[spread] p2b
|-activate|p2a: Charizard|move: Protect
|-resisted|p2b: Incineroar|1
|-damage|p2b: Incineroar|82/100
|move|p1b: Lycanroc|Rock Slide|p2a: Charizard|[spread] 
|-activate|p2a: Charizard|move: Protect
|-miss|p1b: Lycanroc|p2b: Incineroar
|move|p2b: Incineroar|Flare Blitz|p1a: Froslass
|-supereffective|p1a: Froslass|1
|-damage|p1a: Froslass|12/100
|-damage|p2b: Incineroar|59/100|[from] Recoil
|
|-weather|Snowscape|[upkeep]
|upkeep
|turn|3
|
|t:|1786131026
|switch|p2a: Toxapex|Toxapex, L50, F|100/100
|move|p1a: Froslass|Thunderbolt|p2a: Toxapex
|-supereffective|p2a: Toxapex|1
|-damage|p2a: Toxapex|47/100
|-status|p2a: Toxapex|par
|move|p1b: Lycanroc|Rock Slide|p2b: Incineroar|[spread] p2a,p2b
|-supereffective|p2b: Incineroar|1
|-damage|p2a: Toxapex|35/100 par
|-damage|p2b: Incineroar|29/100
|-enditem|p2b: Incineroar|Sitrus Berry|[eat]
|-heal|p2b: Incineroar|54/100|[from] item: Sitrus Berry
|move|p2b: Incineroar|Darkest Lariat|p1a: Froslass
|-supereffective|p1a: Froslass|1
|-damage|p1a: Froslass|0 fnt
|faint|p1a: Froslass
|
|-weather|Snowscape|[upkeep]
|-heal|p2a: Toxapex|41/100 par|[from] item: Leftovers
|upkeep
|
|t:|1786131038
|switch|p1a: Swampert|Swampert, L50, F|100/100
|turn|4
|
|t:|1786131044
|-heal|p2a: Toxapex|74/100 par|[from] ability: Regenerator|[silent]
|switch|p2a: Charizard|Charizard-Mega-Y, L50, F|100/100
|-weather|SunnyDay|[from] ability: Drought|[of] p2a: Charizard
|move|p1b: Lycanroc|Close Combat|p2b: Incineroar
|-supereffective|p2b: Incineroar|1
|-damage|p2b: Incineroar|0 fnt
|-unboost|p1b: Lycanroc|def|1
|-unboost|p1b: Lycanroc|spd|1
|faint|p2b: Incineroar
|move|p1a: Swampert|Earth Power|p2a: Charizard
|-immune|p2a: Charizard
|
|-weather|SunnyDay|[upkeep]
|upkeep
|
|t:|1786131055
|switch|p2b: Toxapex|Toxapex, L50, F|74/100 par
|turn|5
|
|t:|1786131061
|move|p1b: Lycanroc|Protect|p1b: Lycanroc
|-singleturn|p1b: Lycanroc|Protect
|move|p2a: Charizard|Protect|p2a: Charizard
|-singleturn|p2a: Charizard|Protect
|move|p1a: Swampert|Hydro Pump|p2a: Charizard
|-activate|p2a: Charizard|move: Protect
|cant|p2b: Toxapex|par
|
|-weather|SunnyDay|[upkeep]
|-heal|p2b: Toxapex|80/100 par|[from] item: Leftovers
|upkeep
|turn|6
|
|t:|1786131071
|switch|p2a: Garchomp|Garchomp, L50, M|100/100
|move|p1b: Lycanroc|Accelerock|p2a: Garchomp
|-resisted|p2a: Garchomp|1
|-damage|p2a: Garchomp|90/100
|-damage|p1b: Lycanroc|88/100|[from] ability: Rough Skin|[of] p2a: Garchomp
|move|p1a: Swampert|Hydro Pump|p2a: Garchomp
|-damage|p2a: Garchomp|62/100
|move|p2b: Toxapex|Toxic|p1a: Swampert
|-status|p1a: Swampert|tox
|
|-weather|SunnyDay|[upkeep]
|-heal|p2b: Toxapex|85/100 par|[from] item: Leftovers
|-damage|p1a: Swampert|94/100 tox|[from] psn
|upkeep
|turn|7
|
|t:|1786131092
|move|p1b: Lycanroc|Protect|p1b: Lycanroc
|-singleturn|p1b: Lycanroc|Protect
|move|p2a: Garchomp|Stomping Tantrum|p1b: Lycanroc
|-activate|p1b: Lycanroc|move: Protect
|move|p1a: Swampert|Ice Beam|p2a: Garchomp
|-supereffective|p2a: Garchomp|2
|-damage|p2a: Garchomp|0 fnt
|faint|p2a: Garchomp
|move|p2b: Toxapex|Infestation|p1b: Lycanroc
|-activate|p1b: Lycanroc|move: Protect
|
|-weather|SunnyDay|[upkeep]
|-heal|p2b: Toxapex|91/100 par|[from] item: Leftovers
|-damage|p1a: Swampert|82/100 tox|[from] psn
|upkeep
|
|t:|1786131094
|switch|p2a: Charizard|Charizard-Mega-Y, L50, F|100/100
|turn|8
|
|t:|1786131102
|move|p2b: Toxapex|Wide Guard|p2b: Toxapex
|-singleturn|p2b: Toxapex|Wide Guard
|move|p1b: Lycanroc|Accelerock|p2a: Charizard
|-supereffective|p2a: Charizard|2
|-damage|p2a: Charizard|21/100
|move|p2a: Charizard|Heat Wave|p1b: Lycanroc|[spread] p1a,p1b
|-resisted|p1a: Swampert|1
|-resisted|p1b: Lycanroc|1
|-damage|p1a: Swampert|54/100 tox
|-damage|p1b: Lycanroc|1/100
|move|p1a: Swampert|Ice Beam|p2a: Charizard
|-damage|p2a: Charizard|0 fnt
|faint|p2a: Charizard
|
|-weather|none
|-heal|p2b: Toxapex|97/100 par|[from] item: Leftovers
|-damage|p1a: Swampert|36/100 tox|[from] psn
|upkeep
|-enditem|p1a: Swampert|Sitrus Berry|[eat]
|-heal|p1a: Swampert|61/100 tox|[from] item: Sitrus Berry
|turn|9
|
|t:|1786131113
|move|p1b: Lycanroc|Rock Slide|p2b: Toxapex
|-damage|p2b: Toxapex|78/100 par
|move|p1a: Swampert|Earth Power|p2b: Toxapex
|-supereffective|p2b: Toxapex|1
|-damage|p2b: Toxapex|12/100 par
|cant|p2b: Toxapex|flinch
|
|-heal|p2b: Toxapex|17/100 par|[from] item: Leftovers
|-damage|p1a: Swampert|38/100 tox|[from] psn
|upkeep
|turn|10
|
|t:|1786131121
|move|p2b: Toxapex|Baneful Bunker|p2b: Toxapex
|-singleturn|p2b: Toxapex|move: Protect
|move|p1b: Lycanroc|Rock Slide|p2b: Toxapex
|-activate|p2b: Toxapex|move: Protect
|move|p1a: Swampert|Earth Power|p2b: Toxapex
|-activate|p2b: Toxapex|move: Protect
|
|-heal|p2b: Toxapex|23/100 par|[from] item: Leftovers
|-damage|p1a: Swampert|9/100 tox|[from] psn
|upkeep
|turn|11
|
|t:|1786131131
|move|p2b: Toxapex|Baneful Bunker|p2b: Toxapex
|-singleturn|p2b: Toxapex|move: Protect
|move|p1b: Lycanroc|Rock Slide|p2b: Toxapex
|-activate|p2b: Toxapex|move: Protect
|move|p1a: Swampert|Earth Power|p2b: Toxapex
|-activate|p2b: Toxapex|move: Protect
|
|-heal|p2b: Toxapex|29/100 par|[from] item: Leftovers
|-damage|p1a: Swampert|0 fnt|[from] psn
|faint|p1a: Swampert
|upkeep
|
|t:|1786131132
|switch|p1a: Kingambit|Kingambit, L50, F|100/100
|turn|12
|
|t:|1786131135
|move|p1b: Lycanroc|Rock Slide|p2b: Toxapex
|-damage|p2b: Toxapex|12/100 par
|move|p1a: Kingambit|Kowtow Cleave|p2b: Toxapex
|-damage|p2b: Toxapex|0 fnt
|faint|p2b: Toxapex
|-damage|p1a: Kingambit|90/100|[from] item: Life Orb
|
|win|A Regu1ar Guy
|raw|A Regu1ar Guy's rating: 1217 → 1236(+19 for winning)
|raw|new mental's rating: 1139 → 1120(-19 for losing)
