|j|☆iliteratepineapple
|j|☆hungry hillo
|html|iliteratepineapplehungry hillo    
|uhtml|bestof|Game 1 of a best-of-3
|t:|1757624172
|gametype|doubles
|player|p1|iliteratepineapple|169|
|player|p2|hungry hillo|n|
|gen|9
|tier|[Gen 9] VGC 2025 Reg H (Bo3)
|rule|Species Clause: Limit one of each Pokémon
|rule|Item Clause: Limit 1 of each item
|clearpoke
|poke|p1|Hydreigon, L50, M|
|poke|p1|Murkrow, L50, M|
|poke|p1|Gholdengo, L50|
|poke|p1|Clefable, L50, M|
|poke|p1|Gothitelle, L50, M|
|poke|p1|Garganacl, L50, F|
|poke|p2|Rillaboom, L50, F|
|poke|p2|Dondozo, L50, F|
|poke|p2|Incineroar, L50, M|
|poke|p2|Clefairy, L50, M|
|poke|p2|Hydreigon, L50, F|
|poke|p2|Gholdengo, L50|
|teampreview|4
|showteam|p1|Hydreigon||LifeOrb|Levitate|DarkPulse,DracoMeteor,HeatWave,Snarl|||M|||50|,,,,,Ghost]Murkrow||Eviolite|Prankster|DualWingbeat,Tailwind,Haze,Protect|||M|||50|,,,,,Ghost]Gholdengo||ChoiceSpecs|GoodasGold|MakeItRain,ShadowBall,Thunderbolt,SteelBeam||||||50|,,,,,Steel]Clefable||RockyHelmet|Unaware|Moonblast,StealthRock,FollowMe,Protect|||M|||50|,,,,,Ghost]Gothitelle||SitrusBerry|ShadowTag|ExpandingForce,FakeOut,Taunt,Protect|||M|||50|,,,,,Water]Garganacl||Leftovers|PurifyingSalt|SaltCure,WideGuard,Recover,Protect|||F|||50|,,,,,Bug
|showteam|p2|Rillaboom||AssaultVest|GrassySurge|FakeOut,WoodHammer,GrassyGlide,Uturn|||F|||50|,,,,,Water]Dondozo||Leftovers|Unaware|Protect,StompingTantrum,WaveCrash,Yawn|||F|||50|,,,,,Grass]Incineroar||SitrusBerry|Intimidate|FakeOut,KnockOff,FlareBlitz,PartingShot|||M|||50|,,,,,Fire]Clefairy||Eviolite|FriendGuard|AfterYou,FollowMe,Protect,LifeDew|||M|||50|,,,,,Normal]Hydreigon||SafetyGoggles|Levitate|DarkPulse,DracoMeteor,Protect,Tailwind|||F|||50|,,,,,Ghost]Gholdengo||LifeOrb|GoodasGold|MakeItRain,ShadowBall,NastyPlot,Protect||||||50|,,,,,Water
|
|t:|1757624295
|teamsize|p1|4
|teamsize|p2|4
|start
|switch|p1a: Garganacl|Garganacl, L50, F|100/100
|switch|p1b: Gothitelle|Gothitelle, L50, M|100/100
|switch|p2a: Dondozo|Dondozo, L50, F|100/100
|switch|p2b: Incineroar|Incineroar, L50, M|100/100
|-ability|p2b: Incineroar|Intimidate|boost
|-unboost|p1a: Garganacl|atk|1
|-unboost|p1b: Gothitelle|atk|1
|turn|1
|
|t:|1757624311
|move|p1b: Gothitelle|Protect|p1b: Gothitelle
|-singleturn|p1b: Gothitelle|Protect
|move|p1a: Garganacl|Protect|p1a: Garganacl
|-singleturn|p1a: Garganacl|Protect
|move|p2b: Incineroar|Fake Out|p1a: Garganacl
|-activate|p1a: Garganacl|move: Protect
|move|p2a: Dondozo|Yawn|p1b: Gothitelle
|-activate|p1b: Gothitelle|move: Protect
|
|upkeep
|turn|2
|
|t:|1757624353
|move|p2a: Dondozo|Protect|p2a: Dondozo
|-singleturn|p2a: Dondozo|Protect
|move|p1b: Gothitelle|Taunt|p2a: Dondozo
|-activate|p2a: Dondozo|move: Protect
|move|p2b: Incineroar|Parting Shot|p1b: Gothitelle
|-unboost|p1b: Gothitelle|atk|1
|-unboost|p1b: Gothitelle|spa|1
|
|t:|1757624362
|switch|p2b: Rillaboom|Rillaboom, L50, F|100/100|[from] Parting Shot
|-fieldstart|move: Grassy Terrain|[from] ability: Grassy Surge|[of] p2b: Rillaboom
|move|p1a: Garganacl|Salt Cure|p2a: Dondozo
|-activate|p2a: Dondozo|move: Protect
|
|upkeep
|turn|3
|
|t:|1757624386
|-terastallize|p1a: Garganacl|Bug
|move|p1b: Gothitelle|Protect|p1b: Gothitelle
|-singleturn|p1b: Gothitelle|Protect
|move|p2b: Rillaboom|U-turn|p2a: Dondozo
|-damage|p2a: Dondozo|85/100
|
|t:|1757624393
|switch|p2b: Incineroar|Incineroar, L50, M|100/100|[from] U-turn
|-ability|p2b: Incineroar|Intimidate|boost
|-unboost|p1a: Garganacl|atk|1
|-unboost|p1b: Gothitelle|atk|1
|move|p1a: Garganacl|Salt Cure|p2a: Dondozo
|-damage|p2a: Dondozo|75/100
|-start|p2a: Dondozo|Salt Cure
|move|p2a: Dondozo|Yawn|p1b: Gothitelle
|-activate|p1b: Gothitelle|move: Protect
|
|-heal|p2a: Dondozo|82/100|[from] Grassy Terrain
|-heal|p2a: Dondozo|88/100|[from] item: Leftovers
|-damage|p2a: Dondozo|63/100|[from] Salt Cure
|upkeep
|turn|4
|
|t:|1757624426
|move|p2b: Incineroar|Fake Out|p1b: Gothitelle
|-damage|p1b: Gothitelle|90/100
|cant|p1b: Gothitelle|flinch
|move|p1a: Garganacl|Salt Cure|p2b: Incineroar
|-supereffective|p2b: Incineroar
|-damage|p2b: Incineroar|89/100
|-start|p2b: Incineroar|Salt Cure
|move|p2a: Dondozo|Yawn|p1b: Gothitelle
|-start|p1b: Gothitelle|move: Yawn|[of] p2a: Dondozo
|
|-heal|p1b: Gothitelle|96/100|[from] Grassy Terrain
|-heal|p2b: Incineroar|95/100|[from] Grassy Terrain
|-heal|p2a: Dondozo|69/100|[from] Grassy Terrain
|-heal|p2a: Dondozo|75/100|[from] item: Leftovers
|-damage|p2b: Incineroar|82/100|[from] Salt Cure
|-damage|p2a: Dondozo|50/100|[from] Salt Cure
|upkeep
|turn|5
|
|t:|1757624444
|move|p1b: Gothitelle|Taunt|p2b: Incineroar
|-start|p2b: Incineroar|move: Taunt
|cant|p2b: Incineroar|move: Taunt|Parting Shot
|move|p1a: Garganacl|Recover||[still]
|-fail|p1a: Garganacl|heal
|move|p2a: Dondozo|Yawn|p1a: Garganacl
|-immune|p1a: Garganacl|[from] ability: Purifying Salt
|
|-heal|p1b: Gothitelle|100/100|[from] Grassy Terrain
|-heal|p2b: Incineroar|88/100|[from] Grassy Terrain
|-heal|p2a: Dondozo|57/100|[from] Grassy Terrain
|-heal|p2a: Dondozo|63/100|[from] item: Leftovers
|-damage|p2b: Incineroar|76/100|[from] Salt Cure
|-damage|p2a: Dondozo|38/100|[from] Salt Cure
|-end|p1b: Gothitelle|move: Yawn|[silent]
|-status|p1b: Gothitelle|slp
|upkeep
|turn|6
|
|t:|1757624474
|-terastallize|p2b: Incineroar|Fire
|cant|p1b: Gothitelle|slp
|move|p2b: Incineroar|Flare Blitz|p1a: Garganacl
|-supereffective|p1a: Garganacl
|-damage|p1a: Garganacl|0 fnt
|faint|p1a: Garganacl
|-damage|p2b: Incineroar|42/100|[from] Recoil
|-enditem|p2b: Incineroar|Sitrus Berry|[eat]
|-heal|p2b: Incineroar|67/100|[from] item: Sitrus Berry
|move|p2a: Dondozo|Wave Crash|p1b: Gothitelle
|-damage|p1b: Gothitelle|66/100 slp
|-damage|p2a: Dondozo|30/100|[from] Recoil
|
|-heal|p1b: Gothitelle|72/100 slp|[from] Grassy Terrain
|-heal|p2b: Incineroar|73/100|[from] Grassy Terrain
|-heal|p2a: Dondozo|36/100|[from] Grassy Terrain
|-heal|p2a: Dondozo|43/100|[from] item: Leftovers
|-damage|p2b: Incineroar|60/100|[from] Salt Cure
|-damage|p2a: Dondozo|18/100|[from] Salt Cure
|-fieldend|move: Grassy Terrain
|upkeep
|
|t:|1757624499
|switch|p1a: Gholdengo|Gholdengo, L50|100/100
|turn|7
|
|t:|1757624509
|move|p1a: Gholdengo|Shadow Ball|p2b: Incineroar
|-damage|p2b: Incineroar|7/100
|-unboost|p2b: Incineroar|spd|1
|cant|p1b: Gothitelle|slp
|move|p2b: Incineroar|Flare Blitz|p1a: Gholdengo
|-supereffective|p1a: Gholdengo
|-damage|p1a: Gholdengo|0 fnt
|faint|p1a: Gholdengo
|-damage|p2b: Incineroar|0 fnt|[from] Recoil
|faint|p2b: Incineroar
|move|p2a: Dondozo|Stomping Tantrum|p1b: Gothitelle
|-damage|p1b: Gothitelle|57/100 slp
|
|-heal|p2a: Dondozo|24/100|[from] item: Leftovers
|-damage|p2a: Dondozo|0 fnt|[from] Salt Cure
|faint|p2a: Dondozo
|upkeep
|
|t:|1757624527
|switch|p1a: Hydreigon|Hydreigon, L50, M|100/100
|switch|p2b: Rillaboom|Rillaboom, L50, F|100/100
|switch|p2a: Clefairy|Clefairy, L50, M|100/100
|-fieldstart|move: Grassy Terrain|[from] ability: Grassy Surge|[of] p2b: Rillaboom
|turn|8
|
|t:|1757624546
|move|p2a: Clefairy|Follow Me|p2a: Clefairy
|-singleturn|p2a: Clefairy|move: Follow Me
|move|p1a: Hydreigon|Heat Wave|p2a: Clefairy|[spread] p2a,p2b
|-supereffective|p2b: Rillaboom
|-damage|p2a: Clefairy|78/100
|-damage|p2b: Rillaboom|65/100
|-damage|p1a: Hydreigon|91/100|[from] item: Life Orb
|move|p2b: Rillaboom|Wood Hammer|p1b: Gothitelle
|-damage|p1b: Gothitelle|0 fnt
|faint|p1b: Gothitelle
|-damage|p2b: Rillaboom|49/100|[from] Recoil
|
|-heal|p2b: Rillaboom|55/100|[from] Grassy Terrain
|-heal|p2a: Clefairy|85/100|[from] Grassy Terrain
|upkeep
|turn|9
|
|t:|1757624565
|move|p1a: Hydreigon|Heat Wave|p2a: Clefairy|[spread] p2a,p2b
|-crit|p2a: Clefairy
|-supereffective|p2b: Rillaboom
|-damage|p2a: Clefairy|50/100
|-damage|p2b: Rillaboom|21/100
|-damage|p1a: Hydreigon|82/100|[from] item: Life Orb
|move|p2b: Rillaboom|U-turn|p1a: Hydreigon
|-supereffective|p1a: Hydreigon
|-damage|p1a: Hydreigon|27/100
|move|p2a: Clefairy|Life Dew|p2a: Clefairy|[spread] p2a,p2b
|-heal|p2a: Clefairy|75/100
|-heal|p2b: Rillaboom|46/100
|
|-heal|p2b: Rillaboom|52/100|[from] Grassy Terrain
|-heal|p2a: Clefairy|81/100|[from] Grassy Terrain
|upkeep
|turn|10
|
|t:|1757624583
|move|p2b: Rillaboom|Grassy Glide|p1a: Hydreigon
|-resisted|p1a: Hydreigon
|-damage|p1a: Hydreigon|5/100
|move|p1a: Hydreigon|Draco Meteor|p2b: Rillaboom|[miss]
|-miss|p1a: Hydreigon|p2b: Rillaboom
|move|p2a: Clefairy|Life Dew|p2a: Clefairy|[spread] p2a,p2b
|-heal|p2a: Clefairy|100/100
|-heal|p2b: Rillaboom|77/100
|
|-heal|p2b: Rillaboom|83/100|[from] Grassy Terrain
|upkeep
|turn|11
|-message|iliteratepineapple forfeited.
|
|win|hungry hillo
||hungry hillo is ready for game 2.
||iliteratepineapple is ready for game 2.
|uhtml|next|Next: Game 2 of 3
