|j|☆Zacharykeith
|j|☆zach_lucius
|html|Zacharykeithzach_lucius    
|uhtml|bestof|Game 1 of a best-of-3
|t:|1757708228
|gametype|doubles
|player|p1|Zacharykeith|fisherman-gen4|1167
|player|p2|zach_lucius|briar|1244
|gen|9
|tier|[Gen 9] VGC 2025 Reg H (Bo3)
|rated|
|rule|Species Clause: Limit one of each Pokémon
|rule|Item Clause: Limit 1 of each item
|clearpoke
|poke|p1|Zoroark-Hisui, L50, F|
|poke|p1|Kingambit, L50, M|
|poke|p1|Sneasler, L50, F|
|poke|p1|Rillaboom, L50, M|
|poke|p1|Primarina, L50, F|
|poke|p1|Electabuzz, L50, M|
|poke|p2|Indeedee-F, L50, F|
|poke|p2|Sneasler, L50, M|
|poke|p2|Armarouge, L50, F|
|poke|p2|Torkoal, L50, F|
|poke|p2|Lilligant-Hisui, L50, F|
|poke|p2|Gallade, L50, M|
|teampreview|4
|showteam|p1|Zoroark-Hisui||FocusSash|Illusion|HyperVoice,ShadowBall,WillOWisp,Protect|||F|||50|,,,,,Normal]Kingambit||BlackGlasses|Defiant|SuckerPunch,KowtowCleave,SwordsDance,Protect|||M|||50|,,,,,Dark]Sneasler||WhiteHerb|Unburden|DireClaw,CloseCombat,Coaching,Protect|||F|||50|,,,,,Stellar]Rillaboom||AssaultVest|GrassySurge|FakeOut,GrassyGlide,WoodHammer,Uturn|||M|||50|,,,,,Fire]Primarina||ThroatSpray|LiquidVoice|HyperVoice,Moonblast,Haze,Protect|||F|||50|,,,,,Poison]Electabuzz||Eviolite|VitalSpirit|Electroweb,Taunt,FollowMe,Protect|||M|||50|,,,,,Ghost
|showteam|p2|Indeedee-F||SafetyGoggles|PsychicSurge|Psychic,HelpingHand,FollowMe,TrickRoom|||F|||50|,,,,,Fairy]Sneasler||PsychicSeed|Unburden|DireClaw,CloseCombat,ThroatChop,Protect|||M|||50|,,,,,Dark]Armarouge||LifeOrb|FlashFire|ExpandingForce,ArmorCannon,TrickRoom,Protect|||F|||50|,,,,,Grass]Torkoal||Charcoal|Drought|Eruption,WeatherBall,ClearSmog,Protect|||F|||50|,,,,,Fire]Lilligant-Hisui||FocusSash|Chlorophyll|CloseCombat,SolarBlade,IceSpinner,AfterYou|||F|||50|,,,,,Ghost]Gallade||ClearAmulet|Sharpness|SacredSword,PsychoCut,WideGuard,TrickRoom|||M|||50|,,,,,Steel
|
|t:|1757708281
|teamsize|p1|4
|teamsize|p2|4
|start
|switch|p1a: Primarina|Primarina, L50, F|100/100
|switch|p1b: Electabuzz|Electabuzz, L50, M|100/100
|switch|p2a: Indeedee|Indeedee-F, L50, F|100/100
|switch|p2b: Armarouge|Armarouge, L50, F|100/100
|-fieldstart|move: Psychic Terrain|[from] ability: Psychic Surge|[of] p2a: Indeedee
|turn|1
|inactive|Battle timer is ON: inactive players will automatically lose when time's up. (requested by Zacharykeith)
|
|t:|1757708302
|-terastallize|p2b: Armarouge|Grass
|move|p2a: Indeedee|Helping Hand|p2b: Armarouge
|-singleturn|p2b: Armarouge|Helping Hand|[of] p2a: Indeedee
|move|p1a: Primarina|Hyper Voice|p2a: Indeedee|[spread] p2a,p2b
|-damage|p2a: Indeedee|68/100
|-damage|p2b: Armarouge|62/100
|move|p1b: Electabuzz|Taunt|p2a: Indeedee
|-start|p2a: Indeedee|move: Taunt
|move|p2b: Armarouge|Expanding Force|p1a: Primarina|[spread] p1a,p1b
|-enditem|p1a: Primarina|Focus Sash
|-damage|p1a: Primarina|1/100
|-damage|p1b: Electabuzz|0 fnt
|replace|p1a: Zoroark|Zoroark-Hisui, L50, F
|-end|p1a: Zoroark|Illusion
|faint|p1b: Electabuzz
|-damage|p2b: Armarouge|52/100|[from] item: Life Orb
|
|upkeep
|
|t:|1757708317
|switch|p1b: Rillaboom|Rillaboom, L50, M|100/100
|-fieldstart|move: Grassy Terrain|[from] ability: Grassy Surge|[of] p1b: Rillaboom
|turn|2
|
|t:|1757708338
|switch|p2a: Gallade|Gallade, L50, M|100/100
|-terastallize|p1a: Zoroark|Normal
|move|p2b: Armarouge|Protect|p2b: Armarouge
|-singleturn|p2b: Armarouge|Protect
|move|p1b: Rillaboom|Grassy Glide|p2b: Armarouge
|-activate|p2b: Armarouge|move: Protect
|move|p1a: Zoroark|Hyper Voice|p2b: Armarouge|[spread] p2a
|-activate|p2b: Armarouge|move: Protect
|-damage|p2a: Gallade|59/100
|
|-heal|p1a: Zoroark|7/100|[from] Grassy Terrain
|-heal|p2a: Gallade|65/100|[from] Grassy Terrain
|-heal|p2b: Armarouge|58/100|[from] Grassy Terrain
|upkeep
|turn|3
|inactive|Zacharykeith has 30 seconds left.
|inactive|zach_lucius has 30 seconds left.
|
|t:|1757708365
|move|p2a: Gallade|Wide Guard|p2a: Gallade
|-singleturn|p2a: Gallade|Wide Guard
|move|p1a: Zoroark|Will-O-Wisp|p2a: Gallade
|-status|p2a: Gallade|brn
|move|p1b: Rillaboom|U-turn|p2b: Armarouge
|-supereffective|p2b: Armarouge
|-damage|p2b: Armarouge|15/100
|
|t:|1757708373
|switch|p1b: Primarina|Primarina, L50, F|100/100|[from] U-turn
|move|p2b: Armarouge|Armor Cannon|p1b: Primarina
|-resisted|p1b: Primarina
|-damage|p1b: Primarina|62/100
|-unboost|p2b: Armarouge|def|1
|-unboost|p2b: Armarouge|spd|1
|-damage|p2b: Armarouge|5/100|[from] item: Life Orb
|
|-heal|p1a: Zoroark|13/100|[from] Grassy Terrain
|-heal|p1b: Primarina|68/100|[from] Grassy Terrain
|-heal|p2a: Gallade|71/100 brn|[from] Grassy Terrain
|-heal|p2b: Armarouge|11/100|[from] Grassy Terrain
|-damage|p2a: Gallade|65/100 brn|[from] brn
|upkeep
|turn|4
|
|t:|1757708392
|move|p2b: Armarouge|Protect|p2b: Armarouge
|-singleturn|p2b: Armarouge|Protect
|move|p1a: Zoroark|Shadow Ball|p2b: Armarouge
|-activate|p2b: Armarouge|move: Protect
|move|p1b: Primarina|Moonblast|p2a: Gallade
|-supereffective|p2a: Gallade
|-damage|p2a: Gallade|0 fnt
|faint|p2a: Gallade
|
|-heal|p1a: Zoroark|20/100|[from] Grassy Terrain
|-heal|p1b: Primarina|74/100|[from] Grassy Terrain
|-heal|p2b: Armarouge|17/100|[from] Grassy Terrain
|upkeep
|
|t:|1757708399
|switch|p2a: Sneasler|Sneasler, L50, M|100/100
|turn|5
|inactive|Zacharykeith has 30 seconds left.
|inactive|zach_lucius has 30 seconds left.
|
|t:|1757708426
|move|p1a: Zoroark|Protect|p1a: Zoroark
|-singleturn|p1a: Zoroark|Protect
|move|p2a: Sneasler|Dire Claw|p1a: Zoroark
|-activate|p1a: Zoroark|move: Protect
|move|p1b: Primarina|Hyper Voice|p2a: Sneasler|[spread] p2a,p2b
|-resisted|p2b: Armarouge
|-damage|p2a: Sneasler|56/100
|-damage|p2b: Armarouge|0 fnt
|faint|p2b: Armarouge
|-enditem|p1b: Primarina|Throat Spray
|-boost|p1b: Primarina|spa|1|[from] item: Throat Spray
|
|-heal|p2a: Sneasler|62/100|[from] Grassy Terrain
|-heal|p1a: Zoroark|26/100|[from] Grassy Terrain
|-heal|p1b: Primarina|80/100|[from] Grassy Terrain
|upkeep
|
|t:|1757708433
|switch|p2b: Indeedee|Indeedee-F, L50, F|68/100
|-fieldstart|move: Psychic Terrain|[from] ability: Psychic Surge|[of] p2b: Indeedee
|-enditem|p2a: Sneasler|Psychic Seed
|-boost|p2a: Sneasler|spd|1|[from] item: Psychic Seed
|turn|6
|
|t:|1757708446
|switch|p1a: Rillaboom|Rillaboom, L50, M|100/100
|-fieldstart|move: Grassy Terrain|[from] ability: Grassy Surge|[of] p1a: Rillaboom
|move|p2a: Sneasler|Protect|p2a: Sneasler
|-singleturn|p2a: Sneasler|Protect
|move|p1b: Primarina|Protect|p1b: Primarina
|-singleturn|p1b: Primarina|Protect
|move|p2b: Indeedee|Psychic|p1a: Rillaboom
|-damage|p1a: Rillaboom|80/100
|
|-heal|p2a: Sneasler|68/100|[from] Grassy Terrain
|-heal|p1a: Rillaboom|86/100|[from] Grassy Terrain
|-heal|p1b: Primarina|86/100|[from] Grassy Terrain
|-heal|p2b: Indeedee|74/100|[from] Grassy Terrain
|upkeep
|turn|7
|
|t:|1757708465
|move|p2a: Sneasler|Protect||[still]
|-fail|p2a: Sneasler
|move|p1a: Rillaboom|U-turn|p2b: Indeedee
|-supereffective|p2b: Indeedee
|-damage|p2b: Indeedee|26/100
|
|t:|1757708470
|switch|p1a: Rillaboom|Rillaboom, L50, M, tera:Normal|26/100|[from] U-turn
|move|p1b: Primarina|Hyper Voice|p2b: Indeedee|[spread] p2a,p2b
|-damage|p2a: Sneasler|25/100
|-damage|p2b: Indeedee|0 fnt
|faint|p2b: Indeedee
|
|-heal|p2a: Sneasler|31/100|[from] Grassy Terrain
|-heal|p1a: Rillaboom|32/100|[from] Grassy Terrain
|-heal|p1b: Primarina|92/100|[from] Grassy Terrain
|upkeep
|turn|8
|-message|zach_lucius forfeited.
|
|win|Zacharykeith
