|j|☆FreezyPop439
|j|☆Eneix1234
|html|FreezyPop439Eneix1234    
|uhtml|bestof|Game 1 of a best-of-3
|t:|1782229507
|gametype|doubles
|player|p1|FreezyPop439|collector|1198
|player|p2|Eneix1234|265|1085
|gen|9
|tier|[Gen 9 Champions] VGC 2026 Reg M-B (Bo3)
|rated|
|rule|Species Clause: Limit one of each Pokémon
|rule|Item Clause: Limit 1 of each item
|clearpoke
|poke|p1|Garchomp, L50, M|
|poke|p1|Staraptor, L50, F|
|poke|p1|Grimmsnarl, L50, M|
|poke|p1|Gholdengo, L50|
|poke|p1|Maushold-Four, L50|
|poke|p1|Volcarona, L50, F|
|poke|p2|Raichu, L50, F|
|poke|p2|Gyarados, L50, M|
|poke|p2|Sinistcha-Masterpiece, L50|
|poke|p2|Arcanine-Hisui, L50, M|
|poke|p2|Clefable, L50, M|
|poke|p2|Zoroark-Hisui, L50, F|
|teampreview|4
|showteam|p1|Garchomp||LifeOrb|RoughSkin|Earthquake,DragonClaw,RockSlide,Protect|Jolly||M|||50|]Staraptor||Staraptite|Intimidate|BraveBird,CloseCombat,Roost,Protect|Jolly||F|||50|]Grimmsnarl||LightClay|Prankster|SpiritBreak,LightScreen,Reflect,PartingShot|Careful||M|||50|]Gholdengo||MetalCoat|GoodasGold|MakeItRain,ShadowBall,NastyPlot,Protect|Modest|||||50|]Maushold-Four||FocusSash|FriendGuard|FollowMe,Charm,SuperFang,Protect|Jolly|||||50|]Volcarona||ChartiBerry|FlameBody|HeatWave,StruggleBug,RagePowder,Tailwind|Timid||F|||50|
|showteam|p2|Raichu||FocusSash|LightningRod|FakeOut,KnockOff,Nuzzle,Protect|Jolly||F|||50|]Gyarados||Gyaradosite|Intimidate|DragonDance,Protect,Waterfall,Crunch|Adamant||M|||50|]Sinistcha-Masterpiece||SitrusBerry|Hospitality|Protect,RagePowder,ShadowBall,MatchaGotcha|Modest|||||50|]Arcanine-Hisui||ChoiceScarf|RockHead|HeadSmash,FlareBlitz,WildCharge,WillOWisp|Adamant||M|||50|]Clefable||Leftovers|Unaware|Moonblast,FollowMe,LifeDew,Protect|Bold||M|||50|]Zoroark-Hisui||WideLens|Illusion|HyperVoice,ShadowBall,WillOWisp,Protect|Timid||F|||50|
|
|t:|1782229569
|teamsize|p1|4
|teamsize|p2|4
|start
|switch|p1a: Staraptor|Staraptor, L50, F|100/100
|switch|p1b: Maushold|Maushold-Four, L50|100/100
|switch|p2a: Sinistcha|Sinistcha-Masterpiece, L50|100/100
|switch|p2b: Clefable|Clefable, L50, M|100/100
|-ability|p1a: Staraptor|Intimidate|boost
|-unboost|p2a: Sinistcha|atk|1
|-unboost|p2b: Clefable|atk|1
|turn|1
|
|t:|1782229589
|move|p1b: Maushold|Protect|p1b: Maushold
|-singleturn|p1b: Maushold|Protect
|move|p1a: Staraptor|Protect|p1a: Staraptor
|-singleturn|p1a: Staraptor|Protect
|move|p2a: Sinistcha|Will-O-Wisp|p1a: Staraptor
|-activate|p1a: Staraptor|move: Protect
|move|p2b: Clefable|Moonblast|p1a: Staraptor
|-activate|p1a: Staraptor|move: Protect
|
|upkeep
|turn|2
|
|t:|1782229625
|switch|p2a: Gyarados|Gyarados, L50, M|100/100
|-ability|p2a: Gyarados|Intimidate|boost
|-unboost|p1a: Staraptor|atk|1
|-unboost|p1b: Maushold|atk|1
|detailschange|p1a: Staraptor|Staraptor-Mega, L50, F
|-mega|p1a: Staraptor|Staraptor|Staraptite
|move|p1b: Maushold|Follow Me|p1b: Maushold
|-singleturn|p1b: Maushold|move: Follow Me
|move|p1a: Staraptor|Brave Bird|p2a: Gyarados
|-damage|p2a: Gyarados|51/100
|-damage|p1a: Staraptor|84/100|[from] Recoil
|move|p2b: Clefable|Moonblast|p1b: Maushold
|-damage|p1b: Maushold|59/100
|
|upkeep
|turn|3
|
|t:|1782229656
|switch|p2a: Sinistcha|Sinistcha-Masterpiece, L50|100/100
|move|p1b: Maushold|Super Fang|p2b: Clefable
|-damage|p2b: Clefable|50/100y
|move|p1a: Staraptor|Brave Bird|p2a: Sinistcha
|-damage|p2a: Sinistcha|21/100
|replace|p2a: Zoroark|Zoroark-Hisui, L50, F
|-end|p2a: Zoroark|Illusion
|-damage|p1a: Staraptor|66/100|[from] Recoil
|move|p2b: Clefable|Moonblast|p1a: Staraptor
|-supereffective|p1a: Staraptor|1
|-damage|p1a: Staraptor|16/100
|
|-heal|p2b: Clefable|55/100|[from] item: Leftovers
|upkeep
|turn|4
|
|t:|1782229682
|switch|p1a: Volcarona|Volcarona, L50, F|100/100
|move|p1b: Maushold|Protect|p1b: Maushold
|-singleturn|p1b: Maushold|Protect
|move|p2a: Zoroark|Hyper Voice|p1b: Maushold|[spread] p1a
|-activate|p1b: Maushold|move: Protect
|-crit|p1a: Volcarona
|-damage|p1a: Volcarona|61/100
|move|p2b: Clefable|Life Dew|p2b: Clefable|[spread] p2a,p2b
|-heal|p2a: Zoroark|46/100
|-heal|p2b: Clefable|81/100
|
|-heal|p2b: Clefable|87/100|[from] item: Leftovers
|upkeep
|turn|5
|
|t:|1782229713
|switch|p2a: Gyarados|Gyarados, L50, M|51/100
|-ability|p2a: Gyarados|Intimidate|boost
|-unboost|p1a: Volcarona|atk|1
|-unboost|p1b: Maushold|atk|1
|move|p1b: Maushold|Super Fang|p2b: Clefable
|-damage|p2b: Clefable|43/100
|move|p1a: Volcarona|Heat Wave|p2b: Clefable|[spread] p2b
|-miss|p1a: Volcarona|p2a: Gyarados
|-damage|p2b: Clefable|12/100
|move|p2b: Clefable|Life Dew|p2b: Clefable|[spread] p2a,p2b
|-heal|p2a: Gyarados|76/100
|-heal|p2b: Clefable|37/100
|
|-heal|p2b: Clefable|43/100|[from] item: Leftovers
|upkeep
|turn|6
|
|t:|1782229734
|switch|p2a: Sinistcha|Sinistcha-Masterpiece, L50|46/100
|move|p1b: Maushold|Super Fang|p2a: Sinistcha
|-immune|p2a: Sinistcha
|move|p1a: Volcarona|Tailwind|p1a: Volcarona
|-sidestart|p1: FreezyPop439|move: Tailwind
|move|p2b: Clefable|Moonblast|p1a: Volcarona
|-resisted|p1a: Volcarona|1
|-damage|p1a: Volcarona|50/100g
|
|-heal|p2b: Clefable|49/100|[from] item: Leftovers
|upkeep
|turn|7
|
|t:|1782229749
|move|p1b: Maushold|Super Fang|p2b: Clefable
|-damage|p2b: Clefable|24/100
|move|p1a: Volcarona|Heat Wave|p2a: Sinistcha|[spread] p2a
|-miss|p1a: Volcarona|p2b: Clefable
|-damage|p2a: Sinistcha|0 fnt
|replace|p2a: Zoroark|Zoroark-Hisui, L50, F
|-end|p2a: Zoroark|Illusion
|faint|p2a: Zoroark
|move|p2b: Clefable|Moonblast|p1a: Volcarona
|-resisted|p1a: Volcarona|1
|-damage|p1a: Volcarona|39/100
|-unboost|p1a: Volcarona|spa|1
|
|-heal|p2b: Clefable|30/100|[from] item: Leftovers
|upkeep
|
|t:|1782229763
|switch|p2a: Sinistcha|Sinistcha-Masterpiece, L50|100/100
|-heal|p2b: Clefable|55/100|[from] ability: Hospitality|[of] p2a: Sinistcha
|turn|8
|
|t:|1782229781
|move|p1b: Maushold|Protect|p1b: Maushold
|-singleturn|p1b: Maushold|Protect
|move|p1a: Volcarona|Heat Wave|p2a: Sinistcha|[spread] p2a,p2b
|-supereffective|p2a: Sinistcha|1
|-damage|p2a: Sinistcha|52/100
|-damage|p2b: Clefable|26/100
|move|p2a: Sinistcha|Matcha Gotcha|p1a: Volcarona|[spread] p1a
|-activate|p1b: Maushold|move: Protect
|-resisted|p1a: Volcarona|2
|-damage|p1a: Volcarona|33/100
|-heal|p2a: Sinistcha|56/100|[from] drain|[of] p1a: Volcarona
|move|p2b: Clefable|Moonblast|p1a: Volcarona
|-resisted|p1a: Volcarona|1
|-damage|p1a: Volcarona|22/100
|
|-heal|p2b: Clefable|32/100|[from] item: Leftovers
|upkeep
|turn|9
|
|t:|1782229807
|move|p2b: Clefable|Protect|p2b: Clefable
|-singleturn|p2b: Clefable|Protect
|move|p1b: Maushold|Super Fang|p2b: Clefable
|-activate|p2b: Clefable|move: Protect
|move|p1a: Volcarona|Heat Wave|p2a: Sinistcha|[spread] p2a
|-activate|p2b: Clefable|move: Protect
|-supereffective|p2a: Sinistcha|1
|-damage|p2a: Sinistcha|7/100
|-enditem|p2a: Sinistcha|Sitrus Berry|[eat]
|-heal|p2a: Sinistcha|31/100|[from] item: Sitrus Berry
|move|p2a: Sinistcha|Matcha Gotcha|p1b: Maushold|[spread] p1b
|-miss|p2a: Sinistcha|p1a: Volcarona
|-damage|p1b: Maushold|16/100
|-heal|p2a: Sinistcha|55/100|[from] drain|[of] p1b: Maushold
|-status|p1b: Maushold|brn
|
|-heal|p2b: Clefable|38/100|[from] item: Leftovers
|-damage|p1b: Maushold|9/100 brn|[from] brn
|-sideend|p1: FreezyPop439|move: Tailwind
|upkeep
|turn|10
|
|t:|1782229854
|switch|p1b: Gholdengo|Gholdengo, L50|100/100
|move|p2a: Sinistcha|Protect|p2a: Sinistcha
|-singleturn|p2a: Sinistcha|Protect
|move|p1a: Volcarona|Heat Wave|p2b: Clefable|[spread] p2b
|-activate|p2a: Sinistcha|move: Protect
|-damage|p2b: Clefable|11/100
|move|p2b: Clefable|Moonblast|p1b: Gholdengo
|-resisted|p1b: Gholdengo|1
|-crit|p1b: Gholdengo
|-damage|p1b: Gholdengo|76/100
|
|-heal|p2b: Clefable|17/100|[from] item: Leftovers
|upkeep
|turn|11
|
|t:|1782229871
|switch|p2a: Gyarados|Gyarados, L50, M|76/100
|-ability|p2a: Gyarados|Intimidate|boost
|-unboost|p1a: Volcarona|atk|1
|-unboost|p1b: Gholdengo|atk|1
|move|p1a: Volcarona|Heat Wave|p2a: Gyarados|[spread] p2b
|-miss|p1a: Volcarona|p2a: Gyarados
|-damage|p2b: Clefable|0 fnt
|faint|p2b: Clefable
|move|p1b: Gholdengo|Shadow Ball|p2a: Gyarados
|-damage|p2a: Gyarados|29/100
|-unboost|p2a: Gyarados|spd|1
|
|upkeep
|
|t:|1782229883
|switch|p2b: Sinistcha|Sinistcha-Masterpiece, L50|55/100
|-heal|p2a: Gyarados|54/100|[from] ability: Hospitality|[of] p2b: Sinistcha
|turn|12
|
|t:|1782229906
|detailschange|p2a: Gyarados|Gyarados-Mega, L50, M
|-mega|p2a: Gyarados|Gyarados|Gyaradosite
|-ability|p2a: Gyarados|Mold Breaker
|move|p2b: Sinistcha|Protect|p2b: Sinistcha
|-singleturn|p2b: Sinistcha|Protect
|move|p1a: Volcarona|Tailwind|p1a: Volcarona
|-sidestart|p1: FreezyPop439|move: Tailwind
|move|p1b: Gholdengo|Shadow Ball|p2b: Sinistcha
|-activate|p2b: Sinistcha|move: Protect
|move|p2a: Gyarados|Dragon Dance|p2a: Gyarados
|-boost|p2a: Gyarados|atk|1
|-boost|p2a: Gyarados|spe|1
|
|upkeep
|turn|13
|
|t:|1782229937
|move|p1a: Volcarona|Rage Powder|p1a: Volcarona
|-singleturn|p1a: Volcarona|move: Rage Powder
|move|p1b: Gholdengo|Shadow Ball|p2b: Sinistcha
|-supereffective|p2b: Sinistcha|1
|-damage|p2b: Sinistcha|0 fnt
|faint|p2b: Sinistcha
|move|p2a: Gyarados|Dragon Dance|p2a: Gyarados
|-boost|p2a: Gyarados|atk|1
|-boost|p2a: Gyarados|spe|1
|
|upkeep
|turn|14
|
|t:|1782229961
|move|p1a: Volcarona|Struggle Bug|p2a: Gyarados
|-supereffective|p2a: Gyarados|1
|-damage|p2a: Gyarados|18/100
|-unboost|p2a: Gyarados|spa|1
|move|p2a: Gyarados|Crunch|p1b: Gholdengo
|-supereffective|p1b: Gholdengo|1
|-damage|p1b: Gholdengo|0 fnt
|faint|p1b: Gholdengo
|
|upkeep
|
|t:|1782229970
|switch|p1b: Staraptor|Staraptor-Mega, L50, F|16/100
|turn|15
|
|t:|1782229979
|move|p2a: Gyarados|Protect|p2a: Gyarados
|-singleturn|p2a: Gyarados|Protect
|move|p1a: Volcarona|Rage Powder|p1a: Volcarona
|-singleturn|p1a: Volcarona|move: Rage Powder
|move|p1b: Staraptor|Close Combat|p2a: Gyarados
|-activate|p2a: Gyarados|move: Protect
|
|-sideend|p1: FreezyPop439|move: Tailwind
|upkeep
|turn|16
|
|t:|1782229987
|move|p1a: Volcarona|Rage Powder|p1a: Volcarona
|-singleturn|p1a: Volcarona|move: Rage Powder
|move|p2a: Gyarados|Waterfall|p1a: Volcarona
|-supereffective|p1a: Volcarona|1
|-damage|p1a: Volcarona|0 fnt
|-status|p2a: Gyarados|brn|[from] ability: Flame Body|[of] p1a: Volcarona
|faint|p1a: Volcarona
|move|p1b: Staraptor|Close Combat|p2a: Gyarados
|-supereffective|p2a: Gyarados|1
|-damage|p2a: Gyarados|0 fnt
|-boost|p1b: Staraptor|def|1
|-boost|p1b: Staraptor|spd|1
|faint|p2a: Gyarados
|
|win|FreezyPop439
||Eneix1234 is ready for game 2.
