|j|☆Phish With A PH
|j|☆420dablord
|html|Phish With A PH420dablord    
|uhtml|bestof|Game 1 of a best-of-3
|t:|1757832705
|gametype|doubles
|player|p1|Phish With A PH|wallace|1102
|player|p2|420dablord|1|1132
|gen|9
|tier|[Gen 9] VGC 2025 Reg H (Bo3)
|rated|
|rule|Species Clause: Limit one of each Pokémon
|rule|Item Clause: Limit 1 of each item
|clearpoke
|poke|p1|Sinistcha-Masterpiece, L50|
|poke|p1|Primarina, L50, F|
|poke|p1|Incineroar, L50, F|
|poke|p1|Porygon2, L50|
|poke|p1|Gliscor, L50, F|
|poke|p1|Archaludon, L50, F|
|poke|p2|Rillaboom, L50, F|
|poke|p2|Gholdengo, L50|
|poke|p2|Pelipper, L50, M|
|poke|p2|Kingambit, L50, M|
|poke|p2|Basculegion, L50, M|
|poke|p2|Sneasler, L50, F|
|teampreview|4
|showteam|p1|Sinistcha-Masterpiece||MentalHerb|Hospitality|MatchaGotcha,ShadowBall,RagePowder,Protect||||||50|,,,,,Water]Primarina||AssaultVest|LiquidVoice|HyperVoice,Moonblast,IcyWind,Psychic|||F|||50|,,,,,Fire]Incineroar||SafetyGoggles|Intimidate|KnockOff,FakeOut,PartingShot,Protect|||F|||50|,,,,,Ghost]Porygon2||Eviolite|Download|TeraBlast,IceBeam,TrickRoom,Protect||||||50|,,,,,Fighting]Gliscor||ToxicOrb|PoisonHeal|HighHorsepower,Tailwind,SwordsDance,Protect|||F|||50|,,,,,Water]Archaludon||PowerHerb|Stamina|BodyPress,ElectroShot,Snarl,Protect|||F|||50|,,,,,Grass
|showteam|p2|Rillaboom||AssaultVest|GrassySurge|GrassyGlide,WoodHammer,FakeOut,HighHorsepower|||F|||50|,,,,,Ground]Gholdengo||LifeOrb|GoodasGold|MakeItRain,NastyPlot,Protect,ShadowBall||||||50|,,,,,Dark]Pelipper||DampRock|Drizzle|Tailwind,WeatherBall,Hurricane,HelpingHand|||M|||50|,,,,,Grass]Kingambit||BlackGlasses|Defiant|SuckerPunch,KowtowCleave,SwordsDance,Protect|||M|||50|,,,,,Ghost]Basculegion||ChoiceBand|SwiftSwim|FlipTurn,AquaJet,LastRespects,WaveCrash|||M|||50|,,,,,Dark]Sneasler||FocusSash|Unburden|CloseCombat,Protect,DireClaw,FakeOut|||F|||50|,,,,,Fighting
|
|t:|1757832839
|teamsize|p1|4
|teamsize|p2|4
|start
|switch|p1a: Porygon2|Porygon2, L50|100/100
|switch|p1b: Primarina|Primarina, L50, F|100/100
|switch|p2a: Pelipper|Pelipper, L50, M|100/100
|switch|p2b: Basculegion|Basculegion, L50, M|100/100
|-weather|RainDance|[from] ability: Drizzle|[of] p2a: Pelipper
|-ability|p1a: Porygon2|Download|boost
|-boost|p1a: Porygon2|spa|1
|turn|1
|
|t:|1757832860
|switch|p1b: Archaludon|Archaludon, L50, F|100/100
|move|p2b: Basculegion|Flip Turn|p1a: Porygon2
|-damage|p1a: Porygon2|55/100
|
|t:|1757832868
|switch|p2b: Rillaboom|Rillaboom, L50, F|100/100|[from] Flip Turn
|-fieldstart|move: Grassy Terrain|[from] ability: Grassy Surge|[of] p2b: Rillaboom
|move|p2a: Pelipper|Hurricane|p1a: Porygon2
|-damage|p1a: Porygon2|31/100
|-start|p1a: Porygon2|confusion
|-activate|p1a: Porygon2|confusion
|-damage|p1a: Porygon2|23/100|[from] confusion
|
|-weather|RainDance|[upkeep]
|-heal|p1a: Porygon2|29/100|[from] Grassy Terrain
|upkeep
|turn|2
|
|t:|1757832886
|-activate|p1a: Porygon2|confusion
|-damage|p1a: Porygon2|20/100|[from] confusion
|move|p2b: Rillaboom|Fake Out|p1a: Porygon2
|-damage|p1a: Porygon2|11/100
|move|p1b: Archaludon|Electro Shot||[still]
|-prepare|p1b: Archaludon|Electro Shot
|-boost|p1b: Archaludon|spa|1
|-anim|p1b: Archaludon|Electro Shot|p2a: Pelipper
|-supereffective|p2a: Pelipper
|-damage|p2a: Pelipper|0 fnt
|faint|p2a: Pelipper
|
|-weather|RainDance|[upkeep]
|-heal|p1a: Porygon2|17/100|[from] Grassy Terrain
|upkeep
|
|t:|1757832899
|switch|p2a: Kingambit|Kingambit, L50, M|100/100
|turn|3
|
|t:|1757832920
|-terastallize|p2b: Rillaboom|Ground
|move|p2b: Rillaboom|High Horsepower|p1a: Porygon2|[miss]
|-miss|p2b: Rillaboom|p1a: Porygon2
|move|p1b: Archaludon|Electro Shot||[still]
|-prepare|p1b: Archaludon|Electro Shot
|-boost|p1b: Archaludon|spa|1
|-anim|p1b: Archaludon|Electro Shot|p2a: Kingambit
|-damage|p2a: Kingambit|7/100
|-activate|p1a: Porygon2|confusion
|move|p1a: Porygon2|Ice Beam|p2a: Kingambit
|-resisted|p2a: Kingambit
|-damage|p2a: Kingambit|0 fnt
|faint|p2a: Kingambit
|
|-weather|RainDance|[upkeep]
|-heal|p1a: Porygon2|22/100|[from] Grassy Terrain
|upkeep
|
|t:|1757832935
|switch|p2a: Basculegion|Basculegion, L50, M|100/100
|turn|4
|
|t:|1757832952
|switch|p1a: Gliscor|Gliscor, L50, F|100/100
|-terastallize|p1b: Archaludon|Grass
|move|p2a: Basculegion|Last Respects|p1b: Archaludon
|-damage|p1b: Archaludon|6/100
|-ability|p1b: Archaludon|Stamina|boost
|-boost|p1b: Archaludon|def|1
|move|p1b: Archaludon|Electro Shot||[still]
|-prepare|p1b: Archaludon|Electro Shot
|-boost|p1b: Archaludon|spa|1
|-anim|p1b: Archaludon|Electro Shot|p2a: Basculegion
|-supereffective|p2a: Basculegion
|-damage|p2a: Basculegion|0 fnt
|faint|p2a: Basculegion
|move|p2b: Rillaboom|Wood Hammer|p1a: Gliscor
|-damage|p1a: Gliscor|31/100
|-damage|p2b: Rillaboom|78/100|[from] Recoil
|
|-weather|RainDance|[upkeep]
|-heal|p1b: Archaludon|12/100|[from] Grassy Terrain
|-heal|p2b: Rillaboom|84/100|[from] Grassy Terrain
|-status|p1a: Gliscor|tox|[from] item: Toxic Orb
|upkeep
|turn|5
|-message|420dablord forfeited.
|
|win|Phish With A PH
|l|☆420dablord
|player|p2|
||420dablord is ready for game 2.
||Phish With A PH is ready for game 2.
|uhtml|next|Next: Game 2 of 3
|l|☆Phish With A PH
|player|p1|
