|j|☆becomingother
|j|☆nazunabpd
|html|becomingothernazunabpd    
|uhtml|bestof|Game 3 of a best-of-3
|t:|1757936343
|gametype|doubles
|player|p1|becomingother|1|1059
|player|p2|nazunabpd|roxie|1132
|gen|9
|tier|[Gen 9] VGC 2025 Reg H (Bo3)
|rated|
|rule|Species Clause: Limit one of each Pokémon
|rule|Item Clause: Limit 1 of each item
|clearpoke
|poke|p1|Kingambit, L50, M|
|poke|p1|Arcanine-Hisui, L50, F|
|poke|p1|Whimsicott, L50, M|
|poke|p1|Dragonite, L50, M|
|poke|p1|Archaludon, L50, M|
|poke|p1|Ursaluna-Bloodmoon, L50, M|
|poke|p2|Amoonguss, L50, M|
|poke|p2|Sneasler, L50, M|
|poke|p2|Rillaboom, L50, F|
|poke|p2|Gholdengo, L50|
|poke|p2|Pelipper, L50, F|
|poke|p2|Basculegion, L50, M|
|teampreview|4
|showteam|p1|Kingambit||SafetyGoggles|Defiant|KowtowCleave,Protect,SuckerPunch,SwordsDance|||M|||50|,,,,,Fire]Arcanine-Hisui||SitrusBerry|Intimidate|Howl,FlareBlitz,RockSlide,Protect|||F|||50|,,,,,Grass]Whimsicott||CovertCloak|Prankster|BeatUp,Moonblast,Encore,Tailwind|||M|||50|,,,,,Water]Dragonite||ChoiceBand|InnerFocus|TeraBlast,Outrage,StompingTantrum,ExtremeSpeed|||M|||50|,,,,,Flying]Archaludon||AssaultVest|Stamina|BodyPress,ElectroShot,FlashCannon,DracoMeteor|||M|||50|,,,,,Grass]Ursaluna-Bloodmoon||LifeOrb|MindsEye|HyperVoice,BloodMoon,EarthPower,Protect|||M|||50|,,,,,Normal
|showteam|p2|Amoonguss||SitrusBerry|Regenerator|Spore,RagePowder,Protect,SludgeBomb|||M|||50|,,,,,Water]Sneasler||FocusSash|Unburden|DireClaw,CloseCombat,FakeOut,Protect|||M|||50|,,,,,Stellar]Rillaboom||AssaultVest|GrassySurge|FakeOut,GrassyGlide,Uturn,KnockOff|||F|||50|,,,,,Steel]Gholdengo||LifeOrb|GoodasGold|MakeItRain,ShadowBall,Protect,FocusBlast||||||50|,,,,,Steel]Pelipper||CovertCloak|Drizzle|Tailwind,WideGuard,Hurricane,WeatherBall|||F|||50|,,,,,Grass]Basculegion||ChoiceBand|SwiftSwim|WaveCrash,FlipTurn,LastRespects,AquaJet|||M|||50|,,,,,Ghost
|inactive|Battle timer is ON: inactive players will automatically lose when time's up. (requested by becomingother)
|inactive|nazunabpd has 60 seconds left.
|
|t:|1757936376
|teamsize|p1|4
|teamsize|p2|4
|start
|switch|p1a: Archaludon|Archaludon, L50, M|100/100
|switch|p1b: Whimsicott|Whimsicott, L50, M|100/100
|switch|p2a: Gholdengo|Gholdengo, L50|100/100
|switch|p2b: Sneasler|Sneasler, L50, M|100/100
|turn|1
|inactive|becomingother has 30 seconds left.
|inactive|nazunabpd has 30 seconds left.
|inactive|becomingother has 20 seconds left.
|inactive|nazunabpd has 20 seconds left.
|inactive|becomingother has 15 seconds left.
|inactive|nazunabpd has 15 seconds left.
|inactive|becomingother has 10 seconds left.
|inactive|nazunabpd has 10 seconds left.
|
|t:|1757936424
|switch|p1a: Dragonite|Dragonite, L50, M|100/100
|-terastallize|p2b: Sneasler|Stellar
|move|p2b: Sneasler|Close Combat|p1a: Dragonite
|-resisted|p1a: Dragonite
|-damage|p1a: Dragonite|55/100
|-unboost|p2b: Sneasler|def|1
|-unboost|p2b: Sneasler|spd|1
|move|p1b: Whimsicott|Moonblast|p2b: Sneasler
|-damage|p2b: Sneasler|38/100
|move|p2a: Gholdengo|Shadow Ball|p1a: Dragonite
|-damage|p1a: Dragonite|0 fnt
|faint|p1a: Dragonite
|-damage|p2a: Gholdengo|91/100|[from] item: Life Orb
|
|upkeep
|
|t:|1757936436
|switch|p1a: Kingambit|Kingambit, L50, M|100/100
|turn|2
|inactive|nazunabpd has 30 seconds left.
|inactive|nazunabpd has 20 seconds left.
|inactive|nazunabpd has 15 seconds left.
|
|t:|1757936479
|move|p2a: Gholdengo|Protect|p2a: Gholdengo
|-singleturn|p2a: Gholdengo|Protect
|move|p1b: Whimsicott|Tailwind|p1b: Whimsicott
|-sidestart|p1: becomingother|move: Tailwind
|move|p1a: Kingambit|Sucker Punch|p2b: Sneasler
|-resisted|p2b: Sneasler
|-damage|p2b: Sneasler|0 fnt
|faint|p2b: Sneasler
|
|upkeep
|
|t:|1757936494
|switch|p2b: Rillaboom|Rillaboom, L50, F|100/100
|-fieldstart|move: Grassy Terrain|[from] ability: Grassy Surge|[of] p2b: Rillaboom
|turn|3
|inactive|nazunabpd has 30 seconds left.
|
|t:|1757936524
|switch|p1a: Archaludon|Archaludon, L50, M|100/100
|move|p2b: Rillaboom|Fake Out|p1a: Archaludon
|-resisted|p1a: Archaludon
|-damage|p1a: Archaludon|97/100
|-ability|p1a: Archaludon|Stamina|boost
|-boost|p1a: Archaludon|def|1
|move|p1b: Whimsicott|Encore|p2b: Rillaboom
|-start|p2b: Rillaboom|Encore
|move|p2a: Gholdengo|Make It Rain|p1b: Whimsicott|[spread] p1a,p1b
|-resisted|p1a: Archaludon
|-supereffective|p1b: Whimsicott
|-damage|p1a: Archaludon|72/100
|-damage|p1b: Whimsicott|0 fnt
|-unboost|p2a: Gholdengo|spa|1
|-ability|p1a: Archaludon|Stamina|boost
|-boost|p1a: Archaludon|def|1
|faint|p1b: Whimsicott
|-damage|p2a: Gholdengo|81/100|[from] item: Life Orb
|
|-heal|p1a: Archaludon|78/100|[from] Grassy Terrain
|-heal|p2a: Gholdengo|87/100|[from] Grassy Terrain
|upkeep
|
|t:|1757936535
|switch|p1b: Kingambit|Kingambit, L50, M|100/100
|turn|4
|inactive|nazunabpd has 30 seconds left.
|inactive|nazunabpd has 20 seconds left.
|
|t:|1757936570
|switch|p2a: Amoonguss|Amoonguss, L50, M, shiny|100/100
|move|p2b: Rillaboom|Fake Out||[still]
|-hint|Fake Out only works on your first turn out.
|-fail|p2b: Rillaboom
|move|p1a: Archaludon|Electro Shot||[still]
|-prepare|p1a: Archaludon|Electro Shot
|-boost|p1a: Archaludon|spa|1
|move|p1b: Kingambit|Swords Dance|p1b: Kingambit
|-boost|p1b: Kingambit|atk|2
|
|-heal|p1a: Archaludon|84/100|[from] Grassy Terrain
|upkeep
|turn|5
|inactive|nazunabpd has 30 seconds left.
|inactive|nazunabpd has 20 seconds left.
|
|t:|1757936606
|move|p2a: Amoonguss|Protect|p2a: Amoonguss
|-singleturn|p2a: Amoonguss|Protect
|move|p2b: Rillaboom|Fake Out||[still]
|-hint|Fake Out only works on your first turn out.
|-fail|p2b: Rillaboom
|move|p1a: Archaludon|Electro Shot|p2a: Amoonguss|[from] lockedmove
|-activate|p2a: Amoonguss|move: Protect
|move|p1b: Kingambit|Kowtow Cleave|p2a: Amoonguss
|-activate|p2a: Amoonguss|move: Protect
|
|-heal|p1a: Archaludon|90/100|[from] Grassy Terrain
|-sideend|p1: becomingother|move: Tailwind
|upkeep
|turn|6
|
|t:|1757936630
|switch|p2b: Gholdengo|Gholdengo, L50|87/100
|move|p1a: Archaludon|Draco Meteor|p2a: Amoonguss
|-damage|p2a: Amoonguss|35/100
|-unboost|p1a: Archaludon|spa|2
|-enditem|p2a: Amoonguss|Sitrus Berry|[eat]
|-heal|p2a: Amoonguss|60/100|[from] item: Sitrus Berry
|move|p1b: Kingambit|Kowtow Cleave|p2a: Amoonguss
|-damage|p2a: Amoonguss|0 fnt
|faint|p2a: Amoonguss
|
|-heal|p2b: Gholdengo|93/100|[from] Grassy Terrain
|-heal|p1a: Archaludon|96/100|[from] Grassy Terrain
|upkeep
|
|t:|1757936644
|switch|p2a: Rillaboom|Rillaboom, L50, F|100/100
|turn|7
|inactive|nazunabpd has 30 seconds left.
|inactive|nazunabpd has 20 seconds left.
|
|t:|1757936682
|move|p1b: Kingambit|Protect|p1b: Kingambit
|-singleturn|p1b: Kingambit|Protect
|move|p2a: Rillaboom|Fake Out|p1b: Kingambit
|-activate|p1b: Kingambit|move: Protect
|move|p2b: Gholdengo|Focus Blast|p1a: Archaludon|[miss]
|-miss|p2b: Gholdengo|p1a: Archaludon
|move|p1a: Archaludon|Body Press|p2a: Rillaboom
|-crit|p2a: Rillaboom
|-damage|p2a: Rillaboom|21/100
|
|-heal|p2b: Gholdengo|99/100|[from] Grassy Terrain
|-heal|p1a: Archaludon|100/100|[from] Grassy Terrain
|-heal|p2a: Rillaboom|27/100|[from] Grassy Terrain
|-fieldend|move: Grassy Terrain
|upkeep
|turn|8
|c|☆nazunabpd|gg
|c|☆becomingother|gg
|-message|nazunabpd forfeited.
|
|win|becomingother
|raw|becomingother's rating: 1059 → 1097(+38 for winning)
|raw|nazunabpd's rating: 1132 → 1102(-30 for losing)
