|j|☆BiomboVGC
|j|☆Astterio
|html|BiomboVGCAstterio    
|uhtml|bestof|Game 2 of a best-of-3
|t:|1755523983
|gametype|doubles
|player|p1|BiomboVGC|will|1309
|player|p2|Astterio|eusine|1328
|gen|9
|tier|[Gen 9] VGC 2025 Reg H (Bo3)
|rated|
|rule|Species Clause: Limit one of each Pokémon
|rule|Item Clause: Limit 1 of each item
|clearpoke
|poke|p1|Maushold-Four, L50|
|poke|p1|Annihilape, L50, F|
|poke|p1|Rillaboom, L50, M|
|poke|p1|Gholdengo, L50|
|poke|p1|Kilowattrel, L50, F|
|poke|p1|Incineroar, L50, M|
|poke|p2|Magmar, L50, F|
|poke|p2|Dragonite, L50, M|
|poke|p2|Ursaluna-Bloodmoon, L50, M|
|poke|p2|Gholdengo, L50|
|poke|p2|Sneasler, L50, F|
|poke|p2|Rillaboom, L50, M|
|teampreview|4
|showteam|p1|Maushold-Four||SafetyGoggles|FriendGuard|Protect,FollowMe,Taunt,BeatUp||||||50|,,,,,Ghost]Annihilape||Leftovers|Defiant|Protect,BulkUp,RageFist,DrainPunch|||F|||50|,,,,,Fire]Rillaboom||LoadedDice|GrassySurge|FakeOut,GrassyGlide,BulletSeed,Uturn|||M|||50|,,,,,Grass]Gholdengo||LifeOrb|GoodasGold|Protect,ShadowBall,NastyPlot,MakeItRain||||||50|,,,,,Water]Kilowattrel||FocusSash|Competitive|Protect,Tailwind,Thunderbolt,AirSlash|||F|||50|,,,,,Ghost]Incineroar||SitrusBerry|Intimidate|FakeOut,PartingShot,KnockOff,Taunt|||M|||50|,,,,,Ghost
|showteam|p2|Magmar||Eviolite|VitalSpirit|Overheat,FollowMe,WillOWisp,Protect|||F|||50|,,,,,Ghost]Dragonite||LoadedDice|Multiscale|ScaleShot,Tailwind,Haze,Protect|||M|||50|,,,,,Steel]Ursaluna-Bloodmoon||AssaultVest|MindsEye|BloodMoon,HyperVoice,EarthPower,VacuumWave|||M|||50|,,,,,Water]Gholdengo||LifeOrb|GoodasGold|MakeItRain,ShadowBall,NastyPlot,Protect||||||50|,,,,,Water]Sneasler||GrassySeed|Unburden|Protect,ThroatChop,DireClaw,CloseCombat|||F|||50|,,,,,Dark]Rillaboom||MiracleSeed|GrassySurge|FakeOut,HighHorsepower,GrassyGlide,WoodHammer|||M|||50|,,,,,Fire
|inactive|Battle timer is ON: inactive players will automatically lose when time's up. (requested by Astterio)
|
|t:|1755523999
|teamsize|p1|4
|teamsize|p2|4
|start
|switch|p1a: Los Ramírez|Maushold-Four, L50|100/100
|switch|p1b: 雨景色|Annihilape, L50, F|100/100
|switch|p2a: Ursaluna|Ursaluna-Bloodmoon, L50, M|100/100
|switch|p2b: Rillaboom|Rillaboom, L50, M|100/100
|-fieldstart|move: Grassy Terrain|[from] ability: Grassy Surge|[of] p2b: Rillaboom
|turn|1
|
|t:|1755524021
|-terastallize|p1a: Los Ramírez|Ghost
|move|p2b: Rillaboom|Grassy Glide|p1a: Los Ramírez
|-damage|p1a: Los Ramírez|49/100
|move|p1a: Los Ramírez|Beat Up|p1b: 雨景色
|-damage|p1b: 雨景色|99/100
|-damage|p1b: 雨景色|96/100
|-damage|p1b: 雨景色|94/100
|-damage|p1b: 雨景色|92/100
|-hitcount|p1b: 雨景色|4
|move|p1b: 雨景色|Rage Fist|p2b: Rillaboom
|-damage|p2b: Rillaboom|8/100
|move|p2a: Ursaluna|Hyper Voice|p1b: 雨景色|[spread] p1a,p1b
|-damage|p1a: Los Ramírez|4/100
|-damage|p1b: 雨景色|68/100
|
|-heal|p1a: Los Ramírez|10/100|[from] Grassy Terrain
|-heal|p1b: 雨景色|74/100|[from] Grassy Terrain
|-heal|p1b: 雨景色|80/100|[from] item: Leftovers
|-heal|p2b: Rillaboom|14/100|[from] Grassy Terrain
|upkeep
|turn|2
|
|t:|1755524040
|switch|p1a: アンコールダンス|Incineroar, L50, M|100/100
|-ability|p1a: アンコールダンス|Intimidate|boost
|-unboost|p2a: Ursaluna|atk|1
|-unboost|p2b: Rillaboom|atk|1
|move|p1b: 雨景色|Protect|p1b: 雨景色
|-singleturn|p1b: 雨景色|Protect
|move|p2b: Rillaboom|Grassy Glide|p1a: アンコールダンス
|-resisted|p1a: アンコールダンス
|-damage|p1a: アンコールダンス|87/100
|move|p2a: Ursaluna|Blood Moon|p1b: 雨景色
|-activate|p1b: 雨景色|move: Protect
|
|-heal|p1b: 雨景色|87/100|[from] Grassy Terrain
|-heal|p1b: 雨景色|93/100|[from] item: Leftovers
|-heal|p2b: Rillaboom|20/100|[from] Grassy Terrain
|-heal|p1a: アンコールダンス|93/100|[from] Grassy Terrain
|upkeep
|turn|3
|
|t:|1755524054
|switch|p2a: Gholdengo|Gholdengo, L50|100/100
|move|p1a: アンコールダンス|Fake Out|p2a: Gholdengo
|-immune|p2a: Gholdengo
|move|p1b: 雨景色|Bulk Up|p1b: 雨景色
|-boost|p1b: 雨景色|atk|1
|-boost|p1b: 雨景色|def|1
|move|p2b: Rillaboom|High Horsepower|p1a: アンコールダンス
|-supereffective|p1a: アンコールダンス
|-damage|p1a: アンコールダンス|53/100
|
|-heal|p1b: 雨景色|99/100|[from] Grassy Terrain
|-heal|p1b: 雨景色|100/100|[from] item: Leftovers
|-heal|p2b: Rillaboom|25/100|[from] Grassy Terrain
|-heal|p1a: アンコールダンス|59/100|[from] Grassy Terrain
|upkeep
|turn|4
|
|t:|1755524061
|switch|p2b: Magmar|Magmar, L50, F, shiny|100/100
|move|p2a: Gholdengo|Protect|p2a: Gholdengo
|-singleturn|p2a: Gholdengo|Protect
|move|p1b: 雨景色|Rage Fist|p2a: Gholdengo
|-activate|p2a: Gholdengo|move: Protect
|move|p1a: アンコールダンス|Parting Shot|p2b: Magmar
|-unboost|p2b: Magmar|atk|1
|-unboost|p2b: Magmar|spa|1
|
|t:|1755524066
|switch|p1a: Los Ramírez|Maushold-Four, L50, tera:Ghost|10/100|[from] Parting Shot
|
|-heal|p1a: Los Ramírez|16/100|[from] Grassy Terrain
|upkeep
|turn|5
|
|t:|1755524071
|move|p2b: Magmar|Follow Me|p2b: Magmar
|-singleturn|p2b: Magmar|move: Follow Me
|move|p1a: Los Ramírez|Taunt|p2b: Magmar
|-start|p2b: Magmar|move: Taunt
|move|p1b: 雨景色|Rage Fist|p2b: Magmar
|-damage|p2b: Magmar|0 fnt
|faint|p2b: Magmar
|move|p2a: Gholdengo|Make It Rain|p1b: 雨景色|[spread] p1a,p1b
|-damage|p1a: Los Ramírez|0 fnt
|-damage|p1b: 雨景色|62/100
|-unboost|p2a: Gholdengo|spa|1
|faint|p1a: Los Ramírez
|-damage|p2a: Gholdengo|91/100|[from] item: Life Orb
|
|-heal|p1b: 雨景色|68/100|[from] Grassy Terrain
|-heal|p1b: 雨景色|75/100|[from] item: Leftovers
|-heal|p2a: Gholdengo|97/100|[from] Grassy Terrain
|-fieldend|move: Grassy Terrain
|upkeep
|
|t:|1755524084
|switch|p1a: アンコールダンス|Incineroar, L50, M|59/100
|switch|p2b: Rillaboom|Rillaboom, L50, M|25/100
|-fieldstart|move: Grassy Terrain|[from] ability: Grassy Surge|[of] p2b: Rillaboom
|-ability|p1a: アンコールダンス|Intimidate|boost
|-unboost|p2a: Gholdengo|atk|1
|-unboost|p2b: Rillaboom|atk|1
|turn|6
|
|t:|1755524090
|switch|p2a: Ursaluna|Ursaluna-Bloodmoon, L50, M|100/100
|move|p2b: Rillaboom|Fake Out|p1a: アンコールダンス
|-crit|p1a: アンコールダンス
|-damage|p1a: アンコールダンス|41/100
|-enditem|p1a: アンコールダンス|Sitrus Berry|[eat]
|-heal|p1a: アンコールダンス|66/100|[from] item: Sitrus Berry
|cant|p1a: アンコールダンス|flinch
|move|p1b: 雨景色|Rage Fist|p2a: Ursaluna
|-immune|p2a: Ursaluna
|
|-heal|p1b: 雨景色|81/100|[from] Grassy Terrain
|-heal|p1b: 雨景色|87/100|[from] item: Leftovers
|-heal|p2b: Rillaboom|31/100|[from] Grassy Terrain
|-heal|p1a: アンコールダンス|72/100|[from] Grassy Terrain
|upkeep
|turn|7
|
|t:|1755524102
|switch|p2a: Gholdengo|Gholdengo, L50|97/100
|move|p1b: 雨景色|Protect|p1b: 雨景色
|-singleturn|p1b: 雨景色|Protect
|move|p2b: Rillaboom|High Horsepower|p1a: アンコールダンス
|-supereffective|p1a: アンコールダンス
|-damage|p1a: アンコールダンス|29/100
|move|p1a: アンコールダンス|Knock Off|p2a: Gholdengo
|-supereffective|p2a: Gholdengo
|-damage|p2a: Gholdengo|13/100
|-enditem|p2a: Gholdengo|Life Orb|[from] move: Knock Off|[of] p1a: アンコールダンス
|
|-heal|p1b: 雨景色|93/100|[from] Grassy Terrain
|-heal|p1b: 雨景色|99/100|[from] item: Leftovers
|-heal|p2a: Gholdengo|19/100|[from] Grassy Terrain
|-heal|p2b: Rillaboom|37/100|[from] Grassy Terrain
|-heal|p1a: アンコールダンス|35/100|[from] Grassy Terrain
|upkeep
|turn|8
|
|t:|1755524116
|switch|p2a: Ursaluna|Ursaluna-Bloodmoon, L50, M|100/100
|move|p1b: 雨景色|Rage Fist|p2a: Ursaluna
|-immune|p2a: Ursaluna
|move|p2b: Rillaboom|High Horsepower|p1a: アンコールダンス
|-supereffective|p1a: アンコールダンス
|-crit|p1a: アンコールダンス
|-damage|p1a: アンコールダンス|0 fnt
|faint|p1a: アンコールダンス
|
|-heal|p1b: 雨景色|100/100|[from] Grassy Terrain
|-heal|p2b: Rillaboom|43/100|[from] Grassy Terrain
|upkeep
|
|t:|1755524125
|switch|p1a: 沁み込む|Gholdengo, L50|100/100
|turn|9
|
|t:|1755524132
|move|p2b: Rillaboom|Grassy Glide|p1b: 雨景色
|-damage|p1b: 雨景色|79/100
|move|p1b: 雨景色|Drain Punch|p2a: Ursaluna
|-supereffective|p2a: Ursaluna
|-damage|p2a: Ursaluna|34/100
|-heal|p1b: 雨景色|100/100|[from] drain|[of] p2a: Ursaluna
|move|p1a: 沁み込む|Make It Rain|p2b: Rillaboom|[spread] p2a,p2b
|-damage|p2a: Ursaluna|0 fnt
|-damage|p2b: Rillaboom|0 fnt
|-unboost|p1a: 沁み込む|spa|1
|faint|p2a: Ursaluna
|faint|p2b: Rillaboom
|-damage|p1a: 沁み込む|91/100|[from] item: Life Orb
|
|-heal|p1a: 沁み込む|97/100|[from] Grassy Terrain
|upkeep
|-message|Astterio forfeited.
|
|win|BiomboVGC
|raw|BiomboVGC's rating: 1309 → 1330(+21 for winning)
|raw|Astterio's rating: 1328 → 1307(-21 for losing)
|l|☆Astterio
|player|p2|
