|j|☆Marvcolor
|j|☆Darkip_8
|html|MarvcolorDarkip_8    
|uhtml|bestof|Game 2 of a best-of-3
|t:|1784210999
|gametype|doubles
|player|p1|Marvcolor|giovanni|1342
|player|p2|Darkip_8|102|1281
|gen|9
|tier|[Gen 9 Champions] VGC 2026 Reg M-B (Bo3)
|rated|
|rule|Species Clause: Limit one of each Pokémon
|rule|Item Clause: Limit 1 of each item
|clearpoke
|poke|p1|Gengar, L50, F, shiny|
|poke|p1|Politoed, L50, F, shiny|
|poke|p1|Archaludon, L50, M, shiny|
|poke|p1|Swampert, L50, M, shiny|
|poke|p1|Incineroar, L50, F, shiny|
|poke|p1|Vivillon, L50, F, shiny|
|poke|p2|Incineroar, L50, F|
|poke|p2|Kingambit, L50, M|
|poke|p2|Sinistcha, L50|
|poke|p2|Sneasler, L50, M|
|poke|p2|Floette-Eternal, L50, F|
|poke|p2|Delphox, L50, F|
|teampreview|4
|showteam|p1|Gengar||Gengarite|CursedBody|ShadowBall,SludgeBomb,PerishSong,Protect|Modest||F|||50|]Politoed||SitrusBerry|Drizzle|WeatherBall,PerishSong,Encore,Protect|Calm||F|||50|]Archaludon||Leftovers|Stamina|ElectroShot,DragonPulse,FlashCannon,Protect|Bold||M|||50|]Swampert||Swampertite|Damp|WaveCrash,Earthquake,IcePunch,Protect|Adamant||M|||50|]Incineroar||PasshoBerry|Intimidate|ThroatChop,PartingShot,Protect,FakeOut|Sassy||F|||50|]Vivillon||FocusSash|CompoundEyes|Hurricane,SleepPowder,RagePowder,Protect|Timid||F|||50|
|showteam|p2|Incineroar||SitrusBerry|Intimidate|FakeOut,FlareBlitz,DarkestLariat,PartingShot|Impish||F|||50|]Kingambit||BlackGlasses|Defiant|KowtowCleave,SuckerPunch,SwordsDance,Protect|Adamant||M|||50|]Sinistcha||KasibBerry|Hospitality|MatchaGotcha,RagePowder,TrickRoom,Protect|Bold|||||50|]Sneasler||FocusSash|PoisonTouch|FakeOut,CloseCombat,DireClaw,QuickGuard|Jolly||M|||50|]Floette-Eternal||Floettite|FlowerVeil|Moonblast,DazzlingGleam,CalmMind,Protect|Modest||F|||50|]Delphox||Delphoxite|Blaze|HeatWave,Psyshock,NastyPlot,Protect|Timid||F|||50|
|inactive|Battle timer is ON: inactive players will automatically lose when time's up. (requested by Marvcolor)
|
|t:|1784211013
|teamsize|p1|4
|teamsize|p2|4
|start
|switch|p1a: Mishra|Gengar, L50, F, shiny|100/100
|switch|p1b: Mankira|Incineroar, L50, F, shiny|100/100
|switch|p2a: Incineroar|Incineroar, L50, F|100/100
|switch|p2b: Floette|Floette-Eternal, L50, F|100/100
|-ability|p2a: Incineroar|Intimidate|boost
|-unboost|p1a: Mishra|atk|1
|-unboost|p1b: Mankira|atk|1
|-ability|p1b: Mankira|Intimidate|boost
|-unboost|p2a: Incineroar|atk|1
|-unboost|p2b: Floette|atk|1
|turn|1
|inactive|Darkip_8 has 30 seconds left.
|inactive|Darkip_8 has 20 seconds left.
|
|t:|1784211049
|switch|p2b: Sinistcha|Sinistcha, L50|100/100
|detailschange|p1a: Mishra|Gengar-Mega, L50, F, shiny
|-mega|p1a: Mishra|Gengar|Gengarite
|move|p2a: Incineroar|Fake Out|p1b: Mankira
|-crit|p1b: Mankira
|-damage|p1b: Mankira|86/100
|cant|p1b: Mankira|flinch
|move|p1a: Mishra|Sludge Bomb|p2b: Sinistcha
|-damage|p2b: Sinistcha|52/100
|
|upkeep
|turn|2
|inactive|Marvcolor has 30 seconds left.
|inactive|Darkip_8 has 30 seconds left.
|inactive|Marvcolor has 20 seconds left.
|inactive|Marvcolor has 15 seconds left.
|
|t:|1784211091
|switch|p1b: Centralian|Archaludon, L50, M, shiny|100/100
|move|p1a: Mishra|Protect|p1a: Mishra
|-singleturn|p1a: Mishra|Protect
|move|p2b: Sinistcha|Protect|p2b: Sinistcha
|-singleturn|p2b: Sinistcha|Protect
|move|p2a: Incineroar|Parting Shot|p1b: Centralian
|-unboost|p1b: Centralian|atk|1
|-unboost|p1b: Centralian|spa|1
|
|t:|1784211100
|switch|p2a: Kingambit|Kingambit, L50, M|100/100|[from] Parting Shot
|
|upkeep
|turn|3
|inactive|Darkip_8 has 30 seconds left.
|inactive|Marvcolor has 30 seconds left.
|
|t:|1784211132
|switch|p1a: Connect|Politoed, L50, F, shiny|100/100
|-weather|RainDance|[from] ability: Drizzle|[of] p1a: Connect
|switch|p2b: Incineroar|Incineroar, L50, F|100/100
|-ability|p2b: Incineroar|Intimidate|boost
|-unboost|p1a: Connect|atk|1
|-unboost|p1b: Centralian|atk|1
|move|p1b: Centralian|Electro Shot||[still]
|-prepare|p1b: Centralian|Electro Shot
|-boost|p1b: Centralian|spa|1
|-anim|p1b: Centralian|Electro Shot|p2a: Kingambit
|-damage|p2a: Kingambit|67/100
|move|p2a: Kingambit|Swords Dance|p2a: Kingambit
|-boost|p2a: Kingambit|atk|2
|
|-weather|RainDance|[upkeep]
|upkeep
|turn|4
|inactive|Darkip_8 has 30 seconds left.
|inactive|Darkip_8 has 20 seconds left.
|inactive|Darkip_8 has 15 seconds left.
|
|t:|1784211173
|move|p2b: Incineroar|Fake Out|p1b: Centralian
|-resisted|p1b: Centralian|1
|-damage|p1b: Centralian|96/100
|-ability|p1b: Centralian|Stamina|boost
|-boost|p1b: Centralian|def|1
|move|p2a: Kingambit|Sucker Punch||[still]
|-fail|p2a: Kingambit
|cant|p1b: Centralian|flinch
|move|p1a: Connect|Encore|p2a: Kingambit
|-start|p2a: Kingambit|Encore
|
|-weather|RainDance|[upkeep]
|-heal|p1b: Centralian|100/100|[from] item: Leftovers
|upkeep
|turn|5
|
|t:|1784211193
|switch|p1b: Mishra|Gengar-Mega, L50, F, shiny|100/100
|switch|p2b: Sinistcha|Sinistcha, L50|52/100
|-heal|p2a: Kingambit|91/100|[from] ability: Hospitality|[of] p2b: Sinistcha
|move|p2a: Kingambit|Sucker Punch||[still]
|-fail|p2a: Kingambit
|move|p1a: Connect|Encore||[still]
|-fail|p1a: Connect
|
|-weather|RainDance|[upkeep]
|upkeep
|turn|6
|inactive|Darkip_8 has 30 seconds left.
|inactive|Marvcolor has 30 seconds left.
|inactive|Marvcolor has 20 seconds left.
|inactive|Darkip_8 has 20 seconds left.
|inactive|Marvcolor has 15 seconds left.
|inactive|Darkip_8 has 15 seconds left.
|
|t:|1784211240
|move|p2a: Kingambit|Sucker Punch||[still]
|-fail|p2a: Kingambit
|move|p1b: Mishra|Perish Song|p1b: Mishra
|-start|p1a: Connect|perish3|[silent]
|-start|p1b: Mishra|perish3|[silent]
|-start|p2a: Kingambit|perish3|[silent]
|-start|p2b: Sinistcha|perish3|[silent]
|-fieldactivate|move: Perish Song
|move|p1a: Connect|Encore||[still]
|-fail|p1a: Connect
|move|p2b: Sinistcha|Trick Room|p2b: Sinistcha
|-fieldstart|move: Trick Room|[of] p2b: Sinistcha
|
|-weather|RainDance|[upkeep]
|-start|p2a: Kingambit|perish3
|-start|p2b: Sinistcha|perish3
|-start|p1a: Connect|perish3
|-start|p1b: Mishra|perish3
|upkeep
|turn|7
|
|t:|1784211260
|switch|p2b: Incineroar|Incineroar, L50, F|100/100
|-ability|p2b: Incineroar|Intimidate|boost
|-unboost|p1a: Connect|atk|1
|-unboost|p1b: Mishra|atk|1
|move|p2a: Kingambit|Sucker Punch||[still]
|-fail|p2a: Kingambit
|move|p1a: Connect|Encore||[still]
|-fail|p1a: Connect
|move|p1b: Mishra|Perish Song|p1b: Mishra
|-start|p2b: Incineroar|perish3|[silent]
|-fieldactivate|move: Perish Song
|
|-weather|none
|-end|p2a: Kingambit|Encore
|-start|p2a: Kingambit|perish2
|-start|p2b: Incineroar|perish3
|-start|p1a: Connect|perish2
|-start|p1b: Mishra|perish2
|upkeep
|turn|8
|
|t:|1784211282
|move|p1a: Connect|Protect|p1a: Connect
|-singleturn|p1a: Connect|Protect
|move|p1b: Mishra|Protect|p1b: Mishra
|-singleturn|p1b: Mishra|Protect
|move|p2a: Kingambit|Kowtow Cleave|p1a: Connect
|-activate|p1a: Connect|move: Protect
|move|p2b: Incineroar|Parting Shot|p1a: Connect
|-activate|p1a: Connect|move: Protect
|
|-start|p2a: Kingambit|perish1
|-start|p2b: Incineroar|perish2
|-start|p1a: Connect|perish1
|-start|p1b: Mishra|perish1
|upkeep
|turn|9
|
|t:|1784211301
|switch|p1a: Mankira|Incineroar, L50, F, shiny|86/100
|-ability|p1a: Mankira|Intimidate|boost
|-unboost|p2a: Kingambit|atk|1
|-ability|p2a: Kingambit|Defiant|boost
|-boost|p2a: Kingambit|atk|2
|-unboost|p2b: Incineroar|atk|1
|switch|p1b: Centralian|Archaludon, L50, M, shiny|100/100
|move|p2a: Kingambit|Kowtow Cleave|p1a: Mankira
|-resisted|p1a: Mankira|1
|-damage|p1a: Mankira|26/100
|move|p2b: Incineroar|Parting Shot|p1b: Centralian
|-unboost|p1b: Centralian|atk|1
|-unboost|p1b: Centralian|spa|1
|
|t:|1784211324
|switch|p2b: Floette|Floette-Eternal, L50, F|100/100|[from] Parting Shot
|
|-start|p2a: Kingambit|perish0
|faint|p2a: Kingambit
|upkeep
|
|t:|1784211331
|switch|p2a: Incineroar|Incineroar, L50, F|100/100
|-ability|p2a: Incineroar|Intimidate|boost
|-unboost|p1a: Mankira|atk|1
|-unboost|p1b: Centralian|atk|1
|turn|10
|inactive|Marvcolor has 30 seconds left.
|
|t:|1784211356
|switch|p1b: Mishra|Gengar-Mega, L50, F, shiny|100/100
|detailschange|p2b: Floette|Floette-Mega, L50, F
|-mega|p2b: Floette|Floette|Floettite
|-ability|p2b: Floette|Fairy Aura
|move|p1a: Mankira|Fake Out|p2b: Floette
|-damage|p2b: Floette|92/100
|move|p2a: Incineroar|Fake Out|p1b: Mishra
|-immune|p1b: Mishra
|cant|p2b: Floette|flinch
|
|-fieldend|move: Trick Room
|upkeep
|turn|11
|inactive|Marvcolor has 30 seconds left.
|inactive|Darkip_8 has 30 seconds left.
|
|t:|1784211383
|switch|p1a: Connect|Politoed, L50, F, shiny|100/100
|-weather|RainDance|[from] ability: Drizzle|[of] p1a: Connect
|move|p1b: Mishra|Protect|p1b: Mishra
|-singleturn|p1b: Mishra|Protect
|move|p2b: Floette|Dazzling Gleam|p1a: Connect|[spread] p1a
|-activate|p1b: Mishra|move: Protect
|-damage|p1a: Connect|67/100
|move|p2a: Incineroar|Darkest Lariat|p1b: Mishra
|-activate|p1b: Mishra|move: Protect
|
|-weather|RainDance|[upkeep]
|upkeep
|turn|12
|
|t:|1784211397
|switch|p1b: Mankira|Incineroar, L50, F, shiny|26/100
|-ability|p1b: Mankira|Intimidate|boost
|-unboost|p2a: Incineroar|atk|1
|-unboost|p2b: Floette|atk|1
|move|p2b: Floette|Moonblast|p1a: Connect
|-damage|p1a: Connect|9/100
|-enditem|p1a: Connect|Sitrus Berry|[eat]
|-heal|p1a: Connect|34/100|[from] item: Sitrus Berry
|move|p1a: Connect|Perish Song|p1a: Connect
|-start|p1a: Connect|perish3|[silent]
|-start|p1b: Mankira|perish3|[silent]
|-start|p2a: Incineroar|perish3|[silent]
|-start|p2b: Floette|perish3|[silent]
|-fieldactivate|move: Perish Song
|move|p2a: Incineroar|Darkest Lariat|p1b: Mankira
|-resisted|p1b: Mankira|1
|-damage|p1b: Mankira|18/100
|
|-weather|RainDance|[upkeep]
|-start|p2b: Floette|perish3
|-start|p1a: Connect|perish3
|-start|p2a: Incineroar|perish3
|-start|p1b: Mankira|perish3
|upkeep
|turn|13
|inactive|Marvcolor has 30 seconds left.
|inactive|Darkip_8 has 30 seconds left.
|
|t:|1784211429
|switch|p2a: Sinistcha|Sinistcha, L50|52/100
|-heal|p2b: Floette|100/100|[from] ability: Hospitality|[of] p2a: Sinistcha
|switch|p1b: Centralian|Archaludon, L50, M, shiny|100/100
|move|p2b: Floette|Dazzling Gleam|p1a: Connect|[spread] p1a,p1b
|-damage|p1a: Connect|0 fnt
|-damage|p1b: Centralian|57/100
|-ability|p1b: Centralian|Stamina|boost
|-boost|p1b: Centralian|def|1
|faint|p1a: Connect
|
|-weather|RainDance|[upkeep]
|-heal|p1b: Centralian|63/100|[from] item: Leftovers
|-start|p2b: Floette|perish2
|upkeep
|
|t:|1784211437
|switch|p1a: Mishra|Gengar-Mega, L50, F, shiny|100/100
|turn|14
|
|t:|1784211446
|move|p1a: Mishra|Sludge Bomb|p2a: Sinistcha
|-damage|p2a: Sinistcha|2/100
|move|p2b: Floette|Moonblast|p1b: Centralian
|-damage|p1b: Centralian|0 fnt
|faint|p1b: Centralian
|move|p2a: Sinistcha|Trick Room|p2a: Sinistcha
|-fieldstart|move: Trick Room|[of] p2a: Sinistcha
|
|-weather|RainDance|[upkeep]
|-start|p2b: Floette|perish1
|upkeep
|
|t:|1784211450
|switch|p1b: Mankira|Incineroar, L50, F, shiny|18/100
|-ability|p1b: Mankira|Intimidate|boost
|-unboost|p2a: Sinistcha|atk|1
|-unboost|p2b: Floette|atk|1
|turn|15
|
|t:|1784211472
|move|p2a: Sinistcha|Protect|p2a: Sinistcha
|-singleturn|p2a: Sinistcha|Protect
|move|p1b: Mankira|Fake Out|p2b: Floette
|-damage|p2b: Floette|88/100
|cant|p2b: Floette|flinch
|move|p1a: Mishra|Sludge Bomb|p2a: Sinistcha
|-activate|p2a: Sinistcha|move: Protect
|
|-weather|none
|-start|p2b: Floette|perish0
|faint|p2b: Floette
|upkeep
|
|t:|1784211478
|switch|p2b: Incineroar|Incineroar, L50, F|100/100
|-ability|p2b: Incineroar|Intimidate|boost
|-unboost|p1a: Mishra|atk|1
|-unboost|p1b: Mankira|atk|1
|turn|16
|inactive|Darkip_8 has 30 seconds left.
|
|t:|1784211490
|move|p1b: Mankira|Throat Chop|p2a: Sinistcha
|-supereffective|p2a: Sinistcha|1
|-damage|p2a: Sinistcha|0 fnt
|faint|p2a: Sinistcha
|move|p2b: Incineroar|Darkest Lariat|p1a: Mishra
|-supereffective|p1a: Mishra|1
|-damage|p1a: Mishra|29/100
|move|p1a: Mishra|Sludge Bomb|p2b: Incineroar
|-damage|p2b: Incineroar|50/100g
|
|upkeep
|turn|17
|inactive|Darkip_8 has 25 seconds left this turn.
|inactive|Darkip_8 has 20 seconds left.
|inactive|Darkip_8 has 15 seconds left.
|inactive|Darkip_8 has 10 seconds left.
|
|t:|1784211508
|move|p1b: Mankira|Protect|p1b: Mankira
|-singleturn|p1b: Mankira|Protect
|move|p2b: Incineroar|Flare Blitz|p1b: Mankira
|-activate|p1b: Mankira|move: Protect
|move|p1a: Mishra|Sludge Bomb|p2b: Incineroar
|-damage|p2b: Incineroar|4/100
|-status|p2b: Incineroar|psn
|-enditem|p2b: Incineroar|Sitrus Berry|[eat]
|-heal|p2b: Incineroar|29/100 psn|[from] item: Sitrus Berry
|
|-damage|p2b: Incineroar|17/100 psn|[from] psn
|upkeep
|turn|18
|inactive|Darkip_8 has 10 seconds left this turn.
|inactive|Darkip_8 has 5 seconds left.
|-message|Darkip_8 lost due to inactivity.
|
|win|Marvcolor
||Darkip_8 is ready for game 3.
||Marvcolor is ready for game 3.
|uhtml|next|Next: Game 3 of 3
|l|☆Darkip_8
|player|p2|
