|j|☆raineyluvsu
|j|☆megafraudette
|html|raineyluvsumegafraudette    
|uhtml|bestof|Game 3 of a best-of-3
|t:|1782618126
|gametype|doubles
|player|p1|raineyluvsu|1|1113
|player|p2|megafraudette|170|1367
|gen|9
|tier|[Gen 9 Champions] VGC 2026 Reg M-B (Bo3)
|rated|
|rule|Species Clause: Limit one of each Pokémon
|rule|Item Clause: Limit 1 of each item
|clearpoke
|poke|p1|Metagross, L50|
|poke|p1|Basculegion, L50, M|
|poke|p1|Blaziken, L50, M|
|poke|p1|Politoed, L50, M|
|poke|p1|Tsareena, L50, F|
|poke|p1|Kingambit, L50, M|
|poke|p2|Floette-Eternal, L50, F|
|poke|p2|Whimsicott, L50, M|
|poke|p2|Basculegion, L50, M|
|poke|p2|Farigiraf, L50, M|
|poke|p2|Kingambit, L50, F|
|poke|p2|Arcanine-Hisui, L50, F|
|teampreview|4
|showteam|p1|Metagross||Metagrossite|ClearBody|IronHead,PsychicFangs,StompingTantrum,Protect|Jolly|||||50|]Basculegion||LifeOrb|Adaptability|WaveCrash,LastRespects,AquaJet,Protect|Jolly||M|||50|]Blaziken||FocusSash|SpeedBoost|Overheat,AuraSphere,Coaching,Detect|Modest||M|||50|]Politoed||SitrusBerry|Drizzle|WeatherBall,IceBeam,PerishSong,Protect|Bold||M|||50|]Tsareena||ChoiceScarf|QueenlyMajesty|TropKick,TripleAxel,LowKick,Uturn|Jolly||F|||50|]Kingambit||BlackGlasses|Defiant|KowtowCleave,SuckerPunch,SwordsDance,Protect|Brave||M|||50|
|showteam|p2|Floette-Eternal||Floettite|FlowerVeil|Moonblast,DazzlingGleam,LightofRuin,Protect|Modest||F|||50|]Whimsicott||FairyFeather|Prankster|Moonblast,Encore,Tailwind,Protect|Bold||M|||50|]Basculegion||LifeOrb|Adaptability|WaveCrash,AquaJet,LastRespects,Protect|Jolly||M|||50|]Farigiraf||ColburBerry|ArmorTail|Psyshock,TrickRoom,HelpingHand,Imprison|Calm||M|||50|]Kingambit||BlackGlasses|Defiant|KowtowCleave,SuckerPunch,IronHead,Protect|Adamant||F|||50|]Arcanine-Hisui||FocusSash|RockHead|FlareBlitz,HeadSmash,ExtremeSpeed,Protect|Jolly||F|||50|
|
|t:|1782618146
|teamsize|p1|4
|teamsize|p2|4
|start
|switch|p1a: Metagross|Metagross, L50|100/100
|switch|p1b: Blaziken|Blaziken, L50, M|100/100
|switch|p2a: Floette|Floette-Eternal, L50, F|100/100
|switch|p2b: Whimsicott|Whimsicott, L50, M|100/100
|turn|1
|inactive|Battle timer is ON: inactive players will automatically lose when time's up. (requested by megafraudette)
|
|t:|1782618161
|switch|p2a: Basculegion|Basculegion, L50, M|100/100
|detailschange|p1a: Metagross|Metagross-Mega, L50
|-mega|p1a: Metagross|Metagross|Metagrossite
|move|p1a: Metagross|Protect|p1a: Metagross
|-singleturn|p1a: Metagross|Protect
|move|p2b: Whimsicott|Tailwind|p2b: Whimsicott
|-sidestart|p2: megafraudette|move: Tailwind
|move|p1b: Blaziken|Coaching|p1a: Metagross
|-boost|p1a: Metagross|atk|1
|-boost|p1a: Metagross|def|1
|
|-ability|p1b: Blaziken|Speed Boost|boost
|-boost|p1b: Blaziken|spe|1
|upkeep
|turn|2
|
|t:|1782618176
|move|p1b: Blaziken|Detect|p1b: Blaziken
|-singleturn|p1b: Blaziken|Protect
|move|p2b: Whimsicott|Encore|p1a: Metagross
|-start|p1a: Metagross|Encore
|move|p1a: Metagross|Protect||[still]
|-fail|p1a: Metagross
|move|p2a: Basculegion|Wave Crash|p1b: Blaziken
|-activate|p1b: Blaziken|move: Protect
|
|-ability|p1b: Blaziken|Speed Boost|boost
|-boost|p1b: Blaziken|spe|1
|upkeep
|turn|3
|
|t:|1782618192
|move|p1a: Metagross|Protect|p1a: Metagross
|-singleturn|p1a: Metagross|Protect
|move|p2a: Basculegion|Wave Crash|p1b: Blaziken
|-supereffective|p1b: Blaziken|1
|-enditem|p1b: Blaziken|Focus Sash
|-damage|p1b: Blaziken|1/100
|-damage|p2a: Basculegion|74/100|[from] Recoil
|-damage|p2a: Basculegion|64/100|[from] item: Life Orb
|move|p2b: Whimsicott|Moonblast|p1b: Blaziken
|-damage|p1b: Blaziken|0 fnt
|faint|p1b: Blaziken
|
|upkeep
|
|t:|1782618204
|switch|p1b: Basculegion|Basculegion, L50, M|100/100
|turn|4
|
|t:|1782618212
|move|p1a: Metagross|Protect|p1a: Metagross
|-singleturn|p1a: Metagross|Protect
|move|p2a: Basculegion|Wave Crash|p1b: Basculegion
|-resisted|p1b: Basculegion|1
|-damage|p1b: Basculegion|39/100
|-damage|p2a: Basculegion|44/100|[from] Recoil
|-damage|p2a: Basculegion|34/100|[from] item: Life Orb
|move|p2b: Whimsicott|Moonblast|p1b: Basculegion
|-damage|p1b: Basculegion|0 fnt
|faint|p1b: Basculegion
|
|-end|p1a: Metagross|Encore
|-sideend|p2: megafraudette|move: Tailwind
|upkeep
|
|t:|1782618224
|switch|p1b: Politoed|Politoed, L50, M|100/100
|-weather|RainDance|[from] ability: Drizzle|[of] p1b: Politoed
|turn|5
|
|t:|1782618232
|switch|p2a: Floette|Floette-Eternal, L50, F|100/100
|move|p1b: Politoed|Protect|p1b: Politoed
|-singleturn|p1b: Politoed|Protect
|move|p2b: Whimsicott|Encore|p1a: Metagross
|-start|p1a: Metagross|Encore
|move|p1a: Metagross|Protect||[still]
|-fail|p1a: Metagross
|
|-weather|RainDance|[upkeep]
|upkeep
|turn|6
|
|t:|1782618246
|detailschange|p2a: Floette|Floette-Mega, L50, F
|-mega|p2a: Floette|Floette|Floettite
|-ability|p2a: Floette|Fairy Aura
|move|p1a: Metagross|Protect|p1a: Metagross
|-singleturn|p1a: Metagross|Protect
|move|p2a: Floette|Moonblast|p1b: Politoed
|-damage|p1b: Politoed|29/100
|-enditem|p1b: Politoed|Sitrus Berry|[eat]
|-heal|p1b: Politoed|54/100|[from] item: Sitrus Berry
|move|p2b: Whimsicott|Moonblast|p1b: Politoed
|-damage|p1b: Politoed|15/100
|-unboost|p1b: Politoed|spa|1
|move|p1b: Politoed|Ice Beam|p2b: Whimsicott
|-supereffective|p2b: Whimsicott|1
|-damage|p2b: Whimsicott|67/100
|
|-weather|RainDance|[upkeep]
|upkeep
|turn|7
|
|t:|1782618257
|move|p1a: Metagross|Protect||[still]
|-fail|p1a: Metagross
|move|p2a: Floette|Dazzling Gleam|p1b: Politoed|[spread] p1a,p1b
|-resisted|p1a: Metagross|1
|-damage|p1a: Metagross|74/100
|-damage|p1b: Politoed|0 fnt
|faint|p1b: Politoed
|move|p2b: Whimsicott|Moonblast|p1a: Metagross
|-resisted|p1a: Metagross|1
|-damage|p1a: Metagross|52/100
|
|-weather|RainDance|[upkeep]
|-end|p1a: Metagross|Encore
|upkeep
|turn|8
|
|t:|1782618270
|move|p2b: Whimsicott|Tailwind|p2b: Whimsicott
|-sidestart|p2: megafraudette|move: Tailwind
|move|p2a: Floette|Light of Ruin|p1a: Metagross
|-resisted|p1a: Metagross|1
|-damage|p1a: Metagross|0 fnt
|faint|p1a: Metagross
|-damage|p2a: Floette|72/100|[from] Recoil
|
|win|megafraudette
|raw|raineyluvsu's rating: 1113 → 1104(-9 for losing)
|raw|megafraudette's rating: 1367 → 1375(+8 for winning)
