|j|☆jowemama
|j|☆ZeGaboVGC
|html|jowemamaZeGaboVGC    
|uhtml|bestof|Game 2 of a best-of-3
|t:|1756391474
|gametype|doubles
|player|p1|jowemama|scientistf|1108
|player|p2|ZeGaboVGC|benga|1156
|gen|9
|tier|[Gen 9] VGC 2025 Reg H (Bo3)
|rated|
|rule|Species Clause: Limit one of each Pokémon
|rule|Item Clause: Limit 1 of each item
|clearpoke
|poke|p1|Pelipper, L50, M|
|poke|p1|Archaludon, L50, M|
|poke|p1|Dragonite, L50, F|
|poke|p1|Incineroar, L50, F|
|poke|p1|Ursaluna, L50, M|
|poke|p1|Sinistcha, L50|
|poke|p2|Incineroar, L50, F|
|poke|p2|Amoonguss, L50, F|
|poke|p2|Ursaluna-Bloodmoon, L50, M|
|poke|p2|Sneasler, L50, M|
|poke|p2|Gholdengo, L50|
|poke|p2|Dragonite, L50, F|
|teampreview|4
|showteam|p1|Pelipper||FocusSash|Drizzle|WeatherBall,Hurricane,Tailwind,Protect|||M|||50|,,,,,Ghost]Archaludon||AssaultVest|Stamina|FlashCannon,ElectroShot,BodyPress,Snarl|||M|||50|,,,,,Bug]Dragonite||LoadedDice|Multiscale|ScaleShot,Tailwind,Haze,Protect|||F|||50|,,,,,Fairy]Incineroar||SafetyGoggles|Intimidate|KnockOff,WillOWisp,PartingShot,FakeOut|||F|||50|,,,,,Bug]Ursaluna||FlameOrb|Guts|Facade,HeadlongRush,Earthquake,Protect|||M|||50|,,,,,Ghost]Sinistcha||SitrusBerry|Hospitality|MatchaGotcha,LifeDew,RagePowder,TrickRoom||||||50|,,,,,Dark
|showteam|p2|Incineroar||SafetyGoggles|Intimidate|FlareBlitz,KnockOff,PartingShot,FakeOut|||F|||50|,,,,,Ghost]Amoonguss||SitrusBerry|Regenerator|Spore,RagePowder,PollenPuff,Protect|||F|||50|,,,,,Dark]Ursaluna-Bloodmoon||AssaultVest|MindsEye|HyperVoice,BloodMoon,EarthPower,VacuumWave|||M|||50|,,,,,Water]Sneasler||FocusSash|Unburden|CloseCombat,DireClaw,ThroatChop,Protect|||M|||50|,,,,,Stellar]Gholdengo||LifeOrb|GoodasGold|MakeItRain,ShadowBall,NastyPlot,Protect||||||50|,,,,,Water]Dragonite||LoadedDice|Multiscale|ScaleShot,Tailwind,Haze,Protect|||F|||50|,,,,,Fairy
|inactive|Battle timer is ON: inactive players will automatically lose when time's up. (requested by ZeGaboVGC)
|inactive|jowemama also wants the timer to be on.
|
|t:|1756391501
|teamsize|p1|4
|teamsize|p2|4
|start
|switch|p1a: Dragonite|Dragonite, L50, F|100/100
|switch|p1b: Archaludon|Archaludon, L50, M|100/100
|switch|p2a: Gholdengo|Gholdengo, L50|100/100
|switch|p2b: Amoonguss|Amoonguss, L50, F|100/100
|turn|1
|inactive|jowemama has 30 seconds left.
|inactive|jowemama has 20 seconds left.
|inactive|jowemama has 15 seconds left.
|inactive|jowemama has 10 seconds left.
|
|t:|1756391549
|switch|p1b: Ursaluna|Ursaluna, L50, M|100/100
|move|p2a: Gholdengo|Nasty Plot|p2a: Gholdengo
|-boost|p2a: Gholdengo|spa|2
|move|p1a: Dragonite|Tailwind|p1a: Dragonite
|-sidestart|p1: jowemama|move: Tailwind
|move|p2b: Amoonguss|Spore|p1a: Dragonite
|-status|p1a: Dragonite|slp|[from] move: Spore
|
|-status|p1b: Ursaluna|brn|[from] item: Flame Orb
|upkeep
|turn|2
|
|t:|1756391573
|-terastallize|p2a: Gholdengo|Water
|move|p2b: Amoonguss|Rage Powder|p2b: Amoonguss
|-singleturn|p2b: Amoonguss|move: Rage Powder
|cant|p1a: Dragonite|slp
|move|p1b: Ursaluna|Facade|p2b: Amoonguss
|-damage|p2b: Amoonguss|0 fnt
|faint|p2b: Amoonguss
|move|p2a: Gholdengo|Make It Rain|p1b: Ursaluna|[spread] p1a,p1b
|-damage|p1a: Dragonite|33/100 slp
|-damage|p1b: Ursaluna|0 fnt
|-unboost|p2a: Gholdengo|spa|1
|faint|p1b: Ursaluna
|-damage|p2a: Gholdengo|91/100|[from] item: Life Orb
|
|upkeep
|
|t:|1756391588
|switch|p1b: Archaludon|Archaludon, L50, M|100/100
|switch|p2b: Ursaluna|Ursaluna-Bloodmoon, L50, M|100/100
|turn|3
|inactive|ZeGaboVGC has 30 seconds left.
|
|t:|1756391613
|switch|p1a: Pelipper|Pelipper, L50, M|100/100
|-weather|RainDance|[from] ability: Drizzle|[of] p1a: Pelipper
|switch|p2a: Sneasler|Sneasler, L50, M|100/100
|-terastallize|p1b: Archaludon|Bug
|move|p1b: Archaludon|Electro Shot||[still]
|-prepare|p1b: Archaludon|Electro Shot
|-boost|p1b: Archaludon|spa|1
|-anim|p1b: Archaludon|Electro Shot|p2a: Sneasler
|-damage|p2a: Sneasler|31/100
|move|p2b: Ursaluna|Earth Power|p1b: Archaludon
|-resisted|p1b: Archaludon
|-damage|p1b: Archaludon|84/100
|-unboost|p1b: Archaludon|spd|1
|-ability|p1b: Archaludon|Stamina|boost
|-boost|p1b: Archaludon|def|1
|
|-weather|RainDance|[upkeep]
|upkeep
|turn|4
|inactive|jowemama has 30 seconds left.
|inactive|jowemama has 20 seconds left.
|inactive|jowemama has 15 seconds left.
|
|t:|1756391657
|move|p2a: Sneasler|Protect|p2a: Sneasler
|-singleturn|p2a: Sneasler|Protect
|move|p1a: Pelipper|Weather Ball|p2b: Ursaluna
|-supereffective|p2b: Ursaluna
|-damage|p2b: Ursaluna|8/100
|move|p1b: Archaludon|Body Press|p2b: Ursaluna
|-supereffective|p2b: Ursaluna
|-damage|p2b: Ursaluna|0 fnt
|faint|p2b: Ursaluna
|
|-weather|RainDance|[upkeep]
|-sideend|p1: jowemama|move: Tailwind
|upkeep
|
|t:|1756391664
|switch|p2b: Gholdengo|Gholdengo, L50, tera:Water|91/100
|turn|5
|
|t:|1756391680
|move|p2a: Sneasler|Dire Claw|p1a: Pelipper
|-damage|p1a: Pelipper|48/100
|-status|p1a: Pelipper|psn
|move|p2b: Gholdengo|Make It Rain|p1b: Archaludon|[spread] p1a,p1b
|-resisted|p1a: Pelipper
|-damage|p1a: Pelipper|0 fnt
|-damage|p1b: Archaludon|24/100
|-unboost|p2b: Gholdengo|spa|1
|-ability|p1b: Archaludon|Stamina|boost
|-boost|p1b: Archaludon|def|1
|faint|p1a: Pelipper
|-damage|p2b: Gholdengo|81/100|[from] item: Life Orb
|move|p1b: Archaludon|Electro Shot||[still]
|-prepare|p1b: Archaludon|Electro Shot
|-boost|p1b: Archaludon|spa|1
|-anim|p1b: Archaludon|Electro Shot|p2a: Sneasler
|-damage|p2a: Sneasler|0 fnt
|faint|p2a: Sneasler
|
|-weather|RainDance|[upkeep]
|upkeep
|
|t:|1756391685
|switch|p1a: Dragonite|Dragonite, L50, F|33/100 slp
|turn|6
|
|t:|1756391694
|move|p2b: Gholdengo|Make It Rain|p1b: Archaludon|[spread] p1a,p1b
|-crit|p1b: Archaludon
|-damage|p1a: Dragonite|0 fnt
|-damage|p1b: Archaludon|0 fnt
|-unboost|p2b: Gholdengo|spa|1
|faint|p1a: Dragonite
|faint|p1b: Archaludon
|-damage|p2b: Gholdengo|72/100|[from] item: Life Orb
|
|win|ZeGaboVGC
|raw|jowemama's rating: 1108 → 1086(-22 for losing)
|raw|ZeGaboVGC's rating: 1156 → 1178(+22 for winning)
|l|☆ZeGaboVGC
|player|p2|
