|j|☆AquamarineVGC
|j|☆Flipsicle
|html|AquamarineVGCFlipsicle    
|uhtml|bestof|Game 2 of a best-of-3
|t:|1782466296
|gametype|doubles
|player|p1|AquamarineVGC|unknown|
|player|p2|Flipsicle|elesa-masters|
|gen|9
|tier|[Gen 9 Champions] VGC 2026 Reg M-B (Bo3)
|rule|Species Clause: Limit one of each Pokémon
|rule|Item Clause: Limit 1 of each item
|clearpoke
|poke|p1|Ninetales-Alola, L50, F|
|poke|p1|Sinistcha, L50|
|poke|p1|Milotic, L50, M|
|poke|p1|Froslass, L50, F|
|poke|p1|Kangaskhan, L50, F|
|poke|p1|Blaziken, L50, F|
|poke|p2|Garchomp, L50, F|
|poke|p2|Delphox, L50, F|
|poke|p2|Sneasler, L50, F|
|poke|p2|Maushold, L50|
|poke|p2|Azumarill, L50, F|
|poke|p2|Incineroar, L50, F|
|teampreview|4
|showteam|p1|Ninetales-Alola||FocusSash|SnowWarning|Blizzard,Moonblast,AuroraVeil,Protect|Timid||F|||50|]Sinistcha||MiracleSeed|Hospitality|MatchaGotcha,ShadowBall,RagePowder,TrickRoom|Modest|||||50|]Milotic||Leftovers|Competitive|Scald,MuddyWater,Coil,Protect|Modest||M|||50|]Froslass||Froslassite|SnowCloak|Blizzard,ShadowBall,WeatherBall,Protect|Modest||F|||50|]Kangaskhan||SilkScarf|Scrappy|LastResort,FakeOut|Adamant||F|||50|]Blaziken||Blazikenite|SpeedBoost|FlareBlitz,CloseCombat,SwordsDance,Detect|Adamant||F|||50|
|showteam|p2|Garchomp||LumBerry|RoughSkin|Protect,StompingTantrum,DragonClaw,StoneEdge|Jolly||F|||50|]Delphox||Delphoxite|Blaze|Protect,HeatWave,Psychic,Substitute|Timid||F|||50|]Sneasler||WhiteHerb|Unburden|FakeOut,CloseCombat,DireClaw,Coaching|Jolly||F|||50|]Maushold||WideLens|FriendGuard|FollowMe,PopulationBomb,Encore,Protect|Jolly|||||50|]Azumarill||SitrusBerry|HugePower|BellyDrum,AquaJet,PlayRough,Protect|Adamant||F|||50|]Incineroar||PasshoBerry|Intimidate|FakeOut,ThroatChop,PartingShot,HelpingHand|Careful||F|||50|
|j| Noobilio
|j| Mrpizzaofoz
|c|☆Flipsicle|glhf
|j|+Aldrich
|c|☆AquamarineVGC|GLHF
|l|+Aldrich
|inactive|Battle timer is ON: inactive players will automatically lose when time's up. (requested by Flipsicle)
|
|t:|1782466402
|teamsize|p1|4
|teamsize|p2|4
|start
|switch|p1a: Froslass|Froslass, L50, F|100/100
|switch|p1b: Milotic|Milotic, L50, M|100/100
|switch|p2a: Azumarill|Azumarill, L50, F|100/100
|switch|p2b: Sneasler|Sneasler, L50, F|100/100
|turn|1
|j|+Aldrich
|inactive|AquamarineVGC has 30 seconds left.
|inactive|Flipsicle has 30 seconds left.
|inactive|Flipsicle has 20 seconds left.
|inactive|Flipsicle has 15 seconds left.
|inactive|Flipsicle has 10 seconds left.
|inactive|Flipsicle has 5 seconds left.
|
|t:|1782466453
|switch|p2b: Maushold|Maushold, L50|100/100
|switch|p1b: Kangaskhan|Kangaskhan, L50, F|100/100
|detailschange|p1a: Froslass|Froslass-Mega, L50, F
|-mega|p1a: Froslass|Froslass|Froslassite
|-weather|Snowscape|[from] ability: Snow Warning|[of] p1a: Froslass
|move|p2a: Azumarill|Protect|p2a: Azumarill
|-singleturn|p2a: Azumarill|Protect
|move|p1a: Froslass|Blizzard|p2b: Maushold|[spread] p2b
|-activate|p2a: Azumarill|move: Protect
|-damage|p2b: Maushold|35/100
|
|-weather|Snowscape|[upkeep]
|upkeep
|turn|2
|inactive|Flipsicle has 30 seconds left.
|inactive|Flipsicle has 20 seconds left.
|inactive|Flipsicle has 15 seconds left.
|
|t:|1782466496
|move|p2b: Maushold|Protect|p2b: Maushold
|-singleturn|p2b: Maushold|Protect
|move|p1b: Kangaskhan|Fake Out|p2a: Azumarill
|-damage|p2a: Azumarill|80/100
|move|p1a: Froslass|Blizzard|p2b: Maushold|[spread] p2a
|-activate|p2b: Maushold|move: Protect
|-resisted|p2a: Azumarill|1
|-damage|p2a: Azumarill|59/100
|-status|p2a: Azumarill|frz
|cant|p2a: Azumarill|frz
|
|-weather|Snowscape|[upkeep]
|upkeep
|turn|3
|inactive|Flipsicle has 30 seconds left.
|inactive|AquamarineVGC has 30 seconds left.
|inactive|Flipsicle has 20 seconds left.
|
|t:|1782466535
|switch|p1b: Milotic|Milotic, L50, M|100/100
|-curestatus|p2a: Azumarill|frz|[msg]
|move|p2a: Azumarill|Protect|p2a: Azumarill
|-singleturn|p2a: Azumarill|Protect
|move|p2b: Maushold|Encore||[still]
|-fail|p2b: Maushold
|move|p1a: Froslass|Blizzard|p2a: Azumarill|[spread] p2b
|-activate|p2a: Azumarill|move: Protect
|-damage|p2b: Maushold|0 fnt
|faint|p2b: Maushold
|
|-weather|Snowscape|[upkeep]
|upkeep
|
|t:|1782466540
|switch|p2b: Delphox|Delphox, L50, F|100/100
|turn|4
|inactive|AquamarineVGC has 30 seconds left.
|inactive|Flipsicle has 30 seconds left.
|inactive|AquamarineVGC has 20 seconds left.
|inactive|Flipsicle has 20 seconds left.
|inactive|AquamarineVGC has 15 seconds left.
|inactive|AquamarineVGC has 10 seconds left.
|
|t:|1782466587
|switch|p1a: Kangaskhan|Kangaskhan, L50, F|100/100
|detailschange|p2b: Delphox|Delphox-Mega, L50, F
|-mega|p2b: Delphox|Delphox|Delphoxite
|move|p2a: Azumarill|Aqua Jet|p1a: Kangaskhan
|-damage|p1a: Kangaskhan|72/100
|move|p2b: Delphox|Heat Wave|p1b: Milotic|[spread] p1a
|-miss|p2b: Delphox|p1b: Milotic
|-damage|p1a: Kangaskhan|27/100
|move|p1b: Milotic|Coil|p1b: Milotic
|-boost|p1b: Milotic|atk|1
|-boost|p1b: Milotic|def|1
|-boost|p1b: Milotic|accuracy|1
|
|-weather|Snowscape|[upkeep]
|upkeep
|turn|5
|inactive|AquamarineVGC has 30 seconds left.
|inactive|Flipsicle has 30 seconds left.
|inactive|AquamarineVGC has 20 seconds left.
|inactive|Flipsicle has 20 seconds left.
|inactive|Flipsicle has 15 seconds left.
|inactive|Flipsicle has 10 seconds left.
|
|t:|1782466634
|move|p1a: Kangaskhan|Fake Out|p2a: Azumarill
|-damage|p2a: Azumarill|34/100
|-enditem|p2a: Azumarill|Sitrus Berry|[eat]
|-heal|p2a: Azumarill|59/100|[from] item: Sitrus Berry
|cant|p2a: Azumarill|flinch
|move|p2b: Delphox|Substitute|p2b: Delphox
|-start|p2b: Delphox|Substitute
|-damage|p2b: Delphox|75/100
|move|p1b: Milotic|Muddy Water|p2b: Delphox|[spread] p2a,p2b
|-supereffective|p2b: Delphox|1
|-end|p2b: Delphox|Substitute
|-resisted|p2a: Azumarill|1
|-damage|p2a: Azumarill|43/100
|-unboost|p2a: Azumarill|accuracy|1
|
|-weather|none
|upkeep
|turn|6
|inactive|Flipsicle has 30 seconds left.
|
|t:|1782466661
|move|p2a: Azumarill|Aqua Jet|p1a: Kangaskhan
|-damage|p1a: Kangaskhan|0 fnt
|faint|p1a: Kangaskhan
|move|p2b: Delphox|Psychic|p1b: Milotic
|-crit|p1b: Milotic
|-damage|p1b: Milotic|37/100
|move|p1b: Milotic|Muddy Water|p2b: Delphox|[spread] p2a,p2b
|-resisted|p2a: Azumarill|1
|-supereffective|p2b: Delphox|1
|-damage|p2a: Azumarill|27/100
|-damage|p2b: Delphox|15/100
|-unboost|p2a: Azumarill|accuracy|1
|-unboost|p2b: Delphox|accuracy|1
|
|-heal|p1b: Milotic|43/100|[from] item: Leftovers
|upkeep
|
|t:|1782466682
|switch|p1a: Froslass|Froslass-Mega, L50, F|100/100
|-weather|Snowscape|[from] ability: Snow Warning|[of] p1a: Froslass
|turn|7
|inactive|Flipsicle has 30 seconds left.
|inactive|AquamarineVGC has 30 seconds left.
|
|t:|1782466719
|move|p2a: Azumarill|Aqua Jet|p1b: Milotic|[miss]
|-miss|p2a: Azumarill|p1b: Milotic
|move|p2b: Delphox|Psychic|p1b: Milotic|[miss]
|-miss|p2b: Delphox|p1b: Milotic
|move|p1a: Froslass|Blizzard|p2a: Azumarill|[spread] p2a,p2b
|-resisted|p2a: Azumarill|1
|-resisted|p2b: Delphox|1
|-damage|p2a: Azumarill|0 fnt
|-damage|p2b: Delphox|0 fnt
|faint|p2a: Azumarill
|faint|p2b: Delphox
|move|p1b: Milotic|Muddy Water|p2: Azumarill|[notarget]
|-fail|p1b: Milotic
|
|-weather|Snowscape|[upkeep]
|-heal|p1b: Milotic|50/100y|[from] item: Leftovers
|upkeep
|-message|Flipsicle forfeited.
|
|win|AquamarineVGC
||Flipsicle is ready for game 3.
||AquamarineVGC is ready for game 3.
|uhtml|next|Next: Game 3 of 3
|l| Mrpizzaofoz
|l|+Aldrich
|j|+Aldrich
|l| Noobilio
|l|☆Flipsicle
|player|p2|
|j| DavidEXE
|l| DavidEXE
