|j|☆Fayzginger
|j|☆minccino fan
|html|Fayzgingerminccino fan    
|uhtml|bestof|Game 3 of a best-of-3
|t:|1757659773
|gametype|doubles
|player|p1|Fayzginger|101|1175
|player|p2|minccino fan|miku-ghost|1275
|gen|9
|tier|[Gen 9] VGC 2025 Reg H (Bo3)
|rated|
|rule|Species Clause: Limit one of each Pokémon
|rule|Item Clause: Limit 1 of each item
|clearpoke
|poke|p1|Tyranitar, L50, F|
|poke|p1|Garchomp, L50, F|
|poke|p1|Indeedee, L50, M|
|poke|p1|Sneasler, L50, M|
|poke|p1|Talonflame, L50, M|
|poke|p1|Electabuzz, L50, M|
|poke|p2|Charizard, L50, F|
|poke|p2|Torkoal, L50, F|
|poke|p2|Porygon2, L50|
|poke|p2|Incineroar, L50, M|
|poke|p2|Jumpluff, L50, F|
|poke|p2|Ursaluna, L50, M|
|teampreview|4
|showteam|p1|Tyranitar||AssaultVest|SandStream|TeraBlast,KnockOff,RockSlide,LowKick|||F|||50|,,,,,Flying]Garchomp||LifeOrb|RoughSkin|Protect,DragonClaw,StompingTantrum,Earthquake|||F|||50|,,,,,Ground]Indeedee||ChoiceScarf|PsychicSurge|ExpandingForce,TeraBlast,Trick,Protect|||M|||50|,,,,,Psychic]Sneasler||PsychicSeed|Unburden|Protect,CloseCombat,DireClaw,ThroatChop|||M|||50|,,,,,Dark]Talonflame||SafetyGoggles|GaleWings|Protect,BraveBird,Tailwind,WillOWisp|||M|||50|,,,,,Ghost]Electabuzz||Eviolite|VitalSpirit|FollowMe,Thunderbolt,Protect,Taunt|||M|||50|,,,,,Fairy
|showteam|p2|Charizard||ChoiceSpecs|SolarPower|HeatWave,Overheat,WeatherBall,AirSlash|||F|||50|,,,,,Ghost]Torkoal||EjectPack|Drought|Eruption,Overheat,HelpingHand,Protect|||F|||50|,,,,,Fire]Porygon2||Eviolite|Download|TeraBlast,IceBeam,Recover,TrickRoom||||||50|,,,,,Fighting]Incineroar||SitrusBerry|Intimidate|FlareBlitz,KnockOff,FakeOut,PartingShot|||M|||50|,,,,,Ghost]Jumpluff||CovertCloak|Chlorophyll|SleepPowder,SunnyDay,RagePowder,Tailwind|||F|||50|,,,,,Water]Ursaluna||FlameOrb|Guts|HeadlongRush,Facade,Earthquake,Protect|||M|||50|,,,,,Ghost
|inactive|Battle timer is ON: inactive players will automatically lose when time's up. (requested by minccino fan)
|
|t:|1757659784
|teamsize|p1|4
|teamsize|p2|4
|start
|switch|p1a: Talonflame|Talonflame, L50, M, shiny|100/100
|switch|p1b: Electabuzz|Electabuzz, L50, M, shiny|100/100
|switch|p2a: Porygon2|Porygon2, L50|100/100
|switch|p2b: Incineroar|Incineroar, L50, M|100/100
|-ability|p2b: Incineroar|Intimidate|boost
|-unboost|p1a: Talonflame|atk|1
|-unboost|p1b: Electabuzz|atk|1
|-ability|p2a: Porygon2|Download|boost
|-boost|p2a: Porygon2|atk|1
|turn|1
|
|t:|1757659805
|switch|p1a: Smart Fella|Indeedee, L50, M, shiny|100/100
|-fieldstart|move: Psychic Terrain|[from] ability: Psychic Surge|[of] p1a: Smart Fella
|move|p1b: Electabuzz|Taunt|p2a: Porygon2
|-start|p2a: Porygon2|move: Taunt
|move|p2b: Incineroar|Knock Off|p1a: Smart Fella
|-supereffective|p1a: Smart Fella
|-damage|p1a: Smart Fella|0 fnt
|-enditem|p1a: Smart Fella|Choice Scarf|[from] move: Knock Off|[of] p2b: Incineroar
|faint|p1a: Smart Fella
|move|p2a: Porygon2|Tera Blast|p1b: Electabuzz
|-damage|p1b: Electabuzz|71/100
|
|upkeep
|
|t:|1757659812
|switch|p1a: Fart Smella|Sneasler, L50, M, shiny|100/100
|-enditem|p1a: Fart Smella|Psychic Seed
|-boost|p1a: Fart Smella|spd|1|[from] item: Psychic Seed
|turn|2
|j| GC prep
|inactive|minccino fan has 30 seconds left.
|
|t:|1757659841
|-terastallize|p2b: Incineroar|Ghost
|move|p1a: Fart Smella|Dire Claw|p2b: Incineroar
|-resisted|p2b: Incineroar
|-damage|p2b: Incineroar|79/100
|move|p1b: Electabuzz|Thunderbolt|p2b: Incineroar
|-damage|p2b: Incineroar|46/100
|-enditem|p2b: Incineroar|Sitrus Berry|[eat]
|-heal|p2b: Incineroar|71/100|[from] item: Sitrus Berry
|move|p2b: Incineroar|Parting Shot|p1a: Fart Smella
|-unboost|p1a: Fart Smella|atk|1
|-unboost|p1a: Fart Smella|spa|1
|
|t:|1757659848
|switch|p2b: Ursaluna|Ursaluna, L50, M|100/100|[from] Parting Shot
|move|p2a: Porygon2|Tera Blast|p1b: Electabuzz
|-damage|p1b: Electabuzz|43/100
|
|-status|p2b: Ursaluna|brn|[from] item: Flame Orb
|upkeep
|turn|3
|inactive|minccino fan has 30 seconds left.
|inactive|minccino fan has 20 seconds left.
|inactive|minccino fan has 15 seconds left.
|inactive|minccino fan has 10 seconds left.
|
|t:|1757659897
|switch|p2a: Incineroar|Incineroar, L50, M, tera:Ghost|71/100
|-ability|p2a: Incineroar|Intimidate|boost
|-unboost|p1a: Fart Smella|atk|1
|-unboost|p1b: Electabuzz|atk|1
|move|p1a: Fart Smella|Protect|p1a: Fart Smella
|-singleturn|p1a: Fart Smella|Protect
|move|p1b: Electabuzz|Protect|p1b: Electabuzz
|-singleturn|p1b: Electabuzz|Protect
|move|p2b: Ursaluna|Protect||[still]
|-fail|p2b: Ursaluna
|
|-damage|p2b: Ursaluna|95/100 brn|[from] brn
|upkeep
|turn|4
|
|t:|1757659918
|switch|p1a: Talonflame|Talonflame, L50, M, shiny|100/100
|switch|p2a: Jumpluff|Jumpluff, L50, F|100/100
|move|p1b: Electabuzz|Thunderbolt|p2a: Jumpluff
|-damage|p2a: Jumpluff|69/100
|move|p2b: Ursaluna|Earthquake|p1b: Electabuzz|[spread] p1b
|-immune|p2a: Jumpluff
|-immune|p1a: Talonflame
|-supereffective|p1b: Electabuzz
|-damage|p1b: Electabuzz|0 fnt
|faint|p1b: Electabuzz
|
|-damage|p2b: Ursaluna|89/100 brn|[from] brn
|upkeep
|
|t:|1757659923
|switch|p1b: Fart Smella|Sneasler, L50, M, shiny|100/100
|turn|5
|inactive|minccino fan has 30 seconds left.
|inactive|minccino fan has 20 seconds left.
|inactive|minccino fan has 15 seconds left.
|
|t:|1757659966
|switch|p2a: Incineroar|Incineroar, L50, M, tera:Ghost|71/100
|-ability|p2a: Incineroar|Intimidate|boost
|-unboost|p1a: Talonflame|atk|1
|-unboost|p1b: Fart Smella|atk|1
|move|p2b: Ursaluna|Protect|p2b: Ursaluna
|-singleturn|p2b: Ursaluna|Protect
|move|p1a: Talonflame|Brave Bird|p2a: Incineroar
|-activate|p2a: Incineroar|move: Psychic Terrain
|move|p1b: Fart Smella|Close Combat|p2b: Ursaluna
|-activate|p2b: Ursaluna|move: Protect
|
|-damage|p2b: Ursaluna|83/100 brn|[from] brn
|-fieldend|move: Psychic Terrain
|upkeep
|turn|6
|inactive|minccino fan has 30 seconds left.
|inactive|minccino fan has 20 seconds left.
|inactive|minccino fan has 15 seconds left.
|
|t:|1757660007
|move|p1a: Talonflame|Protect|p1a: Talonflame
|-singleturn|p1a: Talonflame|Protect
|move|p1b: Fart Smella|Protect|p1b: Fart Smella
|-singleturn|p1b: Fart Smella|Protect
|move|p2a: Incineroar|Fake Out|p1b: Fart Smella
|-activate|p1b: Fart Smella|move: Protect
|move|p2b: Ursaluna|Facade|p1a: Talonflame
|-activate|p1a: Talonflame|move: Protect
|
|-damage|p2b: Ursaluna|77/100 brn|[from] brn
|upkeep
|turn|7
|inactive|Fayzginger has 30 seconds left.
|inactive|minccino fan has 30 seconds left.
|inactive|minccino fan has 20 seconds left.
|
|t:|1757660043
|switch|p2b: Porygon2|Porygon2, L50|100/100
|-ability|p2b: Porygon2|Download|boost
|-boost|p2b: Porygon2|atk|1
|move|p1a: Talonflame|Brave Bird|p2a: Incineroar
|-damage|p2a: Incineroar|44/100
|-damage|p1a: Talonflame|89/100|[from] Recoil
|move|p1b: Fart Smella|Close Combat|p2b: Porygon2
|-supereffective|p2b: Porygon2
|-damage|p2b: Porygon2|44/100
|-unboost|p1b: Fart Smella|def|1
|-unboost|p1b: Fart Smella|spd|1
|move|p2a: Incineroar|Flare Blitz|p1b: Fart Smella
|-damage|p1b: Fart Smella|0 fnt
|faint|p1b: Fart Smella
|-damage|p2a: Incineroar|18/100|[from] Recoil
|
|upkeep
|turn|8
|-message|Fayzginger forfeited.
|
|win|minccino fan
|raw|Fayzginger's rating: 1175 → 1157(-18 for losing)
|raw|minccino fan's rating: 1275 → 1293(+18 for winning)
