|j|☆grfynnvgc
|j|☆kathan23
|html|grfynnvgckathan23    
|uhtml|bestof|Game 1 of a best-of-3
|t:|1785366342
|gametype|doubles
|player|p1|grfynnvgc|102|1096
|player|p2|kathan23|bugcatcher-gen4dp|1000
|gen|9
|tier|[Gen 9 Champions] VGC 2026 Reg M-B (Bo3)
|rated|
|rule|Species Clause: Limit one of each Pokémon
|rule|Item Clause: Limit 1 of each item
|clearpoke
|poke|p1|Gengar, L50, F|
|poke|p1|Kommo-o, L50, M|
|poke|p1|Ninetales-Alola, L50, F|
|poke|p1|Primarina, L50, F|
|poke|p1|Volcarona, L50, M|
|poke|p1|Incineroar, L50, F|
|poke|p2|Staraptor, L50, F|
|poke|p2|Garchomp, L50, M|
|poke|p2|Whimsicott, L50, M|
|poke|p2|Delphox, L50, M|
|poke|p2|Glimmora, L50, M|
|poke|p2|Kingambit, L50, F|
|teampreview|4
|showteam|p1|Gengar||Gengarite|CursedBody|ShadowBall,SludgeBomb,PerishSong,Protect|Modest||F|||50|]Kommo-o||Leftovers|Soundproof|ClangingScales,AuraSphere,ClangorousSoul,Protect|Modest||M|||50|]Ninetales-Alola||FocusSash|SnowWarning|Blizzard,FreezeDry,AuroraVeil,Protect|Timid||F|||50|]Primarina||MysticWater|LiquidVoice|HyperVoice,Moonblast,PerishSong,Protect|Modest||F|||50|]Volcarona||SitrusBerry|FlameBody|Flamethrower,StruggleBug,RagePowder,Protect|Bold||M|||50|]Incineroar||ShucaBerry|Intimidate|FakeOut,ThroatChop,PartingShot,Protect|Impish||F|||50|
|showteam|p2|Staraptor||Staraptite|Intimidate|Protect,Roost,CloseCombat,BraveBird|Adamant||F|||50|]Garchomp||LifeOrb|RoughSkin|Protect,RockSlide,Earthquake,DragonClaw|Jolly||M|||50|]Whimsicott||OccaBerry|Prankster|Moonblast,Tailwind,Charm,LightScreen|Bold||M|||50|]Delphox||Delphoxite|Magician|Protect,Psychic,HeatWave,Substitute|Timid||M|||50|]Glimmora||FocusSash|ToxicDebris|SpikyShield,EarthPower,PowerGem,SludgeBomb|Timid||M|||50|]Kingambit||ChopleBerry|Defiant|KowtowCleave,IronHead,SuckerPunch,LowKick|Adamant||F|||50|
|
|t:|1785366409
|teamsize|p1|4
|teamsize|p2|4
|start
|switch|p1a: Primarina|Primarina, L50, F|100/100
|switch|p1b: Incineroar|Incineroar, L50, F|100/100
|switch|p2a: Staraptor|Staraptor, L50, F|100/100
|switch|p2b: Whimsicott|Whimsicott, L50, M|100/100
|-ability|p2a: Staraptor|Intimidate|boost
|-unboost|p1a: Primarina|atk|1
|-unboost|p1b: Incineroar|atk|1
|-ability|p1b: Incineroar|Intimidate|boost
|-unboost|p2a: Staraptor|atk|1
|-unboost|p2b: Whimsicott|atk|1
|turn|1
|
|t:|1785366443
|switch|p2a: Delphox|Delphox, L50, M|100/100
|move|p1b: Incineroar|Fake Out|p2b: Whimsicott
|-damage|p2b: Whimsicott|94/100
|cant|p2b: Whimsicott|flinch
|move|p1a: Primarina|Hyper Voice|p2a: Delphox|[spread] p2a,p2b
|-supereffective|p2a: Delphox|1
|-resisted|p2b: Whimsicott|1
|-damage|p2a: Delphox|3/100
|-damage|p2b: Whimsicott|63/100
|
|upkeep
|turn|2
|
|t:|1785366461
|move|p2a: Delphox|Protect|p2a: Delphox
|-singleturn|p2a: Delphox|Protect
|move|p2b: Whimsicott|Light Screen|p2b: Whimsicott
|-sidestart|p2: kathan23|move: Light Screen
|move|p1a: Primarina|Hyper Voice|p2a: Delphox|[spread] p2b
|-activate|p2a: Delphox|move: Protect
|-resisted|p2b: Whimsicott|1
|-damage|p2b: Whimsicott|44/100
|move|p1b: Incineroar|Parting Shot|p2b: Whimsicott
|-unboost|p2b: Whimsicott|atk|1
|-unboost|p2b: Whimsicott|spa|1
|
|t:|1785366479
|switch|p1b: Kommo-o|Kommo-o, L50, M|100/100|[from] Parting Shot
|
|upkeep
|turn|3
|
|t:|1785366495
|switch|p2a: Kingambit|Kingambit, L50, F|100/100
|move|p1b: Kommo-o|Protect|p1b: Kommo-o
|-singleturn|p1b: Kommo-o|Protect
|move|p2b: Whimsicott|Charm|p1b: Kommo-o
|-activate|p1b: Kommo-o|move: Protect
|move|p1a: Primarina|Hyper Voice|p2a: Kingambit|[spread] p2a,p2b
|-resisted|p2b: Whimsicott|1
|-damage|p2a: Kingambit|68/100
|-damage|p2b: Whimsicott|24/100
|
|upkeep
|turn|4
|
|t:|1785366509
|move|p2b: Whimsicott|Tailwind|p2b: Whimsicott
|-sidestart|p2: kathan23|move: Tailwind
|move|p2a: Kingambit|Iron Head|p1a: Primarina
|-damage|p1a: Primarina|46/100
|move|p1b: Kommo-o|Aura Sphere|p2a: Kingambit
|-supereffective|p2a: Kingambit|2
|-enditem|p2a: Kingambit|Chople Berry|[eat]
|-enditem|p2a: Kingambit|Chople Berry|[weaken]
|-damage|p2a: Kingambit|14/100
|cant|p1a: Primarina|flinch
|
|upkeep
|turn|5
|
|t:|1785366535
|switch|p2a: Staraptor|Staraptor, L50, F|100/100
|-ability|p2a: Staraptor|Intimidate|boost
|-unboost|p1a: Primarina|atk|1
|-unboost|p1b: Kommo-o|atk|1
|move|p2b: Whimsicott|Moonblast|p1b: Kommo-o
|-supereffective|p1b: Kommo-o|2
|-damage|p1b: Kommo-o|25/100
|move|p1b: Kommo-o|Aura Sphere|p2a: Staraptor
|-damage|p2a: Staraptor|62/100
|move|p1a: Primarina|Hyper Voice|p2b: Whimsicott|[spread] p2a,p2b
|-resisted|p2b: Whimsicott|1
|-damage|p2a: Staraptor|18/100
|-damage|p2b: Whimsicott|2/100
|
|-heal|p1b: Kommo-o|31/100|[from] item: Leftovers
|upkeep
|turn|6
|
|t:|1785366571
|detailschange|p2a: Staraptor|Staraptor-Mega, L50, F
|-mega|p2a: Staraptor|Staraptor|Staraptite
|move|p2a: Staraptor|Protect|p2a: Staraptor
|-singleturn|p2a: Staraptor|Protect
|move|p2b: Whimsicott|Moonblast|p1b: Kommo-o
|-supereffective|p1b: Kommo-o|2
|-damage|p1b: Kommo-o|0 fnt
|faint|p1b: Kommo-o
|move|p1a: Primarina|Hyper Voice|p2b: Whimsicott|[spread] p2b
|-activate|p2a: Staraptor|move: Protect
|-resisted|p2b: Whimsicott|1
|-damage|p2b: Whimsicott|0 fnt
|faint|p2b: Whimsicott
|
|-sideend|p2: kathan23|move: Light Screen
|upkeep
|
|t:|1785366584
|switch|p2b: Kingambit|Kingambit, L50, F|14/100
|switch|p1b: Ninetales|Ninetales-Alola, L50, F|100/100
|-weather|Snowscape|[from] ability: Snow Warning|[of] p1b: Ninetales
|turn|7
|inactive|Battle timer is ON: inactive players will automatically lose when time's up. (requested by grfynnvgc)
|
|t:|1785366599
|move|p1b: Ninetales|Protect|p1b: Ninetales
|-singleturn|p1b: Ninetales|Protect
|move|p1a: Primarina|Protect|p1a: Primarina
|-singleturn|p1a: Primarina|Protect
|move|p2a: Staraptor|Brave Bird|p1a: Primarina
|-activate|p1a: Primarina|move: Protect
|move|p2b: Kingambit|Iron Head|p1b: Ninetales
|-activate|p1b: Ninetales|move: Protect
|
|-weather|Snowscape|[upkeep]
|-sideend|p2: kathan23|move: Tailwind
|upkeep
|turn|8
|
|t:|1785366620
|move|p2a: Staraptor|Protect|p2a: Staraptor
|-singleturn|p2a: Staraptor|Protect
|move|p1b: Ninetales|Blizzard|p2b: Kingambit|[spread] p2b
|-activate|p2a: Staraptor|move: Protect
|-resisted|p2b: Kingambit|1
|-damage|p2b: Kingambit|0 fnt
|faint|p2b: Kingambit
|move|p1a: Primarina|Hyper Voice|p2a: Staraptor
|-activate|p2a: Staraptor|move: Protect
|
|-weather|Snowscape|[upkeep]
|upkeep
|
|t:|1785366629
|switch|p2b: Delphox|Delphox, L50, M|3/100
|turn|9
|
|t:|1785366639
|move|p1b: Ninetales|Blizzard|p2b: Delphox|[spread] p2a,p2b
|-supereffective|p2a: Staraptor|1
|-resisted|p2b: Delphox|1
|-damage|p2a: Staraptor|0 fnt
|-damage|p2b: Delphox|0 fnt
|faint|p2a: Staraptor
|faint|p2b: Delphox
|
|win|grfynnvgc
