|j|Ōśåkingbananahammock
|j|Ōśånegaifreak
|html|kingbananahammocknegaifreak    
|uhtml|bestof|Game 3 of a best-of-3
|t:|1756253292
|gametype|doubles
|player|p1|kingbananahammock|169|1130
|player|p2|negaifreak|nate|1147
|gen|9
|tier|[Gen 9] VGC 2025 Reg H (Bo3)
|rated|
|rule|Species Clause: Limit one of each Pok├®mon
|rule|Item Clause: Limit 1 of each item
|clearpoke
|poke|p1|Misdreavus, L50, F|
|poke|p1|Ursaluna, L50, F|
|poke|p1|Mandibuzz, L50, F|
|poke|p1|Incineroar, L50, M|
|poke|p1|Abomasnow, L50, M|
|poke|p1|Gholdengo, L50|
|poke|p2|Ceruledge, L50, F|
|poke|p2|Sneasler, L50, F|
|poke|p2|Rillaboom, L50, M|
|poke|p2|Salamence, L50, M|
|poke|p2|Milotic, L50, F|
|poke|p2|Ninetales-Alola, L50, M|
|teampreview|4
|showteam|p1|Misdreavus||Eviolite|Levitate|NightShade,WillOWisp,TrickRoom,PainSplit|||F|||50|,,,,,Steel]Ursaluna||FlameOrb|Guts|Facade,Earthquake,SwordsDance,Protect|||F|||50|,,,,,Ghost]Mandibuzz||RockyHelmet|Overcoat|FoulPlay,Taunt,Tailwind,Snarl|||F|||50|,,,,,Fire]Incineroar||MirrorHerb|Intimidate|FakeOut,FlareBlitz,KnockOff,PartingShot|||M|||50|,,,,,Grass]Abomasnow||AssaultVest|SnowWarning|Blizzard,LeafStorm,EarthPower,IceShard|||M|||50|,,,,,Water]Gholdengo||SitrusBerry|GoodasGold|MakeItRain,NastyPlot,Protect,ShadowBall||||||50|,,,,,Water
|showteam|p2|Ceruledge||ClearAmulet|FlashFire|BitterBlade,ShadowSneak,BulkUp,Protect|||F|||50|,,,,,Grass]Sneasler||GrassySeed|Unburden|DireClaw,CloseCombat,Coaching,Protect|||F|||50|,,,,,Stellar]Rillaboom||AssaultVest|GrassySurge|FakeOut,GrassyGlide,WoodHammer,HighHorsepower|||M|||50|,,,,,Fire]Salamence||LifeOrb|Intimidate|AirSlash,DracoMeteor,Tailwind,Protect|||M|||50|,,,,,Steel]Milotic||Leftovers|Competitive|Scald,IceBeam,Haze,Protect|||F|||50|,,,,,Dragon]Ninetales-Alola||FocusSash|SnowWarning|FreezeDry,Moonblast,AuroraVeil,Protect|||M|||50|,,,,,Ice
|
|t:|1756253334
|teamsize|p1|4
|teamsize|p2|4
|start
|switch|p1a: Mandibuzz|Mandibuzz, L50, F|100/100
|switch|p1b: Misdreavus|Misdreavus, L50, F|100/100
|switch|p2a: Sneasler|Sneasler, L50, F|100/100
|switch|p2b: Ceruledge|Ceruledge, L50, F, shiny|100/100
|turn|1
|
|t:|1756253376
|move|p2b: Ceruledge|Protect|p2b: Ceruledge
|-singleturn|p2b: Ceruledge|Protect
|move|p2a: Sneasler|Coaching|p2b: Ceruledge
|-boost|p2b: Ceruledge|atk|1
|-boost|p2b: Ceruledge|def|1
|move|p1a: Mandibuzz|Foul Play|p2b: Ceruledge
|-activate|p2b: Ceruledge|move: Protect
|move|p1b: Misdreavus|Trick Room|p1b: Misdreavus
|-fieldstart|move: Trick Room|[of] p1b: Misdreavus
|
|upkeep
|turn|2
|
|t:|1756253411
|-terastallize|p2b: Ceruledge|Grass
|move|p1b: Misdreavus|Night Shade|p2b: Ceruledge
|-damage|p2b: Ceruledge|72/100
|move|p1a: Mandibuzz|Foul Play|p2b: Ceruledge
|-crit|p2b: Ceruledge
|-damage|p2b: Ceruledge|0 fnt
|faint|p2b: Ceruledge
|move|p2a: Sneasler|Coaching|p2: Ceruledge|[notarget]
|-fail|p2a: Sneasler
|
|upkeep
|
|t:|1756253438
|switch|p2b: Milotic|Milotic, L50, F|100/100
|turn|3
|
|t:|1756253478
|switch|p1a: Ursaluna|Ursaluna, L50, F|100/100
|move|p2a: Sneasler|Protect|p2a: Sneasler
|-singleturn|p2a: Sneasler|Protect
|move|p1b: Misdreavus|Will-O-Wisp|p2a: Sneasler
|-activate|p2a: Sneasler|move: Protect
|move|p2b: Milotic|Ice Beam|p1a: Ursaluna
|-supereffective|p1a: Ursaluna
|-damage|p1a: Ursaluna|55/100
|
|-status|p1a: Ursaluna|brn|[from] item: Flame Orb
|upkeep
|turn|4
|
|t:|1756253513
|switch|p2a: Rillaboom|Rillaboom, L50, M|100/100
|-fieldstart|move: Grassy Terrain|[from] ability: Grassy Surge|[of] p2a: Rillaboom
|move|p1b: Misdreavus|Night Shade|p2b: Milotic
|-damage|p2b: Milotic|72/100
|move|p1a: Ursaluna|Earthquake|p2b: Milotic|[spread] p2a,p2b
|-immune|p1b: Misdreavus|[from] ability: Levitate
|-resisted|p2a: Rillaboom
|-damage|p2a: Rillaboom|84/100
|-damage|p2b: Milotic|45/100
|move|p2b: Milotic|Scald|p1a: Ursaluna
|-supereffective|p1a: Ursaluna
|-damage|p1a: Ursaluna|0 fnt
|faint|p1a: Ursaluna
|
|-heal|p2b: Milotic|51/100|[from] Grassy Terrain
|-heal|p2b: Milotic|57/100|[from] item: Leftovers
|-heal|p2a: Rillaboom|90/100|[from] Grassy Terrain
|upkeep
|
|t:|1756253524
|switch|p1a: Mandibuzz|Mandibuzz, L50, F|100/100
|turn|5
|
|t:|1756253561
|move|p2a: Rillaboom|Fake Out|p1a: Mandibuzz
|-damage|p1a: Mandibuzz|91/100
|-damage|p2a: Rillaboom|73/100|[from] item: Rocky Helmet|[of] p1a: Mandibuzz
|move|p1b: Misdreavus|Will-O-Wisp|p2b: Milotic
|-status|p2b: Milotic|brn
|cant|p1a: Mandibuzz|flinch
|move|p2b: Milotic|Scald|p1a: Mandibuzz
|-damage|p1a: Mandibuzz|67/100
|
|-heal|p2b: Milotic|64/100 brn|[from] Grassy Terrain
|-heal|p2b: Milotic|70/100 brn|[from] item: Leftovers
|-heal|p2a: Rillaboom|80/100|[from] Grassy Terrain
|-damage|p2b: Milotic|64/100 brn|[from] brn
|-fieldend|move: Trick Room
|upkeep
|turn|6
|
|t:|1756253618
|move|p2a: Rillaboom|Wood Hammer|p1b: Misdreavus
|-damage|p1b: Misdreavus|41/100
|-damage|p2a: Rillaboom|61/100|[from] Recoil
|move|p2b: Milotic|Scald|p1b: Misdreavus
|-crit|p1b: Misdreavus
|-damage|p1b: Misdreavus|3/100
|move|p1a: Mandibuzz|Foul Play|p2a: Rillaboom
|-crit|p2a: Rillaboom
|-damage|p2a: Rillaboom|0 fnt
|faint|p2a: Rillaboom
|move|p1b: Misdreavus|Night Shade|p2b: Milotic
|-damage|p2b: Milotic|35/100 brn
|
|-heal|p2b: Milotic|41/100 brn|[from] Grassy Terrain
|-heal|p2b: Milotic|48/100 brn|[from] item: Leftovers
|-damage|p2b: Milotic|41/100 brn|[from] brn
|upkeep
|
|t:|1756253634
|switch|p2a: Sneasler|Sneasler, L50, F|100/100
|-enditem|p2a: Sneasler|Grassy Seed
|-boost|p2a: Sneasler|def|1|[from] item: Grassy Seed
|turn|7
|
|t:|1756253667
|move|p2a: Sneasler|Dire Claw|p1b: Misdreavus
|-resisted|p1b: Misdreavus
|-damage|p1b: Misdreavus|0 fnt
|faint|p1b: Misdreavus
|move|p2b: Milotic|Ice Beam|p1a: Mandibuzz
|-supereffective|p1a: Mandibuzz
|-damage|p1a: Mandibuzz|29/100
|move|p1a: Mandibuzz|Tailwind|p1a: Mandibuzz
|-sidestart|p1: kingbananahammock|move: Tailwind
|
|-heal|p2b: Milotic|48/100 brn|[from] Grassy Terrain
|-heal|p2b: Milotic|54/100 brn|[from] item: Leftovers
|-damage|p2b: Milotic|48/100 brn|[from] brn
|upkeep
|
|t:|1756253679
|switch|p1b: Gholdengo|Gholdengo, L50|100/100
|turn|8
|
|t:|1756253713
|move|p2a: Sneasler|Dire Claw|p1a: Mandibuzz
|-damage|p1a: Mandibuzz|0 fnt
|-damage|p2a: Sneasler|84/100|[from] item: Rocky Helmet|[of] p1a: Mandibuzz
|faint|p1a: Mandibuzz
|move|p1b: Gholdengo|Shadow Ball|p2b: Milotic
|-damage|p2b: Milotic|15/100 brn
|move|p2b: Milotic|Scald|p1b: Gholdengo
|-damage|p1b: Gholdengo|71/100
|
|-heal|p2a: Sneasler|90/100|[from] Grassy Terrain
|-heal|p1b: Gholdengo|77/100|[from] Grassy Terrain
|-heal|p2b: Milotic|21/100 brn|[from] Grassy Terrain
|-heal|p2b: Milotic|27/100 brn|[from] item: Leftovers
|-damage|p2b: Milotic|21/100 brn|[from] brn
|-fieldend|move: Grassy Terrain
|upkeep
|turn|9
|c|Ōśånegaifreak|GG
|c|Ōśåkingbananahammock|gg
|c|Ōśånegaifreak|This was awful
|c|Ōśånegaifreak|I hate RNG
|
|t:|1756253773
|move|p2b: Milotic|Protect|p2b: Milotic
|-singleturn|p2b: Milotic|Protect
|move|p2a: Sneasler|Dire Claw|p1b: Gholdengo
|-immune|p1b: Gholdengo
|move|p1b: Gholdengo|Shadow Ball|p2b: Milotic
|-activate|p2b: Milotic|move: Protect
|
|-heal|p2b: Milotic|27/100 brn|[from] item: Leftovers
|-damage|p2b: Milotic|21/100 brn|[from] brn
|upkeep
|turn|10
|c|Ōśåkingbananahammock|I always feel like showdown has the RNG set to 100 compared to in game
|c|Ōśåkingbananahammock|could just be the number of battles though
|
|t:|1756253808
|move|p2b: Milotic|Protect||[still]
|-fail|p2b: Milotic
|move|p2a: Sneasler|Dire Claw|p1b: Gholdengo
|-immune|p1b: Gholdengo
|move|p1b: Gholdengo|Shadow Ball|p2b: Milotic
|-crit|p2b: Milotic
|-damage|p2b: Milotic|0 fnt
|faint|p2b: Milotic
|
|-sideend|p1: kingbananahammock|move: Tailwind
|upkeep
|turn|11
|c|Ōśånegaifreak|Whatever, dude
|c|Ōśånegaifreak|I'm just pissed
|
|t:|1756253838
|move|p2a: Sneasler|Dire Claw|p1b: Gholdengo
|-immune|p1b: Gholdengo
|move|p1b: Gholdengo|Shadow Ball|p2a: Sneasler
|-damage|p2a: Sneasler|38/100
|
|upkeep
|turn|12
|
|t:|1756253865
|move|p2a: Sneasler|Close Combat|p1b: Gholdengo
|-immune|p1b: Gholdengo
|move|p1b: Gholdengo|Make It Rain|p2a: Sneasler
|-damage|p2a: Sneasler|0 fnt
|-unboost|p1b: Gholdengo|spa|1
|faint|p2a: Sneasler
|
|win|kingbananahammock
|raw|kingbananahammock's rating: 1130 → 1156(+26 for winning)
|raw|negaifreak's rating: 1147 → 1121(-26 for losing)
|l|Ōśåkingbananahammock
|player|p1|
