|j|☆CavaliereIsSoPeak
|j|☆dialghite
|html|CavaliereIsSoPeakdialghite    
|uhtml|bestof|Game 1 of a best-of-3
|t:|1756925306
|gametype|doubles
|player|p1|CavaliereIsSoPeak|gambler|
|player|p2|dialghite|volkner|
|gen|9
|tier|[Gen 9] VGC 2025 Reg H (Bo3)
|rule|Species Clause: Limit one of each Pokémon
|rule|Item Clause: Limit 1 of each item
|clearpoke
|poke|p1|Volcarona, L50, M|
|poke|p1|Basculegion, L50, M|
|poke|p1|Sneasler, L50, F|
|poke|p1|Dragonite, L50, M|
|poke|p1|Ursaluna-Bloodmoon, L50, M|
|poke|p1|Whimsicott, L50, F|
|poke|p2|Whimsicott, L50, M|
|poke|p2|Corviknight, L50, F|
|poke|p2|Indeedee, L50, M|
|poke|p2|Sneasler, L50, M|
|poke|p2|Ursaluna-Bloodmoon, L50, M|
|poke|p2|Archaludon, L50, F|
|teampreview|4
|showteam|p1|Volcarona||SitrusBerry|FlameBody|HeatWave,TeraBlast,QuiverDance,Protect|||M|||50|,,,,,Fairy]Basculegion||ChoiceBand|Adaptability|WaveCrash,FlipTurn,AquaJet,LastRespects|||M|||50|,,,,,Water]Sneasler||FocusSash|Unburden|DireClaw,CloseCombat,ThroatChop,Protect|||F|||50|,,,,,Dark]Dragonite||LoadedDice|Multiscale|ScaleShot,ExtremeSpeed,Haze,Protect|||M|||50|,,,,,Steel]Ursaluna-Bloodmoon||LifeOrb|MindsEye|BloodMoon,HyperVoice,EarthPower,Protect|||M|||50|,,,,,Normal]Whimsicott||CovertCloak|Prankster|Moonblast,Tailwind,Encore,Taunt|||F|||50|,,,,,Poison
|showteam|p2|Whimsicott||CovertCloak|Prankster|Moonblast,Taunt,Tailwind,FakeTears|||M|||50|,,,,,Water]Corviknight||Leftovers|MirrorArmor|BraveBird,BulkUp,Tailwind,Roost|||F|||50|,,,,,Dragon]Indeedee||FocusSash|PsychicSurge|ExpandingForce,TeraBlast,Imprison,TrickRoom|||M|||50|,,,,,Psychic]Sneasler||PsychicSeed|Unburden|CloseCombat,DireClaw,ThroatChop,Protect|||M|||50|,,,,,Dark]Ursaluna-Bloodmoon||LifeOrb|MindsEye|HyperVoice,BloodMoon,EarthPower,Protect|||M|||50|,,,,,Normal]Archaludon||PowerHerb|Stalwart|ElectroShot,DragonPulse,Thunderbolt,Protect|||F|||50|,,,,,Electric
|c|☆dialghite|glhf
|inactive|Battle timer is ON: inactive players will automatically lose when time's up. (requested by dialghite)
|c|☆CavaliereIsSoPeak|same
|inactive|CavaliereIsSoPeak has 60 seconds left.
|inactive|dialghite has 60 seconds left.
|
|t:|1756925348
|teamsize|p1|4
|teamsize|p2|4
|start
|switch|p1a: Mary|Whimsicott, L50, F|100/100
|switch|p1b: D'oro|Sneasler, L50, F|100/100
|switch|p2a: Indeedee|Indeedee, L50, M|100/100
|switch|p2b: Sneasler|Sneasler, L50, M|100/100
|-fieldstart|move: Psychic Terrain|[from] ability: Psychic Surge|[of] p2a: Indeedee
|-enditem|p2b: Sneasler|Psychic Seed
|-boost|p2b: Sneasler|spd|1|[from] item: Psychic Seed
|turn|1
|
|t:|1756925358
|-terastallize|p1b: D'oro|Dark
|move|p1a: Mary|Tailwind|p1a: Mary
|-sidestart|p1: CavaliereIsSoPeak|move: Tailwind
|move|p2b: Sneasler|Dire Claw|p1a: Mary
|-supereffective|p1a: Mary
|-damage|p1a: Mary|0 fnt
|faint|p1a: Mary
|move|p1b: D'oro|Throat Chop|p2a: Indeedee
|-supereffective|p2a: Indeedee
|-enditem|p2a: Indeedee|Focus Sash
|-damage|p2a: Indeedee|1/100
|-start|p2a: Indeedee|Throat Chop|[silent]
|move|p2a: Indeedee|Tera Blast|p1b: D'oro
|-damage|p1b: D'oro|50/100
|
|upkeep
|
|t:|1756925365
|switch|p1a: Ventus|Dragonite, L50, M|100/100
|turn|2
|
|t:|1756925381
|switch|p2a: Corviknight|Corviknight, L50, F|100/100
|move|p1b: D'oro|Protect|p1b: D'oro
|-singleturn|p1b: D'oro|Protect
|move|p2b: Sneasler|Dire Claw|p1a: Ventus
|-damage|p1a: Ventus|79/100
|move|p1a: Ventus|Scale Shot|p2a: Corviknight|[miss]
|-miss|p1a: Ventus|p2a: Corviknight
|
|upkeep
|turn|3
|
|t:|1756925397
|move|p1b: D'oro|Close Combat|p2a: Corviknight
|-damage|p2a: Corviknight|53/100
|-unboost|p1b: D'oro|def|1
|-unboost|p1b: D'oro|spd|1
|move|p2b: Sneasler|Dire Claw|p1b: D'oro
|-crit|p1b: D'oro
|-damage|p1b: D'oro|0 fnt
|faint|p1b: D'oro
|move|p1a: Ventus|Scale Shot|p2b: Sneasler|[miss]
|-miss|p1a: Ventus|p2b: Sneasler
|move|p2a: Corviknight|Bulk Up|p2a: Corviknight
|-boost|p2a: Corviknight|atk|1
|-boost|p2a: Corviknight|def|1
|
|-heal|p2a: Corviknight|59/100|[from] item: Leftovers
|upkeep
|
|t:|1756925407
|switch|p1b: Dante|Volcarona, L50, M|100/100
|turn|4
|
|t:|1756925421
|-terastallize|p2a: Corviknight|Dragon
|move|p2b: Sneasler|Protect|p2b: Sneasler
|-singleturn|p2b: Sneasler|Protect
|move|p1b: Dante|Quiver Dance|p1b: Dante
|-boost|p1b: Dante|spa|1
|-boost|p1b: Dante|spd|1
|-boost|p1b: Dante|spe|1
|move|p1a: Ventus|Scale Shot|p2a: Corviknight
|-supereffective|p2a: Corviknight
|-damage|p2a: Corviknight|44/100
|-supereffective|p2a: Corviknight
|-damage|p2a: Corviknight|30/100
|-supereffective|p2a: Corviknight
|-damage|p2a: Corviknight|15/100
|-supereffective|p2a: Corviknight
|-damage|p2a: Corviknight|0 fnt
|faint|p2a: Corviknight
|-hitcount|p2: Corviknight|4
|-unboost|p1a: Ventus|def|1
|-boost|p1a: Ventus|spe|1
|
|-sideend|p1: CavaliereIsSoPeak|move: Tailwind
|upkeep
|
|t:|1756925437
|switch|p2a: Archaludon|Archaludon, L50, F|100/100
|turn|5
|
|t:|1756925460
|move|p1b: Dante|Protect|p1b: Dante
|-singleturn|p1b: Dante|Protect
|move|p2b: Sneasler|Dire Claw|p1b: Dante
|-activate|p1b: Dante|move: Protect
|move|p1a: Ventus|Scale Shot|p2b: Sneasler
|-damage|p2b: Sneasler|79/100
|-damage|p2b: Sneasler|58/100
|-damage|p2b: Sneasler|34/100
|-damage|p2b: Sneasler|13/100
|-hitcount|p2b: Sneasler|4
|-unboost|p1a: Ventus|def|1
|-boost|p1a: Ventus|spe|1
|move|p2a: Archaludon|Electro Shot||[still]
|-prepare|p2a: Archaludon|Electro Shot
|-boost|p2a: Archaludon|spa|1
|-enditem|p2a: Archaludon|Power Herb
|-anim|p2a: Archaludon|Electro Shot|p1a: Ventus
|-damage|p1a: Ventus|8/100
|
|-fieldend|move: Psychic Terrain
|upkeep
|turn|6
|
|t:|1756925482
|move|p1a: Ventus|Extreme Speed|p2b: Sneasler
|-damage|p2b: Sneasler|0 fnt
|faint|p2b: Sneasler
|move|p1b: Dante|Heat Wave|p2a: Archaludon
|-damage|p2a: Archaludon|0 fnt
|faint|p2a: Archaludon
|
|upkeep
|-message|dialghite forfeited.
|
|win|CavaliereIsSoPeak
