|j|☆RaikuDraco
|j|☆avigolvgc
|html|RaikuDracoavigolvgc    
|uhtml|bestof|Game 1 of a best-of-3
|t:|1757114127
|gametype|doubles
|player|p1|RaikuDraco|drake-gen3|1190
|player|p2|avigolvgc|265|1216
|gen|9
|tier|[Gen 9] VGC 2025 Reg H (Bo3)
|rated|
|rule|Species Clause: Limit one of each Pokémon
|rule|Item Clause: Limit 1 of each item
|clearpoke
|poke|p1|Archaludon, L50, M|
|poke|p1|Sinistcha-Masterpiece, L50|
|poke|p1|Dragonite, L50, F|
|poke|p1|Pelipper, L50, F|
|poke|p1|Ursaluna, L50, M|
|poke|p1|Gholdengo, L50|
|poke|p2|Farigiraf, L50, F|
|poke|p2|Sylveon, L50, F|
|poke|p2|Rillaboom, L50, M|
|poke|p2|Dragonite, L50, F|
|poke|p2|Incineroar, L50, M|
|poke|p2|Sneasler, L50, F|
|teampreview|4
|showteam|p1|Archaludon||AssaultVest|Stamina|BodyPress,Snarl,ElectroShot,FlashCannon|||M|||50|,,,,,Fighting]Sinistcha-Masterpiece||SitrusBerry|Hospitality|MatchaGotcha,RagePowder,TrickRoom,LifeDew||||||50|,,,,,Dark]Dragonite||LoadedDice|Multiscale|ScaleShot,Protect,Tailwind,Haze|||F|||50|,,,,,Steel]Pelipper||FocusSash|Drizzle|WeatherBall,Hurricane,Tailwind,Protect|||F|||50|,,,,,Ground]Ursaluna||FlameOrb|Guts|Facade,HeadlongRush,Earthquake,Protect|||M|||50|,,,,,Ghost]Gholdengo||ChoiceScarf|GoodasGold|MakeItRain,TeraBlast,ShadowBall,Trick||||||50|,,,,,Water
|showteam|p2|Farigiraf||ThroatSpray|ArmorTail|PsychicNoise,HyperVoice,TrickRoom,Protect|||F|||50|,,,,,Fairy]Sylveon||PixiePlate|Pixilate|HyperVoice,TeraBlast,CalmMind,Protect|||F|||50|,,,,,Fire]Rillaboom||AssaultVest|GrassySurge|WoodHammer,GrassyGlide,Uturn,FakeOut|||M|||50|,,,,,Steel]Dragonite||SafetyGoggles|InnerFocus|ExtremeSpeed,TeraBlast,DragonDance,Protect|||F|||50|,,,,,Flying]Incineroar||SitrusBerry|Intimidate|KnockOff,PartingShot,Snarl,FakeOut|||M|||50|,,,,,Water]Sneasler||FocusSash|Unburden|DireClaw,CloseCombat,Uturn,Protect|||F|||50|,,,,,Ghost
|inactive|Battle timer is ON: inactive players will automatically lose when time's up. (requested by RaikuDraco)
|inactive|RaikuDraco has 60 seconds left.
|inactive|RaikuDraco has 30 seconds left.
|
|t:|1757114197
|teamsize|p1|4
|teamsize|p2|4
|start
|switch|p1a: Archaludon|Archaludon, L50, M|100/100
|switch|p1b: Pelipper|Pelipper, L50, F|100/100
|switch|p2a: Noroña|Rillaboom, L50, M|100/100
|switch|p2b: Claudia|Farigiraf, L50, F, shiny|100/100
|-weather|RainDance|[from] ability: Drizzle|[of] p1b: Pelipper
|-fieldstart|move: Grassy Terrain|[from] ability: Grassy Surge|[of] p2a: Noroña
|turn|1
|inactive|RaikuDraco has 30 seconds left.
|inactive|RaikuDraco has 20 seconds left.
|inactive|avigolvgc has 30 seconds left.
|
|t:|1757114245
|-terastallize|p2a: Noroña|Steel
|move|p1b: Pelipper|Protect|p1b: Pelipper
|-singleturn|p1b: Pelipper|Protect
|move|p2a: Noroña|Wood Hammer|p1b: Pelipper
|-activate|p1b: Pelipper|move: Protect
|move|p1a: Archaludon|Snarl|p2b: Claudia|[spread] p2a,p2b
|-supereffective|p2b: Claudia
|-damage|p2a: Noroña|91/100
|-damage|p2b: Claudia|79/100
|-unboost|p2a: Noroña|spa|1
|-unboost|p2b: Claudia|spa|1
|move|p2b: Claudia|Trick Room|p2b: Claudia
|-fieldstart|move: Trick Room|[of] p2b: Claudia
|
|-weather|RainDance|[upkeep]
|-heal|p2b: Claudia|85/100|[from] Grassy Terrain
|-heal|p2a: Noroña|97/100|[from] Grassy Terrain
|upkeep
|turn|2
|inactive|RaikuDraco has 30 seconds left.
|inactive|RaikuDraco has 20 seconds left.
|inactive|RaikuDraco has 15 seconds left.
|inactive|RaikuDraco has 10 seconds left.
|
|t:|1757114291
|switch|p2b: Samuel|Incineroar, L50, M, shiny|100/100
|-ability|p2b: Samuel|Intimidate|boost
|-unboost|p1a: Archaludon|atk|1
|-unboost|p1b: Pelipper|atk|1
|move|p1a: Archaludon|Electro Shot||[still]
|-prepare|p1a: Archaludon|Electro Shot
|-boost|p1a: Archaludon|spa|1
|-anim|p1a: Archaludon|Electro Shot|p2b: Samuel
|-damage|p2b: Samuel|59/100
|move|p2a: Noroña|Wood Hammer|p1b: Pelipper
|-enditem|p1b: Pelipper|Focus Sash
|-damage|p1b: Pelipper|1/100
|-damage|p2a: Noroña|75/100|[from] Recoil
|move|p1b: Pelipper|Weather Ball|p2a: Noroña
|-damage|p2a: Noroña|28/100
|
|-weather|RainDance|[upkeep]
|-heal|p2b: Samuel|65/100|[from] Grassy Terrain
|-heal|p2a: Noroña|34/100|[from] Grassy Terrain
|upkeep
|turn|3
|inactive|RaikuDraco has 30 seconds left.
|inactive|RaikuDraco has 20 seconds left.
|inactive|RaikuDraco has 15 seconds left.
|
|t:|1757114336
|switch|p1b: Sinistcha|Sinistcha-Masterpiece, L50|100/100
|move|p2a: Noroña|Grassy Glide|p1b: Sinistcha
|-resisted|p1b: Sinistcha
|-damage|p1b: Sinistcha|83/100
|move|p2b: Samuel|Parting Shot|p1a: Archaludon
|-unboost|p1a: Archaludon|atk|1
|-unboost|p1a: Archaludon|spa|1
|
|t:|1757114349
|switch|p2b: Malova|Sylveon, L50, F|100/100|[from] Parting Shot
|move|p1a: Archaludon|Body Press|p2a: Noroña
|-supereffective|p2a: Noroña
|-damage|p2a: Noroña|0 fnt
|faint|p2a: Noroña
|
|-weather|RainDance|[upkeep]
|-heal|p1b: Sinistcha|89/100|[from] Grassy Terrain
|upkeep
|
|t:|1757114358
|switch|p2a: Samuel|Incineroar, L50, M, shiny|65/100
|-ability|p2a: Samuel|Intimidate|boost
|-unboost|p1a: Archaludon|atk|1
|-unboost|p1b: Sinistcha|atk|1
|turn|4
|inactive|RaikuDraco has 30 seconds left.
|inactive|RaikuDraco has 20 seconds left.
|inactive|RaikuDraco has 15 seconds left.
|
|t:|1757114400
|move|p2a: Samuel|Fake Out|p1a: Archaludon
|-resisted|p1a: Archaludon
|-damage|p1a: Archaludon|97/100
|-ability|p1a: Archaludon|Stamina|boost
|-boost|p1a: Archaludon|def|1
|move|p2b: Malova|Calm Mind|p2b: Malova
|-boost|p2b: Malova|spa|1
|-boost|p2b: Malova|spd|1
|move|p1b: Sinistcha|Matcha Gotcha|p2b: Malova|[spread] p2a,p2b
|-resisted|p2a: Samuel
|-damage|p2a: Samuel|55/100
|-heal|p1b: Sinistcha|95/100|[from] drain|[of] p2a: Samuel
|-damage|p2b: Malova|86/100
|-heal|p1b: Sinistcha|100/100|[from] drain|[of] p2b: Malova
|cant|p1a: Archaludon|flinch
|
|-weather|RainDance|[upkeep]
|-heal|p2a: Samuel|61/100|[from] Grassy Terrain
|-heal|p2b: Malova|92/100|[from] Grassy Terrain
|-heal|p1a: Archaludon|100/100|[from] Grassy Terrain
|upkeep
|turn|5
|inactive|RaikuDraco has 30 seconds left.
|inactive|avigolvgc has 30 seconds left.
|inactive|RaikuDraco has 20 seconds left.
|inactive|RaikuDraco has 15 seconds left.
|inactive|RaikuDraco has 10 seconds left.
|
|t:|1757114450
|move|p1b: Sinistcha|Rage Powder|p1b: Sinistcha
|-singleturn|p1b: Sinistcha|move: Rage Powder
|move|p2b: Malova|Hyper Voice|p1a: Archaludon|[spread] p1a,p1b
|-crit|p1b: Sinistcha
|-damage|p1a: Archaludon|50/100
|-damage|p1b: Sinistcha|0 fnt
|-ability|p1a: Archaludon|Stamina|boost
|-boost|p1a: Archaludon|def|1
|faint|p1b: Sinistcha
|move|p2a: Samuel|Parting Shot|p1a: Archaludon
|-unboost|p1a: Archaludon|atk|1
|-unboost|p1a: Archaludon|spa|1
|
|t:|1757114459
|switch|p2a: Claudia|Farigiraf, L50, F, shiny|85/100|[from] Parting Shot
|move|p1a: Archaludon|Flash Cannon|p2b: Malova
|-supereffective|p2b: Malova
|-damage|p2b: Malova|70/100
|
|-weather|none
|-heal|p2b: Malova|76/100|[from] Grassy Terrain
|-heal|p2a: Claudia|91/100|[from] Grassy Terrain
|-heal|p1a: Archaludon|56/100|[from] Grassy Terrain
|-fieldend|move: Trick Room
|-fieldend|move: Grassy Terrain
|upkeep
|inactive|RaikuDraco has 30 seconds left.
|inactive|RaikuDraco has 20 seconds left.
|
|t:|1757114496
|switch|p1b: Gholdengo|Gholdengo, L50|100/100
|turn|6
|inactive|RaikuDraco has 30 seconds left.
|inactive|RaikuDraco has 20 seconds left.
|inactive|avigolvgc has 30 seconds left.
|
|t:|1757114536
|switch|p2b: Samuel|Incineroar, L50, M, shiny|61/100
|-ability|p2b: Samuel|Intimidate|boost
|-unboost|p1a: Archaludon|atk|1
|-unboost|p1b: Gholdengo|atk|1
|move|p1b: Gholdengo|Make It Rain|p2b: Samuel|[spread] p2a,p2b
|-resisted|p2b: Samuel
|-damage|p2a: Claudia|40/100
|-damage|p2b: Samuel|43/100
|-unboost|p1b: Gholdengo|spa|1
|-enditem|p2b: Samuel|Sitrus Berry|[eat]
|-heal|p2b: Samuel|68/100|[from] item: Sitrus Berry
|move|p1a: Archaludon|Body Press|p2a: Claudia
|-damage|p2a: Claudia|0 fnt
|faint|p2a: Claudia
|
|upkeep
|
|t:|1757114550
|switch|p2a: Malova|Sylveon, L50, F|76/100
|turn|7
|inactive|RaikuDraco has 30 seconds left.
|
|t:|1757114583
|move|p1b: Gholdengo|Make It Rain|p2a: Malova|[spread] p2a,p2b
|-supereffective|p2a: Malova
|-resisted|p2b: Samuel
|-damage|p2a: Malova|28/100
|-damage|p2b: Samuel|56/100
|-unboost|p1b: Gholdengo|spa|1
|move|p1a: Archaludon|Body Press|p2b: Samuel
|-supereffective|p2b: Samuel
|-crit|p2b: Samuel
|-damage|p2b: Samuel|0 fnt
|faint|p2b: Samuel
|move|p2a: Malova|Tera Blast|p1a: Archaludon
|-damage|p1a: Archaludon|17/100
|-ability|p1a: Archaludon|Stamina|boost
|-boost|p1a: Archaludon|def|1
|
|upkeep
|turn|8
|
|t:|1757114601
|move|p1b: Gholdengo|Make It Rain|p2a: Malova
|-supereffective|p2a: Malova
|-damage|p2a: Malova|0 fnt
|-unboost|p1b: Gholdengo|spa|1
|faint|p2a: Malova
|
|win|RaikuDraco
||avigolvgc is ready for game 2.
|inactive|RaikuDraco has 30 seconds to confirm battle start!
||RaikuDraco is ready for game 2.
|uhtml|next|Next: Game 2 of 3
|l|☆avigolvgc
|player|p2|
