|j|☆astterio
|j|☆aliciadoors
|html|astterioaliciadoors    
|uhtml|bestof|Game 1 of a best-of-3
|t:|1757846527
|gametype|doubles
|player|p1|astterio|eusine|1451
|player|p2|aliciadoors|jasmine|1453
|gen|9
|tier|[Gen 9] VGC 2025 Reg H (Bo3)
|rated|
|rule|Species Clause: Limit one of each Pokémon
|rule|Item Clause: Limit 1 of each item
|clearpoke
|poke|p1|Sneasler, L50, M|
|poke|p1|Baxcalibur, L50, M|
|poke|p1|Rillaboom, L50, F|
|poke|p1|Basculegion, L50, M|
|poke|p1|Volcarona, L50, F|
|poke|p1|Kingambit, L50, F|
|poke|p2|Tyranitar, L50, F|
|poke|p2|Excadrill, L50, M|
|poke|p2|Corviknight, L50, F|
|poke|p2|Indeedee, L50, M|
|poke|p2|Sneasler, L50, M|
|poke|p2|Archaludon, L50, M|
|teampreview|4
|showteam|p1|Sneasler||FocusSash|Unburden|CloseCombat,DireClaw,Coaching,FakeOut|||M|||50|,,,,,Stellar]Baxcalibur||LoadedDice|ThermalExchange|IcicleSpear,ScaleShot,IceShard,Protect|||M|||50|,,,,,Ghost]Rillaboom||MiracleSeed|GrassySurge|WoodHammer,GrassyGlide,Taunt,FakeOut|||F|||50|,,,,,Fire]Basculegion||ChoiceScarf|Adaptability|WaveCrash,FlipTurn,LastRespects,TeraBlast|||M|||50|,,,,,Fairy]Volcarona||CovertCloak|FlameBody|HeatWave,TeraBlast,QuiverDance,Protect|||F|||50|,,,,,Fairy]Kingambit||AssaultVest|Defiant|KowtowCleave,SuckerPunch,IronHead,LowKick|||F|||50|,,,,,Ghost
|showteam|p2|Tyranitar||AssaultVest|SandStream|RockSlide,KnockOff,TeraBlast,LowKick|||F|||50|,,,,,Flying]Excadrill||FocusSash|SandRush|Earthquake,HighHorsepower,IronHead,Protect|||M|||50|,,,,,Ground]Corviknight||SitrusBerry|MirrorArmor|BraveBird,Tailwind,BulkUp,Roost|||F|||50|,,,,,Dragon]Indeedee||ChoiceScarf|PsychicSurge|ExpandingForce,TeraBlast,Trick,Protect|||M|||50|,,,,,Psychic]Sneasler||PsychicSeed|Unburden|CloseCombat,DireClaw,ThroatChop,Protect|||M|||50|,,,,,Stellar]Archaludon||PowerHerb|Sturdy|FlashCannon,DracoMeteor,ElectroShot,Protect|||M|||50|,,,,,Stellar
|inactive|Battle timer is ON: inactive players will automatically lose when time's up. (requested by aliciadoors)
|inactive|aliciadoors has 60 seconds left.
|inactive|aliciadoors has 30 seconds left.
|inactive|aliciadoors has 20 seconds left.
|
|t:|1757846600
|teamsize|p1|4
|teamsize|p2|4
|start
|switch|p1a: Basculegion|Basculegion, L50, M|100/100
|switch|p1b: Sneasler|Sneasler, L50, M|100/100
|switch|p2a: Indeedee|Indeedee, L50, M|100/100
|switch|p2b: Sneasler|Sneasler, L50, M|100/100
|-fieldstart|move: Psychic Terrain|[from] ability: Psychic Surge|[of] p2a: Indeedee
|-enditem|p2b: Sneasler|Psychic Seed
|-boost|p2b: Sneasler|spd|1|[from] item: Psychic Seed
|turn|1
|
|t:|1757846615
|switch|p1a: Kingambit|Kingambit, L50, F, shiny|100/100
|switch|p1b: Rillaboom|Rillaboom, L50, F|100/100
|-fieldstart|move: Grassy Terrain|[from] ability: Grassy Surge|[of] p1b: Rillaboom
|move|p2b: Sneasler|Dire Claw|p1b: Rillaboom
|-supereffective|p1b: Rillaboom
|-damage|p1b: Rillaboom|9/100
|-status|p1b: Rillaboom|slp
|move|p2a: Indeedee|Expanding Force|p1a: Kingambit
|-immune|p1a: Kingambit
|
|-heal|p1b: Rillaboom|16/100 slp|[from] Grassy Terrain
|upkeep
|turn|2
|
|t:|1757846636
|switch|p1b: Basculegion|Basculegion, L50, M|100/100
|-terastallize|p1a: Kingambit|Ghost
|move|p2b: Sneasler|Close Combat|p1a: Kingambit
|-immune|p1a: Kingambit
|move|p2a: Indeedee|Expanding Force|p1b: Basculegion
|-damage|p1b: Basculegion|56/100
|move|p1a: Kingambit|Iron Head|p2a: Indeedee
|-damage|p2a: Indeedee|14/100
|
|-heal|p2a: Indeedee|20/100|[from] Grassy Terrain
|-heal|p1b: Basculegion|62/100|[from] Grassy Terrain
|upkeep
|turn|3
|
|t:|1757846648
|switch|p2a: Tyranitar|Tyranitar, L50, F|100/100
|-weather|Sandstorm|[from] ability: Sand Stream|[of] p2a: Tyranitar
|switch|p1b: Rillaboom|Rillaboom, L50, F|16/100 slp
|-terastallize|p2b: Sneasler|Stellar
|move|p2b: Sneasler|Throat Chop|p1b: Rillaboom
|-damage|p1b: Rillaboom|0 fnt
|faint|p1b: Rillaboom
|move|p1a: Kingambit|Iron Head|p2b: Sneasler
|-damage|p2b: Sneasler|19/100
|
|-weather|Sandstorm|[upkeep]
|-damage|p2b: Sneasler|13/100|[from] Sandstorm
|-damage|p1a: Kingambit|95/100|[from] Sandstorm
|-heal|p2b: Sneasler|19/100|[from] Grassy Terrain
|-heal|p1a: Kingambit|100/100|[from] Grassy Terrain
|upkeep
|
|t:|1757846654
|switch|p1b: Sneasler|Sneasler, L50, M|100/100
|turn|4
|
|t:|1757846664
|switch|p2a: Indeedee|Indeedee, L50, M|20/100
|-fieldstart|move: Psychic Terrain|[from] ability: Psychic Surge|[of] p2a: Indeedee
|move|p1a: Kingambit|Sucker Punch|p2b: Sneasler
|-activate|p2b: Sneasler|move: Psychic Terrain
|move|p2b: Sneasler|Throat Chop|p1a: Kingambit
|-supereffective|p1a: Kingambit
|-damage|p1a: Kingambit|62/100
|-start|p1a: Kingambit|Throat Chop|[silent]
|move|p1b: Sneasler|Close Combat|p2a: Indeedee
|-damage|p2a: Indeedee|0 fnt
|-unboost|p1b: Sneasler|def|1
|-unboost|p1b: Sneasler|spd|1
|faint|p2a: Indeedee
|
|-weather|Sandstorm|[upkeep]
|-damage|p2b: Sneasler|13/100|[from] Sandstorm
|-damage|p1b: Sneasler|95/100|[from] Sandstorm
|-damage|p1a: Kingambit|56/100|[from] Sandstorm
|upkeep
|
|t:|1757846678
|switch|p2a: Excadrill|Excadrill, L50, M|100/100
|turn|5
|
|t:|1757846689
|move|p2b: Sneasler|Protect|p2b: Sneasler
|-singleturn|p2b: Sneasler|Protect
|move|p2a: Excadrill|Earthquake|p1b: Sneasler|[spread] p1a,p1b
|-activate|p2b: Sneasler|move: Protect
|-crit|p1a: Kingambit
|-supereffective|p1b: Sneasler
|-damage|p1a: Kingambit|11/100
|-damage|p1b: Sneasler|0 fnt
|faint|p1b: Sneasler
|move|p1a: Kingambit|Low Kick|p2a: Excadrill
|-supereffective|p2a: Excadrill
|-damage|p2a: Excadrill|38/100
|
|-weather|Sandstorm|[upkeep]
|-damage|p2b: Sneasler|8/100|[from] Sandstorm
|-damage|p1a: Kingambit|5/100|[from] Sandstorm
|-end|p1a: Kingambit|Throat Chop|[silent]
|upkeep
|
|t:|1757846695
|switch|p1b: Basculegion|Basculegion, L50, M|62/100
|turn|6
|-message|astterio forfeited.
|
|win|aliciadoors
|l|☆astterio
|player|p1|
||astterio is ready for game 2.
|inactive|aliciadoors has 30 seconds to confirm battle start!
|inactive|aliciadoors has 20 seconds to confirm battle start!
||aliciadoors is ready for game 2.
|uhtml|next|Next: Game 2 of 3
