|j|☆izmatti
|j|☆gohan92
|html|izmattigohan92    
|uhtml|bestof|Game 3 of a best-of-3
|t:|1756406507
|gametype|doubles
|player|p1|izmatti|2|1083
|player|p2|gohan92|169|1180
|gen|9
|tier|[Gen 9] VGC 2025 Reg H (Bo3)
|rated|
|rule|Species Clause: Limit one of each Pokémon
|rule|Item Clause: Limit 1 of each item
|clearpoke
|poke|p1|Corviknight, L50, M|
|poke|p1|Tyranitar, L50, F|
|poke|p1|Excadrill, L50, M|
|poke|p1|Annihilape, L50, F|
|poke|p1|Indeedee-F, L50, F|
|poke|p1|Delphox, L50, F|
|poke|p2|Ursaluna-Bloodmoon, L50, M|
|poke|p2|Gholdengo, L50|
|poke|p2|Dragonite, L50, F|
|poke|p2|Annihilape, L50, M|
|poke|p2|Dondozo, L50, M|
|poke|p2|Volcarona, L50, M|
|teampreview|4
|showteam|p1|Corviknight||PsychicSeed|MirrorArmor|BraveBird,PowerTrip,BulkUp,Roost|||M|||50|,,,,,Dragon]Tyranitar||AssaultVest|SandStream|TeraBlast,RockSlide,LowKick,KnockOff|||F|||50|,,,,,Flying]Excadrill||FocusSash|SandRush|SwordsDance,IronHead,Earthquake,Protect|||M|||50|,,,,,Ground]Annihilape||ChoiceScarf|Defiant|CloseCombat,Uturn,FinalGambit,ShadowClaw|||F|||50|,,,,,Grass]Indeedee-F||RockyHelmet|PsychicSurge|FollowMe,HelpingHand,TrickRoom,AlluringVoice|||F|||50|,,,,,Water]Delphox||LifeOrb|Blaze|ExpandingForce,HeatWave,Protect,TeraBlast|||F|||50|,,,,,Fighting
|showteam|p2|Ursaluna-Bloodmoon||AssaultVest|MindsEye|BloodMoon,HyperVoice,EarthPower,VacuumWave|||M|||50|,,,,,Normal]Gholdengo||ChoiceScarf|GoodasGold|MakeItRain,ShadowBall,PowerGem,Trick||||||50|,,,,,Steel]Dragonite||LoadedDice|Multiscale|ScaleShot,ExtremeSpeed,Haze,Protect|||F|||50|,,,,,Fairy]Annihilape||FocusSash|Defiant|CloseCombat,RageFist,FinalGambit,Coaching|||M|||50|,,,,,Stellar]Dondozo||Leftovers|Unaware|WaveCrash,Fissure,Yawn,Protect|||M|||50|,,,,,Bug]Volcarona||RockyHelmet|FlameBody|HeatWave,Tailwind,RagePowder,Protect|||M|||50|,,,,,Water
|inactive|Battle timer is ON: inactive players will automatically lose when time's up. (requested by izmatti)
|
|t:|1756406535
|teamsize|p1|4
|teamsize|p2|4
|start
|switch|p1a: Delphox|Delphox, L50, F|100/100
|switch|p1b: Indeedee|Indeedee-F, L50, F|100/100
|switch|p2a: Volcarona|Volcarona, L50, M|100/100
|switch|p2b: Dondozo|Dondozo, L50, M|100/100
|-fieldstart|move: Psychic Terrain|[from] ability: Psychic Surge|[of] p1b: Indeedee
|turn|1
|inactive|izmatti has 30 seconds left.
|inactive|izmatti has 20 seconds left.
|
|t:|1756406571
|move|p1b: Indeedee|Helping Hand|p1a: Delphox
|-singleturn|p1a: Delphox|Helping Hand|[of] p1b: Indeedee
|move|p2a: Volcarona|Protect|p2a: Volcarona
|-singleturn|p2a: Volcarona|Protect
|move|p2b: Dondozo|Protect|p2b: Dondozo
|-singleturn|p2b: Dondozo|Protect
|move|p1a: Delphox|Expanding Force|p2b: Dondozo|[spread] 
|-activate|p2a: Volcarona|move: Protect
|-activate|p2b: Dondozo|move: Protect
|
|upkeep
|turn|2
|
|t:|1756406602
|switch|p2b: Gholdengo|Gholdengo, L50|100/100
|move|p1b: Indeedee|Follow Me|p1b: Indeedee
|-singleturn|p1b: Indeedee|move: Follow Me
|move|p1a: Delphox|Expanding Force|p2b: Gholdengo|[spread] p2a,p2b
|-resisted|p2b: Gholdengo
|-damage|p2a: Volcarona|33/100
|-damage|p2b: Gholdengo|60/100
|-damage|p1a: Delphox|90/100|[from] item: Life Orb
|move|p2a: Volcarona|Tailwind|p2a: Volcarona
|-sidestart|p2: gohan92|move: Tailwind
|
|upkeep
|turn|3
|
|t:|1756406627
|move|p1b: Indeedee|Follow Me|p1b: Indeedee
|-singleturn|p1b: Indeedee|move: Follow Me
|move|p2b: Gholdengo|Make It Rain|p1a: Delphox|[spread] p1a,p1b
|-resisted|p1a: Delphox
|-damage|p1a: Delphox|62/100
|-damage|p1b: Indeedee|49/100
|-unboost|p2b: Gholdengo|spa|1
|move|p2a: Volcarona|Heat Wave|p1b: Indeedee|[spread] p1a,p1b
|-resisted|p1a: Delphox
|-damage|p1a: Delphox|44/100
|-damage|p1b: Indeedee|21/100
|move|p1a: Delphox|Heat Wave|p2b: Gholdengo|[spread] p2a,p2b
|-supereffective|p2b: Gholdengo
|-damage|p2a: Volcarona|0 fnt
|-damage|p2b: Gholdengo|0 fnt
|faint|p2a: Volcarona
|faint|p2b: Gholdengo
|-damage|p1a: Delphox|34/100|[from] item: Life Orb
|
|upkeep
|
|t:|1756406642
|switch|p2a: Ursaluna|Ursaluna-Bloodmoon, L50, M|100/100
|switch|p2b: Dondozo|Dondozo, L50, M|100/100
|turn|4
|
|t:|1756406656
|move|p1a: Delphox|Protect|p1a: Delphox
|-singleturn|p1a: Delphox|Protect
|move|p2a: Ursaluna|Hyper Voice|p1b: Indeedee|[spread] p1b
|-activate|p1a: Delphox|move: Protect
|-damage|p1b: Indeedee|0 fnt
|faint|p1b: Indeedee
|move|p2b: Dondozo|Yawn|p1a: Delphox
|-activate|p1a: Delphox|move: Protect
|
|upkeep
|
|t:|1756406674
|switch|p1b: Excadrill|Excadrill, L50, M|100/100
|turn|5
|inactive|izmatti has 30 seconds left.
|inactive|gohan92 has 30 seconds left.
|inactive|izmatti has 20 seconds left.
|inactive|gohan92 has 20 seconds left.
|
|t:|1756406711
|switch|p1a: Tyranitar|Tyranitar, L50, F|100/100
|-weather|Sandstorm|[from] ability: Sand Stream|[of] p1a: Tyranitar
|move|p1b: Excadrill|Swords Dance|p1b: Excadrill
|-boost|p1b: Excadrill|atk|2
|move|p2a: Ursaluna|Hyper Voice|p1b: Excadrill|[spread] p1a,p1b
|-resisted|p1a: Tyranitar
|-resisted|p1b: Excadrill
|-damage|p1a: Tyranitar|93/100
|-damage|p1b: Excadrill|75/100
|move|p2b: Dondozo|Wave Crash|p1b: Excadrill
|-supereffective|p1b: Excadrill
|-damage|p1b: Excadrill|0 fnt
|faint|p1b: Excadrill
|-damage|p2b: Dondozo|81/100|[from] Recoil
|
|-weather|Sandstorm|[upkeep]
|-damage|p2b: Dondozo|75/100|[from] Sandstorm
|-heal|p2b: Dondozo|81/100|[from] item: Leftovers
|-sideend|p2: gohan92|move: Tailwind
|-fieldend|move: Psychic Terrain
|upkeep
|
|t:|1756406731
|switch|p1b: Delphox|Delphox, L50, F|34/100
|turn|6
|inactive|izmatti has 30 seconds left.
|inactive|gohan92 has 30 seconds left.
|
|t:|1756406760
|-terastallize|p1a: Tyranitar|Flying
|move|p2a: Ursaluna|Vacuum Wave|p1a: Tyranitar
|-resisted|p1a: Tyranitar
|-damage|p1a: Tyranitar|89/100
|move|p1b: Delphox|Expanding Force|p2b: Dondozo
|-damage|p2b: Dondozo|47/100
|-damage|p1b: Delphox|24/100|[from] item: Life Orb
|move|p1a: Tyranitar|Low Kick|p2a: Ursaluna
|-supereffective|p2a: Ursaluna
|-damage|p2a: Ursaluna|38/100
|move|p2b: Dondozo|Wave Crash|p1b: Delphox
|-supereffective|p1b: Delphox
|-damage|p1b: Delphox|0 fnt
|faint|p1b: Delphox
|-damage|p2b: Dondozo|42/100|[from] Recoil
|
|-weather|Sandstorm|[upkeep]
|-damage|p1a: Tyranitar|83/100|[from] Sandstorm
|-damage|p2b: Dondozo|36/100|[from] Sandstorm
|-heal|p2b: Dondozo|42/100|[from] item: Leftovers
|upkeep
|turn|7
|
|t:|1756406777
|move|p2a: Ursaluna|Blood Moon|p1a: Tyranitar
|-damage|p1a: Tyranitar|36/100
|move|p1a: Tyranitar|Rock Slide|p2a: Ursaluna|[spread] p2a,p2b
|-resisted|p2a: Ursaluna
|-damage|p2a: Ursaluna|28/100
|-damage|p2b: Dondozo|22/100
|cant|p2b: Dondozo|flinch
|
|-weather|Sandstorm|[upkeep]
|-damage|p1a: Tyranitar|30/100|[from] Sandstorm
|-damage|p2b: Dondozo|16/100|[from] Sandstorm
|-heal|p2b: Dondozo|22/100|[from] item: Leftovers
|upkeep
|turn|8
|
|t:|1756406792
|-terastallize|p2a: Ursaluna|Normal
|move|p2a: Ursaluna|Hyper Voice|p1a: Tyranitar
|-damage|p1a: Tyranitar|0 fnt
|faint|p1a: Tyranitar
|
|win|gohan92
|raw|izmatti's rating: 1083 → 1067(-16 for losing)
|raw|gohan92's rating: 1180 → 1198(+18 for winning)
|l|☆izmatti
|player|p1|
