|j|☆Zaxxxxxx
|j|☆TeyVgc
|html|ZaxxxxxxTeyVgc    
|uhtml|bestof|Game 3 of a best-of-3
|t:|1783180031
|gametype|doubles
|player|p1|Zaxxxxxx|benga|1271
|player|p2|TeyVgc|rood|1236
|gen|9
|tier|[Gen 9 Champions] VGC 2026 Reg M-B (Bo3)
|rated|
|rule|Species Clause: Limit one of each Pokémon
|rule|Item Clause: Limit 1 of each item
|clearpoke
|poke|p1|Sylveon, L50, F, shiny|
|poke|p1|Aerodactyl, L50, M, shiny|
|poke|p1|Incineroar, L50, F, shiny|
|poke|p1|Charizard, L50, M, shiny|
|poke|p1|Metagross, L50, shiny|
|poke|p1|Garchomp, L50, M, shiny|
|poke|p2|Excadrill, L50, F|
|poke|p2|Tyranitar, L50, M|
|poke|p2|Staraptor, L50, F|
|poke|p2|Sinistcha, L50|
|poke|p2|Milotic, L50, F|
|poke|p2|Gholdengo, L50|
|teampreview|4
|showteam|p1|Sylveon||FairyFeather|Pixilate|Protect,HyperBeam,HyperVoice,QuickAttack|Modest||F|||50|]Aerodactyl||FocusSash|RockHead|Protect,Tailwind,RockSlide,AerialAce|Jolly||M|||50|]Incineroar||SitrusBerry|Intimidate|FakeOut,DarkestLariat,FlareBlitz,PartingShot|Careful||F|||50|]Charizard||CharizarditeY|Blaze|Protect,SolarBeam,HeatWave,WeatherBall|Modest||M|||50|]Metagross||Metagrossite|ClearBody|Protect,BulletPunch,PsychicFangs,BodyPress|Adamant|||||50|]Garchomp||LifeOrb|RoughSkin|DragonClaw,Protect,Earthquake,RockSlide|Jolly||M|||50|
|showteam|p2|Excadrill||FocusSash|SandRush|Earthquake,IronHead,RockSlide,Protect|Adamant||F|||50|]Tyranitar||Tyranitarite|SandStream|RockSlide,KnockOff,DragonDance,Protect|Adamant||M|||50|]Staraptor||Staraptite|Intimidate|BraveBird,CloseCombat,Tailwind,Protect|Jolly||F|||50|]Sinistcha||SitrusBerry|Hospitality|MatchaGotcha,RagePowder,LifeDew,TrickRoom|Calm|||||50|]Milotic||Leftovers|Competitive|Scald,IceBeam,Recover,Protect|Modest||F|||50|]Gholdengo||LifeOrb|GoodasGold|MakeItRain,ShadowBall,NastyPlot,Protect|Modest|||||50|
|
|t:|1783180078
|teamsize|p1|4
|teamsize|p2|4
|start
|switch|p1a: Incineroar|Incineroar, L50, F, shiny|100/100
|switch|p1b: Metagross|Metagross, L50, shiny|100/100
|switch|p2a: Staraptor|Staraptor, L50, F|100/100
|switch|p2b: Milotic|Milotic, L50, F|100/100
|-ability|p2a: Staraptor|Intimidate|boost
|-unboost|p1a: Incineroar|atk|1
|-fail|p1b: Metagross|unboost|[from] ability: Clear Body|[of] p1b: Metagross
|-ability|p1a: Incineroar|Intimidate|boost
|-unboost|p2a: Staraptor|atk|1
|-unboost|p2b: Milotic|atk|1
|-ability|p2b: Milotic|Competitive|boost
|-boost|p2b: Milotic|spa|2
|turn|1
|
|t:|1783180124
|detailschange|p1b: Metagross|Metagross-Mega, L50, shiny
|-mega|p1b: Metagross|Metagross|Metagrossite
|move|p2a: Staraptor|Protect|p2a: Staraptor
|-singleturn|p2a: Staraptor|Protect
|move|p2b: Milotic|Protect|p2b: Milotic
|-singleturn|p2b: Milotic|Protect
|move|p1b: Metagross|Psychic Fangs|p2b: Milotic
|-activate|p2b: Milotic|move: Protect
|move|p1a: Incineroar|Flare Blitz|p2b: Milotic
|-activate|p2b: Milotic|move: Protect
|
|upkeep
|turn|2
|
|t:|1783180144
|switch|p2a: Tyranitar|Tyranitar, L50, M|100/100
|-weather|Sandstorm|[from] ability: Sand Stream|[of] p2a: Tyranitar
|move|p1b: Metagross|Psychic Fangs|p2b: Milotic
|-damage|p2b: Milotic|37/100
|move|p2b: Milotic|Scald|p1b: Metagross
|-damage|p1b: Metagross|31/100
|move|p1a: Incineroar|Flare Blitz|p2b: Milotic
|-resisted|p2b: Milotic|1
|-damage|p2b: Milotic|23/100
|-damage|p1a: Incineroar|95/100|[from] Recoil
|
|-weather|Sandstorm|[upkeep]
|-damage|p2b: Milotic|17/100|[from] Sandstorm
|-damage|p1a: Incineroar|89/100|[from] Sandstorm
|-heal|p2b: Milotic|23/100|[from] item: Leftovers
|upkeep
|turn|3
|
|t:|1783180198
|switch|p2a: Staraptor|Staraptor, L50, F|100/100
|-ability|p2a: Staraptor|Intimidate|boost
|-unboost|p1a: Incineroar|atk|1
|-unboost|p1b: Metagross|atk|1
|move|p2b: Milotic|Protect|p2b: Milotic
|-singleturn|p2b: Milotic|Protect
|move|p1b: Metagross|Psychic Fangs|p2b: Milotic
|-activate|p2b: Milotic|move: Protect
|move|p1a: Incineroar|Parting Shot|p2a: Staraptor
|-unboost|p2a: Staraptor|atk|1
|-unboost|p2a: Staraptor|spa|1
|
|t:|1783180224
|switch|p1a: Sylveon|Sylveon, L50, F, shiny|100/100|[from] Parting Shot
|
|-weather|Sandstorm|[upkeep]
|-damage|p2a: Staraptor|93/100|[from] Sandstorm
|-damage|p2b: Milotic|17/100|[from] Sandstorm
|-damage|p1a: Sylveon|93/100|[from] Sandstorm
|-heal|p2b: Milotic|23/100|[from] item: Leftovers
|upkeep
|turn|4
|
|t:|1783180248
|switch|p2b: Excadrill|Excadrill, L50, F|100/100
|move|p2a: Staraptor|Close Combat|p1b: Metagross
|-damage|p1b: Metagross|16/100
|-unboost|p2a: Staraptor|def|1
|-unboost|p2a: Staraptor|spd|1
|move|p1b: Metagross|Psychic Fangs|p2a: Staraptor
|-damage|p2a: Staraptor|7/100
|move|p1a: Sylveon|Hyper Voice|p2a: Staraptor|[spread] p2a,p2b
|-resisted|p2b: Excadrill|1
|-damage|p2a: Staraptor|0 fnt
|-damage|p2b: Excadrill|67/100
|faint|p2a: Staraptor
|
|-weather|Sandstorm|[upkeep]
|-damage|p1a: Sylveon|87/100|[from] Sandstorm
|upkeep
|
|t:|1783180266
|switch|p2a: Tyranitar|Tyranitar, L50, M|100/100
|turn|5
|
|t:|1783180301
|switch|p1b: Incineroar|Incineroar, L50, F, shiny|89/100
|-ability|p1b: Incineroar|Intimidate|boost
|-unboost|p2a: Tyranitar|atk|1
|-unboost|p2b: Excadrill|atk|1
|move|p2b: Excadrill|Iron Head|p1a: Sylveon
|-supereffective|p1a: Sylveon|1
|-damage|p1a: Sylveon|19/100
|move|p2a: Tyranitar|Dragon Dance|p2a: Tyranitar
|-boost|p2a: Tyranitar|atk|1
|-boost|p2a: Tyranitar|spe|1
|move|p1a: Sylveon|Hyper Voice|p2a: Tyranitar|[spread] p2a,p2b
|-supereffective|p2a: Tyranitar|1
|-resisted|p2b: Excadrill|1
|-damage|p2a: Tyranitar|45/100
|-damage|p2b: Excadrill|36/100
|
|-weather|Sandstorm|[upkeep]
|-damage|p1a: Sylveon|13/100|[from] Sandstorm
|-damage|p1b: Incineroar|83/100|[from] Sandstorm
|upkeep
|turn|6
|
|t:|1783180350
|move|p2b: Excadrill|Protect|p2b: Excadrill
|-singleturn|p2b: Excadrill|Protect
|move|p2a: Tyranitar|Protect|p2a: Tyranitar
|-singleturn|p2a: Tyranitar|Protect
|move|p1b: Incineroar|Fake Out|p2b: Excadrill
|-activate|p2b: Excadrill|move: Protect
|move|p1a: Sylveon|Hyper Voice|p2b: Excadrill|[spread] 
|-activate|p2a: Tyranitar|move: Protect
|-activate|p2b: Excadrill|move: Protect
|
|-weather|none
|upkeep
|turn|7
|
|t:|1783180379
|detailschange|p2a: Tyranitar|Tyranitar-Mega, L50, M
|-mega|p2a: Tyranitar|Tyranitar|Tyranitarite
|-weather|Sandstorm|[from] ability: Sand Stream|[of] p2a: Tyranitar
|move|p2b: Excadrill|Rock Slide|p1a: Sylveon|[spread] p1a,p1b
|-supereffective|p1b: Incineroar|1
|-damage|p1a: Sylveon|0 fnt
|-damage|p1b: Incineroar|56/100
|faint|p1a: Sylveon
|move|p2a: Tyranitar|Rock Slide|p1b: Incineroar
|-supereffective|p1b: Incineroar|1
|-damage|p1b: Incineroar|0 fnt
|faint|p1b: Incineroar
|
|-weather|Sandstorm|[upkeep]
|upkeep
|
|t:|1783180410
|switch|p1a: Garchomp|Garchomp, L50, M, shiny|100/100
|switch|p1b: Metagross|Metagross-Mega, L50, shiny|16/100
|turn|8
|
|t:|1783180470
|move|p1b: Metagross|Protect|p1b: Metagross
|-singleturn|p1b: Metagross|Protect
|move|p2b: Excadrill|Iron Head|p1a: Garchomp
|-damage|p1a: Garchomp|70/100
|-damage|p2b: Excadrill|24/100|[from] ability: Rough Skin|[of] p1a: Garchomp
|move|p1a: Garchomp|Earthquake|p2a: Tyranitar|[spread] p2a,p2b
|-activate|p1b: Metagross|move: Protect
|-supereffective|p2a: Tyranitar|1
|-supereffective|p2b: Excadrill|1
|-damage|p2a: Tyranitar|0 fnt
|-damage|p2b: Excadrill|0 fnt
|faint|p2a: Tyranitar
|faint|p2b: Excadrill
|-damage|p1a: Garchomp|60/100|[from] item: Life Orb
|
|-weather|Sandstorm|[upkeep]
|upkeep
|
|t:|1783180484
|switch|p2b: Milotic|Milotic, L50, F|23/100
|turn|9
|-message|TeyVgc forfeited.
|
|win|Zaxxxxxx
|raw|Zaxxxxxx's rating: 1271 → 1293(+22 for winning)
|raw|TeyVgc's rating: 1236 → 1214(-22 for losing)
