|j|☆jar55
|j|☆Notaplaceofhonor
|html|jar55Notaplaceofhonor    
|uhtml|bestof|Game 1 of a best-of-3
|t:|1756933318
|gametype|doubles
|player|p1|jar55|bugsy|1073
|player|p2|Notaplaceofhonor|juan-gen3|1158
|gen|9
|tier|[Gen 9] VGC 2025 Reg H (Bo3)
|rated|
|rule|Species Clause: Limit one of each Pokémon
|rule|Item Clause: Limit 1 of each item
|clearpoke
|poke|p1|Gengar, L50, M|
|poke|p1|Porygon2, L50|
|poke|p1|Gothitelle, L50, M|
|poke|p1|Rillaboom, L50, F|
|poke|p1|Amoonguss, L50, M|
|poke|p1|Ursaluna, L50, M|
|poke|p2|Ursaluna, L50, M|
|poke|p2|Incineroar, L50, M|
|poke|p2|Archaludon, L50, F|
|poke|p2|Pelipper, L50, F|
|poke|p2|Basculegion, L50, M|
|poke|p2|Sinistcha, L50|
|teampreview|4
|showteam|p1|Gengar||FocusSash|CursedBody|ShadowBall,SludgeBomb,Encore,PerishSong|||M|||50|,,,,,Ghost]Porygon2||Eviolite|Download|IceBeam,TeraBlast,TrickRoom,Recover||||||50|,,,,,Fighting]Gothitelle||SitrusBerry|ShadowTag|FakeOut,Psychic,TrickRoom,Protect|||M|||50|,,,,,Dark]Rillaboom||AssaultVest|GrassySurge|FakeOut,WoodHammer,GrassyGlide,Uturn|||F|||50|,,,,,Fire]Amoonguss||RockyHelmet|Regenerator|Spore,PollenPuff,RagePowder,Protect|||M|||50|,,,,,Water]Ursaluna||FlameOrb|Guts|Facade,HeadlongRush,Earthquake,Protect|||M|||50|,,,,,Ghost
|showteam|p2|Ursaluna||FlameOrb|Guts|Protect,Facade,Earthquake,HeadlongRush|||M|||50|,,,,,Ghost]Incineroar||SafetyGoggles|Intimidate|Taunt,FakeOut,KnockOff,PartingShot|||M|||50|,,,,,Ghost]Archaludon||AssaultVest|Stamina|ElectroShot,Snarl,DracoMeteor,BodyPress|||F|||50|,,,,,Grass]Pelipper||FocusSash|Drizzle|Hurricane,WeatherBall,Tailwind,Protect|||F|||50|,,,,,Ghost]Basculegion||ChoiceScarf|Adaptability|WaveCrash,LastRespects,FlipTurn,IcyWind|||M|||50|,,,,,Water]Sinistcha||SitrusBerry|Hospitality|MatchaGotcha,LifeDew,RagePowder,TrickRoom||||||50|,,,,,Water
|inactive|Battle timer is ON: inactive players will automatically lose when time's up. (requested by Notaplaceofhonor)
|
|t:|1756933384
|teamsize|p1|4
|teamsize|p2|4
|start
|switch|p1a: Gengar|Gengar, L50, M|100/100
|switch|p1b: Porygon2|Porygon2, L50|100/100
|switch|p2a: Incineroar|Incineroar, L50, M|100/100
|switch|p2b: Sinistcha|Sinistcha, L50|100/100
|-ability|p2a: Incineroar|Intimidate|boost
|-unboost|p1a: Gengar|atk|1
|-unboost|p1b: Porygon2|atk|1
|-ability|p1b: Porygon2|Download|boost
|-boost|p1b: Porygon2|spa|1
|turn|1
|inactive|jar55 has 30 seconds left.
|inactive|jar55 has 20 seconds left.
|inactive|jar55 has 15 seconds left.
|
|t:|1756933428
|move|p1a: Gengar|Shadow Ball|p2b: Sinistcha
|-supereffective|p2b: Sinistcha
|-damage|p2b: Sinistcha|33/100
|-enditem|p2b: Sinistcha|Sitrus Berry|[eat]
|-heal|p2b: Sinistcha|58/100|[from] item: Sitrus Berry
|move|p2b: Sinistcha|Matcha Gotcha|p1b: Porygon2|[spread] p1a,p1b
|-resisted|p1a: Gengar
|-damage|p1a: Gengar|79/100
|-heal|p2b: Sinistcha|66/100|[from] drain|[of] p1a: Gengar
|-damage|p1b: Porygon2|89/100
|-heal|p2b: Sinistcha|72/100|[from] drain|[of] p1b: Porygon2
|move|p2a: Incineroar|Knock Off|p1a: Gengar
|-supereffective|p1a: Gengar
|-damage|p1a: Gengar|0 fnt
|-enditem|p1a: Gengar|Focus Sash|[from] move: Knock Off|[of] p2a: Incineroar
|faint|p1a: Gengar
|move|p1b: Porygon2|Ice Beam|p2b: Sinistcha
|-supereffective|p2b: Sinistcha
|-damage|p2b: Sinistcha|16/100
|
|upkeep
|
|t:|1756933453
|switch|p1a: Rillaboom|Rillaboom, L50, F|100/100
|-fieldstart|move: Grassy Terrain|[from] ability: Grassy Surge|[of] p1a: Rillaboom
|turn|2
|
|t:|1756933467
|move|p1a: Rillaboom|Fake Out|p2a: Incineroar
|-damage|p2a: Incineroar|90/100
|cant|p2a: Incineroar|flinch
|move|p2b: Sinistcha|Trick Room|p2b: Sinistcha
|-fieldstart|move: Trick Room|[of] p2b: Sinistcha
|move|p1b: Porygon2|Trick Room|p1b: Porygon2
|-fieldend|move: Trick Room
|
|-heal|p2b: Sinistcha|22/100|[from] Grassy Terrain
|-heal|p2a: Incineroar|96/100|[from] Grassy Terrain
|-heal|p1b: Porygon2|95/100|[from] Grassy Terrain
|upkeep
|turn|3
|inactive|jar55 has 30 seconds left.
|
|t:|1756933501
|move|p1a: Rillaboom|Wood Hammer|p2b: Sinistcha
|-resisted|p2b: Sinistcha
|-damage|p2b: Sinistcha|0 fnt
|faint|p2b: Sinistcha
|-damage|p1a: Rillaboom|94/100|[from] Recoil
|move|p2a: Incineroar|Parting Shot|p1a: Rillaboom
|-unboost|p1a: Rillaboom|atk|1
|-unboost|p1a: Rillaboom|spa|1
|
|t:|1756933511
|switch|p2a: Ursaluna|Ursaluna, L50, M|100/100|[from] Parting Shot
|move|p1b: Porygon2|Trick Room|p1b: Porygon2
|-fieldstart|move: Trick Room|[of] p1b: Porygon2
|
|-heal|p1b: Porygon2|100/100|[from] Grassy Terrain
|-heal|p1a: Rillaboom|99/100|[from] Grassy Terrain
|-status|p2a: Ursaluna|brn|[from] item: Flame Orb
|upkeep
|
|t:|1756933518
|switch|p2b: Incineroar|Incineroar, L50, M|96/100
|-ability|p2b: Incineroar|Intimidate|boost
|-unboost|p1a: Rillaboom|atk|1
|-unboost|p1b: Porygon2|atk|1
|turn|4
|inactive|jar55 has 30 seconds left.
|inactive|jar55 has 20 seconds left.
|inactive|jar55 has 15 seconds left.
|
|t:|1756933561
|switch|p1a: Ursaluna|Ursaluna, L50, M|100/100
|move|p2b: Incineroar|Fake Out|p1b: Porygon2
|-damage|p1b: Porygon2|94/100
|cant|p1b: Porygon2|flinch
|move|p2a: Ursaluna|Facade|p1a: Ursaluna
|-damage|p1a: Ursaluna|3/100
|
|-heal|p1a: Ursaluna|9/100|[from] Grassy Terrain
|-heal|p1b: Porygon2|99/100|[from] Grassy Terrain
|-heal|p2b: Incineroar|100/100|[from] Grassy Terrain
|-damage|p2a: Ursaluna|95/100 brn|[from] brn
|-status|p1a: Ursaluna|brn|[from] item: Flame Orb
|upkeep
|turn|5
|
|t:|1756933577
|switch|p1a: Rillaboom|Rillaboom, L50, F|99/100
|-terastallize|p2a: Ursaluna|Ghost
|move|p1b: Porygon2|Ice Beam|p2a: Ursaluna
|-damage|p2a: Ursaluna|63/100 brn
|move|p2b: Incineroar|Knock Off|p1a: Rillaboom
|-damage|p1a: Rillaboom|65/100
|-enditem|p1a: Rillaboom|Assault Vest|[from] move: Knock Off|[of] p2b: Incineroar
|move|p2a: Ursaluna|Facade|p1b: Porygon2
|-damage|p1b: Porygon2|23/100
|
|-heal|p1b: Porygon2|30/100|[from] Grassy Terrain
|-heal|p2a: Ursaluna|69/100 brn|[from] Grassy Terrain
|-heal|p1a: Rillaboom|71/100|[from] Grassy Terrain
|-damage|p2a: Ursaluna|63/100 brn|[from] brn
|upkeep
|turn|6
|inactive|jar55 has 30 seconds left.
|c|☆jar55|i'm an idiot. didn't notice your ursaluna has some speed
|inactive|jar55 has 20 seconds left.
|inactive|jar55 has 15 seconds left.
|inactive|jar55 has 10 seconds left.
|
|t:|1756933625
|move|p1a: Rillaboom|Grassy Glide|p2a: Ursaluna
|-damage|p2a: Ursaluna|34/100 brn
|move|p1b: Porygon2|Ice Beam|p2a: Ursaluna
|-damage|p2a: Ursaluna|4/100 brn
|move|p2b: Incineroar|Knock Off|p1b: Porygon2
|-damage|p1b: Porygon2|8/100
|-enditem|p1b: Porygon2|Eviolite|[from] move: Knock Off|[of] p2b: Incineroar
|move|p2a: Ursaluna|Facade|p1a: Rillaboom
|-damage|p1a: Rillaboom|0 fnt
|faint|p1a: Rillaboom
|
|-heal|p1b: Porygon2|14/100|[from] Grassy Terrain
|-heal|p2a: Ursaluna|10/100 brn|[from] Grassy Terrain
|-damage|p2a: Ursaluna|4/100 brn|[from] brn
|-fieldend|move: Grassy Terrain
|upkeep
|
|t:|1756933636
|switch|p1a: Ursaluna|Ursaluna, L50, M|9/100 brn
|turn|7
|inactive|jar55 has 30 seconds left.
|
|t:|1756933663
|move|p1a: Ursaluna|Earthquake|p2b: Incineroar|[spread] p1b,p2a,p2b
|-supereffective|p2b: Incineroar
|-damage|p1b: Porygon2|0 fnt
|-damage|p2a: Ursaluna|0 fnt
|-damage|p2b: Incineroar|0 fnt
|faint|p1b: Porygon2
|faint|p2a: Ursaluna
|faint|p2b: Incineroar
|
|-damage|p1a: Ursaluna|3/100 brn|[from] brn
|-fieldend|move: Trick Room
|upkeep
|
|t:|1756933668
|switch|p2b: Basculegion|Basculegion, L50, M|100/100
|turn|8
|-message|jar55 forfeited.
|
|win|Notaplaceofhonor
