|j|☆Ninetalones
|j|☆damage77
|html|Ninetalonesdamage77    
|uhtml|bestof|Game 1 of a best-of-3
|t:|1757784238
|gametype|doubles
|player|p1|Ninetalones|265|1354
|player|p2|damage77|flint|1436
|gen|9
|tier|[Gen 9] VGC 2025 Reg H (Bo3)
|rated|
|rule|Species Clause: Limit one of each Pokémon
|rule|Item Clause: Limit 1 of each item
|clearpoke
|poke|p1|Basculegion, L50, M|
|poke|p1|Kingambit, L50, F|
|poke|p1|Ninetales-Alola, L50, F|
|poke|p1|Rillaboom, L50, F|
|poke|p1|Sneasler, L50, M|
|poke|p1|Volcarona, L50, F|
|poke|p2|Gholdengo, L50|
|poke|p2|Dragonite, L50, F|
|poke|p2|Annihilape, L50, M|
|poke|p2|Ursaluna-Bloodmoon, L50, M|
|poke|p2|Rillaboom, L50, M|
|poke|p2|Incineroar, L50, M|
|teampreview|4
|showteam|p1|Basculegion||ChoiceScarf|Adaptability|AquaJet,FlipTurn,WaveCrash,LastRespects|||M|||50|,,,,,Grass]Kingambit||SafetyGoggles|Defiant|Protect,KowtowCleave,SuckerPunch,SwordsDance|||F|||50|,,,,,Ghost]Ninetales-Alola||FocusSash|SnowWarning|Protect,Blizzard,FreezeDry,Encore|||F|||50|,,,,,Ghost]Rillaboom||AssaultVest|GrassySurge|GrassyGlide,WoodHammer,FakeOut,HighHorsepower|||F|||50|,,,,,Water]Sneasler||GrassySeed|Unburden|Protect,CloseCombat,DireClaw,Coaching|||M|||50|,,,,,Fighting]Volcarona||CovertCloak|FlameBody|HeatWave,TeraBlast,QuiverDance,RagePowder|||F|||50|,,,,,Fairy
|showteam|p2|Gholdengo||ChoiceScarf|GoodasGold|MakeItRain,ShadowBall,Trick,PowerGem||||||50|,,,,,Dragon]Dragonite||LoadedDice|Multiscale|ScaleShot,ExtremeSpeed,Tailwind,Protect|||F|||50|,,,,,Normal]Annihilape||SafetyGoggles|Defiant|CloseCombat,RageFist,FinalGambit,Taunt|||M|||50|,,,,,Water]Ursaluna-Bloodmoon||AssaultVest|MindsEye|BloodMoon,HyperVoice,EarthPower,VacuumWave|||M|||50|,,,,,Water]Rillaboom||LifeOrb|GrassySurge|DrumBeating,GrassyGlide,HighHorsepower,Protect|||M|||50|,,,,,Ghost]Incineroar||SitrusBerry|Intimidate|KnockOff,FlareBlitz,PartingShot,FakeOut|||M|||50|,,,,,Ghost
|inactive|Battle timer is ON: inactive players will automatically lose when time's up. (requested by damage77)
|
|t:|1757784298
|teamsize|p1|4
|teamsize|p2|4
|start
|switch|p1a: Basculegion|Basculegion, L50, M|100/100
|switch|p1b: Volcarona|Volcarona, L50, F|100/100
|switch|p2a: Gholdengo|Gholdengo, L50|100/100
|switch|p2b: Rillaboom|Rillaboom, L50, M|100/100
|-fieldstart|move: Grassy Terrain|[from] ability: Grassy Surge|[of] p2b: Rillaboom
|turn|1
|inactive|Ninetalones has 30 seconds left.
|
|t:|1757784326
|switch|p1b: Kingambit|Kingambit, L50, F|100/100
|move|p2b: Rillaboom|Grassy Glide|p1a: Basculegion
|-supereffective|p1a: Basculegion
|-damage|p1a: Basculegion|0 fnt
|faint|p1a: Basculegion
|-damage|p2b: Rillaboom|91/100|[from] item: Life Orb
|move|p2a: Gholdengo|Power Gem|p1b: Kingambit
|-resisted|p1b: Kingambit
|-damage|p1b: Kingambit|85/100
|
|-heal|p2b: Rillaboom|97/100|[from] Grassy Terrain
|-heal|p1b: Kingambit|91/100|[from] Grassy Terrain
|upkeep
|
|t:|1757784341
|switch|p1a: Volcarona|Volcarona, L50, F|100/100
|turn|2
|
|t:|1757784350
|-terastallize|p2a: Gholdengo|Dragon
|-terastallize|p1a: Volcarona|Fairy
|move|p2a: Gholdengo|Power Gem|p1a: Volcarona
|-damage|p1a: Volcarona|75/100
|move|p2b: Rillaboom|High Horsepower|p1b: Kingambit
|-supereffective|p1b: Kingambit
|-damage|p1b: Kingambit|33/100
|-damage|p2b: Rillaboom|87/100|[from] item: Life Orb
|move|p1a: Volcarona|Quiver Dance|p1a: Volcarona
|-boost|p1a: Volcarona|spa|1
|-boost|p1a: Volcarona|spd|1
|-boost|p1a: Volcarona|spe|1
|move|p1b: Kingambit|Swords Dance|p1b: Kingambit
|-boost|p1b: Kingambit|atk|2
|
|-heal|p1a: Volcarona|81/100|[from] Grassy Terrain
|-heal|p2b: Rillaboom|93/100|[from] Grassy Terrain
|-heal|p1b: Kingambit|39/100|[from] Grassy Terrain
|upkeep
|turn|3
|inactive|Ninetalones has 30 seconds left.
|inactive|damage77 has 30 seconds left.
|inactive|damage77 has 20 seconds left.
|inactive|Ninetalones has 20 seconds left.
|inactive|Ninetalones has 15 seconds left.
|
|t:|1757784395
|switch|p2a: Annihilape|Annihilape, L50, M|100/100
|move|p2b: Rillaboom|Protect|p2b: Rillaboom
|-singleturn|p2b: Rillaboom|Protect
|move|p1b: Kingambit|Sucker Punch||[still]
|-fail|p1b: Kingambit
|move|p1a: Volcarona|Heat Wave|p2b: Rillaboom|[spread] p2a
|-activate|p2b: Rillaboom|move: Protect
|-damage|p2a: Annihilape|50/100
|
|-heal|p1a: Volcarona|87/100|[from] Grassy Terrain
|-heal|p2a: Annihilape|56/100|[from] Grassy Terrain
|-heal|p2b: Rillaboom|99/100|[from] Grassy Terrain
|-heal|p1b: Kingambit|44/100|[from] Grassy Terrain
|upkeep
|turn|4
|inactive|Ninetalones has 30 seconds left.
|inactive|damage77 has 30 seconds left.
|
|t:|1757784429
|move|p2b: Rillaboom|Grassy Glide|p1a: Volcarona
|-damage|p1a: Volcarona|37/100
|-damage|p2b: Rillaboom|89/100|[from] item: Life Orb
|move|p1b: Kingambit|Sucker Punch|p2a: Annihilape
|-damage|p2a: Annihilape|0 fnt
|faint|p2a: Annihilape
|move|p1a: Volcarona|Heat Wave|p2b: Rillaboom
|-supereffective|p2b: Rillaboom
|-damage|p2b: Rillaboom|0 fnt
|faint|p2b: Rillaboom
|
|-heal|p1a: Volcarona|43/100|[from] Grassy Terrain
|-heal|p1b: Kingambit|50/100|[from] Grassy Terrain
|upkeep
|
|t:|1757784439
|switch|p2a: Gholdengo|Gholdengo, L50, tera:Dragon|100/100
|switch|p2b: Dragonite|Dragonite, L50, F|100/100
|turn|5
|inactive|Ninetalones has 30 seconds left.
|inactive|Ninetalones has 20 seconds left.
|inactive|Ninetalones has 15 seconds left.
|inactive|Ninetalones has 10 seconds left.
|
|t:|1757784488
|move|p1b: Kingambit|Protect|p1b: Kingambit
|-singleturn|p1b: Kingambit|Protect
|move|p2b: Dragonite|Extreme Speed|p1a: Volcarona
|-damage|p1a: Volcarona|11/100
|-status|p2b: Dragonite|brn|[from] ability: Flame Body|[of] p1a: Volcarona
|move|p2a: Gholdengo|Make It Rain|p1a: Volcarona|[spread] p1a
|-activate|p1b: Kingambit|move: Protect
|-supereffective|p1a: Volcarona
|-damage|p1a: Volcarona|0 fnt
|-unboost|p2a: Gholdengo|spa|1
|faint|p1a: Volcarona
|
|-heal|p1b: Kingambit|56/100|[from] Grassy Terrain
|-damage|p2b: Dragonite|95/100 brn|[from] brn
|-fieldend|move: Grassy Terrain
|upkeep
|
|t:|1757784507
|switch|p1a: Ninetales|Ninetales-Alola, L50, F|100/100
|-weather|Snowscape|[from] ability: Snow Warning|[of] p1a: Ninetales
|turn|6
|
|t:|1757784522
|move|p1a: Ninetales|Protect|p1a: Ninetales
|-singleturn|p1a: Ninetales|Protect
|move|p2b: Dragonite|Extreme Speed|p1a: Ninetales
|-activate|p1a: Ninetales|move: Protect
|move|p2a: Gholdengo|Make It Rain|p1a: Ninetales|[spread] p1b
|-activate|p1a: Ninetales|move: Protect
|-resisted|p1b: Kingambit
|-damage|p1b: Kingambit|40/100
|-unboost|p2a: Gholdengo|spa|1
|move|p1b: Kingambit|Kowtow Cleave|p2a: Gholdengo
|-damage|p2a: Gholdengo|0 fnt
|faint|p2a: Gholdengo
|
|-weather|Snowscape|[upkeep]
|-damage|p2b: Dragonite|89/100 brn|[from] brn
|upkeep
|turn|7
|-message|damage77 forfeited.
|
|win|Ninetalones
||damage77 is ready for game 2.
||Ninetalones is ready for game 2.
|uhtml|next|Next: Game 2 of 3
