|j|☆danicruz.music
|j|☆TeyOnTheRox
|html|danicruz.musicTeyOnTheRox    
|uhtml|bestof|Game 2 of a best-of-3
|t:|1757734773
|gametype|doubles
|player|p1|danicruz.music|whitney|1186
|player|p2|TeyOnTheRox|benga|1129
|gen|9
|tier|[Gen 9] VGC 2025 Reg H (Bo3)
|rated|
|rule|Species Clause: Limit one of each Pokémon
|rule|Item Clause: Limit 1 of each item
|clearpoke
|poke|p1|Dondozo, L50, M|
|poke|p1|Tatsugiri-Droopy, L50, F|
|poke|p1|Pelipper, L50, M|
|poke|p1|Archaludon, L50, F|
|poke|p1|Weezing-Galar, L50, F|
|poke|p1|Dragapult, L50, M|
|poke|p2|Tyranitar, L50, F|
|poke|p2|Excadrill, L50, M|
|poke|p2|Sneasler, L50, F|
|poke|p2|Indeedee, L50, M|
|poke|p2|Corviknight, L50, F|
|poke|p2|Annihilape, L50, M|
|teampreview|4
|showteam|p1|Dondozo||Leftovers|Unaware|WaveCrash,Earthquake,OrderUp,Protect|||M|||50|,,,,,Ground]Tatsugiri-Droopy||AssaultVest|Commander|DragonPulse,DracoMeteor,MuddyWater,IcyWind|||F|||50|,,,,,Fairy]Pelipper||FocusSash|Drizzle|Hurricane,WeatherBall,WideGuard,Tailwind|||M|||50|,,,,,Fire]Archaludon||PowerHerb|Stalwart|ElectroShot,FlashCannon,DracoMeteor,Protect|||F|||50|,,,,,Electric]Weezing-Galar||RockyHelmet|NeutralizingGas|DazzlingGleam,PoisonGas,SludgeBomb,Protect|||F|||50|,,,,,Flying]Dragapult||LifeOrb|ClearBody|DragonDarts,Protect,PhantomForce,TeraBlast|||M|||50|,,,,,Fighting
|showteam|p2|Tyranitar||AssaultVest|SandStream|RockSlide,KnockOff,TeraBlast,LowKick|||F|||50|,,,,,Flying]Excadrill||FocusSash|SandRush|IronHead,HighHorsepower,Earthquake,Protect|||M|||50|,,,,,Stellar]Sneasler||PsychicSeed|Unburden|DireClaw,CloseCombat,ThroatChop,Protect|||F|||50|,,,,,Dark]Indeedee||ChoiceScarf|PsychicSurge|ExpandingForce,TeraBlast,Protect,Trick|||M|||50|,,,,,Psychic]Corviknight||Leftovers|MirrorArmor|BraveBird,BulkUp,Roost,Tailwind|||F|||50|,,,,,Dragon]Annihilape||SafetyGoggles|Defiant|CloseCombat,FinalGambit,RageFist,Taunt|||M|||50|,,,,,Water
|inactive|Battle timer is ON: inactive players will automatically lose when time's up. (requested by danicruz.music)
|
|t:|1757734792
|teamsize|p1|4
|teamsize|p2|4
|start
|switch|p1a: Dondozo|Dondozo, L50, M|100/100
|switch|p1b: Tatsugiri|Tatsugiri-Droopy, L50, F|100/100
|switch|p2a: Cars II|Corviknight, L50, F|100/100
|switch|p2b: Lightnin'|Sneasler, L50, F|100/100
|-activate|p1b: Tatsugiri|ability: Commander|[of] p1a: Dondozo
|-boost|p1a: Dondozo|atk|2
|-boost|p1a: Dondozo|spa|2
|-boost|p1a: Dondozo|spe|2
|-boost|p1a: Dondozo|def|2
|-boost|p1a: Dondozo|spd|2
|turn|1
|
|t:|1757734807
|move|p2b: Lightnin'|Dire Claw|p1a: Dondozo
|-damage|p1a: Dondozo|84/100
|-status|p1a: Dondozo|slp
|cant|p1a: Dondozo|slp
|move|p2a: Cars II|Tailwind|p2a: Cars II
|-sidestart|p2: TeyOnTheRox|move: Tailwind
|
|-heal|p1a: Dondozo|90/100 slp|[from] item: Leftovers
|upkeep
|turn|2
|
|t:|1757734828
|move|p2b: Lightnin'|Close Combat|p1a: Dondozo
|-damage|p1a: Dondozo|68/100 slp
|-unboost|p2b: Lightnin'|def|1
|-unboost|p2b: Lightnin'|spd|1
|move|p2a: Cars II|Bulk Up|p2a: Cars II
|-boost|p2a: Cars II|atk|1
|-boost|p2a: Cars II|def|1
|cant|p1a: Dondozo|slp
|
|-heal|p1a: Dondozo|74/100 slp|[from] item: Leftovers
|upkeep
|turn|3
|inactive|TeyOnTheRox has 30 seconds left.
|inactive|TeyOnTheRox has 20 seconds left.
|
|t:|1757734865
|move|p2b: Lightnin'|Close Combat|p1a: Dondozo
|-damage|p1a: Dondozo|54/100 slp
|-unboost|p2b: Lightnin'|def|1
|-unboost|p2b: Lightnin'|spd|1
|move|p2a: Cars II|Bulk Up|p2a: Cars II
|-boost|p2a: Cars II|atk|1
|-boost|p2a: Cars II|def|1
|-curestatus|p1a: Dondozo|slp|[msg]
|move|p1a: Dondozo|Order Up|p2a: Cars II
|-resisted|p2a: Cars II
|-damage|p2a: Cars II|82/100
|-boost|p1a: Dondozo|def|1
|
|-heal|p2a: Cars II|88/100|[from] item: Leftovers
|-heal|p1a: Dondozo|60/100|[from] item: Leftovers
|upkeep
|turn|4
|
|t:|1757734881
|move|p2b: Lightnin'|Protect|p2b: Lightnin'
|-singleturn|p2b: Lightnin'|Protect
|move|p2a: Cars II|Bulk Up|p2a: Cars II
|-boost|p2a: Cars II|atk|1
|-boost|p2a: Cars II|def|1
|move|p1a: Dondozo|Wave Crash|p2b: Lightnin'
|-activate|p2b: Lightnin'|move: Protect
|
|-heal|p2a: Cars II|94/100|[from] item: Leftovers
|-heal|p1a: Dondozo|67/100|[from] item: Leftovers
|-sideend|p2: TeyOnTheRox|move: Tailwind
|upkeep
|turn|5
|
|t:|1757734900
|move|p2b: Lightnin'|Dire Claw|p1a: Dondozo
|-damage|p1a: Dondozo|54/100
|-status|p1a: Dondozo|slp
|cant|p1a: Dondozo|slp
|move|p2a: Cars II|Tailwind|p2a: Cars II
|-sidestart|p2: TeyOnTheRox|move: Tailwind
|
|-heal|p2a: Cars II|99/100|[from] item: Leftovers
|-heal|p1a: Dondozo|60/100 slp|[from] item: Leftovers
|upkeep
|turn|6
|
|t:|1757734906
|move|p2b: Lightnin'|Close Combat|p1a: Dondozo
|-damage|p1a: Dondozo|43/100 slp
|-unboost|p2b: Lightnin'|def|1
|-unboost|p2b: Lightnin'|spd|1
|move|p2a: Cars II|Brave Bird|p1a: Dondozo
|-damage|p1a: Dondozo|32/100 slp
|-damage|p2a: Cars II|96/100|[from] Recoil
|-curestatus|p1a: Dondozo|slp|[msg]
|move|p1a: Dondozo|Order Up|p2b: Lightnin'
|-damage|p2b: Lightnin'|21/100
|-boost|p1a: Dondozo|def|1
|
|-heal|p2a: Cars II|100/100|[from] item: Leftovers
|-heal|p1a: Dondozo|39/100|[from] item: Leftovers
|upkeep
|turn|7
|
|t:|1757734930
|move|p2b: Lightnin'|Protect|p2b: Lightnin'
|-singleturn|p2b: Lightnin'|Protect
|move|p2a: Cars II|Brave Bird|p1a: Dondozo
|-damage|p1a: Dondozo|29/100
|-damage|p2a: Cars II|97/100|[from] Recoil
|move|p1a: Dondozo|Order Up|p2b: Lightnin'
|-activate|p2b: Lightnin'|move: Protect
|
|-heal|p2a: Cars II|100/100|[from] item: Leftovers
|-heal|p1a: Dondozo|36/100|[from] item: Leftovers
|upkeep
|turn|8
|
|t:|1757734952
|move|p2b: Lightnin'|Dire Claw|p1a: Dondozo
|-damage|p1a: Dondozo|25/100
|move|p2a: Cars II|Brave Bird|p1a: Dondozo
|-damage|p1a: Dondozo|15/100
|-damage|p2a: Cars II|96/100|[from] Recoil
|move|p1a: Dondozo|Order Up|p2b: Lightnin'
|-damage|p2b: Lightnin'|0 fnt
|faint|p2b: Lightnin'
|-boost|p1a: Dondozo|def|1
|
|-heal|p2a: Cars II|100/100|[from] item: Leftovers
|-heal|p1a: Dondozo|21/100|[from] item: Leftovers
|-sideend|p2: TeyOnTheRox|move: Tailwind
|upkeep
|
|t:|1757734968
|switch|p2b: Cars I|Indeedee, L50, M, shiny|100/100
|-fieldstart|move: Psychic Terrain|[from] ability: Psychic Surge|[of] p2b: Cars I
|turn|9
|
|t:|1757734975
|move|p1a: Dondozo|Protect|p1a: Dondozo
|-singleturn|p1a: Dondozo|Protect
|move|p2b: Cars I|Expanding Force|p1a: Dondozo|[spread] 
|-miss|p2b: Cars I|p1b: Tatsugiri
|-activate|p1a: Dondozo|move: Protect
|move|p2a: Cars II|Brave Bird|p1a: Dondozo
|-activate|p1a: Dondozo|move: Protect
|
|-heal|p1a: Dondozo|27/100|[from] item: Leftovers
|upkeep
|turn|10
|
|t:|1757734981
|-terastallize|p2b: Cars I|Psychic
|move|p2b: Cars I|Expanding Force|p1a: Dondozo|[spread] p1a
|-miss|p2b: Cars I|p1b: Tatsugiri
|-damage|p1a: Dondozo|0 fnt
|faint|p1a: Dondozo
|move|p2a: Cars II|Brave Bird|p1b: Tatsugiri
|-damage|p1b: Tatsugiri|0 fnt
|faint|p1b: Tatsugiri
|-damage|p2a: Cars II|77/100|[from] Recoil
|
|-heal|p2a: Cars II|83/100|[from] item: Leftovers
|upkeep
|
|t:|1757734987
|switch|p1b: Archaludon|Archaludon, L50, F|100/100
|switch|p1a: Pelipper|Pelipper, L50, M|100/100
|-weather|RainDance|[from] ability: Drizzle|[of] p1a: Pelipper
|turn|11
|inactive|TeyOnTheRox has 30 seconds left.
|
|t:|1757735012
|-terastallize|p1b: Archaludon|Electric
|move|p1a: Pelipper|Wide Guard|p1a: Pelipper
|-singleturn|p1a: Pelipper|Wide Guard
|move|p2b: Cars I|Expanding Force|p1b: Archaludon|[spread] 
|-activate|p1a: Pelipper|move: Wide Guard
|-activate|p1b: Archaludon|move: Wide Guard
|move|p1b: Archaludon|Electro Shot||[still]
|-prepare|p1b: Archaludon|Electro Shot
|-boost|p1b: Archaludon|spa|1
|-anim|p1b: Archaludon|Electro Shot|p2a: Cars II
|-supereffective|p2a: Cars II
|-damage|p2a: Cars II|0 fnt
|faint|p2a: Cars II
|
|-weather|RainDance|[upkeep]
|upkeep
|
|t:|1757735017
|switch|p2a: Cachiiga|Annihilape, L50, M|100/100
|turn|12
|
|t:|1757735035
|move|p1a: Pelipper|Wide Guard|p1a: Pelipper
|-singleturn|p1a: Pelipper|Wide Guard
|move|p2b: Cars I|Expanding Force|p1b: Archaludon|[spread] 
|-activate|p1a: Pelipper|move: Wide Guard
|-activate|p1b: Archaludon|move: Wide Guard
|move|p2a: Cachiiga|Final Gambit|p1b: Archaludon
|-damage|p1b: Archaludon|0 fnt
|faint|p2a: Cachiiga
|faint|p1b: Archaludon
|
|-weather|RainDance|[upkeep]
|upkeep
|turn|13
|
|t:|1757735056
|move|p2b: Cars I|Expanding Force|p1a: Pelipper
|-enditem|p1a: Pelipper|Focus Sash
|-damage|p1a: Pelipper|1/100
|move|p1a: Pelipper|Hurricane|p2b: Cars I
|-damage|p2b: Cars I|34/100
|
|-weather|RainDance|[upkeep]
|-fieldend|move: Psychic Terrain
|upkeep
|turn|14
|-message|danicruz.music forfeited.
|
|win|TeyOnTheRox
