|j|☆kememe
|j|☆jeanryupr
|html|kememejeanryupr    
|uhtml|bestof|Game 1 of a best-of-3
|t:|1785172266
|gametype|doubles
|player|p1|kememe|crasherwake|1061
|player|p2|jeanryupr|265|1141
|gen|9
|tier|[Gen 9 Champions] VGC 2026 Reg M-B (Bo3)
|rated|
|rule|Species Clause: Limit one of each Pokémon
|rule|Item Clause: Limit 1 of each item
|clearpoke
|poke|p1|Delphox, L50, M|
|poke|p1|Whimsicott, L50, M|
|poke|p1|Vanilluxe, L50, F|
|poke|p1|Incineroar, L50, F|
|poke|p1|Farigiraf, L50, M|
|poke|p1|Garchomp, L50, M|
|poke|p2|Staraptor, L50, M|
|poke|p2|Glimmora, L50, F|
|poke|p2|Whimsicott, L50, F|
|poke|p2|Kingambit, L50, M|
|poke|p2|Garchomp, L50, M|
|poke|p2|Delphox, L50, M|
|teampreview|4
|showteam|p1|Delphox||Delphoxite|Magician|HeatWave,Psychic,NastyPlot,Protect|Modest||M|||50|]Whimsicott||FocusSash|Prankster|Moonblast,Protect,Tailwind,Encore|Modest||M|||50|]Vanilluxe||NeverMeltIce|SnowWarning|AuroraVeil,Blizzard,Protect,FreezeDry|Timid||F|||50|]Incineroar||ChopleBerry|Intimidate|FlareBlitz,PartingShot,FakeOut,ThroatChop|Adamant||F|||50|]Farigiraf||Leftovers|ArmorTail|Psychic,Protect,TrickRoom,ThunderWave|Modest||M|||50|]Garchomp||LifeOrb|RoughSkin|RockSlide,Protect,Earthquake,DragonClaw|Jolly||M|||50|
|showteam|p2|Staraptor||Staraptite|Intimidate|CloseCombat,BraveBird,Roost,Protect|Jolly||M|||50|]Glimmora||FocusSash|ToxicDebris|PowerGem,SludgeBomb,EarthPower,SpikyShield|Modest||F|||50|]Whimsicott||OccaBerry|Prankster|Tailwind,Moonblast,Charm,LightScreen|Timid||F|||50|]Kingambit||ChopleBerry|Defiant|KowtowCleave,IronHead,LowKick,SuckerPunch|Adamant||M|||50|]Garchomp||ChoiceScarf|RoughSkin|Earthquake,DragonClaw,RockSlide,StompingTantrum|Adamant||M|||50|]Delphox||Delphoxite|Blaze|HeatWave,Psychic,Encore,Protect|Timid||M|||50|
|
|t:|1785172328
|teamsize|p1|4
|teamsize|p2|4
|start
|switch|p1a: Vanilluxe|Vanilluxe, L50, F|100/100
|switch|p1b: Incineroar|Incineroar, L50, F|100/100
|switch|p2a: Whimsicott|Whimsicott, L50, F|100/100
|switch|p2b: Glimmora|Glimmora, L50, F|100/100
|-weather|Snowscape|[from] ability: Snow Warning|[of] p1a: Vanilluxe
|-ability|p1b: Incineroar|Intimidate|boost
|-unboost|p2a: Whimsicott|atk|1
|-unboost|p2b: Glimmora|atk|1
|turn|1
|
|t:|1785172350
|move|p1b: Incineroar|Fake Out|p2a: Whimsicott
|-damage|p2a: Whimsicott|87/100
|cant|p2a: Whimsicott|flinch
|move|p1a: Vanilluxe|Blizzard|p2b: Glimmora|[spread] p2a,p2b
|-supereffective|p2a: Whimsicott|1
|-damage|p2a: Whimsicott|0 fnt
|-damage|p2b: Glimmora|33/100
|faint|p2a: Whimsicott
|move|p2b: Glimmora|Power Gem|p1a: Vanilluxe
|-supereffective|p1a: Vanilluxe|1
|-crit|p1a: Vanilluxe
|-damage|p1a: Vanilluxe|0 fnt
|faint|p1a: Vanilluxe
|
|-weather|Snowscape|[upkeep]
|upkeep
|
|t:|1785172364
|switch|p2a: Staraptor|Staraptor, L50, M|100/100
|switch|p1a: Delphox|Delphox, L50, M|100/100
|-ability|p2a: Staraptor|Intimidate|boost
|-unboost|p1a: Delphox|atk|1
|-unboost|p1b: Incineroar|atk|1
|turn|2
|
|t:|1785172389
|detailschange|p2a: Staraptor|Staraptor-Mega, L50, M
|-mega|p2a: Staraptor|Staraptor|Staraptite
|detailschange|p1a: Delphox|Delphox-Mega, L50, M
|-mega|p1a: Delphox|Delphox|Delphoxite
|move|p2a: Staraptor|Protect|p2a: Staraptor
|-singleturn|p2a: Staraptor|Protect
|move|p1a: Delphox|Psychic|p2a: Staraptor
|-activate|p2a: Staraptor|move: Protect
|move|p2b: Glimmora|Power Gem|p1b: Incineroar
|-supereffective|p1b: Incineroar|1
|-damage|p1b: Incineroar|18/100
|move|p1b: Incineroar|Flare Blitz|p2b: Glimmora
|-resisted|p2b: Glimmora|1
|-damage|p2b: Glimmora|10/100
|-activate|p2b: Glimmora|ability: Toxic Debris
|-sidestart|p1: kememe|move: Toxic Spikes
|-damage|p1b: Incineroar|11/100|[from] Recoil
|
|-weather|Snowscape|[upkeep]
|upkeep
|turn|3
|
|t:|1785172414
|switch|p2a: Garchomp|Garchomp, L50, M|100/100
|move|p1a: Delphox|Psychic|p2a: Garchomp
|-damage|p2a: Garchomp|38/100
|move|p2b: Glimmora|Power Gem|p1a: Delphox
|-supereffective|p1a: Delphox|1
|-damage|p1a: Delphox|6/100
|move|p1b: Incineroar|Flare Blitz|p2a: Garchomp
|-resisted|p2a: Garchomp|1
|-damage|p2a: Garchomp|23/100
|-status|p2a: Garchomp|brn
|-damage|p1b: Incineroar|0 fnt|[from] ability: Rough Skin|[of] p2a: Garchomp
|faint|p1b: Incineroar
|
|-weather|Snowscape|[upkeep]
|-damage|p2a: Garchomp|17/100 brn|[from] brn
|upkeep
|
|t:|1785172430
|switch|p1b: Garchomp|Garchomp, L50, M|100/100
|-status|p1b: Garchomp|psn
|turn|4
|
|t:|1785172448
|move|p1a: Delphox|Protect|p1a: Delphox
|-singleturn|p1a: Delphox|Protect
|move|p2a: Garchomp|Dragon Claw|p1b: Garchomp
|-supereffective|p1b: Garchomp|1
|-damage|p1b: Garchomp|59/100 psn
|-damage|p2a: Garchomp|4/100 brn|[from] ability: Rough Skin|[of] p1b: Garchomp
|move|p1b: Garchomp|Earthquake|p2b: Glimmora|[spread] p2a,p2b
|-activate|p1a: Delphox|move: Protect
|-supereffective|p2b: Glimmora|2
|-damage|p2a: Garchomp|0 fnt
|-damage|p2b: Glimmora|0 fnt
|-activate|p2b: Glimmora|ability: Toxic Debris
|-sidestart|p1: kememe|move: Toxic Spikes
|faint|p2a: Garchomp
|faint|p2b: Glimmora
|-damage|p1b: Garchomp|49/100 psn|[from] item: Life Orb
|
|-weather|Snowscape|[upkeep]
|-damage|p1b: Garchomp|37/100 psn|[from] psn
|upkeep
|
|t:|1785172459
|switch|p2b: Staraptor|Staraptor-Mega, L50, M|100/100
|turn|5
|
|t:|1785172465
|move|p2b: Staraptor|Protect|p2b: Staraptor
|-singleturn|p2b: Staraptor|Protect
|move|p1a: Delphox|Psychic|p2b: Staraptor
|-activate|p2b: Staraptor|move: Protect
|move|p1b: Garchomp|Rock Slide|p2b: Staraptor
|-activate|p2b: Staraptor|move: Protect
|
|-weather|none
|-damage|p1b: Garchomp|25/100 psn|[from] psn
|upkeep
|turn|6
|
|t:|1785172481
|move|p1a: Delphox|Psychic|p2b: Staraptor
|-supereffective|p2b: Staraptor|1
|-damage|p2b: Staraptor|0 fnt
|faint|p2b: Staraptor
|
|win|kememe
