|j|☆Beep-boop12345
|j|☆hexagonfoot
|html|Beep-boop12345hexagonfoot    
|uhtml|bestof|Game 3 of a best-of-3
|t:|1757038113
|gametype|doubles
|player|p1|Beep-boop12345|hilbert-wonderlauncher|1141
|player|p2|hexagonfoot|caitlin|1162
|gen|9
|tier|[Gen 9] VGC 2025 Reg H (Bo3)
|rated|
|rule|Species Clause: Limit one of each Pokémon
|rule|Item Clause: Limit 1 of each item
|clearpoke
|poke|p1|Ninetales-Alola, L50, F|
|poke|p1|Rillaboom, L50, F|
|poke|p1|Magmar, L50, M|
|poke|p1|Sneasler, L50, M|
|poke|p1|Kingambit, L50, M|
|poke|p1|Basculegion, L50, M|
|poke|p2|Kingambit, L50, F|
|poke|p2|Primarina, L50, M|
|poke|p2|Sneasler, L50, F|
|poke|p2|Magmar, L50, F|
|poke|p2|Rillaboom, L50, F|
|poke|p2|Dragapult, L50, M|
|teampreview|4
|showteam|p1|Ninetales-Alola||NeverMeltIce|SnowWarning|Blizzard,FreezeDry,Encore,Protect|||F|||50|,,,,,Ghost]Rillaboom||AssaultVest|GrassySurge|WoodHammer,FakeOut,Uturn,GrassyGlide|||F|||50|,,,,,Ghost]Magmar||Eviolite|VitalSpirit|Protect,HeatWave,WillOWisp,FollowMe|||M|||50|,,,,,Ghost]Sneasler||FocusSash|PoisonTouch|FakeOut,DireClaw,CloseCombat,Protect|||M|||50|,,,,,Ghost]Kingambit||BlackGlasses|Defiant|KowtowCleave,SwordsDance,SuckerPunch,Protect|||M|||50|,,,,,Fire]Basculegion||ChoiceScarf|Adaptability|WaveCrash,FlipTurn,TeraBlast,LastRespects|||M|||50|,,,,,Fighting
|showteam|p2|Kingambit||BlackGlasses|Defiant|KowtowCleave,SuckerPunch,SwordsDance,Protect|||F|||50|,,,,,Ghost]Primarina||SitrusBerry|LiquidVoice|HyperVoice,Moonblast,Haze,Protect|||M|||50|,,,,,Water]Sneasler||FocusSash|PoisonTouch|CloseCombat,DireClaw,FakeOut,Protect|||F|||50|,,,,,Stellar]Magmar||Eviolite|VitalSpirit|Overheat,WillOWisp,FollowMe,Protect|||F|||50|,,,,,Ghost]Rillaboom||AssaultVest|GrassySurge|WoodHammer,GrassyGlide,HighHorsepower,FakeOut|||F|||50|,,,,,Fire]Dragapult||ChoiceBand|ClearBody|DragonDarts,PhantomForce,TeraBlast,Uturn|||M|||50|,,,,,Ghost
|inactive|Battle timer is ON: inactive players will automatically lose when time's up. (requested by hexagonfoot)
|inactive|Beep-boop12345 has 60 seconds left.
|
|t:|1757038157
|teamsize|p1|4
|teamsize|p2|4
|start
|switch|p1a: Ninetales|Ninetales-Alola, L50, F|100/100
|switch|p1b: Magmar|Magmar, L50, M|100/100
|switch|p2a: Headstone Lane|Dragapult, L50, M|100/100
|switch|p2b: Syon Lane|Magmar, L50, F|100/100
|-weather|Snowscape|[from] ability: Snow Warning|[of] p1a: Ninetales
|turn|1
|inactive|hexagonfoot has 30 seconds left.
|
|t:|1757038185
|move|p2b: Syon Lane|Follow Me|p2b: Syon Lane
|-singleturn|p2b: Syon Lane|move: Follow Me
|move|p1b: Magmar|Follow Me|p1b: Magmar
|-singleturn|p1b: Magmar|move: Follow Me
|move|p2a: Headstone Lane|U-turn|p1b: Magmar
|-resisted|p1b: Magmar
|-damage|p1b: Magmar|88/100
|
|t:|1757038191
|switch|p2a: Canary Wharf|Primarina, L50, M|100/100|[from] U-turn
|move|p1a: Ninetales|Blizzard|p2a: Canary Wharf|[spread] p2a,p2b
|-resisted|p2a: Canary Wharf
|-resisted|p2b: Syon Lane
|-damage|p2a: Canary Wharf|85/100
|-damage|p2b: Syon Lane|85/100
|-status|p2b: Syon Lane|frz
|
|-weather|Snowscape|[upkeep]
|upkeep
|turn|2
|c|☆hexagonfoot|that's awkward
|inactive|Beep-boop12345 has 30 seconds left.
|
|t:|1757038218
|move|p1b: Magmar|Protect|p1b: Magmar
|-singleturn|p1b: Magmar|Protect
|cant|p2b: Syon Lane|frz
|move|p1a: Ninetales|Freeze-Dry|p2a: Canary Wharf
|-supereffective|p2a: Canary Wharf
|-damage|p2a: Canary Wharf|30/100
|-enditem|p2a: Canary Wharf|Sitrus Berry|[eat]
|-heal|p2a: Canary Wharf|55/100|[from] item: Sitrus Berry
|move|p2a: Canary Wharf|Hyper Voice|p1b: Magmar|[spread] p1a
|-activate|p1b: Magmar|move: Protect
|-damage|p1a: Ninetales|60/100
|
|-weather|Snowscape|[upkeep]
|upkeep
|turn|3
|inactive|Beep-boop12345 has 30 seconds left.
|
|t:|1757038247
|move|p2a: Canary Wharf|Protect|p2a: Canary Wharf
|-singleturn|p2a: Canary Wharf|Protect
|move|p1a: Ninetales|Freeze-Dry|p2a: Canary Wharf
|-activate|p2a: Canary Wharf|move: Protect
|cant|p2b: Syon Lane|frz
|move|p1b: Magmar|Will-O-Wisp|p2a: Canary Wharf
|-activate|p2a: Canary Wharf|move: Protect
|
|-weather|Snowscape|[upkeep]
|upkeep
|turn|4
|
|t:|1757038268
|cant|p2b: Syon Lane|frz
|move|p1a: Ninetales|Freeze-Dry|p2a: Canary Wharf
|-supereffective|p2a: Canary Wharf
|-damage|p2a: Canary Wharf|0 fnt
|faint|p2a: Canary Wharf
|move|p1b: Magmar|Will-O-Wisp||[still]
|-fail|p1b: Magmar
|
|-weather|Snowscape|[upkeep]
|upkeep
|
|t:|1757038271
|switch|p2a: Slough|Sneasler, L50, F|100/100
|turn|5
|inactive|hexagonfoot has 30 seconds left.
|
|t:|1757038299
|-terastallize|p1a: Ninetales|Ghost
|move|p2a: Slough|Fake Out|p1b: Magmar
|-damage|p1b: Magmar|77/100
|cant|p2b: Syon Lane|frz
|move|p1a: Ninetales|Blizzard|p2a: Slough|[spread] p2a,p2b
|-resisted|p2b: Syon Lane
|-damage|p2a: Slough|50/100
|-damage|p2b: Syon Lane|69/100 frz
|cant|p1b: Magmar|flinch
|
|-weather|none
|upkeep
|turn|6
|
|t:|1757038320
|cant|p2b: Syon Lane|frz
|move|p1b: Magmar|Follow Me|p1b: Magmar
|-singleturn|p1b: Magmar|move: Follow Me
|move|p2a: Slough|Dire Claw|p1b: Magmar
|-damage|p1b: Magmar|48/100
|move|p1a: Ninetales|Freeze-Dry|p2a: Slough
|-damage|p2a: Slough|2/100
|-status|p2a: Slough|frz
|
|upkeep
|turn|7
|c|☆hexagonfoot|riiight
|inactive|hexagonfoot has 30 seconds left.
|
|t:|1757038351
|cant|p2b: Syon Lane|frz
|cant|p2a: Slough|frz
|move|p1a: Ninetales|Freeze-Dry|p2a: Slough
|-damage|p2a: Slough|0 fnt
|faint|p2a: Slough
|move|p1b: Magmar|Heat Wave|p2b: Syon Lane
|-resisted|p2b: Syon Lane
|-damage|p2b: Syon Lane|57/100 frz
|-curestatus|p2b: Syon Lane|frz|[msg]
|
|upkeep
|
|t:|1757038356
|switch|p2a: Headstone Lane|Dragapult, L50, M|100/100
|turn|8
|
|t:|1757038374
|-terastallize|p2a: Headstone Lane|Ghost
|move|p2b: Syon Lane|Follow Me|p2b: Syon Lane
|-singleturn|p2b: Syon Lane|move: Follow Me
|move|p2a: Headstone Lane|Tera Blast|p1a: Ninetales|[anim] Tera Blast Ghost
|-supereffective|p1a: Ninetales
|-crit|p1a: Ninetales
|-damage|p1a: Ninetales|0 fnt
|faint|p1a: Ninetales
|move|p1b: Magmar|Will-O-Wisp|p2b: Syon Lane|[miss]
|-miss|p1b: Magmar|p2b: Syon Lane
|
|upkeep
|
|t:|1757038389
|switch|p1a: Sneasler|Sneasler, L50, M|100/100
|turn|9
|
|t:|1757038400
|move|p1a: Sneasler|Fake Out|p2b: Syon Lane
|-damage|p2b: Syon Lane|45/100
|move|p2a: Headstone Lane|Tera Blast|p1b: Magmar|[anim] Tera Blast Ghost
|-damage|p1b: Magmar|0 fnt
|faint|p1b: Magmar
|cant|p2b: Syon Lane|flinch
|
|upkeep
|
|t:|1757038408
|switch|p1b: Kingambit|Kingambit, L50, M|100/100
|turn|10
|
|t:|1757038431
|move|p2b: Syon Lane|Protect|p2b: Syon Lane
|-singleturn|p2b: Syon Lane|Protect
|move|p1b: Kingambit|Sucker Punch|p2a: Headstone Lane
|-supereffective|p2a: Headstone Lane
|-damage|p2a: Headstone Lane|0 fnt
|faint|p2a: Headstone Lane
|move|p1a: Sneasler|Close Combat|p2b: Syon Lane
|-activate|p2b: Syon Lane|move: Protect
|
|upkeep
|turn|11
|-message|hexagonfoot forfeited.
|
|win|Beep-boop12345
|raw|Beep-boop12345's rating: 1141 → 1168(+27 for winning)
|raw|hexagonfoot's rating: 1162 → 1135(-27 for losing)
