|j|☆Pickle315
|j|☆MrGreen3432
|html|Pickle315MrGreen3432    
|uhtml|bestof|Game 2 of a best-of-3
|t:|1756774171
|gametype|doubles
|player|p1|Pickle315|hilbert|1136
|player|p2|MrGreen3432|266|1133
|gen|9
|tier|[Gen 9] VGC 2025 Reg H (Bo3)
|rated|
|rule|Species Clause: Limit one of each Pokémon
|rule|Item Clause: Limit 1 of each item
|clearpoke
|poke|p1|Torkoal, L50, F|
|poke|p1|Amoonguss, L50, F|
|poke|p1|Charizard, L50, F|
|poke|p1|Kingambit, L50, F|
|poke|p1|Rillaboom, L50, M|
|poke|p1|Dragapult, L50, M|
|poke|p2|Politoed, L50, M|
|poke|p2|Gothitelle, L50, M|
|poke|p2|Kingdra, L50, M|
|poke|p2|Archaludon, L50, M|
|poke|p2|Amoonguss, L50, F|
|poke|p2|Incineroar, L50, M|
|teampreview|4
|showteam|p1|Torkoal||SafetyGoggles|Drought|BodyPress,HeatWave,HelpingHand,WillOWisp|||F|||50|,,,,,Fighting]Amoonguss||RockyHelmet|Regenerator|PollenPuff,RagePowder,Spore,Synthesis|||F|||50|,,,,,Water]Charizard||LifeOrb|SolarPower|TeraBlast,HeatWave,Protect,SolarBeam|||F|||50|,,,,,Flying]Kingambit||AssaultVest|Defiant|KowtowCleave,IronHead,SuckerPunch,BrickBreak|||F|||50|,,,,,Ghost]Rillaboom||SitrusBerry|GrassySurge|HighHorsepower,GrassyGlide,SolarBlade,FakeOut|||M|||50|,,,,,Electric]Dragapult||ColburBerry|ClearBody|SunnyDay,Protect,DracoMeteor,Thunderbolt|||M|||50|,,,,,Steel
|showteam|p2|Politoed||Leftovers|Drizzle|Protect,PerishSong,WeatherBall,Encore|||M|||50|,,,,,Grass]Gothitelle||SitrusBerry|ShadowTag|Protect,FakeOut,TrickRoom,Psychic|||M|||50|,,,,,Dark]Kingdra||LifeOrb|SwiftSwim|Protect,DracoMeteor,MuddyWater,WeatherBall|||M|||50|,,,,,Stellar]Archaludon||PowerHerb|Sturdy|Protect,ElectroShot,FlashCannon,DragonPulse|||M|||50|,,,,,Electric]Amoonguss||EjectButton|Regenerator|Protect,RagePowder,Spore,PollenPuff|||F|||50|,,,,,Fairy]Incineroar||SafetyGoggles|Intimidate|Protect,FakeOut,PartingShot,KnockOff|||M|||50|,,,,,Ghost
|inactive|Battle timer is ON: inactive players will automatically lose when time's up. (requested by MrGreen3432)
|
|t:|1756774187
|teamsize|p1|4
|teamsize|p2|4
|start
|switch|p1a: Charizard|Charizard, L50, F|100/100
|switch|p1b: Dragapult|Dragapult, L50, M|100/100
|switch|p2a: Politoed|Politoed, L50, M|100/100
|switch|p2b: Amoonguss|Amoonguss, L50, F|100/100
|-weather|RainDance|[from] ability: Drizzle|[of] p2a: Politoed
|turn|1
|inactive|MrGreen3432 has 30 seconds left.
|
|t:|1756774218
|switch|p2a: Kingdra|Kingdra, L50, M|100/100
|-terastallize|p2b: Amoonguss|Fairy
|move|p1a: Charizard|Protect|p1a: Charizard
|-singleturn|p1a: Charizard|Protect
|move|p1b: Dragapult|Thunderbolt|p2a: Kingdra
|-damage|p2a: Kingdra|74/100
|move|p2b: Amoonguss|Spore|p1b: Dragapult
|-status|p1b: Dragapult|slp|[from] move: Spore
|
|-weather|RainDance|[upkeep]
|upkeep
|turn|2
|
|t:|1756774243
|switch|p1a: Rillaboom|Rillaboom, L50, M|100/100
|-fieldstart|move: Grassy Terrain|[from] ability: Grassy Surge|[of] p1a: Rillaboom
|cant|p1b: Dragapult|slp
|move|p2a: Kingdra|Muddy Water|p1b: Dragapult|[spread] p1b
|-miss|p2a: Kingdra|p1a: Rillaboom
|-resisted|p1b: Dragapult
|-damage|p1b: Dragapult|73/100 slp
|-damage|p2a: Kingdra|64/100|[from] item: Life Orb
|move|p2b: Amoonguss|Spore|p1a: Rillaboom
|-immune|p1a: Rillaboom
|
|-weather|RainDance|[upkeep]
|-heal|p2a: Kingdra|70/100|[from] Grassy Terrain
|-heal|p1b: Dragapult|79/100 slp|[from] Grassy Terrain
|upkeep
|turn|3
|inactive|Pickle315 has 30 seconds left.
|
|t:|1756774272
|switch|p2b: Gothitelle|Gothitelle, L50, M|100/100
|move|p2a: Kingdra|Protect|p2a: Kingdra
|-singleturn|p2a: Kingdra|Protect
|move|p1a: Rillaboom|Fake Out|p2a: Kingdra
|-activate|p2a: Kingdra|move: Protect
|cant|p1b: Dragapult|slp
|
|-weather|RainDance|[upkeep]
|-heal|p2a: Kingdra|76/100|[from] Grassy Terrain
|-heal|p1b: Dragapult|86/100 slp|[from] Grassy Terrain
|upkeep
|turn|4
|inactive|MrGreen3432 has 30 seconds left.
|
|t:|1756774297
|move|p2b: Gothitelle|Fake Out|p1a: Rillaboom
|-damage|p1a: Rillaboom|95/100
|cant|p1a: Rillaboom|flinch
|move|p2a: Kingdra|Draco Meteor|p1b: Dragapult
|-supereffective|p1b: Dragapult
|-damage|p1b: Dragapult|0 fnt
|-unboost|p2a: Kingdra|spa|2
|faint|p1b: Dragapult
|-damage|p2a: Kingdra|66/100|[from] item: Life Orb
|
|-weather|RainDance|[upkeep]
|-heal|p2a: Kingdra|72/100|[from] Grassy Terrain
|-heal|p1a: Rillaboom|100/100|[from] Grassy Terrain
|upkeep
|
|t:|1756774309
|switch|p1b: Kingambit|Kingambit, L50, F|100/100
|turn|5
|
|t:|1756774316
|switch|p2a: Amoonguss|Amoonguss, L50, F, tera:Fairy|100/100
|move|p2b: Gothitelle|Protect|p2b: Gothitelle
|-singleturn|p2b: Gothitelle|Protect
|move|p1a: Rillaboom|Grassy Glide|p2a: Amoonguss
|-damage|p2a: Amoonguss|74/100
|-enditem|p2a: Amoonguss|Eject Button
|
|t:|1756774326
|switch|p2a: Kingdra|Kingdra, L50, M|72/100
|move|p1b: Kingambit|Kowtow Cleave|p2b: Gothitelle
|-activate|p2b: Gothitelle|move: Protect
|
|-weather|none
|-heal|p2a: Kingdra|78/100|[from] Grassy Terrain
|upkeep
|turn|6
|inactive|MrGreen3432 has 30 seconds left.
|
|t:|1756774360
|move|p1a: Rillaboom|Grassy Glide|p2a: Kingdra
|-damage|p2a: Kingdra|36/100
|move|p2a: Kingdra|Draco Meteor|p1a: Rillaboom
|-damage|p1a: Rillaboom|25/100
|-unboost|p2a: Kingdra|spa|2
|-enditem|p1a: Rillaboom|Sitrus Berry|[eat]
|-heal|p1a: Rillaboom|50/100|[from] item: Sitrus Berry
|-damage|p2a: Kingdra|26/100|[from] item: Life Orb
|move|p1b: Kingambit|Kowtow Cleave|p2a: Kingdra
|-damage|p2a: Kingdra|0 fnt
|faint|p2a: Kingdra
|move|p2b: Gothitelle|Psychic|p1a: Rillaboom
|-damage|p1a: Rillaboom|16/100
|
|-heal|p1a: Rillaboom|22/100|[from] Grassy Terrain
|-fieldend|move: Grassy Terrain
|upkeep
|
|t:|1756774377
|switch|p2a: Amoonguss|Amoonguss, L50, F, tera:Fairy|100/100
|turn|7
|
|t:|1756774395
|move|p2a: Amoonguss|Rage Powder|p2a: Amoonguss
|-singleturn|p2a: Amoonguss|move: Rage Powder
|move|p1a: Rillaboom|Grassy Glide|p2a: Amoonguss
|-damage|p2a: Amoonguss|79/100
|move|p1b: Kingambit|Kowtow Cleave|p2a: Amoonguss
|-resisted|p2a: Amoonguss
|-damage|p2a: Amoonguss|60/100
|move|p2b: Gothitelle|Trick Room|p2b: Gothitelle
|-fieldstart|move: Trick Room|[of] p2b: Gothitelle
|
|upkeep
|turn|8
|
|t:|1756774411
|move|p2a: Amoonguss|Spore|p1b: Kingambit
|-status|p1b: Kingambit|slp|[from] move: Spore
|move|p2b: Gothitelle|Psychic|p1a: Rillaboom
|-damage|p1a: Rillaboom|0 fnt
|faint|p1a: Rillaboom
|cant|p1b: Kingambit|slp
|
|upkeep
|
|t:|1756774419
|switch|p1a: Charizard|Charizard, L50, F|100/100
|turn|9
|
|t:|1756774426
|switch|p2b: Politoed|Politoed, L50, M|100/100
|-weather|RainDance|[from] ability: Drizzle|[of] p2b: Politoed
|move|p1a: Charizard|Protect|p1a: Charizard
|-singleturn|p1a: Charizard|Protect
|move|p2a: Amoonguss|Spore|p1a: Charizard
|-activate|p1a: Charizard|move: Protect
|cant|p1b: Kingambit|slp
|
|-weather|RainDance|[upkeep]
|upkeep
|turn|10
|
|t:|1756774450
|move|p2a: Amoonguss|Spore|p1a: Charizard
|-status|p1a: Charizard|slp|[from] move: Spore
|-curestatus|p1b: Kingambit|slp|[msg]
|move|p1b: Kingambit|Iron Head|p2a: Amoonguss
|-supereffective|p2a: Amoonguss
|-damage|p2a: Amoonguss|0 fnt
|faint|p2a: Amoonguss
|move|p2b: Politoed|Perish Song|p2b: Politoed
|-start|p1a: Charizard|perish3|[silent]
|-start|p1b: Kingambit|perish3|[silent]
|-start|p2b: Politoed|perish3|[silent]
|-fieldactivate|move: Perish Song
|cant|p1a: Charizard|slp
|
|-weather|RainDance|[upkeep]
|-start|p1b: Kingambit|perish3
|-start|p2b: Politoed|perish3
|-start|p1a: Charizard|perish3
|upkeep
|
|t:|1756774460
|switch|p2a: Gothitelle|Gothitelle, L50, M|100/100
|turn|11
|
|t:|1756774476
|move|p2a: Gothitelle|Fake Out|p1b: Kingambit
|-resisted|p1b: Kingambit
|-damage|p1b: Kingambit|98/100
|cant|p1b: Kingambit|flinch
|move|p2b: Politoed|Weather Ball|p1a: Charizard
|-supereffective|p1a: Charizard
|-damage|p1a: Charizard|0 fnt
|faint|p1a: Charizard
|
|-weather|RainDance|[upkeep]
|-start|p1b: Kingambit|perish2
|-start|p2b: Politoed|perish2
|-fieldend|move: Trick Room
|upkeep
|turn|12
|inactive|Pickle315 has 30 seconds left.
|inactive|MrGreen3432 has 30 seconds left.
|inactive|Pickle315 has 20 seconds left.
|
|t:|1756774513
|move|p2a: Gothitelle|Protect|p2a: Gothitelle
|-singleturn|p2a: Gothitelle|Protect
|move|p2b: Politoed|Encore|p1b: Kingambit
|-start|p1b: Kingambit|Encore
|move|p1b: Kingambit|Iron Head|p2a: Gothitelle
|-activate|p2a: Gothitelle|move: Protect
|
|-weather|RainDance|[upkeep]
|-start|p2b: Politoed|perish1
|-start|p1b: Kingambit|perish1
|upkeep
|turn|13
|
|t:|1756774525
|move|p2b: Politoed|Weather Ball|p1b: Kingambit
|-damage|p1b: Kingambit|64/100
|move|p1b: Kingambit|Iron Head|p2a: Gothitelle
|-damage|p2a: Gothitelle|54/100
|move|p2a: Gothitelle|Trick Room|p2a: Gothitelle
|-fieldstart|move: Trick Room|[of] p2a: Gothitelle
|
|-weather|none
|-start|p1b: Kingambit|perish0
|-start|p2b: Politoed|perish0
|faint|p1b: Kingambit
|faint|p2b: Politoed
|
|win|MrGreen3432
|inactive|Pickle315 has 30 seconds to confirm battle start!
|inactive|MrGreen3432 has 30 seconds to confirm battle start!
|l|☆MrGreen3432
|player|p2|
||MrGreen3432 is ready for game 3.
||Pickle315 is ready for game 3.
|uhtml|next|Next: Game 3 of 3
