|j|☆fili53
|j|☆urstepslowbro
|html|fili53urstepslowbro    
|uhtml|bestof|Game 2 of a best-of-3
|t:|1756763485
|gametype|doubles
|player|p1|fili53|cress|1151
|player|p2|urstepslowbro|cynthia-masters3|1126
|gen|9
|tier|[Gen 9] VGC 2025 Reg H (Bo3)
|rated|
|rule|Species Clause: Limit one of each Pokémon
|rule|Item Clause: Limit 1 of each item
|clearpoke
|poke|p1|Arcanine-Hisui, L50, F|
|poke|p1|Rillaboom, L50, F|
|poke|p1|Clefable, L50, F|
|poke|p1|Inteleon, L50, F|
|poke|p1|Sneasler, L50, F|
|poke|p1|Dragapult, L50, F|
|poke|p2|Electabuzz, L50, M|
|poke|p2|Kommo-o, L50, M|
|poke|p2|Sneasler, L50, F|
|poke|p2|Dondozo, L50, M|
|poke|p2|Rillaboom, L50, M|
|poke|p2|Gholdengo, L50|
|teampreview|4
|showteam|p1|Arcanine-Hisui||ClearAmulet|Intimidate|FlareBlitz,RockSlide,ExtremeSpeed,Protect|||F|||50|,,,,,Water]Rillaboom||AssaultVest|GrassySurge|WoodHammer,GrassyGlide,HighHorsepower,FakeOut|||F|||50|,,,,,Fire]Clefable||SafetyGoggles|Unaware|Moonblast,FollowMe,HelpingHand,Protect|||F|||50|,,,,,Steel]Inteleon||RazorClaw|Sniper|SnipeShot,IceBeam,Taunt,Protect|||F|||50|,,,,,Water]Sneasler||FocusSash|Unburden|CloseCombat,DireClaw,FakeOut,Protect|||F|||50|,,,,,Stellar]Dragapult||ChoiceBand|ClearBody|DragonDarts,PhantomForce,Uturn,Outrage|||F|||50|,,,,,Dragon
|showteam|p2|Electabuzz||Eviolite|VitalSpirit|Protect,Taunt,FollowMe,Electroweb|||M|||50|,,,,,Grass]Kommo-o||ThroatSpray|Soundproof|ClangingScales,ClangorousSoul,Flamethrower,Protect|||M|||50|,,,,,Fire]Sneasler||FocusSash|Unburden|FakeOut,Protect,DireClaw,CloseCombat|||F|||50|,,,,,Stellar]Dondozo||Leftovers|Unaware|Protect,Yawn,WaveCrash,Fissure|||M|||50|,,,,,Flying]Rillaboom||AssaultVest|GrassySurge|FakeOut,GrassyGlide,WoodHammer,HighHorsepower|||M|||50|,,,,,Fire]Gholdengo||ChoiceSpecs|GoodasGold|DazzlingGleam,MakeItRain,ShadowBall,PowerGem||||||50|,,,,,Fairy
|inactive|Battle timer is ON: inactive players will automatically lose when time's up. (requested by fili53)
|
|t:|1756763510
|teamsize|p1|4
|teamsize|p2|4
|start
|switch|p1a: Inteleon|Inteleon, L50, F|100/100
|switch|p1b: Clefable|Clefable, L50, F|100/100
|switch|p2a: Sneasler|Sneasler, L50, F|100/100
|switch|p2b: Kommo-o|Kommo-o, L50, M, shiny|100/100
|turn|1
|
|t:|1756763524
|-terastallize|p2b: Kommo-o|Fire
|move|p1a: Inteleon|Protect|p1a: Inteleon
|-singleturn|p1a: Inteleon|Protect
|move|p2a: Sneasler|Fake Out|p1a: Inteleon
|-activate|p1a: Inteleon|move: Protect
|move|p2b: Kommo-o|Clangorous Soul|p2b: Kommo-o
|-boost|p2b: Kommo-o|atk|1
|-boost|p2b: Kommo-o|def|1
|-boost|p2b: Kommo-o|spa|1
|-boost|p2b: Kommo-o|spd|1
|-boost|p2b: Kommo-o|spe|1
|-damage|p2b: Kommo-o|68/100
|-enditem|p2b: Kommo-o|Throat Spray
|-boost|p2b: Kommo-o|spa|1|[from] item: Throat Spray
|move|p1b: Clefable|Moonblast|p2b: Kommo-o
|-resisted|p2b: Kommo-o
|-damage|p2b: Kommo-o|51/100
|
|upkeep
|turn|2
|inactive|fili53 has 30 seconds left.
|inactive|urstepslowbro has 30 seconds left.
|inactive|urstepslowbro has 20 seconds left.
|
|t:|1756763561
|move|p1b: Clefable|Follow Me|p1b: Clefable
|-singleturn|p1b: Clefable|move: Follow Me
|move|p2b: Kommo-o|Clanging Scales|p1a: Inteleon|[spread] p1a
|-immune|p1b: Clefable
|-damage|p1a: Inteleon|0 fnt
|faint|p1a: Inteleon
|-unboost|p2b: Kommo-o|def|1
|move|p2a: Sneasler|Dire Claw|p1b: Clefable
|-supereffective|p1b: Clefable
|-damage|p1b: Clefable|29/100
|
|upkeep
|
|t:|1756763568
|switch|p1a: Arcanine|Arcanine-Hisui, L50, F|100/100
|-ability|p1a: Arcanine|Intimidate|boost
|-unboost|p2a: Sneasler|atk|1
|-unboost|p2b: Kommo-o|atk|1
|turn|3
|
|t:|1756763581
|-terastallize|p1a: Arcanine|Water
|move|p2b: Kommo-o|Protect|p2b: Kommo-o
|-singleturn|p2b: Kommo-o|Protect
|move|p1b: Clefable|Protect|p1b: Clefable
|-singleturn|p1b: Clefable|Protect
|move|p2a: Sneasler|Dire Claw|p1b: Clefable
|-activate|p1b: Clefable|move: Protect
|move|p1a: Arcanine|Rock Slide|p2a: Sneasler|[spread] p2a
|-activate|p2b: Kommo-o|move: Protect
|-resisted|p2a: Sneasler
|-damage|p2a: Sneasler|79/100
|
|upkeep
|turn|4
|inactive|urstepslowbro has 30 seconds left.
|inactive|urstepslowbro has 20 seconds left.
|inactive|urstepslowbro has 15 seconds left.
|
|t:|1756763623
|move|p1b: Clefable|Helping Hand|p1a: Arcanine
|-singleturn|p1a: Arcanine|Helping Hand|[of] p1b: Clefable
|move|p2b: Kommo-o|Clanging Scales|p1b: Clefable|[spread] p1a
|-immune|p1b: Clefable
|-damage|p1a: Arcanine|38/100
|-unboost|p2b: Kommo-o|def|1
|move|p2a: Sneasler|Dire Claw|p1b: Clefable
|-supereffective|p1b: Clefable
|-damage|p1b: Clefable|0 fnt
|faint|p1b: Clefable
|move|p1a: Arcanine|Rock Slide|p2b: Kommo-o|[spread] p2a,p2b
|-resisted|p2a: Sneasler
|-supereffective|p2b: Kommo-o
|-damage|p2a: Sneasler|47/100
|-damage|p2b: Kommo-o|0 fnt
|faint|p2b: Kommo-o
|
|upkeep
|
|t:|1756763642
|switch|p2b: Gholdengo|Gholdengo, L50|100/100
|switch|p1b: Rillaboom|Rillaboom, L50, F|100/100
|-fieldstart|move: Grassy Terrain|[from] ability: Grassy Surge|[of] p1b: Rillaboom
|turn|5
|
|t:|1756763660
|switch|p2a: Dondozo|Dondozo, L50, M|100/100
|move|p1b: Rillaboom|Fake Out|p2a: Dondozo
|-damage|p2a: Dondozo|93/100
|move|p1a: Arcanine|Flare Blitz|p2b: Gholdengo
|-supereffective|p2b: Gholdengo
|-damage|p2b: Gholdengo|0 fnt
|faint|p2b: Gholdengo
|-damage|p1a: Arcanine|9/100|[from] Recoil
|
|-heal|p1a: Arcanine|15/100|[from] Grassy Terrain
|-heal|p2a: Dondozo|99/100|[from] Grassy Terrain
|-heal|p2a: Dondozo|100/100|[from] item: Leftovers
|upkeep
|
|t:|1756763667
|switch|p2b: Sneasler|Sneasler, L50, F|47/100
|turn|6
|inactive|urstepslowbro has 30 seconds left.
|
|t:|1756763699
|move|p2b: Sneasler|Protect|p2b: Sneasler
|-singleturn|p2b: Sneasler|Protect
|move|p1a: Arcanine|Flare Blitz|p2b: Sneasler
|-activate|p2b: Sneasler|move: Protect
|move|p1b: Rillaboom|High Horsepower|p2b: Sneasler
|-activate|p2b: Sneasler|move: Protect
|move|p2a: Dondozo|Wave Crash|p1a: Arcanine
|-resisted|p1a: Arcanine
|-damage|p1a: Arcanine|0 fnt
|faint|p1a: Arcanine
|-damage|p2a: Dondozo|97/100|[from] Recoil
|
|-heal|p2b: Sneasler|53/100|[from] Grassy Terrain
|-heal|p2a: Dondozo|100/100|[from] Grassy Terrain
|upkeep
|turn|7
|
|t:|1756763712
|move|p2b: Sneasler|Dire Claw|p1b: Rillaboom
|-supereffective|p1b: Rillaboom
|-damage|p1b: Rillaboom|24/100
|move|p1b: Rillaboom|High Horsepower|p2b: Sneasler
|-supereffective|p2b: Sneasler
|-damage|p2b: Sneasler|0 fnt
|faint|p2b: Sneasler
|move|p2a: Dondozo|Yawn|p1b: Rillaboom
|-start|p1b: Rillaboom|move: Yawn|[of] p2a: Dondozo
|
|-heal|p1b: Rillaboom|30/100|[from] Grassy Terrain
|upkeep
|turn|8
|
|t:|1756763720
|move|p2a: Dondozo|Protect|p2a: Dondozo
|-singleturn|p2a: Dondozo|Protect
|move|p1b: Rillaboom|Wood Hammer|p2a: Dondozo
|-activate|p2a: Dondozo|move: Protect
|
|-heal|p1b: Rillaboom|36/100|[from] Grassy Terrain
|-end|p1b: Rillaboom|move: Yawn|[silent]
|-status|p1b: Rillaboom|slp
|upkeep
|turn|9
|
|t:|1756763725
|cant|p1b: Rillaboom|slp
|move|p2a: Dondozo|Wave Crash|p1b: Rillaboom
|-resisted|p1b: Rillaboom
|-damage|p1b: Rillaboom|18/100 slp
|-damage|p2a: Dondozo|96/100|[from] Recoil
|
|-heal|p1b: Rillaboom|24/100 slp|[from] Grassy Terrain
|-heal|p2a: Dondozo|100/100|[from] Grassy Terrain
|-fieldend|move: Grassy Terrain
|upkeep
|turn|10
|
|t:|1756763730
|-curestatus|p1b: Rillaboom|slp|[msg]
|move|p1b: Rillaboom|Wood Hammer|p2a: Dondozo
|-supereffective|p2a: Dondozo
|-damage|p2a: Dondozo|33/100
|-damage|p1b: Rillaboom|0 fnt|[from] Recoil
|faint|p1b: Rillaboom
|
|win|urstepslowbro
|l|☆fili53
|player|p1|
|inactive|fili53 has 30 seconds to confirm battle start!
|inactive|urstepslowbro has 30 seconds to confirm battle start!
||fili53 is ready for game 3.
|inactive|urstepslowbro has 20 seconds to confirm battle start!
|inactive|urstepslowbro has 10 seconds to confirm battle start!
||urstepslowbro is ready for game 3.
|uhtml|next|Next: Game 3 of 3
