|j|☆Someoneofficial
|j|‽furutori
|html|Someoneofficialfurutori    
|uhtml|bestof|Game 1 of a best-of-3
|t:|1785296326
|gametype|doubles
|player|p1|Someoneofficial|clown|
|player|p2|furutori|roxie|
|gen|9
|tier|[Gen 9 Champions] VGC 2026 Reg M-B (Bo3)
|rule|Species Clause: Limit one of each Pokémon
|rule|Item Clause: Limit 1 of each item
|clearpoke
|poke|p1|Raichu, L50, F, shiny|
|poke|p1|Venusaur, L50, M, shiny|
|poke|p1|Talonflame, L50, M, shiny|
|poke|p1|Kingambit, L50, M, shiny|
|poke|p1|Milotic, L50, M, shiny|
|poke|p1|Sylveon, L50, M, shiny|
|poke|p2|Froslass, L50, F|
|poke|p2|Gholdengo, L50|
|poke|p2|Kingambit, L50, M|
|poke|p2|Incineroar, L50, M|
|poke|p2|Basculegion, L50, M|
|poke|p2|Arcanine-Hisui, L50, F|
|teampreview|4
|showteam|p1|Raichu||RaichuniteY|LightningRod|FakeOut,Protect,FocusBlast,ZapCannon|Timid||F|||50|]Venusaur||Venusaurite|Chlorophyll|EarthPower,GigaDrain,SludgeBomb,Protect|Calm||M|||50|]Talonflame||SharpBeak|GaleWings|QuickGuard,DualWingbeat,Tailwind,FlareBlitz|Jolly||M|||50|]Kingambit||FocusSash|Defiant|SuckerPunch,KowtowCleave,LowKick,IronHead|Adamant||M|||50|]Milotic||Leftovers|Competitive|MuddyWater,Coil,Hypnosis,Protect|Calm||M|||50|]Sylveon||FairyFeather|Pixilate|HyperBeam,HyperVoice,Detect,QuickAttack|Modest||M|||50|
|showteam|p2|Froslass||Froslassite|CursedBody|Blizzard,ShadowBall,AuroraVeil,Protect|Timid||F|||50|]Gholdengo||LifeOrb|GoodasGold|MakeItRain,ShadowBall,NastyPlot,Protect|Timid|||||50|]Kingambit||BlackGlasses|Defiant|KowtowCleave,SwordsDance,SuckerPunch,Protect|Adamant||M|||50|]Incineroar||SitrusBerry|Intimidate|FlareBlitz,FakeOut,ThroatChop,PartingShot|Impish||M|||50|]Basculegion||MysticWater|Adaptability|WaveCrash,AquaJet,LastRespects,Protect|Adamant||M|||50|]Arcanine-Hisui||FocusSash|RockHead|FlareBlitz,HeadSmash,RockSlide,Protect|Jolly||F|||50|
|
|t:|1785296383
|teamsize|p1|4
|teamsize|p2|4
|start
|switch|p1a: Chonka chi|Raichu, L50, F, shiny|100/100
|switch|p1b: Kingambit|Kingambit, L50, M, shiny|100/100
|switch|p2a: Froslass|Froslass, L50, F|100/100
|switch|p2b: Gholdengo|Gholdengo, L50|100/100
|turn|1
|
|t:|1785296404
|detailschange|p2a: Froslass|Froslass-Mega, L50, F
|-mega|p2a: Froslass|Froslass|Froslassite
|-weather|Snowscape|[from] ability: Snow Warning|[of] p2a: Froslass
|detailschange|p1a: Chonka chi|Raichu-Mega-Y, L50, F, shiny
|-mega|p1a: Chonka chi|Raichu|Raichunite Y
|move|p2a: Froslass|Aurora Veil|p2a: Froslass
|-sidestart|p2: furutori|move: Aurora Veil
|move|p1a: Chonka chi|Zap Cannon|p2b: Gholdengo
|-damage|p2b: Gholdengo|51/100
|-status|p2b: Gholdengo|par
|move|p1b: Kingambit|Kowtow Cleave|p2b: Gholdengo
|-supereffective|p2b: Gholdengo|1
|-damage|p2b: Gholdengo|0 fnt
|faint|p2b: Gholdengo
|
|-weather|Snowscape|[upkeep]
|upkeep
|inactive|Battle timer is ON: inactive players will automatically lose when time's up. (requested by Someoneofficial)
|inactiveoff|Battle timer is now OFF.
|
|t:|1785296419
|switch|p2b: Arcanine|Arcanine-Hisui, L50, F|100/100
|turn|2
|
|t:|1785296447
|move|p2a: Froslass|Blizzard|p1a: Chonka chi|[spread] p1a,p1b
|-resisted|p1b: Kingambit|1
|-damage|p1a: Chonka chi|52/100
|-damage|p1b: Kingambit|76/100
|-status|p1b: Kingambit|frz
|move|p1a: Chonka chi|Zap Cannon|p2a: Froslass
|-damage|p2a: Froslass|57/100
|-status|p2a: Froslass|par
|move|p2b: Arcanine|Flare Blitz|p1b: Kingambit
|-supereffective|p1b: Kingambit|1
|-damage|p1b: Kingambit|0 fnt
|faint|p1b: Kingambit
|
|-weather|Snowscape|[upkeep]
|upkeep
|
|t:|1785296455
|switch|p1b: Milotic|Milotic, L50, M, shiny|100/100
|turn|3
|
|t:|1785296487
|move|p2a: Froslass|Protect|p2a: Froslass
|-singleturn|p2a: Froslass|Protect
|move|p1a: Chonka chi|Zap Cannon|p2b: Arcanine
|-damage|p2b: Arcanine|47/100
|-status|p2b: Arcanine|par
|move|p1b: Milotic|Coil|p1b: Milotic
|-boost|p1b: Milotic|atk|1
|-boost|p1b: Milotic|def|1
|-boost|p1b: Milotic|accuracy|1
|move|p2b: Arcanine|Flare Blitz|p1a: Chonka chi
|-damage|p1a: Chonka chi|0 fnt
|faint|p1a: Chonka chi
|
|-weather|Snowscape|[upkeep]
|upkeep
|
|t:|1785296499
|switch|p1a: Harry potuh|Talonflame, L50, M, shiny|100/100
|turn|4
|
|t:|1785296507
|move|p1a: Harry potuh|Flare Blitz|p2a: Froslass
|-supereffective|p2a: Froslass|1
|-damage|p2a: Froslass|7/100 par
|-damage|p1a: Harry potuh|81/100|[from] Recoil
|move|p1b: Milotic|Muddy Water|p2a: Froslass|[spread] p2a,p2b
|-supereffective|p2b: Arcanine|2
|-damage|p2a: Froslass|0 fnt
|-damage|p2b: Arcanine|0 fnt
|faint|p2a: Froslass
|faint|p2b: Arcanine
|
|-weather|Snowscape|[upkeep]
|upkeep
|
|t:|1785296516
|switch|p2b: Incineroar|Incineroar, L50, M|100/100
|-ability|p2b: Incineroar|Intimidate|boost
|-unboost|p1a: Harry potuh|atk|1
|-unboost|p1b: Milotic|atk|1
|-ability|p1b: Milotic|Competitive|boost
|-boost|p1b: Milotic|spa|2
|turn|5
|-message|furutori forfeited.
|
|win|Someoneofficial
||furutori is ready for game 2.
||Someoneofficial is ready for game 2.
|uhtml|next|Next: Game 2 of 3
