|j|☆Daevidex
|j|☆robinrambles
|html|Daevidexrobinrambles    
|uhtml|bestof|Game 2 of a best-of-3
|t:|1783814748
|gametype|doubles
|player|p1|Daevidex|hilbert|1146
|player|p2|robinrambles|dawn-gen4pt|1075
|gen|9
|tier|[Gen 9 Champions] VGC 2026 Reg M-B (Bo3)
|rated|
|rule|Species Clause: Limit one of each Pokémon
|rule|Item Clause: Limit 1 of each item
|clearpoke
|poke|p1|Houndoom, L50, F|
|poke|p1|Ninetales, L50, F|
|poke|p1|Kingambit, L50, M|
|poke|p1|Farigiraf, L50, F|
|poke|p1|Floette-Eternal, L50, F|
|poke|p1|Garchomp, L50, M|
|poke|p2|Eelektross, L50, F|
|poke|p2|Sinistcha, L50|
|poke|p2|Farigiraf, L50, F|
|poke|p2|Aggron, L50, F|
|poke|p2|Sylveon, L50, M|
|poke|p2|Kingambit, L50, M|
|teampreview|4
|showteam|p1|Houndoom||Houndoominite|Unnerve|HeatWave,SolarBeam,Protect,DarkPulse|Timid||F|||50|]Ninetales||HeatRock|Drought|Protect,SolarBeam,Snarl,Safeguard|Timid||F|||50|]Kingambit||ChopleBerry|Defiant|IronHead,SuckerPunch,KowtowCleave,Protect|Brave||M|||50|]Farigiraf||SitrusBerry|ArmorTail|TwinBeam,HelpingHand,TrickRoom,HyperVoice|Calm||F|||50|]Floette-Eternal||Floettite|FlowerVeil|Moonblast,DazzlingGleam,Protect,LightofRuin|Timid||F|||50|]Garchomp||LifeOrb|RoughSkin|Earthquake,DragonClaw,RockSlide,Protect|Jolly||M|||50|
|showteam|p2|Eelektross||Eelektrossite|Levitate|Protect,Thunderbolt,Flamethrower,GigaDrain|Quiet||F|||50|]Sinistcha||SitrusBerry|Hospitality|MatchaGotcha,RagePowder,ShadowBall,TrickRoom|Bold|||||50|]Farigiraf||ColburBerry|ArmorTail|HelpingHand,Psychic,TrickRoom,Protect|Sassy||F|||50|]Aggron||Aggronite|Sturdy|BodyPress,HeavySlam,IronDefense,Protect|Impish||F|||50|]Sylveon||FairyFeather|Pixilate|HyperVoice,DrainingKiss,HyperBeam,Protect|Quiet||M|||50|]Kingambit||BlackGlasses|Defiant|IronHead,KowtowCleave,SuckerPunch,Protect|Brave||M|||50|
|inactive|Battle timer is ON: inactive players will automatically lose when time's up. (requested by Daevidex)
|
|t:|1783814759
|teamsize|p1|4
|teamsize|p2|4
|start
|switch|p1a: Houndoom|Houndoom, L50, F|100/100
|switch|p1b: Ninetales|Ninetales, L50, F|100/100
|switch|p2a: Farigiraf|Farigiraf, L50, F|100/100
|switch|p2b: Eelektross|Eelektross, L50, F|100/100
|-ability|p1a: Houndoom|Unnerve
|-weather|SunnyDay|[from] ability: Drought|[of] p1b: Ninetales
|turn|1
|
|t:|1783814784
|detailschange|p1a: Houndoom|Houndoom-Mega, L50, F
|-mega|p1a: Houndoom|Houndoom|Houndoominite
|detailschange|p2b: Eelektross|Eelektross-Mega, L50, F
|-mega|p2b: Eelektross|Eelektross|Eelektrossite
|move|p2a: Farigiraf|Protect|p2a: Farigiraf
|-singleturn|p2a: Farigiraf|Protect
|move|p1a: Houndoom|Heat Wave|p2a: Farigiraf|[spread] p2b
|-activate|p2a: Farigiraf|move: Protect
|-damage|p2b: Eelektross|11/100
|move|p1b: Ninetales|Solar Beam||[still]
|-prepare|p1b: Ninetales|Solar Beam
|-anim|p1b: Ninetales|Solar Beam|p2a: Farigiraf
|-activate|p2a: Farigiraf|move: Protect
|move|p2b: Eelektross|Thunderbolt|p1b: Ninetales
|-damage|p1b: Ninetales|49/100
|
|-weather|SunnyDay|[upkeep]
|-damage|p1a: Houndoom|87/100|[from] ability: Solar Power|[of] p1a: Houndoom
|upkeep
|turn|2
|
|t:|1783814806
|move|p1b: Ninetales|Protect|p1b: Ninetales
|-singleturn|p1b: Ninetales|Protect
|move|p2b: Eelektross|Protect|p2b: Eelektross
|-singleturn|p2b: Eelektross|Protect
|move|p1a: Houndoom|Heat Wave|p2a: Farigiraf|[spread] 
|-activate|p2b: Eelektross|move: Protect
|-miss|p1a: Houndoom|p2a: Farigiraf
|move|p2a: Farigiraf|Trick Room|p2a: Farigiraf
|-fieldstart|move: Trick Room|[of] p2a: Farigiraf
|
|-weather|SunnyDay|[upkeep]
|-damage|p1a: Houndoom|75/100|[from] ability: Solar Power|[of] p1a: Houndoom
|upkeep
|turn|3
|inactive|Daevidex has 30 seconds left.
|
|t:|1783814833
|move|p2a: Farigiraf|Helping Hand|p2b: Eelektross
|-singleturn|p2b: Eelektross|Helping Hand|[of] p2a: Farigiraf
|move|p1b: Ninetales|Protect||[still]
|-fail|p1b: Ninetales
|move|p2b: Eelektross|Thunderbolt|p1a: Houndoom
|-damage|p1a: Houndoom|0 fnt
|faint|p1a: Houndoom
|-ability|p2b: Eelektross|Eelevate|boost
|-boost|p2b: Eelektross|spa|1
|
|-weather|SunnyDay|[upkeep]
|upkeep
|
|t:|1783814842
|switch|p1a: Kingambit|Kingambit, L50, M|100/100
|turn|4
|
|t:|1783814866
|move|p2a: Farigiraf|Helping Hand|p2b: Eelektross
|-singleturn|p2b: Eelektross|Helping Hand|[of] p2a: Farigiraf
|move|p1a: Kingambit|Kowtow Cleave|p2a: Farigiraf
|-supereffective|p2a: Farigiraf|1
|-enditem|p2a: Farigiraf|Colbur Berry|[eat]
|-enditem|p2a: Farigiraf|Colbur Berry|[weaken]
|-damage|p2a: Farigiraf|49/100
|move|p2b: Eelektross|Flamethrower|p1a: Kingambit
|-supereffective|p1a: Kingambit|1
|-damage|p1a: Kingambit|0 fnt
|faint|p1a: Kingambit
|-ability|p2b: Eelektross|Eelevate|boost
|-boost|p2b: Eelektross|spa|1
|move|p1b: Ninetales|Solar Beam||[still]
|-prepare|p1b: Ninetales|Solar Beam
|-anim|p1b: Ninetales|Solar Beam|p2b: Eelektross
|-damage|p2b: Eelektross|0 fnt
|faint|p2b: Eelektross
|
|-weather|SunnyDay|[upkeep]
|upkeep
|
|t:|1783814883
|switch|p1a: Farigiraf|Farigiraf, L50, F|100/100
|switch|p2b: Kingambit|Kingambit, L50, M|100/100
|turn|5
|
|t:|1783814893
|move|p2b: Kingambit|Kowtow Cleave|p1a: Farigiraf
|-supereffective|p1a: Farigiraf|1
|-damage|p1a: Farigiraf|0 fnt
|faint|p1a: Farigiraf
|move|p2a: Farigiraf|Psychic|p1b: Ninetales
|-damage|p1b: Ninetales|15/100
|-unboost|p1b: Ninetales|spd|1
|move|p1b: Ninetales|Solar Beam||[still]
|-prepare|p1b: Ninetales|Solar Beam
|-anim|p1b: Ninetales|Solar Beam|p2b: Kingambit
|-resisted|p2b: Kingambit|1
|-damage|p2b: Kingambit|89/100
|
|-weather|SunnyDay|[upkeep]
|upkeep
|turn|6
|
|t:|1783814915
|move|p2b: Kingambit|Sucker Punch|p1b: Ninetales
|-damage|p1b: Ninetales|0 fnt
|faint|p1b: Ninetales
|
|win|robinrambles
||Daevidex is ready for game 3.
||robinrambles is ready for game 3.
|uhtml|next|Next: Game 3 of 3
|l|☆Daevidex
|player|p1|
