|j|☆r4ka
|j|☆Tronman17
|html|r4kaTronman17    
|uhtml|bestof|Game 3 of a best-of-3
|t:|1756641395
|gametype|doubles
|player|p1|r4ka|169|1122
|player|p2|Tronman17|steven|1180
|gen|9
|tier|[Gen 9] VGC 2025 Reg H (Bo3)
|rated|
|rule|Species Clause: Limit one of each Pokémon
|rule|Item Clause: Limit 1 of each item
|clearpoke
|poke|p1|Rillaboom, L50, M|
|poke|p1|Dragonite, L50, M|
|poke|p1|Sneasler, L50, F|
|poke|p1|Kingambit, L50, M|
|poke|p1|Electabuzz, L50, M|
|poke|p1|Volcarona, L50, F|
|poke|p2|Archaludon, L50, F|
|poke|p2|Pelipper, L50, F|
|poke|p2|Rillaboom, L50, F|
|poke|p2|Sinistcha, L50|
|poke|p2|Ursaluna, L50, M|
|poke|p2|Annihilape, L50, F|
|teampreview|4
|showteam|p1|Rillaboom||AssaultVest|GrassySurge|FakeOut,HighHorsepower,WoodHammer,GrassyGlide|||M|||50|,,,,,Fire]Dragonite||LoadedDice|Multiscale|ExtremeSpeed,ScaleShot,Protect,Haze|||M|||50|,,,,,Steel]Sneasler||FocusSash|PoisonTouch|DireClaw,CloseCombat,FakeOut,Coaching|||F|||50|,,,,,Stellar]Kingambit||BlackGlasses|Defiant|KowtowCleave,SuckerPunch,SwordsDance,Protect|||M|||50|,,,,,Dark]Electabuzz||Eviolite|VitalSpirit|Thunderbolt,Taunt,Protect,FollowMe|||M|||50|,,,,,Ghost]Volcarona||Leftovers|FlameBody|HeatWave,TeraBlast,QuiverDance,Protect|||F|||50|,,,,,Fairy
|showteam|p2|Archaludon||AssaultVest|Stamina|BodyPress,ElectroShot,FlashCannon,DragonPulse|||F|||50|,,,,,Fairy]Pelipper||CovertCloak|Drizzle|Hurricane,WeatherBall,Tailwind,Uturn|||F|||50|,,,,,Stellar]Rillaboom||LoadedDice|GrassySurge|GrassyGlide,BulletSeed,FakeOut,HighHorsepower|||F|||50|,,,,,Fire]Sinistcha||SitrusBerry|Hospitality|MatchaGotcha,LifeDew,TrickRoom,RagePowder||||||50|,,,,,Water]Ursaluna||FlameOrb|Guts|Facade,Substitute,HeadlongRush,Protect|||M|||50|,,,,,Ghost]Annihilape||Leftovers|Defiant|DrainPunch,RageFist,BulkUp,Protect|||F|||50|,,,,,Fire
|
|t:|1756641413
|teamsize|p1|4
|teamsize|p2|4
|start
|switch|p1a: Volcarona|Volcarona, L50, F|100/100
|switch|p1b: Electabuzz|Electabuzz, L50, M|100/100
|switch|p2a: Pelipper|Pelipper, L50, F, shiny|100/100
|switch|p2b: Annihilape|Annihilape, L50, F, shiny|100/100
|-weather|RainDance|[from] ability: Drizzle|[of] p2a: Pelipper
|turn|1
|
|t:|1756641434
|move|p1a: Volcarona|Quiver Dance|p1a: Volcarona
|-boost|p1a: Volcarona|spa|1
|-boost|p1a: Volcarona|spd|1
|-boost|p1a: Volcarona|spe|1
|move|p1b: Electabuzz|Thunderbolt|p2a: Pelipper
|-supereffective|p2a: Pelipper
|-damage|p2a: Pelipper|0 fnt
|faint|p2a: Pelipper
|move|p2b: Annihilape|Bulk Up|p2b: Annihilape
|-boost|p2b: Annihilape|atk|1
|-boost|p2b: Annihilape|def|1
|
|-weather|RainDance|[upkeep]
|upkeep
|
|t:|1756641447
|switch|p2a: Ursaluna|Ursaluna, L50, M|100/100
|turn|2
|
|t:|1756641460
|-terastallize|p2b: Annihilape|Fire
|move|p1b: Electabuzz|Follow Me|p1b: Electabuzz
|-singleturn|p1b: Electabuzz|move: Follow Me
|move|p1a: Volcarona|Quiver Dance|p1a: Volcarona
|-boost|p1a: Volcarona|spa|1
|-boost|p1a: Volcarona|spd|1
|-boost|p1a: Volcarona|spe|1
|move|p2b: Annihilape|Drain Punch|p1b: Electabuzz
|-damage|p1b: Electabuzz|58/100
|move|p2a: Ursaluna|Headlong Rush|p1b: Electabuzz
|-supereffective|p1b: Electabuzz
|-damage|p1b: Electabuzz|0 fnt
|-unboost|p2a: Ursaluna|def|1
|-unboost|p2a: Ursaluna|spd|1
|faint|p1b: Electabuzz
|
|-weather|RainDance|[upkeep]
|-status|p2a: Ursaluna|brn|[from] item: Flame Orb
|upkeep
|
|t:|1756641488
|switch|p1b: Sneasler|Sneasler, L50, F|100/100
|turn|3
|
|t:|1756641529
|move|p1b: Sneasler|Fake Out|p2a: Ursaluna
|-damage|p2a: Ursaluna|84/100 brn
|move|p1a: Volcarona|Quiver Dance|p1a: Volcarona
|-boost|p1a: Volcarona|spa|1
|-boost|p1a: Volcarona|spd|1
|-boost|p1a: Volcarona|spe|1
|move|p2b: Annihilape|Bulk Up|p2b: Annihilape
|-boost|p2b: Annihilape|atk|1
|-boost|p2b: Annihilape|def|1
|cant|p2a: Ursaluna|flinch
|
|-weather|RainDance|[upkeep]
|-damage|p2a: Ursaluna|78/100 brn|[from] brn
|upkeep
|turn|4
|
|t:|1756641570
|-terastallize|p1a: Volcarona|Fairy
|move|p2b: Annihilape|Protect|p2b: Annihilape
|-singleturn|p2b: Annihilape|Protect
|move|p1a: Volcarona|Tera Blast|p2b: Annihilape|[anim] Tera Blast Fairy
|-activate|p2b: Annihilape|move: Protect
|move|p1b: Sneasler|Close Combat|p2a: Ursaluna
|-supereffective|p2a: Ursaluna
|-damage|p2a: Ursaluna|0 fnt
|-unboost|p1b: Sneasler|def|1
|-unboost|p1b: Sneasler|spd|1
|faint|p2a: Ursaluna
|
|-weather|RainDance|[upkeep]
|upkeep
|
|t:|1756641583
|switch|p2a: Sinistcha|Sinistcha, L50|100/100
|turn|5
|
|t:|1756641595
|move|p1a: Volcarona|Protect|p1a: Volcarona
|-singleturn|p1a: Volcarona|Protect
|move|p1b: Sneasler|Coaching|p1a: Volcarona
|-boost|p1a: Volcarona|atk|1
|-boost|p1a: Volcarona|def|1
|move|p2b: Annihilape|Drain Punch|p1b: Sneasler
|-resisted|p1b: Sneasler
|-damage|p1b: Sneasler|25/100
|move|p2a: Sinistcha|Trick Room|p2a: Sinistcha
|-fieldstart|move: Trick Room|[of] p2a: Sinistcha
|
|-weather|none
|upkeep
|turn|6
|
|t:|1756641625
|move|p2a: Sinistcha|Rage Powder|p2a: Sinistcha
|-singleturn|p2a: Sinistcha|move: Rage Powder
|move|p2b: Annihilape|Drain Punch|p1b: Sneasler
|-resisted|p1b: Sneasler
|-damage|p1b: Sneasler|0 fnt
|faint|p1b: Sneasler
|move|p1a: Volcarona|Heat Wave|p2a: Sinistcha|[spread] p2b
|-miss|p1a: Volcarona|p2a: Sinistcha
|-resisted|p2b: Annihilape
|-damage|p2b: Annihilape|63/100
|
|-heal|p2b: Annihilape|70/100|[from] item: Leftovers
|upkeep
|
|t:|1756641635
|switch|p1b: Rillaboom|Rillaboom, L50, M|100/100
|-fieldstart|move: Grassy Terrain|[from] ability: Grassy Surge|[of] p1b: Rillaboom
|turn|7
|
|t:|1756641666
|move|p2b: Annihilape|Protect|p2b: Annihilape
|-singleturn|p2b: Annihilape|Protect
|move|p1b: Rillaboom|Fake Out|p2b: Annihilape
|-activate|p2b: Annihilape|move: Protect
|move|p2a: Sinistcha|Life Dew||[still]|[spread] p2a,p2b
|-fail|p2a: Sinistcha|heal
|-heal|p2b: Annihilape|95/100
|move|p1a: Volcarona|Heat Wave|p2b: Annihilape|[spread] p2a
|-activate|p2b: Annihilape|move: Protect
|-supereffective|p2a: Sinistcha
|-damage|p2a: Sinistcha|0 fnt
|faint|p2a: Sinistcha
|
|-heal|p2b: Annihilape|100/100|[from] Grassy Terrain
|upkeep
|turn|8
|
|t:|1756641704
|move|p1b: Rillaboom|High Horsepower|p2b: Annihilape
|-supereffective|p2b: Annihilape
|-damage|p2b: Annihilape|71/100
|move|p2b: Annihilape|Rage Fist|p1b: Rillaboom
|-damage|p1b: Rillaboom|0 fnt
|faint|p1b: Rillaboom
|move|p1a: Volcarona|Quiver Dance|p1a: Volcarona
|-boost|p1a: Volcarona|spa|1
|-boost|p1a: Volcarona|spd|1
|-boost|p1a: Volcarona|spe|1
|
|-heal|p2b: Annihilape|77/100|[from] Grassy Terrain
|-heal|p2b: Annihilape|83/100|[from] item: Leftovers
|upkeep
|turn|9
|
|t:|1756641727
|move|p2b: Annihilape|Bulk Up|p2b: Annihilape
|-boost|p2b: Annihilape|atk|1
|-boost|p2b: Annihilape|def|1
|move|p1a: Volcarona|Tera Blast|p2b: Annihilape|[anim] Tera Blast Fairy
|-resisted|p2b: Annihilape
|-damage|p2b: Annihilape|34/100
|
|-heal|p2b: Annihilape|40/100|[from] Grassy Terrain
|-heal|p2b: Annihilape|47/100|[from] item: Leftovers
|-fieldend|move: Trick Room
|upkeep
|turn|10
|
|t:|1756641737
|move|p2b: Annihilape|Protect|p2b: Annihilape
|-singleturn|p2b: Annihilape|Protect
|move|p1a: Volcarona|Tera Blast|p2b: Annihilape|[anim] Tera Blast Fairy
|-activate|p2b: Annihilape|move: Protect
|
|-heal|p2b: Annihilape|53/100|[from] Grassy Terrain
|-heal|p2b: Annihilape|59/100|[from] item: Leftovers
|upkeep
|turn|11
|
|t:|1756641747
|move|p1a: Volcarona|Tera Blast|p2b: Annihilape|[anim] Tera Blast Fairy
|-resisted|p2b: Annihilape
|-damage|p2b: Annihilape|10/100
|move|p2b: Annihilape|Rage Fist|p1a: Volcarona
|-damage|p1a: Volcarona|0 fnt
|faint|p1a: Volcarona
|
|win|Tronman17
|raw|r4ka's rating: 1122 → 1101(-21 for losing)
|raw|Tronman17's rating: 1180 → 1201(+21 for winning)
