|j|☆EnigmaEUW
|j|☆Gotissues
|html|EnigmaEUWGotissues    
|uhtml|bestof|Game 1 of a best-of-3
|t:|1757702051
|gametype|doubles
|player|p1|EnigmaEUW|ingo|1108
|player|p2|Gotissues|hiker-gen4|1016
|gen|9
|tier|[Gen 9] VGC 2025 Reg H (Bo3)
|rated|
|rule|Species Clause: Limit one of each Pokémon
|rule|Item Clause: Limit 1 of each item
|clearpoke
|poke|p1|Pelipper, L50, F|
|poke|p1|Archaludon, L50, M|
|poke|p1|Incineroar, L50, M|
|poke|p1|Hydreigon, L50, F|
|poke|p1|Ursaluna, L50, M|
|poke|p1|Amoonguss, L50, M|
|poke|p2|Whimsicott, L50, M|
|poke|p2|Typhlosion-Hisui, L50, M|
|poke|p2|Farigiraf, L50, M|
|poke|p2|Ursaluna-Bloodmoon, L50, M|
|poke|p2|Clefairy, L50, F|
|poke|p2|Annihilape, L50, F|
|teampreview|4
|showteam|p1|Pelipper||CovertCloak|Drizzle|WeatherBall,Hurricane,Tailwind,Protect|||F|||50|,,,,,Grass]Archaludon||AssaultVest|Stamina|ElectroShot,BodyPress,DracoMeteor,FlashCannon|||M|||50|,,,,,Bug]Incineroar||RockyHelmet|Intimidate|FlareBlitz,KnockOff,FakeOut,PartingShot|||M|||50|,,,,,Grass]Hydreigon||SafetyGoggles|Levitate|Snarl,DracoMeteor,Tailwind,Protect|||F|||50|,,,,,Poison]Ursaluna||FlameOrb|Guts|Facade,Earthquake,HeadlongRush,Protect|||M|||50|,,,,,Ghost]Amoonguss||SitrusBerry|Regenerator|Spore,RagePowder,PollenPuff,Protect|||M|||50|,,,,,Water
|showteam|p2|Whimsicott||CovertCloak|Prankster|DazzlingGleam,Tailwind,BeatUp,SunnyDay|||M|||50|,,,,,Dark]Typhlosion-Hisui||ChoiceSpecs|Blaze|Eruption,HeatWave,ShadowBall,SolarBeam|||M|||50|,,,,,Fire]Farigiraf||ThroatSpray|ArmorTail|HyperVoice,DazzlingGleam,TrickRoom,Protect|||M|||50|,,,,,Dragon]Ursaluna-Bloodmoon||LifeOrb|MindsEye|HyperVoice,BloodMoon,Protect,EarthPower|||M|||50|,,,,,Normal]Clefairy||Eviolite|FriendGuard|FollowMe,Protect,AfterYou,HelpingHand|||F|||50|,,,,,Fairy]Annihilape||AssaultVest|Defiant|RageFist,CloseCombat,DrainPunch,FinalGambit|||F|||50|,,,,,Fire
|inactive|Battle timer is ON: inactive players will automatically lose when time's up. (requested by EnigmaEUW)
|inactive|Gotissues has 60 seconds left.
|
|t:|1757702088
|teamsize|p1|4
|teamsize|p2|4
|start
|switch|p1a: Amoonguss|Amoonguss, L50, M|100/100
|switch|p1b: Hydreigon|Hydreigon, L50, F|100/100
|switch|p2a: Annihilape|Annihilape, L50, F|100/100
|switch|p2b: Whimsicott|Whimsicott, L50, M, shiny|100/100
|turn|1
|inactive|EnigmaEUW has 30 seconds left.
|inactive|Gotissues has 30 seconds left.
|inactive|EnigmaEUW has 20 seconds left.
|
|t:|1757702126
|switch|p2a: Ursaluna|Ursaluna-Bloodmoon, L50, M|100/100
|move|p1b: Hydreigon|Protect|p1b: Hydreigon
|-singleturn|p1b: Hydreigon|Protect
|move|p2b: Whimsicott|Tailwind|p2b: Whimsicott
|-sidestart|p2: Gotissues|move: Tailwind
|move|p1a: Amoonguss|Spore|p2a: Ursaluna
|-status|p2a: Ursaluna|slp|[from] move: Spore
|
|upkeep
|turn|2
|
|t:|1757702146
|cant|p2a: Ursaluna|slp
|move|p2b: Whimsicott|Dazzling Gleam|p1a: Amoonguss|[spread] p1a,p1b
|-resisted|p1a: Amoonguss
|-supereffective|p1b: Hydreigon
|-damage|p1a: Amoonguss|94/100
|-damage|p1b: Hydreigon|26/100
|move|p1b: Hydreigon|Snarl|p2a: Ursaluna|[spread] p2a,p2b
|-resisted|p2b: Whimsicott
|-damage|p2a: Ursaluna|76/100 slp
|-damage|p2b: Whimsicott|89/100
|-unboost|p2a: Ursaluna|spa|1
|move|p1a: Amoonguss|Spore|p2a: Ursaluna
|-fail|p2a: Ursaluna|slp
|
|upkeep
|turn|3
|
|t:|1757702167
|switch|p1b: Pelipper|Pelipper, L50, F|100/100
|-weather|RainDance|[from] ability: Drizzle|[of] p1b: Pelipper
|move|p1a: Amoonguss|Protect|p1a: Amoonguss
|-singleturn|p1a: Amoonguss|Protect
|move|p2b: Whimsicott|Dazzling Gleam|p1a: Amoonguss|[spread] p1b
|-activate|p1a: Amoonguss|move: Protect
|-damage|p1b: Pelipper|75/100
|cant|p2a: Ursaluna|slp
|
|-weather|RainDance|[upkeep]
|upkeep
|turn|4
|inactive|Gotissues has 30 seconds left.
|
|t:|1757702193
|move|p1a: Amoonguss|Rage Powder|p1a: Amoonguss
|-singleturn|p1a: Amoonguss|move: Rage Powder
|move|p2b: Whimsicott|Sunny Day|p2b: Whimsicott
|-weather|SunnyDay
|-curestatus|p2a: Ursaluna|slp|[msg]
|move|p2a: Ursaluna|Hyper Voice|p1b: Pelipper|[spread] p1a,p1b
|-damage|p1a: Amoonguss|62/100
|-damage|p1b: Pelipper|25/100
|-damage|p2a: Ursaluna|66/100|[from] item: Life Orb
|move|p1b: Pelipper|Tailwind|p1b: Pelipper
|-sidestart|p1: EnigmaEUW|move: Tailwind
|
|-weather|SunnyDay|[upkeep]
|-sideend|p2: Gotissues|move: Tailwind
|upkeep
|turn|5
|
|t:|1757702212
|move|p1b: Pelipper|Protect|p1b: Pelipper
|-singleturn|p1b: Pelipper|Protect
|move|p1a: Amoonguss|Protect|p1a: Amoonguss
|-singleturn|p1a: Amoonguss|Protect
|move|p2a: Ursaluna|Protect|p2a: Ursaluna
|-singleturn|p2a: Ursaluna|Protect
|move|p2b: Whimsicott|Tailwind|p2b: Whimsicott
|-sidestart|p2: Gotissues|move: Tailwind
|
|-weather|SunnyDay|[upkeep]
|upkeep
|turn|6
|
|t:|1757702227
|move|p2b: Whimsicott|Dazzling Gleam|p1a: Amoonguss|[spread] p1a,p1b
|-resisted|p1a: Amoonguss
|-damage|p1a: Amoonguss|54/100
|-damage|p1b: Pelipper|3/100
|move|p1b: Pelipper|Weather Ball|p2b: Whimsicott
|-supereffective|p2b: Whimsicott
|-damage|p2b: Whimsicott|5/100
|move|p2a: Ursaluna|Hyper Voice|p1b: Pelipper|[spread] p1a,p1b
|-damage|p1a: Amoonguss|26/100
|-damage|p1b: Pelipper|0 fnt
|-enditem|p1a: Amoonguss|Sitrus Berry|[eat]
|-heal|p1a: Amoonguss|51/100|[from] item: Sitrus Berry
|faint|p1b: Pelipper
|-damage|p2a: Ursaluna|57/100|[from] item: Life Orb
|move|p1a: Amoonguss|Spore|p2a: Ursaluna
|-status|p2a: Ursaluna|slp|[from] move: Spore
|
|-weather|SunnyDay|[upkeep]
|upkeep
|
|t:|1757702242
|switch|p1b: Incineroar|Incineroar, L50, M|100/100
|-ability|p1b: Incineroar|Intimidate|boost
|-unboost|p2a: Ursaluna|atk|1
|-unboost|p2b: Whimsicott|atk|1
|turn|7
|
|t:|1757702263
|switch|p2b: Typhlosion|Typhlosion-Hisui, L50, M|100/100
|switch|p2a: Annihilape|Annihilape, L50, F|100/100
|switch|p1a: Hydreigon|Hydreigon, L50, F|26/100
|move|p1b: Incineroar|Fake Out|p2b: Typhlosion
|-immune|p2b: Typhlosion
|
|-weather|SunnyDay|[upkeep]
|-sideend|p1: EnigmaEUW|move: Tailwind
|upkeep
|turn|8
|
|t:|1757702291
|move|p1a: Hydreigon|Protect|p1a: Hydreigon
|-singleturn|p1a: Hydreigon|Protect
|move|p2b: Typhlosion|Eruption|p1a: Hydreigon|[spread] p1b
|-activate|p1a: Hydreigon|move: Protect
|-resisted|p1b: Incineroar
|-damage|p1b: Incineroar|54/100
|move|p2a: Annihilape|Drain Punch|p1b: Incineroar
|-supereffective|p1b: Incineroar
|-damage|p1b: Incineroar|0 fnt
|-damage|p2a: Annihilape|84/100|[from] item: Rocky Helmet|[of] p1b: Incineroar
|faint|p1b: Incineroar
|
|-weather|none
|-sideend|p2: Gotissues|move: Tailwind
|upkeep
|
|t:|1757702303
|switch|p1b: Amoonguss|Amoonguss, L50, M|84/100
|turn|9
|
|t:|1757702319
|-terastallize|p1b: Amoonguss|Water
|move|p1a: Hydreigon|Snarl|p2b: Typhlosion|[spread] p2a,p2b
|-supereffective|p2b: Typhlosion
|-damage|p2a: Annihilape|72/100
|-damage|p2b: Typhlosion|44/100
|-unboost|p2a: Annihilape|spa|1
|-ability|p2a: Annihilape|Defiant|boost
|-boost|p2a: Annihilape|atk|2
|-unboost|p2b: Typhlosion|spa|1
|move|p2b: Typhlosion|Eruption|p1b: Amoonguss|[spread] p1a,p1b
|-resisted|p1a: Hydreigon
|-resisted|p1b: Amoonguss
|-damage|p1a: Hydreigon|12/100
|-damage|p1b: Amoonguss|72/100
|move|p2a: Annihilape|Final Gambit|p1b: Amoonguss
|-damage|p1b: Amoonguss|5/100
|faint|p2a: Annihilape
|move|p1b: Amoonguss|Spore|p2b: Typhlosion
|-status|p2b: Typhlosion|slp|[from] move: Spore
|
|upkeep
|
|t:|1757702340
|switch|p2a: Whimsicott|Whimsicott, L50, M, shiny|5/100
|turn|10
|
|t:|1757702358
|move|p1a: Hydreigon|Snarl|p2a: Whimsicott|[spread] p2a,p2b
|-resisted|p2a: Whimsicott
|-supereffective|p2b: Typhlosion
|-damage|p2a: Whimsicott|0 fnt
|-damage|p2b: Typhlosion|0 fnt
|faint|p2a: Whimsicott
|faint|p2b: Typhlosion
|move|p1b: Amoonguss|Pollen Puff|p2: Whimsicott|[notarget]
|-fail|p1b: Amoonguss
|
|upkeep
|
|t:|1757702368
|switch|p2a: Ursaluna|Ursaluna-Bloodmoon, L50, M|57/100 slp
|turn|11
|
|t:|1757702374
|move|p1a: Hydreigon|Draco Meteor|p2a: Ursaluna
|-damage|p2a: Ursaluna|0 fnt
|-unboost|p1a: Hydreigon|spa|2
|faint|p2a: Ursaluna
|
|win|EnigmaEUW
||EnigmaEUW is ready for game 2.
|l|☆Gotissues
|player|p2|
|inactive|Gotissues has 30 seconds to confirm battle start!
||Gotissues is ready for game 2.
|uhtml|next|Next: Game 2 of 3
