|j|☆TeyOnTheRox
|j|☆T-Soro
|html|TeyOnTheRoxT-Soro    
|uhtml|bestof|Game 3 of a best-of-3
|t:|1757732904
|gametype|doubles
|player|p1|TeyOnTheRox|benga|1082
|player|p2|T-Soro|1|1114
|gen|9
|tier|[Gen 9] VGC 2025 Reg H (Bo3)
|rated|
|rule|Species Clause: Limit one of each Pokémon
|rule|Item Clause: Limit 1 of each item
|clearpoke
|poke|p1|Tyranitar, L50, F|
|poke|p1|Excadrill, L50, F|
|poke|p1|Sneasler, L50, F|
|poke|p1|Indeedee, L50, M|
|poke|p1|Corviknight, L50, M|
|poke|p1|Annihilape, L50, F|
|poke|p2|Grimmsnarl, L50, M|
|poke|p2|Annihilape, L50, M|
|poke|p2|Ursaluna-Bloodmoon, L50, M|
|poke|p2|Volcarona, L50, M|
|poke|p2|Gholdengo, L50|
|poke|p2|Dragonite, L50, F|
|teampreview|4
|showteam|p1|Tyranitar||AssaultVest|SandStream|RockSlide,KnockOff,TeraBlast,LowKick|||F|||50|,,,,,Flying]Excadrill||FocusSash|SandRush|IronHead,HighHorsepower,Earthquake,Protect|||F|||50|,,,,,Stellar]Sneasler||PsychicSeed|Unburden|DireClaw,CloseCombat,ThroatChop,Protect|||F|||50|,,,,,Dark]Indeedee||ChoiceScarf|PsychicSurge|ExpandingForce,TeraBlast,Protect,Trick|||M|||50|,,,,,Psychic]Corviknight||Leftovers|MirrorArmor|BraveBird,BulkUp,Roost,Tailwind|||M|||50|,,,,,Dragon]Annihilape||SafetyGoggles|Defiant|CloseCombat,FinalGambit,RageFist,Taunt|||F|||50|,,,,,Water
|showteam|p2|Grimmsnarl||LightClay|Prankster|SpiritBreak,PartingShot,Reflect,LightScreen|||M|||50|,,,,,Ghost]Annihilape||Leftovers|Defiant|DrainPunch,RageFist,BulkUp,Protect|||M|||50|,,,,,Fire]Ursaluna-Bloodmoon||AssaultVest|MindsEye|BloodMoon,HyperVoice,EarthPower,VacuumWave|||M|||50|,,,,,Water]Volcarona||SitrusBerry|FlameBody|GigaDrain,HeatWave,QuiverDance,Protect|||M|||50|,,,,,Grass]Gholdengo||MetalCoat|GoodasGold|MakeItRain,ShadowBall,NastyPlot,Protect||||||50|,,,,,Dragon]Dragonite||LoadedDice|Multiscale|ScaleShot,StompingTantrum,ExtremeSpeed,Protect|||F|||50|,,,,,Steel
|
|t:|1757732961
|teamsize|p1|4
|teamsize|p2|4
|start
|switch|p1a: Toe Mater|Excadrill, L50, F|100/100
|switch|p1b: Doc Hudson|Tyranitar, L50, F, shiny|100/100
|switch|p2a: Grimmsnarl|Grimmsnarl, L50, M|100/100
|switch|p2b: Dragonite|Dragonite, L50, F|100/100
|-weather|Sandstorm|[from] ability: Sand Stream|[of] p1b: Doc Hudson
|turn|1
|
|t:|1757733012
|switch|p1b: Cars II|Corviknight, L50, M|100/100
|move|p2a: Grimmsnarl|Reflect|p2a: Grimmsnarl
|-sidestart|p2: T-Soro|Reflect
|move|p1a: Toe Mater|Iron Head|p2a: Grimmsnarl
|-supereffective|p2a: Grimmsnarl
|-damage|p2a: Grimmsnarl|44/100
|move|p2b: Dragonite|Stomping Tantrum|p1a: Toe Mater
|-supereffective|p1a: Toe Mater
|-damage|p1a: Toe Mater|24/100
|
|-weather|Sandstorm|[upkeep]
|-damage|p2b: Dragonite|95/100|[from] Sandstorm
|-damage|p2a: Grimmsnarl|38/100|[from] Sandstorm
|upkeep
|turn|2
|
|t:|1757733048
|move|p1a: Toe Mater|Protect|p1a: Toe Mater
|-singleturn|p1a: Toe Mater|Protect
|move|p2a: Grimmsnarl|Light Screen|p2a: Grimmsnarl
|-sidestart|p2: T-Soro|move: Light Screen
|move|p2b: Dragonite|Stomping Tantrum|p1a: Toe Mater
|-activate|p1a: Toe Mater|move: Protect
|move|p1b: Cars II|Bulk Up|p1b: Cars II
|-boost|p1b: Cars II|atk|1
|-boost|p1b: Cars II|def|1
|
|-weather|Sandstorm|[upkeep]
|-damage|p2b: Dragonite|89/100|[from] Sandstorm
|-damage|p2a: Grimmsnarl|32/100|[from] Sandstorm
|upkeep
|turn|3
|
|t:|1757733074
|switch|p2a: Gholdengo|Gholdengo, L50|100/100
|move|p1a: Toe Mater|Iron Head|p2b: Dragonite
|-damage|p2b: Dragonite|55/100
|move|p2b: Dragonite|Stomping Tantrum|p1a: Toe Mater
|-supereffective|p1a: Toe Mater
|-damage|p1a: Toe Mater|0 fnt
|faint|p1a: Toe Mater
|move|p1b: Cars II|Bulk Up|p1b: Cars II
|-boost|p1b: Cars II|atk|1
|-boost|p1b: Cars II|def|1
|
|-weather|Sandstorm|[upkeep]
|-damage|p2b: Dragonite|49/100|[from] Sandstorm
|upkeep
|
|t:|1757733092
|switch|p1a: Cars I|Indeedee, L50, M, shiny|100/100
|-fieldstart|move: Psychic Terrain|[from] ability: Psychic Surge|[of] p1a: Cars I
|turn|4
|
|t:|1757733128
|move|p1a: Cars I|Expanding Force|p2b: Dragonite|[spread] p2a,p2b
|-resisted|p2a: Gholdengo
|-damage|p2a: Gholdengo|81/100
|-damage|p2b: Dragonite|15/100
|move|p2b: Dragonite|Scale Shot|p1a: Cars I
|-damage|p1a: Cars I|67/100
|-damage|p1a: Cars I|36/100
|-damage|p1a: Cars I|6/100
|-damage|p1a: Cars I|0 fnt
|faint|p1a: Cars I
|-hitcount|p1: Cars I|4
|-unboost|p2b: Dragonite|def|1
|-boost|p2b: Dragonite|spe|1
|move|p2a: Gholdengo|Nasty Plot|p2a: Gholdengo
|-boost|p2a: Gholdengo|spa|2
|move|p1b: Cars II|Tailwind|p1b: Cars II
|-sidestart|p1: TeyOnTheRox|move: Tailwind
|
|-weather|Sandstorm|[upkeep]
|-damage|p2b: Dragonite|10/100|[from] Sandstorm
|upkeep
|
|t:|1757733201
|switch|p1a: Doc Hudson|Tyranitar, L50, F, shiny|100/100
|turn|5
|inactive|Battle timer is ON: inactive players will automatically lose when time's up. (requested by T-Soro)
|
|t:|1757733289
|-terastallize|p2a: Gholdengo|Dragon
|move|p2b: Dragonite|Protect|p2b: Dragonite
|-singleturn|p2b: Dragonite|Protect
|move|p1a: Doc Hudson|Knock Off|p2a: Gholdengo
|-damage|p2a: Gholdengo|49/100
|-enditem|p2a: Gholdengo|Metal Coat|[from] move: Knock Off|[of] p1a: Doc Hudson
|move|p1b: Cars II|Brave Bird|p2a: Gholdengo
|-damage|p2a: Gholdengo|0 fnt
|faint|p2a: Gholdengo
|-damage|p1b: Cars II|85/100|[from] Recoil
|
|-weather|none
|-heal|p1b: Cars II|91/100|[from] item: Leftovers
|upkeep
|inactive|T-Soro has 30 seconds left.
|inactive|T-Soro has 20 seconds left.
|inactive|T-Soro has 15 seconds left.
|
|t:|1757733329
|switch|p2a: Volcarona|Volcarona, L50, M|100/100
|turn|6
|inactive|TeyOnTheRox has 30 seconds left.
|
|t:|1757733355
|move|p1a: Doc Hudson|Rock Slide|p2b: Dragonite|[spread] p2a,p2b
|-supereffective|p2a: Volcarona
|-supereffective|p2b: Dragonite
|-damage|p2a: Volcarona|0 fnt
|-damage|p2b: Dragonite|0 fnt
|faint|p2a: Volcarona
|faint|p2b: Dragonite
|move|p1b: Cars II|Brave Bird|p2: Volcarona|[notarget]
|-fail|p1b: Cars II
|
|-heal|p1b: Cars II|97/100|[from] item: Leftovers
|upkeep
|inactive|T-Soro has 30 seconds left.
|inactive|T-Soro has 20 seconds left.
|inactive|T-Soro has 15 seconds left.
|inactive|T-Soro has 10 seconds left.
|inactive|T-Soro has 5 seconds left.
|
|t:|1757733410
|switch|p2a: Grimmsnarl|Grimmsnarl, L50, M|32/100
|turn|7
|-message|T-Soro forfeited.
|raw|TeyOnTheRox's rating: 1082 → 1112(+30 for winning)
|raw|T-Soro's rating: 1114 → 1087(-27 for losing)
|
|win|TeyOnTheRox
