|j|☆Julituk
|j|☆lettitripppp
|html|Julituklettitripppp    
|uhtml|bestof|Game 1 of a best-of-3
|t:|1783358881
|gametype|doubles
|player|p1|Julituk|102|1249
|player|p2|lettitripppp|lucas|1247
|gen|9
|tier|[Gen 9 Champions] VGC 2026 Reg M-B (Bo3)
|rated|
|rule|Species Clause: Limit one of each Pokémon
|rule|Item Clause: Limit 1 of each item
|clearpoke
|poke|p1|Kingambit, L50, F|
|poke|p1|Sylveon, L50, F|
|poke|p1|Garchomp, L50, M|
|poke|p1|Aerodactyl, L50, F|
|poke|p1|Farigiraf, L50, M|
|poke|p1|Charizard, L50, M|
|poke|p2|Charizard, L50, M|
|poke|p2|Basculegion, L50, M|
|poke|p2|Whimsicott, L50, M, shiny|
|poke|p2|Garchomp, L50, F, shiny|
|poke|p2|Floette-Eternal, L50, F|
|poke|p2|Kingambit, L50, F, shiny|
|teampreview|4
|showteam|p1|Kingambit||FocusSash|Defiant|IronHead,SuckerPunch,KowtowCleave,LowKick|Adamant||F|||50|]Sylveon||FairyFeather|Pixilate|Detect,HyperVoice,HyperBeam,QuickAttack|Modest||F|||50|]Garchomp||LifeOrb|RoughSkin|Protect,DragonClaw,Earthquake,StompingTantrum|Jolly||M|||50|]Aerodactyl||Aerodactylite|RockHead|IceFang,RockSlide,Tailwind,DualWingbeat|Jolly||F|||50|]Farigiraf||SitrusBerry|ArmorTail|TrickRoom,Psychic,Thunderbolt,Roar|Bold||M|||50|]Charizard||CharizarditeY|Blaze|Protect,SolarBeam,WeatherBall,HeatWave|Modest||M|||50|
|showteam|p2|Charizard||CharizarditeY|Blaze|WeatherBall,SolarBeam,HeatWave,Protect|Modest||M|||50|]Basculegion||MysticWater|Adaptability|LastRespects,WaveCrash,AquaJet,Protect|Adamant||M|||50|]Whimsicott||FocusSash|Prankster|Moonblast,Tailwind,Encore,Protect|Timid||M|||50|]Garchomp||LifeOrb|RoughSkin|DragonClaw,Earthquake,RockSlide,Protect|Jolly||F|||50|]Floette-Eternal||Floettite|FlowerVeil|DazzlingGleam,LightofRuin,Moonblast,Protect|Modest||F|||50|]Kingambit||ChopleBerry|Defiant|KowtowCleave,SuckerPunch,IronHead,LowKick|Adamant||F|||50|
|inactive|Battle timer is ON: inactive players will automatically lose when time's up. (requested by lettitripppp)
|
|t:|1783358902
|teamsize|p1|4
|teamsize|p2|4
|start
|switch|p1a: Aerodactyl|Aerodactyl, L50, F|100/100
|switch|p1b: Kingambit|Kingambit, L50, F|100/100
|switch|p2a: LETS GO GO|Whimsicott, L50, M, shiny|100/100
|switch|p2b: GHOSTWAVE|Basculegion, L50, M|100/100
|turn|1
|
|t:|1783358912
|detailschange|p1a: Aerodactyl|Aerodactyl-Mega, L50, F
|-mega|p1a: Aerodactyl|Aerodactyl|Aerodactylite
|move|p2a: LETS GO GO|Tailwind|p2a: LETS GO GO
|-sidestart|p2: lettitripppp|move: Tailwind
|move|p1b: Kingambit|Sucker Punch|p2b: GHOSTWAVE
|-supereffective|p2b: GHOSTWAVE|1
|-damage|p2b: GHOSTWAVE|24/100
|move|p2b: GHOSTWAVE|Wave Crash|p1a: Aerodactyl
|-supereffective|p1a: Aerodactyl|1
|-crit|p1a: Aerodactyl
|-damage|p1a: Aerodactyl|0 fnt
|faint|p1a: Aerodactyl
|-damage|p2b: GHOSTWAVE|0 fnt|[from] Recoil
|faint|p2b: GHOSTWAVE
|
|upkeep
|
|t:|1783358924
|switch|p1a: Farigiraf|Farigiraf, L50, M|100/100
|switch|p2b: RUINOUS LIGHT|Floette-Eternal, L50, F|100/100
|turn|2
|
|t:|1783358946
|detailschange|p2b: RUINOUS LIGHT|Floette-Mega, L50, F
|-mega|p2b: RUINOUS LIGHT|Floette|Floettite
|-ability|p2b: RUINOUS LIGHT|Fairy Aura
|move|p2a: LETS GO GO|Moonblast|p1a: Farigiraf
|-damage|p1a: Farigiraf|62/100
|move|p2b: RUINOUS LIGHT|Moonblast|p1a: Farigiraf
|-damage|p1a: Farigiraf|0 fnt
|faint|p1a: Farigiraf
|move|p1b: Kingambit|Iron Head|p2b: RUINOUS LIGHT
|-supereffective|p2b: RUINOUS LIGHT|1
|-damage|p2b: RUINOUS LIGHT|0 fnt
|faint|p2b: RUINOUS LIGHT
|
|upkeep
|
|t:|1783358958
|switch|p2b: GENERAL BLADUS|Kingambit, L50, F, shiny|100/100
|switch|p1a: Sylveon|Sylveon, L50, F|100/100
|turn|3
|
|t:|1783358981
|move|p1a: Sylveon|Detect|p1a: Sylveon
|-singleturn|p1a: Sylveon|Protect
|move|p2a: LETS GO GO|Moonblast|p1b: Kingambit
|-damage|p1b: Kingambit|67/100
|move|p2b: GENERAL BLADUS|Low Kick|p1b: Kingambit
|-supereffective|p1b: Kingambit|2
|-damage|p1b: Kingambit|0 fnt
|faint|p1b: Kingambit
|
|upkeep
|turn|4
|
|t:|1783358991
|move|p1a: Sylveon|Detect|p1a: Sylveon
|-singleturn|p1a: Sylveon|Protect
|move|p2a: LETS GO GO|Encore|p1a: Sylveon
|-activate|p1a: Sylveon|move: Protect
|move|p2b: GENERAL BLADUS|Iron Head|p1a: Sylveon
|-activate|p1a: Sylveon|move: Protect
|
|-sideend|p2: lettitripppp|move: Tailwind
|upkeep
|turn|5
|
|t:|1783358996
|move|p2a: LETS GO GO|Encore|p1a: Sylveon
|-start|p1a: Sylveon|Encore
|move|p1a: Sylveon|Detect||[still]
|-fail|p1a: Sylveon
|move|p2b: GENERAL BLADUS|Iron Head|p1a: Sylveon
|-supereffective|p1a: Sylveon|1
|-damage|p1a: Sylveon|0 fnt
|faint|p1a: Sylveon
|
|win|lettitripppp
||Julituk is ready for game 2.
