|j|☆loucario7
|j|☆goldenchimchar
|html|loucario7goldenchimchar    
|uhtml|bestof|Game 1 of a best-of-3
|t:|1756445329
|gametype|doubles
|player|p1|loucario7|firebreather|1203
|player|p2|goldenchimchar|hilbert|1101
|gen|9
|tier|[Gen 9] VGC 2025 Reg H (Bo3)
|rated|
|rule|Species Clause: Limit one of each Pokémon
|rule|Item Clause: Limit 1 of each item
|clearpoke
|poke|p1|Magmar, L50, M|
|poke|p1|Baxcalibur, L50, F|
|poke|p1|Sneasler, L50, F|
|poke|p1|Kingambit, L50, M|
|poke|p1|Rillaboom, L50, F|
|poke|p1|Gyarados, L50, F|
|poke|p2|Rillaboom, L50, F|
|poke|p2|Dragonite, L50, M|
|poke|p2|Kingambit, L50, M|
|poke|p2|Volcarona, L50, F|
|poke|p2|Sneasler, L50, M|
|poke|p2|Incineroar, L50, F|
|teampreview|4
|showteam|p1|Magmar||Eviolite|VitalSpirit|FollowMe,HeatWave,WillOWisp,Protect|||M|||50|,,,,,Fairy]Baxcalibur||LoadedDice|ThermalExchange|ScaleShot,IcicleSpear,IceShard,Protect|||F|||50|,,,,,Ghost]Sneasler||FocusSash|Unburden|DireClaw,CloseCombat,Coaching,Protect|||F|||50|,,,,,Ghost]Kingambit||SafetyGoggles|Defiant|KowtowCleave,SuckerPunch,SwordsDance,Protect|||M|||50|,,,,,Ghost]Rillaboom||AssaultVest|GrassySurge|FakeOut,WoodHammer,GrassyGlide,HighHorsepower|||F|||50|,,,,,Fire]Gyarados||FigyBerry|Intimidate|Waterfall,ThunderWave,Taunt,HelpingHand|||F|||50|,,,,,Fairy
|showteam|p2|Rillaboom||AssaultVest|GrassySurge|GrassyGlide,FakeOut,WoodHammer,Uturn|||F|||50|,,,,,Fire]Dragonite||LoadedDice|Multiscale|ScaleShot,Protect,Haze,ExtremeSpeed|||M|||50|,,,,,Fairy]Kingambit||BlackGlasses|Defiant|SuckerPunch,KowtowCleave,Protect,SwordsDance|||M|||50|,,,,,Ghost]Volcarona||CovertCloak|FlameBody|HeatWave,StruggleBug,RagePowder,Tailwind|||F|||50|,,,,,Fairy]Sneasler||GrassySeed|Unburden|CloseCombat,DireClaw,Protect,ThroatChop|||M|||50|,,,,,Dark]Incineroar||SafetyGoggles|Intimidate|FakeOut,FlareBlitz,KnockOff,PartingShot|||F|||50|,,,,,Ghost
|inactive|Battle timer is ON: inactive players will automatically lose when time's up. (requested by loucario7)
|inactive|loucario7 has 60 seconds left.
|
|t:|1756445411
|teamsize|p1|4
|teamsize|p2|4
|start
|switch|p1a: Baxcalibur|Baxcalibur, L50, F|100/100
|switch|p1b: Sneasler|Sneasler, L50, F|100/100
|switch|p2a: Volcarona|Volcarona, L50, F|100/100
|switch|p2b: Kingambit|Kingambit, L50, M|100/100
|turn|1
|inactive|loucario7 has 30 seconds left.
|inactive|goldenchimchar has 30 seconds left.
|
|t:|1756445445
|move|p2a: Volcarona|Rage Powder|p2a: Volcarona
|-singleturn|p2a: Volcarona|move: Rage Powder
|move|p1b: Sneasler|Coaching|p1a: Baxcalibur
|-boost|p1a: Baxcalibur|atk|1
|-boost|p1a: Baxcalibur|def|1
|move|p1a: Baxcalibur|Scale Shot|p2a: Volcarona
|-damage|p2a: Volcarona|75/100
|-damage|p2a: Volcarona|50/100
|-damage|p2a: Volcarona|25/100
|-damage|p2a: Volcarona|0 fnt
|faint|p2a: Volcarona
|-hitcount|p2: Volcarona|4
|-unboost|p1a: Baxcalibur|def|1
|-boost|p1a: Baxcalibur|spe|1
|move|p2b: Kingambit|Swords Dance|p2b: Kingambit
|-boost|p2b: Kingambit|atk|2
|
|upkeep
|
|t:|1756445455
|switch|p2a: Incineroar|Incineroar, L50, F|100/100
|-ability|p2a: Incineroar|Intimidate|boost
|-unboost|p1a: Baxcalibur|atk|1
|-unboost|p1b: Sneasler|atk|1
|turn|2
|
|t:|1756445480
|move|p2a: Incineroar|Fake Out|p1b: Sneasler
|-damage|p1b: Sneasler|80/100
|move|p1a: Baxcalibur|Scale Shot|p2a: Incineroar
|-damage|p2a: Incineroar|85/100
|-damage|p2a: Incineroar|72/100
|-damage|p2a: Incineroar|58/100
|-damage|p2a: Incineroar|42/100
|-hitcount|p2a: Incineroar|4
|-unboost|p1a: Baxcalibur|def|1
|-boost|p1a: Baxcalibur|spe|1
|cant|p1b: Sneasler|flinch
|move|p2b: Kingambit|Kowtow Cleave|p1a: Baxcalibur
|-damage|p1a: Baxcalibur|0 fnt
|faint|p1a: Baxcalibur
|
|upkeep
|
|t:|1756445495
|switch|p1a: Magmar|Magmar, L50, M|100/100
|turn|3
|inactive|goldenchimchar has 30 seconds left.
|
|t:|1756445522
|switch|p2a: Rillaboom|Rillaboom, L50, F|100/100
|-fieldstart|move: Grassy Terrain|[from] ability: Grassy Surge|[of] p2a: Rillaboom
|-terastallize|p2b: Kingambit|Ghost
|move|p1b: Sneasler|Close Combat|p2a: Rillaboom
|-damage|p2a: Rillaboom|61/100
|-unboost|p1b: Sneasler|def|1
|-unboost|p1b: Sneasler|spd|1
|move|p1a: Magmar|Heat Wave|p2a: Rillaboom|[spread] p2a,p2b
|-supereffective|p2a: Rillaboom
|-damage|p2a: Rillaboom|27/100
|-damage|p2b: Kingambit|77/100
|move|p2b: Kingambit|Kowtow Cleave|p1a: Magmar
|-damage|p1a: Magmar|11/100
|
|-heal|p1b: Sneasler|86/100|[from] Grassy Terrain
|-heal|p1a: Magmar|17/100|[from] Grassy Terrain
|-heal|p2a: Rillaboom|32/100|[from] Grassy Terrain
|-heal|p2b: Kingambit|83/100|[from] Grassy Terrain
|upkeep
|turn|4
|
|t:|1756445543
|move|p1b: Sneasler|Protect|p1b: Sneasler
|-singleturn|p1b: Sneasler|Protect
|move|p1a: Magmar|Protect|p1a: Magmar
|-singleturn|p1a: Magmar|Protect
|move|p2a: Rillaboom|Fake Out|p1a: Magmar
|-activate|p1a: Magmar|move: Protect
|move|p2b: Kingambit|Kowtow Cleave|p1b: Sneasler
|-activate|p1b: Sneasler|move: Protect
|
|-heal|p1b: Sneasler|92/100|[from] Grassy Terrain
|-heal|p1a: Magmar|23/100|[from] Grassy Terrain
|-heal|p2a: Rillaboom|38/100|[from] Grassy Terrain
|-heal|p2b: Kingambit|89/100|[from] Grassy Terrain
|upkeep
|turn|5
|
|t:|1756445561
|move|p2a: Rillaboom|Grassy Glide|p1a: Magmar
|-resisted|p1a: Magmar
|-damage|p1a: Magmar|9/100
|move|p1b: Sneasler|Close Combat|p2a: Rillaboom
|-damage|p2a: Rillaboom|0 fnt
|-unboost|p1b: Sneasler|def|1
|-unboost|p1b: Sneasler|spd|1
|faint|p2a: Rillaboom
|move|p1a: Magmar|Will-O-Wisp|p2b: Kingambit
|-status|p2b: Kingambit|brn
|move|p2b: Kingambit|Kowtow Cleave|p1b: Sneasler
|-resisted|p1b: Sneasler
|-damage|p1b: Sneasler|0 fnt
|faint|p1b: Sneasler
|
|-heal|p1a: Magmar|14/100|[from] Grassy Terrain
|-heal|p2b: Kingambit|95/100 brn|[from] Grassy Terrain
|-damage|p2b: Kingambit|89/100 brn|[from] brn
|upkeep
|
|t:|1756445578
|switch|p1b: Gyarados|Gyarados, L50, F, shiny|100/100
|switch|p2a: Incineroar|Incineroar, L50, F|42/100
|-ability|p2a: Incineroar|Intimidate|boost
|-unboost|p1a: Magmar|atk|1
|-unboost|p1b: Gyarados|atk|1
|-ability|p1b: Gyarados|Intimidate|boost
|-unboost|p2a: Incineroar|atk|1
|-unboost|p2b: Kingambit|atk|1
|-ability|p2b: Kingambit|Defiant|boost
|-boost|p2b: Kingambit|atk|2
|turn|6
|
|t:|1756445601
|move|p2a: Incineroar|Fake Out|p1b: Gyarados
|-damage|p1b: Gyarados|92/100
|move|p1a: Magmar|Follow Me|p1a: Magmar
|-singleturn|p1a: Magmar|move: Follow Me
|cant|p1b: Gyarados|flinch
|move|p2b: Kingambit|Kowtow Cleave|p1a: Magmar
|-damage|p1a: Magmar|0 fnt
|faint|p1a: Magmar
|
|-heal|p2a: Incineroar|48/100|[from] Grassy Terrain
|-heal|p2b: Kingambit|95/100 brn|[from] Grassy Terrain
|-damage|p2b: Kingambit|89/100 brn|[from] brn
|upkeep
|turn|7
|
|t:|1756445613
|move|p2a: Incineroar|Knock Off|p1b: Gyarados
|-damage|p1b: Gyarados|63/100
|-enditem|p1b: Gyarados|Figy Berry|[from] move: Knock Off|[of] p2a: Incineroar
|move|p1b: Gyarados|Waterfall|p2b: Kingambit
|-crit|p2b: Kingambit
|-damage|p2b: Kingambit|50/100 brn
|cant|p2b: Kingambit|flinch
|
|-heal|p2a: Incineroar|55/100|[from] Grassy Terrain
|-heal|p2b: Kingambit|56/100 brn|[from] Grassy Terrain
|-damage|p2b: Kingambit|50/100 brn|[from] brn
|-fieldend|move: Grassy Terrain
|upkeep
|turn|8
|c|☆loucario7|gg
|
|t:|1756445628
|move|p2a: Incineroar|Parting Shot|p1b: Gyarados
|-unboost|p1b: Gyarados|atk|1
|-unboost|p1b: Gyarados|spa|1
|move|p1b: Gyarados|Waterfall|p2b: Kingambit
|-damage|p2b: Kingambit|36/100 brn
|move|p2b: Kingambit|Kowtow Cleave|p1b: Gyarados
|-damage|p1b: Gyarados|0 fnt
|faint|p1b: Gyarados
|
|win|goldenchimchar
||loucario7 is ready for game 2.
