|j|☆SRareFox
|j|☆KATEGARCIA
|html|SRareFoxKATEGARCIA    
|uhtml|bestof|Game 1 of a best-of-3
|t:|1757244256
|gametype|doubles
|player|p1|SRareFox|170|1285
|player|p2|KATEGARCIA|fisherman|1308
|gen|9
|tier|[Gen 9] VGC 2025 Reg H (Bo3)
|rated|
|rule|Species Clause: Limit one of each Pokémon
|rule|Item Clause: Limit 1 of each item
|clearpoke
|poke|p1|Indeedee-F, L50, F|
|poke|p1|Gallade, L50, M|
|poke|p1|Hatterene, L50, F|
|poke|p1|Ursaluna, L50, M|
|poke|p1|Torkoal, L50, M|
|poke|p1|Porygon2, L50|
|poke|p2|Gholdengo, L50|
|poke|p2|Maushold-Four, L50|
|poke|p2|Rillaboom, L50, F|
|poke|p2|Ursaluna-Bloodmoon, L50, M|
|poke|p2|Annihilape, L50, F|
|poke|p2|Murkrow, L50, M|
|teampreview|4
|showteam|p1|Indeedee-F||SafetyGoggles|PsychicSurge|Psychic,FollowMe,TrickRoom,HelpingHand|||F|||50|,,,,,Water]Gallade||ClearAmulet|Sharpness|PsychoCut,SacredSword,TrickRoom,WideGuard|||M|||50|,,,,,Grass]Hatterene||LifeOrb|MagicBounce|ExpandingForce,DazzlingGleam,TrickRoom,MysticalFire|||F|||50|,,,,,Fire]Ursaluna||FlameOrb|Guts|Facade,HeadlongRush,Earthquake,Protect|||M|||50|,,,,,Ghost]Torkoal||Charcoal|Drought|Eruption,WeatherBall,ClearSmog,Protect|||M|||50|,,,,,Fire]Porygon2||Eviolite|Download|IceBeam,TeraBlast,TrickRoom,Recover||||||50|,,,,,Flying
|showteam|p2|Gholdengo||ChoiceSpecs|GoodasGold|MakeItRain,ShadowBall,Thunderbolt,SteelBeam||||||50|,,,,,Steel]Maushold-Four||FocusSash|FriendGuard|Taunt,FollowMe,BeatUp,Protect||||||50|,,,,,Ghost]Rillaboom||MiracleSeed|GrassySurge|FakeOut,WoodHammer,GrassyGlide,HighHorsepower|||F|||50|,,,,,Grass]Ursaluna-Bloodmoon||AssaultVest|MindsEye|BloodMoon,EarthPower,HyperVoice,VacuumWave|||M|||50|,,,,,Water]Annihilape||SitrusBerry|Defiant|DrainPunch,RageFist,BulkUp,Protect|||F|||50|,,,,,Fire]Murkrow||Eviolite|Prankster|SunnyDay,FoulPlay,Tailwind,Haze|||M|||50|,,,,,Ghost
|inactive|Battle timer is ON: inactive players will automatically lose when time's up. (requested by SRareFox)
|inactive|SRareFox has 60 seconds left.
|
|t:|1757244295
|teamsize|p1|4
|teamsize|p2|4
|start
|switch|p1a: Indeedee|Indeedee-F, L50, F|100/100
|switch|p1b: Hatterene|Hatterene, L50, F|100/100
|switch|p2a: Maushold|Maushold-Four, L50|100/100
|switch|p2b: Gholdengo|Gholdengo, L50|100/100
|-fieldstart|move: Psychic Terrain|[from] ability: Psychic Surge|[of] p1a: Indeedee
|turn|1
|inactive|KATEGARCIA has 30 seconds left.
|
|t:|1757244327
|-terastallize|p2b: Gholdengo|Steel
|-terastallize|p1b: Hatterene|Fire
|move|p2a: Maushold|Follow Me|p2a: Maushold
|-singleturn|p2a: Maushold|move: Follow Me
|move|p2b: Gholdengo|Make It Rain|p1b: Hatterene|[spread] p1a,p1b
|-resisted|p1b: Hatterene
|-damage|p1a: Indeedee|4/100
|-damage|p1b: Hatterene|48/100
|-unboost|p2b: Gholdengo|spa|1
|move|p1a: Indeedee|Psychic|p2a: Maushold
|-damage|p2a: Maushold|52/100
|move|p1b: Hatterene|Trick Room|p1b: Hatterene
|-fieldstart|move: Trick Room|[of] p1b: Hatterene
|
|upkeep
|turn|2
|
|t:|1757244349
|switch|p2a: Rillaboom|Rillaboom, L50, F|100/100
|-fieldstart|move: Grassy Terrain|[from] ability: Grassy Surge|[of] p2a: Rillaboom
|move|p1b: Hatterene|Mystical Fire|p2b: Gholdengo
|-supereffective|p2b: Gholdengo
|-damage|p2b: Gholdengo|0 fnt
|faint|p2b: Gholdengo
|-damage|p1b: Hatterene|38/100|[from] item: Life Orb
|move|p1a: Indeedee|Psychic|p2a: Rillaboom
|-damage|p2a: Rillaboom|64/100
|
|-heal|p1b: Hatterene|44/100|[from] Grassy Terrain
|-heal|p1a: Indeedee|11/100|[from] Grassy Terrain
|-heal|p2a: Rillaboom|70/100|[from] Grassy Terrain
|upkeep
|
|t:|1757244362
|switch|p2b: Ursaluna|Ursaluna-Bloodmoon, L50, M|100/100
|turn|3
|
|t:|1757244384
|switch|p2b: Maushold|Maushold-Four, L50|52/100
|move|p2a: Rillaboom|Fake Out|p1b: Hatterene
|-damage|p1b: Hatterene|28/100
|cant|p1b: Hatterene|flinch
|move|p1a: Indeedee|Psychic|p2b: Maushold
|-damage|p2b: Maushold|11/100
|
|-heal|p1b: Hatterene|34/100|[from] Grassy Terrain
|-heal|p1a: Indeedee|17/100|[from] Grassy Terrain
|-heal|p2a: Rillaboom|77/100|[from] Grassy Terrain
|-heal|p2b: Maushold|17/100|[from] Grassy Terrain
|upkeep
|turn|4
|inactive|SRareFox has 30 seconds left.
|
|t:|1757244412
|switch|p1a: Gallade|Gallade, L50, M|100/100
|switch|p2a: Ursaluna|Ursaluna-Bloodmoon, L50, M|100/100
|move|p2b: Maushold|Protect|p2b: Maushold
|-singleturn|p2b: Maushold|Protect
|move|p1b: Hatterene|Dazzling Gleam|p2a: Ursaluna|[spread] p2a
|-activate|p2b: Maushold|move: Protect
|-damage|p2a: Ursaluna|76/100
|-damage|p1b: Hatterene|24/100|[from] item: Life Orb
|
|-heal|p1b: Hatterene|30/100|[from] Grassy Terrain
|-heal|p2a: Ursaluna|82/100|[from] Grassy Terrain
|-heal|p2b: Maushold|22/100|[from] Grassy Terrain
|upkeep
|turn|5
|inactive|SRareFox has 30 seconds left.
|inactive|KATEGARCIA has 30 seconds left.
|inactive|SRareFox has 20 seconds left.
|inactive|SRareFox has 15 seconds left.
|
|t:|1757244454
|move|p2b: Maushold|Protect||[still]
|-fail|p2b: Maushold
|move|p1b: Hatterene|Mystical Fire|p2b: Maushold
|-damage|p2b: Maushold|0 fnt
|faint|p2b: Maushold
|-damage|p1b: Hatterene|21/100|[from] item: Life Orb
|move|p1a: Gallade|Sacred Sword|p2a: Ursaluna
|-supereffective|p2a: Ursaluna
|-damage|p2a: Ursaluna|0 fnt
|faint|p2a: Ursaluna
|
|-heal|p1b: Hatterene|27/100|[from] Grassy Terrain
|-fieldend|move: Trick Room
|upkeep
|-message|KATEGARCIA forfeited.
|
|win|SRareFox
|l|☆KATEGARCIA
|player|p2|
||KATEGARCIA is ready for game 2.
