|j|☆p1ch1pichi
|j|☆25th_mang
|html|p1ch1pichi25th_mang    
|uhtml|bestof|Game 1 of a best-of-3
|t:|1783409485
|gametype|doubles
|player|p1|p1ch1pichi|n|
|player|p2|25th_mang|ballguy|
|gen|9
|tier|[Gen 9 Champions] VGC 2026 Reg M-B (Bo3)
|rule|Species Clause: Limit one of each Pokémon
|rule|Item Clause: Limit 1 of each item
|clearpoke
|poke|p1|Raichu, L50, M, shiny|
|poke|p1|Meowscarada, L50, F|
|poke|p1|Incineroar, L50, M|
|poke|p1|Milotic, L50, M|
|poke|p1|Sylveon, L50, M, shiny|
|poke|p1|Ceruledge, L50, M|
|poke|p2|Chandelure, L50, M|
|poke|p2|Garchomp, L50, M|
|poke|p2|Kingambit, L50, F|
|poke|p2|Tsareena, L50, F|
|poke|p2|Whimsicott, L50, M|
|poke|p2|Starmie, L50|
|teampreview|4
|showteam|p1|Raichu||RaichuniteY|LightningRod|ZapCannon,FocusBlast,FakeOut,Protect|Timid||M|||50|]Meowscarada||ChoiceScarf|Protean|FlowerTrick,KnockOff,TripleAxel,Uturn|Adamant||F|||50|]Incineroar||Charcoal|Intimidate|PartingShot,FakeOut,FlareBlitz,ThroatChop|Adamant||M|||50|]Milotic||Leftovers|Competitive|Recover,Coil,Hypnosis,MuddyWater|Bold||M|||50|]Sylveon||FairyFeather|Pixilate|HyperVoice,HyperBeam,QuickAttack,Detect|Modest||M|||50|]Ceruledge||ColburBerry|FlashFire|Protect,BulkUp,BitterBlade,ShadowSneak|Jolly||M|||50|
|showteam|p2|Chandelure||Chandelurite|FlashFire|HeatWave,ShadowBall,TrickRoom,Protect|Modest||M|||50|]Garchomp||LifeOrb|RoughSkin|StompingTantrum,DragonClaw,RockSlide,Protect|Jolly||M|||50|]Kingambit||ChopleBerry|Defiant|IronHead,SuckerPunch,LowKick,Protect|Adamant||F|||50|]Tsareena||WideLens|QueenlyMajesty|PowerWhip,TripleAxel,HelpingHand,Protect|Adamant||F|||50|]Whimsicott||FocusSash|Prankster|Moonblast,Tailwind,Encore,SunnyDay|Modest||M|||50|]Starmie||ChoiceScarf|NaturalCure|Scald,IcyWind,Psychic,Thunderbolt|Modest|||||50|
|inactive|Battle timer is ON: inactive players will automatically lose when time's up. (requested by p1ch1pichi)
|inactive|25th_mang also wants the timer to be on.
|inactive|25th_mang no longer wants the timer on, but the timer is staying on because p1ch1pichi still does.
|inactive|p1ch1pichi has 60 seconds left.
|inactive|25th_mang has 60 seconds left.
|inactiveoff|Battle timer is now OFF.
|
|t:|1783409550
|teamsize|p1|4
|teamsize|p2|4
|start
|switch|p1a: Rosemary|Meowscarada, L50, F|100/100
|switch|p1b: GRRR|Incineroar, L50, M|100/100
|switch|p2a: Whimsicott|Whimsicott, L50, M|100/100
|switch|p2b: Chandelure|Chandelure, L50, M|100/100
|-ability|p1b: GRRR|Intimidate|boost
|-unboost|p2a: Whimsicott|atk|1
|-unboost|p2b: Chandelure|atk|1
|turn|1
|
|t:|1783409576
|switch|p2b: Tsareena|Tsareena, L50, F|100/100
|move|p1b: GRRR|Fake Out||[still]
|cant|p2b: Tsareena|ability: Queenly Majesty|Fake Out|[of] p1b: GRRR
|move|p2a: Whimsicott|Tailwind|p2a: Whimsicott
|-sidestart|p2: 25th_mang|move: Tailwind
|move|p1a: Rosemary|Knock Off|p2b: Tsareena
|-start|p1a: Rosemary|typechange|Dark|[from] ability: Protean
|-damage|p2b: Tsareena|45/100
|-enditem|p2b: Tsareena|Wide Lens|[from] move: Knock Off|[of] p1a: Rosemary
|
|upkeep
|turn|2
|
|t:|1783409610
|switch|p1b: Sylveon|Sylveon, L50, M, shiny|100/100
|move|p2a: Whimsicott|Moonblast|p1a: Rosemary
|-supereffective|p1a: Rosemary|1
|-damage|p1a: Rosemary|0 fnt
|faint|p1a: Rosemary
|move|p2b: Tsareena|Power Whip|p1b: Sylveon|[miss]
|-miss|p2b: Tsareena|p1b: Sylveon
|
|upkeep
|c|☆25th_mang|Putang ina
|c|☆p1ch1pichi|LAKAS NAMAN NG WHIM
|c|☆25th_mang|Of course
|
|t:|1783409630
|switch|p1a: GRRR|Incineroar, L50, M|100/100
|-ability|p1a: GRRR|Intimidate|boost
|-unboost|p2a: Whimsicott|atk|1
|-unboost|p2b: Tsareena|atk|1
|turn|3
|
|t:|1783409678
|move|p2b: Tsareena|Helping Hand|p2a: Whimsicott
|-singleturn|p2a: Whimsicott|Helping Hand|[of] p2b: Tsareena
|move|p2a: Whimsicott|Moonblast|p1a: GRRR
|-crit|p1a: GRRR
|-damage|p1a: GRRR|16/100
|move|p1a: GRRR|Parting Shot|p2b: Tsareena
|-unboost|p2b: Tsareena|atk|1
|-unboost|p2b: Tsareena|spa|1
|
|t:|1783409689
|switch|p1a: Kaoru|Raichu, L50, M, shiny|100/100|[from] Parting Shot
|move|p1b: Sylveon|Hyper Voice|p2a: Whimsicott|[spread] p2a,p2b
|-damage|p2a: Whimsicott|18/100
|-damage|p2b: Tsareena|0 fnt
|faint|p2b: Tsareena
|
|upkeep
|
|t:|1783409699
|switch|p2b: Chandelure|Chandelure, L50, M|100/100
|turn|4
|
|t:|1783409717
|detailschange|p2b: Chandelure|Chandelure-Mega, L50, M
|-mega|p2b: Chandelure|Chandelure|Chandelurite
|detailschange|p1a: Kaoru|Raichu-Mega-Y, L50, M, shiny
|-mega|p1a: Kaoru|Raichu|Raichunite Y
|move|p2a: Whimsicott|Sunny Day|p2a: Whimsicott
|-weather|SunnyDay
|move|p1b: Sylveon|Quick Attack|p2a: Whimsicott
|-damage|p2a: Whimsicott|0 fnt
|faint|p2a: Whimsicott
|move|p2b: Chandelure|Heat Wave|p1a: Kaoru|[spread] p1a,p1b
|-damage|p1a: Kaoru|13/100
|-damage|p1b: Sylveon|44/100
|move|p1a: Kaoru|Zap Cannon|p2b: Chandelure
|-damage|p2b: Chandelure|40/100
|-status|p2b: Chandelure|par
|
|-weather|SunnyDay|[upkeep]
|-sideend|p2: 25th_mang|move: Tailwind
|upkeep
|
|t:|1783409734
|switch|p2a: Garchomp|Garchomp, L50, M|100/100
|turn|5
|
|t:|1783409749
|switch|p1a: GRRR|Incineroar, L50, M|16/100
|-ability|p1a: GRRR|Intimidate|boost
|-unboost|p2a: Garchomp|atk|1
|-unboost|p2b: Chandelure|atk|1
|move|p2a: Garchomp|Stomping Tantrum|p1b: Sylveon
|-damage|p1b: Sylveon|12/100
|-damage|p2a: Garchomp|90/100|[from] item: Life Orb
|move|p1b: Sylveon|Hyper Voice|p2b: Chandelure|[spread] p2a,p2b
|-supereffective|p2a: Garchomp|1
|-resisted|p2b: Chandelure|1
|-damage|p2a: Garchomp|0 fnt
|-damage|p2b: Chandelure|16/100 par
|faint|p2a: Garchomp
|move|p2b: Chandelure|Heat Wave|p1a: GRRR|[spread] p1a,p1b
|-resisted|p1a: GRRR|1
|-damage|p1a: GRRR|0 fnt
|-damage|p1b: Sylveon|0 fnt
|faint|p1a: GRRR
|faint|p1b: Sylveon
|
|-weather|SunnyDay|[upkeep]
|upkeep
|
|t:|1783409766
|switch|p1a: Kaoru|Raichu-Mega-Y, L50, M, shiny|13/100
|turn|6
|
|t:|1783409772
|move|p1a: Kaoru|Zap Cannon|p2b: Chandelure
|-damage|p2b: Chandelure|0 fnt
|faint|p2b: Chandelure
|
|win|p1ch1pichi
||25th_mang is ready for game 2.
||p1ch1pichi is ready for game 2.
|uhtml|next|Next: Game 2 of 3
|l|☆25th_mang
|player|p2|
