|j|☆oLqve
|j|☆skywarrior29
|html|oLqveskywarrior29    
|uhtml|bestof|Game 1 of a best-of-3
|t:|1784806233
|gametype|doubles
|player|p1|oLqve|elesa|
|player|p2|skywarrior29|170|
|gen|9
|tier|[Gen 9 Champions] VGC 2026 Reg M-B (Bo3)
|rule|Species Clause: Limit one of each Pokémon
|rule|Item Clause: Limit 1 of each item
|clearpoke
|poke|p1|Meganium, L50, F|
|poke|p1|Garchomp, L50, F|
|poke|p1|Tyranitar, L50, F|
|poke|p1|Tinkaton, L50, F|
|poke|p1|Ariados, L50, M|
|poke|p1|Gardevoir, L50, M|
|poke|p2|Swampert, L50, F|
|poke|p2|Pelipper, L50, F|
|poke|p2|Grimmsnarl, L50, M|
|poke|p2|Archaludon, L50, M|
|poke|p2|Lopunny, L50, F|
|poke|p2|Heracross, L50, F|
|teampreview|4
|showteam|p1|Meganium||Meganiumite|Overgrow|Synthesis,WeatherBall,SolarBeam,Protect|Timid||F|||50|]Garchomp||LifeOrb|SandVeil|BrickBreak,Earthquake,RockSlide,Protect|Jolly||F|||50|]Tyranitar||Tyranitarite|SandStream|BrickBreak,KnockOff,Protect,RockSlide|Adamant||F|||50|]Tinkaton||ShucaBerry|OwnTempo|Encore,FakeOut,GigatonHammer,PlayRough|Jolly||F|||50|]Ariados||SitrusBerry|Insomnia|KnockOff,RagePowder,StickyWeb,Electroweb|Relaxed||M|||50|]Gardevoir||FocusSash|Telepathy|Encore,DestinyBond,Moonblast,WillOWisp|Calm||M|||50|
|showteam|p2|Swampert||Swampertite|Damp|Protect,WaveCrash,IcePunch,Earthquake|Adamant||F|||50|]Pelipper||SitrusBerry|Drizzle|Hurricane,WeatherBall,Tailwind,WideGuard|Quiet||F|||50|]Grimmsnarl||LightClay|Prankster|Reflect,LightScreen,PartingShot,SpiritBreak|Calm||M|||50|]Archaludon||Leftovers|Stamina|ElectroShot,Protect,FlashCannon,DragonPulse|Timid||M|||50|]Lopunny||FocusSash|CuteCharm|AfterYou,FakeOut,Encore,IcePunch|Jolly||F|||50|]Heracross||Heracronite|Moxie|CloseCombat,RockBlast,PinMissile,BulletSeed|Adamant||F|||50|
|
|t:|1784806336
|teamsize|p1|4
|teamsize|p2|4
|start
|switch|p1a: SO to kie|Meganium, L50, F|100/100
|switch|p1b: Donuts|Tyranitar, L50, F|100/100
|switch|p2a: Grimmsnarl|Grimmsnarl, L50, M|100/100
|switch|p2b: Pelipper|Pelipper, L50, F|100/100
|-weather|Sandstorm|[from] ability: Sand Stream|[of] p1b: Donuts
|-weather|RainDance|[from] ability: Drizzle|[of] p2b: Pelipper
|turn|1
|
|t:|1784806395
|detailschange|p1a: SO to kie|Meganium-Mega, L50, F
|-mega|p1a: SO to kie|Meganium|Meganiumite
|move|p1a: SO to kie|Protect|p1a: SO to kie
|-singleturn|p1a: SO to kie|Protect
|move|p2a: Grimmsnarl|Reflect|p2a: Grimmsnarl
|-sidestart|p2: skywarrior29|Reflect
|move|p1b: Donuts|Rock Slide|p2b: Pelipper|[spread] p2a,p2b
|-supereffective|p2b: Pelipper|1
|-damage|p2a: Grimmsnarl|75/100
|-damage|p2b: Pelipper|56/100
|move|p2b: Pelipper|Tailwind|p2b: Pelipper
|-sidestart|p2: skywarrior29|move: Tailwind
|
|-weather|RainDance|[upkeep]
|upkeep
|turn|2
|
|t:|1784806424
|switch|p1a: Honey|Tinkaton, L50, F|100/100
|move|p2a: Grimmsnarl|Light Screen|p2a: Grimmsnarl
|-sidestart|p2: skywarrior29|move: Light Screen
|move|p2b: Pelipper|Hurricane|p1a: Honey
|-resisted|p1a: Honey|1
|-damage|p1a: Honey|70/100
|move|p1b: Donuts|Brick Break|p2a: Grimmsnarl
|-sideend|p2: skywarrior29|Reflect
|-sideend|p2: skywarrior29|move: Light Screen
|-damage|p2a: Grimmsnarl|40/100
|
|-weather|RainDance|[upkeep]
|upkeep
|turn|3
|
|t:|1784806463
|move|p1b: Donuts|Protect|p1b: Donuts
|-singleturn|p1b: Donuts|Protect
|move|p2b: Pelipper|Wide Guard|p2b: Pelipper
|-singleturn|p2b: Pelipper|Wide Guard
|move|p2a: Grimmsnarl|Parting Shot|p1a: Honey
|-unboost|p1a: Honey|atk|1
|-unboost|p1a: Honey|spa|1
|
|t:|1784806470
|switch|p2a: Swampert|Swampert, L50, F|100/100|[from] Parting Shot
|move|p1a: Honey|Gigaton Hammer|p2a: Swampert
|-resisted|p2a: Swampert|1
|-damage|p2a: Swampert|82/100
|
|-weather|RainDance|[upkeep]
|upkeep
|turn|4
|
|t:|1784806502
|switch|p1a: SO to kie|Meganium-Mega, L50, F|100/100
|detailschange|p2a: Swampert|Swampert-Mega, L50, F
|-mega|p2a: Swampert|Swampert|Swampertite
|move|p2a: Swampert|Earthquake|p1a: SO to kie|[spread] p1a,p1b
|-immune|p2b: Pelipper
|-resisted|p1a: SO to kie|1
|-supereffective|p1b: Donuts|1
|-damage|p1a: SO to kie|75/100
|-damage|p1b: Donuts|29/100
|move|p2b: Pelipper|Hurricane|p1a: SO to kie
|-supereffective|p1a: SO to kie|1
|-damage|p1a: SO to kie|0 fnt
|faint|p1a: SO to kie
|move|p1b: Donuts|Rock Slide|p2b: Pelipper|[spread] p2a,p2b
|-resisted|p2a: Swampert|1
|-supereffective|p2b: Pelipper|1
|-damage|p2a: Swampert|68/100
|-damage|p2b: Pelipper|0 fnt
|faint|p2b: Pelipper
|
|-weather|RainDance|[upkeep]
|-sideend|p2: skywarrior29|move: Tailwind
|upkeep
|j| Rohan2202
|c| Rohan2202|yoooo
|
|t:|1784806523
|switch|p1a: Honey|Tinkaton, L50, F|70/100
|switch|p2b: Grimmsnarl|Grimmsnarl, L50, M|40/100
|turn|5
|
|t:|1784806540
|move|p1a: Honey|Fake Out|p2a: Swampert
|-damage|p2a: Swampert|60/100
|move|p2b: Grimmsnarl|Reflect|p2b: Grimmsnarl
|-sidestart|p2: skywarrior29|Reflect
|cant|p2a: Swampert|flinch
|move|p1b: Donuts|Brick Break|p2a: Swampert
|-sideend|p2: skywarrior29|Reflect
|-damage|p2a: Swampert|37/100
|
|-weather|none
|upkeep
|turn|6
|c| Rohan2202|boo skywarrior no custom names booo
|
|t:|1784806598
|move|p1b: Donuts|Protect|p1b: Donuts
|-singleturn|p1b: Donuts|Protect
|move|p2b: Grimmsnarl|Reflect|p2b: Grimmsnarl
|-sidestart|p2: skywarrior29|Reflect
|move|p1a: Honey|Play Rough|p2a: Swampert
|-damage|p2a: Swampert|21/100
|move|p2a: Swampert|Earthquake|p1a: Honey|[spread] p2b,p1a
|-activate|p1b: Donuts|move: Protect
|-supereffective|p1a: Honey|1
|-enditem|p1a: Honey|Shuca Berry|[eat]
|-enditem|p1a: Honey|Shuca Berry|[weaken]
|-damage|p2b: Grimmsnarl|3/100
|-damage|p1a: Honey|1/100
|
|upkeep
|turn|7
|
|t:|1784806644
|switch|p1b: Sweetie pie|Garchomp, L50, F|100/100
|move|p1a: Honey|Gigaton Hammer|p2a: Swampert
|-resisted|p2a: Swampert|1
|-damage|p2a: Swampert|7/100
|move|p2a: Swampert|Earthquake|p1b: Sweetie pie|[spread] p2b,p1a,p1b
|-supereffective|p1a: Honey|1
|-damage|p2b: Grimmsnarl|0 fnt
|-damage|p1a: Honey|0 fnt
|-damage|p1b: Sweetie pie|52/100
|faint|p2b: Grimmsnarl
|faint|p1a: Honey
|
|upkeep
|
|t:|1784806654
|switch|p1a: Donuts|Tyranitar, L50, F|29/100
|switch|p2b: Archaludon|Archaludon, L50, M|100/100
|-weather|Sandstorm|[from] ability: Sand Stream|[of] p1a: Donuts
|turn|8
|j| TheLastFire925
|
|t:|1784806708
|move|p2a: Swampert|Protect|p2a: Swampert
|-singleturn|p2a: Swampert|Protect
|move|p1b: Sweetie pie|Earthquake|p2a: Swampert|[spread] p1a,p2b
|-activate|p2a: Swampert|move: Protect
|-supereffective|p1a: Donuts|1
|-supereffective|p2b: Archaludon|1
|-damage|p1a: Donuts|0 fnt
|-damage|p2b: Archaludon|43/100
|-ability|p2b: Archaludon|Stamina|boost
|-boost|p2b: Archaludon|def|1
|faint|p1a: Donuts
|-damage|p1b: Sweetie pie|42/100|[from] item: Life Orb
|move|p2b: Archaludon|Dragon Pulse|p1b: Sweetie pie|[miss]
|-miss|p2b: Archaludon|p1b: Sweetie pie
|
|-weather|Sandstorm|[upkeep]
|-heal|p2b: Archaludon|49/100|[from] item: Leftovers
|upkeep
|turn|9
|
|t:|1784806747
|move|p2b: Archaludon|Protect|p2b: Archaludon
|-singleturn|p2b: Archaludon|Protect
|move|p2a: Swampert|Protect|p2a: Swampert
|-singleturn|p2a: Swampert|Protect
|move|p1b: Sweetie pie|Earthquake|p2b: Archaludon|[spread] 
|-activate|p2a: Swampert|move: Protect
|-activate|p2b: Archaludon|move: Protect
|
|-weather|Sandstorm|[upkeep]
|-heal|p2b: Archaludon|55/100|[from] item: Leftovers
|upkeep
|turn|10
|j| prythium
|j| perfect lamppost
|
|t:|1784806762
|move|p1b: Sweetie pie|Earthquake|p2b: Archaludon|[spread] p2a,p2b
|-crit|p2a: Swampert
|-supereffective|p2b: Archaludon|1
|-damage|p2a: Swampert|0 fnt
|-damage|p2b: Archaludon|17/100
|-ability|p2b: Archaludon|Stamina|boost
|-boost|p2b: Archaludon|def|1
|faint|p2a: Swampert
|-damage|p1b: Sweetie pie|32/100|[from] item: Life Orb
|move|p2b: Archaludon|Dragon Pulse|p1b: Sweetie pie
|-supereffective|p1b: Sweetie pie|1
|-damage|p1b: Sweetie pie|0 fnt
|faint|p1b: Sweetie pie
|
|win|skywarrior29
||oLqve is ready for game 2.
|inactive|skywarrior29 has 30 seconds to confirm battle start!
