|j|☆prosta1
|j|☆ale_z_plumber
|html|prosta1ale_z_plumber    
|uhtml|bestof|Game 1 of a best-of-3
|t:|1784226795
|gametype|doubles
|player|p1|prosta1|265|1054
|player|p2|ale_z_plumber|lucas-gen4pt|1000
|gen|9
|tier|[Gen 9 Champions] VGC 2026 Reg M-B (Bo3)
|rated|
|rule|Species Clause: Limit one of each Pokémon
|rule|Item Clause: Limit 1 of each item
|clearpoke
|poke|p1|Grimmsnarl, L50, M|
|poke|p1|Basculegion, L50, M|
|poke|p1|Charizard, L50, M|
|poke|p1|Pelipper, L50, F|
|poke|p1|Venusaur, L50, M|
|poke|p1|Archaludon, L50, F|
|poke|p2|Blaziken, L50, M|
|poke|p2|Aerodactyl, L50, M|
|poke|p2|Kingambit, L50, F|
|poke|p2|Basculegion, L50, M|
|poke|p2|Sylveon, L50, M|
|poke|p2|Torkoal, L50, F|
|teampreview|4
|showteam|p1|Grimmsnarl||LightClay|Prankster|SpiritBreak,PartingShot,Reflect,LightScreen|Sassy||M|||50|]Basculegion||ChoiceScarf|Adaptability|LastRespects,WaveCrash,AquaJet,FlipTurn|Jolly||M|||50|]Charizard||CharizarditeY|Blaze|Protect,HeatWave,WeatherBall,SolarBeam|Modest||M|||50|]Pelipper||SitrusBerry|Drizzle|Hurricane,WeatherBall,Tailwind,WideGuard|Modest||F|||50|]Venusaur||FocusSash|Chlorophyll|SludgeBomb,SleepPowder,EarthPower,Protect|Modest||M|||50|]Archaludon||Leftovers|Stamina|ElectroShot,DragonPulse,FlashCannon,Protect|Calm||F|||50|
|showteam|p2|Blaziken||Blazikenite|SpeedBoost|FlareBlitz,CloseCombat,RockSlide,Protect|Adamant||M|||50|]Aerodactyl||Aerodactylite|Unnerve|RockSlide,DualWingbeat,IceFang,Tailwind|Jolly||M|||50|]Kingambit||LifeOrb|Defiant|KowtowCleave,IronHead,SuckerPunch,Protect|Adamant||F|||50|]Basculegion||FocusSash|Adaptability|LastRespects,Liquidation,AquaJet,Protect|Adamant||M|||50|]Sylveon||FairyFeather|Pixilate|HyperVoice,Moonblast,QuickAttack,Protect|Modest||M|||50|]Torkoal||Leftovers|Drought|WeatherBall,BurningJealousy,Yawn,Protect|Relaxed||F|||50|
|inactive|Battle timer is ON: inactive players will automatically lose when time's up. (requested by prosta1)
|
|t:|1784226862
|teamsize|p1|4
|teamsize|p2|4
|start
|switch|p1a: Basculegion|Basculegion, L50, M|100/100
|switch|p1b: Archaludon|Archaludon, L50, F|100/100
|switch|p2a: Aerodactyl|Aerodactyl, L50, M|100/100
|switch|p2b: Sylveon|Sylveon, L50, M|100/100
|-ability|p2a: Aerodactyl|Unnerve
|turn|1
|inactive|prosta1 has 30 seconds left.
|inactive|ale_z_plumber has 30 seconds left.
|
|t:|1784226893
|detailschange|p2a: Aerodactyl|Aerodactyl-Mega, L50, M
|-mega|p2a: Aerodactyl|Aerodactyl|Aerodactylite
|move|p2a: Aerodactyl|Tailwind|p2a: Aerodactyl
|-sidestart|p2: ale_z_plumber|move: Tailwind
|move|p1a: Basculegion|Flip Turn|p1b: Archaludon
|-resisted|p1b: Archaludon|1
|-damage|p1b: Archaludon|86/100
|-ability|p1b: Archaludon|Stamina|boost
|-boost|p1b: Archaludon|def|1
|
|t:|1784226901
|switch|p1a: Pelipper|Pelipper, L50, F|100/100|[from] Flip Turn
|-weather|RainDance|[from] ability: Drizzle|[of] p1a: Pelipper
|move|p2b: Sylveon|Hyper Voice|p1a: Pelipper|[spread] p1a,p1b
|-damage|p1a: Pelipper|25/100
|-damage|p1b: Archaludon|41/100
|-ability|p1b: Archaludon|Stamina|boost
|-boost|p1b: Archaludon|def|1
|-enditem|p1a: Pelipper|Sitrus Berry|[eat]
|-heal|p1a: Pelipper|50/100g|[from] item: Sitrus Berry
|move|p1b: Archaludon|Electro Shot||[still]
|-prepare|p1b: Archaludon|Electro Shot
|-boost|p1b: Archaludon|spa|1
|-anim|p1b: Archaludon|Electro Shot|p2b: Sylveon
|-damage|p2b: Sylveon|56/100
|
|-weather|RainDance|[upkeep]
|-heal|p1b: Archaludon|47/100|[from] item: Leftovers
|upkeep
|turn|2
|inactive|prosta1 has 30 seconds left.
|inactive|ale_z_plumber has 30 seconds left.
|inactive|ale_z_plumber has 20 seconds left.
|inactive|ale_z_plumber has 15 seconds left.
|inactive|ale_z_plumber has 10 seconds left.
|inactive|ale_z_plumber has 5 seconds left.
|
|t:|1784226956
|switch|p1a: Basculegion|Basculegion, L50, M|100/100
|move|p1b: Archaludon|Protect|p1b: Archaludon
|-singleturn|p1b: Archaludon|Protect
|move|p2a: Aerodactyl|Rock Slide|p1a: Basculegion|[spread] p1a
|-activate|p1b: Archaludon|move: Protect
|-damage|p1a: Basculegion|64/100
|move|p2b: Sylveon|Hyper Voice|p1a: Basculegion|[spread] p1a
|-activate|p1b: Archaludon|move: Protect
|-damage|p1a: Basculegion|12/100
|
|-weather|RainDance|[upkeep]
|-heal|p1b: Archaludon|53/100|[from] item: Leftovers
|upkeep
|turn|3
|inactive|ale_z_plumber has 30 seconds left.
|
|t:|1784226984
|move|p1a: Basculegion|Aqua Jet|p2a: Aerodactyl
|-supereffective|p2a: Aerodactyl|1
|-damage|p2a: Aerodactyl|8/100
|move|p2a: Aerodactyl|Rock Slide|p1a: Basculegion|[spread] p1a,p1b
|-resisted|p1b: Archaludon|1
|-damage|p1a: Basculegion|0 fnt
|-damage|p1b: Archaludon|48/100
|-ability|p1b: Archaludon|Stamina|boost
|-boost|p1b: Archaludon|def|1
|faint|p1a: Basculegion
|move|p2b: Sylveon|Hyper Voice|p1b: Archaludon
|-damage|p1b: Archaludon|0 fnt
|faint|p1b: Archaludon
|
|-weather|RainDance|[upkeep]
|upkeep
|
|t:|1784226997
|switch|p1a: Pelipper|Pelipper, L50, F|50/100g
|switch|p1b: Charizard|Charizard, L50, M|100/100
|turn|4
|inactive|ale_z_plumber has 30 seconds left.
|inactive|ale_z_plumber has 20 seconds left.
|inactive|ale_z_plumber has 15 seconds left.
|inactive|ale_z_plumber has 10 seconds left.
|
|t:|1784227046
|switch|p2a: Torkoal|Torkoal, L50, F|100/100
|-weather|SunnyDay|[from] ability: Drought|[of] p2a: Torkoal
|detailschange|p1b: Charizard|Charizard-Mega-Y, L50, M
|-mega|p1b: Charizard|Charizard|Charizardite Y
|move|p1a: Pelipper|Wide Guard|p1a: Pelipper
|-singleturn|p1a: Pelipper|Wide Guard
|move|p2b: Sylveon|Moonblast|p1a: Pelipper
|-damage|p1a: Pelipper|0 fnt
|faint|p1a: Pelipper
|move|p1b: Charizard|Heat Wave|p2b: Sylveon|[spread] p2a,p2b
|-resisted|p2a: Torkoal|1
|-crit|p2b: Sylveon
|-damage|p2a: Torkoal|68/100
|-damage|p2b: Sylveon|0 fnt
|faint|p2b: Sylveon
|
|-weather|SunnyDay|[upkeep]
|-heal|p2a: Torkoal|74/100|[from] item: Leftovers
|-sideend|p2: ale_z_plumber|move: Tailwind
|upkeep
|
|t:|1784227065
|switch|p2b: Aerodactyl|Aerodactyl-Mega, L50, M|8/100
|turn|5
|
|t:|1784227080
|move|p2b: Aerodactyl|Rock Slide|p1b: Charizard|[miss]
|-miss|p2b: Aerodactyl|p1b: Charizard
|move|p1b: Charizard|Heat Wave|p2a: Torkoal|[spread] p2a,p2b
|-resisted|p2a: Torkoal|1
|-resisted|p2b: Aerodactyl|1
|-damage|p2a: Torkoal|39/100
|-damage|p2b: Aerodactyl|0 fnt
|faint|p2b: Aerodactyl
|move|p2a: Torkoal|Yawn|p1b: Charizard
|-start|p1b: Charizard|move: Yawn|[of] p2a: Torkoal
|
|-weather|SunnyDay|[upkeep]
|-heal|p2a: Torkoal|46/100|[from] item: Leftovers
|upkeep
|
|t:|1784227091
|switch|p2b: Kingambit|Kingambit, L50, F|100/100
|turn|6
|
|t:|1784227097
|move|p2b: Kingambit|Protect|p2b: Kingambit
|-singleturn|p2b: Kingambit|Protect
|move|p2a: Torkoal|Protect|p2a: Torkoal
|-singleturn|p2a: Torkoal|Protect
|move|p1b: Charizard|Heat Wave|p2b: Kingambit|[spread] 
|-activate|p2a: Torkoal|move: Protect
|-activate|p2b: Kingambit|move: Protect
|
|-weather|SunnyDay|[upkeep]
|-heal|p2a: Torkoal|52/100|[from] item: Leftovers
|-end|p1b: Charizard|move: Yawn|[silent]
|-status|p1b: Charizard|slp
|upkeep
|turn|7
|
|t:|1784227113
|cant|p1b: Charizard|slp
|move|p2b: Kingambit|Kowtow Cleave|p1b: Charizard
|-damage|p1b: Charizard|30/100 slp
|-damage|p2b: Kingambit|90/100|[from] item: Life Orb
|move|p2a: Torkoal|Weather Ball|p1b: Charizard
|-resisted|p1b: Charizard|1
|-damage|p1b: Charizard|8/100 slp
|
|-weather|SunnyDay|[upkeep]
|-heal|p2a: Torkoal|58/100|[from] item: Leftovers
|upkeep
|turn|8
|-message|prosta1 forfeited.
|
|win|ale_z_plumber
|l|☆prosta1
|player|p1|
||prosta1 is ready for game 2.
|inactive|ale_z_plumber has 30 seconds to confirm battle start!
||ale_z_plumber is ready for game 2.
|uhtml|next|Next: Game 2 of 3
