|j|☆Alex22pkmnyt
|j|☆IndianCrackCoffee
|html|Alex22pkmnytIndianCrackCoffee    
|uhtml|bestof|Game 1 of a best-of-3
|t:|1756502624
|gametype|doubles
|player|p1|Alex22pkmnyt|101|1003
|player|p2|IndianCrackCoffee|brendan-masters|1095
|gen|9
|tier|[Gen 9] VGC 2025 Reg H (Bo3)
|rated|
|rule|Species Clause: Limit one of each Pokémon
|rule|Item Clause: Limit 1 of each item
|clearpoke
|poke|p1|Tyranitar, L50, M|
|poke|p1|Excadrill, L50, F|
|poke|p1|Gastrodon, L50, M|
|poke|p1|Amoonguss, L50, M|
|poke|p1|Farigiraf, L50, M|
|poke|p1|Ursaluna-Bloodmoon, L50, M|
|poke|p2|Dragonite, L50, M|
|poke|p2|Ursaluna-Bloodmoon, L50, M|
|poke|p2|Archaludon, L50, F|
|poke|p2|Whimsicott, L50, F|
|poke|p2|Gholdengo, L50|
|poke|p2|Incineroar, L50, M|
|teampreview|4
|showteam|p1|Tyranitar||AssaultVest|SandStream|BodyPress,TeraBlast,KnockOff,RockSlide|||M|||50|,,,,,Flying]Excadrill||FocusSash|SandRush|SwordsDance,Earthquake,Protect,IronHead|||F|||50|,,,,,Ghost]Gastrodon||Leftovers|StormDrain|EarthPower,IceBeam,Yawn,Protect|||M|||50|,,,,,Fire]Amoonguss||RockyHelmet|EffectSpore|RagePowder,PollenPuff,Spore,SludgeBomb|||M|||50|,,,,,Water]Farigiraf||ThroatSpray|ArmorTail|PsychicNoise,HyperVoice,Protect,TrickRoom|||M|||50|,,,,,Water]Ursaluna-Bloodmoon||LifeOrb|MindsEye|BloodMoon,EarthPower,HyperVoice,Protect|||M|||50|,,,,,Normal
|showteam|p2|Dragonite||LoadedDice|Multiscale|ScaleShot,ExtremeSpeed,IceSpinner,Protect|||M|||50|,,,,,Fairy]Ursaluna-Bloodmoon||AssaultVest|MindsEye|BloodMoon,HyperVoice,EarthPower,VacuumWave|||M|||50|,,,,,Water]Archaludon||PowerHerb|Sturdy|ElectroShot,FlashCannon,DracoMeteor,Protect|||F|||50|,,,,,Stellar]Whimsicott||CovertCloak|Prankster|FakeTears,Tailwind,Encore,Moonblast|||F|||50|,,,,,Poison]Gholdengo||ChoiceSpecs|GoodasGold|MakeItRain,ShadowBall,PowerGem,SteelBeam||||||50|,,,,,Steel]Incineroar||MirrorHerb|Intimidate|FakeOut,PartingShot,KnockOff,FlareBlitz|||M|||50|,,,,,Ghost
|
|t:|1756502716
|teamsize|p1|4
|teamsize|p2|4
|start
|switch|p1a: Gastrodon|Gastrodon, L50, M|100/100
|switch|p1b: Excadrill|Excadrill, L50, F|100/100
|switch|p2a: Incineroar|Incineroar, L50, M|100/100
|switch|p2b: Ursaluna|Ursaluna-Bloodmoon, L50, M|100/100
|-ability|p2a: Incineroar|Intimidate|boost
|-unboost|p1a: Gastrodon|atk|1
|-unboost|p1b: Excadrill|atk|1
|turn|1
|
|t:|1756502750
|switch|p2a: Whimsicott|Whimsicott, L50, F|100/100
|move|p1b: Excadrill|Protect|p1b: Excadrill
|-singleturn|p1b: Excadrill|Protect
|move|p2b: Ursaluna|Hyper Voice|p1a: Gastrodon|[spread] p1a
|-activate|p1b: Excadrill|move: Protect
|-damage|p1a: Gastrodon|66/100
|move|p1a: Gastrodon|Yawn|p2b: Ursaluna
|-start|p2b: Ursaluna|move: Yawn|[of] p1a: Gastrodon
|
|-heal|p1a: Gastrodon|72/100|[from] item: Leftovers
|upkeep
|turn|2
|
|t:|1756502786
|switch|p2b: Incineroar|Incineroar, L50, M|100/100
|-ability|p2b: Incineroar|Intimidate|boost
|-unboost|p1a: Gastrodon|atk|1
|-unboost|p1b: Excadrill|atk|1
|move|p2a: Whimsicott|Encore|p1b: Excadrill
|-start|p1b: Excadrill|Encore
|move|p1b: Excadrill|Protect||[still]
|-fail|p1b: Excadrill
|move|p1a: Gastrodon|Earth Power|p2b: Incineroar
|-supereffective|p2b: Incineroar
|-damage|p2b: Incineroar|50/100
|
|-heal|p1a: Gastrodon|78/100|[from] item: Leftovers
|upkeep
|turn|3
|
|t:|1756502824
|switch|p1b: Farigiraf|Farigiraf, L50, M|100/100
|switch|p2b: Ursaluna|Ursaluna-Bloodmoon, L50, M|100/100
|move|p1a: Gastrodon|Protect|p1a: Gastrodon
|-singleturn|p1a: Gastrodon|Protect
|move|p2a: Whimsicott|Fake Tears||[still]
|cant|p1b: Farigiraf|ability: Armor Tail|Fake Tears|[of] p2a: Whimsicott
|
|-heal|p1a: Gastrodon|84/100|[from] item: Leftovers
|upkeep
|turn|4
|
|t:|1756502849
|move|p2a: Whimsicott|Moonblast|p1b: Farigiraf
|-damage|p1b: Farigiraf|75/100
|move|p2b: Ursaluna|Blood Moon|p1b: Farigiraf
|-damage|p1b: Farigiraf|1/100
|move|p1b: Farigiraf|Hyper Voice|p2b: Ursaluna|[spread] p2a,p2b
|-damage|p2a: Whimsicott|72/100
|-damage|p2b: Ursaluna|82/100
|-enditem|p1b: Farigiraf|Throat Spray
|-boost|p1b: Farigiraf|spa|1|[from] item: Throat Spray
|move|p1a: Gastrodon|Yawn|p2b: Ursaluna
|-start|p2b: Ursaluna|move: Yawn|[of] p1a: Gastrodon
|
|-heal|p1a: Gastrodon|90/100|[from] item: Leftovers
|upkeep
|turn|5
|
|t:|1756502876
|switch|p2b: Dragonite|Dragonite, L50, M|100/100
|move|p1b: Farigiraf|Protect|p1b: Farigiraf
|-singleturn|p1b: Farigiraf|Protect
|move|p2a: Whimsicott|Moonblast|p1b: Farigiraf
|-activate|p1b: Farigiraf|move: Protect
|move|p1a: Gastrodon|Earth Power|p2b: Dragonite
|-immune|p2b: Dragonite
|
|-heal|p1a: Gastrodon|96/100|[from] item: Leftovers
|upkeep
|turn|6
|
|t:|1756502897
|move|p2b: Dragonite|Protect|p2b: Dragonite
|-singleturn|p2b: Dragonite|Protect
|move|p2a: Whimsicott|Moonblast|p1b: Farigiraf
|-damage|p1b: Farigiraf|0 fnt
|faint|p1b: Farigiraf
|move|p1a: Gastrodon|Ice Beam|p2b: Dragonite
|-activate|p2b: Dragonite|move: Protect
|
|-heal|p1a: Gastrodon|100/100|[from] item: Leftovers
|upkeep
|
|t:|1756502906
|switch|p1b: Tyranitar|Tyranitar, L50, M|100/100
|-weather|Sandstorm|[from] ability: Sand Stream|[of] p1b: Tyranitar
|turn|7
|
|t:|1756502954
|-terastallize|p2b: Dragonite|Fairy
|move|p2a: Whimsicott|Tailwind|p2a: Whimsicott
|-sidestart|p2: IndianCrackCoffee|move: Tailwind
|move|p2b: Dragonite|Scale Shot|p1b: Tyranitar
|-damage|p1b: Tyranitar|88/100
|-damage|p1b: Tyranitar|75/100
|-damage|p1b: Tyranitar|63/100
|-damage|p1b: Tyranitar|49/100
|-damage|p1b: Tyranitar|37/100
|-hitcount|p1b: Tyranitar|5
|-unboost|p2b: Dragonite|def|1
|-boost|p2b: Dragonite|spe|1
|move|p1b: Tyranitar|Rock Slide|p2a: Whimsicott|[spread] p2a,p2b
|-damage|p2a: Whimsicott|35/100
|-damage|p2b: Dragonite|76/100
|move|p1a: Gastrodon|Yawn|p2b: Dragonite
|-start|p2b: Dragonite|move: Yawn|[of] p1a: Gastrodon
|
|-weather|Sandstorm|[upkeep]
|-damage|p2b: Dragonite|70/100|[from] Sandstorm
|-damage|p2a: Whimsicott|29/100|[from] Sandstorm
|upkeep
|turn|8
|
|t:|1756503000
|switch|p2b: Ursaluna|Ursaluna-Bloodmoon, L50, M|82/100
|move|p2a: Whimsicott|Moonblast|p1b: Tyranitar
|-supereffective|p1b: Tyranitar
|-damage|p1b: Tyranitar|12/100
|move|p1b: Tyranitar|Rock Slide|p2a: Whimsicott|[spread] p2a,p2b
|-resisted|p2b: Ursaluna
|-damage|p2a: Whimsicott|0 fnt
|-damage|p2b: Ursaluna|70/100
|faint|p2a: Whimsicott
|move|p1a: Gastrodon|Ice Beam|p2b: Ursaluna
|-supereffective|p2b: Ursaluna
|-damage|p2b: Ursaluna|44/100
|
|-weather|Sandstorm|[upkeep]
|upkeep
|
|t:|1756503015
|switch|p2a: Dragonite|Dragonite, L50, M, tera:Fairy|70/100
|turn|9
|
|t:|1756503053
|move|p2a: Dragonite|Scale Shot|p1b: Tyranitar
|-damage|p1b: Tyranitar|0 fnt
|faint|p1b: Tyranitar
|-hitcount|p1: Tyranitar|1
|-unboost|p2a: Dragonite|def|1
|-boost|p2a: Dragonite|spe|1
|move|p2b: Ursaluna|Hyper Voice|p1a: Gastrodon
|-damage|p1a: Gastrodon|59/100
|move|p1a: Gastrodon|Yawn|p2a: Dragonite
|-start|p2a: Dragonite|move: Yawn|[of] p1a: Gastrodon
|
|-weather|Sandstorm|[upkeep]
|-damage|p2a: Dragonite|64/100|[from] Sandstorm
|-heal|p1a: Gastrodon|65/100|[from] item: Leftovers
|upkeep
|
|t:|1756503067
|switch|p1b: Excadrill|Excadrill, L50, F|100/100
|turn|10
|
|t:|1756503080
|switch|p2a: Incineroar|Incineroar, L50, M|50/100
|-ability|p2a: Incineroar|Intimidate|boost
|-unboost|p1a: Gastrodon|atk|1
|-unboost|p1b: Excadrill|atk|1
|move|p1a: Gastrodon|Protect|p1a: Gastrodon
|-singleturn|p1a: Gastrodon|Protect
|move|p2b: Ursaluna|Vacuum Wave|p1b: Excadrill
|-supereffective|p1b: Excadrill
|-damage|p1b: Excadrill|57/100
|move|p1b: Excadrill|Earthquake|p2b: Ursaluna|[spread] p2a,p2b
|-activate|p1a: Gastrodon|move: Protect
|-supereffective|p2a: Incineroar
|-damage|p2a: Incineroar|0 fnt
|-damage|p2b: Ursaluna|24/100
|faint|p2a: Incineroar
|
|-weather|Sandstorm|[upkeep]
|-heal|p1a: Gastrodon|71/100|[from] item: Leftovers
|-sideend|p2: IndianCrackCoffee|move: Tailwind
|upkeep
|
|t:|1756503095
|switch|p2a: Dragonite|Dragonite, L50, M, tera:Fairy|64/100
|turn|11
|
|t:|1756503108
|move|p2a: Dragonite|Protect|p2a: Dragonite
|-singleturn|p2a: Dragonite|Protect
|move|p1b: Excadrill|Iron Head|p2a: Dragonite
|-activate|p2a: Dragonite|move: Protect
|move|p2b: Ursaluna|Blood Moon|p1a: Gastrodon
|-damage|p1a: Gastrodon|1/100
|move|p1a: Gastrodon|Yawn|p2a: Dragonite
|-activate|p2a: Dragonite|move: Protect
|
|-weather|none
|-heal|p1a: Gastrodon|7/100|[from] item: Leftovers
|upkeep
|turn|12
|
|t:|1756503132
|move|p1a: Gastrodon|Protect|p1a: Gastrodon
|-singleturn|p1a: Gastrodon|Protect
|move|p2a: Dragonite|Extreme Speed|p1b: Excadrill
|-resisted|p1b: Excadrill
|-damage|p1b: Excadrill|30/100
|move|p1b: Excadrill|Earthquake|p2b: Ursaluna|[spread] p2a,p2b
|-activate|p1a: Gastrodon|move: Protect
|-damage|p2a: Dragonite|32/100
|-damage|p2b: Ursaluna|3/100
|move|p2b: Ursaluna|Hyper Voice|p1b: Excadrill|[spread] p1b
|-activate|p1a: Gastrodon|move: Protect
|-resisted|p1b: Excadrill
|-damage|p1b: Excadrill|1/100
|
|-heal|p1a: Gastrodon|13/100|[from] item: Leftovers
|upkeep
|turn|13
|
|t:|1756503162
|move|p1b: Excadrill|Protect|p1b: Excadrill
|-singleturn|p1b: Excadrill|Protect
|move|p2a: Dragonite|Extreme Speed|p1b: Excadrill
|-activate|p1b: Excadrill|move: Protect
|move|p2b: Ursaluna|Hyper Voice|p1b: Excadrill|[spread] p1a
|-activate|p1b: Excadrill|move: Protect
|-damage|p1a: Gastrodon|0 fnt
|faint|p1a: Gastrodon
|
|upkeep
|turn|14
|
|t:|1756503179
|-terastallize|p1b: Excadrill|Ghost
|move|p2a: Dragonite|Extreme Speed|p1b: Excadrill
|-immune|p1b: Excadrill
|move|p2b: Ursaluna|Vacuum Wave|p1b: Excadrill
|-damage|p1b: Excadrill|0 fnt
|faint|p1b: Excadrill
|
|win|IndianCrackCoffee
|inactive|Alex22pkmnyt has 30 seconds to confirm battle start!
|inactive|IndianCrackCoffee has 30 seconds to confirm battle start!
