|j|☆Yubay Chocolate
|j|☆Wooperdooperpooper
|html|Yubay ChocolateWooperdooperpooper    
|uhtml|bestof|Game 3 of a best-of-3
|t:|1756389402
|gametype|doubles
|player|p1|Yubay Chocolate|kieran-champion|1173
|player|p2|Wooperdooperpooper|2|1294
|gen|9
|tier|[Gen 9] VGC 2025 Reg H (Bo3)
|rated|
|rule|Species Clause: Limit one of each Pokémon
|rule|Item Clause: Limit 1 of each item
|clearpoke
|poke|p1|Dragonite, L50, M|
|poke|p1|Volcarona, L50, F|
|poke|p1|Sneasler, L50, M|
|poke|p1|Rillaboom, L50, M|
|poke|p1|Electabuzz, L50, M|
|poke|p1|Kingambit, L50, M|
|poke|p2|Charizard, L50, F|
|poke|p2|Indeedee-F, L50, F|
|poke|p2|Ursaluna, L50, F|
|poke|p2|Torkoal, L50, F|
|poke|p2|Gallade, L50, M|
|poke|p2|Hatterene, L50, F|
|teampreview|4
|showteam|p1|Dragonite||LoadedDice|Multiscale|ScaleShot,ExtremeSpeed,Haze,Protect|||M|||50|,,,,,Fairy]Volcarona||CovertCloak|FlameBody|HeatWave,TeraBlast,QuiverDance,Protect|||F|||50|,,,,,Fairy]Sneasler||FocusSash|Unburden|CloseCombat,DireClaw,Coaching,Protect|||M|||50|,,,,,Stellar]Rillaboom||AssaultVest|GrassySurge|WoodHammer,GrassyGlide,HighHorsepower,FakeOut|||M|||50|,,,,,Water]Electabuzz||Eviolite|VitalSpirit|Electroweb,FollowMe,Taunt,Protect|||M|||50|,,,,,Ghost]Kingambit||BlackGlasses|Defiant|KowtowCleave,SuckerPunch,SwordsDance,Protect|||M|||50|,,,,,Water
|showteam|p2|Charizard||ChoiceScarf|SolarPower|HeatWave,Overheat,WeatherBall,ScorchingSands|||F|||50|,,,,,Fire]Indeedee-F||SafetyGoggles|PsychicSurge|DazzlingGleam,FollowMe,TrickRoom,HelpingHand|||F|||50|,,,,,Water]Ursaluna||FlameOrb|Guts|HeadlongRush,Facade,RockSlide,Protect|||F|||50|,,,,,Dragon]Torkoal||Charcoal|Drought|Eruption,Overheat,HelpingHand,Protect|||F|||50|,,,,,Fire]Gallade||ClearAmulet|Sharpness|SacredSword,PsychoCut,TrickRoom,WideGuard|||M|||50|,,,,,Grass]Hatterene||LifeOrb|MagicBounce|ExpandingForce,DazzlingGleam,TrickRoom,Protect|||F|||50|,,,,,Water
|inactive|Battle timer is ON: inactive players will automatically lose when time's up. (requested by Yubay Chocolate)
|
|t:|1756389407
|teamsize|p1|4
|teamsize|p2|4
|start
|switch|p1a: Sneasler|Sneasler, L50, M|100/100
|switch|p1b: Kingambit|Kingambit, L50, M|100/100
|switch|p2a: Hatterene|Hatterene, L50, F|100/100
|switch|p2b: Indeedee|Indeedee-F, L50, F|100/100
|-fieldstart|move: Psychic Terrain|[from] ability: Psychic Surge|[of] p2b: Indeedee
|turn|1
|
|t:|1756389425
|switch|p2b: Ursaluna|Ursaluna, L50, F|100/100
|-terastallize|p2a: Hatterene|Water
|move|p1a: Sneasler|Coaching|p1b: Kingambit
|-boost|p1b: Kingambit|atk|1
|-boost|p1b: Kingambit|def|1
|move|p1b: Kingambit|Kowtow Cleave|p2a: Hatterene
|-damage|p2a: Hatterene|7/100
|move|p2a: Hatterene|Trick Room|p2a: Hatterene
|-fieldstart|move: Trick Room|[of] p2a: Hatterene
|
|-status|p2b: Ursaluna|brn|[from] item: Flame Orb
|upkeep
|turn|2
|
|t:|1756389437
|switch|p1a: Rillaboom|Rillaboom, L50, M|100/100
|-fieldstart|move: Grassy Terrain|[from] ability: Grassy Surge|[of] p1a: Rillaboom
|move|p2a: Hatterene|Protect|p2a: Hatterene
|-singleturn|p2a: Hatterene|Protect
|move|p1b: Kingambit|Sucker Punch|p2b: Ursaluna
|-damage|p2b: Ursaluna|41/100 brn
|move|p2b: Ursaluna|Facade|p1a: Rillaboom
|-damage|p1a: Rillaboom|0 fnt
|faint|p1a: Rillaboom
|
|-heal|p2a: Hatterene|13/100|[from] Grassy Terrain
|-heal|p2b: Ursaluna|47/100 brn|[from] Grassy Terrain
|-damage|p2b: Ursaluna|41/100 brn|[from] brn
|upkeep
|inactive|Yubay Chocolate has 30 seconds left.
|
|t:|1756389469
|switch|p1a: Dragonite|Dragonite, L50, M|100/100
|turn|3
|
|t:|1756389480
|switch|p2b: Indeedee|Indeedee-F, L50, F|100/100
|-fieldstart|move: Psychic Terrain|[from] ability: Psychic Surge|[of] p2b: Indeedee
|move|p1b: Kingambit|Protect|p1b: Kingambit
|-singleturn|p1b: Kingambit|Protect
|move|p2a: Hatterene|Dazzling Gleam|p1a: Dragonite|[spread] p1a
|-activate|p1b: Kingambit|move: Protect
|-supereffective|p1a: Dragonite
|-damage|p1a: Dragonite|49/100
|-damage|p2a: Hatterene|3/100|[from] item: Life Orb
|move|p1a: Dragonite|Scale Shot|p2b: Indeedee
|-damage|p2b: Indeedee|85/100
|-damage|p2b: Indeedee|69/100
|-damage|p2b: Indeedee|52/100
|-damage|p2b: Indeedee|37/100
|-damage|p2b: Indeedee|21/100
|-hitcount|p2b: Indeedee|5
|-unboost|p1a: Dragonite|def|1
|-boost|p1a: Dragonite|spe|1
|
|upkeep
|turn|4
|inactive|Yubay Chocolate has 30 seconds left.
|
|t:|1756389513
|switch|p2b: Ursaluna|Ursaluna, L50, F|41/100 brn
|move|p1a: Dragonite|Protect|p1a: Dragonite
|-singleturn|p1a: Dragonite|Protect
|move|p2a: Hatterene|Dazzling Gleam|p1a: Dragonite|[spread] p1b
|-activate|p1a: Dragonite|move: Protect
|-damage|p1b: Kingambit|59/100
|-damage|p2a: Hatterene|0 fnt|[from] item: Life Orb
|faint|p2a: Hatterene
|move|p1b: Kingambit|Kowtow Cleave|p2b: Ursaluna
|-damage|p2b: Ursaluna|0 fnt
|faint|p2b: Ursaluna
|
|upkeep
|
|t:|1756389518
|switch|p2a: Indeedee|Indeedee-F, L50, F|21/100
|switch|p2b: Torkoal|Torkoal, L50, F|100/100
|-weather|SunnyDay|[from] ability: Drought|[of] p2b: Torkoal
|turn|5
|
|t:|1756389535
|move|p1b: Kingambit|Protect|p1b: Kingambit
|-singleturn|p1b: Kingambit|Protect
|move|p2b: Torkoal|Eruption|p1b: Kingambit|[spread] p1a
|-activate|p1b: Kingambit|move: Protect
|-resisted|p1a: Dragonite
|-damage|p1a: Dragonite|6/100
|move|p2a: Indeedee|Dazzling Gleam|p1a: Dragonite|[spread] p1a
|-activate|p1b: Kingambit|move: Protect
|-supereffective|p1a: Dragonite
|-damage|p1a: Dragonite|0 fnt
|faint|p1a: Dragonite
|
|-weather|SunnyDay|[upkeep]
|-fieldend|move: Trick Room
|upkeep
|
|t:|1756389539
|switch|p1a: Sneasler|Sneasler, L50, M|100/100
|turn|6
|
|t:|1756389544
|-terastallize|p1b: Kingambit|Water
|move|p2a: Indeedee|Follow Me|p2a: Indeedee
|-singleturn|p2a: Indeedee|move: Follow Me
|move|p1a: Sneasler|Dire Claw|p2a: Indeedee
|-damage|p2a: Indeedee|0 fnt
|faint|p2a: Indeedee
|move|p1b: Kingambit|Kowtow Cleave|p2b: Torkoal
|-damage|p2b: Torkoal|36/100
|move|p2b: Torkoal|Eruption|p1a: Sneasler|[spread] p1a,p1b
|-resisted|p1b: Kingambit
|-damage|p1a: Sneasler|62/100
|-damage|p1b: Kingambit|45/100
|
|-weather|SunnyDay|[upkeep]
|upkeep
|turn|7
|-message|Wooperdooperpooper forfeited.
|
|win|Yubay Chocolate
|raw|Yubay Chocolate's rating: 1173 → 1206(+33 for winning)
|raw|Wooperdooperpooper's rating: 1294 → 1261(-33 for losing)
|l|☆Wooperdooperpooper
|player|p2|
|l|☆Yubay Chocolate
|player|p1|
|j|☆Yubay Chocolate
|player|p1|Yubay Chocolate|kieran-champion|
