|j|☆viatles
|j|☆sufzguvasdgfa
|html|viatlessufzguvasdgfa    
|uhtml|bestof|Game 1 of a best-of-3
|t:|1785275371
|gametype|doubles
|player|p1|viatles|hiker|1116
|player|p2|sufzguvasdgfa|volkner|1000
|gen|9
|tier|[Gen 9 Champions] VGC 2026 Reg M-B (Bo3)
|rated|
|rule|Species Clause: Limit one of each Pokémon
|rule|Item Clause: Limit 1 of each item
|clearpoke
|poke|p1|Eelektross, L50, M|
|poke|p1|Raichu, L50, M|
|poke|p1|Tyranitar, L50, M|
|poke|p1|Gliscor, L50, M|
|poke|p1|Garchomp, L50, M|
|poke|p1|Sinistcha, L50|
|poke|p2|Snorlax, L50, M|
|poke|p2|Farigiraf, L50, M, shiny|
|poke|p2|Sinistcha, L50|
|poke|p2|Camerupt, L50, F|
|poke|p2|Hatterene, L50, F|
|poke|p2|Kingambit, L50, M|
|teampreview|4
|showteam|p1|Eelektross||Eelektrossite|Levitate|Discharge,Flamethrower,GigaDrain,Protect|Modest||M|||50|]Raichu||FocusSash|LightningRod|FakeOut,Thunderbolt,Endeavor,Protect|Hasty||M|||50|]Tyranitar||Tyranitarite|SandStream|KnockOff,RockSlide,LowKick,Protect|Adamant||M|||50|]Gliscor||BrightPowder|SandVeil|RockSlide,DualWingbeat,Tailwind,Earthquake|Adamant||M|||50|]Garchomp||ChoiceScarf|RoughSkin|DragonClaw,StompingTantrum,RockSlide,Earthquake|Adamant||M|||50|]Sinistcha||SitrusBerry|Hospitality|MatchaGotcha,RagePowder,Imprison,TrickRoom|Bold|||||50|
|showteam|p2|Snorlax||Leftovers|ThickFat|BodySlam,Protect,HeavySlam,RockSlide|Brave||M|||50|]Farigiraf||ColburBerry|ArmorTail|TrickRoom,HyperVoice,Thunderbolt,Protect|Relaxed||M|||50|]Sinistcha||SitrusBerry|Hospitality|MatchaGotcha,Protect,LifeDew,RagePowder|Bold|||||50|]Camerupt||Cameruptite|MagmaArmor|HeatWave,EarthPower,FlashCannon,Protect|Modest||F|||50|]Hatterene||KebiaBerry|MagicBounce|TrickRoom,DazzlingGleam,PsychicNoise,Protect|Sassy||F|||50|]Kingambit||LifeOrb|Defiant|KowtowCleave,IronHead,Protect,SuckerPunch|Brave||M|||50|
|c|☆viatles|gl hf
|inactive|Battle timer is ON: inactive players will automatically lose when time's up. (requested by viatles)
|inactive|viatles has 60 seconds left.
|inactive|sufzguvasdgfa has 60 seconds left.
|
|t:|1785275416
|teamsize|p1|4
|teamsize|p2|4
|start
|switch|p1a: Sinistcha|Sinistcha, L50|100/100
|switch|p1b: Eelektross|Eelektross, L50, M|100/100
|switch|p2a: Hatterene|Hatterene, L50, F|100/100
|switch|p2b: Camerupt|Camerupt, L50, F|100/100
|turn|1
|
|t:|1785275429
|detailschange|p1b: Eelektross|Eelektross-Mega, L50, M
|-mega|p1b: Eelektross|Eelektross|Eelektrossite
|detailschange|p2b: Camerupt|Camerupt-Mega, L50, F
|-mega|p2b: Camerupt|Camerupt|Cameruptite
|move|p1b: Eelektross|Giga Drain|p2b: Camerupt
|-damage|p2b: Camerupt|71/100
|move|p1a: Sinistcha|Imprison|p1a: Sinistcha
|-start|p1a: Sinistcha|move: Imprison
|move|p2a: Hatterene|Dazzling Gleam|p1a: Sinistcha|[spread] p1a,p1b
|-damage|p1a: Sinistcha|69/100
|-damage|p1b: Eelektross|72/100
|move|p2b: Camerupt|Heat Wave|p1a: Sinistcha|[spread] p1a,p1b
|-supereffective|p1a: Sinistcha|1
|-damage|p1a: Sinistcha|0 fnt
|-damage|p1b: Eelektross|8/100
|faint|p1a: Sinistcha
|
|upkeep
|
|t:|1785275444
|switch|p1a: Garchomp|Garchomp, L50, M|100/100
|turn|2
|
|t:|1785275454
|move|p2b: Camerupt|Protect|p2b: Camerupt
|-singleturn|p2b: Camerupt|Protect
|move|p1a: Garchomp|Earthquake|p2b: Camerupt|[spread] p2a
|-activate|p2b: Camerupt|move: Protect
|-immune|p1b: Eelektross|[from] ability: Eelevate
|-damage|p2a: Hatterene|50/100y
|move|p1b: Eelektross|Discharge|p2b: Camerupt|[spread] p2a
|-activate|p2b: Camerupt|move: Protect
|-immune|p1a: Garchomp
|-damage|p2a: Hatterene|23/100
|move|p2a: Hatterene|Trick Room|p2a: Hatterene
|-fieldstart|move: Trick Room|[of] p2a: Hatterene
|
|upkeep
|turn|3
|inactive|viatles has 30 seconds left.
|
|t:|1785275482
|switch|p2b: Sinistcha|Sinistcha, L50|100/100
|-heal|p2a: Hatterene|48/100|[from] ability: Hospitality|[of] p2b: Sinistcha
|switch|p1a: Gliscor|Gliscor, L50, M|100/100
|move|p2a: Hatterene|Dazzling Gleam|p1b: Eelektross|[spread] p1a,p1b
|-crit|p1a: Gliscor
|-damage|p1a: Gliscor|57/100
|-damage|p1b: Eelektross|0 fnt
|faint|p1b: Eelektross
|
|upkeep
|
|t:|1785275493
|switch|p1b: Garchomp|Garchomp, L50, M|100/100
|turn|4
|inactive|sufzguvasdgfa has 30 seconds left.
|inactive|sufzguvasdgfa has 20 seconds left.
|
|t:|1785275532
|move|p2a: Hatterene|Dazzling Gleam|p1b: Garchomp|[spread] p1a,p1b
|-supereffective|p1b: Garchomp|1
|-damage|p1a: Gliscor|27/100
|-damage|p1b: Garchomp|40/100
|move|p2b: Sinistcha|Matcha Gotcha|p1b: Garchomp|[spread] p1a,p1b
|-damage|p1a: Gliscor|2/100
|-damage|p1b: Garchomp|15/100
|move|p1a: Gliscor|Rock Slide|p2a: Hatterene|[spread] p2a,p2b
|-damage|p2a: Hatterene|34/100
|-damage|p2b: Sinistcha|89/100
|move|p1b: Garchomp|Earthquake|p2b: Sinistcha|[spread] p2a,p2b
|-immune|p1a: Gliscor
|-resisted|p2b: Sinistcha|1
|-damage|p2a: Hatterene|0 fnt
|-damage|p2b: Sinistcha|74/100
|faint|p2a: Hatterene
|
|upkeep
|
|t:|1785275548
|switch|p2a: Camerupt|Camerupt-Mega, L50, F|71/100
|turn|5
|
|t:|1785275554
|move|p2a: Camerupt|Heat Wave|p1a: Gliscor|[spread] p1b
|-miss|p2a: Camerupt|p1a: Gliscor
|-resisted|p1b: Garchomp|1
|-damage|p1b: Garchomp|0 fnt
|faint|p1b: Garchomp
|move|p2b: Sinistcha|Life Dew|p2b: Sinistcha|[spread] p2a,p2b
|-heal|p2a: Camerupt|96/100
|-heal|p2b: Sinistcha|99/100
|move|p1a: Gliscor|Rock Slide|p2b: Sinistcha|[spread] p2a
|-miss|p1a: Gliscor|p2b: Sinistcha
|-damage|p2a: Camerupt|81/100
|
|upkeep
|turn|6
|
|t:|1785275570
|move|p2a: Camerupt|Heat Wave|p1a: Gliscor
|-damage|p1a: Gliscor|0 fnt
|faint|p1a: Gliscor
|
|win|sufzguvasdgfa
||viatles is ready for game 2.
||sufzguvasdgfa is ready for game 2.
|uhtml|next|Next: Game 2 of 3
