|j|☆cocobennyy
|j|☆aveorni
|html|cocobennyyaveorni    
|uhtml|bestof|Game 3 of a best-of-3
|t:|1784638848
|gametype|doubles
|player|p1|cocobennyy|medium|1150
|player|p2|aveorni|170|1121
|gen|9
|tier|[Gen 9 Champions] VGC 2026 Reg M-B (Bo3)
|rated|
|rule|Species Clause: Limit one of each Pokémon
|rule|Item Clause: Limit 1 of each item
|clearpoke
|poke|p1|Charizard, L50, M|
|poke|p1|Mimikyu, L50, F|
|poke|p1|Politoed, L50, M|
|poke|p1|Venusaur, L50, F|
|poke|p1|Archaludon, L50, M|
|poke|p1|Sableye, L50, M|
|poke|p2|Charizard, L50, F|
|poke|p2|Venusaur, L50, F|
|poke|p2|Pelipper, L50, M|
|poke|p2|Archaludon, L50, F|
|poke|p2|Garchomp, L50, F|
|poke|p2|Incineroar, L50, M|
|teampreview|4
|showteam|p1|Charizard||CharizarditeY|Blaze|Protect,HeatWave,WeatherBall,SolarBeam|Modest||M|||50|]Mimikyu||LifeOrb|Disguise|Protect,PlayRough,WoodHammer,TrickRoom|Adamant||F|||50|]Politoed||SitrusBerry|Drizzle|Protect,PerishSong,IceBeam,WeatherBall|Calm||M|||50|]Venusaur||Venusaurite|Chlorophyll|Protect,SludgeBomb,GigaDrain,EarthPower|Modest||F|||50|]Archaludon||Leftovers|Stamina|Protect,ElectroShot,FlashCannon,DragonPulse|Timid||M|||50|]Sableye||LightClay|Prankster|Quash,RainDance,LightScreen,Reflect|Careful||M|||50|
|showteam|p2|Charizard||CharizarditeY|Blaze|WeatherBall,HeatWave,HelpingHand,Protect|Modest||F|||50|]Venusaur||LifeOrb|Chlorophyll|LeafStorm,SleepPowder,SludgeBomb,Protect|Modest||F|||50|]Pelipper||FocusSash|Drizzle|WeatherBall,Hurricane,WideGuard,Tailwind|Modest||M|||50|]Archaludon||Leftovers|Stamina|ElectroShot,DracoMeteor,Snarl,Protect|Modest||F|||50|]Garchomp||ChoiceScarf|RoughSkin|Earthquake,StompingTantrum,RockTomb,BreakingSwipe|Adamant||F|||50|]Incineroar||SitrusBerry|Intimidate|FlareBlitz,FakeOut,PartingShot,Roar|Impish||M|||50|
|inactive|Battle timer is ON: inactive players will automatically lose when time's up. (requested by aveorni)
|inactive|aveorni has 60 seconds left.
|
|t:|1784638899
|teamsize|p1|4
|teamsize|p2|4
|start
|switch|p1a: Venusaur|Venusaur, L50, F|100/100
|switch|p1b: Sableye|Sableye, L50, M|100/100
|switch|p2a: Charizard|Charizard, L50, F|100/100
|switch|p2b: Venusaur|Venusaur, L50, F|100/100
|turn|1
|inactive|cocobennyy has 30 seconds left.
|
|t:|1784638929
|detailschange|p1a: Venusaur|Venusaur-Mega, L50, F
|-mega|p1a: Venusaur|Venusaur|Venusaurite
|move|p2a: Charizard|Helping Hand|p2b: Venusaur
|-singleturn|p2b: Venusaur|Helping Hand|[of] p2a: Charizard
|move|p1b: Sableye|Rain Dance|p1b: Sableye
|-weather|RainDance
|move|p1a: Venusaur|Sludge Bomb|p2b: Venusaur
|-damage|p2b: Venusaur|42/100
|move|p2b: Venusaur|Leaf Storm|p1b: Sableye
|-damage|p1b: Sableye|0 fnt
|-unboost|p2b: Venusaur|spa|2
|faint|p1b: Sableye
|-damage|p2b: Venusaur|33/100|[from] item: Life Orb
|
|-weather|RainDance|[upkeep]
|upkeep
|
|t:|1784638949
|switch|p1b: Archaludon|Archaludon, L50, M|100/100
|turn|2
|
|t:|1784638960
|detailschange|p2a: Charizard|Charizard-Mega-Y, L50, F
|-mega|p2a: Charizard|Charizard|Charizardite Y
|-weather|SunnyDay|[from] ability: Drought|[of] p2a: Charizard
|move|p1b: Archaludon|Protect|p1b: Archaludon
|-singleturn|p1b: Archaludon|Protect
|move|p1a: Venusaur|Protect|p1a: Venusaur
|-singleturn|p1a: Venusaur|Protect
|move|p2b: Venusaur|Sleep Powder|p1b: Archaludon
|-activate|p1b: Archaludon|move: Protect
|move|p2a: Charizard|Heat Wave|p1a: Venusaur|[spread] 
|-activate|p1a: Venusaur|move: Protect
|-activate|p1b: Archaludon|move: Protect
|
|-weather|SunnyDay|[upkeep]
|upkeep
|turn|3
|inactive|cocobennyy has 30 seconds left.
|
|t:|1784638993
|switch|p2a: Garchomp|Garchomp, L50, F|100/100
|switch|p1a: Politoed|Politoed, L50, M|100/100
|-weather|RainDance|[from] ability: Drizzle|[of] p1a: Politoed
|move|p1b: Archaludon|Dragon Pulse|p2a: Garchomp
|-supereffective|p2a: Garchomp|1
|-damage|p2a: Garchomp|25/100
|move|p2b: Venusaur|Sleep Powder|p1b: Archaludon
|-status|p1b: Archaludon|slp|[from] move: Sleep Powder
|
|-weather|RainDance|[upkeep]
|upkeep
|turn|4
|inactive|cocobennyy has 30 seconds left.
|inactive|cocobennyy has 20 seconds left.
|
|t:|1784639032
|move|p1a: Politoed|Protect|p1a: Politoed
|-singleturn|p1a: Politoed|Protect
|move|p2a: Garchomp|Stomping Tantrum|p1a: Politoed
|-activate|p1a: Politoed|move: Protect
|cant|p1b: Archaludon|slp
|move|p2b: Venusaur|Leaf Storm|p1a: Politoed
|-activate|p1a: Politoed|move: Protect
|
|-weather|RainDance|[upkeep]
|upkeep
|turn|5
|inactive|cocobennyy has 30 seconds left.
|inactive|aveorni has 30 seconds left.
|inactive|aveorni has 20 seconds left.
|
|t:|1784639068
|switch|p2b: Archaludon|Archaludon, L50, F|100/100
|move|p2a: Garchomp|Stomping Tantrum|p1b: Archaludon
|-supereffective|p1b: Archaludon|1
|-damage|p1b: Archaludon|36/100 slp
|-ability|p1b: Archaludon|Stamina|boost
|-boost|p1b: Archaludon|def|1
|-curestatus|p1b: Archaludon|slp|[msg]
|move|p1b: Archaludon|Dragon Pulse|p2a: Garchomp
|-supereffective|p2a: Garchomp|1
|-crit|p2a: Garchomp
|-damage|p2a: Garchomp|0 fnt
|faint|p2a: Garchomp
|move|p1a: Politoed|Ice Beam|p2b: Archaludon
|-damage|p2b: Archaludon|76/100
|-ability|p2b: Archaludon|Stamina|boost
|-boost|p2b: Archaludon|def|1
|
|-weather|RainDance|[upkeep]
|-heal|p1b: Archaludon|42/100|[from] item: Leftovers
|-heal|p2b: Archaludon|82/100|[from] item: Leftovers
|upkeep
|
|t:|1784639084
|switch|p2a: Charizard|Charizard-Mega-Y, L50, F|100/100
|-weather|SunnyDay|[from] ability: Drought|[of] p2a: Charizard
|turn|6
|
|t:|1784639098
|move|p1b: Archaludon|Protect|p1b: Archaludon
|-singleturn|p1b: Archaludon|Protect
|move|p2a: Charizard|Weather Ball|p1b: Archaludon
|-activate|p1b: Archaludon|move: Protect
|move|p2b: Archaludon|Snarl|p1a: Politoed|[spread] p1a
|-activate|p1b: Archaludon|move: Protect
|-damage|p1a: Politoed|88/100
|-unboost|p1a: Politoed|spa|1
|move|p1a: Politoed|Weather Ball|p2b: Archaludon
|-damage|p2b: Archaludon|56/100
|-ability|p2b: Archaludon|Stamina|boost
|-boost|p2b: Archaludon|def|1
|
|-weather|SunnyDay|[upkeep]
|-heal|p1b: Archaludon|48/100|[from] item: Leftovers
|-heal|p2b: Archaludon|62/100|[from] item: Leftovers
|upkeep
|turn|7
|inactive|cocobennyy has 30 seconds left.
|inactive|cocobennyy has 20 seconds left.
|inactive|cocobennyy has 15 seconds left.
|inactive|cocobennyy has 10 seconds left.
|inactive|cocobennyy has 5 seconds left.
|
|t:|1784639150
|switch|p1a: Venusaur|Venusaur-Mega, L50, F|100/100
|move|p2a: Charizard|Heat Wave|p1b: Archaludon|[spread] p1a,p1b
|-supereffective|p1a: Venusaur|1
|-damage|p1a: Venusaur|31/100
|-damage|p1b: Archaludon|0 fnt
|faint|p1b: Archaludon
|move|p2b: Archaludon|Snarl|p1a: Venusaur|[miss]
|-miss|p2b: Archaludon|p1a: Venusaur
|
|-weather|SunnyDay|[upkeep]
|-heal|p2b: Archaludon|68/100|[from] item: Leftovers
|upkeep
|
|t:|1784639160
|switch|p1b: Politoed|Politoed, L50, M|88/100
|-weather|RainDance|[from] ability: Drizzle|[of] p1b: Politoed
|turn|8
|
|t:|1784639179
|switch|p2a: Venusaur|Venusaur, L50, F|33/100
|move|p2b: Archaludon|Protect|p2b: Archaludon
|-singleturn|p2b: Archaludon|Protect
|move|p1a: Venusaur|Earth Power|p2b: Archaludon
|-activate|p2b: Archaludon|move: Protect
|move|p1b: Politoed|Ice Beam|p2a: Venusaur
|-supereffective|p2a: Venusaur|1
|-damage|p2a: Venusaur|0 fnt
|faint|p2a: Venusaur
|
|-weather|RainDance|[upkeep]
|-heal|p2b: Archaludon|74/100|[from] item: Leftovers
|upkeep
|
|t:|1784639183
|switch|p2a: Charizard|Charizard-Mega-Y, L50, F|100/100
|-weather|SunnyDay|[from] ability: Drought|[of] p2a: Charizard
|turn|9
|
|t:|1784639202
|move|p2a: Charizard|Heat Wave|p1a: Venusaur|[spread] p1a,p1b
|-supereffective|p1a: Venusaur|1
|-resisted|p1b: Politoed|1
|-damage|p1a: Venusaur|0 fnt
|-damage|p1b: Politoed|65/100
|faint|p1a: Venusaur
|move|p2b: Archaludon|Draco Meteor|p1b: Politoed|[miss]
|-miss|p2b: Archaludon|p1b: Politoed
|move|p1b: Politoed|Perish Song|p1b: Politoed
|-start|p1b: Politoed|perish3|[silent]
|-start|p2a: Charizard|perish3|[silent]
|-start|p2b: Archaludon|perish3|[silent]
|-fieldactivate|move: Perish Song
|
|-weather|SunnyDay|[upkeep]
|-heal|p2b: Archaludon|80/100|[from] item: Leftovers
|-start|p2a: Charizard|perish3
|-start|p2b: Archaludon|perish3
|-start|p1b: Politoed|perish3
|upkeep
|turn|10
|inactive|cocobennyy has 30 seconds left.
|inactive|cocobennyy has 20 seconds left.
|inactive|aveorni has 30 seconds left.
|
|t:|1784639244
|move|p2a: Charizard|Helping Hand|p2b: Archaludon
|-singleturn|p2b: Archaludon|Helping Hand|[of] p2a: Charizard
|move|p2b: Archaludon|Draco Meteor|p1b: Politoed
|-damage|p1b: Politoed|0 fnt
|-unboost|p2b: Archaludon|spa|2
|faint|p1b: Politoed
|
|win|aveorni
|raw|cocobennyy's rating: 1150 → 1123(-27 for losing)
|raw|aveorni's rating: 1121 → 1148(+27 for winning)
|l|☆cocobennyy
|player|p1|
|j|☆cocobennyy
|player|p1|cocobennyy|medium|
