|j|☆nicven
|j|☆buf0722shito
|html|nicvenbuf0722shito    
|uhtml|bestof|Game 2 of a best-of-3
|t:|1756293322
|gametype|doubles
|player|p1|nicven|2|1313
|player|p2|buf0722shito|266|1235
|gen|9
|tier|[Gen 9] VGC 2025 Reg H (Bo3)
|rated|
|rule|Species Clause: Limit one of each Pokémon
|rule|Item Clause: Limit 1 of each item
|clearpoke
|poke|p1|Gholdengo, L50|
|poke|p1|Rillaboom, L50, M|
|poke|p1|Dragonite, L50, M|
|poke|p1|Ninetales-Alola, L50, M|
|poke|p1|Annihilape, L50, F|
|poke|p1|Magmar, L50, F|
|poke|p2|Dragonite, L50, M|
|poke|p2|Gholdengo, L50|
|poke|p2|Rillaboom, L50, F|
|poke|p2|Annihilape, L50, F|
|poke|p2|Incineroar, L50, F|
|poke|p2|Electabuzz, L50, F|
|teampreview|4
|showteam|p1|Gholdengo||GrassySeed|GoodasGold|MakeItRain,ShadowBall,NastyPlot,Protect||||||50|,,,,,Dragon]Rillaboom||AssaultVest|GrassySurge|DrumBeating,GrassyGlide,FakeOut,HighHorsepower|||M|||50|,,,,,Fire]Dragonite||LoadedDice|Multiscale|ScaleShot,Haze,Tailwind,Protect|||M|||50|,,,,,Steel]Ninetales-Alola||FocusSash|SnowWarning|Blizzard,AuroraVeil,IcicleSpear,Encore|||M|||50|,,,,,Ghost]Annihilape||SafetyGoggles|Defiant|RageFist,DrainPunch,BulkUp,Protect|||F|||50|,,,,,Water]Magmar||Eviolite|VitalSpirit|HeatWave,ClearSmog,FollowMe,Protect|||F|||50|,,,,,Fairy
|showteam|p2|Dragonite||LoadedDice|Multiscale|Protect,ScaleShot,Haze,ExtremeSpeed|||M|||50|,,,,,Fairy]Gholdengo||SitrusBerry|GoodasGold|MakeItRain,ShadowBall,NastyPlot,Protect||||||50|,,,,,Water]Rillaboom||AssaultVest|GrassySurge|FakeOut,WoodHammer,HighHorsepower,GrassyGlide|||F|||50|,,,,,Fire]Annihilape||FocusSash|Defiant|Protect,CloseCombat,RageFist,Coaching|||F|||50|,,,,,Stellar]Incineroar||MirrorHerb|Intimidate|FakeOut,FlareBlitz,KnockOff,PartingShot|||F|||50|,,,,,Ghost]Electabuzz||Eviolite|VitalSpirit|Protect,Electroweb,Taunt,FollowMe|||F|||50|,,,,,Dragon
|inactive|Battle timer is ON: inactive players will automatically lose when time's up. (requested by buf0722shito)
|
|t:|1756293405
|teamsize|p1|4
|teamsize|p2|4
|start
|switch|p1a: Ninetales|Ninetales-Alola, L50, M|100/100
|switch|p1b: Annihilape|Annihilape, L50, F|100/100
|switch|p2a: Gholdengo|Gholdengo, L50|100/100
|switch|p2b: Electabuzz|Electabuzz, L50, F|100/100
|-weather|Snowscape|[from] ability: Snow Warning|[of] p1a: Ninetales
|turn|1
|inactive|nicven has 30 seconds left.
|inactive|buf0722shito has 30 seconds left.
|inactive|nicven has 20 seconds left.
|inactive|buf0722shito has 20 seconds left.
|inactive|nicven has 15 seconds left.
|inactive|buf0722shito has 15 seconds left.
|inactive|buf0722shito has 10 seconds left.
|
|t:|1756293453
|move|p2b: Electabuzz|Follow Me|p2b: Electabuzz
|-singleturn|p2b: Electabuzz|move: Follow Me
|move|p1a: Ninetales|Blizzard|p2a: Gholdengo|[spread] p2a,p2b
|-resisted|p2a: Gholdengo
|-damage|p2a: Gholdengo|83/100
|-damage|p2b: Electabuzz|72/100
|move|p1b: Annihilape|Bulk Up|p1b: Annihilape
|-boost|p1b: Annihilape|atk|1
|-boost|p1b: Annihilape|def|1
|move|p2a: Gholdengo|Nasty Plot|p2a: Gholdengo
|-boost|p2a: Gholdengo|spa|2
|
|-weather|Snowscape|[upkeep]
|upkeep
|turn|2
|inactive|nicven has 30 seconds left.
|inactive|nicven has 20 seconds left.
|inactive|nicven has 15 seconds left.
|inactive|nicven has 10 seconds left.
|inactive|nicven has 5 seconds left.
|
|t:|1756293504
|move|p1b: Annihilape|Protect|p1b: Annihilape
|-singleturn|p1b: Annihilape|Protect
|move|p2b: Electabuzz|Follow Me|p2b: Electabuzz
|-singleturn|p2b: Electabuzz|move: Follow Me
|move|p1a: Ninetales|Blizzard|p2b: Electabuzz|[spread] p2a,p2b
|-resisted|p2a: Gholdengo
|-damage|p2a: Gholdengo|66/100
|-damage|p2b: Electabuzz|46/100
|move|p2a: Gholdengo|Shadow Ball|p1b: Annihilape
|-activate|p1b: Annihilape|move: Protect
|
|-weather|Snowscape|[upkeep]
|upkeep
|turn|3
|inactive|nicven has 30 seconds left.
|inactive|buf0722shito has 30 seconds left.
|inactive|nicven has 20 seconds left.
|
|t:|1756293539
|-terastallize|p1b: Annihilape|Water
|move|p2b: Electabuzz|Follow Me|p2b: Electabuzz
|-singleturn|p2b: Electabuzz|move: Follow Me
|move|p1a: Ninetales|Blizzard|p2b: Electabuzz|[spread] p2a,p2b
|-resisted|p2a: Gholdengo
|-damage|p2a: Gholdengo|49/100
|-damage|p2b: Electabuzz|21/100
|-status|p2b: Electabuzz|frz
|-enditem|p2a: Gholdengo|Sitrus Berry|[eat]
|-heal|p2a: Gholdengo|74/100|[from] item: Sitrus Berry
|move|p1b: Annihilape|Drain Punch|p2b: Electabuzz
|-damage|p2b: Electabuzz|0 fnt
|faint|p2b: Electabuzz
|move|p2a: Gholdengo|Shadow Ball|p1b: Annihilape
|-damage|p1b: Annihilape|27/100
|
|-weather|Snowscape|[upkeep]
|upkeep
|
|t:|1756293556
|switch|p2b: Dragonite|Dragonite, L50, M|100/100
|turn|4
|inactive|nicven has 30 seconds left.
|
|t:|1756293590
|-terastallize|p2b: Dragonite|Fairy
|move|p1b: Annihilape|Protect|p1b: Annihilape
|-singleturn|p1b: Annihilape|Protect
|move|p2a: Gholdengo|Protect|p2a: Gholdengo
|-singleturn|p2a: Gholdengo|Protect
|move|p1a: Ninetales|Aurora Veil|p1a: Ninetales
|-sidestart|p1: nicven|move: Aurora Veil
|move|p2b: Dragonite|Scale Shot|p1b: Annihilape
|-activate|p1b: Annihilape|move: Protect
|
|-weather|Snowscape|[upkeep]
|upkeep
|turn|5
|inactive|nicven has 30 seconds left.
|inactive|buf0722shito has 30 seconds left.
|
|t:|1756293620
|move|p1a: Ninetales|Encore|p2b: Dragonite
|-start|p2b: Dragonite|Encore
|move|p1b: Annihilape|Rage Fist|p2a: Gholdengo
|-supereffective|p2a: Gholdengo
|-damage|p2a: Gholdengo|0 fnt
|faint|p2a: Gholdengo
|move|p2b: Dragonite|Scale Shot|p1b: Annihilape
|-damage|p1b: Annihilape|20/100
|-damage|p1b: Annihilape|14/100
|-damage|p1b: Annihilape|8/100
|-damage|p1b: Annihilape|1/100
|-hitcount|p1b: Annihilape|4
|-unboost|p2b: Dragonite|def|1
|-boost|p2b: Dragonite|spe|1
|
|-weather|none
|upkeep
|
|t:|1756293635
|switch|p2a: Incineroar|Incineroar, L50, F|100/100
|-ability|p2a: Incineroar|Intimidate|boost
|-unboost|p1a: Ninetales|atk|1
|-unboost|p1b: Annihilape|atk|1
|-ability|p1b: Annihilape|Defiant|boost
|-boost|p1b: Annihilape|atk|2
|-enditem|p2a: Incineroar|Mirror Herb
|-boost|p2a: Incineroar|atk|2|[from] item: Mirror Herb
|turn|6
|
|t:|1756293660
|switch|p1a: Magmar|Magmar, L50, F|100/100
|move|p1b: Annihilape|Protect|p1b: Annihilape
|-singleturn|p1b: Annihilape|Protect
|move|p2b: Dragonite|Scale Shot|p1b: Annihilape
|-activate|p1b: Annihilape|move: Protect
|move|p2a: Incineroar|Flare Blitz|p1a: Magmar
|-resisted|p1a: Magmar
|-damage|p1a: Magmar|74/100
|-damage|p2a: Incineroar|93/100|[from] Recoil
|
|upkeep
|turn|7
|
|t:|1756293681
|move|p1a: Magmar|Follow Me|p1a: Magmar
|-singleturn|p1a: Magmar|move: Follow Me
|move|p2b: Dragonite|Scale Shot|p1a: Magmar
|-damage|p1a: Magmar|66/100
|-damage|p1a: Magmar|57/100
|-damage|p1a: Magmar|47/100
|-damage|p1a: Magmar|39/100
|-damage|p1a: Magmar|31/100
|-hitcount|p1a: Magmar|5
|-unboost|p2b: Dragonite|def|1
|-boost|p2b: Dragonite|spe|1
|move|p1b: Annihilape|Drain Punch|p2a: Incineroar
|-supereffective|p2a: Incineroar
|-damage|p2a: Incineroar|0 fnt
|-heal|p1b: Annihilape|45/100|[from] drain|[of] p2a: Incineroar
|faint|p2a: Incineroar
|
|-end|p2b: Dragonite|Encore
|upkeep
|turn|8
|-message|buf0722shito forfeited.
|
|win|nicven
|l|☆buf0722shito
|player|p2|
||nicven is ready for game 3.
|inactive|buf0722shito has 30 seconds to confirm battle start!
|inactive|buf0722shito has 20 seconds to confirm battle start!
||buf0722shito is ready for game 3.
|uhtml|next|Next: Game 3 of 3
