|j|☆eualefvc
|j|☆Shortslover69
|html|eualefvcShortslover69    
|uhtml|bestof|Game 1 of a best-of-3
|t:|1757707272
|gametype|doubles
|player|p1|eualefvc|266|1093
|player|p2|Shortslover69|youngster-gen4dp|1095
|gen|9
|tier|[Gen 9] VGC 2025 Reg H (Bo3)
|rated|
|rule|Species Clause: Limit one of each Pokémon
|rule|Item Clause: Limit 1 of each item
|clearpoke
|poke|p1|Incineroar, L50, F|
|poke|p1|Rillaboom, L50, F|
|poke|p1|Slowking, L50, F|
|poke|p1|Glaceon, L50, F|
|poke|p1|Minior, L50|
|poke|p1|Goodra-Hisui, L50, F|
|poke|p2|Indeedee-F, L50, F|
|poke|p2|Amoonguss, L50, F|
|poke|p2|Hatterene, L50, F|
|poke|p2|Vikavolt, L50, M|
|poke|p2|Araquanid, L50, M|
|poke|p2|Porygon2, L50|
|teampreview|4
|showteam|p1|Incineroar||SitrusBerry|Intimidate|FlareBlitz,KnockOff,PartingShot,FakeOut|||F|||50|,,,,,Water]Rillaboom||AssaultVest|GrassySurge|GrassyGlide,HighHorsepower,Uturn,FakeOut|||F|||50|,,,,,Water]Slowking||MentalHerb|Regenerator|Scald,Disable,ChillyReception,TrickRoom|||F|||50|,,,,,Dragon]Glaceon||Leftovers|IceBody|Blizzard,ShadowBall,CalmMind,Protect|||F|||50|,,,,,Ghost]Minior||FocusSash|ShieldsDown|Acrobatics,RockSlide,ShellSmash,Protect||||||50|,,,,,Rock]Goodra-Hisui||RockyHelmet|SapSipper|BreakingSwipe,IronHead,DracoMeteor,Protect|||F|||50|,,,,,Water
|showteam|p2|Indeedee-F||SafetyGoggles|PsychicSurge|Psychic,FollowMe,TrickRoom,Protect|||F|||50|,,,,,Poison]Amoonguss||RockyHelmet|Regenerator|RagePowder,PollenPuff,Spore,Protect|||F|||50|,,,,,Ghost]Hatterene||LifeOrb|MagicBounce|DazzlingGleam,ExpandingForce,TrickRoom,Protect|||F|||50|,,,,,Psychic]Vikavolt||ChoiceSpecs|Levitate|VoltSwitch,BugBuzz,Thunderbolt,TeraBlast|||M|||50|,,,,,Ground]Araquanid||ClearAmulet|WaterBubble|Liquidation,WideGuard,LeechLife,Protect|||M|||50|,,,,,Water]Porygon2||Eviolite|Download|TeraBlast,IceBeam,Recover,TrickRoom||||||50|,,,,,Fighting
|inactive|Battle timer is ON: inactive players will automatically lose when time's up. (requested by Shortslover69)
|inactive|Shortslover69 has 60 seconds left.
|
|t:|1757707324
|teamsize|p1|4
|teamsize|p2|4
|start
|switch|p1a: Slowking|Slowking, L50, F|100/100
|switch|p1b: Goodra|Goodra-Hisui, L50, F|100/100
|switch|p2a: Cicada Days|Vikavolt, L50, M|100/100
|switch|p2b: Tricking my Room|Indeedee-F, L50, F|100/100
|-fieldstart|move: Psychic Terrain|[from] ability: Psychic Surge|[of] p2b: Tricking my Room
|turn|1
|
|t:|1757707347
|move|p1b: Goodra|Draco Meteor|p2a: Cicada Days
|-damage|p2a: Cicada Days|41/100
|-unboost|p1b: Goodra|spa|2
|-prepare|p1a: Slowking|Chilly Reception|[premajor]
|move|p1a: Slowking|Chilly Reception|p1a: Slowking
|-weather|Snowscape
|
|t:|1757707354
|switch|p1a: Glaceon|Glaceon, L50, F|100/100|[from] Chilly Reception
|move|p2a: Cicada Days|Volt Switch|p1a: Glaceon
|-damage|p1a: Glaceon|46/100
|
|t:|1757707371
|switch|p2a: Lumpy Space Prin|Hatterene, L50, F|100/100|[from] Volt Switch
|move|p2b: Tricking my Room|Trick Room|p2b: Tricking my Room
|-fieldstart|move: Trick Room|[of] p2b: Tricking my Room
|
|-weather|Snowscape|[upkeep]
|-heal|p1a: Glaceon|52/100|[from] ability: Ice Body
|-heal|p1a: Glaceon|58/100|[from] item: Leftovers
|upkeep
|turn|2
|
|t:|1757707386
|switch|p1b: Rillaboom|Rillaboom, L50, F|100/100
|-fieldstart|move: Grassy Terrain|[from] ability: Grassy Surge|[of] p1b: Rillaboom
|-terastallize|p2a: Lumpy Space Prin|Psychic
|move|p2b: Tricking my Room|Follow Me|p2b: Tricking my Room
|-singleturn|p2b: Tricking my Room|move: Follow Me
|move|p2a: Lumpy Space Prin|Expanding Force|p1b: Rillaboom
|-damage|p1b: Rillaboom|53/100
|-damage|p2a: Lumpy Space Prin|91/100|[from] item: Life Orb
|move|p1a: Glaceon|Calm Mind|p1a: Glaceon
|-boost|p1a: Glaceon|spa|1
|-boost|p1a: Glaceon|spd|1
|
|-weather|Snowscape|[upkeep]
|-heal|p1a: Glaceon|64/100|[from] ability: Ice Body
|-heal|p2a: Lumpy Space Prin|97/100|[from] Grassy Terrain
|-heal|p1a: Glaceon|70/100|[from] Grassy Terrain
|-heal|p1a: Glaceon|75/100|[from] item: Leftovers
|-heal|p1b: Rillaboom|59/100|[from] Grassy Terrain
|upkeep
|turn|3
|
|t:|1757707407
|switch|p2b: Cicada Days|Vikavolt, L50, M|41/100
|move|p2a: Lumpy Space Prin|Protect|p2a: Lumpy Space Prin
|-singleturn|p2a: Lumpy Space Prin|Protect
|move|p1b: Rillaboom|Fake Out|p2a: Lumpy Space Prin
|-activate|p2a: Lumpy Space Prin|move: Protect
|move|p1a: Glaceon|Calm Mind|p1a: Glaceon
|-boost|p1a: Glaceon|spa|1
|-boost|p1a: Glaceon|spd|1
|
|-weather|Snowscape|[upkeep]
|-heal|p1a: Glaceon|81/100|[from] ability: Ice Body
|-heal|p2a: Lumpy Space Prin|100/100|[from] Grassy Terrain
|-heal|p1a: Glaceon|87/100|[from] Grassy Terrain
|-heal|p1a: Glaceon|93/100|[from] item: Leftovers
|-heal|p1b: Rillaboom|65/100|[from] Grassy Terrain
|upkeep
|turn|4
|
|t:|1757707421
|switch|p2b: Tricking my Room|Indeedee-F, L50, F|100/100
|-fieldstart|move: Psychic Terrain|[from] ability: Psychic Surge|[of] p2b: Tricking my Room
|move|p1a: Glaceon|Protect|p1a: Glaceon
|-singleturn|p1a: Glaceon|Protect
|move|p2a: Lumpy Space Prin|Expanding Force|p1a: Glaceon|[spread] p1b
|-activate|p1a: Glaceon|move: Protect
|-damage|p1b: Rillaboom|0 fnt
|faint|p1b: Rillaboom
|-damage|p2a: Lumpy Space Prin|91/100|[from] item: Life Orb
|
|-weather|Snowscape|[upkeep]
|-heal|p1a: Glaceon|99/100|[from] ability: Ice Body
|-heal|p1a: Glaceon|100/100|[from] item: Leftovers
|upkeep
|
|t:|1757707435
|switch|p1b: Goodra|Goodra-Hisui, L50, F|100/100
|turn|5
|
|t:|1757707451
|move|p2a: Lumpy Space Prin|Expanding Force|p1b: Goodra|[spread] p1a,p1b
|-resisted|p1b: Goodra
|-damage|p1a: Glaceon|52/100
|-damage|p1b: Goodra|61/100
|-damage|p2a: Lumpy Space Prin|81/100|[from] item: Life Orb
|move|p1b: Goodra|Draco Meteor|p2a: Lumpy Space Prin
|-damage|p2a: Lumpy Space Prin|30/100
|-unboost|p1b: Goodra|spa|2
|move|p1a: Glaceon|Blizzard|p2b: Tricking my Room|[spread] p2a,p2b
|-damage|p2a: Lumpy Space Prin|0 fnt
|-damage|p2b: Tricking my Room|27/100
|faint|p2a: Lumpy Space Prin
|move|p2b: Tricking my Room|Psychic|p1a: Glaceon
|-damage|p1a: Glaceon|37/100
|
|-weather|none
|-heal|p1a: Glaceon|42/100|[from] item: Leftovers
|-fieldend|move: Trick Room
|upkeep
|
|t:|1757707465
|switch|p2a: Araquanid|Araquanid, L50, M|100/100
|turn|6
|
|t:|1757707483
|move|p1a: Glaceon|Protect|p1a: Glaceon
|-singleturn|p1a: Glaceon|Protect
|move|p2a: Araquanid|Wide Guard|p2a: Araquanid
|-singleturn|p2a: Araquanid|Wide Guard
|move|p1b: Goodra|Breaking Swipe|p2a: Araquanid|[spread] 
|-activate|p2a: Araquanid|move: Wide Guard
|-activate|p2b: Tricking my Room|move: Wide Guard
|move|p2b: Tricking my Room|Trick Room|p2b: Tricking my Room
|-fieldstart|move: Trick Room|[of] p2b: Tricking my Room
|
|-heal|p1a: Glaceon|48/100|[from] item: Leftovers
|upkeep
|turn|7
|
|t:|1757707503
|switch|p1b: Slowking|Slowking, L50, F|100/100
|switch|p2b: Cicada Days|Vikavolt, L50, M|41/100
|move|p2a: Araquanid|Liquidation|p1a: Glaceon
|-damage|p1a: Glaceon|0 fnt
|faint|p1a: Glaceon
|
|upkeep
|
|t:|1757707512
|switch|p1a: Goodra|Goodra-Hisui, L50, F|61/100
|turn|8
|inactive|eualefvc has 30 seconds left.
|
|t:|1757707538
|-terastallize|p1b: Slowking|Dragon
|move|p2a: Araquanid|Leech Life|p1b: Slowking
|-damage|p1b: Slowking|79/100
|move|p2b: Cicada Days|Volt Switch|p1b: Slowking
|-resisted|p1b: Slowking
|-damage|p1b: Slowking|51/100
|
|t:|1757707545
|switch|p2b: Tricking my Room|Indeedee-F, L50, F|27/100|[from] Volt Switch
|move|p1a: Goodra|Breaking Swipe|p2a: Araquanid|[spread] p2a,p2b
|-damage|p2a: Araquanid|84/100
|-damage|p2b: Tricking my Room|13/100
|-unboost|p2b: Tricking my Room|atk|1
|move|p1b: Slowking|Trick Room|p1b: Slowking
|-fieldend|move: Trick Room
|
|-fieldend|move: Psychic Terrain
|upkeep
|turn|9
|inactive|eualefvc has 30 seconds left.
|
|t:|1757707578
|move|p2b: Tricking my Room|Follow Me|p2b: Tricking my Room
|-singleturn|p2b: Tricking my Room|move: Follow Me
|move|p1a: Goodra|Iron Head|p2b: Tricking my Room
|-damage|p2b: Tricking my Room|0 fnt
|faint|p2b: Tricking my Room
|move|p1b: Slowking|Scald|p2a: Araquanid
|-resisted|p2a: Araquanid
|-damage|p2a: Araquanid|74/100
|move|p2a: Araquanid|Leech Life|p1b: Slowking
|-damage|p1b: Slowking|27/100
|-heal|p2a: Araquanid|88/100|[from] drain|[of] p1b: Slowking
|
|upkeep
|
|t:|1757707589
|switch|p2b: Cicada Days|Vikavolt, L50, M|41/100
|turn|10
|
|t:|1757707604
|move|p1a: Goodra|Draco Meteor|p2b: Cicada Days
|-damage|p2b: Cicada Days|0 fnt
|-unboost|p1a: Goodra|spa|2
|faint|p2b: Cicada Days
|move|p1b: Slowking|Disable|p2a: Araquanid
|-start|p2a: Araquanid|Disable|Leech Life
|move|p2a: Araquanid|Liquidation|p1a: Goodra
|-resisted|p1a: Goodra
|-damage|p1a: Goodra|38/100
|-damage|p2a: Araquanid|71/100|[from] item: Rocky Helmet|[of] p1a: Goodra
|
|upkeep
|turn|11
|
|t:|1757707619
|move|p1a: Goodra|Breaking Swipe|p2a: Araquanid
|-damage|p2a: Araquanid|47/100
|move|p1b: Slowking|Scald|p2a: Araquanid
|-resisted|p2a: Araquanid
|-damage|p2a: Araquanid|36/100
|move|p2a: Araquanid|Liquidation|p1b: Slowking
|-resisted|p1b: Slowking
|-damage|p1b: Slowking|1/100
|
|upkeep
|turn|12
|
|t:|1757707644
|move|p1a: Goodra|Draco Meteor|p2a: Araquanid|[miss]
|-miss|p1a: Goodra|p2a: Araquanid
|move|p1b: Slowking|Scald|p2a: Araquanid
|-resisted|p2a: Araquanid
|-damage|p2a: Araquanid|26/100
|move|p2a: Araquanid|Liquidation|p1b: Slowking
|-resisted|p1b: Slowking
|-damage|p1b: Slowking|0 fnt
|faint|p1b: Slowking
|
|upkeep
|turn|13
|inactive|Shortslover69 has 30 seconds left.
|
|t:|1757707675
|move|p1a: Goodra|Draco Meteor|p2a: Araquanid
|-damage|p2a: Araquanid|4/100
|-unboost|p1a: Goodra|spa|2
|move|p2a: Araquanid|Liquidation|p1a: Goodra
|-resisted|p1a: Goodra
|-damage|p1a: Goodra|18/100
|-damage|p2a: Araquanid|0 fnt|[from] item: Rocky Helmet|[of] p1a: Goodra
|faint|p2a: Araquanid
|
|win|eualefvc
||Shortslover69 is ready for game 2.
||eualefvc is ready for game 2.
|uhtml|next|Next: Game 2 of 3
