|j|☆Br1_lore
|j|☆hotdiggitydawgs
|html|Br1_lorehotdiggitydawgs    
|uhtml|bestof|Game 3 of a best-of-3
|t:|1783608702
|gametype|doubles
|player|p1|Br1_lore|1|1128
|player|p2|hotdiggitydawgs|265|1236
|gen|9
|tier|[Gen 9 Champions] VGC 2026 Reg M-B (Bo3)
|rated|
|rule|Species Clause: Limit one of each Pokémon
|rule|Item Clause: Limit 1 of each item
|clearpoke
|poke|p1|Metagross, L50|
|poke|p1|Hydreigon, L50, F|
|poke|p1|Sneasler, L50, M|
|poke|p1|Aerodactyl, L50, F|
|poke|p1|Sylveon, L50, F|
|poke|p1|Maushold-Four, L50|
|poke|p2|Kingambit, L50, F|
|poke|p2|Charizard, L50, M|
|poke|p2|Aerodactyl, L50, F|
|poke|p2|Farigiraf, L50, F|
|poke|p2|Garchomp, L50, M|
|poke|p2|Sylveon, L50, F|
|teampreview|4
|showteam|p1|Metagross||Metagrossite|ClearBody|IronHead,PsychicFangs,BodyPress,Protect|Jolly|||||50|]Hydreigon||ChoiceScarf|Levitate|DracoMeteor,EarthPower,HeatWave,DarkPulse|Timid||F|||50|]Sneasler||WhiteHerb|Unburden|CloseCombat,DireClaw,FakeOut,Protect|Adamant||M|||50|]Aerodactyl||Aerodactylite|Unnerve|RockSlide,DualWingbeat,Protect,Tailwind|Jolly||F|||50|]Sylveon||FairyFeather|Pixilate|HyperBeam,HyperVoice,QuickAttack,Detect|Modest||F|||50|]Maushold-Four||ChopleBerry|FriendGuard|SuperFang,FollowMe,Protect,Charm|Jolly|||||50|
|showteam|p2|Kingambit||FocusSash|Defiant|KowtowCleave,IronHead,SuckerPunch,LowKick|Adamant||F|||50|]Charizard||CharizarditeY|Blaze|HeatWave,SolarBeam,WeatherBall,Protect|Modest||M|||50|]Aerodactyl||Aerodactylite|Unnerve|RockSlide,DualWingbeat,IceFang,Tailwind|Jolly||F|||50|]Farigiraf||SitrusBerry|ArmorTail|Psychic,Thunderbolt,TrickRoom,Protect|Bold||F|||50|]Garchomp||LifeOrb|RoughSkin|Earthquake,DragonClaw,StompingTantrum,Protect|Jolly||M|||50|]Sylveon||FairyFeather|Pixilate|HyperVoice,HyperBeam,QuickAttack,Protect|Modest||F|||50|
|inactive|Battle timer is ON: inactive players will automatically lose when time's up. (requested by hotdiggitydawgs)
|
|t:|1783608727
|teamsize|p1|4
|teamsize|p2|4
|start
|switch|p1a: Aerodactyl|Aerodactyl, L50, F|100/100
|switch|p1b: Sneasler|Sneasler, L50, M|100/100
|switch|p2a: Aerodactyl|Aerodactyl, L50, F|100/100
|switch|p2b: Kingambit|Kingambit, L50, F|100/100
|-ability|p2a: Aerodactyl|Unnerve
|-ability|p1a: Aerodactyl|Unnerve
|turn|1
|
|t:|1783608746
|detailschange|p1a: Aerodactyl|Aerodactyl-Mega, L50, F
|-mega|p1a: Aerodactyl|Aerodactyl|Aerodactylite
|detailschange|p2a: Aerodactyl|Aerodactyl-Mega, L50, F
|-mega|p2a: Aerodactyl|Aerodactyl|Aerodactylite
|move|p1b: Sneasler|Fake Out|p2a: Aerodactyl
|-resisted|p2a: Aerodactyl|1
|-damage|p2a: Aerodactyl|91/100
|move|p1a: Aerodactyl|Rock Slide|p2b: Kingambit|[spread] p2a,p2b
|-supereffective|p2a: Aerodactyl|1
|-resisted|p2b: Kingambit|1
|-damage|p2a: Aerodactyl|29/100
|-damage|p2b: Kingambit|90/100
|cant|p2a: Aerodactyl|flinch
|move|p2b: Kingambit|Iron Head|p1a: Aerodactyl
|-supereffective|p1a: Aerodactyl|1
|-damage|p1a: Aerodactyl|0 fnt
|faint|p1a: Aerodactyl
|
|upkeep
|
|t:|1783608765
|switch|p1a: Sylveon|Sylveon, L50, F|100/100
|turn|2
|
|t:|1783608775
|move|p2a: Aerodactyl|Dual Wingbeat|p1b: Sneasler|[miss]
|-miss|p2a: Aerodactyl|p1b: Sneasler
|move|p1b: Sneasler|Close Combat|p2b: Kingambit
|-supereffective|p2b: Kingambit|2
|-damage|p2b: Kingambit|0 fnt
|-unboost|p1b: Sneasler|def|1
|-unboost|p1b: Sneasler|spd|1
|faint|p2b: Kingambit
|-enditem|p1b: Sneasler|White Herb
|-clearnegativeboost|p1b: Sneasler|[silent]
|move|p1a: Sylveon|Hyper Voice|p2a: Aerodactyl
|-damage|p2a: Aerodactyl|0 fnt
|faint|p2a: Aerodactyl
|
|upkeep
|
|t:|1783608788
|switch|p2a: Garchomp|Garchomp, L50, M|100/100
|switch|p2b: Sylveon|Sylveon, L50, F|100/100
|turn|3
|c|☆hotdiggitydawgs|gg
|c|☆hotdiggitydawgs|90% to win
|inactive|hotdiggitydawgs has 30 seconds left.
|
|t:|1783608814
|move|p2b: Sylveon|Protect|p2b: Sylveon
|-singleturn|p2b: Sylveon|Protect
|move|p1b: Sneasler|Dire Claw|p2b: Sylveon
|-activate|p2b: Sylveon|move: Protect
|move|p2a: Garchomp|Stomping Tantrum|p1b: Sneasler
|-supereffective|p1b: Sneasler|1
|-damage|p1b: Sneasler|0 fnt
|faint|p1b: Sneasler
|-damage|p2a: Garchomp|90/100|[from] item: Life Orb
|move|p1a: Sylveon|Hyper Voice|p2a: Garchomp|[spread] p2a
|-activate|p2b: Sylveon|move: Protect
|-supereffective|p2a: Garchomp|1
|-damage|p2a: Garchomp|0 fnt
|faint|p2a: Garchomp
|
|upkeep
|
|t:|1783608828
|switch|p1b: Hydreigon|Hydreigon, L50, F|100/100
|turn|4
|
|t:|1783608841
|move|p1b: Hydreigon|Earth Power|p2b: Sylveon
|-damage|p2b: Sylveon|78/100
|move|p1a: Sylveon|Hyper Voice|p2b: Sylveon
|-damage|p2b: Sylveon|34/100
|move|p2b: Sylveon|Hyper Voice|p1a: Sylveon|[spread] p1a,p1b
|-supereffective|p1b: Hydreigon|2
|-damage|p1a: Sylveon|67/100
|-damage|p1b: Hydreigon|0 fnt
|faint|p1b: Hydreigon
|
|upkeep
|turn|5
|c|☆hotdiggitydawgs|wtf
|c|☆hotdiggitydawgs|are we speed tieing
|inactive|hotdiggitydawgs has 30 seconds left.
|
|t:|1783608871
|move|p1a: Sylveon|Hyper Voice|p2b: Sylveon
|-damage|p2b: Sylveon|0 fnt
|faint|p2b: Sylveon
|
|win|Br1_lore
|raw|Br1_lore's rating: 1128 → 1161(+33 for winning)
|raw|hotdiggitydawgs's rating: 1236 → 1203(-33 for losing)
|l|☆hotdiggitydawgs
|player|p2|
|c|☆Br1_lore|how much speed have your sylveon?
