|j|☆anon.mp4
|j|☆JusteBaka
|html|anon.mp4JusteBaka    
|uhtml|bestof|Game 2 of a best-of-3
|t:|1784772322
|gametype|doubles
|player|p1|anon.mp4|caitlin|
|player|p2|JusteBaka|flannery|
|gen|9
|tier|[Gen 9 Champions] VGC 2026 Reg M-B (Bo3)
|rule|Species Clause: Limit one of each Pokémon
|rule|Item Clause: Limit 1 of each item
|clearpoke
|poke|p1|Araquanid, L50, M|
|poke|p1|Sinistcha-Masterpiece, L50|
|poke|p1|Kingambit, L50, F|
|poke|p1|Sneasler, L50, F|
|poke|p1|Sceptile, L50, F|
|poke|p1|Sylveon, L50, M|
|poke|p2|Meganium, L50, M|
|poke|p2|Swampert, L50, F|
|poke|p2|Farigiraf, L50, M|
|poke|p2|Pelipper, L50, F|
|poke|p2|Sneasler, L50, F|
|poke|p2|Garchomp, L50, M|
|teampreview|4
|showteam|p1|Araquanid||MysticWater|WaterBubble|WideGuard,HydroPump,Surf,Protect|Quiet||M|||50|]Sinistcha-Masterpiece||SitrusBerry|Hospitality|MatchaGotcha,TrickRoom,RagePowder,Protect|Relaxed|||||50|]Kingambit||ChopleBerry|Defiant|KowtowCleave,SuckerPunch,IronHead,Protect|Adamant||F|||50|]Sneasler||FocusSash|Unburden|FakeOut,CloseCombat,DireClaw,Protect|Jolly||F|||50|]Sceptile||Sceptilite|Overgrow|LeafStorm,EarthPower,VacuumWave,DragonPulse|Timid||F|||50|]Sylveon||FairyFeather|Pixilate|HyperVoice,HyperBeam,QuickAttack,Detect|Modest||M|||50|
|showteam|p2|Meganium||Meganiumite|Overgrow|SolarBeam,Protect,WeatherBall,DazzlingGleam|Modest||M|||50|]Swampert||Swampertite|Damp|WaveCrash,Earthquake,RockSlide,Protect|Adamant||F|||50|]Farigiraf||SitrusBerry|ArmorTail|TwinBeam,HyperVoice,HelpingHand,TrickRoom|Bold||M|||50|]Pelipper||FocusSash|Drizzle|Protect,WeatherBall,Tailwind,Hurricane|Timid||F|||50|]Sneasler||WhiteHerb|Unburden|CloseCombat,DireClaw,Uturn,FakeOut|Adamant||F|||50|]Garchomp||LifeOrb|RoughSkin|DragonClaw,Earthquake,RockSlide,Protect|Jolly||M|||50|
|inactive|Battle timer is ON: inactive players will automatically lose when time's up. (requested by anon.mp4)
|
|t:|1784772349
|teamsize|p1|4
|teamsize|p2|4
|start
|switch|p1a: Sinistcha|Sinistcha-Masterpiece, L50|100/100
|switch|p1b: Sneasler|Sneasler, L50, F|100/100
|switch|p2a: Sneasler|Sneasler, L50, F|100/100
|switch|p2b: Farigiraf|Farigiraf, L50, M|100/100
|turn|1
|
|t:|1784772364
|move|p2a: Sneasler|Fake Out|p1b: Sneasler
|-damage|p1b: Sneasler|72/100
|move|p1a: Sinistcha|Rage Powder|p1a: Sinistcha
|-singleturn|p1a: Sinistcha|move: Rage Powder
|cant|p1b: Sneasler|flinch
|move|p2b: Farigiraf|Twin Beam|p1a: Sinistcha
|-damage|p1a: Sinistcha|80/100
|-crit|p1a: Sinistcha
|-damage|p1a: Sinistcha|55/100
|-hitcount|p1a: Sinistcha|2
|
|upkeep
|turn|2
|inactive|JusteBaka has 30 seconds left.
|inactive|JusteBaka has 20 seconds left.
|
|t:|1784772399
|move|p1b: Sneasler|Protect|p1b: Sneasler
|-singleturn|p1b: Sneasler|Protect
|move|p2a: Sneasler|U-turn|p1a: Sinistcha
|-damage|p1a: Sinistcha|35/100
|-enditem|p1a: Sinistcha|Sitrus Berry|[eat]
|-heal|p1a: Sinistcha|60/100|[from] item: Sitrus Berry
|
|t:|1784772408
|switch|p2a: Garchomp|Garchomp, L50, M|100/100|[from] U-turn
|move|p2b: Farigiraf|Twin Beam|p1b: Sneasler
|-activate|p1b: Sneasler|move: Protect
|move|p1a: Sinistcha|Trick Room|p1a: Sinistcha
|-fieldstart|move: Trick Room|[of] p1a: Sinistcha
|
|upkeep
|turn|3
|
|t:|1784772425
|switch|p1b: Kingambit|Kingambit, L50, F|100/100
|move|p2b: Farigiraf|Helping Hand|p2a: Garchomp
|-singleturn|p2a: Garchomp|Helping Hand|[of] p2b: Farigiraf
|move|p1a: Sinistcha|Matcha Gotcha|p2a: Garchomp|[spread] p2a,p2b
|-damage|p2a: Garchomp|73/100
|-heal|p1a: Sinistcha|73/100|[from] drain|[of] p2a: Garchomp
|-damage|p2b: Farigiraf|76/100
|-heal|p1a: Sinistcha|88/100|[from] drain|[of] p2b: Farigiraf
|move|p2a: Garchomp|Rock Slide|p1a: Sinistcha|[spread] p1a,p1b
|-resisted|p1b: Kingambit|1
|-damage|p1a: Sinistcha|60/100
|-damage|p1b: Kingambit|85/100
|-damage|p2a: Garchomp|63/100|[from] item: Life Orb
|
|upkeep
|turn|4
|inactive|JusteBaka has 30 seconds left.
|
|t:|1784772450
|move|p2a: Garchomp|Protect|p2a: Garchomp
|-singleturn|p2a: Garchomp|Protect
|move|p1b: Kingambit|Kowtow Cleave|p2b: Farigiraf
|-supereffective|p2b: Farigiraf|1
|-damage|p2b: Farigiraf|2/100
|-enditem|p2b: Farigiraf|Sitrus Berry|[eat]
|-heal|p2b: Farigiraf|27/100|[from] item: Sitrus Berry
|move|p1a: Sinistcha|Matcha Gotcha|p2b: Farigiraf|[spread] p2b
|-activate|p2a: Garchomp|move: Protect
|-damage|p2b: Farigiraf|4/100
|-heal|p1a: Sinistcha|75/100|[from] drain|[of] p2b: Farigiraf
|move|p2b: Farigiraf|Trick Room|p2b: Farigiraf
|-fieldend|move: Trick Room
|
|upkeep
|turn|5
|
|t:|1784772467
|move|p2b: Farigiraf|Helping Hand|p2a: Garchomp
|-singleturn|p2a: Garchomp|Helping Hand|[of] p2b: Farigiraf
|move|p1b: Kingambit|Protect|p1b: Kingambit
|-singleturn|p1b: Kingambit|Protect
|move|p2a: Garchomp|Earthquake|p1a: Sinistcha|[spread] p2b,p1a
|-activate|p1b: Kingambit|move: Protect
|-resisted|p1a: Sinistcha|1
|-damage|p2b: Farigiraf|0 fnt
|-damage|p1a: Sinistcha|46/100
|faint|p2b: Farigiraf
|-damage|p2a: Garchomp|54/100|[from] item: Life Orb
|move|p1a: Sinistcha|Matcha Gotcha|p2a: Garchomp
|-damage|p2a: Garchomp|15/100
|-heal|p1a: Sinistcha|66/100|[from] drain|[of] p2a: Garchomp
|
|upkeep
|
|t:|1784772483
|switch|p2b: Sneasler|Sneasler, L50, F|100/100
|turn|6
|
|t:|1784772501
|move|p1b: Kingambit|Protect||[still]
|-fail|p1b: Kingambit
|move|p2b: Sneasler|Close Combat|p1b: Kingambit
|-supereffective|p1b: Kingambit|2
|-enditem|p1b: Kingambit|Chople Berry|[eat]
|-enditem|p1b: Kingambit|Chople Berry|[weaken]
|-damage|p1b: Kingambit|0 fnt
|-unboost|p2b: Sneasler|def|1
|-unboost|p2b: Sneasler|spd|1
|faint|p1b: Kingambit
|-enditem|p2b: Sneasler|White Herb
|-clearnegativeboost|p2b: Sneasler|[silent]
|move|p2a: Garchomp|Rock Slide|p1a: Sinistcha
|-damage|p1a: Sinistcha|41/100
|-damage|p2a: Garchomp|6/100|[from] item: Life Orb
|move|p1a: Sinistcha|Trick Room|p1a: Sinistcha
|-fieldstart|move: Trick Room|[of] p1a: Sinistcha
|
|upkeep
|
|t:|1784772523
|switch|p1b: Sneasler|Sneasler, L50, F|72/100
|turn|7
|
|t:|1784772534
|move|p1b: Sneasler|Fake Out|p2a: Garchomp
|-damage|p2a: Garchomp|0 fnt
|-damage|p1b: Sneasler|60/100|[from] ability: Rough Skin|[of] p2a: Garchomp
|faint|p2a: Garchomp
|move|p1a: Sinistcha|Rage Powder|p1a: Sinistcha
|-singleturn|p1a: Sinistcha|move: Rage Powder
|move|p2b: Sneasler|Dire Claw|p1a: Sinistcha
|-damage|p1a: Sinistcha|7/100
|-status|p1a: Sinistcha|psn
|
|-damage|p1a: Sinistcha|0 fnt|[from] psn
|faint|p1a: Sinistcha
|upkeep
|
|t:|1784772547
|switch|p1a: Sylveon|Sylveon, L50, M|100/100
|switch|p2a: Cucumber|Meganium, L50, M|100/100
|turn|8
|
|t:|1784772561
|detailschange|p2a: Cucumber|Meganium-Mega, L50, M
|-mega|p2a: Cucumber|Meganium|Meganiumite
|move|p1b: Sneasler|Protect|p1b: Sneasler
|-singleturn|p1b: Sneasler|Protect
|move|p1a: Sylveon|Hyper Voice|p2b: Sneasler|[spread] p2a,p2b
|-damage|p2a: Cucumber|61/100
|-damage|p2b: Sneasler|42/100
|move|p2a: Cucumber|Weather Ball|p1b: Sneasler
|-activate|p1b: Sneasler|move: Protect
|move|p2b: Sneasler|Dire Claw|p1a: Sylveon
|-supereffective|p1a: Sylveon|1
|-damage|p1a: Sylveon|1/100
|-status|p1a: Sylveon|par
|
|upkeep
|turn|9
|
|t:|1784772580
|move|p1a: Sylveon|Hyper Voice|p2b: Sneasler|[spread] p2a,p2b
|-damage|p2a: Cucumber|21/100
|-damage|p2b: Sneasler|0 fnt
|faint|p2b: Sneasler
|move|p2a: Cucumber|Weather Ball|p1b: Sneasler
|-damage|p1b: Sneasler|0 fnt
|faint|p1b: Sneasler
|
|upkeep
|turn|10
|
|t:|1784772591
|move|p2a: Cucumber|Protect|p2a: Cucumber
|-singleturn|p2a: Cucumber|Protect
|move|p1a: Sylveon|Hyper Beam|p2a: Cucumber
|-activate|p2a: Cucumber|move: Protect
|
|-fieldend|move: Trick Room
|upkeep
|turn|11
|
|t:|1784772599
|move|p1a: Sylveon|Detect|p1a: Sylveon
|-singleturn|p1a: Sylveon|Protect
|move|p2a: Cucumber|Solar Beam||[still]
|-prepare|p2a: Cucumber|Solar Beam
|-activate|p2a: Cucumber|ability: Mega Sol
|-anim|p2a: Cucumber|Solar Beam|p1a: Sylveon
|-activate|p1a: Sylveon|move: Protect
|
|upkeep
|turn|12
|
|t:|1784772610
|move|p1a: Sylveon|Quick Attack|p2a: Cucumber
|-damage|p2a: Cucumber|8/100
|move|p2a: Cucumber|Solar Beam||[still]
|-prepare|p2a: Cucumber|Solar Beam
|-activate|p2a: Cucumber|ability: Mega Sol
|-anim|p2a: Cucumber|Solar Beam|p1a: Sylveon
|-damage|p1a: Sylveon|0 fnt
|faint|p1a: Sylveon
|
|win|JusteBaka
|c|☆anon.mp4|gg
|c|☆JusteBaka|gg
