|j|☆WeVibein
|j|☆ProtoZeroYT
|html|WeVibeinProtoZeroYT    
|uhtml|bestof|Game 2 of a best-of-3
|t:|1757136189
|gametype|doubles
|player|p1|WeVibein|170|1109
|player|p2|ProtoZeroYT|miku-flying|1039
|gen|9
|tier|[Gen 9] VGC 2025 Reg H (Bo3)
|rated|
|rule|Species Clause: Limit one of each Pokémon
|rule|Item Clause: Limit 1 of each item
|clearpoke
|poke|p1|Ursaluna, L50, M|
|poke|p1|Incineroar, L50, F|
|poke|p1|Porygon2, L50|
|poke|p1|Amoonguss, L50, F|
|poke|p1|Primarina, L50, F|
|poke|p1|Dragonite, L50, M|
|poke|p2|Sneasler, L50, F|
|poke|p2|Indeedee, L50, M|
|poke|p2|Volcarona, L50, M|
|poke|p2|Ursaluna-Bloodmoon, L50, M|
|poke|p2|Annihilape, L50, F|
|poke|p2|Tyranitar, L50, M|
|teampreview|4
|showteam|p1|Ursaluna||FlameOrb|Guts|Facade,HeadlongRush,CloseCombat,Protect|||M|||50|,,,,,Normal]Incineroar||SafetyGoggles|Intimidate|FlareBlitz,KnockOff,PartingShot,FakeOut|||F|||50|,,,,,Grass]Porygon2||Eviolite|Download|TrickRoom,TeraBlast,Thunderbolt,Protect||||||50|,,,,,Flying]Amoonguss||RockyHelmet|Regenerator|Spore,RagePowder,SludgeBomb,Protect|||F|||50|,,,,,Ghost]Primarina||LifeOrb|LiquidVoice|HyperVoice,Moonblast,Psychic,Protect|||F|||50|,,,,,Poison]Dragonite||LoadedDice|Multiscale|ScaleShot,Tailwind,AerialAce,Protect|||M|||50|,,,,,Fairy
|showteam|p2|Sneasler||PsychicSeed|Unburden|CloseCombat,DireClaw,ThroatChop,Protect|||F|||50|,,,,,Dark]Indeedee||ChoiceScarf|PsychicSurge|ExpandingForce,TeraBlast,Trick,Protect|||M|||50|,,,,,Psychic]Volcarona||SitrusBerry|FlameBody|Overheat,StruggleBug,RagePowder,Tailwind|||M|||50|,,,,,Grass]Ursaluna-Bloodmoon||LifeOrb|MindsEye|BloodMoon,HyperVoice,EarthPower,Protect|||M|||50|,,,,,Normal]Annihilape||SafetyGoggles|Defiant|CloseCombat,RageFist,Taunt,FinalGambit|||F|||50|,,,,,Fairy]Tyranitar||AssaultVest|SandStream|RockSlide,KnockOff,TeraBlast,LowKick|||M|||50|,,,,,Flying
|
|t:|1757136218
|teamsize|p1|4
|teamsize|p2|4
|start
|switch|p1a: Dragonite|Dragonite, L50, M|100/100
|switch|p1b: Primarina|Primarina, L50, F|100/100
|switch|p2a: Indeedee|Indeedee, L50, M|100/100
|switch|p2b: Sneasler|Sneasler, L50, F|100/100
|-fieldstart|move: Psychic Terrain|[from] ability: Psychic Surge|[of] p2a: Indeedee
|-enditem|p2b: Sneasler|Psychic Seed
|-boost|p2b: Sneasler|spd|1|[from] item: Psychic Seed
|turn|1
|inactive|Battle timer is ON: inactive players will automatically lose when time's up. (requested by ProtoZeroYT)
|
|t:|1757136248
|move|p1b: Primarina|Protect|p1b: Primarina
|-singleturn|p1b: Primarina|Protect
|move|p2b: Sneasler|Throat Chop|p1a: Dragonite
|-damage|p1a: Dragonite|87/100
|-start|p1a: Dragonite|Throat Chop|[silent]
|move|p2a: Indeedee|Expanding Force|p1b: Primarina|[spread] p1a
|-activate|p1b: Primarina|move: Protect
|-damage|p1a: Dragonite|33/100
|move|p1a: Dragonite|Scale Shot|p2a: Indeedee
|-damage|p2a: Indeedee|70/100
|-damage|p2a: Indeedee|38/100
|-damage|p2a: Indeedee|9/100
|-damage|p2a: Indeedee|0 fnt
|faint|p2a: Indeedee
|-hitcount|p2: Indeedee|4
|-unboost|p1a: Dragonite|def|1
|-boost|p1a: Dragonite|spe|1
|
|upkeep
|
|t:|1757136259
|switch|p2a: Volcarona|Volcarona, L50, M|100/100
|turn|2
|
|t:|1757136281
|switch|p1b: Incineroar|Incineroar, L50, F|100/100
|-ability|p1b: Incineroar|Intimidate|boost
|-unboost|p2a: Volcarona|atk|1
|-unboost|p2b: Sneasler|atk|1
|move|p2b: Sneasler|Dire Claw|p1b: Incineroar
|-damage|p1b: Incineroar|69/100
|-status|p1b: Incineroar|slp
|move|p2a: Volcarona|Overheat|p1a: Dragonite
|-resisted|p1a: Dragonite
|-damage|p1a: Dragonite|3/100
|-unboost|p2a: Volcarona|spa|2
|move|p1a: Dragonite|Scale Shot|p2b: Sneasler
|-damage|p2b: Sneasler|75/100
|-damage|p2b: Sneasler|50/100
|-damage|p2b: Sneasler|24/100
|-damage|p2b: Sneasler|0 fnt
|faint|p2b: Sneasler
|-hitcount|p2: Sneasler|4
|-unboost|p1a: Dragonite|def|1
|-boost|p1a: Dragonite|spe|1
|
|-end|p1a: Dragonite|Throat Chop|[silent]
|upkeep
|
|t:|1757136294
|switch|p2b: Annihilape|Annihilape, L50, F|100/100
|turn|3
|inactive|WeVibein has 30 seconds left.
|inactive|ProtoZeroYT has 30 seconds left.
|
|t:|1757136326
|-terastallize|p2b: Annihilape|Fairy
|move|p1a: Dragonite|Scale Shot|p2b: Annihilape
|-immune|p2b: Annihilape
|move|p2a: Volcarona|Struggle Bug|p1a: Dragonite|[spread] p1a,p1b
|-resisted|p1a: Dragonite
|-damage|p1a: Dragonite|0 fnt
|-damage|p1b: Incineroar|59/100 slp
|-unboost|p1b: Incineroar|spa|1
|faint|p1a: Dragonite
|move|p2b: Annihilape|Close Combat|p1b: Incineroar
|-supereffective|p1b: Incineroar
|-damage|p1b: Incineroar|0 fnt
|-unboost|p2b: Annihilape|def|1
|-unboost|p2b: Annihilape|spd|1
|faint|p1b: Incineroar
|
|upkeep
|
|t:|1757136343
|switch|p1a: Amoonguss|Amoonguss, L50, F|100/100
|switch|p1b: Primarina|Primarina, L50, F|100/100
|turn|4
|inactive|WeVibein has 30 seconds left.
|inactive|WeVibein has 20 seconds left.
|
|t:|1757136379
|-terastallize|p1a: Amoonguss|Ghost
|move|p1b: Primarina|Protect|p1b: Primarina
|-singleturn|p1b: Primarina|Protect
|move|p2a: Volcarona|Tailwind|p2a: Volcarona
|-sidestart|p2: ProtoZeroYT|move: Tailwind
|move|p2b: Annihilape|Taunt|p1a: Amoonguss
|-start|p1a: Amoonguss|move: Taunt
|move|p1a: Amoonguss|Sludge Bomb|p2b: Annihilape
|-supereffective|p2b: Annihilape
|-damage|p2b: Annihilape|23/100
|-status|p2b: Annihilape|psn
|
|-damage|p2b: Annihilape|11/100 psn|[from] psn
|upkeep
|turn|5
|inactive|WeVibein has 30 seconds left.
|inactive|ProtoZeroYT has 30 seconds left.
|
|t:|1757136410
|move|p2a: Volcarona|Struggle Bug|p1a: Amoonguss|[spread] p1a,p1b
|-resisted|p1a: Amoonguss
|-resisted|p1b: Primarina
|-damage|p1a: Amoonguss|97/100
|-damage|p1b: Primarina|97/100
|-unboost|p1a: Amoonguss|spa|1
|-unboost|p1b: Primarina|spa|1
|move|p2b: Annihilape|Rage Fist|p1b: Primarina
|-damage|p1b: Primarina|48/100
|move|p1b: Primarina|Hyper Voice|p2a: Volcarona|[spread] p2a,p2b
|-supereffective|p2a: Volcarona
|-crit|p2b: Annihilape
|-damage|p2a: Volcarona|44/100
|-damage|p2b: Annihilape|0 fnt
|-enditem|p2a: Volcarona|Sitrus Berry|[eat]
|-heal|p2a: Volcarona|69/100|[from] item: Sitrus Berry
|faint|p2b: Annihilape
|-damage|p1b: Primarina|39/100|[from] item: Life Orb
|move|p1a: Amoonguss|Sludge Bomb|p2a: Volcarona
|-damage|p2a: Volcarona|52/100
|
|-fieldend|move: Psychic Terrain
|upkeep
|turn|6
|
|t:|1757136433
|move|p2a: Volcarona|Struggle Bug|p1b: Primarina|[spread] p1a,p1b
|-resisted|p1a: Amoonguss
|-resisted|p1b: Primarina
|-damage|p1a: Amoonguss|94/100
|-damage|p1b: Primarina|35/100
|-unboost|p1a: Amoonguss|spa|1
|-unboost|p1b: Primarina|spa|1
|move|p1b: Primarina|Hyper Voice|p2a: Volcarona
|-supereffective|p2a: Volcarona
|-damage|p2a: Volcarona|0 fnt
|faint|p2a: Volcarona
|-damage|p1b: Primarina|25/100|[from] item: Life Orb
|
|win|WeVibein
|inactive|WeVibein has 30 seconds to confirm battle start!
|inactive|ProtoZeroYT has 30 seconds to confirm battle start!
||WeVibein is ready for game 3.
||ProtoZeroYT is ready for game 3.
|uhtml|next|Next: Game 3 of 3
