|j|☆Kilian0610
|j|☆TheGayOneVGC
|html|Kilian0610TheGayOneVGC    
|uhtml|bestof|Game 1 of a best-of-3
|t:|1786204149
|gametype|doubles
|player|p1|Kilian0610|1|1073
|player|p2|TheGayOneVGC|265|1083
|gen|9
|tier|[Gen 9 Champions] VGC 2026 Reg M-B (Bo3)
|rated|
|rule|Species Clause: Limit one of each Pokémon
|rule|Item Clause: Limit 1 of each item
|clearpoke
|poke|p1|Sceptile, L50, M|
|poke|p1|Rotom-Heat, L50|
|poke|p1|Bellibolt, L50, M|
|poke|p1|Pelipper, L50, M|
|poke|p1|Swampert, L50, F|
|poke|p1|Basculegion, L50, M|
|poke|p2|Sinistcha, L50|
|poke|p2|Staraptor, L50, F|
|poke|p2|Talonflame, L50, M|
|poke|p2|Incineroar, L50, M|
|poke|p2|Garchomp, L50, M|
|poke|p2|Greninja, L50, M|
|teampreview|4
|showteam|p1|Sceptile||Sceptilite|Overgrow|DragonPulse,EarthPower,EnergyBall,Protect|Timid||M|||50|]Rotom-Heat||ChoiceScarf|Levitate|Discharge,Overheat,VoltSwitch,Protect|Timid|||||50|]Bellibolt||SitrusBerry|Electromorphosis|ParabolicCharge,VoltSwitch,EerieImpulse,Protect|Calm||M|||50|]Pelipper||Leftovers|Drizzle|Tailwind,WideGuard,WeatherBall,Hurricane|Modest||M|||50|]Swampert||FocusSash|Torrent|FlipTurn,KnockOff,HighHorsepower,Protect|Adamant||F|||50|]Basculegion||LifeOrb|SwiftSwim|WaveCrash,LastRespects,AquaJet,Protect|Adamant||M|||50|
|showteam|p2|Sinistcha||OccaBerry|Hospitality|ShadowBall,MatchaGotcha,LifeDew,RagePowder|Modest|||||50|]Staraptor||Staraptite|Intimidate|CloseCombat,Roost,Protect,BraveBird|Jolly||F|||50|]Talonflame||FocusSash|GaleWings|DualWingbeat,FeatherDance,Protect,Tailwind|Adamant||M|||50|]Incineroar||SitrusBerry|Intimidate|FakeOut,FlareBlitz,PartingShot,DarkestLariat|Adamant||M|||50|]Garchomp||WideLens|RoughSkin|RockSlide,DragonRush,Protect,Earthquake|Jolly||M|||50|]Greninja||Greninjite|Protean|WaterShuriken,IceBeam,Protect,SludgeWave|Modest||M|||50|
|inactive|Battle timer is ON: inactive players will automatically lose when time's up. (requested by Kilian0610)
|inactive|TheGayOneVGC has 60 seconds left.
|inactive|TheGayOneVGC has 30 seconds left.
|
|t:|1786204228
|teamsize|p1|4
|teamsize|p2|4
|start
|switch|p1a: Sceptile|Sceptile, L50, M|100/100
|switch|p1b: Rotom|Rotom-Heat, L50|100/100
|switch|p2a: Greninja|Greninja, L50, M|100/100
|switch|p2b: Sinistcha|Sinistcha, L50|100/100
|turn|1
|inactive|Kilian0610 has 30 seconds left.
|inactive|Kilian0610 has 20 seconds left.
|inactive|Kilian0610 has 15 seconds left.
|
|t:|1786204269
|detailschange|p1a: Sceptile|Sceptile-Mega, L50, M
|-mega|p1a: Sceptile|Sceptile|Sceptilite
|detailschange|p2a: Greninja|Greninja-Mega, L50, M
|-mega|p2a: Greninja|Greninja|Greninjite
|move|p1a: Sceptile|Protect|p1a: Sceptile
|-singleturn|p1a: Sceptile|Protect
|move|p2b: Sinistcha|Rage Powder|p2b: Sinistcha
|-singleturn|p2b: Sinistcha|move: Rage Powder
|move|p1b: Rotom|Overheat|p2b: Sinistcha
|-supereffective|p2b: Sinistcha|1
|-enditem|p2b: Sinistcha|Occa Berry|[eat]
|-enditem|p2b: Sinistcha|Occa Berry|[weaken]
|-damage|p2b: Sinistcha|35/100
|-unboost|p1b: Rotom|spa|2
|move|p2a: Greninja|Ice Beam|p1a: Sceptile
|-start|p2a: Greninja|typechange|Ice|[from] ability: Protean
|-activate|p1a: Sceptile|move: Protect
|
|upkeep
|turn|2
|inactive|Kilian0610 has 30 seconds left.
|inactive|TheGayOneVGC has 30 seconds left.
|inactive|Kilian0610 has 20 seconds left.
|inactive|Kilian0610 has 15 seconds left.
|inactive|Kilian0610 has 10 seconds left.
|
|t:|1786204316
|move|p2b: Sinistcha|Rage Powder|p2b: Sinistcha
|-singleturn|p2b: Sinistcha|move: Rage Powder
|move|p1b: Rotom|Overheat|p2b: Sinistcha
|-supereffective|p2b: Sinistcha|1
|-damage|p2b: Sinistcha|0 fnt
|-unboost|p1b: Rotom|spa|2
|faint|p2b: Sinistcha
|move|p1a: Sceptile|Energy Ball|p2a: Greninja
|-damage|p2a: Greninja|25/100
|move|p2a: Greninja|Ice Beam|p1a: Sceptile
|-supereffective|p1a: Sceptile|2
|-damage|p1a: Sceptile|0 fnt
|faint|p1a: Sceptile
|
|upkeep
|
|t:|1786204330
|switch|p1a: Basculegion|Basculegion, L50, M|100/100
|switch|p2b: Garchomp|Garchomp, L50, M|100/100
|turn|3
|
|t:|1786204342
|move|p2a: Greninja|Protect|p2a: Greninja
|-singleturn|p2a: Greninja|Protect
|move|p1a: Basculegion|Protect|p1a: Basculegion
|-singleturn|p1a: Basculegion|Protect
|move|p1b: Rotom|Overheat|p2a: Greninja
|-activate|p2a: Greninja|move: Protect
|move|p2b: Garchomp|Rock Slide|p1b: Rotom|[spread] p1b
|-activate|p1a: Basculegion|move: Protect
|-supereffective|p1b: Rotom|1
|-damage|p1b: Rotom|51/100
|
|upkeep
|turn|4
|
|t:|1786204367
|switch|p2a: Incineroar|Incineroar, L50, M|100/100
|-ability|p2a: Incineroar|Intimidate|boost
|-unboost|p1a: Basculegion|atk|1
|-unboost|p1b: Rotom|atk|1
|move|p1b: Rotom|Overheat|p2a: Incineroar
|-resisted|p2a: Incineroar|1
|-damage|p2a: Incineroar|92/100
|-unboost|p1b: Rotom|spa|2
|move|p2b: Garchomp|Rock Slide|p1a: Basculegion|[spread] p1a,p1b
|-supereffective|p1b: Rotom|1
|-damage|p1a: Basculegion|75/100
|-damage|p1b: Rotom|0 fnt
|faint|p1b: Rotom
|move|p1a: Basculegion|Wave Crash|p2b: Garchomp
|-damage|p2b: Garchomp|45/100
|-damage|p1a: Basculegion|62/100|[from] ability: Rough Skin|[of] p2b: Garchomp
|-damage|p1a: Basculegion|46/100|[from] Recoil
|-damage|p1a: Basculegion|36/100|[from] item: Life Orb
|
|upkeep
|
|t:|1786204381
|switch|p1b: Pelipper|Pelipper, L50, M|100/100
|-weather|RainDance|[from] ability: Drizzle|[of] p1b: Pelipper
|turn|5
|
|t:|1786204398
|move|p1b: Pelipper|Wide Guard|p1b: Pelipper
|-singleturn|p1b: Pelipper|Wide Guard
|move|p2a: Incineroar|Fake Out|p1b: Pelipper
|-damage|p1b: Pelipper|86/100
|move|p1a: Basculegion|Wave Crash|p2a: Incineroar
|-supereffective|p2a: Incineroar|1
|-crit|p2a: Incineroar
|-damage|p2a: Incineroar|0 fnt
|faint|p2a: Incineroar
|-damage|p1a: Basculegion|5/100|[from] Recoil
|-damage|p1a: Basculegion|0 fnt|[from] item: Life Orb
|faint|p1a: Basculegion
|move|p2b: Garchomp|Rock Slide|p1b: Pelipper
|-activate|p1b: Pelipper|move: Wide Guard
|
|-weather|RainDance|[upkeep]
|-heal|p1b: Pelipper|92/100|[from] item: Leftovers
|upkeep
|
|t:|1786204414
|switch|p2a: Greninja|Greninja-Mega, L50, M|25/100
|turn|6
|
|t:|1786204432
|move|p2a: Greninja|Ice Beam|p1b: Pelipper
|-start|p2a: Greninja|typechange|Ice|[from] ability: Protean
|-damage|p1b: Pelipper|16/100
|move|p2b: Garchomp|Dragon Rush|p1b: Pelipper
|-crit|p1b: Pelipper
|-damage|p1b: Pelipper|0 fnt
|faint|p1b: Pelipper
|
|win|TheGayOneVGC
||TheGayOneVGC is ready for game 2.
|inactive|Kilian0610 has 30 seconds to confirm battle start!
||Kilian0610 is ready for game 2.
|uhtml|next|Next: Game 2 of 3
