|j|☆lofiandchil
|j|☆soccerdude26
|html|lofiandchilsoccerdude26    
|uhtml|bestof|Game 2 of a best-of-3
|t:|1756764460
|gametype|doubles
|player|p1|lofiandchil|iris|1122
|player|p2|soccerdude26|volkner|1152
|gen|9
|tier|[Gen 9] VGC 2025 Reg H (Bo3)
|rated|
|rule|Species Clause: Limit one of each Pokémon
|rule|Item Clause: Limit 1 of each item
|clearpoke
|poke|p1|Electabuzz, L50, F|
|poke|p1|Kingambit, L50, F|
|poke|p1|Volcarona, L50, F|
|poke|p1|Dragonite, L50, M|
|poke|p1|Sneasler, L50, F|
|poke|p1|Rillaboom, L50, M|
|poke|p2|Sneasler, L50, F|
|poke|p2|Indeedee, L50, M|
|poke|p2|Volcarona, L50, F|
|poke|p2|Ursaluna-Bloodmoon, L50, M|
|poke|p2|Annihilape, L50, F|
|poke|p2|Tyranitar, L50, M|
|teampreview|4
|showteam|p1|Electabuzz||Eviolite|VitalSpirit|FollowMe,Thunderbolt,Taunt,Protect|||F|||50|,,,,,Ghost]Kingambit||BlackGlasses|Defiant|KowtowCleave,SuckerPunch,SwordsDance,Protect|||F|||50|,,,,,Dark]Volcarona||Leftovers|FlameBody|HeatWave,TeraBlast,QuiverDance,Protect|||F|||50|,,,,,Fairy]Dragonite||LoadedDice|Multiscale|ScaleShot,ExtremeSpeed,Haze,Protect|||M|||50|,,,,,Fairy]Sneasler||FocusSash|Unburden|DireClaw,CloseCombat,Coaching,FakeOut|||F|||50|,,,,,Stellar]Rillaboom||AssaultVest|GrassySurge|FakeOut,WoodHammer,GrassyGlide,HighHorsepower|||M|||50|,,,,,Fire
|showteam|p2|Sneasler||PsychicSeed|Unburden|CloseCombat,DireClaw,ThroatChop,Protect|||F|||50|,,,,,Dark]Indeedee||ChoiceScarf|PsychicSurge|ExpandingForce,TeraBlast,Trick,Protect|||M|||50|,,,,,Psychic]Volcarona||SitrusBerry|FlameBody|Overheat,StruggleBug,RagePowder,Tailwind|||F|||50|,,,,,Dragon]Ursaluna-Bloodmoon||LifeOrb|MindsEye|BloodMoon,HyperVoice,EarthPower,Protect|||M|||50|,,,,,Normal]Annihilape||SafetyGoggles|Defiant|CloseCombat,RageFist,Taunt,FinalGambit|||F|||50|,,,,,Water]Tyranitar||AssaultVest|SandStream|RockSlide,KnockOff,TeraBlast,LowKick|||M|||50|,,,,,Flying
|inactive|Battle timer is ON: inactive players will automatically lose when time's up. (requested by soccerdude26)
|inactive|lofiandchil has 60 seconds left.
|
|t:|1756764508
|teamsize|p1|4
|teamsize|p2|4
|start
|switch|p1a: Electabuzz|Electabuzz, L50, F|100/100
|switch|p1b: Volcarona|Volcarona, L50, F|100/100
|switch|p2a: Annihilape|Annihilape, L50, F|100/100
|switch|p2b: Volcarona|Volcarona, L50, F|100/100
|turn|1
|
|t:|1756764532
|-terastallize|p1a: Electabuzz|Ghost
|move|p1a: Electabuzz|Follow Me|p1a: Electabuzz
|-singleturn|p1a: Electabuzz|move: Follow Me
|move|p2b: Volcarona|Struggle Bug|p1a: Electabuzz|[spread] p1a,p1b
|-resisted|p1a: Electabuzz
|-resisted|p1b: Volcarona
|-damage|p1a: Electabuzz|94/100
|-damage|p1b: Volcarona|93/100
|-unboost|p1a: Electabuzz|spa|1
|-unboost|p1b: Volcarona|spa|1
|move|p2a: Annihilape|Taunt|p1a: Electabuzz
|-start|p1a: Electabuzz|move: Taunt
|move|p1b: Volcarona|Quiver Dance|p1b: Volcarona
|-boost|p1b: Volcarona|spa|1
|-boost|p1b: Volcarona|spd|1
|-boost|p1b: Volcarona|spe|1
|
|-heal|p1b: Volcarona|99/100|[from] item: Leftovers
|upkeep
|turn|2
|inactive|lofiandchil has 30 seconds left.
|inactive|soccerdude26 has 30 seconds left.
|inactive|lofiandchil has 20 seconds left.
|inactive|lofiandchil has 15 seconds left.
|inactive|lofiandchil has 10 seconds left.
|inactive|lofiandchil has 5 seconds left.
|
|t:|1756764587
|move|p1b: Volcarona|Heat Wave|p2b: Volcarona|[spread] p2a,p2b
|-damage|p2a: Annihilape|67/100
|-damage|p2b: Volcarona|69/100
|move|p2b: Volcarona|Struggle Bug|p1b: Volcarona|[spread] p1a,p1b
|-resisted|p1a: Electabuzz
|-resisted|p1b: Volcarona
|-damage|p1a: Electabuzz|88/100
|-damage|p1b: Volcarona|94/100
|-unboost|p1a: Electabuzz|spa|1
|-unboost|p1b: Volcarona|spa|1
|move|p2a: Annihilape|Rage Fist|p1a: Electabuzz
|-supereffective|p1a: Electabuzz
|-damage|p1a: Electabuzz|19/100
|move|p1a: Electabuzz|Thunderbolt|p2b: Volcarona
|-damage|p2b: Volcarona|55/100
|
|-heal|p1b: Volcarona|100/100|[from] item: Leftovers
|upkeep
|turn|3
|
|t:|1756764606
|-terastallize|p2a: Annihilape|Water
|move|p1b: Volcarona|Quiver Dance|p1b: Volcarona
|-boost|p1b: Volcarona|spa|1
|-boost|p1b: Volcarona|spd|1
|-boost|p1b: Volcarona|spe|1
|move|p2b: Volcarona|Overheat|p1a: Electabuzz
|-damage|p1a: Electabuzz|0 fnt
|-unboost|p2b: Volcarona|spa|2
|faint|p1a: Electabuzz
|move|p2a: Annihilape|Rage Fist|p1b: Volcarona
|-damage|p1b: Volcarona|58/100
|
|-heal|p1b: Volcarona|64/100|[from] item: Leftovers
|upkeep
|
|t:|1756764609
|switch|p1a: Rillaboom|Rillaboom, L50, M|100/100
|-fieldstart|move: Grassy Terrain|[from] ability: Grassy Surge|[of] p1a: Rillaboom
|turn|4
|
|t:|1756764621
|move|p2b: Volcarona|Rage Powder|p2b: Volcarona
|-singleturn|p2b: Volcarona|move: Rage Powder
|move|p1a: Rillaboom|Grassy Glide|p2a: Annihilape
|-supereffective|p2a: Annihilape
|-damage|p2a: Annihilape|0 fnt
|faint|p2a: Annihilape
|move|p1b: Volcarona|Tera Blast|p2b: Volcarona
|-damage|p2b: Volcarona|29/100
|-enditem|p2b: Volcarona|Sitrus Berry|[eat]
|-heal|p2b: Volcarona|54/100|[from] item: Sitrus Berry
|
|-heal|p1b: Volcarona|70/100|[from] Grassy Terrain
|-heal|p1b: Volcarona|77/100|[from] item: Leftovers
|-heal|p2b: Volcarona|60/100|[from] Grassy Terrain
|upkeep
|
|t:|1756764627
|switch|p2a: Sneasler|Sneasler, L50, F|100/100
|turn|5
|
|t:|1756764636
|move|p2b: Volcarona|Rage Powder|p2b: Volcarona
|-singleturn|p2b: Volcarona|move: Rage Powder
|move|p1b: Volcarona|Heat Wave|p2a: Sneasler|[spread] p2a,p2b
|-damage|p2a: Sneasler|53/100
|-damage|p2b: Volcarona|27/100
|move|p2a: Sneasler|Dire Claw|p1b: Volcarona
|-damage|p1b: Volcarona|29/100
|-status|p1b: Volcarona|par
|-status|p2a: Sneasler|brn|[from] ability: Flame Body|[of] p1b: Volcarona
|move|p1a: Rillaboom|High Horsepower|p2a: Sneasler
|-supereffective|p2a: Sneasler
|-damage|p2a: Sneasler|0 fnt
|faint|p2a: Sneasler
|
|-heal|p2b: Volcarona|33/100|[from] Grassy Terrain
|-heal|p1b: Volcarona|35/100 par|[from] Grassy Terrain
|-heal|p1b: Volcarona|42/100 par|[from] item: Leftovers
|upkeep
|
|t:|1756764645
|switch|p2a: Tyranitar|Tyranitar, L50, M|100/100
|-weather|Sandstorm|[from] ability: Sand Stream|[of] p2a: Tyranitar
|turn|6
|
|t:|1756764654
|move|p2b: Volcarona|Overheat|p1a: Rillaboom
|-supereffective|p1a: Rillaboom
|-damage|p1a: Rillaboom|57/100
|-unboost|p2b: Volcarona|spa|2
|move|p1b: Volcarona|Heat Wave|p2a: Tyranitar|[spread] p2a,p2b
|-resisted|p2a: Tyranitar
|-damage|p2a: Tyranitar|93/100
|-damage|p2b: Volcarona|0 fnt
|faint|p2b: Volcarona
|move|p1a: Rillaboom|Wood Hammer|p2a: Tyranitar
|-supereffective|p2a: Tyranitar
|-damage|p2a: Tyranitar|0 fnt
|faint|p2a: Tyranitar
|-damage|p1a: Rillaboom|29/100|[from] Recoil
|
|win|lofiandchil
