|j|☆SelvesterTheYAK
|j|☆blazemark
|html|SelvesterTheYAKblazemark    
|uhtml|bestof|Game 2 of a best-of-3
|t:|1757631517
|gametype|doubles
|player|p1|SelvesterTheYAK|2|1082
|player|p2|blazemark|101|1053
|gen|9
|tier|[Gen 9] VGC 2025 Reg H (Bo3)
|rated|
|rule|Species Clause: Limit one of each Pokémon
|rule|Item Clause: Limit 1 of each item
|clearpoke
|poke|p1|Tyranitar, L50, M|
|poke|p1|Arcanine-Hisui, L50, M|
|poke|p1|Gholdengo, L50|
|poke|p1|Corviknight, L50, M|
|poke|p1|Amoonguss, L50, M|
|poke|p1|Garchomp, L50, F|
|poke|p2|Magnezone, L50|
|poke|p2|Pelipper, L50, F|
|poke|p2|Incineroar, L50, F|
|poke|p2|Meowscarada, L50, F|
|poke|p2|Basculegion, L50, M|
|poke|p2|Dragapult, L50, F|
|teampreview|4
|showteam|p1|Tyranitar||AssaultVest|SandStream|RockSlide,KnockOff,TeraBlast,LowKick|||M|||50|,,,,,Flying]Arcanine-Hisui||ClearAmulet|Intimidate|RockSlide,FlareBlitz,ExtremeSpeed,Protect|||M|||50|,,,,,Water]Gholdengo||MetalCoat|GoodasGold|MakeItRain,ShadowBall,NastyPlot,Protect||||||50|,,,,,Flying]Corviknight||CovertCloak|MirrorArmor|BraveBird,Tailwind,Taunt,BulkUp|||M|||50|,,,,,Dragon]Amoonguss||SitrusBerry|Regenerator|Spore,RagePowder,ClearSmog,Protect|||M|||50|,,,,,Water]Garchomp||LifeOrb|RoughSkin|Earthquake,DragonClaw,StompingTantrum,Protect|||F|||50|,,,,,Steel
|showteam|p2|Magnezone||Leftovers|Analytic|Thunder,FlashCannon,Protect,VoltSwitch||||||50|,,,,,Electric]Pelipper||CovertCloak|Drizzle|Hurricane,WeatherBall,WideGuard,Tailwind|||F|||50|,,,,,Ground]Incineroar||SafetyGoggles|Intimidate|FakeOut,PartingShot,KnockOff,WillOWisp|||F|||50|,,,,,Ground]Meowscarada||LifeOrb|Protean|TrickRoom,FlowerTrick,SuckerPunch,Protect|||F|||50|,,,,,Steel]Basculegion||FocusSash|SwiftSwim|WaveCrash,AquaJet,Protect,LastRespects|||M|||50|,,,,,Water]Dragapult||ChoiceBand|Infiltrator|DragonDarts,BreakingSwipe,Uturn,TeraBlast|||F|||50|,,,,,Ghost
|inactive|Battle timer is ON: inactive players will automatically lose when time's up. (requested by blazemark)
|
|t:|1757631544
|teamsize|p1|4
|teamsize|p2|4
|start
|switch|p1a: Corviknight|Corviknight, L50, M|100/100
|switch|p1b: Arcanine|Arcanine-Hisui, L50, M|100/100
|switch|p2a: Pelipper|Pelipper, L50, F|100/100
|switch|p2b: Incineroar|Incineroar, L50, F|100/100
|-ability|p1b: Arcanine|Intimidate|boost
|-unboost|p2a: Pelipper|atk|1
|-unboost|p2b: Incineroar|atk|1
|-weather|RainDance|[from] ability: Drizzle|[of] p2a: Pelipper
|-ability|p2b: Incineroar|Intimidate|boost
|-ability|p1a: Corviknight|Mirror Armor
|-unboost|p2b: Incineroar|atk|1
|-fail|p1b: Arcanine|unboost|[from] item: Clear Amulet|[of] p1b: Arcanine
|turn|1
|inactive|SelvesterTheYAK has 30 seconds left.
|
|t:|1757631575
|move|p1b: Arcanine|Protect|p1b: Arcanine
|-singleturn|p1b: Arcanine|Protect
|move|p2b: Incineroar|Fake Out|p1a: Corviknight
|-resisted|p1a: Corviknight
|-damage|p1a: Corviknight|98/100
|move|p2a: Pelipper|Tailwind|p2a: Pelipper
|-sidestart|p2: blazemark|move: Tailwind
|move|p1a: Corviknight|Tailwind|p1a: Corviknight
|-sidestart|p1: SelvesterTheYAK|move: Tailwind
|
|-weather|RainDance|[upkeep]
|upkeep
|turn|2
|
|t:|1757631600
|-terastallize|p1b: Arcanine|Water
|-terastallize|p2a: Pelipper|Ground
|move|p1b: Arcanine|Rock Slide|p2a: Pelipper|[spread] p2a
|-miss|p1b: Arcanine|p2b: Incineroar
|-resisted|p2a: Pelipper
|-damage|p2a: Pelipper|83/100
|move|p2a: Pelipper|Weather Ball|p1b: Arcanine
|-resisted|p1b: Arcanine
|-damage|p1b: Arcanine|58/100
|move|p1a: Corviknight|Brave Bird|p2b: Incineroar
|-damage|p2b: Incineroar|63/100
|-damage|p1a: Corviknight|86/100|[from] Recoil
|move|p2b: Incineroar|Parting Shot|p1b: Arcanine
|-fail|p1b: Arcanine|unboost|[from] item: Clear Amulet|[of] p1b: Arcanine
|
|-weather|RainDance|[upkeep]
|upkeep
|turn|3
|inactive|SelvesterTheYAK has 30 seconds left.
|inactive|blazemark has 30 seconds left.
|inactive|SelvesterTheYAK has 20 seconds left.
|
|t:|1757631637
|switch|p2b: Dragapult|Dragapult, L50, F|100/100
|move|p1b: Arcanine|Rock Slide|p2b: Dragapult|[spread] p2a,p2b
|-resisted|p2a: Pelipper
|-damage|p2a: Pelipper|64/100
|-damage|p2b: Dragapult|64/100
|move|p2a: Pelipper|Weather Ball|p1a: Corviknight
|-damage|p1a: Corviknight|21/100
|move|p1a: Corviknight|Brave Bird|p2b: Dragapult
|-damage|p2b: Dragapult|5/100
|-damage|p1a: Corviknight|5/100|[from] Recoil
|
|-weather|RainDance|[upkeep]
|upkeep
|turn|4
|
|t:|1757631653
|switch|p2a: Incineroar|Incineroar, L50, F|63/100
|-ability|p2a: Incineroar|Intimidate|boost
|-ability|p1a: Corviknight|Mirror Armor
|-unboost|p2a: Incineroar|atk|1
|-fail|p1b: Arcanine|unboost|[from] item: Clear Amulet|[of] p1b: Arcanine
|move|p2b: Dragapult|U-turn|p1a: Corviknight
|-resisted|p1a: Corviknight
|-damage|p1a: Corviknight|0 fnt
|faint|p1a: Corviknight
|
|t:|1757631658
|switch|p2b: Basculegion|Basculegion, L50, M|100/100|[from] U-turn
|move|p1b: Arcanine|Rock Slide|p2a: Incineroar|[spread] p2a,p2b
|-supereffective|p2a: Incineroar
|-damage|p2a: Incineroar|21/100
|-damage|p2b: Basculegion|65/100
|
|-weather|RainDance|[upkeep]
|-sideend|p2: blazemark|move: Tailwind
|-sideend|p1: SelvesterTheYAK|move: Tailwind
|upkeep
|
|t:|1757631675
|switch|p1a: Garchomp|Garchomp, L50, F|100/100
|turn|5
|
|t:|1757631688
|move|p1a: Garchomp|Protect|p1a: Garchomp
|-singleturn|p1a: Garchomp|Protect
|move|p2a: Incineroar|Fake Out|p1b: Arcanine
|-damage|p1b: Arcanine|48/100
|move|p2b: Basculegion|Wave Crash|p1a: Garchomp
|-activate|p1a: Garchomp|move: Protect
|cant|p1b: Arcanine|flinch
|
|-weather|none
|upkeep
|turn|6
|
|t:|1757631706
|switch|p1a: Tyranitar|Tyranitar, L50, M|100/100
|-weather|Sandstorm|[from] ability: Sand Stream|[of] p1a: Tyranitar
|move|p2b: Basculegion|Protect|p2b: Basculegion
|-singleturn|p2b: Basculegion|Protect
|move|p1b: Arcanine|Rock Slide|p2b: Basculegion|[spread] p2a
|-activate|p2b: Basculegion|move: Protect
|-supereffective|p2a: Incineroar
|-damage|p2a: Incineroar|0 fnt
|faint|p2a: Incineroar
|
|-weather|Sandstorm|[upkeep]
|-damage|p1b: Arcanine|43/100|[from] Sandstorm
|-damage|p2b: Basculegion|59/100|[from] Sandstorm
|upkeep
|
|t:|1757631712
|switch|p2a: Pelipper|Pelipper, L50, F, tera:Ground|64/100
|-weather|RainDance|[from] ability: Drizzle|[of] p2a: Pelipper
|turn|7
|inactive|SelvesterTheYAK has 30 seconds left.
|inactive|SelvesterTheYAK has 20 seconds left.
|inactive|SelvesterTheYAK has 15 seconds left.
|inactive|SelvesterTheYAK has 10 seconds left.
|inactive|SelvesterTheYAK has 5 seconds left.
|
|t:|1757631766
|move|p2b: Basculegion|Wave Crash|p1a: Tyranitar
|-supereffective|p1a: Tyranitar
|-damage|p1a: Tyranitar|0 fnt
|faint|p1a: Tyranitar
|-damage|p2b: Basculegion|27/100|[from] Recoil
|move|p1b: Arcanine|Rock Slide|p2b: Basculegion|[spread] p2a,p2b
|-resisted|p2a: Pelipper
|-damage|p2a: Pelipper|46/100
|-damage|p2b: Basculegion|0 fnt
|faint|p2b: Basculegion
|move|p2a: Pelipper|Tailwind|p2a: Pelipper
|-sidestart|p2: blazemark|move: Tailwind
|
|-weather|RainDance|[upkeep]
|upkeep
|
|t:|1757631778
|switch|p2b: Dragapult|Dragapult, L50, F|5/100
|switch|p1a: Garchomp|Garchomp, L50, F|100/100
|turn|8
|
|t:|1757631795
|move|p1a: Garchomp|Protect|p1a: Garchomp
|-singleturn|p1a: Garchomp|Protect
|move|p2b: Dragapult|Dragon Darts|p1b: Arcanine
|-damage|p1b: Arcanine|0 fnt
|faint|p1b: Arcanine
|move|p2a: Pelipper|Weather Ball|p1a: Garchomp
|-activate|p1a: Garchomp|move: Protect
|
|-weather|RainDance|[upkeep]
|upkeep
|turn|9
|
|t:|1757631806
|move|p2b: Dragapult|Dragon Darts|p1a: Garchomp
|-supereffective|p1a: Garchomp
|-damage|p1a: Garchomp|24/100
|-anim|p2b: Dragapult|Dragon Darts|p1a: Garchomp
|-supereffective|p1a: Garchomp
|-damage|p1a: Garchomp|0 fnt
|faint|p1a: Garchomp
|
|win|blazemark
||SelvesterTheYAK is ready for game 3.
||blazemark is ready for game 3.
|uhtml|next|Next: Game 3 of 3
|l|☆blazemark
|player|p2|
