|j|☆guillelona
|j|☆hash brown enjoyer
|html|guillelonahash brown enjoyer    
|uhtml|bestof|Game 1 of a best-of-3
|t:|1757804968
|gametype|doubles
|player|p1|guillelona|2|1108
|player|p2|hash brown enjoyer|101|1148
|gen|9
|tier|[Gen 9] VGC 2025 Reg H (Bo3)
|rated|
|rule|Species Clause: Limit one of each Pokémon
|rule|Item Clause: Limit 1 of each item
|clearpoke
|poke|p1|Dragonite, L50, M|
|poke|p1|Volcarona, L50, F|
|poke|p1|Sneasler, L50, M|
|poke|p1|Rillaboom, L50, M|
|poke|p1|Electabuzz, L50, M|
|poke|p1|Kingambit, L50, M|
|poke|p2|Whimsicott, L50, M|
|poke|p2|Gholdengo, L50|
|poke|p2|Annihilape, L50, M|
|poke|p2|Incineroar, L50, M|
|poke|p2|Electabuzz, L50, M|
|poke|p2|Ursaluna-Bloodmoon, L50, M|
|teampreview|4
|showteam|p1|Dragonite||LoadedDice|Multiscale|ScaleShot,ExtremeSpeed,Haze,Protect|||M|||50|,,,,,Fairy]Volcarona||CovertCloak|FlameBody|HeatWave,TeraBlast,QuiverDance,Protect|||F|||50|,,,,,Fairy]Sneasler||FocusSash|Unburden|CloseCombat,DireClaw,Coaching,Protect|||M|||50|,,,,,Stellar]Rillaboom||AssaultVest|GrassySurge|WoodHammer,GrassyGlide,HighHorsepower,FakeOut|||M|||50|,,,,,Water]Electabuzz||Eviolite|VitalSpirit|Thunderbolt,FollowMe,Taunt,Protect|||M|||50|,,,,,Ghost]Kingambit||BlackGlasses|Defiant|KowtowCleave,SuckerPunch,SwordsDance,Protect|||M|||50|,,,,,Dark
|showteam|p2|Whimsicott||CovertCloak|Prankster|Moonblast,Tailwind,Encore,FakeTears|||M|||50|,,,,,Water]Gholdengo||ChoiceSpecs|GoodasGold|MakeItRain,ShadowBall,PowerGem,SteelBeam||||||50|,,,,,Steel]Annihilape||FocusSash|Defiant|RageFist,CloseCombat,FinalGambit,Protect|||M|||50|,,,,,Grass]Incineroar||AssaultVest|Intimidate|FlareBlitz,KnockOff,FakeOut,Uturn|||M|||50|,,,,,Ghost]Electabuzz||Eviolite|VitalSpirit|Electroweb,Taunt,FollowMe,Protect|||M|||50|,,,,,Dragon]Ursaluna-Bloodmoon||LifeOrb|MindsEye|HyperVoice,EarthPower,BloodMoon,Protect|||M|||50|,,,,,Normal
|
|t:|1757805010
|teamsize|p1|4
|teamsize|p2|4
|start
|switch|p1a: Volcarona|Volcarona, L50, F|100/100
|switch|p1b: Kingambit|Kingambit, L50, M, shiny|100/100
|switch|p2a: Electabuzz|Electabuzz, L50, M|100/100
|switch|p2b: Ursaluna|Ursaluna-Bloodmoon, L50, M|100/100
|turn|1
|
|t:|1757805029
|-terastallize|p1a: Volcarona|Fairy
|move|p2a: Electabuzz|Taunt|p1a: Volcarona
|-start|p1a: Volcarona|move: Taunt
|cant|p1a: Volcarona|move: Taunt|Quiver Dance
|move|p2b: Ursaluna|Earth Power|p1b: Kingambit
|-supereffective|p1b: Kingambit
|-damage|p1b: Kingambit|0 fnt
|faint|p1b: Kingambit
|-damage|p2b: Ursaluna|91/100|[from] item: Life Orb
|
|upkeep
|
|t:|1757805039
|switch|p1b: Rillaboom|Rillaboom, L50, M|100/100
|-fieldstart|move: Grassy Terrain|[from] ability: Grassy Surge|[of] p1b: Rillaboom
|turn|2
|
|t:|1757805045
|move|p2b: Ursaluna|Protect|p2b: Ursaluna
|-singleturn|p2b: Ursaluna|Protect
|move|p2a: Electabuzz|Electroweb|p1b: Rillaboom|[spread] p1a,p1b
|-resisted|p1b: Rillaboom
|-damage|p1a: Volcarona|86/100
|-damage|p1b: Rillaboom|96/100
|-unboost|p1b: Rillaboom|spe|1
|move|p1a: Volcarona|Heat Wave|p2a: Electabuzz|[spread] p2a
|-activate|p2b: Ursaluna|move: Protect
|-damage|p2a: Electabuzz|74/100
|move|p1b: Rillaboom|Wood Hammer|p2a: Electabuzz
|-crit|p2a: Electabuzz
|-damage|p2a: Electabuzz|0 fnt
|faint|p2a: Electabuzz
|-damage|p1b: Rillaboom|75/100|[from] Recoil
|
|-heal|p1a: Volcarona|93/100|[from] Grassy Terrain
|-heal|p2b: Ursaluna|97/100|[from] Grassy Terrain
|-heal|p1b: Rillaboom|81/100|[from] Grassy Terrain
|upkeep
|
|t:|1757805056
|switch|p2a: Incineroar|Incineroar, L50, M|100/100
|-ability|p2a: Incineroar|Intimidate|boost
|-unboost|p1a: Volcarona|atk|1
|-unboost|p1b: Rillaboom|atk|1
|turn|3
|
|t:|1757805071
|switch|p1a: Electabuzz|Electabuzz, L50, M|100/100
|-terastallize|p2b: Ursaluna|Normal
|move|p2a: Incineroar|Fake Out|p1b: Rillaboom
|-damage|p1b: Rillaboom|68/100
|move|p2b: Ursaluna|Blood Moon|p1a: Electabuzz
|-damage|p1a: Electabuzz|0 fnt
|faint|p1a: Electabuzz
|-damage|p2b: Ursaluna|87/100|[from] item: Life Orb
|cant|p1b: Rillaboom|flinch
|
|-heal|p2b: Ursaluna|93/100|[from] Grassy Terrain
|-heal|p1b: Rillaboom|74/100|[from] Grassy Terrain
|upkeep
|
|t:|1757805080
|switch|p1a: Volcarona|Volcarona, L50, F, tera:Fairy|93/100
|turn|4
|
|t:|1757805095
|move|p1a: Volcarona|Quiver Dance|p1a: Volcarona
|-boost|p1a: Volcarona|spa|1
|-boost|p1a: Volcarona|spd|1
|-boost|p1a: Volcarona|spe|1
|move|p2b: Ursaluna|Earth Power|p1a: Volcarona
|-damage|p1a: Volcarona|46/100
|-damage|p2b: Ursaluna|83/100|[from] item: Life Orb
|move|p2a: Incineroar|Flare Blitz|p1b: Rillaboom
|-supereffective|p1b: Rillaboom
|-damage|p1b: Rillaboom|0 fnt
|faint|p1b: Rillaboom
|-damage|p2a: Incineroar|76/100|[from] Recoil
|
|-heal|p1a: Volcarona|52/100|[from] Grassy Terrain
|-heal|p2b: Ursaluna|89/100|[from] Grassy Terrain
|-heal|p2a: Incineroar|82/100|[from] Grassy Terrain
|upkeep
|turn|5
|-message|guillelona forfeited.
|
|win|hash brown enjoyer
|l|☆guillelona
|player|p1|
||guillelona is ready for game 2.
||hash brown enjoyer is ready for game 2.
|uhtml|next|Next: Game 2 of 3
