|j|☆washingtongargacha
|j|☆CretaceousDraconid
|html|washingtongargachaCretaceousDraconid    
|uhtml|bestof|Game 2 of a best-of-3
|t:|1757070627
|gametype|doubles
|player|p1|washingtongargacha|2|1150
|player|p2|CretaceousDraconid|zinnia-masters|1232
|gen|9
|tier|[Gen 9] VGC 2025 Reg H (Bo3)
|rated|
|rule|Species Clause: Limit one of each Pokémon
|rule|Item Clause: Limit 1 of each item
|clearpoke
|poke|p1|Talonflame, L50, M|
|poke|p1|Gholdengo, L50|
|poke|p1|Dragonite, L50, F|
|poke|p1|Archaludon, L50, M|
|poke|p1|Tyranitar, L50, F|
|poke|p1|Garchomp, L50, M|
|poke|p2|Bastiodon, L50, F|
|poke|p2|Rillaboom, L50, F|
|poke|p2|Incineroar, L50, F|
|poke|p2|Salamence, L50, F|
|poke|p2|Garchomp, L50, M|
|poke|p2|Sneasler, L50, F|
|teampreview|4
|showteam|p1|Talonflame||CovertCloak|GaleWings|Tailwind,BraveBird,Taunt,WillOWisp|||M|||50|,,,,,Ghost]Gholdengo||ChoiceSpecs|GoodasGold|MakeItRain,SteelBeam,ShadowBall,PowerGem||||||50|,,,,,Steel]Dragonite||LoadedDice|Multiscale|ScaleShot,IceSpinner,Haze,Protect|||F|||50|,,,,,Steel]Archaludon||PowerHerb|Sturdy|FlashCannon,ElectroShot,DracoMeteor,Protect|||M|||50|,,,,,Flying]Tyranitar||AssaultVest|SandStream|KnockOff,RockSlide,TeraBlast,LowKick|||F|||50|,,,,,Flying]Garchomp||LifeOrb|RoughSkin|DragonClaw,StompingTantrum,Earthquake,Protect|||M|||50|,,,,,Steel
|showteam|p2|Bastiodon||CovertCloak|Soundproof|BodyPress,IceBeam,IronDefense,WideGuard|||F|||50|,,,,,Electric]Rillaboom||AssaultVest|GrassySurge|FakeOut,WoodHammer,HighHorsepower,GrassyGlide|||F|||50|,,,,,Fire]Incineroar||SafetyGoggles|Intimidate|FakeOut,Taunt,PartingShot,KnockOff|||F|||50|,,,,,Ghost]Salamence||ChoiceSpecs|Intimidate|AirSlash,HeatWave,DracoMeteor,HydroPump|||F|||50|,,,,,Fire]Garchomp||LoadedDice|RoughSkin|StompingTantrum,Earthquake,ScaleShot,Protect|||M|||50|,,,,,Ghost]Sneasler||FocusSash|PoisonTouch|DireClaw,CloseCombat,Coaching,Protect|||F|||50|,,,,,Fairy
|
|t:|1757070672
|teamsize|p1|4
|teamsize|p2|4
|start
|switch|p1a: Talonflame|Talonflame, L50, M|100/100
|switch|p1b: Garchomp|Garchomp, L50, M|100/100
|switch|p2a: Incineroar|Incineroar, L50, F|100/100
|switch|p2b: Salamence|Salamence, L50, F|100/100
|-ability|p2b: Salamence|Intimidate|boost
|-unboost|p1a: Talonflame|atk|1
|-unboost|p1b: Garchomp|atk|1
|-ability|p2a: Incineroar|Intimidate|boost
|-unboost|p1a: Talonflame|atk|1
|-unboost|p1b: Garchomp|atk|1
|turn|1
|
|t:|1757070699
|switch|p1b: Tyranitar|Tyranitar, L50, F|100/100
|-weather|Sandstorm|[from] ability: Sand Stream|[of] p1b: Tyranitar
|switch|p2a: Rillaboom|Rillaboom, L50, F|100/100
|-fieldstart|move: Grassy Terrain|[from] ability: Grassy Surge|[of] p2a: Rillaboom
|move|p1a: Talonflame|Tailwind|p1a: Talonflame
|-sidestart|p1: washingtongargacha|move: Tailwind
|move|p2b: Salamence|Air Slash|p1a: Talonflame|[miss]
|-miss|p2b: Salamence|p1a: Talonflame
|
|-weather|Sandstorm|[upkeep]
|-damage|p1a: Talonflame|94/100|[from] Sandstorm
|-damage|p2b: Salamence|95/100|[from] Sandstorm
|-damage|p2a: Rillaboom|95/100|[from] Sandstorm
|-heal|p2a: Rillaboom|100/100|[from] Grassy Terrain
|upkeep
|turn|2
|
|t:|1757070731
|switch|p2a: Incineroar|Incineroar, L50, F|100/100
|-ability|p2a: Incineroar|Intimidate|boost
|-unboost|p1a: Talonflame|atk|1
|-unboost|p1b: Tyranitar|atk|1
|-terastallize|p1b: Tyranitar|Flying
|move|p1a: Talonflame|Will-O-Wisp|p2a: Incineroar
|-immune|p2a: Incineroar
|move|p1b: Tyranitar|Tera Blast|p2a: Incineroar|[anim] Tera Blast Flying
|-damage|p2a: Incineroar|74/100
|move|p2b: Salamence|Air Slash|p1a: Talonflame
|-damage|p1a: Talonflame|24/100
|
|-weather|Sandstorm|[upkeep]
|-damage|p1a: Talonflame|18/100|[from] Sandstorm
|-damage|p1b: Tyranitar|95/100|[from] Sandstorm
|-damage|p2b: Salamence|89/100|[from] Sandstorm
|-heal|p2a: Incineroar|80/100|[from] Grassy Terrain
|upkeep
|turn|3
|
|t:|1757070762
|switch|p1a: Dragonite|Dragonite, L50, F|100/100
|move|p1b: Tyranitar|Rock Slide|p2b: Salamence|[spread] p2a,p2b
|-supereffective|p2a: Incineroar
|-supereffective|p2b: Salamence
|-damage|p2a: Incineroar|40/100
|-damage|p2b: Salamence|43/100
|move|p2b: Salamence|Air Slash|p1a: Dragonite
|-damage|p1a: Dragonite|74/100
|move|p2a: Incineroar|Parting Shot|p1b: Tyranitar
|-unboost|p1b: Tyranitar|atk|1
|-unboost|p1b: Tyranitar|spa|1
|
|t:|1757070773
|switch|p2a: Bastiodon|Bastiodon, L50, F|100/100|[from] Parting Shot
|
|-weather|Sandstorm|[upkeep]
|-damage|p1a: Dragonite|68/100|[from] Sandstorm
|-damage|p1b: Tyranitar|89/100|[from] Sandstorm
|-damage|p2b: Salamence|37/100|[from] Sandstorm
|upkeep
|turn|4
|
|t:|1757070792
|switch|p1b: Talonflame|Talonflame, L50, M|18/100
|switch|p2b: Rillaboom|Rillaboom, L50, F|100/100
|move|p1a: Dragonite|Scale Shot|p2b: Rillaboom
|-damage|p2b: Rillaboom|86/100
|-damage|p2b: Rillaboom|73/100
|-damage|p2b: Rillaboom|58/100
|-damage|p2b: Rillaboom|43/100
|-hitcount|p2b: Rillaboom|4
|-unboost|p1a: Dragonite|def|1
|-boost|p1a: Dragonite|spe|1
|move|p2a: Bastiodon|Ice Beam|p1a: Dragonite
|-supereffective|p1a: Dragonite
|-damage|p1a: Dragonite|10/100
|
|-weather|Sandstorm|[upkeep]
|-damage|p1a: Dragonite|4/100|[from] Sandstorm
|-damage|p1b: Talonflame|12/100|[from] Sandstorm
|-damage|p2b: Rillaboom|38/100|[from] Sandstorm
|-heal|p2b: Rillaboom|43/100|[from] Grassy Terrain
|-sideend|p1: washingtongargacha|move: Tailwind
|upkeep
|turn|5
|
|t:|1757070816
|move|p1a: Dragonite|Protect|p1a: Dragonite
|-singleturn|p1a: Dragonite|Protect
|move|p2b: Rillaboom|Grassy Glide|p1b: Talonflame
|-resisted|p1b: Talonflame
|-damage|p1b: Talonflame|0 fnt
|faint|p1b: Talonflame
|move|p2a: Bastiodon|Iron Defense|p2a: Bastiodon
|-boost|p2a: Bastiodon|def|2
|
|-weather|none
|-heal|p2b: Rillaboom|49/100|[from] Grassy Terrain
|-fieldend|move: Grassy Terrain
|upkeep
|
|t:|1757070827
|switch|p1b: Garchomp|Garchomp, L50, M|100/100
|turn|6
|
|t:|1757070857
|switch|p2b: Salamence|Salamence, L50, F|37/100
|-ability|p2b: Salamence|Intimidate|boost
|-unboost|p1a: Dragonite|atk|1
|-unboost|p1b: Garchomp|atk|1
|-terastallize|p2a: Bastiodon|Electric
|move|p1a: Dragonite|Scale Shot|p2b: Salamence
|-supereffective|p2b: Salamence
|-damage|p2b: Salamence|12/100
|-supereffective|p2b: Salamence
|-damage|p2b: Salamence|0 fnt
|faint|p2b: Salamence
|-hitcount|p2: Salamence|2
|-unboost|p1a: Dragonite|def|1
|-boost|p1a: Dragonite|spe|1
|move|p1b: Garchomp|Earthquake|p2a: Bastiodon|[spread] p2a
|-immune|p1a: Dragonite
|-supereffective|p2a: Bastiodon
|-damage|p2a: Bastiodon|80/100
|-damage|p1b: Garchomp|91/100|[from] item: Life Orb
|move|p2a: Bastiodon|Ice Beam|p1b: Garchomp
|-supereffective|p1b: Garchomp
|-damage|p1b: Garchomp|39/100
|
|upkeep
|
|t:|1757070878
|switch|p2b: Rillaboom|Rillaboom, L50, F|49/100
|-fieldstart|move: Grassy Terrain|[from] ability: Grassy Surge|[of] p2b: Rillaboom
|turn|7
|
|t:|1757070884
|move|p1b: Garchomp|Protect|p1b: Garchomp
|-singleturn|p1b: Garchomp|Protect
|move|p2b: Rillaboom|Grassy Glide|p1a: Dragonite
|-resisted|p1a: Dragonite
|-damage|p1a: Dragonite|0 fnt
|faint|p1a: Dragonite
|move|p2a: Bastiodon|Ice Beam|p1b: Garchomp
|-activate|p1b: Garchomp|move: Protect
|
|-heal|p1b: Garchomp|45/100|[from] Grassy Terrain
|-heal|p2b: Rillaboom|55/100|[from] Grassy Terrain
|-heal|p2a: Bastiodon|86/100|[from] Grassy Terrain
|upkeep
|
|t:|1757070894
|switch|p1a: Tyranitar|Tyranitar, L50, F, tera:Flying|89/100
|-weather|Sandstorm|[from] ability: Sand Stream|[of] p1a: Tyranitar
|turn|8
|
|t:|1757070909
|switch|p2b: Incineroar|Incineroar, L50, F|40/100
|-ability|p2b: Incineroar|Intimidate|boost
|-unboost|p1a: Tyranitar|atk|1
|-unboost|p1b: Garchomp|atk|1
|move|p1b: Garchomp|Earthquake|p2a: Bastiodon|[spread] p2a,p2b
|-immune|p1a: Tyranitar
|-supereffective|p2a: Bastiodon
|-supereffective|p2b: Incineroar
|-damage|p2a: Bastiodon|77/100
|-damage|p2b: Incineroar|15/100
|-damage|p1b: Garchomp|35/100|[from] item: Life Orb
|move|p1a: Tyranitar|Tera Blast|p2b: Incineroar|[anim] Tera Blast Flying
|-damage|p2b: Incineroar|0 fnt
|faint|p2b: Incineroar
|move|p2a: Bastiodon|Ice Beam|p1b: Garchomp
|-supereffective|p1b: Garchomp
|-damage|p1b: Garchomp|0 fnt
|faint|p1b: Garchomp
|
|-weather|Sandstorm|[upkeep]
|-damage|p1a: Tyranitar|83/100|[from] Sandstorm
|-damage|p2a: Bastiodon|71/100|[from] Sandstorm
|-heal|p2a: Bastiodon|77/100|[from] Grassy Terrain
|upkeep
|
|t:|1757070924
|switch|p2b: Rillaboom|Rillaboom, L50, F|55/100
|turn|9
|
|t:|1757070931
|move|p2b: Rillaboom|Fake Out|p1a: Tyranitar
|-damage|p1a: Tyranitar|72/100
|cant|p1a: Tyranitar|flinch
|move|p2a: Bastiodon|Iron Defense|p2a: Bastiodon
|-boost|p2a: Bastiodon|def|2
|
|-weather|Sandstorm|[upkeep]
|-damage|p2b: Rillaboom|49/100|[from] Sandstorm
|-damage|p1a: Tyranitar|66/100|[from] Sandstorm
|-damage|p2a: Bastiodon|71/100|[from] Sandstorm
|-heal|p2b: Rillaboom|55/100|[from] Grassy Terrain
|-heal|p2a: Bastiodon|77/100|[from] Grassy Terrain
|upkeep
|turn|10
|
|t:|1757070945
|move|p2b: Rillaboom|Wood Hammer|p1a: Tyranitar
|-resisted|p1a: Tyranitar
|-damage|p1a: Tyranitar|33/100
|-damage|p2b: Rillaboom|45/100|[from] Recoil
|move|p1a: Tyranitar|Tera Blast|p2b: Rillaboom|[anim] Tera Blast Flying
|-supereffective|p2b: Rillaboom
|-damage|p2b: Rillaboom|0 fnt
|faint|p2b: Rillaboom
|move|p2a: Bastiodon|Body Press|p1a: Tyranitar
|-resisted|p1a: Tyranitar
|-damage|p1a: Tyranitar|0 fnt
|faint|p1a: Tyranitar
|
|win|CretaceousDraconid
