|j|☆AquaShymon
|j|‽antopeizYZ
|html|AquaShymonantopeizYZ    
|uhtml|bestof|Game 1 of a best-of-3
|t:|1786143624
|gametype|doubles
|player|p1|AquaShymon|dawn|1016
|player|p2|antopeizYZ|hilda|1076
|gen|9
|tier|[Gen 9 Champions] VGC 2026 Reg M-B (Bo3)
|rated|
|rule|Species Clause: Limit one of each Pokémon
|rule|Item Clause: Limit 1 of each item
|clearpoke
|poke|p1|Scrafty, L50, M|
|poke|p1|Mawile, L50, F|
|poke|p1|Farigiraf, L50, F|
|poke|p1|Torkoal, L50, M|
|poke|p1|Sylveon, L50, M|
|poke|p1|Venusaur, L50, M|
|poke|p2|Hatterene, L50, F, shiny|
|poke|p2|Farigiraf, L50, M|
|poke|p2|Camerupt, L50, F|
|poke|p2|Grimmsnarl, L50, M, shiny|
|poke|p2|Primarina, L50, M, shiny|
|poke|p2|Swampert, L50, M|
|teampreview|4
|showteam|p1|Scrafty||Scraftinite|Intimidate|DrainPunch,KnockOff,FakeOut,Detect|Adamant||M|||50|]Mawile||Mawilite|HyperCutter|IronHead,PlayRough,SuckerPunch,SwordsDance|Brave||F|||50|]Farigiraf||ColburBerry|ArmorTail|Psychic,HelpingHand,TrickRoom,Protect|Bold||F|||50|]Torkoal||Charcoal|Drought|Eruption,WeatherBall,EarthPower,Protect|Modest||M|||50|]Sylveon||FairyFeather|Pixilate|HyperVoice,HyperBeam,QuickAttack,Detect|Modest||M|||50|]Venusaur||LifeOrb|Chlorophyll|SludgeBomb,EarthPower,SleepPowder,Protect|Modest||M|||50|
|showteam|p2|Hatterene||LifeOrb|MagicBounce|DazzlingGleam,TrickRoom,Psychic,Protect|Quiet||F|||50|]Farigiraf||SitrusBerry|ArmorTail|TrickRoom,TwinBeam,Protect,HelpingHand|Relaxed||M|||50|]Camerupt||Cameruptite|SolidRock|AncientPower,HeatWave,EarthPower,Protect|Quiet||F|||50|]Grimmsnarl||LightClay|Prankster|SpiritBreak,Reflect,LightScreen,PartingShot|Sassy||M|||50|]Primarina||Leftovers|LiquidVoice|HyperVoice,EnergyBall,CalmMind,Protect|Relaxed||M|||50|]Swampert||Swampertite|Damp|IcePunch,HighHorsepower,WaveCrash,Protect|Adamant||M|||50|
|inactive|Battle timer is ON: inactive players will automatically lose when time's up. (requested by antopeizYZ)
|inactive|AquaShymon has 60 seconds left.
|
|t:|1786143668
|teamsize|p1|4
|teamsize|p2|4
|start
|switch|p1a: Scrafty|Scrafty, L50, M|100/100
|switch|p1b: Farigiraf|Farigiraf, L50, F|100/100
|switch|p2a: Hatterene|Hatterene, L50, F, shiny|100/100
|switch|p2b: Grimmsnarl|Grimmsnarl, L50, M, shiny|100/100
|-ability|p1a: Scrafty|Intimidate|boost
|-unboost|p2a: Hatterene|atk|1
|-unboost|p2b: Grimmsnarl|atk|1
|turn|1
|
|t:|1786143687
|switch|p1b: Venusaur|Venusaur, L50, M|100/100
|move|p1a: Scrafty|Fake Out|p2a: Hatterene
|-damage|p2a: Hatterene|86/100
|move|p2b: Grimmsnarl|Reflect|p2b: Grimmsnarl
|-sidestart|p2: antopeizYZ|Reflect
|cant|p2a: Hatterene|flinch
|
|upkeep
|turn|2
|
|t:|1786143707
|move|p2a: Hatterene|Protect|p2a: Hatterene
|-singleturn|p2a: Hatterene|Protect
|move|p2b: Grimmsnarl|Light Screen|p2b: Grimmsnarl
|-sidestart|p2: antopeizYZ|move: Light Screen
|move|p1b: Venusaur|Sludge Bomb|p2a: Hatterene
|-activate|p2a: Hatterene|move: Protect
|move|p1a: Scrafty|Knock Off|p2a: Hatterene
|-activate|p2a: Hatterene|move: Protect
|
|upkeep
|turn|3
|
|t:|1786143721
|switch|p1a: Farigiraf|Farigiraf, L50, F|100/100
|move|p2b: Grimmsnarl|Parting Shot||[still]
|cant|p1a: Farigiraf|ability: Armor Tail|Parting Shot|[of] p2b: Grimmsnarl
|move|p1b: Venusaur|Sludge Bomb|p2a: Hatterene
|-supereffective|p2a: Hatterene|1
|-damage|p2a: Hatterene|4/100
|-status|p2a: Hatterene|psn
|-damage|p1b: Venusaur|90/100|[from] item: Life Orb
|move|p2a: Hatterene|Trick Room|p2a: Hatterene
|-fieldstart|move: Trick Room|[of] p2a: Hatterene
|
|-damage|p2a: Hatterene|0 fnt|[from] psn
|faint|p2a: Hatterene
|upkeep
|
|t:|1786143736
|switch|p2a: Camerupt|Camerupt, L50, F|100/100
|turn|4
|
|t:|1786143745
|switch|p2b: Primarina|Primarina, L50, M, shiny|100/100
|detailschange|p2a: Camerupt|Camerupt-Mega, L50, F
|-mega|p2a: Camerupt|Camerupt|Cameruptite
|move|p1b: Venusaur|Protect|p1b: Venusaur
|-singleturn|p1b: Venusaur|Protect
|move|p2a: Camerupt|Heat Wave|p1b: Venusaur|[spread] p1a
|-activate|p1b: Venusaur|move: Protect
|-damage|p1a: Farigiraf|49/100
|move|p1a: Farigiraf|Trick Room|p1a: Farigiraf
|-fieldend|move: Trick Room
|
|upkeep
|turn|5
|inactive|AquaShymon has 30 seconds left.
|inactive|AquaShymon has 20 seconds left.
|inactive|AquaShymon has 15 seconds left.
|inactive|AquaShymon has 10 seconds left.
|
|t:|1786143791
|move|p1a: Farigiraf|Protect|p1a: Farigiraf
|-singleturn|p1a: Farigiraf|Protect
|move|p1b: Venusaur|Sludge Bomb|p2b: Primarina
|-supereffective|p2b: Primarina|1
|-damage|p2b: Primarina|35/100
|-damage|p1b: Venusaur|80/100|[from] item: Life Orb
|move|p2b: Primarina|Calm Mind|p2b: Primarina
|-boost|p2b: Primarina|spa|1
|-boost|p2b: Primarina|spd|1
|move|p2a: Camerupt|Heat Wave|p1b: Venusaur|[spread] p1b
|-activate|p1a: Farigiraf|move: Protect
|-supereffective|p1b: Venusaur|1
|-damage|p1b: Venusaur|0 fnt
|faint|p1b: Venusaur
|
|-heal|p2b: Primarina|41/100|[from] item: Leftovers
|upkeep
|
|t:|1786143806
|switch|p1b: Scrafty|Scrafty, L50, M|100/100
|-ability|p1b: Scrafty|Intimidate|boost
|-unboost|p2a: Camerupt|atk|1
|-unboost|p2b: Primarina|atk|1
|turn|6
|
|t:|1786143825
|detailschange|p1b: Scrafty|Scrafty-Mega, L50, M
|-mega|p1b: Scrafty|Scrafty|Scraftinite
|-ability|p1b: Scrafty|Intimidate|boost
|-unboost|p2a: Camerupt|atk|1
|-unboost|p2b: Primarina|atk|1
|move|p2b: Primarina|Protect|p2b: Primarina
|-singleturn|p2b: Primarina|Protect
|move|p2a: Camerupt|Protect|p2a: Camerupt
|-singleturn|p2a: Camerupt|Protect
|move|p1b: Scrafty|Knock Off|p2a: Camerupt
|-activate|p2a: Camerupt|move: Protect
|move|p1a: Farigiraf|Psychic|p2b: Primarina
|-activate|p2b: Primarina|move: Protect
|
|-heal|p2b: Primarina|47/100|[from] item: Leftovers
|upkeep
|turn|7
|
|t:|1786143840
|move|p1b: Scrafty|Knock Off|p2a: Camerupt
|-damage|p2a: Camerupt|74/100
|move|p1a: Farigiraf|Psychic|p2b: Primarina
|-damage|p2b: Primarina|33/100
|move|p2b: Primarina|Hyper Voice|p1b: Scrafty|[spread] p1a,p1b
|-damage|p1a: Farigiraf|11/100
|-damage|p1b: Scrafty|66/100
|move|p2a: Camerupt|Heat Wave|p1a: Farigiraf|[spread] p1a,p1b
|-damage|p1a: Farigiraf|0 fnt
|-damage|p1b: Scrafty|20/100y
|faint|p1a: Farigiraf
|
|-heal|p2b: Primarina|39/100|[from] item: Leftovers
|upkeep
|
|t:|1786143865
|switch|p1a: Torkoal|Torkoal, L50, M|100/100
|-weather|SunnyDay|[from] ability: Drought|[of] p1a: Torkoal
|turn|8
|
|t:|1786143880
|move|p1b: Scrafty|Knock Off|p2b: Primarina
|-resisted|p2b: Primarina|1
|-damage|p2b: Primarina|23/100
|-enditem|p2b: Primarina|Leftovers|[from] move: Knock Off|[of] p1b: Scrafty
|move|p2b: Primarina|Hyper Voice|p1a: Torkoal|[spread] p1a,p1b
|-supereffective|p1a: Torkoal|1
|-damage|p1a: Torkoal|41/100
|-damage|p1b: Scrafty|5/100
|move|p1a: Torkoal|Earth Power|p2a: Camerupt
|-supereffective|p2a: Camerupt|1
|-damage|p2a: Camerupt|42/100
|move|p2a: Camerupt|Earth Power|p1a: Torkoal
|-supereffective|p1a: Torkoal|1
|-damage|p1a: Torkoal|0 fnt
|faint|p1a: Torkoal
|
|-weather|SunnyDay|[upkeep]
|-sideend|p2: antopeizYZ|Reflect
|upkeep
|turn|9
|
|t:|1786143900
|move|p1b: Scrafty|Drain Punch|p2b: Primarina
|-resisted|p2b: Primarina|1
|-damage|p2b: Primarina|5/100
|-heal|p1b: Scrafty|15/100|[from] drain|[of] p2b: Primarina
|move|p2b: Primarina|Hyper Voice|p1b: Scrafty
|-damage|p1b: Scrafty|0 fnt
|faint|p1b: Scrafty
|
|win|antopeizYZ
||antopeizYZ is ready for game 2.
|inactive|AquaShymon has 30 seconds to confirm battle start!
|l|‽antopeizYZ
|player|p2|
|inactive|AquaShymon has 20 seconds to confirm battle start!
||AquaShymon is ready for game 2.
|uhtml|next|Next: Game 2 of 3
