|j|☆Dah_tobster
|j|☆JNAOFARIA
|html|Dah_tobsterJNAOFARIA    
|uhtml|bestof|Game 3 of a best-of-3
|t:|1757042257
|gametype|doubles
|player|p1|Dah_tobster|266|1172
|player|p2|JNAOFARIA|169|1143
|gen|9
|tier|[Gen 9] VGC 2025 Reg H (Bo3)
|rated|
|rule|Species Clause: Limit one of each Pokémon
|rule|Item Clause: Limit 1 of each item
|clearpoke
|poke|p1|Grimmsnarl, L50, M|
|poke|p1|Dragonite, L50, M|
|poke|p1|Gholdengo, L50|
|poke|p1|Annihilape, L50, F|
|poke|p1|Maushold-Four, L50|
|poke|p1|Rillaboom, L50, F|
|poke|p2|Pelipper, L50, M|
|poke|p2|Braviary-Hisui, L50, M|
|poke|p2|Indeedee-F, L50, F|
|poke|p2|Archaludon, L50, M|
|poke|p2|Basculegion, L50, M|
|poke|p2|Decidueye-Hisui, L50, F|
|teampreview|4
|showteam|p1|Grimmsnarl||LightClay|Prankster|SpiritBreak,Reflect,LightScreen,ThunderWave|||M|||50|,,,,,Steel]Dragonite||LoadedDice|Multiscale|ScaleShot,ExtremeSpeed,Tailwind,Protect|||M|||50|,,,,,Steel]Gholdengo||LifeOrb|GoodasGold|MakeItRain,NastyPlot,ShadowBall,Protect||||||50|,,,,,Water]Annihilape||Leftovers|Defiant|RageFist,DrainPunch,BulkUp,Protect|||F|||50|,,,,,Fire]Maushold-Four||FocusSash|FriendGuard|SuperFang,FollowMe,BeatUp,Protect||||||50|,,,,,Ghost]Rillaboom||AssaultVest|GrassySurge|FakeOut,WoodHammer,HighHorsepower,GrassyGlide|||F|||50|,,,,,Fire
|showteam|p2|Pelipper||FocusSash|Drizzle|WeatherBall,Hurricane,Tailwind,Protect|||M|||50|,,,,,Ghost]Braviary-Hisui||LifeOrb|TintedLens|ExpandingForce,Hurricane,DazzlingGleam,Protect|||M|||50|,,,,,Psychic]Indeedee-F||PsychicSeed|PsychicSurge|Psychic,FollowMe,HelpingHand,TrickRoom|||F|||50|,,,,,Fairy]Archaludon||AssaultVest|Stamina|ElectroShot,DragonPulse,FlashCannon,BodyPress|||M|||50|,,,,,Bug]Basculegion||ChoiceBand|SwiftSwim|WaveCrash,FlipTurn,AquaJet,LastRespects|||M|||50|,,,,,Water]Decidueye-Hisui||RazorClaw|Scrappy|TripleArrows,LeafBlade,Haze,Protect|||F|||50|,,,,,Fire
|inactive|Battle timer is ON: inactive players will automatically lose when time's up. (requested by Dah_tobster)
|inactive|Dah_tobster has 60 seconds left.
|inactive|Dah_tobster has 30 seconds left.
|
|t:|1757042323
|teamsize|p1|4
|teamsize|p2|4
|start
|switch|p1a: Maushold|Maushold-Four, L50|100/100
|switch|p1b: Annihilape|Annihilape, L50, F|100/100
|switch|p2a: Braviary|Braviary-Hisui, L50, M|100/100
|switch|p2b: Indeedee|Indeedee-F, L50, F|100/100
|-fieldstart|move: Psychic Terrain|[from] ability: Psychic Surge|[of] p2b: Indeedee
|-enditem|p2b: Indeedee|Psychic Seed
|-boost|p2b: Indeedee|spd|1|[from] item: Psychic Seed
|turn|1
|inactive|Dah_tobster has 30 seconds left.
|
|t:|1757042354
|move|p1b: Annihilape|Protect|p1b: Annihilape
|-singleturn|p1b: Annihilape|Protect
|move|p1a: Maushold|Super Fang|p2a: Braviary
|-damage|p2a: Braviary|51/100
|move|p2a: Braviary|Hurricane|p1b: Annihilape
|-activate|p1b: Annihilape|move: Protect
|move|p2b: Indeedee|Trick Room|p2b: Indeedee
|-fieldstart|move: Trick Room|[of] p2b: Indeedee
|
|upkeep
|turn|2
|inactive|Dah_tobster has 30 seconds left.
|
|t:|1757042383
|-terastallize|p2a: Braviary|Psychic
|-terastallize|p1b: Annihilape|Fire
|move|p2b: Indeedee|Psychic|p1a: Maushold
|-crit|p1a: Maushold
|-damage|p1a: Maushold|24/100
|move|p2a: Braviary|Expanding Force|p1a: Maushold|[spread] p1a,p1b
|-damage|p1a: Maushold|0 fnt
|-damage|p1b: Annihilape|40/100
|faint|p1a: Maushold
|-damage|p2a: Braviary|41/100|[from] item: Life Orb
|move|p1b: Annihilape|Bulk Up|p1b: Annihilape
|-boost|p1b: Annihilape|atk|1
|-boost|p1b: Annihilape|def|1
|
|-heal|p1b: Annihilape|47/100|[from] item: Leftovers
|upkeep
|
|t:|1757042399
|switch|p1a: Rillaboom|Rillaboom, L50, F|100/100
|-fieldstart|move: Grassy Terrain|[from] ability: Grassy Surge|[of] p1a: Rillaboom
|turn|3
|
|t:|1757042422
|switch|p2b: Pelipper|Pelipper, L50, M|100/100
|-weather|RainDance|[from] ability: Drizzle|[of] p2b: Pelipper
|move|p2a: Braviary|Protect|p2a: Braviary
|-singleturn|p2a: Braviary|Protect
|move|p1a: Rillaboom|Wood Hammer|p2a: Braviary
|-activate|p2a: Braviary|move: Protect
|move|p1b: Annihilape|Drain Punch|p2b: Pelipper
|-resisted|p2b: Pelipper
|-damage|p2b: Pelipper|74/100
|-heal|p1b: Annihilape|58/100|[from] drain|[of] p2b: Pelipper
|
|-weather|RainDance|[upkeep]
|-heal|p2a: Braviary|47/100|[from] Grassy Terrain
|-heal|p1b: Annihilape|64/100|[from] Grassy Terrain
|-heal|p1b: Annihilape|70/100|[from] item: Leftovers
|upkeep
|turn|4
|inactive|Dah_tobster has 30 seconds left.
|
|t:|1757042452
|move|p2b: Pelipper|Hurricane|p1a: Rillaboom
|-supereffective|p1a: Rillaboom
|-damage|p1a: Rillaboom|30/100
|move|p2a: Braviary|Hurricane|p1a: Rillaboom
|-supereffective|p1a: Rillaboom
|-damage|p1a: Rillaboom|0 fnt
|faint|p1a: Rillaboom
|-damage|p2a: Braviary|37/100|[from] item: Life Orb
|move|p1b: Annihilape|Rage Fist|p2a: Braviary
|-supereffective|p2a: Braviary
|-damage|p2a: Braviary|0 fnt
|faint|p2a: Braviary
|
|-weather|RainDance|[upkeep]
|-heal|p1b: Annihilape|76/100|[from] Grassy Terrain
|-heal|p1b: Annihilape|83/100|[from] item: Leftovers
|upkeep
|
|t:|1757042471
|switch|p2a: Archaludon|Archaludon, L50, M|100/100
|switch|p1a: Dragonite|Dragonite, L50, M|100/100
|turn|5
|inactive|Dah_tobster has 30 seconds left.
|inactive|Dah_tobster has 20 seconds left.
|inactive|Dah_tobster has 15 seconds left.
|inactive|Dah_tobster has 10 seconds left.
|
|t:|1757042517
|move|p1b: Annihilape|Protect|p1b: Annihilape
|-singleturn|p1b: Annihilape|Protect
|move|p2b: Pelipper|Tailwind|p2b: Pelipper
|-sidestart|p2: JNAOFARIA|move: Tailwind
|move|p1a: Dragonite|Tailwind|p1a: Dragonite
|-sidestart|p1: Dah_tobster|move: Tailwind
|move|p2a: Archaludon|Electro Shot||[still]
|-prepare|p2a: Archaludon|Electro Shot
|-boost|p2a: Archaludon|spa|1
|-anim|p2a: Archaludon|Electro Shot|p1b: Annihilape
|-activate|p1b: Annihilape|move: Protect
|
|-weather|RainDance|[upkeep]
|-heal|p1b: Annihilape|89/100|[from] Grassy Terrain
|-heal|p1b: Annihilape|95/100|[from] item: Leftovers
|-fieldend|move: Trick Room
|upkeep
|turn|6
|inactive|Dah_tobster has 30 seconds left.
|inactive|JNAOFARIA has 30 seconds left.
|inactive|JNAOFARIA has 20 seconds left.
|inactive|JNAOFARIA has 15 seconds left.
|inactive|JNAOFARIA has 10 seconds left.
|inactive|JNAOFARIA has 5 seconds left.
|
|t:|1757042572
|move|p1a: Dragonite|Scale Shot|p2b: Pelipper
|-damage|p2b: Pelipper|57/100
|-damage|p2b: Pelipper|42/100
|-damage|p2b: Pelipper|25/100
|-damage|p2b: Pelipper|9/100
|-hitcount|p2b: Pelipper|4
|-unboost|p1a: Dragonite|def|1
|-boost|p1a: Dragonite|spe|1
|move|p2a: Archaludon|Electro Shot||[still]
|-prepare|p2a: Archaludon|Electro Shot
|-boost|p2a: Archaludon|spa|1
|-anim|p2a: Archaludon|Electro Shot|p1a: Dragonite
|-damage|p1a: Dragonite|57/100
|move|p1b: Annihilape|Rage Fist|p2a: Archaludon
|-damage|p2a: Archaludon|56/100
|-ability|p2a: Archaludon|Stamina|boost
|-boost|p2a: Archaludon|def|1
|move|p2b: Pelipper|Weather Ball|p1b: Annihilape
|-supereffective|p1b: Annihilape
|-damage|p1b: Annihilape|0 fnt
|faint|p1b: Annihilape
|
|-weather|RainDance|[upkeep]
|-heal|p2a: Archaludon|62/100|[from] Grassy Terrain
|upkeep
|turn|7
|inactive|Dah_tobster has 30 seconds left.
|inactive|JNAOFARIA has 30 seconds left.
|inactive|Dah_tobster has 20 seconds left.
|inactive|Dah_tobster has 15 seconds left.
|
|t:|1757042613
|move|p1a: Dragonite|Scale Shot|p2a: Archaludon
|-damage|p2a: Archaludon|56/100
|-ability|p2a: Archaludon|Stamina|boost
|-boost|p2a: Archaludon|def|1
|-damage|p2a: Archaludon|50/100
|-ability|p2a: Archaludon|Stamina|boost
|-boost|p2a: Archaludon|def|1
|-damage|p2a: Archaludon|45/100
|-ability|p2a: Archaludon|Stamina|boost
|-boost|p2a: Archaludon|def|1
|-damage|p2a: Archaludon|42/100
|-ability|p2a: Archaludon|Stamina|boost
|-boost|p2a: Archaludon|def|1
|-damage|p2a: Archaludon|38/100
|-ability|p2a: Archaludon|Stamina|boost
|-boost|p2a: Archaludon|def|1
|-hitcount|p2a: Archaludon|5
|-unboost|p1a: Dragonite|def|1
|-boost|p1a: Dragonite|spe|1
|move|p2a: Archaludon|Electro Shot||[still]
|-prepare|p2a: Archaludon|Electro Shot
|-boost|p2a: Archaludon|spa|1
|-anim|p2a: Archaludon|Electro Shot|p1a: Dragonite
|-damage|p1a: Dragonite|0 fnt
|faint|p1a: Dragonite
|
|win|JNAOFARIA
|raw|Dah_tobster's rating: 1172 → 1145(-27 for losing)
|raw|JNAOFARIA's rating: 1143 → 1170(+27 for winning)
|c|☆Dah_tobster|ggs bud
|l|☆JNAOFARIA
|player|p2|
