|j|☆chamoy-pt2
|j|☆snailboss
|html|chamoy-pt2snailboss    
|uhtml|bestof|Game 2 of a best-of-3
|t:|1756519174
|gametype|doubles
|player|p1|chamoy-pt2|riley|1138
|player|p2|snailboss|102|1222
|gen|9
|tier|[Gen 9] VGC 2025 Reg H (Bo3)
|rated|
|rule|Species Clause: Limit one of each Pokémon
|rule|Item Clause: Limit 1 of each item
|clearpoke
|poke|p1|Incineroar, L50, F|
|poke|p1|Dragapult, L50, M|
|poke|p1|Whimsicott, L50, M|
|poke|p1|Typhlosion-Hisui, L50, F|
|poke|p1|Annihilape, L50, F|
|poke|p1|Indeedee, L50, M|
|poke|p2|Tyranitar, L50, F|
|poke|p2|Excadrill, L50, F|
|poke|p2|Indeedee-F, L50, F|
|poke|p2|Zoroark-Hisui, L50, M|
|poke|p2|Corviknight, L50, M|
|poke|p2|Amoonguss, L50, M|
|teampreview|4
|showteam|p1|Incineroar||SafetyGoggles|Intimidate|FakeOut,PartingShot,KnockOff,HelpingHand|||F|||50|,,,,,Water]Dragapult||ChoiceBand|ClearBody|DragonDarts,PhantomForce,SuckerPunch,Uturn|||M|||50|,,,,,Dragon]Whimsicott||CovertCloak|Prankster|Tailwind,Moonblast,SunnyDay,BeatUp|||M|||50|,,,,,Water]Typhlosion-Hisui||ChoiceSpecs|Blaze|Eruption,HeatWave,ShadowBall,Overheat|||F|||50|,,,,,Fire]Annihilape||SitrusBerry|Defiant|RageFist,DrainPunch,BulkUp,Protect|||F|||50|,,,,,Fire]Indeedee||FocusSash|PsychicSurge|ExpandingForce,TrickRoom,Imprison,Protect|||M|||50|,,,,,Psychic
|showteam|p2|Tyranitar||AssaultVest|SandStream|RockSlide,KnockOff,LowKick,TeraBlast|||F|||50|,,,,,Flying]Excadrill||FocusSash|SandRush|IronHead,Protect,SwordsDance,Earthquake|||F|||50|,,,,,Ground]Indeedee-F||SafetyGoggles|PsychicSurge|TrickRoom,FollowMe,Psychic,HelpingHand|||F|||50|,,,,,Fairy]Zoroark-Hisui||ChoiceSpecs|Illusion|HyperVoice,ShadowBall,HyperBeam,Flamethrower|||M|||50|,,,,,Normal]Corviknight||PsychicSeed|MirrorArmor|BraveBird,PowerTrip,BulkUp,Roost|||M|||50|,,,,,Dragon]Amoonguss||SitrusBerry|Regenerator|Spore,Protect,RagePowder,ClearSmog|||M|||50|,,,,,Water
|j| We_Are_Toasted
|l| We_Are_Toasted
|
|t:|1756519216
|teamsize|p1|4
|teamsize|p2|4
|start
|switch|p1a: Incineroar|Incineroar, L50, F|100/100
|switch|p1b: Indeedee|Indeedee, L50, M|100/100
|switch|p2a: Tyranitar|Tyranitar, L50, F|100/100
|switch|p2b: Corviknight|Corviknight, L50, M|100/100
|-fieldstart|move: Psychic Terrain|[from] ability: Psychic Surge|[of] p1b: Indeedee
|-enditem|p2b: Corviknight|Psychic Seed
|-boost|p2b: Corviknight|spd|1|[from] item: Psychic Seed
|-weather|Sandstorm|[from] ability: Sand Stream|[of] p2a: Tyranitar
|-ability|p1a: Incineroar|Intimidate|boost
|-unboost|p2a: Tyranitar|atk|1
|-ability|p2b: Corviknight|Mirror Armor
|-unboost|p1a: Incineroar|atk|1
|turn|1
|
|t:|1756519241
|switch|p1b: Whimsicott|Whimsicott, L50, M|100/100
|move|p2a: Tyranitar|Knock Off|p1b: Whimsicott
|-resisted|p1b: Whimsicott
|-damage|p1b: Whimsicott|80/100
|-enditem|p1b: Whimsicott|Covert Cloak|[from] move: Knock Off|[of] p2a: Tyranitar
|move|p2b: Corviknight|Bulk Up|p2b: Corviknight
|-boost|p2b: Corviknight|atk|1
|-boost|p2b: Corviknight|def|1
|move|p1a: Incineroar|Parting Shot|p2a: Tyranitar
|-unboost|p2a: Tyranitar|atk|1
|-unboost|p2a: Tyranitar|spa|1
|
|t:|1756519251
|switch|p1a: Typhlosion|Typhlosion-Hisui, L50, F|100/100|[from] Parting Shot
|
|-weather|Sandstorm|[upkeep]
|-damage|p1b: Whimsicott|74/100|[from] Sandstorm
|-damage|p1a: Typhlosion|94/100|[from] Sandstorm
|upkeep
|turn|2
|
|t:|1756519265
|-terastallize|p1a: Typhlosion|Fire
|-terastallize|p2b: Corviknight|Dragon
|move|p1b: Whimsicott|Sunny Day|p1b: Whimsicott
|-weather|SunnyDay
|move|p1a: Typhlosion|Eruption|p2b: Corviknight|[spread] p2a,p2b
|-resisted|p2a: Tyranitar
|-resisted|p2b: Corviknight
|-damage|p2a: Tyranitar|45/100
|-damage|p2b: Corviknight|52/100
|move|p2a: Tyranitar|Rock Slide|p1a: Typhlosion|[spread] p1a,p1b
|-supereffective|p1a: Typhlosion
|-damage|p1a: Typhlosion|51/100
|-damage|p1b: Whimsicott|57/100
|move|p2b: Corviknight|Brave Bird|p1b: Whimsicott
|-supereffective|p1b: Whimsicott
|-damage|p1b: Whimsicott|0 fnt
|faint|p1b: Whimsicott
|-damage|p2b: Corviknight|37/100|[from] Recoil
|
|-weather|SunnyDay|[upkeep]
|upkeep
|
|t:|1756519282
|switch|p1b: Incineroar|Incineroar, L50, F|100/100
|-ability|p1b: Incineroar|Intimidate|boost
|-unboost|p2a: Tyranitar|atk|1
|-ability|p2b: Corviknight|Mirror Armor
|-unboost|p1b: Incineroar|atk|1
|turn|3
|
|t:|1756519328
|move|p1b: Incineroar|Helping Hand|p1a: Typhlosion
|-singleturn|p1a: Typhlosion|Helping Hand|[of] p1b: Incineroar
|move|p1a: Typhlosion|Eruption|p2a: Tyranitar|[spread] p2a,p2b
|-resisted|p2a: Tyranitar
|-resisted|p2b: Corviknight
|-damage|p2a: Tyranitar|0 fnt
|-damage|p2b: Corviknight|0 fnt
|faint|p2a: Tyranitar
|faint|p2b: Corviknight
|
|-weather|SunnyDay|[upkeep]
|upkeep
|
|t:|1756519334
|switch|p2a: Excadrill|Excadrill, L50, F|100/100
|switch|p2b: Excadrill|Excadrill, L50, F|100/100
|turn|4
|
|t:|1756519360
|move|p2b: Excadrill|Protect|p2b: Excadrill
|-singleturn|p2b: Excadrill|Protect
|move|p2a: Excadrill|Hyper Voice|p1b: Incineroar|[spread] p1a,p1b
|-damage|p1a: Typhlosion|0 fnt
|-damage|p1b: Incineroar|63/100
|faint|p1a: Typhlosion
|move|p1b: Incineroar|Parting Shot|p2b: Excadrill
|-activate|p2b: Excadrill|move: Protect
|
|-weather|SunnyDay|[upkeep]
|upkeep
|
|t:|1756519365
|switch|p1a: Indeedee|Indeedee, L50, M|100/100
|turn|5
|
|t:|1756519396
|move|p1b: Incineroar|Helping Hand|p1a: Indeedee
|-singleturn|p1a: Indeedee|Helping Hand|[of] p1b: Incineroar
|move|p2a: Excadrill|Hyper Voice|p1a: Indeedee|[spread] p1a,p1b
|-damage|p1a: Indeedee|29/100
|-damage|p1b: Incineroar|18/100
|move|p1a: Indeedee|Expanding Force|p2b: Excadrill|[spread] p2a,p2b
|-resisted|p2b: Excadrill
|-damage|p2a: Excadrill|0 fnt
|-damage|p2b: Excadrill|45/100
|replace|p2a: Zoroark|Zoroark-Hisui, L50, M
|-end|p2a: Zoroark|Illusion
|faint|p2a: Zoroark
|move|p2b: Excadrill|Earthquake|p1a: Indeedee|[spread] p1a,p1b
|-supereffective|p1b: Incineroar
|-damage|p1a: Indeedee|0 fnt
|-damage|p1b: Incineroar|0 fnt
|faint|p1a: Indeedee
|faint|p1b: Incineroar
|
|win|snailboss
|raw|chamoy-pt2's rating: 1138 → 1119(-19 for losing)
|raw|snailboss's rating: 1222 → 1241(+19 for winning)
|l|☆chamoy-pt2
|player|p1|
