|j|☆25th_mang
|j|☆shahnnawaz
|html|25th_mangshahnnawaz    
|uhtml|bestof|Game 1 of a best-of-3
|t:|1782303602
|gametype|doubles
|player|p1|25th_mang|ballguy|1218
|player|p2|shahnnawaz|101|1109
|gen|9
|tier|[Gen 9 Champions] VGC 2026 Reg M-B (Bo3)
|rated|
|rule|Species Clause: Limit one of each Pokémon
|rule|Item Clause: Limit 1 of each item
|clearpoke
|poke|p1|Crabominable, L50, F|
|poke|p1|Farigiraf, L50, F|
|poke|p1|Incineroar, L50, F|
|poke|p1|Archaludon, L50, M|
|poke|p1|Pelipper, L50, M|
|poke|p1|Sinistcha, L50|
|poke|p2|Raichu, L50, F|
|poke|p2|Whimsicott, L50, M|
|poke|p2|Garchomp, L50, F|
|poke|p2|Basculegion, L50, M|
|poke|p2|Floette-Eternal, L50, F|
|poke|p2|Gholdengo, L50|
|teampreview|4
|showteam|p1|Crabominable||Crabominite|HyperCutter|IceHammer,DrainPunch,Protect,ThunderPunch|Brave||F|||50|]Farigiraf||MentalHerb|ArmorTail|TrickRoom,Psychic,HyperVoice,HelpingHand|Relaxed||F|||50|]Incineroar||Charcoal|Intimidate|FakeOut,FlareBlitz,Assurance,Snarl|Adamant||F|||50|]Archaludon||Magnet|Stalwart|ElectroShot,AuraSphere,DracoMeteor,Protect|Quiet||M|||50|]Pelipper||SharpBeak|Drizzle|Hurricane,WeatherBall,WideGuard,Protect|Modest||M|||50|]Sinistcha||SitrusBerry|Hospitality|MatchaGotcha,RagePowder,LifeDew,TrickRoom|Relaxed|||||50|
|showteam|p2|Raichu||RaichuniteY|LightningRod|FakeOut,FocusBlast,ZapCannon,Protect|Serious||F|||50|]Whimsicott||FocusSash|Prankster|Encore,FakeTears,Tailwind,Moonblast|Sassy||M|||50|]Garchomp||LifeOrb|RoughSkin|ScaleShot,StompingTantrum,RockSlide,Protect|Jolly||F|||50|]Basculegion||ChoiceScarf|Adaptability|LastRespects,FlipTurn,WaveCrash,Soak|Adamant||M|||50|]Floette-Eternal||Floettite|FlowerVeil|CalmMind,Moonblast,DazzlingGleam,Protect|Bold||F|||50|]Gholdengo||Leftovers|GoodasGold|MakeItRain,NastyPlot,ShadowBall,Protect|Quiet|||||50|
|inactive|Battle timer is ON: inactive players will automatically lose when time's up. (requested by 25th_mang)
|inactive|25th_mang has 60 seconds left.
|inactive|25th_mang has 30 seconds left.
|inactive|25th_mang has 20 seconds left.
|inactive|25th_mang has 15 seconds left.
|inactive|25th_mang has 10 seconds left.
|
|t:|1782303684
|teamsize|p1|4
|teamsize|p2|4
|start
|switch|p1a: My1stFlip|Farigiraf, L50, F|100/100
|switch|p1b: My1stRoar|Incineroar, L50, F|100/100
|switch|p2a: Raichu|Raichu, L50, F|100/100
|switch|p2b: Basculegion|Basculegion, L50, M|100/100
|-ability|p1b: My1stRoar|Intimidate|boost
|-unboost|p2a: Raichu|atk|1
|-unboost|p2b: Basculegion|atk|1
|turn|1
|
|t:|1782303704
|detailschange|p2a: Raichu|Raichu-Mega-Y, L50, F
|-mega|p2a: Raichu|Raichu|Raichunite Y
|move|p1b: My1stRoar|Fake Out|p2a: Raichu
|-damage|p2a: Raichu|70/100
|move|p2b: Basculegion|Soak|p1a: My1stFlip
|-start|p1a: My1stFlip|typechange|Water
|cant|p2a: Raichu|flinch
|move|p1a: My1stFlip|Trick Room|p1a: My1stFlip
|-fieldstart|move: Trick Room|[of] p1a: My1stFlip
|
|upkeep
|turn|2
|
|t:|1782303724
|move|p1a: My1stFlip|Hyper Voice|p2b: Basculegion|[spread] p2a
|-immune|p2b: Basculegion
|-damage|p2a: Raichu|45/100
|move|p1b: My1stRoar|Assurance|p2a: Raichu
|-damage|p2a: Raichu|0 fnt
|faint|p2a: Raichu
|move|p2b: Basculegion|Soak|p1b: My1stRoar
|-start|p1b: My1stRoar|typechange|Water
|
|upkeep
|
|t:|1782303739
|switch|p2a: Gholdengo|Gholdengo, L50|100/100
|turn|3
|
|t:|1782303763
|switch|p2b: Whimsicott|Whimsicott, L50, M|100/100
|move|p1a: My1stFlip|Psychic|p2a: Gholdengo
|-resisted|p2a: Gholdengo|1
|-damage|p2a: Gholdengo|90/100
|move|p1b: My1stRoar|Flare Blitz|p2a: Gholdengo
|-supereffective|p2a: Gholdengo|1
|-damage|p2a: Gholdengo|8/100
|-damage|p1b: My1stRoar|71/100|[from] Recoil
|move|p2a: Gholdengo|Nasty Plot|p2a: Gholdengo
|-boost|p2a: Gholdengo|spa|2
|
|-heal|p2a: Gholdengo|14/100|[from] item: Leftovers
|upkeep
|turn|4
|inactive|shahnnawaz has 30 seconds left.
|
|t:|1782303792
|move|p2a: Gholdengo|Protect|p2a: Gholdengo
|-singleturn|p2a: Gholdengo|Protect
|move|p1a: My1stFlip|Psychic|p2b: Whimsicott
|-damage|p2b: Whimsicott|75/100
|move|p1b: My1stRoar|Snarl|p2a: Gholdengo|[spread] p2b
|-activate|p2a: Gholdengo|move: Protect
|-resisted|p2b: Whimsicott|1
|-damage|p2b: Whimsicott|71/100
|-unboost|p2b: Whimsicott|spa|1
|move|p2b: Whimsicott|Moonblast|p1a: My1stFlip
|-damage|p1a: My1stFlip|82/100
|
|-heal|p2a: Gholdengo|20/100y|[from] item: Leftovers
|upkeep
|turn|5
|
|t:|1782303816
|move|p2a: Gholdengo|Protect|p2a: Gholdengo
|-singleturn|p2a: Gholdengo|Protect
|move|p1a: My1stFlip|Psychic|p2b: Whimsicott
|-damage|p2b: Whimsicott|46/100
|move|p1b: My1stRoar|Snarl|p2b: Whimsicott|[spread] p2b
|-activate|p2a: Gholdengo|move: Protect
|-resisted|p2b: Whimsicott|1
|-damage|p2b: Whimsicott|43/100
|-unboost|p2b: Whimsicott|spa|1
|move|p2b: Whimsicott|Moonblast|p1a: My1stFlip
|-damage|p1a: My1stFlip|70/100
|-unboost|p1a: My1stFlip|spa|1
|
|-heal|p2a: Gholdengo|26/100|[from] item: Leftovers
|-fieldend|move: Trick Room
|upkeep
|turn|6
|inactive|25th_mang has 30 seconds left.
|
|t:|1782303841
|move|p2b: Whimsicott|Tailwind|p2b: Whimsicott
|-sidestart|p2: shahnnawaz|move: Tailwind
|move|p2a: Gholdengo|Shadow Ball|p1a: My1stFlip
|-damage|p1a: My1stFlip|1/100
|move|p1b: My1stRoar|Snarl|p2a: Gholdengo|[spread] p2a,p2b
|-supereffective|p2a: Gholdengo|1
|-resisted|p2b: Whimsicott|1
|-damage|p2a: Gholdengo|13/100
|-damage|p2b: Whimsicott|39/100
|-unboost|p2a: Gholdengo|spa|1
|-unboost|p2b: Whimsicott|spa|1
|move|p1a: My1stFlip|Trick Room|p1a: My1stFlip
|-fieldstart|move: Trick Room|[of] p1a: My1stFlip
|
|-heal|p2a: Gholdengo|19/100|[from] item: Leftovers
|upkeep
|turn|7
|
|t:|1782303860
|move|p1a: My1stFlip|Psychic|p2b: Whimsicott
|-damage|p2b: Whimsicott|23/100
|move|p1b: My1stRoar|Snarl|p2a: Gholdengo|[spread] p2a,p2b
|-supereffective|p2a: Gholdengo|1
|-resisted|p2b: Whimsicott|1
|-damage|p2a: Gholdengo|6/100
|-damage|p2b: Whimsicott|20/100y
|-unboost|p2a: Gholdengo|spa|1
|-unboost|p2b: Whimsicott|spa|1
|move|p2a: Gholdengo|Shadow Ball|p1a: My1stFlip
|-damage|p1a: My1stFlip|0 fnt
|faint|p1a: My1stFlip
|move|p2b: Whimsicott|Moonblast|p1b: My1stRoar
|-damage|p1b: My1stRoar|61/100
|
|-heal|p2a: Gholdengo|12/100|[from] item: Leftovers
|upkeep
|
|t:|1782303874
|switch|p1a: Hockey Rivalry|Crabominable, L50, F|100/100
|turn|8
|
|t:|1782303882
|move|p1a: Hockey Rivalry|Thunder Punch|p2b: Whimsicott
|-resisted|p2b: Whimsicott|1
|-damage|p2b: Whimsicott|4/100
|move|p1b: My1stRoar|Assurance|p2a: Gholdengo
|-supereffective|p2a: Gholdengo|1
|-damage|p2a: Gholdengo|0 fnt
|faint|p2a: Gholdengo
|move|p2b: Whimsicott|Moonblast|p1a: Hockey Rivalry
|-supereffective|p1a: Hockey Rivalry|1
|-damage|p1a: Hockey Rivalry|78/100
|
|upkeep
|
|t:|1782303893
|switch|p2a: Basculegion|Basculegion, L50, M|100/100
|turn|9
|
|t:|1782303901
|detailschange|p1a: Hockey Rivalry|Crabominable-Mega, L50, F
|-mega|p1a: Hockey Rivalry|Crabominable|Crabominite
|move|p2b: Whimsicott|Fake Tears|p1a: Hockey Rivalry
|-unboost|p1a: Hockey Rivalry|spd|2
|move|p1a: Hockey Rivalry|Thunder Punch|p2a: Basculegion
|-supereffective|p2a: Basculegion|1
|-damage|p2a: Basculegion|1/100
|move|p1b: My1stRoar|Snarl|p2a: Basculegion|[spread] p2a,p2b
|-supereffective|p2a: Basculegion|1
|-resisted|p2b: Whimsicott|1
|-damage|p2a: Basculegion|0 fnt
|-damage|p2b: Whimsicott|1/100
|-unboost|p2b: Whimsicott|spa|1
|faint|p2a: Basculegion
|
|-sideend|p2: shahnnawaz|move: Tailwind
|upkeep
|turn|10
|
|t:|1782303919
|move|p2b: Whimsicott|Tailwind|p2b: Whimsicott
|-sidestart|p2: shahnnawaz|move: Tailwind
|move|p1a: Hockey Rivalry|Ice Hammer|p2b: Whimsicott
|-supereffective|p2b: Whimsicott|1
|-damage|p2b: Whimsicott|0 fnt
|-unboost|p1a: Hockey Rivalry|spe|1
|faint|p2b: Whimsicott
|
|win|25th_mang
