|j|☆Advertisementish
|j|☆bruGno
|html|AdvertisementishbruGno    
|uhtml|bestof|Game 2 of a best-of-3
|t:|1786118156
|gametype|doubles
|player|p1|Advertisementish|ghetsis|1248
|player|p2|bruGno|ash-kalos|1402
|gen|9
|tier|[Gen 9 Champions] VGC 2026 Reg M-B (Bo3)
|rated|
|rule|Species Clause: Limit one of each Pokémon
|rule|Item Clause: Limit 1 of each item
|clearpoke
|poke|p1|Glimmora, L50, F|
|poke|p1|Maushold, L50|
|poke|p1|Annihilape, L50, F|
|poke|p1|Ninetales-Alola, L50, M|
|poke|p1|Primarina, L50, M|
|poke|p1|Hydreigon, L50, F|
|poke|p2|Venusaur, L50, M|
|poke|p2|Charizard, L50, M|
|poke|p2|Grimmsnarl, L50, M|
|poke|p2|Archaludon, L50, F|
|poke|p2|Pelipper, L50, F|
|poke|p2|Swampert, L50, M|
|teampreview|4
|showteam|p1|Glimmora||Glimmoranite|ToxicDebris|PowerGem,SludgeBomb,EarthPower,SpikyShield|Modest||F|||50|]Maushold||ChopleBerry|FriendGuard|BeatUp,FollowMe,Protect,Feint|Bold|||||50|]Annihilape||Leftovers|Defiant|RageFist,DrainPunch,BulkUp,Protect|Adamant||F|||50|]Ninetales-Alola||NeverMeltIce|SnowWarning|Blizzard,FreezeDry,AuroraVeil,Protect|Timid||M|||50|]Primarina||LifeOrb|LiquidVoice|HyperVoice,DazzlingGleam,Moonblast,Protect|Modest||M|||50|]Hydreigon||FocusSash|Levitate|DarkPulse,DracoMeteor,Tailwind,Protect|Timid||F|||50|
|showteam|p2|Venusaur||FocusSash|Chlorophyll|SludgeBomb,EarthPower,SleepPowder,Protect|Modest||M|||50|]Charizard||CharizarditeY|Blaze|Protect,HeatWave,SolarBeam,WeatherBall|Modest||M|||50|]Grimmsnarl||LightClay|Prankster|SpiritBreak,LightScreen,Reflect,PartingShot|Sassy||M|||50|]Archaludon||Leftovers|Stamina|ElectroShot,DragonPulse,FlashCannon,Protect|Calm||F|||50|]Pelipper||SitrusBerry|Drizzle|Hurricane,WeatherBall,Tailwind,WideGuard|Modest||F|||50|]Swampert||Swampertite|Torrent|WaveCrash,Earthquake,IcePunch,Protect|Adamant||M|||50|
|inactive|Battle timer is ON: inactive players will automatically lose when time's up. (requested by Advertisementish)
|
|t:|1786118173
|teamsize|p1|4
|teamsize|p2|4
|start
|switch|p1a: Annihilape|Annihilape, L50, F|100/100
|switch|p1b: Maushold|Maushold, L50|100/100
|switch|p2a: Charizard|Charizard, L50, M|100/100
|switch|p2b: Venusaur|Venusaur, L50, M|100/100
|turn|1
|
|t:|1786118185
|detailschange|p2a: Charizard|Charizard-Mega-Y, L50, M
|-mega|p2a: Charizard|Charizard|Charizardite Y
|-weather|SunnyDay|[from] ability: Drought|[of] p2a: Charizard
|move|p1b: Maushold|Feint|p2b: Venusaur
|-damage|p2b: Venusaur|89/100
|move|p2b: Venusaur|Sleep Powder|p1a: Annihilape
|-status|p1a: Annihilape|slp|[from] move: Sleep Powder
|move|p2a: Charizard|Heat Wave|p1b: Maushold|[spread] p1a,p1b
|-damage|p1a: Annihilape|63/100 slp
|-damage|p1b: Maushold|31/100
|cant|p1a: Annihilape|slp
|
|-weather|SunnyDay|[upkeep]
|-heal|p1a: Annihilape|69/100 slp|[from] item: Leftovers
|upkeep
|turn|2
|
|t:|1786118209
|move|p1b: Maushold|Protect|p1b: Maushold
|-singleturn|p1b: Maushold|Protect
|cant|p1a: Annihilape|slp
|move|p2b: Venusaur|Sludge Bomb|p1a: Annihilape
|-resisted|p1a: Annihilape|1
|-damage|p1a: Annihilape|57/100 slp
|move|p2a: Charizard|Weather Ball|p1a: Annihilape
|-damage|p1a: Annihilape|11/100 slp
|
|-weather|SunnyDay|[upkeep]
|-heal|p1a: Annihilape|17/100 slp|[from] item: Leftovers
|upkeep
|turn|3
|
|t:|1786118227
|move|p1b: Maushold|Follow Me|p1b: Maushold
|-singleturn|p1b: Maushold|move: Follow Me
|move|p2b: Venusaur|Sludge Bomb|p1b: Maushold
|-damage|p1b: Maushold|0 fnt
|faint|p1b: Maushold
|move|p2a: Charizard|Weather Ball|p1a: Annihilape
|-damage|p1a: Annihilape|0 fnt
|faint|p1a: Annihilape
|
|-weather|SunnyDay|[upkeep]
|upkeep
|
|t:|1786118229
|switch|p1b: Hydreigon|Hydreigon, L50, F|100/100
|switch|p1a: Ninetales|Ninetales-Alola, L50, M|100/100
|-weather|Snowscape|[from] ability: Snow Warning|[of] p1a: Ninetales
|turn|4
|inactive|bruGno has 30 seconds left.
|
|t:|1786118257
|switch|p2a: Archaludon|Archaludon, L50, F|100/100
|move|p2b: Venusaur|Protect|p2b: Venusaur
|-singleturn|p2b: Venusaur|Protect
|move|p1a: Ninetales|Blizzard|p2b: Venusaur|[spread] p2a
|-activate|p2b: Venusaur|move: Protect
|-damage|p2a: Archaludon|67/100
|-ability|p2a: Archaludon|Stamina|boost
|-boost|p2a: Archaludon|def|1
|move|p1b: Hydreigon|Dark Pulse|p2b: Venusaur
|-activate|p2b: Venusaur|move: Protect
|
|-weather|Snowscape|[upkeep]
|-heal|p2a: Archaludon|73/100|[from] item: Leftovers
|upkeep
|turn|5
|inactive|bruGno has 30 seconds left.
|inactive|bruGno has 20 seconds left.
|inactive|bruGno has 15 seconds left.
|
|t:|1786118301
|move|p1a: Ninetales|Protect|p1a: Ninetales
|-singleturn|p1a: Ninetales|Protect
|move|p2a: Archaludon|Protect|p2a: Archaludon
|-singleturn|p2a: Archaludon|Protect
|move|p1b: Hydreigon|Tailwind|p1b: Hydreigon
|-sidestart|p1: Advertisementish|move: Tailwind
|move|p2b: Venusaur|Sludge Bomb|p1a: Ninetales
|-activate|p1a: Ninetales|move: Protect
|
|-weather|Snowscape|[upkeep]
|-heal|p2a: Archaludon|79/100|[from] item: Leftovers
|upkeep
|turn|6
|
|t:|1786118323
|move|p1a: Ninetales|Blizzard|p2b: Venusaur|[spread] p2a,p2b
|-supereffective|p2b: Venusaur|1
|-crit|p2b: Venusaur
|-damage|p2a: Archaludon|50/100g
|-damage|p2b: Venusaur|0 fnt
|-ability|p2a: Archaludon|Stamina|boost
|-boost|p2a: Archaludon|def|1
|faint|p2b: Venusaur
|move|p1b: Hydreigon|Draco Meteor|p2a: Archaludon
|-damage|p2a: Archaludon|0 fnt
|-unboost|p1b: Hydreigon|spa|2
|faint|p2a: Archaludon
|
|-weather|Snowscape|[upkeep]
|upkeep
|
|t:|1786118334
|switch|p2b: Charizard|Charizard-Mega-Y, L50, M|100/100
|switch|p2a: Pelipper|Pelipper, L50, F|100/100
|-weather|SunnyDay|[from] ability: Drought|[of] p2b: Charizard
|-weather|RainDance|[from] ability: Drizzle|[of] p2a: Pelipper
|turn|7
|
|t:|1786118357
|move|p1a: Ninetales|Freeze-Dry|p2a: Pelipper
|-supereffective|p2a: Pelipper|2
|-damage|p2a: Pelipper|0 fnt
|faint|p2a: Pelipper
|move|p1b: Hydreigon|Dark Pulse|p2b: Charizard
|-damage|p2b: Charizard|80/100
|move|p2b: Charizard|Weather Ball|p1a: Ninetales
|-damage|p1a: Ninetales|35/100
|
|-weather|RainDance|[upkeep]
|upkeep
|turn|8
|
|t:|1786118372
|move|p1a: Ninetales|Freeze-Dry|p2b: Charizard
|-damage|p2b: Charizard|53/100
|move|p1b: Hydreigon|Dark Pulse|p2b: Charizard
|-damage|p2b: Charizard|36/100
|move|p2b: Charizard|Weather Ball|p1a: Ninetales
|-damage|p1a: Ninetales|0 fnt
|faint|p1a: Ninetales
|
|-weather|RainDance|[upkeep]
|-sideend|p1: Advertisementish|move: Tailwind
|upkeep
|turn|9
|
|t:|1786118384
|move|p1b: Hydreigon|Dark Pulse|p2b: Charizard
|-damage|p2b: Charizard|19/100
|cant|p2b: Charizard|flinch
|
|-weather|RainDance|[upkeep]
|upkeep
|turn|10
|
|t:|1786118388
|move|p1b: Hydreigon|Dark Pulse|p2b: Charizard
|-damage|p2b: Charizard|2/100
|cant|p2b: Charizard|flinch
|
|-weather|RainDance|[upkeep]
|upkeep
|turn|11
|
|t:|1786118393
|move|p1b: Hydreigon|Dark Pulse|p2b: Charizard
|-damage|p2b: Charizard|0 fnt
|faint|p2b: Charizard
|
|win|Advertisementish
||Advertisementish is ready for game 3.
