|j|☆trainer piwi
|j|☆natsukivgc
|html|trainer piwinatsukivgc    
|uhtml|bestof|Game 2 of a best-of-3
|t:|1785481919
|gametype|doubles
|player|p1|trainer piwi|1|1119
|player|p2|natsukivgc|1|1218
|gen|9
|tier|[Gen 9 Champions] VGC 2026 Reg M-B (Bo3)
|rated|
|rule|Species Clause: Limit one of each Pokémon
|rule|Item Clause: Limit 1 of each item
|clearpoke
|poke|p1|Raichu, L50, M|
|poke|p1|Sneasler, L50, M|
|poke|p1|Hydreigon, L50, M|
|poke|p1|Incineroar, L50, F|
|poke|p1|Talonflame, L50, F|
|poke|p1|Tsareena, L50, F|
|poke|p2|Charizard, L50, M|
|poke|p2|Sneasler, L50, M|
|poke|p2|Kingambit, L50, F|
|poke|p2|Dragonite, L50, M|
|poke|p2|Floette-Eternal, L50, F|
|poke|p2|Whimsicott, L50, M|
|teampreview|4
|showteam|p1|Raichu||RaichuniteY|Static|FakeOut,VoltSwitch,ZapCannon,FocusBlast|Modest||M|||50|]Sneasler||FocusSash|Unburden|FakeOut,Taunt,CloseCombat,DireClaw|Jolly||M|||50|]Hydreigon||ChoiceScarf|Levitate|DracoMeteor,Snarl,EarthPower,DarkPulse|Timid||M|||50|]Incineroar||SitrusBerry|Intimidate|FakeOut,DarkestLariat,FlareBlitz,PartingShot|Adamant||F|||50|]Talonflame||SharpBeak|GaleWings|Tailwind,Taunt,DualWingbeat,WillOWisp|Impish||F|||50|]Tsareena||WideLens|QueenlyMajesty|TripleAxel,PowerWhip,HighJumpKick,Uturn|Adamant||F|||50|
|showteam|p2|Charizard||CharizarditeY|Blaze|HeatWave,SolarBeam,WeatherBall,Protect|Modest||M|||50|]Sneasler||WhiteHerb|Unburden|CloseCombat,DireClaw,FakeOut,Coaching|Jolly||M|||50|]Kingambit||BlackGlasses|Defiant|KowtowCleave,SuckerPunch,SwordsDance,Protect|Adamant||F|||50|]Dragonite||LifeOrb|InnerFocus|DragonClaw,LowKick,ExtremeSpeed,Protect|Adamant||M|||50|]Floette-Eternal||Floettite|FlowerVeil|Moonblast,DazzlingGleam,LightofRuin,Protect|Modest||F|||50|]Whimsicott||FocusSash|Prankster|Moonblast,Tailwind,Encore,Protect|Timid||M|||50|
|
|t:|1785481954
|teamsize|p1|4
|teamsize|p2|4
|start
|switch|p1a: Talonflame|Talonflame, L50, F|100/100
|switch|p1b: Raichu|Raichu, L50, M|100/100
|switch|p2a: Floette|Floette-Eternal, L50, F|100/100
|switch|p2b: Whimsicott|Whimsicott, L50, M|100/100
|turn|1
|
|t:|1785481967
|detailschange|p1b: Raichu|Raichu-Mega-Y, L50, M
|-mega|p1b: Raichu|Raichu|Raichunite Y
|detailschange|p2a: Floette|Floette-Mega, L50, F
|-mega|p2a: Floette|Floette|Floettite
|-ability|p2a: Floette|Fairy Aura
|move|p2b: Whimsicott|Protect|p2b: Whimsicott
|-singleturn|p2b: Whimsicott|Protect
|move|p2a: Floette|Protect|p2a: Floette
|-singleturn|p2a: Floette|Protect
|move|p1a: Talonflame|Tailwind|p1a: Talonflame
|-sidestart|p1: trainer piwi|move: Tailwind
|move|p1b: Raichu|Zap Cannon|p2a: Floette
|-activate|p2a: Floette|move: Protect
|
|upkeep
|turn|2
|
|t:|1785482037
|switch|p2b: Kingambit|Kingambit, L50, F|100/100
|move|p1a: Talonflame|Dual Wingbeat|p2b: Kingambit
|-resisted|p2b: Kingambit|1
|-damage|p2b: Kingambit|92/100
|-resisted|p2b: Kingambit|1
|-damage|p2b: Kingambit|85/100
|-hitcount|p2b: Kingambit|2
|move|p1b: Raichu|Zap Cannon|p2a: Floette
|-damage|p2a: Floette|35/100
|-status|p2a: Floette|par
|cant|p2a: Floette|par
|
|upkeep
|turn|3
|
|t:|1785482089
|switch|p2a: Whimsicott|Whimsicott, L50, M|100/100
|move|p1b: Raichu|Volt Switch|p2a: Whimsicott
|-resisted|p2a: Whimsicott|1
|-damage|p2a: Whimsicott|59/100
|
|t:|1785482095
|switch|p1b: Sneasler|Sneasler, L50, M|100/100|[from] Volt Switch
|move|p1a: Talonflame|Will-O-Wisp|p2b: Kingambit
|-status|p2b: Kingambit|brn
|move|p2b: Kingambit|Swords Dance|p2b: Kingambit
|-boost|p2b: Kingambit|atk|2
|
|-damage|p2b: Kingambit|79/100 brn|[from] brn
|upkeep
|turn|4
|
|t:|1785482116
|move|p2b: Kingambit|Protect|p2b: Kingambit
|-singleturn|p2b: Kingambit|Protect
|move|p1a: Talonflame|Dual Wingbeat|p2a: Whimsicott|[miss]
|-miss|p1a: Talonflame|p2a: Whimsicott
|move|p2a: Whimsicott|Encore|p1a: Talonflame
|-start|p1a: Talonflame|Encore
|move|p1b: Sneasler|Close Combat|p2b: Kingambit
|-activate|p2b: Kingambit|move: Protect
|
|-damage|p2b: Kingambit|73/100 brn|[from] brn
|-sideend|p1: trainer piwi|move: Tailwind
|upkeep
|turn|5
|
|t:|1785482141
|switch|p1a: Tsareena|Tsareena, L50, F|100/100
|move|p2a: Whimsicott|Tailwind|p2a: Whimsicott
|-sidestart|p2: natsukivgc|move: Tailwind
|move|p2b: Kingambit|Sucker Punch||[still]
|cant|p1a: Tsareena|ability: Queenly Majesty|Sucker Punch|[of] p2b: Kingambit
|move|p1b: Sneasler|Close Combat|p2b: Kingambit
|-supereffective|p2b: Kingambit|2
|-damage|p2b: Kingambit|0 fnt
|-unboost|p1b: Sneasler|def|1
|-unboost|p1b: Sneasler|spd|1
|faint|p2b: Kingambit
|
|upkeep
|
|t:|1785482155
|switch|p2b: Floette|Floette-Mega, L50, F|35/100 par
|-ability|p2b: Floette|Fairy Aura
|turn|6
|
|t:|1785482179
|switch|p2a: Dragonite|Dragonite, L50, M|100/100
|move|p2b: Floette|Protect|p2b: Floette
|-singleturn|p2b: Floette|Protect
|move|p1b: Sneasler|Dire Claw|p2b: Floette
|-activate|p2b: Floette|move: Protect
|move|p1a: Tsareena|Triple Axel|p2a: Dragonite
|-supereffective|p2a: Dragonite|2
|-damage|p2a: Dragonite|73/100
|-supereffective|p2a: Dragonite|2
|-damage|p2a: Dragonite|26/100
|-supereffective|p2a: Dragonite|2
|-damage|p2a: Dragonite|0 fnt
|faint|p2a: Dragonite
|-hitcount|p2: Dragonite|3
|
|upkeep
|
|t:|1785482194
|switch|p2a: Whimsicott|Whimsicott, L50, M|59/100
|turn|7
|
|t:|1785482203
|move|p2a: Whimsicott|Moonblast|p1b: Sneasler
|-damage|p1b: Sneasler|5/100
|move|p1b: Sneasler|Dire Claw|p2b: Floette
|-supereffective|p2b: Floette|1
|-damage|p2b: Floette|0 fnt
|-fail|p2b: Floette
|faint|p2b: Floette
|move|p1a: Tsareena|Triple Axel|p2a: Whimsicott
|-supereffective|p2a: Whimsicott|1
|-damage|p2a: Whimsicott|42/100
|-supereffective|p2a: Whimsicott|1
|-damage|p2a: Whimsicott|7/100
|-supereffective|p2a: Whimsicott|1
|-damage|p2a: Whimsicott|0 fnt
|faint|p2a: Whimsicott
|-hitcount|p2: Whimsicott|3
|
|win|trainer piwi
|raw|trainer piwi's rating: 1119 → 1151(+32 for winning)
|raw|natsukivgc's rating: 1218 → 1186(-32 for losing)
