|j|☆Zdog2015
|j|☆zhz2021
|html|Zdog2015zhz2021    
|uhtml|bestof|Game 2 of a best-of-3
|t:|1784204858
|gametype|doubles
|player|p1|Zdog2015|1|1104
|player|p2|zhz2021|169|1108
|gen|9
|tier|[Gen 9 Champions] VGC 2026 Reg M-B (Bo3)
|rated|
|rule|Species Clause: Limit one of each Pokémon
|rule|Item Clause: Limit 1 of each item
|clearpoke
|poke|p1|Kingambit, L50, F|
|poke|p1|Whimsicott, L50, F|
|poke|p1|Basculegion, L50, M|
|poke|p1|Garchomp, L50, F|
|poke|p1|Charizard, L50, M|
|poke|p1|Floette-Eternal, L50, F|
|poke|p2|Orthworm, L50, F|
|poke|p2|Incineroar, L50, M|
|poke|p2|Garchomp, L50, M|
|poke|p2|Basculegion, L50, M|
|poke|p2|Gholdengo, L50|
|poke|p2|Delphox, L50, M|
|teampreview|4
|showteam|p1|Kingambit||ChopleBerry|Defiant|KowtowCleave,LowKick,SuckerPunch,Protect|Adamant||F|||50|]Whimsicott||FocusSash|Prankster|Moonblast,Tailwind,Encore,Protect|Timid||F|||50|]Basculegion||MysticWater|Adaptability|WaveCrash,LastRespects,AquaJet,Protect|Adamant||M|||50|]Garchomp||LifeOrb|RoughSkin|DragonClaw,RockSlide,Earthquake,Protect|Jolly||F|||50|]Charizard||CharizarditeY|Blaze|WeatherBall,HeatWave,SolarBeam,Protect|Modest||M|||50|]Floette-Eternal||Floettite|FlowerVeil|Moonblast,DazzlingGleam,LightofRuin,Protect|Timid||F|||50|
|showteam|p2|Orthworm||SitrusBerry|EarthEater|BodyPress,HelpingHand,ShedTail,Protect|Relaxed||F|||50|]Incineroar||ChopleBerry|Intimidate|FakeOut,PartingShot,DarkestLariat,FlareBlitz|Sassy||M|||50|]Garchomp||LifeOrb|RoughSkin|RockSlide,Earthquake,StompingTantrum,Protect|Jolly||M|||50|]Basculegion||ChoiceScarf|Adaptability|AquaJet,LastRespects,WaveCrash,FlipTurn|Adamant||M|||50|]Gholdengo||MetalCoat|GoodasGold|MakeItRain,NastyPlot,Protect,ShadowBall|Modest|||||50|]Delphox||Delphoxite|Blaze|NastyPlot,Protect,HeatWave,Psyshock|Timid||M|||50|
|inactive|Battle timer is ON: inactive players will automatically lose when time's up. (requested by zhz2021)
|
|t:|1784204900
|teamsize|p1|4
|teamsize|p2|4
|start
|switch|p1a: Whimsicott|Whimsicott, L50, F|100/100
|switch|p1b: Floette|Floette-Eternal, L50, F|100/100
|switch|p2a: Garchomp|Garchomp, L50, M|100/100
|switch|p2b: Orthworm|Orthworm, L50, F|100/100
|turn|1
|inactive|Zdog2015 has 30 seconds left.
|inactive|Zdog2015 has 20 seconds left.
|inactive|Zdog2015 has 15 seconds left.
|inactive|Zdog2015 has 10 seconds left.
|
|t:|1784204946
|detailschange|p1b: Floette|Floette-Mega, L50, F
|-mega|p1b: Floette|Floette|Floettite
|-ability|p1b: Floette|Fairy Aura
|move|p1a: Whimsicott|Tailwind|p1a: Whimsicott
|-sidestart|p1: Zdog2015|move: Tailwind
|move|p1b: Floette|Moonblast|p2a: Garchomp
|-supereffective|p2a: Garchomp|1
|-damage|p2a: Garchomp|0 fnt
|faint|p2a: Garchomp
|move|p2b: Orthworm|Shed Tail|p2b: Orthworm
|-start|p2b: Orthworm|Substitute|[from] move: Shed Tail
|-damage|p2b: Orthworm|50/100y
|-enditem|p2b: Orthworm|Sitrus Berry|[eat]
|-heal|p2b: Orthworm|75/100|[from] item: Sitrus Berry
|
|t:|1784204953
|switch|p2b: Delphox|Delphox, L50, M|100/100|[from] Shed Tail
|
|upkeep
|
|t:|1784204956
|switch|p2a: Basculegion|Basculegion, L50, M|100/100
|turn|2
|
|t:|1784204969
|switch|p1b: Basculegion|Basculegion, L50, M|100/100
|detailschange|p2b: Delphox|Delphox-Mega, L50, M
|-mega|p2b: Delphox|Delphox|Delphoxite
|move|p1a: Whimsicott|Moonblast|p2b: Delphox
|-resisted|p2b: Delphox|1
|-activate|p2b: Delphox|move: Substitute|[damage]
|move|p2b: Delphox|Heat Wave|p1a: Whimsicott|[spread] p1a,p1b
|-supereffective|p1a: Whimsicott|1
|-resisted|p1b: Basculegion|1
|-enditem|p1a: Whimsicott|Focus Sash
|-damage|p1a: Whimsicott|1/100
|-damage|p1b: Basculegion|77/100
|move|p2a: Basculegion|Last Respects|p1b: Basculegion
|-supereffective|p1b: Basculegion|1
|-damage|p1b: Basculegion|0 fnt
|faint|p1b: Basculegion
|
|upkeep
|
|t:|1784204984
|switch|p1b: Kingambit|Kingambit, L50, F|100/100
|turn|3
|
|t:|1784204996
|switch|p2a: Orthworm|Orthworm, L50, F|75/100
|move|p1a: Whimsicott|Moonblast|p2b: Delphox
|-resisted|p2b: Delphox|1
|-end|p2b: Delphox|Substitute
|move|p2b: Delphox|Heat Wave|p1a: Whimsicott|[spread] p1a
|-miss|p2b: Delphox|p1b: Kingambit
|-supereffective|p1a: Whimsicott|1
|-damage|p1a: Whimsicott|0 fnt
|faint|p1a: Whimsicott
|move|p1b: Kingambit|Kowtow Cleave|p2b: Delphox
|-supereffective|p2b: Delphox|1
|-damage|p2b: Delphox|0 fnt
|faint|p2b: Delphox
|
|upkeep
|
|t:|1784205010
|switch|p2b: Basculegion|Basculegion, L50, M|100/100
|switch|p1a: Floette|Floette-Mega, L50, F|100/100
|-ability|p1a: Floette|Fairy Aura
|turn|4
|
|t:|1784205030
|move|p1a: Floette|Light of Ruin|p2b: Basculegion
|-damage|p2b: Basculegion|0 fnt
|faint|p2b: Basculegion
|-damage|p1a: Floette|31/100|[from] Recoil
|move|p1b: Kingambit|Low Kick|p2a: Orthworm
|-supereffective|p2a: Orthworm|1
|-damage|p2a: Orthworm|13/100
|move|p2a: Orthworm|Body Press|p1b: Kingambit
|-supereffective|p1b: Kingambit|2
|-enditem|p1b: Kingambit|Chople Berry|[eat]
|-enditem|p1b: Kingambit|Chople Berry|[weaken]
|-damage|p1b: Kingambit|57/100
|
|-sideend|p1: Zdog2015|move: Tailwind
|upkeep
|turn|5
|inactive|zhz2021 has 30 seconds left.
|inactive|zhz2021 has 20 seconds left.
|inactive|zhz2021 has 15 seconds left.
|inactive|zhz2021 has 10 seconds left.
|-message|zhz2021 forfeited.
|
|win|Zdog2015
|l|☆zhz2021
|player|p2|
||zhz2021 is ready for game 3.
