|j|☆luwwotini
|j|☆Vola alto indio
|html|luwwotiniVola alto indio    
|uhtml|bestof|Game 2 of a best-of-3
|t:|1784249197
|gametype|doubles
|player|p1|luwwotini|102|
|player|p2|Vola alto indio|ruinmaniac|
|gen|9
|tier|[Gen 9 Champions] VGC 2026 Reg M-B (Bo3)
|rule|Species Clause: Limit one of each Pokémon
|rule|Item Clause: Limit 1 of each item
|clearpoke
|poke|p1|Charizard, L50, F|
|poke|p1|Venusaur, L50, M|
|poke|p1|Pelipper, L50, F|
|poke|p1|Grimmsnarl, L50, M|
|poke|p1|Basculegion, L50, M|
|poke|p1|Archaludon, L50, M|
|poke|p2|Garchomp, L50, M|
|poke|p2|Venusaur, L50, F|
|poke|p2|Incineroar, L50, M|
|poke|p2|Charizard, L50, F|
|poke|p2|Toxapex, L50, F|
|poke|p2|Annihilape, L50, M|
|teampreview|4
|showteam|p1|Charizard||CharizarditeY|Blaze|HeatWave,WeatherBall,SolarBeam,Protect|Modest||F|||50|]Venusaur||FocusSash|Chlorophyll|SludgeBomb,EarthPower,SleepPowder,Protect|Modest||M|||50|]Pelipper||SitrusBerry|Drizzle|Hurricane,WeatherBall,WideGuard,Tailwind|Modest||F|||50|]Grimmsnarl||LightClay|Prankster|SpiritBreak,Reflect,LightScreen,PartingShot|Sassy||M|||50|]Basculegion||ChoiceScarf|Adaptability|WaveCrash,LastRespects,FlipTurn,AquaJet|Jolly||M|||50|]Archaludon||Leftovers|Stamina|DragonPulse,FlashCannon,ElectroShot,Protect|Calm||M|||50|
|showteam|p2|Garchomp||ChoiceScarf|RoughSkin|Earthquake,RockSlide,DragonClaw,StompingTantrum|Adamant||M|||50|]Venusaur||LifeOrb|Chlorophyll|SludgeBomb,SolarBeam,EarthPower,Protect|Modest||F|||50|]Incineroar||SitrusBerry|Intimidate|FakeOut,FlareBlitz,ThroatChop,PartingShot|Impish||M|||50|]Charizard||CharizarditeY|Blaze|HeatWave,WeatherBall,Protect,HelpingHand|Modest||F|||50|]Toxapex||Leftovers|Regenerator|Infestation,Toxic,WideGuard,BanefulBunker|Impish||F|||50|]Annihilape||FocusSash|Defiant|CloseCombat,PhantomForce,RockTomb,Protect|Jolly||M|||50|
|inactive|Battle timer is ON: inactive players will automatically lose when time's up. (requested by Vola alto indio)
|j| Psyxzz4
|j| pain2007
|j| Shemages
|
|t:|1784249213
|teamsize|p1|4
|teamsize|p2|4
|start
|switch|p1a: Archaludon|Archaludon, L50, M|100/100
|switch|p1b: Grimmsnarl|Grimmsnarl, L50, M|100/100
|switch|p2a: Incineroar|Incineroar, L50, M|100/100
|switch|p2b: Venusaur|Venusaur, L50, F|100/100
|-ability|p2a: Incineroar|Intimidate|boost
|-unboost|p1a: Archaludon|atk|1
|-unboost|p1b: Grimmsnarl|atk|1
|turn|1
|j| luka008
|inactive|luwwotini has 30 seconds left.
|inactive|luwwotini has 20 seconds left.
|inactive|luwwotini has 15 seconds left.
|
|t:|1784249256
|switch|p1b: Basculegion|Basculegion, L50, M|100/100
|move|p1a: Archaludon|Protect|p1a: Archaludon
|-singleturn|p1a: Archaludon|Protect
|move|p2a: Incineroar|Fake Out|p1b: Basculegion
|-immune|p1b: Basculegion
|move|p2b: Venusaur|Sludge Bomb|p1b: Basculegion
|-resisted|p1b: Basculegion|1
|-damage|p1b: Basculegion|66/100
|-status|p1b: Basculegion|psn
|-damage|p2b: Venusaur|90/100|[from] item: Life Orb
|
|-damage|p1b: Basculegion|53/100 psn|[from] psn
|upkeep
|turn|2
|j| tiagodetonador
|inactive|luwwotini has 30 seconds left.
|inactive|luwwotini has 20 seconds left.
|
|t:|1784249292
|switch|p1a: Pelipper|Pelipper, L50, F|100/100
|-weather|RainDance|[from] ability: Drizzle|[of] p1a: Pelipper
|move|p1b: Basculegion|Flip Turn|p2a: Incineroar
|-supereffective|p2a: Incineroar|1
|-damage|p2a: Incineroar|14/100
|-enditem|p2a: Incineroar|Sitrus Berry|[eat]
|-heal|p2a: Incineroar|39/100|[from] item: Sitrus Berry
|j| papeaditasnestle
|c| papeaditasnestle|Vola alto indio, Laura
|c| papeaditasnestle|Lagarlocura aura
|inactive|luwwotini has 30 seconds left.
|
|t:|1784249317
|switch|p1b: Grimmsnarl|Grimmsnarl, L50, M|100/100|[from] Flip Turn
|move|p2b: Venusaur|Earth Power|p1a: Pelipper
|-immune|p1a: Pelipper
|move|p2a: Incineroar|Parting Shot|p1a: Pelipper
|-unboost|p1a: Pelipper|atk|1
|-unboost|p1a: Pelipper|spa|1
|c| pain2007|Huele a tercer game
|
|t:|1784249325
|switch|p2a: Charizard|Charizard, L50, F|100/100|[from] Parting Shot
|
|-weather|RainDance|[upkeep]
|upkeep
|turn|3
|c| papeaditasnestle|No la mufes pain
|c| papeaditasnestle|Traigan a lagartolocura
|l| tiagodetonador
|inactive|luwwotini has 30 seconds left.
|inactive|Vola alto indio has 30 seconds left.
|
|t:|1784249361
|move|p2a: Charizard|Helping Hand|p2b: Venusaur
|-singleturn|p2b: Venusaur|Helping Hand|[of] p2a: Charizard
|move|p1b: Grimmsnarl|Light Screen|p1b: Grimmsnarl
|-sidestart|p1: luwwotini|move: Light Screen
|move|p2b: Venusaur|Earth Power|p1a: Pelipper
|-immune|p1a: Pelipper
|move|p1a: Pelipper|Weather Ball|p2b: Venusaur
|-resisted|p2b: Venusaur|1
|-damage|p2b: Venusaur|66/100
|
|-weather|RainDance|[upkeep]
|upkeep
|turn|4
|inactive|luwwotini has 30 seconds left.
|inactive|Vola alto indio has 30 seconds left.
|
|t:|1784249405
|move|p2a: Charizard|Helping Hand|p2b: Venusaur
|-singleturn|p2b: Venusaur|Helping Hand|[of] p2a: Charizard
|move|p1b: Grimmsnarl|Parting Shot|p2a: Charizard
|-unboost|p2a: Charizard|atk|1
|-unboost|p2a: Charizard|spa|1
|
|t:|1784249415
|switch|p1b: Archaludon|Archaludon, L50, M|100/100|[from] Parting Shot
|move|p2b: Venusaur|Sludge Bomb|p1b: Archaludon
|-immune|p1b: Archaludon
|move|p1a: Pelipper|Weather Ball|p2b: Venusaur
|-resisted|p2b: Venusaur|1
|-damage|p2b: Venusaur|43/100
|
|-weather|RainDance|[upkeep]
|upkeep
|turn|5
|c| papeaditasnestle|Ivo, te está domando Simón
|
|t:|1784249434
|switch|p2a: Garchomp|Garchomp, L50, M|100/100
|move|p2b: Venusaur|Protect|p2b: Venusaur
|-singleturn|p2b: Venusaur|Protect
|move|p1b: Archaludon|Protect|p1b: Archaludon
|-singleturn|p1b: Archaludon|Protect
|move|p1a: Pelipper|Tailwind|p1a: Pelipper
|-sidestart|p1: luwwotini|move: Tailwind
|
|-weather|RainDance|[upkeep]
|upkeep
|turn|6
|c|☆Vola alto indio|Na si toy washed
|c| pain2007|Es q ivo ve 5 turnos el futuro
|inactive|luwwotini has 30 seconds left.
|inactive|Vola alto indio has 30 seconds left.
|c| papeaditasnestle|Dale ivo, ponete a jugar vos
|
|t:|1784249467
|switch|p2b: Charizard|Charizard, L50, F|100/100
|move|p1a: Pelipper|Wide Guard|p1a: Pelipper
|-singleturn|p1a: Pelipper|Wide Guard
|move|p2a: Garchomp|Earthquake|p1a: Pelipper|[spread] 
|-activate|p1a: Pelipper|move: Wide Guard
|-activate|p1b: Archaludon|move: Wide Guard
|-immune|p2b: Charizard
|move|p1b: Archaludon|Electro Shot||[still]
|-prepare|p1b: Archaludon|Electro Shot
|-boost|p1b: Archaludon|spa|1
|-anim|p1b: Archaludon|Electro Shot|p2b: Charizard
|-supereffective|p2b: Charizard|1
|-crit|p2b: Charizard
|-damage|p2b: Charizard|0 fnt
|faint|p2b: Charizard
|
|-weather|none
|upkeep
|j| eliasvzqz
|
|t:|1784249482
|switch|p2b: Venusaur|Venusaur, L50, F|43/100
|turn|7
|c| pain2007|Gg
|l| papeaditasnestle
|
|t:|1784249491
|switch|p2a: Incineroar|Incineroar, L50, M|39/100
|-ability|p2a: Incineroar|Intimidate|boost
|-unboost|p1a: Pelipper|atk|1
|-unboost|p1b: Archaludon|atk|1
|move|p2b: Venusaur|Protect|p2b: Venusaur
|-singleturn|p2b: Venusaur|Protect
|move|p1a: Pelipper|Wide Guard|p1a: Pelipper
|-singleturn|p1a: Pelipper|Wide Guard
|move|p1b: Archaludon|Dragon Pulse|p2b: Venusaur
|-activate|p2b: Venusaur|move: Protect
|
|upkeep
|turn|8
|inactive|luwwotini has 30 seconds left.
|inactive|Vola alto indio has 30 seconds left.
|
|t:|1784249523
|switch|p1a: Grimmsnarl|Grimmsnarl, L50, M|100/100
|move|p1b: Archaludon|Protect|p1b: Archaludon
|-singleturn|p1b: Archaludon|Protect
|move|p2b: Venusaur|Protect||[still]
|-fail|p2b: Venusaur
|move|p2a: Incineroar|Parting Shot|p1b: Archaludon
|-activate|p1b: Archaludon|move: Protect
|
|-sideend|p1: luwwotini|move: Tailwind
|upkeep
|turn|9
|inactive|luwwotini has 30 seconds left.
|c| pain2007|Terminala Simón
|j| flavitoes
|inactive|luwwotini has 20 seconds left.
|inactive|Vola alto indio has 30 seconds left.
|l| Shemages
|inactive|luwwotini has 15 seconds left.
|inactive|Vola alto indio has 20 seconds left.
|inactive|Vola alto indio has 15 seconds left.
|
|t:|1784249579
|move|p2b: Venusaur|Earth Power|p1b: Archaludon
|-supereffective|p1b: Archaludon|1
|-damage|p1b: Archaludon|59/100
|-unboost|p1b: Archaludon|spd|1
|-ability|p1b: Archaludon|Stamina|boost
|-boost|p1b: Archaludon|def|1
|-damage|p2b: Venusaur|34/100|[from] item: Life Orb
|move|p1b: Archaludon|Dragon Pulse|p2a: Incineroar
|-damage|p2a: Incineroar|0 fnt
|faint|p2a: Incineroar
|move|p1a: Grimmsnarl|Spirit Break|p2b: Venusaur
|-resisted|p2b: Venusaur|1
|-crit|p2b: Venusaur
|-damage|p2b: Venusaur|5/100
|-unboost|p2b: Venusaur|spa|1
|
|-heal|p1b: Archaludon|65/100|[from] item: Leftovers
|upkeep
|
|t:|1784249582
|switch|p2a: Garchomp|Garchomp, L50, M|100/100
|turn|10
|
|t:|1784249607
|move|p1b: Archaludon|Protect|p1b: Archaludon
|-singleturn|p1b: Archaludon|Protect
|move|p1a: Grimmsnarl|Reflect|p1a: Grimmsnarl
|-sidestart|p1: luwwotini|Reflect
|move|p2a: Garchomp|Rock Slide|p1b: Archaludon|[spread] p1a
|-activate|p1b: Archaludon|move: Protect
|-damage|p1a: Grimmsnarl|86/100
|move|p2b: Venusaur|Sludge Bomb|p1a: Grimmsnarl
|-supereffective|p1a: Grimmsnarl|1
|-damage|p1a: Grimmsnarl|44/100
|-status|p1a: Grimmsnarl|psn
|-damage|p2b: Venusaur|0 fnt|[from] item: Life Orb
|faint|p2b: Venusaur
|
|-heal|p1b: Archaludon|71/100|[from] item: Leftovers
|-damage|p1a: Grimmsnarl|31/100 psn|[from] psn
|-sideend|p1: luwwotini|move: Light Screen
|upkeep
|turn|11
|-message|Vola alto indio forfeited.
|
|win|luwwotini
|c|☆luwwotini|gg
|l| eliasvzqz
