|j|☆dragapultintin
|j|☆ruti3131
|html|dragapultintinruti3131    
|uhtml|bestof|Game 1 of a best-of-3
|t:|1785838683
|gametype|doubles
|player|p1|dragapultintin|ethan-gen2|1062
|player|p2|ruti3131|102|1060
|gen|9
|tier|[Gen 9 Champions] VGC 2026 Reg M-B (Bo3)
|rated|
|rule|Species Clause: Limit one of each Pokémon
|rule|Item Clause: Limit 1 of each item
|clearpoke
|poke|p1|Staraptor, L50, M|
|poke|p1|Scrafty, L50, M|
|poke|p1|Farigiraf, L50, F, shiny|
|poke|p1|Mawile, L50, F, shiny|
|poke|p1|Torkoal, L50, F, shiny|
|poke|p1|Vileplume, L50, F|
|poke|p2|Metagross, L50|
|poke|p2|Pelipper, L50, M|
|poke|p2|Sneasler, L50, M|
|poke|p2|Swampert, L50, M|
|poke|p2|Sinistcha, L50|
|poke|p2|Grimmsnarl, L50, M|
|teampreview|4
|showteam|p1|Staraptor||ChoiceScarf|Intimidate|BraveBird,FinalGambit,Uturn,CloseCombat|Jolly||M|||50|]Scrafty||LifeOrb|Moxie|KnockOff,DrainPunch,FakeOut,CloseCombat|Brave||M|||50|]Farigiraf||SitrusBerry|ArmorTail|Psychic,Thunderbolt,TrickRoom,Protect|Bold||F|||50|]Mawile||Mawilite|Intimidate|RockSlide,PlayRough,SuckerPunch,Protect|Brave||F|||50|]Torkoal||Charcoal|Drought|Eruption,WeatherBall,HeatWave,Protect|Quiet||F|||50|]Vileplume||WideLens|Chlorophyll|AfterYou,SludgeBomb,SleepPowder,LeafStorm|Timid||F|||50|
|showteam|p2|Metagross||Metagrossite|ClearBody|RockSlide,BulletPunch,PsychicFangs,Protect|Adamant|||||50|]Pelipper||Leftovers|Drizzle|Hurricane,WeatherBall,WideGuard,Tailwind|Calm||M|||50|]Sneasler||WhiteHerb|Unburden|CloseCombat,Coaching,BulkUp,RockSlide|Adamant||M|||50|]Swampert||Swampertite|Torrent|WaveCrash,Earthquake,Protect,Amnesia|Adamant||M|||50|]Sinistcha||LifeOrb|Hospitality|MatchaGotcha,RagePowder,CalmMind,TrickRoom|Calm|||||50|]Grimmsnarl||SitrusBerry|Prankster|LightScreen,Reflect,PartingShot,SpiritBreak|Impish||M|||50|
|inactive|Battle timer is ON: inactive players will automatically lose when time's up. (requested by dragapultintin)
|inactive|dragapultintin has 60 seconds left.
|inactive|ruti3131 has 60 seconds left.
|inactive|dragapultintin has 30 seconds left.
|
|t:|1785838747
|teamsize|p1|4
|teamsize|p2|4
|start
|switch|p1a: Scrafty|Scrafty, L50, M|100/100
|switch|p1b: Farigiraf|Farigiraf, L50, F, shiny|100/100
|switch|p2a: Metagross|Metagross, L50|100/100
|switch|p2b: Sneasler|Sneasler, L50, M|100/100
|turn|1
|inactive|ruti3131 has 30 seconds left.
|inactive|ruti3131 has 20 seconds left.
|inactive|ruti3131 has 15 seconds left.
|inactive|ruti3131 has 10 seconds left.
|inactive|ruti3131 has 5 seconds left.
|
|t:|1785838797
|move|p1a: Scrafty|Fake Out|p2b: Sneasler
|-damage|p2b: Sneasler|82/100
|-damage|p1a: Scrafty|90/100|[from] item: Life Orb
|cant|p2b: Sneasler|flinch
|move|p2a: Metagross|Rock Slide|p1a: Scrafty|[spread] p1a,p1b
|-resisted|p1a: Scrafty|1
|-damage|p1a: Scrafty|80/100
|-damage|p1b: Farigiraf|81/100
|move|p1b: Farigiraf|Trick Room|p1b: Farigiraf
|-fieldstart|move: Trick Room|[of] p1b: Farigiraf
|
|upkeep
|turn|2
|inactive|ruti3131 has 30 seconds left.
|inactive|ruti3131 has 20 seconds left.
|inactive|ruti3131 has 15 seconds left.
|inactive|ruti3131 has 10 seconds left.
|
|t:|1785838846
|switch|p2a: Grimmsnarl|Grimmsnarl, L50, M|100/100
|move|p1a: Scrafty|Knock Off|p2a: Grimmsnarl
|-resisted|p2a: Grimmsnarl|2
|-crit|p2a: Grimmsnarl
|-damage|p2a: Grimmsnarl|77/100
|-enditem|p2a: Grimmsnarl|Sitrus Berry|[from] move: Knock Off|[of] p1a: Scrafty
|-damage|p1a: Scrafty|70/100|[from] item: Life Orb
|move|p1b: Farigiraf|Psychic|p2b: Sneasler
|-supereffective|p2b: Sneasler|2
|-damage|p2b: Sneasler|0 fnt
|faint|p2b: Sneasler
|
|upkeep
|
|t:|1785838859
|switch|p2b: Pelipper|Pelipper, L50, M|100/100
|-weather|RainDance|[from] ability: Drizzle|[of] p2b: Pelipper
|turn|3
|
|t:|1785838868
|switch|p1a: Torkoal|Torkoal, L50, F, shiny|100/100
|-weather|SunnyDay|[from] ability: Drought|[of] p1a: Torkoal
|move|p2a: Grimmsnarl|Light Screen|p2a: Grimmsnarl
|-sidestart|p2: ruti3131|move: Light Screen
|move|p1b: Farigiraf|Thunderbolt|p2b: Pelipper
|-supereffective|p2b: Pelipper|2
|-damage|p2b: Pelipper|30/100
|move|p2b: Pelipper|Hurricane|p1a: Torkoal|[miss]
|-miss|p2b: Pelipper|p1a: Torkoal
|
|-weather|SunnyDay|[upkeep]
|-heal|p2b: Pelipper|36/100|[from] item: Leftovers
|upkeep
|turn|4
|inactive|ruti3131 has 30 seconds left.
|
|t:|1785838894
|switch|p2b: Metagross|Metagross, L50|100/100
|move|p1a: Torkoal|Weather Ball|p2a: Grimmsnarl
|-damage|p2a: Grimmsnarl|28/100
|move|p1b: Farigiraf|Thunderbolt|p2b: Metagross
|-damage|p2b: Metagross|86/100
|move|p2a: Grimmsnarl|Spirit Break|p1b: Farigiraf
|-crit|p1b: Farigiraf
|-damage|p1b: Farigiraf|45/100
|-unboost|p1b: Farigiraf|spa|1
|-enditem|p1b: Farigiraf|Sitrus Berry|[eat]
|-heal|p1b: Farigiraf|70/100|[from] item: Sitrus Berry
|
|-weather|SunnyDay|[upkeep]
|upkeep
|turn|5
|inactive|dragapultintin has 30 seconds left.
|inactive|dragapultintin has 20 seconds left.
|inactive|dragapultintin has 15 seconds left.
|
|t:|1785838934
|switch|p1a: Scrafty|Scrafty, L50, M|70/100
|switch|p2a: Pelipper|Pelipper, L50, M|36/100
|-weather|RainDance|[from] ability: Drizzle|[of] p2a: Pelipper
|detailschange|p2b: Metagross|Metagross-Mega, L50
|-mega|p2b: Metagross|Metagross|Metagrossite
|move|p1b: Farigiraf|Thunderbolt|p2a: Pelipper
|-supereffective|p2a: Pelipper|2
|-damage|p2a: Pelipper|0 fnt
|faint|p2a: Pelipper
|move|p2b: Metagross|Rock Slide|p1a: Scrafty|[spread] p1a,p1b
|-resisted|p1a: Scrafty|1
|-damage|p1a: Scrafty|59/100
|-damage|p1b: Farigiraf|54/100
|
|-weather|RainDance|[upkeep]
|-fieldend|move: Trick Room
|upkeep
|
|t:|1785838952
|switch|p2a: Grimmsnarl|Grimmsnarl, L50, M|28/100
|turn|6
|
|t:|1785838959
|move|p1a: Scrafty|Fake Out|p2b: Metagross
|-resisted|p2b: Metagross|1
|-damage|p2b: Metagross|79/100
|-damage|p1a: Scrafty|50/100y|[from] item: Life Orb
|cant|p2b: Metagross|flinch
|move|p2a: Grimmsnarl|Spirit Break|p1a: Scrafty
|-supereffective|p1a: Scrafty|2
|-damage|p1a: Scrafty|0 fnt
|faint|p1a: Scrafty
|move|p1b: Farigiraf|Trick Room|p1b: Farigiraf
|-fieldstart|move: Trick Room|[of] p1b: Farigiraf
|
|-weather|RainDance|[upkeep]
|upkeep
|
|t:|1785838963
|switch|p1a: Torkoal|Torkoal, L50, F, shiny|100/100
|-weather|SunnyDay|[from] ability: Drought|[of] p1a: Torkoal
|turn|7
|
|t:|1785838977
|move|p1a: Torkoal|Eruption|p2b: Metagross|[spread] p2a,p2b
|-supereffective|p2b: Metagross|1
|-damage|p2a: Grimmsnarl|0 fnt
|-damage|p2b: Metagross|0 fnt
|faint|p2a: Grimmsnarl
|faint|p2b: Metagross
|
|win|dragapultintin
