|j|☆yintaro!
|j|☆ToastedArt
|html|yintaro!ToastedArt    
|uhtml|bestof|Game 1 of a best-of-3
|t:|1784389508
|gametype|doubles
|player|p1|yintaro!|alder|1169
|player|p2|ToastedArt|iris|1063
|gen|9
|tier|[Gen 9 Champions] VGC 2026 Reg M-B (Bo3)
|rated|
|rule|Species Clause: Limit one of each Pokémon
|rule|Item Clause: Limit 1 of each item
|clearpoke
|poke|p1|Gengar, L50, F|
|poke|p1|Incineroar, L50, F|
|poke|p1|Tsareena, L50, F|
|poke|p1|Politoed, L50, F|
|poke|p1|Swampert, L50, M|
|poke|p1|Dragonite, L50, M|
|poke|p2|Sinistcha, L50, shiny|
|poke|p2|Hydreigon, L50, M, shiny|
|poke|p2|Sneasler, L50, F|
|poke|p2|Talonflame, L50, M, shiny|
|poke|p2|Gholdengo, L50|
|poke|p2|Falinks, L50, shiny|
|teampreview|4
|showteam|p1|Gengar||Gengarite|CursedBody|SludgeBomb,PerishSong,Substitute,Protect|Timid||F|||50|]Incineroar||ShucaBerry|Intimidate|FakeOut,PartingShot,ThroatChop,Protect|Careful||F|||50|]Tsareena||MiracleSeed|QueenlyMajesty|TropKick,HighJumpKick,Taunt,Protect|Adamant||F|||50|]Politoed||SitrusBerry|Drizzle|MuddyWater,IceBeam,PerishSong,Protect|Bold||F|||50|]Swampert||Swampertite|Torrent|WaveCrash,HighHorsepower,WideGuard,Protect|Adamant||M|||50|]Dragonite||WiseGlasses|Multiscale|Hurricane,DracoMeteor,ExtremeSpeed,Protect|Mild||M|||50|
|showteam|p2|Sinistcha||OccaBerry|Hospitality|MatchaGotcha,RagePowder,LifeDew,Protect|Bold|||||50|]Hydreigon||LifeOrb|Levitate|Snarl,DarkPulse,EarthPower,DracoMeteor|Modest||M|||50|]Sneasler||FocusSash|PoisonTouch|FakeOut,PoisonJab,CloseCombat,QuickGuard|Jolly||F|||50|]Talonflame||SharpBeak|GaleWings|Tailwind,FlareBlitz,BraveBird,QuickGuard|Jolly||M|||50|]Gholdengo||SpellTag|GoodasGold|ShadowBall,MakeItRain,NastyPlot,Protect|Timid|||||50|]Falinks||Falinksite|Defiant|NoRetreat,SwordsDance,CloseCombat,Protect|Adamant|||||50|
|inactive|Battle timer is ON: inactive players will automatically lose when time's up. (requested by ToastedArt)
|inactive|ToastedArt has 60 seconds left.
|l|☆yintaro!
|inactive|yintaro! disconnected and has a minute to reconnect!
|player|p1|
|inactive|ToastedArt has 30 seconds left.
|j|☆yintaro!
|inactive|yintaro! reconnected.
|player|p1|yintaro!|alder|
|inactive|ToastedArt has 20 seconds left.
|inactive|ToastedArt has 15 seconds left.
|inactive|ToastedArt has 10 seconds left.
|inactive|ToastedArt has 5 seconds left.
|
|t:|1784389595
|teamsize|p1|4
|teamsize|p2|4
|start
|switch|p1a: Dragonite|Dragonite, L50, M|100/100
|switch|p1b: Incineroar|Incineroar, L50, F|100/100
|switch|p2a: Gholdengo|Gholdengo, L50|100/100
|switch|p2b: Sneasler|Sneasler, L50, F|100/100
|-ability|p1b: Incineroar|Intimidate|boost
|-unboost|p2a: Gholdengo|atk|1
|-unboost|p2b: Sneasler|atk|1
|turn|1
|inactive|yintaro! has 30 seconds left.
|
|t:|1784389622
|move|p2b: Sneasler|Fake Out|p1b: Incineroar
|-damage|p1b: Incineroar|90/100
|-status|p1b: Incineroar|psn|[from] ability: Poison Touch|[of] p2b: Sneasler
|move|p2a: Gholdengo|Nasty Plot|p2a: Gholdengo
|-boost|p2a: Gholdengo|spa|2
|move|p1a: Dragonite|Hurricane|p2b: Sneasler|[miss]
|-miss|p1a: Dragonite|p2b: Sneasler
|cant|p1b: Incineroar|flinch
|
|-damage|p1b: Incineroar|78/100 psn|[from] psn
|upkeep
|turn|2
|
|t:|1784389646
|switch|p1b: Politoed|Politoed, L50, F|100/100
|-weather|RainDance|[from] ability: Drizzle|[of] p1b: Politoed
|move|p2b: Sneasler|Close Combat|p1b: Politoed
|-damage|p1b: Politoed|63/100
|-unboost|p2b: Sneasler|def|1
|-unboost|p2b: Sneasler|spd|1
|move|p2a: Gholdengo|Shadow Ball|p1a: Dragonite
|-damage|p1a: Dragonite|50/100y
|-unboost|p1a: Dragonite|spd|1
|move|p1a: Dragonite|Hurricane|p2b: Sneasler
|-supereffective|p2b: Sneasler|1
|-enditem|p2b: Sneasler|Focus Sash
|-damage|p2b: Sneasler|1/100
|-start|p2b: Sneasler|confusion
|
|-weather|RainDance|[upkeep]
|upkeep
|turn|3
|inactive|yintaro! has 30 seconds left.
|
|t:|1784389671
|switch|p2b: Sinistcha|Sinistcha, L50, shiny|100/100
|switch|p1a: Incineroar|Incineroar, L50, F|78/100 psn
|-ability|p1a: Incineroar|Intimidate|boost
|-unboost|p2a: Gholdengo|atk|1
|-unboost|p2b: Sinistcha|atk|1
|move|p2a: Gholdengo|Shadow Ball|p1b: Politoed
|-damage|p1b: Politoed|0 fnt
|faint|p1b: Politoed
|
|-weather|RainDance|[upkeep]
|-damage|p1a: Incineroar|65/100 psn|[from] psn
|upkeep
|
|t:|1784389685
|switch|p1b: Swampert|Swampert, L50, M|100/100
|turn|4
|
|t:|1784389705
|switch|p2b: Hydreigon|Hydreigon, L50, M, shiny|100/100
|detailschange|p1b: Swampert|Swampert-Mega, L50, M
|-mega|p1b: Swampert|Swampert|Swampertite
|move|p1b: Swampert|Wave Crash|p2b: Hydreigon
|-resisted|p2b: Hydreigon|1
|-damage|p2b: Hydreigon|28/100
|-damage|p1b: Swampert|77/100|[from] Recoil
|move|p2a: Gholdengo|Shadow Ball|p1b: Swampert
|-damage|p1b: Swampert|0 fnt
|faint|p1b: Swampert
|move|p1a: Incineroar|Throat Chop|p2b: Hydreigon
|-resisted|p2b: Hydreigon|1
|-damage|p2b: Hydreigon|10/100
|-start|p2b: Hydreigon|Throat Chop|[silent]
|
|-weather|RainDance|[upkeep]
|-damage|p1a: Incineroar|53/100 psn|[from] psn
|upkeep
|
|t:|1784389723
|switch|p1b: Dragonite|Dragonite, L50, M|50/100y
|turn|5
|
|t:|1784389731
|move|p1b: Dragonite|Extreme Speed|p2b: Hydreigon
|-damage|p2b: Hydreigon|0 fnt
|faint|p2b: Hydreigon
|move|p2a: Gholdengo|Shadow Ball|p1b: Dragonite
|-damage|p1b: Dragonite|0 fnt
|faint|p1b: Dragonite
|move|p1a: Incineroar|Throat Chop|p2a: Gholdengo
|-supereffective|p2a: Gholdengo|1
|-damage|p2a: Gholdengo|29/100
|-start|p2a: Gholdengo|Throat Chop|[silent]
|
|-weather|RainDance|[upkeep]
|-damage|p1a: Incineroar|41/100 psn|[from] psn
|upkeep
|
|t:|1784389737
|switch|p2b: Sinistcha|Sinistcha, L50, shiny|100/100
|-heal|p2a: Gholdengo|54/100|[from] ability: Hospitality|[of] p2b: Sinistcha
|turn|6
|-message|yintaro! forfeited.
|
|win|ToastedArt
