|j|☆ApeEnjoyerr
|j|☆anonymous moniker
|html|ApeEnjoyerranonymous moniker    
|uhtml|bestof|Game 1 of a best-of-3
|t:|1756210066
|gametype|doubles
|player|p1|ApeEnjoyerr|backersf|1124
|player|p2|anonymous moniker|caitlin|1103
|gen|9
|tier|[Gen 9] VGC 2025 Reg H (Bo3)
|rated|
|rule|Species Clause: Limit one of each Pokémon
|rule|Item Clause: Limit 1 of each item
|clearpoke
|poke|p1|Archaludon, L50, M|
|poke|p1|Dragonite, L50, M|
|poke|p1|Incineroar, L50, F|
|poke|p1|Pelipper, L50, F|
|poke|p1|Sinistcha-Masterpiece, L50|
|poke|p1|Ursaluna, L50, F|
|poke|p2|Pelipper, L50, F|
|poke|p2|Archaludon, L50, M|
|poke|p2|Incineroar, L50, F|
|poke|p2|Maushold-Four, L50|
|poke|p2|Rillaboom, L50, F|
|poke|p2|Amoonguss, L50, F|
|teampreview|4
|showteam|p1|Archaludon||AssaultVest|Stamina|FlashCannon,ElectroShot,BodyPress,Snarl|||M|||50|,,,,,Fighting]Dragonite||LoadedDice|Multiscale|ScaleShot,Haze,Tailwind,Protect|||M|||50|,,,,,Fairy]Incineroar||SafetyGoggles|Intimidate|FlareBlitz,KnockOff,FakeOut,PartingShot|||F|||50|,,,,,Ghost]Pelipper||ChoiceScarf|Drizzle|WeatherBall,Hurricane,MuddyWater,Uturn|||F|||50|,,,,,Water]Sinistcha-Masterpiece||SitrusBerry|Hospitality|MatchaGotcha,RagePowder,TrickRoom,LifeDew||||||50|,,,,,Water]Ursaluna||FlameOrb|Guts|HeadlongRush,Facade,Earthquake,Protect|||F|||50|,,,,,Ghost
|showteam|p2|Pelipper||FocusSash|Drizzle|Protect,Tailwind,Hurricane,WeatherBall|||F|||50|,,,,,Ground]Archaludon||AssaultVest|Stamina|Snarl,ElectroShot,BodyPress,DracoMeteor|||M|||50|,,,,,Bug]Incineroar||SafetyGoggles|Intimidate|PartingShot,FakeOut,Taunt,KnockOff|||F|||50|,,,,,Ghost]Maushold-Four||WideLens|FriendGuard|Protect,FollowMe,PopulationBomb,ThunderWave||||||50|,,,,,Ghost]Rillaboom||ChoiceBand|GrassySurge|Uturn,GrassyGlide,HighHorsepower,WoodHammer|||F|||50|,,,,,Fire]Amoonguss||RockyHelmet|Regenerator|PollenPuff,Spore,RagePowder,Protect|||F|||50|,,,,,Water
|inactive|Battle timer is ON: inactive players will automatically lose when time's up. (requested by anonymous moniker)
|inactive|ApeEnjoyerr has 60 seconds left.
|inactive|anonymous moniker has 60 seconds left.
|inactive|anonymous moniker has 30 seconds left.
|inactive|anonymous moniker has 20 seconds left.
|inactive|anonymous moniker has 15 seconds left.
|inactive|anonymous moniker has 10 seconds left.
|
|t:|1756210157
|teamsize|p1|4
|teamsize|p2|4
|start
|switch|p1a: Archaludon|Archaludon, L50, M|100/100
|switch|p1b: Dragonite|Dragonite, L50, M|100/100
|switch|p2a: Incineroar|Incineroar, L50, F|100/100
|switch|p2b: Archaludon|Archaludon, L50, M|100/100
|-ability|p2a: Incineroar|Intimidate|boost
|-unboost|p1a: Archaludon|atk|1
|-unboost|p1b: Dragonite|atk|1
|turn|1
|inactive|ApeEnjoyerr has 30 seconds left.
|inactive|ApeEnjoyerr has 20 seconds left.
|inactive|ApeEnjoyerr has 15 seconds left.
|inactive|ApeEnjoyerr has 10 seconds left.
|inactive|ApeEnjoyerr has 5 seconds left.
|
|t:|1756210207
|move|p2a: Incineroar|Fake Out|p1b: Dragonite
|-damage|p1b: Dragonite|94/100
|cant|p1b: Dragonite|flinch
|move|p2b: Archaludon|Body Press|p1a: Archaludon
|-supereffective|p1a: Archaludon
|-damage|p1a: Archaludon|71/100
|-ability|p1a: Archaludon|Stamina|boost
|-boost|p1a: Archaludon|def|1
|move|p1a: Archaludon|Body Press|p2a: Incineroar
|-supereffective|p2a: Incineroar
|-damage|p2a: Incineroar|37/100
|
|upkeep
|turn|2
|inactive|anonymous moniker has 30 seconds left.
|inactive|anonymous moniker has 20 seconds left.
|
|t:|1756210247
|switch|p2a: Pelipper|Pelipper, L50, F|100/100
|-weather|RainDance|[from] ability: Drizzle|[of] p2a: Pelipper
|move|p1b: Dragonite|Scale Shot|p1a: Archaludon
|-damage|p1a: Archaludon|66/100
|-ability|p1a: Archaludon|Stamina|boost
|-boost|p1a: Archaludon|def|1
|-damage|p1a: Archaludon|63/100
|-ability|p1a: Archaludon|Stamina|boost
|-boost|p1a: Archaludon|def|1
|-damage|p1a: Archaludon|60/100
|-ability|p1a: Archaludon|Stamina|boost
|-boost|p1a: Archaludon|def|1
|-damage|p1a: Archaludon|58/100
|-ability|p1a: Archaludon|Stamina|boost
|-boost|p1a: Archaludon|def|1
|-damage|p1a: Archaludon|56/100
|-ability|p1a: Archaludon|Stamina|boost
|-boost|p1a: Archaludon|def|1
|-hitcount|p1a: Archaludon|5
|-unboost|p1b: Dragonite|def|1
|-boost|p1b: Dragonite|spe|1
|move|p2b: Archaludon|Electro Shot||[still]
|-prepare|p2b: Archaludon|Electro Shot
|-boost|p2b: Archaludon|spa|1
|-anim|p2b: Archaludon|Electro Shot|p1b: Dragonite
|-damage|p1b: Dragonite|22/100
|move|p1a: Archaludon|Body Press|p2b: Archaludon
|-supereffective|p2b: Archaludon
|-damage|p2b: Archaludon|0 fnt
|faint|p2b: Archaludon
|
|-weather|RainDance|[upkeep]
|upkeep
|inactive|anonymous moniker has 30 seconds left.
|inactive|anonymous moniker has 20 seconds left.
|
|t:|1756210284
|switch|p2b: Incineroar|Incineroar, L50, F|37/100
|-ability|p2b: Incineroar|Intimidate|boost
|-unboost|p1a: Archaludon|atk|1
|-unboost|p1b: Dragonite|atk|1
|turn|3
|
|t:|1756210300
|switch|p1b: Sinistcha|Sinistcha-Masterpiece, L50|100/100
|-heal|p1a: Archaludon|81/100|[from] ability: Hospitality|[of] p1b: Sinistcha
|move|p2b: Incineroar|Fake Out|p1a: Archaludon
|-resisted|p1a: Archaludon
|-damage|p1a: Archaludon|80/100
|move|p2a: Pelipper|Hurricane|p1a: Archaludon
|-resisted|p1a: Archaludon
|-damage|p1a: Archaludon|62/100
|-start|p1a: Archaludon|confusion
|cant|p1a: Archaludon|flinch
|
|-weather|RainDance|[upkeep]
|upkeep
|turn|4
|
|t:|1756210324
|move|p2a: Pelipper|Hurricane|p1a: Archaludon
|-resisted|p1a: Archaludon
|-damage|p1a: Archaludon|45/100
|-activate|p1a: Archaludon|confusion
|-damage|p1a: Archaludon|44/100|[from] confusion
|move|p1b: Sinistcha|Life Dew||[still]|[spread] p1a,p1b
|-heal|p1a: Archaludon|69/100
|-fail|p1b: Sinistcha|heal
|move|p2b: Incineroar|Knock Off|p1a: Archaludon
|-damage|p1a: Archaludon|62/100
|-enditem|p1a: Archaludon|Assault Vest|[from] move: Knock Off|[of] p2b: Incineroar
|
|-weather|RainDance|[upkeep]
|upkeep
|turn|5
|
|t:|1756210346
|-terastallize|p1b: Sinistcha|Water
|move|p1b: Sinistcha|Rage Powder|p1b: Sinistcha
|-singleturn|p1b: Sinistcha|move: Rage Powder
|move|p2a: Pelipper|Hurricane|p1b: Sinistcha
|-crit|p1b: Sinistcha
|-damage|p1b: Sinistcha|25/100
|-enditem|p1b: Sinistcha|Sitrus Berry|[eat]
|-heal|p1b: Sinistcha|49/100|[from] item: Sitrus Berry
|-activate|p1a: Archaludon|confusion
|-damage|p1a: Archaludon|61/100|[from] confusion
|move|p2b: Incineroar|Taunt|p1b: Sinistcha
|-start|p1b: Sinistcha|move: Taunt
|
|-weather|RainDance|[upkeep]
|upkeep
|turn|6
|inactive|anonymous moniker has 30 seconds left.
|
|t:|1756210376
|switch|p1b: Dragonite|Dragonite, L50, M|22/100
|move|p2a: Pelipper|Hurricane|p1a: Archaludon
|-resisted|p1a: Archaludon
|-damage|p1a: Archaludon|37/100
|-activate|p1a: Archaludon|confusion
|-damage|p1a: Archaludon|36/100|[from] confusion
|move|p2b: Incineroar|Knock Off|p1b: Dragonite
|-damage|p1b: Dragonite|0 fnt
|-enditem|p1b: Dragonite|Loaded Dice|[from] move: Knock Off|[of] p2b: Incineroar
|faint|p1b: Dragonite
|
|-weather|none
|upkeep
|
|t:|1756210388
|switch|p1b: Sinistcha|Sinistcha-Masterpiece, L50, tera:Water|49/100
|-heal|p1a: Archaludon|61/100|[from] ability: Hospitality|[of] p1b: Sinistcha
|turn|7
|
|t:|1756210399
|switch|p2a: Rillaboom|Rillaboom, L50, F|100/100
|-fieldstart|move: Grassy Terrain|[from] ability: Grassy Surge|[of] p2a: Rillaboom
|-activate|p1a: Archaludon|confusion
|-damage|p1a: Archaludon|60/100|[from] confusion
|move|p1b: Sinistcha|Life Dew|p1b: Sinistcha|[spread] p1a,p1b
|-heal|p1a: Archaludon|85/100
|-heal|p1b: Sinistcha|75/100
|move|p2b: Incineroar|Taunt|p1b: Sinistcha
|-start|p1b: Sinistcha|move: Taunt
|
|-heal|p1a: Archaludon|91/100|[from] Grassy Terrain
|-heal|p1b: Sinistcha|81/100|[from] Grassy Terrain
|-heal|p2b: Incineroar|43/100|[from] Grassy Terrain
|upkeep
|turn|8
|c|☆ApeEnjoyerr|ok
|inactive|anonymous moniker has 30 seconds left.
|
|t:|1756210425
|switch|p1b: Incineroar|Incineroar, L50, F|100/100
|-ability|p1b: Incineroar|Intimidate|boost
|-unboost|p2a: Rillaboom|atk|1
|-unboost|p2b: Incineroar|atk|1
|move|p2a: Rillaboom|Grassy Glide|p1b: Incineroar
|-resisted|p1b: Incineroar
|-damage|p1b: Incineroar|81/100
|-end|p1a: Archaludon|confusion
|move|p1a: Archaludon|Body Press|p2b: Incineroar
|-supereffective|p2b: Incineroar
|-damage|p2b: Incineroar|0 fnt
|faint|p2b: Incineroar
|
|-heal|p1a: Archaludon|97/100|[from] Grassy Terrain
|-heal|p1b: Incineroar|87/100|[from] Grassy Terrain
|upkeep
|
|t:|1756210436
|switch|p2b: Pelipper|Pelipper, L50, F|100/100
|-weather|RainDance|[from] ability: Drizzle|[of] p2b: Pelipper
|turn|9
|
|t:|1756210447
|move|p1b: Incineroar|Fake Out|p2b: Pelipper
|-damage|p2b: Pelipper|87/100
|move|p2a: Rillaboom|Grassy Glide|p1b: Incineroar
|-resisted|p1b: Incineroar
|-damage|p1b: Incineroar|68/100
|cant|p2b: Pelipper|flinch
|move|p1a: Archaludon|Body Press|p2a: Rillaboom
|-damage|p2a: Rillaboom|0 fnt
|faint|p2a: Rillaboom
|
|-weather|RainDance|[upkeep]
|-heal|p1a: Archaludon|100/100|[from] Grassy Terrain
|-heal|p1b: Incineroar|74/100|[from] Grassy Terrain
|upkeep
|turn|10
|
|t:|1756210464
|switch|p1b: Sinistcha|Sinistcha-Masterpiece, L50, tera:Water|81/100
|move|p2b: Pelipper|Hurricane|p1a: Archaludon
|-resisted|p1a: Archaludon
|-damage|p1a: Archaludon|73/100
|-start|p1a: Archaludon|confusion
|-activate|p1a: Archaludon|confusion
|move|p1a: Archaludon|Electro Shot||[still]
|-prepare|p1a: Archaludon|Electro Shot
|-boost|p1a: Archaludon|spa|1
|-anim|p1a: Archaludon|Electro Shot|p2b: Pelipper
|-supereffective|p2b: Pelipper
|-damage|p2b: Pelipper|0 fnt
|faint|p2b: Pelipper
|
|win|ApeEnjoyerr
|inactive|ApeEnjoyerr has 30 seconds to confirm battle start!
|inactive|anonymous moniker has 30 seconds to confirm battle start!
