|j|☆abgesaftet
|j|☆Il Mule
|html|abgesaftetIl Mule    
|uhtml|bestof|Game 3 of a best-of-3
|t:|1783513849
|gametype|doubles
|player|p1|abgesaftet|ballguy|1477
|player|p2|Il Mule|salvatore|1604
|gen|9
|tier|[Gen 9 Champions] VGC 2026 Reg M-B (Bo3)
|rated|
|rule|Species Clause: Limit one of each Pokémon
|rule|Item Clause: Limit 1 of each item
|clearpoke
|poke|p1|Sinistcha-Masterpiece, L50|
|poke|p1|Kingambit, L50, F|
|poke|p1|Sneasler, L50, F|
|poke|p1|Floette-Eternal, L50, F|
|poke|p1|Delphox, L50, F|
|poke|p1|Incineroar, L50, F|
|poke|p2|Excadrill, L50, M|
|poke|p2|Tyranitar, L50, F|
|poke|p2|Sneasler, L50, F|
|poke|p2|Incineroar, L50, F|
|poke|p2|Froslass, L50, F|
|poke|p2|Sinistcha, L50|
|teampreview|4
|showteam|p1|Sinistcha-Masterpiece||KasibBerry|Hospitality|MatchaGotcha,RagePowder,TrickRoom,Protect|Bold|||||50|]Kingambit||BlackGlasses|Defiant|KowtowCleave,SuckerPunch,SwordsDance,Protect|Adamant||F|||50|]Sneasler||FocusSash|PoisonTouch|FakeOut,CloseCombat,DireClaw,QuickGuard|Jolly||F|||50|]Floette-Eternal||Floettite|FlowerVeil|Moonblast,DazzlingGleam,CalmMind,Protect|Modest||F|||50|]Delphox||Delphoxite|Blaze|HeatWave,Psyshock,NastyPlot,Protect|Timid||F|||50|]Incineroar||SitrusBerry|Intimidate|PartingShot,FlareBlitz,ThroatChop,FakeOut|Careful||F|||50|
|showteam|p2|Excadrill||FocusSash|SandRush|HighHorsepower,RockSlide,IronHead,Protect|Adamant||M|||50|]Tyranitar||Tyranitarite|SandStream|KnockOff,RockSlide,DragonDance,Protect|Adamant||F|||50|]Sneasler||WhiteHerb|Unburden|CloseCombat,DireClaw,Coaching,FakeOut|Jolly||F|||50|]Incineroar||SitrusBerry|Intimidate|FlareBlitz,HelpingHand,PartingShot,FakeOut|Impish||F|||50|]Froslass||Froslassite|CursedBody|Blizzard,ShadowBall,NastyPlot,Protect|Timid||F|||50|]Sinistcha||ColburBerry|Hospitality|MatchaGotcha,ShadowBall,RagePowder,Protect|Bold|||||50|
|j| enesbk
|j| chef orte
|c| enesbk|Era chiaro che Il Mule avrebbe perso
|j| kelso shrug
|j| estupinanthepuledr
|c| estupinanthepuledr|chi e' enesbk
|c| enesbk|Non è un granché
|c| estupinanthepuledr|palesati
|j| lakaka siuuu
|c|☆Il Mule|così mi offendi però :(
|c| kelso shrug|Un fallito
|c|☆Il Mule|sono sensibile
|j| Slaipzy
|c| lakaka siuuu|enesbk è il classico ragazzo che doria lime non si tromberebbe mai
|j| Tridello
|inactive|Battle timer is ON: inactive players will automatically lose when time's up. (requested by abgesaftet)
|c| lakaka siuuu|doris*
|c| estupinanthepuledr|anche slaipzy ora
|j| rovesciaporci
|c| chef orte|zarbon e dodoria
|c| kelso shrug|Giustamente
|
|t:|1783513930
|teamsize|p1|4
|teamsize|p2|4
|start
|switch|p1a: Delphox|Delphox, L50, F|100/100
|switch|p1b: Sneasler|Sneasler, L50, F|100/100
|switch|p2a: Gervasoni|Excadrill, L50, M|100/100
|switch|p2b: Sidy|Incineroar, L50, F|100/100
|-ability|p2b: Sidy|Intimidate|boost
|-unboost|p1a: Delphox|atk|1
|-unboost|p1b: Sneasler|atk|1
|turn|1
|l| kelso shrug
|c| Slaipzy|il mule abgesaftet ist besser als du er owned dich
|c| estupinanthepuledr|il mule abgesaftet ist besser als du er owned dich\
|c| chef orte|dich vuol dire cazzo?
|inactive|Il Mule has 30 seconds left.
|c|☆Il Mule|ich liebe dich
|c| estupinanthepuledr|credo di si sai
|inactive|Il Mule has 20 seconds left.
|c| enesbk|Il Mule, sei un bravo giocatore, ma sei davvero difficile da capire
|c|☆Il Mule|philip k dick
|inactive|Il Mule has 15 seconds left.
|inactive|Il Mule has 10 seconds left.
|
|t:|1783513978
|switch|p1b: Incineroar|Incineroar, L50, F|100/100
|-ability|p1b: Incineroar|Intimidate|boost
|-unboost|p2a: Gervasoni|atk|1
|-unboost|p2b: Sidy|atk|1
|detailschange|p1a: Delphox|Delphox-Mega, L50, F
|-mega|p1a: Delphox|Delphox|Delphoxite
|move|p1a: Delphox|Protect|p1a: Delphox
|-singleturn|p1a: Delphox|Protect
|move|p2a: Gervasoni|Protect|p2a: Gervasoni
|-singleturn|p2a: Gervasoni|Protect
|move|p2b: Sidy|Parting Shot|p1b: Incineroar
|-unboost|p1b: Incineroar|atk|1
|-unboost|p1b: Incineroar|spa|1
|j| kelso shrug
|c| chef orte|non capiresti
|
|t:|1783513988
|switch|p2b: Quando provo|Tyranitar, L50, F|100/100|[from] Parting Shot
|-weather|Sandstorm|[from] ability: Sand Stream|[of] p2b: Quando provo
|
|-weather|Sandstorm|[upkeep]
|-damage|p1a: Delphox|93/100|[from] Sandstorm
|-damage|p1b: Incineroar|93/100|[from] Sandstorm
|upkeep
|turn|2
|c| enesbk|Calmatevi un po'
|c| Slaipzy|ich bin top 50 spieler
|
|t:|1783514012
|switch|p2a: Sidy|Incineroar, L50, F|100/100
|-ability|p2a: Sidy|Intimidate|boost
|-unboost|p1a: Delphox|atk|1
|-unboost|p1b: Incineroar|atk|1
|move|p1b: Incineroar|Fake Out|p2b: Quando provo
|-resisted|p2b: Quando provo|1
|-damage|p2b: Quando provo|98/100
|move|p1a: Delphox|Heat Wave|p2b: Quando provo|[spread] p2a,p2b
|-resisted|p2a: Sidy|1
|-resisted|p2b: Quando provo|1
|-crit|p2b: Quando provo
|-damage|p2a: Sidy|81/100
|-damage|p2b: Quando provo|81/100
|cant|p2b: Quando provo|flinch
|
|-weather|Sandstorm|[upkeep]
|-damage|p1a: Delphox|87/100|[from] Sandstorm
|-damage|p1b: Incineroar|87/100|[from] Sandstorm
|-damage|p2a: Sidy|75/100|[from] Sandstorm
|upkeep
|turn|3
|c|☆Il Mule|sara spieler
|c| enesbk|Ma perché c'è così tanta gente che guarda?
|c| chef orte|il mago guarda
|c| estupinanthepuledr|spieler era nella canzone english ist mein liebliensvach
|c| rovesciaporci|ma perché non ti fai i cazzi tua?
|inactive|abgesaftet has 30 seconds left.
|c| chef orte|anche meno dai
|inactive|abgesaftet has 20 seconds left.
|inactive|Il Mule has 30 seconds left.
|
|t:|1783514051
|switch|p1a: Sinistcha|Sinistcha-Masterpiece, L50|100/100
|-heal|p1b: Incineroar|100/100|[from] ability: Hospitality|[of] p1a: Sinistcha
|switch|p2a: Gervasoni|Excadrill, L50, M|100/100
|move|p2b: Quando provo|Dragon Dance|p2b: Quando provo
|-boost|p2b: Quando provo|atk|1
|-boost|p2b: Quando provo|spe|1
|move|p1b: Incineroar|Parting Shot|p2b: Quando provo
|-unboost|p2b: Quando provo|atk|1
|-unboost|p2b: Quando provo|spa|1
|inactive|abgesaftet has 30 seconds left.
|
|t:|1783514077
|switch|p1b: Sneasler|Sneasler, L50, F|100/100|[from] Parting Shot
|
|-weather|Sandstorm|[upkeep]
|-damage|p1b: Sneasler|94/100|[from] Sandstorm
|-damage|p1a: Sinistcha|93/100|[from] Sandstorm
|upkeep
|turn|4
|c| estupinanthepuledr|https://youtu.be/39UDZMgPg5k
|inactive|abgesaftet has 30 seconds left.
|c| enesbk|nice song
|
|t:|1783514104
|switch|p2b: Sidy|Incineroar, L50, F|75/100
|-ability|p2b: Sidy|Intimidate|boost
|-unboost|p1a: Sinistcha|atk|1
|-unboost|p1b: Sneasler|atk|1
|switch|p1a: Incineroar|Incineroar, L50, F|100/100
|-ability|p1a: Incineroar|Intimidate|boost
|-unboost|p2a: Gervasoni|atk|1
|-unboost|p2b: Sidy|atk|1
|move|p1b: Sneasler|Fake Out|p2a: Gervasoni
|-resisted|p2a: Gervasoni|1
|-damage|p2a: Gervasoni|93/100
|cant|p2a: Gervasoni|flinch
|
|-weather|Sandstorm|[upkeep]
|-damage|p1b: Sneasler|88/100|[from] Sandstorm
|-damage|p1a: Incineroar|93/100|[from] Sandstorm
|-damage|p2b: Sidy|69/100|[from] Sandstorm
|upkeep
|turn|5
|c| enesbk|L'inglese è la mia materia preferita
|c| enesbk|L'inglese è la mia materia preferita
|inactive|Il Mule has 30 seconds left.
|inactive|abgesaftet has 30 seconds left.
|c| chef orte|giusto ribadirlo
|
|t:|1783514138
|switch|p2a: Sabotage|Sneasler, L50, F|100/100
|move|p1a: Incineroar|Fake Out|p2a: Sabotage
|-damage|p2a: Sabotage|85/100
|move|p1b: Sneasler|Close Combat|p2b: Sidy
|-supereffective|p2b: Sidy|1
|-damage|p2b: Sidy|6/100
|-unboost|p1b: Sneasler|def|1
|-unboost|p1b: Sneasler|spd|1
|-status|p2b: Sidy|psn|[from] ability: Poison Touch|[of] p1b: Sneasler
|-enditem|p2b: Sidy|Sitrus Berry|[eat]
|-heal|p2b: Sidy|31/100 psn|[from] item: Sitrus Berry
|move|p2b: Sidy|Parting Shot|p1a: Incineroar
|-unboost|p1a: Incineroar|atk|1
|-unboost|p1a: Incineroar|spa|1
|
|t:|1783514155
|switch|p2b: Quando provo|Tyranitar, L50, F|81/100|[from] Parting Shot
|
|-weather|none
|upkeep
|turn|6
|
|t:|1783514163
|switch|p1a: Sinistcha|Sinistcha-Masterpiece, L50|93/100
|-heal|p1b: Sneasler|100/100|[from] ability: Hospitality|[of] p1a: Sinistcha
|detailschange|p2b: Quando provo|Tyranitar-Mega, L50, F
|-mega|p2b: Quando provo|Tyranitar|Tyranitarite
|-weather|Sandstorm|[from] ability: Sand Stream|[of] p2b: Quando provo
|move|p2a: Sabotage|Fake Out|p1b: Sneasler
|-damage|p1b: Sneasler|67/100
|cant|p1b: Sneasler|flinch
|move|p2b: Quando provo|Rock Slide|p1b: Sneasler|[spread] p1a,p1b
|-resisted|p1b: Sneasler|1
|-damage|p1a: Sinistcha|68/100
|-damage|p1b: Sneasler|27/100
|
|-weather|Sandstorm|[upkeep]
|-damage|p2a: Sabotage|79/100|[from] Sandstorm
|-damage|p1b: Sneasler|21/100|[from] Sandstorm
|-damage|p1a: Sinistcha|62/100|[from] Sandstorm
|upkeep
|turn|7
|l| kelso shrug
|c| enesbk|Perché all’improvviso sono tutti così silenziosi?
|j| kelso shrug
|c| estupinanthepuledr|ci stiamo gustando la partita
|
|t:|1783514185
|switch|p2a: Sidy|Incineroar, L50, F|31/100 psn
|-ability|p2a: Sidy|Intimidate|boost
|-unboost|p1a: Sinistcha|atk|1
|-unboost|p1b: Sneasler|atk|1
|move|p2b: Quando provo|Protect|p2b: Quando provo
|-singleturn|p2b: Quando provo|Protect
|move|p1a: Sinistcha|Rage Powder|p1a: Sinistcha
|-singleturn|p1a: Sinistcha|move: Rage Powder
|move|p1b: Sneasler|Close Combat|p2b: Quando provo
|-activate|p2b: Quando provo|move: Protect
|
|-weather|Sandstorm|[upkeep]
|-damage|p1b: Sneasler|15/100|[from] Sandstorm
|-damage|p1a: Sinistcha|56/100|[from] Sandstorm
|-damage|p2a: Sidy|25/100 psn|[from] Sandstorm
|-damage|p2a: Sidy|13/100 psn|[from] psn
|upkeep
|turn|8
|c| lakaka siuuu|perché stiamo ridendo di te
|
|t:|1783514205
|switch|p1b: Incineroar|Incineroar, L50, F|93/100
|-ability|p1b: Incineroar|Intimidate|boost
|-unboost|p2a: Sidy|atk|1
|-unboost|p2b: Quando provo|atk|1
|move|p1a: Sinistcha|Protect|p1a: Sinistcha
|-singleturn|p1a: Sinistcha|Protect
|move|p2a: Sidy|Fake Out|p1b: Incineroar
|-damage|p1b: Incineroar|86/100
|move|p2b: Quando provo|Dragon Dance|p2b: Quando provo
|-boost|p2b: Quando provo|atk|1
|-boost|p2b: Quando provo|spe|1
|
|-weather|Sandstorm|[upkeep]
|-damage|p1b: Incineroar|80/100|[from] Sandstorm
|-damage|p1a: Sinistcha|50/100y|[from] Sandstorm
|-damage|p2a: Sidy|7/100 psn|[from] Sandstorm
|-damage|p2a: Sidy|0 fnt|[from] psn
|faint|p2a: Sidy
|upkeep
|
|t:|1783514213
|switch|p2a: Sabotage|Sneasler, L50, F|79/100
|turn|9
|j| mafav2
|c| estupinanthepuledr|analsbk da che pianeta provieni
|c| enesbk|perché ti amo
|c|☆Il Mule|che confusione
|inactive|abgesaftet has 30 seconds left.
|c| estupinanthepuledr|sara'
|inactive|abgesaftet has 20 seconds left.
|c| estupinanthepuledr|sara spieler
|c| enesbk|@Il Mule
|inactive|abgesaftet has 15 seconds left.
|inactive|abgesaftet has 10 seconds left.
|c| enesbk|Sei bravo
|inactive|abgesaftet has 5 seconds left.
|c| mafav2|Capisco
|c|☆Il Mule|grazie
|c| kelso shrug|È quasi come con una bomba
|
|t:|1783514267
|move|p2a: Sabotage|Fake Out|p1b: Incineroar
|-damage|p1b: Incineroar|69/100
|move|p2b: Quando provo|Knock Off|p1a: Sinistcha
|-supereffective|p1a: Sinistcha|1
|-damage|p1a: Sinistcha|0 fnt
|-enditem|p1a: Sinistcha|Kasib Berry|[from] move: Knock Off|[of] p2b: Quando provo
|faint|p1a: Sinistcha
|cant|p1b: Incineroar|flinch
|
|-weather|Sandstorm|[upkeep]
|-damage|p2a: Sabotage|72/100|[from] Sandstorm
|-damage|p1b: Incineroar|63/100|[from] Sandstorm
|upkeep
|c| rovesciaporci|sensazionali a pranzo e a cena, credi a me
|
|t:|1783514277
|switch|p1a: Sneasler|Sneasler, L50, F|15/100
|turn|10
|inactive|abgesaftet has 30 seconds left.
|c| enesbk|@Admin look at estupinanthepuledr
|c| enesbk|message above. He called me "analsbk" instead of "enesbk" not funny...
|
|t:|1783514309
|switch|p2b: Gervasoni|Excadrill, L50, M|93/100
|move|p1a: Sneasler|Fake Out|p2b: Gervasoni
|-resisted|p2b: Gervasoni|1
|-damage|p2b: Gervasoni|83/100
|move|p2a: Sabotage|Close Combat|p1a: Sneasler
|-resisted|p1a: Sneasler|1
|-damage|p1a: Sneasler|0 fnt
|-unboost|p2a: Sabotage|def|1
|-unboost|p2a: Sabotage|spd|1
|faint|p1a: Sneasler
|-enditem|p2a: Sabotage|White Herb
|-clearnegativeboost|p2a: Sabotage|[silent]
|move|p1b: Incineroar|Parting Shot|p2b: Gervasoni
|-unboost|p2b: Gervasoni|atk|1
|-unboost|p2b: Gervasoni|spa|1
|
|t:|1783514316
|switch|p1b: Delphox|Delphox-Mega, L50, F|87/100|[from] Parting Shot
|
|-weather|none
|upkeep
|
|t:|1783514317
|switch|p1a: Incineroar|Incineroar, L50, F|63/100
|-ability|p1a: Incineroar|Intimidate|boost
|-unboost|p2a: Sabotage|atk|1
|-unboost|p2b: Gervasoni|atk|1
|turn|11
|c| estupinanthepuledr|fatti brodero
|
|t:|1783514331
|switch|p2b: Quando provo|Tyranitar-Mega, L50, F|81/100
|-weather|Sandstorm|[from] ability: Sand Stream|[of] p2b: Quando provo
|move|p1a: Incineroar|Fake Out|p2a: Sabotage
|-damage|p2a: Sabotage|56/100
|cant|p2a: Sabotage|flinch
|move|p1b: Delphox|Nasty Plot|p1b: Delphox
|-boost|p1b: Delphox|spa|2
|
|-weather|Sandstorm|[upkeep]
|-damage|p2a: Sabotage|50/100g|[from] Sandstorm
|-damage|p1b: Delphox|81/100|[from] Sandstorm
|-damage|p1a: Incineroar|57/100|[from] Sandstorm
|upkeep
|turn|12
|c|☆Il Mule|bella partita bro
|
|t:|1783514356
|move|p2a: Sabotage|Close Combat|p1a: Incineroar
|-supereffective|p1a: Incineroar|1
|-damage|p1a: Incineroar|0 fnt
|-unboost|p2a: Sabotage|def|1
|-unboost|p2a: Sabotage|spd|1
|faint|p1a: Incineroar
|move|p1b: Delphox|Heat Wave|p2a: Sabotage|[spread] p2a
|-miss|p1b: Delphox|p2b: Quando provo
|-damage|p2a: Sabotage|0 fnt
|faint|p2a: Sabotage
|move|p2b: Quando provo|Knock Off|p1b: Delphox
|-supereffective|p1b: Delphox|1
|-damage|p1b: Delphox|0 fnt
|faint|p1b: Delphox
|
|win|Il Mule
