|j|☆puka puki
|j|☆kemaho
|html|puka pukikemaho    
|uhtml|bestof|Game 1 of a best-of-3
|t:|1756153295
|gametype|doubles
|player|p1|puka puki|101|
|player|p2|kemaho|clerk|
|gen|9
|tier|[Gen 9] VGC 2025 Reg H (Bo3)
|rule|Species Clause: Limit one of each Pokémon
|rule|Item Clause: Limit 1 of each item
|clearpoke
|poke|p1|Dragonite, L50, M|
|poke|p1|Kingambit, L50, F|
|poke|p1|Volcarona, L50, F|
|poke|p1|Sneasler, L50, F|
|poke|p1|Rillaboom, L50, F|
|poke|p1|Electabuzz, L50, M|
|poke|p2|Indeedee-F, L50, F|
|poke|p2|Hatterene, L50, F|
|poke|p2|Ursaluna, L50, F|
|poke|p2|Torkoal, L50, M|
|poke|p2|Gallade, L50, M|
|poke|p2|Lilligant-Hisui, L50, F|
|teampreview|4
|showteam|p1|Dragonite||LoadedDice|Multiscale|ScaleShot,ExtremeSpeed,Haze,Protect|||M|||50|,,,,,Steel]Kingambit||BlackGlasses|Defiant|KowtowCleave,SuckerPunch,SwordsDance,Protect|||F|||50|,,,,,Dark]Volcarona||Leftovers|FlameBody|FieryDance,TeraBlast,QuiverDance,Protect|||F|||50|,,,,,Fairy]Sneasler||FocusSash|PoisonTouch|CloseCombat,DireClaw,Coaching,Protect|||F|||50|,,,,,Stellar]Rillaboom||AssaultVest|GrassySurge|FakeOut,WoodHammer,GrassyGlide,Uturn|||F|||50|,,,,,Fire]Electabuzz||Eviolite|VitalSpirit|Thunderbolt,Taunt,FollowMe,Protect|||M|||50|,,,,,Ghost
|showteam|p2|Indeedee-F||PsychicSeed|PsychicSurge|Psychic,HelpingHand,FollowMe,TrickRoom|||F|||50|,,,,,Fairy]Hatterene||CovertCloak|MagicBounce|ExpandingForce,DazzlingGleam,TeraBlast,TrickRoom|||F|||50|,,,,,Fire]Ursaluna||FlameOrb|Guts|Facade,HeadlongRush,Earthquake,Protect|||F|||50|,,,,,Ghost]Torkoal||Charcoal|Drought|Eruption,WeatherBall,HeatWave,Protect|||M|||50|,,,,,Fire]Gallade||ClearAmulet|Sharpness|SacredSword,PsychoCut,TrickRoom,Protect|||M|||50|,,,,,Grass]Lilligant-Hisui||FocusSash|Chlorophyll|SolarBeam,CloseCombat,SleepPowder,AfterYou|||F|||50|,,,,,Ghost
|
|t:|1756153346
|teamsize|p1|4
|teamsize|p2|4
|start
|switch|p1a: Electabuzz|Electabuzz, L50, M|100/100
|switch|p1b: Kingambit|Kingambit, L50, F|100/100
|switch|p2a: Indeedee|Indeedee-F, L50, F|100/100
|switch|p2b: Torkoal|Torkoal, L50, M|100/100
|-fieldstart|move: Psychic Terrain|[from] ability: Psychic Surge|[of] p2a: Indeedee
|-enditem|p2a: Indeedee|Psychic Seed
|-boost|p2a: Indeedee|spd|1|[from] item: Psychic Seed
|-weather|SunnyDay|[from] ability: Drought|[of] p2b: Torkoal
|turn|1
|
|t:|1756153393
|-terastallize|p2b: Torkoal|Fire
|move|p1b: Kingambit|Protect|p1b: Kingambit
|-singleturn|p1b: Kingambit|Protect
|move|p2a: Indeedee|Follow Me|p2a: Indeedee
|-singleturn|p2a: Indeedee|move: Follow Me
|move|p1a: Electabuzz|Taunt|p2a: Indeedee
|-start|p2a: Indeedee|move: Taunt
|move|p2b: Torkoal|Eruption|p1b: Kingambit|[spread] p1a
|-activate|p1b: Kingambit|move: Protect
|-damage|p1a: Electabuzz|2/100
|
|-weather|SunnyDay|[upkeep]
|upkeep
|turn|2
|
|t:|1756153432
|switch|p2a: Hatterene|Hatterene, L50, F|100/100
|-terastallize|p1b: Kingambit|Dark
|move|p1a: Electabuzz|Thunderbolt|p2b: Torkoal
|-damage|p2b: Torkoal|60/100
|move|p1b: Kingambit|Kowtow Cleave|p2b: Torkoal
|-damage|p2b: Torkoal|2/100
|move|p2b: Torkoal|Heat Wave|p1a: Electabuzz|[spread] p1a,p1b
|-crit|p1a: Electabuzz
|-damage|p1a: Electabuzz|0 fnt
|-damage|p1b: Kingambit|35/100
|-status|p1b: Kingambit|brn
|faint|p1a: Electabuzz
|
|-weather|SunnyDay|[upkeep]
|-damage|p1b: Kingambit|29/100 brn|[from] brn
|upkeep
|
|t:|1756153454
|switch|p1a: Rillaboom|Rillaboom, L50, F|100/100
|-fieldstart|move: Grassy Terrain|[from] ability: Grassy Surge|[of] p1a: Rillaboom
|turn|3
|
|t:|1756153475
|move|p1a: Rillaboom|U-turn|p2b: Torkoal
|-resisted|p2b: Torkoal
|-damage|p2b: Torkoal|0 fnt
|faint|p2b: Torkoal
|
|t:|1756153482
|switch|p1a: Dragonite|Dragonite, L50, M|100/100|[from] U-turn
|move|p1b: Kingambit|Kowtow Cleave|p2a: Hatterene
|-damage|p2a: Hatterene|54/100
|move|p2a: Hatterene|Trick Room|p2a: Hatterene
|-fieldstart|move: Trick Room|[of] p2a: Hatterene
|
|-weather|SunnyDay|[upkeep]
|-heal|p2a: Hatterene|60/100|[from] Grassy Terrain
|-heal|p1b: Kingambit|35/100 brn|[from] Grassy Terrain
|-damage|p1b: Kingambit|29/100 brn|[from] brn
|upkeep
|
|t:|1756153492
|switch|p2b: Ursaluna|Ursaluna, L50, F|100/100
|turn|4
|
|t:|1756153508
|move|p1a: Dragonite|Extreme Speed|p2a: Hatterene
|-damage|p2a: Hatterene|25/100
|move|p1b: Kingambit|Sucker Punch|p2a: Hatterene
|-damage|p2a: Hatterene|0 fnt
|faint|p2a: Hatterene
|move|p2b: Ursaluna|Facade|p1a: Dragonite
|-damage|p1a: Dragonite|76/100
|
|-weather|SunnyDay|[upkeep]
|-heal|p1b: Kingambit|35/100 brn|[from] Grassy Terrain
|-damage|p1b: Kingambit|29/100 brn|[from] brn
|-status|p2b: Ursaluna|brn|[from] item: Flame Orb
|upkeep
|
|t:|1756153521
|switch|p2a: Indeedee|Indeedee-F, L50, F|100/100
|-fieldstart|move: Psychic Terrain|[from] ability: Psychic Surge|[of] p2a: Indeedee
|turn|5
|
|t:|1756153547
|switch|p1a: Rillaboom|Rillaboom, L50, F|100/100
|-fieldstart|move: Grassy Terrain|[from] ability: Grassy Surge|[of] p1a: Rillaboom
|move|p1b: Kingambit|Sucker Punch|p2b: Ursaluna
|-damage|p2b: Ursaluna|73/100 brn
|move|p2b: Ursaluna|Facade|p1a: Rillaboom
|-damage|p1a: Rillaboom|0 fnt
|faint|p1a: Rillaboom
|move|p2a: Indeedee|Psychic|p1b: Kingambit
|-immune|p1b: Kingambit
|
|-weather|none
|-heal|p2b: Ursaluna|79/100 brn|[from] Grassy Terrain
|-heal|p1b: Kingambit|35/100 brn|[from] Grassy Terrain
|-damage|p2b: Ursaluna|73/100 brn|[from] brn
|-damage|p1b: Kingambit|29/100 brn|[from] brn
|upkeep
|
|t:|1756153549
|switch|p1a: Dragonite|Dragonite, L50, M|76/100
|turn|6
|
|t:|1756153568
|move|p2a: Indeedee|Helping Hand|p2b: Ursaluna
|-singleturn|p2b: Ursaluna|Helping Hand|[of] p2a: Indeedee
|move|p1b: Kingambit|Protect|p1b: Kingambit
|-singleturn|p1b: Kingambit|Protect
|move|p2b: Ursaluna|Facade|p1b: Kingambit
|-activate|p1b: Kingambit|move: Protect
|move|p1a: Dragonite|Scale Shot|p2b: Ursaluna
|-damage|p2b: Ursaluna|62/100 brn
|-damage|p2b: Ursaluna|51/100 brn
|-damage|p2b: Ursaluna|40/100 brn
|-damage|p2b: Ursaluna|28/100 brn
|-hitcount|p2b: Ursaluna|4
|-unboost|p1a: Dragonite|def|1
|-boost|p1a: Dragonite|spe|1
|
|-heal|p2b: Ursaluna|34/100 brn|[from] Grassy Terrain
|-heal|p1b: Kingambit|35/100 brn|[from] Grassy Terrain
|-damage|p2b: Ursaluna|28/100 brn|[from] brn
|-damage|p1b: Kingambit|29/100 brn|[from] brn
|upkeep
|turn|7
|
|t:|1756153599
|move|p1b: Kingambit|Protect||[still]
|-fail|p1b: Kingambit
|move|p2b: Ursaluna|Facade|p1b: Kingambit
|-damage|p1b: Kingambit|0 fnt
|faint|p1b: Kingambit
|move|p2a: Indeedee|Psychic|p1a: Dragonite
|-damage|p1a: Dragonite|45/100
|move|p1a: Dragonite|Scale Shot|p2b: Ursaluna
|-damage|p2b: Ursaluna|17/100 brn
|-crit|p2b: Ursaluna
|-damage|p2b: Ursaluna|0 fnt
|faint|p2b: Ursaluna
|-hitcount|p2: Ursaluna|2
|-unboost|p1a: Dragonite|def|1
|-boost|p1a: Dragonite|spe|1
|
|-fieldend|move: Trick Room
|upkeep
|turn|8
|
|t:|1756153626
|move|p1a: Dragonite|Scale Shot|p2a: Indeedee|[miss]
|-miss|p1a: Dragonite|p2a: Indeedee
|move|p2a: Indeedee|Psychic|p1a: Dragonite
|-damage|p1a: Dragonite|12/100
|
|upkeep
|turn|9
|
|t:|1756153633
|move|p1a: Dragonite|Scale Shot|p2a: Indeedee
|-damage|p2a: Indeedee|85/100
|-damage|p2a: Indeedee|71/100
|-damage|p2a: Indeedee|58/100
|-damage|p2a: Indeedee|42/100
|-damage|p2a: Indeedee|27/100
|-hitcount|p2a: Indeedee|5
|-unboost|p1a: Dragonite|def|1
|-boost|p1a: Dragonite|spe|1
|move|p2a: Indeedee|Psychic|p1a: Dragonite
|-damage|p1a: Dragonite|0 fnt
|faint|p1a: Dragonite
|
|win|kemaho
||puka puki is ready for game 2.
|inactive|kemaho has 30 seconds to confirm battle start!
||kemaho is ready for game 2.
|uhtml|next|Next: Game 2 of 3
|l|☆puka puki
|player|p1|
