|j|☆ultrog
|j|☆playrornds
|html|ultrogplayrornds    
|uhtml|bestof|Game 2 of a best-of-3
|t:|1757203052
|gametype|doubles
|player|p1|ultrog|fisherman|1053
|player|p2|playrornds|giovanni-gen1rb|1100
|gen|9
|tier|[Gen 9] VGC 2025 Reg H (Bo3)
|rated|
|rule|Species Clause: Limit one of each Pokémon
|rule|Item Clause: Limit 1 of each item
|clearpoke
|poke|p1|Indeedee-F, L50, F|
|poke|p1|Armarouge, L50, F|
|poke|p1|Araquanid, L50, F|
|poke|p1|Pelipper, L50, F|
|poke|p1|Archaludon, L50, F|
|poke|p1|Garchomp, L50, M|
|poke|p2|Ursaluna, L50, M|
|poke|p2|Porygon2, L50|
|poke|p2|Gholdengo, L50|
|poke|p2|Kilowattrel, L50, M|
|poke|p2|Amoonguss, L50, M|
|poke|p2|Incineroar, L50, F|
|teampreview|4
|showteam|p1|Indeedee-F||RockyHelmet|PsychicSurge|Psychic,HelpingHand,FollowMe,TrickRoom|||F|||50|,,,,,Fairy]Armarouge||LifeOrb|FlashFire|ExpandingForce,ArmorCannon,TrickRoom,Protect|||F|||50|,,,,,Psychic]Araquanid||MysticWater|WaterBubble|Liquidation,Infestation,WideGuard,Protect|||F|||50|,,,,,Water]Pelipper||FocusSash|Drizzle|Hurricane,WeatherBall,Tailwind,Protect|||F|||50|,,,,,Stellar]Archaludon||PowerHerb|Sturdy|ElectroShot,DragonPulse,TeraBlast,Protect|||F|||50|,,,,,Flying]Garchomp||ClearAmulet|RoughSkin|Earthquake,Outrage,StompingTantrum,Protect|||M|||50|,,,,,Ground
|showteam|p2|Ursaluna||FlameOrb|Guts|Facade,HeadlongRush,Earthquake,Protect|||M|||50|,,,,,Ghost]Porygon2||Eviolite|Download|TeraBlast,IceBeam,Recover,TrickRoom||||||50|,,,,,Fighting]Gholdengo||MetalCoat|GoodasGold|MakeItRain,ShadowBall,NastyPlot,Protect||||||50|,,,,,Flying]Kilowattrel||FocusSash|Competitive|Thunderbolt,AirSlash,Tailwind,Protect|||M|||50|,,,,,Ghost]Amoonguss||SitrusBerry|Regenerator|PollenPuff,Spore,RagePowder,Protect|||M|||50|,,,,,Water]Incineroar||SafetyGoggles|Intimidate|FakeOut,FlareBlitz,KnockOff,PartingShot|||F|||50|,,,,,Ghost
|inactive|Battle timer is ON: inactive players will automatically lose when time's up. (requested by ultrog)
|inactive|playrornds also wants the timer to be on.
|j| Trestkon
|inactive|ultrog has 60 seconds left.
|c|☆playrornds|hi
|c|☆ultrog|hello
|c|☆playrornds|not you
|inactive|ultrog has 30 seconds left.
|
|t:|1757203119
|teamsize|p1|4
|teamsize|p2|4
|start
|switch|p1a: Pelipper|Pelipper, L50, F|100/100
|switch|p1b: Archaludon|Archaludon, L50, F|100/100
|switch|p2a: Porygon2|Porygon2, L50|100/100
|switch|p2b: Ursaluna|Ursaluna, L50, M, shiny|100/100
|-weather|RainDance|[from] ability: Drizzle|[of] p1a: Pelipper
|-ability|p2a: Porygon2|Download|boost
|-boost|p2a: Porygon2|spa|1
|turn|1
|inactive|playrornds has 30 seconds left.
|inactive|playrornds has 20 seconds left.
|inactive|playrornds has 15 seconds left.
|
|t:|1757203161
|switch|p1a: Araquanid|Araquanid, L50, F|100/100
|move|p1b: Archaludon|Electro Shot||[still]
|-prepare|p1b: Archaludon|Electro Shot
|-boost|p1b: Archaludon|spa|1
|-anim|p1b: Archaludon|Electro Shot|p2a: Porygon2
|-damage|p2a: Porygon2|60/100
|move|p2b: Ursaluna|Headlong Rush|p1b: Archaludon
|-supereffective|p1b: Archaludon
|-ability|p1b: Archaludon|Sturdy
|-damage|p1b: Archaludon|1/100
|-unboost|p2b: Ursaluna|def|1
|-unboost|p2b: Ursaluna|spd|1
|move|p2a: Porygon2|Ice Beam|p1b: Archaludon
|-damage|p1b: Archaludon|0 fnt
|faint|p1b: Archaludon
|
|-weather|RainDance|[upkeep]
|-status|p2b: Ursaluna|brn|[from] item: Flame Orb
|upkeep
|
|t:|1757203178
|switch|p1b: Indeedee|Indeedee-F, L50, F|100/100
|-fieldstart|move: Psychic Terrain|[from] ability: Psychic Surge|[of] p1b: Indeedee
|turn|2
|inactive|ultrog has 30 seconds left.
|
|t:|1757203212
|move|p2b: Ursaluna|Protect|p2b: Ursaluna
|-singleturn|p2b: Ursaluna|Protect
|move|p1b: Indeedee|Follow Me|p1b: Indeedee
|-singleturn|p1b: Indeedee|move: Follow Me
|move|p1a: Araquanid|Liquidation|p2b: Ursaluna
|-activate|p2b: Ursaluna|move: Protect
|move|p2a: Porygon2|Trick Room|p2a: Porygon2
|-fieldstart|move: Trick Room|[of] p2a: Porygon2
|
|-weather|RainDance|[upkeep]
|-damage|p2b: Ursaluna|94/100 brn|[from] brn
|upkeep
|turn|3
|
|t:|1757203232
|move|p1a: Araquanid|Liquidation|p2b: Ursaluna
|-supereffective|p2b: Ursaluna
|-damage|p2b: Ursaluna|0 fnt
|faint|p2b: Ursaluna
|move|p2a: Porygon2|Tera Blast|p1b: Indeedee
|-damage|p1b: Indeedee|48/100
|move|p1b: Indeedee|Psychic|p2a: Porygon2
|-damage|p2a: Porygon2|37/100
|
|-weather|RainDance|[upkeep]
|upkeep
|
|t:|1757203243
|switch|p2b: Incineroar|Incineroar, L50, F|100/100
|-ability|p2b: Incineroar|Intimidate|boost
|-unboost|p1a: Araquanid|atk|1
|-unboost|p1b: Indeedee|atk|1
|turn|4
|inactive|ultrog has 30 seconds left.
|inactive|playrornds has 30 seconds left.
|
|t:|1757203277
|-terastallize|p2b: Incineroar|Ghost
|move|p1b: Indeedee|Follow Me|p1b: Indeedee
|-singleturn|p1b: Indeedee|move: Follow Me
|move|p1a: Araquanid|Liquidation|p2a: Porygon2
|-damage|p2a: Porygon2|0 fnt
|faint|p2a: Porygon2
|move|p2b: Incineroar|Knock Off|p1b: Indeedee
|-supereffective|p1b: Indeedee
|-crit|p1b: Indeedee
|-damage|p1b: Indeedee|0 fnt
|-damage|p2b: Incineroar|84/100|[from] item: Rocky Helmet|[of] p1b: Indeedee
|-enditem|p1b: Indeedee|Rocky Helmet|[from] move: Knock Off|[of] p2b: Incineroar
|faint|p1b: Indeedee
|
|-weather|RainDance|[upkeep]
|upkeep
|
|t:|1757203289
|switch|p2a: Amoonguss|Amoonguss, L50, M|100/100
|switch|p1b: Pelipper|Pelipper, L50, F|100/100
|turn|5
|l| Trestkon
|inactive|ultrog has 30 seconds left.
|inactive|playrornds has 30 seconds left.
|
|t:|1757203317
|-terastallize|p1a: Araquanid|Water
|move|p2a: Amoonguss|Spore|p1b: Pelipper
|-status|p1b: Pelipper|slp|[from] move: Spore
|move|p1a: Araquanid|Liquidation|p2b: Incineroar
|-damage|p2b: Incineroar|0 fnt
|faint|p2b: Incineroar
|cant|p1b: Pelipper|slp
|
|-weather|none
|upkeep
|turn|6
|
|t:|1757203330
|move|p1a: Araquanid|Liquidation|p2a: Amoonguss
|-resisted|p2a: Amoonguss
|-damage|p2a: Amoonguss|70/100
|move|p2a: Amoonguss|Spore|p1a: Araquanid
|-status|p1a: Araquanid|slp|[from] move: Spore
|-curestatus|p1b: Pelipper|slp|[msg]
|move|p1b: Pelipper|Hurricane|p2a: Amoonguss
|-supereffective|p2a: Amoonguss
|-damage|p2a: Amoonguss|0 fnt
|faint|p2a: Amoonguss
|
|win|ultrog
|raw|ultrog's rating: 1053 → 1089(+36 for winning)
|raw|playrornds's rating: 1100 → 1072(-28 for losing)
|c|☆playrornds|gg
|c|☆ultrog|gg
