|j|☆blisswy
|j|☆itsscarycary
|html|blisswyitsscarycary    
|uhtml|bestof|Game 2 of a best-of-3
|t:|1757112868
|gametype|doubles
|player|p1|blisswy|lady-gen4|
|player|p2|itsscarycary|swimmerf-gen4|
|gen|9
|tier|[Gen 9] VGC 2025 Reg H (Bo3)
|rule|Species Clause: Limit one of each Pokémon
|rule|Item Clause: Limit 1 of each item
|clearpoke
|poke|p1|Jumpluff, L50, M|
|poke|p1|Torkoal, L50, M|
|poke|p1|Typhlosion-Hisui, L50, M|
|poke|p1|Porygon2, L50|
|poke|p1|Ursaluna, L50, F|
|poke|p1|Incineroar, L50, M|
|poke|p2|Archaludon, L50, M|
|poke|p2|Basculegion, L50, M|
|poke|p2|Pelipper, L50, F|
|poke|p2|Amoonguss, L50, M|
|poke|p2|Incineroar, L50, F|
|poke|p2|Maushold, L50|
|teampreview|4
|showteam|p1|Jumpluff||CovertCloak|Chlorophyll|Tailwind,SleepPowder,SunnyDay,RagePowder|||M|||50|,,,,,Water]Torkoal||EjectPack|Drought|Eruption,Overheat,ClearSmog,Protect|||M|||50|,,,,,Fire]Typhlosion-Hisui||ChoiceSpecs|Blaze|Eruption,HeatWave,Overheat,ShadowBall|||M|||50|,,,,,Dark]Porygon2||Eviolite|Download|IceBeam,TeraBlast,TrickRoom,Recover||||||50|,,,,,Flying]Ursaluna||FlameOrb|Guts|HeadlongRush,Facade,Earthquake,Protect|||F|||50|,,,,,Ghost]Incineroar||SafetyGoggles|Intimidate|FlareBlitz,KnockOff,FakeOut,PartingShot|||M|||50|,,,,,Ghost
|showteam|p2|Archaludon||AssaultVest|Stamina|ElectroShot,DracoMeteor,FlashCannon,BodyPress|||M|||50|,,,,,Grass]Basculegion||ChoiceBand|SwiftSwim|FlipTurn,WaveCrash,AquaJet,LastRespects|||M|||50|,,,,,Water]Pelipper||FocusSash|Drizzle|Hurricane,WeatherBall,Tailwind,Protect|||F|||50|,,,,,Ghost]Amoonguss||SitrusBerry|Regenerator|Spore,RagePowder,PollenPuff,SludgeBomb|||M|||50|,,,,,Water]Incineroar||SafetyGoggles|Intimidate|FakeOut,FlareBlitz,KnockOff,PartingShot|||F|||50|,,,,,Ghost]Maushold||WideLens|Technician|PopulationBomb,FollowMe,Taunt,Protect||||||50|,,,,,Grass
|inactive|Battle timer is ON: inactive players will automatically lose when time's up. (requested by itsscarycary)
|
|t:|1757112881
|teamsize|p1|4
|teamsize|p2|4
|start
|switch|p1a: pluffy|Jumpluff, L50, M, shiny|100/100
|switch|p1b: Porygon2|Porygon2, L50|100/100
|switch|p2a: Pelipper|Pelipper, L50, F|100/100
|switch|p2b: Basculegion|Basculegion, L50, M|100/100
|-weather|RainDance|[from] ability: Drizzle|[of] p2a: Pelipper
|-ability|p1b: Porygon2|Download|boost
|-boost|p1b: Porygon2|spa|1
|turn|1
|inactiveoff|Battle timer is now OFF.
|
|t:|1757112909
|move|p2b: Basculegion|Wave Crash|p1b: Porygon2
|-damage|p1b: Porygon2|8/100
|-damage|p2b: Basculegion|73/100|[from] Recoil
|move|p1a: pluffy|Sleep Powder|p2b: Basculegion
|-status|p2b: Basculegion|slp|[from] move: Sleep Powder
|move|p2a: Pelipper|Hurricane|p1a: pluffy
|-supereffective|p1a: pluffy
|-damage|p1a: pluffy|0 fnt
|faint|p1a: pluffy
|move|p1b: Porygon2|Tera Blast|p2a: Pelipper
|-damage|p2a: Pelipper|8/100
|
|-weather|RainDance|[upkeep]
|upkeep
|
|t:|1757112923
|switch|p1a: Torkoal|Torkoal, L50, M|100/100
|-weather|SunnyDay|[from] ability: Drought|[of] p1a: Torkoal
|turn|2
|
|t:|1757112945
|switch|p2a: Incineroar|Incineroar, L50, F|100/100
|-ability|p2a: Incineroar|Intimidate|boost
|-unboost|p1a: Torkoal|atk|1
|-unboost|p1b: Porygon2|atk|1
|-enditem|p1a: Torkoal|Eject Pack
|
|t:|1757112951
|switch|p1a: Typhlosion|Typhlosion-Hisui, L50, M|100/100
|switch|p2b: Amoonguss|Amoonguss, L50, M|100/100
|move|p1b: Porygon2|Recover|p1b: Porygon2
|-heal|p1b: Porygon2|58/100
|
|-weather|SunnyDay|[upkeep]
|upkeep
|turn|3
|
|t:|1757112971
|-terastallize|p2b: Amoonguss|Water
|move|p2a: Incineroar|Fake Out|p1b: Porygon2
|-damage|p1b: Porygon2|50/100
|move|p1a: Typhlosion|Eruption|p2b: Amoonguss|[spread] p2a,p2b
|-resisted|p2a: Incineroar
|-resisted|p2b: Amoonguss
|-damage|p2a: Incineroar|38/100
|-damage|p2b: Amoonguss|47/100
|-enditem|p2b: Amoonguss|Sitrus Berry|[eat]
|-heal|p2b: Amoonguss|72/100|[from] item: Sitrus Berry
|cant|p1b: Porygon2|flinch
|move|p2b: Amoonguss|Spore|p1a: Typhlosion
|-status|p1a: Typhlosion|slp|[from] move: Spore
|
|-weather|SunnyDay|[upkeep]
|upkeep
|turn|4
|
|t:|1757112994
|-terastallize|p1a: Typhlosion|Dark
|cant|p1a: Typhlosion|slp
|move|p2a: Incineroar|Parting Shot|p1b: Porygon2
|-unboost|p1b: Porygon2|atk|1
|-unboost|p1b: Porygon2|spa|1
|
|t:|1757113001
|switch|p2a: Pelipper|Pelipper, L50, F|8/100|[from] Parting Shot
|-weather|RainDance|[from] ability: Drizzle|[of] p2a: Pelipper
|move|p2b: Amoonguss|Sludge Bomb|p1b: Porygon2
|-crit|p1b: Porygon2
|-damage|p1b: Porygon2|25/100
|move|p1b: Porygon2|Trick Room|p1b: Porygon2
|-fieldstart|move: Trick Room|[of] p1b: Porygon2
|
|-weather|RainDance|[upkeep]
|upkeep
|turn|5
|
|t:|1757113020
|switch|p2b: Basculegion|Basculegion, L50, M|73/100 slp
|move|p2a: Pelipper|Protect|p2a: Pelipper
|-singleturn|p2a: Pelipper|Protect
|move|p1b: Porygon2|Recover|p1b: Porygon2
|-heal|p1b: Porygon2|75/100
|cant|p1a: Typhlosion|slp
|
|-weather|RainDance|[upkeep]
|upkeep
|turn|6
|
|t:|1757113033
|switch|p1a: Torkoal|Torkoal, L50, M|100/100
|-weather|SunnyDay|[from] ability: Drought|[of] p1a: Torkoal
|move|p1b: Porygon2|Tera Blast|p2a: Pelipper
|-damage|p2a: Pelipper|0 fnt
|faint|p2a: Pelipper
|cant|p2b: Basculegion|slp
|
|-weather|SunnyDay|[upkeep]
|upkeep
|
|t:|1757113042
|switch|p2a: Incineroar|Incineroar, L50, F|38/100
|-ability|p2a: Incineroar|Intimidate|boost
|-unboost|p1a: Torkoal|atk|1
|-unboost|p1b: Porygon2|atk|1
|turn|7
|
|t:|1757113056
|move|p1a: Torkoal|Protect|p1a: Torkoal
|-singleturn|p1a: Torkoal|Protect
|move|p2a: Incineroar|Fake Out|p1b: Porygon2
|-damage|p1b: Porygon2|68/100
|cant|p1b: Porygon2|flinch
|cant|p2b: Basculegion|slp
|
|-weather|SunnyDay|[upkeep]
|upkeep
|turn|8
|
|t:|1757113087
|move|p1a: Torkoal|Eruption|p2a: Incineroar|[spread] p2a,p2b
|-resisted|p2a: Incineroar
|-crit|p2a: Incineroar
|-resisted|p2b: Basculegion
|-damage|p2a: Incineroar|0 fnt
|-damage|p2b: Basculegion|37/100 slp
|faint|p2a: Incineroar
|move|p1b: Porygon2|Tera Blast|p2b: Basculegion
|-immune|p2b: Basculegion
|cant|p2b: Basculegion|slp
|
|-weather|SunnyDay|[upkeep]
|-fieldend|move: Trick Room
|upkeep
|
|t:|1757113096
|switch|p2a: Amoonguss|Amoonguss, L50, M, tera:Water|100/100
|turn|9
|
|t:|1757113110
|-curestatus|p2b: Basculegion|slp|[msg]
|move|p2b: Basculegion|Wave Crash|p1a: Torkoal
|-supereffective|p1a: Torkoal
|-damage|p1a: Torkoal|36/100
|-damage|p2b: Basculegion|19/100|[from] Recoil
|move|p1b: Porygon2|Ice Beam|p2b: Basculegion
|-resisted|p2b: Basculegion
|-damage|p2b: Basculegion|3/100
|move|p1a: Torkoal|Overheat|p2b: Basculegion
|-resisted|p2b: Basculegion
|-damage|p2b: Basculegion|0 fnt
|-unboost|p1a: Torkoal|spa|2
|faint|p2b: Basculegion
|move|p2a: Amoonguss|Spore|p1b: Porygon2
|-status|p1b: Porygon2|slp|[from] move: Spore
|
|-weather|SunnyDay|[upkeep]
|upkeep
|turn|10
|
|t:|1757113139
|switch|p1a: Typhlosion|Typhlosion-Hisui, L50, M, tera:Dark|100/100 slp
|cant|p1b: Porygon2|slp
|move|p2a: Amoonguss|Sludge Bomb|p1a: Typhlosion
|-damage|p1a: Typhlosion|60/100 slp
|
|-weather|none
|upkeep
|turn|11
|
|t:|1757113154
|switch|p1b: Torkoal|Torkoal, L50, M|36/100
|-weather|SunnyDay|[from] ability: Drought|[of] p1b: Torkoal
|cant|p1a: Typhlosion|slp
|move|p2a: Amoonguss|Sludge Bomb|p1a: Typhlosion
|-damage|p1a: Typhlosion|25/100 slp
|
|-weather|SunnyDay|[upkeep]
|upkeep
|turn|12
|
|t:|1757113171
|switch|p1b: Porygon2|Porygon2, L50|68/100 slp
|-ability|p1b: Porygon2|Download|boost
|-boost|p1b: Porygon2|spa|1
|-curestatus|p1a: Typhlosion|slp|[msg]
|move|p1a: Typhlosion|Overheat|p2a: Amoonguss
|-resisted|p2a: Amoonguss
|-damage|p2a: Amoonguss|0 fnt
|-unboost|p1a: Typhlosion|spa|2
|faint|p2a: Amoonguss
|
|win|blisswy
|c|☆blisswy|gg!
