|j|☆pagoose chase
|html|pagoose chaseddojemane47    
|uhtml|bestof|Game 3 of a best-of-3
|t:|1757678844
|gametype|doubles
|player|p1|pagoose chase|roxanne-gen6|1116
|player|p2|ddojemane47|266|1201
|gen|9
|tier|[Gen 9] VGC 2025 Reg H (Bo3)
|rated|
|rule|Species Clause: Limit one of each Pokémon
|rule|Item Clause: Limit 1 of each item
|clearpoke
|poke|p1|Gliscor, L50, F|
|poke|p1|Tyranitar, L50, M|
|poke|p1|Rillaboom, L50, M|
|poke|p1|Gholdengo, L50|
|poke|p1|Electabuzz, L50, M|
|poke|p1|Annihilape, L50, F|
|poke|p2|Dragonite, L50, M|
|poke|p2|Gholdengo, L50|
|poke|p2|Ursaluna-Bloodmoon, L50, M|
|poke|p2|Annihilape, L50, F|
|poke|p2|Maushold-Four, L50|
|poke|p2|Rillaboom, L50, F|
|teampreview|4
|showteam|p1|Gliscor||ToxicOrb|PoisonHeal|DualWingbeat,HighHorsepower,Tailwind,Protect|||F|||50|,,,,,Water]Tyranitar||AssaultVest|SandStream|RockSlide,KnockOff,LowKick,TeraBlast|||M|||50|,,,,,Flying]Rillaboom||MiracleSeed|GrassySurge|FakeOut,GrassyGlide,WoodHammer,Uturn|||M|||50|,,,,,Fire]Gholdengo||LifeOrb|GoodasGold|MakeItRain,ShadowBall,NastyPlot,Protect||||||50|,,,,,Water]Electabuzz||Eviolite|VitalSpirit|FollowMe,Electroweb,Taunt,Protect|||M|||50|,,,,,Ghost]Annihilape||SafetyGoggles|Defiant|RageFist,CloseCombat,Coaching,FinalGambit|||F|||50|,,,,,Steel
|showteam|p2|Dragonite||LoadedDice|Multiscale|ScaleShot,Tailwind,Haze,Protect|||M|||50|,,,,,Fairy]Gholdengo||LifeOrb|GoodasGold|MakeItRain,ShadowBall,NastyPlot,Protect||||||50|,,,,,Water]Ursaluna-Bloodmoon||AssaultVest|MindsEye|BloodMoon,EarthPower,HyperVoice,VacuumWave|||M|||50|,,,,,Water]Annihilape||SitrusBerry|Defiant|DrainPunch,RageFist,BulkUp,Protect|||F|||50|,,,,,Fire]Maushold-Four||FocusSash|FriendGuard|SuperFang,BeatUp,FollowMe,Protect||||||50|,,,,,Ghost]Rillaboom||MiracleSeed|GrassySurge|WoodHammer,GrassyGlide,HighHorsepower,FakeOut|||F|||50|,,,,,Fire
|j|☆ddojemane47
|player|p2|ddojemane47|266|
|inactive|Battle timer is ON: inactive players will automatically lose when time's up. (requested by ddojemane47)
|
|t:|1757678863
|teamsize|p1|4
|teamsize|p2|4
|start
|switch|p1a: Gliscor|Gliscor, L50, F|100/100
|switch|p1b: Gholdengo|Gholdengo, L50|100/100
|switch|p2a: Gholdengo|Gholdengo, L50|100/100
|switch|p2b: Dragonite|Dragonite, L50, M|100/100
|turn|1
|inactive|pagoose chase has 30 seconds left.
|
|t:|1757678896
|-terastallize|p2a: Gholdengo|Water
|-terastallize|p1b: Gholdengo|Water
|move|p2a: Gholdengo|Nasty Plot|p2a: Gholdengo
|-boost|p2a: Gholdengo|spa|2
|move|p1a: Gliscor|High Horsepower|p2a: Gholdengo
|-damage|p2a: Gholdengo|53/100
|move|p2b: Dragonite|Tailwind|p2b: Dragonite
|-sidestart|p2: ddojemane47|move: Tailwind
|move|p1b: Gholdengo|Shadow Ball|p2a: Gholdengo
|-damage|p2a: Gholdengo|0 fnt
|faint|p2a: Gholdengo
|-damage|p1b: Gholdengo|91/100|[from] item: Life Orb
|
|-status|p1a: Gliscor|tox|[from] item: Toxic Orb
|upkeep
|
|t:|1757678914
|switch|p2a: Ursaluna|Ursaluna-Bloodmoon, L50, M|100/100
|turn|2
|inactive|pagoose chase has 30 seconds left.
|
|t:|1757678943
|switch|p2b: Rillaboom|Rillaboom, L50, F|100/100
|-fieldstart|move: Grassy Terrain|[from] ability: Grassy Surge|[of] p2b: Rillaboom
|move|p1a: Gliscor|Protect|p1a: Gliscor
|-singleturn|p1a: Gliscor|Protect
|move|p2a: Ursaluna|Blood Moon|p1a: Gliscor
|-activate|p1a: Gliscor|move: Protect
|move|p1b: Gholdengo|Make It Rain|p2b: Rillaboom|[spread] p2a,p2b
|-damage|p2a: Ursaluna|57/100
|-damage|p2b: Rillaboom|20/100
|-unboost|p1b: Gholdengo|spa|1
|-damage|p1b: Gholdengo|81/100|[from] item: Life Orb
|
|-heal|p2b: Rillaboom|26/100|[from] Grassy Terrain
|-heal|p2a: Ursaluna|62/100|[from] Grassy Terrain
|-heal|p1b: Gholdengo|87/100|[from] Grassy Terrain
|upkeep
|turn|3
|
|t:|1757678961
|move|p2b: Rillaboom|Grassy Glide|p1b: Gholdengo
|-supereffective|p1b: Gholdengo
|-damage|p1b: Gholdengo|0 fnt
|faint|p1b: Gholdengo
|move|p2a: Ursaluna|Hyper Voice|p1a: Gliscor
|-damage|p1a: Gliscor|30/100 tox
|move|p1a: Gliscor|Tailwind|p1a: Gliscor
|-sidestart|p1: pagoose chase|move: Tailwind
|
|-heal|p2b: Rillaboom|32/100|[from] Grassy Terrain
|-heal|p2a: Ursaluna|68/100|[from] Grassy Terrain
|-heal|p1a: Gliscor|42/100 tox|[from] ability: Poison Heal
|upkeep
|
|t:|1757678974
|switch|p1b: Annihilape|Annihilape, L50, F|100/100
|turn|4
|
|t:|1757679007
|switch|p2a: Dragonite|Dragonite, L50, M|100/100
|move|p2b: Rillaboom|Grassy Glide|p1b: Annihilape
|-damage|p1b: Annihilape|53/100
|move|p1b: Annihilape|Close Combat|p2a: Dragonite
|-resisted|p2a: Dragonite
|-damage|p2a: Dragonite|88/100
|-unboost|p1b: Annihilape|def|1
|-unboost|p1b: Annihilape|spd|1
|move|p1a: Gliscor|Dual Wingbeat|p2b: Rillaboom
|-supereffective|p2b: Rillaboom
|-damage|p2b: Rillaboom|0 fnt
|faint|p2b: Rillaboom
|-hitcount|p2: Rillaboom|1
|
|-heal|p1b: Annihilape|59/100|[from] Grassy Terrain
|-heal|p1a: Gliscor|54/100 tox|[from] ability: Poison Heal
|-sideend|p2: ddojemane47|move: Tailwind
|upkeep
|
|t:|1757679013
|switch|p2b: Ursaluna|Ursaluna-Bloodmoon, L50, M|68/100
|turn|5
|
|t:|1757679027
|move|p1b: Annihilape|Close Combat|p2b: Ursaluna
|-supereffective|p2b: Ursaluna
|-damage|p2b: Ursaluna|0 fnt
|-unboost|p1b: Annihilape|def|1
|-unboost|p1b: Annihilape|spd|1
|faint|p2b: Ursaluna
|move|p1a: Gliscor|Dual Wingbeat|p2a: Dragonite
|-damage|p2a: Dragonite|68/100
|-crit|p2a: Dragonite
|-damage|p2a: Dragonite|40/100
|-hitcount|p2a: Dragonite|2
|move|p2a: Dragonite|Tailwind|p2a: Dragonite
|-sidestart|p2: ddojemane47|move: Tailwind
|
|-heal|p1b: Annihilape|65/100|[from] Grassy Terrain
|-heal|p1a: Gliscor|66/100 tox|[from] ability: Poison Heal
|upkeep
|turn|6
|
|t:|1757679036
|move|p1b: Annihilape|Final Gambit|p2a: Dragonite
|-damage|p2a: Dragonite|0 fnt
|faint|p1b: Annihilape
|faint|p2a: Dragonite
|
|win|pagoose chase
|raw|pagoose chase's rating: 1116 → 1147(+31 for winning)
|raw|ddojemane47's rating: 1201 → 1170(-31 for losing)
|l|☆ddojemane47
|player|p2|
