|j|☆Acasiete15
|j|☆Sammias
|html|Acasiete15Sammias    
|uhtml|bestof|Game 2 of a best-of-3
|t:|1783460844
|gametype|doubles
|player|p1|Acasiete15|brawly|1045
|player|p2|Sammias|miku-ground|1027
|gen|9
|tier|[Gen 9 Champions] VGC 2026 Reg M-B (Bo3)
|rated|
|rule|Species Clause: Limit one of each Pokémon
|rule|Item Clause: Limit 1 of each item
|clearpoke
|poke|p1|Mawile, L50, F|
|poke|p1|Aerodactyl, L50, F|
|poke|p1|Farigiraf, L50, M|
|poke|p1|Charizard, L50, M|
|poke|p1|Basculegion, L50, M|
|poke|p1|Incineroar, L50, F|
|poke|p2|Floette-Eternal, L50, F|
|poke|p2|Typhlosion-Hisui, L50, M|
|poke|p2|Kingambit, L50, M|
|poke|p2|Garchomp, L50, M|
|poke|p2|Sneasler, L50, M|
|poke|p2|Whimsicott, L50, M, shiny|
|teampreview|4
|showteam|p1|Mawile||Mawilite|HyperCutter|PlayRough,BrickBreak,SuckerPunch,Protect|Adamant||F|||50|]Aerodactyl||FocusSash|Unnerve|Tailwind,RockSlide,WideGuard,Protect|Jolly||F|||50|]Farigiraf||SitrusBerry|ArmorTail|Protect,TrickRoom,Thunderbolt,Psychic|Bold||M|||50|]Charizard||CharizarditeY|Blaze|HeatWave,SolarBeam,WeatherBall,Protect|Modest||M|||50|]Basculegion||LifeOrb|Adaptability|WaveCrash,AquaJet,LastRespects,Protect|Adamant||M|||50|]Incineroar||WhiteHerb|Intimidate|FakeOut,FlareBlitz,DarkestLariat,CloseCombat|Brave||F|||50|
|showteam|p2|Floette-Eternal||Floettite|FlowerVeil|Moonblast,DazzlingGleam,LightofRuin,Protect|Modest||F|||50|]Typhlosion-Hisui||ChoiceScarf|Blaze|Eruption,ShadowBall,HeatWave,Overheat|Modest||M|||50|]Kingambit||BlackGlasses|Defiant|KowtowCleave,SuckerPunch,SwordsDance,Protect|Adamant||M|||50|]Garchomp||LifeOrb|RoughSkin|DragonClaw,RockSlide,Protect,StompingTantrum|Jolly||M|||50|]Sneasler||WhiteHerb|Unburden|FakeOut,CloseCombat,DireClaw,Taunt|Jolly||M|||50|]Whimsicott||FocusSash|Prankster|Protect,Tailwind,Encore,Moonblast|Timid||M|||50|
|inactive|Battle timer is ON: inactive players will automatically lose when time's up. (requested by Sammias)
|inactive|Acasiete15 also wants the timer to be on.
|
|t:|1783460873
|teamsize|p1|4
|teamsize|p2|4
|start
|switch|p1a: Charizard|Charizard, L50, M|100/100
|switch|p1b: Aerodactyl|Aerodactyl, L50, F|100/100
|switch|p2a: Sneasler|Sneasler, L50, M|100/100
|switch|p2b: Floette|Floette-Eternal, L50, F|100/100
|-ability|p1b: Aerodactyl|Unnerve
|turn|1
|
|t:|1783460895
|switch|p2b: Whimsicott|Whimsicott, L50, M, shiny|100/100
|move|p1b: Aerodactyl|Protect|p1b: Aerodactyl
|-singleturn|p1b: Aerodactyl|Protect
|move|p1a: Charizard|Protect|p1a: Charizard
|-singleturn|p1a: Charizard|Protect
|move|p2a: Sneasler|Fake Out|p1b: Aerodactyl
|-activate|p1b: Aerodactyl|move: Protect
|
|upkeep
|turn|2
|
|t:|1783460916
|switch|p1a: Basculegion|Basculegion, L50, M|100/100
|move|p2b: Whimsicott|Tailwind|p2b: Whimsicott
|-sidestart|p2: Sammias|move: Tailwind
|move|p2a: Sneasler|Taunt|p1b: Aerodactyl
|-start|p1b: Aerodactyl|move: Taunt
|cant|p1b: Aerodactyl|move: Taunt|Tailwind
|
|upkeep
|turn|3
|
|t:|1783460931
|switch|p1b: Charizard|Charizard, L50, M|100/100
|move|p2a: Sneasler|Close Combat|p1b: Charizard
|-resisted|p1b: Charizard|1
|-damage|p1b: Charizard|70/100
|-unboost|p2a: Sneasler|def|1
|-unboost|p2a: Sneasler|spd|1
|-enditem|p2a: Sneasler|White Herb
|-clearnegativeboost|p2a: Sneasler|[silent]
|move|p2b: Whimsicott|Moonblast|p1b: Charizard
|-resisted|p1b: Charizard|1
|-damage|p1b: Charizard|56/100
|move|p1a: Basculegion|Wave Crash|p2a: Sneasler
|-damage|p2a: Sneasler|0 fnt
|faint|p2a: Sneasler
|-damage|p1a: Basculegion|73/100|[from] Recoil
|-damage|p1a: Basculegion|64/100|[from] item: Life Orb
|
|upkeep
|
|t:|1783460954
|switch|p2a: Floette|Floette-Eternal, L50, F|100/100
|turn|4
|inactive|Acasiete15 has 30 seconds left.
|
|t:|1783460980
|detailschange|p2a: Floette|Floette-Mega, L50, F
|-mega|p2a: Floette|Floette|Floettite
|-ability|p2a: Floette|Fairy Aura
|detailschange|p1b: Charizard|Charizard-Mega-Y, L50, M
|-mega|p1b: Charizard|Charizard|Charizardite Y
|-weather|SunnyDay|[from] ability: Drought|[of] p1b: Charizard
|move|p2b: Whimsicott|Moonblast|p1a: Basculegion
|-damage|p1a: Basculegion|23/100
|move|p2a: Floette|Dazzling Gleam|p1b: Charizard|[spread] p1a,p1b
|-resisted|p1b: Charizard|1
|-damage|p1a: Basculegion|0 fnt
|-damage|p1b: Charizard|34/100
|faint|p1a: Basculegion
|move|p1b: Charizard|Weather Ball|p2a: Floette
|-damage|p2a: Floette|35/100
|
|-weather|SunnyDay|[upkeep]
|upkeep
|
|t:|1783460991
|switch|p1a: Incineroar|Incineroar, L50, F|100/100
|-ability|p1a: Incineroar|Intimidate|boost
|-unboost|p2a: Floette|atk|1
|-unboost|p2b: Whimsicott|atk|1
|turn|5
|
|t:|1783460999
|move|p2b: Whimsicott|Protect|p2b: Whimsicott
|-singleturn|p2b: Whimsicott|Protect
|move|p2a: Floette|Protect|p2a: Floette
|-singleturn|p2a: Floette|Protect
|move|p1a: Incineroar|Fake Out|p2a: Floette
|-activate|p2a: Floette|move: Protect
|move|p1b: Charizard|Heat Wave|p2b: Whimsicott|[spread] 
|-activate|p2a: Floette|move: Protect
|-activate|p2b: Whimsicott|move: Protect
|
|-weather|SunnyDay|[upkeep]
|-sideend|p2: Sammias|move: Tailwind
|upkeep
|turn|6
|
|t:|1783461023
|switch|p1a: Aerodactyl|Aerodactyl, L50, F|100/100
|-ability|p1a: Aerodactyl|Unnerve
|move|p1b: Charizard|Protect|p1b: Charizard
|-singleturn|p1b: Charizard|Protect
|move|p2b: Whimsicott|Moonblast|p1a: Aerodactyl
|-damage|p1a: Aerodactyl|51/100
|move|p2a: Floette|Moonblast|p1a: Aerodactyl
|-damage|p1a: Aerodactyl|0 fnt
|faint|p1a: Aerodactyl
|
|-weather|SunnyDay|[upkeep]
|upkeep
|
|t:|1783461034
|switch|p1a: Incineroar|Incineroar, L50, F|100/100
|-ability|p1a: Incineroar|Intimidate|boost
|-unboost|p2a: Floette|atk|1
|-unboost|p2b: Whimsicott|atk|1
|turn|7
|
|t:|1783461041
|move|p2b: Whimsicott|Protect|p2b: Whimsicott
|-singleturn|p2b: Whimsicott|Protect
|move|p2a: Floette|Protect|p2a: Floette
|-singleturn|p2a: Floette|Protect
|move|p1a: Incineroar|Fake Out|p2b: Whimsicott
|-activate|p2b: Whimsicott|move: Protect
|move|p1b: Charizard|Heat Wave|p2b: Whimsicott|[spread] 
|-activate|p2a: Floette|move: Protect
|-activate|p2b: Whimsicott|move: Protect
|
|-weather|SunnyDay|[upkeep]
|upkeep
|turn|8
|
|t:|1783461057
|move|p2b: Whimsicott|Moonblast|p1a: Incineroar
|-damage|p1a: Incineroar|65/100
|-unboost|p1a: Incineroar|spa|1
|-enditem|p1a: Incineroar|White Herb
|-clearnegativeboost|p1a: Incineroar|[silent]
|move|p2a: Floette|Moonblast|p1a: Incineroar
|-damage|p1a: Incineroar|0 fnt
|faint|p1a: Incineroar
|move|p1b: Charizard|Heat Wave|p2b: Whimsicott|[spread] p2a,p2b
|-supereffective|p2b: Whimsicott|1
|-damage|p2a: Floette|0 fnt
|-enditem|p2b: Whimsicott|Focus Sash
|-damage|p2b: Whimsicott|1/100
|faint|p2a: Floette
|
|-weather|none
|upkeep
|
|t:|1783461068
|switch|p2a: Kingambit|Kingambit, L50, M|100/100
|turn|9
|
|t:|1783461077
|move|p2a: Kingambit|Sucker Punch|p1b: Charizard
|-damage|p1b: Charizard|0 fnt
|faint|p1b: Charizard
|
|win|Sammias
||Acasiete15 is ready for game 3.
