|j|☆Prepucio Santos
|j|☆baarboo
|html|Prepucio Santosbaarboo    
|uhtml|bestof|Game 2 of a best-of-3
|t:|1783271858
|gametype|doubles
|player|p1|Prepucio Santos|striker|1227
|player|p2|baarboo|102|1307
|gen|9
|tier|[Gen 9 Champions] VGC 2026 Reg M-B (Bo3)
|rated|
|rule|Species Clause: Limit one of each Pokémon
|rule|Item Clause: Limit 1 of each item
|clearpoke
|poke|p1|Incineroar, L50, F|
|poke|p1|Sinistcha-Masterpiece, L50, shiny|
|poke|p1|Floette-Eternal, L50, F|
|poke|p1|Kingambit, L50, F|
|poke|p1|Sneasler, L50, M|
|poke|p1|Delphox, L50, F, shiny|
|poke|p2|Charizard, L50, M|
|poke|p2|Kingambit, L50, F|
|poke|p2|Sylveon, L50, M|
|poke|p2|Farigiraf, L50, F|
|poke|p2|Garchomp, L50, F|
|poke|p2|Aerodactyl, L50, F|
|teampreview|4
|showteam|p1|Incineroar||SitrusBerry|Intimidate|FakeOut,PartingShot,ThroatChop,FlareBlitz|Careful||F|||50|]Sinistcha-Masterpiece||KasibBerry|Hospitality|MatchaGotcha,LifeDew,RagePowder,TrickRoom|Bold|||||50|]Floette-Eternal||Floettite|FlowerVeil|Moonblast,DazzlingGleam,CalmMind,Protect|Modest||F|||50|]Kingambit||BlackGlasses|Defiant|KowtowCleave,SuckerPunch,SwordsDance,Protect|Adamant||F|||50|]Sneasler||FocusSash|PoisonTouch|FakeOut,CloseCombat,DireClaw,QuickGuard|Jolly||M|||50|]Delphox||Delphoxite|Blaze|HeatWave,Psyshock,NastyPlot,Protect|Timid||F|||50|
|showteam|p2|Charizard||CharizarditeY|SolarPower|SolarBeam,WeatherBall,Protect,HeatWave|Modest||M|||50|]Kingambit||FocusSash|Defiant|KowtowCleave,SuckerPunch,LowKick,IronHead|Adamant||F|||50|]Sylveon||FairyFeather|Pixilate|Detect,HyperBeam,HyperVoice,QuickAttack|Modest||M|||50|]Farigiraf||SitrusBerry|ArmorTail|TrickRoom,TwinBeam,GrassKnot,Thunderbolt|Bold||F|||50|]Garchomp||LifeOrb|RoughSkin|Protect,Earthquake,DragonClaw,StompingTantrum|Jolly||F|||50|]Aerodactyl||Aerodactylite|Unnerve|RockSlide,IceFang,Tailwind,DualWingbeat|Jolly||F|||50|
|inactive|Battle timer is ON: inactive players will automatically lose when time's up. (requested by baarboo)
|inactive|baarboo has 60 seconds left.
|
|t:|1783271900
|teamsize|p1|4
|teamsize|p2|4
|start
|switch|p1a: Incineroar|Incineroar, L50, F|100/100
|switch|p1b: Floette|Floette-Eternal, L50, F|100/100
|switch|p2a: Farigiraf|Farigiraf, L50, F|100/100
|switch|p2b: Kingambit|Kingambit, L50, F|100/100
|-ability|p1a: Incineroar|Intimidate|boost
|-unboost|p2a: Farigiraf|atk|1
|-unboost|p2b: Kingambit|atk|1
|-ability|p2b: Kingambit|Defiant|boost
|-boost|p2b: Kingambit|atk|2
|turn|1
|
|t:|1783271911
|switch|p2b: Garchomp|Garchomp, L50, F|100/100
|detailschange|p1b: Floette|Floette-Mega, L50, F
|-mega|p1b: Floette|Floette|Floettite
|-ability|p1b: Floette|Fairy Aura
|move|p1b: Floette|Dazzling Gleam|p2a: Farigiraf|[spread] p2a,p2b
|-supereffective|p2b: Garchomp|1
|-damage|p2a: Farigiraf|51/100
|-damage|p2b: Garchomp|0 fnt
|faint|p2b: Garchomp
|move|p1a: Incineroar|Flare Blitz|p2a: Farigiraf
|-damage|p2a: Farigiraf|17/100
|-status|p2a: Farigiraf|brn
|-enditem|p2a: Farigiraf|Sitrus Berry|[eat]
|-heal|p2a: Farigiraf|42/100 brn|[from] item: Sitrus Berry
|-damage|p1a: Incineroar|87/100|[from] Recoil
|move|p2a: Farigiraf|Trick Room|p2a: Farigiraf
|-fieldstart|move: Trick Room|[of] p2a: Farigiraf
|
|-damage|p2a: Farigiraf|36/100 brn|[from] brn
|upkeep
|
|t:|1783271922
|switch|p2b: Sylveon|Sylveon, L50, M|100/100
|turn|2
|
|t:|1783271935
|move|p2a: Farigiraf|Thunderbolt|p1a: Incineroar
|-damage|p1a: Incineroar|70/100
|-status|p1a: Incineroar|par
|move|p1a: Incineroar|Throat Chop|p2a: Farigiraf
|-supereffective|p2a: Farigiraf|1
|-crit|p2a: Farigiraf
|-damage|p2a: Farigiraf|0 fnt
|faint|p2a: Farigiraf
|move|p2b: Sylveon|Hyper Voice|p1b: Floette|[spread] p1a,p1b
|-damage|p1a: Incineroar|21/100 par
|-damage|p1b: Floette|58/100
|-enditem|p1a: Incineroar|Sitrus Berry|[eat]
|-heal|p1a: Incineroar|46/100 par|[from] item: Sitrus Berry
|move|p1b: Floette|Dazzling Gleam|p2b: Sylveon
|-damage|p2b: Sylveon|46/100
|
|upkeep
|
|t:|1783271938
|switch|p2a: Kingambit|Kingambit, L50, F|100/100
|turn|3
|
|t:|1783271949
|switch|p1b: Sinistcha|Sinistcha-Masterpiece, L50, shiny|100/100
|-heal|p1a: Incineroar|70/100 par|[from] ability: Hospitality|[of] p1b: Sinistcha
|move|p1a: Incineroar|Flare Blitz|p2a: Kingambit
|-supereffective|p2a: Kingambit|1
|-damage|p2a: Kingambit|23/100
|-damage|p1a: Incineroar|49/100 par|[from] Recoil
|move|p2b: Sylveon|Hyper Voice|p1a: Incineroar|[spread] p1a,p1b
|-damage|p1a: Incineroar|11/100 par
|-damage|p1b: Sinistcha|48/100
|move|p2a: Kingambit|Iron Head|p1b: Sinistcha
|-damage|p1b: Sinistcha|11/100
|
|upkeep
|turn|4
|
|t:|1783271963
|move|p1b: Sinistcha|Rage Powder|p1b: Sinistcha
|-singleturn|p1b: Sinistcha|move: Rage Powder
|move|p2b: Sylveon|Quick Attack|p1b: Sinistcha
|-damage|p1b: Sinistcha|1/100
|move|p2a: Kingambit|Sucker Punch||[still]
|-fail|p2a: Kingambit
|cant|p1a: Incineroar|par
|
|upkeep
|turn|5
|
|t:|1783271978
|move|p1b: Sinistcha|Rage Powder|p1b: Sinistcha
|-singleturn|p1b: Sinistcha|move: Rage Powder
|move|p2b: Sylveon|Quick Attack|p1b: Sinistcha
|-damage|p1b: Sinistcha|0 fnt
|faint|p1b: Sinistcha
|move|p2a: Kingambit|Sucker Punch|p1a: Incineroar
|-resisted|p1a: Incineroar|1
|-crit|p1a: Incineroar
|-damage|p1a: Incineroar|0 fnt
|faint|p1a: Incineroar
|
|-fieldend|move: Trick Room
|upkeep
|
|t:|1783271984
|switch|p1a: Floette|Floette-Mega, L50, F|58/100
|switch|p1b: Sneasler|Sneasler, L50, M|100/100
|-ability|p1a: Floette|Fairy Aura
|turn|6
|
|t:|1783271993
|move|p1b: Sneasler|Fake Out|p2b: Sylveon
|-damage|p2b: Sylveon|29/100
|move|p2a: Kingambit|Sucker Punch||[still]
|-fail|p2a: Kingambit
|move|p1a: Floette|Dazzling Gleam|p2b: Sylveon|[spread] p2a,p2b
|-damage|p2a: Kingambit|0 fnt
|-damage|p2b: Sylveon|0 fnt
|faint|p2a: Kingambit
|faint|p2b: Sylveon
|
|win|Prepucio Santos
