|j|☆salvaly90
|j|☆RegiSIXSEVEN
|html|salvaly90RegiSIXSEVEN    
|uhtml|bestof|Game 1 of a best-of-3
|t:|1784799368
|gametype|doubles
|player|p1|salvaly90|1|1054
|player|p2|RegiSIXSEVEN|steven|1205
|gen|9
|tier|[Gen 9 Champions] VGC 2026 Reg M-B (Bo3)
|rated|
|rule|Species Clause: Limit one of each Pokémon
|rule|Item Clause: Limit 1 of each item
|clearpoke
|poke|p1|Blaziken, L50, F, shiny|
|poke|p1|Whimsicott, L50, M, shiny|
|poke|p1|Toucannon, L50, M, shiny|
|poke|p1|Dragalge, L50, F, shiny|
|poke|p1|Rotom-Wash, L50, shiny|
|poke|p1|Garchomp, L50, M, shiny|
|poke|p2|Gengar, L50, M, shiny|
|poke|p2|Swampert, L50, F, shiny|
|poke|p2|Incineroar, L50, M, shiny|
|poke|p2|Politoed, L50, F, shiny|
|poke|p2|Archaludon, L50, F, shiny|
|poke|p2|Vivillon-Elegant, L50, M, shiny|
|teampreview|4
|showteam|p1|Blaziken||Blazikenite|SpeedBoost|HighJumpKick,FlareBlitz,Protect,Substitute|Jolly||F|||50|]Whimsicott||FocusSash|Prankster|Encore,Protect,Tailwind,Moonblast|Modest||M|||50|]Toucannon||LifeOrb|SheerForce|BeakBlast,TemperFlare,Protect,Roost|Jolly||M|||50|]Dragalge||Dragalgite|Adaptability|SludgeBomb,DragonTail,Haze,Protect|Sassy||F|||50|]Rotom-Wash||Leftovers|Levitate|Discharge,HydroPump,WillOWisp,Protect|Calm|||||50|]Garchomp||YacheBerry|RoughSkin|Outrage,Earthquake,Protect,Liquidation|Jolly||M|||50|
|showteam|p2|Gengar||Gengarite|CursedBody|ShadowBall,SludgeBomb,PerishSong,Protect|Timid||M|||50|]Swampert||Swampertite|Damp|WaveCrash,Earthquake,IcePunch,Protect|Adamant||F|||50|]Incineroar||PasshoBerry|Intimidate|FakeOut,ThroatChop,PartingShot,Protect|Sassy||M|||50|]Politoed||SitrusBerry|Drizzle|WeatherBall,Encore,PerishSong,Protect|Calm||F|||50|]Archaludon||Leftovers|Stamina|DragonPulse,FlashCannon,ElectroShot,Protect|Bold||F|||50|]Vivillon-Elegant||FocusSash|CompoundEyes|Hurricane,SleepPowder,RagePowder,Protect|Timid||M|||50|
|inactive|Battle timer is ON: inactive players will automatically lose when time's up. (requested by RegiSIXSEVEN)
|
|t:|1784799397
|teamsize|p1|4
|teamsize|p2|4
|start
|switch|p1a: Garchomp|Garchomp, L50, M, shiny|100/100
|switch|p1b: Rotom|Rotom-Wash, L50, shiny|100/100
|switch|p2a: Gengar|Gengar, L50, M, shiny|100/100
|switch|p2b: Incineroar|Incineroar, L50, M, shiny|100/100
|-ability|p2b: Incineroar|Intimidate|boost
|-unboost|p1a: Garchomp|atk|1
|-unboost|p1b: Rotom|atk|1
|turn|1
|
|t:|1784799409
|detailschange|p2a: Gengar|Gengar-Mega, L50, M, shiny
|-mega|p2a: Gengar|Gengar|Gengarite
|move|p2b: Incineroar|Fake Out|p1a: Garchomp
|-damage|p1a: Garchomp|89/100
|-damage|p2b: Incineroar|87/100|[from] ability: Rough Skin|[of] p1a: Garchomp
|move|p2a: Gengar|Perish Song|p2a: Gengar
|-start|p1a: Garchomp|perish3|[silent]
|-start|p1b: Rotom|perish3|[silent]
|-start|p2a: Gengar|perish3|[silent]
|-start|p2b: Incineroar|perish3|[silent]
|-fieldactivate|move: Perish Song
|cant|p1a: Garchomp|flinch
|move|p1b: Rotom|Discharge|p2b: Incineroar|[spread] p2a,p2b
|-immune|p1a: Garchomp
|-damage|p2a: Gengar|76/100
|-damage|p2b: Incineroar|69/100
|-status|p2a: Gengar|par
|
|-start|p1a: Garchomp|perish3
|-start|p1b: Rotom|perish3
|-start|p2a: Gengar|perish3
|-start|p2b: Incineroar|perish3
|upkeep
|turn|2
|inactive|salvaly90 has 30 seconds left.
|
|t:|1784799441
|move|p2a: Gengar|Protect|p2a: Gengar
|-singleturn|p2a: Gengar|Protect
|move|p2b: Incineroar|Protect|p2b: Incineroar
|-singleturn|p2b: Incineroar|Protect
|move|p1a: Garchomp|Liquidation|p2b: Incineroar
|-activate|p2b: Incineroar|move: Protect
|move|p1b: Rotom|Hydro Pump|p2a: Gengar
|-activate|p2a: Gengar|move: Protect
|
|-start|p1a: Garchomp|perish2
|-start|p1b: Rotom|perish2
|-start|p2a: Gengar|perish2
|-start|p2b: Incineroar|perish2
|upkeep
|turn|3
|
|t:|1784799460
|switch|p2a: Archaludon|Archaludon, L50, F, shiny|100/100
|move|p1a: Garchomp|Liquidation|p2b: Incineroar
|-supereffective|p2b: Incineroar|1
|-enditem|p2b: Incineroar|Passho Berry|[eat]
|-enditem|p2b: Incineroar|Passho Berry|[weaken]
|-damage|p2b: Incineroar|51/100
|move|p1b: Rotom|Hydro Pump|p2a: Archaludon
|-resisted|p2a: Archaludon|1
|-damage|p2a: Archaludon|81/100
|-ability|p2a: Archaludon|Stamina|boost
|-boost|p2a: Archaludon|def|1
|move|p2b: Incineroar|Parting Shot|p2a: Archaludon
|-unboost|p2a: Archaludon|atk|1
|-unboost|p2a: Archaludon|spa|1
|
|t:|1784799464
|switch|p2b: Gengar|Gengar-Mega, L50, M, shiny|76/100 par|[from] Parting Shot
|
|-heal|p2a: Archaludon|87/100|[from] item: Leftovers
|-start|p1a: Garchomp|perish1
|-start|p1b: Rotom|perish1
|upkeep
|turn|4
|inactive|salvaly90 has 30 seconds left.
|
|t:|1784799493
|move|p2a: Archaludon|Protect|p2a: Archaludon
|-singleturn|p2a: Archaludon|Protect
|move|p2b: Gengar|Protect|p2b: Gengar
|-singleturn|p2b: Gengar|Protect
|move|p1a: Garchomp|Outrage|p2a: Archaludon
|-activate|p2a: Archaludon|move: Protect
|move|p1b: Rotom|Will-O-Wisp|p2a: Archaludon
|-activate|p2a: Archaludon|move: Protect
|
|-heal|p2a: Archaludon|93/100|[from] item: Leftovers
|-start|p1a: Garchomp|perish0
|-start|p1b: Rotom|perish0
|faint|p1a: Garchomp
|faint|p1b: Rotom
|upkeep
|
|t:|1784799508
|switch|p1a: Blaziken|Blaziken, L50, F, shiny|100/100
|switch|p1b: Whimsicott|Whimsicott, L50, M, shiny|100/100
|turn|5
|
|t:|1784799522
|switch|p2a: Incineroar|Incineroar, L50, M, shiny|51/100
|-ability|p2a: Incineroar|Intimidate|boost
|-unboost|p1a: Blaziken|atk|1
|-unboost|p1b: Whimsicott|atk|1
|detailschange|p1a: Blaziken|Blaziken-Mega, L50, F, shiny
|-mega|p1a: Blaziken|Blaziken|Blazikenite
|move|p1a: Blaziken|Protect|p1a: Blaziken
|-singleturn|p1a: Blaziken|Protect
|move|p1b: Whimsicott|Tailwind|p1b: Whimsicott
|-sidestart|p1: salvaly90|move: Tailwind
|move|p2b: Gengar|Perish Song|p2b: Gengar
|-start|p1a: Blaziken|perish3|[silent]
|-start|p1b: Whimsicott|perish3|[silent]
|-start|p2a: Incineroar|perish3|[silent]
|-start|p2b: Gengar|perish3|[silent]
|-fieldactivate|move: Perish Song
|
|-start|p1a: Blaziken|perish3
|-start|p1b: Whimsicott|perish3
|-start|p2b: Gengar|perish3
|-start|p2a: Incineroar|perish3
|-ability|p1a: Blaziken|Speed Boost|boost
|-boost|p1a: Blaziken|spe|1
|upkeep
|turn|6
|
|t:|1784799544
|move|p2a: Incineroar|Fake Out|p1b: Whimsicott
|-damage|p1b: Whimsicott|86/100
|move|p1a: Blaziken|Flare Blitz|p2b: Gengar
|-damage|p2b: Gengar|20/100r par
|-damage|p1a: Blaziken|80/100|[from] Recoil
|cant|p1b: Whimsicott|flinch
|cant|p2b: Gengar|par
|
|-start|p1a: Blaziken|perish2
|-start|p1b: Whimsicott|perish2
|-start|p2b: Gengar|perish2
|-start|p2a: Incineroar|perish2
|-ability|p1a: Blaziken|Speed Boost|boost
|-boost|p1a: Blaziken|spe|1
|upkeep
|turn|7
|-message|salvaly90 forfeited.
|
|win|RegiSIXSEVEN
|l|☆salvaly90
|player|p1|
|raw|salvaly90's rating: 1054 → 1043(-11 for losing)
|raw|RegiSIXSEVEN's rating: 1205 → 1220(+15 for winning)
