|j|☆EATSOUL
|j|☆Pelosis
|html|EATSOULPelosis    
|uhtml|bestof|Game 3 of a best-of-3
|t:|1784996940
|gametype|doubles
|player|p1|EATSOUL|102|1042
|player|p2|Pelosis|2|1136
|gen|9
|tier|[Gen 9 Champions] VGC 2026 Reg M-B (Bo3)
|rated|
|rule|Species Clause: Limit one of each Pokémon
|rule|Item Clause: Limit 1 of each item
|clearpoke
|poke|p1|Goodra-Hisui, L50, M|
|poke|p1|Farigiraf, L50, M|
|poke|p1|Serperior, L50, M|
|poke|p1|Pelipper, L50, M|
|poke|p1|Greninja, L50, F|
|poke|p1|Dragalge, L50, F|
|poke|p2|Mawile, L50, M|
|poke|p2|Farigiraf, L50, F|
|poke|p2|Incineroar, L50, M|
|poke|p2|Torkoal, L50, M|
|poke|p2|Venusaur, L50, M|
|poke|p2|Scrafty, L50, F|
|teampreview|4
|showteam|p1|Goodra-Hisui||Leftovers|SapSipper|GyroBall,Curse,DracoMeteor,AcidSpray|Brave||M|||50|]Farigiraf||ExpertBelt|ArmorTail|TrickRoom,TwinBeam,Thunderbolt,EnergyBall|Modest||M|||50|]Serperior||BrightPowder|Contrary|PetalBlizzard,KnockOff,BreakingSwipe,Protect|Adamant||M|||50|]Pelipper||MysticWater|Drizzle|WeatherBall,WideGuard,Hurricane,Protect|Modest||M|||50|]Greninja||Greninjite|Protean|WeatherBall,DarkPulse,HyperBeam,Protect|Modest||F|||50|]Dragalge||LifeOrb|Adaptability|SludgeBomb,DragonPulse,AcidArmor,Protect|Modest||F|||50|
|showteam|p2|Mawile||Mawilite|HyperCutter|Protect,PlayRough,RockSlide,SuckerPunch|Brave||M|||50|]Farigiraf||SitrusBerry|ArmorTail|TrickRoom,TwinBeam,Thunderbolt,HelpingHand|Quiet||F|||50|]Incineroar||WhiteHerb|Intimidate|FakeOut,CloseCombat,FlareBlitz,DarkestLariat|Brave||M|||50|]Torkoal||Charcoal|Drought|HelpingHand,Eruption,HeatWave,WeatherBall|Quiet||M|||50|]Venusaur||FocusSash|Chlorophyll|SleepPowder,EarthPower,EnergyBall,SludgeBomb|Modest||M|||50|]Scrafty||Scraftinite|Intimidate|FakeOut,CloseCombat,KnockOff,IcePunch|Brave||F|||50|
|inactive|Battle timer is ON: inactive players will automatically lose when time's up. (requested by Pelosis)
|
|t:|1784996970
|teamsize|p1|4
|teamsize|p2|4
|start
|switch|p1a: Greninja|Greninja, L50, F|100/100
|switch|p1b: Serperior|Serperior, L50, M|100/100
|switch|p2a: Farigiraf|Farigiraf, L50, F|100/100
|switch|p2b: Venusaur|Venusaur, L50, M|100/100
|turn|1
|inactive|EATSOUL has 30 seconds left.
|inactive|Pelosis has 30 seconds left.
|inactive|EATSOUL has 20 seconds left.
|inactive|Pelosis has 20 seconds left.
|inactive|EATSOUL has 15 seconds left.
|
|t:|1784997014
|switch|p2a: Torkoal|Torkoal, L50, M|100/100
|-weather|SunnyDay|[from] ability: Drought|[of] p2a: Torkoal
|move|p2b: Venusaur|Energy Ball|p1a: Greninja
|-supereffective|p1a: Greninja|1
|-damage|p1a: Greninja|0 fnt
|faint|p1a: Greninja
|move|p1b: Serperior|Knock Off|p2a: Torkoal
|-damage|p2a: Torkoal|81/100
|-enditem|p2a: Torkoal|Charcoal|[from] move: Knock Off|[of] p1b: Serperior
|
|-weather|SunnyDay|[upkeep]
|upkeep
|
|t:|1784997032
|switch|p1a: Pelipper|Pelipper, L50, M|100/100
|-weather|RainDance|[from] ability: Drizzle|[of] p1a: Pelipper
|turn|2
|
|t:|1784997042
|switch|p1a: Goodra|Goodra-Hisui, L50, M|100/100
|switch|p2a: Farigiraf|Farigiraf, L50, F|100/100
|move|p1b: Serperior|Petal Blizzard|p2b: Venusaur|[spread] p2a,p2b
|-ability|p1a: Goodra|Sap Sipper|boost
|-boost|p1a: Goodra|atk|1
|-resisted|p2b: Venusaur|2
|-damage|p2a: Farigiraf|76/100
|-damage|p2b: Venusaur|91/100
|move|p2b: Venusaur|Sleep Powder|p1a: Goodra
|-ability|p1a: Goodra|Sap Sipper|boost
|-boost|p1a: Goodra|atk|1
|
|-weather|RainDance|[upkeep]
|upkeep
|turn|3
|inactive|Pelosis has 30 seconds left.
|
|t:|1784997069
|move|p2a: Farigiraf|Helping Hand|p2b: Venusaur
|-singleturn|p2b: Venusaur|Helping Hand|[of] p2a: Farigiraf
|move|p1b: Serperior|Knock Off|p2a: Farigiraf
|-supereffective|p2a: Farigiraf|1
|-damage|p2a: Farigiraf|26/100
|-enditem|p2a: Farigiraf|Sitrus Berry|[from] move: Knock Off|[of] p1b: Serperior
|move|p2b: Venusaur|Earth Power|p1a: Goodra
|-supereffective|p1a: Goodra|1
|-damage|p1a: Goodra|39/100
|move|p1a: Goodra|Curse|p1a: Goodra
|-unboost|p1a: Goodra|spe|1
|-boost|p1a: Goodra|atk|1
|-boost|p1a: Goodra|def|1
|
|-weather|RainDance|[upkeep]
|-heal|p1a: Goodra|44/100|[from] item: Leftovers
|upkeep
|turn|4
|inactive|EATSOUL has 30 seconds left.
|
|t:|1784997099
|move|p2a: Farigiraf|Helping Hand|p2b: Venusaur
|-singleturn|p2b: Venusaur|Helping Hand|[of] p2a: Farigiraf
|move|p1b: Serperior|Knock Off|p2a: Farigiraf
|-supereffective|p2a: Farigiraf|1
|-damage|p2a: Farigiraf|0 fnt
|faint|p2a: Farigiraf
|move|p2b: Venusaur|Sludge Bomb|p1b: Serperior
|-supereffective|p1b: Serperior|1
|-damage|p1b: Serperior|0 fnt
|faint|p1b: Serperior
|move|p1a: Goodra|Gyro Ball|p2b: Venusaur
|-damage|p2b: Venusaur|0 fnt
|faint|p2b: Venusaur
|
|-weather|RainDance|[upkeep]
|-heal|p1a: Goodra|50/100g|[from] item: Leftovers
|upkeep
|
|t:|1784997116
|switch|p1b: Pelipper|Pelipper, L50, M|100/100
|switch|p2b: Scrafty|Scrafty, L50, F|100/100
|switch|p2a: Torkoal|Torkoal, L50, M|81/100
|-ability|p2b: Scrafty|Intimidate|boost
|-unboost|p1a: Goodra|atk|1
|-unboost|p1b: Pelipper|atk|1
|-weather|SunnyDay|[from] ability: Drought|[of] p2a: Torkoal
|turn|5
|inactive|EATSOUL has 30 seconds left.
|
|t:|1784997147
|detailschange|p2b: Scrafty|Scrafty-Mega, L50, F
|-mega|p2b: Scrafty|Scrafty|Scraftinite
|-ability|p2b: Scrafty|Intimidate|boost
|-unboost|p1a: Goodra|atk|1
|-unboost|p1b: Pelipper|atk|1
|move|p1b: Pelipper|Protect|p1b: Pelipper
|-singleturn|p1b: Pelipper|Protect
|move|p2b: Scrafty|Fake Out|p1a: Goodra
|-resisted|p1a: Goodra|1
|-damage|p1a: Goodra|46/100
|cant|p1a: Goodra|flinch
|move|p2a: Torkoal|Weather Ball|p1a: Goodra
|-damage|p1a: Goodra|3/100
|
|-weather|SunnyDay|[upkeep]
|-heal|p1a: Goodra|9/100|[from] item: Leftovers
|upkeep
|turn|6
|
|t:|1784997171
|move|p1b: Pelipper|Weather Ball|p2a: Torkoal
|-resisted|p2a: Torkoal|1
|-crit|p2a: Torkoal
|-damage|p2a: Torkoal|41/100
|move|p2b: Scrafty|Knock Off|p1a: Goodra
|-damage|p1a: Goodra|0 fnt
|-enditem|p1a: Goodra|Leftovers|[from] move: Knock Off|[of] p2b: Scrafty
|faint|p1a: Goodra
|move|p2a: Torkoal|Weather Ball|p1b: Pelipper
|-resisted|p1b: Pelipper|1
|-damage|p1b: Pelipper|59/100
|
|-weather|SunnyDay|[upkeep]
|upkeep
|turn|7
|c|☆Pelosis|master class
|
|t:|1784997189
|move|p1b: Pelipper|Protect|p1b: Pelipper
|-singleturn|p1b: Pelipper|Protect
|move|p2b: Scrafty|Knock Off|p1b: Pelipper
|-activate|p1b: Pelipper|move: Protect
|move|p2a: Torkoal|Weather Ball|p1b: Pelipper
|-activate|p1b: Pelipper|move: Protect
|
|-weather|SunnyDay|[upkeep]
|upkeep
|turn|8
|c|☆Pelosis|gg
|
|t:|1784997199
|move|p1b: Pelipper|Hurricane|p2b: Scrafty|[miss]
|-miss|p1b: Pelipper|p2b: Scrafty
|move|p2b: Scrafty|Knock Off|p1b: Pelipper
|-damage|p1b: Pelipper|1/100
|-enditem|p1b: Pelipper|Mystic Water|[from] move: Knock Off|[of] p2b: Scrafty
|move|p2a: Torkoal|Weather Ball|p1b: Pelipper
|-resisted|p1b: Pelipper|1
|-damage|p1b: Pelipper|0 fnt
|faint|p1b: Pelipper
|
|win|Pelosis
|raw|EATSOUL's rating: 1042 → 1030(-12 for losing)
|raw|Pelosis's rating: 1136 → 1154(+18 for winning)
