|j|☆Gancelot
|j|☆MYSEEMBENTON
|html|GancelotMYSEEMBENTON    
|uhtml|bestof|Game 1 of a best-of-3
|t:|1783020861
|gametype|doubles
|player|p1|Gancelot|morty|1097
|player|p2|MYSEEMBENTON|169|1027
|gen|9
|tier|[Gen 9 Champions] VGC 2026 Reg M-B (Bo3)
|rated|
|rule|Species Clause: Limit one of each Pokémon
|rule|Item Clause: Limit 1 of each item
|clearpoke
|poke|p1|Charizard, L50, F|
|poke|p1|Mamoswine, L50, M|
|poke|p1|Scrafty, L50, F|
|poke|p1|Toxapex, L50, F|
|poke|p1|Sneasler, L50, F|
|poke|p1|Sinistcha, L50|
|poke|p2|Basculegion, L50, M|
|poke|p2|Grimmsnarl, L50, M|
|poke|p2|Gholdengo, L50|
|poke|p2|Aerodactyl, L50, M|
|poke|p2|Incineroar, L50, M|
|poke|p2|Dragonite, L50, F|
|teampreview|4
|showteam|p1|Charizard||CharizarditeY|Blaze|HeatWave,WeatherBall,Protect,SolarBeam|Modest||F|||50|]Mamoswine||FocusSash|Oblivious|HighHorsepower,IcicleCrash,Protect,IceShard|Adamant||M|||50|]Scrafty||Scraftinite|Intimidate|FakeOut,CloseCombat,KnockOff,Protect|Adamant||F|||50|]Toxapex||Leftovers|Regenerator|BanefulBunker,Toxic,Infestation,WideGuard|Impish||F|||50|]Sneasler||WhiteHerb|Unburden|Protect,FakeOut,CloseCombat,DireClaw|Jolly||F|||50|]Sinistcha||SitrusBerry|Hospitality|Protect,TrickRoom,MatchaGotcha,RagePowder|Relaxed|||||50|
|showteam|p2|Basculegion||ChoiceScarf|Adaptability|WaveCrash,LastRespects,FlipTurn,IceFang|Adamant||M|||50|]Grimmsnarl||LightClay|Prankster|SuckerPunch,SpiritBreak,PartingShot,LightScreen|Adamant||M|||50|]Gholdengo||MetalCoat|GoodasGold|Protect,NastyPlot,MakeItRain,ShadowBall|Modest|||||50|]Aerodactyl||FocusSash|Unnerve|Protect,DualWingbeat,Tailwind,RockSlide|Adamant||M|||50|]Incineroar||SitrusBerry|Intimidate|CloseCombat,DarkestLariat,FakeOut,FlareBlitz|Adamant||M|||50|]Dragonite||Dragoninite|Multiscale|DracoMeteor,IceBeam,HeatWave,Protect|Modest||F|||50|
|inactive|Battle timer is ON: inactive players will automatically lose when time's up. (requested by Gancelot)
|inactive|Gancelot has 60 seconds left.
|inactive|MYSEEMBENTON has 60 seconds left.
|
|t:|1783020911
|teamsize|p1|4
|teamsize|p2|4
|start
|switch|p1a: Sneasler|Sneasler, L50, F|100/100
|switch|p1b: Charizard|Charizard, L50, F|100/100
|switch|p2a: Incineroar|Incineroar, L50, M|100/100
|switch|p2b: Aerodactyl|Aerodactyl, L50, M|100/100
|-ability|p2b: Aerodactyl|Unnerve
|-ability|p2a: Incineroar|Intimidate|boost
|-unboost|p1a: Sneasler|atk|1
|-unboost|p1b: Charizard|atk|1
|-enditem|p1a: Sneasler|White Herb
|-clearnegativeboost|p1a: Sneasler|[silent]
|turn|1
|
|t:|1783020932
|detailschange|p1b: Charizard|Charizard-Mega-Y, L50, F
|-mega|p1b: Charizard|Charizard|Charizardite Y
|-weather|SunnyDay|[from] ability: Drought|[of] p1b: Charizard
|move|p1a: Sneasler|Fake Out|p2b: Aerodactyl
|-resisted|p2b: Aerodactyl|1
|-damage|p2b: Aerodactyl|91/100
|move|p2a: Incineroar|Fake Out|p1b: Charizard
|-damage|p1b: Charizard|86/100
|cant|p2b: Aerodactyl|flinch
|cant|p1b: Charizard|flinch
|
|-weather|SunnyDay|[upkeep]
|upkeep
|turn|2
|inactive|MYSEEMBENTON has 30 seconds left.
|
|t:|1783020959
|switch|p1b: Scrafty|Scrafty, L50, F|100/100
|-ability|p1b: Scrafty|Intimidate|boost
|-unboost|p2a: Incineroar|atk|1
|-unboost|p2b: Aerodactyl|atk|1
|switch|p2a: Basculegion|Basculegion, L50, M|100/100
|move|p1a: Sneasler|Close Combat|p2b: Aerodactyl
|-damage|p2b: Aerodactyl|8/100
|-unboost|p1a: Sneasler|def|1
|-unboost|p1a: Sneasler|spd|1
|move|p2b: Aerodactyl|Rock Slide|p1a: Sneasler|[spread] p1a,p1b
|-resisted|p1a: Sneasler|1
|-resisted|p1b: Scrafty|1
|-damage|p1a: Sneasler|86/100
|-damage|p1b: Scrafty|92/100
|
|-weather|SunnyDay|[upkeep]
|upkeep
|turn|3
|inactive|MYSEEMBENTON has 30 seconds left.
|inactive|MYSEEMBENTON has 20 seconds left.
|inactive|MYSEEMBENTON has 15 seconds left.
|inactive|MYSEEMBENTON has 10 seconds left.
|
|t:|1783021006
|switch|p2b: Incineroar|Incineroar, L50, M|100/100
|-ability|p2b: Incineroar|Intimidate|boost
|-unboost|p1a: Sneasler|atk|1
|-unboost|p1b: Scrafty|atk|1
|move|p1a: Sneasler|Dire Claw|p2b: Incineroar
|-damage|p2b: Incineroar|73/100
|-status|p2b: Incineroar|par
|move|p2a: Basculegion|Flip Turn|p1b: Scrafty
|-damage|p1b: Scrafty|75/100
|
|t:|1783021019
|switch|p2a: Aerodactyl|Aerodactyl, L50, M|8/100|[from] Flip Turn
|-ability|p2a: Aerodactyl|Unnerve
|move|p1b: Scrafty|Knock Off|p2a: Aerodactyl
|-damage|p2a: Aerodactyl|0 fnt
|-enditem|p2a: Aerodactyl|Focus Sash|[from] move: Knock Off|[of] p1b: Scrafty
|faint|p2a: Aerodactyl
|
|-weather|SunnyDay|[upkeep]
|upkeep
|
|t:|1783021033
|switch|p2a: Dragonite|Dragonite, L50, F|100/100
|turn|4
|inactive|Gancelot has 30 seconds left.
|
|t:|1783021060
|switch|p1a: Charizard|Charizard-Mega-Y, L50, F|86/100
|detailschange|p2a: Dragonite|Dragonite-Mega, L50, F
|-mega|p2a: Dragonite|Dragonite|Dragoninite
|move|p2b: Incineroar|Fake Out|p1b: Scrafty
|-damage|p1b: Scrafty|61/100
|move|p2a: Dragonite|Heat Wave|p1b: Scrafty|[spread] p1b
|-miss|p2a: Dragonite|p1a: Charizard
|-damage|p1b: Scrafty|19/100
|cant|p1b: Scrafty|flinch
|
|-weather|SunnyDay|[upkeep]
|upkeep
|turn|5
|
|t:|1783021080
|move|p1b: Scrafty|Protect|p1b: Scrafty
|-singleturn|p1b: Scrafty|Protect
|move|p2a: Dragonite|Heat Wave|p1a: Charizard|[spread] p1a
|-activate|p1b: Scrafty|move: Protect
|-resisted|p1a: Charizard|1
|-damage|p1a: Charizard|66/100
|move|p1a: Charizard|Heat Wave|p2a: Dragonite|[spread] p2a
|-miss|p1a: Charizard|p2b: Incineroar
|-resisted|p2a: Dragonite|1
|-damage|p2a: Dragonite|86/100
|move|p2b: Incineroar|Flare Blitz|p1a: Charizard
|-resisted|p1a: Charizard|1
|-damage|p1a: Charizard|21/100
|-damage|p2b: Incineroar|57/100 par|[from] Recoil
|
|-weather|none
|upkeep
|turn|6
|inactive|MYSEEMBENTON has 30 seconds left.
|
|t:|1783021106
|switch|p1a: Sneasler|Sneasler, L50, F|86/100
|move|p2a: Dragonite|Heat Wave|p1a: Sneasler|[spread] p1a,p1b
|-damage|p1a: Sneasler|45/100
|-damage|p1b: Scrafty|0 fnt
|faint|p1b: Scrafty
|move|p2b: Incineroar|Flare Blitz|p1a: Sneasler
|-damage|p1a: Sneasler|0 fnt
|faint|p1a: Sneasler
|-damage|p2b: Incineroar|42/100 par|[from] Recoil
|-enditem|p2b: Incineroar|Sitrus Berry|[eat]
|-heal|p2b: Incineroar|67/100 par|[from] item: Sitrus Berry
|
|upkeep
|
|t:|1783021118
|switch|p1a: Charizard|Charizard-Mega-Y, L50, F|21/100
|switch|p1b: Mamoswine|Mamoswine, L50, M|100/100
|-weather|SunnyDay|[from] ability: Drought|[of] p1a: Charizard
|turn|7
|
|t:|1783021133
|move|p2a: Dragonite|Protect|p2a: Dragonite
|-singleturn|p2a: Dragonite|Protect
|move|p1a: Charizard|Protect|p1a: Charizard
|-singleturn|p1a: Charizard|Protect
|move|p1b: Mamoswine|High Horsepower|p2b: Incineroar
|-supereffective|p2b: Incineroar|1
|-damage|p2b: Incineroar|0 fnt
|faint|p2b: Incineroar
|
|-weather|SunnyDay|[upkeep]
|upkeep
|
|t:|1783021144
|switch|p2b: Basculegion|Basculegion, L50, M|100/100
|turn|8
|
|t:|1783021156
|move|p1a: Charizard|Protect||[still]
|-fail|p1a: Charizard
|move|p1b: Mamoswine|Ice Shard|p2a: Dragonite
|-supereffective|p2a: Dragonite|2
|-damage|p2a: Dragonite|0 fnt
|faint|p2a: Dragonite
|move|p2b: Basculegion|Last Respects|p1a: Charizard
|-damage|p1a: Charizard|0 fnt
|faint|p1a: Charizard
|
|-weather|SunnyDay|[upkeep]
|upkeep
|turn|9
|
|t:|1783021169
|move|p2b: Basculegion|Last Respects|p1b: Mamoswine
|-enditem|p1b: Mamoswine|Focus Sash
|-damage|p1b: Mamoswine|1/100
|move|p1b: Mamoswine|High Horsepower|p2b: Basculegion
|-damage|p2b: Basculegion|31/100
|
|-weather|SunnyDay|[upkeep]
|upkeep
|turn|10
|
|t:|1783021188
|move|p1b: Mamoswine|Ice Shard|p2b: Basculegion
|-resisted|p2b: Basculegion|1
|-crit|p2b: Basculegion
|-damage|p2b: Basculegion|10/100
|move|p2b: Basculegion|Last Respects|p1b: Mamoswine
|-damage|p1b: Mamoswine|0 fnt
|faint|p1b: Mamoswine
|
|win|MYSEEMBENTON
||Gancelot is ready for game 2.
|l|☆MYSEEMBENTON
|player|p2|
|inactive|MYSEEMBENTON has 30 seconds to confirm battle start!
||MYSEEMBENTON is ready for game 2.
|uhtml|next|Next: Game 2 of 3
