|j|‽jesus.0513
|j|☆hippopotas fritas
|html|jesus.0513hippopotas fritas    
|uhtml|bestof|Game 1 of a best-of-3
|t:|1784285042
|gametype|doubles
|player|p1|jesus.0513|lucas|1052
|player|p2|hippopotas fritas|cheren-gen5bw2|1028
|gen|9
|tier|[Gen 9 Champions] VGC 2026 Reg M-B (Bo3)
|rated|
|rule|Species Clause: Limit one of each Pokémon
|rule|Item Clause: Limit 1 of each item
|clearpoke
|poke|p1|Farigiraf, L50, F|
|poke|p1|Gholdengo, L50|
|poke|p1|Incineroar, L50, M|
|poke|p1|Annihilape, L50, F|
|poke|p1|Sinistcha-Masterpiece, L50|
|poke|p1|Aerodactyl, L50, F|
|poke|p2|Staraptor, L50, F|
|poke|p2|Vanilluxe, L50, M|
|poke|p2|Farigiraf, L50, M|
|poke|p2|Blastoise, L50, F|
|poke|p2|Kingambit, L50, M|
|poke|p2|Camerupt, L50, F|
|teampreview|4
|showteam|p1|Farigiraf||ColburBerry|ArmorTail|Protect,Psychic,DazzlingGleam,Thunderbolt|Modest||F|||50|]Gholdengo||Leftovers|GoodasGold|Protect,FlashCannon,ShadowBall,Thunderbolt|Timid|||||50|]Incineroar||WhiteHerb|Intimidate|CloseCombat,FlareBlitz,FakeOut,PartingShot|Adamant||M|||50|]Annihilape||SitrusBerry|Defiant|DrainPunch,BulkUp,RageFist,Protect|Adamant||F|||50|]Sinistcha-Masterpiece||MentalHerb|Hospitality|RagePowder,MatchaGotcha,ShadowBall,Protect|Modest|||||50|]Aerodactyl||Aerodactylite|Unnerve|DualWingbeat,RockSlide,Tailwind,Protect|Jolly||F|||50|
|showteam|p2|Staraptor||ChoiceScarf|Intimidate|FinalGambit,BraveBird,CloseCombat,Uturn|Jolly||F|||50|]Vanilluxe||NeverMeltIce|SnowWarning|Blizzard,FreezeDry,Protect,IceShard|Quiet||M|||50|]Farigiraf||SitrusBerry|ArmorTail|PsychicFangs,HyperVoice,HelpingHand,TrickRoom|Relaxed||M|||50|]Blastoise||Blastoisinite|RainDish|FakeOut,WaterSpout,AuraSphere,DarkPulse|Quiet||F|||50|]Kingambit||LifeOrb|Defiant|KowtowCleave,IronHead,Protect,SuckerPunch|Brave||M|||50|]Camerupt||Cameruptite|SolidRock|HeatWave,EarthPower,Protect,AncientPower|Quiet||F|||50|
|inactive|Battle timer is ON: inactive players will automatically lose when time's up. (requested by jesus.0513)
|
|t:|1784285077
|teamsize|p1|4
|teamsize|p2|4
|start
|switch|p1a: Farigiraf|Farigiraf, L50, F|100/100
|switch|p1b: Annihilape|Annihilape, L50, F|100/100
|switch|p2a: Farigiraf|Farigiraf, L50, M|100/100
|switch|p2b: Staraptor|Staraptor, L50, F|100/100
|-ability|p2b: Staraptor|Intimidate|boost
|-unboost|p1a: Farigiraf|atk|1
|-unboost|p1b: Annihilape|atk|1
|-ability|p1b: Annihilape|Defiant|boost
|-boost|p1b: Annihilape|atk|2
|turn|1
|inactive|jesus.0513 has 30 seconds left.
|
|t:|1784285103
|switch|p1b: Aerodactyl|Aerodactyl, L50, F|100/100
|-ability|p1b: Aerodactyl|Unnerve
|move|p2b: Staraptor|Brave Bird|p1b: Aerodactyl
|-resisted|p1b: Aerodactyl|1
|-damage|p1b: Aerodactyl|56/100
|-damage|p2b: Staraptor|88/100|[from] Recoil
|move|p1a: Farigiraf|Thunderbolt|p2b: Staraptor
|-supereffective|p2b: Staraptor|1
|-damage|p2b: Staraptor|3/100
|move|p2a: Farigiraf|Trick Room|p2a: Farigiraf
|-fieldstart|move: Trick Room|[of] p2a: Farigiraf
|
|upkeep
|turn|2
|inactive|hippopotas fritas has 30 seconds left.
|inactive|jesus.0513 has 30 seconds left.
|inactive|hippopotas fritas has 20 seconds left.
|inactive|hippopotas fritas has 15 seconds left.
|inactive|hippopotas fritas has 10 seconds left.
|inactive|hippopotas fritas has 5 seconds left.
|
|t:|1784285158
|detailschange|p1b: Aerodactyl|Aerodactyl-Mega, L50, F
|-mega|p1b: Aerodactyl|Aerodactyl|Aerodactylite
|move|p2a: Farigiraf|Psychic Fangs|p1a: Farigiraf
|-resisted|p1a: Farigiraf|1
|-damage|p1a: Farigiraf|86/100
|move|p1a: Farigiraf|Dazzling Gleam|p2a: Farigiraf|[spread] p2a,p2b
|-damage|p2a: Farigiraf|82/100
|-damage|p2b: Staraptor|0 fnt
|faint|p2b: Staraptor
|move|p1b: Aerodactyl|Rock Slide|p2a: Farigiraf
|-damage|p2a: Farigiraf|50/100y
|-enditem|p2a: Farigiraf|Sitrus Berry|[eat]
|-heal|p2a: Farigiraf|75/100|[from] item: Sitrus Berry
|
|upkeep
|inactive|hippopotas fritas has 30 seconds left.
|inactive|hippopotas fritas has 20 seconds left.
|inactive|hippopotas fritas has 15 seconds left.
|inactive|hippopotas fritas has 10 seconds left.
|inactive|hippopotas fritas has 5 seconds left.
|
|t:|1784285213
|switch|p2b: Blastoise|Blastoise, L50, F|100/100
|turn|3
|inactive|hippopotas fritas has 30 seconds left.
|inactive|hippopotas fritas has 20 seconds left.
|inactive|hippopotas fritas has 15 seconds left.
|inactive|hippopotas fritas has 10 seconds left.
|inactive|hippopotas fritas has 5 seconds left.
|
|t:|1784285268
|move|p1b: Aerodactyl|Protect|p1b: Aerodactyl
|-singleturn|p1b: Aerodactyl|Protect
|move|p2b: Blastoise|Fake Out||[still]
|cant|p1a: Farigiraf|ability: Armor Tail|Fake Out|[of] p2b: Blastoise
|move|p2a: Farigiraf|Psychic Fangs|p1a: Farigiraf
|-resisted|p1a: Farigiraf|1
|-damage|p1a: Farigiraf|72/100
|move|p1a: Farigiraf|Thunderbolt|p2b: Blastoise
|-supereffective|p2b: Blastoise|1
|-damage|p2b: Blastoise|40/100
|
|upkeep
|turn|4
|inactive|hippopotas fritas has 30 seconds left.
|inactive|hippopotas fritas has 20 seconds left.
|inactive|hippopotas fritas has 15 seconds left.
|inactive|hippopotas fritas has 10 seconds left.
|inactive|hippopotas fritas has 5 seconds left.
|
|t:|1784285323
|switch|p1b: Gholdengo|Gholdengo, L50|100/100
|move|p2a: Farigiraf|Psychic Fangs|p1a: Farigiraf
|-resisted|p1a: Farigiraf|1
|-damage|p1a: Farigiraf|59/100
|move|p1a: Farigiraf|Thunderbolt|p2b: Blastoise
|-supereffective|p2b: Blastoise|1
|-damage|p2b: Blastoise|0 fnt
|faint|p2b: Blastoise
|
|upkeep
|inactive|hippopotas fritas has 30 seconds left.
|inactive|hippopotas fritas has 20 seconds left.
|inactive|hippopotas fritas has 15 seconds left.
|inactive|hippopotas fritas has 10 seconds left.
|
|t:|1784285371
|switch|p2b: Kingambit|Kingambit, L50, M|100/100
|turn|5
|c|☆hippopotas fritas|sorry a bird flew into my house
|inactive|jesus.0513 has 30 seconds left.
|inactive|jesus.0513 has 20 seconds left.
|
|t:|1784285407
|switch|p1b: Annihilape|Annihilape, L50, F|100/100
|move|p2a: Farigiraf|Helping Hand|p2b: Kingambit
|-singleturn|p2b: Kingambit|Helping Hand|[of] p2a: Farigiraf
|move|p1a: Farigiraf|Protect|p1a: Farigiraf
|-singleturn|p1a: Farigiraf|Protect
|move|p2b: Kingambit|Kowtow Cleave|p1b: Annihilape
|-damage|p1b: Annihilape|0 fnt
|faint|p1b: Annihilape
|-damage|p2b: Kingambit|90/100|[from] item: Life Orb
|
|-fieldend|move: Trick Room
|upkeep
|
|t:|1784285422
|switch|p1b: Aerodactyl|Aerodactyl-Mega, L50, F|56/100
|turn|6
|
|t:|1784285442
|move|p1b: Aerodactyl|Rock Slide|p2b: Kingambit|[spread] p2b
|-miss|p1b: Aerodactyl|p2a: Farigiraf
|-resisted|p2b: Kingambit|1
|-damage|p2b: Kingambit|79/100
|move|p1a: Farigiraf|Dazzling Gleam|p2a: Farigiraf|[spread] p2a,p2b
|-damage|p2a: Farigiraf|55/100
|-damage|p2b: Kingambit|59/100
|cant|p2b: Kingambit|flinch
|move|p2a: Farigiraf|Trick Room|p2a: Farigiraf
|-fieldstart|move: Trick Room|[of] p2a: Farigiraf
|
|upkeep
|turn|7
|
|t:|1784285464
|move|p1a: Farigiraf|Protect|p1a: Farigiraf
|-singleturn|p1a: Farigiraf|Protect
|move|p1b: Aerodactyl|Protect|p1b: Aerodactyl
|-singleturn|p1b: Aerodactyl|Protect
|move|p2b: Kingambit|Kowtow Cleave|p1a: Farigiraf
|-activate|p1a: Farigiraf|move: Protect
|move|p2a: Farigiraf|Psychic Fangs|p1b: Aerodactyl
|-activate|p1b: Aerodactyl|move: Protect
|
|upkeep
|turn|8
|
|t:|1784285483
|move|p2b: Kingambit|Kowtow Cleave|p1a: Farigiraf
|-supereffective|p1a: Farigiraf|1
|-enditem|p1a: Farigiraf|Colbur Berry|[eat]
|-enditem|p1a: Farigiraf|Colbur Berry|[weaken]
|-damage|p1a: Farigiraf|0 fnt
|faint|p1a: Farigiraf
|-damage|p2b: Kingambit|50/100g|[from] item: Life Orb
|move|p2a: Farigiraf|Psychic Fangs|p1b: Aerodactyl
|-damage|p1b: Aerodactyl|17/100
|move|p1b: Aerodactyl|Dual Wingbeat|p2a: Farigiraf
|-damage|p2a: Farigiraf|33/100
|-damage|p2a: Farigiraf|12/100
|-hitcount|p2a: Farigiraf|2
|
|upkeep
|
|t:|1784285498
|switch|p1a: Gholdengo|Gholdengo, L50|100/100
|turn|9
|
|t:|1784285506
|move|p1a: Gholdengo|Protect|p1a: Gholdengo
|-singleturn|p1a: Gholdengo|Protect
|move|p1b: Aerodactyl|Protect|p1b: Aerodactyl
|-singleturn|p1b: Aerodactyl|Protect
|move|p2b: Kingambit|Kowtow Cleave|p1a: Gholdengo
|-activate|p1a: Gholdengo|move: Protect
|move|p2a: Farigiraf|Psychic Fangs|p1b: Aerodactyl
|-activate|p1b: Aerodactyl|move: Protect
|
|upkeep
|turn|10
|inactive|jesus.0513 has 30 seconds left.
|
|t:|1784285538
|move|p2b: Kingambit|Kowtow Cleave|p1a: Gholdengo
|-supereffective|p1a: Gholdengo|1
|-damage|p1a: Gholdengo|0 fnt
|faint|p1a: Gholdengo
|-damage|p2b: Kingambit|40/100|[from] item: Life Orb
|move|p2a: Farigiraf|Psychic Fangs|p1b: Aerodactyl
|-damage|p1b: Aerodactyl|0 fnt
|faint|p1b: Aerodactyl
|
|win|hippopotas fritas
||hippopotas fritas is ready for game 2.
