|j|☆Swift Demise
|j|☆raksbach
|html|Swift Demiseraksbach    
|uhtml|bestof|Game 1 of a best-of-3
|t:|1783691856
|gametype|doubles
|player|p1|Swift Demise|lucas|1052
|player|p2|raksbach|169|1112
|gen|9
|tier|[Gen 9 Champions] VGC 2026 Reg M-B (Bo3)
|rated|
|rule|Species Clause: Limit one of each Pokémon
|rule|Item Clause: Limit 1 of each item
|clearpoke
|poke|p1|Goodra-Hisui, L50, M|
|poke|p1|Sinistcha, L50|
|poke|p1|Incineroar, L50, M|
|poke|p1|Grimmsnarl, L50, M|
|poke|p1|Gengar, L50, F|
|poke|p1|Tyranitar, L50, M|
|poke|p2|Incineroar, L50, M|
|poke|p2|Maushold, L50|
|poke|p2|Sinistcha, L50|
|poke|p2|Sneasler, L50, M|
|poke|p2|Blastoise, L50, M|
|poke|p2|Delphox, L50, M|
|teampreview|4
|showteam|p1|Goodra-Hisui||Leftovers|ShellArmor|Protect,Shelter,BodyPress,KnockOff|Careful||M|||50|]Sinistcha||KasibBerry|Hospitality|Protect,LifeDew,RagePowder,MatchaGotcha|Relaxed|||||50|]Incineroar||SitrusBerry|Intimidate|Protect,DarkestLariat,FakeOut,PartingShot|Impish||M|||50|]Grimmsnarl||LightClay|Prankster|Reflect,LightScreen,PartingShot,SpiritBreak|Careful||M|||50|]Gengar||Gengarite|CursedBody|Protect,ShadowBall,SludgeBomb,Disable|Timid||F|||50|]Tyranitar||Tyranitarite|SandStream|Protect,DragonDance,RockSlide,KnockOff|Adamant||M|||50|
|showteam|p2|Incineroar||SitrusBerry|Intimidate|FakeOut,FlareBlitz,DarkestLariat,PartingShot|Impish||M|||50|]Maushold||ChopleBerry|FriendGuard|SuperFang,FollowMe,Protect,Feint|Impish|||||50|]Sinistcha||OccaBerry|Hospitality|MatchaGotcha,LifeDew,RagePowder,Protect|Bold|||||50|]Sneasler||FocusSash|PoisonTouch|FakeOut,CloseCombat,DireClaw,QuickGuard|Jolly||M|||50|]Blastoise||Blastoisinite|Torrent|WaterSpout,DarkPulse,ShellSmash,Protect|Modest||M|||50|]Delphox||Delphoxite|Blaze|HeatWave,Psychic,NastyPlot,Protect|Timid||M|||50|
|inactive|Battle timer is ON: inactive players will automatically lose when time's up. (requested by raksbach)
|inactive|Swift Demise has 60 seconds left.
|
|t:|1783691897
|teamsize|p1|4
|teamsize|p2|4
|start
|switch|p1a: Grimmsnarl|Grimmsnarl, L50, M|100/100
|switch|p1b: Incineroar|Incineroar, L50, M|100/100
|switch|p2a: Sneasler|Sneasler, L50, M|100/100
|switch|p2b: Incineroar|Incineroar, L50, M|100/100
|-ability|p1b: Incineroar|Intimidate|boost
|-unboost|p2a: Sneasler|atk|1
|-unboost|p2b: Incineroar|atk|1
|-ability|p2b: Incineroar|Intimidate|boost
|-unboost|p1a: Grimmsnarl|atk|1
|-unboost|p1b: Incineroar|atk|1
|turn|1
|inactive|Swift Demise has 30 seconds left.
|
|t:|1783691924
|move|p2b: Incineroar|Fake Out|p1b: Incineroar
|-damage|p1b: Incineroar|95/100
|move|p1a: Grimmsnarl|Reflect|p1a: Grimmsnarl
|-sidestart|p1: Swift Demise|Reflect
|move|p2a: Sneasler|Dire Claw|p1a: Grimmsnarl
|-supereffective|p1a: Grimmsnarl|1
|-damage|p1a: Grimmsnarl|58/100
|-status|p1a: Grimmsnarl|slp
|cant|p1b: Incineroar|flinch
|
|upkeep
|turn|2
|inactive|Swift Demise has 30 seconds left.
|
|t:|1783691952
|cant|p1a: Grimmsnarl|slp
|move|p2a: Sneasler|Dire Claw|p1a: Grimmsnarl
|-supereffective|p1a: Grimmsnarl|1
|-damage|p1a: Grimmsnarl|20/100y slp
|move|p1b: Incineroar|Parting Shot|p2a: Sneasler
|-unboost|p2a: Sneasler|atk|1
|-unboost|p2a: Sneasler|spa|1
|
|t:|1783691962
|switch|p1b: Goodra|Goodra-Hisui, L50, M|100/100|[from] Parting Shot
|move|p2b: Incineroar|Parting Shot|p1b: Goodra
|-unboost|p1b: Goodra|atk|1
|-unboost|p1b: Goodra|spa|1
|
|t:|1783691970
|switch|p2b: Delphox|Delphox, L50, M|100/100|[from] Parting Shot
|
|upkeep
|turn|3
|
|t:|1783691984
|switch|p2a: Incineroar|Incineroar, L50, M|100/100
|-ability|p2a: Incineroar|Intimidate|boost
|-unboost|p1a: Grimmsnarl|atk|1
|-unboost|p1b: Goodra|atk|1
|detailschange|p2b: Delphox|Delphox-Mega, L50, M
|-mega|p2b: Delphox|Delphox|Delphoxite
|move|p2b: Delphox|Protect|p2b: Delphox
|-singleturn|p2b: Delphox|Protect
|cant|p1a: Grimmsnarl|slp
|move|p1b: Goodra|Shelter|p1b: Goodra
|-boost|p1b: Goodra|def|2
|
|upkeep
|turn|4
|inactive|Swift Demise has 30 seconds left.
|
|t:|1783692011
|move|p2a: Incineroar|Fake Out|p1b: Goodra
|-resisted|p1b: Goodra|1
|-damage|p1b: Goodra|98/100
|-curestatus|p1a: Grimmsnarl|slp|[msg]
|move|p1a: Grimmsnarl|Light Screen|p1a: Grimmsnarl
|-sidestart|p1: Swift Demise|move: Light Screen
|move|p2b: Delphox|Nasty Plot|p2b: Delphox
|-boost|p2b: Delphox|spa|2
|cant|p1b: Goodra|flinch
|
|-heal|p1b: Goodra|100/100|[from] item: Leftovers
|upkeep
|turn|5
|
|t:|1783692031
|move|p2b: Delphox|Protect|p2b: Delphox
|-singleturn|p2b: Delphox|Protect
|move|p1a: Grimmsnarl|Parting Shot|p2b: Delphox
|-activate|p2b: Delphox|move: Protect
|move|p1b: Goodra|Shelter|p1b: Goodra
|-boost|p1b: Goodra|def|2
|move|p2a: Incineroar|Parting Shot|p1b: Goodra
|-unboost|p1b: Goodra|atk|1
|-unboost|p1b: Goodra|spa|1
|
|t:|1783692045
|switch|p2a: Sneasler|Sneasler, L50, M|100/100|[from] Parting Shot
|
|upkeep
|turn|6
|
|t:|1783692057
|move|p2a: Sneasler|Fake Out|p1a: Grimmsnarl
|-damage|p1a: Grimmsnarl|10/100
|cant|p1a: Grimmsnarl|flinch
|move|p2b: Delphox|Heat Wave|p1a: Grimmsnarl|[spread] p1a,p1b
|-damage|p1a: Grimmsnarl|0 fnt
|-damage|p1b: Goodra|74/100
|faint|p1a: Grimmsnarl
|move|p1b: Goodra|Shelter|p1b: Goodra
|-boost|p1b: Goodra|def|2
|
|-heal|p1b: Goodra|80/100|[from] item: Leftovers
|upkeep
|
|t:|1783692063
|switch|p1a: Incineroar|Incineroar, L50, M|95/100
|-ability|p1a: Incineroar|Intimidate|boost
|-unboost|p2a: Sneasler|atk|1
|-unboost|p2b: Delphox|atk|1
|turn|7
|inactive|raksbach has 30 seconds left.
|
|t:|1783692090
|move|p2b: Delphox|Protect|p2b: Delphox
|-singleturn|p2b: Delphox|Protect
|move|p2a: Sneasler|Close Combat|p1a: Incineroar
|-supereffective|p1a: Incineroar|1
|-damage|p1a: Incineroar|51/100
|-unboost|p2a: Sneasler|def|1
|-unboost|p2a: Sneasler|spd|1
|move|p1a: Incineroar|Darkest Lariat|p2b: Delphox
|-activate|p2b: Delphox|move: Protect
|move|p1b: Goodra|Body Press|p2b: Delphox
|-activate|p2b: Delphox|move: Protect
|
|-heal|p1b: Goodra|86/100|[from] item: Leftovers
|upkeep
|turn|8
|
|t:|1783692118
|switch|p2b: Incineroar|Incineroar, L50, M|100/100
|-ability|p2b: Incineroar|Intimidate|boost
|-unboost|p1a: Incineroar|atk|1
|-unboost|p1b: Goodra|atk|1
|switch|p2a: Sinistcha|Sinistcha, L50|100/100
|move|p1a: Incineroar|Protect|p1a: Incineroar
|-singleturn|p1a: Incineroar|Protect
|move|p1b: Goodra|Body Press|p2b: Incineroar
|-supereffective|p2b: Incineroar|1
|-damage|p2b: Incineroar|0 fnt
|faint|p2b: Incineroar
|
|-heal|p1b: Goodra|91/100|[from] item: Leftovers
|-sideend|p1: Swift Demise|Reflect
|upkeep
|
|t:|1783692132
|switch|p2b: Sneasler|Sneasler, L50, M|100/100
|turn|9
|
|t:|1783692150
|switch|p2a: Delphox|Delphox-Mega, L50, M|100/100
|switch|p1a: Sinistcha|Sinistcha, L50|100/100
|-heal|p1b: Goodra|100/100|[from] ability: Hospitality|[of] p1a: Sinistcha
|move|p2b: Sneasler|Close Combat|p1a: Sinistcha
|-immune|p1a: Sinistcha
|move|p1b: Goodra|Knock Off|p2a: Delphox
|-supereffective|p2a: Delphox|1
|-damage|p2a: Delphox|86/100
|
|upkeep
|turn|10
|
|t:|1783692170
|switch|p2b: Sinistcha|Sinistcha, L50|100/100
|-heal|p2a: Delphox|100/100|[from] ability: Hospitality|[of] p2b: Sinistcha
|move|p1a: Sinistcha|Protect|p1a: Sinistcha
|-singleturn|p1a: Sinistcha|Protect
|move|p2a: Delphox|Nasty Plot|p2a: Delphox
|-boost|p2a: Delphox|spa|2
|move|p1b: Goodra|Body Press|p2a: Delphox
|-resisted|p2a: Delphox|1
|-damage|p2a: Delphox|55/100
|
|upkeep
|turn|11
|
|t:|1783692189
|switch|p1a: Incineroar|Incineroar, L50, M|51/100
|-ability|p1a: Incineroar|Intimidate|boost
|-unboost|p2a: Delphox|atk|1
|-unboost|p2b: Sinistcha|atk|1
|move|p2b: Sinistcha|Rage Powder|p2b: Sinistcha
|-singleturn|p2b: Sinistcha|move: Rage Powder
|move|p2a: Delphox|Nasty Plot|p2a: Delphox
|-boost|p2a: Delphox|spa|2
|move|p1b: Goodra|Body Press|p2b: Sinistcha
|-immune|p2b: Sinistcha
|
|-sideend|p1: Swift Demise|move: Light Screen
|upkeep
|turn|12
|
|t:|1783692208
|move|p2a: Delphox|Protect|p2a: Delphox
|-singleturn|p2a: Delphox|Protect
|move|p2b: Sinistcha|Life Dew||[still]|[spread] p2a,p2b
|-heal|p2a: Delphox|80/100
|-fail|p2b: Sinistcha|heal
|move|p1a: Incineroar|Darkest Lariat|p2b: Sinistcha
|-supereffective|p2b: Sinistcha|1
|-damage|p2b: Sinistcha|48/100
|move|p1b: Goodra|Knock Off|p2b: Sinistcha
|-supereffective|p2b: Sinistcha|1
|-damage|p2b: Sinistcha|35/100
|-enditem|p2b: Sinistcha|Occa Berry|[from] move: Knock Off|[of] p1b: Goodra
|
|upkeep
|turn|13
|inactive|raksbach has 30 seconds left.
|
|t:|1783692234
|move|p2b: Sinistcha|Rage Powder|p2b: Sinistcha
|-singleturn|p2b: Sinistcha|move: Rage Powder
|move|p2a: Delphox|Heat Wave|p1a: Incineroar|[spread] p1a,p1b
|-resisted|p1a: Incineroar|1
|-damage|p1a: Incineroar|0 fnt
|-damage|p1b: Goodra|33/100
|faint|p1a: Incineroar
|move|p1b: Goodra|Body Press|p2b: Sinistcha
|-immune|p2b: Sinistcha
|
|-heal|p1b: Goodra|39/100|[from] item: Leftovers
|upkeep
|
|t:|1783692240
|switch|p1a: Sinistcha|Sinistcha, L50|100/100
|-heal|p1b: Goodra|64/100|[from] ability: Hospitality|[of] p1a: Sinistcha
|turn|14
|-message|Swift Demise forfeited.
|
|win|raksbach
