|j|☆L4luck
|j|☆cynthia's grippers
|html|L4luckcynthia's grippers    
|uhtml|bestof|Game 3 of a best-of-3
|t:|1783025861
|gametype|doubles
|player|p1|L4luck|265|1107
|player|p2|cynthia's grippers|cynthia|1180
|gen|9
|tier|[Gen 9 Champions] VGC 2026 Reg M-B (Bo3)
|rated|
|rule|Species Clause: Limit one of each Pokémon
|rule|Item Clause: Limit 1 of each item
|clearpoke
|poke|p1|Froslass, L50, F|
|poke|p1|Garchomp, L50, F|
|poke|p1|Milotic, L50, M|
|poke|p1|Whimsicott, L50, M|
|poke|p1|Sneasler, L50, F|
|poke|p1|Volcarona, L50, F|
|poke|p2|Klefki, L50, F|
|poke|p2|Overqwil, L50, M|
|poke|p2|Meowstic, L50, M|
|poke|p2|Sneasler, L50, M|
|poke|p2|Delphox, L50, F|
|poke|p2|Sableye, L50, M|
|teampreview|4
|showteam|p1|Froslass||Froslassite|SnowCloak|Blizzard,Thunderbolt,ShadowBall,Protect|Timid||F|||50|]Garchomp||LifeOrb|RoughSkin|StompingTantrum,DragonClaw,RockSlide,Protect|Jolly||F|||50|]Milotic||Leftovers|Competitive|MuddyWater,IcyWind,Protect,LifeDew|Modest||M|||50|]Whimsicott||FocusSash|Prankster|Moonblast,Tailwind,Encore,StunSpore|Bold||M|||50|]Sneasler||WhiteHerb|Unburden|CloseCombat,DireClaw,FakeOut,Protect|Adamant||F|||50|]Volcarona||SitrusBerry|FlameBody|FireBlast,BugBuzz,Protect,StruggleBug|Timid||F|||50|
|showteam|p2|Klefki||SitrusBerry|Prankster|DrainingKiss,CalmMind,Substitute,PsychUp|Bold||F|||50|]Overqwil||Leftovers|Intimidate|BarbBarrage,Stockpile,Minimize,Protect|Impish||M|||50|]Meowstic||BrightPowder|Prankster|Yawn,SkillSwap,SunnyDay,FakeOut|Bold||M|||50|]Sneasler||FocusSash|PoisonTouch|PoisonJab,CloseCombat,QuickGuard,FakeOut|Jolly||M|||50|]Delphox||Delphoxite|Blaze|HeatWave,StoredPower,PsychUp,Protect|Timid||F|||50|]Sableye||Sablenite|Prankster|FoulPlay,DarkPulse,PainSplit,PsychUp|Sassy||M|||50|
|
|t:|1783025896
|teamsize|p1|4
|teamsize|p2|4
|start
|switch|p1a: Sneasler|Sneasler, L50, F|100/100
|switch|p1b: Garchomp|Garchomp, L50, F|100/100
|switch|p2a: Overqwil|Overqwil, L50, M|100/100
|switch|p2b: Meowstic|Meowstic, L50, M|100/100
|-ability|p2a: Overqwil|Intimidate|boost
|-unboost|p1a: Sneasler|atk|1
|-unboost|p1b: Garchomp|atk|1
|-enditem|p1a: Sneasler|White Herb
|-clearnegativeboost|p1a: Sneasler|[silent]
|turn|1
|
|t:|1783025933
|move|p2a: Overqwil|Protect|p2a: Overqwil
|-singleturn|p2a: Overqwil|Protect
|move|p1a: Sneasler|Fake Out|p2b: Meowstic
|-damage|p2b: Meowstic|85/100
|cant|p2b: Meowstic|flinch
|move|p1b: Garchomp|Stomping Tantrum|p2a: Overqwil
|-activate|p2a: Overqwil|move: Protect
|
|upkeep
|turn|2
|
|t:|1783025964
|switch|p1b: Milotic|Milotic, L50, M|100/100
|move|p2b: Meowstic|Skill Swap|p2a: Overqwil
|-activate|p2b: Meowstic|Skill Swap|||[of] p2a: Overqwil
|-ability|p2b: Meowstic|Intimidate|boost
|-unboost|p1a: Sneasler|atk|1
|-unboost|p1b: Milotic|atk|1
|-ability|p1b: Milotic|Competitive|boost
|-boost|p1b: Milotic|spa|2
|move|p2a: Overqwil|Stockpile|p2a: Overqwil
|-start|p2a: Overqwil|stockpile1
|-boost|p2a: Overqwil|def|1
|-boost|p2a: Overqwil|spd|1
|move|p1a: Sneasler|Close Combat|p2a: Overqwil
|-damage|p2a: Overqwil|71/100
|-unboost|p1a: Sneasler|def|1
|-unboost|p1a: Sneasler|spd|1
|
|-heal|p2a: Overqwil|78/100|[from] item: Leftovers
|upkeep
|turn|3
|
|t:|1783025983
|switch|p1a: Garchomp|Garchomp, L50, F|100/100
|move|p2a: Overqwil|Stockpile|p2a: Overqwil
|-start|p2a: Overqwil|stockpile2
|-boost|p2a: Overqwil|def|1
|-boost|p2a: Overqwil|spd|1
|move|p2b: Meowstic|Sunny Day|p2b: Meowstic
|-weather|SunnyDay
|move|p1b: Milotic|Muddy Water|p2b: Meowstic|[spread] p2a,p2b
|-damage|p2a: Overqwil|60/100
|-damage|p2b: Meowstic|49/100
|-unboost|p2b: Meowstic|accuracy|1
|
|-weather|SunnyDay|[upkeep]
|-heal|p2a: Overqwil|66/100|[from] item: Leftovers
|upkeep
|turn|4
|
|t:|1783026001
|move|p2a: Overqwil|Minimize|p2a: Overqwil
|-boost|p2a: Overqwil|evasion|2
|move|p1a: Garchomp|Stomping Tantrum|p2a: Overqwil|[miss]
|-miss|p1a: Garchomp|p2a: Overqwil
|move|p2b: Meowstic|Yawn|p1b: Milotic
|-start|p1b: Milotic|move: Yawn|[of] p2b: Meowstic
|move|p1b: Milotic|Icy Wind|p2b: Meowstic|[spread] p2a,p2b
|-damage|p2a: Overqwil|52/100
|-damage|p2b: Meowstic|21/100
|-unboost|p2a: Overqwil|spe|1
|-unboost|p2b: Meowstic|spe|1
|
|-weather|SunnyDay|[upkeep]
|-heal|p2a: Overqwil|58/100|[from] item: Leftovers
|upkeep
|turn|5
|
|t:|1783026018
|move|p2a: Overqwil|Minimize|p2a: Overqwil
|-boost|p2a: Overqwil|evasion|2
|move|p1a: Garchomp|Stomping Tantrum|p2a: Overqwil
|-supereffective|p2a: Overqwil|1
|-damage|p2a: Overqwil|0 fnt
|faint|p2a: Overqwil
|-damage|p1a: Garchomp|90/100|[from] item: Life Orb
|move|p1b: Milotic|Muddy Water|p2b: Meowstic|[miss]
|-miss|p1b: Milotic|p2b: Meowstic
|move|p2b: Meowstic|Yawn|p1a: Garchomp
|-start|p1a: Garchomp|move: Yawn|[of] p2b: Meowstic
|
|-weather|SunnyDay|[upkeep]
|-end|p1b: Milotic|move: Yawn|[silent]
|-status|p1b: Milotic|slp
|upkeep
|
|t:|1783026025
|switch|p2a: Klefki|Klefki, L50, F|100/100
|turn|6
|
|t:|1783026040
|switch|p1a: Sneasler|Sneasler, L50, F|100/100
|switch|p2a: Sableye|Sableye, L50, M|100/100
|cant|p1b: Milotic|slp
|move|p2b: Meowstic|Yawn|p1a: Sneasler
|-start|p1a: Sneasler|move: Yawn|[of] p2b: Meowstic
|
|-weather|SunnyDay|[upkeep]
|upkeep
|turn|7
|
|t:|1783026053
|switch|p2b: Klefki|Klefki, L50, F|100/100
|detailschange|p2a: Sableye|Sableye-Mega, L50, M
|-mega|p2a: Sableye|Sableye|Sablenite
|move|p1a: Sneasler|Fake Out|p2b: Klefki
|-resisted|p2b: Klefki|1
|-damage|p2b: Klefki|93/100
|-curestatus|p1b: Milotic|slp|[msg]
|move|p1b: Milotic|Icy Wind|p2a: Sableye|[spread] p2a,p2b
|-resisted|p2b: Klefki|1
|-damage|p2a: Sableye|78/100
|-damage|p2b: Klefki|77/100
|-unboost|p2a: Sableye|spe|1
|-unboost|p2b: Klefki|spe|1
|move|p2a: Sableye|Dark Pulse|p1a: Sneasler
|-resisted|p1a: Sneasler|1
|-damage|p1a: Sneasler|84/100
|
|-weather|none
|-end|p1a: Sneasler|move: Yawn|[silent]
|-status|p1a: Sneasler|slp
|upkeep
|turn|8
|
|t:|1783026067
|switch|p1a: Garchomp|Garchomp, L50, F|90/100
|move|p2b: Klefki|Calm Mind|p2b: Klefki
|-boost|p2b: Klefki|spa|1
|-boost|p2b: Klefki|spd|1
|move|p1b: Milotic|Muddy Water|p2a: Sableye|[spread] p2b
|-miss|p1b: Milotic|p2a: Sableye
|-damage|p2b: Klefki|31/100
|-enditem|p2b: Klefki|Sitrus Berry|[eat]
|-heal|p2b: Klefki|56/100|[from] item: Sitrus Berry
|move|p2a: Sableye|Pain Split|p1b: Milotic
|-sethp|p1b: Milotic|80/100|[from] move: Pain Split|[silent]
|-sethp|p2a: Sableye|100/100|[from] move: Pain Split
|
|-heal|p1b: Milotic|86/100|[from] item: Leftovers
|upkeep
|turn|9
|
|t:|1783026089
|move|p1a: Garchomp|Stomping Tantrum|p2b: Klefki
|-supereffective|p2b: Klefki|1
|-damage|p2b: Klefki|0 fnt
|faint|p2b: Klefki
|-damage|p1a: Garchomp|80/100|[from] item: Life Orb
|move|p1b: Milotic|Muddy Water|p2a: Sableye
|-damage|p2a: Sableye|34/100
|move|p2a: Sableye|Foul Play|p1a: Garchomp
|-damage|p1a: Garchomp|29/100
|-damage|p2a: Sableye|22/100|[from] ability: Rough Skin|[of] p1a: Garchomp
|
|-heal|p1b: Milotic|92/100|[from] item: Leftovers
|upkeep
|-message|cynthia's grippers forfeited.
|
|win|L4luck
|raw|L4luck's rating: 1107 → 1137(+30 for winning)
|raw|cynthia's grippers's rating: 1180 → 1150(-30 for losing)
|c|☆L4luck|gg
|l|☆cynthia's grippers
|player|p2|
|c|☆L4luck|this Strat was a lil scary
|l|☆L4luck
|player|p1|
|j|☆L4luck
|player|p1|L4luck|265|
