|j|☆gallium1005
|j|☆vglabmty
|html|gallium1005vglabmty    
|uhtml|bestof|Game 3 of a best-of-3
|t:|1784326040
|gametype|doubles
|player|p1|gallium1005|hilbert|1164
|player|p2|vglabmty|scientist|1146
|gen|9
|tier|[Gen 9 Champions] VGC 2026 Reg M-B (Bo3)
|rated|
|rule|Species Clause: Limit one of each Pokémon
|rule|Item Clause: Limit 1 of each item
|clearpoke
|poke|p1|Swampert, L50, M|
|poke|p1|Archaludon, L50, F|
|poke|p1|Pelipper, L50, M|
|poke|p1|Sneasler, L50, F|
|poke|p1|Floette-Eternal, L50, F|
|poke|p1|Sinistcha, L50|
|poke|p2|Tyranitar, L50, M|
|poke|p2|Rotom-Mow, L50|
|poke|p2|Farigiraf, L50, M|
|poke|p2|Sneasler, L50, F|
|poke|p2|Houndstone, L50, F|
|poke|p2|Scizor, L50, F|
|teampreview|4
|showteam|p1|Swampert||Swampertite|Torrent|WaveCrash,Earthquake,KnockOff,Protect|Adamant||M|||50|]Archaludon||Leftovers|Stamina|ElectroShot,DragonPulse,FlashCannon,Protect|Modest||F|||50|]Pelipper||FocusSash|Drizzle|Tailwind,Hurricane,WeatherBall,Protect|Timid||M|||50|]Sneasler||WhiteHerb|Unburden|FakeOut,DireClaw,CloseCombat,Protect|Jolly||F|||50|]Floette-Eternal||Floettite|FlowerVeil|DrainingKiss,DazzlingGleam,CalmMind,Protect|Modest||F|||50|]Sinistcha||SitrusBerry|Hospitality|MatchaGotcha,RagePowder,TrickRoom,Protect|Bold|||||50|
|showteam|p2|Tyranitar||Tyranitarite|SandStream|Protect,DragonDance,Crunch,RockSlide|Adamant||M|||50|]Rotom-Mow||Leftovers|Levitate|WillOWisp,Electroweb,LeafStorm,Protect|Calm|||||50|]Farigiraf||SitrusBerry|ArmorTail|HelpingHand,TrickRoom,TwinBeam,Thunderbolt|Quiet||M|||50|]Sneasler||WhiteHerb|Unburden|FakeOut,DireClaw,CloseCombat,ThroatChop|Adamant||F|||50|]Houndstone||ColburBerry|SandRush|Protect,LastRespects,ShadowSneak,IceFang|Adamant||F|||50|]Scizor||LifeOrb|Technician|Protect,BulletPunch,BugBite,DualWingbeat|Brave||F|||50|
|inactive|Battle timer is ON: inactive players will automatically lose when time's up. (requested by vglabmty)
|inactive|gallium1005 has 60 seconds left.
|
|t:|1784326073
|teamsize|p1|4
|teamsize|p2|4
|start
|switch|p1a: Swampert|Swampert, L50, M|100/100
|switch|p1b: Sneasler|Sneasler, L50, F|100/100
|switch|p2a: Farigiraf|Farigiraf, L50, M|100/100
|switch|p2b: Sneasler|Sneasler, L50, F|100/100
|turn|1
|inactive|gallium1005 has 30 seconds left.
|inactive|gallium1005 has 20 seconds left.
|
|t:|1784326110
|move|p1b: Sneasler|Protect|p1b: Sneasler
|-singleturn|p1b: Sneasler|Protect
|move|p1a: Swampert|Protect|p1a: Swampert
|-singleturn|p1a: Swampert|Protect
|move|p2b: Sneasler|Fake Out|p1a: Swampert
|-activate|p1a: Swampert|move: Protect
|move|p2a: Farigiraf|Trick Room|p2a: Farigiraf
|-fieldstart|move: Trick Room|[of] p2a: Farigiraf
|
|upkeep
|turn|2
|c|☆vglabmty|hurry up
|
|t:|1784326131
|switch|p2b: Rotom|Rotom-Mow, L50|100/100
|switch|p1b: Pelipper|Pelipper, L50, M|100/100
|-weather|RainDance|[from] ability: Drizzle|[of] p1b: Pelipper
|move|p2a: Farigiraf|Twin Beam|p1b: Pelipper
|-damage|p1b: Pelipper|62/100
|-damage|p1b: Pelipper|27/100
|-hitcount|p1b: Pelipper|2
|move|p1a: Swampert|Earthquake|p2b: Rotom|[spread] p2a
|-immune|p1b: Pelipper
|-immune|p2b: Rotom|[from] ability: Levitate
|-damage|p2a: Farigiraf|57/100
|
|-weather|RainDance|[upkeep]
|upkeep
|turn|3
|
|t:|1784326149
|move|p1a: Swampert|Protect|p1a: Swampert
|-singleturn|p1a: Swampert|Protect
|move|p1b: Pelipper|Protect|p1b: Pelipper
|-singleturn|p1b: Pelipper|Protect
|move|p2a: Farigiraf|Twin Beam|p1b: Pelipper
|-activate|p1b: Pelipper|move: Protect
|move|p2b: Rotom|Leaf Storm|p1a: Swampert
|-activate|p1a: Swampert|move: Protect
|
|-weather|RainDance|[upkeep]
|upkeep
|turn|4
|
|t:|1784326167
|switch|p1a: Archaludon|Archaludon, L50, F|100/100
|switch|p1b: Sneasler|Sneasler, L50, F|100/100
|move|p2a: Farigiraf|Thunderbolt|p1b: Sneasler
|-damage|p1b: Sneasler|58/100
|move|p2b: Rotom|Will-O-Wisp|p1a: Archaludon|[miss]
|-miss|p2b: Rotom|p1a: Archaludon
|
|-weather|RainDance|[upkeep]
|upkeep
|turn|5
|inactive|gallium1005 has 30 seconds left.
|
|t:|1784326202
|switch|p2b: Tyranitar|Tyranitar, L50, M|100/100
|-weather|Sandstorm|[from] ability: Sand Stream|[of] p2b: Tyranitar
|move|p1a: Archaludon|Protect|p1a: Archaludon
|-singleturn|p1a: Archaludon|Protect
|move|p1b: Sneasler|Protect|p1b: Sneasler
|-singleturn|p1b: Sneasler|Protect
|move|p2a: Farigiraf|Thunderbolt|p1a: Archaludon
|-activate|p1a: Archaludon|move: Protect
|
|-weather|Sandstorm|[upkeep]
|-damage|p2a: Farigiraf|51/100|[from] Sandstorm
|-damage|p1b: Sneasler|52/100|[from] Sandstorm
|-fieldend|move: Trick Room
|upkeep
|turn|6
|inactive|gallium1005 has 30 seconds left.
|inactive|gallium1005 has 20 seconds left.
|inactive|gallium1005 has 15 seconds left.
|
|t:|1784326245
|move|p2b: Tyranitar|Protect|p2b: Tyranitar
|-singleturn|p2b: Tyranitar|Protect
|move|p1b: Sneasler|Close Combat|p2a: Farigiraf
|-damage|p2a: Farigiraf|0 fnt
|-unboost|p1b: Sneasler|def|1
|-unboost|p1b: Sneasler|spd|1
|faint|p2a: Farigiraf
|-enditem|p1b: Sneasler|White Herb
|-clearnegativeboost|p1b: Sneasler|[silent]
|move|p1a: Archaludon|Flash Cannon|p2b: Tyranitar
|-activate|p2b: Tyranitar|move: Protect
|
|-weather|Sandstorm|[upkeep]
|-damage|p1b: Sneasler|47/100|[from] Sandstorm
|upkeep
|
|t:|1784326260
|switch|p2a: Sneasler|Sneasler, L50, F|100/100
|turn|7
|
|t:|1784326276
|move|p1b: Sneasler|Protect|p1b: Sneasler
|-singleturn|p1b: Sneasler|Protect
|move|p1a: Archaludon|Protect|p1a: Archaludon
|-singleturn|p1a: Archaludon|Protect
|move|p2a: Sneasler|Fake Out|p1b: Sneasler
|-activate|p1b: Sneasler|move: Protect
|move|p2b: Tyranitar|Crunch|p1b: Sneasler
|-activate|p1b: Sneasler|move: Protect
|
|-weather|Sandstorm|[upkeep]
|-damage|p1b: Sneasler|41/100|[from] Sandstorm
|-damage|p2a: Sneasler|94/100|[from] Sandstorm
|upkeep
|turn|8
|inactive|gallium1005 has 30 seconds left.
|inactive|gallium1005 has 20 seconds left.
|inactive|gallium1005 has 15 seconds left.
|
|t:|1784326316
|move|p2b: Tyranitar|Protect|p2b: Tyranitar
|-singleturn|p2b: Tyranitar|Protect
|move|p1b: Sneasler|Close Combat|p2a: Sneasler
|-resisted|p2a: Sneasler|1
|-damage|p2a: Sneasler|37/100
|-unboost|p1b: Sneasler|def|1
|-unboost|p1b: Sneasler|spd|1
|move|p2a: Sneasler|Close Combat|p1b: Sneasler
|-resisted|p1b: Sneasler|1
|-damage|p1b: Sneasler|0 fnt
|-unboost|p2a: Sneasler|def|1
|-unboost|p2a: Sneasler|spd|1
|faint|p1b: Sneasler
|-enditem|p2a: Sneasler|White Herb
|-clearnegativeboost|p2a: Sneasler|[silent]
|move|p1a: Archaludon|Dragon Pulse|p2a: Sneasler
|-damage|p2a: Sneasler|0 fnt
|faint|p2a: Sneasler
|
|-weather|Sandstorm|[upkeep]
|upkeep
|
|t:|1784326333
|switch|p1b: Pelipper|Pelipper, L50, M|27/100
|switch|p2a: Rotom|Rotom-Mow, L50|100/100
|-weather|RainDance|[from] ability: Drizzle|[of] p1b: Pelipper
|turn|9
|
|t:|1784326347
|switch|p1b: Swampert|Swampert, L50, M|100/100
|detailschange|p2b: Tyranitar|Tyranitar-Mega, L50, M
|-mega|p2b: Tyranitar|Tyranitar|Tyranitarite
|-weather|Sandstorm|[from] ability: Sand Stream|[of] p2b: Tyranitar
|move|p2a: Rotom|Will-O-Wisp|p1a: Archaludon|[miss]
|-miss|p2a: Rotom|p1a: Archaludon
|move|p2b: Tyranitar|Dragon Dance|p2b: Tyranitar
|-boost|p2b: Tyranitar|atk|1
|-boost|p2b: Tyranitar|spe|1
|move|p1a: Archaludon|Flash Cannon|p2b: Tyranitar
|-supereffective|p2b: Tyranitar|1
|-damage|p2b: Tyranitar|58/100
|
|-weather|Sandstorm|[upkeep]
|-damage|p2a: Rotom|94/100|[from] Sandstorm
|-heal|p2a: Rotom|100/100|[from] item: Leftovers
|upkeep
|turn|10
|inactive|gallium1005 has 30 seconds left.
|inactive|vglabmty has 30 seconds left.
|inactive|gallium1005 has 20 seconds left.
|
|t:|1784326383
|switch|p1b: Pelipper|Pelipper, L50, M|27/100
|-weather|RainDance|[from] ability: Drizzle|[of] p1b: Pelipper
|move|p2b: Tyranitar|Protect|p2b: Tyranitar
|-singleturn|p2b: Tyranitar|Protect
|move|p2a: Rotom|Leaf Storm|p1b: Pelipper
|-crit|p1b: Pelipper
|-damage|p1b: Pelipper|0 fnt
|-unboost|p2a: Rotom|spa|2
|faint|p1b: Pelipper
|move|p1a: Archaludon|Electro Shot||[still]
|-prepare|p1a: Archaludon|Electro Shot
|-boost|p1a: Archaludon|spa|1
|-anim|p1a: Archaludon|Electro Shot|p2b: Tyranitar
|-activate|p2b: Tyranitar|move: Protect
|
|-weather|RainDance|[upkeep]
|upkeep
|
|t:|1784326399
|switch|p1b: Swampert|Swampert, L50, M|100/100
|turn|11
|inactive|vglabmty has 30 seconds left.
|
|t:|1784326424
|detailschange|p1b: Swampert|Swampert-Mega, L50, M
|-mega|p1b: Swampert|Swampert|Swampertite
|move|p1b: Swampert|Wave Crash|p2b: Tyranitar
|-supereffective|p2b: Tyranitar|1
|-damage|p2b: Tyranitar|0 fnt
|faint|p2b: Tyranitar
|-damage|p1b: Swampert|80/100|[from] Recoil
|move|p2a: Rotom|Leaf Storm|p1b: Swampert|[miss]
|-miss|p2a: Rotom|p1b: Swampert
|move|p1a: Archaludon|Electro Shot||[still]
|-prepare|p1a: Archaludon|Electro Shot
|-boost|p1a: Archaludon|spa|1
|-anim|p1a: Archaludon|Electro Shot|p2a: Rotom
|-resisted|p2a: Rotom|2
|-damage|p2a: Rotom|76/100
|
|-weather|RainDance|[upkeep]
|-heal|p2a: Rotom|81/100|[from] item: Leftovers
|upkeep
|turn|12
|c|☆vglabmty|hax
|-message|vglabmty forfeited.
|raw|gallium1005's rating: 1164 → 1188(+24 for winning)
|raw|vglabmty's rating: 1146 → 1122(-24 for losing)
|
|win|gallium1005
|l|☆vglabmty
|player|p2|
|c|☆gallium1005|gg
