|j|☆Lorido
|j|☆imsochove
|html|Loridoimsochove    
|uhtml|bestof|Game 1 of a best-of-3
|t:|1784652999
|gametype|doubles
|player|p1|Lorido|101|1164
|player|p2|imsochove|169|1199
|gen|9
|tier|[Gen 9 Champions] VGC 2026 Reg M-B (Bo3)
|rated|
|rule|Species Clause: Limit one of each Pokémon
|rule|Item Clause: Limit 1 of each item
|clearpoke
|poke|p1|Aerodactyl, L50, F|
|poke|p1|Kingambit, L50, F|
|poke|p1|Sylveon, L50, M|
|poke|p1|Charizard, L50, F|
|poke|p1|Garchomp, L50, F|
|poke|p1|Farigiraf, L50, F|
|poke|p2|Blaziken, L50, F|
|poke|p2|Kingambit, L50, F|
|poke|p2|Dragonite, L50, F|
|poke|p2|Froslass, L50, F|
|poke|p2|Toxapex, L50, F|
|poke|p2|Sneasler, L50, F|
|teampreview|4
|showteam|p1|Aerodactyl||Aerodactylite|Unnerve|RockSlide,DualWingbeat,IceFang,Tailwind|Jolly||F|||50|]Kingambit||BlackGlasses|Defiant|KowtowCleave,IronHead,SuckerPunch,LowKick|Jolly||F|||50|]Sylveon||FairyFeather|Pixilate|HyperVoice,QuickAttack,HyperBeam,Detect|Modest||M|||50|]Charizard||CharizarditeY|Blaze|HeatWave,WeatherBall,SolarBeam,Protect|Modest||F|||50|]Garchomp||LifeOrb|RoughSkin|DragonClaw,Earthquake,RockSlide,Protect|Jolly||F|||50|]Farigiraf||SitrusBerry|ArmorTail|TwinBeam,Thunderbolt,TrickRoom,HelpingHand|Relaxed||F|||50|
|showteam|p2|Blaziken||Blazikenite|SpeedBoost|CloseCombat,FlareBlitz,RockSlide,Protect|Adamant||F|||50|]Kingambit||BlackGlasses|Defiant|KowtowCleave,SuckerPunch,SwordsDance,Protect|Adamant||F|||50|]Dragonite||LifeOrb|InnerFocus|DragonClaw,ExtremeSpeed,LowKick,Protect|Adamant||F|||50|]Froslass||Froslassite|SnowCloak|Blizzard,ShadowBall,AuroraVeil,Protect|Timid||F|||50|]Toxapex||Leftovers|Regenerator|Infestation,Toxic,WideGuard,BanefulBunker|Bold||F|||50|]Sneasler||FocusSash|PoisonTouch|PoisonJab,CloseCombat,FakeOut,Protect|Jolly||F|||50|
|inactive|Battle timer is ON: inactive players will automatically lose when time's up. (requested by Lorido)
|inactive|Lorido has 60 seconds left.
|inactive|imsochove has 60 seconds left.
|
|t:|1784653053
|teamsize|p1|4
|teamsize|p2|4
|start
|switch|p1a: Charizard|Charizard, L50, F|100/100
|switch|p1b: Farigiraf|Farigiraf, L50, F|100/100
|switch|p2a: Toxapex|Toxapex, L50, F|100/100
|switch|p2b: Froslass|Froslass, L50, F|100/100
|turn|1
|
|t:|1784653070
|switch|p2b: Dragonite|Dragonite, L50, F|100/100
|switch|p1a: Kingambit|Kingambit, L50, F|100/100
|move|p1b: Farigiraf|Twin Beam|p2a: Toxapex
|-supereffective|p2a: Toxapex|1
|-damage|p2a: Toxapex|75/100
|-supereffective|p2a: Toxapex|1
|-damage|p2a: Toxapex|49/100
|-hitcount|p2a: Toxapex|2
|move|p2a: Toxapex|Toxic|p1b: Farigiraf
|-status|p1b: Farigiraf|tox
|
|-heal|p2a: Toxapex|54/100|[from] item: Leftovers
|-damage|p1b: Farigiraf|93/100 tox|[from] psn
|upkeep
|turn|2
|inactive|Lorido has 30 seconds left.
|inactive|imsochove has 30 seconds left.
|
|t:|1784653102
|switch|p1a: Charizard|Charizard, L50, F|100/100
|move|p2a: Toxapex|Baneful Bunker|p2a: Toxapex
|-singleturn|p2a: Toxapex|move: Protect
|move|p2b: Dragonite|Dragon Claw|p1b: Farigiraf
|-damage|p1b: Farigiraf|44/100 tox
|-enditem|p1b: Farigiraf|Sitrus Berry|[eat]
|-heal|p1b: Farigiraf|69/100 tox|[from] item: Sitrus Berry
|-damage|p2b: Dragonite|90/100|[from] item: Life Orb
|move|p1b: Farigiraf|Thunderbolt|p2b: Dragonite
|-damage|p2b: Dragonite|69/100
|
|-heal|p2a: Toxapex|60/100|[from] item: Leftovers
|-damage|p1b: Farigiraf|57/100 tox|[from] psn
|upkeep
|turn|3
|inactive|Lorido has 30 seconds left.
|inactive|imsochove has 30 seconds left.
|inactive|Lorido has 20 seconds left.
|inactive|imsochove has 20 seconds left.
|inactive|Lorido has 15 seconds left.
|inactive|imsochove has 15 seconds left.
|
|t:|1784653144
|-heal|p2a: Toxapex|93/100|[from] ability: Regenerator|[silent]
|switch|p2a: Sneasler|Sneasler, L50, F|100/100
|detailschange|p1a: Charizard|Charizard-Mega-Y, L50, F
|-mega|p1a: Charizard|Charizard|Charizardite Y
|-weather|SunnyDay|[from] ability: Drought|[of] p1a: Charizard
|move|p1a: Charizard|Weather Ball|p2b: Dragonite
|-resisted|p2b: Dragonite|1
|-damage|p2b: Dragonite|30/100
|move|p2b: Dragonite|Dragon Claw|p1b: Farigiraf
|-damage|p1b: Farigiraf|10/100 tox
|-damage|p2b: Dragonite|21/100|[from] item: Life Orb
|move|p1b: Farigiraf|Twin Beam|p2a: Sneasler
|-supereffective|p2a: Sneasler|2
|-damage|p2a: Sneasler|7/100
|-supereffective|p2a: Sneasler|2
|-damage|p2a: Sneasler|0 fnt
|faint|p2a: Sneasler
|-hitcount|p2: Sneasler|2
|
|-weather|SunnyDay|[upkeep]
|-damage|p1b: Farigiraf|0 fnt|[from] psn
|faint|p1b: Farigiraf
|upkeep
|
|t:|1784653168
|switch|p2a: Froslass|Froslass, L50, F|100/100
|switch|p1b: Kingambit|Kingambit, L50, F|100/100
|turn|4
|
|t:|1784653187
|detailschange|p2a: Froslass|Froslass-Mega, L50, F
|-mega|p2a: Froslass|Froslass|Froslassite
|-weather|Snowscape|[from] ability: Snow Warning|[of] p2a: Froslass
|move|p1b: Kingambit|Sucker Punch|p2b: Dragonite
|-damage|p2b: Dragonite|0 fnt
|faint|p2b: Dragonite
|move|p2a: Froslass|Aurora Veil|p2a: Froslass
|-sidestart|p2: imsochove|move: Aurora Veil
|move|p1a: Charizard|Heat Wave|p2a: Froslass
|-supereffective|p2a: Froslass|1
|-damage|p2a: Froslass|19/100
|
|-weather|Snowscape|[upkeep]
|upkeep
|
|t:|1784653193
|switch|p2b: Toxapex|Toxapex, L50, F|93/100
|turn|5
|-message|imsochove forfeited.
|raw|Lorido's rating: 1164 → 1192(+28 for winning)
|raw|imsochove's rating: 1199 → 1171(-28 for losing)
|
|win|Lorido
