|j|☆Poopylad
|j|☆hexagonfoot
|html|Poopyladhexagonfoot    
|uhtml|bestof|Game 1 of a best-of-3
|t:|1756691557
|gametype|doubles
|player|p1|Poopylad|265|1241
|player|p2|hexagonfoot|caitlin|1222
|gen|9
|tier|[Gen 9] VGC 2025 Reg H (Bo3)
|rated|
|rule|Species Clause: Limit one of each Pokémon
|rule|Item Clause: Limit 1 of each item
|clearpoke
|poke|p1|Dragonite, L50, F|
|poke|p1|Ninetales-Alola, L50, F|
|poke|p1|Annihilape, L50, M|
|poke|p1|Maushold-Four, L50|
|poke|p1|Whimsicott, L50, M|
|poke|p1|Incineroar, L50, F|
|poke|p2|Kingambit, L50, F|
|poke|p2|Primarina, L50, F|
|poke|p2|Sneasler, L50, M|
|poke|p2|Magmar, L50, F|
|poke|p2|Rillaboom, L50, F|
|poke|p2|Dragapult, L50, F|
|teampreview|4
|showteam|p1|Dragonite||LoadedDice|Multiscale|ScaleShot,Tailwind,Haze,ExtremeSpeed|||F|||50|,,,,,Fairy]Ninetales-Alola||LightClay|SnowWarning|Protect,AuroraVeil,Blizzard,IcyWind|||F|||50|,,,,,Water]Annihilape||Leftovers|Defiant|RageFist,DrainPunch,BulkUp,Protect|||M|||50|,,,,,Water]Maushold-Four||SafetyGoggles|FriendGuard|Taunt,Protect,FollowMe,BeatUp||||||50|,,,,,Ghost]Whimsicott||CovertCloak|Prankster|Moonblast,Charm,Tailwind,MistyTerrain|||M|||50|,,,,,Water]Incineroar||RockyHelmet|Intimidate|KnockOff,FakeOut,FlareBlitz,PartingShot|||F|||50|,,,,,Grass
|showteam|p2|Kingambit||BlackGlasses|Defiant|KowtowCleave,SuckerPunch,SwordsDance,Protect|||F|||50|,,,,,Ghost]Primarina||SitrusBerry|LiquidVoice|HyperVoice,Moonblast,Haze,Protect|||F|||50|,,,,,Water]Sneasler||FocusSash|PoisonTouch|CloseCombat,DireClaw,FakeOut,Protect|||M|||50|,,,,,Stellar]Magmar||Eviolite|VitalSpirit|Overheat,WillOWisp,FollowMe,Protect|||F|||50|,,,,,Ghost]Rillaboom||AssaultVest|GrassySurge|WoodHammer,GrassyGlide,HighHorsepower,FakeOut|||F|||50|,,,,,Fire]Dragapult||ChoiceBand|ClearBody|DragonDarts,PhantomForce,TeraBlast,Uturn|||F|||50|,,,,,Ghost
|inactive|Battle timer is ON: inactive players will automatically lose when time's up. (requested by hexagonfoot)
|
|t:|1756691585
|teamsize|p1|4
|teamsize|p2|4
|start
|switch|p1a: Maushold|Maushold-Four, L50|100/100
|switch|p1b: Annihilape|Annihilape, L50, M|100/100
|switch|p2a: Slough|Sneasler, L50, M|100/100
|switch|p2b: Headstone Lane|Dragapult, L50, F|100/100
|turn|1
|
|t:|1756691601
|-terastallize|p2b: Headstone Lane|Ghost
|move|p1a: Maushold|Protect|p1a: Maushold
|-singleturn|p1a: Maushold|Protect
|move|p1b: Annihilape|Protect|p1b: Annihilape
|-singleturn|p1b: Annihilape|Protect
|move|p2b: Headstone Lane|Tera Blast|p1b: Annihilape|[anim] Tera Blast Ghost
|-activate|p1b: Annihilape|move: Protect
|move|p2a: Slough|Close Combat|p1a: Maushold
|-activate|p1a: Maushold|move: Protect
|
|upkeep
|turn|2
|
|t:|1756691616
|move|p1a: Maushold|Follow Me|p1a: Maushold
|-singleturn|p1a: Maushold|move: Follow Me
|move|p2b: Headstone Lane|Tera Blast|p1a: Maushold|[anim] Tera Blast Ghost
|-immune|p1a: Maushold
|move|p2a: Slough|Close Combat|p1a: Maushold
|-supereffective|p1a: Maushold
|-damage|p1a: Maushold|0 fnt
|-unboost|p2a: Slough|def|1
|-unboost|p2a: Slough|spd|1
|faint|p1a: Maushold
|move|p1b: Annihilape|Bulk Up|p1b: Annihilape
|-boost|p1b: Annihilape|atk|1
|-boost|p1b: Annihilape|def|1
|
|upkeep
|inactive|Poopylad has 30 seconds left.
|
|t:|1756691643
|switch|p1a: Dragonite|Dragonite, L50, F|100/100
|turn|3
|
|t:|1756691660
|-terastallize|p1b: Annihilape|Water
|move|p2b: Headstone Lane|Tera Blast|p1b: Annihilape|[anim] Tera Blast Ghost
|-damage|p1b: Annihilape|44/100
|move|p2a: Slough|Dire Claw|p1a: Dragonite
|-damage|p1a: Dragonite|77/100
|-status|p1a: Dragonite|par
|move|p1b: Annihilape|Rage Fist|p2b: Headstone Lane
|-supereffective|p2b: Headstone Lane
|-crit|p2b: Headstone Lane
|-damage|p2b: Headstone Lane|0 fnt
|faint|p2b: Headstone Lane
|move|p1a: Dragonite|Scale Shot|p2a: Slough
|-damage|p2a: Slough|61/100
|-damage|p2a: Slough|22/100
|-damage|p2a: Slough|0 fnt
|faint|p2a: Slough
|-hitcount|p2: Slough|3
|-unboost|p1a: Dragonite|def|1
|-boost|p1a: Dragonite|spe|1
|
|-heal|p1b: Annihilape|50/100|[from] item: Leftovers
|upkeep
|
|t:|1756691674
|switch|p2b: Canary Wharf|Primarina, L50, F|100/100
|switch|p2a: Syon Lane|Magmar, L50, F|100/100
|turn|4
|inactive|Poopylad has 30 seconds left.
|
|t:|1756691704
|switch|p1a: Ninetales|Ninetales-Alola, L50, F|100/100
|-weather|Snowscape|[from] ability: Snow Warning|[of] p1a: Ninetales
|move|p1b: Annihilape|Protect|p1b: Annihilape
|-singleturn|p1b: Annihilape|Protect
|move|p2a: Syon Lane|Follow Me|p2a: Syon Lane
|-singleturn|p2a: Syon Lane|move: Follow Me
|move|p2b: Canary Wharf|Moonblast|p1a: Ninetales
|-damage|p1a: Ninetales|52/100
|
|-weather|Snowscape|[upkeep]
|-heal|p1b: Annihilape|56/100|[from] item: Leftovers
|upkeep
|turn|5
|
|t:|1756691727
|move|p1a: Ninetales|Aurora Veil|p1a: Ninetales
|-sidestart|p1: Poopylad|move: Aurora Veil
|move|p1b: Annihilape|Drain Punch|p2a: Syon Lane
|-damage|p2a: Syon Lane|62/100
|-heal|p1b: Annihilape|72/100|[from] drain|[of] p2a: Syon Lane
|move|p2a: Syon Lane|Will-O-Wisp|p1b: Annihilape
|-status|p1b: Annihilape|brn
|move|p2b: Canary Wharf|Hyper Voice|p1b: Annihilape|[spread] p1a,p1b
|-resisted|p1b: Annihilape
|-damage|p1a: Ninetales|30/100
|-damage|p1b: Annihilape|63/100 brn
|
|-weather|Snowscape|[upkeep]
|-heal|p1b: Annihilape|70/100 brn|[from] item: Leftovers
|-damage|p1b: Annihilape|63/100 brn|[from] brn
|upkeep
|turn|6
|inactive|hexagonfoot has 30 seconds left.
|inactive|hexagonfoot has 20 seconds left.
|inactive|hexagonfoot has 15 seconds left.
|inactive|hexagonfoot has 10 seconds left.
|
|t:|1756691774
|move|p2a: Syon Lane|Follow Me|p2a: Syon Lane
|-singleturn|p2a: Syon Lane|move: Follow Me
|move|p1a: Ninetales|Blizzard|p2a: Syon Lane|[spread] p2a,p2b
|-resisted|p2a: Syon Lane
|-resisted|p2b: Canary Wharf
|-damage|p2a: Syon Lane|53/100
|-damage|p2b: Canary Wharf|91/100
|-status|p2b: Canary Wharf|frz
|move|p1b: Annihilape|Rage Fist|p2a: Syon Lane
|-damage|p2a: Syon Lane|13/100
|cant|p2b: Canary Wharf|frz
|
|-weather|Snowscape|[upkeep]
|-heal|p1b: Annihilape|70/100 brn|[from] item: Leftovers
|-damage|p1b: Annihilape|63/100 brn|[from] brn
|upkeep
|turn|7
|-message|hexagonfoot forfeited.
|
|win|Poopylad
||hexagonfoot is ready for game 2.
||Poopylad is ready for game 2.
|uhtml|next|Next: Game 2 of 3
