|j|☆HasselFreeVGC
|j|☆Dibraldinho13
|html|HasselFreeVGCDibraldinho13    
|uhtml|bestof|Game 1 of a best-of-3
|t:|1756242651
|gametype|doubles
|player|p1|HasselFreeVGC|hassel|1116
|player|p2|Dibraldinho13|102|1144
|gen|9
|tier|[Gen 9] VGC 2025 Reg H (Bo3)
|rated|
|rule|Species Clause: Limit one of each Pokémon
|rule|Item Clause: Limit 1 of each item
|clearpoke
|poke|p1|Samurott-Hisui, L50, M|
|poke|p1|Magmar, L50, M|
|poke|p1|Gholdengo, L50|
|poke|p1|Dragonite, L50, M|
|poke|p1|Annihilape, L50, M|
|poke|p1|Ninetales-Alola, L50, F|
|poke|p2|Gholdengo, L50|
|poke|p2|Amoonguss, L50, F|
|poke|p2|Basculegion, L50, M|
|poke|p2|Pelipper, L50, F|
|poke|p2|Incineroar, L50, M|
|poke|p2|Archaludon, L50, M|
|teampreview|4
|showteam|p1|Samurott-Hisui||ScopeLens|Sharpness|AquaCutter,NightSlash,SacredSword,Protect|||M|||50|,,,,,Ghost]Magmar||Eviolite|VitalSpirit|HeatWave,ClearSmog,FollowMe,Protect|||M|||50|,,,,,Ghost]Gholdengo||IronPlate|GoodasGold|MakeItRain,ShadowBall,NastyPlot,Protect||||||50|,,,,,Dragon]Dragonite||LoadedDice|Multiscale|ScaleShot,StompingTantrum,Tailwind,Protect|||M|||50|,,,,,Ground]Annihilape||SafetyGoggles|VitalSpirit|CloseCombat,RageFist,FinalGambit,Coaching|||M|||50|,,,,,Fairy]Ninetales-Alola||FocusSash|SnowWarning|Blizzard,IcyWind,Encore,AuroraVeil|||F|||50|,,,,,Ghost
|showteam|p2|Gholdengo||LifeOrb|GoodasGold|MakeItRain,ShadowBall,NastyPlot,Protect||||||50|,,,,,Dragon]Amoonguss||SitrusBerry|Regenerator|Spore,RagePowder,PollenPuff,Protect|||F|||50|,,,,,Dark]Basculegion||ChoiceBand|SwiftSwim|WaveCrash,FlipTurn,LastRespects,AquaJet|||M|||50|,,,,,Water]Pelipper||FocusSash|Drizzle|WeatherBall,Hurricane,Tailwind,Protect|||F|||50|,,,,,Ghost]Incineroar||ChopleBerry|Intimidate|KnockOff,Taunt,Uturn,FakeOut|||M|||50|,,,,,Ghost]Archaludon||AssaultVest|Stamina|ElectroShot,FlashCannon,DracoMeteor,BodyPress|||M|||50|,,,,,Grass
|inactive|Battle timer is ON: inactive players will automatically lose when time's up. (requested by Dibraldinho13)
|
|t:|1756242703
|teamsize|p1|4
|teamsize|p2|4
|start
|switch|p1a: Dragonite|Dragonite, L50, M|100/100
|switch|p1b: Annihilape|Annihilape, L50, M|100/100
|switch|p2a: Pelipper|Pelipper, L50, F|100/100
|switch|p2b: Basculegion|Basculegion, L50, M|100/100
|-weather|RainDance|[from] ability: Drizzle|[of] p2a: Pelipper
|turn|1
|inactive|Dibraldinho13 has 30 seconds left.
|inactive|Dibraldinho13 has 20 seconds left.
|inactive|Dibraldinho13 has 15 seconds left.
|
|t:|1756242745
|switch|p1b: Ninetales|Ninetales-Alola, L50, F|100/100
|-weather|Snowscape|[from] ability: Snow Warning|[of] p1b: Ninetales
|move|p1a: Dragonite|Scale Shot|p2a: Pelipper
|-damage|p2a: Pelipper|80/100
|-damage|p2a: Pelipper|60/100
|-damage|p2a: Pelipper|40/100
|-damage|p2a: Pelipper|20/100
|-hitcount|p2a: Pelipper|4
|-unboost|p1a: Dragonite|def|1
|-boost|p1a: Dragonite|spe|1
|move|p2a: Pelipper|Tailwind|p2a: Pelipper
|-sidestart|p2: Dibraldinho13|move: Tailwind
|move|p2b: Basculegion|Wave Crash|p1b: Ninetales
|-damage|p1b: Ninetales|2/100
|-damage|p2b: Basculegion|75/100|[from] Recoil
|
|-weather|Snowscape|[upkeep]
|upkeep
|turn|2
|inactive|HasselFreeVGC has 30 seconds left.
|inactive|Dibraldinho13 has 30 seconds left.
|inactive|HasselFreeVGC has 20 seconds left.
|inactive|Dibraldinho13 has 20 seconds left.
|inactive|HasselFreeVGC has 15 seconds left.
|inactive|HasselFreeVGC has 10 seconds left.
|
|t:|1756242792
|switch|p2a: Amoonguss|Amoonguss, L50, F|100/100
|move|p2b: Basculegion|Wave Crash|p1b: Ninetales
|-damage|p1b: Ninetales|0 fnt
|faint|p1b: Ninetales
|-damage|p2b: Basculegion|75/100|[from] Recoil
|move|p1a: Dragonite|Scale Shot|p2a: Amoonguss
|-damage|p2a: Amoonguss|89/100
|-damage|p2a: Amoonguss|75/100
|-damage|p2a: Amoonguss|64/100
|-damage|p2a: Amoonguss|50/100
|-enditem|p2a: Amoonguss|Sitrus Berry|[eat]
|-heal|p2a: Amoonguss|75/100|[from] item: Sitrus Berry
|-hitcount|p2a: Amoonguss|4
|-unboost|p1a: Dragonite|def|1
|-boost|p1a: Dragonite|spe|1
|
|-weather|Snowscape|[upkeep]
|upkeep
|
|t:|1756242817
|switch|p1b: Annihilape|Annihilape, L50, M|100/100
|turn|3
|
|t:|1756242840
|switch|p1b: Samurott|Samurott-Hisui, L50, M, shiny|100/100
|switch|p2a: Pelipper|Pelipper, L50, F|20/100
|-weather|RainDance|[from] ability: Drizzle|[of] p2a: Pelipper
|move|p2b: Basculegion|Wave Crash|p1b: Samurott
|-resisted|p1b: Samurott
|-damage|p1b: Samurott|20/100
|-damage|p2b: Basculegion|50/100|[from] Recoil
|move|p1a: Dragonite|Scale Shot|p2b: Basculegion
|-damage|p2b: Basculegion|32/100
|-damage|p2b: Basculegion|13/100
|-damage|p2b: Basculegion|0 fnt
|faint|p2b: Basculegion
|-hitcount|p2: Basculegion|3
|-unboost|p1a: Dragonite|def|1
|-boost|p1a: Dragonite|spe|1
|
|-weather|RainDance|[upkeep]
|upkeep
|
|t:|1756242859
|switch|p2b: Archaludon|Archaludon, L50, M|100/100
|turn|4
|inactive|Dibraldinho13 has 30 seconds left.
|
|t:|1756242888
|switch|p2a: Amoonguss|Amoonguss, L50, F|100/100
|move|p1b: Samurott|Protect|p1b: Samurott
|-singleturn|p1b: Samurott|Protect
|move|p1a: Dragonite|Scale Shot|p2a: Amoonguss
|-damage|p2a: Amoonguss|89/100
|-damage|p2a: Amoonguss|76/100
|-damage|p2a: Amoonguss|64/100
|-damage|p2a: Amoonguss|53/100
|-damage|p2a: Amoonguss|41/100
|-hitcount|p2a: Amoonguss|5
|-unboost|p1a: Dragonite|def|1
|-boost|p1a: Dragonite|spe|1
|move|p2b: Archaludon|Electro Shot||[still]
|-prepare|p2b: Archaludon|Electro Shot
|-boost|p2b: Archaludon|spa|1
|-anim|p2b: Archaludon|Electro Shot|p1a: Dragonite
|-damage|p1a: Dragonite|70/100
|
|-weather|RainDance|[upkeep]
|-sideend|p2: Dibraldinho13|move: Tailwind
|upkeep
|turn|5
|inactive|HasselFreeVGC has 30 seconds left.
|inactive|Dibraldinho13 has 30 seconds left.
|inactive|HasselFreeVGC has 20 seconds left.
|inactive|Dibraldinho13 has 20 seconds left.
|inactive|HasselFreeVGC has 15 seconds left.
|inactive|Dibraldinho13 has 15 seconds left.
|inactive|Dibraldinho13 has 10 seconds left.
|inactive|Dibraldinho13 has 5 seconds left.
|
|t:|1756242942
|switch|p2a: Pelipper|Pelipper, L50, F|20/100
|-terastallize|p1a: Dragonite|Ground
|move|p1a: Dragonite|Scale Shot|p2a: Pelipper
|-damage|p2a: Pelipper|0 fnt
|faint|p2a: Pelipper
|-hitcount|p2: Pelipper|1
|-unboost|p1a: Dragonite|def|1
|-boost|p1a: Dragonite|spe|1
|move|p2b: Archaludon|Electro Shot||[still]
|-prepare|p2b: Archaludon|Electro Shot
|-boost|p2b: Archaludon|spa|1
|-anim|p2b: Archaludon|Electro Shot|p1a: Dragonite
|-immune|p1a: Dragonite
|move|p1b: Samurott|Sacred Sword|p2b: Archaludon
|-supereffective|p2b: Archaludon
|-damage|p2b: Archaludon|28/100
|-ability|p2b: Archaludon|Stamina|boost
|-boost|p2b: Archaludon|def|1
|
|-weather|RainDance|[upkeep]
|upkeep
|
|t:|1756242958
|switch|p2a: Amoonguss|Amoonguss, L50, F|75/100
|turn|6
|inactive|HasselFreeVGC has 30 seconds left.
|inactive|HasselFreeVGC has 20 seconds left.
|
|t:|1756242995
|move|p1a: Dragonite|Protect|p1a: Dragonite
|-singleturn|p1a: Dragonite|Protect
|move|p2b: Archaludon|Electro Shot||[still]
|-prepare|p2b: Archaludon|Electro Shot
|-boost|p2b: Archaludon|spa|1
|-anim|p2b: Archaludon|Electro Shot|p1b: Samurott
|-supereffective|p1b: Samurott
|-damage|p1b: Samurott|0 fnt
|faint|p1b: Samurott
|move|p2a: Amoonguss|Pollen Puff|p2b: Archaludon
|-heal|p2b: Archaludon|78/100
|
|-weather|RainDance|[upkeep]
|upkeep
|
|t:|1756243000
|switch|p1b: Annihilape|Annihilape, L50, M|100/100
|turn|7
|
|t:|1756243024
|move|p2a: Amoonguss|Rage Powder|p2a: Amoonguss
|-singleturn|p2a: Amoonguss|move: Rage Powder
|move|p1a: Dragonite|Scale Shot|p2a: Amoonguss
|-damage|p2a: Amoonguss|63/100
|-damage|p2a: Amoonguss|51/100
|-damage|p2a: Amoonguss|38/100
|-damage|p2a: Amoonguss|25/100
|-hitcount|p2a: Amoonguss|4
|-unboost|p1a: Dragonite|def|1
|-boost|p1a: Dragonite|spe|1
|move|p1b: Annihilape|Final Gambit|p2b: Archaludon
|-damage|p2b: Archaludon|0 fnt
|faint|p1b: Annihilape
|faint|p2b: Archaludon
|
|-weather|none
|upkeep
|turn|8
|-message|Dibraldinho13 forfeited.
|
|win|HasselFreeVGC
|l|☆Dibraldinho13
|player|p2|
||HasselFreeVGC is ready for game 2.
|j|☆Dibraldinho13
|player|p2|Dibraldinho13|102|
|inactive|Dibraldinho13 has 30 seconds to confirm battle start!
|l|☆Dibraldinho13
|player|p2|
||Dibraldinho13 is ready for game 2.
|uhtml|next|Next: Game 2 of 3
