|j|☆jomivgc
|j|☆Hawk2ua
|html|jomivgcHawk2ua    
|uhtml|bestof|Game 1 of a best-of-3
|t:|1783564318
|gametype|doubles
|player|p1|jomivgc|falkner-gen2|1153
|player|p2|Hawk2ua|cynthia-gen4|1056
|gen|9
|tier|[Gen 9 Champions] VGC 2026 Reg M-B (Bo3)
|rated|
|rule|Species Clause: Limit one of each Pokémon
|rule|Item Clause: Limit 1 of each item
|clearpoke
|poke|p1|Umbreon, L50, F, shiny|
|poke|p1|Garchomp, L50, F|
|poke|p1|Pelipper, L50, F|
|poke|p1|Swampert, L50, M|
|poke|p1|Archaludon, L50, M|
|poke|p1|Incineroar, L50, M|
|poke|p2|Feraligatr, L50, F|
|poke|p2|Whimsicott, L50, F|
|poke|p2|Sneasler, L50, F|
|poke|p2|Kingambit, L50, M|
|poke|p2|Gholdengo, L50|
|poke|p2|Sinistcha, L50|
|teampreview|4
|showteam|p1|Umbreon||SitrusBerry|InnerFocus|Snarl,Swagger,FoulPlay,Moonlight|Calm||F|||50|]Garchomp||LifeOrb|RoughSkin|DragonClaw,RockSlide,Earthquake,Protect|Jolly||F|||50|]Pelipper||FocusSash|Drizzle|Hurricane,WeatherBall,Tailwind,WideGuard|Modest||F|||50|]Swampert||Swampertite|Torrent|Protect,WaveCrash,Earthquake,IcePunch|Adamant||M|||50|]Archaludon||Leftovers|Stamina|ElectroShot,FlashCannon,DracoMeteor,Protect|Modest||M|||50|]Incineroar||PasshoBerry|Intimidate|FakeOut,PartingShot,FlareBlitz,ThroatChop|Adamant||M|||50|
|showteam|p2|Feraligatr||Feraligite|SheerForce|DoubleEdge,LowKick,Protect,IronTail|Adamant||F|||50|]Whimsicott||FocusSash|Prankster|Tailwind,Encore,Moonblast,Tickle|Timid||F|||50|]Sneasler||WhiteHerb|Unburden|DireClaw,CloseCombat,FakeOut,Protect|Adamant||F|||50|]Kingambit||BlackGlasses|Defiant|KowtowCleave,SuckerPunch,IronHead,Protect|Adamant||M|||50|]Gholdengo||MetalCoat|GoodasGold|MakeItRain,ShadowBall,Thunderbolt,Protect|Modest|||||50|]Sinistcha||SitrusBerry|Hospitality|MatchaGotcha,Imprison,TrickRoom,RagePowder|Relaxed|||||50|
|inactive|Battle timer is ON: inactive players will automatically lose when time's up. (requested by jomivgc)
|inactive|jomivgc has 60 seconds left.
|
|t:|1783564355
|teamsize|p1|4
|teamsize|p2|4
|start
|switch|p1a: Swampert|Swampert, L50, M|100/100
|switch|p1b: Pelipper|Pelipper, L50, F|100/100
|switch|p2a: Kingambit|Kingambit, L50, M|100/100
|switch|p2b: Whimsicott|Whimsicott, L50, F|100/100
|-weather|RainDance|[from] ability: Drizzle|[of] p1b: Pelipper
|turn|1
|
|t:|1783564376
|detailschange|p1a: Swampert|Swampert-Mega, L50, M
|-mega|p1a: Swampert|Swampert|Swampertite
|move|p1a: Swampert|Protect|p1a: Swampert
|-singleturn|p1a: Swampert|Protect
|move|p2b: Whimsicott|Tailwind|p2b: Whimsicott
|-sidestart|p2: Hawk2ua|move: Tailwind
|move|p2a: Kingambit|Sucker Punch||[still]
|-fail|p2a: Kingambit
|move|p1b: Pelipper|Hurricane|p2b: Whimsicott
|-supereffective|p2b: Whimsicott|1
|-enditem|p2b: Whimsicott|Focus Sash
|-damage|p2b: Whimsicott|1/100
|-start|p2b: Whimsicott|confusion
|
|-weather|RainDance|[upkeep]
|upkeep
|turn|2
|
|t:|1783564395
|-activate|p2b: Whimsicott|confusion
|move|p2b: Whimsicott|Encore|p1a: Swampert
|-start|p1a: Swampert|Encore
|move|p1a: Swampert|Protect||[still]
|-fail|p1a: Swampert
|move|p2a: Kingambit|Kowtow Cleave|p1a: Swampert
|-crit|p1a: Swampert
|-damage|p1a: Swampert|26/100
|move|p1b: Pelipper|Tailwind|p1b: Pelipper
|-sidestart|p1: jomivgc|move: Tailwind
|
|-weather|RainDance|[upkeep]
|upkeep
|turn|3
|
|t:|1783564410
|switch|p1b: Garchomp|Garchomp, L50, F|100/100
|move|p1a: Swampert|Protect|p1a: Swampert
|-singleturn|p1a: Swampert|Protect
|-end|p2b: Whimsicott|confusion
|move|p2b: Whimsicott|Tickle|p1b: Garchomp
|-unboost|p1b: Garchomp|atk|1
|-unboost|p1b: Garchomp|def|1
|move|p2a: Kingambit|Kowtow Cleave|p1b: Garchomp
|-damage|p1b: Garchomp|15/100
|-damage|p2a: Kingambit|87/100|[from] ability: Rough Skin|[of] p1b: Garchomp
|
|-weather|RainDance|[upkeep]
|upkeep
|turn|4
|inactive|Hawk2ua has 30 seconds left.
|inactive|jomivgc has 30 seconds left.
|inactive|Hawk2ua has 20 seconds left.
|inactive|Hawk2ua has 15 seconds left.
|
|t:|1783564454
|switch|p1a: Pelipper|Pelipper, L50, F|100/100
|move|p2b: Whimsicott|Moonblast|p1b: Garchomp
|-supereffective|p1b: Garchomp|1
|-damage|p1b: Garchomp|0 fnt
|faint|p1b: Garchomp
|move|p2a: Kingambit|Kowtow Cleave|p1a: Pelipper
|-damage|p1a: Pelipper|34/100
|
|-weather|RainDance|[upkeep]
|-sideend|p2: Hawk2ua|move: Tailwind
|upkeep
|
|t:|1783564468
|switch|p1b: Swampert|Swampert-Mega, L50, M|26/100
|turn|5
|
|t:|1783564482
|move|p1b: Swampert|Protect|p1b: Swampert
|-singleturn|p1b: Swampert|Protect
|move|p2b: Whimsicott|Tailwind|p2b: Whimsicott
|-sidestart|p2: Hawk2ua|move: Tailwind
|move|p2a: Kingambit|Sucker Punch||[still]
|-fail|p2a: Kingambit
|move|p1a: Pelipper|Hurricane|p2b: Whimsicott
|-supereffective|p2b: Whimsicott|1
|-damage|p2b: Whimsicott|0 fnt
|faint|p2b: Whimsicott
|
|-weather|none
|-sideend|p1: jomivgc|move: Tailwind
|upkeep
|
|t:|1783564490
|switch|p2b: Feraligatr|Feraligatr, L50, F|100/100
|turn|6
|inactive|jomivgc has 30 seconds left.
|
|t:|1783564518
|detailschange|p2b: Feraligatr|Feraligatr-Mega, L50, F
|-mega|p2b: Feraligatr|Feraligatr|Feraligite
|move|p2b: Feraligatr|Double-Edge|p1b: Swampert
|-crit|p1b: Swampert
|-damage|p1b: Swampert|0 fnt
|faint|p1b: Swampert
|-damage|p2b: Feraligatr|90/100|[from] Recoil
|move|p2a: Kingambit|Kowtow Cleave|p1a: Pelipper
|-damage|p1a: Pelipper|0 fnt
|faint|p1a: Pelipper
|
|upkeep
|-message|jomivgc forfeited.
|
|win|Hawk2ua
|l|☆jomivgc
|player|p1|
||jomivgc is ready for game 2.
||Hawk2ua is ready for game 2.
|uhtml|next|Next: Game 2 of 3
|j|☆jomivgc
|player|p1|jomivgc|falkner-gen2|
