|j|☆PizzaSanwitch
|j|☆JP the president
|html|PizzaSanwitchJP the president    
|uhtml|bestof|Game 2 of a best-of-3
|t:|1786151362
|gametype|doubles
|player|p1|PizzaSanwitch|266|1134
|player|p2|JP the president|steven|1150
|gen|9
|tier|[Gen 9 Champions] VGC 2026 Reg M-B (Bo3)
|rated|
|rule|Species Clause: Limit one of each Pokémon
|rule|Item Clause: Limit 1 of each item
|clearpoke
|poke|p1|Pelipper, L50, M|
|poke|p1|Archaludon, L50, F|
|poke|p1|Basculegion, L50, M|
|poke|p1|Grimmsnarl, L50, M|
|poke|p1|Charizard, L50, M|
|poke|p1|Metagross, L50|
|poke|p2|Sableye, L50, M, shiny|
|poke|p2|Incineroar, L50, M, shiny|
|poke|p2|Kingambit, L50, M, shiny|
|poke|p2|Charizard, L50, M, shiny|
|poke|p2|Venusaur, L50, M, shiny|
|poke|p2|Garchomp, L50, M|
|teampreview|4
|showteam|p1|Pelipper||SitrusBerry|Drizzle|WeatherBall,Hurricane,Tailwind,Protect|Modest||M|||50|]Archaludon||Leftovers|Stamina|ElectroShot,FlashCannon,DragonPulse,Protect|Modest||F|||50|]Basculegion||ChoiceScarf|Adaptability|WaveCrash,LastRespects,AquaJet,FlipTurn|Jolly||M|||50|]Grimmsnarl||LightClay|Prankster|SpiritBreak,Reflect,LightScreen,PartingShot|Sassy||M|||50|]Charizard||CharizarditeY|Blaze|HeatWave,WeatherBall,Hurricane,Protect|Modest||M|||50|]Metagross||Metagrossite|ClearBody|HardPress,PsychicFangs,BodyPress,Protect|Adamant|||||50|
|showteam|p2|Sableye||Leftovers|Prankster|ThunderWave,Disable,WillOWisp,Encore|Calm||M|||50|]Incineroar||SitrusBerry|Intimidate|FakeOut,FlareBlitz,PartingShot,Protect|Careful||M|||50|]Kingambit||FocusSash|Defiant|KowtowCleave,IronHead,Protect,SuckerPunch|Adamant||M|||50|]Charizard||CharizarditeY|SolarPower|HeatWave,AncientPower,Protect,SolarBeam|Hasty||M|||50|]Venusaur||OccaBerry|Chlorophyll|EarthPower,SludgeBomb,SleepPowder,Protect|Modest||M|||50|]Garchomp||LifeOrb|RoughSkin|Earthquake,Protect,RockSlide,DragonClaw|Jolly||M|||50|
|inactive|Battle timer is ON: inactive players will automatically lose when time's up. (requested by PizzaSanwitch)
|
|t:|1786151394
|teamsize|p1|4
|teamsize|p2|4
|start
|switch|p1a: Charizard|Charizard, L50, M|100/100
|switch|p1b: Grimmsnarl|Grimmsnarl, L50, M|100/100
|switch|p2a: Sword|Kingambit, L50, M, shiny|100/100
|switch|p2b: Star scream|Garchomp, L50, M|100/100
|turn|1
|
|t:|1786151409
|switch|p2a: Greed|Sableye, L50, M, shiny|100/100
|detailschange|p1a: Charizard|Charizard-Mega-Y, L50, M
|-mega|p1a: Charizard|Charizard|Charizardite Y
|-weather|SunnyDay|[from] ability: Drought|[of] p1a: Charizard
|move|p1a: Charizard|Protect|p1a: Charizard
|-singleturn|p1a: Charizard|Protect
|move|p1b: Grimmsnarl|Reflect|p1b: Grimmsnarl
|-sidestart|p1: PizzaSanwitch|Reflect
|move|p2b: Star scream|Rock Slide|p1a: Charizard|[spread] p1b
|-activate|p1a: Charizard|move: Protect
|-damage|p1b: Grimmsnarl|83/100
|-damage|p2b: Star scream|90/100|[from] item: Life Orb
|
|-weather|SunnyDay|[upkeep]
|upkeep
|turn|2
|
|t:|1786151432
|switch|p1a: Archaludon|Archaludon, L50, F|100/100
|move|p1b: Grimmsnarl|Light Screen|p1b: Grimmsnarl
|-sidestart|p1: PizzaSanwitch|move: Light Screen
|move|p2a: Greed|Encore||[still]
|-fail|p2a: Greed
|move|p2b: Star scream|Rock Slide|p1a: Archaludon|[spread] p1a
|-miss|p2b: Star scream|p1b: Grimmsnarl
|-resisted|p1a: Archaludon|1
|-damage|p1a: Archaludon|94/100
|-ability|p1a: Archaludon|Stamina|boost
|-boost|p1a: Archaludon|def|1
|-damage|p2b: Star scream|80/100|[from] item: Life Orb
|
|-weather|SunnyDay|[upkeep]
|-heal|p1a: Archaludon|100/100|[from] item: Leftovers
|upkeep
|turn|3
|inactive|JP the president has 30 seconds left.
|
|t:|1786151461
|move|p2b: Star scream|Protect|p2b: Star scream
|-singleturn|p2b: Star scream|Protect
|move|p2a: Greed|Will-O-Wisp|p1a: Archaludon
|-status|p1a: Archaludon|brn
|move|p1a: Archaludon|Dragon Pulse|p2a: Greed
|-damage|p2a: Greed|48/100
|move|p1b: Grimmsnarl|Spirit Break|p2a: Greed
|-supereffective|p2a: Greed|1
|-damage|p2a: Greed|0 fnt
|faint|p2a: Greed
|
|-weather|SunnyDay|[upkeep]
|-damage|p1a: Archaludon|93/100 brn|[from] brn
|upkeep
|
|t:|1786151481
|switch|p2a: Sword|Kingambit, L50, M, shiny|100/100
|turn|4
|
|t:|1786151506
|move|p2a: Sword|Protect|p2a: Sword
|-singleturn|p2a: Sword|Protect
|move|p1b: Grimmsnarl|Parting Shot|p2b: Star scream
|-unboost|p2b: Star scream|atk|1
|-unboost|p2b: Star scream|spa|1
|
|t:|1786151511
|switch|p1b: Pelipper|Pelipper, L50, M|100/100|[from] Parting Shot
|-weather|RainDance|[from] ability: Drizzle|[of] p1b: Pelipper
|move|p2b: Star scream|Earthquake|p1a: Archaludon|[spread] p1a
|-activate|p2a: Sword|move: Protect
|-immune|p1b: Pelipper
|-supereffective|p1a: Archaludon|1
|-damage|p1a: Archaludon|72/100 brn
|-ability|p1a: Archaludon|Stamina|boost
|-boost|p1a: Archaludon|def|1
|-damage|p2b: Star scream|70/100|[from] item: Life Orb
|move|p1a: Archaludon|Electro Shot||[still]
|-prepare|p1a: Archaludon|Electro Shot
|-boost|p1a: Archaludon|spa|1
|-anim|p1a: Archaludon|Electro Shot|p2a: Sword
|-activate|p2a: Sword|move: Protect
|
|-weather|RainDance|[upkeep]
|-heal|p1a: Archaludon|78/100 brn|[from] item: Leftovers
|-damage|p1a: Archaludon|72/100 brn|[from] brn
|upkeep
|turn|5
|inactive|JP the president has 30 seconds left.
|inactive|PizzaSanwitch has 30 seconds left.
|inactive|JP the president has 20 seconds left.
|
|t:|1786151555
|switch|p2b: Lizardo|Charizard, L50, M, shiny|100/100
|switch|p1b: Grimmsnarl|Grimmsnarl, L50, M|83/100
|move|p1a: Archaludon|Dragon Pulse|p2b: Lizardo
|-damage|p2b: Lizardo|25/100
|move|p2a: Sword|Kowtow Cleave|p1b: Grimmsnarl
|-resisted|p1b: Grimmsnarl|2
|-damage|p1b: Grimmsnarl|74/100
|
|-weather|RainDance|[upkeep]
|-heal|p1a: Archaludon|78/100 brn|[from] item: Leftovers
|-damage|p1a: Archaludon|72/100 brn|[from] brn
|upkeep
|turn|6
|inactive|PizzaSanwitch has 30 seconds left.
|inactive|JP the president has 30 seconds left.
|
|t:|1786151582
|detailschange|p2b: Lizardo|Charizard-Mega-Y, L50, M, shiny
|-mega|p2b: Lizardo|Charizard|Charizardite Y
|-weather|SunnyDay|[from] ability: Drought|[of] p2b: Lizardo
|move|p2b: Lizardo|Protect|p2b: Lizardo
|-singleturn|p2b: Lizardo|Protect
|move|p1b: Grimmsnarl|Parting Shot|p2b: Lizardo
|-activate|p2b: Lizardo|move: Protect
|move|p1a: Archaludon|Dragon Pulse|p2b: Lizardo
|-activate|p2b: Lizardo|move: Protect
|move|p2a: Sword|Iron Head|p1b: Grimmsnarl
|-supereffective|p1b: Grimmsnarl|1
|-damage|p1b: Grimmsnarl|10/100
|
|-weather|SunnyDay|[upkeep]
|-heal|p1a: Archaludon|78/100 brn|[from] item: Leftovers
|-damage|p1a: Archaludon|72/100 brn|[from] brn
|upkeep
|turn|7
|inactive|JP the president has 30 seconds left.
|inactive|JP the president has 20 seconds left.
|
|t:|1786151622
|switch|p2b: Star scream|Garchomp, L50, M|70/100
|switch|p1b: Pelipper|Pelipper, L50, M|100/100
|-weather|RainDance|[from] ability: Drizzle|[of] p1b: Pelipper
|move|p1a: Archaludon|Dragon Pulse|p2b: Star scream
|-supereffective|p2b: Star scream|1
|-damage|p2b: Star scream|0 fnt
|faint|p2b: Star scream
|move|p2a: Sword|Kowtow Cleave|p1b: Pelipper
|-damage|p1b: Pelipper|64/100
|
|-weather|RainDance|[upkeep]
|-heal|p1a: Archaludon|78/100 brn|[from] item: Leftovers
|-damage|p1a: Archaludon|72/100 brn|[from] brn
|upkeep
|
|t:|1786151639
|switch|p2b: Lizardo|Charizard-Mega-Y, L50, M, shiny|25/100
|-weather|SunnyDay|[from] ability: Drought|[of] p2b: Lizardo
|turn|8
|
|t:|1786151656
|switch|p1b: Grimmsnarl|Grimmsnarl, L50, M|10/100
|move|p1a: Archaludon|Protect|p1a: Archaludon
|-singleturn|p1a: Archaludon|Protect
|move|p2b: Lizardo|Ancient Power|p1b: Grimmsnarl
|-damage|p1b: Grimmsnarl|0 fnt
|faint|p1b: Grimmsnarl
|move|p2a: Sword|Kowtow Cleave|p1a: Archaludon
|-activate|p1a: Archaludon|move: Protect
|
|-weather|SunnyDay|[upkeep]
|-heal|p1a: Archaludon|78/100 brn|[from] item: Leftovers
|-damage|p1a: Archaludon|72/100 brn|[from] brn
|-sideend|p1: PizzaSanwitch|Reflect
|upkeep
|
|t:|1786151665
|switch|p1b: Pelipper|Pelipper, L50, M|64/100
|-weather|RainDance|[from] ability: Drizzle|[of] p1b: Pelipper
|turn|9
|
|t:|1786151686
|move|p2b: Lizardo|Ancient Power|p1b: Pelipper
|-supereffective|p1b: Pelipper|1
|-damage|p1b: Pelipper|25/100
|-enditem|p1b: Pelipper|Sitrus Berry|[eat]
|-heal|p1b: Pelipper|50/100g|[from] item: Sitrus Berry
|move|p1a: Archaludon|Electro Shot||[still]
|-prepare|p1a: Archaludon|Electro Shot
|-boost|p1a: Archaludon|spa|1
|-anim|p1a: Archaludon|Electro Shot|p2b: Lizardo
|-supereffective|p2b: Lizardo|1
|-damage|p2b: Lizardo|0 fnt
|faint|p2b: Lizardo
|move|p1b: Pelipper|Tailwind|p1b: Pelipper
|-sidestart|p1: PizzaSanwitch|move: Tailwind
|move|p2a: Sword|Kowtow Cleave|p1a: Archaludon
|-damage|p1a: Archaludon|52/100 brn
|-ability|p1a: Archaludon|Stamina|boost
|-boost|p1a: Archaludon|def|1
|
|-weather|RainDance|[upkeep]
|-heal|p1a: Archaludon|58/100 brn|[from] item: Leftovers
|-damage|p1a: Archaludon|52/100 brn|[from] brn
|-sideend|p1: PizzaSanwitch|move: Light Screen
|upkeep
|turn|10
|
|t:|1786151711
|move|p1a: Archaludon|Electro Shot||[still]
|-prepare|p1a: Archaludon|Electro Shot
|-boost|p1a: Archaludon|spa|1
|-anim|p1a: Archaludon|Electro Shot|p2a: Sword
|-enditem|p2a: Sword|Focus Sash
|-damage|p2a: Sword|1/100
|move|p1b: Pelipper|Weather Ball|p2a: Sword
|-damage|p2a: Sword|0 fnt
|faint|p2a: Sword
|
|win|PizzaSanwitch
||PizzaSanwitch is ready for game 3.
|inactive|JP the president has 30 seconds to confirm battle start!
||JP the president is ready for game 3.
|uhtml|next|Next: Game 3 of 3
|l|☆JP the president
|player|p2|
