|j|☆aceccam56
|j|☆winner9630
|html|aceccam56winner9630    
|uhtml|bestof|Game 2 of a best-of-3
|t:|1757207824
|gametype|doubles
|player|p1|aceccam56|265|1000
|player|p2|winner9630|266|1074
|gen|9
|tier|[Gen 9] VGC 2025 Reg H (Bo3)
|rated|
|rule|Species Clause: Limit one of each Pokémon
|rule|Item Clause: Limit 1 of each item
|clearpoke
|poke|p1|Dragonite, L50, M|
|poke|p1|Amoonguss, L50, M|
|poke|p1|Incineroar, L50, F|
|poke|p1|Ursaluna-Bloodmoon, L50, M|
|poke|p1|Sneasler, L50, F|
|poke|p1|Whimsicott, L50, F|
|poke|p2|Kingambit, L50, M|
|poke|p2|Basculegion, L50, M|
|poke|p2|Archaludon, L50, M|
|poke|p2|Rillaboom, L50, F|
|poke|p2|Sinistcha, L50|
|poke|p2|Pelipper, L50, M|
|teampreview|4
|showteam|p1|Dragonite||LoadedDice|Multiscale|ScaleShot,Haze,Tailwind,Protect|||M|||50|,,,,,Fairy]Amoonguss||RockyHelmet|Regenerator|Spore,PollenPuff,ClearSmog,RagePowder|||M|||50|,,,,,Steel]Incineroar||SafetyGoggles|Intimidate|FlareBlitz,KnockOff,FakeOut,PartingShot|||F|||50|,,,,,Ghost]Ursaluna-Bloodmoon||AssaultVest|MindsEye|BloodMoon,VacuumWave,HyperVoice,EarthPower|||M|||50|,,,,,Normal]Sneasler||FocusSash|Unburden|CloseCombat,DireClaw,Protect,ThroatChop|||F|||50|,,,,,Dark]Whimsicott||SitrusBerry|Prankster|Tailwind,TrickRoom,Encore,Moonblast|||F|||50|,,,,,Steel
|showteam|p2|Kingambit||SafetyGoggles|Defiant|SuckerPunch,KowtowCleave,SwordsDance,Protect|||M|||50|,,,,,Flying]Basculegion||ChoiceScarf|Adaptability|WaveCrash,LastRespects,AquaJet,FlipTurn|||M|||50|,,,,,Water]Archaludon||AssaultVest|Stamina|ElectroShot,Snarl,BodyPress,FlashCannon|||M|||50|,,,,,Grass]Rillaboom||LoadedDice|GrassySurge|BulletSeed,GrassyGlide,FakeOut,KnockOff|||F|||50|,,,,,Fire]Sinistcha||SitrusBerry|Hospitality|Curse,MatchaGotcha,RagePowder,LifeDew||||||50|,,,,,Water]Pelipper||FocusSash|Drizzle|MuddyWater,Hurricane,Protect,HelpingHand|||M|||50|,,,,,Ground
|
|t:|1757207849
|teamsize|p1|4
|teamsize|p2|4
|start
|switch|p1a: Ursaluna|Ursaluna-Bloodmoon, L50, M|100/100
|switch|p1b: Amoonguss|Amoonguss, L50, M, shiny|100/100
|switch|p2a: Pelipper|Pelipper, L50, M|100/100
|switch|p2b: Archaludon|Archaludon, L50, M|100/100
|-weather|RainDance|[from] ability: Drizzle|[of] p2a: Pelipper
|turn|1
|
|t:|1757207877
|-terastallize|p2b: Archaludon|Grass
|-terastallize|p1a: Ursaluna|Normal
|move|p1b: Amoonguss|Rage Powder|p1b: Amoonguss
|-singleturn|p1b: Amoonguss|move: Rage Powder
|move|p2b: Archaludon|Snarl|p1b: Amoonguss|[spread] p1a,p1b
|-damage|p1a: Ursaluna|91/100
|-damage|p1b: Amoonguss|90/100
|-unboost|p1a: Ursaluna|spa|1
|-unboost|p1b: Amoonguss|spa|1
|move|p2a: Pelipper|Hurricane|p1b: Amoonguss
|-supereffective|p1b: Amoonguss
|-damage|p1b: Amoonguss|2/100
|move|p1a: Ursaluna|Blood Moon|p2a: Pelipper
|-enditem|p2a: Pelipper|Focus Sash
|-damage|p2a: Pelipper|1/100
|
|-weather|RainDance|[upkeep]
|upkeep
|turn|2
|
|t:|1757207900
|switch|p1b: Whimsicott|Whimsicott, L50, F|100/100
|move|p2b: Archaludon|Snarl|p1a: Ursaluna|[spread] p1b
|-miss|p2b: Archaludon|p1a: Ursaluna
|-resisted|p1b: Whimsicott
|-damage|p1b: Whimsicott|91/100
|-unboost|p1b: Whimsicott|spa|1
|move|p2a: Pelipper|Muddy Water|p1a: Ursaluna|[spread] p1b
|-miss|p2a: Pelipper|p1a: Ursaluna
|-resisted|p1b: Whimsicott
|-damage|p1b: Whimsicott|58/100
|move|p1a: Ursaluna|Hyper Voice|p2a: Pelipper|[spread] p2a,p2b
|-damage|p2a: Pelipper|0 fnt
|-damage|p2b: Archaludon|70/100
|-ability|p2b: Archaludon|Stamina|boost
|-boost|p2b: Archaludon|def|1
|faint|p2a: Pelipper
|
|-weather|RainDance|[upkeep]
|upkeep
|
|t:|1757207920
|switch|p2a: Sinistcha|Sinistcha, L50|100/100
|-heal|p2b: Archaludon|95/100|[from] ability: Hospitality|[of] p2a: Sinistcha
|turn|3
|
|t:|1757207936
|switch|p1a: Sneasler|Sneasler, L50, F|100/100
|move|p1b: Whimsicott|Encore|p2b: Archaludon
|-start|p2b: Archaludon|Encore
|move|p2b: Archaludon|Snarl|p1a: Sneasler|[spread] p1a,p1b
|-resisted|p1a: Sneasler
|-crit|p1a: Sneasler
|-resisted|p1b: Whimsicott
|-damage|p1a: Sneasler|86/100
|-damage|p1b: Whimsicott|49/100
|-unboost|p1a: Sneasler|spa|1
|-unboost|p1b: Whimsicott|spa|1
|-enditem|p1b: Whimsicott|Sitrus Berry|[eat]
|-heal|p1b: Whimsicott|74/100|[from] item: Sitrus Berry
|move|p2a: Sinistcha|Matcha Gotcha|p1b: Whimsicott|[spread] p1a,p1b
|-resisted|p1a: Sneasler
|-resisted|p1b: Whimsicott
|-damage|p1a: Sneasler|70/100
|-damage|p1b: Whimsicott|56/100
|-status|p1b: Whimsicott|brn
|
|-weather|RainDance|[upkeep]
|-damage|p1b: Whimsicott|50/100 brn|[from] brn
|upkeep
|turn|4
|
|t:|1757207963
|switch|p2a: Kingambit|Kingambit, L50, M|100/100
|move|p1b: Whimsicott|Tailwind|p1b: Whimsicott
|-sidestart|p1: aceccam56|move: Tailwind
|move|p1a: Sneasler|Dire Claw|p2b: Archaludon
|-supereffective|p2b: Archaludon
|-damage|p2b: Archaludon|55/100
|-ability|p2b: Archaludon|Stamina|boost
|-boost|p2b: Archaludon|def|1
|move|p2b: Archaludon|Snarl|p1a: Sneasler|[spread] p1a,p1b
|-resisted|p1a: Sneasler
|-resisted|p1b: Whimsicott
|-damage|p1a: Sneasler|61/100
|-damage|p1b: Whimsicott|41/100 brn
|-unboost|p1a: Sneasler|spa|1
|-unboost|p1b: Whimsicott|spa|1
|
|-weather|RainDance|[upkeep]
|-damage|p1b: Whimsicott|35/100 brn|[from] brn
|upkeep
|turn|5
|
|t:|1757207982
|switch|p1b: Amoonguss|Amoonguss, L50, M, shiny|35/100
|move|p2a: Kingambit|Protect|p2a: Kingambit
|-singleturn|p2a: Kingambit|Protect
|move|p1a: Sneasler|Close Combat|p2a: Kingambit
|-activate|p2a: Kingambit|move: Protect
|move|p2b: Archaludon|Snarl|p1a: Sneasler|[spread] p1a,p1b
|-resisted|p1a: Sneasler
|-damage|p1a: Sneasler|52/100
|-damage|p1b: Amoonguss|25/100
|-unboost|p1a: Sneasler|spa|1
|-unboost|p1b: Amoonguss|spa|1
|
|-weather|none
|-end|p2b: Archaludon|Encore
|upkeep
|turn|6
|
|t:|1757208007
|switch|p2a: Sinistcha|Sinistcha, L50|100/100
|-heal|p2b: Archaludon|80/100|[from] ability: Hospitality|[of] p2a: Sinistcha
|move|p1a: Sneasler|Protect|p1a: Sneasler
|-singleturn|p1a: Sneasler|Protect
|move|p2b: Archaludon|Flash Cannon|p1a: Sneasler
|-activate|p1a: Sneasler|move: Protect
|move|p1b: Amoonguss|Spore|p2b: Archaludon
|-immune|p2b: Archaludon
|
|upkeep
|turn|7
|
|t:|1757208027
|switch|p1b: Ursaluna|Ursaluna-Bloodmoon, L50, M, tera:Normal|91/100
|move|p1a: Sneasler|Dire Claw|p2a: Sinistcha
|-damage|p2a: Sinistcha|70/100
|move|p2b: Archaludon|Flash Cannon|p1a: Sneasler
|-damage|p1a: Sneasler|0 fnt
|faint|p1a: Sneasler
|move|p2a: Sinistcha|Life Dew|p2a: Sinistcha|[spread] p2a,p2b
|-heal|p2a: Sinistcha|95/100
|-heal|p2b: Archaludon|100/100
|
|-sideend|p1: aceccam56|move: Tailwind
|upkeep
|
|t:|1757208033
|switch|p1a: Amoonguss|Amoonguss, L50, M, shiny|58/100
|turn|8
|
|t:|1757208052
|move|p1a: Amoonguss|Rage Powder|p1a: Amoonguss
|-singleturn|p1a: Amoonguss|move: Rage Powder
|move|p2b: Archaludon|Body Press|p1b: Ursaluna
|-supereffective|p1b: Ursaluna
|-damage|p1b: Ursaluna|21/100
|move|p2a: Sinistcha|Matcha Gotcha|p1b: Ursaluna|[spread] p1a,p1b
|-resisted|p1a: Amoonguss
|-damage|p1a: Amoonguss|53/100
|-heal|p2a: Sinistcha|98/100|[from] drain|[of] p1a: Amoonguss
|-damage|p1b: Ursaluna|5/100
|-heal|p2a: Sinistcha|100/100|[from] drain|[of] p1b: Ursaluna
|move|p1b: Ursaluna|Hyper Voice|p2b: Archaludon|[spread] p2a,p2b
|-damage|p2a: Sinistcha|45/100
|-damage|p2b: Archaludon|61/100
|-ability|p2b: Archaludon|Stamina|boost
|-boost|p2b: Archaludon|def|1
|-enditem|p2a: Sinistcha|Sitrus Berry|[eat]
|-heal|p2a: Sinistcha|70/100|[from] item: Sitrus Berry
|
|upkeep
|turn|9
|
|t:|1757208088
|move|p1b: Ursaluna|Vacuum Wave|p2b: Archaludon
|-damage|p2b: Archaludon|49/100
|-ability|p2b: Archaludon|Stamina|boost
|-boost|p2b: Archaludon|def|1
|move|p2b: Archaludon|Body Press|p1b: Ursaluna
|-supereffective|p1b: Ursaluna
|-damage|p1b: Ursaluna|0 fnt
|faint|p1b: Ursaluna
|move|p2a: Sinistcha|Life Dew|p2a: Sinistcha|[spread] p2a,p2b
|-heal|p2a: Sinistcha|95/100
|-heal|p2b: Archaludon|74/100
|move|p1a: Amoonguss|Pollen Puff|p1: Ursaluna|[notarget]
|-fail|p1a: Amoonguss
|
|upkeep
|
|t:|1757208091
|switch|p1b: Whimsicott|Whimsicott, L50, F|35/100 brn
|turn|10
|
|t:|1757208112
|move|p1a: Amoonguss|Rage Powder|p1a: Amoonguss
|-singleturn|p1a: Amoonguss|move: Rage Powder
|move|p1b: Whimsicott|Moonblast|p2a: Sinistcha
|-damage|p2a: Sinistcha|67/100
|-unboost|p2a: Sinistcha|spa|1
|move|p2b: Archaludon|Flash Cannon|p1b: Whimsicott
|-supereffective|p1b: Whimsicott
|-damage|p1b: Whimsicott|0 fnt
|faint|p1b: Whimsicott
|move|p2a: Sinistcha|Curse|p1a: Amoonguss
|-start|p1a: Amoonguss|Curse|[of] p2a: Sinistcha
|-damage|p2a: Sinistcha|17/100
|
|-damage|p1a: Amoonguss|28/100|[from] Curse
|upkeep
|turn|11
|-message|aceccam56 forfeited.
|
|win|winner9630
|raw|aceccam56's rating: 1000 → 1000(+0 for losing)
|raw|winner9630's rating: 1074 → 1097(+23 for winning)
|l|☆aceccam56
|player|p1|
