|j|☆Zero_blazeVGC
|j|☆leonsunp
|html|Zero_blazeVGCleonsunp    
|uhtml|bestof|Game 1 of a best-of-3
|t:|1756679981
|gametype|doubles
|player|p1|Zero_blazeVGC|alder|1209
|player|p2|leonsunp|colress|1218
|gen|9
|tier|[Gen 9] VGC 2025 Reg H (Bo3)
|rated|
|rule|Species Clause: Limit one of each Pokémon
|rule|Item Clause: Limit 1 of each item
|clearpoke
|poke|p1|Rillaboom, L50, F|
|poke|p1|Dragonite, L50, M|
|poke|p1|Sneasler, L50, M|
|poke|p1|Ninetales-Alola, L50, M|
|poke|p1|Kingambit, L50, F|
|poke|p1|Magmar, L50, M|
|poke|p2|Sneasler, L50, M|
|poke|p2|Rillaboom, L50, M|
|poke|p2|Kingambit, L50, M|
|poke|p2|Salamence, L50, F|
|poke|p2|Volcarona, L50, F|
|poke|p2|Ninetales-Alola, L50, F|
|teampreview|4
|showteam|p1|Rillaboom||AssaultVest|GrassySurge|WoodHammer,GrassyGlide,HighHorsepower,FakeOut|||F|||50|,,,,,Fire]Dragonite||LoadedDice|Multiscale|Protect,ScaleShot,LowKick,Haze|||M|||50|,,,,,Fairy]Sneasler||WhiteHerb|Unburden|Protect,DireClaw,CloseCombat,Coaching|||M|||50|,,,,,Ghost]Ninetales-Alola||ChoiceSpecs|SnowWarning|Blizzard,IcyWind,Moonblast,FreezeDry|||M|||50|,,,,,Ghost]Kingambit||SafetyGoggles|Defiant|Protect,KowtowCleave,SuckerPunch,SwordsDance|||F|||50|,,,,,Dark]Magmar||Eviolite|VitalSpirit|Protect,FollowMe,Overheat,WillOWisp|||M|||50|,,,,,Dragon
|showteam|p2|Sneasler||WhiteHerb|Unburden|CloseCombat,DireClaw,Coaching,Protect|||M|||50|,,,,,Stellar]Rillaboom||AssaultVest|GrassySurge|WoodHammer,GrassyGlide,HighHorsepower,FakeOut|||M|||50|,,,,,Water]Kingambit||BlackGlasses|Defiant|KowtowCleave,SuckerPunch,SwordsDance,Protect|||M|||50|,,,,,Dark]Salamence||SafetyGoggles|Intimidate|DualWingbeat,DracoMeteor,Tailwind,Protect|||F|||50|,,,,,Fire]Volcarona||Leftovers|FlameBody|HeatWave,TeraBlast,QuiverDance,Protect|||F|||50|,,,,,Fairy]Ninetales-Alola||LightClay|SnowWarning|Encore,FreezeDry,AuroraVeil,Blizzard|||F|||50|,,,,,Ghost
|inactive|Battle timer is ON: inactive players will automatically lose when time's up. (requested by leonsunp)
|inactive|Zero_blazeVGC has 60 seconds left.
|inactive|leonsunp has 60 seconds left.
|
|t:|1756680037
|teamsize|p1|4
|teamsize|p2|4
|start
|switch|p1a: 90% = 50%|Dragonite, L50, M, shiny|100/100
|switch|p1b: Noah's BFF|Sneasler, L50, M, shiny|100/100
|switch|p2a: Ninetales|Ninetales-Alola, L50, F|100/100
|switch|p2b: Volcarona|Volcarona, L50, F|100/100
|-weather|Snowscape|[from] ability: Snow Warning|[of] p2a: Ninetales
|turn|1
|inactive|Zero_blazeVGC has 30 seconds left.
|inactive|leonsunp has 30 seconds left.
|
|t:|1756680065
|-terastallize|p1a: 90% = 50%|Fairy
|move|p2b: Volcarona|Protect|p2b: Volcarona
|-singleturn|p2b: Volcarona|Protect
|move|p1b: Noah's BFF|Close Combat|p2a: Ninetales
|-damage|p2a: Ninetales|52/100
|-unboost|p1b: Noah's BFF|def|1
|-unboost|p1b: Noah's BFF|spd|1
|-enditem|p1b: Noah's BFF|White Herb
|-clearnegativeboost|p1b: Noah's BFF|[silent]
|move|p2a: Ninetales|Blizzard|p1a: 90% = 50%|[spread] p1a,p1b
|-damage|p1a: 90% = 50%|86/100
|-damage|p1b: Noah's BFF|68/100
|move|p1a: 90% = 50%|Scale Shot|p2b: Volcarona
|-activate|p2b: Volcarona|move: Protect
|
|-weather|Snowscape|[upkeep]
|upkeep
|turn|2
|inactive|Zero_blazeVGC has 30 seconds left.
|inactive|leonsunp has 30 seconds left.
|inactive|Zero_blazeVGC has 20 seconds left.
|inactive|Zero_blazeVGC has 15 seconds left.
|
|t:|1756680105
|switch|p2a: Salamence|Salamence, L50, F|100/100
|-ability|p2a: Salamence|Intimidate|boost
|-unboost|p1a: 90% = 50%|atk|1
|-unboost|p1b: Noah's BFF|atk|1
|move|p1b: Noah's BFF|Dire Claw|p2a: Salamence
|-damage|p2a: Salamence|70/100
|move|p2b: Volcarona|Quiver Dance|p2b: Volcarona
|-boost|p2b: Volcarona|spa|1
|-boost|p2b: Volcarona|spd|1
|-boost|p2b: Volcarona|spe|1
|move|p1a: 90% = 50%|Scale Shot|p2b: Volcarona
|-damage|p2b: Volcarona|90/100
|-damage|p2b: Volcarona|80/100
|-damage|p2b: Volcarona|69/100
|-damage|p2b: Volcarona|58/100
|-hitcount|p2b: Volcarona|4
|-unboost|p1a: 90% = 50%|def|1
|-boost|p1a: 90% = 50%|spe|1
|
|-weather|Snowscape|[upkeep]
|-heal|p2b: Volcarona|64/100|[from] item: Leftovers
|upkeep
|turn|3
|inactive|Zero_blazeVGC has 30 seconds left.
|inactive|leonsunp has 30 seconds left.
|inactive|leonsunp has 20 seconds left.
|
|t:|1756680143
|-terastallize|p2b: Volcarona|Fairy
|move|p1b: Noah's BFF|Coaching|p1a: 90% = 50%
|-boost|p1a: 90% = 50%|atk|1
|-boost|p1a: 90% = 50%|def|1
|move|p2b: Volcarona|Heat Wave|p1b: Noah's BFF|[spread] p1a,p1b
|-damage|p1a: 90% = 50%|32/100
|-damage|p1b: Noah's BFF|12/100
|move|p1a: 90% = 50%|Scale Shot|p2a: Salamence
|-supereffective|p2a: Salamence
|-damage|p2a: Salamence|40/100
|-supereffective|p2a: Salamence
|-damage|p2a: Salamence|9/100
|-supereffective|p2a: Salamence
|-damage|p2a: Salamence|0 fnt
|faint|p2a: Salamence
|-hitcount|p2: Salamence|3
|-unboost|p1a: 90% = 50%|def|1
|-boost|p1a: 90% = 50%|spe|1
|
|-weather|Snowscape|[upkeep]
|-heal|p2b: Volcarona|70/100|[from] item: Leftovers
|upkeep
|
|t:|1756680165
|switch|p2a: Ninetales|Ninetales-Alola, L50, F|52/100
|turn|4
|
|t:|1756680181
|move|p1b: Noah's BFF|Protect|p1b: Noah's BFF
|-singleturn|p1b: Noah's BFF|Protect
|move|p1a: 90% = 50%|Protect|p1a: 90% = 50%
|-singleturn|p1a: 90% = 50%|Protect
|move|p2b: Volcarona|Protect|p2b: Volcarona
|-singleturn|p2b: Volcarona|Protect
|move|p2a: Ninetales|Blizzard|p1a: 90% = 50%|[spread] 
|-activate|p1a: 90% = 50%|move: Protect
|-activate|p1b: Noah's BFF|move: Protect
|
|-weather|Snowscape|[upkeep]
|-heal|p2b: Volcarona|77/100|[from] item: Leftovers
|upkeep
|turn|5
|inactive|Zero_blazeVGC has 30 seconds left.
|inactive|leonsunp has 30 seconds left.
|
|t:|1756680210
|switch|p2b: Sneasler|Sneasler, L50, M|100/100
|move|p1b: Noah's BFF|Dire Claw|p2a: Ninetales
|-supereffective|p2a: Ninetales
|-damage|p2a: Ninetales|10/100
|move|p1a: 90% = 50%|Haze|p1a: 90% = 50%
|-clearallboost
|move|p2a: Ninetales|Blizzard|p1b: Noah's BFF|[spread] p1a,p1b
|-damage|p1a: 90% = 50%|5/100
|-damage|p1b: Noah's BFF|0 fnt
|faint|p1b: Noah's BFF
|
|-weather|none
|upkeep
|inactive|Zero_blazeVGC has 30 seconds left.
|
|t:|1756680243
|switch|p1b: Mogmar|Magmar, L50, M, shiny|100/100
|turn|6
|inactive|Zero_blazeVGC has 30 seconds left.
|
|t:|1756680273
|switch|p2a: Volcarona|Volcarona, L50, F, tera:Fairy|77/100
|move|p1b: Mogmar|Follow Me|p1b: Mogmar
|-singleturn|p1b: Mogmar|move: Follow Me
|move|p2b: Sneasler|Close Combat|p1b: Mogmar
|-damage|p1b: Mogmar|45/100
|-unboost|p2b: Sneasler|def|1
|-unboost|p2b: Sneasler|spd|1
|-enditem|p2b: Sneasler|White Herb
|-clearnegativeboost|p2b: Sneasler|[silent]
|move|p1a: 90% = 50%|Scale Shot|p2b: Sneasler
|-damage|p2b: Sneasler|75/100
|-damage|p2b: Sneasler|50/100
|-damage|p2b: Sneasler|25/100
|-damage|p2b: Sneasler|0 fnt
|faint|p2b: Sneasler
|-hitcount|p2: Sneasler|4
|-unboost|p1a: 90% = 50%|def|1
|-boost|p1a: 90% = 50%|spe|1
|
|-heal|p2a: Volcarona|83/100|[from] item: Leftovers
|upkeep
|
|t:|1756680286
|switch|p2b: Ninetales|Ninetales-Alola, L50, F|10/100
|-weather|Snowscape|[from] ability: Snow Warning|[of] p2b: Ninetales
|turn|7
|
|t:|1756680306
|move|p1a: 90% = 50%|Protect|p1a: 90% = 50%
|-singleturn|p1a: 90% = 50%|Protect
|move|p2b: Ninetales|Blizzard|p1b: Mogmar|[spread] p1b
|-activate|p1a: 90% = 50%|move: Protect
|-resisted|p1b: Mogmar
|-damage|p1b: Mogmar|35/100
|move|p2a: Volcarona|Quiver Dance|p2a: Volcarona
|-boost|p2a: Volcarona|spa|1
|-boost|p2a: Volcarona|spd|1
|-boost|p2a: Volcarona|spe|1
|move|p1b: Mogmar|Overheat|p2b: Ninetales
|-supereffective|p2b: Ninetales
|-damage|p2b: Ninetales|0 fnt
|-unboost|p1b: Mogmar|spa|2
|faint|p2b: Ninetales
|
|-weather|Snowscape|[upkeep]
|-heal|p2a: Volcarona|89/100|[from] item: Leftovers
|upkeep
|turn|8
|inactive|Zero_blazeVGC has 30 seconds left.
|
|t:|1756680332
|move|p2a: Volcarona|Heat Wave|p1a: 90% = 50%|[spread] p1a,p1b
|-resisted|p1b: Mogmar
|-damage|p1a: 90% = 50%|0 fnt
|-damage|p1b: Mogmar|15/100
|faint|p1a: 90% = 50%
|move|p1b: Mogmar|Overheat|p2a: Volcarona
|-damage|p2a: Volcarona|76/100
|-unboost|p1b: Mogmar|spa|2
|
|-weather|Snowscape|[upkeep]
|-heal|p2a: Volcarona|82/100|[from] item: Leftovers
|upkeep
|
|t:|1756680336
|switch|p1a: Hi peli|Ninetales-Alola, L50, M, shiny|100/100
|turn|9
|inactive|Zero_blazeVGC has 30 seconds left.
|
|t:|1756680361
|move|p2a: Volcarona|Heat Wave|p1a: Hi peli|[spread] p1a,p1b
|-supereffective|p1a: Hi peli
|-resisted|p1b: Mogmar
|-damage|p1a: Hi peli|0 fnt
|-damage|p1b: Mogmar|0 fnt
|faint|p1a: Hi peli
|faint|p1b: Mogmar
|
|win|leonsunp
||leonsunp is ready for game 2.
