|j|☆Tinged
|j|☆GubGubFan
|html|TingedGubGubFan    
|uhtml|bestof|Game 2 of a best-of-3
|t:|1757737561
|gametype|doubles
|player|p1|Tinged|pokemaniac|
|player|p2|GubGubFan|baoba|
|gen|9
|tier|[Gen 9] VGC 2025 Reg H (Bo3)
|rule|Species Clause: Limit one of each Pokémon
|rule|Item Clause: Limit 1 of each item
|clearpoke
|poke|p1|Ursaluna, L50, M|
|poke|p1|Charizard, L50, M|
|poke|p1|Torkoal, L50, F|
|poke|p1|Exeggutor-Alola, L50, F|
|poke|p1|Sneasler, L50, M|
|poke|p1|Kingambit, L50, M|
|poke|p2|Tyranitar, L50, M|
|poke|p2|Excadrill, L50, M|
|poke|p2|Basculegion, L50, M|
|poke|p2|Volcarona, L50, M|
|poke|p2|Dragonite, L50, F|
|poke|p2|Magmar, L50, F|
|teampreview|4
|showteam|p1|Ursaluna||FlameOrb|Guts|HeadlongRush,Facade,Protect,CloseCombat|||M|||50|,,,,,Ghost]Charizard||ChoiceScarf|SolarPower|HeatWave,WeatherBall,AirSlash,ScorchingSands|||M|||50|,,,,,Fire]Torkoal||SafetyGoggles|Drought|Eruption,Protect,HelpingHand,Flamethrower|||F|||50|,,,,,Fire]Exeggutor-Alola||SitrusBerry|Harvest|TrickRoom,Protect,DragonPulse,GigaDrain|||F|||50|,,,,,Ghost]Sneasler||WhiteHerb|Unburden|CloseCombat,DireClaw,FakeOut,Protect|||M|||50|,,,,,Fighting]Kingambit||AssaultVest|Defiant|KowtowCleave,SuckerPunch,IronHead,LowKick|||M|||50|,,,,,Fairy
|showteam|p2|Tyranitar||AssaultVest|SandStream|RockSlide,KnockOff,LowKick,TeraBlast|||M|||50|,,,,,Flying]Excadrill||FocusSash|SandRush|Earthquake,HighHorsepower,IronHead,Protect|||M|||50|,,,,,Ground]Basculegion||ChoiceScarf|Adaptability|WaveCrash,FlipTurn,AquaJet,LastRespects|||M|||50|,,,,,Grass]Volcarona||Leftovers|FlameBody|HeatWave,QuiverDance,TeraBlast,Protect|||M|||50|,,,,,Fairy]Dragonite||LoadedDice|Multiscale|Protect,Tailwind,ScaleShot,Haze|||F|||50|,,,,,Fairy]Magmar||Eviolite|VitalSpirit|FollowMe,Taunt,HeatWave,WillOWisp|||F|||50|,,,,,Grass
|j| TorukVGC
|
|t:|1757737629
|teamsize|p1|4
|teamsize|p2|4
|start
|switch|p1a: Exeggutor|Exeggutor-Alola, L50, F|100/100
|switch|p1b: Kingambit|Kingambit, L50, M|100/100
|switch|p2a: Basculegion|Basculegion, L50, M|100/100
|switch|p2b: Volcarona|Volcarona, L50, M|100/100
|turn|1
|
|t:|1757737647
|move|p2a: Basculegion|Flip Turn|p1b: Kingambit
|-damage|p1b: Kingambit|73/100
|
|t:|1757737653
|switch|p2a: Tyranitar|Tyranitar, L50, M|100/100|[from] Flip Turn
|-weather|Sandstorm|[from] ability: Sand Stream|[of] p2a: Tyranitar
|move|p2b: Volcarona|Heat Wave|p1a: Exeggutor|[spread] p1a,p1b
|-supereffective|p1b: Kingambit
|-damage|p1a: Exeggutor|66/100
|-damage|p1b: Kingambit|24/100
|move|p1b: Kingambit|Kowtow Cleave|p2a: Tyranitar
|-resisted|p2a: Tyranitar
|-damage|p2a: Tyranitar|81/100
|move|p1a: Exeggutor|Trick Room|p1a: Exeggutor
|-fieldstart|move: Trick Room|[of] p1a: Exeggutor
|
|-weather|Sandstorm|[upkeep]
|-damage|p1a: Exeggutor|61/100|[from] Sandstorm
|-damage|p2b: Volcarona|94/100|[from] Sandstorm
|-heal|p2b: Volcarona|100/100|[from] item: Leftovers
|upkeep
|turn|2
|
|t:|1757737730
|-terastallize|p2a: Tyranitar|Flying
|move|p1a: Exeggutor|Giga Drain|p2a: Tyranitar
|-resisted|p2a: Tyranitar
|-damage|p2a: Tyranitar|69/100
|-heal|p1a: Exeggutor|68/100|[from] drain|[of] p2a: Tyranitar
|move|p1b: Kingambit|Kowtow Cleave|p2b: Volcarona
|-damage|p2b: Volcarona|41/100
|move|p2a: Tyranitar|Low Kick|p1b: Kingambit
|-supereffective|p1b: Kingambit
|-damage|p1b: Kingambit|0 fnt
|faint|p1b: Kingambit
|move|p2b: Volcarona|Heat Wave|p1a: Exeggutor
|-damage|p1a: Exeggutor|21/100
|-enditem|p1a: Exeggutor|Sitrus Berry|[eat]
|-heal|p1a: Exeggutor|46/100|[from] item: Sitrus Berry
|
|-weather|Sandstorm|[upkeep]
|-damage|p1a: Exeggutor|40/100|[from] Sandstorm
|-damage|p2a: Tyranitar|63/100|[from] Sandstorm
|-damage|p2b: Volcarona|34/100|[from] Sandstorm
|-heal|p2b: Volcarona|41/100|[from] item: Leftovers
|upkeep
|
|t:|1757737740
|switch|p1b: Torkoal|Torkoal, L50, F|100/100
|-weather|SunnyDay|[from] ability: Drought|[of] p1b: Torkoal
|turn|3
|
|t:|1757737762
|switch|p2a: Basculegion|Basculegion, L50, M|100/100
|-terastallize|p1b: Torkoal|Fire
|move|p2b: Volcarona|Protect|p2b: Volcarona
|-singleturn|p2b: Volcarona|Protect
|move|p1b: Torkoal|Eruption|p2b: Volcarona|[spread] p2a
|-activate|p2b: Volcarona|move: Protect
|-resisted|p2a: Basculegion
|-damage|p2a: Basculegion|44/100
|move|p1a: Exeggutor|Dragon Pulse|p2a: Basculegion
|-damage|p2a: Basculegion|0 fnt
|faint|p2a: Basculegion
|
|-weather|SunnyDay|[upkeep]
|-heal|p2b: Volcarona|47/100|[from] item: Leftovers
|-item|p1a: Exeggutor|Sitrus Berry|[from] ability: Harvest
|upkeep
|-enditem|p1a: Exeggutor|Sitrus Berry|[eat]
|-heal|p1a: Exeggutor|65/100|[from] item: Sitrus Berry
|
|t:|1757737773
|switch|p2a: Tyranitar|Tyranitar, L50, M, tera:Flying|63/100
|-weather|Sandstorm|[from] ability: Sand Stream|[of] p2a: Tyranitar
|turn|4
|
|t:|1757737796
|move|p1b: Torkoal|Eruption|p2b: Volcarona|[spread] p2a,p2b
|-damage|p2a: Tyranitar|24/100
|-damage|p2b: Volcarona|0 fnt
|faint|p2b: Volcarona
|move|p1a: Exeggutor|Dragon Pulse|p2a: Tyranitar
|-damage|p2a: Tyranitar|0 fnt
|faint|p2a: Tyranitar
|
|-weather|Sandstorm|[upkeep]
|-damage|p1a: Exeggutor|59/100|[from] Sandstorm
|upkeep
|
|t:|1757737805
|switch|p2a: Excadrill|Excadrill, L50, M|100/100
|turn|5
|
|t:|1757737816
|switch|p1b: Charizard|Charizard, L50, M, shiny|100/100
|move|p2a: Excadrill|Protect|p2a: Excadrill
|-singleturn|p2a: Excadrill|Protect
|move|p1a: Exeggutor|Giga Drain|p2a: Excadrill
|-activate|p2a: Excadrill|move: Protect
|
|-weather|Sandstorm|[upkeep]
|-damage|p1a: Exeggutor|53/100|[from] Sandstorm
|-damage|p1b: Charizard|95/100|[from] Sandstorm
|-fieldend|move: Trick Room
|-item|p1a: Exeggutor|Sitrus Berry|[from] ability: Harvest
|upkeep
|turn|6
|
|t:|1757737828
|move|p2a: Excadrill|Iron Head|p1a: Exeggutor
|-damage|p1a: Exeggutor|2/100
|-enditem|p1a: Exeggutor|Sitrus Berry|[eat]
|-heal|p1a: Exeggutor|27/100|[from] item: Sitrus Berry
|move|p1b: Charizard|Heat Wave|p2a: Excadrill
|-supereffective|p2a: Excadrill
|-enditem|p2a: Excadrill|Focus Sash
|-damage|p2a: Excadrill|1/100
|move|p1a: Exeggutor|Giga Drain|p2a: Excadrill
|-damage|p2a: Excadrill|0 fnt
|-heal|p1a: Exeggutor|27/100|[from] drain|[of] p2a: Excadrill
|faint|p2a: Excadrill
|
|win|Tinged
|inactive|Tinged has 30 seconds to confirm battle start!
|inactive|GubGubFan has 30 seconds to confirm battle start!
||Tinged is ready for game 3.
||GubGubFan is ready for game 3.
|uhtml|next|Next: Game 3 of 3
|l| TorukVGC
|l|☆Tinged
|player|p1|
