|j|☆dreckige_pizza
|j|☆PerishingSongVGC
|html|dreckige_pizzaPerishingSongVGC    
|uhtml|bestof|Game 2 of a best-of-3
|t:|1757834540
|gametype|doubles
|player|p1|dreckige_pizza|265|1048
|player|p2|PerishingSongVGC|1|1011
|gen|9
|tier|[Gen 9] VGC 2025 Reg H (Bo3)
|rated|
|rule|Species Clause: Limit one of each Pokémon
|rule|Item Clause: Limit 1 of each item
|clearpoke
|poke|p1|Pikachu, L50, M|
|poke|p1|Haxorus, L50, M|
|poke|p1|Quaquaval, L50, M|
|poke|p1|Hitmontop, L50, M|
|poke|p1|Murkrow, L50, M|
|poke|p1|Blaziken, L50, F|
|poke|p2|Incineroar, L50, M|
|poke|p2|Primarina, L50, F|
|poke|p2|Ursaluna-Bloodmoon, L50, M|
|poke|p2|Gothitelle, L50, F|
|poke|p2|Sinistcha, L50|
|poke|p2|Kingambit, L50, M|
|teampreview|4
|showteam|p1|Pikachu||Eviolite|LightningRod|Electroweb,FakeOut,Encore,ThunderWave|||M|||50|,,,,,Electric]Haxorus||LifeOrb|MoldBreaker|SwordsDance,CloseCombat,Earthquake,DragonClaw|||M|||50|,,,,,Ground]Quaquaval||ClearAmulet|Torrent|SwordsDance,AquaStep,CloseCombat,Detect|||M|||50|,,,,,Water]Hitmontop||Leftovers|Intimidate|FakeOut,Coaching,HelpingHand,WideGuard|||M|||50|,,,,,Fighting]Murkrow||FocusSash|Prankster|Tailwind,Uturn,Haze,Snarl|||M|||50|,,,,,Dark]Blaziken||ShellBell|SpeedBoost|SwordsDance,Detect,CloseCombat,FlareBlitz|||F|||50|,,,,,Fire
|showteam|p2|Incineroar||CovertCloak|Intimidate|FakeOut,PartingShot,KnockOff,FlareBlitz|||M|||50|,,,,,Grass]Primarina||ThroatSpray|LiquidVoice|HyperVoice,Moonblast,PerishSong,Protect|||F|||50|,,,,,Grass]Ursaluna-Bloodmoon||LifeOrb|MindsEye|BloodMoon,HyperVoice,EarthPower,Protect|||M|||50|,,,,,Normal]Gothitelle||SitrusBerry|ShadowTag|FakeOut,Protect,TrickRoom,Psychic|||F|||50|,,,,,Psychic]Sinistcha||RockyHelmet|Hospitality|MatchaGotcha,TrickRoom,LifeDew,RagePowder||||||50|,,,,,Dark]Kingambit||SafetyGoggles|Defiant|SuckerPunch,IronHead,KowtowCleave,Protect|||M|||50|,,,,,Flying
|
|t:|1757834565
|teamsize|p1|4
|teamsize|p2|4
|start
|switch|p1a: Blaziken|Blaziken, L50, F|100/100
|switch|p1b: Hitmontop|Hitmontop, L50, M|100/100
|switch|p2a: Primarina|Primarina, L50, F|100/100
|switch|p2b: Gothitelle|Gothitelle, L50, F|100/100
|-ability|p1b: Hitmontop|Intimidate|boost
|-unboost|p2a: Primarina|atk|1
|-unboost|p2b: Gothitelle|atk|1
|turn|1
|
|t:|1757834596
|-terastallize|p1a: Blaziken|Fire
|move|p1a: Blaziken|Flare Blitz|p2b: Gothitelle
|-damage|p2b: Gothitelle|29/100
|-enditem|p2b: Gothitelle|Sitrus Berry|[eat]
|-heal|p2b: Gothitelle|54/100|[from] item: Sitrus Berry
|-damage|p1a: Blaziken|73/100|[from] Recoil
|-heal|p1a: Blaziken|83/100|[from] item: Shell Bell|[of] p2b: Gothitelle
|move|p1b: Hitmontop|Coaching|p1a: Blaziken
|-boost|p1a: Blaziken|atk|1
|-boost|p1a: Blaziken|def|1
|move|p2a: Primarina|Moonblast|p1b: Hitmontop
|-supereffective|p1b: Hitmontop
|-damage|p1b: Hitmontop|4/100
|move|p2b: Gothitelle|Trick Room|p2b: Gothitelle
|-fieldstart|move: Trick Room|[of] p2b: Gothitelle
|
|-heal|p1b: Hitmontop|9/100|[from] item: Leftovers
|-ability|p1a: Blaziken|Speed Boost|boost
|-boost|p1a: Blaziken|spe|1
|upkeep
|turn|2
|
|t:|1757834631
|move|p1a: Blaziken|Detect|p1a: Blaziken
|-singleturn|p1a: Blaziken|Protect
|move|p1b: Hitmontop|Wide Guard|p1b: Hitmontop
|-singleturn|p1b: Hitmontop|Wide Guard
|move|p2a: Primarina|Hyper Voice|p1b: Hitmontop|[spread] 
|-activate|p1a: Blaziken|move: Wide Guard
|-activate|p1b: Hitmontop|move: Wide Guard
|move|p2b: Gothitelle|Psychic|p1a: Blaziken
|-activate|p1a: Blaziken|move: Protect
|
|-heal|p1b: Hitmontop|15/100|[from] item: Leftovers
|-ability|p1a: Blaziken|Speed Boost|boost
|-boost|p1a: Blaziken|spe|1
|upkeep
|turn|3
|
|t:|1757834669
|move|p2a: Primarina|Moonblast|p1a: Blaziken
|-resisted|p1a: Blaziken
|-damage|p1a: Blaziken|49/100
|move|p2b: Gothitelle|Psychic|p1b: Hitmontop
|-supereffective|p1b: Hitmontop
|-damage|p1b: Hitmontop|0 fnt
|faint|p1b: Hitmontop
|move|p1a: Blaziken|Flare Blitz|p2b: Gothitelle
|-damage|p2b: Gothitelle|0 fnt
|faint|p2b: Gothitelle
|-damage|p1a: Blaziken|29/100|[from] Recoil
|-heal|p1a: Blaziken|36/100|[from] item: Shell Bell|[of] p2: Gothitelle
|
|-ability|p1a: Blaziken|Speed Boost|boost
|-boost|p1a: Blaziken|spe|1
|upkeep
|
|t:|1757834693
|switch|p2b: Ursaluna|Ursaluna-Bloodmoon, L50, M|100/100
|switch|p1b: Haxorus|Haxorus, L50, M|100/100
|-ability|p1b: Haxorus|Mold Breaker
|turn|4
|
|t:|1757834704
|-terastallize|p2b: Ursaluna|Normal
|move|p1a: Blaziken|Detect|p1a: Blaziken
|-singleturn|p1a: Blaziken|Protect
|move|p2b: Ursaluna|Blood Moon|p1b: Haxorus
|-damage|p1b: Haxorus|0 fnt
|faint|p1b: Haxorus
|-damage|p2b: Ursaluna|90/100|[from] item: Life Orb
|move|p2a: Primarina|Hyper Voice|p1a: Blaziken
|-activate|p1a: Blaziken|move: Protect
|
|-ability|p1a: Blaziken|Speed Boost|boost
|-boost|p1a: Blaziken|spe|1
|upkeep
|
|t:|1757834720
|switch|p1b: Quaquaval|Quaquaval, L50, M|100/100
|turn|5
|
|t:|1757834726
|move|p1b: Quaquaval|Detect|p1b: Quaquaval
|-singleturn|p1b: Quaquaval|Protect
|move|p1a: Blaziken|Detect|p1a: Blaziken
|-singleturn|p1a: Blaziken|Protect
|move|p2b: Ursaluna|Hyper Voice|p1a: Blaziken|[spread] 
|-activate|p1a: Blaziken|move: Protect
|-activate|p1b: Quaquaval|move: Protect
|move|p2a: Primarina|Hyper Voice|p1a: Blaziken|[spread] 
|-activate|p1a: Blaziken|move: Protect
|-activate|p1b: Quaquaval|move: Protect
|
|-fieldend|move: Trick Room
|-ability|p1a: Blaziken|Speed Boost|boost
|-boost|p1a: Blaziken|spe|1
|upkeep
|turn|6
|
|t:|1757834744
|move|p1a: Blaziken|Close Combat|p2b: Ursaluna
|-supereffective|p2b: Ursaluna
|-damage|p2b: Ursaluna|0 fnt
|-unboost|p1a: Blaziken|def|1
|-unboost|p1a: Blaziken|spd|1
|faint|p2b: Ursaluna
|-heal|p1a: Blaziken|51/100|[from] item: Shell Bell|[of] p2: Ursaluna
|move|p1b: Quaquaval|Swords Dance|p1b: Quaquaval
|-boost|p1b: Quaquaval|atk|2
|move|p2a: Primarina|Hyper Voice|p1b: Quaquaval|[spread] p1a,p1b
|-supereffective|p1a: Blaziken
|-resisted|p1b: Quaquaval
|-damage|p1a: Blaziken|0 fnt
|-damage|p1b: Quaquaval|80/100
|faint|p1a: Blaziken
|-enditem|p2a: Primarina|Throat Spray
|-boost|p2a: Primarina|spa|1|[from] item: Throat Spray
|
|upkeep
|
|t:|1757834753
|switch|p2b: Sinistcha|Sinistcha, L50|100/100
|turn|7
|
|t:|1757834776
|move|p2b: Sinistcha|Rage Powder|p2b: Sinistcha
|-singleturn|p2b: Sinistcha|move: Rage Powder
|move|p1b: Quaquaval|Close Combat|p2b: Sinistcha
|-immune|p2b: Sinistcha
|move|p2a: Primarina|Moonblast|p1b: Quaquaval
|-supereffective|p1b: Quaquaval
|-damage|p1b: Quaquaval|0 fnt
|faint|p1b: Quaquaval
|
|win|PerishingSongVGC
|raw|dreckige_pizza's rating: 1033 → 1017(-16 for losing)
|raw|PerishingSongVGC's rating: 1011 → 1052(+41 for winning)
|l|☆dreckige_pizza
|player|p1|
|c|☆PerishingSongVGC|gg#
|l|☆PerishingSongVGC
|player|p2|
