|j|☆wing2103
|j|☆Lorido
|html|wing2103Lorido    
|uhtml|bestof|Game 1 of a best-of-3
|t:|1784787201
|gametype|doubles
|player|p1|wing2103|guitarist-gen4|1015
|player|p2|Lorido|265|1184
|gen|9
|tier|[Gen 9 Champions] VGC 2026 Reg M-B (Bo3)
|rated|
|rule|Species Clause: Limit one of each Pokémon
|rule|Item Clause: Limit 1 of each item
|clearpoke
|poke|p1|Politoed, L50, F, shiny|
|poke|p1|Noivern, L50, M|
|poke|p1|Staraptor, L50, M|
|poke|p1|Whimsicott, L50, F|
|poke|p1|Basculegion, L50, M|
|poke|p1|Archaludon, L50, M, shiny|
|poke|p2|Aerodactyl, L50, M|
|poke|p2|Kingambit, L50, F|
|poke|p2|Sylveon, L50, M|
|poke|p2|Charizard, L50, F|
|poke|p2|Garchomp, L50, M|
|poke|p2|Farigiraf, L50, F|
|teampreview|4
|showteam|p1|Politoed||ExpertBelt|Drizzle|HelpingHand,Protect,EarthPower,WeatherBall|Timid||F|||50|]Noivern||ScopeLens|Infiltrator|Hurricane,HeatWave,Protect,DracoMeteor|Timid||M|||50|]Staraptor||Staraptite|Intimidate|BraveBird,CloseCombat,Protect,BrickBreak|Jolly||M|||50|]Whimsicott||FocusSash|Prankster|Charm,Endeavor,Tailwind,Taunt|Timid||F|||50|]Basculegion||LifeOrb|SwiftSwim|FlipTurn,LastRespects,Liquidation,PsychicFangs|Adamant||M|||50|]Archaludon||ChoiceScarf|Sturdy|ElectroShot,DracoMeteor,FlashCannon,Protect|Modest||M|||50|
|showteam|p2|Aerodactyl||Aerodactylite|Unnerve|RockSlide,DualWingbeat,IceFang,Tailwind|Jolly||M|||50|]Kingambit||BlackGlasses|Defiant|KowtowCleave,IronHead,SuckerPunch,LowKick|Jolly||F|||50|]Sylveon||FairyFeather|Pixilate|HyperVoice,QuickAttack,HyperBeam,Detect|Modest||M|||50|]Charizard||CharizarditeY|Blaze|HeatWave,WeatherBall,SolarBeam,Protect|Modest||F|||50|]Garchomp||LifeOrb|RoughSkin|DragonClaw,Earthquake,RockSlide,Protect|Jolly||M|||50|]Farigiraf||SitrusBerry|ArmorTail|TwinBeam,Thunderbolt,TrickRoom,HelpingHand|Relaxed||F|||50|
|inactive|Battle timer is ON: inactive players will automatically lose when time's up. (requested by Lorido)
|inactive|wing2103 has 60 seconds left.
|inactive|Lorido has 60 seconds left.
|
|t:|1784787254
|teamsize|p1|4
|teamsize|p2|4
|start
|switch|p1a: furfru|Whimsicott, L50, F|100/100
|switch|p1b: emoe|Staraptor, L50, M|100/100
|switch|p2a: Aerodactyl|Aerodactyl, L50, M|100/100
|switch|p2b: Sylveon|Sylveon, L50, M|100/100
|-ability|p2a: Aerodactyl|Unnerve
|-ability|p1b: emoe|Intimidate|boost
|-unboost|p2a: Aerodactyl|atk|1
|-unboost|p2b: Sylveon|atk|1
|turn|1
|inactive|wing2103 has 30 seconds left.
|
|t:|1784787284
|move|p1b: emoe|Protect|p1b: emoe
|-singleturn|p1b: emoe|Protect
|move|p1a: furfru|Tailwind|p1a: furfru
|-sidestart|p1: wing2103|move: Tailwind
|move|p2a: Aerodactyl|Tailwind|p2a: Aerodactyl
|-sidestart|p2: Lorido|move: Tailwind
|move|p2b: Sylveon|Hyper Voice|p1a: furfru|[spread] p1a
|-activate|p1b: emoe|move: Protect
|-damage|p1a: furfru|46/100
|
|upkeep
|turn|2
|inactive|wing2103 has 30 seconds left.
|inactive|Lorido has 30 seconds left.
|
|t:|1784787315
|switch|p2b: Farigiraf|Farigiraf, L50, F|100/100
|detailschange|p1b: emoe|Staraptor-Mega, L50, M
|-mega|p1b: emoe|Staraptor|Staraptite
|move|p1a: furfru|Charm|p1b: emoe
|-boost|p1b: emoe|atk|2
|move|p2a: Aerodactyl|Dual Wingbeat|p1b: emoe
|-supereffective|p1b: emoe|1
|-damage|p1b: emoe|74/100
|-supereffective|p1b: emoe|1
|-damage|p1b: emoe|48/100
|-hitcount|p1b: emoe|2
|move|p1b: emoe|Brave Bird|p2b: Farigiraf
|-damage|p2b: Farigiraf|0 fnt
|faint|p2b: Farigiraf
|-damage|p1b: emoe|2/100|[from] Recoil
|
|upkeep
|
|t:|1784787330
|switch|p2b: Sylveon|Sylveon, L50, M|100/100
|turn|3
|
|t:|1784787344
|move|p1b: emoe|Protect|p1b: emoe
|-singleturn|p1b: emoe|Protect
|move|p1a: furfru|Charm|p1b: emoe
|-activate|p1b: emoe|move: Protect
|move|p2b: Sylveon|Quick Attack|p1b: emoe
|-activate|p1b: emoe|move: Protect
|move|p2a: Aerodactyl|Dual Wingbeat|p1a: furfru
|-supereffective|p1a: furfru|1
|-damage|p1a: furfru|17/100
|-supereffective|p1a: furfru|1
|-damage|p1a: furfru|0 fnt
|faint|p1a: furfru
|-hitcount|p1: furfru|2
|
|upkeep
|
|t:|1784787357
|switch|p1a: toddler|Politoed, L50, F, shiny|100/100
|-weather|RainDance|[from] ability: Drizzle|[of] p1a: toddler
|turn|4
|
|t:|1784787372
|switch|p1b: Archaludon|Archaludon, L50, M, shiny|100/100
|move|p1a: toddler|Protect|p1a: toddler
|-singleturn|p1a: toddler|Protect
|move|p2a: Aerodactyl|Rock Slide|p1b: Archaludon|[spread] p1b
|-activate|p1a: toddler|move: Protect
|-resisted|p1b: Archaludon|1
|-damage|p1b: Archaludon|92/100
|move|p2b: Sylveon|Hyper Voice|p1b: Archaludon|[spread] p1b
|-activate|p1a: toddler|move: Protect
|-damage|p1b: Archaludon|23/100
|
|-weather|RainDance|[upkeep]
|-sideend|p2: Lorido|move: Tailwind
|-sideend|p1: wing2103|move: Tailwind
|upkeep
|turn|5
|
|t:|1784787391
|move|p1b: Archaludon|Electro Shot||[still]
|-prepare|p1b: Archaludon|Electro Shot
|-boost|p1b: Archaludon|spa|1
|-anim|p1b: Archaludon|Electro Shot|p2b: Sylveon
|-damage|p2b: Sylveon|44/100
|move|p2a: Aerodactyl|Tailwind|p2a: Aerodactyl
|-sidestart|p2: Lorido|move: Tailwind
|move|p2b: Sylveon|Hyper Voice|p1b: Archaludon|[spread] p1a,p1b
|-damage|p1a: toddler|52/100
|-damage|p1b: Archaludon|0 fnt
|faint|p1b: Archaludon
|move|p1a: toddler|Weather Ball|p2a: Aerodactyl
|-supereffective|p2a: Aerodactyl|1
|-damage|p2a: Aerodactyl|0 fnt
|faint|p2a: Aerodactyl
|
|-weather|RainDance|[upkeep]
|upkeep
|
|t:|1784787405
|switch|p2a: Charizard|Charizard, L50, F|100/100
|switch|p1b: emoe|Staraptor-Mega, L50, M|2/100
|turn|6
|
|t:|1784787416
|detailschange|p2a: Charizard|Charizard-Mega-Y, L50, F
|-mega|p2a: Charizard|Charizard|Charizardite Y
|-weather|SunnyDay|[from] ability: Drought|[of] p2a: Charizard
|move|p1a: toddler|Helping Hand|p1b: emoe
|-singleturn|p1b: emoe|Helping Hand|[of] p1a: toddler
|move|p2b: Sylveon|Quick Attack|p1b: emoe
|-supereffective|p1b: emoe|1
|-damage|p1b: emoe|0 fnt
|faint|p1b: emoe
|move|p2a: Charizard|Solar Beam||[still]
|-prepare|p2a: Charizard|Solar Beam
|-anim|p2a: Charizard|Solar Beam|p1a: toddler
|-supereffective|p1a: toddler|1
|-damage|p1a: toddler|0 fnt
|faint|p1a: toddler
|
|win|Lorido
