|j|☆ui90op
|j|☆Chelicerate1
|html|ui90opChelicerate1    
|uhtml|bestof|Game 2 of a best-of-3
|t:|1785760605
|gametype|doubles
|player|p1|ui90op|pokemonbreeder-gen4|1331
|player|p2|Chelicerate1|ethan|1298
|gen|9
|tier|[Gen 9 Champions] VGC 2026 Reg M-B (Bo3)
|rated|
|rule|Species Clause: Limit one of each Pokémon
|rule|Item Clause: Limit 1 of each item
|clearpoke
|poke|p1|Incineroar, L50, M|
|poke|p1|Azumarill, L50, M|
|poke|p1|Raichu, L50, M|
|poke|p1|Altaria, L50, M|
|poke|p1|Sinistcha, L50|
|poke|p1|Floette-Eternal, L50, F|
|poke|p2|Grimmsnarl, L50, M|
|poke|p2|Basculegion, L50, M|
|poke|p2|Charizard, L50, F|
|poke|p2|Pelipper, L50, M|
|poke|p2|Venusaur, L50, M|
|poke|p2|Archaludon, L50, M|
|teampreview|4
|showteam|p1|Incineroar||PasshoBerry|Intimidate|FlareBlitz,DarkestLariat,PartingShot,FakeOut|Adamant||M|||50|]Azumarill||SitrusBerry|HugePower|PlayRough,AquaJet,BellyDrum,Protect|Brave||M|||50|]Raichu||RaichuniteY|LightningRod|ZapCannon,FocusBlast,FakeOut,Protect|Timid||M|||50|]Altaria||RoseliBerry|CloudNine|BraveBird,Tailwind,WillOWisp,HelpingHand|Jolly||M|||50|]Sinistcha||KasibBerry|Hospitality|MatchaGotcha,TrickRoom,RagePowder,Protect|Bold|||||50|]Floette-Eternal||Floettite|FlowerVeil|CalmMind,DazzlingGleam,Moonblast,Protect|Modest||F|||50|
|showteam|p2|Grimmsnarl||LightClay|Prankster|SpiritBreak,PartingShot,Reflect,LightScreen|Sassy||M|||50|]Basculegion||ChoiceScarf|Adaptability|LastRespects,WaveCrash,AquaJet,FlipTurn|Jolly||M|||50|]Charizard||CharizarditeY|Blaze|Protect,HeatWave,WeatherBall,SolarBeam|Modest||F|||50|]Pelipper||SitrusBerry|Drizzle|Hurricane,WeatherBall,Tailwind,WideGuard|Modest||M|||50|]Venusaur||FocusSash|Chlorophyll|SludgeBomb,SleepPowder,EarthPower,Protect|Modest||M|||50|]Archaludon||Leftovers|Stamina|ElectroShot,DragonPulse,FlashCannon,Protect|Calm||M|||50|
|inactive|Battle timer is ON: inactive players will automatically lose when time's up. (requested by Chelicerate1)
|
|t:|1785760634
|teamsize|p1|4
|teamsize|p2|4
|start
|switch|p1a: Incineroar|Incineroar, L50, M|100/100
|switch|p1b: Altaria|Altaria, L50, M|100/100
|switch|p2a: Charizard|Charizard, L50, F|100/100
|switch|p2b: Grimmsnarl|Grimmsnarl, L50, M|100/100
|-ability|p1b: Altaria|Cloud Nine
|-ability|p1a: Incineroar|Intimidate|boost
|-unboost|p2a: Charizard|atk|1
|-unboost|p2b: Grimmsnarl|atk|1
|turn|1
|
|t:|1785760645
|detailschange|p2a: Charizard|Charizard-Mega-Y, L50, F
|-mega|p2a: Charizard|Charizard|Charizardite Y
|-weather|SunnyDay|[from] ability: Drought|[of] p2a: Charizard
|move|p1b: Altaria|Helping Hand|p1a: Incineroar
|-singleturn|p1a: Incineroar|Helping Hand|[of] p1b: Altaria
|move|p2a: Charizard|Heat Wave|p1b: Altaria|[spread] p1a,p1b
|-resisted|p1a: Incineroar|1
|-resisted|p1b: Altaria|1
|-damage|p1a: Incineroar|78/100
|-damage|p1b: Altaria|80/100
|move|p1a: Incineroar|Flare Blitz|p2b: Grimmsnarl
|-damage|p2b: Grimmsnarl|9/100
|-damage|p1a: Incineroar|49/100|[from] Recoil
|move|p2b: Grimmsnarl|Spirit Break|p1b: Altaria
|-supereffective|p1b: Altaria|1
|-enditem|p1b: Altaria|Roseli Berry|[eat]
|-enditem|p1b: Altaria|Roseli Berry|[weaken]
|-damage|p1b: Altaria|58/100
|-unboost|p1b: Altaria|spa|1
|
|-weather|SunnyDay|[upkeep]
|upkeep
|turn|2
|
|t:|1785760665
|move|p2b: Grimmsnarl|Light Screen|p2b: Grimmsnarl
|-sidestart|p2: Chelicerate1|move: Light Screen
|move|p1b: Altaria|Brave Bird|p2b: Grimmsnarl
|-damage|p2b: Grimmsnarl|0 fnt
|faint|p2b: Grimmsnarl
|-damage|p1b: Altaria|54/100|[from] Recoil
|move|p2a: Charizard|Heat Wave|p1a: Incineroar|[spread] p1b
|-miss|p2a: Charizard|p1a: Incineroar
|-resisted|p1b: Altaria|1
|-damage|p1b: Altaria|36/100
|move|p1a: Incineroar|Parting Shot|p2a: Charizard
|-unboost|p2a: Charizard|atk|1
|-unboost|p2a: Charizard|spa|1
|
|t:|1785760670
|switch|p1a: Sinistcha|Sinistcha, L50|100/100|[from] Parting Shot
|-heal|p1b: Altaria|61/100|[from] ability: Hospitality|[of] p1a: Sinistcha
|
|-weather|SunnyDay|[upkeep]
|upkeep
|
|t:|1785760674
|switch|p2b: Archaludon|Archaludon, L50, M|100/100
|turn|3
|inactive|ui90op has 30 seconds left.
|
|t:|1785760706
|switch|p1b: Floette|Floette-Eternal, L50, F|100/100
|switch|p2a: Pelipper|Pelipper, L50, M|100/100
|-weather|RainDance|[from] ability: Drizzle|[of] p2a: Pelipper
|switch|p1a: Incineroar|Incineroar, L50, M|49/100
|-ability|p1a: Incineroar|Intimidate|boost
|-unboost|p2a: Pelipper|atk|1
|-unboost|p2b: Archaludon|atk|1
|move|p2b: Archaludon|Dragon Pulse|p1b: Floette
|-immune|p1b: Floette
|
|-weather|RainDance|[upkeep]
|upkeep
|turn|4
|
|t:|1785760722
|detailschange|p1b: Floette|Floette-Mega, L50, F
|-mega|p1b: Floette|Floette|Floettite
|-ability|p1b: Floette|Fairy Aura
|move|p1a: Incineroar|Fake Out|p2b: Archaludon
|-resisted|p2b: Archaludon|1
|-damage|p2b: Archaludon|94/100
|-ability|p2b: Archaludon|Stamina|boost
|-boost|p2b: Archaludon|def|1
|move|p1b: Floette|Calm Mind|p1b: Floette
|-boost|p1b: Floette|spa|1
|-boost|p1b: Floette|spd|1
|cant|p2b: Archaludon|flinch
|move|p2a: Pelipper|Weather Ball|p1a: Incineroar
|-supereffective|p1a: Incineroar|1
|-enditem|p1a: Incineroar|Passho Berry|[eat]
|-enditem|p1a: Incineroar|Passho Berry|[weaken]
|-damage|p1a: Incineroar|0 fnt
|faint|p1a: Incineroar
|
|-weather|RainDance|[upkeep]
|-heal|p2b: Archaludon|100/100|[from] item: Leftovers
|upkeep
|
|t:|1785760731
|switch|p1a: Altaria|Altaria, L50, M|61/100
|-ability|p1a: Altaria|Cloud Nine
|turn|5
|
|t:|1785760739
|move|p1a: Altaria|Helping Hand|p1b: Floette
|-singleturn|p1b: Floette|Helping Hand|[of] p1a: Altaria
|move|p1b: Floette|Moonblast|p2b: Archaludon
|-damage|p2b: Archaludon|1/100
|-ability|p2b: Archaludon|Stamina|boost
|-boost|p2b: Archaludon|def|1
|move|p2b: Archaludon|Dragon Pulse|p1a: Altaria
|-supereffective|p1a: Altaria|1
|-damage|p1a: Altaria|0 fnt
|faint|p1a: Altaria
|move|p2a: Pelipper|Hurricane|p1b: Floette
|-damage|p1b: Floette|79/100
|
|-weather|RainDance|[upkeep]
|-heal|p2b: Archaludon|7/100|[from] item: Leftovers
|upkeep
|
|t:|1785760749
|switch|p1a: Sinistcha|Sinistcha, L50|100/100
|-heal|p1b: Floette|100/100|[from] ability: Hospitality|[of] p1a: Sinistcha
|turn|6
|
|t:|1785760760
|move|p2b: Archaludon|Protect|p2b: Archaludon
|-singleturn|p2b: Archaludon|Protect
|move|p1b: Floette|Dazzling Gleam|p2a: Pelipper|[spread] p2a
|-activate|p2b: Archaludon|move: Protect
|-damage|p2a: Pelipper|38/100
|-enditem|p2a: Pelipper|Sitrus Berry|[eat]
|-heal|p2a: Pelipper|63/100|[from] item: Sitrus Berry
|move|p2a: Pelipper|Tailwind|p2a: Pelipper
|-sidestart|p2: Chelicerate1|move: Tailwind
|move|p1a: Sinistcha|Trick Room|p1a: Sinistcha
|-fieldstart|move: Trick Room|[of] p1a: Sinistcha
|
|-weather|RainDance|[upkeep]
|-heal|p2b: Archaludon|13/100|[from] item: Leftovers
|upkeep
|turn|7
|
|t:|1785760776
|move|p2a: Pelipper|Wide Guard|p2a: Pelipper
|-singleturn|p2a: Pelipper|Wide Guard
|move|p1a: Sinistcha|Matcha Gotcha|p2a: Pelipper|[spread] 
|-activate|p2a: Pelipper|move: Wide Guard
|-activate|p2b: Archaludon|move: Wide Guard
|move|p1b: Floette|Moonblast|p2b: Archaludon
|-damage|p2b: Archaludon|0 fnt
|faint|p2b: Archaludon
|
|-weather|none
|upkeep
|
|t:|1785760785
|switch|p2b: Charizard|Charizard-Mega-Y, L50, F|100/100
|-weather|SunnyDay|[from] ability: Drought|[of] p2b: Charizard
|turn|8
|
|t:|1785760799
|move|p1a: Sinistcha|Protect|p1a: Sinistcha
|-singleturn|p1a: Sinistcha|Protect
|move|p1b: Floette|Protect|p1b: Floette
|-singleturn|p1b: Floette|Protect
|move|p2a: Pelipper|Weather Ball|p1b: Floette
|-activate|p1b: Floette|move: Protect
|move|p2b: Charizard|Heat Wave|p1a: Sinistcha|[spread] 
|-activate|p1a: Sinistcha|move: Protect
|-activate|p1b: Floette|move: Protect
|
|-weather|SunnyDay|[upkeep]
|upkeep
|turn|9
|
|t:|1785760817
|move|p1a: Sinistcha|Matcha Gotcha|p2a: Pelipper|[spread] p2a,p2b
|-resisted|p2b: Charizard|2
|-damage|p2a: Pelipper|39/100
|-damage|p2b: Charizard|95/100
|-status|p2a: Pelipper|brn
|move|p1b: Floette|Dazzling Gleam|p2a: Pelipper|[spread] p2a,p2b
|-resisted|p2b: Charizard|1
|-damage|p2a: Pelipper|0 fnt
|-damage|p2b: Charizard|76/100
|faint|p2a: Pelipper
|move|p2b: Charizard|Heat Wave|p1b: Floette|[spread] p1a,p1b
|-supereffective|p1a: Sinistcha|1
|-damage|p1a: Sinistcha|0 fnt
|-damage|p1b: Floette|72/100
|faint|p1a: Sinistcha
|
|-weather|SunnyDay|[upkeep]
|-sideend|p2: Chelicerate1|move: Light Screen
|-sideend|p2: Chelicerate1|move: Tailwind
|upkeep
|turn|10
|
|t:|1785760827
|move|p1b: Floette|Protect|p1b: Floette
|-singleturn|p1b: Floette|Protect
|move|p2b: Charizard|Weather Ball|p1b: Floette
|-activate|p1b: Floette|move: Protect
|
|-weather|SunnyDay|[upkeep]
|-fieldend|move: Trick Room
|upkeep
|turn|11
|
|t:|1785760837
|move|p2b: Charizard|Weather Ball|p1b: Floette
|-damage|p1b: Floette|28/100
|move|p1b: Floette|Moonblast|p2b: Charizard
|-resisted|p2b: Charizard|1
|-damage|p2b: Charizard|31/100
|
|-weather|SunnyDay|[upkeep]
|upkeep
|turn|12
|
|t:|1785760844
|move|p1b: Floette|Protect|p1b: Floette
|-singleturn|p1b: Floette|Protect
|move|p2b: Charizard|Weather Ball|p1b: Floette
|-activate|p1b: Floette|move: Protect
|
|-weather|none
|upkeep
|turn|13
|
|t:|1785760848
|move|p2b: Charizard|Heat Wave|p1b: Floette
|-damage|p1b: Floette|1/100
|move|p1b: Floette|Moonblast|p2b: Charizard
|-resisted|p2b: Charizard|1
|-damage|p2b: Charizard|0 fnt
|faint|p2b: Charizard
|
|win|ui90op
