|j|☆ThatGuyInAMask
|j|☆Mega Chime Time
|html|ThatGuyInAMaskMega Chime Time    
|uhtml|bestof|Game 1 of a best-of-3
|t:|1783472167
|gametype|doubles
|player|p1|ThatGuyInAMask|burglar|
|player|p2|Mega Chime Time|miku-flying|
|gen|9
|tier|[Gen 9 Champions] VGC 2026 Reg M-B (Bo3)
|rule|Species Clause: Limit one of each Pokémon
|rule|Item Clause: Limit 1 of each item
|clearpoke
|poke|p1|Diggersby, L50, M, shiny|
|poke|p1|Gardevoir, L50, M, shiny|
|poke|p1|Rotom-Mow, L50|
|poke|p1|Pidgeot, L50, F|
|poke|p1|Klefki, L50, F, shiny|
|poke|p1|Blastoise, L50, F|
|poke|p2|Altaria, L50, M|
|poke|p2|Salazzle, L50, F|
|poke|p2|Orthworm, L50, F|
|poke|p2|Blastoise, L50, M|
|poke|p2|Rotom-Mow, L50, shiny|
|poke|p2|Gengar, L50, F|
|teampreview|4
|showteam|p1|Diggersby||LifeOrb|HugePower|HighHorsepower,RockSlide,BrickBreak,Protect|Adamant||M|||50|]Gardevoir||FairyFeather|Synchronize|Protect,Psychic,DazzlingGleam,Moonblast|Timid||M|||50|]Rotom-Mow||ChoiceScarf|Levitate|Electroweb,VoltSwitch,LeafStorm,Thunderbolt|Timid|||||50|]Pidgeot||Pidgeotite|KeenEye|Tailwind,Hurricane,HeatWave,Protect|Timid||F|||50|]Klefki||Leftovers|Prankster|RainDance,Reflect,LightScreen,ThunderWave|Bold||F|||50|]Blastoise||SitrusBerry|RainDish|WaveCrash,FlipTurn,LifeDew,FakeOut|Careful||F|||50|
|showteam|p2|Altaria||Altarianite|NaturalCure|HyperVoice,Roost,WillOWisp,Protect|Modest||M|||50|]Salazzle||FocusSash|Corrosion|FakeOut,HeatWave,Encore,Protect|Hasty||F|||50|]Orthworm||Leftovers|EarthEater|IronDefense,BodyPress,HeavySlam,Protect|Careful||F|||50|]Blastoise||SitrusBerry|RainDish|FakeOut,WaveCrash,Yawn,LifeDew|Adamant||M|||50|]Rotom-Mow||ChoiceScarf|Levitate|Electroweb,Trick,LeafStorm,Thunderbolt|Timid|||||50|]Gengar||LifeOrb|CursedBody|ShadowBall,Disable,SludgeBomb,Protect|Timid||F|||50|
|inactive|Battle timer is ON: inactive players will automatically lose when time's up. (requested by Mega Chime Time)
|j| lillyrosethedemon
|inactive|ThatGuyInAMask has 60 seconds left.
|inactive|Mega Chime Time has 60 seconds left.
|inactive|ThatGuyInAMask has 30 seconds left.
|
|t:|1783472228
|teamsize|p1|4
|teamsize|p2|4
|start
|switch|p1a: Pidgeot|Pidgeot, L50, F|100/100
|switch|p1b: Blastoise|Blastoise, L50, F|100/100
|switch|p2a: Altaria|Altaria, L50, M|100/100
|switch|p2b: Orthworm|Orthworm, L50, F|100/100
|turn|1
|inactive|Mega Chime Time has 30 seconds left.
|
|t:|1783472261
|detailschange|p1a: Pidgeot|Pidgeot-Mega, L50, F
|-mega|p1a: Pidgeot|Pidgeot|Pidgeotite
|detailschange|p2a: Altaria|Altaria-Mega, L50, M
|-mega|p2a: Altaria|Altaria|Altarianite
|move|p2b: Orthworm|Protect|p2b: Orthworm
|-singleturn|p2b: Orthworm|Protect
|move|p1b: Blastoise|Fake Out|p2b: Orthworm
|-activate|p2b: Orthworm|move: Protect
|move|p1a: Pidgeot|Tailwind|p1a: Pidgeot
|-sidestart|p1: ThatGuyInAMask|move: Tailwind
|move|p2a: Altaria|Hyper Voice|p1a: Pidgeot|[spread] p1a,p1b
|-damage|p1a: Pidgeot|41/100
|-damage|p1b: Blastoise|70/100
|
|upkeep
|turn|2
|
|t:|1783472286
|switch|p2b: Gengar|Gengar, L50, F|100/100
|move|p1a: Pidgeot|Heat Wave|p2a: Altaria|[spread] p2a,p2b
|-resisted|p2a: Altaria|1
|-damage|p2a: Altaria|88/100
|-damage|p2b: Gengar|67/100
|-start|p1a: Pidgeot|Disable|Heat Wave|[from] ability: Cursed Body|[of] p2b: Gengar
|move|p1b: Blastoise|Flip Turn|p2a: Altaria
|-resisted|p2a: Altaria|1
|-damage|p2a: Altaria|78/100
|
|t:|1783472297
|switch|p1b: Diggersby|Diggersby, L50, M, shiny|100/100|[from] Flip Turn
|move|p2a: Altaria|Hyper Voice|p1b: Diggersby|[spread] p1a,p1b
|-damage|p1a: Pidgeot|0 fnt
|-damage|p1b: Diggersby|47/100
|faint|p1a: Pidgeot
|
|upkeep
|
|t:|1783472304
|switch|p1a: Blastoise|Blastoise, L50, F|70/100
|turn|3
|
|t:|1783472327
|switch|p2b: Rotom|Rotom-Mow, L50, shiny|100/100
|move|p1b: Diggersby|High Horsepower|p2b: Rotom
|-immune|p2b: Rotom|[from] ability: Levitate
|move|p1a: Blastoise|Life Dew|p1a: Blastoise|[spread] p1a,p1b
|-heal|p1a: Blastoise|95/100
|-heal|p1b: Diggersby|72/100
|move|p2a: Altaria|Will-O-Wisp|p1b: Diggersby
|-status|p1b: Diggersby|brn
|
|-damage|p1b: Diggersby|65/100 brn|[from] brn
|upkeep
|turn|4
|inactive|Mega Chime Time has 30 seconds left.
|
|t:|1783472352
|move|p1b: Diggersby|Rock Slide|p2b: Rotom|[spread] p2a,p2b
|-damage|p2a: Altaria|62/100
|-damage|p2b: Rotom|78/100
|-damage|p1b: Diggersby|55/100 brn|[from] item: Life Orb
|move|p2b: Rotom|Thunderbolt|p1a: Blastoise
|-supereffective|p1a: Blastoise|1
|-damage|p1a: Blastoise|30/100
|-enditem|p1a: Blastoise|Sitrus Berry|[eat]
|-heal|p1a: Blastoise|54/100|[from] item: Sitrus Berry
|move|p1a: Blastoise|Flip Turn|p2a: Altaria
|-resisted|p2a: Altaria|1
|-damage|p2a: Altaria|52/100
|
|t:|1783472364
|switch|p1a: Rotom|Rotom-Mow, L50|100/100|[from] Flip Turn
|move|p2a: Altaria|Hyper Voice|p1b: Diggersby|[spread] p1a,p1b
|-damage|p1a: Rotom|47/100
|-damage|p1b: Diggersby|0 fnt
|faint|p1b: Diggersby
|
|-sideend|p1: ThatGuyInAMask|move: Tailwind
|upkeep
|
|t:|1783472371
|switch|p1b: Blastoise|Blastoise, L50, F|54/100
|turn|5
|
|t:|1783472384
|switch|p2b: Orthworm|Orthworm, L50, F|100/100
|move|p2a: Altaria|Protect|p2a: Altaria
|-singleturn|p2a: Altaria|Protect
|move|p1b: Blastoise|Fake Out|p2a: Altaria
|-activate|p2a: Altaria|move: Protect
|move|p1a: Rotom|Electroweb|p2b: Orthworm|[spread] p2b
|-activate|p2a: Altaria|move: Protect
|-damage|p2b: Orthworm|77/100
|-unboost|p2b: Orthworm|spe|1
|
|-heal|p2b: Orthworm|84/100|[from] item: Leftovers
|upkeep
|turn|6
|
|t:|1783472400
|move|p1a: Rotom|Electroweb|p2b: Orthworm|[spread] p2a,p2b
|-resisted|p2a: Altaria|1
|-crit|p2a: Altaria
|-damage|p2a: Altaria|37/100
|-damage|p2b: Orthworm|62/100
|-unboost|p2a: Altaria|spe|1
|-unboost|p2b: Orthworm|spe|1
|move|p1b: Blastoise|Wave Crash|p2a: Altaria
|-resisted|p2a: Altaria|1
|-damage|p2a: Altaria|19/100
|-damage|p1b: Blastoise|48/100|[from] Recoil
|move|p2a: Altaria|Roost|p2a: Altaria
|-heal|p2a: Altaria|69/100
|-singleturn|p2a: Altaria|move: Roost
|move|p2b: Orthworm|Iron Defense|p2b: Orthworm
|-boost|p2b: Orthworm|def|2
|
|-heal|p2b: Orthworm|68/100|[from] item: Leftovers
|upkeep
|turn|7
|-message|ThatGuyInAMask forfeited.
|
|win|Mega Chime Time
|l|☆ThatGuyInAMask
|player|p1|
||Mega Chime Time is ready for game 2.
||ThatGuyInAMask is ready for game 2.
|uhtml|next|Next: Game 2 of 3
