|j|☆pikatrod
|j|☆jonas.weevil
|html|pikatrodjonas.weevil    
|uhtml|bestof|Game 1 of a best-of-3
|t:|1784578887
|gametype|doubles
|player|p1|pikatrod|1|1425
|player|p2|jonas.weevil|170|1412
|gen|9
|tier|[Gen 9 Champions] VGC 2026 Reg M-B (Bo3)
|rated|
|rule|Species Clause: Limit one of each Pokémon
|rule|Item Clause: Limit 1 of each item
|clearpoke
|poke|p1|Kingambit, L50, F|
|poke|p1|Charizard, L50, F|
|poke|p1|Aerodactyl, L50, F|
|poke|p1|Farigiraf, L50, F|
|poke|p1|Garchomp, L50, M|
|poke|p1|Sylveon, L50, M|
|poke|p2|Torkoal, L50, M, shiny|
|poke|p2|Venusaur, L50, F|
|poke|p2|Pyroar, L50, F, shiny|
|poke|p2|Scrafty, L50, F|
|poke|p2|Sylveon, L50, M, shiny|
|poke|p2|Farigiraf, L50, M|
|teampreview|4
|showteam|p1|Kingambit||FocusSash|Defiant|KowtowCleave,IronHead,SuckerPunch,LowKick|Adamant||F|||50|]Charizard||CharizarditeY|Blaze|HeatWave,SolarBeam,WeatherBall,Protect|Modest||F|||50|]Aerodactyl||Aerodactylite|Unnerve|RockSlide,DualWingbeat,IceFang,Tailwind|Jolly||F|||50|]Farigiraf||SitrusBerry|ArmorTail|TwinBeam,Thunderbolt,TrickRoom,Roar|Bold||F|||50|]Garchomp||LifeOrb|RoughSkin|Earthquake,DragonClaw,StompingTantrum,Protect|Jolly||M|||50|]Sylveon||FairyFeather|Pixilate|HyperVoice,HyperBeam,QuickAttack,Protect|Modest||M|||50|
|showteam|p2|Torkoal||Charcoal|Drought|Eruption,WeatherBall,HelpingHand,Protect|Quiet||M|||50|]Venusaur||FocusSash|Chlorophyll|LeafStorm,SludgeBomb,SleepPowder,Protect|Modest||F|||50|]Pyroar||Pyroarite|Unnerve|Overheat,HeatWave,SolarBeam,Protect|Timid||F|||50|]Scrafty||Scraftinite|Intimidate|CloseCombat,KnockOff,StoneEdge,FakeOut|Brave||F|||50|]Sylveon||LifeOrb|Pixilate|HyperVoice,HyperBeam,QuickAttack,Detect|Quiet||M|||50|]Farigiraf||SitrusBerry|ArmorTail|Psychic,Thunderbolt,HelpingHand,TrickRoom|Relaxed||M|||50|
|
|t:|1784578970
|teamsize|p1|4
|teamsize|p2|4
|start
|switch|p1a: Aerodactyl|Aerodactyl, L50, F|100/100
|switch|p1b: Kingambit|Kingambit, L50, F|100/100
|switch|p2a: Napalm|Torkoal, L50, M, shiny|100/100
|switch|p2b: Venusaur|Venusaur, L50, F|100/100
|-ability|p1a: Aerodactyl|Unnerve
|-weather|SunnyDay|[from] ability: Drought|[of] p2a: Napalm
|turn|1
|
|t:|1784579001
|switch|p1a: Farigiraf|Farigiraf, L50, F|100/100
|move|p2b: Venusaur|Sleep Powder|p1a: Farigiraf
|-status|p1a: Farigiraf|slp|[from] move: Sleep Powder
|move|p1b: Kingambit|Kowtow Cleave|p2a: Napalm
|-damage|p2a: Napalm|60/100
|move|p2a: Napalm|Eruption|p1a: Farigiraf|[spread] p1a,p1b
|-supereffective|p1b: Kingambit|1
|-damage|p1a: Farigiraf|51/100 slp
|-enditem|p1b: Kingambit|Focus Sash
|-damage|p1b: Kingambit|1/100
|
|-weather|SunnyDay|[upkeep]
|upkeep
|turn|2
|
|t:|1784579058
|switch|p2a: Anil|Pyroar, L50, F, shiny|100/100
|-ability|p2a: Anil|Unnerve
|move|p1b: Kingambit|Sucker Punch||[still]
|-fail|p1b: Kingambit
|move|p2b: Venusaur|Sleep Powder|p1b: Kingambit
|-status|p1b: Kingambit|slp|[from] move: Sleep Powder
|cant|p1a: Farigiraf|slp
|
|-weather|SunnyDay|[upkeep]
|upkeep
|turn|3
|
|t:|1784579075
|detailschange|p2a: Anil|Pyroar-Mega, L50, F, shiny
|-mega|p2a: Anil|Pyroar|Pyroarite
|cant|p1b: Kingambit|slp
|move|p2b: Venusaur|Sludge Bomb|p1a: Farigiraf
|-damage|p1a: Farigiraf|11/100 slp
|-enditem|p1a: Farigiraf|Sitrus Berry|[eat]
|-heal|p1a: Farigiraf|36/100 slp|[from] item: Sitrus Berry
|move|p2a: Anil|Heat Wave|p1a: Farigiraf|[spread] p1a
|-miss|p2a: Anil|p1b: Kingambit
|-damage|p1a: Farigiraf|0 fnt
|faint|p1a: Farigiraf
|
|-weather|SunnyDay|[upkeep]
|upkeep
|
|t:|1784579115
|switch|p1a: Aerodactyl|Aerodactyl, L50, F|100/100
|-ability|p1a: Aerodactyl|Unnerve
|turn|4
|
|t:|1784579143
|detailschange|p1a: Aerodactyl|Aerodactyl-Mega, L50, F
|-mega|p1a: Aerodactyl|Aerodactyl|Aerodactylite
|move|p2b: Venusaur|Sleep Powder|p1a: Aerodactyl
|-status|p1a: Aerodactyl|slp|[from] move: Sleep Powder
|cant|p1a: Aerodactyl|slp
|move|p2a: Anil|Heat Wave|p1b: Kingambit|[spread] p1a,p1b
|-resisted|p1a: Aerodactyl|1
|-supereffective|p1b: Kingambit|1
|-damage|p1a: Aerodactyl|52/100 slp
|-damage|p1b: Kingambit|0 fnt
|faint|p1b: Kingambit
|
|-weather|SunnyDay|[upkeep]
|upkeep
|
|t:|1784579151
|switch|p1b: Garchomp|Garchomp, L50, M|100/100
|turn|5
|inactive|Battle timer is ON: inactive players will automatically lose when time's up. (requested by pikatrod)
|
|t:|1784579179
|move|p2b: Venusaur|Leaf Storm|p1a: Aerodactyl
|-damage|p1a: Aerodactyl|0 fnt
|-unboost|p2b: Venusaur|spa|2
|faint|p1a: Aerodactyl
|move|p2a: Anil|Heat Wave|p1b: Garchomp
|-resisted|p1b: Garchomp|1
|-damage|p1b: Garchomp|34/100
|move|p1b: Garchomp|Earthquake|p2b: Venusaur|[spread] p2a,p2b
|-supereffective|p2a: Anil|1
|-crit|p2a: Anil
|-damage|p2a: Anil|0 fnt
|-damage|p2b: Venusaur|38/100
|faint|p2a: Anil
|-damage|p1b: Garchomp|24/100|[from] item: Life Orb
|
|-weather|none
|upkeep
|
|t:|1784579192
|switch|p2a: Napalm|Torkoal, L50, M, shiny|60/100
|-weather|SunnyDay|[from] ability: Drought|[of] p2a: Napalm
|turn|6
|
|t:|1784579201
|move|p2a: Napalm|Helping Hand|p2b: Venusaur
|-singleturn|p2b: Venusaur|Helping Hand|[of] p2a: Napalm
|move|p2b: Venusaur|Sludge Bomb|p1b: Garchomp
|-resisted|p1b: Garchomp|1
|-damage|p1b: Garchomp|6/100
|move|p1b: Garchomp|Earthquake|p2b: Venusaur|[spread] p2a,p2b
|-supereffective|p2a: Napalm|1
|-damage|p2a: Napalm|0 fnt
|-damage|p2b: Venusaur|0 fnt
|faint|p2a: Napalm
|faint|p2b: Venusaur
|-damage|p1b: Garchomp|0 fnt|[from] item: Life Orb
|faint|p1b: Garchomp
|
|win|jonas.weevil
||pikatrod is ready for game 2.
|inactive|jonas.weevil has 30 seconds to confirm battle start!
||jonas.weevil is ready for game 2.
|uhtml|next|Next: Game 2 of 3
