|j|☆Cyberman152
|j|☆Pelistorming
|html|Cyberman152Pelistorming    
|uhtml|bestof|Game 2 of a best-of-3
|t:|1755011603
|gametype|doubles
|player|p1|Cyberman152|1|1349
|player|p2|Pelistorming|winona|1170
|gen|9
|tier|[Gen 9] VGC 2025 Reg H (Bo3)
|rated|
|rule|Species Clause: Limit one of each Pokémon
|rule|Item Clause: Limit 1 of each item
|clearpoke
|poke|p1|Archaludon, L50, M|
|poke|p1|Pelipper, L50, M|
|poke|p1|Basculegion, L50, M|
|poke|p1|Incineroar, L50, M|
|poke|p1|Rillaboom, L50, M|
|poke|p1|Volcarona, L50, F|
|poke|p2|Pelipper, L50, M|
|poke|p2|Ursaluna, L50, F|
|poke|p2|Dragapult, L50, M|
|poke|p2|Incineroar, L50, M|
|poke|p2|Amoonguss, L50, F|
|poke|p2|Porygon2, L50|
|teampreview|4
|showteam|p1|Archaludon||AssaultVest|Stamina|FlashCannon,DragonPulse,ElectroShot,BodyPress|||M|||50|,,,,,Bug]Pelipper||FocusSash|Drizzle|WeatherBall,Hurricane,Tailwind,Protect|||M|||50|,,,,,Stellar]Basculegion||ChoiceBand|SwiftSwim|WaveCrash,FlipTurn,AquaJet,LastRespects|||M|||50|,,,,,Grass]Incineroar||SafetyGoggles|Intimidate|KnockOff,FakeOut,Taunt,PartingShot|||M|||50|,,,,,Ghost]Rillaboom||LoadedDice|GrassySurge|BulletSeed,GrassyGlide,FakeOut,Protect|||M|||50|,,,,,Fire]Volcarona||GrassySeed|FlameBody|FieryDance,TeraBlast,QuiverDance,Protect|||F|||50|,,,,,Fairy
|showteam|p2|Pelipper||LifeOrb|Drizzle|WeatherBall,Hurricane,Protect,WideGuard|||M|||50|,,,,,Grass]Ursaluna||FlameOrb|Guts|Facade,HeadlongRush,Earthquake,Protect|||F|||50|,,,,,Ghost]Dragapult||ChoiceBand|ClearBody|DragonDarts,PhantomForce,Uturn,Outrage|||M|||50|,,,,,Dragon]Incineroar||SafetyGoggles|Intimidate|FakeOut,PartingShot,KnockOff,HelpingHand|||M|||50|,,,,,Ghost]Amoonguss||SitrusBerry|Regenerator|Spore,Protect,RagePowder,PollenPuff|||F|||50|,,,,,Fairy]Porygon2||Eviolite|Download|TeraBlast,IceBeam,TrickRoom,Recover||||||50|,,,,,Fighting
|inactive|Battle timer is ON: inactive players will automatically lose when time's up. (requested by Pelistorming)
|inactive|Pelistorming has 60 seconds left.
|
|t:|1755011645
|teamsize|p1|4
|teamsize|p2|4
|start
|switch|p1a: Volcarona|Volcarona, L50, F, shiny|100/100
|switch|p1b: Incineroar|Incineroar, L50, M, shiny|100/100
|switch|p2a: Pelistorm|Pelipper, L50, M, shiny|100/100
|switch|p2b: Dragapult|Dragapult, L50, M|100/100
|-ability|p1b: Incineroar|Intimidate|boost
|-unboost|p2a: Pelistorm|atk|1
|-fail|p2b: Dragapult|unboost|[from] ability: Clear Body|[of] p2b: Dragapult
|-weather|RainDance|[from] ability: Drizzle|[of] p2a: Pelistorm
|turn|1
|inactive|Pelistorming has 30 seconds left.
|
|t:|1755011671
|-terastallize|p1a: Volcarona|Fairy
|move|p1b: Incineroar|Fake Out|p2a: Pelistorm
|-damage|p2a: Pelistorm|89/100
|move|p2b: Dragapult|U-turn|p1b: Incineroar
|-crit|p1b: Incineroar
|-damage|p1b: Incineroar|47/100
|
|t:|1755011677
|switch|p2b: Porygon2|Porygon2, L50|100/100|[from] U-turn
|-ability|p2b: Porygon2|Download|boost
|-boost|p2b: Porygon2|atk|1
|move|p1a: Volcarona|Quiver Dance|p1a: Volcarona
|-boost|p1a: Volcarona|spa|1
|-boost|p1a: Volcarona|spd|1
|-boost|p1a: Volcarona|spe|1
|cant|p2a: Pelistorm|flinch
|
|-weather|RainDance|[upkeep]
|upkeep
|turn|2
|inactive|Pelistorming has 30 seconds left.
|inactive|Pelistorming has 20 seconds left.
|
|t:|1755011713
|move|p1a: Volcarona|Tera Blast|p2a: Pelistorm|[anim] Tera Blast Fairy
|-damage|p2a: Pelistorm|8/100
|move|p1b: Incineroar|Taunt|p2b: Porygon2
|-start|p2b: Porygon2|move: Taunt
|move|p2a: Pelistorm|Hurricane|p1b: Incineroar
|-damage|p1b: Incineroar|0 fnt
|faint|p1b: Incineroar
|-damage|p2a: Pelistorm|0 fnt|[from] item: Life Orb
|faint|p2a: Pelistorm
|cant|p2b: Porygon2|move: Taunt|Trick Room
|
|-weather|RainDance|[upkeep]
|upkeep
|
|t:|1755011735
|switch|p1b: Rillaboom|Rillaboom, L50, M, shiny|100/100
|switch|p2a: Dragapult|Dragapult, L50, M|100/100
|-fieldstart|move: Grassy Terrain|[from] ability: Grassy Surge|[of] p1b: Rillaboom
|-enditem|p1a: Volcarona|Grassy Seed
|-boost|p1a: Volcarona|def|1|[from] item: Grassy Seed
|turn|3
|
|t:|1755011753
|switch|p2b: Incineroar|Incineroar, L50, M|100/100
|-ability|p2b: Incineroar|Intimidate|boost
|-unboost|p1a: Volcarona|atk|1
|-unboost|p1b: Rillaboom|atk|1
|move|p1a: Volcarona|Tera Blast|p2a: Dragapult|[anim] Tera Blast Fairy
|-supereffective|p2a: Dragapult
|-damage|p2a: Dragapult|0 fnt
|faint|p2a: Dragapult
|move|p1b: Rillaboom|Bullet Seed|p2b: Incineroar
|-resisted|p2b: Incineroar
|-damage|p2b: Incineroar|96/100
|-resisted|p2b: Incineroar
|-damage|p2b: Incineroar|91/100
|-resisted|p2b: Incineroar
|-damage|p2b: Incineroar|87/100
|-resisted|p2b: Incineroar
|-damage|p2b: Incineroar|82/100
|-hitcount|p2b: Incineroar|4
|
|-weather|RainDance|[upkeep]
|-heal|p2b: Incineroar|88/100|[from] Grassy Terrain
|upkeep
|
|t:|1755011762
|switch|p2a: Porygon2|Porygon2, L50|100/100
|-ability|p2a: Porygon2|Download|boost
|-boost|p2a: Porygon2|atk|1
|turn|4
|
|t:|1755011777
|move|p2b: Incineroar|Fake Out|p1a: Volcarona
|-damage|p1a: Volcarona|92/100
|cant|p1a: Volcarona|flinch
|move|p1b: Rillaboom|Bullet Seed|p2a: Porygon2
|-damage|p2a: Porygon2|94/100
|-damage|p2a: Porygon2|86/100
|-damage|p2a: Porygon2|80/100
|-damage|p2a: Porygon2|73/100
|-damage|p2a: Porygon2|66/100
|-hitcount|p2a: Porygon2|5
|move|p2a: Porygon2|Trick Room|p2a: Porygon2
|-fieldstart|move: Trick Room|[of] p2a: Porygon2
|
|-weather|RainDance|[upkeep]
|-heal|p2a: Porygon2|72/100|[from] Grassy Terrain
|-heal|p2b: Incineroar|94/100|[from] Grassy Terrain
|-heal|p1a: Volcarona|98/100|[from] Grassy Terrain
|upkeep
|turn|5
|
|t:|1755011800
|move|p1b: Rillaboom|Protect|p1b: Rillaboom
|-singleturn|p1b: Rillaboom|Protect
|move|p2a: Porygon2|Ice Beam|p1a: Volcarona
|-damage|p1a: Volcarona|84/100
|move|p2b: Incineroar|Parting Shot|p1a: Volcarona
|-unboost|p1a: Volcarona|atk|1
|-unboost|p1a: Volcarona|spa|1
|move|p1a: Volcarona|Quiver Dance|p1a: Volcarona
|-boost|p1a: Volcarona|spa|1
|-boost|p1a: Volcarona|spd|1
|-boost|p1a: Volcarona|spe|1
|
|-weather|none
|-heal|p2a: Porygon2|79/100|[from] Grassy Terrain
|-heal|p2b: Incineroar|100/100|[from] Grassy Terrain
|-heal|p1a: Volcarona|90/100|[from] Grassy Terrain
|upkeep
|turn|6
|
|t:|1755011821
|switch|p1b: Archaludon|Archaludon, L50, M, shiny|100/100
|move|p2a: Porygon2|Ice Beam|p1b: Archaludon
|-damage|p1b: Archaludon|80/100
|-ability|p1b: Archaludon|Stamina|boost
|-boost|p1b: Archaludon|def|1
|move|p2b: Incineroar|Knock Off|p1b: Archaludon
|-damage|p1b: Archaludon|61/100
|-ability|p1b: Archaludon|Stamina|boost
|-boost|p1b: Archaludon|def|1
|-enditem|p1b: Archaludon|Assault Vest|[from] move: Knock Off|[of] p2b: Incineroar
|move|p1a: Volcarona|Quiver Dance|p1a: Volcarona
|-boost|p1a: Volcarona|spa|1
|-boost|p1a: Volcarona|spd|1
|-boost|p1a: Volcarona|spe|1
|
|-heal|p2a: Porygon2|85/100|[from] Grassy Terrain
|-heal|p1b: Archaludon|67/100|[from] Grassy Terrain
|-heal|p1a: Volcarona|96/100|[from] Grassy Terrain
|upkeep
|turn|7
|inactive|Cyberman152 has 30 seconds left.
|inactive|Pelistorming has 30 seconds left.
|inactive|Pelistorming has 20 seconds left.
|inactive|Cyberman152 has 20 seconds left.
|inactive|Pelistorming has 15 seconds left.
|
|t:|1755011865
|move|p2a: Porygon2|Ice Beam|p1b: Archaludon
|-damage|p1b: Archaludon|35/100
|-ability|p1b: Archaludon|Stamina|boost
|-boost|p1b: Archaludon|def|1
|move|p2b: Incineroar|Parting Shot|p1a: Volcarona
|-unboost|p1a: Volcarona|atk|1
|-unboost|p1a: Volcarona|spa|1
|move|p1b: Archaludon|Body Press|p2a: Porygon2
|-supereffective|p2a: Porygon2
|-damage|p2a: Porygon2|18/100
|move|p1a: Volcarona|Tera Blast|p2a: Porygon2|[anim] Tera Blast Fairy
|-damage|p2a: Porygon2|0 fnt
|faint|p2a: Porygon2
|
|-heal|p1b: Archaludon|41/100|[from] Grassy Terrain
|-heal|p1a: Volcarona|100/100|[from] Grassy Terrain
|-fieldend|move: Grassy Terrain
|upkeep
|turn|8
|-message|Pelistorming forfeited.
|
|win|Cyberman152
|raw|Cyberman152's rating: 1349 → 1360(+11 for winning)
|raw|Pelistorming's rating: 1170 → 1157(-13 for losing)
