|j|☆RipDrrip
|j|☆25th_mang
|html|RipDrrip25th_mang    
|uhtml|bestof|Game 1 of a best-of-3
|t:|1757646671
|gametype|doubles
|player|p1|RipDrrip|roxie|1049
|player|p2|25th_mang|ballguy|1117
|gen|9
|tier|[Gen 9] VGC 2025 Reg H (Bo3)
|rated|
|rule|Species Clause: Limit one of each Pokémon
|rule|Item Clause: Limit 1 of each item
|clearpoke
|poke|p1|Reuniclus, L50, M|
|poke|p1|Tyranitar, L50, F|
|poke|p1|Excadrill, L50, M|
|poke|p1|Amoonguss, L50, F|
|poke|p1|Incineroar, L50, F|
|poke|p1|Kommo-o, L50, F|
|poke|p2|Pelipper, L50, F|
|poke|p2|Archaludon, L50, F|
|poke|p2|Quaquaval, L50, F|
|poke|p2|Kingambit, L50, F|
|poke|p2|Rillaboom, L50, F|
|poke|p2|Dragapult, L50, F|
|teampreview|4
|showteam|p1|Reuniclus||LifeOrb|MagicGuard|ExpandingForce,FlashCannon,TrickRoom,Protect|||M|||50|,,,,,Dark]Tyranitar||AssaultVest|SandStream|RockSlide,KnockOff,LowKick,TeraBlast|||F|||50|,,,,,Flying]Excadrill||FocusSash|SandRush|IronHead,HighHorsepower,Earthquake,Protect|||M|||50|,,,,,Ground]Amoonguss||SitrusBerry|Regenerator|PollenPuff,RagePowder,Spore,ClearSmog|||F|||50|,,,,,Water]Incineroar||SafetyGoggles|Intimidate|FakeOut,KnockOff,FlareBlitz,PartingShot|||F|||50|,,,,,Ghost]Kommo-o||ThroatSpray|Overcoat|ClangingScales,ClangorousSoul,AuraSphere,Protect|||F|||50|,,,,,Steel
|showteam|p2|Pelipper||ChoiceScarf|Drizzle|Hurricane,WeatherBall,Tailwind,Uturn|||F|||50|,,,,,Ghost]Archaludon||ChoiceSpecs|Sturdy|ElectroShot,FlashCannon,DracoMeteor,DragonPulse|||F|||50|,,,,,Electric]Quaquaval||FocusSash|Moxie|AquaStep,UpperHand,CloseCombat,Protect|||F|||50|,,,,,Water]Kingambit||BlackGlasses|Defiant|KowtowCleave,SuckerPunch,IronHead,Protect|||F|||50|,,,,,Dark]Rillaboom||AssaultVest|GrassySurge|FakeOut,WoodHammer,GrassyGlide,Uturn|||F|||50|,,,,,Fire]Dragapult||ChoiceBand|ClearBody|DragonDarts,Outrage,PhantomForce,Uturn|||F|||50|,,,,,Dragon
|inactive|Battle timer is ON: inactive players will automatically lose when time's up. (requested by 25th_mang)
|inactive|RipDrrip has 60 seconds left.
|inactive|25th_mang has 60 seconds left.
|
|t:|1757646711
|teamsize|p1|4
|teamsize|p2|4
|start
|switch|p1a: Reuniclus|Reuniclus, L50, M|100/100
|switch|p1b: Incineroar|Incineroar, L50, F|100/100
|switch|p2a: jihyo|Rillaboom, L50, F, shiny|100/100
|switch|p2b: jeongsachaeng|Dragapult, L50, F, shiny|100/100
|-fieldstart|move: Grassy Terrain|[from] ability: Grassy Surge|[of] p2a: jihyo
|-ability|p1b: Incineroar|Intimidate|boost
|-unboost|p2a: jihyo|atk|1
|-fail|p2b: jeongsachaeng|unboost|[from] ability: Clear Body|[of] p2b: jeongsachaeng
|turn|1
|inactive|RipDrrip has 30 seconds left.
|inactive|25th_mang has 30 seconds left.
|inactive|25th_mang has 20 seconds left.
|inactive|RipDrrip has 20 seconds left.
|inactive|25th_mang has 15 seconds left.
|inactive|25th_mang has 10 seconds left.
|
|t:|1757646761
|-terastallize|p1a: Reuniclus|Dark
|move|p2a: jihyo|Fake Out|p1b: Incineroar
|-damage|p1b: Incineroar|91/100
|cant|p1b: Incineroar|flinch
|move|p2b: jeongsachaeng|U-turn|p1a: Reuniclus
|-supereffective|p1a: Reuniclus
|-damage|p1a: Reuniclus|23/100
|
|t:|1757646771
|switch|p2b: momo|Quaquaval, L50, F, shiny|100/100|[from] U-turn
|move|p1a: Reuniclus|Trick Room|p1a: Reuniclus
|-fieldstart|move: Trick Room|[of] p1a: Reuniclus
|
|-heal|p1a: Reuniclus|29/100|[from] Grassy Terrain
|-heal|p1b: Incineroar|97/100|[from] Grassy Terrain
|upkeep
|turn|2
|
|t:|1757646794
|move|p1a: Reuniclus|Expanding Force|p2b: momo
|-supereffective|p2b: momo
|-enditem|p2b: momo|Focus Sash
|-damage|p2b: momo|1/100
|move|p1b: Incineroar|Flare Blitz|p2a: jihyo
|-supereffective|p2a: jihyo
|-damage|p2a: jihyo|1/100
|-damage|p1b: Incineroar|63/100|[from] Recoil
|move|p2a: jihyo|U-turn|p1a: Reuniclus
|-supereffective|p1a: Reuniclus
|-damage|p1a: Reuniclus|0 fnt
|faint|p1a: Reuniclus
|
|t:|1757646808
|switch|p2a: jeongsachaeng|Dragapult, L50, F, shiny|100/100|[from] U-turn
|move|p2b: momo|Aqua Step|p1b: Incineroar
|-supereffective|p1b: Incineroar
|-damage|p1b: Incineroar|0 fnt
|-boost|p2b: momo|spe|1
|faint|p1b: Incineroar
|-ability|p2b: momo|Moxie|boost
|-boost|p2b: momo|atk|1
|
|-heal|p2b: momo|7/100|[from] Grassy Terrain
|upkeep
|
|t:|1757646820
|switch|p1a: Tyranitar|Tyranitar, L50, F|100/100
|switch|p1b: Excadrill|Excadrill, L50, M|100/100
|-weather|Sandstorm|[from] ability: Sand Stream|[of] p1a: Tyranitar
|turn|3
|inactive|25th_mang has 30 seconds left.
|inactive|25th_mang has 20 seconds left.
|
|t:|1757646856
|switch|p2a: dahyun|Pelipper, L50, F|100/100
|-weather|RainDance|[from] ability: Drizzle|[of] p2a: dahyun
|move|p2b: momo|Protect|p2b: momo
|-singleturn|p2b: momo|Protect
|move|p1a: Tyranitar|Rock Slide|p2b: momo|[spread] p2a
|-activate|p2b: momo|move: Protect
|-supereffective|p2a: dahyun
|-damage|p2a: dahyun|21/100
|move|p1b: Excadrill|Iron Head|p2a: dahyun
|-resisted|p2a: dahyun
|-damage|p2a: dahyun|0 fnt
|faint|p2a: dahyun
|
|-weather|RainDance|[upkeep]
|-heal|p2b: momo|14/100|[from] Grassy Terrain
|upkeep
|
|t:|1757646878
|switch|p2a: jihyo|Rillaboom, L50, F, shiny|1/100
|turn|4
|inactive|RipDrrip has 30 seconds left.
|
|t:|1757646904
|-terastallize|p2b: momo|Water
|move|p2a: jihyo|Fake Out|p1a: Tyranitar
|-resisted|p1a: Tyranitar
|-damage|p1a: Tyranitar|95/100
|cant|p1a: Tyranitar|flinch
|move|p1b: Excadrill|High Horsepower|p2b: momo
|-damage|p2b: momo|0 fnt
|faint|p2b: momo
|
|-weather|RainDance|[upkeep]
|-heal|p1a: Tyranitar|100/100|[from] Grassy Terrain
|-heal|p2a: jihyo|7/100|[from] Grassy Terrain
|upkeep
|
|t:|1757646915
|switch|p2b: jeongsachaeng|Dragapult, L50, F, shiny|100/100
|turn|5
|
|t:|1757646931
|move|p2a: jihyo|Grassy Glide|p1a: Tyranitar
|-supereffective|p1a: Tyranitar
|-damage|p1a: Tyranitar|34/100
|move|p1a: Tyranitar|Rock Slide|p2b: jeongsachaeng|[spread] p2a,p2b
|-damage|p2a: jihyo|0 fnt
|-damage|p2b: jeongsachaeng|54/100
|faint|p2a: jihyo
|move|p1b: Excadrill|Iron Head|p2b: jeongsachaeng
|-damage|p2b: jeongsachaeng|0 fnt
|faint|p2b: jeongsachaeng
|
|win|RipDrrip
|inactive|RipDrrip has 30 seconds to confirm battle start!
|inactive|25th_mang has 30 seconds to confirm battle start!
|c|☆RipDrrip|wp
|l|☆25th_mang
|player|p2|
||RipDrrip is ready for game 2.
||25th_mang is ready for game 2.
|uhtml|next|Next: Game 2 of 3
|l|☆RipDrrip
|player|p1|
|j|☆25th_mang
|player|p2|25th_mang|ballguy|
