|j|☆pointus
|j|☆F14B TOMCAT
|html|pointusF14B TOMCAT    
|uhtml|bestof|Game 2 of a best-of-3
|t:|1756410807
|gametype|doubles
|player|p1|pointus|lucas|
|player|p2|F14B TOMCAT|169|
|gen|9
|tier|[Gen 9] VGC 2025 Reg H (Bo3)
|rule|Species Clause: Limit one of each Pokémon
|rule|Item Clause: Limit 1 of each item
|clearpoke
|poke|p1|Toedscruel, L50, M|
|poke|p1|Weezing-Galar, L50, F|
|poke|p1|Corviknight, L50, M|
|poke|p1|Kilowattrel, L50, M|
|poke|p1|Garchomp, L50, F|
|poke|p1|Typhlosion-Hisui, L50, F|
|poke|p2|Gholdengo, L50|
|poke|p2|Tyranitar, L50, F|
|poke|p2|Amoonguss, L50, M|
|poke|p2|Kilowattrel, L50, F|
|poke|p2|Garchomp, L50, F|
|poke|p2|Incineroar, L50, F|
|teampreview|4
|showteam|p1|Toedscruel||CovertCloak|MyceliumMight|Spore,EarthPower,AcidSpray,RagePowder|||M|||50|,,,,,Water]Weezing-Galar||ChoiceSpecs|NeutralizingGas|DazzlingGleam,SludgeBomb,StrangeSteam,Flamethrower|||F|||50|,,,,,Water]Corviknight||SitrusBerry|MirrorArmor|BraveBird,Roost,Taunt,Protect|||M|||50|,,,,,Dragon]Kilowattrel||FocusSash|Competitive|Discharge,AirSlash,Tailwind,Protect|||M|||50|,,,,,Ghost]Garchomp||LifeOrb|RoughSkin|Protect,Earthquake,DragonClaw,StompingTantrum|||F|||50|,,,,,Ground]Typhlosion-Hisui||ChoiceScarf|Blaze|Eruption,WillOWisp,HeatWave,ShadowBall|||F|||50|,,,,,Fire
|showteam|p2|Gholdengo||MetalCoat|GoodasGold|MakeItRain,ShadowBall,NastyPlot,Protect||||||50|,,,,,Flying]Tyranitar||AssaultVest|SandStream|RockSlide,KnockOff,LowKick,TeraBlast|||F|||50|,,,,,Flying]Amoonguss||SitrusBerry|Regenerator|Spore,RagePowder,PollenPuff,Protect|||M|||50|,,,,,Water]Kilowattrel||CovertCloak|Competitive|Thunderbolt,AirSlash,Tailwind,Protect|||F|||50|,,,,,Fairy]Garchomp||LifeOrb|RoughSkin|DragonClaw,Earthquake,StompingTantrum,Protect|||F|||50|,,,,,Fire]Incineroar||SafetyGoggles|Intimidate|KnockOff,FakeOut,FlareBlitz,PartingShot|||F|||50|,,,,,Ghost
|inactive|Battle timer is ON: inactive players will automatically lose when time's up. (requested by pointus)
|j| guakamou
|inactive|pointus has 60 seconds left.
|inactive|F14B TOMCAT has 60 seconds left.
|inactiveoff|Battle timer is now OFF.
|
|t:|1756410874
|teamsize|p1|4
|teamsize|p2|4
|start
|switch|p1a: Corviknight|Corviknight, L50, M|100/100
|switch|p1b: Weezing|Weezing-Galar, L50, F|100/100
|switch|p2a: Tyranitar|Tyranitar, L50, F|100/100
|switch|p2b: Amoonguss|Amoonguss, L50, M|100/100
|-ability|p1b: Weezing|Neutralizing Gas
|turn|1
|
|t:|1756410899
|switch|p2b: Garchomp|Garchomp, L50, F|100/100
|move|p1a: Corviknight|Taunt|p2b: Garchomp
|-start|p2b: Garchomp|move: Taunt
|move|p1b: Weezing|Dazzling Gleam|p2a: Tyranitar|[spread] p2a,p2b
|-supereffective|p2a: Tyranitar
|-supereffective|p2b: Garchomp
|-damage|p2a: Tyranitar|60/100
|-damage|p2b: Garchomp|17/100
|move|p2a: Tyranitar|Rock Slide|p1a: Corviknight|[spread] p1a,p1b
|-damage|p1a: Corviknight|74/100
|-damage|p1b: Weezing|67/100
|
|upkeep
|turn|2
|
|t:|1756410946
|move|p2b: Garchomp|Stomping Tantrum|p1b: Weezing
|-supereffective|p1b: Weezing
|-crit|p1b: Weezing
|-damage|p1b: Weezing|0 fnt
|faint|p1b: Weezing
|-end|p1b: Weezing|ability: Neutralizing Gas
|-weather|Sandstorm|[from] ability: Sand Stream|[of] p2a: Tyranitar
|-damage|p2b: Garchomp|7/100|[from] item: Life Orb
|move|p1a: Corviknight|Brave Bird|p2b: Garchomp
|-damage|p2b: Garchomp|0 fnt
|-damage|p1a: Corviknight|62/100|[from] ability: Rough Skin|[of] p2b: Garchomp
|faint|p2b: Garchomp
|-damage|p1a: Corviknight|60/100|[from] Recoil
|move|p2a: Tyranitar|Rock Slide|p1a: Corviknight
|-damage|p1a: Corviknight|24/100
|-enditem|p1a: Corviknight|Sitrus Berry|[eat]
|-heal|p1a: Corviknight|49/100|[from] item: Sitrus Berry
|
|-weather|Sandstorm|[upkeep]
|upkeep
|
|t:|1756410965
|switch|p2b: Kilowattrel|Kilowattrel, L50, F|100/100
|switch|p1b: Kilowattrel|Kilowattrel, L50, M|100/100
|turn|3
|
|t:|1756410993
|-terastallize|p1a: Corviknight|Dragon
|move|p1b: Kilowattrel|Tailwind|p1b: Kilowattrel
|-sidestart|p1: pointus|move: Tailwind
|move|p1a: Corviknight|Roost|p1a: Corviknight
|-heal|p1a: Corviknight|99/100
|move|p2b: Kilowattrel|Thunderbolt|p1a: Corviknight
|-resisted|p1a: Corviknight
|-damage|p1a: Corviknight|85/100
|-status|p1a: Corviknight|par
|move|p2a: Tyranitar|Rock Slide|p1b: Kilowattrel|[spread] p1a,p1b
|-supereffective|p1b: Kilowattrel
|-crit|p1b: Kilowattrel
|-damage|p1a: Corviknight|57/100 par
|-enditem|p1b: Kilowattrel|Focus Sash
|-damage|p1b: Kilowattrel|1/100
|
|-weather|Sandstorm|[upkeep]
|-damage|p1b: Kilowattrel|0 fnt|[from] Sandstorm
|-damage|p2b: Kilowattrel|95/100|[from] Sandstorm
|-damage|p1a: Corviknight|51/100 par|[from] Sandstorm
|faint|p1b: Kilowattrel
|upkeep
|
|t:|1756411011
|switch|p1b: Garchomp|Garchomp, L50, F|100/100
|turn|4
|
|t:|1756411038
|-terastallize|p2a: Tyranitar|Flying
|move|p1b: Garchomp|Dragon Claw|p2a: Tyranitar
|-damage|p2a: Tyranitar|16/100
|-damage|p1b: Garchomp|91/100|[from] item: Life Orb
|move|p2b: Kilowattrel|Air Slash|p1b: Garchomp
|-damage|p1b: Garchomp|58/100
|cant|p1a: Corviknight|par
|move|p2a: Tyranitar|Knock Off|p1b: Garchomp
|-damage|p1b: Garchomp|0 fnt
|-damage|p2a: Tyranitar|4/100|[from] ability: Rough Skin|[of] p1b: Garchomp
|-enditem|p1b: Garchomp|Life Orb|[from] move: Knock Off|[of] p2a: Tyranitar
|faint|p1b: Garchomp
|
|-weather|Sandstorm|[upkeep]
|-damage|p2b: Kilowattrel|89/100|[from] Sandstorm
|-damage|p1a: Corviknight|45/100 par|[from] Sandstorm
|-damage|p2a: Tyranitar|0 fnt|[from] Sandstorm
|faint|p2a: Tyranitar
|upkeep
|
|t:|1756411055
|switch|p2a: Amoonguss|Amoonguss, L50, M|100/100
|turn|5
|
|t:|1756411078
|move|p2b: Kilowattrel|Air Slash|p1a: Corviknight
|-damage|p1a: Corviknight|20/100 par
|cant|p1a: Corviknight|flinch
|move|p2a: Amoonguss|Pollen Puff|p1a: Corviknight
|-damage|p1a: Corviknight|4/100 par
|
|-weather|Sandstorm|[upkeep]
|-damage|p2b: Kilowattrel|84/100|[from] Sandstorm
|-damage|p1a: Corviknight|0 fnt|[from] Sandstorm
|-damage|p2a: Amoonguss|95/100|[from] Sandstorm
|faint|p1a: Corviknight
|
|win|F14B TOMCAT
