|j|☆tmjp01
|j|‽curiositytest
|html|tmjp01curiositytest    
|uhtml|bestof|Game 2 of a best-of-3
|t:|1782956299
|gametype|doubles
|player|p1|tmjp01|169|1172
|player|p2|curiositytest|drayden|1187
|gen|9
|tier|[Gen 9 Champions] VGC 2026 Reg M-B (Bo3)
|rated|
|rule|Species Clause: Limit one of each Pokémon
|rule|Item Clause: Limit 1 of each item
|clearpoke
|poke|p1|Charizard, L50, F, shiny|
|poke|p1|Whimsicott, L50, F|
|poke|p1|Garchomp, L50, M, shiny|
|poke|p1|Basculegion, L50, M|
|poke|p1|Glimmora, L50, M|
|poke|p1|Kingambit, L50, F|
|poke|p2|Pelipper, L50, M|
|poke|p2|Basculegion, L50, M|
|poke|p2|Sneasler, L50, F|
|poke|p2|Scovillain, L50, M|
|poke|p2|Sylveon, L50, M|
|poke|p2|Gholdengo, L50|
|teampreview|4
|showteam|p1|Charizard||CharizarditeY|SolarPower|HeatWave,WeatherBall,SolarBeam,Protect|Modest||F|||50|]Whimsicott||FairyFeather|Prankster|Moonblast,TrickRoom,Encore,Tailwind|Bold||F|||50|]Garchomp||LifeOrb|RoughSkin|DragonClaw,Earthquake,RockSlide,Protect|Jolly||M|||50|]Basculegion||MysticWater|Adaptability|WaveCrash,AquaJet,LastRespects,Protect|Adamant||M|||50|]Glimmora||FocusSash|ToxicDebris|SludgeBomb,PowerGem,SpikyShield,EarthPower|Modest||M|||50|]Kingambit||BlackGlasses|Defiant|KowtowCleave,SuckerPunch,IronHead,LowKick|Adamant||F|||50|
|showteam|p2|Pelipper||FocusSash|Drizzle|WeatherBall,Hurricane,Tailwind,WideGuard|Modest||M|||50|]Basculegion||MysticWater|Adaptability|WaveCrash,AquaJet,LastRespects,Protect|Adamant||M|||50|]Sneasler||WhiteHerb|Unburden|FakeOut,DireClaw,CloseCombat,Coaching|Adamant||F|||50|]Scovillain||Scovillainite|Moody|RagePowder,LeechSeed,Protect,Overheat|Calm||M|||50|]Sylveon||FairyFeather|Pixilate|HyperVoice,HyperBeam,QuickAttack,Protect|Modest||M|||50|]Gholdengo||Leftovers|GoodasGold|MakeItRain,ShadowBall,NastyPlot,Protect|Modest|||||50|
|inactive|Battle timer is ON: inactive players will automatically lose when time's up. (requested by curiositytest)
|
|t:|1782956332
|teamsize|p1|4
|teamsize|p2|4
|start
|switch|p1a: Whimsicott|Whimsicott, L50, F|100/100
|switch|p1b: Charizard|Charizard, L50, F, shiny|100/100
|switch|p2a: Gholdengo|Gholdengo, L50|100/100
|switch|p2b: Sneasler|Sneasler, L50, F|100/100
|turn|1
|
|t:|1782956347
|detailschange|p1b: Charizard|Charizard-Mega-Y, L50, F, shiny
|-mega|p1b: Charizard|Charizard|Charizardite Y
|-weather|SunnyDay|[from] ability: Drought|[of] p1b: Charizard
|move|p2b: Sneasler|Fake Out|p1b: Charizard
|-damage|p1b: Charizard|85/100
|move|p1a: Whimsicott|Tailwind|p1a: Whimsicott
|-sidestart|p1: tmjp01|move: Tailwind
|cant|p1b: Charizard|flinch
|move|p2a: Gholdengo|Nasty Plot|p2a: Gholdengo
|-boost|p2a: Gholdengo|spa|2
|
|-weather|SunnyDay|[upkeep]
|upkeep
|turn|2
|
|t:|1782956360
|switch|p2b: Pelipper|Pelipper, L50, M|100/100
|-weather|RainDance|[from] ability: Drizzle|[of] p2b: Pelipper
|move|p1a: Whimsicott|Moonblast|p2b: Pelipper
|-damage|p2b: Pelipper|46/100
|-unboost|p2b: Pelipper|spa|1
|move|p1b: Charizard|Heat Wave|p2b: Pelipper|[spread] p2a,p2b
|-supereffective|p2a: Gholdengo|1
|-resisted|p2b: Pelipper|1
|-damage|p2a: Gholdengo|61/100
|-damage|p2b: Pelipper|31/100
|move|p2a: Gholdengo|Make It Rain|p1b: Charizard|[spread] p1a,p1b
|-supereffective|p1a: Whimsicott|1
|-resisted|p1b: Charizard|1
|-damage|p1a: Whimsicott|0 fnt
|-damage|p1b: Charizard|42/100
|-unboost|p2a: Gholdengo|spa|2
|faint|p1a: Whimsicott
|
|-weather|RainDance|[upkeep]
|-heal|p2a: Gholdengo|67/100|[from] item: Leftovers
|upkeep
|
|t:|1782956365
|switch|p1a: Glimmora|Glimmora, L50, M|100/100
|turn|3
|
|t:|1782956381
|switch|p1b: Kingambit|Kingambit, L50, F|100/100
|move|p2b: Pelipper|Wide Guard|p2b: Pelipper
|-singleturn|p2b: Pelipper|Wide Guard
|move|p1a: Glimmora|Power Gem|p2b: Pelipper
|-supereffective|p2b: Pelipper|1
|-damage|p2b: Pelipper|0 fnt
|faint|p2b: Pelipper
|move|p2a: Gholdengo|Make It Rain|p1b: Kingambit|[spread] p1a,p1b
|-supereffective|p1a: Glimmora|1
|-resisted|p1b: Kingambit|1
|-enditem|p1a: Glimmora|Focus Sash
|-damage|p1a: Glimmora|1/100
|-damage|p1b: Kingambit|71/100
|-unboost|p2a: Gholdengo|spa|2
|
|-weather|RainDance|[upkeep]
|-heal|p2a: Gholdengo|73/100|[from] item: Leftovers
|upkeep
|
|t:|1782956390
|switch|p2b: Scovillain|Scovillain, L50, M|100/100
|turn|4
|
|t:|1782956398
|detailschange|p2b: Scovillain|Scovillain-Mega, L50, M
|-mega|p2b: Scovillain|Scovillain|Scovillainite
|move|p1a: Glimmora|Spiky Shield|p1a: Glimmora
|-singleturn|p1a: Glimmora|move: Protect
|move|p2b: Scovillain|Rage Powder|p2b: Scovillain
|-singleturn|p2b: Scovillain|move: Rage Powder
|move|p1b: Kingambit|Kowtow Cleave|p2b: Scovillain
|-damage|p2b: Scovillain|40/100
|-status|p1b: Kingambit|brn|[from] ability: Spicy Spray|[of] p2b: Scovillain
|move|p2a: Gholdengo|Nasty Plot|p2a: Gholdengo
|-boost|p2a: Gholdengo|spa|2
|
|-weather|RainDance|[upkeep]
|-heal|p2a: Gholdengo|80/100|[from] item: Leftovers
|-damage|p1b: Kingambit|64/100 brn|[from] brn
|-sideend|p1: tmjp01|move: Tailwind
|upkeep
|turn|5
|inactive|curiositytest has 30 seconds left.
|
|t:|1782956425
|move|p2a: Gholdengo|Protect|p2a: Gholdengo
|-singleturn|p2a: Gholdengo|Protect
|move|p1a: Glimmora|Sludge Bomb|p2b: Scovillain
|-supereffective|p2b: Scovillain|1
|-damage|p2b: Scovillain|0 fnt
|-status|p1a: Glimmora|brn|[from] ability: Spicy Spray|[of] p2b: Scovillain
|faint|p2b: Scovillain
|move|p1b: Kingambit|Kowtow Cleave|p2a: Gholdengo
|-activate|p2a: Gholdengo|move: Protect
|
|-weather|RainDance|[upkeep]
|-heal|p2a: Gholdengo|86/100|[from] item: Leftovers
|-damage|p1a: Glimmora|0 fnt|[from] brn
|faint|p1a: Glimmora
|-damage|p1b: Kingambit|58/100 brn|[from] brn
|upkeep
|
|t:|1782956430
|switch|p1a: Charizard|Charizard-Mega-Y, L50, F, shiny|42/100
|switch|p2b: Sneasler|Sneasler, L50, F|100/100
|-weather|SunnyDay|[from] ability: Drought|[of] p1a: Charizard
|turn|6
|inactive|curiositytest has 30 seconds left.
|
|t:|1782956456
|move|p2b: Sneasler|Dire Claw|p1a: Charizard
|-damage|p1a: Charizard|1/100
|move|p1a: Charizard|Heat Wave|p2a: Gholdengo|[spread] p2a
|-miss|p1a: Charizard|p2b: Sneasler
|-supereffective|p2a: Gholdengo|1
|-damage|p2a: Gholdengo|0 fnt
|faint|p2a: Gholdengo
|move|p1b: Kingambit|Kowtow Cleave|p2b: Sneasler
|-resisted|p2b: Sneasler|1
|-damage|p2b: Sneasler|76/100
|
|-weather|SunnyDay|[upkeep]
|-damage|p1b: Kingambit|52/100 brn|[from] brn
|upkeep
|turn|7
|inactive|tmjp01 has 30 seconds left.
|inactive|tmjp01 has 20 seconds left.
|
|t:|1782956495
|move|p2b: Sneasler|Dire Claw|p1a: Charizard
|-damage|p1a: Charizard|0 fnt
|faint|p1a: Charizard
|move|p1b: Kingambit|Kowtow Cleave|p2b: Sneasler
|-resisted|p2b: Sneasler|1
|-damage|p2b: Sneasler|49/100
|
|-weather|SunnyDay|[upkeep]
|-damage|p1b: Kingambit|46/100 brn|[from] brn
|upkeep
|turn|8
|
|t:|1782956503
|move|p1b: Kingambit|Sucker Punch|p2b: Sneasler
|-resisted|p2b: Sneasler|1
|-damage|p2b: Sneasler|26/100
|move|p2b: Sneasler|Close Combat|p1b: Kingambit
|-supereffective|p1b: Kingambit|2
|-damage|p1b: Kingambit|0 fnt
|-unboost|p2b: Sneasler|def|1
|-unboost|p2b: Sneasler|spd|1
|faint|p1b: Kingambit
|
|win|curiositytest
|raw|tmjp01's rating: 1172 → 1148(-24 for losing)
|raw|curiositytest's rating: 1187 → 1211(+24 for winning)
|l|‽curiositytest
|player|p2|
