|j|☆Cristante terabug
|j|☆Happyhelper
|html|Cristante terabugHappyhelper    
|uhtml|bestof|Game 3 of a best-of-3
|t:|1756248780
|gametype|doubles
|player|p1|Cristante terabug|kieran-champion|1175
|player|p2|Happyhelper|2|1132
|gen|9
|tier|[Gen 9] VGC 2025 Reg H (Bo3)
|rated|
|rule|Species Clause: Limit one of each Pokémon
|rule|Item Clause: Limit 1 of each item
|clearpoke
|poke|p1|Kommo-o, L50, F|
|poke|p1|Gholdengo, L50|
|poke|p1|Sneasler, L50, F|
|poke|p1|Rillaboom, L50, F|
|poke|p1|Dondozo, L50, F|
|poke|p1|Electabuzz, L50, F|
|poke|p2|Amoonguss, L50, M|
|poke|p2|Incineroar, L50, M|
|poke|p2|Politoed, L50, F|
|poke|p2|Corviknight, L50, M|
|poke|p2|Maushold-Four, L50|
|poke|p2|Archaludon, L50, F|
|teampreview|4
|showteam|p1|Kommo-o||ThroatSpray|Overcoat|ClangorousSoul,ClangingScales,Flamethrower,Protect|||F|||50|,,,,,Fire]Gholdengo||ChoiceSpecs|GoodasGold|MakeItRain,Thunderbolt,DazzlingGleam,ShadowBall||||||50|,,,,,Fairy]Sneasler||FocusSash|PoisonTouch|FakeOut,DireClaw,CloseCombat,Protect|||F|||50|,,,,,Stellar]Rillaboom||AssaultVest|GrassySurge|FakeOut,GrassyGlide,DrumBeating,HighHorsepower|||F|||50|,,,,,Fire]Dondozo||Leftovers|Unaware|WaveCrash,Fissure,Yawn,Protect|||F|||50|,,,,,Poison]Electabuzz||Eviolite|VitalSpirit|Electroweb,FollowMe,Taunt,Protect|||F|||50|,,,,,Ghost
|showteam|p2|Amoonguss||SitrusBerry|Regenerator|RagePowder,SludgeBomb,Spore,Protect|||M|||50|,,,,,Dark]Incineroar||SafetyGoggles|Intimidate|FakeOut,PartingShot,KnockOff,FlareBlitz|||M|||50|,,,,,Ghost]Politoed||Leftovers|Drizzle|WeatherBall,PerishSong,Protect,Encore|||F|||50|,,,,,Grass]Corviknight||CovertCloak|MirrorArmor|BraveBird,Tailwind,BodyPress,IronDefense|||M|||50|,,,,,Dragon]Maushold-Four||WideLens|Technician|PopulationBomb,Protect,FollowMe,RainDance||||||50|,,,,,Ghost]Archaludon||PowerHerb|Stamina|ElectroShot,Protect,DracoMeteor,BodyPress|||F|||50|,,,,,Flying
|inactive|Battle timer is ON: inactive players will automatically lose when time's up. (requested by Happyhelper)
|inactive|Happyhelper has 60 seconds left.
|j| AriehA1995
|inactive|Happyhelper has 30 seconds left.
|
|t:|1756248843
|teamsize|p1|4
|teamsize|p2|4
|start
|switch|p1a: Electabuzz|Electabuzz, L50, F|100/100
|switch|p1b: Gholdengo|Gholdengo, L50|100/100
|switch|p2a: Maushold|Maushold-Four, L50|100/100
|switch|p2b: Incineroar|Incineroar, L50, M|100/100
|-ability|p2b: Incineroar|Intimidate|boost
|-unboost|p1a: Electabuzz|atk|1
|-unboost|p1b: Gholdengo|atk|1
|turn|1
|
|t:|1756248868
|-terastallize|p1b: Gholdengo|Fairy
|move|p1a: Electabuzz|Protect|p1a: Electabuzz
|-singleturn|p1a: Electabuzz|Protect
|move|p2a: Maushold|Population Bomb|p1a: Electabuzz
|-activate|p1a: Electabuzz|move: Protect
|move|p1b: Gholdengo|Dazzling Gleam|p2a: Maushold|[spread] p2a,p2b
|-damage|p2a: Maushold|30/100
|-damage|p2b: Incineroar|63/100
|move|p2b: Incineroar|Knock Off|p1b: Gholdengo
|-resisted|p1b: Gholdengo
|-damage|p1b: Gholdengo|79/100
|-enditem|p1b: Gholdengo|Choice Specs|[from] move: Knock Off|[of] p2b: Incineroar
|
|upkeep
|turn|2
|inactive|Happyhelper has 30 seconds left.
|
|t:|1756248895
|move|p2a: Maushold|Protect|p2a: Maushold
|-singleturn|p2a: Maushold|Protect
|move|p1a: Electabuzz|Follow Me|p1a: Electabuzz
|-singleturn|p1a: Electabuzz|move: Follow Me
|move|p1b: Gholdengo|Dazzling Gleam|p2b: Incineroar|[spread] p2b
|-activate|p2a: Maushold|move: Protect
|-damage|p2b: Incineroar|40/100
|move|p2b: Incineroar|Parting Shot|p1a: Electabuzz
|-unboost|p1a: Electabuzz|atk|1
|-unboost|p1a: Electabuzz|spa|1
|
|t:|1756248910
|switch|p2b: Archaludon|Archaludon, L50, F|100/100|[from] Parting Shot
|
|upkeep
|turn|3
|
|t:|1756248930
|move|p1a: Electabuzz|Follow Me|p1a: Electabuzz
|-singleturn|p1a: Electabuzz|move: Follow Me
|move|p2a: Maushold|Rain Dance|p2a: Maushold
|-weather|RainDance
|move|p1b: Gholdengo|Dazzling Gleam|p2a: Maushold|[spread] p2a,p2b
|-damage|p2a: Maushold|0 fnt
|-damage|p2b: Archaludon|65/100
|-ability|p2b: Archaludon|Stamina|boost
|-boost|p2b: Archaludon|def|1
|faint|p2a: Maushold
|move|p2b: Archaludon|Electro Shot||[still]
|-prepare|p2b: Archaludon|Electro Shot
|-boost|p2b: Archaludon|spa|1
|-anim|p2b: Archaludon|Electro Shot|p1a: Electabuzz
|-resisted|p1a: Electabuzz
|-damage|p1a: Electabuzz|74/100
|
|-weather|RainDance|[upkeep]
|upkeep
|
|t:|1756248945
|switch|p2a: Incineroar|Incineroar, L50, M|40/100
|-ability|p2a: Incineroar|Intimidate|boost
|-unboost|p1a: Electabuzz|atk|1
|-unboost|p1b: Gholdengo|atk|1
|turn|4
|
|t:|1756248957
|switch|p1b: Kommo-o|Kommo-o, L50, F|100/100
|move|p1a: Electabuzz|Protect|p1a: Electabuzz
|-singleturn|p1a: Electabuzz|Protect
|move|p2a: Incineroar|Fake Out|p1a: Electabuzz
|-activate|p1a: Electabuzz|move: Protect
|move|p2b: Archaludon|Electro Shot||[still]
|-prepare|p2b: Archaludon|Electro Shot
|-boost|p2b: Archaludon|spa|1
|-anim|p2b: Archaludon|Electro Shot|p1b: Kommo-o
|-resisted|p1b: Kommo-o
|-crit|p1b: Kommo-o
|-damage|p1b: Kommo-o|35/100
|
|-weather|RainDance|[upkeep]
|upkeep
|turn|5
|inactive|Cristante terabug has 30 seconds left.
|inactive|Happyhelper has 30 seconds left.
|
|t:|1756248986
|switch|p2a: Corviknight|Corviknight, L50, M|100/100
|move|p1a: Electabuzz|Electroweb|p2b: Archaludon|[spread] p2b
|-miss|p1a: Electabuzz|p2a: Corviknight
|-resisted|p2b: Archaludon
|-damage|p2b: Archaludon|60/100
|-unboost|p2b: Archaludon|spe|1
|-ability|p2b: Archaludon|Stamina|boost
|-boost|p2b: Archaludon|def|1
|move|p1b: Kommo-o|Clanging Scales|p2a: Corviknight|[spread] p2a,p2b
|-resisted|p2a: Corviknight
|-damage|p2a: Corviknight|89/100
|-damage|p2b: Archaludon|31/100
|-ability|p2b: Archaludon|Stamina|boost
|-boost|p2b: Archaludon|def|1
|-unboost|p1b: Kommo-o|def|1
|-enditem|p1b: Kommo-o|Throat Spray
|-boost|p1b: Kommo-o|spa|1|[from] item: Throat Spray
|move|p2b: Archaludon|Electro Shot||[still]
|-prepare|p2b: Archaludon|Electro Shot
|-boost|p2b: Archaludon|spa|1
|-anim|p2b: Archaludon|Electro Shot|p1b: Kommo-o
|-resisted|p1b: Kommo-o
|-damage|p1b: Kommo-o|0 fnt
|faint|p1b: Kommo-o
|
|-weather|RainDance|[upkeep]
|upkeep
|inactive|Cristante terabug has 30 seconds left.
|
|t:|1756249018
|switch|p1b: Sneasler|Sneasler, L50, F|100/100
|turn|6
|
|t:|1756249026
|move|p2b: Archaludon|Protect|p2b: Archaludon
|-singleturn|p2b: Archaludon|Protect
|move|p1a: Electabuzz|Follow Me|p1a: Electabuzz
|-singleturn|p1a: Electabuzz|move: Follow Me
|move|p1b: Sneasler|Close Combat|p2b: Archaludon
|-activate|p2b: Archaludon|move: Protect
|move|p2a: Corviknight|Tailwind|p2a: Corviknight
|-sidestart|p2: Happyhelper|move: Tailwind
|
|-weather|RainDance|[upkeep]
|upkeep
|turn|7
|inactive|Happyhelper has 30 seconds left.
|inactive|Happyhelper has 20 seconds left.
|inactive|Happyhelper has 15 seconds left.
|
|t:|1756249066
|move|p1a: Electabuzz|Follow Me|p1a: Electabuzz
|-singleturn|p1a: Electabuzz|move: Follow Me
|move|p1b: Sneasler|Close Combat|p2b: Archaludon
|-supereffective|p2b: Archaludon
|-crit|p2b: Archaludon
|-damage|p2b: Archaludon|0 fnt
|-unboost|p1b: Sneasler|def|1
|-unboost|p1b: Sneasler|spd|1
|faint|p2b: Archaludon
|move|p2a: Corviknight|Body Press|p1a: Electabuzz
|-damage|p1a: Electabuzz|55/100
|
|-weather|none
|upkeep
|
|t:|1756249078
|switch|p2b: Incineroar|Incineroar, L50, M|40/100
|-ability|p2b: Incineroar|Intimidate|boost
|-unboost|p1a: Electabuzz|atk|1
|-unboost|p1b: Sneasler|atk|1
|turn|8
|inactive|Happyhelper has 30 seconds left.
|
|t:|1756249108
|move|p1b: Sneasler|Protect|p1b: Sneasler
|-singleturn|p1b: Sneasler|Protect
|move|p2b: Incineroar|Fake Out|p1a: Electabuzz
|-crit|p1a: Electabuzz
|-damage|p1a: Electabuzz|41/100
|move|p2a: Corviknight|Iron Defense|p2a: Corviknight
|-boost|p2a: Corviknight|def|2
|cant|p1a: Electabuzz|flinch
|
|upkeep
|turn|9
|
|t:|1756249125
|-terastallize|p2b: Incineroar|Ghost
|move|p1b: Sneasler|Close Combat|p2b: Incineroar
|-immune|p2b: Incineroar
|move|p2a: Corviknight|Body Press|p1a: Electabuzz
|-damage|p1a: Electabuzz|5/100
|move|p2b: Incineroar|Knock Off|p1b: Sneasler
|-resisted|p1b: Sneasler
|-damage|p1b: Sneasler|48/100
|-enditem|p1b: Sneasler|Focus Sash|[from] move: Knock Off|[of] p2b: Incineroar
|move|p1a: Electabuzz|Electroweb|p2b: Incineroar|[spread] p2a,p2b
|-supereffective|p2a: Corviknight
|-damage|p2a: Corviknight|74/100
|-damage|p2b: Incineroar|33/100
|-unboost|p2b: Incineroar|spe|1
|
|-sideend|p2: Happyhelper|move: Tailwind
|upkeep
|turn|10
|inactive|Happyhelper has 30 seconds left.
|
|t:|1756249151
|move|p1b: Sneasler|Dire Claw|p2b: Incineroar
|-resisted|p2b: Incineroar
|-damage|p2b: Incineroar|21/100
|-status|p2b: Incineroar|psn|[from] ability: Poison Touch|[of] p1b: Sneasler
|move|p1a: Electabuzz|Electroweb|p2a: Corviknight|[spread] p2a,p2b
|-supereffective|p2a: Corviknight
|-damage|p2a: Corviknight|60/100
|-damage|p2b: Incineroar|15/100 psn
|-unboost|p2b: Incineroar|spe|1
|move|p2a: Corviknight|Tailwind|p2a: Corviknight
|-sidestart|p2: Happyhelper|move: Tailwind
|move|p2b: Incineroar|Knock Off|p1a: Electabuzz
|-crit|p1a: Electabuzz
|-damage|p1a: Electabuzz|0 fnt
|-enditem|p1a: Electabuzz|Eviolite|[from] move: Knock Off|[of] p2b: Incineroar
|faint|p1a: Electabuzz
|
|-damage|p2b: Incineroar|2/100 psn|[from] psn
|upkeep
|
|t:|1756249165
|switch|p1a: Gholdengo|Gholdengo, L50, tera:Fairy|79/100
|turn|11
|
|t:|1756249177
|move|p1b: Sneasler|Dire Claw|p2b: Incineroar
|-resisted|p2b: Incineroar
|-damage|p2b: Incineroar|0 fnt
|faint|p2b: Incineroar
|move|p2a: Corviknight|Brave Bird|p1b: Sneasler
|-supereffective|p1b: Sneasler
|-damage|p1b: Sneasler|0 fnt
|faint|p1b: Sneasler
|-damage|p2a: Corviknight|48/100|[from] Recoil
|move|p1a: Gholdengo|Thunderbolt|p2a: Corviknight
|-supereffective|p2a: Corviknight
|-damage|p2a: Corviknight|0 fnt
|faint|p2a: Corviknight
|
|win|Cristante terabug
|raw|Cristante terabug's rating: 1175 → 1197(+22 for winning)
|raw|Happyhelper's rating: 1132 → 1110(-22 for losing)
