|j|☆indianpro#2011
|j|‽Juaner95
|html|indianpro#2011Juaner95    
|uhtml|bestof|Game 2 of a best-of-3
|t:|1785385040
|gametype|doubles
|player|p1|indianpro#2011|lucas|1019
|player|p2|Juaner95|ash-hoenn|1044
|gen|9
|tier|[Gen 9 Champions] VGC 2026 Reg M-B (Bo3)
|rated|
|rule|Species Clause: Limit one of each Pokémon
|rule|Item Clause: Limit 1 of each item
|clearpoke
|poke|p1|Tyranitar, L50, M|
|poke|p1|Mawile, L50, M|
|poke|p1|Grimmsnarl, L50, M|
|poke|p1|Farigiraf, L50, M|
|poke|p1|Crabominable, L50, F|
|poke|p1|Aegislash, L50, M|
|poke|p2|Eelektross, L50, F|
|poke|p2|Ninetales-Alola, L50, F, shiny|
|poke|p2|Talonflame, L50, M|
|poke|p2|Garchomp, L50, M|
|poke|p2|Incineroar, L50, M, shiny|
|poke|p2|Kingambit, L50, M|
|teampreview|4
|showteam|p1|Tyranitar||FocusSash|SandStream|RockSlide,KnockOff,Superpower,Protect|Brave||M|||50|]Mawile||Mawilite|HyperCutter|IronHead,PlayRough,SuckerPunch,Protect|Brave||M|||50|]Grimmsnarl||LightClay|Prankster|Reflect,LightScreen,FakeOut,SpiritBreak|Adamant||M|||50|]Farigiraf||ColburBerry|ArmorTail|TrickRoom,TwinBeam,HelpingHand,Protect|Modest||M|||50|]Crabominable||Crabominite|HyperCutter|IceHammer,DrainPunch,WideGuard,Protect|Brave||F|||50|]Aegislash||LifeOrb|StanceChange|IronHead,SacredSword,ShadowClaw,KingsShield|Adamant||M|||50|
|showteam|p2|Eelektross||Eelektrossite|Levitate|SupercellSlam,DrainPunch,Coil,Protect|Adamant||F|||50|]Ninetales-Alola||ChoiceScarf|SnowWarning|Blizzard,FreezeDry,IcyWind,Moonblast|Modest||F|||50|]Talonflame||SharpBeak|GaleWings|BraveBird,FlareBlitz,Tailwind,Protect|Jolly||M|||50|]Garchomp||LifeOrb|RoughSkin|RockSlide,Earthquake,DragonClaw,Protect|Jolly||M|||50|]Incineroar||SitrusBerry|Intimidate|FlareBlitz,ThroatChop,PartingShot,FakeOut|Careful||M|||50|]Kingambit||FocusSash|Defiant|KowtowCleave,SuckerPunch,LowKick,Protect|Adamant||M|||50|
|inactive|Battle timer is ON: inactive players will automatically lose when time's up. (requested by indianpro#2011)
|inactive|Juaner95 has 60 seconds left.
|inactive|Juaner95 has 30 seconds left.
|inactive|Juaner95 has 20 seconds left.
|
|t:|1785385160
|teamsize|p1|4
|teamsize|p2|4
|start
|switch|p1a: Farigiraf|Farigiraf, L50, M|100/100
|switch|p1b: Grimmsnarl|Grimmsnarl, L50, M|100/100
|switch|p2a: Talonflame|Talonflame, L50, M|100/100
|switch|p2b: Ninetales|Ninetales-Alola, L50, F, shiny|100/100
|-weather|Snowscape|[from] ability: Snow Warning|[of] p2b: Ninetales
|turn|1
|inactive|Juaner95 has 30 seconds left.
|inactive|Juaner95 has 20 seconds left.
|inactive|Juaner95 has 15 seconds left.
|inactive|Juaner95 has 10 seconds left.
|inactive|Juaner95 has 5 seconds left.
|
|t:|1785385213
|move|p1b: Grimmsnarl|Fake Out|p2a: Talonflame
|-damage|p2a: Talonflame|76/100
|move|p2b: Ninetales|Blizzard|p1b: Grimmsnarl|[spread] p1a,p1b
|-damage|p1a: Farigiraf|69/100
|-damage|p1b: Grimmsnarl|67/100
|cant|p2a: Talonflame|flinch
|move|p1a: Farigiraf|Trick Room|p1a: Farigiraf
|-fieldstart|move: Trick Room|[of] p1a: Farigiraf
|
|-weather|Snowscape|[upkeep]
|upkeep
|turn|2
|
|t:|1785385237
|switch|p1a: Aegislash|Aegislash, L50, M|100/100
|move|p1b: Grimmsnarl|Light Screen|p1b: Grimmsnarl
|-sidestart|p1: indianpro#2011|move: Light Screen
|move|p2a: Talonflame|Brave Bird|p1a: Aegislash
|-resisted|p1a: Aegislash|1
|-damage|p1a: Aegislash|78/100
|-damage|p2a: Talonflame|68/100|[from] Recoil
|move|p2b: Ninetales|Blizzard|p1a: Aegislash|[spread] p1a,p1b
|-resisted|p1a: Aegislash|1
|-damage|p1a: Aegislash|68/100
|-damage|p1b: Grimmsnarl|44/100
|
|-weather|Snowscape|[upkeep]
|upkeep
|turn|3
|inactive|Juaner95 has 30 seconds left.
|inactive|Juaner95 has 20 seconds left.
|inactive|Juaner95 has 15 seconds left.
|inactive|Juaner95 has 10 seconds left.
|
|t:|1785385286
|switch|p2b: Eelektross|Eelektross, L50, F|100/100
|move|p1b: Grimmsnarl|Reflect|p1b: Grimmsnarl
|-sidestart|p1: indianpro#2011|Reflect
|-formechange|p1a: Aegislash|Aegislash-Blade|
|move|p1a: Aegislash|Iron Head|p2b: Eelektross
|-resisted|p2b: Eelektross|1
|-damage|p2b: Eelektross|70/100
|-damage|p1a: Aegislash|59/100|[from] item: Life Orb
|move|p2a: Talonflame|Flare Blitz|p1a: Aegislash
|-supereffective|p1a: Aegislash|1
|-damage|p1a: Aegislash|0 fnt
|faint|p1a: Aegislash
|-damage|p2a: Talonflame|47/100|[from] Recoil
|
|-weather|Snowscape|[upkeep]
|upkeep
|
|t:|1785385308
|switch|p1a: Crabominable|Crabominable, L50, F|100/100
|turn|4
|
|t:|1785385316
|detailschange|p1a: Crabominable|Crabominable-Mega, L50, F
|-mega|p1a: Crabominable|Crabominable|Crabominite
|move|p1a: Crabominable|Protect|p1a: Crabominable
|-singleturn|p1a: Crabominable|Protect
|move|p2b: Eelektross|Protect|p2b: Eelektross
|-singleturn|p2b: Eelektross|Protect
|move|p2a: Talonflame|Protect|p2a: Talonflame
|-singleturn|p2a: Talonflame|Protect
|move|p1b: Grimmsnarl|Spirit Break|p2a: Talonflame
|-activate|p2a: Talonflame|move: Protect
|
|-weather|Snowscape|[upkeep]
|upkeep
|turn|5
|
|t:|1785385341
|detailschange|p2b: Eelektross|Eelektross-Mega, L50, F
|-mega|p2b: Eelektross|Eelektross|Eelektrossite
|move|p1a: Crabominable|Drain Punch|p2b: Eelektross
|-damage|p2b: Eelektross|4/100
|move|p1b: Grimmsnarl|Spirit Break|p2a: Talonflame
|-resisted|p2a: Talonflame|1
|-damage|p2a: Talonflame|16/100
|-unboost|p2a: Talonflame|spa|1
|move|p2b: Eelektross|Coil|p2b: Eelektross
|-boost|p2b: Eelektross|atk|1
|-boost|p2b: Eelektross|def|1
|-boost|p2b: Eelektross|accuracy|1
|move|p2a: Talonflame|Brave Bird|p1a: Crabominable
|-supereffective|p1a: Crabominable|1
|-damage|p1a: Crabominable|66/100
|-damage|p2a: Talonflame|1/100|[from] Recoil
|
|-weather|none
|-fieldend|move: Trick Room
|upkeep
|turn|6
|
|t:|1785385365
|switch|p1a: Farigiraf|Farigiraf, L50, M|69/100
|move|p2a: Talonflame|Protect|p2a: Talonflame
|-singleturn|p2a: Talonflame|Protect
|move|p2b: Eelektross|Protect|p2b: Eelektross
|-singleturn|p2b: Eelektross|Protect
|move|p1b: Grimmsnarl|Spirit Break|p2b: Eelektross
|-activate|p2b: Eelektross|move: Protect
|
|upkeep
|turn|7
|
|t:|1785385381
|move|p2a: Talonflame|Brave Bird|p1a: Farigiraf
|-damage|p1a: Farigiraf|29/100
|-damage|p2a: Talonflame|0 fnt|[from] Recoil
|faint|p2a: Talonflame
|move|p2b: Eelektross|Drain Punch|p1a: Farigiraf
|-damage|p1a: Farigiraf|0 fnt
|-heal|p2b: Eelektross|21/100|[from] drain|[of] p1a: Farigiraf
|faint|p1a: Farigiraf
|-ability|p2b: Eelektross|Eelevate|boost
|-boost|p2b: Eelektross|atk|1
|move|p1b: Grimmsnarl|Spirit Break|p2b: Eelektross
|-damage|p2b: Eelektross|0 fnt
|faint|p2b: Eelektross
|
|upkeep
|
|t:|1785385398
|switch|p2a: Ninetales|Ninetales-Alola, L50, F, shiny|100/100
|switch|p2b: Garchomp|Garchomp, L50, M|100/100
|switch|p1a: Crabominable|Crabominable-Mega, L50, F|66/100
|-weather|Snowscape|[from] ability: Snow Warning|[of] p2a: Ninetales
|turn|8
|
|t:|1785385415
|move|p2a: Ninetales|Moonblast|p1a: Crabominable
|-supereffective|p1a: Crabominable|1
|-damage|p1a: Crabominable|24/100
|move|p2b: Garchomp|Dragon Claw|p1a: Crabominable
|-damage|p1a: Crabominable|6/100
|-damage|p2b: Garchomp|90/100|[from] item: Life Orb
|move|p1b: Grimmsnarl|Spirit Break|p2b: Garchomp
|-supereffective|p2b: Garchomp|1
|-damage|p2b: Garchomp|5/100
|-unboost|p2b: Garchomp|spa|1
|-damage|p1b: Grimmsnarl|31/100|[from] ability: Rough Skin|[of] p2b: Garchomp
|move|p1a: Crabominable|Ice Hammer|p2b: Garchomp
|-supereffective|p2b: Garchomp|2
|-damage|p2b: Garchomp|0 fnt
|-unboost|p1a: Crabominable|spe|1
|-damage|p1a: Crabominable|0 fnt|[from] ability: Rough Skin|[of] p2b: Garchomp
|faint|p2b: Garchomp
|faint|p1a: Crabominable
|
|-weather|Snowscape|[upkeep]
|upkeep
|turn|9
|inactive|indianpro#2011 has 30 seconds left.
|
|t:|1785385440
|move|p2a: Ninetales|Moonblast|p1b: Grimmsnarl
|-supereffective|p1b: Grimmsnarl|1
|-damage|p1b: Grimmsnarl|0 fnt
|faint|p1b: Grimmsnarl
|
|win|Juaner95
|raw|indianpro#2011's rating: 1019 → 1007(-12 for losing)
|raw|Juaner95's rating: 1044 → 1075(+31 for winning)
|l|☆indianpro#2011
|player|p1|
