|j|☆notagamblingaddict
|j|☆sggsikgsklgnsklg
|html|notagamblingaddictsggsikgsklgnsklg    
|uhtml|bestof|Game 2 of a best-of-3
|t:|1784994478
|gametype|doubles
|player|p1|notagamblingaddict|drayton|
|player|p2|sggsikgsklgnsklg|2|
|gen|9
|tier|[Gen 9 Champions] VGC 2026 Reg M-B (Bo3)
|rule|Species Clause: Limit one of each Pokémon
|rule|Item Clause: Limit 1 of each item
|clearpoke
|poke|p1|Delphox, L50, F|
|poke|p1|Meowstic, L50, M|
|poke|p1|Garchomp, L50, M, shiny|
|poke|p1|Milotic, L50, F|
|poke|p1|Toxicroak, L50, M|
|poke|p1|Zoroark, L50, F|
|poke|p2|Incineroar, L50, F|
|poke|p2|Aerodactyl, L50, F|
|poke|p2|Rotom-Mow, L50|
|poke|p2|Goodra-Hisui, L50, M|
|poke|p2|Meowstic, L50, M|
|poke|p2|Zoroark, L50, F|
|teampreview|4
|showteam|p1|Delphox||Delphoxite|Blaze|HeatWave,ScorchingSands,Protect,NastyPlot|Timid||F|||50|]Meowstic||SitrusBerry|Prankster|Gravity,FakeOut,PsychicTerrain,ThunderWave|Careful||M|||50|]Garchomp||ChoiceScarf|RoughSkin|Earthquake,DragonClaw,BrickBreak,RockSlide|Adamant||M|||50|]Milotic||Leftovers|Competitive|MuddyWater,IceBeam,Coil,Recover|Modest||F|||50|]Toxicroak||FocusSash|PoisonTouch|CloseCombat,PoisonJab,FakeOut,Taunt|Adamant||M|||50|]Zoroark||LifeOrb|Illusion|Snarl,Taunt,FocusBlast,Encore|Timid||F|||50|
|showteam|p2|Incineroar||SitrusBerry|Intimidate|FakeOut,FlareBlitz,PartingShot,DarkestLariat|Adamant||F|||50|]Aerodactyl||FocusSash|Unnerve|RockSlide,DualWingbeat,Protect,Tailwind|Jolly||F|||50|]Rotom-Mow||ChoiceScarf|Levitate|VoltSwitch,Thunderbolt,LeafStorm,Electroweb|Timid|||||50|]Goodra-Hisui||Leftovers|ShellArmor|Shelter,BodyPress,HeavySlam,Protect|Bold||M|||50|]Meowstic||ExpertBelt|Prankster|Gravity,FakeOut,PsychicTerrain,ThunderWave|Careful||M|||50|]Zoroark||LifeOrb|Illusion|Snarl,Taunt,FocusBlast,Encore|Timid||F|||50|
|inactive|Battle timer is ON: inactive players will automatically lose when time's up. (requested by notagamblingaddict)
|inactiveoff|Battle timer is now OFF.
|
|t:|1784994889
|teamsize|p1|4
|teamsize|p2|4
|start
|switch|p1a: Delphox|Delphox, L50, F|100/100
|switch|p1b: Meowstic|Meowstic, L50, M|100/100
|switch|p2a: Aerodactyl|Aerodactyl, L50, F|100/100
|switch|p2b: Rotom|Rotom-Mow, L50|100/100
|-ability|p2a: Aerodactyl|Unnerve
|turn|1
|
|t:|1784994898
|switch|p2b: Incineroar|Incineroar, L50, F|100/100
|-ability|p2b: Incineroar|Intimidate|boost
|-unboost|p1a: Delphox|atk|1
|-unboost|p1b: Meowstic|atk|1
|detailschange|p1a: Delphox|Delphox-Mega, L50, F
|-mega|p1a: Delphox|Delphox|Delphoxite
|move|p1b: Meowstic|Fake Out|p2a: Aerodactyl
|-resisted|p2a: Aerodactyl|1
|-damage|p2a: Aerodactyl|96/100
|move|p1a: Delphox|Nasty Plot|p1a: Delphox
|-boost|p1a: Delphox|spa|2
|cant|p2a: Aerodactyl|flinch
|
|upkeep
|turn|2
|
|t:|1784994972
|move|p2b: Incineroar|Fake Out|p1a: Delphox
|-damage|p1a: Delphox|78/100
|move|p1b: Meowstic|Thunder Wave|p2a: Aerodactyl
|-status|p2a: Aerodactyl|par
|cant|p1a: Delphox|flinch
|move|p2a: Aerodactyl|Rock Slide|p1b: Meowstic|[spread] p1a,p1b
|-supereffective|p1a: Delphox|1
|-damage|p1a: Delphox|6/100
|-damage|p1b: Meowstic|67/100
|
|upkeep
|turn|3
|
|t:|1784995053
|switch|p1b: Garchomp|Garchomp, L50, M, shiny|100/100
|move|p1a: Delphox|Scorching Sands|p2b: Incineroar
|-supereffective|p2b: Incineroar|1
|-damage|p2b: Incineroar|0 fnt
|faint|p2b: Incineroar
|move|p2a: Aerodactyl|Rock Slide|p1b: Garchomp|[spread] p1a,p1b
|-supereffective|p1a: Delphox|1
|-resisted|p1b: Garchomp|1
|-damage|p1a: Delphox|0 fnt
|-damage|p1b: Garchomp|88/100
|faint|p1a: Delphox
|
|upkeep
|
|t:|1784995103
|switch|p1a: Meowstic|Meowstic, L50, M|67/100
|switch|p2b: Rotom|Rotom-Mow, L50|100/100
|turn|4
|
|t:|1784995116
|move|p1a: Meowstic|Gravity|p1a: Meowstic
|-fieldstart|move: Gravity
|move|p1b: Garchomp|Earthquake|p2a: Aerodactyl|[spread] p1a,p2a,p2b
|-supereffective|p2a: Aerodactyl|1
|-damage|p1a: Meowstic|19/100
|-damage|p2a: Aerodactyl|0 fnt
|-damage|p2b: Rotom|45/100
|-enditem|p1a: Meowstic|Sitrus Berry|[eat]
|-heal|p1a: Meowstic|44/100|[from] item: Sitrus Berry
|faint|p2a: Aerodactyl
|move|p2b: Rotom|Leaf Storm|p1b: Garchomp
|-damage|p1b: Garchomp|18/100
|-unboost|p2b: Rotom|spa|2
|
|upkeep
|
|t:|1784995137
|switch|p2a: Goodra|Goodra-Hisui, L50, M|100/100
|turn|5
|
|t:|1784995161
|move|p1a: Meowstic|Thunder Wave|p2a: Goodra
|-status|p2a: Goodra|par
|move|p1b: Garchomp|Earthquake|p2a: Goodra|[spread] p1a,p2a,p2b
|-supereffective|p2a: Goodra|1
|-damage|p1a: Meowstic|0 fnt
|-damage|p2a: Goodra|45/100 par
|-damage|p2b: Rotom|0 fnt
|faint|p1a: Meowstic
|faint|p2b: Rotom
|move|p2a: Goodra|Body Press|p1b: Garchomp
|-damage|p1b: Garchomp|0 fnt
|-damage|p2a: Goodra|33/100 par|[from] ability: Rough Skin|[of] p1b: Garchomp
|faint|p1b: Garchomp
|
|-heal|p2a: Goodra|39/100 par|[from] item: Leftovers
|upkeep
|
|t:|1784995169
|switch|p1b: Milotic|Milotic, L50, F|100/100
|turn|6
|
|t:|1784995181
|move|p1b: Milotic|Muddy Water|p2a: Goodra
|-resisted|p2a: Goodra|1
|-damage|p2a: Goodra|25/100 par
|-unboost|p2a: Goodra|accuracy|1
|move|p2a: Goodra|Shelter|p2a: Goodra
|-boost|p2a: Goodra|def|2
|
|-heal|p2a: Goodra|31/100 par|[from] item: Leftovers
|upkeep
|turn|7
|
|t:|1784995206
|move|p1b: Milotic|Muddy Water|p2a: Goodra
|-resisted|p2a: Goodra|1
|-damage|p2a: Goodra|18/100 par
|move|p2a: Goodra|Body Press|p1b: Milotic
|-crit|p1b: Milotic
|-damage|p1b: Milotic|21/100
|
|-heal|p1b: Milotic|27/100|[from] item: Leftovers
|-heal|p2a: Goodra|24/100 par|[from] item: Leftovers
|upkeep
|turn|8
|
|t:|1784995217
|move|p1b: Milotic|Recover|p1b: Milotic
|-heal|p1b: Milotic|77/100
|move|p2a: Goodra|Body Press|p1b: Milotic
|-damage|p1b: Milotic|25/100
|
|-heal|p1b: Milotic|31/100|[from] item: Leftovers
|-heal|p2a: Goodra|30/100 par|[from] item: Leftovers
|-fieldend|move: Gravity
|upkeep
|turn|9
|
|t:|1784995234
|move|p1b: Milotic|Recover|p1b: Milotic
|-heal|p1b: Milotic|81/100
|move|p2a: Goodra|Body Press|p1b: Milotic
|-damage|p1b: Milotic|26/100
|
|-heal|p1b: Milotic|32/100|[from] item: Leftovers
|-heal|p2a: Goodra|36/100 par|[from] item: Leftovers
|upkeep
|turn|10
|
|t:|1784995254
|move|p1b: Milotic|Muddy Water|p2a: Goodra
|-resisted|p2a: Goodra|1
|-damage|p2a: Goodra|23/100 par
|move|p2a: Goodra|Body Press|p1b: Milotic|[miss]
|-miss|p2a: Goodra|p1b: Milotic
|
|-heal|p1b: Milotic|38/100|[from] item: Leftovers
|-heal|p2a: Goodra|29/100 par|[from] item: Leftovers
|upkeep
|turn|11
|
|t:|1784995263
|move|p1b: Milotic|Recover|p1b: Milotic
|-heal|p1b: Milotic|88/100
|cant|p2a: Goodra|par
|
|-heal|p1b: Milotic|94/100|[from] item: Leftovers
|-heal|p2a: Goodra|35/100 par|[from] item: Leftovers
|upkeep
|turn|12
|
|t:|1784995271
|move|p1b: Milotic|Muddy Water|p2a: Goodra
|-resisted|p2a: Goodra|1
|-damage|p2a: Goodra|21/100 par
|move|p2a: Goodra|Body Press|p1b: Milotic|[miss]
|-miss|p2a: Goodra|p1b: Milotic
|
|-heal|p1b: Milotic|100/100|[from] item: Leftovers
|-heal|p2a: Goodra|27/100 par|[from] item: Leftovers
|upkeep
|turn|13
|
|t:|1784995279
|move|p1b: Milotic|Muddy Water|p2a: Goodra
|-resisted|p2a: Goodra|1
|-damage|p2a: Goodra|13/100 par
|-unboost|p2a: Goodra|accuracy|1
|move|p2a: Goodra|Body Press|p1b: Milotic
|-damage|p1b: Milotic|44/100
|
|-heal|p1b: Milotic|50/100g|[from] item: Leftovers
|-heal|p2a: Goodra|19/100 par|[from] item: Leftovers
|upkeep
|turn|14
|
|t:|1784995288
|move|p1b: Milotic|Recover|p1b: Milotic
|-heal|p1b: Milotic|100/100
|move|p2a: Goodra|Body Press|p1b: Milotic
|-damage|p1b: Milotic|46/100
|
|-heal|p1b: Milotic|52/100|[from] item: Leftovers
|-heal|p2a: Goodra|25/100 par|[from] item: Leftovers
|upkeep
|turn|15
|
|t:|1784995298
|move|p1b: Milotic|Recover|p1b: Milotic
|-heal|p1b: Milotic|100/100
|move|p2a: Goodra|Body Press|p1b: Milotic
|-damage|p1b: Milotic|49/100
|
|-heal|p1b: Milotic|54/100|[from] item: Leftovers
|-heal|p2a: Goodra|31/100 par|[from] item: Leftovers
|upkeep
|turn|16
|
|t:|1784995309
|move|p1b: Milotic|Recover|p1b: Milotic
|-heal|p1b: Milotic|100/100
|cant|p2a: Goodra|par
|
|-heal|p2a: Goodra|37/100 par|[from] item: Leftovers
|upkeep
|turn|17
|
|t:|1784995322
|move|p1b: Milotic|Muddy Water|p2a: Goodra
|-resisted|p2a: Goodra|1
|-damage|p2a: Goodra|25/100 par
|-unboost|p2a: Goodra|accuracy|1
|move|p2a: Goodra|Body Press|p1b: Milotic|[miss]
|-miss|p2a: Goodra|p1b: Milotic
|
|-heal|p2a: Goodra|31/100 par|[from] item: Leftovers
|upkeep
|turn|18
|
|t:|1784995333
|move|p1b: Milotic|Muddy Water|p2a: Goodra
|-resisted|p2a: Goodra|1
|-damage|p2a: Goodra|16/100 par
|move|p2a: Goodra|Body Press|p1b: Milotic
|-damage|p1b: Milotic|40/100
|
|-heal|p1b: Milotic|46/100|[from] item: Leftovers
|-heal|p2a: Goodra|22/100 par|[from] item: Leftovers
|upkeep
|turn|19
|
|t:|1784995348
|move|p1b: Milotic|Recover|p1b: Milotic
|-heal|p1b: Milotic|96/100
|move|p2a: Goodra|Body Press|p1b: Milotic|[miss]
|-miss|p2a: Goodra|p1b: Milotic
|
|-heal|p1b: Milotic|100/100|[from] item: Leftovers
|-heal|p2a: Goodra|28/100 par|[from] item: Leftovers
|upkeep
|turn|20
|
|t:|1784995358
|move|p1b: Milotic|Muddy Water|p2a: Goodra
|-resisted|p2a: Goodra|1
|-damage|p2a: Goodra|13/100 par
|cant|p2a: Goodra|par
|
|-heal|p2a: Goodra|19/100 par|[from] item: Leftovers
|upkeep
|turn|21
|
|t:|1784995368
|move|p1b: Milotic|Muddy Water|p2a: Goodra
|-resisted|p2a: Goodra|1
|-damage|p2a: Goodra|6/100 par
|-unboost|p2a: Goodra|accuracy|1
|move|p2a: Goodra|Heavy Slam|p1b: Milotic
|-resisted|p1b: Milotic|1
|-damage|p1b: Milotic|89/100
|
|-heal|p1b: Milotic|95/100|[from] item: Leftovers
|-heal|p2a: Goodra|12/100 par|[from] item: Leftovers
|upkeep
|turn|22
|
|t:|1784995387
|move|p1b: Milotic|Ice Beam|p2a: Goodra
|-damage|p2a: Goodra|0 fnt
|faint|p2a: Goodra
|
|win|notagamblingaddict
|inactive|notagamblingaddict has 30 seconds to confirm battle start!
|inactive|sggsikgsklgnsklg has 30 seconds to confirm battle start!
|inactive|notagamblingaddict has 20 seconds to confirm battle start!
|inactive|sggsikgsklgnsklg has 20 seconds to confirm battle start!
|inactive|notagamblingaddict has 10 seconds to confirm battle start!
|inactive|sggsikgsklgnsklg has 10 seconds to confirm battle start!
|uhtml|next|Next: Game 3 of 3
