|j|☆NotMrSir14
|j|☆toxiccroc12
|html|NotMrSir14toxiccroc12    
|uhtml|bestof|Game 1 of a best-of-3
|t:|1783881836
|gametype|doubles
|player|p1|NotMrSir14|steven|1000
|player|p2|toxiccroc12|2|1117
|gen|9
|tier|[Gen 9 Champions] VGC 2026 Reg M-B (Bo3)
|rated|
|rule|Species Clause: Limit one of each Pokémon
|rule|Item Clause: Limit 1 of each item
|clearpoke
|poke|p1|Charizard, L50, M|
|poke|p1|Aerodactyl, L50, M|
|poke|p1|Garchomp, L50, M|
|poke|p1|Weavile, L50, M|
|poke|p1|Kommo-o, L50, M|
|poke|p1|Kingambit, L50, M|
|poke|p2|Floette-Eternal, L50, F|
|poke|p2|Incineroar, L50, F|
|poke|p2|Sinistcha, L50|
|poke|p2|Delphox, L50, M|
|poke|p2|Sneasler, L50, F|
|poke|p2|Kingambit, L50, M|
|teampreview|4
|showteam|p1|Charizard||CharizarditeY|Blaze|HeatWave,WeatherBall,SolarBeam,Protect|Modest||M|||50|]Aerodactyl||Aerodactylite|Unnerve|DualWingbeat,IceFang,RockSlide,Tailwind|Jolly||M|||50|]Garchomp||LifeOrb|SandVeil|DragonClaw,RockSlide,Earthquake,Protect|Jolly||M|||50|]Weavile||FocusSash|Pickpocket|FakeOut,PsychoCut,KnockOff,TripleAxel|Jolly||M|||50|]Kommo-o||Leftovers|Soundproof|ClangorousSoul,ClangingScales,AuraSphere,Protect|Modest||M|||50|]Kingambit||OccaBerry|Defiant|KowtowCleave,IronHead,LowKick,SuckerPunch|Adamant||M|||50|
|showteam|p2|Floette-Eternal||Floettite|FlowerVeil|DazzlingGleam,DrainingKiss,CalmMind,Protect|Modest||F|||50|]Incineroar||SitrusBerry|Intimidate|FlareBlitz,FakeOut,PartingShot,HelpingHand|Impish||F|||50|]Sinistcha||OccaBerry|Hospitality|MatchaGotcha,RagePowder,TrickRoom,Protect|Relaxed|||||50|]Delphox||Delphoxite|Blaze|HeatWave,Psyshock,NastyPlot,Protect|Timid||M|||50|]Sneasler||FocusSash|PoisonTouch|PoisonJab,CloseCombat,FakeOut,QuickGuard|Jolly||F|||50|]Kingambit||BlackGlasses|Defiant|KowtowCleave,SuckerPunch,SwordsDance,Protect|Adamant||M|||50|
|
|t:|1783881876
|teamsize|p1|4
|teamsize|p2|4
|start
|switch|p1a: Aerodactyl|Aerodactyl, L50, M|100/100
|switch|p1b: Kingambit|Kingambit, L50, M|100/100
|switch|p2a: Floette|Floette-Eternal, L50, F|100/100
|switch|p2b: Incineroar|Incineroar, L50, F|100/100
|-ability|p1a: Aerodactyl|Unnerve
|-ability|p2b: Incineroar|Intimidate|boost
|-unboost|p1a: Aerodactyl|atk|1
|-unboost|p1b: Kingambit|atk|1
|-ability|p1b: Kingambit|Defiant|boost
|-boost|p1b: Kingambit|atk|2
|turn|1
|
|t:|1783881902
|switch|p1a: Weavile|Weavile, L50, M|100/100
|switch|p2a: Sneasler|Sneasler, L50, F|100/100
|move|p2b: Incineroar|Fake Out|p1a: Weavile
|-damage|p1a: Weavile|83/100
|move|p1b: Kingambit|Iron Head|p2a: Sneasler
|-enditem|p2a: Sneasler|Focus Sash
|-damage|p2a: Sneasler|1/100
|
|upkeep
|turn|2
|
|t:|1783881948
|move|p1a: Weavile|Fake Out|p2b: Incineroar
|-damage|p2b: Incineroar|89/100
|move|p2a: Sneasler|Quick Guard|p2a: Sneasler
|-singleturn|p2a: Sneasler|Quick Guard
|move|p1b: Kingambit|Sucker Punch||[still]
|-fail|p1b: Kingambit
|cant|p2b: Incineroar|flinch
|
|upkeep
|turn|3
|c|☆toxiccroc12|quick guard is same prio?
|c|☆toxiccroc12|damn
|
|t:|1783882019
|move|p2a: Sneasler|Quick Guard|p2a: Sneasler
|-singleturn|p2a: Sneasler|Quick Guard
|move|p1a: Weavile|Triple Axel|p2a: Sneasler
|-damage|p2a: Sneasler|0 fnt
|faint|p2a: Sneasler
|-hitcount|p2: Sneasler|1
|move|p2b: Incineroar|Flare Blitz|p1b: Kingambit
|-supereffective|p1b: Kingambit|1
|-enditem|p1b: Kingambit|Occa Berry|[eat]
|-enditem|p1b: Kingambit|Occa Berry|[weaken]
|-damage|p1b: Kingambit|67/100
|-damage|p2b: Incineroar|78/100|[from] Recoil
|move|p1b: Kingambit|Kowtow Cleave|p2b: Incineroar
|-resisted|p2b: Incineroar|1
|-damage|p2b: Incineroar|52/100
|
|upkeep
|inactive|Battle timer is ON: inactive players will automatically lose when time's up. (requested by NotMrSir14)
|
|t:|1783882039
|switch|p2a: Floette|Floette-Eternal, L50, F|100/100
|turn|4
|
|t:|1783882054
|detailschange|p2a: Floette|Floette-Mega, L50, F
|-mega|p2a: Floette|Floette|Floettite
|-ability|p2a: Floette|Fairy Aura
|move|p2a: Floette|Protect|p2a: Floette
|-singleturn|p2a: Floette|Protect
|move|p1a: Weavile|Triple Axel|p2a: Floette
|-activate|p2a: Floette|move: Protect
|move|p2b: Incineroar|Flare Blitz|p1b: Kingambit
|-supereffective|p1b: Kingambit|1
|-damage|p1b: Kingambit|0 fnt
|faint|p1b: Kingambit
|-damage|p2b: Incineroar|29/100|[from] Recoil
|-enditem|p2b: Incineroar|Sitrus Berry|[eat]
|-heal|p2b: Incineroar|54/100|[from] item: Sitrus Berry
|
|upkeep
|
|t:|1783882069
|switch|p1b: Aerodactyl|Aerodactyl, L50, M|100/100
|-ability|p1b: Aerodactyl|Unnerve
|turn|5
|inactive|toxiccroc12 has 30 seconds left.
|inactive|toxiccroc12 has 20 seconds left.
|
|t:|1783882104
|switch|p2b: Sinistcha|Sinistcha, L50|100/100
|detailschange|p1b: Aerodactyl|Aerodactyl-Mega, L50, M
|-mega|p1b: Aerodactyl|Aerodactyl|Aerodactylite
|move|p1b: Aerodactyl|Rock Slide|p2b: Sinistcha|[spread] p2a,p2b
|-damage|p2a: Floette|66/100
|-damage|p2b: Sinistcha|78/100
|move|p1a: Weavile|Triple Axel|p2a: Floette
|-damage|p2a: Floette|55/100
|-damage|p2a: Floette|33/100
|-damage|p2a: Floette|1/100
|-hitcount|p2a: Floette|3
|move|p2a: Floette|Draining Kiss|p1a: Weavile
|-supereffective|p1a: Weavile|1
|-damage|p1a: Weavile|0 fnt
|-heal|p2a: Floette|55/100|[from] drain|[of] p1a: Weavile
|faint|p1a: Weavile
|
|upkeep
|c|☆NotMrSir14|why is the image not displaying hahaha
|
|t:|1783882120
|switch|p1a: Garchomp|Garchomp, L50, M|100/100
|turn|6
|inactive|toxiccroc12 has 30 seconds left.
|
|t:|1783882153
|move|p1b: Aerodactyl|Dual Wingbeat|p2a: Floette
|-damage|p2a: Floette|25/100
|-damage|p2a: Floette|0 fnt
|faint|p2a: Floette
|-hitcount|p2: Floette|2
|move|p1a: Garchomp|Earthquake|p2b: Sinistcha|[spread] p2b
|-immune|p1b: Aerodactyl
|-resisted|p2b: Sinistcha|1
|-damage|p2b: Sinistcha|58/100
|-damage|p1a: Garchomp|90/100|[from] item: Life Orb
|move|p2b: Sinistcha|Trick Room|p2b: Sinistcha
|-fieldstart|move: Trick Room|[of] p2b: Sinistcha
|
|upkeep
|
|t:|1783882157
|switch|p2a: Incineroar|Incineroar, L50, F|54/100
|-ability|p2a: Incineroar|Intimidate|boost
|-unboost|p1a: Garchomp|atk|1
|-unboost|p1b: Aerodactyl|atk|1
|turn|7
|c|☆toxiccroc12|mega floette has no image yet lol
|inactive|NotMrSir14 has 30 seconds left.
|inactive|toxiccroc12 has 30 seconds left.
|
|t:|1783882183
|move|p2a: Incineroar|Fake Out|p1b: Aerodactyl
|-resisted|p1b: Aerodactyl|1
|-damage|p1b: Aerodactyl|93/100
|move|p2b: Sinistcha|Matcha Gotcha|p1a: Garchomp|[spread] p1a,p1b
|-damage|p1a: Garchomp|64/100
|-heal|p2b: Sinistcha|72/100|[from] drain|[of] p1a: Garchomp
|-damage|p1b: Aerodactyl|63/100
|-heal|p2b: Sinistcha|85/100|[from] drain|[of] p1b: Aerodactyl
|move|p1a: Garchomp|Rock Slide|p2a: Incineroar|[spread] p2a,p2b
|-supereffective|p2a: Incineroar|1
|-damage|p2a: Incineroar|29/100
|-damage|p2b: Sinistcha|74/100
|-damage|p1a: Garchomp|54/100|[from] item: Life Orb
|cant|p1b: Aerodactyl|flinch
|
|upkeep
|turn|8
|
|t:|1783882206
|move|p2a: Incineroar|Helping Hand|p2b: Sinistcha
|-singleturn|p2b: Sinistcha|Helping Hand|[of] p2a: Incineroar
|move|p2b: Sinistcha|Matcha Gotcha|p1a: Garchomp|[spread] p1a,p1b
|-damage|p1a: Garchomp|17/100
|-heal|p2b: Sinistcha|93/100|[from] drain|[of] p1a: Garchomp
|-damage|p1b: Aerodactyl|24/100
|-heal|p2b: Sinistcha|100/100|[from] drain|[of] p1b: Aerodactyl
|-status|p1a: Garchomp|brn
|move|p1a: Garchomp|Rock Slide|p2b: Sinistcha|[spread] p2a,p2b
|-supereffective|p2a: Incineroar|1
|-damage|p2a: Incineroar|18/100
|-damage|p2b: Sinistcha|94/100
|-damage|p1a: Garchomp|8/100 brn|[from] item: Life Orb
|move|p1b: Aerodactyl|Dual Wingbeat|p2b: Sinistcha
|-supereffective|p2b: Sinistcha|1
|-damage|p2b: Sinistcha|62/100
|-supereffective|p2b: Sinistcha|1
|-damage|p2b: Sinistcha|31/100
|-hitcount|p2b: Sinistcha|2
|
|-damage|p1a: Garchomp|2/100 brn|[from] brn
|upkeep
|turn|9
|inactive|NotMrSir14 has 30 seconds left.
|
|t:|1783882234
|move|p2a: Incineroar|Helping Hand|p2b: Sinistcha
|-singleturn|p2b: Sinistcha|Helping Hand|[of] p2a: Incineroar
|move|p2b: Sinistcha|Matcha Gotcha|p1a: Garchomp|[spread] p1a,p1b
|-damage|p1a: Garchomp|0 fnt
|-heal|p2b: Sinistcha|32/100|[from] drain|[of] p1a: Garchomp
|-damage|p1b: Aerodactyl|0 fnt
|-heal|p2b: Sinistcha|43/100|[from] drain|[of] p1b: Aerodactyl
|faint|p1a: Garchomp
|faint|p1b: Aerodactyl
|
|win|toxiccroc12
|l|☆NotMrSir14
|player|p1|
||NotMrSir14 is ready for game 2.
|inactive|toxiccroc12 has 30 seconds to confirm battle start!
