|j|☆Oooo11
|j|☆bobsparents
|html|Oooo11bobsparents    
|uhtml|bestof|Game 1 of a best-of-3
|t:|1784328935
|gametype|doubles
|player|p1|Oooo11|169|1131
|player|p2|bobsparents|cynthia|1050
|gen|9
|tier|[Gen 9 Champions] VGC 2026 Reg M-B (Bo3)
|rated|
|rule|Species Clause: Limit one of each Pokémon
|rule|Item Clause: Limit 1 of each item
|clearpoke
|poke|p1|Charizard, L50, F|
|poke|p1|Garchomp, L50, F|
|poke|p1|Whimsicott, L50, F|
|poke|p1|Gardevoir, L50, M|
|poke|p1|Farigiraf, L50, F|
|poke|p1|Gholdengo, L50|
|poke|p2|Clawitzer, L50, M|
|poke|p2|Farigiraf, L50, M|
|poke|p2|Camerupt, L50, M|
|poke|p2|Mawile, L50, F|
|poke|p2|Vanilluxe, L50, M|
|poke|p2|Staraptor, L50, F|
|teampreview|4
|showteam|p1|Charizard||CharizarditeY|Blaze|SolarBeam,Protect,HeatWave,WeatherBall|Timid||F|||50|]Garchomp||LifeOrb|RoughSkin|Protect,Earthquake,DragonClaw,RockSlide|Jolly||F|||50|]Whimsicott||FocusSash|Prankster|Protect,Encore,Moonblast,Tailwind|Bold||F|||50|]Gardevoir||Gardevoirite|Trace|Protect,HyperVoice,Psyshock,AuraSphere|Modest||M|||50|]Farigiraf||SitrusBerry|ArmorTail|Protect,Psychic,Imprison,TrickRoom|Sassy||F|||50|]Gholdengo||ChoiceScarf|GoodasGold|Trick,MakeItRain,ShadowBall,DazzlingGleam|Timid|||||50|
|showteam|p2|Clawitzer||LifeOrb|MegaLauncher|WaterPulse,DarkPulse,AuraSphere,Protect|Quiet||M|||50|]Farigiraf||SitrusBerry|ArmorTail|HyperVoice,AllySwitch,TrickRoom,Protect|Relaxed||M|||50|]Camerupt||Cameruptite|AngerPoint|HeatWave,EarthPower,AncientPower,Protect|Quiet||M|||50|]Mawile||Mawilite|HyperCutter|PlayRough,IronHead,SuckerPunch,RockSlide|Brave||F|||50|]Vanilluxe||NeverMeltIce|SnowWarning|Blizzard,IceShard,FreezeDry,Protect|Quiet||M|||50|]Staraptor||ChoiceScarf|Intimidate|FinalGambit,CloseCombat,BraveBird,Uturn|Jolly||F|||50|
|
|t:|1784329034
|teamsize|p1|4
|teamsize|p2|4
|start
|switch|p1a: Charizard|Charizard, L50, F|100/100
|switch|p1b: Whimsicott|Whimsicott, L50, F|100/100
|switch|p2a: Staraptor|Staraptor, L50, F|100/100
|switch|p2b: Farigiraf|Farigiraf, L50, M|100/100
|-ability|p2a: Staraptor|Intimidate|boost
|-unboost|p1a: Charizard|atk|1
|-unboost|p1b: Whimsicott|atk|1
|turn|1
|inactive|Battle timer is ON: inactive players will automatically lose when time's up. (requested by Oooo11)
|
|t:|1784329048
|detailschange|p1a: Charizard|Charizard-Mega-Y, L50, F
|-mega|p1a: Charizard|Charizard|Charizardite Y
|-weather|SunnyDay|[from] ability: Drought|[of] p1a: Charizard
|move|p1b: Whimsicott|Tailwind|p1b: Whimsicott
|-sidestart|p1: Oooo11|move: Tailwind
|move|p1a: Charizard|Heat Wave|p2b: Farigiraf|[spread] p2a,p2b
|-damage|p2a: Staraptor|4/100
|-damage|p2b: Farigiraf|37/100
|-enditem|p2b: Farigiraf|Sitrus Berry|[eat]
|-heal|p2b: Farigiraf|62/100|[from] item: Sitrus Berry
|move|p2a: Staraptor|Final Gambit|p1a: Charizard
|-damage|p1a: Charizard|94/100
|faint|p2a: Staraptor
|move|p2b: Farigiraf|Trick Room|p2b: Farigiraf
|-fieldstart|move: Trick Room|[of] p2b: Farigiraf
|
|-weather|SunnyDay|[upkeep]
|upkeep
|
|t:|1784329059
|switch|p2a: Mawile|Mawile, L50, F|100/100
|turn|2
|
|t:|1784329069
|switch|p1a: Farigiraf|Farigiraf, L50, F|100/100
|detailschange|p2a: Mawile|Mawile-Mega, L50, F
|-mega|p2a: Mawile|Mawile|Mawilite
|move|p2a: Mawile|Rock Slide|p1a: Farigiraf|[spread] p1a,p1b
|-damage|p1a: Farigiraf|58/100
|-damage|p1b: Whimsicott|67/100
|move|p2b: Farigiraf|Hyper Voice|p1a: Farigiraf|[spread] p1a,p1b
|-damage|p1a: Farigiraf|39/100
|-damage|p1b: Whimsicott|32/100
|-enditem|p1a: Farigiraf|Sitrus Berry|[eat]
|-heal|p1a: Farigiraf|64/100|[from] item: Sitrus Berry
|cant|p1b: Whimsicott|flinch
|
|-weather|SunnyDay|[upkeep]
|upkeep
|turn|3
|inactive|bobsparents has 30 seconds left.
|
|t:|1784329095
|move|p1b: Whimsicott|Protect|p1b: Whimsicott
|-singleturn|p1b: Whimsicott|Protect
|move|p1a: Farigiraf|Protect|p1a: Farigiraf
|-singleturn|p1a: Farigiraf|Protect
|move|p2a: Mawile|Iron Head|p1a: Farigiraf
|-activate|p1a: Farigiraf|move: Protect
|move|p2b: Farigiraf|Hyper Voice|p1a: Farigiraf|[spread] 
|-activate|p1a: Farigiraf|move: Protect
|-activate|p1b: Whimsicott|move: Protect
|
|-weather|SunnyDay|[upkeep]
|upkeep
|turn|4
|
|t:|1784329114
|move|p2a: Mawile|Rock Slide|p1a: Farigiraf|[spread] p1a,p1b
|-damage|p1a: Farigiraf|22/100
|-damage|p1b: Whimsicott|1/100
|move|p2b: Farigiraf|Hyper Voice|p1a: Farigiraf|[spread] p1a,p1b
|-damage|p1a: Farigiraf|2/100
|-damage|p1b: Whimsicott|0 fnt
|faint|p1b: Whimsicott
|cant|p1a: Farigiraf|flinch
|
|-weather|SunnyDay|[upkeep]
|-sideend|p1: Oooo11|move: Tailwind
|upkeep
|
|t:|1784329126
|switch|p1b: Garchomp|Garchomp, L50, F|100/100
|turn|5
|
|t:|1784329144
|switch|p2a: Clawitzer|Clawitzer, L50, M|100/100
|move|p1b: Garchomp|Protect|p1b: Garchomp
|-singleturn|p1b: Garchomp|Protect
|move|p2b: Farigiraf|Hyper Voice|p1a: Farigiraf|[spread] p1a
|-activate|p1b: Garchomp|move: Protect
|-damage|p1a: Farigiraf|0 fnt
|faint|p1a: Farigiraf
|
|-weather|none
|-fieldend|move: Trick Room
|upkeep
|
|t:|1784329155
|switch|p1a: Charizard|Charizard-Mega-Y, L50, F|94/100
|-weather|SunnyDay|[from] ability: Drought|[of] p1a: Charizard
|turn|6
|
|t:|1784329173
|move|p2b: Farigiraf|Protect|p2b: Farigiraf
|-singleturn|p2b: Farigiraf|Protect
|move|p1b: Garchomp|Earthquake|p2b: Farigiraf|[spread] p2a
|-activate|p2b: Farigiraf|move: Protect
|-immune|p1a: Charizard
|-damage|p2a: Clawitzer|41/100
|-damage|p1b: Garchomp|90/100|[from] item: Life Orb
|move|p1a: Charizard|Heat Wave|p2b: Farigiraf|[spread] p2a
|-activate|p2b: Farigiraf|move: Protect
|-resisted|p2a: Clawitzer|1
|-damage|p2a: Clawitzer|3/100
|move|p2a: Clawitzer|Water Pulse|p1a: Charizard
|-supereffective|p1a: Charizard|1
|-damage|p1a: Charizard|27/100
|-damage|p2a: Clawitzer|0 fnt|[from] item: Life Orb
|faint|p2a: Clawitzer
|
|-weather|SunnyDay|[upkeep]
|upkeep
|
|t:|1784329179
|switch|p2a: Mawile|Mawile-Mega, L50, F|100/100
|turn|7
|
|t:|1784329197
|move|p1a: Charizard|Protect|p1a: Charizard
|-singleturn|p1a: Charizard|Protect
|move|p2a: Mawile|Sucker Punch||[still]
|-fail|p2a: Mawile
|move|p1b: Garchomp|Earthquake|p2a: Mawile|[spread] p2a,p2b
|-activate|p1a: Charizard|move: Protect
|-supereffective|p2a: Mawile|1
|-damage|p2a: Mawile|8/100
|-damage|p2b: Farigiraf|20/100y
|-damage|p1b: Garchomp|80/100|[from] item: Life Orb
|move|p2b: Farigiraf|Trick Room|p2b: Farigiraf
|-fieldstart|move: Trick Room|[of] p2b: Farigiraf
|
|-weather|SunnyDay|[upkeep]
|upkeep
|turn|8
|
|t:|1784329220
|move|p2a: Mawile|Play Rough|p1b: Garchomp
|-supereffective|p1b: Garchomp|1
|-damage|p1b: Garchomp|0 fnt
|-damage|p2a: Mawile|0 fnt|[from] ability: Rough Skin|[of] p1b: Garchomp
|faint|p1b: Garchomp
|faint|p2a: Mawile
|move|p2b: Farigiraf|Hyper Voice|p1a: Charizard
|-damage|p1a: Charizard|0 fnt
|faint|p1a: Charizard
|
|win|bobsparents
