|j|☆MrManlyMeep
|j|☆lettitripppp
|html|MrManlyMeeplettitripppp    
|uhtml|bestof|Game 1 of a best-of-3
|t:|1785197545
|gametype|doubles
|player|p1|MrManlyMeep|1|1195
|player|p2|lettitripppp|lucas|1238
|gen|9
|tier|[Gen 9 Champions] VGC 2026 Reg M-B (Bo3)
|rated|
|rule|Species Clause: Limit one of each Pokémon
|rule|Item Clause: Limit 1 of each item
|clearpoke
|poke|p1|Clefable, L50, M|
|poke|p1|Tyranitar, L50, M|
|poke|p1|Gholdengo, L50|
|poke|p1|Lucario, L50, F|
|poke|p1|Hydreigon, L50, M|
|poke|p1|Azumarill, L50, F|
|poke|p2|Charizard, L50, F|
|poke|p2|Floette-Eternal, L50, F|
|poke|p2|Basculegion, L50, M|
|poke|p2|Whimsicott, L50, F, shiny|
|poke|p2|Garchomp, L50, F|
|poke|p2|Kingambit, L50, M, shiny|
|teampreview|4
|showteam|p1|Clefable||Clefablite|Unaware|FollowMe,CalmMind,Moonblast,Protect|Bold||M|||50|]Tyranitar||LumBerry|SandStream|StealthRock,KnockOff,RockSlide,Protect|Careful||M|||50|]Gholdengo||LifeOrb|GoodasGold|NastyPlot,MakeItRain,ShadowBall,Protect|Modest|||||50|]Lucario||Lucarionite|InnerFocus|AuraSphere,VacuumWave,FlashCannon,Protect|Timid||F|||50|]Hydreigon||ChoiceScarf|Levitate|DracoMeteor,DarkPulse,EarthPower,HeatWave|Timid||M|||50|]Azumarill||MysticWater|HugePower|AquaJet,Liquidation,IceSpinner,Protect|Adamant||F|||50|
|showteam|p2|Charizard||CharizarditeY|Blaze|AncientPower,WeatherBall,HeatWave,Protect|Modest||F|||50|]Floette-Eternal||Floettite|Symbiosis|DazzlingGleam,LightofRuin,Moonblast,Protect|Timid||F|||50|]Basculegion||LifeOrb|Adaptability|LastRespects,WaveCrash,AquaJet,Protect|Adamant||M|||50|]Whimsicott||FocusSash|Prankster|Moonblast,Tailwind,Encore,Protect|Timid||F|||50|]Garchomp||RoseliBerry|RoughSkin|DragonClaw,Earthquake,PoisonJab,RockSlide|Jolly||F|||50|]Kingambit||OccaBerry|Defiant|KowtowCleave,SuckerPunch,IronHead,Protect|Adamant||M|||50|
|inactive|Battle timer is ON: inactive players will automatically lose when time's up. (requested by lettitripppp)
|inactive|MrManlyMeep has 60 seconds left.
|
|t:|1785197596
|teamsize|p1|4
|teamsize|p2|4
|start
|switch|p1a: Azumarill|Azumarill, L50, F|100/100
|switch|p1b: Hydreigon|Hydreigon, L50, M|100/100
|switch|p2a: GHOSTWAVE|Basculegion, L50, M|100/100
|switch|p2b: LETS GO AGAIN|Whimsicott, L50, F, shiny|100/100
|turn|1
|
|t:|1785197619
|switch|p2a: RUINOUS LIGHT|Floette-Eternal, L50, F|100/100
|move|p2b: LETS GO AGAIN|Tailwind|p2b: LETS GO AGAIN
|-sidestart|p2: lettitripppp|move: Tailwind
|move|p1b: Hydreigon|Dark Pulse|p2a: RUINOUS LIGHT
|-resisted|p2a: RUINOUS LIGHT|1
|-damage|p2a: RUINOUS LIGHT|80/100
|move|p1a: Azumarill|Ice Spinner|p2b: LETS GO AGAIN
|-supereffective|p2b: LETS GO AGAIN|1
|-damage|p2b: LETS GO AGAIN|11/100
|
|upkeep
|turn|2
|
|t:|1785197640
|switch|p1b: Tyranitar|Tyranitar, L50, M|100/100
|-weather|Sandstorm|[from] ability: Sand Stream|[of] p1b: Tyranitar
|detailschange|p2a: RUINOUS LIGHT|Floette-Mega, L50, F
|-mega|p2a: RUINOUS LIGHT|Floette|Floettite
|-ability|p2a: RUINOUS LIGHT|Fairy Aura
|move|p2b: LETS GO AGAIN|Moonblast|p1a: Azumarill
|-damage|p1a: Azumarill|61/100
|move|p2a: RUINOUS LIGHT|Dazzling Gleam|p1b: Tyranitar|[spread] p1a,p1b
|-supereffective|p1b: Tyranitar|1
|-damage|p1a: Azumarill|14/100
|-damage|p1b: Tyranitar|61/100
|move|p1a: Azumarill|Liquidation|p2a: RUINOUS LIGHT
|-damage|p2a: RUINOUS LIGHT|0 fnt
|faint|p2a: RUINOUS LIGHT
|
|-weather|Sandstorm|[upkeep]
|-damage|p2b: LETS GO AGAIN|5/100|[from] Sandstorm
|-damage|p1a: Azumarill|8/100|[from] Sandstorm
|upkeep
|
|t:|1785197654
|switch|p2a: CRUSH SHARK|Garchomp, L50, F|100/100
|turn|3
|
|t:|1785197671
|switch|p2b: GHOSTWAVE|Basculegion, L50, M|100/100
|move|p1a: Azumarill|Aqua Jet|p2b: GHOSTWAVE
|-resisted|p2b: GHOSTWAVE|1
|-damage|p2b: GHOSTWAVE|83/100
|move|p2a: CRUSH SHARK|Earthquake|p1a: Azumarill|[spread] p2b,p1a,p1b
|-supereffective|p1b: Tyranitar|1
|-damage|p2b: GHOSTWAVE|42/100
|-damage|p1a: Azumarill|0 fnt
|-damage|p1b: Tyranitar|1/100
|faint|p1a: Azumarill
|move|p1b: Tyranitar|Knock Off|p2a: CRUSH SHARK
|-damage|p2a: CRUSH SHARK|52/100
|-damage|p1b: Tyranitar|0 fnt|[from] ability: Rough Skin|[of] p2a: CRUSH SHARK
|-enditem|p2a: CRUSH SHARK|Roseli Berry|[from] move: Knock Off|[of] p1b: Tyranitar
|faint|p1b: Tyranitar
|
|-weather|Sandstorm|[upkeep]
|-damage|p2b: GHOSTWAVE|36/100|[from] Sandstorm
|upkeep
|
|t:|1785197691
|switch|p1b: Hydreigon|Hydreigon, L50, M|100/100
|switch|p1a: Lucario|Lucario, L50, F|100/100
|turn|4
|
|t:|1785197712
|detailschange|p1a: Lucario|Lucario-Mega, L50, F
|-mega|p1a: Lucario|Lucario|Lucarionite
|move|p1a: Lucario|Protect|p1a: Lucario
|-singleturn|p1a: Lucario|Protect
|move|p2a: CRUSH SHARK|Dragon Claw|p1b: Hydreigon
|-supereffective|p1b: Hydreigon|1
|-damage|p1b: Hydreigon|0 fnt
|faint|p1b: Hydreigon
|move|p2b: GHOSTWAVE|Wave Crash|p1a: Lucario
|-activate|p1a: Lucario|move: Protect
|
|-weather|Sandstorm|[upkeep]
|-damage|p2b: GHOSTWAVE|30/100|[from] Sandstorm
|-sideend|p2: lettitripppp|move: Tailwind
|upkeep
|turn|5
|
|t:|1785197726
|move|p1a: Lucario|Vacuum Wave|p2a: CRUSH SHARK
|-damage|p2a: CRUSH SHARK|17/100
|move|p2a: CRUSH SHARK|Earthquake|p1a: Lucario|[spread] p2b,p1a
|-supereffective|p1a: Lucario|1
|-damage|p2b: GHOSTWAVE|0 fnt
|-damage|p1a: Lucario|0 fnt
|faint|p2b: GHOSTWAVE
|faint|p1a: Lucario
|
|win|lettitripppp
