|j|☆zachlobbed
|j|☆tha worldo
|html|zachlobbedtha worldo    
|uhtml|bestof|Game 1 of a best-of-3
|t:|1784488855
|gametype|doubles
|player|p1|zachlobbed|brock|1214
|player|p2|tha worldo|1|1109
|gen|9
|tier|[Gen 9 Champions] VGC 2026 Reg M-B (Bo3)
|rated|
|rule|Species Clause: Limit one of each Pokémon
|rule|Item Clause: Limit 1 of each item
|clearpoke
|poke|p1|Charizard, L50, F|
|poke|p1|Floette-Eternal, L50, F|
|poke|p1|Whimsicott, L50, F|
|poke|p1|Garchomp, L50, F|
|poke|p1|Basculegion, L50, M|
|poke|p1|Kingambit, L50, F|
|poke|p2|Gholdengo, L50|
|poke|p2|Dragonite, L50, M|
|poke|p2|Froslass, L50, F|
|poke|p2|Sneasler, L50, M|
|poke|p2|Sylveon, L50, M|
|poke|p2|Pyroar, L50, M|
|teampreview|4
|showteam|p1|Charizard||CharizarditeY|Blaze|Protect,HeatWave,SolarBeam,WeatherBall|Modest||F|||50|]Floette-Eternal||Floettite|FlowerVeil|Protect,LightofRuin,Moonblast,DazzlingGleam|Timid||F|||50|]Whimsicott||FocusSash|Prankster|Protect,Tailwind,Moonblast,Encore|Timid||F|||50|]Garchomp||LifeOrb|RoughSkin|Protect,DragonClaw,Earthquake,RockSlide|Jolly||F|||50|]Basculegion||MysticWater|Adaptability|Protect,AquaJet,WaveCrash,LastRespects|Adamant||M|||50|]Kingambit||BlackGlasses|Defiant|Protect,LowKick,SuckerPunch,KowtowCleave|Adamant||F|||50|
|showteam|p2|Gholdengo||LifeOrb|GoodasGold|Protect,MakeItRain,ShadowBall,NastyPlot|Modest|||||50|]Dragonite||WideLens|InnerFocus|RockSlide,Tailwind,Haze,ScaleShot|Jolly||M|||50|]Froslass||Froslassite|SnowCloak|Protect,Blizzard,ShadowBall,AuroraVeil|Timid||F|||50|]Sneasler||FocusSash|PoisonTouch|Protect,PoisonJab,CloseCombat,FakeOut|Jolly||M|||50|]Sylveon||FairyFeather|Pixilate|Protect,HyperVoice,HyperBeam,Yawn|Modest||M|||50|]Pyroar||Pyroarite|Unnerve|Protect,HeatWave,Overheat,ScorchingSands|Timid||M|||50|
|inactive|Battle timer is ON: inactive players will automatically lose when time's up. (requested by zachlobbed)
|inactive|zachlobbed has 60 seconds left.
|inactive|tha worldo has 60 seconds left.
|
|t:|1784488904
|teamsize|p1|4
|teamsize|p2|4
|start
|switch|p1a: Whimsicott|Whimsicott, L50, F|100/100
|switch|p1b: Garchomp|Garchomp, L50, F|100/100
|switch|p2a: Pyroar|Pyroar, L50, M|100/100
|switch|p2b: Dragonite|Dragonite, L50, M|100/100
|-ability|p2a: Pyroar|Unnerve
|turn|1
|
|t:|1784488916
|move|p2a: Pyroar|Protect|p2a: Pyroar
|-singleturn|p2a: Pyroar|Protect
|move|p1a: Whimsicott|Moonblast|p2b: Dragonite
|-supereffective|p2b: Dragonite|1
|-damage|p2b: Dragonite|36/100
|move|p1b: Garchomp|Dragon Claw|p2b: Dragonite
|-supereffective|p2b: Dragonite|1
|-damage|p2b: Dragonite|0 fnt
|faint|p2b: Dragonite
|-damage|p1b: Garchomp|90/100|[from] item: Life Orb
|
|upkeep
|
|t:|1784488926
|switch|p2b: Sylveon|Sylveon, L50, M|100/100
|turn|2
|
|t:|1784488934
|switch|p1b: Charizard|Charizard, L50, F|100/100
|switch|p2a: Sneasler|Sneasler, L50, M|100/100
|move|p1a: Whimsicott|Encore||[still]
|-fail|p1a: Whimsicott
|move|p2b: Sylveon|Hyper Voice|p1a: Whimsicott|[spread] p1a,p1b
|-resisted|p1b: Charizard|1
|-damage|p1a: Whimsicott|22/100
|-damage|p1b: Charizard|71/100
|
|upkeep
|turn|3
|
|t:|1784488947
|detailschange|p1b: Charizard|Charizard-Mega-Y, L50, F
|-mega|p1b: Charizard|Charizard|Charizardite Y
|-weather|SunnyDay|[from] ability: Drought|[of] p1b: Charizard
|move|p1a: Whimsicott|Protect|p1a: Whimsicott
|-singleturn|p1a: Whimsicott|Protect
|move|p2a: Sneasler|Fake Out|p1b: Charizard
|-damage|p1b: Charizard|55/100
|cant|p1b: Charizard|flinch
|move|p2b: Sylveon|Hyper Voice|p1a: Whimsicott|[spread] p1b
|-activate|p1a: Whimsicott|move: Protect
|-resisted|p1b: Charizard|1
|-damage|p1b: Charizard|33/100
|
|-weather|SunnyDay|[upkeep]
|upkeep
|turn|4
|
|t:|1784488964
|move|p2a: Sneasler|Protect|p2a: Sneasler
|-singleturn|p2a: Sneasler|Protect
|move|p1a: Whimsicott|Tailwind|p1a: Whimsicott
|-sidestart|p1: zachlobbed|move: Tailwind
|move|p1b: Charizard|Heat Wave|p2b: Sylveon|[spread] p2b
|-activate|p2a: Sneasler|move: Protect
|-damage|p2b: Sylveon|46/100
|-status|p2b: Sylveon|brn
|move|p2b: Sylveon|Hyper Voice|p1a: Whimsicott|[spread] p1a,p1b
|-resisted|p1b: Charizard|1
|-damage|p1a: Whimsicott|0 fnt
|-damage|p1b: Charizard|8/100
|faint|p1a: Whimsicott
|
|-weather|SunnyDay|[upkeep]
|-damage|p2b: Sylveon|40/100 brn|[from] brn
|upkeep
|
|t:|1784488967
|switch|p1a: Garchomp|Garchomp, L50, F|90/100
|turn|5
|inactive|tha worldo has 30 seconds left.
|
|t:|1784488996
|move|p1a: Garchomp|Earthquake|p2a: Sneasler|[spread] p2a,p2b
|-immune|p1b: Charizard
|-supereffective|p2a: Sneasler|1
|-crit|p2a: Sneasler
|-enditem|p2a: Sneasler|Focus Sash
|-damage|p2a: Sneasler|1/100
|-damage|p2b: Sylveon|0 fnt
|faint|p2b: Sylveon
|-damage|p1a: Garchomp|80/100|[from] item: Life Orb
|move|p1b: Charizard|Weather Ball|p2a: Sneasler
|-damage|p2a: Sneasler|0 fnt
|faint|p2a: Sneasler
|
|-weather|SunnyDay|[upkeep]
|upkeep
|
|t:|1784489003
|switch|p2a: Pyroar|Pyroar, L50, M|100/100
|-ability|p2a: Pyroar|Unnerve
|turn|6
|
|t:|1784489006
|detailschange|p2a: Pyroar|Pyroar-Mega, L50, M
|-mega|p2a: Pyroar|Pyroar|Pyroarite
|move|p2a: Pyroar|Protect|p2a: Pyroar
|-singleturn|p2a: Pyroar|Protect
|move|p1a: Garchomp|Earthquake|p2a: Pyroar|[spread] 
|-activate|p2a: Pyroar|move: Protect
|-immune|p1b: Charizard
|move|p1b: Charizard|Weather Ball|p2a: Pyroar
|-activate|p2a: Pyroar|move: Protect
|
|-weather|SunnyDay|[upkeep]
|upkeep
|turn|7
|
|t:|1784489010
|move|p2a: Pyroar|Protect||[still]
|-fail|p2a: Pyroar
|move|p1a: Garchomp|Earthquake|p2a: Pyroar|[spread] p2a
|-immune|p1b: Charizard
|-supereffective|p2a: Pyroar|1
|-damage|p2a: Pyroar|0 fnt
|faint|p2a: Pyroar
|-damage|p1a: Garchomp|70/100|[from] item: Life Orb
|
|win|zachlobbed
