|j|☆iliasdelm
|j|☆efwefwefwefweifier
|html|iliasdelmefwefwefwefweifier    
|uhtml|bestof|Game 1 of a best-of-3
|t:|1756472447
|gametype|doubles
|player|p1|iliasdelm|gambler|1142
|player|p2|efwefwefwefweifier|juan|1173
|gen|9
|tier|[Gen 9] VGC 2025 Reg H (Bo3)
|rated|
|rule|Species Clause: Limit one of each Pokémon
|rule|Item Clause: Limit 1 of each item
|clearpoke
|poke|p1|Sneasler, L50, F|
|poke|p1|Incineroar, L50, M|
|poke|p1|Gholdengo, L50|
|poke|p1|Ursaluna, L50, F|
|poke|p1|Amoonguss, L50, F|
|poke|p1|Porygon2, L50|
|poke|p2|Porygon2, L50|
|poke|p2|Ursaluna, L50, F|
|poke|p2|Primarina, L50, F|
|poke|p2|Amoonguss, L50, F|
|poke|p2|Sneasler, L50, M|
|poke|p2|Dragonite, L50, F|
|teampreview|4
|showteam|p1|Sneasler||FocusSash|Unburden|FakeOut,CloseCombat,DireClaw,Coaching|||F|||50|,,,,,Grass]Incineroar||AssaultVest|Intimidate|FlareBlitz,KnockOff,FakeOut,Uturn|||M|||50|,,,,,Grass]Gholdengo||LifeOrb|GoodasGold|MakeItRain,ShadowBall,NastyPlot,Protect||||||50|,,,,,Water]Ursaluna||FlameOrb|Guts|Facade,HeadlongRush,Protect,Substitute|||F|||50|,,,,,Ghost]Amoonguss||SitrusBerry|Regenerator|PollenPuff,Spore,RagePowder,ClearSmog|||F|||50|,,,,,Electric]Porygon2||Eviolite|Download|IceBeam,TeraBlast,Recover,TrickRoom||||||50|,,,,,Fighting
|showteam|p2|Porygon2||Eviolite|Download|TeraBlast,IceBeam,TrickRoom,Recover||||||50|,,,,,Fighting]Ursaluna||FlameOrb|Guts|HeadlongRush,Earthquake,Facade,Protect|||F|||50|,,,,,Ghost]Primarina||LifeOrb|LiquidVoice|HyperVoice,Moonblast,Protect,Haze|||F|||50|,,,,,Poison]Amoonguss||CovertCloak|Regenerator|RagePowder,Spore,Protect,PollenPuff|||F|||50|,,,,,Fairy]Sneasler||FocusSash|Unburden|CloseCombat,DireClaw,Coaching,Protect|||M|||50|,,,,,Stellar]Dragonite||LoadedDice|Multiscale|ScaleShot,StompingTantrum,Protect,Tailwind|||F|||50|,,,,,Steel
|inactive|Battle timer is ON: inactive players will automatically lose when time's up. (requested by efwefwefwefweifier)
|inactive|iliasdelm has 60 seconds left.
|inactive|efwefwefwefweifier has 60 seconds left.
|
|t:|1756472503
|teamsize|p1|4
|teamsize|p2|4
|start
|switch|p1a: Incineroar|Incineroar, L50, M|100/100
|switch|p1b: Gholdengo|Gholdengo, L50|100/100
|switch|p2a: Amoonguss|Amoonguss, L50, F|100/100
|switch|p2b: Dragonite|Dragonite, L50, F|100/100
|-ability|p1a: Incineroar|Intimidate|boost
|-unboost|p2a: Amoonguss|atk|1
|-unboost|p2b: Dragonite|atk|1
|turn|1
|
|t:|1756472526
|-terastallize|p1a: Incineroar|Grass
|move|p1a: Incineroar|Fake Out|p2b: Dragonite
|-damage|p2b: Dragonite|94/100
|move|p1b: Gholdengo|Nasty Plot|p1b: Gholdengo
|-boost|p1b: Gholdengo|spa|2
|cant|p2b: Dragonite|flinch
|move|p2a: Amoonguss|Spore|p1a: Incineroar
|-immune|p1a: Incineroar
|
|upkeep
|turn|2
|inactive|efwefwefwefweifier has 30 seconds left.
|inactive|efwefwefwefweifier has 20 seconds left.
|inactive|efwefwefwefweifier has 15 seconds left.
|
|t:|1756472566
|-terastallize|p2b: Dragonite|Steel
|move|p1b: Gholdengo|Protect|p1b: Gholdengo
|-singleturn|p1b: Gholdengo|Protect
|move|p2a: Amoonguss|Protect|p2a: Amoonguss
|-singleturn|p2a: Amoonguss|Protect
|move|p2b: Dragonite|Tailwind|p2b: Dragonite
|-sidestart|p2: efwefwefwefweifier|move: Tailwind
|move|p1a: Incineroar|Flare Blitz|p2a: Amoonguss
|-activate|p2a: Amoonguss|move: Protect
|
|upkeep
|turn|3
|inactive|efwefwefwefweifier has 30 seconds left.
|
|t:|1756472600
|move|p2b: Dragonite|Stomping Tantrum|p1b: Gholdengo
|-supereffective|p1b: Gholdengo
|-damage|p1b: Gholdengo|67/100
|move|p1b: Gholdengo|Make It Rain|p2b: Dragonite|[spread] p2a,p2b
|-resisted|p2b: Dragonite
|-damage|p2a: Amoonguss|14/100
|-damage|p2b: Dragonite|42/100
|-unboost|p1b: Gholdengo|spa|1
|-damage|p1b: Gholdengo|57/100|[from] item: Life Orb
|move|p2a: Amoonguss|Pollen Puff|p2b: Dragonite
|-heal|p2b: Dragonite|92/100
|move|p1a: Incineroar|Flare Blitz|p2b: Dragonite
|-supereffective|p2b: Dragonite
|-damage|p2b: Dragonite|0 fnt
|faint|p2b: Dragonite
|-damage|p1a: Incineroar|71/100|[from] Recoil
|
|upkeep
|
|t:|1756472612
|switch|p2b: Ursaluna|Ursaluna, L50, F|100/100
|turn|4
|
|t:|1756472627
|move|p2b: Ursaluna|Protect|p2b: Ursaluna
|-singleturn|p2b: Ursaluna|Protect
|move|p1b: Gholdengo|Protect|p1b: Gholdengo
|-singleturn|p1b: Gholdengo|Protect
|move|p2a: Amoonguss|Pollen Puff|p1a: Incineroar
|-supereffective|p1a: Incineroar
|-damage|p1a: Incineroar|49/100
|move|p1a: Incineroar|Knock Off|p2b: Ursaluna
|-activate|p2b: Ursaluna|move: Protect
|
|-status|p2b: Ursaluna|brn|[from] item: Flame Orb
|upkeep
|turn|5
|
|t:|1756472646
|switch|p1b: Ursaluna|Ursaluna, L50, F|100/100
|switch|p1a: Sneasler|Sneasler, L50, F|100/100
|move|p2b: Ursaluna|Earthquake|p1b: Ursaluna|[spread] p2a,p1a,p1b
|-supereffective|p1a: Sneasler
|-crit|p1b: Ursaluna
|-damage|p2a: Amoonguss|0 fnt
|-enditem|p1a: Sneasler|Focus Sash
|-damage|p1a: Sneasler|1/100
|-damage|p1b: Ursaluna|28/100
|faint|p2a: Amoonguss
|
|-damage|p2b: Ursaluna|95/100 brn|[from] brn
|-sideend|p2: efwefwefwefweifier|move: Tailwind
|-status|p1b: Ursaluna|brn|[from] item: Flame Orb
|upkeep
|
|t:|1756472656
|switch|p2a: Primarina|Primarina, L50, F|100/100
|turn|6
|inactive|iliasdelm has 30 seconds left.
|
|t:|1756472683
|move|p1b: Ursaluna|Protect|p1b: Ursaluna
|-singleturn|p1b: Ursaluna|Protect
|move|p1a: Sneasler|Close Combat|p2b: Ursaluna
|-supereffective|p2b: Ursaluna
|-damage|p2b: Ursaluna|0 fnt
|-unboost|p1a: Sneasler|def|1
|-unboost|p1a: Sneasler|spd|1
|faint|p2b: Ursaluna
|move|p2a: Primarina|Hyper Voice|p1a: Sneasler|[spread] p1a
|-activate|p1b: Ursaluna|move: Protect
|-damage|p1a: Sneasler|0 fnt
|faint|p1a: Sneasler
|-damage|p2a: Primarina|91/100|[from] item: Life Orb
|
|-damage|p1b: Ursaluna|22/100 brn|[from] brn
|upkeep
|
|t:|1756472689
|switch|p1a: Incineroar|Incineroar, L50, M, tera:Grass|49/100
|-ability|p1a: Incineroar|Intimidate|boost
|-unboost|p2a: Primarina|atk|1
|turn|7
|
|t:|1756472703
|switch|p1b: Gholdengo|Gholdengo, L50|57/100
|move|p2a: Primarina|Protect|p2a: Primarina
|-singleturn|p2a: Primarina|Protect
|move|p1a: Incineroar|Fake Out|p2a: Primarina
|-activate|p2a: Primarina|move: Protect
|
|upkeep
|turn|8
|
|t:|1756472712
|move|p1b: Gholdengo|Make It Rain|p2a: Primarina
|-damage|p2a: Primarina|26/100
|-unboost|p1b: Gholdengo|spa|1
|-damage|p1b: Gholdengo|47/100|[from] item: Life Orb
|move|p1a: Incineroar|Knock Off|p2a: Primarina
|-resisted|p2a: Primarina
|-damage|p2a: Primarina|2/100
|-enditem|p2a: Primarina|Life Orb|[from] move: Knock Off|[of] p1a: Incineroar
|move|p2a: Primarina|Hyper Voice|p1b: Gholdengo|[spread] p1a,p1b
|-resisted|p1a: Incineroar
|-damage|p1a: Incineroar|39/100
|-damage|p1b: Gholdengo|19/100
|
|upkeep
|turn|9
|-message|efwefwefwefweifier forfeited.
|
|win|iliasdelm
