|j|☆huntr/x rumi
|j|☆The median voter
|html|huntr/x rumiThe median voter    
|uhtml|bestof|Game 2 of a best-of-3
|t:|1755012148
|gametype|doubles
|player|p1|huntr/x rumi|guitarist|1258
|player|p2|The median voter|scientist-gen4dp|1322
|gen|9
|tier|[Gen 9] VGC 2025 Reg H (Bo3)
|rated|
|rule|Species Clause: Limit one of each Pokémon
|rule|Item Clause: Limit 1 of each item
|clearpoke
|poke|p1|Whimsicott, L50, F|
|poke|p1|Ditto, L50|
|poke|p1|Incineroar, L50, M|
|poke|p1|Farigiraf, L50, M|
|poke|p1|Gholdengo, L50|
|poke|p1|Samurott-Hisui, L50, F|
|poke|p2|Kommo-o, L50, F|
|poke|p2|Volcarona, L50, M|
|poke|p2|Rillaboom, L50, M|
|poke|p2|Kingambit, L50, F|
|poke|p2|Ninetales-Alola, L50, M|
|poke|p2|Arcanine-Hisui, L50, M|
|teampreview|4
|showteam|p1|Whimsicott||FocusSash|Prankster|Protect,Moonblast,Tailwind,Encore|||F|||50|,,,,,Ghost]Ditto||CovertCloak|Imposter|Transform||||||50|,,,,,Grass]Incineroar||SafetyGoggles|Intimidate|FakeOut,FlareBlitz,KnockOff,PartingShot|||M|||50|,,,,,Ghost]Farigiraf||ThroatSpray|ArmorTail|Protect,TrickRoom,HyperVoice,Psychic|||M|||50|,,,,,Fairy]Gholdengo||ChoiceSpecs|GoodasGold|MakeItRain,ShadowBall,Protect,Trick||||||50|,,,,,Steel]Samurott-Hisui||AssaultVest|Sharpness|AquaCutter,SacredSword,NightSlash,SuckerPunch|||F|||50|,,,,,Poison
|showteam|p2|Kommo-o||GrassySeed|Overcoat|BodyPress,Taunt,Protect,Flamethrower|||F|||50|,,,,,Steel]Volcarona||SitrusBerry|FlameBody|HeatWave,TeraBlast,QuiverDance,Protect|||M|||50|,,,,,Water]Rillaboom||AssaultVest|GrassySurge|FakeOut,GrassyGlide,WoodHammer,HighHorsepower|||M|||50|,,,,,Fire]Kingambit||BlackGlasses|Defiant|KowtowCleave,SuckerPunch,SwordsDance,Protect|||F|||50|,,,,,Dark]Ninetales-Alola||LifeOrb|SnowWarning|Blizzard,Protect,Encore,FreezeDry|||M|||50|,,,,,Ghost]Arcanine-Hisui||FocusSash|Intimidate|RockSlide,FlareBlitz,ExtremeSpeed,Protect|||M|||50|,,,,,Ghost
|
|t:|1755012172
|teamsize|p1|4
|teamsize|p2|4
|start
|switch|p1a: Whimsicott|Whimsicott, L50, F, shiny|100/100
|switch|p1b: Gholdengo|Gholdengo, L50|100/100
|switch|p2a: Ninetales|Ninetales-Alola, L50, M|100/100
|switch|p2b: Volcarona|Volcarona, L50, M|100/100
|-weather|Snowscape|[from] ability: Snow Warning|[of] p2a: Ninetales
|turn|1
|
|t:|1755012184
|move|p2a: Ninetales|Protect|p2a: Ninetales
|-singleturn|p2a: Ninetales|Protect
|move|p1a: Whimsicott|Tailwind|p1a: Whimsicott
|-sidestart|p1: huntr/x rumi|move: Tailwind
|move|p1b: Gholdengo|Make It Rain|p2a: Ninetales|[spread] p2b
|-activate|p2a: Ninetales|move: Protect
|-resisted|p2b: Volcarona
|-damage|p2b: Volcarona|67/100
|-unboost|p1b: Gholdengo|spa|1
|move|p2b: Volcarona|Heat Wave|p1b: Gholdengo|[spread] p1a,p1b
|-supereffective|p1a: Whimsicott
|-supereffective|p1b: Gholdengo
|-enditem|p1a: Whimsicott|Focus Sash
|-damage|p1a: Whimsicott|1/100
|-damage|p1b: Gholdengo|5/100
|
|-weather|Snowscape|[upkeep]
|upkeep
|turn|2
|
|t:|1755012199
|switch|p1a: Ditto|Ditto, L50, shiny|100/100
|-transform|p1a: Ditto|p2b: Volcarona|[from] ability: Imposter
|switch|p2a: Rillaboom|Rillaboom, L50, M|100/100
|-fieldstart|move: Grassy Terrain|[from] ability: Grassy Surge|[of] p2a: Rillaboom
|move|p1b: Gholdengo|Make It Rain|p2b: Volcarona|[spread] p2a,p2b
|-resisted|p2b: Volcarona
|-damage|p2a: Rillaboom|64/100
|-damage|p2b: Volcarona|42/100
|-unboost|p1b: Gholdengo|spa|1
|-enditem|p2b: Volcarona|Sitrus Berry|[eat]
|-heal|p2b: Volcarona|67/100|[from] item: Sitrus Berry
|move|p2b: Volcarona|Heat Wave|p1b: Gholdengo|[spread] p1a
|-miss|p2b: Volcarona|p1b: Gholdengo
|-damage|p1a: Ditto|62/100
|
|-weather|Snowscape|[upkeep]
|-heal|p1b: Gholdengo|11/100|[from] Grassy Terrain
|-heal|p1a: Ditto|68/100|[from] Grassy Terrain
|-heal|p2b: Volcarona|73/100|[from] Grassy Terrain
|-heal|p2a: Rillaboom|70/100|[from] Grassy Terrain
|upkeep
|turn|3
|
|t:|1755012230
|switch|p2a: Kommo-o|Kommo-o, L50, F|100/100
|-enditem|p2a: Kommo-o|Grassy Seed
|-boost|p2a: Kommo-o|def|1|[from] item: Grassy Seed
|move|p1a: Ditto|Protect|p1a: Ditto
|-singleturn|p1a: Ditto|Protect
|move|p1b: Gholdengo|Make It Rain|p2b: Volcarona|[spread] p2a,p2b
|-resisted|p2b: Volcarona
|-damage|p2a: Kommo-o|55/100
|-damage|p2b: Volcarona|56/100
|-unboost|p1b: Gholdengo|spa|1
|move|p2b: Volcarona|Heat Wave|p1b: Gholdengo|[spread] p1b
|-activate|p1a: Ditto|move: Protect
|-supereffective|p1b: Gholdengo
|-damage|p1b: Gholdengo|0 fnt
|faint|p1b: Gholdengo
|
|-weather|Snowscape|[upkeep]
|-heal|p1a: Ditto|73/100|[from] Grassy Terrain
|-heal|p2a: Kommo-o|61/100|[from] Grassy Terrain
|-heal|p2b: Volcarona|62/100|[from] Grassy Terrain
|upkeep
|
|t:|1755012236
|switch|p1b: Whimsicott|Whimsicott, L50, F, shiny|1/100
|turn|4
|j| EpicPonedge117
|
|t:|1755012261
|-terastallize|p2b: Volcarona|Water
|move|p1b: Whimsicott|Protect|p1b: Whimsicott
|-singleturn|p1b: Whimsicott|Protect
|move|p2a: Kommo-o|Protect|p2a: Kommo-o
|-singleturn|p2a: Kommo-o|Protect
|move|p1a: Ditto|Quiver Dance|p1a: Ditto
|-boost|p1a: Ditto|spa|1
|-boost|p1a: Ditto|spd|1
|-boost|p1a: Ditto|spe|1
|move|p2b: Volcarona|Heat Wave|p1b: Whimsicott|[spread] p1a
|-activate|p1b: Whimsicott|move: Protect
|-crit|p1a: Ditto
|-damage|p1a: Ditto|10/100
|
|-weather|Snowscape|[upkeep]
|-heal|p1a: Ditto|15/100|[from] Grassy Terrain
|-heal|p1b: Whimsicott|7/100|[from] Grassy Terrain
|-heal|p2a: Kommo-o|67/100|[from] Grassy Terrain
|-heal|p2b: Volcarona|69/100|[from] Grassy Terrain
|-sideend|p1: huntr/x rumi|move: Tailwind
|upkeep
|turn|5
|
|t:|1755012280
|-terastallize|p1a: Ditto|Grass
|move|p1b: Whimsicott|Encore|p2a: Kommo-o
|-start|p2a: Kommo-o|Encore
|move|p1a: Ditto|Tera Blast|p2b: Volcarona|[anim] Tera Blast Grass
|-supereffective|p2b: Volcarona
|-damage|p2b: Volcarona|0 fnt
|faint|p2b: Volcarona
|move|p2a: Kommo-o|Protect||[still]
|-fail|p2a: Kommo-o
|
|-weather|none
|-heal|p1a: Ditto|21/100|[from] Grassy Terrain
|-heal|p1b: Whimsicott|13/100|[from] Grassy Terrain
|-heal|p2a: Kommo-o|73/100|[from] Grassy Terrain
|upkeep
|
|t:|1755012288
|switch|p2b: Rillaboom|Rillaboom, L50, M|70/100
|turn|6
|
|t:|1755012294
|switch|p2a: Ninetales|Ninetales-Alola, L50, M|100/100
|-weather|Snowscape|[from] ability: Snow Warning|[of] p2a: Ninetales
|move|p1b: Whimsicott|Protect|p1b: Whimsicott
|-singleturn|p1b: Whimsicott|Protect
|move|p1a: Ditto|Protect|p1a: Ditto
|-singleturn|p1a: Ditto|Protect
|move|p2b: Rillaboom|Grassy Glide|p1a: Ditto
|-activate|p1a: Ditto|move: Protect
|
|-weather|Snowscape|[upkeep]
|-heal|p1a: Ditto|27/100|[from] Grassy Terrain
|-heal|p1b: Whimsicott|19/100|[from] Grassy Terrain
|-heal|p2b: Rillaboom|75/100|[from] Grassy Terrain
|-fieldend|move: Grassy Terrain
|upkeep
|turn|7
|
|t:|1755012313
|move|p2a: Ninetales|Protect|p2a: Ninetales
|-singleturn|p2a: Ninetales|Protect
|move|p1a: Ditto|Heat Wave|p2a: Ninetales|[spread] p2b
|-activate|p2a: Ninetales|move: Protect
|-supereffective|p2b: Rillaboom
|-damage|p2b: Rillaboom|0 fnt
|faint|p2b: Rillaboom
|move|p1b: Whimsicott|Moonblast|p2a: Ninetales
|-activate|p2a: Ninetales|move: Protect
|
|-weather|Snowscape|[upkeep]
|upkeep
|
|t:|1755012318
|switch|p2b: Kommo-o|Kommo-o, L50, F|73/100
|turn|8
|-message|The median voter forfeited.
|
|win|huntr/x rumi
|raw|huntr/x rumi's rating: 1258 → 1288(+30 for winning)
|raw|The median voter's rating: 1322 → 1298(-24 for losing)
|l|☆huntr/x rumi
|player|p1|
|j|☆huntr/x rumi
|player|p1|huntr/x rumi|guitarist|
