|j|☆Kuei0202
|j|☆musse67
|html|Kuei0202musse67    
|uhtml|bestof|Game 2 of a best-of-3
|t:|1785512967
|gametype|doubles
|player|p1|Kuei0202|hilda-wonderlauncher|1126
|player|p2|musse67|skier|1109
|gen|9
|tier|[Gen 9 Champions] VGC 2026 Reg M-B (Bo3)
|rated|
|rule|Species Clause: Limit one of each Pokémon
|rule|Item Clause: Limit 1 of each item
|clearpoke
|poke|p1|Staraptor, L50, F|
|poke|p1|Arcanine-Hisui, L50, F|
|poke|p1|Kingambit, L50, F|
|poke|p1|Raichu, L50, F|
|poke|p1|Farigiraf, L50, F|
|poke|p1|Sylveon, L50, F|
|poke|p2|Tyranitar, L50, F|
|poke|p2|Sinistcha-Masterpiece, L50|
|poke|p2|Rotom-Wash, L50|
|poke|p2|Sneasler, L50, F|
|poke|p2|Talonflame, L50, F|
|poke|p2|Steelix, L50, F|
|teampreview|4
|showteam|p1|Staraptor||Staraptite|Intimidate|DualWingbeat,CloseCombat,Tailwind,Protect|Jolly||F|||50|]Arcanine-Hisui||FocusSash|RockHead|FlareBlitz,HeadSmash,ExtremeSpeed,Protect|Jolly||F|||50|]Kingambit||LifeOrb|Defiant|KowtowCleave,SuckerPunch,SwordsDance,Protect|Adamant||F|||50|]Raichu||RaichuniteY|LightningRod|ZapCannon,FocusBlast,FakeOut,Protect|Hasty||F|||50|]Farigiraf||SitrusBerry|ArmorTail|Psychic,HelpingHand,TrickRoom,Protect|Calm||F|||50|]Sylveon||FairyFeather|Pixilate|HyperVoice,HyperBeam,QuickAttack,Detect|Modest||F|||50|
|showteam|p2|Tyranitar||ChopleBerry|SandStream|LowKick,KnockOff,RockSlide,Protect|Adamant||F|||50|]Sinistcha-Masterpiece||SitrusBerry|Hospitality|TrickRoom,MatchaGotcha,RagePowder,Protect|Relaxed|||||50|]Rotom-Wash||MysticWater|Levitate|HydroPump,Thunderbolt,WillOWisp,Protect|Calm|||||50|]Sneasler||WhiteHerb|Unburden|DireClaw,CloseCombat,FakeOut,Protect|Jolly||F|||50|]Talonflame||SharpBeak|GaleWings|Tailwind,BraveBird,FlareBlitz,Protect|Jolly||F|||50|]Steelix||Steelixite|RockHead|HeavySlam,HighHorsepower,WideGuard,Protect|Careful||F|||50|
|inactive|Battle timer is ON: inactive players will automatically lose when time's up. (requested by musse67)
|inactive|Kuei0202 has 60 seconds left.
|inactive|Kuei0202 has 30 seconds left.
|
|t:|1785513037
|teamsize|p1|4
|teamsize|p2|4
|start
|switch|p1a: Staraptor|Staraptor, L50, F|100/100
|switch|p1b: Sylveon|Sylveon, L50, F|100/100
|switch|p2a: Sinistcha|Sinistcha-Masterpiece, L50|100/100
|switch|p2b: Tyranitar|Tyranitar, L50, F|100/100
|-ability|p1a: Staraptor|Intimidate|boost
|-unboost|p2a: Sinistcha|atk|1
|-unboost|p2b: Tyranitar|atk|1
|-weather|Sandstorm|[from] ability: Sand Stream|[of] p2b: Tyranitar
|turn|1
|inactive|Kuei0202 has 30 seconds left.
|inactive|musse67 has 30 seconds left.
|inactive|Kuei0202 has 20 seconds left.
|
|t:|1785513075
|switch|p2b: Steelix|Steelix, L50, F|100/100
|detailschange|p1a: Staraptor|Staraptor-Mega, L50, F
|-mega|p1a: Staraptor|Staraptor|Staraptite
|move|p1a: Staraptor|Dual Wingbeat|p2a: Sinistcha|[miss]
|-miss|p1a: Staraptor|p2a: Sinistcha
|move|p1b: Sylveon|Hyper Voice|p2b: Steelix|[spread] p2a,p2b
|-resisted|p2b: Steelix|1
|-damage|p2a: Sinistcha|42/100
|-damage|p2b: Steelix|73/100
|-enditem|p2a: Sinistcha|Sitrus Berry|[eat]
|-heal|p2a: Sinistcha|67/100|[from] item: Sitrus Berry
|move|p2a: Sinistcha|Trick Room|p2a: Sinistcha
|-fieldstart|move: Trick Room|[of] p2a: Sinistcha
|
|-weather|Sandstorm|[upkeep]
|-damage|p2a: Sinistcha|61/100|[from] Sandstorm
|-damage|p1b: Sylveon|93/100|[from] Sandstorm
|-damage|p1a: Staraptor|93/100|[from] Sandstorm
|upkeep
|turn|2
|inactive|Kuei0202 has 30 seconds left.
|
|t:|1785513102
|switch|p2a: Tyranitar|Tyranitar, L50, F|100/100
|switch|p1b: Kingambit|Kingambit, L50, F|100/100
|detailschange|p2b: Steelix|Steelix-Mega, L50, F
|-mega|p2b: Steelix|Steelix|Steelixite
|move|p2b: Steelix|Heavy Slam|p1b: Kingambit
|-resisted|p1b: Kingambit|1
|-damage|p1b: Kingambit|70/100
|move|p1a: Staraptor|Close Combat|p2b: Steelix
|-supereffective|p2b: Steelix|1
|-damage|p2b: Steelix|0 fnt
|-boost|p1a: Staraptor|def|1
|-boost|p1a: Staraptor|spd|1
|faint|p2b: Steelix
|
|-weather|Sandstorm|[upkeep]
|-damage|p1a: Staraptor|87/100|[from] Sandstorm
|upkeep
|inactive|musse67 has 30 seconds left.
|
|t:|1785513134
|switch|p2b: Rotom|Rotom-Wash, L50|100/100
|turn|3
|
|t:|1785513148
|switch|p1b: Sylveon|Sylveon, L50, F|93/100
|move|p1a: Staraptor|Protect|p1a: Staraptor
|-singleturn|p1a: Staraptor|Protect
|move|p2a: Tyranitar|Rock Slide|p1b: Sylveon|[spread] p1b
|-activate|p1a: Staraptor|move: Protect
|-damage|p1b: Sylveon|56/100
|move|p2b: Rotom|Will-O-Wisp|p1a: Staraptor
|-activate|p1a: Staraptor|move: Protect
|
|-weather|Sandstorm|[upkeep]
|-damage|p1b: Sylveon|50/100y|[from] Sandstorm
|-damage|p2b: Rotom|94/100|[from] Sandstorm
|-damage|p1a: Staraptor|81/100|[from] Sandstorm
|upkeep
|turn|4
|inactive|musse67 has 30 seconds left.
|inactive|musse67 has 20 seconds left.
|inactive|musse67 has 15 seconds left.
|inactive|musse67 has 10 seconds left.
|inactive|musse67 has 5 seconds left.
|
|t:|1785513203
|move|p1b: Sylveon|Hyper Beam|p2a: Tyranitar
|-supereffective|p2a: Tyranitar|1
|-damage|p2a: Tyranitar|0 fnt
|-mustrecharge|p1b: Sylveon
|faint|p2a: Tyranitar
|move|p2b: Rotom|Hydro Pump|p1a: Staraptor
|-damage|p1a: Staraptor|42/100
|move|p1a: Staraptor|Close Combat|p2b: Rotom
|-damage|p2b: Rotom|23/100
|-boost|p1a: Staraptor|def|1
|-boost|p1a: Staraptor|spd|1
|
|-weather|Sandstorm|[upkeep]
|-damage|p1b: Sylveon|43/100|[from] Sandstorm
|-damage|p2b: Rotom|17/100|[from] Sandstorm
|-damage|p1a: Staraptor|36/100|[from] Sandstorm
|upkeep
|l|☆musse67
|inactive|musse67 disconnected and has a minute to reconnect!
|player|p2|
|j|☆musse67
|inactive|musse67 reconnected and has 35 seconds left.
|player|p2|musse67|skier|
|inactive|musse67 has 30 seconds left.
|
|t:|1785513230
|switch|p2a: Sinistcha|Sinistcha-Masterpiece, L50|61/100
|-heal|p2b: Rotom|42/100|[from] ability: Hospitality|[of] p2a: Sinistcha
|turn|5
|
|t:|1785513239
|move|p1a: Staraptor|Protect|p1a: Staraptor
|-singleturn|p1a: Staraptor|Protect
|move|p2a: Sinistcha|Matcha Gotcha|p1b: Sylveon|[spread] p1b
|-activate|p1a: Staraptor|move: Protect
|-damage|p1b: Sylveon|26/100
|-heal|p2a: Sinistcha|70/100|[from] drain|[of] p1b: Sylveon
|cant|p1b: Sylveon|recharge
|move|p2b: Rotom|Thunderbolt|p1a: Staraptor
|-activate|p1a: Staraptor|move: Protect
|
|-weather|none
|-fieldend|move: Trick Room
|upkeep
|turn|6
|
|t:|1785513261
|move|p1a: Staraptor|Dual Wingbeat|p2a: Sinistcha
|-supereffective|p2a: Sinistcha|1
|-damage|p2a: Sinistcha|33/100
|-supereffective|p2a: Sinistcha|1
|-damage|p2a: Sinistcha|0 fnt
|faint|p2a: Sinistcha
|-hitcount|p2: Sinistcha|2
|move|p2b: Rotom|Thunderbolt|p1a: Staraptor
|-supereffective|p1a: Staraptor|1
|-damage|p1a: Staraptor|0 fnt
|faint|p1a: Staraptor
|move|p1b: Sylveon|Hyper Voice|p2b: Rotom
|-damage|p2b: Rotom|0 fnt
|faint|p2b: Rotom
|
|win|Kuei0202
|raw|Kuei0202's rating: 1126 → 1150(+24 for winning)
|raw|musse67's rating: 1109 → 1085(-24 for losing)
|l|☆musse67
|player|p2|
