|j|☆robby w
|j|☆royalpooppi
|html|robby wroyalpooppi    
|uhtml|bestof|Game 2 of a best-of-3
|t:|1756647545
|gametype|doubles
|player|p1|robby w|pokefan-gen4|1258
|player|p2|royalpooppi|lucas|1184
|gen|9
|tier|[Gen 9] VGC 2025 Reg H (Bo3)
|rated|
|rule|Species Clause: Limit one of each Pokémon
|rule|Item Clause: Limit 1 of each item
|clearpoke
|poke|p1|Dondozo, L50, F|
|poke|p1|Tatsugiri, L50, F|
|poke|p1|Sneasler, L50, F|
|poke|p1|Indeedee, L50, M|
|poke|p1|Whimsicott, L50, F|
|poke|p1|Hydreigon, L50, M|
|poke|p2|Vileplume, L50, M|
|poke|p2|Ninetales, L50, F|
|poke|p2|Cryogonal, L50|
|poke|p2|Maushold, L50|
|poke|p2|Glimmora, L50, M|
|poke|p2|Gholdengo, L50|
|teampreview|4
|showteam|p1|Dondozo||Leftovers|Unaware|Protect,WaveCrash,Earthquake,OrderUp|||F|||50|,,,,,Grass]Tatsugiri||ChoiceScarf|Commander|DragonPulse,IcyWind,DracoMeteor,MuddyWater|||F|||50|,,,,,Stellar]Sneasler||PsychicSeed|Unburden|DireClaw,CloseCombat,Protect,ThroatChop|||F|||50|,,,,,Dark]Indeedee||FocusSash|PsychicSurge|DazzlingGleam,HelpingHand,ExpandingForce,Protect|||M|||50|,,,,,Fairy]Whimsicott||CovertCloak|Prankster|Tailwind,Moonblast,Encore,SunnyDay|||F|||50|,,,,,Dark]Hydreigon||ChoiceSpecs|Levitate|HeatWave,Snarl,DarkPulse,DracoMeteor|||M|||50|,,,,,Dark
|showteam|p2|Vileplume||LifeOrb|Chlorophyll|EnergyBall,SludgeBomb,Moonblast,Protect|||M|||50|,,,,,Fairy]Ninetales||ChoiceSpecs|Drought|Overheat,HeatWave,WeatherBall,ShadowBall|||F|||50|,,,,,Ghost]Cryogonal||FocusSash|Levitate|IceBeam,IcyWind,Protect,Haze||||||50|,,,,,Ice]Maushold||WideLens|Technician|PopulationBomb,FollowMe,HelpingHand,Protect||||||50|,,,,,Ghost]Glimmora||PowerHerb|ToxicDebris|MeteorBeam,SludgeBomb,SpikyShield,EarthPower|||M|||50|,,,,,Grass]Gholdengo||IronPlate|GoodasGold|MakeItRain,ShadowBall,NastyPlot,Protect||||||50|,,,,,Water
|
|t:|1756647571
|teamsize|p1|4
|teamsize|p2|4
|start
|switch|p1a: Dondozo|Dondozo, L50, F, shiny|100/100
|switch|p1b: Sneasler|Sneasler, L50, F|100/100
|switch|p2a: Ninetales|Ninetales, L50, F|100/100
|switch|p2b: Maushold|Maushold, L50|100/100
|-weather|SunnyDay|[from] ability: Drought|[of] p2a: Ninetales
|turn|1
|inactive|Battle timer is ON: inactive players will automatically lose when time's up. (requested by robby w)
|
|t:|1756647599
|switch|p1b: Tatsugiri|Tatsugiri, L50, F|100/100
|-activate|p1b: Tatsugiri|ability: Commander|[of] p1a: Dondozo
|-boost|p1a: Dondozo|atk|2
|-boost|p1a: Dondozo|spa|2
|-boost|p1a: Dondozo|spe|2
|-boost|p1a: Dondozo|def|2
|-boost|p1a: Dondozo|spd|2
|-terastallize|p2b: Maushold|Ghost
|move|p2b: Maushold|Population Bomb|p1a: Dondozo
|-damage|p1a: Dondozo|96/100
|-damage|p1a: Dondozo|92/100
|-damage|p1a: Dondozo|87/100
|-damage|p1a: Dondozo|83/100
|-damage|p1a: Dondozo|78/100
|-damage|p1a: Dondozo|74/100
|-damage|p1a: Dondozo|70/100
|-damage|p1a: Dondozo|66/100
|-damage|p1a: Dondozo|60/100
|-damage|p1a: Dondozo|56/100
|-hitcount|p1a: Dondozo|10
|move|p1a: Dondozo|Earthquake|p2b: Maushold|[spread] p2a,p2b
|-miss|p1a: Dondozo|p1b: Tatsugiri
|-supereffective|p2a: Ninetales
|-damage|p2a: Ninetales|0 fnt
|-damage|p2b: Maushold|27/100
|faint|p2a: Ninetales
|
|-weather|SunnyDay|[upkeep]
|-heal|p1a: Dondozo|62/100|[from] item: Leftovers
|upkeep
|inactive|royalpooppi has 30 seconds left.
|
|t:|1756647627
|switch|p2a: Vileplume|Vileplume, L50, M|100/100
|turn|2
|
|t:|1756647650
|-terastallize|p1a: Dondozo|Grass
|move|p2a: Vileplume|Protect|p2a: Vileplume
|-singleturn|p2a: Vileplume|Protect
|move|p2b: Maushold|Protect|p2b: Maushold
|-singleturn|p2b: Maushold|Protect
|move|p1a: Dondozo|Order Up|p2b: Maushold
|-activate|p2b: Maushold|move: Protect
|
|-weather|SunnyDay|[upkeep]
|-heal|p1a: Dondozo|68/100|[from] item: Leftovers
|upkeep
|turn|3
|
|t:|1756647666
|move|p1a: Dondozo|Protect|p1a: Dondozo
|-singleturn|p1a: Dondozo|Protect
|move|p2a: Vileplume|Sludge Bomb|p1a: Dondozo
|-activate|p1a: Dondozo|move: Protect
|move|p2b: Maushold|Population Bomb|p1a: Dondozo
|-activate|p1a: Dondozo|move: Protect
|
|-weather|SunnyDay|[upkeep]
|-heal|p1a: Dondozo|74/100|[from] item: Leftovers
|upkeep
|turn|4
|
|t:|1756647685
|move|p2a: Vileplume|Sludge Bomb|p1a: Dondozo
|-supereffective|p1a: Dondozo
|-damage|p1a: Dondozo|11/100
|-status|p1a: Dondozo|psn
|-damage|p2a: Vileplume|91/100|[from] item: Life Orb
|move|p2b: Maushold|Population Bomb|p1a: Dondozo
|-damage|p1a: Dondozo|7/100 psn
|-damage|p1a: Dondozo|3/100 psn
|-damage|p1a: Dondozo|0 fnt
|faint|p1a: Dondozo
|-hitcount|p1: Dondozo|3
|
|-weather|SunnyDay|[upkeep]
|upkeep
|
|t:|1756647698
|switch|p1a: Sneasler|Sneasler, L50, F|100/100
|turn|5
|
|t:|1756647718
|move|p2b: Maushold|Protect|p2b: Maushold
|-singleturn|p2b: Maushold|Protect
|move|p1a: Sneasler|Protect|p1a: Sneasler
|-singleturn|p1a: Sneasler|Protect
|move|p1b: Tatsugiri|Icy Wind|p2a: Vileplume|[spread] p2a
|-activate|p2b: Maushold|move: Protect
|-supereffective|p2a: Vileplume
|-damage|p2a: Vileplume|57/100
|-unboost|p2a: Vileplume|spe|1
|move|p2a: Vileplume|Moonblast|p1a: Sneasler
|-activate|p1a: Sneasler|move: Protect
|
|-weather|none
|upkeep
|turn|6
|inactive|robby w has 30 seconds left.
|inactive|robby w has 20 seconds left.
|
|t:|1756647754
|switch|p1b: Indeedee|Indeedee, L50, M|100/100
|-fieldstart|move: Psychic Terrain|[from] ability: Psychic Surge|[of] p1b: Indeedee
|-enditem|p1a: Sneasler|Psychic Seed
|-boost|p1a: Sneasler|spd|1|[from] item: Psychic Seed
|switch|p2b: Glimmora|Glimmora, L50, M|100/100
|move|p1a: Sneasler|Throat Chop|p2b: Glimmora
|-damage|p2b: Glimmora|73/100
|-start|p2b: Glimmora|Throat Chop|[silent]
|-activate|p2b: Glimmora|ability: Toxic Debris
|-sidestart|p1: robby w|move: Toxic Spikes
|move|p2a: Vileplume|Moonblast|p1a: Sneasler
|-damage|p1a: Sneasler|59/100
|-damage|p2a: Vileplume|48/100|[from] item: Life Orb
|
|upkeep
|turn|7
|-message|royalpooppi forfeited.
|
|win|robby w
|raw|robby w's rating: 1258 → 1278(+20 for winning)
|raw|royalpooppi's rating: 1184 → 1164(-20 for losing)
|l|☆royalpooppi
|player|p2|
