|j|☆KopeensHobbyShop
|j|☆lobitooooo
|html|KopeensHobbyShoplobitooooo    
|uhtml|bestof|Game 3 of a best-of-3
|t:|1785733684
|gametype|doubles
|player|p1|KopeensHobbyShop|crasherwake|1187
|player|p2|lobitooooo|linebacker|1172
|gen|9
|tier|[Gen 9 Champions] VGC 2026 Reg M-B (Bo3)
|rated|
|rule|Species Clause: Limit one of each Pokémon
|rule|Item Clause: Limit 1 of each item
|clearpoke
|poke|p1|Sableye, L50, F|
|poke|p1|Charizard, L50, M|
|poke|p1|Incineroar, L50, M|
|poke|p1|Toxapex, L50, M|
|poke|p1|Gengar, L50, M|
|poke|p1|Garchomp, L50, F|
|poke|p2|Garchomp, L50, M|
|poke|p2|Tyranitar, L50, F|
|poke|p2|Corviknight, L50, F|
|poke|p2|Scizor, L50, F|
|poke|p2|Basculegion, L50, M|
|poke|p2|Sneasler, L50, F|
|teampreview|4
|showteam|p1|Sableye||LightClay|Prankster|Reflect,LightScreen,FoulPlay,Encore|Sassy||F|||50|]Charizard||CharizarditeY|Blaze|Protect,HeatWave,SolarBeam,WeatherBall|Timid||M|||50|]Incineroar||PasshoBerry|Intimidate|FakeOut,ThroatChop,PartingShot,Protect|Impish||M|||50|]Toxapex||Leftovers|Regenerator|Infestation,Toxic,BanefulBunker,WideGuard|Bold||M|||50|]Gengar||Gengarite|CursedBody|ShadowBall,PerishSong,Disable,Protect|Timid||M|||50|]Garchomp||SitrusBerry|RoughSkin|Earthquake,RockSlide,DragonClaw,Protect|Adamant||F|||50|
|showteam|p2|Garchomp||Garchompite|RoughSkin|EarthPower,Protect,DracoMeteor,PowerGem|Modest||M|||50|]Tyranitar||ChoiceScarf|SandStream|Superpower,IcePunch,RockSlide,KnockOff|Jolly||F|||50|]Corviknight||Leftovers|MirrorArmor|Protect,IronHead,Tailwind,BraveBird|Impish||F|||50|]Scizor||LifeOrb|Technician|Protect,SwordsDance,BugBite,BulletPunch|Adamant||F|||50|]Basculegion||SitrusBerry|Adaptability|AquaJet,Protect,LastRespects,WaveCrash|Jolly||M|||50|]Sneasler||FocusSash|PoisonTouch|PoisonJab,FakeOut,CloseCombat,Protect|Jolly||F|||50|
|inactive|Battle timer is ON: inactive players will automatically lose when time's up. (requested by lobitooooo)
|
|t:|1785733720
|teamsize|p1|4
|teamsize|p2|4
|start
|switch|p1a: Sableye|Sableye, L50, F|100/100
|switch|p1b: Gengar|Gengar, L50, M|100/100
|switch|p2a: Basculegion|Basculegion, L50, M|100/100
|switch|p2b: Garchomp|Garchomp, L50, M|100/100
|turn|1
|
|t:|1785733743
|detailschange|p1b: Gengar|Gengar-Mega, L50, M
|-mega|p1b: Gengar|Gengar|Gengarite
|detailschange|p2b: Garchomp|Garchomp-Mega, L50, M
|-mega|p2b: Garchomp|Garchomp|Garchompite
|move|p1b: Gengar|Protect|p1b: Gengar
|-singleturn|p1b: Gengar|Protect
|move|p2a: Basculegion|Protect|p2a: Basculegion
|-singleturn|p2a: Basculegion|Protect
|move|p2b: Garchomp|Earth Power|p1b: Gengar
|-activate|p1b: Gengar|move: Protect
|move|p1a: Sableye|Foul Play|p2a: Basculegion
|-activate|p2a: Basculegion|move: Protect
|
|upkeep
|turn|2
|
|t:|1785733764
|switch|p2a: Tyranitar|Tyranitar, L50, F|100/100
|-weather|Sandstorm|[from] ability: Sand Stream|[of] p2a: Tyranitar
|move|p1a: Sableye|Encore|p2a: Tyranitar
|-hint|Since gen 7, Dark is immune to Prankster moves.
|-immune|p2a: Tyranitar
|move|p1b: Gengar|Disable|p2b: Garchomp
|-start|p2b: Garchomp|Disable|Earth Power
|cant|p2b: Garchomp|Disable|Earth Power
|
|-weather|Sandstorm|[upkeep]
|-damage|p1b: Gengar|93/100|[from] Sandstorm
|-damage|p1a: Sableye|94/100|[from] Sandstorm
|upkeep
|turn|3
|
|t:|1785733783
|move|p1b: Gengar|Protect|p1b: Gengar
|-singleturn|p1b: Gengar|Protect
|move|p1a: Sableye|Encore|p2b: Garchomp
|-start|p2b: Garchomp|Encore
|move|p2a: Tyranitar|Knock Off|p1b: Gengar
|-activate|p1b: Gengar|move: Protect
|cant|p2b: Garchomp|Disable|Earth Power
|
|-weather|Sandstorm|[upkeep]
|-damage|p1b: Gengar|87/100|[from] Sandstorm
|-damage|p1a: Sableye|88/100|[from] Sandstorm
|upkeep
|turn|4
|
|t:|1785733797
|move|p1a: Sableye|Reflect|p1a: Sableye
|-sidestart|p1: KopeensHobbyShop|Reflect
|move|p1b: Gengar|Disable|p2a: Tyranitar
|-start|p2a: Tyranitar|Disable|Knock Off
|cant|p2a: Tyranitar|Disable|Knock Off
|-activate|p2b: Garchomp|move: Struggle
|move|p2b: Garchomp|Struggle|p1b: Gengar
|-damage|p1b: Gengar|74/100
|-damage|p2b: Garchomp|75/100|[from] recoil
|
|-weather|Sandstorm|[upkeep]
|-damage|p1b: Gengar|68/100|[from] Sandstorm
|-damage|p1a: Sableye|82/100|[from] Sandstorm
|upkeep
|turn|5
|
|t:|1785733817
|move|p1b: Gengar|Shadow Ball|p2b: Garchomp
|-damage|p2b: Garchomp|34/100
|-activate|p2a: Tyranitar|move: Struggle
|move|p2a: Tyranitar|Struggle|p1b: Gengar
|-damage|p1b: Gengar|55/100
|-damage|p2a: Tyranitar|74/100|[from] recoil
|-activate|p2b: Garchomp|move: Struggle
|move|p2b: Garchomp|Struggle|p1a: Sableye
|-damage|p1a: Sableye|66/100
|-damage|p2b: Garchomp|9/100|[from] recoil
|move|p1a: Sableye|Foul Play|p2b: Garchomp
|-damage|p2b: Garchomp|0 fnt
|faint|p2b: Garchomp
|
|-weather|Sandstorm|[upkeep]
|-damage|p1b: Gengar|49/100|[from] Sandstorm
|-damage|p1a: Sableye|61/100|[from] Sandstorm
|upkeep
|
|t:|1785733835
|switch|p2b: Basculegion|Basculegion, L50, M|100/100
|turn|6
|
|t:|1785733844
|move|p1b: Gengar|Protect|p1b: Gengar
|-singleturn|p1b: Gengar|Protect
|move|p2b: Basculegion|Aqua Jet|p1b: Gengar
|-activate|p1b: Gengar|move: Protect
|-activate|p2a: Tyranitar|move: Struggle
|move|p2a: Tyranitar|Struggle|p1b: Gengar
|-activate|p1b: Gengar|move: Protect
|move|p1a: Sableye|Foul Play|p2b: Basculegion
|-supereffective|p2b: Basculegion|1
|-damage|p2b: Basculegion|0 fnt
|faint|p2b: Basculegion
|
|-weather|none
|upkeep
|c|☆lobitooooo|Gg
|c|☆KopeensHobbyShop|gg
|inactive|lobitooooo has 30 seconds left.
|c|☆lobitooooo|Great moves bro
|inactive|lobitooooo has 20 seconds left.
|c|☆KopeensHobbyShop|u2 bro
|c|☆KopeensHobbyShop|nice team
|
|t:|1785733882
|switch|p2b: Corviknight|Corviknight, L50, F|100/100
|turn|7
|-message|lobitooooo forfeited.
|raw|KopeensHobbyShop's rating: 1187 → 1211(+24 for winning)
|raw|lobitooooo's rating: 1172 → 1148(-24 for losing)
|
|win|KopeensHobbyShop
|l|☆lobitooooo
|player|p2|
