|j|☆KSV Rigo
|j|☆Sirox185
|html|KSV RigoSirox185    
|uhtml|bestof|Game 2 of a best-of-3
|t:|1756664399
|gametype|doubles
|player|p1|KSV Rigo|musician|
|player|p2|Sirox185|101|
|gen|9
|tier|[Gen 9] VGC 2025 Reg H (Bo3)
|rule|Species Clause: Limit one of each Pokémon
|rule|Item Clause: Limit 1 of each item
|clearpoke
|poke|p1|Annihilape, L50, F|
|poke|p1|Sinistcha, L50|
|poke|p1|Maushold-Four, L50|
|poke|p1|Klefki, L50, F|
|poke|p1|Ursaluna-Bloodmoon, L50, M|
|poke|p1|Ninetales-Alola, L50, F|
|poke|p2|Glimmora, L50, M|
|poke|p2|Archaludon, L50, F|
|poke|p2|Kingambit, L50, M|
|poke|p2|Dragonite, L50, M|
|poke|p2|Rillaboom, L50, M|
|poke|p2|Tauros-Paldea-Blaze, L50, M|
|teampreview|4
|showteam|p1|Annihilape||Leftovers|Defiant|Protect,BulkUp,DrainPunch,RageFist|||F|||50|,,,,,Fire]Sinistcha||SitrusBerry|Hospitality|MatchaGotcha,TrickRoom,LifeDew,RagePowder||||||50|,,,,,Water]Maushold-Four||SafetyGoggles|FriendGuard|FollowMe,Taunt,BeatUp,Protect||||||50|,,,,,Ghost]Klefki||LightClay|Prankster|Reflect,LightScreen,MistyTerrain,DazzlingGleam|||F|||50|,,,,,Ghost]Ursaluna-Bloodmoon||AssaultVest|MindsEye|BloodMoon,HyperVoice,EarthPower,VacuumWave|||M|||50|,,,,,Water]Ninetales-Alola||FocusSash|SnowWarning|Protect,Encore,FreezeDry,Blizzard|||F|||50|,,,,,Ghost
|showteam|p2|Glimmora||FocusSash|ToxicDebris|MortalSpin,SludgeWave,EarthPower,SpikyShield|||M|||50|,,,,,Grass]Archaludon||PowerHerb|Sturdy|ElectroShot,FlashCannon,DracoMeteor,Protect|||F|||50|,,,,,Stellar]Kingambit||SafetyGoggles|Defiant|KowtowCleave,SuckerPunch,SwordsDance,Protect|||M|||50|,,,,,Fairy]Dragonite||ChoiceBand|Multiscale|ExtremeSpeed,Outrage,StompingTantrum,IceSpinner|||M|||50|,,,,,Normal]Rillaboom||AssaultVest|GrassySurge|FakeOut,GrassyGlide,HighHorsepower,WoodHammer|||M|||50|,,,,,Water]Tauros-Paldea-Blaze||MirrorHerb|Intimidate|FlareBlitz,CloseCombat,WillOWisp,Protect|||M|||50|,,,,,Grass
|inactive|Battle timer is ON: inactive players will automatically lose when time's up. (requested by KSV Rigo)
|
|t:|1756664422
|teamsize|p1|4
|teamsize|p2|4
|start
|switch|p1a: Klefki|Klefki, L50, F|100/100
|switch|p1b: Annihilape|Annihilape, L50, F, shiny|100/100
|switch|p2a: Glimmora|Glimmora, L50, M, shiny|100/100
|switch|p2b: Archaludon|Archaludon, L50, F, shiny|100/100
|turn|1
|
|t:|1756664436
|move|p1b: Annihilape|Protect|p1b: Annihilape
|-singleturn|p1b: Annihilape|Protect
|move|p1a: Klefki|Light Screen|p1a: Klefki
|-sidestart|p1: KSV Rigo|move: Light Screen
|move|p2a: Glimmora|Mortal Spin|p1b: Annihilape|[spread] 
|-activate|p1b: Annihilape|move: Protect
|-immune|p1a: Klefki
|move|p2b: Archaludon|Electro Shot||[still]
|-prepare|p2b: Archaludon|Electro Shot
|-boost|p2b: Archaludon|spa|1
|-enditem|p2b: Archaludon|Power Herb
|-anim|p2b: Archaludon|Electro Shot|p1b: Annihilape
|-activate|p1b: Annihilape|move: Protect
|
|upkeep
|turn|2
|inactive|Sirox185 has 30 seconds left.
|inactive|Sirox185 has 20 seconds left.
|
|t:|1756664472
|-terastallize|p2b: Archaludon|Stellar
|move|p1a: Klefki|Misty Terrain|p1a: Klefki
|-fieldstart|move: Misty Terrain
|move|p1b: Annihilape|Bulk Up|p1b: Annihilape
|-boost|p1b: Annihilape|atk|1
|-boost|p1b: Annihilape|def|1
|move|p2a: Glimmora|Earth Power|p1a: Klefki
|-supereffective|p1a: Klefki
|-damage|p1a: Klefki|61/100
|move|p2b: Archaludon|Draco Meteor|p1b: Annihilape
|-damage|p1b: Annihilape|62/100
|-unboost|p2b: Archaludon|spa|2
|
|-heal|p1b: Annihilape|68/100|[from] item: Leftovers
|upkeep
|turn|3
|
|t:|1756664487
|move|p1a: Klefki|Misty Terrain||[still]
|-fail|p1a: Klefki
|move|p1b: Annihilape|Drain Punch|p2a: Glimmora
|-damage|p2a: Glimmora|42/100
|-heal|p1b: Annihilape|90/100|[from] drain|[of] p2a: Glimmora
|-activate|p2a: Glimmora|ability: Toxic Debris
|-sidestart|p1: KSV Rigo|move: Toxic Spikes
|move|p2a: Glimmora|Earth Power|p1a: Klefki
|-supereffective|p1a: Klefki
|-damage|p1a: Klefki|25/100
|move|p2b: Archaludon|Electro Shot||[still]
|-prepare|p2b: Archaludon|Electro Shot
|-boost|p2b: Archaludon|spa|1
|
|-heal|p1b: Annihilape|97/100|[from] item: Leftovers
|upkeep
|turn|4
|
|t:|1756664502
|move|p1b: Annihilape|Drain Punch|p2b: Archaludon
|-supereffective|p2b: Archaludon
|-damage|p2b: Archaludon|23/100
|-heal|p1b: Annihilape|100/100|[from] drain|[of] p2b: Archaludon
|move|p2a: Glimmora|Earth Power|p1a: Klefki
|-supereffective|p1a: Klefki
|-damage|p1a: Klefki|0 fnt
|faint|p1a: Klefki
|move|p2b: Archaludon|Electro Shot|p1b: Annihilape|[from] lockedmove
|-damage|p1b: Annihilape|70/100
|
|-heal|p1b: Annihilape|76/100|[from] item: Leftovers
|upkeep
|
|t:|1756664510
|switch|p1a: Ninetales|Ninetales-Alola, L50, F, shiny|100/100
|-weather|Snowscape|[from] ability: Snow Warning|[of] p1a: Ninetales
|turn|5
|
|t:|1756664531
|switch|p2b: Rillaboom|Rillaboom, L50, M|100/100
|-fieldstart|move: Grassy Terrain|[from] ability: Grassy Surge|[of] p2b: Rillaboom
|move|p1a: Ninetales|Blizzard|p2a: Glimmora|[spread] p2a,p2b
|-supereffective|p2b: Rillaboom
|-damage|p2a: Glimmora|0 fnt
|-damage|p2b: Rillaboom|43/100
|faint|p2a: Glimmora
|move|p1b: Annihilape|Bulk Up|p1b: Annihilape
|-boost|p1b: Annihilape|atk|1
|-boost|p1b: Annihilape|def|1
|
|-weather|Snowscape|[upkeep]
|-heal|p1b: Annihilape|83/100|[from] Grassy Terrain
|-heal|p1b: Annihilape|89/100|[from] item: Leftovers
|-heal|p2b: Rillaboom|49/100|[from] Grassy Terrain
|upkeep
|-message|Sirox185 forfeited.
|
|win|KSV Rigo
|l|☆Sirox185
|player|p2|
