|j|☆alexanderbr039
|j|☆mb gang
|html|alexanderbr039mb gang    
|uhtml|bestof|Game 3 of a best-of-3
|t:|1786204168
|gametype|doubles
|player|p1|alexanderbr039|2|1302
|player|p2|mb gang|skier|1435
|gen|9
|tier|[Gen 9 Champions] VGC 2026 Reg M-B (Bo3)
|rated|
|rule|Species Clause: Limit one of each Pokémon
|rule|Item Clause: Limit 1 of each item
|clearpoke
|poke|p1|Gengar, L50, M|
|poke|p1|Archaludon, L50, M|
|poke|p1|Politoed, L50, F|
|poke|p1|Swampert, L50, M|
|poke|p1|Vivillon-Fancy, L50, M|
|poke|p1|Incineroar, L50, F|
|poke|p2|Drampa, L50, F|
|poke|p2|Kingambit, L50, M|
|poke|p2|Delphox, L50, M|
|poke|p2|Sinistcha, L50|
|poke|p2|Sneasler, L50, M|
|poke|p2|Tauros-Paldea-Aqua, L50, M|
|teampreview|4
|showteam|p1|Gengar||Gengarite|CursedBody|ShadowBall,SludgeBomb,PerishSong,Protect|Modest||M|||50|]Archaludon||Leftovers|Stamina|ElectroShot,DragonPulse,FlashCannon,Protect|Bold||M|||50|]Politoed||SitrusBerry|Drizzle|WeatherBall,Hypnosis,PerishSong,Protect|Calm||F|||50|]Swampert||Swampertite|Torrent|WaveCrash,Earthquake,IcePunch,Protect|Adamant||M|||50|]Vivillon-Fancy||FocusSash|CompoundEyes|Hurricane,SleepPowder,RagePowder,Protect|Timid||M|||50|]Incineroar||PasshoBerry|Intimidate|ThroatChop,FakeOut,PartingShot,Protect|Impish||F|||50|
|showteam|p2|Drampa||HabanBerry|CloudNine|LightScreen,Protect,HelpingHand,DracoMeteor|Sassy||F|||50|]Kingambit||BlackGlasses|Defiant|KowtowCleave,SuckerPunch,IronHead,Protect|Brave||M|||50|]Delphox||Delphoxite|Blaze|HeatWave,Psychic,CalmMind,Protect|Timid||M|||50|]Sinistcha||SitrusBerry|Hospitality|MatchaGotcha,RagePowder,TrickRoom,Protect|Relaxed|||||50|]Sneasler||FocusSash|PoisonTouch|PoisonJab,CloseCombat,FakeOut,Protect|Jolly||M|||50|]Tauros-Paldea-Aqua||ChoiceScarf|Intimidate|CloseCombat,RockSlide,WaveCrash,AquaJet|Jolly||M|||50|
|inactive|Battle timer is ON: inactive players will automatically lose when time's up. (requested by mb gang)
|
|t:|1786204198
|teamsize|p1|4
|teamsize|p2|4
|start
|switch|p1a: Swampert|Swampert, L50, M|100/100
|switch|p1b: Vivillon|Vivillon-Fancy, L50, M|100/100
|switch|p2a: Delphox|Delphox, L50, M|100/100
|switch|p2b: Drampa|Drampa, L50, F|100/100
|-ability|p2b: Drampa|Cloud Nine
|turn|1
|inactive|alexanderbr039 has 30 seconds left.
|inactive|alexanderbr039 has 20 seconds left.
|inactive|alexanderbr039 has 15 seconds left.
|inactive|alexanderbr039 has 10 seconds left.
|inactive|alexanderbr039 has 5 seconds left.
|
|t:|1786204249
|detailschange|p2a: Delphox|Delphox-Mega, L50, M
|-mega|p2a: Delphox|Delphox|Delphoxite
|detailschange|p1a: Swampert|Swampert-Mega, L50, M
|-mega|p1a: Swampert|Swampert|Swampertite
|move|p2a: Delphox|Protect|p2a: Delphox
|-singleturn|p2a: Delphox|Protect
|move|p1b: Vivillon|Sleep Powder|p2b: Drampa
|-status|p2b: Drampa|slp|[from] move: Sleep Powder
|move|p1a: Swampert|Wave Crash|p2a: Delphox
|-activate|p2a: Delphox|move: Protect
|cant|p2b: Drampa|slp
|
|upkeep
|turn|2
|
|t:|1786204270
|move|p2a: Delphox|Heat Wave|p1b: Vivillon|[spread] p1b
|-miss|p2a: Delphox|p1a: Swampert
|-supereffective|p1b: Vivillon|1
|-enditem|p1b: Vivillon|Focus Sash
|-damage|p1b: Vivillon|1/100
|move|p1b: Vivillon|Hurricane|p2b: Drampa
|-damage|p2b: Drampa|62/100 slp
|move|p1a: Swampert|Wave Crash|p2a: Delphox
|-supereffective|p2a: Delphox|1
|-damage|p2a: Delphox|0 fnt
|faint|p2a: Delphox
|-damage|p1a: Swampert|68/100|[from] Recoil
|cant|p2b: Drampa|slp
|
|upkeep
|
|t:|1786204292
|switch|p2a: Sneasler|Sneasler, L50, M|100/100
|turn|3
|
|t:|1786204308
|-curestatus|p2b: Drampa|slp|[msg]
|move|p2b: Drampa|Helping Hand|p2a: Sneasler
|-singleturn|p2a: Sneasler|Helping Hand|[of] p2b: Drampa
|move|p1b: Vivillon|Rage Powder|p1b: Vivillon
|-singleturn|p1b: Vivillon|move: Rage Powder
|move|p2a: Sneasler|Close Combat|p1b: Vivillon
|-resisted|p1b: Vivillon|2
|-damage|p1b: Vivillon|0 fnt
|-unboost|p2a: Sneasler|def|1
|-unboost|p2a: Sneasler|spd|1
|faint|p1b: Vivillon
|move|p1a: Swampert|Earthquake|p2a: Sneasler|[spread] p2a,p2b
|-supereffective|p2a: Sneasler|1
|-enditem|p2a: Sneasler|Focus Sash
|-damage|p2a: Sneasler|1/100
|-damage|p2b: Drampa|17/100
|
|upkeep
|
|t:|1786204330
|switch|p1b: Politoed|Politoed, L50, F|100/100
|-weather|RainDance|[from] ability: Drizzle|[of] p1b: Politoed
|turn|4
|inactive|alexanderbr039 has 30 seconds left.
|inactive|mb gang has 30 seconds left.
|inactive|alexanderbr039 has 20 seconds left.
|inactive|alexanderbr039 has 15 seconds left.
|inactive|alexanderbr039 has 10 seconds left.
|
|t:|1786204375
|move|p2b: Drampa|Helping Hand|p2a: Sneasler
|-singleturn|p2a: Sneasler|Helping Hand|[of] p2b: Drampa
|move|p1a: Swampert|Protect|p1a: Swampert
|-singleturn|p1a: Swampert|Protect
|move|p2a: Sneasler|Close Combat|p1a: Swampert
|-activate|p1a: Swampert|move: Protect
|move|p1b: Politoed|Weather Ball|p2a: Sneasler
|-damage|p2a: Sneasler|0 fnt
|faint|p2a: Sneasler
|
|-weather|RainDance|[upkeep]
|upkeep
|
|t:|1786204380
|switch|p2a: Kingambit|Kingambit, L50, M|100/100
|turn|5
|
|t:|1786204395
|move|p2b: Drampa|Helping Hand|p2a: Kingambit
|-singleturn|p2a: Kingambit|Helping Hand|[of] p2b: Drampa
|move|p1a: Swampert|Ice Punch|p2b: Drampa
|-supereffective|p2b: Drampa|1
|-damage|p2b: Drampa|0 fnt
|faint|p2b: Drampa
|move|p1b: Politoed|Perish Song|p1b: Politoed
|-start|p1a: Swampert|perish3|[silent]
|-start|p1b: Politoed|perish3|[silent]
|-start|p2a: Kingambit|perish3|[silent]
|-fieldactivate|move: Perish Song
|move|p2a: Kingambit|Kowtow Cleave|p1b: Politoed
|-damage|p1b: Politoed|18/100
|-enditem|p1b: Politoed|Sitrus Berry|[eat]
|-heal|p1b: Politoed|43/100|[from] item: Sitrus Berry
|
|-weather|RainDance|[upkeep]
|-start|p1a: Swampert|perish3
|-start|p1b: Politoed|perish3
|-start|p2a: Kingambit|perish3
|upkeep
|turn|6
|
|t:|1786204415
|move|p1a: Swampert|Protect|p1a: Swampert
|-singleturn|p1a: Swampert|Protect
|move|p1b: Politoed|Protect|p1b: Politoed
|-singleturn|p1b: Politoed|Protect
|move|p2a: Kingambit|Kowtow Cleave|p1a: Swampert
|-activate|p1a: Swampert|move: Protect
|
|-weather|RainDance|[upkeep]
|-start|p1a: Swampert|perish2
|-start|p1b: Politoed|perish2
|-start|p2a: Kingambit|perish2
|upkeep
|turn|7
|-message|mb gang forfeited.
|
|win|alexanderbr039
|raw|alexanderbr039's rating: 1302 → 1329(+27 for winning)
|raw|mb gang's rating: 1435 → 1408(-27 for losing)
