|j|☆fumomarlboro
|j|☆bigmannikko
|html|fumomarlborobigmannikko    
|uhtml|bestof|Game 1 of a best-of-3
|t:|1757780641
|gametype|doubles
|player|p1|fumomarlboro|swimmerf-gen4|1264
|player|p2|bigmannikko|265|1186
|gen|9
|tier|[Gen 9] VGC 2025 Reg H (Bo3)
|rated|
|rule|Species Clause: Limit one of each Pokémon
|rule|Item Clause: Limit 1 of each item
|clearpoke
|poke|p1|Tauros-Paldea-Aqua, L50, M|
|poke|p1|Gholdengo, L50|
|poke|p1|Sinistcha, L50|
|poke|p1|Pelipper, L50, M|
|poke|p1|Dragonite, L50, M|
|poke|p1|Archaludon, L50, M|
|poke|p2|Drifblim, L50, M|
|poke|p2|Indeedee, L50, M|
|poke|p2|Archaludon, L50, M|
|poke|p2|Volcarona, L50, M|
|poke|p2|Sneasler, L50, F|
|poke|p2|Electabuzz, L50, M|
|teampreview|4
|showteam|p1|Tauros-Paldea-Aqua||MirrorHerb|Intimidate|WaveCrash,CloseCombat,AquaJet,Protect|||M|||50|,,,,,Grass]Gholdengo||ChoiceScarf|GoodasGold|MakeItRain,ShadowBall,Trick,Protect||||||50|,,,,,Fairy]Sinistcha||SitrusBerry|Hospitality|MatchaGotcha,LifeDew,RagePowder,TrickRoom||||||50|,,,,,Dark]Pelipper||FocusSash|Drizzle|MuddyWater,Hurricane,Tailwind,Protect|||M|||50|,,,,,Ghost]Dragonite||LoadedDice|Multiscale|ScaleShot,Tailwind,Haze,Protect|||M|||50|,,,,,Fairy]Archaludon||AssaultVest|Stamina|DragonPulse,BodyPress,ElectroShot,Snarl|||M|||50|,,,,,Grass
|showteam|p2|Drifblim||PsychicSeed|Unburden|Tailwind,WillOWisp,ShadowBall,StrengthSap|||M|||50|,,,,,Dark]Indeedee||LifeOrb|PsychicSurge|ExpandingForce,TrickRoom,Protect,TeraBlast|||M|||50|,,,,,Fighting]Archaludon||PowerHerb|Sturdy|ElectroShot,DragonPulse,Protect,FlashCannon|||M|||50|,,,,,Ghost]Volcarona||CovertCloak|FlameBody|QuiverDance,HeatWave,TeraBlast,Protect|||M|||50|,,,,,Fairy]Sneasler||FocusSash|Unburden|DireClaw,CloseCombat,Protect,ThroatChop|||F|||50|,,,,,Ghost]Electabuzz||Eviolite|VitalSpirit|FollowMe,Taunt,Protect,Thunderbolt|||M|||50|,,,,,Grass
|
|t:|1757780668
|teamsize|p1|4
|teamsize|p2|4
|start
|switch|p1a: Gholdengo|Gholdengo, L50|100/100
|switch|p1b: Dragonite|Dragonite, L50, M|100/100
|switch|p2a: Martyr|Electabuzz, L50, M|100/100
|switch|p2b: Mothra|Volcarona, L50, M|100/100
|turn|1
|
|t:|1757780706
|switch|p1a: Pelipper|Pelipper, L50, M|100/100
|-weather|RainDance|[from] ability: Drizzle|[of] p1a: Pelipper
|move|p2a: Martyr|Follow Me|p2a: Martyr
|-singleturn|p2a: Martyr|move: Follow Me
|move|p2b: Mothra|Quiver Dance|p2b: Mothra
|-boost|p2b: Mothra|spa|1
|-boost|p2b: Mothra|spd|1
|-boost|p2b: Mothra|spe|1
|move|p1b: Dragonite|Scale Shot|p2a: Martyr
|-damage|p2a: Martyr|88/100
|-damage|p2a: Martyr|75/100
|-damage|p2a: Martyr|62/100
|-damage|p2a: Martyr|48/100
|-damage|p2a: Martyr|34/100
|-hitcount|p2a: Martyr|5
|-unboost|p1b: Dragonite|def|1
|-boost|p1b: Dragonite|spe|1
|
|-weather|RainDance|[upkeep]
|upkeep
|turn|2
|
|t:|1757780749
|-terastallize|p2b: Mothra|Fairy
|-terastallize|p1b: Dragonite|Fairy
|move|p2b: Mothra|Heat Wave|p1b: Dragonite|[spread] p1a,p1b
|-resisted|p1a: Pelipper
|-damage|p1a: Pelipper|76/100
|-damage|p1b: Dragonite|86/100
|move|p1b: Dragonite|Scale Shot|p2a: Martyr
|-damage|p2a: Martyr|21/100
|-damage|p2a: Martyr|9/100
|-damage|p2a: Martyr|0 fnt
|faint|p2a: Martyr
|-hitcount|p2: Martyr|3
|-unboost|p1b: Dragonite|def|1
|-boost|p1b: Dragonite|spe|1
|move|p1a: Pelipper|Hurricane|p2b: Mothra
|-damage|p2b: Mothra|71/100
|
|-weather|RainDance|[upkeep]
|upkeep
|
|t:|1757780763
|switch|p2a: Cheater|Sneasler, L50, F|100/100
|turn|3
|
|t:|1757780789
|switch|p1a: Gholdengo|Gholdengo, L50|100/100
|move|p1b: Dragonite|Haze|p1b: Dragonite
|-clearallboost
|move|p2a: Cheater|Dire Claw|p1b: Dragonite
|-supereffective|p1b: Dragonite
|-damage|p1b: Dragonite|0 fnt
|faint|p1b: Dragonite
|move|p2b: Mothra|Quiver Dance|p2b: Mothra
|-boost|p2b: Mothra|spa|1
|-boost|p2b: Mothra|spd|1
|-boost|p2b: Mothra|spe|1
|
|-weather|RainDance|[upkeep]
|upkeep
|
|t:|1757780802
|switch|p1b: Pelipper|Pelipper, L50, M|76/100
|turn|4
|l|☆bigmannikko
|player|p2|
|j|☆bigmannikko
|player|p2|bigmannikko|265|
|
|t:|1757780866
|switch|p1a: Archaludon|Archaludon, L50, M|100/100
|move|p2b: Mothra|Heat Wave|p1b: Pelipper|[spread] p1b
|-miss|p2b: Mothra|p1a: Archaludon
|-resisted|p1b: Pelipper
|-damage|p1b: Pelipper|53/100
|move|p2a: Cheater|Throat Chop|p1a: Archaludon
|-damage|p1a: Archaludon|81/100
|-start|p1a: Archaludon|Throat Chop|[silent]
|-ability|p1a: Archaludon|Stamina|boost
|-boost|p1a: Archaludon|def|1
|move|p1b: Pelipper|Tailwind|p1b: Pelipper
|-sidestart|p1: fumomarlboro|move: Tailwind
|
|-weather|RainDance|[upkeep]
|upkeep
|turn|5
|inactive|Battle timer is ON: inactive players will automatically lose when time's up. (requested by bigmannikko)
|
|t:|1757780911
|switch|p1b: Gholdengo|Gholdengo, L50|100/100
|move|p2b: Mothra|Protect|p2b: Mothra
|-singleturn|p2b: Mothra|Protect
|move|p2a: Cheater|Protect|p2a: Cheater
|-singleturn|p2a: Cheater|Protect
|move|p1a: Archaludon|Electro Shot||[still]
|-prepare|p1a: Archaludon|Electro Shot
|-boost|p1a: Archaludon|spa|1
|-anim|p1a: Archaludon|Electro Shot|p2a: Cheater
|-activate|p2a: Cheater|move: Protect
|
|-weather|none
|-end|p1a: Archaludon|Throat Chop|[silent]
|upkeep
|turn|6
|inactive|fumomarlboro has 30 seconds left.
|inactive|bigmannikko has 30 seconds left.
|inactive|fumomarlboro has 20 seconds left.
|inactive|fumomarlboro has 15 seconds left.
|inactive|fumomarlboro has 10 seconds left.
|inactive|fumomarlboro has 5 seconds left.
|
|t:|1757780966
|switch|p1b: Pelipper|Pelipper, L50, M|53/100
|-weather|RainDance|[from] ability: Drizzle|[of] p1b: Pelipper
|move|p1a: Archaludon|Electro Shot||[still]
|-prepare|p1a: Archaludon|Electro Shot
|-boost|p1a: Archaludon|spa|1
|-anim|p1a: Archaludon|Electro Shot|p2a: Cheater
|-enditem|p2a: Cheater|Focus Sash
|-damage|p2a: Cheater|1/100
|move|p2a: Cheater|Throat Chop|p1b: Pelipper
|-damage|p1b: Pelipper|10/100
|-start|p1b: Pelipper|Throat Chop|[silent]
|move|p2b: Mothra|Heat Wave|p1a: Archaludon|[spread] p1a,p1b
|-resisted|p1b: Pelipper
|-damage|p1a: Archaludon|64/100
|-damage|p1b: Pelipper|0 fnt
|-ability|p1a: Archaludon|Stamina|boost
|-boost|p1a: Archaludon|def|1
|faint|p1b: Pelipper
|
|-weather|RainDance|[upkeep]
|upkeep
|
|t:|1757780979
|switch|p1b: Gholdengo|Gholdengo, L50|100/100
|turn|7
|
|t:|1757780997
|move|p2a: Cheater|Protect|p2a: Cheater
|-singleturn|p2a: Cheater|Protect
|move|p2b: Mothra|Protect|p2b: Mothra
|-singleturn|p2b: Mothra|Protect
|move|p1b: Gholdengo|Make It Rain|p2b: Mothra|[spread] 
|-activate|p2a: Cheater|move: Protect
|-activate|p2b: Mothra|move: Protect
|move|p1a: Archaludon|Electro Shot||[still]
|-prepare|p1a: Archaludon|Electro Shot
|-boost|p1a: Archaludon|spa|1
|-anim|p1a: Archaludon|Electro Shot|p2b: Mothra
|-activate|p2b: Mothra|move: Protect
|
|-weather|RainDance|[upkeep]
|-sideend|p1: fumomarlboro|move: Tailwind
|upkeep
|turn|8
|
|t:|1757781012
|move|p2a: Cheater|Close Combat|p1a: Archaludon
|-supereffective|p1a: Archaludon
|-damage|p1a: Archaludon|15/100
|-unboost|p2a: Cheater|def|1
|-unboost|p2a: Cheater|spd|1
|-ability|p1a: Archaludon|Stamina|boost
|-boost|p1a: Archaludon|def|1
|move|p1b: Gholdengo|Make It Rain|p2a: Cheater|[spread] p2a,p2b
|-supereffective|p2b: Mothra
|-crit|p2b: Mothra
|-damage|p2a: Cheater|0 fnt
|-damage|p2b: Mothra|0 fnt
|-unboost|p1b: Gholdengo|spa|1
|faint|p2a: Cheater
|faint|p2b: Mothra
|move|p1a: Archaludon|Electro Shot||[still]
|-prepare|p1a: Archaludon|Electro Shot
|-boost|p1a: Archaludon|spa|1
|-anim|p1a: Archaludon|Electro Shot|p2: Cheater|[notarget]
|-fail|p1a: Archaludon
|
|-weather|RainDance|[upkeep]
|upkeep
|
|t:|1757781023
|switch|p2b: AC/DC|Archaludon, L50, M|100/100
|turn|9
|
|t:|1757781042
|move|p1b: Gholdengo|Make It Rain|p2b: AC/DC
|-resisted|p2b: AC/DC
|-damage|p2b: AC/DC|64/100
|-unboost|p1b: Gholdengo|spa|1
|move|p2b: AC/DC|Dragon Pulse|p1a: Archaludon
|-damage|p1a: Archaludon|0 fnt
|faint|p1a: Archaludon
|
|-weather|RainDance|[upkeep]
|upkeep
|turn|10
|
|t:|1757781050
|move|p1b: Gholdengo|Make It Rain|p2b: AC/DC
|-resisted|p2b: AC/DC
|-damage|p2b: AC/DC|36/100
|-unboost|p1b: Gholdengo|spa|1
|move|p2b: AC/DC|Electro Shot||[still]
|-prepare|p2b: AC/DC|Electro Shot
|-boost|p2b: AC/DC|spa|1
|-anim|p2b: AC/DC|Electro Shot|p1b: Gholdengo
|-damage|p1b: Gholdengo|27/100
|
|-weather|none
|upkeep
|turn|11
|
|t:|1757781065
|move|p1b: Gholdengo|Make It Rain|p2b: AC/DC
|-resisted|p2b: AC/DC
|-damage|p2b: AC/DC|16/100
|-unboost|p1b: Gholdengo|spa|1
|move|p2b: AC/DC|Dragon Pulse|p1b: Gholdengo
|-resisted|p1b: Gholdengo
|-damage|p1b: Gholdengo|0 fnt
|faint|p1b: Gholdengo
|
|win|bigmannikko
||fumomarlboro is ready for game 2.
||fumomarlboro is ready for game 2.
||bigmannikko is ready for game 2.
|uhtml|next|Next: Game 2 of 3
