|j|☆TalonMasterJ
|j|☆Seris03
|html|TalonMasterJSeris03    
|uhtml|bestof|Game 1 of a best-of-3
|t:|1756342241
|gametype|doubles
|player|p1|TalonMasterJ|steven|1133
|player|p2|Seris03|serena|1051
|gen|9
|tier|[Gen 9] VGC 2025 Reg H (Bo3)
|rated|
|rule|Species Clause: Limit one of each Pokémon
|rule|Item Clause: Limit 1 of each item
|clearpoke
|poke|p1|Incineroar, L50, M|
|poke|p1|Dragonite, L50, M|
|poke|p1|Porygon2, L50|
|poke|p1|Ursaluna-Bloodmoon, L50, M|
|poke|p1|Ninetales-Alola, L50, F|
|poke|p1|Annihilape, L50, M|
|poke|p2|Dragonite, L50, M|
|poke|p2|Sneasler, L50, F|
|poke|p2|Electabuzz, L50, M|
|poke|p2|Rillaboom, L50, M|
|poke|p2|Volcarona, L50, M|
|poke|p2|Kingambit, L50, M|
|teampreview|4
|showteam|p1|Incineroar||ChopleBerry|Intimidate|FlareBlitz,KnockOff,FakeOut,PartingShot|||M|||50|,,,,,Grass]Dragonite||LoadedDice|Multiscale|ScaleShot,Tailwind,Haze,Protect|||M|||50|,,,,,Steel]Porygon2||Eviolite|Download|TeraBlast,IceBeam,Recover,TrickRoom||||||50|,,,,,Fighting]Ursaluna-Bloodmoon||AssaultVest|MindsEye|HyperVoice,BloodMoon,VacuumWave,EarthPower|||M|||50|,,,,,Water]Ninetales-Alola||LightClay|SnowWarning|IcicleSpear,Encore,IcyWind,AuroraVeil|||F|||50|,,,,,Ghost]Annihilape||SafetyGoggles|Defiant|DrainPunch,RageFist,BulkUp,Protect|||M|||50|,,,,,Fire
|showteam|p2|Dragonite||LoadedDice|Multiscale|ScaleShot,ExtremeSpeed,Haze,Protect|||M|||50|,,,,,Fairy]Sneasler||FocusSash|Unburden|DireClaw,CloseCombat,FakeOut,Coaching|||F|||50|,,,,,Ghost]Electabuzz||Eviolite|VitalSpirit|Electroweb,FollowMe,Taunt,Protect|||M|||50|,,,,,Ghost]Rillaboom||AssaultVest|GrassySurge|WoodHammer,GrassyGlide,FakeOut,Uturn|||M|||50|,,,,,Fire]Volcarona||GrassySeed|FlameBody|HeatWave,TeraBlast,QuiverDance,Protect|||M|||50|,,,,,Fairy]Kingambit||BlackGlasses|Defiant|KowtowCleave,SuckerPunch,SwordsDance,Protect|||M|||50|,,,,,Fire
|c|☆Seris03|glhf
|c|☆TalonMasterJ|glhf
|c|☆TalonMasterJ|After our match, I got somethin I wanna inform ya of if you possibly are interested with your team
|c|☆Seris03|sure
|
|t:|1756342389
|teamsize|p1|4
|teamsize|p2|4
|start
|switch|p1a: Ninetales|Ninetales-Alola, L50, F|100/100
|switch|p1b: Annihilape|Annihilape, L50, M|100/100
|switch|p2a: Sneasler|Sneasler, L50, F|100/100
|switch|p2b: Volcarona|Volcarona, L50, M|100/100
|-weather|Snowscape|[from] ability: Snow Warning|[of] p1a: Ninetales
|turn|1
|
|t:|1756342420
|-terastallize|p1a: Ninetales|Ghost
|move|p2a: Sneasler|Dire Claw|p1a: Ninetales
|-resisted|p1a: Ninetales
|-damage|p1a: Ninetales|76/100
|-status|p1a: Ninetales|psn
|move|p1a: Ninetales|Aurora Veil|p1a: Ninetales
|-sidestart|p1: TalonMasterJ|move: Aurora Veil
|move|p1b: Annihilape|Bulk Up|p1b: Annihilape
|-boost|p1b: Annihilape|atk|1
|-boost|p1b: Annihilape|def|1
|move|p2b: Volcarona|Quiver Dance|p2b: Volcarona
|-boost|p2b: Volcarona|spa|1
|-boost|p2b: Volcarona|spd|1
|-boost|p2b: Volcarona|spe|1
|
|-weather|Snowscape|[upkeep]
|-damage|p1a: Ninetales|63/100 psn|[from] psn
|upkeep
|turn|2
|
|t:|1756342450
|move|p1b: Annihilape|Protect|p1b: Annihilape
|-singleturn|p1b: Annihilape|Protect
|move|p2b: Volcarona|Quiver Dance|p2b: Volcarona
|-boost|p2b: Volcarona|spa|1
|-boost|p2b: Volcarona|spd|1
|-boost|p2b: Volcarona|spe|1
|move|p2a: Sneasler|Coaching|p2b: Volcarona
|-boost|p2b: Volcarona|atk|1
|-boost|p2b: Volcarona|def|1
|move|p1a: Ninetales|Icy Wind|p2b: Volcarona|[spread] p2a,p2b
|-resisted|p2b: Volcarona
|-damage|p2a: Sneasler|85/100
|-damage|p2b: Volcarona|98/100
|-unboost|p2a: Sneasler|spe|1
|-unboost|p2b: Volcarona|spe|1
|
|-weather|Snowscape|[upkeep]
|-damage|p1a: Ninetales|51/100 psn|[from] psn
|upkeep
|turn|3
|
|t:|1756342471
|switch|p2a: Rillaboom|Rillaboom, L50, M|100/100
|-fieldstart|move: Grassy Terrain|[from] ability: Grassy Surge|[of] p2a: Rillaboom
|-enditem|p2b: Volcarona|Grassy Seed
|-boost|p2b: Volcarona|def|1|[from] item: Grassy Seed
|move|p2b: Volcarona|Heat Wave|p1a: Ninetales|[spread] p1a,p1b
|-damage|p1a: Ninetales|0 fnt
|-damage|p1b: Annihilape|58/100
|faint|p1a: Ninetales
|move|p1b: Annihilape|Rage Fist|p2b: Volcarona
|-damage|p2b: Volcarona|61/100
|-status|p1b: Annihilape|brn|[from] ability: Flame Body|[of] p2b: Volcarona
|
|-weather|Snowscape|[upkeep]
|-heal|p2b: Volcarona|68/100|[from] Grassy Terrain
|-heal|p1b: Annihilape|64/100 brn|[from] Grassy Terrain
|-damage|p1b: Annihilape|58/100 brn|[from] brn
|upkeep
|
|t:|1756342480
|switch|p1a: Incineroar|Incineroar, L50, M|100/100
|-ability|p1a: Incineroar|Intimidate|boost
|-unboost|p2a: Rillaboom|atk|1
|-unboost|p2b: Volcarona|atk|1
|turn|4
|
|t:|1756342500
|move|p2a: Rillaboom|Fake Out|p1a: Incineroar
|-damage|p1a: Incineroar|94/100
|move|p2b: Volcarona|Heat Wave|p1a: Incineroar|[spread] p1a,p1b
|-resisted|p1a: Incineroar
|-damage|p1a: Incineroar|72/100
|-damage|p1b: Annihilape|10/100 brn
|move|p1b: Annihilape|Bulk Up|p1b: Annihilape
|-boost|p1b: Annihilape|atk|1
|-boost|p1b: Annihilape|def|1
|cant|p1a: Incineroar|flinch
|
|-weather|Snowscape|[upkeep]
|-heal|p2b: Volcarona|74/100|[from] Grassy Terrain
|-heal|p1b: Annihilape|16/100 brn|[from] Grassy Terrain
|-heal|p1a: Incineroar|79/100|[from] Grassy Terrain
|-damage|p1b: Annihilape|10/100 brn|[from] brn
|upkeep
|turn|5
|
|t:|1756342519
|move|p2a: Rillaboom|Grassy Glide|p1b: Annihilape
|-damage|p1b: Annihilape|0 fnt
|faint|p1b: Annihilape
|move|p2b: Volcarona|Tera Blast|p1a: Incineroar
|-damage|p1a: Incineroar|41/100
|move|p1a: Incineroar|Flare Blitz|p2b: Volcarona
|-damage|p2b: Volcarona|44/100
|-damage|p1a: Incineroar|32/100|[from] Recoil
|
|-weather|none
|-heal|p2b: Volcarona|50/100|[from] Grassy Terrain
|-heal|p1a: Incineroar|38/100|[from] Grassy Terrain
|upkeep
|
|t:|1756342522
|switch|p1b: Ursaluna|Ursaluna-Bloodmoon, L50, M|100/100
|turn|6
|
|t:|1756342552
|move|p2b: Volcarona|Heat Wave|p1a: Incineroar|[spread] 
|-miss|p2b: Volcarona|p1a: Incineroar
|-miss|p2b: Volcarona|p1b: Ursaluna
|move|p2a: Rillaboom|Wood Hammer|p1b: Ursaluna
|-supereffective|p1b: Ursaluna
|-damage|p1b: Ursaluna|47/100
|-damage|p2a: Rillaboom|83/100|[from] Recoil
|move|p1a: Incineroar|Flare Blitz|p2b: Volcarona
|-damage|p2b: Volcarona|20/100
|-damage|p1a: Incineroar|28/100|[from] Recoil
|move|p1b: Ursaluna|Blood Moon|p2b: Volcarona
|-damage|p2b: Volcarona|0 fnt
|faint|p2b: Volcarona
|
|-heal|p2a: Rillaboom|88/100|[from] Grassy Terrain
|-heal|p1a: Incineroar|34/100|[from] Grassy Terrain
|-heal|p1b: Ursaluna|53/100|[from] Grassy Terrain
|upkeep
|
|t:|1756342569
|switch|p2b: Sneasler|Sneasler, L50, F|85/100
|turn|7
|
|t:|1756342576
|move|p2b: Sneasler|Dire Claw|p1a: Incineroar
|-damage|p1a: Incineroar|6/100
|move|p2a: Rillaboom|Wood Hammer|p1b: Ursaluna
|-supereffective|p1b: Ursaluna
|-damage|p1b: Ursaluna|0 fnt
|faint|p1b: Ursaluna
|-damage|p2a: Rillaboom|71/100|[from] Recoil
|move|p1a: Incineroar|Flare Blitz|p2a: Rillaboom
|-supereffective|p2a: Rillaboom
|-damage|p2a: Rillaboom|0 fnt
|faint|p2a: Rillaboom
|-damage|p1a: Incineroar|0 fnt|[from] Recoil
|faint|p1a: Incineroar
|
|win|Seris03
||TalonMasterJ is ready for game 2.
|inactive|Seris03 has 30 seconds to confirm battle start!
||Seris03 is ready for game 2.
|uhtml|next|Next: Game 2 of 3
|l|☆Seris03
|player|p2|
