|j|☆VOQJKk
|j|☆pekkleduck
|html|VOQJKkpekkleduck    
|uhtml|bestof|Game 2 of a best-of-3
|t:|1785616350
|gametype|doubles
|player|p1|VOQJKk|steven|1132
|player|p2|pekkleduck|170|1000
|gen|9
|tier|[Gen 9 Champions] VGC 2026 Reg M-B (Bo3)
|rated|
|rule|Species Clause: Limit one of each Pokémon
|rule|Item Clause: Limit 1 of each item
|clearpoke
|poke|p1|Basculegion, L50, M|
|poke|p1|Charizard, L50, M|
|poke|p1|Kingambit, L50, F|
|poke|p1|Garchomp, L50, M|
|poke|p1|Whimsicott, L50, M|
|poke|p1|Floette-Eternal, L50, F|
|poke|p2|Floette-Eternal, L50, F|
|poke|p2|Kingambit, L50, M|
|poke|p2|Gholdengo, L50|
|poke|p2|Garchomp, L50, F|
|poke|p2|Farigiraf, L50, F|
|poke|p2|Sinistcha-Masterpiece, L50|
|teampreview|4
|showteam|p1|Basculegion||MysticWater|Adaptability|WaveCrash,LastRespects,AquaJet,Protect|Adamant||M|||50|]Charizard||CharizarditeY|Blaze|HeatWave,WeatherBall,SolarBeam,Protect|Modest||M|||50|]Kingambit||BlackGlasses|Defiant|KowtowCleave,SuckerPunch,IronHead,Protect|Adamant||F|||50|]Garchomp||LifeOrb|RoughSkin|Earthquake,RockSlide,DragonClaw,Protect|Jolly||M|||50|]Whimsicott||FocusSash|Prankster|Moonblast,SunnyDay,Tailwind,Encore|Timid||M|||50|]Floette-Eternal||Floettite|FlowerVeil|DazzlingGleam,Moonblast,LightofRuin,Protect|Modest||F|||50|
|showteam|p2|Floette-Eternal||Floettite|FlowerVeil|LightofRuin,Moonblast,DazzlingGleam,Protect|Timid||F|||50|]Kingambit||BlackGlasses|Defiant|KowtowCleave,SuckerPunch,LowKick,Protect|Brave||M|||50|]Gholdengo||MetalCoat|GoodasGold|MakeItRain,ShadowBall,NastyPlot,Protect|Modest|||||50|]Garchomp||LifeOrb|RoughSkin|RockSlide,DragonClaw,StompingTantrum,Protect|Jolly||F|||50|]Farigiraf||SitrusBerry|ArmorTail|FoulPlay,Psychic,TrickRoom,Protect|Modest||F|||50|]Sinistcha-Masterpiece||ColburBerry|Hospitality|MatchaGotcha,ShadowBall,RagePowder,TrickRoom|Modest|||||50|
|inactive|Battle timer is ON: inactive players will automatically lose when time's up. (requested by pekkleduck)
|inactive|VOQJKk has 60 seconds left.
|
|t:|1785616404
|teamsize|p1|4
|teamsize|p2|4
|start
|switch|p1a: Kingambit|Kingambit, L50, F|100/100
|switch|p1b: Garchomp|Garchomp, L50, M|100/100
|switch|p2a: flowergirl|Floette-Eternal, L50, F|100/100
|switch|p2b: THE CHOMP|Garchomp, L50, F|100/100
|turn|1
|inactive|VOQJKk has 30 seconds left.
|
|t:|1785616434
|detailschange|p2a: flowergirl|Floette-Mega, L50, F
|-mega|p2a: flowergirl|Floette|Floettite
|-ability|p2a: flowergirl|Fairy Aura
|move|p1b: Garchomp|Protect|p1b: Garchomp
|-singleturn|p1b: Garchomp|Protect
|move|p2b: THE CHOMP|Protect|p2b: THE CHOMP
|-singleturn|p2b: THE CHOMP|Protect
|move|p2a: flowergirl|Light of Ruin|p1a: Kingambit
|-damage|p1a: Kingambit|0 fnt
|faint|p1a: Kingambit
|-damage|p2a: flowergirl|31/100|[from] Recoil
|
|upkeep
|
|t:|1785616446
|switch|p1a: Basculegion|Basculegion, L50, M|100/100
|turn|2
|
|t:|1785616454
|switch|p2b: Sinistcha|Sinistcha-Masterpiece, L50|100/100
|-heal|p2a: flowergirl|55/100|[from] ability: Hospitality|[of] p2b: Sinistcha
|move|p2a: flowergirl|Protect|p2a: flowergirl
|-singleturn|p2a: flowergirl|Protect
|move|p1a: Basculegion|Aqua Jet|p2a: flowergirl
|-activate|p2a: flowergirl|move: Protect
|move|p1b: Garchomp|Dragon Claw|p2b: Sinistcha
|-damage|p2b: Sinistcha|51/100
|-damage|p1b: Garchomp|90/100|[from] item: Life Orb
|
|upkeep
|turn|3
|inactive|VOQJKk has 30 seconds left.
|
|t:|1785616484
|move|p1b: Garchomp|Protect|p1b: Garchomp
|-singleturn|p1b: Garchomp|Protect
|move|p2a: flowergirl|Dazzling Gleam|p1b: Garchomp|[spread] p1a
|-activate|p1b: Garchomp|move: Protect
|-damage|p1a: Basculegion|44/100
|move|p1a: Basculegion|Last Respects|p2b: Sinistcha
|-supereffective|p2b: Sinistcha|1
|-damage|p2b: Sinistcha|0 fnt
|faint|p2b: Sinistcha
|
|upkeep
|
|t:|1785616492
|switch|p2b: THE CHOMP|Garchomp, L50, F|100/100
|turn|4
|
|t:|1785616514
|move|p1a: Basculegion|Aqua Jet|p2a: flowergirl
|-damage|p2a: flowergirl|13/100
|move|p2b: THE CHOMP|Dragon Claw|p1b: Garchomp
|-supereffective|p1b: Garchomp|1
|-damage|p1b: Garchomp|0 fnt
|-damage|p2b: THE CHOMP|87/100|[from] ability: Rough Skin|[of] p1b: Garchomp
|faint|p1b: Garchomp
|-damage|p2b: THE CHOMP|77/100|[from] item: Life Orb
|move|p2a: flowergirl|Dazzling Gleam|p1a: Basculegion
|-damage|p1a: Basculegion|0 fnt
|faint|p1a: Basculegion
|
|upkeep
|
|t:|1785616527
|switch|p1b: Charizard|Charizard, L50, M|100/100
|turn|5
|
|t:|1785616533
|detailschange|p1b: Charizard|Charizard-Mega-Y, L50, M
|-mega|p1b: Charizard|Charizard|Charizardite Y
|-weather|SunnyDay|[from] ability: Drought|[of] p1b: Charizard
|move|p2a: flowergirl|Light of Ruin|p1b: Charizard
|-resisted|p1b: Charizard|1
|-damage|p1b: Charizard|43/100
|-damage|p2a: flowergirl|0 fnt|[from] Recoil
|faint|p2a: flowergirl
|move|p2b: THE CHOMP|Rock Slide|p1b: Charizard|[miss]
|-miss|p2b: THE CHOMP|p1b: Charizard
|move|p1b: Charizard|Heat Wave|p2b: THE CHOMP
|-resisted|p2b: THE CHOMP|1
|-crit|p2b: THE CHOMP
|-damage|p2b: THE CHOMP|3/100
|
|-weather|SunnyDay|[upkeep]
|upkeep
|
|t:|1785616543
|switch|p2a: Cheese String|Gholdengo, L50|100/100
|turn|6
|
|t:|1785616551
|move|p2b: THE CHOMP|Rock Slide|p1b: Charizard|[miss]
|-miss|p2b: THE CHOMP|p1b: Charizard
|move|p1b: Charizard|Heat Wave|p2b: THE CHOMP|[spread] p2a,p2b
|-supereffective|p2a: Cheese String|1
|-resisted|p2b: THE CHOMP|1
|-damage|p2a: Cheese String|0 fnt
|-damage|p2b: THE CHOMP|0 fnt
|faint|p2a: Cheese String
|faint|p2b: THE CHOMP
|
|win|VOQJKk
