|j|☆Styxstarz
|j|☆tang de maracuja
|html|Styxstarztang de maracuja    
|uhtml|bestof|Game 2 of a best-of-3
|t:|1784601895
|gametype|doubles
|player|p1|Styxstarz|169|1142
|player|p2|tang de maracuja|morty|1205
|gen|9
|tier|[Gen 9 Champions] VGC 2026 Reg M-B (Bo3)
|rated|
|rule|Species Clause: Limit one of each Pokémon
|rule|Item Clause: Limit 1 of each item
|clearpoke
|poke|p1|Pelipper, L50, M|
|poke|p1|Farigiraf, L50, F|
|poke|p1|Raichu, L50, M|
|poke|p1|Sableye, L50, F|
|poke|p1|Archaludon, L50, F|
|poke|p1|Basculegion, L50, M|
|poke|p2|Gengar, L50, M|
|poke|p2|Archaludon, L50, M|
|poke|p2|Politoed, L50, F|
|poke|p2|Swampert, L50, M|
|poke|p2|Vivillon, L50, M|
|poke|p2|Incineroar, L50, F|
|teampreview|4
|showteam|p1|Pelipper||DampRock|Drizzle|Hurricane,WeatherBall,IceBeam,WideGuard|Modest||M|||50|]Farigiraf||SitrusBerry|SapSipper|Imprison,TrickRoom,HyperVoice,AllySwitch|Modest||F|||50|]Raichu||RaichuniteY|LightningRod|ZapCannon,FocusBlast,Surf,Protect|Timid||M|||50|]Sableye||LightClay|Prankster|RainDance,LightScreen,WillOWisp,Encore|Impish||F|||50|]Archaludon||Leftovers|Stamina|ElectroShot,DragonPulse,FlashCannon,Protect|Modest||F|||50|]Basculegion||LifeOrb|SwiftSwim|WaveCrash,AquaJet,LastRespects,Protect|Adamant||M|||50|
|showteam|p2|Gengar||Gengarite|CursedBody|ShadowBall,SludgeBomb,PerishSong,Protect|Modest||M|||50|]Archaludon||Leftovers|Stamina|ElectroShot,DragonPulse,FlashCannon,Protect|Bold||M|||50|]Politoed||SitrusBerry|Drizzle|WeatherBall,Hypnosis,PerishSong,Protect|Calm||F|||50|]Swampert||Swampertite|Torrent|WaveCrash,Earthquake,IcePunch,Protect|Adamant||M|||50|]Vivillon||FocusSash|CompoundEyes|Hurricane,SleepPowder,RagePowder,Protect|Timid||M|||50|]Incineroar||PasshoBerry|Intimidate|ThroatChop,FakeOut,PartingShot,Protect|Impish||F|||50|
|inactive|Battle timer is ON: inactive players will automatically lose when time's up. (requested by tang de maracuja)
|inactive|Styxstarz has 60 seconds left.
|
|t:|1784601939
|teamsize|p1|4
|teamsize|p2|4
|start
|switch|p1a: Pelipper|Pelipper, L50, M|100/100
|switch|p1b: Raichu|Raichu, L50, M|100/100
|switch|p2a: Gengar|Gengar, L50, M|100/100
|switch|p2b: Vivillon|Vivillon, L50, M|100/100
|-weather|RainDance|[from] ability: Drizzle|[of] p1a: Pelipper
|turn|1
|inactive|Styxstarz has 30 seconds left.
|inactive|Styxstarz has 20 seconds left.
|
|t:|1784601976
|detailschange|p1b: Raichu|Raichu-Mega-Y, L50, M
|-mega|p1b: Raichu|Raichu|Raichunite Y
|detailschange|p2a: Gengar|Gengar-Mega, L50, M
|-mega|p2a: Gengar|Gengar|Gengarite
|move|p2b: Vivillon|Protect|p2b: Vivillon
|-singleturn|p2b: Vivillon|Protect
|move|p1b: Raichu|Zap Cannon|p2b: Vivillon
|-activate|p2b: Vivillon|move: Protect
|move|p2a: Gengar|Perish Song|p2a: Gengar
|-start|p1a: Pelipper|perish3|[silent]
|-start|p1b: Raichu|perish3|[silent]
|-start|p2a: Gengar|perish3|[silent]
|-start|p2b: Vivillon|perish3|[silent]
|-fieldactivate|move: Perish Song
|move|p1a: Pelipper|Weather Ball|p2b: Vivillon
|-activate|p2b: Vivillon|move: Protect
|
|-weather|RainDance|[upkeep]
|-start|p1b: Raichu|perish3
|-start|p2a: Gengar|perish3
|-start|p2b: Vivillon|perish3
|-start|p1a: Pelipper|perish3
|upkeep
|turn|2
|inactive|tang de maracuja has 30 seconds left.
|inactive|tang de maracuja has 20 seconds left.
|inactive|tang de maracuja has 15 seconds left.
|
|t:|1784602020
|switch|p2b: Incineroar|Incineroar, L50, F|100/100
|-ability|p2b: Incineroar|Intimidate|boost
|-unboost|p1a: Pelipper|atk|1
|-unboost|p1b: Raichu|atk|1
|move|p1b: Raichu|Zap Cannon|p2b: Incineroar
|-damage|p2b: Incineroar|43/100
|-status|p2b: Incineroar|par
|move|p2a: Gengar|Sludge Bomb|p1a: Pelipper
|-damage|p1a: Pelipper|25/100
|-status|p1a: Pelipper|psn
|move|p1a: Pelipper|Weather Ball|p2b: Incineroar
|-supereffective|p2b: Incineroar|1
|-enditem|p2b: Incineroar|Passho Berry|[eat]
|-enditem|p2b: Incineroar|Passho Berry|[weaken]
|-damage|p2b: Incineroar|0 fnt
|faint|p2b: Incineroar
|
|-weather|RainDance|[upkeep]
|-damage|p1a: Pelipper|13/100 psn|[from] psn
|-start|p1b: Raichu|perish2
|-start|p2a: Gengar|perish2
|-start|p1a: Pelipper|perish2
|upkeep
|
|t:|1784602035
|switch|p2b: Vivillon|Vivillon, L50, M|100/100
|turn|3
|inactive|Styxstarz has 30 seconds left.
|
|t:|1784602061
|move|p2a: Gengar|Protect|p2a: Gengar
|-singleturn|p2a: Gengar|Protect
|move|p2b: Vivillon|Protect|p2b: Vivillon
|-singleturn|p2b: Vivillon|Protect
|move|p1b: Raichu|Zap Cannon|p2b: Vivillon
|-activate|p2b: Vivillon|move: Protect
|move|p1a: Pelipper|Weather Ball|p2a: Gengar
|-activate|p2a: Gengar|move: Protect
|
|-weather|RainDance|[upkeep]
|-damage|p1a: Pelipper|1/100 psn|[from] psn
|-start|p1b: Raichu|perish1
|-start|p2a: Gengar|perish1
|-start|p1a: Pelipper|perish1
|upkeep
|turn|4
|
|t:|1784602075
|switch|p2a: Politoed|Politoed, L50, F|100/100
|move|p2b: Vivillon|Rage Powder|p2b: Vivillon
|-singleturn|p2b: Vivillon|move: Rage Powder
|move|p1b: Raichu|Zap Cannon|p2b: Vivillon
|-supereffective|p2b: Vivillon|1
|-enditem|p2b: Vivillon|Focus Sash
|-damage|p2b: Vivillon|1/100
|-status|p2b: Vivillon|par
|move|p1a: Pelipper|Weather Ball|p2b: Vivillon
|-damage|p2b: Vivillon|0 fnt
|faint|p2b: Vivillon
|
|-weather|RainDance|[upkeep]
|-damage|p1a: Pelipper|0 fnt|[from] psn
|faint|p1a: Pelipper
|-start|p1b: Raichu|perish0
|upkeep
|faint|p1b: Raichu
|
|t:|1784602082
|switch|p1b: Basculegion|Basculegion, L50, M|100/100
|switch|p2b: Gengar|Gengar-Mega, L50, M|100/100
|switch|p1a: Archaludon|Archaludon, L50, F|100/100
|turn|5
|-message|tang de maracuja forfeited.
|
|win|Styxstarz
