|j|☆GregulationH
|j|☆Thiaguitoomencito
|html|GregulationHThiaguitoomencito    
|uhtml|bestof|Game 1 of a best-of-3
|t:|1757826427
|gametype|doubles
|player|p1|GregulationH|lucas|1127
|player|p2|Thiaguitoomencito|steven|1079
|gen|9
|tier|[Gen 9] VGC 2025 Reg H (Bo3)
|rated|
|rule|Species Clause: Limit one of each Pokémon
|rule|Item Clause: Limit 1 of each item
|clearpoke
|poke|p1|Amoonguss, L50, F|
|poke|p1|Flamigo, L50, M|
|poke|p1|Gholdengo, L50|
|poke|p1|Incineroar, L50, M|
|poke|p1|Porygon2, L50|
|poke|p1|Ursaluna, L50, M|
|poke|p2|Sneasler, L50, F|
|poke|p2|Ceruledge, L50, M|
|poke|p2|Dragonite, L50, M|
|poke|p2|Dondozo, L50, M|
|poke|p2|Kingambit, L50, M|
|poke|p2|Rillaboom, L50, M|
|teampreview|4
|showteam|p1|Amoonguss||CovertCloak|Regenerator|PollenPuff,Spore,RagePowder,ClearSmog|||F|||50|,,,,,Water]Flamigo||FocusSash|Scrappy|CloseCombat,BraveBird,WideGuard,Protect|||M|||50|,,,,,Ghost]Gholdengo||LifeOrb|GoodasGold|MakeItRain,ShadowBall,NastyPlot,Protect||||||50|,,,,,Dragon]Incineroar||SafetyGoggles|Intimidate|FlareBlitz,KnockOff,PartingShot,FakeOut|||M|||50|,,,,,Ghost]Porygon2||Eviolite|Download|TeraBlast,IceBeam,Recover,TrickRoom||||||50|,,,,,Fighting]Ursaluna||FlameOrb|Guts|Facade,HeadlongRush,Earthquake,Protect|||M|||50|,,,,,Ghost
|showteam|p2|Sneasler||FocusSash|Unburden|CloseCombat,DireClaw,Coaching,FakeOut|||F|||50|,,,,,Ghost]Ceruledge||SitrusBerry|FlashFire|Protect,BitterBlade,ShadowSneak,BulkUp|||M|||50|,,,,,Grass]Dragonite||LoadedDice|Multiscale|Protect,ScaleShot,Haze,ExtremeSpeed|||M|||50|,,,,,Fairy]Dondozo||Leftovers|Unaware|Liquidation,Fissure,Yawn,Protect|||M|||50|,,,,,Poison]Kingambit||AssaultVest|Defiant|KowtowCleave,SuckerPunch,IronHead,TeraBlast|||M|||50|,,,,,Flying]Rillaboom||MiracleSeed|GrassySurge|WoodHammer,GrassyGlide,HighHorsepower,FakeOut|||M|||50|,,,,,Fire
|j| frankina
|inactive|Battle timer is ON: inactive players will automatically lose when time's up. (requested by GregulationH)
|inactive|Thiaguitoomencito has 60 seconds left.
|
|t:|1757826491
|teamsize|p1|4
|teamsize|p2|4
|start
|switch|p1a: Flamigo|Flamigo, L50, M|100/100
|switch|p1b: Gholdengo|Gholdengo, L50|100/100
|switch|p2a: Sneasler|Sneasler, L50, F|100/100
|switch|p2b: Kingambit|Kingambit, L50, M|100/100
|turn|1
|l| frankina
|j| frankina
|inactive|GregulationH has 30 seconds left.
|inactive|Thiaguitoomencito has 30 seconds left.
|inactive|Thiaguitoomencito has 20 seconds left.
|inactive|Thiaguitoomencito has 15 seconds left.
|
|t:|1757826535
|move|p2a: Sneasler|Fake Out|p1a: Flamigo
|-damage|p1a: Flamigo|81/100
|cant|p1a: Flamigo|flinch
|move|p1b: Gholdengo|Make It Rain|p2b: Kingambit|[spread] p2a,p2b
|-resisted|p2b: Kingambit
|-enditem|p2a: Sneasler|Focus Sash
|-damage|p2a: Sneasler|1/100
|-damage|p2b: Kingambit|81/100
|-unboost|p1b: Gholdengo|spa|1
|-damage|p1b: Gholdengo|91/100|[from] item: Life Orb
|move|p2b: Kingambit|Kowtow Cleave|p1b: Gholdengo
|-supereffective|p1b: Gholdengo
|-damage|p1b: Gholdengo|0 fnt
|faint|p1b: Gholdengo
|
|upkeep
|
|t:|1757826556
|switch|p1b: Porygon2|Porygon2, L50|100/100
|-ability|p1b: Porygon2|Download|boost
|-boost|p1b: Porygon2|spa|1
|turn|2
|inactive|Thiaguitoomencito has 30 seconds left.
|
|t:|1757826584
|move|p2b: Kingambit|Sucker Punch||[still]
|-fail|p2b: Kingambit
|move|p2a: Sneasler|Close Combat|p1b: Porygon2
|-supereffective|p1b: Porygon2
|-damage|p1b: Porygon2|29/100
|-unboost|p2a: Sneasler|def|1
|-unboost|p2a: Sneasler|spd|1
|move|p1a: Flamigo|Close Combat|p2b: Kingambit
|-supereffective|p2b: Kingambit
|-damage|p2b: Kingambit|0 fnt
|-unboost|p1a: Flamigo|def|1
|-unboost|p1a: Flamigo|spd|1
|faint|p2b: Kingambit
|move|p1b: Porygon2|Trick Room|p1b: Porygon2
|-fieldstart|move: Trick Room|[of] p1b: Porygon2
|
|upkeep
|
|t:|1757826603
|switch|p2b: Dondozo|Dondozo, L50, M|100/100
|turn|3
|inactive|Thiaguitoomencito has 30 seconds left.
|
|t:|1757826635
|switch|p1a: Ursaluna|Ursaluna, L50, M|100/100
|move|p2b: Dondozo|Liquidation|p1b: Porygon2
|-damage|p1b: Porygon2|11/100
|-unboost|p1b: Porygon2|def|1
|move|p1b: Porygon2|Recover|p1b: Porygon2
|-heal|p1b: Porygon2|61/100
|move|p2a: Sneasler|Close Combat|p1b: Porygon2
|-supereffective|p1b: Porygon2
|-damage|p1b: Porygon2|0 fnt
|-unboost|p2a: Sneasler|def|1
|-unboost|p2a: Sneasler|spd|1
|faint|p1b: Porygon2
|
|-status|p1a: Ursaluna|brn|[from] item: Flame Orb
|upkeep
|
|t:|1757826649
|switch|p1b: Flamigo|Flamigo, L50, M|81/100
|turn|4
|
|t:|1757826663
|-terastallize|p1a: Ursaluna|Ghost
|move|p1a: Ursaluna|Earthquake|p2b: Dondozo|[spread] p2a,p2b
|-immune|p1b: Flamigo
|-supereffective|p2a: Sneasler
|-damage|p2a: Sneasler|0 fnt
|-damage|p2b: Dondozo|64/100
|faint|p2a: Sneasler
|move|p2b: Dondozo|Fissure|p1a: Ursaluna|[miss]
|-miss|p2b: Dondozo|p1a: Ursaluna
|move|p1b: Flamigo|Close Combat|p2b: Dondozo
|-damage|p2b: Dondozo|31/100
|-unboost|p1b: Flamigo|def|1
|-unboost|p1b: Flamigo|spd|1
|
|-heal|p2b: Dondozo|38/100|[from] item: Leftovers
|-damage|p1a: Ursaluna|95/100 brn|[from] brn
|upkeep
|
|t:|1757826678
|switch|p2a: Rillaboom|Rillaboom, L50, M|100/100
|-fieldstart|move: Grassy Terrain|[from] ability: Grassy Surge|[of] p2a: Rillaboom
|turn|5
|inactive|Thiaguitoomencito has 30 seconds left.
|inactive|Thiaguitoomencito has 20 seconds left.
|inactive|Thiaguitoomencito has 15 seconds left.
|inactive|Thiaguitoomencito has 10 seconds left.
|inactive|Thiaguitoomencito has 5 seconds left.
|
|t:|1757826730
|move|p1a: Ursaluna|Facade|p2a: Rillaboom
|-damage|p2a: Rillaboom|0 fnt
|faint|p2a: Rillaboom
|move|p2b: Dondozo|Fissure|p1a: Ursaluna
|-damage|p1a: Ursaluna|0 fnt
|faint|p1a: Ursaluna
|-ohko
|move|p1b: Flamigo|Close Combat|p2b: Dondozo
|-damage|p2b: Dondozo|4/100
|-unboost|p1b: Flamigo|def|1
|-unboost|p1b: Flamigo|spd|1
|
|-heal|p2b: Dondozo|10/100|[from] Grassy Terrain
|-heal|p2b: Dondozo|16/100|[from] item: Leftovers
|upkeep
|turn|6
|inactive|Thiaguitoomencito has 30 seconds left.
|
|t:|1757826759
|move|p2b: Dondozo|Protect|p2b: Dondozo
|-singleturn|p2b: Dondozo|Protect
|move|p1b: Flamigo|Close Combat|p2b: Dondozo
|-activate|p2b: Dondozo|move: Protect
|
|-heal|p2b: Dondozo|22/100|[from] Grassy Terrain
|-heal|p2b: Dondozo|29/100|[from] item: Leftovers
|-fieldend|move: Trick Room
|upkeep
|turn|7
|
|t:|1757826769
|move|p2b: Dondozo|Protect||[still]
|-fail|p2b: Dondozo
|move|p1b: Flamigo|Close Combat|p2b: Dondozo
|-damage|p2b: Dondozo|0 fnt
|-unboost|p1b: Flamigo|def|1
|-unboost|p1b: Flamigo|spd|1
|faint|p2b: Dondozo
|
|win|GregulationH
||GregulationH is ready for game 2.
||Thiaguitoomencito is ready for game 2.
|uhtml|next|Next: Game 2 of 3
