|j|☆rbresser
|j|☆none0279
|html|rbressernone0279    
|uhtml|bestof|Game 2 of a best-of-3
|t:|1783569724
|gametype|doubles
|player|p1|rbresser|red|1072
|player|p2|none0279|cynthia-gen4|1106
|gen|9
|tier|[Gen 9 Champions] VGC 2026 Reg M-B (Bo3)
|rated|
|rule|Species Clause: Limit one of each Pokémon
|rule|Item Clause: Limit 1 of each item
|clearpoke
|poke|p1|Sneasler, L50, M|
|poke|p1|Blastoise, L50, M, shiny|
|poke|p1|Kingambit, L50, M|
|poke|p1|Incineroar, L50, M|
|poke|p1|Delphox, L50, F, shiny|
|poke|p1|Sinistcha, L50|
|poke|p2|Gengar, L50, M|
|poke|p2|Hydreigon, L50, F|
|poke|p2|Whimsicott, L50, M|
|poke|p2|Tauros-Paldea-Aqua, L50, M|
|poke|p2|Rotom-Heat, L50|
|poke|p2|Gallade, L50, M|
|teampreview|4
|showteam|p1|Sneasler||FocusSash|PoisonTouch|PoisonJab,CloseCombat,FakeOut,QuickGuard|Jolly||M|||50|]Blastoise||Blastoisinite|RainDish|DarkPulse,WaterSpout,ShellSmash,Protect|Modest||M|||50|]Kingambit||BlackGlasses|Defiant|KowtowCleave,SuckerPunch,SwordsDance,Protect|Adamant||M|||50|]Incineroar||SitrusBerry|Intimidate|FlareBlitz,HelpingHand,PartingShot,FakeOut|Careful||M|||50|]Delphox||Delphoxite|Blaze|HeatWave,NastyPlot,Psyshock,Protect|Modest||F|||50|]Sinistcha||KasibBerry|Hospitality|MatchaGotcha,RagePowder,TrickRoom,Protect|Bold|||||50|
|showteam|p2|Gengar||Gengarite|CursedBody|ShadowBall,SludgeBomb,Protect,WillOWisp|Modest||M|||50|]Hydreigon||ChoiceScarf|Levitate|DracoMeteor,DarkPulse,Snarl,EarthPower|Modest||F|||50|]Whimsicott||SitrusBerry|Prankster|Encore,Protect,Tailwind,Moonblast|Bold||M|||50|]Tauros-Paldea-Aqua||MysticWater|Intimidate|CloseCombat,AquaJet,WaveCrash,Protect|Adamant||M|||50|]Rotom-Heat||Magnet|Levitate|Thunderbolt,Overheat,VoltSwitch,Protect|Modest|||||50|]Gallade||FocusSash|Sharpness|PsychoCut,SacredSword,NightSlash,WideGuard|Jolly||M|||50|
|inactive|Battle timer is ON: inactive players will automatically lose when time's up. (requested by none0279)
|inactive|rbresser has 60 seconds left.
|inactive|rbresser has 30 seconds left.
|
|t:|1783569788
|teamsize|p1|4
|teamsize|p2|4
|start
|switch|p1a: Sneasler|Sneasler, L50, M|100/100
|switch|p1b: Delphox|Delphox, L50, F, shiny|100/100
|switch|p2a: Hydreigon|Hydreigon, L50, F|100/100
|switch|p2b: Tauros|Tauros-Paldea-Aqua, L50, M|100/100
|-ability|p2b: Tauros|Intimidate|boost
|-unboost|p1a: Sneasler|atk|1
|-unboost|p1b: Delphox|atk|1
|turn|1
|inactive|rbresser has 30 seconds left.
|
|t:|1783569826
|switch|p1b: Kingambit|Kingambit, L50, M|100/100
|move|p1a: Sneasler|Fake Out|p2b: Tauros
|-damage|p2b: Tauros|89/100
|-status|p2b: Tauros|psn|[from] ability: Poison Touch|[of] p1a: Sneasler
|cant|p2b: Tauros|flinch
|move|p2a: Hydreigon|Snarl|p1b: Kingambit|[spread] p1a,p1b
|-resisted|p1a: Sneasler|1
|-resisted|p1b: Kingambit|1
|-damage|p1a: Sneasler|84/100
|-damage|p1b: Kingambit|91/100
|-unboost|p1a: Sneasler|spa|1
|-unboost|p1b: Kingambit|spa|1
|-ability|p1b: Kingambit|Defiant|boost
|-boost|p1b: Kingambit|atk|2
|
|-damage|p2b: Tauros|77/100 psn|[from] psn
|upkeep
|turn|2
|
|t:|1783569838
|switch|p2a: Gengar|Gengar, L50, M|100/100
|move|p1b: Kingambit|Protect|p1b: Kingambit
|-singleturn|p1b: Kingambit|Protect
|move|p1a: Sneasler|Poison Jab|p2a: Gengar
|-resisted|p2a: Gengar|2
|-damage|p2a: Gengar|87/100
|move|p2b: Tauros|Close Combat|p1b: Kingambit
|-activate|p1b: Kingambit|move: Protect
|
|-damage|p2b: Tauros|65/100 psn|[from] psn
|upkeep
|turn|3
|inactive|rbresser has 30 seconds left.
|
|t:|1783569867
|detailschange|p2a: Gengar|Gengar-Mega, L50, M
|-mega|p2a: Gengar|Gengar|Gengarite
|move|p1b: Kingambit|Sucker Punch||[still]
|-fail|p1b: Kingambit
|move|p1a: Sneasler|Close Combat|p2b: Tauros
|-damage|p2b: Tauros|21/100 psn
|-unboost|p1a: Sneasler|def|1
|-unboost|p1a: Sneasler|spd|1
|move|p2a: Gengar|Will-O-Wisp|p1a: Sneasler
|-status|p1a: Sneasler|brn
|move|p2b: Tauros|Close Combat|p1b: Kingambit
|-supereffective|p1b: Kingambit|2
|-damage|p1b: Kingambit|0 fnt
|-unboost|p2b: Tauros|def|1
|-unboost|p2b: Tauros|spd|1
|faint|p1b: Kingambit
|
|-damage|p2b: Tauros|9/100 psn|[from] psn
|-damage|p1a: Sneasler|78/100 brn|[from] brn
|upkeep
|
|t:|1783569871
|switch|p1b: Delphox|Delphox, L50, F, shiny|100/100
|turn|4
|
|t:|1783569892
|detailschange|p1b: Delphox|Delphox-Mega, L50, F, shiny
|-mega|p1b: Delphox|Delphox|Delphoxite
|move|p2a: Gengar|Protect|p2a: Gengar
|-singleturn|p2a: Gengar|Protect
|move|p2b: Tauros|Aqua Jet|p1a: Sneasler
|-damage|p1a: Sneasler|11/100 brn
|move|p1a: Sneasler|Poison Jab|p2b: Tauros
|-damage|p2b: Tauros|0 fnt
|faint|p2b: Tauros
|move|p1b: Delphox|Psyshock|p2a: Gengar
|-activate|p2a: Gengar|move: Protect
|
|-damage|p1a: Sneasler|5/100 brn|[from] brn
|upkeep
|
|t:|1783569905
|switch|p2b: Hydreigon|Hydreigon, L50, F|100/100
|turn|5
|
|t:|1783569918
|move|p2b: Hydreigon|Snarl|p1a: Sneasler|[spread] p1a,p1b
|-resisted|p1a: Sneasler|1
|-supereffective|p1b: Delphox|1
|-damage|p1a: Sneasler|0 fnt
|-damage|p1b: Delphox|61/100
|-unboost|p1b: Delphox|spa|1
|faint|p1a: Sneasler
|move|p1b: Delphox|Psyshock|p2a: Gengar
|-supereffective|p2a: Gengar|1
|-damage|p2a: Gengar|1/100
|move|p2a: Gengar|Shadow Ball|p1b: Delphox
|-supereffective|p1b: Delphox|1
|-damage|p1b: Delphox|0 fnt
|faint|p1b: Delphox
|
|upkeep
|
|t:|1783569923
|switch|p1a: Sinistcha|Sinistcha, L50|100/100
|turn|6
|
|t:|1783569935
|move|p2b: Hydreigon|Snarl|p1a: Sinistcha
|-supereffective|p1a: Sinistcha|1
|-damage|p1a: Sinistcha|39/100
|-unboost|p1a: Sinistcha|spa|1
|move|p2a: Gengar|Sludge Bomb|p1a: Sinistcha
|-damage|p1a: Sinistcha|0 fnt
|faint|p1a: Sinistcha
|
|win|none0279
|raw|rbresser's rating: 1072 → 1053(-19 for losing)
|raw|none0279's rating: 1106 → 1129(+23 for winning)
|l|☆rbresser
|player|p1|
|l|☆none0279
|player|p2|
|j|☆none0279
|player|p2|none0279|cynthia-gen4|
