|j|☆Ilovesounding
|j|☆MapleleafVGC
|html|IlovesoundingMapleleafVGC    
|uhtml|bestof|Game 1 of a best-of-3
|t:|1783923994
|gametype|doubles
|player|p1|Ilovesounding|265|1075
|player|p2|MapleleafVGC|265|1040
|gen|9
|tier|[Gen 9 Champions] VGC 2026 Reg M-B (Bo3)
|rated|
|rule|Species Clause: Limit one of each Pokémon
|rule|Item Clause: Limit 1 of each item
|clearpoke
|poke|p1|Aegislash, L50, F|
|poke|p1|Sylveon, L50, F|
|poke|p1|Zoroark-Hisui, L50, M|
|poke|p1|Charizard, L50, M|
|poke|p1|Talonflame, L50, M|
|poke|p1|Gyarados, L50, F|
|poke|p2|Aerodactyl, L50, F|
|poke|p2|Mamoswine, L50, M|
|poke|p2|Rotom-Wash, L50|
|poke|p2|Gardevoir, L50, F|
|poke|p2|Scovillain, L50, F|
|poke|p2|Farigiraf, L50, M|
|teampreview|4
|showteam|p1|Aegislash||SitrusBerry|StanceChange|KingsShield,ShadowBall,FlashCannon,WideGuard|Quiet||F|||50|]Sylveon||IronBall|Pixilate|Round,Protect,HyperBeam,Copycat|Quiet||F|||50|]Zoroark-Hisui||FocusSash|Illusion|Round,ShadowBall,HyperBeam,WillOWisp|Timid||M|||50|]Charizard||CharizarditeY|Blaze|SolarBeam,Protect,HeatWave,WeatherBall|Modest||M|||50|]Talonflame|||GaleWings|Acrobatics,FlareBlitz,QuickGuard,Tailwind|Serious||M|||50|]Gyarados||Gyaradosite|Intimidate|Crunch,Waterfall,IronHead,IceFang|Adamant||F|||50|
|showteam|p2|Aerodactyl||Aerodactylite|Unnerve|RockSlide,DualWingbeat,Protect,Tailwind|Jolly||F|||50|]Mamoswine||FocusSash|Oblivious|IceShard,HighHorsepower,RockTomb,Protect|Adamant||M|||50|]Rotom-Wash||ChoiceScarf|Levitate|Electroweb,VoltSwitch,HydroPump,WillOWisp|Modest|||||50|]Gardevoir||Gardevoirite|Telepathy|Psyshock,Moonblast,HyperVoice,Protect|Modest||F|||50|]Scovillain||Scovillainite|Insomnia|Protect,GigaDrain,Flamethrower,RagePowder|Bold||F|||50|]Farigiraf||SitrusBerry|ArmorTail|Psychic,Thunderbolt,TrickRoom,Protect|Bold||M|||50|
|
|t:|1783924075
|teamsize|p1|4
|teamsize|p2|4
|start
|switch|p1a: Sylveon|Sylveon, L50, F|100/100
|switch|p1b: Charizard|Charizard, L50, M|100/100
|switch|p2a: Aerodactyl|Aerodactyl, L50, F|100/100
|switch|p2b: Rotom|Rotom-Wash, L50|100/100
|-ability|p2a: Aerodactyl|Unnerve
|turn|1
|
|t:|1783924099
|move|p2b: Rotom|Electroweb|p1b: Charizard|[spread] p1a,p1b
|-damage|p1a: Sylveon|82/100
|-damage|p1b: Charizard|60/100
|-unboost|p1a: Sylveon|spe|1
|-unboost|p1b: Charizard|spe|1
|replace|p1b: Zoroark|Zoroark-Hisui, L50, M
|-end|p1b: Zoroark|Illusion
|move|p2a: Aerodactyl|Tailwind|p2a: Aerodactyl
|-sidestart|p2: MapleleafVGC|move: Tailwind
|move|p1b: Zoroark|Will-O-Wisp|p2a: Aerodactyl
|-status|p2a: Aerodactyl|brn
|move|p1a: Sylveon|Hyper Beam|p2a: Aerodactyl
|-damage|p2a: Aerodactyl|0 fnt
|-mustrecharge|p1a: Sylveon
|faint|p2a: Aerodactyl
|
|upkeep
|
|t:|1783924115
|switch|p2a: Gardevoir|Gardevoir, L50, F|100/100
|turn|2
|
|t:|1783924130
|detailschange|p2a: Gardevoir|Gardevoir-Mega, L50, F
|-mega|p2a: Gardevoir|Gardevoir|Gardevoirite
|move|p2b: Rotom|Electroweb|p1b: Zoroark|[spread] p1a,p1b
|-damage|p1a: Sylveon|64/100
|-damage|p1b: Zoroark|15/100
|-unboost|p1a: Sylveon|spe|1
|-unboost|p1b: Zoroark|spe|1
|move|p2a: Gardevoir|Hyper Voice|p1a: Sylveon|[spread] p1a,p1b
|-damage|p1a: Sylveon|18/100
|-damage|p1b: Zoroark|0 fnt
|faint|p1b: Zoroark
|cant|p1a: Sylveon|recharge
|
|upkeep
|
|t:|1783924141
|switch|p1b: Aegislash|Aegislash, L50, F|100/100
|turn|3
|
|t:|1783924171
|move|p1b: Aegislash|King's Shield|p1b: Aegislash
|-singleturn|p1b: Aegislash|Protect
|move|p1a: Sylveon|Protect|p1a: Sylveon
|-singleturn|p1a: Sylveon|Protect
|move|p2b: Rotom|Electroweb|p1a: Sylveon|[spread] 
|-activate|p1a: Sylveon|move: Protect
|-activate|p1b: Aegislash|move: Protect
|move|p2a: Gardevoir|Hyper Voice|p1b: Aegislash|[spread] 
|-activate|p1a: Sylveon|move: Protect
|-activate|p1b: Aegislash|move: Protect
|
|upkeep
|turn|4
|
|t:|1783924200
|move|p1b: Aegislash|Wide Guard|p1b: Aegislash
|-singleturn|p1b: Aegislash|Wide Guard
|move|p2b: Rotom|Electroweb|p1b: Aegislash|[spread] 
|-activate|p1a: Sylveon|move: Wide Guard
|-activate|p1b: Aegislash|move: Wide Guard
|move|p2a: Gardevoir|Hyper Voice|p1b: Aegislash|[spread] 
|-activate|p1a: Sylveon|move: Wide Guard
|-activate|p1b: Aegislash|move: Wide Guard
|move|p1a: Sylveon|Hyper Beam|p2b: Rotom
|-damage|p2b: Rotom|0 fnt
|-mustrecharge|p1a: Sylveon
|faint|p2b: Rotom
|
|-sideend|p2: MapleleafVGC|move: Tailwind
|upkeep
|
|t:|1783924204
|switch|p2b: Mamoswine|Mamoswine, L50, M|100/100
|turn|5
|-message|MapleleafVGC forfeited.
|
|win|Ilovesounding
|l|☆MapleleafVGC
|player|p2|
|raw|Ilovesounding's rating: 1075 → 1101(+26 for winning)
|raw|MapleleafVGC's rating: 1040 → 1026(-14 for losing)
