|j|☆fnlroia
|j|☆doatzmgoatz
|html|fnlroiadoatzmgoatz    
|uhtml|bestof|Game 2 of a best-of-3
|t:|1784695422
|gametype|doubles
|player|p1|fnlroia|parasollady-gen4|
|player|p2|doatzmgoatz|2|
|gen|9
|tier|[Gen 9 Champions] VGC 2026 Reg M-B (Bo3)
|rule|Species Clause: Limit one of each Pokémon
|rule|Item Clause: Limit 1 of each item
|clearpoke
|poke|p1|Mimikyu, L50, M, shiny|
|poke|p1|Arcanine-Hisui, L50, M|
|poke|p1|Delphox, L50, M|
|poke|p1|Samurott-Hisui, L50, F|
|poke|p1|Floette-Eternal, L50, F|
|poke|p1|Vivillon, L50, F|
|poke|p2|Gengar, L50, F|
|poke|p2|Incineroar, L50, M|
|poke|p2|Hydreigon, L50, M|
|poke|p2|Clefable, L50, F|
|poke|p2|Vaporeon, L50, F|
|poke|p2|Noivern, L50, M|
|teampreview|4
|showteam|p1|Mimikyu||ExpertBelt|Disguise|ShadowSneak,Protect,ShadowClaw,TrickRoom|Jolly||M|||50|]Arcanine-Hisui||LifeOrb|RockHead|RockSlide,FlareBlitz,ExtremeSpeed,Protect|Jolly||M|||50|]Delphox||Delphoxite|Blaze|HeatWave,NastyPlot,Psyshock,Protect|Timid||M|||50|]Samurott-Hisui||BlackGlasses|Sharpness|CeaselessEdge,SuckerPunch,SacredSword,Protect|Jolly||F|||50|]Floette-Eternal||Floettite|FlowerVeil|CalmMind,DrainingKiss,LightofRuin,Protect|Modest||F|||50|]Vivillon||FocusSash|CompoundEyes|RagePowder,SleepPowder,Hurricane,Tailwind|Timid||F|||50|
|showteam|p2|Gengar||Gengarite|CursedBody|SludgeWave,ShadowBall,NastyPlot,Substitute|Timid||F|||50|]Incineroar||SitrusBerry|Intimidate|BrickBreak,Earthquake,PartingShot,FakeOut|Adamant||M|||50|]Hydreigon||LifeOrb|Levitate|EarthPower,DracoMeteor,DarkPulse,Uturn|Timid||M|||50|]Clefable||Leftovers|MagicGuard|FollowMe,LightScreen,DazzlingGleam,Gravity|Calm||F|||50|]Vaporeon||MysticWater|WaterAbsorb|Scald,Protect,RainDance,IceBeam|Bold||F|||50|]Noivern||ExpertBelt|Telepathy|Tailwind,Boomburst,Hurricane,Uturn|Timid||M|||50|
|
|t:|1784695445
|teamsize|p1|4
|teamsize|p2|4
|start
|switch|p1a: jop river otter|Samurott-Hisui, L50, F|100/100
|switch|p1b: lol|Vivillon, L50, F|100/100
|switch|p2a: Noivern|Noivern, L50, M|100/100
|switch|p2b: Incineroar|Incineroar, L50, M|100/100
|-ability|p2b: Incineroar|Intimidate|boost
|-unboost|p1a: jop river otter|atk|1
|-unboost|p1b: lol|atk|1
|turn|1
|
|t:|1784695467
|move|p2b: Incineroar|Fake Out|p1a: jop river otter
|-damage|p1a: jop river otter|81/100
|move|p2a: Noivern|Tailwind|p2a: Noivern
|-sidestart|p2: doatzmgoatz|move: Tailwind
|move|p1b: lol|Tailwind|p1b: lol
|-sidestart|p1: fnlroia|move: Tailwind
|cant|p1a: jop river otter|flinch
|
|upkeep
|turn|2
|
|t:|1784695491
|move|p2a: Noivern|U-turn|p1a: jop river otter
|-supereffective|p1a: jop river otter|1
|-damage|p1a: jop river otter|49/100
|
|t:|1784695495
|switch|p2a: Vaporeon|Vaporeon, L50, F|100/100|[from] U-turn
|move|p1b: lol|Sleep Powder|p2a: Vaporeon
|-status|p2a: Vaporeon|slp|[from] move: Sleep Powder
|move|p1a: jop river otter|Sacred Sword|p2b: Incineroar
|-supereffective|p2b: Incineroar|1
|-damage|p2b: Incineroar|49/100
|-enditem|p2b: Incineroar|Sitrus Berry|[eat]
|-heal|p2b: Incineroar|74/100|[from] item: Sitrus Berry
|move|p2b: Incineroar|Parting Shot|p1a: jop river otter
|-unboost|p1a: jop river otter|atk|1
|-unboost|p1a: jop river otter|spa|1
|
|t:|1784695515
|switch|p2b: Noivern|Noivern, L50, M|100/100|[from] Parting Shot
|
|upkeep
|turn|3
|
|t:|1784695537
|switch|p1a: rock head merchant|Arcanine-Hisui, L50, M|100/100
|move|p2b: Noivern|Hurricane|p1b: lol
|-supereffective|p1b: lol|1
|-enditem|p1b: lol|Focus Sash
|-damage|p1b: lol|1/100
|move|p1b: lol|Hurricane|p2a: Vaporeon
|-damage|p2a: Vaporeon|65/100 slp
|-start|p2a: Vaporeon|confusion
|cant|p2a: Vaporeon|slp
|
|upkeep
|turn|4
|
|t:|1784695583
|move|p2b: Noivern|Hurricane|p1b: lol|[miss]
|-miss|p2b: Noivern|p1b: lol
|move|p1a: rock head merchant|Rock Slide|p2b: Noivern|[spread] p2a,p2b
|-supereffective|p2b: Noivern|1
|-damage|p2a: Vaporeon|40/100 slp
|-damage|p2b: Noivern|8/100
|-damage|p1a: rock head merchant|90/100|[from] item: Life Orb
|move|p1b: lol|Hurricane|p2b: Noivern
|-damage|p2b: Noivern|0 fnt
|faint|p2b: Noivern
|cant|p2a: Vaporeon|slp
|
|-sideend|p1: fnlroia|move: Tailwind
|-sideend|p2: doatzmgoatz|move: Tailwind
|upkeep
|
|t:|1784695599
|switch|p2b: Incineroar|Incineroar, L50, M|74/100
|-ability|p2b: Incineroar|Intimidate|boost
|-unboost|p1a: rock head merchant|atk|1
|-unboost|p1b: lol|atk|1
|turn|5
|
|t:|1784695614
|move|p2b: Incineroar|Fake Out|p1a: rock head merchant
|-resisted|p1a: rock head merchant|1
|-damage|p1a: rock head merchant|81/100
|cant|p1a: rock head merchant|flinch
|move|p1b: lol|Tailwind|p1b: lol
|-sidestart|p1: fnlroia|move: Tailwind
|-curestatus|p2a: Vaporeon|slp|[msg]
|-activate|p2a: Vaporeon|confusion
|move|p2a: Vaporeon|Scald|p1a: rock head merchant
|-supereffective|p1a: rock head merchant|2
|-damage|p1a: rock head merchant|0 fnt
|faint|p1a: rock head merchant
|
|upkeep
|
|t:|1784695639
|switch|p1a: ggwp|Floette-Eternal, L50, F|100/100
|turn|6
|
|t:|1784695658
|detailschange|p1a: ggwp|Floette-Mega, L50, F
|-mega|p1a: ggwp|Floette|Floettite
|-ability|p1a: ggwp|Fairy Aura
|move|p1b: lol|Hurricane|p2b: Incineroar
|-damage|p2b: Incineroar|32/100
|-start|p2b: Incineroar|confusion
|move|p1a: ggwp|Light of Ruin|p2b: Incineroar
|-damage|p2b: Incineroar|0 fnt
|faint|p2b: Incineroar
|-damage|p1a: ggwp|81/100|[from] Recoil
|-activate|p2a: Vaporeon|confusion
|-damage|p2a: Vaporeon|36/100|[from] confusion
|
|upkeep
|
|t:|1784695670
|switch|p2b: Gengar|Gengar, L50, F|100/100
|turn|7
|
|t:|1784695687
|detailschange|p2b: Gengar|Gengar-Mega, L50, F
|-mega|p2b: Gengar|Gengar|Gengarite
|move|p1a: ggwp|Protect|p1a: ggwp
|-singleturn|p1a: ggwp|Protect
|-activate|p2a: Vaporeon|confusion
|move|p2a: Vaporeon|Protect|p2a: Vaporeon
|-singleturn|p2a: Vaporeon|Protect
|move|p1b: lol|Sleep Powder|p2b: Gengar
|-status|p2b: Gengar|slp|[from] move: Sleep Powder
|cant|p2b: Gengar|slp
|
|upkeep
|turn|8
|
|t:|1784695704
|move|p1b: lol|Hurricane|p2b: Gengar
|-damage|p2b: Gengar|42/100 slp
|-start|p2b: Gengar|confusion
|move|p1a: ggwp|Light of Ruin|p2b: Gengar
|-resisted|p2b: Gengar|1
|-damage|p2b: Gengar|0 fnt
|faint|p2b: Gengar
|-damage|p1a: ggwp|65/100|[from] Recoil
|-end|p2a: Vaporeon|confusion
|move|p2a: Vaporeon|Scald|p1a: ggwp
|-damage|p1a: ggwp|38/100
|-status|p1a: ggwp|brn
|
|-damage|p1a: ggwp|32/100 brn|[from] brn
|-sideend|p1: fnlroia|move: Tailwind
|upkeep
|turn|9
|
|t:|1784695729
|move|p1a: ggwp|Protect|p1a: ggwp
|-singleturn|p1a: ggwp|Protect
|move|p1b: lol|Tailwind|p1b: lol
|-sidestart|p1: fnlroia|move: Tailwind
|move|p2a: Vaporeon|Scald|p1a: ggwp
|-activate|p1a: ggwp|move: Protect
|
|-damage|p1a: ggwp|26/100 brn|[from] brn
|upkeep
|turn|10
|
|t:|1784695743
|move|p1b: lol|Hurricane|p2a: Vaporeon
|-damage|p2a: Vaporeon|0 fnt
|faint|p2a: Vaporeon
|
|win|fnlroia
||doatzmgoatz is ready for game 3.
|inactive|fnlroia has 30 seconds to confirm battle start!
||fnlroia is ready for game 3.
|uhtml|next|Next: Game 3 of 3
