|j|☆Giraldo567
|j|☆naxlkvnfsbou
|html|Giraldo567naxlkvnfsbou    
|uhtml|bestof|Game 2 of a best-of-3
|t:|1757725644
|gametype|doubles
|player|p1|Giraldo567|1|1068
|player|p2|naxlkvnfsbou|2|1000
|gen|9
|tier|[Gen 9] VGC 2025 Reg H (Bo3)
|rated|
|rule|Species Clause: Limit one of each Pokémon
|rule|Item Clause: Limit 1 of each item
|clearpoke
|poke|p1|Grimmsnarl, L50, M|
|poke|p1|Pelipper, L50, F|
|poke|p1|Incineroar, L50, M|
|poke|p1|Gholdengo, L50|
|poke|p1|Archaludon, L50, F|
|poke|p1|Electabuzz, L50, M|
|poke|p2|Illumise, L50, F|
|poke|p2|Gholdengo, L50|
|poke|p2|Incineroar, L50, M|
|poke|p2|Primarina, L50, M|
|poke|p2|Kommo-o, L50, F|
|poke|p2|Clefairy, L50, M|
|teampreview|4
|showteam|p1|Grimmsnarl||LightClay|Prankster|LightScreen,Reflect,ThunderWave,PlayRough|||M|||50|,,,,,Dark]Pelipper||DampRock|Drizzle|Protect,Tailwind,WeatherBall,Hurricane|||F|||50|,,,,,Dragon]Incineroar||SafetyGoggles|Intimidate|FakeOut,PartingShot,KnockOff,FlareBlitz|||M|||50|,,,,,Bug]Gholdengo||LifeOrb|GoodasGold|NastyPlot,Protect,MakeItRain,ShadowBall||||||50|,,,,,Steel]Archaludon||PowerHerb|Stalwart|ElectroShot,Protect,FlashCannon,DracoMeteor|||F|||50|,,,,,Grass]Electabuzz||Eviolite|VitalSpirit|FollowMe,Electroweb,Thunderbolt,KnockOff|||M|||50|,,,,,Electric
|showteam|p2|Illumise||CovertCloak|Prankster|Protect,Infestation,Tailwind,FakeTears|||F|||50|,,,,,Dark]Gholdengo||Leftovers|GoodasGold|Protect,MakeItRain,ShadowBall,NastyPlot||||||50|,,,,,Water]Incineroar||AssaultVest|Intimidate|FlareBlitz,KnockOff,Uturn,FakeOut|||M|||50|,,,,,Dragon]Primarina||LifeOrb|LiquidVoice|Protect,HyperVoice,Moonblast,PerishSong|||M|||50|,,,,,Steel]Kommo-o||ChoiceSpecs|Overcoat|ClangingScales,DracoMeteor,AuraSphere,Flamethrower|||F|||50|,,,,,Fire]Clefairy||Eviolite|FriendGuard|FollowMe,Protect,AfterYou,HelpingHand|||M|||50|,,,,,Grass
|
|t:|1757725676
|teamsize|p1|4
|teamsize|p2|4
|start
|switch|p1a: Electabuzz|Electabuzz, L50, M|100/100
|switch|p1b: Pelipper|Pelipper, L50, F|100/100
|switch|p2a: Illumise|Illumise, L50, F|100/100
|switch|p2b: Primarina|Primarina, L50, M|100/100
|-weather|RainDance|[from] ability: Drizzle|[of] p1b: Pelipper
|turn|1
|
|t:|1757725722
|-terastallize|p2b: Primarina|Steel
|move|p1b: Pelipper|Protect|p1b: Pelipper
|-singleturn|p1b: Pelipper|Protect
|move|p2a: Illumise|Fake Tears|p1a: Electabuzz
|-unboost|p1a: Electabuzz|spd|2
|move|p1a: Electabuzz|Electroweb|p2b: Primarina|[spread] p2a,p2b
|-damage|p2a: Illumise|85/100
|-damage|p2b: Primarina|87/100
|-unboost|p2b: Primarina|spe|1
|move|p2b: Primarina|Hyper Voice|p1b: Pelipper|[spread] p1a
|-activate|p1b: Pelipper|move: Protect
|-damage|p1a: Electabuzz|0 fnt
|faint|p1a: Electabuzz
|-damage|p2b: Primarina|78/100|[from] item: Life Orb
|
|-weather|RainDance|[upkeep]
|upkeep
|
|t:|1757725740
|switch|p1a: Gholdengo|Gholdengo, L50|100/100
|turn|2
|inactive|Battle timer is ON: inactive players will automatically lose when time's up. (requested by Giraldo567)
|
|t:|1757725784
|move|p2a: Illumise|Tailwind|p2a: Illumise
|-sidestart|p2: naxlkvnfsbou|move: Tailwind
|move|p2b: Primarina|Hyper Voice|p1b: Pelipper|[spread] p1a,p1b
|-resisted|p1b: Pelipper
|-damage|p1a: Gholdengo|36/100
|-damage|p1b: Pelipper|58/100
|-damage|p2b: Primarina|68/100|[from] item: Life Orb
|move|p1a: Gholdengo|Nasty Plot|p1a: Gholdengo
|-boost|p1a: Gholdengo|spa|2
|move|p1b: Pelipper|Tailwind|p1b: Pelipper
|-sidestart|p1: Giraldo567|move: Tailwind
|
|-weather|RainDance|[upkeep]
|upkeep
|turn|3
|inactive|naxlkvnfsbou has 30 seconds left.
|
|t:|1757725811
|switch|p2a: Incineroar|Incineroar, L50, M|100/100
|-ability|p2a: Incineroar|Intimidate|boost
|-unboost|p1a: Gholdengo|atk|1
|-unboost|p1b: Pelipper|atk|1
|switch|p1b: Archaludon|Archaludon, L50, F|100/100
|move|p1a: Gholdengo|Make It Rain|p2a: Incineroar|[spread] p2a,p2b
|-resisted|p2a: Incineroar
|-resisted|p2b: Primarina
|-damage|p2a: Incineroar|64/100
|-damage|p2b: Primarina|15/100
|-unboost|p1a: Gholdengo|spa|1
|-damage|p1a: Gholdengo|26/100|[from] item: Life Orb
|move|p2b: Primarina|Hyper Voice|p1a: Gholdengo|[spread] p1a,p1b
|-resisted|p1b: Archaludon
|-damage|p1a: Gholdengo|0 fnt
|-damage|p1b: Archaludon|59/100
|faint|p1a: Gholdengo
|-damage|p2b: Primarina|6/100|[from] item: Life Orb
|
|-weather|RainDance|[upkeep]
|upkeep
|
|t:|1757725824
|switch|p1a: Pelipper|Pelipper, L50, F|58/100
|turn|4
|
|t:|1757725847
|move|p2a: Incineroar|Fake Out|p1a: Pelipper
|-damage|p1a: Pelipper|47/100
|move|p1b: Archaludon|Electro Shot||[still]
|-prepare|p1b: Archaludon|Electro Shot
|-boost|p1b: Archaludon|spa|1
|-anim|p1b: Archaludon|Electro Shot|p2b: Primarina
|-damage|p2b: Primarina|0 fnt
|faint|p2b: Primarina
|cant|p1a: Pelipper|flinch
|
|-weather|RainDance|[upkeep]
|upkeep
|
|t:|1757725860
|switch|p2b: Kommo-o|Kommo-o, L50, F|100/100
|turn|5
|
|t:|1757725870
|-terastallize|p1b: Archaludon|Grass
|move|p1a: Pelipper|Protect|p1a: Pelipper
|-singleturn|p1a: Pelipper|Protect
|move|p2b: Kommo-o|Clanging Scales|p1a: Pelipper|[spread] p1b
|-activate|p1a: Pelipper|move: Protect
|-damage|p1b: Archaludon|0 fnt
|faint|p1b: Archaludon
|-unboost|p2b: Kommo-o|def|1
|move|p2a: Incineroar|Knock Off|p1a: Pelipper
|-activate|p1a: Pelipper|move: Protect
|
|-weather|RainDance|[upkeep]
|-sideend|p1: Giraldo567|move: Tailwind
|-sideend|p2: naxlkvnfsbou|move: Tailwind
|upkeep
|turn|6
|-message|Giraldo567 forfeited.
|raw|Giraldo567's rating: 1068 → 1044(-24 for losing)
|raw|naxlkvnfsbou's rating: 1000 → 1048(+48 for winning)
|
|win|naxlkvnfsbou
|l|☆Giraldo567
|player|p1|
