|j|â˜†Soratami
|j|â˜†ImClarenceClaymore
|html|SoratamiImClarenceClaymore    
|uhtml|bestof|Game 2 of a best-of-3
|t:|1756242191
|gametype|doubles
|player|p1|Soratami|ethan|1130
|player|p2|ImClarenceClaymore|pokemaniac|1117
|gen|9
|tier|[Gen 9] VGC 2025 Reg H (Bo3)
|rated|
|rule|Species Clause: Limit one of each PokÃ©mon
|rule|Item Clause: Limit 1 of each item
|clearpoke
|poke|p1|Torkoal, L50, F|
|poke|p1|Vileplume, L50, F|
|poke|p1|Indeedee-F, L50, F|
|poke|p1|Hatterene, L50, F|
|poke|p1|Ursaluna, L50, M|
|poke|p1|Gallade, L50, M|
|poke|p2|Kommo-o, L50, F|
|poke|p2|Gholdengo, L50|
|poke|p2|Pelipper, L50, M|
|poke|p2|Gastrodon, L50, M|
|poke|p2|Rillaboom, L50, M|
|poke|p2|Kingambit, L50, M|
|teampreview|4
|showteam|p1|Torkoal||Charcoal|Drought|ClearSmog,HeatWave,Eruption,Protect|||F|||50|,,,,,Fire]Vileplume||FocusSash|Chlorophyll|LeafStorm,SleepPowder,Protect,AfterYou|||F|||50|,,,,,Water]Indeedee-F||PsychicSeed|PsychicSurge|FollowMe,HelpingHand,TrickRoom,Psychic|||F|||50|,,,,,Fairy]Hatterene||LifeOrb|MagicBounce|DazzlingGleam,ExpandingForce,TrickRoom,Protect|||F|||50|,,,,,Psychic]Ursaluna||FlameOrb|Guts|Earthquake,Facade,HeadlongRush,Protect|||M|||50|,,,,,Ghost]Gallade||ClearAmulet|Sharpness|PsychoCut,SacredSword,TrickRoom,WideGuard|||M|||50|,,,,,Fire
|showteam|p2|Kommo-o||Leftovers|Overcoat|Protect,ClangorousSoul,DrainPunch,DragonPulse|||F|||50|,,,,,Steel]Gholdengo||ChoiceSpecs|GoodasGold|Thunderbolt,DazzlingGleam,ShadowBall,MakeItRain||||||50|,,,,,Steel]Pelipper||FocusSash|Drizzle|Protect,Hurricane,MuddyWater,Tailwind|||M|||50|,,,,,Ghost]Gastrodon||LifeOrb|StormDrain|ClearSmog,EarthPower,MuddyWater,Recover|||M|||50|,,,,,Poison]Rillaboom||AssaultVest|GrassySurge|FakeOut,WoodHammer,KnockOff,GrassyGlide|||M|||50|,,,,,Fire]Kingambit||BlackGlasses|Defiant|Protect,KowtowCleave,SwordsDance,SuckerPunch|||M|||50|,,,,,Dark
|inactive|Battle timer is ON: inactive players will automatically lose when time's up. (requested by Soratami)
|inactive|ImClarenceClaymore has 60 seconds left.
|
|t:|1756242237
|teamsize|p1|4
|teamsize|p2|4
|start
|switch|p1a: Gallade|Gallade, L50, M|100/100
|switch|p1b: Indeedee|Indeedee-F, L50, F|100/100
|switch|p2a: Kommo-o|Kommo-o, L50, F|100/100
|switch|p2b: Gholdengo|Gholdengo, L50|100/100
|-fieldstart|move: Psychic Terrain|[from] ability: Psychic Surge|[of] p1b: Indeedee
|-enditem|p1b: Indeedee|Psychic Seed
|-boost|p1b: Indeedee|spd|1|[from] item: Psychic Seed
|turn|1
|inactive|ImClarenceClaymore has 30 seconds left.
|inactive|ImClarenceClaymore has 20 seconds left.
|inactive|ImClarenceClaymore has 15 seconds left.
|inactive|ImClarenceClaymore has 10 seconds left.
|inactive|ImClarenceClaymore has 5 seconds left.
|
|t:|1756242289
|-terastallize|p2a: Kommo-o|Steel
|-terastallize|p1a: Gallade|Fire
|move|p1a: Gallade|Wide Guard|p1a: Gallade
|-singleturn|p1a: Gallade|Wide Guard
|move|p2b: Gholdengo|Shadow Ball|p1a: Gallade
|-damage|p1a: Gallade|32/100
|move|p2a: Kommo-o|Clangorous Soul|p2a: Kommo-o
|-boost|p2a: Kommo-o|atk|1
|-boost|p2a: Kommo-o|def|1
|-boost|p2a: Kommo-o|spa|1
|-boost|p2a: Kommo-o|spd|1
|-boost|p2a: Kommo-o|spe|1
|-damage|p2a: Kommo-o|68/100
|move|p1b: Indeedee|Trick Room|p1b: Indeedee
|-fieldstart|move: Trick Room|[of] p1b: Indeedee
|
|-heal|p2a: Kommo-o|74/100|[from] item: Leftovers
|upkeep
|turn|2
|inactive|ImClarenceClaymore has 30 seconds left.
|inactive|ImClarenceClaymore has 20 seconds left.
|inactive|ImClarenceClaymore has 15 seconds left.
|
|t:|1756242331
|switch|p2b: Gastrodon|Gastrodon, L50, M|100/100
|move|p2a: Kommo-o|Protect|p2a: Kommo-o
|-singleturn|p2a: Kommo-o|Protect
|move|p1b: Indeedee|Follow Me|p1b: Indeedee
|-singleturn|p1b: Indeedee|move: Follow Me
|move|p1a: Gallade|Sacred Sword|p2a: Kommo-o
|-activate|p2a: Kommo-o|move: Protect
|
|-heal|p2a: Kommo-o|80/100|[from] item: Leftovers
|upkeep
|turn|3
|inactive|Soratami has 30 seconds left.
|inactive|ImClarenceClaymore has 30 seconds left.
|
|t:|1756242364
|switch|p1a: Torkoal|Torkoal, L50, F|100/100
|-weather|SunnyDay|[from] ability: Drought|[of] p1a: Torkoal
|move|p1b: Indeedee|Follow Me|p1b: Indeedee
|-singleturn|p1b: Indeedee|move: Follow Me
|move|p2b: Gastrodon|Muddy Water|p1a: Torkoal|[spread] p1a,p1b
|-supereffective|p1a: Torkoal
|-damage|p1a: Torkoal|46/100
|-damage|p1b: Indeedee|88/100
|-unboost|p1b: Indeedee|accuracy|1
|-damage|p2b: Gastrodon|91/100|[from] item: Life Orb
|move|p2a: Kommo-o|Drain Punch|p1b: Indeedee
|-damage|p1b: Indeedee|40/100
|-heal|p2a: Kommo-o|100/100|[from] drain|[of] p1b: Indeedee
|
|-weather|SunnyDay|[upkeep]
|upkeep
|turn|4
|inactive|ImClarenceClaymore has 30 seconds left.
|
|t:|1756242390
|switch|p2a: Pelipper|Pelipper, L50, M|100/100
|-weather|RainDance|[from] ability: Drizzle|[of] p2a: Pelipper
|move|p1a: Torkoal|Protect|p1a: Torkoal
|-singleturn|p1a: Torkoal|Protect
|move|p2b: Gastrodon|Muddy Water|p1a: Torkoal|[spread] p1b
|-activate|p1a: Torkoal|move: Protect
|-damage|p1b: Indeedee|0 fnt
|faint|p1b: Indeedee
|-damage|p2b: Gastrodon|81/100|[from] item: Life Orb
|
|-weather|RainDance|[upkeep]
|upkeep
|
|t:|1756242405
|switch|p1b: Ursaluna|Ursaluna, L50, M|100/100
|turn|5
|
|t:|1756242425
|switch|p1a: Gallade|Gallade, L50, M, tera:Fire|32/100
|move|p2b: Gastrodon|Earth Power|p1a: Gallade
|-supereffective|p1a: Gallade
|-damage|p1a: Gallade|0 fnt
|faint|p1a: Gallade
|-damage|p2b: Gastrodon|72/100|[from] item: Life Orb
|move|p1b: Ursaluna|Headlong Rush|p2b: Gastrodon
|-damage|p2b: Gastrodon|0 fnt
|-unboost|p1b: Ursaluna|def|1
|-unboost|p1b: Ursaluna|spd|1
|faint|p2b: Gastrodon
|move|p2a: Pelipper|Tailwind|p2a: Pelipper
|-sidestart|p2: ImClarenceClaymore|move: Tailwind
|
|-weather|RainDance|[upkeep]
|-fieldend|move: Trick Room
|-fieldend|move: Psychic Terrain
|-status|p1b: Ursaluna|brn|[from] item: Flame Orb
|upkeep
|inactive|ImClarenceClaymore has 30 seconds left.
|
|t:|1756242453
|switch|p1a: Torkoal|Torkoal, L50, F|46/100
|switch|p2b: Kommo-o|Kommo-o, L50, F, tera:Steel|100/100
|-weather|SunnyDay|[from] ability: Drought|[of] p1a: Torkoal
|turn|6
|inactive|Soratami has 30 seconds left.
|inactive|Soratami has 20 seconds left.
|
|t:|1756242491
|switch|p2a: Gholdengo|Gholdengo, L50|100/100
|move|p2b: Kommo-o|Protect|p2b: Kommo-o
|-singleturn|p2b: Kommo-o|Protect
|move|p1b: Ursaluna|Headlong Rush|p2a: Gholdengo
|-supereffective|p2a: Gholdengo
|-damage|p2a: Gholdengo|0 fnt
|-unboost|p1b: Ursaluna|def|1
|-unboost|p1b: Ursaluna|spd|1
|faint|p2a: Gholdengo
|move|p1a: Torkoal|Heat Wave|p2b: Kommo-o
|-activate|p2b: Kommo-o|move: Protect
|
|-weather|SunnyDay|[upkeep]
|-damage|p1b: Ursaluna|95/100 brn|[from] brn
|upkeep
|
|t:|1756242507
|switch|p2a: Pelipper|Pelipper, L50, M|100/100
|-weather|RainDance|[from] ability: Drizzle|[of] p2a: Pelipper
|turn|7
|
|t:|1756242522
|move|p1a: Torkoal|Protect|p1a: Torkoal
|-singleturn|p1a: Torkoal|Protect
|move|p2a: Pelipper|Muddy Water|p1a: Torkoal|[spread] p1b
|-activate|p1a: Torkoal|move: Protect
|-supereffective|p1b: Ursaluna
|-damage|p1b: Ursaluna|0 fnt
|faint|p1b: Ursaluna
|move|p2b: Kommo-o|Drain Punch|p1a: Torkoal
|-activate|p1a: Torkoal|move: Protect
|
|-weather|RainDance|[upkeep]
|upkeep
|turn|8
|-message|Soratami forfeited.
|
|win|ImClarenceClaymore
|raw|Soratami's rating: 1130 → 1104(-26 for losing)
|raw|ImClarenceClaymore's rating: 1117 → 1143(+26 for winning)
|l|â˜†Soratami
|player|p1|
