|j|☆bpinela
|j|☆OreburghRanger
|html|bpinelaOreburghRanger    
|uhtml|bestof|Game 1 of a best-of-3
|t:|1756402635
|gametype|doubles
|player|p1|bpinela|fisherman|
|player|p2|OreburghRanger|pokemonranger-gen4|
|gen|9
|tier|[Gen 9] VGC 2025 Reg H (Bo3)
|rule|Species Clause: Limit one of each Pokémon
|rule|Item Clause: Limit 1 of each item
|clearpoke
|poke|p1|Maushold-Four, L50|
|poke|p1|Ursaluna, L50, F|
|poke|p1|Hatterene, L50, F|
|poke|p1|Indeedee-F, L50, F|
|poke|p1|Gallade, L50, M|
|poke|p1|Torkoal, L50, F|
|poke|p2|Charizard, L50, M|
|poke|p2|Torkoal, L50, F|
|poke|p2|Porygon2, L50|
|poke|p2|Incineroar, L50, M|
|poke|p2|Jumpluff, L50, F|
|poke|p2|Ursaluna, L50, M|
|teampreview|4
|showteam|p1|Maushold-Four||WideLens|Technician|PopulationBomb,FollowMe,Taunt,Protect||||||50|,,,,,Poison]Ursaluna||FlameOrb|Guts|Facade,HeadlongRush,Earthquake,Protect|||F|||50|,,,,,Ghost]Hatterene||CovertCloak|MagicBounce|ExpandingForce,DazzlingGleam,TeraBlast,TrickRoom|||F|||50|,,,,,Fire]Indeedee-F||PsychicSeed|PsychicSurge|FollowMe,HelpingHand,TrickRoom,Psychic|||F|||50|,,,,,Water]Gallade||ClearAmulet|Sharpness|SacredSword,PsychoCut,WideGuard,TrickRoom|||M|||50|,,,,,Grass]Torkoal||ChoiceSpecs|Drought|Eruption,HeatWave,WeatherBall,EarthPower|||F|||50|,,,,,Fire
|showteam|p2|Charizard||ChoiceSpecs|SolarPower|HeatWave,Overheat,WeatherBall,AirSlash|||M|||50|,,,,,Ghost]Torkoal||EjectPack|Drought|Eruption,Overheat,HelpingHand,Protect|||F|||50|,,,,,Fire]Porygon2||Eviolite|Download|TeraBlast,IceBeam,Recover,TrickRoom||||||50|,,,,,Fighting]Incineroar||SafetyGoggles|Intimidate|FlareBlitz,KnockOff,FakeOut,PartingShot|||M|||50|,,,,,Ghost]Jumpluff||CovertCloak|Chlorophyll|SleepPowder,SunnyDay,RagePowder,Tailwind|||F|||50|,,,,,Water]Ursaluna||FlameOrb|Guts|HeadlongRush,Facade,Earthquake,Protect|||M|||50|,,,,,Ghost
|c|☆OreburghRanger|glhf!
|c|☆bpinela|glhf
|inactive|Battle timer is ON: inactive players will automatically lose when time's up. (requested by OreburghRanger)
|inactive|bpinela has 60 seconds left.
|inactive|OreburghRanger has 60 seconds left.
|inactive|bpinela has 30 seconds left.
|inactive|bpinela has 20 seconds left.
|inactive|bpinela has 15 seconds left.
|inactive|bpinela has 10 seconds left.
|
|t:|1756402729
|teamsize|p1|4
|teamsize|p2|4
|start
|switch|p1a: Hatterene|Hatterene, L50, F|100/100
|switch|p1b: Maushold|Maushold-Four, L50|100/100
|switch|p2a: Kenshin|Charizard, L50, M, shiny|100/100
|switch|p2b: Ryo the Stern|Torkoal, L50, F|100/100
|-weather|SunnyDay|[from] ability: Drought|[of] p2b: Ryo the Stern
|turn|1
|inactive|OreburghRanger has 30 seconds left.
|inactive|OreburghRanger has 20 seconds left.
|
|t:|1756402767
|switch|p2b: Musashi|Incineroar, L50, M|100/100
|-ability|p2b: Musashi|Intimidate|boost
|-unboost|p1a: Hatterene|atk|1
|-unboost|p1b: Maushold|atk|1
|move|p1b: Maushold|Population Bomb|p2a: Kenshin
|-damage|p2a: Kenshin|89/100
|-damage|p2a: Kenshin|78/100
|-damage|p2a: Kenshin|68/100
|-damage|p2a: Kenshin|57/100
|-damage|p2a: Kenshin|46/100
|-damage|p2a: Kenshin|35/100
|-damage|p2a: Kenshin|23/100
|-damage|p2a: Kenshin|12/100
|-damage|p2a: Kenshin|1/100
|-damage|p2a: Kenshin|0 fnt
|faint|p2a: Kenshin
|-hitcount|p2: Kenshin|10
|move|p1a: Hatterene|Expanding Force|p2b: Musashi
|-immune|p2b: Musashi
|
|-weather|SunnyDay|[upkeep]
|upkeep
|
|t:|1756402788
|switch|p2a: Ayanami|Porygon2, L50, shiny|100/100
|-ability|p2a: Ayanami|Download|boost
|-boost|p2a: Ayanami|atk|1
|turn|2
|
|t:|1756402813
|switch|p1b: Torkoal|Torkoal, L50, F|100/100
|move|p2b: Musashi|Flare Blitz|p1b: Torkoal
|-resisted|p1b: Torkoal
|-damage|p1b: Torkoal|71/100
|-damage|p2b: Musashi|92/100|[from] Recoil
|move|p2a: Ayanami|Tera Blast|p1b: Torkoal
|-damage|p1b: Torkoal|22/100
|move|p1a: Hatterene|Dazzling Gleam|p2b: Musashi|[spread] p2a,p2b
|-damage|p2a: Ayanami|77/100
|-damage|p2b: Musashi|56/100
|
|-weather|SunnyDay|[upkeep]
|upkeep
|turn|3
|
|t:|1756402834
|move|p2b: Musashi|Knock Off|p1b: Torkoal
|-damage|p1b: Torkoal|0 fnt
|-enditem|p1b: Torkoal|Choice Specs|[from] move: Knock Off|[of] p2b: Musashi
|faint|p1b: Torkoal
|move|p2a: Ayanami|Tera Blast|p1a: Hatterene
|-damage|p1a: Hatterene|61/100
|move|p1a: Hatterene|Dazzling Gleam|p2a: Ayanami|[spread] p2a,p2b
|-damage|p2a: Ayanami|54/100
|-damage|p2b: Musashi|24/100
|
|-weather|SunnyDay|[upkeep]
|upkeep
|
|t:|1756402845
|switch|p1b: Gallade|Gallade, L50, M|100/100
|turn|4
|
|t:|1756402859
|-terastallize|p2b: Musashi|Ghost
|move|p2b: Musashi|Parting Shot|p1a: Hatterene
|move|p1a: Hatterene|Parting Shot|p2b: Musashi|[from] ability: Magic Bounce
|-unboost|p2b: Musashi|atk|1
|-unboost|p2b: Musashi|spa|1
|
|t:|1756402865
|switch|p1a: Maushold|Maushold-Four, L50|100/100|[from] Parting Shot
|move|p2a: Ayanami|Recover|p2a: Ayanami
|-heal|p2a: Ayanami|100/100
|move|p1b: Gallade|Sacred Sword|p2a: Ayanami
|-supereffective|p2a: Ayanami
|-damage|p2a: Ayanami|0 fnt
|faint|p2a: Ayanami
|
|-weather|SunnyDay|[upkeep]
|upkeep
|
|t:|1756402872
|switch|p2a: Ryo the Stern|Torkoal, L50, F|100/100
|turn|5
|
|t:|1756402891
|move|p1a: Maushold|Population Bomb|p2a: Ryo the Stern
|-damage|p2a: Ryo the Stern|91/100
|-damage|p2a: Ryo the Stern|83/100
|-damage|p2a: Ryo the Stern|75/100
|-damage|p2a: Ryo the Stern|66/100
|-damage|p2a: Ryo the Stern|57/100
|-damage|p2a: Ryo the Stern|49/100
|-damage|p2a: Ryo the Stern|39/100
|-damage|p2a: Ryo the Stern|30/100
|-damage|p2a: Ryo the Stern|22/100
|-damage|p2a: Ryo the Stern|13/100
|-hitcount|p2a: Ryo the Stern|10
|move|p2b: Musashi|Flare Blitz|p1b: Gallade
|-damage|p1b: Gallade|26/100
|-damage|p2b: Musashi|2/100|[from] Recoil
|move|p1b: Gallade|Psycho Cut|p2b: Musashi
|-damage|p2b: Musashi|0 fnt
|faint|p2b: Musashi
|move|p2a: Ryo the Stern|Eruption|p1a: Maushold|[spread] p1a,p1b
|-damage|p1a: Maushold|88/100
|-damage|p1b: Gallade|19/100
|
|-weather|none
|upkeep
|turn|6
|-message|OreburghRanger forfeited.
|
|win|bpinela
