|j|☆Scoseb
|j|☆plsbringregi
|html|Scosebplsbringregi    
|uhtml|bestof|Game 3 of a best-of-3
|t:|1784651213
|gametype|doubles
|player|p1|Scoseb|brycenman|1307
|player|p2|plsbringregi|265|1328
|gen|9
|tier|[Gen 9 Champions] VGC 2026 Reg M-B (Bo3)
|rated|
|rule|Species Clause: Limit one of each Pokémon
|rule|Item Clause: Limit 1 of each item
|clearpoke
|poke|p1|Gholdengo, L50|
|poke|p1|Zoroark-Hisui, L50, M|
|poke|p1|Incineroar, L50, F|
|poke|p1|Whimsicott, L50, M|
|poke|p1|Staraptor, L50, F|
|poke|p1|Garchomp, L50, F|
|poke|p2|Kleavor, L50, M|
|poke|p2|Gholdengo, L50|
|poke|p2|Venusaur, L50, F|
|poke|p2|Talonflame, L50, M|
|poke|p2|Grimmsnarl, L50, M|
|poke|p2|Sylveon, L50, M|
|teampreview|4
|showteam|p1|Gholdengo||LifeOrb|GoodasGold|PowerGem,Protect,MakeItRain,ShadowBall|Modest|||||50|]Zoroark-Hisui||FocusSash|Illusion|Taunt,IcyWind,FakeTears,BitterMalice|Timid||M|||50|]Incineroar||SitrusBerry|Intimidate|FakeOut,PartingShot,FlareBlitz,DarkestLariat|Careful||F|||50|]Whimsicott||FairyFeather|Prankster|Moonblast,Tailwind,Charm,Encore|Modest||M|||50|]Staraptor||Staraptite|Reckless|CloseCombat,Protect,BraveBird,Roost|Jolly||F|||50|]Garchomp||Garchompite|RoughSkin|Protect,Earthquake,DragonClaw,RockSlide|Adamant||F|||50|
|showteam|p2|Kleavor||FocusSash|Sharpness|StoneAxe,XScissor,CloseCombat,Protect|Jolly||M|||50|]Gholdengo||ChoiceScarf|GoodasGold|ShadowBall,MakeItRain,PowerGem,Trick|Modest|||||50|]Venusaur||Venusaurite|Overgrow|GigaDrain,SludgeBomb,EarthPower,Protect|Modest||F|||50|]Talonflame||LifeOrb|GaleWings|BraveBird,FlareBlitz,Tailwind,Protect|Jolly||M|||50|]Grimmsnarl||LightClay|Prankster|SpiritBreak,Reflect,LightScreen,SuckerPunch|Careful||M|||50|]Sylveon||FairyFeather|Pixilate|HyperVoice,HyperBeam,QuickAttack,Detect|Modest||M|||50|
|inactive|Battle timer is ON: inactive players will automatically lose when time's up. (requested by Scoseb)
|inactive|plsbringregi has 60 seconds left.
|
|t:|1784651245
|teamsize|p1|4
|teamsize|p2|4
|start
|switch|p1a: Staraptor|Staraptor, L50, F|100/100
|switch|p1b: Garchomp|Garchomp, L50, F|100/100
|switch|p2a: Talonflame|Talonflame, L50, M|100/100
|switch|p2b: Venusaur|Venusaur, L50, F|100/100
|turn|1
|inactive|Scoseb has 30 seconds left.
|inactive|plsbringregi has 30 seconds left.
|
|t:|1784651283
|switch|p1a: Incineroar|Incineroar, L50, F|100/100
|-ability|p1a: Incineroar|Intimidate|boost
|-unboost|p2a: Talonflame|atk|1
|-unboost|p2b: Venusaur|atk|1
|detailschange|p2b: Venusaur|Venusaur-Mega, L50, F
|-mega|p2b: Venusaur|Venusaur|Venusaurite
|move|p2a: Talonflame|Brave Bird|p1a: Incineroar
|-damage|p1a: Incineroar|66/100
|-damage|p2a: Talonflame|85/100|[from] Recoil
|-damage|p2a: Talonflame|76/100|[from] item: Life Orb
|move|p1b: Garchomp|Dragon Claw|p2b: Venusaur
|-damage|p2b: Venusaur|67/100
|move|p2b: Venusaur|Giga Drain|p1b: Garchomp
|-damage|p1b: Garchomp|68/100
|-heal|p2b: Venusaur|85/100|[from] drain|[of] p1b: Garchomp
|
|upkeep
|turn|2
|
|t:|1784651307
|switch|p2b: Sylveon|Sylveon, L50, M|100/100
|switch|p1a: Staraptor|Staraptor, L50, F|100/100
|move|p2a: Talonflame|Protect|p2a: Talonflame
|-singleturn|p2a: Talonflame|Protect
|move|p1b: Garchomp|Earthquake|p2b: Sylveon|[spread] p2b
|-activate|p2a: Talonflame|move: Protect
|-immune|p1a: Staraptor
|-damage|p2b: Sylveon|54/100
|
|upkeep
|turn|3
|inactive|Scoseb has 30 seconds left.
|
|t:|1784651334
|switch|p1b: Incineroar|Incineroar, L50, F|66/100
|-ability|p1b: Incineroar|Intimidate|boost
|-unboost|p2a: Talonflame|atk|1
|-unboost|p2b: Sylveon|atk|1
|detailschange|p1a: Staraptor|Staraptor-Mega, L50, F
|-mega|p1a: Staraptor|Staraptor|Staraptite
|move|p1a: Staraptor|Protect|p1a: Staraptor
|-singleturn|p1a: Staraptor|Protect
|move|p2a: Talonflame|Tailwind|p2a: Talonflame
|-sidestart|p2: plsbringregi|move: Tailwind
|move|p2b: Sylveon|Hyper Voice|p1a: Staraptor|[spread] p1b
|-activate|p1a: Staraptor|move: Protect
|-damage|p1b: Incineroar|25/100
|-enditem|p1b: Incineroar|Sitrus Berry|[eat]
|-heal|p1b: Incineroar|50/100g|[from] item: Sitrus Berry
|
|upkeep
|turn|4
|inactive|Scoseb has 30 seconds left.
|inactive|Scoseb has 20 seconds left.
|
|t:|1784651373
|move|p2a: Talonflame|Protect|p2a: Talonflame
|-singleturn|p2a: Talonflame|Protect
|move|p2b: Sylveon|Detect|p2b: Sylveon
|-singleturn|p2b: Sylveon|Protect
|move|p1b: Incineroar|Fake Out|p2b: Sylveon
|-activate|p2b: Sylveon|move: Protect
|move|p1a: Staraptor|Close Combat|p2a: Talonflame
|-activate|p2a: Talonflame|move: Protect
|
|upkeep
|turn|5
|
|t:|1784651385
|move|p1a: Staraptor|Protect|p1a: Staraptor
|-singleturn|p1a: Staraptor|Protect
|move|p2a: Talonflame|Brave Bird|p1b: Incineroar
|-damage|p1b: Incineroar|25/100
|-damage|p2a: Talonflame|65/100|[from] Recoil
|-damage|p2a: Talonflame|55/100|[from] item: Life Orb
|move|p2b: Sylveon|Hyper Voice|p1a: Staraptor|[spread] p1b
|-activate|p1a: Staraptor|move: Protect
|-damage|p1b: Incineroar|0 fnt
|faint|p1b: Incineroar
|
|upkeep
|
|t:|1784651398
|switch|p1b: Garchomp|Garchomp, L50, F|68/100
|turn|6
|inactive|Scoseb has 30 seconds left.
|
|t:|1784651424
|move|p1b: Garchomp|Protect|p1b: Garchomp
|-singleturn|p1b: Garchomp|Protect
|move|p2a: Talonflame|Brave Bird|p1a: Staraptor
|-supereffective|p1a: Staraptor|1
|-damage|p1a: Staraptor|41/100
|-damage|p2a: Talonflame|31/100|[from] Recoil
|-damage|p2a: Talonflame|21/100|[from] item: Life Orb
|move|p2b: Sylveon|Hyper Voice|p1b: Garchomp|[spread] p1a
|-activate|p1b: Garchomp|move: Protect
|-supereffective|p1a: Staraptor|1
|-damage|p1a: Staraptor|0 fnt
|faint|p1a: Staraptor
|
|-sideend|p2: plsbringregi|move: Tailwind
|upkeep
|
|t:|1784651436
|switch|p1a: Gholdengo|Gholdengo, L50|100/100
|turn|7
|
|t:|1784651444
|move|p1b: Garchomp|Protect||[still]
|-fail|p1b: Garchomp
|move|p2b: Sylveon|Detect|p2b: Sylveon
|-singleturn|p2b: Sylveon|Protect
|move|p2a: Talonflame|Tailwind|p2a: Talonflame
|-sidestart|p2: plsbringregi|move: Tailwind
|move|p1a: Gholdengo|Make It Rain|p2a: Talonflame|[spread] p2a
|-activate|p2b: Sylveon|move: Protect
|-resisted|p2a: Talonflame|1
|-damage|p2a: Talonflame|0 fnt
|-unboost|p1a: Gholdengo|spa|2
|faint|p2a: Talonflame
|-damage|p1a: Gholdengo|90/100|[from] item: Life Orb
|
|upkeep
|
|t:|1784651449
|switch|p2a: Gholdengo|Gholdengo, L50|100/100
|turn|8
|-message|Scoseb forfeited.
|
|win|plsbringregi
|raw|Scoseb's rating: 1307 → 1288(-19 for losing)
|raw|plsbringregi's rating: 1328 → 1347(+19 for winning)
|l|☆Scoseb
|player|p1|
|j|☆Scoseb
|player|p1|Scoseb|brycenman|
