|j|☆SloKoi
|j|☆woodenfish43
|html|SloKoiwoodenfish43    
|uhtml|bestof|Game 3 of a best-of-3
|t:|1756163986
|gametype|doubles
|player|p1|SloKoi|red-gen7|1067
|player|p2|woodenfish43|drayden|1125
|gen|9
|tier|[Gen 9] VGC 2025 Reg H (Bo3)
|rated|
|rule|Species Clause: Limit one of each Pokémon
|rule|Item Clause: Limit 1 of each item
|clearpoke
|poke|p1|Baxcalibur, L50, M|
|poke|p1|Rillaboom, L50, M|
|poke|p1|Incineroar, L50, M|
|poke|p1|Ninetales-Alola, L50, M|
|poke|p1|Primarina, L50, F|
|poke|p1|Sneasler, L50, M|
|poke|p2|Rillaboom, L50, F|
|poke|p2|Excadrill, L50, M|
|poke|p2|Tyranitar, L50, F|
|poke|p2|Corviknight, L50, M|
|poke|p2|Houndstone, L50, M|
|poke|p2|Vivillon-Monsoon, L50, F|
|teampreview|4
|showteam|p1|Baxcalibur||Leftovers|ThermalExchange|SwordsDance,IceShard,GlaiveRush,Protect|||M|||50|,,,,,Water]Rillaboom||AssaultVest|GrassySurge|FakeOut,WoodHammer,GrassyGlide,Uturn|||M|||50|,,,,,Fire]Incineroar||SitrusBerry|Intimidate|FakeOut,KnockOff,PartingShot,WillOWisp|||M|||50|,,,,,Ghost]Ninetales-Alola||LightClay|SnowWarning|IcyWind,Encore,AuroraVeil,Howl|||M|||50|,,,,,Ghost]Primarina||LifeOrb|LiquidVoice|Protect,HyperVoice,Moonblast,Blizzard|||F|||50|,,,,,Grass]Sneasler||GrassySeed|Unburden|Protect,Acrobatics,DireClaw,CloseCombat|||M|||50|,,,,,Flying
|showteam|p2|Rillaboom||LifeOrb|GrassySurge|GrassyGlide,WoodHammer,HighHorsepower,FakeOut|||F|||50|,,,,,Fire]Excadrill||ChoiceBand|SandRush|HighHorsepower,IronHead,XScissor,RockSlide|||M|||50|,,,,,Grass]Tyranitar||SafetyGoggles|SandStream|RockSlide,KnockOff,DragonDance,Snarl|||F|||50|,,,,,Bug]Corviknight||Leftovers|MirrorArmor|BodyPress,IronDefense,Taunt,Protect|||M|||50|,,,,,Fire]Houndstone||ClearAmulet|SandRush|LastRespects,Protect,DestinyBond,WillOWisp|||M|||50|,,,,,Ghost]Vivillon-Monsoon||FocusSash|CompoundEyes|SleepPowder,Hurricane,Tailwind,QuiverDance|||F|||50|,,,,,Ghost
|
|t:|1756164016
|teamsize|p1|4
|teamsize|p2|4
|start
|switch|p1a: Baxcalibur|Baxcalibur, L50, M|100/100
|switch|p1b: Rillaboom|Rillaboom, L50, M|100/100
|switch|p2a: Corviknight|Corviknight, L50, M, shiny|100/100
|switch|p2b: Excadrill|Excadrill, L50, M|100/100
|-fieldstart|move: Grassy Terrain|[from] ability: Grassy Surge|[of] p1b: Rillaboom
|turn|1
|
|t:|1756164038
|move|p1b: Rillaboom|Fake Out|p2b: Excadrill
|-resisted|p2b: Excadrill
|-damage|p2b: Excadrill|90/100
|cant|p2b: Excadrill|flinch
|move|p1a: Baxcalibur|Swords Dance|p1a: Baxcalibur
|-boost|p1a: Baxcalibur|atk|2
|move|p2a: Corviknight|Iron Defense|p2a: Corviknight
|-boost|p2a: Corviknight|def|2
|
|-heal|p2b: Excadrill|96/100|[from] Grassy Terrain
|upkeep
|turn|2
|
|t:|1756164058
|move|p1a: Baxcalibur|Protect|p1a: Baxcalibur
|-singleturn|p1a: Baxcalibur|Protect
|move|p2b: Excadrill|Iron Head|p1a: Baxcalibur
|-activate|p1a: Baxcalibur|move: Protect
|move|p1b: Rillaboom|Wood Hammer|p2b: Excadrill
|-damage|p2b: Excadrill|0 fnt
|faint|p2b: Excadrill
|-damage|p1b: Rillaboom|70/100|[from] Recoil
|move|p2a: Corviknight|Body Press|p1a: Baxcalibur
|-activate|p1a: Baxcalibur|move: Protect
|
|-heal|p1b: Rillaboom|76/100|[from] Grassy Terrain
|upkeep
|
|t:|1756164067
|switch|p2b: Rillaboom|Rillaboom, L50, F|100/100
|turn|3
|
|t:|1756164090
|switch|p1a: Incineroar|Incineroar, L50, M|100/100
|-ability|p1a: Incineroar|Intimidate|boost
|-ability|p2a: Corviknight|Mirror Armor
|-unboost|p1a: Incineroar|atk|1
|-unboost|p2b: Rillaboom|atk|1
|-terastallize|p2b: Rillaboom|Fire
|move|p2b: Rillaboom|Wood Hammer|p1a: Incineroar
|-resisted|p1a: Incineroar
|-damage|p1a: Incineroar|66/100
|-damage|p2b: Rillaboom|88/100|[from] Recoil
|-damage|p2b: Rillaboom|78/100|[from] item: Life Orb
|move|p1b: Rillaboom|U-turn|p2b: Rillaboom
|-resisted|p2b: Rillaboom
|-damage|p2b: Rillaboom|66/100
|
|t:|1756164105
|switch|p1b: Ninetales|Ninetales-Alola, L50, M|100/100|[from] U-turn
|-weather|Snowscape|[from] ability: Snow Warning|[of] p1b: Ninetales
|move|p2a: Corviknight|Body Press|p1a: Incineroar
|-supereffective|p1a: Incineroar
|-damage|p1a: Incineroar|0 fnt
|faint|p1a: Incineroar
|
|-weather|Snowscape|[upkeep]
|-heal|p2b: Rillaboom|72/100|[from] Grassy Terrain
|upkeep
|
|t:|1756164114
|switch|p1a: Rillaboom|Rillaboom, L50, M|76/100
|turn|4
|
|t:|1756164123
|switch|p2a: Tyranitar|Tyranitar, L50, F|100/100
|-weather|Sandstorm|[from] ability: Sand Stream|[of] p2a: Tyranitar
|move|p1b: Ninetales|Aurora Veil||[still]
|-fail|p1b: Ninetales
|move|p2b: Rillaboom|Wood Hammer|p1b: Ninetales
|-damage|p1b: Ninetales|0 fnt
|faint|p1b: Ninetales
|-damage|p2b: Rillaboom|39/100|[from] Recoil
|-damage|p2b: Rillaboom|29/100|[from] item: Life Orb
|move|p1a: Rillaboom|Wood Hammer|p2b: Rillaboom
|-resisted|p2b: Rillaboom
|-damage|p2b: Rillaboom|0 fnt
|faint|p2b: Rillaboom
|-damage|p1a: Rillaboom|67/100|[from] Recoil
|
|-weather|Sandstorm|[upkeep]
|-damage|p1a: Rillaboom|61/100|[from] Sandstorm
|-heal|p1a: Rillaboom|67/100|[from] Grassy Terrain
|upkeep
|
|t:|1756164138
|switch|p1b: Baxcalibur|Baxcalibur, L50, M|100/100
|switch|p2b: Corviknight|Corviknight, L50, M, shiny|100/100
|turn|5
|
|t:|1756164180
|move|p1b: Baxcalibur|Swords Dance|p1b: Baxcalibur
|-boost|p1b: Baxcalibur|atk|2
|move|p1a: Rillaboom|Wood Hammer|p2a: Tyranitar
|-supereffective|p2a: Tyranitar
|-damage|p2a: Tyranitar|0 fnt
|faint|p2a: Tyranitar
|-damage|p1a: Rillaboom|34/100|[from] Recoil
|move|p2b: Corviknight|Body Press|p1b: Baxcalibur
|-supereffective|p1b: Baxcalibur
|-damage|p1b: Baxcalibur|50/100
|
|-weather|Sandstorm|[upkeep]
|-damage|p1b: Baxcalibur|44/100|[from] Sandstorm
|-damage|p1a: Rillaboom|28/100|[from] Sandstorm
|-heal|p1b: Baxcalibur|50/100|[from] Grassy Terrain
|-heal|p1b: Baxcalibur|57/100|[from] item: Leftovers
|-heal|p1a: Rillaboom|34/100|[from] Grassy Terrain
|-fieldend|move: Grassy Terrain
|upkeep
|turn|6
|inactive|Battle timer is ON: inactive players will automatically lose when time's up. (requested by SloKoi)
|inactive|SloKoi has 60 seconds left.
|
|t:|1756164234
|-terastallize|p1b: Baxcalibur|Water
|move|p1b: Baxcalibur|Ice Shard|p2b: Corviknight
|-damage|p2b: Corviknight|68/100
|move|p1a: Rillaboom|Wood Hammer|p2b: Corviknight
|-resisted|p2b: Corviknight
|-damage|p2b: Corviknight|57/100
|-damage|p1a: Rillaboom|31/100|[from] Recoil
|move|p2b: Corviknight|Iron Defense|p2b: Corviknight
|-boost|p2b: Corviknight|def|2
|
|-weather|Sandstorm|[upkeep]
|-damage|p1b: Baxcalibur|50/100|[from] Sandstorm
|-damage|p1a: Rillaboom|24/100|[from] Sandstorm
|-heal|p1b: Baxcalibur|57/100|[from] item: Leftovers
|-heal|p2b: Corviknight|63/100|[from] item: Leftovers
|upkeep
|turn|7
|
|t:|1756164252
|move|p1b: Baxcalibur|Ice Shard|p2b: Corviknight
|-damage|p2b: Corviknight|46/100
|move|p1a: Rillaboom|Wood Hammer|p2b: Corviknight
|-resisted|p2b: Corviknight
|-damage|p2b: Corviknight|41/100
|-damage|p1a: Rillaboom|23/100|[from] Recoil
|move|p2b: Corviknight|Iron Defense|p2b: Corviknight
|-boost|p2b: Corviknight|def|2
|
|-weather|Sandstorm|[upkeep]
|-damage|p1b: Baxcalibur|50/100|[from] Sandstorm
|-damage|p1a: Rillaboom|17/100|[from] Sandstorm
|-heal|p1b: Baxcalibur|57/100|[from] item: Leftovers
|-heal|p2b: Corviknight|47/100|[from] item: Leftovers
|upkeep
|turn|8
|
|t:|1756164265
|move|p1b: Baxcalibur|Ice Shard|p2b: Corviknight
|-damage|p2b: Corviknight|38/100
|move|p1a: Rillaboom|Wood Hammer|p2b: Corviknight
|-resisted|p2b: Corviknight
|-damage|p2b: Corviknight|35/100
|-damage|p1a: Rillaboom|16/100|[from] Recoil
|move|p2b: Corviknight|Body Press|p1b: Baxcalibur
|-damage|p1b: Baxcalibur|0 fnt
|faint|p1b: Baxcalibur
|
|-weather|none
|-heal|p2b: Corviknight|41/100|[from] item: Leftovers
|upkeep
|turn|9
|
|t:|1756164276
|move|p2b: Corviknight|Protect|p2b: Corviknight
|-singleturn|p2b: Corviknight|Protect
|move|p1a: Rillaboom|Wood Hammer|p2b: Corviknight
|-activate|p2b: Corviknight|move: Protect
|
|-heal|p2b: Corviknight|47/100|[from] item: Leftovers
|upkeep
|turn|10
|
|t:|1756164281
|move|p1a: Rillaboom|Wood Hammer|p2b: Corviknight
|-resisted|p2b: Corviknight
|-damage|p2b: Corviknight|43/100
|-damage|p1a: Rillaboom|15/100|[from] Recoil
|move|p2b: Corviknight|Body Press|p1a: Rillaboom
|-damage|p1a: Rillaboom|0 fnt
|faint|p1a: Rillaboom
|
|win|woodenfish43
|raw|SloKoi's rating: 1067 → 1050(-17 for losing)
|raw|woodenfish43's rating: 1125 → 1146(+21 for winning)
