|j|☆Googole
|j|‽battle sim trainer
|html|Googolebattle sim trainer    
|uhtml|bestof|Game 2 of a best-of-3
|t:|1756214769
|gametype|doubles
|player|p1|Googole|cynthia-gen4|1054
|player|p2|battle sim trainer|turo|1077
|gen|9
|tier|[Gen 9] VGC 2025 Reg H (Bo3)
|rated|
|rule|Species Clause: Limit one of each Pokémon
|rule|Item Clause: Limit 1 of each item
|clearpoke
|poke|p1|Gholdengo, L50|
|poke|p1|Annihilape, L50, M|
|poke|p1|Incineroar, L50, F|
|poke|p1|Whimsicott, L50, M|
|poke|p1|Primarina, L50, F|
|poke|p1|Sneasler, L50, F|
|poke|p2|Ursaluna, L50, F|
|poke|p2|Indeedee-F, L50, F|
|poke|p2|Torkoal, L50, F|
|poke|p2|Gallade, L50, M|
|poke|p2|Annihilape, L50, M|
|poke|p2|Armarouge, L50, F|
|teampreview|4
|showteam|p1|Gholdengo||LifeOrb|GoodasGold|ShadowBall,MakeItRain,Protect,NastyPlot||||||50|,,,,,Water]Annihilape||SitrusBerry|Defiant|CloseCombat,RageFist,Protect,BulkUp|||M|||50|,,,,,Grass]Incineroar||SafetyGoggles|Intimidate|FakeOut,PartingShot,KnockOff,FlareBlitz|||F|||50|,,,,,Ghost]Whimsicott||CovertCloak|Prankster|Encore,Tailwind,BeatUp,Moonblast|||M|||50|,,,,,Poison]Primarina||ThroatSpray|LiquidVoice|HyperVoice,Haze,Protect,Moonblast|||F|||50|,,,,,Poison]Sneasler||FocusSash|PoisonTouch|CloseCombat,DireClaw,Protect,FakeOut|||F|||50|,,,,,Stellar
|showteam|p2|Ursaluna||FlameOrb|Guts|Earthquake,Facade,Protect,HeadlongRush|||F|||50|,,,,,Ghost]Indeedee-F||RockyHelmet|PsychicSurge|HelpingHand,TrickRoom,FollowMe,Psychic|||F|||50|,,,,,Steel]Torkoal||Charcoal|Drought|Eruption,WeatherBall,ClearSmog,SolarBeam|||F|||50|,,,,,Fire]Gallade||ClearAmulet|Sharpness|PsychoCut,SacredSword,NightSlash,TrickRoom|||M|||50|,,,,,Fire]Annihilape||ChoiceScarf|Defiant|Taunt,CloseCombat,RageFist,FinalGambit|||M|||50|,,,,,Fighting]Armarouge||PsychicSeed|FlashFire|ExpandingForce,Flamethrower,WideGuard,TrickRoom|||F|||50|,,,,,Grass
|
|t:|1756214857
|teamsize|p1|4
|teamsize|p2|4
|start
|switch|p1a: Incineroar|Incineroar, L50, F|100/100
|switch|p1b: Primarina|Primarina, L50, F|100/100
|switch|p2a: Annihilape|Annihilape, L50, M|100/100
|switch|p2b: Gallade|Gallade, L50, M|100/100
|-ability|p1a: Incineroar|Intimidate|boost
|-unboost|p2a: Annihilape|atk|1
|-ability|p2a: Annihilape|Defiant|boost
|-boost|p2a: Annihilape|atk|2
|-fail|p2b: Gallade|unboost|[from] item: Clear Amulet|[of] p2b: Gallade
|turn|1
|inactive|Battle timer is ON: inactive players will automatically lose when time's up. (requested by Googole)
|
|t:|1756214916
|-terastallize|p2b: Gallade|Fire
|move|p2a: Annihilape|Close Combat|p1a: Incineroar
|-supereffective|p1a: Incineroar
|-damage|p1a: Incineroar|0 fnt
|-unboost|p2a: Annihilape|def|1
|-unboost|p2a: Annihilape|spd|1
|faint|p1a: Incineroar
|move|p1b: Primarina|Hyper Voice|p2a: Annihilape|[spread] p2a,p2b
|-supereffective|p2b: Gallade
|-damage|p2a: Annihilape|60/100
|-damage|p2b: Gallade|51/100
|-enditem|p1b: Primarina|Throat Spray
|-boost|p1b: Primarina|spa|1|[from] item: Throat Spray
|move|p2b: Gallade|Trick Room|p2b: Gallade
|-fieldstart|move: Trick Room|[of] p2b: Gallade
|
|upkeep
|inactive|Googole has 30 seconds left.
|
|t:|1756214943
|switch|p1a: Gholdengo|Gholdengo, L50|100/100
|turn|2
|n|☆battle sim trainer|battlesimtrainer
|inactive|battle sim trainer has 30 seconds left.
|inactive|battle sim trainer has 20 seconds left.
|
|t:|1756214981
|switch|p2a: Torkoal|Torkoal, L50, F|100/100
|-weather|SunnyDay|[from] ability: Drought|[of] p2a: Torkoal
|move|p2b: Gallade|Night Slash|p1a: Gholdengo
|-supereffective|p1a: Gholdengo
|-damage|p1a: Gholdengo|23/100
|move|p1b: Primarina|Hyper Voice|p2a: Torkoal|[spread] p2a,p2b
|-supereffective|p2a: Torkoal
|-supereffective|p2b: Gallade
|-damage|p2a: Torkoal|33/100
|-damage|p2b: Gallade|10/100
|move|p1a: Gholdengo|Shadow Ball|p2a: Torkoal
|-damage|p2a: Torkoal|0 fnt
|faint|p2a: Torkoal
|-damage|p1a: Gholdengo|14/100|[from] item: Life Orb
|
|-weather|SunnyDay|[upkeep]
|upkeep
|
|t:|1756214993
|switch|p2a: Ursaluna|Ursaluna, L50, F|100/100
|turn|3
|
|t:|1756215008
|move|p1b: Primarina|Protect|p1b: Primarina
|-singleturn|p1b: Primarina|Protect
|move|p2a: Ursaluna|Headlong Rush|p1b: Primarina
|-activate|p1b: Primarina|move: Protect
|move|p2b: Gallade|Psycho Cut|p1b: Primarina
|-activate|p1b: Primarina|move: Protect
|move|p1a: Gholdengo|Make It Rain|p2b: Gallade|[spread] p2a,p2b
|-resisted|p2b: Gallade
|-damage|p2a: Ursaluna|48/100
|-damage|p2b: Gallade|0 fnt
|-unboost|p1a: Gholdengo|spa|1
|faint|p2b: Gallade
|-damage|p1a: Gholdengo|4/100|[from] item: Life Orb
|
|-weather|SunnyDay|[upkeep]
|-status|p2a: Ursaluna|brn|[from] item: Flame Orb
|upkeep
|
|t:|1756215018
|switch|p2b: Annihilape|Annihilape, L50, M|60/100
|turn|4
|inactive|Googole has 30 seconds left.
|inactive|Googole has 20 seconds left.
|
|t:|1756215056
|move|p2a: Ursaluna|Headlong Rush|p1b: Primarina
|-damage|p1b: Primarina|0 fnt
|-unboost|p2a: Ursaluna|def|1
|-unboost|p2a: Ursaluna|spd|1
|faint|p1b: Primarina
|move|p1a: Gholdengo|Shadow Ball|p2b: Annihilape
|-supereffective|p2b: Annihilape
|-damage|p2b: Annihilape|0 fnt
|faint|p2b: Annihilape
|-damage|p1a: Gholdengo|0 fnt|[from] item: Life Orb
|faint|p1a: Gholdengo
|
|-weather|SunnyDay|[upkeep]
|-damage|p2a: Ursaluna|42/100 brn|[from] brn
|upkeep
|
|t:|1756215068
|switch|p1b: Annihilape|Annihilape, L50, M|100/100
|turn|5
|
|t:|1756215078
|move|p1b: Annihilape|Protect|p1b: Annihilape
|-singleturn|p1b: Annihilape|Protect
|move|p2a: Ursaluna|Headlong Rush|p1b: Annihilape
|-activate|p1b: Annihilape|move: Protect
|
|-weather|SunnyDay|[upkeep]
|-damage|p2a: Ursaluna|36/100 brn|[from] brn
|-fieldend|move: Trick Room
|upkeep
|turn|6
|c|☆battle sim trainer|ggwp
|inactive|Googole has 30 seconds left.
|inactive|Googole has 20 seconds left.
|inactive|Googole has 15 seconds left.
|inactive|Googole has 10 seconds left.
|inactive|Googole has 5 seconds left.
|
|t:|1756215131
|move|p1b: Annihilape|Close Combat|p2a: Ursaluna
|-supereffective|p2a: Ursaluna
|-damage|p2a: Ursaluna|0 fnt
|-unboost|p1b: Annihilape|def|1
|-unboost|p1b: Annihilape|spd|1
|faint|p2a: Ursaluna
|
|win|Googole
|c|☆Googole|ggs
||Googole is ready for game 3.
