|j|☆oscraft89
|j|☆SRareFox
|html|oscraft89SRareFox    
|uhtml|bestof|Game 2 of a best-of-3
|t:|1757178034
|gametype|doubles
|player|p1|oscraft89|265|1332
|player|p2|SRareFox|169|1329
|gen|9
|tier|[Gen 9] VGC 2025 Reg H (Bo3)
|rated|
|rule|Species Clause: Limit one of each Pokémon
|rule|Item Clause: Limit 1 of each item
|clearpoke
|poke|p1|Sneasler, L50, M|
|poke|p1|Baxcalibur, L50, F|
|poke|p1|Kingambit, L50, F|
|poke|p1|Ninetales-Alola, L50, F|
|poke|p1|Rillaboom, L50, M|
|poke|p1|Volcarona, L50, M|
|poke|p2|Hatterene, L50, F|
|poke|p2|Indeedee-F, L50, F|
|poke|p2|Gallade, L50, M|
|poke|p2|Ursaluna, L50, F|
|poke|p2|Torkoal, L50, M|
|poke|p2|Porygon2, L50|
|teampreview|4
|showteam|p1|Sneasler||FocusSash|Unburden|DireClaw,CloseCombat,Coaching,Protect|||M|||50|,,,,,Ghost]Baxcalibur||LoadedDice|ThermalExchange|ScaleShot,IcicleSpear,IceShard,Protect|||F|||50|,,,,,Ghost]Kingambit||SafetyGoggles|Defiant|KowtowCleave,SuckerPunch,SwordsDance,Protect|||F|||50|,,,,,Dark]Ninetales-Alola||LifeOrb|SnowWarning|Blizzard,FreezeDry,Moonblast,Protect|||F|||50|,,,,,Ice]Rillaboom||AssaultVest|GrassySurge|FakeOut,GrassyGlide,WoodHammer,HighHorsepower|||M|||50|,,,,,Grass]Volcarona||CovertCloak|FlameBody|QuiverDance,TeraBlast,HeatWave,RagePowder|||M|||50|,,,,,Fairy
|showteam|p2|Hatterene||LifeOrb|MagicBounce|ExpandingForce,DazzlingGleam,TrickRoom,MysticalFire|||F|||50|,,,,,Fire]Indeedee-F||SafetyGoggles|PsychicSurge|Psychic,FollowMe,TrickRoom,HelpingHand|||F|||50|,,,,,Water]Gallade||ClearAmulet|Sharpness|PsychoCut,SacredSword,TrickRoom,WideGuard|||M|||50|,,,,,Grass]Ursaluna||FlameOrb|Guts|Facade,HeadlongRush,Earthquake,Protect|||F|||50|,,,,,Ghost]Torkoal||Charcoal|Drought|Eruption,WeatherBall,ClearSmog,Protect|||M|||50|,,,,,Fire]Porygon2||Eviolite|Download|IceBeam,TeraBlast,TrickRoom,Recover||||||50|,,,,,Flying
|inactive|Battle timer is ON: inactive players will automatically lose when time's up. (requested by SRareFox)
|inactive|SRareFox has 60 seconds left.
|
|t:|1757178082
|teamsize|p1|4
|teamsize|p2|4
|start
|switch|p1a: Kingambit|Kingambit, L50, F|100/100
|switch|p1b: Ninetales|Ninetales-Alola, L50, F|100/100
|switch|p2a: Hatterene|Hatterene, L50, F|100/100
|switch|p2b: Indeedee|Indeedee-F, L50, F|100/100
|-weather|Snowscape|[from] ability: Snow Warning|[of] p1b: Ninetales
|-fieldstart|move: Psychic Terrain|[from] ability: Psychic Surge|[of] p2b: Indeedee
|turn|1
|
|t:|1757178099
|switch|p2b: Torkoal|Torkoal, L50, M|100/100
|-weather|SunnyDay|[from] ability: Drought|[of] p2b: Torkoal
|-terastallize|p2a: Hatterene|Fire
|move|p1b: Ninetales|Blizzard|p2a: Hatterene|[spread] p2b
|-miss|p1b: Ninetales|p2a: Hatterene
|-resisted|p2b: Torkoal
|-damage|p2b: Torkoal|75/100
|-damage|p1b: Ninetales|91/100|[from] item: Life Orb
|move|p1a: Kingambit|Swords Dance|p1a: Kingambit
|-boost|p1a: Kingambit|atk|2
|move|p2a: Hatterene|Trick Room|p2a: Hatterene
|-fieldstart|move: Trick Room|[of] p2a: Hatterene
|
|-weather|SunnyDay|[upkeep]
|upkeep
|turn|2
|inactive|SRareFox has 30 seconds left.
|
|t:|1757178130
|switch|p2a: Porygon2|Porygon2, L50|100/100
|-ability|p2a: Porygon2|Download|boost
|-boost|p2a: Porygon2|spa|1
|switch|p1b: Rillaboom|Rillaboom, L50, M|100/100
|-fieldstart|move: Grassy Terrain|[from] ability: Grassy Surge|[of] p1b: Rillaboom
|-terastallize|p1a: Kingambit|Dark
|move|p1a: Kingambit|Sucker Punch|p2b: Torkoal
|-damage|p2b: Torkoal|0 fnt
|faint|p2b: Torkoal
|
|-weather|SunnyDay|[upkeep]
|upkeep
|
|t:|1757178148
|switch|p2b: Hatterene|Hatterene, L50, F, tera:Fire|100/100
|turn|3
|
|t:|1757178161
|switch|p2a: Indeedee|Indeedee-F, L50, F|100/100
|-fieldstart|move: Psychic Terrain|[from] ability: Psychic Surge|[of] p2a: Indeedee
|move|p1a: Kingambit|Protect|p1a: Kingambit
|-singleturn|p1a: Kingambit|Protect
|move|p2b: Hatterene|Mystical Fire|p1b: Rillaboom
|-supereffective|p1b: Rillaboom
|-damage|p1b: Rillaboom|0 fnt
|faint|p1b: Rillaboom
|-damage|p2b: Hatterene|91/100|[from] item: Life Orb
|
|-weather|SunnyDay|[upkeep]
|upkeep
|
|t:|1757178172
|switch|p1b: Ninetales|Ninetales-Alola, L50, F|91/100
|-weather|Snowscape|[from] ability: Snow Warning|[of] p1b: Ninetales
|turn|4
|
|t:|1757178188
|move|p2a: Indeedee|Follow Me|p2a: Indeedee
|-singleturn|p2a: Indeedee|move: Follow Me
|move|p2b: Hatterene|Mystical Fire|p1b: Ninetales
|-supereffective|p1b: Ninetales
|-damage|p1b: Ninetales|0 fnt
|faint|p1b: Ninetales
|-damage|p2b: Hatterene|81/100|[from] item: Life Orb
|move|p1a: Kingambit|Kowtow Cleave|p2a: Indeedee
|-supereffective|p2a: Indeedee
|-damage|p2a: Indeedee|0 fnt
|faint|p2a: Indeedee
|
|-weather|Snowscape|[upkeep]
|upkeep
|
|t:|1757178196
|switch|p2a: Porygon2|Porygon2, L50|100/100
|switch|p1b: Sneasler|Sneasler, L50, M|100/100
|-ability|p2a: Porygon2|Download|boost
|-boost|p2a: Porygon2|spa|1
|turn|5
|
|t:|1757178220
|move|p2b: Hatterene|Dazzling Gleam|p1a: Kingambit|[spread] p1a,p1b
|-supereffective|p1a: Kingambit
|-damage|p1a: Kingambit|10/100
|-damage|p1b: Sneasler|33/100
|-damage|p2b: Hatterene|71/100|[from] item: Life Orb
|move|p2a: Porygon2|Tera Blast|p1b: Sneasler
|-damage|p1b: Sneasler|0 fnt
|faint|p1b: Sneasler
|move|p1a: Kingambit|Kowtow Cleave|p2b: Hatterene
|-damage|p2b: Hatterene|0 fnt
|faint|p2b: Hatterene
|
|-weather|Snowscape|[upkeep]
|-fieldend|move: Trick Room
|upkeep
|turn|6
|
|t:|1757178234
|move|p1a: Kingambit|Kowtow Cleave|p2a: Porygon2
|-damage|p2a: Porygon2|20/100
|move|p2a: Porygon2|Tera Blast|p1a: Kingambit
|-damage|p1a: Kingambit|0 fnt
|faint|p1a: Kingambit
|
|win|SRareFox
||oscraft89 is ready for game 3.
