|j|☆EnigmaEUW
|j|‽ColustrioVGC
|html|EnigmaEUWColustrioVGC    
|uhtml|bestof|Game 2 of a best-of-3
|t:|1757806715
|gametype|doubles
|player|p1|EnigmaEUW|ingo|
|player|p2|ColustrioVGC|170|
|gen|9
|tier|[Gen 9] VGC 2025 Reg H (Bo3)
|rule|Species Clause: Limit one of each Pokémon
|rule|Item Clause: Limit 1 of each item
|clearpoke
|poke|p1|Pelipper, L50, M|
|poke|p1|Archaludon, L50, M|
|poke|p1|Incineroar, L50, F|
|poke|p1|Hydreigon, L50, M|
|poke|p1|Ursaluna, L50, F|
|poke|p1|Amoonguss, L50, M|
|poke|p2|Dragonite, L50, F|
|poke|p2|Primarina, L50, M|
|poke|p2|Porygon2, L50|
|poke|p2|Ursaluna, L50, M|
|poke|p2|Incineroar, L50, M|
|poke|p2|Yanmega, L50, F|
|teampreview|4
|showteam|p1|Pelipper||CovertCloak|Drizzle|WeatherBall,Hurricane,Tailwind,Protect|||M|||50|,,,,,Grass]Archaludon||AssaultVest|Stamina|ElectroShot,BodyPress,DracoMeteor,FlashCannon|||M|||50|,,,,,Bug]Incineroar||RockyHelmet|Intimidate|FlareBlitz,KnockOff,FakeOut,PartingShot|||F|||50|,,,,,Grass]Hydreigon||SafetyGoggles|Levitate|Snarl,DracoMeteor,Tailwind,Protect|||M|||50|,,,,,Fire]Ursaluna||FlameOrb|Guts|Facade,Earthquake,HeadlongRush,Protect|||F|||50|,,,,,Ghost]Amoonguss||SitrusBerry|Regenerator|Spore,RagePowder,PollenPuff,Protect|||M|||50|,,,,,Water
|showteam|p2|Dragonite||LoadedDice|Multiscale|ScaleShot,IceSpinner,Protect,Haze|||F|||50|,,,,,Fairy]Primarina||ThroatSpray|Torrent|HyperVoice,Moonblast,Protect,ShadowBall|||M|||50|,,,,,Poison]Porygon2||Eviolite|Download|TeraBlast,IceBeam,Recover,TrickRoom||||||50|,,,,,Flying]Ursaluna||FlameOrb|Guts|HeadlongRush,Protect,Facade,Earthquake|||M|||50|,,,,,Ghost]Incineroar||SafetyGoggles|Intimidate|FakeOut,KnockOff,PartingShot,FlareBlitz|||M|||50|,,,,,Ghost]Yanmega||FocusSash|SpeedBoost|BugBuzz,AirSlash,Detect,Tailwind|||F|||50|,,,,,Ghost
|inactive|Battle timer is ON: inactive players will automatically lose when time's up. (requested by EnigmaEUW)
|inactive|EnigmaEUW has 60 seconds left.
|
|t:|1757806747
|teamsize|p1|4
|teamsize|p2|4
|start
|switch|p1a: Incineroar|Incineroar, L50, F|100/100
|switch|p1b: Amoonguss|Amoonguss, L50, M|100/100
|switch|p2a: Incineroar|Incineroar, L50, M|100/100
|switch|p2b: Porygon2|Porygon2, L50, shiny|100/100
|-ability|p1a: Incineroar|Intimidate|boost
|-unboost|p2a: Incineroar|atk|1
|-unboost|p2b: Porygon2|atk|1
|-ability|p2a: Incineroar|Intimidate|boost
|-unboost|p1a: Incineroar|atk|1
|-unboost|p1b: Amoonguss|atk|1
|-ability|p2b: Porygon2|Download|boost
|-boost|p2b: Porygon2|atk|1
|turn|1
|inactive|ColustrioVGC has 30 seconds left.
|inactive|ColustrioVGC has 20 seconds left.
|inactive|ColustrioVGC has 15 seconds left.
|
|t:|1757806788
|move|p1a: Incineroar|Fake Out|p2a: Incineroar
|-crit|p2a: Incineroar
|-damage|p2a: Incineroar|87/100
|cant|p2a: Incineroar|flinch
|move|p2b: Porygon2|Ice Beam|p1b: Amoonguss
|-supereffective|p1b: Amoonguss
|-damage|p1b: Amoonguss|50/100
|-status|p1b: Amoonguss|frz
|-enditem|p1b: Amoonguss|Sitrus Berry|[eat]
|-heal|p1b: Amoonguss|75/100 frz|[from] item: Sitrus Berry
|cant|p1b: Amoonguss|frz
|
|upkeep
|turn|2
|inactive|EnigmaEUW has 30 seconds left.
|
|t:|1757806820
|switch|p1b: Archaludon|Archaludon, L50, M|100/100
|move|p1a: Incineroar|Parting Shot|p2b: Porygon2
|-unboost|p2b: Porygon2|atk|1
|-unboost|p2b: Porygon2|spa|1
|
|t:|1757806825
|switch|p1a: Pelipper|Pelipper, L50, M|100/100|[from] Parting Shot
|-weather|RainDance|[from] ability: Drizzle|[of] p1a: Pelipper
|move|p2a: Incineroar|Parting Shot|p1a: Pelipper
|-unboost|p1a: Pelipper|atk|1
|-unboost|p1a: Pelipper|spa|1
|
|t:|1757806833
|switch|p2a: Ursaluna|Ursaluna, L50, M, shiny|100/100|[from] Parting Shot
|move|p2b: Porygon2|Trick Room|p2b: Porygon2
|-fieldstart|move: Trick Room|[of] p2b: Porygon2
|
|-weather|RainDance|[upkeep]
|-status|p2a: Ursaluna|brn|[from] item: Flame Orb
|upkeep
|turn|3
|
|t:|1757806846
|-terastallize|p1b: Archaludon|Bug
|move|p2a: Ursaluna|Facade|p1b: Archaludon
|-damage|p1b: Archaludon|20/100
|-ability|p1b: Archaludon|Stamina|boost
|-boost|p1b: Archaludon|def|1
|move|p2b: Porygon2|Ice Beam|p1a: Pelipper
|-damage|p1a: Pelipper|72/100
|move|p1b: Archaludon|Body Press|p2a: Ursaluna
|-supereffective|p2a: Ursaluna
|-damage|p2a: Ursaluna|39/100 brn
|move|p1a: Pelipper|Weather Ball|p2a: Ursaluna
|-supereffective|p2a: Ursaluna
|-damage|p2a: Ursaluna|0 fnt
|faint|p2a: Ursaluna
|
|-weather|RainDance|[upkeep]
|upkeep
|
|t:|1757806861
|switch|p2a: Primarina|Primarina, L50, M|100/100
|turn|4
|
|t:|1757806877
|switch|p1a: Amoonguss|Amoonguss, L50, M|100/100 frz
|-terastallize|p2b: Porygon2|Flying
|move|p2b: Porygon2|Tera Blast|p1b: Archaludon|[anim] Tera Blast Flying
|-supereffective|p1b: Archaludon
|-damage|p1b: Archaludon|0 fnt
|faint|p1b: Archaludon
|move|p2a: Primarina|Hyper Voice|p1a: Amoonguss
|-damage|p1a: Amoonguss|75/100 frz
|-enditem|p2a: Primarina|Throat Spray
|-boost|p2a: Primarina|spa|1|[from] item: Throat Spray
|
|-weather|RainDance|[upkeep]
|upkeep
|
|t:|1757806885
|switch|p1b: Pelipper|Pelipper, L50, M|72/100
|turn|5
|
|t:|1757806895
|cant|p1a: Amoonguss|frz
|move|p2b: Porygon2|Ice Beam|p1a: Amoonguss
|-supereffective|p1a: Amoonguss
|-damage|p1a: Amoonguss|41/100 frz
|move|p2a: Primarina|Moonblast|p1b: Pelipper
|-damage|p1b: Pelipper|0 fnt
|faint|p1b: Pelipper
|
|-weather|RainDance|[upkeep]
|upkeep
|
|t:|1757806899
|switch|p1b: Incineroar|Incineroar, L50, F|100/100
|-ability|p1b: Incineroar|Intimidate|boost
|-unboost|p2a: Primarina|atk|1
|-unboost|p2b: Porygon2|atk|1
|turn|6
|
|t:|1757806908
|move|p1b: Incineroar|Fake Out|p2b: Porygon2
|-damage|p2b: Porygon2|93/100
|cant|p1a: Amoonguss|frz
|cant|p2b: Porygon2|flinch
|move|p2a: Primarina|Hyper Voice|p1b: Incineroar|[spread] p1a,p1b
|-damage|p1a: Amoonguss|15/100 frz
|-damage|p1b: Incineroar|75/100
|
|-weather|none
|-fieldend|move: Trick Room
|upkeep
|turn|7
|j| ethnol1816
|
|t:|1757806929
|cant|p1a: Amoonguss|frz
|move|p1b: Incineroar|Knock Off|p2b: Porygon2
|-crit|p2b: Porygon2
|-damage|p2b: Porygon2|50/100
|-enditem|p2b: Porygon2|Eviolite|[from] move: Knock Off|[of] p1b: Incineroar
|move|p2a: Primarina|Hyper Voice|p1b: Incineroar|[spread] p1a,p1b
|-damage|p1a: Amoonguss|0 fnt
|-damage|p1b: Incineroar|53/100
|faint|p1a: Amoonguss
|move|p2b: Porygon2|Tera Blast|p1b: Incineroar|[anim] Tera Blast Flying
|-crit|p1b: Incineroar
|-damage|p1b: Incineroar|12/100
|
|upkeep
|turn|8
|
|t:|1757806943
|move|p1b: Incineroar|Flare Blitz|p2b: Porygon2
|-damage|p2b: Porygon2|3/100
|-damage|p1b: Incineroar|0 fnt|[from] Recoil
|faint|p1b: Incineroar
|
|win|ColustrioVGC
||EnigmaEUW is ready for game 3.
|inactive|ColustrioVGC has 30 seconds to confirm battle start!
|inactive|ColustrioVGC has 20 seconds to confirm battle start!
|inactive|ColustrioVGC has 10 seconds to confirm battle start!
|l|‽ColustrioVGC
|player|p2|
|uhtml|next|Next: Game 3 of 3
|j|‽ColustrioVGC
|player|p2|ColustrioVGC|170|
|n|‽ColustrioVGC|colustriovgc
|l| ethnol1816
