|j|☆wenas noches 2
|j|☆lettykings
|html|wenas noches 2lettykings    
|uhtml|bestof|Game 1 of a best-of-3
|t:|1782527831
|gametype|doubles
|player|p1|wenas noches 2|266|1031
|player|p2|lettykings|clair|1114
|gen|9
|tier|[Gen 9 Champions] VGC 2026 Reg M-B (Bo3)
|rated|
|rule|Species Clause: Limit one of each Pokémon
|rule|Item Clause: Limit 1 of each item
|clearpoke
|poke|p1|Scrafty, L50, M|
|poke|p1|Gholdengo, L50|
|poke|p1|Dragalge, L50, M|
|poke|p1|Gallade, L50, M|
|poke|p1|Farigiraf, L50, M|
|poke|p1|Gyarados, L50, M|
|poke|p2|Charizard, L50, F|
|poke|p2|Garchomp, L50, F|
|poke|p2|Basculegion, L50, M|
|poke|p2|Incineroar, L50, F|
|poke|p2|Venusaur, L50, M|
|poke|p2|Whimsicott, L50, M|
|teampreview|4
|showteam|p1|Scrafty||Scraftinite|Intimidate|FakeOut,DrainPunch,Protect,KnockOff|Relaxed||M|||50|]Gholdengo||LifeOrb|GoodasGold|NastyPlot,MakeItRain,ShadowBall,Protect|Modest|||||50|]Dragalge||WhiteHerb|Adaptability|DracoMeteor,SludgeBomb,Protect,Toxic|Quiet||M|||50|]Gallade||ChoiceScarf|Sharpness|SacredSword,RockSlide,PsychoCut,RockTomb|Jolly||M|||50|]Farigiraf||Leftovers|ArmorTail|TwinBeam,TrickRoom,AllySwitch,HelpingHand|Relaxed||M|||50|]Gyarados||SitrusBerry|Intimidate|ThunderWave,Waterfall,IcyWind,Roar|Adamant||M|||50|
|showteam|p2|Charizard||CharizarditeY|Blaze|HeatWave,SolarBeam,WeatherBall,Protect|Modest||F|||50|]Garchomp||LifeOrb|RoughSkin|Earthquake,DragonClaw,RockSlide,Protect|Jolly||F|||50|]Basculegion||MysticWater|Adaptability|WaveCrash,LastRespects,AquaJet,Protect|Adamant||M|||50|]Incineroar||SitrusBerry|Intimidate|ThroatChop,FlareBlitz,PartingShot,FakeOut|Careful||F|||50|]Venusaur||CobaBerry|Chlorophyll|GigaDrain,SludgeBomb,EarthPower,Protect|Modest||M|||50|]Whimsicott||FocusSash|Prankster|Moonblast,Encore,Tailwind,Protect|Timid||M|||50|
|
|t:|1782527961
|teamsize|p1|4
|teamsize|p2|4
|start
|switch|p1a: Gallade|Gallade, L50, M|100/100
|switch|p1b: Farigiraf|Farigiraf, L50, M|100/100
|switch|p2a: Charizard|Charizard, L50, F|100/100
|switch|p2b: Garchomp|Garchomp, L50, F|100/100
|turn|1
|
|t:|1782527974
|switch|p1b: Gyarados|Gyarados, L50, M|100/100
|-ability|p1b: Gyarados|Intimidate|boost
|-unboost|p2a: Charizard|atk|1
|-unboost|p2b: Garchomp|atk|1
|detailschange|p2a: Charizard|Charizard-Mega-Y, L50, F
|-mega|p2a: Charizard|Charizard|Charizardite Y
|-weather|SunnyDay|[from] ability: Drought|[of] p2a: Charizard
|move|p1a: Gallade|Rock Slide|p2a: Charizard|[spread] p2a,p2b
|-supereffective|p2a: Charizard|2
|-resisted|p2b: Garchomp|1
|-damage|p2a: Charizard|16/100
|-damage|p2b: Garchomp|90/100
|move|p2b: Garchomp|Earthquake|p1b: Gyarados|[spread] p1a
|-immune|p2a: Charizard
|-immune|p1b: Gyarados
|-damage|p1a: Gallade|42/100
|-damage|p2b: Garchomp|81/100|[from] item: Life Orb
|move|p2a: Charizard|Heat Wave|p1a: Gallade|[spread] p1a,p1b
|-resisted|p1b: Gyarados|1
|-damage|p1a: Gallade|0 fnt
|-damage|p1b: Gyarados|76/100
|faint|p1a: Gallade
|
|-weather|SunnyDay|[upkeep]
|upkeep
|
|t:|1782527993
|switch|p1a: Scrafty|Scrafty, L50, M|100/100
|-ability|p1a: Scrafty|Intimidate|boost
|-unboost|p2a: Charizard|atk|1
|-unboost|p2b: Garchomp|atk|1
|turn|2
|
|t:|1782528011
|switch|p2a: Incineroar|Incineroar, L50, F|100/100
|-ability|p2a: Incineroar|Intimidate|boost
|-unboost|p1a: Scrafty|atk|1
|-unboost|p1b: Gyarados|atk|1
|move|p2b: Garchomp|Protect|p2b: Garchomp
|-singleturn|p2b: Garchomp|Protect
|move|p1a: Scrafty|Fake Out|p2b: Garchomp
|-activate|p2b: Garchomp|move: Protect
|move|p1b: Gyarados|Waterfall|p2a: Incineroar
|-supereffective|p2a: Incineroar|1
|-damage|p2a: Incineroar|76/100
|
|-weather|SunnyDay|[upkeep]
|upkeep
|turn|3
|
|t:|1782528052
|switch|p2b: Venusaur|Venusaur, L50, M|100/100
|switch|p1b: Farigiraf|Farigiraf, L50, M|100/100
|detailschange|p1a: Scrafty|Scrafty-Mega, L50, M
|-mega|p1a: Scrafty|Scrafty|Scraftinite
|-ability|p1a: Scrafty|Intimidate|boost
|-unboost|p2a: Incineroar|atk|1
|-unboost|p2b: Venusaur|atk|1
|move|p2a: Incineroar|Parting Shot|p1a: Scrafty
|-unboost|p1a: Scrafty|atk|1
|-unboost|p1a: Scrafty|spa|1
|
|t:|1782528073
|switch|p2a: Garchomp|Garchomp, L50, F|81/100|[from] Parting Shot
|move|p1a: Scrafty|Drain Punch|p2a: Garchomp
|-damage|p2a: Garchomp|60/100
|-damage|p1a: Scrafty|87/100|[from] ability: Rough Skin|[of] p2a: Garchomp
|
|-weather|SunnyDay|[upkeep]
|upkeep
|turn|4
|
|t:|1782528107
|switch|p1a: Gyarados|Gyarados, L50, M|76/100
|-ability|p1a: Gyarados|Intimidate|boost
|-unboost|p2a: Garchomp|atk|1
|-unboost|p2b: Venusaur|atk|1
|move|p2b: Venusaur|Giga Drain|p1b: Farigiraf
|-damage|p1b: Farigiraf|66/100
|move|p2a: Garchomp|Dragon Claw|p1b: Farigiraf
|-damage|p1b: Farigiraf|40/100
|-damage|p2a: Garchomp|50/100g|[from] item: Life Orb
|move|p1b: Farigiraf|Trick Room|p1b: Farigiraf
|-fieldstart|move: Trick Room|[of] p1b: Farigiraf
|
|-weather|SunnyDay|[upkeep]
|-heal|p1b: Farigiraf|46/100|[from] item: Leftovers
|upkeep
|turn|5
|
|t:|1782528133
|switch|p1a: Scrafty|Scrafty-Mega, L50, M|87/100
|-ability|p1a: Scrafty|Intimidate|boost
|-unboost|p2a: Garchomp|atk|1
|-unboost|p2b: Venusaur|atk|1
|switch|p2a: Incineroar|Incineroar, L50, F|76/100
|-ability|p2a: Incineroar|Intimidate|boost
|-unboost|p1a: Scrafty|atk|1
|-unboost|p1b: Farigiraf|atk|1
|move|p2b: Venusaur|Protect|p2b: Venusaur
|-singleturn|p2b: Venusaur|Protect
|move|p1b: Farigiraf|Twin Beam|p2b: Venusaur
|-activate|p2b: Venusaur|move: Protect
|
|-weather|none
|-heal|p1b: Farigiraf|52/100|[from] item: Leftovers
|upkeep
|turn|6
|
|t:|1782528179
|switch|p2a: Garchomp|Garchomp, L50, F|50/100g
|move|p1b: Farigiraf|Twin Beam|p2b: Venusaur
|-supereffective|p2b: Venusaur|1
|-damage|p2b: Venusaur|67/100
|-supereffective|p2b: Venusaur|1
|-damage|p2b: Venusaur|41/100
|-hitcount|p2b: Venusaur|2
|move|p1a: Scrafty|Knock Off|p2a: Garchomp
|-damage|p2a: Garchomp|16/100
|-damage|p1a: Scrafty|75/100|[from] ability: Rough Skin|[of] p2a: Garchomp
|-enditem|p2a: Garchomp|Life Orb|[from] move: Knock Off|[of] p1a: Scrafty
|move|p2b: Venusaur|Giga Drain|p1a: Scrafty
|-damage|p1a: Scrafty|48/100
|-heal|p2b: Venusaur|53/100|[from] drain|[of] p1a: Scrafty
|
|-heal|p1b: Farigiraf|58/100|[from] item: Leftovers
|upkeep
|turn|7
|
|t:|1782528205
|switch|p1a: Gyarados|Gyarados, L50, M|76/100
|-ability|p1a: Gyarados|Intimidate|boost
|-unboost|p2a: Garchomp|atk|1
|-unboost|p2b: Venusaur|atk|1
|move|p2a: Garchomp|Protect|p2a: Garchomp
|-singleturn|p2a: Garchomp|Protect
|move|p1b: Farigiraf|Twin Beam|p2a: Garchomp
|-activate|p2a: Garchomp|move: Protect
|move|p2b: Venusaur|Giga Drain|p1a: Gyarados
|-damage|p1a: Gyarados|51/100
|-heal|p2b: Venusaur|66/100|[from] drain|[of] p1a: Gyarados
|
|-heal|p1b: Farigiraf|64/100|[from] item: Leftovers
|upkeep
|turn|8
|
|t:|1782528234
|move|p1b: Farigiraf|Twin Beam|p2b: Venusaur
|-supereffective|p2b: Venusaur|1
|-damage|p2b: Venusaur|36/100
|-supereffective|p2b: Venusaur|1
|-damage|p2b: Venusaur|6/100
|-hitcount|p2b: Venusaur|2
|move|p1a: Gyarados|Thunder Wave|p2b: Venusaur
|-status|p2b: Venusaur|par
|move|p2b: Venusaur|Giga Drain|p1a: Gyarados
|-damage|p1a: Gyarados|23/100
|-heal|p2b: Venusaur|22/100 par|[from] drain|[of] p1a: Gyarados
|-enditem|p1a: Gyarados|Sitrus Berry|[eat]
|-heal|p1a: Gyarados|48/100|[from] item: Sitrus Berry
|move|p2a: Garchomp|Dragon Claw|p1b: Farigiraf
|-damage|p1b: Farigiraf|44/100
|
|-heal|p1b: Farigiraf|51/100|[from] item: Leftovers
|-fieldend|move: Trick Room
|upkeep
|turn|9
|
|t:|1782528261
|switch|p2a: Incineroar|Incineroar, L50, F|76/100
|-ability|p2a: Incineroar|Intimidate|boost
|-unboost|p1a: Gyarados|atk|1
|-unboost|p1b: Farigiraf|atk|1
|move|p2b: Venusaur|Protect|p2b: Venusaur
|-singleturn|p2b: Venusaur|Protect
|move|p1a: Gyarados|Icy Wind|p2a: Incineroar|[spread] p2a
|-activate|p2b: Venusaur|move: Protect
|-resisted|p2a: Incineroar|1
|-damage|p2a: Incineroar|74/100
|-unboost|p2a: Incineroar|spe|1
|move|p1b: Farigiraf|Twin Beam|p2a: Incineroar
|-immune|p2a: Incineroar
|
|-heal|p1b: Farigiraf|57/100|[from] item: Leftovers
|upkeep
|turn|10
|
|t:|1782528281
|switch|p1a: Scrafty|Scrafty-Mega, L50, M|48/100
|-ability|p1a: Scrafty|Intimidate|boost
|-unboost|p2a: Incineroar|atk|1
|-unboost|p2b: Venusaur|atk|1
|move|p1b: Farigiraf|Twin Beam|p2b: Venusaur
|-supereffective|p2b: Venusaur|1
|-damage|p2b: Venusaur|0 fnt
|faint|p2b: Venusaur
|-hitcount|p2: Venusaur|1
|move|p2a: Incineroar|Throat Chop|p1b: Farigiraf
|-supereffective|p1b: Farigiraf|1
|-damage|p1b: Farigiraf|25/100
|-start|p1b: Farigiraf|Throat Chop|[silent]
|
|-heal|p1b: Farigiraf|31/100|[from] item: Leftovers
|upkeep
|
|t:|1782528301
|switch|p2b: Charizard|Charizard-Mega-Y, L50, F|16/100
|-weather|SunnyDay|[from] ability: Drought|[of] p2b: Charizard
|turn|11
|
|t:|1782528319
|switch|p1b: Gyarados|Gyarados, L50, M|48/100
|-ability|p1b: Gyarados|Intimidate|boost
|-unboost|p2a: Incineroar|atk|1
|-unboost|p2b: Charizard|atk|1
|move|p2b: Charizard|Protect|p2b: Charizard
|-singleturn|p2b: Charizard|Protect
|move|p1a: Scrafty|Fake Out|p2b: Charizard
|-activate|p2b: Charizard|move: Protect
|move|p2a: Incineroar|Flare Blitz|p1a: Scrafty
|-damage|p1a: Scrafty|23/100
|-damage|p2a: Incineroar|67/100|[from] Recoil
|
|-weather|SunnyDay|[upkeep]
|upkeep
|turn|12
|
|t:|1782528345
|move|p1a: Scrafty|Protect|p1a: Scrafty
|-singleturn|p1a: Scrafty|Protect
|move|p2b: Charizard|Solar Beam||[still]
|-prepare|p2b: Charizard|Solar Beam
|-anim|p2b: Charizard|Solar Beam|p1b: Gyarados
|-damage|p1b: Gyarados|8/100
|move|p1b: Gyarados|Thunder Wave|p2b: Charizard
|-status|p2b: Charizard|par
|move|p2a: Incineroar|Parting Shot|p1b: Gyarados
|-unboost|p1b: Gyarados|atk|1
|-unboost|p1b: Gyarados|spa|1
|
|t:|1782528358
|switch|p2a: Garchomp|Garchomp, L50, F|16/100|[from] Parting Shot
|
|-weather|SunnyDay|[upkeep]
|upkeep
|turn|13
|
|t:|1782528371
|move|p2a: Garchomp|Rock Slide|p1b: Gyarados|[spread] p1a,p1b
|-resisted|p1a: Scrafty|1
|-supereffective|p1b: Gyarados|1
|-damage|p1a: Scrafty|16/100
|-damage|p1b: Gyarados|0 fnt
|faint|p1b: Gyarados
|move|p1a: Scrafty|Drain Punch|p2a: Garchomp
|-crit|p2a: Garchomp
|-damage|p2a: Garchomp|0 fnt
|-heal|p1a: Scrafty|25/100|[from] drain|[of] p2a: Garchomp
|-damage|p1a: Scrafty|12/100|[from] ability: Rough Skin|[of] p2a: Garchomp
|faint|p2a: Garchomp
|move|p2b: Charizard|Heat Wave|p1a: Scrafty
|-damage|p1a: Scrafty|0 fnt
|faint|p1a: Scrafty
|
|-weather|SunnyDay|[upkeep]
|upkeep
|
|t:|1782528385
|switch|p2a: Incineroar|Incineroar, L50, F|67/100
|switch|p1b: Farigiraf|Farigiraf, L50, M|31/100
|-ability|p2a: Incineroar|Intimidate|boost
|-unboost|p1b: Farigiraf|atk|1
|turn|14
|-message|wenas noches 2 forfeited.
|
|win|lettykings
|l|☆wenas noches 2
|player|p1|
||wenas noches 2 is ready for game 2.
