|j|☆Escanor_CS
|j|☆sparshjha
|html|Escanor_CSsparshjha    
|uhtml|bestof|Game 1 of a best-of-3
|t:|1784403051
|gametype|doubles
|player|p1|Escanor_CS|101|1266
|player|p2|sparshjha|1|1158
|gen|9
|tier|[Gen 9 Champions] VGC 2026 Reg M-B (Bo3)
|rated|
|rule|Species Clause: Limit one of each Pokémon
|rule|Item Clause: Limit 1 of each item
|clearpoke
|poke|p1|Staraptor, L50, F|
|poke|p1|Torkoal, L50, F|
|poke|p1|Farigiraf, L50, M|
|poke|p1|Grimmsnarl, L50, M|
|poke|p1|Ceruledge, L50, F|
|poke|p1|Meganium, L50, F|
|poke|p2|Charizard, L50, F|
|poke|p2|Aerodactyl, L50, M|
|poke|p2|Incineroar, L50, F|
|poke|p2|Garchomp, L50, F|
|poke|p2|Sylveon, L50, M|
|poke|p2|Kingambit, L50, F|
|teampreview|4
|showteam|p1|Staraptor||Staraptite|Intimidate|CloseCombat,BraveBird,Roost,Protect|Jolly||F|||50|]Torkoal||Charcoal|Drought|Eruption,HeatWave,EarthPower,Protect|Quiet||F|||50|]Farigiraf||SitrusBerry|ArmorTail|Psychic,Thunderbolt,TrickRoom,Protect|Bold||M|||50|]Grimmsnarl||LightClay|Prankster|SpiritBreak,Reflect,LightScreen,PartingShot|Careful||M|||50|]Ceruledge||ColburBerry|FlashFire|BitterBlade,ShadowSneak,BulkUp,Protect|Adamant||F|||50|]Meganium||Meganiumite|Overgrow|DazzlingGleam,SolarBeam,WeatherBall,Protect|Quiet||F|||50|
|showteam|p2|Charizard||CharizarditeY|Blaze|HeatWave,SolarBeam,WeatherBall,Protect|Timid||F|||50|]Aerodactyl||Aerodactylite|Unnerve|RockSlide,WideGuard,IceFang,Tailwind|Timid||M|||50|]Incineroar||SitrusBerry|Intimidate|FakeOut,FlareBlitz,PartingShot,DarkestLariat|Relaxed||F|||50|]Garchomp||LifeOrb|RoughSkin|Earthquake,DragonClaw,StompingTantrum,Protect|Jolly||F|||50|]Sylveon||FairyFeather|Pixilate|HyperVoice,HyperBeam,QuickAttack,Detect|Modest||M|||50|]Kingambit||FocusSash|Defiant|KowtowCleave,IronHead,SuckerPunch,LowKick|Lonely||F|||50|
|inactive|Battle timer is ON: inactive players will automatically lose when time's up. (requested by sparshjha)
|inactive|sparshjha has 60 seconds left.
|
|t:|1784403124
|teamsize|p1|4
|teamsize|p2|4
|start
|switch|p1a: Staraptor|Staraptor, L50, F|100/100
|switch|p1b: Grimmsnarl|Grimmsnarl, L50, M|100/100
|switch|p2a: Aerodactyl|Aerodactyl, L50, M|100/100
|switch|p2b: Sylveon|Sylveon, L50, M|100/100
|-ability|p2a: Aerodactyl|Unnerve
|-ability|p1a: Staraptor|Intimidate|boost
|-unboost|p2a: Aerodactyl|atk|1
|-unboost|p2b: Sylveon|atk|1
|turn|1
|
|t:|1784403145
|detailschange|p2a: Aerodactyl|Aerodactyl-Mega, L50, M
|-mega|p2a: Aerodactyl|Aerodactyl|Aerodactylite
|move|p1a: Staraptor|Protect|p1a: Staraptor
|-singleturn|p1a: Staraptor|Protect
|move|p1b: Grimmsnarl|Light Screen|p1b: Grimmsnarl
|-sidestart|p1: Escanor_CS|move: Light Screen
|move|p2a: Aerodactyl|Tailwind|p2a: Aerodactyl
|-sidestart|p2: sparshjha|move: Tailwind
|move|p2b: Sylveon|Hyper Beam|p1a: Staraptor
|-activate|p1a: Staraptor|move: Protect
|
|upkeep
|turn|2
|
|t:|1784403167
|switch|p1a: Ceruledge|Ceruledge, L50, F|100/100
|move|p1b: Grimmsnarl|Parting Shot|p2b: Sylveon
|-unboost|p2b: Sylveon|atk|1
|-unboost|p2b: Sylveon|spa|1
|
|t:|1784403175
|switch|p1b: Staraptor|Staraptor, L50, F|100/100|[from] Parting Shot
|-ability|p1b: Staraptor|Intimidate|boost
|-unboost|p2a: Aerodactyl|atk|1
|-unboost|p2b: Sylveon|atk|1
|move|p2a: Aerodactyl|Rock Slide|p1a: Ceruledge|[spread] p1a,p1b
|-supereffective|p1a: Ceruledge|1
|-crit|p1a: Ceruledge
|-supereffective|p1b: Staraptor|1
|-damage|p1a: Ceruledge|22/100
|-damage|p1b: Staraptor|67/100
|move|p2b: Sylveon|Hyper Voice|p1b: Staraptor|[spread] p1a,p1b
|-resisted|p1a: Ceruledge|1
|-damage|p1a: Ceruledge|12/100
|-damage|p1b: Staraptor|38/100
|
|upkeep
|turn|3
|inactive|Escanor_CS has 30 seconds left.
|inactive|sparshjha has 30 seconds left.
|
|t:|1784403206
|switch|p1b: Farigiraf|Farigiraf, L50, M|100/100
|move|p2a: Aerodactyl|Rock Slide|p1a: Ceruledge|[spread] p1a,p1b
|-supereffective|p1a: Ceruledge|1
|-damage|p1a: Ceruledge|0 fnt
|-damage|p1b: Farigiraf|89/100
|faint|p1a: Ceruledge
|move|p2b: Sylveon|Hyper Voice|p1b: Farigiraf
|-damage|p1b: Farigiraf|65/100
|
|upkeep
|
|t:|1784403219
|switch|p1a: Grimmsnarl|Grimmsnarl, L50, M|100/100
|turn|4
|
|t:|1784403236
|switch|p2a: Kingambit|Kingambit, L50, F|100/100
|move|p2b: Sylveon|Hyper Voice|p1b: Farigiraf|[spread] p1a,p1b
|-supereffective|p1a: Grimmsnarl|1
|-damage|p1a: Grimmsnarl|63/100
|-damage|p1b: Farigiraf|47/100
|-enditem|p1b: Farigiraf|Sitrus Berry|[eat]
|-heal|p1b: Farigiraf|72/100|[from] item: Sitrus Berry
|move|p1a: Grimmsnarl|Spirit Break|p2b: Sylveon
|-damage|p2b: Sylveon|60/100
|-unboost|p2b: Sylveon|spa|1
|move|p1b: Farigiraf|Trick Room|p1b: Farigiraf
|-fieldstart|move: Trick Room|[of] p1b: Farigiraf
|
|-sideend|p2: sparshjha|move: Tailwind
|upkeep
|turn|5
|-message|Escanor_CS forfeited.
|
|win|sparshjha
||Escanor_CS is ready for game 2.
||sparshjha is ready for game 2.
|uhtml|next|Next: Game 2 of 3
|l|☆sparshjha
|player|p2|
