|j|☆TrevenantHugger
|j|☆masterhax3
|html|TrevenantHuggermasterhax3    
|uhtml|bestof|Game 2 of a best-of-3
|t:|1756730793
|gametype|doubles
|player|p1|TrevenantHugger|swimmer-gen4dp|1134
|player|p2|masterhax3|scientist-gen4dp|1082
|gen|9
|tier|[Gen 9] VGC 2025 Reg H (Bo3)
|rated|
|rule|Species Clause: Limit one of each Pokémon
|rule|Item Clause: Limit 1 of each item
|clearpoke
|poke|p1|Primarina, L50, F|
|poke|p1|Electabuzz, L50, M|
|poke|p1|Incineroar, L50, M|
|poke|p1|Rillaboom, L50, M|
|poke|p1|Annihilape, L50, M|
|poke|p1|Sneasler, L50, F|
|poke|p2|Incineroar, L50, F|
|poke|p2|Porygon2, L50|
|poke|p2|Ursaluna, L50, M|
|poke|p2|Vivillon-Polar, L50, F|
|poke|p2|Gholdengo, L50|
|poke|p2|Sneasler, L50, M|
|teampreview|4
|showteam|p1|Primarina||SitrusBerry|LiquidVoice|Protect,HyperVoice,Moonblast,CalmMind|||F|||50|,,,,,Poison]Electabuzz||Eviolite|VitalSpirit|VoltSwitch,Taunt,Electroweb,FollowMe|||M|||50|,,,,,Ghost]Incineroar||SafetyGoggles|Intimidate|FakeOut,PartingShot,FlareBlitz,KnockOff|||M|||50|,,,,,Grass]Rillaboom||AssaultVest|GrassySurge|GrassyGlide,FakeOut,DrumBeating,Uturn|||M|||50|,,,,,Fire]Annihilape||Leftovers|Defiant|DrainPunch,RageFist,Protect,BulkUp|||M|||50|,,,,,Fire]Sneasler||FocusSash|Unburden|CloseCombat,Protect,FakeOut,DireClaw|||F|||50|,,,,,Ghost
|showteam|p2|Incineroar||SafetyGoggles|Intimidate|FakeOut,FlareBlitz,KnockOff,PartingShot|||F|||50|,,,,,Ghost]Porygon2||Eviolite|Download|TeraBlast,IceBeam,TrickRoom,Recover||||||50|,,,,,Fighting]Ursaluna||FlameOrb|Guts|HeadlongRush,Facade,Earthquake,Protect|||M|||50|,,,,,Poison]Vivillon-Polar||FocusSash|CompoundEyes|Hurricane,SleepPowder,Tailwind,Protect|||F|||50|,,,,,Ghost]Gholdengo||LifeOrb|GoodasGold|MakeItRain,ShadowBall,NastyPlot,Protect||||||50|,,,,,Water]Sneasler||WhiteHerb|Unburden|CloseCombat,DireClaw,ThroatChop,Protect|||M|||50|,,,,,Dark
|inactive|Battle timer is ON: inactive players will automatically lose when time's up. (requested by TrevenantHugger)
|
|t:|1756730808
|teamsize|p1|4
|teamsize|p2|4
|start
|switch|p1a: Rillaboom|Rillaboom, L50, M|100/100
|switch|p1b: Annihilape|Annihilape, L50, M|100/100
|switch|p2a: Vivillon|Vivillon-Polar, L50, F|100/100
|switch|p2b: Gholdengo|Gholdengo, L50|100/100
|-fieldstart|move: Grassy Terrain|[from] ability: Grassy Surge|[of] p1a: Rillaboom
|turn|1
|
|t:|1756730822
|switch|p1b: Incineroar|Incineroar, L50, M|100/100
|-ability|p1b: Incineroar|Intimidate|boost
|-unboost|p2a: Vivillon|atk|1
|-unboost|p2b: Gholdengo|atk|1
|-terastallize|p2a: Vivillon|Ghost
|move|p2a: Vivillon|Sleep Powder|p1b: Incineroar
|-activate|p1b: Incineroar|item: Safety Goggles|Sleep Powder
|move|p2b: Gholdengo|Nasty Plot|p2b: Gholdengo
|-boost|p2b: Gholdengo|spa|2
|move|p1a: Rillaboom|Drum Beating|p2b: Gholdengo
|-resisted|p2b: Gholdengo
|-damage|p2b: Gholdengo|74/100
|-unboost|p2b: Gholdengo|spe|1
|
|-heal|p2b: Gholdengo|80/100|[from] Grassy Terrain
|upkeep
|turn|2
|inactive|TrevenantHugger has 30 seconds left.
|
|t:|1756730849
|move|p2b: Gholdengo|Protect|p2b: Gholdengo
|-singleturn|p2b: Gholdengo|Protect
|move|p2a: Vivillon|Tailwind|p2a: Vivillon
|-sidestart|p2: masterhax3|move: Tailwind
|move|p1a: Rillaboom|Drum Beating|p2b: Gholdengo
|-activate|p2b: Gholdengo|move: Protect
|move|p1b: Incineroar|Flare Blitz|p2b: Gholdengo
|-activate|p2b: Gholdengo|move: Protect
|
|-heal|p2b: Gholdengo|86/100|[from] Grassy Terrain
|upkeep
|turn|3
|
|t:|1756730864
|move|p1a: Rillaboom|Grassy Glide|p2b: Gholdengo
|-resisted|p2b: Gholdengo
|-damage|p2b: Gholdengo|66/100
|move|p2a: Vivillon|Hurricane|p1b: Incineroar
|-damage|p1b: Incineroar|58/100
|move|p2b: Gholdengo|Make It Rain|p1a: Rillaboom|[spread] p1a,p1b
|-resisted|p1b: Incineroar
|-damage|p1a: Rillaboom|22/100
|-damage|p1b: Incineroar|4/100
|-unboost|p2b: Gholdengo|spa|1
|-damage|p2b: Gholdengo|56/100|[from] item: Life Orb
|move|p1b: Incineroar|Flare Blitz|p2b: Gholdengo
|-supereffective|p2b: Gholdengo
|-damage|p2b: Gholdengo|0 fnt
|faint|p2b: Gholdengo
|-damage|p1b: Incineroar|0 fnt|[from] Recoil
|faint|p1b: Incineroar
|
|-heal|p1a: Rillaboom|28/100|[from] Grassy Terrain
|upkeep
|
|t:|1756730877
|switch|p2b: Porygon2|Porygon2, L50|100/100
|switch|p1b: Annihilape|Annihilape, L50, M|100/100
|-ability|p2b: Porygon2|Download|boost
|-boost|p2b: Porygon2|spa|1
|turn|4
|
|t:|1756730887
|move|p1a: Rillaboom|Grassy Glide|p2a: Vivillon
|-damage|p2a: Vivillon|31/100
|move|p2a: Vivillon|Hurricane|p1a: Rillaboom
|-supereffective|p1a: Rillaboom
|-damage|p1a: Rillaboom|0 fnt
|faint|p1a: Rillaboom
|move|p2b: Porygon2|Ice Beam|p1b: Annihilape
|-damage|p1b: Annihilape|67/100
|move|p1b: Annihilape|Rage Fist|p2a: Vivillon
|-supereffective|p2a: Vivillon
|-damage|p2a: Vivillon|0 fnt
|faint|p2a: Vivillon
|
|-heal|p1b: Annihilape|73/100|[from] Grassy Terrain
|-heal|p1b: Annihilape|79/100|[from] item: Leftovers
|upkeep
|
|t:|1756730892
|switch|p2a: Sneasler|Sneasler, L50, M|100/100
|switch|p1a: Primarina|Primarina, L50, F|100/100
|turn|5
|
|t:|1756730907
|-terastallize|p1a: Primarina|Poison
|move|p2a: Sneasler|Dire Claw|p1a: Primarina
|-resisted|p1a: Primarina
|-damage|p1a: Primarina|81/100
|move|p2b: Porygon2|Ice Beam|p1b: Annihilape
|-damage|p1b: Annihilape|48/100
|move|p1b: Annihilape|Rage Fist|p2a: Sneasler
|-damage|p2a: Sneasler|24/100
|move|p1a: Primarina|Hyper Voice|p2b: Porygon2|[spread] p2a,p2b
|-crit|p2b: Porygon2
|-damage|p2a: Sneasler|0 fnt
|-damage|p2b: Porygon2|68/100
|faint|p2a: Sneasler
|
|-heal|p2b: Porygon2|74/100|[from] Grassy Terrain
|-heal|p1b: Annihilape|54/100|[from] Grassy Terrain
|-heal|p1b: Annihilape|60/100|[from] item: Leftovers
|-heal|p1a: Primarina|87/100|[from] Grassy Terrain
|-sideend|p2: masterhax3|move: Tailwind
|-fieldend|move: Grassy Terrain
|upkeep
|turn|6
|
|t:|1756730920
|move|p1b: Annihilape|Protect|p1b: Annihilape
|-singleturn|p1b: Annihilape|Protect
|move|p2b: Porygon2|Ice Beam|p1b: Annihilape
|-activate|p1b: Annihilape|move: Protect
|move|p1a: Primarina|Calm Mind|p1a: Primarina
|-boost|p1a: Primarina|spa|1
|-boost|p1a: Primarina|spd|1
|
|-heal|p1b: Annihilape|66/100|[from] item: Leftovers
|upkeep
|turn|7
|
|t:|1756730927
|move|p1b: Annihilape|Drain Punch|p2b: Porygon2
|-supereffective|p2b: Porygon2
|-damage|p2b: Porygon2|32/100
|-heal|p1b: Annihilape|84/100|[from] drain|[of] p2b: Porygon2
|move|p2b: Porygon2|Ice Beam|p1b: Annihilape
|-damage|p1b: Annihilape|53/100
|move|p1a: Primarina|Calm Mind|p1a: Primarina
|-boost|p1a: Primarina|spa|1
|-boost|p1a: Primarina|spd|1
|
|-heal|p1b: Annihilape|59/100|[from] item: Leftovers
|upkeep
|turn|8
|
|t:|1756730937
|move|p1b: Annihilape|Drain Punch|p2b: Porygon2
|-supereffective|p2b: Porygon2
|-damage|p2b: Porygon2|0 fnt
|-heal|p1b: Annihilape|73/100|[from] drain|[of] p2b: Porygon2
|faint|p2b: Porygon2
|
|win|TrevenantHugger
|raw|TrevenantHugger's rating: 1158 → 1178(+20 for winning)
|raw|masterhax3's rating: 1082 → 1065(-17 for losing)
|l|☆TrevenantHugger
|player|p1|
