|j|☆treb clef
|j|☆joey
|html|treb clefjoey    
|uhtml|bestof|Game 3 of a best-of-3
|t:|1784400615
|gametype|doubles
|player|p1|treb clef|clay|
|player|p2|joey|#gcplgrapes|
|gen|9
|tier|[Gen 9 Champions] VGC 2026 Reg M-B (Bo3)
|rule|Species Clause: Limit one of each Pokémon
|rule|Item Clause: Limit 1 of each item
|clearpoke
|poke|p1|Floette-Eternal, L50, F|
|poke|p1|Milotic, L50, M|
|poke|p1|Grimmsnarl, L50, M|
|poke|p1|Hydreigon, L50, M|
|poke|p1|Staraptor, L50, M|
|poke|p1|Arcanine-Hisui, L50, F|
|poke|p2|Charizard, L50, M|
|poke|p2|Maushold, L50|
|poke|p2|Annihilape, L50, F|
|poke|p2|Simipour, L50, M, shiny|
|poke|p2|Venusaur, L50, M|
|poke|p2|Skarmory, L50, M|
|teampreview|4
|showteam|p1|Floette-Eternal||Floettite|FlowerVeil|DrainingKiss,DazzlingGleam,Protect,CalmMind|Modest||F|||50|]Milotic||Leftovers|Competitive|LifeDew,IcyWind,Scald,Protect|Bold||M|||50|]Grimmsnarl||LightClay|Prankster|LightScreen,Reflect,ScaryFace,SpiritBreak|Careful||M|||50|]Hydreigon||DragonFang|Levitate|Taunt,Tailwind,Snarl,DracoMeteor|Timid||M|||50|]Staraptor||Staraptite|Intimidate|Protect,Roost,CloseCombat,BraveBird|Jolly||M|||50|]Arcanine-Hisui||ChoiceScarf|RockHead|WillOWisp,RockSlide,FlareBlitz,HeadSmash|Jolly||F|||50|
|showteam|p2|Charizard||CharizarditeY|Blaze|HeatWave,WeatherBall,SolarBeam,Protect|Timid||M|||50|]Maushold||WideLens|FriendGuard|BeatUp,PopulationBomb,FollowMe,Protect|Jolly|||||50|]Annihilape||RoseliBerry|Defiant|RageFist,DrainPunch,BulkUp,Protect|Adamant||F|||50|]Simipour||FocusSash|Torrent|FakeOut,Scald,IcyWind,Protect|Timid||M|||50|]Venusaur||LifeOrb|Chlorophyll|SludgeBomb,GigaDrain,EarthPower,Protect|Modest||M|||50|]Skarmory||Skarmorite|KeenEye|IronHead,BraveBird,SwordsDance,Protect|Jolly||M|||50|
|inactive|Battle timer is ON: inactive players will automatically lose when time's up. (requested by joey)
|inactive|treb clef has 60 seconds left.
|inactive|joey has 60 seconds left.
|j| Milkshook♡
|inactiveoff|Battle timer is now OFF.
|
|t:|1784400702
|teamsize|p1|4
|teamsize|p2|4
|start
|switch|p1a: Staraptor|Staraptor, L50, M|100/100
|switch|p1b: Arcanine|Arcanine-Hisui, L50, F|100/100
|switch|p2a: Skam|Skarmory, L50, M|100/100
|switch|p2b: Incineroаr|Simipour, L50, M, shiny|100/100
|-ability|p1a: Staraptor|Intimidate|boost
|-unboost|p2a: Skam|atk|1
|-unboost|p2b: Incineroаr|atk|1
|turn|1
|
|t:|1784400757
|switch|p2a: Determinate|Annihilape, L50, F|100/100
|detailschange|p1a: Staraptor|Staraptor-Mega, L50, M
|-mega|p1a: Staraptor|Staraptor|Staraptite
|move|p1b: Arcanine|Flare Blitz|p2a: Determinate
|-damage|p2a: Determinate|49/100
|move|p1a: Staraptor|Close Combat|p2b: Incineroаr
|-damage|p2b: Incineroаr|6/100
|-boost|p1a: Staraptor|def|1
|-boost|p1a: Staraptor|spd|1
|move|p2b: Incineroаr|Scald|p1b: Arcanine
|-supereffective|p1b: Arcanine|2
|-damage|p1b: Arcanine|0 fnt
|faint|p1b: Arcanine
|
|upkeep
|
|t:|1784400795
|switch|p1b: Milotic|Milotic, L50, M|100/100
|turn|2
|
|t:|1784400823
|move|p1a: Staraptor|Protect|p1a: Staraptor
|-singleturn|p1a: Staraptor|Protect
|move|p2b: Incineroаr|Scald|p1a: Staraptor
|-activate|p1a: Staraptor|move: Protect
|move|p2a: Determinate|Rage Fist|p1a: Staraptor
|-activate|p1a: Staraptor|move: Protect
|move|p1b: Milotic|Scald|p2b: Incineroаr
|-resisted|p2b: Incineroаr|1
|-crit|p2b: Incineroаr
|-damage|p2b: Incineroаr|0 fnt
|faint|p2b: Incineroаr
|
|upkeep
|
|t:|1784400840
|switch|p2b: Skam|Skarmory, L50, M|100/100
|turn|3
|
|t:|1784400860
|detailschange|p2b: Skam|Skarmory-Mega, L50, M
|-mega|p2b: Skam|Skarmory|Skarmorite
|move|p2b: Skam|Brave Bird|p1a: Staraptor
|-supereffective|p1a: Staraptor|1
|-damage|p1a: Staraptor|17/100
|-damage|p2b: Skam|63/100|[from] Recoil
|move|p1a: Staraptor|Close Combat|p2b: Skam
|-damage|p2b: Skam|0 fnt
|-boost|p1a: Staraptor|def|1
|-boost|p1a: Staraptor|spd|1
|faint|p2b: Skam
|move|p2a: Determinate|Rage Fist|p1a: Staraptor
|-damage|p1a: Staraptor|0 fnt
|faint|p1a: Staraptor
|move|p1b: Milotic|Scald|p2a: Determinate
|-damage|p2a: Determinate|25/100
|
|upkeep
|
|t:|1784400876
|switch|p2b: Maustudio|Maushold, L50|100/100
|switch|p1a: Grimmsnarl|Grimmsnarl, L50, M|100/100
|turn|4
|
|t:|1784400916
|move|p2b: Maustudio|Follow Me|p2b: Maustudio
|-singleturn|p2b: Maustudio|move: Follow Me
|move|p1a: Grimmsnarl|Reflect|p1a: Grimmsnarl
|-sidestart|p1: treb clef|Reflect
|move|p2a: Determinate|Drain Punch|p1a: Grimmsnarl
|-damage|p1a: Grimmsnarl|68/100
|-heal|p2a: Determinate|40/100|[from] drain|[of] p1a: Grimmsnarl
|move|p1b: Milotic|Scald|p2b: Maustudio
|-damage|p2b: Maustudio|60/100
|
|upkeep
|turn|5
|
|t:|1784400934
|move|p2b: Maustudio|Population Bomb|p1a: Grimmsnarl
|-damage|p1a: Grimmsnarl|61/100
|-damage|p1a: Grimmsnarl|53/100
|-damage|p1a: Grimmsnarl|47/100
|-damage|p1a: Grimmsnarl|40/100
|-damage|p1a: Grimmsnarl|34/100
|-damage|p1a: Grimmsnarl|27/100
|-damage|p1a: Grimmsnarl|21/100
|-damage|p1a: Grimmsnarl|14/100
|-damage|p1a: Grimmsnarl|7/100
|-damage|p1a: Grimmsnarl|1/100
|-hitcount|p1a: Grimmsnarl|10
|move|p2a: Determinate|Drain Punch|p1a: Grimmsnarl
|-damage|p1a: Grimmsnarl|0 fnt
|-heal|p2a: Determinate|41/100|[from] drain|[of] p1a: Grimmsnarl
|faint|p1a: Grimmsnarl
|move|p1b: Milotic|Scald|p2a: Determinate
|-damage|p2a: Determinate|21/100
|
|upkeep
|turn|6
|
|t:|1784400959
|move|p2b: Maustudio|Population Bomb|p1b: Milotic
|-crit|p1b: Milotic
|-damage|p1b: Milotic|89/100
|-damage|p1b: Milotic|84/100
|-damage|p1b: Milotic|79/100
|-damage|p1b: Milotic|74/100
|-damage|p1b: Milotic|69/100
|-damage|p1b: Milotic|63/100
|-damage|p1b: Milotic|58/100
|-damage|p1b: Milotic|53/100
|-damage|p1b: Milotic|48/100
|-damage|p1b: Milotic|43/100
|-hitcount|p1b: Milotic|10
|move|p2a: Determinate|Rage Fist|p1b: Milotic
|-damage|p1b: Milotic|0 fnt
|faint|p1b: Milotic
|
|win|joey
