|j|☆BlackStag52
|j|☆Wild Card Kid
|html|BlackStag52Wild Card Kid    
|uhtml|bestof|Game 1 of a best-of-3
|t:|1782186770
|gametype|doubles
|player|p1|BlackStag52|lebanne|1104
|player|p2|Wild Card Kid|pokemaniac|1052
|gen|9
|tier|[Gen 9 Champions] VGC 2026 Reg M-B (Bo3)
|rated|
|rule|Species Clause: Limit one of each Pokémon
|rule|Item Clause: Limit 1 of each item
|clearpoke
|poke|p1|Garchomp, L50, F|
|poke|p1|Eelektross, L50, F|
|poke|p1|Sinistcha, L50|
|poke|p1|Primarina, L50, M|
|poke|p1|Vivillon-High Plains, L50, F|
|poke|p1|Sneasler, L50, M|
|poke|p2|Raichu, L50, M|
|poke|p2|Farigiraf, L50, M, shiny|
|poke|p2|Pelipper, L50, M, shiny|
|poke|p2|Whimsicott, L50, M|
|poke|p2|Hatterene, L50, F|
|poke|p2|Blastoise, L50, M|
|teampreview|4
|showteam|p1|Garchomp||LifeOrb|RoughSkin|DragonClaw,Earthquake,Protect,RockSlide|Impish||F|||50|]Eelektross||Eelektrossite|Levitate|GrassKnot,Thunderbolt,Protect,Flamethrower|Modest||F|||50|]Sinistcha||KasibBerry|Hospitality|MatchaGotcha,RagePowder,TrickRoom,LifeDew|Bold|||||50|]Primarina||FairyFeather|LiquidVoice|DazzlingGleam,EnergyBall,HyperVoice,Protect|Modest||M|||50|]Vivillon-High Plains||FocusSash|FriendGuard|Tailwind,AirSlash,PollenPuff,Protect|Timid||F|||50|]Sneasler||WhiteHerb|Unburden|FakeOut,CloseCombat,DireClaw,Protect|Adamant||M|||50|
|showteam|p2|Raichu||RaichuniteY|LightningRod|FocusBlast,ZapCannon,FakeOut,Protect|Modest||M|||50|]Farigiraf||Leftovers|ArmorTail|Thunder,TrickRoom,ExpandingForce,Protect|Quiet||M|||50|]Pelipper||DampRock|Drizzle|RainDance,WeatherBall,Hurricane,Protect|Bold||M|||50|]Whimsicott||KebiaBerry|Prankster|Tailwind,Encore,Moonblast,Protect|Calm||M|||50|]Hatterene||FocusSash|MagicBounce|TrickRoom,DrainingKiss,PsychicTerrain,Protect|Sassy||F|||50|]Blastoise||Blastoisinite|RainDish|MuddyWater,Protect,FakeOut,WaterSpout|Sassy||M|||50|
|inactive|Battle timer is ON: inactive players will automatically lose when time's up. (requested by Wild Card Kid)
|inactive|BlackStag52 has 60 seconds left.
|inactive|BlackStag52 has 30 seconds left.
|inactive|BlackStag52 has 20 seconds left.
|
|t:|1782186901
|teamsize|p1|4
|teamsize|p2|4
|start
|switch|p1a: Sneasler|Sneasler, L50, M|100/100
|switch|p1b: Sinistcha|Sinistcha, L50|100/100
|switch|p2a: Farigiraf|Farigiraf, L50, M, shiny|100/100
|switch|p2b: Pelipper|Pelipper, L50, M, shiny|100/100
|-weather|RainDance|[from] ability: Drizzle|[of] p2b: Pelipper
|turn|1
|
|t:|1782186920
|move|p2b: Pelipper|Protect|p2b: Pelipper
|-singleturn|p2b: Pelipper|Protect
|move|p1a: Sneasler|Close Combat|p2a: Farigiraf
|-damage|p2a: Farigiraf|31/100
|-unboost|p1a: Sneasler|def|1
|-unboost|p1a: Sneasler|spd|1
|-enditem|p1a: Sneasler|White Herb
|-clearnegativeboost|p1a: Sneasler|[silent]
|move|p1b: Sinistcha|Matcha Gotcha|p2b: Pelipper|[spread] p2a
|-activate|p2b: Pelipper|move: Protect
|-crit|p2a: Farigiraf
|-damage|p2a: Farigiraf|0 fnt
|faint|p2a: Farigiraf
|
|-weather|RainDance|[upkeep]
|upkeep
|
|t:|1782186935
|switch|p2a: Hatterene|Hatterene, L50, F|100/100
|turn|2
|
|t:|1782186944
|move|p1a: Sneasler|Dire Claw|p2a: Hatterene
|-supereffective|p2a: Hatterene|1
|-damage|p2a: Hatterene|1/100
|move|p1b: Sinistcha|Matcha Gotcha|p2a: Hatterene|[spread] p2a,p2b
|-damage|p2a: Hatterene|0 fnt
|-damage|p2b: Pelipper|65/100
|faint|p2a: Hatterene
|move|p2b: Pelipper|Hurricane|p1a: Sneasler
|-supereffective|p1a: Sneasler|1
|-damage|p1a: Sneasler|1/100
|
|-weather|RainDance|[upkeep]
|upkeep
|
|t:|1782186959
|switch|p2a: Blastoise|Blastoise, L50, M|100/100
|turn|3
|
|t:|1782186966
|detailschange|p2a: Blastoise|Blastoise-Mega, L50, M
|-mega|p2a: Blastoise|Blastoise|Blastoisinite
|move|p2a: Blastoise|Fake Out|p1a: Sneasler
|-damage|p1a: Sneasler|0 fnt
|faint|p1a: Sneasler
|move|p1b: Sinistcha|Matcha Gotcha|p2b: Pelipper|[spread] p2b
|-miss|p1b: Sinistcha|p2a: Blastoise
|-damage|p2b: Pelipper|31/100
|move|p2b: Pelipper|Hurricane|p1b: Sinistcha
|-supereffective|p1b: Sinistcha|1
|-damage|p1b: Sinistcha|29/100
|-start|p1b: Sinistcha|confusion
|
|-weather|RainDance|[upkeep]
|upkeep
|
|t:|1782186978
|switch|p1a: Eelektross|Eelektross, L50, F|100/100
|turn|4
|
|t:|1782187000
|detailschange|p1a: Eelektross|Eelektross-Mega, L50, F
|-mega|p1a: Eelektross|Eelektross|Eelektrossite
|move|p2a: Blastoise|Protect|p2a: Blastoise
|-singleturn|p2a: Blastoise|Protect
|move|p1a: Eelektross|Thunderbolt|p2a: Blastoise
|-activate|p2a: Blastoise|move: Protect
|-activate|p1b: Sinistcha|confusion
|move|p1b: Sinistcha|Matcha Gotcha|p2b: Pelipper|[spread] p2b
|-activate|p2a: Blastoise|move: Protect
|-damage|p2b: Pelipper|0 fnt
|-heal|p1b: Sinistcha|43/100|[from] drain|[of] p2b: Pelipper
|faint|p2b: Pelipper
|
|-weather|RainDance|[upkeep]
|upkeep
|turn|5
|
|t:|1782187017
|move|p1a: Eelektross|Thunderbolt|p2a: Blastoise
|-supereffective|p2a: Blastoise|1
|-damage|p2a: Blastoise|27/100
|-activate|p1b: Sinistcha|confusion
|move|p1b: Sinistcha|Matcha Gotcha|p2a: Blastoise
|-supereffective|p2a: Blastoise|1
|-crit|p2a: Blastoise
|-damage|p2a: Blastoise|0 fnt
|-heal|p1b: Sinistcha|58/100|[from] drain|[of] p2a: Blastoise
|faint|p2a: Blastoise
|
|win|BlackStag52
