|j|☆Harbinger Aegis
|j|☆PokeMasterSteven5
|html|Harbinger AegisPokeMasterSteven5    
|uhtml|bestof|Game 2 of a best-of-3
|t:|1784953120
|gametype|doubles
|player|p1|Harbinger Aegis|170|1106
|player|p2|PokeMasterSteven5|riley|1208
|gen|9
|tier|[Gen 9 Champions] VGC 2026 Reg M-B (Bo3)
|rated|
|rule|Species Clause: Limit one of each Pokémon
|rule|Item Clause: Limit 1 of each item
|clearpoke
|poke|p1|Garchomp, L50, M|
|poke|p1|Whimsicott, L50, F|
|poke|p1|Basculegion, L50, M|
|poke|p1|Incineroar, L50, M|
|poke|p1|Charizard, L50, F|
|poke|p1|Sylveon, L50, M|
|poke|p2|Sneasler, L50, M|
|poke|p2|Meowscarada, L50, M, shiny|
|poke|p2|Delphox, L50, F, shiny|
|poke|p2|Farigiraf, L50, M, shiny|
|poke|p2|Dragonite, L50, F|
|poke|p2|Kingambit, L50, F, shiny|
|teampreview|4
|showteam|p1|Garchomp||LifeOrb|RoughSkin|Earthquake,DragonClaw,RockSlide,Protect|Jolly||M|||50|]Whimsicott||FocusSash|Prankster|Moonblast,Tailwind,Encore,Protect|Timid||F|||50|]Basculegion||MysticWater|Adaptability|WaveCrash,LastRespects,AquaJet,Protect|Adamant||M|||50|]Incineroar||SitrusBerry|Intimidate|FlareBlitz,DarkestLariat,FakeOut,PartingShot|Careful||M|||50|]Charizard||CharizarditeY|Blaze|HeatWave,WeatherBall,SolarBeam,Protect|Modest||F|||50|]Sylveon||FairyFeather|Pixilate|HyperVoice,HyperBeam,QuickAttack,Detect|Modest||M|||50|
|showteam|p2|Sneasler||WhiteHerb|Unburden|FakeOut,CloseCombat,DireClaw,Protect|Adamant||M|||50|]Meowscarada||ChoiceScarf|Protean|FlowerTrick,KnockOff,TripleAxel,LowKick|Adamant||M|||50|]Delphox||Delphoxite|Blaze|HeatWave,Psychic,Encore,Protect|Timid||F|||50|]Farigiraf||SitrusBerry|ArmorTail|Psychic,HelpingHand,Roar,AllySwitch|Bold||M|||50|]Dragonite||Dragoninite|Multiscale|DracoMeteor,Thunder,Protect,Tailwind|Modest||F|||50|]Kingambit||FocusSash|Defiant|KowtowCleave,SuckerPunch,IronHead,Protect|Adamant||F|||50|
|inactive|Battle timer is ON: inactive players will automatically lose when time's up. (requested by PokeMasterSteven5)
|inactive|Harbinger Aegis has 60 seconds left.
|
|t:|1784953164
|teamsize|p1|4
|teamsize|p2|4
|start
|switch|p1a: Charizard|Charizard, L50, F|100/100
|switch|p1b: Garchomp|Garchomp, L50, M|100/100
|switch|p2a: Sneasler|Sneasler, L50, M|100/100
|switch|p2b: Meowscarada|Meowscarada, L50, M, shiny|100/100
|turn|1
|inactive|Harbinger Aegis has 30 seconds left.
|
|t:|1784953195
|switch|p1b: Incineroar|Incineroar, L50, M|100/100
|-ability|p1b: Incineroar|Intimidate|boost
|-unboost|p2a: Sneasler|atk|1
|-unboost|p2b: Meowscarada|atk|1
|-enditem|p2a: Sneasler|White Herb
|-clearnegativeboost|p2a: Sneasler|[silent]
|move|p1a: Charizard|Protect|p1a: Charizard
|-singleturn|p1a: Charizard|Protect
|move|p2a: Sneasler|Fake Out|p1a: Charizard
|-activate|p1a: Charizard|move: Protect
|move|p2b: Meowscarada|Triple Axel|p1b: Incineroar
|-start|p2b: Meowscarada|typechange|Ice|[from] ability: Protean
|-resisted|p1b: Incineroar|1
|-damage|p1b: Incineroar|96/100
|-resisted|p1b: Incineroar|1
|-damage|p1b: Incineroar|90/100
|-resisted|p1b: Incineroar|1
|-damage|p1b: Incineroar|82/100
|-hitcount|p1b: Incineroar|3
|
|upkeep
|turn|2
|
|t:|1784953218
|detailschange|p1a: Charizard|Charizard-Mega-Y, L50, F
|-mega|p1a: Charizard|Charizard|Charizardite Y
|-weather|SunnyDay|[from] ability: Drought|[of] p1a: Charizard
|move|p1b: Incineroar|Fake Out|p2a: Sneasler
|-damage|p2a: Sneasler|81/100
|cant|p2a: Sneasler|flinch
|move|p2b: Meowscarada|Triple Axel|p1a: Charizard
|-damage|p1a: Charizard|91/100
|-damage|p1a: Charizard|78/100
|-damage|p1a: Charizard|59/100
|-hitcount|p1a: Charizard|3
|move|p1a: Charizard|Heat Wave|p2b: Meowscarada|[spread] p2a,p2b
|-supereffective|p2b: Meowscarada|1
|-damage|p2a: Sneasler|0 fnt
|-damage|p2b: Meowscarada|0 fnt
|faint|p2a: Sneasler
|faint|p2b: Meowscarada
|
|-weather|SunnyDay|[upkeep]
|upkeep
|
|t:|1784953231
|switch|p2a: Farigiraf|Farigiraf, L50, M, shiny|100/100
|switch|p2b: Delphox|Delphox, L50, F, shiny|100/100
|turn|3
|
|t:|1784953242
|detailschange|p2b: Delphox|Delphox-Mega, L50, F, shiny
|-mega|p2b: Delphox|Delphox|Delphoxite
|move|p2b: Delphox|Encore|p1b: Incineroar
|-start|p1b: Incineroar|Encore
|move|p1b: Incineroar|Fake Out||[still]
|cant|p2a: Farigiraf|ability: Armor Tail|Fake Out|[of] p1b: Incineroar
|move|p1a: Charizard|Weather Ball|p2a: Farigiraf
|-damage|p2a: Farigiraf|22/100
|-enditem|p2a: Farigiraf|Sitrus Berry|[eat]
|-heal|p2a: Farigiraf|47/100|[from] item: Sitrus Berry
|move|p2a: Farigiraf|Psychic|p1a: Charizard
|-damage|p1a: Charizard|28/100
|
|-weather|SunnyDay|[upkeep]
|upkeep
|turn|4
|
|t:|1784953267
|switch|p1b: Garchomp|Garchomp, L50, M|100/100
|move|p2a: Farigiraf|Helping Hand|p2b: Delphox
|-singleturn|p2b: Delphox|Helping Hand|[of] p2a: Farigiraf
|move|p2b: Delphox|Psychic|p1a: Charizard
|-damage|p1a: Charizard|0 fnt
|faint|p1a: Charizard
|
|-weather|SunnyDay|[upkeep]
|upkeep
|
|t:|1784953276
|switch|p1a: Whimsicott|Whimsicott, L50, F|100/100
|turn|5
|
|t:|1784953293
|move|p2a: Farigiraf|Helping Hand|p2b: Delphox
|-singleturn|p2b: Delphox|Helping Hand|[of] p2a: Farigiraf
|move|p2b: Delphox|Heat Wave|p1a: Whimsicott|[spread] p1a,p1b
|-supereffective|p1a: Whimsicott|1
|-resisted|p1b: Garchomp|1
|-enditem|p1a: Whimsicott|Focus Sash
|-damage|p1a: Whimsicott|1/100
|-damage|p1b: Garchomp|48/100
|move|p1a: Whimsicott|Moonblast|p2a: Farigiraf
|-damage|p2a: Farigiraf|13/100
|-unboost|p2a: Farigiraf|spa|1
|move|p1b: Garchomp|Dragon Claw|p2a: Farigiraf
|-damage|p2a: Farigiraf|0 fnt
|faint|p2a: Farigiraf
|-damage|p1b: Garchomp|38/100|[from] item: Life Orb
|
|-weather|SunnyDay|[upkeep]
|upkeep
|turn|6
|
|t:|1784953306
|move|p1a: Whimsicott|Tailwind|p1a: Whimsicott
|-sidestart|p1: Harbinger Aegis|move: Tailwind
|move|p1b: Garchomp|Rock Slide|p2b: Delphox
|-supereffective|p2b: Delphox|1
|-damage|p2b: Delphox|8/100
|-damage|p1b: Garchomp|28/100|[from] item: Life Orb
|move|p2b: Delphox|Heat Wave|p1b: Garchomp|[spread] p1a,p1b
|-supereffective|p1a: Whimsicott|1
|-resisted|p1b: Garchomp|1
|-damage|p1a: Whimsicott|0 fnt
|-damage|p1b: Garchomp|0 fnt
|faint|p1a: Whimsicott
|faint|p1b: Garchomp
|
|-weather|none
|upkeep
|
|t:|1784953310
|switch|p1b: Incineroar|Incineroar, L50, M|82/100
|-ability|p1b: Incineroar|Intimidate|boost
|-unboost|p2b: Delphox|atk|1
|turn|7
|
|t:|1784953312
|move|p2b: Delphox|Protect|p2b: Delphox
|-singleturn|p2b: Delphox|Protect
|move|p1b: Incineroar|Darkest Lariat|p2b: Delphox
|-activate|p2b: Delphox|move: Protect
|
|upkeep
|turn|8
|
|t:|1784953315
|move|p2b: Delphox|Heat Wave|p1b: Incineroar
|-resisted|p1b: Incineroar|1
|-damage|p1b: Incineroar|62/100
|move|p1b: Incineroar|Darkest Lariat|p2b: Delphox
|-supereffective|p2b: Delphox|1
|-crit|p2b: Delphox
|-damage|p2b: Delphox|0 fnt
|faint|p2b: Delphox
|
|win|Harbinger Aegis
||Harbinger Aegis is ready for game 3.
||PokeMasterSteven5 is ready for game 3.
|uhtml|next|Next: Game 3 of 3
|l|☆PokeMasterSteven5
|player|p2|
