|j|☆fanman64
|j|☆GIRLHELL1998
|html|fanman64GIRLHELL1998    
|uhtml|bestof|Game 1 of a best-of-3
|t:|1756242033
|gametype|doubles
|player|p1|fanman64|volkner|1183
|player|p2|GIRLHELL1998|roxie|1072
|gen|9
|tier|[Gen 9] VGC 2025 Reg H (Bo3)
|rated|
|rule|Species Clause: Limit one of each Pokémon
|rule|Item Clause: Limit 1 of each item
|clearpoke
|poke|p1|Tauros-Paldea-Blaze, L50, M|
|poke|p1|Rillaboom, L50, M|
|poke|p1|Tyranitar, L50, F|
|poke|p1|Kommo-o, L50, F|
|poke|p1|Basculegion, L50, M|
|poke|p1|Magmar, L50, F|
|poke|p2|Ursaluna, L50, M|
|poke|p2|Kilowattrel, L50, F|
|poke|p2|Gholdengo, L50|
|poke|p2|Incineroar, L50, M|
|poke|p2|Amoonguss, L50, M|
|poke|p2|Porygon2, L50|
|teampreview|4
|showteam|p1|Tauros-Paldea-Blaze||ClearAmulet|Intimidate|RagingBull,CloseCombat,Protect,WillOWisp|||M|||50|,,,,,Grass]Rillaboom||MiracleSeed|GrassySurge|WoodHammer,GrassyGlide,Uturn,FakeOut|||M|||50|,,,,,Grass]Tyranitar||AssaultVest|SandStream|KnockOff,RockSlide,LowKick,TeraBlast|||F|||50|,,,,,Flying]Kommo-o||ThroatSpray|Soundproof|ClangingScales,Flamethrower,Protect,ClangorousSoul|||F|||50|,,,,,Fire]Basculegion||ChoiceScarf|Adaptability|WaveCrash,LastRespects,FlipTurn,AquaJet|||M|||50|,,,,,Water]Magmar||Eviolite|VitalSpirit|Overheat,ClearSmog,FollowMe,Protect|||F|||50|,,,,,Fairy
|showteam|p2|Ursaluna||FlameOrb|Guts|Facade,HeadlongRush,Earthquake,Protect|||M|||50|,,,,,Fairy]Kilowattrel||FocusSash|Competitive|Thunderbolt,AirSlash,Tailwind,Protect|||F|||50|,,,,,Ghost]Gholdengo||LifeOrb|GoodasGold|MakeItRain,ShadowBall,NastyPlot,Protect||||||50|,,,,,Flying]Incineroar||AssaultVest|Intimidate|KnockOff,FlareBlitz,Uturn,FakeOut|||M|||50|,,,,,Grass]Amoonguss||SitrusBerry|Regenerator|Spore,RagePowder,SludgeBomb,Protect|||M|||50|,,,,,Water]Porygon2||Eviolite|Download|TeraBlast,IceBeam,Recover,TrickRoom||||||50|,,,,,Fighting
|
|t:|1756242102
|teamsize|p1|4
|teamsize|p2|4
|start
|switch|p1a: Rillaboom|Rillaboom, L50, M|100/100
|switch|p1b: Basculegion|Basculegion, L50, M|100/100
|switch|p2a: Dinko|Ursaluna, L50, M|100/100
|switch|p2b: Nokia Brick|Porygon2, L50, shiny|100/100
|-fieldstart|move: Grassy Terrain|[from] ability: Grassy Surge|[of] p1a: Rillaboom
|-ability|p2b: Nokia Brick|Download|boost
|-boost|p2b: Nokia Brick|spa|1
|turn|1
|
|t:|1756242142
|move|p2a: Dinko|Protect|p2a: Dinko
|-singleturn|p2a: Dinko|Protect
|move|p1a: Rillaboom|Fake Out|p2b: Nokia Brick
|-damage|p2b: Nokia Brick|91/100
|move|p1b: Basculegion|Wave Crash|p2b: Nokia Brick
|-damage|p2b: Nokia Brick|43/100
|-damage|p1b: Basculegion|85/100|[from] Recoil
|cant|p2b: Nokia Brick|flinch
|
|-heal|p1b: Basculegion|91/100|[from] Grassy Terrain
|-heal|p2b: Nokia Brick|49/100|[from] Grassy Terrain
|-status|p2a: Dinko|brn|[from] item: Flame Orb
|upkeep
|turn|2
|
|t:|1756242157
|switch|p2a: 뽀록나|Amoonguss, L50, M, shiny|100/100
|-terastallize|p1a: Rillaboom|Grass
|move|p1b: Basculegion|Wave Crash|p2b: Nokia Brick
|-damage|p2b: Nokia Brick|4/100
|-damage|p1b: Basculegion|77/100|[from] Recoil
|move|p1a: Rillaboom|Wood Hammer|p2a: 뽀록나
|-resisted|p2a: 뽀록나
|-damage|p2a: 뽀록나|71/100
|-damage|p1a: Rillaboom|90/100|[from] Recoil
|move|p2b: Nokia Brick|Recover|p2b: Nokia Brick
|-heal|p2b: Nokia Brick|54/100
|
|-heal|p1b: Basculegion|83/100|[from] Grassy Terrain
|-heal|p1a: Rillaboom|96/100|[from] Grassy Terrain
|-heal|p2b: Nokia Brick|60/100|[from] Grassy Terrain
|-heal|p2a: 뽀록나|77/100|[from] Grassy Terrain
|upkeep
|turn|3
|
|t:|1756242183
|move|p1b: Basculegion|Wave Crash|p2b: Nokia Brick
|-damage|p2b: Nokia Brick|15/100
|-damage|p1b: Basculegion|69/100|[from] Recoil
|move|p1a: Rillaboom|Wood Hammer|p2b: Nokia Brick
|-damage|p2b: Nokia Brick|0 fnt
|faint|p2b: Nokia Brick
|-damage|p1a: Rillaboom|92/100|[from] Recoil
|move|p2a: 뽀록나|Spore|p1b: Basculegion
|-status|p1b: Basculegion|slp|[from] move: Spore
|
|-heal|p1b: Basculegion|75/100 slp|[from] Grassy Terrain
|-heal|p1a: Rillaboom|98/100|[from] Grassy Terrain
|-heal|p2a: 뽀록나|83/100|[from] Grassy Terrain
|upkeep
|
|t:|1756242197
|switch|p2b: Mr Worldwide|Gholdengo, L50|100/100
|turn|4
|inactive|Battle timer is ON: inactive players will automatically lose when time's up. (requested by GIRLHELL1998)
|
|t:|1756242222
|cant|p1b: Basculegion|slp
|move|p2b: Mr Worldwide|Nasty Plot|p2b: Mr Worldwide
|-boost|p2b: Mr Worldwide|spa|2
|move|p1a: Rillaboom|Wood Hammer|p2b: Mr Worldwide
|-resisted|p2b: Mr Worldwide
|-damage|p2b: Mr Worldwide|37/100
|-damage|p1a: Rillaboom|81/100|[from] Recoil
|move|p2a: 뽀록나|Sludge Bomb|p1a: Rillaboom
|-supereffective|p1a: Rillaboom
|-damage|p1a: Rillaboom|14/100
|
|-heal|p1b: Basculegion|81/100 slp|[from] Grassy Terrain
|-heal|p2b: Mr Worldwide|43/100|[from] Grassy Terrain
|-heal|p1a: Rillaboom|20/100|[from] Grassy Terrain
|-heal|p2a: 뽀록나|89/100|[from] Grassy Terrain
|upkeep
|turn|5
|
|t:|1756242245
|move|p2b: Mr Worldwide|Protect|p2b: Mr Worldwide
|-singleturn|p2b: Mr Worldwide|Protect
|move|p1a: Rillaboom|Grassy Glide|p2b: Mr Worldwide
|-activate|p2b: Mr Worldwide|move: Protect
|cant|p1b: Basculegion|slp
|move|p2a: 뽀록나|Sludge Bomb|p1a: Rillaboom
|-supereffective|p1a: Rillaboom
|-damage|p1a: Rillaboom|0 fnt
|faint|p1a: Rillaboom
|
|-heal|p1b: Basculegion|87/100 slp|[from] Grassy Terrain
|-heal|p2b: Mr Worldwide|49/100|[from] Grassy Terrain
|-heal|p2a: 뽀록나|95/100|[from] Grassy Terrain
|-fieldend|move: Grassy Terrain
|upkeep
|
|t:|1756242267
|switch|p1a: Kommo-o|Kommo-o, L50, F|100/100
|turn|6
|
|t:|1756242284
|move|p2a: 뽀록나|Rage Powder|p2a: 뽀록나
|-singleturn|p2a: 뽀록나|move: Rage Powder
|-curestatus|p1b: Basculegion|slp|[msg]
|move|p1b: Basculegion|Wave Crash|p2a: 뽀록나
|-resisted|p2a: 뽀록나
|-damage|p2a: 뽀록나|62/100
|-damage|p1b: Basculegion|75/100|[from] Recoil
|move|p2b: Mr Worldwide|Make It Rain|p1a: Kommo-o|[spread] p1a,p1b
|-resisted|p1b: Basculegion
|-damage|p1a: Kommo-o|0 fnt
|-damage|p1b: Basculegion|13/100
|-unboost|p2b: Mr Worldwide|spa|1
|faint|p1a: Kommo-o
|-damage|p2b: Mr Worldwide|40/100|[from] item: Life Orb
|
|upkeep
|
|t:|1756242296
|switch|p1a: Tyranitar|Tyranitar, L50, F|100/100
|-weather|Sandstorm|[from] ability: Sand Stream|[of] p1a: Tyranitar
|turn|7
|
|t:|1756242310
|move|p2a: 뽀록나|Rage Powder|p2a: 뽀록나
|-singleturn|p2a: 뽀록나|move: Rage Powder
|move|p1b: Basculegion|Wave Crash|p2a: 뽀록나
|-resisted|p2a: 뽀록나
|-damage|p2a: 뽀록나|31/100
|-enditem|p2a: 뽀록나|Sitrus Berry|[eat]
|-heal|p2a: 뽀록나|56/100|[from] item: Sitrus Berry
|-damage|p1b: Basculegion|2/100|[from] Recoil
|move|p2b: Mr Worldwide|Make It Rain|p1a: Tyranitar|[spread] p1a,p1b
|-supereffective|p1a: Tyranitar
|-crit|p1a: Tyranitar
|-resisted|p1b: Basculegion
|-damage|p1a: Tyranitar|9/100
|-damage|p1b: Basculegion|0 fnt
|-unboost|p2b: Mr Worldwide|spa|1
|faint|p1b: Basculegion
|-damage|p2b: Mr Worldwide|30/100|[from] item: Life Orb
|move|p1a: Tyranitar|Knock Off|p2a: 뽀록나
|-damage|p2a: 뽀록나|20/100
|
|-weather|Sandstorm|[upkeep]
|-damage|p2a: 뽀록나|14/100|[from] Sandstorm
|upkeep
|turn|8
|inactive|GIRLHELL1998 has 30 seconds left.
|
|t:|1756242338
|move|p2a: 뽀록나|Rage Powder|p2a: 뽀록나
|-singleturn|p2a: 뽀록나|move: Rage Powder
|move|p2b: Mr Worldwide|Make It Rain|p1a: Tyranitar
|-supereffective|p1a: Tyranitar
|-damage|p1a: Tyranitar|0 fnt
|-unboost|p2b: Mr Worldwide|spa|1
|faint|p1a: Tyranitar
|-damage|p2b: Mr Worldwide|21/100|[from] item: Life Orb
|
|win|GIRLHELL1998
||fanman64 is ready for game 2.
