|j|☆teyvgc
|j|☆Glofer
|html|teyvgcGlofer    
|uhtml|bestof|Game 2 of a best-of-3
|t:|1782532258
|gametype|doubles
|player|p1|teyvgc|rood|1194
|player|p2|Glofer|blackbelt|1093
|gen|9
|tier|[Gen 9 Champions] VGC 2026 Reg M-B (Bo3)
|rated|
|rule|Species Clause: Limit one of each Pokémon
|rule|Item Clause: Limit 1 of each item
|clearpoke
|poke|p1|Houndstone, L50, M|
|poke|p1|Tyranitar, L50, F|
|poke|p1|Rotom-Wash, L50|
|poke|p1|Incineroar, L50, M|
|poke|p1|Farigiraf, L50, F, shiny|
|poke|p1|Garchomp, L50, F, shiny|
|poke|p2|Snorlax, L50, M|
|poke|p2|Farigiraf, L50, F|
|poke|p2|Annihilape, L50, M|
|poke|p2|Scrafty, L50, M|
|poke|p2|Froslass, L50, F|
|poke|p2|Volcarona, L50, F|
|teampreview|4
|showteam|p1|Houndstone||FocusSash|SandRush|Poltergeist,ShadowSneak,LastRespects,Protect|Adamant||M|||50|]Tyranitar||Tyranitarite|SandStream|RockSlide,KnockOff,LowKick,Protect|Adamant||F|||50|]Rotom-Wash||Leftovers|Levitate|LightScreen,HydroPump,VoltSwitch,WillOWisp|Bold|||||50|]Incineroar||PasshoBerry|Intimidate|FlareBlitz,DarkestLariat,FakeOut,PartingShot|Adamant||M|||50|]Farigiraf||TwistedSpoon|ArmorTail|HyperVoice,TwinBeam,TrickRoom,HelpingHand|Quiet||F|||50|]Garchomp||Garchompite|RoughSkin|StompingTantrum,DragonClaw,IronHead,Protect|Adamant||F|||50|
|showteam|p2|Snorlax||Leftovers|ThickFat|BodySlam,HighHorsepower,RockSlide,Protect|Adamant||M|||50|]Farigiraf||SitrusBerry|ArmorTail|TwinBeam,HyperVoice,TrickRoom,HelpingHand|Quiet||F|||50|]Annihilape||LifeOrb|Defiant|DrainPunch,RageFist,BulkUp,Protect|Adamant||M|||50|]Scrafty||Scraftinite|Intimidate|CloseCombat,KnockOff,FakeOut,Protect|Adamant||M|||50|]Froslass||Froslassite|CursedBody|Blizzard,ShadowBall,AuroraVeil,Protect|Timid||F|||50|]Volcarona||FocusSash|FlameBody|HeatWave,StruggleBug,QuiverDance,Protect|Modest||F|||50|
|inactive|Battle timer is ON: inactive players will automatically lose when time's up. (requested by Glofer)
|
|t:|1782532287
|teamsize|p1|4
|teamsize|p2|4
|start
|switch|p1a: Incineroar|Incineroar, L50, M|100/100
|switch|p1b: Farigiraf|Farigiraf, L50, F, shiny|100/100
|switch|p2a: Scrafty|Scrafty, L50, M|100/100
|switch|p2b: Farigiraf|Farigiraf, L50, F|100/100
|-ability|p1a: Incineroar|Intimidate|boost
|-unboost|p2a: Scrafty|atk|1
|-unboost|p2b: Farigiraf|atk|1
|-ability|p2a: Scrafty|Intimidate|boost
|-unboost|p1a: Incineroar|atk|1
|-unboost|p1b: Farigiraf|atk|1
|turn|1
|inactive|Glofer has 30 seconds left.
|
|t:|1782532315
|switch|p2b: Snorlax|Snorlax, L50, M|100/100
|detailschange|p2a: Scrafty|Scrafty-Mega, L50, M
|-mega|p2a: Scrafty|Scrafty|Scraftinite
|-ability|p2a: Scrafty|Intimidate|boost
|-unboost|p1a: Incineroar|atk|1
|-unboost|p1b: Farigiraf|atk|1
|move|p1a: Incineroar|Parting Shot|p2a: Scrafty
|-unboost|p2a: Scrafty|atk|1
|-unboost|p2a: Scrafty|spa|1
|
|t:|1782532325
|switch|p1a: Garchomp|Garchomp, L50, F, shiny|100/100|[from] Parting Shot
|move|p2a: Scrafty|Close Combat|p1a: Garchomp
|-damage|p1a: Garchomp|71/100
|-unboost|p2a: Scrafty|def|1
|-unboost|p2a: Scrafty|spd|1
|-damage|p2a: Scrafty|87/100|[from] ability: Rough Skin|[of] p1a: Garchomp
|move|p1b: Farigiraf|Hyper Voice|p2b: Snorlax|[spread] p2a,p2b
|-damage|p2a: Scrafty|52/100
|-damage|p2b: Snorlax|80/100
|
|-heal|p2b: Snorlax|86/100|[from] item: Leftovers
|upkeep
|turn|2
|
|t:|1782532344
|switch|p2a: Annihilape|Annihilape, L50, M|100/100
|detailschange|p1a: Garchomp|Garchomp-Mega, L50, F, shiny
|-mega|p1a: Garchomp|Garchomp|Garchompite
|move|p1b: Farigiraf|Helping Hand|p1a: Garchomp
|-singleturn|p1a: Garchomp|Helping Hand|[of] p1b: Farigiraf
|move|p1a: Garchomp|Dragon Claw|p2b: Snorlax
|-damage|p2b: Snorlax|5/100
|move|p2b: Snorlax|Body Slam|p1a: Garchomp
|-crit|p1a: Garchomp
|-damage|p1a: Garchomp|20/100y
|-status|p1a: Garchomp|par
|
|-heal|p2b: Snorlax|11/100|[from] item: Leftovers
|upkeep
|turn|3
|inactive|Glofer has 30 seconds left.
|
|t:|1782532370
|move|p1a: Garchomp|Protect|p1a: Garchomp
|-singleturn|p1a: Garchomp|Protect
|move|p2b: Snorlax|Protect|p2b: Snorlax
|-singleturn|p2b: Snorlax|Protect
|move|p2a: Annihilape|Drain Punch|p1a: Garchomp
|-activate|p1a: Garchomp|move: Protect
|move|p1b: Farigiraf|Trick Room|p1b: Farigiraf
|-fieldstart|move: Trick Room|[of] p1b: Farigiraf
|
|-heal|p2b: Snorlax|17/100|[from] item: Leftovers
|upkeep
|turn|4
|
|t:|1782532390
|switch|p2a: Farigiraf|Farigiraf, L50, F|100/100
|move|p2b: Snorlax|Body Slam|p1a: Garchomp
|-damage|p1a: Garchomp|0 fnt
|faint|p1a: Garchomp
|move|p1b: Farigiraf|Twin Beam|p2a: Farigiraf
|-resisted|p2a: Farigiraf|1
|-damage|p2a: Farigiraf|90/100
|-resisted|p2a: Farigiraf|1
|-damage|p2a: Farigiraf|79/100
|-hitcount|p2a: Farigiraf|2
|
|-heal|p2b: Snorlax|23/100|[from] item: Leftovers
|upkeep
|
|t:|1782532398
|switch|p1a: Incineroar|Incineroar, L50, M|100/100
|-ability|p1a: Incineroar|Intimidate|boost
|-unboost|p2a: Farigiraf|atk|1
|-unboost|p2b: Snorlax|atk|1
|turn|5
|
|t:|1782532414
|move|p2a: Farigiraf|Helping Hand|p2b: Snorlax
|-singleturn|p2b: Snorlax|Helping Hand|[of] p2a: Farigiraf
|move|p2b: Snorlax|High Horsepower|p1a: Incineroar
|-supereffective|p1a: Incineroar|1
|-damage|p1a: Incineroar|40/100
|move|p1b: Farigiraf|Hyper Voice|p2b: Snorlax|[spread] p2a,p2b
|-damage|p2a: Farigiraf|50/100g
|-damage|p2b: Snorlax|4/100
|move|p1a: Incineroar|Darkest Lariat|p2a: Farigiraf
|-supereffective|p2a: Farigiraf|1
|-damage|p2a: Farigiraf|0 fnt
|faint|p2a: Farigiraf
|
|-heal|p2b: Snorlax|10/100|[from] item: Leftovers
|upkeep
|
|t:|1782532427
|switch|p2a: Scrafty|Scrafty-Mega, L50, M|52/100
|-ability|p2a: Scrafty|Intimidate|boost
|-unboost|p1a: Incineroar|atk|1
|-unboost|p1b: Farigiraf|atk|1
|turn|6
|
|t:|1782532439
|move|p2b: Snorlax|High Horsepower|p1a: Incineroar
|-supereffective|p1a: Incineroar|1
|-damage|p1a: Incineroar|0 fnt
|faint|p1a: Incineroar
|move|p1b: Farigiraf|Hyper Voice|p2a: Scrafty|[spread] p2a,p2b
|-damage|p2a: Scrafty|30/100
|-damage|p2b: Snorlax|0 fnt
|faint|p2b: Snorlax
|move|p2a: Scrafty|Knock Off|p1b: Farigiraf
|-supereffective|p1b: Farigiraf|1
|-damage|p1b: Farigiraf|0 fnt
|-enditem|p1b: Farigiraf|Twisted Spoon|[from] move: Knock Off|[of] p2a: Scrafty
|faint|p1b: Farigiraf
|
|upkeep
|-message|teyvgc forfeited.
|
|win|Glofer
|raw|teyvgc's rating: 1194 → 1162(-32 for losing)
|raw|Glofer's rating: 1093 → 1126(+33 for winning)
