|j|☆mikewwm8
|j|☆devouring itself
|html|mikewwm8devouring itself    
|uhtml|bestof|Game 1 of a best-of-3
|t:|1784125158
|gametype|doubles
|player|p1|mikewwm8|170|
|player|p2|devouring itself|170|
|gen|9
|tier|[Gen 9 Champions] VGC 2026 Reg M-B (Bo3)
|rule|Species Clause: Limit one of each Pokémon
|rule|Item Clause: Limit 1 of each item
|clearpoke
|poke|p1|Aerodactyl, L50, F|
|poke|p1|Kingambit, L50, M|
|poke|p1|Sylveon, L50, M|
|poke|p1|Garchomp, L50, F|
|poke|p1|Charizard, L50, M|
|poke|p1|Incineroar, L50, F|
|poke|p2|Grimmsnarl, L50, M|
|poke|p2|Swampert, L50, M|
|poke|p2|Pelipper, L50, M|
|poke|p2|Archaludon, L50, M|
|poke|p2|Sinistcha, L50|
|poke|p2|Metagross, L50|
|teampreview|4
|showteam|p1|Aerodactyl||Aerodactylite|Unnerve|RockSlide,IceFang,Tailwind,WideGuard|Jolly||F|||50|]Kingambit||FocusSash|Defiant|KowtowCleave,SuckerPunch,IronHead,Protect|Adamant||M|||50|]Sylveon||FairyFeather|Pixilate|Detect,HyperVoice,HyperBeam,QuickAttack|Modest||M|||50|]Garchomp||LifeOrb|RoughSkin|Earthquake,DragonClaw,StompingTantrum,Protect|Jolly||F|||50|]Charizard||CharizarditeY|Blaze|Protect,HeatWave,SolarBeam,WeatherBall|Modest||M|||50|]Incineroar||SitrusBerry|Intimidate|DarkestLariat,FlareBlitz,FakeOut,PartingShot|Impish||F|||50|
|showteam|p2|Grimmsnarl||LightClay|Prankster|FoulPlay,PartingShot,Reflect,LightScreen|Calm||M|||50|]Swampert||Swampertite|Damp|WaveCrash,Earthquake,IcePunch,Protect|Adamant||M|||50|]Pelipper||SitrusBerry|Drizzle|Hurricane,WeatherBall,Tailwind,WideGuard|Modest||M|||50|]Archaludon||Leftovers|Stamina|ElectroShot,DragonPulse,FlashCannon,Protect|Modest||M|||50|]Sinistcha||CobaBerry|Hospitality|MatchaGotcha,RagePowder,TrickRoom,Protect|Relaxed|||||50|]Metagross||Metagrossite|ClearBody|IronHead,PsychicFangs,BodyPress,Protect|Jolly|||||50|
|c|☆devouring itself|glhf!
|c|☆mikewwm8|glhf
|inactive|Battle timer is ON: inactive players will automatically lose when time's up. (requested by mikewwm8)
|
|t:|1784125202
|teamsize|p1|4
|teamsize|p2|4
|start
|switch|p1a: Sylveon|Sylveon, L50, M|100/100
|switch|p1b: Incineroar|Incineroar, L50, F|100/100
|switch|p2a: Grimmsnarl|Grimmsnarl, L50, M|100/100
|switch|p2b: Swampert|Swampert, L50, M|100/100
|-ability|p1b: Incineroar|Intimidate|boost
|-unboost|p2a: Grimmsnarl|atk|1
|-unboost|p2b: Swampert|atk|1
|turn|1
|
|t:|1784125223
|switch|p2a: Pelipper|Pelipper, L50, M|100/100
|-weather|RainDance|[from] ability: Drizzle|[of] p2a: Pelipper
|detailschange|p2b: Swampert|Swampert-Mega, L50, M
|-mega|p2b: Swampert|Swampert|Swampertite
|move|p1b: Incineroar|Fake Out|p2a: Pelipper
|-damage|p2a: Pelipper|88/100
|move|p2b: Swampert|Wave Crash|p1b: Incineroar
|-supereffective|p1b: Incineroar|1
|-damage|p1b: Incineroar|0 fnt
|faint|p1b: Incineroar
|-damage|p2b: Swampert|65/100|[from] Recoil
|move|p1a: Sylveon|Hyper Voice|p2b: Swampert|[spread] p2a,p2b
|-damage|p2a: Pelipper|36/100
|-damage|p2b: Swampert|22/100
|-enditem|p2a: Pelipper|Sitrus Berry|[eat]
|-heal|p2a: Pelipper|61/100|[from] item: Sitrus Berry
|
|-weather|RainDance|[upkeep]
|upkeep
|
|t:|1784125246
|switch|p1b: Charizard|Charizard, L50, M|100/100
|turn|2
|inactive|devouring itself has 30 seconds left.
|inactive|devouring itself has 20 seconds left.
|
|t:|1784125283
|switch|p2b: Grimmsnarl|Grimmsnarl, L50, M|100/100
|switch|p2a: Archaludon|Archaludon, L50, M|100/100
|move|p1b: Charizard|Protect|p1b: Charizard
|-singleturn|p1b: Charizard|Protect
|move|p1a: Sylveon|Hyper Voice|p2a: Archaludon|[spread] p2a,p2b
|-supereffective|p2b: Grimmsnarl|1
|-damage|p2a: Archaludon|55/100
|-damage|p2b: Grimmsnarl|21/100
|-ability|p2a: Archaludon|Stamina|boost
|-boost|p2a: Archaludon|def|1
|
|-weather|RainDance|[upkeep]
|-heal|p2a: Archaludon|61/100|[from] item: Leftovers
|upkeep
|turn|3
|
|t:|1784125308
|switch|p1b: Garchomp|Garchomp, L50, F|100/100
|move|p1a: Sylveon|Quick Attack|p2b: Grimmsnarl
|-supereffective|p2b: Grimmsnarl|1
|-damage|p2b: Grimmsnarl|0 fnt
|faint|p2b: Grimmsnarl
|move|p2a: Archaludon|Electro Shot||[still]
|-prepare|p2a: Archaludon|Electro Shot
|-boost|p2a: Archaludon|spa|1
|-anim|p2a: Archaludon|Electro Shot|p1b: Garchomp
|-immune|p1b: Garchomp
|
|-weather|RainDance|[upkeep]
|-heal|p2a: Archaludon|68/100|[from] item: Leftovers
|upkeep
|
|t:|1784125313
|switch|p2b: Swampert|Swampert-Mega, L50, M|22/100
|turn|4
|
|t:|1784125332
|switch|p1a: Charizard|Charizard, L50, M|100/100
|move|p1b: Garchomp|Protect|p1b: Garchomp
|-singleturn|p1b: Garchomp|Protect
|move|p2b: Swampert|Wave Crash|p1a: Charizard
|-supereffective|p1a: Charizard|1
|-damage|p1a: Charizard|0 fnt
|faint|p1a: Charizard
|-damage|p2b: Swampert|0 fnt|[from] Recoil
|faint|p2b: Swampert
|move|p2a: Archaludon|Dragon Pulse|p1b: Garchomp
|-activate|p1b: Garchomp|move: Protect
|
|-weather|RainDance|[upkeep]
|-heal|p2a: Archaludon|74/100|[from] item: Leftovers
|upkeep
|
|t:|1784125341
|switch|p1a: Sylveon|Sylveon, L50, M|100/100
|switch|p2b: Pelipper|Pelipper, L50, M|61/100
|turn|5
|inactive|devouring itself has 30 seconds left.
|inactive|devouring itself has 20 seconds left.
|
|t:|1784125378
|move|p1b: Garchomp|Dragon Claw|p2b: Pelipper
|-damage|p2b: Pelipper|4/100
|-damage|p1b: Garchomp|90/100|[from] item: Life Orb
|move|p2a: Archaludon|Dragon Pulse|p1b: Garchomp
|-supereffective|p1b: Garchomp|1
|-damage|p1b: Garchomp|0 fnt
|faint|p1b: Garchomp
|move|p1a: Sylveon|Hyper Beam|p2a: Archaludon
|-damage|p2a: Archaludon|0 fnt
|-mustrecharge|p1a: Sylveon
|faint|p2a: Archaludon
|move|p2b: Pelipper|Weather Ball|p1a: Sylveon
|-damage|p1a: Sylveon|57/100
|
|-weather|none
|upkeep
|turn|6
|
|t:|1784125388
|cant|p1a: Sylveon|recharge
|move|p2b: Pelipper|Hurricane|p1a: Sylveon
|-damage|p1a: Sylveon|27/100
|
|upkeep
|turn|7
|c|☆devouring itself|lmfao
|c|☆devouring itself|lock in bra
|
|t:|1784125405
|move|p1a: Sylveon|Quick Attack|p2b: Pelipper
|-damage|p2b: Pelipper|0 fnt
|faint|p2b: Pelipper
|
|win|mikewwm8
||mikewwm8 is ready for game 2.
|c|☆devouring itself|ah shit
|c|☆devouring itself|gg
|inactive|devouring itself has 30 seconds to confirm battle start!
||devouring itself is ready for game 2.
|uhtml|next|Next: Game 2 of 3
