|j|☆gamertag1001if
|j|☆KodeBeast0526
|html|gamertag1001ifKodeBeast0526    
|uhtml|bestof|Game 1 of a best-of-3
|t:|1785627167
|gametype|doubles
|player|p1|gamertag1001if|pokemaniac|1218
|player|p2|KodeBeast0526|hiker|1286
|gen|9
|tier|[Gen 9 Champions] VGC 2026 Reg M-B (Bo3)
|rated|
|rule|Species Clause: Limit one of each Pokémon
|rule|Item Clause: Limit 1 of each item
|clearpoke
|poke|p1|Raichu, L50, M|
|poke|p1|Garchomp, L50, M|
|poke|p1|Talonflame, L50, M|
|poke|p1|Ninetales-Alola, L50, F|
|poke|p1|Gholdengo, L50|
|poke|p1|Araquanid, L50, M|
|poke|p2|Basculegion, L50, M|
|poke|p2|Garchomp, L50, F|
|poke|p2|Scizor, L50, F|
|poke|p2|Tyranitar, L50, F|
|poke|p2|Sneasler, L50, F|
|poke|p2|Corviknight, L50, F|
|teampreview|4
|showteam|p1|Raichu||RaichuniteY|LightningRod|ZapCannon,FocusBlast,FakeOut,Protect|Timid||M|||50|]Garchomp||ChoiceScarf|RoughSkin|Earthquake,StompingTantrum,DragonClaw,RockSlide|Adamant||M|||50|]Talonflame|||GaleWings|Acrobatics,WillOWisp,Tailwind,Protect|Jolly||M|||50|]Ninetales-Alola||FocusSash|SnowWarning|Blizzard,FreezeDry,Encore,Protect|Timid||F|||50|]Gholdengo||LifeOrb|GoodasGold|MakeItRain,ShadowBall,NastyPlot,Protect|Modest|||||50|]Araquanid||SitrusBerry|WaterBubble|Liquidation,LeechLife,Protect,WideGuard|Adamant||M|||50|
|showteam|p2|Basculegion||SitrusBerry|Adaptability|WaveCrash,LastRespects,AquaJet,Protect|Jolly||M|||50|]Garchomp||Garchompite|RoughSkin|EarthPower,DracoMeteor,PowerGem,Protect|Modest||F|||50|]Scizor||LifeOrb|Technician|BulletPunch,BugBite,SwordsDance,Protect|Adamant||F|||50|]Tyranitar||ChoiceScarf|SandStream|RockSlide,KnockOff,IcePunch,Superpower|Jolly||F|||50|]Sneasler||FocusSash|PoisonTouch|PoisonJab,CloseCombat,FakeOut,Protect|Jolly||F|||50|]Corviknight||Leftovers|MirrorArmor|IronHead,BraveBird,Tailwind,Protect|Impish||F|||50|
|inactive|Battle timer is ON: inactive players will automatically lose when time's up. (requested by gamertag1001if)
|inactive|gamertag1001if has 60 seconds left.
|
|t:|1785627215
|teamsize|p1|4
|teamsize|p2|4
|start
|switch|p1a: Raichu|Raichu, L50, M|100/100
|switch|p1b: Talonflame|Talonflame, L50, M|100/100
|switch|p2a: Corviknight|Corviknight, L50, F|100/100
|switch|p2b: Sneasler|Sneasler, L50, F|100/100
|turn|1
|
|t:|1785627227
|detailschange|p1a: Raichu|Raichu-Mega-Y, L50, M
|-mega|p1a: Raichu|Raichu|Raichunite Y
|move|p2b: Sneasler|Fake Out|p1a: Raichu
|-damage|p1a: Raichu|77/100
|move|p1b: Talonflame|Will-O-Wisp|p2b: Sneasler
|-status|p2b: Sneasler|brn
|cant|p1a: Raichu|flinch
|move|p2a: Corviknight|Tailwind|p2a: Corviknight
|-sidestart|p2: KodeBeast0526|move: Tailwind
|
|-damage|p2b: Sneasler|94/100 brn|[from] brn
|upkeep
|turn|2
|
|t:|1785627245
|move|p1b: Talonflame|Tailwind|p1b: Talonflame
|-sidestart|p1: gamertag1001if|move: Tailwind
|move|p2b: Sneasler|Poison Jab|p1b: Talonflame
|-damage|p1b: Talonflame|72/100
|-status|p1b: Talonflame|psn
|move|p1a: Raichu|Zap Cannon|p2a: Corviknight
|-supereffective|p2a: Corviknight|1
|-damage|p2a: Corviknight|1/100
|-status|p2a: Corviknight|par
|move|p2a: Corviknight|Iron Head|p1a: Raichu
|-resisted|p1a: Raichu|1
|-damage|p1a: Raichu|58/100
|
|-heal|p2a: Corviknight|6/100 par|[from] item: Leftovers
|-damage|p1b: Talonflame|59/100 psn|[from] psn
|-damage|p2b: Sneasler|88/100 brn|[from] brn
|upkeep
|turn|3
|
|t:|1785627257
|move|p2b: Sneasler|Poison Jab|p1a: Raichu
|-damage|p1a: Raichu|30/100
|move|p1b: Talonflame|Acrobatics|p2b: Sneasler
|-supereffective|p2b: Sneasler|1
|-damage|p2b: Sneasler|0 fnt
|faint|p2b: Sneasler
|move|p1a: Raichu|Zap Cannon|p2a: Corviknight
|-supereffective|p2a: Corviknight|1
|-damage|p2a: Corviknight|0 fnt
|faint|p2a: Corviknight
|
|-damage|p1b: Talonflame|47/100 psn|[from] psn
|upkeep
|
|t:|1785627263
|switch|p2b: Tyranitar|Tyranitar, L50, F|100/100
|switch|p2a: Garchomp|Garchomp, L50, F|100/100
|-weather|Sandstorm|[from] ability: Sand Stream|[of] p2b: Tyranitar
|turn|4
|
|t:|1785627276
|detailschange|p2a: Garchomp|Garchomp-Mega, L50, F
|-mega|p2a: Garchomp|Garchomp|Garchompite
|move|p1a: Raichu|Protect|p1a: Raichu
|-singleturn|p1a: Raichu|Protect
|move|p2b: Tyranitar|Rock Slide|p1b: Talonflame|[spread] p1b
|-activate|p1a: Raichu|move: Protect
|-supereffective|p1b: Talonflame|2
|-damage|p1b: Talonflame|0 fnt
|faint|p1b: Talonflame
|move|p2a: Garchomp|Power Gem|p1a: Raichu
|-activate|p1a: Raichu|move: Protect
|
|-weather|Sandstorm|[upkeep]
|-damage|p1a: Raichu|24/100|[from] Sandstorm
|-sideend|p2: KodeBeast0526|move: Tailwind
|upkeep
|
|t:|1785627282
|switch|p1b: Ninetales|Ninetales-Alola, L50, F|100/100
|-weather|Snowscape|[from] ability: Snow Warning|[of] p1b: Ninetales
|turn|5
|
|t:|1785627290
|move|p2a: Garchomp|Protect|p2a: Garchomp
|-singleturn|p2a: Garchomp|Protect
|move|p1a: Raichu|Focus Blast|p2b: Tyranitar
|-supereffective|p2b: Tyranitar|2
|-damage|p2b: Tyranitar|0 fnt
|faint|p2b: Tyranitar
|move|p1b: Ninetales|Blizzard|p2a: Garchomp
|-activate|p2a: Garchomp|move: Protect
|
|-weather|Snowscape|[upkeep]
|-sideend|p1: gamertag1001if|move: Tailwind
|upkeep
|turn|6
|
|t:|1785627298
|move|p1a: Raichu|Focus Blast|p2a: Garchomp
|-damage|p2a: Garchomp|61/100
|move|p1b: Ninetales|Blizzard|p2a: Garchomp
|-supereffective|p2a: Garchomp|2
|-damage|p2a: Garchomp|0 fnt
|faint|p2a: Garchomp
|
|win|gamertag1001if
||gamertag1001if is ready for game 2.
