|j|☆Elbovino
|j|☆ZXMaverickHunter
|html|ElbovinoZXMaverickHunter    
|uhtml|bestof|Game 2 of a best-of-3
|t:|1756506959
|gametype|doubles
|player|p1|Elbovino|riley|1173
|player|p2|ZXMaverickHunter|flint|1144
|gen|9
|tier|[Gen 9] VGC 2025 Reg H (Bo3)
|rated|
|rule|Species Clause: Limit one of each Pokémon
|rule|Item Clause: Limit 1 of each item
|clearpoke
|poke|p1|Ursaluna, L50, M|
|poke|p1|Incineroar, L50, M|
|poke|p1|Archaludon, L50, M|
|poke|p1|Pelipper, L50, F|
|poke|p1|Basculegion, L50, M|
|poke|p1|Sinistcha, L50|
|poke|p2|Rillaboom, L50, M|
|poke|p2|Dragonite, L50, M|
|poke|p2|Sneasler, L50, M|
|poke|p2|Ninetales-Alola, L50, M|
|poke|p2|Kingambit, L50, M|
|poke|p2|Magmar, L50, F|
|teampreview|4
|showteam|p1|Ursaluna||FlameOrb|Guts|Earthquake,Facade,HeadlongRush,Protect|||M|||50|,,,,,Ghost]Incineroar||SafetyGoggles|Intimidate|FakeOut,PartingShot,KnockOff,FlareBlitz|||M|||50|,,,,,Ghost]Archaludon||AssaultVest|Stamina|ElectroShot,DragonPulse,FlashCannon,BodyPress|||M|||50|,,,,,Bug]Pelipper||FocusSash|Drizzle|WeatherBall,Hurricane,Protect,Tailwind|||F|||50|,,,,,Stellar]Basculegion||ChoiceScarf|Adaptability|WaveCrash,AquaJet,LastRespects,FlipTurn|||M|||50|,,,,,Ghost]Sinistcha||SitrusBerry|Hospitality|RagePowder,LifeDew,GigaDrain,TrickRoom||||||50|,,,,,Dark
|showteam|p2|Rillaboom||AssaultVest|GrassySurge|WoodHammer,GrassyGlide,HighHorsepower,FakeOut|||M|||50|,,,,,Fire]Dragonite||LoadedDice|Multiscale|Protect,ScaleShot,LowKick,Haze|||M|||50|,,,,,Fairy]Sneasler||WhiteHerb|Unburden|Protect,DireClaw,CloseCombat,Coaching|||M|||50|,,,,,Ghost]Ninetales-Alola||ChoiceSpecs|SnowWarning|Blizzard,IcyWind,Moonblast,FreezeDry|||M|||50|,,,,,Ghost]Kingambit||SafetyGoggles|Defiant|Protect,KowtowCleave,SuckerPunch,SwordsDance|||M|||50|,,,,,Dark]Magmar||Eviolite|VitalSpirit|Protect,FollowMe,Overheat,WillOWisp|||F|||50|,,,,,Dragon
|inactive|Battle timer is ON: inactive players will automatically lose when time's up. (requested by Elbovino)
|inactive|ZXMaverickHunter has 60 seconds left.
|
|t:|1756507008
|teamsize|p1|4
|teamsize|p2|4
|start
|switch|p1a: Archaludon|Archaludon, L50, M|100/100
|switch|p1b: Basculegion|Basculegion, L50, M|100/100
|switch|p2a: Hi peli|Ninetales-Alola, L50, M, shiny|100/100
|switch|p2b: 90% = 50%|Dragonite, L50, M, shiny|100/100
|-weather|Snowscape|[from] ability: Snow Warning|[of] p2a: Hi peli
|turn|1
|inactive|Elbovino has 30 seconds left.
|inactive|ZXMaverickHunter has 30 seconds left.
|inactive|Elbovino has 20 seconds left.
|inactive|Elbovino has 15 seconds left.
|inactive|Elbovino has 10 seconds left.
|
|t:|1756507055
|-terastallize|p2a: Hi peli|Ghost
|move|p1b: Basculegion|Flip Turn|p2b: 90% = 50%
|-resisted|p2b: 90% = 50%
|-damage|p2b: 90% = 50%|90/100
|
|t:|1756507062
|switch|p1b: Pelipper|Pelipper, L50, F|100/100|[from] Flip Turn
|-weather|RainDance|[from] ability: Drizzle|[of] p1b: Pelipper
|move|p2a: Hi peli|Blizzard|p1b: Pelipper|[spread] p1a
|-miss|p2a: Hi peli|p1b: Pelipper
|-damage|p1a: Archaludon|64/100
|-ability|p1a: Archaludon|Stamina|boost
|-boost|p1a: Archaludon|def|1
|move|p2b: 90% = 50%|Scale Shot|p1b: Pelipper
|-damage|p1b: Pelipper|80/100
|-damage|p1b: Pelipper|60/100
|-damage|p1b: Pelipper|40/100
|-damage|p1b: Pelipper|19/100
|-hitcount|p1b: Pelipper|4
|-unboost|p2b: 90% = 50%|def|1
|-boost|p2b: 90% = 50%|spe|1
|move|p1a: Archaludon|Flash Cannon|p2a: Hi peli
|-damage|p2a: Hi peli|59/100
|
|-weather|RainDance|[upkeep]
|upkeep
|turn|2
|inactive|Elbovino has 30 seconds left.
|inactive|ZXMaverickHunter has 30 seconds left.
|
|t:|1756507092
|move|p2b: 90% = 50%|Protect|p2b: 90% = 50%
|-singleturn|p2b: 90% = 50%|Protect
|move|p1b: Pelipper|Protect|p1b: Pelipper
|-singleturn|p1b: Pelipper|Protect
|move|p2a: Hi peli|Blizzard|p1a: Archaludon|[spread] 
|-activate|p1b: Pelipper|move: Protect
|-miss|p2a: Hi peli|p1a: Archaludon
|move|p1a: Archaludon|Electro Shot||[still]
|-prepare|p1a: Archaludon|Electro Shot
|-boost|p1a: Archaludon|spa|1
|-anim|p1a: Archaludon|Electro Shot|p2a: Hi peli
|-damage|p2a: Hi peli|0 fnt
|faint|p2a: Hi peli
|
|-weather|RainDance|[upkeep]
|upkeep
|
|t:|1756507108
|switch|p2a: Noah's BFF|Sneasler, L50, M, shiny|100/100
|turn|3
|inactive|ZXMaverickHunter has 30 seconds left.
|inactive|ZXMaverickHunter has 20 seconds left.
|
|t:|1756507152
|switch|p1b: Sinistcha|Sinistcha, L50|100/100
|-heal|p1a: Archaludon|89/100|[from] ability: Hospitality|[of] p1b: Sinistcha
|-terastallize|p1a: Archaludon|Bug
|move|p2b: 90% = 50%|Haze|p2b: 90% = 50%
|-clearallboost
|move|p2a: Noah's BFF|Close Combat|p1b: Sinistcha
|-immune|p1b: Sinistcha
|move|p1a: Archaludon|Electro Shot||[still]
|-prepare|p1a: Archaludon|Electro Shot
|-boost|p1a: Archaludon|spa|1
|-anim|p1a: Archaludon|Electro Shot|p2a: Noah's BFF
|-damage|p2a: Noah's BFF|18/100
|
|-weather|RainDance|[upkeep]
|upkeep
|turn|4
|inactive|Elbovino has 30 seconds left.
|inactive|ZXMaverickHunter has 30 seconds left.
|
|t:|1756507181
|switch|p1b: Basculegion|Basculegion, L50, M|100/100
|move|p2a: Noah's BFF|Dire Claw|p1b: Basculegion
|-resisted|p1b: Basculegion
|-damage|p1b: Basculegion|74/100
|move|p2b: 90% = 50%|Scale Shot|p1b: Basculegion
|-damage|p1b: Basculegion|54/100
|-damage|p1b: Basculegion|34/100
|-damage|p1b: Basculegion|16/100
|-damage|p1b: Basculegion|0 fnt
|faint|p1b: Basculegion
|-hitcount|p1: Basculegion|4
|-unboost|p2b: 90% = 50%|def|1
|-boost|p2b: 90% = 50%|spe|1
|move|p1a: Archaludon|Dragon Pulse|p2b: 90% = 50%
|-supereffective|p2b: 90% = 50%
|-damage|p2b: 90% = 50%|0 fnt
|faint|p2b: 90% = 50%
|
|-weather|RainDance|[upkeep]
|upkeep
|
|t:|1756507200
|switch|p2b: Kingambling|Kingambit, L50, M, shiny|100/100
|switch|p1b: Sinistcha|Sinistcha, L50|100/100
|-heal|p1a: Archaludon|100/100|[from] ability: Hospitality|[of] p1b: Sinistcha
|turn|5
|inactive|Elbovino has 30 seconds left.
|inactive|ZXMaverickHunter has 30 seconds left.
|
|t:|1756507230
|move|p2a: Noah's BFF|Coaching|p2b: Kingambling
|-boost|p2b: Kingambling|atk|1
|-boost|p2b: Kingambling|def|1
|move|p1a: Archaludon|Electro Shot||[still]
|-prepare|p1a: Archaludon|Electro Shot
|-boost|p1a: Archaludon|spa|1
|-anim|p1a: Archaludon|Electro Shot|p2b: Kingambling
|-crit|p2b: Kingambling
|-damage|p2b: Kingambling|0 fnt
|faint|p2b: Kingambling
|move|p1b: Sinistcha|Giga Drain|p2a: Noah's BFF
|-resisted|p2a: Noah's BFF
|-damage|p2a: Noah's BFF|0 fnt
|faint|p2a: Noah's BFF
|
|win|Elbovino
|raw|Elbovino's rating: 1173 → 1196(+23 for winning)
|raw|ZXMaverickHunter's rating: 1144 → 1121(-23 for losing)
