|j|☆Professor_J93
|j|☆Invoker Kuzan
|html|Professor_J93Invoker Kuzan    
|uhtml|bestof|Game 3 of a best-of-3
|t:|1756335961
|gametype|doubles
|player|p1|Professor_J93|170|1213
|player|p2|Invoker Kuzan|marnie-masters3|1208
|gen|9
|tier|[Gen 9] VGC 2025 Reg H (Bo3)
|rated|
|rule|Species Clause: Limit one of each Pokémon
|rule|Item Clause: Limit 1 of each item
|clearpoke
|poke|p1|Decidueye-Hisui, L50, M|
|poke|p1|Electabuzz, L50, M|
|poke|p1|Yanmega, L50, M|
|poke|p1|Chandelure, L50, F|
|poke|p1|Metagross, L50|
|poke|p1|Ursaluna, L50, F|
|poke|p2|Indeedee-F, L50, F|
|poke|p2|Hatterene, L50, F|
|poke|p2|Gallade, L50, M|
|poke|p2|Ursaluna, L50, M|
|poke|p2|Lilligant-Hisui, L50, F|
|poke|p2|Torkoal, L50, M|
|teampreview|4
|showteam|p1|Decidueye-Hisui||ScopeLens|Scrappy|TripleArrows,LeafBlade,Haze,Protect|||M|||50|,,,,,Fire]Electabuzz||Eviolite|VitalSpirit|Electroweb,FollowMe,Taunt,Thunderbolt|||M|||50|,,,,,Dragon]Yanmega||FocusSash|SpeedBoost|AirSlash,BugBuzz,Tailwind,Protect|||M|||50|,,,,,Ghost]Chandelure||FlamePlate|FlashFire|ShadowBall,HeatWave,TrickRoom,Protect|||F|||50|,,,,,Grass]Metagross||AssaultVest|ClearBody|HeavySlam,PsychicFangs,KnockOff,BulletPunch||||||50|,,,,,Fire]Ursaluna||FlameOrb|Guts|Facade,HeadlongRush,Earthquake,Protect|||F|||50|,,,,,Fairy
|showteam|p2|Indeedee-F||PsychicSeed|PsychicSurge|TrickRoom,FollowMe,HelpingHand,DazzlingGleam|||F|||50|,,,,,Fire]Hatterene||LifeOrb|MagicBounce|ExpandingForce,TrickRoom,DazzlingGleam,Protect|||F|||50|,,,,,Psychic]Gallade||ClearAmulet|Sharpness|PsychoCut,TrickRoom,SacredSword,WideGuard|||M|||50|,,,,,Grass]Ursaluna||FlameOrb|Guts|HeadlongRush,Facade,SwordsDance,Protect|||M|||50|,,,,,Ghost]Lilligant-Hisui||FocusSash|Chlorophyll|SolarBlade,SleepPowder,CloseCombat,AfterYou|||F|||50|,,,,,Ghost]Torkoal||ChoiceSpecs|Drought|Eruption,HeatWave,WeatherBall,EarthPower|||M|||50|,,,,,Fire
|inactive|Battle timer is ON: inactive players will automatically lose when time's up. (requested by Professor_J93)
|inactive|Invoker Kuzan has 60 seconds left.
|
|t:|1756336006
|teamsize|p1|4
|teamsize|p2|4
|start
|switch|p1a: ElectaGOAT|Electabuzz, L50, M, shiny|100/100
|switch|p1b: Metagross|Metagross, L50|100/100
|switch|p2a: Indeedee|Indeedee-F, L50, F, shiny|100/100
|switch|p2b: Hatterene|Hatterene, L50, F, shiny|100/100
|-fieldstart|move: Psychic Terrain|[from] ability: Psychic Surge|[of] p2a: Indeedee
|-enditem|p2a: Indeedee|Psychic Seed
|-boost|p2a: Indeedee|spd|1|[from] item: Psychic Seed
|turn|1
|
|t:|1756336031
|switch|p2a: Ursaluna|Ursaluna, L50, M, shiny|100/100
|-terastallize|p2b: Hatterene|Psychic
|move|p1a: ElectaGOAT|Taunt|p2a: Ursaluna
|-start|p2a: Ursaluna|move: Taunt
|move|p1b: Metagross|Heavy Slam|p2b: Hatterene
|-damage|p2b: Hatterene|30/100
|move|p2b: Hatterene|Trick Room|p2b: Hatterene
|-fieldstart|move: Trick Room|[of] p2b: Hatterene
|
|-status|p2a: Ursaluna|brn|[from] item: Flame Orb
|upkeep
|turn|2
|inactive|Invoker Kuzan has 30 seconds left.
|
|t:|1756336059
|switch|p2b: Torkoal|Torkoal, L50, M, shiny|100/100
|-weather|SunnyDay|[from] ability: Drought|[of] p2b: Torkoal
|move|p1a: ElectaGOAT|Follow Me|p1a: ElectaGOAT
|-singleturn|p1a: ElectaGOAT|move: Follow Me
|move|p2a: Ursaluna|Headlong Rush|p1a: ElectaGOAT
|-supereffective|p1a: ElectaGOAT
|-damage|p1a: ElectaGOAT|0 fnt
|-unboost|p2a: Ursaluna|def|1
|-unboost|p2a: Ursaluna|spd|1
|faint|p1a: ElectaGOAT
|move|p1b: Metagross|Psychic Fangs|p2a: Ursaluna
|-crit|p2a: Ursaluna
|-damage|p2a: Ursaluna|0 fnt
|faint|p2a: Ursaluna
|
|-weather|SunnyDay|[upkeep]
|upkeep
|
|t:|1756336077
|switch|p2a: Hatterene|Hatterene, L50, F, shiny, tera:Psychic|30/100
|switch|p1a: Chandelure|Chandelure, L50, F|100/100
|turn|3
|inactive|Invoker Kuzan has 30 seconds left.
|
|t:|1756336108
|-terastallize|p1b: Metagross|Fire
|move|p1a: Chandelure|Protect|p1a: Chandelure
|-singleturn|p1a: Chandelure|Protect
|move|p2b: Torkoal|Eruption|p1a: Chandelure|[spread] p1b
|-activate|p1a: Chandelure|move: Protect
|-resisted|p1b: Metagross
|-damage|p1b: Metagross|65/100
|move|p2a: Hatterene|Expanding Force|p1a: Chandelure|[spread] p1b
|-activate|p1a: Chandelure|move: Protect
|-damage|p1b: Metagross|0 fnt
|faint|p1b: Metagross
|-damage|p2a: Hatterene|21/100|[from] item: Life Orb
|
|-weather|SunnyDay|[upkeep]
|upkeep
|
|t:|1756336122
|switch|p1b: Ursaluna|Ursaluna, L50, F|100/100
|turn|4
|
|t:|1756336127
|move|p1b: Ursaluna|Protect|p1b: Ursaluna
|-singleturn|p1b: Ursaluna|Protect
|move|p2b: Torkoal|Eruption|p1b: Ursaluna|[spread] 
|-activate|p1b: Ursaluna|move: Protect
|-start|p1a: Chandelure|ability: Flash Fire
|move|p2a: Hatterene|Expanding Force|p1a: Chandelure|[spread] p1a
|-activate|p1b: Ursaluna|move: Protect
|-damage|p1a: Chandelure|0 fnt
|faint|p1a: Chandelure
|-damage|p2a: Hatterene|11/100|[from] item: Life Orb
|
|-weather|SunnyDay|[upkeep]
|-status|p1b: Ursaluna|brn|[from] item: Flame Orb
|upkeep
|turn|5
|-message|Professor_J93 forfeited.
|raw|Professor_J93's rating: 1213 → 1188(-25 for losing)
|raw|Invoker Kuzan's rating: 1208 → 1233(+25 for winning)
|
|win|Invoker Kuzan
|l|☆Professor_J93
|player|p1|
