|j|☆SC7PLAYZZ
|j|☆isam2910
|html|SC7PLAYZZisam2910    
|uhtml|bestof|Game 3 of a best-of-3
|t:|1783973568
|gametype|doubles
|player|p1|SC7PLAYZZ|2|
|player|p2|isam2910|266|
|gen|9
|tier|[Gen 9 Champions] VGC 2026 Reg M-B (Bo3)
|rule|Species Clause: Limit one of each Pokémon
|rule|Item Clause: Limit 1 of each item
|clearpoke
|poke|p1|Greninja, L50, F, shiny|
|poke|p1|Ninetales-Alola, L50, F, shiny|
|poke|p1|Milotic, L50, F, shiny|
|poke|p1|Kingambit, L50, F, shiny|
|poke|p1|Aerodactyl, L50, F, shiny|
|poke|p1|Vanilluxe, L50, F, shiny|
|poke|p2|Incineroar, L50, F|
|poke|p2|Staraptor, L50, M|
|poke|p2|Whimsicott, L50, F|
|poke|p2|Archaludon, L50, F|
|poke|p2|Hydrapple, L50, F|
|poke|p2|Vaporeon, L50, M|
|teampreview|4
|showteam|p1|Greninja||Greninjite|Protean|Blizzard,DarkPulse,Surf,Protect|Timid||F|||50|]Ninetales-Alola||FocusSash|SnowWarning|DazzlingGleam,Blizzard,AuroraVeil,Protect|Timid||F|||50|]Milotic||Leftovers|Competitive|Protect,MirrorCoat,IcyWind,Recover|Calm||F|||50|]Kingambit||BlackGlasses|Defiant|KowtowCleave,SuckerPunch,SwordsDance,LowKick|Serious||F|||50|]Aerodactyl||PasshoBerry|RockHead|Tailwind,DualWingbeat,Protect,RockSlide|Serious||F|||50|]Vanilluxe||ChoiceScarf|IceBody|AuroraVeil,FreezeDry,Blizzard,IcyWind|Timid||F|||50|
|showteam|p2|Incineroar||SitrusBerry|Intimidate|FakeOut,FlareBlitz,WillOWisp,PartingShot|Careful||F|||50|]Staraptor||Staraptite|Intimidate|Roost,BraveBird,CloseCombat,Protect|Adamant||M|||50|]Whimsicott||FocusSash|Prankster|Tailwind,Moonblast,Charm,Protect|Serious||F|||50|]Archaludon||WhiteHerb|Stamina|FlashCannon,Snarl,RockSlide,ElectroShot|Bold||F|||50|]Hydrapple||YacheBerry|Regenerator|GigaDrain,PollenPuff,EarthPower,FickleBeam|Calm||F|||50|]Vaporeon||Leftovers|WaterAbsorb|FlipTurn,Scald,Roar,Protect|Bold||M|||50|
|j| Riri 82
|inactive|Battle timer is ON: inactive players will automatically lose when time's up. (requested by SC7PLAYZZ)
|inactive|isam2910 has 60 seconds left.
|
|t:|1783973619
|teamsize|p1|4
|teamsize|p2|4
|start
|switch|p1a: Vanilluxe|Vanilluxe, L50, F, shiny|100/100
|switch|p1b: Milotic|Milotic, L50, F, shiny|100/100
|switch|p2a: Staraptor|Staraptor, L50, M|100/100
|switch|p2b: Whimsicott|Whimsicott, L50, F|100/100
|-ability|p2a: Staraptor|Intimidate|boost
|-unboost|p1a: Vanilluxe|atk|1
|-unboost|p1b: Milotic|atk|1
|-ability|p1b: Milotic|Competitive|boost
|-boost|p1b: Milotic|spa|2
|turn|1
|inactive|isam2910 has 30 seconds left.
|
|t:|1783973651
|detailschange|p2a: Staraptor|Staraptor-Mega, L50, M
|-mega|p2a: Staraptor|Staraptor|Staraptite
|move|p2b: Whimsicott|Tailwind|p2b: Whimsicott
|-sidestart|p2: isam2910|move: Tailwind
|move|p2a: Staraptor|Close Combat|p1a: Vanilluxe
|-supereffective|p1a: Vanilluxe|1
|-damage|p1a: Vanilluxe|0 fnt
|-boost|p2a: Staraptor|def|1
|-boost|p2a: Staraptor|spd|1
|faint|p1a: Vanilluxe
|move|p1b: Milotic|Icy Wind|p2a: Staraptor|[spread] p2a,p2b
|-supereffective|p2a: Staraptor|1
|-supereffective|p2b: Whimsicott|1
|-damage|p2a: Staraptor|74/100
|-damage|p2b: Whimsicott|49/100
|-boost|p2a: Staraptor|spe|1
|-unboost|p2b: Whimsicott|spe|1
|
|upkeep
|
|t:|1783973667
|switch|p1a: Aerodactyl|Aerodactyl, L50, F, shiny|100/100
|turn|2
|j| Yishop
|
|t:|1783973685
|move|p2b: Whimsicott|Charm|p1a: Aerodactyl
|-unboost|p1a: Aerodactyl|atk|2
|move|p2a: Staraptor|Close Combat|p1b: Milotic
|-damage|p1b: Milotic|36/100
|-boost|p2a: Staraptor|def|1
|-boost|p2a: Staraptor|spd|1
|move|p1a: Aerodactyl|Rock Slide|p2a: Staraptor|[spread] p2a
|-miss|p1a: Aerodactyl|p2b: Whimsicott
|-damage|p2a: Staraptor|69/100
|move|p1b: Milotic|Icy Wind|p2a: Staraptor|[spread] p2a,p2b
|-supereffective|p2a: Staraptor|1
|-supereffective|p2b: Whimsicott|1
|-damage|p2a: Staraptor|49/100
|-damage|p2b: Whimsicott|1/100
|-boost|p2a: Staraptor|spe|1
|-unboost|p2b: Whimsicott|spe|1
|
|-heal|p1b: Milotic|42/100|[from] item: Leftovers
|upkeep
|turn|3
|inactive|SC7PLAYZZ has 30 seconds left.
|inactive|isam2910 has 30 seconds left.
|inactive|isam2910 has 20 seconds left.
|
|t:|1783973723
|move|p1b: Milotic|Protect|p1b: Milotic
|-singleturn|p1b: Milotic|Protect
|move|p2a: Staraptor|Close Combat|p1a: Aerodactyl
|-damage|p1a: Aerodactyl|0 fnt
|-boost|p2a: Staraptor|def|1
|-boost|p2a: Staraptor|spd|1
|faint|p1a: Aerodactyl
|move|p2b: Whimsicott|Moonblast|p1b: Milotic
|-activate|p1b: Milotic|move: Protect
|
|-heal|p1b: Milotic|48/100|[from] item: Leftovers
|upkeep
|c| Riri 82|Rhe predictions omg
|
|t:|1783973736
|switch|p1a: Greninja|Greninja, L50, F, shiny|100/100
|turn|4
|c| Yishop|glaze
|
|t:|1783973752
|detailschange|p1a: Greninja|Greninja-Mega, L50, F, shiny
|-mega|p1a: Greninja|Greninja|Greninjite
|move|p2b: Whimsicott|Protect|p2b: Whimsicott
|-singleturn|p2b: Whimsicott|Protect
|move|p2a: Staraptor|Roost|p2a: Staraptor
|-heal|p2a: Staraptor|100/100
|-singleturn|p2a: Staraptor|move: Roost
|move|p1a: Greninja|Surf|p2a: Staraptor|[spread] p1b,p2a
|-start|p1a: Greninja|typechange|Water|[from] ability: Protean
|-activate|p2b: Whimsicott|move: Protect
|-resisted|p1b: Milotic|1
|-damage|p1b: Milotic|37/100
|-damage|p2a: Staraptor|84/100
|move|p1b: Milotic|Icy Wind|p2b: Whimsicott|[spread] p2a
|-activate|p2b: Whimsicott|move: Protect
|-damage|p2a: Staraptor|77/100
|-boost|p2a: Staraptor|spe|1
|
|-heal|p1b: Milotic|43/100|[from] item: Leftovers
|-sideend|p2: isam2910|move: Tailwind
|upkeep
|turn|5
|inactive|isam2910 has 30 seconds left.
|
|t:|1783973778
|move|p2b: Whimsicott|Tailwind|p2b: Whimsicott
|-sidestart|p2: isam2910|move: Tailwind
|move|p2a: Staraptor|Close Combat|p1b: Milotic
|-damage|p1b: Milotic|0 fnt
|-boost|p2a: Staraptor|def|1
|-boost|p2a: Staraptor|spd|1
|faint|p1b: Milotic
|move|p1a: Greninja|Blizzard|p2a: Staraptor|[spread] p2a
|-miss|p1a: Greninja|p2b: Whimsicott
|-supereffective|p2a: Staraptor|1
|-damage|p2a: Staraptor|56/100
|
|upkeep
|turn|6
|c|☆SC7PLAYZZ|ggs
|
|t:|1783973794
|switch|p2b: Archaludon|Archaludon, L50, F|100/100
|move|p2a: Staraptor|Close Combat|p1a: Greninja
|-damage|p1a: Greninja|1/100
|-boost|p2a: Staraptor|def|1
|-boost|p2a: Staraptor|spd|1
|move|p1a: Greninja|Blizzard|p2a: Staraptor|[spread] p2a
|-miss|p1a: Greninja|p2b: Archaludon
|-supereffective|p2a: Staraptor|1
|-damage|p2a: Staraptor|40/100
|
|upkeep
|turn|7
|c|☆SC7PLAYZZ|his staraptor was too goiated
|c| Riri 82|Ggs
|c| Riri 82|No kills too
|
|t:|1783973818
|move|p2a: Staraptor|Close Combat|p1a: Greninja
|-damage|p1a: Greninja|0 fnt
|-boost|p2a: Staraptor|def|1
|-boost|p2a: Staraptor|spd|1
|faint|p1a: Greninja
|
|win|isam2910
|c|☆isam2910|hi
