|j|☆blackstormgames
|j|☆d1mo22
|html|blackstormgamesd1mo22    
|uhtml|bestof|Game 1 of a best-of-3
|t:|1784142492
|gametype|doubles
|player|p1|blackstormgames|lance|1220
|player|p2|d1mo22|skier|1132
|gen|9
|tier|[Gen 9 Champions] VGC 2026 Reg M-B (Bo3)
|rated|
|rule|Species Clause: Limit one of each Pokémon
|rule|Item Clause: Limit 1 of each item
|clearpoke
|poke|p1|Delphox, L50, F|
|poke|p1|Sneasler, L50, F|
|poke|p1|Sinistcha, L50|
|poke|p1|Garchomp, L50, F|
|poke|p1|Incineroar, L50, F|
|poke|p1|Blastoise, L50, F|
|poke|p2|Raichu, L50, F|
|poke|p2|Gyarados, L50, F, shiny|
|poke|p2|Mamoswine, L50, M|
|poke|p2|Ceruledge, L50, M|
|poke|p2|Sinistcha, L50|
|poke|p2|Kingambit, L50, F, shiny|
|teampreview|4
|showteam|p1|Delphox||Delphoxite|Blaze|HeatWave,Psychic,NastyPlot,Protect|Timid||F|||50|]Sneasler||FocusSash|Unburden|FakeOut,DireClaw,CloseCombat,QuickGuard|Jolly||F|||50|]Sinistcha||OccaBerry|Hospitality|MatchaGotcha,RagePowder,LifeDew,Protect|Calm|||||50|]Garchomp||LifeOrb|RoughSkin|Earthquake,DragonClaw,RockSlide,Protect|Jolly||F|||50|]Incineroar||SitrusBerry|Intimidate|FakeOut,FlareBlitz,PartingShot,ThroatChop|Careful||F|||50|]Blastoise||Blastoisinite|Torrent|WaterSpout,DarkPulse,ShellSmash,Protect|Modest||F|||50|
|showteam|p2|Raichu||RaichuniteY|LightningRod|FakeOut,Encore,ZapCannon,FocusBlast|Timid||F|||50|]Gyarados||Gyaradosite|Intimidate|LashOut,Waterfall,DragonDance,Protect|Adamant||F|||50|]Mamoswine||LifeOrb|Oblivious|Protect,IcicleCrash,IceShard,HighHorsepower|Jolly||M|||50|]Ceruledge||ColburBerry|FlashFire|BitterBlade,ShadowSneak,BulkUp,Protect|Adamant||M|||50|]Sinistcha||SitrusBerry|Hospitality|Protect,RagePowder,MatchaGotcha,LifeDew|Bold|||||50|]Kingambit||FocusSash|Defiant|Protect,SuckerPunch,KowtowCleave,IronHead|Adamant||F|||50|
|inactive|Battle timer is ON: inactive players will automatically lose when time's up. (requested by blackstormgames)
|
|t:|1784142572
|teamsize|p1|4
|teamsize|p2|4
|start
|switch|p1a: Delphox|Delphox, L50, F|100/100
|switch|p1b: Sneasler|Sneasler, L50, F|100/100
|switch|p2a: Raichu|Raichu, L50, F|100/100
|switch|p2b: Mamoswine|Mamoswine, L50, M|100/100
|turn|1
|inactive|d1mo22 has 30 seconds left.
|inactive|blackstormgames has 30 seconds left.
|
|t:|1784142611
|detailschange|p2a: Raichu|Raichu-Mega-Y, L50, F
|-mega|p2a: Raichu|Raichu|Raichunite Y
|detailschange|p1a: Delphox|Delphox-Mega, L50, F
|-mega|p1a: Delphox|Delphox|Delphoxite
|move|p2a: Raichu|Zap Cannon|p1a: Delphox
|-damage|p1a: Delphox|45/100
|-status|p1a: Delphox|par
|move|p1b: Sneasler|Close Combat|p2b: Mamoswine
|-supereffective|p2b: Mamoswine|1
|-damage|p2b: Mamoswine|0 fnt
|-unboost|p1b: Sneasler|def|1
|-unboost|p1b: Sneasler|spd|1
|faint|p2b: Mamoswine
|move|p1a: Delphox|Nasty Plot|p1a: Delphox
|-boost|p1a: Delphox|spa|2
|
|upkeep
|
|t:|1784142626
|switch|p2b: Gyarados|Gyarados, L50, F, shiny|100/100
|-ability|p2b: Gyarados|Intimidate|boost
|-unboost|p1a: Delphox|atk|1
|-unboost|p1b: Sneasler|atk|1
|turn|2
|inactive|d1mo22 has 30 seconds left.
|
|t:|1784142663
|switch|p1b: Sinistcha|Sinistcha, L50|100/100
|-heal|p1a: Delphox|70/100 par|[from] ability: Hospitality|[of] p1b: Sinistcha
|move|p1a: Delphox|Protect|p1a: Delphox
|-singleturn|p1a: Delphox|Protect
|move|p2a: Raichu|Zap Cannon|p1b: Sinistcha
|-resisted|p1b: Sinistcha|1
|-damage|p1b: Sinistcha|67/100
|-status|p1b: Sinistcha|par
|move|p2b: Gyarados|Waterfall|p1a: Delphox
|-activate|p1a: Delphox|move: Protect
|
|upkeep
|turn|3
|inactive|d1mo22 has 30 seconds left.
|
|t:|1784142694
|move|p1b: Sinistcha|Rage Powder|p1b: Sinistcha
|-singleturn|p1b: Sinistcha|move: Rage Powder
|move|p2a: Raichu|Zap Cannon|p1b: Sinistcha
|-resisted|p1b: Sinistcha|1
|-crit|p1b: Sinistcha
|-damage|p1b: Sinistcha|18/100 par
|move|p2b: Gyarados|Lash Out|p1b: Sinistcha
|-supereffective|p1b: Sinistcha|1
|-damage|p1b: Sinistcha|0 fnt
|faint|p1b: Sinistcha
|move|p1a: Delphox|Heat Wave|p2b: Gyarados|[spread] p2a,p2b
|-resisted|p2b: Gyarados|1
|-damage|p2a: Raichu|0 fnt
|-damage|p2b: Gyarados|65/100
|faint|p2a: Raichu
|
|upkeep
|
|t:|1784142708
|switch|p2a: Kingambit|Kingambit, L50, F, shiny|100/100
|switch|p1b: Garchomp|Garchomp, L50, F|100/100
|turn|4
|
|t:|1784142726
|switch|p1b: Sneasler|Sneasler, L50, F|100/100
|move|p2a: Kingambit|Protect|p2a: Kingambit
|-singleturn|p2a: Kingambit|Protect
|cant|p1a: Delphox|par
|move|p2b: Gyarados|Dragon Dance|p2b: Gyarados
|-boost|p2b: Gyarados|atk|1
|-boost|p2b: Gyarados|spe|1
|
|upkeep
|turn|5
|inactive|d1mo22 has 30 seconds left.
|inactive|d1mo22 has 20 seconds left.
|
|t:|1784142762
|move|p1b: Sneasler|Quick Guard|p1b: Sneasler
|-singleturn|p1b: Sneasler|Quick Guard
|move|p2a: Kingambit|Sucker Punch|p1a: Delphox
|-activate|p1a: Delphox|move: Quick Guard
|move|p2b: Gyarados|Waterfall|p1b: Sneasler
|-enditem|p1b: Sneasler|Focus Sash
|-damage|p1b: Sneasler|1/100
|cant|p1a: Delphox|par
|
|upkeep
|turn|6
|inactive|d1mo22 has 30 seconds left.
|inactive|blackstormgames has 30 seconds left.
|
|t:|1784142796
|move|p1b: Sneasler|Close Combat|p2a: Kingambit
|-supereffective|p2a: Kingambit|2
|-enditem|p2a: Kingambit|Focus Sash
|-damage|p2a: Kingambit|1/100
|-unboost|p1b: Sneasler|def|1
|-unboost|p1b: Sneasler|spd|1
|move|p2b: Gyarados|Waterfall|p1b: Sneasler
|-damage|p1b: Sneasler|0 fnt
|faint|p1b: Sneasler
|move|p2a: Kingambit|Kowtow Cleave|p1a: Delphox
|-supereffective|p1a: Delphox|1
|-damage|p1a: Delphox|0 fnt
|faint|p1a: Delphox
|
|upkeep
|
|t:|1784142810
|switch|p1b: Garchomp|Garchomp, L50, F|100/100
|turn|7
|
|t:|1784142815
|move|p2a: Kingambit|Sucker Punch|p1b: Garchomp
|-damage|p1b: Garchomp|62/100
|-damage|p2a: Kingambit|0 fnt|[from] ability: Rough Skin|[of] p1b: Garchomp
|faint|p2a: Kingambit
|move|p2b: Gyarados|Waterfall|p1b: Garchomp
|-damage|p1b: Garchomp|3/100
|-damage|p2b: Gyarados|53/100|[from] ability: Rough Skin|[of] p1b: Garchomp
|move|p1b: Garchomp|Rock Slide|p2b: Gyarados
|-supereffective|p2b: Gyarados|1
|-damage|p2b: Gyarados|0 fnt
|faint|p2b: Gyarados
|-damage|p1b: Garchomp|0 fnt|[from] item: Life Orb
|faint|p1b: Garchomp
|
|win|blackstormgames
|inactive|blackstormgames has 30 seconds to confirm battle start!
|inactive|d1mo22 has 30 seconds to confirm battle start!
||blackstormgames is ready for game 2.
