|j|☆0pyr0
|j|☆Voltage Gaming101
|html|0pyr0Voltage Gaming101    
|uhtml|bestof|Game 1 of a best-of-3
|t:|1756944118
|gametype|doubles
|player|p1|0pyr0|ryuki|
|player|p2|Voltage Gaming101|red|
|gen|9
|tier|[Gen 9] VGC 2025 Reg H (Bo3)
|rule|Species Clause: Limit one of each Pokémon
|rule|Item Clause: Limit 1 of each item
|clearpoke
|poke|p1|Dragonite, L50, F|
|poke|p1|Ursaluna-Bloodmoon, L50, M|
|poke|p1|Gholdengo, L50|
|poke|p1|Volcarona, L50, M|
|poke|p1|Amoonguss, L50, F|
|poke|p1|Incineroar, L50, M|
|poke|p2|Tyranitar, L50, F|
|poke|p2|Houndstone, L50, F|
|poke|p2|Gholdengo, L50|
|poke|p2|Garchomp, L50, F|
|poke|p2|Incineroar, L50, M|
|poke|p2|Amoonguss, L50, F|
|teampreview|4
|showteam|p1|Dragonite||ChoiceBand|InnerFocus|ExtremeSpeed,AerialAce,Outrage,StompingTantrum|||F|||50|,,,,,Normal]Ursaluna-Bloodmoon||AssaultVest|MindsEye|Snarl,HyperVoice,BloodMoon,EarthPower|||M|||50|,,,,,Steel]Gholdengo||FocusSash|GoodasGold|Protect,NastyPlot,MakeItRain,ShadowBall||||||50|,,,,,Steel]Volcarona||SitrusBerry|FlameBody|Tailwind,RagePowder,StruggleBug,HeatWave|||M|||50|,,,,,Fairy]Amoonguss||CovertCloak|Regenerator|Protect,RagePowder,Spore,PollenPuff|||F|||50|,,,,,Water]Incineroar||SafetyGoggles|Intimidate|PartingShot,FakeOut,FlareBlitz,KnockOff|||M|||50|,,,,,Ghost
|showteam|p2|Tyranitar||AssaultVest|SandStream|RockSlide,KnockOff,LowKick,TeraBlast|||F|||50|,,,,,Flying]Houndstone||SpellTag|SandRush|LastRespects,ShadowSneak,PlayRough,FireFang|||F|||50|,,,,,Ghost]Gholdengo||LifeOrb|GoodasGold|MakeItRain,ShadowBall,NastyPlot,Protect||||||50|,,,,,Water]Garchomp||LoadedDice|RoughSkin|ScaleShot,Earthquake,SwordsDance,Protect|||F|||50|,,,,,Fire]Incineroar||SafetyGoggles|Intimidate|FakeOut,KnockOff,FlareBlitz,PartingShot|||M|||50|,,,,,Water]Amoonguss||SitrusBerry|Regenerator|Spore,RagePowder,PollenPuff,Protect|||F|||50|,,,,,Water
|c|☆0pyr0|nah, wanted to run ghold for a bit
|c|☆0pyr0|he silly
|inactive|Battle timer is ON: inactive players will automatically lose when time's up. (requested by Voltage Gaming101)
|
|t:|1756944209
|teamsize|p1|4
|teamsize|p2|4
|start
|switch|p1a: Ursaluna|Ursaluna-Bloodmoon, L50, M|100/100
|switch|p1b: Amoonguss|Amoonguss, L50, F|100/100
|switch|p2a: Tyranitar|Tyranitar, L50, F, shiny|100/100
|switch|p2b: Garchomp|Garchomp, L50, F, shiny|100/100
|-weather|Sandstorm|[from] ability: Sand Stream|[of] p2a: Tyranitar
|turn|1
|inactive|0pyr0 has 30 seconds left.
|inactive|0pyr0 has 20 seconds left.
|inactive|0pyr0 has 15 seconds left.
|
|t:|1756944253
|switch|p2b: Amoonguss|Amoonguss, L50, F, shiny|100/100
|switch|p1a: Dragonite|Dragonite, L50, F|100/100
|-terastallize|p2a: Tyranitar|Flying
|move|p2a: Tyranitar|Tera Blast|p1b: Amoonguss|[anim] Tera Blast Flying
|-supereffective|p1b: Amoonguss
|-damage|p1b: Amoonguss|20/100
|move|p1b: Amoonguss|Spore|p2b: Amoonguss
|-immune|p2b: Amoonguss
|
|-weather|Sandstorm|[upkeep]
|-damage|p1a: Dragonite|95/100|[from] Sandstorm
|-damage|p2a: Tyranitar|95/100|[from] Sandstorm
|-damage|p2b: Amoonguss|95/100|[from] Sandstorm
|-damage|p1b: Amoonguss|14/100|[from] Sandstorm
|upkeep
|turn|2
|inactive|0pyr0 has 30 seconds left.
|inactive|0pyr0 has 20 seconds left.
|inactive|0pyr0 has 15 seconds left.
|inactive|0pyr0 has 10 seconds left.
|inactive|0pyr0 has 5 seconds left.
|
|t:|1756944305
|switch|p1b: Gholdengo|Gholdengo, L50|100/100
|-terastallize|p1a: Dragonite|Normal
|move|p1a: Dragonite|Outrage|p2a: Tyranitar
|-damage|p2a: Tyranitar|6/100
|move|p2a: Tyranitar|Tera Blast|p1b: Gholdengo|[anim] Tera Blast Flying
|-resisted|p1b: Gholdengo
|-damage|p1b: Gholdengo|75/100
|move|p2b: Amoonguss|Spore|p1a: Dragonite
|-status|p1a: Dragonite|slp|[from] move: Spore
|
|-weather|Sandstorm|[upkeep]
|-damage|p1a: Dragonite|89/100 slp|[from] Sandstorm
|-damage|p2a: Tyranitar|0 fnt|[from] Sandstorm
|-damage|p2b: Amoonguss|89/100|[from] Sandstorm
|faint|p2a: Tyranitar
|upkeep
|
|t:|1756944317
|switch|p2a: Garchomp|Garchomp, L50, F, shiny|100/100
|turn|3
|inactive|0pyr0 has 30 seconds left.
|
|t:|1756944347
|move|p2b: Amoonguss|Rage Powder|p2b: Amoonguss
|-singleturn|p2b: Amoonguss|move: Rage Powder
|move|p2a: Garchomp|Swords Dance|p2a: Garchomp
|-boost|p2a: Garchomp|atk|2
|move|p1b: Gholdengo|Make It Rain|p2a: Garchomp|[spread] p2a,p2b
|-damage|p2a: Garchomp|51/100
|-damage|p2b: Amoonguss|49/100
|-unboost|p1b: Gholdengo|spa|1
|-enditem|p2b: Amoonguss|Sitrus Berry|[eat]
|-heal|p2b: Amoonguss|74/100|[from] item: Sitrus Berry
|cant|p1a: Dragonite|slp
|
|-weather|Sandstorm|[upkeep]
|-damage|p1a: Dragonite|83/100 slp|[from] Sandstorm
|-damage|p2b: Amoonguss|68/100|[from] Sandstorm
|upkeep
|turn|4
|inactive|Voltage Gaming101 has 30 seconds left.
|inactive|0pyr0 has 30 seconds left.
|inactive|0pyr0 has 20 seconds left.
|inactive|0pyr0 has 15 seconds left.
|
|t:|1756944393
|switch|p1b: Amoonguss|Amoonguss, L50, F|48/100
|move|p2a: Garchomp|Earthquake|p1b: Amoonguss|[spread] p2b,p1a,p1b
|-damage|p2b: Amoonguss|0 fnt
|-damage|p1a: Dragonite|2/100 slp
|-damage|p1b: Amoonguss|0 fnt
|faint|p2b: Amoonguss
|faint|p1b: Amoonguss
|cant|p1a: Dragonite|slp
|
|-weather|Sandstorm|[upkeep]
|-damage|p1a: Dragonite|0 fnt|[from] Sandstorm
|faint|p1a: Dragonite
|upkeep
|c|☆0pyr0|gg
|
|t:|1756944413
|switch|p1a: Ursaluna|Ursaluna-Bloodmoon, L50, M|100/100
|switch|p2b: Incineroar|Incineroar, L50, M, shiny|100/100
|switch|p1b: Gholdengo|Gholdengo, L50|75/100
|-ability|p2b: Incineroar|Intimidate|boost
|-unboost|p1a: Ursaluna|atk|1
|-unboost|p1b: Gholdengo|atk|1
|turn|5
|inactive|0pyr0 has 30 seconds left.
|inactive|0pyr0 has 20 seconds left.
|
|t:|1756944448
|move|p2b: Incineroar|Fake Out|p1a: Ursaluna
|-damage|p1a: Ursaluna|90/100
|move|p2a: Garchomp|Earthquake|p1b: Gholdengo|[spread] p2b,p1a,p1b
|-supereffective|p2b: Incineroar
|-supereffective|p1b: Gholdengo
|-damage|p2b: Incineroar|0 fnt
|-damage|p1a: Ursaluna|24/100
|-damage|p1b: Gholdengo|0 fnt
|faint|p2b: Incineroar
|faint|p1b: Gholdengo
|cant|p1a: Ursaluna|flinch
|
|-weather|none
|upkeep
|turn|6
|
|t:|1756944453
|move|p2a: Garchomp|Earthquake|p1a: Ursaluna
|-damage|p1a: Ursaluna|0 fnt
|faint|p1a: Ursaluna
|
|win|Voltage Gaming101
