|j|☆monsoonisbest
|j|☆Drunk express
|html|monsoonisbestDrunk express    
|uhtml|bestof|Game 2 of a best-of-3
|t:|1783982215
|gametype|doubles
|player|p1|monsoonisbest|102|1182
|player|p2|Drunk express|169|1152
|gen|9
|tier|[Gen 9 Champions] VGC 2026 Reg M-B (Bo3)
|rated|
|rule|Species Clause: Limit one of each Pokémon
|rule|Item Clause: Limit 1 of each item
|clearpoke
|poke|p1|Gengar, L50, M|
|poke|p1|Incineroar, L50, M|
|poke|p1|Politoed, L50, M, shiny|
|poke|p1|Archaludon, L50, F|
|poke|p1|Vivillon, L50, F|
|poke|p1|Swampert, L50, F|
|poke|p2|Chesnaught, L50, F|
|poke|p2|Gholdengo, L50|
|poke|p2|Swampert, L50, F|
|poke|p2|Pelipper, L50, M, shiny|
|poke|p2|Kangaskhan, L50, F|
|poke|p2|Incineroar, L50, M|
|teampreview|4
|showteam|p1|Gengar||Gengarite|CursedBody|ShadowBall,SludgeBomb,PerishSong,Protect|Timid||M|||50|]Incineroar||PasshoBerry|Intimidate|PartingShot,DarkestLariat,Protect,FakeOut|Sassy||M|||50|]Politoed||SitrusBerry|Drizzle|WeatherBall,PerishSong,Encore,Protect|Calm||M|||50|]Archaludon||Leftovers|Stamina|DragonPulse,FlashCannon,ElectroShot,Protect|Bold||F|||50|]Vivillon||FocusSash|CompoundEyes|Hurricane,SleepPowder,RagePowder,Protect|Timid||F|||50|]Swampert||Swampertite|Torrent|WaveCrash,IcePunch,Earthquake,Protect|Adamant||F|||50|
|showteam|p2|Chesnaught||Chesnaughtite|Bulletproof|SpikyShield,BodyPress,LeechSeed,IronDefense|Sassy||F|||50|]Gholdengo||KasibBerry|GoodasGold|NastyPlot,Thunderbolt,MakeItRain,Protect|Timid|||||50|]Swampert||Swampertite|Torrent|Protect,WaveCrash,IcePunch,Earthquake|Adamant||F|||50|]Pelipper||FocusSash|Drizzle|Tailwind,Hurricane,WeatherBall,WideGuard|Modest||M|||50|]Kangaskhan||SilkScarf|Scrappy|FakeOut,DoubleEdge,SuckerPunch,BrickBreak|Adamant||F|||50|]Incineroar||SitrusBerry|Intimidate|DarkestLariat,PartingShot,WillOWisp,FakeOut|Brave||M|||50|
|inactive|Battle timer is ON: inactive players will automatically lose when time's up. (requested by Drunk express)
|
|t:|1783982230
|teamsize|p1|4
|teamsize|p2|4
|start
|switch|p1a: Archaludon|Archaludon, L50, F|100/100
|switch|p1b: Incineroar|Incineroar, L50, M|100/100
|switch|p2a: Kangaskhan|Kangaskhan, L50, F|100/100
|switch|p2b: Gholdengo|Gholdengo, L50|100/100
|-ability|p1b: Incineroar|Intimidate|boost
|-fail|p2a: Kangaskhan|unboost|Attack|[from] ability: Scrappy|[of] p2a: Kangaskhan
|-unboost|p2b: Gholdengo|atk|1
|turn|1
|
|t:|1783982246
|move|p1a: Archaludon|Protect|p1a: Archaludon
|-singleturn|p1a: Archaludon|Protect
|move|p2a: Kangaskhan|Fake Out|p1b: Incineroar
|-damage|p1b: Incineroar|79/100
|move|p2b: Gholdengo|Nasty Plot|p2b: Gholdengo
|-boost|p2b: Gholdengo|spa|2
|cant|p1b: Incineroar|flinch
|
|upkeep
|turn|2
|
|t:|1783982255
|switch|p1b: Politoed|Politoed, L50, M, shiny|100/100
|-weather|RainDance|[from] ability: Drizzle|[of] p1b: Politoed
|move|p2b: Gholdengo|Protect|p2b: Gholdengo
|-singleturn|p2b: Gholdengo|Protect
|move|p2a: Kangaskhan|Brick Break|p1b: Politoed
|-damage|p1b: Politoed|79/100
|move|p1a: Archaludon|Electro Shot||[still]
|-prepare|p1a: Archaludon|Electro Shot
|-boost|p1a: Archaludon|spa|1
|-anim|p1a: Archaludon|Electro Shot|p2a: Kangaskhan
|-damage|p2a: Kangaskhan|34/100
|
|-weather|RainDance|[upkeep]
|upkeep
|turn|3
|
|t:|1783982269
|move|p2b: Gholdengo|Nasty Plot|p2b: Gholdengo
|-boost|p2b: Gholdengo|spa|2
|move|p2a: Kangaskhan|Double-Edge|p1b: Politoed
|-damage|p1b: Politoed|21/100
|-enditem|p1b: Politoed|Sitrus Berry|[eat]
|-heal|p1b: Politoed|46/100|[from] item: Sitrus Berry
|-damage|p2a: Kangaskhan|13/100|[from] Recoil
|move|p1a: Archaludon|Electro Shot||[still]
|-prepare|p1a: Archaludon|Electro Shot
|-boost|p1a: Archaludon|spa|1
|-anim|p1a: Archaludon|Electro Shot|p2b: Gholdengo
|-damage|p2b: Gholdengo|19/100
|move|p1b: Politoed|Weather Ball|p2a: Kangaskhan
|-damage|p2a: Kangaskhan|0 fnt
|faint|p2a: Kangaskhan
|
|-weather|RainDance|[upkeep]
|upkeep
|
|t:|1783982280
|switch|p2a: Incineroar|Incineroar, L50, M|100/100
|-ability|p2a: Incineroar|Intimidate|boost
|-unboost|p1a: Archaludon|atk|1
|-unboost|p1b: Politoed|atk|1
|turn|4
|
|t:|1783982288
|move|p1a: Archaludon|Protect|p1a: Archaludon
|-singleturn|p1a: Archaludon|Protect
|move|p1b: Politoed|Protect|p1b: Politoed
|-singleturn|p1b: Politoed|Protect
|move|p2a: Incineroar|Fake Out|p1b: Politoed
|-activate|p1b: Politoed|move: Protect
|move|p2b: Gholdengo|Make It Rain|p1a: Archaludon|[spread] 
|-activate|p1a: Archaludon|move: Protect
|-activate|p1b: Politoed|move: Protect
|
|-weather|RainDance|[upkeep]
|upkeep
|turn|5
|
|t:|1783982297
|move|p2b: Gholdengo|Make It Rain|p1b: Politoed|[spread] p1a,p1b
|-resisted|p1a: Archaludon|1
|-resisted|p1b: Politoed|1
|-damage|p1a: Archaludon|39/100
|-damage|p1b: Politoed|0 fnt
|-unboost|p2b: Gholdengo|spa|2
|-ability|p1a: Archaludon|Stamina|boost
|-boost|p1a: Archaludon|def|1
|faint|p1b: Politoed
|move|p1a: Archaludon|Electro Shot||[still]
|-prepare|p1a: Archaludon|Electro Shot
|-boost|p1a: Archaludon|spa|1
|-anim|p1a: Archaludon|Electro Shot|p2b: Gholdengo
|-damage|p2b: Gholdengo|0 fnt
|faint|p2b: Gholdengo
|move|p2a: Incineroar|Darkest Lariat|p1a: Archaludon
|-damage|p1a: Archaludon|14/100
|-ability|p1a: Archaludon|Stamina|boost
|-boost|p1a: Archaludon|def|1
|
|-weather|RainDance|[upkeep]
|-heal|p1a: Archaludon|20/100y|[from] item: Leftovers
|upkeep
|
|t:|1783982308
|switch|p2b: Chesnaught|Chesnaught, L50, F|100/100
|switch|p1b: Incineroar|Incineroar, L50, M|79/100
|-ability|p1b: Incineroar|Intimidate|boost
|-unboost|p2a: Incineroar|atk|1
|-unboost|p2b: Chesnaught|atk|1
|turn|6
|
|t:|1783982326
|detailschange|p2b: Chesnaught|Chesnaught-Mega, L50, F
|-mega|p2b: Chesnaught|Chesnaught|Chesnaughtite
|move|p1b: Incineroar|Fake Out|p2b: Chesnaught
|-damage|p2b: Chesnaught|93/100
|move|p1a: Archaludon|Electro Shot||[still]
|-prepare|p1a: Archaludon|Electro Shot
|-boost|p1a: Archaludon|spa|1
|-anim|p1a: Archaludon|Electro Shot|p2a: Incineroar
|-damage|p2a: Incineroar|4/100
|-enditem|p2a: Incineroar|Sitrus Berry|[eat]
|-heal|p2a: Incineroar|29/100|[from] item: Sitrus Berry
|move|p2a: Incineroar|Darkest Lariat|p1a: Archaludon
|-damage|p1a: Archaludon|2/100
|-ability|p1a: Archaludon|Stamina|boost
|-boost|p1a: Archaludon|def|1
|cant|p2b: Chesnaught|flinch
|
|-weather|none
|-heal|p1a: Archaludon|8/100|[from] item: Leftovers
|upkeep
|turn|7
|
|t:|1783982351
|move|p1a: Archaludon|Protect|p1a: Archaludon
|-singleturn|p1a: Archaludon|Protect
|move|p2a: Incineroar|Darkest Lariat|p1b: Incineroar
|-resisted|p1b: Incineroar|1
|-damage|p1b: Incineroar|68/100
|move|p1b: Incineroar|Parting Shot|p2a: Incineroar
|-unboost|p2a: Incineroar|atk|1
|-unboost|p2a: Incineroar|spa|1
|
|t:|1783982355
|switch|p1b: Swampert|Swampert, L50, F|100/100|[from] Parting Shot
|move|p2b: Chesnaught|Body Press|p1a: Archaludon
|-activate|p1a: Archaludon|move: Protect
|
|-heal|p1a: Archaludon|14/100|[from] item: Leftovers
|upkeep
|turn|8
|
|t:|1783982377
|detailschange|p1b: Swampert|Swampert-Mega, L50, F
|-mega|p1b: Swampert|Swampert|Swampertite
|move|p1b: Swampert|Wave Crash|p2a: Incineroar
|-supereffective|p2a: Incineroar|1
|-damage|p2a: Incineroar|0 fnt
|faint|p2a: Incineroar
|-damage|p1b: Swampert|90/100|[from] Recoil
|move|p1a: Archaludon|Dragon Pulse|p2b: Chesnaught
|-damage|p2b: Chesnaught|26/100
|move|p2b: Chesnaught|Body Press|p1a: Archaludon
|-supereffective|p1a: Archaludon|1
|-damage|p1a: Archaludon|0 fnt
|faint|p1a: Archaludon
|
|upkeep
|
|t:|1783982387
|switch|p1a: Incineroar|Incineroar, L50, M|68/100
|-ability|p1a: Incineroar|Intimidate|boost
|-unboost|p2b: Chesnaught|atk|1
|turn|9
|
|t:|1783982392
|move|p2b: Chesnaught|Spiky Shield|p2b: Chesnaught
|-singleturn|p2b: Chesnaught|move: Protect
|move|p1a: Incineroar|Fake Out|p2b: Chesnaught
|-activate|p2b: Chesnaught|move: Protect
|-damage|p1a: Incineroar|56/100|[from] Spiky Shield|[of] p2b: Chesnaught
|move|p1b: Swampert|Wave Crash|p2b: Chesnaught
|-activate|p2b: Chesnaught|move: Protect
|-damage|p1b: Swampert|78/100|[from] Spiky Shield|[of] p2b: Chesnaught
|
|upkeep
|turn|10
|
|t:|1783982397
|move|p1b: Swampert|Ice Punch|p2b: Chesnaught
|-supereffective|p2b: Chesnaught|1
|-damage|p2b: Chesnaught|0 fnt
|faint|p2b: Chesnaught
|
|win|monsoonisbest
