|j|☆hexagonfoot
|j|☆Emiru<3
|html|hexagonfootEmiru<3    
|uhtml|bestof|Game 1 of a best-of-3
|t:|1757822997
|gametype|doubles
|player|p1|hexagonfoot|caitlin|1131
|player|p2|Emiru<3|rosa|1013
|gen|9
|tier|[Gen 9] VGC 2025 Reg H (Bo3)
|rated|
|rule|Species Clause: Limit one of each Pokémon
|rule|Item Clause: Limit 1 of each item
|clearpoke
|poke|p1|Gholdengo, L50|
|poke|p1|Sneasler, L50, M|
|poke|p1|Rillaboom, L50, F|
|poke|p1|Dragonite, L50, F|
|poke|p1|Ninetales-Alola, L50, F|
|poke|p1|Arcanine-Hisui, L50, M|
|poke|p2|Tinkaton, L50, F|
|poke|p2|Mienshao, L50, F|
|poke|p2|Hawlucha, L50, M|
|poke|p2|Whimsicott, L50, F|
|poke|p2|Ursaluna-Bloodmoon, L50, M|
|poke|p2|Farigiraf, L50, F|
|teampreview|4
|showteam|p1|Gholdengo||GrassySeed|GoodasGold|NastyPlot,MakeItRain,ShadowBall,Protect||||||50|,,,,,Water]Sneasler||WhiteHerb|Unburden|CloseCombat,DireClaw,Coaching,Protect|||M|||50|,,,,,Ghost]Rillaboom||AssaultVest|GrassySurge|FakeOut,GrassyGlide,DrumBeating,HighHorsepower|||F|||50|,,,,,Fire]Dragonite||LoadedDice|Multiscale|ScaleShot,StompingTantrum,Tailwind,Protect|||F|||50|,,,,,Ground]Ninetales-Alola||FocusSash|SnowWarning|Blizzard,IcyWind,Encore,AuroraVeil|||F|||50|,,,,,Ghost]Arcanine-Hisui||ClearAmulet|Intimidate|RockSlide,FlareBlitz,ExtremeSpeed,Protect|||M|||50|,,,,,Water
|showteam|p2|Tinkaton||AssaultVest|MoldBreaker|FakeOut,KnockOff,PlayRough,GigatonHammer|||F|||50|,,,,,Steel]Mienshao||FocusSash|InnerFocus|FakeOut,CloseCombat,Coaching,WideGuard|||F|||50|,,,,,Fighting]Hawlucha||GrassySeed|Unburden|SwordsDance,CloseCombat,Acrobatics,Detect|||M|||50|,,,,,Flying]Whimsicott||CovertCloak|Prankster|Moonblast,Tailwind,FakeTears,Encore|||F|||50|,,,,,Dark]Ursaluna-Bloodmoon||LifeOrb|MindsEye|EarthPower,HyperVoice,BloodMoon,Protect|||M|||50|,,,,,Normal]Farigiraf||ThroatSpray|ArmorTail|HyperVoice,Psychic,Protect,TrickRoom|||F|||50|,,,,,Fairy
|inactive|Battle timer is ON: inactive players will automatically lose when time's up. (requested by Emiru<3)
|inactive|hexagonfoot has 60 seconds left.
|inactive|Emiru<3 has 60 seconds left.
|
|t:|1757823046
|teamsize|p1|4
|teamsize|p2|4
|start
|switch|p1a: Canada Water|Ninetales-Alola, L50, F|100/100
|switch|p1b: Barking Riverside|Arcanine-Hisui, L50, M|100/100
|switch|p2a: Tinkaton|Tinkaton, L50, F|100/100
|switch|p2b: Farigiraf|Farigiraf, L50, F|100/100
|-weather|Snowscape|[from] ability: Snow Warning|[of] p1a: Canada Water
|-ability|p1b: Barking Riverside|Intimidate|boost
|-unboost|p2a: Tinkaton|atk|1
|-unboost|p2b: Farigiraf|atk|1
|-ability|p2a: Tinkaton|Mold Breaker
|turn|1
|inactive|hexagonfoot has 30 seconds left.
|inactive|Emiru<3 has 30 seconds left.
|inactive|hexagonfoot has 20 seconds left.
|inactive|Emiru<3 has 20 seconds left.
|inactive|hexagonfoot has 15 seconds left.
|inactive|Emiru<3 has 15 seconds left.
|inactive|Emiru<3 has 10 seconds left.
|inactive|hexagonfoot has 10 seconds left.
|inactive|Emiru<3 has 5 seconds left.
|
|t:|1757823101
|-terastallize|p1a: Canada Water|Ghost
|move|p2a: Tinkaton|Fake Out|p1b: Barking Riverside
|-resisted|p1b: Barking Riverside
|-damage|p1b: Barking Riverside|96/100
|move|p1a: Canada Water|Aurora Veil|p1a: Canada Water
|-sidestart|p1: hexagonfoot|move: Aurora Veil
|cant|p1b: Barking Riverside|flinch
|move|p2b: Farigiraf|Trick Room|p2b: Farigiraf
|-fieldstart|move: Trick Room|[of] p2b: Farigiraf
|
|-weather|Snowscape|[upkeep]
|upkeep
|turn|2
|
|t:|1757823126
|move|p2b: Farigiraf|Hyper Voice|p1a: Canada Water|[spread] p1b
|-immune|p1a: Canada Water
|-resisted|p1b: Barking Riverside
|-damage|p1b: Barking Riverside|84/100
|-enditem|p2b: Farigiraf|Throat Spray
|-boost|p2b: Farigiraf|spa|1|[from] item: Throat Spray
|move|p2a: Tinkaton|Knock Off|p1a: Canada Water
|-supereffective|p1a: Canada Water
|-damage|p1a: Canada Water|71/100
|-enditem|p1a: Canada Water|Focus Sash|[from] move: Knock Off|[of] p2a: Tinkaton
|move|p1b: Barking Riverside|Flare Blitz|p2a: Tinkaton
|-supereffective|p2a: Tinkaton
|-damage|p2a: Tinkaton|0 fnt
|faint|p2a: Tinkaton
|-damage|p1b: Barking Riverside|47/100|[from] Recoil
|move|p1a: Canada Water|Blizzard|p2b: Farigiraf
|-damage|p2b: Farigiraf|60/100
|
|-weather|Snowscape|[upkeep]
|upkeep
|
|t:|1757823145
|switch|p2a: Ursaluna|Ursaluna-Bloodmoon, L50, M|100/100
|turn|3
|
|t:|1757823162
|move|p2b: Farigiraf|Psychic|p1a: Canada Water
|-damage|p1a: Canada Water|21/100
|move|p2a: Ursaluna|Earth Power|p1b: Barking Riverside
|-supereffective|p1b: Barking Riverside
|-damage|p1b: Barking Riverside|0 fnt
|faint|p1b: Barking Riverside
|-damage|p2a: Ursaluna|91/100|[from] item: Life Orb
|move|p1a: Canada Water|Blizzard|p2b: Farigiraf|[spread] p2a,p2b
|-supereffective|p2a: Ursaluna
|-damage|p2a: Ursaluna|14/100
|-damage|p2b: Farigiraf|30/100
|
|-weather|Snowscape|[upkeep]
|upkeep
|inactive|hexagonfoot has 30 seconds left.
|
|t:|1757823190
|switch|p1b: Hampstead Heath|Rillaboom, L50, F|100/100
|-fieldstart|move: Grassy Terrain|[from] ability: Grassy Surge|[of] p1b: Hampstead Heath
|turn|4
|inactive|Emiru<3 has 30 seconds left.
|
|t:|1757823217
|move|p2a: Ursaluna|Protect|p2a: Ursaluna
|-singleturn|p2a: Ursaluna|Protect
|move|p2b: Farigiraf|Psychic|p1a: Canada Water
|-damage|p1a: Canada Water|0 fnt
|faint|p1a: Canada Water
|move|p1b: Hampstead Heath|Drum Beating|p2b: Farigiraf
|-damage|p2b: Farigiraf|0 fnt
|faint|p2b: Farigiraf
|
|-weather|Snowscape|[upkeep]
|-heal|p2a: Ursaluna|20/100|[from] Grassy Terrain
|upkeep
|
|t:|1757823235
|switch|p2b: Hawlucha|Hawlucha, L50, M, shiny|100/100
|switch|p1a: Silver Street|Gholdengo, L50|100/100
|-enditem|p1a: Silver Street|Grassy Seed
|-boost|p1a: Silver Street|def|1|[from] item: Grassy Seed
|-enditem|p2b: Hawlucha|Grassy Seed
|-boost|p2b: Hawlucha|def|1|[from] item: Grassy Seed
|turn|5
|
|t:|1757823260
|move|p2b: Hawlucha|Detect|p2b: Hawlucha
|-singleturn|p2b: Hawlucha|Protect
|move|p1b: Hampstead Heath|Grassy Glide|p2a: Ursaluna
|-supereffective|p2a: Ursaluna
|-damage|p2a: Ursaluna|0 fnt
|faint|p2a: Ursaluna
|move|p1a: Silver Street|Nasty Plot|p1a: Silver Street
|-boost|p1a: Silver Street|spa|2
|
|-weather|none
|-sideend|p1: hexagonfoot|move: Aurora Veil
|-fieldend|move: Trick Room
|upkeep
|turn|6
|inactive|hexagonfoot has 30 seconds left.
|
|t:|1757823291
|-terastallize|p2b: Hawlucha|Flying
|move|p2b: Hawlucha|Acrobatics|p1a: Silver Street
|-resisted|p1a: Silver Street
|-damage|p1a: Silver Street|80/100
|move|p1b: Hampstead Heath|Drum Beating|p2b: Hawlucha
|-resisted|p2b: Hawlucha
|-damage|p2b: Hawlucha|81/100
|-unboost|p2b: Hawlucha|spe|1
|move|p1a: Silver Street|Shadow Ball|p2b: Hawlucha
|-damage|p2b: Hawlucha|0 fnt
|faint|p2b: Hawlucha
|
|win|hexagonfoot
||hexagonfoot is ready for game 2.
||Emiru<3 is ready for game 2.
|uhtml|next|Next: Game 2 of 3
|l|☆Emiru<3
|player|p2|
