|j|☆Emogss
|j|☆mario51p93485u934
|html|Emogssmario51p93485u934    
|uhtml|bestof|Game 1 of a best-of-3
|t:|1784654670
|gametype|doubles
|player|p1|Emogss|266|1111
|player|p2|mario51p93485u934|170|1050
|gen|9
|tier|[Gen 9 Champions] VGC 2026 Reg M-B (Bo3)
|rated|
|rule|Species Clause: Limit one of each Pokémon
|rule|Item Clause: Limit 1 of each item
|clearpoke
|poke|p1|Noivern, L50, M|
|poke|p1|Typhlosion-Hisui, L50, F|
|poke|p1|Mr. Rime, L50, M|
|poke|p1|Sableye, L50, M|
|poke|p1|Eelektross, L50, F|
|poke|p1|Barbaracle, L50, F|
|poke|p2|Gengar, L50, F|
|poke|p2|Annihilape, L50, F|
|poke|p2|Incineroar, L50, M|
|poke|p2|Kingambit, L50, F|
|poke|p2|Tinkaton, L50, F|
|poke|p2|Altaria, L50, M|
|teampreview|4
|showteam|p1|Noivern||Leftovers|Telepathy|Boomburst,Tailwind,Whirlwind,DragonPulse|Timid||M|||50|]Typhlosion-Hisui||ChoiceScarf|Blaze|Eruption,Earthquake,RockSlide,Extrasensory|Hasty||F|||50|]Mr. Rime||NeverMeltIce|ScreenCleaner|FreezeDry,IceBeam,FakeOut,SuckerPunch|Quiet||M|||50|]Sableye||FocusSash|Prankster|FakeOut,WillOWisp,PainSplit,Hex|Sassy||M|||50|]Eelektross||Eelektrossite|Levitate|Discharge,DragonPulse,GigaDrain,Thunderbolt|Timid||F|||50|]Barbaracle||Barbaracite|ToughClaws|DragonClaw,RazorShell,RockSlide,ShellSmash|Adamant||F|||50|
|showteam|p2|Gengar||Gengarite|CursedBody|ShadowBall,PerishSong,Disable,Protect|Calm||F|||50|]Annihilape|||Defiant|IcePunch,ShadowPunch,CloseCombat,Uturn|Adamant||F|||50|]Incineroar|||Intimidate|FlareBlitz,FakeOut,Protect,PartingShot|Lax||M|||50|]Kingambit|||Defiant|SwordsDance,Protect,SuckerPunch,KowtowCleave|Adamant||F|||50|]Tinkaton|||MoldBreaker|FakeOut,Encore,Protect,GigatonHammer|Careful||F|||50|]Altaria|||CloudNine|FireSpin,WillOWisp,PerishSong,Protect|Bold||M|||50|
|
|t:|1784654702
|teamsize|p1|4
|teamsize|p2|4
|start
|switch|p1a: Typhlosion|Typhlosion-Hisui, L50, F|100/100
|switch|p1b: Sableye|Sableye, L50, M|100/100
|switch|p2a: Annihilape|Annihilape, L50, F|100/100
|switch|p2b: Kingambit|Kingambit, L50, F|100/100
|turn|1
|
|t:|1784654720
|move|p1b: Sableye|Fake Out|p2b: Kingambit
|-resisted|p2b: Kingambit|1
|-damage|p2b: Kingambit|96/100
|move|p1a: Typhlosion|Extrasensory|p2a: Annihilape
|-supereffective|p2a: Annihilape|1
|-damage|p2a: Annihilape|47/100
|move|p2a: Annihilape|Shadow Punch|p1a: Typhlosion
|-supereffective|p1a: Typhlosion|1
|-damage|p1a: Typhlosion|3/100
|cant|p2b: Kingambit|flinch
|
|upkeep
|turn|2
|
|t:|1784654736
|switch|p2a: Incineroar|Incineroar, L50, M|100/100
|-ability|p2a: Incineroar|Intimidate|boost
|-unboost|p1a: Typhlosion|atk|1
|-unboost|p1b: Sableye|atk|1
|move|p1a: Typhlosion|Extrasensory|p2a: Incineroar
|-immune|p2a: Incineroar
|move|p2b: Kingambit|Swords Dance|p2b: Kingambit
|-boost|p2b: Kingambit|atk|2
|move|p1b: Sableye|Hex|p2a: Incineroar
|-resisted|p2a: Incineroar|1
|-damage|p2a: Incineroar|92/100
|
|upkeep
|turn|3
|
|t:|1784654753
|switch|p1a: Mr. Rime|Mr. Rime, L50, M|100/100
|move|p2a: Incineroar|Fake Out|p1a: Mr. Rime
|-damage|p1a: Mr. Rime|86/100
|move|p2b: Kingambit|Kowtow Cleave|p1b: Sableye
|-enditem|p1b: Sableye|Focus Sash
|-damage|p1b: Sableye|1/100
|move|p1b: Sableye|Hex|p2a: Incineroar
|-resisted|p2a: Incineroar|1
|-damage|p2a: Incineroar|84/100
|
|upkeep
|turn|4
|
|t:|1784654778
|switch|p1b: Typhlosion|Typhlosion-Hisui, L50, F|3/100
|move|p1a: Mr. Rime|Fake Out|p2a: Incineroar
|-damage|p2a: Incineroar|77/100
|cant|p2a: Incineroar|flinch
|move|p2b: Kingambit|Swords Dance|p2b: Kingambit
|-boost|p2b: Kingambit|atk|2
|
|upkeep
|turn|5
|
|t:|1784654795
|move|p2a: Incineroar|Protect|p2a: Incineroar
|-singleturn|p2a: Incineroar|Protect
|move|p2b: Kingambit|Protect|p2b: Kingambit
|-singleturn|p2b: Kingambit|Protect
|move|p1b: Typhlosion|Earthquake|p2a: Incineroar|[spread] p1a
|-activate|p2a: Incineroar|move: Protect
|-activate|p2b: Kingambit|move: Protect
|-damage|p1a: Mr. Rime|66/100
|move|p1a: Mr. Rime|Ice Beam|p2b: Kingambit
|-activate|p2b: Kingambit|move: Protect
|
|upkeep
|turn|6
|
|t:|1784654811
|move|p2b: Kingambit|Sucker Punch|p1b: Typhlosion
|-supereffective|p1b: Typhlosion|1
|-damage|p1b: Typhlosion|0 fnt
|faint|p1b: Typhlosion
|move|p1a: Mr. Rime|Ice Beam|p2b: Kingambit
|-resisted|p2b: Kingambit|1
|-damage|p2b: Kingambit|70/100
|move|p2a: Incineroar|Parting Shot|p1a: Mr. Rime
|-unboost|p1a: Mr. Rime|atk|1
|-unboost|p1a: Mr. Rime|spa|1
|
|t:|1784654821
|switch|p2a: Gengar|Gengar, L50, F|100/100|[from] Parting Shot
|
|upkeep
|
|t:|1784654824
|switch|p1b: Sableye|Sableye, L50, M|1/100
|turn|7
|
|t:|1784654848
|detailschange|p2a: Gengar|Gengar-Mega, L50, F
|-mega|p2a: Gengar|Gengar|Gengarite
|move|p2a: Gengar|Protect|p2a: Gengar
|-singleturn|p2a: Gengar|Protect
|move|p1b: Sableye|Pain Split|p2a: Gengar
|-activate|p2a: Gengar|move: Protect
|move|p1a: Mr. Rime|Ice Beam|p2b: Kingambit
|-resisted|p2b: Kingambit|1
|-damage|p2b: Kingambit|54/100
|move|p2b: Kingambit|Kowtow Cleave|p1b: Sableye
|-damage|p1b: Sableye|0 fnt
|faint|p1b: Sableye
|
|upkeep
|
|t:|1784654851
|switch|p1b: Barbaracle|Barbaracle, L50, F|100/100
|turn|8
|
|t:|1784654867
|detailschange|p1b: Barbaracle|Barbaracle-Mega, L50, F
|-mega|p1b: Barbaracle|Barbaracle|Barbaracite
|move|p2a: Gengar|Perish Song|p2a: Gengar
|-start|p1a: Mr. Rime|perish3|[silent]
|-start|p1b: Barbaracle|perish3|[silent]
|-start|p2a: Gengar|perish3|[silent]
|-start|p2b: Kingambit|perish3|[silent]
|-fieldactivate|move: Perish Song
|move|p1b: Barbaracle|Razor Shell|p2b: Kingambit
|-damage|p2b: Kingambit|27/100
|move|p1a: Mr. Rime|Ice Beam|p2a: Gengar
|-damage|p2a: Gengar|67/100
|move|p2b: Kingambit|Kowtow Cleave|p1a: Mr. Rime
|-supereffective|p1a: Mr. Rime|1
|-damage|p1a: Mr. Rime|0 fnt
|faint|p1a: Mr. Rime
|
|-start|p2a: Gengar|perish3
|-start|p1b: Barbaracle|perish3
|-start|p2b: Kingambit|perish3
|upkeep
|turn|9
|
|t:|1784654886
|move|p2b: Kingambit|Sucker Punch|p1b: Barbaracle
|-resisted|p1b: Barbaracle|1
|-damage|p1b: Barbaracle|44/100
|move|p2a: Gengar|Disable|p1b: Barbaracle
|-start|p1b: Barbaracle|Disable|Razor Shell
|move|p1b: Barbaracle|Dragon Claw|p2a: Gengar
|-damage|p2a: Gengar|20/100y
|
|-start|p2a: Gengar|perish2
|-start|p1b: Barbaracle|perish2
|-start|p2b: Kingambit|perish2
|upkeep
|turn|10
|
|t:|1784654899
|switch|p2a: Incineroar|Incineroar, L50, M|77/100
|-ability|p2a: Incineroar|Intimidate|boost
|-unboost|p1b: Barbaracle|atk|1
|switch|p2b: Annihilape|Annihilape, L50, F|47/100
|move|p1b: Barbaracle|Dragon Claw|p2a: Incineroar
|-damage|p2a: Incineroar|58/100
|
|-start|p1b: Barbaracle|perish1
|upkeep
|turn|11
|
|t:|1784654922
|move|p2a: Incineroar|Fake Out|p1b: Barbaracle
|-resisted|p1b: Barbaracle|1
|-damage|p1b: Barbaracle|38/100
|cant|p1b: Barbaracle|flinch
|move|p2b: Annihilape|U-turn|p1b: Barbaracle
|-resisted|p1b: Barbaracle|1
|-damage|p1b: Barbaracle|26/100
|-message|Emogss forfeited.
|raw|Emogss's rating: 1111 → 1082(-29 for losing)
|raw|mario51p93485u934's rating: 1050 → 1088(+38 for winning)
|
|win|mario51p93485u934
