|j|☆mikoksor
|j|☆ariel.mr_
|html|mikoksorariel.mr_    
|uhtml|bestof|Game 2 of a best-of-3
|t:|1783974225
|gametype|doubles
|player|p1|mikoksor|101|1230
|player|p2|ariel.mr_|hilbert|1180
|gen|9
|tier|[Gen 9 Champions] VGC 2026 Reg M-B (Bo3)
|rated|
|rule|Species Clause: Limit one of each Pokémon
|rule|Item Clause: Limit 1 of each item
|clearpoke
|poke|p1|Froslass, L50, F|
|poke|p1|Tsareena, L50, F|
|poke|p1|Garchomp, L50, M|
|poke|p1|Lycanroc-Dusk, L50, M|
|poke|p1|Metagross, L50|
|poke|p1|Whimsicott, L50, M|
|poke|p2|Charizard, L50, M, shiny|
|poke|p2|Kingambit, L50, F|
|poke|p2|Sylveon, L50, M|
|poke|p2|Garchomp, L50, M|
|poke|p2|Aerodactyl, L50, F|
|poke|p2|Farigiraf, L50, M|
|teampreview|4
|showteam|p1|Froslass||Froslassite|SnowCloak|IceBeam,ShadowBall,Blizzard,Protect|Modest||F|||50|]Tsareena||SitrusBerry|QueenlyMajesty|TropKick,LowKick,Taunt,Uturn|Adamant||F|||50|]Garchomp||LifeOrb|RoughSkin|StompingTantrum,DragonClaw,RockSlide,Protect|Jolly||M|||50|]Lycanroc-Dusk||FocusSash|ToughClaws|RockSlide,CloseCombat,Accelerock,Protect|Adamant||M|||50|]Metagross||Metagrossite|ClearBody|IronHead,PsychicFangs,StompingTantrum,Protect|Adamant|||||50|]Whimsicott||FairyFeather|Prankster|Moonblast,Tailwind,Encore,Protect|Timid||M|||50|
|showteam|p2|Charizard||CharizarditeY|SolarPower|Protect,HeatWave,SolarBeam,WeatherBall|Modest||M|||50|]Kingambit||FocusSash|Defiant|IronHead,SuckerPunch,KowtowCleave,LowKick|Adamant||F|||50|]Sylveon||FairyFeather|Pixilate|Protect,HyperVoice,HyperBeam,QuickAttack|Modest||M|||50|]Garchomp||LifeOrb|RoughSkin|Protect,DragonClaw,Earthquake,RockSlide|Jolly||M|||50|]Aerodactyl||Aerodactylite|Unnerve|IceFang,RockSlide,Tailwind,DualWingbeat|Jolly||F|||50|]Farigiraf||SitrusBerry|ArmorTail|TrickRoom,Psychic,Thunderbolt,Roar|Bold||M|||50|
|inactive|Battle timer is ON: inactive players will automatically lose when time's up. (requested by ariel.mr_)
|
|t:|1783974254
|teamsize|p1|4
|teamsize|p2|4
|start
|switch|p1a: Froslass|Froslass, L50, F|100/100
|switch|p1b: Tsareena|Tsareena, L50, F|100/100
|switch|p2a: Kingambit|Kingambit, L50, F|100/100
|switch|p2b: Farigiraf|Farigiraf, L50, M|100/100
|turn|1
|inactive|ariel.mr_ has 30 seconds left.
|
|t:|1783974283
|move|p1a: Froslass|Protect|p1a: Froslass
|-singleturn|p1a: Froslass|Protect
|move|p2a: Kingambit|Kowtow Cleave|p1b: Tsareena
|-damage|p1b: Tsareena|61/100
|move|p1b: Tsareena|Taunt|p2b: Farigiraf
|-start|p2b: Farigiraf|move: Taunt
|move|p2b: Farigiraf|Psychic|p1b: Tsareena
|-damage|p1b: Tsareena|24/100
|-enditem|p1b: Tsareena|Sitrus Berry|[eat]
|-heal|p1b: Tsareena|49/100|[from] item: Sitrus Berry
|
|upkeep
|turn|2
|inactive|ariel.mr_ has 30 seconds left.
|
|t:|1783974308
|switch|p1a: Garchomp|Garchomp, L50, M|100/100
|move|p2a: Kingambit|Sucker Punch||[still]
|cant|p1b: Tsareena|ability: Queenly Majesty|Sucker Punch|[of] p2a: Kingambit
|move|p1b: Tsareena|Low Kick|p2a: Kingambit
|-supereffective|p2a: Kingambit|2
|-enditem|p2a: Kingambit|Focus Sash
|-damage|p2a: Kingambit|1/100
|move|p2b: Farigiraf|Psychic|p1b: Tsareena
|-damage|p1b: Tsareena|17/100
|
|upkeep
|turn|3
|inactive|ariel.mr_ has 30 seconds left.
|inactive|ariel.mr_ has 20 seconds left.
|
|t:|1783974344
|switch|p2a: Charizard|Charizard, L50, M, shiny|100/100
|move|p1a: Garchomp|Rock Slide|p2b: Farigiraf|[spread] p2a,p2b
|-supereffective|p2a: Charizard|2
|-damage|p2a: Charizard|0 fnt
|-damage|p2b: Farigiraf|78/100
|faint|p2a: Charizard
|-damage|p1a: Garchomp|90/100|[from] item: Life Orb
|move|p1b: Tsareena|U-turn|p2b: Farigiraf
|-supereffective|p2b: Farigiraf|1
|-damage|p2b: Farigiraf|45/100
|-enditem|p2b: Farigiraf|Sitrus Berry|[eat]
|-heal|p2b: Farigiraf|70/100|[from] item: Sitrus Berry
|
|t:|1783974355
|switch|p1b: Metagross|Metagross, L50|100/100|[from] U-turn
|cant|p2b: Farigiraf|flinch
|
|-end|p2b: Farigiraf|move: Taunt
|upkeep
|
|t:|1783974364
|switch|p2a: Sylveon|Sylveon, L50, M|100/100
|turn|4
|
|t:|1783974385
|detailschange|p1b: Metagross|Metagross-Mega, L50
|-mega|p1b: Metagross|Metagross|Metagrossite
|move|p1a: Garchomp|Dragon Claw|p2b: Farigiraf
|-damage|p2b: Farigiraf|29/100
|-damage|p1a: Garchomp|80/100|[from] item: Life Orb
|move|p1b: Metagross|Iron Head|p2b: Farigiraf
|-damage|p2b: Farigiraf|0 fnt
|faint|p2b: Farigiraf
|move|p2a: Sylveon|Hyper Voice|p1a: Garchomp|[spread] p1a,p1b
|-supereffective|p1a: Garchomp|1
|-resisted|p1b: Metagross|1
|-crit|p1b: Metagross
|-damage|p1a: Garchomp|0 fnt
|-damage|p1b: Metagross|64/100
|faint|p1a: Garchomp
|
|upkeep
|
|t:|1783974393
|switch|p1a: Tsareena|Tsareena, L50, F|17/100
|switch|p2b: Kingambit|Kingambit, L50, F|1/100
|turn|5
|
|t:|1783974403
|move|p1b: Metagross|Iron Head|p2b: Kingambit
|-resisted|p2b: Kingambit|1
|-damage|p2b: Kingambit|0 fnt
|faint|p2b: Kingambit
|move|p1a: Tsareena|Trop Kick|p2a: Sylveon
|-damage|p2a: Sylveon|54/100
|-unboost|p2a: Sylveon|atk|1
|move|p2a: Sylveon|Hyper Voice|p1a: Tsareena|[spread] p1a,p1b
|-resisted|p1b: Metagross|1
|-damage|p1a: Tsareena|0 fnt
|-damage|p1b: Metagross|40/100
|faint|p1a: Tsareena
|
|upkeep
|
|t:|1783974405
|switch|p1a: Froslass|Froslass, L50, F|100/100
|turn|6
|
|t:|1783974409
|move|p1b: Metagross|Iron Head|p2a: Sylveon
|-supereffective|p2a: Sylveon|1
|-crit|p2a: Sylveon
|-damage|p2a: Sylveon|0 fnt
|faint|p2a: Sylveon
|
|win|mikoksor
||ariel.mr_ is ready for game 3.
||mikoksor is ready for game 3.
|uhtml|next|Next: Game 3 of 3
