|j|☆Welwitchia
|j|☆EDJPP
|html|WelwitchiaEDJPP    
|uhtml|bestof|Game 1 of a best-of-3
|t:|1784551043
|gametype|doubles
|player|p1|Welwitchia|pokemonbreeder-gen4|1065
|player|p2|EDJPP|volkner|1074
|gen|9
|tier|[Gen 9 Champions] VGC 2026 Reg M-B (Bo3)
|rated|
|rule|Species Clause: Limit one of each Pokémon
|rule|Item Clause: Limit 1 of each item
|clearpoke
|poke|p1|Spiritomb, L50, F, shiny|
|poke|p1|Corviknight, L50, M|
|poke|p1|Pyroar, L50, F, shiny|
|poke|p1|Meganium, L50, M|
|poke|p1|Clawitzer, L50, F, shiny|
|poke|p1|Slowking-Galar, L50, M|
|poke|p2|Charizard, L50, M|
|poke|p2|Venusaur, L50, M|
|poke|p2|Basculegion, L50, M|
|poke|p2|Farigiraf, L50, F|
|poke|p2|Lycanroc-Dusk, L50, M|
|poke|p2|Sneasler, L50, M|
|teampreview|4
|showteam|p1|Spiritomb||LeppaBerry|Pressure|Curse,PainSplit,Spite,FoulPlay|Calm||F|||50|]Corviknight||Leftovers|Pressure|Spite,IronHead,Roost,Protect|Impish||M|||50|]Pyroar||Pyroarite|Rivalry|Trailblaze,MudSlap,Entrainment,Flamethrower|Timid||F|||50|]Meganium||Meganiumite|LeafGuard|LeechSeed,Counter,WeatherBall,SolarBeam|Timid||M|||50|]Clawitzer||MysticWater|MegaLauncher|HealPulse,AuraSphere,Protect,WaterPulse|Calm||F|||50|]Slowking-Galar||ColburBerry|CuriousMedicine|SkillSwap,ThunderWave,EerieSpell,TrickRoom|Sassy||M|||50|
|showteam|p2|Charizard||CharizarditeY|SolarPower|HeatWave,SolarBeam,WeatherBall,Protect|Modest||M|||50|]Venusaur||Venusaurite|Chlorophyll|GigaDrain,SludgeBomb,EarthPower,SleepPowder|Modest||M|||50|]Basculegion||MysticWater|Adaptability|WaveCrash,AquaJet,LastRespects,Protect|Adamant||M|||50|]Farigiraf||FocusSash|ArmorTail|Roar,Psychic,Thunderbolt,Protect|Modest||F|||50|]Lycanroc-Dusk||ExpertBelt|ToughClaws|PlayRough,Accelerock,CloseCombat,Protect|Adamant||M|||50|]Sneasler||WhiteHerb|Unburden|FakeOut,Protect,DireClaw,CloseCombat|Jolly||M|||50|
|inactive|Battle timer is ON: inactive players will automatically lose when time's up. (requested by EDJPP)
|inactive|Welwitchia has 60 seconds left.
|inactive|EDJPP has 60 seconds left.
|l|☆Welwitchia
|inactive|Welwitchia disconnected and has a minute to reconnect!
|player|p1|
|inactive|EDJPP has 30 seconds left.
|j|☆Welwitchia
|inactive|Welwitchia reconnected.
|player|p1|Welwitchia|pokemonbreeder-gen4|
|inactive|EDJPP has 20 seconds left.
|
|t:|1784551116
|teamsize|p1|4
|teamsize|p2|4
|start
|switch|p1a: Corviknight|Corviknight, L50, M|100/100
|switch|p1b: Slowking|Slowking-Galar, L50, M|100/100
|switch|p2a: Charizard|Charizard, L50, M|100/100
|switch|p2b: Venusaur|Venusaur, L50, M|100/100
|-ability|p1a: Corviknight|Pressure
|-clearboost|p1a: Corviknight|[from] ability: Curious Medicine|[of] p1b: Slowking
|turn|1
|inactive|EDJPP has 30 seconds left.
|inactive|EDJPP has 20 seconds left.
|inactive|EDJPP has 15 seconds left.
|inactive|EDJPP has 10 seconds left.
|inactive|EDJPP has 5 seconds left.
|
|t:|1784551171
|detailschange|p2a: Charizard|Charizard-Mega-Y, L50, M
|-mega|p2a: Charizard|Charizard|Charizardite Y
|-weather|SunnyDay|[from] ability: Drought|[of] p2a: Charizard
|move|p1a: Corviknight|Protect|p1a: Corviknight
|-singleturn|p1a: Corviknight|Protect
|move|p2b: Venusaur|Earth Power|p1b: Slowking
|-supereffective|p1b: Slowking|1
|-crit|p1b: Slowking
|-damage|p1b: Slowking|48/100
|move|p2a: Charizard|Heat Wave|p1a: Corviknight|[spread] p1b
|-activate|p1a: Corviknight|move: Protect
|-damage|p1b: Slowking|5/100
|-status|p1b: Slowking|brn
|move|p1b: Slowking|Trick Room|p1b: Slowking
|-fieldstart|move: Trick Room|[of] p1b: Slowking
|
|-weather|SunnyDay|[upkeep]
|-damage|p1b: Slowking|0 fnt|[from] brn
|faint|p1b: Slowking
|upkeep
|inactive|Welwitchia has 30 seconds left.
|
|t:|1784551205
|switch|p1b: Pyroar|Pyroar, L50, F, shiny|100/100
|turn|2
|inactive|EDJPP has 30 seconds left.
|inactive|Welwitchia has 30 seconds left.
|
|t:|1784551249
|switch|p1a: Spiritomb|Spiritomb, L50, F, shiny|100/100
|-ability|p1a: Spiritomb|Pressure
|switch|p2b: Farigiraf|Farigiraf, L50, F|100/100
|detailschange|p1b: Pyroar|Pyroar-Mega, L50, F, shiny
|-mega|p1b: Pyroar|Pyroar|Pyroarite
|move|p2a: Charizard|Weather Ball|p1a: Spiritomb
|-damage|p1a: Spiritomb|26/100
|move|p1b: Pyroar|Flamethrower|p2b: Farigiraf
|-damage|p2b: Farigiraf|1/100
|
|-weather|SunnyDay|[upkeep]
|upkeep
|turn|3
|inactive|Welwitchia has 30 seconds left.
|inactive|Welwitchia has 20 seconds left.
|inactive|Welwitchia has 15 seconds left.
|inactive|Welwitchia has 10 seconds left.
|
|t:|1784551295
|move|p2b: Farigiraf|Protect|p2b: Farigiraf
|-singleturn|p2b: Farigiraf|Protect
|move|p1a: Spiritomb|Pain Split|p2a: Charizard
|-sethp|p2a: Charizard|62/100|[from] move: Pain Split|[silent]
|-sethp|p1a: Spiritomb|66/100|[from] move: Pain Split
|move|p2a: Charizard|Heat Wave|p1b: Pyroar|[spread] p1a,p1b
|-resisted|p1b: Pyroar|1
|-damage|p1a: Spiritomb|12/100
|-damage|p1b: Pyroar|64/100
|move|p1b: Pyroar|Flamethrower|p2a: Charizard
|-resisted|p2a: Charizard|1
|-damage|p2a: Charizard|25/100
|
|-weather|SunnyDay|[upkeep]
|upkeep
|turn|4
|inactive|EDJPP has 30 seconds left.
|
|t:|1784551322
|move|p2a: Charizard|Protect|p2a: Charizard
|-singleturn|p2a: Charizard|Protect
|move|p1a: Spiritomb|Pain Split|p2a: Charizard
|-activate|p2a: Charizard|move: Protect
|move|p2b: Farigiraf|Psychic|p1b: Pyroar
|-damage|p1b: Pyroar|15/100
|move|p1b: Pyroar|Flamethrower|p2a: Charizard
|-activate|p2a: Charizard|move: Protect
|
|-weather|SunnyDay|[upkeep]
|upkeep
|turn|5
|
|t:|1784551346
|switch|p2a: Lycanroc|Lycanroc-Dusk, L50, M|100/100
|switch|p1b: Corviknight|Corviknight, L50, M|100/100
|-ability|p1b: Corviknight|Pressure
|move|p1a: Spiritomb|Foul Play|p2b: Farigiraf
|-supereffective|p2b: Farigiraf|1
|-damage|p2b: Farigiraf|0 fnt
|faint|p2b: Farigiraf
|
|-weather|none
|-fieldend|move: Trick Room
|upkeep
|
|t:|1784551351
|switch|p2b: Charizard|Charizard-Mega-Y, L50, M|25/100
|-weather|SunnyDay|[from] ability: Drought|[of] p2b: Charizard
|turn|6
|
|t:|1784551365
|move|p1b: Corviknight|Protect|p1b: Corviknight
|-singleturn|p1b: Corviknight|Protect
|move|p2a: Lycanroc|Accelerock|p1a: Spiritomb
|-damage|p1a: Spiritomb|0 fnt
|faint|p1a: Spiritomb
|move|p2b: Charizard|Weather Ball|p1b: Corviknight
|-activate|p1b: Corviknight|move: Protect
|
|-weather|SunnyDay|[upkeep]
|upkeep
|
|t:|1784551376
|switch|p1a: Pyroar|Pyroar-Mega, L50, F, shiny|15/100
|turn|7
|
|t:|1784551387
|move|p2a: Lycanroc|Accelerock|p1a: Pyroar
|-supereffective|p1a: Pyroar|1
|-damage|p1a: Pyroar|0 fnt
|faint|p1a: Pyroar
|move|p2b: Charizard|Weather Ball|p1b: Corviknight
|-supereffective|p1b: Corviknight|1
|-damage|p1b: Corviknight|0 fnt
|faint|p1b: Corviknight
|
|win|EDJPP
|l|☆Welwitchia
|player|p1|
