|j|☆lanagram
|j|☆palle synchro
|html|lanagrampalle synchro    
|uhtml|bestof|Game 1 of a best-of-3
|t:|1783373951
|gametype|doubles
|player|p1|lanagram|169|1133
|player|p2|palle synchro|volkner|1170
|gen|9
|tier|[Gen 9 Champions] VGC 2026 Reg M-B (Bo3)
|rated|
|rule|Species Clause: Limit one of each Pokémon
|rule|Item Clause: Limit 1 of each item
|clearpoke
|poke|p1|Incineroar, L50, M|
|poke|p1|Basculegion, L50, M|
|poke|p1|Venusaur, L50, M|
|poke|p1|Gholdengo, L50|
|poke|p1|Staraptor, L50, F|
|poke|p1|Dedenne, L50, M|
|poke|p2|Swampert, L50, M|
|poke|p2|Pelipper, L50, F|
|poke|p2|Archaludon, L50, F|
|poke|p2|Venusaur, L50, F|
|poke|p2|Maushold-Four, L50|
|poke|p2|Gholdengo, L50|
|teampreview|4
|showteam|p1|Incineroar||SitrusBerry|Intimidate|FlareBlitz,DarkestLariat,PartingShot,FakeOut|Adamant||M|||50|]Basculegion||ChoiceScarf|SwiftSwim|LastRespects,FlipTurn,WaveCrash,AquaJet|Jolly||M|||50|]Venusaur||Venusaurite|Chlorophyll|SludgeBomb,EarthPower,SleepPowder,Protect|Modest||M|||50|]Gholdengo||LifeOrb|GoodasGold|MakeItRain,ShadowBall,NastyPlot,Protect|Timid|||||50|]Staraptor||Staraptite|Intimidate|CloseCombat,BraveBird,Tailwind,Roost|Jolly||F|||50|]Dedenne||FocusSash|Pickup|DazzlingGleam,Nuzzle,Charm,Electroweb|Timid||M|||50|
|showteam|p2|Swampert||Swampertite|Torrent|WaveCrash,HighHorsepower,IcePunch,Protect|Adamant||M|||50|]Pelipper||SitrusBerry|Drizzle|WeatherBall,Hurricane,Tailwind,WideGuard|Modest||F|||50|]Archaludon||Leftovers|Stamina|ElectroShot,DragonPulse,FlashCannon,Protect|Calm||F|||50|]Venusaur||Venusaurite|Chlorophyll|GigaDrain,EarthPower,SludgeBomb,Protect|Modest||F|||50|]Maushold-Four||FocusSash|FriendGuard|FollowMe,SuperFang,RainDance,Protect|Timid|||||50|]Gholdengo||LifeOrb|GoodasGold|MakeItRain,ShadowBall,NastyPlot,Protect|Modest|||||50|
|inactive|Battle timer is ON: inactive players will automatically lose when time's up. (requested by palle synchro)
|inactive|lanagram has 60 seconds left.
|inactive|palle synchro has 60 seconds left.
|inactive|lanagram has 30 seconds left.
|inactive|lanagram has 20 seconds left.
|inactive|lanagram has 15 seconds left.
|c|☆palle synchro|dais veloce
|inactive|lanagram has 10 seconds left.
|inactive|lanagram has 5 seconds left.
|
|t:|1783374043
|teamsize|p1|4
|teamsize|p2|4
|start
|switch|p1a: Incineroar|Incineroar, L50, M|100/100
|switch|p1b: Basculegion|Basculegion, L50, M|100/100
|switch|p2a: Maushold|Maushold-Four, L50|100/100
|switch|p2b: Gold&go|Gholdengo, L50|100/100
|-ability|p1a: Incineroar|Intimidate|boost
|-unboost|p2a: Maushold|atk|1
|-unboost|p2b: Gold&go|atk|1
|turn|1
|inactive|lanagram has 30 seconds left.
|
|t:|1783374078
|move|p2a: Maushold|Protect|p2a: Maushold
|-singleturn|p2a: Maushold|Protect
|move|p2b: Gold&go|Protect|p2b: Gold&go
|-singleturn|p2b: Gold&go|Protect
|move|p1b: Basculegion|Flip Turn|p2a: Maushold
|-activate|p2a: Maushold|move: Protect
|move|p1a: Incineroar|Flare Blitz|p2b: Gold&go
|-activate|p2b: Gold&go|move: Protect
|
|upkeep
|turn|2
|inactive|palle synchro has 30 seconds left.
|
|t:|1783374106
|move|p2a: Maushold|Follow Me|p2a: Maushold
|-singleturn|p2a: Maushold|move: Follow Me
|move|p1b: Basculegion|Flip Turn|p2a: Maushold
|-damage|p2a: Maushold|63/100
|
|t:|1783374119
|switch|p1b: Venusaur|Venusaur, L50, M|100/100|[from] Flip Turn
|move|p2b: Gold&go|Nasty Plot|p2b: Gold&go
|-boost|p2b: Gold&go|spa|2
|move|p1a: Incineroar|Flare Blitz|p2a: Maushold
|-damage|p2a: Maushold|0 fnt
|faint|p2a: Maushold
|-damage|p1a: Incineroar|81/100|[from] Recoil
|
|upkeep
|
|t:|1783374127
|switch|p2a: Pelipper|Pelipper, L50, F|100/100
|-weather|RainDance|[from] ability: Drizzle|[of] p2a: Pelipper
|turn|3
|
|t:|1783374149
|detailschange|p1b: Venusaur|Venusaur-Mega, L50, M
|-mega|p1b: Venusaur|Venusaur|Venusaurite
|move|p2b: Gold&go|Shadow Ball|p1b: Venusaur
|-damage|p1b: Venusaur|1/100
|-damage|p2b: Gold&go|90/100|[from] item: Life Orb
|move|p1b: Venusaur|Sleep Powder|p2a: Pelipper
|-status|p2a: Pelipper|slp|[from] move: Sleep Powder
|cant|p2a: Pelipper|slp
|move|p1a: Incineroar|Darkest Lariat|p2b: Gold&go
|-supereffective|p2b: Gold&go|1
|-damage|p2b: Gold&go|5/100
|
|-weather|RainDance|[upkeep]
|upkeep
|turn|4
|inactive|lanagram has 30 seconds left.
|
|t:|1783374175
|move|p2b: Gold&go|Protect|p2b: Gold&go
|-singleturn|p2b: Gold&go|Protect
|move|p1b: Venusaur|Sludge Bomb|p2a: Pelipper
|-damage|p2a: Pelipper|38/100 slp
|-enditem|p2a: Pelipper|Sitrus Berry|[eat]
|-heal|p2a: Pelipper|63/100 slp|[from] item: Sitrus Berry
|-curestatus|p2a: Pelipper|slp|[msg]
|move|p2a: Pelipper|Weather Ball|p1a: Incineroar
|-supereffective|p1a: Incineroar|1
|-damage|p1a: Incineroar|0 fnt
|faint|p1a: Incineroar
|
|-weather|RainDance|[upkeep]
|upkeep
|
|t:|1783374188
|switch|p1a: Basculegion|Basculegion, L50, M|100/100
|turn|5
|
|t:|1783374199
|move|p2b: Gold&go|Protect|p2b: Gold&go
|-singleturn|p2b: Gold&go|Protect
|move|p1a: Basculegion|Flip Turn|p2b: Gold&go
|-activate|p2b: Gold&go|move: Protect
|move|p1b: Venusaur|Sleep Powder|p2a: Pelipper
|-status|p2a: Pelipper|slp|[from] move: Sleep Powder
|cant|p2a: Pelipper|slp
|
|-weather|RainDance|[upkeep]
|upkeep
|turn|6
|
|t:|1783374217
|move|p2b: Gold&go|Protect||[still]
|-fail|p2b: Gold&go
|move|p1a: Basculegion|Flip Turn|p2b: Gold&go
|-damage|p2b: Gold&go|0 fnt
|faint|p2b: Gold&go
|
|t:|1783374233
|switch|p1a: Gholdengo|Gholdengo, L50|100/100|[from] Flip Turn
|move|p1b: Venusaur|Sludge Bomb|p2a: Pelipper
|-damage|p2a: Pelipper|8/100 slp
|-curestatus|p2a: Pelipper|slp|[msg]
|move|p2a: Pelipper|Tailwind|p2a: Pelipper
|-sidestart|p2: palle synchro|move: Tailwind
|
|-weather|RainDance|[upkeep]
|upkeep
|
|t:|1783374235
|switch|p2b: Swampert|Swampert, L50, M|100/100
|turn|7
|inactive|lanagram has 30 seconds left.
|inactive|lanagram has 20 seconds left.
|
|t:|1783374274
|detailschange|p2b: Swampert|Swampert-Mega, L50, M
|-mega|p2b: Swampert|Swampert|Swampertite
|move|p1a: Gholdengo|Protect|p1a: Gholdengo
|-singleturn|p1a: Gholdengo|Protect
|move|p2b: Swampert|High Horsepower|p1a: Gholdengo
|-activate|p1a: Gholdengo|move: Protect
|move|p2a: Pelipper|Hurricane|p1b: Venusaur
|-supereffective|p1b: Venusaur|1
|-damage|p1b: Venusaur|0 fnt
|faint|p1b: Venusaur
|
|-weather|none
|upkeep
|
|t:|1783374278
|switch|p1b: Basculegion|Basculegion, L50, M|100/100
|turn|8
|inactive|palle synchro has 30 seconds left.
|inactive|palle synchro has 20 seconds left.
|inactive|palle synchro has 15 seconds left.
|
|t:|1783374321
|move|p2b: Swampert|High Horsepower|p1b: Basculegion
|-damage|p1b: Basculegion|29/100
|move|p1b: Basculegion|Last Respects|p2b: Swampert
|-damage|p2b: Swampert|37/100
|move|p2a: Pelipper|Hurricane|p1b: Basculegion
|-damage|p1b: Basculegion|0 fnt
|faint|p1b: Basculegion
|move|p1a: Gholdengo|Make It Rain|p2a: Pelipper|[spread] p2a
|-miss|p1a: Gholdengo|p2b: Swampert
|-resisted|p2a: Pelipper|1
|-crit|p2a: Pelipper
|-damage|p2a: Pelipper|0 fnt
|-unboost|p1a: Gholdengo|spa|2
|faint|p2a: Pelipper
|-damage|p1a: Gholdengo|90/100|[from] item: Life Orb
|
|upkeep
|turn|9
|
|t:|1783374340
|move|p1a: Gholdengo|Protect|p1a: Gholdengo
|-singleturn|p1a: Gholdengo|Protect
|move|p2b: Swampert|High Horsepower|p1a: Gholdengo
|-activate|p1a: Gholdengo|move: Protect
|
|-sideend|p2: palle synchro|move: Tailwind
|upkeep
|turn|10
|
|t:|1783374343
|move|p1a: Gholdengo|Shadow Ball|p2b: Swampert
|-damage|p2b: Swampert|12/100
|-damage|p1a: Gholdengo|80/100|[from] item: Life Orb
|move|p2b: Swampert|High Horsepower|p1a: Gholdengo
|-supereffective|p1a: Gholdengo|1
|-damage|p1a: Gholdengo|0 fnt
|faint|p1a: Gholdengo
|
|win|palle synchro
