|j|☆ninaez
|j|☆takedownmy
|html|ninaeztakedownmy    
|uhtml|bestof|Game 1 of a best-of-3
|t:|1756433407
|gametype|doubles
|player|p1|ninaez|169|1251
|player|p2|takedownmy|102|1243
|gen|9
|tier|[Gen 9] VGC 2025 Reg H (Bo3)
|rated|
|rule|Species Clause: Limit one of each Pokémon
|rule|Item Clause: Limit 1 of each item
|clearpoke
|poke|p1|Incineroar, L50, F|
|poke|p1|Annihilape, L50, M|
|poke|p1|Whimsicott, L50, F|
|poke|p1|Dragonite, L50, M|
|poke|p1|Ursaluna-Bloodmoon, L50, M|
|poke|p1|Archaludon, L50, F|
|poke|p2|Glalie, L50, F|
|poke|p2|Incineroar, L50, M|
|poke|p2|Rillaboom, L50, F|
|poke|p2|Ninetales-Alola, L50, F|
|poke|p2|Gholdengo, L50|
|poke|p2|Sneasler, L50, M|
|teampreview|4
|showteam|p1|Incineroar||SitrusBerry|Intimidate|FakeOut,PartingShot,KnockOff,FlareBlitz|||F|||50|,,,,,Grass]Annihilape||SafetyGoggles|Defiant|Coaching,RageFist,CloseCombat,FinalGambit|||M|||50|,,,,,Water]Whimsicott||FocusSash|Prankster|Moonblast,Tailwind,Encore,FakeTears|||F|||50|,,,,,Ghost]Dragonite||LoadedDice|Multiscale|ScaleShot,Protect,ExtremeSpeed,Haze|||M|||50|,,,,,Steel]Ursaluna-Bloodmoon||AssaultVest|MindsEye|BloodMoon,HyperVoice,EarthPower,VacuumWave|||M|||50|,,,,,Poison]Archaludon||PowerHerb|Stalwart|Thunderbolt,DragonPulse,ElectroShot,Protect|||F|||50|,,,,,Electric
|showteam|p2|Glalie||Leftovers|Moody|IceBeam,TeraBlast,Substitute,Protect|||F|||50|,,,,,Electric]Incineroar||SafetyGoggles|Intimidate|FlareBlitz,KnockOff,PartingShot,FakeOut|||M|||50|,,,,,Ghost]Rillaboom||AssaultVest|GrassySurge|FakeOut,GrassyGlide,DrumBeating,HighHorsepower|||F|||50|,,,,,Fire]Ninetales-Alola||FocusSash|SnowWarning|Blizzard,IcyWind,Encore,AuroraVeil|||F|||50|,,,,,Ghost]Gholdengo||GrassySeed|GoodasGold|NastyPlot,MakeItRain,ShadowBall,Protect||||||50|,,,,,Water]Sneasler||WhiteHerb|Unburden|CloseCombat,DireClaw,ThroatChop,Protect|||M|||50|,,,,,Dark
|inactive|Battle timer is ON: inactive players will automatically lose when time's up. (requested by takedownmy)
|inactive|ninaez also wants the timer to be on.
|inactive|ninaez has 60 seconds left.
|inactive|takedownmy has 60 seconds left.
|
|t:|1756433447
|teamsize|p1|4
|teamsize|p2|4
|start
|switch|p1a: Whimsicott|Whimsicott, L50, F|100/100
|switch|p1b: Archaludon|Archaludon, L50, F|100/100
|switch|p2a: Glalie|Glalie, L50, F|100/100
|switch|p2b: Rillaboom|Rillaboom, L50, F|100/100
|-fieldstart|move: Grassy Terrain|[from] ability: Grassy Surge|[of] p2b: Rillaboom
|turn|1
|
|t:|1756433472
|move|p2b: Rillaboom|Fake Out|p1b: Archaludon
|-resisted|p1b: Archaludon
|-damage|p1b: Archaludon|96/100
|move|p1a: Whimsicott|Fake Tears|p2a: Glalie
|-unboost|p2a: Glalie|spd|2
|move|p2a: Glalie|Ice Beam|p1a: Whimsicott
|-supereffective|p1a: Whimsicott
|-damage|p1a: Whimsicott|15/100
|cant|p1b: Archaludon|flinch
|
|-heal|p1a: Whimsicott|21/100|[from] Grassy Terrain
|-heal|p1b: Archaludon|100/100|[from] Grassy Terrain
|-ability|p2a: Glalie|Moody|boost
|-boost|p2a: Glalie|def|2
|-unboost|p2a: Glalie|atk|1
|upkeep
|turn|2
|
|t:|1756433497
|switch|p2a: Ninetales|Ninetales-Alola, L50, F|100/100
|-weather|Snowscape|[from] ability: Snow Warning|[of] p2a: Ninetales
|move|p1a: Whimsicott|Encore|p2b: Rillaboom
|-start|p2b: Rillaboom|Encore
|move|p2b: Rillaboom|Fake Out||[still]
|-hint|Fake Out only works on your first turn out.
|-fail|p2b: Rillaboom
|move|p1b: Archaludon|Dragon Pulse|p2a: Ninetales
|-immune|p2a: Ninetales
|
|-weather|Snowscape|[upkeep]
|-heal|p1a: Whimsicott|27/100|[from] Grassy Terrain
|upkeep
|turn|3
|
|t:|1756433520
|switch|p2b: Glalie|Glalie, L50, F|100/100
|move|p1a: Whimsicott|Tailwind|p1a: Whimsicott
|-sidestart|p1: ninaez|move: Tailwind
|move|p1b: Archaludon|Electro Shot||[still]
|-prepare|p1b: Archaludon|Electro Shot
|-boost|p1b: Archaludon|spa|1
|-enditem|p1b: Archaludon|Power Herb
|-anim|p1b: Archaludon|Electro Shot|p2b: Glalie
|-damage|p2b: Glalie|28/100
|move|p2a: Ninetales|Blizzard|p1a: Whimsicott|[spread] p1a,p1b
|-supereffective|p1a: Whimsicott
|-damage|p1a: Whimsicott|0 fnt
|-damage|p1b: Archaludon|59/100
|faint|p1a: Whimsicott
|
|-weather|Snowscape|[upkeep]
|-heal|p1b: Archaludon|65/100|[from] Grassy Terrain
|-heal|p2b: Glalie|35/100|[from] Grassy Terrain
|-heal|p2b: Glalie|41/100|[from] item: Leftovers
|-ability|p2b: Glalie|Moody|boost
|-boost|p2b: Glalie|atk|2
|-unboost|p2b: Glalie|spe|1
|upkeep
|
|t:|1756433534
|switch|p1a: Incineroar|Incineroar, L50, F|100/100
|-ability|p1a: Incineroar|Intimidate|boost
|-unboost|p2a: Ninetales|atk|1
|-unboost|p2b: Glalie|atk|1
|turn|4
|
|t:|1756433548
|switch|p2a: Rillaboom|Rillaboom, L50, F|100/100
|move|p2b: Glalie|Protect|p2b: Glalie
|-singleturn|p2b: Glalie|Protect
|move|p1b: Archaludon|Thunderbolt|p2a: Rillaboom
|-resisted|p2a: Rillaboom
|-damage|p2a: Rillaboom|81/100
|move|p1a: Incineroar|Flare Blitz|p2a: Rillaboom
|-supereffective|p2a: Rillaboom
|-damage|p2a: Rillaboom|0 fnt
|faint|p2a: Rillaboom
|-damage|p1a: Incineroar|76/100|[from] Recoil
|
|-weather|Snowscape|[upkeep]
|-heal|p1b: Archaludon|71/100|[from] Grassy Terrain
|-heal|p1a: Incineroar|82/100|[from] Grassy Terrain
|-heal|p2b: Glalie|47/100|[from] Grassy Terrain
|-heal|p2b: Glalie|53/100|[from] item: Leftovers
|-ability|p2b: Glalie|Moody|boost
|-boost|p2b: Glalie|spd|2
|-unboost|p2b: Glalie|spe|1
|upkeep
|
|t:|1756433561
|switch|p2a: Sneasler|Sneasler, L50, M|100/100
|turn|5
|
|t:|1756433569
|-terastallize|p1b: Archaludon|Electric
|move|p1b: Archaludon|Thunderbolt|p2a: Sneasler
|-damage|p2a: Sneasler|19/100
|move|p1a: Incineroar|Flare Blitz|p2b: Glalie
|-supereffective|p2b: Glalie
|-damage|p2b: Glalie|0 fnt
|faint|p2b: Glalie
|-damage|p1a: Incineroar|66/100|[from] Recoil
|move|p2a: Sneasler|Close Combat|p1a: Incineroar
|-supereffective|p1a: Incineroar
|-damage|p1a: Incineroar|0 fnt
|-unboost|p2a: Sneasler|def|1
|-unboost|p2a: Sneasler|spd|1
|faint|p1a: Incineroar
|-enditem|p2a: Sneasler|White Herb
|-clearnegativeboost|p2a: Sneasler|[silent]
|
|-weather|Snowscape|[upkeep]
|-heal|p2a: Sneasler|25/100|[from] Grassy Terrain
|-heal|p1b: Archaludon|77/100|[from] Grassy Terrain
|-fieldend|move: Grassy Terrain
|upkeep
|
|t:|1756433576
|switch|p2b: Ninetales|Ninetales-Alola, L50, F|100/100
|switch|p1a: Dragonite|Dragonite, L50, M|100/100
|turn|6
|
|t:|1756433594
|-terastallize|p2b: Ninetales|Ghost
|move|p2a: Sneasler|Protect|p2a: Sneasler
|-singleturn|p2a: Sneasler|Protect
|move|p1a: Dragonite|Extreme Speed|p2b: Ninetales
|-immune|p2b: Ninetales
|move|p1b: Archaludon|Thunderbolt|p2b: Ninetales
|-damage|p2b: Ninetales|15/100
|move|p2b: Ninetales|Blizzard|p1b: Archaludon|[spread] p1a,p1b
|-supereffective|p1a: Dragonite
|-damage|p1a: Dragonite|32/100
|-damage|p1b: Archaludon|33/100
|
|-weather|none
|-sideend|p1: ninaez|move: Tailwind
|upkeep
|turn|7
|inactive|takedownmy has 30 seconds left.
|
|t:|1756433628
|move|p2a: Sneasler|Protect||[still]
|-fail|p2a: Sneasler
|move|p1a: Dragonite|Extreme Speed|p2a: Sneasler
|-damage|p2a: Sneasler|0 fnt
|faint|p2a: Sneasler
|move|p2b: Ninetales|Blizzard|p1b: Archaludon|[spread] p1a,p1b
|-supereffective|p1a: Dragonite
|-damage|p1a: Dragonite|0 fnt
|-damage|p1b: Archaludon|0 fnt
|faint|p1a: Dragonite
|faint|p1b: Archaludon
|
|win|takedownmy
||ninaez is ready for game 2.
||takedownmy is ready for game 2.
|uhtml|next|Next: Game 2 of 3
