|j|☆higigig
|j|☆SeeYaNextTime
|html|higigigSeeYaNextTime    
|uhtml|bestof|Game 2 of a best-of-3
|t:|1756715453
|gametype|doubles
|player|p1|higigig|sisandbro|1183
|player|p2|SeeYaNextTime|102|1040
|gen|9
|tier|[Gen 9] VGC 2025 Reg H (Bo3)
|rated|
|rule|Species Clause: Limit one of each Pokémon
|rule|Item Clause: Limit 1 of each item
|clearpoke
|poke|p1|Sneasler, L50, M|
|poke|p1|Gholdengo, L50|
|poke|p1|Amoonguss, L50, F|
|poke|p1|Incineroar, L50, F|
|poke|p1|Ursaluna-Bloodmoon, L50, M|
|poke|p1|Farigiraf, L50, M|
|poke|p2|Sneasler, L50, M|
|poke|p2|Farigiraf, L50, F|
|poke|p2|Indeedee, L50, M|
|poke|p2|Basculegion, L50, M|
|poke|p2|Tyranitar, L50, F|
|poke|p2|Excadrill, L50, M|
|teampreview|4
|showteam|p1|Sneasler||ClearAmulet|PoisonTouch|FakeOut,CloseCombat,DireClaw,Protect|||M|||50|,,,,,Water]Gholdengo||MetalCoat|GoodasGold|NastyPlot,MakeItRain,ShadowBall,Protect||||||50|,,,,,Water]Amoonguss||MentalHerb|Regenerator|Spore,RagePowder,PollenPuff,Protect|||F|||50|,,,,,Water]Incineroar||SafetyGoggles|Intimidate|FakeOut,FlareBlitz,KnockOff,PartingShot|||F|||50|,,,,,Ghost]Ursaluna-Bloodmoon||LifeOrb|MindsEye|CalmMind,HyperVoice,EarthPower,BloodMoon|||M|||50|,,,,,Poison]Farigiraf||ThroatSpray|ArmorTail|HyperVoice,Psychic,TrickRoom,Protect|||M|||50|,,,,,Dragon
|showteam|p2|Sneasler||PsychicSeed|Unburden|ThroatChop,DireClaw,CloseCombat,Protect|||M|||50|,,,,,Dark]Farigiraf||ThroatSpray|ArmorTail|TrickRoom,HelpingHand,HyperVoice,PsychicNoise|||F|||50|,,,,,Grass]Indeedee||LifeOrb|PsychicSurge|ExpandingForce,DazzlingGleam,Psychic,Protect|||M|||50|,,,,,Fairy]Basculegion||ChoiceScarf|Adaptability|FlipTurn,WaveCrash,LastRespects,PsychicFangs|||M|||50|,,,,,Water]Tyranitar||SitrusBerry|SandStream|KnockOff,RockSlide,Protect,Sandstorm|||F|||50|,,,,,Flying]Excadrill||FocusSash|SandRush|Earthquake,HighHorsepower,IronHead,RockSlide|||M|||50|,,,,,Ground
|inactive|Battle timer is ON: inactive players will automatically lose when time's up. (requested by higigig)
|inactive|higigig has 60 seconds left.
|
|t:|1756715510
|teamsize|p1|4
|teamsize|p2|4
|start
|switch|p1a: Amoonguss|Amoonguss, L50, F|100/100
|switch|p1b: Incineroar|Incineroar, L50, F|100/100
|switch|p2a: Indeedee|Indeedee, L50, M|100/100
|switch|p2b: Sneasler|Sneasler, L50, M|100/100
|-fieldstart|move: Psychic Terrain|[from] ability: Psychic Surge|[of] p2a: Indeedee
|-enditem|p2b: Sneasler|Psychic Seed
|-boost|p2b: Sneasler|spd|1|[from] item: Psychic Seed
|-ability|p1b: Incineroar|Intimidate|boost
|-unboost|p2a: Indeedee|atk|1
|-unboost|p2b: Sneasler|atk|1
|turn|1
|inactive|SeeYaNextTime has 30 seconds left.
|inactive|higigig has 30 seconds left.
|inactive|SeeYaNextTime has 20 seconds left.
|inactive|higigig has 20 seconds left.
|inactive|higigig has 15 seconds left.
|inactive|higigig has 10 seconds left.
|
|t:|1756715563
|move|p2b: Sneasler|Protect|p2b: Sneasler
|-singleturn|p2b: Sneasler|Protect
|move|p1a: Amoonguss|Protect|p1a: Amoonguss
|-singleturn|p1a: Amoonguss|Protect
|move|p2a: Indeedee|Expanding Force|p1a: Amoonguss|[spread] 
|-activate|p1a: Amoonguss|move: Protect
|-immune|p1b: Incineroar
|move|p1b: Incineroar|Parting Shot|p2b: Sneasler
|-activate|p2b: Sneasler|move: Protect
|
|upkeep
|turn|2
|inactive|higigig has 30 seconds left.
|inactive|SeeYaNextTime has 30 seconds left.
|inactive|higigig has 20 seconds left.
|inactive|higigig has 15 seconds left.
|
|t:|1756715604
|-terastallize|p1a: Amoonguss|Water
|move|p2b: Sneasler|Throat Chop|p1b: Incineroar
|-resisted|p1b: Incineroar
|-damage|p1b: Incineroar|91/100
|-start|p1b: Incineroar|Throat Chop|[silent]
|move|p2a: Indeedee|Expanding Force|p1b: Incineroar|[spread] p1a
|-immune|p1b: Incineroar
|-damage|p1a: Amoonguss|37/100
|-damage|p2a: Indeedee|91/100|[from] item: Life Orb
|move|p1b: Incineroar|Knock Off|p2a: Indeedee
|-supereffective|p2a: Indeedee
|-damage|p2a: Indeedee|0 fnt
|-enditem|p2a: Indeedee|Life Orb|[from] move: Knock Off|[of] p1b: Incineroar
|faint|p2a: Indeedee
|move|p1a: Amoonguss|Spore|p2b: Sneasler
|-status|p2b: Sneasler|slp|[from] move: Spore
|
|upkeep
|
|t:|1756715621
|switch|p2a: Basculegion|Basculegion, L50, M|100/100
|turn|3
|inactive|SeeYaNextTime has 30 seconds left.
|
|t:|1756715653
|switch|p1a: Farigiraf|Farigiraf, L50, M|100/100
|-terastallize|p2a: Basculegion|Water
|cant|p2b: Sneasler|slp
|move|p2a: Basculegion|Wave Crash|p1a: Farigiraf
|-damage|p1a: Farigiraf|22/100
|-damage|p2a: Basculegion|70/100|[from] Recoil
|move|p1b: Incineroar|Knock Off|p2a: Basculegion
|-damage|p2a: Basculegion|10/100
|-enditem|p2a: Basculegion|Choice Scarf|[from] move: Knock Off|[of] p1b: Incineroar
|
|-end|p1b: Incineroar|Throat Chop|[silent]
|upkeep
|turn|4
|inactive|higigig has 30 seconds left.
|
|t:|1756715684
|move|p1a: Farigiraf|Protect|p1a: Farigiraf
|-singleturn|p1a: Farigiraf|Protect
|-curestatus|p2b: Sneasler|slp|[msg]
|move|p2b: Sneasler|Throat Chop|p1a: Farigiraf
|-activate|p1a: Farigiraf|move: Protect
|move|p2a: Basculegion|Flip Turn|p1b: Incineroar
|-supereffective|p1b: Incineroar
|-damage|p1b: Incineroar|11/100
|
|t:|1756715693
|switch|p2a: Farigiraf|Farigiraf, L50, F, shiny|100/100|[from] Flip Turn
|move|p1b: Incineroar|Knock Off|p2a: Farigiraf
|-supereffective|p2a: Farigiraf
|-damage|p2a: Farigiraf|16/100
|-enditem|p2a: Farigiraf|Throat Spray|[from] move: Knock Off|[of] p1b: Incineroar
|
|upkeep
|turn|5
|j| T-Soro
|l| T-Soro
|inactive|higigig has 30 seconds left.
|
|t:|1756715719
|switch|p1a: Amoonguss|Amoonguss, L50, F, tera:Water|70/100
|move|p2b: Sneasler|Dire Claw|p1b: Incineroar
|-damage|p1b: Incineroar|0 fnt
|faint|p1b: Incineroar
|move|p2a: Farigiraf|Hyper Voice|p1a: Amoonguss
|-damage|p1a: Amoonguss|32/100
|
|-fieldend|move: Psychic Terrain
|upkeep
|j| T-Soro
|l| T-Soro
|inactive|higigig has 30 seconds left.
|
|t:|1756715748
|switch|p1b: Gholdengo|Gholdengo, L50|100/100
|turn|6
|
|t:|1756715768
|move|p1a: Amoonguss|Protect|p1a: Amoonguss
|-singleturn|p1a: Amoonguss|Protect
|move|p2b: Sneasler|Throat Chop|p1a: Amoonguss
|-activate|p1a: Amoonguss|move: Protect
|move|p1b: Gholdengo|Nasty Plot|p1b: Gholdengo
|-boost|p1b: Gholdengo|spa|2
|move|p2a: Farigiraf|Hyper Voice|p1a: Amoonguss|[spread] 
|-activate|p1a: Amoonguss|move: Protect
|-immune|p1b: Gholdengo
|
|upkeep
|turn|7
|
|t:|1756715788
|move|p2b: Sneasler|Throat Chop|p1b: Gholdengo
|-supereffective|p1b: Gholdengo
|-damage|p1b: Gholdengo|58/100
|-start|p1b: Gholdengo|Throat Chop|[silent]
|move|p1b: Gholdengo|Make It Rain|p2b: Sneasler|[spread] p2a,p2b
|-damage|p2a: Farigiraf|0 fnt
|-damage|p2b: Sneasler|0 fnt
|-unboost|p1b: Gholdengo|spa|1
|faint|p2a: Farigiraf
|faint|p2b: Sneasler
|move|p1a: Amoonguss|Pollen Puff|p1b: Gholdengo
|-heal|p1b: Gholdengo|100/100
|
|upkeep
|
|t:|1756715808
|switch|p2b: Basculegion|Basculegion, L50, M, tera:Water|10/100
|turn|8
|
|t:|1756715814
|move|p1a: Amoonguss|Rage Powder|p1a: Amoonguss
|-singleturn|p1a: Amoonguss|move: Rage Powder
|move|p2b: Basculegion|Last Respects|p1a: Amoonguss
|-crit|p1a: Amoonguss
|-damage|p1a: Amoonguss|0 fnt
|faint|p1a: Amoonguss
|move|p1b: Gholdengo|Shadow Ball|p2b: Basculegion
|-damage|p2b: Basculegion|0 fnt
|faint|p2b: Basculegion
|
|win|higigig
|raw|higigig's rating: 1183 → 1198(+15 for winning)
|raw|SeeYaNextTime's rating: 1040 → 1030(-10 for losing)
