|j|☆alfomaster
|j|☆BloomingDino
|html|alfomasterBloomingDino    
|uhtml|bestof|Game 3 of a best-of-3
|t:|1784284701
|gametype|doubles
|player|p1|alfomaster|102|
|player|p2|BloomingDino|1|
|gen|9
|tier|[Gen 9 Champions] VGC 2026 Reg M-B (Bo3)
|rule|Species Clause: Limit one of each Pokémon
|rule|Item Clause: Limit 1 of each item
|clearpoke
|poke|p1|Blaziken, L50, F|
|poke|p1|Milotic, L50, M|
|poke|p1|Farigiraf, L50, M|
|poke|p1|Scizor, L50, M|
|poke|p1|Meowstic, L50, M|
|poke|p1|Rotom-Heat, L50|
|poke|p2|Floette-Eternal, L50, F|
|poke|p2|Sneasler, L50, F, shiny|
|poke|p2|Arcanine-Hisui, L50, F, shiny|
|poke|p2|Grimmsnarl, L50, M, shiny|
|poke|p2|Samurott-Hisui, L50, F, shiny|
|poke|p2|Emolga, L50, F, shiny|
|teampreview|4
|showteam|p1|Blaziken||Charcoal|SpeedBoost|Protect,FlareBlitz,CloseCombat,RockSlide|Adamant||F|||50|]Milotic||Leftovers|Competitive|Scald,IceBeam,Recover,Protect|Bold||M|||50|]Farigiraf||SitrusBerry|ArmorTail|PsychicNoise,HelpingHand,TrickRoom,Protect|Sassy||M|||50|]Scizor||LifeOrb|Technician|BulletPunch,Uturn,CloseCombat,Protect|Impish||M|||50|]Meowstic||FocusSash|Prankster|FakeOut,HelpingHand,ThunderWave,Psychic|Sassy||M|||50|]Rotom-Heat||ExpertBelt|Levitate|Overheat,Thunderbolt,WillOWisp,Protect|Calm|||||50|
|showteam|p2|Floette-Eternal||Floettite|FlowerVeil|LightofRuin,Protect,Moonblast,Wish|Timid||F|||50|]Sneasler||ChoiceScarf|Unburden|FakeOut,FirePunch,DireClaw,ThroatChop|Adamant||F|||50|]Arcanine-Hisui||BabiriBerry|RockHead|WildCharge,FlareBlitz,HeadSmash,HelpingHand|Jolly||F|||50|]Grimmsnarl||BrightPowder|Prankster|Reflect,LightScreen,StompingTantrum,SuckerPunch|Adamant||M|||50|]Samurott-Hisui||ExpertBelt|Sharpness|CeaselessEdge,HelpingHand,RazorShell,DrillRun|Jolly||F|||50|]Emolga||ChartiBerry|MotorDrive|VoltSwitch,Nuzzle,Electroweb,EnergyBall|Mild||F|||50|
|
|t:|1784284723
|teamsize|p1|4
|teamsize|p2|4
|start
|switch|p1a: Milotic|Milotic, L50, M|100/100
|switch|p1b: Scizor|Scizor, L50, M|100/100
|switch|p2a: Grimmsnarl|Grimmsnarl, L50, M, shiny|100/100
|switch|p2b: Samurott|Samurott-Hisui, L50, F, shiny|100/100
|turn|1
|
|t:|1784284768
|move|p1b: Scizor|Bullet Punch|p2a: Grimmsnarl
|-supereffective|p2a: Grimmsnarl|1
|-damage|p2a: Grimmsnarl|11/100
|-damage|p1b: Scizor|90/100|[from] item: Life Orb
|move|p2a: Grimmsnarl|Reflect|p2a: Grimmsnarl
|-sidestart|p2: BloomingDino|Reflect
|move|p2b: Samurott|Razor Shell|p1b: Scizor
|-damage|p1b: Scizor|52/100
|move|p1a: Milotic|Ice Beam|p2b: Samurott
|-resisted|p2b: Samurott|1
|-damage|p2b: Samurott|85/100
|
|upkeep
|turn|2
|
|t:|1784284801
|move|p2a: Grimmsnarl|Sucker Punch|p1b: Scizor
|-damage|p1b: Scizor|26/100
|move|p2b: Samurott|Ceaseless Edge|p1b: Scizor
|-damage|p1b: Scizor|0 fnt
|-sidestart|p1: alfomaster|Spikes
|faint|p1b: Scizor
|move|p1a: Milotic|Scald|p2a: Grimmsnarl|[miss]
|-miss|p1a: Milotic|p2a: Grimmsnarl
|
|upkeep
|
|t:|1784284813
|switch|p1b: Rotom|Rotom-Heat, L50|100/100
|turn|3
|
|t:|1784284825
|switch|p1b: Meowstic|Meowstic, L50, M|100/100
|-damage|p1b: Meowstic|87/100|[from] Spikes
|move|p2a: Grimmsnarl|Light Screen|p2a: Grimmsnarl
|-sidestart|p2: BloomingDino|move: Light Screen
|move|p2b: Samurott|Razor Shell|p1b: Meowstic
|-damage|p1b: Meowstic|28/100
|-unboost|p1b: Meowstic|def|1
|move|p1a: Milotic|Ice Beam|p2a: Grimmsnarl
|-damage|p2a: Grimmsnarl|0 fnt
|faint|p2a: Grimmsnarl
|
|upkeep
|
|t:|1784284839
|switch|p2a: Sneasler|Sneasler, L50, F, shiny|100/100
|turn|4
|
|t:|1784284859
|move|p2a: Sneasler|Fake Out|p1b: Meowstic
|-damage|p1b: Meowstic|0 fnt
|faint|p1b: Meowstic
|move|p2b: Samurott|Ceaseless Edge|p1a: Milotic
|-damage|p1a: Milotic|65/100
|-sidestart|p1: alfomaster|Spikes
|move|p1a: Milotic|Ice Beam|p2b: Samurott
|-resisted|p2b: Samurott|1
|-damage|p2b: Samurott|75/100
|
|-heal|p1a: Milotic|71/100|[from] item: Leftovers
|upkeep
|
|t:|1784284871
|switch|p1b: Rotom|Rotom-Heat, L50|100/100
|turn|5
|
|t:|1784284889
|switch|p2a: Arcanine|Arcanine-Hisui, L50, F, shiny|100/100
|move|p2b: Samurott|Razor Shell|p1b: Rotom
|-supereffective|p1b: Rotom|1
|-damage|p1b: Rotom|0 fnt
|faint|p1b: Rotom
|move|p1a: Milotic|Ice Beam|p2a: Arcanine
|-resisted|p2a: Arcanine|1
|-damage|p2a: Arcanine|91/100
|
|-heal|p1a: Milotic|77/100|[from] item: Leftovers
|-sideend|p2: BloomingDino|Reflect
|upkeep
|turn|6
|
|t:|1784284912
|move|p2a: Arcanine|Wild Charge|p1a: Milotic
|-supereffective|p1a: Milotic|1
|-damage|p1a: Milotic|33/100
|move|p2b: Samurott|Ceaseless Edge|p1a: Milotic
|-damage|p1a: Milotic|1/100
|-sidestart|p1: alfomaster|Spikes
|move|p1a: Milotic|Scald|p2a: Arcanine
|-supereffective|p2a: Arcanine|2
|-damage|p2a: Arcanine|0 fnt
|faint|p2a: Arcanine
|
|-heal|p1a: Milotic|6/100|[from] item: Leftovers
|upkeep
|
|t:|1784284926
|switch|p2a: Sneasler|Sneasler, L50, F, shiny|100/100
|turn|7
|
|t:|1784284938
|move|p2b: Samurott|Helping Hand|p2a: Sneasler
|-singleturn|p2a: Sneasler|Helping Hand|[of] p2b: Samurott
|move|p1a: Milotic|Protect|p1a: Milotic
|-singleturn|p1a: Milotic|Protect
|move|p2a: Sneasler|Fake Out|p1a: Milotic
|-activate|p1a: Milotic|move: Protect
|
|-heal|p1a: Milotic|12/100|[from] item: Leftovers
|-sideend|p2: BloomingDino|move: Light Screen
|upkeep
|turn|8
|inactive|Battle timer is ON: inactive players will automatically lose when time's up. (requested by alfomaster)
|
|t:|1784284953
|-activate|p2a: Sneasler|move: Struggle
|move|p2a: Sneasler|Struggle|p1a: Milotic
|-damage|p1a: Milotic|0 fnt
|faint|p1a: Milotic
|-damage|p2a: Sneasler|75/100|[from] recoil
|
|win|BloomingDino
|c|☆BloomingDino|ggs
|c|☆BloomingDino|i got my replays can you post your first game tho
|j| harrybxrry
|l| harrybxrry
