|j|‽IshtarVGC26
|j|☆ryanpowneyissoslay
|html|IshtarVGC26ryanpowneyissoslay    
|uhtml|bestof|Game 1 of a best-of-3
|t:|1757855791
|gametype|doubles
|player|p1|IshtarVGC26|juan|1162
|player|p2|ryanpowneyissoslay|ghetsis|1248
|gen|9
|tier|[Gen 9] VGC 2025 Reg H (Bo3)
|rated|
|rule|Species Clause: Limit one of each Pokémon
|rule|Item Clause: Limit 1 of each item
|clearpoke
|poke|p1|Pelipper, L50, F|
|poke|p1|Overqwil, L50, F|
|poke|p1|Annihilape, L50, F|
|poke|p1|Archaludon, L50, M|
|poke|p1|Incineroar, L50, M|
|poke|p1|Ursaluna-Bloodmoon, L50, M|
|poke|p2|Weezing, L50, M|
|poke|p2|Dragapult, L50, M|
|poke|p2|Ursaluna-Bloodmoon, L50, M|
|poke|p2|Annihilape, L50, M|
|poke|p2|Dragonite, L50, F|
|poke|p2|Incineroar, L50, F|
|teampreview|4
|showteam|p1|Pelipper||ChoiceScarf|Drizzle|Tailwind,Hurricane,WeatherBall,Uturn|||F|||50|,,,,,Ground]Overqwil||ChoiceBand|SwiftSwim|ScaleShot,GunkShot,Liquidation,Crunch|||F|||50|,,,,,Water]Annihilape||AguavBerry|Defiant|Protect,DrainPunch,BulkUp,RageFist|||F|||50|,,,,,Grass]Archaludon||AssaultVest|Stamina|BodyPress,Snarl,ElectroShot,FlashCannon|||M|||50|,,,,,Fighting]Incineroar||SitrusBerry|Intimidate|FlareBlitz,KnockOff,FakeOut,PartingShot|||M|||50|,,,,,Ghost]Ursaluna-Bloodmoon||ThroatSpray|MindsEye|Protect,EarthPower,BloodMoon,HyperVoice|||M|||50|,,,,,Ground
|showteam|p2|Weezing||CovertCloak|NeutralizingGas|GunkShot,ToxicSpikes,Protect,Taunt|||M|||50|,,,,,Water]Dragapult||ChoiceBand|ClearBody|DragonDarts,TeraBlast,PhantomForce,Uturn|||M|||50|,,,,,Ghost]Ursaluna-Bloodmoon||AssaultVest|MindsEye|BloodMoon,EarthPower,HyperVoice,VacuumWave|||M|||50|,,,,,Normal]Annihilape||FocusSash|Defiant|CloseCombat,RageFist,Coaching,FinalGambit|||M|||50|,,,,,Water]Dragonite||LoadedDice|Multiscale|ScaleShot,Tailwind,ExtremeSpeed,Protect|||F|||50|,,,,,Normal]Incineroar||AbilityShield|Intimidate|KnockOff,FlareBlitz,PartingShot,FakeOut|||F|||50|,,,,,Grass
|inactive|Battle timer is ON: inactive players will automatically lose when time's up. (requested by ryanpowneyissoslay)
|n|☆IshtarVGC26|ishtarvgc26
|inactive|IshtarVGC26 has 60 seconds left.
|inactive|ryanpowneyissoslay has 60 seconds left.
|l|☆IshtarVGC26
|inactive|IshtarVGC26 disconnected and has a minute to reconnect!
|player|p1|
|inactive|IshtarVGC26 has 30 seconds left.
|j|☆IshtarVGC26
|inactive|IshtarVGC26 reconnected and has 25 seconds left.
|player|p1|IshtarVGC26|juan|
|inactive|IshtarVGC26 has 20 seconds left.
|inactive|IshtarVGC26 has 15 seconds left.
|inactive|IshtarVGC26 has 10 seconds left.
|
|t:|1757855877
|teamsize|p1|4
|teamsize|p2|4
|start
|switch|p1a: Annihilape|Annihilape, L50, F|100/100
|switch|p1b: Pelipper|Pelipper, L50, F|100/100
|switch|p2a: Weezing|Weezing, L50, M|100/100
|switch|p2b: Annihilape|Annihilape, L50, M|100/100
|-ability|p2a: Weezing|Neutralizing Gas
|turn|1
|inactive|ryanpowneyissoslay has 30 seconds left.
|inactive|ryanpowneyissoslay has 20 seconds left.
|
|t:|1757855914
|move|p1b: Pelipper|Hurricane|p2b: Annihilape
|-supereffective|p2b: Annihilape
|-damage|p2b: Annihilape|12/100
|move|p1a: Annihilape|Bulk Up|p1a: Annihilape
|-boost|p1a: Annihilape|atk|1
|-boost|p1a: Annihilape|def|1
|move|p2b: Annihilape|Rage Fist|p1a: Annihilape
|-supereffective|p1a: Annihilape
|-damage|p1a: Annihilape|43/100
|move|p2a: Weezing|Toxic Spikes|p1a: Annihilape
|-sidestart|p1: IshtarVGC26|move: Toxic Spikes
|
|upkeep
|turn|2
|
|t:|1757855937
|switch|p2b: Ursaluna|Ursaluna-Bloodmoon, L50, M|100/100
|move|p1b: Pelipper|Hurricane|p2a: Weezing|[miss]
|-miss|p1b: Pelipper|p2a: Weezing
|move|p1a: Annihilape|Rage Fist|p2b: Ursaluna
|-immune|p2b: Ursaluna
|move|p2a: Weezing|Gunk Shot|p1a: Annihilape|[miss]
|-miss|p2a: Weezing|p1a: Annihilape
|
|upkeep
|turn|3
|inactive|ryanpowneyissoslay has 30 seconds left.
|inactive|ryanpowneyissoslay has 20 seconds left.
|inactive|ryanpowneyissoslay has 15 seconds left.
|inactive|ryanpowneyissoslay has 10 seconds left.
|inactive|ryanpowneyissoslay has 5 seconds left.
|
|t:|1757855988
|switch|p2b: Dragapult|Dragapult, L50, M|100/100
|move|p1b: Pelipper|Hurricane|p2b: Dragapult|[miss]
|-miss|p1b: Pelipper|p2b: Dragapult
|move|p1a: Annihilape|Drain Punch|p2b: Dragapult
|-immune|p2b: Dragapult
|move|p2a: Weezing|Gunk Shot|p1a: Annihilape
|-resisted|p1a: Annihilape
|-damage|p1a: Annihilape|28/100
|
|upkeep
|turn|4
|
|t:|1757856007
|move|p1a: Annihilape|Protect|p1a: Annihilape
|-singleturn|p1a: Annihilape|Protect
|move|p2b: Dragapult|Dragon Darts|p1b: Pelipper
|-damage|p1b: Pelipper|43/100
|-anim|p2b: Dragapult|Dragon Darts|p1b: Pelipper
|-damage|p1b: Pelipper|0 fnt
|faint|p1b: Pelipper
|move|p2a: Weezing|Gunk Shot|p1a: Annihilape
|-activate|p1a: Annihilape|move: Protect
|
|upkeep
|
|t:|1757856026
|switch|p1b: Archaludon|Archaludon, L50, M|100/100
|turn|5
|
|t:|1757856046
|move|p2b: Dragapult|Dragon Darts|p1b: Archaludon
|-damage|p1b: Archaludon|70/100
|-anim|p2b: Dragapult|Dragon Darts|p1a: Annihilape
|-crit|p1a: Annihilape
|-damage|p1a: Annihilape|0 fnt
|faint|p1a: Annihilape
|move|p1b: Archaludon|Snarl|p2a: Weezing|[spread] p2a,p2b
|-supereffective|p2b: Dragapult
|-damage|p2a: Weezing|86/100
|-damage|p2b: Dragapult|60/100
|-unboost|p2b: Dragapult|spa|1
|move|p2a: Weezing|Toxic Spikes|p1b: Archaludon
|-sidestart|p1: IshtarVGC26|move: Toxic Spikes
|
|upkeep
|c|☆ryanpowneyissoslay|Crit doesnt matter
|
|t:|1757856058
|switch|p1a: Overqwil|Overqwil, L50, F|100/100
|-sideend|p1: IshtarVGC26|move: Toxic Spikes|[of] p1a: Overqwil
|turn|6
|
|t:|1757856076
|move|p2b: Dragapult|Dragon Darts|p1b: Archaludon
|-damage|p1b: Archaludon|34/100
|-anim|p2b: Dragapult|Dragon Darts|p1a: Overqwil
|-damage|p1a: Overqwil|53/100
|move|p1a: Overqwil|Crunch|p2b: Dragapult
|-supereffective|p2b: Dragapult
|-damage|p2b: Dragapult|0 fnt
|faint|p2b: Dragapult
|move|p1b: Archaludon|Flash Cannon|p2a: Weezing
|-damage|p2a: Weezing|42/100
|move|p2a: Weezing|Gunk Shot|p1a: Overqwil
|-resisted|p1a: Overqwil
|-damage|p1a: Overqwil|30/100
|
|upkeep
|
|t:|1757856090
|switch|p2b: Annihilape|Annihilape, L50, M|12/100
|turn|7
|
|t:|1757856103
|move|p2b: Annihilape|Close Combat|p1b: Archaludon
|-supereffective|p1b: Archaludon
|-damage|p1b: Archaludon|0 fnt
|-unboost|p2b: Annihilape|def|1
|-unboost|p2b: Annihilape|spd|1
|faint|p1b: Archaludon
|move|p1a: Overqwil|Crunch|p2b: Annihilape
|-damage|p2b: Annihilape|0 fnt
|faint|p2b: Annihilape
|move|p2a: Weezing|Gunk Shot|p1a: Overqwil
|-resisted|p1a: Overqwil
|-damage|p1a: Overqwil|9/100
|
|upkeep
|
|t:|1757856114
|switch|p2b: Ursaluna|Ursaluna-Bloodmoon, L50, M|100/100
|turn|8
|
|t:|1757856120
|move|p2b: Ursaluna|Vacuum Wave|p1a: Overqwil
|-damage|p1a: Overqwil|0 fnt
|faint|p1a: Overqwil
|
|win|ryanpowneyissoslay
||ryanpowneyissoslay is ready for game 2.
||IshtarVGC26 is ready for game 2.
|uhtml|next|Next: Game 2 of 3
