|j|☆Lego Darth Malgus
|j|☆Rock slap
|html|Lego Darth MalgusRock slap    
|uhtml|bestof|Game 1 of a best-of-3
|t:|1756955009
|gametype|doubles
|player|p1|Lego Darth Malgus|ghetsis-gen5bw|1222
|player|p2|Rock slap|hiker-gen4|1295
|gen|9
|tier|[Gen 9] VGC 2025 Reg H (Bo3)
|rated|
|rule|Species Clause: Limit one of each Pokémon
|rule|Item Clause: Limit 1 of each item
|clearpoke
|poke|p1|Kommo-o, L50, M|
|poke|p1|Tyranitar, L50, F|
|poke|p1|Excadrill, L50, F|
|poke|p1|Samurott-Hisui, L50, F|
|poke|p1|Rillaboom, L50, M|
|poke|p1|Volcarona, L50, M|
|poke|p2|Kommo-o, L50, M|
|poke|p2|Incineroar, L50, M|
|poke|p2|Rillaboom, L50, F|
|poke|p2|Volcarona, L50, M|
|poke|p2|Electabuzz, L50, M|
|poke|p2|Golduck, L50, F|
|teampreview|4
|showteam|p1|Kommo-o||GrassySeed|Overcoat|BodyPress,IronDefense,Protect,DragonPulse|||M|||50|,,,,,Fairy]Tyranitar||ChoiceScarf|SandStream|RockSlide,KnockOff,TeraBlast,LowKick|||F|||50|,,,,,Flying]Excadrill||FocusSash|SandRush|HighHorsepower,IronHead,Bulldoze,Protect|||F|||50|,,,,,Ghost]Samurott-Hisui||AssaultVest|Sharpness|NightSlash,AquaCutter,SacredSword,SuckerPunch|||F|||50|,,,,,Ghost]Rillaboom||MiracleSeed|GrassySurge|FakeOut,DrumBeating,GrassyGlide,Taunt|||M|||50|,,,,,Water]Volcarona||SitrusBerry|FlameBody|QuiverDance,HeatWave,TeraBlast,Protect|||M|||50|,,,,,Fairy
|showteam|p2|Kommo-o||ThroatSpray|Soundproof|ClangingScales,FlashCannon,ClangorousSoul,Protect|||M|||50|,,,,,Steel]Incineroar||SafetyGoggles|Intimidate|FakeOut,KnockOff,PartingShot,FlareBlitz|||M|||50|,,,,,Bug]Rillaboom||AssaultVest|GrassySurge|FakeOut,WoodHammer,HighHorsepower,GrassyGlide|||F|||50|,,,,,Fire]Volcarona||SitrusBerry|FlameBody|QuiverDance,HeatWave,TeraBlast,Protect|||M|||50|,,,,,Fairy]Electabuzz||Eviolite|VitalSpirit|Protect,Electroweb,Taunt,FollowMe|||M|||50|,,,,,Fairy]Golduck||CovertCloak|CloudNine|IcyWind,SimpleBeam,LightScreen,Encore|||F|||50|,,,,,Poison
|inactive|Battle timer is ON: inactive players will automatically lose when time's up. (requested by Lego Darth Malgus)
|inactive|Rock slap has 60 seconds left.
|
|t:|1756955054
|teamsize|p1|4
|teamsize|p2|4
|start
|switch|p1a: Rillaboom|Rillaboom, L50, M, shiny|100/100
|switch|p1b: Volcarona|Volcarona, L50, M, shiny|100/100
|switch|p2a: Electabuzz|Electabuzz, L50, M, shiny|100/100
|switch|p2b: Kommo-o|Kommo-o, L50, M, shiny|100/100
|-fieldstart|move: Grassy Terrain|[from] ability: Grassy Surge|[of] p1a: Rillaboom
|turn|1
|inactive|Lego Darth Malgus has 30 seconds left.
|inactive|Rock slap has 30 seconds left.
|
|t:|1756955084
|switch|p2b: Incineroar|Incineroar, L50, M|100/100
|-ability|p2b: Incineroar|Intimidate|boost
|-unboost|p1a: Rillaboom|atk|1
|-unboost|p1b: Volcarona|atk|1
|move|p1a: Rillaboom|Fake Out|p2a: Electabuzz
|-damage|p2a: Electabuzz|92/100
|cant|p2a: Electabuzz|flinch
|move|p1b: Volcarona|Quiver Dance|p1b: Volcarona
|-boost|p1b: Volcarona|spa|1
|-boost|p1b: Volcarona|spd|1
|-boost|p1b: Volcarona|spe|1
|
|-heal|p2a: Electabuzz|97/100|[from] Grassy Terrain
|upkeep
|turn|2
|inactive|Rock slap has 30 seconds left.
|
|t:|1756955111
|switch|p1a: Excadrill|Excadrill, L50, F, shiny|100/100
|move|p1b: Volcarona|Protect|p1b: Volcarona
|-singleturn|p1b: Volcarona|Protect
|move|p2a: Electabuzz|Electroweb|p1a: Excadrill|[spread] 
|-activate|p1b: Volcarona|move: Protect
|-immune|p1a: Excadrill
|move|p2b: Incineroar|Flare Blitz|p1b: Volcarona
|-activate|p1b: Volcarona|move: Protect
|
|-heal|p2a: Electabuzz|100/100|[from] Grassy Terrain
|upkeep
|turn|3
|
|t:|1756955124
|move|p2a: Electabuzz|Follow Me|p2a: Electabuzz
|-singleturn|p2a: Electabuzz|move: Follow Me
|move|p1b: Volcarona|Heat Wave|p2b: Incineroar|[spread] p2b
|-miss|p1b: Volcarona|p2a: Electabuzz
|-resisted|p2b: Incineroar
|-damage|p2b: Incineroar|75/100
|move|p1a: Excadrill|High Horsepower|p2a: Electabuzz
|-supereffective|p2a: Electabuzz
|-damage|p2a: Electabuzz|19/100
|move|p2b: Incineroar|Flare Blitz|p1b: Volcarona
|-damage|p1b: Volcarona|40/100
|-enditem|p1b: Volcarona|Sitrus Berry|[eat]
|-heal|p1b: Volcarona|65/100|[from] item: Sitrus Berry
|-damage|p2b: Incineroar|56/100|[from] Recoil
|
|-heal|p1b: Volcarona|71/100|[from] Grassy Terrain
|-heal|p2a: Electabuzz|25/100|[from] Grassy Terrain
|-heal|p2b: Incineroar|62/100|[from] Grassy Terrain
|upkeep
|turn|4
|inactive|Rock slap has 30 seconds left.
|inactive|Rock slap has 20 seconds left.
|inactive|Rock slap has 15 seconds left.
|
|t:|1756955165
|move|p1b: Volcarona|Protect|p1b: Volcarona
|-singleturn|p1b: Volcarona|Protect
|move|p2a: Electabuzz|Protect|p2a: Electabuzz
|-singleturn|p2a: Electabuzz|Protect
|move|p1a: Excadrill|Bulldoze|p2b: Incineroar|[spread] p2b
|-activate|p1b: Volcarona|move: Protect
|-activate|p2a: Electabuzz|move: Protect
|-supereffective|p2b: Incineroar
|-damage|p2b: Incineroar|41/100
|-unboost|p2b: Incineroar|spe|1
|move|p2b: Incineroar|Parting Shot|p1a: Excadrill
|-unboost|p1a: Excadrill|atk|1
|-unboost|p1a: Excadrill|spa|1
|inactive|Rock slap has 30 seconds left.
|
|t:|1756955194
|switch|p2b: Kommo-o|Kommo-o, L50, M, shiny|100/100|[from] Parting Shot
|
|-heal|p1b: Volcarona|77/100|[from] Grassy Terrain
|-heal|p2a: Electabuzz|31/100|[from] Grassy Terrain
|upkeep
|turn|5
|
|t:|1756955206
|move|p2a: Electabuzz|Follow Me|p2a: Electabuzz
|-singleturn|p2a: Electabuzz|move: Follow Me
|move|p1b: Volcarona|Quiver Dance|p1b: Volcarona
|-boost|p1b: Volcarona|spa|1
|-boost|p1b: Volcarona|spd|1
|-boost|p1b: Volcarona|spe|1
|move|p1a: Excadrill|High Horsepower|p2a: Electabuzz
|-supereffective|p2a: Electabuzz
|-damage|p2a: Electabuzz|0 fnt
|faint|p2a: Electabuzz
|move|p2b: Kommo-o|Clangorous Soul|p2b: Kommo-o
|-boost|p2b: Kommo-o|atk|1
|-boost|p2b: Kommo-o|def|1
|-boost|p2b: Kommo-o|spa|1
|-boost|p2b: Kommo-o|spd|1
|-boost|p2b: Kommo-o|spe|1
|-damage|p2b: Kommo-o|68/100
|-enditem|p2b: Kommo-o|Throat Spray
|-boost|p2b: Kommo-o|spa|1|[from] item: Throat Spray
|
|-heal|p1b: Volcarona|82/100|[from] Grassy Terrain
|-heal|p2b: Kommo-o|74/100|[from] Grassy Terrain
|-fieldend|move: Grassy Terrain
|upkeep
|
|t:|1756955212
|switch|p2a: Rillaboom|Rillaboom, L50, F|100/100
|-fieldstart|move: Grassy Terrain|[from] ability: Grassy Surge|[of] p2a: Rillaboom
|turn|6
|
|t:|1756955219
|move|p1b: Volcarona|Protect|p1b: Volcarona
|-singleturn|p1b: Volcarona|Protect
|move|p2a: Rillaboom|Fake Out|p1b: Volcarona
|-activate|p1b: Volcarona|move: Protect
|move|p2b: Kommo-o|Clanging Scales|p1b: Volcarona|[spread] p1a
|-activate|p1b: Volcarona|move: Protect
|-resisted|p1a: Excadrill
|-damage|p1a: Excadrill|48/100
|-unboost|p2b: Kommo-o|def|1
|move|p1a: Excadrill|Bulldoze|p2a: Rillaboom|[spread] p2a,p2b
|-activate|p1b: Volcarona|move: Protect
|-resisted|p2a: Rillaboom
|-damage|p2a: Rillaboom|97/100
|-damage|p2b: Kommo-o|66/100
|-unboost|p2a: Rillaboom|spe|1
|-unboost|p2b: Kommo-o|spe|1
|
|-heal|p1b: Volcarona|88/100|[from] Grassy Terrain
|-heal|p1a: Excadrill|54/100|[from] Grassy Terrain
|-heal|p2b: Kommo-o|72/100|[from] Grassy Terrain
|-heal|p2a: Rillaboom|100/100|[from] Grassy Terrain
|upkeep
|turn|7
|inactive|Rock slap has 30 seconds left.
|
|t:|1756955247
|switch|p1a: Rillaboom|Rillaboom, L50, M, shiny|100/100
|-terastallize|p1b: Volcarona|Fairy
|-terastallize|p2a: Rillaboom|Fire
|move|p1b: Volcarona|Heat Wave|p2a: Rillaboom|[spread] p2a
|-miss|p1b: Volcarona|p2b: Kommo-o
|-resisted|p2a: Rillaboom
|-damage|p2a: Rillaboom|78/100
|move|p2b: Kommo-o|Clanging Scales|p1a: Rillaboom|[spread] p1a
|-immune|p1b: Volcarona
|-damage|p1a: Rillaboom|0 fnt
|faint|p1a: Rillaboom
|-unboost|p2b: Kommo-o|def|1
|move|p2a: Rillaboom|High Horsepower|p1b: Volcarona
|-damage|p1b: Volcarona|52/100
|
|-heal|p1b: Volcarona|57/100|[from] Grassy Terrain
|-heal|p2b: Kommo-o|78/100|[from] Grassy Terrain
|-heal|p2a: Rillaboom|84/100|[from] Grassy Terrain
|upkeep
|
|t:|1756955254
|switch|p1a: Tyranitar|Tyranitar, L50, F|100/100
|-weather|Sandstorm|[from] ability: Sand Stream|[of] p1a: Tyranitar
|turn|8
|
|t:|1756955277
|move|p2b: Kommo-o|Protect|p2b: Kommo-o
|-singleturn|p2b: Kommo-o|Protect
|move|p2a: Rillaboom|Grassy Glide|p1b: Volcarona
|-damage|p1b: Volcarona|14/100
|move|p1b: Volcarona|Tera Blast|p2b: Kommo-o|[anim] Tera Blast Fairy
|-activate|p2b: Kommo-o|move: Protect
|move|p1a: Tyranitar|Rock Slide|p2b: Kommo-o|[spread] p2a
|-activate|p2b: Kommo-o|move: Protect
|-supereffective|p2a: Rillaboom
|-damage|p2a: Rillaboom|30/100
|
|-weather|Sandstorm|[upkeep]
|-damage|p1b: Volcarona|8/100|[from] Sandstorm
|-damage|p2b: Kommo-o|72/100|[from] Sandstorm
|-damage|p2a: Rillaboom|25/100|[from] Sandstorm
|-heal|p1b: Volcarona|14/100|[from] Grassy Terrain
|-heal|p2b: Kommo-o|78/100|[from] Grassy Terrain
|-heal|p2a: Rillaboom|30/100|[from] Grassy Terrain
|upkeep
|turn|9
|
|t:|1756955293
|move|p1b: Volcarona|Protect|p1b: Volcarona
|-singleturn|p1b: Volcarona|Protect
|move|p2a: Rillaboom|Grassy Glide|p1b: Volcarona
|-activate|p1b: Volcarona|move: Protect
|move|p1a: Tyranitar|Rock Slide|p2a: Rillaboom|[spread] p2a,p2b
|-supereffective|p2a: Rillaboom
|-resisted|p2b: Kommo-o
|-damage|p2a: Rillaboom|0 fnt
|-damage|p2b: Kommo-o|55/100
|faint|p2a: Rillaboom
|cant|p2b: Kommo-o|flinch
|
|-weather|Sandstorm|[upkeep]
|-damage|p1b: Volcarona|8/100|[from] Sandstorm
|-damage|p2b: Kommo-o|49/100|[from] Sandstorm
|-heal|p1b: Volcarona|14/100|[from] Grassy Terrain
|-heal|p2b: Kommo-o|55/100|[from] Grassy Terrain
|upkeep
|
|t:|1756955298
|switch|p2a: Incineroar|Incineroar, L50, M|41/100
|-ability|p2a: Incineroar|Intimidate|boost
|-unboost|p1a: Tyranitar|atk|1
|-unboost|p1b: Volcarona|atk|1
|turn|10
|
|t:|1756955309
|move|p1b: Volcarona|Protect|p1b: Volcarona
|-singleturn|p1b: Volcarona|Protect
|move|p2a: Incineroar|Fake Out|p1b: Volcarona
|-activate|p1b: Volcarona|move: Protect
|move|p1a: Tyranitar|Rock Slide|p2a: Incineroar|[spread] p2b
|-miss|p1a: Tyranitar|p2a: Incineroar
|-resisted|p2b: Kommo-o
|-damage|p2b: Kommo-o|41/100
|move|p2b: Kommo-o|Flash Cannon|p1b: Volcarona
|-activate|p1b: Volcarona|move: Protect
|
|-weather|Sandstorm|[upkeep]
|-damage|p1b: Volcarona|8/100|[from] Sandstorm
|-damage|p2b: Kommo-o|35/100|[from] Sandstorm
|-heal|p1b: Volcarona|14/100|[from] Grassy Terrain
|-heal|p2b: Kommo-o|41/100|[from] Grassy Terrain
|-heal|p2a: Incineroar|47/100|[from] Grassy Terrain
|-fieldend|move: Grassy Terrain
|upkeep
|turn|11
|-message|Rock slap forfeited.
|
|win|Lego Darth Malgus
|l|☆Rock slap
|player|p2|
|raw|Lego Darth Malgus's rating: 1237 → 1266(+29 for winning)
|raw|Rock slap's rating: 1295 → 1266(-29 for losing)
