|j|☆eviovulpix
|j|☆new mental
|html|eviovulpixnew mental    
|uhtml|bestof|Game 1 of a best-of-3
|t:|1784289533
|gametype|doubles
|player|p1|eviovulpix|2|1324
|player|p2|new mental|volkner|1237
|gen|9
|tier|[Gen 9 Champions] VGC 2026 Reg M-B (Bo3)
|rated|
|rule|Species Clause: Limit one of each Pokémon
|rule|Item Clause: Limit 1 of each item
|clearpoke
|poke|p1|Altaria, L50, F|
|poke|p1|Annihilape, L50, F|
|poke|p1|Floette-Eternal, L50, F|
|poke|p1|Sneasler, L50, F|
|poke|p1|Kingambit, L50, F|
|poke|p1|Maushold, L50|
|poke|p2|Charizard, L50, M|
|poke|p2|Kingambit, L50, F|
|poke|p2|Sylveon, L50, M|
|poke|p2|Garchomp, L50, F|
|poke|p2|Aerodactyl, L50, M|
|poke|p2|Farigiraf, L50, M|
|teampreview|4
|showteam|p1|Altaria||SitrusBerry|CloudNine|Tailwind,WillOWisp,DracoMeteor,Roost|Bold||F|||50|]Annihilape||PayapaBerry|Defiant|CloseCombat,PhantomForce,Taunt,Protect|Jolly||F|||50|]Floette-Eternal||Floettite|FlowerVeil|Moonblast,Protect,LightofRuin,DazzlingGleam|Modest||F|||50|]Sneasler||FocusSash|Unburden|FakeOut,CloseCombat,DireClaw,Protect|Jolly||F|||50|]Kingambit||LifeOrb|Defiant|KowtowCleave,SuckerPunch,IronHead,Protect|Adamant||F|||50|]Maushold||ChopleBerry|FriendGuard|SuperFang,FollowMe,Feint,Protect|Jolly|||||50|
|showteam|p2|Charizard||CharizarditeY|SolarPower|Protect,HeatWave,SolarBeam,WeatherBall|Modest||M|||50|]Kingambit||FocusSash|Defiant|IronHead,SuckerPunch,KowtowCleave,LowKick|Adamant||F|||50|]Sylveon||FairyFeather|Pixilate|Detect,HyperVoice,HyperBeam,QuickAttack|Modest||M|||50|]Garchomp||LifeOrb|RoughSkin|Protect,DragonClaw,Earthquake,RockSlide|Jolly||F|||50|]Aerodactyl||Aerodactylite|Unnerve|IceFang,RockSlide,Tailwind,DualWingbeat|Jolly||M|||50|]Farigiraf||SitrusBerry|ArmorTail|TrickRoom,Psychic,Thunderbolt,Roar|Bold||M|||50|
|inactive|Battle timer is ON: inactive players will automatically lose when time's up. (requested by new mental)
|
|t:|1784289581
|teamsize|p1|4
|teamsize|p2|4
|start
|switch|p1a: Annihilape|Annihilape, L50, F|100/100
|switch|p1b: Altaria|Altaria, L50, F|100/100
|switch|p2a: Sylveon|Sylveon, L50, M|100/100
|switch|p2b: Farigiraf|Farigiraf, L50, M|100/100
|-ability|p1b: Altaria|Cloud Nine
|turn|1
|
|t:|1784289598
|switch|p1b: Sneasler|Sneasler, L50, F|100/100
|move|p1a: Annihilape|Taunt|p2b: Farigiraf
|-start|p2b: Farigiraf|move: Taunt
|move|p2a: Sylveon|Hyper Voice|p1b: Sneasler|[spread] p1a,p1b
|-supereffective|p1a: Annihilape|1
|-damage|p1a: Annihilape|12/100
|-damage|p1b: Sneasler|40/100
|cant|p2b: Farigiraf|move: Taunt|Trick Room
|
|upkeep
|turn|2
|
|t:|1784289619
|switch|p1a: Floette|Floette-Eternal, L50, F|100/100
|move|p2a: Sylveon|Quick Attack|p1a: Floette
|-damage|p1a: Floette|83/100
|move|p1b: Sneasler|Close Combat|p2b: Farigiraf
|-damage|p2b: Farigiraf|50/100g
|-unboost|p1b: Sneasler|def|1
|-unboost|p1b: Sneasler|spd|1
|move|p2b: Farigiraf|Psychic|p1b: Sneasler
|-supereffective|p1b: Sneasler|2
|-damage|p1b: Sneasler|0 fnt
|faint|p1b: Sneasler
|
|upkeep
|
|t:|1784289635
|switch|p1b: Annihilape|Annihilape, L50, F|12/100
|turn|3
|
|t:|1784289643
|detailschange|p1a: Floette|Floette-Mega, L50, F
|-mega|p1a: Floette|Floette|Floettite
|-ability|p1a: Floette|Fairy Aura
|move|p1b: Annihilape|Phantom Force||[still]
|-prepare|p1b: Annihilape|Phantom Force
|move|p1a: Floette|Dazzling Gleam|p2b: Farigiraf|[spread] p2a,p2b
|-damage|p2a: Sylveon|67/100
|-damage|p2b: Farigiraf|8/100
|-enditem|p2b: Farigiraf|Sitrus Berry|[eat]
|-heal|p2b: Farigiraf|33/100|[from] item: Sitrus Berry
|move|p2a: Sylveon|Hyper Voice|p1b: Annihilape|[spread] p1a
|-miss|p2a: Sylveon|p1b: Annihilape
|-damage|p1a: Floette|36/100
|move|p2b: Farigiraf|Psychic|p1b: Annihilape|[miss]
|-miss|p2b: Farigiraf|p1b: Annihilape
|
|-end|p2b: Farigiraf|move: Taunt
|upkeep
|turn|4
|inactive|new mental has 30 seconds left.
|inactive|new mental has 20 seconds left.
|inactive|new mental has 15 seconds left.
|
|t:|1784289685
|move|p2a: Sylveon|Detect|p2a: Sylveon
|-singleturn|p2a: Sylveon|Protect
|move|p1b: Annihilape|Phantom Force|p2a: Sylveon|[from] lockedmove
|-activate|p2a: Sylveon|move: Phantom Force|[broken]
|-damage|p2a: Sylveon|22/100
|move|p1a: Floette|Dazzling Gleam|p2a: Sylveon|[spread] p2a,p2b
|-damage|p2a: Sylveon|0 fnt
|-damage|p2b: Farigiraf|0 fnt
|faint|p2a: Sylveon
|faint|p2b: Farigiraf
|
|upkeep
|
|t:|1784289693
|switch|p2a: Charizard|Charizard, L50, M|100/100
|switch|p2b: Garchomp|Garchomp, L50, F|100/100
|turn|5
|
|t:|1784289710
|switch|p1b: Altaria|Altaria, L50, F|100/100
|-ability|p1b: Altaria|Cloud Nine
|detailschange|p2a: Charizard|Charizard-Mega-Y, L50, M
|-mega|p2a: Charizard|Charizard|Charizardite Y
|-weather|SunnyDay|[from] ability: Drought|[of] p2a: Charizard
|move|p1a: Floette|Protect|p1a: Floette
|-singleturn|p1a: Floette|Protect
|move|p2b: Garchomp|Earthquake|p1a: Floette|[spread] 
|-activate|p1a: Floette|move: Protect
|-immune|p2a: Charizard
|-immune|p1b: Altaria
|move|p2a: Charizard|Heat Wave|p1b: Altaria|[spread] p1b
|-activate|p1a: Floette|move: Protect
|-resisted|p1b: Altaria|1
|-damage|p1b: Altaria|81/100
|-status|p1b: Altaria|brn
|
|-weather|SunnyDay|[upkeep]
|-damage|p1b: Altaria|75/100 brn|[from] brn
|upkeep
|turn|6
|inactive|new mental has 30 seconds left.
|inactive|new mental has 20 seconds left.
|inactive|new mental has 15 seconds left.
|
|t:|1784289751
|switch|p1a: Annihilape|Annihilape, L50, F|12/100
|move|p2b: Garchomp|Earthquake|p1a: Annihilape|[spread] p1a
|-immune|p2a: Charizard
|-immune|p1b: Altaria
|-damage|p1a: Annihilape|0 fnt
|faint|p1a: Annihilape
|-damage|p2b: Garchomp|90/100|[from] item: Life Orb
|move|p2a: Charizard|Heat Wave|p1b: Altaria
|-resisted|p1b: Altaria|1
|-damage|p1b: Altaria|50/100g brn
|move|p1b: Altaria|Tailwind|p1b: Altaria
|-sidestart|p1: eviovulpix|move: Tailwind
|
|-weather|SunnyDay|[upkeep]
|-damage|p1b: Altaria|44/100 brn|[from] brn
|upkeep
|-enditem|p1b: Altaria|Sitrus Berry|[eat]
|-heal|p1b: Altaria|69/100 brn|[from] item: Sitrus Berry
|
|t:|1784289768
|switch|p1a: Floette|Floette-Mega, L50, F|36/100
|-ability|p1a: Floette|Fairy Aura
|turn|7
|
|t:|1784289780
|move|p2b: Garchomp|Protect|p2b: Garchomp
|-singleturn|p2b: Garchomp|Protect
|move|p1a: Floette|Light of Ruin|p2a: Charizard
|-resisted|p2a: Charizard|1
|-damage|p2a: Charizard|53/100
|-damage|p1a: Floette|10/100|[from] Recoil
|move|p1b: Altaria|Draco Meteor|p2a: Charizard
|-damage|p2a: Charizard|25/100
|-unboost|p1b: Altaria|spa|2
|move|p2a: Charizard|Heat Wave|p1b: Altaria|[spread] p1a,p1b
|-resisted|p1b: Altaria|1
|-damage|p1a: Floette|0 fnt
|-damage|p1b: Altaria|50/100y brn
|faint|p1a: Floette
|
|-weather|SunnyDay|[upkeep]
|-damage|p1b: Altaria|43/100 brn|[from] brn
|upkeep
|turn|8
|
|t:|1784289796
|move|p1b: Altaria|Draco Meteor|p2b: Garchomp|[miss]
|-miss|p1b: Altaria|p2b: Garchomp
|move|p2b: Garchomp|Dragon Claw|p1b: Altaria
|-supereffective|p1b: Altaria|1
|-damage|p1b: Altaria|0 fnt
|faint|p1b: Altaria
|-damage|p2b: Garchomp|80/100|[from] item: Life Orb
|
|win|new mental
