|j|☆SuperPokeVGC
|j|☆VermillionAcademy
|html|SuperPokeVGCVermillionAcademy    
|uhtml|bestof|Game 1 of a best-of-3
|t:|1756412305
|gametype|doubles
|player|p1|SuperPokeVGC|ltsurge|1161
|player|p2|VermillionAcademy|266|1060
|gen|9
|tier|[Gen 9] VGC 2025 Reg H (Bo3)
|rated|
|rule|Species Clause: Limit one of each Pokémon
|rule|Item Clause: Limit 1 of each item
|clearpoke
|poke|p1|Tyranitar, L50, M|
|poke|p1|Garchomp, L50, F|
|poke|p1|Gholdengo, L50|
|poke|p1|Sinistcha, L50|
|poke|p1|Yanmega, L50, M|
|poke|p1|Arcanine, L50, M|
|poke|p2|Indeedee, L50, M|
|poke|p2|Sneasler, L50, F|
|poke|p2|Ninetales-Alola, L50, M|
|poke|p2|Basculegion, L50, M|
|poke|p2|Kilowattrel, L50, M|
|poke|p2|Ursaluna-Bloodmoon, L50, M|
|teampreview|4
|showteam|p1|Tyranitar||LifeOrb|SandStream|KnockOff,RockSlide,TeraBlast,Protect|||M|||50|,,,,,Flying]Garchomp||ClearAmulet|SandVeil|DragonClaw,StompingTantrum,Earthquake,Protect|||F|||50|,,,,,Fire]Gholdengo||Leftovers|GoodasGold|MakeItRain,ShadowBall,NastyPlot,Protect||||||50|,,,,,Water]Sinistcha||SitrusBerry|Hospitality|RagePowder,MatchaGotcha,TrickRoom,Protect||||||50|,,,,,Water]Yanmega||FocusSash|SpeedBoost|Tailwind,AirSlash,BugBuzz,Detect|||M|||50|,,,,,Ghost]Arcanine||MirrorHerb|Intimidate|ExtremeSpeed,FlareBlitz,WillOWisp,Protect|||M|||50|,,,,,Normal
|showteam|p2|Indeedee||TwistedSpoon|PsychicSurge|ExpandingForce,DazzlingGleam,Imprison,TrickRoom|||M|||50|,,,,,Fairy]Sneasler||PsychicSeed|Unburden|DireClaw,CloseCombat,ThroatChop,Protect|||F|||50|,,,,,Dark]Ninetales-Alola||LifeOrb|SnowWarning|Blizzard,FreezeDry,Encore,Protect|||M|||50|,,,,,Ghost]Basculegion||ChoiceScarf|Adaptability|WaveCrash,LastRespects,AquaJet,FlipTurn|||M|||50|,,,,,Grass]Kilowattrel||FocusSash|Competitive|Thunderbolt,AirSlash,Tailwind,Protect|||M|||50|,,,,,Ghost]Ursaluna-Bloodmoon||AssaultVest|MindsEye|BloodMoon,HyperVoice,EarthPower,VacuumWave|||M|||50|,,,,,Water
|inactive|Battle timer is ON: inactive players will automatically lose when time's up. (requested by SuperPokeVGC)
|inactive|SuperPokeVGC has 60 seconds left.
|inactive|VermillionAcademy has 60 seconds left.
|inactive|VermillionAcademy has 30 seconds left.
|inactive|VermillionAcademy has 20 seconds left.
|
|t:|1756412377
|teamsize|p1|4
|teamsize|p2|4
|start
|switch|p1a: Yanmega|Yanmega, L50, M, shiny|100/100
|switch|p1b: Garchomp|Garchomp, L50, F|100/100
|switch|p2a: Kilowattrel|Kilowattrel, L50, M|100/100
|switch|p2b: Ursaluna|Ursaluna-Bloodmoon, L50, M|100/100
|turn|1
|inactive|SuperPokeVGC has 30 seconds left.
|inactive|SuperPokeVGC has 20 seconds left.
|inactive|SuperPokeVGC has 15 seconds left.
|inactive|SuperPokeVGC has 10 seconds left.
|
|t:|1756412427
|move|p1b: Garchomp|Protect|p1b: Garchomp
|-singleturn|p1b: Garchomp|Protect
|move|p1a: Yanmega|Detect|p1a: Yanmega
|-singleturn|p1a: Yanmega|Protect
|move|p2a: Kilowattrel|Tailwind|p2a: Kilowattrel
|-sidestart|p2: VermillionAcademy|move: Tailwind
|move|p2b: Ursaluna|Hyper Voice|p1b: Garchomp|[spread] 
|-activate|p1a: Yanmega|move: Protect
|-activate|p1b: Garchomp|move: Protect
|
|-ability|p1a: Yanmega|Speed Boost|boost
|-boost|p1a: Yanmega|spe|1
|upkeep
|turn|2
|inactive|SuperPokeVGC has 30 seconds left.
|inactive|VermillionAcademy has 30 seconds left.
|inactive|SuperPokeVGC has 20 seconds left.
|
|t:|1756412467
|move|p2a: Kilowattrel|Air Slash|p1b: Garchomp
|-damage|p1b: Garchomp|64/100
|move|p1a: Yanmega|Tailwind|p1a: Yanmega
|-sidestart|p1: SuperPokeVGC|move: Tailwind
|move|p1b: Garchomp|Dragon Claw|p2a: Kilowattrel
|-damage|p2a: Kilowattrel|27/100
|move|p2b: Ursaluna|Blood Moon|p1b: Garchomp
|-damage|p1b: Garchomp|0 fnt
|faint|p1b: Garchomp
|
|-ability|p1a: Yanmega|Speed Boost|boost
|-boost|p1a: Yanmega|spe|1
|upkeep
|
|t:|1756412480
|switch|p1b: Gholdengo|Gholdengo, L50|100/100
|turn|3
|inactive|VermillionAcademy has 30 seconds left.
|inactive|VermillionAcademy has 20 seconds left.
|
|t:|1756412518
|-terastallize|p1b: Gholdengo|Water
|move|p1a: Yanmega|Air Slash|p2a: Kilowattrel
|-resisted|p2a: Kilowattrel
|-damage|p2a: Kilowattrel|0 fnt
|faint|p2a: Kilowattrel
|move|p1b: Gholdengo|Nasty Plot|p1b: Gholdengo
|-boost|p1b: Gholdengo|spa|2
|move|p2b: Ursaluna|Hyper Voice|p1b: Gholdengo|[spread] p1a,p1b
|-damage|p1a: Yanmega|39/100
|-damage|p1b: Gholdengo|64/100
|
|-heal|p1b: Gholdengo|70/100|[from] item: Leftovers
|-ability|p1a: Yanmega|Speed Boost|boost
|-boost|p1a: Yanmega|spe|1
|upkeep
|inactive|VermillionAcademy has 30 seconds left.
|inactive|VermillionAcademy has 20 seconds left.
|inactive|VermillionAcademy has 15 seconds left.
|
|t:|1756412559
|switch|p2a: Indeedee|Indeedee, L50, M|100/100
|-fieldstart|move: Psychic Terrain|[from] ability: Psychic Surge|[of] p2a: Indeedee
|turn|4
|inactive|SuperPokeVGC has 30 seconds left.
|inactive|SuperPokeVGC has 20 seconds left.
|inactive|SuperPokeVGC has 15 seconds left.
|inactive|SuperPokeVGC has 10 seconds left.
|inactive|SuperPokeVGC has 5 seconds left.
|
|t:|1756412610
|move|p1a: Yanmega|Bug Buzz|p2b: Ursaluna
|-damage|p2b: Ursaluna|67/100
|-unboost|p2b: Ursaluna|spd|1
|move|p2a: Indeedee|Expanding Force|p1b: Gholdengo|[spread] p1a,p1b
|-damage|p1a: Yanmega|0 fnt
|-damage|p1b: Gholdengo|11/100
|faint|p1a: Yanmega
|move|p1b: Gholdengo|Make It Rain|p2a: Indeedee|[spread] p2a,p2b
|-damage|p2a: Indeedee|0 fnt
|-damage|p2b: Ursaluna|0 fnt
|-unboost|p1b: Gholdengo|spa|1
|faint|p2a: Indeedee
|faint|p2b: Ursaluna
|
|-heal|p1b: Gholdengo|17/100|[from] item: Leftovers
|-sideend|p2: VermillionAcademy|move: Tailwind
|upkeep
|
|t:|1756412631
|switch|p1a: Sinistcha|Sinistcha, L50|100/100
|switch|p2b: Sneasler|Sneasler, L50, F|100/100
|-enditem|p2b: Sneasler|Psychic Seed
|-boost|p2b: Sneasler|spd|1|[from] item: Psychic Seed
|-heal|p1b: Gholdengo|42/100|[from] ability: Hospitality|[of] p1a: Sinistcha
|turn|5
|
|t:|1756412654
|-terastallize|p2b: Sneasler|Dark
|move|p1b: Gholdengo|Protect|p1b: Gholdengo
|-singleturn|p1b: Gholdengo|Protect
|move|p2b: Sneasler|Throat Chop|p1a: Sinistcha
|-supereffective|p1a: Sinistcha
|-damage|p1a: Sinistcha|25/100
|-start|p1a: Sinistcha|Throat Chop|[silent]
|-enditem|p1a: Sinistcha|Sitrus Berry|[eat]
|-heal|p1a: Sinistcha|50/100|[from] item: Sitrus Berry
|move|p1a: Sinistcha|Trick Room|p1a: Sinistcha
|-fieldstart|move: Trick Room|[of] p1a: Sinistcha
|
|-heal|p1b: Gholdengo|48/100|[from] item: Leftovers
|-sideend|p1: SuperPokeVGC|move: Tailwind
|upkeep
|turn|6
|
|t:|1756412672
|move|p1a: Sinistcha|Matcha Gotcha|p2b: Sneasler
|-damage|p2b: Sneasler|71/100
|-heal|p1a: Sinistcha|63/100|[from] drain|[of] p2b: Sneasler
|-status|p2b: Sneasler|brn
|move|p1b: Gholdengo|Make It Rain|p2b: Sneasler
|-damage|p2b: Sneasler|0 fnt
|-unboost|p1b: Gholdengo|spa|1
|faint|p2b: Sneasler
|
|win|SuperPokeVGC
||VermillionAcademy is ready for game 2.
|inactive|SuperPokeVGC has 30 seconds to confirm battle start!
||SuperPokeVGC is ready for game 2.
|uhtml|next|Next: Game 2 of 3
