|j|☆extreme90
|j|☆Voltx5
|html|extreme90Voltx5    
|uhtml|bestof|Game 2 of a best-of-3
|t:|1786144654
|gametype|doubles
|player|p1|extreme90|firebreather|1121
|player|p2|Voltx5|2|1098
|gen|9
|tier|[Gen 9 Champions] VGC 2026 Reg M-B (Bo3)
|rated|
|rule|Species Clause: Limit one of each Pokémon
|rule|Item Clause: Limit 1 of each item
|clearpoke
|poke|p1|Delphox, L50, F|
|poke|p1|Blastoise, L50, M|
|poke|p1|Sinistcha, L50|
|poke|p1|Kingambit, L50, F|
|poke|p1|Incineroar, L50, F|
|poke|p1|Sneasler, L50, F|
|poke|p2|Sableye, L50, M|
|poke|p2|Krookodile, L50, M|
|poke|p2|Sneasler, L50, M|
|poke|p2|Staraptor, L50, M|
|poke|p2|Raichu, L50, M|
|poke|p2|Milotic, L50, M|
|teampreview|4
|showteam|p1|Delphox||Delphoxite|Blaze|NastyPlot,HeatWave,Psychic,Protect|Timid||F|||50|]Blastoise||Blastoisinite|Torrent|WaterSpout,DarkPulse,ShellSmash,Protect|Modest||M|||50|]Sinistcha||ColburBerry|Hospitality|MatchaGotcha,TrickRoom,Protect,RagePowder|Bold|||||50|]Kingambit||LifeOrb|Defiant|SuckerPunch,KowtowCleave,SwordsDance,Protect|Adamant||F|||50|]Incineroar||SitrusBerry|Intimidate|FlareBlitz,PartingShot,ThroatChop,FakeOut|Careful||F|||50|]Sneasler||FocusSash|Unburden|FakeOut,DireClaw,CloseCombat,QuickGuard|Jolly||F|||50|
|showteam|p2|Sableye||IronBall|Prankster|Trick,PainSplit,Quash,FakeOut|Sassy||M|||50|]Krookodile||ChoiceScarf|Moxie|Earthquake,StompingTantrum,ThroatChop,RockSlide|Adamant||M|||50|]Sneasler||WhiteHerb|Unburden|FakeOut,CloseCombat,DireClaw,Acrobatics|Jolly||M|||50|]Staraptor||Staraptite|Intimidate|Protect,CloseCombat,BraveBird,Roost|Adamant||M|||50|]Raichu||RaichuniteY|LightningRod|Protect,ZapCannon,FocusBlast,ThunderWave|Timid||M|||50|]Milotic||Leftovers|Competitive|Protect,Scald,IceBeam,Recover|Bold||M|||50|
|
|t:|1786144703
|teamsize|p1|4
|teamsize|p2|4
|start
|switch|p1a: Sneasler|Sneasler, L50, F|100/100
|switch|p1b: Sinistcha|Sinistcha, L50|100/100
|switch|p2a: Staraptor|Staraptor, L50, M|100/100
|switch|p2b: Milotic|Milotic, L50, M|100/100
|-ability|p2a: Staraptor|Intimidate|boost
|-unboost|p1a: Sneasler|atk|1
|-unboost|p1b: Sinistcha|atk|1
|turn|1
|
|t:|1786144726
|detailschange|p2a: Staraptor|Staraptor-Mega, L50, M
|-mega|p2a: Staraptor|Staraptor|Staraptite
|move|p2a: Staraptor|Protect|p2a: Staraptor
|-singleturn|p2a: Staraptor|Protect
|move|p2b: Milotic|Protect|p2b: Milotic
|-singleturn|p2b: Milotic|Protect
|move|p1a: Sneasler|Fake Out|p2b: Milotic
|-activate|p2b: Milotic|move: Protect
|move|p1b: Sinistcha|Matcha Gotcha|p2a: Staraptor|[spread] 
|-activate|p2a: Staraptor|move: Protect
|-activate|p2b: Milotic|move: Protect
|
|upkeep
|turn|2
|
|t:|1786144748
|move|p1b: Sinistcha|Protect|p1b: Sinistcha
|-singleturn|p1b: Sinistcha|Protect
|move|p1a: Sneasler|Dire Claw|p2a: Staraptor
|-damage|p2a: Staraptor|77/100
|move|p2a: Staraptor|Brave Bird|p1b: Sinistcha
|-activate|p1b: Sinistcha|move: Protect
|move|p2b: Milotic|Ice Beam|p1b: Sinistcha
|-activate|p1b: Sinistcha|move: Protect
|
|upkeep
|turn|3
|
|t:|1786144766
|switch|p1b: Incineroar|Incineroar, L50, F|100/100
|-ability|p1b: Incineroar|Intimidate|boost
|-boost|p2a: Staraptor|atk|1
|-unboost|p2b: Milotic|atk|1
|-ability|p2b: Milotic|Competitive|boost
|-boost|p2b: Milotic|spa|2
|move|p1a: Sneasler|Dire Claw|p2a: Staraptor
|-damage|p2a: Staraptor|52/100
|-status|p2a: Staraptor|slp
|cant|p2a: Staraptor|slp
|move|p2b: Milotic|Ice Beam|p1b: Incineroar
|-resisted|p1b: Incineroar|1
|-damage|p1b: Incineroar|81/100
|
|upkeep
|turn|4
|
|t:|1786144786
|move|p2b: Milotic|Protect|p2b: Milotic
|-singleturn|p2b: Milotic|Protect
|move|p1a: Sneasler|Dire Claw|p2b: Milotic
|-activate|p2b: Milotic|move: Protect
|cant|p2a: Staraptor|slp
|move|p1b: Incineroar|Flare Blitz|p2a: Staraptor
|-damage|p2a: Staraptor|11/100 slp
|-damage|p1b: Incineroar|70/100|[from] Recoil
|
|upkeep
|turn|5
|
|t:|1786144812
|-curestatus|p2a: Staraptor|slp|[msg]
|move|p2a: Staraptor|Protect|p2a: Staraptor
|-singleturn|p2a: Staraptor|Protect
|move|p1a: Sneasler|Dire Claw|p2a: Staraptor
|-activate|p2a: Staraptor|move: Protect
|move|p2b: Milotic|Scald|p1b: Incineroar
|-supereffective|p1b: Incineroar|1
|-damage|p1b: Incineroar|0 fnt
|faint|p1b: Incineroar
|
|upkeep
|
|t:|1786144822
|switch|p1b: Sinistcha|Sinistcha, L50|100/100
|turn|6
|
|t:|1786144855
|move|p1b: Sinistcha|Protect|p1b: Sinistcha
|-singleturn|p1b: Sinistcha|Protect
|move|p1a: Sneasler|Dire Claw|p2a: Staraptor
|-damage|p2a: Staraptor|0 fnt
|faint|p2a: Staraptor
|move|p2b: Milotic|Scald|p1a: Sneasler
|-enditem|p1a: Sneasler|Focus Sash
|-damage|p1a: Sneasler|1/100
|-status|p1a: Sneasler|brn
|
|-damage|p1a: Sneasler|0 fnt|[from] brn
|faint|p1a: Sneasler
|upkeep
|
|t:|1786144869
|switch|p1a: Blastoise|Blastoise, L50, M|100/100
|switch|p2a: Krookodile|Krookodile, L50, M|100/100
|turn|7
|
|t:|1786144905
|detailschange|p1a: Blastoise|Blastoise-Mega, L50, M
|-mega|p1a: Blastoise|Blastoise|Blastoisinite
|move|p2a: Krookodile|Earthquake|p1a: Blastoise|[spread] p2b,p1a,p1b
|-resisted|p1b: Sinistcha|1
|-damage|p2b: Milotic|66/100
|-damage|p1a: Blastoise|57/100
|-damage|p1b: Sinistcha|85/100
|move|p1a: Blastoise|Shell Smash|p1a: Blastoise
|-unboost|p1a: Blastoise|def|1
|-unboost|p1a: Blastoise|spd|1
|-boost|p1a: Blastoise|atk|2
|-boost|p1a: Blastoise|spa|2
|-boost|p1a: Blastoise|spe|2
|move|p2b: Milotic|Ice Beam|p1a: Blastoise
|-resisted|p1a: Blastoise|1
|-damage|p1a: Blastoise|19/100
|move|p1b: Sinistcha|Matcha Gotcha|p2a: Krookodile|[spread] p2a,p2b
|-supereffective|p2a: Krookodile|1
|-supereffective|p2b: Milotic|1
|-damage|p2a: Krookodile|36/100
|-heal|p1b: Sinistcha|100/100|[from] drain|[of] p2a: Krookodile
|-damage|p2b: Milotic|21/100
|
|-heal|p2b: Milotic|27/100|[from] item: Leftovers
|upkeep
|turn|8
|
|t:|1786144925
|move|p1a: Blastoise|Protect|p1a: Blastoise
|-singleturn|p1a: Blastoise|Protect
|move|p2b: Milotic|Protect|p2b: Milotic
|-singleturn|p2b: Milotic|Protect
|move|p2a: Krookodile|Earthquake|p1a: Blastoise|[spread] p1b
|-activate|p2b: Milotic|move: Protect
|-activate|p1a: Blastoise|move: Protect
|-resisted|p1b: Sinistcha|1
|-damage|p1b: Sinistcha|85/100
|move|p1b: Sinistcha|Matcha Gotcha|p2a: Krookodile|[spread] 
|-activate|p2b: Milotic|move: Protect
|-miss|p1b: Sinistcha|p2a: Krookodile
|
|-heal|p2b: Milotic|33/100|[from] item: Leftovers
|upkeep
|turn|9
|
|t:|1786144945
|move|p1a: Blastoise|Water Spout|p2a: Krookodile|[spread] p2a,p2b
|-supereffective|p2a: Krookodile|1
|-resisted|p2b: Milotic|1
|-crit|p2b: Milotic
|-damage|p2a: Krookodile|0 fnt
|-damage|p2b: Milotic|17/100
|faint|p2a: Krookodile
|move|p2b: Milotic|Ice Beam|p1b: Sinistcha
|-supereffective|p1b: Sinistcha|1
|-damage|p1b: Sinistcha|0 fnt
|faint|p1b: Sinistcha
|
|-heal|p2b: Milotic|23/100|[from] item: Leftovers
|upkeep
|
|t:|1786144949
|switch|p2a: Sneasler|Sneasler, L50, M|100/100
|turn|10
|
|t:|1786144966
|move|p1a: Blastoise|Water Spout|p2a: Sneasler|[spread] p2a,p2b
|-resisted|p2b: Milotic|1
|-damage|p2a: Sneasler|63/100
|-damage|p2b: Milotic|12/100
|move|p2a: Sneasler|Dire Claw|p1a: Blastoise
|-damage|p1a: Blastoise|0 fnt
|faint|p1a: Blastoise
|
|win|Voltx5
|raw|extreme90's rating: 1121 → 1094(-27 for losing)
|raw|Voltx5's rating: 1098 → 1125(+27 for winning)
