|j|☆j.arch
|j|☆Kampfstube
|html|j.archKampfstube    
|uhtml|bestof|Game 2 of a best-of-3
|t:|1757652986
|gametype|doubles
|player|p1|j.arch|blue|1152
|player|p2|Kampfstube|n|1205
|gen|9
|tier|[Gen 9] VGC 2025 Reg H (Bo3)
|rated|
|rule|Species Clause: Limit one of each Pokémon
|rule|Item Clause: Limit 1 of each item
|clearpoke
|poke|p1|Annihilape, L50, M|
|poke|p1|Pelipper, L50, M|
|poke|p1|Archaludon, L50, M|
|poke|p1|Breloom, L50, F|
|poke|p1|Farigiraf, L50, F|
|poke|p1|Incineroar, L50, M|
|poke|p2|Grimmsnarl, L50, M|
|poke|p2|Volcarona, L50, F|
|poke|p2|Annihilape, L50, M|
|poke|p2|Ursaluna-Bloodmoon, L50, M|
|poke|p2|Sneasler, L50, M|
|poke|p2|Dragonite, L50, M|
|teampreview|4
|showteam|p1|Annihilape||ChoiceScarf|Defiant|Uturn,FinalGambit,DrainPunch,RageFist|||M|||50|,,,,,Poison]Pelipper||CovertCloak|Drizzle|Tailwind,Hurricane,WeatherBall,Protect|||M|||50|,,,,,Dark]Archaludon||AssaultVest|Stamina|DragonPulse,ElectroShot,BodyPress,FlashCannon|||M|||50|,,,,,Bug]Breloom||FocusSash|Technician|Spore,MachPunch,BulletSeed,SwordsDance|||F|||50|,,,,,Ghost]Farigiraf||ThroatSpray|ArmorTail|HyperVoice,Psychic,HelpingHand,TrickRoom|||F|||50|,,,,,Fairy]Incineroar||SitrusBerry|Intimidate|KnockOff,FakeOut,FlareBlitz,PartingShot|||M|||50|,,,,,Water
|showteam|p2|Grimmsnarl||CovertCloak|Prankster|SpiritBreak,LightScreen,Reflect,ThunderWave|||M|||50|,,,,,Steel]Volcarona||SitrusBerry|FlameBody|GigaDrain,QuiverDance,FieryDance,Protect|||F|||50|,,,,,Grass]Annihilape||SafetyGoggles|Defiant|BulkUp,DrainPunch,Protect,RageFist|||M|||50|,,,,,Fire]Ursaluna-Bloodmoon||AssaultVest|MindsEye|EarthPower,BloodMoon,HyperVoice,VacuumWave|||M|||50|,,,,,Water]Sneasler||FocusSash|Unburden|FakeOut,Coaching,CloseCombat,DireClaw|||M|||50|,,,,,Ghost]Dragonite||LoadedDice|Multiscale|ScaleShot,Protect,Haze,ExtremeSpeed|||M|||50|,,,,,Steel
|inactive|Battle timer is ON: inactive players will automatically lose when time's up. (requested by Kampfstube)
|inactive|Kampfstube has 60 seconds left.
|
|t:|1757653019
|teamsize|p1|4
|teamsize|p2|4
|start
|switch|p1a: Annihilape|Annihilape, L50, M|100/100
|switch|p1b: Breloom|Breloom, L50, F|100/100
|switch|p2a: Grimmsnarl|Grimmsnarl, L50, M|100/100
|switch|p2b: Volcarona|Volcarona, L50, F, shiny|100/100
|turn|1
|inactive|Kampfstube has 30 seconds left.
|
|t:|1757653045
|switch|p2a: Annihilape|Annihilape, L50, M|100/100
|move|p1a: Annihilape|Final Gambit|p2b: Volcarona
|-damage|p2b: Volcarona|0 fnt
|faint|p1a: Annihilape
|faint|p2b: Volcarona
|move|p1b: Breloom|Spore|p2a: Annihilape
|-activate|p2a: Annihilape|item: Safety Goggles|Spore
|
|upkeep
|
|t:|1757653056
|switch|p1a: Pelipper|Pelipper, L50, M|100/100
|switch|p2b: Grimmsnarl|Grimmsnarl, L50, M|100/100
|-weather|RainDance|[from] ability: Drizzle|[of] p1a: Pelipper
|turn|2
|
|t:|1757653070
|move|p2b: Grimmsnarl|Thunder Wave|p1b: Breloom
|-status|p1b: Breloom|par
|move|p2a: Annihilape|Bulk Up|p2a: Annihilape
|-boost|p2a: Annihilape|atk|1
|-boost|p2a: Annihilape|def|1
|move|p1a: Pelipper|Tailwind|p1a: Pelipper
|-sidestart|p1: j.arch|move: Tailwind
|cant|p1b: Breloom|par
|
|-weather|RainDance|[upkeep]
|upkeep
|turn|3
|inactive|j.arch has 30 seconds left.
|
|t:|1757653101
|-terastallize|p1a: Pelipper|Dark
|move|p2b: Grimmsnarl|Light Screen|p2b: Grimmsnarl
|-sidestart|p2: Kampfstube|move: Light Screen
|move|p1a: Pelipper|Hurricane|p2a: Annihilape
|-supereffective|p2a: Annihilape
|-damage|p2a: Annihilape|53/100
|-start|p2a: Annihilape|confusion
|move|p1b: Breloom|Spore|p2b: Grimmsnarl
|-status|p2b: Grimmsnarl|slp|[from] move: Spore
|-activate|p2a: Annihilape|confusion
|move|p2a: Annihilape|Drain Punch|p1b: Breloom
|-damage|p1b: Breloom|23/100 par
|-heal|p2a: Annihilape|78/100|[from] drain|[of] p1b: Breloom
|
|-weather|RainDance|[upkeep]
|upkeep
|turn|4
|inactive|Kampfstube has 30 seconds left.
|
|t:|1757653130
|switch|p1b: Archaludon|Archaludon, L50, M|100/100
|cant|p2b: Grimmsnarl|slp
|move|p1a: Pelipper|Hurricane|p2a: Annihilape
|-supereffective|p2a: Annihilape
|-damage|p2a: Annihilape|31/100
|-activate|p2a: Annihilape|confusion
|move|p2a: Annihilape|Drain Punch|p1a: Pelipper
|-supereffective|p1a: Pelipper
|-damage|p1a: Pelipper|0 fnt
|-heal|p2a: Annihilape|69/100|[from] drain|[of] p1a: Pelipper
|faint|p1a: Pelipper
|
|-weather|RainDance|[upkeep]
|upkeep
|
|t:|1757653142
|switch|p1a: Breloom|Breloom, L50, F|23/100 par
|turn|5
|
|t:|1757653161
|-activate|p2a: Annihilape|confusion
|-damage|p2a: Annihilape|57/100|[from] confusion
|cant|p2b: Grimmsnarl|slp
|move|p1b: Archaludon|Electro Shot||[still]
|-prepare|p1b: Archaludon|Electro Shot
|-boost|p1b: Archaludon|spa|1
|-anim|p1b: Archaludon|Electro Shot|p2a: Annihilape
|-damage|p2a: Annihilape|27/100
|move|p1a: Breloom|Bullet Seed|p1b: Archaludon
|-resisted|p1b: Archaludon
|-damage|p1b: Archaludon|97/100
|-ability|p1b: Archaludon|Stamina|boost
|-boost|p1b: Archaludon|def|1
|-resisted|p1b: Archaludon
|-damage|p1b: Archaludon|95/100
|-ability|p1b: Archaludon|Stamina|boost
|-boost|p1b: Archaludon|def|1
|-hitcount|p1b: Archaludon|2
|
|-weather|RainDance|[upkeep]
|-sideend|p1: j.arch|move: Tailwind
|upkeep
|turn|6
|inactive|j.arch has 30 seconds left.
|inactive|Kampfstube has 30 seconds left.
|
|t:|1757653194
|-activate|p2a: Annihilape|confusion
|move|p2a: Annihilape|Protect|p2a: Annihilape
|-singleturn|p2a: Annihilape|Protect
|cant|p2b: Grimmsnarl|slp
|move|p1b: Archaludon|Electro Shot||[still]
|-prepare|p1b: Archaludon|Electro Shot
|-boost|p1b: Archaludon|spa|1
|-anim|p1b: Archaludon|Electro Shot|p2a: Annihilape
|-activate|p2a: Annihilape|move: Protect
|move|p1a: Breloom|Spore|p2b: Grimmsnarl
|-fail|p2b: Grimmsnarl|slp
|
|-weather|none
|upkeep
|turn|7
|inactive|Kampfstube has 30 seconds left.
|
|t:|1757653226
|-curestatus|p2b: Grimmsnarl|slp|[msg]
|move|p2b: Grimmsnarl|Thunder Wave|p1b: Archaludon
|-status|p1b: Archaludon|par
|move|p1a: Breloom|Mach Punch|p2b: Grimmsnarl
|-damage|p2b: Grimmsnarl|71/100
|-end|p2a: Annihilape|confusion
|move|p2a: Annihilape|Drain Punch|p1a: Breloom
|-damage|p1a: Breloom|0 fnt
|-heal|p2a: Annihilape|34/100|[from] drain|[of] p1a: Breloom
|faint|p1a: Breloom
|cant|p1b: Archaludon|par
|
|-sideend|p2: Kampfstube|move: Light Screen
|upkeep
|turn|8
|inactive|j.arch has 30 seconds left.
|c|☆j.arch|Fuckin rng
|inactive|j.arch has 20 seconds left.
|inactive|j.arch has 15 seconds left.
|
|t:|1757653268
|move|p2a: Annihilape|Protect|p2a: Annihilape
|-singleturn|p2a: Annihilape|Protect
|move|p2b: Grimmsnarl|Light Screen|p2b: Grimmsnarl
|-sidestart|p2: Kampfstube|move: Light Screen
|cant|p1b: Archaludon|par
|
|upkeep
|turn|9
|
|t:|1757653285
|move|p2a: Annihilape|Drain Punch|p1b: Archaludon
|-supereffective|p1b: Archaludon
|-damage|p1b: Archaludon|58/100 par
|-heal|p2a: Annihilape|50/100|[from] drain|[of] p1b: Archaludon
|-ability|p1b: Archaludon|Stamina|boost
|-boost|p1b: Archaludon|def|1
|move|p2b: Grimmsnarl|Spirit Break|p1b: Archaludon
|-damage|p1b: Archaludon|49/100 par
|-unboost|p1b: Archaludon|spa|1
|-ability|p1b: Archaludon|Stamina|boost
|-boost|p1b: Archaludon|def|1
|move|p1b: Archaludon|Dragon Pulse|p2a: Annihilape
|-damage|p2a: Annihilape|16/100
|
|upkeep
|turn|10
|
|t:|1757653305
|move|p2a: Annihilape|Protect|p2a: Annihilape
|-singleturn|p2a: Annihilape|Protect
|move|p2b: Grimmsnarl|Spirit Break|p1b: Archaludon
|-damage|p1b: Archaludon|40/100 par
|-unboost|p1b: Archaludon|spa|1
|-ability|p1b: Archaludon|Stamina|boost
|-boost|p1b: Archaludon|def|1
|move|p1b: Archaludon|Flash Cannon|p2b: Grimmsnarl
|-supereffective|p2b: Grimmsnarl
|-damage|p2b: Grimmsnarl|27/100
|
|upkeep
|turn|11
|
|t:|1757653328
|move|p2a: Annihilape|Drain Punch|p1b: Archaludon
|-supereffective|p1b: Archaludon
|-damage|p1b: Archaludon|21/100 par
|-heal|p2a: Annihilape|25/100|[from] drain|[of] p1b: Archaludon
|-ability|p1b: Archaludon|Stamina|boost
|-boost|p1b: Archaludon|def|1
|move|p2b: Grimmsnarl|Spirit Break|p1b: Archaludon
|-damage|p1b: Archaludon|15/100 par
|-unboost|p1b: Archaludon|spa|1
|move|p1b: Archaludon|Dragon Pulse|p2a: Annihilape
|-damage|p2a: Annihilape|10/100
|
|upkeep
|turn|12
|
|t:|1757653343
|move|p2a: Annihilape|Drain Punch|p1b: Archaludon
|-supereffective|p1b: Archaludon
|-damage|p1b: Archaludon|0 fnt
|-heal|p2a: Annihilape|16/100|[from] drain|[of] p1b: Archaludon
|faint|p1b: Archaludon
|
|win|Kampfstube
|raw|j.arch's rating: 1152 → 1131(-21 for losing)
|raw|Kampfstube's rating: 1205 → 1226(+21 for winning)
