|j|☆TheLeoj
|j|☆kerlinn
|html|TheLeojkerlinn    
|uhtml|bestof|Game 1 of a best-of-3
|t:|1783830151
|gametype|doubles
|player|p1|TheLeoj|266|
|player|p2|kerlinn|colress|
|gen|9
|tier|[Gen 9 Champions] VGC 2026 Reg M-B (Bo3)
|rule|Species Clause: Limit one of each Pokémon
|rule|Item Clause: Limit 1 of each item
|clearpoke
|poke|p1|Politoed, L50, F, shiny|
|poke|p1|Incineroar, L50, M, shiny|
|poke|p1|Gengar, L50, F, shiny|
|poke|p1|Archaludon, L50, F, shiny|
|poke|p1|Swampert, L50, F, shiny|
|poke|p1|Vivillon-Elegant, L50, M, shiny|
|poke|p2|Umbreon, L50, M|
|poke|p2|Meganium, L50, M|
|poke|p2|Palafin, L50, F|
|poke|p2|Politoed, L50, F|
|poke|p2|Aegislash, L50, M|
|poke|p2|Meowstic, L50, M|
|teampreview|4
|showteam|p1|Politoed||SitrusBerry|Drizzle|WeatherBall,Encore,PerishSong,Protect|Calm||F|||50|]Incineroar||PasshoBerry|Intimidate|ThroatChop,FakeOut,PartingShot,Protect|Sassy||M|||50|]Gengar||Gengarite|CursedBody|ShadowBall,SludgeBomb,PerishSong,Protect|Timid||F|||50|]Archaludon||Leftovers|Stamina|ElectroShot,FlashCannon,DragonPulse,Protect|Bold||F|||50|]Swampert||Swampertite|Torrent|WaveCrash,Earthquake,IcePunch,Protect|Adamant||F|||50|]Vivillon-Elegant||FocusSash|CompoundEyes|Hurricane,SleepPowder,RagePowder,Protect|Timid||M|||50|
|showteam|p2|Umbreon||Leftovers|InnerFocus|Taunt,Snarl,FoulPlay,Moonlight|Bold||M|||50|]Meganium||Meganiumite|Overgrow|Protect,WeatherBall,SolarBeam,DazzlingGleam|Modest||M|||50|]Palafin||ChoiceScarf|ZerotoHero|IcePunch,FlipTurn,JetPunch,WaveCrash|Adamant||F|||50|]Politoed||SitrusBerry|Drizzle|Protect,IcyWind,WeatherBall,EarthPower|Bold||F|||50|]Aegislash||SpellTag|StanceChange|KingsShield,ShadowSneak,Poltergeist,SacredSword|Brave||M|||50|]Meowstic||LightClay|Prankster|Reflect,LightScreen,ThunderWave,PsychicNoise|Bold||M|||50|
|inactive|Battle timer is ON: inactive players will automatically lose when time's up. (requested by TheLeoj)
|inactive|TheLeoj has 60 seconds left.
|inactive|kerlinn has 60 seconds left.
|inactive|TheLeoj has 30 seconds left.
|
|t:|1783830214
|teamsize|p1|4
|teamsize|p2|4
|start
|switch|p1a: Gengar|Gengar, L50, F, shiny|100/100
|switch|p1b: Incineroar|Incineroar, L50, M, shiny|100/100
|switch|p2a: Meowstic|Meowstic, L50, M|100/100
|switch|p2b: Meganium|Meganium, L50, M|100/100
|-ability|p1b: Incineroar|Intimidate|boost
|-unboost|p2a: Meowstic|atk|1
|-unboost|p2b: Meganium|atk|1
|turn|1
|
|t:|1783830241
|detailschange|p1a: Gengar|Gengar-Mega, L50, F, shiny
|-mega|p1a: Gengar|Gengar|Gengarite
|move|p2b: Meganium|Protect|p2b: Meganium
|-singleturn|p2b: Meganium|Protect
|move|p1b: Incineroar|Fake Out|p2a: Meowstic
|-damage|p2a: Meowstic|90/100
|cant|p2a: Meowstic|flinch
|move|p1a: Gengar|Sludge Bomb|p2b: Meganium
|-activate|p2b: Meganium|move: Protect
|
|upkeep
|turn|2
|inactive|TheLeoj has 30 seconds left.
|inactive|kerlinn has 30 seconds left.
|inactive|kerlinn has 20 seconds left.
|inactive|kerlinn has 15 seconds left.
|inactive|kerlinn has 10 seconds left.
|inactive|kerlinn has 5 seconds left.
|
|t:|1783830294
|move|p2b: Meganium|Protect||[still]
|-fail|p2b: Meganium
|move|p2a: Meowstic|Light Screen|p2a: Meowstic
|-sidestart|p2: kerlinn|move: Light Screen
|move|p1a: Gengar|Perish Song|p1a: Gengar
|-start|p1a: Gengar|perish3|[silent]
|-start|p1b: Incineroar|perish3|[silent]
|-start|p2a: Meowstic|perish3|[silent]
|-start|p2b: Meganium|perish3|[silent]
|-fieldactivate|move: Perish Song
|move|p1b: Incineroar|Throat Chop|p2a: Meowstic
|-supereffective|p2a: Meowstic|1
|-damage|p2a: Meowstic|25/100
|-start|p2a: Meowstic|Throat Chop|[silent]
|
|-start|p1a: Gengar|perish3
|-start|p2a: Meowstic|perish3
|-start|p2b: Meganium|perish3
|-start|p1b: Incineroar|perish3
|upkeep
|turn|3
|inactive|kerlinn has 30 seconds left.
|
|t:|1783830323
|detailschange|p2b: Meganium|Meganium-Mega, L50, M
|-mega|p2b: Meganium|Meganium|Meganiumite
|move|p1a: Gengar|Protect|p1a: Gengar
|-singleturn|p1a: Gengar|Protect
|move|p1b: Incineroar|Protect|p1b: Incineroar
|-singleturn|p1b: Incineroar|Protect
|move|p2a: Meowstic|Thunder Wave|p1a: Gengar
|-activate|p1a: Gengar|move: Protect
|move|p2b: Meganium|Dazzling Gleam|p1a: Gengar|[spread] 
|-activate|p1a: Gengar|move: Protect
|-activate|p1b: Incineroar|move: Protect
|
|-end|p2a: Meowstic|Throat Chop|[silent]
|-start|p1a: Gengar|perish2
|-start|p2a: Meowstic|perish2
|-start|p2b: Meganium|perish2
|-start|p1b: Incineroar|perish2
|upkeep
|turn|4
|
|t:|1783830345
|switch|p1a: Politoed|Politoed, L50, F, shiny|100/100
|-weather|RainDance|[from] ability: Drizzle|[of] p1a: Politoed
|move|p2a: Meowstic|Psychic Noise|p1a: Politoed
|-damage|p1a: Politoed|83/100
|-start|p1a: Politoed|move: Heal Block
|move|p2b: Meganium|Weather Ball|p1a: Politoed
|-resisted|p1a: Politoed|1
|-crit|p1a: Politoed
|-damage|p1a: Politoed|46/100
|move|p1b: Incineroar|Parting Shot|p2b: Meganium
|-unboost|p2b: Meganium|atk|1
|-unboost|p2b: Meganium|spa|1
|
|t:|1783830361
|switch|p1b: Gengar|Gengar-Mega, L50, F, shiny|100/100|[from] Parting Shot
|
|-weather|RainDance|[upkeep]
|-start|p2a: Meowstic|perish1
|-start|p2b: Meganium|perish1
|upkeep
|turn|5
|
|t:|1783830382
|move|p1b: Gengar|Protect|p1b: Gengar
|-singleturn|p1b: Gengar|Protect
|move|p1a: Politoed|Protect|p1a: Politoed
|-singleturn|p1a: Politoed|Protect
|move|p2a: Meowstic|Reflect|p2a: Meowstic
|-sidestart|p2: kerlinn|Reflect
|move|p2b: Meganium|Solar Beam||[still]
|-prepare|p2b: Meganium|Solar Beam
|-activate|p2b: Meganium|ability: Mega Sol
|-anim|p2b: Meganium|Solar Beam|p1a: Politoed
|-activate|p1a: Politoed|move: Protect
|
|-weather|RainDance|[upkeep]
|-end|p1a: Politoed|move: Heal Block
|-start|p2a: Meowstic|perish0
|-start|p2b: Meganium|perish0
|faint|p2a: Meowstic
|faint|p2b: Meganium
|upkeep
|-enditem|p1a: Politoed|Sitrus Berry|[eat]
|-heal|p1a: Politoed|71/100|[from] item: Sitrus Berry
|
|t:|1783830394
|switch|p2a: Aegislash|Aegislash, L50, M|100/100
|switch|p2b: Umbreon|Umbreon, L50, M|100/100
|turn|6
|inactive|TheLeoj has 30 seconds left.
|
|t:|1783830421
|-formechange|p2a: Aegislash|Aegislash-Blade|
|move|p2a: Aegislash|Shadow Sneak|p1b: Gengar
|-supereffective|p1b: Gengar|1
|-damage|p1b: Gengar|2/100
|move|p1b: Gengar|Shadow Ball|p2a: Aegislash
|-supereffective|p2a: Aegislash|1
|-damage|p2a: Aegislash|0 fnt
|faint|p2a: Aegislash
|move|p1a: Politoed|Perish Song|p1a: Politoed
|-start|p1a: Politoed|perish3|[silent]
|-start|p1b: Gengar|perish3|[silent]
|-start|p2b: Umbreon|perish3|[silent]
|-fieldactivate|move: Perish Song
|move|p2b: Umbreon|Snarl|p1b: Gengar|[spread] p1a,p1b
|-supereffective|p1b: Gengar|1
|-damage|p1a: Politoed|65/100
|-damage|p1b: Gengar|0 fnt
|-unboost|p1a: Politoed|spa|1
|faint|p1b: Gengar
|
|-weather|RainDance|[upkeep]
|-start|p1a: Politoed|perish3
|-start|p2b: Umbreon|perish3
|upkeep
|
|t:|1783830437
|switch|p1b: Archaludon|Archaludon, L50, F, shiny|100/100
|turn|7
|
|t:|1783830456
|move|p1b: Archaludon|Dragon Pulse|p2b: Umbreon
|-damage|p2b: Umbreon|85/100
|move|p1a: Politoed|Weather Ball|p2b: Umbreon
|-damage|p2b: Umbreon|72/100
|move|p2b: Umbreon|Snarl|p1b: Archaludon|[spread] p1a,p1b
|-damage|p1a: Politoed|58/100
|-damage|p1b: Archaludon|91/100
|-unboost|p1a: Politoed|spa|1
|-unboost|p1b: Archaludon|spa|1
|-ability|p1b: Archaludon|Stamina|boost
|-boost|p1b: Archaludon|def|1
|
|-weather|RainDance|[upkeep]
|-heal|p1b: Archaludon|97/100|[from] item: Leftovers
|-heal|p2b: Umbreon|78/100|[from] item: Leftovers
|-start|p1a: Politoed|perish2
|-start|p2b: Umbreon|perish2
|upkeep
|turn|8
|
|t:|1783830479
|move|p1b: Archaludon|Electro Shot||[still]
|-prepare|p1b: Archaludon|Electro Shot
|-boost|p1b: Archaludon|spa|1
|-anim|p1b: Archaludon|Electro Shot|p2b: Umbreon
|-damage|p2b: Umbreon|61/100
|move|p1a: Politoed|Weather Ball|p2b: Umbreon
|-damage|p2b: Umbreon|50/100g
|move|p2b: Umbreon|Snarl|p1a: Politoed|[spread] p1a,p1b
|-crit|p1b: Archaludon
|-damage|p1a: Politoed|52/100
|-damage|p1b: Archaludon|85/100
|-unboost|p1a: Politoed|spa|1
|-unboost|p1b: Archaludon|spa|1
|-ability|p1b: Archaludon|Stamina|boost
|-boost|p1b: Archaludon|def|1
|
|-weather|none
|-heal|p1b: Archaludon|91/100|[from] item: Leftovers
|-heal|p2b: Umbreon|56/100|[from] item: Leftovers
|-start|p1a: Politoed|perish1
|-start|p2b: Umbreon|perish1
|upkeep
|turn|9
|
|t:|1783830504
|switch|p1a: Incineroar|Incineroar, L50, M, shiny|100/100
|-ability|p1a: Incineroar|Intimidate|boost
|-fail|p2b: Umbreon|unboost|Attack|[from] ability: Inner Focus|[of] p2b: Umbreon
|move|p1b: Archaludon|Electro Shot||[still]
|-prepare|p1b: Archaludon|Electro Shot
|-boost|p1b: Archaludon|spa|1
|move|p2b: Umbreon|Moonlight|p2b: Umbreon
|-heal|p2b: Umbreon|100/100
|
|-heal|p1b: Archaludon|97/100|[from] item: Leftovers
|-start|p2b: Umbreon|perish0
|faint|p2b: Umbreon
|
|win|TheLeoj
