|j|☆TheTired
|j|☆komsu
|html|TheTiredkomsu    
|uhtml|bestof|Game 3 of a best-of-3
|t:|1784227589
|gametype|doubles
|player|p1|TheTired|2|1260
|player|p2|komsu|gambler|1260
|gen|9
|tier|[Gen 9 Champions] VGC 2026 Reg M-B (Bo3)
|rated|
|rule|Species Clause: Limit one of each Pokémon
|rule|Item Clause: Limit 1 of each item
|clearpoke
|poke|p1|Staraptor, L50, F|
|poke|p1|Vanilluxe, L50, F|
|poke|p1|Farigiraf, L50, F|
|poke|p1|Blastoise, L50, F|
|poke|p1|Kingambit, L50, F|
|poke|p1|Camerupt, L50, F|
|poke|p2|Kingambit, L50, M|
|poke|p2|Charizard, L50, F|
|poke|p2|Aerodactyl, L50, M|
|poke|p2|Farigiraf, L50, F|
|poke|p2|Garchomp, L50, M|
|poke|p2|Sylveon, L50, F|
|teampreview|4
|showteam|p1|Staraptor||ChoiceScarf|Intimidate|FinalGambit,BraveBird,CloseCombat,Uturn|Jolly||F|||50|]Vanilluxe||NeverMeltIce|SnowWarning|Blizzard,FreezeDry,Protect,IceShard|Quiet||F|||50|]Farigiraf||SitrusBerry|ArmorTail|PsychicFangs,HyperVoice,HelpingHand,TrickRoom|Relaxed||F|||50|]Blastoise||Blastoisinite|RainDish|FakeOut,WaterSpout,AuraSphere,DarkPulse|Quiet||F|||50|]Kingambit||LifeOrb|Defiant|KowtowCleave,IronHead,Protect,SuckerPunch|Brave||F|||50|]Camerupt||Cameruptite|SolidRock|HeatWave,EarthPower,Protect,AncientPower|Quiet||F|||50|
|showteam|p2|Kingambit||FocusSash|Defiant|KowtowCleave,IronHead,SuckerPunch,LowKick|Adamant||M|||50|]Charizard||CharizarditeY|Blaze|HeatWave,SolarBeam,WeatherBall,Protect|Modest||F|||50|]Aerodactyl||Aerodactylite|Unnerve|RockSlide,DualWingbeat,IceFang,Tailwind|Jolly||M|||50|]Farigiraf||SitrusBerry|ArmorTail|Psychic,Thunderbolt,TrickRoom,Protect|Bold||F|||50|]Garchomp||LifeOrb|RoughSkin|Earthquake,DragonClaw,RockSlide,Protect|Jolly||M|||50|]Sylveon||FairyFeather|Pixilate|HyperVoice,HyperBeam,QuickAttack,Protect|Modest||F|||50|
|inactive|Battle timer is ON: inactive players will automatically lose when time's up. (requested by TheTired)
|
|t:|1784227613
|teamsize|p1|4
|teamsize|p2|4
|start
|switch|p1a: Farigiraf|Farigiraf, L50, F|100/100
|switch|p1b: Staraptor|Staraptor, L50, F|100/100
|switch|p2a: Sylveon|Sylveon, L50, F|100/100
|switch|p2b: Charizard|Charizard, L50, F|100/100
|-ability|p1b: Staraptor|Intimidate|boost
|-unboost|p2a: Sylveon|atk|1
|-unboost|p2b: Charizard|atk|1
|turn|1
|inactive|komsu has 30 seconds left.
|
|t:|1784227648
|detailschange|p2b: Charizard|Charizard-Mega-Y, L50, F
|-mega|p2b: Charizard|Charizard|Charizardite Y
|-weather|SunnyDay|[from] ability: Drought|[of] p2b: Charizard
|move|p2a: Sylveon|Protect|p2a: Sylveon
|-singleturn|p2a: Sylveon|Protect
|move|p1b: Staraptor|Final Gambit|p2b: Charizard
|-damage|p2b: Charizard|0 fnt
|faint|p1b: Staraptor
|faint|p2b: Charizard
|move|p1a: Farigiraf|Trick Room|p1a: Farigiraf
|-fieldstart|move: Trick Room|[of] p1a: Farigiraf
|
|-weather|SunnyDay|[upkeep]
|upkeep
|
|t:|1784227663
|switch|p2b: Farigiraf|Farigiraf, L50, F|100/100
|switch|p1b: Camerupt|Camerupt, L50, F|100/100
|turn|2
|
|t:|1784227687
|detailschange|p1b: Camerupt|Camerupt-Mega, L50, F
|-mega|p1b: Camerupt|Camerupt|Cameruptite
|move|p1b: Camerupt|Heat Wave|p2b: Farigiraf|[spread] p2a,p2b
|-damage|p2a: Sylveon|34/100
|-damage|p2b: Farigiraf|25/100
|-enditem|p2b: Farigiraf|Sitrus Berry|[eat]
|-heal|p2b: Farigiraf|50/100g|[from] item: Sitrus Berry
|move|p1a: Farigiraf|Hyper Voice|p2b: Farigiraf|[spread] p2a,p2b
|-damage|p2a: Sylveon|13/100
|-damage|p2b: Farigiraf|28/100
|move|p2a: Sylveon|Hyper Voice|p1b: Camerupt|[spread] p1a,p1b
|-resisted|p1b: Camerupt|1
|-damage|p1a: Farigiraf|57/100
|-damage|p1b: Camerupt|76/100
|move|p2b: Farigiraf|Trick Room|p2b: Farigiraf
|-fieldend|move: Trick Room
|
|-weather|SunnyDay|[upkeep]
|upkeep
|turn|3
|inactive|komsu has 30 seconds left.
|
|t:|1784227719
|move|p2b: Farigiraf|Protect|p2b: Farigiraf
|-singleturn|p2b: Farigiraf|Protect
|move|p2a: Sylveon|Hyper Beam|p1a: Farigiraf
|-damage|p1a: Farigiraf|0 fnt
|-mustrecharge|p2a: Sylveon
|faint|p1a: Farigiraf
|move|p1b: Camerupt|Heat Wave|p2b: Farigiraf|[spread] p2a
|-activate|p2b: Farigiraf|move: Protect
|-damage|p2a: Sylveon|0 fnt
|faint|p2a: Sylveon
|
|-weather|SunnyDay|[upkeep]
|upkeep
|
|t:|1784227727
|switch|p2a: Garchomp|Garchomp, L50, M|100/100
|switch|p1a: Vanilluxe|Vanilluxe, L50, F|100/100
|-weather|Snowscape|[from] ability: Snow Warning|[of] p1a: Vanilluxe
|turn|4
|
|t:|1784227749
|move|p2a: Garchomp|Protect|p2a: Garchomp
|-singleturn|p2a: Garchomp|Protect
|move|p1b: Camerupt|Protect|p1b: Camerupt
|-singleturn|p1b: Camerupt|Protect
|move|p1a: Vanilluxe|Blizzard|p2b: Farigiraf|[spread] p2b
|-activate|p2a: Garchomp|move: Protect
|-damage|p2b: Farigiraf|0 fnt
|faint|p2b: Farigiraf
|
|-weather|Snowscape|[upkeep]
|upkeep
|turn|5
|
|t:|1784227759
|move|p2a: Garchomp|Rock Slide|p1a: Vanilluxe|[spread] p1a,p1b
|-supereffective|p1a: Vanilluxe|1
|-damage|p1a: Vanilluxe|61/100
|-damage|p1b: Camerupt|51/100
|-damage|p2a: Garchomp|90/100|[from] item: Life Orb
|move|p1a: Vanilluxe|Blizzard|p2a: Garchomp
|-supereffective|p2a: Garchomp|2
|-damage|p2a: Garchomp|0 fnt
|faint|p2a: Garchomp
|
|win|TheTired
|raw|TheTired's rating: 1260 → 1285(+25 for winning)
|raw|komsu's rating: 1260 → 1235(-25 for losing)
|l|☆komsu
|player|p2|
|j|☆komsu
|player|p2|komsu|gambler|
|l|☆TheTired
|player|p1|
