|j|☆higidybigidy
|j|☆breloomb01
|html|higidybigidybreloomb01    
|uhtml|bestof|Game 1 of a best-of-3
|t:|1783032441
|gametype|doubles
|player|p1|higidybigidy|chuck|1152
|player|p2|breloomb01|roughneck|1290
|gen|9
|tier|[Gen 9 Champions] VGC 2026 Reg M-B (Bo3)
|rated|
|rule|Species Clause: Limit one of each Pokémon
|rule|Item Clause: Limit 1 of each item
|clearpoke
|poke|p1|Golurk, L50, shiny|
|poke|p1|Kangaskhan, L50, F|
|poke|p1|Torkoal, L50, M|
|poke|p1|Hatterene, L50, F|
|poke|p1|Farigiraf, L50, M, shiny|
|poke|p1|Lucario, L50, F, shiny|
|poke|p2|Gengar, L50, F, shiny|
|poke|p2|Swampert, L50, F, shiny|
|poke|p2|Incineroar, L50, F, shiny|
|poke|p2|Politoed, L50, M, shiny|
|poke|p2|Archaludon, L50, M, shiny|
|poke|p2|Vivillon-Polar, L50, F|
|teampreview|4
|showteam|p1|Golurk||Golurkite|IronFist|Protect,HeadlongRush,CloseCombat,Poltergeist|Brave|||||50|]Kangaskhan||SilkScarf|Scrappy|LastResort,FakeOut|Adamant||F|||50|]Torkoal||Charcoal|Drought|EarthPower,Protect,WeatherBall,Eruption|Quiet||M|||50|]Hatterene||FairyFeather|MagicBounce|Protect,TrickRoom,DazzlingGleam,Psychic|Quiet||F|||50|]Farigiraf||SitrusBerry|ArmorTail|Psychic,TrickRoom,HelpingHand,FoulPlay|Relaxed||M|||50|]Lucario||ChoiceScarf|InnerFocus|CloseCombat,FinalGambit,MeteorMash,Coaching|Jolly||F|||50|
|showteam|p2|Gengar||Gengarite|CursedBody|ShadowBall,PerishSong,SludgeBomb,Protect|Timid||F|||50|]Swampert||Swampertite|Torrent|WaveCrash,Earthquake,IcePunch,Protect|Adamant||F|||50|]Incineroar||PasshoBerry|Intimidate|ThroatChop,PartingShot,FakeOut,Protect|Sassy||F|||50|]Politoed||SitrusBerry|Drizzle|WeatherBall,PerishSong,Encore,Protect|Calm||M|||50|]Archaludon||Leftovers|Stamina|DragonPulse,FlashCannon,ElectroShot,Protect|Bold||M|||50|]Vivillon-Polar||FocusSash|CompoundEyes|Hurricane,SleepPowder,RagePowder,Protect|Timid||F|||50|
|inactive|Battle timer is ON: inactive players will automatically lose when time's up. (requested by higidybigidy)
|inactive|breloomb01 has 60 seconds left.
|
|t:|1783032494
|teamsize|p1|4
|teamsize|p2|4
|start
|switch|p1a: Overworked mother|Kangaskhan, L50, F|100/100
|switch|p1b: What is even this|Farigiraf, L50, M, shiny|100/100
|switch|p2a: Gengar|Gengar, L50, F, shiny|100/100
|switch|p2b: Vivillon|Vivillon-Polar, L50, F|100/100
|turn|1
|inactive|higidybigidy has 30 seconds left.
|
|t:|1783032519
|detailschange|p2a: Gengar|Gengar-Mega, L50, F, shiny
|-mega|p2a: Gengar|Gengar|Gengarite
|move|p1a: Overworked mother|Fake Out|p2a: Gengar
|-damage|p2a: Gengar|76/100
|cant|p2a: Gengar|flinch
|move|p2b: Vivillon|Sleep Powder|p1b: What is even this
|-status|p1b: What is even this|slp|[from] move: Sleep Powder
|cant|p1b: What is even this|slp
|
|upkeep
|turn|2
|
|t:|1783032543
|move|p2a: Gengar|Perish Song|p2a: Gengar
|-start|p1a: Overworked mother|perish3|[silent]
|-start|p1b: What is even this|perish3|[silent]
|-start|p2a: Gengar|perish3|[silent]
|-start|p2b: Vivillon|perish3|[silent]
|-fieldactivate|move: Perish Song
|move|p2b: Vivillon|Sleep Powder|p1a: Overworked mother
|-status|p1a: Overworked mother|slp|[from] move: Sleep Powder
|cant|p1a: Overworked mother|slp
|cant|p1b: What is even this|slp
|
|-start|p2a: Gengar|perish3
|-start|p2b: Vivillon|perish3
|-start|p1a: Overworked mother|perish3
|-start|p1b: What is even this|perish3
|upkeep
|turn|3
|j| ViviTop5
|l| ViviTop5
|
|t:|1783032564
|switch|p2b: Incineroar|Incineroar, L50, F, shiny|100/100
|-ability|p2b: Incineroar|Intimidate|boost
|-fail|p1a: Overworked mother|unboost|Attack|[from] ability: Scrappy|[of] p1a: Overworked mother
|-unboost|p1b: What is even this|atk|1
|move|p2a: Gengar|Protect|p2a: Gengar
|-singleturn|p2a: Gengar|Protect
|-curestatus|p1a: Overworked mother|slp|[msg]
|move|p1a: Overworked mother|Last Resort|p2a: Gengar
|-activate|p2a: Gengar|move: Protect
|-curestatus|p1b: What is even this|slp|[msg]
|move|p1b: What is even this|Trick Room|p1b: What is even this
|-fieldstart|move: Trick Room|[of] p1b: What is even this
|
|-start|p1b: What is even this|perish2
|-start|p1a: Overworked mother|perish2
|-start|p2a: Gengar|perish2
|upkeep
|turn|4
|inactive|higidybigidy has 30 seconds left.
|
|t:|1783032591
|switch|p2a: Vivillon|Vivillon-Polar, L50, F|100/100
|move|p1b: What is even this|Psychic|p2a: Vivillon
|-damage|p2a: Vivillon|33/100
|-unboost|p2a: Vivillon|spd|1
|move|p2b: Incineroar|Parting Shot|p1a: Overworked mother
|-unboost|p1a: Overworked mother|atk|1
|-unboost|p1a: Overworked mother|spa|1
|
|t:|1783032593
|switch|p2b: Gengar|Gengar-Mega, L50, F, shiny|76/100|[from] Parting Shot
|move|p1a: Overworked mother|Last Resort|p2a: Vivillon
|-damage|p2a: Vivillon|0 fnt
|faint|p2a: Vivillon
|
|-start|p1b: What is even this|perish1
|-start|p1a: Overworked mother|perish1
|upkeep
|
|t:|1783032597
|switch|p2a: Incineroar|Incineroar, L50, F, shiny|100/100
|-ability|p2a: Incineroar|Intimidate|boost
|-fail|p1a: Overworked mother|unboost|Attack|[from] ability: Scrappy|[of] p1a: Overworked mother
|-unboost|p1b: What is even this|atk|1
|turn|5
|inactive|higidybigidy has 30 seconds left.
|
|t:|1783032631
|move|p1b: What is even this|Helping Hand|p1a: Overworked mother
|-singleturn|p1a: Overworked mother|Helping Hand|[of] p1b: What is even this
|move|p2a: Incineroar|Protect|p2a: Incineroar
|-singleturn|p2a: Incineroar|Protect
|move|p2b: Gengar|Protect|p2b: Gengar
|-singleturn|p2b: Gengar|Protect
|move|p1a: Overworked mother|Last Resort|p2a: Incineroar
|-activate|p2a: Incineroar|move: Protect
|
|-start|p1b: What is even this|perish0
|-start|p1a: Overworked mother|perish0
|faint|p1b: What is even this
|faint|p1a: Overworked mother
|upkeep
|
|t:|1783032636
|switch|p1b: King K. Rool|Golurk, L50, shiny|100/100
|switch|p1a: Get off my lawn|Torkoal, L50, M|100/100
|-weather|SunnyDay|[from] ability: Drought|[of] p1a: Get off my lawn
|turn|6
|
|t:|1783032654
|switch|p2b: Politoed|Politoed, L50, M, shiny|100/100
|-weather|RainDance|[from] ability: Drizzle|[of] p2b: Politoed
|detailschange|p1b: King K. Rool|Golurk-Mega, L50, shiny
|-mega|p1b: King K. Rool|Golurk|Golurkite
|move|p1a: Get off my lawn|Earth Power|p2b: Politoed
|-damage|p2b: Politoed|80/100
|move|p1b: King K. Rool|Headlong Rush|p2a: Incineroar
|-supereffective|p2a: Incineroar|1
|-damage|p2a: Incineroar|0 fnt
|-unboost|p1b: King K. Rool|def|1
|-unboost|p1b: King K. Rool|spd|1
|faint|p2a: Incineroar
|
|-weather|RainDance|[upkeep]
|upkeep
|
|t:|1783032658
|switch|p2a: Gengar|Gengar-Mega, L50, F, shiny|76/100
|turn|7
|inactive|higidybigidy has 30 seconds left.
|inactive|higidybigidy has 20 seconds left.
|inactive|higidybigidy has 15 seconds left.
|
|t:|1783032699
|move|p2b: Politoed|Protect|p2b: Politoed
|-singleturn|p2b: Politoed|Protect
|move|p2a: Gengar|Protect|p2a: Gengar
|-singleturn|p2a: Gengar|Protect
|move|p1a: Get off my lawn|Earth Power|p2b: Politoed
|-activate|p2b: Politoed|move: Protect
|move|p1b: King K. Rool|Headlong Rush|p2a: Gengar
|-supereffective|p2a: Gengar|1
|-ability|p1b: King K. Rool|Unseen Fist
|-zbroken|p2a: Gengar
|-damage|p2a: Gengar|34/100
|-unboost|p1b: King K. Rool|def|1
|-unboost|p1b: King K. Rool|spd|1
|
|-weather|RainDance|[upkeep]
|-fieldend|move: Trick Room
|upkeep
|turn|8
|
|t:|1783032719
|move|p2a: Gengar|Shadow Ball|p1b: King K. Rool
|-supereffective|p1b: King K. Rool|1
|-damage|p1b: King K. Rool|0 fnt
|faint|p1b: King K. Rool
|move|p2b: Politoed|Weather Ball|p1a: Get off my lawn
|-supereffective|p1a: Get off my lawn|1
|-damage|p1a: Get off my lawn|0 fnt
|faint|p1a: Get off my lawn
|
|win|breloomb01
||higidybigidy is ready for game 2.
||breloomb01 is ready for game 2.
|uhtml|next|Next: Game 2 of 3
|l|☆higidybigidy
|player|p1|
