|j|☆ENDERLANDA
|j|☆ncnxx
|html|ENDERLANDAncnxx    
|uhtml|bestof|Game 2 of a best-of-3
|t:|1785180182
|gametype|doubles
|player|p1|ENDERLANDA|1|1228
|player|p2|ncnxx|170|1299
|gen|9
|tier|[Gen 9 Champions] VGC 2026 Reg M-B (Bo3)
|rated|
|rule|Species Clause: Limit one of each Pokémon
|rule|Item Clause: Limit 1 of each item
|clearpoke
|poke|p1|Charizard, L50, M|
|poke|p1|Milotic, L50, F|
|poke|p1|Floette-Eternal, L50, F|
|poke|p1|Grimmsnarl, L50, M|
|poke|p1|Sinistcha, L50|
|poke|p1|Incineroar, L50, M|
|poke|p2|Charizard, L50, M|
|poke|p2|Floette-Eternal, L50, F|
|poke|p2|Whimsicott, L50, F|
|poke|p2|Garchomp, L50, F|
|poke|p2|Basculegion, L50, M|
|poke|p2|Kingambit, L50, F|
|teampreview|4
|showteam|p1|Charizard||CharizarditeX|Blaze|Protect,DragonDance,DragonRush,FlareBlitz|Adamant||M|||50|]Milotic||Leftovers|Competitive|Coil,MuddyWater,Hypnosis,Protect|Calm||F|||50|]Floette-Eternal||Floettite|FlowerVeil|Moonblast,DazzlingGleam,Protect,CalmMind|Modest||F|||50|]Grimmsnarl||LightClay|Prankster|LightScreen,Reflect,SpiritBreak,PartingShot|Impish||M|||50|]Sinistcha||ColburBerry|Hospitality|MatchaGotcha,TrickRoom,RagePowder,Protect|Calm|||||50|]Incineroar||SitrusBerry|Intimidate|FakeOut,FlareBlitz,PartingShot,ThroatChop|Adamant||M|||50|
|showteam|p2|Charizard||CharizarditeY|Blaze|HeatWave,WeatherBall,SolarBeam,Protect|Modest||M|||50|]Floette-Eternal||Floettite|FlowerVeil|DazzlingGleam,Moonblast,LightofRuin,Protect|Modest||F|||50|]Whimsicott||FocusSash|Prankster|Tailwind,Moonblast,Encore,Protect|Timid||F|||50|]Garchomp||SitrusBerry|RoughSkin|StompingTantrum,RockSlide,DragonTail,PoisonJab|Adamant||F|||50|]Basculegion||ChoiceScarf|Adaptability|LastRespects,WaveCrash,FlipTurn,AquaJet|Jolly||M|||50|]Kingambit||LifeOrb|Defiant|SuckerPunch,KowtowCleave,IronHead,LowKick|Adamant||F|||50|
|inactive|Battle timer is ON: inactive players will automatically lose when time's up. (requested by ENDERLANDA)
|
|t:|1785180197
|teamsize|p1|4
|teamsize|p2|4
|start
|switch|p1a: Grimmsnarl|Grimmsnarl, L50, M|100/100
|switch|p1b: Charizard|Charizard, L50, M|100/100
|switch|p2a: Whimsicott|Whimsicott, L50, F|100/100
|switch|p2b: Floette|Floette-Eternal, L50, F|100/100
|turn|1
|
|t:|1785180215
|detailschange|p2b: Floette|Floette-Mega, L50, F
|-mega|p2b: Floette|Floette|Floettite
|-ability|p2b: Floette|Fairy Aura
|detailschange|p1b: Charizard|Charizard-Mega-X, L50, M
|-mega|p1b: Charizard|Charizard|Charizardite X
|move|p2a: Whimsicott|Tailwind|p2a: Whimsicott
|-sidestart|p2: ncnxx|move: Tailwind
|move|p1a: Grimmsnarl|Light Screen|p1a: Grimmsnarl
|-sidestart|p1: ENDERLANDA|move: Light Screen
|move|p2b: Floette|Dazzling Gleam|p1b: Charizard|[spread] p1a,p1b
|-supereffective|p1a: Grimmsnarl|1
|-damage|p1a: Grimmsnarl|48/100
|-damage|p1b: Charizard|64/100
|move|p1b: Charizard|Flare Blitz|p2a: Whimsicott
|-supereffective|p2a: Whimsicott|1
|-enditem|p2a: Whimsicott|Focus Sash
|-damage|p2a: Whimsicott|1/100
|-damage|p1b: Charizard|38/100|[from] Recoil
|
|upkeep
|turn|2
|
|t:|1785180240
|move|p1b: Charizard|Protect|p1b: Charizard
|-singleturn|p1b: Charizard|Protect
|move|p1a: Grimmsnarl|Parting Shot|p2b: Floette
|-unboost|p2b: Floette|atk|1
|-unboost|p2b: Floette|spa|1
|
|t:|1785180245
|switch|p1a: Sinistcha|Sinistcha, L50|100/100|[from] Parting Shot
|-heal|p1b: Charizard|63/100|[from] ability: Hospitality|[of] p1a: Sinistcha
|move|p2a: Whimsicott|Moonblast|p1b: Charizard
|-activate|p1b: Charizard|move: Protect
|move|p2b: Floette|Dazzling Gleam|p1b: Charizard|[spread] p1a
|-activate|p1b: Charizard|move: Protect
|-damage|p1a: Sinistcha|83/100
|
|upkeep
|turn|3
|
|t:|1785180263
|switch|p1b: Grimmsnarl|Grimmsnarl, L50, M|48/100
|move|p2a: Whimsicott|Encore|p1b: Grimmsnarl
|-hint|Since gen 7, Dark is immune to Prankster moves.
|-immune|p1b: Grimmsnarl
|move|p2b: Floette|Dazzling Gleam|p1b: Grimmsnarl|[spread] p1a,p1b
|-supereffective|p1b: Grimmsnarl|1
|-damage|p1a: Sinistcha|65/100
|-damage|p1b: Grimmsnarl|10/100
|move|p1a: Sinistcha|Matcha Gotcha|p2b: Floette|[spread] p2a,p2b
|-resisted|p2a: Whimsicott|1
|-damage|p2a: Whimsicott|0 fnt
|-heal|p1a: Sinistcha|65/100|[from] drain|[of] p2a: Whimsicott
|-damage|p2b: Floette|79/100
|-heal|p1a: Sinistcha|75/100|[from] drain|[of] p2b: Floette
|faint|p2a: Whimsicott
|
|upkeep
|
|t:|1785180281
|switch|p2a: Garchomp|Garchomp, L50, F|100/100
|turn|4
|
|t:|1785180294
|move|p2b: Floette|Protect|p2b: Floette
|-singleturn|p2b: Floette|Protect
|move|p1b: Grimmsnarl|Parting Shot|p2a: Garchomp
|-unboost|p2a: Garchomp|atk|1
|-unboost|p2a: Garchomp|spa|1
|
|t:|1785180299
|switch|p1b: Milotic|Milotic, L50, F|100/100|[from] Parting Shot
|move|p2a: Garchomp|Poison Jab|p1b: Milotic
|-damage|p1b: Milotic|84/100
|move|p1a: Sinistcha|Trick Room|p1a: Sinistcha
|-fieldstart|move: Trick Room|[of] p1a: Sinistcha
|
|-heal|p1b: Milotic|90/100|[from] item: Leftovers
|-sideend|p2: ncnxx|move: Tailwind
|upkeep
|turn|5
|
|t:|1785180318
|switch|p2b: Basculegion|Basculegion, L50, M|100/100
|move|p1a: Sinistcha|Matcha Gotcha|p2a: Garchomp|[spread] p2a,p2b
|-supereffective|p2b: Basculegion|1
|-damage|p2a: Garchomp|77/100
|-heal|p1a: Sinistcha|88/100|[from] drain|[of] p2a: Garchomp
|-damage|p2b: Basculegion|47/100
|-heal|p1a: Sinistcha|100/100|[from] drain|[of] p2b: Basculegion
|-status|p2a: Garchomp|brn
|move|p1b: Milotic|Coil|p1b: Milotic
|-boost|p1b: Milotic|atk|1
|-boost|p1b: Milotic|def|1
|-boost|p1b: Milotic|accuracy|1
|move|p2a: Garchomp|Poison Jab|p1a: Sinistcha
|-damage|p1a: Sinistcha|91/100
|
|-heal|p1b: Milotic|96/100|[from] item: Leftovers
|-damage|p2a: Garchomp|71/100 brn|[from] brn
|upkeep
|turn|6
|
|t:|1785180335
|move|p1a: Sinistcha|Matcha Gotcha|p2a: Garchomp|[spread] p2a,p2b
|-supereffective|p2b: Basculegion|1
|-damage|p2a: Garchomp|50/100g brn
|-heal|p1a: Sinistcha|100/100|[from] drain|[of] p2a: Garchomp
|-damage|p2b: Basculegion|0 fnt
|faint|p2b: Basculegion
|move|p1b: Milotic|Coil|p1b: Milotic
|-boost|p1b: Milotic|atk|1
|-boost|p1b: Milotic|def|1
|-boost|p1b: Milotic|accuracy|1
|move|p2a: Garchomp|Poison Jab|p1a: Sinistcha
|-damage|p1a: Sinistcha|92/100
|
|-heal|p1b: Milotic|100/100|[from] item: Leftovers
|-damage|p2a: Garchomp|44/100 brn|[from] brn
|upkeep
|-enditem|p2a: Garchomp|Sitrus Berry|[eat]
|-heal|p2a: Garchomp|69/100 brn|[from] item: Sitrus Berry
|
|t:|1785180340
|switch|p2b: Floette|Floette-Mega, L50, F|79/100
|-ability|p2b: Floette|Fairy Aura
|turn|7
|
|t:|1785180347
|move|p1a: Sinistcha|Matcha Gotcha|p2b: Floette|[spread] p2a,p2b
|-crit|p2a: Garchomp
|-damage|p2a: Garchomp|36/100 brn
|-heal|p1a: Sinistcha|100/100|[from] drain|[of] p2a: Garchomp
|-damage|p2b: Floette|60/100
|move|p1b: Milotic|Hypnosis|p2b: Floette
|-status|p2b: Floette|slp|[from] move: Hypnosis
|move|p2a: Garchomp|Poison Jab|p1a: Sinistcha
|-damage|p1a: Sinistcha|92/100
|cant|p2b: Floette|slp
|
|-damage|p2a: Garchomp|30/100 brn|[from] brn
|upkeep
|turn|8
|
|t:|1785180361
|move|p1a: Sinistcha|Matcha Gotcha|p2b: Floette|[spread] p2a,p2b
|-damage|p2a: Garchomp|8/100 brn
|-heal|p1a: Sinistcha|100/100|[from] drain|[of] p2a: Garchomp
|-damage|p2b: Floette|38/100 slp
|move|p1b: Milotic|Muddy Water|p2a: Garchomp|[spread] p2a,p2b
|-damage|p2a: Garchomp|0 fnt
|-damage|p2b: Floette|22/100 slp
|faint|p2a: Garchomp
|-curestatus|p2b: Floette|slp|[msg]
|move|p2b: Floette|Light of Ruin|p1b: Milotic
|-damage|p1b: Milotic|54/100
|-damage|p2b: Floette|0 fnt|[from] Recoil
|faint|p2b: Floette
|
|win|ENDERLANDA
|raw|ENDERLANDA's rating: 1228 → 1258(+30 for winning)
|raw|ncnxx's rating: 1299 → 1269(-30 for losing)
|c|☆ncnxx|gg
|c|☆ncnxx|anoying milotic
|l|☆ncnxx
|player|p2|
