|j|☆jschloe
|j|☆Cheesetalking
|html|jschloeCheesetalking    
|uhtml|bestof|Game 1 of a best-of-3
|t:|1785595550
|gametype|doubles
|player|p1|jschloe|hoopster|
|player|p2|Cheesetalking|170|
|gen|9
|tier|[Gen 9 Champions] VGC 2026 Reg M-B (Bo3)
|rule|Species Clause: Limit one of each Pokémon
|rule|Item Clause: Limit 1 of each item
|clearpoke
|poke|p1|Sableye, L50, F|
|poke|p1|Aerodactyl, L50, F|
|poke|p1|Raichu, L50, M|
|poke|p1|Sylveon, L50, M|
|poke|p1|Swampert, L50, F|
|poke|p1|Wyrdeer, L50, F|
|poke|p2|Staraptor, L50, F|
|poke|p2|Grimmsnarl, L50, M, shiny|
|poke|p2|Tinkaton, L50, F|
|poke|p2|Garchomp, L50, F|
|poke|p2|Luxray, L50, F|
|poke|p2|Gyarados, L50, M, shiny|
|teampreview|4
|showteam|p1|Sableye||LightClay|Prankster|FakeOut,WillOWisp,Reflect,Recover|Impish||F|||50|]Aerodactyl||FocusSash|Unnerve|RockSlide,Taunt,Tailwind,Protect|Jolly||F|||50|]Raichu||Magnet|LightningRod|Thunderbolt,FakeOut,Nuzzle,Protect|Timid||M|||50|]Sylveon||FairyFeather|Pixilate|HyperVoice,QuickAttack,Protect,Yawn|Modest||M|||50|]Swampert||LifeOrb|Torrent|Earthquake,Liquidation,IcePunch,WideGuard|Adamant||F|||50|]Wyrdeer||SitrusBerry|Intimidate|TrickRoom,Psychic,HelpingHand,Protect|Bold||F|||50|
|showteam|p2|Staraptor||Staraptite|Intimidate|Protect,Tailwind,BraveBird,SteelWing|Jolly||F|||50|]Grimmsnarl||LightClay|Prankster|ScaryFace,LightScreen,FakeOut,Reflect|Careful||M|||50|]Tinkaton|||Pickpocket|Protect,GigatonHammer,Encore,WoodHammer|Adamant||F|||50|]Garchomp||Garchompite|RoughSkin|Protect,RockSlide,Earthquake,ScaleShot|Adamant||F|||50|]Luxray||SitrusBerry|Intimidate|Electroweb,WildCharge,VoltSwitch,FireFang|Adamant||F|||50|]Gyarados||MysticWater|Intimidate|RainDance,Protect,Waterfall,HelpingHand|Adamant||M|||50|
|
|t:|1785595594
|teamsize|p1|4
|teamsize|p2|4
|start
|switch|p1a: Sylveon|Sylveon, L50, M|100/100
|switch|p1b: Raichu|Raichu, L50, M|100/100
|switch|p2a: Starbitch|Staraptor, L50, F|100/100
|switch|p2b: Grimmy Boy|Grimmsnarl, L50, M, shiny|100/100
|-ability|p2a: Starbitch|Intimidate|boost
|-unboost|p1a: Sylveon|atk|1
|-unboost|p1b: Raichu|atk|1
|turn|1
|
|t:|1785595625
|move|p2a: Starbitch|Protect|p2a: Starbitch
|-singleturn|p2a: Starbitch|Protect
|move|p1b: Raichu|Fake Out|p2b: Grimmy Boy
|-damage|p2b: Grimmy Boy|93/100
|cant|p2b: Grimmy Boy|flinch
|move|p1a: Sylveon|Hyper Voice|p2a: Starbitch|[spread] p2b
|-activate|p2a: Starbitch|move: Protect
|-supereffective|p2b: Grimmy Boy|1
|-damage|p2b: Grimmy Boy|14/100
|
|upkeep
|turn|2
|
|t:|1785595660
|move|p2b: Grimmy Boy|Reflect|p2b: Grimmy Boy
|-sidestart|p2: Cheesetalking|Reflect
|move|p1b: Raichu|Nuzzle|p2a: Starbitch
|-supereffective|p2a: Starbitch|1
|-damage|p2a: Starbitch|90/100
|-status|p2a: Starbitch|par
|move|p1a: Sylveon|Hyper Voice|p2b: Grimmy Boy|[spread] p2a,p2b
|-supereffective|p2b: Grimmy Boy|1
|-damage|p2a: Starbitch|16/100 par
|-damage|p2b: Grimmy Boy|0 fnt
|faint|p2b: Grimmy Boy
|move|p2a: Starbitch|Tailwind|p2a: Starbitch
|-sidestart|p2: Cheesetalking|move: Tailwind
|
|upkeep
|
|t:|1785595676
|switch|p2b: Galapagos|Gyarados, L50, M, shiny|100/100
|-ability|p2b: Galapagos|Intimidate|boost
|-unboost|p1a: Sylveon|atk|1
|-unboost|p1b: Raichu|atk|1
|turn|3
|
|t:|1785595692
|move|p2a: Starbitch|Protect|p2a: Starbitch
|-singleturn|p2a: Starbitch|Protect
|move|p2b: Galapagos|Waterfall|p1b: Raichu
|-damage|p1b: Raichu|2/100
|move|p1b: Raichu|Thunderbolt|p2b: Galapagos
|-supereffective|p2b: Galapagos|2
|-damage|p2b: Galapagos|0 fnt
|faint|p2b: Galapagos
|move|p1a: Sylveon|Hyper Voice|p2a: Starbitch
|-activate|p2a: Starbitch|move: Protect
|
|upkeep
|
|t:|1785595705
|switch|p2b: Baby Boy|Luxray, L50, F|100/100
|-ability|p2b: Baby Boy|Intimidate|boost
|-unboost|p1a: Sylveon|atk|1
|-unboost|p1b: Raichu|atk|1
|turn|4
|
|t:|1785595728
|move|p1b: Raichu|Protect|p1b: Raichu
|-singleturn|p1b: Raichu|Protect
|move|p2b: Baby Boy|Volt Switch|p1b: Raichu
|-activate|p1b: Raichu|ability: Lightning Rod
|-activate|p1b: Raichu|move: Protect
|move|p2a: Starbitch|Steel Wing|p1b: Raichu
|-activate|p1b: Raichu|move: Protect
|move|p1a: Sylveon|Hyper Voice|p2b: Baby Boy|[spread] p2a,p2b
|-crit|p2b: Baby Boy
|-damage|p2a: Starbitch|0 fnt
|-damage|p2b: Baby Boy|13/100
|-enditem|p2b: Baby Boy|Sitrus Berry|[eat]
|-heal|p2b: Baby Boy|38/100|[from] item: Sitrus Berry
|faint|p2a: Starbitch
|
|upkeep
|turn|5
|
|t:|1785595761
|switch|p1b: Swampert|Swampert, L50, F|100/100
|move|p2b: Baby Boy|Electroweb|p1b: Swampert|[spread] p1a
|-immune|p1b: Swampert
|-damage|p1a: Sylveon|91/100
|-unboost|p1a: Sylveon|spe|1
|move|p1a: Sylveon|Hyper Voice|p2b: Baby Boy
|-damage|p2b: Baby Boy|0 fnt
|faint|p2b: Baby Boy
|
|win|jschloe
|inactive|jschloe has 30 seconds to confirm battle start!
|inactive|Cheesetalking has 30 seconds to confirm battle start!
