|j|☆ProfessorSorin
|j|☆Agupon ♥️
|html|ProfessorSorinAgupon ♥️    
|uhtml|bestof|Game 3 of a best-of-3
|t:|1784526522
|gametype|doubles
|player|p1|ProfessorSorin|169|1140
|player|p2|Agupon ♥️|winona-gen6|1098
|gen|9
|tier|[Gen 9 Champions] VGC 2026 Reg M-B (Bo3)
|rated|
|rule|Species Clause: Limit one of each Pokémon
|rule|Item Clause: Limit 1 of each item
|clearpoke
|poke|p1|Farigiraf, L50, F, shiny|
|poke|p1|Blastoise, L50, F, shiny|
|poke|p1|Sylveon, L50, F, shiny|
|poke|p1|Torkoal, L50, F, shiny|
|poke|p1|Vileplume, L50, M, shiny|
|poke|p1|Kingambit, L50, F, shiny|
|poke|p2|Grimmsnarl, L50, M|
|poke|p2|Gholdengo, L50|
|poke|p2|Tyranitar, L50, F|
|poke|p2|Garchomp, L50, M|
|poke|p2|Scovillain, L50, M|
|poke|p2|Rotom-Wash, L50|
|teampreview|4
|showteam|p1|Farigiraf||ColburBerry|ArmorTail|TrickRoom,Protect,Imprison,Psychic|Relaxed||F|||50|]Blastoise||Blastoisinite|RainDish|WaterSpout,AuraSphere,DarkPulse,FakeOut|Quiet||F|||50|]Sylveon||FairyFeather|Pixilate|HyperVoice,MysticalFire,CalmMind,Detect|Quiet||F|||50|]Torkoal||Charcoal|Drought|Eruption,HeatWave,Protect,WeatherBall|Quiet||F|||50|]Vileplume||FocusSash|Chlorophyll|AfterYou,EnergyBall,SludgeBomb,SleepPowder|Timid||M|||50|]Kingambit||BlackGlasses|Defiant|KowtowCleave,IronHead,SuckerPunch,Protect|Brave||F|||50|
|showteam|p2|Grimmsnarl||LightClay|Prankster|SpiritBreak,LightScreen,Reflect,PartingShot|Impish||M|||50|]Gholdengo||Leftovers|GoodasGold|Protect,NastyPlot,ShadowBall,MakeItRain|Serious|||||50|]Tyranitar||Tyranitarite|SandStream|RockSlide,KnockOff,DragonDance,Protect|Adamant||F|||50|]Garchomp||LifeOrb|RoughSkin|StompingTantrum,DragonClaw,RockSlide,Protect|Jolly||M|||50|]Scovillain||Scovillainite|Moody|Protect,GigaDrain,Overheat,RagePowder|Bold||M|||50|]Rotom-Wash||Magnet|Levitate|HydroPump,Thunderbolt,VoltSwitch,Protect|Modest|||||50|
|inactive|Battle timer is ON: inactive players will automatically lose when time's up. (requested by ProfessorSorin)
|
|t:|1784526558
|teamsize|p1|4
|teamsize|p2|4
|start
|switch|p1a: Farigiraf|Farigiraf, L50, F, shiny|100/100
|switch|p1b: Blastoise|Blastoise, L50, F, shiny|100/100
|switch|p2a: Scovillain|Scovillain, L50, M|100/100
|switch|p2b: Garchomp|Garchomp, L50, M|100/100
|turn|1
|
|t:|1784526568
|move|p1b: Blastoise|Fake Out|p2a: Scovillain
|-damage|p2a: Scovillain|90/100
|move|p2b: Garchomp|Rock Slide|p1a: Farigiraf|[spread] p1a,p1b
|-damage|p1a: Farigiraf|80/100
|-damage|p1b: Blastoise|74/100
|-damage|p2b: Garchomp|90/100|[from] item: Life Orb
|cant|p2a: Scovillain|flinch
|cant|p1a: Farigiraf|flinch
|
|-ability|p2a: Scovillain|Moody|boost
|-boost|p2a: Scovillain|def|2
|-unboost|p2a: Scovillain|spd|1
|upkeep
|turn|2
|
|t:|1784526590
|switch|p1b: Sylveon|Sylveon, L50, F, shiny|100/100
|move|p2a: Scovillain|Protect|p2a: Scovillain
|-singleturn|p2a: Scovillain|Protect
|move|p2b: Garchomp|Rock Slide|p1a: Farigiraf|[spread] p1b
|-miss|p2b: Garchomp|p1a: Farigiraf
|-damage|p1b: Sylveon|69/100
|-damage|p2b: Garchomp|80/100|[from] item: Life Orb
|move|p1a: Farigiraf|Trick Room|p1a: Farigiraf
|-fieldstart|move: Trick Room|[of] p1a: Farigiraf
|
|-ability|p2a: Scovillain|Moody|boost
|-boost|p2a: Scovillain|spe|2
|-unboost|p2a: Scovillain|spa|1
|upkeep
|turn|3
|inactive|Agupon ♥️ has 30 seconds left.
|
|t:|1784526617
|move|p1b: Sylveon|Calm Mind|p1b: Sylveon
|-boost|p1b: Sylveon|spa|1
|-boost|p1b: Sylveon|spd|1
|move|p1a: Farigiraf|Imprison|p1a: Farigiraf
|-start|p1a: Farigiraf|move: Imprison
|move|p2b: Garchomp|Stomping Tantrum|p1b: Sylveon
|-damage|p1b: Sylveon|11/100
|-damage|p2b: Garchomp|70/100|[from] item: Life Orb
|move|p2a: Scovillain|Giga Drain|p1b: Sylveon
|-damage|p1b: Sylveon|2/100
|-heal|p2a: Scovillain|95/100|[from] drain|[of] p1b: Sylveon
|
|-ability|p2a: Scovillain|Moody|boost
|-boost|p2a: Scovillain|atk|2
|-unboost|p2a: Scovillain|spa|1
|upkeep
|turn|4
|
|t:|1784526637
|switch|p2a: Rotom|Rotom-Wash, L50|100/100
|move|p1a: Farigiraf|Psychic|p2a: Rotom
|-damage|p2a: Rotom|61/100
|move|p1b: Sylveon|Hyper Voice|p2a: Rotom|[spread] p2a,p2b
|-supereffective|p2b: Garchomp|1
|-damage|p2a: Rotom|0 fnt
|-damage|p2b: Garchomp|0 fnt
|faint|p2a: Rotom
|faint|p2b: Garchomp
|
|upkeep
|
|t:|1784526645
|switch|p2a: Scovillain|Scovillain, L50, M|95/100
|switch|p2b: Tyranitar|Tyranitar, L50, F|100/100
|-weather|Sandstorm|[from] ability: Sand Stream|[of] p2b: Tyranitar
|turn|5
|
|t:|1784526652
|switch|p1a: Torkoal|Torkoal, L50, F, shiny|100/100
|-weather|SunnyDay|[from] ability: Drought|[of] p1a: Torkoal
|move|p1b: Sylveon|Hyper Voice|p2a: Scovillain|[spread] p2a,p2b
|-resisted|p2a: Scovillain|1
|-supereffective|p2b: Tyranitar|1
|-damage|p2a: Scovillain|50/100g
|-damage|p2b: Tyranitar|0 fnt
|faint|p2b: Tyranitar
|move|p2a: Scovillain|Giga Drain|p1b: Sylveon
|-damage|p1b: Sylveon|0 fnt
|-heal|p2a: Scovillain|52/100|[from] drain|[of] p1b: Sylveon
|faint|p1b: Sylveon
|
|-weather|SunnyDay|[upkeep]
|-ability|p2a: Scovillain|Moody|boost
|-boost|p2a: Scovillain|spa|2
|-unboost|p2a: Scovillain|atk|1
|upkeep
|
|t:|1784526662
|switch|p1b: Farigiraf|Farigiraf, L50, F, shiny|80/100
|turn|6
|
|t:|1784526674
|switch|p1a: Blastoise|Blastoise, L50, F, shiny|74/100
|move|p2a: Scovillain|Protect|p2a: Scovillain
|-singleturn|p2a: Scovillain|Protect
|move|p1b: Farigiraf|Psychic|p2a: Scovillain
|-activate|p2a: Scovillain|move: Protect
|
|-weather|SunnyDay|[upkeep]
|-fieldend|move: Trick Room
|-ability|p2a: Scovillain|Moody|boost
|-boost|p2a: Scovillain|spe|2
|-unboost|p2a: Scovillain|spd|1
|upkeep
|turn|7
|
|t:|1784526693
|detailschange|p2a: Scovillain|Scovillain-Mega, L50, M
|-mega|p2a: Scovillain|Scovillain|Scovillainite
|detailschange|p1a: Blastoise|Blastoise-Mega, L50, F, shiny
|-mega|p1a: Blastoise|Blastoise|Blastoisinite
|move|p1a: Blastoise|Fake Out|p2a: Scovillain
|-damage|p2a: Scovillain|43/100
|-status|p1a: Blastoise|brn|[from] ability: Spicy Spray|[of] p2a: Scovillain
|cant|p2a: Scovillain|flinch
|move|p1b: Farigiraf|Trick Room|p1b: Farigiraf
|-fieldstart|move: Trick Room|[of] p1b: Farigiraf
|
|-weather|SunnyDay|[upkeep]
|-damage|p1a: Blastoise|68/100 brn|[from] brn
|upkeep
|turn|8
|
|t:|1784526706
|move|p1b: Farigiraf|Psychic|p2a: Scovillain
|-damage|p2a: Scovillain|0 fnt
|-status|p1b: Farigiraf|brn|[from] ability: Spicy Spray|[of] p2a: Scovillain
|faint|p2a: Scovillain
|
|win|ProfessorSorin
|raw|ProfessorSorin's rating: 1140 → 1162(+22 for winning)
|raw|Agupon ♥️'s rating: 1098 → 1076(-22 for losing)
|l|☆Agupon ♥️
|player|p2|
