|j|☆gunkqing
|j|☆Tizio20
|html|gunkqingTizio20    
|uhtml|bestof|Game 1 of a best-of-3
|t:|1756920112
|gametype|doubles
|player|p1|gunkqing|striker|
|player|p2|Tizio20|hilda-wonderlauncher|
|gen|9
|tier|[Gen 9] VGC 2025 Reg H (Bo3)
|rule|Species Clause: Limit one of each Pokémon
|rule|Item Clause: Limit 1 of each item
|clearpoke
|poke|p1|Rillaboom, L50, F|
|poke|p1|Electabuzz, L50, M|
|poke|p1|Kommo-o, L50, F|
|poke|p1|Incineroar, L50, F|
|poke|p1|Basculegion, L50, M|
|poke|p1|Sylveon, L50, M|
|poke|p2|Typhlosion-Hisui, L50, M|
|poke|p2|Whimsicott, L50, F|
|poke|p2|Gyarados, L50, M|
|poke|p2|Ursaluna-Bloodmoon, L50, M|
|poke|p2|Kingambit, L50, F|
|poke|p2|Gengar, L50, M|
|teampreview|4
|showteam|p1|Rillaboom||MeadowPlate|GrassySurge|FakeOut,WoodHammer,GrassyGlide,Uturn|||F|||50|,,,,,Fire]Electabuzz||Eviolite|VitalSpirit|FollowMe,Thunderbolt,Taunt,Protect|||M|||50|,,,,,Dragon]Kommo-o||Leftovers|Soundproof|ClangingScales,ClangorousSoul,Flamethrower,Protect|||F|||50|,,,,,Fire]Incineroar||AssaultVest|Intimidate|FakeOut,FlareBlitz,KnockOff,Uturn|||F|||50|,,,,,Ghost]Basculegion||ChoiceScarf|Adaptability|WaveCrash,AquaJet,LastRespects,FlipTurn|||M|||50|,,,,,Grass]Sylveon||LifeOrb|Pixilate|HyperVoice,Moonblast,Reflect,Detect|||M|||50|,,,,,Fairy
|showteam|p2|Typhlosion-Hisui||ChoiceSpecs|Blaze|Eruption,HeatWave,Overheat,ShadowBall|||M|||50|,,,,,Fire]Whimsicott||CovertCloak|Prankster|Tailwind,SunnyDay,FakeTears,Moonblast|||F|||50|,,,,,Water]Gyarados||SafetyGoggles|Intimidate|Waterfall,ThunderWave,Taunt,Protect|||M|||50|,,,,,Steel]Ursaluna-Bloodmoon||LifeOrb|MindsEye|Protect,BloodMoon,HyperVoice,EarthPower|||M|||50|,,,,,Normal]Kingambit||AssaultVest|Defiant|KowtowCleave,SuckerPunch,IronHead,LowKick|||F|||50|,,,,,Fairy]Gengar||FocusSash|CursedBody|SludgeBomb,ShadowBall,Haze,Protect|||M|||50|,,,,,Stellar
|inactive|Battle timer is ON: inactive players will automatically lose when time's up. (requested by gunkqing)
|c|☆gunkqing|glhf!
|c|☆Tizio20|glhf
|inactive|gunkqing has 60 seconds left.
|inactive|Tizio20 has 60 seconds left.
|
|t:|1756920170
|teamsize|p1|4
|teamsize|p2|4
|start
|switch|p1a: Kommo-o|Kommo-o, L50, F|100/100
|switch|p1b: Incineroar|Incineroar, L50, F|100/100
|switch|p2a: Whimsicott|Whimsicott, L50, F|100/100
|switch|p2b: Gengar|Gengar, L50, M|100/100
|-ability|p1b: Incineroar|Intimidate|boost
|-unboost|p2a: Whimsicott|atk|1
|-unboost|p2b: Gengar|atk|1
|turn|1
|inactive|Tizio20 has 30 seconds left.
|
|t:|1756920198
|move|p1a: Kommo-o|Protect|p1a: Kommo-o
|-singleturn|p1a: Kommo-o|Protect
|move|p2a: Whimsicott|Tailwind|p2a: Whimsicott
|-sidestart|p2: Tizio20|move: Tailwind
|move|p2b: Gengar|Sludge Bomb|p1a: Kommo-o
|-activate|p1a: Kommo-o|move: Protect
|move|p1b: Incineroar|Flare Blitz|p2a: Whimsicott
|-supereffective|p2a: Whimsicott
|-damage|p2a: Whimsicott|0 fnt
|faint|p2a: Whimsicott
|-damage|p1b: Incineroar|73/100|[from] Recoil
|
|upkeep
|
|t:|1756920205
|switch|p2a: Ursaluna|Ursaluna-Bloodmoon, L50, M|100/100
|turn|2
|inactive|gunkqing has 30 seconds left.
|
|t:|1756920231
|switch|p1a: Basculegion|Basculegion, L50, M|100/100
|-terastallize|p2a: Ursaluna|Normal
|move|p2b: Gengar|Sludge Bomb|p1b: Incineroar
|-damage|p1b: Incineroar|43/100
|-status|p1b: Incineroar|psn
|move|p2a: Ursaluna|Blood Moon|p1a: Basculegion
|-damage|p1a: Basculegion|0 fnt
|faint|p1a: Basculegion
|-damage|p2a: Ursaluna|90/100|[from] item: Life Orb
|move|p1b: Incineroar|U-turn|p2b: Gengar
|-resisted|p2b: Gengar
|-damage|p2b: Gengar|89/100
|
|t:|1756920245
|switch|p1b: Kommo-o|Kommo-o, L50, F|100/100|[from] U-turn
|
|upkeep
|
|t:|1756920256
|switch|p1a: Electabuzz|Electabuzz, L50, M|100/100
|turn|3
|
|t:|1756920264
|move|p1b: Kommo-o|Protect|p1b: Kommo-o
|-singleturn|p1b: Kommo-o|Protect
|move|p1a: Electabuzz|Protect|p1a: Electabuzz
|-singleturn|p1a: Electabuzz|Protect
|move|p2b: Gengar|Sludge Bomb|p1b: Kommo-o
|-activate|p1b: Kommo-o|move: Protect
|move|p2a: Ursaluna|Earth Power|p1a: Electabuzz
|-activate|p1a: Electabuzz|move: Protect
|
|upkeep
|turn|4
|
|t:|1756920280
|-terastallize|p1a: Electabuzz|Dragon
|move|p1a: Electabuzz|Follow Me|p1a: Electabuzz
|-singleturn|p1a: Electabuzz|move: Follow Me
|move|p2b: Gengar|Sludge Bomb|p1a: Electabuzz
|-damage|p1a: Electabuzz|66/100
|-status|p1a: Electabuzz|psn
|move|p2a: Ursaluna|Earth Power|p1a: Electabuzz
|-damage|p1a: Electabuzz|10/100 psn
|-damage|p2a: Ursaluna|80/100|[from] item: Life Orb
|move|p1b: Kommo-o|Clangorous Soul|p1b: Kommo-o
|-boost|p1b: Kommo-o|atk|1
|-boost|p1b: Kommo-o|def|1
|-boost|p1b: Kommo-o|spa|1
|-boost|p1b: Kommo-o|spd|1
|-boost|p1b: Kommo-o|spe|1
|-damage|p1b: Kommo-o|68/100
|
|-heal|p1b: Kommo-o|74/100|[from] item: Leftovers
|-damage|p1a: Electabuzz|0 fnt|[from] psn
|faint|p1a: Electabuzz
|-sideend|p2: Tizio20|move: Tailwind
|upkeep
|
|t:|1756920288
|switch|p1a: Incineroar|Incineroar, L50, F|43/100 psn
|-ability|p1a: Incineroar|Intimidate|boost
|-unboost|p2a: Ursaluna|atk|1
|-unboost|p2b: Gengar|atk|1
|turn|5
|
|t:|1756920306
|move|p1a: Incineroar|Fake Out|p2a: Ursaluna
|-damage|p2a: Ursaluna|69/100
|move|p1b: Kommo-o|Clanging Scales|p2a: Ursaluna|[spread] p2a,p2b
|-damage|p2a: Ursaluna|0 fnt
|-damage|p2b: Gengar|0 fnt
|faint|p2a: Ursaluna
|faint|p2b: Gengar
|-unboost|p1b: Kommo-o|def|1
|
|-heal|p1b: Kommo-o|79/100|[from] item: Leftovers
|-damage|p1a: Incineroar|30/100 psn|[from] psn
|upkeep
|
|t:|1756920312
|switch|p2b: Typhlosion|Typhlosion-Hisui, L50, M|100/100
|turn|6
|
|t:|1756920323
|move|p1b: Kommo-o|Clanging Scales|p2b: Typhlosion
|-damage|p2b: Typhlosion|0 fnt
|faint|p2b: Typhlosion
|
|win|gunkqing
||Tizio20 is ready for game 2.
||gunkqing is ready for game 2.
|uhtml|next|Next: Game 2 of 3
|l|☆Tizio20
|player|p2|
