|j|☆andiom123
|j|☆h0000n
|html|andiom123h0000n    
|uhtml|bestof|Game 1 of a best-of-3
|t:|1785368722
|gametype|doubles
|player|p1|andiom123|red|1229
|player|p2|h0000n|hoopster|1106
|gen|9
|tier|[Gen 9 Champions] VGC 2026 Reg M-B (Bo3)
|rated|
|rule|Species Clause: Limit one of each Pokémon
|rule|Item Clause: Limit 1 of each item
|clearpoke
|poke|p1|Incineroar, L50, M|
|poke|p1|Farigiraf, L50, F|
|poke|p1|Sylveon, L50, M|
|poke|p1|Torkoal, L50, M|
|poke|p1|Kangaskhan, L50, F|
|poke|p1|Mudsdale, L50, F|
|poke|p2|Kingambit, L50, M|
|poke|p2|Farigiraf, L50, M|
|poke|p2|Basculegion, L50, M|
|poke|p2|Corviknight, L50, F|
|poke|p2|Tyranitar, L50, F|
|poke|p2|Floette-Eternal, L50, F|
|teampreview|4
|showteam|p1|Incineroar||MuscleBand|Intimidate|ThroatChop,FlareBlitz,FakeOut,PartingShot|Brave||M|||50|]Farigiraf||SitrusBerry|ArmorTail|FoulPlay,PsychicNoise,TrickRoom,HelpingHand|Relaxed||F|||50|]Sylveon||FairyFeather|Pixilate|HyperVoice,HyperBeam,Yawn,Detect|Modest||M|||50|]Torkoal||Charcoal|Drought|Eruption,EarthPower,Flamethrower,Protect|Quiet||M|||50|]Kangaskhan||Kangaskhanite|Scrappy|DoubleEdge,FakeOut,IcePunch,HammerArm|Brave||F|||50|]Mudsdale||LifeOrb|InnerFocus|HighHorsepower,Earthquake,RockSlide,HeavySlam|Brave||F|||50|
|showteam|p2|Kingambit||LifeOrb|Defiant|KowtowCleave,SwordsDance,SuckerPunch,Protect|Adamant||M|||50|]Farigiraf||SitrusBerry|ArmorTail|Psychic,HelpingHand,HyperVoice,TrickRoom|Quiet||M|||50|]Basculegion||ChoiceScarf|SwiftSwim|WaveCrash,AquaJet,LastRespects,FlipTurn|Adamant||M|||50|]Corviknight||Leftovers|MirrorArmor|BodyPress,BulkUp,BraveBird,Tailwind|Adamant||F|||50|]Tyranitar||Tyranitarite|SandStream|LowKick,RockSlide,KnockOff,Protect|Adamant||F|||50|]Floette-Eternal||Floettite|FlowerVeil|Moonblast,DazzlingGleam,Protect,CalmMind|Timid||F|||50|
|
|t:|1785368772
|teamsize|p1|4
|teamsize|p2|4
|start
|switch|p1a: Farigiraf|Farigiraf, L50, F|100/100
|switch|p1b: Kangaskhan|Kangaskhan, L50, F|100/100
|switch|p2a: Kingambit|Kingambit, L50, M|100/100
|switch|p2b: Tyranitar|Tyranitar, L50, F|100/100
|-weather|Sandstorm|[from] ability: Sand Stream|[of] p2b: Tyranitar
|turn|1
|
|t:|1785368820
|switch|p2b: Farigiraf|Farigiraf, L50, M|100/100
|detailschange|p1b: Kangaskhan|Kangaskhan-Mega, L50, F
|-mega|p1b: Kangaskhan|Kangaskhan|Kangaskhanite
|move|p1b: Kangaskhan|Hammer Arm|p2b: Farigiraf
|-damage|p2b: Farigiraf|61/100
|-unboost|p1b: Kangaskhan|spe|1
|-damage|p2b: Farigiraf|51/100
|-unboost|p1b: Kangaskhan|spe|1
|-hitcount|p2b: Farigiraf|2
|move|p2a: Kingambit|Kowtow Cleave|p1a: Farigiraf
|-supereffective|p1a: Farigiraf|1
|-damage|p1a: Farigiraf|0 fnt
|faint|p1a: Farigiraf
|-damage|p2a: Kingambit|90/100|[from] item: Life Orb
|
|-weather|Sandstorm|[upkeep]
|-damage|p2b: Farigiraf|45/100|[from] Sandstorm
|-damage|p1b: Kangaskhan|93/100|[from] Sandstorm
|-enditem|p2b: Farigiraf|Sitrus Berry|[eat]
|-heal|p2b: Farigiraf|70/100|[from] item: Sitrus Berry
|upkeep
|
|t:|1785368838
|switch|p1a: Sylveon|Sylveon, L50, M|100/100
|turn|2
|
|t:|1785368852
|switch|p2a: Basculegion|Basculegion, L50, M|100/100
|move|p1a: Sylveon|Hyper Voice|p2a: Basculegion|[spread] p2a,p2b
|-damage|p2a: Basculegion|49/100
|-damage|p2b: Farigiraf|19/100
|move|p2b: Farigiraf|Psychic|p1a: Sylveon
|-damage|p1a: Sylveon|63/100
|move|p1b: Kangaskhan|Hammer Arm|p2a: Basculegion
|-immune|p2a: Basculegion
|
|-weather|Sandstorm|[upkeep]
|-damage|p2a: Basculegion|43/100|[from] Sandstorm
|-damage|p1a: Sylveon|57/100|[from] Sandstorm
|-damage|p2b: Farigiraf|13/100|[from] Sandstorm
|-damage|p1b: Kangaskhan|87/100|[from] Sandstorm
|upkeep
|turn|3
|inactive|Battle timer is ON: inactive players will automatically lose when time's up. (requested by h0000n)
|
|t:|1785368881
|move|p2b: Farigiraf|Helping Hand|p2a: Basculegion
|-singleturn|p2a: Basculegion|Helping Hand|[of] p2b: Farigiraf
|move|p1a: Sylveon|Detect|p1a: Sylveon
|-singleturn|p1a: Sylveon|Protect
|move|p2a: Basculegion|Wave Crash|p1a: Sylveon
|-activate|p1a: Sylveon|move: Protect
|move|p1b: Kangaskhan|Ice Punch|p2b: Farigiraf
|-damage|p2b: Farigiraf|0 fnt
|faint|p2b: Farigiraf
|
|-weather|Sandstorm|[upkeep]
|-damage|p2a: Basculegion|37/100|[from] Sandstorm
|-damage|p1a: Sylveon|51/100|[from] Sandstorm
|-damage|p1b: Kangaskhan|81/100|[from] Sandstorm
|upkeep
|
|t:|1785368893
|switch|p2b: Kingambit|Kingambit, L50, M|90/100
|turn|4
|
|t:|1785368904
|switch|p1b: Torkoal|Torkoal, L50, M|100/100
|-weather|SunnyDay|[from] ability: Drought|[of] p1b: Torkoal
|move|p2b: Kingambit|Protect|p2b: Kingambit
|-singleturn|p2b: Kingambit|Protect
|move|p2a: Basculegion|Wave Crash|p1a: Sylveon
|-damage|p1a: Sylveon|21/100
|-damage|p2a: Basculegion|27/100|[from] Recoil
|move|p1a: Sylveon|Hyper Voice|p2b: Kingambit|[spread] p2a
|-activate|p2b: Kingambit|move: Protect
|-damage|p2a: Basculegion|0 fnt
|faint|p2a: Basculegion
|
|-weather|SunnyDay|[upkeep]
|upkeep
|
|t:|1785368915
|switch|p2a: Tyranitar|Tyranitar, L50, F|100/100
|-weather|Sandstorm|[from] ability: Sand Stream|[of] p2a: Tyranitar
|turn|5
|inactive|andiom123 has 30 seconds left.
|
|t:|1785368947
|move|p2b: Kingambit|Sucker Punch|p1a: Sylveon
|-resisted|p1a: Sylveon|1
|-damage|p1a: Sylveon|0 fnt
|faint|p1a: Sylveon
|-damage|p2b: Kingambit|80/100|[from] item: Life Orb
|move|p2a: Tyranitar|Rock Slide|p1b: Torkoal
|-supereffective|p1b: Torkoal|1
|-damage|p1b: Torkoal|38/100
|move|p1b: Torkoal|Flamethrower|p2b: Kingambit
|-supereffective|p2b: Kingambit|1
|-damage|p2b: Kingambit|0 fnt
|faint|p2b: Kingambit
|
|-weather|Sandstorm|[upkeep]
|-damage|p1b: Torkoal|32/100|[from] Sandstorm
|upkeep
|
|t:|1785368961
|switch|p1a: Kangaskhan|Kangaskhan-Mega, L50, F|81/100
|turn|6
|
|t:|1785368967
|move|p2a: Tyranitar|Protect|p2a: Tyranitar
|-singleturn|p2a: Tyranitar|Protect
|move|p1a: Kangaskhan|Fake Out|p2a: Tyranitar
|-activate|p2a: Tyranitar|move: Protect
|move|p1b: Torkoal|Earth Power|p2a: Tyranitar
|-activate|p2a: Tyranitar|move: Protect
|
|-weather|Sandstorm|[upkeep]
|-damage|p1a: Kangaskhan|75/100|[from] Sandstorm
|-damage|p1b: Torkoal|26/100|[from] Sandstorm
|upkeep
|turn|7
|
|t:|1785368978
|detailschange|p2a: Tyranitar|Tyranitar-Mega, L50, F
|-mega|p2a: Tyranitar|Tyranitar|Tyranitarite
|move|p1b: Torkoal|Protect|p1b: Torkoal
|-singleturn|p1b: Torkoal|Protect
|move|p1a: Kangaskhan|Hammer Arm|p2a: Tyranitar|[miss]
|-miss|p1a: Kangaskhan|p2a: Tyranitar
|move|p2a: Tyranitar|Low Kick|p1a: Kangaskhan
|-supereffective|p1a: Kangaskhan|1
|-damage|p1a: Kangaskhan|3/100
|
|-weather|Sandstorm|[upkeep]
|-damage|p1a: Kangaskhan|0 fnt|[from] Sandstorm
|-damage|p1b: Torkoal|20/100y|[from] Sandstorm
|faint|p1a: Kangaskhan
|upkeep
|turn|8
|-message|andiom123 forfeited.
|
|win|h0000n
||andiom123 is ready for game 2.
|inactive|h0000n has 30 seconds to confirm battle start!
||h0000n is ready for game 2.
|uhtml|next|Next: Game 2 of 3
|l|☆h0000n
|player|p2|
