|j|☆KayDeeVGC
|j|☆joeryvught
|html|KayDeeVGCjoeryvught    
|uhtml|bestof|Game 2 of a best-of-3
|t:|1782669979
|gametype|doubles
|player|p1|KayDeeVGC|1|
|player|p2|joeryvught|266|
|gen|9
|tier|[Gen 9 Champions] VGC 2026 Reg M-B (Bo3)
|rule|Species Clause: Limit one of each Pokémon
|rule|Item Clause: Limit 1 of each item
|clearpoke
|poke|p1|Swampert, L50, F|
|poke|p1|Mawile, L50, F|
|poke|p1|Archaludon, L50, M|
|poke|p1|Pelipper, L50, M|
|poke|p1|Sinistcha, L50|
|poke|p1|Armarouge, L50, F|
|poke|p2|Torkoal, L50, M|
|poke|p2|Oranguru, L50, F|
|poke|p2|Scrafty, L50, F|
|poke|p2|Gardevoir, L50, M|
|poke|p2|Vileplume, L50, M|
|poke|p2|Lucario, L50, F|
|teampreview|4
|showteam|p1|Swampert||Swampertite|Torrent|WaveCrash,HighHorsepower,IcePunch,Protect|Adamant||F|||50|]Mawile||Mawilite|Intimidate|IronHead,PlayRough,SuckerPunch,Protect|Brave||F|||50|]Archaludon||Leftovers|Stamina|FlashCannon,DragonPulse,ElectroShot,Protect|Modest||M|||50|]Pelipper||LifeOrb|Drizzle|WeatherBall,Hurricane,Tailwind,Protect|Timid||M|||50|]Sinistcha||KasibBerry|Hospitality|MatchaGotcha,RagePowder,TrickRoom,Protect|Bold|||||50|]Armarouge||SitrusBerry|FlashFire|Psychic,WideGuard,TrickRoom,ArmorCannon|Quiet||F|||50|
|showteam|p2|Torkoal||Charcoal|Drought|Eruption,WeatherBall,EarthPower,Protect|Quiet||M|||50|]Oranguru||WhiteHerb|InnerFocus|Instruct,Encore,TrickRoom,Protect|Bold||F|||50|]Scrafty||Scraftinite|Intimidate|FakeOut,DrainPunch,KnockOff,RockSlide|Brave||F|||50|]Gardevoir||Gardevoirite|Synchronize|Psychic,Moonblast,HyperVoice,Protect|Timid||M|||50|]Vileplume||FocusSash|Chlorophyll|LeafStorm,SludgeBomb,SleepPowder,AfterYou|Modest||M|||50|]Lucario||ChoiceScarf|InnerFocus|SteelBeam,FinalGambit,HelpingHand,SunnyDay|Timid||F|||50|
|j| JeSuffeMoeder
|j| CarrotsAreVeryPog
|j| GielBakker
|
|t:|1782670010
|teamsize|p1|4
|teamsize|p2|4
|start
|switch|p1a: Brazotes|Swampert, L50, F|100/100
|switch|p1b: Puente|Archaludon, L50, M|100/100
|switch|p2a: Oranguru|Oranguru, L50, F|100/100
|switch|p2b: Lucario|Lucario, L50, F|100/100
|turn|1
|inactive|Battle timer is ON: inactive players will automatically lose when time's up. (requested by joeryvught)
|l| JeSuffeMoeder
|inactive|KayDeeVGC has 60 seconds left.
|j| JeSuffeMoeder
|
|t:|1782670057
|move|p1a: Brazotes|Protect|p1a: Brazotes
|-singleturn|p1a: Brazotes|Protect
|move|p1b: Puente|Protect|p1b: Puente
|-singleturn|p1b: Puente|Protect
|move|p2b: Lucario|Steel Beam|p1a: Brazotes
|-activate|p1a: Brazotes|move: Protect
|-damage|p2b: Lucario|49/100|[from] steelbeam
|move|p2a: Oranguru|Trick Room|p2a: Oranguru
|-fieldstart|move: Trick Room|[of] p2a: Oranguru
|
|upkeep
|turn|2
|inactive|joeryvught has 30 seconds left.
|
|t:|1782670083
|move|p2a: Oranguru|Encore|p1b: Puente
|-start|p1b: Puente|Encore
|move|p1b: Puente|Protect||[still]
|-fail|p1b: Puente
|move|p1a: Brazotes|Wave Crash|p2b: Lucario
|-damage|p2b: Lucario|0 fnt
|faint|p2b: Lucario
|-damage|p1a: Brazotes|83/100|[from] Recoil
|
|upkeep
|
|t:|1782670096
|switch|p2b: Scrafty|Scrafty, L50, F|100/100
|-ability|p2b: Scrafty|Intimidate|boost
|-unboost|p1a: Brazotes|atk|1
|-unboost|p1b: Puente|atk|1
|turn|3
|j| zion suzuki
|l| JeSuffeMoeder
|inactive|KayDeeVGC has 30 seconds left.
|inactive|joeryvught has 30 seconds left.
|j| JeSuffeMoeder
|inactive|joeryvught has 20 seconds left.
|
|t:|1782670132
|switch|p1b: Armarouge|Armarouge, L50, F|100/100
|detailschange|p2b: Scrafty|Scrafty-Mega, L50, F
|-mega|p2b: Scrafty|Scrafty|Scraftinite
|-ability|p2b: Scrafty|Intimidate|boost
|-unboost|p1a: Brazotes|atk|1
|-unboost|p1b: Armarouge|atk|1
|move|p1a: Brazotes|Protect|p1a: Brazotes
|-singleturn|p1a: Brazotes|Protect
|move|p2b: Scrafty|Knock Off|p1a: Brazotes
|-activate|p1a: Brazotes|move: Protect
|move|p2a: Oranguru|Instruct|p2b: Scrafty
|-singleturn|p2b: Scrafty|move: Instruct|[of] p2a: Oranguru
|move|p2b: Scrafty|Knock Off|p1a: Brazotes
|-activate|p1a: Brazotes|move: Protect
|
|upkeep
|turn|4
|inactive|KayDeeVGC has 30 seconds left.
|
|t:|1782670163
|switch|p1a: Puente|Archaludon, L50, M|100/100
|move|p2b: Scrafty|Knock Off|p1b: Armarouge
|-supereffective|p1b: Armarouge|1
|-damage|p1b: Armarouge|11/100
|-enditem|p1b: Armarouge|Sitrus Berry|[from] move: Knock Off|[of] p2b: Scrafty
|move|p2a: Oranguru|Encore||[still]
|-fail|p2a: Oranguru
|move|p1b: Armarouge|Armor Cannon|p2b: Scrafty
|-damage|p2b: Scrafty|52/100
|-unboost|p1b: Armarouge|def|1
|-unboost|p1b: Armarouge|spd|1
|
|upkeep
|turn|5
|l| JeSuffeMoeder
|inactive|joeryvught has 30 seconds left.
|j| JeSuffeMoeder
|l| GielBakker
|inactive|joeryvught has 20 seconds left.
|inactive|joeryvught has 15 seconds left.
|
|t:|1782670203
|move|p2b: Scrafty|Rock Slide|p1a: Puente|[spread] p1b
|-miss|p2b: Scrafty|p1a: Puente
|-supereffective|p1b: Armarouge|1
|-damage|p1b: Armarouge|0 fnt
|faint|p1b: Armarouge
|move|p2a: Oranguru|Instruct|p2b: Scrafty
|-singleturn|p2b: Scrafty|move: Instruct|[of] p2a: Oranguru
|move|p2b: Scrafty|Rock Slide|p1a: Puente
|-resisted|p1a: Puente|1
|-damage|p1a: Puente|91/100
|-ability|p1a: Puente|Stamina|boost
|-boost|p1a: Puente|def|1
|move|p1a: Puente|Dragon Pulse|p2b: Scrafty
|-damage|p2b: Scrafty|24/100
|
|-heal|p1a: Puente|97/100|[from] item: Leftovers
|-fieldend|move: Trick Room
|upkeep
|
|t:|1782670212
|switch|p1b: Brazotes|Swampert, L50, F|83/100
|turn|6
|
|t:|1782670227
|switch|p2b: Torkoal|Torkoal, L50, M|100/100
|-weather|SunnyDay|[from] ability: Drought|[of] p2b: Torkoal
|detailschange|p1b: Brazotes|Swampert-Mega, L50, F
|-mega|p1b: Brazotes|Swampert|Swampertite
|move|p1b: Brazotes|Wave Crash|p2b: Torkoal
|-supereffective|p2b: Torkoal|1
|-damage|p2b: Torkoal|44/100
|-damage|p1b: Brazotes|65/100|[from] Recoil
|move|p1a: Puente|Dragon Pulse|p2b: Torkoal
|-damage|p2b: Torkoal|0 fnt
|faint|p2b: Torkoal
|move|p2a: Oranguru|Trick Room|p2a: Oranguru
|-fieldstart|move: Trick Room|[of] p2a: Oranguru
|
|-weather|SunnyDay|[upkeep]
|-heal|p1a: Puente|100/100|[from] item: Leftovers
|upkeep
|
|t:|1782670242
|switch|p2b: Scrafty|Scrafty-Mega, L50, F|24/100
|-ability|p2b: Scrafty|Intimidate|boost
|-unboost|p1a: Puente|atk|1
|-unboost|p1b: Brazotes|atk|1
|turn|7
|l| JeSuffeMoeder
|inactive|joeryvught has 30 seconds left.
|j| JeSuffeMoeder
|
|t:|1782670269
|switch|p1b: Tacho|Pelipper, L50, M|100/100
|-weather|RainDance|[from] ability: Drizzle|[of] p1b: Tacho
|move|p2b: Scrafty|Drain Punch|p1a: Puente
|-supereffective|p1a: Puente|1
|-damage|p1a: Puente|61/100
|-heal|p2b: Scrafty|45/100|[from] drain|[of] p1a: Puente
|-ability|p1a: Puente|Stamina|boost
|-boost|p1a: Puente|def|1
|move|p2a: Oranguru|Instruct|p2b: Scrafty
|-singleturn|p2b: Scrafty|move: Instruct|[of] p2a: Oranguru
|move|p2b: Scrafty|Drain Punch|p1a: Puente
|-supereffective|p1a: Puente|1
|-damage|p1a: Puente|33/100
|-heal|p2b: Scrafty|61/100|[from] drain|[of] p1a: Puente
|-ability|p1a: Puente|Stamina|boost
|-boost|p1a: Puente|def|1
|move|p1a: Puente|Electro Shot||[still]
|-prepare|p1a: Puente|Electro Shot
|-boost|p1a: Puente|spa|1
|-anim|p1a: Puente|Electro Shot|p2b: Scrafty
|-damage|p2b: Scrafty|19/100
|
|-weather|RainDance|[upkeep]
|-heal|p1a: Puente|39/100|[from] item: Leftovers
|upkeep
|turn|8
|l| JeSuffeMoeder
|j| JeSuffeMoeder
|inactive|KayDeeVGC has 30 seconds left.
|inactive|joeryvught has 30 seconds left.
|inactive|joeryvught has 20 seconds left.
|
|t:|1782670308
|move|p2b: Scrafty|Rock Slide|p1b: Tacho|[spread] p1a,p1b
|-resisted|p1a: Puente|1
|-supereffective|p1b: Tacho|1
|-damage|p1a: Puente|36/100
|-damage|p1b: Tacho|44/100
|-ability|p1a: Puente|Stamina|boost
|-boost|p1a: Puente|def|1
|move|p2a: Oranguru|Instruct|p2b: Scrafty
|-singleturn|p2b: Scrafty|move: Instruct|[of] p2a: Oranguru
|move|p2b: Scrafty|Rock Slide|p1b: Tacho|[spread] p1a,p1b
|-resisted|p1a: Puente|1
|-supereffective|p1b: Tacho|1
|-damage|p1a: Puente|33/100
|-damage|p1b: Tacho|0 fnt
|-ability|p1a: Puente|Stamina|boost
|-boost|p1a: Puente|def|1
|faint|p1b: Tacho
|cant|p1a: Puente|flinch
|
|-weather|RainDance|[upkeep]
|-heal|p1a: Puente|40/100|[from] item: Leftovers
|upkeep
|
|t:|1782670324
|switch|p1b: Brazotes|Swampert-Mega, L50, F|65/100
|turn|9
|inactive|joeryvught has 30 seconds left.
|inactive|joeryvught has 20 seconds left.
|inactive|joeryvught has 15 seconds left.
|
|t:|1782670371
|move|p2b: Scrafty|Drain Punch|p1a: Puente
|-supereffective|p1a: Puente|1
|-damage|p1a: Puente|23/100
|-heal|p2b: Scrafty|28/100|[from] drain|[of] p1a: Puente
|-ability|p1a: Puente|Stamina|boost
|-boost|p1a: Puente|def|1
|move|p2a: Oranguru|Instruct|p2b: Scrafty
|-singleturn|p2b: Scrafty|move: Instruct|[of] p2a: Oranguru
|move|p2b: Scrafty|Drain Punch|p1a: Puente
|-supereffective|p1a: Puente|1
|-damage|p1a: Puente|6/100
|-heal|p2b: Scrafty|37/100|[from] drain|[of] p1a: Puente
|move|p1a: Puente|Dragon Pulse|p2b: Scrafty
|-damage|p2b: Scrafty|0 fnt
|faint|p2b: Scrafty
|move|p1b: Brazotes|Wave Crash|p2a: Oranguru
|-damage|p2a: Oranguru|13/100
|-damage|p1b: Brazotes|33/100|[from] Recoil
|
|-weather|RainDance|[upkeep]
|-heal|p1a: Puente|13/100|[from] item: Leftovers
|upkeep
|turn|10
|l| JeSuffeMoeder
|inactiveoff|Battle timer is now OFF.
|
|t:|1782670392
|move|p2a: Oranguru|Encore|p1a: Puente
|-start|p1a: Puente|Encore
|move|p1a: Puente|Dragon Pulse|p2a: Oranguru
|-damage|p2a: Oranguru|0 fnt
|faint|p2a: Oranguru
|
|win|KayDeeVGC
|j| JeSuffeMoeder
|c|☆joeryvught|gg
|c|☆KayDeeVGC|Ggs
|l| JeSuffeMoeder
|l| zion suzuki
|l|☆KayDeeVGC
|player|p1|
|j|☆KayDeeVGC
|player|p1|KayDeeVGC|1|
