|j|☆hungry hillo
|j|☆aYeal
|html|hungry hilloaYeal    
|uhtml|bestof|Game 1 of a best-of-3
|t:|1757110026
|gametype|doubles
|player|p1|hungry hillo|n|1112
|player|p2|aYeal|cynthia|1000
|gen|9
|tier|[Gen 9] VGC 2025 Reg H (Bo3)
|rated|
|rule|Species Clause: Limit one of each Pokémon
|rule|Item Clause: Limit 1 of each item
|clearpoke
|poke|p1|Kingambit, L50, M|
|poke|p1|Electabuzz, L50, M|
|poke|p1|Ursaluna-Bloodmoon, L50, M|
|poke|p1|Incineroar, L50, F|
|poke|p1|Whimsicott, L50, F|
|poke|p1|Annihilape, L50, F|
|poke|p2|Garchomp, L50, F|
|poke|p2|Talonflame, L50, M|
|poke|p2|Gholdengo, L50|
|poke|p2|Tyranitar, L50, F|
|poke|p2|Primarina, L50, F|
|poke|p2|Amoonguss, L50, F|
|teampreview|4
|showteam|p1|Kingambit||BlackGlasses|Defiant|SuckerPunch,KowtowCleave,SwordsDance,Protect|||M|||50|,,,,,Flying]Electabuzz||Eviolite|VitalSpirit|Electroweb,FollowMe,Taunt,Protect|||M|||50|,,,,,Ghost]Ursaluna-Bloodmoon||LifeOrb|MindsEye|EarthPower,BloodMoon,HyperVoice,Protect|||M|||50|,,,,,Normal]Incineroar||AssaultVest|Intimidate|KnockOff,FlareBlitz,Uturn,FakeOut|||F|||50|,,,,,Bug]Whimsicott||CovertCloak|Prankster|Tailwind,BeatUp,Moonblast,SunnyDay|||F|||50|,,,,,Dark]Annihilape||Leftovers|Defiant|RageFist,DrainPunch,BulkUp,Protect|||F|||50|,,,,,Fire
|showteam|p2|Garchomp||ClearAmulet|RoughSkin|Earthquake,DragonClaw,SwordsDance,Protect|||F|||50|,,,,,Steel]Talonflame||CovertCloak|GaleWings|BraveBird,FlareBlitz,Taunt,Tailwind|||M|||50|,,,,,Ghost]Gholdengo||IronPlate|GoodasGold|MakeItRain,ShadowBall,NastyPlot,Protect||||||50|,,,,,Flying]Tyranitar||AssaultVest|SandStream|RockSlide,KnockOff,IcePunch,TeraBlast|||F|||50|,,,,,Flying]Primarina||ThroatSpray|LiquidVoice|HyperVoice,Moonblast,Protect,Haze|||F|||50|,,,,,Grass]Amoonguss||SitrusBerry|Regenerator|Spore,PollenPuff,RagePowder,Protect|||F|||50|,,,,,Water
|inactive|Battle timer is ON: inactive players will automatically lose when time's up. (requested by aYeal)
|
|t:|1757110088
|teamsize|p1|4
|teamsize|p2|4
|start
|switch|p1a: Whimsicott|Whimsicott, L50, F|100/100
|switch|p1b: Annihilape|Annihilape, L50, F|100/100
|switch|p2a: Amoonguss|Amoonguss, L50, F|100/100
|switch|p2b: Primarina|Primarina, L50, F|100/100
|turn|1
|
|t:|1757110111
|-terastallize|p1b: Annihilape|Fire
|move|p2a: Amoonguss|Rage Powder|p2a: Amoonguss
|-singleturn|p2a: Amoonguss|move: Rage Powder
|move|p1a: Whimsicott|Beat Up|p1b: Annihilape
|-damage|p1b: Annihilape|99/100
|-damage|p1b: Annihilape|96/100
|-damage|p1b: Annihilape|93/100
|-damage|p1b: Annihilape|90/100
|-hitcount|p1b: Annihilape|4
|move|p1b: Annihilape|Rage Fist|p2a: Amoonguss
|-damage|p2a: Amoonguss|10/100
|-enditem|p2a: Amoonguss|Sitrus Berry|[eat]
|-heal|p2a: Amoonguss|35/100|[from] item: Sitrus Berry
|move|p2b: Primarina|Hyper Voice|p1a: Whimsicott|[spread] p1a,p1b
|-resisted|p1a: Whimsicott
|-supereffective|p1b: Annihilape
|-damage|p1a: Whimsicott|72/100
|-damage|p1b: Annihilape|18/100
|-enditem|p2b: Primarina|Throat Spray
|-boost|p2b: Primarina|spa|1|[from] item: Throat Spray
|
|-heal|p1b: Annihilape|25/100|[from] item: Leftovers
|upkeep
|turn|2
|inactive|aYeal has 30 seconds left.
|
|t:|1757110138
|move|p1b: Annihilape|Protect|p1b: Annihilape
|-singleturn|p1b: Annihilape|Protect
|move|p2a: Amoonguss|Rage Powder|p2a: Amoonguss
|-singleturn|p2a: Amoonguss|move: Rage Powder
|move|p1a: Whimsicott|Sunny Day|p1a: Whimsicott
|-weather|SunnyDay
|move|p2b: Primarina|Hyper Voice|p1b: Annihilape|[spread] p1a
|-activate|p1b: Annihilape|move: Protect
|-resisted|p1a: Whimsicott
|-damage|p1a: Whimsicott|54/100
|
|-weather|SunnyDay|[upkeep]
|-heal|p1b: Annihilape|31/100|[from] item: Leftovers
|upkeep
|turn|3
|
|t:|1757110149
|move|p2a: Amoonguss|Rage Powder|p2a: Amoonguss
|-singleturn|p2a: Amoonguss|move: Rage Powder
|move|p1a: Whimsicott|Tailwind|p1a: Whimsicott
|-sidestart|p1: hungry hillo|move: Tailwind
|move|p1b: Annihilape|Rage Fist|p2a: Amoonguss
|-damage|p2a: Amoonguss|0 fnt
|faint|p2a: Amoonguss
|move|p2b: Primarina|Hyper Voice|p1b: Annihilape|[spread] p1a,p1b
|-resisted|p1a: Whimsicott
|-supereffective|p1b: Annihilape
|-crit|p1b: Annihilape
|-damage|p1a: Whimsicott|36/100
|-damage|p1b: Annihilape|0 fnt
|faint|p1b: Annihilape
|
|-weather|SunnyDay|[upkeep]
|upkeep
|
|t:|1757110156
|switch|p1b: lion|Ursaluna-Bloodmoon, L50, M|100/100
|switch|p2a: Tyranitar|Tyranitar, L50, F|100/100
|-weather|Sandstorm|[from] ability: Sand Stream|[of] p2a: Tyranitar
|turn|4
|inactive|aYeal has 30 seconds left.
|inactive|aYeal has 20 seconds left.
|inactive|aYeal has 15 seconds left.
|
|t:|1757110197
|move|p2b: Primarina|Protect|p2b: Primarina
|-singleturn|p2b: Primarina|Protect
|move|p1a: Whimsicott|Sunny Day|p1a: Whimsicott
|-weather|SunnyDay
|move|p1b: lion|Blood Moon|p2b: Primarina
|-activate|p2b: Primarina|move: Protect
|move|p2a: Tyranitar|Knock Off|p1b: lion
|-damage|p1b: lion|54/100
|-enditem|p1b: lion|Life Orb|[from] move: Knock Off|[of] p2a: Tyranitar
|
|-weather|SunnyDay|[upkeep]
|upkeep
|turn|5
|
|t:|1757110215
|move|p1a: Whimsicott|Moonblast|p2a: Tyranitar
|-supereffective|p2a: Tyranitar
|-damage|p2a: Tyranitar|65/100
|move|p1b: lion|Hyper Voice|p2a: Tyranitar|[spread] p2a,p2b
|-resisted|p2a: Tyranitar
|-damage|p2a: Tyranitar|56/100
|-damage|p2b: Primarina|71/100
|move|p2a: Tyranitar|Ice Punch|p1b: lion
|-supereffective|p1b: lion
|-damage|p1b: lion|6/100
|move|p2b: Primarina|Hyper Voice|p1b: lion|[spread] p1a,p1b
|-resisted|p1a: Whimsicott
|-supereffective|p1b: lion
|-damage|p1a: Whimsicott|16/100
|-damage|p1b: lion|0 fnt
|faint|p1b: lion
|
|-weather|SunnyDay|[upkeep]
|upkeep
|
|t:|1757110218
|switch|p1b: Incineroar|Incineroar, L50, F|100/100
|-ability|p1b: Incineroar|Intimidate|boost
|-unboost|p2a: Tyranitar|atk|1
|-unboost|p2b: Primarina|atk|1
|turn|6
|
|t:|1757110229
|switch|p2a: Garchomp|Garchomp, L50, F, shiny|100/100
|move|p2b: Primarina|Protect|p2b: Primarina
|-singleturn|p2b: Primarina|Protect
|move|p1a: Whimsicott|Moonblast|p2a: Garchomp
|-supereffective|p2a: Garchomp
|-damage|p2a: Garchomp|34/100
|move|p1b: Incineroar|U-turn|p2a: Garchomp
|-damage|p2a: Garchomp|13/100
|-damage|p1b: Incineroar|88/100|[from] ability: Rough Skin|[of] p2a: Garchomp
|
|-weather|SunnyDay|[upkeep]
|-sideend|p1: hungry hillo|move: Tailwind
|upkeep
|turn|7
|
|t:|1757110238
|move|p2a: Garchomp|Protect|p2a: Garchomp
|-singleturn|p2a: Garchomp|Protect
|move|p1a: Whimsicott|Tailwind|p1a: Whimsicott
|-sidestart|p1: hungry hillo|move: Tailwind
|move|p1b: Incineroar|U-turn|p2a: Garchomp
|-activate|p2a: Garchomp|move: Protect
|move|p2b: Primarina|Hyper Voice|p1b: Incineroar|[spread] p1a,p1b
|-resisted|p1a: Whimsicott
|-supereffective|p1b: Incineroar
|-damage|p1a: Whimsicott|0 fnt
|-damage|p1b: Incineroar|52/100
|faint|p1a: Whimsicott
|
|-weather|SunnyDay|[upkeep]
|upkeep
|turn|8
|
|t:|1757110251
|move|p2a: Garchomp|Earthquake|p1b: Incineroar|[spread] p2b,p1b
|-supereffective|p1b: Incineroar
|-damage|p2b: Primarina|27/100
|-damage|p1b: Incineroar|0 fnt
|faint|p1b: Incineroar
|
|win|aYeal
||hungry hillo is ready for game 2.
||aYeal is ready for game 2.
|uhtml|next|Next: Game 2 of 3
|l|☆aYeal
|player|p2|
