|j|☆Timothim Chalombre
|j|☆Kuribro
|html|Timothim ChalombreKuribro    
|uhtml|bestof|Game 1 of a best-of-3
|t:|1757910669
|gametype|doubles
|player|p1|Timothim Chalombre|caitlin|1091
|player|p2|Kuribro|170|1114
|gen|9
|tier|[Gen 9] VGC 2025 Reg H (Bo3)
|rated|
|rule|Species Clause: Limit one of each Pokémon
|rule|Item Clause: Limit 1 of each item
|clearpoke
|poke|p1|Klefki, L50, M|
|poke|p1|Sinistcha, L50|
|poke|p1|Annihilape, L50, F|
|poke|p1|Ursaluna-Bloodmoon, L50, M|
|poke|p1|Maushold-Four, L50|
|poke|p1|Arcanine-Hisui, L50, M|
|poke|p2|Pelipper, L50, F|
|poke|p2|Archaludon, L50, F|
|poke|p2|Amoonguss, L50, M|
|poke|p2|Incineroar, L50, M|
|poke|p2|Azumarill, L50, M|
|poke|p2|Porygon2, L50|
|teampreview|4
|showteam|p1|Klefki||LightClay|Prankster|DazzlingGleam,LightScreen,Reflect,MistyTerrain|||M|||50|,,,,,Water]Sinistcha||SitrusBerry|Hospitality|MatchaGotcha,LifeDew,RagePowder,TrickRoom||||||50|,,,,,Dark]Annihilape||Leftovers|Defiant|DrainPunch,RageFist,BulkUp,Protect|||F|||50|,,,,,Water]Ursaluna-Bloodmoon||AssaultVest|MindsEye|BloodMoon,EarthPower,HyperVoice,VacuumWave|||M|||50|,,,,,Electric]Maushold-Four||FocusSash|FriendGuard|BeatUp,FollowMe,Taunt,Protect||||||50|,,,,,Normal]Arcanine-Hisui||LoadedDice|Intimidate|FlareBlitz,RockBlast,ExtremeSpeed,Protect|||M|||50|,,,,,Water
|showteam|p2|Pelipper||FocusSash|Drizzle|WeatherBall,Hurricane,Tailwind,Protect|||F|||50|,,,,,Ghost]Archaludon||AssaultVest|Stamina|ElectroShot,DragonPulse,FlashCannon,BodyPress|||F|||50|,,,,,Bug]Amoonguss||CovertCloak|Regenerator|PollenPuff,RagePowder,Spore,Protect|||M|||50|,,,,,Psychic]Incineroar||SafetyGoggles|Intimidate|FakeOut,PartingShot,KnockOff,FlareBlitz|||M|||50|,,,,,Ghost]Azumarill||SitrusBerry|HugePower|AquaJet,PlayRough,BellyDrum,Protect|||M|||50|,,,,,Water]Porygon2||Eviolite|Download|TeraBlast,ShadowBall,TrickRoom,Recover||||||50|,,,,,Fighting
|inactive|Battle timer is ON: inactive players will automatically lose when time's up. (requested by Timothim Chalombre)
|
|t:|1757910769
|teamsize|p1|4
|teamsize|p2|4
|start
|switch|p1a: Maushold|Maushold-Four, L50|100/100
|switch|p1b: Annihilape|Annihilape, L50, F|100/100
|switch|p2a: Amoonguss|Amoonguss, L50, M|100/100
|switch|p2b: Azumarill|Azumarill, L50, M|100/100
|turn|1
|
|t:|1757910781
|move|p2a: Amoonguss|Rage Powder|p2a: Amoonguss
|-singleturn|p2a: Amoonguss|move: Rage Powder
|move|p1a: Maushold|Taunt|p2a: Amoonguss
|-start|p2a: Amoonguss|move: Taunt
|move|p1b: Annihilape|Bulk Up|p1b: Annihilape
|-boost|p1b: Annihilape|atk|1
|-boost|p1b: Annihilape|def|1
|move|p2b: Azumarill|Belly Drum|p2b: Azumarill
|-damage|p2b: Azumarill|50/100
|-setboost|p2b: Azumarill|atk|6|[from] move: Belly Drum
|-enditem|p2b: Azumarill|Sitrus Berry|[eat]
|-heal|p2b: Azumarill|75/100|[from] item: Sitrus Berry
|
|upkeep
|turn|2
|inactive|Kuribro has 30 seconds left.
|
|t:|1757910811
|switch|p2a: Pelipper|Pelipper, L50, F|100/100
|-weather|RainDance|[from] ability: Drizzle|[of] p2a: Pelipper
|move|p2b: Azumarill|Protect|p2b: Azumarill
|-singleturn|p2b: Azumarill|Protect
|move|p1a: Maushold|Beat Up|p1b: Annihilape
|-damage|p1b: Annihilape|99/100
|-damage|p1b: Annihilape|97/100
|-damage|p1b: Annihilape|95/100
|-damage|p1b: Annihilape|94/100
|-hitcount|p1b: Annihilape|4
|move|p1b: Annihilape|Rage Fist|p2b: Azumarill
|-activate|p2b: Azumarill|move: Protect
|
|-weather|RainDance|[upkeep]
|-heal|p1b: Annihilape|99/100|[from] item: Leftovers
|upkeep
|turn|3
|inactive|Kuribro has 30 seconds left.
|inactive|Kuribro has 20 seconds left.
|inactive|Kuribro has 15 seconds left.
|inactive|Kuribro has 10 seconds left.
|
|t:|1757910860
|-terastallize|p1b: Annihilape|Water
|-terastallize|p2b: Azumarill|Water
|move|p2b: Azumarill|Aqua Jet|p1b: Annihilape
|-resisted|p1b: Annihilape
|-damage|p1b: Annihilape|45/100
|move|p1a: Maushold|Taunt|p2a: Pelipper
|-start|p2a: Pelipper|move: Taunt
|move|p1b: Annihilape|Rage Fist|p2b: Azumarill
|-damage|p2b: Azumarill|0 fnt
|faint|p2b: Azumarill
|move|p2a: Pelipper|Hurricane|p1b: Annihilape
|-damage|p1b: Annihilape|14/100
|-start|p1b: Annihilape|confusion
|
|-weather|RainDance|[upkeep]
|-heal|p1b: Annihilape|20/100|[from] item: Leftovers
|upkeep
|
|t:|1757910874
|switch|p2b: Amoonguss|Amoonguss, L50, M|100/100
|turn|4
|
|t:|1757910881
|move|p2b: Amoonguss|Rage Powder|p2b: Amoonguss
|-singleturn|p2b: Amoonguss|move: Rage Powder
|move|p1a: Maushold|Taunt|p2b: Amoonguss
|-start|p2b: Amoonguss|move: Taunt
|-activate|p1b: Annihilape|confusion
|move|p1b: Annihilape|Drain Punch|p2b: Amoonguss
|-resisted|p2b: Amoonguss
|-damage|p2b: Amoonguss|81/100
|-heal|p1b: Annihilape|30/100|[from] drain|[of] p2b: Amoonguss
|move|p2a: Pelipper|Hurricane|p1b: Annihilape
|-damage|p1b: Annihilape|4/100
|
|-weather|RainDance|[upkeep]
|-heal|p1b: Annihilape|10/100|[from] item: Leftovers
|upkeep
|turn|5
|
|t:|1757910893
|move|p1a: Maushold|Beat Up|p2a: Pelipper
|-damage|p2a: Pelipper|97/100
|-crit|p2a: Pelipper
|-damage|p2a: Pelipper|89/100
|-damage|p2a: Pelipper|87/100
|-damage|p2a: Pelipper|83/100
|-hitcount|p2a: Pelipper|4
|-activate|p1b: Annihilape|confusion
|move|p1b: Annihilape|Drain Punch|p2a: Pelipper
|-resisted|p2a: Pelipper
|-damage|p2a: Pelipper|54/100
|-heal|p1b: Annihilape|20/100|[from] drain|[of] p2a: Pelipper
|move|p2a: Pelipper|Hurricane|p1b: Annihilape
|-damage|p1b: Annihilape|0 fnt
|faint|p1b: Annihilape
|move|p2b: Amoonguss|Pollen Puff|p1a: Maushold
|-damage|p1a: Maushold|76/100
|
|-weather|RainDance|[upkeep]
|-end|p2a: Pelipper|move: Taunt
|upkeep
|
|t:|1757910897
|switch|p1b: Ursaluna|Ursaluna-Bloodmoon, L50, M|100/100
|turn|6
|inactive|Kuribro has 30 seconds left.
|
|t:|1757910931
|switch|p2b: Porygon2|Porygon2, L50|100/100
|-ability|p2b: Porygon2|Download|boost
|-boost|p2b: Porygon2|spa|1
|move|p1a: Maushold|Follow Me|p1a: Maushold
|-singleturn|p1a: Maushold|move: Follow Me
|move|p2a: Pelipper|Weather Ball|p1a: Maushold
|-damage|p1a: Maushold|0 fnt
|faint|p1a: Maushold
|move|p1b: Ursaluna|Hyper Voice|p2b: Porygon2|[spread] p2a,p2b
|-damage|p2a: Pelipper|0 fnt
|-damage|p2b: Porygon2|77/100
|faint|p2a: Pelipper
|
|-weather|none
|upkeep
|
|t:|1757910939
|switch|p1a: Sinistcha|Sinistcha, L50|100/100
|switch|p2a: Amoonguss|Amoonguss, L50, M|100/100
|turn|7
|inactive|Kuribro has 30 seconds left.
|
|t:|1757910967
|move|p2a: Amoonguss|Rage Powder|p2a: Amoonguss
|-singleturn|p2a: Amoonguss|move: Rage Powder
|move|p1b: Ursaluna|Blood Moon|p2a: Amoonguss
|-damage|p2a: Amoonguss|36/100
|move|p1a: Sinistcha|Matcha Gotcha|p2a: Amoonguss|[spread] p2a
|-miss|p1a: Sinistcha|p2b: Porygon2
|-resisted|p2a: Amoonguss
|-damage|p2a: Amoonguss|31/100
|move|p2b: Porygon2|Trick Room|p2b: Porygon2
|-fieldstart|move: Trick Room|[of] p2b: Porygon2
|
|upkeep
|turn|8
|
|t:|1757910988
|move|p2a: Amoonguss|Pollen Puff|p2b: Porygon2
|-heal|p2b: Porygon2|100/100
|move|p2b: Porygon2|Shadow Ball|p1a: Sinistcha
|-supereffective|p1a: Sinistcha
|-damage|p1a: Sinistcha|23/100
|-enditem|p1a: Sinistcha|Sitrus Berry|[eat]
|-heal|p1a: Sinistcha|48/100|[from] item: Sitrus Berry
|move|p1b: Ursaluna|Hyper Voice|p2b: Porygon2|[spread] p2a,p2b
|-damage|p2a: Amoonguss|0 fnt
|-damage|p2b: Porygon2|78/100
|faint|p2a: Amoonguss
|move|p1a: Sinistcha|Trick Room|p1a: Sinistcha
|-fieldend|move: Trick Room
|
|upkeep
|turn|9
|
|t:|1757911008
|move|p1b: Ursaluna|Blood Moon|p2b: Porygon2
|-damage|p2b: Porygon2|31/100
|move|p1a: Sinistcha|Matcha Gotcha|p2b: Porygon2
|-damage|p2b: Porygon2|10/100
|-heal|p1a: Sinistcha|59/100|[from] drain|[of] p2b: Porygon2
|move|p2b: Porygon2|Recover|p2b: Porygon2
|-heal|p2b: Porygon2|60/100
|
|upkeep
|turn|10
|
|t:|1757911023
|move|p1b: Ursaluna|Earth Power|p2b: Porygon2
|-damage|p2b: Porygon2|25/100
|move|p1a: Sinistcha|Matcha Gotcha|p2b: Porygon2|[miss]
|-miss|p1a: Sinistcha|p2b: Porygon2
|move|p2b: Porygon2|Trick Room|p2b: Porygon2
|-fieldstart|move: Trick Room|[of] p2b: Porygon2
|
|upkeep
|turn|11
|
|t:|1757911030
|move|p2b: Porygon2|Recover|p2b: Porygon2
|-heal|p2b: Porygon2|75/100
|move|p1b: Ursaluna|Earth Power|p2b: Porygon2
|-damage|p2b: Porygon2|41/100
|move|p1a: Sinistcha|Trick Room|p1a: Sinistcha
|-fieldend|move: Trick Room
|
|upkeep
|turn|12
|
|t:|1757911037
|move|p1b: Ursaluna|Blood Moon|p2b: Porygon2
|-damage|p2b: Porygon2|0 fnt
|faint|p2b: Porygon2
|
|win|Timothim Chalombre
||Kuribro is ready for game 2.
||Timothim Chalombre is ready for game 2.
|uhtml|next|Next: Game 2 of 3
