|j|☆FreemanGordon
|j|☆joyfulwizard
|html|FreemanGordonjoyfulwizard    
|uhtml|bestof|Game 1 of a best-of-3
|t:|1783958320
|gametype|doubles
|player|p1|FreemanGordon|266|1215
|player|p2|joyfulwizard|cheren-gen5bw2|1304
|gen|9
|tier|[Gen 9 Champions] VGC 2026 Reg M-B (Bo3)
|rated|
|rule|Species Clause: Limit one of each Pokémon
|rule|Item Clause: Limit 1 of each item
|clearpoke
|poke|p1|Farigiraf, L50, M|
|poke|p1|Vivillon, L50, F|
|poke|p1|Sneasler, L50, M|
|poke|p1|Kingambit, L50, F|
|poke|p1|Drampa, L50, M|
|poke|p1|Torkoal, L50, M|
|poke|p2|Charizard, L50, M|
|poke|p2|Garchomp, L50, M|
|poke|p2|Aerodactyl, L50, M|
|poke|p2|Farigiraf, L50, M|
|poke|p2|Sylveon, L50, M|
|poke|p2|Kingambit, L50, F|
|teampreview|4
|showteam|p1|Farigiraf||SitrusBerry|ArmorTail|TrickRoom,HelpingHand,TwinBeam,Thunderbolt|Relaxed||M|||50|]Vivillon||FocusSash|CompoundEyes|Protect,SleepPowder,Hurricane,RagePowder|Jolly||F|||50|]Sneasler||WhiteHerb|PoisonTouch|FakeOut,CloseCombat,DireClaw,RockSlide|Brave||M|||50|]Kingambit||LifeOrb|Defiant|KowtowCleave,SuckerPunch,IronHead,LowKick|Adamant||F|||50|]Drampa||Drampanite|SapSipper|Protect,Round,DragonPulse,HeatWave|Quiet||M|||50|]Torkoal||Charcoal|Drought|Eruption,Round,EarthPower,SolarBeam|Quiet||M|||50|
|showteam|p2|Charizard||CharizarditeY|Blaze|Protect,SolarBeam,HeatWave,WeatherBall|Modest||M|||50|]Garchomp||LifeOrb|RoughSkin|Protect,Earthquake,DragonClaw,StompingTantrum|Jolly||M|||50|]Aerodactyl||Aerodactylite|Unnerve|IceFang,RockSlide,DualWingbeat,Tailwind|Jolly||M|||50|]Farigiraf||SitrusBerry|ArmorTail|SunnyDay,PsychicFangs,TrickRoom,Thunderbolt|Relaxed||M|||50|]Sylveon||FairyFeather|Pixilate|Detect,HyperBeam,HyperVoice,QuickAttack|Modest||M|||50|]Kingambit||FocusSash|Defiant|SuckerPunch,LowKick,IronHead,KowtowCleave|Adamant||F|||50|
|inactive|Battle timer is ON: inactive players will automatically lose when time's up. (requested by joyfulwizard)
|inactive|FreemanGordon has 60 seconds left.
|
|t:|1783958406
|teamsize|p1|4
|teamsize|p2|4
|start
|switch|p1a: Farigiraf|Farigiraf, L50, M|100/100
|switch|p1b: Sneasler|Sneasler, L50, M|100/100
|switch|p2a: Farigiraf|Farigiraf, L50, M|100/100
|switch|p2b: Charizard|Charizard, L50, M|100/100
|turn|1
|
|t:|1783958426
|switch|p2b: Sylveon|Sylveon, L50, M|100/100
|move|p1a: Farigiraf|Helping Hand|p1b: Sneasler
|-singleturn|p1b: Sneasler|Helping Hand|[of] p1a: Farigiraf
|move|p1b: Sneasler|Rock Slide|p2b: Sylveon|[spread] p2a
|-miss|p1b: Sneasler|p2b: Sylveon
|-damage|p2a: Farigiraf|75/100
|move|p2a: Farigiraf|Psychic Fangs|p1b: Sneasler
|-supereffective|p1b: Sneasler|2
|-damage|p1b: Sneasler|0 fnt
|faint|p1b: Sneasler
|
|upkeep
|
|t:|1783958439
|switch|p1b: Torkoal|Torkoal, L50, M|100/100
|-weather|SunnyDay|[from] ability: Drought|[of] p1b: Torkoal
|turn|2
|
|t:|1783958450
|move|p1a: Farigiraf|Helping Hand|p1b: Torkoal
|-singleturn|p1b: Torkoal|Helping Hand|[of] p1a: Farigiraf
|move|p2b: Sylveon|Hyper Voice|p1a: Farigiraf|[spread] p1a,p1b
|-resisted|p1b: Torkoal|1
|-damage|p1a: Farigiraf|51/100
|-damage|p1b: Torkoal|68/100
|move|p2a: Farigiraf|Thunderbolt|p1b: Torkoal
|-damage|p1b: Torkoal|39/100
|move|p1b: Torkoal|Eruption|p2a: Farigiraf|[spread] p2a,p2b
|-damage|p2a: Farigiraf|26/100
|-damage|p2b: Sylveon|58/100
|-enditem|p2a: Farigiraf|Sitrus Berry|[eat]
|-heal|p2a: Farigiraf|51/100|[from] item: Sitrus Berry
|
|-weather|SunnyDay|[upkeep]
|upkeep
|turn|3
|
|t:|1783958471
|move|p2b: Sylveon|Hyper Voice|p1a: Farigiraf|[spread] p1a,p1b
|-resisted|p1b: Torkoal|1
|-damage|p1a: Farigiraf|5/100
|-damage|p1b: Torkoal|6/100
|-enditem|p1a: Farigiraf|Sitrus Berry|[eat]
|-heal|p1a: Farigiraf|30/100|[from] item: Sitrus Berry
|move|p2a: Farigiraf|Thunderbolt|p1a: Farigiraf
|-damage|p1a: Farigiraf|7/100
|move|p1b: Torkoal|Earth Power|p2a: Farigiraf
|-crit|p2a: Farigiraf
|-damage|p2a: Farigiraf|18/100
|move|p1a: Farigiraf|Trick Room|p1a: Farigiraf
|-fieldstart|move: Trick Room|[of] p1a: Farigiraf
|
|-weather|SunnyDay|[upkeep]
|upkeep
|turn|4
|inactive|FreemanGordon has 30 seconds left.
|inactive|FreemanGordon has 20 seconds left.
|inactive|FreemanGordon has 15 seconds left.
|inactive|FreemanGordon has 10 seconds left.
|
|t:|1783958520
|move|p1b: Torkoal|Solar Beam||[still]
|-prepare|p1b: Torkoal|Solar Beam
|-anim|p1b: Torkoal|Solar Beam|p2b: Sylveon
|-damage|p2b: Sylveon|27/100
|move|p1a: Farigiraf|Thunderbolt|p2a: Farigiraf
|-damage|p2a: Farigiraf|0 fnt
|faint|p2a: Farigiraf
|move|p2b: Sylveon|Hyper Voice|p1a: Farigiraf|[spread] p1a,p1b
|-resisted|p1b: Torkoal|1
|-damage|p1a: Farigiraf|0 fnt
|-damage|p1b: Torkoal|0 fnt
|faint|p1a: Farigiraf
|faint|p1b: Torkoal
|
|-weather|SunnyDay|[upkeep]
|upkeep
|
|t:|1783958531
|switch|p1b: Drampa|Drampa, L50, M|100/100
|switch|p2a: Charizard|Charizard, L50, M|100/100
|turn|5
|
|t:|1783958550
|detailschange|p1b: Drampa|Drampa-Mega, L50, M
|-mega|p1b: Drampa|Drampa|Drampanite
|move|p2b: Sylveon|Detect|p2b: Sylveon
|-singleturn|p2b: Sylveon|Protect
|move|p1b: Drampa|Heat Wave|p2b: Sylveon|[spread] p2a
|-activate|p2b: Sylveon|move: Protect
|-resisted|p2a: Charizard|1
|-damage|p2a: Charizard|74/100
|move|p2a: Charizard|Weather Ball|p1b: Drampa
|-resisted|p1b: Drampa|1
|-damage|p1b: Drampa|75/100
|
|-weather|SunnyDay|[upkeep]
|upkeep
|turn|6
|
|t:|1783958563
|detailschange|p2a: Charizard|Charizard-Mega-Y, L50, M
|-mega|p2a: Charizard|Charizard|Charizardite Y
|move|p2b: Sylveon|Quick Attack|p1b: Drampa
|-supereffective|p1b: Drampa|1
|-damage|p1b: Drampa|55/100
|move|p1b: Drampa|Heat Wave|p2b: Sylveon|[spread] p2a,p2b
|-resisted|p2a: Charizard|1
|-damage|p2a: Charizard|54/100
|-damage|p2b: Sylveon|0 fnt
|faint|p2b: Sylveon
|move|p2a: Charizard|Weather Ball|p1b: Drampa
|-resisted|p1b: Drampa|1
|-damage|p1b: Drampa|20/100r
|-ability|p1b: Drampa|Berserk|boost
|-boost|p1b: Drampa|spa|1
|
|-weather|none
|upkeep
|
|t:|1783958573
|switch|p2b: Garchomp|Garchomp, L50, M|100/100
|turn|7
|
|t:|1783958583
|move|p2a: Charizard|Protect|p2a: Charizard
|-singleturn|p2a: Charizard|Protect
|move|p2b: Garchomp|Protect|p2b: Garchomp
|-singleturn|p2b: Garchomp|Protect
|move|p1b: Drampa|Dragon Pulse|p2b: Garchomp
|-activate|p2b: Garchomp|move: Protect
|
|-fieldend|move: Trick Room
|upkeep
|turn|8
|-message|FreemanGordon forfeited.
|
|win|joyfulwizard
|l|☆FreemanGordon
|player|p1|
||FreemanGordon is ready for game 2.
||joyfulwizard is ready for game 2.
|uhtml|next|Next: Game 2 of 3
