|j|☆TheTired
|j|☆Draikenos
|html|TheTiredDraikenos    
|uhtml|bestof|Game 3 of a best-of-3
|t:|1785948776
|gametype|doubles
|player|p1|TheTired|caitlin|1209
|player|p2|Draikenos|rosa|1146
|gen|9
|tier|[Gen 9 Champions] VGC 2026 Reg M-B (Bo3)
|rated|
|rule|Species Clause: Limit one of each Pokémon
|rule|Item Clause: Limit 1 of each item
|clearpoke
|poke|p1|Staraptor, L50, M|
|poke|p1|Vanilluxe, L50, M|
|poke|p1|Farigiraf, L50, M|
|poke|p1|Blastoise, L50, F|
|poke|p1|Kingambit, L50, M|
|poke|p1|Camerupt, L50, F|
|poke|p2|Swampert, L50, M, shiny|
|poke|p2|Pelipper, L50, M, shiny|
|poke|p2|Archaludon, L50, M, shiny|
|poke|p2|Venusaur, L50, M, shiny|
|poke|p2|Grimmsnarl, L50, M, shiny|
|poke|p2|Sneasler, L50, F|
|teampreview|4
|showteam|p1|Staraptor||ChoiceScarf|Intimidate|FinalGambit,BraveBird,CloseCombat,Uturn|Jolly||M|||50|]Vanilluxe||NeverMeltIce|SnowWarning|Blizzard,FreezeDry,Protect,IceShard|Quiet||M|||50|]Farigiraf||SitrusBerry|ArmorTail|PsychicFangs,HyperVoice,HelpingHand,TrickRoom|Relaxed||M|||50|]Blastoise||Blastoisinite|RainDish|FakeOut,WaterSpout,AuraSphere,DarkPulse|Quiet||F|||50|]Kingambit||LifeOrb|Defiant|KowtowCleave,IronHead,Protect,SuckerPunch|Brave||M|||50|]Camerupt||Cameruptite|SolidRock|HeatWave,EarthPower,Protect,AncientPower|Quiet||F|||50|
|showteam|p2|Swampert||Swampertite|Torrent|Protect,WaveCrash,HighHorsepower,FlipTurn|Adamant||M|||50|]Pelipper||LifeOrb|Drizzle|Protect,WeatherBall,Hurricane,Tailwind|Modest||M|||50|]Archaludon||Leftovers|Stamina|Protect,FlashCannon,DragonPulse,ElectroShot|Modest||M|||50|]Venusaur||Venusaurite|Chlorophyll|Protect,EnergyBall,SludgeBomb,LeechSeed|Modest||M|||50|]Grimmsnarl||LightClay|Prankster|SpiritBreak,Reflect,LightScreen,PartingShot|Careful||M|||50|]Sneasler||WhiteHerb|Unburden|Protect,CloseCombat,DireClaw,FakeOut|Adamant||F|||50|
|inactive|Battle timer is ON: inactive players will automatically lose when time's up. (requested by TheTired)
|
|t:|1785948789
|teamsize|p1|4
|teamsize|p2|4
|start
|switch|p1a: Farigiraf|Farigiraf, L50, M|100/100
|switch|p1b: Blastoise|Blastoise, L50, F|100/100
|switch|p2a: Archaludon|Archaludon, L50, M, shiny|100/100
|switch|p2b: Grimmsnarl|Grimmsnarl, L50, M, shiny|100/100
|turn|1
|
|t:|1785948812
|detailschange|p1b: Blastoise|Blastoise-Mega, L50, F
|-mega|p1b: Blastoise|Blastoise|Blastoisinite
|move|p2a: Archaludon|Dragon Pulse|p1b: Blastoise
|-damage|p1b: Blastoise|65/100
|move|p1b: Blastoise|Aura Sphere|p2a: Archaludon
|-supereffective|p2a: Archaludon|1
|-damage|p2a: Archaludon|6/100
|-ability|p2a: Archaludon|Stamina|boost
|-boost|p2a: Archaludon|def|1
|move|p2b: Grimmsnarl|Spirit Break|p1b: Blastoise
|-damage|p1b: Blastoise|40/100
|-unboost|p1b: Blastoise|spa|1
|move|p1a: Farigiraf|Trick Room|p1a: Farigiraf
|-fieldstart|move: Trick Room|[of] p1a: Farigiraf
|
|-heal|p2a: Archaludon|12/100|[from] item: Leftovers
|upkeep
|turn|2
|
|t:|1785948836
|switch|p1b: Kingambit|Kingambit, L50, M|100/100
|move|p2a: Archaludon|Protect|p2a: Archaludon
|-singleturn|p2a: Archaludon|Protect
|move|p2b: Grimmsnarl|Light Screen|p2b: Grimmsnarl
|-sidestart|p2: Draikenos|move: Light Screen
|move|p1a: Farigiraf|Psychic Fangs|p2a: Archaludon
|-activate|p2a: Archaludon|move: Protect
|
|-heal|p2a: Archaludon|18/100|[from] item: Leftovers
|upkeep
|turn|3
|
|t:|1785948852
|move|p2b: Grimmsnarl|Reflect|p2b: Grimmsnarl
|-sidestart|p2: Draikenos|Reflect
|move|p1b: Kingambit|Iron Head|p2b: Grimmsnarl
|-supereffective|p2b: Grimmsnarl|1
|-damage|p2b: Grimmsnarl|9/100
|-damage|p1b: Kingambit|90/100|[from] item: Life Orb
|move|p1a: Farigiraf|Psychic Fangs|p2a: Archaludon
|-sideend|p2: Draikenos|Reflect
|-sideend|p2: Draikenos|move: Light Screen
|-resisted|p2a: Archaludon|1
|-damage|p2a: Archaludon|12/100
|-ability|p2a: Archaludon|Stamina|boost
|-boost|p2a: Archaludon|def|1
|move|p2a: Archaludon|Dragon Pulse|p1b: Kingambit
|-resisted|p1b: Kingambit|1
|-damage|p1b: Kingambit|71/100
|
|-heal|p2a: Archaludon|18/100|[from] item: Leftovers
|upkeep
|turn|4
|inactive|Draikenos has 30 seconds left.
|inactive|Draikenos has 20 seconds left.
|
|t:|1785948887
|move|p2a: Archaludon|Protect|p2a: Archaludon
|-singleturn|p2a: Archaludon|Protect
|move|p2b: Grimmsnarl|Reflect|p2b: Grimmsnarl
|-sidestart|p2: Draikenos|Reflect
|move|p1b: Kingambit|Kowtow Cleave|p2a: Archaludon
|-activate|p2a: Archaludon|move: Protect
|move|p1a: Farigiraf|Hyper Voice|p2a: Archaludon|[spread] p2b
|-activate|p2a: Archaludon|move: Protect
|-damage|p2b: Grimmsnarl|0 fnt
|faint|p2b: Grimmsnarl
|
|-heal|p2a: Archaludon|24/100|[from] item: Leftovers
|upkeep
|
|t:|1785948901
|switch|p2b: Swampert|Swampert, L50, M, shiny|100/100
|turn|5
|
|t:|1785948914
|detailschange|p2b: Swampert|Swampert-Mega, L50, M, shiny
|-mega|p2b: Swampert|Swampert|Swampertite
|move|p2a: Archaludon|Protect||[still]
|-fail|p2a: Archaludon
|move|p1b: Kingambit|Kowtow Cleave|p2a: Archaludon
|-damage|p2a: Archaludon|8/100
|-ability|p2a: Archaludon|Stamina|boost
|-boost|p2a: Archaludon|def|1
|-damage|p1b: Kingambit|61/100|[from] item: Life Orb
|move|p1a: Farigiraf|Psychic Fangs|p2a: Archaludon
|-sideend|p2: Draikenos|Reflect
|-resisted|p2a: Archaludon|1
|-damage|p2a: Archaludon|4/100
|-ability|p2a: Archaludon|Stamina|boost
|-boost|p2a: Archaludon|def|1
|move|p2b: Swampert|High Horsepower|p1a: Farigiraf
|-damage|p1a: Farigiraf|51/100
|
|-heal|p2a: Archaludon|10/100|[from] item: Leftovers
|-fieldend|move: Trick Room
|upkeep
|turn|6
|inactive|Draikenos has 30 seconds left.
|inactive|Draikenos has 20 seconds left.
|inactive|Draikenos has 15 seconds left.
|inactive|Draikenos has 10 seconds left.
|inactive|Draikenos has 5 seconds left.
|
|t:|1785948966
|move|p1b: Kingambit|Sucker Punch|p2a: Archaludon
|-damage|p2a: Archaludon|0 fnt
|faint|p2a: Archaludon
|-damage|p1b: Kingambit|52/100|[from] item: Life Orb
|move|p2b: Swampert|Wave Crash|p1a: Farigiraf
|-damage|p1a: Farigiraf|0 fnt
|faint|p1a: Farigiraf
|-damage|p2b: Swampert|79/100|[from] Recoil
|
|upkeep
|
|t:|1785948977
|switch|p2a: Pelipper|Pelipper, L50, M, shiny|100/100
|switch|p1a: Blastoise|Blastoise-Mega, L50, F|40/100
|-weather|RainDance|[from] ability: Drizzle|[of] p2a: Pelipper
|turn|7
|
|t:|1785948994
|move|p1a: Blastoise|Fake Out|p2a: Pelipper
|-damage|p2a: Pelipper|86/100
|move|p1b: Kingambit|Sucker Punch|p2b: Swampert
|-damage|p2b: Swampert|31/100
|-damage|p1b: Kingambit|42/100|[from] item: Life Orb
|move|p2b: Swampert|High Horsepower|p1b: Kingambit
|-supereffective|p1b: Kingambit|1
|-damage|p1b: Kingambit|0 fnt
|faint|p1b: Kingambit
|cant|p2a: Pelipper|flinch
|
|-weather|RainDance|[upkeep]
|upkeep
|
|t:|1785949001
|switch|p1b: Vanilluxe|Vanilluxe, L50, M|100/100
|-weather|Snowscape|[from] ability: Snow Warning|[of] p1b: Vanilluxe
|turn|8
|inactive|Draikenos has 30 seconds left.
|inactive|Draikenos has 20 seconds left.
|inactive|Draikenos has 15 seconds left.
|inactive|Draikenos has 10 seconds left.
|
|t:|1785949048
|move|p2a: Pelipper|Hurricane|p1b: Vanilluxe
|-damage|p1b: Vanilluxe|36/100
|-start|p1b: Vanilluxe|confusion
|-damage|p2a: Pelipper|76/100|[from] item: Life Orb
|move|p2b: Swampert|Wave Crash|p1b: Vanilluxe
|-damage|p1b: Vanilluxe|0 fnt
|faint|p1b: Vanilluxe
|-damage|p2b: Swampert|19/100|[from] Recoil
|move|p1a: Blastoise|Dark Pulse|p2b: Swampert
|-damage|p2b: Swampert|0 fnt
|faint|p2b: Swampert
|
|-weather|Snowscape|[upkeep]
|upkeep
|turn|9
|inactive|Draikenos has 30 seconds left.
|
|t:|1785949080
|move|p2a: Pelipper|Hurricane|p1a: Blastoise
|-damage|p1a: Blastoise|0 fnt
|faint|p1a: Blastoise
|-damage|p2a: Pelipper|67/100|[from] item: Life Orb
|
|win|Draikenos
|raw|TheTired's rating: 1209 → 1180(-29 for losing)
|raw|Draikenos's rating: 1146 → 1175(+29 for winning)
|l|☆TheTired
|player|p1|
|l|☆Draikenos
|player|p2|
|j|☆Draikenos
|player|p2|Draikenos|rosa|
|l|☆Draikenos
|player|p2|
|j|☆Draikenos
|player|p2|Draikenos|rosa|
