|j|☆loosecannon69
|j|☆ssooner
|html|loosecannon69ssooner    
|uhtml|bestof|Game 2 of a best-of-3
|t:|1785388390
|gametype|doubles
|player|p1|loosecannon69|serena|1147
|player|p2|ssooner|wallace|1165
|gen|9
|tier|[Gen 9 Champions] VGC 2026 Reg M-B (Bo3)
|rated|
|rule|Species Clause: Limit one of each Pokémon
|rule|Item Clause: Limit 1 of each item
|clearpoke
|poke|p1|Charizard, L50, F|
|poke|p1|Whimsicott, L50, F|
|poke|p1|Floette-Eternal, L50, F|
|poke|p1|Farigiraf, L50, F|
|poke|p1|Basculegion, L50, M|
|poke|p1|Primarina, L50, M|
|poke|p2|Venusaur, L50, M|
|poke|p2|Aerodactyl, L50, M|
|poke|p2|Sneasler, L50, F|
|poke|p2|Charizard, L50, F|
|poke|p2|Basculegion, L50, M|
|poke|p2|Kingambit, L50, M|
|teampreview|4
|showteam|p1|Charizard||CharizarditeY|Blaze|WeatherBall,HeatWave,SolarBeam,Protect|Modest||F|||50|]Whimsicott||FocusSash|Prankster|Tailwind,Moonblast,Protect,Encore|Timid||F|||50|]Floette-Eternal||Floettite|FlowerVeil|Moonblast,EnergyBall,DazzlingGleam,Protect|Modest||F|||50|]Farigiraf||ColburBerry|ArmorTail|Psychic,Imprison,TrickRoom,HelpingHand|Bold||F|||50|]Basculegion||ChoiceScarf|Adaptability|LastRespects,FlipTurn,AquaJet,WaveCrash|Adamant||M|||50|]Primarina||LifeOrb|LiquidVoice|HyperVoice,Moonblast,Protect,EnergyBall|Modest||M|||50|
|showteam|p2|Venusaur||LifeOrb|Chlorophyll|LeafStorm,SludgeBomb,SleepPowder,EarthPower|Modest||M|||50|]Aerodactyl||Aerodactylite|Unnerve|Protect,RockSlide,Tailwind,DualWingbeat|Jolly||M|||50|]Sneasler||FocusSash|Unburden|CloseCombat,DireClaw,FakeOut,Protect|Jolly||F|||50|]Charizard||CharizarditeY|Blaze|HeatWave,SolarBeam,WeatherBall,Protect|Modest||F|||50|]Basculegion||MysticWater|Adaptability|AquaJet,LastRespects,Protect,WaveCrash|Adamant||M|||50|]Kingambit||BlackGlasses|Defiant|KowtowCleave,Protect,SuckerPunch,SwordsDance|Adamant||M|||50|
|inactive|Battle timer is ON: inactive players will automatically lose when time's up. (requested by ssooner)
|inactive|ssooner has 60 seconds left.
|
|t:|1785388428
|teamsize|p1|4
|teamsize|p2|4
|start
|switch|p1a: Basculegion|Basculegion, L50, M|100/100
|switch|p1b: Whimsicott|Whimsicott, L50, F|100/100
|switch|p2a: Charizard|Charizard, L50, F|100/100
|switch|p2b: Venusaur|Venusaur, L50, M|100/100
|turn|1
|
|t:|1785388440
|detailschange|p2a: Charizard|Charizard-Mega-Y, L50, F
|-mega|p2a: Charizard|Charizard|Charizardite Y
|-weather|SunnyDay|[from] ability: Drought|[of] p2a: Charizard
|move|p1b: Whimsicott|Tailwind|p1b: Whimsicott
|-sidestart|p1: loosecannon69|move: Tailwind
|move|p1a: Basculegion|Flip Turn|p2b: Venusaur
|-resisted|p2b: Venusaur|1
|-damage|p2b: Venusaur|87/100
|
|t:|1785388447
|switch|p1a: Primarina|Primarina, L50, M|100/100|[from] Flip Turn
|move|p2b: Venusaur|Leaf Storm|p1a: Primarina
|-supereffective|p1a: Primarina|1
|-damage|p1a: Primarina|0 fnt
|-unboost|p2b: Venusaur|spa|2
|faint|p1a: Primarina
|-damage|p2b: Venusaur|77/100|[from] item: Life Orb
|move|p2a: Charizard|Heat Wave|p1b: Whimsicott
|-supereffective|p1b: Whimsicott|1
|-enditem|p1b: Whimsicott|Focus Sash
|-damage|p1b: Whimsicott|1/100
|
|-weather|SunnyDay|[upkeep]
|upkeep
|
|t:|1785388456
|switch|p1a: Basculegion|Basculegion, L50, M|100/100
|turn|2
|
|t:|1785388471
|switch|p1b: Floette|Floette-Eternal, L50, F|100/100
|move|p1a: Basculegion|Last Respects|p2b: Venusaur
|-damage|p2b: Venusaur|0 fnt
|faint|p2b: Venusaur
|move|p2a: Charizard|Heat Wave|p1b: Floette|[spread] p1a,p1b
|-resisted|p1a: Basculegion|1
|-damage|p1a: Basculegion|58/100
|-damage|p1b: Floette|37/100
|
|-weather|SunnyDay|[upkeep]
|upkeep
|
|t:|1785388483
|switch|p2b: Sneasler|Sneasler, L50, F|100/100
|turn|3
|
|t:|1785388498
|move|p1b: Floette|Protect|p1b: Floette
|-singleturn|p1b: Floette|Protect
|move|p2b: Sneasler|Fake Out|p1b: Floette
|-activate|p1b: Floette|move: Protect
|move|p1a: Basculegion|Last Respects|p2a: Charizard
|-damage|p2a: Charizard|11/100
|move|p2a: Charizard|Heat Wave|p1b: Floette|[spread] p1a
|-activate|p1b: Floette|move: Protect
|-resisted|p1a: Basculegion|1
|-damage|p1a: Basculegion|20/100y
|
|-weather|SunnyDay|[upkeep]
|upkeep
|turn|4
|
|t:|1785388511
|detailschange|p1b: Floette|Floette-Mega, L50, F
|-mega|p1b: Floette|Floette|Floettite
|-ability|p1b: Floette|Fairy Aura
|move|p2b: Sneasler|Protect|p2b: Sneasler
|-singleturn|p2b: Sneasler|Protect
|move|p2a: Charizard|Protect|p2a: Charizard
|-singleturn|p2a: Charizard|Protect
|move|p1a: Basculegion|Last Respects|p2a: Charizard
|-activate|p2a: Charizard|move: Protect
|move|p1b: Floette|Moonblast|p2b: Sneasler
|-activate|p2b: Sneasler|move: Protect
|
|-weather|SunnyDay|[upkeep]
|-sideend|p1: loosecannon69|move: Tailwind
|upkeep
|turn|5
|
|t:|1785388523
|switch|p2a: Kingambit|Kingambit, L50, M|100/100
|move|p1b: Floette|Protect|p1b: Floette
|-singleturn|p1b: Floette|Protect
|move|p1a: Basculegion|Last Respects|p2b: Sneasler
|-enditem|p2b: Sneasler|Focus Sash
|-damage|p2b: Sneasler|1/100
|move|p2b: Sneasler|Dire Claw|p1b: Floette
|-activate|p1b: Floette|move: Protect
|
|-weather|none
|upkeep
|turn|6
|
|t:|1785388536
|move|p2a: Kingambit|Sucker Punch|p1a: Basculegion
|-supereffective|p1a: Basculegion|1
|-damage|p1a: Basculegion|0 fnt
|faint|p1a: Basculegion
|move|p2b: Sneasler|Dire Claw|p1b: Floette
|-supereffective|p1b: Floette|1
|-damage|p1b: Floette|0 fnt
|faint|p1b: Floette
|
|upkeep
|inactive|loosecannon69 has 30 seconds left.
|inactive|loosecannon69 has 20 seconds left.
|inactive|loosecannon69 has 15 seconds left.
|-message|loosecannon69 forfeited.
|
|win|ssooner
|raw|loosecannon69's rating: 1147 → 1123(-24 for losing)
|raw|ssooner's rating: 1165 → 1189(+24 for winning)
