|j|‽Nerrgal
|j|☆edhen
|html|Nerrgaledhen    
|uhtml|bestof|Game 1 of a best-of-3
|t:|1756750462
|gametype|doubles
|player|p1|Nerrgal|cynthia-masters|1197
|player|p2|edhen|clair|1274
|gen|9
|tier|[Gen 9] VGC 2025 Reg H (Bo3)
|rated|
|rule|Species Clause: Limit one of each Pokémon
|rule|Item Clause: Limit 1 of each item
|clearpoke
|poke|p1|Basculegion, L50, M|
|poke|p1|Archaludon, L50, F|
|poke|p1|Pelipper, L50, F|
|poke|p1|Indeedee-F, L50, F|
|poke|p1|Ursaluna, L50, F|
|poke|p1|Gholdengo, L50|
|poke|p2|Gholdengo, L50|
|poke|p2|Archaludon, L50, M|
|poke|p2|Comfey, L50, F|
|poke|p2|Rillaboom, L50, M|
|poke|p2|Basculegion, L50, M|
|poke|p2|Murkrow, L50, F|
|teampreview|4
|showteam|p1|Basculegion||ChoiceScarf|Adaptability|FlipTurn,WaveCrash,AquaJet,LastRespects|||M|||50|,,,,,Water]Archaludon||AssaultVest|Stamina|ElectroShot,DragonPulse,Snarl,BodyPress|||F|||50|,,,,,Bug]Pelipper||CovertCloak|Drizzle|WideGuard,Hurricane,Protect,WeatherBall|||F|||50|,,,,,Grass]Indeedee-F||SafetyGoggles|PsychicSurge|TrickRoom,FollowMe,Psychic,HelpingHand|||F|||50|,,,,,Fairy]Ursaluna||FlameOrb|Guts|Facade,HeadlongRush,Earthquake,Protect|||F|||50|,,,,,Ghost]Gholdengo||ChoiceSpecs|GoodasGold|Trick,Protect,MakeItRain,ShadowBall||||||50|,,,,,Water
|showteam|p2|Gholdengo||IronPlate|GoodasGold|MakeItRain,ShadowBall,NastyPlot,Protect||||||50|,,,,,Steel]Archaludon||AssaultVest|Stamina|ElectroShot,BodyPress,FlashCannon,DragonPulse|||M|||50|,,,,,Fairy]Comfey||WikiBerry|Triage|Protect,FloralHealing,DrainingKiss,Taunt|||F|||50|,,,,,Steel]Rillaboom||LoadedDice|GrassySurge|BulletSeed,GrassyGlide,FakeOut,HighHorsepower|||M|||50|,,,,,Water]Basculegion||ChoiceBand|SwiftSwim|LastRespects,WaveCrash,AquaJet,FlipTurn|||M|||50|,,,,,Water]Murkrow||Eviolite|Prankster|Tailwind,FoulPlay,Haze,RainDance|||F|||50|,,,,,Ghost
|
|t:|1756750503
|teamsize|p1|4
|teamsize|p2|4
|start
|switch|p1a: Gholdengo|Gholdengo, L50|100/100
|switch|p1b: Basculegion|Basculegion, L50, M|100/100
|switch|p2a: Rillaboom|Rillaboom, L50, M|100/100
|switch|p2b: Archaludon|Archaludon, L50, M|100/100
|-fieldstart|move: Grassy Terrain|[from] ability: Grassy Surge|[of] p2a: Rillaboom
|turn|1
|
|t:|1756750555
|switch|p1b: Indeedee|Indeedee-F, L50, F|100/100
|-fieldstart|move: Psychic Terrain|[from] ability: Psychic Surge|[of] p1b: Indeedee
|move|p1a: Gholdengo|Trick|p2a: Rillaboom
|-activate|p1a: Gholdengo|move: Trick|[of] p2a: Rillaboom
|-item|p2a: Rillaboom|Choice Specs|[from] move: Trick
|-item|p1a: Gholdengo|Loaded Dice|[from] move: Trick
|move|p2a: Rillaboom|Grassy Glide|p1b: Indeedee
|-damage|p1b: Indeedee|75/100
|move|p2b: Archaludon|Flash Cannon|p1b: Indeedee
|-damage|p1b: Indeedee|36/100
|
|upkeep
|turn|2
|
|t:|1756750587
|switch|p2a: Murkrow|Murkrow, L50, F|100/100
|move|p1b: Indeedee|Follow Me|p1b: Indeedee
|-singleturn|p1b: Indeedee|move: Follow Me
|move|p1a: Gholdengo|Trick|p2b: Archaludon
|-activate|p1a: Gholdengo|move: Trick|[of] p2b: Archaludon
|-item|p2b: Archaludon|Loaded Dice|[from] move: Trick
|-item|p1a: Gholdengo|Assault Vest|[from] move: Trick
|move|p2b: Archaludon|Flash Cannon|p1b: Indeedee
|-damage|p1b: Indeedee|0 fnt
|faint|p1b: Indeedee
|
|upkeep
|
|t:|1756750599
|switch|p1b: Ursaluna|Ursaluna, L50, F|100/100
|turn|3
|
|t:|1756750657
|switch|p2b: Rillaboom|Rillaboom, L50, M|100/100
|-fieldstart|move: Grassy Terrain|[from] ability: Grassy Surge|[of] p2b: Rillaboom
|-terastallize|p1b: Ursaluna|Ghost
|move|p1a: Gholdengo|Shadow Ball|p2b: Rillaboom
|-damage|p2b: Rillaboom|57/100
|move|p2a: Murkrow|Foul Play|p1a: Gholdengo
|-supereffective|p1a: Gholdengo
|-damage|p1a: Gholdengo|59/100
|move|p1b: Ursaluna|Headlong Rush|p2b: Rillaboom
|-resisted|p2b: Rillaboom
|-damage|p2b: Rillaboom|23/100
|-unboost|p1b: Ursaluna|def|1
|-unboost|p1b: Ursaluna|spd|1
|
|-heal|p1a: Gholdengo|65/100|[from] Grassy Terrain
|-heal|p2b: Rillaboom|29/100|[from] Grassy Terrain
|-status|p1b: Ursaluna|brn|[from] item: Flame Orb
|upkeep
|turn|4
|
|t:|1756750684
|move|p1b: Ursaluna|Protect|p1b: Ursaluna
|-singleturn|p1b: Ursaluna|Protect
|move|p1a: Gholdengo|Make It Rain|p2b: Rillaboom|[spread] p2a,p2b
|-damage|p2a: Murkrow|42/100
|-damage|p2b: Rillaboom|0 fnt
|-unboost|p1a: Gholdengo|spa|1
|faint|p2b: Rillaboom
|move|p2a: Murkrow|Foul Play|p1b: Ursaluna
|-activate|p1b: Ursaluna|move: Protect
|
|-heal|p1a: Gholdengo|71/100|[from] Grassy Terrain
|-damage|p1b: Ursaluna|95/100 brn|[from] brn
|upkeep
|
|t:|1756750692
|switch|p2b: Gholdengo|Gholdengo, L50|100/100
|turn|5
|
|t:|1756750730
|switch|p1b: Basculegion|Basculegion, L50, M|100/100
|move|p2b: Gholdengo|Shadow Ball|p1a: Gholdengo
|-supereffective|p1a: Gholdengo
|-damage|p1a: Gholdengo|7/100
|-unboost|p1a: Gholdengo|spd|1
|move|p1a: Gholdengo|Shadow Ball|p2b: Gholdengo
|-supereffective|p2b: Gholdengo
|-damage|p2b: Gholdengo|32/100
|move|p2a: Murkrow|Foul Play|p1b: Basculegion
|-supereffective|p1b: Basculegion
|-crit|p1b: Basculegion
|-damage|p1b: Basculegion|0 fnt
|faint|p1b: Basculegion
|
|-heal|p2b: Gholdengo|38/100|[from] Grassy Terrain
|-heal|p1a: Gholdengo|13/100|[from] Grassy Terrain
|upkeep
|
|t:|1756750735
|switch|p1b: Ursaluna|Ursaluna, L50, F, tera:Ghost|95/100 brn
|turn|6
|
|t:|1756750772
|move|p2b: Gholdengo|Shadow Ball|p1a: Gholdengo
|-supereffective|p1a: Gholdengo
|-damage|p1a: Gholdengo|0 fnt
|faint|p1a: Gholdengo
|move|p2a: Murkrow|Foul Play|p1b: Ursaluna
|-supereffective|p1b: Ursaluna
|-damage|p1b: Ursaluna|15/100 brn
|move|p1b: Ursaluna|Earthquake|p2b: Gholdengo|[spread] p2b
|-immune|p2a: Murkrow
|-supereffective|p2b: Gholdengo
|-damage|p2b: Gholdengo|0 fnt
|faint|p2b: Gholdengo
|
|-heal|p1b: Ursaluna|21/100 brn|[from] Grassy Terrain
|-damage|p1b: Ursaluna|15/100 brn|[from] brn
|upkeep
|
|t:|1756750780
|switch|p2b: Archaludon|Archaludon, L50, M|100/100
|turn|7
|
|t:|1756750790
|move|p2a: Murkrow|Foul Play|p1b: Ursaluna
|-supereffective|p1b: Ursaluna
|-damage|p1b: Ursaluna|0 fnt
|faint|p1b: Ursaluna
|
|win|edhen
||Nerrgal is ready for game 2.
