|j|☆VenuDaAsco
|j|☆ronzthebonz
|html|VenuDaAscoronzthebonz    
|uhtml|bestof|Game 1 of a best-of-3
|t:|1782417783
|gametype|doubles
|player|p1|VenuDaAsco|169|1319
|player|p2|ronzthebonz|2|1325
|gen|9
|tier|[Gen 9 Champions] VGC 2026 Reg M-B (Bo3)
|rated|
|rule|Species Clause: Limit one of each Pokémon
|rule|Item Clause: Limit 1 of each item
|clearpoke
|poke|p1|Pelipper, L50, M, shiny|
|poke|p1|Swampert, L50, M|
|poke|p1|Sinistcha, L50|
|poke|p1|Archaludon, L50, M, shiny|
|poke|p1|Sableye, L50, M, shiny|
|poke|p1|Mawile, L50, M, shiny|
|poke|p2|Metagross, L50|
|poke|p2|Aerodactyl, L50, F|
|poke|p2|Ninetales-Alola, L50, M|
|poke|p2|Sneasler, L50, F|
|poke|p2|Hydreigon, L50, M|
|poke|p2|Maushold, L50|
|teampreview|4
|showteam|p1|Pelipper||FocusSash|Drizzle|WeatherBall,Hurricane,Tailwind,WideGuard|Modest||M|||50|]Swampert||Swampertite|Damp|WaveCrash,IcePunch,HighHorsepower,Protect|Adamant||M|||50|]Sinistcha||KasibBerry|Hospitality|MatchaGotcha,RagePowder,LifeDew,TrickRoom|Bold|||||50|]Archaludon||Leftovers|Stamina|ElectroShot,FlashCannon,DragonPulse,Protect|Modest||M|||50|]Sableye||RoseliBerry|Prankster|Encore,Reflect,LightScreen,RainDance|Sassy||M|||50|]Mawile||Mawilite|Intimidate|PlayRough,SuckerPunch,SwordsDance,Protect|Brave||M|||50|
|showteam|p2|Metagross||Metagrossite|ClearBody|MeteorMash,BodyPress,ThunderPunch,Protect|Adamant|||||50|]Aerodactyl||Aerodactylite|Unnerve|RockSlide,DualWingbeat,Tailwind,WideGuard|Jolly||F|||50|]Ninetales-Alola||FocusSash|SnowWarning|Blizzard,AuroraVeil,Encore,Protect|Timid||M|||50|]Sneasler||WhiteHerb|Unburden|FakeOut,CloseCombat,DireClaw,Coaching|Jolly||F|||50|]Hydreigon||LifeOrb|Levitate|DragonPulse,NastyPlot,DarkPulse,Protect|Modest||M|||50|]Maushold||SitrusBerry|FriendGuard|Taunt,FollowMe,HelpingHand,Protect|Calm|||||50|
|inactive|Battle timer is ON: inactive players will automatically lose when time's up. (requested by VenuDaAsco)
|inactive|VenuDaAsco has 60 seconds left.
|inactive|ronzthebonz has 60 seconds left.
|
|t:|1782417821
|teamsize|p1|4
|teamsize|p2|4
|start
|switch|p1a: Sinistcha|Sinistcha, L50|100/100
|switch|p1b: Mawile|Mawile, L50, M, shiny|100/100
|switch|p2a: Hydreigon|Hydreigon, L50, M|100/100
|switch|p2b: Maushold|Maushold, L50|100/100
|-ability|p1b: Mawile|Intimidate|boost
|-unboost|p2a: Hydreigon|atk|1
|-unboost|p2b: Maushold|atk|1
|turn|1
|
|t:|1782417844
|move|p1a: Sinistcha|Rage Powder|p1a: Sinistcha
|-singleturn|p1a: Sinistcha|move: Rage Powder
|move|p2a: Hydreigon|Dark Pulse|p1a: Sinistcha
|-supereffective|p1a: Sinistcha|1
|-damage|p1a: Sinistcha|0 fnt
|faint|p1a: Sinistcha
|-damage|p2a: Hydreigon|90/100|[from] item: Life Orb
|move|p2b: Maushold|Taunt|p1b: Mawile
|-start|p1b: Mawile|move: Taunt
|cant|p1b: Mawile|move: Taunt|Swords Dance
|
|upkeep
|
|t:|1782417851
|switch|p1a: Pelipper|Pelipper, L50, M, shiny|100/100
|-weather|RainDance|[from] ability: Drizzle|[of] p1a: Pelipper
|turn|2
|
|t:|1782417868
|switch|p2a: Metagross|Metagross, L50|100/100
|detailschange|p1b: Mawile|Mawile-Mega, L50, M, shiny
|-mega|p1b: Mawile|Mawile|Mawilite
|move|p2b: Maushold|Taunt|p1a: Pelipper
|-start|p1a: Pelipper|move: Taunt
|cant|p1a: Pelipper|move: Taunt|Tailwind
|move|p1b: Mawile|Play Rough|p2a: Metagross
|-resisted|p2a: Metagross|1
|-damage|p2a: Metagross|74/100
|
|-weather|RainDance|[upkeep]
|upkeep
|turn|3
|
|t:|1782417881
|switch|p1b: Archaludon|Archaludon, L50, M, shiny|100/100
|detailschange|p2a: Metagross|Metagross-Mega, L50
|-mega|p2a: Metagross|Metagross|Metagrossite
|move|p2b: Maushold|Follow Me|p2b: Maushold
|-singleturn|p2b: Maushold|move: Follow Me
|move|p2a: Metagross|Meteor Mash|p1b: Archaludon
|-resisted|p1b: Archaludon|1
|-crit|p1b: Archaludon
|-damage|p1b: Archaludon|67/100
|-ability|p1b: Archaludon|Stamina|boost
|-boost|p1b: Archaludon|def|1
|move|p1a: Pelipper|Weather Ball|p2b: Maushold
|-damage|p2b: Maushold|28/100
|-enditem|p2b: Maushold|Sitrus Berry|[eat]
|-heal|p2b: Maushold|53/100|[from] item: Sitrus Berry
|
|-weather|RainDance|[upkeep]
|-heal|p1b: Archaludon|73/100|[from] item: Leftovers
|upkeep
|turn|4
|
|t:|1782417898
|switch|p2b: Ninetales|Ninetales-Alola, L50, M|100/100
|-weather|Snowscape|[from] ability: Snow Warning|[of] p2b: Ninetales
|switch|p1a: Mawile|Mawile-Mega, L50, M, shiny|100/100
|move|p2a: Metagross|Thunder Punch|p1a: Mawile
|-damage|p1a: Mawile|68/100
|move|p1b: Archaludon|Electro Shot||[still]
|-prepare|p1b: Archaludon|Electro Shot
|-boost|p1b: Archaludon|spa|1
|
|-weather|Snowscape|[upkeep]
|-heal|p1b: Archaludon|79/100|[from] item: Leftovers
|upkeep
|turn|5
|inactive|ronzthebonz has 30 seconds left.
|
|t:|1782417924
|move|p2a: Metagross|Protect|p2a: Metagross
|-singleturn|p2a: Metagross|Protect
|move|p1a: Mawile|Sucker Punch||[still]
|-fail|p1a: Mawile
|move|p2b: Ninetales|Encore|p1b: Archaludon
|-start|p1b: Archaludon|Encore
|move|p1b: Archaludon|Electro Shot|p2b: Ninetales|[from] lockedmove
|-damage|p2b: Ninetales|23/100
|
|-weather|Snowscape|[upkeep]
|-heal|p1b: Archaludon|85/100|[from] item: Leftovers
|upkeep
|turn|6
|inactive|ronzthebonz has 30 seconds left.
|
|t:|1782417949
|switch|p2b: Hydreigon|Hydreigon, L50, M|90/100
|switch|p2a: Maushold|Maushold, L50|53/100
|switch|p1a: Pelipper|Pelipper, L50, M, shiny|100/100
|-weather|RainDance|[from] ability: Drizzle|[of] p1a: Pelipper
|move|p1b: Archaludon|Electro Shot||[still]
|-prepare|p1b: Archaludon|Electro Shot
|-boost|p1b: Archaludon|spa|1
|-anim|p1b: Archaludon|Electro Shot|p2a: Maushold
|-damage|p2a: Maushold|0 fnt
|faint|p2a: Maushold
|
|-weather|RainDance|[upkeep]
|-heal|p1b: Archaludon|92/100|[from] item: Leftovers
|upkeep
|
|t:|1782417969
|switch|p2a: Ninetales|Ninetales-Alola, L50, M|23/100
|-weather|Snowscape|[from] ability: Snow Warning|[of] p2a: Ninetales
|turn|7
|
|t:|1782417989
|switch|p1b: Mawile|Mawile-Mega, L50, M, shiny|68/100
|move|p2a: Ninetales|Blizzard|p1a: Pelipper|[spread] p1a,p1b
|-resisted|p1b: Mawile|1
|-damage|p1a: Pelipper|40/100
|-damage|p1b: Mawile|50/100g
|move|p2b: Hydreigon|Dragon Pulse|p1b: Mawile
|-immune|p1b: Mawile
|move|p1a: Pelipper|Weather Ball|p2b: Hydreigon
|-supereffective|p2b: Hydreigon|1
|-damage|p2b: Hydreigon|12/100
|
|-weather|Snowscape|[upkeep]
|upkeep
|turn|8
|
|t:|1782418000
|switch|p1a: Archaludon|Archaludon, L50, M, shiny|92/100
|move|p1b: Mawile|Sucker Punch|p2b: Hydreigon
|-resisted|p2b: Hydreigon|1
|-damage|p2b: Hydreigon|0 fnt
|faint|p2b: Hydreigon
|move|p2a: Ninetales|Blizzard|p1a: Archaludon|[spread] p1a,p1b
|-resisted|p1b: Mawile|1
|-damage|p1a: Archaludon|60/100
|-damage|p1b: Mawile|31/100
|-status|p1a: Archaludon|frz
|-ability|p1a: Archaludon|Stamina|boost
|-boost|p1a: Archaludon|def|1
|
|-weather|Snowscape|[upkeep]
|-heal|p1a: Archaludon|66/100 frz|[from] item: Leftovers
|upkeep
|
|t:|1782418003
|switch|p2b: Metagross|Metagross-Mega, L50|74/100
|turn|9
|
|t:|1782418007
|switch|p1b: Pelipper|Pelipper, L50, M, shiny|40/100
|-weather|RainDance|[from] ability: Drizzle|[of] p1b: Pelipper
|move|p2a: Ninetales|Blizzard|p1b: Pelipper|[spread] p1a,p1b
|-damage|p1a: Archaludon|38/100 frz
|-damage|p1b: Pelipper|0 fnt
|-ability|p1a: Archaludon|Stamina|boost
|-boost|p1a: Archaludon|def|1
|faint|p1b: Pelipper
|move|p2b: Metagross|Meteor Mash|p1a: Archaludon
|-resisted|p1a: Archaludon|1
|-damage|p1a: Archaludon|25/100 frz
|-ability|p1a: Archaludon|Stamina|boost
|-boost|p1a: Archaludon|def|1
|cant|p1a: Archaludon|frz
|
|-weather|RainDance|[upkeep]
|-heal|p1a: Archaludon|31/100 frz|[from] item: Leftovers
|upkeep
|
|t:|1782418010
|switch|p1b: Mawile|Mawile-Mega, L50, M, shiny|31/100
|turn|10
|
|t:|1782418017
|move|p1b: Mawile|Sucker Punch|p2a: Ninetales
|-resisted|p2a: Ninetales|1
|-damage|p2a: Ninetales|0 fnt
|faint|p2a: Ninetales
|move|p2b: Metagross|Meteor Mash|p1b: Mawile
|-damage|p1b: Mawile|0 fnt
|-boost|p2b: Metagross|atk|1
|faint|p1b: Mawile
|cant|p1a: Archaludon|frz
|
|-weather|RainDance|[upkeep]
|-heal|p1a: Archaludon|38/100 frz|[from] item: Leftovers
|upkeep
|turn|11
|
|t:|1782418023
|move|p2b: Metagross|Body Press|p1a: Archaludon
|-supereffective|p1a: Archaludon|1
|-damage|p1a: Archaludon|17/100 frz
|-ability|p1a: Archaludon|Stamina|boost
|-boost|p1a: Archaludon|def|1
|-curestatus|p1a: Archaludon|frz|[msg]
|move|p1a: Archaludon|Electro Shot||[still]
|-prepare|p1a: Archaludon|Electro Shot
|-boost|p1a: Archaludon|spa|1
|-anim|p1a: Archaludon|Electro Shot|p2b: Metagross
|-damage|p2b: Metagross|22/100
|
|-weather|RainDance|[upkeep]
|-heal|p1a: Archaludon|23/100|[from] item: Leftovers
|upkeep
|turn|12
|
|t:|1782418029
|move|p1a: Archaludon|Protect|p1a: Archaludon
|-singleturn|p1a: Archaludon|Protect
|move|p2b: Metagross|Body Press|p1a: Archaludon
|-activate|p1a: Archaludon|move: Protect
|
|-weather|RainDance|[upkeep]
|-heal|p1a: Archaludon|29/100|[from] item: Leftovers
|upkeep
|turn|13
|
|t:|1782418033
|move|p2b: Metagross|Body Press|p1a: Archaludon
|-supereffective|p1a: Archaludon|1
|-damage|p1a: Archaludon|13/100
|-ability|p1a: Archaludon|Stamina|boost
|-boost|p1a: Archaludon|def|1
|move|p1a: Archaludon|Electro Shot||[still]
|-prepare|p1a: Archaludon|Electro Shot
|-boost|p1a: Archaludon|spa|1
|-anim|p1a: Archaludon|Electro Shot|p2b: Metagross
|-damage|p2b: Metagross|0 fnt
|faint|p2b: Metagross
|
|win|VenuDaAsco
