|j|☆uPinhuu
|j|☆br3bbsy
|html|uPinhuubr3bbsy    
|uhtml|bestof|Game 3 of a best-of-3
|t:|1785792036
|gametype|doubles
|player|p1|uPinhuu|1|1142
|player|p2|br3bbsy|steven|1153
|gen|9
|tier|[Gen 9 Champions] VGC 2026 Reg M-B (Bo3)
|rated|
|rule|Species Clause: Limit one of each Pokémon
|rule|Item Clause: Limit 1 of each item
|clearpoke
|poke|p1|Staraptor, L50, M|
|poke|p1|Vanilluxe, L50, M|
|poke|p1|Farigiraf, L50, M|
|poke|p1|Blastoise, L50, M|
|poke|p1|Kingambit, L50, M|
|poke|p1|Camerupt, L50, M|
|poke|p2|Excadrill, L50, M|
|poke|p2|Tyranitar, L50, M|
|poke|p2|Sinistcha, L50|
|poke|p2|Milotic, L50, F|
|poke|p2|Staraptor, L50, M|
|poke|p2|Gholdengo, L50|
|teampreview|4
|showteam|p1|Staraptor||ChoiceScarf|Intimidate|FinalGambit,BraveBird,CloseCombat,Uturn|Jolly||M|||50|]Vanilluxe||NeverMeltIce|SnowWarning|Blizzard,FreezeDry,Protect,IceShard|Quiet||M|||50|]Farigiraf||SitrusBerry|ArmorTail|PsychicFangs,HyperVoice,HelpingHand,TrickRoom|Relaxed||M|||50|]Blastoise||Blastoisinite|RainDish|FakeOut,WaterSpout,AuraSphere,DarkPulse|Quiet||M|||50|]Kingambit||LifeOrb|Defiant|KowtowCleave,IronHead,Protect,SuckerPunch|Brave||M|||50|]Camerupt||Cameruptite|SolidRock|HeatWave,EarthPower,Protect,AncientPower|Quiet||M|||50|
|showteam|p2|Excadrill||FocusSash|SandRush|Earthquake,Protect,RockSlide,IronHead|Jolly||M|||50|]Tyranitar||Tyranitarite|SandStream|KnockOff,HighHorsepower,Protect,RockSlide|Jolly||M|||50|]Sinistcha||ColburBerry|Hospitality|MatchaGotcha,RagePowder,ShadowBall,Protect|Bold|||||50|]Milotic||Leftovers|Competitive|Scald,IcyWind,Protect,Haze|Calm||F|||50|]Staraptor||Staraptite|Intimidate|BraveBird,CloseCombat,Tailwind,Protect|Jolly||M|||50|]Gholdengo||LifeOrb|GoodasGold|MakeItRain,NastyPlot,ShadowBall,Protect|Modest|||||50|
|inactive|Battle timer is ON: inactive players will automatically lose when time's up. (requested by uPinhuu)
|
|t:|1785792064
|teamsize|p1|4
|teamsize|p2|4
|start
|switch|p1a: Staraptor|Staraptor, L50, M|100/100
|switch|p1b: Vanilluxe|Vanilluxe, L50, M|100/100
|switch|p2a: Gholdengo|Gholdengo, L50|100/100
|switch|p2b: Milotic|Milotic, L50, F|100/100
|-ability|p1a: Staraptor|Intimidate|boost
|-unboost|p2a: Gholdengo|atk|1
|-unboost|p2b: Milotic|atk|1
|-ability|p2b: Milotic|Competitive|boost
|-boost|p2b: Milotic|spa|2
|-weather|Snowscape|[from] ability: Snow Warning|[of] p1b: Vanilluxe
|turn|1
|inactive|uPinhuu has 30 seconds left.
|
|t:|1785792092
|switch|p1b: Farigiraf|Farigiraf, L50, M|100/100
|move|p1a: Staraptor|Final Gambit|p2b: Milotic
|-damage|p2b: Milotic|0 fnt
|faint|p1a: Staraptor
|faint|p2b: Milotic
|move|p2a: Gholdengo|Make It Rain|p1b: Farigiraf
|-damage|p1b: Farigiraf|26/100
|-unboost|p2a: Gholdengo|spa|2
|-enditem|p1b: Farigiraf|Sitrus Berry|[eat]
|-heal|p1b: Farigiraf|51/100|[from] item: Sitrus Berry
|-damage|p2a: Gholdengo|90/100|[from] item: Life Orb
|
|-weather|Snowscape|[upkeep]
|upkeep
|
|t:|1785792114
|switch|p1a: Blastoise|Blastoise, L50, M|100/100
|switch|p2b: Tyranitar|Tyranitar, L50, M|100/100
|-weather|Sandstorm|[from] ability: Sand Stream|[of] p2b: Tyranitar
|turn|2
|
|t:|1785792128
|detailschange|p1a: Blastoise|Blastoise-Mega, L50, M
|-mega|p1a: Blastoise|Blastoise|Blastoisinite
|move|p2a: Gholdengo|Protect|p2a: Gholdengo
|-singleturn|p2a: Gholdengo|Protect
|move|p1a: Blastoise|Fake Out|p2b: Tyranitar
|-resisted|p2b: Tyranitar|1
|-damage|p2b: Tyranitar|95/100
|cant|p2b: Tyranitar|flinch
|move|p1b: Farigiraf|Trick Room|p1b: Farigiraf
|-fieldstart|move: Trick Room|[of] p1b: Farigiraf
|
|-weather|Sandstorm|[upkeep]
|-damage|p1b: Farigiraf|45/100|[from] Sandstorm
|-damage|p1a: Blastoise|94/100|[from] Sandstorm
|upkeep
|turn|3
|
|t:|1785792149
|switch|p2a: Sinistcha|Sinistcha, L50|100/100
|-heal|p2b: Tyranitar|100/100|[from] ability: Hospitality|[of] p2a: Sinistcha
|move|p1b: Farigiraf|Helping Hand|p1a: Blastoise
|-singleturn|p1a: Blastoise|Helping Hand|[of] p1b: Farigiraf
|move|p1a: Blastoise|Water Spout|p2a: Sinistcha|[spread] p2a,p2b
|-resisted|p2a: Sinistcha|1
|-supereffective|p2b: Tyranitar|1
|-damage|p2a: Sinistcha|53/100
|-damage|p2b: Tyranitar|0 fnt
|faint|p2b: Tyranitar
|
|-weather|Sandstorm|[upkeep]
|-damage|p1b: Farigiraf|39/100|[from] Sandstorm
|-damage|p1a: Blastoise|88/100|[from] Sandstorm
|-damage|p2a: Sinistcha|48/100|[from] Sandstorm
|upkeep
|
|t:|1785792162
|switch|p2b: Gholdengo|Gholdengo, L50|90/100
|turn|4
|
|t:|1785792175
|move|p1b: Farigiraf|Helping Hand|p1a: Blastoise
|-singleturn|p1a: Blastoise|Helping Hand|[of] p1b: Farigiraf
|move|p2b: Gholdengo|Protect|p2b: Gholdengo
|-singleturn|p2b: Gholdengo|Protect
|move|p1a: Blastoise|Water Spout|p2b: Gholdengo|[spread] p2a
|-activate|p2b: Gholdengo|move: Protect
|-resisted|p2a: Sinistcha|1
|-damage|p2a: Sinistcha|7/100
|move|p2a: Sinistcha|Matcha Gotcha|p1b: Farigiraf|[spread] p1a
|-miss|p2a: Sinistcha|p1b: Farigiraf
|-supereffective|p1a: Blastoise|1
|-damage|p1a: Blastoise|49/100
|-heal|p2a: Sinistcha|28/100|[from] drain|[of] p1a: Blastoise
|
|-weather|Sandstorm|[upkeep]
|-damage|p1b: Farigiraf|32/100|[from] Sandstorm
|-damage|p1a: Blastoise|43/100|[from] Sandstorm
|-damage|p2a: Sinistcha|22/100|[from] Sandstorm
|upkeep
|turn|5
|inactive|uPinhuu has 30 seconds left.
|
|t:|1785792203
|move|p2a: Sinistcha|Protect|p2a: Sinistcha
|-singleturn|p2a: Sinistcha|Protect
|move|p1b: Farigiraf|Psychic Fangs|p2a: Sinistcha
|-activate|p2a: Sinistcha|move: Protect
|move|p1a: Blastoise|Dark Pulse|p2b: Gholdengo
|-supereffective|p2b: Gholdengo|1
|-crit|p2b: Gholdengo
|-damage|p2b: Gholdengo|0 fnt
|faint|p2b: Gholdengo
|
|-weather|Sandstorm|[upkeep]
|-damage|p1b: Farigiraf|26/100|[from] Sandstorm
|-damage|p1a: Blastoise|37/100|[from] Sandstorm
|-damage|p2a: Sinistcha|16/100|[from] Sandstorm
|upkeep
|turn|6
|
|t:|1785792222
|move|p1b: Farigiraf|Psychic Fangs|p2a: Sinistcha
|-damage|p2a: Sinistcha|0 fnt
|faint|p2a: Sinistcha
|
|win|uPinhuu
|raw|uPinhuu's rating: 1142 → 1168(+26 for winning)
|raw|br3bbsy's rating: 1153 → 1127(-26 for losing)
|l|☆br3bbsy
|player|p2|
