|j|☆Doomnik
|j|☆The Time Traveller
|html|DoomnikThe Time Traveller    
|uhtml|bestof|Game 1 of a best-of-3
|t:|1782540121
|gametype|doubles
|player|p1|Doomnik|volkner|1182
|player|p2|The Time Traveller|veteran|1052
|gen|9
|tier|[Gen 9 Champions] VGC 2026 Reg M-B (Bo3)
|rated|
|rule|Species Clause: Limit one of each Pokémon
|rule|Item Clause: Limit 1 of each item
|clearpoke
|poke|p1|Hydreigon, L50, M|
|poke|p1|Metagross, L50|
|poke|p1|Garchomp, L50, F|
|poke|p1|Grimmsnarl, L50, M|
|poke|p1|Toxapex, L50, F|
|poke|p1|Charizard, L50, F, shiny|
|poke|p2|Pelipper, L50, M|
|poke|p2|Swampert, L50, M|
|poke|p2|Basculegion, L50, M|
|poke|p2|Archaludon, L50, M|
|poke|p2|Grimmsnarl, L50, M|
|poke|p2|Palafin, L50, M|
|teampreview|4
|showteam|p1|Hydreigon||ChoiceScarf|Levitate|HeatWave,DarkPulse,Snarl,DracoMeteor|Modest||M|||50|]Metagross||Metagrossite|ClearBody|IronHead,BodyPress,BulletPunch,Protect|Adamant|||||50|]Garchomp||SitrusBerry|RoughSkin|Earthquake,DragonClaw,RockSlide,Protect|Adamant||F|||50|]Grimmsnarl||RoseliBerry|Prankster|PartingShot,Reflect,FakeOut,FoulPlay|Bold||M|||50|]Toxapex||Leftovers|Regenerator|Infestation,BanefulBunker,Toxic,WideGuard|Bold||F|||50|]Charizard||CharizarditeY|Blaze|WeatherBall,Protect,SolarBeam,HeatWave|Modest||F|||50|
|showteam|p2|Pelipper||DampRock|Drizzle|WeatherBall,Tailwind,WideGuard,Hurricane|Bold||M|||50|]Swampert||Swampertite|Torrent|WaveCrash,Earthquake,IcePunch,FlipTurn|Adamant||M|||50|]Basculegion||MysticWater|SwiftSwim|LastRespects,WaveCrash,IceFang,AquaJet|Adamant||M|||50|]Archaludon||LifeOrb|Stamina|ElectroShot,DragonPulse,FlashCannon,Protect|Modest||M|||50|]Grimmsnarl||LightClay|Prankster|LightScreen,Reflect,FakeOut,SuckerPunch|Adamant||M|||50|]Palafin||ChoiceScarf|ZerotoHero|FlipTurn,JetPunch,CloseCombat,WaveCrash|Adamant||M|||50|
|inactive|Battle timer is ON: inactive players will automatically lose when time's up. (requested by Doomnik)
|inactive|The Time Traveller has 60 seconds left.
|
|t:|1782540162
|teamsize|p1|4
|teamsize|p2|4
|start
|switch|p1a: Grimmsnarl|Grimmsnarl, L50, M|100/100
|switch|p1b: Charizard|Charizard, L50, F, shiny|100/100
|switch|p2a: Palafin|Palafin, L50, M|100/100
|switch|p2b: Grimmsnarl|Grimmsnarl, L50, M|100/100
|turn|1
|inactive|Doomnik has 30 seconds left.
|
|t:|1782540190
|move|p2b: Grimmsnarl|Fake Out|p1b: Charizard
|-damage|p1b: Charizard|86/100
|move|p1a: Grimmsnarl|Fake Out|p2b: Grimmsnarl
|-damage|p2b: Grimmsnarl|88/100
|move|p2a: Palafin|Flip Turn|p1b: Charizard
|-supereffective|p1b: Charizard|1
|-damage|p1b: Charizard|36/100
|
|t:|1782540208
|detailschange|p2a: Palafin|Palafin-Hero, L50, M
|switch|p2a: Pelipper|Pelipper, L50, M|100/100|[from] Flip Turn
|-weather|RainDance|[from] ability: Drizzle|[of] p2a: Pelipper
|cant|p1b: Charizard|flinch
|
|-weather|RainDance|[upkeep]
|upkeep
|turn|2
|inactive|The Time Traveller has 30 seconds left.
|
|t:|1782540238
|switch|p2a: Swampert|Swampert, L50, M|100/100
|detailschange|p1b: Charizard|Charizard-Mega-Y, L50, F, shiny
|-mega|p1b: Charizard|Charizard|Charizardite Y
|-weather|SunnyDay|[from] ability: Drought|[of] p1b: Charizard
|move|p2b: Grimmsnarl|Light Screen|p2b: Grimmsnarl
|-sidestart|p2: The Time Traveller|move: Light Screen
|move|p1a: Grimmsnarl|Parting Shot|p2a: Swampert
|-unboost|p2a: Swampert|atk|1
|-unboost|p2a: Swampert|spa|1
|
|t:|1782540248
|switch|p1a: Hydreigon|Hydreigon, L50, M|100/100|[from] Parting Shot
|move|p1b: Charizard|Heat Wave|p2b: Grimmsnarl|[spread] p2a,p2b
|-resisted|p2a: Swampert|1
|-damage|p2a: Swampert|79/100
|-damage|p2b: Grimmsnarl|42/100
|-status|p2b: Grimmsnarl|brn
|
|-weather|SunnyDay|[upkeep]
|-damage|p2b: Grimmsnarl|36/100 brn|[from] brn
|upkeep
|turn|3
|
|t:|1782540271
|switch|p1b: Grimmsnarl|Grimmsnarl, L50, M|100/100
|switch|p2a: Pelipper|Pelipper, L50, M|100/100
|-weather|RainDance|[from] ability: Drizzle|[of] p2a: Pelipper
|move|p2b: Grimmsnarl|Sucker Punch||[still]
|-fail|p2b: Grimmsnarl
|move|p1a: Hydreigon|Draco Meteor|p2a: Pelipper
|-damage|p2a: Pelipper|47/100
|-unboost|p1a: Hydreigon|spa|2
|
|-weather|RainDance|[upkeep]
|-damage|p2b: Grimmsnarl|30/100 brn|[from] brn
|upkeep
|turn|4
|
|t:|1782540290
|move|p1b: Grimmsnarl|Fake Out|p2a: Pelipper
|-damage|p2a: Pelipper|36/100
|move|p2b: Grimmsnarl|Reflect|p2b: Grimmsnarl
|-sidestart|p2: The Time Traveller|Reflect
|move|p1a: Hydreigon|Draco Meteor|p2a: Pelipper
|-damage|p2a: Pelipper|8/100
|-unboost|p1a: Hydreigon|spa|2
|cant|p2a: Pelipper|flinch
|
|-weather|RainDance|[upkeep]
|-damage|p2b: Grimmsnarl|24/100 brn|[from] brn
|upkeep
|turn|5
|
|t:|1782540308
|move|p1b: Grimmsnarl|Reflect|p1b: Grimmsnarl
|-sidestart|p1: Doomnik|Reflect
|move|p2b: Grimmsnarl|Sucker Punch|p1a: Hydreigon
|-resisted|p1a: Hydreigon|1
|-damage|p1a: Hydreigon|93/100
|move|p1a: Hydreigon|Draco Meteor|p2a: Pelipper
|-damage|p2a: Pelipper|0 fnt
|-unboost|p1a: Hydreigon|spa|2
|faint|p2a: Pelipper
|
|-weather|RainDance|[upkeep]
|-damage|p2b: Grimmsnarl|18/100 brn|[from] brn
|upkeep
|
|t:|1782540324
|switch|p2a: Palafin|Palafin-Hero, L50, M|100/100
|-activate|p2a: Palafin|ability: Zero to Hero
|turn|6
|
|t:|1782540338
|switch|p1a: Garchomp|Garchomp, L50, F|100/100
|switch|p2b: Swampert|Swampert, L50, M|79/100
|move|p1b: Grimmsnarl|Parting Shot|p2a: Palafin
|-unboost|p2a: Palafin|atk|1
|-unboost|p2a: Palafin|spa|1
|
|t:|1782540345
|switch|p1b: Charizard|Charizard-Mega-Y, L50, F, shiny|36/100|[from] Parting Shot
|-weather|SunnyDay|[from] ability: Drought|[of] p1b: Charizard
|move|p2a: Palafin|Close Combat|p1a: Garchomp
|-damage|p1a: Garchomp|81/100
|-unboost|p2a: Palafin|def|1
|-unboost|p2a: Palafin|spd|1
|-damage|p2a: Palafin|87/100|[from] ability: Rough Skin|[of] p1a: Garchomp
|
|-weather|SunnyDay|[upkeep]
|upkeep
|turn|7
|-message|The Time Traveller forfeited.
|
|win|Doomnik
|l|☆The Time Traveller
|player|p2|
