|j|☆DonnyBoy766
|j|☆quain4
|html|DonnyBoy766quain4    
|uhtml|bestof|Game 1 of a best-of-3
|t:|1756387907
|gametype|doubles
|player|p1|DonnyBoy766|fisherman-gen4|1065
|player|p2|quain4|169|1117
|gen|9
|tier|[Gen 9] VGC 2025 Reg H (Bo3)
|rated|
|rule|Species Clause: Limit one of each Pokémon
|rule|Item Clause: Limit 1 of each item
|clearpoke
|poke|p1|Tyranitar, L50, M|
|poke|p1|Corviknight, L50, M|
|poke|p1|Ursaluna-Bloodmoon, L50, M|
|poke|p1|Annihilape, L50, M|
|poke|p1|Indeedee, L50, M|
|poke|p1|Sneasler, L50, M|
|poke|p2|Gothitelle, L50, M|
|poke|p2|Incineroar, L50, F|
|poke|p2|Zoroark-Hisui, L50, M|
|poke|p2|Ursaluna-Bloodmoon, L50, M|
|poke|p2|Amoonguss, L50, M|
|poke|p2|Gardevoir, L50, F|
|teampreview|4
|showteam|p1|Tyranitar||AssaultVest|SandStream|KnockOff,TeraBlast,LowKick,RockSlide|||M|||50|,,,,,Flying]Corviknight||CovertCloak|MirrorArmor|BraveBird,BulkUp,Roost,Tailwind|||M|||50|,,,,,Fire]Ursaluna-Bloodmoon||LifeOrb|MindsEye|BloodMoon,HyperVoice,EarthPower,Protect|||M|||50|,,,,,Normal]Annihilape||SafetyGoggles|Defiant|CloseCombat,RageFist,Taunt,Protect|||M|||50|,,,,,Fire]Indeedee||ChoiceScarf|PsychicSurge|ExpandingForce,TeraBlast,Trick,Protect|||M|||50|,,,,,Psychic]Sneasler||PsychicSeed|Unburden|CloseCombat,DireClaw,ThroatChop,Protect|||M|||50|,,,,,Dark
|showteam|p2|Gothitelle||SitrusBerry|ShadowTag|Protect,TrickRoom,FakeOut,Psychic|||M|||50|,,,,,Water]Incineroar||AssaultVest|Intimidate|Uturn,FakeOut,FlareBlitz,KnockOff|||F|||50|,,,,,Grass]Zoroark-Hisui||FocusSash|Illusion|Protect,NastyPlot,BitterMalice,HyperVoice|||M|||50|,,,,,Normal]Ursaluna-Bloodmoon||LifeOrb|MindsEye|Protect,EarthPower,BloodMoon,HyperVoice|||M|||50|,,,,,Normal]Amoonguss||RockyHelmet|EffectSpore|Protect,Spore,RagePowder,PollenPuff|||M|||50|,,,,,Water]Gardevoir||ChoiceSpecs|Synchronize|Moonblast,Psychic,DazzlingGleam,ShadowSneak|||F|||50|,,,,,Psychic
|
|t:|1756387944
|teamsize|p1|4
|teamsize|p2|4
|start
|switch|p1a: Tyranitar|Tyranitar, L50, M|100/100
|switch|p1b: Sneasler|Sneasler, L50, M|100/100
|switch|p2a: Incineroar|Incineroar, L50, F|100/100
|switch|p2b: Gothitelle|Gothitelle, L50, M|100/100
|-weather|Sandstorm|[from] ability: Sand Stream|[of] p1a: Tyranitar
|-ability|p2a: Incineroar|Intimidate|boost
|-unboost|p1a: Tyranitar|atk|1
|-unboost|p1b: Sneasler|atk|1
|turn|1
|
|t:|1756387977
|switch|p2a: Incineroar|Incineroar, L50, F|100/100
|move|p1b: Sneasler|Close Combat|p2a: Incineroar
|-immune|p2a: Incineroar
|move|p1a: Tyranitar|Knock Off|p2b: Gothitelle
|-supereffective|p2b: Gothitelle
|-damage|p2b: Gothitelle|36/100
|-enditem|p2b: Gothitelle|Sitrus Berry|[from] move: Knock Off|[of] p1a: Tyranitar
|move|p2b: Gothitelle|Psychic|p1b: Sneasler
|-supereffective|p1b: Sneasler
|-damage|p1b: Sneasler|0 fnt
|faint|p1b: Sneasler
|
|-weather|Sandstorm|[upkeep]
|-damage|p2a: Incineroar|94/100|[from] Sandstorm
|-damage|p2b: Gothitelle|29/100|[from] Sandstorm
|upkeep
|
|t:|1756387994
|switch|p1b: Indeedee|Indeedee, L50, M|100/100
|-fieldstart|move: Psychic Terrain|[from] ability: Psychic Surge|[of] p1b: Indeedee
|turn|2
|
|t:|1756388011
|move|p2b: Gothitelle|Protect|p2b: Gothitelle
|-singleturn|p2b: Gothitelle|Protect
|move|p1b: Indeedee|Expanding Force|p2b: Gothitelle|[spread] p2a
|-activate|p2b: Gothitelle|move: Protect
|-damage|p2a: Incineroar|0 fnt
|replace|p2a: Zoroark|Zoroark-Hisui, L50, M
|-end|p2a: Zoroark|Illusion
|faint|p2a: Zoroark
|move|p1a: Tyranitar|Knock Off|p2b: Gothitelle
|-activate|p2b: Gothitelle|move: Protect
|
|-weather|Sandstorm|[upkeep]
|-damage|p1b: Indeedee|95/100|[from] Sandstorm
|-damage|p2b: Gothitelle|23/100|[from] Sandstorm
|upkeep
|
|t:|1756388016
|switch|p2a: Incineroar|Incineroar, L50, F|100/100
|-ability|p2a: Incineroar|Intimidate|boost
|-unboost|p1a: Tyranitar|atk|1
|-unboost|p1b: Indeedee|atk|1
|turn|3
|
|t:|1756388043
|move|p1b: Indeedee|Expanding Force|p2b: Gothitelle|[spread] p2b
|-immune|p2a: Incineroar
|-resisted|p2b: Gothitelle
|-damage|p2b: Gothitelle|1/100
|move|p1a: Tyranitar|Knock Off|p2b: Gothitelle
|-supereffective|p2b: Gothitelle
|-damage|p2b: Gothitelle|0 fnt
|faint|p2b: Gothitelle
|move|p2a: Incineroar|Knock Off|p1b: Indeedee
|-supereffective|p1b: Indeedee
|-damage|p1b: Indeedee|0 fnt
|-enditem|p1b: Indeedee|Choice Scarf|[from] move: Knock Off|[of] p2a: Incineroar
|faint|p1b: Indeedee
|
|-weather|Sandstorm|[upkeep]
|-damage|p2a: Incineroar|95/100|[from] Sandstorm
|upkeep
|
|t:|1756388051
|switch|p1b: Ursaluna|Ursaluna-Bloodmoon, L50, M|100/100
|switch|p2b: Ursaluna|Ursaluna-Bloodmoon, L50, M|100/100
|turn|4
|
|t:|1756388063
|-terastallize|p1b: Ursaluna|Normal
|move|p2b: Ursaluna|Protect|p2b: Ursaluna
|-singleturn|p2b: Ursaluna|Protect
|move|p1a: Tyranitar|Low Kick|p2b: Ursaluna
|-activate|p2b: Ursaluna|move: Protect
|move|p1b: Ursaluna|Hyper Voice|p2a: Incineroar|[spread] p2a
|-activate|p2b: Ursaluna|move: Protect
|-crit|p2a: Incineroar
|-damage|p2a: Incineroar|24/100
|-damage|p1b: Ursaluna|91/100|[from] item: Life Orb
|move|p2a: Incineroar|Knock Off|p1a: Tyranitar
|-resisted|p1a: Tyranitar
|-damage|p1a: Tyranitar|80/100
|-enditem|p1a: Tyranitar|Assault Vest|[from] move: Knock Off|[of] p2a: Incineroar
|
|-weather|Sandstorm|[upkeep]
|-damage|p1b: Ursaluna|85/100|[from] Sandstorm
|-damage|p2a: Incineroar|18/100|[from] Sandstorm
|upkeep
|turn|5
|
|t:|1756388106
|move|p1a: Tyranitar|Low Kick|p2b: Ursaluna
|-supereffective|p2b: Ursaluna
|-damage|p2b: Ursaluna|69/100
|move|p1b: Ursaluna|Hyper Voice|p2a: Incineroar|[spread] p2a,p2b
|-damage|p2a: Incineroar|0 fnt
|-damage|p2b: Ursaluna|0 fnt
|faint|p2a: Incineroar
|faint|p2b: Ursaluna
|-damage|p1b: Ursaluna|75/100|[from] item: Life Orb
|
|win|DonnyBoy766
||quain4 is ready for game 2.
||DonnyBoy766 is ready for game 2.
|uhtml|next|Next: Game 2 of 3
|l|☆quain4
|player|p2|
