|j|☆testdigi
|j|☆p1ch1pichi
|html|testdigip1ch1pichi    
|uhtml|bestof|Game 1 of a best-of-3
|t:|1784828503
|gametype|doubles
|player|p1|testdigi|101|1116
|player|p2|p1ch1pichi|n|1183
|gen|9
|tier|[Gen 9 Champions] VGC 2026 Reg M-B (Bo3)
|rated|
|rule|Species Clause: Limit one of each Pokémon
|rule|Item Clause: Limit 1 of each item
|clearpoke
|poke|p1|Raichu, L50, M|
|poke|p1|Mamoswine, L50, F|
|poke|p1|Sylveon, L50, M|
|poke|p1|Corviknight, L50, F|
|poke|p1|Basculegion, L50, M|
|poke|p1|Meowscarada, L50, M|
|poke|p2|Blastoise, L50, M, shiny|
|poke|p2|Delphox, L50, M|
|poke|p2|Sneasler, L50, F|
|poke|p2|Incineroar, L50, M|
|poke|p2|Sinistcha, L50|
|poke|p2|Kingambit, L50, F|
|teampreview|4
|showteam|p1|Raichu||RaichuniteY|LightningRod|ZapCannon,FocusBlast,FakeOut,Protect|Timid||M|||50|]Mamoswine||LifeOrb|Oblivious|StompingTantrum,IceShard,RockSlide,Protect|Adamant||F|||50|]Sylveon||FairyFeather|Pixilate|HyperVoice,QuickAttack,Yawn,Detect|Modest||M|||50|]Corviknight||OccaBerry|MirrorArmor|IronHead,BraveBird,Tailwind,Protect|Adamant||F|||50|]Basculegion||FocusSash|Adaptability|LastRespects,Liquidation,AquaJet,Protect|Adamant||M|||50|]Meowscarada||ExpertBelt|Overgrow|FlowerTrick,Taunt,KnockOff,Uturn|Jolly||M|||50|
|showteam|p2|Blastoise||Blastoisinite|RainDish|Protect,WaterSpout,DarkPulse,ShellSmash|Modest||M|||50|]Delphox||Delphoxite|Blaze|Protect,HeatWave,Psyshock,NastyPlot|Modest||M|||50|]Sneasler||FocusSash|PoisonTouch|QuickGuard,FakeOut,PoisonJab,CloseCombat|Jolly||F|||50|]Incineroar||SitrusBerry|Intimidate|PartingShot,FakeOut,FlareBlitz,HelpingHand|Careful||M|||50|]Sinistcha||KasibBerry|Hospitality|Protect,MatchaGotcha,RagePowder,TrickRoom|Bold|||||50|]Kingambit||BlackGlasses|Defiant|Protect,KowtowCleave,SuckerPunch,SwordsDance|Adamant||F|||50|
|inactive|Battle timer is ON: inactive players will automatically lose when time's up. (requested by p1ch1pichi)
|
|t:|1784828533
|teamsize|p1|4
|teamsize|p2|4
|start
|switch|p1a: Sylveon|Sylveon, L50, M|100/100
|switch|p1b: Raichu|Raichu, L50, M|100/100
|switch|p2a: Incineroar|Incineroar, L50, M|100/100
|switch|p2b: Delphox|Delphox, L50, M|100/100
|-ability|p2a: Incineroar|Intimidate|boost
|-unboost|p1a: Sylveon|atk|1
|-unboost|p1b: Raichu|atk|1
|turn|1
|inactive|testdigi has 30 seconds left.
|inactive|p1ch1pichi has 30 seconds left.
|
|t:|1784828564
|detailschange|p1b: Raichu|Raichu-Mega-Y, L50, M
|-mega|p1b: Raichu|Raichu|Raichunite Y
|detailschange|p2b: Delphox|Delphox-Mega, L50, M
|-mega|p2b: Delphox|Delphox|Delphoxite
|move|p1b: Raichu|Fake Out|p2a: Incineroar
|-damage|p2a: Incineroar|94/100
|cant|p2a: Incineroar|flinch
|move|p2b: Delphox|Nasty Plot|p2b: Delphox
|-boost|p2b: Delphox|spa|2
|move|p1a: Sylveon|Yawn|p2b: Delphox
|-start|p2b: Delphox|move: Yawn|[of] p1a: Sylveon
|
|upkeep
|turn|2
|inactive|p1ch1pichi has 30 seconds left.
|
|t:|1784828593
|move|p1b: Raichu|Protect|p1b: Raichu
|-singleturn|p1b: Raichu|Protect
|move|p1a: Sylveon|Detect|p1a: Sylveon
|-singleturn|p1a: Sylveon|Protect
|move|p2b: Delphox|Heat Wave|p1b: Raichu|[spread] 
|-activate|p1a: Sylveon|move: Protect
|-activate|p1b: Raichu|move: Protect
|move|p2a: Incineroar|Parting Shot|p1a: Sylveon
|-activate|p1a: Sylveon|move: Protect
|
|-end|p2b: Delphox|move: Yawn|[silent]
|-status|p2b: Delphox|slp
|upkeep
|turn|3
|
|t:|1784828611
|switch|p2a: Sinistcha|Sinistcha, L50|100/100
|cant|p2b: Delphox|slp
|move|p1b: Raichu|Zap Cannon|p2b: Delphox
|-damage|p2b: Delphox|47/100 slp
|move|p1a: Sylveon|Yawn|p2a: Sinistcha
|-start|p2a: Sinistcha|move: Yawn|[of] p1a: Sylveon
|
|upkeep
|turn|4
|
|t:|1784828624
|switch|p2a: Incineroar|Incineroar, L50, M|94/100
|-ability|p2a: Incineroar|Intimidate|boost
|-unboost|p1a: Sylveon|atk|1
|-unboost|p1b: Raichu|atk|1
|move|p1b: Raichu|Protect|p1b: Raichu
|-singleturn|p1b: Raichu|Protect
|cant|p2b: Delphox|slp
|move|p1a: Sylveon|Hyper Voice|p2a: Incineroar|[spread] p2a,p2b
|-resisted|p2b: Delphox|1
|-damage|p2a: Incineroar|61/100
|-damage|p2b: Delphox|28/100 slp
|
|upkeep
|turn|5
|
|t:|1784828646
|move|p2a: Incineroar|Fake Out|p1b: Raichu
|-damage|p1b: Raichu|86/100
|cant|p1b: Raichu|flinch
|-curestatus|p2b: Delphox|slp|[msg]
|move|p2b: Delphox|Heat Wave|p1b: Raichu|[spread] p1a,p1b
|-damage|p1a: Sylveon|42/100
|-damage|p1b: Raichu|0 fnt
|faint|p1b: Raichu
|move|p1a: Sylveon|Yawn|p2b: Delphox
|-start|p2b: Delphox|move: Yawn|[of] p1a: Sylveon
|
|upkeep
|
|t:|1784828654
|switch|p1b: Meowscarada|Meowscarada, L50, M|100/100
|turn|6
|
|t:|1784828676
|switch|p2b: Sinistcha|Sinistcha, L50|100/100
|-heal|p2a: Incineroar|86/100|[from] ability: Hospitality|[of] p2b: Sinistcha
|move|p1b: Meowscarada|Knock Off|p2b: Sinistcha
|-supereffective|p2b: Sinistcha|1
|-damage|p2b: Sinistcha|19/100
|-enditem|p2b: Sinistcha|Kasib Berry|[from] move: Knock Off|[of] p1b: Meowscarada
|move|p2a: Incineroar|Flare Blitz|p1b: Meowscarada
|-supereffective|p1b: Meowscarada|1
|-damage|p1b: Meowscarada|0 fnt
|faint|p1b: Meowscarada
|-damage|p2a: Incineroar|59/100|[from] Recoil
|move|p1a: Sylveon|Yawn|p2a: Incineroar
|-start|p2a: Incineroar|move: Yawn|[of] p1a: Sylveon
|
|upkeep
|
|t:|1784828680
|switch|p1b: Basculegion|Basculegion, L50, M|100/100
|turn|7
|inactive|p1ch1pichi has 30 seconds left.
|
|t:|1784828708
|switch|p2a: Kingambit|Kingambit, L50, F|100/100
|move|p1b: Basculegion|Protect|p1b: Basculegion
|-singleturn|p1b: Basculegion|Protect
|move|p2b: Sinistcha|Protect|p2b: Sinistcha
|-singleturn|p2b: Sinistcha|Protect
|move|p1a: Sylveon|Hyper Voice|p2b: Sinistcha|[spread] p2a
|-activate|p2b: Sinistcha|move: Protect
|-damage|p2a: Kingambit|66/100
|
|upkeep
|turn|8
|
|t:|1784828726
|move|p1b: Basculegion|Aqua Jet|p2a: Kingambit
|-damage|p2a: Kingambit|42/100
|move|p2a: Kingambit|Sucker Punch||[still]
|-fail|p2a: Kingambit
|move|p2b: Sinistcha|Matcha Gotcha|p1a: Sylveon|[spread] p1a,p1b
|-supereffective|p1b: Basculegion|1
|-damage|p1a: Sylveon|24/100
|-heal|p2b: Sinistcha|28/100|[from] drain|[of] p1a: Sylveon
|-damage|p1b: Basculegion|47/100
|-heal|p2b: Sinistcha|57/100|[from] drain|[of] p1b: Basculegion
|-status|p1a: Sylveon|brn
|move|p1a: Sylveon|Yawn|p2a: Kingambit
|-start|p2a: Kingambit|move: Yawn|[of] p1a: Sylveon
|
|-damage|p1a: Sylveon|19/100 brn|[from] brn
|upkeep
|turn|9
|
|t:|1784828747
|switch|p2a: Incineroar|Incineroar, L50, M|59/100
|-ability|p2a: Incineroar|Intimidate|boost
|-unboost|p1a: Sylveon|atk|1
|-unboost|p1b: Basculegion|atk|1
|move|p1b: Basculegion|Protect|p1b: Basculegion
|-singleturn|p1b: Basculegion|Protect
|move|p1a: Sylveon|Detect|p1a: Sylveon
|-singleturn|p1a: Sylveon|Protect
|move|p2b: Sinistcha|Matcha Gotcha|p1b: Basculegion|[spread] 
|-activate|p1a: Sylveon|move: Protect
|-activate|p1b: Basculegion|move: Protect
|
|-damage|p1a: Sylveon|13/100 brn|[from] brn
|upkeep
|turn|10
|inactive|p1ch1pichi has 30 seconds left.
|
|t:|1784828776
|move|p2a: Incineroar|Fake Out|p1a: Sylveon
|-damage|p1a: Sylveon|2/100 brn
|move|p1b: Basculegion|Last Respects|p2b: Sinistcha
|-supereffective|p2b: Sinistcha|1
|-damage|p2b: Sinistcha|0 fnt
|faint|p2b: Sinistcha
|cant|p1a: Sylveon|flinch
|
|-damage|p1a: Sylveon|0 fnt|[from] brn
|faint|p1a: Sylveon
|upkeep
|-message|testdigi forfeited.
|
|win|p1ch1pichi
|l|☆testdigi
|player|p1|
||testdigi is ready for game 2.
||p1ch1pichi is ready for game 2.
|uhtml|next|Next: Game 2 of 3
