|j|☆grrimm32
|j|‽LovelyDovelyMoment
|html|grrimm32LovelyDovelyMoment    
|uhtml|bestof|Game 2 of a best-of-3
|t:|1786194135
|gametype|doubles
|player|p1|grrimm32|iono-masters|
|player|p2|LovelyDovelyMoment|iris-gen5bw2|
|gen|9
|tier|[Gen 9 Champions] VGC 2026 Reg M-B (Bo3)
|rule|Species Clause: Limit one of each Pokémon
|rule|Item Clause: Limit 1 of each item
|clearpoke
|poke|p1|Runerigus, L50, M|
|poke|p1|Slowbro, L50, M|
|poke|p1|Emboar, L50, M, shiny|
|poke|p1|Abomasnow, L50, M, shiny|
|poke|p1|Steelix, L50, F|
|poke|p1|Sableye, L50, F|
|poke|p2|Tinkaton, L50, F|
|poke|p2|Runerigus, L50, M|
|poke|p2|Sableye, L50, F|
|poke|p2|Heliolisk, L50, F|
|poke|p2|Simisear, L50, M|
|poke|p2|Emboar, L50, F, shiny|
|teampreview|4
|showteam|p1|Runerigus||MentalHerb|WanderingSpirit|TrickRoom,Taunt,WillOWisp,Poltergeist|Sassy||M|||50|]Slowbro||Leftovers|Regenerator|TrickRoom,Scald,CalmMind,SlackOff|Relaxed||M|||50|]Emboar||LifeOrb|Reckless|FlareBlitz,CloseCombat,WildCharge,Protect|Brave||M|||50|]Abomasnow||Abomasite|SnowWarning|Blizzard,EarthPower,GigaDrain,Protect|Quiet||M|||50|]Steelix||Steelixite|Sturdy|GyroBall,HighHorsepower,Curse,Protect|Brave||F|||50|]Sableye||LightClay|Prankster|LightScreen,Reflect,Quash,FakeOut|Calm||F|||50|
|showteam|p2|Tinkaton||SitrusBerry|Pickpocket|FakeOut,GigatonHammer,PlayRough,Protect|Adamant||F|||50|]Runerigus||Leftovers|WanderingSpirit|Imprison,TrickRoom,Protect,Earthquake|Sassy||M|||50|]Sableye||FocusSash|Prankster|Encore,FakeOut,Taunt,Detect|Relaxed||F|||50|]Heliolisk||LifeOrb|SolarPower|HyperVoice,Discharge,Protect,GrassKnot|Timid||F|||50|]Simisear||ChoiceScarf|Blaze|Overheat,FocusBlast,SunnyDay,HeatWave|Modest||M|||50|]Emboar||IronBall|Reckless|FlareBlitz,WildCharge,DrainPunch,Protect|Brave||F|||50|
|
|t:|1786194179
|teamsize|p1|4
|teamsize|p2|4
|start
|switch|p1a: Runerigus|Runerigus, L50, M|100/100
|switch|p1b: Abomasnow|Abomasnow, L50, M, shiny|100/100
|switch|p2a: Sableye|Sableye, L50, F|100/100
|switch|p2b: Simisear|Simisear, L50, M|100/100
|-weather|Snowscape|[from] ability: Snow Warning|[of] p1b: Abomasnow
|turn|1
|
|t:|1786194192
|move|p1b: Abomasnow|Protect|p1b: Abomasnow
|-singleturn|p1b: Abomasnow|Protect
|move|p2a: Sableye|Taunt|p1a: Runerigus
|-start|p1a: Runerigus|move: Taunt
|-enditem|p1a: Runerigus|Mental Herb
|-end|p1a: Runerigus|move: Taunt
|move|p2b: Simisear|Overheat|p1b: Abomasnow
|-activate|p1b: Abomasnow|move: Protect
|move|p1a: Runerigus|Trick Room|p1a: Runerigus
|-fieldstart|move: Trick Room|[of] p1a: Runerigus
|
|-weather|Snowscape|[upkeep]
|upkeep
|turn|2
|
|t:|1786194212
|switch|p1b: Emboar|Emboar, L50, M, shiny|100/100
|move|p2a: Sableye|Encore||[still]
|-fail|p2a: Sableye
|move|p1a: Runerigus|Poltergeist|p2b: Simisear
|-activate|p2b: Simisear|move: Poltergeist|Choice Scarf
|-damage|p2b: Simisear|38/100
|move|p2b: Simisear|Overheat|p1b: Emboar
|-resisted|p1b: Emboar|1
|-damage|p1b: Emboar|66/100
|-unboost|p2b: Simisear|spa|2
|
|-weather|Snowscape|[upkeep]
|upkeep
|turn|3
|
|t:|1786194244
|switch|p2b: Emboar|Emboar, L50, F, shiny|100/100
|move|p2a: Sableye|Taunt|p1b: Emboar
|-start|p1b: Emboar|move: Taunt
|move|p1a: Runerigus|Poltergeist|p2b: Emboar
|-activate|p2b: Emboar|move: Poltergeist|Iron Ball
|-damage|p2b: Emboar|57/100
|move|p1b: Emboar|Flare Blitz|p2a: Sableye
|-enditem|p2a: Sableye|Focus Sash
|-damage|p2a: Sableye|1/100
|-damage|p1b: Emboar|42/100|[from] Recoil
|-damage|p1b: Emboar|33/100|[from] item: Life Orb
|
|-weather|Snowscape|[upkeep]
|upkeep
|turn|4
|
|t:|1786194263
|switch|p1b: Slowbro|Slowbro, L50, M|100/100
|move|p2a: Sableye|Taunt|p1a: Runerigus
|-start|p1a: Runerigus|move: Taunt
|move|p2b: Emboar|Flare Blitz|p1a: Runerigus
|-damage|p1a: Runerigus|41/100
|-activate|p2b: Emboar|Skill Swap|Wandering Spirit|Reckless|[of] p1a: Runerigus
|-damage|p2b: Emboar|42/100|[from] Recoil
|move|p1a: Runerigus|Poltergeist|p2b: Emboar
|-activate|p2b: Emboar|move: Poltergeist|Iron Ball
|-damage|p2b: Emboar|0 fnt
|faint|p2b: Emboar
|
|-weather|Snowscape|[upkeep]
|upkeep
|
|t:|1786194272
|switch|p2b: Heliolisk|Heliolisk, L50, F|100/100
|turn|5
|
|t:|1786194286
|move|p2b: Heliolisk|Protect|p2b: Heliolisk
|-singleturn|p2b: Heliolisk|Protect
|move|p2a: Sableye|Taunt|p1b: Slowbro
|-start|p1b: Slowbro|move: Taunt
|move|p1b: Slowbro|Scald|p2b: Heliolisk
|-activate|p2b: Heliolisk|move: Protect
|move|p1a: Runerigus|Poltergeist||[still]
|-fail|p1a: Runerigus
|
|-weather|none
|-fieldend|move: Trick Room
|upkeep
|turn|6
|
|t:|1786194316
|switch|p2a: Simisear|Simisear, L50, M|38/100
|switch|p1a: Emboar|Emboar, L50, M, shiny|33/100
|move|p2b: Heliolisk|Grass Knot|p1a: Emboar
|-resisted|p1a: Emboar|1
|-damage|p1a: Emboar|10/100
|-damage|p2b: Heliolisk|90/100|[from] item: Life Orb
|move|p1b: Slowbro|Scald|p2a: Simisear
|-supereffective|p2a: Simisear|1
|-damage|p2a: Simisear|0 fnt
|faint|p2a: Simisear
|
|upkeep
|
|t:|1786194318
|switch|p2a: Sableye|Sableye, L50, F|1/100
|turn|7
|
|t:|1786194335
|switch|p1b: Runerigus|Runerigus, L50, M|41/100
|move|p1a: Emboar|Protect|p1a: Emboar
|-singleturn|p1a: Emboar|Protect
|move|p2a: Sableye|Fake Out|p1b: Runerigus
|-immune|p1b: Runerigus
|move|p2b: Heliolisk|Hyper Voice|p1a: Emboar|[spread] 
|-activate|p1a: Emboar|move: Protect
|-immune|p1b: Runerigus
|
|upkeep
|turn|8
|
|t:|1786194348
|move|p2a: Sableye|Encore|p1a: Emboar
|-start|p1a: Emboar|Encore
|move|p1a: Emboar|Protect||[still]
|-fail|p1a: Emboar
|move|p2b: Heliolisk|Grass Knot|p1b: Runerigus
|-supereffective|p1b: Runerigus|1
|-damage|p1b: Runerigus|0 fnt
|-activate|p2b: Heliolisk|Skill Swap|Wandering Spirit|Solar Power|[of] p1b: Runerigus
|faint|p1b: Runerigus
|-damage|p2b: Heliolisk|81/100|[from] item: Life Orb
|
|upkeep
|
|t:|1786194356
|switch|p1b: Abomasnow|Abomasnow, L50, M, shiny|100/100
|-weather|Snowscape|[from] ability: Snow Warning|[of] p1b: Abomasnow
|turn|9
|
|t:|1786194363
|detailschange|p1b: Abomasnow|Abomasnow-Mega, L50, M, shiny
|-mega|p1b: Abomasnow|Abomasnow|Abomasite
|move|p2a: Sableye|Detect|p2a: Sableye
|-singleturn|p2a: Sableye|Protect
|move|p1a: Emboar|Protect|p1a: Emboar
|-singleturn|p1a: Emboar|Protect
|move|p2b: Heliolisk|Hyper Voice|p1a: Emboar|[spread] p1b
|-activate|p1a: Emboar|move: Protect
|-damage|p1b: Abomasnow|62/100
|-damage|p2b: Heliolisk|71/100|[from] item: Life Orb
|move|p1b: Abomasnow|Blizzard|p2a: Sableye|[spread] p2b
|-activate|p2a: Sableye|move: Protect
|-damage|p2b: Heliolisk|2/100
|
|-weather|Snowscape|[upkeep]
|upkeep
|turn|10
|
|t:|1786194374
|move|p1a: Emboar|Protect|p1a: Emboar
|-singleturn|p1a: Emboar|Protect
|move|p2a: Sableye|Taunt|p1b: Abomasnow
|-start|p1b: Abomasnow|move: Taunt
|move|p2b: Heliolisk|Discharge|p1a: Emboar|[spread] p2a,p1b
|-activate|p1a: Emboar|move: Protect
|-resisted|p1b: Abomasnow|1
|-damage|p2a: Sableye|0 fnt
|-damage|p1b: Abomasnow|46/100
|faint|p2a: Sableye
|-damage|p2b: Heliolisk|0 fnt|[from] item: Life Orb
|faint|p2b: Heliolisk
|
|win|grrimm32
