|j|☆JP the president
|j|☆mattf315
|html|JP the presidentmattf315    
|uhtml|bestof|Game 1 of a best-of-3
|t:|1756335928
|gametype|doubles
|player|p1|JP the president|steven|1025
|player|p2|mattf315|2|1027
|gen|9
|tier|[Gen 9] VGC 2025 Reg H (Bo3)
|rated|
|rule|Species Clause: Limit one of each Pokémon
|rule|Item Clause: Limit 1 of each item
|clearpoke
|poke|p1|Sinistcha, L50|
|poke|p1|Incineroar, L50, M|
|poke|p1|Dragonite, L50, M|
|poke|p1|Gyarados, L50, M|
|poke|p1|Archaludon, L50, M|
|poke|p1|Tyranitar, L50, M|
|poke|p2|Gallade, L50, M|
|poke|p2|Amoonguss, L50, F|
|poke|p2|Indeedee-F, L50, F|
|poke|p2|Incineroar, L50, M|
|poke|p2|Ursaluna, L50, M|
|poke|p2|Sylveon, L50, M|
|teampreview|4
|showteam|p1|Sinistcha||Leftovers|Hospitality|LifeDew,MatchaGotcha,Protect,StrengthSap||||||50|,,,,,Dark]Incineroar||AssaultVest|Intimidate|FakeOut,FlareBlitz,Protect,KnockOff|||M|||50|,,,,,Fairy]Dragonite||LifeOrb|Multiscale|Protect,DragonDance,DracoMeteor,ExtremeSpeed|||M|||50|,,,,,Normal]Gyarados||LumBerry|Moxie|DragonDance,AquaTail,Earthquake,ThunderWave|||M|||50|,,,,,Dragon]Archaludon||PowerHerb|Stamina|DragonPulse,ElectroShot,IronHead,Protect|||M|||50|,,,,,Ghost]Tyranitar||WeaknessPolicy|SandStream|Crunch,DragonDance,Earthquake,RockSlide|||M|||50|,,,,,Grass
|showteam|p2|Gallade||ScopeLens|Sharpness|PsychoCut,SacredSword,NightSlash,TrickRoom|||M|||50|,,,,,Dark]Amoonguss||RockyHelmet|Regenerator|PollenPuff,RagePowder,Spore,ClearSmog|||F|||50|,,,,,Water]Indeedee-F||PsychicSeed|PsychicSurge|Psychic,FollowMe,HelpingHand,TrickRoom|||F|||50|,,,,,Fairy]Incineroar||SafetyGoggles|Intimidate|FakeOut,FlareBlitz,KnockOff,PartingShot|||M|||50|,,,,,Ghost]Ursaluna||FlameOrb|Guts|Facade,HeadlongRush,BrickBreak,Protect|||M|||50|,,,,,Normal]Sylveon||ThroatSpray|Pixilate|HyperVoice,TeraBlast,CalmMind,Protect|||M|||50|,,,,,Water
|
|t:|1756335973
|teamsize|p1|4
|teamsize|p2|4
|start
|switch|p1a: Gyarados|Gyarados, L50, M, shiny|100/100
|switch|p1b: Incineroar|Incineroar, L50, M|100/100
|switch|p2a: Indeedee|Indeedee-F, L50, F|100/100
|switch|p2b: Gallade|Gallade, L50, M|100/100
|-fieldstart|move: Psychic Terrain|[from] ability: Psychic Surge|[of] p2a: Indeedee
|-enditem|p2a: Indeedee|Psychic Seed
|-boost|p2a: Indeedee|spd|1|[from] item: Psychic Seed
|-ability|p1b: Incineroar|Intimidate|boost
|-unboost|p2a: Indeedee|atk|1
|-unboost|p2b: Gallade|atk|1
|turn|1
|inactive|Battle timer is ON: inactive players will automatically lose when time's up. (requested by JP the president)
|inactive|JP the president has 60 seconds left.
|
|t:|1756336020
|-terastallize|p1b: Incineroar|Fairy
|move|p2a: Indeedee|Follow Me|p2a: Indeedee
|-singleturn|p2a: Indeedee|move: Follow Me
|move|p1a: Gyarados|Dragon Dance|p1a: Gyarados
|-boost|p1a: Gyarados|atk|1
|-boost|p1a: Gyarados|spe|1
|move|p1b: Incineroar|Knock Off|p2a: Indeedee
|-supereffective|p2a: Indeedee
|-damage|p2a: Indeedee|32/100
|move|p2b: Gallade|Trick Room|p2b: Gallade
|-fieldstart|move: Trick Room|[of] p2b: Gallade
|
|upkeep
|turn|2
|inactive|JP the president has 30 seconds left.
|inactive|mattf315 has 30 seconds left.
|
|t:|1756336052
|move|p2a: Indeedee|Follow Me|p2a: Indeedee
|-singleturn|p2a: Indeedee|move: Follow Me
|move|p2b: Gallade|Psycho Cut|p1b: Incineroar
|-damage|p1b: Incineroar|51/100
|move|p1b: Incineroar|Knock Off|p2a: Indeedee
|-supereffective|p2a: Indeedee
|-damage|p2a: Indeedee|0 fnt
|faint|p2a: Indeedee
|move|p1a: Gyarados|Aqua Tail|p2b: Gallade
|-damage|p2b: Gallade|0 fnt
|faint|p2b: Gallade
|-ability|p1a: Gyarados|Moxie|boost
|-boost|p1a: Gyarados|atk|1
|
|upkeep
|
|t:|1756336064
|switch|p2b: Amoonguss|Amoonguss, L50, F|100/100
|switch|p2a: Sylveon|Sylveon, L50, M|100/100
|turn|3
|
|t:|1756336083
|move|p2b: Amoonguss|Rage Powder|p2b: Amoonguss
|-singleturn|p2b: Amoonguss|move: Rage Powder
|move|p2a: Sylveon|Hyper Voice|p1b: Incineroar|[spread] p1a,p1b
|-damage|p1a: Gyarados|63/100
|-damage|p1b: Incineroar|27/100
|-enditem|p2a: Sylveon|Throat Spray
|-boost|p2a: Sylveon|spa|1|[from] item: Throat Spray
|move|p1b: Incineroar|Flare Blitz|p2b: Amoonguss
|-supereffective|p2b: Amoonguss
|-damage|p2b: Amoonguss|5/100
|-damage|p1b: Incineroar|11/100|[from] item: Rocky Helmet|[of] p2b: Amoonguss
|-damage|p1b: Incineroar|0 fnt|[from] Recoil
|faint|p1b: Incineroar
|move|p1a: Gyarados|Aqua Tail|p2b: Amoonguss
|-resisted|p2b: Amoonguss
|-damage|p2b: Amoonguss|0 fnt
|-damage|p1a: Gyarados|47/100|[from] item: Rocky Helmet|[of] p2b: Amoonguss
|faint|p2b: Amoonguss
|-ability|p1a: Gyarados|Moxie|boost
|-boost|p1a: Gyarados|atk|1
|
|upkeep
|
|t:|1756336105
|switch|p1b: Sinistcha|Sinistcha, L50|100/100
|-heal|p1a: Gyarados|72/100|[from] ability: Hospitality|[of] p1b: Sinistcha
|turn|4
|
|t:|1756336121
|-terastallize|p2a: Sylveon|Water
|move|p2a: Sylveon|Hyper Voice|p1a: Gyarados|[spread] p1a,p1b
|-damage|p1a: Gyarados|16/100
|-damage|p1b: Sinistcha|39/100
|move|p1b: Sinistcha|Strength Sap|p2a: Sylveon
|-unboost|p2a: Sylveon|atk|1
|-heal|p1b: Sinistcha|87/100
|move|p1a: Gyarados|Aqua Tail|p2a: Sylveon
|-resisted|p2a: Sylveon
|-damage|p2a: Sylveon|39/100
|
|-heal|p1b: Sinistcha|93/100|[from] item: Leftovers
|upkeep
|turn|5
|inactive|JP the president has 30 seconds left.
|
|t:|1756336149
|move|p2a: Sylveon|Hyper Voice|p1b: Sinistcha|[spread] p1a,p1b
|-damage|p1a: Gyarados|0 fnt
|-damage|p1b: Sinistcha|26/100
|faint|p1a: Gyarados
|move|p1b: Sinistcha|Matcha Gotcha|p2a: Sylveon
|-supereffective|p2a: Sylveon
|-damage|p2a: Sylveon|0 fnt
|-heal|p1b: Sinistcha|48/100|[from] drain|[of] p2a: Sylveon
|faint|p2a: Sylveon
|
|win|JP the president
|inactive|JP the president has 30 seconds to confirm battle start!
|inactive|mattf315 has 30 seconds to confirm battle start!
