|j|☆new mental
|j|☆Nogueda
|html|new mentalNogueda    
|uhtml|bestof|Game 1 of a best-of-3
|t:|1784662702
|gametype|doubles
|player|p1|new mental|volkner|1224
|player|p2|Nogueda|2|1165
|gen|9
|tier|[Gen 9 Champions] VGC 2026 Reg M-B (Bo3)
|rated|
|rule|Species Clause: Limit one of each Pokémon
|rule|Item Clause: Limit 1 of each item
|clearpoke
|poke|p1|Aerodactyl, L50, M|
|poke|p1|Garchomp, L50, F|
|poke|p1|Kingambit, L50, F|
|poke|p1|Charizard, L50, F|
|poke|p1|Sylveon, L50, M|
|poke|p1|Farigiraf, L50, F|
|poke|p2|Sneasler, L50, M|
|poke|p2|Grimmsnarl, L50, M|
|poke|p2|Sinistcha, L50|
|poke|p2|Aerodactyl, L50, M|
|poke|p2|Aegislash, L50, F|
|poke|p2|Starmie, L50|
|teampreview|4
|showteam|p1|Aerodactyl||Aerodactylite|Unnerve|IceFang,RockSlide,Tailwind,DualWingbeat|Jolly||M|||50|]Garchomp||LifeOrb|RoughSkin|DragonClaw,RockSlide,Earthquake,Protect|Jolly||F|||50|]Kingambit||FocusSash|Defiant|SuckerPunch,KowtowCleave,IronHead,LowKick|Adamant||F|||50|]Charizard||CharizarditeY|SolarPower|Protect,WeatherBall,HeatWave,SolarBeam|Modest||F|||50|]Sylveon||FairyFeather|Pixilate|Protect,HyperVoice,HyperBeam,QuickAttack|Modest||M|||50|]Farigiraf||SitrusBerry|ArmorTail|TrickRoom,Thunderbolt,Roar,Psychic|Bold||F|||50|
|showteam|p2|Sneasler||LumBerry|Unburden|DireClaw,Protect,CloseCombat,XScissor|Adamant||M|||50|]Grimmsnarl||FocusSash|Prankster|Swagger,DazzlingGleam,PartingShot,FakeOut|Sassy||M|||50|]Sinistcha||SitrusBerry|Hospitality|MatchaGotcha,LifeDew,RagePowder,ShadowBall|Bold|||||50|]Aerodactyl||Aerodactylite|RockHead|RockSlide,WideGuard,DualWingbeat,Tailwind|Jolly||M|||50|]Aegislash||LifeOrb|StanceChange|KingsShield,SwordsDance,Poltergeist,IronHead|Adamant||F|||50|]Starmie||Starminite|Illuminate|ZenHeadbutt,Liquidation,AquaJet,IceSpinner|Jolly|||||50|
|inactive|Battle timer is ON: inactive players will automatically lose when time's up. (requested by Nogueda)
|inactive|new mental has 60 seconds left.
|
|t:|1784662786
|teamsize|p1|4
|teamsize|p2|4
|start
|switch|p1a: Farigiraf|Farigiraf, L50, F|100/100
|switch|p1b: Sylveon|Sylveon, L50, M|100/100
|switch|p2a: Sneasler|Sneasler, L50, M|100/100
|switch|p2b: Grimmsnarl|Grimmsnarl, L50, M|100/100
|turn|1
|
|t:|1784662803
|move|p1b: Sylveon|Protect|p1b: Sylveon
|-singleturn|p1b: Sylveon|Protect
|move|p2b: Grimmsnarl|Swagger|p2a: Sneasler
|-boost|p2a: Sneasler|atk|2
|-start|p2a: Sneasler|confusion
|-enditem|p2a: Sneasler|Lum Berry|[eat]
|-end|p2a: Sneasler|confusion
|move|p2a: Sneasler|Dire Claw|p1b: Sylveon
|-activate|p1b: Sylveon|move: Protect
|move|p1a: Farigiraf|Trick Room|p1a: Farigiraf
|-fieldstart|move: Trick Room|[of] p1a: Farigiraf
|
|upkeep
|turn|2
|
|t:|1784662823
|switch|p2b: Aegislash|Aegislash, L50, F|100/100
|move|p2a: Sneasler|Protect|p2a: Sneasler
|-singleturn|p2a: Sneasler|Protect
|move|p1a: Farigiraf|Psychic|p2a: Sneasler
|-activate|p2a: Sneasler|move: Protect
|move|p1b: Sylveon|Hyper Voice|p2a: Sneasler|[spread] p2b
|-activate|p2a: Sneasler|move: Protect
|-resisted|p2b: Aegislash|1
|-damage|p2b: Aegislash|80/100
|
|upkeep
|turn|3
|
|t:|1784662847
|switch|p1b: Charizard|Charizard, L50, F|100/100
|switch|p2a: Starmie|Starmie, L50|100/100
|-formechange|p2b: Aegislash|Aegislash-Blade|
|move|p2b: Aegislash|Iron Head|p1b: Charizard
|-resisted|p1b: Charizard|1
|-crit|p1b: Charizard
|-damage|p1b: Charizard|50/100g
|-damage|p2b: Aegislash|70/100|[from] item: Life Orb
|move|p1a: Farigiraf|Psychic|p2a: Starmie
|-resisted|p2a: Starmie|1
|-damage|p2a: Starmie|76/100
|
|upkeep
|turn|4
|inactive|new mental has 30 seconds left.
|
|t:|1784662873
|detailschange|p1b: Charizard|Charizard-Mega-Y, L50, F
|-mega|p1b: Charizard|Charizard|Charizardite Y
|-weather|SunnyDay|[from] ability: Drought|[of] p1b: Charizard
|detailschange|p2a: Starmie|Starmie-Mega, L50
|-mega|p2a: Starmie|Starmie|Starminite
|-formechange|p2b: Aegislash|Aegislash|
|move|p2b: Aegislash|King's Shield|p2b: Aegislash
|-singleturn|p2b: Aegislash|Protect
|move|p1a: Farigiraf|Thunderbolt|p2a: Starmie
|-supereffective|p2a: Starmie|1
|-damage|p2a: Starmie|21/100
|move|p1b: Charizard|Heat Wave|p2b: Aegislash|[spread] p2a
|-activate|p2b: Aegislash|move: Protect
|-resisted|p2a: Starmie|1
|-damage|p2a: Starmie|0 fnt
|faint|p2a: Starmie
|
|-weather|SunnyDay|[upkeep]
|upkeep
|
|t:|1784662893
|switch|p2a: Grimmsnarl|Grimmsnarl, L50, M|100/100
|turn|5
|
|t:|1784662917
|switch|p1a: Sylveon|Sylveon, L50, M|100/100
|move|p2a: Grimmsnarl|Parting Shot|p1b: Charizard
|-unboost|p1b: Charizard|atk|1
|-unboost|p1b: Charizard|spa|1
|
|t:|1784662923
|switch|p2a: Sneasler|Sneasler, L50, M|100/100|[from] Parting Shot
|-formechange|p2b: Aegislash|Aegislash-Blade|
|move|p2b: Aegislash|Poltergeist|p1b: Charizard
|-activate|p1b: Charizard|move: Poltergeist|Charizardite Y
|-damage|p1b: Charizard|0 fnt
|faint|p1b: Charizard
|-damage|p2b: Aegislash|61/100|[from] item: Life Orb
|
|-weather|SunnyDay|[upkeep]
|-fieldend|move: Trick Room
|upkeep
|
|t:|1784662928
|switch|p1b: Farigiraf|Farigiraf, L50, F|100/100
|turn|6
|
|t:|1784662945
|switch|p1a: Kingambit|Kingambit, L50, F|100/100
|move|p2a: Sneasler|X-Scissor|p1b: Farigiraf
|-supereffective|p1b: Farigiraf|1
|-damage|p1b: Farigiraf|55/100
|move|p1b: Farigiraf|Psychic|p2a: Sneasler
|-supereffective|p2a: Sneasler|2
|-damage|p2a: Sneasler|0 fnt
|faint|p2a: Sneasler
|move|p2b: Aegislash|Iron Head|p1b: Farigiraf
|-damage|p1b: Farigiraf|6/100
|-enditem|p1b: Farigiraf|Sitrus Berry|[eat]
|-heal|p1b: Farigiraf|31/100|[from] item: Sitrus Berry
|-damage|p2b: Aegislash|51/100|[from] item: Life Orb
|
|-weather|SunnyDay|[upkeep]
|upkeep
|
|t:|1784662962
|switch|p2a: Grimmsnarl|Grimmsnarl, L50, M|100/100
|turn|7
|
|t:|1784662978
|move|p1a: Kingambit|Kowtow Cleave|p2b: Aegislash
|-supereffective|p2b: Aegislash|1
|-damage|p2b: Aegislash|0 fnt
|faint|p2b: Aegislash
|move|p1b: Farigiraf|Psychic|p2a: Grimmsnarl
|-immune|p2a: Grimmsnarl
|move|p2a: Grimmsnarl|Dazzling Gleam|p1b: Farigiraf|[spread] p1a,p1b
|-damage|p1a: Kingambit|77/100
|-damage|p1b: Farigiraf|12/100
|
|-weather|SunnyDay|[upkeep]
|upkeep
|turn|8
|
|t:|1784662990
|move|p1a: Kingambit|Iron Head|p2a: Grimmsnarl
|-supereffective|p2a: Grimmsnarl|1
|-enditem|p2a: Grimmsnarl|Focus Sash
|-damage|p2a: Grimmsnarl|1/100
|move|p1b: Farigiraf|Thunderbolt|p2a: Grimmsnarl
|-damage|p2a: Grimmsnarl|0 fnt
|faint|p2a: Grimmsnarl
|
|win|new mental
