|j|☆Graavi
|j|☆Eduard738838
|html|GraaviEduard738838    
|uhtml|bestof|Game 3 of a best-of-3
|t:|1783264903
|gametype|doubles
|player|p1|Graavi|102|1000
|player|p2|Eduard738838|1|1000
|gen|9
|tier|[Gen 9 Champions] VGC 2026 Reg M-B (Bo3)
|rated|
|rule|Species Clause: Limit one of each Pokémon
|rule|Item Clause: Limit 1 of each item
|clearpoke
|poke|p1|Vivillon, L50, F|
|poke|p1|Incineroar, L50, F|
|poke|p1|Gardevoir, L50, F|
|poke|p1|Tsareena, L50, F|
|poke|p1|Lucario, L50, M|
|poke|p1|Arcanine-Hisui, L50, F|
|poke|p2|Delphox, L50, F, shiny|
|poke|p2|Blastoise, L50, M, shiny|
|poke|p2|Incineroar, L50, M, shiny|
|poke|p2|Sinistcha, L50, shiny|
|poke|p2|Sneasler, L50, M, shiny|
|poke|p2|Kingambit, L50, F, shiny|
|teampreview|4
|showteam|p1|Vivillon||FocusSash|FriendGuard|Tailwind,RagePowder,PollenPuff,Protect|Modest||F|||50|]Incineroar||IronBall|Intimidate|FakeOut,PartingShot,DarkestLariat,Taunt|Brave||F|||50|]Gardevoir||Gardevoirite|Trace|HyperVoice,Protect,Psyshock,Psychic|Modest||F|||50|]Tsareena||WideLens|QueenlyMajesty|HighJumpKick,TripleAxel,Protect,PowerWhip|Adamant||F|||50|]Lucario||Lucarionite|InnerFocus|CloseCombat,Earthquake,Crunch,Protect|Jolly||M|||50|]Arcanine-Hisui||Leftovers|Intimidate|RockSlide,FlareBlitz,ExtremeSpeed,Protect|Jolly||F|||50|
|showteam|p2|Delphox||Delphoxite|Blaze|Protect,Psyshock,HeatWave,NastyPlot|Timid||F|||50|]Blastoise||Blastoisinite|RainDish|Protect,ShellSmash,WaterSpout,DarkPulse|Modest||M|||50|]Incineroar||SitrusBerry|Blaze|FakeOut,FlareBlitz,ThroatChop,PartingShot|Impish||M|||50|]Sinistcha||OccaBerry|Hospitality|Protect,MatchaGotcha,RagePowder,TrickRoom|Bold|||||50|]Sneasler||FocusSash|Pressure|FakeOut,DireClaw,QuickGuard,CloseCombat|Jolly||M|||50|]Kingambit||BlackGlasses|Defiant|Protect,KowtowCleave,SuckerPunch,SwordsDance|Brave||F|||50|
|
|t:|1783264923
|teamsize|p1|4
|teamsize|p2|4
|start
|switch|p1a: Vivillon|Vivillon, L50, F|100/100
|switch|p1b: Incineroar|Incineroar, L50, F|100/100
|switch|p2a: Blastoise|Blastoise, L50, M, shiny|100/100
|switch|p2b: Sinistcha|Sinistcha, L50, shiny|100/100
|-ability|p1b: Incineroar|Intimidate|boost
|-unboost|p2a: Blastoise|atk|1
|-unboost|p2b: Sinistcha|atk|1
|turn|1
|
|t:|1783264954
|move|p2a: Blastoise|Protect|p2a: Blastoise
|-singleturn|p2a: Blastoise|Protect
|move|p2b: Sinistcha|Protect|p2b: Sinistcha
|-singleturn|p2b: Sinistcha|Protect
|move|p1a: Vivillon|Tailwind|p1a: Vivillon
|-sidestart|p1: Graavi|move: Tailwind
|move|p1b: Incineroar|Taunt|p2b: Sinistcha
|-activate|p2b: Sinistcha|move: Protect
|
|upkeep
|turn|2
|
|t:|1783264975
|detailschange|p2a: Blastoise|Blastoise-Mega, L50, M, shiny
|-mega|p2a: Blastoise|Blastoise|Blastoisinite
|move|p2b: Sinistcha|Rage Powder|p2b: Sinistcha
|-singleturn|p2b: Sinistcha|move: Rage Powder
|move|p1a: Vivillon|Pollen Puff|p2b: Sinistcha
|-damage|p2b: Sinistcha|65/100
|move|p2a: Blastoise|Shell Smash|p2a: Blastoise
|-unboost|p2a: Blastoise|def|1
|-unboost|p2a: Blastoise|spd|1
|-boost|p2a: Blastoise|atk|2
|-boost|p2a: Blastoise|spa|2
|-boost|p2a: Blastoise|spe|2
|move|p1b: Incineroar|Taunt|p2b: Sinistcha
|-start|p2b: Sinistcha|move: Taunt
|
|upkeep
|turn|3
|
|t:|1783264994
|switch|p2b: Incineroar|Incineroar, L50, M, shiny|100/100
|move|p1a: Vivillon|Protect|p1a: Vivillon
|-singleturn|p1a: Vivillon|Protect
|move|p2a: Blastoise|Protect|p2a: Blastoise
|-singleturn|p2a: Blastoise|Protect
|move|p1b: Incineroar|Parting Shot|p2a: Blastoise
|-activate|p2a: Blastoise|move: Protect
|
|upkeep
|turn|4
|
|t:|1783265022
|move|p1a: Vivillon|Protect|p1a: Vivillon
|-singleturn|p1a: Vivillon|Protect
|move|p2b: Incineroar|Fake Out|p1a: Vivillon
|-activate|p1a: Vivillon|move: Protect
|move|p2a: Blastoise|Water Spout|p1a: Vivillon|[spread] p1b
|-activate|p1a: Vivillon|move: Protect
|-supereffective|p1b: Incineroar|1
|-damage|p1b: Incineroar|0 fnt
|faint|p1b: Incineroar
|
|-sideend|p1: Graavi|move: Tailwind
|upkeep
|
|t:|1783265044
|switch|p1b: Gardevoir|Gardevoir, L50, F|100/100
|-ability|p1b: Gardevoir|Mega Launcher|Trace|[from] ability: Trace|[of] p2a: Blastoise
|turn|5
|
|t:|1783265056
|detailschange|p1b: Gardevoir|Gardevoir-Mega, L50, F
|-mega|p1b: Gardevoir|Gardevoir|Gardevoirite
|move|p2a: Blastoise|Protect|p2a: Blastoise
|-singleturn|p2a: Blastoise|Protect
|move|p1b: Gardevoir|Protect|p1b: Gardevoir
|-singleturn|p1b: Gardevoir|Protect
|move|p1a: Vivillon|Tailwind|p1a: Vivillon
|-sidestart|p1: Graavi|move: Tailwind
|move|p2b: Incineroar|Parting Shot|p1b: Gardevoir
|-activate|p1b: Gardevoir|move: Protect
|
|upkeep
|turn|6
|
|t:|1783265086
|switch|p2a: Sinistcha|Sinistcha, L50, shiny|65/100
|move|p1a: Vivillon|Rage Powder|p1a: Vivillon
|-singleturn|p1a: Vivillon|move: Rage Powder
|move|p1b: Gardevoir|Hyper Voice|p2a: Sinistcha|[spread] p2a,p2b
|-damage|p2a: Sinistcha|7/100
|-damage|p2b: Incineroar|49/100
|-enditem|p2b: Incineroar|Sitrus Berry|[eat]
|-heal|p2b: Incineroar|74/100|[from] item: Sitrus Berry
|move|p2b: Incineroar|Throat Chop|p1a: Vivillon
|-damage|p1a: Vivillon|48/100
|-start|p1a: Vivillon|Throat Chop|[silent]
|
|upkeep
|turn|7
|
|t:|1783265102
|move|p1a: Vivillon|Rage Powder|p1a: Vivillon
|-singleturn|p1a: Vivillon|move: Rage Powder
|move|p1b: Gardevoir|Hyper Voice|p2b: Incineroar|[spread] p2a,p2b
|-damage|p2a: Sinistcha|0 fnt
|-damage|p2b: Incineroar|24/100
|faint|p2a: Sinistcha
|move|p2b: Incineroar|Flare Blitz|p1a: Vivillon
|-supereffective|p1a: Vivillon|1
|-damage|p1a: Vivillon|0 fnt
|faint|p1a: Vivillon
|-damage|p2b: Incineroar|9/100|[from] Recoil
|
|upkeep
|
|t:|1783265112
|switch|p1a: Tsareena|Tsareena, L50, F|100/100
|switch|p2a: Blastoise|Blastoise-Mega, L50, M, shiny|100/100
|turn|8
|
|t:|1783265128
|move|p2a: Blastoise|Protect|p2a: Blastoise
|-singleturn|p2a: Blastoise|Protect
|move|p1b: Gardevoir|Hyper Voice|p2a: Blastoise|[spread] p2b
|-activate|p2a: Blastoise|move: Protect
|-damage|p2b: Incineroar|0 fnt
|faint|p2b: Incineroar
|move|p1a: Tsareena|Power Whip|p2a: Blastoise
|-activate|p2a: Blastoise|move: Protect
|
|-sideend|p1: Graavi|move: Tailwind
|upkeep
|
|t:|1783265133
|switch|p2b: Sneasler|Sneasler, L50, M, shiny|100/100
|-ability|p2b: Sneasler|Pressure
|turn|9
|
|t:|1783265150
|move|p2b: Sneasler|Dire Claw|p1a: Tsareena
|-supereffective|p1a: Tsareena|1
|-damage|p1a: Tsareena|0 fnt
|faint|p1a: Tsareena
|move|p1b: Gardevoir|Psychic|p2b: Sneasler
|-supereffective|p2b: Sneasler|2
|-enditem|p2b: Sneasler|Focus Sash
|-damage|p2b: Sneasler|1/100
|move|p2a: Blastoise|Dark Pulse|p1b: Gardevoir
|-damage|p1b: Gardevoir|52/100
|
|upkeep
|turn|10
|
|t:|1783265170
|move|p2b: Sneasler|Dire Claw|p1b: Gardevoir
|-supereffective|p1b: Gardevoir|1
|-damage|p1b: Gardevoir|0 fnt
|faint|p1b: Gardevoir
|
|win|Eduard738838
|raw|Graavi's rating: 1000 → 1000(+0 for losing)
|raw|Eduard738838's rating: 1000 → 1040(+40 for winning)
