|j|☆Koraidonkoalition
|j|☆ronzthebonz
|html|Koraidonkoalitionronzthebonz    
|uhtml|bestof|Game 1 of a best-of-3
|t:|1785082899
|gametype|doubles
|player|p1|Koraidonkoalition|colress|1189
|player|p2|ronzthebonz|170|1331
|gen|9
|tier|[Gen 9 Champions] VGC 2026 Reg M-B (Bo3)
|rated|
|rule|Species Clause: Limit one of each Pokémon
|rule|Item Clause: Limit 1 of each item
|clearpoke
|poke|p1|Tyranitar, L50, M|
|poke|p1|Excadrill, L50, M|
|poke|p1|Milotic, L50, F|
|poke|p1|Sinistcha, L50|
|poke|p1|Staraptor, L50, M|
|poke|p1|Gholdengo, L50|
|poke|p2|Charizard, L50, M|
|poke|p2|Incineroar, L50, M|
|poke|p2|Toxapex, L50, M|
|poke|p2|Annihilape, L50, M|
|poke|p2|Metagross, L50|
|poke|p2|Hydreigon, L50, F|
|teampreview|4
|showteam|p1|Tyranitar||Tyranitarite|SandStream|KnockOff,RockSlide,LowKick,Protect|Jolly||M|||50|]Excadrill||FocusSash|SandRush|Earthquake,IronHead,RockSlide,Protect|Adamant||M|||50|]Milotic||SitrusBerry|Competitive|Scald,IcyWind,Haze,Protect|Calm||F|||50|]Sinistcha||ColburBerry|Hospitality|MatchaGotcha,ShadowBall,Protect,RagePowder|Bold|||||50|]Staraptor||Staraptite|Intimidate|CloseCombat,BraveBird,Tailwind,Protect|Jolly||M|||50|]Gholdengo||LifeOrb|GoodasGold|MakeItRain,ShadowBall,NastyPlot,Protect|Modest|||||50|
|showteam|p2|Charizard||CharizarditeY|Blaze|HeatWave,WeatherBall,SolarBeam,Protect|Modest||M|||50|]Incineroar||SitrusBerry|Intimidate|FlareBlitz,ThroatChop,PartingShot,FakeOut|Impish||M|||50|]Toxapex||Leftovers|Regenerator|Toxic,Infestation,BanefulBunker,WideGuard|Impish||M|||50|]Annihilape||FocusSash|Defiant|CloseCombat,PhantomForce,RockTomb,Protect|Jolly||M|||50|]Metagross||Metagrossite|ClearBody|PsychicFangs,StompingTantrum,BulletPunch,Protect|Adamant|||||50|]Hydreigon||ChoiceScarf|Levitate|Snarl,DarkPulse,DracoMeteor,EarthPower|Modest||F|||50|
|inactive|Battle timer is ON: inactive players will automatically lose when time's up. (requested by ronzthebonz)
|inactive|ronzthebonz has 60 seconds left.
|
|t:|1785082996
|teamsize|p1|4
|teamsize|p2|4
|start
|switch|p1a: Tyranitar|Tyranitar, L50, M|100/100
|switch|p1b: Milotic|Milotic, L50, F|100/100
|switch|p2a: Metagross|Metagross, L50|100/100
|switch|p2b: Annihilape|Annihilape, L50, M|100/100
|-weather|Sandstorm|[from] ability: Sand Stream|[of] p1a: Tyranitar
|turn|1
|inactive|ronzthebonz has 30 seconds left.
|
|t:|1785083025
|switch|p1a: Gholdengo|Gholdengo, L50|100/100
|detailschange|p2a: Metagross|Metagross-Mega, L50
|-mega|p2a: Metagross|Metagross|Metagrossite
|move|p2a: Metagross|Psychic Fangs|p1b: Milotic
|-damage|p1b: Milotic|31/100
|-enditem|p1b: Milotic|Sitrus Berry|[eat]
|-heal|p1b: Milotic|56/100|[from] item: Sitrus Berry
|move|p2b: Annihilape|Close Combat|p1b: Milotic
|-damage|p1b: Milotic|4/100
|-unboost|p2b: Annihilape|def|1
|-unboost|p2b: Annihilape|spd|1
|move|p1b: Milotic|Icy Wind|p2b: Annihilape|[spread] p2a,p2b
|-resisted|p2a: Metagross|1
|-damage|p2a: Metagross|95/100
|-damage|p2b: Annihilape|83/100
|-unboost|p2a: Metagross|spe|1
|-unboost|p2b: Annihilape|spe|1
|-ability|p2b: Annihilape|Defiant|boost
|-boost|p2b: Annihilape|atk|2
|
|-weather|Sandstorm|[upkeep]
|-damage|p1b: Milotic|0 fnt|[from] Sandstorm
|-damage|p2b: Annihilape|77/100|[from] Sandstorm
|faint|p1b: Milotic
|upkeep
|
|t:|1785083038
|switch|p1b: Staraptor|Staraptor, L50, M|100/100
|-ability|p1b: Staraptor|Intimidate|boost
|-unboost|p2a: Metagross|atk|1
|-unboost|p2b: Annihilape|atk|1
|-ability|p2b: Annihilape|Defiant|boost
|-boost|p2b: Annihilape|atk|2
|turn|2
|
|t:|1785083061
|switch|p2b: Incineroar|Incineroar, L50, M|100/100
|-ability|p2b: Incineroar|Intimidate|boost
|-unboost|p1a: Gholdengo|atk|1
|-unboost|p1b: Staraptor|atk|1
|switch|p2a: Toxapex|Toxapex, L50, M|100/100
|move|p1b: Staraptor|Brave Bird|p2b: Incineroar
|-damage|p2b: Incineroar|71/100
|-damage|p1b: Staraptor|89/100|[from] Recoil
|move|p1a: Gholdengo|Nasty Plot|p1a: Gholdengo
|-boost|p1a: Gholdengo|spa|2
|
|-weather|Sandstorm|[upkeep]
|-damage|p1b: Staraptor|84/100|[from] Sandstorm
|-damage|p2b: Incineroar|65/100|[from] Sandstorm
|-damage|p2a: Toxapex|94/100|[from] Sandstorm
|-heal|p2a: Toxapex|100/100|[from] item: Leftovers
|upkeep
|turn|3
|
|t:|1785083081
|move|p1b: Staraptor|Protect|p1b: Staraptor
|-singleturn|p1b: Staraptor|Protect
|move|p1a: Gholdengo|Protect|p1a: Gholdengo
|-singleturn|p1a: Gholdengo|Protect
|move|p2b: Incineroar|Flare Blitz|p1a: Gholdengo
|-activate|p1a: Gholdengo|move: Protect
|move|p2a: Toxapex|Infestation|p1b: Staraptor
|-activate|p1b: Staraptor|move: Protect
|
|-weather|Sandstorm|[upkeep]
|-damage|p1b: Staraptor|78/100|[from] Sandstorm
|-damage|p2b: Incineroar|59/100|[from] Sandstorm
|-damage|p2a: Toxapex|94/100|[from] Sandstorm
|-heal|p2a: Toxapex|100/100|[from] item: Leftovers
|upkeep
|turn|4
|
|t:|1785083092
|detailschange|p1b: Staraptor|Staraptor-Mega, L50, M
|-mega|p1b: Staraptor|Staraptor|Staraptite
|move|p1b: Staraptor|Close Combat|p2b: Incineroar
|-supereffective|p2b: Incineroar|1
|-damage|p2b: Incineroar|1/100
|-boost|p1b: Staraptor|def|1
|-boost|p1b: Staraptor|spd|1
|-enditem|p2b: Incineroar|Sitrus Berry|[eat]
|-heal|p2b: Incineroar|25/100|[from] item: Sitrus Berry
|move|p1a: Gholdengo|Shadow Ball|p2b: Incineroar
|-resisted|p2b: Incineroar|1
|-damage|p2b: Incineroar|0 fnt
|faint|p2b: Incineroar
|-damage|p1a: Gholdengo|90/100|[from] item: Life Orb
|move|p2a: Toxapex|Infestation|p1b: Staraptor
|-resisted|p1b: Staraptor|2
|-damage|p1b: Staraptor|77/100
|-activate|p1b: Staraptor|move: Infestation|[of] p2a: Toxapex
|
|-weather|Sandstorm|[upkeep]
|-damage|p1b: Staraptor|71/100|[from] Sandstorm
|-damage|p2a: Toxapex|94/100|[from] Sandstorm
|-heal|p2a: Toxapex|100/100|[from] item: Leftovers
|-damage|p1b: Staraptor|59/100|[from] move: Infestation|[partiallytrapped]
|upkeep
|inactive|ronzthebonz has 30 seconds left.
|
|t:|1785083121
|switch|p2b: Metagross|Metagross-Mega, L50|95/100
|turn|5
|
|t:|1785083132
|move|p2b: Metagross|Protect|p2b: Metagross
|-singleturn|p2b: Metagross|Protect
|move|p1b: Staraptor|Tailwind|p1b: Staraptor
|-sidestart|p1: Koraidonkoalition|move: Tailwind
|move|p1a: Gholdengo|Shadow Ball|p2b: Metagross
|-activate|p2b: Metagross|move: Protect
|move|p2a: Toxapex|Toxic|p1b: Staraptor
|-status|p1b: Staraptor|tox
|
|-weather|none
|-damage|p1b: Staraptor|53/100 tox|[from] psn
|-damage|p1b: Staraptor|41/100 tox|[from] move: Infestation|[partiallytrapped]
|upkeep
|turn|6
|
|t:|1785083149
|move|p2b: Metagross|Bullet Punch|p1b: Staraptor
|-damage|p1b: Staraptor|20/100y tox
|move|p1b: Staraptor|Brave Bird|p2a: Toxapex
|-damage|p2a: Toxapex|77/100
|-damage|p1b: Staraptor|14/100 tox|[from] Recoil
|move|p1a: Gholdengo|Shadow Ball|p2b: Metagross
|-supereffective|p2b: Metagross|1
|-damage|p2b: Metagross|0 fnt
|faint|p2b: Metagross
|-damage|p1a: Gholdengo|80/100|[from] item: Life Orb
|move|p2a: Toxapex|Infestation|p1a: Gholdengo
|-resisted|p1a: Gholdengo|2
|-damage|p1a: Gholdengo|80/100
|-activate|p1a: Gholdengo|move: Infestation|[of] p2a: Toxapex
|
|-heal|p2a: Toxapex|82/100|[from] item: Leftovers
|-damage|p1b: Staraptor|2/100 tox|[from] psn
|-damage|p1b: Staraptor|0 fnt|[from] move: Infestation|[partiallytrapped]
|faint|p1b: Staraptor
|-damage|p1a: Gholdengo|68/100|[from] move: Infestation|[partiallytrapped]
|upkeep
|
|t:|1785083159
|switch|p1b: Tyranitar|Tyranitar, L50, M|100/100
|switch|p2b: Annihilape|Annihilape, L50, M|77/100
|-weather|Sandstorm|[from] ability: Sand Stream|[of] p1b: Tyranitar
|turn|7
|
|t:|1785083173
|move|p2b: Annihilape|Protect|p2b: Annihilape
|-singleturn|p2b: Annihilape|Protect
|move|p1b: Tyranitar|Knock Off|p2a: Toxapex
|-damage|p2a: Toxapex|50/100g
|-enditem|p2a: Toxapex|Leftovers|[from] move: Knock Off|[of] p1b: Tyranitar
|move|p1a: Gholdengo|Shadow Ball|p2b: Annihilape
|-activate|p2b: Annihilape|move: Protect
|move|p2a: Toxapex|Toxic|p1b: Tyranitar
|-status|p1b: Tyranitar|tox
|
|-weather|Sandstorm|[upkeep]
|-damage|p2b: Annihilape|71/100|[from] Sandstorm
|-damage|p2a: Toxapex|44/100|[from] Sandstorm
|-damage|p1b: Tyranitar|93/100 tox|[from] psn
|-damage|p1a: Gholdengo|56/100|[from] move: Infestation|[partiallytrapped]
|upkeep
|turn|8
|
|t:|1785083183
|move|p2b: Annihilape|Protect||[still]
|-fail|p2b: Annihilape
|move|p2a: Toxapex|Baneful Bunker|p2a: Toxapex
|-singleturn|p2a: Toxapex|move: Protect
|move|p1b: Tyranitar|Rock Slide|p2b: Annihilape|[spread] p2b
|-activate|p2a: Toxapex|move: Protect
|-resisted|p2b: Annihilape|1
|-damage|p2b: Annihilape|56/100
|move|p1a: Gholdengo|Shadow Ball|p2b: Annihilape
|-supereffective|p2b: Annihilape|1
|-damage|p2b: Annihilape|0 fnt
|faint|p2b: Annihilape
|-damage|p1a: Gholdengo|46/100|[from] item: Life Orb
|
|-weather|Sandstorm|[upkeep]
|-damage|p2a: Toxapex|38/100|[from] Sandstorm
|-damage|p1b: Tyranitar|81/100 tox|[from] psn
|-damage|p1a: Gholdengo|34/100|[from] move: Infestation|[partiallytrapped]
|-sideend|p1: Koraidonkoalition|move: Tailwind
|upkeep
|turn|9
|-message|ronzthebonz forfeited.
|
|win|Koraidonkoalition
