|j|☆Pumpkinman
|j|☆Lacossg
|html|PumpkinmanLacossg    
|uhtml|bestof|Game 2 of a best-of-3
|t:|1756937228
|gametype|doubles
|player|p1|Pumpkinman|cyclist-gen4|1168
|player|p2|Lacossg|170|1145
|gen|9
|tier|[Gen 9] VGC 2025 Reg H (Bo3)
|rated|
|rule|Species Clause: Limit one of each Pokémon
|rule|Item Clause: Limit 1 of each item
|clearpoke
|poke|p1|Charizard, L50, M|
|poke|p1|Torkoal, L50, M|
|poke|p1|Porygon2, L50|
|poke|p1|Incineroar, L50, F|
|poke|p1|Jumpluff, L50, F|
|poke|p1|Ursaluna, L50, M|
|poke|p2|Corviknight, L50, F|
|poke|p2|Chesnaught, L50, F|
|poke|p2|Tyranitar, L50, F|
|poke|p2|Porygon2, L50|
|poke|p2|Volcarona, L50, F|
|poke|p2|Ursaluna, L50, M|
|teampreview|4
|showteam|p1|Charizard||ChoiceSpecs|SolarPower|HeatWave,Overheat,WeatherBall,AirSlash|||M|||50|,,,,,Ghost]Torkoal||EjectPack|Drought|Eruption,Overheat,HelpingHand,Protect|||M|||50|,,,,,Fire]Porygon2||Eviolite|Download|TeraBlast,IceBeam,Recover,TrickRoom||||||50|,,,,,Fighting]Incineroar||SitrusBerry|Intimidate|FlareBlitz,KnockOff,FakeOut,PartingShot|||F|||50|,,,,,Ghost]Jumpluff||CovertCloak|Chlorophyll|SleepPowder,SunnyDay,RagePowder,Tailwind|||F|||50|,,,,,Water]Ursaluna||FlameOrb|Guts|HeadlongRush,Facade,Earthquake,Protect|||M|||50|,,,,,Ghost
|showteam|p2|Corviknight||CovertCloak|MirrorArmor|Tailwind,Taunt,BraveBird,Roost|||F|||50|,,,,,Dragon]Chesnaught||Leftovers|Bulletproof|WideGuard,BodyPress,Protect,IronDefense|||F|||50|,,,,,Fairy]Tyranitar||FocusSash|SandStream|RockSlide,KnockOff,TeraBlast,Protect|||F|||50|,,,,,Grass]Porygon2||Eviolite|Download|TeraBlast,IceBeam,TrickRoom,Recover||||||50|,,,,,Flying]Volcarona||SitrusBerry|FlameBody|QuiverDance,FieryDance,GigaDrain,Protect|||F|||50|,,,,,Grass]Ursaluna||FlameOrb|Guts|HeadlongRush,Facade,Substitute,Protect|||M|||50|,,,,,Ghost
|inactive|Battle timer is ON: inactive players will automatically lose when time's up. (requested by Pumpkinman)
|inactive|Pumpkinman has 60 seconds left.
|inactive|Pumpkinman has 30 seconds left.
|
|t:|1756937293
|teamsize|p1|4
|teamsize|p2|4
|start
|switch|p1a: tortu|Torkoal, L50, M|100/100
|switch|p1b: canar|Porygon2, L50|100/100
|switch|p2a: Chesnaught|Chesnaught, L50, F|100/100
|switch|p2b: Corviknight|Corviknight, L50, F|100/100
|-ability|p1b: canar|Download|boost
|-boost|p1b: canar|spa|1
|-weather|SunnyDay|[from] ability: Drought|[of] p1a: tortu
|turn|1
|inactive|Pumpkinman has 30 seconds left.
|inactive|Pumpkinman has 20 seconds left.
|inactive|Pumpkinman has 15 seconds left.
|inactive|Pumpkinman has 10 seconds left.
|
|t:|1756937342
|-terastallize|p2b: Corviknight|Dragon
|move|p2b: Corviknight|Taunt|p1b: canar
|-start|p1b: canar|move: Taunt
|move|p2a: Chesnaught|Iron Defense|p2a: Chesnaught
|-boost|p2a: Chesnaught|def|2
|move|p1a: tortu|Overheat|p2a: Chesnaught
|-supereffective|p2a: Chesnaught
|-damage|p2a: Chesnaught|0 fnt
|-unboost|p1a: tortu|spa|2
|faint|p2a: Chesnaught
|-enditem|p1a: tortu|Eject Pack
|
|t:|1756937356
|switch|p1a: plant|Jumpluff, L50, F|100/100
|cant|p1b: canar|move: Taunt|Trick Room
|
|-weather|SunnyDay|[upkeep]
|upkeep
|
|t:|1756937362
|switch|p2a: Ursaluna|Ursaluna, L50, M|100/100
|turn|2
|inactive|Pumpkinman has 30 seconds left.
|inactive|Pumpkinman has 20 seconds left.
|
|t:|1756937402
|move|p2a: Ursaluna|Protect|p2a: Ursaluna
|-singleturn|p2a: Ursaluna|Protect
|move|p1a: plant|Tailwind|p1a: plant
|-sidestart|p1: Pumpkinman|move: Tailwind
|move|p1b: canar|Ice Beam|p2b: Corviknight
|-supereffective|p2b: Corviknight
|-damage|p2b: Corviknight|31/100
|move|p2b: Corviknight|Tailwind|p2b: Corviknight
|-sidestart|p2: Lacossg|move: Tailwind
|
|-weather|SunnyDay|[upkeep]
|-status|p2a: Ursaluna|brn|[from] item: Flame Orb
|upkeep
|turn|3
|inactive|Pumpkinman has 30 seconds left.
|inactive|Pumpkinman has 20 seconds left.
|inactive|Pumpkinman has 15 seconds left.
|
|t:|1756937445
|-terastallize|p1b: canar|Fighting
|move|p1a: plant|Sleep Powder|p2b: Corviknight|[miss]
|-miss|p1a: plant|p2b: Corviknight
|move|p2b: Corviknight|Roost|p2b: Corviknight
|-heal|p2b: Corviknight|81/100
|move|p1b: canar|Tera Blast|p2b: Corviknight|[anim] Tera Blast Fighting
|-damage|p2b: Corviknight|37/100
|move|p2a: Ursaluna|Facade|p1a: plant
|-damage|p1a: plant|0 fnt
|faint|p1a: plant
|
|-weather|SunnyDay|[upkeep]
|-damage|p2a: Ursaluna|95/100 brn|[from] brn
|-end|p1b: canar|move: Taunt
|upkeep
|inactive|Pumpkinman has 30 seconds left.
|
|t:|1756937474
|switch|p1a: ourse|Ursaluna, L50, M|100/100
|turn|4
|inactive|Pumpkinman has 30 seconds left.
|inactive|Pumpkinman has 20 seconds left.
|
|t:|1756937511
|move|p2b: Corviknight|Roost|p2b: Corviknight
|-heal|p2b: Corviknight|87/100
|move|p1a: ourse|Headlong Rush|p2b: Corviknight
|-damage|p2b: Corviknight|31/100
|-unboost|p1a: ourse|def|1
|-unboost|p1a: ourse|spd|1
|move|p2a: Ursaluna|Facade|p1b: canar
|-damage|p1b: canar|22/100
|move|p1b: canar|Trick Room|p1b: canar
|-fieldstart|move: Trick Room|[of] p1b: canar
|
|-weather|SunnyDay|[upkeep]
|-damage|p2a: Ursaluna|89/100 brn|[from] brn
|-status|p1a: ourse|brn|[from] item: Flame Orb
|upkeep
|turn|5
|inactive|Pumpkinman has 30 seconds left.
|inactive|Pumpkinman has 20 seconds left.
|inactive|Pumpkinman has 15 seconds left.
|inactive|Pumpkinman has 10 seconds left.
|
|t:|1756937561
|switch|p2b: Tyranitar|Tyranitar, L50, F|100/100
|-weather|Sandstorm|[from] ability: Sand Stream|[of] p2b: Tyranitar
|move|p2a: Ursaluna|Facade|p1a: ourse
|-damage|p1a: ourse|0 fnt
|faint|p1a: ourse
|move|p1b: canar|Ice Beam|p2b: Tyranitar
|-damage|p2b: Tyranitar|69/100
|
|-weather|Sandstorm|[upkeep]
|-damage|p1b: canar|16/100|[from] Sandstorm
|-damage|p2a: Ursaluna|83/100 brn|[from] brn
|-sideend|p1: Pumpkinman|move: Tailwind
|-sideend|p2: Lacossg|move: Tailwind
|upkeep
|
|t:|1756937567
|switch|p1a: tortu|Torkoal, L50, M|100/100
|-weather|SunnyDay|[from] ability: Drought|[of] p1a: tortu
|turn|6
|inactive|Pumpkinman has 30 seconds left.
|inactive|Lacossg has 30 seconds left.
|inactive|Pumpkinman has 20 seconds left.
|inactive|Lacossg has 20 seconds left.
|inactive|Pumpkinman has 15 seconds left.
|
|t:|1756937610
|switch|p2b: Corviknight|Corviknight, L50, F, tera:Dragon|31/100
|move|p2a: Ursaluna|Protect|p2a: Ursaluna
|-singleturn|p2a: Ursaluna|Protect
|move|p1a: tortu|Eruption|p2a: Ursaluna|[spread] p2b
|-activate|p2a: Ursaluna|move: Protect
|-resisted|p2b: Corviknight
|-damage|p2b: Corviknight|6/100
|move|p1b: canar|Tera Blast|p2b: Corviknight|[anim] Tera Blast Fighting
|-damage|p2b: Corviknight|0 fnt
|faint|p2b: Corviknight
|
|-weather|SunnyDay|[upkeep]
|-damage|p2a: Ursaluna|77/100 brn|[from] brn
|upkeep
|
|t:|1756937622
|switch|p2b: Tyranitar|Tyranitar, L50, F|69/100
|-weather|Sandstorm|[from] ability: Sand Stream|[of] p2b: Tyranitar
|turn|7
|inactive|Pumpkinman has 30 seconds left.
|
|t:|1756937648
|move|p1a: tortu|Overheat|p2a: Ursaluna
|-crit|p2a: Ursaluna
|-damage|p2a: Ursaluna|0 fnt
|-unboost|p1a: tortu|spa|2
|faint|p2a: Ursaluna
|move|p1b: canar|Tera Blast|p2b: Tyranitar|[anim] Tera Blast Fighting
|-supereffective|p2b: Tyranitar
|-damage|p2b: Tyranitar|0 fnt
|faint|p2b: Tyranitar
|
|win|Pumpkinman
||Lacossg is ready for game 3.
|inactive|Pumpkinman has 30 seconds to confirm battle start!
||Pumpkinman is ready for game 3.
|uhtml|next|Next: Game 3 of 3
|l|☆Pumpkinman
|player|p1|
|j|☆Pumpkinman
|player|p1|Pumpkinman|cyclist-gen4|
