|j|â˜†kenvgc1989
|j|â˜†pptronic1
|html|kenvgc1989pptronic1    
|uhtml|bestof|Game 3 of a best-of-3
|t:|1783711715
|gametype|doubles
|player|p1|kenvgc1989|265|1069
|player|p2|pptronic1|170|1020
|gen|9
|tier|[Gen 9 Champions] VGC 2026 Reg M-B (Bo3)
|rated|
|rule|Species Clause: Limit one of each PokÃ©mon
|rule|Item Clause: Limit 1 of each item
|clearpoke
|poke|p1|Gengar, L50, M|
|poke|p1|Incineroar, L50, F|
|poke|p1|Swampert, L50, F|
|poke|p1|Politoed, L50, M|
|poke|p1|Kingambit, L50, F|
|poke|p1|Venusaur, L50, F|
|poke|p2|Volcarona, L50, F|
|poke|p2|Charizard, L50, M, shiny|
|poke|p2|Rotom-Wash, L50|
|poke|p2|Incineroar, L50, M|
|poke|p2|Garchomp, L50, M, shiny|
|poke|p2|Gardevoir, L50, M, shiny|
|teampreview|4
|showteam|p1|Gengar||Gengarite|CursedBody|Protect,ShadowBall,PerishSong,Disable|Calm||M|||50|]Incineroar||SitrusBerry|Intimidate|PartingShot,FakeOut,Protect,DarkestLariat|Impish||F|||50|]Swampert||Swampertite|Torrent|FlipTurn,HighHorsepower,WaveCrash,RockSlide|Adamant||F|||50|]Politoed||Leftovers|Drizzle|WeatherBall,Protect,Encore,IcyWind|Calm||M|||50|]Kingambit||BlackGlasses|Defiant|KowtowCleave,SuckerPunch,IronHead,Protect|Adamant||F|||50|]Venusaur||WideLens|Chlorophyll|SleepPowder,SludgeBomb,LeechSeed,Protect|Bold||F|||50|
|showteam|p2|Volcarona||LifeOrb|FlameBody|Flamethrower,GigaDrain,BugBuzz,QuiverDance|Modest||F|||50|]Charizard||CharizarditeY|SolarPower|HeatWave,SolarBeam,WeatherBall,Protect|Timid||M|||50|]Rotom-Wash||ExpertBelt|Levitate|HydroPump,Thunderbolt,WillOWisp,Protect|Calm|||||50|]Incineroar||SitrusBerry|Intimidate|FakeOut,PartingShot,DarkestLariat,FlareBlitz|Adamant||M|||50|]Garchomp||ChoiceScarf|RoughSkin|Earthquake,RockSlide,DragonClaw,Bulldoze|Jolly||M|||50|]Gardevoir||Leftovers|Telepathy|Moonblast,Psyshock,IcyWind,Protect|Timid||M|||50|
|
|t:|1783711745
|teamsize|p1|4
|teamsize|p2|4
|start
|switch|p1a: Incineroar|Incineroar, L50, F|100/100
|switch|p1b: Venusaur|Venusaur, L50, F|100/100
|switch|p2a: Garchomp|Garchomp, L50, M, shiny|100/100
|switch|p2b: Gardevoir|Gardevoir, L50, M, shiny|100/100
|-ability|p1a: Incineroar|Intimidate|boost
|-unboost|p2a: Garchomp|atk|1
|-unboost|p2b: Gardevoir|atk|1
|turn|1
|
|t:|1783711764
|move|p2b: Gardevoir|Protect|p2b: Gardevoir
|-singleturn|p2b: Gardevoir|Protect
|move|p1a: Incineroar|Fake Out|p2b: Gardevoir
|-activate|p2b: Gardevoir|move: Protect
|move|p2a: Garchomp|Rock Slide|p1b: Venusaur|[spread] p1a,p1b
|-supereffective|p1a: Incineroar|1
|-damage|p1a: Incineroar|79/100
|-damage|p1b: Venusaur|87/100
|move|p1b: Venusaur|Sleep Powder|p2b: Gardevoir
|-activate|p2b: Gardevoir|move: Protect
|
|upkeep
|turn|2
|
|t:|1783711800
|switch|p1b: Politoed|Politoed, L50, M|100/100
|-weather|RainDance|[from] ability: Drizzle|[of] p1b: Politoed
|move|p2a: Garchomp|Rock Slide|p1b: Politoed|[spread] p1a,p1b
|-supereffective|p1a: Incineroar|1
|-damage|p1a: Incineroar|60/100
|-damage|p1b: Politoed|88/100
|move|p2b: Gardevoir|Psyshock|p1b: Politoed
|-damage|p1b: Politoed|48/100
|move|p1a: Incineroar|Parting Shot|p2b: Gardevoir
|-unboost|p2b: Gardevoir|atk|1
|-unboost|p2b: Gardevoir|spa|1
|
|t:|1783711814
|switch|p1a: Swampert|Swampert, L50, F|100/100|[from] Parting Shot
|
|-weather|RainDance|[upkeep]
|-heal|p1b: Politoed|54/100|[from] item: Leftovers
|upkeep
|turn|3
|
|t:|1783711861
|detailschange|p1a: Swampert|Swampert-Mega, L50, F
|-mega|p1a: Swampert|Swampert|Swampertite
|move|p2b: Gardevoir|Protect|p2b: Gardevoir
|-singleturn|p2b: Gardevoir|Protect
|move|p2a: Garchomp|Rock Slide|p1b: Politoed|[spread] p1a
|-miss|p2a: Garchomp|p1b: Politoed
|-resisted|p1a: Swampert|1
|-damage|p1a: Swampert|93/100
|move|p1a: Swampert|Rock Slide|p2a: Garchomp|[spread] p2a
|-activate|p2b: Gardevoir|move: Protect
|-resisted|p2a: Garchomp|1
|-damage|p2a: Garchomp|87/100
|move|p1b: Politoed|Weather Ball|p2a: Garchomp
|-damage|p2a: Garchomp|35/100
|
|-weather|RainDance|[upkeep]
|-heal|p1b: Politoed|60/100|[from] item: Leftovers
|upkeep
|turn|4
|
|t:|1783711896
|move|p2a: Garchomp|Rock Slide|p1a: Swampert|[spread] p1a,p1b
|-resisted|p1a: Swampert|1
|-damage|p1a: Swampert|88/100
|-damage|p1b: Politoed|48/100
|cant|p1a: Swampert|flinch
|move|p2b: Gardevoir|Icy Wind|p1b: Politoed|[spread] p1a,p1b
|-crit|p1a: Swampert
|-resisted|p1b: Politoed|1
|-damage|p1a: Swampert|68/100
|-damage|p1b: Politoed|44/100
|-unboost|p1a: Swampert|spe|1
|-unboost|p1b: Politoed|spe|1
|cant|p1b: Politoed|flinch
|
|-weather|RainDance|[upkeep]
|-heal|p1b: Politoed|50/100g|[from] item: Leftovers
|upkeep
|turn|5
|
|t:|1783711940
|switch|p1b: Incineroar|Incineroar, L50, F|60/100
|-ability|p1b: Incineroar|Intimidate|boost
|-unboost|p2a: Garchomp|atk|1
|-unboost|p2b: Gardevoir|atk|1
|move|p2b: Gardevoir|Protect|p2b: Gardevoir
|-singleturn|p2b: Gardevoir|Protect
|move|p2a: Garchomp|Rock Slide|p1b: Incineroar|[spread] p1a,p1b
|-resisted|p1a: Swampert|1
|-supereffective|p1b: Incineroar|1
|-crit|p1b: Incineroar
|-damage|p1a: Swampert|63/100
|-damage|p1b: Incineroar|13/100
|-enditem|p1b: Incineroar|Sitrus Berry|[eat]
|-heal|p1b: Incineroar|38/100|[from] item: Sitrus Berry
|move|p1a: Swampert|Flip Turn|p2a: Garchomp
|-damage|p2a: Garchomp|0 fnt
|-damage|p1a: Swampert|51/100|[from] ability: Rough Skin|[of] p2a: Garchomp
|faint|p2a: Garchomp
|l|â˜†kenvgc1989
|player|p1|
|j|â˜†kenvgc1989
|player|p1|kenvgc1989|265|
|
|t:|1783711986
|switch|p1a: Venusaur|Venusaur, L50, F|87/100|[from] Flip Turn
|
|-weather|RainDance|[upkeep]
|upkeep
|
|t:|1783711990
|switch|p2a: Charizard|Charizard, L50, M, shiny|100/100
|turn|6
|
|t:|1783712009
|detailschange|p2a: Charizard|Charizard-Mega-Y, L50, M, shiny
|-mega|p2a: Charizard|Charizard|Charizardite Y
|-weather|SunnyDay|[from] ability: Drought|[of] p2a: Charizard
|move|p2a: Charizard|Protect|p2a: Charizard
|-singleturn|p2a: Charizard|Protect
|move|p1b: Incineroar|Fake Out|p2a: Charizard
|-activate|p2a: Charizard|move: Protect
|move|p1a: Venusaur|Sleep Powder|p2b: Gardevoir
|-status|p2b: Gardevoir|slp|[from] move: Sleep Powder
|cant|p2b: Gardevoir|slp
|
|-weather|SunnyDay|[upkeep]
|upkeep
|turn|7
|
|t:|1783712030
|switch|p1b: Politoed|Politoed, L50, M|50/100g
|-weather|RainDance|[from] ability: Drizzle|[of] p1b: Politoed
|move|p2a: Charizard|Heat Wave|p1a: Venusaur|[spread] p1a,p1b
|-supereffective|p1a: Venusaur|1
|-resisted|p1b: Politoed|1
|-damage|p1a: Venusaur|51/100
|-damage|p1b: Politoed|43/100
|-curestatus|p2b: Gardevoir|slp|[msg]
|move|p2b: Gardevoir|Icy Wind|p1b: Politoed|[spread] p1a,p1b
|-supereffective|p1a: Venusaur|1
|-resisted|p1b: Politoed|1
|-damage|p1a: Venusaur|34/100
|-damage|p1b: Politoed|40/100
|-unboost|p1a: Venusaur|spe|1
|-unboost|p1b: Politoed|spe|1
|move|p1a: Venusaur|Sleep Powder|p2a: Charizard
|-status|p2a: Charizard|slp|[from] move: Sleep Powder
|
|-weather|RainDance|[upkeep]
|-heal|p1b: Politoed|46/100|[from] item: Leftovers
|upkeep
|turn|8
|
|t:|1783712052
|switch|p2a: Volcarona|Volcarona, L50, F|100/100
|switch|p1a: Incineroar|Incineroar, L50, F|38/100
|-ability|p1a: Incineroar|Intimidate|boost
|-unboost|p2a: Volcarona|atk|1
|-unboost|p2b: Gardevoir|atk|1
|move|p2b: Gardevoir|Psyshock|p1a: Incineroar
|-immune|p1a: Incineroar
|move|p1b: Politoed|Weather Ball|p2a: Volcarona
|-supereffective|p2a: Volcarona|1
|-crit|p2a: Volcarona
|-damage|p2a: Volcarona|0 fnt
|faint|p2a: Volcarona
|
|-weather|RainDance|[upkeep]
|-heal|p1b: Politoed|52/100|[from] item: Leftovers
|upkeep
|
|t:|1783712066
|switch|p2a: Charizard|Charizard-Mega-Y, L50, M, shiny|100/100 slp
|-weather|SunnyDay|[from] ability: Drought|[of] p2a: Charizard
|turn|9
|
|t:|1783712138
|switch|p1b: Swampert|Swampert-Mega, L50, F|51/100
|cant|p2a: Charizard|slp
|move|p2b: Gardevoir|Icy Wind|p1b: Swampert|[spread] p1a,p1b
|-resisted|p1a: Incineroar|1
|-damage|p1a: Incineroar|34/100
|-damage|p1b: Swampert|43/100
|-unboost|p1a: Incineroar|spe|1
|-unboost|p1b: Swampert|spe|1
|move|p1a: Incineroar|Darkest Lariat|p2b: Gardevoir
|-damage|p2b: Gardevoir|40/100
|
|-weather|SunnyDay|[upkeep]
|-heal|p2b: Gardevoir|46/100|[from] item: Leftovers
|upkeep
|turn|10
|
|t:|1783712162
|switch|p1a: Politoed|Politoed, L50, M|52/100
|-weather|RainDance|[from] ability: Drizzle|[of] p1a: Politoed
|cant|p2a: Charizard|slp
|move|p1b: Swampert|Rock Slide|p2b: Gardevoir|[spread] p2a,p2b
|-supereffective|p2a: Charizard|2
|-crit|p2a: Charizard
|-damage|p2a: Charizard|0 fnt
|-damage|p2b: Gardevoir|2/100
|faint|p2a: Charizard
|cant|p2b: Gardevoir|flinch
|
|-weather|RainDance|[upkeep]
|-heal|p2b: Gardevoir|8/100|[from] item: Leftovers
|-heal|p1a: Politoed|58/100|[from] item: Leftovers
|upkeep
|turn|11
|
|t:|1783712182
|move|p1b: Swampert|Flip Turn|p2b: Gardevoir
|-damage|p2b: Gardevoir|0 fnt
|faint|p2b: Gardevoir
|
|win|kenvgc1989
|raw|kenvgc1989's rating: 1069 → 1094(+25 for winning)
|raw|pptronic1's rating: 1020 → 1009(-11 for losing)
|c|â˜†kenvgc1989|Ggs
|l|â˜†pptronic1
|player|p2|
