|j|☆iannaVi
|j|☆friendofkingambit
|html|iannaVifriendofkingambit    
|uhtml|bestof|Game 3 of a best-of-3
|t:|1783885126
|gametype|doubles
|player|p1|iannaVi|cheren-gen5bw2|1192
|player|p2|friendofkingambit|102|1309
|gen|9
|tier|[Gen 9 Champions] VGC 2026 Reg M-B (Bo3)
|rated|
|rule|Species Clause: Limit one of each Pokémon
|rule|Item Clause: Limit 1 of each item
|clearpoke
|poke|p1|Sylveon, L50, M|
|poke|p1|Charizard, L50, F|
|poke|p1|Garchomp, L50, F|
|poke|p1|Aerodactyl, L50, F|
|poke|p1|Kingambit, L50, F|
|poke|p1|Farigiraf, L50, M|
|poke|p2|Kingambit, L50, F, shiny|
|poke|p2|Aerodactyl, L50, M|
|poke|p2|Charizard, L50, F|
|poke|p2|Metagross, L50|
|poke|p2|Incineroar, L50, F|
|poke|p2|Ninetales-Alola, L50, M|
|teampreview|4
|showteam|p1|Sylveon||FairyFeather|Pixilate|HyperVoice,HyperBeam,QuickAttack,Detect|Modest||M|||50|]Charizard||CharizarditeY|Blaze|WeatherBall,HeatWave,SolarBeam,Protect|Modest||F|||50|]Garchomp||LifeOrb|RoughSkin|DragonClaw,Protect,StompingTantrum,Earthquake|Jolly||F|||50|]Aerodactyl||Aerodactylite|Unnerve|RockSlide,IceFang,Tailwind,DualWingbeat|Jolly||F|||50|]Kingambit||FocusSash|Defiant|KowtowCleave,IronHead,SuckerPunch,LowKick|Adamant||F|||50|]Farigiraf||SitrusBerry|ArmorTail|TwinBeam,Thunderbolt,TrickRoom,Roar|Relaxed||M|||50|
|showteam|p2|Kingambit||BlackGlasses|Defiant|Protect,SwordsDance,SuckerPunch,KowtowCleave|Adamant||F|||50|]Aerodactyl||FocusSash|Unnerve|Tailwind,DualWingbeat,RockSlide,Protect|Jolly||M|||50|]Charizard||CharizarditeY|Blaze|HeatWave,WeatherBall,SolarBeam,Protect|Modest||F|||50|]Metagross||Metagrossite|ClearBody|BodyPress,PsychicFangs,IronHead,Protect|Adamant|||||50|]Incineroar||SitrusBerry|Intimidate|FakeOut,ThroatChop,PartingShot,FlareBlitz|Adamant||F|||50|]Ninetales-Alola||LightClay|SnowWarning|AuroraVeil,Blizzard,FreezeDry,Protect|Timid||M|||50|
|inactive|Battle timer is ON: inactive players will automatically lose when time's up. (requested by friendofkingambit)
|
|t:|1783885155
|teamsize|p1|4
|teamsize|p2|4
|start
|switch|p1a: Aerodactyl|Aerodactyl, L50, F|100/100
|switch|p1b: Kingambit|Kingambit, L50, F|100/100
|switch|p2a: Incineroar|Incineroar, L50, F|100/100
|switch|p2b: Metagross|Metagross, L50|100/100
|-ability|p1a: Aerodactyl|Unnerve
|-ability|p2a: Incineroar|Intimidate|boost
|-unboost|p1a: Aerodactyl|atk|1
|-unboost|p1b: Kingambit|atk|1
|-ability|p1b: Kingambit|Defiant|boost
|-boost|p1b: Kingambit|atk|2
|turn|1
|
|t:|1783885172
|switch|p1a: Farigiraf|Farigiraf, L50, M|100/100
|detailschange|p2b: Metagross|Metagross-Mega, L50
|-mega|p2b: Metagross|Metagross|Metagrossite
|move|p2a: Incineroar|Fake Out||[still]
|cant|p1a: Farigiraf|ability: Armor Tail|Fake Out|[of] p2a: Incineroar
|move|p2b: Metagross|Body Press|p1b: Kingambit
|-supereffective|p1b: Kingambit|2
|-enditem|p1b: Kingambit|Focus Sash
|-damage|p1b: Kingambit|1/100
|move|p1b: Kingambit|Kowtow Cleave|p2b: Metagross
|-supereffective|p2b: Metagross|1
|-damage|p2b: Metagross|0 fnt
|faint|p2b: Metagross
|
|upkeep
|
|t:|1783885192
|switch|p2b: Ninetales|Ninetales-Alola, L50, M|100/100
|-weather|Snowscape|[from] ability: Snow Warning|[of] p2b: Ninetales
|turn|2
|
|t:|1783885207
|move|p1b: Kingambit|Sucker Punch||[still]
|-fail|p1b: Kingambit
|move|p2b: Ninetales|Aurora Veil|p2b: Ninetales
|-sidestart|p2: friendofkingambit|move: Aurora Veil
|move|p2a: Incineroar|Flare Blitz|p1b: Kingambit
|-supereffective|p1b: Kingambit|1
|-damage|p1b: Kingambit|0 fnt
|faint|p1b: Kingambit
|-damage|p2a: Incineroar|99/100|[from] Recoil
|move|p1a: Farigiraf|Twin Beam|p2b: Ninetales
|-damage|p2b: Ninetales|88/100
|-damage|p2b: Ninetales|77/100
|-hitcount|p2b: Ninetales|2
|
|-weather|Snowscape|[upkeep]
|upkeep
|
|t:|1783885221
|switch|p1b: Aerodactyl|Aerodactyl, L50, F|100/100
|-ability|p1b: Aerodactyl|Unnerve
|turn|3
|
|t:|1783885232
|switch|p2a: Aerodactyl|Aerodactyl, L50, M|100/100
|-ability|p2a: Aerodactyl|Unnerve
|detailschange|p1b: Aerodactyl|Aerodactyl-Mega, L50, F
|-mega|p1b: Aerodactyl|Aerodactyl|Aerodactylite
|move|p1b: Aerodactyl|Rock Slide|p2b: Ninetales|[spread] p2a,p2b
|-supereffective|p2a: Aerodactyl|1
|-supereffective|p2b: Ninetales|1
|-damage|p2a: Aerodactyl|38/100
|-damage|p2b: Ninetales|46/100
|move|p2b: Ninetales|Blizzard|p1b: Aerodactyl|[spread] p1a,p1b
|-supereffective|p1b: Aerodactyl|1
|-damage|p1a: Farigiraf|76/100
|-damage|p1b: Aerodactyl|42/100
|move|p1a: Farigiraf|Thunderbolt|p2b: Ninetales
|-damage|p2b: Ninetales|28/100
|-status|p2b: Ninetales|par
|
|-weather|Snowscape|[upkeep]
|upkeep
|turn|4
|inactive|friendofkingambit has 30 seconds left.
|
|t:|1783885259
|switch|p2b: Incineroar|Incineroar, L50, F|99/100
|-ability|p2b: Incineroar|Intimidate|boost
|-unboost|p1a: Farigiraf|atk|1
|-unboost|p1b: Aerodactyl|atk|1
|move|p1b: Aerodactyl|Rock Slide|p2a: Aerodactyl|[spread] p2a,p2b
|-supereffective|p2a: Aerodactyl|1
|-crit|p2a: Aerodactyl
|-supereffective|p2b: Incineroar|1
|-damage|p2a: Aerodactyl|0 fnt
|-damage|p2b: Incineroar|81/100
|faint|p2a: Aerodactyl
|move|p1a: Farigiraf|Thunderbolt|p2b: Incineroar
|-damage|p2b: Incineroar|68/100
|
|-weather|Snowscape|[upkeep]
|upkeep
|
|t:|1783885272
|switch|p2a: Ninetales|Ninetales-Alola, L50, M|28/100 par
|turn|5
|
|t:|1783885287
|move|p1b: Aerodactyl|Rock Slide|p2a: Ninetales|[spread] p2a,p2b
|-supereffective|p2a: Ninetales|1
|-supereffective|p2b: Incineroar|1
|-damage|p2a: Ninetales|6/100 par
|-damage|p2b: Incineroar|48/100
|-enditem|p2b: Incineroar|Sitrus Berry|[eat]
|-heal|p2b: Incineroar|73/100|[from] item: Sitrus Berry
|cant|p2a: Ninetales|flinch
|move|p2b: Incineroar|Throat Chop|p1a: Farigiraf
|-supereffective|p1a: Farigiraf|1
|-damage|p1a: Farigiraf|23/100
|-start|p1a: Farigiraf|Throat Chop|[silent]
|-enditem|p1a: Farigiraf|Sitrus Berry|[eat]
|-heal|p1a: Farigiraf|48/100|[from] item: Sitrus Berry
|move|p1a: Farigiraf|Twin Beam|p2a: Ninetales
|-damage|p2a: Ninetales|0 fnt
|faint|p2a: Ninetales
|-hitcount|p2: Ninetales|1
|
|-weather|Snowscape|[upkeep]
|upkeep
|turn|6
|
|t:|1783885310
|move|p1b: Aerodactyl|Rock Slide|p2b: Incineroar
|-supereffective|p2b: Incineroar|1
|-damage|p2b: Incineroar|49/100
|move|p2b: Incineroar|Throat Chop|p1b: Aerodactyl
|-damage|p1b: Aerodactyl|7/100
|-start|p1b: Aerodactyl|Throat Chop|[silent]
|move|p1a: Farigiraf|Thunderbolt|p2b: Incineroar
|-damage|p2b: Incineroar|35/100
|
|-weather|none
|-end|p1a: Farigiraf|Throat Chop|[silent]
|upkeep
|turn|7
|-message|friendofkingambit forfeited.
|raw|iannaVi's rating: 1192 → 1225(+33 for winning)
|raw|friendofkingambit's rating: 1309 → 1283(-26 for losing)
|
|win|iannaVi
|l|☆friendofkingambit
|player|p2|
