|j|☆CarrettaVGC
|j|☆Fieofkdl
|html|CarrettaVGCFieofkdl    
|uhtml|bestof|Game 1 of a best-of-3
|t:|1783643969
|gametype|doubles
|player|p1|CarrettaVGC|169|1000
|player|p2|Fieofkdl|bellelba|1000
|gen|9
|tier|[Gen 9 Champions] VGC 2026 Reg M-B (Bo3)
|rated|
|rule|Species Clause: Limit one of each Pokémon
|rule|Item Clause: Limit 1 of each item
|clearpoke
|poke|p1|Garchomp, L50, M|
|poke|p1|Venusaur, L50, F|
|poke|p1|Incineroar, L50, F|
|poke|p1|Charizard, L50, F|
|poke|p1|Toxapex, L50, F|
|poke|p1|Annihilape, L50, M|
|poke|p2|Farigiraf, L50, F|
|poke|p2|Camerupt, L50, M|
|poke|p2|Reuniclus, L50, M|
|poke|p2|Sylveon, L50, F|
|poke|p2|Incineroar, L50, M|
|poke|p2|Avalugg, L50, F|
|teampreview|4
|showteam|p1|Garchomp||ChoiceScarf|RoughSkin|Earthquake,RockSlide,DragonClaw,StompingTantrum|Adamant||M|||50|]Venusaur||LifeOrb|Chlorophyll|SludgeBomb,SolarBeam,EarthPower,Protect|Modest||F|||50|]Incineroar||SitrusBerry|Intimidate|FakeOut,FlareBlitz,ThroatChop,PartingShot|Impish||F|||50|]Charizard||CharizarditeY|Blaze|HeatWave,WeatherBall,Protect,HelpingHand|Modest||F|||50|]Toxapex||Leftovers|Regenerator|Infestation,Toxic,WideGuard,BanefulBunker|Impish||F|||50|]Annihilape||FocusSash|Defiant|CloseCombat,PhantomForce,RockTomb,Protect|Jolly||M|||50|
|showteam|p2|Farigiraf||ColburBerry|ArmorTail|TrickRoom,Psychic,HelpingHand,PsychicTerrain|Calm||F|||50|]Camerupt||Cameruptite|MagmaArmor|Eruption,EarthPower,Flamethrower,Protect|Quiet||M|||50|]Reuniclus||LifeOrb|MagicGuard|ExpandingForce,FlashCannon,ShadowBall,Protect|Quiet||M|||50|]Sylveon||FairyFeather|Pixilate|HyperBeam,HyperVoice,QuickAttack,Protect|Sassy||F|||50|]Incineroar||SitrusBerry|Intimidate|FakeOut,DarkestLariat,PartingShot,FlareBlitz|Careful||M|||50|]Avalugg||Leftovers|OwnTempo|Avalanche,BodyPress,IcicleCrash,Protect|Impish||F|||50|
|inactive|Battle timer is ON: inactive players will automatically lose when time's up. (requested by Fieofkdl)
|inactive|CarrettaVGC also wants the timer to be on.
|
|t:|1783643993
|teamsize|p1|4
|teamsize|p2|4
|start
|switch|p1a: Garchomp|Garchomp, L50, M|100/100
|switch|p1b: Charizard|Charizard, L50, F|100/100
|switch|p2a: Farigiraf|Farigiraf, L50, F|100/100
|switch|p2b: Incineroar|Incineroar, L50, M|100/100
|-ability|p2b: Incineroar|Intimidate|boost
|-unboost|p1a: Garchomp|atk|1
|-unboost|p1b: Charizard|atk|1
|turn|1
|
|t:|1783644008
|detailschange|p1b: Charizard|Charizard-Mega-Y, L50, F
|-mega|p1b: Charizard|Charizard|Charizardite Y
|-weather|SunnyDay|[from] ability: Drought|[of] p1b: Charizard
|move|p2b: Incineroar|Fake Out|p1a: Garchomp
|-damage|p1a: Garchomp|89/100
|-damage|p2b: Incineroar|87/100|[from] ability: Rough Skin|[of] p1a: Garchomp
|cant|p1a: Garchomp|flinch
|move|p1b: Charizard|Heat Wave|p2a: Farigiraf|[spread] p2a
|-miss|p1b: Charizard|p2b: Incineroar
|-damage|p2a: Farigiraf|51/100
|move|p2a: Farigiraf|Trick Room|p2a: Farigiraf
|-fieldstart|move: Trick Room|[of] p2a: Farigiraf
|
|-weather|SunnyDay|[upkeep]
|upkeep
|turn|2
|inactive|Fieofkdl has 30 seconds left.
|
|t:|1783644038
|move|p2b: Incineroar|Parting Shot|p1b: Charizard
|-unboost|p1b: Charizard|atk|1
|-unboost|p1b: Charizard|spa|1
|
|t:|1783644042
|switch|p2b: Sylveon|Sylveon, L50, F|100/100|[from] Parting Shot
|move|p2a: Farigiraf|Psychic Terrain|p2a: Farigiraf
|-fieldstart|move: Psychic Terrain
|move|p1b: Charizard|Weather Ball|p2a: Farigiraf
|-damage|p2a: Farigiraf|11/100
|move|p1a: Garchomp|Earthquake|p2b: Sylveon|[spread] p2a,p2b
|-immune|p1b: Charizard
|-damage|p2a: Farigiraf|0 fnt
|-damage|p2b: Sylveon|68/100
|faint|p2a: Farigiraf
|
|-weather|SunnyDay|[upkeep]
|upkeep
|
|t:|1783644057
|switch|p2a: Camerupt|Camerupt, L50, M|100/100
|turn|3
|
|t:|1783644064
|switch|p1a: Incineroar|Incineroar, L50, F|100/100
|-ability|p1a: Incineroar|Intimidate|boost
|-unboost|p2a: Camerupt|atk|1
|-unboost|p2b: Sylveon|atk|1
|detailschange|p2a: Camerupt|Camerupt-Mega, L50, M
|-mega|p2a: Camerupt|Camerupt|Cameruptite
|move|p1b: Charizard|Protect|p1b: Charizard
|-singleturn|p1b: Charizard|Protect
|move|p2a: Camerupt|Eruption|p1b: Charizard|[spread] p1a
|-activate|p1b: Charizard|move: Protect
|-resisted|p1a: Incineroar|1
|-crit|p1a: Incineroar
|-damage|p1a: Incineroar|34/100
|-enditem|p1a: Incineroar|Sitrus Berry|[eat]
|-heal|p1a: Incineroar|59/100|[from] item: Sitrus Berry
|move|p2b: Sylveon|Hyper Voice|p1a: Incineroar|[spread] p1a
|-activate|p1b: Charizard|move: Protect
|-damage|p1a: Incineroar|27/100
|
|-weather|SunnyDay|[upkeep]
|upkeep
|turn|4
|inactive|CarrettaVGC has 30 seconds left.
|
|t:|1783644095
|move|p1a: Incineroar|Fake Out|p2a: Camerupt
|-activate|p2a: Camerupt|move: Psychic Terrain
|move|p2a: Camerupt|Eruption|p1a: Incineroar|[spread] p1a,p1b
|-resisted|p1a: Incineroar|1
|-resisted|p1b: Charizard|1
|-damage|p1a: Incineroar|0 fnt
|-damage|p1b: Charizard|52/100
|faint|p1a: Incineroar
|move|p2b: Sylveon|Hyper Voice|p1b: Charizard
|-resisted|p1b: Charizard|1
|-damage|p1b: Charizard|32/100
|move|p1b: Charizard|Heat Wave|p2a: Camerupt|[spread] p2a,p2b
|-resisted|p2a: Camerupt|1
|-damage|p2a: Camerupt|79/100
|-damage|p2b: Sylveon|47/100
|
|-weather|SunnyDay|[upkeep]
|upkeep
|
|t:|1783644104
|switch|p1a: Toxapex|Toxapex, L50, F|100/100
|turn|5
|
|t:|1783644117
|move|p1a: Toxapex|Baneful Bunker|p1a: Toxapex
|-singleturn|p1a: Toxapex|move: Protect
|move|p1b: Charizard|Protect|p1b: Charizard
|-singleturn|p1b: Charizard|Protect
|move|p2a: Camerupt|Earth Power|p1a: Toxapex
|-activate|p1a: Toxapex|move: Protect
|move|p2b: Sylveon|Hyper Beam|p1b: Charizard
|-activate|p1b: Charizard|move: Protect
|
|-weather|none
|-fieldend|move: Trick Room
|upkeep
|turn|6
|
|t:|1783644139
|switch|p2a: Incineroar|Incineroar, L50, M|87/100
|-ability|p2a: Incineroar|Intimidate|boost
|-unboost|p1a: Toxapex|atk|1
|-unboost|p1b: Charizard|atk|1
|move|p1b: Charizard|Heat Wave|p2b: Sylveon|[spread] p2b
|-miss|p1b: Charizard|p2a: Incineroar
|-damage|p2b: Sylveon|33/100
|move|p2b: Sylveon|Hyper Beam|p1b: Charizard
|-resisted|p1b: Charizard|1
|-damage|p1b: Charizard|0 fnt
|-mustrecharge|p2b: Sylveon
|faint|p1b: Charizard
|move|p1a: Toxapex|Toxic|p2a: Incineroar
|-status|p2a: Incineroar|tox
|
|-damage|p2a: Incineroar|81/100 tox|[from] psn
|-fieldend|move: Psychic Terrain
|upkeep
|
|t:|1783644151
|switch|p1b: Garchomp|Garchomp, L50, M|89/100
|turn|7
|
|t:|1783644164
|move|p2a: Incineroar|Fake Out|p1b: Garchomp
|-damage|p1b: Garchomp|79/100
|-damage|p2a: Incineroar|69/100 tox|[from] ability: Rough Skin|[of] p1b: Garchomp
|cant|p1b: Garchomp|flinch
|cant|p2b: Sylveon|recharge
|move|p1a: Toxapex|Infestation|p2b: Sylveon
|-resisted|p2b: Sylveon|1
|-damage|p2b: Sylveon|33/100
|-activate|p2b: Sylveon|move: Infestation|[of] p1a: Toxapex
|
|-damage|p2a: Incineroar|57/100 tox|[from] psn
|-damage|p2b: Sylveon|20/100y|[from] move: Infestation|[partiallytrapped]
|upkeep
|turn|8
|
|t:|1783644187
|move|p1a: Toxapex|Wide Guard|p1a: Toxapex
|-singleturn|p1a: Toxapex|Wide Guard
|move|p1b: Garchomp|Earthquake|p2b: Sylveon|[spread] p2a,p2b
|-activate|p1a: Toxapex|move: Wide Guard
|-supereffective|p2a: Incineroar|1
|-damage|p2a: Incineroar|0 fnt
|-damage|p2b: Sylveon|0 fnt
|faint|p2a: Incineroar
|faint|p2b: Sylveon
|
|upkeep
|
|t:|1783644197
|switch|p2b: Camerupt|Camerupt-Mega, L50, M|79/100
|turn|9
|
|t:|1783644209
|move|p1a: Toxapex|Wide Guard|p1a: Toxapex
|-singleturn|p1a: Toxapex|Wide Guard
|move|p1b: Garchomp|Earthquake|p2b: Camerupt|[spread] p2b
|-activate|p1a: Toxapex|move: Wide Guard
|-supereffective|p2b: Camerupt|1
|-damage|p2b: Camerupt|3/100
|move|p2b: Camerupt|Earth Power|p1b: Garchomp
|-damage|p1b: Garchomp|0 fnt
|faint|p1b: Garchomp
|
|upkeep
|turn|10
|
|t:|1783644225
|move|p1a: Toxapex|Toxic|p2b: Camerupt
|-status|p2b: Camerupt|tox
|move|p2b: Camerupt|Earth Power|p1a: Toxapex
|-supereffective|p1a: Toxapex|1
|-damage|p1a: Toxapex|0 fnt
|faint|p1a: Toxapex
|
|win|Fieofkdl
||CarrettaVGC is ready for game 2.
|inactive|Fieofkdl has 30 seconds to confirm battle start!
||Fieofkdl is ready for game 2.
|uhtml|next|Next: Game 2 of 3
