|j|☆Kurolax
|j|☆minhisdum
|html|Kurolaxminhisdum    
|uhtml|bestof|Game 1 of a best-of-3
|t:|1756523852
|gametype|doubles
|player|p1|Kurolax|1|1133
|player|p2|minhisdum|101|1000
|gen|9
|tier|[Gen 9] VGC 2025 Reg H (Bo3)
|rated|
|rule|Species Clause: Limit one of each Pokémon
|rule|Item Clause: Limit 1 of each item
|clearpoke
|poke|p1|Volcarona, L50, F|
|poke|p1|Tyranitar, L50, F|
|poke|p1|Rillaboom, L50, F|
|poke|p1|Primarina, L50, F|
|poke|p1|Sneasler, L50, F|
|poke|p1|Dragonite, L50, F|
|poke|p2|Talonflame, L50, F|
|poke|p2|Mienshao, L50, M|
|poke|p2|Porygon2, L50|
|poke|p2|Milotic, L50, M|
|poke|p2|Gholdengo, L50|
|poke|p2|Ursaluna-Bloodmoon, L50, M|
|teampreview|4
|showteam|p1|Volcarona||GrassySeed|FlameBody|QuiverDance,HeatWave,GigaDrain,Protect|||F|||50|,,,,,Stellar]Tyranitar||FocusSash|SandStream|RockSlide,KnockOff,TeraBlast,Protect|||F|||50|,,,,,Flying]Rillaboom||AssaultVest|GrassySurge|KnockOff,Uturn,GrassyGlide,FakeOut|||F|||50|,,,,,Grass]Primarina||SitrusBerry|LiquidVoice|HyperVoice,Moonblast,CalmMind,Protect|||F|||50|,,,,,Poison]Sneasler||WhiteHerb|Unburden|DireClaw,FakeOut,Protect,CloseCombat|||F|||50|,,,,,Dark]Dragonite||LoadedDice|Multiscale|Tailwind,ScaleShot,Haze,Protect|||F|||50|,,,,,Fairy
|showteam|p2|Talonflame|||GaleWings|Acrobatics,Tailwind,FlareBlitz,Protect|||F|||50|,,,,,Flying]Mienshao||LifeOrb|InnerFocus|FakeOut,WideGuard,KnockOff,CloseCombat|||M|||50|,,,,,Ghost]Porygon2||Eviolite|Download|TrickRoom,Recover,Thunderbolt,IceBeam||||||50|,,,,,Electric]Milotic||FlameOrb|MarvelScale|Protect,Haze,IceBeam,Scald|||M|||50|,,,,,Grass]Gholdengo||SpookyPlate|GoodasGold|Protect,MakeItRain,NastyPlot,ShadowBall||||||50|,,,,,Water]Ursaluna-Bloodmoon||AssaultVest|MindsEye|HyperVoice,Moonblast,EarthPower,BloodMoon|||M|||50|,,,,,Normal
|inactive|Battle timer is ON: inactive players will automatically lose when time's up. (requested by minhisdum)
|inactive|Kurolax has 60 seconds left.
|
|t:|1756523893
|teamsize|p1|4
|teamsize|p2|4
|start
|switch|p1a: Rillaboom|Rillaboom, L50, F|100/100
|switch|p1b: Sneasler|Sneasler, L50, F|100/100
|switch|p2a: Porygon2|Porygon2, L50|100/100
|switch|p2b: Mienshao|Mienshao, L50, M|100/100
|-fieldstart|move: Grassy Terrain|[from] ability: Grassy Surge|[of] p1a: Rillaboom
|-ability|p2a: Porygon2|Download|boost
|-boost|p2a: Porygon2|atk|1
|turn|1
|inactive|minhisdum has 30 seconds left.
|inactive|Kurolax has 30 seconds left.
|
|t:|1756523928
|move|p1b: Sneasler|Protect|p1b: Sneasler
|-singleturn|p1b: Sneasler|Protect
|move|p2b: Mienshao|Fake Out|p1b: Sneasler
|-activate|p1b: Sneasler|move: Protect
|move|p1a: Rillaboom|Fake Out|p2a: Porygon2
|-damage|p2a: Porygon2|90/100
|cant|p2a: Porygon2|flinch
|
|-heal|p2a: Porygon2|96/100|[from] Grassy Terrain
|upkeep
|turn|2
|
|t:|1756523951
|-terastallize|p2a: Porygon2|Electric
|move|p1b: Sneasler|Dire Claw|p2b: Mienshao
|-damage|p2b: Mienshao|10/100
|move|p2b: Mienshao|Knock Off|p1a: Rillaboom
|-damage|p1a: Rillaboom|58/100
|-enditem|p1a: Rillaboom|Assault Vest|[from] move: Knock Off|[of] p2b: Mienshao
|-damage|p2b: Mienshao|0 fnt|[from] item: Life Orb
|faint|p2b: Mienshao
|move|p1a: Rillaboom|Knock Off|p2a: Porygon2
|-damage|p2a: Porygon2|69/100
|-enditem|p2a: Porygon2|Eviolite|[from] move: Knock Off|[of] p1a: Rillaboom
|move|p2a: Porygon2|Trick Room|p2a: Porygon2
|-fieldstart|move: Trick Room|[of] p2a: Porygon2
|
|-heal|p2a: Porygon2|75/100|[from] Grassy Terrain
|-heal|p1a: Rillaboom|64/100|[from] Grassy Terrain
|upkeep
|
|t:|1756523966
|switch|p2b: Ursaluna|Ursaluna-Bloodmoon, L50, M|100/100
|turn|3
|
|t:|1756523980
|switch|p1b: Tyranitar|Tyranitar, L50, F|100/100
|-weather|Sandstorm|[from] ability: Sand Stream|[of] p1b: Tyranitar
|move|p1a: Rillaboom|Grassy Glide|p2b: Ursaluna
|-supereffective|p2b: Ursaluna
|-damage|p2b: Ursaluna|49/100
|move|p2a: Porygon2|Ice Beam|p1a: Rillaboom
|-supereffective|p1a: Rillaboom
|-damage|p1a: Rillaboom|0 fnt
|faint|p1a: Rillaboom
|move|p2b: Ursaluna|Hyper Voice|p1b: Tyranitar
|-resisted|p1b: Tyranitar
|-damage|p1b: Tyranitar|83/100
|
|-weather|Sandstorm|[upkeep]
|-damage|p2a: Porygon2|69/100|[from] Sandstorm
|-heal|p2a: Porygon2|75/100|[from] Grassy Terrain
|-heal|p2b: Ursaluna|55/100|[from] Grassy Terrain
|-heal|p1b: Tyranitar|88/100|[from] Grassy Terrain
|upkeep
|
|t:|1756523996
|switch|p1a: Sneasler|Sneasler, L50, F|100/100
|turn|4
|
|t:|1756524016
|switch|p2b: Gholdengo|Gholdengo, L50|100/100
|move|p1a: Sneasler|Fake Out|p2b: Gholdengo
|-immune|p2b: Gholdengo
|move|p2a: Porygon2|Thunderbolt|p1b: Tyranitar
|-damage|p1b: Tyranitar|59/100
|move|p1b: Tyranitar|Knock Off|p2b: Gholdengo
|-supereffective|p2b: Gholdengo
|-crit|p2b: Gholdengo
|-damage|p2b: Gholdengo|0 fnt
|-enditem|p2b: Gholdengo|Spooky Plate|[from] move: Knock Off|[of] p1b: Tyranitar
|faint|p2b: Gholdengo
|
|-weather|Sandstorm|[upkeep]
|-damage|p2a: Porygon2|69/100|[from] Sandstorm
|-damage|p1a: Sneasler|95/100|[from] Sandstorm
|-heal|p2a: Porygon2|75/100|[from] Grassy Terrain
|-heal|p1b: Tyranitar|64/100|[from] Grassy Terrain
|-heal|p1a: Sneasler|100/100|[from] Grassy Terrain
|upkeep
|
|t:|1756524030
|switch|p2b: Ursaluna|Ursaluna-Bloodmoon, L50, M|55/100
|turn|5
|
|t:|1756524049
|move|p1b: Tyranitar|Protect|p1b: Tyranitar
|-singleturn|p1b: Tyranitar|Protect
|move|p1a: Sneasler|Protect|p1a: Sneasler
|-singleturn|p1a: Sneasler|Protect
|move|p2a: Porygon2|Recover|p2a: Porygon2
|-heal|p2a: Porygon2|100/100
|move|p2b: Ursaluna|Hyper Voice|p1a: Sneasler|[spread] 
|-activate|p1a: Sneasler|move: Protect
|-activate|p1b: Tyranitar|move: Protect
|
|-weather|Sandstorm|[upkeep]
|-damage|p2a: Porygon2|94/100|[from] Sandstorm
|-damage|p1a: Sneasler|95/100|[from] Sandstorm
|-heal|p2a: Porygon2|100/100|[from] Grassy Terrain
|-heal|p2b: Ursaluna|60/100|[from] Grassy Terrain
|-heal|p1b: Tyranitar|70/100|[from] Grassy Terrain
|-heal|p1a: Sneasler|100/100|[from] Grassy Terrain
|-fieldend|move: Grassy Terrain
|upkeep
|turn|6
|inactive|Kurolax has 30 seconds left.
|inactive|Kurolax has 20 seconds left.
|
|t:|1756524084
|switch|p1a: Volcarona|Volcarona, L50, F|100/100
|move|p2a: Porygon2|Thunderbolt|p1b: Tyranitar
|-damage|p1b: Tyranitar|44/100
|move|p2b: Ursaluna|Earth Power|p1a: Volcarona
|-damage|p1a: Volcarona|47/100
|move|p1b: Tyranitar|Knock Off|p2b: Ursaluna
|-damage|p2b: Ursaluna|24/100
|-enditem|p2b: Ursaluna|Assault Vest|[from] move: Knock Off|[of] p1b: Tyranitar
|
|-weather|Sandstorm|[upkeep]
|-damage|p2a: Porygon2|94/100|[from] Sandstorm
|-damage|p1a: Volcarona|41/100|[from] Sandstorm
|-fieldend|move: Trick Room
|upkeep
|turn|7
|inactive|Kurolax has 30 seconds left.
|inactive|minhisdum has 30 seconds left.
|inactive|Kurolax has 20 seconds left.
|
|t:|1756524123
|move|p1a: Volcarona|Heat Wave|p2b: Ursaluna|[spread] p2a,p2b
|-damage|p2a: Porygon2|58/100
|-damage|p2b: Ursaluna|0 fnt
|faint|p2b: Ursaluna
|move|p1b: Tyranitar|Knock Off|p2a: Porygon2
|-damage|p2a: Porygon2|17/100
|move|p2a: Porygon2|Thunderbolt|p1a: Volcarona
|-damage|p1a: Volcarona|0 fnt
|faint|p1a: Volcarona
|
|-weather|none
|upkeep
|j| Humedad
|-message|minhisdum forfeited.
|raw|Kurolax's rating: 1133 → 1149(+16 for winning)
|raw|minhisdum's rating: 1000 → 1000(+0 for losing)
|
|win|Kurolax
|l| Humedad
|l|☆minhisdum
|player|p2|
