|j|☆Bergmann VGC
|j|☆Bigboyblue3451
|html|Bergmann VGCBigboyblue3451    
|uhtml|bestof|Game 2 of a best-of-3
|t:|1755617998
|gametype|doubles
|player|p1|Bergmann VGC|roark|1178
|player|p2|Bigboyblue3451|101|1206
|gen|9
|tier|[Gen 9] VGC 2025 Reg H (Bo3)
|rated|
|rule|Species Clause: Limit one of each Pokémon
|rule|Item Clause: Limit 1 of each item
|clearpoke
|poke|p1|Charizard, L50, F|
|poke|p1|Torkoal, L50, F|
|poke|p1|Porygon2, L50|
|poke|p1|Incineroar, L50, M|
|poke|p1|Jumpluff, L50, M|
|poke|p1|Ursaluna, L50, M|
|poke|p2|Pelipper, L50, F|
|poke|p2|Archaludon, L50, M|
|poke|p2|Maushold-Four, L50|
|poke|p2|Incineroar, L50, M|
|poke|p2|Sinistcha, L50|
|poke|p2|Ursaluna, L50, M|
|teampreview|4
|showteam|p1|Charizard||ChoiceSpecs|SolarPower|HeatWave,Overheat,WeatherBall,AirSlash|||F|||50|,,,,,Ghost]Torkoal||EjectPack|Drought|Eruption,Overheat,HelpingHand,Protect|||F|||50|,,,,,Fire]Porygon2||Eviolite|Download|TeraBlast,IceBeam,Recover,TrickRoom||||||50|,,,,,Fighting]Incineroar||SafetyGoggles|Intimidate|FlareBlitz,KnockOff,FakeOut,PartingShot|||M|||50|,,,,,Ghost]Jumpluff||CovertCloak|Chlorophyll|SleepPowder,SunnyDay,RagePowder,Tailwind|||M|||50|,,,,,Water]Ursaluna||FlameOrb|Guts|HeadlongRush,Facade,Earthquake,Protect|||M|||50|,,,,,Ghost
|showteam|p2|Pelipper||FocusSash|Drizzle|Hurricane,MuddyWater,Tailwind,Protect|||F|||50|,,,,,Ghost]Archaludon||AssaultVest|Stamina|ElectroShot,Snarl,DracoMeteor,BodyPress|||M|||50|,,,,,Bug]Maushold-Four||RockyHelmet|FriendGuard|BeatUp,FollowMe,Taunt,Protect||||||50|,,,,,Ghost]Incineroar||SafetyGoggles|Intimidate|FlareBlitz,FakeOut,KnockOff,PartingShot|||M|||50|,,,,,Ghost]Sinistcha||SitrusBerry|Hospitality|RagePowder,LifeDew,MatchaGotcha,TrickRoom||||||50|,,,,,Dark]Ursaluna||FlameOrb|Guts|Facade,Earthquake,HeadlongRush,Protect|||M|||50|,,,,,Ghost
|inactive|Battle timer is ON: inactive players will automatically lose when time's up. (requested by Bergmann VGC)
|inactive|Bigboyblue3451 has 60 seconds left.
|
|t:|1755618036
|teamsize|p1|4
|teamsize|p2|4
|start
|switch|p1a: Jumpluff|Jumpluff, L50, M|100/100
|switch|p1b: Charizard|Charizard, L50, F, shiny|100/100
|switch|p2a: Incineroar|Incineroar, L50, M|100/100
|switch|p2b: Pelipper|Pelipper, L50, F|100/100
|-weather|RainDance|[from] ability: Drizzle|[of] p2b: Pelipper
|-ability|p2a: Incineroar|Intimidate|boost
|-unboost|p1a: Jumpluff|atk|1
|-unboost|p1b: Charizard|atk|1
|turn|1
|inactive|Bergmann VGC has 30 seconds left.
|inactive|Bergmann VGC has 20 seconds left.
|
|t:|1755618075
|-terastallize|p1b: Charizard|Ghost
|move|p1a: Jumpluff|Sleep Powder|p2b: Pelipper|[miss]
|-miss|p1a: Jumpluff|p2b: Pelipper
|move|p1b: Charizard|Weather Ball|p2a: Incineroar
|-supereffective|p2a: Incineroar
|-damage|p2a: Incineroar|0 fnt
|faint|p2a: Incineroar
|move|p2b: Pelipper|Tailwind|p2b: Pelipper
|-sidestart|p2: Bigboyblue3451|move: Tailwind
|
|-weather|RainDance|[upkeep]
|upkeep
|
|t:|1755618086
|switch|p2a: Archaludon|Archaludon, L50, M|100/100
|turn|2
|
|t:|1755618103
|switch|p1b: Ryo the Stern|Torkoal, L50, F|100/100
|-weather|SunnyDay|[from] ability: Drought|[of] p1b: Ryo the Stern
|move|p1a: Jumpluff|Tailwind|p1a: Jumpluff
|-sidestart|p1: Bergmann VGC|move: Tailwind
|move|p2b: Pelipper|Hurricane|p1a: Jumpluff|[miss]
|-miss|p2b: Pelipper|p1a: Jumpluff
|move|p2a: Archaludon|Snarl|p1a: Jumpluff|[spread] p1a,p1b
|-damage|p1a: Jumpluff|88/100
|-damage|p1b: Ryo the Stern|82/100
|-unboost|p1b: Ryo the Stern|spa|1
|-enditem|p1b: Ryo the Stern|Eject Pack
|
|t:|1755618114
|switch|p1b: Charizard|Charizard, L50, F, shiny, tera:Ghost|100/100
|
|-weather|SunnyDay|[upkeep]
|-damage|p1b: Charizard|88/100|[from] ability: Solar Power|[of] p1b: Charizard
|upkeep
|turn|3
|
|t:|1755618125
|switch|p2b: Maushold|Maushold-Four, L50|100/100
|move|p1a: Jumpluff|Sleep Powder|p2b: Maushold
|-status|p2b: Maushold|slp|[from] move: Sleep Powder
|move|p1b: Charizard|Weather Ball|p2a: Archaludon
|-damage|p2a: Archaludon|24/100
|-ability|p2a: Archaludon|Stamina|boost
|-boost|p2a: Archaludon|def|1
|move|p2a: Archaludon|Snarl|p1b: Charizard|[spread] p1a,p1b
|-supereffective|p1b: Charizard
|-damage|p1a: Jumpluff|75/100
|-damage|p1b: Charizard|54/100
|-unboost|p1b: Charizard|spa|1
|
|-weather|SunnyDay|[upkeep]
|-damage|p1b: Charizard|42/100|[from] ability: Solar Power|[of] p1b: Charizard
|upkeep
|turn|4
|inactive|Bergmann VGC has 30 seconds left.
|inactive|Bigboyblue3451 has 30 seconds left.
|
|t:|1755618160
|switch|p1b: Ryo the Stern|Torkoal, L50, F|82/100
|switch|p2a: Pelipper|Pelipper, L50, F|100/100
|-weather|RainDance|[from] ability: Drizzle|[of] p2a: Pelipper
|cant|p2b: Maushold|slp
|move|p1a: Jumpluff|Sleep Powder|p2a: Pelipper
|-status|p2a: Pelipper|slp|[from] move: Sleep Powder
|
|-weather|RainDance|[upkeep]
|-sideend|p2: Bigboyblue3451|move: Tailwind
|upkeep
|turn|5
|
|t:|1755618174
|move|p1a: Jumpluff|Sunny Day|p1a: Jumpluff
|-weather|SunnyDay
|-curestatus|p2b: Maushold|slp|[msg]
|move|p2b: Maushold|Taunt|p1a: Jumpluff
|-start|p1a: Jumpluff|move: Taunt
|cant|p2a: Pelipper|slp
|move|p1b: Ryo the Stern|Overheat|p2b: Maushold
|-damage|p2b: Maushold|0 fnt
|-unboost|p1b: Ryo the Stern|spa|2
|faint|p2b: Maushold
|
|-weather|SunnyDay|[upkeep]
|-sideend|p1: Bergmann VGC|move: Tailwind
|upkeep
|
|t:|1755618178
|switch|p2b: Archaludon|Archaludon, L50, M|24/100
|turn|6
|
|t:|1755618196
|switch|p1a: Incineroar|Incineroar, L50, M|100/100
|-ability|p1a: Incineroar|Intimidate|boost
|-unboost|p2a: Pelipper|atk|1
|-unboost|p2b: Archaludon|atk|1
|cant|p2a: Pelipper|slp
|move|p2b: Archaludon|Snarl|p1b: Ryo the Stern|[spread] p1a,p1b
|-resisted|p1a: Incineroar
|-crit|p1b: Ryo the Stern
|-damage|p1a: Incineroar|94/100
|-damage|p1b: Ryo the Stern|58/100
|-unboost|p1a: Incineroar|spa|1
|-unboost|p1b: Ryo the Stern|spa|1
|move|p1b: Ryo the Stern|Overheat|p2b: Archaludon
|-damage|p2b: Archaludon|0 fnt
|-unboost|p1b: Ryo the Stern|spa|2
|faint|p2b: Archaludon
|
|-weather|SunnyDay|[upkeep]
|upkeep
|turn|7
|
|t:|1755618210
|switch|p1b: Charizard|Charizard, L50, F, shiny, tera:Ghost|42/100
|move|p1a: Incineroar|Fake Out|p2a: Pelipper
|-damage|p2a: Pelipper|86/100 slp
|cant|p2a: Pelipper|slp
|
|-weather|SunnyDay|[upkeep]
|-damage|p1b: Charizard|30/100|[from] ability: Solar Power|[of] p1b: Charizard
|upkeep
|turn|8
|
|t:|1755618226
|-curestatus|p2a: Pelipper|slp|[msg]
|move|p2a: Pelipper|Protect|p2a: Pelipper
|-singleturn|p2a: Pelipper|Protect
|move|p1b: Charizard|Air Slash|p2a: Pelipper
|-activate|p2a: Pelipper|move: Protect
|move|p1a: Incineroar|Knock Off|p2a: Pelipper
|-activate|p2a: Pelipper|move: Protect
|
|-weather|SunnyDay|[upkeep]
|-damage|p1b: Charizard|17/100|[from] ability: Solar Power|[of] p1b: Charizard
|upkeep
|turn|9
|
|t:|1755618239
|switch|p1a: Jumpluff|Jumpluff, L50, M|75/100
|move|p1b: Charizard|Air Slash|p2a: Pelipper
|-damage|p2a: Pelipper|0 fnt
|faint|p2a: Pelipper
|
|win|Bergmann VGC
|raw|Bergmann VGC's rating: 1178 → 1205(+27 for winning)
|raw|Bigboyblue3451's rating: 1206 → 1179(-27 for losing)
