|j|☆Dr. FwiFwi
|j|☆FerKillerVGC
|html|Dr. FwiFwiFerKillerVGC    
|uhtml|bestof|Game 1 of a best-of-3
|t:|1782183456
|gametype|doubles
|player|p1|Dr. FwiFwi|101|1042
|player|p2|FerKillerVGC|102|1040
|gen|9
|tier|[Gen 9 Champions] VGC 2026 Reg M-B (Bo3)
|rated|
|rule|Species Clause: Limit one of each Pokémon
|rule|Item Clause: Limit 1 of each item
|clearpoke
|poke|p1|Sinistcha, L50|
|poke|p1|Corviknight, L50, F, shiny|
|poke|p1|Scrafty, L50, M, shiny|
|poke|p1|Hippowdon, L50, M, shiny|
|poke|p1|Toxapex, L50, M, shiny|
|poke|p1|Sableye, L50, F|
|poke|p2|Snorlax, L50, M|
|poke|p2|Sableye, L50, M|
|poke|p2|Armarouge, L50, M|
|poke|p2|Clefable, L50, M|
|poke|p2|Kingambit, L50, M|
|poke|p2|Venusaur, L50, F|
|teampreview|4
|showteam|p1|Sinistcha||SitrusBerry|Hospitality|MatchaGotcha,StrengthSap,RagePowder,Protect|Calm|||||50|]Corviknight||OccaBerry|MirrorArmor|BodyPress,IronDefense,Protect,Roost|Impish||F|||50|]Scrafty||Scraftinite|Intimidate|Protect,DrainPunch,KnockOff,FakeOut|Impish||M|||50|]Hippowdon||PasshoBerry|SandStream|Earthquake,SlackOff,Yawn,Protect|Impish||M|||50|]Toxapex||Leftovers|Regenerator|Toxic,Infestation,Recover,BanefulBunker|Bold||M|||50|]Sableye||LightClay|Prankster|LightScreen,Reflect,Recover,WillOWisp|Careful||F|||50|
|showteam|p2|Snorlax||SitrusBerry|ThickFat|Facade,BodyPress,Stockpile,Recycle|Impish||M|||50|]Sableye||RoseliBerry|Prankster|FoulPlay,WillOWisp,Quash,FakeOut|Careful||M|||50|]Armarouge||FocusSash|FlashFire|HeatWave,Psychic,WideGuard,TrickRoom|Quiet||M|||50|]Clefable||Clefablite|Unaware|Moonblast,Flamethrower,FollowMe,Protect|Bold||M|||50|]Kingambit||BlackGlasses|Defiant|KowtowCleave,IronHead,SuckerPunch,Protect|Adamant||M|||50|]Venusaur||Venusaurite|Chlorophyll|SludgeBomb,GigaDrain,EarthPower,Protect|Modest||F|||50|
|inactive|Battle timer is ON: inactive players will automatically lose when time's up. (requested by Dr. FwiFwi)
|inactive|Dr. FwiFwi has 60 seconds left.
|inactive|FerKillerVGC has 60 seconds left.
|inactive|FerKillerVGC has 30 seconds left.
|
|t:|1782183523
|teamsize|p1|4
|teamsize|p2|4
|start
|switch|p1a: Scrafty|Scrafty, L50, M, shiny|100/100
|switch|p1b: Sableye|Sableye, L50, F|100/100
|switch|p2a: Clefable|Clefable, L50, M|100/100
|switch|p2b: Armarouge|Armarouge, L50, M|100/100
|-ability|p1a: Scrafty|Intimidate|boost
|-unboost|p2a: Clefable|atk|1
|-unboost|p2b: Armarouge|atk|1
|turn|1
|inactive|Dr. FwiFwi has 30 seconds left.
|inactive|FerKillerVGC has 30 seconds left.
|inactive|FerKillerVGC has 20 seconds left.
|inactive|FerKillerVGC has 15 seconds left.
|
|t:|1782183564
|switch|p2b: Kingambit|Kingambit, L50, M|100/100
|detailschange|p2a: Clefable|Clefable-Mega, L50, M
|-mega|p2a: Clefable|Clefable|Clefablite
|detailschange|p1a: Scrafty|Scrafty-Mega, L50, M, shiny
|-mega|p1a: Scrafty|Scrafty|Scraftinite
|-ability|p1a: Scrafty|Intimidate|boost
|-unboost|p2a: Clefable|atk|1
|-unboost|p2b: Kingambit|atk|1
|-ability|p2b: Kingambit|Defiant|boost
|-boost|p2b: Kingambit|atk|2
|move|p1b: Sableye|Light Screen|p1b: Sableye
|-sidestart|p1: Dr. FwiFwi|move: Light Screen
|move|p2a: Clefable|Moonblast|p1a: Scrafty
|-supereffective|p1a: Scrafty|2
|-damage|p1a: Scrafty|16/100
|move|p1a: Scrafty|Knock Off|p2b: Kingambit
|-resisted|p2b: Kingambit|1
|-damage|p2b: Kingambit|84/100
|-enditem|p2b: Kingambit|Black Glasses|[from] move: Knock Off|[of] p1a: Scrafty
|
|upkeep
|turn|2
|inactive|Dr. FwiFwi has 30 seconds left.
|
|t:|1782183591
|switch|p2b: Armarouge|Armarouge, L50, M|100/100
|move|p1b: Sableye|Will-O-Wisp|p2b: Armarouge
|-start|p2b: Armarouge|ability: Flash Fire
|move|p2a: Clefable|Moonblast|p1a: Scrafty
|-supereffective|p1a: Scrafty|2
|-damage|p1a: Scrafty|0 fnt
|faint|p1a: Scrafty
|
|upkeep
|
|t:|1782183600
|switch|p1a: Hippowdon|Hippowdon, L50, M, shiny|100/100
|-weather|Sandstorm|[from] ability: Sand Stream|[of] p1a: Hippowdon
|turn|3
|
|t:|1782183622
|move|p2b: Armarouge|Wide Guard|p2b: Armarouge
|-singleturn|p2b: Armarouge|Wide Guard
|move|p1b: Sableye|Reflect|p1b: Sableye
|-sidestart|p1: Dr. FwiFwi|Reflect
|move|p2a: Clefable|Moonblast|p1a: Hippowdon
|-damage|p1a: Hippowdon|72/100
|move|p1a: Hippowdon|Earthquake|p2b: Armarouge|[spread] p1b
|-activate|p2a: Clefable|move: Wide Guard
|-activate|p2b: Armarouge|move: Wide Guard
|-damage|p1b: Sableye|73/100
|
|-weather|Sandstorm|[upkeep]
|-damage|p2a: Clefable|94/100|[from] Sandstorm
|-damage|p2b: Armarouge|94/100|[from] Sandstorm
|-damage|p1b: Sableye|68/100|[from] Sandstorm
|upkeep
|turn|4
|c|☆Dr. FwiFwi|wait unsarcastically armorouge into willo was insane
|c|☆Dr. FwiFwi|ur the best
|inactive|Dr. FwiFwi has 30 seconds left.
|c|☆FerKillerVGC|tk
|inactive|Dr. FwiFwi has 20 seconds left.
|
|t:|1782183661
|move|p2b: Armarouge|Wide Guard|p2b: Armarouge
|-singleturn|p2b: Armarouge|Wide Guard
|move|p1b: Sableye|Will-O-Wisp|p2a: Clefable
|move|p2a: Clefable|Will-O-Wisp|p1b: Sableye|[from] ability: Magic Bounce
|-status|p1b: Sableye|brn
|move|p2a: Clefable|Moonblast|p1a: Hippowdon
|-damage|p1a: Hippowdon|42/100
|move|p1a: Hippowdon|Yawn|p2b: Armarouge
|-start|p2b: Armarouge|move: Yawn|[of] p1a: Hippowdon
|
|-weather|Sandstorm|[upkeep]
|-damage|p2a: Clefable|88/100|[from] Sandstorm
|-damage|p2b: Armarouge|88/100|[from] Sandstorm
|-damage|p1b: Sableye|62/100 brn|[from] Sandstorm
|-damage|p1b: Sableye|56/100 brn|[from] brn
|upkeep
|turn|5
|c|☆Dr. FwiFwi|OH NO
|c|☆Dr. FwiFwi|MAGIC BOUNCE IS TRAGIC
|c|☆Dr. FwiFwi|GG welp ez game
|inactive|Dr. FwiFwi has 30 seconds left.
|inactive|FerKillerVGC has 30 seconds left.
|inactive|Dr. FwiFwi has 20 seconds left.
|inactive|FerKillerVGC has 20 seconds left.
|inactive|FerKillerVGC has 15 seconds left.
|
|t:|1782183704
|-end|p2b: Armarouge|ability: Flash Fire|[silent]
|switch|p2b: Venusaur|Venusaur, L50, F|100/100
|switch|p1b: Sinistcha|Sinistcha, L50|100/100
|-heal|p1a: Hippowdon|66/100|[from] ability: Hospitality|[of] p1b: Sinistcha
|move|p2a: Clefable|Moonblast|p1a: Hippowdon
|-damage|p1a: Hippowdon|37/100
|move|p1a: Hippowdon|Slack Off|p1a: Hippowdon
|-heal|p1a: Hippowdon|87/100
|
|-weather|Sandstorm|[upkeep]
|-damage|p2b: Venusaur|94/100|[from] Sandstorm
|-damage|p2a: Clefable|82/100|[from] Sandstorm
|-damage|p1b: Sinistcha|93/100|[from] Sandstorm
|upkeep
|turn|6
|inactive|Dr. FwiFwi has 30 seconds left.
|
|t:|1782183731
|move|p2b: Venusaur|Giga Drain|p1a: Hippowdon
|-supereffective|p1a: Hippowdon|1
|-damage|p1a: Hippowdon|40/100
|-heal|p2b: Venusaur|100/100|[from] drain|[of] p1a: Hippowdon
|move|p1b: Sinistcha|Matcha Gotcha|p2a: Clefable|[spread] p2a
|-miss|p1b: Sinistcha|p2b: Venusaur
|-resisted|p2a: Clefable|1
|-damage|p2a: Clefable|72/100
|-heal|p1b: Sinistcha|99/100|[from] drain|[of] p2a: Clefable
|move|p2a: Clefable|Moonblast|p1a: Hippowdon
|-damage|p1a: Hippowdon|13/100
|move|p1a: Hippowdon|Yawn|p2b: Venusaur
|-start|p2b: Venusaur|move: Yawn|[of] p1a: Hippowdon
|
|-weather|Sandstorm|[upkeep]
|-damage|p2b: Venusaur|94/100|[from] Sandstorm
|-damage|p1b: Sinistcha|93/100|[from] Sandstorm
|-damage|p2a: Clefable|66/100|[from] Sandstorm
|upkeep
|turn|7
|c|☆Dr. FwiFwi|I think my only way to win is to snag a burn with matcha gotcha LOL
|inactive|Dr. FwiFwi has 30 seconds left.
|inactive|FerKillerVGC has 30 seconds left.
|inactive|FerKillerVGC has 20 seconds left.
|inactive|FerKillerVGC has 15 seconds left.
|inactive|FerKillerVGC has 10 seconds left.
|
|t:|1782183777
|move|p1b: Sinistcha|Rage Powder|p1b: Sinistcha
|-singleturn|p1b: Sinistcha|move: Rage Powder
|move|p2b: Venusaur|Giga Drain|p1a: Hippowdon
|-supereffective|p1a: Hippowdon|1
|-damage|p1a: Hippowdon|0 fnt
|-heal|p2b: Venusaur|100/100|[from] drain|[of] p1a: Hippowdon
|faint|p1a: Hippowdon
|move|p2a: Clefable|Flamethrower|p1b: Sinistcha
|-supereffective|p1b: Sinistcha|1
|-damage|p1b: Sinistcha|65/100
|
|-weather|none
|-end|p2b: Venusaur|move: Yawn|[silent]
|-status|p2b: Venusaur|slp
|upkeep
|
|t:|1782183785
|switch|p1a: Sableye|Sableye, L50, F|56/100 brn
|turn|8
|-message|Dr. FwiFwi forfeited.
|
|win|FerKillerVGC
|l|☆Dr. FwiFwi
|player|p1|
||FerKillerVGC is ready for game 2.
||Dr. FwiFwi is ready for game 2.
|uhtml|next|Next: Game 2 of 3
