|j|‽MPM1998
|j|☆pseudo_777
|html|MPM1998pseudo_777    
|uhtml|bestof|Game 2 of a best-of-3
|t:|1783863319
|gametype|doubles
|player|p1|MPM1998|2|1326
|player|p2|pseudo_777|dancer|1326
|gen|9
|tier|[Gen 9 Champions] VGC 2026 Reg M-B (Bo3)
|rated|
|rule|Species Clause: Limit one of each Pokémon
|rule|Item Clause: Limit 1 of each item
|clearpoke
|poke|p1|Pelipper, L50, M|
|poke|p1|Sneasler, L50, M|
|poke|p1|Gholdengo, L50|
|poke|p1|Archaludon, L50, F|
|poke|p1|Swampert, L50, F|
|poke|p1|Basculegion, L50, M|
|poke|p2|Aerodactyl, L50, M|
|poke|p2|Charizard, L50, M|
|poke|p2|Incineroar, L50, M|
|poke|p2|Sylveon, L50, F|
|poke|p2|Garchomp, L50, F|
|poke|p2|Kingambit, L50, M|
|teampreview|4
|showteam|p1|Pelipper||FocusSash|Drizzle|Tailwind,Hurricane,WeatherBall,Protect|Timid||M|||50|]Sneasler||WhiteHerb|Unburden|FakeOut,CloseCombat,DireClaw,Protect|Adamant||M|||50|]Gholdengo||LifeOrb|GoodasGold|MakeItRain,ShadowBall,NastyPlot,Protect|Timid|||||50|]Archaludon||SitrusBerry|Stamina|FlashCannon,DragonPulse,ElectroShot,Protect|Modest||F|||50|]Swampert||Swampertite|Torrent|WaveCrash,HighHorsepower,IcePunch,Protect|Adamant||F|||50|]Basculegion||ChoiceScarf|Adaptability|WaveCrash,FlipTurn,LastRespects,AquaJet|Jolly||M|||50|
|showteam|p2|Aerodactyl||Aerodactylite|RockHead|RockSlide,Tailwind,IceFang,WideGuard|Jolly||M|||50|]Charizard||CharizarditeY|Blaze|Protect,HeatWave,WeatherBall,SolarBeam|Modest||M|||50|]Incineroar||SitrusBerry|Intimidate|FlareBlitz,FakeOut,PartingShot,DarkestLariat|Impish||M|||50|]Sylveon||FairyFeather|Pixilate|HyperVoice,Detect,HyperBeam,CalmMind|Modest||F|||50|]Garchomp||LifeOrb|RoughSkin|Earthquake,DragonClaw,StompingTantrum,Protect|Jolly||F|||50|]Kingambit||FocusSash|Defiant|LowKick,KowtowCleave,SuckerPunch,IronHead|Adamant||M|||50|
|
|t:|1783863363
|teamsize|p1|4
|teamsize|p2|4
|start
|switch|p1a: Pelipper|Pelipper, L50, M|100/100
|switch|p1b: Basculegion|Basculegion, L50, M|100/100
|switch|p2a: Kingambit|Kingambit, L50, M|100/100
|switch|p2b: Sylveon|Sylveon, L50, F|100/100
|-weather|RainDance|[from] ability: Drizzle|[of] p1a: Pelipper
|turn|1
|inactive|Battle timer is ON: inactive players will automatically lose when time's up. (requested by MPM1998)
|
|t:|1783863382
|move|p2b: Sylveon|Detect|p2b: Sylveon
|-singleturn|p2b: Sylveon|Protect
|move|p1b: Basculegion|Flip Turn|p2a: Kingambit
|-damage|p2a: Kingambit|50/100g
|
|t:|1783863391
|switch|p1b: Sneasler|Sneasler, L50, M|100/100|[from] Flip Turn
|move|p1a: Pelipper|Weather Ball|p2a: Kingambit
|-damage|p2a: Kingambit|0 fnt
|faint|p2a: Kingambit
|
|-weather|RainDance|[upkeep]
|upkeep
|
|t:|1783863394
|switch|p2a: Incineroar|Incineroar, L50, M|100/100
|-ability|p2a: Incineroar|Intimidate|boost
|-unboost|p1a: Pelipper|atk|1
|-unboost|p1b: Sneasler|atk|1
|-enditem|p1b: Sneasler|White Herb
|-clearnegativeboost|p1b: Sneasler|[silent]
|turn|2
|
|t:|1783863406
|switch|p2b: Charizard|Charizard, L50, M|100/100
|move|p1b: Sneasler|Fake Out|p2a: Incineroar
|-damage|p2a: Incineroar|89/100
|cant|p2a: Incineroar|flinch
|move|p1a: Pelipper|Weather Ball|p2a: Incineroar
|-supereffective|p2a: Incineroar|1
|-damage|p2a: Incineroar|0 fnt
|faint|p2a: Incineroar
|
|-weather|RainDance|[upkeep]
|upkeep
|
|t:|1783863408
|switch|p2a: Sylveon|Sylveon, L50, F|100/100
|turn|3
|
|t:|1783863428
|switch|p1a: Archaludon|Archaludon, L50, F|100/100
|detailschange|p2b: Charizard|Charizard-Mega-Y, L50, M
|-mega|p2b: Charizard|Charizard|Charizardite Y
|-weather|SunnyDay|[from] ability: Drought|[of] p2b: Charizard
|move|p1b: Sneasler|Protect|p1b: Sneasler
|-singleturn|p1b: Sneasler|Protect
|move|p2b: Charizard|Heat Wave|p1b: Sneasler|[spread] p1a
|-activate|p1b: Sneasler|move: Protect
|-damage|p1a: Archaludon|36/100
|-ability|p1a: Archaludon|Stamina|boost
|-boost|p1a: Archaludon|def|1
|-enditem|p1a: Archaludon|Sitrus Berry|[eat]
|-heal|p1a: Archaludon|60/100|[from] item: Sitrus Berry
|move|p2a: Sylveon|Hyper Voice|p1a: Archaludon|[spread] p1a
|-activate|p1b: Sneasler|move: Protect
|-damage|p1a: Archaludon|15/100
|-ability|p1a: Archaludon|Stamina|boost
|-boost|p1a: Archaludon|def|1
|
|-weather|SunnyDay|[upkeep]
|upkeep
|turn|4
|
|t:|1783863444
|move|p2b: Charizard|Protect|p2b: Charizard
|-singleturn|p2b: Charizard|Protect
|move|p1b: Sneasler|Dire Claw|p2b: Charizard
|-activate|p2b: Charizard|move: Protect
|move|p1a: Archaludon|Dragon Pulse|p2b: Charizard
|-activate|p2b: Charizard|move: Protect
|move|p2a: Sylveon|Hyper Voice|p1a: Archaludon|[spread] p1a,p1b
|-damage|p1a: Archaludon|0 fnt
|-damage|p1b: Sneasler|44/100
|faint|p1a: Archaludon
|
|-weather|SunnyDay|[upkeep]
|upkeep
|
|t:|1783863449
|switch|p1a: Basculegion|Basculegion, L50, M|100/100
|turn|5
|
|t:|1783863459
|switch|p1b: Pelipper|Pelipper, L50, M|100/100
|-weather|RainDance|[from] ability: Drizzle|[of] p1b: Pelipper
|move|p1a: Basculegion|Wave Crash|p2b: Charizard
|-supereffective|p2b: Charizard|1
|-damage|p2b: Charizard|0 fnt
|faint|p2b: Charizard
|-damage|p1a: Basculegion|69/100|[from] Recoil
|move|p2a: Sylveon|Hyper Voice|p1a: Basculegion|[spread] p1a,p1b
|-damage|p1a: Basculegion|23/100
|-damage|p1b: Pelipper|32/100
|
|-weather|RainDance|[upkeep]
|upkeep
|turn|6
|
|t:|1783863465
|move|p1a: Basculegion|Wave Crash|p2a: Sylveon
|-damage|p2a: Sylveon|1/100
|-damage|p1a: Basculegion|0 fnt|[from] Recoil
|faint|p1a: Basculegion
|move|p1b: Pelipper|Weather Ball|p2a: Sylveon
|-damage|p2a: Sylveon|0 fnt
|faint|p2a: Sylveon
|
|win|MPM1998
||MPM1998 is ready for game 3.
||pseudo_777 is ready for game 3.
|uhtml|next|Next: Game 3 of 3
|l|‽MPM1998
|player|p1|
