|j|☆LorGhez
|j|☆ELIAS TRESCIENTOS
|html|LorGhezELIAS TRESCIENTOS    
|uhtml|bestof|Game 1 of a best-of-3
|t:|1782564922
|gametype|doubles
|player|p1|LorGhez|102|1102
|player|p2|ELIAS TRESCIENTOS|102|1191
|gen|9
|tier|[Gen 9 Champions] VGC 2026 Reg M-B (Bo3)
|rated|
|rule|Species Clause: Limit one of each Pokémon
|rule|Item Clause: Limit 1 of each item
|clearpoke
|poke|p1|Sceptile, L50, F|
|poke|p1|Sylveon, L50, M|
|poke|p1|Rotom-Wash, L50|
|poke|p1|Aerodactyl, L50, F|
|poke|p1|Gyarados, L50, M|
|poke|p1|Kingambit, L50, M|
|poke|p2|Gengar, L50, M|
|poke|p2|Scrafty, L50, M|
|poke|p2|Incineroar, L50, M|
|poke|p2|Snorlax, L50, F|
|poke|p2|Ninetales-Alola, L50, F|
|poke|p2|Dragonite, L50, M|
|teampreview|4
|showteam|p1|Sceptile||Sceptilite|Overgrow|Protect,EnergyBall,DragonPulse,EarthPower|Timid||F|||50|]Sylveon||FairyFeather|Pixilate|Protect,HyperBeam,HyperVoice,Yawn|Modest||M|||50|]Rotom-Wash||Leftovers|Levitate|WillOWisp,Discharge,ThunderWave,LightScreen|Timid|||||50|]Aerodactyl||Aerodactylite|Unnerve|WideGuard,Tailwind,RockSlide,DualWingbeat|Jolly||F|||50|]Gyarados||ExpertBelt|Intimidate|Protect,Avalanche,Waterfall,TemperFlare|Adamant||M|||50|]Kingambit||ChopleBerry|Defiant|Protect,SuckerPunch,KowtowCleave,IronHead|Adamant||M|||50|
|showteam|p2|Gengar||Gengarite|CursedBody|SludgeBomb,ShadowBall,Protect,PerishSong|Modest||M|||50|]Scrafty||Scraftinite|Intimidate|FakeOut,CloseCombat,KnockOff,Detect|Careful||M|||50|]Incineroar||SitrusBerry|Intimidate|Protect,FakeOut,PartingShot,FlareBlitz|Impish||M|||50|]Snorlax||Leftovers|ThickFat|Protect,Yawn,DoubleEdge,Fissure|Relaxed||F|||50|]Ninetales-Alola||FocusSash|SnowWarning|Protect,Encore,Disable,Blizzard|Timid||F|||50|]Dragonite||DragonFang|Multiscale|DragonClaw,LowKick,ExtremeSpeed,Protect|Adamant||M|||50|
|inactive|Battle timer is ON: inactive players will automatically lose when time's up. (requested by LorGhez)
|inactive|LorGhez has 60 seconds left.
|inactive|LorGhez has 30 seconds left.
|inactive|LorGhez has 20 seconds left.
|inactive|LorGhez has 15 seconds left.
|inactive|LorGhez has 10 seconds left.
|inactive|LorGhez has 5 seconds left.
|
|t:|1782565022
|teamsize|p1|4
|teamsize|p2|4
|start
|switch|p1a: Sceptile|Sceptile, L50, F|100/100
|switch|p1b: Sylveon|Sylveon, L50, M|100/100
|switch|p2a: Gengar|Gengar, L50, M|100/100
|switch|p2b: Incineroar|Incineroar, L50, M|100/100
|-ability|p2b: Incineroar|Intimidate|boost
|-unboost|p1a: Sceptile|atk|1
|-unboost|p1b: Sylveon|atk|1
|turn|1
|inactive|LorGhez has 30 seconds left.
|inactive|LorGhez has 20 seconds left.
|inactive|LorGhez has 15 seconds left.
|inactive|LorGhez has 10 seconds left.
|inactive|LorGhez has 5 seconds left.
|
|t:|1782565072
|detailschange|p2a: Gengar|Gengar-Mega, L50, M
|-mega|p2a: Gengar|Gengar|Gengarite
|move|p2b: Incineroar|Fake Out|p1a: Sceptile
|-damage|p1a: Sceptile|85/100
|cant|p1a: Sceptile|flinch
|move|p2a: Gengar|Perish Song|p2a: Gengar
|-start|p1a: Sceptile|perish3|[silent]
|-start|p1b: Sylveon|perish3|[silent]
|-start|p2a: Gengar|perish3|[silent]
|-start|p2b: Incineroar|perish3|[silent]
|-fieldactivate|move: Perish Song
|move|p1b: Sylveon|Yawn|p2a: Gengar
|-start|p2a: Gengar|move: Yawn|[of] p1b: Sylveon
|
|-start|p1a: Sceptile|perish3
|-start|p2a: Gengar|perish3
|-start|p1b: Sylveon|perish3
|-start|p2b: Incineroar|perish3
|upkeep
|turn|2
|inactive|LorGhez has 30 seconds left.
|inactive|LorGhez has 20 seconds left.
|inactive|LorGhez has 15 seconds left.
|inactive|LorGhez has 10 seconds left.
|
|t:|1782565120
|switch|p2b: Ninetales|Ninetales-Alola, L50, F|100/100
|-weather|Snowscape|[from] ability: Snow Warning|[of] p2b: Ninetales
|detailschange|p1a: Sceptile|Sceptile-Mega, L50, F
|-mega|p1a: Sceptile|Sceptile|Sceptilite
|move|p1a: Sceptile|Earth Power|p2a: Gengar
|-supereffective|p2a: Gengar|1
|-damage|p2a: Gengar|32/100
|move|p2a: Gengar|Sludge Bomb|p1b: Sylveon
|-supereffective|p1b: Sylveon|1
|-damage|p1b: Sylveon|20/100y
|move|p1b: Sylveon|Hyper Beam|p2b: Ninetales
|-enditem|p2b: Ninetales|Focus Sash
|-damage|p2b: Ninetales|1/100
|-mustrecharge|p1b: Sylveon
|
|-weather|Snowscape|[upkeep]
|-end|p2a: Gengar|move: Yawn|[silent]
|-status|p2a: Gengar|slp
|-start|p1a: Sceptile|perish2
|-start|p2a: Gengar|perish2
|-start|p1b: Sylveon|perish2
|upkeep
|turn|3
|inactive|LorGhez has 30 seconds left.
|inactive|ELIAS TRESCIENTOS has 30 seconds left.
|inactive|LorGhez has 20 seconds left.
|inactive|LorGhez has 15 seconds left.
|
|t:|1782565161
|move|p1a: Sceptile|Earth Power|p2b: Ninetales
|-damage|p2b: Ninetales|0 fnt
|faint|p2b: Ninetales
|cant|p2a: Gengar|slp
|cant|p1b: Sylveon|recharge
|
|-weather|Snowscape|[upkeep]
|-start|p1a: Sceptile|perish1
|-start|p2a: Gengar|perish1
|-start|p1b: Sylveon|perish1
|upkeep
|
|t:|1782565168
|switch|p2b: Scrafty|Scrafty, L50, M|100/100
|-ability|p2b: Scrafty|Intimidate|boost
|-unboost|p1a: Sceptile|atk|1
|-unboost|p1b: Sylveon|atk|1
|turn|4
|inactive|LorGhez has 30 seconds left.
|
|t:|1782565200
|switch|p2a: Incineroar|Incineroar, L50, M|100/100
|-ability|p2a: Incineroar|Intimidate|boost
|-unboost|p1a: Sceptile|atk|1
|-unboost|p1b: Sylveon|atk|1
|move|p1a: Sceptile|Earth Power|p2a: Incineroar
|-supereffective|p2a: Incineroar|1
|-damage|p2a: Incineroar|57/100
|move|p1b: Sylveon|Hyper Beam|p2a: Incineroar
|-damage|p2a: Incineroar|0 fnt
|-mustrecharge|p1b: Sylveon
|faint|p2a: Incineroar
|move|p2b: Scrafty|Close Combat|p1b: Sylveon
|-resisted|p1b: Sylveon|1
|-damage|p1b: Sylveon|0 fnt
|-unboost|p2b: Scrafty|def|1
|-unboost|p2b: Scrafty|spd|1
|faint|p1b: Sylveon
|
|-weather|Snowscape|[upkeep]
|-start|p1a: Sceptile|perish0
|upkeep
|faint|p1a: Sceptile
|
|t:|1782565217
|switch|p1a: Rotom|Rotom-Wash, L50|100/100
|switch|p1b: Aerodactyl|Aerodactyl, L50, F|100/100
|switch|p2a: Gengar|Gengar-Mega, L50, M|32/100 slp
|-ability|p1b: Aerodactyl|Unnerve
|turn|5
|inactive|LorGhez has 30 seconds left.
|
|t:|1782565245
|move|p1b: Aerodactyl|Rock Slide|p2a: Gengar|[spread] p2a,p2b
|-resisted|p2b: Scrafty|1
|-crit|p2b: Scrafty
|-damage|p2a: Gengar|4/100 slp
|-damage|p2b: Scrafty|71/100
|cant|p2a: Gengar|slp
|move|p1a: Rotom|Will-O-Wisp|p2b: Scrafty
|-status|p2b: Scrafty|brn
|cant|p2b: Scrafty|flinch
|
|-weather|Snowscape|[upkeep]
|-damage|p2b: Scrafty|65/100 brn|[from] brn
|upkeep
|turn|6
|
|t:|1782565265
|move|p1b: Aerodactyl|Wide Guard|p1b: Aerodactyl
|-singleturn|p1b: Aerodactyl|Wide Guard
|-curestatus|p2a: Gengar|slp|[msg]
|move|p2a: Gengar|Shadow Ball|p1b: Aerodactyl
|-damage|p1b: Aerodactyl|29/100
|-unboost|p1b: Aerodactyl|spd|1
|move|p1a: Rotom|Discharge|p2b: Scrafty|[spread] p2a,p2b
|-activate|p1b: Aerodactyl|move: Wide Guard
|-damage|p2a: Gengar|0 fnt
|-damage|p2b: Scrafty|40/100 brn
|faint|p2a: Gengar
|move|p2b: Scrafty|Knock Off|p1a: Rotom
|-damage|p1a: Rotom|83/100
|-enditem|p1a: Rotom|Leftovers|[from] move: Knock Off|[of] p2b: Scrafty
|
|-weather|none
|-damage|p2b: Scrafty|34/100 brn|[from] brn
|upkeep
|turn|7
|inactive|LorGhez has 30 seconds left.
|
|t:|1782565292
|move|p1b: Aerodactyl|Dual Wingbeat|p2b: Scrafty
|-supereffective|p2b: Scrafty|1
|-damage|p2b: Scrafty|0 fnt
|faint|p2b: Scrafty
|-hitcount|p2: Scrafty|1
|
|win|LorGhez
||ELIAS TRESCIENTOS is ready for game 2.
||LorGhez is ready for game 2.
|uhtml|next|Next: Game 2 of 3
|l|☆ELIAS TRESCIENTOS
|player|p2|
