|j|☆TheParasectKing
|j|☆sebtct
|html|TheParasectKingsebtct    
|uhtml|bestof|Game 2 of a best-of-3
|t:|1754891109
|gametype|doubles
|player|p1|TheParasectKing|acetrainer-gen4dp|1275
|player|p2|sebtct|1|1295
|gen|9
|tier|[Gen 9] VGC 2025 Reg H (Bo3)
|rated|
|rule|Species Clause: Limit one of each Pokémon
|rule|Item Clause: Limit 1 of each item
|clearpoke
|poke|p1|Excadrill, L50, F|
|poke|p1|Amoonguss, L50, F|
|poke|p1|Indeedee, L50, M|
|poke|p1|Corviknight, L50, M|
|poke|p1|Tyranitar, L50, F|
|poke|p1|Sneasler, L50, F|
|poke|p2|Indeedee, L50, M|
|poke|p2|Hawlucha, L50, F|
|poke|p2|Annihilape, L50, M|
|poke|p2|Amoonguss, L50, M|
|poke|p2|Ninetales-Alola, L50, F|
|poke|p2|Hydreigon, L50, M|
|teampreview|4
|showteam|p1|Excadrill||FocusSash|SandRush|HighHorsepower,IronHead,Earthquake,Protect|||F|||50|,,,,,Ground]Amoonguss||CovertCloak|Regenerator|Spore,RagePowder,PollenPuff,Protect|||F|||50|,,,,,Water]Indeedee||ChoiceScarf|PsychicSurge|ExpandingForce,TeraBlast,TrickRoom,Trick|||M|||50|,,,,,Psychic]Corviknight||SitrusBerry|MirrorArmor|BraveBird,Tailwind,BulkUp,Roost|||M|||50|,,,,,Water]Tyranitar||AssaultVest|SandStream|RockSlide,KnockOff,LowKick,TeraBlast|||F|||50|,,,,,Flying]Sneasler||PsychicSeed|Unburden|DireClaw,CloseCombat,ThroatChop,Protect|||F|||50|,,,,,Dark
|showteam|p2|Indeedee||FocusSash|PsychicSurge|ExpandingForce,TrickRoom,Imprison,TeraBlast|||M|||50|,,,,,Ground]Hawlucha||PsychicSeed|Unburden|CloseCombat,Acrobatics,RockTomb,Protect|||F|||50|,,,,,Flying]Annihilape||ChoiceScarf|Defiant|FinalGambit,CloseCombat,RageFist,Uturn|||M|||50|,,,,,Grass]Amoonguss||SitrusBerry|Regenerator|PollenPuff,Spore,RagePowder,ClearSmog|||M|||50|,,,,,Water]Ninetales-Alola||CovertCloak|SnowWarning|Blizzard,FreezeDry,Encore,Protect|||F|||50|,,,,,Ice]Hydreigon||AssaultVest|Levitate|DarkPulse,DracoMeteor,EarthPower,FlashCannon|||M|||50|,,,,,Ghost
|inactive|Battle timer is ON: inactive players will automatically lose when time's up. (requested by TheParasectKing)
|inactive|TheParasectKing has 60 seconds left.
|
|t:|1754891151
|teamsize|p1|4
|teamsize|p2|4
|start
|switch|p1a: Indeedee|Indeedee, L50, M|100/100
|switch|p1b: Sneasler|Sneasler, L50, F|100/100
|switch|p2a: Amoonguss|Amoonguss, L50, M|100/100
|switch|p2b: Annihilape|Annihilape, L50, M|100/100
|-fieldstart|move: Psychic Terrain|[from] ability: Psychic Surge|[of] p1a: Indeedee
|-enditem|p1b: Sneasler|Psychic Seed
|-boost|p1b: Sneasler|spd|1|[from] item: Psychic Seed
|turn|1
|l|☆sebtct
|inactive|sebtct disconnected and has a minute to reconnect!
|player|p2|
|inactive|TheParasectKing has 30 seconds left.
|inactive|sebtct has 30 seconds left.
|j|☆sebtct
|inactive|sebtct reconnected and has 30 seconds left.
|player|p2|sebtct|1|
|inactive|sebtct has 20 seconds left.
|inactive|sebtct has 15 seconds left.
|inactive|sebtct has 10 seconds left.
|
|t:|1754891198
|switch|p1a: Amoonguss|Amoonguss, L50, F|100/100
|switch|p2b: Indeedee|Indeedee, L50, M|100/100
|-terastallize|p2a: Amoonguss|Water
|move|p1b: Sneasler|Protect|p1b: Sneasler
|-singleturn|p1b: Sneasler|Protect
|move|p2a: Amoonguss|Spore|p1a: Amoonguss
|-immune|p1a: Amoonguss
|
|upkeep
|turn|2
|inactive|TheParasectKing has 30 seconds left.
|inactive|TheParasectKing has 20 seconds left.
|
|t:|1754891236
|switch|p1b: Corviknight|Corviknight, L50, M|100/100
|move|p1a: Amoonguss|Protect|p1a: Amoonguss
|-singleturn|p1a: Amoonguss|Protect
|move|p2b: Indeedee|Expanding Force|p1b: Corviknight|[spread] p1b
|-activate|p1a: Amoonguss|move: Protect
|-resisted|p1b: Corviknight
|-damage|p1b: Corviknight|74/100
|move|p2a: Amoonguss|Spore|p1a: Amoonguss
|-activate|p1a: Amoonguss|move: Protect
|
|upkeep
|turn|3
|
|t:|1754891261
|-terastallize|p1a: Amoonguss|Water
|move|p2b: Indeedee|Expanding Force|p1a: Amoonguss|[spread] p1a,p1b
|-resisted|p1b: Corviknight
|-damage|p1a: Amoonguss|55/100
|-damage|p1b: Corviknight|51/100
|move|p1b: Corviknight|Tailwind|p1b: Corviknight
|-sidestart|p1: TheParasectKing|move: Tailwind
|move|p1a: Amoonguss|Spore|p2a: Amoonguss
|-status|p2a: Amoonguss|slp|[from] move: Spore
|cant|p2a: Amoonguss|slp
|
|upkeep
|turn|4
|inactive|sebtct has 30 seconds left.
|
|t:|1754891292
|switch|p1a: Indeedee|Indeedee, L50, M|100/100
|move|p1b: Corviknight|Roost|p1b: Corviknight
|-heal|p1b: Corviknight|100/100
|-singleturn|p1b: Corviknight|move: Roost
|move|p2b: Indeedee|Expanding Force|p1b: Corviknight|[spread] p1a,p1b
|-resisted|p1a: Indeedee
|-resisted|p1b: Corviknight
|-damage|p1a: Indeedee|69/100
|-damage|p1b: Corviknight|76/100
|cant|p2a: Amoonguss|slp
|
|upkeep
|turn|5
|
|t:|1754891311
|move|p1a: Indeedee|Expanding Force|p2a: Amoonguss|[spread] p2a,p2b
|-resisted|p2b: Indeedee
|-damage|p2a: Amoonguss|56/100 slp
|-damage|p2b: Indeedee|64/100
|move|p1b: Corviknight|Brave Bird|p2b: Indeedee
|-damage|p2b: Indeedee|0 fnt
|faint|p2b: Indeedee
|-damage|p1b: Corviknight|62/100|[from] Recoil
|cant|p2a: Amoonguss|slp
|
|-fieldend|move: Psychic Terrain
|upkeep
|l|☆sebtct
|inactive|sebtct disconnected and has a minute to reconnect!
|player|p2|
|j|☆sebtct
|inactive|sebtct reconnected and has 35 seconds left.
|player|p2|sebtct|1|
|inactive|sebtct has 30 seconds left.
|inactive|sebtct has 20 seconds left.
|
|t:|1754891347
|switch|p2b: Hawlucha|Hawlucha, L50, F|100/100
|turn|6
|
|t:|1754891372
|switch|p1a: Amoonguss|Amoonguss, L50, F, tera:Water|88/100
|move|p2b: Hawlucha|Protect|p2b: Hawlucha
|-singleturn|p2b: Hawlucha|Protect
|move|p1b: Corviknight|Roost|p1b: Corviknight
|-heal|p1b: Corviknight|100/100
|-singleturn|p1b: Corviknight|move: Roost
|-curestatus|p2a: Amoonguss|slp|[msg]
|move|p2a: Amoonguss|Spore|p1b: Corviknight
|-status|p1b: Corviknight|slp|[from] move: Spore
|
|-sideend|p1: TheParasectKing|move: Tailwind
|upkeep
|turn|7
|
|t:|1754891392
|switch|p2b: Annihilape|Annihilape, L50, M|100/100
|switch|p1b: Indeedee|Indeedee, L50, M|69/100
|-fieldstart|move: Psychic Terrain|[from] ability: Psychic Surge|[of] p1b: Indeedee
|move|p1a: Amoonguss|Protect|p1a: Amoonguss
|-singleturn|p1a: Amoonguss|Protect
|move|p2a: Amoonguss|Spore|p1a: Amoonguss
|-activate|p1a: Amoonguss|move: Protect
|
|upkeep
|turn|8
|
|t:|1754891405
|move|p1a: Amoonguss|Rage Powder|p1a: Amoonguss
|-singleturn|p1a: Amoonguss|move: Rage Powder
|move|p1b: Indeedee|Expanding Force|p2b: Annihilape|[spread] p2a,p2b
|-supereffective|p2b: Annihilape
|-damage|p2a: Amoonguss|16/100
|-damage|p2b: Annihilape|12/100
|-enditem|p2a: Amoonguss|Sitrus Berry|[eat]
|-heal|p2a: Amoonguss|41/100|[from] item: Sitrus Berry
|move|p2b: Annihilape|U-turn|p1a: Amoonguss
|-damage|p1a: Amoonguss|72/100
|
|t:|1754891413
|switch|p2b: Hawlucha|Hawlucha, L50, F|100/100|[from] U-turn
|-enditem|p2b: Hawlucha|Psychic Seed
|-boost|p2b: Hawlucha|spd|1|[from] item: Psychic Seed
|move|p2a: Amoonguss|Spore|p1a: Amoonguss
|-status|p1a: Amoonguss|slp|[from] move: Spore
|
|upkeep
|turn|9
|
|t:|1754891434
|switch|p2a: Annihilape|Annihilape, L50, M|12/100
|switch|p1a: Corviknight|Corviknight, L50, M|100/100 slp
|move|p2b: Hawlucha|Close Combat|p1b: Indeedee
|-damage|p1b: Indeedee|0 fnt
|-unboost|p2b: Hawlucha|def|1
|-unboost|p2b: Hawlucha|spd|1
|faint|p1b: Indeedee
|
|upkeep
|
|t:|1754891458
|switch|p1b: Amoonguss|Amoonguss, L50, F, tera:Water|100/100 slp
|turn|10
|
|t:|1754891474
|cant|p1b: Amoonguss|slp
|move|p2b: Hawlucha|Close Combat|p1a: Corviknight
|-damage|p1a: Corviknight|52/100 slp
|-unboost|p2b: Hawlucha|def|1
|-unboost|p2b: Hawlucha|spd|1
|move|p2a: Annihilape|Rage Fist|p1a: Corviknight
|-damage|p1a: Corviknight|17/100 slp
|-enditem|p1a: Corviknight|Sitrus Berry|[eat]
|-heal|p1a: Corviknight|42/100 slp|[from] item: Sitrus Berry
|cant|p1a: Corviknight|slp
|
|upkeep
|turn|11
|l|☆sebtct
|inactive|sebtct disconnected and has a minute to reconnect!
|player|p2|
|inactive|sebtct has 30 seconds left.
|j|☆sebtct
|inactive|sebtct reconnected and has 30 seconds left.
|player|p2|sebtct|1|
|inactive|TheParasectKing has 30 seconds left.
|
|t:|1754891518
|move|p2b: Hawlucha|Close Combat|p1a: Corviknight
|-damage|p1a: Corviknight|0 fnt
|-unboost|p2b: Hawlucha|def|1
|-unboost|p2b: Hawlucha|spd|1
|faint|p1a: Corviknight
|move|p2a: Annihilape|Rage Fist|p1b: Amoonguss
|-damage|p1b: Amoonguss|68/100 slp
|-curestatus|p1b: Amoonguss|slp|[msg]
|move|p1b: Amoonguss|Spore|p2b: Hawlucha
|-status|p2b: Hawlucha|slp|[from] move: Spore
|
|-fieldend|move: Psychic Terrain
|upkeep
|
|t:|1754891521
|switch|p1a: Sneasler|Sneasler, L50, F|100/100
|turn|12
|
|t:|1754891542
|cant|p2b: Hawlucha|slp
|move|p2a: Annihilape|Rage Fist|p1a: Sneasler
|-damage|p1a: Sneasler|37/100
|move|p1a: Sneasler|Dire Claw|p2b: Hawlucha
|-damage|p2b: Hawlucha|0 fnt
|faint|p2b: Hawlucha
|move|p1b: Amoonguss|Spore|p2a: Annihilape
|-status|p2a: Annihilape|slp|[from] move: Spore
|
|upkeep
|
|t:|1754891550
|switch|p2b: Amoonguss|Amoonguss, L50, M, tera:Water|75/100
|turn|13
|
|t:|1754891561
|cant|p2a: Annihilape|slp
|move|p1a: Sneasler|Dire Claw|p2a: Annihilape
|-resisted|p2a: Annihilape
|-damage|p2a: Annihilape|0 fnt
|faint|p2a: Annihilape
|move|p2b: Amoonguss|Spore|p1b: Amoonguss
|-status|p1b: Amoonguss|slp|[from] move: Spore
|cant|p1b: Amoonguss|slp
|
|upkeep
|turn|14
|
|t:|1754891571
|move|p1a: Sneasler|Protect|p1a: Sneasler
|-singleturn|p1a: Sneasler|Protect
|move|p2b: Amoonguss|Pollen Puff|p1a: Sneasler
|-activate|p1a: Sneasler|move: Protect
|cant|p1b: Amoonguss|slp
|
|upkeep
|turn|15
|
|t:|1754891585
|cant|p1b: Amoonguss|slp
|move|p1a: Sneasler|Dire Claw|p2b: Amoonguss
|-damage|p2b: Amoonguss|37/100
|move|p2b: Amoonguss|Pollen Puff|p1a: Sneasler
|-resisted|p1a: Sneasler
|-damage|p1a: Sneasler|31/100
|
|upkeep
|turn|16
|
|t:|1754891593
|-curestatus|p1b: Amoonguss|slp|[msg]
|move|p1b: Amoonguss|Rage Powder|p1b: Amoonguss
|-singleturn|p1b: Amoonguss|move: Rage Powder
|move|p1a: Sneasler|Close Combat|p2b: Amoonguss
|-damage|p2b: Amoonguss|0 fnt
|-unboost|p1a: Sneasler|def|1
|-unboost|p1a: Sneasler|spd|1
|faint|p2b: Amoonguss
|
|win|TheParasectKing
|raw|TheParasectKing's rating: 1275 → 1301(+26 for winning)
|raw|sebtct's rating: 1295 → 1269(-26 for losing)
|l|☆sebtct
|player|p2|
|c|☆TheParasectKing|very wp
