|j|ŌśåPokecraft15
|j|Ōśåmagicalarcher57
|html|Pokecraft15magicalarcher57    
|uhtml|bestof|Game 1 of a best-of-3
|t:|1784743495
|gametype|doubles
|player|p1|Pokecraft15|hilbert-wonderlauncher|1296
|player|p2|magicalarcher57|diantha|1210
|gen|9
|tier|[Gen 9 Champions] VGC 2026 Reg M-B (Bo3)
|rated|
|rule|Species Clause: Limit one of each Pok├®mon
|rule|Item Clause: Limit 1 of each item
|clearpoke
|poke|p1|Froslass, L50, F|
|poke|p1|Aerodactyl, L50, M|
|poke|p1|Milotic, L50, F|
|poke|p1|Incineroar, L50, F|
|poke|p1|Sinistcha-Masterpiece, L50|
|poke|p1|Sneasler, L50, M|
|poke|p2|Garchomp, L50, M|
|poke|p2|Kingambit, L50, F|
|poke|p2|Vanilluxe, L50, M|
|poke|p2|Aerodactyl, L50, M|
|poke|p2|Sneasler, L50, F|
|poke|p2|Gardevoir, L50, M|
|teampreview|4
|showteam|p1|Froslass||Froslassite|SnowCloak|Blizzard,ShadowBall,Thunderbolt,Protect|Modest||F|||50|]Aerodactyl||FocusSash|Unnerve|RockSlide,DualWingbeat,WideGuard,Tailwind|Jolly||M|||50|]Milotic||MysticWater|Competitive|MuddyWater,IcyWind,Coil,Protect|Serious||F|||50|]Incineroar||ChopleBerry|Intimidate|FlareBlitz,ThroatChop,PartingShot,FakeOut|Adamant||F|||50|]Sinistcha-Masterpiece||SitrusBerry|Hospitality|RagePowder,MatchaGotcha,ShadowBall,Protect|Modest|||||50|]Sneasler||WhiteHerb|Unburden|CloseCombat,DireClaw,FakeOut,Protect|Adamant||M|||50|
|showteam|p2|Garchomp||LifeOrb|RoughSkin|Earthquake,DragonClaw,StompingTantrum,Protect|Jolly||M|||50|]Kingambit||BlackGlasses|Defiant|KowtowCleave,SuckerPunch,Protect,IronHead|Adamant||F|||50|]Vanilluxe||ChoiceScarf|SnowWarning|Blizzard,FreezeDry,WeatherBall,IcyWind|Modest||M|||50|]Aerodactyl||Aerodactylite|Unnerve|DualWingbeat,RockSlide,Tailwind,Protect|Jolly||M|||50|]Sneasler||FocusSash|Unburden|FakeOut,CloseCombat,DireClaw,Protect|Adamant||F|||50|]Gardevoir||Gardevoirite|Trace|HyperVoice,Psychic,TrickRoom,Protect|Modest||M|||50|
|inactive|Battle timer is ON: inactive players will automatically lose when time's up. (requested by Pokecraft15)
|inactive|magicalarcher57 also wants the timer to be on.
|c|ŌśåPokecraft15|glhf
|c|ŌśåPokecraft15|oh damn
|inactive|Pokecraft15 has 60 seconds left.
|inactive|magicalarcher57 has 60 seconds left.
|c|ŌśåPokecraft15|could you pause timer for a sec
|inactive|magicalarcher57 no longer wants the timer on, but the timer is staying on because pokecraft15 still does.
|inactiveoff|Battle timer is now OFF.
|c|Ōśåmagicalarcher57|lol
|c|ŌśåPokecraft15|lol indeed
|c|ŌśåPokecraft15|i need to turn that setting off lmao
|c|ŌśåPokecraft15|i actually had wanted to battle you for a while no so this is pretty funny
|c|ŌśåPokecraft15|*now
|c|ŌśåPokecraft15|why vanniluxe tho lmao
|c|ŌśåPokecraft15|is that fros counter?
|
|t:|1784743653
|teamsize|p1|4
|teamsize|p2|4
|start
|switch|p1a: Aerodactyl|Aerodactyl, L50, M|100/100
|switch|p1b: Incineroar|Incineroar, L50, F|100/100
|switch|p2a: Vanilluxe|Vanilluxe, L50, M|100/100
|switch|p2b: Aerodactyl|Aerodactyl, L50, M|100/100
|-ability|p1a: Aerodactyl|Unnerve
|-ability|p2b: Aerodactyl|Unnerve
|-weather|Snowscape|[from] ability: Snow Warning|[of] p2a: Vanilluxe
|-ability|p1b: Incineroar|Intimidate|boost
|-unboost|p2a: Vanilluxe|atk|1
|-unboost|p2b: Aerodactyl|atk|1
|turn|1
|c|Ōśåmagicalarcher57|its more
|c|Ōśåmagicalarcher57|compression fix slot
|c|ŌśåPokecraft15|speed control too
|
|t:|1784743693
|detailschange|p2b: Aerodactyl|Aerodactyl-Mega, L50, M
|-mega|p2b: Aerodactyl|Aerodactyl|Aerodactylite
|move|p1b: Incineroar|Fake Out|p2b: Aerodactyl
|-resisted|p2b: Aerodactyl|1
|-damage|p2b: Aerodactyl|90/100
|cant|p2b: Aerodactyl|flinch
|move|p1a: Aerodactyl|Rock Slide|p2b: Aerodactyl|[spread] p2b
|-miss|p1a: Aerodactyl|p2a: Vanilluxe
|-supereffective|p2b: Aerodactyl|1
|-crit|p2b: Aerodactyl
|-damage|p2b: Aerodactyl|0 fnt
|faint|p2b: Aerodactyl
|move|p2a: Vanilluxe|Weather Ball|p1a: Aerodactyl
|-supereffective|p1a: Aerodactyl|1
|-enditem|p1a: Aerodactyl|Focus Sash
|-damage|p1a: Aerodactyl|1/100
|
|-weather|Snowscape|[upkeep]
|upkeep
|
|t:|1784743699
|switch|p2b: Sneasler|Sneasler, L50, F|100/100
|turn|2
|
|t:|1784743720
|switch|p1a: Blizz|Froslass, L50, F|100/100
|move|p2b: Sneasler|Fake Out|p1b: Incineroar
|-damage|p1b: Incineroar|85/100
|move|p2a: Vanilluxe|Weather Ball|p1a: Blizz|[miss]
|-miss|p2a: Vanilluxe|p1a: Blizz
|cant|p1b: Incineroar|flinch
|
|-weather|Snowscape|[upkeep]
|upkeep
|turn|3
|c|ŌśåPokecraft15|snoak cloak baby
|j| mynamegrassgreen
|
|t:|1784743753
|switch|p2a: Kingambit|Kingambit, L50, F|100/100
|move|p1a: Blizz|Protect|p1a: Blizz
|-singleturn|p1a: Blizz|Protect
|move|p2b: Sneasler|Close Combat|p1b: Incineroar
|-supereffective|p1b: Incineroar|1
|-enditem|p1b: Incineroar|Chople Berry|[eat]
|-enditem|p1b: Incineroar|Chople Berry|[weaken]
|-damage|p1b: Incineroar|18/100
|-unboost|p2b: Sneasler|def|1
|-unboost|p2b: Sneasler|spd|1
|move|p1b: Incineroar|Flare Blitz|p2a: Kingambit
|-supereffective|p2a: Kingambit|1
|-damage|p2a: Kingambit|9/100
|-damage|p1b: Incineroar|0 fnt|[from] Recoil
|faint|p1b: Incineroar
|
|-weather|Snowscape|[upkeep]
|upkeep
|
|t:|1784743778
|switch|p1b: Sneasler|Sneasler, L50, M|100/100
|turn|4
|j| legionpoggers
|
|t:|1784743788
|detailschange|p1a: Blizz|Froslass-Mega, L50, F
|-mega|p1a: Blizz|Froslass|Froslassite
|move|p2a: Kingambit|Protect|p2a: Kingambit
|-singleturn|p2a: Kingambit|Protect
|move|p1b: Sneasler|Fake Out|p2b: Sneasler
|-damage|p2b: Sneasler|57/100
|cant|p2b: Sneasler|flinch
|move|p1a: Blizz|Blizzard|p2b: Sneasler|[spread] p2b
|-activate|p2a: Kingambit|move: Protect
|-damage|p2b: Sneasler|0 fnt
|faint|p2b: Sneasler
|
|-weather|Snowscape|[upkeep]
|upkeep
|
|t:|1784743794
|switch|p2b: Vanilluxe|Vanilluxe, L50, M|100/100
|turn|5
|
|t:|1784743816
|switch|p1a: Aerodactyl|Aerodactyl, L50, M|1/100
|-ability|p1a: Aerodactyl|Unnerve
|move|p2a: Kingambit|Sucker Punch|p1b: Sneasler
|-resisted|p1b: Sneasler|1
|-damage|p1b: Sneasler|59/100
|move|p2b: Vanilluxe|Weather Ball|p1b: Sneasler
|-damage|p1b: Sneasler|0 fnt
|faint|p1b: Sneasler
|
|-weather|none
|upkeep
|
|t:|1784743824
|switch|p1b: Blizz|Froslass-Mega, L50, F|100/100
|-weather|Snowscape|[from] ability: Snow Warning|[of] p1b: Blizz
|turn|6
|l| legionpoggers
|
|t:|1784743837
|move|p2a: Kingambit|Sucker Punch|p1b: Blizz
|-supereffective|p1b: Blizz|1
|-damage|p1b: Blizz|8/100
|move|p1a: Aerodactyl|Rock Slide|p2b: Vanilluxe|[spread] p2a,p2b
|-resisted|p2a: Kingambit|1
|-supereffective|p2b: Vanilluxe|1
|-damage|p2a: Kingambit|1/100
|-damage|p2b: Vanilluxe|55/100
|move|p2b: Vanilluxe|Weather Ball|p1a: Aerodactyl
|-supereffective|p1a: Aerodactyl|1
|-damage|p1a: Aerodactyl|0 fnt
|faint|p1a: Aerodactyl
|move|p1b: Blizz|Blizzard|p2b: Vanilluxe|[spread] p2a,p2b
|-resisted|p2a: Kingambit|1
|-resisted|p2b: Vanilluxe|1
|-damage|p2a: Kingambit|0 fnt
|-damage|p2b: Vanilluxe|26/100
|faint|p2a: Kingambit
|
|-weather|Snowscape|[upkeep]
|upkeep
|turn|7
|c|ŌśåPokecraft15|ggwp
|c|Ōśåmagicalarcher57|ggwp
|
|t:|1784743848
|move|p2b: Vanilluxe|Weather Ball|p1b: Blizz
|-resisted|p1b: Blizz|1
|-damage|p1b: Blizz|0 fnt
|faint|p1b: Blizz
|
|win|magicalarcher57
||magicalarcher57 is ready for game 2.
||Pokecraft15 is ready for game 2.
|uhtml|next|Next: Game 2 of 3
|l|Ōśåmagicalarcher57
|player|p2|
|l|ŌśåPokecraft15
|player|p1|
|l| mynamegrassgreen
|j|ŌśåPokecraft15
|player|p1|Pokecraft15|hilbert-wonderlauncher|
