|j|☆Trinton07
|j|☆p1ch1pichi
|html|Trinton07p1ch1pichi    
|uhtml|bestof|Game 1 of a best-of-3
|t:|1784651214
|gametype|doubles
|player|p1|Trinton07|265|1183
|player|p2|p1ch1pichi|n|1166
|gen|9
|tier|[Gen 9 Champions] VGC 2026 Reg M-B (Bo3)
|rated|
|rule|Species Clause: Limit one of each Pokémon
|rule|Item Clause: Limit 1 of each item
|clearpoke
|poke|p1|Charizard, L50, M|
|poke|p1|Pelipper, L50, F|
|poke|p1|Venusaur, L50, M|
|poke|p1|Archaludon, L50, F|
|poke|p1|Grimmsnarl, L50, M|
|poke|p1|Basculegion, L50, M|
|poke|p2|Staraptor, L50, F|
|poke|p2|Whimsicott, L50, F|
|poke|p2|Garchomp, L50, F|
|poke|p2|Gholdengo, L50|
|poke|p2|Typhlosion-Hisui, L50, M|
|poke|p2|Milotic, L50, F|
|teampreview|4
|showteam|p1|Charizard||CharizarditeY|Blaze|HeatWave,WeatherBall,SolarBeam,Protect|Modest||M|||50|]Pelipper||SitrusBerry|Drizzle|Hurricane,WeatherBall,WideGuard,Tailwind|Modest||F|||50|]Venusaur||FocusSash|Chlorophyll|SleepPowder,SludgeBomb,LeafStorm,Protect|Modest||M|||50|]Archaludon||Leftovers|Stamina|FlashCannon,DragonPulse,ElectroShot,Protect|Calm||F|||50|]Grimmsnarl||LightClay|Prankster|SpiritBreak,Reflect,LightScreen,PartingShot|Careful||M|||50|]Basculegion||ChoiceScarf|Adaptability|WaveCrash,LastRespects,FlipTurn,AquaJet|Jolly||M|||50|
|showteam|p2|Staraptor||Staraptite|Intimidate|BraveBird,CloseCombat,Roost,Protect|Jolly||F|||50|]Whimsicott||FocusSash|Prankster|Charm,Tailwind,Moonblast,WorrySeed|Timid||F|||50|]Garchomp||LifeOrb|RoughSkin|DragonClaw,StompingTantrum,RockSlide,Protect|Jolly||F|||50|]Gholdengo||WhiteHerb|GoodasGold|MakeItRain,ShadowBall,PowerGem,Protect|Modest|||||50|]Typhlosion-Hisui||ChoiceScarf|Frisk|Eruption,HeatWave,BurnUp,ShadowBall|Modest||M|||50|]Milotic||Leftovers|Competitive|Protect,Coil,Hypnosis,MuddyWater|Calm||F|||50|
|inactive|Battle timer is ON: inactive players will automatically lose when time's up. (requested by p1ch1pichi)
|inactive|Trinton07 has 60 seconds left.
|
|t:|1784651252
|teamsize|p1|4
|teamsize|p2|4
|start
|switch|p1a: Charizard|Charizard, L50, M|100/100
|switch|p1b: Grimmsnarl|Grimmsnarl, L50, M|100/100
|switch|p2a: Typhlosion|Typhlosion-Hisui, L50, M|100/100
|switch|p2b: Whimsicott|Whimsicott, L50, F|100/100
|-item|p1a: Charizard|Charizardite Y|[from] ability: Frisk|[of] p2a: Typhlosion
|-item|p1b: Grimmsnarl|Light Clay|[from] ability: Frisk|[of] p2a: Typhlosion
|turn|1
|inactive|Trinton07 has 30 seconds left.
|inactive|p1ch1pichi has 30 seconds left.
|
|t:|1784651283
|detailschange|p1a: Charizard|Charizard-Mega-Y, L50, M
|-mega|p1a: Charizard|Charizard|Charizardite Y
|-weather|SunnyDay|[from] ability: Drought|[of] p1a: Charizard
|move|p1b: Grimmsnarl|Parting Shot|p2a: Typhlosion
|-unboost|p2a: Typhlosion|atk|1
|-unboost|p2a: Typhlosion|spa|1
|
|t:|1784651289
|switch|p1b: Pelipper|Pelipper, L50, F|100/100|[from] Parting Shot
|-weather|RainDance|[from] ability: Drizzle|[of] p1b: Pelipper
|move|p2a: Typhlosion|Eruption|p1b: Pelipper|[spread] p1a,p1b
|-resisted|p1a: Charizard|1
|-resisted|p1b: Pelipper|1
|-damage|p1a: Charizard|91/100
|-damage|p1b: Pelipper|89/100
|move|p2b: Whimsicott|Moonblast|p1b: Pelipper
|-damage|p1b: Pelipper|44/100
|-enditem|p1b: Pelipper|Sitrus Berry|[eat]
|-heal|p1b: Pelipper|68/100|[from] item: Sitrus Berry
|move|p1a: Charizard|Weather Ball|p2a: Typhlosion
|-supereffective|p2a: Typhlosion|1
|-damage|p2a: Typhlosion|0 fnt
|faint|p2a: Typhlosion
|
|-weather|RainDance|[upkeep]
|upkeep
|
|t:|1784651309
|switch|p2a: Garchomp|Garchomp, L50, F|100/100
|turn|2
|
|t:|1784651325
|move|p2b: Whimsicott|Tailwind|p2b: Whimsicott
|-sidestart|p2: p1ch1pichi|move: Tailwind
|move|p2a: Garchomp|Rock Slide|p1b: Pelipper|[spread] p1a,p1b
|-supereffective|p1a: Charizard|2
|-supereffective|p1b: Pelipper|1
|-damage|p1a: Charizard|0 fnt
|-damage|p1b: Pelipper|12/100
|faint|p1a: Charizard
|-damage|p2a: Garchomp|90/100|[from] item: Life Orb
|cant|p1b: Pelipper|flinch
|
|-weather|RainDance|[upkeep]
|upkeep
|
|t:|1784651339
|switch|p1a: Basculegion|Basculegion, L50, M|100/100
|turn|3
|
|t:|1784651348
|move|p2b: Whimsicott|Charm|p1a: Basculegion
|-unboost|p1a: Basculegion|atk|2
|move|p2a: Garchomp|Rock Slide|p1b: Pelipper|[spread] p1b
|-miss|p2a: Garchomp|p1a: Basculegion
|-supereffective|p1b: Pelipper|1
|-damage|p1b: Pelipper|0 fnt
|faint|p1b: Pelipper
|-damage|p2a: Garchomp|80/100|[from] item: Life Orb
|move|p1a: Basculegion|Wave Crash|p2a: Garchomp
|-damage|p2a: Garchomp|30/100
|-damage|p1a: Basculegion|87/100|[from] ability: Rough Skin|[of] p2a: Garchomp
|-damage|p1a: Basculegion|72/100|[from] Recoil
|
|-weather|RainDance|[upkeep]
|upkeep
|
|t:|1784651365
|switch|p1b: Grimmsnarl|Grimmsnarl, L50, M|100/100
|turn|4
|
|t:|1784651379
|move|p2a: Garchomp|Protect|p2a: Garchomp
|-singleturn|p2a: Garchomp|Protect
|move|p2b: Whimsicott|Worry Seed|p1a: Basculegion
|-ability|p1a: Basculegion|Insomnia|Adaptability|[from] move: Worry Seed
|move|p1a: Basculegion|Wave Crash|p2b: Whimsicott
|-resisted|p2b: Whimsicott|1
|-damage|p2b: Whimsicott|69/100
|-damage|p1a: Basculegion|65/100|[from] Recoil
|move|p1b: Grimmsnarl|Spirit Break|p2a: Garchomp
|-activate|p2a: Garchomp|move: Protect
|
|-weather|RainDance|[upkeep]
|upkeep
|turn|5
|
|t:|1784651396
|move|p2b: Whimsicott|Charm|p1a: Basculegion
|-unboost|p1a: Basculegion|atk|2
|move|p2a: Garchomp|Rock Slide|p1a: Basculegion|[spread] p1a,p1b
|-damage|p1a: Basculegion|38/100
|-damage|p1b: Grimmsnarl|71/100
|-damage|p2a: Garchomp|20/100y|[from] item: Life Orb
|move|p1a: Basculegion|Wave Crash|p2b: Whimsicott
|-resisted|p2b: Whimsicott|1
|-damage|p2b: Whimsicott|51/100
|-damage|p1a: Basculegion|34/100|[from] Recoil
|cant|p1b: Grimmsnarl|flinch
|
|-weather|none
|-sideend|p2: p1ch1pichi|move: Tailwind
|upkeep
|turn|6
|
|t:|1784651413
|move|p1a: Basculegion|Wave Crash|p2b: Whimsicott
|-resisted|p2b: Whimsicott|1
|-damage|p2b: Whimsicott|37/100
|-damage|p1a: Basculegion|31/100|[from] Recoil
|move|p2b: Whimsicott|Moonblast|p1b: Grimmsnarl
|-supereffective|p1b: Grimmsnarl|1
|-crit|p1b: Grimmsnarl
|-damage|p1b: Grimmsnarl|0 fnt
|faint|p1b: Grimmsnarl
|move|p2a: Garchomp|Rock Slide|p1a: Basculegion
|-damage|p1a: Basculegion|0 fnt
|faint|p1a: Basculegion
|-damage|p2a: Garchomp|10/100|[from] item: Life Orb
|
|win|p1ch1pichi
|inactive|Trinton07 has 29 seconds to confirm battle start!
|inactive|p1ch1pichi has 29 seconds to confirm battle start!
||p1ch1pichi is ready for game 2.
||Trinton07 is ready for game 2.
|uhtml|next|Next: Game 2 of 3
|l|☆Trinton07
|player|p1|
