|j|☆Bread2468
|j|☆ddx9000
|html|Bread2468ddx9000    
|uhtml|bestof|Game 2 of a best-of-3
|t:|1757648167
|gametype|doubles
|player|p1|Bread2468|170|1338
|player|p2|ddx9000|elesa|1220
|gen|9
|tier|[Gen 9] VGC 2025 Reg H (Bo3)
|rated|
|rule|Species Clause: Limit one of each Pokémon
|rule|Item Clause: Limit 1 of each item
|clearpoke
|poke|p1|Gholdengo, L50|
|poke|p1|Sneasler, L50, M|
|poke|p1|Incineroar, L50, M|
|poke|p1|Amoonguss, L50, F|
|poke|p1|Dragonite, L50, M|
|poke|p1|Ursaluna-Bloodmoon, L50, M|
|poke|p2|Porygon2, L50|
|poke|p2|Incineroar, L50, M|
|poke|p2|Ursaluna, L50, F|
|poke|p2|Amoonguss, L50, M|
|poke|p2|Gholdengo, L50|
|poke|p2|Dragonite, L50, F|
|teampreview|4
|showteam|p1|Gholdengo||LifeOrb|GoodasGold|MakeItRain,ShadowBall,NastyPlot,Protect||||||50|,,,,,Water]Sneasler||FocusSash|PoisonTouch|ThroatChop,CloseCombat,DireClaw,Protect|||M|||50|,,,,,Stellar]Incineroar||SafetyGoggles|Intimidate|FakeOut,FlareBlitz,KnockOff,PartingShot|||M|||50|,,,,,Ghost]Amoonguss||SitrusBerry|Regenerator|Spore,RagePowder,SludgeBomb,Protect|||F|||50|,,,,,Water]Dragonite||LoadedDice|Multiscale|ScaleShot,Haze,Tailwind,Protect|||M|||50|,,,,,Fairy]Ursaluna-Bloodmoon||AssaultVest|MindsEye|HyperVoice,BloodMoon,EarthPower,VacuumWave|||M|||50|,,,,,Normal
|showteam|p2|Porygon2||Eviolite|Download|TeraBlast,IceBeam,Recover,TrickRoom||||||50|,,,,,Fighting]Incineroar||SafetyGoggles|Intimidate|FakeOut,KnockOff,FlareBlitz,PartingShot|||M|||50|,,,,,Ghost]Ursaluna||FlameOrb|Guts|HeadlongRush,Facade,Earthquake,Protect|||F|||50|,,,,,Ghost]Amoonguss||SitrusBerry|Regenerator|PollenPuff,Spore,RagePowder,Protect|||M|||50|,,,,,Water]Gholdengo||LifeOrb|GoodasGold|MakeItRain,ShadowBall,NastyPlot,Protect||||||50|,,,,,Water]Dragonite||LoadedDice|Multiscale|ScaleShot,Haze,Tailwind,Protect|||F|||50|,,,,,Steel
|inactive|Battle timer is ON: inactive players will automatically lose when time's up. (requested by Bread2468)
|inactive|Bread2468 has 60 seconds left.
|
|t:|1757648198
|teamsize|p1|4
|teamsize|p2|4
|start
|switch|p1a: Incineroar|Incineroar, L50, M|100/100
|switch|p1b: Ursaluna|Ursaluna-Bloodmoon, L50, M|100/100
|switch|p2a: Dragonite|Dragonite, L50, F|100/100
|switch|p2b: Incineroar|Incineroar, L50, M|100/100
|-ability|p2b: Incineroar|Intimidate|boost
|-unboost|p1a: Incineroar|atk|1
|-unboost|p1b: Ursaluna|atk|1
|-ability|p1a: Incineroar|Intimidate|boost
|-unboost|p2a: Dragonite|atk|1
|-unboost|p2b: Incineroar|atk|1
|turn|1
|
|t:|1757648208
|switch|p2a: Gholdengo|Gholdengo, L50|100/100
|switch|p1b: Gholdengo|Gholdengo, L50|100/100
|move|p2b: Incineroar|Fake Out|p1b: Gholdengo
|-immune|p1b: Gholdengo
|move|p1a: Incineroar|Fake Out|p2a: Gholdengo
|-immune|p2a: Gholdengo
|
|upkeep
|turn|2
|
|t:|1757648230
|-terastallize|p1b: Gholdengo|Water
|-terastallize|p2a: Gholdengo|Water
|move|p1b: Gholdengo|Nasty Plot|p1b: Gholdengo
|-boost|p1b: Gholdengo|spa|2
|move|p2a: Gholdengo|Shadow Ball|p1b: Gholdengo
|-damage|p1b: Gholdengo|37/100
|-damage|p2a: Gholdengo|91/100|[from] item: Life Orb
|move|p2b: Incineroar|Knock Off|p1b: Gholdengo
|-damage|p1b: Gholdengo|12/100
|-enditem|p1b: Gholdengo|Life Orb|[from] move: Knock Off|[of] p2b: Incineroar
|move|p1a: Incineroar|Knock Off|p2a: Gholdengo
|-damage|p2a: Gholdengo|63/100
|-enditem|p2a: Gholdengo|Life Orb|[from] move: Knock Off|[of] p1a: Incineroar
|
|upkeep
|turn|3
|
|t:|1757648252
|move|p2a: Gholdengo|Protect|p2a: Gholdengo
|-singleturn|p2a: Gholdengo|Protect
|move|p1b: Gholdengo|Protect|p1b: Gholdengo
|-singleturn|p1b: Gholdengo|Protect
|move|p2b: Incineroar|Parting Shot|p1a: Incineroar
|-unboost|p1a: Incineroar|atk|1
|-unboost|p1a: Incineroar|spa|1
|
|t:|1757648259
|switch|p2b: Dragonite|Dragonite, L50, F|100/100|[from] Parting Shot
|move|p1a: Incineroar|Parting Shot|p2b: Dragonite
|-unboost|p2b: Dragonite|atk|1
|-unboost|p2b: Dragonite|spa|1
|
|t:|1757648264
|switch|p1a: Sneasler|Sneasler, L50, M|100/100|[from] Parting Shot
|
|upkeep
|turn|4
|
|t:|1757648274
|switch|p2b: Incineroar|Incineroar, L50, M|100/100
|-ability|p2b: Incineroar|Intimidate|boost
|-unboost|p1a: Sneasler|atk|1
|-unboost|p1b: Gholdengo|atk|1
|move|p1a: Sneasler|Close Combat|p2a: Gholdengo
|-damage|p2a: Gholdengo|17/100
|-unboost|p1a: Sneasler|def|1
|-unboost|p1a: Sneasler|spd|1
|move|p1b: Gholdengo|Make It Rain|p2b: Incineroar|[spread] p2a,p2b
|-resisted|p2a: Gholdengo
|-resisted|p2b: Incineroar
|-damage|p2a: Gholdengo|0 fnt
|-damage|p2b: Incineroar|64/100
|-unboost|p1b: Gholdengo|spa|1
|faint|p2a: Gholdengo
|
|upkeep
|
|t:|1757648286
|switch|p2a: Dragonite|Dragonite, L50, F|100/100
|turn|5
|
|t:|1757648293
|switch|p1a: Incineroar|Incineroar, L50, M|100/100
|-ability|p1a: Incineroar|Intimidate|boost
|-unboost|p2a: Dragonite|atk|1
|-unboost|p2b: Incineroar|atk|1
|move|p2b: Incineroar|Fake Out|p1b: Gholdengo
|-damage|p1b: Gholdengo|4/100
|cant|p1b: Gholdengo|flinch
|move|p2a: Dragonite|Tailwind|p2a: Dragonite
|-sidestart|p2: ddx9000|move: Tailwind
|
|upkeep
|turn|6
|
|t:|1757648314
|move|p2a: Dragonite|Protect|p2a: Dragonite
|-singleturn|p2a: Dragonite|Protect
|move|p1a: Incineroar|Fake Out|p2a: Dragonite
|-activate|p2a: Dragonite|move: Protect
|move|p2b: Incineroar|Knock Off|p1b: Gholdengo
|-damage|p1b: Gholdengo|0 fnt
|faint|p1b: Gholdengo
|
|upkeep
|
|t:|1757648321
|switch|p1b: Ursaluna|Ursaluna-Bloodmoon, L50, M|100/100
|turn|7
|
|t:|1757648340
|move|p2a: Dragonite|Scale Shot|p1b: Ursaluna
|-damage|p1b: Ursaluna|92/100
|-damage|p1b: Ursaluna|83/100
|-damage|p1b: Ursaluna|74/100
|-damage|p1b: Ursaluna|66/100
|-hitcount|p1b: Ursaluna|4
|-unboost|p2a: Dragonite|def|1
|-boost|p2a: Dragonite|spe|1
|move|p2b: Incineroar|Parting Shot|p1b: Ursaluna
|-unboost|p1b: Ursaluna|atk|1
|-unboost|p1b: Ursaluna|spa|1
|
|t:|1757648350
|switch|p2b: Ursaluna|Ursaluna, L50, F|100/100|[from] Parting Shot
|move|p1b: Ursaluna|Earth Power|p2b: Ursaluna
|-damage|p2b: Ursaluna|66/100
|move|p1a: Incineroar|Knock Off|p2a: Dragonite
|-damage|p2a: Dragonite|68/100
|-enditem|p2a: Dragonite|Loaded Dice|[from] move: Knock Off|[of] p1a: Incineroar
|
|-status|p2b: Ursaluna|brn|[from] item: Flame Orb
|upkeep
|turn|8
|
|t:|1757648373
|move|p2a: Dragonite|Scale Shot|p1b: Ursaluna
|-damage|p1b: Ursaluna|58/100
|-damage|p1b: Ursaluna|49/100
|-hitcount|p1b: Ursaluna|2
|-unboost|p2a: Dragonite|def|1
|-boost|p2a: Dragonite|spe|1
|move|p2b: Ursaluna|Earthquake|p1b: Ursaluna|[spread] p1a,p1b
|-immune|p2a: Dragonite
|-supereffective|p1a: Incineroar
|-damage|p1a: Incineroar|0 fnt
|-damage|p1b: Ursaluna|0 fnt
|faint|p1a: Incineroar
|faint|p1b: Ursaluna
|
|-damage|p2b: Ursaluna|60/100 brn|[from] brn
|-sideend|p2: ddx9000|move: Tailwind
|upkeep
|
|t:|1757648380
|switch|p1b: Sneasler|Sneasler, L50, M|100/100
|turn|9
|
|t:|1757648387
|switch|p2a: Incineroar|Incineroar, L50, M|64/100
|-ability|p2a: Incineroar|Intimidate|boost
|-unboost|p1b: Sneasler|atk|1
|move|p2b: Ursaluna|Protect|p2b: Ursaluna
|-singleturn|p2b: Ursaluna|Protect
|move|p1b: Sneasler|Dire Claw|p2a: Incineroar
|-damage|p2a: Incineroar|39/100
|-status|p2a: Incineroar|psn
|
|-damage|p2a: Incineroar|27/100 psn|[from] psn
|-damage|p2b: Ursaluna|54/100 brn|[from] brn
|upkeep
|turn|10
|
|t:|1757648398
|switch|p2b: Dragonite|Dragonite, L50, F|68/100
|move|p1b: Sneasler|Protect|p1b: Sneasler
|-singleturn|p1b: Sneasler|Protect
|move|p2a: Incineroar|Fake Out|p1b: Sneasler
|-activate|p1b: Sneasler|move: Protect
|
|-damage|p2a: Incineroar|14/100 psn|[from] psn
|upkeep
|turn|11
|
|t:|1757648404
|move|p1b: Sneasler|Dire Claw|p2b: Dragonite
|-damage|p2b: Dragonite|37/100
|-status|p2b: Dragonite|psn
|move|p2b: Dragonite|Tailwind|p2b: Dragonite
|-sidestart|p2: ddx9000|move: Tailwind
|move|p2a: Incineroar|Flare Blitz|p1b: Sneasler
|-damage|p1b: Sneasler|27/100
|-damage|p2a: Incineroar|0 fnt|[from] Recoil
|faint|p2a: Incineroar
|
|-damage|p2b: Dragonite|25/100 psn|[from] psn
|upkeep
|
|t:|1757648413
|switch|p2a: Ursaluna|Ursaluna, L50, F|54/100 brn
|turn|12
|
|t:|1757648419
|move|p1b: Sneasler|Protect|p1b: Sneasler
|-singleturn|p1b: Sneasler|Protect
|move|p2b: Dragonite|Scale Shot|p1b: Sneasler
|-activate|p1b: Sneasler|move: Protect
|move|p2a: Ursaluna|Facade|p1b: Sneasler
|-activate|p1b: Sneasler|move: Protect
|
|-damage|p2b: Dragonite|13/100 psn|[from] psn
|-damage|p2a: Ursaluna|48/100 brn|[from] brn
|upkeep
|turn|13
|
|t:|1757648429
|move|p1b: Sneasler|Protect||[still]
|-fail|p1b: Sneasler
|move|p2b: Dragonite|Scale Shot|p1b: Sneasler
|-damage|p1b: Sneasler|0 fnt
|faint|p1b: Sneasler
|-hitcount|p1: Sneasler|1
|
|win|ddx9000
|raw|Bread2468's rating: 1338 → 1311(-27 for losing)
|raw|ddx9000's rating: 1220 → 1253(+33 for winning)
|l|☆Bread2468
|player|p1|
