|j|☆hexagonfoot
|j|☆Tokidogi
|html|hexagonfootTokidogi    
|uhtml|bestof|Game 1 of a best-of-3
|t:|1756447831
|gametype|doubles
|player|p1|hexagonfoot|caitlin|1194
|player|p2|Tokidogi|miku-water|1101
|gen|9
|tier|[Gen 9] VGC 2025 Reg H (Bo3)
|rated|
|rule|Species Clause: Limit one of each Pokémon
|rule|Item Clause: Limit 1 of each item
|clearpoke
|poke|p1|Kingambit, L50, M|
|poke|p1|Primarina, L50, M|
|poke|p1|Sneasler, L50, F|
|poke|p1|Magmar, L50, M|
|poke|p1|Rillaboom, L50, M|
|poke|p1|Dragapult, L50, M|
|poke|p2|Archaludon, L50, M|
|poke|p2|Politoed, L50, M|
|poke|p2|Gholdengo, L50|
|poke|p2|Electrode-Hisui, L50|
|poke|p2|Rillaboom, L50, M|
|poke|p2|Salamence, L50, F|
|teampreview|4
|showteam|p1|Kingambit||BlackGlasses|Defiant|KowtowCleave,SuckerPunch,SwordsDance,Protect|||M|||50|,,,,,Ghost]Primarina||SitrusBerry|LiquidVoice|HyperVoice,Moonblast,Haze,Protect|||M|||50|,,,,,Water]Sneasler||FocusSash|PoisonTouch|CloseCombat,DireClaw,FakeOut,Protect|||F|||50|,,,,,Stellar]Magmar||Eviolite|VitalSpirit|Overheat,WillOWisp,FollowMe,Protect|||M|||50|,,,,,Ghost]Rillaboom||AssaultVest|GrassySurge|WoodHammer,GrassyGlide,HighHorsepower,FakeOut|||M|||50|,,,,,Fire]Dragapult||ChoiceBand|ClearBody|DragonDarts,PhantomForce,TeraBlast,Uturn|||M|||50|,,,,,Ghost
|showteam|p2|Archaludon||AssaultVest|Stamina|ElectroShot,DracoMeteor,Snarl,BodyPress|||M|||50|,,,,,Grass]Politoed||SitrusBerry|Drizzle|Protect,Encore,PerishSong,WeatherBall|||M|||50|,,,,,Grass]Gholdengo||Leftovers|GoodasGold|Protect,NastyPlot,MakeItRain,ShadowBall||||||50|,,,,,Dragon]Electrode-Hisui||FocusSash|Soundproof|Protect,Electroweb,Thunder,GrassKnot||||||50|,,,,,Ghost]Rillaboom||MiracleSeed|GrassySurge|Protect,FakeOut,GrassyGlide,Uturn|||M|||50|,,,,,Ghost]Salamence||LifeOrb|Intimidate|Protect,Hurricane,DracoMeteor,TeraBlast|||F|||50|,,,,,Stellar
|inactive|Battle timer is ON: inactive players will automatically lose when time's up. (requested by hexagonfoot)
|inactive|Tokidogi has 60 seconds left.
|
|t:|1756447874
|teamsize|p1|4
|teamsize|p2|4
|start
|switch|p1a: Kingambit|Kingambit, L50, M|100/100
|switch|p1b: Dragapult|Dragapult, L50, M|100/100
|switch|p2a: Electrode|Electrode-Hisui, L50, shiny|100/100
|switch|p2b: Archaludon|Archaludon, L50, M, shiny|100/100
|turn|1
|inactive|hexagonfoot has 30 seconds left.
|inactive|hexagonfoot has 20 seconds left.
|
|t:|1756447914
|move|p2a: Electrode|Thunder|p1a: Kingambit
|-damage|p1a: Kingambit|63/100
|move|p1b: Dragapult|Dragon Darts|p2a: Electrode
|-damage|p2a: Electrode|29/100
|-anim|p1b: Dragapult|Dragon Darts|p2b: Archaludon
|-damage|p2b: Archaludon|72/100
|-ability|p2b: Archaludon|Stamina|boost
|-boost|p2b: Archaludon|def|1
|move|p2b: Archaludon|Draco Meteor|p1b: Dragapult
|-supereffective|p1b: Dragapult
|-damage|p1b: Dragapult|0 fnt
|-unboost|p2b: Archaludon|spa|2
|faint|p1b: Dragapult
|move|p1a: Kingambit|Kowtow Cleave|p2b: Archaludon
|-damage|p2b: Archaludon|43/100
|-ability|p2b: Archaludon|Stamina|boost
|-boost|p2b: Archaludon|def|1
|
|upkeep
|
|t:|1756447933
|switch|p1b: Sneasler|Sneasler, L50, F|100/100
|turn|2
|inactive|Tokidogi has 30 seconds left.
|
|t:|1756447960
|-terastallize|p1b: Sneasler|Stellar
|-terastallize|p2b: Archaludon|Grass
|move|p1a: Kingambit|Sucker Punch|p2a: Electrode
|-damage|p2a: Electrode|0 fnt
|faint|p2a: Electrode
|move|p1b: Sneasler|Close Combat|p2b: Archaludon
|-damage|p2b: Archaludon|12/100
|-unboost|p1b: Sneasler|def|1
|-unboost|p1b: Sneasler|spd|1
|-ability|p2b: Archaludon|Stamina|boost
|-boost|p2b: Archaludon|def|1
|-status|p2b: Archaludon|psn|[from] ability: Poison Touch|[of] p1b: Sneasler
|move|p2b: Archaludon|Body Press|p1a: Kingambit
|-supereffective|p1a: Kingambit
|-damage|p1a: Kingambit|0 fnt
|faint|p1a: Kingambit
|
|-damage|p2b: Archaludon|0 fnt|[from] psn
|faint|p2b: Archaludon
|upkeep
|
|t:|1756447979
|switch|p2a: Politoed|Politoed, L50, M, shiny|100/100
|switch|p2b: Salamence|Salamence, L50, F|100/100
|switch|p1a: Rillaboom|Rillaboom, L50, M|100/100
|-ability|p2b: Salamence|Intimidate|boost
|-unboost|p1a: Rillaboom|atk|1
|-unboost|p1b: Sneasler|atk|1
|-fieldstart|move: Grassy Terrain|[from] ability: Grassy Surge|[of] p1a: Rillaboom
|-weather|RainDance|[from] ability: Drizzle|[of] p2a: Politoed
|turn|3
|
|t:|1756447999
|move|p1a: Rillaboom|Fake Out|p2a: Politoed
|-damage|p2a: Politoed|89/100
|move|p1b: Sneasler|Dire Claw|p2b: Salamence
|-damage|p2b: Salamence|54/100
|-status|p2b: Salamence|psn
|move|p2b: Salamence|Hurricane|p1a: Rillaboom
|-supereffective|p1a: Rillaboom
|-damage|p1a: Rillaboom|4/100
|-damage|p2b: Salamence|44/100 psn|[from] item: Life Orb
|cant|p2a: Politoed|flinch
|
|-weather|RainDance|[upkeep]
|-heal|p1a: Rillaboom|10/100|[from] Grassy Terrain
|-heal|p2a: Politoed|95/100|[from] Grassy Terrain
|-damage|p2b: Salamence|31/100 psn|[from] psn
|upkeep
|turn|4
|
|t:|1756448016
|move|p2b: Salamence|Protect|p2b: Salamence
|-singleturn|p2b: Salamence|Protect
|move|p1a: Rillaboom|Grassy Glide|p2a: Politoed
|-supereffective|p2a: Politoed
|-damage|p2a: Politoed|41/100
|-enditem|p2a: Politoed|Sitrus Berry|[eat]
|-heal|p2a: Politoed|65/100|[from] item: Sitrus Berry
|move|p1b: Sneasler|Dire Claw|p2b: Salamence
|-activate|p2b: Salamence|move: Protect
|move|p2a: Politoed|Perish Song|p2a: Politoed
|-start|p1a: Rillaboom|perish3|[silent]
|-start|p1b: Sneasler|perish3|[silent]
|-start|p2a: Politoed|perish3|[silent]
|-start|p2b: Salamence|perish3|[silent]
|-fieldactivate|move: Perish Song
|
|-weather|RainDance|[upkeep]
|-heal|p1a: Rillaboom|16/100|[from] Grassy Terrain
|-heal|p2a: Politoed|72/100|[from] Grassy Terrain
|-damage|p2b: Salamence|19/100 psn|[from] psn
|-start|p1b: Sneasler|perish3
|-start|p2b: Salamence|perish3
|-start|p1a: Rillaboom|perish3
|-start|p2a: Politoed|perish3
|upkeep
|turn|5
|
|t:|1756448041
|move|p2b: Salamence|Protect||[still]
|-fail|p2b: Salamence
|move|p1a: Rillaboom|Grassy Glide|p2a: Politoed
|-supereffective|p2a: Politoed
|-damage|p2a: Politoed|17/100
|move|p1b: Sneasler|Dire Claw|p2b: Salamence
|-damage|p2b: Salamence|0 fnt
|faint|p2b: Salamence
|move|p2a: Politoed|Weather Ball|p1a: Rillaboom
|-resisted|p1a: Rillaboom
|-damage|p1a: Rillaboom|0 fnt
|faint|p1a: Rillaboom
|
|-weather|RainDance|[upkeep]
|-heal|p2a: Politoed|23/100|[from] Grassy Terrain
|-start|p1b: Sneasler|perish2
|-start|p2a: Politoed|perish2
|upkeep
|turn|6
|
|t:|1756448054
|move|p2a: Politoed|Protect|p2a: Politoed
|-singleturn|p2a: Politoed|Protect
|move|p1b: Sneasler|Dire Claw|p2a: Politoed
|-activate|p2a: Politoed|move: Protect
|
|-weather|RainDance|[upkeep]
|-heal|p2a: Politoed|29/100|[from] Grassy Terrain
|-start|p1b: Sneasler|perish1
|-start|p2a: Politoed|perish1
|upkeep
|turn|7
|
|t:|1756448057
|move|p2a: Politoed|Protect|p2a: Politoed
|-singleturn|p2a: Politoed|Protect
|move|p1b: Sneasler|Close Combat|p2a: Politoed
|-activate|p2a: Politoed|move: Protect
|
|-weather|none
|-heal|p2a: Politoed|35/100|[from] Grassy Terrain
|-start|p1b: Sneasler|perish0
|-start|p2a: Politoed|perish0
|-fieldend|move: Grassy Terrain
|faint|p1b: Sneasler
|faint|p2a: Politoed
|
|win|Tokidogi
||hexagonfoot is ready for game 2.
||Tokidogi is ready for game 2.
|uhtml|next|Next: Game 2 of 3
