|j|☆Weridvgc
|j|☆Chknadobovgc
|html|WeridvgcChknadobovgc    
|uhtml|bestof|Game 2 of a best-of-3
|t:|1756676223
|gametype|doubles
|player|p1|Weridvgc|kieran|1223
|player|p2|Chknadobovgc|265|1192
|gen|9
|tier|[Gen 9] VGC 2025 Reg H (Bo3)
|rated|
|rule|Species Clause: Limit one of each Pokémon
|rule|Item Clause: Limit 1 of each item
|clearpoke
|poke|p1|Archaludon, L50, F|
|poke|p1|Pelipper, L50, F|
|poke|p1|Sinistcha, L50|
|poke|p1|Ursaluna, L50, F|
|poke|p1|Dragonite, L50, M|
|poke|p1|Gholdengo, L50|
|poke|p2|Indeedee, L50, M|
|poke|p2|Sneasler, L50, F|
|poke|p2|Excadrill, L50, M|
|poke|p2|Annihilape, L50, M|
|poke|p2|Corviknight, L50, F|
|poke|p2|Tyranitar, L50, M|
|teampreview|4
|showteam|p1|Archaludon||AssaultVest|Stamina|FlashCannon,BodyPress,ElectroShot,Snarl|||F|||50|,,,,,Fighting]Pelipper||FocusSash|Drizzle|Hurricane,MuddyWater,Tailwind,WideGuard|||F|||50|,,,,,Ghost]Sinistcha||SitrusBerry|Hospitality|MatchaGotcha,RagePowder,LifeDew,TrickRoom||||||50|,,,,,Dark]Ursaluna||FlameOrb|Guts|Facade,HeadlongRush,Earthquake,Protect|||F|||50|,,,,,Ghost]Dragonite||LoadedDice|Multiscale|Tailwind,Haze,ScaleShot,Protect|||M|||50|,,,,,Fairy]Gholdengo||ChoiceScarf|GoodasGold|MakeItRain,ShadowBall,TeraBlast,Trick||||||50|,,,,,Water
|showteam|p2|Indeedee||ChoiceScarf|PsychicSurge|ExpandingForce,TeraBlast,Trick,Protect|||M|||50|,,,,,Psychic]Sneasler||PsychicSeed|Unburden|CloseCombat,DireClaw,ThroatChop,Protect|||F|||50|,,,,,Dark]Excadrill||FocusSash|SandRush|Earthquake,IronHead,HighHorsepower,Protect|||M|||50|,,,,,Stellar]Annihilape||SafetyGoggles|Defiant|CloseCombat,RageFist,Taunt,FinalGambit|||M|||50|,,,,,Water]Corviknight||Leftovers|MirrorArmor|BraveBird,Tailwind,BulkUp,Roost|||F|||50|,,,,,Dragon]Tyranitar||AssaultVest|SandStream|RockSlide,KnockOff,LowKick,TeraBlast|||M|||50|,,,,,Flying
|inactive|Battle timer is ON: inactive players will automatically lose when time's up. (requested by Weridvgc)
|
|t:|1756676236
|teamsize|p1|4
|teamsize|p2|4
|start
|switch|p1a: Gholdengo|Gholdengo, L50|100/100
|switch|p1b: Archaludon|Archaludon, L50, F|100/100
|switch|p2a: Indeedee|Indeedee, L50, M|100/100
|switch|p2b: Sneasler|Sneasler, L50, F, shiny|100/100
|-fieldstart|move: Psychic Terrain|[from] ability: Psychic Surge|[of] p2a: Indeedee
|-enditem|p2b: Sneasler|Psychic Seed
|-boost|p2b: Sneasler|spd|1|[from] item: Psychic Seed
|turn|1
|inactive|Weridvgc has 30 seconds left.
|inactive|Weridvgc has 20 seconds left.
|inactive|Weridvgc has 15 seconds left.
|inactive|Weridvgc has 10 seconds left.
|inactive|Weridvgc has 5 seconds left.
|
|t:|1756676290
|move|p2b: Sneasler|Protect|p2b: Sneasler
|-singleturn|p2b: Sneasler|Protect
|move|p2a: Indeedee|Expanding Force|p1a: Gholdengo|[spread] p1a,p1b
|-resisted|p1a: Gholdengo
|-resisted|p1b: Archaludon
|-damage|p1a: Gholdengo|65/100
|-damage|p1b: Archaludon|80/100
|-ability|p1b: Archaludon|Stamina|boost
|-boost|p1b: Archaludon|def|1
|move|p1a: Gholdengo|Make It Rain|p2b: Sneasler|[spread] p2a
|-activate|p2b: Sneasler|move: Protect
|-damage|p2a: Indeedee|25/100
|-unboost|p1a: Gholdengo|spa|1
|move|p1b: Archaludon|Flash Cannon|p2b: Sneasler
|-activate|p2b: Sneasler|move: Protect
|
|upkeep
|turn|2
|
|t:|1756676307
|move|p2b: Sneasler|Throat Chop|p1a: Gholdengo
|-supereffective|p1a: Gholdengo
|-damage|p1a: Gholdengo|0 fnt
|faint|p1a: Gholdengo
|move|p2a: Indeedee|Expanding Force|p1b: Archaludon
|-resisted|p1b: Archaludon
|-damage|p1b: Archaludon|54/100
|-ability|p1b: Archaludon|Stamina|boost
|-boost|p1b: Archaludon|def|1
|move|p1b: Archaludon|Flash Cannon|p2b: Sneasler
|-crit|p2b: Sneasler
|-damage|p2b: Sneasler|36/100
|
|upkeep
|
|t:|1756676316
|switch|p1a: Sinistcha|Sinistcha, L50|100/100
|-heal|p1b: Archaludon|79/100|[from] ability: Hospitality|[of] p1a: Sinistcha
|turn|3
|
|t:|1756676340
|-terastallize|p1a: Sinistcha|Dark
|move|p2b: Sneasler|Protect|p2b: Sneasler
|-singleturn|p2b: Sneasler|Protect
|move|p2a: Indeedee|Expanding Force|p1b: Archaludon|[spread] p1b
|-immune|p1a: Sinistcha
|-resisted|p1b: Archaludon
|-damage|p1b: Archaludon|58/100
|-ability|p1b: Archaludon|Stamina|boost
|-boost|p1b: Archaludon|def|1
|move|p1b: Archaludon|Flash Cannon|p2b: Sneasler
|-activate|p2b: Sneasler|move: Protect
|move|p1a: Sinistcha|Life Dew||[still]|[spread] p1a,p1b
|-fail|p1a: Sinistcha|heal
|-heal|p1b: Archaludon|83/100
|
|upkeep
|turn|4
|
|t:|1756676358
|move|p2b: Sneasler|Close Combat|p1a: Sinistcha
|-supereffective|p1a: Sinistcha
|-damage|p1a: Sinistcha|0 fnt
|-unboost|p2b: Sneasler|def|1
|-unboost|p2b: Sneasler|spd|1
|faint|p1a: Sinistcha
|move|p2a: Indeedee|Expanding Force|p1b: Archaludon
|-resisted|p1b: Archaludon
|-damage|p1b: Archaludon|59/100
|-ability|p1b: Archaludon|Stamina|boost
|-boost|p1b: Archaludon|def|1
|move|p1b: Archaludon|Flash Cannon|p2b: Sneasler
|-damage|p2b: Sneasler|0 fnt
|faint|p2b: Sneasler
|
|upkeep
|
|t:|1756676363
|switch|p2b: Excadrill|Excadrill, L50, M|100/100
|switch|p1a: Pelipper|Pelipper, L50, F|100/100
|-weather|RainDance|[from] ability: Drizzle|[of] p1a: Pelipper
|turn|5
|
|t:|1756676389
|switch|p2a: Tyranitar|Tyranitar, L50, M, shiny|100/100
|-weather|Sandstorm|[from] ability: Sand Stream|[of] p2a: Tyranitar
|move|p2b: Excadrill|Protect|p2b: Excadrill
|-singleturn|p2b: Excadrill|Protect
|move|p1a: Pelipper|Wide Guard|p1a: Pelipper
|-singleturn|p1a: Pelipper|Wide Guard
|move|p1b: Archaludon|Body Press|p2b: Excadrill
|-activate|p2b: Excadrill|move: Protect
|
|-weather|Sandstorm|[upkeep]
|-damage|p1a: Pelipper|95/100|[from] Sandstorm
|-fieldend|move: Psychic Terrain
|upkeep
|turn|6
|
|t:|1756676406
|-terastallize|p2b: Excadrill|Stellar
|move|p2b: Excadrill|High Horsepower|p1b: Archaludon
|-supereffective|p1b: Archaludon
|-damage|p1b: Archaludon|30/100
|-ability|p1b: Archaludon|Stamina|boost
|-boost|p1b: Archaludon|def|1
|move|p1a: Pelipper|Tailwind|p1a: Pelipper
|-sidestart|p1: Weridvgc|move: Tailwind
|move|p1b: Archaludon|Body Press|p2a: Tyranitar
|-supereffective|p2a: Tyranitar
|-damage|p2a: Tyranitar|0 fnt
|faint|p2a: Tyranitar
|
|-weather|Sandstorm|[upkeep]
|-damage|p1a: Pelipper|89/100|[from] Sandstorm
|upkeep
|
|t:|1756676411
|switch|p2a: Indeedee|Indeedee, L50, M|25/100
|-fieldstart|move: Psychic Terrain|[from] ability: Psychic Surge|[of] p2a: Indeedee
|turn|7
|inactive|Chknadobovgc has 30 seconds left.
|
|t:|1756676438
|move|p2b: Excadrill|High Horsepower|p1b: Archaludon
|-supereffective|p1b: Archaludon
|-damage|p1b: Archaludon|11/100
|-ability|p1b: Archaludon|Stamina|boost
|-boost|p1b: Archaludon|def|1
|move|p1a: Pelipper|Muddy Water|p2a: Indeedee|[spread] p2a,p2b
|-supereffective|p2b: Excadrill
|-damage|p2a: Indeedee|0 fnt
|-damage|p2b: Excadrill|12/100
|faint|p2a: Indeedee
|move|p1b: Archaludon|Body Press|p2b: Excadrill
|-supereffective|p2b: Excadrill
|-damage|p2b: Excadrill|0 fnt
|faint|p2b: Excadrill
|
|win|Weridvgc
||Weridvgc is ready for game 3.
||Chknadobovgc is ready for game 3.
|uhtml|next|Next: Game 3 of 3
|l|☆Weridvgc
|player|p1|
|l|☆Chknadobovgc
|player|p2|
|j|☆Chknadobovgc
|player|p2|Chknadobovgc|265|
