|j|☆dambro222
|j|☆jussdoit
|html|dambro222jussdoit    
|uhtml|bestof|Game 1 of a best-of-3
|t:|1756811907
|gametype|doubles
|player|p1|dambro222|ethan|1153
|player|p2|jussdoit|steven|1060
|gen|9
|tier|[Gen 9] VGC 2025 Reg H (Bo3)
|rated|
|rule|Species Clause: Limit one of each Pokémon
|rule|Item Clause: Limit 1 of each item
|clearpoke
|poke|p1|Dragonite, L50, M|
|poke|p1|Volcarona, L50, F|
|poke|p1|Sneasler, L50, M|
|poke|p1|Rillaboom, L50, M|
|poke|p1|Electabuzz, L50, M|
|poke|p1|Kingambit, L50, M|
|poke|p2|Glaceon, L50, M|
|poke|p2|Ninetales-Alola, L50, F|
|poke|p2|Ceruledge, L50, F|
|poke|p2|Sneasler, L50, M|
|poke|p2|Greninja-*, L50, M|
|poke|p2|Sinistcha, L50|
|teampreview|4
|showteam|p1|Dragonite||LoadedDice|Multiscale|ScaleShot,ExtremeSpeed,Haze,Protect|||M|||50|,,,,,Fairy]Volcarona||CovertCloak|FlameBody|HeatWave,TeraBlast,QuiverDance,Protect|||F|||50|,,,,,Fairy]Sneasler||FocusSash|Unburden|CloseCombat,DireClaw,RockSlide,Protect|||M|||50|,,,,,Stellar]Rillaboom||AssaultVest|GrassySurge|WoodHammer,GrassyGlide,HighHorsepower,FakeOut|||M|||50|,,,,,Water]Electabuzz||Eviolite|VitalSpirit|Electroweb,FollowMe,Taunt,Protect|||M|||50|,,,,,Ghost]Kingambit||BlackGlasses|Defiant|KowtowCleave,SuckerPunch,SwordsDance,Protect|||M|||50|,,,,,Dark
|showteam|p2|Glaceon||ChoiceSpecs|SnowCloak|Blizzard,IceBeam,TeraBlast,WeatherBall|||M|||50|,,,,,Psychic]Ninetales-Alola||CovertCloak|SnowWarning|AuroraVeil,Snowscape,Moonblast,Encore|||F|||50|,,,,,Ice]Ceruledge||BigRoot|FlashFire|BitterBlade,ShadowSneak,SwordsDance,Protect|||F|||50|,,,,,Grass]Sneasler||NormalGem|Unburden|DireClaw,FakeOut,SwordsDance,CloseCombat|||M|||50|,,,,,Stellar]Greninja||LifeOrb|Protean|WaterShuriken,DarkPulse,Blizzard,Taunt|||M|||50|,,,,,Steel]Sinistcha||WeaknessPolicy|Hospitality|LifeDew,MatchaGotcha,StrengthSap,Protect||||||50|,,,,,Fire
|inactive|Battle timer is ON: inactive players will automatically lose when time's up. (requested by jussdoit)
|inactive|dambro222 also wants the timer to be on.
|inactive|dambro222 has 60 seconds left.
|
|t:|1756811959
|teamsize|p1|4
|teamsize|p2|4
|start
|switch|p1a: Volcarona|Volcarona, L50, F|100/100
|switch|p1b: Electabuzz|Electabuzz, L50, M|100/100
|switch|p2a: Glaceon|Glaceon, L50, M|100/100
|switch|p2b: Ninetales|Ninetales-Alola, L50, F|100/100
|-weather|Snowscape|[from] ability: Snow Warning|[of] p2b: Ninetales
|turn|1
|
|t:|1756811976
|move|p1b: Electabuzz|Follow Me|p1b: Electabuzz
|-singleturn|p1b: Electabuzz|move: Follow Me
|move|p2b: Ninetales|Aurora Veil|p2b: Ninetales
|-sidestart|p2: jussdoit|move: Aurora Veil
|move|p1a: Volcarona|Quiver Dance|p1a: Volcarona
|-boost|p1a: Volcarona|spa|1
|-boost|p1a: Volcarona|spd|1
|-boost|p1a: Volcarona|spe|1
|move|p2a: Glaceon|Blizzard|p1b: Electabuzz|[spread] p1a,p1b
|-resisted|p1a: Volcarona
|-damage|p1a: Volcarona|79/100
|-damage|p1b: Electabuzz|53/100
|
|-weather|Snowscape|[upkeep]
|upkeep
|turn|2
|
|t:|1756811992
|move|p1b: Electabuzz|Follow Me|p1b: Electabuzz
|-singleturn|p1b: Electabuzz|move: Follow Me
|move|p1a: Volcarona|Quiver Dance|p1a: Volcarona
|-boost|p1a: Volcarona|spa|1
|-boost|p1a: Volcarona|spd|1
|-boost|p1a: Volcarona|spe|1
|move|p2b: Ninetales|Encore|p1b: Electabuzz
|-start|p1b: Electabuzz|Encore
|move|p2a: Glaceon|Blizzard|p1a: Volcarona|[spread] p1a,p1b
|-resisted|p1a: Volcarona
|-damage|p1a: Volcarona|64/100
|-damage|p1b: Electabuzz|3/100
|
|-weather|Snowscape|[upkeep]
|upkeep
|turn|3
|
|t:|1756812014
|switch|p2a: Ceruledge|Ceruledge, L50, F|100/100
|move|p1b: Electabuzz|Follow Me|p1b: Electabuzz
|-singleturn|p1b: Electabuzz|move: Follow Me
|move|p1a: Volcarona|Heat Wave|p2b: Ninetales|[spread] p2b
|-start|p2a: Ceruledge|ability: Flash Fire
|-supereffective|p2b: Ninetales
|-damage|p2b: Ninetales|7/100
|move|p2b: Ninetales|Moonblast|p1b: Electabuzz
|-damage|p1b: Electabuzz|0 fnt
|faint|p1b: Electabuzz
|
|-weather|Snowscape|[upkeep]
|upkeep
|
|t:|1756812027
|switch|p1b: Dragonite|Dragonite, L50, M|100/100
|turn|4
|
|t:|1756812039
|move|p1a: Volcarona|Heat Wave|p2a: Ceruledge|[spread] p2b
|-immune|p2a: Ceruledge|[from] ability: Flash Fire
|-supereffective|p2b: Ninetales
|-damage|p2b: Ninetales|0 fnt
|faint|p2b: Ninetales
|move|p1b: Dragonite|Scale Shot|p2a: Ceruledge
|-damage|p2a: Ceruledge|87/100
|-damage|p2a: Ceruledge|74/100
|-damage|p2a: Ceruledge|60/100
|-damage|p2a: Ceruledge|47/100
|-hitcount|p2a: Ceruledge|4
|-unboost|p1b: Dragonite|def|1
|-boost|p1b: Dragonite|spe|1
|move|p2a: Ceruledge|Bitter Blade|p1a: Volcarona
|-damage|p1a: Volcarona|0 fnt
|-heal|p2a: Ceruledge|91/100|[from] drain|[of] p1a: Volcarona
|faint|p1a: Volcarona
|
|-weather|Snowscape|[upkeep]
|upkeep
|
|t:|1756812056
|switch|p2b: Glaceon|Glaceon, L50, M|100/100
|switch|p1a: Sneasler|Sneasler, L50, M|100/100
|turn|5
|
|t:|1756812070
|-terastallize|p1b: Dragonite|Fairy
|-terastallize|p2b: Glaceon|Psychic
|move|p1b: Dragonite|Scale Shot|p2a: Ceruledge
|-damage|p2a: Ceruledge|77/100
|-damage|p2a: Ceruledge|64/100
|-damage|p2a: Ceruledge|50/100
|-damage|p2a: Ceruledge|36/100
|-damage|p2a: Ceruledge|24/100
|-hitcount|p2a: Ceruledge|5
|-unboost|p1b: Dragonite|def|1
|-boost|p1b: Dragonite|spe|1
|move|p1a: Sneasler|Rock Slide|p2b: Glaceon|[spread] p2a
|-miss|p1a: Sneasler|p2b: Glaceon
|-supereffective|p2a: Ceruledge
|-damage|p2a: Ceruledge|0 fnt
|faint|p2a: Ceruledge
|move|p2b: Glaceon|Blizzard|p1b: Dragonite|[spread] p1a,p1b
|-damage|p1a: Sneasler|12/100
|-damage|p1b: Dragonite|63/100
|
|-weather|none
|-sideend|p2: jussdoit|move: Aurora Veil
|upkeep
|
|t:|1756812091
|switch|p2a: Sneasler|Sneasler, L50, M|100/100
|turn|6
|
|t:|1756812106
|move|p1b: Dragonite|Protect|p1b: Dragonite
|-singleturn|p1b: Dragonite|Protect
|move|p1a: Sneasler|Protect|p1a: Sneasler
|-singleturn|p1a: Sneasler|Protect
|move|p2a: Sneasler|Fake Out|p1b: Dragonite
|-activate|p1b: Dragonite|move: Protect
|move|p2b: Glaceon|Blizzard|p1a: Sneasler|[spread] 
|-activate|p1a: Sneasler|move: Protect
|-activate|p1b: Dragonite|move: Protect
|
|upkeep
|turn|7
|inactive|jussdoit has 30 seconds left.
|
|t:|1756812136
|move|p1b: Dragonite|Scale Shot|p2a: Sneasler
|-damage|p2a: Sneasler|73/100
|-damage|p2a: Sneasler|46/100
|-damage|p2a: Sneasler|22/100
|-damage|p2a: Sneasler|0 fnt
|faint|p2a: Sneasler
|-hitcount|p2: Sneasler|4
|-unboost|p1b: Dragonite|def|1
|-boost|p1b: Dragonite|spe|1
|move|p1a: Sneasler|Rock Slide|p2b: Glaceon
|-damage|p2b: Glaceon|72/100
|move|p2b: Glaceon|Blizzard|p1a: Sneasler|[spread] p1b
|-miss|p2b: Glaceon|p1a: Sneasler
|-damage|p1b: Dragonite|0 fnt
|faint|p1b: Dragonite
|
|upkeep
|turn|8
|
|t:|1756812154
|move|p1a: Sneasler|Dire Claw|p2b: Glaceon
|-damage|p2b: Glaceon|30/100
|-status|p2b: Glaceon|psn
|move|p2b: Glaceon|Blizzard|p1a: Sneasler|[miss]
|-miss|p2b: Glaceon|p1a: Sneasler
|
|-damage|p2b: Glaceon|18/100 psn|[from] psn
|upkeep
|turn|9
|
|t:|1756812165
|move|p1a: Sneasler|Protect|p1a: Sneasler
|-singleturn|p1a: Sneasler|Protect
|move|p2b: Glaceon|Blizzard|p1a: Sneasler
|-activate|p1a: Sneasler|move: Protect
|
|-damage|p2b: Glaceon|6/100 psn|[from] psn
|upkeep
|turn|10
|
|t:|1756812173
|move|p1a: Sneasler|Dire Claw|p2b: Glaceon
|-damage|p2b: Glaceon|0 fnt
|faint|p2b: Glaceon
|
|win|dambro222
||jussdoit is ready for game 2.
||dambro222 is ready for game 2.
|uhtml|next|Next: Game 2 of 3
|l|☆jussdoit
|player|p2|
