|j|☆trytrysee
|j|☆rushinhoward
|html|trytryseerushinhoward    
|uhtml|bestof|Game 2 of a best-of-3
|t:|1786119340
|gametype|doubles
|player|p1|trytrysee|169|
|player|p2|rushinhoward|266|
|gen|9
|tier|[Gen 9 Champions] VGC 2026 Reg M-B (Bo3)
|rule|Species Clause: Limit one of each Pokémon
|rule|Item Clause: Limit 1 of each item
|clearpoke
|poke|p1|Staraptor, L50, M|
|poke|p1|Slowking-Galar, L50, F|
|poke|p1|Drampa, L50, M|
|poke|p1|Whimsicott, L50, M|
|poke|p1|Gholdengo, L50|
|poke|p1|Primarina, L50, M|
|poke|p2|Froslass, L50, F|
|poke|p2|Scovillain, L50, M, shiny|
|poke|p2|Basculegion, L50, M|
|poke|p2|Kingambit, L50, M|
|poke|p2|Sneasler, L50, M|
|poke|p2|Lycanroc-Dusk, L50, M|
|teampreview|4
|showteam|p1|Staraptor||Staraptite|Intimidate|CloseCombat,DualWingbeat,Protect,Roost|Adamant||M|||50|]Slowking-Galar||MentalHerb|Regenerator|TrickRoom,Psychic,SludgeBomb,HealPulse|Relaxed||F|||50|]Drampa||Leftovers|CloudNine|EnergyBall,Thunderbolt,HyperVoice,EarthPower|Quiet||M|||50|]Whimsicott||FocusSash|Prankster|Moonblast,Encore,Tailwind,TrickRoom|Modest||M|||50|]Gholdengo||LifeOrb|GoodasGold|MakeItRain,ShadowBall,PowerGem,Protect|Modest|||||50|]Primarina||SitrusBerry|LiquidVoice|HyperVoice,Moonblast,AquaJet,Protect|Quiet||M|||50|
|showteam|p2|Froslass||Froslassite|CursedBody|Blizzard,ShadowBall,AuroraVeil,Protect|Modest||F|||50|]Scovillain||Scovillainite|Moody|GigaDrain,Overheat,RagePowder,Protect|Bold||M|||50|]Basculegion||SitrusBerry|Adaptability|WaveCrash,LastRespects,AquaJet,Protect|Adamant||M|||50|]Kingambit||BlackGlasses|Defiant|KowtowCleave,SuckerPunch,SwordsDance,Protect|Adamant||M|||50|]Sneasler||WhiteHerb|Unburden|CloseCombat,GunkShot,Protect,FakeOut|Adamant||M|||50|]Lycanroc-Dusk||FocusSash|ToughClaws|CloseCombat,Accelerock,RockSlide,Protect|Adamant||M|||50|
|inactive|Battle timer is ON: inactive players will automatically lose when time's up. (requested by trytrysee)
|inactive|rushinhoward has 60 seconds left.
|
|t:|1786119396
|teamsize|p1|4
|teamsize|p2|4
|start
|switch|p1a: Staraptor|Staraptor, L50, M|100/100
|switch|p1b: Slowking|Slowking-Galar, L50, F|100/100
|switch|p2a: Froslass|Froslass, L50, F|100/100
|switch|p2b: Sneasler|Sneasler, L50, M|100/100
|-ability|p1a: Staraptor|Intimidate|boost
|-unboost|p2a: Froslass|atk|1
|-unboost|p2b: Sneasler|atk|1
|-enditem|p2b: Sneasler|White Herb
|-clearnegativeboost|p2b: Sneasler|[silent]
|turn|1
|
|t:|1786119419
|switch|p1a: Primarina|Primarina, L50, M|100/100
|detailschange|p2a: Froslass|Froslass-Mega, L50, F
|-mega|p2a: Froslass|Froslass|Froslassite
|-weather|Snowscape|[from] ability: Snow Warning|[of] p2a: Froslass
|move|p2b: Sneasler|Fake Out|p1b: Slowking
|-crit|p1b: Slowking
|-damage|p1b: Slowking|85/100
|move|p2a: Froslass|Aurora Veil|p2a: Froslass
|-sidestart|p2: rushinhoward|move: Aurora Veil
|cant|p1b: Slowking|flinch
|
|-weather|Snowscape|[upkeep]
|upkeep
|turn|2
|
|t:|1786119434
|move|p1a: Primarina|Protect|p1a: Primarina
|-singleturn|p1a: Primarina|Protect
|move|p2b: Sneasler|Gunk Shot|p1a: Primarina
|-activate|p1a: Primarina|move: Protect
|move|p2a: Froslass|Shadow Ball|p1b: Slowking
|-supereffective|p1b: Slowking|1
|-damage|p1b: Slowking|10/100
|move|p1b: Slowking|Trick Room|p1b: Slowking
|-fieldstart|move: Trick Room|[of] p1b: Slowking
|
|-weather|Snowscape|[upkeep]
|upkeep
|turn|3
|inactive|trytrysee has 30 seconds left.
|
|t:|1786119463
|move|p1b: Slowking|Psychic|p2b: Sneasler
|-supereffective|p2b: Sneasler|2
|-damage|p2b: Sneasler|0 fnt
|faint|p2b: Sneasler
|move|p1a: Primarina|Moonblast|p2a: Froslass
|-damage|p2a: Froslass|65/100
|move|p2a: Froslass|Blizzard|p1b: Slowking|[spread] p1a,p1b
|-resisted|p1a: Primarina|1
|-crit|p1a: Primarina
|-damage|p1a: Primarina|70/100
|-damage|p1b: Slowking|0 fnt
|faint|p1b: Slowking
|
|-weather|Snowscape|[upkeep]
|upkeep
|
|t:|1786119480
|switch|p1b: Gholdengo|Gholdengo, L50|100/100
|switch|p2b: Basculegion|Basculegion, L50, M|100/100
|turn|4
|
|t:|1786119493
|move|p2a: Froslass|Protect|p2a: Froslass
|-singleturn|p2a: Froslass|Protect
|move|p1a: Primarina|Moonblast|p2b: Basculegion
|-damage|p2b: Basculegion|68/100
|move|p2b: Basculegion|Last Respects|p1b: Gholdengo
|-supereffective|p1b: Gholdengo|1
|-damage|p1b: Gholdengo|0 fnt
|faint|p1b: Gholdengo
|
|-weather|Snowscape|[upkeep]
|upkeep
|
|t:|1786119503
|switch|p1b: Staraptor|Staraptor, L50, M|100/100
|-ability|p1b: Staraptor|Intimidate|boost
|-unboost|p2a: Froslass|atk|1
|-unboost|p2b: Basculegion|atk|1
|turn|5
|
|t:|1786119526
|switch|p2b: Kingambit|Kingambit, L50, M|100/100
|detailschange|p1b: Staraptor|Staraptor-Mega, L50, M
|-mega|p1b: Staraptor|Staraptor|Staraptite
|move|p1a: Primarina|Moonblast|p2a: Froslass
|-damage|p2a: Froslass|26/100
|move|p1b: Staraptor|Dual Wingbeat|p2a: Froslass|[miss]
|-miss|p1b: Staraptor|p2a: Froslass
|move|p2a: Froslass|Blizzard|p1a: Primarina|[spread] p1a,p1b
|-resisted|p1a: Primarina|1
|-supereffective|p1b: Staraptor|1
|-damage|p1a: Primarina|52/100
|-damage|p1b: Staraptor|31/100
|
|-weather|none
|-sideend|p2: rushinhoward|move: Aurora Veil
|upkeep
|turn|6
|inactive|rushinhoward has 30 seconds left.
|c|☆trytrysee|miss.............
|
|t:|1786119558
|move|p2b: Kingambit|Protect|p2b: Kingambit
|-singleturn|p2b: Kingambit|Protect
|move|p2a: Froslass|Protect|p2a: Froslass
|-singleturn|p2a: Froslass|Protect
|move|p1a: Primarina|Hyper Voice|p2a: Froslass|[spread] 
|-activate|p2a: Froslass|move: Protect
|-activate|p2b: Kingambit|move: Protect
|move|p1b: Staraptor|Roost|p1b: Staraptor
|-heal|p1b: Staraptor|81/100
|-singleturn|p1b: Staraptor|move: Roost
|
|-fieldend|move: Trick Room
|upkeep
|turn|7
|inactive|rushinhoward has 30 seconds left.
|
|t:|1786119588
|move|p1b: Staraptor|Protect|p1b: Staraptor
|-singleturn|p1b: Staraptor|Protect
|move|p2a: Froslass|Blizzard|p1a: Primarina|[spread] 
|-activate|p1b: Staraptor|move: Protect
|-miss|p2a: Froslass|p1a: Primarina
|move|p1a: Primarina|Moonblast|p2a: Froslass
|-damage|p2a: Froslass|0 fnt
|faint|p2a: Froslass
|move|p2b: Kingambit|Swords Dance|p2b: Kingambit
|-boost|p2b: Kingambit|atk|2
|
|upkeep
|
|t:|1786119599
|switch|p2a: Basculegion|Basculegion, L50, M|68/100
|turn|8
|
|t:|1786119612
|move|p1a: Primarina|Protect|p1a: Primarina
|-singleturn|p1a: Primarina|Protect
|move|p2b: Kingambit|Sucker Punch||[still]
|-fail|p2b: Kingambit
|move|p1b: Staraptor|Close Combat|p2b: Kingambit
|-supereffective|p2b: Kingambit|2
|-damage|p2b: Kingambit|0 fnt
|-boost|p1b: Staraptor|def|1
|-boost|p1b: Staraptor|spd|1
|faint|p2b: Kingambit
|move|p2a: Basculegion|Last Respects|p1b: Staraptor
|-damage|p1b: Staraptor|1/100
|
|upkeep
|turn|9
|inactive|trytrysee has 30 seconds left.
|inactive|trytrysee has 20 seconds left.
|
|t:|1786119649
|move|p2a: Basculegion|Aqua Jet|p1b: Staraptor
|-damage|p1b: Staraptor|0 fnt
|faint|p1b: Staraptor
|move|p1a: Primarina|Moonblast|p2a: Basculegion
|-damage|p2a: Basculegion|19/100
|-unboost|p2a: Basculegion|spa|1
|-enditem|p2a: Basculegion|Sitrus Berry|[eat]
|-heal|p2a: Basculegion|44/100|[from] item: Sitrus Berry
|
|upkeep
|turn|10
|
|t:|1786119658
|move|p2a: Basculegion|Last Respects|p1a: Primarina
|-damage|p1a: Primarina|0 fnt
|faint|p1a: Primarina
|
|win|rushinhoward
||trytrysee is ready for game 3.
||rushinhoward is ready for game 3.
|uhtml|next|Next: Game 3 of 3
