|j|☆testdigi
|j|☆AzazelezazA
|html|testdigiAzazelezazA    
|uhtml|bestof|Game 1 of a best-of-3
|t:|1785169664
|gametype|doubles
|player|p1|testdigi|169|1198
|player|p2|AzazelezazA|ghetsis|1132
|gen|9
|tier|[Gen 9 Champions] VGC 2026 Reg M-B (Bo3)
|rated|
|rule|Species Clause: Limit one of each Pokémon
|rule|Item Clause: Limit 1 of each item
|clearpoke
|poke|p1|Raichu, L50, M|
|poke|p1|Toxapex, L50, F|
|poke|p1|Mamoswine, L50, F|
|poke|p1|Sylveon, L50, M|
|poke|p1|Corviknight, L50, F|
|poke|p1|Basculegion, L50, M|
|poke|p2|Floette-Eternal, L50, F|
|poke|p2|Garchomp, L50, F|
|poke|p2|Charizard, L50, F|
|poke|p2|Venusaur, L50, F|
|poke|p2|Gholdengo, L50|
|poke|p2|Incineroar, L50, M|
|teampreview|4
|showteam|p1|Raichu||RaichuniteY|LightningRod|ZapCannon,FocusBlast,FakeOut,Protect|Timid||M|||50|]Toxapex||Leftovers|Regenerator|Infestation,Toxic,WideGuard,BanefulBunker|Relaxed||F|||50|]Mamoswine||LifeOrb|Oblivious|StompingTantrum,IceShard,RockSlide,Protect|Adamant||F|||50|]Sylveon||FairyFeather|Pixilate|HyperVoice,QuickAttack,Yawn,Detect|Modest||M|||50|]Corviknight||OccaBerry|MirrorArmor|IronHead,BraveBird,Tailwind,Protect|Adamant||F|||50|]Basculegion||FocusSash|Adaptability|LastRespects,Liquidation,AquaJet,Protect|Jolly||M|||50|
|showteam|p2|Floette-Eternal||Floettite|FlowerVeil|LightofRuin,Protect,PollenPuff,Psychic|Timid||F|||50|]Garchomp||DragonFang|RoughSkin|BreakingSwipe,RockSlide,Earthquake,Protect|Jolly||F|||50|]Charizard||CharizarditeY|Blaze|HeatWave,Roost,ScorchingSands,AncientPower|Modest||F|||50|]Venusaur||Leftovers|Chlorophyll|WeatherBall,EarthPower,SolarBeam,Protect|Modest||F|||50|]Gholdengo||ChoiceScarf|GoodasGold|MakeItRain,ShadowBall,Thunderbolt,DazzlingGleam|Timid|||||50|]Incineroar||ChopleBerry|Intimidate|PartingShot,FlareBlitz,WillOWisp,Roar|Careful||M|||50|
|j| tedidn
|inactive|Battle timer is ON: inactive players will automatically lose when time's up. (requested by testdigi)
|
|t:|1785169713
|teamsize|p1|4
|teamsize|p2|4
|start
|switch|p1a: Corviknight|Corviknight, L50, F|100/100
|switch|p1b: Raichu|Raichu, L50, M|100/100
|switch|p2a: Garchomp|Garchomp, L50, F|100/100
|switch|p2b: Floette|Floette-Eternal, L50, F|100/100
|turn|1
|inactive|testdigi has 30 seconds left.
|
|t:|1785169741
|detailschange|p1b: Raichu|Raichu-Mega-Y, L50, M
|-mega|p1b: Raichu|Raichu|Raichunite Y
|detailschange|p2b: Floette|Floette-Mega, L50, F
|-mega|p2b: Floette|Floette|Floettite
|-ability|p2b: Floette|Fairy Aura
|move|p2b: Floette|Protect|p2b: Floette
|-singleturn|p2b: Floette|Protect
|move|p1b: Raichu|Zap Cannon|p2b: Floette
|-activate|p2b: Floette|move: Protect
|move|p2a: Garchomp|Earthquake|p1b: Raichu|[spread] p1b
|-activate|p2b: Floette|move: Protect
|-immune|p1a: Corviknight
|-supereffective|p1b: Raichu|1
|-damage|p1b: Raichu|0 fnt
|faint|p1b: Raichu
|move|p1a: Corviknight|Tailwind|p1a: Corviknight
|-sidestart|p1: testdigi|move: Tailwind
|
|upkeep
|
|t:|1785169746
|switch|p1b: Sylveon|Sylveon, L50, M|100/100
|turn|2
|
|t:|1785169763
|switch|p2b: Incineroar|Incineroar, L50, M|100/100
|-ability|p2b: Incineroar|Intimidate|boost
|-ability|p1a: Corviknight|Mirror Armor
|-unboost|p2b: Incineroar|atk|1
|-unboost|p1b: Sylveon|atk|1
|move|p2a: Garchomp|Protect|p2a: Garchomp
|-singleturn|p2a: Garchomp|Protect
|move|p1a: Corviknight|Iron Head|p2b: Incineroar
|-resisted|p2b: Incineroar|1
|-damage|p2b: Incineroar|83/100
|move|p1b: Sylveon|Hyper Voice|p2a: Garchomp|[spread] p2b
|-activate|p2a: Garchomp|move: Protect
|-damage|p2b: Incineroar|56/100
|
|upkeep
|turn|3
|
|t:|1785169781
|move|p1a: Corviknight|Brave Bird|p2b: Incineroar
|-damage|p2b: Incineroar|8/100
|-damage|p1a: Corviknight|84/100|[from] Recoil
|move|p1b: Sylveon|Hyper Voice|p2a: Garchomp|[spread] p2a,p2b
|-supereffective|p2a: Garchomp|1
|-damage|p2a: Garchomp|8/100
|-damage|p2b: Incineroar|0 fnt
|faint|p2b: Incineroar
|move|p2a: Garchomp|Rock Slide|p1a: Corviknight|[spread] p1a
|-miss|p2a: Garchomp|p1b: Sylveon
|-damage|p1a: Corviknight|68/100
|
|upkeep
|
|t:|1785169794
|switch|p2b: Gholdengo|Gholdengo, L50|100/100
|turn|4
|l| tedidn
|
|t:|1785169815
|move|p1a: Corviknight|Protect|p1a: Corviknight
|-singleturn|p1a: Corviknight|Protect
|move|p2b: Gholdengo|Thunderbolt|p1a: Corviknight
|-activate|p1a: Corviknight|move: Protect
|move|p1b: Sylveon|Yawn|p2b: Gholdengo
|-immune|p2b: Gholdengo|[from] ability: Good as Gold
|move|p2a: Garchomp|Rock Slide|p1a: Corviknight|[spread] p1b
|-activate|p1a: Corviknight|move: Protect
|-damage|p1b: Sylveon|79/100
|
|-sideend|p1: testdigi|move: Tailwind
|upkeep
|turn|5
|
|t:|1785169832
|move|p2b: Gholdengo|Thunderbolt|p1a: Corviknight
|-supereffective|p1a: Corviknight|1
|-damage|p1a: Corviknight|3/100
|move|p2a: Garchomp|Rock Slide|p1b: Sylveon|[spread] p1a,p1b
|-damage|p1a: Corviknight|0 fnt
|-damage|p1b: Sylveon|61/100
|faint|p1a: Corviknight
|move|p1b: Sylveon|Hyper Voice|p2a: Garchomp|[spread] p2a,p2b
|-supereffective|p2a: Garchomp|1
|-resisted|p2b: Gholdengo|1
|-damage|p2a: Garchomp|0 fnt
|-damage|p2b: Gholdengo|72/100
|faint|p2a: Garchomp
|
|upkeep
|
|t:|1785169840
|switch|p2a: Floette|Floette-Mega, L50, F|100/100
|switch|p1a: Mamoswine|Mamoswine, L50, F|100/100
|-ability|p2a: Floette|Fairy Aura
|turn|6
|
|t:|1785169854
|move|p2b: Gholdengo|Thunderbolt|p1b: Sylveon
|-damage|p1b: Sylveon|37/100
|move|p2a: Floette|Light of Ruin|p1a: Mamoswine
|-damage|p1a: Mamoswine|0 fnt
|faint|p1a: Mamoswine
|-damage|p2a: Floette|37/100|[from] Recoil
|move|p1b: Sylveon|Hyper Voice|p2b: Gholdengo|[spread] p2a,p2b
|-resisted|p2b: Gholdengo|1
|-damage|p2a: Floette|0 fnt
|-damage|p2b: Gholdengo|39/100
|faint|p2a: Floette
|
|upkeep
|turn|7
|
|t:|1785169869
|move|p2b: Gholdengo|Thunderbolt|p1b: Sylveon
|-damage|p1b: Sylveon|12/100
|move|p1b: Sylveon|Hyper Voice|p2b: Gholdengo
|-resisted|p2b: Gholdengo|1
|-damage|p2b: Gholdengo|3/100
|
|upkeep
|turn|8
|
|t:|1785169877
|move|p1b: Sylveon|Quick Attack|p2b: Gholdengo
|-resisted|p2b: Gholdengo|1
|-damage|p2b: Gholdengo|0 fnt
|faint|p2b: Gholdengo
|
|win|testdigi
||testdigi is ready for game 2.
||AzazelezazA is ready for game 2.
|uhtml|next|Next: Game 2 of 3
