|j|☆lukashz
|j|☆marcosdeltasena31
|html|lukashzmarcosdeltasena31    
|uhtml|bestof|Game 1 of a best-of-3
|t:|1782440897
|gametype|doubles
|player|p1|lukashz|elesa|1355
|player|p2|marcosdeltasena31|hilbert|1386
|gen|9
|tier|[Gen 9 Champions] VGC 2026 Reg M-B (Bo3)
|rated|
|rule|Species Clause: Limit one of each Pokémon
|rule|Item Clause: Limit 1 of each item
|clearpoke
|poke|p1|Chandelure, L50, F|
|poke|p1|Kangaskhan, L50, F|
|poke|p1|Basculegion, L50, M|
|poke|p1|Sylveon, L50, F|
|poke|p1|Kingambit, L50, M|
|poke|p1|Machamp, L50, M|
|poke|p2|Delphox, L50, F|
|poke|p2|Floette-Eternal, L50, F|
|poke|p2|Sneasler, L50, F|
|poke|p2|Sinistcha, L50|
|poke|p2|Incineroar, L50, F|
|poke|p2|Kingambit, L50, F|
|teampreview|4
|showteam|p1|Chandelure||FocusSash|FlashFire|HeatWave,ShadowBall,TrickRoom,Taunt|Quiet||F|||50|]Kangaskhan||Kangaskhanite|InnerFocus|FakeOut,Facade,DoubleEdge,SuckerPunch|Brave||F|||50|]Basculegion||MysticWater|Adaptability|HeadSmash,WaveCrash,LastRespects,AquaJet|Brave||M|||50|]Sylveon||FairyFeather|Pixilate|HyperVoice,Protect,HyperBeam,QuickAttack|Quiet||F|||50|]Kingambit||ChopleBerry|Defiant|KowtowCleave,SuckerPunch,IronHead,Protect|Adamant||M|||50|]Machamp||ChoiceScarf|NoGuard|DynamicPunch,StoneEdge,IcePunch,BulletPunch|Jolly||M|||50|
|showteam|p2|Delphox||Delphoxite|Blaze|HeatWave,Psychic,NastyPlot,Protect|Timid||F|||50|]Floette-Eternal||Floettite|FlowerVeil|Moonblast,DrainingKiss,CalmMind,Protect|Modest||F|||50|]Sneasler||FocusSash|Unburden|DireClaw,CloseCombat,FakeOut,QuickGuard|Jolly||F|||50|]Sinistcha||KasibBerry|Hospitality|MatchaGotcha,RagePowder,LifeDew,Protect|Bold|||||50|]Incineroar||SitrusBerry|Intimidate|FlareBlitz,FakeOut,PartingShot,ThroatChop|Careful||F|||50|]Kingambit||BlackGlasses|Defiant|KowtowCleave,SwordsDance,SuckerPunch,Protect|Adamant||F|||50|
|
|t:|1782441004
|teamsize|p1|4
|teamsize|p2|4
|start
|switch|p1a: Chandelure|Chandelure, L50, F|100/100
|switch|p1b: Kangaskhan|Kangaskhan, L50, F|100/100
|switch|p2a: Kingambit|Kingambit, L50, F|100/100
|switch|p2b: Incineroar|Incineroar, L50, F|100/100
|-ability|p2b: Incineroar|Intimidate|boost
|-unboost|p1a: Chandelure|atk|1
|-fail|p1b: Kangaskhan|unboost|Attack|[from] ability: Inner Focus|[of] p1b: Kangaskhan
|turn|1
|
|t:|1782441043
|move|p1b: Kangaskhan|Fake Out|p2b: Incineroar
|-damage|p2b: Incineroar|83/100
|move|p1a: Chandelure|Heat Wave|p2a: Kingambit|[spread] p2a
|-miss|p1a: Chandelure|p2b: Incineroar
|-supereffective|p2a: Kingambit|1
|-damage|p2a: Kingambit|23/100
|cant|p2b: Incineroar|flinch
|move|p2a: Kingambit|Kowtow Cleave|p1a: Chandelure
|-supereffective|p1a: Chandelure|1
|-crit|p1a: Chandelure
|-enditem|p1a: Chandelure|Focus Sash
|-damage|p1a: Chandelure|1/100
|
|upkeep
|turn|2
|
|t:|1782441058
|switch|p1a: Sylveon|Sylveon, L50, F|100/100
|detailschange|p1b: Kangaskhan|Kangaskhan-Mega, L50, F
|-mega|p1b: Kangaskhan|Kangaskhan|Kangaskhanite
|move|p2a: Kingambit|Sucker Punch|p1b: Kangaskhan
|-damage|p1b: Kangaskhan|64/100
|move|p1b: Kangaskhan|Double-Edge|p2a: Kingambit
|-resisted|p2a: Kingambit|1
|-damage|p2a: Kingambit|0 fnt
|faint|p2a: Kingambit
|-damage|p1b: Kangaskhan|56/100|[from] Recoil
|move|p2b: Incineroar|Flare Blitz|p1b: Kangaskhan
|-damage|p1b: Kangaskhan|19/100
|-damage|p2b: Incineroar|70/100|[from] Recoil
|
|upkeep
|
|t:|1782441072
|switch|p2a: Sneasler|Sneasler, L50, F|100/100
|turn|3
|
|t:|1782441089
|switch|p1b: Chandelure|Chandelure, L50, F|1/100
|move|p1a: Sylveon|Protect|p1a: Sylveon
|-singleturn|p1a: Sylveon|Protect
|move|p2a: Sneasler|Dire Claw|p1a: Sylveon
|-activate|p1a: Sylveon|move: Protect
|move|p2b: Incineroar|Parting Shot|p1b: Chandelure
|-unboost|p1b: Chandelure|atk|1
|-unboost|p1b: Chandelure|spa|1
|
|t:|1782441094
|switch|p2b: Delphox|Delphox, L50, F|100/100|[from] Parting Shot
|
|upkeep
|turn|4
|
|t:|1782441176
|switch|p1a: Basculegion|Basculegion, L50, M|100/100
|detailschange|p2b: Delphox|Delphox-Mega, L50, F
|-mega|p2b: Delphox|Delphox|Delphoxite
|move|p2b: Delphox|Heat Wave|p1b: Chandelure|[spread] p1a
|-start|p1b: Chandelure|ability: Flash Fire
|-resisted|p1a: Basculegion|1
|-damage|p1a: Basculegion|79/100
|move|p2a: Sneasler|Dire Claw|p1a: Basculegion
|-resisted|p1a: Basculegion|1
|-damage|p1a: Basculegion|56/100
|move|p1b: Chandelure|Trick Room|p1b: Chandelure
|-fieldstart|move: Trick Room|[of] p1b: Chandelure
|
|upkeep
|turn|5
|
|t:|1782441208
|switch|p2a: Incineroar|Incineroar, L50, F|70/100
|-ability|p2a: Incineroar|Intimidate|boost
|-unboost|p1a: Basculegion|atk|1
|-unboost|p1b: Chandelure|atk|1
|move|p2b: Delphox|Protect|p2b: Delphox
|-singleturn|p2b: Delphox|Protect
|move|p1a: Basculegion|Wave Crash|p2a: Incineroar
|-supereffective|p2a: Incineroar|1
|-damage|p2a: Incineroar|0 fnt
|faint|p2a: Incineroar
|-damage|p1a: Basculegion|36/100|[from] Recoil
|move|p1b: Chandelure|Heat Wave|p2b: Delphox
|-activate|p2b: Delphox|move: Protect
|
|upkeep
|
|t:|1782441213
|switch|p2a: Sneasler|Sneasler, L50, F|100/100
|turn|6
|
|t:|1782441219
|move|p2b: Delphox|Protect||[still]
|-fail|p2b: Delphox
|move|p1a: Basculegion|Wave Crash|p2b: Delphox
|-supereffective|p2b: Delphox|1
|-damage|p2b: Delphox|0 fnt
|faint|p2b: Delphox
|-damage|p1a: Basculegion|11/100|[from] Recoil
|move|p1b: Chandelure|Shadow Ball|p2a: Sneasler
|-damage|p2a: Sneasler|54/100
|move|p2a: Sneasler|Dire Claw|p1a: Basculegion
|-resisted|p1a: Basculegion|1
|-damage|p1a: Basculegion|0 fnt
|faint|p1a: Basculegion
|
|upkeep
|
|t:|1782441230
|switch|p1a: Sylveon|Sylveon, L50, F|100/100
|turn|7
|-message|marcosdeltasena31 forfeited.
|
|win|lukashz
|l|☆marcosdeltasena31
|player|p2|
||lukashz is ready for game 2.
||marcosdeltasena31 is ready for game 2.
|uhtml|next|Next: Game 2 of 3
