|j|☆KChiefs7
|j|☆Patata303
|html|KChiefs7Patata303    
|uhtml|bestof|Game 2 of a best-of-3
|t:|1756678522
|gametype|doubles
|player|p1|KChiefs7|266|1106
|player|p2|Patata303|silver|1189
|gen|9
|tier|[Gen 9] VGC 2025 Reg H (Bo3)
|rated|
|rule|Species Clause: Limit one of each Pokémon
|rule|Item Clause: Limit 1 of each item
|clearpoke
|poke|p1|Incineroar, L50, F|
|poke|p1|Porygon2, L50|
|poke|p1|Ursaluna, L50, M|
|poke|p1|Volcarona, L50, F|
|poke|p1|Amoonguss, L50, F|
|poke|p1|Indeedee, L50, M|
|poke|p2|Indeedee, L50, M|
|poke|p2|Drifblim, L50, M|
|poke|p2|Volcarona, L50, F|
|poke|p2|Kommo-o, L50, M|
|poke|p2|Toxtricity, L50, M|
|poke|p2|Hydreigon, L50, M|
|teampreview|4
|showteam|p1|Incineroar||SitrusBerry|Intimidate|KnockOff,FakeOut,FlareBlitz,PartingShot|||F|||50|,,,,,Ghost]Porygon2||Eviolite|Download|Recover,IceBeam,TeraBlast,TrickRoom||||||50|,,,,,Fighting]Ursaluna||FlameOrb|Guts|Earthquake,Facade,HeadlongRush,Protect|||M|||50|,,,,,Stellar]Volcarona||ChoiceSpecs|FlameBody|HeatWave,BugBuzz,Overheat,GigaDrain|||F|||50|,,,,,Steel]Amoonguss||RockyHelmet|Regenerator|Spore,RagePowder,PollenPuff,Protect|||F|||50|,,,,,Fairy]Indeedee||FocusSash|PsychicSurge|ExpandingForce,TrickRoom,Protect,TeraBlast|||M|||50|,,,,,Dark
|showteam|p2|Indeedee||FocusSash|PsychicSurge|ExpandingForce,TeraBlast,Imprison,TrickRoom|||M|||50|,,,,,Ground]Drifblim||PsychicSeed|Unburden|Acrobatics,WillOWisp,StrengthSap,Tailwind|||M|||50|,,,,,Grass]Volcarona||LifeOrb|FlameBody|BugBuzz,HeatWave,TeraBlast,Protect|||F|||50|,,,,,Fairy]Kommo-o||Leftovers|Soundproof|BodyPress,Flamethrower,IronDefense,Protect|||M|||50|,,,,,Fire]Toxtricity||ChoiceSpecs|PunkRock|Overdrive,SludgeBomb,Boomburst,VoltSwitch|||M|||50|,,,,,Normal]Hydreigon||AssaultVest|Levitate|DarkPulse,DracoMeteor,EarthPower,Snarl|||M|||50|,,,,,Ghost
|inactive|Battle timer is ON: inactive players will automatically lose when time's up. (requested by KChiefs7)
|inactive|Patata303 has 60 seconds left.
|
|t:|1756678558
|teamsize|p1|4
|teamsize|p2|4
|start
|switch|p1a: Volcarona|Volcarona, L50, F|100/100
|switch|p1b: Indeedee|Indeedee, L50, M|100/100
|switch|p2a: Indeedee|Indeedee, L50, M|100/100
|switch|p2b: Kommo-o|Kommo-o, L50, M|100/100
|-fieldstart|move: Psychic Terrain|[from] ability: Psychic Surge|[of] p2a: Indeedee
|turn|1
|inactive|KChiefs7 has 30 seconds left.
|
|t:|1756678590
|move|p2a: Indeedee|Imprison|p2a: Indeedee
|-start|p2a: Indeedee|move: Imprison
|move|p1a: Volcarona|Heat Wave|p2b: Kommo-o|[spread] p2a,p2b
|-resisted|p2b: Kommo-o
|-damage|p2a: Indeedee|15/100
|-damage|p2b: Kommo-o|75/100
|cant|p1b: Indeedee|move: Imprison|Expanding Force
|move|p2b: Kommo-o|Iron Defense|p2b: Kommo-o
|-boost|p2b: Kommo-o|def|2
|
|-heal|p2b: Kommo-o|81/100|[from] item: Leftovers
|upkeep
|turn|2
|
|t:|1756678612
|move|p1b: Indeedee|Protect|p1b: Indeedee
|-singleturn|p1b: Indeedee|Protect
|move|p2a: Indeedee|Expanding Force|p1a: Volcarona|[spread] p1a
|-activate|p1b: Indeedee|move: Protect
|-damage|p1a: Volcarona|43/100
|move|p1a: Volcarona|Heat Wave|p2a: Indeedee|[spread] p2a,p2b
|-resisted|p2b: Kommo-o
|-damage|p2a: Indeedee|0 fnt
|-damage|p2b: Kommo-o|53/100
|faint|p2a: Indeedee
|move|p2b: Kommo-o|Body Press|p1b: Indeedee
|-activate|p1b: Indeedee|move: Protect
|
|-heal|p2b: Kommo-o|59/100|[from] item: Leftovers
|upkeep
|
|t:|1756678616
|switch|p2a: Drifblim|Drifblim, L50, M|100/100
|-enditem|p2a: Drifblim|Psychic Seed
|-boost|p2a: Drifblim|spd|1|[from] item: Psychic Seed
|turn|3
|
|t:|1756678636
|move|p2b: Kommo-o|Protect|p2b: Kommo-o
|-singleturn|p2b: Kommo-o|Protect
|move|p2a: Drifblim|Tailwind|p2a: Drifblim
|-sidestart|p2: Patata303|move: Tailwind
|move|p1a: Volcarona|Heat Wave|p2a: Drifblim|[spread] p2a
|-activate|p2b: Kommo-o|move: Protect
|-damage|p2a: Drifblim|59/100
|move|p1b: Indeedee|Expanding Force|p2a: Drifblim|[spread] p2a
|-activate|p2b: Kommo-o|move: Protect
|-damage|p2a: Drifblim|23/100
|
|-heal|p2b: Kommo-o|65/100|[from] item: Leftovers
|upkeep
|turn|4
|inactive|KChiefs7 has 30 seconds left.
|inactive|KChiefs7 has 20 seconds left.
|
|t:|1756678675
|switch|p1a: Porygon2|Porygon2, L50|100/100
|-ability|p1a: Porygon2|Download|boost
|-boost|p1a: Porygon2|spa|1
|move|p2a: Drifblim|Acrobatics|p1b: Indeedee
|-damage|p1b: Indeedee|29/100
|move|p2b: Kommo-o|Body Press|p1b: Indeedee
|-damage|p1b: Indeedee|0 fnt
|faint|p1b: Indeedee
|
|-heal|p2b: Kommo-o|71/100|[from] item: Leftovers
|upkeep
|
|t:|1756678684
|switch|p1b: Ursaluna|Ursaluna, L50, M|100/100
|turn|5
|
|t:|1756678691
|-terastallize|p1a: Porygon2|Fighting
|move|p1b: Ursaluna|Protect|p1b: Ursaluna
|-singleturn|p1b: Ursaluna|Protect
|move|p2a: Drifblim|Acrobatics|p1a: Porygon2
|-supereffective|p1a: Porygon2
|-damage|p1a: Porygon2|60/100
|move|p2b: Kommo-o|Body Press|p1a: Porygon2
|-damage|p1a: Porygon2|8/100
|move|p1a: Porygon2|Trick Room|p1a: Porygon2
|-fieldstart|move: Trick Room|[of] p1a: Porygon2
|
|-heal|p2b: Kommo-o|77/100|[from] item: Leftovers
|-fieldend|move: Psychic Terrain
|-status|p1b: Ursaluna|brn|[from] item: Flame Orb
|upkeep
|turn|6
|inactive|KChiefs7 has 30 seconds left.
|
|t:|1756678717
|move|p1b: Ursaluna|Facade|p2a: Drifblim
|-immune|p2a: Drifblim
|move|p1a: Porygon2|Ice Beam|p2b: Kommo-o
|-supereffective|p2b: Kommo-o
|-damage|p2b: Kommo-o|5/100
|-status|p2b: Kommo-o|frz
|cant|p2b: Kommo-o|frz
|move|p2a: Drifblim|Strength Sap|p1b: Ursaluna
|-unboost|p1b: Ursaluna|atk|1
|-heal|p2a: Drifblim|100/100
|
|-heal|p2b: Kommo-o|11/100 frz|[from] item: Leftovers
|-damage|p1b: Ursaluna|95/100 brn|[from] brn
|-sideend|p2: Patata303|move: Tailwind
|upkeep
|turn|7
|inactive|KChiefs7 has 30 seconds left.
|inactive|Patata303 has 30 seconds left.
|inactive|Patata303 has 20 seconds left.
|inactive|Patata303 has 15 seconds left.
|
|t:|1756678761
|move|p1b: Ursaluna|Facade|p2b: Kommo-o
|-damage|p2b: Kommo-o|0 fnt
|faint|p2b: Kommo-o
|move|p1a: Porygon2|Ice Beam|p2a: Drifblim
|-supereffective|p2a: Drifblim
|-damage|p2a: Drifblim|47/100
|move|p2a: Drifblim|Acrobatics|p1a: Porygon2
|-supereffective|p1a: Porygon2
|-damage|p1a: Porygon2|0 fnt
|faint|p1a: Porygon2
|
|-damage|p1b: Ursaluna|89/100 brn|[from] brn
|upkeep
|
|t:|1756678771
|switch|p1a: Volcarona|Volcarona, L50, F|43/100
|switch|p2b: Toxtricity|Toxtricity, L50, M|100/100
|turn|8
|inactive|KChiefs7 has 30 seconds left.
|inactive|KChiefs7 has 20 seconds left.
|
|t:|1756678810
|-terastallize|p2b: Toxtricity|Normal
|move|p1b: Ursaluna|Facade|p2b: Toxtricity
|-damage|p2b: Toxtricity|0 fnt
|faint|p2b: Toxtricity
|move|p1a: Volcarona|Overheat|p2a: Drifblim
|-damage|p2a: Drifblim|0 fnt
|-unboost|p1a: Volcarona|spa|2
|faint|p2a: Drifblim
|
|win|KChiefs7
||Patata303 is ready for game 3.
|inactive|KChiefs7 has 30 seconds to confirm battle start!
||KChiefs7 is ready for game 3.
|uhtml|next|Next: Game 3 of 3
|l|☆KChiefs7
|player|p1|
