|j|☆Yei_Lai
|j|☆qaz8787
|html|Yei_Laiqaz8787    
|uhtml|bestof|Game 1 of a best-of-3
|t:|1784999976
|gametype|doubles
|player|p1|Yei_Lai|1|
|player|p2|qaz8787|266|
|gen|9
|tier|[Gen 9 Champions] VGC 2026 Reg M-B (Bo3)
|rule|Species Clause: Limit one of each Pokémon
|rule|Item Clause: Limit 1 of each item
|clearpoke
|poke|p1|Charizard, L50, M|
|poke|p1|Archaludon, L50, F|
|poke|p1|Venusaur, L50, F|
|poke|p1|Pelipper, L50, M|
|poke|p1|Grimmsnarl, L50, M|
|poke|p1|Basculegion, L50, M|
|poke|p2|Charizard, L50, M|
|poke|p2|Archaludon, L50, F|
|poke|p2|Venusaur, L50, M|
|poke|p2|Pelipper, L50, M|
|poke|p2|Grimmsnarl, L50, M|
|poke|p2|Basculegion, L50, M|
|teampreview|4
|showteam|p1|Charizard||CharizarditeY|Blaze|HeatWave,WeatherBall,SolarBeam,Protect|Modest||M|||50|]Archaludon||Leftovers|Stamina|ElectroShot,FlashCannon,DragonPulse,Protect|Modest||F|||50|]Venusaur||LifeOrb|Chlorophyll|LeafStorm,SludgeBomb,EarthPower,Protect|Modest||F|||50|]Pelipper||FocusSash|Drizzle|WeatherBall,Hurricane,Tailwind,WideGuard|Timid||M|||50|]Grimmsnarl||LightClay|Prankster|SpiritBreak,PartingShot,Reflect,LightScreen|Careful||M|||50|]Basculegion||ChoiceScarf|Adaptability|WaveCrash,FlipTurn,AquaJet,LastRespects|Jolly||M|||50|
|showteam|p2|Charizard||CharizarditeY|Blaze|HeatWave,WeatherBall,SolarBeam,Protect|Modest||M|||50|]Archaludon||Leftovers|Stamina|ElectroShot,FlashCannon,DragonPulse,Protect|Modest||F|||50|]Venusaur||LifeOrb|Chlorophyll|LeafStorm,SludgeBomb,EarthPower,Protect|Modest||M|||50|]Pelipper||FocusSash|Drizzle|WeatherBall,Hurricane,Tailwind,WideGuard|Timid||M|||50|]Grimmsnarl||LightClay|Prankster|SpiritBreak,PartingShot,Reflect,LightScreen|Careful||M|||50|]Basculegion||ChoiceScarf|Adaptability|WaveCrash,FlipTurn,AquaJet,LastRespects|Jolly||M|||50|
|j| dd9261248
|
|t:|1785000054
|teamsize|p1|4
|teamsize|p2|4
|start
|switch|p1a: Venusaur|Venusaur, L50, F|100/100
|switch|p1b: Grimmsnarl|Grimmsnarl, L50, M|100/100
|switch|p2a: Charizard|Charizard, L50, M|100/100
|switch|p2b: Grimmsnarl|Grimmsnarl, L50, M|100/100
|turn|1
|
|t:|1785000088
|detailschange|p2a: Charizard|Charizard-Mega-Y, L50, M
|-mega|p2a: Charizard|Charizard|Charizardite Y
|-weather|SunnyDay|[from] ability: Drought|[of] p2a: Charizard
|move|p1a: Venusaur|Protect|p1a: Venusaur
|-singleturn|p1a: Venusaur|Protect
|move|p2b: Grimmsnarl|Light Screen|p2b: Grimmsnarl
|-sidestart|p2: qaz8787|move: Light Screen
|move|p1b: Grimmsnarl|Light Screen|p1b: Grimmsnarl
|-sidestart|p1: Yei_Lai|move: Light Screen
|move|p2a: Charizard|Weather Ball|p1a: Venusaur
|-activate|p1a: Venusaur|move: Protect
|
|-weather|SunnyDay|[upkeep]
|upkeep
|turn|2
|
|t:|1785000129
|move|p1a: Venusaur|Sludge Bomb|p2a: Charizard
|-damage|p2a: Charizard|66/100
|-damage|p1a: Venusaur|90/100|[from] item: Life Orb
|move|p2a: Charizard|Weather Ball|p1a: Venusaur
|-supereffective|p1a: Venusaur|1
|-damage|p1a: Venusaur|0 fnt
|faint|p1a: Venusaur
|move|p2b: Grimmsnarl|Spirit Break|p1b: Grimmsnarl
|-supereffective|p1b: Grimmsnarl|1
|-damage|p1b: Grimmsnarl|40/100
|-unboost|p1b: Grimmsnarl|spa|1
|move|p1b: Grimmsnarl|Spirit Break|p2a: Charizard
|-resisted|p2a: Charizard|1
|-damage|p2a: Charizard|49/100
|-unboost|p2a: Charizard|spa|1
|
|-weather|SunnyDay|[upkeep]
|upkeep
|
|t:|1785000143
|switch|p1a: Charizard|Charizard, L50, M|100/100
|turn|3
|
|t:|1785000191
|detailschange|p1a: Charizard|Charizard-Mega-Y, L50, M
|-mega|p1a: Charizard|Charizard|Charizardite Y
|move|p2a: Charizard|Protect|p2a: Charizard
|-singleturn|p2a: Charizard|Protect
|move|p2b: Grimmsnarl|Parting Shot|p1a: Charizard
|-unboost|p1a: Charizard|atk|1
|-unboost|p1a: Charizard|spa|1
|j| allen40103
|
|t:|1785000199
|switch|p2b: Basculegion|Basculegion, L50, M|100/100|[from] Parting Shot
|move|p1a: Charizard|Weather Ball|p2a: Charizard
|-activate|p2a: Charizard|move: Protect
|move|p1b: Grimmsnarl|Spirit Break|p2b: Basculegion
|-crit|p2b: Basculegion
|-damage|p2b: Basculegion|40/100
|-unboost|p2b: Basculegion|spa|1
|
|-weather|SunnyDay|[upkeep]
|upkeep
|turn|4
|
|t:|1785000248
|move|p1a: Charizard|Protect|p1a: Charizard
|-singleturn|p1a: Charizard|Protect
|move|p2b: Basculegion|Wave Crash|p1a: Charizard
|-activate|p1a: Charizard|move: Protect
|move|p2a: Charizard|Heat Wave|p1a: Charizard|[spread] 
|-activate|p1a: Charizard|move: Protect
|-miss|p2a: Charizard|p1b: Grimmsnarl
|move|p1b: Grimmsnarl|Spirit Break|p2b: Basculegion
|-crit|p2b: Basculegion
|-damage|p2b: Basculegion|0 fnt
|faint|p2b: Basculegion
|
|-weather|SunnyDay|[upkeep]
|upkeep
|
|t:|1785000264
|switch|p2b: Grimmsnarl|Grimmsnarl, L50, M|100/100
|turn|5
|c| dd9261248|你賽死錢奕翔有點厲害
|c| dd9261248|感覺你要撤銷WCS資格
|
|t:|1785000282
|move|p2a: Charizard|Protect|p2a: Charizard
|-singleturn|p2a: Charizard|Protect
|move|p1a: Charizard|Heat Wave|p2b: Grimmsnarl|[spread] p2b
|-activate|p2a: Charizard|move: Protect
|-crit|p2b: Grimmsnarl
|-damage|p2b: Grimmsnarl|15/100
|move|p2b: Grimmsnarl|Spirit Break|p1b: Grimmsnarl
|-supereffective|p1b: Grimmsnarl|1
|-damage|p1b: Grimmsnarl|0 fnt
|faint|p1b: Grimmsnarl
|
|-weather|none
|upkeep
|c|☆Yei_Lai|真假
|c| dd9261248|3
|
|t:|1785000291
|switch|p1b: Basculegion|Basculegion, L50, M|100/100
|turn|6
|c|☆qaz8787|賽狗
|
|t:|1785000310
|move|p2b: Grimmsnarl|Reflect|p2b: Grimmsnarl
|-sidestart|p2: qaz8787|Reflect
|move|p1b: Basculegion|Last Respects|p2a: Charizard
|-damage|p2a: Charizard|0 fnt
|faint|p2a: Charizard
|move|p1a: Charizard|Heat Wave|p2b: Grimmsnarl
|-damage|p2b: Grimmsnarl|0 fnt
|faint|p2b: Grimmsnarl
|
|upkeep
|
|t:|1785000318
|switch|p2b: Archaludon|Archaludon, L50, F|100/100
|turn|7
|
|t:|1785000331
|move|p1b: Basculegion|Last Respects|p2b: Archaludon
|-damage|p2b: Archaludon|51/100
|-ability|p2b: Archaludon|Stamina|boost
|-boost|p2b: Archaludon|def|1
|move|p1a: Charizard|Heat Wave|p2b: Archaludon
|-damage|p2b: Archaludon|28/100
|-ability|p2b: Archaludon|Stamina|boost
|-boost|p2b: Archaludon|def|1
|move|p2b: Archaludon|Electro Shot||[still]
|-prepare|p2b: Archaludon|Electro Shot
|-boost|p2b: Archaludon|spa|1
|
|-heal|p2b: Archaludon|34/100|[from] item: Leftovers
|upkeep
|turn|8
|c|☆Yei_Lai|你帶鋁鋼不帶雨天是啥意思
|c| dd9261248|蹭你的雨天挺正常的吧
|c|☆qaz8787|萬一你帶了就可以贈了
|
|t:|1785000353
|move|p1b: Basculegion|Last Respects|p2b: Archaludon
|-damage|p2b: Archaludon|9/100
|-ability|p2b: Archaludon|Stamina|boost
|-boost|p2b: Archaludon|def|1
|move|p1a: Charizard|Heat Wave|p2b: Archaludon
|-damage|p2b: Archaludon|0 fnt
|faint|p2b: Archaludon
|
|win|Yei_Lai
|c|☆Yei_Lai|我就是防這個我才沒帶
|c| dd9261248|感覺沒啥問題 他確實用前面三支打爆你了
|c|☆Yei_Lai|心理變態
||Yei_Lai is ready for game 2.
|inactive|qaz8787 has 30 seconds to confirm battle start!
||qaz8787 is ready for game 2.
|uhtml|next|Next: Game 2 of 3
|l| allen40103
|j| allen40103
|l| dd9261248
|l|☆Yei_Lai
|player|p1|
|j|☆Yei_Lai
|player|p1|Yei_Lai|1|
