|j|☆TeraShellBell
|j|☆movilnhanez
|html|TeraShellBellmovilnhanez    
|uhtml|bestof|Game 2 of a best-of-3
|t:|1757938324
|gametype|doubles
|player|p1|TeraShellBell|steven|1090
|player|p2|movilnhanez|rood|1045
|gen|9
|tier|[Gen 9] VGC 2025 Reg H (Bo3)
|rated|
|rule|Species Clause: Limit one of each Pokémon
|rule|Item Clause: Limit 1 of each item
|clearpoke
|poke|p1|Archaludon, L50, M|
|poke|p1|Basculegion, L50, M|
|poke|p1|Pelipper, L50, F|
|poke|p1|Amoonguss, L50, M|
|poke|p1|Incineroar, L50, M|
|poke|p1|Maushold, L50|
|poke|p2|Volcarona, L50, M|
|poke|p2|Rillaboom, L50, F|
|poke|p2|Sneasler, L50, F|
|poke|p2|Kingambit, L50, F|
|poke|p2|Dragonite, L50, F|
|poke|p2|Electabuzz, L50, F|
|teampreview|4
|showteam|p1|Archaludon||AssaultVest|Stamina|ElectroShot,DragonPulse,FlashCannon,BodyPress|||M|||50|,,,,,Grass]Basculegion||MysticWater|SwiftSwim|Protect,WaveCrash,AquaJet,LastRespects|||M|||50|,,,,,Water]Pelipper||FocusSash|Drizzle|Hurricane,WeatherBall,Tailwind,Protect|||F|||50|,,,,,Ghost]Amoonguss||SitrusBerry|Regenerator|Spore,RagePowder,PollenPuff,ClearSmog|||M|||50|,,,,,Water]Incineroar||SafetyGoggles|Intimidate|FakeOut,FlareBlitz,KnockOff,PartingShot|||M|||50|,,,,,Ghost]Maushold||WideLens|Technician|PopulationBomb,FollowMe,Taunt,Protect||||||50|,,,,,Grass
|showteam|p2|Volcarona||Leftovers|FlameBody|HeatWave,QuiverDance,Protect,GigaDrain|||M|||50|,,,,,Dragon]Rillaboom||AssaultVest|GrassySurge|FakeOut,GrassyGlide,WoodHammer,HighHorsepower|||F|||50|,,,,,Fire]Sneasler||FocusSash|Unburden|CloseCombat,DireClaw,Protect,FakeOut|||F|||50|,,,,,Stellar]Kingambit||BlackGlasses|Defiant|SuckerPunch,KowtowCleave,Protect,SwordsDance|||F|||50|,,,,,Dark]Dragonite||LoadedDice|Multiscale|ScaleShot,Protect,Haze,ExtremeSpeed|||F|||50|,,,,,Fairy]Electabuzz||Eviolite|VitalSpirit|Electroweb,Taunt,Protect,FollowMe|||F|||50|,,,,,Dragon
|inactive|Battle timer is ON: inactive players will automatically lose when time's up. (requested by movilnhanez)
|inactive|TeraShellBell has 60 seconds left.
|
|t:|1757938361
|teamsize|p1|4
|teamsize|p2|4
|start
|switch|p1a: Pelipper|Pelipper, L50, F|100/100
|switch|p1b: Basculegion|Basculegion, L50, M|100/100
|switch|p2a: Sneasler|Sneasler, L50, F|100/100
|switch|p2b: Electabuzz|Electabuzz, L50, F|100/100
|-weather|RainDance|[from] ability: Drizzle|[of] p1a: Pelipper
|turn|1
|inactive|TeraShellBell has 30 seconds left.
|
|t:|1757938390
|move|p1b: Basculegion|Protect|p1b: Basculegion
|-singleturn|p1b: Basculegion|Protect
|move|p1a: Pelipper|Protect|p1a: Pelipper
|-singleturn|p1a: Pelipper|Protect
|move|p2a: Sneasler|Dire Claw|p1b: Basculegion
|-activate|p1b: Basculegion|move: Protect
|move|p2b: Electabuzz|Electroweb|p1a: Pelipper|[spread] 
|-activate|p1a: Pelipper|move: Protect
|-activate|p1b: Basculegion|move: Protect
|
|-weather|RainDance|[upkeep]
|upkeep
|turn|2
|
|t:|1757938406
|move|p1b: Basculegion|Wave Crash|p2b: Electabuzz
|-damage|p2b: Electabuzz|20/100
|-damage|p1b: Basculegion|77/100|[from] Recoil
|move|p2a: Sneasler|Dire Claw|p1b: Basculegion
|-resisted|p1b: Basculegion
|-damage|p1b: Basculegion|49/100
|-status|p1b: Basculegion|psn
|move|p2b: Electabuzz|Electroweb|p1a: Pelipper|[spread] p1a,p1b
|-supereffective|p1a: Pelipper
|-supereffective|p1b: Basculegion
|-enditem|p1a: Pelipper|Focus Sash
|-damage|p1a: Pelipper|1/100
|-damage|p1b: Basculegion|15/100 psn
|-unboost|p1a: Pelipper|spe|1
|-unboost|p1b: Basculegion|spe|1
|move|p1a: Pelipper|Hurricane|p2a: Sneasler
|-supereffective|p2a: Sneasler
|-enditem|p2a: Sneasler|Focus Sash
|-damage|p2a: Sneasler|1/100
|-start|p2a: Sneasler|confusion
|
|-weather|RainDance|[upkeep]
|-damage|p1b: Basculegion|3/100 psn|[from] psn
|upkeep
|turn|3
|inactive|TeraShellBell has 30 seconds left.
|
|t:|1757938433
|-activate|p2a: Sneasler|confusion
|move|p2a: Sneasler|Protect|p2a: Sneasler
|-singleturn|p2a: Sneasler|Protect
|move|p1a: Pelipper|Protect|p1a: Pelipper
|-singleturn|p1a: Pelipper|Protect
|move|p1b: Basculegion|Aqua Jet|p2b: Electabuzz
|-crit|p2b: Electabuzz
|-damage|p2b: Electabuzz|0 fnt
|faint|p2b: Electabuzz
|
|-weather|RainDance|[upkeep]
|-damage|p1b: Basculegion|0 fnt|[from] psn
|faint|p1b: Basculegion
|upkeep
|
|t:|1757938448
|switch|p2b: Rillaboom|Rillaboom, L50, F|100/100
|switch|p1b: Incineroar|Incineroar, L50, M|100/100
|-fieldstart|move: Grassy Terrain|[from] ability: Grassy Surge|[of] p2b: Rillaboom
|-ability|p1b: Incineroar|Intimidate|boost
|-unboost|p2a: Sneasler|atk|1
|-unboost|p2b: Rillaboom|atk|1
|turn|4
|
|t:|1757938464
|switch|p1a: Archaludon|Archaludon, L50, M|100/100
|-terastallize|p1b: Incineroar|Ghost
|-activate|p2a: Sneasler|confusion
|move|p2a: Sneasler|Protect||[still]
|-fail|p2a: Sneasler
|move|p1b: Incineroar|Fake Out|p2a: Sneasler
|-damage|p2a: Sneasler|0 fnt
|faint|p2a: Sneasler
|move|p2b: Rillaboom|Grassy Glide|p1a: Archaludon
|-resisted|p1a: Archaludon
|-damage|p1a: Archaludon|96/100
|-ability|p1a: Archaludon|Stamina|boost
|-boost|p1a: Archaludon|def|1
|
|-weather|RainDance|[upkeep]
|-heal|p1a: Archaludon|100/100|[from] Grassy Terrain
|upkeep
|
|t:|1757938468
|switch|p2a: Volcarona|Volcarona, L50, M|100/100
|turn|5
|inactive|TeraShellBell has 30 seconds left.
|inactive|TeraShellBell has 20 seconds left.
|
|t:|1757938504
|move|p2a: Volcarona|Quiver Dance|p2a: Volcarona
|-boost|p2a: Volcarona|spa|1
|-boost|p2a: Volcarona|spd|1
|-boost|p2a: Volcarona|spe|1
|move|p2b: Rillaboom|High Horsepower|p1a: Archaludon
|-supereffective|p1a: Archaludon
|-damage|p1a: Archaludon|80/100
|-ability|p1a: Archaludon|Stamina|boost
|-boost|p1a: Archaludon|def|1
|move|p1a: Archaludon|Electro Shot||[still]
|-prepare|p1a: Archaludon|Electro Shot
|-boost|p1a: Archaludon|spa|1
|-anim|p1a: Archaludon|Electro Shot|p2b: Rillaboom
|-resisted|p2b: Rillaboom
|-damage|p2b: Rillaboom|78/100
|move|p1b: Incineroar|Knock Off|p2b: Rillaboom
|-damage|p2b: Rillaboom|37/100
|-enditem|p2b: Rillaboom|Assault Vest|[from] move: Knock Off|[of] p1b: Incineroar
|
|-weather|none
|-heal|p2b: Rillaboom|43/100|[from] Grassy Terrain
|-heal|p1a: Archaludon|86/100|[from] Grassy Terrain
|upkeep
|turn|6
|inactive|TeraShellBell has 30 seconds left.
|
|t:|1757938534
|move|p2a: Volcarona|Heat Wave|p1a: Archaludon|[spread] p1a,p1b
|-damage|p1a: Archaludon|42/100
|-damage|p1b: Incineroar|50/100
|-ability|p1a: Archaludon|Stamina|boost
|-boost|p1a: Archaludon|def|1
|move|p2b: Rillaboom|Wood Hammer|p1b: Incineroar
|-damage|p1b: Incineroar|0 fnt
|faint|p1b: Incineroar
|-damage|p2b: Rillaboom|27/100|[from] Recoil
|move|p1a: Archaludon|Dragon Pulse|p2a: Volcarona
|-damage|p2a: Volcarona|57/100
|
|-heal|p2a: Volcarona|63/100|[from] Grassy Terrain
|-heal|p2a: Volcarona|69/100|[from] item: Leftovers
|-heal|p2b: Rillaboom|33/100|[from] Grassy Terrain
|-heal|p1a: Archaludon|48/100|[from] Grassy Terrain
|upkeep
|
|t:|1757938550
|switch|p1b: Pelipper|Pelipper, L50, F|1/100
|-weather|RainDance|[from] ability: Drizzle|[of] p1b: Pelipper
|turn|7
|
|t:|1757938562
|move|p1b: Pelipper|Protect|p1b: Pelipper
|-singleturn|p1b: Pelipper|Protect
|move|p2a: Volcarona|Heat Wave|p1a: Archaludon|[spread] 
|-activate|p1b: Pelipper|move: Protect
|-miss|p2a: Volcarona|p1a: Archaludon
|move|p2b: Rillaboom|High Horsepower|p1a: Archaludon
|-supereffective|p1a: Archaludon
|-damage|p1a: Archaludon|36/100
|-ability|p1a: Archaludon|Stamina|boost
|-boost|p1a: Archaludon|def|1
|move|p1a: Archaludon|Electro Shot||[still]
|-prepare|p1a: Archaludon|Electro Shot
|-boost|p1a: Archaludon|spa|1
|-anim|p1a: Archaludon|Electro Shot|p2a: Volcarona
|-damage|p2a: Volcarona|14/100
|
|-weather|RainDance|[upkeep]
|-heal|p2a: Volcarona|20/100|[from] Grassy Terrain
|-heal|p2a: Volcarona|27/100|[from] item: Leftovers
|-heal|p2b: Rillaboom|39/100|[from] Grassy Terrain
|-heal|p1a: Archaludon|42/100|[from] Grassy Terrain
|upkeep
|turn|8
|
|t:|1757938583
|move|p2a: Volcarona|Heat Wave|p1b: Pelipper|[spread] p1a,p1b
|-resisted|p1b: Pelipper
|-damage|p1a: Archaludon|22/100
|-damage|p1b: Pelipper|0 fnt
|-ability|p1a: Archaludon|Stamina|boost
|-boost|p1a: Archaludon|def|1
|faint|p1b: Pelipper
|move|p2b: Rillaboom|High Horsepower|p1a: Archaludon
|-supereffective|p1a: Archaludon
|-damage|p1a: Archaludon|12/100
|-ability|p1a: Archaludon|Stamina|boost
|-boost|p1a: Archaludon|def|1
|move|p1a: Archaludon|Dragon Pulse|p2b: Rillaboom
|-damage|p2b: Rillaboom|0 fnt
|faint|p2b: Rillaboom
|
|-weather|RainDance|[upkeep]
|-heal|p2a: Volcarona|33/100|[from] Grassy Terrain
|-heal|p2a: Volcarona|39/100|[from] item: Leftovers
|-heal|p1a: Archaludon|18/100|[from] Grassy Terrain
|-fieldend|move: Grassy Terrain
|upkeep
|turn|9
|
|t:|1757938599
|move|p2a: Volcarona|Heat Wave|p1a: Archaludon
|-damage|p1a: Archaludon|0 fnt
|faint|p1a: Archaludon
|
|win|movilnhanez
|raw|TeraShellBell's rating: 1090 → 1063(-27 for losing)
|raw|movilnhanez's rating: 1045 → 1083(+38 for winning)
|l|☆movilnhanez
|player|p2|
