|j|☆Astterio
|j|☆crudo de fava
|html|Astteriocrudo de fava    
|uhtml|bestof|Game 1 of a best-of-3
|t:|1756559411
|gametype|doubles
|player|p1|Astterio|eusine|1261
|player|p2|crudo de fava|cyclist-gen4|1318
|gen|9
|tier|[Gen 9] VGC 2025 Reg H (Bo3)
|rated|
|rule|Species Clause: Limit one of each Pokémon
|rule|Item Clause: Limit 1 of each item
|clearpoke
|poke|p1|Porygon2, L50|
|poke|p1|Hydreigon, L50, M|
|poke|p1|Incineroar, L50, M|
|poke|p1|Ursaluna, L50, F|
|poke|p1|Amoonguss, L50, F|
|poke|p1|Gholdengo, L50|
|poke|p2|Charizard, L50, M|
|poke|p2|Torkoal, L50, F|
|poke|p2|Porygon2, L50|
|poke|p2|Incineroar, L50, F|
|poke|p2|Jumpluff, L50, M|
|poke|p2|Ursaluna, L50, F|
|teampreview|4
|showteam|p1|Porygon2||Eviolite|Download|TeraBlast,IceBeam,TrickRoom,Recover||||||50|,,,,,Fighting]Hydreigon||SafetyGoggles|Levitate|Snarl,DracoMeteor,Tailwind,Protect|||M|||50|,,,,,Ghost]Incineroar||SitrusBerry|Intimidate|FlareBlitz,KnockOff,PartingShot,FakeOut|||M|||50|,,,,,Grass]Ursaluna||FlameOrb|Guts|Facade,HeadlongRush,Earthquake,Protect|||F|||50|,,,,,Ghost]Amoonguss||CovertCloak|Regenerator|PollenPuff,Spore,RagePowder,Protect|||F|||50|,,,,,Fire]Gholdengo||LifeOrb|GoodasGold|MakeItRain,ShadowBall,NastyPlot,Protect||||||50|,,,,,Water
|showteam|p2|Charizard||ChoiceSpecs|SolarPower|HeatWave,Overheat,WeatherBall,AirSlash|||M|||50|,,,,,Ghost]Torkoal||EjectPack|Drought|Eruption,Overheat,HelpingHand,Protect|||F|||50|,,,,,Fire]Porygon2||Eviolite|Download|TeraBlast,IceBeam,Recover,TrickRoom||||||50|,,,,,Fighting]Incineroar||SitrusBerry|Intimidate|FlareBlitz,KnockOff,FakeOut,PartingShot|||F|||50|,,,,,Ghost]Jumpluff||CovertCloak|Chlorophyll|SleepPowder,SunnyDay,RagePowder,Tailwind|||M|||50|,,,,,Water]Ursaluna||FlameOrb|Guts|HeadlongRush,Facade,Earthquake,Protect|||F|||50|,,,,,Ghost
|inactive|Battle timer is ON: inactive players will automatically lose when time's up. (requested by Astterio)
|
|t:|1756559437
|teamsize|p1|4
|teamsize|p2|4
|start
|switch|p1a: Hydreigon|Hydreigon, L50, M, shiny|100/100
|switch|p1b: Amoonguss|Amoonguss, L50, F, shiny|100/100
|switch|p2a: Torkoal|Torkoal, L50, F|100/100
|switch|p2b: Charizard|Charizard, L50, M|100/100
|-weather|SunnyDay|[from] ability: Drought|[of] p2a: Torkoal
|turn|1
|inactive|crudo de fava has 30 seconds left.
|inactive|crudo de fava has 20 seconds left.
|inactive|crudo de fava has 15 seconds left.
|inactive|crudo de fava has 10 seconds left.
|
|t:|1756559486
|-terastallize|p1b: Amoonguss|Fire
|move|p2a: Torkoal|Helping Hand|p2b: Charizard
|-singleturn|p2b: Charizard|Helping Hand|[of] p2a: Torkoal
|move|p2b: Charizard|Overheat|p1b: Amoonguss
|-resisted|p1b: Amoonguss
|-damage|p1b: Amoonguss|0 fnt
|-unboost|p2b: Charizard|spa|2
|faint|p1b: Amoonguss
|move|p1a: Hydreigon|Snarl|p2a: Torkoal|[spread] p2b
|-miss|p1a: Hydreigon|p2a: Torkoal
|-damage|p2b: Charizard|74/100
|-unboost|p2b: Charizard|spa|1
|
|-weather|SunnyDay|[upkeep]
|-damage|p2b: Charizard|62/100|[from] ability: Solar Power|[of] p2b: Charizard
|upkeep
|
|t:|1756559497
|switch|p1b: Porygon2|Porygon2, L50, shiny|100/100
|-ability|p1b: Porygon2|Download|boost
|-boost|p1b: Porygon2|spa|1
|turn|2
|
|t:|1756559508
|switch|p2b: Jumpluff|Jumpluff, L50, M|100/100
|move|p1a: Hydreigon|Snarl|p2a: Torkoal|[spread] p2a,p2b
|-damage|p2a: Torkoal|75/100
|-damage|p2b: Jumpluff|79/100
|-unboost|p2a: Torkoal|spa|1
|-enditem|p2a: Torkoal|Eject Pack
|
|t:|1756559517
|switch|p2a: Charizard|Charizard, L50, M|62/100
|move|p1b: Porygon2|Tera Blast|p2b: Jumpluff
|-damage|p2b: Jumpluff|30/100
|
|-weather|SunnyDay|[upkeep]
|-damage|p2a: Charizard|50/100|[from] ability: Solar Power|[of] p2a: Charizard
|upkeep
|turn|3
|inactive|crudo de fava has 30 seconds left.
|
|t:|1756559544
|move|p2b: Jumpluff|Tailwind|p2b: Jumpluff
|-sidestart|p2: crudo de fava|move: Tailwind
|move|p2a: Charizard|Overheat|p1b: Porygon2
|-damage|p1b: Porygon2|0 fnt
|-unboost|p2a: Charizard|spa|2
|faint|p1b: Porygon2
|move|p1a: Hydreigon|Snarl|p2a: Charizard|[spread] p2a,p2b
|-damage|p2a: Charizard|24/100
|-damage|p2b: Jumpluff|9/100
|-unboost|p2a: Charizard|spa|1
|
|-weather|SunnyDay|[upkeep]
|-damage|p2a: Charizard|12/100|[from] ability: Solar Power|[of] p2a: Charizard
|upkeep
|
|t:|1756559549
|switch|p1b: Incineroar|Incineroar, L50, M, shiny|100/100
|-ability|p1b: Incineroar|Intimidate|boost
|-unboost|p2a: Charizard|atk|1
|-unboost|p2b: Jumpluff|atk|1
|turn|4
|
|t:|1756559562
|switch|p2b: Ursaluna|Ursaluna, L50, F|100/100
|move|p1b: Incineroar|Fake Out|p2b: Ursaluna
|-damage|p2b: Ursaluna|92/100
|move|p2a: Charizard|Overheat|p1b: Incineroar
|-resisted|p1b: Incineroar
|-damage|p1b: Incineroar|64/100
|-unboost|p2a: Charizard|spa|2
|move|p1a: Hydreigon|Tailwind|p1a: Hydreigon
|-sidestart|p1: Astterio|move: Tailwind
|
|-weather|SunnyDay|[upkeep]
|-damage|p2a: Charizard|0 fnt|[from] ability: Solar Power|[of] p2a: Charizard
|faint|p2a: Charizard
|-status|p2b: Ursaluna|brn|[from] item: Flame Orb
|upkeep
|
|t:|1756559570
|switch|p2a: Jumpluff|Jumpluff, L50, M|9/100
|turn|5
|
|t:|1756559587
|move|p1a: Hydreigon|Protect|p1a: Hydreigon
|-singleturn|p1a: Hydreigon|Protect
|move|p2a: Jumpluff|Sleep Powder|p1b: Incineroar
|-status|p1b: Incineroar|slp|[from] move: Sleep Powder
|cant|p1b: Incineroar|slp
|move|p2b: Ursaluna|Facade|p1a: Hydreigon
|-activate|p1a: Hydreigon|move: Protect
|
|-weather|none
|-damage|p2b: Ursaluna|86/100 brn|[from] brn
|upkeep
|turn|6
|
|t:|1756559596
|move|p2a: Jumpluff|Rage Powder|p2a: Jumpluff
|-singleturn|p2a: Jumpluff|move: Rage Powder
|move|p1a: Hydreigon|Draco Meteor|p2b: Ursaluna
|-crit|p2b: Ursaluna
|-damage|p2b: Ursaluna|0 fnt
|-unboost|p1a: Hydreigon|spa|2
|faint|p2b: Ursaluna
|cant|p1b: Incineroar|slp
|
|-sideend|p2: crudo de fava|move: Tailwind
|upkeep
|
|t:|1756559602
|switch|p2b: Torkoal|Torkoal, L50, F|75/100
|-weather|SunnyDay|[from] ability: Drought|[of] p2b: Torkoal
|turn|7
|
|t:|1756559625
|-terastallize|p2b: Torkoal|Fire
|move|p2a: Jumpluff|Sleep Powder|p1b: Incineroar
|-fail|p1b: Incineroar|slp
|move|p1a: Hydreigon|Snarl|p2a: Jumpluff|[spread] p2a,p2b
|-damage|p2a: Jumpluff|0 fnt
|-damage|p2b: Torkoal|61/100
|-unboost|p2b: Torkoal|spa|1
|faint|p2a: Jumpluff
|-curestatus|p1b: Incineroar|slp|[msg]
|move|p1b: Incineroar|Knock Off|p2b: Torkoal
|-damage|p2b: Torkoal|41/100
|move|p2b: Torkoal|Eruption|p1b: Incineroar|[spread] p1a,p1b
|-resisted|p1a: Hydreigon
|-resisted|p1b: Incineroar
|-damage|p1a: Hydreigon|85/100
|-damage|p1b: Incineroar|51/100
|
|-weather|SunnyDay|[upkeep]
|-sideend|p1: Astterio|move: Tailwind
|upkeep
|turn|8
|-message|crudo de fava forfeited.
|
|win|Astterio
