|j|☆opkjibhionj
|j|☆dawnenen
|html|opkjibhionjdawnenen    
|uhtml|bestof|Game 2 of a best-of-3
|t:|1784990658
|gametype|doubles
|player|p1|opkjibhionj|pokemonrangerf|1000
|player|p2|dawnenen|galacticgruntf|1104
|gen|9
|tier|[Gen 9 Champions] VGC 2026 Reg M-B (Bo3)
|rated|
|rule|Species Clause: Limit one of each Pokémon
|rule|Item Clause: Limit 1 of each item
|clearpoke
|poke|p1|Farigiraf, L50, F|
|poke|p1|Gholdengo, L50|
|poke|p1|Whimsicott, L50, M|
|poke|p1|Lopunny, L50, M|
|poke|p1|Incineroar, L50, M|
|poke|p1|Garchomp, L50, M|
|poke|p2|Aerodactyl, L50, M|
|poke|p2|Garchomp, L50, M|
|poke|p2|Sylveon, L50, M|
|poke|p2|Farigiraf, L50, M|
|poke|p2|Kingambit, L50, M|
|poke|p2|Charizard, L50, M|
|teampreview|4
|showteam|p1|Farigiraf||ColburBerry|ArmorTail|TrickRoom,TwinBeam,HyperVoice,Thunderbolt|Modest||F|||50|]Gholdengo||Leftovers|GoodasGold|NastyPlot,MakeItRain,ShadowBall,Protect|Modest|||||50|]Whimsicott||FocusSash|Prankster|Tailwind,Protect,Moonblast,Encore|Timid||M|||50|]Lopunny||Lopunnite|CuteCharm|FakeOut,Uturn,MegaKick,HighJumpKick|Jolly||M|||50|]Incineroar||SitrusBerry|Intimidate|FakeOut,FlareBlitz,DarkestLariat,PartingShot|Careful||M|||50|]Garchomp||LifeOrb|RoughSkin|StompingTantrum,RockSlide,DragonClaw,Protect|Adamant||M|||50|
|showteam|p2|Aerodactyl||Aerodactylite|Unnerve|RockSlide,DualWingbeat,IceFang,Tailwind|Jolly||M|||50|]Garchomp||LifeOrb|RoughSkin|DragonClaw,Earthquake,StompingTantrum,Protect|Jolly||M|||50|]Sylveon||FairyFeather|Pixilate|HyperVoice,HyperBeam,QuickAttack,Detect|Modest||M|||50|]Farigiraf||SitrusBerry|ArmorTail|Psychic,Thunderbolt,TrickRoom,Protect|Bold||M|||50|]Kingambit||FocusSash|Defiant|KowtowCleave,IronHead,SuckerPunch,LowKick|Adamant||M|||50|]Charizard||CharizarditeY|Blaze|Protect,HeatWave,SolarBeam,WeatherBall|Modest||M|||50|
|inactive|Battle timer is ON: inactive players will automatically lose when time's up. (requested by dawnenen)
|inactive|opkjibhionj also wants the timer to be on.
|inactive|dawnenen has 60 seconds left.
|
|t:|1784990689
|teamsize|p1|4
|teamsize|p2|4
|start
|switch|p1a: Lopunny|Lopunny, L50, M|100/100
|switch|p1b: Gholdengo|Gholdengo, L50|100/100
|switch|p2a: Farigiraf|Farigiraf, L50, M|100/100
|switch|p2b: Kingambit|Kingambit, L50, M|100/100
|turn|1
|
|t:|1784990704
|detailschange|p1a: Lopunny|Lopunny-Mega, L50, M
|-mega|p1a: Lopunny|Lopunny|Lopunnite
|move|p1a: Lopunny|High Jump Kick|p2b: Kingambit
|-supereffective|p2b: Kingambit|2
|-enditem|p2b: Kingambit|Focus Sash
|-damage|p2b: Kingambit|1/100
|move|p1b: Gholdengo|Make It Rain|p2b: Kingambit|[spread] p2a,p2b
|-resisted|p2b: Kingambit|1
|-damage|p2a: Farigiraf|59/100
|-damage|p2b: Kingambit|0 fnt
|-unboost|p1b: Gholdengo|spa|2
|faint|p2b: Kingambit
|move|p2a: Farigiraf|Trick Room|p2a: Farigiraf
|-fieldstart|move: Trick Room|[of] p2a: Farigiraf
|
|upkeep
|
|t:|1784990717
|switch|p2b: Sylveon|Sylveon, L50, M|100/100
|turn|2
|
|t:|1784990726
|switch|p1a: Farigiraf|Farigiraf, L50, F|100/100
|move|p2a: Farigiraf|Thunderbolt|p1b: Gholdengo
|-damage|p1b: Gholdengo|74/100
|move|p2b: Sylveon|Hyper Beam|p1a: Farigiraf
|-damage|p1a: Farigiraf|0 fnt
|-mustrecharge|p2b: Sylveon
|faint|p1a: Farigiraf
|move|p1b: Gholdengo|Nasty Plot|p1b: Gholdengo
|-boost|p1b: Gholdengo|spa|2
|
|-heal|p1b: Gholdengo|80/100|[from] item: Leftovers
|upkeep
|
|t:|1784990740
|switch|p1a: Whimsicott|Whimsicott, L50, M|100/100
|turn|3
|
|t:|1784990745
|move|p2a: Farigiraf|Psychic|p1b: Gholdengo
|-resisted|p1b: Gholdengo|1
|-damage|p1b: Gholdengo|63/100
|cant|p2b: Sylveon|recharge
|move|p1b: Gholdengo|Nasty Plot|p1b: Gholdengo
|-boost|p1b: Gholdengo|spa|2
|move|p1a: Whimsicott|Moonblast|p2b: Sylveon
|-damage|p2b: Sylveon|73/100
|
|-heal|p1b: Gholdengo|69/100|[from] item: Leftovers
|upkeep
|turn|4
|inactive|dawnenen has 30 seconds left.
|inactive|dawnenen has 20 seconds left.
|inactive|dawnenen has 15 seconds left.
|
|t:|1784990786
|switch|p2a: Charizard|Charizard, L50, M|100/100
|move|p1b: Gholdengo|Protect|p1b: Gholdengo
|-singleturn|p1b: Gholdengo|Protect
|move|p2b: Sylveon|Hyper Beam|p1b: Gholdengo
|-activate|p1b: Gholdengo|move: Protect
|move|p1a: Whimsicott|Moonblast|p2b: Sylveon
|-damage|p2b: Sylveon|48/100
|
|-heal|p1b: Gholdengo|74/100|[from] item: Leftovers
|upkeep
|turn|5
|
|t:|1784990810
|detailschange|p2a: Charizard|Charizard-Mega-Y, L50, M
|-mega|p2a: Charizard|Charizard|Charizardite Y
|-weather|SunnyDay|[from] ability: Drought|[of] p2a: Charizard
|move|p2b: Sylveon|Hyper Voice|p1b: Gholdengo|[spread] p1a,p1b
|-resisted|p1b: Gholdengo|1
|-damage|p1a: Whimsicott|23/100
|-damage|p1b: Gholdengo|50/100g
|move|p1b: Gholdengo|Shadow Ball|p2a: Charizard
|-damage|p2a: Charizard|27/100
|move|p2a: Charizard|Heat Wave|p1a: Whimsicott|[spread] p1a,p1b
|-supereffective|p1a: Whimsicott|1
|-supereffective|p1b: Gholdengo|1
|-damage|p1a: Whimsicott|0 fnt
|-damage|p1b: Gholdengo|0 fnt
|faint|p1a: Whimsicott
|faint|p1b: Gholdengo
|
|-weather|SunnyDay|[upkeep]
|-fieldend|move: Trick Room
|upkeep
|
|t:|1784990821
|switch|p1b: Lopunny|Lopunny-Mega, L50, M|100/100
|turn|6
|
|t:|1784990832
|move|p1b: Lopunny|Mega Kick|p2b: Sylveon|[miss]
|-miss|p1b: Lopunny|p2b: Sylveon
|move|p2a: Charizard|Weather Ball|p1b: Lopunny
|-damage|p1b: Lopunny|0 fnt
|faint|p1b: Lopunny
|
|win|dawnenen
|l|☆opkjibhionj
|player|p1|
||opkjibhionj is ready for game 3.
||dawnenen is ready for game 3.
|uhtml|next|Next: Game 3 of 3
