|j|☆bcam1
|j|☆LHoluj8
|html|bcam1LHoluj8    
|uhtml|bestof|Game 1 of a best-of-3
|t:|1782495369
|gametype|doubles
|player|p1|bcam1|2|1131
|player|p2|LHoluj8|crasherwake|1000
|gen|9
|tier|[Gen 9 Champions] VGC 2026 Reg M-B (Bo3)
|rated|
|rule|Species Clause: Limit one of each Pokémon
|rule|Item Clause: Limit 1 of each item
|clearpoke
|poke|p1|Staraptor, L50, M|
|poke|p1|Grimmsnarl, L50, M|
|poke|p1|Incineroar, L50, F|
|poke|p1|Metagross, L50|
|poke|p1|Sylveon, L50, F|
|poke|p1|Milotic, L50, M|
|poke|p2|Sceptile, L50, M|
|poke|p2|Heliolisk, L50, F|
|poke|p2|Incineroar, L50, M|
|poke|p2|Basculegion, L50, M|
|poke|p2|Mawile, L50, M|
|poke|p2|Whimsicott, L50, F|
|teampreview|4
|showteam|p1|Staraptor||Staraptite|Intimidate|Protect,CloseCombat,DualWingbeat,QuickAttack|Jolly||M|||50|]Grimmsnarl||LightClay|Prankster|SpiritBreak,PartingShot,LightScreen,Reflect|Careful||M|||50|]Incineroar||SitrusBerry|Intimidate|FakeOut,PartingShot,BrickBreak,FlareBlitz|Impish||F|||50|]Metagross||Metagrossite|ClearBody|Protect,Trailblaze,MeteorMash,PsychicFangs|Jolly|||||50|]Sylveon||FairyFeather|Pixilate|Protect,Wish,HyperVoice,Yawn|Calm||F|||50|]Milotic||Leftovers|Competitive|Protect,IcyWind,Scald,LifeDew|Bold||M|||50|
|showteam|p2|Sceptile||Sceptilite|Overgrow|DragonPulse,Protect,GigaDrain,VacuumWave|Modest||M|||50|]Heliolisk||ChoiceScarf|DrySkin|Discharge,GrassKnot,Thunderbolt,HyperVoice|Modest||F|||50|]Incineroar||SitrusBerry|Intimidate|FakeOut,PartingShot,FlareBlitz,DarkestLariat|Adamant||M|||50|]Basculegion||MysticWater|Adaptability|AquaJet,WaveCrash,LastRespects,Protect|Adamant||M|||50|]Mawile||Mawilite|Intimidate|SuckerPunch,PlayRough,Protect,KnockOff|Adamant||M|||50|]Whimsicott||FocusSash|Prankster|Tailwind,Encore,Taunt,Moonblast|Timid||F|||50|
|inactive|Battle timer is ON: inactive players will automatically lose when time's up. (requested by bcam1)
|inactive|LHoluj8 has 60 seconds left.
|inactive|LHoluj8 has 30 seconds left.
|inactive|LHoluj8 has 20 seconds left.
|
|t:|1782495447
|teamsize|p1|4
|teamsize|p2|4
|start
|switch|p1a: Milotic|Milotic, L50, M|100/100
|switch|p1b: Grimmsnarl|Grimmsnarl, L50, M|100/100
|switch|p2a: Heliolisk|Heliolisk, L50, F|100/100
|switch|p2b: Sceptile|Sceptile, L50, M|100/100
|turn|1
|
|t:|1782495468
|detailschange|p2b: Sceptile|Sceptile-Mega, L50, M
|-mega|p2b: Sceptile|Sceptile|Sceptilite
|move|p1b: Grimmsnarl|Light Screen|p1b: Grimmsnarl
|-sidestart|p1: bcam1|move: Light Screen
|move|p2a: Heliolisk|Discharge|p1a: Milotic|[spread] p1a,p1b
|-ability|p2b: Sceptile|Lightning Rod|boost
|-boost|p2b: Sceptile|spa|1
|-supereffective|p1a: Milotic|1
|-damage|p1a: Milotic|71/100
|-damage|p1b: Grimmsnarl|84/100
|move|p2b: Sceptile|Giga Drain|p1b: Grimmsnarl
|-damage|p1b: Grimmsnarl|45/100
|move|p1a: Milotic|Icy Wind|p2a: Heliolisk|[spread] p2a,p2b
|-supereffective|p2b: Sceptile|2
|-damage|p2a: Heliolisk|85/100
|-damage|p2b: Sceptile|44/100
|-unboost|p2a: Heliolisk|spe|1
|-unboost|p2b: Sceptile|spe|1
|
|-heal|p1a: Milotic|77/100|[from] item: Leftovers
|upkeep
|turn|2
|inactive|LHoluj8 has 30 seconds left.
|
|t:|1782495503
|move|p1b: Grimmsnarl|Parting Shot|p2b: Sceptile
|-unboost|p2b: Sceptile|atk|1
|-unboost|p2b: Sceptile|spa|1
|
|t:|1782495505
|switch|p1b: Incineroar|Incineroar, L50, F|100/100|[from] Parting Shot
|-ability|p1b: Incineroar|Intimidate|boost
|-unboost|p2a: Heliolisk|atk|1
|-unboost|p2b: Sceptile|atk|1
|move|p2b: Sceptile|Giga Drain|p1a: Milotic
|-supereffective|p1a: Milotic|1
|-damage|p1a: Milotic|31/100
|-heal|p2b: Sceptile|77/100|[from] drain|[of] p1a: Milotic
|move|p2a: Heliolisk|Discharge|p1a: Milotic|[spread] p1a,p1b
|-ability|p2b: Sceptile|Lightning Rod|boost
|-boost|p2b: Sceptile|spa|1
|-supereffective|p1a: Milotic|1
|-damage|p1a: Milotic|1/100
|-damage|p1b: Incineroar|79/100
|-status|p1a: Milotic|par
|move|p1a: Milotic|Icy Wind|p2b: Sceptile|[spread] p2b
|-miss|p1a: Milotic|p2a: Heliolisk
|-supereffective|p2b: Sceptile|2
|-damage|p2b: Sceptile|19/100
|-unboost|p2b: Sceptile|spe|1
|
|-heal|p1a: Milotic|7/100 par|[from] item: Leftovers
|upkeep
|turn|3
|inactive|LHoluj8 has 30 seconds left.
|
|t:|1782495536
|switch|p2a: Whimsicott|Whimsicott, L50, F|100/100
|move|p2b: Sceptile|Protect|p2b: Sceptile
|-singleturn|p2b: Sceptile|Protect
|move|p1b: Incineroar|Fake Out|p2a: Whimsicott
|-damage|p2a: Whimsicott|84/100
|move|p1a: Milotic|Icy Wind|p2a: Whimsicott|[spread] p2a
|-activate|p2b: Sceptile|move: Protect
|-supereffective|p2a: Whimsicott|1
|-damage|p2a: Whimsicott|51/100
|-unboost|p2a: Whimsicott|spe|1
|
|-heal|p1a: Milotic|13/100 par|[from] item: Leftovers
|upkeep
|turn|4
|inactive|LHoluj8 has 30 seconds left.
|inactive|LHoluj8 has 20 seconds left.
|
|t:|1782495573
|switch|p1b: Grimmsnarl|Grimmsnarl, L50, M|45/100
|move|p2a: Whimsicott|Tailwind|p2a: Whimsicott
|-sidestart|p2: LHoluj8|move: Tailwind
|move|p2b: Sceptile|Vacuum Wave|p1a: Milotic
|-damage|p1a: Milotic|1/100 par
|move|p1a: Milotic|Icy Wind|p2a: Whimsicott|[spread] p2a,p2b
|-supereffective|p2a: Whimsicott|1
|-supereffective|p2b: Sceptile|2
|-damage|p2a: Whimsicott|17/100
|-damage|p2b: Sceptile|0 fnt
|-unboost|p2a: Whimsicott|spe|1
|faint|p2b: Sceptile
|
|-heal|p1a: Milotic|6/100 par|[from] item: Leftovers
|upkeep
|
|t:|1782495593
|switch|p2b: Heliolisk|Heliolisk, L50, F|85/100
|turn|5
|inactive|LHoluj8 has 30 seconds left.
|
|t:|1782495622
|move|p1a: Milotic|Protect|p1a: Milotic
|-singleturn|p1a: Milotic|Protect
|move|p1b: Grimmsnarl|Parting Shot|p2b: Heliolisk
|-unboost|p2b: Heliolisk|atk|1
|-unboost|p2b: Heliolisk|spa|1
|
|t:|1782495628
|switch|p1b: Incineroar|Incineroar, L50, F|79/100|[from] Parting Shot
|-ability|p1b: Incineroar|Intimidate|boost
|-unboost|p2a: Whimsicott|atk|1
|-unboost|p2b: Heliolisk|atk|1
|move|p2b: Heliolisk|Hyper Voice|p1b: Incineroar|[spread] p1b
|-activate|p1a: Milotic|move: Protect
|-damage|p1b: Incineroar|63/100
|move|p2a: Whimsicott|Moonblast|p1b: Incineroar
|-damage|p1b: Incineroar|40/100
|-enditem|p1b: Incineroar|Sitrus Berry|[eat]
|-heal|p1b: Incineroar|65/100|[from] item: Sitrus Berry
|
|-heal|p1a: Milotic|12/100 par|[from] item: Leftovers
|upkeep
|turn|6
|
|t:|1782495645
|switch|p2a: Basculegion|Basculegion, L50, M|100/100
|move|p2b: Heliolisk|Hyper Voice|p1a: Milotic|[spread] p1a,p1b
|-damage|p1a: Milotic|2/100 par
|-damage|p1b: Incineroar|51/100
|move|p1b: Incineroar|Flare Blitz|p2a: Basculegion
|-resisted|p2a: Basculegion|1
|-damage|p2a: Basculegion|73/100
|-damage|p1b: Incineroar|41/100|[from] Recoil
|move|p1a: Milotic|Icy Wind|p2a: Basculegion|[spread] p2a,p2b
|-resisted|p2a: Basculegion|1
|-damage|p2a: Basculegion|68/100
|-damage|p2b: Heliolisk|71/100
|-unboost|p2a: Basculegion|spe|1
|-unboost|p2b: Heliolisk|spe|1
|
|-heal|p1a: Milotic|8/100 par|[from] item: Leftovers
|upkeep
|turn|7
|inactive|LHoluj8 has 30 seconds left.
|inactive|LHoluj8 has 20 seconds left.
|inactive|LHoluj8 has 15 seconds left.
|inactive|LHoluj8 has 10 seconds left.
|
|t:|1782495693
|move|p2a: Basculegion|Aqua Jet|p1b: Incineroar
|-supereffective|p1b: Incineroar|1
|-damage|p1b: Incineroar|0 fnt
|faint|p1b: Incineroar
|move|p2b: Heliolisk|Hyper Voice|p1a: Milotic
|-damage|p1a: Milotic|0 fnt
|faint|p1a: Milotic
|
|-sideend|p2: LHoluj8|move: Tailwind
|upkeep
|
|t:|1782495703
|switch|p1a: Grimmsnarl|Grimmsnarl, L50, M|45/100
|switch|p1b: Staraptor|Staraptor, L50, M|100/100
|-ability|p1b: Staraptor|Intimidate|boost
|-unboost|p2a: Basculegion|atk|1
|-unboost|p2b: Heliolisk|atk|1
|turn|8
|inactive|LHoluj8 has 30 seconds left.
|
|t:|1782495729
|switch|p2b: Whimsicott|Whimsicott, L50, F|17/100
|detailschange|p1b: Staraptor|Staraptor-Mega, L50, M
|-mega|p1b: Staraptor|Staraptor|Staraptite
|move|p1a: Grimmsnarl|Reflect|p1a: Grimmsnarl
|-sidestart|p1: bcam1|Reflect
|move|p1b: Staraptor|Close Combat|p2b: Whimsicott
|-resisted|p2b: Whimsicott|1
|-damage|p2b: Whimsicott|0 fnt
|-boost|p1b: Staraptor|def|1
|-boost|p1b: Staraptor|spd|1
|faint|p2b: Whimsicott
|move|p2a: Basculegion|Wave Crash|p1a: Grimmsnarl
|-damage|p1a: Grimmsnarl|0 fnt
|faint|p1a: Grimmsnarl
|-damage|p2a: Basculegion|55/100|[from] Recoil
|
|-sideend|p1: bcam1|move: Light Screen
|upkeep
|
|t:|1782495747
|switch|p2b: Heliolisk|Heliolisk, L50, F|71/100
|turn|9
|
|t:|1782495765
|move|p2b: Heliolisk|Thunderbolt|p1b: Staraptor
|-supereffective|p1b: Staraptor|1
|-damage|p1b: Staraptor|21/100
|-status|p1b: Staraptor|par
|move|p1b: Staraptor|Close Combat|p2b: Heliolisk
|-supereffective|p2b: Heliolisk|1
|-damage|p2b: Heliolisk|0 fnt
|-boost|p1b: Staraptor|def|1
|-boost|p1b: Staraptor|spd|1
|faint|p2b: Heliolisk
|move|p2a: Basculegion|Last Respects|p1b: Staraptor
|-crit|p1b: Staraptor
|-damage|p1b: Staraptor|0 fnt
|faint|p1b: Staraptor
|
|win|LHoluj8
|inactive|bcam1 has 30 seconds to confirm battle start!
|inactive|LHoluj8 has 30 seconds to confirm battle start!
||bcam1 is ready for game 2.
|inactive|LHoluj8 has 20 seconds to confirm battle start!
|inactive|LHoluj8 has 10 seconds to confirm battle start!
