|j|☆dambro222
|j|☆sorriae
|html|dambro222sorriae    
|uhtml|bestof|Game 1 of a best-of-3
|t:|1756845782
|gametype|doubles
|player|p1|dambro222|ethan|1103
|player|p2|sorriae|hiker-gen4|1192
|gen|9
|tier|[Gen 9] VGC 2025 Reg H (Bo3)
|rated|
|rule|Species Clause: Limit one of each Pokémon
|rule|Item Clause: Limit 1 of each item
|clearpoke
|poke|p1|Dragonite, L50, M|
|poke|p1|Volcarona, L50, F|
|poke|p1|Sneasler, L50, M|
|poke|p1|Rillaboom, L50, M|
|poke|p1|Electabuzz, L50, M|
|poke|p1|Kingambit, L50, M|
|poke|p2|Exeggutor, L50, F|
|poke|p2|Indeedee-F, L50, F|
|poke|p2|Gallade, L50, M|
|poke|p2|Torkoal, L50, M|
|poke|p2|Garchomp, L50, F|
|poke|p2|Incineroar, L50, M|
|teampreview|4
|showteam|p1|Dragonite||LoadedDice|Multiscale|ScaleShot,ExtremeSpeed,Haze,Protect|||M|||50|,,,,,Fairy]Volcarona||CovertCloak|FlameBody|HeatWave,TeraBlast,QuiverDance,Protect|||F|||50|,,,,,Fairy]Sneasler||FocusSash|Unburden|CloseCombat,DireClaw,RockSlide,Protect|||M|||50|,,,,,Stellar]Rillaboom||AssaultVest|GrassySurge|WoodHammer,GrassyGlide,HighHorsepower,FakeOut|||M|||50|,,,,,Water]Electabuzz||Eviolite|VitalSpirit|Electroweb,FollowMe,Taunt,Protect|||M|||50|,,,,,Ghost]Kingambit||BlackGlasses|Defiant|KowtowCleave,SuckerPunch,SwordsDance,Protect|||M|||50|,,,,,Dark
|showteam|p2|Exeggutor||SitrusBerry|Harvest|ExpandingForce,GigaDrain,SleepPowder,TrickRoom|||F|||50|,,,,,Psychic]Indeedee-F||RockyHelmet|PsychicSurge|FollowMe,HelpingHand,DazzlingGleam,TrickRoom|||F|||50|,,,,,Steel]Gallade||SafetyGoggles|Sharpness|PsychoCut,SacredSword,WideGuard,TrickRoom|||M|||50|,,,,,Water]Torkoal||AirBalloon|Drought|Eruption,HeatWave,WeatherBall,SolarBeam|||M|||50|,,,,,Fire]Garchomp||ClearAmulet|RoughSkin|Earthquake,StompingTantrum,RockSlide,Protect|||F|||50|,,,,,Steel]Incineroar||CovertCloak|Intimidate|FakeOut,PartingShot,KnockOff,FlareBlitz|||M|||50|,,,,,Flying
|inactive|Battle timer is ON: inactive players will automatically lose when time's up. (requested by dambro222)
|inactive|dambro222 has 60 seconds left.
|inactive|sorriae has 60 seconds left.
|
|t:|1756845837
|teamsize|p1|4
|teamsize|p2|4
|start
|switch|p1a: Kingambit|Kingambit, L50, M, shiny|100/100
|switch|p1b: Electabuzz|Electabuzz, L50, M|100/100
|switch|p2a: Garchomp|Garchomp, L50, F|100/100
|switch|p2b: Indeedee|Indeedee-F, L50, F|100/100
|-fieldstart|move: Psychic Terrain|[from] ability: Psychic Surge|[of] p2b: Indeedee
|turn|1
|inactive|sorriae has 30 seconds left.
|inactive|sorriae has 20 seconds left.
|
|t:|1756845877
|switch|p1b: Rillaboom|Rillaboom, L50, M|100/100
|-fieldstart|move: Grassy Terrain|[from] ability: Grassy Surge|[of] p1b: Rillaboom
|-terastallize|p1a: Kingambit|Dark
|move|p2b: Indeedee|Helping Hand|p2a: Garchomp
|-singleturn|p2a: Garchomp|Helping Hand|[of] p2b: Indeedee
|move|p2a: Garchomp|Stomping Tantrum|p1a: Kingambit
|-damage|p1a: Kingambit|53/100
|move|p1a: Kingambit|Kowtow Cleave|p2b: Indeedee
|-supereffective|p2b: Indeedee
|-damage|p2b: Indeedee|0 fnt
|-damage|p1a: Kingambit|36/100|[from] item: Rocky Helmet|[of] p2b: Indeedee
|faint|p2b: Indeedee
|
|-heal|p1a: Kingambit|42/100|[from] Grassy Terrain
|upkeep
|
|t:|1756845895
|switch|p2b: Gallade|Gallade, L50, M, shiny|100/100
|turn|2
|inactive|dambro222 has 30 seconds left.
|
|t:|1756845927
|move|p1a: Kingambit|Protect|p1a: Kingambit
|-singleturn|p1a: Kingambit|Protect
|move|p2a: Garchomp|Rock Slide|p1a: Kingambit|[spread] p1b
|-activate|p1a: Kingambit|move: Protect
|-damage|p1b: Rillaboom|79/100
|move|p1b: Rillaboom|Wood Hammer|p2a: Garchomp
|-damage|p2a: Garchomp|14/100
|-damage|p1b: Rillaboom|67/100|[from] ability: Rough Skin|[of] p2a: Garchomp
|-damage|p1b: Rillaboom|39/100|[from] Recoil
|move|p2b: Gallade|Trick Room|p2b: Gallade
|-fieldstart|move: Trick Room|[of] p2b: Gallade
|
|-heal|p1a: Kingambit|48/100|[from] Grassy Terrain
|-heal|p1b: Rillaboom|45/100|[from] Grassy Terrain
|-heal|p2a: Garchomp|20/100|[from] Grassy Terrain
|upkeep
|turn|3
|inactive|dambro222 has 30 seconds left.
|inactive|sorriae has 30 seconds left.
|
|t:|1756845961
|move|p1a: Kingambit|Sucker Punch|p2b: Gallade
|-damage|p2b: Gallade|16/100
|move|p1b: Rillaboom|Grassy Glide|p2a: Garchomp
|-damage|p2a: Garchomp|0 fnt
|-damage|p1b: Rillaboom|33/100|[from] ability: Rough Skin|[of] p2a: Garchomp
|faint|p2a: Garchomp
|move|p2b: Gallade|Sacred Sword|p1a: Kingambit
|-supereffective|p1a: Kingambit
|-damage|p1a: Kingambit|0 fnt
|faint|p1a: Kingambit
|
|-heal|p2b: Gallade|22/100|[from] Grassy Terrain
|-heal|p1b: Rillaboom|39/100|[from] Grassy Terrain
|upkeep
|inactive|dambro222 has 30 seconds left.
|
|t:|1756845991
|switch|p1a: Volcarona|Volcarona, L50, F|100/100
|switch|p2a: Torkoal|Torkoal, L50, M, shiny|100/100
|-weather|SunnyDay|[from] ability: Drought|[of] p2a: Torkoal
|-item|p2a: Torkoal|Air Balloon
|turn|4
|
|t:|1756846013
|switch|p1b: Electabuzz|Electabuzz, L50, M|100/100
|-terastallize|p2a: Torkoal|Fire
|move|p1a: Volcarona|Protect|p1a: Volcarona
|-singleturn|p1a: Volcarona|Protect
|move|p2a: Torkoal|Eruption|p1b: Electabuzz|[spread] p1b
|-activate|p1a: Volcarona|move: Protect
|-damage|p1b: Electabuzz|27/100
|move|p2b: Gallade|Psycho Cut|p1a: Volcarona
|-activate|p1a: Volcarona|move: Protect
|
|-weather|SunnyDay|[upkeep]
|-heal|p2b: Gallade|27/100|[from] Grassy Terrain
|-heal|p1b: Electabuzz|33/100|[from] Grassy Terrain
|upkeep
|turn|5
|inactive|dambro222 has 30 seconds left.
|inactive|dambro222 has 20 seconds left.
|inactive|dambro222 has 15 seconds left.
|inactive|dambro222 has 10 seconds left.
|inactive|dambro222 has 5 seconds left.
|
|t:|1756846063
|switch|p1a: Rillaboom|Rillaboom, L50, M|39/100
|move|p1b: Electabuzz|Protect|p1b: Electabuzz
|-singleturn|p1b: Electabuzz|Protect
|move|p2a: Torkoal|Eruption|p1a: Rillaboom|[spread] p1a
|-activate|p1b: Electabuzz|move: Protect
|-supereffective|p1a: Rillaboom
|-damage|p1a: Rillaboom|0 fnt
|faint|p1a: Rillaboom
|move|p2b: Gallade|Psycho Cut|p1b: Electabuzz
|-activate|p1b: Electabuzz|move: Protect
|
|-weather|SunnyDay|[upkeep]
|-heal|p2b: Gallade|33/100|[from] Grassy Terrain
|-heal|p1b: Electabuzz|39/100|[from] Grassy Terrain
|-fieldend|move: Grassy Terrain
|upkeep
|
|t:|1756846077
|switch|p1a: Volcarona|Volcarona, L50, F|100/100
|turn|6
|
|t:|1756846092
|move|p1a: Volcarona|Protect|p1a: Volcarona
|-singleturn|p1a: Volcarona|Protect
|move|p2a: Torkoal|Eruption|p1b: Electabuzz|[spread] p1b
|-activate|p1a: Volcarona|move: Protect
|-damage|p1b: Electabuzz|0 fnt
|faint|p1b: Electabuzz
|move|p2b: Gallade|Psycho Cut|p1a: Volcarona
|-activate|p1a: Volcarona|move: Protect
|
|-weather|SunnyDay|[upkeep]
|-fieldend|move: Trick Room
|upkeep
|turn|7
|
|t:|1756846103
|move|p1a: Volcarona|Heat Wave|p2b: Gallade|[spread] p2b
|-miss|p1a: Volcarona|p2a: Torkoal
|-damage|p2b: Gallade|0 fnt
|faint|p2b: Gallade
|move|p2a: Torkoal|Eruption|p1a: Volcarona
|-damage|p1a: Volcarona|0 fnt
|faint|p1a: Volcarona
|
|win|sorriae
||sorriae is ready for game 2.
||dambro222 is ready for game 2.
|uhtml|next|Next: Game 2 of 3
