|j|☆BVSelf
|j|☆bricktree
|html|BVSelfbricktree    
|uhtml|bestof|Game 1 of a best-of-3
|t:|1782974196
|gametype|doubles
|player|p1|BVSelf|juan|1261
|player|p2|bricktree|2|1421
|gen|9
|tier|[Gen 9 Champions] VGC 2026 Reg M-B (Bo3)
|rated|
|rule|Species Clause: Limit one of each Pokémon
|rule|Item Clause: Limit 1 of each item
|clearpoke
|poke|p1|Glimmora, L50, F|
|poke|p1|Talonflame, L50, F|
|poke|p1|Mamoswine, L50, F|
|poke|p1|Rotom-Wash, L50|
|poke|p1|Floette-Eternal, L50, F|
|poke|p1|Kingambit, L50, M|
|poke|p2|Staraptor, L50, M|
|poke|p2|Manectric, L50, M|
|poke|p2|Incineroar, L50, M|
|poke|p2|Ceruledge, L50, F|
|poke|p2|Sinistcha, L50|
|poke|p2|Ninetales-Alola, L50, M|
|teampreview|4
|showteam|p1|Glimmora||Glimmoranite|ToxicDebris|SludgeBomb,PowerGem,EarthPower,SpikyShield|Timid||F|||50|]Talonflame||SharpBeak|GaleWings|FlareBlitz,DualWingbeat,Tailwind,Protect|Jolly||F|||50|]Mamoswine||LifeOrb|Oblivious|HighHorsepower,IcicleCrash,IceShard,Protect|Adamant||F|||50|]Rotom-Wash||SitrusBerry|Levitate|HydroPump,VoltSwitch,WillOWisp,Protect|Modest|||||50|]Floette-Eternal||Floettite|FlowerVeil|LightofRuin,Moonblast,DazzlingGleam,Protect|Modest||F|||50|]Kingambit||FocusSash|Defiant|KowtowCleave,IronHead,SuckerPunch,LowKick|Adamant||M|||50|
|showteam|p2|Staraptor||Staraptite|Intimidate|CloseCombat,BraveBird,Roost,Protect|Jolly||M|||50|]Manectric||Manectite|LightningRod|Thunderbolt,VoltSwitch,Overheat,Protect|Modest||M|||50|]Incineroar||SitrusBerry|Intimidate|FakeOut,FlareBlitz,DarkestLariat,PartingShot|Impish||M|||50|]Ceruledge||ColburBerry|FlashFire|SwordsDance,BitterBlade,ShadowSneak,Protect|Adamant||F|||50|]Sinistcha||KasibBerry|Hospitality|RagePowder,MatchaGotcha,TrickRoom,Protect|Bold|||||50|]Ninetales-Alola||FocusSash|SnowWarning|Blizzard,AuroraVeil,Charm,Protect|Timid||M|||50|
|
|t:|1782974286
|teamsize|p1|4
|teamsize|p2|4
|start
|switch|p1a: Kingambit|Kingambit, L50, M|100/100
|switch|p1b: Talonflame|Talonflame, L50, F|100/100
|switch|p2a: Ceruledge|Ceruledge, L50, F|100/100
|switch|p2b: Ninetales|Ninetales-Alola, L50, M|100/100
|-weather|Snowscape|[from] ability: Snow Warning|[of] p2b: Ninetales
|turn|1
|
|t:|1782974330
|move|p1b: Talonflame|Tailwind|p1b: Talonflame
|-sidestart|p1: BVSelf|move: Tailwind
|move|p2b: Ninetales|Aurora Veil|p2b: Ninetales
|-sidestart|p2: bricktree|move: Aurora Veil
|move|p1a: Kingambit|Kowtow Cleave|p2a: Ceruledge
|-supereffective|p2a: Ceruledge|1
|-enditem|p2a: Ceruledge|Colbur Berry|[eat]
|-enditem|p2a: Ceruledge|Colbur Berry|[weaken]
|-damage|p2a: Ceruledge|64/100
|move|p2a: Ceruledge|Bitter Blade|p1a: Kingambit
|-supereffective|p1a: Kingambit|1
|-damage|p1a: Kingambit|23/100
|-heal|p2a: Ceruledge|100/100|[from] drain|[of] p1a: Kingambit
|
|-weather|Snowscape|[upkeep]
|upkeep
|turn|2
|
|t:|1782974355
|move|p1a: Kingambit|Sucker Punch|p2b: Ninetales
|-resisted|p2b: Ninetales|1
|-damage|p2b: Ninetales|87/100
|move|p2a: Ceruledge|Shadow Sneak|p1a: Kingambit
|-resisted|p1a: Kingambit|1
|-damage|p1a: Kingambit|15/100
|move|p1b: Talonflame|Flare Blitz|p2b: Ninetales
|-supereffective|p2b: Ninetales|1
|-damage|p2b: Ninetales|28/100
|-status|p2b: Ninetales|brn
|-damage|p1b: Talonflame|81/100|[from] Recoil
|move|p2b: Ninetales|Blizzard|p1b: Talonflame|[spread] p1a,p1b
|-resisted|p1a: Kingambit|1
|-damage|p1a: Kingambit|1/100
|-damage|p1b: Talonflame|38/100
|-status|p1b: Talonflame|frz
|
|-weather|Snowscape|[upkeep]
|-damage|p2b: Ninetales|22/100 brn|[from] brn
|upkeep
|turn|3
|
|t:|1782974391
|switch|p2b: Incineroar|Incineroar, L50, M|100/100
|-ability|p2b: Incineroar|Intimidate|boost
|-unboost|p1a: Kingambit|atk|1
|-ability|p1a: Kingambit|Defiant|boost
|-boost|p1a: Kingambit|atk|2
|-unboost|p1b: Talonflame|atk|1
|move|p1a: Kingambit|Sucker Punch||[still]
|-fail|p1a: Kingambit
|-curestatus|p1b: Talonflame|frz|[from] move: Flare Blitz
|move|p1b: Talonflame|Flare Blitz|p2b: Incineroar
|-resisted|p2b: Incineroar|1
|-damage|p2b: Incineroar|93/100
|-damage|p1b: Talonflame|35/100|[from] Recoil
|move|p2a: Ceruledge|Swords Dance|p2a: Ceruledge
|-boost|p2a: Ceruledge|atk|2
|
|-weather|Snowscape|[upkeep]
|upkeep
|turn|4
|
|t:|1782974414
|move|p1b: Talonflame|Protect|p1b: Talonflame
|-singleturn|p1b: Talonflame|Protect
|move|p2b: Incineroar|Fake Out|p1a: Kingambit
|-resisted|p1a: Kingambit|1
|-damage|p1a: Kingambit|0 fnt
|faint|p1a: Kingambit
|move|p2a: Ceruledge|Bitter Blade|p1b: Talonflame
|-activate|p1b: Talonflame|move: Protect
|
|-weather|Snowscape|[upkeep]
|-sideend|p1: BVSelf|move: Tailwind
|upkeep
|
|t:|1782974423
|switch|p1a: Mamoswine|Mamoswine, L50, F|100/100
|turn|5
|
|t:|1782974443
|move|p1b: Talonflame|Tailwind|p1b: Talonflame
|-sidestart|p1: BVSelf|move: Tailwind
|move|p1a: Mamoswine|High Horsepower|p2b: Incineroar
|-supereffective|p2b: Incineroar|1
|-damage|p2b: Incineroar|20/100y
|-enditem|p2b: Incineroar|Sitrus Berry|[eat]
|-heal|p2b: Incineroar|45/100|[from] item: Sitrus Berry
|-damage|p1a: Mamoswine|90/100|[from] item: Life Orb
|move|p2a: Ceruledge|Bitter Blade|p1a: Mamoswine
|-supereffective|p1a: Mamoswine|1
|-damage|p1a: Mamoswine|0 fnt
|faint|p1a: Mamoswine
|move|p2b: Incineroar|Parting Shot|p1b: Talonflame
|-unboost|p1b: Talonflame|atk|1
|-unboost|p1b: Talonflame|spa|1
|-message|BVSelf forfeited.
|
|win|bricktree
||BVSelf is ready for game 2.
||bricktree is ready for game 2.
|uhtml|next|Next: Game 2 of 3
