|j|☆69 better than 67
|j|☆bruGno
|html|69 better than 67bruGno    
|uhtml|bestof|Game 1 of a best-of-3
|t:|1786139922
|gametype|doubles
|player|p1|69 better than 67|169|1258
|player|p2|bruGno|ash-kalos|1345
|gen|9
|tier|[Gen 9 Champions] VGC 2026 Reg M-B (Bo3)
|rated|
|rule|Species Clause: Limit one of each Pokémon
|rule|Item Clause: Limit 1 of each item
|clearpoke
|poke|p1|Raichu, L50, M|
|poke|p1|Sylveon, L50, F|
|poke|p1|Staraptor, L50, F|
|poke|p1|Kingambit, L50, F|
|poke|p1|Farigiraf, L50, F|
|poke|p1|Arcanine-Hisui, L50, F|
|poke|p2|Charizard, L50, M|
|poke|p2|Garchomp, L50, F|
|poke|p2|Floette-Eternal, L50, F|
|poke|p2|Kingambit, L50, F|
|poke|p2|Basculegion, L50, M|
|poke|p2|Whimsicott, L50, F|
|teampreview|4
|showteam|p1|Raichu||RaichuniteY|LightningRod|ZapCannon,FocusBlast,FakeOut,Protect|Timid||M|||50|]Sylveon||FairyFeather|Pixilate|HyperVoice,HyperBeam,Detect,BabyDollEyes|Modest||F|||50|]Staraptor||Staraptite|Intimidate|DualWingbeat,CloseCombat,Protect,Tailwind|Jolly||F|||50|]Kingambit||LifeOrb|Defiant|KowtowCleave,SuckerPunch,SwordsDance,Protect|Adamant||F|||50|]Farigiraf||SitrusBerry|ArmorTail|Psychic,TrickRoom,HelpingHand,Protect|Calm||F|||50|]Arcanine-Hisui||FocusSash|RockHead|FlareBlitz,ExtremeSpeed,HeadSmash,Protect|Jolly||F|||50|
|showteam|p2|Charizard||CharizarditeY|Blaze|HeatWave,SolarBeam,WeatherBall,Protect|Modest||M|||50|]Garchomp||SitrusBerry|RoughSkin|DragonClaw,StompingTantrum,RockSlide,Protect|Adamant||F|||50|]Floette-Eternal||Floettite|FlowerVeil|LightofRuin,Moonblast,DazzlingGleam,Protect|Timid||F|||50|]Kingambit||ChopleBerry|Defiant|KowtowCleave,IronHead,SuckerPunch,LowKick|Adamant||F|||50|]Basculegion||LifeOrb|Adaptability|WaveCrash,LastRespects,AquaJet,Protect|Adamant||M|||50|]Whimsicott||FocusSash|Prankster|Moonblast,Tailwind,Encore,Protect|Timid||F|||50|
|inactive|Battle timer is ON: inactive players will automatically lose when time's up. (requested by bruGno)
|inactive|bruGno has 60 seconds left.
|
|t:|1786139978
|teamsize|p1|4
|teamsize|p2|4
|start
|switch|p1a: Sylveon|Sylveon, L50, F|100/100
|switch|p1b: Staraptor|Staraptor, L50, F|100/100
|switch|p2a: Charizard|Charizard, L50, M|100/100
|switch|p2b: Garchomp|Garchomp, L50, F|100/100
|-ability|p1b: Staraptor|Intimidate|boost
|-unboost|p2a: Charizard|atk|1
|-unboost|p2b: Garchomp|atk|1
|turn|1
|inactive|bruGno has 30 seconds left.
|
|t:|1786140009
|detailschange|p1b: Staraptor|Staraptor-Mega, L50, F
|-mega|p1b: Staraptor|Staraptor|Staraptite
|detailschange|p2a: Charizard|Charizard-Mega-Y, L50, M
|-mega|p2a: Charizard|Charizard|Charizardite Y
|-weather|SunnyDay|[from] ability: Drought|[of] p2a: Charizard
|move|p1b: Staraptor|Tailwind|p1b: Staraptor
|-sidestart|p1: 69 better than 67|move: Tailwind
|move|p1a: Sylveon|Hyper Voice|p2a: Charizard|[spread] p2a,p2b
|-resisted|p2a: Charizard|1
|-supereffective|p2b: Garchomp|1
|-crit|p2b: Garchomp
|-damage|p2a: Charizard|78/100
|-damage|p2b: Garchomp|0 fnt
|faint|p2b: Garchomp
|move|p2a: Charizard|Heat Wave|p1a: Sylveon|[spread] p1a,p1b
|-damage|p1a: Sylveon|52/100
|-damage|p1b: Staraptor|30/100
|-status|p1b: Staraptor|brn
|
|-weather|SunnyDay|[upkeep]
|-damage|p1b: Staraptor|24/100 brn|[from] brn
|upkeep
|
|t:|1786140027
|switch|p2b: Basculegion|Basculegion, L50, M|100/100
|turn|2
|
|t:|1786140035
|move|p2b: Basculegion|Protect|p2b: Basculegion
|-singleturn|p2b: Basculegion|Protect
|move|p1b: Staraptor|Dual Wingbeat|p2a: Charizard
|-damage|p2a: Charizard|68/100
|-damage|p2a: Charizard|58/100
|-hitcount|p2a: Charizard|2
|move|p1a: Sylveon|Hyper Beam|p2b: Basculegion
|-activate|p2b: Basculegion|move: Protect
|move|p2a: Charizard|Weather Ball|p1a: Sylveon
|-damage|p1a: Sylveon|0 fnt
|faint|p1a: Sylveon
|
|-weather|SunnyDay|[upkeep]
|-damage|p1b: Staraptor|18/100 brn|[from] brn
|upkeep
|
|t:|1786140046
|switch|p1a: Arcanine|Arcanine-Hisui, L50, F|100/100
|turn|3
|
|t:|1786140061
|switch|p2a: Kingambit|Kingambit, L50, F|100/100
|move|p1a: Arcanine|Protect|p1a: Arcanine
|-singleturn|p1a: Arcanine|Protect
|move|p2b: Basculegion|Aqua Jet|p1a: Arcanine
|-activate|p1a: Arcanine|move: Protect
|move|p1b: Staraptor|Dual Wingbeat|p2b: Basculegion
|-damage|p2b: Basculegion|88/100
|-damage|p2b: Basculegion|76/100
|-hitcount|p2b: Basculegion|2
|
|-weather|SunnyDay|[upkeep]
|-damage|p1b: Staraptor|12/100 brn|[from] brn
|upkeep
|turn|4
|inactive|bruGno has 30 seconds left.
|inactive|bruGno has 20 seconds left.
|inactive|bruGno has 15 seconds left.
|inactive|bruGno has 10 seconds left.
|
|t:|1786140106
|switch|p1a: Kingambit|Kingambit, L50, F|100/100
|switch|p2a: Charizard|Charizard-Mega-Y, L50, M|58/100
|move|p2b: Basculegion|Aqua Jet|p1a: Kingambit
|-damage|p1a: Kingambit|85/100
|-damage|p2b: Basculegion|67/100|[from] item: Life Orb
|move|p1b: Staraptor|Close Combat|p2a: Charizard
|-resisted|p2a: Charizard|1
|-damage|p2a: Charizard|42/100
|-boost|p1b: Staraptor|def|1
|-boost|p1b: Staraptor|spd|1
|
|-weather|SunnyDay|[upkeep]
|-damage|p1b: Staraptor|6/100 brn|[from] brn
|-sideend|p1: 69 better than 67|move: Tailwind
|upkeep
|turn|5
|
|t:|1786140126
|move|p2a: Charizard|Protect|p2a: Charizard
|-singleturn|p2a: Charizard|Protect
|move|p2b: Basculegion|Protect|p2b: Basculegion
|-singleturn|p2b: Basculegion|Protect
|move|p1a: Kingambit|Sucker Punch||[still]
|-fail|p1a: Kingambit
|move|p1b: Staraptor|Tailwind|p1b: Staraptor
|-sidestart|p1: 69 better than 67|move: Tailwind
|
|-weather|none
|-damage|p1b: Staraptor|1/100 brn|[from] brn
|upkeep
|turn|6
|
|t:|1786140143
|move|p1b: Staraptor|Dual Wingbeat|p2b: Basculegion
|-damage|p2b: Basculegion|56/100
|-damage|p2b: Basculegion|46/100
|-hitcount|p2b: Basculegion|2
|move|p1a: Kingambit|Kowtow Cleave|p2a: Charizard
|-damage|p2a: Charizard|0 fnt
|faint|p2a: Charizard
|-damage|p1a: Kingambit|75/100|[from] item: Life Orb
|move|p2b: Basculegion|Wave Crash|p1a: Kingambit
|-damage|p1a: Kingambit|0 fnt
|faint|p1a: Kingambit
|-damage|p2b: Basculegion|22/100|[from] Recoil
|-damage|p2b: Basculegion|12/100|[from] item: Life Orb
|
|-damage|p1b: Staraptor|0 fnt|[from] brn
|faint|p1b: Staraptor
|upkeep
|
|t:|1786140158
|switch|p1b: Arcanine|Arcanine-Hisui, L50, F|100/100
|switch|p2a: Kingambit|Kingambit, L50, F|100/100
|turn|7
|
|t:|1786140167
|move|p2b: Basculegion|Aqua Jet|p1b: Arcanine
|-supereffective|p1b: Arcanine|2
|-enditem|p1b: Arcanine|Focus Sash
|-damage|p1b: Arcanine|1/100
|-damage|p2b: Basculegion|2/100|[from] item: Life Orb
|move|p1b: Arcanine|Flare Blitz|p2a: Kingambit
|-supereffective|p2a: Kingambit|1
|-damage|p2a: Kingambit|15/100
|move|p2a: Kingambit|Low Kick|p1b: Arcanine
|-supereffective|p1b: Arcanine|1
|-damage|p1b: Arcanine|0 fnt
|faint|p1b: Arcanine
|
|win|bruGno
