|j|☆jayoticnl
|j|☆Il Mule
|html|jayoticnlIl Mule    
|uhtml|bestof|Game 1 of a best-of-3
|t:|1784208756
|gametype|doubles
|player|p1|jayoticnl|jacinthe|1294
|player|p2|Il Mule|salvatore|1394
|gen|9
|tier|[Gen 9 Champions] VGC 2026 Reg M-B (Bo3)
|rated|
|rule|Species Clause: Limit one of each Pokémon
|rule|Item Clause: Limit 1 of each item
|clearpoke
|poke|p1|Pelipper, L50, F|
|poke|p1|Swampert, L50, M|
|poke|p1|Archaludon, L50, F|
|poke|p1|Grimmsnarl, L50, M|
|poke|p1|Vivillon-Garden, L50, M|
|poke|p1|Venusaur, L50, M|
|poke|p2|Excadrill, L50, F|
|poke|p2|Tyranitar, L50, F|
|poke|p2|Sneasler, L50, F|
|poke|p2|Incineroar, L50, M|
|poke|p2|Froslass, L50, F|
|poke|p2|Sinistcha, L50|
|teampreview|4
|showteam|p1|Pelipper||LifeOrb|Drizzle|Hurricane,WeatherBall,Tailwind,Protect|Modest||F|||50|]Swampert||Swampertite|Torrent|WaveCrash,Earthquake,IcePunch,Protect|Adamant||M|||50|]Archaludon||Leftovers|Stamina|DragonPulse,FlashCannon,ElectroShot,Protect|Modest||F|||50|]Grimmsnarl||LightClay|Prankster|SpiritBreak,PartingShot,Reflect,LightScreen|Careful||M|||50|]Vivillon-Garden||FocusSash|CompoundEyes|Hurricane,SleepPowder,RagePowder,Protect|Timid||M|||50|]Venusaur||Venusaurite|Chlorophyll|GigaDrain,SludgeBomb,EarthPower,Protect|Modest||M|||50|
|showteam|p2|Excadrill||FocusSash|SandRush|HighHorsepower,RockSlide,IronHead,Protect|Adamant||F|||50|]Tyranitar||Tyranitarite|SandStream|KnockOff,RockSlide,DragonDance,Protect|Adamant||F|||50|]Sneasler||WhiteHerb|Unburden|CloseCombat,DireClaw,Coaching,FakeOut|Jolly||F|||50|]Incineroar||SitrusBerry|Intimidate|FlareBlitz,HelpingHand,PartingShot,FakeOut|Impish||M|||50|]Froslass||Froslassite|CursedBody|Blizzard,ShadowBall,NastyPlot,Protect|Timid||F|||50|]Sinistcha||ColburBerry|Hospitality|ShadowBall,LeafStorm,RagePowder,Protect|Bold|||||50|
|
|t:|1784208770
|teamsize|p1|4
|teamsize|p2|4
|start
|switch|p1a: Grimmsnarl|Grimmsnarl, L50, M|100/100
|switch|p1b: Archaludon|Archaludon, L50, F|100/100
|switch|p2a: Sidy|Incineroar, L50, M|100/100
|switch|p2b: odi et amo|Froslass, L50, F|100/100
|-ability|p2a: Sidy|Intimidate|boost
|-unboost|p1a: Grimmsnarl|atk|1
|-unboost|p1b: Archaludon|atk|1
|turn|1
|j| rovesciaporci
|j| Jenny Nencioni
|inactive|Battle timer is ON: inactive players will automatically lose when time's up. (requested by Il Mule)
|
|t:|1784208776
|move|p2a: Sidy|Fake Out|p1b: Archaludon
|-resisted|p1b: Archaludon|1
|-damage|p1b: Archaludon|96/100
|-ability|p1b: Archaludon|Stamina|boost
|-boost|p1b: Archaludon|def|1
|move|p1a: Grimmsnarl|Light Screen|p1a: Grimmsnarl
|-sidestart|p1: jayoticnl|move: Light Screen
|move|p2b: odi et amo|Nasty Plot|p2b: odi et amo
|-boost|p2b: odi et amo|spa|2
|cant|p1b: Archaludon|flinch
|
|-heal|p1b: Archaludon|100/100|[from] item: Leftovers
|upkeep
|turn|2
|j| lakaka siuuu
|l| Jenny Nencioni
|
|t:|1784208784
|move|p2b: odi et amo|Protect|p2b: odi et amo
|-singleturn|p2b: odi et amo|Protect
|move|p1a: Grimmsnarl|Parting Shot|p2b: odi et amo
|-activate|p2b: odi et amo|move: Protect
|move|p1b: Archaludon|Flash Cannon|p2b: odi et amo
|-activate|p2b: odi et amo|move: Protect
|move|p2a: Sidy|Parting Shot|p1a: Grimmsnarl
|-unboost|p1a: Grimmsnarl|atk|1
|-unboost|p1a: Grimmsnarl|spa|1
|c| rovesciaporci|purtroppo il suo vivillon è garden
|
|t:|1784208789
|switch|p2a: Las brulè|Sinistcha, L50|100/100|[from] Parting Shot
|
|upkeep
|turn|3
|j| Jenny Nencioni
|c|☆Il Mule|ti farò pescatore di uomini
|inactive|jayoticnl has 30 seconds left.
|c| Jenny Nencioni|Baumgartner
|inactive|jayoticnl has 20 seconds left.
|
|t:|1784208824
|move|p2a: Las brulè|Rage Powder|p2a: Las brulè
|-singleturn|p2a: Las brulè|move: Rage Powder
|move|p1a: Grimmsnarl|Parting Shot|p2a: Las brulè
|-unboost|p2a: Las brulè|atk|1
|-unboost|p2a: Las brulè|spa|1
|
|t:|1784208830
|switch|p1a: Venusaur|Venusaur, L50, M|100/100|[from] Parting Shot
|move|p2b: odi et amo|Nasty Plot|p2b: odi et amo
|-boost|p2b: odi et amo|spa|2
|move|p1b: Archaludon|Flash Cannon|p2a: Las brulè
|-damage|p2a: Las brulè|64/100
|
|upkeep
|turn|4
|
|t:|1784208843
|detailschange|p1a: Venusaur|Venusaur-Mega, L50, M
|-mega|p1a: Venusaur|Venusaur|Venusaurite
|move|p2a: Las brulè|Rage Powder|p2a: Las brulè
|-singleturn|p2a: Las brulè|move: Rage Powder
|move|p2b: odi et amo|Nasty Plot|p2b: odi et amo
|-boost|p2b: odi et amo|spa|2
|move|p1b: Archaludon|Flash Cannon|p2a: Las brulè
|-damage|p2a: Las brulè|28/100
|-unboost|p2a: Las brulè|spd|1
|move|p1a: Venusaur|Sludge Bomb|p2b: odi et amo
|-resisted|p2b: odi et amo|1
|-damage|p2b: odi et amo|66/100
|-status|p2b: odi et amo|psn
|-start|p1a: Venusaur|Disable|Sludge Bomb|[from] ability: Cursed Body|[of] p2b: odi et amo
|
|-damage|p2b: odi et amo|53/100 psn|[from] psn
|upkeep
|turn|5
|j| Tridello
|c|☆Il Mule|mi sono dimenticato
|c|☆Il Mule|lo dico senza vergogna
|
|t:|1784208864
|switch|p2a: Sidy|Incineroar, L50, M|100/100
|-ability|p2a: Sidy|Intimidate|boost
|-unboost|p1a: Venusaur|atk|1
|-unboost|p1b: Archaludon|atk|1
|detailschange|p2b: odi et amo|Froslass-Mega, L50, F
|-mega|p2b: odi et amo|Froslass|Froslassite
|-weather|Snowscape|[from] ability: Snow Warning|[of] p2b: odi et amo
|move|p2b: odi et amo|Blizzard|p1a: Venusaur|[spread] p1a,p1b
|-supereffective|p1a: Venusaur|1
|-damage|p1a: Venusaur|20/100y
|-damage|p1b: Archaludon|0 fnt
|faint|p1b: Archaludon
|move|p1a: Venusaur|Giga Drain|p2b: odi et amo
|-damage|p2b: odi et amo|13/100 psn
|-heal|p1a: Venusaur|39/100|[from] drain|[of] p2b: odi et amo
|
|-weather|Snowscape|[upkeep]
|-damage|p2b: odi et amo|1/100 psn|[from] psn
|upkeep
|c| rovesciaporci|sega
|
|t:|1784208875
|switch|p1b: Pelipper|Pelipper, L50, F|100/100
|-weather|RainDance|[from] ability: Drizzle|[of] p1b: Pelipper
|turn|6
|c|☆Il Mule|ovviamente la mossa era inci protect
|c|☆Il Mule|scusatemi
|c| Jenny Nencioni|Ahahahaha ha retto
|c| rovesciaporci|sega 2?
|c| rovesciaporci|eh si infatti
|c| rovesciaporci|e poi mani così
|
|t:|1784208893
|switch|p2a: Las brulè|Sinistcha, L50|28/100
|-heal|p2b: odi et amo|25/100 psn|[from] ability: Hospitality|[of] p2a: Las brulè
|move|p1a: Venusaur|Protect|p1a: Venusaur
|-singleturn|p1a: Venusaur|Protect
|move|p1b: Pelipper|Protect|p1b: Pelipper
|-singleturn|p1b: Pelipper|Protect
|move|p2b: odi et amo|Blizzard|p1a: Venusaur|[spread] 
|-activate|p1a: Venusaur|move: Protect
|-activate|p1b: Pelipper|move: Protect
|
|-weather|RainDance|[upkeep]
|-damage|p2b: odi et amo|13/100 psn|[from] psn
|upkeep
|turn|7
|
|t:|1784208922
|switch|p1a: Grimmsnarl|Grimmsnarl, L50, M|100/100
|move|p1b: Pelipper|Protect|p1b: Pelipper
|-singleturn|p1b: Pelipper|Protect
|move|p2a: Las brulè|Rage Powder|p2a: Las brulè
|-singleturn|p2a: Las brulè|move: Rage Powder
|move|p2b: odi et amo|Shadow Ball|p1a: Grimmsnarl
|-resisted|p1a: Grimmsnarl|1
|-damage|p1a: Grimmsnarl|58/100
|
|-weather|RainDance|[upkeep]
|-damage|p2b: odi et amo|1/100 psn|[from] psn
|upkeep
|turn|8
|c|☆Il Mule|boia ho sbagliato lo switch
|c| Jenny Nencioni|Non ti vedo in forma
|
|t:|1784208944
|switch|p2a: Sidy|Incineroar, L50, M|100/100
|-ability|p2a: Sidy|Intimidate|boost
|-unboost|p1a: Grimmsnarl|atk|1
|-unboost|p1b: Pelipper|atk|1
|move|p2b: odi et amo|Blizzard|p1a: Grimmsnarl|[spread] p1a,p1b
|-damage|p1a: Grimmsnarl|0 fnt
|-damage|p1b: Pelipper|0 fnt
|faint|p1a: Grimmsnarl
|faint|p1b: Pelipper
|
|-weather|RainDance|[upkeep]
|-damage|p2b: odi et amo|0 fnt|[from] psn
|faint|p2b: odi et amo
|-sideend|p1: jayoticnl|move: Light Screen
|upkeep
|c|☆Il Mule|non deterge
|c|☆Il Mule|senza alcun  motivo apparente
|
|t:|1784208958
|switch|p2b: Quando provo|Tyranitar, L50, F|100/100
|switch|p1b: Venusaur|Venusaur-Mega, L50, M|39/100
|-weather|Sandstorm|[from] ability: Sand Stream|[of] p2b: Quando provo
|turn|9
|c| Jenny Nencioni|Né gluisce
|c| rovesciaporci|aveva appena protetto pelè
|c| Jenny Nencioni|Doppia tra l'altro
|
|t:|1784208974
|move|p2a: Sidy|Fake Out|p1b: Venusaur
|-damage|p1b: Venusaur|31/100
|move|p2b: Quando provo|Dragon Dance|p2b: Quando provo
|-boost|p2b: Quando provo|atk|1
|-boost|p2b: Quando provo|spe|1
|cant|p1b: Venusaur|flinch
|
|-weather|Sandstorm|[upkeep]
|-damage|p1b: Venusaur|25/100|[from] Sandstorm
|-damage|p2a: Sidy|94/100|[from] Sandstorm
|upkeep
|turn|10
|c|☆Il Mule|ah avevo skippato
|c|☆Il Mule|pardon
|-message|jayoticnl forfeited.
|
|win|Il Mule
||Il Mule is ready for game 2.
||jayoticnl is ready for game 2.
|uhtml|next|Next: Game 2 of 3
|l| Jenny Nencioni
|l|☆Il Mule
|player|p2|
|l| lakaka siuuu
|j| goldaniga
