|j|☆carmelotb
|j|☆tajinvgc
|html|carmelotbtajinvgc    
|uhtml|bestof|Game 1 of a best-of-3
|t:|1784331866
|gametype|doubles
|player|p1|carmelotb|pilot|1092
|player|p2|tajinvgc|palmer|1145
|gen|9
|tier|[Gen 9 Champions] VGC 2026 Reg M-B (Bo3)
|rated|
|rule|Species Clause: Limit one of each Pokémon
|rule|Item Clause: Limit 1 of each item
|clearpoke
|poke|p1|Whimsicott, L50, M|
|poke|p1|Sceptile, L50, F|
|poke|p1|Rotom-Wash, L50|
|poke|p1|Charizard, L50, F|
|poke|p1|Excadrill, L50, F|
|poke|p1|Salazzle, L50, F|
|poke|p2|Venusaur, L50, F, shiny|
|poke|p2|Charizard, L50, F, shiny|
|poke|p2|Pelipper, L50, F, shiny|
|poke|p2|Grimmsnarl, L50, M, shiny|
|poke|p2|Archaludon, L50, F, shiny|
|poke|p2|Basculegion, L50, M|
|teampreview|4
|showteam|p1|Whimsicott||MentalHerb|Prankster|GrassyTerrain,EnergyBall,Tailwind,SunnyDay|Timid||M|||50|]Sceptile||Sceptilite|Overgrow|EarthPower,Substitute,GigaDrain,DragonPulse|Timid||F|||50|]Rotom-Wash||Magnet|Levitate|Discharge,HydroPump,VoltSwitch,Protect|Modest|||||50|]Charizard||CharizarditeX|Blaze|Protect,DragonDance,DragonClaw,FlareBlitz|Jolly||F|||50|]Excadrill||ChoiceScarf|MoldBreaker|Earthquake,IronHead,RockSlide,DrillRun|Adamant||F|||50|]Salazzle||FocusSash|Corrosion|FakeOut,SludgeBomb,Overheat,Toxic|Timid||F|||50|
|showteam|p2|Venusaur||FocusSash|Chlorophyll|Protect,SludgeBomb,EarthPower,SleepPowder|Modest||F|||50|]Charizard||CharizarditeY|Blaze|Protect,HeatWave,WeatherBall,SolarBeam|Modest||F|||50|]Pelipper||SitrusBerry|Drizzle|Hurricane,Tailwind,WeatherBall,WideGuard|Modest||F|||50|]Grimmsnarl||LightClay|Prankster|SpiritBreak,Reflect,LightScreen,PartingShot|Sassy||M|||50|]Archaludon||Leftovers|Stamina|ElectroShot,Protect,DragonPulse,FlashCannon|Calm||F|||50|]Basculegion||ChoiceScarf|Adaptability|WaveCrash,AquaJet,FlipTurn,LastRespects|Jolly||M|||50|
|inactive|Battle timer is ON: inactive players will automatically lose when time's up. (requested by tajinvgc)
|inactive|tajinvgc has 60 seconds left.
|inactive|tajinvgc has 30 seconds left.
|inactive|tajinvgc has 20 seconds left.
|inactive|tajinvgc has 15 seconds left.
|inactive|tajinvgc has 10 seconds left.
|
|t:|1784331950
|teamsize|p1|4
|teamsize|p2|4
|start
|switch|p1a: Whimsicott|Whimsicott, L50, M|100/100
|switch|p1b: Salazzle|Salazzle, L50, F|100/100
|switch|p2a: Grimmsnarl|Grimmsnarl, L50, M, shiny|100/100
|switch|p2b: Archaludon|Archaludon, L50, F, shiny|100/100
|turn|1
|inactive|tajinvgc has 30 seconds left.
|
|t:|1784331980
|move|p1a: Whimsicott|Tailwind|p1a: Whimsicott
|-sidestart|p1: carmelotb|move: Tailwind
|move|p2a: Grimmsnarl|Parting Shot|p1b: Salazzle
|-unboost|p1b: Salazzle|atk|1
|-unboost|p1b: Salazzle|spa|1
|
|t:|1784331985
|switch|p2a: Pelipper|Pelipper, L50, F, shiny|100/100|[from] Parting Shot
|-weather|RainDance|[from] ability: Drizzle|[of] p2a: Pelipper
|move|p1b: Salazzle|Toxic|p2b: Archaludon
|-status|p2b: Archaludon|tox
|move|p2b: Archaludon|Flash Cannon|p1a: Whimsicott
|-supereffective|p1a: Whimsicott|1
|-damage|p1a: Whimsicott|0 fnt
|faint|p1a: Whimsicott
|
|-weather|RainDance|[upkeep]
|-damage|p2b: Archaludon|93/100 tox|[from] psn
|upkeep
|
|t:|1784331999
|switch|p1a: Rotom|Rotom-Wash, L50|100/100
|turn|2
|inactive|tajinvgc has 30 seconds left.
|
|t:|1784332025
|switch|p2a: Grimmsnarl|Grimmsnarl, L50, M, shiny|100/100
|move|p1a: Rotom|Protect|p1a: Rotom
|-singleturn|p1a: Rotom|Protect
|move|p1b: Salazzle|Toxic|p2a: Grimmsnarl
|-status|p2a: Grimmsnarl|tox
|move|p2b: Archaludon|Electro Shot||[still]
|-prepare|p2b: Archaludon|Electro Shot
|-boost|p2b: Archaludon|spa|1
|-anim|p2b: Archaludon|Electro Shot|p1a: Rotom
|-activate|p1a: Rotom|move: Protect
|
|-weather|RainDance|[upkeep]
|-heal|p2b: Archaludon|100/100 tox|[from] item: Leftovers
|-damage|p2b: Archaludon|87/100 tox|[from] psn
|-damage|p2a: Grimmsnarl|94/100 tox|[from] psn
|upkeep
|turn|3
|inactive|carmelotb has 30 seconds left.
|
|t:|1784332050
|move|p2a: Grimmsnarl|Light Screen|p2a: Grimmsnarl
|-sidestart|p2: tajinvgc|move: Light Screen
|move|p1b: Salazzle|Overheat|p2b: Archaludon
|-damage|p2b: Archaludon|74/100 tox
|-unboost|p1b: Salazzle|spa|2
|-ability|p2b: Archaludon|Stamina|boost
|-boost|p2b: Archaludon|def|1
|move|p1a: Rotom|Discharge|p2b: Archaludon|[spread] p1b,p2a,p2b
|-resisted|p2b: Archaludon|1
|-damage|p1b: Salazzle|41/100
|-damage|p2a: Grimmsnarl|75/100 tox
|-damage|p2b: Archaludon|66/100 tox
|-ability|p2b: Archaludon|Stamina|boost
|-boost|p2b: Archaludon|def|1
|move|p2b: Archaludon|Electro Shot||[still]
|-prepare|p2b: Archaludon|Electro Shot
|-boost|p2b: Archaludon|spa|1
|-anim|p2b: Archaludon|Electro Shot|p1a: Rotom
|-damage|p1a: Rotom|28/100
|
|-weather|RainDance|[upkeep]
|-heal|p2b: Archaludon|72/100 tox|[from] item: Leftovers
|-damage|p2b: Archaludon|53/100 tox|[from] psn
|-damage|p2a: Grimmsnarl|63/100 tox|[from] psn
|upkeep
|turn|4
|inactive|tajinvgc has 30 seconds left.
|
|t:|1784332082
|move|p1a: Rotom|Protect|p1a: Rotom
|-singleturn|p1a: Rotom|Protect
|move|p2a: Grimmsnarl|Reflect|p2a: Grimmsnarl
|-sidestart|p2: tajinvgc|Reflect
|move|p1b: Salazzle|Sludge Bomb|p2a: Grimmsnarl
|-supereffective|p2a: Grimmsnarl|1
|-damage|p2a: Grimmsnarl|45/100 tox
|move|p2b: Archaludon|Electro Shot||[still]
|-prepare|p2b: Archaludon|Electro Shot
|-boost|p2b: Archaludon|spa|1
|-anim|p2b: Archaludon|Electro Shot|p1b: Salazzle
|-damage|p1b: Salazzle|0 fnt
|faint|p1b: Salazzle
|
|-weather|RainDance|[upkeep]
|-heal|p2b: Archaludon|60/100 tox|[from] item: Leftovers
|-damage|p2b: Archaludon|35/100 tox|[from] psn
|-damage|p2a: Grimmsnarl|27/100 tox|[from] psn
|-sideend|p1: carmelotb|move: Tailwind
|upkeep
|
|t:|1784332094
|switch|p1b: Sceptile|Sceptile, L50, F|100/100
|turn|5
|inactive|tajinvgc has 30 seconds left.
|
|t:|1784332129
|detailschange|p1b: Sceptile|Sceptile-Mega, L50, F
|-mega|p1b: Sceptile|Sceptile|Sceptilite
|move|p2a: Grimmsnarl|Parting Shot|p1b: Sceptile
|-unboost|p1b: Sceptile|atk|1
|-unboost|p1b: Sceptile|spa|1
|
|t:|1784332133
|switch|p2a: Pelipper|Pelipper, L50, F, shiny|100/100|[from] Parting Shot
|move|p1b: Sceptile|Substitute|p1b: Sceptile
|-start|p1b: Sceptile|Substitute
|-damage|p1b: Sceptile|75/100
|move|p2b: Archaludon|Electro Shot||[still]
|-activate|p1b: Sceptile|ability: Lightning Rod
|-prepare|p2b: Archaludon|Electro Shot
|-boost|p2b: Archaludon|spa|1
|-anim|p2b: Archaludon|Electro Shot|p1b: Sceptile
|-ability|p1b: Sceptile|Lightning Rod|boost
|-boost|p1b: Sceptile|spa|1
|move|p1a: Rotom|Discharge|p2b: Archaludon|[spread] p2a,p2b
|-ability|p1b: Sceptile|Lightning Rod|boost
|-boost|p1b: Sceptile|spa|1
|-supereffective|p2a: Pelipper|2
|-resisted|p2b: Archaludon|1
|-damage|p2a: Pelipper|0 fnt
|-damage|p2b: Archaludon|25/100 tox
|-ability|p2b: Archaludon|Stamina|boost
|-boost|p2b: Archaludon|def|1
|faint|p2a: Pelipper
|
|-weather|none
|-heal|p2b: Archaludon|31/100 tox|[from] item: Leftovers
|-damage|p2b: Archaludon|1/100 tox|[from] psn
|upkeep
|
|t:|1784332155
|switch|p2a: Grimmsnarl|Grimmsnarl, L50, M, shiny|27/100 tox
|turn|6
|
|t:|1784332163
|move|p1b: Sceptile|Earth Power|p2a: Grimmsnarl
|-damage|p2a: Grimmsnarl|0 fnt
|faint|p2a: Grimmsnarl
|move|p2b: Archaludon|Dragon Pulse|p1a: Rotom
|-damage|p1a: Rotom|0 fnt
|faint|p1a: Rotom
|
|-heal|p2b: Archaludon|6/100 tox|[from] item: Leftovers
|-damage|p2b: Archaludon|0 fnt|[from] psn
|faint|p2b: Archaludon
|upkeep
|
|t:|1784332175
|switch|p2a: Basculegion|Basculegion, L50, M|100/100
|turn|7
|
|t:|1784332179
|move|p1b: Sceptile|Giga Drain|p2a: Basculegion
|-supereffective|p2a: Basculegion|1
|-damage|p2a: Basculegion|0 fnt
|-heal|p1b: Sceptile|100/100|[from] drain|[of] p2a: Basculegion
|faint|p2a: Basculegion
|
|win|carmelotb
||tajinvgc is ready for game 2.
