|j|☆LorGhez
|j|☆ELIAS TRESCIENTOS
|html|LorGhezELIAS TRESCIENTOS    
|uhtml|bestof|Game 2 of a best-of-3
|t:|1782565300
|gametype|doubles
|player|p1|LorGhez|102|1102
|player|p2|ELIAS TRESCIENTOS|102|1191
|gen|9
|tier|[Gen 9 Champions] VGC 2026 Reg M-B (Bo3)
|rated|
|rule|Species Clause: Limit one of each Pokémon
|rule|Item Clause: Limit 1 of each item
|clearpoke
|poke|p1|Sceptile, L50, M|
|poke|p1|Sylveon, L50, M|
|poke|p1|Rotom-Wash, L50|
|poke|p1|Aerodactyl, L50, F|
|poke|p1|Gyarados, L50, F|
|poke|p1|Kingambit, L50, M|
|poke|p2|Gengar, L50, M|
|poke|p2|Scrafty, L50, M|
|poke|p2|Incineroar, L50, M|
|poke|p2|Snorlax, L50, M|
|poke|p2|Ninetales-Alola, L50, F|
|poke|p2|Dragonite, L50, M|
|teampreview|4
|showteam|p1|Sceptile||Sceptilite|Overgrow|Protect,EnergyBall,DragonPulse,EarthPower|Timid||M|||50|]Sylveon||FairyFeather|Pixilate|Protect,HyperBeam,HyperVoice,Yawn|Modest||M|||50|]Rotom-Wash||Leftovers|Levitate|WillOWisp,Discharge,ThunderWave,LightScreen|Timid|||||50|]Aerodactyl||Aerodactylite|Unnerve|WideGuard,Tailwind,RockSlide,DualWingbeat|Jolly||F|||50|]Gyarados||ExpertBelt|Intimidate|Protect,Avalanche,Waterfall,TemperFlare|Adamant||F|||50|]Kingambit||ChopleBerry|Defiant|Protect,SuckerPunch,KowtowCleave,IronHead|Adamant||M|||50|
|showteam|p2|Gengar||Gengarite|CursedBody|SludgeBomb,ShadowBall,Protect,PerishSong|Modest||M|||50|]Scrafty||Scraftinite|Intimidate|FakeOut,CloseCombat,KnockOff,Detect|Careful||M|||50|]Incineroar||SitrusBerry|Intimidate|Protect,FakeOut,PartingShot,FlareBlitz|Impish||M|||50|]Snorlax||Leftovers|ThickFat|Protect,Yawn,DoubleEdge,Fissure|Relaxed||M|||50|]Ninetales-Alola||FocusSash|SnowWarning|Protect,Encore,Disable,Blizzard|Timid||F|||50|]Dragonite||DragonFang|Multiscale|DragonClaw,LowKick,ExtremeSpeed,Protect|Adamant||M|||50|
|inactive|Battle timer is ON: inactive players will automatically lose when time's up. (requested by ELIAS TRESCIENTOS)
|inactive|LorGhez also wants the timer to be on.
|
|t:|1782565317
|teamsize|p1|4
|teamsize|p2|4
|start
|switch|p1a: Kingambit|Kingambit, L50, M|100/100
|switch|p1b: Gyarados|Gyarados, L50, F|100/100
|switch|p2a: Ninetales|Ninetales-Alola, L50, F|100/100
|switch|p2b: Gengar|Gengar, L50, M|100/100
|-weather|Snowscape|[from] ability: Snow Warning|[of] p2a: Ninetales
|-ability|p1b: Gyarados|Intimidate|boost
|-unboost|p2a: Ninetales|atk|1
|-unboost|p2b: Gengar|atk|1
|turn|1
|inactive|LorGhez has 30 seconds left.
|inactive|LorGhez has 20 seconds left.
|inactive|LorGhez has 15 seconds left.
|inactive|LorGhez has 10 seconds left.
|
|t:|1782565365
|switch|p2a: Scrafty|Scrafty, L50, M|100/100
|-ability|p2a: Scrafty|Intimidate|boost
|-unboost|p1a: Kingambit|atk|1
|-ability|p1a: Kingambit|Defiant|boost
|-boost|p1a: Kingambit|atk|2
|-unboost|p1b: Gyarados|atk|1
|move|p2b: Gengar|Protect|p2b: Gengar
|-singleturn|p2b: Gengar|Protect
|move|p1b: Gyarados|Temper Flare|p2a: Scrafty
|-damage|p2a: Scrafty|83/100
|move|p1a: Kingambit|Kowtow Cleave|p2b: Gengar
|-activate|p2b: Gengar|move: Protect
|
|-weather|Snowscape|[upkeep]
|upkeep
|turn|2
|inactive|LorGhez has 30 seconds left.
|inactive|LorGhez has 20 seconds left.
|inactive|LorGhez has 15 seconds left.
|inactive|LorGhez has 10 seconds left.
|
|t:|1782565415
|switch|p1b: Aerodactyl|Aerodactyl, L50, F|100/100
|-ability|p1b: Aerodactyl|Unnerve
|detailschange|p2b: Gengar|Gengar-Mega, L50, M
|-mega|p2b: Gengar|Gengar|Gengarite
|move|p1a: Kingambit|Protect|p1a: Kingambit
|-singleturn|p1a: Kingambit|Protect
|move|p2a: Scrafty|Fake Out|p1a: Kingambit
|-activate|p1a: Kingambit|move: Protect
|move|p2b: Gengar|Perish Song|p2b: Gengar
|-start|p1a: Kingambit|perish3|[silent]
|-start|p1b: Aerodactyl|perish3|[silent]
|-start|p2a: Scrafty|perish3|[silent]
|-start|p2b: Gengar|perish3|[silent]
|-fieldactivate|move: Perish Song
|
|-weather|Snowscape|[upkeep]
|-start|p1b: Aerodactyl|perish3
|-start|p2b: Gengar|perish3
|-start|p2a: Scrafty|perish3
|-start|p1a: Kingambit|perish3
|upkeep
|turn|3
|
|t:|1782565437
|switch|p2a: Incineroar|Incineroar, L50, M|100/100
|-ability|p2a: Incineroar|Intimidate|boost
|-unboost|p1a: Kingambit|atk|1
|-ability|p1a: Kingambit|Defiant|boost
|-boost|p1a: Kingambit|atk|2
|-unboost|p1b: Aerodactyl|atk|1
|detailschange|p1b: Aerodactyl|Aerodactyl-Mega, L50, F
|-mega|p1b: Aerodactyl|Aerodactyl|Aerodactylite
|move|p2b: Gengar|Protect|p2b: Gengar
|-singleturn|p2b: Gengar|Protect
|move|p1b: Aerodactyl|Dual Wingbeat|p2a: Incineroar|[miss]
|-miss|p1b: Aerodactyl|p2a: Incineroar
|move|p1a: Kingambit|Kowtow Cleave|p2b: Gengar
|-activate|p2b: Gengar|move: Protect
|
|-weather|Snowscape|[upkeep]
|-start|p1b: Aerodactyl|perish2
|-start|p2b: Gengar|perish2
|-start|p1a: Kingambit|perish2
|upkeep
|turn|4
|inactive|LorGhez has 30 seconds left.
|
|t:|1782565467
|move|p2a: Incineroar|Fake Out|p1a: Kingambit
|-resisted|p1a: Kingambit|1
|-damage|p1a: Kingambit|96/100
|move|p1b: Aerodactyl|Rock Slide|p2a: Incineroar|[spread] p2a
|-miss|p1b: Aerodactyl|p2b: Gengar
|-supereffective|p2a: Incineroar|1
|-damage|p2a: Incineroar|67/100
|move|p2b: Gengar|Shadow Ball|p1b: Aerodactyl
|-damage|p1b: Aerodactyl|45/100
|cant|p1a: Kingambit|flinch
|
|-weather|Snowscape|[upkeep]
|-start|p1b: Aerodactyl|perish1
|-start|p2b: Gengar|perish1
|-start|p1a: Kingambit|perish1
|upkeep
|turn|5
|inactive|LorGhez has 30 seconds left.
|inactive|LorGhez has 20 seconds left.
|inactive|LorGhez has 15 seconds left.
|inactive|LorGhez has 10 seconds left.
|
|t:|1782565514
|switch|p2b: Ninetales|Ninetales-Alola, L50, F|100/100
|move|p2a: Incineroar|Protect|p2a: Incineroar
|-singleturn|p2a: Incineroar|Protect
|move|p1b: Aerodactyl|Tailwind|p1b: Aerodactyl
|-sidestart|p1: LorGhez|move: Tailwind
|move|p1a: Kingambit|Iron Head|p2b: Ninetales
|-supereffective|p2b: Ninetales|2
|-enditem|p2b: Ninetales|Focus Sash
|-damage|p2b: Ninetales|1/100
|
|-weather|none
|-start|p1b: Aerodactyl|perish0
|-start|p1a: Kingambit|perish0
|faint|p1b: Aerodactyl
|faint|p1a: Kingambit
|upkeep
|
|t:|1782565527
|switch|p1b: Gyarados|Gyarados, L50, F|100/100
|switch|p1a: Sylveon|Sylveon, L50, M|100/100
|-ability|p1b: Gyarados|Intimidate|boost
|-unboost|p2a: Incineroar|atk|1
|-unboost|p2b: Ninetales|atk|1
|turn|6
|
|t:|1782565540
|switch|p2a: Scrafty|Scrafty, L50, M|83/100
|-ability|p2a: Scrafty|Intimidate|boost
|-unboost|p1a: Sylveon|atk|1
|-unboost|p1b: Gyarados|atk|1
|move|p1b: Gyarados|Waterfall|p2a: Scrafty
|-damage|p2a: Scrafty|58/100
|move|p2b: Ninetales|Blizzard|p1b: Gyarados|[spread] p1a,p1b
|-damage|p1a: Sylveon|78/100
|-damage|p1b: Gyarados|70/100
|move|p1a: Sylveon|Hyper Voice|p2a: Scrafty|[spread] p2a,p2b
|-supereffective|p2a: Scrafty|2
|-crit|p2a: Scrafty
|-damage|p2a: Scrafty|0 fnt
|-damage|p2b: Ninetales|0 fnt
|faint|p2a: Scrafty
|faint|p2b: Ninetales
|
|upkeep
|
|t:|1782565551
|switch|p2b: Incineroar|Incineroar, L50, M|67/100
|switch|p2a: Gengar|Gengar-Mega, L50, M|100/100
|-ability|p2b: Incineroar|Intimidate|boost
|-unboost|p1a: Sylveon|atk|1
|-unboost|p1b: Gyarados|atk|1
|turn|7
|inactive|LorGhez has 30 seconds left.
|inactive|LorGhez has 20 seconds left.
|
|t:|1782565587
|move|p2b: Incineroar|Fake Out|p1a: Sylveon
|-damage|p1a: Sylveon|66/100
|move|p1b: Gyarados|Waterfall|p2b: Incineroar
|-supereffective|p2b: Incineroar|1
|-damage|p2b: Incineroar|27/100
|-enditem|p2b: Incineroar|Sitrus Berry|[eat]
|-heal|p2b: Incineroar|52/100|[from] item: Sitrus Berry
|move|p2a: Gengar|Sludge Bomb|p1a: Sylveon
|-supereffective|p1a: Sylveon|1
|-damage|p1a: Sylveon|0 fnt
|faint|p1a: Sylveon
|
|upkeep
|turn|8
|
|t:|1782565607
|move|p2a: Gengar|Sludge Bomb|p1b: Gyarados
|-damage|p1b: Gyarados|21/100
|-status|p1b: Gyarados|psn
|move|p2b: Incineroar|Parting Shot|p1b: Gyarados
|-unboost|p1b: Gyarados|atk|1
|-unboost|p1b: Gyarados|spa|1
|move|p1b: Gyarados|Avalanche|p2a: Gengar
|-damage|p2a: Gengar|79/100
|
|-damage|p1b: Gyarados|9/100 psn|[from] psn
|-sideend|p1: LorGhez|move: Tailwind
|upkeep
|turn|9
|
|t:|1782565627
|move|p2a: Gengar|Shadow Ball|p1b: Gyarados
|-damage|p1b: Gyarados|0 fnt
|faint|p1b: Gyarados
|
|win|ELIAS TRESCIENTOS
|inactive|LorGhez has 30 seconds to confirm battle start!
|inactive|ELIAS TRESCIENTOS has 30 seconds to confirm battle start!
||LorGhez is ready for game 3.
|inactive|ELIAS TRESCIENTOS has 20 seconds to confirm battle start!
|inactive|ELIAS TRESCIENTOS has 10 seconds to confirm battle start!
||ELIAS TRESCIENTOS is ready for game 3.
|uhtml|next|Next: Game 3 of 3
|l|☆ELIAS TRESCIENTOS
|player|p2|
