|j|☆sono babbonat
|j|☆louffytarau
|html|sono babbonatlouffytarau    
|uhtml|bestof|Game 3 of a best-of-3
|t:|1756543443
|gametype|doubles
|player|p1|sono babbonat|volkner|1129
|player|p2|louffytarau|102|1173
|gen|9
|tier|[Gen 9] VGC 2025 Reg H (Bo3)
|rated|
|rule|Species Clause: Limit one of each Pokémon
|rule|Item Clause: Limit 1 of each item
|clearpoke
|poke|p1|Whimsicott, L50, M|
|poke|p1|Gholdengo, L50|
|poke|p1|Indeedee, L50, M|
|poke|p1|Sneasler, L50, M|
|poke|p1|Ursaluna-Bloodmoon, L50, M|
|poke|p1|Archaludon, L50, F|
|poke|p2|Incineroar, L50, M|
|poke|p2|Gholdengo, L50|
|poke|p2|Amoonguss, L50, M|
|poke|p2|Hydreigon, L50, M|
|poke|p2|Porygon2, L50|
|poke|p2|Ursaluna, L50, F|
|teampreview|4
|showteam|p1|Whimsicott||CovertCloak|Prankster|Moonblast,Taunt,Tailwind,FakeTears|||M|||50|,,,,,Water]Gholdengo||MetalCoat|GoodasGold|MakeItRain,ShadowBall,NastyPlot,Protect||||||50|,,,,,Flying]Indeedee||FocusSash|PsychicSurge|ExpandingForce,TeraBlast,Imprison,TrickRoom|||M|||50|,,,,,Psychic]Sneasler||PsychicSeed|Unburden|CloseCombat,DireClaw,ThroatChop,Protect|||M|||50|,,,,,Dark]Ursaluna-Bloodmoon||LifeOrb|MindsEye|HyperVoice,BloodMoon,EarthPower,Protect|||M|||50|,,,,,Normal]Archaludon||PowerHerb|Stalwart|ElectroShot,DragonPulse,Thunderbolt,Protect|||F|||50|,,,,,Electric
|showteam|p2|Incineroar||SitrusBerry|Intimidate|KnockOff,FakeOut,FlareBlitz,PartingShot|||M|||50|,,,,,Ghost]Gholdengo||MetalCoat|GoodasGold|Protect,NastyPlot,MakeItRain,ShadowBall||||||50|,,,,,Water]Amoonguss||RockyHelmet|Regenerator|Spore,RagePowder,PollenPuff,Protect|||M|||50|,,,,,Fairy]Hydreigon||SafetyGoggles|Levitate|DracoMeteor,Snarl,Tailwind,Protect|||M|||50|,,,,,Ghost]Porygon2||Eviolite|Download|Recover,IceBeam,TeraBlast,TrickRoom||||||50|,,,,,Fighting]Ursaluna||FlameOrb|Guts|Earthquake,Facade,HeadlongRush,Protect|||F|||50|,,,,,Ghost
|inactive|Battle timer is ON: inactive players will automatically lose when time's up. (requested by sono babbonat)
|
|t:|1756543467
|teamsize|p1|4
|teamsize|p2|4
|start
|switch|p1a: Ursaluna|Ursaluna-Bloodmoon, L50, M|100/100
|switch|p1b: Whimsicott|Whimsicott, L50, M|100/100
|switch|p2a: Gholdengo|Gholdengo, L50|100/100
|switch|p2b: Incineroar|Incineroar, L50, M, shiny|100/100
|-ability|p2b: Incineroar|Intimidate|boost
|-unboost|p1a: Ursaluna|atk|1
|-unboost|p1b: Whimsicott|atk|1
|turn|1
|
|t:|1756543482
|move|p1a: Ursaluna|Protect|p1a: Ursaluna
|-singleturn|p1a: Ursaluna|Protect
|move|p2b: Incineroar|Fake Out|p1a: Ursaluna
|-activate|p1a: Ursaluna|move: Protect
|move|p1b: Whimsicott|Tailwind|p1b: Whimsicott
|-sidestart|p1: sono babbonat|move: Tailwind
|move|p2a: Gholdengo|Make It Rain|p1b: Whimsicott|[spread] p1b
|-activate|p1a: Ursaluna|move: Protect
|-supereffective|p1b: Whimsicott
|-damage|p1b: Whimsicott|0 fnt
|-unboost|p2a: Gholdengo|spa|1
|faint|p1b: Whimsicott
|
|upkeep
|
|t:|1756543494
|switch|p1b: Indeedee|Indeedee, L50, M|100/100
|-fieldstart|move: Psychic Terrain|[from] ability: Psychic Surge|[of] p1b: Indeedee
|turn|2
|inactive|louffytarau has 30 seconds left.
|
|t:|1756543524
|-terastallize|p1a: Ursaluna|Normal
|move|p1b: Indeedee|Expanding Force|p2b: Incineroar|[spread] p2a
|-immune|p2b: Incineroar
|-resisted|p2a: Gholdengo
|-damage|p2a: Gholdengo|73/100
|move|p1a: Ursaluna|Blood Moon|p2b: Incineroar
|-damage|p2b: Incineroar|0 fnt
|faint|p2b: Incineroar
|-damage|p1a: Ursaluna|91/100|[from] item: Life Orb
|move|p2a: Gholdengo|Make It Rain|p1a: Ursaluna|[spread] p1a,p1b
|-damage|p1a: Ursaluna|43/100
|-damage|p1b: Indeedee|48/100
|-unboost|p2a: Gholdengo|spa|1
|
|upkeep
|
|t:|1756543546
|switch|p2b: Porygon2|Porygon2, L50|100/100
|-ability|p2b: Porygon2|Download|boost
|-boost|p2b: Porygon2|spa|1
|turn|3
|inactive|louffytarau has 30 seconds left.
|
|t:|1756543574
|move|p2a: Gholdengo|Protect|p2a: Gholdengo
|-singleturn|p2a: Gholdengo|Protect
|move|p1b: Indeedee|Imprison|p1b: Indeedee
|-start|p1b: Indeedee|move: Imprison
|move|p1a: Ursaluna|Earth Power|p2a: Gholdengo
|-activate|p2a: Gholdengo|move: Protect
|move|p2b: Porygon2|Ice Beam|p1a: Ursaluna
|-damage|p1a: Ursaluna|0 fnt
|faint|p1a: Ursaluna
|
|upkeep
|
|t:|1756543578
|switch|p1a: Sneasler|Sneasler, L50, M|100/100
|-enditem|p1a: Sneasler|Psychic Seed
|-boost|p1a: Sneasler|spd|1|[from] item: Psychic Seed
|turn|4
|inactive|louffytarau has 30 seconds left.
|inactive|louffytarau has 20 seconds left.
|inactive|louffytarau has 15 seconds left.
|inactive|louffytarau has 10 seconds left.
|
|t:|1756543626
|move|p2a: Gholdengo|Protect||[still]
|-fail|p2a: Gholdengo
|move|p1a: Sneasler|Close Combat|p2b: Porygon2
|-supereffective|p2b: Porygon2
|-damage|p2b: Porygon2|18/100
|-unboost|p1a: Sneasler|def|1
|-unboost|p1a: Sneasler|spd|1
|move|p1b: Indeedee|Expanding Force|p2a: Gholdengo|[spread] p2a,p2b
|-resisted|p2a: Gholdengo
|-damage|p2a: Gholdengo|46/100
|-damage|p2b: Porygon2|0 fnt
|faint|p2b: Porygon2
|
|-sideend|p1: sono babbonat|move: Tailwind
|upkeep
|
|t:|1756543632
|switch|p2b: Hydreigon|Hydreigon, L50, M|100/100
|turn|5
|inactive|sono babbonat has 30 seconds left.
|
|t:|1756543660
|-terastallize|p2b: Hydreigon|Ghost
|move|p1a: Sneasler|Throat Chop|p2a: Gholdengo
|-supereffective|p2a: Gholdengo
|-damage|p2a: Gholdengo|0 fnt
|faint|p2a: Gholdengo
|move|p2b: Hydreigon|Snarl|p1a: Sneasler|[spread] p1a,p1b
|-resisted|p1a: Sneasler
|-supereffective|p1b: Indeedee
|-damage|p1a: Sneasler|90/100
|-damage|p1b: Indeedee|0 fnt
|-unboost|p1a: Sneasler|spa|1
|faint|p1b: Indeedee
|
|upkeep
|turn|6
|
|t:|1756543675
|move|p1a: Sneasler|Throat Chop|p2b: Hydreigon
|-supereffective|p2b: Hydreigon
|-damage|p2b: Hydreigon|35/100
|-start|p2b: Hydreigon|Throat Chop|[silent]
|move|p2b: Hydreigon|Draco Meteor|p1a: Sneasler
|-damage|p1a: Sneasler|16/100
|-unboost|p2b: Hydreigon|spa|2
|
|-fieldend|move: Psychic Terrain
|upkeep
|turn|7
|inactive|louffytarau has 30 seconds left.
|
|t:|1756543702
|move|p1a: Sneasler|Throat Chop|p2b: Hydreigon
|-supereffective|p2b: Hydreigon
|-damage|p2b: Hydreigon|0 fnt
|faint|p2b: Hydreigon
|
|win|sono babbonat
|raw|sono babbonat's rating: 1129 → 1157(+28 for winning)
|raw|louffytarau's rating: 1173 → 1145(-28 for losing)
|l|☆sono babbonat
|player|p1|
|l|☆louffytarau
|player|p2|
|j|☆louffytarau
|player|p2|louffytarau|102|
