|j|☆panijc
|j|☆Beccca
|html|panijcBeccca    
|uhtml|bestof|Game 1 of a best-of-3
|t:|1785895617
|gametype|doubles
|player|p1|panijc|101|1220
|player|p2|Beccca|102|1177
|gen|9
|tier|[Gen 9 Champions] VGC 2026 Reg M-B (Bo3)
|rated|
|rule|Species Clause: Limit one of each Pokémon
|rule|Item Clause: Limit 1 of each item
|clearpoke
|poke|p1|Raichu, L50, M|
|poke|p1|Mamoswine, L50, M|
|poke|p1|Sylveon, L50, F|
|poke|p1|Incineroar, L50, F|
|poke|p1|Basculegion, L50, M|
|poke|p1|Whimsicott, L50, M|
|poke|p2|Floette-Eternal, L50, F|
|poke|p2|Basculegion, L50, M|
|poke|p2|Tyranitar, L50, M|
|poke|p2|Talonflame, L50, F|
|poke|p2|Excadrill, L50, F|
|poke|p2|Mamoswine, L50, M|
|teampreview|4
|showteam|p1|Raichu||RaichuniteY|LightningRod|ZapCannon,FocusBlast,FakeOut,Protect|Timid||M|||50|]Mamoswine||LifeOrb|Oblivious|IcicleCrash,HighHorsepower,IceShard,Protect|Adamant||M|||50|]Sylveon||FairyFeather|Pixilate|HyperVoice,HyperBeam,Detect,Yawn|Modest||F|||50|]Incineroar||SitrusBerry|Intimidate|ThroatChop,FlareBlitz,FakeOut,PartingShot|Impish||F|||50|]Basculegion||MysticWater|Adaptability|WaveCrash,LastRespects,AquaJet,Protect|Adamant||M|||50|]Whimsicott||FocusSash|Prankster|Moonblast,Tailwind,Protect,Encore|Timid||M|||50|
|showteam|p2|Floette-Eternal||Floettite|FlowerVeil|Moonblast,DazzlingGleam,LightofRuin,Protect|Modest||F|||50|]Basculegion||ChoiceScarf|Adaptability|WaveCrash,LastRespects,AquaJet,FlipTurn|Jolly||M|||50|]Tyranitar||FocusSash|SandStream|RockSlide,KnockOff,LowKick,Protect|Adamant||M|||50|]Talonflame||SharpBeak|GaleWings|DualWingbeat,Taunt,Tailwind,Protect|Jolly||F|||50|]Excadrill||Excadrite|SandRush|IronHead,HighHorsepower,BrickBreak,Protect|Jolly||F|||50|]Mamoswine||LifeOrb|Oblivious|IcicleCrash,Earthquake,IceShard,Protect|Adamant||M|||50|
|
|t:|1785895663
|teamsize|p1|4
|teamsize|p2|4
|start
|switch|p1a: Incineroar|Incineroar, L50, F|100/100
|switch|p1b: Mamoswine|Mamoswine, L50, M|100/100
|switch|p2a: Talonflame|Talonflame, L50, F|100/100
|switch|p2b: Basculegion|Basculegion, L50, M|100/100
|-ability|p1a: Incineroar|Intimidate|boost
|-unboost|p2a: Talonflame|atk|1
|-unboost|p2b: Basculegion|atk|1
|turn|1
|inactive|Battle timer is ON: inactive players will automatically lose when time's up. (requested by Beccca)
|inactive|panijc has 60 seconds left.
|inactive|Beccca has 60 seconds left.
|inactive|Beccca has 30 seconds left.
|
|t:|1785895729
|switch|p2a: Excadrill|Excadrill, L50, F|100/100
|move|p1a: Incineroar|Fake Out|p2a: Excadrill
|-resisted|p2a: Excadrill|1
|-damage|p2a: Excadrill|91/100
|move|p2b: Basculegion|Flip Turn|p1a: Incineroar
|-supereffective|p1a: Incineroar|1
|-damage|p1a: Incineroar|65/100
|
|t:|1785895738
|switch|p2b: Talonflame|Talonflame, L50, F|100/100|[from] Flip Turn
|move|p1b: Mamoswine|High Horsepower|p2b: Talonflame
|-immune|p2b: Talonflame
|
|upkeep
|turn|2
|inactive|Beccca has 30 seconds left.
|inactive|Beccca has 20 seconds left.
|inactive|Beccca has 15 seconds left.
|inactive|Beccca has 10 seconds left.
|inactive|Beccca has 5 seconds left.
|
|t:|1785895790
|move|p2a: Excadrill|Protect|p2a: Excadrill
|-singleturn|p2a: Excadrill|Protect
|move|p2b: Talonflame|Tailwind|p2b: Talonflame
|-sidestart|p2: Beccca|move: Tailwind
|move|p1b: Mamoswine|Ice Shard|p2a: Excadrill
|-activate|p2a: Excadrill|move: Protect
|move|p1a: Incineroar|Flare Blitz|p2a: Excadrill
|-activate|p2a: Excadrill|move: Protect
|
|upkeep
|turn|3
|inactive|panijc has 30 seconds left.
|
|t:|1785895818
|switch|p2b: Basculegion|Basculegion, L50, M|100/100
|detailschange|p2a: Excadrill|Excadrill-Mega, L50, F
|-mega|p2a: Excadrill|Excadrill|Excadrite
|move|p1b: Mamoswine|Ice Shard|p2a: Excadrill
|-damage|p2a: Excadrill|62/100
|-damage|p1b: Mamoswine|90/100|[from] item: Life Orb
|move|p2a: Excadrill|High Horsepower|p1a: Incineroar
|-supereffective|p1a: Incineroar|1
|-damage|p1a: Incineroar|0 fnt
|faint|p1a: Incineroar
|
|upkeep
|
|t:|1785895831
|switch|p1a: Basculegion|Basculegion, L50, M|100/100
|turn|4
|inactive|Beccca has 30 seconds left.
|
|t:|1785895861
|move|p1b: Mamoswine|Ice Shard|p2a: Excadrill
|-damage|p2a: Excadrill|34/100
|-damage|p1b: Mamoswine|80/100|[from] item: Life Orb
|move|p2b: Basculegion|Last Respects|p1a: Basculegion
|-supereffective|p1a: Basculegion|1
|-damage|p1a: Basculegion|36/100
|move|p2a: Excadrill|Iron Head|p1b: Mamoswine
|-supereffective|p1b: Mamoswine|1
|-damage|p1b: Mamoswine|0 fnt
|faint|p1b: Mamoswine
|move|p1a: Basculegion|Last Respects|p2b: Basculegion
|-supereffective|p2b: Basculegion|1
|-damage|p2b: Basculegion|0 fnt
|faint|p2b: Basculegion
|
|upkeep
|
|t:|1785895876
|switch|p2b: Talonflame|Talonflame, L50, F|100/100
|switch|p1b: Raichu|Raichu, L50, M|100/100
|turn|5
|
|t:|1785895889
|detailschange|p1b: Raichu|Raichu-Mega-Y, L50, M
|-mega|p1b: Raichu|Raichu|Raichunite Y
|move|p2b: Talonflame|Protect|p2b: Talonflame
|-singleturn|p2b: Talonflame|Protect
|move|p2a: Excadrill|Protect|p2a: Excadrill
|-singleturn|p2a: Excadrill|Protect
|move|p1b: Raichu|Fake Out|p2b: Talonflame
|-activate|p2b: Talonflame|move: Protect
|move|p1a: Basculegion|Aqua Jet|p2a: Excadrill
|-activate|p2a: Excadrill|move: Protect
|
|-sideend|p2: Beccca|move: Tailwind
|upkeep
|turn|6
|
|t:|1785895912
|switch|p2a: Tyranitar|Tyranitar, L50, M|100/100
|-weather|Sandstorm|[from] ability: Sand Stream|[of] p2a: Tyranitar
|move|p2b: Talonflame|Tailwind|p2b: Talonflame
|-sidestart|p2: Beccca|move: Tailwind
|move|p1a: Basculegion|Aqua Jet|p2a: Tyranitar
|-supereffective|p2a: Tyranitar|1
|-damage|p2a: Tyranitar|45/100
|move|p1b: Raichu|Zap Cannon|p2b: Talonflame
|-supereffective|p2b: Talonflame|1
|-damage|p2b: Talonflame|0 fnt
|faint|p2b: Talonflame
|
|-weather|Sandstorm|[upkeep]
|-damage|p1b: Raichu|94/100|[from] Sandstorm
|-damage|p1a: Basculegion|30/100|[from] Sandstorm
|upkeep
|
|t:|1785895928
|switch|p2b: Excadrill|Excadrill-Mega, L50, F|34/100
|turn|7
|inactive|Beccca has 30 seconds left.
|
|t:|1785895958
|move|p2b: Excadrill|Protect|p2b: Excadrill
|-singleturn|p2b: Excadrill|Protect
|move|p1a: Basculegion|Aqua Jet|p2a: Tyranitar
|-supereffective|p2a: Tyranitar|1
|-damage|p2a: Tyranitar|0 fnt
|faint|p2a: Tyranitar
|move|p1b: Raichu|Focus Blast|p2b: Excadrill
|-activate|p2b: Excadrill|move: Protect
|
|-weather|Sandstorm|[upkeep]
|-damage|p1b: Raichu|88/100|[from] Sandstorm
|-damage|p1a: Basculegion|24/100|[from] Sandstorm
|upkeep
|turn|8
|-message|Beccca forfeited.
|
|win|panijc
||panijc is ready for game 2.
||Beccca is ready for game 2.
|uhtml|next|Next: Game 2 of 3
|l|☆panijc
|player|p1|
|j|☆panijc
|player|p1|panijc|101|
