|j|☆Sunnymight
|j|‽Blackfish 2478
|html|SunnymightBlackfish 2478    
|uhtml|bestof|Game 1 of a best-of-3
|t:|1757803678
|gametype|doubles
|player|p1|Sunnymight|170|1172
|player|p2|Blackfish 2478|ghetsis-gen5bw|1040
|gen|9
|tier|[Gen 9] VGC 2025 Reg H (Bo3)
|rated|
|rule|Species Clause: Limit one of each Pokémon
|rule|Item Clause: Limit 1 of each item
|clearpoke
|poke|p1|Maushold-Four, L50|
|poke|p1|Pelipper, L50, M|
|poke|p1|Annihilape, L50, M|
|poke|p1|Archaludon, L50, F|
|poke|p1|Grimmsnarl, L50, M|
|poke|p1|Sinistcha, L50|
|poke|p2|Incineroar, L50, F|
|poke|p2|Amoonguss, L50, M|
|poke|p2|Gholdengo, L50|
|poke|p2|Maushold-Four, L50|
|poke|p2|Annihilape, L50, M|
|poke|p2|Archaludon, L50, F|
|teampreview|4
|showteam|p1|Maushold-Four||SafetyGoggles|FriendGuard|Taunt,BeatUp,FollowMe,Protect||||||50|,,,,,Ghost]Pelipper||FocusSash|Drizzle|Protect,Tailwind,WeatherBall,Hurricane|||M|||50|,,,,,Ground]Annihilape||ChoiceScarf|Defiant|RockSlide,RageFist,FinalGambit,CloseCombat|||M|||50|,,,,,Dragon]Archaludon||AssaultVest|Stamina|DracoMeteor,ElectroShot,BodyPress,Snarl|||F|||50|,,,,,Bug]Grimmsnarl||LightClay|Prankster|Reflect,LightScreen,FoulPlay,ThunderWave|||M|||50|,,,,,Ghost]Sinistcha||SitrusBerry|Hospitality|LifeDew,TrickRoom,StrengthSap,MatchaGotcha||||||50|,,,,,Dragon
|showteam|p2|Incineroar||SafetyGoggles|Intimidate|FlareBlitz,KnockOff,PartingShot,FakeOut|||F|||50|,,,,,Ghost]Amoonguss||CovertCloak|Regenerator|PollenPuff,RagePowder,Spore,SludgeBomb|||M|||50|,,,,,Ghost]Gholdengo||LifeOrb|GoodasGold|MakeItRain,ShadowBall,PowerGem,NastyPlot||||||50|,,,,,Dragon]Maushold-Four||WideLens|FriendGuard|PopulationBomb,FollowMe,SuperFang,Protect||||||50|,,,,,Normal]Annihilape||SitrusBerry|Defiant|RageFist,DrainPunch,FinalGambit,BulkUp|||M|||50|,,,,,Fire]Archaludon||AssaultVest|Stamina|Snarl,BodyPress,DracoMeteor,Facade|||F|||50|,,,,,Steel
|inactive|Battle timer is ON: inactive players will automatically lose when time's up. (requested by Blackfish 2478)
|inactive|Sunnymight has 60 seconds left.
|
|t:|1757803723
|teamsize|p1|4
|teamsize|p2|4
|start
|switch|p1a: Annihilape|Annihilape, L50, M|100/100
|switch|p1b: Maushold|Maushold-Four, L50|100/100
|switch|p2a: Annihilape|Annihilape, L50, M|100/100
|switch|p2b: Maushold|Maushold-Four, L50|100/100
|turn|1
|inactive|Sunnymight has 30 seconds left.
|
|t:|1757803748
|-terastallize|p2a: Annihilape|Fire
|move|p2b: Maushold|Follow Me|p2b: Maushold
|-singleturn|p2b: Maushold|move: Follow Me
|move|p1b: Maushold|Taunt|p2b: Maushold
|-start|p2b: Maushold|move: Taunt
|move|p1a: Annihilape|Rage Fist|p2b: Maushold
|-immune|p2b: Maushold
|move|p2a: Annihilape|Bulk Up|p2a: Annihilape
|-boost|p2a: Annihilape|atk|1
|-boost|p2a: Annihilape|def|1
|
|upkeep
|turn|2
|inactive|Sunnymight has 30 seconds left.
|inactive|Blackfish 2478 has 30 seconds left.
|inactive|Blackfish 2478 has 20 seconds left.
|
|t:|1757803783
|switch|p2b: Archaludon|Archaludon, L50, F|100/100
|-terastallize|p1b: Maushold|Ghost
|move|p1b: Maushold|Beat Up|p1a: Annihilape
|-damage|p1a: Annihilape|98/100
|-damage|p1a: Annihilape|96/100
|-damage|p1a: Annihilape|94/100
|-damage|p1a: Annihilape|92/100
|-hitcount|p1a: Annihilape|4
|move|p1a: Annihilape|Rage Fist|p2a: Annihilape
|-damage|p2a: Annihilape|12/100
|-enditem|p2a: Annihilape|Sitrus Berry|[eat]
|-heal|p2a: Annihilape|36/100|[from] item: Sitrus Berry
|move|p2a: Annihilape|Drain Punch|p1b: Maushold
|-immune|p1b: Maushold
|
|upkeep
|turn|3
|inactive|Sunnymight has 30 seconds left.
|inactive|Blackfish 2478 has 30 seconds left.
|inactive|Sunnymight has 20 seconds left.
|
|t:|1757803822
|move|p1b: Maushold|Protect|p1b: Maushold
|-singleturn|p1b: Maushold|Protect
|move|p1a: Annihilape|Rage Fist|p2a: Annihilape
|-damage|p2a: Annihilape|0 fnt
|faint|p2a: Annihilape
|move|p2b: Archaludon|Snarl|p1b: Maushold|[spread] p1a
|-activate|p1b: Maushold|move: Protect
|-damage|p1a: Annihilape|82/100
|-unboost|p1a: Annihilape|spa|1
|-ability|p1a: Annihilape|Defiant|boost
|-boost|p1a: Annihilape|atk|2
|
|upkeep
|
|t:|1757803827
|switch|p2a: Maushold|Maushold-Four, L50|100/100
|turn|4
|
|t:|1757803845
|move|p2a: Maushold|Population Bomb|p2b: Archaludon
|-resisted|p2b: Archaludon
|-crit|p2b: Archaludon
|-damage|p2b: Archaludon|98/100
|-ability|p2b: Archaludon|Stamina|boost
|-boost|p2b: Archaludon|def|1
|-resisted|p2b: Archaludon
|-damage|p2b: Archaludon|97/100
|-ability|p2b: Archaludon|Stamina|boost
|-boost|p2b: Archaludon|def|1
|-resisted|p2b: Archaludon
|-damage|p2b: Archaludon|96/100
|-ability|p2b: Archaludon|Stamina|boost
|-boost|p2b: Archaludon|def|1
|-resisted|p2b: Archaludon
|-crit|p2b: Archaludon
|-damage|p2b: Archaludon|94/100
|-ability|p2b: Archaludon|Stamina|boost
|-boost|p2b: Archaludon|def|1
|-resisted|p2b: Archaludon
|-crit|p2b: Archaludon
|-damage|p2b: Archaludon|91/100
|-ability|p2b: Archaludon|Stamina|boost
|-boost|p2b: Archaludon|def|1
|-resisted|p2b: Archaludon
|-damage|p2b: Archaludon|91/100
|-ability|p2b: Archaludon|Stamina|boost
|-boost|p2b: Archaludon|def|1
|-resisted|p2b: Archaludon
|-crit|p2b: Archaludon
|-damage|p2b: Archaludon|88/100
|-resisted|p2b: Archaludon
|-damage|p2b: Archaludon|88/100
|-resisted|p2b: Archaludon
|-damage|p2b: Archaludon|87/100
|-resisted|p2b: Archaludon
|-damage|p2b: Archaludon|87/100
|-hitcount|p2b: Archaludon|10
|move|p1b: Maushold|Taunt|p2a: Maushold
|-start|p2a: Maushold|move: Taunt
|move|p1a: Annihilape|Rage Fist|p2b: Archaludon
|-damage|p2b: Archaludon|37/100
|move|p2b: Archaludon|Snarl|p1a: Annihilape|[spread] p1a,p1b
|-supereffective|p1b: Maushold
|-crit|p1b: Maushold
|-damage|p1a: Annihilape|72/100
|-damage|p1b: Maushold|48/100
|-unboost|p1a: Annihilape|spa|1
|-ability|p1a: Annihilape|Defiant|boost
|-boost|p1a: Annihilape|atk|2
|-unboost|p1b: Maushold|spa|1
|
|upkeep
|turn|5
|inactive|Sunnymight has 30 seconds left.
|inactive|Sunnymight has 20 seconds left.
|inactive|Sunnymight has 15 seconds left.
|
|t:|1757803890
|switch|p2a: Amoonguss|Amoonguss, L50, M|100/100
|move|p1b: Maushold|Follow Me|p1b: Maushold
|-singleturn|p1b: Maushold|move: Follow Me
|move|p1a: Annihilape|Rage Fist|p2b: Archaludon
|-damage|p2b: Archaludon|0 fnt
|faint|p2b: Archaludon
|
|upkeep
|
|t:|1757803899
|switch|p2b: Maushold|Maushold-Four, L50|100/100
|turn|6
|
|t:|1757803910
|move|p2b: Maushold|Follow Me|p2b: Maushold
|-singleturn|p2b: Maushold|move: Follow Me
|move|p1b: Maushold|Follow Me|p1b: Maushold
|-singleturn|p1b: Maushold|move: Follow Me
|move|p1a: Annihilape|Rage Fist|p2b: Maushold
|-immune|p2b: Maushold
|move|p2a: Amoonguss|Spore|p1b: Maushold
|-activate|p1b: Maushold|item: Safety Goggles|Spore
|
|upkeep
|turn|7
|inactive|Blackfish 2478 has 30 seconds left.
|
|t:|1757803935
|switch|p1a: Pelipper|Pelipper, L50, M, shiny|100/100
|-weather|RainDance|[from] ability: Drizzle|[of] p1a: Pelipper
|move|p2b: Maushold|Follow Me|p2b: Maushold
|-singleturn|p2b: Maushold|move: Follow Me
|move|p1b: Maushold|Follow Me|p1b: Maushold
|-singleturn|p1b: Maushold|move: Follow Me
|move|p2a: Amoonguss|Sludge Bomb|p1b: Maushold
|-resisted|p1b: Maushold
|-damage|p1b: Maushold|33/100
|
|-weather|RainDance|[upkeep]
|upkeep
|turn|8
|inactive|Sunnymight has 30 seconds left.
|
|t:|1757803962
|move|p2b: Maushold|Follow Me|p2b: Maushold
|-singleturn|p2b: Maushold|move: Follow Me
|move|p1b: Maushold|Taunt|p2b: Maushold
|-start|p2b: Maushold|move: Taunt
|move|p1a: Pelipper|Hurricane|p2b: Maushold
|-damage|p2b: Maushold|36/100
|move|p2a: Amoonguss|Pollen Puff|p1b: Maushold
|-resisted|p1b: Maushold
|-damage|p1b: Maushold|23/100
|
|-weather|RainDance|[upkeep]
|upkeep
|turn|9
|inactive|Blackfish 2478 has 30 seconds left.
|
|t:|1757803991
|move|p2b: Maushold|Population Bomb|p1a: Pelipper
|-damage|p1a: Pelipper|92/100
|-damage|p1a: Pelipper|86/100
|-damage|p1a: Pelipper|78/100
|-damage|p1a: Pelipper|71/100
|-damage|p1a: Pelipper|64/100
|-damage|p1a: Pelipper|56/100
|-damage|p1a: Pelipper|50/100
|-damage|p1a: Pelipper|43/100
|-damage|p1a: Pelipper|37/100
|-damage|p1a: Pelipper|29/100
|-hitcount|p1a: Pelipper|10
|move|p1b: Maushold|Taunt|p2a: Amoonguss
|-start|p2a: Amoonguss|move: Taunt
|move|p1a: Pelipper|Weather Ball|p2b: Maushold
|-damage|p2b: Maushold|0 fnt
|faint|p2b: Maushold
|move|p2a: Amoonguss|Pollen Puff|p1a: Pelipper
|-resisted|p1a: Pelipper
|-damage|p1a: Pelipper|19/100
|
|-weather|RainDance|[upkeep]
|upkeep
|turn|10
|inactive|Sunnymight has 30 seconds left.
|
|t:|1757804017
|move|p1b: Maushold|Follow Me|p1b: Maushold
|-singleturn|p1b: Maushold|move: Follow Me
|move|p1a: Pelipper|Hurricane|p2a: Amoonguss
|-supereffective|p2a: Amoonguss
|-damage|p2a: Amoonguss|22/100
|move|p2a: Amoonguss|Sludge Bomb|p1b: Maushold
|-resisted|p1b: Maushold
|-damage|p1b: Maushold|8/100
|
|-weather|RainDance|[upkeep]
|upkeep
|turn|11
|
|t:|1757804036
|move|p1b: Maushold|Beat Up|p2a: Amoonguss
|-damage|p2a: Amoonguss|20/100
|-damage|p2a: Amoonguss|18/100
|-damage|p2a: Amoonguss|15/100
|-damage|p2a: Amoonguss|12/100
|-hitcount|p2a: Amoonguss|4
|move|p1a: Pelipper|Hurricane|p2a: Amoonguss
|-supereffective|p2a: Amoonguss
|-damage|p2a: Amoonguss|0 fnt
|faint|p2a: Amoonguss
|
|win|Sunnymight
|inactive|Sunnymight has 30 seconds to confirm battle start!
|inactive|Blackfish 2478 has 30 seconds to confirm battle start!
