|j|☆leisurecapekermit
|j|☆LChallenger
|html|leisurecapekermitLChallenger    
|uhtml|bestof|Game 3 of a best-of-3
|t:|1785122975
|gametype|doubles
|player|p1|leisurecapekermit|266|
|player|p2|LChallenger|169|
|gen|9
|tier|[Gen 9 Champions] VGC 2026 Reg M-B (Bo3)
|rule|Species Clause: Limit one of each Pokémon
|rule|Item Clause: Limit 1 of each item
|clearpoke
|poke|p1|Vivillon-Fancy, L50, F|
|poke|p1|Farigiraf, L50, F|
|poke|p1|Sceptile, L50, M|
|poke|p1|Kommo-o, L50, M|
|poke|p1|Mawile, L50, F|
|poke|p1|Weavile, L50, F|
|poke|p2|Archaludon, L50, M|
|poke|p2|Sinistcha, L50|
|poke|p2|Slurpuff, L50, F|
|poke|p2|Gengar, L50, M|
|poke|p2|Mamoswine, L50, M|
|poke|p2|Annihilape, L50, M|
|teampreview|4
|showteam|p1|Vivillon-Fancy||FocusSash|CompoundEyes|Hurricane,Tailwind,SleepPowder,Protect|Timid||F|||50|]Farigiraf||SitrusBerry|ArmorTail|Thunderbolt,HelpingHand,TrickRoom,Protect|Relaxed||F|||50|]Sceptile||Sceptilite|Overgrow|DragonPulse,EnergyBall,EarthPower,Detect|Modest||M|||50|]Kommo-o||Leftovers|Soundproof|AuraSphere,ClangingScales,ClangorousSoul,Protect|Modest||M|||50|]Mawile||Mawilite|Intimidate|IronHead,PlayRough,SuckerPunch,Protect|Adamant||F|||50|]Weavile||LifeOrb|Pressure|IcicleSpear,KnockOff,SwordsDance,Protect|Jolly||F|||50|
|showteam|p2|Archaludon||LightClay|Stamina|BreakingSwipe,Reflect,LightScreen,FlashCannon|Relaxed||M|||50|]Sinistcha||SitrusBerry|Hospitality|MatchaGotcha,RagePowder,TrickRoom,LifeDew|Relaxed|||||50|]Slurpuff||FocusSash|SweetVeil|Endeavor,DazzlingGleam,Protect,MistyExplosion|Timid||F|||50|]Gengar||Gengarite|CursedBody|SludgeWave,Protect,Taunt,ShadowBall|Modest||M|||50|]Mamoswine||LifeOrb|Oblivious|IceShard,Earthquake,RockSlide,Protect|Brave||M|||50|]Annihilape||Leftovers|VitalSpirit|PhantomForce,Protect,RockSlide,DrainPunch|Adamant||M|||50|
|
|t:|1785123004
|teamsize|p1|4
|teamsize|p2|4
|start
|switch|p1a: Farigiraf|Farigiraf, L50, F|100/100
|switch|p1b: Mawile|Mawile, L50, F|100/100
|switch|p2a: Gengar|Gengar, L50, M|100/100
|switch|p2b: Slurpuff|Slurpuff, L50, F|100/100
|-ability|p1b: Mawile|Intimidate|boost
|-unboost|p2a: Gengar|atk|1
|-unboost|p2b: Slurpuff|atk|1
|turn|1
|
|t:|1785123021
|detailschange|p2a: Gengar|Gengar-Mega, L50, M
|-mega|p2a: Gengar|Gengar|Gengarite
|detailschange|p1b: Mawile|Mawile-Mega, L50, F
|-mega|p1b: Mawile|Mawile|Mawilite
|move|p2a: Gengar|Taunt|p1a: Farigiraf
|-start|p1a: Farigiraf|move: Taunt
|move|p2b: Slurpuff|Dazzling Gleam|p1b: Mawile|[spread] p1a,p1b
|-resisted|p1b: Mawile|1
|-damage|p1a: Farigiraf|75/100
|-damage|p1b: Mawile|86/100
|move|p1b: Mawile|Iron Head|p2b: Slurpuff
|-supereffective|p2b: Slurpuff|1
|-enditem|p2b: Slurpuff|Focus Sash
|-damage|p2b: Slurpuff|1/100
|cant|p1a: Farigiraf|move: Taunt|Trick Room
|
|upkeep
|turn|2
|
|t:|1785123061
|switch|p2b: Archaludon|Archaludon, L50, M|100/100
|move|p2a: Gengar|Sludge Wave|p1a: Farigiraf|[spread] p1a
|-immune|p2b: Archaludon
|-immune|p1b: Mawile
|-damage|p1a: Farigiraf|25/100
|-enditem|p1a: Farigiraf|Sitrus Berry|[eat]
|-heal|p1a: Farigiraf|50/100g|[from] item: Sitrus Berry
|move|p1a: Farigiraf|Thunderbolt|p2b: Archaludon
|-resisted|p2b: Archaludon|1
|-damage|p2b: Archaludon|84/100
|-ability|p2b: Archaludon|Stamina|boost
|-boost|p2b: Archaludon|def|1
|move|p1b: Mawile|Iron Head|p2a: Gengar
|-damage|p2a: Gengar|0 fnt
|faint|p2a: Gengar
|
|upkeep
|
|t:|1785123066
|switch|p2a: Sinistcha|Sinistcha, L50|100/100
|-heal|p2b: Archaludon|100/100|[from] ability: Hospitality|[of] p2a: Sinistcha
|turn|3
|
|t:|1785123091
|switch|p1a: Weavile|Weavile, L50, F|100/100
|-ability|p1a: Weavile|Pressure
|move|p1b: Mawile|Sucker Punch|p2a: Sinistcha
|-supereffective|p2a: Sinistcha|1
|-damage|p2a: Sinistcha|31/100
|-enditem|p2a: Sinistcha|Sitrus Berry|[eat]
|-heal|p2a: Sinistcha|56/100|[from] item: Sitrus Berry
|move|p2b: Archaludon|Reflect|p2b: Archaludon
|-sidestart|p2: LChallenger|Reflect
|move|p2a: Sinistcha|Matcha Gotcha|p1b: Mawile|[spread] p1b
|-miss|p2a: Sinistcha|p1a: Weavile
|-resisted|p1b: Mawile|1
|-damage|p1b: Mawile|73/100
|-heal|p2a: Sinistcha|62/100|[from] drain|[of] p1b: Mawile
|
|upkeep
|turn|4
|
|t:|1785123136
|switch|p1b: Farigiraf|Farigiraf, L50, F|50/100g
|move|p1a: Weavile|Swords Dance|p1a: Weavile
|-boost|p1a: Weavile|atk|2
|move|p2b: Archaludon|Flash Cannon|p1a: Weavile
|-supereffective|p1a: Weavile|1
|-damage|p1a: Weavile|8/100
|move|p2a: Sinistcha|Life Dew||[still]|[spread] p2a,p2b
|-heal|p2a: Sinistcha|87/100
|-fail|p2b: Archaludon|heal
|
|upkeep
|turn|5
|
|t:|1785123165
|switch|p2a: Slurpuff|Slurpuff, L50, F|1/100
|move|p1b: Farigiraf|Helping Hand|p1a: Weavile
|-singleturn|p1a: Weavile|Helping Hand|[of] p1b: Farigiraf
|move|p1a: Weavile|Icicle Spear|p2a: Slurpuff
|-damage|p2a: Slurpuff|0 fnt
|faint|p2a: Slurpuff
|-hitcount|p2: Slurpuff|1
|-damage|p1a: Weavile|0 fnt|[from] item: Life Orb
|faint|p1a: Weavile
|move|p2b: Archaludon|Breaking Swipe|p1b: Farigiraf
|-damage|p1b: Farigiraf|32/100
|-unboost|p1b: Farigiraf|atk|1
|
|upkeep
|
|t:|1785123179
|switch|p1a: Kommo-o|Kommo-o, L50, M|100/100
|switch|p2a: Sinistcha|Sinistcha, L50|87/100
|turn|6
|
|t:|1785123204
|move|p1a: Kommo-o|Clangorous Soul|p1a: Kommo-o
|-boost|p1a: Kommo-o|atk|1
|-boost|p1a: Kommo-o|def|1
|-boost|p1a: Kommo-o|spa|1
|-boost|p1a: Kommo-o|spd|1
|-boost|p1a: Kommo-o|spe|1
|-damage|p1a: Kommo-o|67/100
|move|p2b: Archaludon|Breaking Swipe|p1b: Farigiraf|[spread] p1a,p1b
|-supereffective|p1a: Kommo-o|1
|-damage|p1a: Kommo-o|46/100
|-damage|p1b: Farigiraf|20/100y
|-unboost|p1a: Kommo-o|atk|1
|-unboost|p1b: Farigiraf|atk|1
|move|p2a: Sinistcha|Matcha Gotcha|p1b: Farigiraf|[spread] p1b
|-miss|p2a: Sinistcha|p1a: Kommo-o
|-damage|p1b: Farigiraf|0 fnt
|-heal|p2a: Sinistcha|100/100|[from] drain|[of] p1b: Farigiraf
|faint|p1b: Farigiraf
|
|-heal|p1a: Kommo-o|51/100|[from] item: Leftovers
|upkeep
|
|t:|1785123222
|switch|p1b: Mawile|Mawile-Mega, L50, F|73/100
|turn|7
|
|t:|1785123246
|move|p1a: Kommo-o|Clanging Scales|p2a: Sinistcha|[spread] p2a,p2b
|-damage|p2a: Sinistcha|29/100
|-damage|p2b: Archaludon|23/100
|-ability|p2b: Archaludon|Stamina|boost
|-boost|p2b: Archaludon|def|1
|-unboost|p1a: Kommo-o|def|1
|move|p2b: Archaludon|Breaking Swipe|p1a: Kommo-o|[spread] p1a
|-immune|p1b: Mawile
|-supereffective|p1a: Kommo-o|1
|-damage|p1a: Kommo-o|19/100
|-unboost|p1a: Kommo-o|atk|1
|move|p2a: Sinistcha|Life Dew|p2a: Sinistcha|[spread] p2a,p2b
|-heal|p2a: Sinistcha|54/100
|-heal|p2b: Archaludon|48/100
|move|p1b: Mawile|Play Rough|p2b: Archaludon
|-damage|p2b: Archaludon|31/100
|-ability|p2b: Archaludon|Stamina|boost
|-boost|p2b: Archaludon|def|1
|
|-heal|p1a: Kommo-o|25/100|[from] item: Leftovers
|upkeep
|turn|8
|
|t:|1785123276
|move|p1b: Mawile|Sucker Punch|p2a: Sinistcha
|-supereffective|p2a: Sinistcha|1
|-damage|p2a: Sinistcha|14/100
|move|p1a: Kommo-o|Clanging Scales|p2a: Sinistcha|[spread] p2a,p2b
|-damage|p2a: Sinistcha|0 fnt
|-damage|p2b: Archaludon|0 fnt
|faint|p2a: Sinistcha
|faint|p2b: Archaludon
|
|win|leisurecapekermit
