|j|☆BaimeJoytWeeGeeCee
|j|☆jaycus
|html|BaimeJoytWeeGeeCeejaycus    
|uhtml|bestof|Game 3 of a best-of-3
|t:|1756750513
|gametype|doubles
|player|p1|BaimeJoytWeeGeeCee|turo-ai|1102
|player|p2|jaycus|guitarist-gen4|1000
|gen|9
|tier|[Gen 9] VGC 2025 Reg H (Bo3)
|rated|
|rule|Species Clause: Limit one of each Pokémon
|rule|Item Clause: Limit 1 of each item
|clearpoke
|poke|p1|Maushold-Four, L50|
|poke|p1|Annihilape, L50, M|
|poke|p1|Politoed, L50, M|
|poke|p1|Archaludon, L50, F|
|poke|p1|Overqwil, L50, F|
|poke|p1|Salamence, L50, M|
|poke|p2|Archaludon, L50, M|
|poke|p2|Politoed, L50, M|
|poke|p2|Gothorita, L50, M|
|poke|p2|Pelipper, L50, F|
|poke|p2|Amoonguss, L50, M|
|poke|p2|Basculegion, L50, M|
|teampreview|4
|showteam|p1|Maushold-Four||SafetyGoggles|FriendGuard|FollowMe,Protect,Taunt,BeatUp||||||50|,,,,,Ghost]Annihilape||Leftovers|Defiant|RageFist,DrainPunch,BulkUp,Protect|||M|||50|,,,,,Fire]Politoed||ChoiceSpecs|Drizzle|WeatherBall,MuddyWater,IceBeam,Haze|||M|||50|,,,,,Grass]Archaludon||AssaultVest|Stamina|DragonPulse,ElectroShot,BodyPress,FlashCannon|||F|||50|,,,,,Grass]Overqwil||CovertCloak|SwiftSwim|AcidSpray,GunkShot,ThroatChop,RainDance|||F|||50|,,,,,Water]Salamence||LifeOrb|Intimidate|DracoMeteor,AirSlash,Tailwind,Protect|||M|||50|,,,,,Steel
|showteam|p2|Archaludon||Leftovers|Stamina|ElectroShot,BodyPress,FlashCannon,Protect|||M|||50|,,,,,Fighting]Politoed||SitrusBerry|Drizzle|PerishSong,IcyWind,Encore,Protect|||M|||50|,,,,,Grass]Gothorita||Eviolite|ShadowTag|FakeOut,Protect,Taunt,HelpingHand|||M|||50|,,,,,Dark]Pelipper||SafetyGoggles|Drizzle|Tailwind,WeatherBall,Hurricane,Protect|||F|||50|,,,,,Steel]Amoonguss||RockyHelmet|Regenerator|Spore,SludgeBomb,RagePowder,Protect|||M|||50|,,,,,Water]Basculegion||ChoiceBand|SwiftSwim|LastRespects,Liquidation,WaveCrash,IceFang|||M|||50|,,,,,Ghost
|inactive|Battle timer is ON: inactive players will automatically lose when time's up. (requested by BaimeJoytWeeGeeCee)
|inactive|jaycus has 60 seconds left.
|
|t:|1756750547
|teamsize|p1|4
|teamsize|p2|4
|start
|switch|p1a: Maushold|Maushold-Four, L50|100/100
|switch|p1b: Annihilape|Annihilape, L50, M, shiny|100/100
|switch|p2a: Archaludon|Archaludon, L50, M|100/100
|switch|p2b: Politoed|Politoed, L50, M|100/100
|-weather|RainDance|[from] ability: Drizzle|[of] p2b: Politoed
|turn|1
|inactive|jaycus has 30 seconds left.
|inactive|jaycus has 20 seconds left.
|
|t:|1756750586
|move|p2b: Politoed|Protect|p2b: Politoed
|-singleturn|p2b: Politoed|Protect
|move|p1a: Maushold|Beat Up|p1b: Annihilape
|-damage|p1b: Annihilape|99/100
|-damage|p1b: Annihilape|97/100
|-damage|p1b: Annihilape|95/100
|-damage|p1b: Annihilape|93/100
|-hitcount|p1b: Annihilape|4
|move|p1b: Annihilape|Rage Fist|p2b: Politoed
|-activate|p2b: Politoed|move: Protect
|move|p2a: Archaludon|Electro Shot||[still]
|-prepare|p2a: Archaludon|Electro Shot
|-boost|p2a: Archaludon|spa|1
|-anim|p2a: Archaludon|Electro Shot|p1b: Annihilape
|-damage|p1b: Annihilape|46/100
|
|-weather|RainDance|[upkeep]
|-heal|p1b: Annihilape|52/100|[from] item: Leftovers
|upkeep
|turn|2
|j| teamthief420
|l| teamthief420
|inactive|BaimeJoytWeeGeeCee has 30 seconds left.
|inactive|jaycus has 30 seconds left.
|inactive|jaycus has 20 seconds left.
|
|t:|1756750623
|move|p1a: Maushold|Taunt|p2b: Politoed
|-start|p2b: Politoed|move: Taunt
|move|p1b: Annihilape|Drain Punch|p2a: Archaludon
|-supereffective|p2a: Archaludon
|-damage|p2a: Archaludon|49/100
|-heal|p1b: Annihilape|78/100|[from] drain|[of] p2a: Archaludon
|-ability|p2a: Archaludon|Stamina|boost
|-boost|p2a: Archaludon|def|1
|move|p2a: Archaludon|Electro Shot||[still]
|-prepare|p2a: Archaludon|Electro Shot
|-boost|p2a: Archaludon|spa|1
|-anim|p2a: Archaludon|Electro Shot|p1b: Annihilape
|-damage|p1b: Annihilape|17/100
|cant|p2b: Politoed|move: Taunt|Encore
|
|-weather|RainDance|[upkeep]
|-heal|p1b: Annihilape|23/100|[from] item: Leftovers
|-heal|p2a: Archaludon|55/100|[from] item: Leftovers
|upkeep
|turn|3
|
|t:|1756750648
|switch|p2b: Amoonguss|Amoonguss, L50, M|100/100
|move|p2a: Archaludon|Protect|p2a: Archaludon
|-singleturn|p2a: Archaludon|Protect
|move|p1a: Maushold|Follow Me|p1a: Maushold
|-singleturn|p1a: Maushold|move: Follow Me
|move|p1b: Annihilape|Rage Fist|p2b: Amoonguss
|-damage|p2b: Amoonguss|0 fnt
|-damage|p1b: Annihilape|6/100|[from] item: Rocky Helmet|[of] p2b: Amoonguss
|faint|p2b: Amoonguss
|
|-weather|RainDance|[upkeep]
|-heal|p1b: Annihilape|12/100|[from] item: Leftovers
|-heal|p2a: Archaludon|61/100|[from] item: Leftovers
|upkeep
|
|t:|1756750666
|switch|p2b: Gothorita|Gothorita, L50, M|100/100
|turn|4
|
|t:|1756750688
|move|p1b: Annihilape|Protect|p1b: Annihilape
|-singleturn|p1b: Annihilape|Protect
|move|p2b: Gothorita|Fake Out|p1a: Maushold
|-damage|p1a: Maushold|94/100
|cant|p1a: Maushold|flinch
|move|p2a: Archaludon|Electro Shot||[still]
|-prepare|p2a: Archaludon|Electro Shot
|-boost|p2a: Archaludon|spa|1
|-anim|p2a: Archaludon|Electro Shot|p1b: Annihilape
|-activate|p1b: Annihilape|move: Protect
|
|-weather|RainDance|[upkeep]
|-heal|p1b: Annihilape|18/100|[from] item: Leftovers
|-heal|p2a: Archaludon|67/100|[from] item: Leftovers
|upkeep
|turn|5
|inactive|jaycus has 30 seconds left.
|inactive|jaycus has 20 seconds left.
|inactive|jaycus has 15 seconds left.
|
|t:|1756750730
|move|p2b: Gothorita|Protect|p2b: Gothorita
|-singleturn|p2b: Gothorita|Protect
|move|p1a: Maushold|Follow Me|p1a: Maushold
|-singleturn|p1a: Maushold|move: Follow Me
|move|p1b: Annihilape|Drain Punch|p2a: Archaludon
|-supereffective|p2a: Archaludon
|-damage|p2a: Archaludon|32/100
|-heal|p1b: Annihilape|35/100|[from] drain|[of] p2a: Archaludon
|-ability|p2a: Archaludon|Stamina|boost
|-boost|p2a: Archaludon|def|1
|move|p2a: Archaludon|Electro Shot||[still]
|-prepare|p2a: Archaludon|Electro Shot
|-boost|p2a: Archaludon|spa|1
|-anim|p2a: Archaludon|Electro Shot|p1a: Maushold
|-damage|p1a: Maushold|0 fnt
|faint|p1a: Maushold
|
|-weather|none
|-heal|p1b: Annihilape|41/100|[from] item: Leftovers
|-heal|p2a: Archaludon|39/100|[from] item: Leftovers
|upkeep
|
|t:|1756750753
|switch|p1a: Archaludon|Archaludon, L50, F|100/100
|turn|6
|
|t:|1756750772
|switch|p2b: Politoed|Politoed, L50, M|100/100
|-weather|RainDance|[from] ability: Drizzle|[of] p2b: Politoed
|move|p2a: Archaludon|Protect|p2a: Archaludon
|-singleturn|p2a: Archaludon|Protect
|move|p1a: Archaludon|Dragon Pulse|p2a: Archaludon
|-activate|p2a: Archaludon|move: Protect
|move|p1b: Annihilape|Drain Punch|p2a: Archaludon
|-activate|p2a: Archaludon|move: Protect
|
|-weather|RainDance|[upkeep]
|-heal|p1b: Annihilape|47/100|[from] item: Leftovers
|-heal|p2a: Archaludon|45/100|[from] item: Leftovers
|upkeep
|turn|7
|inactive|BaimeJoytWeeGeeCee has 30 seconds left.
|inactive|BaimeJoytWeeGeeCee has 20 seconds left.
|inactive|BaimeJoytWeeGeeCee has 15 seconds left.
|
|t:|1756750815
|-terastallize|p1a: Archaludon|Grass
|-terastallize|p2a: Archaludon|Fighting
|move|p1a: Archaludon|Electro Shot||[still]
|-prepare|p1a: Archaludon|Electro Shot
|-boost|p1a: Archaludon|spa|1
|-anim|p1a: Archaludon|Electro Shot|p2b: Politoed
|-supereffective|p2b: Politoed
|-damage|p2b: Politoed|5/100
|-enditem|p2b: Politoed|Sitrus Berry|[eat]
|-heal|p2b: Politoed|30/100|[from] item: Sitrus Berry
|move|p1b: Annihilape|Drain Punch|p2b: Politoed
|-damage|p2b: Politoed|0 fnt
|-heal|p1b: Annihilape|62/100|[from] drain|[of] p2b: Politoed
|faint|p2b: Politoed
|move|p2a: Archaludon|Body Press|p1a: Archaludon
|-damage|p1a: Archaludon|41/100
|-ability|p1a: Archaludon|Stamina|boost
|-boost|p1a: Archaludon|def|1
|
|-weather|RainDance|[upkeep]
|-heal|p1b: Annihilape|68/100|[from] item: Leftovers
|-heal|p2a: Archaludon|51/100|[from] item: Leftovers
|upkeep
|
|t:|1756750837
|switch|p2b: Gothorita|Gothorita, L50, M|100/100
|turn|8
|
|t:|1756750856
|move|p2b: Gothorita|Fake Out|p1a: Archaludon
|-damage|p1a: Archaludon|38/100
|-ability|p1a: Archaludon|Stamina|boost
|-boost|p1a: Archaludon|def|1
|cant|p1a: Archaludon|flinch
|move|p1b: Annihilape|Rage Fist|p2a: Archaludon
|-damage|p2a: Archaludon|0 fnt
|faint|p2a: Archaludon
|
|-weather|RainDance|[upkeep]
|-heal|p1b: Annihilape|74/100|[from] item: Leftovers
|upkeep
|turn|9
|
|t:|1756750876
|move|p1a: Archaludon|Electro Shot||[still]
|-prepare|p1a: Archaludon|Electro Shot
|-boost|p1a: Archaludon|spa|1
|-anim|p1a: Archaludon|Electro Shot|p2b: Gothorita
|-damage|p2b: Gothorita|53/100
|move|p1b: Annihilape|Rage Fist|p2b: Gothorita
|-supereffective|p2b: Gothorita
|-damage|p2b: Gothorita|0 fnt
|faint|p2b: Gothorita
|
|win|BaimeJoytWeeGeeCee
|raw|BaimeJoytWeeGeeCee's rating: 1102 → 1120(+18 for winning)
|raw|jaycus's rating: 1000 → 1000(+0 for losing)
|l|☆jaycus
|player|p2|
