|j|☆axcoquette
|j|☆jackon17
|html|axcoquettejackon17    
|uhtml|bestof|Game 2 of a best-of-3
|t:|1782431842
|gametype|doubles
|player|p1|axcoquette|maid|1168
|player|p2|jackon17|170|1123
|gen|9
|tier|[Gen 9 Champions] VGC 2026 Reg M-B (Bo3)
|rated|
|rule|Species Clause: Limit one of each Pokémon
|rule|Item Clause: Limit 1 of each item
|clearpoke
|poke|p1|Farigiraf, L50, M|
|poke|p1|Mawile, L50, M|
|poke|p1|Sinistcha, L50|
|poke|p1|Torkoal, L50, F|
|poke|p1|Drampa, L50, M|
|poke|p1|Sneasler, L50, M|
|poke|p2|Ninetales-Alola, L50, M|
|poke|p2|Whimsicott, L50, F|
|poke|p2|Gholdengo, L50|
|poke|p2|Raichu, L50, M|
|poke|p2|Basculegion, L50, M|
|poke|p2|Incineroar, L50, M|
|teampreview|4
|showteam|p1|Farigiraf||MentalHerb|ArmorTail|TrickRoom,LightScreen,TwinBeam,Protect|Sassy||M|||50|]Mawile||Mawilite|Intimidate|PlayRough,SuckerPunch,IronHead,Protect|Brave||M|||50|]Sinistcha||Leftovers|Hospitality|TrickRoom,MatchaGotcha,RagePowder,LifeDew|Relaxed|||||50|]Torkoal||Charcoal|Drought|Eruption,HeatWave,SolarBeam,Protect|Modest||F|||50|]Drampa||Drampanite|CloudNine|EarthPower,DragonPulse,EnergyBall,Protect|Quiet||M|||50|]Sneasler||WhiteHerb|Unburden|FakeOut,CloseCombat,DireClaw,Protect|Adamant||M|||50|
|showteam|p2|Ninetales-Alola||NeverMeltIce|SnowWarning|Blizzard,FreezeDry,AuroraVeil,Protect|Timid||M|||50|]Whimsicott||FocusSash|Prankster|Moonblast,Tailwind,Encore,Protect|Timid||F|||50|]Gholdengo||Leftovers|GoodasGold|MakeItRain,ShadowBall,NastyPlot,Protect|Modest|||||50|]Raichu||RaichuniteY|Static|FakeOut,ZapCannon,FocusBlast,Protect|Timid||M|||50|]Basculegion||ChoiceScarf|Adaptability|WaveCrash,LastRespects,AquaJet,FlipTurn|Jolly||M|||50|]Incineroar||SitrusBerry|Intimidate|FakeOut,FlareBlitz,ThroatChop,PartingShot|Careful||M|||50|
|inactive|Battle timer is ON: inactive players will automatically lose when time's up. (requested by axcoquette)
|inactive|jackon17 also wants the timer to be on.
|
|t:|1782431858
|teamsize|p1|4
|teamsize|p2|4
|start
|switch|p1a: Drampa|Drampa, L50, M|100/100
|switch|p1b: Farigiraf|Farigiraf, L50, M|100/100
|switch|p2a: Ninetales|Ninetales-Alola, L50, M|100/100
|switch|p2b: Incineroar|Incineroar, L50, M|100/100
|-weather|Snowscape|[from] ability: Snow Warning|[of] p2a: Ninetales
|-ability|p2b: Incineroar|Intimidate|boost
|-unboost|p1a: Drampa|atk|1
|-unboost|p1b: Farigiraf|atk|1
|-ability|p1a: Drampa|Cloud Nine
|turn|1
|
|t:|1782431876
|move|p2a: Ninetales|Freeze-Dry|p1a: Drampa
|-supereffective|p1a: Drampa|1
|-damage|p1a: Drampa|37/100
|move|p2b: Incineroar|Parting Shot|p1b: Farigiraf
|-unboost|p1b: Farigiraf|atk|1
|-unboost|p1b: Farigiraf|spa|1
|
|t:|1782431881
|switch|p2b: Gholdengo|Gholdengo, L50|100/100|[from] Parting Shot
|move|p1a: Drampa|Earth Power|p2b: Gholdengo
|-supereffective|p2b: Gholdengo|1
|-damage|p2b: Gholdengo|34/100
|move|p1b: Farigiraf|Trick Room|p1b: Farigiraf
|-fieldstart|move: Trick Room|[of] p1b: Farigiraf
|
|-weather|Snowscape|[upkeep]
|-heal|p2b: Gholdengo|40/100|[from] item: Leftovers
|upkeep
|turn|2
|
|t:|1782431903
|move|p2b: Gholdengo|Protect|p2b: Gholdengo
|-singleturn|p2b: Gholdengo|Protect
|move|p1a: Drampa|Earth Power|p2b: Gholdengo
|-activate|p2b: Gholdengo|move: Protect
|move|p1b: Farigiraf|Light Screen|p1b: Farigiraf
|-sidestart|p1: axcoquette|move: Light Screen
|move|p2a: Ninetales|Blizzard|p1a: Drampa|[spread] p1a,p1b
|-supereffective|p1a: Drampa|1
|-damage|p1a: Drampa|0 fnt
|-damage|p1b: Farigiraf|83/100
|faint|p1a: Drampa
|
|-weather|Snowscape|[upkeep]
|-heal|p2b: Gholdengo|46/100|[from] item: Leftovers
|upkeep
|
|t:|1782431906
|switch|p1a: Torkoal|Torkoal, L50, F|100/100
|-weather|SunnyDay|[from] ability: Drought|[of] p1a: Torkoal
|turn|3
|
|t:|1782431916
|switch|p2b: Incineroar|Incineroar, L50, M|100/100
|-ability|p2b: Incineroar|Intimidate|boost
|-unboost|p1a: Torkoal|atk|1
|-unboost|p1b: Farigiraf|atk|1
|move|p2a: Ninetales|Protect|p2a: Ninetales
|-singleturn|p2a: Ninetales|Protect
|move|p1a: Torkoal|Eruption|p2a: Ninetales|[spread] p2b
|-activate|p2a: Ninetales|move: Protect
|-resisted|p2b: Incineroar|1
|-damage|p2b: Incineroar|69/100
|move|p1b: Farigiraf|Twin Beam|p2a: Ninetales
|-activate|p2a: Ninetales|move: Protect
|
|-weather|SunnyDay|[upkeep]
|upkeep
|turn|4
|
|t:|1782431932
|switch|p2a: Gholdengo|Gholdengo, L50|46/100
|move|p1b: Farigiraf|Protect|p1b: Farigiraf
|-singleturn|p1b: Farigiraf|Protect
|move|p1a: Torkoal|Eruption|p2a: Gholdengo|[spread] p2a,p2b
|-supereffective|p2a: Gholdengo|1
|-resisted|p2b: Incineroar|1
|-damage|p2a: Gholdengo|0 fnt
|-damage|p2b: Incineroar|39/100
|-enditem|p2b: Incineroar|Sitrus Berry|[eat]
|-heal|p2b: Incineroar|64/100|[from] item: Sitrus Berry
|faint|p2a: Gholdengo
|move|p2b: Incineroar|Parting Shot|p1a: Torkoal
|-unboost|p1a: Torkoal|atk|1
|-unboost|p1a: Torkoal|spa|1
|
|t:|1782431941
|switch|p2b: Ninetales|Ninetales-Alola, L50, M|100/100|[from] Parting Shot
|-weather|Snowscape|[from] ability: Snow Warning|[of] p2b: Ninetales
|
|-weather|Snowscape|[upkeep]
|upkeep
|
|t:|1782431943
|switch|p2a: Incineroar|Incineroar, L50, M|64/100
|-ability|p2a: Incineroar|Intimidate|boost
|-unboost|p1a: Torkoal|atk|1
|-unboost|p1b: Farigiraf|atk|1
|turn|5
|
|t:|1782431962
|switch|p1a: Sinistcha|Sinistcha, L50|100/100
|-heal|p1b: Farigiraf|100/100|[from] ability: Hospitality|[of] p1a: Sinistcha
|move|p1b: Farigiraf|Twin Beam|p2b: Ninetales
|-damage|p2b: Ninetales|88/100
|-crit|p2b: Ninetales
|-damage|p2b: Ninetales|59/100
|-hitcount|p2b: Ninetales|2
|move|p2a: Incineroar|Parting Shot|p1a: Sinistcha
|-unboost|p1a: Sinistcha|atk|1
|-unboost|p1a: Sinistcha|spa|1
|
|t:|1782431972
|switch|p2a: Basculegion|Basculegion, L50, M|100/100|[from] Parting Shot
|move|p2b: Ninetales|Aurora Veil|p2b: Ninetales
|-sidestart|p2: jackon17|move: Aurora Veil
|
|-weather|Snowscape|[upkeep]
|-fieldend|move: Trick Room
|upkeep
|turn|6
|
|t:|1782431991
|move|p1a: Sinistcha|Rage Powder|p1a: Sinistcha
|-singleturn|p1a: Sinistcha|move: Rage Powder
|move|p2a: Basculegion|Flip Turn|p1a: Sinistcha
|-resisted|p1a: Sinistcha|1
|-damage|p1a: Sinistcha|85/100
|
|t:|1782431995
|switch|p2a: Incineroar|Incineroar, L50, M|64/100|[from] Flip Turn
|-ability|p2a: Incineroar|Intimidate|boost
|-unboost|p1a: Sinistcha|atk|1
|-unboost|p1b: Farigiraf|atk|1
|move|p2b: Ninetales|Blizzard|p1b: Farigiraf|[spread] p1a,p1b
|-supereffective|p1a: Sinistcha|1
|-crit|p1a: Sinistcha
|-damage|p1a: Sinistcha|0 fnt
|-damage|p1b: Farigiraf|83/100
|faint|p1a: Sinistcha
|move|p1b: Farigiraf|Trick Room|p1b: Farigiraf
|-fieldstart|move: Trick Room|[of] p1b: Farigiraf
|
|-weather|Snowscape|[upkeep]
|-sideend|p1: axcoquette|move: Light Screen
|upkeep
|
|t:|1782432005
|switch|p1a: Torkoal|Torkoal, L50, F|100/100
|-weather|SunnyDay|[from] ability: Drought|[of] p1a: Torkoal
|turn|7
|
|t:|1782432021
|switch|p2b: Basculegion|Basculegion, L50, M|100/100
|move|p1a: Torkoal|Solar Beam||[still]
|-prepare|p1a: Torkoal|Solar Beam
|-anim|p1a: Torkoal|Solar Beam|p2b: Basculegion
|-supereffective|p2b: Basculegion|1
|-damage|p2b: Basculegion|49/100
|move|p1b: Farigiraf|Light Screen|p1b: Farigiraf
|-sidestart|p1: axcoquette|move: Light Screen
|move|p2a: Incineroar|Throat Chop|p1a: Torkoal
|-damage|p1a: Torkoal|77/100
|-start|p1a: Torkoal|Throat Chop|[silent]
|
|-weather|SunnyDay|[upkeep]
|upkeep
|turn|8
|inactive|jackon17 has 30 seconds left.
|
|t:|1782432050
|switch|p2b: Ninetales|Ninetales-Alola, L50, M|59/100
|-weather|Snowscape|[from] ability: Snow Warning|[of] p2b: Ninetales
|move|p1a: Torkoal|Heat Wave|p2a: Incineroar|[spread] p2a,p2b
|-resisted|p2a: Incineroar|1
|-supereffective|p2b: Ninetales|1
|-damage|p2a: Incineroar|55/100
|-damage|p2b: Ninetales|3/100
|move|p1b: Farigiraf|Twin Beam|p2b: Ninetales
|-damage|p2b: Ninetales|0 fnt
|faint|p2b: Ninetales
|-hitcount|p2: Ninetales|1
|move|p2a: Incineroar|Parting Shot|p1a: Torkoal
|-unboost|p1a: Torkoal|atk|1
|-unboost|p1a: Torkoal|spa|1
|
|t:|1782432061
|switch|p2a: Basculegion|Basculegion, L50, M|49/100|[from] Parting Shot
|
|-weather|Snowscape|[upkeep]
|-end|p1a: Torkoal|Throat Chop|[silent]
|upkeep
|
|t:|1782432062
|switch|p2b: Incineroar|Incineroar, L50, M|55/100
|-ability|p2b: Incineroar|Intimidate|boost
|-unboost|p1a: Torkoal|atk|1
|-unboost|p1b: Farigiraf|atk|1
|turn|9
|
|t:|1782432076
|move|p1a: Torkoal|Eruption|p2a: Basculegion|[spread] p2a,p2b
|-resisted|p2a: Basculegion|1
|-resisted|p2b: Incineroar|1
|-damage|p2a: Basculegion|37/100
|-damage|p2b: Incineroar|49/100
|move|p1b: Farigiraf|Twin Beam|p2a: Basculegion
|-damage|p2a: Basculegion|29/100
|-damage|p2a: Basculegion|21/100
|-hitcount|p2a: Basculegion|2
|move|p2b: Incineroar|Throat Chop|p1a: Torkoal
|-damage|p1a: Torkoal|54/100
|-start|p1a: Torkoal|Throat Chop|[silent]
|move|p2a: Basculegion|Last Respects|p1a: Torkoal
|-damage|p1a: Torkoal|0 fnt
|faint|p1a: Torkoal
|
|-weather|Snowscape|[upkeep]
|-sideend|p2: jackon17|move: Aurora Veil
|upkeep
|turn|10
|
|t:|1782432093
|move|p1b: Farigiraf|Twin Beam|p2a: Basculegion
|-damage|p2a: Basculegion|9/100
|-damage|p2a: Basculegion|0 fnt
|faint|p2a: Basculegion
|-hitcount|p2: Basculegion|2
|move|p2b: Incineroar|Throat Chop|p1b: Farigiraf
|-supereffective|p1b: Farigiraf|1
|-damage|p1b: Farigiraf|22/100
|-start|p1b: Farigiraf|Throat Chop|[silent]
|
|-weather|Snowscape|[upkeep]
|-fieldend|move: Trick Room
|upkeep
|turn|11
|
|t:|1782432102
|move|p2b: Incineroar|Throat Chop|p1b: Farigiraf
|-supereffective|p1b: Farigiraf|1
|-damage|p1b: Farigiraf|0 fnt
|faint|p1b: Farigiraf
|
|win|jackon17
|raw|axcoquette's rating: 1168 → 1140(-28 for losing)
|raw|jackon17's rating: 1123 → 1151(+28 for winning)
