|j|☆NyulaDraws
|j|☆PokeMooney
|html|NyulaDrawsPokeMooney    
|uhtml|bestof|Game 2 of a best-of-3
|t:|1783440860
|gametype|doubles
|player|p1|NyulaDraws|backpacker|1171
|player|p2|PokeMooney|169|1221
|gen|9
|tier|[Gen 9 Champions] VGC 2026 Reg M-B (Bo3)
|rated|
|rule|Species Clause: Limit one of each Pokémon
|rule|Item Clause: Limit 1 of each item
|clearpoke
|poke|p1|Blastoise, L50, F|
|poke|p1|Delphox, L50, F, shiny|
|poke|p1|Incineroar, L50, F|
|poke|p1|Sneasler, L50, F|
|poke|p1|Sinistcha, L50|
|poke|p1|Maushold-Four, L50|
|poke|p2|Scrafty, L50, M|
|poke|p2|Vileplume, L50, F|
|poke|p2|Staraptor, L50, F|
|poke|p2|Farigiraf, L50, F|
|poke|p2|Sylveon, L50, M|
|poke|p2|Torkoal, L50, F|
|teampreview|4
|showteam|p1|Blastoise||Blastoisinite|RainDish|WaterSpout,DarkPulse,ShellSmash,Protect|Modest||F|||50|]Delphox||Delphoxite|Blaze|HeatWave,Psyshock,NastyPlot,Protect|Timid||F|||50|]Incineroar||SitrusBerry|Intimidate|FakeOut,FlareBlitz,ThroatChop,PartingShot|Impish||F|||50|]Sneasler||FocusSash|PoisonTouch|FakeOut,CloseCombat,DireClaw,QuickGuard|Jolly||F|||50|]Sinistcha||KasibBerry|Hospitality|MatchaGotcha,LifeDew,RagePowder,Protect|Bold|||||50|]Maushold-Four||ChopleBerry|FriendGuard|SuperFang,Feint,FollowMe,SunnyDay|Impish|||||50|
|showteam|p2|Scrafty||Scraftinite|Intimidate|CloseCombat,KnockOff,IronHead,FakeOut|Brave||M|||50|]Vileplume||FocusSash|Chlorophyll|SludgeBomb,SleepPowder,AfterYou,LeafStorm|Timid||F|||50|]Staraptor||ChoiceScarf|Intimidate|BraveBird,CloseCombat,Uturn,FinalGambit|Jolly||F|||50|]Farigiraf||SitrusBerry|ArmorTail|Protect,TwinBeam,Thunderbolt,TrickRoom|Sassy||F|||50|]Sylveon||FairyFeather|Pixilate|HyperVoice,QuickAttack,HyperBeam,Detect|Quiet||M|||50|]Torkoal||Charcoal|Drought|Eruption,WeatherBall,HeatWave,Protect|Quiet||F|||50|
|inactive|Battle timer is ON: inactive players will automatically lose when time's up. (requested by NyulaDraws)
|c|☆PokeMooney|Internet's funky here
|c|☆NyulaDraws|ah okey
|inactive|NyulaDraws has 60 seconds left.
|
|t:|1783440904
|teamsize|p1|4
|teamsize|p2|4
|start
|switch|p1a: Maushold|Maushold-Four, L50|100/100
|switch|p1b: Delphox|Delphox, L50, F, shiny|100/100
|switch|p2a: Farigiraf|Farigiraf, L50, F|100/100
|switch|p2b: Staraptor|Staraptor, L50, F|100/100
|-ability|p2b: Staraptor|Intimidate|boost
|-unboost|p1a: Maushold|atk|1
|-unboost|p1b: Delphox|atk|1
|turn|1
|inactive|NyulaDraws has 30 seconds left.
|inactive|NyulaDraws has 20 seconds left.
|
|t:|1783440939
|move|p1b: Delphox|Protect|p1b: Delphox
|-singleturn|p1b: Delphox|Protect
|move|p2b: Staraptor|U-turn|p1b: Delphox
|-activate|p1b: Delphox|move: Protect
|move|p1a: Maushold|Super Fang|p2a: Farigiraf
|-damage|p2a: Farigiraf|50/100y
|-enditem|p2a: Farigiraf|Sitrus Berry|[eat]
|-heal|p2a: Farigiraf|75/100|[from] item: Sitrus Berry
|move|p2a: Farigiraf|Trick Room|p2a: Farigiraf
|-fieldstart|move: Trick Room|[of] p2a: Farigiraf
|
|upkeep
|turn|2
|inactive|NyulaDraws has 30 seconds left.
|inactive|PokeMooney has 30 seconds left.
|inactive|PokeMooney has 20 seconds left.
|inactive|NyulaDraws has 20 seconds left.
|inactive|PokeMooney has 15 seconds left.
|inactive|NyulaDraws has 15 seconds left.
|inactive|PokeMooney has 10 seconds left.
|
|t:|1783440987
|switch|p1b: Incineroar|Incineroar, L50, F|100/100
|-ability|p1b: Incineroar|Intimidate|boost
|-unboost|p2a: Farigiraf|atk|1
|-unboost|p2b: Staraptor|atk|1
|switch|p2b: Scrafty|Scrafty, L50, M|100/100
|-ability|p2b: Scrafty|Intimidate|boost
|-unboost|p1a: Maushold|atk|1
|-unboost|p1b: Incineroar|atk|1
|move|p2a: Farigiraf|Twin Beam|p1a: Maushold
|-damage|p1a: Maushold|82/100
|-damage|p1a: Maushold|64/100
|-hitcount|p1a: Maushold|2
|move|p1a: Maushold|Super Fang|p2b: Scrafty
|-damage|p2b: Scrafty|50/100y
|
|upkeep
|turn|3
|inactive|NyulaDraws has 30 seconds left.
|inactive|PokeMooney has 30 seconds left.
|inactive|PokeMooney has 20 seconds left.
|
|t:|1783441022
|switch|p1a: Sinistcha|Sinistcha, L50|100/100
|detailschange|p2b: Scrafty|Scrafty-Mega, L50, M
|-mega|p2b: Scrafty|Scrafty|Scraftinite
|-ability|p2b: Scrafty|Intimidate|boost
|-unboost|p1a: Sinistcha|atk|1
|-unboost|p1b: Incineroar|atk|1
|move|p2b: Scrafty|Fake Out|p1b: Incineroar
|-damage|p1b: Incineroar|87/100
|move|p2a: Farigiraf|Twin Beam|p1a: Sinistcha
|-damage|p1a: Sinistcha|84/100
|-damage|p1a: Sinistcha|69/100
|-hitcount|p1a: Sinistcha|2
|cant|p1b: Incineroar|flinch
|
|upkeep
|turn|4
|inactive|NyulaDraws has 30 seconds left.
|inactive|PokeMooney has 30 seconds left.
|
|t:|1783441054
|switch|p2a: Sylveon|Sylveon, L50, M|100/100
|move|p2b: Scrafty|Close Combat|p1b: Incineroar
|-supereffective|p1b: Incineroar|1
|-damage|p1b: Incineroar|0 fnt
|-unboost|p2b: Scrafty|def|1
|-unboost|p2b: Scrafty|spd|1
|faint|p1b: Incineroar
|move|p1a: Sinistcha|Matcha Gotcha|p2b: Scrafty|[spread] p2a,p2b
|-damage|p2a: Sylveon|80/100
|-heal|p1a: Sinistcha|78/100|[from] drain|[of] p2a: Sylveon
|-damage|p2b: Scrafty|18/100
|-heal|p1a: Sinistcha|93/100|[from] drain|[of] p2b: Scrafty
|
|upkeep
|
|t:|1783441069
|switch|p1b: Maushold|Maushold-Four, L50|64/100
|turn|5
|
|t:|1783441082
|switch|p2b: Farigiraf|Farigiraf, L50, F|75/100
|move|p2a: Sylveon|Hyper Voice|p1b: Maushold|[spread] p1a,p1b
|-damage|p1a: Sinistcha|57/100
|-damage|p1b: Maushold|12/100
|move|p1a: Sinistcha|Matcha Gotcha|p2b: Farigiraf|[spread] p2a,p2b
|-damage|p2a: Sylveon|59/100
|-heal|p1a: Sinistcha|68/100|[from] drain|[of] p2a: Sylveon
|-damage|p2b: Farigiraf|56/100
|-heal|p1a: Sinistcha|80/100|[from] drain|[of] p2b: Farigiraf
|-status|p2a: Sylveon|brn
|move|p1b: Maushold|Super Fang|p2a: Sylveon|[miss]
|-miss|p1b: Maushold|p2a: Sylveon
|
|-damage|p2a: Sylveon|53/100 brn|[from] brn
|-fieldend|move: Trick Room
|upkeep
|turn|6
|inactive|NyulaDraws has 30 seconds left.
|inactive|PokeMooney has 30 seconds left.
|
|t:|1783441113
|move|p2a: Sylveon|Detect|p2a: Sylveon
|-singleturn|p2a: Sylveon|Protect
|move|p1b: Maushold|Super Fang|p2b: Farigiraf
|-damage|p2b: Farigiraf|28/100
|move|p1a: Sinistcha|Matcha Gotcha|p2a: Sylveon|[spread] p2b
|-activate|p2a: Sylveon|move: Protect
|-damage|p2b: Farigiraf|10/100
|-heal|p1a: Sinistcha|91/100|[from] drain|[of] p2b: Farigiraf
|move|p2b: Farigiraf|Trick Room|p2b: Farigiraf
|-fieldstart|move: Trick Room|[of] p2b: Farigiraf
|
|-damage|p2a: Sylveon|48/100 brn|[from] brn
|upkeep
|turn|7
|inactive|NyulaDraws has 30 seconds left.
|inactive|PokeMooney has 30 seconds left.
|
|t:|1783441147
|move|p2b: Farigiraf|Twin Beam|p1a: Sinistcha
|-damage|p1a: Sinistcha|80/100
|-damage|p1a: Sinistcha|68/100
|-hitcount|p1a: Sinistcha|2
|move|p2a: Sylveon|Hyper Voice|p1a: Sinistcha|[spread] p1a,p1b
|-damage|p1a: Sinistcha|35/100
|-damage|p1b: Maushold|0 fnt
|faint|p1b: Maushold
|move|p1a: Sinistcha|Matcha Gotcha|p2b: Farigiraf|[spread] p2a,p2b
|-damage|p2a: Sylveon|25/100 brn
|-heal|p1a: Sinistcha|47/100|[from] drain|[of] p2a: Sylveon
|-damage|p2b: Farigiraf|0 fnt
|-heal|p1a: Sinistcha|53/100|[from] drain|[of] p2b: Farigiraf
|faint|p2b: Farigiraf
|
|-damage|p2a: Sylveon|20/100r brn|[from] brn
|upkeep
|inactive|PokeMooney has 30 seconds left.
|
|t:|1783441174
|switch|p2b: Scrafty|Scrafty-Mega, L50, M|18/100
|switch|p1b: Delphox|Delphox, L50, F, shiny|100/100
|-ability|p2b: Scrafty|Intimidate|boost
|-unboost|p1a: Sinistcha|atk|1
|-unboost|p1b: Delphox|atk|1
|turn|8
|
|t:|1783441195
|move|p1b: Delphox|Protect|p1b: Delphox
|-singleturn|p1b: Delphox|Protect
|move|p2b: Scrafty|Fake Out|p1b: Delphox
|-activate|p1b: Delphox|move: Protect
|move|p2a: Sylveon|Hyper Voice|p1b: Delphox|[spread] p1a
|-activate|p1b: Delphox|move: Protect
|-crit|p1a: Sinistcha
|-damage|p1a: Sinistcha|0 fnt
|faint|p1a: Sinistcha
|
|-damage|p2a: Sylveon|14/100 brn|[from] brn
|upkeep
|turn|9
|c|☆NyulaDraws|noo a crit
|inactive|NyulaDraws has 30 seconds left.
|
|t:|1783441221
|detailschange|p1b: Delphox|Delphox-Mega, L50, F, shiny
|-mega|p1b: Delphox|Delphox|Delphoxite
|move|p2a: Sylveon|Detect|p2a: Sylveon
|-singleturn|p2a: Sylveon|Protect
|move|p2b: Scrafty|Knock Off|p1b: Delphox
|-supereffective|p1b: Delphox|1
|-damage|p1b: Delphox|9/100
|move|p1b: Delphox|Heat Wave|p2b: Scrafty|[spread] p2b
|-activate|p2a: Sylveon|move: Protect
|-damage|p2b: Scrafty|0 fnt
|faint|p2b: Scrafty
|
|-damage|p2a: Sylveon|8/100 brn|[from] brn
|upkeep
|
|t:|1783441236
|switch|p2b: Staraptor|Staraptor, L50, F|100/100
|-ability|p2b: Staraptor|Intimidate|boost
|-unboost|p1b: Delphox|atk|1
|turn|10
|
|t:|1783441245
|move|p1b: Delphox|Protect|p1b: Delphox
|-singleturn|p1b: Delphox|Protect
|move|p2a: Sylveon|Quick Attack|p1b: Delphox
|-activate|p1b: Delphox|move: Protect
|move|p2b: Staraptor|Brave Bird|p1b: Delphox
|-activate|p1b: Delphox|move: Protect
|
|-damage|p2a: Sylveon|2/100 brn|[from] brn
|-fieldend|move: Trick Room
|upkeep
|turn|11
|
|t:|1783441258
|move|p1b: Delphox|Protect||[still]
|-fail|p1b: Delphox
|move|p2a: Sylveon|Quick Attack|p1b: Delphox
|-resisted|p1b: Delphox|1
|-damage|p1b: Delphox|5/100
|move|p2b: Staraptor|Brave Bird|p1b: Delphox
|-damage|p1b: Delphox|0 fnt
|faint|p1b: Delphox
|-damage|p2b: Staraptor|98/100|[from] Recoil
|
|win|PokeMooney
||PokeMooney is ready for game 3.
|inactive|NyulaDraws has 30 seconds to confirm battle start!
||NyulaDraws is ready for game 3.
|uhtml|next|Next: Game 3 of 3
