|j|☆Inkerious
|j|☆SabinoRaw
|html|InkeriousSabinoRaw    
|uhtml|bestof|Game 3 of a best-of-3
|t:|1786045795
|gametype|doubles
|player|p1|Inkerious|101|1187
|player|p2|SabinoRaw|noland-gen3|1114
|gen|9
|tier|[Gen 9 Champions] VGC 2026 Reg M-B (Bo3)
|rated|
|rule|Species Clause: Limit one of each Pokémon
|rule|Item Clause: Limit 1 of each item
|clearpoke
|poke|p1|Gholdengo, L50|
|poke|p1|Tyranitar, L50, F|
|poke|p1|Excadrill, L50, M|
|poke|p1|Milotic, L50, M|
|poke|p1|Staraptor, L50, M|
|poke|p1|Sinistcha, L50|
|poke|p2|Swampert, L50, M|
|poke|p2|Floette-Eternal, L50, F|
|poke|p2|Pelipper, L50, M|
|poke|p2|Grimmsnarl, L50, M|
|poke|p2|Sinistcha, L50|
|poke|p2|Archaludon, L50, F|
|teampreview|4
|showteam|p1|Gholdengo||LifeOrb|GoodasGold|MakeItRain,ShadowBall,NastyPlot,Protect|Modest|||||50|]Tyranitar||Tyranitarite|SandStream|RockSlide,KnockOff,HighHorsepower,Protect|Jolly||F|||50|]Excadrill||FocusSash|SandRush|IronHead,HighHorsepower,RockSlide,Protect|Jolly||M|||50|]Milotic||SitrusBerry|Competitive|Scald,IcyWind,Haze,Protect|Calm||M|||50|]Staraptor||Staraptite|Intimidate|CloseCombat,BraveBird,Tailwind,Protect|Jolly||M|||50|]Sinistcha||ColburBerry|Hospitality|MatchaGotcha,ShadowBall,RagePowder,Protect|Bold|||||50|
|showteam|p2|Swampert||Swampertite|Torrent|WaveCrash,Earthquake,IcePunch,Protect|Adamant||M|||50|]Floette-Eternal||Floettite|FlowerVeil|Moonblast,DazzlingGleam,CalmMind,Protect|Modest||F|||50|]Pelipper||SitrusBerry|Drizzle|Hurricane,WeatherBall,Tailwind,WideGuard|Modest||M|||50|]Grimmsnarl||LightClay|Prankster|LightScreen,Reflect,FoulPlay,PartingShot|Calm||M|||50|]Sinistcha||CobaBerry|Hospitality|MatchaGotcha,LifeDew,TrickRoom,RagePowder|Relaxed|||||50|]Archaludon||Leftovers|Stamina|ElectroShot,DragonPulse,FlashCannon,Protect|Modest||F|||50|
|inactive|Battle timer is ON: inactive players will automatically lose when time's up. (requested by Inkerious)
|inactive|SabinoRaw has 60 seconds left.
|
|t:|1786045829
|teamsize|p1|4
|teamsize|p2|4
|start
|switch|p1a: Sinistcha|Sinistcha, L50|100/100
|switch|p1b: Gholdengo|Gholdengo, L50|100/100
|switch|p2a: Floette|Floette-Eternal, L50, F|100/100
|switch|p2b: Grimmsnarl|Grimmsnarl, L50, M|100/100
|turn|1
|
|t:|1786045853
|detailschange|p2a: Floette|Floette-Mega, L50, F
|-mega|p2a: Floette|Floette|Floettite
|-ability|p2a: Floette|Fairy Aura
|move|p2a: Floette|Moonblast|p1b: Gholdengo
|-resisted|p1b: Gholdengo|1
|-damage|p1b: Gholdengo|64/100
|move|p1b: Gholdengo|Nasty Plot|p1b: Gholdengo
|-boost|p1b: Gholdengo|spa|2
|move|p1a: Sinistcha|Matcha Gotcha|p2b: Grimmsnarl|[spread] p2a,p2b
|-damage|p2a: Floette|79/100
|-damage|p2b: Grimmsnarl|83/100
|move|p2b: Grimmsnarl|Foul Play|p1b: Gholdengo
|-supereffective|p1b: Gholdengo|1
|-damage|p1b: Gholdengo|31/100
|
|upkeep
|turn|2
|
|t:|1786045875
|switch|p1a: Excadrill|Excadrill, L50, M|100/100
|move|p1b: Gholdengo|Protect|p1b: Gholdengo
|-singleturn|p1b: Gholdengo|Protect
|move|p2b: Grimmsnarl|Light Screen|p2b: Grimmsnarl
|-sidestart|p2: SabinoRaw|move: Light Screen
|move|p2a: Floette|Dazzling Gleam|p1a: Excadrill|[spread] p1a
|-activate|p1b: Gholdengo|move: Protect
|-resisted|p1a: Excadrill|1
|-damage|p1a: Excadrill|68/100
|
|upkeep
|turn|3
|
|t:|1786045900
|move|p1a: Excadrill|Iron Head|p2a: Floette
|-supereffective|p2a: Floette|1
|-damage|p2a: Floette|0 fnt
|faint|p2a: Floette
|move|p1b: Gholdengo|Make It Rain|p2b: Grimmsnarl|[miss]
|-miss|p1b: Gholdengo|p2b: Grimmsnarl
|move|p2b: Grimmsnarl|Foul Play|p1b: Gholdengo
|-supereffective|p1b: Gholdengo|1
|-damage|p1b: Gholdengo|0 fnt
|faint|p1b: Gholdengo
|
|upkeep
|
|t:|1786045911
|switch|p2a: Swampert|Swampert, L50, M|100/100
|switch|p1b: Tyranitar|Tyranitar, L50, F|100/100
|-weather|Sandstorm|[from] ability: Sand Stream|[of] p1b: Tyranitar
|turn|4
|
|t:|1786045921
|switch|p1b: Sinistcha|Sinistcha, L50|100/100
|-heal|p1a: Excadrill|93/100|[from] ability: Hospitality|[of] p1b: Sinistcha
|move|p1a: Excadrill|Protect|p1a: Excadrill
|-singleturn|p1a: Excadrill|Protect
|move|p2b: Grimmsnarl|Parting Shot|p1a: Excadrill
|-activate|p1a: Excadrill|move: Protect
|move|p2a: Swampert|Earthquake|p1b: Sinistcha|[spread] p2b,p1b
|-activate|p1a: Excadrill|move: Protect
|-resisted|p1b: Sinistcha|1
|-damage|p2b: Grimmsnarl|35/100
|-damage|p1b: Sinistcha|84/100
|
|-weather|Sandstorm|[upkeep]
|-damage|p1b: Sinistcha|78/100|[from] Sandstorm
|-damage|p2b: Grimmsnarl|29/100|[from] Sandstorm
|upkeep
|turn|5
|
|t:|1786045939
|move|p1b: Sinistcha|Rage Powder|p1b: Sinistcha
|-singleturn|p1b: Sinistcha|move: Rage Powder
|move|p2b: Grimmsnarl|Reflect|p2b: Grimmsnarl
|-sidestart|p2: SabinoRaw|Reflect
|move|p1a: Excadrill|Rock Slide|p2a: Swampert|[spread] p2a,p2b
|-resisted|p2a: Swampert|1
|-damage|p2a: Swampert|93/100
|-damage|p2b: Grimmsnarl|13/100
|cant|p2a: Swampert|flinch
|
|-weather|Sandstorm|[upkeep]
|-damage|p1b: Sinistcha|73/100|[from] Sandstorm
|-damage|p2b: Grimmsnarl|7/100|[from] Sandstorm
|upkeep
|turn|6
|
|t:|1786045960
|move|p1b: Sinistcha|Rage Powder|p1b: Sinistcha
|-singleturn|p1b: Sinistcha|move: Rage Powder
|move|p2b: Grimmsnarl|Parting Shot|p1b: Sinistcha
|-unboost|p1b: Sinistcha|atk|1
|-unboost|p1b: Sinistcha|spa|1
|
|t:|1786045964
|switch|p2b: Pelipper|Pelipper, L50, M|100/100|[from] Parting Shot
|-weather|RainDance|[from] ability: Drizzle|[of] p2b: Pelipper
|move|p1a: Excadrill|Rock Slide|p2a: Swampert|[spread] p2a,p2b
|-resisted|p2a: Swampert|1
|-crit|p2a: Swampert
|-supereffective|p2b: Pelipper|1
|-damage|p2a: Swampert|77/100
|-damage|p2b: Pelipper|71/100
|move|p2a: Swampert|Wave Crash|p1b: Sinistcha
|-resisted|p1b: Sinistcha|1
|-damage|p1b: Sinistcha|39/100
|-damage|p2a: Swampert|67/100|[from] Recoil
|
|-weather|RainDance|[upkeep]
|upkeep
|turn|7
|
|t:|1786045988
|switch|p2b: Grimmsnarl|Grimmsnarl, L50, M|7/100
|switch|p1b: Tyranitar|Tyranitar, L50, F|100/100
|-weather|Sandstorm|[from] ability: Sand Stream|[of] p1b: Tyranitar
|move|p1a: Excadrill|Rock Slide|p2b: Grimmsnarl|[spread] p2a,p2b
|-resisted|p2a: Swampert|1
|-damage|p2a: Swampert|60/100
|-damage|p2b: Grimmsnarl|0 fnt
|faint|p2b: Grimmsnarl
|cant|p2a: Swampert|flinch
|
|-weather|Sandstorm|[upkeep]
|upkeep
|
|t:|1786046000
|switch|p2b: Pelipper|Pelipper, L50, M|71/100
|-weather|RainDance|[from] ability: Drizzle|[of] p2b: Pelipper
|turn|8
|
|t:|1786046015
|detailschange|p1b: Tyranitar|Tyranitar-Mega, L50, F
|-mega|p1b: Tyranitar|Tyranitar|Tyranitarite
|-weather|Sandstorm|[from] ability: Sand Stream|[of] p1b: Tyranitar
|move|p2b: Pelipper|Wide Guard|p2b: Pelipper
|-singleturn|p2b: Pelipper|Wide Guard
|move|p1a: Excadrill|Rock Slide|p2a: Swampert|[spread] 
|-activate|p2a: Swampert|move: Wide Guard
|-activate|p2b: Pelipper|move: Wide Guard
|move|p1b: Tyranitar|Rock Slide|p2a: Swampert|[spread] 
|-activate|p2a: Swampert|move: Wide Guard
|-activate|p2b: Pelipper|move: Wide Guard
|move|p2a: Swampert|Earthquake|p1a: Excadrill|[spread] p1a,p1b
|-activate|p2b: Pelipper|move: Wide Guard
|-supereffective|p1a: Excadrill|1
|-supereffective|p1b: Tyranitar|1
|-damage|p1a: Excadrill|0 fnt
|-damage|p1b: Tyranitar|48/100
|faint|p1a: Excadrill
|
|-weather|Sandstorm|[upkeep]
|-damage|p2b: Pelipper|65/100|[from] Sandstorm
|upkeep
|
|t:|1786046020
|switch|p1a: Sinistcha|Sinistcha, L50|39/100
|-heal|p1b: Tyranitar|73/100|[from] ability: Hospitality|[of] p1a: Sinistcha
|turn|9
|inactive|SabinoRaw has 30 seconds left.
|
|t:|1786046053
|move|p1b: Tyranitar|High Horsepower|p2a: Swampert
|-damage|p2a: Swampert|33/100
|move|p2a: Swampert|Earthquake|p1a: Sinistcha|[spread] p1a,p1b
|-immune|p2b: Pelipper
|-resisted|p1a: Sinistcha|1
|-supereffective|p1b: Tyranitar|1
|-damage|p1a: Sinistcha|23/100
|-damage|p1b: Tyranitar|19/100
|move|p2b: Pelipper|Weather Ball|p1b: Tyranitar
|-damage|p1b: Tyranitar|6/100
|move|p1a: Sinistcha|Shadow Ball|p2a: Swampert
|-damage|p2a: Swampert|10/100
|-unboost|p2a: Swampert|spd|1
|
|-weather|Sandstorm|[upkeep]
|-damage|p2b: Pelipper|59/100|[from] Sandstorm
|-damage|p1a: Sinistcha|17/100|[from] Sandstorm
|-sideend|p2: SabinoRaw|move: Light Screen
|upkeep
|turn|10
|inactive|Inkerious has 30 seconds left.
|inactive|SabinoRaw has 30 seconds left.
|inactive|Inkerious has 20 seconds left.
|
|t:|1786046088
|move|p1b: Tyranitar|Protect|p1b: Tyranitar
|-singleturn|p1b: Tyranitar|Protect
|move|p2a: Swampert|Protect|p2a: Swampert
|-singleturn|p2a: Swampert|Protect
|move|p2b: Pelipper|Hurricane|p1a: Sinistcha
|-supereffective|p1a: Sinistcha|1
|-damage|p1a: Sinistcha|0 fnt
|faint|p1a: Sinistcha
|
|-weather|Sandstorm|[upkeep]
|-damage|p2b: Pelipper|53/100|[from] Sandstorm
|upkeep
|turn|11
|
|t:|1786046101
|move|p1b: Tyranitar|Rock Slide|p2b: Pelipper|[spread] p2a,p2b
|-resisted|p2a: Swampert|1
|-supereffective|p2b: Pelipper|1
|-damage|p2a: Swampert|0 fnt
|-damage|p2b: Pelipper|6/100
|-enditem|p2b: Pelipper|Sitrus Berry|[eat]
|-heal|p2b: Pelipper|31/100|[from] item: Sitrus Berry
|faint|p2a: Swampert
|move|p2b: Pelipper|Weather Ball|p1b: Tyranitar
|-damage|p1b: Tyranitar|0 fnt
|faint|p1b: Tyranitar
|
|win|SabinoRaw
|raw|Inkerious's rating: 1187 → 1157(-30 for losing)
|raw|SabinoRaw's rating: 1114 → 1144(+30 for winning)
|l|☆Inkerious
|player|p1|
