|j|☆ZapeohDev
|j|☆MafiaPolar6242
|html|ZapeohDevMafiaPolar6242    
|uhtml|bestof|Game 1 of a best-of-3
|t:|1785087582
|gametype|doubles
|player|p1|ZapeohDev|266|
|player|p2|MafiaPolar6242|pokemaniac|
|gen|9
|tier|[Gen 9 Champions] VGC 2026 Reg M-B (Bo3)
|rule|Species Clause: Limit one of each Pokémon
|rule|Item Clause: Limit 1 of each item
|clearpoke
|poke|p1|Whimsicott, L50, M|
|poke|p1|Staraptor, L50, M|
|poke|p1|Sinistcha, L50|
|poke|p1|Chandelure, L50, M|
|poke|p1|Oranguru, L50, M, shiny|
|poke|p1|Torkoal, L50, F|
|poke|p2|Starmie, L50|
|poke|p2|Tyranitar, L50, M|
|poke|p2|Aegislash, L50, M|
|poke|p2|Excadrill, L50, F|
|poke|p2|Kingambit, L50, F|
|poke|p2|Incineroar, L50, F|
|teampreview|4
|showteam|p1|Whimsicott||FocusSash|Prankster|Charm,LightScreen,Moonblast,Encore|Timid||M|||50|]Staraptor||Staraptite|Intimidate|DualWingbeat,CloseCombat,Protect,Roost|Adamant||M|||50|]Sinistcha||SitrusBerry|Hospitality|TrickRoom,RagePowder,MatchaGotcha,LifeDew|Relaxed|||||50|]Chandelure||Chandelurite|FlashFire|HeatWave,Protect,EnergyBall,ShadowBall|Quiet||M|||50|]Oranguru||MentalHerb|InnerFocus|TrickRoom,Instruct,HyperVoice,AfterYou|Serious||M|||50|]Torkoal||Charcoal|Drought|EarthPower,Eruption,SolarBeam,Protect|Quiet||F|||50|
|showteam|p2|Starmie||Starminite|Illuminate|Protect,AquaJet,FlipTurn,PsychoCut|Jolly|||||50|]Tyranitar||KingsRock|SandStream|Protect,Crunch,RockSlide,Earthquake|Adamant||M|||50|]Aegislash||Leftovers|StanceChange|KingsShield,WideGuard,Poltergeist,SacredSword|Careful||M|||50|]Excadrill||LifeOrb|SandRush|Earthquake,RockSlide,Protect,IronHead|Adamant||F|||50|]Kingambit||ChopleBerry|Defiant|Protect,SuckerPunch,BrickBreak,IronHead|Impish||F|||50|]Incineroar||Charcoal|Intimidate|Protect,PartingShot,FakeOut,FlareBlitz|Careful||F|||50|
|
|t:|1785087665
|teamsize|p1|4
|teamsize|p2|4
|start
|switch|p1a: Staraptor|Staraptor, L50, M|100/100
|switch|p1b: Whimsicott|Whimsicott, L50, M|100/100
|switch|p2a: Kingambit|Kingambit, L50, F|100/100
|switch|p2b: Aegislash|Aegislash, L50, M|100/100
|-ability|p1a: Staraptor|Intimidate|boost
|-unboost|p2a: Kingambit|atk|1
|-ability|p2a: Kingambit|Defiant|boost
|-boost|p2a: Kingambit|atk|2
|-unboost|p2b: Aegislash|atk|1
|turn|1
|
|t:|1785087727
|detailschange|p1a: Staraptor|Staraptor-Mega, L50, M
|-mega|p1a: Staraptor|Staraptor|Staraptite
|move|p2a: Kingambit|Protect|p2a: Kingambit
|-singleturn|p2a: Kingambit|Protect
|move|p1b: Whimsicott|Charm|p1a: Staraptor
|-boost|p1a: Staraptor|atk|2
|move|p1a: Staraptor|Close Combat|p2a: Kingambit
|-activate|p2a: Kingambit|move: Protect
|-formechange|p2b: Aegislash|Aegislash-Blade|
|move|p2b: Aegislash|Poltergeist|p1a: Staraptor
|-activate|p1a: Staraptor|move: Poltergeist|Staraptite
|-damage|p1a: Staraptor|65/100
|
|upkeep
|turn|2
|
|t:|1785087778
|move|p1b: Whimsicott|Encore|p2a: Kingambit
|-hint|Since gen 7, Dark is immune to Prankster moves.
|-immune|p2a: Kingambit
|move|p2a: Kingambit|Sucker Punch|p1a: Staraptor
|-resisted|p1a: Staraptor|1
|-damage|p1a: Staraptor|39/100
|move|p1a: Staraptor|Close Combat|p2a: Kingambit
|-supereffective|p2a: Kingambit|2
|-enditem|p2a: Kingambit|Chople Berry|[eat]
|-enditem|p2a: Kingambit|Chople Berry|[weaken]
|-damage|p2a: Kingambit|0 fnt
|-boost|p1a: Staraptor|def|1
|-boost|p1a: Staraptor|spd|1
|faint|p2a: Kingambit
|move|p2b: Aegislash|Sacred Sword|p1a: Staraptor
|-resisted|p1a: Staraptor|1
|-damage|p1a: Staraptor|29/100
|
|upkeep
|
|t:|1785087791
|switch|p2a: Starmie|Starmie, L50|100/100
|turn|3
|
|t:|1785087866
|detailschange|p2a: Starmie|Starmie-Mega, L50
|-mega|p2a: Starmie|Starmie|Starminite
|move|p1a: Staraptor|Protect|p1a: Staraptor
|-singleturn|p1a: Staraptor|Protect
|move|p1b: Whimsicott|Charm|p2a: Starmie
|-unboost|p2a: Starmie|atk|2
|move|p2a: Starmie|Psycho Cut|p1b: Whimsicott
|-damage|p1b: Whimsicott|65/100
|move|p2b: Aegislash|Poltergeist|p1b: Whimsicott
|-activate|p1b: Whimsicott|move: Poltergeist|Focus Sash
|-damage|p1b: Whimsicott|22/100
|
|upkeep
|turn|4
|
|t:|1785087916
|switch|p1b: Sinistcha|Sinistcha, L50|100/100
|-heal|p1a: Staraptor|53/100|[from] ability: Hospitality|[of] p1b: Sinistcha
|move|p2a: Starmie|Psycho Cut|p1a: Staraptor
|-supereffective|p1a: Staraptor|1
|-damage|p1a: Staraptor|9/100
|move|p1a: Staraptor|Roost|p1a: Staraptor
|-heal|p1a: Staraptor|59/100
|-singleturn|p1a: Staraptor|move: Roost
|move|p2b: Aegislash|Poltergeist|p1a: Staraptor
|-activate|p1a: Staraptor|move: Poltergeist|Staraptite
|-damage|p1a: Staraptor|32/100
|
|upkeep
|turn|5
|
|t:|1785087955
|move|p1a: Staraptor|Protect|p1a: Staraptor
|-singleturn|p1a: Staraptor|Protect
|move|p2a: Starmie|Psycho Cut|p1a: Staraptor
|-activate|p1a: Staraptor|move: Protect
|move|p1b: Sinistcha|Life Dew||[still]|[spread] p1a,p1b
|-heal|p1a: Staraptor|58/100
|-fail|p1b: Sinistcha|heal
|move|p2b: Aegislash|Poltergeist|p1b: Sinistcha
|-activate|p1b: Sinistcha|move: Poltergeist|Sitrus Berry
|-supereffective|p1b: Sinistcha|1
|-damage|p1b: Sinistcha|51/100
|
|upkeep
|turn|6
|
|t:|1785088000
|switch|p2b: Tyranitar|Tyranitar, L50, M|100/100
|-weather|Sandstorm|[from] ability: Sand Stream|[of] p2b: Tyranitar
|move|p1b: Sinistcha|Rage Powder|p1b: Sinistcha
|-singleturn|p1b: Sinistcha|move: Rage Powder
|move|p2a: Starmie|Flip Turn|p1b: Sinistcha
|-resisted|p1b: Sinistcha|1
|-damage|p1b: Sinistcha|41/100
|-enditem|p1b: Sinistcha|Sitrus Berry|[eat]
|-heal|p1b: Sinistcha|66/100|[from] item: Sitrus Berry
|
|t:|1785088010
|switch|p2a: Aegislash|Aegislash, L50, M|100/100|[from] Flip Turn
|move|p1a: Staraptor|Dual Wingbeat|p2a: Aegislash
|-resisted|p2a: Aegislash|1
|-damage|p2a: Aegislash|82/100
|-resisted|p2a: Aegislash|1
|-damage|p2a: Aegislash|64/100
|-hitcount|p2a: Aegislash|2
|
|-weather|Sandstorm|[upkeep]
|-damage|p1a: Staraptor|52/100|[from] Sandstorm
|-damage|p1b: Sinistcha|60/100|[from] Sandstorm
|-heal|p2a: Aegislash|70/100|[from] item: Leftovers
|upkeep
|turn|7
|
|t:|1785088079
|switch|p1b: fabguru|Oranguru, L50, M, shiny|100/100
|move|p1a: Staraptor|Protect|p1a: Staraptor
|-singleturn|p1a: Staraptor|Protect
|move|p2b: Tyranitar|Crunch|p1b: fabguru
|-supereffective|p1b: fabguru|1
|-damage|p1b: fabguru|8/100
|-unboost|p1b: fabguru|def|1
|-formechange|p2a: Aegislash|Aegislash-Blade|
|move|p2a: Aegislash|Poltergeist|p1a: Staraptor
|-activate|p1a: Staraptor|move: Protect
|
|-weather|Sandstorm|[upkeep]
|-damage|p1a: Staraptor|46/100|[from] Sandstorm
|-damage|p1b: fabguru|2/100|[from] Sandstorm
|-heal|p2a: Aegislash|76/100|[from] item: Leftovers
|upkeep
|turn|8
|
|t:|1785088149
|move|p2b: Tyranitar|Protect|p2b: Tyranitar
|-singleturn|p2b: Tyranitar|Protect
|move|p1a: Staraptor|Dual Wingbeat|p2a: Aegislash
|-resisted|p2a: Aegislash|1
|-damage|p2a: Aegislash|29/100
|-resisted|p2a: Aegislash|1
|-damage|p2a: Aegislash|0 fnt
|faint|p2a: Aegislash
|-hitcount|p2: Aegislash|2
|move|p1b: fabguru|Instruct|p1a: Staraptor
|-singleturn|p1a: Staraptor|move: Instruct|[of] p1b: fabguru
|move|p1a: Staraptor|Dual Wingbeat|p2b: Tyranitar
|-activate|p2b: Tyranitar|move: Protect
|
|-weather|Sandstorm|[upkeep]
|-damage|p1a: Staraptor|40/100|[from] Sandstorm
|-damage|p1b: fabguru|0 fnt|[from] Sandstorm
|faint|p1b: fabguru
|upkeep
|
|t:|1785088164
|switch|p1b: Sinistcha|Sinistcha, L50|60/100
|switch|p2a: Starmie|Starmie-Mega, L50|100/100
|-heal|p1a: Staraptor|64/100|[from] ability: Hospitality|[of] p1b: Sinistcha
|turn|9
|
|t:|1785088188
|move|p1b: Sinistcha|Rage Powder|p1b: Sinistcha
|-singleturn|p1b: Sinistcha|move: Rage Powder
|move|p2a: Starmie|Psycho Cut|p1b: Sinistcha
|-damage|p1b: Sinistcha|19/100
|move|p1a: Staraptor|Close Combat|p2b: Tyranitar
|-supereffective|p2b: Tyranitar|2
|-damage|p2b: Tyranitar|0 fnt
|-boost|p1a: Staraptor|def|1
|-boost|p1a: Staraptor|spd|1
|faint|p2b: Tyranitar
|
|-weather|Sandstorm|[upkeep]
|-damage|p2a: Starmie|94/100|[from] Sandstorm
|-damage|p1a: Staraptor|58/100|[from] Sandstorm
|-damage|p1b: Sinistcha|13/100|[from] Sandstorm
|upkeep
|turn|10
|inactive|Battle timer is ON: inactive players will automatically lose when time's up. (requested by MafiaPolar6242)
|
|t:|1785088274
|move|p1b: Sinistcha|Rage Powder|p1b: Sinistcha
|-singleturn|p1b: Sinistcha|move: Rage Powder
|move|p2a: Starmie|Psycho Cut|p1b: Sinistcha
|-damage|p1b: Sinistcha|0 fnt
|faint|p1b: Sinistcha
|move|p1a: Staraptor|Roost|p1a: Staraptor
|-heal|p1a: Staraptor|100/100
|-singleturn|p1a: Staraptor|move: Roost
|
|-weather|none
|upkeep
|
|t:|1785088280
|switch|p1b: Whimsicott|Whimsicott, L50, M|22/100
|turn|11
|
|t:|1785088288
|move|p1b: Whimsicott|Charm|p2a: Starmie
|-unboost|p2a: Starmie|atk|2
|move|p2a: Starmie|Psycho Cut|p1a: Staraptor
|-supereffective|p1a: Staraptor|1
|-damage|p1a: Staraptor|67/100
|move|p1a: Staraptor|Dual Wingbeat|p2a: Starmie
|-damage|p2a: Starmie|32/100
|-damage|p2a: Starmie|0 fnt
|faint|p2a: Starmie
|-hitcount|p2: Starmie|2
|
|win|ZapeohDev
|l|☆MafiaPolar6242
|player|p2|
|inactive|ZapeohDev has 30 seconds to confirm battle start!
|inactive|MafiaPolar6242 has 30 seconds to confirm battle start!
