|j|☆dmac55
|j|☆8787878i
|html|dmac558787878i    
|uhtml|bestof|Game 1 of a best-of-3
|t:|1786116506
|gametype|doubles
|player|p1|dmac55|170|1265
|player|p2|8787878i|tuberf|1326
|gen|9
|tier|[Gen 9 Champions] VGC 2026 Reg M-B (Bo3)
|rated|
|rule|Species Clause: Limit one of each Pokémon
|rule|Item Clause: Limit 1 of each item
|clearpoke
|poke|p1|Vanilluxe, L50, F|
|poke|p1|Scizor, L50, M|
|poke|p1|Raichu, L50, F|
|poke|p1|Basculegion, L50, M|
|poke|p1|Volcarona, L50, M|
|poke|p1|Garchomp, L50, M|
|poke|p2|Venusaur, L50, F|
|poke|p2|Charizard, L50, F|
|poke|p2|Sylveon, L50, F|
|poke|p2|Incineroar, L50, F|
|poke|p2|Garchomp, L50, F|
|poke|p2|Farigiraf, L50, F|
|teampreview|4
|showteam|p1|Vanilluxe||NeverMeltIce|SnowWarning|Blizzard,FreezeDry,IceShard,Protect|Modest||F|||50|]Scizor||MetalCoat|Technician|BulletPunch,BugBite,SwordsDance,Protect|Adamant||M|||50|]Raichu||RaichuniteY|LightningRod|FakeOut,ZapCannon,FocusBlast,Protect|Timid||F|||50|]Basculegion||ChoiceScarf|Adaptability|LastRespects,WaveCrash,AquaJet,FlipTurn|Jolly||M|||50|]Volcarona||SitrusBerry|FlameBody|Tailwind,RagePowder,HeatWave,AirSlash|Bold||M|||50|]Garchomp||LifeOrb|RoughSkin|DragonClaw,StompingTantrum,RockSlide,Protect|Jolly||M|||50|
|showteam|p2|Venusaur||FocusSash|Chlorophyll|SludgeBomb,SleepPowder,LeafStorm,Protect|Modest||F|||50|]Charizard||CharizarditeY|Blaze|Protect,HeatWave,WeatherBall,SolarBeam|Modest||F|||50|]Sylveon||FairyFeather|Pixilate|HyperVoice,HyperBeam,QuickAttack,Detect|Modest||F|||50|]Incineroar||SitrusBerry|Intimidate|DarkestLariat,FlareBlitz,PartingShot,FakeOut|Careful||F|||50|]Garchomp||LifeOrb|RoughSkin|Earthquake,DragonClaw,RockSlide,Protect|Jolly||F|||50|]Farigiraf||ColburBerry|ArmorTail|Psychic,Thunderbolt,TrickRoom,Protect|Modest||F|||50|
|inactive|Battle timer is ON: inactive players will automatically lose when time's up. (requested by 8787878i)
|
|t:|1786116534
|teamsize|p1|4
|teamsize|p2|4
|start
|switch|p1a: Raichu|Raichu, L50, F|100/100
|switch|p1b: Volcarona|Volcarona, L50, M|100/100
|switch|p2a: Farigiraf|Farigiraf, L50, F|100/100
|switch|p2b: Incineroar|Incineroar, L50, F|100/100
|-ability|p2b: Incineroar|Intimidate|boost
|-unboost|p1a: Raichu|atk|1
|-unboost|p1b: Volcarona|atk|1
|turn|1
|inactive|dmac55 has 30 seconds left.
|
|t:|1786116567
|detailschange|p1a: Raichu|Raichu-Mega-Y, L50, F
|-mega|p1a: Raichu|Raichu|Raichunite Y
|move|p1a: Raichu|Protect|p1a: Raichu
|-singleturn|p1a: Raichu|Protect
|move|p2b: Incineroar|Fake Out|p1a: Raichu
|-activate|p1a: Raichu|move: Protect
|move|p1b: Volcarona|Heat Wave|p2a: Farigiraf|[spread] p2a,p2b
|-resisted|p2b: Incineroar|1
|-damage|p2a: Farigiraf|74/100
|-damage|p2b: Incineroar|88/100
|move|p2a: Farigiraf|Trick Room|p2a: Farigiraf
|-fieldstart|move: Trick Room|[of] p2a: Farigiraf
|
|upkeep
|turn|2
|
|t:|1786116583
|move|p2a: Farigiraf|Psychic|p1b: Volcarona
|-damage|p1b: Volcarona|69/100
|-unboost|p1b: Volcarona|spd|1
|move|p2b: Incineroar|Flare Blitz|p1b: Volcarona
|-damage|p1b: Volcarona|27/100
|-enditem|p1b: Volcarona|Sitrus Berry|[eat]
|-heal|p1b: Volcarona|52/100|[from] item: Sitrus Berry
|-damage|p2b: Incineroar|75/100|[from] Recoil
|move|p1b: Volcarona|Heat Wave|p2a: Farigiraf|[spread] p2a,p2b
|-resisted|p2b: Incineroar|1
|-damage|p2a: Farigiraf|49/100
|-damage|p2b: Incineroar|62/100
|move|p1a: Raichu|Focus Blast|p2b: Incineroar
|-supereffective|p2b: Incineroar|1
|-damage|p2b: Incineroar|0 fnt
|faint|p2b: Incineroar
|
|upkeep
|
|t:|1786116590
|switch|p2b: Sylveon|Sylveon, L50, F|100/100
|turn|3
|
|t:|1786116607
|move|p1a: Raichu|Protect|p1a: Raichu
|-singleturn|p1a: Raichu|Protect
|move|p2a: Farigiraf|Psychic|p1b: Volcarona
|-crit|p1b: Volcarona
|-damage|p1b: Volcarona|0 fnt
|faint|p1b: Volcarona
|move|p2b: Sylveon|Hyper Voice|p1a: Raichu
|-activate|p1a: Raichu|move: Protect
|
|upkeep
|
|t:|1786116615
|switch|p1b: Scizor|Scizor, L50, M|100/100
|turn|4
|
|t:|1786116623
|move|p2a: Farigiraf|Psychic|p1a: Raichu
|-damage|p1a: Raichu|53/100
|move|p2b: Sylveon|Hyper Voice|p1a: Raichu|[spread] p1a,p1b
|-crit|p1a: Raichu
|-resisted|p1b: Scizor|1
|-damage|p1a: Raichu|0 fnt
|-damage|p1b: Scizor|74/100
|faint|p1a: Raichu
|move|p1b: Scizor|Bug Bite|p2a: Farigiraf
|-supereffective|p2a: Farigiraf|1
|-damage|p2a: Farigiraf|0 fnt
|-enditem|p2a: Farigiraf|Colbur Berry|[from] stealeat|[move] Bug Bite|[of] p1b: Scizor
|faint|p2a: Farigiraf
|
|upkeep
|
|t:|1786116633
|switch|p2a: Charizard|Charizard, L50, F|100/100
|switch|p1a: Garchomp|Garchomp, L50, M|100/100
|turn|5
|
|t:|1786116641
|detailschange|p2a: Charizard|Charizard-Mega-Y, L50, F
|-mega|p2a: Charizard|Charizard|Charizardite Y
|-weather|SunnyDay|[from] ability: Drought|[of] p2a: Charizard
|move|p2b: Sylveon|Detect|p2b: Sylveon
|-singleturn|p2b: Sylveon|Protect
|move|p1b: Scizor|Protect|p1b: Scizor
|-singleturn|p1b: Scizor|Protect
|move|p1a: Garchomp|Protect|p1a: Garchomp
|-singleturn|p1a: Garchomp|Protect
|move|p2a: Charizard|Weather Ball|p1b: Scizor
|-activate|p1b: Scizor|move: Protect
|
|-weather|SunnyDay|[upkeep]
|-fieldend|move: Trick Room
|upkeep
|turn|6
|
|t:|1786116658
|move|p1b: Scizor|Bullet Punch|p2b: Sylveon
|-supereffective|p2b: Sylveon|1
|-damage|p2b: Sylveon|20/100y
|move|p1a: Garchomp|Rock Slide|p2a: Charizard|[spread] p2a,p2b
|-supereffective|p2a: Charizard|2
|-damage|p2a: Charizard|5/100
|-damage|p2b: Sylveon|0 fnt
|faint|p2b: Sylveon
|-damage|p1a: Garchomp|90/100|[from] item: Life Orb
|move|p2a: Charizard|Heat Wave|p1a: Garchomp|[spread] p1a,p1b
|-resisted|p1a: Garchomp|1
|-supereffective|p1b: Scizor|2
|-damage|p1a: Garchomp|56/100
|-damage|p1b: Scizor|0 fnt
|faint|p1b: Scizor
|
|-weather|SunnyDay|[upkeep]
|upkeep
|turn|7
|-message|8787878i forfeited.
|
|win|dmac55
|l|☆8787878i
|player|p2|
||8787878i is ready for game 2.
