|j|☆eggwich69
|j|☆chefbenboyrd
|html|eggwich69chefbenboyrd    
|uhtml|bestof|Game 1 of a best-of-3
|t:|1757125733
|gametype|doubles
|player|p1|eggwich69|169|1213
|player|p2|chefbenboyrd|brawly|1150
|gen|9
|tier|[Gen 9] VGC 2025 Reg H (Bo3)
|rated|
|rule|Species Clause: Limit one of each Pokémon
|rule|Item Clause: Limit 1 of each item
|clearpoke
|poke|p1|Dragapult, L50, F|
|poke|p1|Sneasler, L50, F|
|poke|p1|Rillaboom, L50, F|
|poke|p1|Kingambit, L50, F|
|poke|p1|Primarina, L50, F|
|poke|p1|Magmar, L50, F|
|poke|p2|Whimsicott, L50, M|
|poke|p2|Hydreigon, L50, F|
|poke|p2|Incineroar, L50, M|
|poke|p2|Gholdengo, L50|
|poke|p2|Basculegion, L50, M|
|poke|p2|Dragonite, L50, M|
|teampreview|4
|showteam|p1|Dragapult||ChoiceBand|ClearBody|DragonDarts,TeraBlast,Uturn,SuckerPunch|||F|||50|,,,,,Ghost]Sneasler||FocusSash|Unburden|CloseCombat,DireClaw,Protect,ThroatChop|||F|||50|,,,,,Dark]Rillaboom||AssaultVest|GrassySurge|FakeOut,GrassyGlide,WoodHammer,HighHorsepower|||F|||50|,,,,,Fire]Kingambit||BlackGlasses|Defiant|SwordsDance,KowtowCleave,SuckerPunch,Protect|||F|||50|,,,,,Dark]Primarina||SitrusBerry|LiquidVoice|HyperVoice,Protect,Moonblast,Haze|||F|||50|,,,,,Poison]Magmar||Eviolite|VitalSpirit|FollowMe,Protect,WillOWisp,HeatWave|||F|||50|,,,,,Grass
|showteam|p2|Whimsicott||FocusSash|Prankster|SunnyDay,Encore,Tailwind,Moonblast|||M|||50|,,,,,Ghost]Hydreigon||ChoiceSpecs|Levitate|HeatWave,DracoMeteor,Snarl,DarkPulse|||F|||50|,,,,,Fire]Incineroar||SafetyGoggles|Intimidate|KnockOff,FakeOut,PartingShot,FlareBlitz|||M|||50|,,,,,Ghost]Gholdengo||LifeOrb|GoodasGold|Protect,MakeItRain,ShadowBall,NastyPlot||||||50|,,,,,Water]Basculegion||ChoiceScarf|Adaptability|LastRespects,WaveCrash,AquaJet,FlipTurn|||M|||50|,,,,,Water]Dragonite||LoadedDice|Multiscale|ScaleShot,Protect,ExtremeSpeed,Haze|||M|||50|,,,,,Fairy
|inactive|Battle timer is ON: inactive players will automatically lose when time's up. (requested by chefbenboyrd)
|inactive|eggwich69 has 60 seconds left.
|
|t:|1757125820
|teamsize|p1|4
|teamsize|p2|4
|start
|switch|p1a: Dragapult|Dragapult, L50, F|100/100
|switch|p1b: Magmar|Magmar, L50, F|100/100
|switch|p2a: Whimsicott|Whimsicott, L50, M|100/100
|switch|p2b: Hydreigon|Hydreigon, L50, F|100/100
|turn|1
|inactive|chefbenboyrd has 30 seconds left.
|inactive|eggwich69 has 30 seconds left.
|
|t:|1757125854
|switch|p1a: Rillaboom|Rillaboom, L50, F|100/100
|-fieldstart|move: Grassy Terrain|[from] ability: Grassy Surge|[of] p1a: Rillaboom
|switch|p2b: Gholdengo|Gholdengo, L50|100/100
|move|p2a: Whimsicott|Tailwind|p2a: Whimsicott
|-sidestart|p2: chefbenboyrd|move: Tailwind
|move|p1b: Magmar|Heat Wave|p2b: Gholdengo|[spread] p2a,p2b
|-supereffective|p2a: Whimsicott
|-supereffective|p2b: Gholdengo
|-crit|p2b: Gholdengo
|-damage|p2a: Whimsicott|12/100
|-damage|p2b: Gholdengo|22/100
|
|-heal|p2a: Whimsicott|18/100|[from] Grassy Terrain
|-heal|p2b: Gholdengo|28/100|[from] Grassy Terrain
|upkeep
|turn|2
|inactive|eggwich69 has 30 seconds left.
|inactive|chefbenboyrd has 30 seconds left.
|inactive|eggwich69 has 20 seconds left.
|inactive|eggwich69 has 15 seconds left.
|
|t:|1757125897
|switch|p2a: Incineroar|Incineroar, L50, M|100/100
|-ability|p2a: Incineroar|Intimidate|boost
|-unboost|p1a: Rillaboom|atk|1
|-unboost|p1b: Magmar|atk|1
|move|p2b: Gholdengo|Protect|p2b: Gholdengo
|-singleturn|p2b: Gholdengo|Protect
|move|p1b: Magmar|Heat Wave|p2b: Gholdengo|[spread] p2a
|-activate|p2b: Gholdengo|move: Protect
|-resisted|p2a: Incineroar
|-damage|p2a: Incineroar|89/100
|move|p1a: Rillaboom|Wood Hammer|p2a: Incineroar
|-resisted|p2a: Incineroar
|-damage|p2a: Incineroar|62/100
|-damage|p1a: Rillaboom|92/100|[from] Recoil
|
|-heal|p2b: Gholdengo|35/100|[from] Grassy Terrain
|-heal|p2a: Incineroar|68/100|[from] Grassy Terrain
|-heal|p1a: Rillaboom|98/100|[from] Grassy Terrain
|upkeep
|turn|3
|
|t:|1757125919
|switch|p2b: Whimsicott|Whimsicott, L50, M|18/100
|move|p2a: Incineroar|Flare Blitz|p1a: Rillaboom
|-supereffective|p1a: Rillaboom
|-damage|p1a: Rillaboom|2/100
|-damage|p2a: Incineroar|36/100|[from] Recoil
|move|p1b: Magmar|Heat Wave|p2b: Whimsicott|[spread] p2a,p2b
|-resisted|p2a: Incineroar
|-supereffective|p2b: Whimsicott
|-damage|p2a: Incineroar|24/100
|-damage|p2b: Whimsicott|0 fnt
|faint|p2b: Whimsicott
|move|p1a: Rillaboom|High Horsepower|p2a: Incineroar
|-supereffective|p2a: Incineroar
|-damage|p2a: Incineroar|0 fnt
|faint|p2a: Incineroar
|
|-heal|p1a: Rillaboom|8/100|[from] Grassy Terrain
|upkeep
|
|t:|1757125927
|switch|p2b: Hydreigon|Hydreigon, L50, F|100/100
|switch|p2a: Gholdengo|Gholdengo, L50|35/100
|turn|4
|
|t:|1757125944
|-terastallize|p2b: Hydreigon|Fire
|move|p2a: Gholdengo|Protect|p2a: Gholdengo
|-singleturn|p2a: Gholdengo|Protect
|move|p1b: Magmar|Protect|p1b: Magmar
|-singleturn|p1b: Magmar|Protect
|move|p1a: Rillaboom|Grassy Glide|p2a: Gholdengo
|-activate|p2a: Gholdengo|move: Protect
|move|p2b: Hydreigon|Heat Wave|p1b: Magmar|[spread] p1a
|-activate|p1b: Magmar|move: Protect
|-supereffective|p1a: Rillaboom
|-crit|p1a: Rillaboom
|-damage|p1a: Rillaboom|0 fnt
|faint|p1a: Rillaboom
|
|-heal|p2a: Gholdengo|41/100|[from] Grassy Terrain
|-sideend|p2: chefbenboyrd|move: Tailwind
|upkeep
|
|t:|1757125956
|switch|p1a: Dragapult|Dragapult, L50, F|100/100
|turn|5
|
|t:|1757125979
|-terastallize|p1a: Dragapult|Ghost
|move|p1a: Dragapult|Tera Blast|p2b: Hydreigon|[anim] Tera Blast Ghost
|-damage|p2b: Hydreigon|0 fnt
|faint|p2b: Hydreigon
|move|p2a: Gholdengo|Shadow Ball|p1b: Magmar
|-damage|p1b: Magmar|60/100
|-damage|p2a: Gholdengo|31/100|[from] item: Life Orb
|move|p1b: Magmar|Heat Wave|p2a: Gholdengo
|-supereffective|p2a: Gholdengo
|-damage|p2a: Gholdengo|0 fnt
|faint|p2a: Gholdengo
|
|win|eggwich69
|inactive|eggwich69 has 30 seconds to confirm battle start!
|inactive|chefbenboyrd has 30 seconds to confirm battle start!
