|j|☆quagyquag
|j|☆dingolino
|html|quagyquagdingolino    
|uhtml|bestof|Game 1 of a best-of-3
|t:|1785506641
|gametype|doubles
|player|p1|quagyquag|parasollady|1099
|player|p2|dingolino|musician|1018
|gen|9
|tier|[Gen 9 Champions] VGC 2026 Reg M-B (Bo3)
|rated|
|rule|Species Clause: Limit one of each Pokémon
|rule|Item Clause: Limit 1 of each item
|clearpoke
|poke|p1|Pelipper, L50, M|
|poke|p1|Swampert, L50, M|
|poke|p1|Sneasler, L50, F|
|poke|p1|Meganium, L50, M|
|poke|p1|Archaludon, L50, F|
|poke|p1|Whimsicott, L50, M|
|poke|p2|Charizard, L50, M|
|poke|p2|Aerodactyl, L50, F|
|poke|p2|Sinistcha, L50|
|poke|p2|Basculegion, L50, M|
|poke|p2|Sneasler, L50, F|
|poke|p2|Venusaur, L50, M|
|teampreview|4
|showteam|p1|Pelipper||LifeOrb|Drizzle|Hurricane,Tailwind,Protect,IceBeam|Bold||M|||50|]Swampert||Swampertite|Torrent|Protect,Earthquake,Liquidation,IcePunch|Jolly||M|||50|]Sneasler||WhiteHerb|Unburden|FakeOut,CloseCombat,DireClaw,Protect|Adamant||F|||50|]Meganium||Meganiumite|Overgrow|WeatherBall,SolarBeam,Protect,DazzlingGleam|Modest||M|||50|]Archaludon||SitrusBerry|Stamina|ElectroShot,DracoMeteor,Protect,Snarl|Modest||F|||50|]Whimsicott||MentalHerb|Prankster|Moonblast,Tailwind,Encore,Protect|Bold||M|||50|
|showteam|p2|Charizard||CharizarditeY|Blaze|WeatherBall,HeatWave,Protect,SolarBeam|Timid||M|||50|]Aerodactyl||WideLens|Unnerve|Tailwind,RockSlide,Taunt,DualWingbeat|Jolly||F|||50|]Sinistcha||Leftovers|Hospitality|MatchaGotcha,TrickRoom,Protect,RagePowder|Relaxed|||||50|]Basculegion||LifeOrb|Adaptability|LastRespects,WaveCrash,Protect,AquaJet|Jolly||M|||50|]Sneasler||FocusSash|Unburden|FakeOut,CloseCombat,DireClaw,QuickGuard|Adamant||F|||50|]Venusaur||OccaBerry|Chlorophyll|SludgeBomb,EarthPower,SleepPowder,GigaDrain|Modest||M|||50|
|inactive|Battle timer is ON: inactive players will automatically lose when time's up. (requested by quagyquag)
|
|t:|1785506667
|teamsize|p1|4
|teamsize|p2|4
|start
|switch|p1a: Pelipper|Pelipper, L50, M|100/100
|switch|p1b: Swampert|Swampert, L50, M|100/100
|switch|p2a: Sneasler|Sneasler, L50, F|100/100
|switch|p2b: Basculegion|Basculegion, L50, M|100/100
|-weather|RainDance|[from] ability: Drizzle|[of] p1a: Pelipper
|turn|1
|inactive|dingolino has 30 seconds left.
|
|t:|1785506692
|detailschange|p1b: Swampert|Swampert-Mega, L50, M
|-mega|p1b: Swampert|Swampert|Swampertite
|move|p2a: Sneasler|Fake Out|p1b: Swampert
|-damage|p1b: Swampert|84/100
|cant|p1b: Swampert|flinch
|move|p2b: Basculegion|Last Respects|p1a: Pelipper
|-damage|p1a: Pelipper|68/100
|-damage|p2b: Basculegion|90/100|[from] item: Life Orb
|move|p1a: Pelipper|Tailwind|p1a: Pelipper
|-sidestart|p1: quagyquag|move: Tailwind
|
|-weather|RainDance|[upkeep]
|upkeep
|turn|2
|
|t:|1785506716
|switch|p2b: Sinistcha|Sinistcha, L50|100/100
|move|p1b: Swampert|Earthquake|p2a: Sneasler|[spread] p2a,p2b
|-immune|p1a: Pelipper
|-supereffective|p2a: Sneasler|1
|-resisted|p2b: Sinistcha|1
|-enditem|p2a: Sneasler|Focus Sash
|-damage|p2a: Sneasler|1/100
|-damage|p2b: Sinistcha|83/100
|move|p2a: Sneasler|Dire Claw|p1b: Swampert
|-resisted|p1b: Swampert|1
|-damage|p1b: Swampert|61/100
|move|p1a: Pelipper|Hurricane|p2a: Sneasler
|-supereffective|p2a: Sneasler|1
|-damage|p2a: Sneasler|0 fnt
|faint|p2a: Sneasler
|-damage|p1a: Pelipper|59/100|[from] item: Life Orb
|
|-weather|RainDance|[upkeep]
|-heal|p2b: Sinistcha|89/100|[from] item: Leftovers
|upkeep
|
|t:|1785506731
|switch|p2a: Basculegion|Basculegion, L50, M|90/100
|turn|3
|inactive|quagyquag has 30 seconds left.
|
|t:|1785506763
|move|p1a: Pelipper|Protect|p1a: Pelipper
|-singleturn|p1a: Pelipper|Protect
|move|p2a: Basculegion|Protect|p2a: Basculegion
|-singleturn|p2a: Basculegion|Protect
|move|p2b: Sinistcha|Protect|p2b: Sinistcha
|-singleturn|p2b: Sinistcha|Protect
|move|p1b: Swampert|Ice Punch|p2b: Sinistcha
|-activate|p2b: Sinistcha|move: Protect
|
|-weather|RainDance|[upkeep]
|-heal|p2b: Sinistcha|96/100|[from] item: Leftovers
|upkeep
|turn|4
|inactive|dingolino has 30 seconds left.
|
|t:|1785506789
|move|p1b: Swampert|Protect|p1b: Swampert
|-singleturn|p1b: Swampert|Protect
|move|p2b: Sinistcha|Rage Powder|p2b: Sinistcha
|-singleturn|p2b: Sinistcha|move: Rage Powder
|move|p1a: Pelipper|Hurricane|p2b: Sinistcha
|-supereffective|p2b: Sinistcha|1
|-damage|p2b: Sinistcha|0 fnt
|faint|p2b: Sinistcha
|-damage|p1a: Pelipper|49/100|[from] item: Life Orb
|move|p2a: Basculegion|Wave Crash|p1b: Swampert
|-activate|p1b: Swampert|move: Protect
|
|-weather|RainDance|[upkeep]
|-sideend|p1: quagyquag|move: Tailwind
|upkeep
|
|t:|1785506797
|switch|p2b: Venusaur|Venusaur, L50, M|100/100
|turn|5
|inactive|quagyquag has 30 seconds left.
|inactive|quagyquag has 20 seconds left.
|inactive|quagyquag has 15 seconds left.
|
|t:|1785506839
|switch|p1a: Whimsicott|Whimsicott, L50, M|100/100
|move|p1b: Swampert|Earthquake|p2a: Basculegion|[spread] p1a,p2a,p2b
|-resisted|p1a: Whimsicott|1
|-crit|p1a: Whimsicott
|-crit|p2a: Basculegion
|-damage|p1a: Whimsicott|71/100
|-damage|p2a: Basculegion|8/100
|-damage|p2b: Venusaur|42/100
|move|p2a: Basculegion|Wave Crash|p1b: Swampert
|-damage|p1b: Swampert|0 fnt
|faint|p1b: Swampert
|-damage|p2a: Basculegion|0 fnt|[from] Recoil
|faint|p2a: Basculegion
|move|p2b: Venusaur|Sleep Powder|p1a: Whimsicott
|-immune|p1a: Whimsicott
|
|-weather|none
|upkeep
|
|t:|1785506854
|switch|p1b: Pelipper|Pelipper, L50, M|49/100
|-weather|RainDance|[from] ability: Drizzle|[of] p1b: Pelipper
|turn|6
|
|t:|1785506863
|move|p1a: Whimsicott|Tailwind|p1a: Whimsicott
|-sidestart|p1: quagyquag|move: Tailwind
|move|p1b: Pelipper|Hurricane|p2b: Venusaur
|-supereffective|p2b: Venusaur|1
|-damage|p2b: Venusaur|0 fnt
|faint|p2b: Venusaur
|-damage|p1b: Pelipper|40/100|[from] item: Life Orb
|
|win|quagyquag
|l|☆dingolino
|player|p2|
||quagyquag is ready for game 2.
||dingolino is ready for game 2.
|uhtml|next|Next: Game 2 of 3
