|j|☆castoriceball
|j|☆AxolVinie
|html|castoriceballAxolVinie    
|uhtml|bestof|Game 2 of a best-of-3
|t:|1785638689
|gametype|doubles
|player|p1|castoriceball|miku-flying|1243
|player|p2|AxolVinie|102|1161
|gen|9
|tier|[Gen 9 Champions] VGC 2026 Reg M-B (Bo3)
|rated|
|rule|Species Clause: Limit one of each Pokémon
|rule|Item Clause: Limit 1 of each item
|clearpoke
|poke|p1|Raichu, L50, F, shiny|
|poke|p1|Mamoswine, L50, F|
|poke|p1|Basculegion, L50, M, shiny|
|poke|p1|Farigiraf, L50, M|
|poke|p1|Sylveon, L50, M|
|poke|p1|Torkoal, L50, M|
|poke|p2|Aerodactyl, L50, M|
|poke|p2|Kingambit, L50, M|
|poke|p2|Sylveon, L50, F|
|poke|p2|Garchomp, L50, F|
|poke|p2|Charizard, L50, F|
|poke|p2|Incineroar, L50, F|
|teampreview|4
|showteam|p1|Raichu||RaichuniteY|LightningRod|ZapCannon,FocusBlast,FakeOut,Protect|Timid||F|||50|]Mamoswine||LifeOrb|Oblivious|IcicleCrash,HighHorsepower,IceShard,Protect|Adamant||F|||50|]Basculegion||ChoiceScarf|Adaptability|LastRespects,WaveCrash,AquaJet,FlipTurn|Jolly||M|||50|]Farigiraf||SitrusBerry|ArmorTail|Psychic,HelpingHand,TrickRoom,Protect|Bold||M|||50|]Sylveon||FairyFeather|Pixilate|HyperVoice,QuickAttack,HyperBeam,Detect|Modest||M|||50|]Torkoal||Charcoal|Drought|Eruption,WeatherBall,SolarBeam,Protect|Quiet||M|||50|
|showteam|p2|Aerodactyl||Aerodactylite|Unnerve|RockSlide,IceFang,Tailwind,WideGuard|Jolly||M|||50|]Kingambit||FocusSash|Defiant|KowtowCleave,SuckerPunch,IronHead,Protect|Adamant||M|||50|]Sylveon||FairyFeather|Pixilate|Detect,HyperVoice,HyperBeam,QuickAttack|Modest||F|||50|]Garchomp||LifeOrb|RoughSkin|Earthquake,DragonClaw,StompingTantrum,Protect|Jolly||F|||50|]Charizard||CharizarditeY|Blaze|Protect,HeatWave,SolarBeam,WeatherBall|Modest||F|||50|]Incineroar||SitrusBerry|Intimidate|DarkestLariat,FlareBlitz,FakeOut,PartingShot|Impish||F|||50|
|
|t:|1785638704
|teamsize|p1|4
|teamsize|p2|4
|start
|switch|p1a: WHYYCHU|Raichu, L50, F, shiny|100/100
|switch|p1b: Farigiraf|Farigiraf, L50, M|100/100
|switch|p2a: Charizard|Charizard, L50, F|100/100
|switch|p2b: Kingambit|Kingambit, L50, M|100/100
|turn|1
|
|t:|1785638726
|detailschange|p1a: WHYYCHU|Raichu-Mega-Y, L50, F, shiny
|-mega|p1a: WHYYCHU|Raichu|Raichunite Y
|detailschange|p2a: Charizard|Charizard-Mega-Y, L50, F
|-mega|p2a: Charizard|Charizard|Charizardite Y
|-weather|SunnyDay|[from] ability: Drought|[of] p2a: Charizard
|move|p1a: WHYYCHU|Fake Out|p2b: Kingambit
|-resisted|p2b: Kingambit|1
|-damage|p2b: Kingambit|96/100
|move|p2a: Charizard|Weather Ball|p1b: Farigiraf
|-damage|p1b: Farigiraf|4/100
|-enditem|p1b: Farigiraf|Sitrus Berry|[eat]
|-heal|p1b: Farigiraf|29/100|[from] item: Sitrus Berry
|cant|p2b: Kingambit|flinch
|move|p1b: Farigiraf|Psychic|p2a: Charizard
|-damage|p2a: Charizard|66/100
|
|-weather|SunnyDay|[upkeep]
|upkeep
|turn|2
|
|t:|1785638748
|move|p1b: Farigiraf|Protect|p1b: Farigiraf
|-singleturn|p1b: Farigiraf|Protect
|move|p1a: WHYYCHU|Zap Cannon|p2a: Charizard
|-supereffective|p2a: Charizard|1
|-damage|p2a: Charizard|0 fnt
|faint|p2a: Charizard
|move|p2b: Kingambit|Kowtow Cleave|p1b: Farigiraf
|-activate|p1b: Farigiraf|move: Protect
|
|-weather|SunnyDay|[upkeep]
|upkeep
|
|t:|1785638755
|switch|p2a: Garchomp|Garchomp, L50, F|100/100
|turn|3
|
|t:|1785638761
|move|p2b: Kingambit|Protect|p2b: Kingambit
|-singleturn|p2b: Kingambit|Protect
|move|p1a: WHYYCHU|Focus Blast|p2b: Kingambit
|-activate|p2b: Kingambit|move: Protect
|move|p2a: Garchomp|Earthquake|p1a: WHYYCHU|[spread] p1a,p1b
|-activate|p2b: Kingambit|move: Protect
|-supereffective|p1a: WHYYCHU|1
|-damage|p1a: WHYYCHU|0 fnt
|-damage|p1b: Farigiraf|0 fnt
|faint|p1a: WHYYCHU
|faint|p1b: Farigiraf
|-damage|p2a: Garchomp|90/100|[from] item: Life Orb
|
|-weather|SunnyDay|[upkeep]
|upkeep
|
|t:|1785638766
|switch|p1a: Sylveon|Sylveon, L50, M|100/100
|switch|p1b: Torkoal|Torkoal, L50, M|100/100
|turn|4
|
|t:|1785638778
|move|p1a: Sylveon|Detect|p1a: Sylveon
|-singleturn|p1a: Sylveon|Protect
|move|p2a: Garchomp|Earthquake|p1a: Sylveon|[spread] p2b,p1b
|-activate|p1a: Sylveon|move: Protect
|-supereffective|p2b: Kingambit|1
|-supereffective|p1b: Torkoal|1
|-damage|p2b: Kingambit|13/100
|-damage|p1b: Torkoal|28/100
|-damage|p2a: Garchomp|80/100|[from] item: Life Orb
|move|p2b: Kingambit|Iron Head|p1a: Sylveon
|-activate|p1a: Sylveon|move: Protect
|move|p1b: Torkoal|Weather Ball|p2b: Kingambit
|-supereffective|p2b: Kingambit|1
|-damage|p2b: Kingambit|0 fnt
|faint|p2b: Kingambit
|
|-weather|SunnyDay|[upkeep]
|upkeep
|
|t:|1785638790
|switch|p2b: Incineroar|Incineroar, L50, F|100/100
|-ability|p2b: Incineroar|Intimidate|boost
|-unboost|p1a: Sylveon|atk|1
|-unboost|p1b: Torkoal|atk|1
|turn|5
|
|t:|1785638793
|move|p1b: Torkoal|Protect|p1b: Torkoal
|-singleturn|p1b: Torkoal|Protect
|move|p2b: Incineroar|Fake Out|p1a: Sylveon
|-damage|p1a: Sylveon|88/100
|move|p2a: Garchomp|Earthquake|p1b: Torkoal|[spread] p2b,p1a
|-activate|p1b: Torkoal|move: Protect
|-supereffective|p2b: Incineroar|1
|-damage|p2b: Incineroar|33/100
|-damage|p1a: Sylveon|32/100
|-enditem|p2b: Incineroar|Sitrus Berry|[eat]
|-heal|p2b: Incineroar|57/100|[from] item: Sitrus Berry
|-damage|p2a: Garchomp|70/100|[from] item: Life Orb
|cant|p1a: Sylveon|flinch
|
|-weather|none
|upkeep
|turn|6
|
|t:|1785638806
|move|p1a: Sylveon|Detect|p1a: Sylveon
|-singleturn|p1a: Sylveon|Protect
|move|p1b: Torkoal|Protect||[still]
|-fail|p1b: Torkoal
|move|p2a: Garchomp|Earthquake|p1b: Torkoal|[spread] p2b,p1b
|-activate|p1a: Sylveon|move: Protect
|-supereffective|p2b: Incineroar|1
|-supereffective|p1b: Torkoal|1
|-damage|p2b: Incineroar|0 fnt
|-damage|p1b: Torkoal|0 fnt
|faint|p2b: Incineroar
|faint|p1b: Torkoal
|-damage|p2a: Garchomp|60/100|[from] item: Life Orb
|
|upkeep
|turn|7
|c|☆AxolVinie|3rd game it is
|
|t:|1785638812
|move|p1a: Sylveon|Quick Attack|p2a: Garchomp
|-supereffective|p2a: Garchomp|1
|-damage|p2a: Garchomp|40/100
|-damage|p1a: Sylveon|20/100y|[from] ability: Rough Skin|[of] p2a: Garchomp
|move|p2a: Garchomp|Earthquake|p1a: Sylveon
|-damage|p1a: Sylveon|0 fnt
|faint|p1a: Sylveon
|-damage|p2a: Garchomp|31/100|[from] item: Life Orb
|
|win|AxolVinie
||AxolVinie is ready for game 3.
||castoriceball is ready for game 3.
|uhtml|next|Next: Game 3 of 3
