|j|☆CourageousTim
|j|☆SFmrmimers
|html|CourageousTimSFmrmimers    
|uhtml|bestof|Game 1 of a best-of-3
|t:|1756435371
|gametype|doubles
|player|p1|CourageousTim|caitlin|1086
|player|p2|SFmrmimers|n|1013
|gen|9
|tier|[Gen 9] VGC 2025 Reg H (Bo3)
|rated|
|rule|Species Clause: Limit one of each Pokémon
|rule|Item Clause: Limit 1 of each item
|clearpoke
|poke|p1|Farigiraf, L50, M|
|poke|p1|Rillaboom, L50, F|
|poke|p1|Incineroar, L50, M|
|poke|p1|Sneasler, L50, M|
|poke|p1|Sylveon, L50, F|
|poke|p1|Palafin, L50, M|
|poke|p2|Sneasler, L50, F|
|poke|p2|Kingambit, L50, F|
|poke|p2|Rillaboom, L50, M|
|poke|p2|Basculegion, L50, M|
|poke|p2|Magmar, L50, F|
|poke|p2|Ninetales-Alola, L50, F|
|teampreview|4
|showteam|p1|Farigiraf||ThroatSpray|ArmorTail|Protect,TrickRoom,HyperVoice,Psychic|||M|||50|,,,,,Fairy]Rillaboom||AssaultVest|GrassySurge|FakeOut,HighHorsepower,GrassyGlide,WoodHammer|||F|||50|,,,,,Poison]Incineroar||SafetyGoggles|Intimidate|Taunt,PartingShot,FakeOut,KnockOff|||M|||50|,,,,,Ghost]Sneasler||FocusSash|Unburden|Protect,SwordsDance,CloseCombat,DireClaw|||M|||50|,,,,,Stellar]Sylveon||GrassySeed|Pixilate|Protect,CalmMind,HyperVoice,TeraBlast|||F|||50|,,,,,Fire]Palafin||ChoiceScarf|ZerotoHero|FlipTurn,JetPunch,WaveCrash,CloseCombat|||M|||50|,,,,,Water
|showteam|p2|Sneasler||FocusSash|PoisonTouch|DireClaw,CloseCombat,FakeOut,Protect|||F|||50|,,,,,Ghost]Kingambit||BlackGlasses|Defiant|KowtowCleave,SuckerPunch,SwordsDance,Protect|||F|||50|,,,,,Fire]Rillaboom||AssaultVest|GrassySurge|FakeOut,Uturn,GrassyGlide,WoodHammer|||M|||50|,,,,,Fire]Basculegion||ChoiceScarf|Adaptability|WaveCrash,LastRespects,TeraBlast,FlipTurn|||M|||50|,,,,,Fairy]Magmar||Eviolite|VitalSpirit|FollowMe,HeatWave,Taunt,Protect|||F|||50|,,,,,Ghost]Ninetales-Alola||NeverMeltIce|SnowWarning|Blizzard,FreezeDry,Encore,Protect|||F|||50|,,,,,Ghost
|inactive|Battle timer is ON: inactive players will automatically lose when time's up. (requested by CourageousTim)
|inactive|CourageousTim has 60 seconds left.
|inactive|SFmrmimers has 60 seconds left.
|
|t:|1756435423
|teamsize|p1|4
|teamsize|p2|4
|start
|switch|p1a: Shaobey|Sylveon, L50, F, shiny|100/100
|switch|p1b: Palafin|Palafin, L50, M|100/100
|switch|p2a: Rillaboom|Rillaboom, L50, M|100/100
|switch|p2b: Kingambit|Kingambit, L50, F, shiny|100/100
|-fieldstart|move: Grassy Terrain|[from] ability: Grassy Surge|[of] p2a: Rillaboom
|-enditem|p1a: Shaobey|Grassy Seed
|-boost|p1a: Shaobey|def|1|[from] item: Grassy Seed
|turn|1
|
|t:|1756435446
|detailschange|p1b: Palafin|Palafin-Hero, L50, M
|switch|p1b: Cherid|Sneasler, L50, M|100/100
|move|p1a: Shaobey|Protect|p1a: Shaobey
|-singleturn|p1a: Shaobey|Protect
|move|p2a: Rillaboom|Fake Out|p1b: Cherid
|-damage|p1b: Cherid|75/100
|move|p2b: Kingambit|Swords Dance|p2b: Kingambit
|-boost|p2b: Kingambit|atk|2
|
|-heal|p1b: Cherid|81/100|[from] Grassy Terrain
|upkeep
|turn|2
|inactive|CourageousTim has 30 seconds left.
|inactive|CourageousTim has 20 seconds left.
|inactive|CourageousTim has 15 seconds left.
|inactive|CourageousTim has 10 seconds left.
|
|t:|1756435495
|move|p1b: Cherid|Protect|p1b: Cherid
|-singleturn|p1b: Cherid|Protect
|move|p2b: Kingambit|Sucker Punch||[still]
|-fail|p2b: Kingambit
|move|p2a: Rillaboom|U-turn|p1a: Shaobey
|-resisted|p1a: Shaobey
|-damage|p1a: Shaobey|91/100
|
|t:|1756435508
|switch|p2a: Basculegion|Basculegion, L50, M, shiny|100/100|[from] U-turn
|move|p1a: Shaobey|Calm Mind|p1a: Shaobey
|-boost|p1a: Shaobey|spa|1
|-boost|p1a: Shaobey|spd|1
|
|-heal|p1b: Cherid|87/100|[from] Grassy Terrain
|-heal|p1a: Shaobey|97/100|[from] Grassy Terrain
|upkeep
|turn|3
|inactive|SFmrmimers has 30 seconds left.
|
|t:|1756435539
|switch|p1b: Revy|Rillaboom, L50, F|100/100
|move|p2a: Basculegion|Wave Crash|p1b: Revy
|-resisted|p1b: Revy
|-damage|p1b: Revy|65/100
|-damage|p2a: Basculegion|88/100|[from] Recoil
|move|p1a: Shaobey|Hyper Voice|p2b: Kingambit|[spread] p2a,p2b
|-damage|p2a: Basculegion|24/100
|-damage|p2b: Kingambit|36/100
|move|p2b: Kingambit|Swords Dance|p2b: Kingambit
|-boost|p2b: Kingambit|atk|2
|
|-heal|p2a: Basculegion|30/100|[from] Grassy Terrain
|-heal|p1b: Revy|71/100|[from] Grassy Terrain
|-heal|p1a: Shaobey|100/100|[from] Grassy Terrain
|-heal|p2b: Kingambit|42/100|[from] Grassy Terrain
|upkeep
|turn|4
|
|t:|1756435564
|switch|p2a: Rillaboom|Rillaboom, L50, M|100/100
|move|p2b: Kingambit|Protect|p2b: Kingambit
|-singleturn|p2b: Kingambit|Protect
|move|p1b: Revy|Fake Out|p2b: Kingambit
|-activate|p2b: Kingambit|move: Protect
|move|p1a: Shaobey|Hyper Voice|p2a: Rillaboom|[spread] p2a
|-activate|p2b: Kingambit|move: Protect
|-damage|p2a: Rillaboom|57/100
|
|-heal|p2a: Rillaboom|62/100|[from] Grassy Terrain
|-heal|p1b: Revy|76/100|[from] Grassy Terrain
|-heal|p2b: Kingambit|48/100|[from] Grassy Terrain
|upkeep
|turn|5
|
|t:|1756435581
|move|p1a: Shaobey|Protect|p1a: Shaobey
|-singleturn|p1a: Shaobey|Protect
|move|p2a: Rillaboom|Fake Out|p1a: Shaobey
|-activate|p1a: Shaobey|move: Protect
|move|p1b: Revy|Grassy Glide|p2b: Kingambit
|-resisted|p2b: Kingambit
|-damage|p2b: Kingambit|34/100
|move|p2b: Kingambit|Sucker Punch||[still]
|-fail|p2b: Kingambit
|
|-heal|p2a: Rillaboom|68/100|[from] Grassy Terrain
|-heal|p1b: Revy|82/100|[from] Grassy Terrain
|-heal|p2b: Kingambit|40/100|[from] Grassy Terrain
|-fieldend|move: Grassy Terrain
|upkeep
|turn|6
|inactive|SFmrmimers has 30 seconds left.
|
|t:|1756435607
|switch|p1b: Cherid|Sneasler, L50, M|87/100
|move|p2a: Rillaboom|U-turn|p1a: Shaobey
|-resisted|p1a: Shaobey
|-damage|p1a: Shaobey|91/100
|
|t:|1756435618
|switch|p2a: Ninetales|Ninetales-Alola, L50, F, shiny|100/100|[from] U-turn
|-weather|Snowscape|[from] ability: Snow Warning|[of] p2a: Ninetales
|move|p1a: Shaobey|Hyper Voice|p2b: Kingambit|[spread] p2a,p2b
|-damage|p2a: Ninetales|29/100
|-damage|p2b: Kingambit|0 fnt
|faint|p2b: Kingambit
|
|-weather|Snowscape|[upkeep]
|upkeep
|
|t:|1756435627
|switch|p2b: Basculegion|Basculegion, L50, M, shiny|30/100
|turn|7
|
|t:|1756435640
|move|p2b: Basculegion|Wave Crash|p1b: Cherid
|-damage|p1b: Cherid|0 fnt
|faint|p1b: Cherid
|-damage|p2b: Basculegion|7/100|[from] Recoil
|move|p2a: Ninetales|Blizzard|p1a: Shaobey
|-damage|p1a: Shaobey|61/100
|move|p1a: Shaobey|Hyper Voice|p2a: Ninetales|[spread] p2a,p2b
|-damage|p2a: Ninetales|0 fnt
|-damage|p2b: Basculegion|0 fnt
|faint|p2a: Ninetales
|faint|p2b: Basculegion
|
|-weather|Snowscape|[upkeep]
|upkeep
|-message|SFmrmimers forfeited.
|raw|CourageousTim's rating: 1086 → 1107(+21 for winning)
|raw|SFmrmimers's rating: 1013 → 1004(-9 for losing)
|
|win|CourageousTim
|l|☆SFmrmimers
|player|p2|
