|j|☆Kotestplayer
|j|☆kuoli00021
|html|Kotestplayerkuoli00021    
|uhtml|bestof|Game 3 of a best-of-3
|t:|1785672742
|gametype|doubles
|player|p1|Kotestplayer|169|
|player|p2|kuoli00021|265|
|gen|9
|tier|[Gen 9 Champions] VGC 2026 Reg M-B (Bo3)
|rule|Species Clause: Limit one of each Pokémon
|rule|Item Clause: Limit 1 of each item
|clearpoke
|poke|p1|Tyranitar, L50, F|
|poke|p1|Incineroar, L50, M|
|poke|p1|Meganium, L50, M|
|poke|p1|Milotic, L50, F|
|poke|p1|Garchomp, L50, F|
|poke|p1|Gholdengo, L50|
|poke|p2|Raichu, L50, M|
|poke|p2|Milotic, L50, F|
|poke|p2|Ceruledge, L50, F|
|poke|p2|Incineroar, L50, M|
|poke|p2|Gengar, L50, F|
|poke|p2|Ninetales-Alola, L50, M|
|teampreview|4
|showteam|p1|Tyranitar||Tyranitarite|SandStream|Protect,RockSlide,KnockOff,IcePunch|Adamant||F|||50|]Incineroar||SitrusBerry|Intimidate|FakeOut,PartingShot,ThroatChop,FlareBlitz|Careful||M|||50|]Meganium||Meganiumite|Overgrow|SolarBeam,DazzlingGleam,WeatherBall,Protect|Modest||M|||50|]Milotic||Leftovers|Competitive|IcyWind,MuddyWater,Recover,Protect|Calm||F|||50|]Garchomp||LifeOrb|RoughSkin|Protect,RockSlide,DragonClaw,StompingTantrum|Jolly||F|||50|]Gholdengo||ChoiceScarf|GoodasGold|MakeItRain,ShadowBall,Thunderbolt,Trick|Modest|||||50|
|showteam|p2|Raichu||RaichuniteY|LightningRod|ZapCannon,FocusBlast,FakeOut,Protect|Timid||M|||50|]Milotic||Leftovers|Competitive|MuddyWater,Hypnosis,Coil,Recover|Calm||F|||50|]Ceruledge||ColburBerry|FlashFire|BitterBlade,ShadowSneak,BulkUp,Protect|Adamant||F|||50|]Incineroar||SitrusBerry|Intimidate|FlareBlitz,FakeOut,PartingShot,Protect|Sassy||M|||50|]Gengar||Gengarite|CursedBody|ShadowBall,PerishSong,Disable,Protect|Modest||F|||50|]Ninetales-Alola||NeverMeltIce|SnowWarning|Blizzard,FreezeDry,Encore,Protect|Timid||M|||50|
|j| benlulu
|j| Luian VGC
|j| Wow_Yang
|j| Hankk1995
|j| Midoria100
|j| Jeniferlowpayz
|l| Jeniferlowpayz
|j| Jason0103
|
|t:|1785672779
|teamsize|p1|4
|teamsize|p2|4
|start
|switch|p1a: Milotic|Milotic, L50, F|100/100
|switch|p1b: Gholdengo|Gholdengo, L50|100/100
|switch|p2a: Gengar|Gengar, L50, F|100/100
|switch|p2b: Incineroar|Incineroar, L50, M|100/100
|-ability|p2b: Incineroar|Intimidate|boost
|-unboost|p1a: Milotic|atk|1
|-ability|p1a: Milotic|Competitive|boost
|-boost|p1a: Milotic|spa|2
|-unboost|p1b: Gholdengo|atk|1
|turn|1
|j| Jeniferlowpayz
|j| E10 parcticeteam
|
|t:|1785672799
|switch|p2a: Ninetales|Ninetales-Alola, L50, M|100/100
|-weather|Snowscape|[from] ability: Snow Warning|[of] p2a: Ninetales
|move|p2b: Incineroar|Fake Out|p1a: Milotic
|-damage|p1a: Milotic|90/100
|move|p1b: Gholdengo|Shadow Ball|p2a: Ninetales
|-damage|p2a: Ninetales|47/100
|cant|p1a: Milotic|flinch
|
|-weather|Snowscape|[upkeep]
|-heal|p1a: Milotic|96/100|[from] item: Leftovers
|upkeep
|turn|2
|
|t:|1785672830
|switch|p1b: Tyranitar|Tyranitar, L50, F|100/100
|-weather|Sandstorm|[from] ability: Sand Stream|[of] p1b: Tyranitar
|move|p2a: Ninetales|Protect|p2a: Ninetales
|-singleturn|p2a: Ninetales|Protect
|move|p1a: Milotic|Icy Wind|p2b: Incineroar|[spread] p2b
|-activate|p2a: Ninetales|move: Protect
|-resisted|p2b: Incineroar|1
|-crit|p2b: Incineroar
|-damage|p2b: Incineroar|86/100
|-unboost|p2b: Incineroar|spe|1
|move|p2b: Incineroar|Flare Blitz|p1b: Tyranitar
|-resisted|p1b: Tyranitar|1
|-damage|p1b: Tyranitar|82/100
|-status|p1b: Tyranitar|brn
|-damage|p2b: Incineroar|80/100|[from] Recoil
|
|-weather|Sandstorm|[upkeep]
|-damage|p2a: Ninetales|42/100|[from] Sandstorm
|-damage|p1a: Milotic|90/100|[from] Sandstorm
|-damage|p2b: Incineroar|74/100|[from] Sandstorm
|-heal|p1a: Milotic|96/100|[from] item: Leftovers
|-damage|p1b: Tyranitar|76/100 brn|[from] brn
|upkeep
|turn|3
|l| Jeniferlowpayz
|
|t:|1785672864
|switch|p2a: Milotic|Milotic, L50, F|100/100
|detailschange|p1b: Tyranitar|Tyranitar-Mega, L50, F
|-mega|p1b: Tyranitar|Tyranitar|Tyranitarite
|move|p1a: Milotic|Muddy Water|p2b: Incineroar|[spread] p2a,p2b
|-resisted|p2a: Milotic|1
|-supereffective|p2b: Incineroar|1
|-damage|p2a: Milotic|83/100
|-damage|p2b: Incineroar|0 fnt
|faint|p2b: Incineroar
|move|p1b: Tyranitar|Knock Off|p2a: Milotic
|-damage|p2a: Milotic|53/100
|-enditem|p2a: Milotic|Leftovers|[from] move: Knock Off|[of] p1b: Tyranitar
|
|-weather|Sandstorm|[upkeep]
|-damage|p1a: Milotic|90/100|[from] Sandstorm
|-damage|p2a: Milotic|48/100|[from] Sandstorm
|-heal|p1a: Milotic|96/100|[from] item: Leftovers
|-damage|p1b: Tyranitar|70/100 brn|[from] brn
|upkeep
|j| Jeniferlowpayz
|
|t:|1785672890
|switch|p2b: Ninetales|Ninetales-Alola, L50, M|42/100
|-weather|Snowscape|[from] ability: Snow Warning|[of] p2b: Ninetales
|turn|4
|l| E10 parcticeteam
|
|t:|1785672908
|switch|p2b: Gengar|Gengar, L50, F|100/100
|switch|p1b: Gholdengo|Gholdengo, L50|100/100
|move|p1a: Milotic|Protect|p1a: Milotic
|-singleturn|p1a: Milotic|Protect
|move|p2a: Milotic|Recover|p2a: Milotic
|-heal|p2a: Milotic|98/100
|
|-weather|Snowscape|[upkeep]
|-heal|p1a: Milotic|100/100|[from] item: Leftovers
|upkeep
|turn|5
|
|t:|1785672931
|detailschange|p2b: Gengar|Gengar-Mega, L50, F
|-mega|p2b: Gengar|Gengar|Gengarite
|move|p1b: Gholdengo|Shadow Ball|p2b: Gengar
|-supereffective|p2b: Gengar|1
|-damage|p2b: Gengar|5/100
|-unboost|p2b: Gengar|spd|1
|move|p2b: Gengar|Shadow Ball|p1b: Gholdengo
|-supereffective|p1b: Gholdengo|1
|-damage|p1b: Gholdengo|0 fnt
|faint|p1b: Gholdengo
|move|p1a: Milotic|Muddy Water|p2b: Gengar|[spread] p2a,p2b
|-resisted|p2a: Milotic|1
|-damage|p2a: Milotic|78/100
|-damage|p2b: Gengar|0 fnt
|-unboost|p2a: Milotic|accuracy|1
|-ability|p2a: Milotic|Competitive|boost
|-boost|p2a: Milotic|spa|2
|faint|p2b: Gengar
|move|p2a: Milotic|Hypnosis|p1a: Milotic
|-status|p1a: Milotic|slp|[from] move: Hypnosis
|
|-weather|Snowscape|[upkeep]
|upkeep
|
|t:|1785672953
|switch|p2b: Ninetales|Ninetales-Alola, L50, M|42/100
|switch|p1b: Tyranitar|Tyranitar-Mega, L50, F|70/100 brn
|-weather|Sandstorm|[from] ability: Sand Stream|[of] p1b: Tyranitar
|turn|6
|l| Jeniferlowpayz
|
|t:|1785672969
|move|p2b: Ninetales|Freeze-Dry|p1a: Milotic
|-supereffective|p1a: Milotic|1
|-damage|p1a: Milotic|55/100 slp
|cant|p1a: Milotic|slp
|move|p2a: Milotic|Coil|p2a: Milotic
|-boost|p2a: Milotic|atk|1
|-boost|p2a: Milotic|def|1
|-boost|p2a: Milotic|accuracy|1
|move|p1b: Tyranitar|Rock Slide|p2a: Milotic|[spread] p2a,p2b
|-supereffective|p2b: Ninetales|1
|-damage|p2a: Milotic|66/100
|-damage|p2b: Ninetales|0 fnt
|faint|p2b: Ninetales
|
|-weather|Sandstorm|[upkeep]
|-damage|p1a: Milotic|48/100 slp|[from] Sandstorm
|-damage|p2a: Milotic|60/100|[from] Sandstorm
|-heal|p1a: Milotic|55/100 slp|[from] item: Leftovers
|-damage|p1b: Tyranitar|64/100 brn|[from] brn
|upkeep
|turn|7
|c| Hankk1995|這世界冠軍了
|j| Jeniferlowpayz
|
|t:|1785672995
|move|p1b: Tyranitar|Protect|p1b: Tyranitar
|-singleturn|p1b: Tyranitar|Protect
|cant|p1a: Milotic|slp
|move|p2a: Milotic|Coil|p2a: Milotic
|-boost|p2a: Milotic|atk|1
|-boost|p2a: Milotic|def|1
|-boost|p2a: Milotic|accuracy|1
|
|-weather|Sandstorm|[upkeep]
|-damage|p1a: Milotic|48/100 slp|[from] Sandstorm
|-damage|p2a: Milotic|54/100|[from] Sandstorm
|-heal|p1a: Milotic|55/100 slp|[from] item: Leftovers
|-damage|p1b: Tyranitar|58/100 brn|[from] brn
|upkeep
|turn|8
|
|t:|1785673014
|-curestatus|p1a: Milotic|slp|[msg]
|move|p1a: Milotic|Recover|p1a: Milotic
|-heal|p1a: Milotic|100/100
|move|p2a: Milotic|Recover|p2a: Milotic
|-heal|p2a: Milotic|100/100
|move|p1b: Tyranitar|Knock Off|p2a: Milotic
|-damage|p2a: Milotic|90/100
|
|-weather|Sandstorm|[upkeep]
|-damage|p1a: Milotic|93/100|[from] Sandstorm
|-damage|p2a: Milotic|84/100|[from] Sandstorm
|-heal|p1a: Milotic|100/100|[from] item: Leftovers
|-damage|p1b: Tyranitar|53/100 brn|[from] brn
|upkeep
|turn|9
|
|t:|1785673042
|move|p1a: Milotic|Muddy Water|p2a: Milotic
|-resisted|p2a: Milotic|1
|-damage|p2a: Milotic|59/100
|-unboost|p2a: Milotic|accuracy|1
|-ability|p2a: Milotic|Competitive|boost
|-boost|p2a: Milotic|spa|2
|move|p2a: Milotic|Hypnosis|p1a: Milotic
|-status|p1a: Milotic|slp|[from] move: Hypnosis
|move|p1b: Tyranitar|Knock Off|p2a: Milotic
|-damage|p2a: Milotic|50/100g
|
|-weather|Sandstorm|[upkeep]
|-damage|p1a: Milotic|93/100 slp|[from] Sandstorm
|-damage|p2a: Milotic|44/100|[from] Sandstorm
|-heal|p1a: Milotic|100/100 slp|[from] item: Leftovers
|-damage|p1b: Tyranitar|47/100 brn|[from] brn
|upkeep
|turn|10
|
|t:|1785673059
|cant|p1a: Milotic|slp
|move|p1b: Tyranitar|Protect|p1b: Tyranitar
|-singleturn|p1b: Tyranitar|Protect
|move|p2a: Milotic|Recover|p2a: Milotic
|-heal|p2a: Milotic|94/100
|
|-weather|none
|-damage|p1b: Tyranitar|41/100 brn|[from] brn
|upkeep
|turn|11
|c| Jeniferlowpayz|我也想要這種催眠術
|
|t:|1785673083
|cant|p1a: Milotic|slp
|move|p2a: Milotic|Coil|p2a: Milotic
|-boost|p2a: Milotic|atk|1
|-boost|p2a: Milotic|def|1
|-boost|p2a: Milotic|accuracy|1
|move|p1b: Tyranitar|Ice Punch|p2a: Milotic
|-resisted|p2a: Milotic|1
|-crit|p2a: Milotic
|-damage|p2a: Milotic|83/100
|
|-damage|p1b: Tyranitar|35/100 brn|[from] brn
|upkeep
|turn|12
|
|t:|1785673103
|-curestatus|p1a: Milotic|slp|[msg]
|move|p1a: Milotic|Muddy Water|p2a: Milotic
|-resisted|p2a: Milotic|1
|-damage|p2a: Milotic|57/100
|move|p2a: Milotic|Muddy Water|p1b: Tyranitar|[spread] p1a,p1b
|-resisted|p1a: Milotic|1
|-supereffective|p1b: Tyranitar|1
|-damage|p1a: Milotic|75/100
|-damage|p1b: Tyranitar|0 fnt
|-unboost|p1a: Milotic|accuracy|1
|-ability|p1a: Milotic|Competitive|boost
|-boost|p1a: Milotic|spa|2
|faint|p1b: Tyranitar
|
|-heal|p1a: Milotic|81/100|[from] item: Leftovers
|upkeep
|
|t:|1785673118
|switch|p1b: Incineroar|Incineroar, L50, M|100/100
|-ability|p1b: Incineroar|Intimidate|boost
|-unboost|p2a: Milotic|atk|1
|-ability|p2a: Milotic|Competitive|boost
|-boost|p2a: Milotic|spa|2
|turn|13
|c| Wow_Yang|沒那麼誇張，反應不用太大
|
|t:|1785673136
|move|p1b: Incineroar|Fake Out|p2a: Milotic
|-damage|p2a: Milotic|53/100
|move|p1a: Milotic|Muddy Water|p2a: Milotic
|-resisted|p2a: Milotic|1
|-damage|p2a: Milotic|16/100
|-unboost|p2a: Milotic|accuracy|1
|-boost|p2a: Milotic|spa|0
|cant|p2a: Milotic|flinch
|
|-heal|p1a: Milotic|87/100|[from] item: Leftovers
|upkeep
|turn|14
|
|t:|1785673154
|move|p1a: Milotic|Muddy Water|p2a: Milotic
|-resisted|p2a: Milotic|1
|-damage|p2a: Milotic|0 fnt
|faint|p2a: Milotic
|
|win|Kotestplayer
|c|☆kuoli00021|SORRY靠賽
|c|☆Kotestplayer|Gg
|c|☆kuoli00021|感覺怎麼選都很劣 ㄏ哈
|c|☆kuoli00021|GG
|l| Luian VGC
|l| Jeniferlowpayz
|l| Midoria100
|l| benlulu
|l|☆Kotestplayer
|player|p1|
|l| Hankk1995
