|j|☆bearlover997
|j|☆That1Morpecko
|html|bearlover997That1Morpecko    
|uhtml|bestof|Game 1 of a best-of-3
|t:|1783351336
|gametype|doubles
|player|p1|bearlover997|sage|1120
|player|p2|That1Morpecko|hiker-gen4|1084
|gen|9
|tier|[Gen 9 Champions] VGC 2026 Reg M-B (Bo3)
|rated|
|rule|Species Clause: Limit one of each Pokémon
|rule|Item Clause: Limit 1 of each item
|clearpoke
|poke|p1|Dragalge, L50, M, shiny|
|poke|p1|Sinistcha, L50|
|poke|p1|Incineroar, L50, M|
|poke|p1|Grimmsnarl, L50, M|
|poke|p1|Lopunny, L50, F|
|poke|p1|Volcarona, L50, M|
|poke|p2|Archaludon, L50, M|
|poke|p2|Pelipper, L50, M|
|poke|p2|Grimmsnarl, L50, M|
|poke|p2|Metagross, L50|
|poke|p2|Sinistcha, L50|
|poke|p2|Swampert, L50, M|
|teampreview|4
|showteam|p1|Dragalge||Dragalgite|PoisonPoint|DracoMeteor,SludgeBomb,FlipTurn,Toxic|Calm||M|||50|]Sinistcha||ColburBerry|Hospitality|MatchaGotcha,StrengthSap,RagePowder,Protect|Bold|||||50|]Incineroar||SitrusBerry|Intimidate|FakeOut,PartingShot,WillOWisp,FlareBlitz|Adamant||M|||50|]Grimmsnarl||LightClay|Prankster|LightScreen,Reflect,PartingShot,SpiritBreak|Careful||M|||50|]Lopunny||Lopunnite|Limber|CloseCombat,Encore,Uturn,FakeOut|Jolly||F|||50|]Volcarona||Leftovers|FlameBody|StruggleBug,FieryDance,Protect,QuiverDance|Modest||M|||50|
|showteam|p2|Archaludon||Leftovers|Stamina|Protect,ElectroShot,FlashCannon,DragonPulse|Modest||M|||50|]Pelipper||WacanBerry|Drizzle|WideGuard,Tailwind,WeatherBall,Hurricane|Modest||M|||50|]Grimmsnarl||LightClay|Prankster|FoulPlay,PartingShot,LightScreen,Reflect|Calm||M|||50|]Metagross||Metagrossite|ClearBody|IronHead,Protect,BodyPress,PsychicFangs|Jolly|||||50|]Sinistcha||CobaBerry|Hospitality|Protect,TrickRoom,MatchaGotcha,RagePowder|Relaxed|||||50|]Swampert||Swampertite|Damp|Protect,IcePunch,WaveCrash,Earthquake|Adamant||M|||50|
|inactive|Battle timer is ON: inactive players will automatically lose when time's up. (requested by That1Morpecko)
|inactive|bearlover997 also wants the timer to be on.
|inactive|That1Morpecko has 60 seconds left.
|inactive|bearlover997 has 60 seconds left.
|
|t:|1783351374
|teamsize|p1|4
|teamsize|p2|4
|start
|switch|p1a: Volcarona|Volcarona, L50, M|100/100
|switch|p1b: Incineroar|Incineroar, L50, M|100/100
|switch|p2a: Metagross|Metagross, L50|100/100
|switch|p2b: Pelipper|Pelipper, L50, M|100/100
|-weather|RainDance|[from] ability: Drizzle|[of] p2b: Pelipper
|-ability|p1b: Incineroar|Intimidate|boost
|-fail|p2a: Metagross|unboost|[from] ability: Clear Body|[of] p2a: Metagross
|-unboost|p2b: Pelipper|atk|1
|turn|1
|
|t:|1783351395
|detailschange|p2a: Metagross|Metagross-Mega, L50
|-mega|p2a: Metagross|Metagross|Metagrossite
|move|p1b: Incineroar|Fake Out|p2b: Pelipper
|-damage|p2b: Pelipper|88/100
|move|p2a: Metagross|Psychic Fangs|p1a: Volcarona
|-damage|p1a: Volcarona|14/100
|-status|p2a: Metagross|brn|[from] ability: Flame Body|[of] p1a: Volcarona
|move|p1a: Volcarona|Quiver Dance|p1a: Volcarona
|-boost|p1a: Volcarona|spa|1
|-boost|p1a: Volcarona|spd|1
|-boost|p1a: Volcarona|spe|1
|cant|p2b: Pelipper|flinch
|
|-weather|RainDance|[upkeep]
|-heal|p1a: Volcarona|20/100y|[from] item: Leftovers
|-damage|p2a: Metagross|94/100 brn|[from] brn
|upkeep
|turn|2
|
|t:|1783351412
|move|p1a: Volcarona|Protect|p1a: Volcarona
|-singleturn|p1a: Volcarona|Protect
|move|p2a: Metagross|Psychic Fangs|p1a: Volcarona
|-activate|p1a: Volcarona|move: Protect
|move|p2b: Pelipper|Weather Ball|p1b: Incineroar
|-supereffective|p1b: Incineroar|1
|-damage|p1b: Incineroar|7/100
|-enditem|p1b: Incineroar|Sitrus Berry|[eat]
|-heal|p1b: Incineroar|32/100|[from] item: Sitrus Berry
|move|p1b: Incineroar|Parting Shot|p2b: Pelipper
|-unboost|p2b: Pelipper|atk|1
|-unboost|p2b: Pelipper|spa|1
|
|t:|1783351425
|switch|p1b: Sinistcha|Sinistcha, L50|100/100|[from] Parting Shot
|-heal|p1a: Volcarona|45/100|[from] ability: Hospitality|[of] p1b: Sinistcha
|
|-weather|RainDance|[upkeep]
|-heal|p1a: Volcarona|51/100|[from] item: Leftovers
|-damage|p2a: Metagross|88/100 brn|[from] brn
|upkeep
|turn|3
|
|t:|1783351440
|move|p1b: Sinistcha|Rage Powder|p1b: Sinistcha
|-singleturn|p1b: Sinistcha|move: Rage Powder
|move|p1a: Volcarona|Struggle Bug|p2b: Pelipper|[spread] p2a,p2b
|-resisted|p2b: Pelipper|1
|-damage|p2a: Metagross|55/100 brn
|-damage|p2b: Pelipper|66/100
|-unboost|p2a: Metagross|spa|1
|-unboost|p2b: Pelipper|spa|1
|move|p2a: Metagross|Psychic Fangs|p1b: Sinistcha
|-damage|p1b: Sinistcha|78/100
|move|p2b: Pelipper|Hurricane|p1b: Sinistcha
|-supereffective|p1b: Sinistcha|1
|-damage|p1b: Sinistcha|27/100
|
|-weather|RainDance|[upkeep]
|-heal|p1a: Volcarona|57/100|[from] item: Leftovers
|-damage|p2a: Metagross|49/100 brn|[from] brn
|upkeep
|turn|4
|
|t:|1783351460
|move|p1a: Volcarona|Quiver Dance|p1a: Volcarona
|-boost|p1a: Volcarona|spa|1
|-boost|p1a: Volcarona|spd|1
|-boost|p1a: Volcarona|spe|1
|move|p2a: Metagross|Psychic Fangs|p1a: Volcarona
|-damage|p1a: Volcarona|11/100
|move|p2b: Pelipper|Hurricane|p1b: Sinistcha
|-supereffective|p1b: Sinistcha|1
|-damage|p1b: Sinistcha|0 fnt
|faint|p1b: Sinistcha
|
|-weather|RainDance|[upkeep]
|-heal|p1a: Volcarona|17/100|[from] item: Leftovers
|-damage|p2a: Metagross|43/100 brn|[from] brn
|upkeep
|
|t:|1783351470
|switch|p1b: Incineroar|Incineroar, L50, M|32/100
|-ability|p1b: Incineroar|Intimidate|boost
|-unboost|p2a: Metagross|atk|1
|-unboost|p2b: Pelipper|atk|1
|turn|5
|
|t:|1783351476
|move|p2a: Metagross|Protect|p2a: Metagross
|-singleturn|p2a: Metagross|Protect
|move|p1b: Incineroar|Fake Out|p2b: Pelipper
|-damage|p2b: Pelipper|52/100
|move|p1a: Volcarona|Fiery Dance|p2a: Metagross
|-activate|p2a: Metagross|move: Protect
|cant|p2b: Pelipper|flinch
|
|-weather|none
|-heal|p1a: Volcarona|23/100|[from] item: Leftovers
|-damage|p2a: Metagross|37/100 brn|[from] brn
|upkeep
|turn|6
|inactive|bearlover997 has 30 seconds left.
|
|t:|1783351504
|switch|p2b: Sinistcha|Sinistcha, L50|100/100
|-heal|p2a: Metagross|62/100 brn|[from] ability: Hospitality|[of] p2b: Sinistcha
|move|p1a: Volcarona|Protect|p1a: Volcarona
|-singleturn|p1a: Volcarona|Protect
|move|p2a: Metagross|Psychic Fangs|p1a: Volcarona
|-activate|p1a: Volcarona|move: Protect
|move|p1b: Incineroar|Parting Shot|p2a: Metagross
|-unboost|p2a: Metagross|atk|1
|-unboost|p2a: Metagross|spa|1
|
|t:|1783351515
|switch|p1b: Grimmsnarl|Grimmsnarl, L50, M|100/100|[from] Parting Shot
|
|-heal|p1a: Volcarona|29/100|[from] item: Leftovers
|-damage|p2a: Metagross|56/100 brn|[from] brn
|upkeep
|turn|7
|
|t:|1783351530
|move|p2b: Sinistcha|Protect|p2b: Sinistcha
|-singleturn|p2b: Sinistcha|Protect
|move|p1b: Grimmsnarl|Parting Shot|p2a: Metagross
|-unboost|p2a: Metagross|atk|1
|-unboost|p2a: Metagross|spa|1
|
|t:|1783351535
|switch|p1b: Incineroar|Incineroar, L50, M|32/100|[from] Parting Shot
|-ability|p1b: Incineroar|Intimidate|boost
|-unboost|p2a: Metagross|atk|1
|-unboost|p2b: Sinistcha|atk|1
|move|p1a: Volcarona|Struggle Bug|p2a: Metagross|[spread] p2a
|-activate|p2b: Sinistcha|move: Protect
|-damage|p2a: Metagross|10/100 brn
|-unboost|p2a: Metagross|spa|1
|move|p2a: Metagross|Body Press|p1a: Volcarona
|-resisted|p1a: Volcarona|1
|-damage|p1a: Volcarona|17/100
|
|-heal|p1a: Volcarona|23/100|[from] item: Leftovers
|-damage|p2a: Metagross|4/100 brn|[from] brn
|upkeep
|turn|8
|
|t:|1783351551
|move|p1b: Incineroar|Fake Out|p2a: Metagross
|-resisted|p2a: Metagross|1
|-damage|p2a: Metagross|0 fnt
|faint|p2a: Metagross
|move|p1a: Volcarona|Fiery Dance|p2b: Sinistcha
|-supereffective|p2b: Sinistcha|1
|-damage|p2b: Sinistcha|0 fnt
|-boost|p1a: Volcarona|spa|1
|faint|p2b: Sinistcha
|
|-heal|p1a: Volcarona|29/100|[from] item: Leftovers
|upkeep
|
|t:|1783351558
|switch|p2a: Archaludon|Archaludon, L50, M|100/100
|switch|p2b: Pelipper|Pelipper, L50, M|52/100
|-weather|RainDance|[from] ability: Drizzle|[of] p2b: Pelipper
|turn|9
|
|t:|1783351567
|move|p1a: Volcarona|Fiery Dance|p2a: Archaludon
|-damage|p2a: Archaludon|39/100
|-boost|p1a: Volcarona|spa|1
|-ability|p2a: Archaludon|Stamina|boost
|-boost|p2a: Archaludon|def|1
|move|p2a: Archaludon|Electro Shot||[still]
|-prepare|p2a: Archaludon|Electro Shot
|-boost|p2a: Archaludon|spa|1
|-anim|p2a: Archaludon|Electro Shot|p1a: Volcarona
|-damage|p1a: Volcarona|4/100
|move|p2b: Pelipper|Weather Ball|p1a: Volcarona
|-supereffective|p1a: Volcarona|1
|-damage|p1a: Volcarona|0 fnt
|faint|p1a: Volcarona
|move|p1b: Incineroar|Flare Blitz|p2a: Archaludon
|-damage|p2a: Archaludon|26/100
|-ability|p2a: Archaludon|Stamina|boost
|-boost|p2a: Archaludon|def|1
|-damage|p1b: Incineroar|28/100|[from] Recoil
|
|-weather|RainDance|[upkeep]
|-heal|p2a: Archaludon|32/100|[from] item: Leftovers
|upkeep
|
|t:|1783351581
|switch|p1a: Grimmsnarl|Grimmsnarl, L50, M|100/100
|turn|10
|
|t:|1783351588
|move|p2a: Archaludon|Electro Shot||[still]
|-prepare|p2a: Archaludon|Electro Shot
|-boost|p2a: Archaludon|spa|1
|-anim|p2a: Archaludon|Electro Shot|p1b: Incineroar
|-damage|p1b: Incineroar|0 fnt
|faint|p1b: Incineroar
|move|p2b: Pelipper|Weather Ball|p1a: Grimmsnarl
|-damage|p1a: Grimmsnarl|55/100
|move|p1a: Grimmsnarl|Spirit Break|p2a: Archaludon
|-damage|p2a: Archaludon|20/100y
|-unboost|p2a: Archaludon|spa|1
|-ability|p2a: Archaludon|Stamina|boost
|-boost|p2a: Archaludon|def|1
|
|-weather|RainDance|[upkeep]
|-heal|p2a: Archaludon|26/100|[from] item: Leftovers
|upkeep
|turn|11
|
|t:|1783351600
|move|p2a: Archaludon|Flash Cannon|p1a: Grimmsnarl
|-supereffective|p1a: Grimmsnarl|1
|-damage|p1a: Grimmsnarl|0 fnt
|faint|p1a: Grimmsnarl
|
|win|That1Morpecko
||bearlover997 is ready for game 2.
||That1Morpecko is ready for game 2.
|uhtml|next|Next: Game 2 of 3
|l|☆bearlover997
|player|p1|
