|j|☆policho98
|j|☆p1ch1pichi
|html|policho98p1ch1pichi    
|uhtml|bestof|Game 2 of a best-of-3
|t:|1784626571
|gametype|doubles
|player|p1|policho98|2|1185
|player|p2|p1ch1pichi|n|1216
|gen|9
|tier|[Gen 9 Champions] VGC 2026 Reg M-B (Bo3)
|rated|
|rule|Species Clause: Limit one of each Pokémon
|rule|Item Clause: Limit 1 of each item
|clearpoke
|poke|p1|Aerodactyl, L50, M|
|poke|p1|Kingambit, L50, M|
|poke|p1|Sylveon, L50, F|
|poke|p1|Garchomp, L50, M|
|poke|p1|Charizard, L50, M|
|poke|p1|Incineroar, L50, F|
|poke|p2|Whimsicott, L50, M|
|poke|p2|Annihilape, L50, F|
|poke|p2|Tyranitar, L50, F, shiny|
|poke|p2|Houndstone, L50, F|
|poke|p2|Scovillain, L50, F|
|poke|p2|Glimmora, L50, F|
|teampreview|4
|showteam|p1|Aerodactyl||Aerodactylite|Unnerve|RockSlide,IceFang,Tailwind,WideGuard|Jolly||M|||50|]Kingambit||FocusSash|Defiant|KowtowCleave,SuckerPunch,IronHead,Protect|Adamant||M|||50|]Sylveon||FairyFeather|Pixilate|Detect,HyperVoice,HyperBeam,QuickAttack|Modest||F|||50|]Garchomp||LifeOrb|RoughSkin|Earthquake,DragonClaw,StompingTantrum,Protect|Jolly||M|||50|]Charizard||CharizarditeY|Blaze|Protect,HeatWave,SolarBeam,WeatherBall|Modest||M|||50|]Incineroar||SitrusBerry|Intimidate|DarkestLariat,FlareBlitz,FakeOut,PartingShot|Impish||F|||50|
|showteam|p2|Whimsicott||FairyFeather|Prankster|WorrySeed,Tailwind,Moonblast,Protect|Timid||M|||50|]Annihilape||Leftovers|Defiant|Protect,DrainPunch,RageFist,BulkUp|Jolly||F|||50|]Tyranitar||ChopleBerry|SandStream|Protect,RockSlide,KnockOff,IcePunch|Adamant||F|||50|]Houndstone||FocusSash|SandRush|Protect,AllySwitch,PhantomForce,DestinyBond|Jolly||F|||50|]Scovillain||Scovillainite|Moody|Overheat,GigaDrain,RagePowder,Protect|Calm||F|||50|]Glimmora||Glimmoranite|ToxicDebris|SpikyShield,SludgeBomb,PowerGem,EarthPower|Modest||F|||50|
|inactive|Battle timer is ON: inactive players will automatically lose when time's up. (requested by p1ch1pichi)
|
|t:|1784626596
|teamsize|p1|4
|teamsize|p2|4
|start
|switch|p1a: Sylveon|Sylveon, L50, F|100/100
|switch|p1b: Charizard|Charizard, L50, M|100/100
|switch|p2a: Houndstone|Houndstone, L50, F|100/100
|switch|p2b: Leon Kennedy|Tyranitar, L50, F, shiny|100/100
|-weather|Sandstorm|[from] ability: Sand Stream|[of] p2b: Leon Kennedy
|turn|1
|inactive|policho98 has 30 seconds left.
|inactive|p1ch1pichi has 30 seconds left.
|inactive|policho98 has 20 seconds left.
|
|t:|1784626636
|switch|p2b: Scovillain|Scovillain, L50, F|100/100
|detailschange|p1b: Charizard|Charizard-Mega-Y, L50, M
|-mega|p1b: Charizard|Charizard|Charizardite Y
|-weather|SunnyDay|[from] ability: Drought|[of] p1b: Charizard
|move|p2a: Houndstone|Protect|p2a: Houndstone
|-singleturn|p2a: Houndstone|Protect
|move|p1b: Charizard|Solar Beam||[still]
|-prepare|p1b: Charizard|Solar Beam
|-anim|p1b: Charizard|Solar Beam|p2b: Scovillain
|-resisted|p2b: Scovillain|2
|-damage|p2b: Scovillain|86/100
|move|p1a: Sylveon|Hyper Voice|p2b: Scovillain|[spread] p2b
|-activate|p2a: Houndstone|move: Protect
|-resisted|p2b: Scovillain|1
|-damage|p2b: Scovillain|61/100
|
|-weather|SunnyDay|[upkeep]
|-ability|p2b: Scovillain|Moody|boost
|-boost|p2b: Scovillain|def|2
|-unboost|p2b: Scovillain|atk|1
|upkeep
|turn|2
|inactive|policho98 has 30 seconds left.
|inactive|policho98 has 20 seconds left.
|inactive|policho98 has 15 seconds left.
|inactive|policho98 has 10 seconds left.
|inactive|policho98 has 5 seconds left.
|
|t:|1784626691
|switch|p2a: Leon Kennedy|Tyranitar, L50, F, shiny|100/100
|-weather|Sandstorm|[from] ability: Sand Stream|[of] p2a: Leon Kennedy
|detailschange|p2b: Scovillain|Scovillain-Mega, L50, F
|-mega|p2b: Scovillain|Scovillain|Scovillainite
|move|p1b: Charizard|Protect|p1b: Charizard
|-singleturn|p1b: Charizard|Protect
|move|p1a: Sylveon|Detect|p1a: Sylveon
|-singleturn|p1a: Sylveon|Protect
|move|p2b: Scovillain|Giga Drain|p1a: Sylveon
|-activate|p1a: Sylveon|move: Protect
|
|-weather|Sandstorm|[upkeep]
|-damage|p1b: Charizard|93/100|[from] Sandstorm
|-damage|p1a: Sylveon|94/100|[from] Sandstorm
|-damage|p2b: Scovillain|55/100|[from] Sandstorm
|upkeep
|turn|3
|inactive|policho98 has 30 seconds left.
|inactive|p1ch1pichi has 30 seconds left.
|inactive|policho98 has 20 seconds left.
|
|t:|1784626730
|switch|p1b: Kingambit|Kingambit, L50, M|100/100
|move|p2a: Leon Kennedy|Protect|p2a: Leon Kennedy
|-singleturn|p2a: Leon Kennedy|Protect
|move|p1a: Sylveon|Hyper Voice|p2a: Leon Kennedy|[spread] p2b
|-activate|p2a: Leon Kennedy|move: Protect
|-resisted|p2b: Scovillain|1
|-damage|p2b: Scovillain|34/100
|-status|p1a: Sylveon|brn|[from] ability: Spicy Spray|[of] p2b: Scovillain
|move|p2b: Scovillain|Overheat|p1b: Kingambit
|-supereffective|p1b: Kingambit|1
|-enditem|p1b: Kingambit|Focus Sash
|-damage|p1b: Kingambit|1/100
|-unboost|p2b: Scovillain|spa|2
|
|-weather|Sandstorm|[upkeep]
|-damage|p1a: Sylveon|88/100 brn|[from] Sandstorm
|-damage|p2b: Scovillain|29/100|[from] Sandstorm
|-damage|p1a: Sylveon|82/100 brn|[from] brn
|upkeep
|turn|4
|inactive|policho98 has 30 seconds left.
|inactive|p1ch1pichi has 30 seconds left.
|inactive|policho98 has 20 seconds left.
|inactive|p1ch1pichi has 20 seconds left.
|inactive|policho98 has 15 seconds left.
|inactive|policho98 has 10 seconds left.
|inactive|policho98 has 5 seconds left.
|
|t:|1784626785
|move|p1a: Sylveon|Detect|p1a: Sylveon
|-singleturn|p1a: Sylveon|Protect
|move|p2b: Scovillain|Protect|p2b: Scovillain
|-singleturn|p2b: Scovillain|Protect
|move|p1b: Kingambit|Kowtow Cleave|p2b: Scovillain
|-activate|p2b: Scovillain|move: Protect
|move|p2a: Leon Kennedy|Rock Slide|p1a: Sylveon|[spread] p1b
|-activate|p1a: Sylveon|move: Protect
|-resisted|p1b: Kingambit|1
|-damage|p1b: Kingambit|0 fnt
|faint|p1b: Kingambit
|
|-weather|Sandstorm|[upkeep]
|-damage|p1a: Sylveon|76/100 brn|[from] Sandstorm
|-damage|p2b: Scovillain|23/100|[from] Sandstorm
|-damage|p1a: Sylveon|70/100 brn|[from] brn
|upkeep
|
|t:|1784626804
|switch|p1b: Charizard|Charizard-Mega-Y, L50, M|93/100
|-weather|SunnyDay|[from] ability: Drought|[of] p1b: Charizard
|turn|5
|
|t:|1784626820
|switch|p1b: Garchomp|Garchomp, L50, M|100/100
|switch|p2a: Whimsicott|Whimsicott, L50, M|100/100
|move|p1a: Sylveon|Hyper Voice|p2a: Whimsicott|[spread] p2a,p2b
|-resisted|p2b: Scovillain|1
|-damage|p2a: Whimsicott|34/100
|-damage|p2b: Scovillain|2/100
|move|p2b: Scovillain|Giga Drain|p1a: Sylveon
|-crit|p1a: Sylveon
|-damage|p1a: Sylveon|35/100 brn
|-heal|p2b: Scovillain|22/100|[from] drain|[of] p1a: Sylveon
|
|-weather|SunnyDay|[upkeep]
|-damage|p1a: Sylveon|29/100 brn|[from] brn
|upkeep
|turn|6
|inactive|policho98 has 30 seconds left.
|
|t:|1784626853
|switch|p1b: Charizard|Charizard-Mega-Y, L50, M|93/100
|move|p2b: Scovillain|Rage Powder|p2b: Scovillain
|-singleturn|p2b: Scovillain|move: Rage Powder
|move|p2a: Whimsicott|Tailwind|p2a: Whimsicott
|-sidestart|p2: p1ch1pichi|move: Tailwind
|move|p1a: Sylveon|Hyper Voice|p2b: Scovillain|[spread] p2a,p2b
|-resisted|p2b: Scovillain|1
|-damage|p2a: Whimsicott|0 fnt
|-damage|p2b: Scovillain|0 fnt
|faint|p2a: Whimsicott
|faint|p2b: Scovillain
|
|-weather|SunnyDay|[upkeep]
|-damage|p1a: Sylveon|23/100 brn|[from] brn
|upkeep
|
|t:|1784626866
|switch|p2a: Leon Kennedy|Tyranitar, L50, F, shiny|100/100
|switch|p2b: Houndstone|Houndstone, L50, F|100/100
|-weather|Sandstorm|[from] ability: Sand Stream|[of] p2a: Leon Kennedy
|turn|7
|inactive|policho98 has 30 seconds left.
|inactive|p1ch1pichi has 30 seconds left.
|inactive|policho98 has 20 seconds left.
|
|t:|1784626902
|switch|p1b: Garchomp|Garchomp, L50, M|100/100
|move|p2a: Leon Kennedy|Protect|p2a: Leon Kennedy
|-singleturn|p2a: Leon Kennedy|Protect
|move|p2b: Houndstone|Phantom Force||[still]
|-prepare|p2b: Houndstone|Phantom Force
|move|p1a: Sylveon|Hyper Voice|p2a: Leon Kennedy|[spread] 
|-miss|p1a: Sylveon|p2b: Houndstone
|-activate|p2a: Leon Kennedy|move: Protect
|
|-weather|Sandstorm|[upkeep]
|-damage|p1a: Sylveon|17/100 brn|[from] Sandstorm
|-damage|p1a: Sylveon|11/100 brn|[from] brn
|upkeep
|turn|8
|
|t:|1784626921
|switch|p1a: Charizard|Charizard-Mega-Y, L50, M|93/100
|-weather|SunnyDay|[from] ability: Drought|[of] p1a: Charizard
|move|p1b: Garchomp|Protect|p1b: Garchomp
|-singleturn|p1b: Garchomp|Protect
|move|p2b: Houndstone|Phantom Force|p1a: Charizard|[from] lockedmove
|-damage|p1a: Charizard|48/100
|move|p2a: Leon Kennedy|Ice Punch|p1b: Garchomp
|-activate|p1b: Garchomp|move: Protect
|
|-weather|SunnyDay|[upkeep]
|upkeep
|turn|9
|
|t:|1784626946
|switch|p1b: Sylveon|Sylveon, L50, F|11/100 brn
|move|p1a: Charizard|Protect|p1a: Charizard
|-singleturn|p1a: Charizard|Protect
|move|p2b: Houndstone|Destiny Bond|p2b: Houndstone
|-singlemove|p2b: Houndstone|Destiny Bond
|move|p2a: Leon Kennedy|Ice Punch|p1b: Sylveon
|-damage|p1b: Sylveon|0 fnt
|faint|p1b: Sylveon
|
|-weather|SunnyDay|[upkeep]
|-sideend|p2: p1ch1pichi|move: Tailwind
|upkeep
|
|t:|1784626959
|switch|p1b: Garchomp|Garchomp, L50, M|100/100
|turn|10
|
|t:|1784626972
|move|p2b: Houndstone|Ally Switch|p2b: Houndstone
|swap|p2b: Houndstone|0|[from] move: Ally Switch
|move|p1b: Garchomp|Earthquake|p2b: Leon Kennedy|[spread] p2a,p2b
|-immune|p1a: Charizard
|-supereffective|p2b: Leon Kennedy|1
|-damage|p2a: Houndstone|33/100
|-damage|p2b: Leon Kennedy|7/100
|-damage|p1b: Garchomp|90/100|[from] item: Life Orb
|move|p1a: Charizard|Solar Beam||[still]
|-prepare|p1a: Charizard|Solar Beam
|-anim|p1a: Charizard|Solar Beam|p2a: Houndstone
|-damage|p2a: Houndstone|0 fnt
|faint|p2a: Houndstone
|move|p2b: Leon Kennedy|Ice Punch|p1b: Garchomp
|-supereffective|p1b: Garchomp|2
|-damage|p1b: Garchomp|0 fnt
|-damage|p2b: Leon Kennedy|0 fnt|[from] ability: Rough Skin|[of] p1b: Garchomp
|faint|p1b: Garchomp
|faint|p2b: Leon Kennedy
|
|win|policho98
|inactive|policho98 has 30 seconds to confirm battle start!
|inactive|p1ch1pichi has 30 seconds to confirm battle start!
|inactive|policho98 has 20 seconds to confirm battle start!
|inactive|p1ch1pichi has 20 seconds to confirm battle start!
||policho98 is ready for game 3.
|raw|policho98's rating: 1185 → 1212(+27 for winning)
|raw|p1ch1pichi's rating: 1216 → 1189(-27 for losing)
|l|☆policho98
|player|p1|
