|j|☆Artere Happy
|j|☆nupe_123
|html|Artere Happynupe_123    
|uhtml|bestof|Game 2 of a best-of-3
|t:|1785160778
|gametype|doubles
|player|p1|Artere Happy|medium|1079
|player|p2|nupe_123|169|1112
|gen|9
|tier|[Gen 9 Champions] VGC 2026 Reg M-B (Bo3)
|rated|
|rule|Species Clause: Limit one of each Pokémon
|rule|Item Clause: Limit 1 of each item
|clearpoke
|poke|p1|Venusaur, L50, F|
|poke|p1|Mamoswine, L50, M|
|poke|p1|Charizard, L50, F|
|poke|p1|Garchomp, L50, M|
|poke|p1|Sylveon, L50, M|
|poke|p1|Incineroar, L50, F|
|poke|p2|Froslass, L50, F|
|poke|p2|Garchomp, L50, M, shiny|
|poke|p2|Incineroar, L50, F, shiny|
|poke|p2|Kingambit, L50, F, shiny|
|poke|p2|Glimmora, L50, F|
|poke|p2|Farigiraf, L50, M, shiny|
|teampreview|4
|showteam|p1|Venusaur||LifeOrb|Chlorophyll|SolarBeam,SludgeBomb,EarthPower,Protect|Modest||F|||50|]Mamoswine||FocusSash|Oblivious|HighHorsepower,RockTomb,IceShard,Protect|Jolly||M|||50|]Charizard||CharizarditeY|Blaze|HeatWave,WeatherBall,HelpingHand,Protect|Modest||F|||50|]Garchomp||ChoiceScarf|RoughSkin|Earthquake,DragonClaw,RockSlide,StompingTantrum|Adamant||M|||50|]Sylveon||FairyFeather|Pixilate|Detect,HyperVoice,Moonblast,Yawn|Modest||M|||50|]Incineroar||SitrusBerry|Intimidate|FakeOut,PartingShot,FlareBlitz,DarkestLariat|Careful||F|||50|
|showteam|p2|Froslass||Froslassite|CursedBody|Blizzard,ShadowBall,AuroraVeil,Protect|Timid||F|||50|]Garchomp||LifeOrb|RoughSkin|RockSlide,DragonClaw,StompingTantrum,Protect|Jolly||M|||50|]Incineroar||SitrusBerry|Intimidate|FlareBlitz,ThroatChop,FakeOut,PartingShot|Impish||F|||50|]Kingambit||BlackGlasses|Defiant|KowtowCleave,SuckerPunch,LowKick,Protect|Brave||F|||50|]Glimmora||FocusSash|ToxicDebris|PowerGem,SludgeBomb,EarthPower,SpikyShield|Modest||F|||50|]Farigiraf||ColburBerry|ArmorTail|Psychic,Thunderbolt,TrickRoom,HelpingHand|Relaxed||M|||50|
|inactive|Battle timer is ON: inactive players will automatically lose when time's up. (requested by Artere Happy)
|
|t:|1785160805
|teamsize|p1|4
|teamsize|p2|4
|start
|switch|p1a: Mamoswine|Mamoswine, L50, M|100/100
|switch|p1b: Charizard|Charizard, L50, F|100/100
|switch|p2a: Incineroar|Incineroar, L50, F, shiny|100/100
|switch|p2b: Garchomp|Garchomp, L50, M, shiny|100/100
|-ability|p2a: Incineroar|Intimidate|boost
|-fail|p1a: Mamoswine|unboost|Attack|[from] ability: Oblivious|[of] p1a: Mamoswine
|-unboost|p1b: Charizard|atk|1
|turn|1
|inactive|Artere Happy has 30 seconds left.
|inactive|nupe_123 has 30 seconds left.
|
|t:|1785160838
|move|p1a: Mamoswine|Protect|p1a: Mamoswine
|-singleturn|p1a: Mamoswine|Protect
|move|p1b: Charizard|Protect|p1b: Charizard
|-singleturn|p1b: Charizard|Protect
|move|p2a: Incineroar|Fake Out|p1a: Mamoswine
|-activate|p1a: Mamoswine|move: Protect
|move|p2b: Garchomp|Rock Slide|p1b: Charizard|[spread] 
|-activate|p1a: Mamoswine|move: Protect
|-activate|p1b: Charizard|move: Protect
|
|upkeep
|turn|2
|
|t:|1785160856
|switch|p1b: Incineroar|Incineroar, L50, F|100/100
|-ability|p1b: Incineroar|Intimidate|boost
|-unboost|p2a: Incineroar|atk|1
|-unboost|p2b: Garchomp|atk|1
|move|p2b: Garchomp|Protect|p2b: Garchomp
|-singleturn|p2b: Garchomp|Protect
|move|p1a: Mamoswine|High Horsepower|p2a: Incineroar
|-supereffective|p2a: Incineroar|1
|-damage|p2a: Incineroar|25/100
|-enditem|p2a: Incineroar|Sitrus Berry|[eat]
|-heal|p2a: Incineroar|50/100y|[from] item: Sitrus Berry
|move|p2a: Incineroar|Parting Shot|p1b: Incineroar
|-unboost|p1b: Incineroar|atk|1
|-unboost|p1b: Incineroar|spa|1
|
|t:|1785160867
|switch|p2a: Glimmora|Glimmora, L50, F|100/100|[from] Parting Shot
|
|upkeep
|turn|3
|
|t:|1785160879
|switch|p2b: Froslass|Froslass, L50, F|100/100
|move|p2a: Glimmora|Spiky Shield|p2a: Glimmora
|-singleturn|p2a: Glimmora|move: Protect
|move|p1b: Incineroar|Fake Out|p2a: Glimmora
|-activate|p2a: Glimmora|move: Protect
|-damage|p1b: Incineroar|87/100|[from] Spiky Shield|[of] p2a: Glimmora
|move|p1a: Mamoswine|High Horsepower|p2a: Glimmora
|-activate|p2a: Glimmora|move: Protect
|-damage|p1a: Mamoswine|87/100|[from] Spiky Shield|[of] p2a: Glimmora
|
|upkeep
|turn|4
|
|t:|1785160898
|detailschange|p2b: Froslass|Froslass-Mega, L50, F
|-mega|p2b: Froslass|Froslass|Froslassite
|-weather|Snowscape|[from] ability: Snow Warning|[of] p2b: Froslass
|move|p1a: Mamoswine|Protect|p1a: Mamoswine
|-singleturn|p1a: Mamoswine|Protect
|move|p2b: Froslass|Blizzard|p1a: Mamoswine|[spread] p1b
|-activate|p1a: Mamoswine|move: Protect
|-resisted|p1b: Incineroar|1
|-damage|p1b: Incineroar|72/100
|move|p2a: Glimmora|Power Gem|p1b: Incineroar
|-supereffective|p1b: Incineroar|1
|-damage|p1b: Incineroar|10/100
|-enditem|p1b: Incineroar|Sitrus Berry|[eat]
|-heal|p1b: Incineroar|35/100|[from] item: Sitrus Berry
|move|p1b: Incineroar|Parting Shot|p2b: Froslass
|-unboost|p2b: Froslass|atk|1
|-unboost|p2b: Froslass|spa|1
|
|t:|1785160909
|switch|p1b: Charizard|Charizard, L50, F|100/100|[from] Parting Shot
|
|-weather|Snowscape|[upkeep]
|upkeep
|turn|5
|
|t:|1785160931
|switch|p2b: Incineroar|Incineroar, L50, F, shiny|50/100y
|-ability|p2b: Incineroar|Intimidate|boost
|-fail|p1a: Mamoswine|unboost|Attack|[from] ability: Oblivious|[of] p1a: Mamoswine
|-unboost|p1b: Charizard|atk|1
|detailschange|p1b: Charizard|Charizard-Mega-Y, L50, F
|-mega|p1b: Charizard|Charizard|Charizardite Y
|-weather|SunnyDay|[from] ability: Drought|[of] p1b: Charizard
|move|p2a: Glimmora|Spiky Shield|p2a: Glimmora
|-singleturn|p2a: Glimmora|move: Protect
|move|p1a: Mamoswine|High Horsepower|p2a: Glimmora
|-activate|p2a: Glimmora|move: Protect
|-damage|p1a: Mamoswine|75/100|[from] Spiky Shield|[of] p2a: Glimmora
|move|p1b: Charizard|Heat Wave|p2a: Glimmora|[spread] p2b
|-activate|p2a: Glimmora|move: Protect
|-resisted|p2b: Incineroar|1
|-damage|p2b: Incineroar|21/100
|
|-weather|SunnyDay|[upkeep]
|upkeep
|turn|6
|inactive|nupe_123 has 30 seconds left.
|inactive|Artere Happy has 30 seconds left.
|
|t:|1785160964
|switch|p1b: Incineroar|Incineroar, L50, F|35/100
|-ability|p1b: Incineroar|Intimidate|boost
|-unboost|p2a: Glimmora|atk|1
|-unboost|p2b: Incineroar|atk|1
|move|p2b: Incineroar|Fake Out|p1a: Mamoswine
|-damage|p1a: Mamoswine|67/100
|cant|p1a: Mamoswine|flinch
|move|p2a: Glimmora|Power Gem|p1b: Incineroar
|-supereffective|p1b: Incineroar|1
|-damage|p1b: Incineroar|0 fnt
|faint|p1b: Incineroar
|
|-weather|SunnyDay|[upkeep]
|upkeep
|
|t:|1785160971
|switch|p1b: Sylveon|Sylveon, L50, M|100/100
|turn|7
|
|t:|1785160987
|move|p2a: Glimmora|Spiky Shield|p2a: Glimmora
|-singleturn|p2a: Glimmora|move: Protect
|move|p1a: Mamoswine|High Horsepower|p2a: Glimmora
|-activate|p2a: Glimmora|move: Protect
|-damage|p1a: Mamoswine|54/100|[from] Spiky Shield|[of] p2a: Glimmora
|move|p1b: Sylveon|Hyper Voice|p2a: Glimmora|[spread] p2b
|-activate|p2a: Glimmora|move: Protect
|-damage|p2b: Incineroar|0 fnt
|faint|p2b: Incineroar
|
|-weather|SunnyDay|[upkeep]
|upkeep
|
|t:|1785161001
|switch|p2b: Froslass|Froslass-Mega, L50, F|100/100
|-weather|Snowscape|[from] ability: Snow Warning|[of] p2b: Froslass
|turn|8
|
|t:|1785161022
|switch|p1a: Charizard|Charizard-Mega-Y, L50, F|100/100
|-weather|SunnyDay|[from] ability: Drought|[of] p1a: Charizard
|move|p2b: Froslass|Blizzard|p1a: Charizard|[spread] p1a
|-miss|p2b: Froslass|p1b: Sylveon
|-damage|p1a: Charizard|63/100
|move|p2a: Glimmora|Sludge Bomb|p1b: Sylveon
|-supereffective|p1b: Sylveon|1
|-damage|p1b: Sylveon|28/100
|move|p1b: Sylveon|Hyper Voice|p2b: Froslass|[spread] p2a,p2b
|-resisted|p2a: Glimmora|1
|-damage|p2a: Glimmora|68/100
|-damage|p2b: Froslass|44/100
|
|-weather|SunnyDay|[upkeep]
|upkeep
|turn|9
|
|t:|1785161042
|switch|p1b: Mamoswine|Mamoswine, L50, M|54/100
|move|p1a: Charizard|Protect|p1a: Charizard
|-singleturn|p1a: Charizard|Protect
|move|p2b: Froslass|Shadow Ball|p1b: Mamoswine
|-damage|p1b: Mamoswine|0 fnt
|faint|p1b: Mamoswine
|move|p2a: Glimmora|Power Gem|p1a: Charizard
|-activate|p1a: Charizard|move: Protect
|
|-weather|SunnyDay|[upkeep]
|upkeep
|
|t:|1785161049
|switch|p1b: Sylveon|Sylveon, L50, M|28/100
|turn|10
|
|t:|1785161057
|move|p2b: Froslass|Shadow Ball|p1b: Sylveon
|-damage|p1b: Sylveon|0 fnt
|faint|p1b: Sylveon
|move|p2a: Glimmora|Power Gem|p1a: Charizard
|-supereffective|p1a: Charizard|2
|-damage|p1a: Charizard|0 fnt
|faint|p1a: Charizard
|
|win|nupe_123
||Artere Happy is ready for game 3.
||nupe_123 is ready for game 3.
|uhtml|next|Next: Game 3 of 3
|l|☆Artere Happy
|player|p1|
