|j|☆DragonCloak99
|j|☆luka008
|html|DragonCloak99luka008    
|uhtml|bestof|Game 1 of a best-of-3
|t:|1783349927
|gametype|doubles
|player|p1|DragonCloak99|lance|1000
|player|p2|luka008|colress|1105
|gen|9
|tier|[Gen 9 Champions] VGC 2026 Reg M-B (Bo3)
|rated|
|rule|Species Clause: Limit one of each Pokémon
|rule|Item Clause: Limit 1 of each item
|clearpoke
|poke|p1|Sceptile, L50, M|
|poke|p1|Rotom-Heat, L50|
|poke|p1|Basculegion, L50, M|
|poke|p1|Aerodactyl, L50, M|
|poke|p1|Garchomp, L50, M|
|poke|p1|Floette-Eternal, L50, F|
|poke|p2|Gholdengo, L50|
|poke|p2|Incineroar, L50, M|
|poke|p2|Garchomp, L50, M|
|poke|p2|Charizard, L50, M|
|poke|p2|Whimsicott, L50, F|
|poke|p2|Basculegion, L50, M|
|teampreview|4
|showteam|p1|Sceptile||Sceptilite|Overgrow|GrassKnot,DragonPulse,EarthPower,Detect|Timid||M|||50|]Rotom-Heat||ChoiceScarf|Levitate|Thunderbolt,Overheat,VoltSwitch,Discharge|Timid|||||50|]Basculegion||SitrusBerry|Adaptability|WaveCrash,LastRespects,AquaJet,Protect|Adamant||M|||50|]Aerodactyl||FocusSash|Unnerve|RockSlide,DualWingbeat,Tailwind,WideGuard|Jolly||M|||50|]Garchomp||LifeOrb|RoughSkin|DragonClaw,Earthquake,RockSlide,Protect|Jolly||M|||50|]Floette-Eternal||Floettite|FlowerVeil|Moonblast,DazzlingGleam,LightofRuin,Protect|Timid||F|||50|
|showteam|p2|Gholdengo||MetalCoat|GoodasGold|MakeItRain,ShadowBall,NastyPlot,Protect|Modest|||||50|]Incineroar||SitrusBerry|Intimidate|FakeOut,FlareBlitz,PartingShot,ThroatChop|Impish||M|||50|]Garchomp||LifeOrb|RoughSkin|Earthquake,DragonClaw,RockSlide,Protect|Jolly||M|||50|]Charizard||CharizarditeY|Blaze|HeatWave,SolarBeam,WeatherBall,Protect|Modest||M|||50|]Whimsicott||FocusSash|Prankster|Tailwind,Encore,Moonblast,Protect|Timid||F|||50|]Basculegion||MysticWater|Adaptability|LastRespects,AquaJet,WaveCrash,Protect|Adamant||M|||50|
|inactive|Battle timer is ON: inactive players will automatically lose when time's up. (requested by DragonCloak99)
|
|t:|1783350000
|teamsize|p1|4
|teamsize|p2|4
|start
|switch|p1a: Rotom|Rotom-Heat, L50|100/100
|switch|p1b: Sceptile|Sceptile, L50, M|100/100
|switch|p2a: Incineroar|Incineroar, L50, M|100/100
|switch|p2b: Basculegion|Basculegion, L50, M|100/100
|-ability|p2a: Incineroar|Intimidate|boost
|-unboost|p1a: Rotom|atk|1
|-unboost|p1b: Sceptile|atk|1
|turn|1
|inactive|DragonCloak99 has 30 seconds left.
|inactive|luka008 has 30 seconds left.
|
|t:|1783350030
|switch|p1a: Garchomp|Garchomp, L50, M|100/100
|detailschange|p1b: Sceptile|Sceptile-Mega, L50, M
|-mega|p1b: Sceptile|Sceptile|Sceptilite
|move|p1b: Sceptile|Detect|p1b: Sceptile
|-singleturn|p1b: Sceptile|Protect
|move|p2a: Incineroar|Fake Out|p1b: Sceptile
|-activate|p1b: Sceptile|move: Protect
|move|p2b: Basculegion|Wave Crash|p1a: Garchomp
|-damage|p1a: Garchomp|0 fnt
|-damage|p2b: Basculegion|87/100|[from] ability: Rough Skin|[of] p1a: Garchomp
|faint|p1a: Garchomp
|-damage|p2b: Basculegion|58/100|[from] Recoil
|
|upkeep
|
|t:|1783350043
|switch|p1a: Rotom|Rotom-Heat, L50|100/100
|turn|2
|
|t:|1783350063
|switch|p2b: Gholdengo|Gholdengo, L50|100/100
|move|p1a: Rotom|Discharge|p2a: Incineroar|[spread] p2a,p2b
|-ability|p1b: Sceptile|Lightning Rod|boost
|-boost|p1b: Sceptile|spa|1
|-damage|p2a: Incineroar|76/100
|-damage|p2b: Gholdengo|67/100
|-status|p2b: Gholdengo|par
|move|p1b: Sceptile|Earth Power|p2a: Incineroar
|-supereffective|p2a: Incineroar|1
|-damage|p2a: Incineroar|0 fnt
|faint|p2a: Incineroar
|
|upkeep
|
|t:|1783350076
|switch|p2a: Whimsicott|Whimsicott, L50, F|100/100
|turn|3
|inactive|luka008 has 30 seconds left.
|
|t:|1783350110
|move|p2b: Gholdengo|Protect|p2b: Gholdengo
|-singleturn|p2b: Gholdengo|Protect
|move|p2a: Whimsicott|Encore|p1b: Sceptile
|-start|p1b: Sceptile|Encore
|move|p1a: Rotom|Discharge|p2b: Gholdengo|[spread] p2a
|-activate|p2b: Gholdengo|move: Protect
|-ability|p1b: Sceptile|Lightning Rod|boost
|-boost|p1b: Sceptile|spa|1
|-resisted|p2a: Whimsicott|1
|-damage|p2a: Whimsicott|76/100
|move|p1b: Sceptile|Earth Power|p2b: Gholdengo
|-activate|p2b: Gholdengo|move: Protect
|
|upkeep
|turn|4
|inactive|DragonCloak99 has 30 seconds left.
|inactive|luka008 has 30 seconds left.
|
|t:|1783350140
|move|p1a: Rotom|Discharge|p2b: Gholdengo|[spread] p2a,p2b
|-ability|p1b: Sceptile|Lightning Rod|boost
|-boost|p1b: Sceptile|spa|1
|-resisted|p2a: Whimsicott|1
|-damage|p2a: Whimsicott|54/100
|-damage|p2b: Gholdengo|39/100 par
|move|p1b: Sceptile|Earth Power|p2a: Whimsicott
|-resisted|p2a: Whimsicott|1
|-damage|p2a: Whimsicott|0 fnt
|faint|p2a: Whimsicott
|move|p2b: Gholdengo|Make It Rain|p1b: Sceptile|[spread] p1a,p1b
|-resisted|p1a: Rotom|2
|-damage|p1a: Rotom|81/100
|-damage|p1b: Sceptile|21/100
|-unboost|p2b: Gholdengo|spa|2
|
|upkeep
|
|t:|1783350147
|switch|p2a: Basculegion|Basculegion, L50, M|58/100
|turn|5
|
|t:|1783350166
|move|p1a: Rotom|Discharge|p2b: Gholdengo|[spread] p2a,p2b
|-ability|p1b: Sceptile|Lightning Rod|boost
|-boost|p1b: Sceptile|spa|1
|-supereffective|p2a: Basculegion|1
|-damage|p2a: Basculegion|0 fnt
|-damage|p2b: Gholdengo|8/100 par
|faint|p2a: Basculegion
|move|p1b: Sceptile|Earth Power|p2b: Gholdengo
|-supereffective|p2b: Gholdengo|1
|-damage|p2b: Gholdengo|0 fnt
|faint|p2b: Gholdengo
|
|win|DragonCloak99
||luka008 is ready for game 2.
|inactive|DragonCloak99 has 30 seconds to confirm battle start!
||DragonCloak99 is ready for game 2.
|uhtml|next|Next: Game 2 of 3
