|j|☆wenopoly
|j|☆itangood5
|html|wenopolyitangood5    
|uhtml|bestof|Game 3 of a best-of-3
|t:|1783319913
|gametype|doubles
|player|p1|wenopoly|102|1073
|player|p2|itangood5|nate|1092
|gen|9
|tier|[Gen 9 Champions] VGC 2026 Reg M-B (Bo3)
|rated|
|rule|Species Clause: Limit one of each Pokémon
|rule|Item Clause: Limit 1 of each item
|clearpoke
|poke|p1|Venusaur, L50, M|
|poke|p1|Sinistcha, L50|
|poke|p1|Pelipper, L50, M|
|poke|p1|Archaludon, L50, M|
|poke|p1|Swampert, L50, M|
|poke|p1|Grimmsnarl, L50, M|
|poke|p2|Charizard, L50, M, shiny|
|poke|p2|Venusaur, L50, M|
|poke|p2|Floette-Eternal, L50, F|
|poke|p2|Farigiraf, L50, M|
|poke|p2|Incineroar, L50, M, shiny|
|poke|p2|Azumarill, L50, F|
|teampreview|4
|showteam|p1|Venusaur||Venusaurite|Chlorophyll|GigaDrain,EarthPower,SludgeBomb,Protect|Calm||M|||50|]Sinistcha||CobaBerry|Hospitality|MatchaGotcha,RagePowder,TrickRoom,LifeDew|Relaxed|||||50|]Pelipper||SitrusBerry|Drizzle|Hurricane,Tailwind,WeatherBall,WideGuard|Serious||M|||50|]Archaludon||Leftovers|Stamina|ElectroShot,DragonPulse,FlashCannon,Protect|Modest||M|||50|]Swampert||Swampertite|Torrent|WaveCrash,Earthquake,IcePunch,Protect|Adamant||M|||50|]Grimmsnarl||LightClay|Prankster|FoulPlay,PartingShot,Reflect,LightScreen|Calm||M|||50|
|showteam|p2|Charizard||CharizarditeY|SolarPower|HeatWave,Protect,WeatherBall,SolarBeam|Modest||M|||50|]Venusaur||FocusSash|Chlorophyll|LeafStorm,EarthPower,SludgeBomb,SleepPowder|Timid||M|||50|]Floette-Eternal||Floettite|FlowerVeil|Moonblast,CalmMind,DrainingKiss,Protect|Modest||F|||50|]Farigiraf||SitrusBerry|ArmorTail|PsychicNoise,Roar,HelpingHand,TrickRoom|Bold||M|||50|]Incineroar||WhiteHerb|Intimidate|CloseCombat,FlareBlitz,PartingShot,FakeOut|Brave||M|||50|]Azumarill||LifeOrb|HugePower|Liquidation,PlayRough,Protect,AquaJet|Brave||F|||50|
|inactive|Battle timer is ON: inactive players will automatically lose when time's up. (requested by itangood5)
|
|t:|1783319926
|teamsize|p1|4
|teamsize|p2|4
|start
|switch|p1a: Swampert|Swampert, L50, M|100/100
|switch|p1b: Pelipper|Pelipper, L50, M|100/100
|switch|p2a: Rookie|Floette-Eternal, L50, F|100/100
|switch|p2b: Boss battle|Incineroar, L50, M, shiny|100/100
|-weather|RainDance|[from] ability: Drizzle|[of] p1b: Pelipper
|-ability|p2b: Boss battle|Intimidate|boost
|-unboost|p1a: Swampert|atk|1
|-unboost|p1b: Pelipper|atk|1
|turn|1
|inactive|wenopoly has 30 seconds left.
|
|t:|1783319953
|detailschange|p2a: Rookie|Floette-Mega, L50, F
|-mega|p2a: Rookie|Floette|Floettite
|-ability|p2a: Rookie|Fairy Aura
|detailschange|p1a: Swampert|Swampert-Mega, L50, M
|-mega|p1a: Swampert|Swampert|Swampertite
|move|p2b: Boss battle|Fake Out|p1a: Swampert
|-damage|p1a: Swampert|90/100
|cant|p1a: Swampert|flinch
|move|p2a: Rookie|Calm Mind|p2a: Rookie
|-boost|p2a: Rookie|spa|1
|-boost|p2a: Rookie|spd|1
|move|p1b: Pelipper|Tailwind|p1b: Pelipper
|-sidestart|p1: wenopoly|move: Tailwind
|
|-weather|RainDance|[upkeep]
|upkeep
|turn|2
|
|t:|1783319975
|move|p1a: Swampert|Wave Crash|p2a: Rookie
|-damage|p2a: Rookie|8/100
|-damage|p1a: Swampert|65/100|[from] Recoil
|move|p1b: Pelipper|Weather Ball|p2b: Boss battle
|-supereffective|p2b: Boss battle|1
|-damage|p2b: Boss battle|7/100
|move|p2a: Rookie|Draining Kiss|p1a: Swampert
|-damage|p1a: Swampert|13/100
|-heal|p2a: Rookie|55/100|[from] drain|[of] p1a: Swampert
|move|p2b: Boss battle|Parting Shot|p1b: Pelipper
|-unboost|p1b: Pelipper|atk|1
|-unboost|p1b: Pelipper|spa|1
|
|t:|1783319988
|switch|p2b: Az|Azumarill, L50, F|100/100|[from] Parting Shot
|
|-weather|RainDance|[upkeep]
|upkeep
|turn|3
|
|t:|1783319996
|move|p1a: Swampert|Protect|p1a: Swampert
|-singleturn|p1a: Swampert|Protect
|move|p2b: Az|Aqua Jet|p1a: Swampert
|-activate|p1a: Swampert|move: Protect
|move|p1b: Pelipper|Weather Ball|p2a: Rookie
|-damage|p2a: Rookie|35/100
|move|p2a: Rookie|Draining Kiss|p1b: Pelipper
|-damage|p1b: Pelipper|24/100
|-heal|p2a: Rookie|95/100|[from] drain|[of] p1b: Pelipper
|-enditem|p1b: Pelipper|Sitrus Berry|[eat]
|-heal|p1b: Pelipper|49/100|[from] item: Sitrus Berry
|
|-weather|RainDance|[upkeep]
|upkeep
|turn|4
|
|t:|1783320013
|switch|p1b: Sinistcha|Sinistcha, L50|100/100
|-heal|p1a: Swampert|38/100|[from] ability: Hospitality|[of] p1b: Sinistcha
|move|p2b: Az|Aqua Jet|p1a: Swampert
|-damage|p1a: Swampert|2/100
|-damage|p2b: Az|90/100|[from] item: Life Orb
|move|p1a: Swampert|Wave Crash|p2a: Rookie
|-damage|p2a: Rookie|10/100
|-damage|p1a: Swampert|0 fnt|[from] Recoil
|faint|p1a: Swampert
|move|p2a: Rookie|Moonblast|p1b: Sinistcha
|-damage|p1b: Sinistcha|0 fnt
|faint|p1b: Sinistcha
|
|-weather|RainDance|[upkeep]
|-sideend|p1: wenopoly|move: Tailwind
|upkeep
|
|t:|1783320029
|switch|p1a: Archaludon|Archaludon, L50, M|100/100
|switch|p1b: Pelipper|Pelipper, L50, M|49/100
|turn|5
|
|t:|1783320038
|move|p2a: Rookie|Moonblast|p1a: Archaludon
|-damage|p1a: Archaludon|0 fnt
|faint|p1a: Archaludon
|move|p1b: Pelipper|Hurricane|p2a: Rookie
|-damage|p2a: Rookie|0 fnt
|faint|p2a: Rookie
|move|p2b: Az|Play Rough|p1b: Pelipper
|-damage|p1b: Pelipper|0 fnt
|faint|p1b: Pelipper
|-damage|p2b: Az|80/100|[from] item: Life Orb
|
|win|itangood5
|raw|wenopoly's rating: 1073 → 1053(-20 for losing)
|raw|itangood5's rating: 1092 → 1117(+25 for winning)
