|j|‽Dr3ntel
|j|☆EQof1
|html|Dr3ntelEQof1    
|uhtml|bestof|Game 3 of a best-of-3
|t:|1782327107
|gametype|doubles
|player|p1|Dr3ntel|2|1078
|player|p2|EQof1|170|1083
|gen|9
|tier|[Gen 9 Champions] VGC 2026 Reg M-B (Bo3)
|rated|
|rule|Species Clause: Limit one of each Pokémon
|rule|Item Clause: Limit 1 of each item
|clearpoke
|poke|p1|Raichu, L50, F|
|poke|p1|Incineroar, L50, M|
|poke|p1|Vanilluxe, L50, M|
|poke|p1|Basculegion, L50, M|
|poke|p1|Sneasler, L50, M|
|poke|p1|Dragonite, L50, M|
|poke|p2|Garchomp, L50, F|
|poke|p2|Oranguru, L50, F|
|poke|p2|Incineroar, L50, F|
|poke|p2|Sylveon, L50, M|
|poke|p2|Venusaur, L50, M|
|poke|p2|Corviknight, L50, F|
|teampreview|4
|showteam|p1|Raichu||RaichuniteY|LightningRod|ZapCannon,FocusBlast,Substitute,Protect|Timid||F|||50|]Incineroar||Charcoal|Intimidate|FlareBlitz,ThroatChop,FakeOut,PartingShot|Adamant||M|||50|]Vanilluxe||ChoiceScarf|SnowWarning|Blizzard,FreezeDry,IcyWind,SheerCold|Timid||M|||50|]Basculegion||SitrusBerry|Adaptability|WaveCrash,LastRespects,AquaJet,Protect|Adamant||M|||50|]Sneasler||FocusSash|PoisonTouch|PoisonJab,CloseCombat,FakeOut,Protect|Jolly||M|||50|]Dragonite||DragonFang|Multiscale|DragonClaw,ExtremeSpeed,LowKick,Protect|Adamant||M|||50|
|showteam|p2|Garchomp||Garchompite|SandVeil|Earthquake,DragonClaw,RockSlide,Protect|Adamant||F|||50|]Oranguru||ColburBerry|Telepathy|Instruct,TrickRoom,Psychic,Protect|Sassy||F|||50|]Incineroar||SitrusBerry|Intimidate|FlareBlitz,ThroatChop,PartingShot,FakeOut|Adamant||F|||50|]Sylveon||FairyFeather|Pixilate|HyperVoice,HyperBeam,QuickAttack,Detect|Quiet||M|||50|]Venusaur||Venusaurite|Overgrow|GigaDrain,SludgeBomb,EarthPower,Protect|Calm||M|||50|]Corviknight||Leftovers|MirrorArmor|BraveBird,IronHead,Tailwind,BulkUp|Adamant||F|||50|
|inactive|Battle timer is ON: inactive players will automatically lose when time's up. (requested by Dr3ntel)
|
|t:|1782327133
|teamsize|p1|4
|teamsize|p2|4
|start
|switch|p1a: Raichu|Raichu, L50, F|100/100
|switch|p1b: Vanilluxe|Vanilluxe, L50, M|100/100
|switch|p2a: Incineroar|Incineroar, L50, F|100/100
|switch|p2b: Oranguru|Oranguru, L50, F|100/100
|-weather|Snowscape|[from] ability: Snow Warning|[of] p1b: Vanilluxe
|-ability|p2a: Incineroar|Intimidate|boost
|-unboost|p1a: Raichu|atk|1
|-unboost|p1b: Vanilluxe|atk|1
|turn|1
|inactive|EQof1 has 30 seconds left.
|
|t:|1782327160
|detailschange|p1a: Raichu|Raichu-Mega-Y, L50, F
|-mega|p1a: Raichu|Raichu|Raichunite Y
|move|p1b: Vanilluxe|Blizzard|p2a: Incineroar|[spread] p2a,p2b
|-resisted|p2a: Incineroar|1
|-damage|p2a: Incineroar|83/100
|-damage|p2b: Oranguru|72/100
|move|p1a: Raichu|Zap Cannon|p2b: Oranguru
|-damage|p2b: Oranguru|27/100
|-status|p2b: Oranguru|par
|move|p2a: Incineroar|Parting Shot|p1b: Vanilluxe
|-unboost|p1b: Vanilluxe|atk|1
|-unboost|p1b: Vanilluxe|spa|1
|
|t:|1782327168
|switch|p2a: Sylveon|Sylveon, L50, M|100/100|[from] Parting Shot
|move|p2b: Oranguru|Trick Room|p2b: Oranguru
|-fieldstart|move: Trick Room|[of] p2b: Oranguru
|
|-weather|Snowscape|[upkeep]
|upkeep
|turn|2
|
|t:|1782327179
|move|p2b: Oranguru|Protect|p2b: Oranguru
|-singleturn|p2b: Oranguru|Protect
|move|p2a: Sylveon|Hyper Voice|p1a: Raichu|[spread] p1a,p1b
|-damage|p1a: Raichu|42/100
|-damage|p1b: Vanilluxe|42/100
|move|p1a: Raichu|Zap Cannon|p2a: Sylveon
|-damage|p2a: Sylveon|53/100
|-status|p2a: Sylveon|par
|move|p1b: Vanilluxe|Blizzard|p2a: Sylveon|[spread] p2a
|-activate|p2b: Oranguru|move: Protect
|-damage|p2a: Sylveon|34/100 par
|
|-weather|Snowscape|[upkeep]
|upkeep
|turn|3
|
|t:|1782327190
|switch|p1a: Incineroar|Incineroar, L50, M|100/100
|-ability|p1a: Incineroar|Intimidate|boost
|-unboost|p2a: Sylveon|atk|1
|-unboost|p2b: Oranguru|atk|1
|switch|p1b: Sneasler|Sneasler, L50, M|100/100
|move|p2b: Oranguru|Instruct|p2a: Sylveon
|-singleturn|p2a: Sylveon|move: Instruct|[of] p2b: Oranguru
|move|p2a: Sylveon|Hyper Voice|p1a: Incineroar|[spread] p1a,p1b
|-damage|p1a: Incineroar|48/100
|-damage|p1b: Sneasler|38/100
|move|p2a: Sylveon|Hyper Voice|p1b: Sneasler|[spread] p1a,p1b
|-crit|p1b: Sneasler
|-damage|p1a: Incineroar|0 fnt
|-damage|p1b: Sneasler|0 fnt
|faint|p1a: Incineroar
|faint|p1b: Sneasler
|
|-weather|Snowscape|[upkeep]
|upkeep
|
|t:|1782327199
|switch|p1a: Raichu|Raichu-Mega-Y, L50, F|42/100
|switch|p1b: Vanilluxe|Vanilluxe, L50, M|42/100
|turn|4
|
|t:|1782327206
|move|p1a: Raichu|Protect|p1a: Raichu
|-singleturn|p1a: Raichu|Protect
|move|p2b: Oranguru|Instruct|p2a: Sylveon
|-singleturn|p2a: Sylveon|move: Instruct|[of] p2b: Oranguru
|move|p2a: Sylveon|Hyper Voice|p1b: Vanilluxe|[spread] p1b
|-activate|p1a: Raichu|move: Protect
|-damage|p1b: Vanilluxe|0 fnt
|faint|p1b: Vanilluxe
|cant|p2a: Sylveon|par
|
|-weather|Snowscape|[upkeep]
|upkeep
|turn|5
|
|t:|1782327220
|move|p1a: Raichu|Protect|p1a: Raichu
|-singleturn|p1a: Raichu|Protect
|move|p2a: Sylveon|Hyper Voice|p1a: Raichu
|-activate|p1a: Raichu|move: Protect
|move|p2b: Oranguru|Instruct|p2a: Sylveon
|-singleturn|p2a: Sylveon|move: Instruct|[of] p2b: Oranguru
|move|p2a: Sylveon|Hyper Voice|p1a: Raichu
|-activate|p1a: Raichu|move: Protect
|
|-weather|none
|-fieldend|move: Trick Room
|upkeep
|turn|6
|
|t:|1782327233
|switch|p2a: Garchomp|Garchomp, L50, F|100/100
|cant|p2b: Oranguru|par
|move|p1a: Raichu|Zap Cannon|p2a: Garchomp
|-immune|p2a: Garchomp
|
|upkeep
|turn|7
|-message|Dr3ntel forfeited.
|raw|Dr3ntel's rating: 1078 → 1057(-21 for losing)
|raw|EQof1's rating: 1083 → 1110(+27 for winning)
|
|win|EQof1
|l|‽Dr3ntel
|player|p1|
