|j|☆fortree21utube
|j|☆Il Mule
|html|fortree21utubeIl Mule    
|uhtml|bestof|Game 2 of a best-of-3
|t:|1756460065
|gametype|doubles
|player|p1|fortree21utube|169|1394
|player|p2|Il Mule|salvatore|1465
|gen|9
|tier|[Gen 9] VGC 2025 Reg H (Bo3)
|rated|
|rule|Species Clause: Limit one of each Pokémon
|rule|Item Clause: Limit 1 of each item
|clearpoke
|poke|p1|Pawmot, L50, M|
|poke|p1|Typhlosion-Hisui, L50, F|
|poke|p1|Weezing-Galar, L50, M|
|poke|p1|Toedscruel, L50, F|
|poke|p1|Corviknight, L50, M|
|poke|p1|Garchomp, L50, M|
|poke|p2|Corviknight, L50, M|
|poke|p2|Garchomp, L50, M|
|poke|p2|Tyranitar, L50, M|
|poke|p2|Gholdengo, L50|
|poke|p2|Sneasler, L50, M|
|poke|p2|Incineroar, L50, M|
|teampreview|4
|showteam|p1|Pawmot||FocusSash|VoltAbsorb|DoubleShock,CloseCombat,FakeOut,Protect|||M|||50|,,,,,Electric]Typhlosion-Hisui||ChoiceScarf|Frisk|Eruption,HeatWave,ShadowBall,SleepTalk|||F|||50|,,,,,Fire]Weezing-Galar||ChoiceSpecs|NeutralizingGas|StrangeSteam,DazzlingGleam,SludgeBomb,Flamethrower|||M|||50|,,,,,Water]Toedscruel||CovertCloak|MyceliumMight|EarthPower,Taunt,Spore,RagePowder|||F|||50|,,,,,Water]Corviknight||SitrusBerry|MirrorArmor|BraveBird,Tailwind,Roost,Protect|||M|||50|,,,,,Dragon]Garchomp||LifeOrb|RoughSkin|Earthquake,StompingTantrum,DragonClaw,Protect|||M|||50|,,,,,Ground
|showteam|p2|Corviknight||CovertCloak|MirrorArmor|BraveBird,Taunt,Roost,Tailwind|||M|||50|,,,,,Dragon]Garchomp||ClearAmulet|RoughSkin|Earthquake,DragonClaw,StompingTantrum,Protect|||M|||50|,,,,,Steel]Tyranitar||AssaultVest|SandStream|RockSlide,KnockOff,TeraBlast,LowKick|||M|||50|,,,,,Flying]Gholdengo||LifeOrb|GoodasGold|MakeItRain,ShadowBall,NastyPlot,Protect||||||50|,,,,,Water]Sneasler||WhiteHerb|Unburden|DireClaw,CloseCombat,Coaching,Protect|||M|||50|,,,,,Ghost]Incineroar||SitrusBerry|Intimidate|FlareBlitz,WillOWisp,PartingShot,FakeOut|||M|||50|,,,,,Grass
|
|t:|1756460091
|teamsize|p1|4
|teamsize|p2|4
|start
|switch|p1a: Corviknight|Corviknight, L50, M|100/100
|switch|p1b: Garchomp|Garchomp, L50, M|100/100
|switch|p2a: Corviknight|Corviknight, L50, M, shiny|100/100
|switch|p2b: Incineroar|Incineroar, L50, M|100/100
|-ability|p2b: Incineroar|Intimidate|boost
|-ability|p1a: Corviknight|Mirror Armor
|-unboost|p2b: Incineroar|atk|1
|-unboost|p1b: Garchomp|atk|1
|turn|1
|
|t:|1756460113
|move|p1b: Garchomp|Earthquake|p2a: Corviknight|[spread] p2b
|-immune|p1a: Corviknight
|-immune|p2a: Corviknight
|-supereffective|p2b: Incineroar
|-damage|p2b: Incineroar|41/100
|-enditem|p2b: Incineroar|Sitrus Berry|[eat]
|-heal|p2b: Incineroar|66/100|[from] item: Sitrus Berry
|-damage|p1b: Garchomp|91/100|[from] item: Life Orb
|move|p2a: Corviknight|Taunt|p1a: Corviknight
|-start|p1a: Corviknight|move: Taunt
|move|p2b: Incineroar|Will-O-Wisp|p1b: Garchomp
|-status|p1b: Garchomp|brn
|cant|p1a: Corviknight|move: Taunt|Tailwind
|
|-damage|p1b: Garchomp|85/100 brn|[from] brn
|upkeep
|turn|2
|
|t:|1756460136
|switch|p2b: Garchomp|Garchomp, L50, M|100/100
|move|p1b: Garchomp|Earthquake|p2a: Corviknight|[spread] p2b
|-immune|p1a: Corviknight
|-immune|p2a: Corviknight
|-damage|p2b: Garchomp|86/100
|-damage|p1b: Garchomp|75/100 brn|[from] item: Life Orb
|move|p2a: Corviknight|Tailwind|p2a: Corviknight
|-sidestart|p2: Il Mule|move: Tailwind
|move|p1a: Corviknight|Brave Bird|p2b: Garchomp
|-damage|p2b: Garchomp|47/100
|-damage|p1a: Corviknight|88/100|[from] ability: Rough Skin|[of] p2b: Garchomp
|-damage|p1a: Corviknight|77/100|[from] Recoil
|
|-damage|p1b: Garchomp|69/100 brn|[from] brn
|upkeep
|turn|3
|
|t:|1756460173
|move|p1b: Garchomp|Protect|p1b: Garchomp
|-singleturn|p1b: Garchomp|Protect
|move|p2b: Garchomp|Dragon Claw|p1a: Corviknight
|-resisted|p1a: Corviknight
|-damage|p1a: Corviknight|60/100
|move|p2a: Corviknight|Brave Bird|p1a: Corviknight
|-resisted|p1a: Corviknight
|-damage|p1a: Corviknight|44/100
|-enditem|p1a: Corviknight|Sitrus Berry|[eat]
|-heal|p1a: Corviknight|69/100|[from] item: Sitrus Berry
|-damage|p2a: Corviknight|95/100|[from] Recoil
|move|p1a: Corviknight|Brave Bird|p2b: Garchomp
|-damage|p2b: Garchomp|9/100
|-damage|p1a: Corviknight|57/100|[from] ability: Rough Skin|[of] p2b: Garchomp
|-damage|p1a: Corviknight|46/100|[from] Recoil
|
|-damage|p1b: Garchomp|63/100 brn|[from] brn
|-end|p1a: Corviknight|move: Taunt
|upkeep
|turn|4
|
|t:|1756460197
|move|p1a: Corviknight|Protect|p1a: Corviknight
|-singleturn|p1a: Corviknight|Protect
|move|p2b: Garchomp|Dragon Claw|p1b: Garchomp
|-supereffective|p1b: Garchomp
|-damage|p1b: Garchomp|0 fnt
|-damage|p2b: Garchomp|0 fnt|[from] ability: Rough Skin|[of] p1b: Garchomp
|faint|p1b: Garchomp
|faint|p2b: Garchomp
|move|p2a: Corviknight|Taunt|p1a: Corviknight
|-activate|p1a: Corviknight|move: Protect
|
|upkeep
|
|t:|1756460210
|switch|p2b: Sneasler|Sneasler, L50, M|100/100
|switch|p1b: Pawmot|Pawmot, L50, M|100/100
|turn|5
|
|t:|1756460242
|move|p2b: Sneasler|Protect|p2b: Sneasler
|-singleturn|p2b: Sneasler|Protect
|move|p1b: Pawmot|Fake Out|p2b: Sneasler
|-activate|p2b: Sneasler|move: Protect
|move|p2a: Corviknight|Taunt|p1a: Corviknight
|-start|p1a: Corviknight|move: Taunt
|move|p1a: Corviknight|Brave Bird|p2b: Sneasler
|-activate|p2b: Sneasler|move: Protect
|
|-sideend|p2: Il Mule|move: Tailwind
|upkeep
|turn|6
|
|t:|1756460272
|move|p2b: Sneasler|Close Combat|p1b: Pawmot
|-damage|p1b: Pawmot|8/100
|-unboost|p2b: Sneasler|def|1
|-unboost|p2b: Sneasler|spd|1
|-enditem|p2b: Sneasler|White Herb
|-clearnegativeboost|p2b: Sneasler|[silent]
|move|p1b: Pawmot|Close Combat|p2a: Corviknight
|-damage|p2a: Corviknight|46/100
|-unboost|p1b: Pawmot|def|1
|-unboost|p1b: Pawmot|spd|1
|move|p2a: Corviknight|Tailwind|p2a: Corviknight
|-sidestart|p2: Il Mule|move: Tailwind
|move|p1a: Corviknight|Brave Bird|p2b: Sneasler
|-supereffective|p2b: Sneasler
|-damage|p2b: Sneasler|0 fnt
|faint|p2b: Sneasler
|-damage|p1a: Corviknight|19/100|[from] Recoil
|
|upkeep
|
|t:|1756460285
|switch|p2b: Incineroar|Incineroar, L50, M|66/100
|-ability|p2b: Incineroar|Intimidate|boost
|-ability|p1a: Corviknight|Mirror Armor
|-unboost|p2b: Incineroar|atk|1
|-unboost|p1b: Pawmot|atk|1
|turn|7
|
|t:|1756460319
|move|p1b: Pawmot|Protect|p1b: Pawmot
|-singleturn|p1b: Pawmot|Protect
|move|p2a: Corviknight|Roost|p2a: Corviknight
|-heal|p2a: Corviknight|96/100
|-singleturn|p2a: Corviknight|move: Roost
|move|p2b: Incineroar|Flare Blitz|p1b: Pawmot
|-activate|p1b: Pawmot|move: Protect
|move|p1a: Corviknight|Brave Bird|p2b: Incineroar
|-damage|p2b: Incineroar|35/100
|-damage|p1a: Corviknight|9/100|[from] Recoil
|
|-end|p1a: Corviknight|move: Taunt
|upkeep
|turn|8
|inactive|Battle timer is ON: inactive players will automatically lose when time's up. (requested by Il Mule)
|
|t:|1756460385
|move|p2a: Corviknight|Brave Bird|p1b: Pawmot
|-damage|p1b: Pawmot|0 fnt
|faint|p1b: Pawmot
|-damage|p2a: Corviknight|94/100|[from] Recoil
|move|p2b: Incineroar|Flare Blitz|p1a: Corviknight
|-supereffective|p1a: Corviknight
|-damage|p1a: Corviknight|0 fnt
|faint|p1a: Corviknight
|-damage|p2b: Incineroar|32/100|[from] Recoil
|
|upkeep
|
|t:|1756460398
|switch|p1a: Typhlosion|Typhlosion-Hisui, L50, F|100/100
|-item|p2a: Corviknight|Covert Cloak|[from] ability: Frisk|[of] p1a: Typhlosion
|turn|9
|
|t:|1756460406
|-terastallize|p2a: Corviknight|Dragon
|move|p1a: Typhlosion|Shadow Ball|p2b: Incineroar
|-resisted|p2b: Incineroar
|-damage|p2b: Incineroar|16/100
|-unboost|p2b: Incineroar|spd|1
|move|p2a: Corviknight|Brave Bird|p1a: Typhlosion
|-damage|p1a: Typhlosion|39/100
|-damage|p2a: Corviknight|79/100|[from] Recoil
|move|p2b: Incineroar|Parting Shot|p1a: Typhlosion
|-unboost|p1a: Typhlosion|atk|1
|-unboost|p1a: Typhlosion|spa|1
|
|-sideend|p2: Il Mule|move: Tailwind
|upkeep
|turn|10
|
|t:|1756460423
|move|p1a: Typhlosion|Shadow Ball|p2a: Corviknight
|-damage|p2a: Corviknight|50/100
|move|p2a: Corviknight|Brave Bird|p1a: Typhlosion
|-damage|p1a: Typhlosion|0 fnt
|faint|p1a: Typhlosion
|-damage|p2a: Corviknight|41/100|[from] Recoil
|
|win|Il Mule
|l|☆fortree21utube
|player|p1|
||Il Mule is ready for game 3.
||fortree21utube is ready for game 3.
|uhtml|next|Next: Game 3 of 3
|j|☆fortree21utube
|player|p1|fortree21utube|169|
|l|☆Il Mule
|player|p2|
|l|☆fortree21utube
|player|p1|
|j|☆fortree21utube
|player|p1|fortree21utube|169|
