|j|☆EmekaD
|j|☆lux raymundi
|html|EmekaDlux raymundi    
|uhtml|bestof|Game 1 of a best-of-3
|t:|1782249638
|gametype|doubles
|player|p1|EmekaD|alain|1055
|player|p2|lux raymundi|169|1142
|gen|9
|tier|[Gen 9 Champions] VGC 2026 Reg M-B (Bo3)
|rated|
|rule|Species Clause: Limit one of each Pokémon
|rule|Item Clause: Limit 1 of each item
|clearpoke
|poke|p1|Lycanroc-Dusk, L50, F|
|poke|p1|Sneasler, L50, M|
|poke|p1|Scovillain, L50, M|
|poke|p1|Basculegion, L50, M|
|poke|p1|Froslass, L50, F|
|poke|p1|Kingambit, L50, F|
|poke|p2|Pelipper, L50, F|
|poke|p2|Swampert, L50, M|
|poke|p2|Basculegion, L50, M|
|poke|p2|Incineroar, L50, F|
|poke|p2|Floette-Eternal, L50, F|
|poke|p2|Archaludon, L50, M|
|teampreview|4
|showteam|p1|Lycanroc-Dusk||FocusSash|ToughClaws|RockSlide,CloseCombat,Accelerock,Protect|Adamant||F|||50|]Sneasler||WhiteHerb|Unburden|CloseCombat,GunkShot,FakeOut,Protect|Jolly||M|||50|]Scovillain||Scovillainite|Moody|Overheat,GigaDrain,RagePowder,Protect|Bold||M|||50|]Basculegion||SitrusBerry|Adaptability|WaveCrash,LastRespects,AquaJet,Protect|Adamant||M|||50|]Froslass||Froslassite|SnowCloak|Blizzard,ShadowBall,AuroraVeil,Protect|Modest||F|||50|]Kingambit||BlackGlasses|Defiant|KowtowCleave,SuckerPunch,SwordsDance,Protect|Adamant||F|||50|
|showteam|p2|Pelipper||FocusSash|Drizzle|WeatherBall,Tailwind,Hurricane,WideGuard|Modest||F|||50|]Swampert||Swampertite|Torrent|WaveCrash,Earthquake,HighHorsepower,Protect|Adamant||M|||50|]Basculegion||ChoiceScarf|Adaptability|WaveCrash,FlipTurn,LastRespects,AquaJet|Jolly||M|||50|]Incineroar||SitrusBerry|Intimidate|FakeOut,ThroatChop,WillOWisp,PartingShot|Serious||F|||50|]Floette-Eternal||Floettite|FlowerVeil|CalmMind,DrainingKiss,Moonblast,Protect|Modest||F|||50|]Archaludon||Leftovers|Stamina|ElectroShot,DragonPulse,FlashCannon,Protect|Modest||M|||50|
|inactive|Battle timer is ON: inactive players will automatically lose when time's up. (requested by EmekaD)
|inactive|EmekaD has 60 seconds left.
|
|t:|1782249702
|teamsize|p1|4
|teamsize|p2|4
|start
|switch|p1a: Sneasler|Sneasler, L50, M|100/100
|switch|p1b: Basculegion|Basculegion, L50, M|100/100
|switch|p2a: Pelipper|Pelipper, L50, F|100/100
|switch|p2b: Archaludon|Archaludon, L50, M|100/100
|-weather|RainDance|[from] ability: Drizzle|[of] p2a: Pelipper
|turn|1
|
|t:|1782249723
|move|p1b: Basculegion|Protect|p1b: Basculegion
|-singleturn|p1b: Basculegion|Protect
|move|p1a: Sneasler|Close Combat|p2b: Archaludon
|-supereffective|p2b: Archaludon|1
|-crit|p2b: Archaludon
|-damage|p2b: Archaludon|0 fnt
|-unboost|p1a: Sneasler|def|1
|-unboost|p1a: Sneasler|spd|1
|faint|p2b: Archaludon
|-enditem|p1a: Sneasler|White Herb
|-clearnegativeboost|p1a: Sneasler|[silent]
|move|p2a: Pelipper|Tailwind|p2a: Pelipper
|-sidestart|p2: lux raymundi|move: Tailwind
|
|-weather|RainDance|[upkeep]
|upkeep
|
|t:|1782249737
|switch|p2b: Basculegion|Basculegion, L50, M|100/100
|turn|2
|inactive|EmekaD has 30 seconds left.
|inactive|EmekaD has 20 seconds left.
|inactive|EmekaD has 15 seconds left.
|
|t:|1782249779
|move|p1b: Basculegion|Aqua Jet|p2a: Pelipper
|-resisted|p2a: Pelipper|1
|-damage|p2a: Pelipper|79/100
|move|p2b: Basculegion|Flip Turn|p1b: Basculegion
|-resisted|p1b: Basculegion|1
|-damage|p1b: Basculegion|75/100
|
|t:|1782249785
|switch|p2b: Swampert|Swampert, L50, M|100/100|[from] Flip Turn
|move|p1a: Sneasler|Gunk Shot|p2a: Pelipper
|-damage|p2a: Pelipper|14/100
|-status|p2a: Pelipper|psn
|move|p2a: Pelipper|Hurricane|p1a: Sneasler
|-supereffective|p1a: Sneasler|1
|-damage|p1a: Sneasler|0 fnt
|faint|p1a: Sneasler
|
|-weather|RainDance|[upkeep]
|-damage|p2a: Pelipper|2/100 psn|[from] psn
|upkeep
|
|t:|1782249807
|switch|p1a: Scovillain|Scovillain, L50, M|100/100
|turn|3
|inactive|EmekaD has 30 seconds left.
|inactive|lux raymundi has 30 seconds left.
|inactive|EmekaD has 20 seconds left.
|
|t:|1782249844
|detailschange|p2b: Swampert|Swampert-Mega, L50, M
|-mega|p2b: Swampert|Swampert|Swampertite
|move|p1a: Scovillain|Protect|p1a: Scovillain
|-singleturn|p1a: Scovillain|Protect
|move|p2b: Swampert|Earthquake|p1a: Scovillain|[spread] p1b
|-activate|p1a: Scovillain|move: Protect
|-immune|p2a: Pelipper
|-damage|p1b: Basculegion|39/100
|-enditem|p1b: Basculegion|Sitrus Berry|[eat]
|-heal|p1b: Basculegion|63/100|[from] item: Sitrus Berry
|move|p2a: Pelipper|Hurricane|p1a: Scovillain
|-activate|p1a: Scovillain|move: Protect
|move|p1b: Basculegion|Wave Crash|p2b: Swampert
|-damage|p2b: Swampert|11/100
|-damage|p1b: Basculegion|35/100|[from] Recoil
|
|-weather|RainDance|[upkeep]
|-damage|p2a: Pelipper|0 fnt|[from] psn
|faint|p2a: Pelipper
|-ability|p1a: Scovillain|Moody|boost
|-boost|p1a: Scovillain|spa|2
|-unboost|p1a: Scovillain|spd|1
|upkeep
|
|t:|1782249868
|switch|p2a: Basculegion|Basculegion, L50, M|100/100
|turn|4
|inactive|EmekaD has 30 seconds left.
|
|t:|1782249894
|move|p1b: Basculegion|Aqua Jet|p2b: Swampert
|-damage|p2b: Swampert|0 fnt
|faint|p2b: Swampert
|move|p2a: Basculegion|Last Respects|p1a: Scovillain
|-damage|p1a: Scovillain|0 fnt
|faint|p1a: Scovillain
|
|-weather|RainDance|[upkeep]
|-sideend|p2: lux raymundi|move: Tailwind
|upkeep
|
|t:|1782249901
|switch|p1a: Froslass|Froslass, L50, F|100/100
|turn|5
|inactive|lux raymundi has 30 seconds left.
|inactive|lux raymundi has 20 seconds left.
|inactive|lux raymundi has 15 seconds left.
|inactive|lux raymundi has 10 seconds left.
|inactive|lux raymundi has 5 seconds left.
|
|t:|1782249955
|detailschange|p1a: Froslass|Froslass-Mega, L50, F
|-mega|p1a: Froslass|Froslass|Froslassite
|-weather|Snowscape|[from] ability: Snow Warning|[of] p1a: Froslass
|move|p2a: Basculegion|Last Respects|p1b: Basculegion
|-supereffective|p1b: Basculegion|1
|-damage|p1b: Basculegion|0 fnt
|faint|p1b: Basculegion
|move|p1a: Froslass|Shadow Ball|p2a: Basculegion
|-supereffective|p2a: Basculegion|1
|-damage|p2a: Basculegion|4/100
|
|-weather|Snowscape|[upkeep]
|upkeep
|turn|6
|
|t:|1782249974
|move|p2a: Basculegion|Last Respects|p1a: Froslass
|-supereffective|p1a: Froslass|1
|-damage|p1a: Froslass|0 fnt
|faint|p1a: Froslass
|
|win|lux raymundi
