|j|☆I am the Sweeper
|j|☆jokkebrok
|html|I am the Sweeperjokkebrok    
|uhtml|bestof|Game 2 of a best-of-3
|t:|1756370766
|gametype|doubles
|player|p1|I am the Sweeper|janitor|1124
|player|p2|jokkebrok|larry|1112
|gen|9
|tier|[Gen 9] VGC 2025 Reg H (Bo3)
|rated|
|rule|Species Clause: Limit one of each Pokémon
|rule|Item Clause: Limit 1 of each item
|clearpoke
|poke|p1|Garganacl, L50, F|
|poke|p1|Dondozo, L50, M|
|poke|p1|Sneasler, L50, F|
|poke|p1|Gholdengo, L50|
|poke|p1|Ninetales-Alola, L50, M|
|poke|p1|Incineroar, L50, M|
|poke|p2|Greninja-*, L50, M|
|poke|p2|Annihilape, L50, M|
|poke|p2|Pelipper, L50, M|
|poke|p2|Basculegion, L50, M|
|poke|p2|Archaludon, L50, M|
|poke|p2|Dragapult, L50, M|
|teampreview|4
|showteam|p1|Garganacl||MarangaBerry|PurifyingSalt|SaltCure,StealthRock,Protect,Recover|||F|||50|,,,,,Flying]Dondozo||Leftovers|Unaware|Liquidation,Yawn,Curse,Protect|||M|||50|,,,,,Poison]Sneasler||FocusSash|PoisonTouch|DireClaw,CloseCombat,Coaching,Protect|||F|||50|,,,,,Ghost]Gholdengo||ChoiceScarf|GoodasGold|MakeItRain,ShadowBall,Trick,PowerGem||||||50|,,,,,Steel]Ninetales-Alola||NeverMeltIce|SnowWarning|Blizzard,FreezeDry,Protect,AuroraVeil|||M|||50|,,,,,Ice]Incineroar||AssaultVest|Intimidate|FlareBlitz,KnockOff,FakeOut,DrainPunch|||M|||50|,,,,,Grass
|showteam|p2|Greninja||LoadedDice|Protean|WaterShuriken,ShadowSneak,Haze,Protect|||M|||50|,,,,,Ghost]Annihilape||ChoiceScarf|Defiant|RageFist,CloseCombat,FinalGambit,Uturn|||M|||50|,,,,,Steel]Pelipper||FocusSash|Drizzle|Tailwind,Hurricane,WeatherBall,Protect|||M|||50|,,,,,Ground]Basculegion||LifeOrb|SwiftSwim|FlipTurn,WaveCrash,LastRespects,Protect|||M|||50|,,,,,Ghost]Archaludon||AssaultVest|Stamina|BodyPress,HeavySlam,ElectroShot,DragonPulse|||M|||50|,,,,,Grass]Dragapult||ChoiceBand|ClearBody|DragonDarts,PhantomForce,Outrage,Uturn|||M|||50|,,,,,Dragon
|inactive|Battle timer is ON: inactive players will automatically lose when time's up. (requested by jokkebrok)
|
|t:|1756370816
|teamsize|p1|4
|teamsize|p2|4
|start
|switch|p1a: Garganacl|Garganacl, L50, F|100/100
|switch|p1b: Incineroar|Incineroar, L50, M|100/100
|switch|p2a: Dragapult|Dragapult, L50, M|100/100
|switch|p2b: Annihilape|Annihilape, L50, M|100/100
|-ability|p1b: Incineroar|Intimidate|boost
|-fail|p2a: Dragapult|unboost|[from] ability: Clear Body|[of] p2a: Dragapult
|-unboost|p2b: Annihilape|atk|1
|-ability|p2b: Annihilape|Defiant|boost
|-boost|p2b: Annihilape|atk|2
|turn|1
|inactive|I am the Sweeper has 30 seconds left.
|inactive|I am the Sweeper has 20 seconds left.
|inactive|I am the Sweeper has 15 seconds left.
|inactive|I am the Sweeper has 10 seconds left.
|inactive|I am the Sweeper has 5 seconds left.
|
|t:|1756370869
|-terastallize|p2a: Dragapult|Dragon
|-terastallize|p1a: Garganacl|Flying
|move|p2b: Annihilape|Final Gambit|p1a: Garganacl
|-damage|p1a: Garganacl|11/100
|faint|p2b: Annihilape
|-enditem|p1a: Garganacl|Maranga Berry|[eat]
|-boost|p1a: Garganacl|spd|1|[from] item: Maranga Berry
|move|p2a: Dragapult|Outrage|p1b: Incineroar
|-damage|p1b: Incineroar|0 fnt
|faint|p1b: Incineroar
|move|p1a: Garganacl|Salt Cure|p2a: Dragapult
|-damage|p2a: Dragapult|80/100
|-start|p2a: Dragapult|Salt Cure
|
|-damage|p2a: Dragapult|68/100|[from] Salt Cure
|upkeep
|
|t:|1756370887
|switch|p2b: Pelipper|Pelipper, L50, M|100/100
|switch|p1b: Gholdengo|Gholdengo, L50|100/100
|-weather|RainDance|[from] ability: Drizzle|[of] p2b: Pelipper
|turn|2
|inactive|I am the Sweeper has 30 seconds left.
|inactive|I am the Sweeper has 20 seconds left.
|inactive|I am the Sweeper has 15 seconds left.
|
|t:|1756370929
|switch|p1a: Ninetales|Ninetales-Alola, L50, M|100/100
|-weather|Snowscape|[from] ability: Snow Warning|[of] p1a: Ninetales
|move|p1b: Gholdengo|Trick|p2b: Pelipper
|-activate|p1b: Gholdengo|move: Trick|[of] p2b: Pelipper
|-item|p2b: Pelipper|Choice Scarf|[from] move: Trick
|-item|p1b: Gholdengo|Focus Sash|[from] move: Trick
|move|p2a: Dragapult|Outrage|p1a: Ninetales|[from] lockedmove
|-immune|p1a: Ninetales
|-start|p2a: Dragapult|confusion|[fatigue]
|move|p2b: Pelipper|Weather Ball|p1a: Ninetales
|-resisted|p1a: Ninetales
|-damage|p1a: Ninetales|88/100
|
|-weather|Snowscape|[upkeep]
|-damage|p2a: Dragapult|55/100|[from] Salt Cure
|upkeep
|turn|3
|inactive|I am the Sweeper has 30 seconds left.
|inactive|jokkebrok has 30 seconds left.
|inactive|I am the Sweeper has 20 seconds left.
|inactive|I am the Sweeper has 15 seconds left.
|inactive|I am the Sweeper has 10 seconds left.
|
|t:|1756370976
|switch|p2a: Archaludon|Archaludon, L50, M|100/100
|move|p1a: Ninetales|Freeze-Dry|p2b: Pelipper
|-supereffective|p2b: Pelipper
|-damage|p2b: Pelipper|0 fnt
|faint|p2b: Pelipper
|move|p1b: Gholdengo|Make It Rain|p2a: Archaludon
|-resisted|p2a: Archaludon
|-damage|p2a: Archaludon|80/100
|-unboost|p1b: Gholdengo|spa|1
|-ability|p2a: Archaludon|Stamina|boost
|-boost|p2a: Archaludon|def|1
|
|-weather|Snowscape|[upkeep]
|upkeep
|
|t:|1756370988
|switch|p2b: Dragapult|Dragapult, L50, M, tera:Dragon|55/100
|turn|4
|inactive|I am the Sweeper has 30 seconds left.
|inactive|I am the Sweeper has 20 seconds left.
|inactive|I am the Sweeper has 15 seconds left.
|inactive|I am the Sweeper has 10 seconds left.
|inactive|I am the Sweeper has 5 seconds left.
|
|t:|1756371040
|move|p2b: Dragapult|Phantom Force||[still]
|-prepare|p2b: Dragapult|Phantom Force
|move|p1a: Ninetales|Blizzard|p2a: Archaludon|[spread] p2a
|-miss|p1a: Ninetales|p2b: Dragapult
|-damage|p2a: Archaludon|53/100
|-ability|p2a: Archaludon|Stamina|boost
|-boost|p2a: Archaludon|def|1
|move|p1b: Gholdengo|Shadow Ball|p2a: Archaludon
|-damage|p2a: Archaludon|34/100
|-ability|p2a: Archaludon|Stamina|boost
|-boost|p2a: Archaludon|def|1
|move|p2a: Archaludon|Dragon Pulse|p1b: Gholdengo
|-resisted|p1b: Gholdengo
|-damage|p1b: Gholdengo|77/100
|
|-weather|Snowscape|[upkeep]
|upkeep
|turn|5
|inactive|I am the Sweeper has 30 seconds left.
|
|t:|1756371073
|switch|p1b: Garganacl|Garganacl, L50, F, tera:Flying|11/100
|move|p2b: Dragapult|Phantom Force|p1b: Garganacl|[from] lockedmove
|-damage|p1b: Garganacl|0 fnt
|faint|p1b: Garganacl
|move|p1a: Ninetales|Blizzard|p2a: Archaludon|[spread] p2a,p2b
|-supereffective|p2b: Dragapult
|-damage|p2a: Archaludon|11/100
|-damage|p2b: Dragapult|0 fnt
|-ability|p2a: Archaludon|Stamina|boost
|-boost|p2a: Archaludon|def|1
|faint|p2b: Dragapult
|move|p2a: Archaludon|Heavy Slam|p1a: Ninetales
|-supereffective|p1a: Ninetales
|-damage|p1a: Ninetales|0 fnt
|faint|p1a: Ninetales
|
|-weather|Snowscape|[upkeep]
|upkeep
|
|t:|1756371092
|switch|p1b: Gholdengo|Gholdengo, L50|77/100
|turn|6
|
|t:|1756371100
|move|p1b: Gholdengo|Shadow Ball|p2a: Archaludon
|-crit|p2a: Archaludon
|-damage|p2a: Archaludon|0 fnt
|faint|p2a: Archaludon
|
|win|I am the Sweeper
|raw|I am the Sweeper's rating: 1124 → 1148(+24 for winning)
|raw|jokkebrok's rating: 1112 → 1088(-24 for losing)
