|j|☆Notbad4first
|j|☆viatles
|html|Notbad4firstviatles    
|uhtml|bestof|Game 3 of a best-of-3
|t:|1757630457
|gametype|doubles
|player|p1|Notbad4first|2|1009
|player|p2|viatles|hiker|1017
|gen|9
|tier|[Gen 9] VGC 2025 Reg H (Bo3)
|rated|
|rule|Species Clause: Limit one of each Pokémon
|rule|Item Clause: Limit 1 of each item
|clearpoke
|poke|p1|Weezing, L50, F|
|poke|p1|Kilowattrel, L50, M|
|poke|p1|Mamoswine, L50, F|
|poke|p1|Slaking, L50, F|
|poke|p1|Dondozo, L50, F|
|poke|p1|Tatsugiri-Droopy, L50, M|
|poke|p2|Scizor, L50, F|
|poke|p2|Talonflame, L50, F|
|poke|p2|Rillaboom, L50, F|
|poke|p2|Garchomp, L50, F|
|poke|p2|Kilowattrel, L50, M|
|poke|p2|Garganacl, L50, M|
|teampreview|4
|showteam|p1|Weezing||CovertCloak|NeutralizingGas|Protect,SludgeBomb,WillOWisp,ToxicSpikes|||F|||50|,,,,,Fairy]Kilowattrel||ChoiceSpecs|Competitive|AirSlash,Discharge,VoltSwitch,Thunderbolt|||M|||50|,,,,,Ghost]Mamoswine||FocusSash|Oblivious|HighHorsepower,IcicleCrash,IceShard,Protect|||F|||50|,,,,,Ghost]Slaking||LifeOrb|Truant|HighHorsepower,Protect,SuckerPunch,DoubleEdge|||F|||50|,,,,,Ghost]Dondozo||Leftovers|Unaware|Earthquake,Protect,Substitute,WaveCrash|||F|||50|,,,,,Ground]Tatsugiri-Droopy||AssaultVest|Commander|DracoMeteor,MirrorCoat,IcyWind,MuddyWater|||M|||50|,,,,,Steel
|showteam|p2|Scizor||LifeOrb|Technician|BulletPunch,BugBite,DualWingbeat,Protect|||F|||50|,,,,,Fire]Talonflame||CovertCloak|GaleWings|DualWingbeat,Tailwind,Taunt,FlareBlitz|||F|||50|,,,,,Flying]Rillaboom||AssaultVest|GrassySurge|FakeOut,GrassyGlide,Uturn,WoodHammer|||F|||50|,,,,,Fairy]Garchomp||ClearAmulet|RoughSkin|IronHead,Earthquake,DragonClaw,Protect|||F|||50|,,,,,Steel]Kilowattrel||FocusSash|Competitive|Discharge,AirSlash,Tailwind,Protect|||M|||50|,,,,,Fairy]Garganacl||Leftovers|PurifyingSalt|SaltCure,Recover,Protect,RockSlide|||M|||50|,,,,,Grass
|inactive|Battle timer is ON: inactive players will automatically lose when time's up. (requested by viatles)
|
|t:|1757630475
|teamsize|p1|4
|teamsize|p2|4
|start
|switch|p1a: Mamoswine|Mamoswine, L50, F|100/100
|switch|p1b: Kilowattrel|Kilowattrel, L50, M|100/100
|switch|p2a: Talonflame|Talonflame, L50, F|100/100
|switch|p2b: Garganacl|Garganacl, L50, M|100/100
|turn|1
|inactive|Notbad4first has 30 seconds left.
|inactive|viatles has 30 seconds left.
|
|t:|1757630502
|move|p2b: Garganacl|Protect|p2b: Garganacl
|-singleturn|p2b: Garganacl|Protect
|move|p2a: Talonflame|Dual Wingbeat|p1a: Mamoswine
|-damage|p1a: Mamoswine|84/100
|-damage|p1a: Mamoswine|66/100
|-hitcount|p1a: Mamoswine|2
|move|p1b: Kilowattrel|Volt Switch|p2a: Talonflame
|-supereffective|p2a: Talonflame
|-damage|p2a: Talonflame|0 fnt
|faint|p2a: Talonflame
|
|t:|1757630515
|switch|p1b: Dondozo|Dondozo, L50, F|100/100|[from] Volt Switch
|move|p1a: Mamoswine|High Horsepower|p2b: Garganacl
|-activate|p2b: Garganacl|move: Protect
|
|upkeep
|
|t:|1757630523
|switch|p2a: Scizor|Scizor, L50, F|100/100
|turn|2
|
|t:|1757630532
|-terastallize|p2b: Garganacl|Grass
|move|p2a: Scizor|Bullet Punch|p1a: Mamoswine
|-supereffective|p1a: Mamoswine
|-damage|p1a: Mamoswine|0 fnt
|faint|p1a: Mamoswine
|-damage|p2a: Scizor|91/100|[from] item: Life Orb
|move|p1b: Dondozo|Earthquake|p2b: Garganacl|[spread] p2a,p2b
|-resisted|p2b: Garganacl
|-damage|p2a: Scizor|65/100
|-damage|p2b: Garganacl|93/100
|move|p2b: Garganacl|Salt Cure|p1b: Dondozo
|-damage|p1b: Dondozo|91/100
|-start|p1b: Dondozo|Salt Cure
|
|-heal|p1b: Dondozo|97/100|[from] item: Leftovers
|-heal|p2b: Garganacl|99/100|[from] item: Leftovers
|-damage|p1b: Dondozo|73/100|[from] Salt Cure
|upkeep
|
|t:|1757630551
|switch|p1a: Tatsugiri|Tatsugiri-Droopy, L50, M|100/100
|-activate|p1a: Tatsugiri|ability: Commander|[of] p1b: Dondozo
|-boost|p1b: Dondozo|atk|2
|-boost|p1b: Dondozo|spa|2
|-boost|p1b: Dondozo|spe|2
|-boost|p1b: Dondozo|def|2
|-boost|p1b: Dondozo|spd|2
|turn|3
|
|t:|1757630566
|move|p2a: Scizor|Protect|p2a: Scizor
|-singleturn|p2a: Scizor|Protect
|move|p1b: Dondozo|Wave Crash|p2a: Scizor
|-activate|p2a: Scizor|move: Protect
|move|p2b: Garganacl|Rock Slide|p1b: Dondozo|[spread] p1b
|-miss|p2b: Garganacl|p1a: Tatsugiri
|-damage|p1b: Dondozo|66/100
|
|-heal|p1b: Dondozo|72/100|[from] item: Leftovers
|-heal|p2b: Garganacl|100/100|[from] item: Leftovers
|-damage|p1b: Dondozo|47/100|[from] Salt Cure
|upkeep
|turn|4
|inactive|viatles has 30 seconds left.
|inactive|viatles has 20 seconds left.
|
|t:|1757630602
|move|p1b: Dondozo|Wave Crash|p2a: Scizor
|-damage|p2a: Scizor|0 fnt
|faint|p2a: Scizor
|-damage|p1b: Dondozo|30/100|[from] Recoil
|move|p2b: Garganacl|Rock Slide|p1b: Dondozo|[spread] p1b
|-miss|p2b: Garganacl|p1a: Tatsugiri
|-damage|p1b: Dondozo|24/100
|
|-heal|p1b: Dondozo|30/100|[from] item: Leftovers
|-damage|p1b: Dondozo|5/100|[from] Salt Cure
|upkeep
|
|t:|1757630614
|switch|p2a: Garchomp|Garchomp, L50, F|100/100
|turn|5
|
|t:|1757630622
|move|p1b: Dondozo|Wave Crash|p2b: Garganacl
|-resisted|p2b: Garganacl
|-damage|p2b: Garganacl|65/100
|-damage|p1b: Dondozo|0 fnt|[from] Recoil
|faint|p1b: Dondozo
|move|p2a: Garchomp|Dragon Claw|p1a: Tatsugiri
|-supereffective|p1a: Tatsugiri
|-damage|p1a: Tatsugiri|0 fnt
|faint|p1a: Tatsugiri
|move|p2b: Garganacl|Salt Cure|p1: Tatsugiri|[notarget]
|-fail|p2b: Garganacl
|
|-heal|p2b: Garganacl|71/100|[from] item: Leftovers
|upkeep
|
|t:|1757630637
|switch|p1b: Kilowattrel|Kilowattrel, L50, M|100/100
|turn|6
|
|t:|1757630651
|-terastallize|p1b: Kilowattrel|Ghost
|move|p1b: Kilowattrel|Air Slash|p2b: Garganacl
|-supereffective|p2b: Garganacl
|-damage|p2b: Garganacl|4/100
|move|p2a: Garchomp|Dragon Claw|p1b: Kilowattrel
|-damage|p1b: Kilowattrel|22/100
|move|p2b: Garganacl|Salt Cure|p1b: Kilowattrel
|-damage|p1b: Kilowattrel|0 fnt
|faint|p1b: Kilowattrel
|
|win|viatles
|raw|Notbad4first's rating: 1009 → 1000(-9 for losing)
|raw|viatles's rating: 1017 → 1054(+37 for winning)
|l|☆Notbad4first
|player|p1|
|c|☆viatles|gg
