|j|☆Professor_J93
|j|☆elmono11
|html|Professor_J93elmono11    
|uhtml|bestof|Game 1 of a best-of-3
|t:|1785950027
|gametype|doubles
|player|p1|Professor_J93|n|1295
|player|p2|elmono11|1|1377
|gen|9
|tier|[Gen 9 Champions] VGC 2026 Reg M-B (Bo3)
|rated|
|rule|Species Clause: Limit one of each Pokémon
|rule|Item Clause: Limit 1 of each item
|clearpoke
|poke|p1|Raichu, L50, F, shiny|
|poke|p1|Vivillon-Ocean, L50, M, shiny|
|poke|p1|Primarina, L50, F|
|poke|p1|Farigiraf, L50, F, shiny|
|poke|p1|Lopunny, L50, F|
|poke|p1|Meowscarada, L50, M|
|poke|p2|Kingambit, L50, M|
|poke|p2|Sneasler, L50, M|
|poke|p2|Froslass, L50, F|
|poke|p2|Lycanroc-Dusk, L50, F|
|poke|p2|Basculegion, L50, M|
|poke|p2|Scovillain, L50, M|
|teampreview|4
|showteam|p1|Raichu||RaichuniteY|LightningRod|ZapCannon,FocusBlast,FakeOut,Protect|Modest||F|||50|]Vivillon-Ocean||FocusSash|CompoundEyes|Hurricane,Tailwind,SleepPowder,Protect|Timid||M|||50|]Primarina||Leftovers|LiquidVoice|HyperVoice,Moonblast,CalmMind,Protect|Modest||F|||50|]Farigiraf||SitrusBerry|ArmorTail|Psyshock,Roar,TrickRoom,HelpingHand|Relaxed||F|||50|]Lopunny||Lopunnite|Limber|CloseCombat,TripleAxel,FakeOut,Protect|Jolly||F|||50|]Meowscarada||LifeOrb|Overgrow|FlowerTrick,SuckerPunch,LowKick,Protect|Jolly||M|||50|
|showteam|p2|Kingambit||LifeOrb|Defiant|KowtowCleave,SuckerPunch,SwordsDance,Protect|Adamant||M|||50|]Sneasler||WhiteHerb|Unburden|FakeOut,CloseCombat,DireClaw,Protect|Adamant||M|||50|]Froslass||Froslassite|SnowCloak|Blizzard,ShadowBall,Thunderbolt,Protect|Timid||F|||50|]Lycanroc-Dusk||FocusSash|ToughClaws|CloseCombat,RockSlide,Accelerock,Protect|Adamant||F|||50|]Basculegion||MysticWater|Adaptability|LastRespects,AquaJet,WaveCrash,Protect|Adamant||M|||50|]Scovillain||Scovillainite|Moody|Overheat,GigaDrain,RagePowder,Protect|Bold||M|||50|
|inactive|Battle timer is ON: inactive players will automatically lose when time's up. (requested by elmono11)
|inactive|elmono11 has 60 seconds left.
|
|t:|1785950082
|teamsize|p1|4
|teamsize|p2|4
|start
|switch|p1a: Lopunny|Lopunny, L50, F|100/100
|switch|p1b: Maui|Vivillon-Ocean, L50, M, shiny|100/100
|switch|p2a: Froslass|Froslass, L50, F|100/100
|switch|p2b: Kingambit|Kingambit, L50, M|100/100
|turn|1
|
|t:|1785950107
|switch|p2b: Basculegion|Basculegion, L50, M|100/100
|detailschange|p1a: Lopunny|Lopunny-Mega, L50, F
|-mega|p1a: Lopunny|Lopunny|Lopunnite
|move|p2a: Froslass|Protect|p2a: Froslass
|-singleturn|p2a: Froslass|Protect
|move|p1a: Lopunny|Fake Out|p2a: Froslass
|-activate|p2a: Froslass|move: Protect
|move|p1b: Maui|Sleep Powder|p2b: Basculegion
|-status|p2b: Basculegion|slp|[from] move: Sleep Powder
|
|upkeep
|turn|2
|inactive|Professor_J93 has 30 seconds left.
|inactive|elmono11 has 30 seconds left.
|inactive|elmono11 has 20 seconds left.
|
|t:|1785950144
|switch|p2a: Sneasler|Sneasler, L50, M|100/100
|move|p1a: Lopunny|Close Combat|p2a: Sneasler
|-resisted|p2a: Sneasler|1
|-damage|p2a: Sneasler|61/100
|-unboost|p1a: Lopunny|def|1
|-unboost|p1a: Lopunny|spd|1
|move|p1b: Maui|Hurricane|p2b: Basculegion
|-damage|p2b: Basculegion|48/100 slp
|cant|p2b: Basculegion|slp
|
|upkeep
|turn|3
|inactive|elmono11 has 30 seconds left.
|inactive|elmono11 has 20 seconds left.
|inactive|elmono11 has 15 seconds left.
|inactive|elmono11 has 10 seconds left.
|
|t:|1785950193
|switch|p1b: Farigiraf|Farigiraf, L50, F, shiny|100/100
|move|p2a: Sneasler|Fake Out||[still]
|cant|p1b: Farigiraf|ability: Armor Tail|Fake Out|[of] p2a: Sneasler
|cant|p2b: Basculegion|slp
|move|p1a: Lopunny|Close Combat|p2b: Basculegion
|-damage|p2b: Basculegion|0 fnt
|-unboost|p1a: Lopunny|def|1
|-unboost|p1a: Lopunny|spd|1
|faint|p2b: Basculegion
|
|upkeep
|
|t:|1785950203
|switch|p2b: Froslass|Froslass, L50, F|100/100
|turn|4
|
|t:|1785950210
|detailschange|p2b: Froslass|Froslass-Mega, L50, F
|-mega|p2b: Froslass|Froslass|Froslassite
|-weather|Snowscape|[from] ability: Snow Warning|[of] p2b: Froslass
|move|p1a: Lopunny|Protect|p1a: Lopunny
|-singleturn|p1a: Lopunny|Protect
|move|p2b: Froslass|Blizzard|p1b: Farigiraf|[spread] p1b
|-activate|p1a: Lopunny|move: Protect
|-damage|p1b: Farigiraf|61/100
|move|p2a: Sneasler|Close Combat|p1b: Farigiraf
|-damage|p1b: Farigiraf|15/100
|-unboost|p2a: Sneasler|def|1
|-unboost|p2a: Sneasler|spd|1
|-enditem|p1b: Farigiraf|Sitrus Berry|[eat]
|-heal|p1b: Farigiraf|40/100|[from] item: Sitrus Berry
|-enditem|p2a: Sneasler|White Herb
|-clearnegativeboost|p2a: Sneasler|[silent]
|move|p1b: Farigiraf|Psyshock|p2a: Sneasler
|-supereffective|p2a: Sneasler|2
|-damage|p2a: Sneasler|0 fnt
|faint|p2a: Sneasler
|
|-weather|Snowscape|[upkeep]
|upkeep
|
|t:|1785950212
|switch|p2a: Kingambit|Kingambit, L50, M|100/100
|turn|5
|
|t:|1785950230
|move|p2b: Froslass|Protect|p2b: Froslass
|-singleturn|p2b: Froslass|Protect
|move|p1a: Lopunny|Close Combat|p2a: Kingambit
|-supereffective|p2a: Kingambit|2
|-damage|p2a: Kingambit|0 fnt
|-unboost|p1a: Lopunny|def|1
|-unboost|p1a: Lopunny|spd|1
|faint|p2a: Kingambit
|move|p1b: Farigiraf|Psyshock|p2b: Froslass
|-activate|p2b: Froslass|move: Protect
|
|-weather|Snowscape|[upkeep]
|upkeep
|turn|6
|-message|elmono11 forfeited.
|
|win|Professor_J93
